<mjloggm ver="2.3"><GO type="41" lobby="0"/><UN n0="%E6%B9%BF%E6%BA%90" n1="%E2%93%9D%53%75%70%68%78" n2="%77%69%6E%64" n3="%E6%A3%AE%E6%9E%97%E6%B5%B4" dan="14,18,13,13" rate="1928.40,2123.93,1817.53,1895.21" sx="M,M,M,M"/><TAIKYOKU oya="0"/><INIT seed="0,0,0,3,1,32" ten="250,250,250,250" oya="0" hai0="0,83,80,120,96,92,46,110,118,27,117,86,103" hai1="11,109,16,121,102,19,90,23,8,84,62,72,25" hai2="79,63,113,17,134,52,21,100,37,26,14,82,77" hai3="85,53,34,131,104,10,55,38,50,87,43,9,132"/><T70/><D70/><U112/><E121/><V106/><F26/><W61/><G34/><T126/><D120/><U6/><E72/><V99/><F37/><W1/><G104/><T108/><D126/><U78/><E109/><N who="0" m="42089" /><D46/><U69/><E78/><V44/><F134/><W36/><G50/><T54/><D54/><U119/><E102/><V89/><F113/><W20/><G20/><T5/><D27/><U91/><E119/><N who="0" m="45577" /><D0/><U13/><E112/><V93/><F82/><W94/><G61/><T101/><D5/><U128/><E128/><V18/><F18/><W67/><G67/><T75/><D75/><U39/><E39/><V124/><F124/><W133/><G43/><T60/><D60/><U111/><E111/><V81/><F81/><N who="0" m="31306" /><D86/><U116/><E116/><V41/><F41/><W7/><G7/><T74/><D74/><U3/><REACH who="1" step="1"/><E84/><REACH who="1" ten="250,240,250,250" step="2"/><V15/><F77/><W130/><G130/><T56/><D56/><U114/><E114/><V105/><F79/><W24/><G131/><T88/><AGARI ba="0,1" hai="88,92,96,101,103" m="31306,45577,42089" machi="88" ten="40,12000,1" yaku="14,1,10,1,34,2,54,1" doraHai="32" who="0" fromWho="0" sc="250,130,240,-40,250,-40,250,-40" /><INIT seed="0,1,0,2,0,22" ten="380,200,210,210" oya="0" hai0="24,36,1,37,62,8,38,52,32,57,44,91,4" hai1="75,66,134,64,31,15,50,21,16,68,87,86,26" hai2="55,78,115,71,123,43,51,128,131,25,80,133,77" hai3="98,20,41,48,103,12,67,94,40,19,3,104,28"/><T119/><D119/><U7/><E75/><V110/><F71/><W126/><G3/><T117/><D117/><U106/><E106/><V58/><F115/><W34/><G126/><T0/><D0/><U130/><E134/><V99/><F133/><W56/><G104/><T6/><D6/><U108/><E108/><V96/><F110/><W82/><G82/><T23/><D32/><U49/><E130/><V39/><F123/><W76/><G76/><T79/><D91/><U27/><E68/><V63/><F78/><W118/><G118/><T59/><D79/><U14/><E7/><V122/><F122/><W18/><G18/><T127/><D59/><U35/><E15/><V54/><F43/><W85/><G85/><N who="1" m="32266" /><E35/><V42/><F42/><W45/><G41/><T84/><D84/><U120/><E31/><V33/><F39/><W89/><G34/><T70/><D70/><U113/><E113/><V111/><F111/><W105/><G28/><T116/><D116/><U92/><E92/><V46/><F131/><W100/><REACH who="3" step="1"/><G105/><REACH who="3" ten="380,200,210,200" step="2"/><T129/><D127/><U11/><E120/><V135/><F128/><W109/><G109/><T17/><D129/><U13/><E13/><V47/><F135/><W9/><G9/><T81/><REACH who="0" step="1"/><D81/><REACH who="0" ten="370,200,210,200" step="2"/><U124/><E124/><V121/><F121/><W69/><G69/><T60/><D60/><AGARI ba="1,2" hai="12,19,20,40,45,48,56,60,67,89,94,98,100,103" machi="60" ten="40,2600,0" yaku="1,1,8,1,53,0" doraHai="22" doraHaiUra="30" who="3" fromWho="0" sc="370,-29,200,0,210,0,200,49" /><INIT seed="1,0,0,3,0,59" ten="341,200,210,249" oya="1" hai0="61,51,81,84,76,116,82,68,46,89,125,88,131" hai1="9,48,118,90,27,11,94,135,104,109,47,32,115" hai2="53,55,26,18,98,83,19,101,117,110,5,12,3" hai3="123,49,80,38,124,0,36,87,129,16,75,24,29"/><U50/><E115/><V45/><F117/><W107/><G123/><T72/><D116/><U43/><E118/><V93/><F110/><W99/><G75/><T71/><D61/><U127/><E104/><V60/><F3/><W85/><G0/><T42/><D131/><U70/><E135/><V121/><F121/><W74/><G74/><T78/><D125/><U103/><E103/><V73/><F5/><W7/><G7/><T64/><D64/><U21/><E32/><V20/><F73/><W120/><G120/><T119/><D119/><U33/><E33/><V105/><F105/><W54/><G124/><T130/><REACH who="0" step="1"/><D130/><REACH who="0" ten="331,200,210,249" step="2"/><U122/><E127/><V100/><F60/><W30/><G129/><T112/><D112/><U35/><E122/><V1/><F55/><W69/><G69/><AGARI ba="0,1" hai="42,46,51,68,69,71,72,76,78,81,82,84,88,89" machi="69" ten="40,2600,0" yaku="1,1,54,1,53,0" doraHai="59" doraHaiUra="31" who="0" fromWho="3" sc="331,36,200,0,210,0,249,-26" /><INIT seed="2,0,0,3,0,121" ten="367,200,210,223" oya="2" hai0="40,26,51,133,84,12,80,72,109,134,108,78,71" hai1="107,70,14,77,128,33,103,124,10,24,85,102,1" hai2="36,99,112,15,54,94,39,27,126,18,47,37,0" hai3="79,20,50,125,46,127,2,131,114,87,96,48,90"/><V98/><F0/><W60/><G131/><T86/><D71/><U120/><E124/><N who="3" m="47690" /><G2/><T25/><D12/><U118/><E118/><V92/><F112/><W52/><G114/><T22/><D51/><U66/><E1/><V23/><F126/><W82/><G20/><T93/><D40/><U58/><E107/><V81/><F81/><W105/><G46/><T32/><D32/><U57/><E70/><V59/><F47/><W64/><G52/><T104/><D104/><U63/><E120/><V3/><F3/><W74/><G96/><T13/><D13/><U9/><E33/><V6/><F99/><W44/><G44/><T106/><D106/><U53/><E24/><V11/><REACH who="2" step="1"/><F98/><REACH who="2" ten="367,200,200,223" step="2"/><W130/><G130/><T38/><D38/><U83/><E128/><V16/><F16/><W43/><G105/><T31/><D26/><U4/><REACH who="1" step="1"/><E10/><REACH who="1" ten="367,190,200,223" step="2"/><V41/><F41/><W29/><G43/><T69/><D69/><U117/><E117/><V35/><F35/><W45/><G82/><T129/><D129/><U100/><E100/><V34/><F34/><W7/><G7/><T8/><D8/><U88/><E88/><V101/><F101/><W67/><G90/><N who="0" m="53447" /><D72/><U68/><E68/><V5/><F5/><W89/><G74/><T122/><D122/><U56/><E56/><V21/><F21/><W113/><G113/><T135/><AGARI ba="0,2" hai="22,25,31,78,80,86,108,109,133,134,135" m="53447" machi="135" ten="40,5200,0" yaku="20,1,52,2" doraHai="121" who="0" fromWho="0" sc="367,72,190,-13,200,-26,223,-13" /><INIT seed="3,0,0,0,2,78" ten="439,177,174,210" oya="3" hai0="88,5,20,127,48,72,126,124,80,86,129,7,66" hai1="16,58,50,69,61,55,40,132,120,12,63,41,71" hai2="106,49,110,18,96,0,123,47,32,114,67,31,98" hai3="134,85,94,62,135,43,14,10,35,34,89,93,99"/><W57/><G43/><N who="1" m="16458" /><E12/><V29/><F0/><W109/><G109/><T116/><D116/><U13/><E16/><V9/><F114/><W74/><G74/><T54/><D129/><U70/><E13/><V112/><F112/><W92/><G92/><T73/><D66/><N who="1" m="41167" /><E132/><N who="3" m="50730" /><G57/><N who="0" m="32967" /><D20/><U37/><E120/><V104/><F67/><W65/><G62/><T111/><D111/><U46/><E37/><V27/><F31/><W59/><G59/><T79/><D79/><U125/><E125/><V115/><F115/><W2/><G65/><AGARI ba="0,0" hai="46,50,55,58,63,65,70,71" m="41167,16458" machi="65" ten="30,8000,1" yaku="35,5" doraHai="78" who="1" fromWho="3" sc="439,0,177,80,174,0,210,-80" /><INIT seed="4,0,0,3,2,37" ten="439,257,174,130" oya="0" hai0="112,26,13,0,48,130,44,93,89,30,80,21,85" hai1="121,8,31,88,17,5,78,75,134,23,3,20,124" hai2="127,103,14,98,117,49,29,38,64,118,68,25,19" hai3="51,102,135,81,120,69,110,91,41,76,104,32,63"/><T4/><D112/><U35/><E78/><V123/><F38/><W24/><G110/><T53/><D0/><U83/><E75/><V56/><F127/><W109/><G109/><T45/><D130/><U129/><E83/><V36/><F36/><W57/><G135/><T62/><D62/><U100/><E100/><V87/><F123/><W94/><G120/><T11/><REACH who="0" step="1"/><D45/><REACH who="0" ten="429,257,174,130" step="2"/><U132/><E129/><V111/><F111/><W90/><G63/><T18/><D18/><U92/><E121/><V84/><F19/><W99/><G69/><T22/><D22/><U125/><E23/><V58/><F68/><W27/><G32/><T115/><D115/><U66/><E17/><V108/><F108/><W122/><G122/><T12/><D12/><U65/><E35/><V74/><F14/><W2/><G2/><T50/><D50/><U79/><E125/><V106/><F49/><W86/><G57/><T128/><D128/><U116/><E124/><V107/><F58/><W95/><G51/><T67/><D67/><U60/><E66/><V16/><F16/><W77/><G24/><T126/><D126/><U101/><E65/><V10/><F56/><W52/><G27/><T61/><D61/><U15/><E60/><V55/><F64/><W73/><G73/><T82/><AGARI ba="0,1" hai="4,11,13,21,26,30,44,48,53,80,82,85,89,93" machi="82" ten="30,11700,0" yaku="1,1,0,1,8,1,53,1" doraHai="37" doraHaiUra="40" who="0" fromWho="0" sc="429,127,257,-39,174,-39,130,-39" /><INIT seed="4,1,0,0,1,4" ten="556,218,135,91" oya="0" hai0="79,83,57,24,32,5,110,95,85,16,76,129,91" hai1="89,88,7,41,128,17,33,50,20,107,80,53,71" hai2="104,99,100,21,39,93,58,77,135,68,86,108,18" hai3="87,118,127,45,48,10,78,8,123,74,29,133,119"/><T6/><D110/><U120/><E120/><V113/><F68/><W23/><G74/><T67/><D129/><U132/><E107/><V81/><F39/><W34/><G34/><T94/><D32/><U96/><E132/><V25/><F108/><W56/><G56/><T122/><D122/><U14/><E71/><V102/><F135/><W125/><G123/><T27/><D57/><U0/><E41/><V65/><F113/><W103/><G133/><T11/><D67/><U75/><E96/><V9/><F104/><W62/><G62/><T26/><D5/><U44/><E33/><V92/><F92/><N who="0" m="35370" /><D6/><U97/><E97/><V1/><F1/><W36/><G36/><T12/><AGARI ba="1,0" hai="11,12,16,24,26,27,76,79,83,85,91" m="35370" machi="12" ten="30,6000,0" yaku="8,1,52,1,54,1" doraHai="4" who="0" fromWho="0" sc="556,63,218,-21,135,-21,91,-21" /><INIT seed="4,2,0,2,5,79" ten="619,197,114,70" oya="0" hai0="89,117,133,114,20,40,0,103,29,24,82,130,64" hai1="77,99,78,119,16,63,37,71,2,45,83,135,100" hai2="86,70,13,17,44,68,131,8,32,18,72,118,126" hai3="42,67,132,93,5,26,112,19,128,121,85,106,6"/><T90/><D117/><U123/><E2/><V61/><F72/><W96/><G112/><T43/><D0/><U28/><E123/><V46/><F32/><W54/><G106/><T98/><D114/><U30/><E78/><V74/><F74/><W134/><G128/><T122/><D122/><U41/><E135/><N who="3" m="51754" /><G121/><T57/><D133/><U104/><E119/><V35/><F35/><W109/><G109/><T52/><D130/><U108/><E108/><V10/><F131/><W81/><G67/><T94/><D64/><U25/><E63/><V3/><F118/><W1/><G42/><N who="0" m="15915" /><D82/><U125/><E125/><V4/><F126/><W50/><G93/><T88/><D90/><U39/><E71/><V91/><F18/><W92/><G92/><T22/><D20/><U115/><E39/><V60/><F70/><W95/><G95/><T31/><D31/><U56/><E115/><V107/><F107/><W111/><G96/><T73/><D73/><U66/><E66/><V12/><F3/><W76/><G1/><T80/><D80/><U53/><E104/><V105/><F105/><W33/><G111/><T55/><D55/><U102/><E99/><V127/><F127/><W59/><G33/><T124/><D124/><U62/><E102/><V27/><F68/><W65/><G65/><T110/><D110/><U15/><E100/><V58/><F91/><W84/><G84/><T21/><D21/><AGARI ba="2,0" hai="5,6,19,21,26,50,54,59,76,81,85" m="51754" machi="21" ten="30,2000,0" yaku="20,1,52,1" doraHai="79" who="3" fromWho="0" sc="619,-26,197,0,114,0,70,26" /><INIT seed="5,0,0,3,5,57" ten="593,197,114,96" oya="1" hai0="127,122,59,118,79,99,94,130,87,131,32,38,109" hai1="78,69,103,39,74,90,111,11,97,125,115,51,9" hai2="36,121,24,96,102,23,83,2,70,63,123,65,117" hai3="105,92,72,16,48,75,15,20,50,66,77,112,82"/><U28/><E39/><V26/><F117/><W7/><G112/><T100/><D59/><U46/><E125/><V54/><F2/><W49/><G105/><T37/><D79/><U114/><E90/><V0/><F0/><W1/><G66/><T53/><D53/><U31/><E69/><V42/><F26/><W81/><G92/><T25/><D25/><U126/><E111/><V52/><F121/><W6/><REACH who="3" step="1"/><G1/><REACH who="3" ten="593,197,114,86" step="2"/><T80/><D131/><U17/><E115/><V61/><F123/><W8/><G8/><T40/><D130/><U133/><E11/><V95/><F65/><W55/><G55/><T124/><D40/><U120/><E9/><V116/><F116/><W88/><G88/><T84/><D118/><U89/><E89/><V62/><F70/><W135/><G135/><T76/><D122/><U108/><E133/><V93/><F93/><W30/><G30/><T19/><D109/><U106/><E31/><V98/><F83/><W58/><G58/><T129/><D129/><U12/><E28/><N who="2" m="17439" /><F42/><W29/><G29/><T71/><D71/><U132/><E132/><V33/><F33/><W45/><G45/><T21/><D94/><U119/><E119/><V34/><F34/><W67/><G67/><T35/><D32/><U113/><E113/><V10/><F10/><W64/><G64/><T110/><D35/><U134/><E134/><V128/><F128/><W13/><G13/><T18/><D110/><U101/><E108/><V44/><F44/><W3/><G3/><T43/><D127/><U22/><E114/><V27/><F54/><W14/><G14/><RYUUKYOKU ba="0,1" sc="593,-10,197,-10,114,-10,86,30" hai3="6,7,15,16,20,48,49,50,72,75,77,81,82" /><INIT seed="6,1,1,3,5,9" ten="583,187,104,116" oya="2" hai0="70,71,56,18,11,3,34,49,15,29,79,78,35" hai1="68,46,42,107,23,36,8,45,19,67,63,128,41" hai2="66,91,105,2,17,22,60,122,81,55,43,73,38" hai3="126,21,118,7,54,93,129,108,61,85,20,113,28"/><V58/><F122/><W1/><G108/><T121/><D121/><U96/><E128/><V76/><F2/><W44/><G118/><T95/><D71/><U123/><E123/><V0/><F0/><W5/><G1/><T101/><D70/><U27/><E8/><V30/><F30/><W52/><G126/><T130/><D130/><U13/><E96/><V83/><F105/><W135/><G135/><T14/><D3/><U131/><E131/><V53/><F43/><W114/><G129/><T72/><D72/><U74/><E74/><V132/><F38/><W120/><G120/><T39/><D39/><U116/><E107/><V119/><F132/><W97/><G85/><T47/><D29/><U106/><E106/><V103/><F103/><W16/><G28/><T115/><D115/><N who="3" m="44041" /><G61/><T69/><D69/><U4/><E116/><V125/><F125/><W32/><G21/><N who="0" m="11479" /><D56/><U92/><E68/><V117/><F53/><N who="3" m="20587" /><G44/><T25/><D25/><U31/><E46/><V26/><REACH who="2" step="1"/><F55/><REACH who="2" ten="583,187,94,116" step="2"/><W90/><G32/><T64/><D35/><U99/><E36/><V77/><F77/><W102/><G102/><T88/><D34/><U50/><E31/><V62/><F62/><W104/><G104/><T33/><D33/><U75/><E63/><V82/><F82/><W10/><G10/><T112/><D101/><U110/><E42/><V109/><F109/><W124/><G124/><T127/><D112/><U134/><E110/><V57/><F57/><W12/><AGARI ba="1,2" hai="5,7,12,16,20,90,93,97" m="20587,44041" machi="12" ten="30,8000,1" yaku="15,1,11,1,52,1,54,2" doraHai="9" who="3" fromWho="3" sc="583,-21,187,-21,94,-41,116,103" /><INIT seed="7,0,0,0,2,27" ten="562,166,53,219" oya="3" hai0="64,30,14,23,38,70,18,97,129,33,119,84,65" hai1="118,135,76,15,69,39,48,40,25,59,93,103,127" hai2="44,24,54,0,77,45,16,126,130,66,120,2,55" hai3="81,26,116,102,132,34,67,47,74,31,58,1,85"/><W87/><G116/><T98/><D119/><U131/><E131/><V21/><F130/><W51/><G102/><T124/><D38/><U114/><E135/><V89/><F126/><W99/><G132/><T57/><D124/><U53/><E114/><V88/><F77/><W86/><G1/><T9/><D33/><U19/><E69/><V82/><F66/><N who="0" m="25706" /><D70/><U17/><E40/><V134/><F134/><W133/><G99/><T75/><D75/><U107/><E107/><V117/><F117/><W46/><G31/><T92/><D57/><U5/><E39/><V37/><F37/><W80/><G80/><T42/><D42/><U72/><E72/><V94/><F120/><W71/><G26/><N who="0" m="16735" /><D129/><U43/><E43/><V6/><F6/><W123/><G85/><T11/><D9/><U109/><E127/><V113/><F113/><W20/><G20/><T63/><D63/><U100/><E118/><V8/><F8/><W128/><G71/><T62/><D62/><U101/><E48/><V125/><F125/><W7/><G51/><T108/><D108/><U112/><E109/><V10/><F10/><W56/><G133/><T105/><D105/><U115/><E115/><V79/><F0/><W35/><G128/><T91/><AGARI ba="0,0" hai="11,14,18,84,91,92,97,98" m="16735,25706" machi="91" ten="30,2000,0" yaku="8,1,52,1" doraHai="27" who="0" fromWho="0" sc="562,20,166,-5,53,-5,219,-10" owari="582,68.0,161,-24.0,48,-45.0,209,1.0" /></mjloggm>