<mjloggm ver="2.3"><GO type="41" lobby="0"/><UN n0="%E2%93%9D%4E%41%47%41%32%35" n1="%E3%81%84%E3%83%BC%E3%81%AF%E3%82%93" n2="%E2%93%9D%53%75%70%68%78" n3="%E3%81%BE%E3%81%97%E3%82%85%E3%81%8B%E3%82%8F%E5%85%88%E7%94%9F" dan="18,15,19,13" rate="2125.58,2001.93,2205.88,1841.15" sx="F,M,M,F"/><TAIKYOKU oya="0"/><INIT seed="0,0,0,5,5,0" ten="250,250,250,250" oya="0" hai0="132,39,2,63,95,87,74,113,61,120,11,129,78" hai1="46,73,23,88,35,85,37,17,28,22,7,60,26" hai2="103,104,109,112,119,114,84,64,31,69,110,82,16" hai3="30,70,67,93,56,127,20,94,34,6,71,15,89"/><T76/><BYE who="1" /><D113/><UN n1="%E3%81%84%E3%83%BC%E3%81%AF%E3%82%93" /><U13/><E73/><V66/><F31/><W4/><G34/><T49/><D120/><U105/><E105/><V108/><F119/><W135/><G71/><T122/><D122/><U24/><E60/><V40/><F40/><W117/><G70/><T83/><D129/><U96/><E96/><N who="2" m="61543" /><F69/><W12/><G117/><T52/><D39/><U116/><E116/><V59/><F59/><W111/><G111/><T44/><D132/><U131/><E131/><V42/><F42/><W57/><G127/><T45/><D45/><U53/><E37/><V97/><F16/><W72/><G72/><T8/><D8/><U80/><E7/><N who="3" m="2602" /><G135/><T38/><D38/><U50/><REACH who="1" step="1"/><E26/><REACH who="1" ten="250,240,250,250" step="2"/><V9/><F114/><W54/><G67/><T125/><D74/><U51/><E51/><V55/><F66/><W134/><G134/><T98/><D125/><U5/><E5/><V133/><F64/><W33/><G33/><AGARI ba="0,1" hai="13,17,22,23,24,28,33,35,46,50,53,80,85,88" machi="33" ten="40,5200,0" yaku="1,1,54,1,53,1" doraHai="0" doraHaiUra="25" who="1" fromWho="3" sc="250,0,240,62,250,0,250,-52" /><INIT seed="1,0,0,5,2,36" ten="250,302,250,198" oya="1" hai0="130,62,131,129,82,50,114,74,0,2,63,1,45" hai1="37,54,126,85,33,16,41,72,106,6,43,87,42" hai2="27,68,51,92,23,119,25,91,13,39,83,14,20" hai3="58,48,84,135,132,102,5,26,107,10,123,128,100"/><U52/><E72/><V110/><F39/><W99/><G100/><T11/><D114/><U133/><E106/><V24/><F68/><W32/><G123/><T104/><D104/><U28/><E6/><V94/><F110/><W96/><G96/><T59/><D11/><U81/><E126/><V12/><F119/><W71/><G71/><T9/><D9/><U61/><E37/><V113/><F113/><W4/><G128/><T80/><D74/><U65/><E133/><V49/><F83/><N who="0" m="31786" /><D59/><N who="1" m="37055" /><E28/><V66/><F66/><W40/><G84/><N who="1" m="32330" /><E33/><V108/><F108/><W55/><G32/><T111/><D111/><U105/><E105/><V76/><F76/><W64/><G64/><T69/><D69/><U88/><E88/><V124/><F124/><W18/><G40/><AGARI ba="0,0" hai="0,1,2,40,45,50,62,63,129,130,131" m="31786" machi="40" ten="40,2600,0" yaku="19,1,52,1" doraHai="36" who="0" fromWho="3" sc="250,26,302,0,250,0,198,-26" /><INIT seed="2,0,0,5,5,133" ten="276,302,250,172" oya="2" hai0="35,122,127,12,20,37,78,42,116,59,0,124,70" hai1="76,120,56,34,30,121,7,108,5,46,107,129,50" hai2="114,31,36,41,60,43,65,105,15,22,49,98,106" hai3="94,38,92,54,104,115,102,66,135,75,113,130,18"/><V53/><F114/><W47/><G75/><T111/><D122/><N who="1" m="47211" /><E108/><V19/><F36/><W93/><G66/><T44/><D35/><U110/><E110/><V1/><F1/><W72/><G72/><T14/><D111/><U16/><E107/><V4/><F4/><W40/><G135/><T82/><D70/><U8/><E76/><V6/><F6/><W10/><G130/><T33/><D33/><U119/><E119/><V131/><F31/><W81/><G81/><T21/><D0/><U125/><E56/><V68/><F131/><W27/><G54/><T74/><D116/><U39/><E39/><V109/><F109/><W89/><G104/><T71/><D71/><U88/><E125/><N who="0" m="48201" /><D59/><U85/><E30/><V123/><F106/><W48/><G102/><T25/><D21/><U128/><E34/><V26/><F123/><W90/><G38/><T61/><D61/><U79/><E129/><V83/><F60/><W84/><G84/><T73/><D73/><U62/><E62/><V97/><F68/><W29/><G10/><T55/><D55/><U57/><E57/><V11/><F53/><W95/><N who="3" m="23552" /><DORA hai="103" /><W100/><G100/><T134/><D134/><U13/><E128/><V52/><F65/><W2/><G2/><T58/><D58/><U9/><E8/><V112/><F11/><W86/><G86/><T96/><D96/><U45/><E45/><V69/><F98/><W23/><REACH who="3" step="1"/><G29/><AGARI ba="0,0" hai="12,14,20,25,29,37,42,44,74,78,82" m="48201" machi="29" ten="30,7700,0" yaku="18,1,52,3" doraHai="133,103" who="0" fromWho="3" sc="276,77,302,0,250,0,172,-77" /><INIT seed="3,0,0,2,5,48" ten="353,302,250,95" oya="3" hai0="51,36,6,78,119,114,108,84,27,134,93,111,107" hai1="41,61,50,56,34,82,102,120,44,80,79,101,86" hai2="39,106,35,21,116,1,54,112,32,23,16,49,4" hai3="31,40,95,115,117,59,96,10,97,19,87,8,0"/><W53/><G115/><T76/><D36/><U33/><E120/><V29/><F106/><W18/><G117/><T5/><D107/><U110/><E110/><N who="0" m="42025" /><D119/><U2/><E2/><V58/><F116/><W63/><G40/><T83/><D134/><U104/><E82/><V9/><F39/><W131/><G131/><T17/><D114/><U109/><E109/><V125/><F125/><W67/><G31/><T57/><D78/><U65/><REACH who="1" step="1"/><E104/><REACH who="1" ten="353,292,250,95" step="2"/><V103/><F112/><W20/><G0/><T62/><D93/><U133/><E133/><V47/><F103/><AGARI ba="0,1" hai="33,34,41,44,50,56,61,65,79,80,86,101,102,103" machi="103" ten="40,1300,0" yaku="1,1,53,0" doraHai="48" doraHaiUra="92" who="1" fromWho="2" sc="353,0,292,23,250,-13,95,0" /><INIT seed="4,0,0,0,1,34" ten="353,315,237,95" oya="0" hai0="78,10,108,7,9,134,68,125,59,110,39,2,77" hai1="100,70,71,120,122,47,61,135,32,116,63,17,54" hai2="55,97,113,81,11,131,111,130,50,72,87,26,127" hai3="44,92,109,118,96,128,117,4,94,42,1,86,62"/><T73/><D68/><U52/><E32/><V101/><F26/><W0/><G109/><N who="0" m="42091" /><D39/><U121/><E100/><V67/><F111/><W115/><G115/><T22/><D134/><U19/><E135/><V83/><F67/><W24/><G24/><T45/><D45/><U106/><E106/><V82/><F11/><W58/><G128/><N who="2" m="49193" /><F127/><W123/><G4/><N who="0" m="1175" /><D73/><U3/><E3/><V12/><F12/><W66/><G123/><T49/><D22/><U98/><E116/><V107/><F113/><W114/><G114/><T132/><D125/><U88/><E47/><N who="2" m="28127" /><F72/><W5/><G5/><T33/><D33/><U46/><E46/><V16/><F16/><W30/><G30/><T104/><D104/><U56/><E71/><V79/><AGARI ba="0,0" hai="79,81,82,83,87,97,101,107" m="28127,49193" machi="79" ten="30,1100,0" yaku="19,1" doraHai="34" who="2" fromWho="2" sc="353,-5,315,-3,237,11,95,-3" /><INIT seed="5,0,0,5,1,16" ten="348,312,248,92" oya="1" hai0="1,25,3,68,4,108,131,78,64,107,117,20,14" hai1="126,83,109,87,45,86,122,111,115,134,0,77,37" hai2="105,90,70,50,79,24,120,75,116,2,135,22,128" hai3="32,56,41,95,46,8,71,93,67,29,7,110,72"/><U81/><E0/><V33/><RYUUKYOKU type="yao9" ba="0,0" sc="348,0,312,0,248,0,92,0" hai2="2,22,24,33,50,70,75,79,90,105,116,120,128,135" /><INIT seed="5,1,0,1,4,36" ten="348,312,248,92" oya="1" hai0="118,70,73,48,82,89,121,104,113,132,106,103,96" hai1="24,95,67,101,17,0,18,50,54,124,10,42,133" hai2="88,61,127,55,97,78,35,66,64,27,128,126,107" hai3="130,33,41,105,8,59,40,20,63,44,37,80,65"/><U83/><E124/><N who="2" m="47659" /><F78/><W4/><G105/><N who="0" m="63719" /><D48/><U13/><E0/><V119/><F119/><W7/><G33/><T57/><D57/><U58/><E133/><V72/><F72/><W60/><G130/><T75/><D70/><U14/><E24/><V84/><F128/><W51/><G63/><T32/><D32/><U120/><E83/><N who="2" m="49183" /><F97/><W71/><G80/><T93/><D118/><U99/><E120/><V81/><F107/><N who="0" m="41002" /><D113/><U2/><E2/><V12/><F12/><W15/><G20/><T69/><D69/><U25/><E25/><V62/><F81/><W135/><G135/><T79/><D132/><U90/><E67/><N who="2" m="25643" /><F55/><W22/><G22/><T134/><D134/><U19/><E101/><V49/><F49/><W11/><G71/><T116/><D116/><U9/><REACH who="1" step="1"/><E42/><REACH who="1" ten="348,302,248,92" step="2"/><V3/><F3/><W108/><G108/><T111/><D111/><U34/><E34/><V43/><F43/><N who="3" m="24991" /><G37/><T86/><D121/><U115/><E115/><V122/><F122/><W109/><G109/><T30/><D30/><AGARI ba="1,1" hai="27,30,35,61,62" m="25643,49183,47659" machi="30" ten="30,2000,0" yaku="18,1,54,1" doraHai="36" who="2" fromWho="0" sc="348,-23,302,0,248,33,92,0" /><INIT seed="6,0,0,3,4,67" ten="325,302,281,92" oya="2" hai0="72,130,4,134,77,131,83,120,92,132,60,96,113" hai1="74,53,121,5,122,40,64,94,65,90,16,78,135" hai2="110,116,82,115,112,106,50,15,133,108,75,102,66" hai3="70,52,103,10,58,62,13,117,54,30,85,100,1"/><V43/><F15/><W35/><G1/><T41/><D41/><U114/><E114/><N who="2" m="43563" /><F50/><W59/><G70/><T61/><D4/><U107/><E107/><V51/><F51/><W123/><G123/><N who="1" m="47114" /><E5/><V21/><F21/><W55/><G117/><T127/><D120/><U26/><E40/><V81/><F43/><W104/><G85/><T88/><D113/><U97/><E135/><N who="0" m="51753" /><D127/><U87/><E53/><V36/><F66/><W84/><G84/><T28/><D28/><U38/><E38/><V24/><F24/><W91/><G91/><T119/><D119/><U25/><E25/><V101/><F36/><W69/><G69/><T46/><D46/><U79/><E74/><V6/><F6/><W27/><G104/><T33/><D33/><U126/><E126/><V23/><F133/><W111/><G111/><N who="2" m="42537" /><F116/><W99/><G99/><T44/><D44/><U18/><E97/><N who="2" m="61743" /><F23/><W48/><REACH who="3" step="1"/><G55/><REACH who="3" ten="325,302,281,82" step="2"/><T86/><D96/><U0/><E0/><V32/><F75/><W49/><G49/><T7/><D7/><AGARI ba="0,1" hai="7,10,13,27,30,35,48,52,54,58,59,62,100,103" machi="7" ten="30,7700,0" yaku="1,1,7,1,54,1,53,1" doraHai="67" doraHaiUra="29" who="3" fromWho="0" sc="325,-77,302,0,281,0,82,87" /><INIT seed="7,0,0,2,5,135" ten="248,302,281,169" oya="3" hai0="28,1,12,118,113,63,75,85,106,24,99,124,105" hai1="78,49,93,114,26,80,123,117,51,100,121,119,16" hai2="7,89,134,62,70,96,67,129,31,53,48,35,65" hai3="25,103,109,52,41,36,9,17,43,71,102,130,18"/><W39/><G71/><T64/><D1/><U44/><E114/><V132/><F67/><W116/><G116/><N who="1" m="44618" /><E93/><V46/><F7/><W94/><G130/><T55/><D75/><U92/><E92/><V110/><F110/><W84/><G109/><T86/><D55/><U115/><E100/><N who="3" m="38442" /><G39/><T38/><D12/><U127/><E127/><V101/><F129/><W88/><G36/><T91/><D63/><U76/><E115/><V0/><F0/><W37/><G37/><T20/><D86/><N who="1" m="48391" /><E78/><V108/><F108/><W23/><G52/><T40/><D20/><N who="1" m="13575" /><E49/><V5/><F134/><W50/><G50/><T95/><D40/><AGARI ba="0,0" hai="40,44,51,121,123" m="13575,48391,44618" machi="40" ten="30,2000,0" yaku="12,1,54,1" doraHai="135" who="1" fromWho="0" sc="248,-20,302,20,281,0,169,0" owari="228,-17.0,322,42.0,281,8.0,169,-33.0" /></mjloggm>