<mjloggm ver="2.3"><GO type="41" lobby="0"/><UN n0="%E9%9A%A0%E6%A3%B2" n1="%E3%81%A6%E3%82%8A%E3%81%86%E3%82%80" n2="%E2%93%9D%53%75%70%68%78" n3="%49%6D%46%6F%72%6D%69%6E" dan="16,13,19,13" rate="2020.50,2086.22,2150.48,1825.31" sx="M,M,M,M"/><TAIKYOKU oya="0"/><INIT seed="0,0,0,5,4,103" ten="250,250,250,250" oya="0" hai0="76,51,21,40,124,34,78,64,114,117,67,43,56" hai1="52,59,92,132,105,127,79,62,63,112,69,81,46" hai2="98,39,101,110,31,44,100,118,116,17,37,9,27" hai3="54,35,88,6,68,84,85,24,109,19,32,95,131"/><T83/><D114/><U14/><E112/><V26/><F110/><W45/><G109/><T89/><D34/><U126/><E92/><V90/><F90/><W134/><G68/><T128/><D128/><U130/><E130/><V29/><F9/><W106/><G106/><T15/><D124/><N who="1" m="47659" /><E105/><V65/><F17/><W70/><G70/><T119/><D119/><U57/><E14/><V97/><REACH who="2" step="1"/><F44/><REACH who="2" ten="250,250,240,250" step="2"/><W133/><G131/><T2/><D89/><U50/><E46/><V104/><F104/><W115/><G115/><T48/><D117/><U41/><E132/><N who="3" m="50794" /><G6/><T36/><D78/><U38/><E79/><V25/><F25/><W16/><G45/><T5/><D76/><U30/><E30/><V0/><F0/><W123/><G123/><T125/><D2/><U60/><E69/><V86/><F86/><W61/><G85/><T99/><D5/><U111/><E111/><V10/><F10/><W58/><G19/><T129/><D125/><U47/><E81/><V33/><F33/><W53/><G35/><T113/><D83/><U13/><E13/><V1/><F1/><W49/><G32/><T94/><D129/><U107/><E107/><V22/><F22/><N who="3" m="13383" /><G49/><N who="0" m="19019" /><D113/><U42/><E38/><V75/><F75/><W120/><G120/><T135/><D36/><U28/><E28/><V71/><F71/><W122/><G122/><T11/><D135/><U74/><E74/><V73/><F73/><W93/><G93/><T72/><D72/><U4/><E4/><V82/><F82/><W96/><G84/><T3/><D21/><U80/><E80/><V20/><F20/><RYUUKYOKU ba="0,1" sc="250,-30,250,10,240,10,250,10" hai1="41,42,47,50,52,57,59,60,62,63" hai2="26,27,29,31,37,39,65,97,98,100,101,116,118" hai3="53,54,58,61,88,95,96" /><INIT seed="1,1,1,3,4,28" ten="220,260,250,260" oya="1" hai0="35,118,37,23,131,76,115,133,40,9,53,64,81" hai1="57,84,124,47,112,105,127,3,10,56,72,48,1" hai2="66,49,100,130,82,17,32,77,36,70,63,46,120" hai3="83,75,116,59,19,86,55,41,85,97,113,96,2"/><U88/><E112/><V94/><F120/><W25/><G113/><T108/><D115/><U126/><E72/><V20/><F36/><W103/><G2/><N who="1" m="522" /><E10/><V18/><F130/><W114/><G114/><T122/><D118/><U61/><E61/><V123/><F123/><W93/><G116/><T121/><D23/><U45/><E105/><V73/><F32/><W21/><G41/><T106/><D106/><U69/><E69/><V78/><F78/><W135/><G75/><T91/><D9/><U38/><E38/><V44/><F18/><W6/><G6/><T80/><D37/><U99/><E99/><V71/><F71/><W8/><G8/><T90/><D131/><U13/><E13/><V104/><F104/><W42/><G42/><T22/><D40/><N who="1" m="24615" /><E47/><V4/><F46/><W125/><G97/><T107/><D107/><U26/><E26/><V29/><F44/><W27/><G86/><T134/><D53/><U60/><E60/><V68/><F68/><W43/><G43/><T30/><D64/><U67/><E67/><V15/><F49/><N who="3" m="31215" /><G27/><T14/><D14/><U54/><E54/><V62/><F62/><W110/><G103/><T98/><D98/><U5/><E5/><V79/><F4/><W87/><G96/><T65/><D65/><U31/><E31/><V101/><F29/><W58/><G58/><T92/><D30/><U132/><E132/><V52/><F52/><W89/><G135/><T16/><D133/><U11/><E11/><V74/><F101/><W34/><G87/><T109/><D134/><U102/><E102/><V95/><F100/><RYUUKYOKU ba="1,1" sc="220,-15,260,15,250,15,260,-15" hai1="56,57,84,88,124,126,127" hai2="15,17,20,63,66,70,73,74,77,79,82,94,95" /><INIT seed="1,2,1,2,5,74" ten="205,275,265,245" oya="1" hai0="47,86,82,106,78,51,60,26,17,45,2,32,93" hai1="23,75,54,18,87,62,110,12,91,81,68,88,52" hai2="127,117,57,50,126,100,53,113,111,39,13,35,119" hai3="43,34,70,69,64,66,89,80,120,112,15,7,48"/><U92/><E110/><V63/><F100/><W71/><G112/><T9/><D106/><U73/><E73/><V131/><F35/><W77/><G89/><T20/><D32/><U59/><E68/><V25/><F25/><W118/><G34/><T33/><D33/><U107/><E107/><V102/><F13/><W4/><G118/><N who="2" m="45065" /><F102/><W41/><G120/><T97/><D60/><U44/><E75/><V5/><F5/><W14/><G48/><T116/><D116/><U55/><REACH who="1" step="1"/><E44/><REACH who="1" ten="205,265,265,245" step="2"/><V58/><F111/><W31/><G71/><T115/><D47/><U90/><E90/><V83/><F113/><W133/><G70/><T27/><D115/><U3/><E3/><V85/><F127/><W6/><G69/><T37/><D2/><U0/><E0/><V130/><F126/><W16/><G7/><T94/><D45/><U135/><E135/><V40/><F131/><W11/><G133/><T24/><D37/><U134/><E134/><V56/><F39/><W65/><G6/><T29/><D29/><U124/><E124/><V1/><F1/><W109/><G31/><T123/><D123/><U61/><E61/><V103/><F130/><W28/><G28/><T46/><D46/><U36/><E36/><V98/><F63/><W128/><G128/><T76/><D51/><U114/><E114/><V132/><F132/><W99/><G109/><T95/><D78/><U104/><E104/><N who="2" m="63607" /><F40/><W38/><G38/><T96/><D76/><U129/><E129/><V19/><F19/><W108/><G108/><T8/><D8/><U30/><E30/><V49/><F49/><RYUUKYOKU ba="2,2" sc="205,-15,265,15,265,15,245,-15" hai1="12,18,23,52,54,55,59,62,81,87,88,91,92" hai2="50,53,56,57,58,83,85" /><INIT seed="1,3,2,2,5,77" ten="190,280,280,230" oya="1" hai0="8,6,55,56,64,46,118,107,48,24,27,21,105" hai1="57,0,102,108,50,90,69,95,112,98,32,123,33" hai2="103,135,39,70,113,29,124,52,75,79,89,80,109" hai3="122,36,66,41,63,2,101,106,4,59,125,31,38"/><U100/><E112/><V16/><F70/><W13/><G122/><T7/><D118/><U74/><E123/><V87/><F39/><W117/><G117/><T130/><D130/><U44/><E0/><V84/><F29/><W34/><G125/><T86/><D24/><U49/><E69/><V42/><F42/><W133/><G133/><T67/><D107/><U81/><E57/><V119/><F119/><W51/><G13/><T110/><D105/><U111/><E100/><V19/><F75/><W128/><G128/><T132/><D132/><U114/><E114/><V11/><F109/><N who="1" m="42057" /><E49/><V28/><F103/><W121/><G41/><T82/><D56/><U58/><E58/><V23/><F124/><W47/><G47/><T93/><D93/><U91/><E102/><V30/><F113/><W127/><G51/><T3/><D7/><U60/><E60/><V53/><F135/><W78/><G127/><T15/><D3/><U61/><E61/><V96/><F96/><N who="3" m="61735" /><G59/><T10/><D10/><U120/><E120/><V72/><F11/><N who="3" m="2455" /><G121/><T126/><D110/><U5/><E5/><V35/><F72/><W40/><G40/><T134/><D134/><U17/><E17/><N who="2" m="6731" /><F53/><W85/><G34/><T22/><D126/><U45/><E74/><V18/><F52/><W73/><G31/><N who="0" m="17903" /><D22/><U43/><E45/><V1/><F35/><W76/><G73/><T12/><D12/><U68/><E68/><V97/><F1/><W88/><G38/><T25/><D25/><U71/><E71/><V115/><F115/><W116/><G36/><T129/><D129/><U65/><E65/><RYUUKYOKU ba="3,2" sc="190,15,280,15,280,-15,230,-15" hai0="6,8,15,46,48,55,64,67,82,86" hai1="32,33,43,44,50,81,90,91,95,98" /><INIT seed="1,4,2,3,3,12" ten="205,295,265,215" oya="1" hai0="111,8,90,86,15,62,94,24,20,71,60,35,45" hai1="37,52,108,113,122,22,13,120,44,34,80,19,42" hai2="30,99,47,119,11,48,0,116,7,132,21,72,131" hai3="101,97,112,31,135,50,115,58,68,84,75,88,74"/><U17/><E113/><V41/><F72/><W92/><G68/><T32/><D111/><U16/><E34/><V78/><F78/><W127/><G31/><T2/><D45/><U51/><E108/><V55/><F131/><W95/><G58/><T40/><D40/><U124/><E124/><V18/><F132/><W73/><G50/><T114/><D114/><N who="3" m="43561" /><G135/><T33/><D2/><U69/><E69/><V3/><F30/><W129/><G129/><T39/><D39/><U59/><REACH who="1" step="1"/><E80/><REACH who="1" ten="205,285,265,215" step="2"/><V23/><F119/><W106/><G127/><T46/><D71/><U104/><E104/><AGARI ba="4,3" hai="73,74,75,84,88,92,95,97,101,104,106" m="43561" machi="104" ten="40,5200,0" yaku="34,2,54,1" doraHai="12" who="3" fromWho="1" sc="205,0,285,-64,265,0,215,94" /><INIT seed="2,0,0,0,5,90" ten="205,221,265,309" oya="2" hai0="81,25,122,127,100,66,39,130,107,50,41,57,80" hai1="6,95,58,89,121,70,86,34,91,36,56,12,4" hai2="1,116,124,43,64,112,18,22,38,7,8,3,15" hai3="67,98,48,73,2,10,113,126,32,65,93,85,99"/><V129/><F112/><W110/><G73/><T132/><D122/><U82/><E70/><V123/><F123/><W115/><G32/><T44/><D132/><U11/><E36/><V109/><F116/><W54/><G85/><T17/><D130/><U52/><E34/><V135/><F64/><W105/><G99/><T118/><D127/><U20/><E20/><V119/><F119/><W78/><G105/><T42/><D42/><U133/><E133/><V26/><F135/><W74/><G126/><T92/><D107/><U75/><E75/><V83/><F124/><W37/><G37/><T79/><D79/><U30/><E30/><V45/><F109/><W19/><G110/><T59/><D39/><U87/><E58/><V114/><F114/><N who="3" m="43531" /><G78/><T35/><D35/><U31/><E31/><V120/><F120/><W104/><G104/><T49/><D59/><U108/><E108/><V21/><F129/><W5/><G19/><T46/><D57/><U101/><E101/><V29/><REACH who="2" step="1"/><F83/><REACH who="2" ten="205,221,255,309" step="2"/><W27/><G67/><T88/><D66/><U76/><E121/><V40/><F40/><W0/><G65/><T62/><D118/><U117/><E117/><V55/><F55/><W16/><G54/><T23/><D81/><U103/><E103/><V61/><F61/><W94/><G48/><N who="0" m="18539" /><D62/><N who="1" m="36103" /><E76/><V134/><F134/><W69/><G69/><T96/><D41/><U60/><E60/><V106/><F106/><W97/><G74/><T63/><D63/><U102/><E102/><V111/><F111/><W128/><G128/><T51/><N who="0" m="18547" /><T9/><DORA hai="53" /><D80/><U33/><E33/><RYUUKYOKU ba="0,1" sc="205,-15,221,15,255,15,309,-15" hai1="4,6,11,12,82,86,87,89,91,95" hai2="1,3,7,8,15,18,21,22,26,29,38,43,45" /><INIT seed="2,1,1,2,0,11" ten="190,236,270,294" oya="2" hai0="35,135,46,74,73,98,6,43,115,34,26,64,122" hai1="17,63,42,75,104,36,109,91,127,123,27,33,29" hai2="92,116,131,16,69,60,70,53,32,9,78,58,68" hai3="79,126,21,102,99,40,129,80,38,97,84,52,62"/><V37/><F116/><W0/><G126/><T24/><D115/><U49/><E109/><V13/><F131/><W18/><G129/><T39/><D122/><U81/><E127/><V19/><F32/><W50/><G0/><T128/><D135/><U61/><E36/><V120/><F120/><W14/><G38/><T94/><D64/><U67/><E123/><V10/><F37/><W125/><G125/><T124/><D124/><U72/><E104/><V57/><F78/><W76/><G40/><T105/><D6/><U112/><E112/><V3/><F92/><N who="3" m="58663" /><G62/><T113/><D113/><U4/><E4/><V87/><F87/><W5/><G99/><T108/><D108/><U41/><E63/><V22/><F3/><W77/><G5/><T23/><D105/><U28/><E28/><V25/><F58/><AGARI ba="1,1" hai="14,18,21,50,52,58,76,77,79,80,84" m="58663" machi="58" ten="30,3900,0" yaku="8,1,52,1,54,1" doraHai="11" who="3" fromWho="2" sc="190,0,236,0,270,-42,294,52" /><INIT seed="3,0,0,5,1,102" ten="190,236,228,346" oya="3" hai0="23,77,46,59,116,18,12,41,72,64,121,35,11" hai1="56,24,74,135,114,110,7,33,85,101,32,100,104" hai2="63,3,6,87,60,16,98,65,112,109,132,45,79" hai3="92,134,26,80,17,1,95,47,107,68,13,49,90"/><W22/><G68/><T55/><D35/><U81/><E114/><V36/><F112/><W67/><G107/><T71/><D121/><U73/><E110/><V113/><F113/><W78/><G1/><T99/><D116/><U69/><E69/><V123/><F132/><W89/><G134/><T88/><D72/><U133/><E7/><V58/><F109/><W66/><G78/><T44/><D77/><U127/><E127/><V15/><F3/><W130/><G80/><T39/><D46/><U124/><E56/><V91/><F6/><W106/><G106/><T42/><D42/><U129/><E24/><V25/><F63/><W97/><G26/><T103/><D71/><U50/><E50/><V117/><F123/><W4/><G4/><T61/><D64/><U86/><E129/><V115/><F117/><W128/><G130/><T5/><D5/><U70/><E70/><V51/><F36/><W34/><G34/><T120/><D120/><U40/><E40/><V83/><F25/><W0/><G0/><T84/><D11/><U14/><E14/><V125/><F125/><W8/><G22/><T96/><REACH who="0" step="1"/><D103/><REACH who="0" ten="180,236,228,346" step="2"/><U105/><E124/><V43/><F115/><W2/><G128/><T62/><D62/><U111/><E111/><V126/><F126/><W118/><G118/><T27/><D27/><U122/><E122/><V52/><F43/><N who="3" m="24831" /><G2/><T108/><D108/><U38/><E38/><V76/><F98/><AGARI ba="0,1" hai="8,13,17,66,67,89,90,92,95,97,98" m="24831" machi="98" ten="30,1500,0" yaku="8,1" doraHai="102" who="3" fromWho="2" sc="180,0,236,0,228,-15,346,25" /><INIT seed="3,1,0,1,1,43" ten="180,236,213,371" oya="3" hai0="92,100,44,111,11,46,54,64,123,3,73,33,14" hai1="72,115,57,77,132,83,37,76,59,16,99,36,50" hai2="130,68,47,62,35,10,112,69,74,65,89,56,1" hai3="122,55,117,20,127,21,18,97,93,60,24,23,79"/><W75/><G122/><T125/><D3/><U39/><E115/><V15/><F112/><W87/><G75/><T110/><D123/><U49/><E132/><V133/><F35/><W114/><G114/><T26/><D73/><U63/><E99/><V40/><F1/><W9/><G117/><T86/><D64/><U107/><E107/><V30/><F30/><W88/><G9/><T58/><D125/><U131/><E131/><V81/><F133/><W78/><G127/><T2/><D2/><U94/><E94/><V113/><F130/><W32/><G32/><T128/><D26/><U5/><E5/><V96/><F113/><W126/><G126/><T22/><D22/><N who="3" m="8809" /><G87/><T4/><D33/><U120/><E63/><V41/><F69/><W129/><G129/><T82/><D128/><U85/><E120/><V28/><F68/><W13/><G13/><T0/><D0/><U48/><REACH who="1" step="1"/><E16/><REACH who="1" ten="180,226,213,371" step="2"/><V102/><F62/><W70/><G70/><T27/><D92/><U51/><N who="1" m="12288" /><DORA hai="52" /><U53/><E53/><V101/><F65/><W106/><G106/><T105/><D105/><U42/><E42/><V116/><F41/><W124/><G124/><T104/><D104/><U84/><E84/><V8/><F74/><W17/><G17/><T31/><D54/><U103/><E103/><V134/><F102/><W95/><G95/><T12/><D100/><U71/><E71/><V25/><F134/><W67/><G67/><T61/><D61/><U6/><E6/><V19/><F101/><W121/><G121/><T118/><D4/><U109/><E109/><V135/><F135/><RYUUKYOKU ba="1,1" sc="180,-15,226,15,213,-15,371,15" hai1="36,37,39,57,59,72,76,77,83,85" hai3="18,23,24,55,60,78,79,88,93,97" /><INIT seed="3,2,1,3,2,94" ten="165,241,198,386" oya="3" hai0="51,42,131,27,90,80,36,21,70,9,116,75,107" hai1="46,124,103,101,37,121,53,112,7,91,63,16,133" hai2="48,71,96,83,30,81,32,15,93,78,49,99,73" hai3="57,47,22,33,77,8,97,65,41,59,122,31,102"/><W43/><G122/><T110/><D116/><U100/><E121/><V125/><F71/><W135/><G33/><T17/><D110/><U0/><E112/><V111/><F111/><W95/><G135/><T19/><D131/><U117/><E124/><V64/><F64/><W61/><G77/><T128/><D128/><U86/><E133/><V12/><F125/><W29/><G59/><T89/><D36/><U45/><E37/><V113/><F93/><W60/><G60/><T119/><D119/><U118/><E118/><V2/><F2/><W134/><G134/><T69/><D107/><U58/><E7/><V39/><F39/><W10/><G31/><T20/><D9/><N who="3" m="3689" /><G47/><T4/><D4/><U40/><E0/><V114/><F30/><W3/><G3/><T104/><D104/><U26/><E40/><V25/><F78/><W105/><G105/><T54/><D42/><U18/><E117/><V11/><F11/><W120/><G120/><T115/><D115/><U13/><E13/><V106/><F106/><W72/><G72/><T52/><D75/><U79/><E79/><V109/><F109/><W130/><G130/><T67/><D51/><U50/><E26/><AGARI ba="2,1" hai="22,26,29,41,43,57,61,65,95,97,102" m="3689" machi="26" ten="30,5800,0" yaku="25,1,8,1,52,1" doraHai="94" who="3" fromWho="1" sc="165,0,241,-64,198,0,386,74" /><INIT seed="3,3,0,1,1,1" ten="165,177,198,460" oya="3" hai0="20,119,35,124,77,106,10,38,128,63,14,5,120" hai1="4,111,73,61,133,29,70,53,58,130,118,102,116" hai2="28,112,90,81,79,43,69,6,80,126,9,62,134" hai3="0,103,109,104,31,135,52,59,26,8,88,3,96"/><W83/><G135/><T41/><D120/><U105/><E73/><V16/><F112/><W68/><G68/><T7/><D119/><U100/><E111/><V107/><F107/><W87/><G109/><T11/><D124/><U15/><E130/><V27/><F43/><W48/><REACH who="3" step="1"/><G8/><REACH who="3" ten="165,177,198,450" step="2"/><T75/><D11/><N who="1" m="4583" /><E133/><V46/><F69/><W25/><G25/><T33/><D10/><U117/><E70/><V21/><F134/><W22/><AGARI ba="3,1" hai="0,3,22,26,31,48,52,59,83,87,88,96,103,104" machi="22" ten="20,12000,1" yaku="1,1,0,1,7,1,54,2,53,0" doraHai="1" doraHaiUra="74" who="3" fromWho="3" sc="165,-43,177,-43,198,-43,450,139" /><INIT seed="3,4,0,1,5,127" ten="122,134,155,589" oya="3" hai0="86,2,88,33,90,81,93,89,8,95,22,98,15" hai1="21,126,14,92,66,12,116,102,49,134,34,117,45" hai2="58,23,71,99,35,121,114,41,30,10,9,131,61" hai3="19,79,128,7,111,110,80,6,28,50,96,52,48"/><W120/><G120/><T115/><D33/><U74/><E34/><V39/><F114/><W57/><G28/><T104/><D115/><U42/><E126/><V63/><F35/><W72/><G128/><T84/><D2/><U56/><E74/><V59/><F71/><W69/><G69/><T67/><D104/><U38/><E134/><V43/><F99/><W123/><G123/><T47/><D67/><U31/><E38/><V113/><F113/><W65/><G65/><T1/><D1/><U44/><E44/><V125/><F39/><W97/><G19/><T0/><D0/><U17/><E31/><V119/><F119/><N who="1" m="45641" /><E102/><V100/><F100/><W76/><G76/><T24/><D47/><U83/><E92/><V77/><F30/><W26/><G26/><T36/><D36/><U103/><E83/><V51/><F125/><W73/><G50/><T64/><D64/><U101/><E12/><V53/><F121/><W54/><G54/><T29/><D8/><U94/><E94/><V75/><F10/><W106/><G73/><T3/><D3/><U118/><N who="1" m="45649" /><U78/><DORA hai="91" /><E78/><V87/><F77/><W5/><REACH who="3" step="1"/><G106/><REACH who="3" ten="122,134,155,579" step="2"/><T60/><D60/><AGARI ba="4,1" hai="14,17,21,42,45,49,56,60,66,101,103" m="45649" machi="60" ten="40,1300,0" yaku="12,1" doraHai="127,91" who="1" fromWho="0" sc="122,-25,134,35,155,0,579,0" /><INIT seed="4,0,0,2,3,22" ten="97,169,155,579" oya="0" hai0="9,13,34,80,39,106,120,89,130,114,10,79,56" hai1="65,25,48,28,74,116,45,30,134,73,67,84,95" hai2="55,6,42,100,47,0,112,96,98,133,37,99,3" hai3="63,132,26,36,123,31,72,108,70,90,44,8,83"/><T122/><D39/><U51/><E116/><V109/><F109/><W105/><G108/><T4/><D114/><U1/><E1/><V86/><F112/><W78/><G123/><T14/><D130/><U21/><E134/><V18/><F133/><W32/><G132/><T59/><D106/><U126/><E126/><V135/><F135/><W46/><G90/><T58/><D89/><N who="1" m="53671" /><E74/><V7/><F100/><W85/><G85/><T93/><D93/><U117/><E73/><V19/><F55/><W113/><G113/><T68/><D34/><U38/><E38/><V23/><F19/><W40/><G46/><T118/><D68/><U2/><E2/><V103/><F103/><W82/><G82/><T50/><D118/><U43/><E117/><V49/><F37/><W35/><G8/><T87/><REACH who="0" step="1"/><D50/><REACH who="0" ten="87,169,155,579" step="2"/><U97/><E48/><V20/><F49/><W60/><G105/><T11/><D11/><U128/><E128/><V92/><F92/><W54/><G35/><T61/><D61/><U102/><E102/><V77/><F23/><W94/><G94/><T127/><D127/><U29/><E97/><V62/><F99/><W64/><G63/><T17/><AGARI ba="0,1" hai="4,9,10,13,14,17,56,58,59,79,80,87,120,122" machi="17" ten="30,3000,0" yaku="1,1,0,1,53,0" doraHai="22" doraHaiUra="41" who="0" fromWho="0" sc="87,40,169,-10,155,-10,579,-10" /><INIT seed="4,1,0,2,2,121" ten="127,159,145,569" oya="0" hai0="49,98,108,63,91,107,85,2,56,25,1,68,8" hai1="28,17,16,55,100,87,75,10,67,77,43,118,128" hai2="94,130,13,47,74,134,93,119,20,6,79,81,112" hai3="95,61,126,52,70,50,62,96,115,39,58,12,41"/><T9/><D25/><U110/><E118/><V21/><F119/><W65/><G115/><T29/><D29/><U22/><E75/><V101/><F112/><W84/><G126/><T135/><D135/><U80/><E43/><V127/><F130/><W34/><G34/><T46/><D68/><U37/><E37/><V14/><F134/><W38/><G84/><T4/><D107/><U32/><E67/><V125/><F47/><N who="3" m="23991" /><G12/><N who="2" m="4713" /><F6/><W102/><G62/><T27/><D98/><U120/><E120/><V69/><F69/><W31/><G31/><T24/><D8/><U89/><E10/><V35/><F35/><W113/><G113/><T103/><D103/><U99/><E32/><V129/><F129/><W109/><G39/><T122/><D1/><U131/><E131/><V44/><F44/><W18/><G18/><T33/><D33/><U48/><E77/><V97/><F94/><W5/><G5/><T60/><D60/><U86/><E128/><V72/><F72/><W23/><G23/><T78/><D78/><U53/><E22/><V64/><F64/><W54/><G54/><T40/><D122/><U0/><E0/><V57/><F21/><W51/><G51/><T30/><D30/><U117/><E48/><V76/><F76/><W83/><G83/><T124/><D124/><N who="2" m="47690" /><F20/><W123/><G123/><T71/><D71/><U92/><E117/><V42/><F42/><W132/><G132/><T36/><D36/><U104/><E104/><V105/><F105/><W15/><G15/><T88/><D40/><U82/><E82/><V106/><F106/><W19/><G19/><RYUUKYOKU ba="1,0" sc="127,-15,159,-15,145,15,569,15" hai2="57,74,79,81,93,97,101" hai3="50,52,58,61,65,70,95,96,102,109" /><INIT seed="5,2,0,1,1,116" ten="112,144,160,584" oya="1" hai0="57,10,119,84,97,120,91,17,18,53,78,1,103" hai1="28,67,104,21,82,88,49,69,109,58,83,27,135" hai2="87,35,47,4,8,101,37,77,32,15,68,56,60" hai3="31,52,12,106,102,105,125,107,24,71,50,41,48"/><U76/><E104/><V59/><F68/><W95/><G71/><T66/><D119/><U51/><E135/><V11/><F101/><W25/><G12/><T92/><D66/><U99/><E69/><V115/><F59/><W131/><G125/><T7/><D78/><U39/><E39/><V133/><F115/><W73/><G73/><T9/><D9/><U81/><E109/><V70/><F70/><W132/><G131/><T89/><D89/><U23/><E23/><V36/><F133/><W72/><G72/><T121/><D18/><U55/><E67/><V111/><F111/><W30/><G132/><T98/><D17/><U124/><E124/><V108/><F108/><W45/><G102/><T96/><REACH who="0" step="1"/><D103/><REACH who="0" ten="102,144,160,584" step="2"/><U113/><E76/><V33/><F11/><W20/><G95/><T34/><D34/><U2/><E113/><V43/><F35/><W19/><REACH who="3" step="1"/><G25/><REACH who="3" ten="102,144,160,574" step="2"/><T13/><D13/><U63/><E2/><V118/><F15/><W54/><G54/><T61/><AGARI ba="2,2" hai="1,7,10,53,57,61,84,91,92,96,97,98,120,121" machi="61" ten="30,7900,0" yaku="1,1,0,1,52,2,53,0" doraHai="116" doraHaiUra="40" who="0" fromWho="0" sc="102,105,144,-41,160,-22,574,-22" /><INIT seed="6,0,0,1,5,62" ten="207,103,138,552" oya="2" hai0="85,65,96,17,9,54,71,86,111,79,74,33,56" hai1="117,35,19,68,135,46,84,34,91,52,132,114,105" hai2="119,51,92,134,131,37,4,70,106,82,95,100,126" hai3="107,113,28,3,13,118,63,53,23,115,16,66,26"/><V44/><F119/><W42/><G107/><T55/><D33/><U76/><E114/><N who="3" m="43530" /><G53/><T108/><D71/><U39/><E105/><V125/><F37/><W116/><G42/><T48/><D74/><U1/><E1/><V14/><F131/><W6/><G6/><T129/><D96/><U27/><E76/><V72/><F134/><N who="1" m="51241" /><E68/><V59/><F59/><N who="3" m="37247" /><G3/><T20/><D54/><U90/><E39/><V99/><F70/><W109/><G109/><T45/><D55/><U88/><E84/><V78/><F51/><W121/><G121/><T49/><D48/><N who="1" m="28695" /><E117/><V58/><F58/><W29/><G29/><T67/><D56/><U73/><E73/><V101/><F106/><W12/><G12/><T81/><D111/><U75/><E75/><V47/><F47/><W103/><G103/><T102/><D102/><U130/><E130/><V0/><F44/><W57/><G57/><T43/><D45/><U93/><E93/><V128/><F128/><W41/><G41/><T60/><D43/><U127/><E127/><N who="2" m="48651" /><F0/><W80/><G80/><T24/><D81/><U11/><E11/><AGARI ba="0,0" hai="11,13,16,23,26,28,116,118" m="37247,43530" machi="11" ten="30,7700,0" yaku="15,1,11,1,52,1,54,1" doraHai="62" who="3" fromWho="1" sc="207,0,103,-77,138,0,552,77" /><INIT seed="7,0,0,5,0,72" ten="207,26,138,629" oya="3" hai0="83,57,81,4,1,70,33,107,53,44,87,14,42" hai1="62,2,46,21,0,88,64,113,9,85,37,132,29" hai2="36,38,66,3,50,22,92,109,56,77,102,19,101" hai3="16,74,120,5,51,15,39,115,55,94,35,91,93"/><W43/><G35/><T20/><D70/><U24/><E113/><V8/><F109/><W71/><G71/><T82/><D107/><U111/><E132/><V128/><F128/><W106/><G106/><T30/><D33/><U25/><E111/><V31/><F38/><W121/><G5/><T135/><D1/><U104/><E104/><V52/><F36/><W112/><G74/><T54/><D54/><U68/><E9/><V45/><F77/><W69/><G69/><T116/><D116/><U75/><E75/><V32/><F32/><W40/><G39/><T34/><D34/><U78/><E37/><V98/><F31/><W122/><G55/><T99/><D99/><U59/><E46/><V6/><F66/><W47/><G43/><T10/><D44/><U73/><E25/><V63/><F45/><W13/><G13/><T48/><D42/><U110/><E68/><V134/><F134/><W123/><G123/><T18/><D30/><U7/><E7/><V90/><F50/><W17/><G94/><T28/><D28/><U133/><E133/><V118/><F118/><W95/><G95/><T79/><D135/><U108/><E108/><V119/><F119/><W130/><G130/><T76/><D10/><U86/><E110/><V11/><F11/><W117/><G117/><T60/><D4/><U41/><E41/><V126/><F126/><W23/><G17/><T114/><D18/><U127/><E127/><V61/><F61/><W105/><G105/><T100/><D60/><U125/><E125/><V49/><F49/><W129/><G129/><T89/><D48/><RYUUKYOKU ba="0,0" sc="207,-15,26,-15,138,15,629,15" hai2="3,6,8,19,22,52,56,63,90,92,98,101,102" hai3="15,16,23,40,47,51,91,93,112,115,120,121,122" owari="192,-1.0,11,-49.0,153,-25.0,644,75.0" /></mjloggm>