<mjloggm ver="2.3"><GO type="41" lobby="0"/><UN n0="%E6%9D%B1%E6%9D%91%E8%8A%BD%E8%A1%A3" n1="%E2%93%9D%53%75%70%68%78" n2="%62%6D%30%31" n3="%73%61%69%61%69%6E%6F" dan="13,19,15,13" rate="1907.69,2157.75,2009.50,1844.73" sx="M,M,M,M"/><TAIKYOKU oya="0"/><INIT seed="0,0,0,1,1,23" ten="250,250,250,250" oya="0" hai0="54,11,19,40,75,83,97,51,41,31,125,124,9" hai1="104,21,93,45,62,82,55,61,33,126,96,113,123" hai2="135,98,49,64,46,119,29,14,81,129,122,48,44" hai3="22,84,76,69,112,127,4,38,34,132,118,121,50"/><T25/><D97/><U77/><E33/><V36/><F122/><W16/><G118/><T28/><D83/><U42/><E104/><V20/><F119/><W86/><G112/><T131/><D75/><U59/><E126/><N who="0" m="48745" /><D131/><U66/><E123/><V99/><F36/><W3/><G38/><T91/><D91/><U108/><E108/><V111/><F111/><W39/><G132/><T85/><D85/><U101/><E113/><V52/><F129/><W80/><G39/><T10/><D41/><U24/><E42/><V95/><F64/><W103/><G69/><T5/><D40/><U115/><E115/><V71/><F71/><W120/><G34/><N who="0" m="20751" /><D51/><U116/><E116/><V18/><F135/><W17/><G103/><T100/><D54/><U109/><E109/><V107/><F107/><W79/><G50/><T32/><D100/><U12/><E82/><V92/><F29/><W89/><G127/><T0/><D19/><U87/><E87/><V35/><F35/><W114/><G17/><T105/><D105/><U27/><E77/><V53/><F81/><W70/><G70/><T6/><D6/><U67/><E67/><V74/><F74/><W73/><G73/><T13/><D13/><U57/><E45/><V26/><F14/><W88/><G121/><T65/><D65/><U72/><E72/><V1/><F1/><W90/><G120/><T2/><D2/><U58/><E58/><V128/><F128/><W134/><G114/><T7/><D7/><U15/><E15/><V63/><F63/><W68/><G4/><T56/><D56/><U60/><E60/><RYUUKYOKU ba="0,0" sc="250,10,250,10,250,10,250,-30" hai0="0,5,9,10,11,31,32" hai1="12,21,24,27,55,57,59,61,62,66,93,96,101" hai2="18,20,26,44,46,48,49,52,53,92,95,98,99" /><INIT seed="0,1,0,5,1,27" ten="260,260,260,220" oya="0" hai0="130,45,95,58,9,49,83,70,131,4,107,91,125" hai1="121,15,53,34,16,69,40,126,122,117,120,33,37" hai2="113,59,36,97,77,135,110,2,68,23,74,109,72" hai3="106,47,20,99,128,108,115,111,8,3,65,18,104"/><T112/><D107/><N who="3" m="41001" /><G47/><T41/><D70/><U25/><E69/><V119/><F68/><W63/><G3/><T11/><D112/><U6/><E53/><V52/><F2/><W87/><G8/><T0/><D83/><U84/><E84/><V73/><F113/><W32/><G115/><T88/><D11/><U80/><E40/><V133/><F36/><W31/><G128/><N who="0" m="49195" /><D125/><U75/><E80/><V1/><F1/><W38/><G38/><N who="0" m="21687" /><D95/><U22/><E75/><V96/><F77/><W42/><G42/><T116/><D116/><U67/><E117/><V82/><F82/><W102/><G87/><T56/><D56/><U90/><E126/><V98/><F23/><W132/><G18/><T124/><D124/><U28/><E16/><V100/><F100/><W17/><G17/><T43/><D43/><U50/><E122/><V123/><F123/><W46/><G46/><T89/><D89/><U101/><E90/><V78/><F78/><W85/><G85/><T13/><D0/><U114/><E114/><V44/><F44/><W127/><G127/><T61/><D49/><U26/><E50/><N who="2" m="31127" /><F119/><W51/><G51/><T81/><D81/><U94/><E121/><V57/><F57/><N who="3" m="37103" /><G20/><T129/><N who="0" m="49203" /><T30/><DORA hai="24" /><D30/><U12/><E28/><V10/><F10/><W92/><G132/><AGARI ba="1,0" hai="72,73,74,96,97,98,109,110,132,133,135" m="31127" machi="132" ten="40,2600,0" yaku="20,1,54,1" doraHai="27,24" who="2" fromWho="3" sc="260,0,260,0,260,29,220,-29" /><INIT seed="1,0,0,0,1,91" ten="260,260,289,191" oya="1" hai0="81,130,79,76,53,59,29,7,73,28,83,125,36" hai1="47,63,27,132,71,45,100,124,102,118,66,92,113" hai2="18,42,128,95,105,87,31,16,50,46,10,74,86" hai3="82,33,14,38,134,26,89,68,35,37,48,109,25"/><U0/><E113/><V41/><F74/><W80/><G68/><T6/><D36/><U93/><E118/><V23/><F105/><W65/><G65/><T112/><D112/><U110/><E0/><V67/><F128/><W52/><G134/><T24/><D130/><U84/><E124/><V77/><F67/><W44/><G109/><T9/><D125/><U30/><E132/><V103/><F42/><W97/><G35/><T15/><D7/><U22/><E110/><V54/><F41/><W70/><G70/><T40/><D40/><U99/><E84/><V69/><F69/><W85/><G33/><T115/><D24/><U55/><E55/><V19/><F10/><W120/><G120/><T104/><D104/><U72/><E72/><V61/><F61/><W117/><G117/><T78/><D115/><U131/><E131/><V21/><F77/><W101/><G38/><T13/><D13/><U114/><E114/><V51/><F51/><W5/><G37/><T129/><D129/><U127/><E127/><V4/><F4/><W60/><G60/><N who="0" m="35951" /><D73/><U94/><REACH who="1" step="1"/><E102/><REACH who="1" ten="260,250,289,191" step="2"/><V2/><F2/><W75/><G75/><T57/><D57/><U1/><E1/><V90/><F103/><W34/><G34/><T20/><D20/><N who="2" m="7754" /><F31/><AGARI ba="0,1" hai="6,9,15,28,29,31,76,78,79,81,83" m="35951" machi="31" ten="30,1000,0" yaku="8,1" doraHai="91" who="0" fromWho="2" sc="260,20,250,0,289,-10,191,0" /><INIT seed="2,0,0,5,2,64" ten="280,250,279,191" oya="2" hai0="57,0,52,66,59,95,98,72,130,116,71,37,23" hai1="114,97,36,119,85,12,77,100,133,1,55,14,109" hai2="39,18,46,74,16,131,108,107,96,29,88,83,86" hai3="62,31,113,132,3,58,79,56,127,25,122,67,90"/><V51/><F39/><W38/><G122/><T91/><D72/><U24/><E1/><V110/><F131/><W106/><G127/><T45/><D0/><U121/><E114/><V17/><F74/><W99/><G132/><T75/><D75/><U40/><E119/><V6/><F6/><W118/><G38/><T124/><D124/><U84/><E109/><N who="2" m="42091" /><F29/><W11/><G118/><T28/><D116/><U54/><E40/><N who="2" m="25031" /><F96/><W49/><G113/><T134/><D134/><U10/><E121/><V120/><F120/><W43/><G79/><T92/><D130/><U8/><E77/><V19/><F19/><W4/><G43/><T33/><D33/><U27/><E36/><V128/><F128/><W63/><G49/><T30/><D37/><U42/><E42/><V60/><F60/><W70/><G62/><T115/><D115/><U32/><E133/><V112/><F112/><W69/><G90/><T21/><D91/><U80/><E97/><V82/><F107/><W126/><G126/><T34/><D98/><U125/><E125/><V89/><F89/><W78/><G78/><T15/><D34/><U81/><REACH who="1" step="1"/><E32/><REACH who="1" ten="280,240,279,191" step="2"/><V44/><F44/><W73/><G73/><T93/><D23/><U22/><E22/><V50/><F50/><W5/><G99/><T68/><D21/><U87/><E87/><V111/><F111/><W104/><G104/><T20/><D20/><U76/><E76/><V135/><F135/><W103/><G106/><T2/><D30/><U47/><E47/><V123/><F123/><W41/><G41/><T53/><D28/><U101/><AGARI ba="0,1" hai="8,10,12,14,24,27,54,55,80,81,84,85,100,101" machi="101" ten="25,12000,2" yaku="1,1,5,1,0,1,22,2,8,1,53,0" doraHai="64" doraHaiUra="35" who="1" fromWho="1" sc="280,-30,240,130,279,-60,191,-30" /><INIT seed="3,0,0,4,5,66" ten="250,370,219,161" oya="3" hai0="1,99,133,54,107,132,124,4,67,131,11,126,130" hai1="118,46,96,112,49,113,101,122,80,52,6,91,43" hai2="26,41,134,22,29,31,62,115,72,123,44,16,57" hai3="28,9,117,32,88,13,18,34,95,114,85,89,47"/><W17/><G117/><T20/><D107/><U87/><E122/><V64/><F115/><W38/><G114/><T93/><D67/><U135/><E135/><N who="0" m="51785" /><D20/><U15/><E118/><V14/><F134/><W58/><G28/><T102/><D54/><U73/><E73/><V127/><F123/><W105/><G105/><T25/><D25/><U2/><E2/><V21/><F127/><AGARI ba="0,0" hai="1,4,11,93,99,102,124,126,127,130,131" m="51785" machi="127" ten="30,7700,0" yaku="30,2,18,1,20,1" doraHai="66" who="0" fromWho="2" sc="250,77,370,0,219,-77,161,0" /><INIT seed="4,0,0,4,2,65" ten="327,370,142,161" oya="0" hai0="8,114,103,1,93,79,37,55,83,16,31,77,58" hai1="119,48,4,101,71,62,51,97,44,57,121,86,130" hai2="73,54,104,126,90,45,59,122,68,112,33,46,0" hai3="133,12,2,80,61,6,42,82,98,120,15,41,11"/><T67/><D37/><U25/><E119/><V36/><RYUUKYOKU type="yao9" ba="0,0" sc="327,0,370,0,142,0,161,0" hai2="0,33,36,45,46,54,59,68,73,90,104,112,122,126" /><INIT seed="4,1,0,5,0,65" ten="327,370,142,161" oya="0" hai0="95,112,131,80,117,8,132,29,5,101,76,25,42" hai1="39,53,38,48,129,23,100,58,55,28,32,37,6" hai2="108,98,134,99,43,24,107,63,41,78,75,54,87" hai3="109,69,74,105,116,35,56,15,92,44,113,130,26"/><T96/><D117/><U47/><E32/><V115/><F108/><W81/><G116/><T67/><D112/><U18/><E28/><V126/><F75/><W135/><G109/><T121/><D132/><U93/><E6/><V52/><F134/><W57/><G69/><T114/><D114/><U27/><E129/><V83/><F115/><W9/><G135/><T119/><D119/><U111/><E111/><V68/><F126/><W84/><G113/><T97/><D131/><U46/><REACH who="1" step="1"/><E55/><REACH who="1" ten="327,360,142,161" step="2"/><V31/><F54/><W125/><G130/><T19/><D121/><U91/><E91/><V4/><F4/><W33/><G125/><T79/><D5/><U118/><E118/><V66/><F52/><W7/><G35/><T70/><D79/><U72/><E72/><V0/><F0/><W102/><G33/><T89/><D76/><U120/><E120/><V12/><F12/><W124/><G124/><T62/><D80/><U13/><E13/><V127/><F127/><W16/><G44/><T10/><D42/><U3/><E3/><V34/><F99/><AGARI ba="1,1" hai="18,23,27,37,38,39,46,47,48,53,58,93,99,100" machi="99" ten="40,2600,0" yaku="1,1,53,1" doraHai="65" doraHaiUra="49" who="1" fromWho="2" sc="327,0,360,39,142,-29,161,0" /><INIT seed="5,0,0,3,2,5" ten="327,399,113,161" oya="1" hai0="134,88,122,27,106,43,55,18,126,111,30,112,99" hai1="85,135,39,57,113,69,58,86,54,56,66,33,20" hai2="77,17,29,6,41,23,115,24,108,104,37,103,83" hai3="97,50,131,75,107,98,59,117,3,79,102,8,0"/><U105/><E33/><V124/><F108/><W65/><G131/><T16/><D112/><U129/><E105/><V101/><F115/><W121/><G121/><T110/><D106/><U127/><E113/><V80/><F6/><W35/><G35/><T9/><D43/><U114/><E127/><V2/><F2/><W76/><G117/><T100/><D100/><U48/><E135/><V51/><F124/><W84/><G98/><T10/><D122/><U31/><E39/><V60/><F37/><W125/><G125/><T47/><D126/><U7/><E69/><V90/><F90/><W82/><G79/><T64/><D64/><U96/><E7/><V73/><F83/><W53/><G65/><T120/><D134/><U68/><E68/><V25/><F60/><W14/><REACH who="3" step="1"/><G84/><REACH who="3" ten="327,399,113,151" step="2"/><T81/><D120/><U34/><E86/><V62/><F104/><W38/><G38/><T87/><D99/><U63/><E96/><V94/><F94/><W13/><G13/><T130/><D111/><U109/><E109/><V22/><F62/><W116/><G116/><T91/><D110/><U49/><E63/><V71/><F71/><W74/><G74/><T19/><D130/><U133/><E129/><V40/><F51/><W93/><G93/><T70/><D70/><U12/><E49/><V15/><F15/><W128/><G128/><T89/><D87/><U26/><E114/><V95/><F95/><W72/><G72/><T11/><D81/><U92/><E133/><V123/><F123/><W36/><G36/><T46/><D55/><U61/><E92/><V4/><F4/><AGARI ba="0,1" hai="0,3,4,8,14,50,53,59,75,76,82,97,102,107" machi="4" ten="30,7700,0" yaku="1,1,6,1,7,1,52,1,53,0" doraHai="5" doraHaiUra="42" who="3" fromWho="2" sc="327,0,399,0,113,-77,151,87" /><INIT seed="6,0,0,3,2,45" ten="327,399,36,238" oya="2" hai0="129,74,101,16,65,59,24,15,82,96,67,131,76" hai1="32,34,75,126,14,107,70,30,62,23,4,123,3" hai2="102,21,20,71,105,89,60,36,106,57,58,132,39" hai3="83,93,18,9,44,19,26,11,128,25,122,52,69"/><V55/><F71/><W80/><G69/><T54/><D24/><U29/><E75/><V104/><F132/><W121/><G44/><T116/><D116/><U31/><E107/><V111/><F111/><W2/><G128/><N who="0" m="49227" /><D54/><U88/><E126/><V37/><F102/><W35/><G35/><T63/><D63/><U10/><E88/><V134/><F134/><W113/><G113/><T124/><D59/><U133/><E123/><V91/><REACH who="2" step="1"/><F58/><REACH who="2" ten="327,399,26,238" step="2"/><W33/><G33/><T100/><D101/><U48/><E133/><V108/><F108/><W6/><G2/><T53/><D124/><U43/><E34/><V61/><F61/><W46/><G46/><T40/><D40/><U117/><E32/><V13/><F13/><W51/><G122/><T49/><D100/><U0/><E0/><V77/><F77/><W22/><G121/><T27/><D15/><U73/><E3/><V112/><F112/><W86/><G6/><T79/><D76/><U120/><E120/><V99/><F99/><W98/><G83/><T78/><D79/><U72/><E70/><V5/><F5/><W1/><G1/><T68/><D68/><U92/><E62/><V110/><F110/><W7/><G7/><T28/><D96/><U81/><E81/><V114/><F114/><W17/><G26/><T85/><D27/><U94/><E4/><V66/><F66/><W97/><G97/><T119/><D67/><U38/><E14/><V42/><F42/><W12/><G25/><T84/><D65/><U47/><E43/><V56/><F56/><N who="3" m="32799" /><G12/><T109/><D78/><U135/><E135/><RYUUKYOKU ba="0,1" sc="327,-10,399,-10,26,30,238,-10" hai2="20,21,36,37,39,55,57,60,89,91,104,105,106" /><INIT seed="6,1,1,0,1,40" ten="317,389,56,228" oya="2" hai0="93,81,29,50,28,36,66,73,96,92,74,35,91" hai1="68,48,57,63,126,88,109,86,15,6,111,85,10" hai2="119,108,53,67,87,133,135,80,14,20,118,55,102" hai3="46,9,43,71,117,121,95,97,39,64,104,37,114"/><V116/><F67/><W11/><G117/><T115/><D36/><U27/><E68/><V105/><F105/><W79/><G121/><T47/><D66/><U103/><E126/><V107/><F107/><W94/><G79/><T131/><D115/><U25/><E103/><V26/><F102/><W69/><G114/><T76/><D74/><U83/><E48/><V16/><F108/><W19/><G104/><T120/><D35/><U98/><E98/><V58/><F26/><W130/><G130/><T125/><D125/><U21/><E86/><V4/><F4/><W31/><G31/><T41/><D120/><U127/><E27/><V113/><F113/><W65/><G43/><T70/><D70/><U12/><E12/><V82/><F80/><W45/><REACH who="3" step="1"/><G19/><REACH who="3" ten="317,389,56,218" step="2"/><T24/><D131/><U77/><E127/><V78/><REACH who="2" step="1"/><F55/><REACH who="2" ten="317,389,46,218" step="2"/><W7/><G7/><T56/><D24/><U30/><E111/><V44/><F44/><W62/><G62/><AGARI ba="1,3" hai="14,16,20,53,58,62,78,82,87,116,118,119,133,135" machi="62" ten="40,12000,1" yaku="1,1,54,1,53,3" doraHai="40" doraHaiUra="112" who="2" fromWho="3" sc="317,0,389,0,46,153,218,-123" /><INIT seed="6,2,0,4,3,93" ten="317,389,199,95" oya="2" hai0="30,120,70,107,47,50,58,60,110,51,59,118,125" hai1="41,75,117,123,80,133,9,68,91,36,105,69,86" hai2="84,20,45,37,74,124,46,12,18,85,38,72,67" hai3="79,16,71,90,77,40,64,94,114,104,2,88,57"/><V111/><F124/><W6/><G71/><T119/><D107/><U28/><E117/><N who="0" m="44553" /><D30/><U49/><E133/><V81/><F67/><W135/><G104/><T4/><D4/><U62/><E36/><V65/><F65/><W113/><G40/><N who="0" m="24935" /><D125/><U128/><E128/><V83/><F111/><W39/><G39/><T29/><D29/><U56/><E75/><V19/><F20/><W10/><G90/><T127/><D120/><U15/><E28/><V82/><F82/><W42/><G42/><T116/><D116/><U0/><E0/><V115/><REACH who="2" step="1"/><F12/><REACH who="2" ten="317,389,189,95" step="2"/><N who="3" m="7191" /><G135/><T132/><D127/><U55/><E80/><V34/><F34/><W134/><G134/><T33/><D33/><U99/><E69/><V66/><F66/><W103/><G103/><T13/><D132/><U11/><E68/><V95/><F95/><W131/><G131/><T25/><D110/><U26/><E123/><V7/><F7/><W130/><G130/><T35/><D13/><U100/><E15/><V122/><F122/><W87/><G6/><T31/><D70/><U102/><E102/><V89/><F89/><W61/><G2/><T48/><D60/><U101/><E101/><V17/><F17/><W126/><G126/><T54/><D51/><U53/><E62/><V108/><F108/><W5/><G5/><T92/><D92/><U21/><E49/><V23/><F23/><W22/><G22/><T97/><D59/><U52/><E56/><V43/><F43/><W129/><G129/><T8/><D8/><U1/><E41/><V3/><F3/><W121/><G121/><T32/><D32/><RYUUKYOKU ba="2,1" sc="317,10,389,-30,189,10,95,10" hai0="25,31,35,48,54,58,97" hai2="18,19,37,38,45,46,72,74,81,83,84,85,115" hai3="57,61,64,77,79,87,88,94,113,114" /><INIT seed="6,3,1,4,0,116" ten="327,359,199,105" oya="2" hai0="13,105,62,22,93,118,107,98,80,87,58,123,128" hai1="121,6,74,44,27,47,45,100,76,60,88,15,115" hai2="3,73,51,75,39,99,70,9,85,8,122,126,113" hai3="65,32,52,5,72,101,110,57,34,132,94,112,48"/><V71/><F126/><W69/><G110/><T2/><D118/><U1/><E1/><V67/><F67/><W31/><G132/><T53/><D123/><U114/><E121/><V12/><F122/><W66/><G72/><T7/><D2/><U119/><E100/><V124/><F124/><W131/><G131/><T92/><D92/><U84/><E119/><V63/><F39/><W77/><G77/><T35/><D35/><U38/><E27/><V109/><F109/><W14/><G69/><T64/><D53/><U130/><E60/><V55/><F113/><N who="1" m="43017" /><E76/><V37/><F37/><W103/><G112/><T82/><D128/><U17/><E6/><V4/><F99/><W96/><G34/><T21/><D107/><U46/><E74/><V129/><F129/><W59/><G32/><T111/><D105/><U104/><E104/><V90/><F75/><W78/><G31/><T24/><D111/><U50/><E38/><V108/><F73/><W36/><G78/><N who="0" m="46487" /><D24/><U16/><E15/><V86/><F63/><W61/><G36/><T10/><D82/><N who="1" m="49175" /><E130/><V19/><F108/><W125/><G125/><T54/><D64/><U18/><E18/><V49/><F49/><W40/><G40/><AGARI ba="3,1" hai="16,17,40,44,45,46,47,50" m="49175,43017" machi="40" ten="30,3900,0" yaku="15,1,54,2" doraHai="116" who="1" fromWho="3" sc="327,0,359,58,199,0,105,-48" /><INIT seed="7,0,0,4,4,20" ten="327,417,199,57" oya="3" hai0="31,33,52,134,94,114,43,58,109,2,40,99,17" hai1="35,66,87,95,118,133,91,69,128,82,68,110,4" hai2="76,47,125,83,92,62,24,85,67,102,108,111,103" hai3="36,0,41,3,75,27,38,72,104,61,119,42,13"/><W73/><G61/><T22/><D134/><U32/><E110/><V80/><F125/><W14/><G27/><T7/><D109/><U101/><E128/><V28/><F47/><W6/><G6/><T84/><D114/><U77/><E118/><V105/><F105/><W116/><G42/><T53/><D2/><N who="3" m="553" /><G41/><T70/><D7/><U18/><E69/><V54/><F54/><W117/><G104/><T51/><D70/><U106/><E66/><V29/><F29/><W48/><G48/><T37/><D31/><U88/><E68/><V97/><F102/><W86/><G86/><T16/><D33/><U59/><E35/><V23/><F83/><W21/><G21/><T57/><D37/><AGARI ba="0,0" hai="13,14,36,37,38,72,73,75,116,117,119" m="553" machi="37" ten="50,12000,1" yaku="28,2,26,2" doraHai="20" who="3" fromWho="0" sc="327,-120,417,0,199,0,57,120" /><INIT seed="7,1,0,0,2,65" ten="207,417,199,177" oya="3" hai0="87,38,55,126,16,66,56,41,104,114,88,49,50" hai1="127,122,115,76,25,110,99,31,42,131,14,32,83" hai2="123,21,120,78,116,5,105,70,52,109,118,59,6" hai3="129,54,103,80,112,95,92,61,72,40,79,107,30"/><W117/><G117/><T60/><D104/><U11/><E131/><V20/><F105/><W124/><G129/><T77/><D126/><U81/><E110/><V12/><F109/><W7/><G124/><T47/><D114/><U75/><E122/><N who="2" m="46635" /><F78/><W18/><G40/><T13/><D77/><U94/><E83/><V44/><F44/><W17/><G112/><T74/><D74/><U28/><E28/><V46/><F46/><W48/><G7/><N who="2" m="2569" /><F70/><W100/><G30/><T10/><D66/><U82/><E99/><V63/><F12/><W2/><G2/><T68/><D68/><U111/><E94/><AGARI ba="1,0" hai="10,13,16,38,41,47,49,50,55,56,60,87,88,94" machi="94" ten="30,3900,0" yaku="7,1,54,2" doraHai="65" who="0" fromWho="1" sc="207,42,417,-42,199,0,177,0" owari="249,5.0,375,47.0,199,-20.0,177,-32.0" /></mjloggm>