<mjloggm ver="2.3"><GO type="41" lobby="0"/><UN n0="%E3%83%8B%E3%83%A3%E3%83%B3%E3%82%BF%E5%85%88%E7%94%9F" n1="%E6%98%9F%E7%AB%B9%E8%82%89%E3%83%91%E3%82%BB%E3%83%AA" n2="%E2%93%9D%53%75%70%68%78" n3="%77%61%74%65%72%31%32%33" dan="15,16,19,15" rate="2024.75,2107.61,2209.53,1968.74" sx="M,M,M,M"/><TAIKYOKU oya="0"/><INIT seed="0,0,0,4,3,76" ten="250,250,250,250" oya="0" hai0="85,6,127,45,95,44,66,108,120,128,87,58,36" hai1="100,42,10,59,134,49,111,119,106,11,9,96,91" hai2="118,28,70,62,94,12,18,52,101,86,107,30,97" hai3="77,123,41,20,34,78,79,83,17,63,14,57,1"/><T32/><D120/><U69/><E119/><V129/><F129/><W25/><G123/><T60/><D32/><U33/><E69/><V110/><F110/><W81/><G1/><T27/><D128/><U53/><E33/><V31/><F118/><W109/><G109/><T71/><D127/><U88/><E111/><V2/><F2/><W125/><G125/><T29/><D6/><U132/><REACH who="1" step="1"/><E42/><REACH who="1" ten="250,240,250,250" step="2"/><V122/><F70/><W15/><G41/><T121/><D121/><U90/><AGARI ba="0,1" hai="9,10,11,49,53,59,88,90,91,96,100,106,132,134" machi="90" ten="40,8000,1" yaku="1,1,2,1,0,1,54,1,53,0" doraHai="76" doraHaiUra="39" who="1" fromWho="1" sc="250,-40,240,90,250,-20,250,-20" /><INIT seed="1,0,0,0,5,48" ten="210,330,230,230" oya="1" hai0="35,71,70,49,104,119,26,97,82,10,21,16,129" hai1="114,27,59,79,77,115,55,80,61,46,32,39,51" hai2="11,18,69,40,75,124,112,103,50,132,106,118,29" hai3="0,100,128,74,31,56,134,22,88,101,47,54,64"/><U45/><E77/><V83/><F118/><W2/><G74/><T99/><D119/><U87/><E45/><V33/><F132/><W76/><G76/><T52/><D129/><U91/><E39/><V94/><F124/><W85/><G2/><T108/><D108/><U123/><E123/><V105/><F69/><W121/><G0/><T19/><D35/><U84/><E27/><V23/><F112/><W110/><G110/><T25/><D82/><U63/><E63/><V130/><F106/><W116/><G134/><T98/><D104/><U24/><E24/><V53/><F105/><W96/><G128/><T73/><D73/><U20/><E20/><V135/><F40/><W78/><G78/><T67/><D67/><U8/><E8/><V68/><F11/><W113/><G113/><T111/><D111/><U102/><E102/><V15/><F103/><W58/><G96/><T120/><D120/><U34/><E114/><V30/><F33/><W5/><G5/><T43/><D43/><U131/><E115/><V28/><F68/><W62/><G47/><T41/><D41/><U3/><E3/><V42/><F42/><W89/><G89/><T90/><D90/><U126/><E126/><V17/><F135/><W38/><G38/><T65/><D65/><N who="1" m="39103" /><E131/><V95/><F130/><W86/><G116/><T6/><D6/><U117/><E117/><V7/><F7/><W133/><G133/><T107/><D107/><U122/><E122/><V12/><F75/><W9/><G100/><T125/><D125/><U13/><E13/><V37/><F37/><W92/><G121/><RYUUKYOKU ba="0,0" sc="210,-10,330,30,230,-10,230,-10" hai1="32,34,46,51,55,79,80,84,87,91" /><INIT seed="1,1,0,4,5,80" ten="200,360,220,220" oya="1" hai0="95,38,76,66,42,102,1,85,81,67,71,112,24" hai1="65,109,134,54,123,17,55,87,37,39,107,15,19" hai2="8,9,57,48,116,46,51,13,78,62,126,121,28" hai3="84,135,131,82,77,22,33,90,58,53,114,133,73"/><U111/><E107/><V75/><F121/><W88/><G33/><T2/><D112/><U14/><E65/><V6/><F126/><W26/><G114/><T49/><D38/><U56/><E56/><V106/><F106/><W128/><G90/><T132/><D132/><N who="3" m="50761" /><G73/><T34/><D71/><U92/><E134/><V18/><F116/><W100/><G100/><T69/><D69/><U29/><E29/><V93/><F28/><N who="3" m="17495" /><G77/><T113/><D113/><U103/><E103/><V79/><F93/><W47/><G47/><T89/><D102/><U108/><E123/><V52/><F75/><W83/><G83/><T127/><D127/><U101/><E101/><V20/><F51/><AGARI ba="1,0" hai="51,53,58,82,84,88,128,131" m="17495,50761" machi="51" ten="30,3900,0" yaku="20,1,52,1,54,1" doraHai="80" who="3" fromWho="2" sc="200,0,360,0,220,-42,220,42" /><INIT seed="2,0,0,1,5,74" ten="200,360,178,262" oya="2" hai0="25,118,77,92,29,17,30,64,12,128,75,101,32" hai1="23,2,109,112,34,39,4,84,15,87,60,68,19" hai2="52,38,3,57,7,100,73,117,88,27,45,53,6" hai3="97,16,99,132,46,42,83,102,59,120,48,135,67"/><V8/><F117/><W35/><G120/><T5/><D118/><U116/><E112/><V11/><F100/><W0/><G35/><T71/><D128/><U1/><E116/><V98/><F73/><W121/><G0/><T86/><D75/><U103/><E39/><V80/><F27/><W134/><G121/><T133/><D133/><U124/><E109/><V51/><F38/><W131/><G131/><T31/><D5/><N who="2" m="1546" /><F3/><W33/><G33/><T94/><D64/><U54/><E124/><V69/><F69/><W56/><G83/><T115/><D115/><U47/><E103/><V123/><F123/><W104/><G67/><T119/><D71/><U22/><E68/><V76/><F76/><W63/><G63/><T106/><D106/><U37/><E34/><V130/><F130/><W44/><G97/><T79/><D119/><U10/><E1/><V49/><F98/><W66/><G66/><T65/><D65/><U129/><E129/><V111/><F111/><W21/><REACH who="3" step="1"/><G46/><REACH who="3" ten="200,360,178,252" step="2"/><T93/><D32/><U50/><E47/><V26/><F26/><AGARI ba="0,1" hai="16,21,26,42,44,48,56,59,99,102,104,132,134,135" machi="26" ten="40,8000,1" yaku="1,1,2,1,20,1,54,1,53,0" doraHai="74" doraHaiUra="82" who="3" fromWho="2" sc="200,0,360,0,178,-80,252,90" /><INIT seed="3,0,0,2,2,58" ten="200,360,98,342" oya="3" hai0="98,72,80,97,107,17,22,19,108,13,60,30,18" hai1="96,42,114,38,41,105,135,122,77,2,27,62,102" hai2="45,120,134,129,35,47,67,101,78,88,111,79,4" hai3="48,51,8,5,109,86,55,127,23,33,99,124,25"/><W61/><G33/><T90/><D108/><U123/><E114/><V133/><F35/><W63/><G109/><T53/><D107/><U115/><E115/><V76/><F111/><W87/><G99/><T93/><D98/><U81/><E135/><N who="2" m="51723" /><F4/><W95/><G95/><T74/><D30/><U9/><E41/><V54/><F67/><W128/><G128/><T68/><D74/><U1/><E27/><V66/><F66/><W113/><G113/><T82/><D72/><N who="1" m="43175" /><E62/><N who="3" m="23562" /><G51/><T117/><D117/><U21/><E1/><V85/><F120/><W131/><G131/><T56/><D68/><U106/><E105/><V37/><F101/><W28/><G124/><T125/><D125/><U118/><E118/><V6/><F129/><W110/><G110/><T15/><REACH who="0" step="1"/><D18/><REACH who="0" ten="190,360,98,342" step="2"/><U73/><E73/><V10/><F85/><W52/><G127/><T39/><D39/><U12/><E38/><V49/><F37/><W36/><G36/><T0/><D0/><U89/><E2/><V11/><F6/><W40/><G86/><T14/><D14/><U31/><E12/><V57/><F49/><W130/><G87/><T7/><D7/><U132/><E132/><V29/><F29/><W44/><G130/><T103/><D103/><U92/><E102/><V71/><F71/><W59/><G59/><T75/><D75/><U32/><E106/><V70/><F70/><W116/><G116/><T121/><D121/><U104/><E104/><V84/><F57/><W83/><G83/><T3/><D3/><U50/><E122/><V16/><F84/><W65/><G5/><T126/><D126/><RYUUKYOKU ba="0,1" sc="190,30,360,-10,98,-10,342,-10" hai0="13,15,17,19,22,53,56,60,80,82,90,93,97" /><INIT seed="4,1,1,4,1,66" ten="220,350,88,332" oya="0" hai0="54,0,8,31,70,112,92,90,46,79,127,21,102" hai1="72,9,97,84,135,88,18,122,7,24,89,101,78" hai2="130,35,51,57,119,73,107,23,16,59,58,39,14" hai3="20,94,133,100,53,42,134,55,117,86,129,104,75"/><T32/><D112/><U2/><E122/><V132/><F39/><W106/><G75/><T37/><D127/><U38/><E38/><V17/><F35/><W83/><G42/><T131/><D70/><U85/><E72/><V64/><F107/><W91/><G117/><T126/><D79/><U30/><E18/><V111/><F111/><W5/><G5/><T125/><D32/><U109/><E135/><V108/><F108/><W63/><G20/><T28/><D102/><U33/><E109/><V99/><F130/><W47/><G55/><T60/><D37/><U96/><E78/><V52/><F73/><W103/><G47/><T49/><D60/><U76/><E76/><V27/><F132/><N who="3" m="50795" /><G53/><T67/><D67/><U115/><E115/><V40/><F119/><W110/><G63/><T6/><D131/><U123/><E123/><V11/><F40/><W80/><G110/><T1/><D1/><U81/><REACH who="1" step="1"/><E101/><REACH who="1" ten="220,340,88,332" step="2"/><N who="3" m="38986" /><G129/><T36/><D36/><U22/><E22/><V3/><F64/><W29/><G29/><T121/><D121/><U128/><E128/><V15/><F3/><W124/><G124/><N who="0" m="47723" /><D21/><U61/><E61/><V10/><REACH who="2" step="1"/><F99/><AGARI ba="1,2" hai="0,6,8,28,31,46,49,54,90,92,99" m="47723" machi="99" ten="30,1500,0" yaku="18,1" doraHai="66" who="0" fromWho="2" sc="220,38,340,0,88,-18,332,0" /><INIT seed="4,2,0,2,1,128" ten="258,340,70,332" oya="0" hai0="60,56,84,72,65,31,36,111,103,101,126,58,129" hai1="87,26,95,41,109,94,116,112,11,115,122,67,100" hai2="78,74,14,52,123,25,130,64,135,70,118,32,48" hai3="105,82,88,1,9,90,121,15,47,37,54,53,40"/><T57/><D72/><U108/><E41/><V34/><F123/><W59/><G105/><T22/><D36/><U7/><E67/><V124/><F130/><W110/><G110/><T132/><D111/><N who="1" m="42571" /><E26/><V43/><F124/><W92/><G121/><T102/><D129/><U24/><E24/><V27/><F118/><W86/><G1/><T20/><D126/><U120/><E11/><V73/><F43/><W131/><G131/><T23/><D84/><U13/><E13/><V113/><F113/><N who="1" m="43593" /><E7/><V117/><F64/><W18/><G59/><T61/><D31/><U106/><E106/><V85/><F14/><W29/><G29/><T83/><D83/><U98/><E116/><V99/><F117/><W96/><AGARI ba="2,0" hai="9,15,18,37,40,47,53,54,82,86,88,90,92,96" machi="96" ten="20,2700,0" yaku="0,1,7,1,54,1" doraHai="128" who="3" fromWho="3" sc="258,-15,340,-9,70,-9,332,33" /><INIT seed="5,0,0,5,0,51" ten="243,331,61,365" oya="1" hai0="65,11,27,131,43,108,18,29,23,71,32,68,72" hai1="113,20,39,96,116,77,132,123,48,69,79,40,45" hai2="35,70,92,133,2,53,94,44,102,49,78,89,19" hai3="124,13,80,97,10,121,30,15,42,1,66,73,59"/><U57/><E116/><V83/><F133/><W24/><G124/><T9/><D72/><U63/><E123/><V14/><F2/><W64/><G1/><T61/><D108/><U104/><E113/><V135/><F135/><W75/><G42/><T112/><D112/><U119/><E119/><V128/><F128/><W34/><G15/><T95/><D131/><U21/><E132/><V81/><F35/><W56/><G56/><T87/><D71/><U76/><E104/><V91/><F70/><W129/><G121/><T93/><D43/><U109/><E109/><V25/><F25/><W105/><G73/><T125/><D125/><U3/><E3/><V33/><F33/><W114/><G114/><T118/><D118/><U82/><E96/><V16/><F102/><W52/><G75/><T47/><D47/><U90/><E39/><V4/><F78/><W28/><G28/><T22/><D32/><U100/><E100/><V7/><F19/><W17/><G80/><N who="2" m="30793" /><F94/><W107/><G129/><T98/><D87/><N who="1" m="50551" /><E69/><V6/><F92/><W67/><REACH who="3" step="1"/><G97/><REACH who="3" ten="243,331,61,355" step="2"/><T58/><D68/><U101/><E101/><V127/><F127/><W37/><G37/><T46/><D98/><U74/><E74/><V54/><F91/><W117/><G117/><T126/><D126/><U111/><E111/><V130/><F130/><W36/><G36/><T120/><D120/><U41/><E40/><N who="2" m="24711" /><F89/><W99/><G99/><T134/><D134/><U60/><E57/><V5/><N who="2" m="1024" /><DORA hai="84" /><V110/><F110/><W106/><G106/><T31/><D31/><U55/><E41/><V38/><F38/><RYUUKYOKU ba="0,1" sc="243,-30,331,10,61,10,355,10" hai1="20,21,45,48,55,60,63,76,77,79" hai2="14,16,53,54" hai3="10,13,17,24,30,34,52,59,64,66,67,105,107" /><INIT seed="5,1,1,4,3,46" ten="213,341,71,365" oya="1" hai0="120,87,52,4,115,128,96,113,0,39,1,68,26" hai1="12,86,21,98,99,97,6,56,76,54,131,48,19" hai2="66,35,69,107,57,84,82,121,37,77,95,11,31" hai3="59,71,8,58,23,64,13,90,29,34,67,109,74"/><U24/><E131/><V85/><F121/><W63/><G34/><T14/><D120/><U15/><REACH who="1" step="1"/><E6/><REACH who="1" ten="213,331,71,365" step="2"/><V42/><F37/><W50/><G109/><T32/><D39/><U133/><E133/><V102/><F69/><W110/><G110/><T22/><D68/><U61/><E61/><V62/><F62/><W75/><G71/><T7/><D128/><U41/><E41/><V101/><F42/><W100/><G63/><T45/><D7/><U93/><E93/><V125/><F95/><W116/><G116/><T114/><D4/><U123/><E123/><V10/><F107/><W134/><G134/><T78/><D115/><U70/><E70/><V92/><F92/><W129/><G129/><T89/><D114/><U30/><E30/><V111/><F31/><W119/><G119/><T108/><D113/><U28/><E28/><V5/><F5/><W81/><G29/><T135/><D135/><U105/><E105/><V40/><F40/><W83/><G64/><T43/><D43/><U33/><E33/><V79/><F35/><W36/><G67/><T16/><D32/><U27/><E27/><V38/><F38/><W112/><G36/><T72/><D26/><U25/><E25/><V117/><F117/><W80/><G112/><T103/><D108/><U94/><E94/><V104/><F111/><W2/><G13/><T18/><D14/><U9/><E9/><V124/><F104/><W126/><G8/><T44/><D18/><U51/><E51/><V17/><F17/><W122/><G50/><T65/><D65/><U106/><E106/><V73/><F66/><RYUUKYOKU ba="1,2" sc="213,-10,331,30,71,-10,365,-10" hai1="12,15,19,21,24,48,54,56,76,86,97,98,99" /><INIT seed="5,2,2,5,2,117" ten="203,361,61,355" oya="1" hai0="40,82,74,21,75,124,88,84,92,123,43,52,90" hai1="28,44,35,132,87,112,135,47,38,15,119,0,5" hai2="18,25,37,4,3,68,42,79,77,114,46,65,1" hai3="36,34,100,41,107,29,80,22,94,64,111,50,53"/><U10/><E119/><V126/><F126/><W81/><G34/><T110/><D124/><U134/><E112/><V14/><F114/><W106/><G106/><T69/><D69/><U49/><E38/><V27/><F4/><W102/><G107/><T86/><D110/><U125/><E125/><V121/><F121/><W16/><G29/><T128/><D128/><U19/><E87/><V57/><F68/><W130/><G111/><T48/><D123/><U115/><E115/><V105/><F105/><W24/><G64/><T63/><D63/><U26/><REACH who="1" step="1"/><E49/><REACH who="1" ten="203,351,61,355" step="2"/><V76/><F3/><W99/><G130/><T30/><D74/><U72/><E72/><V55/><F1/><W98/><G36/><T89/><D75/><U20/><AGARI ba="2,3" hai="0,5,10,15,19,20,26,28,35,44,47,132,134,135" machi="20" ten="30,18000,2" yaku="1,1,0,1,24,2,20,1,53,1" doraHai="117" doraHaiUra="7" who="1" fromWho="1" sc="203,-62,351,216,61,-62,355,-62" owari="141,-26.0,567,67.0,-1,-50.0,293,9.0" /></mjloggm>