<mjloggm ver="2.3"><GO type="41" lobby="0"/><UN n0="%E2%93%9D%53%75%70%68%78" n1="%E3%81%BF%E3%82%8B%E3%81%8F%E3%81%9B%E3%83%BC%E3%81%88%E3%81%8D" n2="%E6%99%B4%E3%81%A1%E3%82%83%E3%82%93%28%E5%B0%8F%E4%BF%9D%E6%96%B9" n3="%E5%90%89%E7%A5%A5%2E%79%66" dan="19,13,14,15" rate="2201.78,2045.59,1941.55,2058.23" sx="M,M,F,M"/><TAIKYOKU oya="0"/><INIT seed="0,0,0,1,1,24" ten="250,250,250,250" oya="0" hai0="54,111,21,18,73,37,13,55,78,59,109,89,36" hai1="26,32,116,35,56,97,106,108,132,133,87,16,95" hai2="94,5,14,104,7,128,124,50,0,77,120,123,115" hai3="119,45,28,129,96,92,118,46,113,9,91,61,39"/><T69/><D69/><U82/><E116/><V90/><F104/><W74/><G113/><T107/><D107/><U84/><E106/><V49/><F77/><W130/><G74/><T41/><D55/><U11/><E56/><V66/><F115/><W15/><G61/><T125/><D125/><U67/><E67/><V126/><F0/><W20/><G39/><T2/><D2/><U80/><E108/><N who="0" m="41545" /><D41/><U122/><E122/><V30/><F14/><W114/><G114/><T42/><D42/><U23/><E11/><V102/><F94/><W79/><G79/><T75/><D89/><U38/><E38/><N who="0" m="14953" /><D78/><U112/><E112/><V58/><F90/><W83/><G83/><T22/><D22/><U72/><E72/><V17/><F58/><W110/><G110/><T81/><D81/><U88/><E82/><V121/><F66/><W8/><G118/><T86/><D86/><U40/><E40/><V33/><F121/><W76/><G76/><T43/><D43/><U12/><E35/><V131/><F33/><W3/><G3/><T117/><D117/><U63/><E63/><AGARI ba="0,0" hai="13,18,21,54,59,63,73,75" m="14953,41545" machi="63" ten="30,2900,0" yaku="14,1,10,1" doraHai="24" who="0" fromWho="1" sc="250,29,250,-29,250,0,250,0" /><INIT seed="0,1,0,0,5,61" ten="279,221,250,250" oya="0" hai0="68,53,77,54,96,87,84,55,90,133,69,51,24" hai1="62,21,26,3,20,83,65,35,130,132,19,10,52" hai2="58,131,14,12,102,104,4,93,0,40,27,25,15" hai3="41,125,7,75,9,17,43,94,70,64,6,118,95"/><T110/><D133/><U56/><E35/><V129/><F104/><W48/><G75/><T85/><D110/><U119/><E119/><V37/><F40/><W38/><G38/><T57/><D77/><U91/><E132/><V22/><F37/><W117/><G48/><T28/><D69/><U30/><E130/><V33/><F102/><W50/><G50/><T46/><D68/><U106/><E106/><V105/><F93/><W97/><G17/><T73/><D73/><U44/><E3/><V63/><F105/><W121/><G9/><T31/><D57/><N who="1" m="37071" /><E10/><N who="2" m="2311" /><F58/><W59/><G59/><T78/><D78/><U113/><E44/><V98/><F98/><W5/><G121/><T88/><D96/><U134/><E134/><V116/><F63/><W18/><G5/><T66/><D66/><U2/><E2/><V60/><F60/><W122/><G70/><T49/><D49/><N who="1" m="30735" /><E113/><V135/><F135/><W114/><G97/><T99/><D99/><U71/><E71/><V100/><F116/><W108/><G122/><T126/><D126/><U36/><E36/><V42/><F42/><W11/><G125/><T89/><REACH who="0" step="1"/><D24/><REACH who="0" ten="269,221,250,250" step="2"/><N who="1" m="14367" /><E91/><V92/><F131/><W79/><G114/><T112/><D112/><U111/><E111/><V74/><F74/><W13/><G108/><T45/><D45/><U107/><E107/><V47/><F47/><W34/><G118/><T16/><D16/><U39/><E39/><V8/><F129/><W1/><G117/><T128/><D128/><U29/><E29/><AGARI ba="1,1" hai="28,29,31,46,51,53,54,55,84,85,87,88,89,90" machi="29" ten="40,7700,0" yaku="1,1,8,1,54,1,53,0" doraHai="61" doraHaiUra="103" who="0" fromWho="1" sc="269,90,221,-80,250,0,250,0" /><INIT seed="0,2,0,2,5,132" ten="359,141,250,250" oya="0" hai0="14,25,24,93,63,122,37,9,131,105,1,17,66" hai1="22,52,117,20,119,0,95,12,108,106,135,50,103" hai2="58,3,72,11,49,67,74,68,114,85,133,77,118" hai3="7,111,23,31,99,30,123,86,13,33,83,41,92"/><T44/><D105/><U125/><E135/><V64/><F133/><W107/><G107/><T45/><D122/><U15/><E0/><V78/><F68/><W84/><G33/><T8/><D131/><U124/><E106/><V120/><F120/><W81/><G123/><T70/><D93/><U129/><E95/><V69/><F69/><W71/><G71/><T100/><D100/><U34/><E103/><V29/><F114/><W48/><G111/><T43/><REACH who="0" step="1"/><D45/><REACH who="0" ten="349,141,250,250" step="2"/><U130/><E108/><V2/><F118/><W46/><G92/><T82/><D82/><U134/><E134/><V96/><F96/><W94/><G83/><T18/><D18/><U116/><E34/><V5/><F74/><W88/><G86/><T60/><D60/><U42/><E42/><V38/><F72/><W79/><G7/><AGARI ba="2,1" hai="1,7,8,9,14,17,24,25,37,43,44,63,66,70" machi="7" ten="40,2000,0" yaku="1,1,53,0" doraHai="132" doraHaiUra="76" who="0" fromWho="3" sc="349,36,141,0,250,0,250,-26" /><INIT seed="0,3,0,4,2,131" ten="385,141,250,224" oya="0" hai0="129,75,70,123,63,122,54,127,12,85,106,72,71" hai1="3,19,109,67,44,64,78,14,53,18,26,15,132" hai2="60,125,116,112,102,117,84,58,93,135,31,74,87" hai3="40,114,51,134,2,98,118,24,79,13,100,36,111"/><T66/><D129/><U20/><E3/><V62/><F112/><W10/><G114/><T56/><D106/><U86/><E109/><V32/><F74/><W133/><G2/><T91/><D127/><U107/><E107/><V82/><F125/><W90/><G36/><T128/><D128/><U57/><E44/><V77/><F62/><W28/><G79/><T22/><D75/><U121/><E121/><V38/><F38/><W120/><G118/><T130/><D72/><U124/><E124/><V42/><F42/><W89/><G111/><T50/><D71/><U92/><E26/><V7/><F7/><W59/><G120/><T9/><D130/><U1/><E1/><V55/><F31/><W45/><G59/><T103/><D103/><U48/><E132/><N who="3" m="50794" /><G13/><T0/><D0/><U52/><E53/><V27/><F135/><W39/><G10/><T110/><D110/><U49/><E49/><V99/><F117/><W46/><G46/><T68/><D68/><U23/><E78/><V41/><F116/><W69/><G39/><T25/><D9/><U96/><REACH who="1" step="1"/><E86/><REACH who="1" ten="385,131,250,224" step="2"/><V6/><F87/><W113/><G113/><T94/><D12/><U83/><E83/><V88/><F77/><W8/><G8/><T43/><D43/><U104/><E104/><V73/><F73/><W126/><G126/><T11/><D11/><U101/><AGARI ba="3,1" hai="14,15,18,19,20,23,48,52,57,64,67,92,96,101" machi="101" ten="20,12000,2" yaku="1,1,0,1,7,1,9,1,8,1,54,1,53,1" doraHai="131" doraHaiUra="95" who="1" fromWho="1" sc="385,-63,131,139,250,-33,224,-33" /><INIT seed="1,0,0,0,0,120" ten="322,270,217,191" oya="1" hai0="9,4,91,12,1,56,0,88,32,110,41,92,87" hai1="118,99,55,93,98,109,89,103,19,54,63,83,22" hai2="61,60,64,117,123,59,2,127,82,129,113,52,37" hai3="73,133,101,115,72,96,53,47,97,131,125,84,100"/><U68/><E118/><V122/><F2/><W11/><G11/><BYE who="3" /><T57/><D32/><U124/><E124/><V30/><F30/><W85/><G85/><T130/><D110/><U51/><E109/><V94/><F117/><W119/><G119/><T38/><D130/><UN n3="%E5%90%89%E7%A5%A5%2E%79%66" /><U78/><E68/><V31/><F31/><W17/><G17/><T25/><D25/><U90/><E63/><V77/><F129/><W49/><G131/><T33/><D33/><U71/><E71/><V29/><F37/><W86/><G125/><T69/><D69/><U45/><E55/><V102/><F29/><W80/><G86/><T46/><REACH who="0" step="1"/><D91/><REACH who="0" ten="312,270,217,191" step="2"/><U111/><E111/><V40/><F127/><W8/><G115/><T44/><D44/><U106/><E90/><V74/><F113/><W67/><G101/><T13/><D13/><U34/><E34/><V24/><F24/><W15/><G100/><T10/><D10/><U134/><E134/><V108/><F108/><W26/><G26/><T62/><D62/><U104/><E89/><V6/><F40/><W128/><G128/><T39/><D39/><U75/><E99/><V20/><F123/><W116/><G133/><T121/><D121/><U28/><E28/><V135/><F135/><W5/><G116/><T58/><AGARI ba="0,1" hai="0,1,4,9,12,38,41,46,56,57,58,87,88,92" machi="58" ten="30,4000,0" yaku="1,1,0,1,54,1,53,0" doraHai="120" doraHaiUra="114" who="0" fromWho="0" sc="312,50,270,-20,217,-10,191,-10" /><INIT seed="2,0,0,1,1,25" ten="362,250,207,181" oya="2" hai0="69,18,94,10,101,0,84,65,112,40,42,126,22" hai1="78,124,88,114,113,1,15,102,85,50,55,109,73" hai2="90,11,56,46,52,79,107,91,105,61,77,53,34" hai3="7,119,75,86,37,122,72,68,36,58,44,19,41"/><V81/><F34/><W45/><G68/><T129/><D129/><U62/><E1/><V5/><F107/><W127/><G119/><T9/><D112/><U31/><E109/><V66/><F105/><W51/><G122/><T135/><D135/><U82/><E124/><V118/><F118/><W115/><G127/><T89/><D65/><U134/><E134/><V27/><F27/><W123/><G123/><T116/><D69/><U111/><E111/><V12/><F79/><W76/><G115/><T38/><D38/><U24/><E62/><V16/><F5/><W110/><G58/><T47/><D101/><U97/><E15/><V13/><F13/><W49/><G110/><T33/><D33/><U121/><E121/><V57/><F46/><W95/><G7/><T32/><D32/><U80/><E97/><V83/><F66/><W120/><G120/><T108/><D0/><U30/><E102/><V3/><F3/><W132/><G132/><T99/><D116/><U93/><E80/><N who="2" m="30795" /><F77/><W117/><G117/><T125/><D108/><U35/><REACH who="1" step="1"/><E31/><REACH who="1" ten="362,240,207,181" step="2"/><V96/><F96/><W74/><G37/><T67/><D126/><U106/><E106/><V104/><F104/><W23/><G36/><T128/><D99/><U2/><E2/><V39/><F39/><W26/><G76/><T100/><D125/><U48/><E48/><AGARI ba="0,1" hai="11,12,16,48,52,53,56,57,61,90,91" m="30795" machi="48" ten="30,5800,0" yaku="8,1,54,2" doraHai="25" who="2" fromWho="1" sc="362,0,240,-58,207,68,181,0" /><INIT seed="2,1,0,3,0,1" ten="362,182,275,181" oya="2" hai0="112,105,13,78,135,77,48,102,49,110,38,9,81" hai1="73,111,86,56,84,120,91,8,31,2,46,117,106" hai2="42,61,51,63,79,34,32,80,123,68,99,75,24" hai3="128,93,67,64,89,94,118,108,22,29,74,125,126"/><V72/><F123/><W116/><G74/><T28/><D110/><U27/><E73/><V97/><F42/><W132/><G29/><T37/><D135/><U53/><E106/><V65/><F51/><W36/><G36/><T124/><D124/><N who="3" m="47721" /><G22/><T100/><D112/><U92/><E117/><N who="3" m="45162" /><G108/><T114/><D28/><U16/><E111/><V98/><F75/><W130/><G132/><T45/><D105/><U127/><E46/><V82/><F82/><W66/><G89/><T69/><D114/><U104/><E104/><V85/><F72/><W109/><G109/><T15/><D45/><U30/><E127/><V113/><F113/><W11/><G11/><T90/><D9/><U19/><E120/><V0/><F24/><W40/><G40/><T4/><D90/><N who="1" m="53319" /><E2/><V39/><F39/><W41/><G41/><T52/><D81/><N who="1" m="49615" /><E19/><V35/><F0/><W50/><G50/><T44/><D44/><U107/><E107/><V83/><F83/><W122/><G122/><T55/><D69/><U58/><E58/><V103/><REACH who="2" step="1"/><F63/><REACH who="2" ten="362,182,265,181" step="2"/><W87/><G87/><T54/><D38/><U47/><E27/><V133/><F133/><W43/><G43/><T121/><D37/><U131/><E131/><AGARI ba="1,1" hai="64,66,67,93,94,128,130,131" m="45162,47721" machi="131" ten="40,8000,1" yaku="28,2,19,1,18,1" doraHai="1" who="3" fromWho="1" sc="362,0,182,-83,265,0,181,93" /><INIT seed="3,0,0,2,1,16" ten="362,99,265,274" oya="3" hai0="32,23,58,57,71,31,2,63,36,67,41,133,60" hai1="0,103,76,77,72,100,92,122,10,55,3,8,17" hai2="135,51,66,120,13,83,21,84,104,117,49,95,29" hai3="129,101,33,48,47,62,11,79,123,73,94,91,85"/><W97/><G123/><T96/><D2/><U132/><E92/><V87/><F104/><W88/><G129/><T115/><D32/><U130/><E17/><V78/><F117/><W30/><G62/><T68/><D96/><U102/><E122/><V125/><F125/><W74/><G79/><T105/><D105/><U119/><E119/><V6/><F135/><W128/><G128/><T50/><D23/><U24/><E130/><V106/><F106/><W5/><G30/><T114/><D31/><U69/><E102/><V59/><F120/><W9/><G33/><T70/><D36/><U44/><E69/><V45/><F59/><W112/><G91/><T56/><D133/><U19/><E19/><V54/><F51/><W64/><G64/><N who="0" m="40967" /><D71/><U124/><E132/><V20/><F66/><W118/><G118/><T127/><D127/><U82/><E124/><V116/><F116/><W7/><G112/><N who="0" m="43051" /><D41/><U25/><E82/><V22/><F29/><W65/><G65/><T99/><D99/><U53/><REACH who="1" step="1"/><E72/><REACH who="1" ten="362,89,265,274" step="2"/><V27/><F27/><W108/><G74/><T28/><D28/><U1/><E1/><V14/><F6/><N who="3" m="2059" /><G73/><T15/><D15/><U113/><E113/><V42/><F42/><N who="3" m="24695" /><G108/><T38/><D70/><U26/><E26/><V121/><F121/><W80/><AGARI ba="0,1" hai="9,11,80,85,88,94,97,101" m="24695,2059" machi="80" ten="30,3000,0" yaku="8,1,54,1" doraHai="16" who="3" fromWho="3" sc="362,-10,89,-10,265,-10,274,40" /><INIT seed="3,1,0,1,5,114" ten="352,79,255,314" oya="3" hai0="44,130,31,135,90,111,27,5,40,82,2,30,4" hai1="29,94,129,24,10,14,3,116,26,102,123,89,99" hai2="133,106,72,132,66,70,74,86,48,58,67,73,23" hai3="84,120,17,100,21,11,125,38,104,62,78,49,0"/><W28/><G38/><T51/><D111/><U112/><E123/><V53/><F106/><W8/><G120/><T39/><D130/><U63/><E112/><V81/><F70/><W117/><G0/><T75/><D135/><U96/><E129/><V6/><F6/><W108/><G28/><T71/><D71/><U115/><E115/><V77/><REACH who="2" step="1"/><F23/><REACH who="2" ten="352,79,245,314" step="2"/><W68/><G68/><T37/><D5/><U131/><E131/><V50/><F50/><W110/><G49/><T128/><D39/><U101/><E3/><V91/><F91/><W109/><G104/><T85/><D37/><U34/><E63/><V25/><F25/><N who="3" m="14511" /><G62/><T95/><D128/><U80/><E26/><V54/><F54/><W122/><G122/><T43/><D27/><U9/><E9/><N who="3" m="3658" /><G100/><T134/><D2/><U57/><E101/><V41/><F41/><W107/><G107/><T59/><D43/><U113/><E113/><V118/><F118/><W47/><G117/><T16/><D40/><U36/><E116/><V64/><AGARI ba="1,1" hai="48,53,58,64,66,67,72,73,74,77,81,86,132,133" machi="64" ten="40,5200,0" yaku="1,1,0,1,53,1" doraHai="114" doraHaiUra="55" who="2" fromWho="2" sc="352,-14,79,-14,245,65,314,-27" /><INIT seed="4,0,0,4,1,76" ten="338,65,310,287" oya="0" hai0="16,91,25,17,109,39,71,45,97,30,120,84,116" hai1="10,37,98,21,67,2,40,60,6,96,19,18,26" hai2="65,4,1,90,7,117,73,11,0,23,35,33,62" hai3="69,132,108,125,58,122,38,82,75,72,100,41,12"/><T53/><D116/><U24/><E40/><V77/><F90/><W46/><G69/><T44/><D120/><U124/><E37/><V87/><F87/><W20/><G108/><T32/><D71/><U133/><E133/><V61/><F23/><W83/><G100/><T8/><D109/><U127/><E24/><V70/><F62/><W43/><G43/><T107/><D39/><U129/><E129/><V130/><F130/><W57/><G132/><T121/><D121/><U114/><E19/><V78/><F78/><W49/><G122/><T56/><D97/><U119/><E119/><V79/><F79/><W59/><G125/><T101/><D101/><U68/><REACH who="1" step="1"/><E114/><REACH who="1" ten="338,55,310,287" step="2"/><V66/><F117/><W99/><G38/><T15/><D17/><U36/><E36/><V31/><F31/><W131/><G131/><T112/><D112/><U55/><E55/><V14/><F66/><W103/><G72/><T47/><D107/><U88/><E88/><V102/><F102/><W13/><G75/><T86/><REACH who="0" step="1"/><D91/><REACH who="0" ten="328,55,310,287" step="2"/><U34/><E34/><V115/><F115/><W95/><G103/><T126/><D126/><AGARI ba="0,2" hai="2,6,10,18,21,26,60,67,68,96,98,124,126,127" machi="126" ten="40,2600,0" yaku="1,1,18,1,53,0" doraHai="76" doraHaiUra="89" who="1" fromWho="0" sc="328,-26,55,46,310,0,287,0" /><INIT seed="5,0,0,4,3,7" ten="302,101,310,287" oya="1" hai0="41,77,86,92,15,2,94,29,107,23,101,131,1" hai1="70,80,109,133,73,89,67,110,43,108,119,54,102" hai2="104,112,28,13,114,10,60,128,5,33,57,42,106" hai3="44,59,113,135,4,36,14,18,38,39,91,129,118"/><U37/><E119/><V17/><F42/><W55/><G118/><T65/><D107/><U124/><E124/><V75/><F75/><W98/><G113/><N who="2" m="43625" /><F128/><W20/><G129/><T40/><D65/><U47/><E133/><V82/><F82/><W35/><G35/><T63/><D63/><N who="1" m="40319" /><E102/><V68/><F68/><W11/><G135/><T61/><D61/><U58/><E89/><V62/><F28/><W16/><G44/><T74/><D101/><U130/><E130/><V8/><F33/><W31/><G31/><T122/><D122/><U56/><E80/><V51/><F51/><W123/><G123/><T88/><D131/><U52/><E73/><V93/><F93/><W9/><G98/><T6/><D94/><U76/><E76/><V117/><F62/><W71/><G91/><T121/><D121/><U48/><E54/><N who="2" m="33847" /><F117/><W103/><G103/><T116/><D77/><U96/><E96/><V87/><F87/><W12/><G71/><T83/><D74/><U49/><E49/><V25/><F25/><W126/><G126/><T125/><D125/><U85/><E85/><V26/><F26/><W84/><G84/><T34/><D116/><U69/><E69/><V30/><F30/><W24/><G39/><T21/><D83/><U50/><E50/><AGARI ba="0,0" hai="4,9,11,12,14,16,18,20,24,36,38,50,55,59" machi="50" ten="30,7700,0" yaku="7,1,52,2,54,1" doraHai="7" who="3" fromWho="1" sc="302,0,101,-77,310,0,287,77" /><INIT seed="6,0,0,2,5,94" ten="302,24,310,364" oya="2" hai0="64,28,59,85,11,3,95,71,88,125,40,27,118" hai1="53,74,84,47,45,116,97,135,1,56,132,42,93" hai2="4,39,22,41,72,7,103,82,13,6,80,117,61" hai3="2,31,16,50,68,105,83,101,51,36,52,134,131"/><V128/><F117/><W119/><G36/><T121/><D121/><U26/><E116/><V115/><F72/><W89/><G119/><T43/><D71/><U76/><E1/><V33/><F33/><W69/><G31/><T54/><D125/><U98/><E26/><V126/><F41/><W49/><G2/><T58/><D118/><U77/><E42/><V90/><F39/><W100/><G131/><T113/><D113/><U66/><E66/><V60/><F103/><N who="3" m="39499" /><G105/><T0/><D0/><U129/><E129/><V30/><F128/><W12/><G69/><T111/><D111/><U32/><E32/><V86/><F115/><W123/><G68/><T110/><D110/><U15/><E15/><V130/><F126/><W96/><G134/><N who="1" m="51242" /><E56/><V124/><F124/><W20/><G123/><T37/><D37/><U8/><E8/><V18/><F30/><W46/><G83/><N who="2" m="31785" /><F130/><W91/><G91/><T9/><D3/><U5/><E5/><V108/><F108/><W21/><G21/><N who="0" m="15471" /><D11/><U106/><E106/><V120/><F120/><W62/><G62/><N who="0" m="37975" /><D9/><U44/><E53/><V81/><AGARI ba="0,0" hai="4,6,7,13,18,22,60,61,81,86,90" m="31785" machi="81" ten="30,1500,0" yaku="8,1" doraHai="94" who="2" fromWho="2" sc="302,-5,24,-5,310,15,364,-5" /><INIT seed="6,1,0,1,3,77" ten="297,19,325,359" oya="2" hai0="36,85,135,1,28,68,100,126,83,93,128,57,9" hai1="84,119,25,108,129,56,96,120,74,63,123,103,38" hai2="41,16,43,40,113,10,64,72,23,49,19,20,75" hai3="42,48,110,2,109,51,3,118,26,73,111,132,117"/><V124/><F10/><W70/><G70/><T107/><D68/><U47/><E38/><V121/><F121/><N who="1" m="46665" /><E47/><V52/><F64/><W81/><G26/><T95/><D36/><U71/><E71/><V69/><F69/><W8/><G132/><T127/><D28/><U37/><E37/><V13/><F124/><N who="0" m="47658" /><D57/><U99/><E25/><V0/><F0/><W5/><G2/><T101/><D1/><U18/><E18/><V76/><F113/><W31/><G31/><T33/><D9/><U55/><E55/><V122/><F122/><W39/><G51/><T86/><D33/><U44/><E44/><V15/><REACH who="2" step="1"/><F76/><REACH who="2" ten="297,19,315,359" step="2"/><N who="3" m="44175" /><G48/><T90/><D135/><U61/><E119/><V27/><F27/><W134/><G134/><T112/><D112/><U104/><E61/><V65/><F65/><W14/><G14/><T34/><D34/><U46/><E63/><V24/><F24/><W88/><G118/><T7/><D7/><U21/><E21/><V45/><AGARI ba="1,1" hai="13,15,16,19,20,23,40,41,43,45,49,52,72,75" machi="45" ten="30,12000,1" yaku="1,1,0,1,9,1,54,2,53,0" doraHai="77" doraHaiUra="6" who="2" fromWho="2" sc="297,-41,19,-41,315,133,359,-41" owari="256,-14.0,-22,-52.0,448,54.0,318,12.0" /></mjloggm>