<mjloggm ver="2.3"><GO type="41" lobby="0"/><UN n0="%E3%82%A2%E3%82%AB%E3%83%AB%E3%83%88%E3%82%B7%E3%82%B9%E3%83%86%E3%83%A0" n1="%47%2E%59%2E%4D" n2="%E3%81%B2%E3%82%89%E3%81%B0%E3%83%BC" n3="%E2%93%9D%53%75%70%68%78" dan="15,15,14,18" rate="1985.29,2029.65,1964.45,2116.81" sx="M,M,M,M"/><TAIKYOKU oya="0"/><INIT seed="0,0,0,5,2,116" ten="250,250,250,250" oya="0" hai0="34,97,26,88,64,112,56,126,119,14,101,48,24" hai1="76,41,83,11,71,47,110,15,114,63,43,115,35" hai2="78,31,69,6,99,40,105,22,67,7,87,46,57" hai3="54,58,72,129,38,122,75,66,132,81,85,92,133"/><T59/><D119/><U123/><E35/><V68/><F69/><W124/><G38/><T74/><D112/><N who="1" m="43051" /><E110/><V95/><F105/><W12/><G66/><T53/><D74/><N who="1" m="43415" /><E47/><V19/><F68/><W79/><G129/><T107/><D126/><U1/><E1/><V61/><F31/><W16/><G124/><T25/><D14/><U49/><E49/><V86/><F78/><W130/><G130/><T20/><D34/><U121/><E63/><V42/><F42/><N who="1" m="15881" /><E71/><V32/><F32/><W80/><G75/><T60/><REACH who="0" step="1"/><D88/><REACH who="0" ten="240,250,250,250" step="2"/><U10/><E11/><V36/><F87/><W93/><G72/><T94/><D94/><U17/><AGARI ba="0,1" hai="10,15,17,121,123" m="15881,43415,43051" machi="17" ten="30,4000,0" yaku="11,1,52,2" doraHai="116" who="1" fromWho="1" sc="240,-20,250,50,250,-10,250,-10" /><INIT seed="1,0,0,5,4,44" ten="220,300,240,240" oya="1" hai0="17,59,131,82,134,37,43,83,81,122,57,85,89" hai1="50,61,16,0,115,13,99,124,72,118,52,74,78" hai2="135,105,25,126,30,48,113,97,96,4,110,117,80" hai3="20,40,51,21,129,66,38,103,56,101,121,49,92"/><U84/><E0/><V46/><F117/><W128/><G38/><T29/><D122/><U87/><E118/><V5/><F113/><W106/><G40/><T127/><D127/><U26/><E124/><V22/><F126/><W100/><G106/><T108/><D108/><U3/><E3/><V35/><F110/><W75/><G75/><T109/><D109/><U95/><E115/><V90/><F135/><W65/><G92/><T93/><D134/><U79/><E72/><V123/><F123/><W104/><G56/><T6/><D131/><N who="3" m="50249" /><G104/><T60/><D6/><U73/><E74/><V91/><F35/><W54/><G54/><T88/><D29/><U33/><E61/><V70/><F70/><W7/><G7/><T24/><D89/><N who="1" m="55791" /><E26/><V41/><F105/><W42/><G42/><T18/><D59/><N who="1" m="33175" /><E33/><V28/><F28/><W2/><G2/><T132/><D132/><U77/><E73/><V94/><F96/><W125/><G121/><T130/><D130/><U114/><E114/><V76/><F91/><W119/><G119/><T12/><D24/><U8/><AGARI ba="0,0" hai="8,13,16,77,78,79,84,87" m="33175,55791" machi="8" ten="30,11700,0" yaku="8,1,52,1,54,2" doraHai="44" who="1" fromWho="1" sc="220,-39,300,117,240,-39,240,-39" /><INIT seed="1,1,0,3,4,22" ten="181,417,201,201" oya="1" hai0="56,72,88,125,54,19,57,108,75,24,81,30,84" hai1="65,41,82,71,129,21,28,2,20,40,0,77,119" hai2="126,87,98,85,68,18,99,83,78,107,43,128,5" hai3="44,70,131,58,113,23,90,122,110,121,35,103,49"/><U17/><E119/><V111/><F68/><W61/><G35/><T102/><D108/><U79/><E129/><V27/><F111/><W116/><G103/><T114/><D125/><U59/><E71/><V80/><F126/><W4/><G4/><T100/><D114/><U104/><E104/><V133/><F128/><W12/><G12/><T60/><D19/><U123/><E123/><V132/><F5/><W134/><G90/><T31/><D31/><U66/><E28/><V97/><F43/><W47/><G23/><N who="0" m="15647" /><D75/><U46/><E2/><V29/><F18/><W63/><G110/><T106/><D72/><U62/><E0/><V26/><F107/><W52/><G131/><T39/><D39/><U25/><E21/><V6/><F6/><W112/><G116/><T127/><D127/><U93/><E93/><V11/><F11/><W101/><G101/><N who="0" m="39019" /><D106/><U76/><E82/><V96/><N who="2" m="24576" /><DORA hai="117" /><V48/><F48/><W37/><G113/><T55/><D57/><U109/><E109/><V7/><F7/><W45/><G112/><T13/><D13/><U14/><E14/><V3/><F3/><W67/><G37/><T105/><D105/><U86/><E59/><V33/><REACH who="2" step="1"/><F27/><REACH who="2" ten="181,417,191,201" step="2"/><W73/><G70/><T69/><D69/><U135/><E25/><V115/><F115/><W34/><G49/><T118/><D118/><U42/><E17/><V51/><F51/><W92/><G122/><T74/><D74/><U8/><E8/><V10/><F10/><W38/><G73/><T36/><D36/><U9/><E9/><V64/><F64/><AGARI ba="1,1" hai="54,55,56,60,64,81,84,88" m="39019,15647" machi="64" ten="30,3900,0" yaku="8,1,52,1,54,1" doraHai="22,117" who="0" fromWho="2" sc="181,52,417,0,191,-42,201,0" /><INIT seed="2,0,0,2,4,73" ten="233,417,149,201" oya="2" hai0="86,118,43,44,37,80,77,132,93,62,67,65,85" hai1="115,108,18,21,109,61,0,88,64,103,94,76,124" hai2="75,84,72,68,92,60,20,53,120,89,4,30,50" hai3="129,46,45,56,9,54,63,91,79,52,36,110,105"/><V47/><F120/><W51/><G105/><T117/><D132/><U57/><E0/><V130/><F130/><W114/><G91/><N who="0" m="53487" /><D62/><U126/><E103/><V16/><F4/><W122/><G122/><T40/><D40/><U7/><E7/><V17/><F30/><W102/><G102/><T96/><D96/><N who="1" m="57415" /><E76/><V55/><F17/><W49/><G110/><N who="1" m="42602" /><E115/><V90/><F90/><W6/><G129/><T69/><D69/><U1/><E1/><V42/><F42/><W98/><G114/><T70/><D70/><U127/><E126/><V22/><F22/><W101/><G36/><T112/><D112/><U134/><E134/><V29/><F29/><W19/><G19/><T13/><D13/><AGARI ba="0,0" hai="13,18,21,57,61,64,124,127" m="42602,57415" machi="13" ten="30,2000,0" yaku="14,1,54,1" doraHai="73" who="1" fromWho="0" sc="233,-20,417,20,149,0,201,0" /><INIT seed="3,0,0,0,4,124" ten="213,437,149,201" oya="3" hai0="13,88,51,49,62,25,91,58,111,50,29,1,8" hai1="106,7,24,78,119,85,71,103,92,122,11,134,100" hai2="114,89,10,79,86,6,108,52,128,129,72,38,69" hai3="76,135,132,26,77,3,113,4,23,73,36,39,115"/><W48/><G48/><T74/><D111/><U90/><E122/><V66/><F38/><N who="3" m="14379" /><G4/><T40/><D74/><U70/><E78/><N who="3" m="30314" /><G3/><T81/><D1/><U82/><E119/><V118/><F118/><W57/><G57/><T60/><D40/><U127/><E127/><V55/><F108/><W110/><G110/><T21/><D81/><U0/><E106/><V37/><F114/><N who="3" m="43531" /><G23/><T27/><D27/><U97/><E103/><V75/><F37/><W94/><G26/><T98/><D98/><U101/><E100/><V125/><F79/><W14/><G14/><T63/><REACH who="0" step="1"/><D58/><REACH who="0" ten="203,437,149,201" step="2"/><U116/><E116/><V47/><F125/><W107/><G73/><T126/><D126/><U18/><E24/><V33/><F75/><W67/><G107/><T34/><D34/><U22/><E71/><V121/><F33/><W99/><G99/><T43/><D43/><U41/><E41/><V133/><F121/><W16/><G94/><T104/><D104/><U80/><E70/><V131/><F133/><N who="3" m="51275" /><G67/><T45/><D45/><U2/><E134/><V5/><F72/><W61/><G61/><T56/><D56/><U44/><E0/><N who="2" m="295" /><F6/><AGARI ba="0,1" hai="6,8,13,21,25,29,49,50,51,60,62,63,88,91" machi="6" ten="40,8000,1" yaku="1,1,8,1,54,1,53,1" doraHai="124" doraHaiUra="17" who="0" fromWho="2" sc="203,90,437,0,149,-80,201,0" /><INIT seed="4,0,0,0,0,17" ten="293,437,69,201" oya="0" hai0="68,33,16,22,122,4,60,40,20,29,31,106,124" hai1="128,101,95,102,104,61,114,0,32,64,111,109,45" hai2="77,73,15,99,69,28,94,8,84,67,117,38,100" hai3="54,123,23,7,46,5,50,83,59,82,86,21,39"/><T30/><D122/><U110/><E0/><V10/><F38/><W37/><G123/><T112/><D40/><U49/><E128/><V108/><F117/><W88/><G39/><T58/><D68/><U41/><E104/><V56/><F108/><W19/><G37/><T76/><D106/><U66/><E32/><V14/><F69/><W1/><G1/><T79/><D33/><U119/><E119/><V81/><F28/><W107/><G107/><T93/><D112/><U44/><E95/><V3/><F3/><W48/><G83/><T132/><D124/><U42/><E102/><V34/><F34/><W133/><G133/><T27/><D4/><N who="3" m="1609" /><G19/><N who="0" m="12703" /><D93/><U52/><E101/><V75/><F14/><W63/><G50/><T96/><D96/><U129/><E129/><V18/><F10/><W72/><G72/><T71/><D71/><U126/><E126/><V35/><REACH who="2" step="1"/><F35/><REACH who="2" ten="293,437,59,201" step="2"/><W125/><G125/><T13/><D132/><U9/><E9/><V55/><F55/><AGARI ba="0,1" hai="21,23,46,48,54,55,59,63,82,86,88" m="1609" machi="55" ten="30,7700,0" yaku="8,1,52,2,54,1" doraHai="17" who="3" fromWho="2" sc="293,0,437,0,59,-77,201,87" /><AGARI ba="0,0" hai="13,16,22,29,30,31,55,58,60,76,79" m="12703" machi="55" ten="30,11600,0" yaku="8,1,52,2,54,1" doraHai="17" who="0" fromWho="2" sc="293,116,437,0,-18,-116,288,0" owari="409,21.0,437,53.0,-134,-63.0,288,-11.0" /></mjloggm>