<mjloggm ver="2.3"><GO type="41" lobby="0"/><UN n0="%E2%93%9D%53%75%70%68%78" n1="%43%72%6F%77%5F%37%37" n2="%43%43%44%31%31%32%31" n3="%E3%81%8D%E3%81%BF%E3%81%9F%E3%81%BE%E3%81%94" dan="19,14,14,15" rate="2213.89,1954.93,1934.84,1969.25" sx="M,M,M,M"/><TAIKYOKU oya="0"/><INIT seed="0,0,0,1,5,17" ten="250,250,250,250" oya="0" hai0="3,102,103,22,101,130,110,98,43,38,32,121,15" hai1="115,7,69,56,48,96,78,108,112,77,123,27,18" hai2="94,95,6,65,88,33,104,93,52,87,55,1,12" hai3="125,132,53,34,84,111,126,73,26,40,47,5,62"/><T51/><D121/><U90/><E123/><V45/><F104/><W128/><G73/><T119/><D119/><U74/><E69/><V124/><F33/><W99/><G111/><T63/><D3/><U58/><E108/><V70/><F124/><W66/><G5/><T14/><D32/><U25/><E7/><V122/><F122/><W134/><G53/><T50/><D130/><U116/><E116/><V42/><F1/><W36/><G84/><T120/><D38/><U92/><E74/><V80/><F65/><W39/><G99/><T117/><D117/><U61/><E48/><V67/><F67/><W64/><G26/><T8/><D63/><U11/><E58/><V106/><F106/><W21/><G21/><T2/><D2/><U24/><E115/><V85/><F70/><N who="3" m="42263" /><G34/><T60/><D60/><U100/><E112/><V49/><F87/><W83/><G83/><T23/><D120/><U97/><E11/><AGARI ba="0,0" hai="6,11,12,42,45,49,52,55,80,85,88,93,94,95" machi="11" ten="40,5200,0" yaku="8,1,54,2" doraHai="17" who="2" fromWho="1" sc="250,0,250,-52,250,52,250,0" /><INIT seed="1,0,0,2,3,17" ten="250,198,302,250" oya="1" hai0="97,24,135,51,93,22,18,100,73,120,74,131,8" hai1="49,106,1,3,58,133,123,43,5,81,128,0,98" hai2="27,32,99,70,20,54,117,101,105,119,111,47,134" hai3="130,104,132,112,85,14,44,11,114,82,31,124,80"/><U40/><E123/><V108/><F134/><W84/><G104/><T13/><D131/><U23/><E128/><V79/><F79/><W56/><G132/><T52/><D120/><U50/><E133/><V125/><F70/><W15/><G124/><T55/><D135/><U94/><E5/><V118/><F125/><W115/><G130/><T122/><D122/><U19/><E106/><V116/><N who="2" m="29696" /><DORA hai="113" /><V33/><F54/><W129/><G44/><T107/><D55/><U46/><E81/><V69/><F47/><W110/><G31/><T127/><D107/><U76/><E76/><V62/><F62/><W77/><G129/><T90/><D100/><U9/><E9/><V39/><F39/><W88/><G110/><N who="2" m="42025" /><F69/><W65/><REACH who="3" step="1"/><G11/><REACH who="3" ten="250,198,302,240" step="2"/><T42/><D127/><U12/><E46/><V29/><AGARI ba="0,1" hai="20,27,29,32,33,99,101,105" m="42025,29696" machi="29" ten="60,12000,2" yaku="14,1,52,5" doraHai="17,113" who="2" fromWho="2" sc="250,-30,198,-60,302,130,240,-30" /><INIT seed="2,0,0,2,2,96" ten="220,138,432,210" oya="2" hai0="116,5,12,118,122,9,95,50,132,81,89,108,80" hai1="72,111,85,22,97,121,59,131,23,48,13,71,127" hai2="126,57,66,24,115,60,69,105,84,0,100,7,55" hai3="77,114,31,92,117,44,78,91,123,49,10,39,112"/><V14/><F126/><W125/><G39/><T26/><D108/><U28/><E111/><V19/><F115/><N who="3" m="44075" /><G117/><N who="0" m="45163" /><D132/><U32/><E127/><V18/><F0/><W40/><G125/><T135/><D135/><U124/><E124/><V11/><F84/><W103/><G31/><T68/><D68/><U16/><E72/><V34/><F55/><W41/><G41/><T74/><D122/><U94/><E71/><V93/><F57/><W35/><G35/><T133/><D74/><U67/><E131/><V37/><F93/><W8/><G103/><T38/><D38/><U43/><E121/><V76/><F76/><N who="3" m="29291" /><G123/><T63/><D133/><U33/><E85/><AGARI ba="0,0" hai="8,10,40,44,49,85,91,92" m="29291,44075" machi="85" ten="30,1000,0" yaku="11,1" doraHai="96" who="3" fromWho="1" sc="220,0,138,-10,432,0,210,10" /><INIT seed="3,0,0,3,5,18" ten="220,128,432,220" oya="3" hai0="25,55,10,19,90,75,72,109,60,94,121,38,68" hai1="88,131,9,29,127,86,78,123,35,30,107,135,49" hai2="132,99,119,110,102,15,65,134,133,11,42,39,17" hai3="62,24,13,51,104,98,1,84,70,45,59,16,116"/><W96/><G116/><T61/><D38/><U14/><E123/><V130/><F119/><W108/><G1/><T47/><D109/><U112/><E112/><V113/><F113/><W46/><G70/><T79/><D79/><U101/><E131/><V83/><F110/><W0/><G0/><T91/><D68/><U27/><E135/><V63/><F130/><W124/><G124/><T52/><D10/><U100/><E127/><V20/><F83/><W50/><G24/><T106/><D106/><U122/><E122/><V54/><F54/><W76/><G104/><T26/><D19/><U77/><E30/><V80/><F80/><N who="3" m="47111" /><G50/><T69/><D69/><U8/><E49/><V5/><F42/><N who="3" m="25015" /><G46/><T73/><D47/><U4/><E107/><N who="2" m="63967" /><F39/><W37/><G37/><T81/><D121/><U7/><E78/><V125/><F125/><W115/><G115/><T28/><D81/><U120/><E77/><V34/><F34/><W114/><G114/><T87/><D75/><U44/><E44/><V41/><F41/><W74/><G74/><T71/><D71/><U22/><E35/><V40/><F40/><W57/><G57/><T111/><D111/><U53/><E53/><V117/><F117/><W48/><G48/><T6/><D73/><U92/><E120/><V105/><F105/><W21/><G108/><T32/><D72/><U58/><E58/><N who="2" m="37111" /><F5/><W126/><G126/><T43/><D6/><U93/><E93/><V3/><F3/><AGARI ba="0,0" hai="3,4,7,8,9,14,22,27,29,86,88,92,100,101" machi="3" ten="30,3900,0" yaku="7,1,52,1,54,1" doraHai="18" who="1" fromWho="2" sc="220,0,128,39,432,-39,220,0" /><INIT seed="4,0,0,1,3,126" ten="220,167,393,220" oya="0" hai0="24,60,16,55,124,131,15,61,122,127,109,78,33" hai1="105,49,132,84,12,7,65,85,21,62,73,22,123" hai2="92,35,66,117,104,28,101,114,47,48,46,103,102" hai3="17,41,71,39,2,130,76,86,0,8,88,74,30"/><T68/><D122/><U128/><E123/><V36/><F104/><W19/><G71/><T9/><D78/><U98/><E73/><V45/><F36/><W121/><G30/><T53/><D109/><U1/><E1/><V34/><F28/><W112/><G112/><T119/><D119/><U18/><E132/><V72/><F72/><W31/><G31/><N who="0" m="19687" /><D131/><U120/><E120/><V94/><F114/><W56/><G130/><T82/><D82/><U106/><E128/><V29/><F29/><W52/><G121/><T67/><D61/><U100/><E7/><V118/><F48/><W96/><G74/><T58/><D58/><U64/><E22/><V75/><F66/><W20/><G76/><T51/><D51/><U110/><E110/><V89/><F75/><W95/><G39/><T135/><D135/><U69/><E65/><V79/><F79/><W32/><G41/><T11/><D11/><U59/><E106/><V26/><F26/><N who="3" m="14607" /><G32/><N who="2" m="12329" /><F89/><W115/><G86/><T54/><D127/><U81/><REACH who="1" step="1"/><E81/><REACH who="1" ten="220,157,393,220" step="2"/><V42/><F42/><W99/><G2/><T111/><D124/><U91/><E91/><V5/><F5/><W14/><G0/><T63/><D111/><U108/><E108/><V129/><F129/><W43/><G115/><T6/><D6/><U27/><E27/><V125/><F125/><W90/><G90/><T23/><D23/><U87/><E87/><V37/><F118/><W40/><G99/><T70/><D67/><U10/><E10/><V25/><F117/><W57/><G43/><T50/><D50/><U133/><E133/><V80/><F37/><RYUUKYOKU ba="0,1" sc="220,15,157,15,393,-15,220,-15" hai0="9,15,16,53,54,55,60,63,68,70" hai1="12,18,21,49,59,62,64,69,84,85,98,100,105" /><INIT seed="4,1,1,0,0,54" ten="235,172,378,205" oya="0" hai0="95,64,104,56,32,24,23,36,41,114,31,3,105" hai1="115,96,80,63,129,53,87,2,65,92,39,18,111" hai2="68,85,124,61,119,132,112,4,48,12,86,1,79" hai3="57,27,72,15,51,94,109,100,9,74,113,47,84"/><T43/><D3/><U35/><E111/><V126/><F112/><W91/><G109/><T67/><D114/><U26/><E115/><V59/><F132/><W123/><G123/><T37/><D32/><U93/><E2/><V127/><F1/><W77/><G27/><T42/><D95/><U62/><E39/><V120/><F120/><W34/><G34/><T130/><D130/><U40/><E40/><V110/><F110/><W116/><G116/><T44/><D67/><U16/><E35/><V121/><F121/><W55/><G113/><T101/><D101/><U22/><E18/><V97/><F119/><W89/><G77/><T106/><REACH who="0" step="1"/><D44/><REACH who="0" ten="225,172,378,205" step="2"/><U122/><E129/><V30/><F127/><W13/><G100/><T108/><D108/><U99/><E122/><V7/><F126/><W0/><G0/><T133/><D133/><U33/><E33/><V46/><F124/><W134/><G47/><T11/><D11/><U70/><E93/><V5/><F46/><W76/><G134/><T131/><D131/><U60/><E92/><V14/><F68/><W71/><G71/><T19/><D19/><U83/><E83/><V128/><F128/><W21/><G94/><T75/><D75/><U29/><E65/><V8/><F30/><W38/><G74/><T58/><D58/><N who="1" m="34895" /><E70/><V17/><F59/><W69/><G72/><T49/><D49/><U88/><E29/><V28/><F48/><W52/><G69/><T117/><D117/><U10/><E10/><V102/><F8/><W118/><G118/><T81/><D81/><U73/><E73/><V6/><F28/><RYUUKYOKU ba="1,2" sc="225,15,172,15,378,-15,205,-15" hai0="23,24,31,36,37,41,42,43,56,64,104,105,106" hai1="16,22,26,62,63,80,87,88,96,99" /><INIT seed="4,2,2,1,4,86" ten="240,187,363,190" oya="0" hai0="72,34,59,40,68,83,13,74,66,106,93,61,31" hai1="84,42,91,54,92,127,55,81,14,99,78,50,43" hai2="89,45,133,97,62,69,98,11,60,20,29,122,105" hai3="46,104,109,32,30,71,130,96,38,77,85,108,23"/><T5/><D106/><U70/><E70/><V117/><F122/><W16/><G71/><T125/><D125/><U57/><E127/><V76/><F76/><W9/><G9/><T119/><D119/><U132/><E132/><V52/><F11/><W2/><G2/><T124/><D124/><U120/><E120/><V111/><F111/><W126/><G130/><T18/><D5/><U26/><E26/><N who="2" m="16583" /><F69/><W12/><G126/><T88/><D40/><U95/><E95/><N who="2" m="56559" /><F105/><W0/><G0/><T7/><D7/><U56/><REACH who="1" step="1"/><E14/><REACH who="1" ten="240,177,363,190" step="2"/><V73/><F117/><W19/><G12/><T101/><D68/><U103/><E103/><V17/><F133/><W110/><G110/><T10/><D101/><U114/><E114/><V102/><F102/><W65/><G109/><T116/><D116/><U22/><E22/><V36/><F98/><W67/><G23/><T128/><D128/><U64/><E64/><V63/><F73/><W44/><G65/><T48/><D74/><U3/><E3/><V112/><F112/><W25/><G67/><T129/><D129/><U21/><E21/><V123/><F123/><W90/><G108/><T134/><D134/><U4/><E4/><V24/><F24/><W28/><G25/><T118/><D118/><U107/><E107/><V47/><F36/><W6/><G38/><T41/><D72/><U49/><AGARI ba="2,3" hai="42,43,49,50,54,55,56,57,78,81,84,91,92,99" machi="49" ten="20,12000,2" yaku="1,1,0,1,7,1,9,1,8,1,52,1,53,1" doraHai="86" doraHaiUra="87" who="1" fromWho="1" sc="240,-62,177,156,363,-32,190,-32" /><INIT seed="5,0,0,1,3,26" ten="178,333,331,158" oya="1" hai0="0,80,126,96,15,57,9,111,104,17,73,84,30" hai1="6,122,54,40,133,77,119,46,113,67,38,42,56" hai2="48,120,31,117,8,115,135,24,125,63,128,1,76" hai3="69,49,83,109,62,131,103,34,116,118,13,102,114"/><U82/><E119/><N who="3" m="45610" /><G109/><T18/><D73/><U41/><E122/><V25/><F120/><W107/><G34/><T27/><D111/><U94/><E113/><V93/><F117/><W129/><G114/><T28/><D0/><U124/><E124/><V64/><F115/><W39/><G39/><T19/><D126/><U70/><E133/><V60/><F125/><W98/><G103/><T66/><D96/><U33/><E33/><V71/><F135/><W112/><G112/><T72/><D72/><U21/><E94/><V68/><F128/><W10/><G49/><T108/><D104/><U52/><E6/><V43/><F76/><W110/><G83/><T45/><D45/><U44/><E21/><V55/><F43/><N who="1" m="16457" /><E82/><V75/><F75/><W97/><G97/><T65/><D108/><U51/><E77/><V47/><F93/><W22/><G22/><N who="0" m="13775" /><D19/><U14/><E14/><V88/><F1/><W59/><G69/><T92/><D92/><U20/><E20/><V130/><F130/><W106/><G106/><T87/><D87/><U12/><E12/><V105/><F8/><W134/><G134/><T81/><D81/><U32/><E32/><V4/><F4/><N who="3" m="3271" /><G110/><T29/><D57/><U5/><E5/><V132/><F105/><W91/><G91/><AGARI ba="0,0" hai="9,15,18,28,29,30,65,66,80,84,91" m="13775" machi="91" ten="30,7700,0" yaku="8,1,52,3" doraHai="26" who="0" fromWho="3" sc="178,77,333,0,331,0,158,-77" /><INIT seed="6,0,0,5,0,132" ten="255,333,331,81" oya="2" hai0="110,89,114,98,67,21,10,108,113,116,28,77,125" hai1="101,55,78,57,38,87,80,48,6,86,0,41,30" hai2="62,128,73,4,50,135,70,81,46,65,20,134,127" hai3="34,66,56,59,45,91,19,7,40,14,82,111,72"/><V49/><F128/><W102/><G111/><T32/><D67/><U35/><E101/><V71/><F4/><W122/><G34/><T131/><D77/><U47/><E87/><V60/><F20/><W96/><G122/><T84/><D32/><U74/><E86/><V123/><F123/><W115/><G115/><N who="0" m="44043" /><D10/><N who="1" m="2375" /><E35/><V126/><F73/><W94/><G66/><T93/><D28/><AGARI ba="0,0" hai="28,30,38,41,47,48,55,57,74,78,80" m="2375" machi="28" ten="30,1000,0" yaku="25,1" doraHai="132" who="1" fromWho="0" sc="255,-10,333,10,331,0,81,0" /><INIT seed="7,0,0,4,3,86" ten="245,343,331,81" oya="3" hai0="37,0,87,35,41,49,123,126,59,106,16,43,80" hai1="91,25,6,10,58,117,39,53,17,99,15,134,30" hai2="114,103,33,70,81,61,119,75,124,42,118,84,46" hai3="31,120,71,65,90,96,22,56,44,20,9,72,7"/><W111/><G72/><T105/><D123/><U88/><E39/><V51/><F124/><W32/><G120/><T23/><D35/><U132/><E117/><V69/><F114/><W34/><G71/><T131/><D0/><U45/><E45/><V76/><F33/><W66/><G111/><T4/><D131/><U63/><E99/><V47/><F103/><W2/><G44/><T104/><D4/><U74/><E74/><V102/><F102/><W28/><G56/><T113/><D37/><U115/><E115/><V55/><F75/><W48/><G48/><T108/><D126/><U116/><E116/><V40/><F40/><W38/><G38/><T26/><D113/><U82/><E82/><V50/><F69/><W19/><G66/><T13/><D108/><U127/><E127/><V67/><AGARI ba="0,0" hai="42,46,47,50,51,55,61,67,70,76,81,84,118,119" machi="67" ten="30,1100,0" yaku="0,1" doraHai="86" who="2" fromWho="2" sc="245,-3,343,-3,331,11,81,-5" owari="242,-16.0,340,14.0,342,44.0,76,-42.0" /></mjloggm>