<mjloggm ver="2.3"><GO type="41" lobby="0"/><UN n0="%66%75%6E%6C%69%75%6E%67" n1="%E2%93%9D%53%75%70%68%78" n2="%E3%82%A2%E3%83%AB%E3%83%95%E3%82%A1%E3%83%8E%E3%83%96%E3%83%AD%E3%82%B0" n3="%59%75%74%61%70%6F%6E" dan="14,19,16,16" rate="1939.20,2191.43,2021.27,1978.63" sx="M,M,M,M"/><TAIKYOKU oya="0"/><INIT seed="0,0,0,1,1,36" ten="250,250,250,250" oya="0" hai0="95,19,11,118,92,116,0,100,99,94,4,114,10" hai1="47,52,83,64,59,6,37,124,60,31,66,74,69" hai2="48,68,70,133,49,51,84,32,112,105,55,85,28" hai3="45,54,101,128,72,77,61,80,65,96,76,89,78"/><T75/><D75/><U111/><E31/><V53/><F105/><W90/><G128/><T35/><D35/><U62/><E6/><V82/><F112/><W126/><G126/><T71/><D71/><U67/><E83/><V2/><F2/><W109/><G109/><T93/><REACH who="0" step="1"/><D114/><REACH who="0" ten="240,250,250,250" step="2"/><U33/><E33/><V7/><F70/><W97/><G72/><T39/><D39/><U42/><E74/><V15/><F68/><W13/><G76/><T24/><D24/><U73/><E73/><V21/><F32/><W30/><G77/><T125/><D125/><U8/><E124/><V135/><F133/><W25/><G78/><T63/><D63/><U23/><E111/><V5/><F135/><W122/><G61/><T132/><D132/><U131/><E131/><V129/><F129/><W43/><G25/><T44/><D44/><U115/><E115/><V41/><F49/><W27/><G45/><T3/><D3/><U87/><E69/><V46/><F51/><W58/><G27/><T91/><D91/><U12/><E62/><V117/><F46/><W134/><G90/><T130/><D130/><U18/><REACH who="1" step="1"/><E87/><REACH who="1" ten="240,240,250,250" step="2"/><V38/><F84/><W103/><G134/><T120/><D120/><U107/><E107/><V14/><F85/><W50/><G122/><T88/><D88/><U20/><AGARI ba="0,2" hai="8,12,18,20,23,37,42,47,52,59,60,64,66,67" machi="20" ten="30,7900,0" yaku="1,1,0,1,52,1,54,1,53,0" doraHai="36" doraHaiUra="104" who="1" fromWho="1" sc="240,-39,240,99,250,-20,250,-20" /><INIT seed="1,0,0,5,1,48" ten="201,339,230,230" oya="1" hai0="83,36,56,26,95,79,66,86,37,50,3,35,106" hai1="115,78,7,33,122,109,130,102,124,92,131,88,14" hai2="128,133,91,40,5,111,84,87,20,18,8,125,19" hai3="113,54,81,129,42,16,39,47,100,55,38,4,117"/><U24/><E115/><V104/><F111/><W114/><G4/><T49/><D106/><U27/><E122/><V96/><F133/><W107/><G129/><N who="1" m="49162" /><E78/><V134/><F125/><W118/><G38/><T112/><D112/><U6/><E102/><V119/><F119/><N who="3" m="45579" /><G81/><T69/><D3/><U68/><E68/><V60/><F19/><W31/><G31/><T121/><D121/><U23/><E124/><V123/><F40/><W77/><G77/><T127/><D127/><U103/><E103/><V0/><F134/><W45/><G45/><T28/><D50/><U76/><E76/><V70/><F123/><W126/><G126/><T11/><D11/><U71/><E71/><V94/><F104/><W57/><G57/><T30/><D30/><N who="1" m="19655" /><E14/><V85/><F128/><W43/><G113/><T1/><D1/><U120/><E109/><V61/><F70/><W101/><G114/><T110/><D110/><U44/><E44/><V12/><AGARI ba="0,0" hai="0,5,8,12,18,20,60,61,84,85,87,91,94,96" machi="12" ten="30,1100,0" yaku="0,1" doraHai="48" who="2" fromWho="2" sc="201,-3,339,-5,230,11,230,-3" /><INIT seed="2,0,0,5,0,110" ten="198,334,241,227" oya="2" hai0="74,12,35,49,18,10,103,105,87,116,93,24,55" hai1="40,26,30,25,127,75,34,132,81,44,8,95,52" hai2="91,11,50,133,42,128,1,33,84,63,64,78,126" hai3="48,101,104,73,61,111,0,82,51,2,113,134,117"/><V88/><F33/><W71/><G51/><T38/><D74/><U32/><E132/><V6/><F133/><W58/><G48/><T7/><D38/><U107/><E107/><V67/><F128/><W14/><G14/><T77/><D116/><U53/><E127/><V47/><F126/><W29/><G134/><T9/><D105/><U37/><E95/><V17/><F17/><W135/><G135/><T70/><D70/><U72/><E8/><V114/><F114/><W86/><G111/><T120/><D120/><U39/><E81/><V108/><F108/><W15/><G71/><T19/><D19/><U76/><E76/><V94/><F78/><W115/><G73/><T109/><D109/><U79/><E79/><V54/><F91/><W60/><G15/><T31/><D77/><U99/><E99/><V97/><REACH who="2" step="1"/><F97/><REACH who="2" ten="198,334,231,227" step="2"/><N who="3" m="61487" /><G117/><T119/><D119/><U3/><E75/><V124/><F124/><W45/><G29/><T122/><D122/><U5/><E72/><V62/><F62/><W36/><G61/><T59/><D7/><U4/><E4/><V85/><F85/><W118/><G118/><T13/><D18/><U83/><E5/><V92/><F92/><W98/><G60/><T102/><D87/><U125/><E125/><V123/><F123/><W121/><G121/><T28/><D93/><U56/><E30/><V129/><F129/><W68/><G98/><T89/><D89/><U96/><E96/><V131/><F131/><W23/><G86/><T65/><D31/><U130/><E130/><V20/><F20/><W66/><G23/><T69/><D28/><RYUUKYOKU ba="0,1" sc="198,-10,334,-10,231,30,227,-10" hai2="1,6,11,42,47,50,54,63,64,67,84,88,94" /><INIT seed="2,1,1,0,2,69" ten="188,324,261,217" oya="2" hai0="75,50,87,65,120,14,44,132,105,96,100,11,108" hai1="93,131,91,70,26,84,18,27,12,17,40,41,110" hai2="107,51,64,83,36,86,71,66,80,101,135,103,72" hai3="106,2,3,115,88,134,32,85,109,4,116,124,114"/><V55/><F36/><W122/><RYUUKYOKU type="yao9" ba="1,1" sc="188,0,324,0,261,0,217,0" hai3="2,3,4,32,85,88,106,109,114,115,116,122,124,134" /><INIT seed="2,2,1,5,1,62" ten="188,324,261,217" oya="2" hai0="51,129,24,74,61,111,93,15,49,116,86,117,132" hai1="31,71,101,90,70,14,135,120,57,56,115,126,98" hai2="53,32,52,78,79,102,43,33,124,119,16,125,63" hai3="8,108,37,54,3,7,107,44,17,60,114,2,21"/><V73/><F119/><N who="0" m="45642" /><D74/><U19/><E115/><V41/><F102/><W6/><G114/><T121/><D121/><U84/><E135/><V100/><F100/><W96/><G108/><T65/><D111/><U133/><E126/><N who="2" m="48747" /><F73/><W110/><G110/><T10/><D132/><U27/><E71/><V94/><F94/><W92/><G107/><T0/><D0/><U40/><E70/><V134/><F134/><W22/><G37/><T26/><D129/><U77/><E77/><N who="2" m="29195" /><F16/><W18/><G18/><N who="0" m="8567" /><D86/><U47/><E120/><V34/><F63/><W83/><G83/><T123/><D93/><U87/><E133/><V81/><F81/><W48/><G60/><T58/><D123/><U130/><E130/><V76/><N who="2" m="29203" /><V9/><DORA hai="68" /><F9/><W45/><G17/><T13/><D13/><U80/><E14/><V104/><F104/><W67/><G6/><T122/><D122/><U85/><E19/><V29/><F29/><W91/><G3/><T11/><D11/><U103/><E80/><V36/><F36/><W127/><G127/><T42/><D51/><U30/><E30/><V72/><F72/><W66/><REACH who="3" step="1"/><G44/><AGARI ba="2,1" hai="24,26,42,44,49,58,61,65" m="8567,45642" machi="44" ten="30,2000,0" yaku="12,1,52,1" doraHai="62,68" who="0" fromWho="3" sc="188,36,324,0,261,0,217,-26" /><INIT seed="3,0,0,1,4,109" ten="224,324,261,191" oya="3" hai0="32,131,104,85,134,40,55,6,114,24,43,101,86" hai1="20,1,26,39,60,10,18,29,96,119,38,91,120" hai2="124,66,16,58,110,84,69,99,74,106,105,28,35" hai3="67,82,31,12,107,11,52,23,111,75,13,80,103"/><W87/><G111/><T95/><D134/><U118/><E120/><V100/><F74/><W92/><G107/><T102/><D131/><U25/><E60/><V113/><F105/><W68/><G68/><T45/><D6/><N who="1" m="1359" /><E91/><V30/><F58/><W90/><G67/><T37/><D43/><U132/><E96/><V4/><F4/><W7/><G75/><T9/><D9/><U14/><E132/><V79/><F30/><W21/><G103/><T51/><D104/><U126/><E126/><V42/><F84/><W34/><G34/><T93/><D93/><U125/><E125/><V112/><F79/><W41/><G41/><T108/><D108/><U117/><E26/><N who="2" m="18839" /><F42/><W62/><G31/><T27/><D32/><AGARI ba="0,0" hai="14,18,20,25,29,32,38,39,117,118,119" m="1359" machi="32" ten="30,2000,0" yaku="24,1,12,1" doraHai="109" who="1" fromWho="0" sc="224,-20,324,20,261,0,191,0" /><INIT seed="4,0,0,4,5,70" ten="204,344,261,191" oya="0" hai0="76,69,103,81,72,49,9,26,109,96,29,83,40" hai1="6,98,116,41,130,0,115,66,102,128,119,3,11" hai2="107,85,30,87,21,33,94,108,122,117,19,80,20" hai3="34,132,65,97,18,112,42,88,7,1,82,10,75"/><T54/><D109/><U46/><E66/><V36/><F107/><W135/><G34/><T39/><D69/><U118/><E3/><V101/><F122/><W90/><G112/><T106/><D83/><U61/><E61/><V27/><F117/><W17/><G65/><T84/><D9/><U104/><REACH who="1" step="1"/><E115/><REACH who="1" ten="204,334,261,191" step="2"/><V125/><F108/><W58/><G1/><T78/><D72/><U64/><E64/><V99/><F33/><W55/><G75/><T35/><D78/><U59/><E59/><V22/><F87/><W57/><G57/><T100/><D100/><U114/><E114/><V124/><F85/><W24/><G58/><T133/><D133/><U14/><E14/><V38/><F124/><W121/><G132/><T2/><D2/><U129/><E129/><V110/><F125/><W5/><G135/><T25/><D25/><U15/><E15/><V16/><F110/><W71/><G24/><T127/><D127/><U48/><AGARI ba="0,1" hai="0,6,11,41,46,48,98,102,104,116,118,119,128,130" machi="48" ten="40,2700,0" yaku="1,1,0,1,53,0" doraHai="70" doraHaiUra="73" who="1" fromWho="1" sc="204,-13,334,37,261,-7,191,-7" /><INIT seed="5,0,0,0,4,15" ten="191,371,254,184" oya="1" hai0="117,82,103,58,31,113,44,18,91,115,65,27,50" hai1="81,63,48,66,7,80,127,104,30,114,5,111,61" hai2="3,28,49,112,51,83,16,126,54,95,89,67,17" hai3="73,71,125,29,52,85,55,0,64,75,77,124,39"/><U68/><E114/><N who="0" m="43529" /><D117/><U1/><E127/><N who="3" m="48714" /><G0/><T98/><D18/><N who="2" m="7274" /><F3/><W132/><G132/><T57/><D82/><U41/><E81/><V70/><F70/><W46/><G29/><T87/><D87/><U43/><E104/><V22/><F67/><W128/><G128/><T24/><D91/><U72/><E66/><V108/><F108/><W9/><G9/><T35/><D24/><U110/><E110/><V34/><F34/><W105/><G105/><N who="0" m="63735" /><D65/><U36/><E111/><V88/><F54/><AGARI ba="0,0" hai="27,31,35,44,50,54,57,58" m="63735,43529" machi="54" ten="30,1000,0" yaku="15,1" doraHai="15" who="0" fromWho="2" sc="191,10,371,0,254,-10,184,0" /><INIT seed="6,0,0,3,4,124" ten="201,371,244,184" oya="2" hai0="33,63,71,18,102,79,103,108,125,19,100,8,46" hai1="60,73,101,123,78,128,91,57,83,16,5,115,114" hai2="29,109,28,66,4,3,43,30,74,122,6,112,118" hai3="99,58,67,68,131,15,42,121,64,127,130,41,34"/><V17/><F74/><W119/><G34/><T12/><D108/><U132/><E128/><N who="3" m="49194" /><G127/><T113/><D125/><U0/><E132/><V26/><F109/><W36/><G119/><T90/><D33/><U84/><E101/><V59/><F118/><W23/><G121/><T54/><D113/><N who="1" m="43019" /><E5/><N who="2" m="2155" /><F3/><W47/><G41/><T32/><D32/><U27/><E0/><V70/><F70/><W1/><G1/><T45/><D79/><U51/><E78/><V20/><F43/><W86/><G68/><T80/><D19/><U9/><E16/><V96/><F122/><W14/><G99/><T25/><D25/><U88/><E27/><V89/><F112/><W82/><G58/><N who="0" m="35287" /><D71/><U72/><E57/><V97/><F89/><N who="3" m="51415" /><G23/><T129/><D129/><U24/><E123/><V10/><F10/><W55/><G55/><T39/><D39/><U76/><E9/><V35/><F35/><W13/><AGARI ba="0,0" hai="13,14,15,36,42,47,64,67" m="51415,49194" machi="13" ten="30,7900,0" yaku="19,1,52,3" doraHai="124" who="3" fromWho="3" sc="201,-20,371,-20,244,-39,184,79" /><INIT seed="7,0,0,1,3,129" ten="181,351,205,263" oya="3" hai0="96,38,106,45,62,37,4,50,64,42,108,92,48" hai1="104,56,76,126,41,34,27,112,2,113,78,93,43" hai2="83,7,35,57,86,114,82,5,19,109,85,32,103" hai3="68,47,120,91,30,130,60,135,100,14,36,124,88"/><W122/><G130/><T63/><D106/><U22/><E2/><V131/><F109/><W29/><G100/><T73/><D73/><U28/><E126/><V115/><F131/><W9/><G124/><T77/><D77/><N who="1" m="29803" /><E104/><V8/><F57/><W134/><G47/><N who="0" m="25719" /><D4/><U117/><E117/><V54/><F19/><W87/><G36/><N who="0" m="13931" /><D92/><U15/><E93/><V125/><F125/><W69/><G60/><N who="0" m="23083" /><D96/><U121/><E121/><V24/><F8/><W101/><G101/><T110/><D110/><U20/><E113/><V0/><F103/><W72/><G72/><T81/><D81/><U127/><E112/><V75/><F75/><W66/><G14/><T123/><D108/><U80/><E80/><V6/><F6/><W49/><G9/><T10/><D10/><U71/><E127/><V105/><F105/><W44/><G87/><T51/><D123/><U3/><E3/><V107/><F107/><W1/><G1/><T13/><D13/><U133/><E15/><V52/><F0/><W16/><G16/><T89/><D89/><U12/><E12/><V61/><F61/><W90/><G120/><T39/><D64/><U94/><E94/><V119/><F24/><W25/><G122/><T74/><D74/><U84/><E27/><V23/><F23/><N who="3" m="15551" /><G30/><T128/><D128/><U17/><E28/><V79/><F79/><W11/><G11/><T58/><D58/><U116/><E56/><V67/><F67/><W111/><G111/><T132/><D132/><N who="3" m="50729" /><G66/><T118/><D118/><AGARI ba="0,0" hai="5,7,32,35,52,54,82,83,85,86,114,115,118,119" machi="118" ten="25,3200,0" yaku="22,2,54,1" doraHai="129" who="2" fromWho="0" sc="181,-32,351,0,205,32,263,0" owari="149,-35.0,351,45.0,237,-16.0,263,6.0" /></mjloggm>