<mjloggm ver="2.3"><GO type="41" lobby="0"/><UN n0="%44%65%66%65%6E%63%65" n1="%E6%9C%AA%E5%8B%9D%E5%88%A9%E5%B0%82" n2="%41%7A%75%E2%98%85" n3="%E2%93%9D%53%75%70%68%78" dan="14,14,14,19" rate="1874.96,1882.83,1829.32,2230.26" sx="F,M,F,M"/><TAIKYOKU oya="0"/><INIT seed="0,0,0,4,3,84" ten="250,250,250,250" oya="0" hai0="80,111,102,13,62,110,5,132,29,69,90,42,35" hai1="101,22,74,134,23,43,40,56,88,131,106,63,33" hai2="34,50,41,64,81,15,52,76,93,133,49,30,54" hai3="114,28,68,25,48,47,77,73,92,70,46,122,109"/><T53/><D132/><U75/><E33/><V71/><F133/><W94/><G109/><N who="0" m="41483" /><D42/><U128/><E101/><V91/><F15/><W27/><G77/><T118/><D118/><U0/><E106/><V6/><F41/><W2/><G48/><T18/><D102/><U32/><E32/><V65/><F71/><W107/><G107/><T82/><D5/><U78/><E0/><V129/><F6/><W124/><G124/><T26/><D69/><U12/><E78/><V10/><F129/><N who="1" m="49737" /><E43/><V112/><F10/><W20/><G2/><T99/><D62/><U121/><E40/><V120/><F30/><W115/><G28/><T44/><D44/><U7/><E121/><V85/><F34/><W1/><G1/><T87/><D99/><U83/><E75/><V14/><F14/><W45/><G45/><T95/><D53/><N who="2" m="20586" /><F120/><W105/><G122/><T119/><D119/><U38/><E38/><V123/><F112/><W61/><G115/><T66/><D66/><N who="2" m="25706" /><F123/><W67/><G114/><T103/><D103/><U117/><E117/><V116/><F116/><W59/><G70/><T86/><D86/><AGARI ba="0,0" hai="49,50,76,81,85,86,91,93" m="25706,20586" machi="86" ten="30,3900,0" yaku="8,1,52,1,54,1" doraHai="84" who="2" fromWho="0" sc="250,-39,250,0,250,39,250,0" /><INIT seed="1,0,0,5,3,109" ten="211,250,289,250" oya="1" hai0="65,131,32,27,105,2,73,37,7,88,89,117,47" hai1="120,75,56,134,6,129,124,93,19,84,29,91,58" hai2="107,126,68,87,23,95,20,9,53,77,26,0,34" hai3="22,25,94,33,112,14,99,50,118,67,43,97,111"/><U42/><E120/><V46/><F68/><W106/><G111/><T85/><D117/><U11/><E124/><V44/><F107/><W115/><G33/><T13/><D105/><U70/><E75/><V122/><F126/><W96/><G106/><T39/><D65/><U128/><E70/><V16/><F122/><W74/><G74/><T18/><D73/><U66/><E42/><V130/><F34/><W92/><G14/><T82/><D131/><N who="1" m="50251" /><E29/><V71/><F71/><W125/><G67/><T121/><D121/><U15/><E66/><V86/><F23/><W60/><G60/><T114/><D114/><U104/><E104/><V52/><F130/><W21/><G21/><T55/><D89/><U28/><E28/><V110/><F110/><W79/><G79/><T108/><D108/><U116/><E134/><V3/><F3/><W35/><G35/><T132/><D32/><U133/><E133/><V135/><F135/><W103/><G118/><T48/><D132/><U4/><E116/><V17/><F0/><W12/><G12/><T102/><D102/><U49/><E49/><V41/><F41/><W8/><G125/><T98/><D27/><U100/><E100/><V36/><F36/><W51/><G43/><T54/><D54/><N who="2" m="21098" /><F9/><W38/><G8/><N who="0" m="6439" /><D98/><N who="3" m="37385" /><G38/><N who="0" m="14347" /><D2/><N who="1" m="407" /><E6/><AGARI ba="0,0" hai="6,7,47,48,55,82,85,88" m="14347,6439" machi="6" ten="30,2000,0" yaku="25,1,54,1" doraHai="109" who="0" fromWho="1" sc="211,20,250,-20,289,0,250,0" /><INIT seed="2,0,0,0,1,45" ten="231,230,289,250" oya="2" hai0="30,44,59,135,97,103,18,17,77,43,100,110,94" hai1="36,34,69,109,128,95,88,32,98,39,12,35,134" hai2="60,63,10,74,85,8,26,31,28,55,13,81,102" hai3="48,21,90,120,127,64,91,129,16,54,130,114,65"/><V93/><F74/><W104/><G120/><T111/><D77/><U84/><E69/><V123/><F123/><W29/><G29/><T117/><D30/><U68/><E68/><V3/><F3/><W122/><G104/><T53/><D135/><U118/><E118/><V25/><F93/><W49/><G122/><T56/><D117/><U24/><E109/><N who="0" m="41481" /><D103/><U92/><E128/><N who="3" m="49258" /><G127/><T126/><D126/><U15/><E24/><N who="2" m="9323" /><F102/><W27/><G114/><T4/><D4/><U116/><E134/><V86/><F81/><W132/><G132/><T80/><D80/><U133/><E133/><V9/><F13/><W38/><G38/><N who="0" m="21623" /><D59/><U96/><E116/><V82/><F82/><W108/><G108/><T19/><D18/><U87/><REACH who="1" step="1"/><E35/><REACH who="1" ten="231,220,289,250" step="2"/><V22/><F28/><W99/><G27/><T0/><D0/><U14/><E14/><V106/><F31/><W42/><G21/><T6/><D6/><U11/><E11/><V101/><F22/><W107/><G16/><T115/><D115/><U33/><E33/><V113/><F113/><W78/><G78/><T5/><D5/><U47/><E47/><V57/><F9/><W71/><G71/><T70/><D70/><U119/><E119/><V72/><F10/><W62/><G91/><AGARI ba="0,1" hai="12,15,32,34,36,39,84,87,88,91,92,95,96,98" machi="91" ten="25,6400,0" yaku="1,1,22,2,54,1,53,0" doraHai="45" doraHaiUra="50" who="1" fromWho="3" sc="231,0,220,74,289,0,250,-64" /><INIT seed="3,0,0,4,2,79" ten="231,294,289,186" oya="3" hai0="12,83,122,27,78,55,37,16,129,126,3,119,104" hai1="100,107,7,64,22,110,84,44,98,45,4,75,108" hai2="21,74,117,20,106,85,69,76,6,68,57,39,38" hai3="120,135,43,89,95,134,30,50,80,14,81,93,52"/><W31/><G43/><T32/><D119/><U71/><E75/><V34/><F74/><W65/><G65/><T97/><D122/><U61/><E22/><V123/><F34/><W51/><G14/><T33/><D37/><U24/><E24/><V132/><F123/><W91/><REACH who="3" step="1"/><G120/><REACH who="3" ten="231,294,289,176" step="2"/><T54/><D12/><U116/><E116/><V115/><F117/><W86/><G86/><T92/><D55/><AGARI ba="0,1" hai="30,31,50,51,52,55,80,81,89,91,93,95,134,135" machi="55" ten="25,18000,2" yaku="1,1,22,2,52,2,54,1,53,0" doraHai="79" doraHaiUra="113" who="3" fromWho="0" sc="231,-180,294,0,289,0,176,190" /><INIT seed="3,1,0,3,4,113" ten="51,294,289,366" oya="3" hai0="112,30,12,98,4,19,91,109,94,17,81,39,26" hai1="100,76,87,21,116,53,126,14,107,48,23,96,43" hai2="127,128,50,25,72,18,73,29,131,95,64,45,16" hai3="88,115,5,85,122,28,80,133,123,104,9,106,121"/><W130/><G115/><T78/><D112/><U89/><E126/><V34/><F127/><W74/><G28/><T90/><D39/><U0/><E0/><V63/><F95/><W57/><G130/><N who="2" m="49705" /><F73/><W52/><G133/><T42/><D109/><U56/><E76/><V70/><F72/><W54/><G74/><T24/><D42/><AGARI ba="1,0" hai="16,18,25,29,34,42,45,50,63,64,70" m="49705" machi="42" ten="30,2000,0" yaku="19,1,54,1" doraHai="113" who="2" fromWho="0" sc="51,-23,294,0,289,23,366,0" /><INIT seed="4,0,0,2,3,72" ten="28,294,312,366" oya="0" hai0="99,34,105,115,104,20,27,52,102,131,4,3,45" hai1="116,36,70,111,22,43,8,130,128,123,92,93,55" hai2="132,135,100,18,21,113,50,59,29,83,19,35,112" hai3="87,101,86,2,67,12,51,47,11,107,41,28,122"/><T129/><D34/><U57/><E111/><V65/><F35/><W96/><G2/><T98/><D3/><U90/><E116/><V108/><F100/><W95/><G122/><T46/><D4/><U71/><E123/><V118/><F108/><W89/><G67/><T64/><D64/><U31/><E43/><V76/><F118/><W80/><G28/><T114/><D99/><U30/><E36/><V88/><F65/><W42/><G87/><T94/><D46/><U17/><E8/><V66/><F66/><W39/><G39/><T126/><D126/><U32/><E92/><V23/><F29/><W91/><G107/><N who="0" m="41035" /><D45/><U25/><E31/><V109/><F109/><W56/><G56/><T79/><D52/><U117/><E117/><V106/><F106/><W13/><G42/><T37/><D37/><U81/><E71/><V69/><F69/><W103/><G13/><T124/><D124/><U125/><E70/><V33/><F33/><W77/><G103/><T58/><D58/><U134/><E125/><V53/><F21/><W110/><G110/><T63/><D63/><U61/><E81/><V97/><F23/><W16/><AGARI ba="0,0" hai="11,12,16,41,47,51,77,80,86,89,91,95,96,101" machi="16" ten="20,8000,1" yaku="0,1,7,1,8,1,52,1,54,1" doraHai="72" who="3" fromWho="3" sc="28,-40,294,-20,312,-20,366,80" owari="-12,-51.0,274,-13.0,292,9.0,446,55.0" /></mjloggm>