<mjloggm ver="2.3"><GO type="41" lobby="0"/><UN n0="%E2%93%9D%53%75%70%68%78" n1="%E3%81%84%E3%81%8C%E3%81%95%E3%82%93" n2="%E3%81%8A%E3%81%95%E3%81%A3%E3%81%A1%E3%82%87" n3="%E3%82%A8%E3%83%88%EF%BC%A0" dan="19,14,14,14" rate="2197.83,1968.75,1959.39,1911.35" sx="M,M,M,M"/><TAIKYOKU oya="0"/><INIT seed="0,0,0,2,4,101" ten="250,250,250,250" oya="0" hai0="23,33,19,124,50,126,130,42,39,11,56,117,43" hai1="87,60,96,49,131,21,2,128,133,20,32,77,27" hai2="84,53,92,71,94,52,74,14,68,51,46,34,76" hai3="129,47,90,17,82,5,106,45,12,35,8,54,40"/><T112/><D33/><U41/><E2/><V37/><F34/><W72/><G35/><T115/><D11/><U118/><E118/><V80/><F37/><W134/><G134/><T123/><D19/><U24/><E133/><V28/><F28/><W36/><G129/><N who="1" m="49738" /><E96/><V66/><F66/><W81/><G5/><T57/><D23/><N who="1" m="8779" /><E60/><V70/><F14/><W83/><G72/><T25/><D25/><U18/><E18/><V93/><REACH who="2" step="1"/><F53/><REACH who="2" ten="250,250,240,250" step="2"/><W105/><REACH who="3" step="1"/><G90/><AGARI ba="0,1" hai="46,51,52,68,70,71,74,76,80,84,90,92,93,94" machi="90" ten="40,5200,0" yaku="1,1,2,1,54,1,53,0" doraHai="101" doraHaiUra="13" who="2" fromWho="3" sc="250,0,250,0,240,62,250,-52" /><INIT seed="1,0,0,5,5,87" ten="250,250,302,198" oya="1" hai0="22,61,62,80,21,124,98,77,108,7,66,35,134" hai1="23,90,37,17,93,38,100,74,55,68,32,79,121" hai2="92,96,112,9,64,78,88,69,18,11,116,42,31" hai3="12,54,129,91,83,125,70,99,107,36,48,97,56"/><U106/><E121/><V94/><F116/><W119/><G119/><T51/><D35/><U71/><E32/><V43/><F112/><W103/><G70/><T28/><D108/><U20/><E71/><V53/><F31/><W47/><G129/><T135/><D7/><U118/><E68/><V15/><F78/><W95/><G125/><T104/><D51/><U2/><E2/><V132/><F132/><N who="0" m="50730" /><D28/><U14/><E23/><N who="0" m="8713" /><D66/><U122/><E122/><V33/><F33/><W49/><G36/><T111/><D111/><U24/><E24/><V39/><F39/><W57/><G12/><T65/><D65/><U8/><E8/><V85/><F9/><W30/><G30/><T45/><D45/><U16/><E17/><V86/><F64/><W105/><G105/><T19/><D19/><U63/><E79/><V1/><F1/><W6/><G6/><T13/><D13/><U82/><E74/><V72/><F69/><W109/><G109/><T133/><D124/><U126/><E106/><V102/><F72/><W131/><G131/><T3/><D3/><U27/><E27/><V101/><F53/><W67/><G67/><T115/><D115/><U52/><E55/><V75/><F75/><W0/><G0/><T114/><D114/><U50/><E126/><V58/><F58/><W123/><G123/><T10/><D10/><U26/><E118/><V46/><F46/><W81/><G57/><T89/><D133/><U128/><E128/><V117/><F117/><W4/><G4/><T120/><D120/><U110/><E110/><V113/><F113/><W76/><G76/><RYUUKYOKU ba="0,0" sc="250,-10,250,-10,302,-10,198,30" hai3="47,48,49,54,56,81,83,91,95,97,99,103,107" /><INIT seed="2,1,0,1,1,118" ten="240,240,292,228" oya="2" hai0="30,58,62,55,20,80,135,5,21,108,71,42,47" hai1="0,92,100,28,48,85,24,83,67,40,120,117,84" hai2="25,51,37,46,66,77,113,60,68,102,133,26,74" hai3="78,107,98,33,126,22,82,127,116,87,45,70,90"/><V72/><F113/><W1/><G33/><T41/><D108/><U134/><E117/><V89/><F133/><W96/><G116/><T88/><D135/><U3/><E134/><V6/><F37/><W86/><G70/><T121/><D71/><U124/><E124/><N who="3" m="47658" /><G1/><T111/><D121/><U123/><E67/><V75/><F77/><W17/><G45/><T49/><D111/><U91/><E40/><V95/><F102/><N who="3" m="62919" /><G17/><T57/><D5/><U2/><E48/><V61/><F61/><W15/><G15/><T81/><D30/><U18/><E18/><V64/><F6/><W44/><G44/><T54/><D42/><U23/><REACH who="1" step="1"/><E100/><REACH who="1" ten="240,230,292,228" step="2"/><V56/><F66/><W73/><G22/><T4/><D21/><U16/><E16/><V93/><F68/><W38/><G38/><T36/><D20/><U131/><E131/><V115/><F115/><W34/><G34/><T13/><D36/><U43/><E43/><V112/><F112/><W7/><G7/><T59/><D41/><U50/><E50/><V122/><F122/><W128/><G128/><T29/><D4/><U12/><E12/><V19/><F19/><W31/><G31/><T53/><D29/><U14/><E14/><V125/><F125/><W94/><AGARI ba="1,1" hai="73,78,82,86,87,90,94,98" m="62919,47658" machi="94" ten="30,4000,0" yaku="18,1,34,2" doraHai="118" who="3" fromWho="3" sc="240,-11,230,-11,292,-21,228,53" /><INIT seed="3,0,0,3,5,114" ten="229,219,271,281" oya="3" hai0="121,113,58,119,109,6,9,7,13,53,12,54,79" hai1="1,101,11,29,98,92,96,93,85,15,67,27,84" hai2="70,50,128,117,19,86,40,35,41,130,14,125,8" hai3="64,18,90,4,44,89,2,36,97,112,63,77,34"/><W81/><G34/><T102/><D113/><U135/><E135/><V33/><F70/><W115/><G112/><T22/><D121/><U43/><E1/><V91/><F125/><W80/><G115/><T75/><D109/><U55/><E43/><V76/><F76/><W51/><G36/><T123/><D123/><U25/><E67/><V131/><F117/><W104/><G2/><T116/><D102/><U37/><E37/><V16/><F19/><W82/><G4/><T57/><D79/><U10/><E55/><V73/><F73/><W60/><G77/><T72/><D22/><U127/><E127/><V88/><F91/><N who="3" m="34827" /><G104/><T106/><REACH who="0" step="1"/><D9/><REACH who="0" ten="219,219,271,281" step="2"/><U95/><E101/><V46/><REACH who="2" step="1"/><F41/><REACH who="2" ten="219,219,261,281" step="2"/><N who="3" m="24975" /><G97/><T23/><D23/><U49/><E96/><V17/><F17/><W32/><G32/><T69/><D69/><U45/><E98/><V132/><F132/><W118/><G118/><T71/><D71/><U21/><E21/><V24/><F24/><W68/><G68/><T48/><D48/><U0/><E25/><V105/><F105/><AGARI ba="0,2" hai="6,7,12,13,53,54,57,58,72,75,105,106,116,119" machi="105" ten="25,12000,2" yaku="1,1,22,2,52,2,53,2" doraHai="114" doraHaiUra="3" who="0" fromWho="2" sc="219,140,219,0,261,-120,281,0" /><INIT seed="4,0,0,2,2,8" ten="359,219,141,281" oya="0" hai0="57,106,64,48,82,17,30,35,40,102,33,86,5" hai1="93,116,15,6,10,109,76,13,134,92,90,62,96" hai2="51,98,97,81,18,115,73,104,79,39,113,127,23" hai3="41,27,87,84,37,119,1,24,77,100,0,4,21"/><T69/><D5/><U117/><E109/><V3/><F39/><W49/><G119/><T66/><D69/><U68/><E134/><V58/><F3/><W91/><G37/><T28/><D106/><U129/><E129/><V31/><F31/><W45/><G1/><T7/><D7/><U42/><E42/><V74/><F74/><W12/><G0/><T52/><D102/><U122/><E122/><V61/><F51/><W105/><G105/><T110/><D35/><U67/><E76/><V131/><F104/><W123/><G123/><T135/><D33/><U25/><E25/><V9/><F9/><N who="3" m="4135" /><G100/><T133/><D40/><U50/><E50/><V14/><F127/><W89/><G21/><T124/><D110/><U128/><E128/><V59/><F59/><W125/><G125/><T38/><D124/><U107/><E107/><V120/><F120/><W103/><G103/><T75/><D38/><U34/><E34/><V132/><F132/><N who="0" m="50762" /><D75/><U19/><E92/><V53/><REACH who="2" step="1"/><F131/><REACH who="2" ten="359,219,131,281" step="2"/><W26/><G87/><T88/><D30/><U126/><REACH who="1" step="1"/><E126/><REACH who="1" ten="359,209,131,281" step="2"/><V130/><F130/><W111/><G111/><T108/><D108/><U95/><E95/><V29/><F29/><W72/><G72/><T85/><D28/><U16/><E16/><V80/><F80/><AGARI ba="0,2" hai="24,26,27,41,45,49,77,80,84,89,91" m="4135" machi="80" ten="30,3900,0" yaku="25,1,8,1,52,1" doraHai="8" who="3" fromWho="2" sc="359,0,209,0,131,-39,281,59" /><INIT seed="5,0,0,1,4,11" ten="359,209,92,340" oya="1" hai0="108,9,75,16,30,119,62,118,55,0,100,32,69" hai1="26,77,103,12,65,52,64,120,54,63,85,78,51" hai2="127,122,35,28,99,18,23,96,33,61,101,24,2" hai3="102,29,74,132,106,86,67,125,36,98,56,130,5"/><U19/><E120/><V76/><F122/><W4/><G36/><T13/><D75/><U126/><E126/><V50/><F2/><W43/><G74/><T91/><D108/><U70/><E103/><V8/><F127/><W84/><G125/><T110/><D110/><U112/><E112/><V124/><F124/><W60/><G132/><T37/><D37/><U89/><E65/><V46/><F76/><W45/><G130/><T90/><D0/><U22/><E26/><V17/><F61/><W95/><G106/><T109/><D109/><U31/><E31/><V48/><F35/><W113/><G113/><T41/><D41/><U104/><E104/><V115/><F115/><W83/><G29/><T121/><D100/><U128/><E128/><V25/><F50/><N who="3" m="26943" /><G86/><T38/><D38/><U111/><E54/><V71/><F71/><W68/><G68/><T94/><D121/><U80/><REACH who="1" step="1"/><E111/><REACH who="1" ten="359,199,92,340" step="2"/><V27/><F101/><W53/><G67/><T72/><D30/><U20/><E20/><V92/><F92/><W97/><G53/><T34/><D34/><U47/><AGARI ba="0,1" hai="12,19,22,47,51,52,63,64,70,77,78,80,85,89" machi="47" ten="20,12000,1" yaku="1,1,0,1,7,1,52,1,54,1,53,0" doraHai="11" doraHaiUra="135" who="1" fromWho="1" sc="359,-40,199,130,92,-40,340,-40" /><INIT seed="5,1,0,2,0,75" ten="319,329,52,300" oya="1" hai0="54,128,106,42,65,117,68,44,21,123,95,13,124" hai1="85,50,118,131,53,12,89,114,92,107,66,22,84" hai2="94,102,11,36,60,129,79,33,16,25,126,56,103" hai3="97,41,110,10,83,0,2,105,64,88,133,43,7"/><U14/><E118/><V69/><F36/><W18/><G110/><T132/><D106/><U28/><E114/><V52/><F69/><W76/><G2/><T122/><D95/><U104/><E131/><V86/><F129/><W30/><G30/><T58/><D21/><U119/><E119/><V24/><F126/><W46/><G64/><T15/><D132/><U27/><E66/><V99/><F33/><W125/><G125/><T112/><D112/><U6/><E107/><V9/><F103/><W48/><G133/><T4/><D4/><U67/><E67/><V49/><F49/><W100/><G18/><T90/><D90/><U120/><E120/><N who="0" m="46121" /><D128/><U31/><E104/><V23/><F25/><W98/><G43/><T134/><D134/><U34/><E34/><V20/><F20/><W116/><G116/><T26/><D26/><U80/><E6/><V111/><F111/><W130/><G130/><T71/><D124/><U81/><E92/><V115/><F115/><W29/><G29/><T55/><D117/><U38/><E38/><V82/><AGARI ba="1,0" hai="9,11,16,23,24,52,56,60,79,82,86,94,99,102" machi="82" ten="30,8000,1" yaku="0,1,8,1,52,1,54,2" doraHai="75" who="2" fromWho="2" sc="319,-21,329,-41,52,83,300,-21" /><INIT seed="6,0,0,4,5,117" ten="298,288,135,279" oya="2" hai0="71,98,96,75,111,43,94,79,37,8,82,87,33" hai1="11,10,52,104,24,34,129,124,72,83,93,25,31" hai2="113,127,123,6,128,39,51,30,105,14,121,131,48" hai3="57,3,89,20,130,84,4,59,132,53,99,90,74"/><V26/><F105/><W126/><G74/><T97/><D71/><U133/><E104/><V106/><F106/><W112/><G112/><T114/><D33/><U67/><E67/><V35/><F39/><W23/><G132/><T19/><D111/><U50/><E133/><V110/><F113/><W103/><G130/><N who="2" m="49705" /><F127/><W73/><G73/><T101/><D114/><U70/><E70/><V95/><F110/><W46/><G126/><T58/><D43/><U76/><E124/><V119/><F95/><N who="3" m="58879" /><G3/><T29/><D29/><U69/><E69/><V92/><F92/><N who="3" m="54311" /><G4/><T64/><D37/><U122/><E93/><V42/><F119/><W18/><G90/><T77/><D77/><U80/><E129/><V135/><F135/><W12/><G23/><T38/><D38/><U134/><E134/><V2/><F2/><W16/><G18/><T41/><D75/><U86/><E24/><V32/><F32/><W21/><G21/><T62/><D41/><U78/><REACH who="1" step="1"/><E122/><REACH who="1" ten="298,278,135,279" step="2"/><N who="2" m="46603" /><F42/><W68/><G68/><T88/><D101/><U22/><E22/><V49/><F14/><AGARI ba="0,1" hai="8,14,19,58,62,64,79,82,87,88,94,96,97,98" machi="14" ten="40,2600,0" yaku="8,1,54,1" doraHai="117" who="0" fromWho="2" sc="298,36,278,0,135,-26,279,0" /><INIT seed="7,0,0,5,0,87" ten="334,278,109,279" oya="3" hai0="9,63,4,128,8,105,86,65,135,13,0,117,55" hai1="61,124,38,75,32,78,44,126,41,67,17,125,94" hai2="66,31,37,99,131,1,58,104,109,107,92,47,111" hai3="39,15,72,132,79,64,57,106,35,84,83,49,118"/><W119/><G39/><T74/><D74/><U81/><E32/><V85/><F1/><W5/><G35/><T130/><D117/><U88/><E17/><V120/><F31/><W101/><G132/><T102/><D86/><U14/><E14/><V43/><F120/><W62/><G49/><T122/><D55/><U68/><REACH who="1" step="1"/><E126/><REACH who="1" ten="334,268,109,279" step="2"/><V33/><F33/><W16/><G5/><T26/><D13/><U28/><E28/><V91/><F131/><W52/><G64/><T18/><D130/><U77/><E77/><V90/><F111/><W73/><G118/><T80/><D128/><U22/><E22/><V30/><F30/><W100/><G119/><T23/><D23/><U56/><E56/><V46/><F46/><W45/><G45/><T69/><D18/><U60/><E60/><V96/><F109/><W71/><G71/><T108/><D69/><U110/><E110/><V20/><F20/><W34/><G34/><T6/><D63/><U42/><E42/><V93/><F58/><W113/><G113/><T123/><D108/><U11/><E11/><V133/><F133/><W10/><REACH who="3" step="1"/><G106/><REACH who="3" ten="334,268,109,269" step="2"/><T40/><D105/><U103/><E103/><AGARI ba="0,2" hai="10,15,16,52,57,62,72,73,79,83,84,100,101,103" machi="103" ten="40,12000,1" yaku="1,1,2,1,54,2,53,1" doraHai="87" doraHaiUra="59" who="3" fromWho="1" sc="334,0,268,-120,109,0,269,140" owari="334,13.0,148,-25.0,109,-39.0,409,51.0" /></mjloggm>