<mjloggm ver="2.3"><GO type="41" lobby="0"/><UN n0="%E2%93%9D%53%75%70%68%78" n1="%E3%82%B9%E3%83%88%E3%83%83%E3%82%AF%E3%83%9B%E3%83%AB%E3%83%A0" n2="%E3%81%B5%E3%81%9F%E3%81%B0%E3%81%A1%E3%82%83%E3%82%93" n3="%41%4E%47%45%4C%41" dan="19,15,14,14" rate="2196.69,2037.14,1935.61,1946.68" sx="M,M,F,M"/><TAIKYOKU oya="0"/><INIT seed="0,0,0,3,0,34" ten="250,250,250,250" oya="0" hai0="62,95,40,14,123,43,3,87,47,32,105,57,19" hai1="20,117,132,82,12,51,23,118,97,66,39,41,113" hai2="72,35,77,119,21,37,116,70,99,122,134,74,98" hai3="52,5,96,49,91,114,102,4,65,100,24,22,106"/><T60/><D105/><U1/><E39/><V11/><F122/><W53/><G114/><T45/><D32/><U121/><E121/><V86/><F35/><W128/><G128/><T13/><D123/><U48/><E132/><V55/><F70/><W112/><G112/><T93/><D87/><U80/><E113/><V83/><F134/><W76/><G76/><T2/><D57/><U108/><E12/><V29/><F37/><W107/><G65/><T25/><REACH who="0" step="1"/><D19/><REACH who="0" ten="240,250,250,250" step="2"/><U125/><E97/><V78/><F99/><W26/><G96/><T10/><D10/><U56/><E56/><V59/><F11/><W58/><G58/><T103/><D103/><U127/><E66/><V28/><F98/><W36/><G22/><T109/><D109/><U50/><E108/><V120/><F120/><W54/><G107/><T131/><D131/><U124/><E41/><V135/><F86/><W18/><G106/><T33/><D33/><U61/><E61/><V79/><F74/><W0/><G18/><T64/><D64/><U67/><E67/><V71/><F72/><W15/><G102/><T84/><D84/><U88/><E23/><V7/><F21/><W89/><G100/><T9/><D9/><U101/><E20/><V30/><F59/><W38/><G54/><T104/><D104/><U73/><E101/><V110/><F55/><W8/><G8/><T92/><D92/><U46/><E73/><V115/><F110/><W42/><G42/><T90/><D90/><U75/><E75/><V130/><F115/><W85/><G53/><T129/><D129/><U81/><E88/><RYUUKYOKU ba="0,1" sc="240,30,250,-10,250,-10,250,-10" hai0="2,3,13,14,25,40,43,45,47,60,62,93,95" /><INIT seed="0,1,1,2,2,132" ten="270,240,240,240" oya="0" hai0="88,9,70,54,79,40,53,47,29,116,82,69,18" hai1="45,34,130,93,76,48,89,104,42,13,63,77,23" hai2="20,62,115,113,22,61,24,90,97,35,119,43,10" hai3="67,1,87,98,37,38,112,71,25,31,85,86,64"/><T99/><D116/><U126/><E34/><V59/><F119/><W129/><G71/><T106/><D29/><U122/><E104/><V28/><F43/><W78/><G78/><T96/><D70/><U50/><E130/><V65/><F10/><W107/><G129/><T134/><D69/><U83/><E63/><V133/><F133/><W91/><G112/><T46/><D134/><U56/><E83/><V14/><F14/><W128/><G1/><T55/><D106/><U33/><E33/><V121/><F121/><W8/><G8/><T36/><D47/><U120/><E122/><V117/><F117/><W16/><G128/><T111/><D111/><U57/><E120/><V109/><F109/><W72/><G72/><T4/><D18/><N who="1" m="10703" /><E57/><V2/><F2/><W135/><G135/><T27/><D27/><U84/><E126/><V6/><F62/><W32/><G16/><T21/><D21/><U66/><E66/><V30/><F6/><W11/><G11/><T73/><REACH who="0" step="1"/><D88/><REACH who="0" ten="260,240,240,240" step="2"/><U100/><E100/><V41/><F90/><W39/><G107/><T102/><D102/><U92/><E92/><V94/><F94/><W124/><G91/><T0/><AGARI ba="1,2" hai="0,4,9,36,40,46,53,54,55,73,79,82,96,99" machi="0" ten="30,11700,0" yaku="1,1,0,1,25,2,53,0" doraHai="132" doraHaiUra="108" who="0" fromWho="0" sc="260,140,240,-40,240,-40,240,-40" /><INIT seed="0,2,0,4,1,66" ten="400,200,200,200" oya="0" hai0="92,12,128,13,51,44,35,20,34,1,121,78,104" hai1="32,5,97,126,47,37,38,112,48,83,6,107,75" hai2="55,96,132,93,77,123,9,87,69,59,68,115,85" hai3="80,3,99,33,62,46,29,108,70,101,31,103,57"/><T130/><D104/><U119/><E32/><N who="0" m="12329" /><D78/><U63/><E119/><V120/><F115/><W86/><G103/><T73/><D73/><U105/><E112/><V43/><F43/><W81/><G81/><T2/><D92/><U89/><E63/><V74/><F74/><W114/><G114/><T56/><D56/><U135/><E135/><V124/><F124/><W17/><G33/><T25/><D51/><U65/><E65/><V14/><F132/><W0/><G46/><T39/><D44/><U7/><E75/><V131/><F131/><N who="0" m="50218" /><D39/><U49/><E47/><V26/><F123/><W95/><G86/><T24/><D121/><U42/><E42/><V111/><F120/><W52/><G80/><T50/><D50/><U41/><E41/><V45/><F45/><W82/><G82/><T127/><D127/><U30/><E83/><V118/><F77/><W129/><G129/><T10/><D25/><U58/><E58/><V54/><F26/><W18/><G95/><T8/><D24/><U98/><E126/><V91/><F55/><W72/><G57/><T15/><D20/><U117/><E117/><V90/><F118/><W116/><G116/><T84/><D84/><N who="2" m="32330" /><F91/><W88/><G88/><T36/><D36/><U61/><E89/><V134/><F134/><W27/><G52/><T19/><D19/><U11/><E61/><V22/><F22/><W109/><G62/><T64/><D64/><U60/><E38/><V133/><F133/><W23/><G23/><T71/><D71/><U53/><E37/><V106/><F106/><N who="3" m="63807" /><G72/><T16/><D16/><U122/><E122/><RYUUKYOKU ba="2,0" sc="400,30,200,-10,200,-10,200,-10" hai0="1,2,8,10,12,13,15" /><INIT seed="0,3,0,1,0,74" ten="430,190,190,190" oya="0" hai0="39,129,56,60,67,94,65,97,89,80,110,105,113" hai1="16,51,102,59,55,123,76,35,12,75,30,121,50" hai2="1,15,2,57,130,117,126,106,54,82,9,14,31" hai3="127,77,119,63,5,92,135,112,52,101,79,66,83"/><T124/><D113/><U70/><E70/><V93/><F106/><W71/><G119/><T47/><D124/><U128/><E102/><V22/><F126/><W84/><G127/><T78/><D129/><U95/><E128/><V27/><F130/><W115/><G135/><T118/><D110/><U43/><E95/><V3/><F117/><W8/><G101/><T24/><D118/><U125/><E125/><V4/><F93/><W36/><G36/><T111/><D111/><U7/><E7/><V107/><F107/><W18/><G18/><T40/><D24/><U34/><E30/><V85/><F15/><W120/><G92/><T28/><D28/><U53/><E43/><V29/><F29/><W133/><G133/><T87/><REACH who="0" step="1"/><D105/><REACH who="0" ten="420,190,190,190" step="2"/><U73/><E121/><V38/><F38/><W61/><G120/><T72/><D72/><U42/><E123/><V98/><F1/><W11/><G115/><T86/><D86/><U114/><E114/><V96/><F2/><W41/><G112/><T32/><D32/><U20/><E75/><V88/><REACH who="2" step="1"/><F3/><REACH who="2" ten="420,190,180,190" step="2"/><W33/><G33/><T116/><D116/><U91/><E35/><V48/><AGARI ba="3,2" hai="4,9,14,22,27,31,48,54,57,82,85,88,96,98" machi="48" ten="20,12000,2" yaku="1,1,2,1,0,1,7,1,8,1,54,1,53,0" doraHai="74" doraHaiUra="90" who="2" fromWho="2" sc="420,-63,190,-33,180,149,190,-33" /><INIT seed="1,0,0,3,3,63" ten="357,157,329,157" oya="1" hai0="106,92,78,107,83,115,24,38,39,41,113,61,23" hai1="29,105,10,114,89,53,65,37,100,96,135,80,54" hai2="46,49,99,93,13,82,101,35,58,74,91,27,30" hai3="20,98,45,36,75,132,103,19,84,70,127,52,68"/><U33/><E37/><V0/><F0/><W73/><G132/><T17/><D92/><U60/><E114/><V109/><F109/><W18/><G127/><T59/><D107/><U26/><E135/><V16/><F74/><W48/><G36/><T131/><D106/><U28/><E29/><V88/><F82/><W125/><G125/><T42/><D131/><U15/><E89/><V119/><F119/><W57/><G18/><T71/><D71/><U77/><E15/><V130/><F58/><W55/><G75/><T44/><D42/><U14/><E80/><V112/><F112/><W129/><G73/><T34/><D34/><U40/><E40/><V5/><F5/><W86/><G129/><T111/><D111/><U95/><E95/><V76/><F76/><W133/><G70/><T69/><D69/><N who="1" m="42151" /><E77/><V8/><REACH who="2" step="1"/><F130/><REACH who="2" ten="357,157,319,157" step="2"/><W90/><G68/><T79/><D79/><U123/><E123/><V122/><F122/><W120/><G120/><T116/><D116/><U117/><E117/><V50/><F50/><W22/><G133/><T126/><D39/><U72/><E72/><V56/><F56/><W9/><G57/><T124/><D124/><U2/><E2/><V6/><F6/><AGARI ba="0,1" hai="6,10,14,26,28,33,53,54,96,100,105" m="42151" machi="6" ten="30,2900,0" yaku="25,1,52,1" doraHai="63" who="1" fromWho="2" sc="357,0,157,39,319,-29,157,0" /><INIT seed="1,1,0,0,4,75" ten="357,196,290,157" oya="1" hai0="21,64,120,115,2,106,56,25,34,91,102,36,95" hai1="127,31,62,27,85,111,121,81,88,117,20,124,29" hai2="47,133,97,52,48,65,32,77,15,116,51,125,67" hai3="39,119,73,83,41,104,16,108,86,22,98,71,38"/><U93/><E117/><V1/><F133/><W110/><G119/><T69/><D2/><U82/><E121/><V126/><F116/><W37/><G71/><T92/><D36/><U94/><E111/><V99/><F1/><W80/><G73/><T96/><D115/><U13/><E31/><V76/><F32/><W105/><G41/><T40/><D40/><U46/><E46/><V90/><F15/><W68/><G68/><T23/><D56/><U11/><E62/><V128/><F128/><W33/><G33/><T58/><D58/><U19/><E82/><V109/><F109/><N who="3" m="42091" /><G98/><N who="2" m="37385" /><F90/><N who="3" m="51527" /><G83/><T59/><D34/><U123/><REACH who="1" step="1"/><E123/><REACH who="1" ten="357,186,290,157" step="2"/><V45/><F126/><AGARI ba="1,1" hai="11,13,19,20,27,29,81,85,88,93,94,124,126,127" machi="126" ten="40,18000,2" yaku="1,1,2,1,18,1,54,1,53,2" doraHai="75" doraHaiUra="89" who="1" fromWho="2" sc="357,0,186,193,290,-183,157,0" /><INIT seed="1,2,0,4,4,61" ten="357,379,107,157" oya="1" hai0="64,133,5,90,27,94,86,100,38,96,43,12,4" hai1="30,37,129,40,51,57,11,99,120,122,63,56,106" hai2="130,65,2,125,19,78,66,13,105,16,62,22,32" hai3="6,68,127,109,49,75,104,128,60,93,84,110,18"/><U85/><E37/><V48/><F130/><W88/><G128/><T14/><D133/><U82/><E129/><V124/><F105/><W108/><G75/><T1/><D1/><U73/><E73/><V58/><F32/><W115/><G115/><T59/><D43/><U113/><E113/><V10/><F2/><W23/><G6/><N who="0" m="2667" /><D27/><U52/><E30/><V92/><F48/><W117/><G117/><T79/><D79/><U102/><E11/><V17/><F17/><W25/><G104/><T119/><D38/><U20/><E20/><V114/><F114/><W121/><G121/><T70/><D70/><U89/><REACH who="1" step="1"/><E40/><REACH who="1" ten="357,369,107,157" step="2"/><V31/><F31/><W132/><G132/><T3/><D119/><U126/><E126/><V91/><F125/><W111/><G127/><T112/><D112/><U9/><E9/><V50/><F124/><W53/><G111/><T76/><D3/><U35/><E35/><V36/><F36/><W134/><G134/><T54/><D76/><U7/><E7/><V15/><F78/><W131/><G131/><T39/><D39/><U77/><E77/><V46/><F50/><W8/><G8/><T81/><D54/><AGARI ba="2,1" hai="51,52,54,56,57,63,82,85,89,99,102,106,120,122" machi="54" ten="30,5800,0" yaku="1,1,7,1,54,1,53,0" doraHai="61" doraHaiUra="33" who="1" fromWho="0" sc="357,-64,369,74,107,0,157,0" /><INIT seed="1,3,0,3,5,10" ten="293,443,107,157" oya="1" hai0="9,26,33,109,14,67,79,71,68,82,62,32,132" hai1="40,16,48,27,46,22,17,81,100,44,91,55,3" hai2="31,111,130,107,5,116,63,113,120,87,53,37,128" hai3="125,104,57,119,2,35,19,50,42,123,60,84,93"/><U61/><E3/><V133/><F107/><W131/><G104/><T76/><D109/><U108/><E108/><V80/><F120/><W88/><G123/><T11/><D132/><U20/><E100/><V15/><F111/><W85/><G2/><T89/><D89/><U34/><E34/><V70/><F116/><W75/><G75/><T105/><D105/><U97/><E61/><V83/><F133/><W12/><G35/><T21/><D11/><U96/><E81/><V134/><F134/><W127/><G119/><T121/><D71/><U94/><E96/><V117/><F37/><W23/><G131/><T56/><D68/><U86/><E97/><V92/><F117/><W52/><G85/><T54/><D67/><U129/><E129/><V28/><F92/><W74/><G74/><T66/><D66/><U77/><E77/><V30/><F113/><W118/><G118/><T41/><D41/><U126/><E126/><V47/><F70/><W64/><REACH who="3" step="1"/><G42/><REACH who="3" ten="293,443,107,147" step="2"/><T39/><D33/><U43/><E44/><AGARI ba="3,1" hai="12,19,23,44,50,52,57,60,64,84,88,93,125,127" machi="44" ten="40,8000,1" yaku="1,1,2,1,52,1,54,2,53,0" doraHai="10" doraHaiUra="114" who="3" fromWho="1" sc="293,0,443,-89,107,0,147,99" /><INIT seed="2,0,0,5,5,29" ten="293,354,107,246" oya="2" hai0="73,41,66,116,69,14,97,72,94,77,82,20,51" hai1="22,1,25,45,34,49,117,102,83,89,18,37,104" hai2="118,106,42,32,108,85,11,70,129,26,12,100,128" hai3="113,68,40,15,30,74,67,98,86,8,16,134,0"/><V71/><F118/><W35/><G74/><T126/><D126/><U76/><E37/><V95/><F42/><W132/><G113/><T31/><D69/><U59/><E1/><V120/><F120/><W121/><G121/><T96/><D66/><U61/><E89/><V112/><F112/><W64/><G40/><T53/><D41/><U127/><E117/><V36/><F36/><W57/><G68/><T13/><D97/><U24/><E104/><V110/><F106/><W80/><G98/><T5/><D73/><U81/><E102/><V135/><F135/><W6/><G57/><T21/><D31/><U79/><E34/><V19/><F100/><W28/><G28/><T23/><D5/><U62/><E127/><V56/><F56/><W55/><G55/><T10/><D10/><U123/><E123/><V87/><F70/><W101/><G101/><T125/><D125/><U38/><E38/><V92/><F71/><W27/><G134/><T107/><D107/><U78/><E25/><V90/><F26/><W50/><G50/><T124/><D116/><U46/><E49/><V111/><F32/><W44/><G44/><N who="1" m="17002" /><E62/><V65/><F65/><AGARI ba="0,0" hai="18,22,24,59,61,65,76,78,79,81,83" m="17002" machi="65" ten="30,1000,0" yaku="8,1" doraHai="29" who="1" fromWho="2" sc="293,0,354,10,107,-10,246,0" /><INIT seed="3,0,0,4,0,41" ten="293,364,97,246" oya="3" hai0="122,62,23,19,43,102,27,114,87,98,33,1,15" hai1="97,22,37,106,111,103,0,53,80,36,70,113,18" hai2="9,72,60,40,42,91,6,24,57,4,110,117,82" hai3="83,34,128,17,95,12,46,112,29,132,25,58,45"/><W56/><G112/><T51/><D122/><U107/><E0/><V3/><F110/><W32/><G32/><T123/><D1/><U88/><E70/><V131/><F131/><W30/><G128/><T100/><D123/><U119/><E113/><V20/><F117/><W64/><G132/><T81/><D62/><U2/><E2/><V77/><F6/><W125/><G125/><T10/><D33/><U126/><E119/><V115/><F91/><W74/><G30/><T67/><D67/><U59/><E126/><V44/><F115/><W104/><G104/><T13/><D13/><U55/><E107/><V130/><F130/><W133/><G133/><T71/><D98/><U75/><E75/><V11/><F11/><W90/><G83/><T109/><D71/><U76/><E76/><V16/><REACH who="2" step="1"/><F44/><REACH who="2" ten="293,364,87,246" step="2"/><W35/><G90/><N who="0" m="51567" /><D109/><U84/><E111/><V7/><F7/><W52/><G74/><T8/><D8/><U116/><E116/><V54/><AGARI ba="0,1" hai="3,4,9,16,20,24,40,42,54,57,60,72,77,82" machi="54" ten="20,8000,1" yaku="1,1,0,1,7,1,54,1,53,1" doraHai="41" doraHaiUra="48" who="2" fromWho="2" sc="293,-20,364,-20,87,90,246,-40" /><INIT seed="4,0,0,0,2,16" ten="273,344,177,206" oya="0" hai0="96,8,86,67,134,85,51,117,33,124,66,11,69" hai1="12,27,72,44,65,127,47,38,119,131,78,87,92" hai2="42,57,24,58,122,32,84,30,80,23,112,48,56" hai3="41,120,45,5,82,105,46,10,43,54,34,89,95"/><T64/><D117/><U1/><E1/><V49/><F112/><W129/><G34/><T121/><D33/><U52/><E119/><V50/><F122/><W101/><G120/><T4/><D121/><U36/><E72/><V76/><REACH who="2" step="1"/><F42/><REACH who="2" ten="273,344,167,206" step="2"/><W94/><G41/><T123/><D123/><U75/><E127/><V18/><F18/><W55/><G43/><T102/><D124/><U104/><E131/><V74/><F74/><W108/><G129/><T97/><D69/><U135/><E75/><V113/><F113/><W115/><G115/><T109/><D109/><U107/><E36/><V128/><F128/><W90/><G108/><T114/><D114/><U116/><E38/><V61/><F61/><W3/><G5/><T14/><D51/><U125/><E125/><V60/><F60/><W71/><G71/><T20/><D4/><U126/><E116/><V7/><F7/><W6/><G6/><T130/><D130/><U28/><E126/><V31/><F31/><W103/><G3/><T70/><D70/><U19/><E107/><V98/><F98/><W100/><G105/><T2/><D97/><U111/><E104/><V88/><F88/><W63/><G63/><T0/><D96/><U79/><E111/><V81/><F81/><W53/><G82/><T118/><D118/><U133/><E135/><V26/><F26/><W91/><G10/><T68/><D68/><U110/><E133/><V29/><F29/><W132/><G132/><T37/><D37/><U73/><E73/><V9/><F9/><W77/><G77/><T59/><D134/><U83/><E110/><RYUUKYOKU type="nm" ba="0,1" sc="273,-40,344,80,167,-20,206,-20" hai2="23,24,30,32,48,49,50,56,57,58,76,80,84" hai3="45,46,53,54,55,89,90,91,94,95,100,101,103" /><INIT seed="5,1,1,4,4,83" ten="233,424,147,186" oya="1" hai0="66,1,72,27,86,92,98,23,29,89,13,134,12" hai1="93,117,103,56,50,125,106,64,2,84,119,99,4" hai2="80,24,61,104,94,87,46,85,95,18,124,132,40" hai3="110,131,90,97,14,107,53,48,15,39,109,16,105"/><U32/><E32/><V34/><F132/><W42/><G131/><T121/><D72/><U81/><E125/><V123/><F123/><W60/><G39/><T122/><D1/><U69/><E69/><V75/><F124/><W111/><G14/><T82/><D66/><U17/><E2/><V8/><F104/><W74/><G74/><T54/><D134/><U36/><E36/><V3/><F75/><W71/><G42/><T65/><D65/><U126/><E4/><V10/><F61/><W59/><G71/><T51/><D122/><U135/><E126/><V70/><F70/><W88/><G60/><T9/><D9/><N who="2" m="3690" /><F3/><W47/><G47/><N who="0" m="28031" /><D121/><U57/><E135/><V43/><F34/><W7/><G7/><T26/><D26/><U78/><E17/><V128/><F128/><W133/><G133/><T0/><D0/><U20/><E20/><N who="2" m="13335" /><F46/><W21/><REACH who="3" step="1"/><G97/><REACH who="3" ten="233,424,147,176" step="2"/><T22/><D22/><U115/><E99/><V37/><F37/><W45/><G45/><T120/><D120/><U76/><E119/><V30/><F40/><W114/><G114/><T62/><D62/><U55/><E115/><V41/><F43/><W130/><G130/><T113/><D113/><U5/><E5/><V91/><F41/><W52/><G52/><T77/><AGARI ba="1,2" hai="12,13,23,27,29,77,82,86,89,92,98" m="28031" machi="77" ten="30,2000,0" yaku="8,1,52,1" doraHai="83" who="0" fromWho="0" sc="233,43,424,-11,147,-6,176,-6" /><INIT seed="6,0,0,5,5,10" ten="276,413,141,170" oya="2" hai0="17,52,27,0,89,60,7,59,11,101,118,26,68" hai1="110,88,36,54,123,35,103,134,96,105,74,41,112" hai2="23,113,49,87,84,1,92,34,40,114,33,107,111" hai3="14,104,75,25,79,76,132,121,28,6,83,117,109"/><V43/><F107/><W95/><G121/><T46/><D118/><U65/><E110/><V81/><F1/><W9/><G117/><T69/><D101/><U19/><E74/><V12/><F111/><W70/><G109/><T24/><D17/><U94/><E35/><V124/><F124/><W120/><G120/><T71/><D46/><U108/><E108/><V31/><F34/><W102/><G132/><T57/><D57/><U129/><E134/><V3/><F3/><W58/><G79/><T116/><D116/><U86/><E65/><V38/><F38/><W73/><G58/><T82/><D89/><U122/><E129/><V85/><F33/><W48/><G48/><T2/><REACH who="0" step="1"/><D82/><REACH who="0" ten="266,413,141,170" step="2"/><U51/><E122/><V100/><F81/><W127/><G83/><T66/><D66/><U90/><E123/><V63/><F114/><W119/><G102/><T5/><D5/><U53/><E90/><V55/><F113/><W131/><G6/><T45/><D45/><U4/><E4/><V72/><F100/><W13/><G119/><T133/><D133/><U16/><E112/><V21/><F40/><W115/><G115/><T67/><D67/><U8/><E41/><V97/><F43/><W80/><G80/><T64/><D64/><U18/><E54/><V126/><F126/><W39/><G127/><T135/><D135/><U15/><E36/><V47/><F31/><W22/><G28/><T37/><D37/><U99/><E99/><V91/><F63/><W106/><G39/><T61/><D61/><U44/><AGARI ba="0,1" hai="8,15,16,18,19,44,51,53,86,88,94,96,103,105" machi="44" ten="20,8000,1" yaku="0,1,7,1,52,1,54,2" doraHai="10" who="1" fromWho="1" sc="266,-20,413,90,141,-40,170,-20" /><INIT seed="7,0,0,5,2,91" ten="246,503,101,150" oya="3" hai0="41,77,61,126,95,0,113,117,20,26,16,29,123" hai1="9,127,31,4,135,24,84,93,104,132,111,118,75" hai2="30,133,115,119,3,43,103,99,65,40,76,121,47" hai3="18,120,21,60,97,45,96,86,58,8,98,5,52"/><W36/><G120/><T23/><D0/><U66/><E104/><V128/><F119/><W37/><G86/><T129/><D129/><U44/><E111/><V46/><F3/><W50/><G5/><T55/><D126/><U114/><E75/><V63/><F30/><W72/><G72/><T34/><D113/><U7/><E114/><V27/><F27/><W53/><REACH who="3" step="1"/><G8/><REACH who="3" ten="246,503,101,140" step="2"/><T108/><D123/><U11/><E4/><V83/><F121/><W131/><G131/><T38/><D117/><U88/><E118/><V48/><F128/><W54/><G54/><T15/><D55/><U42/><E127/><V12/><F115/><W64/><G64/><T25/><D108/><U92/><E66/><V19/><F133/><W116/><G116/><T57/><D77/><U100/><E7/><V107/><F65/><W35/><G35/><T81/><D34/><U67/><E67/><V94/><F63/><W2/><G2/><T49/><D61/><U39/><E135/><V80/><F107/><W62/><G62/><T68/><D23/><U87/><E132/><V6/><F6/><W102/><G102/><T110/><D20/><U112/><E112/><V17/><F17/><W73/><G73/><T32/><D16/><U85/><E87/><V28/><F28/><W78/><G78/><T90/><D29/><U109/><E109/><V125/><F125/><W14/><AGARI ba="0,1" hai="14,18,21,36,37,45,50,52,53,58,60,96,97,98" machi="14" ten="30,6000,0" yaku="1,1,0,1,54,1,53,0" doraHai="91" doraHaiUra="33" who="3" fromWho="3" sc="246,-20,503,-20,101,-20,140,70" /><INIT seed="7,1,0,4,3,34" ten="226,483,81,210" oya="3" hai0="109,118,124,48,47,16,41,126,0,73,128,94,40" hai1="33,114,100,23,32,49,130,105,63,31,75,82,61" hai2="84,52,123,72,134,83,77,112,79,60,54,38,121" hai3="86,87,101,88,5,57,133,122,120,20,12,4,45"/><W1/><G133/><T76/><D109/><U44/><E114/><V115/><F72/><W65/><G101/><T108/><D108/><U29/><E130/><V119/><F79/><W66/><G45/><T37/><D118/><U42/><E75/><V64/><F77/><W22/><G12/><T13/><D0/><U116/><E82/><V15/><F15/><W104/><G104/><T71/><D71/><U129/><E129/><V89/><F89/><W127/><G57/><T69/><D69/><U30/><E116/><V50/><F84/><W135/><G135/><T107/><D107/><U90/><E90/><V67/><F83/><W117/><G117/><T106/><D106/><U53/><E23/><V55/><F119/><W102/><G102/><T59/><D94/><U14/><E14/><V132/><F38/><W11/><G11/><T43/><D128/><U68/><E68/><V98/><F98/><W78/><G78/><T80/><D59/><U28/><E42/><V46/><F46/><W39/><G39/><T56/><D56/><U51/><E51/><V111/><F111/><W99/><G99/><T103/><D103/><U58/><E44/><V18/><F18/><W17/><G17/><T7/><D37/><U96/><N who="1" m="7168" /><DORA hai="6" /><U26/><E26/><V10/><F10/><W24/><G24/><T27/><D27/><U36/><E36/><V19/><F19/><W70/><G70/><T9/><D16/><U113/><E113/><N who="2" m="43595" /><F50/><W97/><G97/><T2/><D13/><U81/><E81/><V95/><F95/><W92/><G92/><T21/><D21/><RYUUKYOKU ba="1,0" sc="226,15,483,15,81,-15,210,-15" hai0="2,7,9,40,41,43,47,48,73,76,80,124,126" hai1="32,33,49,53,58,61,63,96,100,105" owari="241,4.0,498,59.0,66,-43.0,195,-20.0" /></mjloggm>