<mjloggm ver="2.3"><GO type="41" lobby="0"/><UN n0="%E3%83%A4%E3%83%9E%E3%82%AA%32" n1="%E2%93%9D%53%75%70%68%78" n2="%77%73%62%61" n3="%E3%83%94%E3%83%B3%E3%82%B6%E3%82%B5%E3%83%BC%E3%83%89" dan="15,19,15,15" rate="2016.60,2207.85,2024.12,2033.22" sx="M,M,M,M"/><TAIKYOKU oya="0"/><INIT seed="0,0,0,4,0,65" ten="250,250,250,250" oya="0" hai0="45,105,14,131,7,60,81,49,64,27,111,125,32" hai1="133,95,35,72,8,11,100,89,38,46,20,84,25" hai2="121,21,116,15,61,22,39,59,55,88,33,87,41" hai3="53,9,26,40,90,4,115,122,24,74,34,13,19"/><T86/><D105/><U101/><E35/><V37/><F121/><W48/><G115/><T47/><D125/><U102/><E72/><V110/><F33/><W31/><G122/><T108/><D131/><U70/><E133/><V50/><F110/><N who="0" m="42026" /><D32/><U29/><REACH who="1" step="1"/><E70/><REACH who="1" ten="250,240,250,250" step="2"/><V129/><F129/><W75/><G74/><T69/><D27/><U28/><E28/><V94/><F116/><W85/><G75/><T36/><D36/><U44/><E44/><V114/><F39/><W68/><G68/><T134/><D134/><U18/><E18/><V83/><F37/><W6/><G26/><T54/><D45/><U78/><E78/><V16/><F114/><W17/><G17/><T66/><D66/><U124/><E124/><V23/><F83/><W117/><G117/><T119/><D119/><U127/><E127/><V10/><F10/><W104/><G6/><T3/><D81/><U92/><E92/><V5/><F5/><W43/><G104/><T0/><D86/><U82/><E82/><V112/><F112/><W73/><G73/><T67/><D67/><U79/><E79/><V126/><F126/><W98/><G4/><T109/><D109/><U12/><E12/><V130/><F130/><W58/><G98/><T113/><D113/><U123/><E123/><V91/><F91/><W128/><G128/><T77/><D77/><U42/><AGARI ba="0,1" hai="8,11,20,25,29,38,42,46,84,89,95,100,101,102" machi="42" ten="30,2000,0" yaku="1,1,0,1,53,0" doraHai="65" doraHaiUra="62" who="1" fromWho="1" sc="250,-10,240,30,250,-5,250,-5" /><INIT seed="1,0,0,5,3,72" ten="240,270,245,245" oya="1" hai0="104,82,66,58,17,69,57,2,73,38,56,32,10" hai1="126,21,85,113,75,114,31,81,29,118,94,52,50" hai2="95,71,11,22,61,111,59,127,110,37,62,60,4" hai3="41,0,77,1,27,51,19,87,135,119,24,101,103"/><U102/><E118/><V117/><F117/><W70/><G70/><T124/><D32/><U86/><E75/><V34/><F34/><W84/><G135/><T129/><D104/><U83/><E126/><V40/><F127/><W33/><G119/><T112/><D112/><U116/><E116/><V133/><F133/><W45/><G1/><T132/><D124/><U16/><E94/><V26/><F71/><W36/><G0/><T3/><D38/><U13/><E102/><V55/><F95/><W107/><G107/><T120/><D132/><U65/><E65/><V63/><F40/><W12/><G36/><T98/><D98/><U46/><E114/><V35/><F35/><W121/><G87/><N who="1" m="33290" /><E113/><V100/><F100/><N who="3" m="38475" /><G33/><T128/><D120/><U93/><E93/><V39/><F39/><W68/><G68/><T134/><D134/><U53/><E53/><V14/><REACH who="2" step="1"/><F37/><REACH who="2" ten="240,270,235,245" step="2"/><W76/><G121/><T123/><D123/><U23/><E23/><V96/><F96/><W54/><G41/><T90/><D69/><U47/><E47/><V92/><F92/><W8/><G84/><N who="0" m="50455" /><D73/><U18/><E18/><AGARI ba="0,1" hai="4,11,14,18,22,26,55,59,60,61,62,63,110,111" machi="18" ten="40,5200,0" yaku="1,1,53,2" doraHai="72" doraHaiUra="122" who="2" fromWho="1" sc="240,0,270,-52,235,62,245,0" /><INIT seed="2,0,0,5,5,135" ten="240,218,297,245" oya="2" hai0="34,75,43,90,117,18,22,104,116,8,16,47,42" hai1="129,85,130,105,38,6,84,99,35,53,39,115,131" hai2="7,5,9,69,70,83,71,15,134,101,106,59,122" hai3="10,102,100,72,91,121,64,4,119,110,124,109,74"/><V41/><F122/><W0/><G121/><T95/><D104/><U28/><E6/><V32/><F134/><W36/><G119/><N who="0" m="45643" /><D34/><U60/><E115/><V78/><F32/><W31/><G36/><N who="1" m="13866" /><E53/><V82/><F41/><W29/><G64/><T24/><D75/><U94/><E60/><V17/><F59/><W112/><G112/><T19/><D8/><U23/><E105/><V26/><F83/><W79/><G74/><T55/><D55/><U13/><E13/><V127/><F101/><W73/><G73/><T76/><D76/><U128/><E35/><V118/><F106/><W30/><G91/><T123/><D123/><U40/><E40/><N who="0" m="15401" /><D47/><U77/><E77/><V81/><F78/><W107/><G72/><T65/><D65/><U33/><E33/><V57/><F118/><W51/><G79/><T120/><D120/><U87/><E131/><V46/><F46/><W103/><G107/><T49/><D49/><U89/><E23/><V80/><F57/><W68/><G51/><T66/><D66/><U125/><E28/><V52/><F52/><W96/><G68/><T108/><D108/><N who="3" m="41577" /><G96/><AGARI ba="0,0" hai="16,18,19,22,24,90,95,96" m="15401,45643" machi="96" ten="30,2000,0" yaku="12,1,54,1" doraHai="135" who="0" fromWho="3" sc="240,20,218,0,297,0,245,-20" /><INIT seed="3,0,0,4,5,0" ten="260,218,297,225" oya="3" hai0="22,65,25,67,132,10,123,92,16,105,71,131,21" hai1="23,2,8,49,20,17,111,40,58,64,117,135,113" hai2="102,32,106,9,69,41,90,133,120,91,7,122,15" hai3="95,55,1,130,61,11,13,46,93,53,43,119,108"/><W128/><G119/><T75/><D105/><U121/><E121/><N who="2" m="46699" /><F133/><W70/><G1/><T104/><D104/><U26/><E113/><V118/><F118/><W107/><G107/><T66/><D75/><U86/><E111/><V4/><F69/><W125/><G125/><T18/><D123/><U54/><E135/><V87/><F32/><W76/><G76/><T39/><D39/><U44/><E64/><V60/><F60/><W37/><G55/><T96/><D132/><U115/><E115/><V19/><F41/><W134/><G134/><T73/><D73/><U99/><E117/><V100/><F90/><W85/><G108/><T59/><D71/><U79/><E99/><N who="2" m="61727" /><F102/><W83/><G70/><T30/><D131/><N who="3" m="50217" /><G53/><T5/><D59/><U88/><E79/><V33/><F33/><W124/><G61/><T28/><D92/><AGARI ba="0,0" hai="4,7,9,15,19,87,91,92" m="61727,46699" machi="92" ten="30,3900,0" yaku="13,1,52,2" doraHai="0" who="2" fromWho="0" sc="260,-39,218,0,297,39,225,0" /><INIT seed="4,0,0,1,5,36" ten="221,218,336,225" oya="0" hai0="69,40,63,33,124,118,130,113,80,27,133,102,75" hai1="90,61,109,76,88,34,70,87,23,51,81,31,30" hai2="24,26,104,10,86,85,131,92,65,97,74,134,64" hai3="19,20,42,12,98,7,122,38,83,117,66,56,105"/><T28/><D118/><U25/><E109/><V17/><F74/><W0/><G117/><T9/><D124/><U82/><E34/><V135/><F104/><W6/><G122/><T126/><D126/><U101/><E101/><V39/><F39/><W4/><G0/><T127/><D127/><U55/><E31/><V32/><F32/><W35/><G35/><T100/><D130/><U16/><E30/><V57/><F57/><W1/><G1/><T71/><D133/><U112/><E112/><V5/><F5/><W50/><G38/><T121/><D121/><U84/><E70/><V22/><F10/><W8/><G83/><T45/><D113/><U46/><E61/><V93/><F131/><W119/><G119/><T111/><D111/><U37/><E37/><V123/><F22/><W59/><G105/><T95/><D9/><U116/><E116/><V41/><F97/><W79/><G98/><T108/><D95/><U73/><E73/><V11/><F11/><W128/><G79/><AGARI ba="0,0" hai="16,23,25,46,51,55,76,79,81,82,84,87,88,90" machi="79" ten="30,8000,1" yaku="7,1,9,1,8,1,54,2" doraHai="36" who="1" fromWho="3" sc="221,0,218,80,336,0,225,-80" /><INIT seed="5,0,0,5,3,92" ten="221,298,336,145" oya="1" hai0="1,84,86,31,13,5,78,51,81,119,102,61,82" hai1="52,89,4,85,118,33,30,24,18,74,59,98,87" hai2="135,126,64,108,91,69,63,101,9,8,41,68,75" hai3="54,58,90,46,95,23,35,57,3,79,107,120,96"/><U60/><E74/><V122/><F122/><W77/><G35/><T80/><D119/><U114/><E118/><V116/><F108/><W130/><G120/><T12/><D1/><U26/><E114/><V38/><F116/><W50/><G130/><T71/><D31/><U49/><E4/><V93/><F75/><W22/><G3/><T88/><D82/><U105/><E49/><V124/><F101/><W55/><G107/><T11/><D13/><U2/><E2/><V67/><F135/><W42/><G55/><T97/><D71/><U112/><E112/><V131/><F131/><W44/><G58/><T0/><D61/><U99/><E105/><V14/><F41/><W20/><REACH who="3" step="1"/><G46/><REACH who="3" ten="221,298,336,135" step="2"/><T100/><D0/><U45/><E45/><V56/><F56/><W27/><G27/><T72/><D72/><U47/><E47/><V110/><F68/><W83/><G83/><T109/><D109/><U6/><E26/><V16/><F110/><W128/><G128/><T111/><D111/><U103/><E59/><V36/><F67/><W125/><G125/><T134/><D134/><U70/><E70/><V28/><F124/><W29/><G29/><T43/><D43/><U7/><E30/><V129/><F28/><W39/><AGARI ba="0,1" hai="20,22,23,39,42,44,50,54,57,77,79,90,95,96" machi="39" ten="30,7900,0" yaku="1,1,0,1,52,1,53,1" doraHai="92" doraHaiUra="37" who="3" fromWho="3" sc="221,-20,298,-39,336,-20,135,89" /><INIT seed="6,0,0,5,4,70" ten="201,259,316,224" oya="2" hai0="72,27,98,0,39,41,91,79,71,59,116,53,75" hai1="8,122,89,134,111,109,55,26,47,56,119,93,102" hai2="35,33,13,20,104,25,126,69,128,34,120,61,87" hai3="48,95,28,24,78,10,125,21,96,52,85,63,16"/><V6/><F120/><W74/><G74/><T1/><D71/><U44/><E119/><V115/><F104/><W77/><G125/><T92/><D116/><U110/><E102/><V86/><F126/><W40/><G85/><T113/><D113/><U133/><E26/><V108/><F115/><W11/><G40/><T60/><D79/><N who="3" m="30217" /><G63/><T81/><D81/><U118/><E8/><V22/><F128/><W68/><G68/><T132/><D132/><N who="1" m="50795" /><E118/><V82/><F108/><W97/><G28/><T129/><D129/><U83/><E83/><V73/><F73/><W88/><G97/><T17/><D72/><U105/><E105/><V62/><F69/><W38/><G38/><T124/><D124/><U80/><E80/><V14/><F82/><W112/><G112/><T65/><D75/><U19/><E122/><V51/><F34/><W50/><G50/><T107/><D107/><U130/><E130/><V76/><F51/><W103/><G103/><T121/><D121/><U117/><E117/><V135/><F76/><W114/><G114/><T123/><D123/><U43/><E43/><V7/><F135/><W23/><G23/><N who="0" m="13807" /><D65/><U3/><E111/><V32/><F32/><W18/><G18/><T57/><D57/><AGARI ba="0,0" hai="10,11,16,21,24,48,52,57,88,95,96" m="30217" machi="57" ten="30,7700,0" yaku="8,1,54,3" doraHai="70" who="3" fromWho="0" sc="201,-77,259,0,316,0,224,77" /><INIT seed="7,0,0,4,4,22" ten="124,259,316,301" oya="3" hai0="54,10,46,58,83,101,88,66,43,96,109,86,64" hai1="128,3,103,45,90,104,35,21,106,112,73,78,34" hai2="39,99,91,123,19,125,120,93,41,114,62,40,18" hai3="48,30,4,71,119,24,102,2,14,115,36,11,110"/><W94/><G36/><T32/><D32/><U130/><E21/><V95/><F114/><W42/><G71/><T75/><D75/><U1/><E45/><V0/><F0/><N who="1" m="73" /><E90/><N who="2" m="55735" /><F125/><W51/><G110/><T29/><D109/><U133/><E103/><V68/><F68/><W56/><G119/><T81/><D81/><N who="1" m="45263" /><E133/><V108/><F108/><W27/><G2/><T87/><D87/><U63/><E63/><V116/><F62/><W50/><G115/><T57/><D29/><U72/><E72/><V33/><F33/><N who="1" m="12297" /><E112/><V59/><F59/><W65/><G42/><N who="2" m="16489" /><F39/><W12/><G12/><T8/><D57/><U17/><E17/><V117/><F117/><W84/><G30/><T44/><D44/><U13/><E13/><V9/><F9/><W49/><N who="3" m="12288" /><DORA hai="61" /><W5/><G5/><T118/><D118/><U107/><AGARI ba="0,0" hai="104,106,107,128,130" m="12297,45263,73" machi="107" ten="40,1500,0" yaku="23,1" doraHai="22,61" who="1" fromWho="1" sc="124,-4,259,15,316,-4,301,-7" owari="120,-38.0,274,-13.0,312,42.0,294,9.0" /></mjloggm>