<mjloggm ver="2.3"><GO type="41" lobby="0"/><UN n0="%52%69%6F%52%69%6F" n1="%E3%81%AD%E3%81%93%E6%98%9F%E4%BA%BA" n2="%E2%93%9D%53%75%70%68%78" n3="%6E%65%6F%39%34%33" dan="13,13,19,13" rate="1870.67,1815.27,2130.25,1816.49" sx="M,M,M,M"/><TAIKYOKU oya="0"/><INIT seed="0,0,0,4,4,40" ten="250,250,250,250" oya="0" hai0="58,97,72,131,20,126,32,26,116,38,85,130,91" hai1="57,36,78,23,39,102,60,90,110,128,41,75,89" hai2="123,125,107,7,93,55,30,56,118,54,17,108,84" hai3="19,12,31,11,8,13,104,66,86,112,101,114,83"/><T16/><D116/><U59/><E39/><V73/><F107/><W64/><G31/><T124/><D72/><U3/><E3/><V76/><F125/><N who="0" m="48234" /><D38/><U117/><E59/><V113/><F108/><W0/><G0/><T37/><D37/><U45/><E102/><V4/><F113/><W10/><G112/><T27/><D97/><U120/><E110/><V111/><F123/><W88/><G114/><T5/><D5/><U62/><E62/><V92/><F73/><W14/><REACH who="3" step="1"/><G19/><REACH who="3" ten="250,250,250,240" step="2"/><T98/><D32/><U6/><E120/><V15/><F111/><W22/><G22/><T121/><D121/><U63/><E23/><V2/><F2/><W61/><G61/><T82/><D131/><U103/><E63/><V87/><F17/><W71/><G71/><T52/><D130/><U42/><E128/><V119/><F119/><W105/><G105/><T133/><D133/><U95/><E117/><V49/><F118/><W48/><G48/><N who="0" m="30983" /><D98/><AGARI ba="0,1" hai="8,10,11,12,13,14,64,66,83,86,88,98,101,104" machi="98" ten="40,2600,0" yaku="1,1,54,1,53,0" doraHai="40" doraHaiUra="29" who="3" fromWho="0" sc="250,-26,250,0,250,0,240,36" /><INIT seed="1,0,0,3,2,34" ten="224,250,250,276" oya="1" hai0="75,95,108,30,87,42,48,98,124,31,57,1,96" hai1="17,6,63,94,56,24,83,102,62,4,51,100,114" hai2="92,103,71,2,117,111,27,123,115,18,59,73,133" hai3="19,80,38,22,84,129,37,105,119,69,5,26,8"/><U65/><E114/><V122/><F71/><W11/><G105/><T20/><D75/><U55/><E83/><V78/><F59/><W109/><G69/><T50/><D108/><U52/><E55/><V23/><F117/><W7/><G119/><T44/><D124/><U134/><E134/><V120/><F78/><W97/><G109/><T43/><D1/><U99/><E100/><V40/><F40/><W127/><G127/><T132/><D132/><U121/><E121/><V35/><F73/><W76/><G129/><T47/><D57/><N who="1" m="37071" /><E63/><V112/><F111/><W82/><G97/><T118/><D118/><U88/><E102/><V12/><F103/><W126/><G126/><T16/><D87/><U106/><E106/><V49/><F49/><W41/><G82/><T45/><D47/><U93/><E93/><V81/><F92/><W53/><G53/><T29/><REACH who="0" step="1"/><D95/><REACH who="0" ten="214,250,250,276" step="2"/><U72/><E72/><V67/><F133/><W0/><REACH who="3" step="1"/><G41/><REACH who="3" ten="214,250,250,266" step="2"/><T79/><D79/><U13/><E24/><AGARI ba="0,2" hai="16,20,24,29,30,31,42,43,44,45,48,50,96,98" machi="24" ten="40,8000,1" yaku="1,1,9,1,8,1,54,1,53,0" doraHai="34" doraHaiUra="110" who="0" fromWho="1" sc="214,100,250,-80,250,0,266,0" /><INIT seed="2,0,0,0,4,83" ten="314,170,250,266" oya="2" hai0="12,102,81,132,32,11,49,66,57,4,35,18,103" hai1="27,96,58,10,9,131,113,120,47,123,124,68,5" hai2="14,91,107,37,46,117,82,111,78,70,17,24,3" hai3="23,52,122,25,61,48,39,100,119,56,41,110,69"/><V20/><F117/><W85/><G119/><T19/><D132/><U104/><E68/><V99/><F3/><W64/><G122/><T59/><D66/><U118/><E58/><V1/><F1/><W84/><G100/><T115/><D115/><U45/><E27/><V73/><F70/><W65/><G65/><T95/><D35/><U87/><E96/><V97/><F111/><W30/><REACH who="3" step="1"/><G110/><REACH who="3" ten="314,170,250,256" step="2"/><T80/><D32/><U22/><E118/><V128/><F107/><W15/><G15/><T8/><D12/><U13/><E13/><V114/><F114/><W53/><G53/><T98/><D103/><U43/><E113/><V79/><F14/><W74/><G74/><T121/><D121/><U116/><E116/><V0/><F0/><W71/><G71/><T21/><D102/><U90/><E123/><V6/><F73/><W88/><G88/><T130/><D130/><U94/><E120/><V34/><F34/><W76/><G76/><T44/><D4/><U125/><E5/><V16/><F6/><W126/><G126/><T50/><D8/><U2/><E131/><V62/><F79/><W55/><G55/><T36/><D11/><U134/><E9/><V28/><F78/><W26/><G26/><T60/><D36/><U93/><E10/><V38/><F38/><W33/><G33/><T77/><D77/><U72/><E124/><V75/><F128/><W86/><G86/><T101/><D101/><U135/><E87/><N who="2" m="50679" /><F75/><W54/><G54/><T63/><D21/><U40/><E72/><V67/><F37/><W31/><G31/><T109/><D109/><RYUUKYOKU ba="0,1" sc="314,-10,170,-10,250,-10,256,30" hai3="23,25,30,39,41,48,52,56,61,64,69,84,85" /><INIT seed="3,1,1,2,3,46" ten="304,160,240,286" oya="3" hai0="38,71,20,107,67,54,109,65,120,110,39,104,16" hai1="75,48,92,100,7,2,85,121,1,15,49,11,5" hai2="125,21,78,12,83,124,129,22,0,116,60,93,94" hai3="30,4,73,99,40,47,112,31,56,70,33,10,90"/><W66/><G112/><T135/><D120/><U27/><E75/><V79/><F0/><W17/><G70/><T59/><D71/><U84/><E121/><V68/><F116/><W35/><G73/><T80/><D80/><U106/><E106/><V131/><F68/><W63/><G33/><T9/><D9/><N who="1" m="4527" /><E2/><V82/><F12/><W45/><G35/><T19/><D135/><U77/><E1/><V41/><REACH who="2" step="1"/><F60/><REACH who="2" ten="304,160,230,286" step="2"/><W96/><G63/><T132/><D132/><U62/><E62/><V26/><F26/><W64/><G64/><T25/><D67/><U123/><E123/><V86/><F86/><N who="1" m="33385" /><E27/><V18/><F18/><W113/><G17/><T102/><D19/><U97/><E77/><V24/><F24/><W50/><G66/><T122/><D65/><U29/><E29/><V126/><F126/><W61/><G31/><T42/><D122/><U95/><E7/><V28/><F28/><W36/><G30/><T6/><D6/><U105/><E11/><V130/><F130/><W103/><G61/><T74/><D25/><U57/><E105/><V14/><F14/><W117/><G10/><T89/><D107/><U114/><E114/><V108/><F108/><W23/><G113/><T44/><D104/><U111/><E111/><V76/><F76/><W34/><G4/><T133/><D133/><U128/><E128/><V118/><F118/><W3/><G117/><T91/><D110/><U53/><E95/><V101/><F101/><W88/><G103/><T51/><D102/><U58/><E53/><V81/><F81/><W55/><G55/><T87/><D109/><RYUUKYOKU ba="1,2" sc="304,-15,160,15,230,15,286,-15" hai1="48,49,57,58,92,97,100" hai2="21,22,41,78,79,82,83,93,94,124,125,129,131" /><INIT seed="4,2,2,1,0,26" ten="289,175,245,271" oya="0" hai0="42,15,99,110,3,43,56,48,10,80,131,77,115" hai1="107,127,14,38,54,132,126,35,13,93,55,108,88" hai2="134,135,28,41,29,46,25,71,16,9,118,101,6" hai3="7,45,30,47,61,116,129,120,84,82,8,96,100"/><T121/><D121/><U65/><E107/><V83/><F71/><W78/><G116/><T104/><D3/><U123/><E38/><V0/><F101/><W53/><G129/><T124/><D131/><U90/><E90/><V69/><F69/><W62/><G120/><T119/><D119/><U36/><E36/><N who="2" m="21799" /><F118/><W24/><G61/><T97/><D124/><N who="1" m="47659" /><E123/><V125/><F125/><W33/><G53/><N who="1" m="19978" /><E108/><V40/><F40/><W85/><G85/><T67/><D110/><U66/><E132/><N who="2" m="50731" /><F83/><W34/><G34/><T50/><D104/><U95/><E35/><V103/><F103/><W32/><G32/><T17/><D80/><U5/><E5/><V4/><F4/><W86/><G62/><N who="0" m="38343" /><D77/><U74/><E74/><V23/><AGARI ba="2,2" hai="0,6,9,16,23,25,28,29" m="50731,21799" machi="23" ten="30,7900,0" yaku="20,1,52,2,54,1" doraHai="26" who="2" fromWho="2" sc="289,-41,175,-22,245,105,271,-22" /><INIT seed="5,0,0,3,1,102" ten="248,153,350,249" oya="1" hai0="103,90,27,109,46,16,82,112,65,29,74,127,134" hai1="3,21,111,104,48,24,76,43,85,8,135,71,126" hai2="108,63,0,118,60,80,106,39,100,34,98,110,64" hai3="19,117,66,41,13,35,130,101,61,68,52,67,58"/><U44/><E135/><V1/><F63/><W97/><G130/><T113/><D109/><U28/><E126/><V55/><F55/><W88/><G117/><T89/><D65/><U18/><E111/><V17/><F17/><W77/><G77/><N who="0" m="44343" /><D46/><U114/><E114/><N who="0" m="44137" /><D29/><U91/><E71/><N who="2" m="42375" /><F118/><W4/><G35/><T42/><D42/><U50/><E104/><V121/><F121/><W72/><G41/><T33/><D33/><U56/><E76/><V120/><F120/><W47/><G4/><T116/><D116/><U30/><E3/><N who="2" m="1099" /><F80/><W32/><G47/><T119/><D119/><U22/><E8/><V131/><F39/><W122/><G122/><T54/><D54/><N who="1" m="31815" /><E22/><V38/><F38/><W78/><G67/><T37/><D37/><U2/><E2/><V6/><F110/><W75/><G66/><T73/><D27/><U9/><E9/><V23/><F108/><W12/><G78/><T94/><D16/><U86/><E86/><V49/><F6/><W129/><G19/><T70/><D70/><U81/><AGARI ba="0,0" hai="18,21,24,28,30,43,44,50,81,85,91" m="31815" machi="81" ten="30,1500,0" yaku="8,1" doraHai="102" who="1" fromWho="1" sc="248,-5,153,15,350,-5,249,-5" /><INIT seed="5,1,0,0,5,103" ten="243,168,345,244" oya="1" hai0="15,6,78,92,37,109,29,12,4,72,117,46,68" hai1="80,105,44,128,106,11,101,9,86,28,66,63,134" hai2="127,120,113,0,23,96,77,131,99,74,19,124,47" hai3="73,43,3,126,59,53,45,125,88,114,52,65,8"/><U27/><E134/><V2/><F120/><W54/><G73/><T36/><D109/><U116/><E116/><V20/><F131/><W121/><G121/><T107/><D117/><U82/><E128/><V85/><F74/><W30/><G114/><T118/><D118/><U110/><E110/><V91/><F77/><W62/><G30/><T93/><D72/><U10/><E44/><V50/><F113/><W61/><G61/><T84/><D46/><U75/><E75/><V132/><F132/><W102/><G102/><T51/><D78/><U24/><E101/><V21/><F19/><W111/><G111/><T18/><D29/><U57/><E27/><V71/><F71/><W7/><REACH who="3" step="1"/><G88/><REACH who="3" ten="243,168,345,234" step="2"/><T56/><D68/><U81/><REACH who="1" step="1"/><E86/><REACH who="1" ten="243,158,345,234" step="2"/><V31/><F85/><W76/><G76/><T17/><D84/><U130/><E130/><V38/><F91/><W119/><G119/><T33/><D33/><AGARI ba="1,2" hai="9,10,11,24,28,33,57,63,66,80,81,82,105,106" machi="33" ten="40,7700,0" yaku="1,1,52,2,53,0" doraHai="103" doraHaiUra="35" who="1" fromWho="0" sc="243,-80,158,100,345,0,234,0" /><INIT seed="5,2,0,1,2,13" ten="163,258,345,234" oya="1" hai0="25,76,51,120,122,118,9,61,97,135,104,26,57" hai1="83,14,54,67,27,84,133,101,103,128,86,107,47" hai2="3,119,62,55,129,50,21,6,8,46,109,117,88" hai3="89,64,79,53,99,90,60,36,95,71,48,0,2"/><U11/><E133/><V127/><F109/><W59/><G79/><T113/><D118/><U92/><E128/><V73/><F73/><W123/><G123/><T78/><D9/><U77/><E107/><V5/><F127/><W34/><G34/><T16/><D51/><N who="1" m="29055" /><E67/><V4/><F129/><W56/><G36/><T19/><D135/><U74/><E74/><V94/><F119/><W85/><REACH who="3" step="1"/><G71/><REACH who="3" ten="163,258,345,224" step="2"/><T42/><D113/><U116/><E116/><V44/><F117/><W100/><G100/><N who="0" m="62479" /><D42/><U33/><E33/><V12/><F3/><W93/><AGARI ba="2,1" hai="0,2,48,53,56,59,60,64,85,89,90,93,95,99" machi="93" ten="20,2700,0" yaku="1,1,0,1,7,1,53,0" doraHai="13" doraHaiUra="131" who="3" fromWho="3" sc="163,-9,258,-15,345,-9,224,43" /><INIT seed="6,0,0,1,5,119" ten="154,243,336,267" oya="2" hai0="78,9,105,42,52,99,126,72,100,64,69,132,97" hai1="45,12,73,57,92,50,103,62,27,66,95,68,19" hai2="106,32,59,128,34,48,89,109,82,115,37,134,114" hai3="17,38,23,3,90,129,117,5,24,31,46,130,135"/><V39/><F106/><W70/><G117/><T51/><D126/><U67/><E73/><V41/><F109/><W49/><G38/><T94/><D132/><U43/><E27/><V6/><F6/><W121/><G135/><T1/><D42/><U98/><E67/><V28/><F128/><W33/><G70/><T60/><D72/><U80/><E80/><V123/><F28/><W47/><G90/><T124/><D124/><U36/><E12/><V22/><F22/><W125/><G125/><T71/><D78/><U75/><E75/><V122/><F134/><W18/><G17/><T131/><D131/><U20/><E19/><V35/><F89/><W54/><G47/><T56/><D1/><U107/><E20/><V102/><F102/><W0/><G3/><T55/><D9/><U77/><E77/><V120/><F82/><W53/><G53/><AGARI ba="0,0" hai="36,43,45,50,53,57,62,66,68,92,95,98,103,107" machi="53" ten="40,2600,0" yaku="24,2" doraHai="119" who="1" fromWho="3" sc="154,0,243,26,336,0,267,-26" /><INIT seed="7,0,0,4,2,112" ten="154,269,336,241" oya="3" hai0="68,102,130,84,39,98,57,85,9,71,52,26,128" hai1="94,72,3,67,10,46,116,28,42,117,101,47,19" hai2="79,125,134,64,118,105,114,135,4,7,74,29,15" hai3="31,75,81,106,70,58,122,17,12,87,55,37,20"/><W49/><G122/><T92/><D39/><U82/><E28/><V36/><F118/><N who="1" m="45673" /><E67/><V110/><F125/><W27/><G37/><T44/><D44/><U48/><E47/><V34/><F110/><W127/><G127/><T69/><D9/><U62/><E62/><V121/><F114/><W40/><G70/><T86/><REACH who="0" step="1"/><D26/><REACH who="0" ten="144,269,336,241" step="2"/><U30/><E30/><V104/><F29/><W95/><G75/><T2/><D2/><U59/><E3/><V60/><F36/><W32/><G40/><T33/><D33/><U103/><E59/><V21/><F34/><W124/><G124/><T18/><D18/><U93/><E10/><V96/><F74/><W54/><G106/><T23/><D23/><U13/><E19/><V22/><F22/><W50/><G95/><N who="1" m="36362" /><E13/><V123/><F15/><W24/><G12/><T25/><D25/><U89/><E72/><V51/><F21/><W5/><G5/><T100/><D100/><U66/><E66/><V43/><F64/><W99/><G99/><T56/><D56/><U45/><E45/><V108/><F7/><W16/><G17/><T83/><D83/><U107/><E107/><V41/><F105/><W35/><G32/><T6/><D6/><U65/><E65/><V63/><F104/><W61/><REACH who="3" step="1"/><G54/><REACH who="3" ten="144,269,336,231" step="2"/><T73/><D73/><U120/><E120/><V109/><F4/><W0/><G0/><T131/><D131/><U90/><E82/><V88/><F123/><W11/><G11/><T97/><D97/><U91/><AGARI ba="0,2" hai="42,46,48,89,90,91,101,103" m="36362,45673" machi="91" ten="40,8000,1" yaku="12,1,52,3" doraHai="112" who="1" fromWho="1" sc="144,-20,269,100,336,-20,231,-40" owari="124,-38.0,369,47.0,316,12.0,191,-21.0" /></mjloggm>