<mjloggm ver="2.3"><GO type="41" lobby="0"/><UN n0="%E2%93%9D%53%75%70%68%78" n1="%E3%82%A2%E3%82%AD%E3%83%88%E3%82%AA%E3%83%AA%E3%82%AA%E3%83%B3" n2="%53%61%6B%61%53%75%6E" n3="%E3%82%B8%E3%83%A7%E3%83%B3%E3%83%BB%E3%83%9C%E3%82%A6%E3%82%AB%E3%83%BC" dan="19,15,14,13" rate="2208.97,2007.07,1940.19,1800.01" sx="M,M,M,M"/><TAIKYOKU oya="0"/><INIT seed="0,0,0,4,2,126" ten="250,250,250,250" oya="0" hai0="79,9,48,52,2,99,85,4,122,34,71,60,16" hai1="39,74,121,116,27,119,33,17,5,56,23,37,19" hai2="102,95,89,55,113,68,134,28,76,129,22,8,38" hai3="61,135,14,65,77,1,54,47,109,11,46,6,125"/><T96/><D122/><U73/><E5/><V84/><F68/><W133/><G77/><T72/><D72/><U81/><E56/><V31/><F113/><W86/><G125/><T92/><D34/><U12/><E81/><V104/><F38/><W0/><G109/><T120/><D120/><U35/><E121/><V25/><F134/><W13/><G86/><T98/><D71/><U97/><E97/><V63/><F8/><W93/><G93/><T69/><D60/><U7/><E7/><V18/><F129/><W131/><G131/><T101/><D69/><U70/><E70/><V111/><F111/><W114/><G1/><T100/><D16/><U10/><E35/><V45/><F76/><W50/><G114/><T15/><D2/><U3/><E3/><V24/><F24/><W105/><G105/><T67/><D67/><U43/><E33/><V51/><F102/><W82/><G65/><T108/><D108/><U106/><E106/><V59/><REACH who="2" step="1"/><F104/><REACH who="2" ten="250,250,240,250" step="2"/><W87/><G133/><T21/><D101/><U118/><E39/><V132/><F132/><W103/><G135/><T42/><D21/><U26/><E26/><V112/><F112/><W36/><G103/><T83/><REACH who="0" step="1"/><D42/><AGARI ba="0,1" hai="18,22,25,28,31,42,45,51,55,59,63,84,89,95" machi="42" ten="30,3900,0" yaku="1,1,7,1,8,1,53,0" doraHai="126" doraHaiUra="107" who="2" fromWho="0" sc="250,-39,250,0,240,49,250,0" /><INIT seed="1,0,0,2,4,10" ten="211,250,289,250" oya="1" hai0="68,64,39,91,24,86,35,27,75,93,40,112,55" hai1="3,56,132,65,78,72,9,23,73,98,15,108,49" hai2="17,123,4,26,21,130,29,5,111,127,7,122,135" hai3="36,89,77,6,14,100,60,50,58,28,45,90,47"/><U116/><E116/><V59/><F59/><W12/><G28/><T103/><D112/><U128/><E3/><V129/><F111/><W61/><G6/><T92/><D75/><U102/><E108/><V84/><F84/><W110/><G36/><T22/><D35/><U107/><E132/><V113/><F113/><W2/><G2/><T63/><D40/><U119/><E119/><V74/><F74/><W79/><G100/><T18/><D39/><U134/><E134/><V33/><F135/><W131/><G131/><N who="2" m="50185" /><F127/><W94/><G110/><T43/><D43/><U124/><E124/><V46/><F46/><N who="3" m="17419" /><G50/><T37/><D37/><U70/><E70/><V16/><F17/><W38/><G38/><T101/><D55/><U85/><E85/><V57/><F57/><W118/><G118/><T121/><D68/><U13/><E23/><V96/><F96/><N who="3" m="57423" /><G90/><T1/><D91/><U34/><E34/><V62/><F62/><N who="3" m="24171" /><G58/><T109/><D109/><U83/><E73/><V32/><F32/><W88/><G88/><T95/><D86/><U81/><E81/><V80/><F80/><W67/><G67/><T25/><D64/><U99/><E99/><V53/><F53/><W120/><G120/><T8/><D121/><U30/><E30/><V133/><F133/><W51/><G51/><T71/><D71/><U41/><E128/><V114/><F114/><W31/><G31/><T42/><D63/><N who="1" m="38119" /><E9/><V87/><F87/><W11/><G11/><T20/><D1/><U115/><E115/><V19/><F33/><W117/><G117/><T126/><D126/><U106/><E106/><RYUUKYOKU ba="0,0" sc="211,-30,250,10,289,10,250,10" hai1="13,15,41,49,72,78,83,98,102,107" hai2="4,5,7,16,19,21,26,29,122,123" hai3="12,14,77,79" /><INIT seed="1,1,0,1,4,66" ten="181,260,299,260" oya="1" hai0="96,57,77,68,83,95,59,86,123,62,36,133,14" hai1="31,81,12,112,54,131,88,102,45,126,32,2,44" hai2="47,9,22,124,118,98,122,60,16,65,20,55,79" hai3="29,67,73,51,114,17,117,132,37,40,42,91,108"/><U92/><E2/><V87/><F118/><W109/><G73/><T135/><D36/><U97/><E112/><V93/><F122/><W94/><G117/><T75/><D123/><U80/><E131/><V127/><F9/><W21/><G29/><T35/><D35/><U78/><E126/><N who="2" m="48171" /><F22/><W69/><G132/><N who="0" m="50763" /><D75/><U49/><E81/><N who="2" m="47551" /><F55/><W110/><G114/><T107/><D107/><U85/><E12/><N who="2" m="9223" /><F47/><W103/><G37/><T5/><D5/><U70/><E70/><V121/><F121/><W134/><G134/><T53/><D14/><U105/><E31/><V119/><F119/><W61/><G103/><N who="0" m="60831" /><D59/><U101/><E101/><V24/><F24/><W71/><G51/><T82/><D82/><U99/><REACH who="1" step="1"/><E32/><REACH who="1" ten="181,250,299,260" step="2"/><V76/><F76/><W128/><G128/><T111/><D68/><U43/><E43/><V56/><F93/><W52/><G71/><T1/><D1/><U18/><E18/><V90/><F90/><W41/><G41/><T23/><D77/><U46/><AGARI ba="1,1" hai="44,45,46,49,54,78,80,85,88,92,97,99,102,105" machi="46" ten="20,7800,0" yaku="1,1,0,1,7,1,54,1,53,0" doraHai="66" doraHaiUra="64" who="1" fromWho="1" sc="181,-27,250,91,299,-27,260,-27" /><INIT seed="1,2,0,0,3,77" ten="154,341,272,233" oya="1" hai0="23,130,45,105,36,123,11,25,81,113,118,43,107" hai1="20,108,72,3,124,74,98,24,37,13,126,134,57" hai2="46,17,79,94,90,84,35,91,58,127,99,65,33" hai3="64,102,40,135,52,9,30,59,42,120,128,16,28"/><U56/><E37/><V0/><F0/><W111/><G111/><T66/><D113/><U69/><E3/><V101/><F127/><N who="1" m="48681" /><E69/><V12/><F46/><W133/><G120/><T7/><D130/><U41/><E41/><V14/><F14/><N who="3" m="7247" /><G102/><T125/><D118/><U27/><E108/><V71/><F71/><W122/><G122/><T32/><D66/><U21/><E98/><V38/><F38/><W67/><G128/><T6/><D32/><U39/><E39/><V47/><F47/><W85/><G85/><T131/><D131/><U132/><E13/><V103/><F79/><W88/><G88/><T109/><D123/><U114/><E114/><V50/><F35/><W31/><G135/><N who="1" m="51754" /><E56/><V1/><F33/><W26/><G26/><N who="1" m="9770" /><E57/><V48/><F1/><W29/><G133/><T62/><D125/><U129/><E129/><V89/><F103/><W19/><G31/><T8/><D109/><U68/><E68/><V78/><F58/><W95/><G40/><T15/><D43/><U10/><E10/><N who="2" m="6295" /><F65/><W83/><G42/><T80/><D36/><U121/><E121/><V100/><F100/><W63/><G67/><T82/><D45/><U115/><E115/><V18/><F101/><W60/><G64/><T93/><D11/><U116/><E116/><V4/><F99/><W106/><G30/><T22/><D8/><U110/><E110/><V97/><F97/><W86/><G29/><T92/><D15/><U104/><E104/><V76/><F91/><W53/><G106/><T49/><D107/><U70/><E70/><V117/><F90/><W61/><G28/><RYUUKYOKU ba="2,0" sc="154,-10,341,30,272,-10,233,-10" hai1="20,21,72,74" /><INIT seed="1,3,0,2,3,96" ten="144,371,262,223" oya="1" hai0="134,128,65,4,20,118,77,121,104,7,55,90,74" hai1="95,60,64,2,85,125,35,88,33,11,9,30,91" hai2="12,106,66,16,17,31,78,23,114,21,58,67,61" hai3="13,37,135,10,53,113,72,38,115,99,34,48,71"/><U75/><E75/><V41/><F114/><W43/><G72/><T94/><D104/><U119/><E119/><V62/><F41/><W89/><G34/><T129/><D118/><U63/><E125/><V111/><F111/><W80/><G71/><T76/><D65/><U27/><E35/><V40/><F40/><W25/><G43/><T97/><D134/><U127/><E127/><V3/><F3/><W92/><G25/><T123/><D20/><U5/><E11/><V73/><F106/><W131/><G131/><N who="0" m="50251" /><D55/><U0/><E0/><V32/><F32/><W105/><G135/><T39/><D39/><U45/><E45/><V102/><F78/><N who="0" m="30314" /><D74/><U93/><REACH who="1" step="1"/><E64/><REACH who="1" ten="144,361,262,223" step="2"/><V82/><F73/><W8/><G8/><T46/><D46/><U112/><E112/><V79/><F67/><W124/><G124/><T83/><D83/><U101/><E101/><V36/><F82/><W130/><G130/><T28/><D28/><U70/><E70/><V18/><F66/><W19/><G115/><T133/><D133/><U117/><E117/><V108/><F31/><W50/><G113/><T52/><D52/><U26/><E26/><V100/><F12/><W69/><G69/><T59/><D59/><U57/><E57/><V15/><F15/><W84/><G53/><T87/><D123/><U68/><E68/><V132/><F58/><W1/><G1/><T126/><D121/><U6/><E6/><N who="0" m="2089" /><D126/><U107/><E107/><V122/><F122/><W109/><G105/><T98/><AGARI ba="3,1" hai="87,90,94,97,98" m="2089,30314,50251" machi="98" ten="40,1500,0" yaku="19,1" doraHai="96" who="0" fromWho="0" sc="144,34,361,-10,262,-7,223,-7" /><INIT seed="2,0,0,3,4,94" ten="178,351,255,216" oya="2" hai0="132,39,130,95,66,6,103,20,60,107,115,0,35" hai1="123,83,91,65,87,73,56,111,99,58,48,52,108" hai2="120,89,70,49,50,96,18,92,104,16,101,32,59" hai3="57,11,93,38,15,3,29,22,55,79,72,98,88"/><V36/><F120/><W24/><G38/><T19/><D115/><U21/><E123/><V106/><F36/><W110/><G110/><N who="1" m="42026" /><E73/><V124/><F124/><W9/><G3/><T41/><D130/><U27/><E65/><V127/><F127/><W114/><G114/><T126/><D132/><U82/><E83/><V17/><F70/><W81/><REACH who="3" step="1"/><G15/><REACH who="3" ten="178,351,255,206" step="2"/><T116/><D39/><U5/><E5/><V33/><F106/><W28/><G28/><T25/><D107/><U31/><E58/><V13/><F13/><W102/><G102/><T54/><D103/><U134/><E134/><V84/><REACH who="2" step="1"/><F59/><REACH who="2" ten="178,351,245,206" step="2"/><W46/><G46/><T113/><D126/><U75/><E75/><V53/><F53/><W45/><G45/><T34/><D54/><U40/><E40/><V105/><F105/><W67/><G67/><T125/><D41/><U76/><E56/><V128/><F128/><W69/><G69/><T30/><D125/><U43/><E43/><V121/><F121/><W8/><G8/><T14/><D113/><U7/><E52/><V85/><F85/><W80/><G80/><T100/><D66/><U97/><E87/><V118/><F118/><W12/><G12/><T37/><D116/><U71/><E82/><V119/><F119/><W1/><G1/><T2/><D2/><U77/><E71/><V135/><F135/><W131/><G131/><T51/><D0/><U42/><E42/><V4/><F4/><W109/><G109/><T64/><D6/><U68/><E7/><V90/><F90/><W23/><G23/><T112/><D20/><U10/><E21/><RYUUKYOKU ba="0,2" sc="178,-15,351,-15,245,15,206,15" hai2="16,17,18,32,33,49,50,84,89,92,96,101,104" hai3="9,11,22,24,29,55,57,72,79,81,88,93,98" /><INIT seed="2,1,2,1,4,69" ten="163,336,260,221" oya="2" hai0="50,60,63,92,84,59,80,71,53,18,46,51,56" hai1="131,7,1,37,55,29,90,26,38,118,58,78,43" hai2="82,28,67,114,49,121,83,86,133,68,70,40,77" hai3="129,25,22,61,24,101,113,98,16,76,52,32,8"/><V9/><F121/><W42/><G113/><T95/><D71/><U17/><E118/><V104/><F114/><W105/><G129/><T11/><D11/><U14/><E78/><V109/><F104/><W110/><G110/><T125/><D125/><U39/><E43/><V128/><F128/><W45/><G76/><T88/><D18/><U106/><E106/><V81/><F133/><W120/><G8/><T6/><D6/><U20/><E7/><V122/><F122/><W124/><G124/><T62/><REACH who="0" step="1"/><D59/><REACH who="0" ten="153,336,260,221" step="2"/><U66/><E131/><V132/><F70/><W112/><G120/><T54/><AGARI ba="1,3" hai="46,50,51,53,54,56,60,62,63,80,84,88,92,95" machi="54" ten="30,8000,1" yaku="1,1,2,1,0,1,8,1,54,1,53,0" doraHai="69" doraHaiUra="135" who="0" fromWho="0" sc="153,113,336,-21,260,-41,221,-21" /><INIT seed="3,0,0,5,0,53" ten="266,315,219,200" oya="3" hai0="52,51,34,54,38,116,17,41,18,133,81,123,4" hai1="19,39,50,97,105,90,65,114,91,120,75,131,55" hai2="104,76,49,5,8,79,20,64,3,45,14,73,22" hai3="77,60,28,66,36,102,16,43,82,99,1,113,27"/><W94/><G1/><T0/><D116/><U118/><E75/><V26/><F104/><W58/><G113/><T109/><D34/><U95/><E39/><V10/><F64/><W70/><G43/><T86/><D123/><U31/><E31/><V84/><F73/><W44/><G44/><T98/><D109/><U107/><E65/><V61/><F61/><W15/><G36/><T110/><D133/><U100/><E114/><V67/><F67/><W37/><G37/><T25/><D110/><U6/><E6/><V126/><F126/><W115/><G115/><T127/><D54/><U69/><E69/><V47/><F47/><W117/><G117/><T24/><D4/><U40/><E40/><V2/><F2/><W121/><G121/><T122/><D127/><U78/><E78/><V135/><F135/><W42/><G42/><T80/><D0/><U59/><E131/><V103/><F103/><W63/><G63/><T92/><D81/><U48/><E48/><V21/><F26/><N who="0" m="10346" /><D41/><U87/><E91/><V85/><F76/><W12/><G70/><T134/><D122/><U124/><E124/><V101/><F101/><W74/><REACH who="3" step="1"/><G16/><REACH who="3" ten="266,315,219,190" step="2"/><T71/><D71/><U96/><E120/><V112/><F112/><W68/><G68/><T119/><D38/><U62/><E118/><V72/><F3/><W93/><G93/><T56/><D119/><U32/><E19/><V29/><F45/><W132/><G132/><T35/><D134/><U111/><E111/><V106/><F106/><W108/><G108/><T11/><D18/><U83/><E107/><V129/><F29/><RYUUKYOKU ba="0,1" sc="266,-10,315,-10,219,-10,190,30" hai3="12,15,27,28,58,60,66,74,77,82,94,99,102" /><INIT seed="3,1,1,2,5,120" ten="256,305,209,220" oya="3" hai0="5,130,89,127,80,84,70,32,134,0,125,111,18" hai1="16,59,97,46,47,20,123,103,133,41,55,99,27" hai2="105,119,40,6,44,128,23,45,19,1,57,35,64" hai3="117,91,10,88,68,93,26,28,13,98,61,60,75"/><W56/><G75/><T43/><D70/><U131/><E123/><V54/><F105/><W3/><G3/><T108/><D32/><U112/><E112/><V9/><F119/><W7/><G68/><T101/><D130/><U12/><E131/><V66/><F128/><W65/><G60/><T132/><D43/><U87/><E133/><N who="0" m="51305" /><D18/><U83/><E41/><V30/><F45/><W39/><G39/><T121/><D101/><U110/><E110/><N who="0" m="42025" /><D121/><U95/><E99/><V53/><F53/><W14/><G117/><T82/><D82/><U90/><REACH who="1" step="1"/><E27/><REACH who="1" ten="256,295,209,220" step="2"/><V94/><F40/><W8/><G10/><AGARI ba="1,2" hai="0,5,10,80,84,89,125,127" m="42025,51305" machi="10" ten="40,8000,1" yaku="20,1,14,1,52,3" doraHai="120" who="0" fromWho="3" sc="256,103,295,0,209,0,220,-83" /><INIT seed="4,0,0,0,4,112" ten="359,295,209,137" oya="0" hai0="123,87,121,135,118,92,49,125,19,130,133,129,124" hai1="17,72,40,77,110,5,9,61,89,47,132,68,46" hai2="75,98,11,122,85,95,22,131,64,60,134,120,80" hai3="26,3,78,2,20,7,18,108,31,74,119,88,14"/><T90/><D118/><U102/><E102/><V71/><F131/><N who="0" m="50186" /><D19/><U42/><E110/><V65/><F134/><N who="0" m="51210" /><D49/><U94/><E132/><V13/><F75/><W97/><G78/><T12/><D12/><U39/><E17/><V84/><F65/><W55/><G74/><T24/><D24/><U101/><E61/><V99/><F22/><W34/><G108/><T62/><D62/><U127/><E101/><V103/><F99/><W10/><G119/><T30/><D30/><U86/><E68/><V44/><F85/><W4/><G55/><T116/><D116/><U16/><E16/><V25/><F44/><W111/><G111/><T6/><D6/><N who="3" m="2089" /><G97/><T91/><D91/><U0/><E46/><V83/><F25/><N who="3" m="14487" /><G88/><T104/><D104/><U29/><E42/><V33/><F120/><AGARI ba="0,0" hai="87,90,92,120,121,123,124,125" m="51210,50186" machi="120" ten="40,18000,2" yaku="30,2,19,1,20,1,34,2" doraHai="112" who="0" fromWho="2" sc="359,180,295,0,209,-180,137,0" /><INIT seed="4,1,0,4,2,103" ten="539,295,29,137" oya="0" hai0="57,73,97,102,23,125,3,27,24,87,42,128,22" hai1="98,105,106,15,80,88,83,2,40,26,38,39,122" hai2="81,18,64,16,92,116,60,29,31,77,32,41,35" hai3="76,55,74,72,14,12,7,119,123,62,120,93,65"/><T132/><D3/><U11/><E2/><V19/><F116/><W37/><G37/><T63/><D128/><U79/><E122/><N who="3" m="46634" /><G76/><T131/><D132/><U69/><E69/><V100/><F41/><W135/><G7/><T4/><D125/><U75/><E26/><V5/><F5/><W44/><G93/><T99/><D131/><U71/><E71/><V113/><F113/><W45/><G119/><T108/><D108/><U82/><E82/><V28/><F100/><W85/><G85/><T89/><D73/><N who="3" m="28265" /><G55/><T17/><D42/><U110/><E110/><V21/><F92/><W50/><G50/><T56/><D4/><U107/><E40/><V134/><F134/><W115/><G115/><T52/><D102/><U9/><E9/><V48/><F48/><W36/><G36/><T129/><D129/><U0/><E0/><V101/><F101/><W49/><G49/><T67/><D87/><U78/><E78/><V104/><F21/><W1/><G1/><T95/><D99/><U53/><E53/><V112/><F112/><W47/><G135/><T109/><D109/><U43/><E43/><V10/><F10/><W46/><N who="3" m="11264" /><DORA hai="126" /><W86/><G86/><T68/><REACH who="0" step="1"/><D52/><REACH who="0" ten="529,295,29,137" step="2"/><U8/><E98/><V51/><F35/><W33/><G33/><T70/><D70/><AGARI ba="1,1" hai="12,14,62,65,70" m="11264,28265,46634" machi="70" ten="50,1600,0" yaku="13,1" doraHai="103,126" who="3" fromWho="0" sc="529,-19,295,0,29,0,137,29" /><INIT seed="5,0,0,1,2,131" ten="510,295,29,166" oya="1" hai0="124,70,81,16,85,118,84,44,55,83,63,37,65" hai1="26,12,35,95,46,58,52,105,90,34,60,119,67" hai2="91,132,24,74,111,10,133,126,25,87,92,110,6" hai3="3,51,23,86,57,36,117,53,32,123,78,114,113"/><U89/><E105/><V43/><F74/><W40/><G32/><T61/><D118/><U68/><E119/><V112/><F126/><W98/><G3/><T4/><D4/><U73/><E73/><V38/><F112/><W17/><G123/><T116/><D37/><U101/><E101/><V64/><F64/><W14/><G117/><T71/><D44/><U47/><E47/><V48/><F38/><W94/><G40/><T120/><D55/><U129/><E129/><V41/><F48/><W56/><G56/><T19/><D116/><U54/><E54/><V15/><F43/><W62/><G36/><T102/><D102/><U29/><E90/><V97/><F41/><W108/><G62/><T18/><D124/><U42/><E12/><V96/><F96/><W99/><G108/><N who="2" m="41513" /><F97/><W130/><G130/><T49/><D49/><U8/><E8/><V121/><F121/><W72/><G72/><T59/><D120/><U122/><E122/><V33/><F33/><W107/><G107/><T79/><D63/><U28/><E46/><V45/><F45/><W27/><G78/><AGARI ba="0,0" hai="16,18,19,59,61,65,70,71,78,79,81,83,84,85" machi="78" ten="40,2600,0" yaku="9,1,54,1" doraHai="131" who="0" fromWho="3" sc="510,26,295,0,29,0,166,-26" /><INIT seed="6,0,0,2,2,128" ten="536,295,29,140" oya="2" hai0="66,61,129,91,31,50,85,83,109,123,33,26,73" hai1="40,64,75,4,120,103,132,28,87,96,51,34,72" hai2="30,69,35,122,79,14,78,21,77,121,0,127,27" hai3="82,58,90,80,93,25,22,110,117,67,95,36,113"/><V102/><F127/><W118/><G36/><T43/><D109/><U45/><E64/><V99/><F69/><W46/><G110/><T1/><D1/><U16/><E4/><V32/><F0/><W92/><G113/><T94/><D123/><U42/><E120/><V131/><F131/><W9/><G9/><T7/><D50/><U86/><E42/><V47/><F47/><W97/><G46/><T89/><D73/><U76/><E87/><V3/><F3/><W57/><G97/><T112/><D112/><U114/><E28/><V53/><F35/><W133/><G67/><T23/><D7/><U39/><E86/><V65/><F65/><W125/><G90/><T105/><D105/><U2/><E76/><V100/><F100/><W98/><G98/><T62/><D43/><U104/><E39/><V18/><REACH who="2" step="1"/><F53/><REACH who="2" ten="536,295,19,140" step="2"/><W124/><G125/><T38/><D33/><U84/><E34/><V74/><F74/><W115/><G124/><T107/><D129/><U29/><E2/><V20/><F20/><W108/><G115/><T60/><D66/><U24/><E72/><V126/><F126/><W37/><G108/><T11/><D23/><U119/><E75/><V5/><F5/><W49/><G22/><T15/><D11/><U10/><E10/><V63/><F63/><W68/><G68/><T13/><D62/><U55/><E55/><V135/><F135/><W19/><G133/><T48/><D61/><U134/><E132/><V41/><F41/><W81/><G118/><T12/><D60/><U116/><E119/><V56/><F56/><W54/><G117/><RYUUKYOKU ba="0,1" sc="536,-10,295,-10,19,30,140,-10" hai2="14,18,21,27,30,32,77,78,79,99,102,121,122" /><INIT seed="6,1,1,2,4,17" ten="526,285,49,130" oya="2" hai0="2,105,13,95,59,22,65,11,51,134,52,86,98" hai1="36,93,103,94,10,76,9,83,110,5,126,67,129" hai2="74,132,0,78,20,40,119,8,16,135,127,39,113" hai3="32,30,71,62,109,123,21,24,96,112,88,99,56"/><V47/><F119/><W34/><G123/><T116/><D134/><N who="2" m="51242" /><F127/><W19/><G109/><T102/><D2/><U60/><E126/><V48/><F113/><W104/><G71/><T46/><D105/><U131/><E36/><V92/><F92/><W97/><G104/><T1/><D1/><U54/><E110/><V61/><F61/><W111/><G111/><T57/><D116/><U53/><E83/><N who="2" m="45527" /><F8/><W125/><G125/><T64/><D86/><U23/><E103/><V87/><F87/><W55/><G112/><T25/><D65/><U70/><E60/><V72/><F72/><W89/><G34/><T75/><D64/><U91/><E91/><V12/><F0/><W101/><G101/><T29/><D75/><U68/><E76/><V15/><F15/><W41/><REACH who="3" step="1"/><G41/><REACH who="3" ten="526,285,49,120" step="2"/><T90/><D102/><U66/><REACH who="1" step="1"/><E5/><AGARI ba="1,2" hai="5,11,13,22,25,29,46,51,52,57,59,90,95,98" machi="5" ten="30,7700,0" yaku="7,1,8,1,52,1,54,1" doraHai="17" who="0" fromWho="1" sc="526,100,285,-80,49,0,120,0" /><INIT seed="7,0,0,3,2,0" ten="626,205,49,120" oya="3" hai0="35,86,14,111,58,91,112,93,99,41,40,36,22" hai1="27,114,12,31,80,74,44,97,119,4,84,85,77" hai2="67,46,20,21,6,96,103,56,57,131,23,118,100" hai3="135,42,83,32,62,60,15,71,134,124,106,133,122"/><W2/><G106/><T66/><D111/><U116/><E114/><V128/><F118/><N who="1" m="45097" /><E97/><V39/><F39/><W3/><G42/><T48/><D66/><U7/><E44/><V25/><F46/><W70/><G32/><T16/><D35/><N who="1" m="20991" /><E12/><V9/><F25/><W105/><G15/><T50/><D112/><U69/><E69/><N who="3" m="26122" /><G105/><T129/><D129/><U5/><AGARI ba="0,0" hai="4,5,7,74,77,80,84,85" m="20991,45097" machi="5" ten="30,7900,0" yaku="12,1,52,3" doraHai="0" who="1" fromWho="1" sc="626,-20,205,79,49,-20,120,-39" owari="606,71.0,284,8.0,29,-47.0,81,-32.0" /></mjloggm>