<mjloggm ver="2.3"><GO type="41" lobby="0"/><UN n0="%6E%61%6B%65%69" n1="%E3%83%88%E3%83%A2%E3%83%AD%E3%83%BC%35%38" n2="%E2%93%9D%53%75%70%68%78" n3="%69%51%4F%53%E3%82%84%E3%82%81%E3%81%9F%E3%81%84" dan="15,13,19,15" rate="1985.75,1886.74,2184.38,1995.28" sx="M,M,M,M"/><TAIKYOKU oya="0"/><INIT seed="0,0,0,0,0,8" ten="250,250,250,250" oya="0" hai0="99,0,63,34,84,61,97,135,9,20,81,125,130" hai1="44,40,108,105,30,56,48,33,70,51,18,50,102" hai2="124,59,15,100,54,83,57,118,86,134,116,55,123" hai3="42,62,71,68,122,75,26,23,103,115,129,6,104"/><T91/><D34/><U24/><E108/><V39/><F123/><W60/><G115/><T16/><D125/><U76/><E70/><V113/><F113/><W38/><G75/><T107/><D130/><U14/><E76/><V131/><F100/><W85/><G129/><T7/><D135/><U89/><E105/><V64/><F131/><W95/><G122/><T45/><D45/><U67/><E102/><V98/><F98/><W72/><G72/><T17/><D17/><U117/><E117/><V31/><F31/><W92/><G104/><T11/><D11/><U1/><E1/><V127/><F39/><W12/><G38/><T69/><D69/><U65/><E89/><V106/><F64/><W87/><G42/><T80/><D80/><U36/><REACH who="1" step="1"/><E56/><REACH who="1" ten="250,240,250,250" step="2"/><V114/><F106/><W35/><G103/><T47/><D107/><U43/><E43/><V120/><F120/><W109/><G109/><T49/><D99/><U37/><E37/><V82/><F114/><W4/><G71/><T133/><D97/><U52/><E52/><V111/><F111/><W5/><G68/><T88/><D91/><U119/><E119/><V132/><F86/><W78/><G78/><T41/><REACH who="0" step="1"/><D133/><REACH who="0" ten="240,240,250,250" step="2"/><U74/><E74/><V90/><F90/><W94/><G87/><T28/><D28/><U32/><E32/><V10/><F134/><W58/><G85/><T22/><D22/><AGARI ba="0,2" hai="14,18,22,24,30,33,36,40,44,48,50,51,65,67" machi="22" ten="40,2600,0" yaku="1,1,52,1,53,0" doraHai="8" doraHaiUra="93" who="1" fromWho="0" sc="240,-26,240,46,250,0,250,0" /><INIT seed="1,0,0,2,5,92" ten="214,286,250,250" oya="1" hai0="37,134,14,118,12,94,48,93,124,135,39,73,2" hai1="24,28,97,104,20,131,127,50,80,74,17,4,106" hai2="22,29,59,65,33,43,116,1,15,119,26,70,49" hai3="99,6,123,117,67,98,84,103,19,128,133,53,46"/><U38/><E38/><V120/><F120/><W11/><G123/><T129/><D2/><U62/><E131/><V77/><F70/><W113/><G113/><T5/><D73/><U9/><E127/><V115/><F115/><W105/><G128/><T47/><D118/><U87/><E74/><V18/><F77/><W64/><G133/><N who="0" m="50699" /><D129/><U55/><E62/><V91/><F65/><W102/><G117/><T36/><D124/><U27/><E104/><V76/><F76/><W68/><G84/><T112/><D112/><U82/><E82/><V10/><F91/><W111/><G111/><T101/><D5/><U8/><E106/><V71/><F71/><W88/><G19/><T44/><D101/><U126/><E126/><V57/><F119/><W109/><G109/><T58/><D58/><U78/><E97/><V66/><F66/><W56/><G68/><T90/><D94/><U35/><E4/><N who="2" m="1295" /><F116/><W41/><G103/><T3/><D3/><U81/><E80/><V25/><F25/><W89/><G99/><N who="0" m="57783" /><D44/><AGARI ba="0,0" hai="8,9,17,20,24,27,28,35,44,50,55,78,81,87" machi="44" ten="30,1500,0" yaku="7,1" doraHai="92" who="1" fromWho="0" sc="214,-15,286,15,250,0,250,0" /><AGARI ba="0,0" hai="15,18,22,26,29,33,43,44,49,57,59" m="1295" machi="44" ten="30,1000,0" yaku="24,1" doraHai="92" who="2" fromWho="0" sc="199,-10,301,0,250,10,250,0" /><INIT seed="1,1,0,4,5,128" ten="189,301,260,250" oya="1" hai0="94,8,90,0,31,46,65,117,45,51,13,1,103" hai1="86,75,79,130,73,55,50,133,98,104,5,114,121" hai2="100,54,91,24,101,132,56,21,14,42,68,97,110" hai3="28,47,27,123,107,92,77,69,113,122,111,124,6"/><U34/><E34/><V57/><F110/><W32/><G107/><T58/><D117/><U99/><E121/><V89/><F68/><W22/><G113/><T115/><D115/><U108/><E114/><V18/><F42/><W109/><G69/><T71/><D103/><U84/><E5/><V9/><F57/><W33/><G77/><T11/><D71/><U43/><E43/><V135/><F101/><W127/><G47/><T29/><D45/><U85/><E55/><V61/><F91/><W16/><G6/><T112/><D112/><U60/><E60/><V41/><F41/><W95/><G95/><T19/><D58/><U82/><E50/><V62/><F62/><W102/><G102/><T116/><D65/><U3/><E3/><V17/><REACH who="2" step="1"/><F89/><REACH who="2" ten="189,301,250,250" step="2"/><W63/><G63/><T72/><D116/><U2/><E108/><N who="3" m="41546" /><G92/><AGARI ba="1,1" hai="9,14,17,18,21,24,54,56,61,92,97,100,132,135" machi="92" ten="40,8000,1" yaku="1,1,52,2,53,1" doraHai="128" doraHaiUra="49" who="2" fromWho="3" sc="189,0,301,0,250,93,250,-83" /><INIT seed="2,0,0,4,3,77" ten="189,301,343,167" oya="2" hai0="24,121,52,118,124,27,130,72,46,62,49,40,18" hai1="47,107,63,29,7,120,22,65,39,78,74,101,92" hai2="3,81,88,128,135,43,87,119,73,51,93,125,61" hai3="102,111,16,57,96,132,126,58,32,90,37,133,104"/><V109/><F119/><W108/><G32/><T85/><D121/><U95/><E120/><V117/><F117/><W123/><G123/><T23/><D72/><U6/><E107/><V50/><F3/><W45/><G126/><T84/><D118/><U15/><E95/><V31/><F128/><W75/><G75/><T66/><D124/><U116/><E116/><V38/><F135/><N who="3" m="51787" /><G90/><T100/><D100/><U70/><E47/><V54/><F109/><N who="3" m="42059" /><G16/><T60/><D130/><U36/><E6/><V68/><F31/><W30/><G30/><T35/><D35/><U53/><E29/><V64/><F125/><W129/><G129/><T97/><D97/><U55/><E7/><V1/><F1/><W14/><G14/><T4/><D4/><U82/><E22/><V99/><F73/><W103/><G103/><T59/><D27/><U79/><E15/><V10/><F10/><W33/><G33/><T115/><D115/><U69/><E79/><V9/><F9/><W122/><G122/><T127/><D127/><U20/><E20/><V28/><F28/><W44/><G44/><T91/><D91/><U86/><E74/><V83/><F99/><W113/><G113/><T89/><D89/><U13/><E13/><V12/><F12/><W98/><G96/><T112/><D112/><U11/><E11/><V21/><F21/><W5/><G5/><T41/><D41/><AGARI ba="0,0" hai="37,41,45,57,58,98,102,104" m="42059,51787" machi="41" ten="30,2000,0" yaku="20,1,14,1" doraHai="77" who="3" fromWho="0" sc="189,-20,301,0,343,0,167,20" /><INIT seed="3,0,0,4,5,35" ten="169,301,343,187" oya="3" hai0="43,38,60,39,123,63,66,79,87,132,58,15,0" hai1="54,5,99,69,74,27,32,81,125,40,121,135,93" hai2="14,97,29,70,16,55,109,65,53,73,23,61,104" hai3="92,18,134,96,33,11,49,119,129,31,88,1,80"/><W36/><G36/><T47/><D123/><U131/><E121/><V89/><F73/><W114/><G114/><T46/><D0/><U51/><E69/><V17/><F109/><W86/><G119/><T105/><D105/><U94/><E40/><V106/><F29/><W91/><G134/><T98/><D98/><U56/><E135/><V48/><F55/><W52/><G129/><T112/><D132/><U34/><E125/><V68/><F68/><W50/><G50/><T59/><D15/><U25/><E94/><V10/><F89/><W19/><G31/><T37/><D87/><U22/><E25/><V7/><F97/><W12/><G33/><T133/><D79/><U42/><E42/><V9/><F17/><N who="3" m="8351" /><G1/><T57/><D133/><U95/><E95/><V67/><F67/><W30/><G30/><T124/><D124/><U90/><E5/><V3/><REACH who="2" step="1"/><F23/><REACH who="2" ten="169,301,333,187" step="2"/><W101/><G91/><T44/><D112/><U62/><E131/><V120/><F120/><W127/><G127/><T72/><D72/><U24/><E24/><V77/><F77/><W26/><G26/><T64/><D43/><U83/><E62/><AGARI ba="0,1" hai="37,38,39,44,46,47,57,58,59,60,62,63,64,66" machi="62" ten="50,16000,3" yaku="29,2,28,2,35,6" doraHai="35" who="0" fromWho="1" sc="169,170,301,-160,333,0,187,0" /><INIT seed="4,0,0,5,1,66" ten="339,141,333,187" oya="0" hai0="91,124,58,79,5,28,104,39,29,55,135,21,93" hai1="83,67,57,71,17,52,10,117,8,14,47,62,61" hai2="134,50,74,12,25,31,126,3,112,38,37,53,103" hai3="118,70,59,2,65,26,107,16,4,88,81,130,42"/><T68/><D39/><U85/><E117/><V78/><F3/><W63/><G118/><T82/><D104/><U73/><E73/><V119/><F112/><W13/><G107/><T20/><D68/><U40/><E40/><V106/><F134/><W80/><G130/><T30/><D135/><U116/><E116/><V6/><F126/><W36/><G2/><T32/><D5/><U111/><E111/><V109/><F78/><W92/><G4/><T27/><D124/><U122/><E47/><V132/><F109/><W123/><G123/><T11/><D11/><U43/><E43/><V95/><F106/><W133/><G133/><T19/><D21/><U110/><E122/><V77/><F77/><W33/><G59/><T7/><D7/><U128/><E128/><V86/><F74/><W54/><G54/><T97/><D32/><U49/><E110/><V22/><F132/><W51/><G51/><T60/><D30/><U46/><E46/><V76/><F38/><W72/><G72/><AGARI ba="0,0" hai="19,20,27,28,29,55,58,60,72,79,82,91,93,97" machi="72" ten="30,5800,0" yaku="7,1,25,2" doraHai="66" who="0" fromWho="3" sc="339,58,141,0,333,0,187,-58" /><INIT seed="4,1,0,3,5,8" ten="397,141,333,129" oya="0" hai0="21,40,127,5,31,83,123,45,37,104,67,56,70" hai1="87,6,128,126,19,61,89,18,4,77,115,62,81" hai2="47,58,36,26,92,54,114,96,35,2,41,24,59" hai3="9,99,27,100,48,93,105,69,103,130,46,88,85"/><T22/><D123/><U133/><E126/><V132/><F2/><W97/><G69/><T107/><D70/><U76/><E128/><V75/><F75/><W7/><G130/><T32/><D5/><N who="1" m="2155" /><E133/><V44/><F114/><W43/><G27/><T119/><D119/><U116/><E115/><V53/><F35/><W25/><G25/><T78/><D32/><U29/><E29/><V10/><F10/><W34/><G34/><T38/><D38/><U3/><E3/><V64/><F64/><W118/><G118/><T0/><D0/><U60/><E116/><V68/><F68/><W55/><G85/><T79/><D79/><AGARI ba="1,0" hai="18,19,60,61,62,76,77,79,81,87,89" m="2155" machi="79" ten="30,1000,0" yaku="8,1" doraHai="8" who="1" fromWho="0" sc="397,-13,141,13,333,0,129,0" /><INIT seed="5,0,0,3,4,67" ten="384,154,333,129" oya="1" hai0="114,48,17,90,26,97,112,84,27,132,113,61,83" hai1="64,128,105,71,92,18,87,3,121,119,103,10,94" hai2="91,25,104,117,123,36,41,98,45,72,8,118,107" hai3="14,22,78,99,73,40,11,102,29,44,120,80,23"/><U116/><E121/><V16/><F123/><W81/><G120/><T65/><D132/><U4/><E87/><V135/><F72/><W122/><G122/><T115/><D115/><U47/><E47/><V69/><F135/><W6/><G29/><T63/><D48/><U37/><E94/><V86/><F69/><W33/><G33/><T34/><D61/><N who="1" m="40335" /><E18/><V51/><F36/><W1/><G81/><T101/><D17/><U133/><E92/><V88/><F107/><W76/><G76/><T127/><D127/><U42/><E133/><V21/><F8/><W110/><G110/><T108/><D108/><U111/><E111/><V74/><F74/><W19/><G19/><T20/><D20/><U46/><E128/><V5/><F5/><W32/><G32/><T106/><D34/><U89/><E89/><V66/><F66/><W30/><G14/><T50/><D50/><U54/><E54/><V28/><F91/><W2/><G2/><T96/><D96/><AGARI ba="0,0" hai="3,4,10,37,42,46,96,103,105,116,119" m="40335" machi="96" ten="30,2900,0" yaku="23,1,52,1" doraHai="67" who="1" fromWho="0" sc="384,-29,154,29,333,0,129,0" /><INIT seed="5,1,0,4,3,110" ten="355,183,333,129" oya="1" hai0="1,60,4,108,82,48,114,121,45,117,124,70,15" hai1="30,64,2,34,22,58,27,78,76,102,101,11,130" hai2="92,98,6,72,84,16,119,113,90,8,40,35,12" hai3="91,42,3,125,131,88,81,24,32,36,54,111,21"/><U75/><E130/><V126/><F119/><W134/><G111/><T63/><D117/><U94/><E75/><V77/><F35/><W0/><G131/><T9/><D108/><U51/><E102/><V62/><F126/><W106/><G32/><T49/><D124/><U38/><E38/><V86/><F113/><W123/><G123/><T28/><D48/><U41/><E34/><V133/><F133/><W67/><G125/><T68/><D121/><U93/><E93/><V95/><F40/><W26/><G134/><T79/><D68/><U39/><E39/><V129/><F72/><W55/><G106/><T109/><D109/><U44/><E11/><V19/><F62/><W47/><G67/><T59/><D70/><U7/><E7/><V18/><F129/><W103/><G103/><T105/><D105/><U31/><E31/><V53/><F53/><W33/><G33/><T71/><D71/><U122/><E2/><V37/><F37/><W80/><G36/><T83/><D28/><U65/><E65/><V57/><F57/><W43/><REACH who="3" step="1"/><G21/><REACH who="3" ten="355,183,333,119" step="2"/><T23/><D23/><U74/><E122/><V99/><F77/><W10/><G10/><T128/><D9/><U13/><E74/><V112/><F112/><W107/><G107/><T50/><D114/><U97/><E13/><V135/><F135/><W29/><G29/><T20/><D15/><U5/><E5/><V104/><F104/><W85/><G85/><T89/><D4/><U46/><E46/><AGARI ba="1,1" hai="0,3,24,26,42,43,46,47,54,55,80,81,88,91" machi="46" ten="25,6400,0" yaku="1,1,22,2,54,1,53,0" doraHai="110" doraHaiUra="69" who="3" fromWho="1" sc="355,0,183,-67,333,0,119,77" /><INIT seed="6,0,0,5,0,80" ten="355,116,333,196" oya="2" hai0="85,35,108,111,34,65,47,51,101,107,66,14,96" hai1="39,130,56,8,20,64,87,115,9,37,121,10,30" hai2="12,32,67,100,92,98,106,102,19,43,129,119,17" hai3="25,117,7,103,58,132,128,84,52,50,74,41,76"/><V97/><F119/><W125/><G117/><T22/><D65/><U112/><E121/><V40/><F32/><W16/><G74/><T126/><D66/><U91/><E130/><V48/><F129/><W57/><G128/><T90/><D126/><U27/><E64/><V94/><F106/><W81/><G125/><T11/><D22/><U21/><E21/><V93/><F67/><W62/><G132/><T60/><D60/><U28/><E56/><V1/><F1/><W124/><G124/><T44/><D108/><U53/><E53/><V120/><F120/><W55/><G103/><N who="2" m="39465" /><F48/><W131/><G131/><T104/><D104/><U79/><E79/><V6/><F6/><W95/><G95/><T71/><D71/><U33/><E30/><V63/><F12/><W70/><G70/><T42/><D44/><U38/><E33/><V54/><F54/><W109/><G109/><T114/><D111/><U135/><E135/><V26/><F26/><W116/><G116/><T29/><D29/><U75/><E75/><V118/><F63/><W72/><G72/><T0/><D0/><U45/><E45/><V36/><F36/><W83/><G83/><T23/><D23/><U82/><AGARI ba="0,0" hai="8,9,10,20,27,28,37,38,39,82,87,91,112,115" machi="82" ten="40,2700,0" yaku="0,1,52,1" doraHai="80" who="1" fromWho="1" sc="355,-7,116,27,333,-13,196,-7" /><INIT seed="7,0,0,1,3,72" ten="348,143,320,189" oya="3" hai0="71,50,70,133,127,86,23,69,22,93,89,24,73" hai1="9,40,1,7,30,59,43,41,48,118,91,92,57" hai2="104,85,51,100,106,87,79,58,53,108,81,31,16" hai3="134,33,97,26,88,62,75,19,110,12,8,32,115"/><W96/><G115/><T98/><D73/><U66/><E118/><V105/><F108/><W119/><G119/><T67/><D67/><U39/><E39/><V80/><F31/><W61/><G110/><T107/><D107/><U124/><E124/><V128/><F128/><W49/><G134/><T46/><D133/><U74/><E74/><V3/><F3/><W113/><G113/><T103/><D127/><U131/><E131/><V126/><F126/><W125/><G125/><T109/><D109/><U14/><E30/><V38/><F38/><W82/><G49/><T116/><D116/><U132/><E1/><V6/><F6/><W83/><G97/><T17/><D22/><U18/><E132/><V112/><F112/><W2/><G2/><T122/><D122/><U111/><E111/><V101/><F16/><W37/><G37/><T29/><D29/><U4/><E59/><V123/><F123/><W34/><G26/><T60/><D60/><U95/><E95/><V135/><F135/><W78/><REACH who="3" step="1"/><G96/><REACH who="3" ten="348,143,320,179" step="2"/><T68/><D98/><U90/><E90/><V77/><AGARI ba="0,1" hai="51,53,58,77,79,80,81,85,87,100,101,104,105,106" machi="77" ten="30,7900,0" yaku="0,1,9,1,52,2" doraHai="72" who="2" fromWho="2" sc="348,-20,143,-20,320,89,179,-39" owari="328,13.0,123,-38.0,409,51.0,140,-26.0" /></mjloggm>