<mjloggm ver="2.3"><GO type="41" lobby="0"/><UN n0="%E3%81%99%E3%81%99%E3%81%99%E3%81%BA%E3%81%BA" n1="%E3%83%89%E3%83%AD%E3%83%89%E3%83%AD" n2="%4D%57%4D%57%4D%57" n3="%E2%93%9D%53%75%70%68%78" dan="14,14,13,19" rate="1921.84,1942.12,1913.66,2222.74" sx="M,M,M,M"/><TAIKYOKU oya="0"/><INIT seed="0,0,0,2,2,8" ten="250,250,250,250" oya="0" hai0="17,67,58,76,134,13,52,122,63,30,127,114,27" hai1="82,3,20,90,22,99,93,26,34,131,55,128,89" hai2="47,50,132,75,115,60,92,57,119,39,32,79,113" hai3="25,116,125,45,54,86,28,106,91,14,83,65,121"/><T61/><D114/><U10/><E34/><V53/><F32/><W126/><G116/><T103/><D122/><U133/><E133/><V105/><F132/><W19/><G106/><T97/><D134/><U62/><E3/><V87/><F105/><W71/><G71/><T101/><D97/><U69/><E10/><V81/><F119/><W74/><G74/><T100/><D76/><U66/><E55/><V33/><F39/><W124/><G65/><T43/><D43/><U96/><E20/><V108/><F33/><W7/><G7/><T118/><D118/><U29/><REACH who="1" step="1"/><E82/><REACH who="1" ten="250,240,250,250" step="2"/><V73/><F108/><W21/><G121/><T78/><D67/><U37/><E37/><V77/><F115/><W102/><G54/><T0/><D0/><U64/><E64/><V38/><F38/><W9/><G45/><T88/><D127/><U72/><E72/><V6/><F75/><W35/><G35/><T130/><D130/><U135/><E135/><V110/><F110/><W42/><G42/><T112/><D112/><U123/><E123/><V1/><F73/><W11/><G11/><N who="0" m="6335" /><D63/><U94/><AGARI ba="0,1" hai="22,26,29,62,66,69,89,90,93,94,96,99,128,131" machi="94" ten="30,4000,0" yaku="1,1,0,1,9,1,53,0" doraHai="8" doraHaiUra="104" who="1" fromWho="1" sc="250,-20,240,50,250,-10,250,-10" /><INIT seed="1,0,0,2,2,124" ten="230,290,240,240" oya="1" hai0="76,6,70,5,100,41,103,88,83,90,117,130,19" hai1="89,121,73,69,49,51,62,68,116,37,111,7,59" hai2="22,107,75,28,133,118,74,126,36,119,131,31,128" hai3="108,14,9,63,15,113,129,18,30,94,92,54,71"/><U55/><E73/><N who="2" m="27659" /><F22/><W35/><G108/><T13/><D117/><N who="2" m="44554" /><F126/><W91/><G113/><T102/><D70/><N who="1" m="27243" /><E89/><V12/><F12/><W46/><G35/><T85/><D41/><U29/><E7/><N who="0" m="2569" /><D130/><N who="2" m="49706" /><F133/><W101/><G15/><T93/><D93/><U112/><E29/><N who="2" m="11339" /><F36/><W0/><G30/><T115/><D115/><U44/><E116/><V48/><F48/><W2/><G14/><T42/><D42/><N who="1" m="22607" /><E112/><V17/><F17/><W80/><G18/><T98/><D98/><U65/><E111/><V25/><F25/><W105/><G129/><T120/><D120/><U78/><E121/><V95/><F95/><W58/><G94/><T122/><D122/><U4/><E4/><V81/><F81/><W40/><G80/><T64/><D64/><U60/><E78/><V134/><F134/><W38/><G92/><T50/><D50/><N who="1" m="18955" /><E62/><V53/><F53/><AGARI ba="0,0" hai="53,55,59,60,65" m="18955,22607,27243" machi="53" ten="30,12000,1" yaku="35,5" doraHai="124" who="1" fromWho="2" sc="230,0,290,120,240,-120,240,0" /><INIT seed="1,1,0,1,4,120" ten="230,410,120,240" oya="1" hai0="26,44,16,56,88,59,58,17,38,114,90,74,32" hai1="83,73,37,40,80,91,84,4,131,34,66,127,101" hai2="13,125,7,23,118,54,106,27,57,94,123,50,63" hai3="42,86,22,14,1,109,47,64,41,2,39,6,55"/><U115/><E115/><V117/><F123/><W67/><G55/><T10/><D74/><U18/><E34/><V20/><F106/><W85/><G22/><T121/><D114/><U132/><E131/><V81/><F125/><W98/><G14/><T35/><D10/><U134/><E127/><V124/><F124/><W0/><G98/><T9/><D121/><U78/><E4/><V24/><F81/><W43/><G6/><T77/><D77/><U49/><E37/><V3/><F3/><W105/><G105/><T68/><D68/><U31/><E31/><V113/><F113/><W62/><G109/><T19/><D9/><U29/><E29/><V79/><F79/><W128/><G128/><T72/><D72/><U110/><E66/><V8/><F94/><W126/><G67/><T95/><D26/><U93/><E110/><V76/><F76/><W129/><G129/><T107/><D107/><U46/><E18/><V112/><F112/><W52/><G39/><T99/><REACH who="0" step="1"/><D90/><REACH who="0" ten="220,410,120,240" step="2"/><U96/><AGARI ba="1,1" hai="40,46,49,73,78,80,83,84,91,93,96,101,132,134" machi="96" ten="30,1500,0" yaku="0,1" doraHai="120" who="1" fromWho="1" sc="220,-6,410,28,120,-6,240,-6" /><INIT seed="1,2,0,4,1,42" ten="214,438,114,234" oya="1" hai0="86,121,5,35,124,87,133,91,74,23,61,59,104" hai1="18,95,6,21,46,56,12,123,89,102,50,101,63" hai2="32,65,41,77,90,134,40,106,27,47,115,14,110" hai3="54,52,38,58,7,129,82,60,128,93,84,96,16"/><U135/><E135/><V17/><F110/><W8/><G38/><T44/><D35/><U116/><E116/><V20/><F41/><W15/><G54/><T25/><D104/><U33/><E123/><V109/><F109/><W72/><G72/><T0/><D121/><U68/><E33/><V94/><F106/><W53/><G53/><T29/><D74/><U26/><E68/><V118/><F118/><W39/><G39/><T67/><D133/><U28/><E6/><V2/><F134/><W79/><REACH who="3" step="1"/><G7/><REACH who="3" ten="214,438,114,224" step="2"/><T75/><D75/><U88/><E63/><V78/><F65/><W13/><G13/><T111/><D111/><U80/><E12/><V113/><F2/><W9/><G9/><T30/><D5/><U22/><E22/><V4/><F4/><W126/><G126/><T107/><D0/><U3/><E3/><V24/><F14/><W105/><G105/><T130/><D107/><U45/><E102/><AGARI ba="2,1" hai="8,15,16,52,58,60,79,82,84,93,96,102,128,129" machi="102" ten="40,5200,0" yaku="1,1,54,2,53,0" doraHai="42" doraHaiUra="120" who="3" fromWho="1" sc="214,0,438,-58,114,0,224,68" /><INIT seed="2,0,0,5,0,66" ten="214,380,114,292" oya="2" hai0="26,81,57,40,5,56,6,0,32,133,75,118,101" hai1="131,60,15,120,85,9,82,12,34,95,108,51,24" hai2="135,116,22,121,10,127,128,38,20,29,11,78,67" hai3="97,13,28,89,103,27,71,46,69,105,92,99,37"/><V44/><F121/><W61/><G61/><T91/><D101/><U16/><E120/><V130/><F116/><W43/><REACH who="3" step="1"/><G13/><REACH who="3" ten="214,380,114,282" step="2"/><T84/><D118/><U107/><E60/><V100/><F127/><W94/><G94/><T122/><D0/><U64/><E95/><V31/><F135/><W102/><G102/><T65/><D122/><U70/><E15/><V119/><F100/><W50/><G50/><T76/><D81/><U123/><E51/><V18/><F78/><W52/><G52/><T7/><D76/><U90/><E82/><V58/><F119/><W1/><G1/><T3/><D3/><U54/><E54/><V77/><F77/><W49/><G49/><T14/><D65/><U41/><E64/><V68/><F38/><W79/><G79/><T112/><D40/><U86/><E41/><V113/><F44/><W74/><G74/><T114/><D14/><U93/><E93/><V21/><F58/><W23/><AGARI ba="0,1" hai="23,27,28,37,43,46,69,71,89,92,97,99,103,105" machi="23" ten="20,12000,2" yaku="1,1,0,1,7,1,52,2,53,1" doraHai="66" doraHaiUra="88" who="3" fromWho="3" sc="214,-30,380,-30,114,-60,282,130" /><INIT seed="3,0,0,4,4,129" ten="184,350,54,412" oya="3" hai0="80,90,55,9,25,13,99,81,94,69,15,104,47" hai1="3,35,20,4,119,110,16,17,125,84,122,102,36" hai2="93,75,12,29,10,106,77,62,113,133,53,114,54" hai3="97,130,112,2,132,61,6,85,23,49,86,43,28"/><W60/><G112/><T48/><D69/><U105/><E36/><V30/><F106/><W88/><G2/><T57/><D25/><U107/><E102/><V0/><F0/><W44/><G132/><T117/><D117/><U52/><E122/><V76/><F133/><W7/><G86/><T96/><D15/><U8/><E119/><V87/><F75/><W73/><G73/><T91/><D104/><U127/><E35/><V100/><F114/><W65/><G97/><T126/><D126/><N who="1" m="48139" /><E110/><V78/><F113/><W5/><G130/><T14/><D14/><N who="1" m="9239" /><E84/><V121/><F121/><W56/><G61/><T46/><D46/><U72/><E72/><V67/><F67/><W26/><REACH who="3" step="1"/><G7/><REACH who="3" ten="184,350,54,402" step="2"/><T68/><D99/><U120/><E120/><V108/><F62/><W123/><G123/><T135/><D135/><U118/><E118/><V33/><F108/><W27/><G27/><T71/><D96/><U82/><E82/><AGARI ba="0,1" hai="5,6,23,26,28,43,44,49,56,60,65,82,85,88" machi="82" ten="30,12000,1" yaku="1,1,7,1,8,1,54,1,53,1" doraHai="129" doraHaiUra="83" who="3" fromWho="1" sc="184,0,350,-120,54,0,402,130" /><INIT seed="3,1,0,1,2,39" ten="184,230,54,532" oya="3" hai0="126,103,47,91,123,105,85,122,2,61,112,17,124" hai1="77,111,45,130,14,75,33,132,66,100,35,56,95" hai2="97,32,83,0,101,128,53,133,71,64,13,102,4" hai3="106,27,87,110,19,29,55,88,21,74,51,25,67"/><W117/><G117/><T114/><D2/><U82/><E111/><V36/><F128/><W131/><G131/><T49/><D17/><U76/><E130/><V104/><F133/><W54/><G106/><T43/><D61/><U23/><E132/><V26/><F102/><W70/><G74/><T40/><D105/><U38/><E77/><V59/><F36/><W63/><G110/><T73/><D103/><U92/><E66/><V46/><F46/><W135/><G135/><T60/><D60/><U41/><E56/><V31/><F83/><W52/><G27/><T7/><D7/><U57/><E57/><V93/><F13/><W84/><G84/><T119/><D91/><U37/><E37/><V44/><F44/><W125/><G125/><N who="0" m="48235" /><D85/><U65/><E65/><V15/><F15/><W80/><REACH who="3" step="1"/><G29/><REACH who="3" ten="184,230,54,522" step="2"/><T129/><D73/><U5/><E75/><V78/><F78/><W115/><G115/><N who="0" m="44075" /><D129/><U90/><E76/><V1/><F104/><W86/><G86/><T118/><D118/><U48/><E82/><V30/><F31/><W28/><G28/><T113/><D113/><U120/><E120/><N who="0" m="46121" /><D119/><U127/><E127/><V3/><F32/><W121/><G121/><T8/><D8/><U34/><E35/><V58/><F30/><W11/><G11/><T98/><D98/><U6/><E34/><V9/><F26/><W134/><G134/><T89/><D89/><U12/><E33/><V96/><F97/><W22/><G22/><T94/><D94/><U62/><E23/><V18/><F9/><W20/><G20/><T10/><D10/><N who="1" m="4183" /><E92/><V81/><F93/><RYUUKYOKU ba="1,1" sc="184,15,230,-15,54,-15,522,15" hai0="40,43,47,49" hai3="19,21,25,51,52,54,55,63,67,70,80,87,88" /><INIT seed="3,2,1,4,2,83" ten="199,215,39,537" oya="3" hai0="56,42,118,123,108,68,105,97,93,6,17,50,34" hai1="80,130,59,87,55,96,77,69,51,112,26,88,131" hai2="31,74,109,116,134,104,58,95,19,120,84,15,0" hai3="23,66,4,78,45,98,13,57,27,10,5,1,29"/><W129/><G129/><N who="1" m="49162" /><E112/><V103/><F116/><W61/><G78/><T99/><D68/><U48/><E69/><V107/><F74/><W67/><G1/><T82/><D34/><U126/><E126/><V11/><F109/><W62/><G45/><T3/><D105/><U21/><E96/><V38/><F134/><W110/><G110/><T24/><D123/><U92/><E59/><V37/><F120/><W64/><G5/><T75/><D56/><U47/><E51/><V72/><F72/><W35/><G35/><T119/><D99/><U52/><E92/><V86/><F0/><W91/><G62/><T135/><D93/><AGARI ba="2,1" hai="4,10,13,23,27,29,57,61,64,66,67,91,93,98" machi="93" ten="40,2000,0" yaku="8,1" doraHai="83" who="3" fromWho="0" sc="199,-26,215,0,39,0,537,36" /><INIT seed="3,3,0,1,3,1" ten="173,215,39,573" oya="3" hai0="54,30,123,97,49,83,24,120,72,41,77,4,29" hai1="87,78,117,35,34,108,118,17,70,92,51,121,50" hai2="62,47,15,21,68,104,98,44,128,132,88,75,66" hai3="5,14,69,90,45,28,63,31,19,101,119,43,25"/><W82/><G69/><T124/><D41/><U125/><E108/><V32/><F32/><N who="1" m="12329" /><E121/><V56/><F132/><W53/><G119/><N who="1" m="45578" /><E70/><V79/><F128/><W130/><G101/><T11/><D97/><U91/><E125/><V23/><F104/><W10/><G130/><T80/><D80/><N who="1" m="47511" /><E17/><V42/><F68/><W111/><G111/><T40/><D40/><U36/><E36/><V61/><F79/><W113/><G19/><T13/><D30/><U106/><E106/><V103/><F103/><W71/><G31/><T93/><D93/><U37/><E37/><V127/><F62/><W26/><G63/><T39/><D39/><U2/><E2/><V3/><F75/><W59/><G28/><T57/><REACH who="0" step="1"/><D124/><REACH who="0" ten="163,215,39,573" step="2"/><U60/><E60/><V99/><F127/><W126/><G126/><T109/><D109/><U52/><E52/><N who="2" m="33927" /><F99/><AGARI ba="3,1" hai="50,51,91,92,99" m="47511,45578,12329" machi="99" ten="30,1000,0" yaku="12,1" doraHai="1" who="1" fromWho="2" sc="163,0,215,29,39,-19,573,0" /><INIT seed="4,0,0,4,5,134" ten="163,244,20,573" oya="0" hai0="46,36,102,120,125,75,74,104,33,3,103,13,123" hai1="97,53,29,91,133,10,26,21,88,132,116,99,14" hai2="110,32,96,57,55,87,43,79,124,84,73,93,100" hai3="60,109,114,9,107,6,22,90,23,31,70,25,122"/><T27/><D3/><U44/><E116/><V49/><F32/><W92/><G114/><T89/><D13/><U86/><E132/><V28/><F110/><W38/><G107/><T64/><D64/><U34/><E133/><V106/><F28/><W126/><G38/><T112/><D112/><U35/><E35/><V4/><F84/><W17/><G109/><T72/><D125/><U42/><E34/><V66/><F4/><W98/><G122/><T51/><D89/><U15/><E15/><V105/><F43/><W1/><G70/><T0/><D0/><U58/><E42/><V24/><F24/><W52/><G126/><T119/><D119/><U71/><E71/><V67/><F106/><W40/><G40/><N who="0" m="22791" /><D51/><N who="1" m="28903" /><E58/><V111/><F111/><W80/><G1/><T76/><D76/><U128/><E128/><V16/><F124/><W118/><G6/><T82/><D82/><N who="1" m="49239" /><E91/><V65/><F73/><W19/><G118/><T56/><D56/><U61/><E61/><V39/><F105/><W83/><G9/><T41/><D41/><U108/><E108/><V37/><F39/><W5/><G5/><AGARI ba="0,0" hai="5,10,14,21,26,29,97,99" m="49239,28903" machi="5" ten="30,2000,0" yaku="8,1,54,1" doraHai="134" who="1" fromWho="3" sc="163,0,244,20,20,0,573,-20" /><INIT seed="5,0,0,4,0,88" ten="163,264,20,553" oya="1" hai0="14,17,121,43,111,70,31,108,68,106,22,55,100" hai1="113,57,94,8,135,127,91,74,87,1,89,54,67" hai2="4,0,11,129,41,62,79,76,117,97,96,86,116" hai3="26,35,80,65,33,45,83,30,28,90,110,21,18"/><U134/><E74/><V130/><F41/><W13/><G110/><T15/><D43/><U9/><E113/><V81/><F76/><W32/><G65/><T24/><D55/><U107/><E107/><V37/><F62/><W53/><G90/><T58/><D58/><U115/><E115/><V20/><F37/><W34/><G30/><T95/><D121/><U44/><E127/><V60/><F60/><W38/><REACH who="3" step="1"/><G38/><REACH who="3" ten="163,264,20,543" step="2"/><T114/><D114/><U98/><E67/><V124/><F124/><W56/><G56/><T120/><D120/><U12/><E44/><V7/><F7/><W50/><AGARI ba="0,1" hai="13,18,21,26,28,32,33,34,35,45,50,53,80,83" machi="50" ten="40,2700,0" yaku="1,1,0,1,53,0" doraHai="88" doraHaiUra="126" who="3" fromWho="3" sc="163,-7,264,-13,20,-7,543,37" /><INIT seed="6,0,0,4,3,16" ten="156,251,13,580" oya="2" hai0="55,19,54,87,128,4,20,44,0,18,122,34,117" hai1="102,107,63,100,105,82,60,97,53,116,33,68,109" hai2="134,121,66,72,130,133,61,52,26,23,2,58,96" hai3="111,93,50,17,75,114,106,69,5,62,37,84,78"/><V98/><F121/><W99/><G111/><T7/><D34/><U88/><E109/><V70/><F2/><W89/><G114/><T29/><D128/><U39/><E39/><V46/><F72/><W38/><G69/><T91/><D117/><U31/><E116/><V131/><F46/><W67/><G67/><T119/><D119/><U13/><E13/><V57/><F70/><W135/><G135/><N who="2" m="51721" /><F131/><W71/><G62/><T3/><D3/><U81/><E53/><V112/><F112/><W30/><G38/><T73/><D73/><U59/><E59/><V94/><F130/><W56/><G37/><T85/><D0/><U15/><E15/><V77/><F94/><W22/><G71/><T113/><D113/><U12/><E12/><V90/><F90/><W127/><G89/><T25/><D91/><U101/><E101/><V27/><F27/><W108/><G93/><T120/><D120/><U86/><E81/><V92/><F92/><W126/><G108/><T115/><D115/><U118/><E118/><V104/><F77/><W79/><G79/><T28/><D122/><U6/><E68/><V65/><F104/><W76/><G106/><T24/><D44/><U95/><E102/><V36/><F36/><W42/><G78/><T48/><D48/><U74/><E107/><V51/><F66/><W124/><G76/><T41/><D41/><U11/><E74/><V110/><F110/><W123/><G123/><T14/><D14/><N who="1" m="5495" /><E105/><V40/><F40/><W8/><G42/><T35/><D35/><U43/><E43/><V129/><F129/><W125/><G125/><RYUUKYOKU ba="0,0" sc="156,10,251,10,13,10,580,-30" hai0="4,7,18,19,20,24,25,28,29,54,55,85,87" hai1="31,33,60,63,82,86,88,95,97,100" hai2="23,26,51,52,57,58,61,65,96,98" /><INIT seed="6,1,0,5,0,53" ten="166,261,23,550" oya="2" hai0="134,87,37,123,101,81,46,3,18,114,71,23,128" hai1="35,118,104,5,77,52,62,50,116,15,58,80,36" hai2="108,42,2,63,92,88,11,135,56,6,95,65,19" hai3="4,119,106,40,14,91,32,102,29,12,121,124,86"/><V115/><F115/><W30/><G124/><T7/><D123/><U72/><E104/><V78/><F135/><W130/><G130/><T100/><D128/><U69/><E35/><V75/><F108/><W70/><G119/><T25/><D71/><U122/><E122/><V39/><F95/><W74/><G74/><T89/><D114/><U110/><E110/><V17/><F42/><W117/><G14/><T105/><D105/><U26/><E36/><V61/><F39/><W109/><G117/><T83/><D83/><U51/><E51/><V111/><F111/><W24/><G30/><T22/><D3/><U45/><E69/><V60/><F60/><W120/><G24/><T126/><D7/><U84/><E26/><V131/><F131/><W21/><G102/><T127/><D134/><U31/><E31/><V41/><F41/><W27/><G32/><T16/><D46/><U103/><E103/><V10/><F11/><W113/><G106/><T66/><D66/><U54/><E72/><V125/><F125/><N who="0" m="47626" /><D37/><U13/><E13/><AGARI ba="1,0" hai="13,16,18,22,23,25,81,87,89,100,101" m="47626" machi="13" ten="30,2000,0" yaku="18,1,54,1" doraHai="53" who="0" fromWho="1" sc="166,23,261,-23,23,0,550,0" /><INIT seed="7,0,0,2,5,55" ten="189,238,23,550" oya="3" hai0="128,33,63,135,117,98,12,71,47,31,99,100,8" hai1="122,6,5,109,85,42,104,88,131,38,29,64,25" hai2="28,111,121,127,56,108,101,16,69,48,17,89,119" hai3="7,57,70,110,45,41,11,26,77,43,37,82,27"/><W72/><G43/><T59/><D71/><U10/><E122/><V134/><F69/><W125/><G125/><T118/><D128/><U115/><E104/><V74/><F121/><W78/><G78/><T105/><D98/><U50/><E38/><V49/><F119/><W75/><G110/><T62/><D135/><U91/><E109/><V14/><F134/><W21/><G57/><T132/><D47/><N who="1" m="25975" /><E131/><V123/><F123/><W133/><G75/><T58/><D132/><U35/><E35/><V95/><F28/><W103/><G103/><T53/><D33/><U124/><E115/><V13/><F101/><W24/><G133/><T120/><D31/><U86/><E64/><V114/><F74/><W39/><G70/><T4/><D120/><U23/><E10/><V102/><F102/><W79/><G79/><T40/><D40/><U20/><E20/><V44/><F44/><W83/><G83/><T96/><D96/><U73/><E73/><V19/><F114/><W3/><G39/><T9/><REACH who="0" step="1"/><D8/><REACH who="0" ten="179,238,23,550" step="2"/><U92/><E124/><V61/><F127/><W34/><G34/><T81/><D81/><AGARI ba="0,1" hai="5,6,23,25,29,81,85,86,88,91,92" m="25975" machi="81" ten="30,2000,0" yaku="8,1,54,1" doraHai="55" who="1" fromWho="0" sc="179,-20,238,30,23,0,550,0" owari="159,-24.0,268,7.0,23,-48.0,550,65.0" /></mjloggm>