<mjloggm ver="2.3"><GO type="41" lobby="0"/><UN n0="%4B%65%6B%61%79%75%74%61" n1="%E3%83%9F%E3%82%BA%E3%83%8A%E3%83%A9" n2="%55%52%41%42%45" n3="%E2%93%9D%53%75%70%68%78" dan="15,14,14,19" rate="2015.73,1953.25,1965.83,2212.05" sx="M,M,M,M"/><TAIKYOKU oya="0"/><INIT seed="0,0,0,5,0,8" ten="250,250,250,250" oya="0" hai0="35,126,113,17,120,99,39,134,43,131,124,10,85" hai1="14,45,25,100,54,111,70,12,123,13,6,1,32" hai2="104,73,59,80,89,46,71,102,7,37,101,66,44" hai3="22,125,133,86,36,121,34,117,4,94,116,64,75"/><T40/><D120/><U0/><E70/><V53/><F71/><W51/><G34/><T76/><D113/><U107/><E123/><V52/><F66/><W26/><G75/><T93/><D35/><U48/><E111/><V132/><F104/><W106/><G133/><T33/><D33/><U84/><E107/><V128/><F132/><W112/><G125/><N who="0" m="48235" /><D39/><U38/><E100/><V20/><F7/><W27/><G4/><T72/><D72/><U29/><E38/><V68/><F68/><W78/><G36/><T105/><D131/><U103/><E103/><V92/><F53/><W115/><G121/><T108/><D105/><U129/><E129/><V60/><F128/><W55/><G106/><T90/><D108/><U91/><REACH who="1" step="1"/><E6/><REACH who="1" ten="250,240,250,250" step="2"/><V118/><F37/><W61/><G115/><T41/><D134/><U57/><E57/><V130/><F130/><W69/><G112/><T21/><D76/><U56/><E56/><V135/><F135/><W109/><G78/><T81/><D10/><U127/><E127/><V49/><F59/><W47/><G109/><T42/><N who="0" m="10240" /><DORA hai="11" /><T58/><D58/><U122/><E122/><V87/><F46/><W67/><G69/><T114/><D114/><U88/><E88/><V31/><F89/><W98/><G47/><T63/><D63/><U96/><E96/><V5/><F60/><W15/><G61/><T97/><D97/><U2/><E2/><V83/><F44/><W62/><G62/><T23/><D99/><U30/><E30/><V19/><F31/><W95/><G98/><N who="0" m="57655" /><D17/><U50/><E50/><V16/><F49/><RYUUKYOKU ba="0,1" sc="250,15,240,15,250,-15,250,-15" hai0="21,23,81,85" hai1="0,1,12,13,14,25,29,32,45,48,54,84,91" /><INIT seed="0,1,1,1,1,110" ten="265,255,235,235" oya="0" hai0="88,103,10,117,3,49,96,81,0,41,21,106,35" hai1="112,37,95,82,104,97,56,125,57,33,101,29,25" hai2="50,108,134,8,74,60,44,83,17,7,32,89,22" hai3="26,128,98,11,121,51,135,9,85,36,114,78,90"/><T24/><D117/><U38/><E125/><V109/><F32/><W45/><G36/><T18/><D35/><U122/><E122/><V91/><F74/><W34/><G135/><T99/><D10/><U48/><E37/><V111/><F134/><W68/><G68/><T12/><D24/><U14/><E38/><V115/><F60/><W53/><G128/><T93/><REACH who="0" step="1"/><D81/><REACH who="0" ten="255,255,235,235" step="2"/><U2/><E82/><V67/><F83/><W87/><G26/><T69/><D69/><U72/><E33/><V126/><F126/><W1/><G34/><T120/><D120/><U42/><E25/><V71/><F71/><W132/><G132/><T27/><D27/><U105/><E29/><V20/><F8/><W80/><G121/><T76/><D76/><U102/><E2/><V63/><F111/><W47/><G1/><T77/><D77/><U94/><E14/><V5/><F109/><W84/><G11/><T66/><D66/><U113/><E72/><V124/><F67/><W119/><G119/><T19/><D19/><U30/><E30/><V55/><F124/><W129/><G9/><T100/><D100/><U31/><E31/><V61/><F108/><W59/><G129/><T62/><D62/><U131/><E131/><V107/><F63/><W4/><G78/><T65/><D65/><U39/><E102/><V127/><F61/><W13/><G13/><T130/><D130/><U6/><E101/><V15/><F127/><W58/><G80/><T23/><D23/><U64/><E64/><V133/><F22/><W123/><G123/><T70/><D70/><U43/><E6/><RYUUKYOKU ba="1,2" sc="255,30,255,-10,235,-10,235,-10" hai0="0,3,12,18,21,41,49,88,93,96,99,103,106" /><INIT seed="0,2,2,3,0,26" ten="285,245,225,225" oya="0" hai0="21,83,12,130,97,86,99,85,22,45,121,126,89" hai1="6,93,73,123,19,60,23,114,101,7,62,46,102" hai2="135,32,13,11,31,129,28,119,103,66,79,69,77" hai3="38,24,27,133,61,87,1,116,39,29,98,16,3"/><T68/><D121/><U128/><E123/><V9/><F32/><W112/><G112/><T118/><D118/><U36/><E73/><V65/><F119/><W96/><G116/><T94/><D68/><U5/><E128/><V107/><F107/><W109/><G87/><T106/><D130/><U56/><E114/><V25/><F25/><W37/><G61/><N who="1" m="23658" /><E36/><V124/><F129/><W35/><G133/><T15/><D126/><U120/><E46/><V8/><F13/><N who="0" m="5194" /><D106/><U131/><E131/><V78/><F124/><W71/><G71/><T104/><D104/><U82/><E82/><V105/><F135/><W108/><G3/><T117/><D45/><U81/><E81/><V84/><F69/><W90/><G1/><T33/><D33/><U41/><E41/><V80/><F103/><N who="1" m="39433" /><E120/><V63/><F105/><W43/><G43/><T48/><D48/><U70/><E70/><V40/><F40/><W20/><REACH who="3" step="1"/><G90/><REACH who="3" ten="285,245,225,215" step="2"/><N who="0" m="51519" /><D117/><U72/><E72/><V47/><F47/><W91/><G91/><N who="0" m="55519" /><D99/><AGARI ba="2,3" hai="16,20,24,27,29,35,37,38,39,96,98,99,108,109" machi="99" ten="50,6400,0" yaku="1,1,52,1,54,1,53,0" doraHai="26" doraHaiUra="75" who="3" fromWho="0" sc="285,-70,245,0,225,0,215,100" /><INIT seed="1,0,0,1,5,100" ten="215,245,225,315" oya="1" hai0="117,107,72,98,21,19,125,82,90,83,132,76,97" hai1="115,85,84,62,41,34,103,79,7,130,26,112,71" hai2="69,87,31,73,61,17,88,36,96,109,28,135,9" hai3="37,106,24,70,105,27,89,99,134,119,78,45,51"/><U39/><E130/><V43/><F73/><W1/><G1/><T124/><D21/><U133/><E133/><V14/><F109/><W20/><G37/><T121/><D19/><U127/><E127/><N who="0" m="48713" /><D117/><U5/><E71/><V52/><F135/><W86/><G78/><T53/><D53/><U49/><E39/><V35/><F96/><W111/><G27/><T80/><D132/><U63/><E103/><V81/><F35/><W42/><G111/><T25/><D25/><U75/><E75/><V129/><F129/><W123/><G123/><T11/><D11/><U59/><E26/><V2/><F2/><W13/><G70/><T60/><D60/><U110/><E110/><V40/><F69/><W95/><G119/><T10/><D10/><U6/><E34/><V16/><F17/><W15/><G134/><T113/><D113/><U38/><E38/><V101/><F101/><W54/><G54/><T12/><D12/><U22/><E22/><V48/><F36/><W114/><G114/><T74/><D121/><U91/><E112/><V57/><F61/><N who="1" m="23049" /><E115/><V29/><AGARI ba="0,0" hai="9,14,16,28,29,31,40,43,48,52,57,81,87,88" machi="29" ten="30,8000,1" yaku="0,1,8,1,54,3" doraHai="100" who="2" fromWho="2" sc="215,-20,245,-40,225,80,315,-20" /><INIT seed="2,0,0,3,3,34" ten="195,205,305,295" oya="2" hai0="27,107,13,114,129,82,16,58,67,33,135,86,79" hai1="99,71,133,98,46,29,59,7,87,3,5,116,53" hai2="74,91,10,20,38,49,60,73,56,106,26,103,61" hai3="11,9,39,127,118,28,21,47,31,41,121,75,115"/><V51/><F38/><W2/><G118/><T57/><D114/><U80/><E133/><V12/><F103/><W37/><G121/><T22/><D135/><U19/><E71/><V110/><F106/><W54/><G127/><T15/><D129/><U72/><E72/><V65/><F74/><W100/><G54/><T92/><D107/><U119/><E29/><V44/><F73/><W50/><G100/><T77/><D77/><U122/><E122/><V63/><F91/><W125/><G21/><T95/><D33/><U4/><E19/><V24/><F51/><W35/><G50/><T104/><D104/><U76/><E46/><V62/><F110/><W1/><G75/><T130/><D130/><U105/><E3/><N who="3" m="1034" /><G125/><T112/><D112/><U111/><E111/><V83/><F83/><W40/><G47/><T109/><D109/><U25/><E25/><V30/><F26/><W78/><G35/><T81/><D81/><U68/><E68/><V124/><F124/><W42/><G78/><T117/><D117/><U97/><REACH who="1" step="1"/><E105/><REACH who="1" ten="195,195,305,295" step="2"/><V6/><F44/><W88/><G115/><T94/><D58/><U108/><E108/><V0/><F65/><W101/><G31/><T126/><D126/><U52/><E52/><V55/><N who="2" m="15360" /><DORA hai="45" /><V69/><REACH who="2" step="1"/><F69/><REACH who="2" ten="195,195,295,295" step="2"/><W132/><G39/><T18/><D67/><U36/><E36/><V64/><F64/><W85/><G37/><T123/><D123/><U89/><E89/><V131/><F131/><W8/><G132/><T43/><D57/><U84/><E84/><V14/><AGARI ba="0,2" hai="0,6,10,12,14,20,24,30,49,55,56" m="15360" machi="14" ten="40,12000,1" yaku="1,1,0,1,52,2,53,0" doraHai="34,45" doraHaiUra="128,102" who="2" fromWho="2" sc="195,-40,195,-40,295,140,295,-40" /><INIT seed="2,1,0,3,3,60" ten="155,155,435,255" oya="2" hai0="130,88,90,50,64,131,22,58,41,20,129,114,127" hai1="35,93,26,99,109,32,75,8,79,73,81,85,87" hai2="125,91,105,33,89,115,45,108,6,34,133,54,30" hai3="67,135,71,25,132,0,126,57,36,92,69,13,80"/><V123/><F115/><W48/><G0/><T106/><D114/><U83/><E8/><V120/><F105/><W124/><G80/><T10/><D106/><U49/><E109/><V119/><F45/><W52/><G25/><T122/><D122/><U3/><E3/><V37/><F37/><W66/><G13/><T31/><D127/><N who="3" m="48681" /><G92/><T28/><D10/><U55/><E26/><V7/><F125/><W96/><G96/><T76/><D76/><U19/><E19/><V59/><F108/><W72/><G72/><T134/><D134/><N who="3" m="51241" /><G36/><T94/><D28/><U74/><E99/><V84/><F133/><W17/><G17/><T38/><D38/><U101/><E101/><V23/><F23/><N who="0" m="8746" /><D94/><U113/><E93/><V104/><F104/><W21/><G21/><T46/><D31/><U112/><E113/><V121/><F121/><W14/><G14/><T110/><D110/><U65/><E112/><V9/><F30/><W53/><G53/><T5/><D5/><U27/><E35/><V116/><F54/><W24/><G24/><T15/><D15/><U2/><E27/><V98/><F98/><W47/><G47/><T4/><D4/><U118/><E32/><V63/><F84/><W11/><G11/><T18/><D18/><U86/><E2/><V103/><F9/><W100/><G100/><T117/><D117/><U107/><E118/><V128/><F103/><W51/><G51/><T95/><D95/><U97/><E97/><V62/><F119/><W102/><G102/><T16/><D16/><U82/><E107/><V43/><F116/><W29/><G29/><RYUUKYOKU ba="1,0" sc="155,15,155,-15,435,-15,255,15" hai0="41,46,50,58,64,88,90,129,130,131" hai3="48,52,57,66,67,69,71" /><INIT seed="3,2,0,2,3,133" ten="170,140,420,270" oya="3" hai0="135,64,4,62,116,11,46,38,76,108,0,118,85" hai1="3,94,104,111,95,29,50,68,42,128,9,12,41" hai2="131,24,60,39,40,61,92,105,79,44,115,83,109" hai3="121,53,47,93,69,22,75,45,30,34,114,127,72"/><W124/><G34/><T65/><D135/><U33/><E104/><V122/><F105/><W84/><G114/><T1/><D108/><U90/><E3/><V18/><F109/><W59/><G69/><T31/><D31/><U16/><E111/><V54/><F131/><W58/><G121/><T52/><D76/><U123/><E68/><V97/><F54/><W130/><G130/><T74/><D74/><N who="3" m="28201" /><G84/><T13/><D38/><U19/><E123/><V81/><F122/><W25/><G93/><T14/><D85/><U48/><E128/><V51/><F39/><W103/><G103/><T112/><D112/><U101/><E29/><V134/><F134/><W117/><G117/><T87/><D87/><U98/><E33/><V82/><F79/><W86/><G86/><T78/><D78/><U125/><E19/><V43/><F43/><N who="1" m="16393" /><E125/><N who="3" m="48202" /><G59/><T36/><D118/><U23/><E23/><N who="2" m="13431" /><F115/><W88/><G88/><AGARI ba="2,0" hai="40,44,51,60,61,81,82,83,88,92,97" m="13431" machi="88" ten="30,2000,0" yaku="8,1,54,1" doraHai="133" who="2" fromWho="3" sc="170,0,140,0,420,26,270,-26" /><INIT seed="4,0,0,1,2,81" ten="170,140,446,244" oya="0" hai0="15,95,121,48,119,110,47,18,35,77,60,13,107" hai1="101,12,1,51,8,73,88,45,49,54,90,6,105" hai2="128,71,93,112,130,43,74,116,125,5,30,96,126" hai3="70,41,124,14,29,62,23,113,134,61,133,59,115"/><T44/><D119/><U33/><E73/><V72/><F71/><W65/><G14/><T64/><D121/><U122/><E122/><V83/><F43/><W114/><G23/><T34/><D107/><U84/><E33/><V28/><F5/><W120/><G29/><T40/><D110/><U37/><E37/><V102/><F28/><W87/><G87/><T56/><D77/><U24/><E105/><V91/><F30/><W3/><G3/><T98/><D13/><U55/><E101/><V80/><F112/><W52/><G124/><N who="2" m="47721" /><F116/><W7/><G7/><T75/><D47/><U104/><E104/><V19/><F19/><W42/><G120/><T21/><REACH who="0" step="1"/><D75/><REACH who="0" ten="160,140,446,244" step="2"/><N who="2" m="28714" /><F102/><AGARI ba="0,1" hai="15,18,21,34,35,40,44,48,56,60,64,95,98,102" machi="102" ten="30,5800,0" yaku="1,1,7,1,53,1" doraHai="81" doraHaiUra="11" who="0" fromWho="2" sc="160,68,140,0,446,-58,244,0" /><INIT seed="4,1,0,2,3,16" ten="228,140,388,244" oya="0" hai0="61,71,36,3,126,65,52,78,92,128,59,34,57" hai1="9,29,127,124,47,7,22,62,63,125,20,21,45" hai2="30,56,31,103,35,122,87,106,70,96,135,42,117" hai3="54,26,74,118,72,27,25,116,88,84,39,41,123"/><T104/><D104/><U23/><N who="1" m="5120" /><DORA hai="2" /><U46/><REACH who="1" step="1"/><E29/><REACH who="1" ten="228,130,388,244" step="2"/><V66/><F30/><W132/><G27/><T19/><D34/><U49/><E49/><V130/><F31/><W82/><G26/><T114/><D36/><U108/><E108/><V81/><F35/><W15/><G25/><T105/><D105/><U37/><E37/><V1/><F106/><W99/><G39/><T8/><D8/><U100/><E100/><V60/><F103/><W0/><G118/><T101/><D101/><U11/><E11/><V67/><F117/><W44/><G116/><T98/><D128/><U131/><E131/><V113/><F130/><W95/><G123/><T119/><D119/><U129/><E129/><V97/><F122/><W48/><G48/><T18/><D126/><U33/><E33/><V58/><F135/><W10/><G10/><T75/><D61/><U32/><E32/><V51/><F51/><W110/><G132/><T90/><D114/><U68/><E68/><V6/><F60/><W79/><G110/><T133/><D71/><U77/><E77/><V102/><F70/><W28/><G79/><T64/><D78/><U69/><E69/><V53/><F102/><W43/><G28/><T76/><D76/><U86/><E86/><V24/><F87/><W115/><G84/><T91/><D133/><U112/><E112/><V89/><F24/><W107/><G115/><T85/><D85/><U4/><E4/><V13/><F6/><W109/><G109/><T55/><D75/><U120/><E120/><V50/><F113/><W12/><G74/><T83/><D3/><AGARI ba="1,1" hai="3,7,9,45,46,47,62,63,124,125,127" m="5120" machi="3" ten="60,32000,5" yaku="1,1,6,1,29,2,18,1,52,5,53,3" doraHai="16,2" doraHaiUra="134,121" who="1" fromWho="0" sc="228,-323,130,333,388,0,244,0" owari="-95,-60.0,463,57.0,388,19.0,244,-16.0" /></mjloggm>