<mjloggm ver="2.3"><GO type="41" lobby="0"/><UN n0="%E8%B1%9A" n1="%E2%93%9D%53%75%70%68%78" n2="%43%6F%74%74%6F%6E%65%65" n3="%E4%BA%A4%E6%B8%89%E5%89%AF%E5%A7%94%E5%93%A1%E9%95%B7" dan="15,18,14,14" rate="1995.62,2118.64,2022.00,2007.82" sx="F,M,M,M"/><TAIKYOKU oya="0"/><INIT seed="0,0,0,5,2,41" ten="250,250,250,250" oya="0" hai0="68,28,120,12,31,84,113,66,50,62,103,87,85" hai1="20,19,1,72,23,55,100,114,59,9,131,37,134" hai2="8,101,64,42,128,75,123,80,115,94,36,97,108" hai3="2,24,49,111,117,124,29,5,106,104,4,71,119"/><T33/><D113/><U116/><E116/><N who="3" m="44618" /><G49/><T25/><D120/><U0/><E72/><V17/><F115/><W126/><G5/><T11/><D31/><U52/><E114/><V96/><F123/><W70/><G111/><T125/><D125/><N who="3" m="48233" /><G4/><T26/><D26/><U99/><E131/><V135/><F135/><W133/><G2/><T54/><D103/><U35/><E37/><V7/><F108/><W90/><G90/><T18/><REACH who="0" step="1"/><D87/><REACH who="0" ten="240,250,250,250" step="2"/><U38/><E100/><V110/><F101/><W105/><G133/><T78/><D78/><U13/><E134/><V77/><F110/><W63/><G63/><T56/><AGARI ba="0,1" hai="11,12,18,25,28,33,50,54,56,62,66,68,84,85" machi="56" ten="20,3900,0" yaku="1,1,0,1,7,1,53,0" doraHai="41" doraHaiUra="112" who="0" fromWho="0" sc="240,49,250,-13,250,-13,250,-13" /><INIT seed="0,1,0,2,4,125" ten="289,237,237,237" oya="0" hai0="32,0,64,61,67,103,46,16,20,81,48,33,35" hai1="49,68,8,43,70,110,21,39,123,53,1,22,133" hai2="132,102,86,15,117,40,65,83,31,17,119,2,87" hai3="106,93,78,82,44,69,14,54,101,113,129,72,57"/><T9/><D103/><U71/><E123/><V134/><F2/><W36/><G113/><T11/><D81/><U29/><E110/><V52/><F102/><W41/><G69/><T50/><D50/><U131/><E133/><N who="2" m="51307" /><F31/><W124/><G124/><T34/><N who="0" m="8704" /><DORA hai="109" /><T59/><D67/><U19/><E39/><V73/><F65/><W95/><G129/><T23/><D23/><U74/><E131/><V105/><F105/><W47/><G47/><T115/><D0/><U24/><E74/><V99/><F99/><W62/><REACH who="3" step="1"/><G14/><REACH who="3" ten="289,237,237,227" step="2"/><T94/><D115/><U26/><E1/><V4/><F117/><W104/><G104/><T126/><D126/><U18/><E71/><V79/><F119/><W12/><G12/><T63/><D94/><U30/><E70/><V56/><F4/><W97/><AGARI ba="1,1" hai="36,41,44,54,57,62,72,78,82,93,95,97,101,106" machi="97" ten="30,4000,0" yaku="1,1,0,1,53,1" doraHai="125,109" doraHaiUra="38,127" who="3" fromWho="3" sc="289,-21,237,-11,237,-11,227,53" /><INIT seed="1,0,0,4,3,115" ten="268,226,226,280" oya="1" hai0="39,80,96,12,76,113,61,34,103,128,36,64,42" hai1="69,47,134,43,121,87,133,78,33,53,119,112,5" hai2="66,79,27,25,131,62,2,63,22,93,117,55,60" hai3="88,83,58,130,101,51,15,11,6,106,32,18,26"/><U40/><E33/><V57/><F2/><W110/><G110/><T100/><D113/><U24/><E112/><V67/><F131/><W8/><G130/><T77/><D34/><U98/><E121/><V85/><F117/><W95/><G106/><T123/><D128/><U38/><E69/><V108/><F108/><W52/><G32/><T127/><D127/><U31/><E5/><V104/><F104/><W74/><G74/><T89/><D89/><U90/><E78/><V124/><F124/><W71/><G71/><T30/><D30/><U56/><E43/><V9/><F9/><N who="3" m="6511" /><G6/><T126/><D12/><U54/><E98/><V48/><F27/><W29/><G29/><T120/><D96/><U72/><E72/><V68/><F68/><W3/><G3/><T44/><D36/><U65/><E119/><V35/><F35/><W49/><G26/><T84/><D77/><U7/><E7/><V41/><F41/><W107/><G107/><T20/><D20/><U70/><E70/><V13/><F13/><W91/><G49/><T114/><D114/><U21/><E65/><V50/><F50/><W75/><G75/><T28/><D28/><U94/><REACH who="1" step="1"/><E56/><REACH who="1" ten="268,216,226,280" step="2"/><V81/><REACH who="2" step="1"/><F93/><REACH who="2" ten="268,216,216,280" step="2"/><W132/><G95/><T73/><D126/><U0/><E0/><V59/><F59/><W116/><G116/><T99/><D123/><U14/><E14/><V4/><F4/><W1/><G1/><T10/><D120/><U122/><E122/><V19/><AGARI ba="0,2" hai="19,22,25,48,55,57,60,62,63,66,67,79,81,85" machi="19" ten="30,4000,0" yaku="1,1,0,1,8,1,53,0" doraHai="115" doraHaiUra="135" who="2" fromWho="2" sc="268,-10,216,-20,216,60,280,-10" /><INIT seed="2,0,0,2,5,28" ten="258,196,276,270" oya="2" hai0="62,29,69,135,21,26,49,45,128,81,82,50,1" hai1="2,52,75,51,55,14,61,90,0,65,46,68,114" hai2="127,97,34,66,126,98,32,63,76,22,60,44,132" hai3="58,115,6,25,70,3,42,79,30,89,33,116,92"/><V5/><F5/><W112/><G116/><T4/><D128/><U20/><E114/><N who="3" m="43562" /><G70/><T7/><D135/><U27/><E75/><V86/><F132/><W122/><G122/><T48/><D69/><U102/><E102/><V113/><F113/><W56/><G79/><T124/><D124/><N who="2" m="47658" /><F44/><W129/><G129/><T71/><D1/><U37/><E14/><V18/><F86/><N who="3" m="52279" /><G42/><T12/><D45/><U36/><E55/><V15/><F76/><W31/><G31/><T78/><D81/><U106/><E106/><V130/><F130/><W110/><G110/><T133/><D133/><U57/><E90/><V123/><F123/><W103/><G103/><T104/><D104/><U19/><REACH who="1" step="1"/><E37/><REACH who="1" ten="258,186,276,270" step="2"/><V117/><F117/><W8/><AGARI ba="0,1" hai="3,6,8,25,30,33,56,58" m="52279,43562" machi="8" ten="30,2000,0" yaku="11,1,52,1" doraHai="28" who="3" fromWho="3" sc="258,-5,186,-5,276,-10,270,30" /><INIT seed="3,0,0,4,5,11" ten="253,181,266,300" oya="3" hai0="105,135,20,9,117,72,120,99,58,73,22,10,76" hai1="66,67,26,114,87,60,21,14,121,68,98,59,46" hai2="79,128,3,39,53,49,0,86,69,15,132,106,55" hai3="40,65,74,63,78,17,70,42,93,64,103,84,110"/><W80/><G110/><T124/><D117/><U19/><E121/><V38/><F106/><W85/><G65/><T54/><D120/><U27/><E114/><V24/><F24/><W127/><G127/><T35/><D35/><U45/><E68/><V129/><F69/><W88/><G74/><T113/><D135/><U81/><E67/><V92/><F79/><W44/><G44/><T133/><D133/><U91/><E27/><V115/><F115/><W43/><G103/><T123/><D123/><U104/><E104/><V94/><F132/><W96/><REACH who="3" step="1"/><G17/><REACH who="3" ten="253,181,266,290" step="2"/><T13/><D73/><U50/><E46/><V131/><F39/><W34/><G34/><T16/><D124/><U37/><E37/><V4/><F38/><W32/><G32/><T18/><D113/><U95/><E45/><V12/><F4/><W75/><AGARI ba="0,1" hai="40,42,43,63,64,70,75,78,80,84,85,88,93,96" machi="75" ten="30,6000,0" yaku="1,1,0,1,54,1,53,0" doraHai="11" doraHaiUra="71" who="3" fromWho="3" sc="253,-20,181,-20,266,-20,290,70" /><INIT seed="3,1,0,3,3,115" ten="233,161,246,360" oya="3" hai0="111,77,33,28,40,24,75,47,13,84,46,60,94" hai1="104,101,8,68,110,128,55,12,74,6,57,103,35" hai2="113,14,3,109,27,98,20,70,1,134,78,10,112" hai3="26,18,5,58,54,0,93,65,76,2,126,64,73"/><W86/><G73/><T59/><D111/><U129/><E68/><V127/><F70/><W52/><G2/><T17/><D75/><U44/><E35/><V125/><F98/><W25/><G0/><N who="2" m="73" /><F78/><W4/><G126/><N who="2" m="48137" /><F109/><W50/><G54/><T121/><D121/><U37/><E110/><V34/><F34/><W83/><G93/><T131/><D131/><N who="1" m="50251" /><E74/><V114/><F134/><W135/><G135/><T11/><D40/><N who="1" m="22543" /><E104/><V67/><F67/><N who="3" m="25675" /><G18/><T66/><REACH who="0" step="1"/><D94/><REACH who="0" ten="223,161,246,360" step="2"/><U23/><E23/><V88/><F114/><W91/><G76/><T48/><D48/><AGARI ba="1,1" hai="6,8,12,48,55,57,101,103" m="22543,50251" machi="48" ten="30,1000,0" yaku="19,1" doraHai="115" who="1" fromWho="0" sc="223,-13,161,23,246,0,360,0" /><INIT seed="4,0,0,0,5,15" ten="210,184,246,360" oya="0" hai0="41,129,62,93,44,108,34,10,1,98,60,80,58" hai1="9,39,131,126,40,21,67,38,6,121,120,128,111" hai2="114,72,65,83,14,56,25,85,132,22,47,115,55" hai3="77,103,4,8,30,104,48,69,71,76,19,134,5"/><T63/><D34/><U29/><E67/><V97/><F72/><W52/><G134/><T49/><D129/><N who="1" m="49739" /><E40/><V122/><F122/><N who="1" m="47209" /><E39/><V96/><F132/><W53/><G30/><T12/><D1/><N who="1" m="207" /><E38/><V24/><F47/><W45/><G104/><T130/><D130/><U113/><E111/><V70/><F65/><W92/><G71/><T87/><D108/><U86/><E86/><V73/><F70/><W119/><G69/><T78/><D58/><U27/><E113/><N who="2" m="43019" /><F73/><W99/><G53/><T82/><D82/><U50/><E50/><V2/><F97/><W7/><G119/><T79/><D78/><U64/><E64/><V59/><F96/><W105/><G105/><T75/><D75/><U33/><E126/><V81/><F85/><W117/><G117/><T84/><D84/><U118/><E118/><V3/><F55/><W23/><REACH who="3" step="1"/><G8/><REACH who="3" ten="210,184,246,350" step="2"/><T116/><D116/><U32/><AGARI ba="0,1" hai="21,27,29,32,33" m="207,47209,49739" machi="32" ten="40,5200,0" yaku="19,1,34,2" doraHai="15" who="1" fromWho="1" sc="210,-26,184,62,246,-13,350,-13" /><INIT seed="5,0,0,4,4,79" ten="184,246,233,337" oya="1" hai0="3,38,54,46,130,134,55,26,124,51,30,67,120" hai1="5,122,69,41,75,23,129,0,53,82,28,7,50" hai2="131,34,57,81,85,37,73,83,29,64,47,59,115" hai3="6,13,42,39,68,31,100,25,12,92,10,88,112"/><U133/><E122/><V45/><F73/><W108/><G108/><T2/><D124/><U97/><E69/><V66/><F34/><W102/><G68/><T126/><D126/><U22/><E41/><V104/><F104/><W127/><G127/><T76/><D130/><U117/><E133/><V135/><F131/><W4/><G112/><T48/><D38/><U14/><E0/><V74/><F74/><W1/><G1/><T93/><D134/><U15/><E97/><V70/><F70/><W125/><G39/><T11/><D120/><U20/><E117/><V52/><F37/><W21/><G42/><T61/><D11/><U119/><E28/><V114/><F29/><W132/><G125/><T101/><D76/><U24/><E24/><V71/><F71/><W87/><G132/><T118/><D118/><U27/><E27/><V111/><F135/><W84/><G84/><T128/><D128/><U89/><E75/><V35/><F35/><W78/><G78/><T17/><D17/><U77/><E77/><V105/><F105/><W58/><G58/><T86/><D61/><U110/><E110/><V18/><F111/><W72/><G72/><T62/><D62/><U107/><E119/><V95/><F85/><W19/><REACH who="3" step="1"/><G4/><REACH who="3" ten="184,246,233,327" step="2"/><T90/><D3/><U9/><E7/><V8/><F114/><W33/><AGARI ba="0,1" hai="6,10,12,13,19,21,25,31,33,87,88,92,100,102" machi="33" ten="20,12000,2" yaku="1,1,2,1,0,1,7,1,54,1,53,1" doraHai="79" doraHaiUra="91" who="3" fromWho="3" sc="184,-30,246,-60,233,-30,327,130" /><INIT seed="6,0,0,0,1,49" ten="154,186,203,457" oya="2" hai0="120,9,13,95,51,46,85,74,30,45,25,76,78" hai1="98,18,17,127,110,128,43,28,126,135,116,124,56" hai2="44,58,57,119,2,48,129,34,90,70,79,37,42" hai3="38,32,109,68,40,102,96,94,122,35,14,29,131"/><V125/><F34/><W31/><G109/><T1/><D120/><U84/><E110/><V62/><F2/><W53/><G122/><T50/><D1/><U16/><E116/><V19/><F119/><W0/><G0/><T83/><D74/><U113/><E113/><V80/><F125/><W86/><G68/><T59/><D95/><U26/><E128/><V104/><F104/><W54/><G38/><T130/><D130/><U61/><E43/><V112/><F112/><W105/><G40/><T20/><D76/><U39/><E135/><V101/><F101/><W118/><G118/><T21/><D21/><N who="1" m="15439" /><E84/><N who="2" m="48159" /><F129/><W81/><G131/><T8/><D50/><U23/><E98/><V4/><F4/><W132/><G132/><T10/><REACH who="0" step="1"/><D13/><REACH who="0" ten="144,186,203,457" step="2"/><N who="1" m="9615" /><E39/><V108/><F37/><W107/><G107/><T123/><D123/><U100/><E100/><V33/><F108/><W133/><G105/><T73/><D73/><U55/><AGARI ba="0,1" hai="17,18,55,56,61,124,126,127" m="9615,15439" machi="55" ten="30,4000,0" yaku="18,1,52,1,54,1" doraHai="49" who="1" fromWho="1" sc="144,-10,186,50,203,-20,457,-10" /><INIT seed="7,0,0,3,1,103" ten="134,236,183,447" oya="3" hai0="58,133,122,78,71,98,114,73,6,25,46,0,119" hai1="5,41,104,45,67,7,65,105,124,111,28,57,3" hai2="23,12,127,100,39,33,38,2,131,84,118,102,76" hai3="35,75,48,90,101,54,15,31,16,69,135,10,79"/><W66/><G135/><T63/><D119/><U49/><E111/><V60/><F118/><W40/><G101/><T4/><D122/><U120/><E28/><V37/><F33/><W43/><G75/><T30/><D133/><U96/><E124/><V83/><F2/><W21/><G79/><T115/><D71/><U27/><E27/><V51/><F127/><W112/><G69/><T89/><D46/><U130/><E130/><V87/><F131/><W42/><G66/><T52/><D0/><U55/><E96/><V128/><F128/><W82/><G35/><T72/><D98/><U53/><E3/><V1/><F1/><W81/><G112/><N who="0" m="43051" /><D89/><U93/><E67/><V32/><F32/><W26/><G90/><T106/><D106/><U17/><E105/><V11/><F60/><W110/><G110/><T123/><D123/><U125/><E104/><V70/><F70/><W77/><G77/><T95/><D95/><U36/><E93/><V117/><F117/><W99/><G99/><T134/><D134/><U109/><E109/><V47/><F87/><W19/><G31/><T121/><D121/><U86/><E86/><V88/><F76/><W61/><G61/><T74/><D78/><U29/><E125/><V68/><F68/><W44/><AGARI ba="0,0" hai="10,15,16,19,21,26,40,42,43,44,48,54,81,82" machi="44" ten="30,6000,0" yaku="0,1,8,1,54,1" doraHai="103" who="3" fromWho="3" sc="134,-20,236,-20,183,-20,447,60" owari="114,-39.0,216,2.0,163,-24.0,507,61.0" /></mjloggm>