<mjloggm ver="2.3"><GO type="41" lobby="0"/><UN n0="%70%68%65%6E%6F%6D%65" n1="%E2%93%9D%53%75%70%68%78" n2="%6A%6F%67%61%77%61" n3="%E5%A0%82%E5%B3%B6" dan="15,19,15,13" rate="2072.60,2197.03,2002.80,1949.78" sx="M,M,M,M"/><TAIKYOKU oya="0"/><INIT seed="0,0,0,2,3,60" ten="250,250,250,250" oya="0" hai0="131,87,124,84,73,7,126,55,115,111,108,125,1" hai1="38,31,116,77,28,3,119,27,72,4,46,9,12" hai2="79,53,81,74,13,42,45,129,61,104,67,113,120" hai3="85,82,37,117,17,118,26,109,107,23,132,121,70"/><T64/><D115/><U65/><E31/><V114/><F13/><W24/><G37/><T10/><D73/><U56/><E12/><V93/><F53/><W89/><G107/><T80/><D131/><U98/><E98/><V54/><F54/><W19/><G70/><T63/><D55/><U134/><E134/><V52/><F52/><W88/><G132/><T47/><D47/><U130/><E130/><V48/><F93/><W122/><G109/><N who="0" m="42059" /><D80/><N who="1" m="45095" /><E56/><AGARI ba="0,0" hai="1,7,10,56,63,64,84,87,124,125,126" m="42059" machi="56" ten="40,12000,1" yaku="18,1,14,1,10,1,52,1" doraHai="60" who="0" fromWho="1" sc="250,120,250,-120,250,0,250,0" /><INIT seed="0,1,0,1,0,70" ten="370,130,250,250" oya="0" hai0="84,115,86,105,49,97,121,132,107,44,93,131,124" hai1="43,67,33,71,7,50,42,60,11,126,19,58,64" hai2="27,128,23,29,61,135,118,8,48,113,2,68,41" hai3="73,30,82,94,56,16,127,96,119,134,130,106,89"/><T22/><D115/><U21/><E33/><V14/><F113/><W6/><G119/><T104/><D121/><U123/><E123/><V31/><F2/><W100/><G134/><T80/><D132/><U24/><E126/><V40/><F135/><W65/><G127/><T114/><D124/><U36/><E67/><V90/><F128/><W117/><G117/><T116/><D114/><U74/><E74/><V83/><F31/><W15/><G130/><T20/><D116/><U53/><REACH who="1" step="1"/><E36/><REACH who="1" ten="370,120,250,250" step="2"/><V32/><F32/><W52/><G65/><T37/><D37/><U59/><E59/><V54/><F118/><W77/><G30/><T62/><D131/><U63/><E63/><V103/><F61/><W76/><G6/><T88/><D62/><U75/><E75/><V92/><F68/><W55/><G77/><T9/><D9/><U81/><E81/><V72/><F72/><W13/><G56/><T98/><D86/><U102/><E102/><V78/><F103/><W26/><G26/><T51/><D51/><U66/><E66/><V39/><F39/><W18/><G18/><T99/><REACH who="0" step="1"/><D80/><REACH who="0" ten="360,120,250,250" step="2"/><U110/><E110/><V79/><F83/><W28/><G28/><T38/><D38/><U1/><AGARI ba="1,2" hai="1,7,11,19,21,24,42,43,50,53,58,60,64,71" machi="1" ten="20,5200,0" yaku="1,1,0,1,7,1,53,1" doraHai="70" doraHaiUra="17" who="1" fromWho="1" sc="360,-27,120,75,250,-14,250,-14" /><INIT seed="1,0,0,0,3,5" ten="333,195,236,236" oya="1" hai0="81,55,9,29,79,85,45,114,76,117,132,75,74" hai1="99,86,20,25,68,13,128,43,3,121,51,57,33" hai2="49,72,97,52,56,26,94,40,32,64,91,31,135" hai3="78,30,96,53,127,65,73,130,23,131,38,95,70"/><U100/><E121/><V2/><F135/><W77/><G127/><T104/><D114/><U22/><E3/><V101/><F2/><W44/><G70/><T89/><D117/><U98/><E68/><V82/><F64/><W107/><G107/><T19/><D132/><U21/><E128/><N who="3" m="49194" /><G65/><T112/><D104/><U88/><E33/><V4/><F4/><W48/><G38/><T6/><D112/><U69/><E69/><V61/><F72/><W27/><G73/><T84/><D29/><U125/><E125/><V11/><F11/><W0/><G0/><T83/><D19/><U62/><E13/><V108/><F108/><W111/><G111/><T122/><D122/><U8/><E8/><V7/><F7/><W92/><G92/><T47/><D55/><N who="1" m="34111" /><E100/><AGARI ba="0,0" hai="23,27,30,44,48,53,77,78,95,96,100" m="49194" machi="100" ten="30,1000,0" yaku="19,1" doraHai="5" who="3" fromWho="1" sc="333,0,195,-10,236,0,236,10" /><INIT seed="2,0,0,1,4,14" ten="333,185,236,246" oya="2" hai0="46,97,120,126,1,64,81,103,0,128,49,75,131" hai1="100,37,59,42,86,7,43,123,11,122,93,85,80" hai2="39,77,92,67,4,124,10,36,13,15,135,61,63" hai3="99,28,91,55,88,33,21,94,25,102,116,38,19"/><V87/><F124/><W117/><G38/><T9/><D64/><U112/><E112/><V121/><F121/><N who="1" m="46089" /><E59/><V108/><F135/><W57/><G117/><T47/><D126/><U69/><E69/><V74/><F74/><W125/><G116/><T111/><D111/><U101/><E93/><V22/><F108/><W20/><G125/><T95/><D47/><N who="1" m="24015" /><E43/><V132/><F132/><W29/><G33/><T76/><D120/><U17/><E86/><V60/><F67/><W73/><G73/><T30/><D30/><N who="3" m="11881" /><G20/><T62/><D62/><AGARI ba="0,0" hai="19,21,25,55,57,62,88,91,94,99,102" m="11881" machi="62" ten="30,3900,0" yaku="8,1,52,1,54,1" doraHai="14" who="3" fromWho="0" sc="333,-39,185,0,236,0,246,39" /><INIT seed="3,0,0,5,2,56" ten="294,185,236,285" oya="3" hai0="55,50,85,9,24,105,61,62,43,63,4,113,89" hai1="84,45,102,75,64,8,12,98,125,81,22,41,91" hai2="32,49,94,73,128,7,17,110,25,6,70,96,47" hai3="67,40,66,20,109,42,117,119,74,39,29,127,35"/><W82/><G35/><T38/><D105/><U126/><E22/><V10/><F110/><W135/><G29/><T19/><D113/><U100/><E64/><N who="3" m="24618" /><G20/><N who="0" m="13343" /><D43/><N who="3" m="16425" /><G82/><N who="0" m="49335" /><D38/><U5/><E75/><V120/><F73/><W2/><G2/><T33/><D33/><U1/><E1/><V106/><F70/><W26/><G26/><T16/><D4/><U130/><E130/><V116/><F128/><W76/><G76/><T57/><D50/><U36/><REACH who="1" step="1"/><E102/><REACH who="1" ten="294,175,236,285" step="2"/><N who="2" m="60695" /><F120/><W121/><G74/><T88/><D88/><U101/><E101/><V114/><F32/><W92/><G121/><T59/><D55/><U131/><E131/><V58/><F25/><W107/><G109/><T21/><D9/><U28/><E28/><V51/><F10/><W48/><G119/><T83/><D83/><U15/><E15/><AGARI ba="0,1" hai="15,16,21,57,59,61,62,63" m="49335,13343" machi="15" ten="30,8000,1" yaku="8,1,52,3,54,1" doraHai="56" who="0" fromWho="1" sc="294,90,175,-80,236,0,285,0" /><INIT seed="4,0,0,2,0,81" ten="384,95,236,285" oya="0" hai0="103,68,50,66,15,53,48,100,82,47,37,64,67" hai1="135,123,102,9,63,101,0,38,104,113,79,110,130" hai2="105,5,118,51,84,36,26,2,56,49,42,133,132" hai3="75,111,74,45,76,28,129,96,109,4,12,60,89"/><T41/><D68/><U88/><E123/><V98/><F118/><W134/><G28/><T90/><D37/><U87/><E110/><V124/><F124/><W22/><G45/><T115/><D115/><U25/><E38/><V69/><F69/><W31/><G4/><T126/><D126/><U99/><E130/><V16/><F36/><W33/><G33/><T27/><D27/><U62/><E135/><N who="2" m="51787" /><F5/><W125/><G134/><T108/><D108/><U30/><E102/><N who="2" m="62679" /><F2/><W70/><G125/><T93/><D82/><U10/><E79/><V24/><F24/><W128/><G76/><T39/><D15/><U97/><E97/><V32/><F42/><W58/><G89/><T14/><D14/><U122/><E122/><V20/><F32/><W57/><G96/><N who="0" m="57399" /><D39/><U121/><E113/><V7/><F7/><W21/><G12/><T114/><D114/><U35/><E121/><V80/><F56/><AGARI ba="0,0" hai="41,47,48,50,53,56,64,66,67,100,103" m="57399" machi="56" ten="30,1500,0" yaku="8,1" doraHai="81" who="0" fromWho="2" sc="384,15,95,0,236,-15,285,0" /><INIT seed="4,1,0,5,5,100" ten="399,95,221,285" oya="0" hai0="89,130,120,134,61,47,71,33,68,115,43,66,95" hai1="25,82,56,2,132,45,78,123,35,8,119,12,97" hai2="7,84,37,74,93,14,32,24,127,50,98,44,64" hai3="131,21,41,110,31,117,77,108,49,30,39,125,11"/><T83/><D120/><U92/><E132/><V1/><F74/><W124/><G39/><T129/><D33/><U106/><E2/><V62/><F37/><W22/><G77/><T28/><D28/><N who="3" m="10793" /><G41/><T114/><D83/><U18/><E119/><V34/><F1/><W118/><G49/><N who="0" m="26879" /><D95/><U13/><E123/><V42/><F127/><N who="3" m="48715" /><G11/><T59/><D89/><U81/><E81/><V103/><F24/><W122/><G131/><N who="0" m="50187" /><D134/><U6/><E82/><V23/><F84/><W75/><G75/><T91/><D91/><U15/><E78/><V0/><F0/><W111/><G122/><T20/><D20/><AGARI ba="1,0" hai="20,21,22,108,110,111,117,118" m="48715,10793" machi="20" ten="40,8000,1" yaku="28,2,18,1,34,2" doraHai="100" who="3" fromWho="0" sc="399,-83,95,0,221,0,285,83" /><INIT seed="5,0,0,3,3,0" ten="316,95,221,368" oya="1" hai0="28,54,60,113,85,105,128,58,89,86,76,72,131" hai1="9,7,90,57,41,25,68,74,123,88,37,31,18" hai2="101,106,3,84,109,96,108,78,122,107,47,70,52" hai3="44,102,59,98,126,75,6,133,15,17,134,73,48"/><U29/><E68/><V124/><F70/><W119/><G59/><T51/><D113/><U39/><E123/><V121/><F3/><W95/><G126/><T34/><D105/><U82/><E18/><V46/><F52/><N who="3" m="29703" /><G6/><T92/><D72/><U5/><E57/><V11/><F11/><N who="3" m="6399" /><G119/><T32/><D34/><U97/><E41/><V38/><F38/><W56/><G56/><T27/><D60/><U127/><E9/><V64/><F64/><W23/><G23/><T132/><D132/><AGARI ba="0,0" hai="73,75,95,98,102,132,133,134" m="6399,29703" machi="132" ten="30,2000,0" yaku="20,1,54,1" doraHai="0" who="3" fromWho="0" sc="316,-20,95,0,221,0,368,20" /><INIT seed="6,0,0,4,1,14" ten="296,95,221,388" oya="2" hai0="55,76,62,119,134,132,117,45,69,54,113,41,103" hai1="105,66,127,49,81,111,71,31,73,5,3,26,126" hai2="61,63,29,42,106,19,24,1,17,32,44,30,90" hai3="37,128,124,51,130,108,48,93,94,135,60,72,65"/><V23/><F106/><W52/><G72/><T67/><D76/><U15/><E49/><N who="3" m="19018" /><G37/><N who="0" m="21679" /><D103/><U107/><E15/><V82/><F1/><W88/><G108/><T133/><D113/><U46/><E46/><V59/><F61/><W34/><G34/><T98/><D98/><U58/><E58/><V7/><F7/><W33/><G33/><T22/><D22/><U112/><E112/><V75/><F32/><W8/><G8/><T43/><D43/><U96/><E111/><V77/><F30/><W10/><G10/><T9/><D9/><U87/><E5/><V122/><F90/><W86/><G135/><T18/><D18/><U85/><E107/><V84/><F75/><W2/><G2/><T102/><D102/><U13/><E3/><V115/><F122/><W0/><G0/><T53/><AGARI ba="0,0" hai="53,54,55,62,67,69,117,119,132,133,134" m="21679" machi="53" ten="40,5200,0" yaku="20,1,34,2" doraHai="14" who="0" fromWho="0" sc="296,52,95,-13,221,-26,388,-13" /><INIT seed="7,0,0,2,5,25" ten="348,82,195,375" oya="3" hai0="4,76,135,10,28,30,66,126,35,19,44,48,116" hai1="3,72,62,131,77,31,124,50,96,0,87,29,18" hai2="65,41,80,125,98,85,93,127,115,20,53,11,68" hai3="100,57,9,109,97,34,101,112,5,103,114,102,32"/><W21/><G109/><T88/><D116/><U14/><E72/><V86/><F41/><W47/><G21/><T54/><D35/><N who="3" m="13353" /><G57/><T84/><D126/><N who="2" m="48138" /><F115/><N who="3" m="44075" /><G47/><T120/><D120/><U38/><E124/><V39/><F39/><W121/><G121/><T123/><D123/><U111/><E131/><V67/><F53/><W106/><G103/><T78/><D19/><U23/><E111/><V46/><F46/><W40/><G40/><T79/><D66/><N who="2" m="25098" /><F68/><W43/><G43/><T51/><D51/><U36/><E36/><V52/><F52/><W130/><G130/><T71/><D71/><U118/><E38/><V2/><F20/><W113/><G113/><T119/><D119/><U92/><E118/><V73/><F2/><W16/><G16/><T42/><D42/><U129/><E129/><V105/><F105/><W75/><G75/><T81/><REACH who="0" step="1"/><D135/><REACH who="0" ten="338,82,195,375" step="2"/><U133/><E133/><V107/><F11/><W17/><G17/><T128/><D128/><U56/><E50/><V91/><F107/><W12/><AGARI ba="0,1" hai="5,9,12,97,100,101,102,106" m="44075,13353" machi="12" ten="30,1500,0" yaku="15,1" doraHai="25" who="3" fromWho="3" sc="338,-5,82,-5,195,-5,375,25" owari="333,13.0,77,-42.0,190,-21.0,400,50.0" /></mjloggm>