<mjloggm ver="2.3"><GO type="41" lobby="0"/><UN n0="%73%61%74%6F%63%68%69" n1="%E2%93%9D%53%75%70%68%78" n2="%E3%80%8C%E3%83%92%E3%83%AD%E3%80%8D%34%30" n3="%6D%6F%72%69%6B%6F" dan="14,19,15,14" rate="1934.17,2211.20,1985.45,1937.39" sx="M,M,M,M"/><TAIKYOKU oya="0"/><INIT seed="0,0,0,3,5,81" ten="250,250,250,250" oya="0" hai0="19,38,54,107,44,101,57,90,55,121,117,72,93" hai1="116,40,82,27,120,85,76,20,35,46,34,11,91" hai2="7,25,0,41,103,23,18,73,8,104,102,124,47" hai3="115,53,21,59,89,112,71,83,3,68,97,92,78"/><T51/><D121/><U5/><E116/><V105/><F124/><W17/><G3/><T26/><D72/><U99/><E120/><V29/><F103/><W66/><G66/><T13/><D38/><U132/><E132/><V63/><F102/><W77/><G77/><T9/><D117/><U48/><E99/><V31/><F31/><W108/><G108/><T109/><D109/><U126/><E91/><V84/><F73/><W122/><G122/><T87/><D107/><U65/><E65/><V69/><F29/><W95/><G95/><T33/><D101/><U32/><E126/><V134/><F134/><W111/><G111/><T6/><D33/><U22/><REACH who="1" step="1"/><E27/><REACH who="1" ten="250,240,250,250" step="2"/><V70/><F25/><W96/><G97/><T79/><D26/><U1/><AGARI ba="0,1" hai="1,5,11,20,22,32,34,35,40,46,48,76,82,85" machi="1" ten="30,7900,0" yaku="1,1,2,1,0,1,52,1,53,0" doraHai="81" doraHaiUra="133" who="1" fromWho="1" sc="250,-39,240,89,250,-20,250,-20" /><INIT seed="1,0,0,5,1,58" ten="211,329,230,230" oya="1" hai0="10,117,91,54,134,128,49,66,81,63,41,32,30" hai1="110,21,7,113,52,120,105,50,36,79,45,53,85" hai2="132,13,107,133,101,74,119,95,135,98,51,111,40" hai3="126,43,57,34,25,20,39,15,77,68,67,73,0"/><U19/><E113/><V83/><F119/><W78/><G34/><T116/><D128/><U5/><E105/><V82/><F111/><W18/><G68/><T115/><D41/><U84/><E120/><V33/><F33/><W3/><G126/><T24/><D115/><U71/><E36/><V122/><F122/><W125/><G125/><T23/><D134/><U103/><E71/><V99/><F13/><W55/><G67/><T29/><D10/><U64/><E64/><V102/><F40/><W48/><G77/><T114/><D114/><U80/><E103/><V62/><F51/><W14/><G14/><T4/><D4/><U94/><E53/><V11/><F11/><W75/><G78/><T16/><D32/><U59/><E45/><V131/><F62/><W123/><G25/><T86/><D116/><U124/><E110/><V92/><F131/><W108/><G108/><T70/><REACH who="0" step="1"/><D117/><REACH who="0" ten="201,329,230,230" step="2"/><U61/><E124/><V17/><F133/><W26/><G43/><T69/><D69/><U12/><E50/><V31/><F135/><W60/><G39/><T44/><AGARI ba="0,1" hai="16,23,24,29,30,44,49,54,63,66,70,81,86,91" machi="44" ten="20,8000,1" yaku="1,1,0,1,7,1,52,1,54,1,53,0" doraHai="58" doraHaiUra="35" who="0" fromWho="0" sc="201,90,329,-40,230,-20,230,-20" /><INIT seed="2,0,0,4,0,41" ten="291,289,210,210" oya="2" hai0="33,25,88,48,20,128,31,96,62,19,99,7,91" hai1="30,36,122,120,79,132,75,60,51,1,114,9,46" hai2="66,74,35,38,94,44,118,53,83,49,17,92,104" hai3="119,56,123,78,65,57,106,84,12,43,18,71,52"/><V40/><F118/><W97/><G123/><N who="1" m="47146" /><E114/><V70/><F104/><W61/><G119/><T115/><D115/><U133/><E30/><V28/><F17/><W131/><G131/><T135/><D128/><U13/><E60/><V116/><F116/><W32/><G32/><T8/><D135/><N who="1" m="51787" /><E36/><V121/><F121/><W134/><G134/><T81/><D62/><U101/><E101/><V130/><F130/><W2/><G2/><T76/><D48/><U110/><E110/><V21/><F35/><W15/><G15/><T85/><D99/><U3/><E79/><V113/><F66/><W24/><G24/><T29/><D96/><U86/><E86/><V107/><F70/><W47/><G97/><T93/><D93/><U82/><E82/><V34/><F34/><W27/><G27/><T14/><D31/><U124/><E75/><V22/><F28/><W108/><G108/><T63/><REACH who="0" step="1"/><D63/><REACH who="0" ten="281,289,210,210" step="2"/><U42/><E124/><V45/><F113/><W4/><G61/><T80/><D80/><U112/><E112/><V68/><F107/><W109/><G109/><T102/><D102/><U125/><E125/><V73/><F68/><W6/><G71/><T117/><D117/><U95/><E95/><N who="2" m="36395" /><F83/><W58/><G106/><T16/><D16/><AGARI ba="0,1" hai="1,3,9,13,16,42,46,51" m="51787,47146" machi="16" ten="30,7700,0" yaku="13,1,20,1,52,1,54,1" doraHai="41" who="1" fromWho="0" sc="281,-77,289,87,210,0,210,0" /><INIT seed="3,0,0,1,2,124" ten="204,376,210,210" oya="3" hai0="79,75,27,123,57,102,15,4,37,126,17,49,78" hai1="132,112,53,59,26,120,89,21,109,103,84,128,66" hai2="83,106,125,68,8,51,82,99,0,47,46,67,25" hai3="135,64,96,2,122,115,28,50,42,22,20,23,113"/><W95/><G122/><T41/><D37/><U6/><E109/><V90/><F125/><W9/><G135/><T74/><D123/><U71/><E112/><V92/><F106/><W97/><G64/><T133/><D126/><U10/><E103/><V93/><F25/><W52/><G42/><T111/><D133/><U55/><E71/><V13/><F0/><W58/><G28/><T72/><D111/><U18/><E128/><V34/><F34/><W134/><G134/><T119/><D119/><U12/><E120/><V117/><F47/><W32/><G32/><T62/><D102/><U14/><E132/><V110/><F117/><W3/><G97/><T38/><D38/><U36/><E36/><V88/><F67/><W80/><G80/><T76/><D4/><U94/><E66/><V24/><F24/><W121/><G121/><T105/><D105/><U114/><E114/><V65/><F65/><W108/><G3/><T54/><D27/><U7/><E59/><V30/><F30/><W63/><G63/><T16/><D15/><U100/><E100/><V45/><F45/><W35/><G35/><T19/><D41/><U104/><E104/><V61/><F61/><AGARI ba="0,0" hai="16,17,19,49,54,57,61,62,72,74,75,76,78,79" machi="61" ten="50,6400,0" yaku="29,2,54,1" doraHai="124" who="0" fromWho="2" sc="204,64,376,0,210,-64,210,0" /><INIT seed="4,0,0,4,4,70" ten="268,376,146,210" oya="0" hai0="50,64,24,85,124,1,69,14,28,57,113,15,54" hai1="76,104,68,44,93,42,20,30,0,134,119,48,98" hai2="121,72,8,78,80,84,118,4,110,66,90,12,86" hai3="88,126,100,123,122,71,29,46,120,79,3,34,6"/><T97/><D1/><U37/><E119/><V109/><F121/><W112/><G71/><T111/><D113/><U135/><E0/><V41/><F118/><W63/><G100/><T81/><D124/><U38/><E104/><V56/><F72/><W108/><G108/><T60/><D97/><U125/><E76/><V2/><F2/><W22/><G79/><T61/><D60/><U40/><E40/><V96/><F96/><W62/><G112/><T11/><D111/><U77/><E77/><V58/><F58/><W129/><G126/><T114/><D114/><U10/><E10/><V36/><F56/><W89/><G34/><T132/><D132/><N who="1" m="50731" /><E68/><V74/><F66/><W101/><G101/><T65/><D69/><U27/><E125/><V105/><F105/><W17/><G29/><T7/><D15/><U92/><E92/><V107/><F107/><W45/><G129/><T83/><D61/><N who="3" m="23049" /><G6/><T32/><REACH who="0" step="1"/><D81/><REACH who="0" ten="258,376,146,210" step="2"/><U53/><E98/><V131/><F110/><W82/><G3/><T35/><D35/><U33/><E33/><V127/><F127/><W94/><G82/><T116/><D116/><U59/><E93/><N who="2" m="54471" /><F109/><W95/><G94/><T16/><D16/><U39/><AGARI ba="0,1" hai="20,27,30,37,38,39,42,44,48,53,59" m="50731" machi="39" ten="30,7900,0" yaku="20,1,52,3" doraHai="70" who="1" fromWho="1" sc="258,-39,376,89,146,-20,210,-20" /><INIT seed="5,0,0,1,2,32" ten="219,465,126,190" oya="1" hai0="66,25,16,123,105,130,132,53,17,69,116,95,57" hai1="101,54,98,38,80,36,87,33,76,111,88,84,26" hai2="47,74,59,117,81,82,43,72,99,71,85,96,1" hai3="78,131,93,67,103,24,135,112,134,126,52,11,79"/><U44/><E111/><V6/><F117/><W128/><G112/><T97/><D116/><U27/><E33/><V113/><F71/><W51/><G67/><T40/><D123/><U15/><E38/><V3/><F59/><W106/><G106/><T121/><D105/><U14/><E36/><V5/><F113/><W92/><G24/><N who="1" m="9258" /><E98/><N who="2" m="37419" /><F47/><W21/><G21/><T4/><D121/><U89/><E101/><V0/><F85/><W8/><G126/><T29/><D130/><N who="3" m="49705" /><G103/><T31/><D132/><N who="3" m="50729" /><G11/><T61/><D40/><U86/><E86/><V75/><F43/><W133/><G8/><T120/><D4/><AGARI ba="0,0" hai="0,1,3,4,5,6,72,74,75,81,82" m="37419" machi="4" ten="40,8000,1" yaku="28,2,52,3" doraHai="32" who="2" fromWho="0" sc="219,-80,465,0,126,80,190,0" /><INIT seed="6,0,0,0,0,133" ten="139,465,206,190" oya="2" hai0="114,82,38,43,106,25,65,19,79,4,8,12,66" hai1="52,126,127,124,56,57,129,55,95,103,45,134,94" hai2="96,32,75,28,121,61,113,80,42,71,67,132,110" hai3="125,7,41,35,77,117,89,30,118,3,46,68,13"/><V44/><F132/><W22/><G68/><T78/><D106/><U37/><E134/><V130/><F121/><W83/><G89/><T115/><D38/><U40/><E129/><V29/><F130/><W131/><G131/><T27/><D43/><U116/><E116/><V47/><F113/><N who="0" m="43018" /><D82/><U102/><E57/><V17/><F110/><W48/><G125/><T91/><D91/><U63/><E55/><V122/><F122/><W20/><G20/><T104/><D104/><U92/><AGARI ba="0,0" hai="37,40,45,52,56,63,92,94,95,102,103,124,126,127" machi="92" ten="40,12000,2" yaku="0,1,18,1,52,3,54,1" doraHai="133" who="1" fromWho="1" sc="139,-30,465,120,206,-60,190,-30" /><INIT seed="7,0,0,0,2,120" ten="109,585,146,160" oya="3" hai0="132,110,101,68,86,32,114,107,12,37,133,13,111" hai1="7,5,118,99,61,134,35,85,36,78,64,75,80" hai2="16,77,6,115,25,119,109,40,0,21,90,53,65" hai3="129,52,24,98,73,33,31,70,91,92,94,76,104"/><W29/><G70/><T48/><D37/><U60/><E134/><N who="0" m="51817" /><D114/><U17/><E118/><V123/><F109/><N who="0" m="41482" /><D68/><U87/><E17/><V56/><F123/><W103/><G31/><T34/><D107/><U113/><E61/><V102/><F119/><W58/><G129/><T121/><D121/><U18/><E60/><V23/><F65/><W28/><G28/><T8/><D101/><U19/><E80/><V11/><F115/><W59/><G59/><T79/><D48/><U2/><E36/><V71/><F71/><W96/><G76/><T88/><D79/><U124/><E78/><V44/><F102/><W50/><REACH who="3" step="1"/><G104/><REACH who="3" ten="109,585,146,150" step="2"/><T72/><D72/><AGARI ba="0,1" hai="24,29,33,50,52,58,72,73,91,92,94,96,98,103" machi="72" ten="40,7700,0" yaku="1,1,2,1,54,1,53,0" doraHai="120" doraHaiUra="81" who="3" fromWho="0" sc="109,-77,585,0,146,0,150,87" /><INIT seed="7,1,0,5,5,38" ten="32,585,146,237" oya="3" hai0="20,56,2,43,30,67,33,29,77,104,11,98,37" hai1="69,73,85,72,23,58,59,79,4,57,64,61,89" hai2="128,96,99,70,19,107,25,113,129,50,47,9,130" hai3="135,75,118,122,81,126,60,49,21,22,90,78,131"/><W17/><G122/><T13/><D77/><U7/><E79/><V95/><F70/><W10/><G118/><T102/><D67/><U97/><E97/><V12/><F113/><W8/><G126/><T32/><D56/><U26/><E73/><V36/><F36/><W39/><G39/><T121/><D37/><U76/><E76/><V111/><F111/><W94/><G135/><T124/><D104/><U68/><E72/><V101/><F25/><W6/><G131/><T116/><D98/><U112/><E112/><V92/><REACH who="2" step="1"/><F99/><REACH who="2" ten="32,585,136,237" step="2"/><W91/><G6/><N who="0" m="1495" /><D102/><U18/><REACH who="1" step="1"/><E69/><REACH who="1" ten="32,575,136,237" step="2"/><V40/><AGARI ba="1,2" hai="9,12,19,40,47,50,92,95,96,101,107,128,129,130" machi="40" ten="30,7900,0" yaku="1,1,0,1,19,1,52,1,53,0" doraHai="38" doraHaiUra="65" who="2" fromWho="2" sc="32,-21,575,-21,136,102,237,-40" owari="11,-49.0,554,65.0,238,4.0,197,-20.0" /></mjloggm>