<mjloggm ver="2.3"><GO type="41" lobby="0"/><UN n0="%54%2C%49%2E" n1="%E2%93%9D%53%75%70%68%78" n2="%61%72%69%75%6D%61%35%39" n3="%E6%9D%91%E4%B8%8A%E5%B7%B4%EF%BC%B0%2E" dan="14,19,15,14" rate="1940.43,2184.39,2041.37,1922.01" sx="M,M,M,F"/><TAIKYOKU oya="0"/><INIT seed="0,0,0,2,1,59" ten="250,250,250,250" oya="0" hai0="104,38,25,33,73,39,20,68,131,16,47,13,21" hai1="91,22,93,89,11,110,50,82,126,81,52,103,32" hai2="19,66,96,43,102,48,40,6,46,97,36,10,55" hai3="95,65,128,124,80,26,15,122,101,70,44,135,88"/><T45/><D104/><U78/><E32/><V108/><F108/><W106/><G128/><T7/><D73/><U116/><E126/><V77/><F77/><W42/><G124/><T69/><D131/><U84/><E116/><V64/><F97/><W71/><G135/><T100/><D33/><U60/><E110/><V27/><F43/><W34/><G65/><T67/><D7/><U62/><E103/><V29/><F19/><W90/><G122/><T127/><D127/><U107/><E107/><V123/><F123/><W5/><G106/><T99/><D68/><U109/><E11/><V58/><F27/><W41/><G101/><T63/><D39/><U86/><E22/><V9/><F29/><W129/><G129/><T117/><D117/><U79/><E109/><V4/><F10/><W17/><G5/><T56/><D69/><U92/><E50/><V133/><F133/><W57/><G57/><T54/><D38/><U0/><E52/><V112/><F112/><W120/><G42/><T14/><D14/><U114/><REACH who="1" step="1"/><E0/><REACH who="1" ten="250,240,250,250" step="2"/><V119/><F119/><W83/><G34/><T35/><D35/><U18/><E18/><V31/><F31/><W23/><G120/><T118/><D54/><U49/><E49/><V72/><F6/><W94/><G26/><T53/><D53/><U111/><E111/><V51/><F36/><N who="3" m="21543" /><G71/><T121/><D118/><U30/><E30/><V2/><REACH who="2" step="1"/><F72/><REACH who="2" ten="250,240,240,250" step="2"/><W87/><G70/><T76/><D121/><U132/><E132/><V98/><F98/><W12/><G12/><T113/><D13/><U61/><E61/><V1/><F1/><RYUUKYOKU ba="0,2" sc="250,-30,240,10,240,10,250,10" hai1="60,62,78,79,81,82,84,86,89,91,92,93,114" hai2="2,4,9,40,46,48,51,55,58,64,66,96,102" hai3="15,17,23,80,83,87,88,90,94,95" /><INIT seed="1,1,2,3,4,92" ten="220,250,250,260" oya="1" hai0="78,111,133,70,50,126,129,117,74,1,106,73,49" hai1="71,76,34,82,10,96,128,120,55,97,63,93,27" hai2="5,7,123,23,11,38,69,114,28,2,109,41,125" hai3="47,53,102,9,3,132,75,65,95,122,59,84,17"/><U44/><E120/><V12/><F69/><W37/><G75/><T25/><RYUUKYOKU type="yao9" ba="1,2" sc="220,0,250,0,250,0,260,0" hai0="1,25,49,50,70,73,74,78,106,111,117,126,129,133" /><INIT seed="1,2,2,1,4,10" ten="220,250,250,260" oya="1" hai0="48,34,112,125,133,117,31,98,69,52,119,45,122" hai1="40,37,124,109,56,88,130,103,120,5,13,104,106" hai2="85,121,19,101,92,17,113,110,74,70,36,87,68" hai3="39,91,28,18,99,95,62,107,118,2,9,55,111"/><U66/><E120/><V32/><F74/><W58/><G111/><T115/><D34/><U59/><E109/><V116/><F110/><W94/><G118/><T29/><D69/><U49/><E37/><V47/><F32/><W15/><G107/><T114/><D122/><U93/><E130/><V16/><F121/><W0/><G39/><T102/><D133/><U4/><E103/><V129/><F116/><W73/><G73/><T6/><D125/><U25/><E25/><V131/><F36/><W78/><G78/><T82/><D6/><U57/><E66/><V44/><F101/><W30/><REACH who="3" step="1"/><G95/><REACH who="3" ten="220,250,250,250" step="2"/><T26/><D119/><U135/><E106/><V128/><F92/><W11/><G11/><T1/><D117/><U80/><E104/><V53/><F113/><W54/><G54/><T123/><D123/><U41/><E135/><V77/><F53/><W3/><AGARI ba="2,3" hai="0,2,3,9,15,18,28,30,55,58,62,91,94,99" machi="3" ten="30,4000,0" yaku="1,1,0,1,52,1,53,0" doraHai="10" doraHaiUra="43" who="3" fromWho="3" sc="220,-12,250,-22,250,-12,250,76" /><INIT seed="2,0,0,1,3,104" ten="208,228,238,326" oya="2" hai0="38,52,42,57,35,29,127,53,96,121,129,62,26" hai1="110,11,3,107,87,90,16,21,64,45,132,23,33" hai2="103,58,114,46,98,81,117,116,43,30,75,79,86" hai3="36,78,83,48,101,20,134,112,94,13,28,85,34"/><V17/><F30/><W10/><G36/><T59/><D129/><U44/><E107/><V32/><F32/><W41/><G134/><T109/><D127/><U122/><E33/><V80/><F114/><W65/><G65/><T89/><D109/><U1/><E110/><V74/><F58/><W2/><G112/><T54/><D121/><U93/><E132/><V67/><F67/><W135/><G135/><T7/><D7/><U61/><E23/><V115/><F115/><W100/><G94/><T72/><D72/><N who="2" m="27690" /><F46/><N who="3" m="25679" /><G2/><T18/><D18/><U92/><E45/><V24/><F43/><W118/><G34/><T77/><D77/><U12/><E44/><V68/><F17/><N who="3" m="8375" /><G118/><N who="2" m="45673" /><F24/><AGARI ba="0,0" hai="20,24,28,78,83,85,100,101" m="8375,25679" machi="24" ten="30,1000,0" yaku="8,1" doraHai="104" who="3" fromWho="2" sc="208,0,228,0,238,-10,326,10" /><INIT seed="3,0,0,0,3,17" ten="208,228,228,336" oya="3" hai0="123,44,55,22,84,131,48,125,111,1,90,121,24" hai1="107,38,0,64,21,35,27,119,88,132,49,23,63" hai2="75,92,100,72,58,2,12,89,102,109,74,133,4" hai3="62,127,46,15,8,67,81,91,79,94,42,28,115"/><W106/><G106/><T45/><D125/><U47/><E0/><V98/><F133/><W66/><G28/><T101/><D131/><U52/><E107/><V61/><F2/><W39/><G115/><T26/><D111/><U86/><E132/><V104/><F109/><W36/><G36/><T40/><D101/><U54/><E38/><V14/><F4/><W117/><G127/><T16/><D26/><U122/><E122/><V70/><F70/><W10/><G10/><T129/><D1/><U87/><E87/><V7/><F7/><W93/><G93/><T6/><D6/><U130/><E119/><V56/><F102/><W53/><G53/><T103/><D103/><U19/><E35/><V77/><F58/><W5/><G62/><T50/><REACH who="0" step="1"/><D129/><REACH who="0" ten="198,228,228,336" step="2"/><U33/><E130/><V18/><F104/><W25/><G117/><T96/><D96/><U69/><E33/><V112/><F100/><W30/><G25/><T82/><AGARI ba="0,1" hai="16,22,24,40,44,45,48,50,55,82,84,90,121,123" machi="82" ten="20,8000,1" yaku="1,1,0,1,7,1,52,1,54,1,53,0" doraHai="17" doraHaiUra="3" who="0" fromWho="0" sc="198,90,228,-20,228,-20,336,-40" /><INIT seed="4,0,0,4,2,135" ten="288,208,208,296" oya="0" hai0="106,97,17,19,76,0,126,124,77,128,118,122,98" hai1="67,92,78,84,102,108,85,119,120,14,8,38,44" hai2="57,54,64,114,25,72,133,46,132,100,75,110,104" hai3="70,79,39,4,21,37,103,29,18,116,80,1,71"/><T127/><D118/><U15/><E120/><V23/><F114/><W41/><G103/><N who="0" m="62831" /><D128/><U33/><E33/><V6/><F110/><W74/><G116/><T50/><D122/><U26/><E108/><V113/><F113/><W40/><G29/><T65/><D0/><U11/><E67/><V49/><F6/><W32/><G32/><T48/><D65/><U16/><E119/><V27/><F104/><W52/><G40/><T131/><D131/><U82/><E26/><V42/><F100/><W36/><G52/><T121/><D121/><U51/><E38/><V99/><F99/><W3/><G41/><T90/><D90/><U10/><E15/><V34/><F64/><W59/><G59/><T13/><D98/><N who="1" m="59719" /><E85/><V88/><F34/><W24/><REACH who="3" step="1"/><G4/><REACH who="3" ten="288,208,208,286" step="2"/><T125/><D124/><U91/><E78/><N who="0" m="30313" /><D19/><U61/><E61/><V45/><F42/><AGARI ba="0,1" hai="8,10,11,14,16,42,44,51,82,84,91" m="59719" machi="42" ten="30,2000,0" yaku="8,1,54,1" doraHai="135" who="1" fromWho="2" sc="288,0,208,30,208,-20,286,0" /><INIT seed="5,0,0,5,3,133" ten="288,238,188,286" oya="1" hai0="5,28,129,51,73,103,16,130,6,102,82,75,114" hai1="107,52,126,69,27,44,90,59,32,38,68,33,62" hai2="37,18,125,46,135,50,119,87,95,21,91,48,67" hai3="77,39,134,86,30,45,81,98,71,40,41,7,84"/><U23/><E107/><V9/><F135/><W14/><G134/><T22/><D114/><U104/><E104/><V79/><F119/><W127/><G71/><T78/><D73/><U116/><E116/><V63/><F125/><W123/><G41/><T122/><D28/><U56/><E126/><V66/><F37/><W24/><G127/><T106/><D51/><U76/><E76/><V2/><F50/><W113/><G113/><T36/><D36/><U88/><E59/><V61/><F79/><W108/><G108/><T19/><D19/><U96/><E69/><V83/><F9/><W85/><G123/><T131/><D122/><U42/><E68/><V12/><F2/><W57/><G57/><T120/><D120/><U11/><E11/><V4/><F4/><N who="0" m="1642" /><D106/><U58/><E58/><V110/><F110/><W115/><G115/><T132/><D132/><U26/><E26/><AGARI ba="0,0" hai="16,22,26,75,78,82,102,103,129,130,131" m="1642" machi="26" ten="30,2000,0" yaku="19,1,54,1" doraHai="133" who="0" fromWho="1" sc="288,20,238,-20,188,0,286,0" /><INIT seed="6,0,0,0,5,1" ten="308,218,188,286" oya="2" hai0="43,124,129,89,115,135,3,50,104,59,92,57,22" hai1="63,103,29,123,54,114,75,31,66,67,24,102,95" hai2="99,5,77,87,12,21,30,48,70,47,69,118,44" hai3="121,34,61,37,20,45,6,36,90,8,14,74,133"/><V122/><F122/><W98/><G121/><T58/><D104/><U72/><E123/><V111/><F118/><W19/><G74/><T17/><D3/><U101/><E114/><V26/><F111/><W113/><G133/><T110/><D110/><U39/><E39/><V52/><F47/><W46/><G34/><T94/><D129/><U55/><E95/><V100/><F87/><W82/><G113/><T11/><D124/><U2/><E2/><V49/><F49/><W117/><G61/><T120/><D135/><U7/><E24/><V93/><REACH who="2" step="1"/><F77/><REACH who="2" ten="308,218,178,286" step="2"/><W107/><G117/><T106/><D120/><U128/><E128/><V125/><F125/><W0/><G45/><T96/><D50/><U132/><E132/><V126/><F126/><W88/><G46/><T4/><D115/><U65/><E75/><V9/><AGARI ba="0,1" hai="5,9,12,21,26,30,44,48,52,69,70,93,99,100" machi="9" ten="30,11700,0" yaku="1,1,0,1,52,1,54,1,53,0" doraHai="1" doraHaiUra="73" who="2" fromWho="2" sc="308,-39,218,-39,178,127,286,-39" /><INIT seed="6,1,0,0,5,84" ten="269,179,305,247" oya="2" hai0="51,130,86,39,37,89,68,82,34,41,8,102,134" hai1="66,36,17,24,77,49,65,109,18,111,90,4,20" hai2="23,107,61,67,7,50,116,32,108,43,53,118,81" hai3="15,96,13,22,98,46,31,33,60,126,123,85,99"/><V58/><F107/><W21/><G126/><T42/><D68/><U14/><E36/><V3/><F32/><W1/><G1/><T28/><D102/><U129/><E129/><V135/><F3/><W35/><G123/><T79/><D134/><U47/><E77/><V97/><F7/><W75/><G75/><T26/><D41/><U80/><E4/><V121/><F121/><W105/><G105/><T54/><D42/><U27/><E111/><V0/><F0/><W9/><G60/><T16/><D79/><U44/><E109/><V119/><F108/><W122/><G46/><N who="0" m="28023" /><D130/><U5/><E5/><V45/><F135/><W74/><G74/><T29/><D29/><U6/><E6/><V110/><F110/><W95/><G122/><T114/><D114/><U93/><E80/><V78/><F23/><W112/><G33/><T124/><D124/><U120/><E47/><V12/><F12/><AGARI ba="1,0" hai="8,12,16,26,28,34,37,39,82,86,89" m="28023" machi="12" ten="30,3900,0" yaku="25,1,52,1,54,1" doraHai="84" who="0" fromWho="2" sc="269,42,179,0,305,-42,247,0" /><INIT seed="7,0,0,3,5,110" ten="311,179,263,247" oya="3" hai0="52,98,69,90,64,96,65,76,33,66,105,74,60" hai1="23,84,47,0,57,56,102,42,103,86,101,45,5" hai2="129,104,81,119,73,67,25,113,97,63,118,7,36" hai3="58,15,120,28,49,31,16,26,87,107,91,43,99"/><W134/><G120/><T24/><D96/><U116/><E0/><V122/><F36/><W77/><G77/><T124/><D124/><U41/><E5/><V29/><F7/><W128/><G134/><T53/><D76/><U50/><E23/><V6/><F6/><W21/><G128/><T51/><D74/><U12/><E12/><V70/><F129/><W48/><G28/><N who="0" m="19591" /><D90/><U68/><E68/><V95/><F122/><W46/><G107/><T106/><D106/><U62/><E116/><V75/><F81/><W3/><G3/><T13/><D13/><U127/><E127/><V27/><F27/><W71/><G71/><T93/><D93/><U54/><REACH who="1" step="1"/><E57/><REACH who="1" ten="311,169,263,247" step="2"/><V94/><F119/><W14/><G58/><N who="0" m="33055" /><D53/><U130/><E130/><V78/><F118/><W10/><G15/><T89/><D69/><U108/><E108/><V79/><F70/><W131/><G131/><T72/><D66/><U85/><E85/><V83/><F67/><W126/><G126/><T111/><D65/><U35/><E35/><V34/><F34/><W100/><G99/><T9/><D64/><U18/><E18/><V11/><F97/><W22/><G22/><T88/><D98/><U135/><E135/><V32/><F32/><W39/><G100/><T44/><D72/><U109/><E109/><V123/><F75/><W4/><G4/><T55/><D9/><U117/><E117/><V8/><F8/><W19/><REACH who="3" step="1"/><G19/><REACH who="3" ten="311,169,263,237" step="2"/><T2/><D2/><U82/><E82/><AGARI ba="0,2" hai="10,14,16,21,26,31,39,43,46,48,49,82,87,91" machi="82" ten="30,11600,0" yaku="1,1,2,1,7,1,54,1,53,0" doraHai="110" doraHaiUra="1" who="3" fromWho="1" sc="311,0,169,-116,263,0,237,136" owari="311,11.0,53,-45.0,263,-14.0,373,48.0" /></mjloggm>