<mjloggm ver="2.3"><GO type="41" lobby="0"/><UN n0="%61%72%69%75%6D%61%35%39" n1="%E2%93%9D%53%75%70%68%78" n2="%48%41%4C%4C%55%58" n3="%E5%B1%B1%E5%A4%96%E5%B0%8F%E6%A5%BC%E4%BB%BB%E5%90%AC%E9%9B%A8" dan="15,19,13,14" rate="2028.71,2146.97,1890.72,1865.48" sx="M,M,M,M"/><TAIKYOKU oya="0"/><INIT seed="0,0,0,1,2,122" ten="250,250,250,250" oya="0" hai0="4,38,110,1,101,60,94,132,93,59,84,19,127" hai1="130,92,58,105,2,24,44,90,62,41,103,3,129" hai2="78,23,35,111,46,17,82,109,87,14,56,73,54" hai3="83,67,134,9,64,113,49,74,102,27,72,69,48"/><T89/><D38/><U106/><E24/><V53/><F35/><W33/><G113/><T11/><D127/><U28/><E28/><V97/><F97/><W5/><G102/><T114/><D114/><U25/><E25/><V40/><F73/><W80/><G134/><T120/><D132/><U100/><E58/><V8/><F8/><W50/><G69/><T119/><D120/><U55/><E55/><V63/><REACH who="2" step="1"/><F54/><REACH who="2" ten="250,250,240,250" step="2"/><W16/><G33/><T118/><D118/><U0/><E106/><V31/><F31/><W121/><G121/><T20/><D119/><U45/><E105/><V7/><F7/><W128/><G74/><T124/><D124/><U98/><E103/><V107/><F107/><W10/><G72/><T65/><D101/><U66/><E100/><V108/><F108/><W61/><G5/><T6/><D6/><U117/><E117/><V125/><F125/><W91/><G9/><T123/><D110/><U76/><E98/><V79/><F79/><W86/><G10/><T115/><D115/><U29/><E76/><V39/><AGARI ba="0,1" hai="14,17,23,39,40,46,53,56,63,78,82,87,109,111" machi="39" ten="30,8000,1" yaku="1,1,0,1,52,2,53,1" doraHai="122" doraHaiUra="52" who="2" fromWho="2" sc="250,-40,250,-20,240,90,250,-20" /><INIT seed="1,0,0,0,1,64" ten="210,230,330,230" oya="1" hai0="18,83,95,5,32,129,130,93,67,43,131,25,98" hai1="111,103,91,9,14,90,29,20,60,11,59,39,37" hai2="10,27,36,46,122,52,8,73,82,121,74,49,33" hai3="120,109,76,78,2,41,24,127,54,75,85,134,6"/><U12/><E103/><V99/><F99/><W110/><G120/><T45/><D5/><U26/><E111/><N who="3" m="42506" /><G134/><T123/><D123/><U47/><E39/><V88/><F36/><W51/><G127/><T17/><D67/><U114/><E114/><V55/><F33/><W22/><G41/><T104/><D83/><U107/><E107/><V19/><F27/><W4/><G75/><T115/><D115/><U21/><E47/><V40/><F122/><W117/><G117/><T50/><D104/><U72/><E21/><V113/><F113/><W15/><G2/><T56/><D56/><U77/><E77/><N who="3" m="29802" /><G85/><T106/><D106/><U38/><E38/><V92/><F121/><W126/><G126/><T84/><D84/><U68/><E37/><V97/><F82/><W66/><G66/><T42/><D42/><U31/><E72/><V100/><F100/><W71/><G15/><T63/><D63/><U57/><E60/><V70/><F70/><W80/><G80/><T86/><D86/><U119/><E68/><V35/><F35/><W30/><G71/><T102/><REACH who="0" step="1"/><D95/><REACH who="0" ten="200,230,330,230" step="2"/><U101/><E119/><V105/><F105/><W125/><G125/><T34/><D34/><U135/><E135/><V112/><F112/><W53/><G53/><T7/><D7/><U28/><E59/><AGARI ba="0,1" hai="4,6,22,24,30,51,54,59" m="29802,42506" machi="59" ten="30,1000,0" yaku="14,1" doraHai="64" who="3" fromWho="1" sc="200,0,230,-10,330,0,230,20" /><INIT seed="2,0,0,4,5,107" ten="200,220,330,250" oya="2" hai0="6,66,44,115,82,42,0,51,15,72,77,24,53" hai1="29,118,135,37,90,125,26,78,91,11,14,70,119" hai2="126,112,41,80,97,59,61,76,124,65,45,101,21" hai3="104,50,39,55,8,69,87,93,32,74,73,117,10"/><V2/><F112/><W88/><G104/><T1/><D115/><U28/><E37/><V67/><F2/><W62/><G39/><T71/><D15/><U120/><E70/><V13/><F13/><W96/><G32/><T123/><D123/><U79/><E135/><V132/><F21/><W20/><G117/><T105/><D105/><U114/><E114/><V33/><F33/><W84/><G20/><T17/><D6/><U81/><E125/><N who="2" m="48235" /><F132/><W54/><G62/><T36/><D17/><U75/><E120/><V100/><F65/><W68/><G93/><T113/><D113/><U95/><E95/><V131/><F131/><W31/><G96/><T38/><D38/><U109/><E26/><V35/><F97/><W99/><G99/><T86/><D24/><U12/><E81/><V5/><F5/><W103/><G50/><T49/><D86/><U57/><E11/><V58/><F58/><W63/><G63/><N who="0" m="40415" /><D51/><U40/><E57/><AGARI ba="0,0" hai="0,1,36,42,44,49,53,57,72,77,82" m="40415" machi="57" ten="30,2000,0" yaku="24,1,52,1" doraHai="107" who="0" fromWho="1" sc="200,20,220,-20,330,0,250,0" /><INIT seed="3,0,0,0,4,61" ten="220,200,330,250" oya="3" hai0="131,60,20,132,90,62,16,107,113,58,31,35,68" hai1="81,38,94,124,98,40,14,23,104,50,71,66,99" hai2="39,36,89,117,28,105,49,86,57,97,133,82,17" hai3="73,93,122,7,80,48,127,42,26,134,56,11,47"/><W45/><G122/><T88/><D107/><U22/><E38/><V13/><F117/><W111/><G127/><T52/><D131/><U108/><E108/><V63/><F133/><W2/><G134/><T53/><D132/><U119/><E104/><V135/><F135/><W33/><G111/><T30/><D35/><U128/><E81/><V129/><F129/><W130/><G130/><T91/><D113/><U84/><E71/><V9/><F49/><W29/><G56/><N who="0" m="34831" /><D68/><U59/><E124/><V34/><F28/><W85/><G47/><T112/><D112/><U15/><E119/><V19/><F34/><W106/><G106/><T8/><D8/><U43/><E128/><V1/><F19/><W78/><REACH who="3" step="1"/><G93/><REACH who="3" ten="220,200,330,240" step="2"/><T123/><D123/><U74/><E94/><V79/><F105/><W41/><G41/><T4/><D4/><U46/><E43/><V76/><F36/><W64/><G64/><T118/><D118/><U114/><E66/><V44/><F44/><W75/><AGARI ba="0,1" hai="2,7,11,26,29,33,42,45,48,73,75,78,80,85" machi="75" ten="30,3000,0" yaku="1,1,0,1,53,0" doraHai="61" doraHaiUra="10" who="3" fromWho="3" sc="220,-10,200,-10,330,-10,240,40" /><INIT seed="3,1,0,5,4,93" ten="210,190,320,280" oya="3" hai0="31,64,100,33,131,26,83,55,58,27,118,62,80" hai1="69,116,38,3,89,36,73,90,32,121,52,122,72" hai2="9,65,82,21,85,103,66,87,130,125,106,1,18" hai3="132,60,13,127,34,22,63,23,98,0,47,68,19"/><W30/><G127/><T53/><D118/><U50/><E32/><V114/><F114/><W115/><G115/><T45/><D131/><U57/><E3/><V74/><F125/><W109/><G132/><T7/><D7/><U37/><E116/><V108/><F130/><W92/><G68/><T12/><D12/><U102/><E102/><V11/><F108/><W105/><G105/><T84/><D26/><U42/><E69/><V10/><F1/><W35/><G0/><T124/><D124/><U86/><E42/><V25/><F74/><W39/><G109/><T110/><D110/><U134/><E134/><V129/><F129/><W78/><G78/><T17/><D17/><U81/><REACH who="1" step="1"/><E90/><REACH who="1" ten="210,180,320,280" step="2"/><V54/><F103/><W111/><G35/><T133/><D133/><U43/><E43/><V24/><F106/><W104/><G34/><T94/><D100/><U128/><E128/><V79/><F25/><N who="3" m="16695" /><G104/><T76/><D83/><U119/><E119/><V75/><REACH who="2" step="1"/><F54/><REACH who="2" ten="210,180,310,280" step="2"/><W107/><G107/><T123/><D55/><U88/><E88/><V28/><F28/><W117/><G111/><T8/><D53/><U113/><E113/><V16/><F16/><W126/><G126/><T135/><D135/><U112/><E112/><V29/><F29/><W61/><G117/><T70/><D31/><U99/><E99/><V71/><F71/><W4/><G98/><T15/><D70/><U59/><E59/><V101/><F101/><W96/><G96/><T2/><D2/><U67/><E67/><AGARI ba="1,2" hai="9,10,11,18,21,24,65,66,67,75,79,82,85,87" machi="67" ten="40,2600,0" yaku="1,1,53,1" doraHai="93" doraHaiUra="20" who="2" fromWho="1" sc="210,0,180,-29,310,49,280,0" /><INIT seed="4,0,0,3,1,56" ten="210,151,359,280" oya="0" hai0="85,89,106,127,75,114,1,100,78,73,22,102,111" hai1="43,26,66,90,48,50,63,118,132,81,12,34,112" hai2="25,61,86,29,4,95,8,11,128,117,6,84,53" hai3="40,58,74,133,59,103,3,121,80,99,120,72,30"/><T42/><D1/><U93/><E118/><V13/><F128/><W131/><G131/><T55/><D42/><U96/><E132/><V124/><F124/><W32/><G3/><T79/><D22/><U39/><E112/><V57/><F117/><W65/><G133/><T52/><D127/><U28/><E39/><V16/><F95/><W134/><G40/><T10/><D10/><U115/><E115/><V105/><F105/><W77/><G134/><T45/><D45/><U2/><E2/><V116/><F116/><W49/><G72/><N who="0" m="27723" /><D114/><U126/><E126/><V92/><F92/><W62/><G30/><T82/><D55/><U122/><E122/><V37/><F37/><W107/><G32/><T60/><D52/><U9/><E81/><V94/><F94/><W119/><G119/><T15/><D60/><U130/><E130/><V18/><F86/><W35/><G35/><T76/><D15/><U104/><E43/><V135/><F84/><W113/><G113/><T47/><D47/><U108/><E104/><V67/><F67/><W0/><G0/><T33/><D33/><U123/><E123/><N who="3" m="47178" /><G49/><T64/><D64/><U68/><REACH who="1" step="1"/><E108/><REACH who="1" ten="210,141,359,280" step="2"/><V36/><F36/><W24/><G107/><T110/><D106/><U70/><E70/><V54/><F135/><W69/><G80/><T101/><AGARI ba="0,1" hai="76,78,79,82,85,89,100,101,102,110,111" m="27723" machi="101" ten="40,3900,0" yaku="34,2" doraHai="56" who="0" fromWho="0" sc="210,49,141,-13,359,-13,280,-13" /><INIT seed="4,1,0,5,3,82" ten="259,128,346,267" oya="0" hai0="121,124,42,11,67,131,54,4,111,118,70,52,117" hai1="7,112,103,95,129,119,116,100,104,75,99,98,57" hai2="5,94,63,44,49,125,86,101,28,71,133,79,34" hai3="73,105,27,39,88,61,135,83,106,13,36,90,40"/><T123/><D11/><U3/><E7/><V26/><F125/><W48/><G135/><T66/><D4/><U115/><E57/><V18/><F133/><W53/><G27/><T31/><D31/><U55/><E55/><N who="0" m="21033" /><D124/><U120/><E3/><V41/><F101/><W87/><G61/><T126/><D126/><U6/><E6/><V45/><F5/><W30/><G30/><T29/><D29/><U93/><E75/><V17/><F71/><W12/><G73/><T9/><D9/><U78/><E78/><V69/><F63/><W130/><G130/><T102/><D102/><U25/><E25/><V128/><F69/><W33/><G33/><T77/><D77/><U72/><E72/><V22/><F128/><W21/><G40/><T37/><D131/><U20/><E20/><V122/><F122/><N who="0" m="46602" /><D70/><U56/><E129/><V47/><F17/><W0/><G0/><T43/><D37/><U65/><E120/><V91/><REACH who="2" step="1"/><F79/><REACH who="2" ten="259,128,336,267" step="2"/><W107/><G39/><T114/><D67/><U15/><E65/><V59/><F59/><W84/><G36/><T109/><D66/><U8/><E56/><V76/><F76/><W32/><G32/><T50/><D50/><U96/><E103/><V85/><F85/><W62/><G62/><T80/><D80/><U110/><E100/><V108/><F108/><N who="0" m="41546" /><D114/><U14/><E110/><V19/><F19/><W127/><G127/><T46/><D46/><U113/><E113/><V24/><AGARI ba="1,1" hai="18,22,24,26,28,34,41,44,45,47,49,86,91,94" machi="24" ten="20,8000,1" yaku="1,1,0,1,7,1,52,1,53,1" doraHai="82" doraHaiUra="38" who="2" fromWho="2" sc="259,-41,128,-21,336,93,267,-21" /><INIT seed="5,0,0,1,0,37" ten="218,107,429,246" oya="1" hai0="50,117,45,84,81,36,13,102,44,79,63,116,53" hai1="80,127,6,3,49,55,86,71,130,88,75,110,87" hai2="133,51,21,129,4,17,57,64,34,31,106,94,76" hai3="52,96,0,61,90,104,42,59,25,68,135,7,29"/><U105/><E130/><V33/><F129/><W108/><G108/><T111/><D111/><U77/><E110/><V73/><F106/><W134/><G68/><T54/><D102/><U26/><E71/><V65/><F4/><W124/><G124/><T41/><D13/><U131/><E131/><V95/><F73/><W30/><G0/><T114/><D114/><U91/><E127/><V93/><F76/><W28/><G7/><T14/><D14/><U48/><E105/><V15/><F133/><N who="3" m="50699" /><G90/><T20/><D20/><U122/><E122/><V19/><F31/><W78/><G78/><T69/><REACH who="0" step="1"/><D54/><REACH who="0" ten="208,107,429,246" step="2"/><U22/><E55/><N who="2" m="31999" /><F33/><N who="3" m="20623" /><G42/><T103/><D103/><AGARI ba="0,1" hai="29,30,52,59,61,96,103,104" m="20623,50699" machi="103" ten="30,2000,0" yaku="20,1,54,1" doraHai="37" who="3" fromWho="0" sc="208,-20,107,0,429,0,246,30" /><INIT seed="6,0,0,3,3,77" ten="188,107,429,276" oya="2" hai0="134,131,5,96,34,86,23,94,44,36,53,92,9" hai1="129,10,16,65,27,135,104,75,79,20,66,76,51" hai2="70,126,109,83,120,132,103,60,11,4,84,7,99" hai3="91,47,28,116,43,61,128,125,56,100,110,18,38"/><V22/><F120/><W118/><G110/><T97/><D34/><U123/><E104/><V13/><F132/><W122/><G122/><T40/><D134/><U62/><E135/><V133/><F133/><W46/><G128/><T106/><D106/><U35/><E123/><V98/><F126/><W117/><G125/><T89/><D131/><U30/><E129/><V67/><F109/><W24/><G100/><T1/><D23/><U57/><E66/><V15/><F103/><W49/><G18/><T68/><D68/><U114/><E114/><V58/><F70/><W32/><G91/><T85/><REACH who="0" step="1"/><D53/><REACH who="0" ten="178,107,429,276" step="2"/><U42/><E75/><V29/><F29/><W54/><REACH who="3" step="1"/><G116/><REACH who="3" ten="178,107,429,266" step="2"/><T6/><D6/><U88/><E35/><V33/><F33/><W111/><G111/><T113/><D113/><U121/><E121/><V26/><F4/><W95/><G95/><T127/><D127/><U31/><E31/><V80/><F7/><W64/><AGARI ba="0,2" hai="24,28,32,38,43,46,47,49,54,56,61,64,117,118" machi="64" ten="20,5200,0" yaku="1,1,0,1,7,1,53,1" doraHai="77" doraHaiUra="21" who="3" fromWho="3" sc="178,-13,107,-13,429,-26,266,72" /><INIT seed="7,0,0,1,1,10" ten="165,94,403,338" oya="3" hai0="108,71,35,96,0,111,61,31,125,130,128,49,104" hai1="69,97,88,43,18,23,45,47,51,83,100,6,52" hai2="135,55,78,3,38,16,87,80,30,28,101,120,36" hai3="85,11,46,77,5,20,33,40,65,94,113,134,14"/><W29/><G134/><T98/><D0/><U26/><E69/><V64/><F135/><W109/><G109/><N who="0" m="42059" /><D35/><U90/><E6/><V39/><F101/><W118/><G118/><T53/><D31/><U126/><E126/><V7/><F64/><W67/><G113/><T121/><D104/><U25/><E25/><V24/><F3/><W60/><G33/><T131/><D98/><U124/><E83/><V68/><F7/><W106/><G106/><T2/><D2/><U117/><E117/><V4/><F4/><W123/><G123/><T57/><D96/><U84/><E84/><V17/><F68/><W9/><G60/><T92/><D92/><U48/><REACH who="1" step="1"/><E124/><REACH who="1" ten="165,84,403,338" step="2"/><V110/><F24/><W122/><G122/><T81/><D81/><U13/><E13/><V70/><F70/><W102/><G77/><T75/><D75/><U22/><E22/><V15/><F15/><N who="3" m="5551" /><G85/><T115/><D125/><U99/><E99/><V50/><F120/><W41/><G20/><T114/><D121/><U58/><E58/><V116/><F116/><W93/><G46/><N who="0" m="27831" /><D71/><U62/><E62/><V74/><F74/><W127/><G127/><T54/><AGARI ba="0,1" hai="54,57,61,114,115,128,130,131" m="27831,42059" machi="54" ten="40,5200,0" yaku="19,1,34,2" doraHai="10" who="0" fromWho="0" sc="165,62,84,-13,403,-13,338,-26" owari="227,-17.0,71,-43.0,390,49.0,312,11.0" /></mjloggm>