<mjloggm ver="2.3"><GO type="41" lobby="0"/><UN n0="%E3%83%9D%E3%83%88%E3%83%95%E3%81%9F%E3%82%8D%E3%81%86" n1="%E3%81%B3%E3%81%97%E3%81%BE%E3%82%8B" n2="%E2%93%9D%53%75%70%68%78" n3="%E3%82%BF%E3%83%84%E3%83%99%E3%82%A7" dan="13,13,19,15" rate="1890.91,1868.30,2137.20,1969.82" sx="M,M,M,M"/><TAIKYOKU oya="0"/><INIT seed="0,0,0,3,3,8" ten="250,250,250,250" oya="0" hai0="42,112,56,22,130,11,102,66,89,82,105,24,128" hai1="59,96,115,46,127,79,52,110,106,0,62,67,15" hai2="43,73,58,122,60,16,64,70,50,132,111,95,47" hai3="103,109,123,49,27,69,38,1,131,114,125,113,18"/><T48/><D112/><U31/><E0/><V10/><F122/><W20/><G103/><T4/><D105/><U80/><E115/><V2/><F73/><W91/><G91/><T93/><D82/><U104/><E127/><V94/><F111/><W129/><G49/><T44/><D102/><U134/><E134/><V92/><F132/><W14/><G69/><T126/><D56/><U107/><E110/><V90/><F2/><W12/><G38/><T72/><D66/><U55/><E31/><V57/><REACH who="2" step="1"/><F90/><REACH who="2" ten="250,250,240,250" step="2"/><W9/><G109/><T98/><D72/><U3/><E3/><V100/><F100/><W119/><G123/><T53/><D126/><U63/><E96/><V30/><F30/><N who="3" m="17767" /><G1/><T26/><D128/><N who="3" m="49225" /><G125/><T76/><D130/><U41/><E107/><V29/><F29/><W85/><G85/><T36/><D89/><U117/><E117/><V101/><F101/><W87/><G87/><T118/><D118/><U86/><E106/><V28/><F28/><W99/><G99/><T54/><D98/><U77/><E104/><V45/><F45/><W78/><G119/><T5/><D44/><U120/><E120/><V32/><F32/><W75/><G75/><T40/><D76/><U108/><E79/><V97/><F97/><W39/><G78/><T135/><D135/><U68/><E108/><V84/><F84/><W121/><G121/><T35/><D35/><U133/><E133/><V81/><F81/><W13/><G39/><T6/><D36/><U51/><REACH who="1" step="1"/><E41/><REACH who="1" ten="250,240,240,250" step="2"/><V61/><F61/><W21/><G9/><T19/><D40/><U23/><E23/><RYUUKYOKU ba="0,2" sc="250,-30,240,10,240,10,250,10" hai1="15,46,51,52,55,59,62,63,67,68,77,80,86" hai2="10,16,43,47,50,57,58,60,64,70,92,94,95" hai3="12,13,14,18,21,113,114" /><INIT seed="1,1,2,0,4,14" ten="220,250,250,260" oya="1" hai0="0,130,7,132,124,49,17,126,107,133,108,5,95" hai1="61,74,100,54,115,72,20,109,16,3,119,93,60" hai2="1,91,23,94,27,63,48,83,31,110,134,131,29" hai3="2,30,125,62,86,120,46,42,35,122,18,117,57"/><U8/><E119/><V71/><F1/><W102/><G2/><T53/><D107/><U43/><E115/><V52/><F110/><W45/><G125/><N who="0" m="48235" /><D108/><U128/><E128/><V21/><F134/><N who="0" m="51818" /><D95/><U32/><E32/><V76/><F131/><W121/><G117/><T10/><D7/><U12/><E109/><V6/><F6/><W90/><G102/><T73/><D73/><U26/><E43/><V11/><F11/><W78/><G78/><T40/><D40/><U85/><E3/><V33/><F31/><W135/><G135/><T92/><D92/><U36/><E36/><V34/><F34/><W58/><G30/><T69/><D69/><U87/><E74/><V66/><F83/><W37/><G46/><N who="0" m="27831" /><D17/><N who="1" m="12559" /><E72/><V38/><F38/><W75/><G75/><T41/><D41/><U80/><E80/><V113/><F113/><W97/><G97/><T4/><D5/><U9/><E9/><V70/><F70/><W106/><G106/><T101/><D101/><U127/><E127/><V116/><F116/><W39/><G39/><T68/><D68/><U56/><E61/><V103/><F103/><W77/><G77/><T129/><AGARI ba="1,2" hai="0,4,10,129,130" m="27831,51818,48235" machi="129" ten="40,8000,1" yaku="30,2,18,1,20,1" doraHai="14" who="0" fromWho="0" sc="220,103,250,-41,250,-21,260,-21" /><INIT seed="2,0,0,0,1,95" ten="323,209,229,239" oya="2" hai0="98,50,9,104,5,33,133,43,46,66,26,82,70" hai1="110,77,23,0,57,54,107,79,81,69,115,22,83" hai2="102,91,55,126,13,105,14,112,21,123,34,37,19" hai3="29,47,48,131,27,16,17,101,60,30,64,7,61"/><V89/><F123/><W39/><G131/><T134/><D82/><U116/><E110/><V15/><F34/><W59/><G39/><T121/><D121/><U129/><E116/><V117/><F37/><W124/><G124/><T40/><D66/><U119/><E119/><V73/><F73/><W41/><G7/><T99/><D70/><U120/><E115/><V109/><F112/><W44/><G30/><N who="0" m="19671" /><D104/><U135/><E107/><V24/><F117/><W62/><G62/><T90/><D90/><U130/><E69/><V58/><F126/><W63/><G63/><T2/><D43/><U88/><E0/><V74/><F74/><W103/><G103/><T84/><D84/><U80/><E135/><AGARI ba="0,0" hai="2,5,9,40,46,50,98,99,133,134,135" m="19671" machi="135" ten="30,3900,0" yaku="20,1,52,2" doraHai="95" who="0" fromWho="1" sc="323,39,209,-39,229,0,239,0" /><INIT seed="3,0,0,2,2,106" ten="362,170,229,239" oya="3" hai0="104,4,111,45,20,17,128,43,1,23,48,92,40" hai1="28,7,133,9,122,24,86,83,38,54,79,109,94" hai2="49,85,125,121,62,57,75,59,53,19,30,66,10" hai3="103,100,11,36,5,119,12,8,129,132,44,60,51"/><W65/><G132/><T67/><D111/><U93/><E122/><V118/><F118/><W88/><G129/><T131/><D104/><U16/><E109/><V99/><F125/><W50/><G36/><T52/><D67/><U97/><E133/><V73/><F30/><W25/><G119/><T47/><D1/><U76/><E38/><V56/><F121/><W63/><G25/><T77/><D4/><U112/><E112/><V64/><F85/><W72/><G72/><T41/><D92/><U74/><E79/><V102/><F10/><W96/><G11/><T107/><D107/><U135/><E135/><V84/><F84/><W42/><G51/><T68/><D68/><U117/><E117/><V120/><F19/><W58/><REACH who="3" step="1"/><G63/><REACH who="3" ten="362,170,229,229" step="2"/><T98/><D128/><U124/><E124/><V113/><F120/><W34/><G34/><T127/><D131/><U108/><E108/><V82/><F113/><W55/><G55/><T91/><D127/><U101/><E54/><V116/><F116/><W35/><G35/><T3/><D52/><U32/><E94/><AGARI ba="0,1" hai="5,8,12,42,44,50,58,60,65,88,94,96,100,103" machi="94" ten="40,12000,1" yaku="1,1,8,1,54,1,53,1" doraHai="106" doraHaiUra="61" who="3" fromWho="1" sc="362,0,170,-120,229,0,229,130" /><INIT seed="3,1,0,5,4,118" ten="362,50,229,359" oya="3" hai0="87,106,13,100,86,110,63,85,2,4,120,40,129" hai1="98,124,10,56,3,73,103,88,16,77,112,84,19" hai2="53,42,23,17,97,32,127,29,68,99,33,45,62" hai3="59,102,26,126,37,123,130,61,24,48,9,60,57"/><W22/><G37/><T6/><D110/><U82/><E124/><V121/><F127/><W15/><G126/><T46/><D129/><U11/><E112/><V14/><F33/><W31/><G130/><T52/><D2/><U122/><E56/><V105/><F105/><W108/><G108/><T58/><D13/><U111/><E111/><V75/><F75/><W78/><G78/><T83/><D120/><U135/><E135/><V38/><F32/><W93/><G123/><T96/><REACH who="0" step="1"/><D83/><REACH who="0" ten="352,50,229,359" step="2"/><U109/><E109/><V39/><F14/><W64/><G26/><T41/><D41/><U115/><E115/><V80/><F42/><W27/><G27/><T76/><D76/><U5/><E122/><V51/><F80/><W132/><G132/><T133/><D133/><U116/><E116/><V47/><F121/><W55/><G64/><T34/><D34/><U66/><E66/><V28/><F23/><W89/><G102/><T107/><D107/><U131/><E131/><V114/><F114/><W44/><G44/><T18/><D18/><U117/><E117/><V7/><F17/><W134/><G134/><T67/><D67/><U54/><E54/><V65/><F47/><W113/><G113/><T8/><D8/><U104/><REACH who="1" step="1"/><E11/><REACH who="1" ten="352,40,229,359" step="2"/><V74/><F53/><W101/><G55/><T125/><D125/><U43/><E43/><V94/><F65/><W49/><G9/><T95/><D95/><AGARI ba="1,2" hai="3,5,10,16,19,73,77,82,84,88,95,98,103,104" machi="95" ten="30,12000,2" yaku="1,1,7,1,24,2,54,2,53,1" doraHai="118" doraHaiUra="79" who="1" fromWho="0" sc="352,-123,40,143,229,0,359,0" /><INIT seed="4,0,0,2,4,15" ten="229,183,229,359" oya="0" hai0="85,90,65,129,2,83,114,58,74,118,107,40,11" hai1="117,17,79,32,92,131,28,75,120,82,39,80,29" hai2="1,24,8,20,93,84,101,124,97,49,59,31,37" hai3="35,19,133,52,126,110,3,50,10,38,55,108,23"/><T12/><D118/><U4/><E117/><V132/><F37/><W42/><G38/><T125/><D114/><U62/><E120/><V88/><F132/><W73/><G73/><T77/><D2/><U94/><E39/><V27/><F124/><W76/><G76/><T54/><D40/><U0/><E131/><V109/><F109/><W45/><G133/><T104/><D65/><U91/><E82/><V102/><F1/><W63/><G126/><T51/><D129/><U22/><E32/><V30/><F8/><W25/><G63/><T123/><D123/><U57/><E4/><V106/><F106/><W119/><G119/><T103/><D103/><U86/><E94/><V6/><F6/><W5/><REACH who="3" step="1"/><G35/><REACH who="3" ten="229,183,229,349" step="2"/><T99/><D125/><U68/><E68/><V16/><F31/><W95/><G95/><T67/><D67/><U46/><E0/><V98/><F102/><W69/><G69/><T61/><D61/><U127/><E127/><V9/><F101/><W18/><G18/><T7/><REACH who="0" step="1"/><D99/><REACH who="0" ten="219,183,229,349" step="2"/><U53/><REACH who="1" step="1"/><E46/><REACH who="1" ten="219,173,229,349" step="2"/><V89/><F98/><W115/><G115/><T14/><D14/><AGARI ba="0,3" hai="14,17,22,28,29,53,57,62,75,79,80,86,91,92" machi="14" ten="30,12000,2" yaku="1,1,2,1,7,1,52,1,53,2" doraHai="15" doraHaiUra="26" who="1" fromWho="0" sc="219,-120,173,150,229,0,349,0" /><INIT seed="5,0,0,3,2,36" ten="99,323,229,349" oya="1" hai0="69,49,115,128,29,67,127,122,14,35,6,23,68" hai1="61,15,64,28,75,100,39,97,25,54,77,131,50" hai2="58,83,132,121,24,90,125,124,41,47,33,101,7" hai3="82,4,70,134,123,89,44,135,99,126,46,34,30"/><U84/><E131/><V42/><F121/><W94/><G123/><T110/><D110/><U32/><E39/><V130/><F101/><W8/><G70/><T11/><D115/><U18/><E75/><V22/><F33/><W55/><G126/><N who="2" m="48745" /><F47/><W43/><G55/><T19/><D122/><U112/><E112/><V88/><F132/><W5/><G46/><T86/><D127/><U107/><E84/><N who="2" m="50207" /><F7/><W51/><G82/><T91/><D128/><U85/><E85/><V57/><F90/><W63/><G63/><T96/><D96/><U37/><E77/><V113/><F130/><W21/><G34/><T119/><D119/><U93/><E37/><V133/><F133/><N who="3" m="50699" /><G8/><T26/><D67/><U9/><E54/><V13/><F13/><W2/><G2/><T66/><D49/><U27/><E27/><AGARI ba="0,0" hai="4,5,21,27,30,43,44,51,89,94,99" m="50699" machi="27" ten="30,2000,0" yaku="20,1,52,1" doraHai="36" who="3" fromWho="1" sc="99,0,323,-20,229,0,349,20" /><INIT seed="6,0,0,3,3,12" ten="99,303,229,369" oya="2" hai0="88,69,119,26,118,61,132,2,33,129,36,54,131" hai1="52,29,106,117,72,73,19,34,114,15,87,74,66" hai2="17,46,43,3,6,135,8,130,37,67,107,1,49" hai3="11,70,62,7,28,56,30,101,89,31,27,24,14"/><V86/><F107/><W85/><G70/><T44/><D2/><U63/><E106/><V94/><F130/><N who="0" m="49674" /><D33/><U20/><E117/><N who="0" m="44553" /><D26/><U115/><E34/><V9/><F135/><W109/><G101/><T134/><D88/><U127/><E127/><V10/><F67/><W96/><G96/><T64/><D54/><U111/><E111/><V133/><F133/><N who="0" m="51306" /><D44/><U91/><E29/><V102/><F3/><W105/><G105/><T38/><AGARI ba="0,0" hai="36,38,61,64,69" m="51306,44553,49674" machi="38" ten="40,12000,2" yaku="19,1,12,1,20,1,23,1,34,2" doraHai="12" who="0" fromWho="0" sc="99,120,303,-30,229,-60,369,-30" /><INIT seed="7,0,0,1,0,72" ten="219,273,169,339" oya="3" hai0="0,63,57,99,35,120,9,52,71,133,17,59,36" hai1="10,42,43,130,37,93,110,111,22,2,20,67,47" hai2="112,48,24,58,134,38,125,92,16,55,87,106,86" hai3="64,108,88,94,96,70,84,74,46,117,77,5,85"/><W83/><G117/><T65/><D120/><U80/><E130/><V12/><F106/><W101/><G108/><T13/><D35/><U107/><E107/><V95/><F38/><W25/><G5/><T76/><D36/><U100/><E67/><V30/><F112/><W11/><G11/><T78/><D99/><U123/><E123/><V26/><F125/><W132/><G132/><T105/><D105/><U115/><E115/><V15/><F134/><W53/><G25/><T128/><D133/><U98/><E43/><V40/><F40/><W104/><G84/><T114/><D114/><U116/><E116/><V45/><F45/><W19/><G19/><T44/><D128/><U1/><E1/><V129/><F129/><W79/><G79/><N who="0" m="30251" /><D0/><U61/><E61/><V91/><F15/><W75/><G75/><T31/><D71/><U3/><E3/><V4/><F4/><W89/><G89/><T118/><D118/><U50/><E50/><V51/><F51/><N who="3" m="28919" /><G70/><T66/><D31/><U7/><E80/><V41/><F41/><W131/><G131/><T27/><D27/><U39/><E39/><V102/><F30/><W122/><G122/><T49/><D59/><U119/><E119/><V68/><F68/><W113/><G113/><T103/><D103/><U33/><E33/><V54/><F54/><AGARI ba="0,0" hai="9,13,17,44,49,52,54,57,63,65,66" m="30251" machi="54" ten="30,8000,1" yaku="8,1,52,3,54,1" doraHai="72" who="0" fromWho="2" sc="219,80,273,0,169,-80,339,0" owari="299,10.0,273,-13.0,89,-41.0,339,44.0" /></mjloggm>