<mjloggm ver="2.3"><GO type="41" lobby="0"/><UN n0="%E2%93%9D%53%75%70%68%78" n1="%E8%A6%9A%E9%86%92%E3%81%97%E3%81%9F%E3%81%A8%E3%81%BE%E3%81%A8" n2="%E3%81%BE%E3%81%BE%E3%81%95%E3%81%8D" n3="%E4%BD%90%E8%97%A4%E6%9C%9B%E3%83%88%E3%83%A0" dan="19,15,14,15" rate="2140.15,2001.96,1956.33,1947.94" sx="M,M,M,M"/><TAIKYOKU oya="0"/><INIT seed="0,0,0,2,5,54" ten="250,250,250,250" oya="0" hai0="110,67,123,99,7,29,13,104,53,108,115,119,122" hai1="78,52,71,8,16,57,82,97,37,58,34,1,36" hai2="83,59,0,116,5,103,126,60,42,124,125,132,90" hai3="114,31,68,40,112,89,48,20,46,91,135,61,85"/><T102/><D67/><U84/><E34/><V24/><F132/><W81/><G135/><T88/><D29/><U73/><E71/><V74/><F116/><W127/><G127/><T23/><D7/><U134/><E134/><V130/><F130/><W66/><REACH who="3" step="1"/><G89/><REACH who="3" ten="250,250,250,240" step="2"/><T111/><D119/><U27/><E36/><V121/><F90/><W63/><G63/><T6/><D115/><U72/><E37/><V128/><F60/><W30/><G30/><T100/><D100/><U35/><E72/><V21/><F103/><W79/><G79/><T70/><D88/><U3/><E73/><V11/><F74/><W96/><G96/><T17/><D70/><U107/><E97/><V44/><F121/><W86/><G86/><T38/><D38/><U69/><E84/><V106/><F128/><W39/><G39/><T120/><D6/><U25/><E69/><V2/><F126/><W45/><G45/><T41/><D41/><U15/><E78/><V75/><F125/><W117/><G117/><T77/><D77/><U105/><E105/><V131/><F131/><W43/><G43/><T109/><D109/><U98/><E107/><V18/><F106/><W22/><G22/><T51/><REACH who="0" step="1"/><D123/><REACH who="0" ten="240,250,250,240" step="2"/><U33/><E35/><V19/><F42/><W55/><G55/><T10/><D10/><U56/><E33/><V94/><F124/><W65/><G65/><T64/><D64/><U62/><E52/><V47/><F11/><W12/><G12/><T14/><D14/><U76/><E15/><V118/><F5/><W9/><G9/><T4/><D4/><U49/><E8/><RYUUKYOKU ba="0,2" sc="240,15,250,-15,250,-15,240,15" hai0="13,17,23,51,53,99,102,104,108,110,111,120,122" hai3="20,31,40,46,48,61,66,68,81,85,91,112,114" /><INIT seed="0,1,2,0,4,17" ten="255,235,235,255" oya="0" hai0="101,84,71,120,42,66,74,106,104,61,126,111,23" hai1="35,113,78,86,36,18,68,125,49,59,99,57,129" hai2="9,131,65,60,103,30,127,34,80,58,109,119,83" hai3="38,32,55,12,63,118,107,53,134,51,29,82,95"/><T64/><D120/><U132/><E35/><V24/><F109/><W96/><G107/><T46/><D74/><U39/><E68/><V0/><F131/><W37/><G134/><T122/><D122/><U21/><E129/><V117/><F127/><W7/><G118/><N who="2" m="45065" /><F103/><W102/><G63/><T40/><D66/><U81/><E132/><V1/><F9/><W133/><G82/><AGARI ba="1,2" hai="0,1,24,30,34,58,60,65,80,82,83" m="45065" machi="82" ten="30,1000,0" yaku="12,1" doraHai="17" who="2" fromWho="3" sc="255,0,235,0,235,33,255,-13" /><INIT seed="1,0,0,4,4,116" ten="255,235,268,242" oya="1" hai0="81,103,66,51,80,89,49,59,79,68,47,50,44" hai1="26,102,124,57,118,133,117,128,108,1,25,24,84" hai2="13,60,106,77,27,120,17,64,75,71,121,111,42" hai3="78,46,11,55,5,93,110,67,41,86,95,129,114"/><U39/><E124/><V105/><F42/><W12/><G110/><T23/><D68/><U88/><E108/><V101/><F101/><W30/><G129/><T134/><D134/><U70/><E70/><V52/><F27/><W28/><G67/><T4/><D103/><U35/><E35/><V16/><F111/><W115/><G55/><T38/><D4/><U130/><E39/><V19/><F13/><W6/><G6/><T54/><D38/><U72/><E1/><V22/><F22/><W29/><G114/><T53/><D66/><U40/><E72/><V74/><F106/><W32/><G32/><T37/><D37/><U3/><E3/><V127/><F105/><W96/><G96/><T122/><D122/><U87/><E133/><V14/><F14/><W90/><G90/><T91/><D23/><U21/><E117/><V20/><F20/><W73/><G73/><T100/><D100/><U58/><E118/><V132/><F75/><W135/><G115/><T112/><D112/><U126/><E126/><V18/><F127/><W48/><G135/><T65/><D65/><U125/><E125/><V9/><F9/><W109/><G109/><T34/><D34/><U94/><E128/><V82/><N who="2" m="4096" /><DORA hai="97" /><V62/><REACH who="2" step="1"/><F132/><REACH who="2" ten="255,235,258,242" step="2"/><W131/><REACH who="3" step="1"/><G131/><REACH who="3" ten="255,235,258,232" step="2"/><T2/><D2/><U45/><E130/><V15/><F15/><W0/><G0/><T33/><D33/><U83/><E102/><V63/><F63/><W61/><G61/><T92/><D47/><U69/><E69/><V113/><F113/><W7/><G7/><T76/><D44/><U99/><E45/><RYUUKYOKU ba="0,2" sc="255,-15,235,-15,258,15,232,15" hai2="52,60,62,64,71,74,77,82,120,121" hai3="5,11,12,28,29,30,41,46,48,78,86,93,95" /><INIT seed="2,1,2,0,2,85" ten="240,220,273,247" oya="2" hai0="46,10,64,26,63,89,13,112,116,25,67,118,8" hai1="44,124,92,66,83,22,82,11,128,52,111,102,113" hai2="109,61,69,126,130,36,4,115,134,68,125,73,31" hai3="40,91,38,33,9,93,131,119,70,17,57,5,87"/><V123/><RYUUKYOKU type="yao9" ba="1,2" sc="240,0,220,0,273,0,247,0" hai2="4,31,36,61,68,69,73,109,115,123,125,126,130,134" /><INIT seed="2,2,2,0,0,88" ten="240,220,273,247" oya="2" hai0="114,120,10,85,102,60,36,43,53,122,90,4,97" hai1="29,134,110,78,52,70,116,57,66,1,61,32,18" hai2="112,115,126,23,83,130,35,98,38,11,127,20,55" hai3="26,87,76,109,133,64,59,40,124,51,56,92,67"/><V44/><F35/><W79/><G109/><T99/><D114/><U77/><E116/><V106/><F11/><W48/><G133/><T41/><D36/><U117/><E117/><V15/><F130/><W129/><G124/><N who="2" m="47657" /><F83/><W24/><G87/><T3/><D99/><U16/><E110/><V93/><F106/><W46/><G46/><T27/><D27/><U104/><E104/><V49/><F38/><W30/><G40/><T89/><D89/><U31/><E1/><V17/><F23/><W33/><G92/><T128/><D128/><U80/><E134/><V119/><F119/><W37/><G37/><T45/><D122/><U113/><E113/><V14/><F14/><W123/><G129/><T25/><D25/><U125/><E125/><V100/><AGARI ba="2,2" hai="15,17,20,44,49,55,93,98,100,112,115" m="47657" machi="100" ten="30,3000,0" yaku="18,1,52,1" doraHai="88" who="2" fromWho="2" sc="240,-12,220,-12,273,56,247,-12" /><INIT seed="2,3,0,5,3,31" ten="228,208,329,235" oya="2" hai0="79,0,125,74,86,52,59,33,117,129,19,29,63" hai1="94,115,111,113,43,107,68,110,22,18,82,40,135" hai2="88,70,47,49,64,39,91,120,62,56,30,20,80" hai3="66,14,131,9,71,26,42,65,121,93,84,98,92"/><V103/><F120/><W126/><G126/><T109/><D0/><U24/><E107/><V38/><F103/><W76/><G131/><T83/><D129/><U108/><E68/><V13/><F80/><W99/><G71/><T5/><D5/><U58/><E135/><V95/><F91/><W7/><G121/><T11/><D109/><U46/><E82/><V25/><F13/><W130/><G76/><T15/><D117/><U77/><E77/><V73/><F73/><W119/><G119/><T53/><D125/><U10/><E10/><V55/><REACH who="2" step="1"/><F70/><REACH who="2" ten="228,208,319,235" step="2"/><W34/><G130/><T37/><D74/><U1/><E1/><V36/><F36/><W101/><G14/><T54/><REACH who="0" step="1"/><D37/><REACH who="0" ten="218,208,319,235" step="2"/><N who="1" m="21775" /><E111/><V72/><F72/><W112/><G112/><T118/><D118/><U106/><E110/><V41/><F41/><W75/><G42/><T4/><D4/><U116/><E43/><V134/><F134/><W133/><G7/><T105/><D105/><U104/><E108/><V97/><AGARI ba="3,2" hai="20,25,30,38,39,47,49,55,56,62,64,88,95,97" machi="97" ten="20,12000,1" yaku="1,1,0,1,7,1,54,1,53,1" doraHai="31" doraHaiUra="89" who="2" fromWho="2" sc="218,-43,208,-43,319,149,235,-43" /><INIT seed="2,4,0,2,2,87" ten="175,165,468,192" oya="2" hai0="89,110,121,124,112,22,43,99,108,119,95,62,28" hai1="117,107,127,102,0,49,120,67,27,46,51,134,105" hai2="40,3,13,84,104,100,123,130,21,16,55,57,118" hai3="79,15,24,115,50,94,61,74,116,32,135,70,68"/><V69/><F118/><W96/><G116/><T126/><D119/><U98/><E117/><RYUUKYOKU type="kaze4" ba="4,0" sc="175,0,165,0,468,0,192,0" /><INIT seed="2,5,0,4,0,35" ten="175,165,468,192" oya="2" hai0="123,109,34,33,134,107,42,71,79,19,1,114,122" hai1="110,48,15,103,44,133,22,39,126,69,102,81,49" hai2="43,36,31,68,7,91,17,54,93,100,41,77,131" hai3="135,116,47,127,106,50,125,46,10,16,99,108,111"/><V11/><F131/><W67/><G116/><T117/><RYUUKYOKU type="yao9" ba="5,0" sc="175,0,165,0,468,0,192,0" hai0="1,19,33,34,42,71,79,107,109,114,117,122,123,134" /><INIT seed="2,6,0,0,1,61" ten="175,165,468,192" oya="2" hai0="52,124,129,85,64,102,9,42,7,133,74,134,104" hai1="34,125,78,68,105,58,10,90,132,115,92,66,89" hai2="126,98,8,4,51,111,50,109,14,91,121,75,26" hai3="110,47,3,29,35,20,100,117,96,31,103,2,27"/><V80/><F121/><W39/><G117/><T30/><D74/><U44/><E105/><V0/><F126/><W49/><G39/><T33/><D42/><U62/><E115/><V87/><F75/><W97/><G110/><N who="2" m="41993" /><F0/><W135/><G135/><N who="0" m="51723" /><D85/><U63/><E132/><V108/><N who="2" m="42001" /><V84/><DORA hai="55" /><F98/><W21/><G35/><T99/><D129/><U86/><E34/><V65/><F65/><W60/><G60/><T45/><D64/><U131/><E131/><V43/><F43/><W1/><G97/><T116/><D116/><U16/><E125/><V123/><F123/><W53/><G96/><T82/><D124/><U54/><E44/><V32/><F87/><W13/><G13/><N who="0" m="5311" /><D99/><U118/><E118/><V95/><F80/><W93/><G93/><T122/><D82/><U59/><E68/><V40/><F40/><W83/><G83/><T107/><D102/><U77/><E90/><V22/><F32/><W6/><G100/><T15/><D122/><U56/><E56/><V36/><F36/><W88/><G103/><T67/><D107/><U76/><E76/><V128/><F128/><W23/><G88/><T70/><D104/><U25/><E10/><V127/><F127/><W28/><REACH who="3" step="1"/><G27/><REACH who="3" ten="175,165,468,182" step="2"/><N who="0" m="18655" /><D70/><U69/><E69/><V119/><F119/><W72/><G72/><T73/><D73/><U19/><E25/><V41/><F41/><W57/><G57/><T114/><D45/><U12/><E12/><V106/><F106/><W71/><G71/><T5/><D15/><U94/><E92/><V81/><F95/><W112/><G112/><T120/><D114/><RYUUKYOKU ba="6,1" sc="175,-30,165,10,468,10,182,10" hai1="16,19,54,58,59,62,63,66,77,78,86,89,94" hai2="4,8,14,22,26,50,51,81,84,91" hai3="1,2,3,6,20,21,23,28,29,31,47,49,53" /><INIT seed="2,7,1,4,0,104" ten="145,175,478,192" oya="2" hai0="112,127,108,105,126,23,91,102,31,69,56,128,71" hai1="49,75,20,35,13,21,80,57,47,37,54,131,28" hai2="63,15,92,9,40,59,27,99,6,30,114,122,76" hai3="29,83,132,77,124,58,96,25,32,115,85,12,44"/><V98/><F114/><W2/><G2/><T17/><D112/><U133/><E133/><V50/><F122/><W52/><G124/><N who="0" m="47659" /><D31/><U118/><E118/><V97/><F76/><W0/><G132/><T7/><D7/><U48/><E131/><V117/><F117/><W65/><G0/><T119/><D108/><U24/><E37/><V60/><F92/><W82/><G115/><T121/><D121/><U100/><E100/><V74/><F74/><W101/><G12/><T72/><D56/><U43/><REACH who="1" step="1"/><E13/><REACH who="1" ten="145,165,478,192" step="2"/><V4/><F6/><W79/><G65/><T88/><D128/><U66/><E66/><V64/><F64/><W39/><G39/><T111/><D119/><U78/><AGARI ba="7,2" hai="20,21,24,28,35,43,47,48,49,54,57,75,78,80" machi="78" ten="30,4000,0" yaku="1,1,0,1,52,1,53,0" doraHai="104" doraHaiUra="33" who="1" fromWho="1" sc="145,-17,165,81,478,-27,192,-17" /><INIT seed="3,0,0,0,4,125" ten="128,246,451,175" oya="3" hai0="135,23,61,36,110,128,115,116,96,68,2,45,124" hai1="34,73,6,19,76,26,97,131,132,133,48,103,64" hai2="32,120,86,122,12,82,123,65,100,114,127,53,33" hai3="105,49,44,91,98,18,35,29,130,71,111,11,88"/><W10/><G71/><T112/><RYUUKYOKU type="yao9" ba="0,0" sc="128,0,246,0,451,0,175,0" hai0="2,23,36,45,61,68,96,110,112,115,116,124,128,135" /><INIT seed="3,1,0,1,1,90" ten="128,246,451,175" oya="3" hai0="88,95,57,81,89,54,76,125,34,110,119,15,92" hai1="120,135,21,53,94,61,50,134,17,70,48,80,116" hai2="43,75,132,19,101,130,8,108,103,118,117,11,114" hai3="14,104,123,59,93,73,38,46,5,131,0,25,3"/><W23/><G104/><T47/><D34/><U99/><E120/><V62/><F75/><W37/><G123/><T24/><D119/><U52/><E80/><V65/><F43/><W71/><G71/><T72/><D110/><U133/><E116/><V67/><F19/><W56/><G73/><T98/><D125/><U105/><E105/><V2/><F2/><W82/><G82/><T106/><D24/><N who="1" m="14383" /><E70/><V129/><F132/><W96/><G14/><T39/><D106/><U20/><E20/><V126/><F62/><W1/><G5/><T29/><D29/><U97/><E97/><V74/><F74/><W31/><G131/><T10/><D47/><U84/><E84/><V36/><F36/><W66/><G46/><T58/><D39/><U45/><E61/><V44/><F44/><W78/><G78/><T68/><D68/><U41/><E50/><V27/><F27/><W40/><G40/><T51/><D58/><U16/><E16/><V12/><F12/><W124/><G124/><T60/><D60/><U49/><E49/><V30/><F30/><W113/><G113/><T18/><REACH who="0" step="1"/><D95/><REACH who="0" ten="118,246,451,175" step="2"/><U102/><AGARI ba="1,1" hai="41,45,48,52,53,94,99,102,133,134,135" m="14383" machi="102" ten="30,4000,0" yaku="20,1,52,1,54,1" doraHai="90" who="1" fromWho="1" sc="118,-11,246,53,451,-11,175,-21" /><INIT seed="4,0,0,3,0,131" ten="107,299,440,154" oya="0" hai0="121,15,96,115,108,110,18,5,74,107,83,79,35" hai1="90,49,39,25,109,92,93,103,36,119,134,45,24" hai2="120,40,42,112,59,27,95,14,135,12,65,57,11" hai3="1,9,91,125,99,84,77,3,37,55,133,100,21"/><T97/><D35/><U123/><E109/><N who="0" m="42089" /><D5/><U71/><E71/><V30/><F120/><W22/><G37/><T82/><D121/><U19/><E119/><V69/><F69/><W126/><G133/><T8/><D107/><U98/><E123/><V10/><F135/><W62/><G77/><N who="0" m="44343" /><D115/><U47/><E134/><V63/><F59/><W75/><G75/><AGARI ba="0,0" hai="8,15,18,75,79,83,96,97" m="44343,42089" machi="75" ten="30,1500,0" yaku="10,1" doraHai="131" who="0" fromWho="3" sc="107,15,299,0,440,0,154,-15" /><INIT seed="4,1,0,4,5,111" ten="122,299,440,139" oya="0" hai0="25,44,14,63,126,31,23,70,33,96,114,36,41" hai1="59,9,5,42,89,74,92,53,85,98,80,32,12" hai2="55,60,106,88,1,112,45,17,0,113,29,4,127" hai3="97,3,16,73,6,8,11,117,40,94,81,38,71"/><T100/><D126/><U57/><E32/><V49/><F106/><W93/><G71/><T27/><D14/><U135/><E135/><V102/><F102/><W24/><G117/><T82/><D82/><U130/><E130/><V51/><F29/><W128/><G128/><T124/><D124/><U50/><E74/><V77/><F77/><W46/><G97/><T120/><D120/><U43/><REACH who="1" step="1"/><E59/><REACH who="1" ten="122,289,440,139" step="2"/><V67/><F127/><W61/><G73/><T116/><D116/><U105/><E105/><V104/><F104/><W48/><G46/><T35/><D35/><U34/><E34/><V129/><F129/><W10/><G6/><T78/><D33/><U103/><AGARI ba="1,1" hai="5,9,12,42,43,50,53,57,80,85,89,92,98,103" machi="103" ten="20,5200,0" yaku="1,1,0,1,7,1,8,1,53,0" doraHai="111" doraHaiUra="75" who="1" fromWho="1" sc="122,-27,289,65,440,-14,139,-14" /><INIT seed="5,0,0,4,4,82" ten="95,354,426,125" oya="1" hai0="99,109,108,54,37,48,90,83,114,26,80,119,4" hai1="1,121,104,41,62,103,22,34,135,51,55,112,29" hai2="11,102,128,20,65,132,106,78,126,125,96,107,122" hai3="97,5,71,67,8,7,66,133,58,127,42,15,134"/><U21/><E1/><V43/><F122/><W75/><G75/><T32/><D119/><U25/><E121/><V117/><F117/><W84/><G71/><T87/><D37/><U39/><E112/><V18/><F43/><W93/><G127/><N who="2" m="48649" /><F65/><W57/><G84/><T59/><D114/><U40/><E135/><V124/><F124/><W72/><G72/><T36/><D36/><U19/><E62/><V76/><F128/><W88/><G42/><T9/><D99/><U116/><E39/><V53/><F107/><W60/><G5/><T47/><D83/><U130/><E34/><V30/><F132/><W46/><G46/><T120/><D120/><U89/><E130/><V86/><F11/><W101/><G101/><T17/><D59/><U35/><E35/><V100/><F30/><W123/><G123/><T63/><D63/><AGARI ba="0,0" hai="7,8,15,57,58,60,63,66,67,88,93,97,133,134" machi="63" ten="40,2600,0" yaku="9,1,54,1" doraHai="82" who="3" fromWho="0" sc="95,-26,354,0,426,0,125,26" /><INIT seed="6,0,0,2,5,89" ten="69,354,426,151" oya="2" hai0="37,106,15,18,19,56,118,59,12,40,102,125,6" hai1="21,44,11,62,3,95,82,77,122,87,69,132,91" hai2="8,129,103,22,64,36,31,27,120,47,73,110,90" hai3="49,26,9,53,117,113,115,96,101,5,41,70,97"/><V28/><F73/><W111/><G117/><T81/><D125/><U35/><E132/><V108/><F120/><W23/><G70/><T98/><D6/><U58/><E35/><V68/><F103/><W14/><G41/><T60/><D118/><U85/><E122/><V83/><F129/><W34/><G111/><T133/><D133/><U72/><E69/><V2/><F31/><W107/><G34/><T135/><D135/><U67/><E44/><V109/><F64/><W54/><G97/><T52/><D37/><U65/><E65/><V100/><F100/><W66/><G66/><T25/><D25/><U61/><E62/><V63/><F63/><W48/><G48/><T7/><D7/><U104/><E104/><V105/><F105/><W39/><G39/><T86/><D40/><U131/><E131/><V20/><F68/><W38/><G38/><T79/><REACH who="0" step="1"/><D59/><REACH who="0" ten="59,354,426,151" step="2"/><U123/><E123/><V112/><F36/><W127/><G127/><T42/><D42/><U134/><E134/><V16/><F47/><W4/><G4/><T1/><D1/><U33/><E3/><V130/><F130/><W10/><G26/><T119/><D119/><U43/><E43/><V84/><F2/><W46/><G46/><T45/><D45/><U0/><E0/><V116/><F116/><W74/><G5/><T57/><D57/><U99/><E58/><V128/><F128/><W126/><G126/><T32/><D32/><U76/><E33/><V50/><F112/><W75/><G115/><T24/><D24/><U80/><E67/><V92/><F110/><W17/><G113/><RYUUKYOKU ba="0,1" sc="59,30,354,-10,426,-10,151,-10" hai0="12,15,18,19,52,56,60,79,81,86,98,102,106" /><INIT seed="7,1,1,0,5,107" ten="89,344,416,141" oya="3" hai0="71,17,74,104,49,98,90,38,116,134,41,81,50" hai1="62,14,15,114,32,93,95,37,63,92,21,48,42" hai2="83,33,130,22,45,96,4,60,125,127,121,86,65" hai3="11,68,113,91,9,69,6,109,128,105,34,75,122"/><W88/><G113/><T43/><D116/><U26/><E32/><V18/><F33/><W30/><G34/><T2/><D71/><U55/><E37/><V25/><F4/><W28/><G128/><T133/><D2/><U124/><E42/><V79/><F96/><W23/><G23/><T80/><D17/><U123/><E124/><N who="2" m="47691" /><F45/><W106/><G75/><T115/><D115/><U47/><E123/><V108/><F108/><W1/><G122/><T118/><D118/><U46/><E46/><V87/><F121/><W57/><G57/><T16/><D16/><U66/><E114/><V132/><F132/><W10/><G10/><T12/><D12/><U117/><E117/><V97/><F97/><W5/><G109/><T19/><D19/><U39/><E39/><V3/><F3/><AGARI ba="1,1" hai="1,3,5,6,9,11,28,30,68,69,88,91,105,106" machi="3" ten="25,4800,0" yaku="22,2,54,1" doraHai="107" who="3" fromWho="2" sc="89,0,344,0,416,-51,141,61" /><INIT seed="7,2,0,3,5,29" ten="89,344,365,202" oya="3" hai0="135,50,62,98,112,6,47,11,120,60,13,96,9" hai1="5,104,76,49,40,15,133,61,39,71,12,8,105" hai2="78,92,20,132,55,26,94,54,110,14,43,85,116" hai3="89,128,111,70,97,41,82,44,72,58,63,129,10"/><W75/><G70/><T125/><D120/><U121/><E121/><V118/><F110/><W117/><G117/><T106/><D125/><U56/><E76/><V109/><F109/><W130/><G111/><T57/><D135/><U35/><E35/><V31/><F132/><W107/><G10/><T2/><D112/><U113/><E113/><V66/><F118/><W102/><G89/><T115/><D115/><U53/><E133/><V122/><F122/><W74/><G58/><T114/><D106/><U86/><E86/><V90/><F116/><W77/><G63/><T108/><D114/><U51/><E15/><V124/><F124/><W103/><G103/><T83/><D108/><U48/><REACH who="1" step="1"/><E71/><REACH who="1" ten="89,334,365,202" step="2"/><V73/><F73/><W25/><G25/><T79/><D2/><U42/><E42/><V0/><F0/><W91/><G91/><T38/><D11/><U123/><E123/><V87/><F43/><W95/><G95/><T7/><D7/><U3/><E3/><V4/><F66/><W67/><G67/><T99/><D38/><AGARI ba="2,1" hai="38,41,44,72,74,75,77,82,97,102,107,128,129,130" machi="38" ten="40,7700,0" yaku="19,1,23,2" doraHai="29" who="3" fromWho="0" sc="89,-83,334,0,365,0,202,93" /><INIT seed="7,3,0,4,2,128" ten="6,334,365,295" oya="3" hai0="8,44,71,0,27,22,101,102,111,57,124,79,69" hai1="46,112,43,7,126,3,75,16,117,108,113,80,90" hai2="98,41,10,34,58,67,13,82,91,53,18,123,54" hai3="125,40,12,107,50,45,129,74,89,86,47,127,64"/><W121/><G74/><T96/><D124/><N who="3" m="47689" /><G107/><T105/><D111/><U134/><E126/><V11/><F34/><W21/><G21/><T59/><D0/><U115/><E134/><V26/><F41/><N who="3" m="24879" /><G12/><T131/><D131/><U94/><E108/><V56/><F123/><W135/><G89/><T120/><D120/><U78/><E117/><V23/><F11/><W24/><G24/><T1/><D1/><U130/><E130/><V118/><F118/><W33/><G86/><T32/><D8/><N who="1" m="2175" /><E16/><N who="2" m="8247" /><F67/><W119/><G33/><T17/><D32/><U61/><E61/><V73/><F73/><W6/><G129/><T63/><D105/><U133/><E133/><V100/><F100/><W25/><G121/><T20/><D27/><U51/><E90/><V60/><F98/><W88/><G119/><T103/><D96/><U39/><E94/><V76/><F76/><W110/><G135/><T15/><D79/><U99/><E99/><V77/><F77/><W87/><G110/><T9/><D9/><U97/><E97/><V30/><F91/><W116/><G116/><T81/><D15/><U83/><E83/><V28/><F82/><N who="3" m="49271" /><G6/><T132/><D132/><U65/><E65/><V42/><F42/><W37/><G25/><T92/><D81/><U70/><E70/><V35/><F35/><W29/><G64/><T72/><D72/><U38/><AGARI ba="3,0" hai="38,39,43,46,51,75,78,80,112,113,115" m="2175" machi="38" ten="40,1500,0" yaku="15,1" doraHai="128" who="1" fromWho="1" sc="6,-7,334,24,365,-7,295,-10" owari="-1,-50.0,358,45.0,358,16.0,285,-11.0" /></mjloggm>