<mjloggm ver="2.3"><GO type="41" lobby="0"/><UN n0="%E3%81%B2%E3%81%AE%E3%81%8D%E3%82%84%E3%81%BE" n1="%4B%61%6D%69%6B%61%6D%69" n2="%E3%83%AB%E3%83%BC%E3%82%A4%EF%BC%A0%E6%96%B0%E4%B8%96%E7%95%8C" n3="%E2%93%9D%53%75%70%68%78" dan="13,14,14,19" rate="1852.31,1948.24,2022.82,2177.58" sx="M,M,M,M"/><TAIKYOKU oya="0"/><INIT seed="0,0,0,0,5,49" ten="250,250,250,250" oya="0" hai0="3,26,113,79,43,21,54,122,11,10,114,125,70" hai1="134,135,103,19,64,8,96,91,18,37,69,94,104" hai2="129,127,130,73,65,59,95,33,82,89,56,23,34" hai3="2,98,44,6,4,31,30,100,102,58,20,0,108"/><T119/><D70/><U13/><E37/><V12/><F127/><W101/><G108/><T27/><D43/><U74/><E74/><V106/><F106/><W15/><G98/><T115/><D79/><U63/><REACH who="1" step="1"/><E19/><REACH who="1" ten="250,240,250,250" step="2"/><N who="2" m="10727" /><F73/><W117/><G117/><T68/><D115/><U29/><E29/><V53/><F82/><W116/><G31/><T120/><D114/><U60/><E60/><N who="2" m="38023" /><F33/><W83/><G30/><T92/><D113/><U128/><E128/><V133/><F34/><W124/><G83/><T39/><D120/><U97/><AGARI ba="0,1" hai="8,13,18,63,64,69,91,94,96,97,103,104,134,135" machi="97" ten="30,2000,0" yaku="1,1,0,1,53,0" doraHai="49" doraHaiUra="107" who="1" fromWho="1" sc="250,-10,240,30,250,-5,250,-5" /><INIT seed="1,0,0,0,5,19" ten="240,270,245,245" oya="1" hai0="109,129,99,134,75,65,126,90,135,97,53,102,88" hai1="78,13,33,10,58,100,104,39,95,132,108,15,46" hai2="32,57,16,133,18,14,35,52,56,68,107,84,119" hai3="44,111,59,41,122,94,20,54,77,48,79,76,22"/><U66/><E104/><V37/><F107/><W114/><G114/><T105/><D65/><U80/><E33/><V85/><F119/><W113/><G113/><T40/><D40/><U34/><E34/><V55/><F133/><N who="0" m="50698" /><D53/><U131/><E132/><V67/><F67/><W5/><G111/><T60/><D60/><U71/><E71/><V72/><F68/><W6/><G122/><T9/><D9/><U74/><E108/><V127/><F127/><W120/><G120/><T29/><D29/><U121/><E121/><V110/><F110/><W82/><G82/><T87/><D109/><U2/><E58/><V21/><F72/><W83/><G83/><N who="0" m="49279" /><D126/><U8/><E66/><V115/><F115/><W45/><G45/><T26/><D26/><U96/><E131/><V86/><F37/><W112/><G112/><T89/><D129/><U38/><E39/><V128/><F128/><W25/><G25/><T92/><D75/><U42/><REACH who="1" step="1"/><E10/><REACH who="1" ten="240,260,245,245" step="2"/><N who="2" m="6231" /><F32/><W0/><G0/><T123/><D123/><U101/><E101/><AGARI ba="0,1" hai="89,90,92,97,99,101,102,105" m="49279,50698" machi="101" ten="30,7700,0" yaku="20,1,34,2,54,1" doraHai="19" who="0" fromWho="1" sc="240,87,260,-77,245,0,245,0" /><INIT seed="2,0,0,2,1,87" ten="327,183,245,245" oya="2" hai0="57,83,103,70,66,55,126,46,77,24,78,40,105" hai1="32,0,111,113,80,59,20,44,89,26,94,9,112" hai2="104,51,124,5,131,65,11,28,1,18,15,108,129" hai3="49,116,52,53,25,118,48,100,123,17,114,79,41"/><V135/><F104/><W16/><G41/><T37/><D126/><U72/><E111/><V8/><F65/><W22/><G123/><T29/><D105/><U62/><E32/><V75/><F75/><W45/><G114/><T4/><D103/><U134/><E134/><V56/><F108/><W43/><G79/><T125/><D125/><U38/><E44/><V2/><F124/><W35/><G35/><T96/><D96/><U33/><E38/><V120/><F51/><W90/><G100/><T6/><D66/><U19/><E33/><V67/><F56/><W115/><G115/><T97/><D97/><U122/><E122/><V27/><F67/><W132/><G132/><T107/><D107/><U12/><E0/><V109/><F109/><W21/><G90/><T34/><D70/><U86/><E80/><V68/><F68/><W7/><G7/><T91/><D78/><U71/><E72/><V64/><F64/><W54/><REACH who="3" step="1"/><G49/><REACH who="3" ten="327,183,245,235" step="2"/><T93/><D77/><U121/><E121/><V3/><F135/><W60/><G60/><T14/><D6/><U133/><E133/><V36/><F120/><W61/><G61/><T39/><D37/><U102/><E102/><V84/><F36/><W73/><G73/><T106/><D39/><U42/><E42/><V58/><F84/><W81/><G81/><T110/><D83/><U128/><E71/><V127/><F127/><W117/><G117/><T47/><D40/><U10/><E112/><V119/><F119/><W85/><G85/><N who="0" m="52463" /><D110/><U74/><E74/><V130/><F58/><W92/><G92/><T101/><D101/><RYUUKYOKU ba="0,1" sc="327,-15,183,-15,245,15,235,15" hai2="1,2,3,5,8,11,15,18,27,28,129,130,131" hai3="16,17,21,22,25,43,45,48,52,53,54,116,118" /><INIT seed="2,1,1,5,2,41" ten="312,168,260,250" oya="2" hai0="116,4,31,27,28,42,25,18,56,36,32,57,101" hai1="75,79,54,1,68,45,125,92,111,114,112,48,122" hai2="46,38,50,73,109,62,30,63,11,40,17,94,39" hai3="127,49,60,103,43,55,0,74,80,132,20,124,121"/><V51/><F73/><W128/><G0/><T14/><D101/><U22/><E68/><V106/><F106/><W37/><G103/><T16/><D42/><U119/><E119/><V3/><F30/><W77/><G121/><T98/><D36/><U95/><E1/><V8/><F17/><N who="0" m="6762" /><D56/><U104/><E104/><V65/><F62/><W84/><G128/><T67/><D57/><U5/><E5/><V91/><F39/><W105/><G132/><T96/><D67/><U123/><E79/><V83/><F83/><W12/><G105/><T24/><D96/><U110/><E75/><V100/><F100/><W59/><G37/><T117/><D98/><U129/><E22/><V118/><F118/><N who="0" m="45674" /><D32/><U115/><E95/><V10/><F109/><N who="1" m="41481" /><E92/><V88/><F3/><W9/><G20/><T82/><D82/><U93/><E93/><V76/><F76/><W108/><G108/><T102/><D102/><U90/><E90/><N who="2" m="34347" /><F94/><W34/><G34/><T26/><N who="0" m="6144" /><DORA hai="70" /><T85/><D85/><U69/><E69/><V15/><F38/><W72/><G72/><T2/><D2/><U64/><E64/><V29/><F50/><W113/><G74/><T44/><D44/><U99/><E99/><V86/><F86/><W126/><G84/><T71/><D71/><U131/><E123/><V133/><F40/><W58/><G43/><T23/><D23/><U52/><E122/><V33/><F65/><N who="3" m="39063" /><G80/><T21/><D21/><U135/><E135/><V130/><F33/><W134/><G77/><T81/><D81/><U61/><E125/><V6/><F133/><W97/><G134/><RYUUKYOKU ba="1,1" sc="312,15,168,15,260,-15,250,-15" hai0="4,14,28,31" hai1="45,48,52,54,61,112,114,115,129,131" /><INIT seed="3,2,1,1,0,17" ten="327,183,245,235" oya="3" hai0="43,133,8,81,103,126,19,12,119,123,80,14,39" hai1="37,76,135,61,57,90,63,45,2,34,92,66,111" hai2="25,30,42,67,35,100,112,122,59,79,131,47,84" hai3="54,72,21,53,38,89,7,4,56,65,110,16,130"/><W41/><G72/><T125/><D123/><U97/><E34/><V27/><F122/><W118/><G118/><T32/><D32/><U6/><E111/><V96/><F112/><W73/><G73/><T68/><D68/><U86/><E2/><V82/><F131/><W28/><G28/><T77/><D119/><U83/><E6/><N who="3" m="2090" /><G38/><T1/><D1/><U101/><E135/><V40/><F42/><W69/><G69/><T85/><D103/><U22/><E37/><V58/><F67/><W29/><G29/><T48/><D39/><U31/><E45/><V102/><F102/><W9/><G9/><T127/><D14/><U62/><E76/><V117/><F117/><W106/><G106/><T134/><D81/><U105/><E105/><V93/><F27/><AGARI ba="2,1" hai="22,27,31,57,61,62,63,66,83,86,90,92,97,101" machi="27" ten="40,8000,1" yaku="25,2,8,1,52,1" doraHai="17" who="1" fromWho="2" sc="327,0,183,96,245,-86,235,0" /><INIT seed="4,0,0,3,0,46" ten="327,279,159,235" oya="0" hai0="12,84,71,20,124,125,95,131,1,27,23,102,118" hai1="60,40,64,116,93,54,44,121,13,113,96,7,68" hai2="52,100,80,103,50,62,89,119,22,101,10,30,42" hai3="91,57,8,39,112,35,36,21,34,41,61,104,38"/><T17/><D118/><U77/><E116/><V0/><F42/><W4/><G104/><T25/><D71/><U105/><E105/><V63/><F119/><W90/><G112/><T16/><D102/><U49/><E121/><V127/><F127/><N who="0" m="48714" /><D84/><U133/><E133/><V19/><F30/><W51/><G21/><N who="0" m="11399" /><D95/><U11/><E77/><V66/><F66/><W81/><G91/><T130/><D1/><U83/><E83/><V82/><F10/><W85/><G8/><T18/><AGARI ba="0,0" hai="17,18,20,23,25,27,130,131" m="11399,48714" machi="18" ten="30,11700,0" yaku="18,1,34,2,54,1" doraHai="46" who="0" fromWho="0" sc="327,117,279,-39,159,-39,235,-39" /><INIT seed="4,1,0,2,3,110" ten="444,240,120,196" oya="0" hai0="33,75,108,107,38,124,72,22,36,103,68,88,131" hai1="99,81,112,41,15,51,128,106,56,133,100,25,45" hai2="5,40,65,116,27,8,85,32,29,21,115,30,92" hai3="70,17,46,13,93,125,87,96,89,57,3,35,132"/><T86/><D68/><U130/><E133/><V0/><F65/><W6/><G35/><T79/><D33/><U111/><E111/><V53/><F40/><W20/><G70/><T95/><D22/><U119/><E119/><V101/><F116/><W77/><G125/><T109/><D36/><U66/><E25/><V114/><F53/><W80/><G132/><T60/><D60/><U55/><E81/><V84/><F101/><W39/><G3/><T44/><D44/><U62/><E15/><V117/><F117/><W118/><G118/><T105/><D38/><U134/><E134/><V18/><F29/><W54/><G39/><T4/><D4/><U82/><E82/><V1/><F1/><W90/><G6/><T127/><D131/><N who="1" m="50219" /><E66/><V120/><F120/><W83/><G46/><T23/><D23/><U104/><E104/><N who="0" m="40009" /><D103/><U63/><E63/><V7/><F7/><W102/><REACH who="3" step="1"/><G83/><REACH who="3" ten="444,240,120,186" step="2"/><N who="0" m="45567" /><D72/><U58/><E56/><V94/><F32/><W43/><G43/><T12/><D12/><U42/><E41/><V76/><F0/><W61/><AGARI ba="1,1" hai="13,17,20,54,57,61,77,80,87,89,90,93,96,102" machi="61" ten="20,5200,0" yaku="1,1,0,1,7,1,8,1,53,0" doraHai="110" doraHaiUra="37" who="3" fromWho="3" sc="444,-27,240,-14,120,-14,186,65" /><INIT seed="5,0,0,5,5,82" ten="417,226,106,251" oya="1" hai0="52,104,100,19,51,33,47,20,64,31,111,89,117" hai1="11,56,36,61,98,99,5,127,77,13,70,26,114" hai2="130,68,27,134,17,109,69,74,58,110,121,1,85" hai3="72,45,54,76,95,35,41,6,83,57,42,9,113"/><U15/><E114/><V48/><F74/><W79/><G35/><T97/><D111/><U80/><E127/><V105/><F105/><W12/><G113/><T133/><D117/><U122/><E122/><V8/><F121/><W78/><G42/><T115/><D115/><U106/><E70/><V50/><F1/><W129/><G129/><T32/><D133/><U3/><E36/><V53/><F134/><W63/><REACH who="3" step="1"/><G95/><REACH who="3" ten="417,226,106,241" step="2"/><T94/><D31/><U92/><E106/><V112/><F130/><W102/><G102/><T25/><REACH who="0" step="1"/><D64/><REACH who="0" ten="407,226,106,241" step="2"/><U124/><E124/><V39/><F112/><W44/><G44/><T119/><D119/><U55/><E26/><V10/><F27/><W84/><G84/><AGARI ba="0,2" hai="19,20,25,32,33,47,51,52,84,89,94,97,100,104" machi="84" ten="30,7700,0" yaku="1,1,7,1,52,1,54,1,53,0" doraHai="82" doraHaiUra="132" who="0" fromWho="3" sc="407,97,226,0,106,0,241,-77" /><INIT seed="6,0,0,1,5,123" ten="504,226,106,164" oya="2" hai0="47,14,34,102,8,90,68,130,4,36,66,53,89" hai1="62,92,48,94,2,114,127,84,21,98,113,49,119" hai2="13,59,42,15,106,125,129,28,95,16,78,57,17" hai3="135,37,19,50,83,64,38,45,63,80,128,101,81"/><V111/><F106/><W39/><G128/><T23/><D34/><U70/><E119/><V60/><F129/><W26/><G135/><T110/><D110/><U18/><E2/><V93/><F125/><W0/><G0/><T61/><D130/><U32/><E32/><V41/><F28/><W77/><G101/><T46/><D102/><U5/><E5/><V11/><F78/><W7/><G7/><T24/><D47/><U116/><E127/><V88/><F111/><W22/><G77/><T97/><D97/><U134/><E134/><V131/><F131/><W65/><REACH who="3" step="1"/><G63/><REACH who="3" ten="504,226,106,154" step="2"/><T58/><D36/><U73/><E62/><V126/><F126/><W99/><G99/><T20/><D46/><U44/><E44/><V52/><F59/><W82/><N who="3" m="21248" /><DORA hai="124" /><W71/><G71/><T29/><REACH who="0" step="1"/><D23/><REACH who="0" ten="494,226,106,154" step="2"/><U112/><E21/><N who="2" m="11407" /><F93/><W69/><G69/><T115/><D115/><U109/><E70/><V79/><F79/><W55/><AGARI ba="0,2" hai="19,22,26,37,38,39,45,50,55,64,65" m="21248" machi="55" ten="50,3200,0" yaku="1,1,0,1,53,0" doraHai="123,124" doraHaiUra="108,117" who="3" fromWho="3" sc="494,-8,226,-8,106,-16,154,52" /><INIT seed="7,0,0,0,5,96" ten="486,218,90,206" oya="3" hai0="132,22,64,104,56,109,62,36,84,58,23,101,49" hai1="33,116,119,81,123,9,29,50,52,82,26,8,12" hai2="55,47,60,63,38,14,79,2,125,83,94,120,127" hai3="32,44,31,53,61,86,97,110,115,5,113,46,25"/><W35/><G5/><T118/><D109/><U89/><E123/><V67/><F2/><W41/><G110/><T27/><D118/><N who="1" m="45099" /><E89/><V70/><F94/><W134/><G134/><T112/><D112/><N who="3" m="43081" /><G86/><T51/><D56/><N who="1" m="32791" /><E9/><V122/><F83/><W130/><G130/><T75/><D84/><U102/><E102/><V69/><F79/><W1/><G1/><T121/><D23/><U17/><AGARI ba="0,0" hai="8,12,17,26,29,33,81,82" m="32791,45099" machi="17" ten="30,2000,0" yaku="12,1,54,1" doraHai="96" who="1" fromWho="1" sc="486,-5,218,20,90,-5,206,-10" owari="481,57.0,238,4.0,85,-41.0,196,-20.0" /></mjloggm>