<mjloggm ver="2.3"><GO type="41" lobby="0"/><UN n0="%79%79%6F%6F%73%73" n1="%E2%93%9D%53%75%70%68%78" n2="%73%61%6B%69%2D%E6%9E%97" n3="%E3%83%91%E3%83%83%E3%82%AF%E3%83%B3%4B" dan="14,19,14,13" rate="2004.72,2214.04,2041.38,1801.08" sx="M,M,M,M"/><TAIKYOKU oya="0"/><INIT seed="0,0,0,4,0,44" ten="250,250,250,250" oya="0" hai0="3,12,83,97,98,134,38,91,82,106,74,53,14" hai1="88,52,34,8,57,7,81,117,89,30,79,10,19" hai2="94,103,55,43,130,47,58,111,122,72,31,96,92" hai3="42,64,63,36,20,113,16,18,105,26,86,121,40"/><T70/><D70/><U2/><E117/><V62/><F72/><W116/><G105/><T119/><D119/><U49/><E30/><V84/><F111/><W29/><G116/><T6/><D38/><U87/><REACH who="1" step="1"/><E34/><REACH who="1" ten="250,240,250,250" step="2"/><V123/><F130/><W133/><G121/><T110/><D110/><U22/><E22/><V35/><F31/><W17/><G29/><T13/><D134/><U68/><E68/><V118/><F35/><W21/><G133/><T37/><D6/><U114/><E114/><V80/><F118/><W100/><G113/><T128/><D128/><U59/><E59/><V24/><F24/><W85/><G21/><T69/><D69/><U99/><E99/><V60/><F122/><W125/><G125/><T107/><D98/><U108/><E108/><V95/><F123/><W124/><G124/><T11/><D97/><U129/><E129/><V27/><F27/><W93/><G26/><T28/><D28/><U61/><E61/><V120/><F60/><W115/><G115/><T15/><D11/><U135/><E135/><V65/><F120/><W90/><G20/><T1/><D107/><U102/><E102/><V126/><F126/><W127/><G127/><T132/><D106/><U66/><E66/><V71/><F65/><W41/><G63/><T0/><D132/><U56/><E56/><V48/><REACH who="2" step="1"/><F71/><REACH who="2" ten="250,240,240,250" step="2"/><W109/><G64/><T73/><D73/><U4/><E4/><V131/><F131/><W45/><G109/><T33/><D74/><U76/><E76/><AGARI ba="0,2" hai="43,47,48,55,58,62,76,80,84,92,94,95,96,103" machi="76" ten="30,7700,0" yaku="1,1,7,1,8,1,52,1,53,0" doraHai="44" doraHaiUra="112" who="2" fromWho="1" sc="250,0,240,-77,240,97,250,0" /><INIT seed="1,0,0,5,3,95" ten="250,163,337,250" oya="1" hai0="48,40,108,133,3,15,54,36,127,12,131,118,129" hai1="91,39,4,80,78,134,94,97,74,7,128,132,52" hai2="84,46,99,45,33,87,27,44,77,55,28,23,41" hai3="81,104,18,62,53,11,130,22,50,5,112,79,110"/><U58/><E39/><V64/><F64/><W14/><G110/><T67/><D108/><U101/><E128/><N who="0" m="49225" /><D3/><U47/><E47/><V126/><F33/><W85/><G130/><T17/><D118/><U32/><E32/><V37/><F126/><W82/><G104/><T9/><D127/><U63/><REACH who="1" step="1"/><E101/><REACH who="1" ten="250,153,337,250" step="2"/><V117/><F44/><N who="3" m="27847" /><G112/><T10/><D36/><U71/><E71/><V68/><F68/><W88/><G62/><T120/><D120/><U60/><E60/><V92/><F117/><W123/><G123/><T96/><D133/><AGARI ba="0,1" hai="4,7,52,58,63,74,78,80,91,94,97,132,133,134" machi="133" ten="40,12000,1" yaku="1,1,20,1,52,1,54,1,53,0" doraHai="95" doraHaiUra="111" who="1" fromWho="0" sc="250,-120,153,130,337,0,250,0" /><INIT seed="1,1,0,1,1,114" ten="130,283,337,250" oya="1" hai0="75,33,10,78,13,37,101,55,74,112,40,126,68" hai1="56,60,12,135,83,90,61,92,54,43,47,63,27" hai2="76,66,16,21,2,67,53,104,11,88,116,96,48" hai3="3,35,17,23,79,7,32,99,100,108,49,39,124"/><U42/><E135/><V95/><F116/><W52/><G124/><T121/><D126/><U110/><E110/><V69/><F69/><W113/><G39/><T86/><D112/><U25/><E83/><V30/><F104/><W71/><G71/><T0/><D0/><U107/><E107/><V115/><F115/><W38/><G38/><T105/><D33/><U18/><E27/><N who="2" m="16751" /><F2/><W133/><G133/><T26/><D68/><U125/><E25/><V64/><F76/><W106/><G113/><T123/><D26/><U50/><E125/><V94/><F95/><W120/><G108/><T20/><D20/><U72/><E72/><V59/><F64/><W22/><G79/><T132/><D132/><U130/><E130/><V62/><F48/><W70/><G70/><T57/><D40/><U34/><E34/><V118/><F118/><W29/><G23/><T15/><D37/><U31/><E31/><V93/><F94/><W98/><G98/><T117/><D117/><U103/><E103/><V36/><F36/><W58/><G29/><T81/><D101/><U24/><E24/><V80/><F80/><W51/><G51/><N who="0" m="30975" /><D105/><U44/><E43/><V28/><F28/><W122/><G122/><N who="0" m="46603" /><D15/><AGARI ba="1,0" hai="11,15,16,53,59,62,66,67,88,93,96" m="16751" machi="15" ten="30,3900,0" yaku="8,1,54,2" doraHai="114" who="2" fromWho="0" sc="130,-42,283,0,337,42,250,0" /><INIT seed="2,0,0,0,1,48" ten="88,283,379,250" oya="2" hai0="83,11,42,41,74,104,84,108,93,47,79,87,95" hai1="18,81,132,121,63,106,44,100,126,109,6,75,65" hai2="92,131,9,96,127,33,66,88,85,133,68,3,69" hai3="129,50,38,19,102,124,23,21,116,71,43,107,97"/><V125/><F33/><W91/><G116/><T64/><D104/><U36/><E109/><V118/><F118/><W123/><G123/><T30/><D108/><U130/><E130/><V49/><F131/><W134/><G129/><T77/><D74/><U15/><E132/><V120/><F120/><W10/><G124/><N who="2" m="47689" /><F133/><W32/><G134/><T99/><D30/><U45/><E6/><N who="2" m="1247" /><F66/><W12/><G71/><N who="2" m="27209" /><F49/><W60/><G32/><T25/><D64/><U39/><E39/><V1/><F1/><W53/><G60/><T114/><D114/><U51/><E36/><V90/><F85/><W7/><G91/><AGARI ba="0,0" hai="88,90,91,92,96" m="27209,1247,47689" machi="91" ten="30,2900,0" yaku="18,1,54,1" doraHai="48" who="2" fromWho="3" sc="88,0,283,0,379,29,250,-29" /><INIT seed="2,1,0,4,4,101" ten="88,283,408,221" oya="2" hai0="39,22,88,71,12,92,56,57,1,128,66,10,27" hai1="40,123,94,73,134,104,34,102,70,91,18,7,37" hai2="116,97,59,41,77,15,81,65,69,75,62,42,64" hai3="72,132,106,54,83,86,74,133,121,78,68,3,118"/><V100/><F116/><W45/><G3/><T112/><D128/><U11/><E134/><N who="3" m="51818" /><G68/><T63/><D39/><U135/><E123/><V125/><F125/><W4/><G4/><T28/><D112/><U87/><E34/><V33/><F33/><W99/><G118/><T119/><D1/><U2/><E73/><V24/><F65/><W31/><G31/><T105/><D105/><U38/><E40/><V124/><F124/><W108/><G108/><T115/><D115/><U47/><E47/><V61/><F24/><W0/><G0/><T98/><REACH who="0" step="1"/><D119/><REACH who="0" ten="78,283,408,221" step="2"/><U23/><E135/><V32/><F69/><W25/><G121/><T82/><D82/><U17/><E70/><V129/><F129/><W55/><G25/><T90/><D90/><U131/><E131/><V51/><F81/><W85/><G85/><T67/><D67/><U43/><E38/><V117/><F64/><W14/><G14/><T50/><D50/><U21/><E37/><V53/><F15/><W8/><G74/><T19/><AGARI ba="1,1" hai="10,12,19,22,27,28,56,57,63,66,71,88,92,98" machi="19" ten="20,5200,0" yaku="1,1,0,1,7,1,54,1,53,0" doraHai="101" doraHaiUra="120" who="0" fromWho="0" sc="78,65,283,-14,408,-27,221,-14" /><INIT seed="3,0,0,4,3,101" ten="143,269,381,207" oya="3" hai0="38,95,34,41,3,44,15,55,93,57,133,63,51" hai1="71,97,32,17,67,13,91,27,35,69,125,48,45" hai2="106,49,105,26,9,83,81,72,14,135,58,126,107" hai3="79,128,129,112,99,134,2,100,59,131,12,11,89"/><W66/><G134/><T30/><D3/><U130/><E130/><V109/><F109/><W65/><G2/><T10/><D133/><U5/><E5/><V16/><F135/><W127/><G79/><T21/><D34/><U20/><E125/><V6/><F126/><W8/><G127/><T56/><D21/><U54/><E67/><V92/><F72/><W70/><G89/><T60/><D30/><U103/><E91/><V96/><F26/><W29/><G29/><T19/><REACH who="0" step="1"/><D38/><REACH who="0" ten="133,269,381,207" step="2"/><U121/><E35/><V23/><F23/><W1/><G1/><T115/><D115/><U39/><E39/><V78/><F78/><W114/><G70/><T22/><D22/><U132/><E132/><V53/><REACH who="2" step="1"/><F6/><REACH who="2" ten="133,269,371,207" step="2"/><N who="3" m="3095" /><G11/><T116/><D116/><U117/><E117/><V31/><F31/><W120/><G120/><T4/><D4/><U64/><E121/><V85/><F85/><W47/><G47/><T87/><D87/><U76/><E76/><V75/><F75/><W84/><G84/><T24/><D24/><U113/><E27/><V33/><F33/><W119/><G119/><T86/><D86/><U68/><E32/><V25/><F25/><W90/><G90/><AGARI ba="0,2" hai="9,14,16,49,53,58,81,83,90,92,96,105,106,107" machi="90" ten="40,8000,1" yaku="1,1,52,3,54,1,53,0" doraHai="101" doraHaiUra="18" who="2" fromWho="3" sc="133,0,269,0,371,100,207,-80" /><INIT seed="4,0,0,4,4,93" ten="133,269,471,127" oya="0" hai0="9,115,31,94,70,86,34,87,85,15,60,83,48" hai1="52,3,97,27,81,95,14,91,65,120,84,59,17" hai2="53,73,41,10,134,101,6,82,103,119,19,109,107" hai3="58,112,4,110,51,0,113,99,66,47,128,28,56"/><T131/><D115/><N who="3" m="44105" /><G128/><T36/><D36/><U132/><E132/><V11/><F134/><W122/><G28/><T2/><D2/><U50/><E120/><V96/><F103/><W75/><G75/><T124/><D124/><U43/><E3/><V130/><F130/><W71/><G110/><T88/><D131/><U105/><E105/><V68/><F68/><W89/><G122/><T7/><D34/><U54/><E27/><V98/><F107/><W25/><G25/><T104/><D104/><U111/><E111/><V114/><F101/><W35/><G35/><T32/><D31/><U78/><E65/><V79/><F41/><N who="3" m="25071" /><G4/><T29/><D29/><U100/><E54/><V1/><F109/><W106/><G0/><T16/><D32/><U42/><E100/><V38/><F38/><W45/><G45/><T129/><D129/><U13/><E13/><V22/><F119/><W121/><G121/><T92/><D7/><U127/><E127/><V44/><F10/><AGARI ba="0,0" hai="10,14,17,42,43,50,52,59,78,81,84,91,95,97" machi="10" ten="30,7700,0" yaku="7,1,8,1,52,1,54,1" doraHai="93" who="1" fromWho="2" sc="133,0,269,77,471,-77,127,0" /><INIT seed="5,0,0,3,1,17" ten="133,346,394,127" oya="1" hai0="25,110,124,63,68,52,20,119,15,46,49,2,123" hai1="58,54,109,26,118,55,27,36,57,90,39,48,66" hai2="82,5,127,3,120,65,51,93,35,95,122,21,45" hai3="70,10,28,114,84,113,72,88,78,31,131,41,134"/><U130/><E118/><V16/><F35/><W62/><G134/><T61/><D110/><U128/><E90/><V73/><F127/><W71/><G41/><T30/><D2/><U29/><E29/><V18/><F18/><W34/><G131/><N who="1" m="50218" /><E27/><V14/><F65/><W22/><G34/><T6/><D124/><U59/><E26/><V47/><F45/><W74/><G10/><N who="0" m="4567" /><D68/><U85/><E85/><V112/><F93/><N who="3" m="54407" /><G78/><T0/><D123/><U111/><E66/><V108/><F95/><W76/><G76/><T40/><D0/><U125/><E125/><V7/><F82/><W42/><G42/><T64/><D119/><U87/><E87/><V86/><F86/><W37/><G37/><N who="1" m="14410" /><E48/><V132/><F51/><W12/><G62/><N who="0" m="23563" /><D64/><U126/><E126/><V96/><F120/><W44/><G44/><T53/><AGARI ba="0,0" hai="20,25,30,40,46,49,52,53" m="23563,4567" machi="53" ten="30,4000,0" yaku="8,1,52,1,54,1" doraHai="17" who="0" fromWho="0" sc="133,40,346,-20,394,-10,127,-10" /><INIT seed="6,0,0,0,2,60" ten="173,326,384,117" oya="2" hai0="46,129,25,73,76,88,102,36,115,15,130,81,70" hai1="12,121,13,133,99,24,2,104,126,134,131,17,10" hai2="85,100,67,29,42,66,38,6,74,56,27,94,0" hai3="107,69,7,49,1,98,105,91,82,84,52,55,132"/><V48/><F38/><W117/><G117/><T72/><D115/><U33/><E99/><N who="2" m="59511" /><F74/><W21/><G69/><T114/><D114/><U45/><E45/><N who="2" m="25655" /><F0/><W47/><G132/><N who="1" m="50794" /><E104/><V14/><F56/><W112/><G112/><T97/><D70/><U78/><E78/><V35/><F35/><W61/><G21/><T18/><D73/><U128/><E121/><V64/><F85/><W77/><G107/><T108/><D72/><U11/><E2/><V122/><F122/><W90/><G105/><T75/><D75/><U30/><E126/><V101/><F101/><W120/><G120/><T93/><D102/><U118/><E118/><V8/><F27/><W26/><G26/><T16/><D25/><U37/><E37/><V32/><F32/><W113/><G113/><T57/><D57/><U92/><E92/><V125/><F125/><W34/><G34/><T51/><D36/><U86/><E86/><V135/><F135/><W127/><G127/><T3/><D3/><U40/><E40/><V80/><F80/><W39/><G39/><T110/><D81/><U62/><E62/><V44/><F44/><W58/><REACH who="3" step="1"/><G98/><REACH who="3" ten="173,326,384,107" step="2"/><T23/><D97/><U103/><E103/><V28/><AGARI ba="0,1" hai="6,8,14,28,29,64,66,67" m="25655,59511" machi="28" ten="30,11700,0" yaku="8,1,52,3" doraHai="60" who="2" fromWho="2" sc="173,-39,326,-39,384,127,107,-39" /><INIT seed="6,1,0,4,2,119" ten="134,287,511,68" oya="2" hai0="28,14,79,71,55,46,22,67,9,133,132,48,40" hai1="85,130,21,10,96,77,0,94,129,107,34,47,49" hai2="18,65,126,23,7,43,30,52,33,87,103,88,120" hai3="3,8,117,91,57,45,101,111,36,68,41,76,110"/><V15/><F120/><W44/><G101/><T108/><D108/><U69/><E69/><V78/><F126/><W122/><G68/><T74/><D74/><U56/><E34/><V24/><F78/><W80/><G45/><T92/><D79/><U20/><E56/><V131/><F131/><W54/><G91/><T90/><D67/><U13/><E0/><V95/><F65/><W27/><G27/><T12/><D71/><U59/><E107/><V62/><F43/><W53/><G117/><T105/><D105/><U38/><E38/><V82/><F7/><W26/><G26/><T83/><D83/><U93/><E59/><N who="2" m="35175" /><F103/><W84/><G54/><T102/><D102/><U124/><E96/><V16/><F33/><W6/><REACH who="3" step="1"/><G122/><REACH who="3" ten="134,287,511,58" step="2"/><T64/><D55/><U116/><E116/><V5/><F82/><W121/><G121/><T42/><D64/><U114/><E130/><V4/><F30/><W25/><G25/><T112/><D42/><U127/><E129/><V135/><F135/><W51/><AGARI ba="1,1" hai="3,6,8,36,41,44,51,53,57,76,80,84,110,111" machi="51" ten="20,2700,0" yaku="1,1,0,1,7,1,53,0" doraHai="119" doraHaiUra="134" who="3" fromWho="3" sc="134,-8,287,-8,511,-14,58,40" /><INIT seed="7,0,0,0,0,132" ten="126,279,497,98" oya="3" hai0="59,54,108,9,44,91,74,84,85,11,48,57,2" hai1="36,120,6,4,127,69,71,46,129,58,125,107,112" hai2="3,35,43,28,93,7,128,23,89,73,26,123,95" hai3="102,97,133,92,15,65,41,5,103,94,77,82,10"/><W114/><G133/><T14/><D108/><U1/><E129/><V99/><F73/><W8/><G65/><T39/><D74/><U38/><E112/><V68/><F68/><N who="1" m="26185" /><E120/><V118/><F118/><W31/><G31/><T131/><D131/><U61/><E107/><V55/><F128/><W105/><G114/><T60/><D2/><U50/><E6/><V122/><F55/><W64/><G64/><N who="0" m="38927" /><D39/><N who="1" m="14891" /><E4/><V62/><F23/><W119/><G119/><T135/><D135/><U86/><E86/><N who="0" m="33385" /><D91/><U22/><E22/><V30/><F93/><W29/><G29/><T12/><D44/><U45/><E1/><V67/><F26/><W66/><G66/><T104/><D104/><U130/><E130/><V78/><F7/><W32/><G32/><T80/><D80/><U16/><E16/><V88/><F89/><W19/><G103/><T87/><D87/><U96/><E96/><V90/><F78/><W20/><G20/><T117/><D117/><U63/><E46/><V40/><F28/><W110/><G110/><T124/><D11/><U17/><E17/><V113/><F95/><W101/><G101/><T0/><D0/><U70/><E70/><V47/><F99/><W81/><G81/><T18/><D12/><U109/><E109/><V52/><F47/><W106/><G106/><T72/><D72/><U83/><E83/><V121/><F30/><W75/><REACH who="3" step="1"/><G41/><REACH who="3" ten="126,279,497,88" step="2"/><T134/><D134/><U24/><E24/><V111/><F90/><W42/><G42/><T115/><D115/><U53/><E53/><V79/><F52/><W126/><G126/><T33/><D124/><RYUUKYOKU ba="0,1" sc="126,15,279,-15,497,-15,88,15" hai0="9,14,18,33,48,54,59" hai3="5,8,10,15,19,75,77,82,92,94,97,102,105" /><INIT seed="7,1,1,1,4,28" ten="141,264,482,103" oya="3" hai0="68,19,13,115,82,10,83,89,31,30,14,62,100" hai1="49,3,76,66,119,94,126,87,51,132,92,116,101" hai2="24,33,1,98,57,85,96,90,112,79,74,27,113" hai3="60,106,121,52,36,18,37,108,86,125,105,45,17"/><W63/><G121/><T75/><D115/><N who="2" m="44106" /><F1/><W7/><G125/><T12/><D100/><U15/><E132/><V26/><F57/><W44/><G7/><T54/><D75/><U103/><E15/><N who="0" m="5705" /><D68/><U43/><E43/><V61/><F61/><W8/><G8/><T53/><D53/><U6/><E87/><V29/><F79/><W81/><G81/><N who="0" m="30731" /><D89/><U50/><E126/><V9/><F9/><W80/><G80/><T134/><D134/><U73/><E66/><V47/><F47/><W127/><G127/><T42/><D42/><U69/><E69/><V135/><F74/><W2/><G2/><T59/><AGARI ba="1,1" hai="10,14,19,30,31,54,59,62" m="30731,5705" machi="59" ten="30,1100,0" yaku="8,1" doraHai="28" who="0" fromWho="0" sc="141,24,264,-4,482,-4,103,-6" owari="165,-23.0,260,6.0,478,57.0,97,-40.0" /></mjloggm>