<mjloggm ver="2.3"><GO type="41" lobby="0"/><UN n0="%E3%82%AA%E3%82%B8%E3%82%AD%E3%83%B3%E3%82%B0" n1="%E5%A7%89%E5%A6%B9%E3%82%AD%E3%82%B9" n2="%E3%83%A9%E3%83%BC%E3%82%AF%E3%83%9E%E3%82%A4%E3%83%AB%E3%83%89" n3="%E2%93%9D%53%75%70%68%78" dan="13,14,15,19" rate="1801.67,1886.45,2035.03,2234.89" sx="M,F,M,M"/><TAIKYOKU oya="0"/><INIT seed="0,0,0,1,5,49" ten="250,250,250,250" oya="0" hai0="14,62,77,70,123,52,72,75,115,111,102,80,21" hai1="104,129,13,108,22,32,41,65,86,37,30,98,81" hai2="121,16,23,74,95,107,130,6,4,105,132,3,47" hai3="36,53,100,42,103,124,35,94,29,120,99,119,93"/><T89/><D123/><U8/><E108/><V110/><F110/><W135/><G119/><T31/><D115/><U73/><E32/><V79/><F121/><W57/><G135/><T9/><D111/><U116/><E116/><V78/><F130/><W133/><G133/><T39/><D39/><U112/><E129/><V96/><F132/><W15/><G124/><T66/><D102/><U18/><E73/><V122/><F122/><W113/><G113/><T2/><D2/><U83/><E112/><V71/><F71/><W34/><G42/><T25/><D89/><U61/><E41/><V134/><F105/><W67/><G67/><T128/><D128/><U84/><E37/><V17/><F107/><W46/><G46/><T38/><D38/><U40/><E40/><V44/><F95/><W63/><G36/><T48/><D75/><U55/><E86/><V91/><F74/><W24/><G15/><T7/><REACH who="0" step="1"/><D48/><REACH who="0" ten="240,250,250,250" step="2"/><U69/><E104/><V109/><F91/><W118/><G120/><T5/><D5/><U92/><E61/><V68/><F134/><W45/><G118/><T131/><D131/><U88/><E88/><V58/><F3/><W127/><G127/><T10/><D10/><U64/><E8/><V76/><F109/><W1/><G1/><T106/><D106/><U126/><E126/><V33/><F4/><W27/><G103/><T125/><D125/><U85/><E69/><V60/><F6/><W87/><G100/><T50/><D50/><U114/><E114/><V101/><F68/><W19/><G63/><T97/><D97/><U12/><E98/><RYUUKYOKU ba="0,1" sc="240,30,250,-10,250,-10,250,-10" hai0="7,9,14,21,25,31,52,62,66,70,72,77,80" /><INIT seed="0,1,1,2,0,120" ten="270,240,240,240" oya="0" hai0="121,66,128,115,10,85,45,5,104,24,8,54,134" hai1="82,124,78,63,92,119,93,29,16,47,28,77,17" hai2="30,46,50,37,122,131,68,53,126,65,117,34,112" hai3="1,35,2,15,80,132,116,22,125,20,89,72,52"/><T114/><D121/><U118/><E63/><V26/><F122/><W41/><G41/><T21/><D104/><U18/><E47/><V73/><F112/><W101/><G35/><T129/><D66/><U58/><E58/><V95/><F95/><N who="1" m="36425" /><E82/><V19/><F117/><N who="1" m="44553" /><E124/><V25/><F126/><W113/><G125/><T76/><D76/><AGARI ba="1,1" hai="16,17,18,28,29,76,77,78" m="44553,36425" machi="76" ten="40,5200,0" yaku="28,2,54,1" doraHai="120" who="1" fromWho="0" sc="270,-55,240,65,240,0,240,0" /><INIT seed="1,0,0,5,1,8" ten="215,305,240,240" oya="1" hai0="100,65,4,109,107,35,5,51,58,6,80,131,7" hai1="57,21,122,119,99,118,88,13,125,10,52,47,79" hai2="61,70,56,73,9,29,69,33,42,72,18,101,92" hai3="66,87,90,36,46,105,25,31,48,123,64,98,54"/><U14/><E122/><V135/><F135/><W28/><G123/><T37/><D37/><U85/><E125/><V108/><F108/><W91/><G36/><T30/><D109/><U120/><E120/><V128/><F128/><W39/><G39/><T15/><D131/><U94/><E119/><V113/><F42/><W83/><G31/><T86/><D107/><U114/><E114/><V104/><F104/><W130/><G130/><T77/><D100/><N who="1" m="60535" /><E118/><V27/><F73/><W110/><G110/><T32/><D30/><U115/><E79/><V124/><F72/><W96/><G105/><T126/><D126/><U50/><E21/><V95/><F95/><W44/><G44/><T116/><D116/><U23/><E23/><V1/><F113/><W55/><G55/><N who="0" m="32127" /><D35/><U62/><E115/><V132/><F132/><W34/><REACH who="3" step="1"/><G91/><REACH who="3" ten="215,305,240,230" step="2"/><N who="0" m="51655" /><D32/><U11/><E10/><V43/><F124/><W59/><G59/><T60/><D77/><U0/><E11/><V41/><F69/><W71/><G71/><T49/><D49/><U63/><E0/><V20/><F70/><W78/><G78/><T89/><D89/><U82/><E63/><V121/><F121/><W40/><G40/><AGARI ba="0,1" hai="13,14,40,47,50,52,57,62,82,85,88" m="60535" machi="40" ten="30,12000,1" yaku="8,1,52,2,54,2" doraHai="8" who="1" fromWho="3" sc="215,0,305,130,240,0,230,-120" /><INIT seed="1,1,0,1,5,7" ten="215,435,240,110" oya="1" hai0="10,14,37,84,41,18,75,66,30,93,124,83,115" hai1="94,48,8,98,82,109,52,23,71,33,127,59,49" hai2="79,116,40,86,133,103,13,17,135,31,126,77,62" hai3="68,91,120,57,88,42,121,119,112,51,131,99,123"/><U114/><E114/><V11/><F116/><W46/><G112/><T15/><D115/><U64/><E33/><V117/><F117/><W26/><G119/><T47/><D75/><U81/><E127/><V118/><F126/><W90/><G68/><T1/><D1/><U105/><E105/><V2/><F40/><W61/><G131/><T72/><D72/><U28/><E109/><V85/><F103/><W43/><G43/><T54/><D124/><U6/><E49/><V20/><F118/><W32/><G32/><T87/><D66/><U111/><E111/><V53/><F85/><W92/><REACH who="3" step="1"/><G26/><REACH who="3" ten="215,435,240,100" step="2"/><T78/><D30/><U39/><E71/><V104/><F135/><W130/><G130/><T21/><D54/><AGARI ba="1,1" hai="42,46,51,54,57,61,88,90,91,92,99,120,121,123" machi="54" ten="40,2600,0" yaku="1,1,54,1,53,0" doraHai="7" doraHaiUra="4" who="3" fromWho="0" sc="215,-29,435,0,240,0,100,39" /><INIT seed="2,0,0,0,2,119" ten="186,435,240,139" oya="2" hai0="28,71,2,7,78,37,96,103,105,65,56,68,42" hai1="82,34,0,81,98,97,131,118,13,1,11,104,122" hai2="72,121,94,134,41,127,91,18,135,99,109,95,29" hai3="73,133,85,45,5,58,4,92,123,6,39,25,9"/><V101/><F41/><W21/><G73/><T17/><D78/><U110/><E110/><V88/><F29/><W67/><G133/><N who="2" m="50697" /><F18/><W48/><G39/><T3/><D28/><U83/><E118/><V52/><F52/><W26/><G123/><T84/><D84/><U75/><E122/><V47/><F47/><W113/><G113/><T64/><D42/><U120/><E120/><V31/><F31/><W53/><G9/><T35/><D37/><U66/><E34/><V100/><F121/><W59/><G67/><T40/><D35/><U61/><E131/><V80/><F127/><W22/><G22/><T115/><D40/><U111/><E111/><V15/><F15/><W108/><G108/><T49/><D115/><U55/><E75/><V69/><F69/><W43/><G59/><T44/><D17/><U132/><E55/><V130/><F130/><W116/><G116/><T36/><D36/><U51/><E51/><V19/><F19/><W76/><G21/><T102/><D102/><U8/><E132/><V79/><F109/><W87/><G43/><T54/><D7/><U107/><E61/><V86/><AGARI ba="0,0" hai="72,79,80,86,88,91,94,95,99,100,101" m="50697" machi="86" ten="30,11700,0" yaku="20,1,34,2,54,1" doraHai="119" who="2" fromWho="2" sc="186,-39,435,-39,240,117,139,-39" /><INIT seed="2,1,0,4,5,95" ten="147,396,357,100" oya="2" hai0="89,61,107,125,36,112,104,72,37,15,64,11,108" hai1="28,51,20,9,117,44,128,88,49,19,111,7,33" hai2="40,79,30,16,17,67,43,1,45,21,94,83,59" hai3="123,4,124,66,41,102,120,32,8,116,81,62,39"/><V103/><F1/><W99/><G116/><T55/><D112/><U63/><E117/><V96/><F30/><W113/><G113/><T105/><D72/><U58/><E111/><V27/><F45/><W86/><G124/><T118/><D108/><U134/><E134/><V13/><F67/><W12/><G32/><T53/><D118/><U100/><E100/><V126/><F126/><W50/><G39/><T130/><D130/><U135/><E135/><V0/><F0/><W35/><G35/><T97/><D89/><U60/><E28/><V85/><F59/><W5/><G5/><T26/><D26/><U131/><E33/><V98/><REACH who="2" step="1"/><F96/><REACH who="2" ten="147,396,347,100" step="2"/><W29/><G29/><T25/><D97/><U109/><E58/><V69/><F69/><W93/><G66/><T80/><D125/><U110/><E44/><V54/><F54/><W82/><G123/><T70/><D55/><U84/><E110/><V119/><F119/><W42/><G120/><T74/><D53/><U101/><E109/><V129/><F129/><W52/><G62/><T115/><D115/><U65/><E63/><V34/><F34/><W23/><G42/><T2/><D2/><N who="1" m="247" /><E60/><V92/><F92/><W114/><G41/><T106/><D106/><U127/><E65/><V56/><F56/><N who="3" m="32791" /><G114/><T57/><D70/><U71/><E71/><V47/><F47/><W90/><G82/><T46/><D46/><U121/><E127/><V38/><F38/><W75/><G75/><T87/><D74/><U122/><E121/><V6/><F6/><W76/><G102/><T133/><D133/><U91/><E122/><RYUUKYOKU ba="1,1" sc="147,-15,396,-15,347,15,100,15" hai2="13,16,17,21,27,40,43,79,83,85,94,98,103" hai3="4,8,12,23,76,81,86,90,93,99" /><INIT seed="2,2,1,5,1,27" ten="132,381,362,115" oya="2" hai0="96,2,15,8,76,19,35,46,50,23,88,84,37" hai1="14,104,29,48,99,0,116,101,121,128,28,115,112" hai2="117,72,52,68,54,89,120,13,22,118,63,122,30" hai3="77,86,24,58,51,41,124,75,70,127,85,6,90"/><V125/><F72/><W18/><G70/><T11/><D37/><U100/><E116/><V7/><F68/><W36/><G6/><T47/><D35/><U130/><E0/><V93/><F125/><N who="3" m="48203" /><G36/><T134/><D2/><U83/><E121/><V109/><F7/><W95/><G75/><T56/><D134/><U133/><E133/><V71/><F109/><W4/><G4/><T12/><D76/><U60/><E101/><V103/><F103/><W98/><G77/><T105/><D105/><U123/><E123/><V131/><F131/><N who="1" m="50217" /><E14/><V132/><F132/><W113/><G113/><N who="1" m="43594" /><E60/><V108/><F108/><W10/><G10/><N who="0" m="3627" /><D96/><U57/><E83/><V59/><F71/><W66/><G98/><T106/><D106/><U49/><E57/><V65/><F122/><W73/><G58/><T3/><D3/><U26/><E26/><V107/><F120/><W45/><G24/><N who="0" m="14463" /><D56/><U91/><E91/><V135/><F89/><W39/><G90/><T78/><D78/><U32/><E32/><V110/><F110/><W25/><G25/><T43/><D47/><U34/><E34/><V87/><F135/><W20/><G45/><T42/><D42/><U81/><E81/><AGARI ba="2,1" hai="12,15,43,46,50,81,84,88" m="14463,3627" machi="81" ten="30,2000,0" yaku="8,1,54,1" doraHai="27" who="0" fromWho="1" sc="132,36,381,-26,362,0,115,0" /><INIT seed="3,0,0,1,0,68" ten="168,355,362,115" oya="3" hai0="32,120,102,25,101,5,62,22,12,128,11,47,125" hai1="37,56,43,34,83,73,81,127,40,63,134,122,6" hai2="132,42,91,96,36,118,130,94,78,54,8,59,119" hai3="71,35,18,100,60,52,87,30,1,33,10,24,92"/><W79/><G35/><T133/><D120/><U111/><E111/><V23/><F130/><W103/><G71/><T14/><D128/><U50/><E122/><V27/><F132/><W93/><G79/><T31/><D133/><U99/><E134/><V2/><F78/><W64/><G64/><T115/><D115/><U76/><E34/><V49/><F2/><W84/><G93/><T55/><D125/><U105/><E127/><V7/><F42/><W13/><G1/><T51/><D62/><U70/><E6/><V135/><F135/><W86/><REACH who="3" step="1"/><G92/><REACH who="3" ten="168,355,362,105" step="2"/><T117/><D117/><U38/><E70/><V69/><F69/><W46/><G46/><T67/><D67/><U110/><E76/><V85/><F119/><W131/><G131/><T21/><D32/><U66/><E66/><V82/><F118/><W4/><G4/><T95/><D95/><U41/><E105/><V114/><F94/><W113/><G113/><T53/><D53/><U19/><E83/><V106/><F106/><W20/><G20/><T61/><D61/><U26/><E81/><V98/><F23/><W104/><G104/><T77/><D77/><U39/><E63/><V0/><F7/><W28/><G28/><T129/><D129/><U116/><E116/><V29/><F82/><W9/><G9/><T75/><D75/><U108/><E108/><V17/><F8/><W15/><G15/><T16/><AGARI ba="0,1" hai="5,11,12,14,16,21,22,25,31,47,51,55,101,102" machi="16" ten="30,4000,0" yaku="0,1,8,1,54,1" doraHai="68" who="0" fromWho="0" sc="168,50,355,-10,362,-10,105,-20" /><INIT seed="4,0,0,3,3,111" ten="218,345,352,85" oya="0" hai0="92,123,87,34,19,15,126,109,3,93,21,119,116" hai1="89,31,53,25,30,66,42,91,125,20,55,117,38" hai2="100,6,74,16,43,57,18,14,75,124,105,102,24" hai3="17,40,2,106,62,52,50,76,39,82,77,60,97"/><T5/><D123/><U127/><E117/><V79/><F124/><N who="1" m="47689" /><E66/><V68/><F68/><W90/><G2/><T83/><D126/><U27/><E42/><V110/><F110/><W9/><G39/><T7/><D34/><N who="1" m="20815" /><E38/><V29/><F43/><W85/><G40/><T88/><D109/><U80/><E80/><V11/><F75/><W1/><G106/><T71/><D71/><U86/><E86/><V33/><F105/><W58/><G1/><T122/><D122/><U101/><E101/><V64/><F74/><W56/><G97/><T41/><D41/><U26/><E27/><V44/><F44/><W47/><G58/><T130/><D130/><U45/><E45/><V73/><F100/><W46/><G46/><T132/><D119/><U134/><E134/><V22/><F102/><W94/><G94/><N who="0" m="36459" /><D116/><U98/><E98/><V135/><F135/><W121/><G121/><T118/><D118/><U4/><E4/><V10/><F73/><W84/><G84/><T37/><D3/><U107/><E107/><V81/><F6/><N who="0" m="2058" /><D132/><U133/><E133/><V59/><F64/><W70/><G70/><T48/><D37/><U131/><E131/><V61/><F81/><W113/><G56/><T0/><D0/><U95/><E95/><V67/><F59/><W13/><REACH who="3" step="1"/><G113/><REACH who="3" ten="218,345,352,75" step="2"/><T69/><D69/><U129/><E129/><V72/><F72/><W112/><G112/><T99/><D99/><U32/><E55/><V114/><F114/><W104/><G104/><T54/><D54/><U35/><E53/><V96/><F96/><W108/><G108/><T23/><D48/><RYUUKYOKU ba="0,1" sc="218,10,345,10,352,-30,75,10" hai0="15,19,21,23,83,87,88" hai1="20,26,31,32,35,89,91" hai3="9,13,17,47,50,52,60,62,76,77,82,85,90" /><INIT seed="4,1,1,0,4,114" ten="228,355,322,85" oya="0" hai0="43,55,52,13,7,112,89,127,102,90,20,120,61" hai1="3,48,96,71,123,4,78,111,119,106,100,135,40" hai2="23,21,62,93,49,27,10,77,17,58,39,6,14" hai3="99,105,125,59,26,69,121,85,104,81,44,30,18"/><T60/><D120/><U76/><E111/><V42/><F39/><W66/><G125/><T9/><D112/><U50/><E123/><V5/><F77/><W110/><G121/><T65/><D43/><U57/><E71/><V16/><F42/><W1/><G1/><T97/><D127/><U34/><E119/><V83/><F83/><W103/><G110/><T109/><D109/><U92/><E34/><V47/><F47/><W79/><G18/><T94/><D20/><U46/><E135/><V113/><F113/><W91/><G59/><N who="0" m="37023" /><D61/><U54/><REACH who="1" step="1"/><E106/><REACH who="1" ten="228,345,322,85" step="2"/><V107/><F107/><W37/><G105/><T116/><D116/><U118/><E118/><V75/><F75/><W15/><G69/><T73/><D73/><U124/><E124/><V117/><F117/><W67/><G104/><T38/><D38/><U115/><E115/><V36/><F36/><W80/><G37/><T56/><D56/><U132/><E132/><V41/><F58/><W22/><G44/><T33/><D33/><U87/><E87/><V29/><F62/><W98/><G85/><T88/><AGARI ba="1,2" hai="7,9,13,52,55,88,89,90,94,97,102" m="37023" machi="88" ten="30,6000,0" yaku="8,1,54,2" doraHai="114" who="0" fromWho="0" sc="228,83,345,-21,322,-21,85,-21" /><INIT seed="4,2,0,3,4,132" ten="311,324,301,64" oya="0" hai0="116,81,52,117,72,102,8,33,34,73,46,3,30" hai1="51,135,112,96,113,54,97,121,12,28,4,88,82" hai2="56,14,115,93,64,106,123,13,58,31,78,92,87" hai3="86,74,47,103,45,70,63,10,133,21,27,43,53"/><T57/><D102/><U100/><E121/><V107/><F115/><N who="1" m="44105" /><E135/><V122/><F31/><W67/><G133/><T5/><D30/><U7/><E28/><V118/><F87/><W95/><G74/><T119/><D81/><U99/><E100/><V55/><F55/><W50/><G10/><T111/><D111/><U126/><E12/><V105/><F64/><W40/><G21/><T22/><D22/><U49/><E126/><V38/><F38/><W76/><G27/><T69/><D69/><U80/><E54/><V17/><F107/><W101/><G53/><T127/><D127/><U68/><E88/><V6/><F6/><N who="1" m="2089" /><E68/><V23/><F23/><W37/><REACH who="3" step="1"/><G95/><REACH who="3" ten="311,324,301,54" step="2"/><T18/><D73/><U9/><E9/><V59/><F122/><W39/><G39/><T42/><D72/><U98/><N who="1" m="25088" /><DORA hai="25" /><U36/><E36/><V104/><F123/><W35/><G35/><T62/><REACH who="0" step="1"/><D18/><REACH who="0" ten="301,324,301,54" step="2"/><U129/><E129/><V15/><F17/><W1/><G1/><T44/><D44/><U85/><E85/><V79/><REACH who="2" step="1"/><F118/><REACH who="2" ten="301,324,291,54" step="2"/><W128/><G128/><T109/><D109/><U48/><AGARI ba="2,3" hai="48,49,51,80,82" m="25088,2089,44105" machi="48" ten="50,8000,1" yaku="28,2,15,1,11,1" doraHai="132,25" who="1" fromWho="1" sc="301,-42,324,116,291,-22,54,-22" /><INIT seed="5,0,0,3,0,134" ten="259,440,269,32" oya="1" hai0="57,59,14,45,10,51,133,103,37,104,54,50,6" hai1="7,84,9,69,38,19,110,70,113,8,1,119,99" hai2="125,96,31,61,62,124,101,16,82,40,71,20,93" hai3="76,55,27,129,121,116,28,91,95,72,106,109,48"/><U107/><E119/><V34/><F40/><W35/><G129/><T80/><D133/><U105/><E113/><V127/><F71/><W36/><G121/><T135/><D135/><U42/><E110/><V29/><F82/><W65/><G109/><T97/><D37/><U100/><E107/><V115/><F115/><W2/><G2/><T41/><D80/><U56/><E84/><V44/><F44/><AGARI ba="0,0" hai="6,10,14,41,44,45,50,51,54,57,59,97,103,104" machi="44" ten="30,1000,0" yaku="7,1" doraHai="134" who="0" fromWho="2" sc="259,10,440,0,269,-10,32,0" /><INIT seed="6,0,0,0,2,85" ten="269,440,259,32" oya="2" hai0="50,64,49,18,78,68,83,67,69,109,76,96,17" hai1="93,31,86,114,128,71,77,80,56,102,24,107,105" hai2="34,25,103,89,57,100,62,55,12,70,1,116,94" hai3="59,51,63,133,37,106,10,81,79,21,5,121,0"/><V35/><F1/><W65/><G133/><T115/><D96/><U60/><E114/><V27/><F116/><W20/><G121/><T135/><D115/><U125/><E125/><V66/><F34/><W42/><G106/><T95/><D95/><U87/><E128/><V134/><F134/><W104/><G51/><T73/><D135/><U26/><E71/><V29/><F25/><W6/><G6/><T28/><D28/><U88/><E102/><V43/><F43/><W122/><G104/><T53/><D53/><U98/><E98/><V90/><F12/><W23/><G122/><T129/><D73/><U52/><E26/><V82/><F82/><W72/><REACH who="3" step="1"/><G23/><AGARI ba="0,0" hai="23,24,31,52,56,60,77,80,86,87,88,93,105,107" machi="23" ten="30,7700,0" yaku="7,1,52,1,54,2" doraHai="85" who="1" fromWho="3" sc="269,0,440,77,259,0,32,-77" owari="269,7.0,517,62.0,259,-14.0,-45,-55.0" /></mjloggm>