<mjloggm ver="2.3"><GO type="41" lobby="0"/><UN n0="%E3%83%A4%E3%83%9E%E3%82%AA%32" n1="%6B%69%79%61%73%65%65%64" n2="%E5%A1%A9%E3%83%93%5F%44%75%63%6B" n3="%E2%93%9D%53%75%70%68%78" dan="15,14,14,19" rate="2019.79,1886.68,2048.50,2202.48" sx="M,M,M,M"/><TAIKYOKU oya="0"/><INIT seed="0,0,0,0,0,59" ten="250,250,250,250" oya="0" hai0="128,15,22,132,39,106,129,97,125,23,28,87,102" hai1="77,91,21,108,83,19,107,98,7,76,124,52,24" hai2="64,47,14,4,25,35,109,122,75,68,104,57,61" hai3="115,82,62,133,135,100,88,110,117,36,70,37,94"/><T63/><D39/><U105/><E77/><V84/><F75/><W81/><G115/><T96/><D132/><N who="3" m="50761" /><G100/><N who="0" m="62727" /><D87/><U9/><E124/><V66/><F104/><W0/><G0/><T67/><D15/><U72/><E108/><V121/><F109/><W116/><G110/><T103/><D103/><U16/><E19/><V131/><F131/><N who="0" m="50250" /><D28/><U73/><E73/><V120/><F64/><N who="3" m="41239" /><G37/><T48/><D48/><U78/><E76/><V93/><F47/><W90/><G36/><T134/><D134/><U58/><E91/><N who="3" m="34858" /><G94/><N who="0" m="58679" /><D125/><U10/><E98/><V34/><F34/><W55/><G55/><T111/><D111/><U51/><REACH who="1" step="1"/><E10/><REACH who="1" ten="250,240,250,250" step="2"/><V71/><F120/><W2/><G2/><AGARI ba="0,1" hai="2,7,9,16,21,24,51,52,58,72,78,83,105,107" machi="2" ten="30,8000,1" yaku="1,1,2,1,7,1,54,2,53,0" doraHai="59" doraHaiUra="65" who="1" fromWho="3" sc="250,0,240,90,250,0,250,-80" /><INIT seed="1,0,0,4,3,130" ten="250,330,250,170" oya="1" hai0="19,14,119,107,122,98,45,3,102,116,85,79,135" hai1="23,37,68,132,8,31,34,73,88,43,120,87,114" hai2="86,52,33,32,91,72,82,29,42,54,127,60,10" hai3="21,22,103,62,129,30,89,133,4,55,47,104,100"/><U71/><E120/><V81/><F127/><W97/><G129/><T125/><D3/><U126/><E73/><V2/><F42/><W12/><G103/><T90/><D45/><U28/><E114/><V44/><F29/><W56/><G30/><T101/><D19/><U76/><E76/><V109/><F109/><W35/><G35/><T41/><D41/><U83/><E34/><V92/><F81/><W49/><G89/><T27/><D27/><U96/><E71/><V57/><F72/><W40/><REACH who="3" step="1"/><G133/><REACH who="3" ten="250,330,250,160" step="2"/><T61/><D135/><U80/><E31/><V26/><F33/><W74/><G74/><T15/><D125/><U65/><E126/><V67/><F32/><W110/><G110/><T38/><D122/><U118/><E132/><V117/><F117/><W108/><G108/><T11/><D102/><U94/><E118/><V17/><F91/><W69/><G69/><T58/><D90/><U25/><E68/><V50/><F2/><W63/><G63/><T46/><D116/><U66/><E83/><V112/><F112/><W93/><G93/><T36/><D119/><U24/><E24/><V134/><F134/><W105/><G105/><T99/><D107/><U53/><E28/><V39/><F92/><W5/><G5/><N who="0" m="3439" /><D101/><U115/><E115/><V6/><F60/><W51/><G51/><T124/><D124/><U95/><E25/><V78/><F26/><W1/><G1/><T9/><D38/><U0/><E95/><V131/><F39/><W48/><G48/><T7/><D36/><U75/><E94/><V113/><F131/><W106/><G106/><RYUUKYOKU ba="0,1" sc="250,-10,330,-10,250,-10,160,30" hai3="4,12,21,22,40,47,49,55,56,62,97,100,104" /><INIT seed="2,1,1,0,3,89" ten="240,320,240,190" oya="2" hai0="81,37,53,45,130,30,36,99,70,20,109,5,10" hai1="67,54,115,120,41,11,108,62,83,131,78,65,125" hai2="19,57,75,107,73,100,38,29,44,25,93,126,103" hai3="134,52,47,34,98,94,121,79,113,15,58,69,1"/><V74/><F126/><W51/><G121/><T13/><D70/><U8/><E125/><V12/><F107/><W76/><G69/><T87/><D130/><U4/><E115/><V122/><F122/><W123/><G1/><T68/><D68/><U127/><E120/><V85/><F38/><W92/><G34/><T84/><D84/><U22/><E131/><V32/><F44/><W26/><G134/><T80/><D80/><U77/><E127/><V14/><F57/><W56/><G113/><T23/><D109/><U7/><E41/><V88/><REACH who="2" step="1"/><F12/><REACH who="2" ten="240,320,230,190" step="2"/><W132/><G123/><T91/><D36/><U33/><E108/><V48/><F48/><W106/><G132/><T24/><D37/><U55/><E62/><V59/><F59/><N who="3" m="22571" /><G106/><T82/><D45/><U40/><E40/><V129/><F129/><W119/><G15/><T135/><D135/><U18/><E65/><V112/><F112/><W124/><G124/><T16/><D53/><U27/><E67/><V96/><F96/><W35/><G98/><T64/><D99/><U72/><E54/><V17/><F17/><W0/><G0/><T97/><D97/><U104/><E55/><V6/><F6/><W118/><G118/><T2/><D64/><U105/><E105/><V102/><F102/><W133/><G119/><T63/><D63/><U90/><E104/><V46/><F46/><W116/><G116/><T128/><D128/><U71/><E18/><V50/><F50/><W101/><G133/><T42/><D42/><U3/><E3/><V43/><F43/><W9/><G52/><T111/><D111/><RYUUKYOKU ba="1,2" sc="240,15,320,-15,230,15,190,-15" hai0="2,5,10,13,16,20,23,24,30,81,82,87,91" hai2="14,19,25,29,32,73,74,75,85,88,93,100,103" /><INIT seed="2,2,2,4,4,52" ten="255,305,245,175" oya="2" hai0="116,39,11,100,89,30,79,20,12,29,72,71,56" hai1="135,65,46,14,62,53,61,28,114,38,123,50,18" hai2="25,73,48,66,2,45,7,58,101,49,43,129,1" hai3="23,107,97,118,98,36,99,9,115,51,121,10,96"/><V4/><F73/><W85/><G36/><T122/><D71/><U133/><E28/><V90/><F129/><W95/><G118/><T41/><D100/><U112/><E18/><V42/><F101/><W127/><G121/><T59/><D122/><U34/><E14/><V77/><F77/><W40/><G127/><T54/><D72/><U76/><E34/><V63/><F1/><W37/><G37/><T91/><D79/><U55/><E76/><V117/><F2/><W13/><G107/><T130/><D39/><U35/><E35/><V31/><F117/><W47/><G115/><N who="1" m="44074" /><E123/><V24/><F90/><N who="0" m="34314" /><D116/><U87/><E87/><V109/><F109/><W22/><G85/><T8/><D41/><N who="1" m="24911" /><E38/><V19/><F19/><N who="3" m="8623" /><G10/><N who="0" m="3627" /><D130/><U128/><E128/><V88/><F88/><AGARI ba="2,2" hai="22,23,40,47,51,88,95,96,97,98,99" m="8623" machi="88" ten="30,2000,0" yaku="8,1,54,1" doraHai="52" who="3" fromWho="2" sc="255,0,305,0,245,-26,175,46" /><INIT seed="3,0,0,0,5,85" ten="255,305,219,221" oya="3" hai0="34,36,121,27,106,54,60,92,63,3,58,11,31" hai1="113,10,125,12,95,69,86,38,97,0,61,107,5" hai2="39,109,59,72,43,64,131,75,47,82,15,94,81" hai3="30,83,90,66,41,57,118,104,28,17,55,133,88"/><W18/><G104/><T127/><D106/><U126/><E113/><V111/><F131/><W100/><G118/><T129/><D36/><U19/><E38/><V32/><F32/><W103/><G133/><T42/><D121/><U117/><E107/><V123/><F123/><W101/><G66/><T50/><D127/><N who="1" m="48651" /><E86/><V71/><F71/><W56/><G83/><N who="2" m="31753" /><F15/><W114/><G55/><T130/><D42/><U4/><E117/><V6/><F6/><W119/><G119/><T124/><D124/><U9/><E19/><N who="3" m="7178" /><G41/><T76/><D76/><U135/><E135/><V33/><F33/><W29/><G114/><T105/><D105/><U13/><E69/><V98/><F59/><AGARI ba="0,0" hai="28,29,30,56,57,59,88,90,100,101,103" m="7178" machi="59" ten="40,18000,2" yaku="28,2,8,1,52,2,54,1" doraHai="85" who="3" fromWho="2" sc="255,0,305,0,219,-180,221,180" /><INIT seed="3,1,0,2,4,133" ten="255,305,39,401" oya="3" hai0="43,92,72,126,120,23,22,98,88,134,48,84,38" hai1="86,103,32,8,109,96,76,59,132,93,118,100,64" hai2="110,83,91,36,68,26,17,77,42,135,33,20,101" hai3="30,24,34,15,27,108,73,37,62,94,90,80,106"/><W127/><G106/><T117/><D72/><U125/><E32/><V44/><F135/><W9/><G37/><T58/><D120/><U55/><E64/><V12/><F68/><W14/><G108/><T123/><D123/><U71/><E71/><V66/><F110/><W85/><G27/><T29/><D117/><U21/><E109/><V1/><F1/><W74/><G15/><T112/><D112/><U45/><E132/><V63/><F101/><W87/><G62/><T130/><D130/><U75/><E118/><V57/><F91/><W13/><G13/><T52/><D134/><U124/><E75/><V81/><F77/><W105/><G105/><T102/><D29/><U47/><E8/><V104/><F104/><W41/><G41/><T121/><D121/><U2/><E2/><V3/><F3/><W122/><G122/><T25/><D25/><U128/><E103/><V0/><F0/><W114/><G114/><T46/><REACH who="0" step="1"/><D126/><REACH who="0" ten="245,305,39,401" step="2"/><N who="1" m="48747" /><E128/><V78/><F78/><W31/><G127/><T79/><D79/><U60/><E21/><V54/><F33/><W129/><G129/><T107/><AGARI ba="1,1" hai="22,23,38,43,46,48,52,58,84,88,92,98,102,107" machi="107" ten="20,12000,2" yaku="1,1,0,1,7,1,54,2,53,1" doraHai="133" doraHaiUra="49" who="0" fromWho="0" sc="245,133,305,-31,39,-31,401,-61" /><INIT seed="4,0,0,1,5,124" ten="378,274,8,340" oya="0" hai0="62,9,112,3,32,78,102,103,108,28,117,42,30" hai1="118,60,14,121,59,34,80,52,24,61,104,36,2" hai2="38,49,130,4,98,100,95,45,66,31,73,33,131" hai3="81,84,13,74,68,6,119,39,21,23,89,29,113"/><T106/><D117/><U129/><E2/><V101/><F73/><W83/><G68/><T7/><D108/><U132/><E104/><V19/><F38/><W107/><G39/><T57/><D112/><U99/><E99/><V125/><F125/><W26/><G113/><T1/><D42/><U46/><E80/><V10/><F66/><W55/><G107/><T37/><D37/><U48/><E14/><V97/><F19/><W58/><G119/><T69/><D78/><U63/><E24/><V85/><F31/><W128/><G128/><N who="2" m="49193" /><F33/><W105/><G105/><T8/><D69/><U64/><E34/><V65/><F65/><W51/><G74/><T53/><D106/><U25/><E25/><V96/><F85/><W75/><G75/><T40/><D32/><U90/><E90/><V5/><F95/><N who="3" m="54695" /><G6/><N who="2" m="2665" /><F10/><W76/><G76/><T56/><D7/><U15/><E15/><V0/><F0/><W18/><AGARI ba="0,0" hai="13,18,21,23,26,29,51,55,58,81,83" m="54695" machi="18" ten="30,2000,0" yaku="25,1,8,1" doraHai="124" who="3" fromWho="3" sc="378,-10,274,-5,8,-5,340,20" /><INIT seed="5,0,0,0,2,85" ten="368,269,3,360" oya="1" hai0="99,132,33,49,82,107,58,134,23,86,92,19,119" hai1="44,27,93,16,106,84,130,72,123,2,22,89,131" hai2="76,0,124,17,78,38,108,36,4,46,5,53,69" hai3="113,91,111,39,59,64,133,88,110,7,96,97,118"/><U31/><E72/><V25/><F108/><W47/><G7/><T6/><D6/><U12/><E106/><V3/><F69/><W62/><G113/><T74/><D33/><U109/><E123/><V98/><F98/><W67/><G133/><N who="0" m="51307" /><D119/><U114/><E109/><V15/><F46/><W35/><G35/><T28/><D28/><U10/><E114/><V24/><F15/><W75/><G75/><T60/><D49/><U65/><E65/><V8/><F8/><W70/><G118/><T34/><D34/><N who="1" m="20863" /><E44/><V56/><F56/><W125/><G125/><T87/><D107/><U66/><E66/><V90/><F53/><W83/><G70/><T43/><D43/><U79/><E79/><V37/><F37/><W26/><G67/><N who="0" m="39319" /><D82/><U45/><E45/><V117/><F17/><W126/><G126/><T18/><D18/><U11/><E2/><V122/><F117/><W30/><G111/><T51/><D74/><U68/><E68/><V103/><F103/><W94/><G110/><T63/><D63/><U116/><E116/><V50/><F50/><W52/><G39/><T121/><D51/><U42/><E42/><V40/><F40/><W127/><G127/><T55/><D55/><U104/><E104/><V95/><F124/><W54/><G47/><T71/><D71/><U100/><E100/><V101/><F101/><W115/><G115/><T20/><D121/><U105/><E105/><V135/><F135/><W1/><G1/><T129/><D19/><U14/><E14/><V41/><F122/><W13/><G13/><T29/><D29/><U21/><E11/><RYUUKYOKU ba="0,0" sc="368,-10,269,30,3,-10,360,-10" hai1="10,12,16,21,22,84,89,93,130,131" owari="358,46.0,299,-10.0,-7,-51.0,350,15.0" /></mjloggm>