<mjloggm ver="2.3"><GO type="41" lobby="0"/><UN n0="%51%75%65%5F%74%61" n1="%E2%93%9D%53%75%70%68%78" n2="%31%30%34%37%30%30" n3="%E3%81%BF%E3%81%A4%25" dan="14,19,14,15" rate="1941.99,2187.71,1990.89,1962.86" sx="M,M,M,M"/><TAIKYOKU oya="0"/><INIT seed="0,0,0,3,2,93" ten="250,250,250,250" oya="0" hai0="127,33,86,88,68,0,81,89,91,4,118,66,13" hai1="35,128,97,79,76,112,98,115,113,28,120,55,22" hai2="29,32,83,15,9,106,41,14,132,53,30,108,1" hai3="31,40,74,12,42,122,21,104,100,134,126,114,109"/><T80/><D33/><U24/><E120/><V92/><F106/><W39/><G114/><T8/><D118/><U3/><E128/><V47/><F108/><W129/><G122/><T87/><D127/><U72/><E3/><V25/><F132/><W78/><G126/><T6/><D0/><U123/><E123/><V5/><F30/><W23/><G134/><T63/><REACH who="0" step="1"/><D4/><REACH who="0" ten="240,250,250,250" step="2"/><U59/><E35/><V48/><F83/><AGARI ba="0,1" hai="6,8,13,63,66,68,80,81,83,86,87,88,89,91" machi="83" ten="40,7700,0" yaku="1,1,2,1,54,1,53,0" doraHai="93" doraHaiUra="27" who="0" fromWho="2" sc="240,87,250,0,250,-77,250,0" /><INIT seed="0,1,0,1,0,123" ten="327,250,173,250" oya="0" hai0="84,130,110,18,112,12,100,128,102,28,94,133,87" hai1="51,79,52,33,2,1,30,20,36,95,21,72,53" hai2="63,73,118,127,22,69,96,113,71,15,116,25,54" hai3="119,83,131,124,60,82,132,24,103,29,117,31,121"/><T35/><D35/><U66/><E36/><V129/><F113/><W44/><G121/><T56/><D28/><U91/><E66/><V62/><F127/><W92/><G124/><T47/><D112/><U19/><E33/><V106/><F129/><W104/><G132/><T76/><D47/><U23/><E30/><V101/><F73/><W34/><G104/><T43/><D43/><U114/><E114/><V120/><F15/><W45/><G131/><N who="0" m="50219" /><D56/><U13/><E53/><V90/><F90/><W93/><G60/><T68/><D68/><U70/><E70/><V41/><F41/><W115/><G34/><T50/><D50/><U89/><E89/><V39/><F39/><W26/><G115/><T80/><D18/><U58/><E79/><V37/><F37/><W11/><G11/><T107/><D12/><U0/><REACH who="1" step="1"/><E72/><REACH who="1" ten="327,240,173,250" step="2"/><V55/><F120/><W3/><G103/><N who="0" m="39467" /><D133/><U67/><E67/><V64/><F71/><W49/><REACH who="3" step="1"/><G49/><REACH who="3" ten="327,240,173,240" step="2"/><T59/><D107/><U40/><E40/><V7/><F106/><W48/><G48/><T81/><D59/><U10/><E10/><V86/><F69/><W57/><G57/><T42/><D42/><U134/><E134/><V85/><F101/><W98/><G98/><AGARI ba="1,2" hai="0,1,2,13,19,20,21,23,51,52,58,91,95,98" machi="98" ten="40,2600,0" yaku="1,1,54,1,53,0" doraHai="123" doraHaiUra="78" who="1" fromWho="3" sc="327,0,240,49,173,0,240,-29" /><INIT seed="1,0,0,3,2,26" ten="327,289,173,211" oya="1" hai0="85,124,12,44,131,35,4,102,79,125,55,116,17" hai1="64,84,39,36,8,46,51,120,121,9,23,130,103" hai2="86,80,91,69,63,1,54,123,75,118,58,135,20" hai3="32,18,100,27,72,37,50,7,119,52,47,56,38"/><U114/><E103/><V28/><F118/><W29/><G72/><T61/><D116/><U31/><E114/><V40/><F135/><W6/><G119/><T97/><D4/><U127/><E64/><V90/><F123/><W41/><G100/><T73/><D73/><U65/><E65/><V49/><F75/><W59/><G38/><T60/><D35/><U68/><E130/><V34/><F1/><W5/><G18/><T81/><D131/><U122/><E84/><V108/><F108/><W43/><G43/><T21/><D44/><U45/><E127/><N who="0" m="48713" /><D55/><U82/><E82/><V70/><F34/><W126/><G126/><T22/><D22/><U78/><E23/><V74/><F74/><W15/><REACH who="3" step="1"/><G59/><REACH who="3" ten="327,289,173,201" step="2"/><T66/><D102/><U134/><E122/><V83/><F69/><W42/><G42/><T88/><D17/><U133/><E68/><V11/><F70/><W2/><G2/><T48/><D66/><U94/><E121/><V128/><F128/><W95/><G95/><T89/><D81/><U96/><E94/><V98/><F83/><W33/><G33/><T16/><D16/><U24/><E120/><V3/><F40/><W13/><AGARI ba="0,1" hai="5,6,7,13,15,27,29,32,37,41,47,50,52,56" machi="13" ten="30,12000,2" yaku="1,1,0,1,52,1,54,1,53,2" doraHai="26" doraHaiUra="10" who="3" fromWho="3" sc="327,-30,289,-60,173,-30,201,130" /><INIT seed="2,0,0,1,0,68" ten="297,229,143,331" oya="2" hai0="24,45,76,91,73,122,75,125,25,54,72,42,117" hai1="104,55,67,6,34,118,80,69,50,108,64,56,57" hai2="134,116,115,83,63,8,30,32,101,95,113,33,74" hai3="92,11,65,21,86,85,27,120,22,9,70,97,52"/><V1/><F116/><W107/><G120/><T35/><D122/><U90/><E104/><V102/><F134/><W94/><G107/><T98/><D125/><U4/><E34/><V59/><F74/><W36/><G36/><T114/><D114/><U84/><E69/><V29/><F83/><W103/><G65/><N who="1" m="25162" /><E108/><V81/><F81/><W82/><G70/><T43/><D76/><U112/><E118/><V66/><F32/><W13/><G92/><T87/><D98/><U119/><E112/><V111/><F111/><W106/><G106/><T26/><D35/><U61/><E119/><V121/><F121/><W89/><G11/><T93/><D117/><U124/><E124/><V41/><F41/><W37/><G37/><T77/><D77/><U126/><E126/><V58/><F33/><W128/><G128/><T28/><D28/><U10/><E10/><V38/><F38/><W46/><G85/><T14/><D14/><U130/><E130/><V23/><F59/><W15/><G15/><T110/><D110/><U48/><E57/><V132/><F132/><W131/><G27/><T88/><D91/><U78/><E78/><V100/><F95/><W0/><G0/><T39/><D43/><U53/><E53/><V31/><REACH who="2" step="1"/><F23/><REACH who="2" ten="297,229,133,331" step="2"/><W60/><G131/><T5/><D73/><U51/><AGARI ba="0,1" hai="4,6,48,50,51,55,56,61,80,84,90" m="25162" machi="51" ten="30,1100,0" yaku="8,1" doraHai="68" who="1" fromWho="1" sc="297,-3,229,21,133,-5,331,-3" /><INIT seed="3,0,0,5,2,67" ten="294,250,128,328" oya="3" hai0="23,100,25,125,14,41,20,16,83,18,122,34,49" hai1="66,101,118,134,54,106,24,130,27,59,82,132,88" hai2="53,127,7,73,68,129,8,110,71,37,123,11,70" hai3="44,98,104,13,4,91,79,21,65,29,62,35,28"/><W78/><G44/><T93/><D125/><U112/><E112/><V12/><F127/><W76/><G29/><T113/><D34/><U50/><E130/><V61/><F129/><W105/><G104/><T69/><D69/><U128/><E128/><V33/><F33/><W74/><G74/><T103/><D83/><U75/><E118/><V135/><F73/><W45/><G45/><T0/><D0/><U1/><E1/><V86/><F110/><W5/><G91/><T39/><D39/><U63/><E101/><V38/><F135/><N who="1" m="51753" /><E106/><V22/><F123/><W92/><G92/><T99/><D122/><U56/><E75/><V55/><F22/><W32/><G21/><T108/><D108/><U107/><E107/><V94/><F61/><W60/><G13/><T133/><D113/><U126/><E126/><V10/><F12/><W64/><G76/><T40/><D133/><U96/><E96/><V124/><F124/><W57/><G105/><T77/><D77/><U111/><E111/><V31/><F31/><W26/><G98/><T120/><D120/><U42/><E42/><N who="0" m="16489" /><D49/><U15/><E15/><V3/><F3/><W47/><G47/><T114/><D114/><U131/><E131/><V6/><F94/><W119/><G119/><T43/><N who="0" m="16497" /><T90/><AGARI ba="0,0" hai="14,16,18,20,23,25,90,93,99,100,103" m="16497" machi="90" ten="30,4000,0" yaku="4,1,8,1,54,1" doraHai="67" who="0" fromWho="0" sc="294,40,250,-10,128,-10,328,-20" /><INIT seed="4,0,0,3,3,120" ten="334,240,118,308" oya="0" hai0="135,128,59,84,61,57,87,77,49,102,28,21,66" hai1="109,14,89,122,100,55,113,134,33,126,38,127,92" hai2="41,71,12,46,111,19,2,105,133,6,3,26,52" hai3="24,7,70,73,62,91,17,123,118,124,58,117,35"/><T88/><D135/><U116/><E38/><V16/><F133/><W125/><G73/><T37/><D37/><U53/><E33/><V95/><F105/><W1/><G91/><T22/><D102/><U23/><E116/><N who="3" m="44650" /><G70/><T63/><D49/><U94/><E122/><V106/><F106/><W13/><G58/><T119/><D128/><U32/><E32/><V54/><F71/><W39/><G62/><T104/><D104/><U121/><E113/><V68/><F68/><W34/><G39/><T36/><D28/><U43/><E43/><V5/><F111/><W103/><G103/><T60/><D60/><U18/><E109/><V131/><F131/><W76/><G76/><T8/><D8/><U96/><E121/><V9/><F95/><W114/><G114/><T132/><D119/><U30/><E30/><V79/><F79/><W72/><G72/><T40/><D40/><U85/><REACH who="1" step="1"/><E134/><REACH who="1" ten="334,230,118,308" step="2"/><V48/><F3/><W130/><G123/><T42/><D42/><U107/><E107/><V15/><F2/><W20/><G130/><T51/><D36/><U56/><E56/><V45/><F45/><W115/><G115/><T67/><D51/><U44/><E44/><V93/><F93/><W98/><G98/><T108/><D108/><U83/><E83/><V129/><F129/><W31/><G35/><T50/><D50/><U69/><E69/><V97/><F97/><W4/><G1/><T0/><D0/><U64/><E64/><V80/><F80/><W11/><G34/><T101/><D132/><U78/><E78/><V29/><F41/><W65/><G65/><RYUUKYOKU ba="0,1" sc="334,-15,230,15,118,-15,308,15" hai1="14,18,23,53,55,85,89,92,94,96,100,126,127" hai3="4,7,11,13,17,20,24,31,124,125" /><INIT seed="5,1,1,5,0,120" ten="319,245,103,323" oya="1" hai0="65,86,31,61,81,56,93,49,134,115,110,91,13" hai1="104,52,132,38,78,108,102,103,72,42,32,59,15" hai2="40,97,14,35,124,66,9,76,70,125,25,68,64" hai3="90,112,27,75,19,80,107,101,67,3,129,8,46"/><U34/><E132/><V79/><F40/><W58/><G112/><T111/><D115/><U69/><E69/><N who="2" m="26731" /><F97/><W50/><G129/><T117/><D117/><U1/><E1/><V33/><F25/><W41/><G101/><T11/><D134/><U94/><E104/><V109/><F14/><N who="3" m="7623" /><G3/><T118/><D118/><U116/><E116/><V2/><F9/><W51/><G75/><T43/><D31/><U85/><E72/><V10/><F10/><W29/><G107/><T96/><D49/><U84/><E15/><V74/><F2/><W135/><G135/><T7/><REACH who="0" step="1"/><D43/><REACH who="0" ten="309,245,103,323" step="2"/><U53/><E42/><V37/><F37/><W12/><G51/><T44/><D44/><U45/><E45/><V18/><F74/><W114/><G114/><T123/><D123/><U92/><E38/><V99/><F18/><W16/><G29/><T126/><D126/><U39/><E39/><V28/><F28/><W22/><G41/><T26/><D26/><U100/><E34/><V95/><F35/><W121/><G46/><T47/><D47/><U63/><E32/><V133/><F33/><W128/><G121/><T127/><D127/><N who="2" m="48714" /><F133/><W77/><G27/><T73/><D73/><U4/><E4/><V106/><F106/><W20/><G128/><T71/><D71/><U131/><E131/><V55/><F55/><N who="3" m="32119" /><G67/><T57/><D57/><U30/><E30/><V130/><F130/><W82/><G12/><T62/><D62/><U60/><E59/><V24/><F24/><W23/><G16/><T36/><D36/><U6/><E6/><V122/><F122/><W87/><G82/><RYUUKYOKU ba="1,2" sc="309,15,245,-15,103,-15,323,15" hai0="7,11,13,56,61,65,81,86,91,93,96,110,111" hai3="20,22,23,77,80,87,90" /><INIT seed="6,2,2,4,1,127" ten="324,230,88,338" oya="2" hai0="121,53,74,125,60,77,119,17,48,97,18,32,49" hai1="100,16,28,90,98,117,57,99,76,13,6,85,40" hai2="23,82,113,25,33,67,73,126,70,123,132,108,89" hai3="47,93,45,27,42,51,103,134,44,110,63,71,5"/><V46/><F123/><W21/><G110/><T80/><D32/><U120/><E117/><V8/><F108/><W88/><G134/><T31/><D31/><U116/><E116/><V52/><F132/><W95/><G5/><T114/><D121/><U131/><E76/><V61/><F126/><W64/><G103/><T105/><D125/><U78/><E78/><V43/><F113/><W58/><G95/><T38/><D38/><U10/><E28/><V20/><F8/><W118/><G71/><T2/><D2/><U34/><E34/><V68/><F68/><W54/><G118/><T91/><D114/><U130/><E40/><V55/><F33/><W14/><G14/><T50/><D119/><U115/><E57/><V11/><F11/><W111/><G64/><T112/><D112/><U107/><E99/><V106/><F106/><W36/><G36/><T122/><D122/><U101/><E101/><V65/><F65/><W0/><G0/><T9/><D9/><U124/><E115/><V39/><F73/><W128/><G128/><N who="1" m="49194" /><E124/><V35/><F35/><W1/><G1/><T22/><D97/><U133/><E120/><V75/><F75/><W12/><G12/><T109/><D77/><U87/><E133/><V79/><F79/><W4/><G111/><T19/><D74/><U15/><E90/><V26/><F89/><W62/><G62/><T37/><D91/><U92/><E107/><V56/><F82/><W83/><G83/><T94/><D105/><U81/><E81/><V135/><F135/><W69/><G69/><T30/><D109/><U84/><E15/><RYUUKYOKU ba="2,2" sc="324,-10,230,30,88,-10,338,-10" hai1="6,10,13,16,84,85,87,92,98,100" /><INIT seed="7,3,2,4,4,100" ten="314,260,78,328" oya="3" hai0="28,89,80,20,103,75,13,81,55,68,53,47,107" hai1="44,3,22,30,12,6,90,104,84,86,108,109,130" hai2="0,121,134,26,83,124,135,87,88,78,106,66,85" hai3="43,70,45,10,115,33,32,96,128,113,76,71,18"/><W37/><G128/><T133/><D68/><N who="3" m="26153" /><G76/><T19/><D28/><U9/><E130/><V11/><F66/><W14/><G96/><T5/><D75/><U27/><E86/><V123/><F26/><W41/><G41/><T122/><D122/><N who="2" m="46602" /><F11/><W95/><G95/><T17/><D107/><U118/><E118/><V52/><F0/><W59/><G59/><T117/><D103/><U39/><E104/><V31/><F31/><W64/><G64/><T25/><D5/><U34/><E44/><V61/><F52/><N who="0" m="20042" /><D117/><U105/><E105/><V24/><F24/><W79/><G79/><T48/><D89/><U82/><REACH who="1" step="1"/><E39/><REACH who="1" ten="314,250,78,328" step="2"/><V102/><F61/><W72/><G72/><T49/><D133/><N who="2" m="50698" /><F124/><W46/><G46/><T101/><D101/><U38/><E38/><V29/><F29/><W112/><AGARI ba="3,3" hai="10,14,18,32,33,37,43,45,112,113,115" m="26153" machi="112" ten="40,2100,0" yaku="15,1" doraHai="100" who="3" fromWho="3" sc="314,-10,250,-10,78,-10,328,60" owari="304,10.0,240,-16.0,68,-43.0,388,49.0" /></mjloggm>