<mjloggm ver="2.3"><GO type="41" lobby="0"/><UN n0="%E7%81%AF%E6%B9%96" n1="%E3%81%BC%E3%81%A8%E3%82%80" n2="%E6%82%B2%E9%81%8B%E3%81%AE%E6%B5%81%E6%98%9F" n3="%E2%93%9D%53%75%70%68%78" dan="14,13,14,19" rate="2133.72,1885.59,1965.00,2190.83" sx="M,M,M,M"/><TAIKYOKU oya="0"/><INIT seed="0,0,0,0,3,102" ten="250,250,250,250" oya="0" hai0="107,72,39,125,35,73,115,44,84,78,93,111,30" hai1="8,81,3,46,37,45,116,132,21,42,50,66,87" hai2="27,12,32,91,133,83,31,59,79,110,65,60,104" hai3="25,38,100,48,57,103,128,76,95,33,18,68,9"/><T56/><D115/><U43/><E116/><V15/><F133/><W112/><G38/><T0/><D0/><U86/><E132/><V51/><F91/><W17/><G68/><T64/><D125/><U69/><E69/><V80/><F80/><W106/><G128/><T29/><D107/><U36/><E66/><V5/><F110/><W105/><G76/><T70/><D70/><U120/><E120/><V94/><F94/><W22/><G33/><T4/><D4/><U2/><E50/><V119/><F104/><W14/><G112/><T49/><D39/><U26/><E8/><V122/><F122/><W61/><G48/><T131/><D131/><U13/><E13/><V77/><F77/><W19/><G103/><T1/><D1/><U101/><E101/><V121/><F119/><W114/><G114/><T67/><D67/><U108/><E108/><V109/><F51/><W117/><G117/><T52/><D111/><U113/><E113/><V85/><F109/><W63/><G63/><N who="0" m="37991" /><D35/><U62/><E62/><V129/><F129/><W99/><REACH who="3" step="1"/><G19/><REACH who="3" ten="250,250,250,240" step="2"/><T134/><D134/><U71/><E71/><V97/><F121/><W123/><G123/><T54/><D78/><U127/><E127/><V58/><F32/><W90/><G90/><N who="0" m="53447" /><D72/><U96/><E81/><V6/><F83/><W20/><G20/><T126/><D73/><U135/><E21/><V11/><F79/><W41/><G41/><N who="0" m="24719" /><D126/><U98/><E135/><V89/><F11/><W74/><G74/><T47/><D47/><U23/><E23/><V55/><F59/><W34/><G34/><T28/><AGARI ba="0,1" hai="28,29,30,52,54" m="24719,53447,37991" machi="28" ten="30,6000,0" yaku="5,1,8,1,54,1" doraHai="102" who="0" fromWho="0" sc="250,70,250,-20,250,-20,240,-20" /><INIT seed="0,1,0,1,3,101" ten="320,230,230,220" oya="0" hai0="92,18,23,114,13,52,45,25,110,34,104,113,16" hai1="4,35,59,72,61,107,122,33,130,54,134,58,74" hai2="3,69,67,126,5,96,128,48,46,27,17,87,105" hai3="117,133,26,76,132,64,39,66,75,8,1,28,40"/><T36/><D104/><U83/><E122/><V88/><F126/><W0/><G117/><T94/><D110/><U21/><E134/><N who="3" m="51818" /><G8/><T9/><D34/><U77/><E130/><V32/><F128/><W98/><G76/><T62/><D36/><U115/><E115/><V73/><F73/><W24/><G98/><T47/><D114/><U135/><E135/><V93/><F5/><W118/><G118/><T85/><D113/><U10/><E107/><V89/><F3/><N who="3" m="1099" /><G75/><T42/><D42/><U124/><E124/><V2/><F2/><W123/><G26/><T97/><D85/><U131/><E131/><V31/><F17/><W71/><G71/><T51/><D92/><U7/><E21/><V102/><F87/><W86/><G86/><T120/><D120/><U112/><E112/><V50/><F93/><W79/><G79/><T6/><D62/><U90/><E90/><N who="2" m="34923" /><F46/><N who="3" m="23839" /><G123/><T19/><D47/><U100/><E100/><AGARI ba="1,0" hai="6,9,13,16,18,19,23,25,45,51,52,94,97,100" machi="100" ten="30,11600,0" yaku="7,1,8,1,54,2" doraHai="101" who="0" fromWho="1" sc="320,119,230,-119,230,0,220,0" /><INIT seed="0,2,0,2,0,104" ten="439,111,230,220" oya="0" hai0="111,41,95,28,81,134,56,46,9,113,110,58,64" hai1="48,135,44,119,31,38,131,21,20,91,8,106,76" hai2="36,89,74,103,133,62,29,32,16,72,90,127,66" hai3="109,130,84,24,112,101,97,52,55,18,73,2,25"/><T17/><D113/><U98/><E119/><V27/><F103/><W61/><G2/><T75/><D28/><U26/><E38/><V23/><F36/><W40/><G109/><N who="0" m="41483" /><D64/><U69/><E69/><V122/><F122/><W126/><G130/><T68/><D68/><U77/><E131/><V6/><F6/><W125/><G84/><T116/><D116/><U50/><E135/><V121/><F121/><W30/><G40/><T19/><D95/><N who="1" m="56703" /><E106/><V12/><F133/><W22/><G73/><T102/><D102/><U124/><E124/><N who="3" m="47722" /><G61/><T83/><D83/><U70/><E70/><V114/><F127/><W15/><G25/><T54/><D134/><U5/><E20/><V60/><F60/><W67/><G67/><T0/><D54/><N who="1" m="29959" /><E50/><V14/><F114/><W85/><G112/><T10/><D56/><U128/><E128/><V35/><F35/><N who="3" m="20935" /><G85/><T99/><D99/><U33/><E33/><V82/><F12/><AGARI ba="2,0" hai="5,8,12,21,26,31,76,77" m="29959,56703" machi="12" ten="30,1000,0" yaku="8,1" doraHai="104" who="1" fromWho="2" sc="439,0,111,16,230,-16,220,0" /><INIT seed="1,0,0,5,5,122" ten="439,127,214,220" oya="1" hai0="32,107,80,117,10,77,114,74,49,93,45,59,1" hai1="15,78,47,116,23,68,96,111,33,58,113,89,61" hai2="86,4,71,132,7,134,27,3,83,53,44,118,37" hai3="101,121,75,0,62,11,127,108,135,110,5,52,131"/><U85/><E116/><V124/><F118/><W72/><G121/><T40/><D107/><U103/><E113/><V14/><F3/><W91/><G131/><T112/><D117/><U20/><E68/><V16/><F71/><W88/><G101/><T76/><D32/><U79/><E33/><V48/><F37/><W28/><G28/><T26/><D26/><U35/><E35/><V92/><F92/><W13/><G0/><T22/><D22/><U69/><E69/><V90/><F27/><W81/><G135/><N who="2" m="51753" /><F124/><W99/><G127/><T36/><D77/><U57/><E47/><V2/><F2/><W73/><G99/><T95/><D95/><N who="1" m="58783" /><E58/><V133/><N who="2" m="51761" /><V9/><AGARI ba="0,0" hai="4,7,9,14,16,44,48,53,83,86,90" m="51761" machi="9" ten="40,8000,1" yaku="4,1,25,1,20,1,54,1" doraHai="122" who="2" fromWho="2" sc="439,-20,127,-40,214,80,220,-20" /><INIT seed="2,0,0,0,0,62" ten="419,87,294,200" oya="2" hai0="127,101,134,38,9,115,111,97,93,18,80,65,33" hai1="87,105,130,21,89,10,119,112,76,132,5,84,14" hai2="126,12,88,68,67,59,61,96,8,107,104,109,69" hai3="113,133,83,43,28,2,6,11,135,110,13,63,73"/><V17/><F126/><W42/><G110/><T40/><D115/><U0/><E112/><V90/><F109/><W75/><G113/><T72/><D111/><U123/><E119/><V58/><F58/><W31/><G13/><T34/><D134/><N who="3" m="51209" /><G83/><T39/><D127/><U32/><E132/><V51/><F51/><W44/><G43/><T53/><D53/><U78/><E32/><V47/><F47/><W52/><G42/><T29/><D65/><U56/><E105/><V16/><F107/><W77/><G77/><T7/><D18/><U108/><E108/><V85/><F17/><W128/><G128/><T129/><D29/><N who="3" m="11337" /><G63/><T25/><D25/><U24/><E130/><V124/><F124/><W49/><AGARI ba="0,0" hai="2,6,11,44,49,52,73,75" m="11337,51209" machi="49" ten="30,2000,0" yaku="20,1,54,1" doraHai="62" who="3" fromWho="3" sc="419,-5,87,-5,294,-10,200,20" /><INIT seed="3,0,0,5,0,133" ten="414,82,284,220" oya="3" hai0="18,73,83,80,126,31,68,115,19,35,51,55,61" hai1="11,124,32,134,25,116,118,86,9,46,88,37,107" hai2="101,76,84,63,6,110,44,122,89,69,87,81,56" hai3="95,105,132,99,40,0,67,36,20,70,10,42,113"/><W92/><G113/><T78/><D35/><U102/><E134/><V30/><F69/><W77/><G132/><T121/><D121/><U13/><E102/><V34/><F110/><W117/><G117/><N who="1" m="45162" /><E107/><V75/><F122/><W58/><G70/><T38/><D38/><U85/><E85/><V119/><F87/><W52/><G67/><T72/><D31/><N who="1" m="19567" /><E37/><V98/><F119/><W135/><G135/><T112/><D61/><U93/><E46/><V41/><F6/><W125/><G105/><T12/><D68/><U60/><E60/><V28/><F34/><W43/><G77/><T82/><D82/><U14/><E14/><V16/><F16/><W21/><G95/><T24/><D24/><U2/><E2/><V94/><F44/><W22/><G36/><T123/><D123/><U128/><E128/><V8/><F8/><N who="1" m="3145" /><E13/><V54/><REACH who="2" step="1"/><F41/><REACH who="2" ten="414,82,274,220" step="2"/><W1/><G10/><T130/><D115/><U100/><E100/><V23/><F23/><W111/><G1/><T127/><D112/><U4/><E4/><V29/><F29/><W45/><G0/><T97/><D130/><U90/><E90/><V65/><F65/><W39/><G39/><T50/><D12/><U114/><E114/><V17/><F17/><W59/><G43/><T96/><D78/><U15/><E15/><V48/><F48/><W7/><G42/><T47/><D47/><U104/><E104/><AGARI ba="0,1" hai="28,30,54,56,63,75,76,81,84,89,94,98,101,104" machi="104" ten="30,7700,0" yaku="1,1,7,1,24,2,53,0" doraHai="133" doraHaiUra="109" who="2" fromWho="1" sc="414,0,82,-77,274,87,220,0" /><INIT seed="4,0,0,5,2,133" ten="414,5,361,220" oya="0" hai0="87,92,130,84,44,79,62,0,102,39,98,100,113" hai1="90,77,57,105,11,2,115,80,27,131,3,107,71" hai2="86,9,60,119,36,1,128,17,12,38,5,31,55" hai3="125,135,6,117,53,52,63,14,22,49,7,73,74"/><T83/><D0/><U64/><E90/><V18/><F128/><W118/><G135/><T108/><D130/><U54/><E131/><V111/><F111/><W121/><G63/><T47/><D108/><U8/><E57/><V50/><F119/><W32/><G22/><T101/><D113/><U28/><E54/><V114/><F31/><W25/><G14/><T104/><D62/><N who="1" m="40343" /><E11/><V33/><F33/><W42/><G42/><T91/><D44/><U132/><E132/><V72/><F18/><W89/><G89/><N who="0" m="55567" /><D47/><U75/><E115/><V41/><F114/><W30/><G121/><T37/><D37/><U23/><E23/><V126/><F72/><W66/><G74/><T43/><D43/><U40/><E40/><V59/><F41/><W69/><G73/><T68/><D68/><U96/><E8/><V67/><F86/><W127/><G69/><T45/><D45/><U34/><E107/><V16/><F17/><W134/><G134/><T4/><D4/><N who="3" m="1577" /><G66/><T120/><D39/><U93/><E93/><V129/><F129/><W70/><G70/><T29/><D29/><U26/><E26/><V21/><F38/><W56/><G53/><T15/><D15/><U123/><E123/><V88/><F36/><W82/><G82/><N who="0" m="47199" /><D120/><U99/><E99/><AGARI ba="0,0" hai="83,87,91,99,100,101,102,104" m="47199,55567" machi="99" ten="30,12000,1" yaku="35,5" doraHai="133" who="0" fromWho="1" sc="414,120,5,-120,361,0,220,0" owari="534,64.0,-115,-62.0,361,16.0,220,-18.0" /></mjloggm>