<mjloggm ver="2.3"><GO type="41" lobby="0"/><UN n0="%63%61%65" n1="%E3%83%88%E3%82%A4%E3%83%8C%E3%83%BC%E3%83%89%E3%83%AB" n2="%70%61%73%73%69%6E%67" n3="%E2%93%9D%53%75%70%68%78" dan="15,15,14,18" rate="2039.84,1990.06,1849.54,2125.01" sx="M,M,M,M"/><TAIKYOKU oya="0"/><INIT seed="0,0,0,4,5,69" ten="250,250,250,250" oya="0" hai0="86,27,64,50,94,134,53,100,131,103,130,83,63" hai1="46,52,4,99,117,39,57,28,82,38,41,32,48" hai2="60,56,67,10,15,89,81,47,118,76,80,102,111" hai3="133,128,7,108,23,17,31,90,11,113,22,18,135"/><T9/><D134/><N who="3" m="51209" /><G90/><T34/><D9/><U30/><E117/><V16/><F111/><W61/><G61/><T29/><D53/><U129/><E129/><N who="0" m="49161" /><D50/><U120/><E120/><V6/><F118/><W49/><G49/><T21/><D94/><U54/><E4/><V125/><F125/><W37/><G37/><T66/><D34/><U1/><E1/><V78/><F102/><N who="0" m="38954" /><D63/><U95/><E30/><V79/><F47/><W3/><G128/><T74/><D74/><U19/><E19/><N who="3" m="7178" /><G108/><T13/><D13/><U96/><E54/><V98/><F6/><W70/><G70/><T36/><D36/><U84/><E39/><V12/><F12/><W43/><G43/><T8/><D8/><U101/><E96/><V26/><F26/><N who="3" m="16855" /><G23/><T121/><D121/><U5/><E5/><V110/><F110/><W0/><G113/><T2/><D2/><AGARI ba="0,0" hai="0,2,3,7,11" m="16855,7178,51209" machi="2" ten="30,3900,0" yaku="20,1,34,2" doraHai="69" who="3" fromWho="0" sc="250,-39,250,0,250,0,250,39" /><INIT seed="1,0,0,3,4,36" ten="211,250,250,289" oya="1" hai0="128,80,54,121,110,113,41,66,100,123,46,74,79" hai1="106,47,37,43,117,104,98,72,82,103,20,112,2" hai2="17,4,89,18,96,25,49,111,120,84,133,129,116" hai3="28,125,45,32,40,10,81,35,135,97,34,108,70"/><U57/><E117/><V63/><F120/><N who="0" m="46154" /><D113/><U78/><E112/><V69/><F129/><W24/><G108/><T67/><D128/><U16/><E57/><V131/><F131/><W88/><G70/><T12/><D12/><U105/><REACH who="1" step="1"/><E2/><REACH who="1" ten="211,240,250,289" step="2"/><V39/><F116/><W59/><G59/><T132/><D132/><U85/><E85/><V30/><F84/><W26/><G135/><T124/><D124/><U51/><E51/><V42/><F39/><W115/><G125/><T122/><D110/><U5/><E5/><V73/><F111/><W68/><G115/><T0/><D0/><U56/><E56/><V95/><F4/><W8/><G68/><T71/><D122/><U9/><E9/><V23/><F73/><W3/><G10/><T90/><D71/><U1/><E1/><V87/><F133/><W53/><G8/><T50/><D100/><U76/><E76/><V93/><F69/><W52/><G3/><T15/><D90/><U119/><E119/><V21/><F63/><W75/><G75/><T38/><D15/><AGARI ba="0,1" hai="15,16,20,37,43,47,72,78,82,98,103,104,105,106" machi="15" ten="30,12000,1" yaku="1,1,7,1,52,1,54,1,53,1" doraHai="36" doraHaiUra="92" who="1" fromWho="0" sc="211,-120,240,130,250,0,289,0" /><INIT seed="1,1,0,0,0,39" ten="91,370,250,289" oya="1" hai0="46,116,34,75,78,99,6,79,18,95,58,123,54" hai1="35,88,83,51,21,19,91,15,52,82,128,106,32" hai2="69,127,65,67,104,14,29,61,59,71,26,50,126" hai3="28,86,89,37,112,56,53,111,47,70,90,22,109"/><U131/><E106/><V77/><F77/><W43/><G112/><T74/><D34/><U16/><E32/><V8/><F104/><W23/><G70/><T55/><D123/><U72/><E19/><V62/><F50/><W1/><G1/><T3/><D116/><U110/><E35/><V108/><F59/><W101/><G101/><T102/><D18/><U92/><E91/><V45/><F45/><W121/><G90/><T96/><D6/><U44/><E110/><N who="3" m="41994" /><G28/><T40/><D3/><U30/><E30/><V105/><F105/><W81/><G121/><T9/><D9/><U85/><E72/><V97/><F97/><W60/><AGARI ba="1,0" hai="22,23,37,43,47,53,56,60,81,86,89" m="41994" machi="60" ten="30,2000,0" yaku="14,1,52,1" doraHai="39" who="3" fromWho="3" sc="91,-6,370,-11,250,-6,289,23" /><INIT seed="2,0,0,0,2,118" ten="85,359,244,312" oya="2" hai0="126,125,13,16,42,2,103,121,82,100,81,127,64" hai1="105,66,62,5,101,102,89,68,86,21,35,107,8" hai2="9,132,77,71,134,93,80,36,130,116,1,129,110" hai3="37,0,90,27,72,115,88,74,45,94,22,28,19"/><V83/><F36/><W20/><G0/><T97/><D64/><U69/><E21/><V119/><F71/><W123/><G115/><T31/><D2/><U85/><E35/><V15/><F1/><W117/><G117/><N who="2" m="45129" /><F15/><W120/><G90/><T58/><D42/><U3/><E85/><N who="2" m="48271" /><F9/><W60/><G60/><T109/><D58/><U75/><E75/><V38/><F38/><W47/><G74/><T135/><D31/><U14/><E68/><V29/><F29/><W112/><G112/><T84/><D109/><U24/><E24/><V61/><F61/><W113/><G113/><T65/><D65/><U7/><E5/><V53/><F53/><W40/><G72/><T11/><D135/><N who="2" m="51754" /><F83/><N who="0" m="31754" /><D84/><U79/><E3/><V87/><F110/><W49/><G22/><T98/><D121/><U50/><E69/><V99/><F87/><W57/><G57/><T33/><D33/><U12/><E66/><V67/><F67/><W26/><G26/><T17/><D17/><U34/><E34/><V54/><F54/><W124/><G28/><T51/><D51/><U56/><E50/><V108/><F108/><W131/><G49/><T114/><D114/><U43/><E43/><V30/><F30/><W104/><G40/><T52/><D52/><U39/><E39/><V70/><F70/><W133/><G37/><T96/><AGARI ba="0,0" hai="11,13,16,96,97,98,100,103,125,126,127" m="31754" machi="96" ten="40,2700,0" yaku="18,1,54,1" doraHai="118" who="0" fromWho="0" sc="85,27,359,-7,244,-13,312,-7" /><INIT seed="3,0,0,3,5,125" ten="112,352,231,305" oya="3" hai0="23,76,123,112,13,6,75,52,57,5,78,91,114" hai1="20,17,135,90,26,93,82,81,39,62,45,95,122" hai2="107,63,43,89,126,36,71,64,40,53,134,19,133" hai3="25,3,47,44,59,67,130,101,24,2,106,28,111"/><W121/><G121/><T73/><D123/><U21/><E135/><N who="2" m="51723" /><F89/><W12/><G106/><T42/><D91/><U117/><E117/><V103/><F103/><W113/><G113/><N who="0" m="43627" /><D42/><U86/><E122/><V22/><F107/><W116/><G12/><T66/><D66/><U38/><E93/><V97/><F97/><W110/><G116/><T102/><D102/><U72/><E72/><N who="0" m="27721" /><D23/><U60/><E38/><V46/><F43/><W94/><G101/><T9/><D5/><U118/><E39/><V119/><F119/><W33/><G94/><T55/><D55/><U83/><E45/><V120/><F53/><W41/><G41/><T15/><D15/><U99/><E118/><V32/><F120/><W37/><G37/><T109/><D109/><U61/><REACH who="1" step="1"/><E21/><REACH who="1" ten="112,342,231,305" step="2"/><V34/><F126/><W105/><G105/><T88/><D88/><AGARI ba="0,1" hai="17,20,26,60,61,62,81,82,83,86,88,90,95,99" machi="88" ten="40,8000,1" yaku="1,1,2,1,8,1,54,1,53,0" doraHai="125" doraHaiUra="108" who="1" fromWho="0" sc="112,-80,342,90,231,0,305,0" /><INIT seed="4,0,0,5,5,88" ten="32,432,231,305" oya="0" hai0="133,44,132,75,101,72,11,95,89,15,117,80,57" hai1="47,84,40,97,67,66,9,0,98,86,78,73,37" hai2="130,45,38,123,119,43,85,100,13,28,114,99,20" hai3="16,106,116,52,27,122,55,120,48,14,26,126,42"/><T23/><D23/><U35/><E35/><V17/><F123/><N who="3" m="47147" /><G116/><T118/><D57/><U24/><E24/><N who="3" m="9258" /><G106/><T4/><D44/><U34/><E34/><V124/><F130/><W105/><G105/><T121/><D121/><U112/><E112/><V64/><F114/><W32/><G32/><T58/><D58/><U76/><E76/><V102/><F102/><W90/><G126/><T93/><D101/><U83/><E86/><V25/><F124/><W19/><G90/><T36/><D36/><U104/><E84/><V12/><F85/><W108/><G108/><T29/><D29/><U60/><E104/><V68/><F119/><N who="0" m="45578" /><D89/><U87/><E87/><V30/><F30/><W82/><G82/><T115/><D115/><U63/><E63/><V54/><F54/><N who="3" m="20523" /><G14/><T134/><D80/><U59/><E66/><V94/><REACH who="2" step="1"/><F28/><REACH who="2" ten="32,432,221,305" step="2"/><W8/><G8/><T33/><D33/><U18/><REACH who="1" step="1"/><E18/><REACH who="1" ten="32,422,221,305" step="2"/><V135/><F135/><N who="0" m="34562" /><T74/><AGARI ba="0,2" hai="4,11,15,72,74,75,93,95" m="34562,45578" machi="74" ten="50,12000,1" yaku="4,1,20,1,52,2" doraHai="88" who="0" fromWho="0" sc="32,140,422,-40,221,-40,305,-40" /><INIT seed="4,1,0,4,1,27" ten="172,382,181,265" oya="0" hai0="45,135,66,49,115,87,103,21,63,18,57,99,91" hai1="122,131,54,1,6,44,112,59,62,102,98,40,114" hai2="106,89,35,11,92,29,9,79,60,43,50,46,70" hai3="104,23,73,96,97,17,31,41,90,125,108,48,10"/><T12/><D135/><U19/><E122/><V85/><F106/><W80/><G108/><T2/><D2/><U53/><E131/><V123/><F123/><W82/><G73/><T88/><D115/><N who="1" m="44075" /><E19/><V95/><F95/><W7/><G125/><T24/><D12/><U105/><E6/><V26/><F70/><W13/><G104/><T8/><D8/><U101/><E1/><V132/><F132/><W84/><G82/><T64/><D64/><N who="1" m="39007" /><E101/><V77/><F60/><W116/><G116/><T133/><D133/><U121/><E121/><V109/><F109/><W126/><G126/><T4/><D4/><U117/><E117/><V113/><F113/><W118/><G118/><T128/><D87/><U51/><AGARI ba="1,0" hai="40,44,51,53,54,98,102,105" m="39007,44075" machi="51" ten="30,2000,0" yaku="15,1,11,1" doraHai="27" who="1" fromWho="1" sc="172,-11,382,23,181,-6,265,-6" /><INIT seed="5,0,0,4,0,83" ten="161,405,175,259" oya="1" hai0="105,114,118,61,126,25,51,37,41,57,10,106,96" hai1="28,3,40,104,11,71,55,53,132,92,70,63,87" hai2="74,48,30,49,17,111,131,39,99,31,124,93,47" hai3="128,84,43,6,69,7,85,123,127,73,0,97,9"/><U88/><E132/><V62/><F74/><W32/><G73/><T102/><D126/><U21/><E104/><V24/><F124/><W34/><G127/><T13/><D118/><U113/><E113/><V68/><F131/><W26/><G69/><T46/><D114/><U5/><E40/><V89/><F111/><W110/><G110/><T107/><D37/><U120/><E120/><V18/><F39/><W119/><G123/><T112/><D25/><U4/><E5/><V65/><F49/><W29/><G34/><T75/><D75/><U1/><E1/><V116/><F116/><W130/><G7/><T79/><D79/><U22/><E21/><V95/><F93/><W117/><G43/><T67/><REACH who="0" step="1"/><D112/><REACH who="0" ten="151,405,175,259" step="2"/><U19/><E28/><V15/><F24/><W76/><G76/><T72/><D72/><U52/><REACH who="1" step="1"/><E63/><REACH who="1" ten="151,395,175,259" step="2"/><V103/><F30/><W134/><G119/><T129/><D129/><U27/><AGARI ba="0,2" hai="3,4,11,19,22,27,52,53,55,70,71,87,88,92" machi="27" ten="30,18000,2" yaku="1,1,2,1,0,1,52,1,54,2,53,0" doraHai="83" doraHaiUra="108" who="1" fromWho="1" sc="151,-60,395,200,175,-60,259,-60" /><INIT seed="5,1,0,3,5,129" ten="91,595,115,199" oya="1" hai0="90,92,89,88,61,28,33,115,62,64,127,75,58" hai1="12,128,71,78,87,77,110,111,56,36,122,43,132" hai2="79,70,94,14,100,25,44,19,86,50,121,95,23" hai3="10,8,59,84,120,0,55,85,97,1,24,35,29"/><U112/><E12/><V68/><F70/><W98/><G120/><T117/><D75/><U52/><E122/><V102/><F68/><W119/><G119/><T107/><D117/><U124/><E128/><V15/><F121/><W73/><G73/><T130/><D130/><U123/><E123/><V6/><F15/><W134/><G134/><T31/><D115/><U21/><E112/><V133/><F133/><W42/><G42/><T5/><D127/><U113/><E132/><V66/><F66/><W80/><G85/><T26/><D107/><U114/><E21/><V91/><F95/><W116/><G1/><T41/><D41/><U40/><E87/><V105/><F79/><W57/><G57/><T72/><D72/><U76/><E71/><V47/><F105/><W38/><G38/><T51/><D51/><N who="1" m="30751" /><E43/><V49/><F49/><W54/><G0/><T46/><D46/><N who="1" m="23815" /><E124/><V125/><F125/><W32/><G116/><T7/><D31/><U96/><E96/><V109/><F47/><W9/><G98/><T99/><REACH who="0" step="1"/><D62/><REACH who="0" ten="81,595,115,199" step="2"/><U18/><E113/><V4/><F50/><W27/><G29/><T106/><D106/><U103/><E114/><V108/><F44/><W67/><G35/><T83/><D83/><U81/><E81/><V30/><F109/><W126/><G32/><T135/><D135/><U69/><E110/><V104/><F108/><W3/><G126/><T45/><D45/><U118/><E118/><V34/><F104/><W65/><G80/><T53/><D53/><U74/><E111/><V13/><F4/><AGARI ba="1,1" hai="4,5,7,26,28,33,58,61,64,88,89,90,92,99" machi="4" ten="40,2600,0" yaku="1,1,54,1,53,0" doraHai="129" doraHaiUra="39" who="0" fromWho="2" sc="81,39,595,0,115,-29,199,0" /><INIT seed="6,0,0,4,3,36" ten="120,595,86,199" oya="2" hai0="116,18,126,128,135,76,19,34,134,61,38,30,24" hai1="110,97,22,9,131,98,118,103,102,130,20,2,1" hai2="65,57,45,37,54,72,95,74,132,41,84,127,114" hai3="82,28,43,87,79,123,58,63,81,49,42,105,115"/><V117/><F117/><W83/><G105/><T129/><D76/><U85/><E85/><V23/><F132/><N who="0" m="50730" /><D38/><U71/><E71/><V70/><F127/><W91/><G123/><T73/><D73/><U39/><E39/><V109/><F114/><W17/><G28/><T68/><D116/><U89/><E89/><V107/><F107/><W100/><G100/><N who="1" m="38442" /><E110/><V77/><F109/><W101/><G101/><T50/><D50/><U46/><E46/><V12/><F70/><W11/><G49/><T62/><D62/><U4/><E1/><V121/><F65/><N who="3" m="39159" /><G115/><T56/><D68/><U15/><E2/><V94/><F121/><W88/><G79/><T3/><D3/><U8/><E9/><V99/><F77/><W119/><G119/><T40/><D40/><N who="3" m="15401" /><G87/><T66/><D126/><U64/><E118/><V92/><F84/><W113/><G113/><T7/><D7/><U125/><E4/><V27/><F99/><W124/><G124/><T6/><D6/><U0/><E97/><V16/><REACH who="2" step="1"/><F12/><AGARI ba="0,0" hai="11,12,17,81,82,83,88,91" m="15401,39159" machi="12" ten="30,8000,1" yaku="8,1,52,3,54,1" doraHai="36" who="3" fromWho="2" sc="120,0,595,0,86,-80,199,80" /><INIT seed="7,0,0,1,2,112" ten="120,595,6,279" oya="3" hai0="16,60,107,78,6,55,13,129,123,71,21,25,12" hai1="82,116,7,48,1,132,125,26,126,41,113,23,20" hai2="86,36,127,72,77,95,81,27,40,3,2,85,130" hai3="51,15,66,57,22,32,98,74,76,4,91,50,69"/><W65/><G32/><T90/><D107/><U68/><E116/><V44/><F27/><W122/><G122/><T97/><D78/><U109/><E113/><V56/><F56/><W62/><G74/><T117/><D129/><U73/><E109/><V24/><F24/><W101/><G76/><T18/><D123/><U63/><E73/><V124/><F130/><W134/><G134/><T53/><D117/><U92/><E82/><V104/><F104/><W33/><G33/><T11/><D71/><U37/><E37/><V131/><F131/><W87/><G69/><T9/><D60/><U106/><E106/><V80/><F95/><AGARI ba="0,0" hai="6,9,11,12,13,16,18,21,25,53,55,90,95,97" machi="95" ten="40,2600,0" yaku="8,1,54,1" doraHai="112" who="0" fromWho="2" sc="120,26,595,0,6,-26,279,0" owari="146,-25.0,595,69.0,-20,-52.0,279,8.0" /></mjloggm>