<mjloggm ver="2.3"><GO type="41" lobby="0"/><UN n0="%E3%81%A6%E3%82%93%E3%81%A6%E3%81%93%E7%8B%90" n1="%E4%BC%B4%E3%81%82%E3%81%8D%E3%82%89" n2="%E3%81%88%E3%81%B0%E3%81%A1%E3%82%83%E3%82%93%E2%98%86" n3="%E2%93%9D%53%75%70%68%78" dan="15,13,13,18" rate="2064.49,1817.65,1838.36,2119.39" sx="M,M,M,M"/><TAIKYOKU oya="0"/><INIT seed="0,0,0,5,5,126" ten="250,250,250,250" oya="0" hai0="3,108,75,58,47,0,63,41,131,7,96,24,104" hai1="132,72,87,92,21,110,77,109,31,20,91,40,48" hai2="95,135,86,124,93,62,71,134,65,117,97,89,111" hai3="35,5,81,85,79,129,15,125,39,78,44,45,9"/><T105/><D75/><U25/><E132/><V55/><F111/><N who="1" m="42505" /><E72/><V115/><F115/><W29/><G125/><T37/><D108/><U76/><E21/><V130/><F124/><W73/><G39/><T107/><D131/><U122/><E122/><V127/><F127/><W123/><G123/><T59/><D24/><U94/><E92/><V17/><F117/><W67/><G67/><T100/><D58/><U11/><E11/><V36/><F36/><W1/><G79/><T114/><D114/><U23/><E23/><V28/><F28/><W14/><G129/><T116/><D116/><U69/><E69/><V133/><F17/><W16/><G15/><T121/><D121/><U113/><E113/><V50/><F130/><W12/><G12/><T19/><D19/><U52/><E40/><V64/><F64/><W34/><G73/><T54/><REACH who="0" step="1"/><D7/><REACH who="0" ten="240,250,250,250" step="2"/><U74/><E74/><V6/><F6/><W84/><G16/><T61/><D61/><U88/><E91/><V18/><F18/><W2/><G5/><T53/><D53/><U13/><E13/><V82/><REACH who="2" step="1"/><F97/><REACH who="2" ten="240,250,240,250" step="2"/><W101/><G9/><T4/><D4/><U83/><E31/><V10/><F10/><W22/><G29/><T119/><D119/><U46/><E25/><V102/><F102/><W66/><G101/><T56/><D56/><AGARI ba="0,2" hai="50,55,56,62,65,71,82,86,89,93,95,133,134,135" machi="56" ten="40,2600,0" yaku="1,1,20,1,53,0" doraHai="126" doraHaiUra="38" who="2" fromWho="0" sc="240,-26,250,0,240,46,250,0" /><INIT seed="1,0,0,3,3,49" ten="214,250,286,250" oya="1" hai0="94,118,10,16,112,92,30,48,111,108,17,83,117" hai1="121,23,29,32,75,101,55,97,133,24,67,120,8" hai2="125,69,116,52,123,129,100,82,91,37,4,119,33" hai3="88,62,132,14,127,9,104,22,130,65,56,107,0"/><U26/><E75/><V44/><F123/><W106/><G130/><T90/><D112/><U73/><E73/><V128/><F69/><W89/><G132/><T36/><D36/><U18/><E133/><V80/><F33/><W96/><G127/><T131/><D131/><N who="2" m="50250" /><F125/><W60/><G0/><T78/><D30/><U135/><E135/><V103/><F4/><W51/><G22/><T41/><D118/><U105/><E67/><V53/><F37/><W45/><G62/><T63/><D117/><N who="2" m="45130" /><F44/><W59/><G59/><T34/><D63/><U77/><E77/><V19/><F19/><W66/><G66/><T25/><D17/><U84/><E84/><N who="2" m="50567" /><F82/><W114/><G114/><T39/><D39/><U3/><E3/><V12/><F12/><W102/><G14/><N who="0" m="7255" /><D25/><U134/><E134/><V72/><F72/><W57/><G57/><T124/><D34/><U93/><E8/><V20/><F20/><W27/><G9/><T15/><D15/><U87/><E55/><AGARI ba="0,0" hai="52,53,55,100,103" m="50567,45130,50250" machi="55" ten="30,8000,1" yaku="19,1,52,3,54,1" doraHai="49" who="2" fromWho="1" sc="214,0,250,-80,286,80,250,0" /><INIT seed="2,0,0,2,2,86" ten="214,170,366,250" oya="2" hai0="128,109,58,45,41,73,74,70,5,71,61,117,72" hai1="60,42,1,47,124,118,78,17,30,4,63,22,77" hai2="52,114,122,131,97,3,75,40,51,67,76,38,91" hai3="16,115,66,98,81,120,101,48,130,18,108,88,116"/><V54/><F122/><W104/><G120/><T87/><D109/><U7/><E118/><V23/><F114/><W111/><G116/><T103/><D117/><U133/><E133/><V62/><F3/><W9/><G66/><T2/><D128/><U68/><E124/><V32/><F32/><W92/><G130/><T14/><D2/><U19/><E30/><V56/><F76/><W129/><G129/><T113/><D113/><U43/><E47/><V110/><F75/><W27/><G81/><T90/><D103/><U57/><E1/><V33/><F33/><W15/><G48/><T89/><D14/><U59/><E22/><V53/><F131/><W94/><G104/><T29/><D5/><U8/><E68/><V64/><F23/><N who="3" m="13799" /><G115/><T132/><D29/><U34/><E34/><V10/><F10/><W82/><G82/><T119/><D132/><U0/><E0/><V134/><F134/><W55/><G55/><T35/><D35/><U13/><E13/><V25/><F25/><W39/><G39/><T46/><D119/><U135/><E135/><V28/><F28/><W85/><G111/><T37/><D46/><U100/><E100/><V112/><F112/><W105/><G105/><T79/><D71/><U6/><E6/><V127/><F110/><W44/><G108/><T26/><D70/><U20/><E20/><V102/><F38/><W106/><G106/><T36/><D36/><U125/><E125/><V80/><F80/><W121/><G121/><T11/><D26/><U93/><E93/><V21/><F40/><W31/><G31/><T84/><D37/><RYUUKYOKU ba="0,0" sc="214,-15,170,15,366,-15,250,15" hai1="4,7,8,17,19,42,43,57,59,60,63,77,78" hai3="9,15,18,44,85,88,92,94,98,101" /><INIT seed="3,1,0,2,4,34" ten="199,185,351,265" oya="3" hai0="19,95,76,13,108,47,87,28,22,4,12,3,54" hai1="82,107,73,59,53,18,97,32,106,127,126,35,86" hai2="110,45,89,84,17,43,120,78,71,16,65,119,37" hai3="100,111,57,38,49,79,118,121,68,113,115,75,83"/><W133/><G38/><T93/><D108/><U56/><E73/><V96/><F119/><W21/><G68/><T20/><D76/><U74/><E74/><V102/><F110/><W48/><G111/><T129/><D129/><U105/><E97/><V109/><F109/><W67/><G133/><T27/><D87/><U46/><E46/><V33/><F33/><W114/><G121/><T40/><D54/><U101/><E101/><V125/><F125/><N who="1" m="47625" /><E18/><V122/><F78/><W29/><G118/><T85/><D85/><U30/><E30/><V88/><F89/><W112/><G100/><T0/><D95/><U66/><E66/><V14/><F17/><W80/><G115/><T130/><D93/><U131/><E131/><V15/><F15/><W39/><G39/><T90/><D90/><N who="1" m="51543" /><E59/><V98/><F98/><W50/><G83/><T69/><D69/><U1/><E1/><V99/><F99/><W5/><G57/><T63/><D130/><U10/><E10/><V41/><F65/><W135/><G67/><T132/><D132/><U123/><E123/><V51/><F71/><W8/><G135/><T117/><D117/><U116/><E116/><V44/><F96/><W2/><G114/><T7/><D7/><U103/><E103/><V128/><F102/><W91/><REACH who="3" step="1"/><G91/><REACH who="3" ten="199,185,351,255" step="2"/><T60/><D47/><U6/><E6/><V70/><F70/><W26/><AGARI ba="1,1" hai="2,5,8,21,26,29,48,49,50,75,79,80,112,113" machi="26" ten="30,12000,1" yaku="1,1,2,1,0,1,52,1,53,1" doraHai="34" doraHaiUra="23" who="3" fromWho="3" sc="199,-41,185,-41,351,-41,255,133" /><INIT seed="3,2,0,1,0,133" ten="158,144,310,388" oya="3" hai0="34,42,100,16,102,117,115,64,135,114,30,70,79" hai1="124,121,44,134,25,120,78,103,104,63,53,45,60" hai2="94,90,6,77,10,59,11,26,37,57,101,12,123" hai3="41,27,29,48,85,76,2,71,108,67,19,125,1"/><W47/><G108/><T97/><D34/><U13/><E134/><V93/><F37/><W39/><G19/><T112/><D30/><U0/><E0/><V84/><F123/><W52/><G125/><T22/><D117/><U32/><E78/><V51/><F26/><W106/><G106/><T35/><D35/><U99/><E124/><V132/><F132/><W119/><G119/><T15/><D135/><U23/><E32/><V55/><F77/><W75/><G75/><T40/><D79/><U8/><E120/><V3/><F101/><W89/><G76/><T96/><D64/><U130/><E130/><V4/><F59/><W105/><G105/><N who="0" m="63623" /><D70/><U82/><E82/><AGARI ba="2,0" hai="3,4,6,10,11,12,51,55,57,82,84,90,93,94" machi="82" ten="30,1000,0" yaku="7,1" doraHai="133" who="2" fromWho="1" sc="158,0,144,-16,310,16,388,0" /><INIT seed="4,0,0,0,1,97" ten="158,128,326,388" oya="0" hai0="71,57,64,30,117,20,114,53,66,92,93,95,5" hai1="17,38,102,84,4,32,60,68,89,62,119,16,126" hai2="100,39,135,9,37,43,58,130,8,52,1,6,94" hai3="107,80,125,50,113,59,67,63,82,34,35,109,106"/><T85/><D114/><U49/><E119/><V42/><F130/><W46/><G109/><T70/><D117/><U23/><E38/><V45/><F135/><W31/><G125/><T56/><D5/><U128/><E32/><V87/><F87/><W115/><G31/><T131/><D131/><U15/><E128/><V7/><F94/><W0/><G0/><T18/><D30/><U96/><E126/><V77/><F77/><W118/><G118/><T110/><D110/><U120/><E68/><V19/><F19/><W36/><G36/><T104/><D104/><U24/><E4/><V2/><F100/><W11/><G11/><T73/><D73/><U55/><E120/><V134/><F134/><W29/><G29/><T124/><D124/><U47/><E89/><V12/><F12/><W127/><G127/><T26/><D71/><U69/><E84/><V108/><F108/><W25/><G25/><T78/><D70/><U74/><E69/><V13/><F13/><W101/><G35/><T88/><D78/><U99/><E99/><V75/><F75/><W48/><G34/><T132/><D132/><U28/><E74/><V3/><F3/><W90/><G90/><T54/><D66/><U65/><E65/><V41/><F45/><W81/><G46/><T14/><D64/><U79/><E79/><V122/><F122/><W105/><G101/><T103/><D26/><U123/><E123/><V133/><F133/><W76/><G76/><T91/><D103/><U61/><E15/><V112/><F112/><AGARI ba="0,0" hai="48,50,59,63,67,80,81,82,105,106,107,112,113,115" machi="112" ten="50,1600,0" yaku="15,1" doraHai="97" who="3" fromWho="2" sc="158,0,128,0,326,-16,388,16" /><INIT seed="5,0,0,2,4,61" ten="158,128,310,404" oya="1" hai0="92,1,31,99,81,65,2,64,75,135,42,5,117" hai1="124,18,62,107,32,127,4,7,85,93,84,111,55" hai2="132,95,89,52,123,50,73,78,0,120,101,67,87" hai3="82,24,3,15,94,19,97,131,39,49,121,134,113"/><U69/><E107/><V90/><F0/><W100/><G39/><T106/><D106/><U6/><E32/><V23/><F132/><W79/><G131/><T68/><D68/><U41/><E41/><V129/><F129/><W59/><G113/><T8/><D1/><U47/><E111/><V103/><F73/><W118/><G121/><T43/><D117/><U26/><E47/><V88/><F120/><W51/><G3/><T57/><D31/><U60/><E55/><V125/><F125/><N who="1" m="48201" /><E69/><V12/><F123/><W83/><G134/><T122/><D43/><U96/><E60/><V70/><F70/><W45/><G24/><T80/><D57/><U20/><E62/><V36/><F36/><W109/><G109/><T34/><D34/><U104/><E104/><V9/><F23/><W27/><G118/><T29/><D42/><U56/><E56/><V115/><F115/><W71/><G71/><T112/><D112/><U46/><E46/><V21/><F21/><W77/><G59/><T76/><D135/><U10/><E10/><V116/><F116/><W126/><G126/><T114/><D114/><U86/><E86/><V74/><F50/><W40/><G51/><T119/><D122/><U16/><E18/><V91/><F52/><W58/><G58/><T66/><D29/><U108/><E108/><V102/><F9/><N who="3" m="6639" /><G49/><T14/><D119/><U48/><E48/><V37/><F37/><W128/><G128/><T63/><D63/><U54/><E54/><V33/><F33/><W38/><G27/><T105/><D105/><U98/><E98/><V133/><F133/><RYUUKYOKU ba="0,0" sc="158,-15,128,15,310,-15,404,15" hai1="4,6,7,16,20,26,84,85,93,96" hai3="38,40,45,77,79,82,83,94,97,100" /><INIT seed="5,1,0,5,0,76" ten="143,143,295,419" oya="1" hai0="92,79,72,5,88,93,18,135,132,52,119,39,34" hai1="9,85,128,45,134,26,133,33,102,59,122,81,104" hai2="51,27,131,50,101,65,82,7,70,71,87,32,121" hai3="75,53,1,105,89,62,56,69,86,125,96,100,11"/><U13/><E122/><V25/><F121/><W129/><G75/><T40/><D119/><U47/><E128/><V41/><F131/><W68/><G129/><T61/><D34/><U91/><E104/><V114/><F114/><W48/><G125/><T117/><D117/><U103/><E59/><V46/><F101/><W2/><G11/><T28/><D28/><U44/><E33/><V38/><F38/><W78/><G78/><T74/><D5/><U3/><E3/><V16/><F7/><W83/><REACH who="3" step="1"/><G62/><REACH who="3" ten="143,143,295,409" step="2"/><T17/><D79/><U22/><E133/><V54/><F32/><W30/><G30/><T29/><D29/><U20/><E134/><V108/><F108/><W95/><G95/><T42/><D61/><U126/><E126/><V23/><F65/><W36/><G36/><T124/><D39/><U43/><E43/><V116/><F116/><W113/><G113/><T98/><D124/><U94/><E94/><V73/><F73/><W21/><G21/><N who="1" m="8298" /><E26/><V111/><F27/><W0/><AGARI ba="1,1" hai="0,1,2,48,53,56,68,69,83,86,89,96,100,105" machi="0" ten="30,7900,0" yaku="1,1,0,1,52,1,53,1" doraHai="76" doraHaiUra="49" who="3" fromWho="3" sc="143,-21,143,-40,295,-21,409,92" /><INIT seed="6,0,0,3,0,54" ten="122,103,274,501" oya="2" hai0="89,102,5,66,47,1,13,114,14,119,90,69,100" hai1="134,52,17,94,39,46,88,118,16,6,124,48,74" hai2="99,28,116,76,35,4,112,125,96,80,32,60,2" hai3="59,121,131,128,53,71,45,23,135,38,40,8,103"/><V122/><F116/><W107/><G121/><T82/><D69/><U87/><E118/><V58/><F122/><W130/><G135/><T44/><D1/><U26/><E134/><V132/><F132/><W108/><G108/><T3/><D3/><U37/><E124/><V117/><F117/><W81/><G71/><T75/><D75/><U24/><E74/><V43/><F112/><W92/><G107/><T33/><D33/><U34/><E6/><V68/><F68/><W9/><G23/><T57/><D114/><U63/><E34/><V27/><F125/><W21/><G21/><T91/><D82/><U78/><E78/><V126/><F35/><W105/><G105/><T123/><D123/><U101/><E39/><V109/><F109/><W30/><G30/><T65/><D119/><U18/><E37/><V31/><F31/><W127/><G81/><T72/><D72/><U56/><REACH who="1" step="1"/><E101/><REACH who="1" ten="122,93,274,501" step="2"/><N who="0" m="39017" /><D5/><U106/><E106/><V77/><F126/><W104/><G104/><T64/><D57/><U12/><E12/><AGARI ba="0,1" hai="12,13,14,44,47,64,65,66,89,90,91" m="39017" machi="12" ten="40,5200,0" yaku="28,2,8,1" doraHai="54" who="0" fromWho="1" sc="122,62,93,-52,274,0,501,0" /><INIT seed="7,0,0,0,3,104" ten="184,41,274,501" oya="3" hai0="18,51,120,119,80,75,53,134,32,82,0,40,108" hai1="47,135,30,23,42,95,34,77,60,123,55,14,46" hai2="130,19,128,17,103,8,106,11,58,27,94,21,84" hai3="112,96,10,121,24,26,56,61,115,111,37,5,29"/><W1/><G121/><T13/><D0/><U25/><E123/><V62/><F106/><W124/><G124/><T35/><D40/><U68/><E135/><V92/><F92/><W69/><G111/><T22/><D82/><U4/><E77/><V33/><F33/><W43/><G26/><T89/><D108/><U83/><E83/><V129/><F19/><W64/><G56/><T90/><D119/><U110/><E110/><V44/><F44/><W48/><G48/><T41/><D41/><U132/><E132/><V6/><F6/><W3/><G96/><T133/><D120/><U93/><E68/><V49/><F49/><W98/><G98/><T65/><D65/><U125/><E125/><V107/><F107/><W127/><G127/><T50/><D50/><U67/><E67/><V20/><F20/><W78/><G78/><T109/><D109/><U39/><E34/><V102/><F102/><W73/><G3/><T72/><D35/><U66/><E66/><N who="2" m="39255" /><F103/><W113/><G43/><T38/><D38/><U87/><E87/><V71/><F71/><W97/><G97/><T100/><D100/><U117/><E117/><V36/><F36/><W12/><G37/><T7/><D32/><U86/><E86/><V116/><F116/><W79/><G1/><T105/><D105/><U45/><E39/><V28/><F84/><W57/><G69/><T9/><D134/><U2/><E2/><V76/><F76/><W91/><G79/><T63/><D133/><U88/><E42/><V70/><F70/><W99/><G115/><T74/><D80/><U81/><E81/><RYUUKYOKU ba="0,0" sc="184,0,41,0,274,0,501,0" owari="184,-22.0,41,-46.0,274,7.0,501,61.0" /></mjloggm>