<mjloggm ver="2.3"><GO type="41" lobby="0"/><UN n0="%E3%83%A2%E3%83%AA%52%4F%4E" n1="%E5%B2%A1%E6%9C%AC%E5%92%8C%E7%9C%9F%E9%A0%91%E5%BC%B5%E3%81%A3%E3%81%A6" n2="%E2%93%9D%53%75%70%68%78" n3="%E4%BF%AE%E7%BE%85%E6%9D%90" dan="13,14,19,13" rate="1854.23,1881.69,2202.78,1845.36" sx="M,M,M,M"/><TAIKYOKU oya="0"/><INIT seed="0,0,0,2,2,80" ten="250,250,250,250" oya="0" hai0="123,90,34,71,5,86,114,101,19,53,64,55,16" hai1="65,129,93,124,97,112,91,29,85,7,103,75,24" hai2="94,57,130,6,27,116,81,72,35,0,48,69,43" hai3="15,79,18,134,99,10,44,89,135,113,83,110,77"/><T26/><D114/><U9/><E129/><V73/><F69/><W22/><G113/><T1/><D123/><U111/><E111/><V122/><F122/><W42/><G110/><T3/><D101/><U60/><E112/><V115/><F116/><W125/><G125/><T58/><D71/><U2/><E124/><V47/><F94/><W59/><G99/><T117/><D117/><U56/><E75/><V107/><F107/><W11/><G59/><T106/><D106/><U87/><REACH who="1" step="1"/><E91/><REACH who="1" ten="250,240,250,250" step="2"/><V70/><F73/><W102/><G89/><T119/><D119/><U100/><E100/><V127/><F72/><W118/><G102/><T45/><D26/><U92/><E92/><V25/><F25/><W126/><G126/><T63/><D34/><AGARI ba="0,1" hai="2,7,9,24,29,34,56,60,65,85,87,93,97,103" machi="34" ten="30,8000,1" yaku="1,1,7,1,52,2,53,1" doraHai="80" doraHaiUra="61" who="1" fromWho="0" sc="250,-80,240,90,250,0,250,0" /><INIT seed="1,0,0,0,4,124" ten="170,330,250,250" oya="1" hai0="34,125,26,108,92,56,132,0,133,117,120,118,11" hai1="9,18,83,41,61,24,48,5,76,126,127,107,67" hai2="49,31,62,20,50,80,91,98,30,22,42,38,7" hai3="94,79,58,66,73,99,97,28,47,89,36,39,3"/><U71/><E107/><V45/><F7/><W87/><G3/><T74/><D74/><U78/><E18/><V123/><F123/><W111/><G111/><T19/><D92/><U103/><E103/><V77/><F62/><W54/><G66/><T106/><D106/><U112/><E24/><V6/><F6/><W53/><G28/><N who="0" m="19735" /><D56/><U37/><E48/><V44/><F38/><W4/><G73/><T33/><D108/><U114/><E76/><V88/><F77/><W21/><G79/><T43/><D43/><U65/><E65/><V82/><F42/><W109/><G39/><T102/><D102/><U40/><E40/><V46/><F46/><W29/><G47/><T52/><D52/><U85/><E41/><V131/><F98/><W93/><G36/><T75/><D75/><U96/><E96/><V32/><F32/><W110/><G87/><T27/><D125/><N who="1" m="47627" /><E37/><V115/><F115/><W86/><G86/><T15/><D0/><AGARI ba="0,0" hai="0,5,9,61,67,71,78,83,85,112,114" m="47627" machi="0" ten="30,1500,0" yaku="18,1" doraHai="124" who="1" fromWho="0" sc="170,-15,330,15,250,0,250,0" /><INIT seed="1,1,0,0,0,93" ten="155,345,250,250" oya="1" hai0="70,41,67,107,19,17,112,110,27,95,24,113,98" hai1="126,53,81,35,94,37,86,90,40,14,88,89,96" hai2="109,52,42,34,5,122,31,21,20,39,33,11,45" hai3="8,75,66,57,58,114,128,29,38,84,10,79,115"/><U102/><E35/><V134/><F122/><W105/><G38/><T101/><D110/><U4/><E126/><V119/><F119/><W69/><G75/><T111/><D111/><U118/><E118/><V18/><F109/><W99/><G69/><T129/><D129/><U28/><E28/><V36/><F134/><W108/><G108/><T64/><D41/><U106/><E53/><V9/><F31/><W68/><G68/><T32/><D27/><U51/><E37/><V3/><F21/><W59/><G128/><T104/><D64/><U92/><E92/><V130/><F11/><W123/><G123/><T56/><D56/><U127/><E127/><V2/><F2/><W133/><G66/><T76/><D76/><U71/><E71/><V60/><F39/><W131/><G131/><T103/><D95/><U74/><E14/><V48/><F60/><W25/><G133/><T61/><D19/><U44/><E4/><V120/><F120/><W6/><G10/><T125/><D17/><U78/><AGARI ba="1,0" hai="40,44,51,74,78,81,86,88,89,90,94,96,102,106" machi="78" ten="30,12000,1" yaku="0,1,24,2,52,1,54,1" doraHai="93" who="1" fromWho="1" sc="155,-41,345,123,250,-41,250,-41" /><INIT seed="1,2,0,2,2,134" ten="114,468,209,209" oya="1" hai0="129,127,103,128,119,31,38,48,135,46,76,112,2" hai1="133,8,52,110,92,67,6,109,131,0,5,20,39" hai2="104,124,10,102,26,9,121,29,81,68,101,116,23" hai3="3,97,115,17,90,78,43,64,87,113,21,74,125"/><U25/><E133/><V14/><F68/><W1/><G64/><T111/><D103/><U37/><E5/><V45/><F121/><W85/><G43/><T11/><D76/><U63/><E92/><V117/><F10/><W100/><G74/><T24/><D48/><U94/><E94/><V50/><F124/><W60/><G60/><T13/><D46/><U93/><E93/><V83/><F117/><W19/><G78/><T27/><D38/><U59/><E67/><V53/><F116/><W73/><G73/><T77/><D77/><U118/><E118/><V18/><REACH who="2" step="1"/><F104/><REACH who="2" ten="114,468,199,209" step="2"/><W57/><G125/><T36/><D127/><U16/><E131/><V66/><F66/><W91/><G97/><T82/><D119/><U40/><E40/><V44/><F44/><W75/><G75/><T98/><D129/><U114/><E114/><V95/><F95/><W69/><G69/><T33/><D112/><U15/><E37/><V132/><F132/><W51/><G100/><AGARI ba="2,1" hai="9,14,18,23,26,29,45,50,53,81,83,100,101,102" machi="100" ten="40,5200,0" yaku="1,1,8,1,53,1" doraHai="134" doraHaiUra="42" who="2" fromWho="3" sc="114,0,468,0,199,68,209,-58" /><INIT seed="2,0,0,3,3,118" ten="114,468,267,151" oya="2" hai0="42,31,36,59,93,129,0,123,33,86,105,85,8" hai1="108,21,65,14,119,10,44,81,52,130,29,127,38" hai2="100,95,15,26,9,80,53,3,5,75,94,71,117" hai3="20,73,39,7,17,50,114,97,18,66,43,54,135"/><V62/><F117/><W91/><G73/><T27/><D129/><U113/><E119/><V125/><F125/><W124/><G124/><T56/><D105/><U51/><E127/><V89/><F100/><W77/><G77/><T11/><D123/><U32/><E32/><V19/><F26/><W132/><G114/><T76/><D93/><U122/><E38/><V1/><F95/><W116/><G116/><T60/><D59/><U90/><E65/><V128/><F128/><W63/><G7/><T87/><D0/><U25/><E113/><V82/><F3/><W61/><G61/><T67/><D76/><U28/><E28/><V107/><F107/><W109/><G109/><T69/><D42/><U126/><E126/><V92/><F92/><W120/><G120/><T112/><D36/><U6/><E108/><V13/><F1/><W83/><G43/><T30/><D30/><U115/><E115/><V41/><F75/><W84/><G39/><T58/><D112/><U48/><E48/><V22/><F41/><W57/><G97/><T40/><D40/><U47/><E130/><V34/><F34/><W103/><G103/><T99/><D99/><U74/><E74/><V88/><F89/><W78/><G78/><T12/><D8/><U49/><E122/><V110/><F110/><W102/><G102/><T111/><D111/><U79/><E79/><V134/><F134/><N who="3" m="51243" /><G20/><T131/><D131/><U64/><E49/><V121/><F121/><W45/><AGARI ba="0,0" hai="17,18,45,50,54,57,63,66,83,84,91" m="51243" machi="45" ten="30,1100,0" yaku="20,1" doraHai="118" who="3" fromWho="3" sc="114,-3,468,-3,267,-5,151,11" /><INIT seed="3,0,0,0,5,135" ten="111,465,262,162" oya="3" hai0="120,65,112,38,17,63,95,97,4,73,27,64,116" hai1="31,51,78,18,42,114,23,123,70,28,131,61,132" hai2="30,121,125,21,52,54,13,11,7,29,66,8,85" hai3="33,124,92,71,37,81,5,106,86,40,105,111,80"/><W67/><G33/><T110/><D73/><U93/><E132/><V14/><F121/><W19/><G37/><T12/><D38/><U113/><E123/><V90/><F66/><W15/><G40/><T41/><D41/><U104/><E104/><V101/><F125/><W45/><G124/><T49/><D120/><U94/><E78/><V1/><F101/><W55/><G5/><T128/><D110/><U88/><E93/><V56/><F1/><W69/><G111/><T36/><D36/><U84/><E131/><V25/><F30/><W74/><G74/><T117/><D128/><U102/><E102/><V48/><F54/><W20/><G80/><T130/><D112/><U46/><E114/><V122/><F122/><W98/><G69/><T126/><D126/><U6/><E6/><V35/><F35/><W24/><G67/><T115/><D115/><U89/><E89/><V87/><F90/><W10/><G71/><T107/><D107/><U134/><E134/><V118/><F118/><W26/><G106/><T47/><D130/><U2/><E2/><V68/><F68/><W9/><G105/><T100/><D27/><U75/><E75/><V109/><F109/><W133/><G133/><T32/><D4/><AGARI ba="0,0" hai="4,7,8,11,13,14,21,25,29,48,52,56,85,87" machi="4" ten="30,7700,0" yaku="7,1,9,1,8,1,54,1" doraHai="135" who="2" fromWho="0" sc="111,-77,465,0,262,77,162,0" /><INIT seed="4,0,0,3,5,112" ten="34,465,339,162" oya="0" hai0="25,90,0,67,98,56,44,12,11,57,55,47,114" hai1="7,28,83,18,97,133,27,66,119,62,39,33,29" hai2="73,5,95,122,79,38,91,13,77,35,69,50,72" hai3="110,132,24,113,30,99,103,17,60,2,87,16,107"/><T111/><D0/><U22/><E39/><V127/><F38/><W53/><G113/><T8/><D114/><U104/><E133/><V23/><F35/><W26/><G132/><T102/><D90/><U31/><E83/><V101/><F69/><W21/><G2/><T59/><D67/><U120/><E120/><V135/><F127/><W9/><G110/><T43/><D111/><U128/><E128/><V51/><F101/><W88/><G9/><T19/><D43/><U71/><E7/><V81/><F122/><W32/><G60/><T4/><D55/><U54/><E54/><V129/><F129/><W36/><G36/><T46/><D25/><U80/><E80/><V6/><F81/><W125/><G125/><T117/><D117/><U70/><E71/><V115/><F91/><W89/><G53/><T100/><D98/><U42/><E42/><V116/><F115/><W93/><G89/><T78/><D78/><U68/><E70/><V34/><F79/><W14/><G14/><T82/><D82/><U64/><E64/><V10/><F13/><W45/><G45/><T118/><D118/><U1/><E1/><V37/><F116/><W121/><G121/><T48/><D48/><U108/><E108/><V123/><F37/><W74/><G74/><T41/><D41/><U92/><E119/><V49/><F73/><W58/><G58/><T106/><D106/><U63/><E63/><V105/><F72/><W15/><G15/><T61/><D61/><U75/><E75/><V109/><F123/><W3/><G3/><T86/><D86/><U96/><E104/><RYUUKYOKU ba="0,0" sc="34,15,465,-15,339,-15,162,15" hai0="4,8,11,12,19,44,46,47,56,57,59,100,102" hai3="16,17,21,24,26,30,32,87,88,93,99,103,107" /><INIT seed="4,1,0,0,0,89" ten="49,450,324,177" oya="0" hai0="129,52,88,63,8,32,62,72,3,98,83,31,61" hai1="40,118,35,0,18,17,22,108,84,50,112,68,93" hai2="80,87,103,26,114,34,124,92,133,104,82,2,66" hai3="1,125,135,37,85,60,77,76,69,11,109,101,97"/><T49/><D129/><U73/><E73/><V14/><F2/><W75/><G75/><T38/><D38/><U70/><E0/><V15/><F104/><W23/><G37/><T94/><D32/><U99/><E35/><V67/><F114/><W95/><G109/><T90/><D31/><U110/><E84/><V113/><F133/><W9/><G135/><T13/><D3/><U10/><E10/><V25/><F124/><W106/><G125/><T71/><D71/><U121/><E121/><V6/><F113/><W105/><G69/><T12/><D72/><U27/><E112/><V20/><F34/><W51/><G60/><T74/><D74/><U86/><E86/><V116/><F116/><W115/><G115/><T5/><D12/><U58/><E68/><V4/><F87/><W33/><G33/><T130/><D130/><U7/><E7/><V123/><F103/><W119/><G119/><T45/><D83/><U59/><E70/><V111/><F20/><W102/><G51/><T55/><D90/><U41/><E118/><V43/><F111/><W128/><G128/><T21/><D21/><U65/><E17/><V107/><F123/><W30/><G1/><T56/><AGARI ba="1,0" hai="5,8,13,45,49,52,55,56,61,62,63,88,94,98" machi="56" ten="30,12000,1" yaku="0,1,8,1,52,1,54,2" doraHai="89" who="0" fromWho="0" sc="49,123,450,-41,324,-41,177,-41" /><INIT seed="4,2,0,2,1,116" ten="172,409,283,136" oya="0" hai0="29,44,69,118,56,36,12,105,127,38,57,61,34" hai1="134,30,92,33,103,68,125,19,104,113,91,2,37" hai2="121,76,81,51,24,82,6,10,59,47,54,64,74" hai3="58,93,123,122,63,110,119,84,52,72,117,79,42"/><T107/><D118/><N who="3" m="45065" /><G72/><T0/><D0/><U108/><E113/><V87/><F24/><W78/><G93/><T131/><D131/><U99/><E68/><V133/><F133/><W111/><G84/><T32/><D127/><U3/><E37/><V13/><F64/><W15/><G79/><T17/><D69/><U115/><E115/><V88/><REACH who="2" step="1"/><F59/><REACH who="2" ten="172,409,273,136" step="2"/><W20/><G78/><T85/><D57/><U53/><E134/><V48/><F48/><W55/><G20/><T43/><D38/><U135/><E135/><V96/><F96/><W129/><G129/><T90/><D34/><U11/><E33/><V95/><F95/><W41/><G15/><T21/><D32/><U106/><E2/><V27/><F27/><W22/><G22/><T100/><D29/><U14/><E3/><V62/><F62/><W109/><G55/><T71/><D71/><U112/><E112/><V114/><F114/><W18/><G18/><T49/><D36/><U9/><E30/><V97/><F97/><W16/><G16/><T25/><D25/><U73/><E14/><V45/><F45/><W67/><G67/><N who="0" m="39335" /><D105/><U70/><E104/><V40/><F40/><AGARI ba="2,1" hai="40,41,42,52,58,63,109,110,111,122,123" m="45065" machi="40" ten="40,8000,1" yaku="34,2,52,2,54,1" doraHai="116" who="3" fromWho="2" sc="172,0,409,0,273,-86,136,96" /><INIT seed="5,0,0,5,4,131" ten="172,409,187,232" oya="1" hai0="79,74,76,82,7,68,1,106,43,77,54,114,95" hai1="15,14,71,75,105,35,134,111,125,69,102,4,45" hai2="12,30,32,97,133,130,18,29,94,83,118,23,103" hai3="64,127,62,9,78,53,56,19,25,59,28,26,51"/><U65/><E75/><V34/><F118/><W109/><G109/><T119/><D106/><U5/><E111/><V98/><F130/><W107/><G107/><T3/><D114/><U55/><E35/><V40/><F40/><W2/><G127/><T20/><D68/><U46/><E105/><V0/><F0/><W63/><G78/><T72/><D43/><U17/><E17/><V6/><F6/><W122/><G122/><T22/><D95/><U41/><E41/><V21/><F83/><W92/><G92/><T123/><D82/><U37/><E125/><V39/><F39/><W96/><G96/><T57/><D119/><U124/><E124/><V27/><F98/><W129/><G129/><T113/><D113/><U86/><E86/><V88/><F103/><W132/><G2/><T104/><D104/><U135/><E102/><V101/><F101/><W85/><G85/><T116/><D116/><U60/><E55/><V13/><F13/><N who="1" m="4617" /><E37/><V36/><F36/><W16/><G9/><N who="0" m="2287" /><D3/><U120/><E120/><V67/><F67/><W93/><G93/><T84/><D84/><U33/><E33/><V115/><F115/><W117/><G117/><T87/><D87/><U49/><E71/><V48/><F34/><W112/><G112/><T91/><D91/><U73/><E73/><N who="0" m="28265" /><D123/><U10/><E49/><V81/><F48/><W80/><G80/><T110/><D110/><U128/><E128/><V38/><F38/><W58/><G51/><T108/><D108/><U52/><E10/><V126/><F126/><W24/><G53/><T89/><D89/><U42/><E52/><RYUUKYOKU ba="0,0" sc="172,30,409,-10,187,-10,232,-10" hai0="20,22,54,57,76,77,79" /><INIT seed="6,1,0,4,5,8" ten="202,399,177,222" oya="2" hai0="43,53,19,18,87,22,77,88,67,42,72,10,60" hai1="61,122,102,54,119,99,74,46,31,100,36,50,64" hai2="115,97,116,37,117,127,1,66,69,134,128,38,111" hai3="33,80,65,44,68,125,26,79,51,118,15,81,0"/><V32/><RYUUKYOKU type="yao9" ba="1,0" sc="202,0,399,0,177,0,222,0" hai2="1,32,37,38,66,69,97,111,115,116,117,127,128,134" /><INIT seed="6,2,0,0,5,112" ten="202,399,177,222" oya="2" hai0="10,24,69,34,7,93,118,92,128,49,9,65,67" hai1="21,43,53,75,31,110,72,3,33,44,60,42,36" hai2="126,52,27,84,94,119,130,91,37,11,83,58,111" hai3="104,45,6,28,127,17,87,48,0,51,132,81,77"/><V78/><F130/><W117/><G117/><T88/><D128/><U134/><E3/><V62/><F126/><W8/><G127/><T50/><D69/><U102/><E42/><V108/><F37/><W16/><G132/><T38/><D38/><U14/><E33/><V114/><F114/><W82/><G104/><T116/><D24/><U35/><E35/><V55/><F11/><N who="0" m="4106" /><D34/><U89/><E102/><V122/><F122/><W41/><G28/><T26/><D26/><U79/><E89/><V32/><F55/><W13/><G0/><T4/><D88/><U20/><E79/><V12/><F12/><W105/><G105/><T25/><D25/><U70/><E134/><V107/><F107/><W39/><G39/><T19/><D19/><U73/><E14/><V124/><F124/><W101/><G101/><T47/><D47/><U56/><E31/><V121/><F121/><W97/><G97/><T64/><D50/><N who="1" m="30775" /><E110/><N who="2" m="42027" /><F27/><W106/><G106/><T57/><D49/><U18/><E18/><V61/><F32/><W85/><REACH who="3" step="1"/><G51/><REACH who="3" ten="202,399,177,212" step="2"/><T15/><D57/><U68/><E68/><V120/><F120/><W2/><G2/><T123/><D123/><U109/><E109/><V74/><F62/><W30/><G30/><T23/><D15/><U63/><E63/><V129/><F129/><W131/><G131/><T86/><D23/><U100/><E100/><V90/><F90/><AGARI ba="2,1" hai="6,8,13,16,17,41,45,48,77,81,82,85,87,90" machi="90" ten="30,12000,2" yaku="1,1,7,1,25,2,8,1,54,1,53,1" doraHai="112" doraHaiUra="40" who="3" fromWho="2" sc="202,0,399,0,177,-126,212,136" /><INIT seed="7,0,0,5,3,23" ten="202,399,51,348" oya="3" hai0="107,41,99,78,17,135,46,98,82,5,10,103,127" hai1="72,29,113,54,118,131,83,25,97,73,31,30,4" hai2="101,3,40,34,95,126,16,2,108,84,91,86,128" hai3="45,125,94,92,123,1,48,68,96,0,65,21,70"/><W105/><G123/><T7/><D135/><U69/><E69/><V19/><F101/><W132/><G132/><T61/><D61/><U60/><E4/><V79/><F40/><W104/><G125/><T134/><D99/><U38/><E38/><V18/><F126/><W74/><G74/><T50/><D134/><U90/><E118/><V117/><F117/><W112/><G112/><T93/><D107/><U66/><E54/><V14/><F128/><W15/><G65/><T36/><D36/><U102/><E72/><V63/><F34/><W106/><G15/><N who="0" m="7415" /><D127/><U49/><E49/><V13/><F63/><W20/><G105/><T116/><D116/><U8/><E8/><V124/><F124/><W75/><G75/><T35/><D35/><U56/><E73/><V28/><F28/><W109/><G96/><T43/><D43/><U115/><E131/><V110/><F79/><W37/><G37/><T33/><D33/><U64/><E64/><V24/><F19/><W120/><G120/><T67/><D67/><U119/><E119/><V129/><F129/><W89/><G48/><T26/><D26/><U100/><E25/><V111/><F24/><W27/><G27/><T58/><D58/><U51/><E51/><V77/><F77/><W130/><G130/><T52/><D41/><U32/><E32/><V62/><F62/><W85/><G45/><T53/><D53/><U59/><E59/><V39/><F39/><W81/><G109/><T22/><D22/><U88/><E97/><V11/><F86/><AGARI ba="0,0" hai="5,7,46,50,52,78,82,86,93,98,103" m="7415" machi="86" ten="30,2000,0" yaku="8,1,54,1" doraHai="23" who="0" fromWho="2" sc="202,20,399,0,51,-20,348,0" owari="222,-18.0,399,50.0,31,-47.0,348,15.0" /></mjloggm>