<mjloggm ver="2.3"><GO type="41" lobby="0"/><UN n0="%70%61%73%73%69%6E%67" n1="%64%61%69%6D%61%6A%69%6E" n2="%E3%82%86%E3%83%BC%E3%82%8A" n3="%E2%93%9D%53%75%70%68%78" dan="14,16,14,19" rate="1911.60,1972.41,1836.52,2196.71" sx="M,M,M,M"/><TAIKYOKU oya="0"/><INIT seed="0,0,0,3,5,87" ten="250,250,250,250" oya="0" hai0="2,25,113,36,51,115,30,93,106,64,35,94,109" hai1="42,124,107,134,70,34,48,73,132,75,120,7,121" hai2="49,32,82,108,131,4,43,80,20,110,63,126,96" hai3="56,74,62,92,28,11,119,100,22,10,47,67,118"/><T58/><D36/><U31/><E70/><V89/><F32/><W55/><G74/><N who="1" m="28170" /><E7/><V90/><F4/><W128/><G128/><T53/><D2/><U12/><E42/><V111/><F131/><W29/><G119/><T16/><D106/><U83/><E48/><V103/><F126/><W104/><G104/><T79/><D79/><U0/><E0/><V45/><F63/><W44/><G118/><T27/><D64/><U19/><E107/><N who="2" m="63975" /><F20/><W116/><G116/><T50/><D51/><U40/><E40/><V88/><AGARI ba="0,0" hai="43,45,49,80,82,88,89,90,108,110,111" m="63975" machi="88" ten="40,8000,1" yaku="14,1,52,3,54,1" doraHai="87" who="2" fromWho="2" sc="250,-40,250,-20,250,80,250,-20" /><INIT seed="1,0,0,4,4,79" ten="210,230,330,230" oya="1" hai0="75,92,102,111,81,16,25,26,98,60,134,45,8" hai1="83,68,6,14,17,105,48,82,46,31,38,21,29" hai2="87,107,90,7,133,110,56,91,47,40,128,74,76" hai3="24,4,58,124,34,0,5,59,71,44,69,117,109"/><U106/><E38/><V10/><F110/><W108/><G24/><T30/><D111/><N who="3" m="42569" /><G34/><T125/><D134/><U36/><E36/><V19/><F133/><W97/><G97/><T55/><D125/><U35/><E68/><N who="3" m="26186" /><G0/><T101/><D102/><U37/><E37/><V100/><F74/><W104/><G44/><T96/><D98/><U43/><E6/><N who="3" m="2666" /><G104/><T123/><D123/><U2/><E2/><V57/><F107/><W116/><G124/><T86/><D75/><U63/><E63/><V15/><F100/><W9/><G9/><T121/><D121/><U114/><E114/><V118/><F10/><W54/><G54/><T113/><D113/><U52/><E43/><V77/><F47/><W115/><G115/><T112/><D112/><U119/><E119/><AGARI ba="0,0" hai="58,59,116,117,119" m="2666,26186,42569" machi="119" ten="40,8000,1" yaku="28,2,12,1,14,1" doraHai="79" who="3" fromWho="1" sc="210,0,230,-80,330,0,230,80" /><INIT seed="2,0,0,2,1,17" ten="210,150,330,310" oya="2" hai0="42,81,134,23,35,125,94,68,83,126,67,100,66" hai1="79,127,108,47,51,4,119,29,105,9,15,14,16" hai2="65,103,7,34,124,56,58,88,38,30,87,44,106" hai3="2,63,60,85,120,75,11,27,39,121,84,25,20"/><V21/><F34/><W102/><G75/><T5/><D35/><U26/><E119/><V101/><F124/><W13/><G2/><T86/><D5/><U78/><E127/><V18/><F30/><W71/><G39/><T95/><D42/><U28/><E108/><V43/><F7/><W48/><G102/><T50/><D50/><U64/><E105/><V98/><F103/><W73/><G73/><T123/><D100/><U107/><E107/><V55/><F65/><W135/><G135/><T24/><D123/><U131/><E131/><V61/><F58/><W104/><G71/><T111/><D68/><U115/><E115/><V117/><F117/><W96/><G96/><T110/><D86/><U8/><E64/><V93/><REACH who="2" step="1"/><F18/><REACH who="2" ten="210,150,320,310" step="2"/><W0/><G121/><T12/><D126/><U1/><E1/><V89/><F89/><W62/><G0/><T92/><D125/><U54/><REACH who="1" step="1"/><E29/><REACH who="1" ten="210,140,320,310" step="2"/><V122/><F122/><W90/><G120/><T33/><D111/><U133/><E133/><V59/><F59/><W132/><G132/><T74/><D134/><U109/><E109/><V112/><F112/><W80/><G104/><T46/><D110/><U37/><E37/><V113/><F113/><W19/><G90/><T82/><D66/><U99/><E99/><V45/><F45/><W97/><G97/><T31/><D67/><U52/><E52/><V130/><F130/><W70/><G70/><T41/><D46/><U69/><E69/><V49/><F49/><W22/><G48/><T118/><D118/><U76/><E76/><V116/><F116/><W57/><G57/><RYUUKYOKU ba="0,2" sc="210,-15,140,15,320,15,310,-15" hai1="4,8,9,14,15,16,26,28,47,51,54,78,79" hai2="21,38,43,44,55,56,61,87,88,93,98,101,106" /><INIT seed="2,1,2,0,3,109" ten="195,155,335,295" oya="2" hai0="70,13,52,23,107,14,118,6,111,129,125,36,5" hai1="65,48,1,127,82,135,57,39,10,66,19,27,12" hai2="75,64,40,84,2,89,128,32,3,102,15,44,31" hai3="122,113,0,76,131,101,94,18,34,61,28,8,29"/><V58/><F75/><W81/><G122/><T69/><D36/><U104/><E104/><V9/><F128/><W112/><G131/><T106/><D111/><U115/><E115/><N who="3" m="44106" /><G34/><T71/><D129/><U95/><E39/><V119/><F102/><W133/><G133/><T16/><D118/><U134/><E82/><V85/><F31/><W132/><G132/><N who="1" m="50730" /><E127/><V4/><F32/><W46/><G61/><T62/><D125/><U24/><E95/><V22/><F119/><W35/><G46/><T43/><D106/><U98/><E98/><V55/><F22/><W121/><G35/><T51/><D107/><U79/><E79/><V38/><F64/><N who="1" m="24681" /><E1/><V21/><F21/><W126/><G121/><T72/><D72/><U83/><E83/><V78/><F44/><W20/><G126/><T80/><D80/><U7/><E7/><V68/><F4/><N who="3" m="1031" /><G101/><T74/><D74/><U86/><E86/><V108/><F85/><N who="3" m="48295" /><G94/><T99/><D62/><U117/><E117/><V100/><F100/><W37/><G37/><T53/><D99/><U110/><E110/><V11/><F38/><W63/><G63/><T42/><D5/><U30/><E30/><V73/><F108/><W54/><G54/><AGARI ba="1,2" hai="10,12,19,24,27,48,54,57" m="24681,50730" machi="54" ten="30,1000,0" yaku="20,1" doraHai="109" who="1" fromWho="3" sc="195,0,155,33,335,0,295,-13" /><INIT seed="3,0,0,2,0,36" ten="195,188,335,282" oya="3" hai0="119,60,74,8,90,123,28,44,120,48,115,66,51" hai1="62,135,117,2,20,21,61,88,54,87,47,11,132" hai2="45,23,98,68,73,25,29,59,10,13,133,116,101" hai3="102,16,65,92,67,4,35,33,6,40,99,109,53"/><W32/><G109/><T42/><D74/><U71/><E117/><V112/><F133/><N who="1" m="51273" /><E2/><V76/><F68/><W39/><G53/><T38/><D28/><U96/><E96/><V64/><F112/><W91/><G102/><T3/><D115/><U83/><E11/><V121/><F121/><W122/><G122/><T18/><D119/><U111/><E111/><V7/><F73/><W43/><G39/><T69/><D120/><U0/><E0/><V82/><F116/><W107/><G107/><T86/><D123/><U104/><E104/><V70/><F45/><W72/><G72/><T129/><D129/><U58/><E47/><V89/><F89/><W57/><G16/><T26/><D26/><U106/><E106/><V12/><F70/><W84/><G99/><T46/><D18/><U128/><E128/><V77/><F82/><W103/><G103/><T85/><D85/><U56/><E71/><V81/><F81/><W108/><G108/><T27/><D27/><U105/><E105/><V63/><F13/><W79/><G79/><T131/><D131/><U9/><E9/><V55/><F55/><AGARI ba="0,0" hai="20,21,54,55,56,58,61,62,83,87,88" m="51273" machi="55" ten="30,2000,0" yaku="20,1,54,1" doraHai="36" who="1" fromWho="2" sc="195,0,188,20,335,-20,282,0" /><INIT seed="4,0,0,4,5,102" ten="195,208,315,282" oya="0" hai0="19,18,27,89,129,68,38,58,80,132,44,76,51" hai1="60,135,110,53,50,109,69,12,1,35,93,84,79" hai2="5,122,97,128,39,123,66,31,48,126,73,117,88" hai3="107,57,36,56,30,94,11,47,2,113,3,13,86"/><T85/><D38/><U23/><E35/><V41/><F39/><W40/><G107/><T52/><D132/><U20/><E1/><V0/><F73/><W15/><G30/><T62/><D129/><U105/><E105/><V95/><F117/><W32/><G32/><T4/><D4/><U87/><E135/><V133/><F126/><W77/><G15/><T92/><D68/><U106/><E106/><V67/><F128/><W116/><G113/><T81/><D81/><U42/><E42/><V17/><F133/><W120/><G120/><T45/><D27/><U83/><E23/><V14/><F31/><W7/><G116/><T10/><D10/><U29/><E69/><V99/><F0/><W91/><G3/><T21/><D21/><U118/><E60/><V72/><F5/><W100/><G100/><T54/><REACH who="0" step="1"/><D44/><REACH who="0" ten="185,208,315,282" step="2"/><U98/><E118/><V111/><F123/><W28/><G2/><T103/><D103/><U22/><E22/><V33/><F122/><W9/><G9/><T64/><D64/><U26/><E20/><V115/><F66/><W49/><G36/><T124/><D124/><U46/><E26/><V96/><F67/><W61/><G28/><T25/><D25/><U101/><E29/><V127/><F127/><W24/><G24/><T8/><D8/><U112/><E46/><N who="2" m="25679" /><F33/><W78/><G57/><T82/><D82/><U119/><E83/><V90/><F115/><W63/><G56/><T6/><D6/><U70/><E112/><V104/><F95/><W114/><G114/><T71/><D71/><U108/><E119/><V125/><F125/><RYUUKYOKU ba="0,1" sc="185,15,208,-15,315,-15,282,15" hai0="18,19,45,51,52,54,58,62,76,80,85,89,92" hai3="7,11,13,40,47,49,61,63,77,78,86,91,94" /><INIT seed="4,1,1,3,4,76" ten="200,193,300,297" oya="0" hai0="116,47,109,19,29,51,59,127,61,53,124,38,89" hai1="42,63,40,72,22,6,44,26,117,52,68,28,131" hai2="87,101,73,86,102,80,23,58,1,57,25,100,135" hai3="115,110,48,41,49,70,39,14,33,134,7,121,20"/><T9/><D116/><U113/><E117/><V75/><F135/><W2/><G110/><T69/><D109/><U133/><E72/><V132/><F1/><W128/><G33/><T85/><D29/><U81/><E133/><V56/><F132/><W46/><G70/><T112/><D112/><U74/><E113/><V120/><F120/><W103/><G128/><T27/><D38/><U119/><E119/><V36/><F36/><W11/><G115/><T34/><D69/><U94/><E131/><V93/><F93/><W111/><G111/><T17/><D34/><U122/><E122/><V62/><F62/><W54/><G103/><T8/><D27/><U118/><E118/><V21/><F87/><W105/><G105/><T10/><D124/><U35/><E35/><V125/><F125/><W3/><G39/><T64/><REACH who="0" step="1"/><D127/><REACH who="0" ten="190,193,300,297" step="2"/><U96/><E68/><V71/><F71/><W104/><G134/><T88/><D88/><U32/><E32/><V60/><F25/><W66/><G121/><T45/><D45/><U91/><E44/><V16/><F102/><W98/><G46/><T4/><D4/><U24/><E6/><V99/><F101/><W65/><G7/><T78/><D78/><N who="1" m="44247" /><E26/><V92/><F100/><W126/><G126/><T83/><AGARI ba="1,2" hai="8,9,10,17,19,47,51,53,59,61,64,83,85,89" machi="83" ten="30,18000,2" yaku="1,1,0,1,8,1,52,1,53,3" doraHai="76" doraHaiUra="5" who="0" fromWho="0" sc="190,203,193,-61,300,-61,297,-61" /><INIT seed="4,2,0,0,0,121" ten="393,132,239,236" oya="0" hai0="26,109,69,10,86,68,130,116,108,106,60,105,3" hai1="104,58,31,9,125,132,34,102,48,35,62,18,65" hai2="56,78,28,54,13,5,37,38,24,39,32,33,85" hai3="112,16,73,134,82,52,17,14,80,103,91,46,20"/><T74/><D116/><U1/><E132/><V93/><F33/><W42/><G112/><T19/><D74/><U43/><E125/><V94/><F78/><W51/><G134/><T126/><D86/><U118/><E118/><V55/><F85/><W107/><G73/><T66/><D69/><U97/><E31/><V45/><F45/><W11/><G107/><T122/><D122/><U67/><E65/><V81/><F81/><W59/><G103/><T4/><D126/><U77/><E77/><V127/><F55/><W8/><G91/><T30/><D19/><U15/><E43/><V27/><F27/><W113/><G113/><T36/><D36/><U98/><E1/><V110/><F110/><N who="0" m="42602" /><D130/><U57/><E48/><V84/><F84/><W119/><G119/><T70/><D70/><U6/><E57/><V129/><F56/><W89/><G89/><T123/><D123/><U90/><E18/><V101/><F39/><W41/><G41/><T29/><D29/><U117/><E117/><V0/><F38/><W47/><G47/><T72/><D72/><U63/><E63/><V135/><F37/><W120/><G120/><T21/><AGARI ba="2,0" hai="3,4,10,21,26,30,60,66,68,105,106" m="42602" machi="21" ten="30,11700,0" yaku="10,1,52,3" doraHai="121" who="0" fromWho="0" sc="393,123,132,-41,239,-41,236,-41" /><INIT seed="4,3,0,1,0,115" ten="516,91,198,195" oya="0" hai0="91,96,113,0,18,23,56,88,99,48,112,108,105" hai1="68,57,59,67,87,41,8,107,39,128,118,22,122" hai2="36,81,85,43,110,125,102,54,6,100,111,60,30" hai3="49,86,46,119,64,71,72,70,27,16,4,93,97"/><T50/><D0/><U42/><E107/><V55/><F6/><W78/><G72/><T29/><D29/><U114/><E8/><V32/><F125/><W5/><G119/><T84/><D105/><U75/><E75/><V135/><F135/><W24/><G64/><T74/><D74/><U73/><E73/><V34/><F85/><W33/><G71/><T131/><D131/><U26/><E114/><V132/><F81/><N who="3" m="47415" /><G33/><T13/><D108/><U63/><E87/><V76/><F76/><W90/><G70/><T45/><D113/><U134/><E22/><V44/><F60/><W79/><G79/><T2/><D2/><U124/><E26/><N who="3" m="9770" /><G16/><T9/><D91/><U40/><E122/><V28/><F132/><W53/><AGARI ba="3,0" hai="4,5,46,49,53,90,93,97" m="9770,47415" machi="53" ten="30,1100,0" yaku="8,1" doraHai="115" who="3" fromWho="3" sc="516,-8,91,-6,198,-6,195,20" /><INIT seed="5,0,0,0,3,117" ten="508,85,192,215" oya="1" hai0="13,102,114,64,11,124,44,23,72,14,98,48,54" hai1="123,25,45,129,121,88,93,94,104,106,37,75,97" hai2="59,77,7,29,32,56,6,133,107,82,61,47,4" hai3="68,28,132,9,120,40,90,92,99,12,27,89,128"/><U78/><E25/><V2/><F133/><W101/><G120/><N who="1" m="46154" /><E37/><V58/><F107/><N who="1" m="41001" /><E45/><V71/><F32/><W69/><G128/><T19/><D72/><U51/><E51/><V30/><F2/><W122/><G132/><T66/><D124/><U81/><E94/><V55/><F71/><W10/><G69/><T36/><D36/><U131/><AGARI ba="0,0" hai="75,78,81,88,93,97,129,131" m="41001,46154" machi="131" ten="40,18000,2" yaku="34,2,52,3,54,1" doraHai="117" who="1" fromWho="1" sc="508,-60,85,180,192,-60,215,-60" /><INIT seed="5,1,0,3,3,116" ten="448,265,132,155" oya="1" hai0="23,3,63,121,52,8,6,71,83,123,134,117,106" hai1="102,40,13,27,37,31,111,86,28,98,84,88,57" hai2="1,25,118,110,44,19,85,16,114,107,2,128,91" hai3="21,81,59,130,101,125,69,96,43,120,119,129,97"/><U12/><E37/><V4/><F110/><W76/><G69/><T20/><D106/><U39/><E39/><V32/><F107/><W61/><G119/><T46/><D117/><U73/><E73/><V109/><F109/><W36/><G125/><T82/><D134/><U100/><E111/><V34/><F114/><W103/><G21/><T54/><D71/><U132/><E132/><V72/><F72/><W68/><G68/><T93/><D93/><N who="1" m="56615" /><E40/><V94/><F128/><N who="3" m="49259" /><G120/><N who="0" m="46155" /><D54/><U74/><E74/><V90/><F44/><N who="3" m="23655" /><G103/><N who="1" m="39466" /><E57/><V127/><F127/><W0/><G101/><T124/><D124/><U38/><E38/><V26/><F34/><W92/><G92/><T108/><D108/><U22/><E28/><V33/><F94/><W60/><G59/><N who="0" m="35303" /><D46/><U42/><E42/><V64/><F118/><W89/><G97/><T131/><D131/><U126/><E126/><V35/><F35/><W115/><G96/><T41/><D41/><U47/><E47/><V29/><F64/><W49/><G115/><T99/><D99/><U56/><E56/><V113/><F113/><W58/><G58/><T17/><D23/><U105/><E105/><V9/><F33/><W133/><G133/><T62/><D62/><U5/><E5/><V122/><F4/><W135/><G61/><T30/><D30/><U79/><E31/><V77/><F29/><W78/><G135/><T14/><AGARI ba="1,0" hai="3,6,8,14,17,20,82,83" m="35303,46155" machi="14" ten="30,8000,1" yaku="13,1,52,3,54,1" doraHai="116" who="0" fromWho="0" sc="448,83,265,-41,132,-21,155,-21" /><INIT seed="6,0,0,4,1,83" ten="531,224,111,134" oya="2" hai0="87,111,116,33,46,73,15,6,126,117,99,90,78" hai1="27,120,12,52,125,13,100,39,61,76,9,110,74" hai2="69,88,35,82,60,132,122,95,101,10,119,43,102" hai3="103,97,48,31,107,94,98,55,134,51,8,118,28"/><V44/><F35/><W57/><G118/><T18/><D33/><U32/><E39/><V77/><F119/><W41/><G134/><T128/><D128/><U109/><E125/><V81/><F122/><W124/><G124/><T133/><D111/><U1/><E1/><V63/><F132/><W108/><G108/><T84/><D126/><U34/><E100/><V80/><F77/><W68/><G68/><T30/><D30/><U93/><E93/><V123/><F123/><W58/><G8/><T2/><D133/><U70/><E9/><V50/><F10/><W79/><G79/><T47/><D2/><U129/><E74/><V67/><REACH who="2" step="1"/><F63/><REACH who="2" ten="531,224,101,134" step="2"/><W3/><G3/><T65/><D117/><U91/><E61/><V96/><AGARI ba="0,1" hai="43,44,50,60,67,69,80,81,82,88,95,96,101,102" machi="96" ten="30,11700,0" yaku="1,1,2,1,0,1,54,1,53,0" doraHai="83" doraHaiUra="17" who="2" fromWho="2" sc="531,-39,224,-39,101,127,134,-39" /><INIT seed="6,1,0,1,0,51" ten="492,185,228,95" oya="2" hai0="3,10,25,75,38,14,34,24,73,95,39,122,87" hai1="13,88,64,134,20,37,114,85,111,123,133,40,121" hai2="57,104,4,89,80,58,36,102,131,106,100,135,62" hai3="52,5,129,91,23,49,82,108,22,98,97,59,107"/><V56/><F36/><W94/><G108/><T130/><D87/><U79/><E64/><V18/><F135/><N who="1" m="51721" /><E111/><V68/><F4/><W120/><G120/><N who="1" m="46154" /><E79/><V53/><F131/><W54/><G129/><T8/><D122/><U126/><E126/><V70/><F18/><W84/><G5/><T105/><D130/><U124/><E124/><V12/><F12/><W116/><G116/><T29/><D105/><U128/><E128/><V44/><F106/><W110/><G110/><T30/><D95/><N who="1" m="54671" /><E37/><V47/><F104/><W63/><G107/><T119/><D119/><U6/><E40/><V42/><F70/><W71/><G71/><T32/><D14/><U2/><E2/><AGARI ba="1,0" hai="2,3,8,10,24,25,29,30,32,34,38,39,73,75" machi="2" ten="25,1600,0" yaku="22,2" doraHai="51" who="0" fromWho="1" sc="492,19,185,-19,228,0,95,0" /><INIT seed="7,0,0,4,0,88" ten="511,166,228,95" oya="3" hai0="35,80,100,14,5,0,21,23,68,116,26,33,32" hai1="62,119,124,47,58,69,108,120,72,45,85,51,61" hai2="115,49,82,107,20,84,37,63,8,113,1,67,31" hai3="123,92,86,121,73,95,101,54,118,75,78,104,110"/><W91/><G54/><T94/><D68/><U9/><E72/><N who="3" m="27722" /><G118/><T59/><D94/><N who="3" m="35881" /><G110/><T48/><D80/><U17/><E85/><V64/><F107/><W90/><G78/><T122/><D100/><U60/><E9/><V96/><F37/><W50/><G50/><T93/><D93/><U97/><E97/><V41/><F96/><N who="3" m="61479" /><G86/><T11/><D116/><U83/><E119/><V13/><F1/><W111/><G111/><T114/><D48/><U99/><E108/><V53/><F41/><W55/><G55/><T71/><D59/><U74/><E58/><N who="2" m="33071" /><F63/><W125/><G125/><T52/><D52/><U34/><E124/><V117/><F117/><W39/><G39/><T10/><D71/><U44/><E69/><V25/><F84/><W2/><G2/><T15/><D0/><U128/><E61/><V42/><F42/><W24/><G24/><T89/><D26/><U129/><E62/><V56/><F56/><W57/><G57/><T130/><D32/><U40/><E34/><V81/><F67/><W87/><G87/><T30/><D33/><U112/><E60/><V18/><F64/><W19/><G19/><T132/><D30/><U29/><E29/><V103/><F103/><W106/><G106/><T98/><D35/><U6/><E17/><V43/><F43/><W79/><G79/><T3/><D3/><U7/><E40/><V4/><F18/><W70/><G70/><T46/><D5/><U109/><E6/><V22/><F22/><W28/><G28/><T105/><D23/><U134/><E7/><V65/><F65/><W102/><G102/><RYUUKYOKU ba="0,0" sc="511,-15,166,-15,228,15,95,15" hai2="4,8,13,20,25,31,81,82,113,115" hai3="90,91,121,123" /><INIT seed="7,1,0,1,2,126" ten="496,151,243,110" oya="3" hai0="67,69,117,8,39,18,100,110,90,60,85,125,14" hai1="118,121,76,81,0,13,15,6,59,70,135,34,10" hai2="4,71,55,43,23,75,57,105,12,134,102,114,11" hai3="7,25,98,101,61,45,89,72,22,3,112,49,19"/><W123/><G123/><T87/><D110/><U62/><E121/><V116/><F71/><W107/><G112/><T74/><D117/><U79/><E34/><V94/><F75/><W33/><G72/><T24/><D74/><U120/><E120/><V64/><F105/><W65/><G33/><T35/><D39/><U83/><E70/><V103/><F116/><W38/><G38/><T108/><D125/><U56/><E118/><V9/><F43/><W46/><G89/><T30/><D108/><U31/><E31/><V47/><F47/><W66/><G46/><T84/><REACH who="0" step="1"/><D100/><REACH who="0" ten="486,151,243,110" step="2"/><U40/><E135/><V5/><F103/><W21/><G21/><T53/><D53/><U132/><E132/><V50/><F102/><W37/><G37/><T96/><D96/><U73/><E73/><V17/><F134/><W95/><G107/><T68/><D68/><U63/><E40/><V20/><F64/><W42/><REACH who="3" step="1"/><G61/><REACH who="3" ten="486,151,243,100" step="2"/><T124/><D124/><U1/><E10/><AGARI ba="1,2" hai="3,7,10,19,22,25,42,45,49,65,66,95,98,101" machi="10" ten="40,3900,0" yaku="1,1,2,1,53,0" doraHai="126" doraHaiUra="27" who="3" fromWho="1" sc="486,0,151,-42,243,0,100,62" /><INIT seed="7,2,0,4,5,94" ten="486,109,243,162" oya="3" hai0="2,131,47,112,117,23,129,83,58,102,96,124,66" hai1="95,10,99,121,60,40,114,57,59,9,118,126,41" hai2="53,24,73,36,55,97,6,3,56,125,31,80,109" hai3="42,45,25,50,44,74,122,88,105,106,32,87,33"/><W52/><G74/><T108/><D117/><U120/><E126/><V63/><F109/><W90/><G122/><T116/><D2/><U21/><E114/><V17/><F36/><W43/><G25/><T18/><D116/><U12/><E118/><V86/><F73/><W81/><G52/><T13/><D108/><U48/><E21/><V84/><F6/><W38/><REACH who="3" step="1"/><G90/><REACH who="3" ten="486,109,243,152" step="2"/><T119/><D119/><U115/><E115/><V34/><F55/><W79/><G79/><T76/><D112/><U82/><E82/><V113/><F80/><W28/><G28/><T91/><D91/><N who="1" m="55807" /><E120/><V110/><F24/><W128/><G128/><N who="0" m="49227" /><D124/><U104/><E121/><V71/><F31/><W54/><G54/><T39/><D83/><U64/><E104/><AGARI ba="2,1" hai="32,33,38,42,43,44,45,50,81,87,88,104,105,106" machi="104" ten="40,3900,0" yaku="1,1,54,1,53,0" doraHai="94" doraHaiUra="89" who="3" fromWho="1" sc="486,0,109,-45,243,0,152,55" /><INIT seed="7,3,0,3,0,58" ten="486,64,243,207" oya="3" hai0="18,72,126,94,40,41,49,74,34,24,133,97,134" hai1="116,132,69,13,38,44,93,62,64,110,129,31,114" hai2="55,36,12,14,89,29,15,127,43,85,52,115,111" hai3="39,73,118,104,83,75,26,122,53,67,30,10,66"/><W98/><G118/><T119/><D119/><U17/><E116/><V9/><F111/><W78/><G122/><T60/><D126/><U51/><E132/><N who="0" m="50793" /><D60/><U70/><E129/><V6/><F127/><W19/><G39/><T76/><D76/><U131/><E114/><V35/><F36/><W82/><G53/><T130/><D130/><U46/><E131/><V56/><F43/><N who="0" m="16458" /><D49/><U1/><E1/><V125/><F35/><W86/><G75/><T77/><D77/><U79/><E110/><V103/><F103/><W124/><G124/><T33/><D18/><U81/><E31/><V87/><F29/><W48/><G48/><T47/><D24/><U95/><E70/><V4/><F115/><W16/><G19/><T22/><D22/><U128/><E128/><V59/><F87/><W50/><G50/><T37/><D47/><U2/><E2/><V20/><F15/><W120/><G120/><T32/><D37/><U88/><E38/><V0/><F0/><W8/><G30/><T23/><D23/><U112/><E112/><V105/><F105/><W25/><G104/><T21/><D21/><U99/><E95/><N who="2" m="54703" /><F125/><W42/><G26/><T65/><D65/><U91/><E91/><AGARI ba="3,0" hai="32,33,34,72,74,91,94,97" m="16458,50793" machi="91" ten="40,1300,0" yaku="20,1" doraHai="58" who="0" fromWho="1" sc="486,22,64,-22,243,0,207,0" owari="508,61.0,42,-46.0,243,4.0,207,-19.0" /></mjloggm>