<mjloggm ver="2.3"><GO type="41" lobby="0"/><UN n0="%E3%81%A0%E3%81%84%E3%81%A0%E3%81%84%EF%BC%95%E5%8F%B7" n1="%E8%97%A4%E6%A8%B9" n2="%68%61%6A%69%6D%65%23%23" n3="%E2%93%9D%53%75%70%68%78" dan="13,15,15,19" rate="1922.19,1981.23,2025.53,2186.98" sx="M,F,M,M"/><TAIKYOKU oya="0"/><INIT seed="0,0,0,5,0,14" ten="250,250,250,250" oya="0" hai0="10,111,106,31,58,72,74,26,11,69,93,75,120" hai1="51,103,42,76,36,27,13,4,25,61,54,46,77" hai2="121,84,115,71,29,125,105,129,101,20,98,49,95" hai3="15,12,39,40,94,59,57,91,119,83,2,80,90"/><T21/><D120/><U134/><E134/><V131/><F115/><W19/><G2/><T22/><D106/><U44/><E103/><V48/><F121/><W17/><G39/><T34/><D69/><U56/><E46/><V33/><F33/><W87/><G119/><T68/><D68/><U3/><E3/><V37/><F37/><W86/><G94/><T81/><D111/><U65/><E77/><V6/><F6/><W47/><G47/><T67/><D81/><U128/><E128/><N who="2" m="49227" /><F71/><W132/><REACH who="3" step="1"/><G40/><REACH who="3" ten="250,250,250,240" step="2"/><T45/><D45/><U23/><E36/><V109/><F109/><W133/><AGARI ba="0,1" hai="12,15,17,19,57,59,80,83,86,87,90,91,132,133" machi="133" ten="25,12000,2" yaku="1,1,2,1,0,1,22,2,52,2,53,0" doraHai="14" doraHaiUra="43" who="3" fromWho="3" sc="250,-60,250,-30,250,-30,240,130" /><INIT seed="1,0,0,5,0,102" ten="190,220,220,370" oya="1" hai0="115,40,49,60,86,110,66,103,93,61,53,25,9" hai1="29,129,108,99,20,31,135,15,33,17,2,72,58" hai2="92,43,94,56,5,67,88,79,121,0,24,98,7" hai3="3,68,11,55,38,64,105,111,130,48,8,78,133"/><U30/><E72/><V113/><F121/><W100/><G111/><T134/><D115/><U80/><E2/><V76/><F113/><W13/><G38/><T69/><D110/><U77/><E108/><V127/><F127/><W21/><G130/><T132/><D40/><U109/><E109/><V125/><F125/><W74/><G133/><T19/><D61/><U57/><E135/><V87/><F43/><W71/><G21/><T50/><D50/><U42/><E42/><V95/><F0/><W46/><G11/><T96/><D86/><U54/><E129/><V81/><F24/><W117/><G64/><T14/><REACH who="0" step="1"/><D25/><REACH who="0" ten="180,220,220,370" step="2"/><U97/><E33/><V32/><F32/><W70/><G48/><T90/><D90/><U119/><E119/><V91/><F76/><W44/><G78/><T1/><D1/><U45/><E45/><AGARI ba="0,1" hai="9,14,19,45,49,53,60,66,69,93,96,103,132,134" machi="45" ten="40,1300,0" yaku="1,1,53,0" doraHai="102" doraHaiUra="120" who="0" fromWho="1" sc="180,23,220,-13,220,0,370,0" /><INIT seed="2,0,0,2,1,123" ten="203,207,220,370" oya="2" hai0="90,72,49,88,20,34,102,71,3,35,109,46,53" hai1="40,98,29,119,9,68,115,122,84,70,33,128,130" hai2="76,44,114,66,101,112,121,94,54,57,47,77,22" hai3="108,135,129,48,113,74,26,1,7,32,56,55,95"/><V2/><F121/><W60/><G74/><T93/><D72/><U86/><E119/><V78/><F2/><W58/><G129/><N who="1" m="49770" /><E115/><V13/><F66/><W87/><G135/><T124/><D3/><U38/><E38/><V100/><F112/><W45/><G7/><T27/><D71/><U91/><E40/><V110/><F114/><W17/><G32/><T42/><D124/><U14/><E33/><V11/><F22/><W83/><G95/><T82/><D102/><N who="2" m="39530" /><F110/><W36/><G108/><T21/><D21/><U18/><E29/><V81/><F94/><W52/><G1/><T6/><D6/><U50/><E122/><V103/><F81/><W126/><G126/><T116/><D116/><U59/><E70/><V51/><N who="2" m="39538" /><V89/><DORA hai="8" /><F89/><W131/><G131/><T5/><D5/><AGARI ba="0,0" hai="5,11,13,44,47,51,54,57,76,77,78" m="39538" machi="5" ten="40,3900,0" yaku="8,1,52,1" doraHai="123,8" who="2" fromWho="0" sc="203,-39,207,0,220,39,370,0" /><INIT seed="2,1,0,5,0,79" ten="164,207,259,370" oya="2" hai0="65,29,34,62,49,52,45,26,39,15,88,64,28" hai1="117,18,127,90,129,24,71,33,7,32,13,56,115" hai2="103,20,16,14,25,50,54,131,95,83,17,126,118" hai3="84,19,111,99,58,69,93,121,94,0,86,109,43"/><V134/><F118/><W44/><G69/><T101/><D101/><U27/><E71/><V67/><F126/><W47/><G0/><T35/><D39/><U80/><E115/><V72/><F131/><W60/><G19/><T87/><D15/><U37/><E37/><V9/><F134/><W110/><G121/><T3/><D3/><U124/><E7/><V66/><F72/><W130/><G130/><T133/><D133/><U98/><E117/><V40/><F40/><W46/><G43/><T48/><D48/><U89/><E129/><V6/><F6/><W107/><G107/><T102/><D102/><U31/><E56/><V5/><F5/><W135/><G135/><T63/><D64/><U21/><E98/><N who="2" m="59871" /><F83/><W106/><G106/><T10/><D10/><U100/><E100/><V61/><F61/><W132/><G132/><T22/><D29/><U59/><E59/><AGARI ba="1,0" hai="9,14,16,17,20,25,50,54,59,66,67" m="59871" machi="59" ten="30,2900,0" yaku="8,1,54,1" doraHai="79" who="2" fromWho="1" sc="164,0,207,-32,259,32,370,0" /><INIT seed="2,2,0,1,4,120" ten="164,175,291,370" oya="2" hai0="25,130,13,100,129,99,57,50,115,38,93,126,62" hai1="111,22,91,59,9,28,79,133,14,131,132,12,53" hai2="83,37,11,117,122,73,78,20,47,77,39,36,6" hai3="86,89,23,30,2,72,104,48,84,24,97,94,106"/><V17/><F117/><W3/><G72/><T27/><D38/><U45/><E79/><V5/><F122/><W56/><G106/><T90/><D115/><U66/><E66/><V19/><F5/><W58/><G104/><T124/><D50/><U102/><E102/><V68/><F68/><W52/><REACH who="3" step="1"/><G58/><REACH who="3" ten="164,175,291,360" step="2"/><T64/><D100/><U61/><E131/><N who="0" m="50185" /><D13/><U105/><E105/><V109/><F73/><W67/><G67/><T4/><D4/><U119/><E119/><V118/><F6/><W41/><G41/><T60/><D60/><U96/><E14/><V108/><F118/><W44/><G44/><T88/><D90/><U32/><E45/><V8/><F47/><W42/><G42/><T29/><D27/><U69/><E69/><V127/><F78/><W35/><G35/><AGARI ba="2,1" hai="25,29,35,57,62,64,88,93,99,124,126" m="50185" machi="35" ten="30,2000,0" yaku="19,1,54,1" doraHai="120" who="0" fromWho="3" sc="164,36,175,0,291,0,360,-26" /><INIT seed="3,0,0,0,0,8" ten="200,175,291,334" oya="3" hai0="110,102,81,124,71,18,14,7,3,118,64,28,86" hai1="128,90,1,101,38,76,122,40,62,74,49,89,20" hai2="82,41,16,60,96,72,91,0,24,111,27,73,79" hai3="15,2,61,26,112,87,100,105,117,43,65,97,21"/><W130/><G112/><T32/><D118/><U36/><E1/><V109/><F0/><W131/><G2/><T77/><D110/><N who="2" m="41994" /><F41/><W5/><G117/><T104/><D124/><U99/><E128/><N who="3" m="49194" /><G87/><T98/><D3/><U47/><E122/><V55/><F72/><W54/><G54/><T107/><D7/><U134/><E134/><V45/><F96/><W70/><G43/><T114/><D114/><U115/><E115/><V129/><F91/><W63/><G63/><T125/><D125/><U48/><E76/><V68/><F129/><W78/><G78/><T84/><D84/><U25/><E74/><V37/><F37/><W4/><G26/><T13/><D18/><AGARI ba="0,0" hai="4,5,15,18,21,61,65,70,97,100,105" m="49194" machi="18" ten="30,2900,0" yaku="19,1,52,1" doraHai="8" who="3" fromWho="0" sc="200,-29,175,0,291,0,334,29" /><INIT seed="3,1,0,3,5,10" ten="171,175,291,363" oya="3" hai0="2,91,124,71,72,84,94,118,114,34,99,70,14" hai1="64,7,109,25,135,42,48,134,132,16,68,95,22" hai2="31,28,104,30,66,75,38,29,1,93,20,106,65" hai3="127,0,27,108,103,33,126,81,11,110,121,62,67"/><W100/><G121/><T92/><D118/><U117/><E68/><V21/><F75/><W101/><G81/><T112/><D2/><U88/><E64/><V46/><F1/><W107/><G107/><T51/><D34/><U74/><E7/><V61/><F93/><W78/><G78/><T37/><D37/><U79/><E109/><N who="3" m="42090" /><G27/><T86/><D51/><U9/><E117/><V54/><F66/><W35/><G11/><T120/><D120/><U123/><E123/><V56/><N who="2" m="7168" /><DORA hai="76" /><V36/><F36/><W47/><G47/><T43/><D43/><U122/><E9/><V8/><F8/><W23/><G23/><T44/><D44/><N who="1" m="25623" /><E122/><V12/><F38/><W26/><G26/><T83/><D14/><N who="1" m="9495" /><E79/><V96/><F12/><W58/><G0/><T57/><D57/><U115/><E25/><V98/><F106/><W3/><G3/><T60/><D60/><U5/><E5/><V128/><F104/><W111/><G111/><T77/><D71/><U97/><E74/><V52/><F128/><W41/><G41/><T113/><D70/><U87/><E115/><V50/><F65/><W80/><G35/><T105/><D105/><U39/><E39/><V82/><F82/><W102/><G33/><T116/><D116/><U63/><E63/><V49/><F61/><W85/><N who="3" m="26368" /><DORA hai="32" /><W130/><G130/><T73/><D124/><U40/><E40/><V59/><F46/><W131/><G131/><T119/><D119/><U90/><E90/><AGARI ba="1,0" hai="72,73,77,83,84,86,90,91,92,94,99,112,113,114" machi="90" ten="40,8000,1" yaku="11,1,34,3,52,1" doraHai="10,76,32" who="0" fromWho="1" sc="171,83,175,-83,291,0,363,0" /><INIT seed="4,0,0,4,2,30" ten="254,92,291,363" oya="0" hai0="116,58,91,16,123,98,48,74,132,111,42,12,60" hai1="14,69,11,104,65,2,77,99,113,5,36,45,107" hai2="119,85,24,117,97,82,78,63,40,118,83,3,15" hai3="59,57,68,41,13,108,66,17,47,93,55,130,129"/><T25/><D116/><U103/><E69/><V28/><F3/><W126/><G93/><T127/><D123/><U81/><E65/><V9/><F40/><W110/><G17/><T39/><D39/><U23/><E113/><V121/><F121/><W96/><G13/><T46/><D74/><U4/><E99/><V1/><F1/><W106/><G96/><T88/><D132/><U128/><E103/><V109/><F109/><N who="3" m="42091" /><G106/><T35/><D111/><U34/><E34/><V52/><F97/><W7/><G7/><T125/><D98/><U90/><E90/><V70/><F83/><W54/><G126/><N who="0" m="48139" /><D58/><N who="3" m="22025" /><G66/><T32/><D60/><U84/><E5/><V73/><F73/><W19/><G19/><T80/><D25/><U22/><E107/><V31/><F63/><W86/><G86/><N who="0" m="50247" /><D91/><U26/><E104/><V21/><F31/><W101/><G101/><T105/><D105/><U29/><E2/><V92/><F92/><W76/><G76/><T20/><AGARI ba="0,0" hai="12,16,20,32,35,42,46,48" m="50247,48139" machi="20" ten="30,12000,1" yaku="18,1,52,2,54,2" doraHai="30" who="0" fromWho="0" sc="254,120,92,-40,291,-40,363,-40" /><INIT seed="4,1,0,2,5,105" ten="374,52,251,323" oya="0" hai0="53,133,120,8,115,2,54,39,135,31,91,12,3" hai1="9,98,102,97,41,11,95,35,65,116,28,37,22" hai2="106,77,23,86,82,55,60,129,112,123,27,83,67" hai3="17,5,44,130,124,45,72,70,34,85,109,18,114"/><T78/><D120/><U4/><E116/><V127/><F123/><W69/><G34/><T26/><D39/><U59/><E41/><V113/><F106/><W117/><G5/><T73/><D91/><U13/><E37/><V103/><F103/><W132/><G130/><T40/><D40/><U96/><E11/><V62/><F129/><W15/><G132/><N who="0" m="50763" /><D115/><U56/><E56/><V125/><F55/><N who="0" m="21002" /><D78/><U68/><E35/><V64/><F82/><W47/><G114/><N who="2" m="44137" /><F62/><W21/><G117/><T14/><D73/><U131/><E68/><N who="2" m="41991" /><F67/><W33/><G70/><T134/><N who="0" m="50771" /><T84/><DORA hai="80" /><D84/><U90/><E131/><V46/><F46/><W6/><G47/><T104/><D104/><U61/><REACH who="1" step="1"/><E90/><REACH who="1" ten="374,42,251,323" step="2"/><V42/><F42/><W107/><G69/><T76/><D76/><U36/><E36/><V52/><F52/><W128/><G128/><T122/><D122/><U101/><E101/><V74/><F127/><W71/><G124/><T50/><D50/><U89/><E89/><V7/><F125/><W57/><G71/><T75/><D75/><U1/><E1/><N who="0" m="9" /><D8/><U79/><E79/><V93/><F74/><W63/><G72/><T99/><D99/><U38/><E38/><V108/><F77/><W20/><G45/><T126/><D126/><U49/><E49/><V0/><F0/><W119/><G44/><T43/><D43/><U19/><E19/><V94/><F7/><W81/><G6/><T24/><D31/><U30/><E30/><V29/><F29/><W100/><G100/><T92/><D92/><U66/><E66/><V121/><F94/><RYUUKYOKU ba="1,1" sc="374,15,42,15,251,-15,323,-15" hai0="12,14,24,26" hai1="4,9,13,22,28,59,61,65,95,96,97,98,102" /><INIT seed="4,2,1,0,4,45" ten="389,57,236,308" oya="0" hai0="39,76,15,25,53,91,104,101,134,82,96,74,21" hai1="9,56,86,111,51,12,77,118,87,126,125,94,11" hai2="37,100,83,132,49,13,92,130,127,114,0,107,35" hai3="55,113,33,95,43,44,16,79,97,72,123,65,58"/><T7/><D134/><U18/><E111/><V115/><F37/><W119/><G33/><T116/><D116/><U40/><E118/><V42/><F0/><W121/><G65/><T60/><D39/><U26/><E26/><V78/><F132/><W61/><G119/><T48/><D60/><U54/><E40/><V109/><F107/><W80/><G113/><N who="2" m="43017" /><F35/><W75/><G16/><T17/><D91/><U122/><E122/><V6/><F109/><W3/><G3/><T38/><D38/><U84/><E77/><V8/><F127/><N who="1" m="48649" /><E9/><V129/><F100/><W124/><G124/><T85/><D74/><U73/><E73/><N who="2" m="43471" /><F92/><AGARI ba="2,1" hai="11,12,18,51,54,56,84,86,87,92,94" m="48649" machi="92" ten="30,2000,0" yaku="18,1,52,1" doraHai="45" who="1" fromWho="2" sc="389,0,57,36,236,-26,308,0" /><INIT seed="5,0,0,0,1,33" ten="389,93,210,308" oya="1" hai0="41,120,126,60,109,25,36,101,91,87,65,53,99" hai1="37,121,58,44,124,15,54,83,4,76,107,51,96" hai2="78,82,14,123,63,12,115,119,125,17,95,11,102" hai3="59,67,46,26,133,85,81,62,6,52,103,48,118"/><U79/><E121/><V49/><F119/><W110/><G133/><T8/><D109/><U50/><E124/><V55/><F123/><W9/><G118/><T128/><D128/><U64/><E64/><V84/><F125/><W34/><G110/><T104/><D126/><U97/><E37/><V5/><F115/><W80/><G103/><T93/><D53/><U23/><E79/><V74/><F63/><W66/><G34/><T88/><D36/><U122/><E107/><V32/><F32/><W21/><G67/><T40/><D25/><U116/><E122/><V2/><F74/><W10/><G6/><T43/><D91/><U100/><E100/><V70/><F70/><W22/><G22/><T61/><D120/><U68/><E68/><V131/><F131/><W77/><REACH who="3" step="1"/><G81/><REACH who="3" ten="389,93,210,298" step="2"/><T31/><D65/><U56/><E116/><V117/><F117/><W127/><G127/><T20/><D20/><U98/><E51/><V19/><F102/><W1/><G1/><T86/><D61/><U105/><E105/><V113/><F2/><W94/><G94/><T134/><D60/><U111/><E111/><V39/><F95/><W7/><G7/><T108/><D134/><U28/><E4/><V27/><F5/><W45/><G45/><T106/><D108/><U129/><E129/><V89/><F49/><W29/><AGARI ba="0,1" hai="9,10,21,26,29,46,48,52,59,62,66,77,80,85" machi="29" ten="20,8000,1" yaku="1,1,0,1,7,1,8,1,54,1,53,0" doraHai="33" doraHaiUra="130" who="3" fromWho="3" sc="389,-20,93,-40,210,-20,298,90" /><INIT seed="6,0,0,1,1,87" ten="369,53,190,388" oya="2" hai0="42,69,27,37,55,97,16,35,53,10,84,113,115" hai1="38,7,94,83,104,107,121,90,70,24,60,49,74" hai2="77,130,41,118,62,34,12,95,105,109,17,0,58" hai3="120,131,133,2,63,43,26,106,33,88,66,22,52"/><V82/><F105/><W64/><G2/><T57/><D69/><U76/><E38/><V46/><F118/><W127/><G106/><T99/><D35/><U5/><E121/><V50/><F0/><W116/><G131/><T61/><D37/><U31/><E107/><V129/><F34/><W119/><G133/><T73/><D42/><U85/><E104/><V9/><F109/><W110/><G127/><T89/><D55/><U39/><E39/><V25/><F25/><W122/><G33/><T101/><D73/><U19/><E19/><V6/><F17/><W92/><G110/><T40/><D40/><U15/><E15/><V45/><F45/><W51/><G119/><T59/><D59/><U102/><E102/><V28/><F28/><W123/><G43/><T47/><D47/><U126/><E49/><V65/><REACH who="2" step="1"/><F95/><REACH who="2" ten="369,53,180,388" step="2"/><W96/><G116/><T3/><D3/><U67/><REACH who="1" step="1"/><E126/><REACH who="1" ten="369,43,180,388" step="2"/><V18/><F18/><N who="3" m="12631" /><G51/><T78/><D61/><U29/><E29/><V44/><F44/><W79/><G123/><T56/><D27/><U48/><E48/><V132/><F132/><W36/><G36/><T108/><D108/><U80/><E80/><V71/><F71/><W135/><G135/><T134/><D134/><U93/><E93/><V86/><AGARI ba="0,2" hai="6,9,12,41,46,50,58,62,65,77,82,86,129,130" machi="86" ten="30,11700,0" yaku="1,1,0,1,25,2,53,0" doraHai="87" doraHaiUra="98" who="2" fromWho="2" sc="369,-39,43,-39,180,137,388,-39" /><INIT seed="6,1,0,5,0,56" ten="330,4,317,349" oya="2" hai0="0,118,120,40,104,14,60,26,93,87,99,113,128" hai1="42,82,35,72,5,125,58,44,111,122,116,53,95" hai2="1,54,24,41,30,65,7,76,66,22,117,51,91" hai3="74,106,47,39,20,52,4,129,9,15,49,126,10"/><V43/><F117/><W21/><G106/><T127/><BYE who="1" /><D0/><U68/><E68/><V29/><F29/><W67/><G74/><T107/><D120/><U46/><E46/><V48/><F76/><W8/><G129/><T88/><D128/><U71/><E71/><V64/><F51/><W34/><G34/><T70/><D118/><U92/><E92/><V135/><F135/><W130/><G130/><T108/><D108/><U90/><E90/><V77/><F77/><W63/><G126/><T112/><D40/><U27/><E27/><V105/><F105/><W84/><G39/><T3/><D3/><U75/><E75/><V110/><F110/><W38/><G38/><T102/><D127/><U55/><E55/><V31/><F31/><W73/><G73/><T134/><D134/><U100/><E100/><V123/><F123/><W133/><G133/><T16/><D26/><U69/><E69/><V28/><F28/><W57/><G84/><T98/><D98/><U124/><E124/><V13/><F91/><W121/><G121/><T114/><D70/><U17/><E17/><V79/><F79/><W81/><G81/><N who="0" m="49263" /><D60/><U78/><E78/><V12/><F1/><W80/><G80/><T50/><D50/><U131/><E131/><V83/><F83/><W36/><G36/><T89/><D89/><U101/><E101/><V23/><F30/><W59/><G47/><T119/><D119/><U62/><E62/><V103/><F103/><W45/><G45/><T25/><D25/><U132/><E132/><V11/><F24/><W86/><G86/><T61/><D61/><RYUUKYOKU ba="1,0" sc="330,15,4,-15,317,-15,349,15" hai0="14,16,93,99,102,104,107,112,113,114" hai3="4,8,9,10,15,20,21,49,52,57,59,63,67" owari="345,15.0,-11,-51.0,302,-10.0,364,46.0" /></mjloggm>