<mjloggm ver="2.3"><GO type="41" lobby="0"/><UN n0="%E3%81%8B%E3%81%92%E3%82%82%E3%82%93" n1="%E2%93%9D%53%75%70%68%78" n2="%70%6F%6E%73%68%75" n3="%79%61%66" dan="13,19,14,14" rate="1832.62,2217.05,1885.11,1980.49" sx="M,M,M,M"/><TAIKYOKU oya="0"/><INIT seed="0,0,0,1,0,64" ten="250,250,250,250" oya="0" hai0="6,92,32,9,51,91,15,41,89,124,8,28,68" hai1="98,22,57,114,7,33,105,111,96,78,21,12,27" hai2="24,119,25,50,116,113,60,66,14,43,40,49,135" hai3="82,69,97,128,130,4,13,35,34,99,79,76,0"/><T115/><D115/><U54/><E111/><V106/><F106/><W30/><G0/><T67/><D28/><U10/><E114/><V132/><F14/><W81/><G30/><T95/><D32/><U36/><E36/><V94/><F25/><W56/><G13/><T73/><D73/><U3/><E78/><V46/><F113/><W133/><G133/><N who="2" m="51273" /><F24/><W29/><G29/><T61/><D9/><U47/><E47/><N who="2" m="25831" /><F94/><W110/><G110/><T71/><D124/><U122/><E122/><V90/><F90/><W23/><G23/><T11/><D8/><U62/><E105/><V2/><F2/><W87/><G56/><AGARI ba="0,0" hai="43,46,50,56,60,66,116,119" m="25831,51273" machi="56" ten="30,3900,0" yaku="20,1,34,2" doraHai="64" who="2" fromWho="3" sc="250,0,250,0,250,39,250,-39" /><INIT seed="1,0,0,4,3,58" ten="250,250,289,211" oya="1" hai0="66,133,17,109,111,3,128,113,15,1,54,0,5" hai1="83,104,82,60,74,36,106,40,122,38,123,61,98" hai2="19,80,47,56,32,99,21,7,26,96,6,88,130" hai3="78,73,76,27,65,105,64,135,35,79,51,114,116"/><U59/><E59/><V46/><F130/><W86/><G114/><T117/><D54/><U92/><E92/><V69/><F69/><W100/><G135/><T42/><D42/><U125/><E40/><V12/><F32/><W48/><G73/><T108/><D66/><U81/><E74/><V119/><F119/><W127/><G127/><T49/><D49/><U53/><E98/><V62/><F99/><W37/><G37/><N who="1" m="14442" /><E53/><N who="2" m="34063" /><F80/><W120/><G120/><N who="1" m="46122" /><E125/><V93/><F12/><W39/><G39/><T28/><D117/><U4/><E4/><AGARI ba="0,0" hai="4,6,7,19,21,26,46,47,88,93,96" m="34063" machi="4" ten="30,7700,0" yaku="25,1,8,1,52,1,54,1" doraHai="58" who="2" fromWho="1" sc="250,0,250,-77,289,77,211,0" /><INIT seed="2,0,0,3,4,17" ten="250,173,366,211" oya="2" hai0="36,10,49,16,20,15,71,73,80,44,34,87,39" hai1="68,61,35,53,66,100,84,101,28,107,94,96,118" hai2="85,21,27,82,91,81,60,97,43,6,76,103,128" hai3="131,63,52,133,12,18,119,24,31,83,112,64,45"/><V88/><F128/><W122/><G122/><T123/><D73/><U113/><E113/><V72/><F6/><W104/><G112/><T46/><D34/><U42/><E118/><V92/><F43/><W67/><G119/><T41/><D71/><U102/><E42/><V19/><F60/><W22/><G104/><T65/><D65/><U124/><E124/><V95/><F95/><W77/><G133/><T40/><D49/><U114/><E114/><V23/><F72/><W50/><G131/><T74/><D74/><U26/><REACH who="1" step="1"/><E53/><REACH who="1" ten="250,163,366,211" step="2"/><V120/><F120/><W7/><G7/><T117/><D117/><U38/><E38/><V69/><F69/><W51/><G51/><T79/><REACH who="0" step="1"/><D123/><REACH who="0" ten="240,163,366,211" step="2"/><U70/><E70/><V25/><F82/><W55/><G63/><T111/><D111/><U62/><E62/><V125/><REACH who="2" step="1"/><F125/><REACH who="2" ten="240,163,356,211" step="2"/><W135/><G64/><T86/><D86/><U89/><AGARI ba="0,3" hai="26,28,35,61,66,68,84,89,94,96,100,101,102,107" machi="89" ten="30,7900,0" yaku="1,1,0,1,25,2,53,0" doraHai="17" doraHaiUra="109" who="1" fromWho="1" sc="240,-20,163,109,356,-39,211,-20" /><INIT seed="3,0,0,0,2,42" ten="220,272,317,191" oya="3" hai0="123,64,4,69,83,114,115,21,30,120,73,103,84" hai1="33,47,89,107,60,37,98,25,95,68,67,118,19" hai2="55,5,17,15,134,71,7,85,18,46,38,119,41" hai3="63,66,113,117,14,105,3,54,92,11,52,128,16"/><W8/><G117/><T99/><D73/><U56/><E118/><V20/><F71/><W133/><G113/><T93/><D4/><U124/><E124/><V29/><F119/><W75/><G105/><T53/><D64/><U62/><E107/><V106/><F106/><W126/><G133/><T32/><D69/><U129/><E129/><V81/><F134/><W50/><G126/><T43/><D53/><U2/><E2/><V35/><F18/><W130/><G75/><T70/><D70/><U58/><E68/><V51/><F29/><W26/><G26/><T97/><D97/><U111/><E111/><V112/><F35/><W65/><G92/><T86/><D43/><U57/><E33/><V6/><F112/><N who="0" m="43050" /><D32/><U135/><E135/><V39/><F41/><W27/><G54/><T101/><D101/><U36/><E67/><N who="3" m="25610" /><G63/><T131/><D131/><N who="3" m="50217" /><G3/><T91/><D84/><U132/><E132/><V76/><AGARI ba="0,0" hai="5,6,7,15,17,20,38,39,46,51,55,76,81,85" machi="76" ten="30,2000,0" yaku="0,1,52,1" doraHai="42" who="2" fromWho="2" sc="220,-5,272,-5,317,20,191,-10" /><INIT seed="4,0,0,1,5,94" ten="215,267,337,181" oya="0" hai0="99,48,113,32,102,80,13,63,33,121,131,35,51" hai1="108,68,38,119,9,123,105,111,64,56,69,60,96" hai2="59,73,128,129,61,77,89,66,47,4,88,55,37" hai3="6,12,97,135,104,92,44,107,83,16,39,41,10"/><T20/><D121/><U116/><E9/><V19/><F4/><W78/><G135/><T100/><D131/><N who="2" m="50250" /><F19/><W84/><REACH who="3" step="1"/><G6/><REACH who="3" ten="215,267,337,171" step="2"/><T101/><D113/><U7/><E7/><V106/><F106/><W114/><G114/><T25/><D13/><U67/><E105/><V42/><F73/><W22/><G22/><T17/><D35/><U132/><E132/><V117/><F117/><W1/><G1/><T27/><D33/><U54/><E119/><V43/><F37/><W82/><G82/><T53/><D32/><U130/><E130/><V8/><F8/><W0/><G0/><T58/><D27/><U109/><E116/><V52/><F77/><W125/><G125/><T76/><REACH who="0" step="1"/><D99/><REACH who="0" ten="205,267,337,171" step="2"/><U14/><E96/><V118/><F118/><W91/><AGARI ba="0,2" hai="10,12,16,39,41,44,78,83,84,91,92,97,104,107" machi="91" ten="20,8000,1" yaku="1,1,0,1,7,1,52,1,54,1,53,0" doraHai="94" doraHaiUra="110" who="3" fromWho="3" sc="205,-40,267,-20,337,-20,171,100" /><INIT seed="5,0,0,3,0,64" ten="165,247,317,271" oya="1" hai0="83,107,124,113,7,104,105,92,36,8,12,76,125" hai1="79,2,21,32,121,130,129,87,55,118,20,6,132" hai2="51,58,98,63,3,95,85,65,39,133,44,90,19" hai3="9,108,102,38,52,119,40,86,101,131,103,50,109"/><U62/><E118/><V94/><F3/><W18/><G119/><T115/><D36/><U17/><E79/><V26/><F133/><W84/><G131/><N who="1" m="50186" /><E87/><V34/><F39/><W24/><G38/><T106/><N who="0" m="26624" /><DORA hai="78" /><T31/><D92/><U110/><E55/><V116/><F116/><W56/><G40/><T88/><D31/><U89/><E62/><V67/><F34/><W53/><G24/><T0/><D0/><U57/><E57/><V60/><F51/><W82/><G53/><T74/><REACH who="0" step="1"/><D88/><REACH who="0" ten="155,247,317,271" step="2"/><U1/><E89/><V71/><F98/><W28/><G28/><T47/><D47/><U114/><E2/><V112/><F44/><W127/><G108/><T126/><AGARI ba="0,1" hai="7,8,12,74,76,83,113,115,124,125,126" m="26624" machi="126" ten="70,8000,1" yaku="1,1,0,1,18,1,52,1,53,0" doraHai="64,78" doraHaiUra="93,68" who="0" fromWho="0" sc="155,90,247,-40,317,-20,271,-20" /><INIT seed="6,0,0,4,3,35" ten="245,207,297,251" oya="2" hai0="76,27,24,36,100,14,4,13,81,28,6,98,132" hai1="124,37,102,63,23,85,94,9,0,131,84,50,72" hai2="59,74,5,121,66,22,51,80,31,113,18,105,91" hai3="106,64,8,117,116,108,122,44,48,133,42,7,2"/><V38/><F113/><W56/><G122/><T11/><D36/><U112/><E37/><V55/><F38/><W34/><G34/><T99/><D132/><U95/><E72/><V86/><F105/><W128/><G108/><T120/><D120/><U33/><E33/><V118/><F121/><W130/><G106/><T107/><D99/><U52/><E131/><N who="3" m="50218" /><G133/><T96/><D96/><U1/><E63/><AGARI ba="0,0" hai="2,7,8,42,44,48,56,63,64,116,117" m="50218" machi="63" ten="30,2000,0" yaku="19,1,52,1" doraHai="35" who="3" fromWho="1" sc="245,0,207,-20,297,0,251,20" /><INIT seed="7,0,0,1,4,9" ten="245,187,297,271" oya="3" hai0="12,38,40,32,83,114,79,89,28,131,16,13,77" hai1="23,74,96,67,49,75,112,85,122,4,37,123,31" hai2="119,36,98,113,44,120,92,125,64,116,70,68,62" hai3="60,132,65,39,107,99,117,91,95,10,53,66,24"/><W21/><G117/><N who="2" m="45129" /><F98/><W130/><G130/><T50/><D38/><U94/><E37/><V19/><F92/><W109/><G132/><T59/><D32/><U104/><E67/><N who="3" m="25610" /><G107/><T15/><D28/><U110/><E4/><V63/><F19/><N who="3" m="12351" /><G39/><T17/><D131/><U71/><E49/><V0/><F113/><W56/><G109/><T2/><D2/><U127/><E71/><V81/><F81/><W52/><G10/><T8/><D8/><U7/><E7/><V100/><F0/><W78/><G53/><N who="0" m="32183" /><D40/><U20/><E110/><V6/><F6/><W88/><G78/><N who="0" m="29707" /><D114/><U87/><E112/><V69/><F100/><AGARI ba="0,0" hai="52,56,60,88,91,95,99,100" m="12351,25610" machi="100" ten="30,5800,0" yaku="8,1,54,2" doraHai="9" who="3" fromWho="2" sc="245,0,187,0,297,-58,271,58" owari="245,5.0,187,-31.0,239,-16.0,329,42.0" /></mjloggm>