<mjloggm ver="2.3"><GO type="41" lobby="0"/><UN n0="%E2%93%9D%53%75%70%68%78" n1="%E9%A1%94%E3%81%8C%57%E3%83%AA%E3%83%BC%E3%83%81" n2="%E3%83%95%E3%82%A9%E3%83%BC%E3%83%9D%E3%82%A4%E3%83%B3%E3%83%88" n3="%67%69%6C%62%65%79%27%73" dan="19,14,14,15" rate="2194.39,1840.22,1931.98,1905.53" sx="M,M,M,F"/><TAIKYOKU oya="0"/><INIT seed="0,0,0,2,3,84" ten="250,250,250,250" oya="0" hai0="70,21,90,98,119,78,11,103,93,13,130,85,12" hai1="116,124,120,61,92,125,66,30,22,111,37,57,114" hai2="115,109,69,106,108,44,71,83,10,94,122,27,118" hai3="75,126,3,128,42,88,15,45,76,29,23,62,81"/><T34/><D119/><U123/><E116/><V7/><F106/><W60/><G3/><T89/><D34/><U28/><E37/><V105/><F118/><W24/><G126/><N who="1" m="48746" /><E111/><N who="2" m="42571" /><F94/><W6/><G128/><T1/><D70/><U63/><E114/><V35/><F122/><N who="1" m="46633" /><E22/><V18/><F105/><W95/><G15/><T97/><D130/><U20/><E20/><N who="2" m="13719" /><F69/><W8/><G8/><T110/><D110/><U39/><E39/><V127/><F44/><W47/><G6/><N who="0" m="3191" /><D1/><U16/><E16/><V41/><F41/><W52/><G47/><T131/><D131/><U104/><E104/><V121/><F127/><W80/><G80/><N who="0" m="47255" /><D98/><U0/><E0/><N who="2" m="359" /><F121/><W17/><G17/><AGARI ba="0,0" hai="13,17,21,89,90,93,97,103" m="47255,3191" machi="17" ten="30,5800,0" yaku="8,1,52,2" doraHai="84" who="0" fromWho="3" sc="250,58,250,0,250,0,250,-58" /><INIT seed="0,1,0,5,1,121" ten="308,250,250,192" oya="0" hai0="23,66,106,39,33,42,41,30,13,18,10,71,35" hai1="120,28,85,96,5,116,4,59,83,74,86,6,48" hai2="100,12,126,70,104,114,129,92,56,124,84,32,54" hai3="107,110,7,131,112,76,117,63,123,36,125,89,24"/><T55/><D106/><U21/><E120/><V72/><F32/><W40/><G7/><T99/><D71/><U16/><E28/><V135/><F114/><W61/><G24/><T97/><D66/><U93/><E116/><V111/><F70/><W103/><G76/><T60/><D35/><U128/><E74/><V67/><F67/><W31/><G31/><T127/><D127/><N who="2" m="48682" /><F72/><W87/><G125/><T132/><D132/><U15/><E83/><V11/><F135/><W49/><G123/><T102/><D39/><U50/><E128/><V38/><F38/><W26/><G117/><T78/><D78/><U25/><E25/><V94/><F129/><W69/><G26/><N who="0" m="16735" /><D102/><U75/><E75/><V17/><F84/><N who="1" m="32361" /><E59/><V98/><F111/><W134/><G110/><T88/><D33/><U3/><E3/><V105/><F105/><W90/><G112/><T82/><D82/><U45/><E45/><V118/><F118/><W43/><G36/><T77/><D77/><U14/><E15/><V29/><F29/><W53/><G134/><T37/><D37/><U57/><E57/><V101/><F101/><AGARI ba="1,0" hai="4,5,6,14,16,21,48,50,93,96,101" m="32361" machi="101" ten="30,2000,0" yaku="8,1,54,1" doraHai="121" who="1" fromWho="2" sc="308,0,250,23,250,-23,192,0" /><INIT seed="1,0,0,1,3,130" ten="308,273,227,192" oya="1" hai0="109,81,44,79,70,124,97,60,72,134,29,107,96" hai1="94,117,93,57,86,105,59,71,51,65,98,13,110" hai2="9,125,113,58,45,88,99,91,7,66,87,120,82" hai3="38,41,132,111,47,10,43,122,15,131,77,128,63"/><U35/><E117/><V52/><F120/><W61/><G122/><T37/><D109/><U33/><E110/><V68/><F113/><W103/><G111/><T27/><D124/><U119/><E119/><V26/><F125/><W56/><G103/><T8/><D8/><U54/><E105/><V28/><F45/><W90/><G77/><T50/><D37/><U129/><E71/><V0/><F68/><W5/><G43/><T135/><D60/><U62/><E129/><V80/><F66/><W42/><G42/><N who="0" m="24855" /><D107/><U11/><E86/><V74/><F74/><W18/><G61/><T92/><D92/><U127/><E93/><V16/><F16/><W21/><G90/><T126/><D70/><U22/><E22/><V32/><F99/><W55/><REACH who="3" step="1"/><G132/><REACH who="3" ten="308,273,227,182" step="2"/><N who="0" m="50731" /><D126/><U123/><E123/><V1/><F91/><W67/><G67/><T108/><D108/><U31/><E127/><V6/><F0/><AGARI ba="0,1" hai="0,5,10,15,18,21,38,41,47,55,56,63,128,131" machi="0" ten="40,1300,0" yaku="1,1,53,0" doraHai="130" doraHaiUra="118" who="3" fromWho="2" sc="308,0,273,0,227,-13,182,23" /><INIT seed="2,0,0,3,4,12" ten="308,273,214,205" oya="2" hai0="21,86,132,71,68,119,98,52,2,44,126,3,8" hai1="6,43,16,87,116,124,112,13,108,100,23,7,90" hai2="61,5,93,110,65,130,20,128,113,41,70,14,57" hai3="33,28,117,77,9,97,104,49,88,29,107,17,89"/><V121/><F121/><W34/><G77/><T115/><D115/><U109/><E116/><V40/><F113/><W62/><G49/><T79/><D132/><U103/><E112/><V95/><F110/><N who="1" m="42601" /><E43/><V81/><F81/><W105/><G62/><T91/><D126/><U63/><E63/><V123/><F123/><W69/><G69/><T15/><D71/><U22/><E22/><V27/><F70/><W54/><G54/><T11/><D98/><U133/><E124/><V59/><F59/><W85/><G117/><T46/><D79/><U92/><E133/><V10/><F41/><W30/><G97/><T58/><D3/><U56/><E56/><V51/><F51/><W82/><G89/><T118/><D2/><U19/><E19/><V53/><F53/><W0/><G0/><T125/><D125/><U64/><E64/><V72/><F72/><W111/><G111/><T36/><D119/><U66/><E66/><V32/><F32/><W24/><G9/><N who="0" m="3659" /><D68/><U31/><E31/><N who="2" m="17895" /><F40/><W42/><G42/><T18/><D118/><U94/><E94/><V50/><F50/><W73/><G73/><T131/><D58/><U25/><E25/><V78/><F78/><W47/><G34/><T106/><D52/><U84/><E84/><V37/><F37/><W39/><G39/><T80/><D36/><U101/><AGARI ba="0,0" hai="6,7,13,16,23,87,90,92,100,101,103" m="42601" machi="101" ten="30,4000,0" yaku="14,1,52,1,54,1" doraHai="12" who="1" fromWho="1" sc="308,-10,273,40,214,-20,205,-10" /><INIT seed="3,0,0,3,2,115" ten="298,313,194,195" oya="3" hai0="77,101,69,70,100,7,71,10,129,57,116,94,13" hai1="54,93,44,99,9,51,95,2,76,25,59,64,35" hai2="29,19,56,34,104,103,74,15,98,41,33,48,3" hai3="18,67,119,80,21,28,130,62,47,6,42,135,16"/><W123/><G119/><T55/><D129/><U79/><E2/><V83/><F3/><W111/><G123/><T131/><D131/><U132/><E132/><V53/><F41/><W65/><G135/><T45/><D116/><U0/><E0/><V96/><F29/><W126/><G6/><T105/><D105/><U121/><E121/><V72/><F96/><W46/><G130/><T60/><D77/><U84/><E9/><V108/><F108/><W5/><G5/><T82/><D82/><U81/><E79/><V109/><F109/><W4/><G4/><T106/><D106/><U75/><E75/><V63/><F63/><W122/><G122/><T112/><D112/><U17/><E35/><V68/><F68/><W61/><G111/><T114/><D114/><U11/><E99/><V92/><F104/><W58/><G80/><T24/><D94/><U110/><E110/><V73/><REACH who="2" step="1"/><F83/><REACH who="2" ten="298,313,184,195" step="2"/><W91/><G42/><T66/><D71/><U1/><E1/><V20/><AGARI ba="0,1" hai="15,19,20,33,34,48,53,56,72,73,74,92,98,103" machi="20" ten="30,4000,0" yaku="1,1,2,1,0,1,53,0" doraHai="115" doraHaiUra="22" who="2" fromWho="2" sc="298,-10,313,-10,184,50,195,-20" /><INIT seed="4,0,0,5,1,100" ten="288,303,234,175" oya="0" hai0="38,120,133,76,44,96,113,50,118,122,7,35,34" hai1="3,111,88,114,22,23,0,37,110,64,48,42,85" hai2="69,9,124,58,8,90,28,123,41,12,107,63,27" hai3="99,127,128,57,92,74,5,24,29,115,91,117,87"/><T14/><D38/><U73/><E73/><V116/><F123/><W51/><G117/><T98/><D118/><U40/><E64/><V72/><F72/><W86/><G74/><T108/><D113/><U11/><E37/><V45/><F124/><W101/><G115/><T71/><D133/><U104/><E114/><V89/><F69/><W121/><G127/><T66/><D76/><U129/><E129/><V59/><F116/><W55/><G121/><T16/><D7/><U106/><E48/><V39/><F59/><W94/><G128/><T112/><D108/><U125/><E125/><V78/><F78/><W134/><G5/><T19/><D112/><U52/><E85/><V119/><F119/><W102/><G134/><T70/><D50/><U109/><E52/><V79/><F79/><W53/><G53/><T20/><D20/><N who="1" m="7723" /><E88/><V126/><F126/><W4/><G4/><T10/><D66/><U18/><E18/><V43/><F43/><N who="1" m="16425" /><E11/><V77/><F77/><W75/><G75/><T84/><D10/><U67/><E67/><V80/><F9/><W17/><G17/><T65/><D65/><U33/><E33/><V93/><F8/><W36/><G36/><T2/><D84/><U6/><E6/><V105/><F12/><W46/><G57/><T32/><D32/><U97/><E97/><V81/><F28/><W83/><G87/><T21/><D21/><U47/><E47/><V130/><F130/><W56/><G56/><T1/><D44/><U13/><E13/><AGARI ba="0,0" hai="1,2,13,14,16,19,34,35,70,71,96,98,120,122" machi="13" ten="25,4800,0" yaku="22,2,54,1" doraHai="100" who="0" fromWho="1" sc="288,48,303,-48,234,0,175,0" /><INIT seed="4,1,0,5,0,91" ten="336,255,234,175" oya="0" hai0="65,88,125,32,99,16,92,64,114,71,131,43,108" hai1="33,52,87,107,10,83,18,0,78,9,116,109,41" hai2="120,112,2,50,93,127,130,134,4,46,119,42,104" hai3="122,5,76,113,12,55,39,72,97,30,58,3,19"/><T81/><D32/><U123/><E109/><V36/><RYUUKYOKU type="yao9" ba="1,0" sc="336,0,255,0,234,0,175,0" hai2="2,4,36,42,46,50,93,104,112,119,120,127,130,134" /><INIT seed="4,2,0,5,2,28" ten="336,255,234,175" oya="0" hai0="114,87,103,5,53,16,52,13,72,105,6,90,133" hai1="96,40,51,8,62,119,74,64,120,50,89,25,12" hai2="73,95,106,100,115,42,125,55,76,2,11,48,80" hai3="46,110,32,93,17,37,135,128,84,122,97,88,9"/><T83/><D114/><U34/><E120/><V39/><F125/><W49/><G122/><T85/><D72/><U109/><E109/><V124/><F124/><W129/><G110/><T77/><D133/><U29/><E74/><V63/><F115/><W30/><G135/><T57/><D103/><U130/><E119/><V23/><F63/><W10/><G37/><T60/><D53/><U41/><E130/><V18/><F95/><W22/><G30/><T54/><D54/><U44/><E96/><V98/><F55/><N who="3" m="30135" /><G32/><T116/><D105/><U101/><E101/><V81/><F48/><W33/><G33/><T86/><D116/><U24/><E24/><V108/><F108/><W70/><G70/><T56/><D56/><U78/><E78/><V132/><F132/><W38/><G38/><T65/><D65/><U71/><E89/><V69/><F69/><W117/><G117/><T104/><D104/><U118/><E118/><V91/><F91/><N who="3" m="55487" /><G129/><T21/><D87/><U31/><E31/><V113/><F113/><W112/><G112/><T4/><D4/><U58/><E71/><V35/><F35/><W79/><G79/><T82/><AGARI ba="2,0" hai="5,6,13,16,21,52,57,60,77,82,83,85,86,90" machi="82" ten="20,12000,1" yaku="0,1,7,1,8,1,54,2" doraHai="28" who="0" fromWho="0" sc="336,126,255,-42,234,-42,175,-42" /><INIT seed="4,3,0,0,3,99" ten="462,213,192,133" oya="0" hai0="56,35,120,44,47,4,17,114,13,39,88,126,34" hai1="62,32,105,109,133,12,94,73,121,52,36,74,75" hai2="25,90,84,132,29,50,134,1,59,22,68,5,19" hai3="125,37,103,41,95,66,135,38,100,87,127,83,51"/><T21/><D114/><U96/><E109/><V112/><F68/><W18/><G66/><T122/><D126/><N who="3" m="48137" /><G95/><T119/><D119/><U57/><E133/><V61/><F112/><W113/><G113/><T93/><D4/><U118/><E121/><V15/><F50/><W107/><G107/><T85/><D35/><U111/><E111/><V45/><F45/><N who="3" m="26031" /><G135/><T16/><D34/><U40/><E32/><V86/><F134/><W69/><G69/><T70/><D39/><N who="3" m="14857" /><G18/><T67/><D70/><U2/><E105/><V20/><F132/><W116/><G116/><T108/><D108/><U11/><E118/><V101/><F1/><W33/><G33/><T6/><D122/><U106/><E106/><V65/><F5/><W55/><G55/><T131/><D6/><U115/><E2/><V9/><F9/><W102/><G102/><T54/><D67/><U117/><E115/><V98/><F90/><AGARI ba="3,0" hai="83,87,90,100,103" m="14857,26031,48137" machi="90" ten="30,3900,0" yaku="18,1,52,2" doraHai="99" who="3" fromWho="2" sc="462,0,213,0,192,-48,133,48" /><INIT seed="5,0,0,0,3,90" ten="462,213,144,181" oya="1" hai0="107,81,21,54,17,117,78,108,126,100,40,30,10" hai1="98,6,41,115,52,25,135,134,15,53,14,64,24" hai2="69,106,121,36,16,43,45,46,60,119,37,130,88" hai3="122,104,38,42,8,97,28,109,50,33,5,112,111"/><U4/><E115/><V77/><F106/><W105/><G50/><T73/><D126/><U20/><E64/><V11/><F121/><W110/><G112/><T103/><D108/><U72/><E72/><V85/><F119/><W132/><G122/><T56/><D30/><U13/><E41/><V2/><F77/><W58/><G58/><T131/><D131/><U61/><E98/><V67/><F130/><W19/><G19/><T96/><D103/><U102/><E102/><V59/><F69/><W22/><G22/><T127/><D127/><U48/><E61/><V62/><F62/><W116/><G97/><T83/><D83/><U32/><E32/><V114/><F114/><W66/><G66/><T94/><D40/><U44/><E53/><V23/><F11/><W74/><G74/><T76/><D10/><U118/><E118/><V39/><F46/><N who="3" m="23895" /><G116/><T133/><D78/><U79/><E79/><V123/><F123/><W89/><G89/><T84/><D73/><U1/><E1/><V101/><F101/><W120/><G120/><T93/><D117/><U18/><REACH who="1" step="1"/><E25/><REACH who="1" ten="462,203,144,181" step="2"/><V57/><F2/><N who="3" m="55" /><G132/><AGARI ba="0,1" hai="4,6,13,14,15,18,20,24,44,48,52,132,134,135" machi="132" ten="40,12000,1" yaku="1,1,20,1,54,1,53,1" doraHai="90" doraHaiUra="47" who="1" fromWho="3" sc="462,0,203,130,144,0,181,-120" /><INIT seed="5,1,0,3,2,101" ten="462,333,144,61" oya="1" hai0="3,45,61,17,129,7,110,69,11,16,130,37,124" hai1="27,89,20,42,58,15,73,64,125,111,105,57,86" hai2="33,2,1,132,28,119,113,81,108,70,5,49,75" hai3="35,91,13,131,123,74,48,34,79,135,90,30,128"/><U106/><E73/><V95/><F70/><W94/><G123/><T100/><D110/><U84/><E111/><V22/><F108/><W109/><G109/><T4/><D124/><U59/><E125/><V97/><F119/><W93/><G30/><T117/><D7/><U67/><E42/><V54/><F132/><W43/><G135/><T66/><D100/><U87/><E15/><V55/><F33/><N who="3" m="12299" /><G13/><T38/><D117/><U39/><E39/><N who="0" m="14857" /><D45/><U46/><E89/><N who="3" m="33802" /><G43/><T62/><D62/><U92/><E92/><N who="3" m="35434" /><G48/><T76/><D76/><U6/><E46/><V23/><F75/><W68/><G74/><T60/><D60/><U102/><E102/><V25/><F81/><W133/><G79/><T32/><D32/><U8/><E8/><V85/><F85/><W72/><G72/><T127/><D127/><U31/><REACH who="1" step="1"/><E6/><REACH who="1" ten="462,323,144,61" step="2"/><V112/><F5/><W9/><G9/><T83/><D11/><U107/><AGARI ba="1,1" hai="20,27,31,57,58,59,64,67,84,86,87,105,106,107" machi="107" ten="40,24000,3" yaku="1,1,2,1,0,1,29,2,52,3,53,0" doraHai="101" doraHaiUra="98" who="1" fromWho="1" sc="462,-81,323,253,144,-81,61,-81" owari="381,18.0,576,68.0,63,-34.0,-20,-52.0" /></mjloggm>