<mjloggm ver="2.3"><GO type="41" lobby="0"/><UN n0="%E2%93%9D%53%75%70%68%78" n1="%4A%49%4E%32%30%30%30" n2="%E3%81%BB%E3%82%80%E3%82%89" n3="%6F%75%74%E7%A5%AD%E3%82%8A" dan="19,14,15,15" rate="2205.63,1979.72,1990.33,2017.94" sx="M,M,F,M"/><TAIKYOKU oya="0"/><INIT seed="0,0,0,2,2,113" ten="250,250,250,250" oya="0" hai0="109,105,4,60,124,37,122,2,90,101,74,52,28" hai1="67,82,123,73,130,121,39,40,36,108,20,17,98" hai2="50,22,88,126,92,127,112,70,15,51,31,78,69" hai3="72,19,89,120,38,128,125,129,23,25,29,6,18"/><T94/><D122/><U58/><E108/><V62/><F78/><W9/><G72/><T1/><D37/><U56/><E130/><N who="3" m="50282" /><G38/><T114/><D124/><N who="2" m="47658" /><F112/><W68/><G68/><T135/><D135/><U99/><E82/><V0/><F0/><N who="3" m="199" /><G125/><T80/><D28/><U106/><E20/><V12/><F12/><W65/><G65/><T27/><D109/><U107/><E17/><N who="3" m="6154" /><G89/><T119/><D90/><U43/><E67/><V76/><F76/><W77/><G77/><T79/><D79/><U8/><REACH who="1" step="1"/><E8/><REACH who="1" ten="250,240,250,250" step="2"/><V46/><F70/><W96/><G96/><T26/><D114/><U44/><E44/><V63/><F46/><W21/><G120/><T111/><D111/><U61/><E61/><V30/><F63/><W35/><AGARI ba="0,1" hai="21,23,25,29,35" m="6154,199,50282" machi="35" ten="30,4000,0" yaku="19,1,34,2" doraHai="113" who="3" fromWho="3" sc="250,-20,240,-10,250,-10,250,50" /><INIT seed="1,0,0,5,4,103" ten="230,230,240,300" oya="1" hai0="128,70,66,58,12,73,39,129,23,35,112,21,40" hai1="69,37,83,57,96,10,134,114,72,124,118,107,4" hai2="8,119,135,85,81,88,56,105,102,14,42,48,132" hai3="1,38,54,59,25,99,95,63,11,77,60,116,3"/><U76/><E57/><V131/><F119/><W45/><G116/><T44/><D73/><U50/><E50/><V0/><F0/><W80/><G63/><T53/><D35/><U74/><E118/><V68/><F68/><W84/><G11/><T133/><D12/><U29/><E114/><V93/><F131/><N who="0" m="50250" /><D23/><U115/><E115/><V51/><F42/><W16/><G45/><T82/><D82/><U101/><E29/><V36/><F36/><W62/><G62/><N who="0" m="40279" /><D21/><U108/><E69/><V130/><F130/><W113/><G38/><T111/><D112/><U43/><E124/><V123/><F123/><W94/><G94/><T91/><D91/><U32/><E134/><N who="2" m="51243" /><F56/><W100/><G113/><T127/><D133/><U20/><E20/><V86/><F86/><W125/><G125/><T41/><D41/><U109/><E74/><V67/><F81/><W19/><REACH who="3" step="1"/><G25/><REACH who="3" ten="230,230,240,290" step="2"/><T121/><D127/><U120/><E120/><V90/><F67/><W55/><G55/><T65/><D121/><U75/><E75/><V17/><F90/><W71/><G71/><T47/><D65/><U92/><E92/><V126/><F126/><W117/><G117/><T78/><D39/><U61/><E61/><V49/><F102/><W28/><G28/><T34/><D53/><U104/><E104/><AGARI ba="0,1" hai="8,14,17,48,49,51,85,88,93,104,105" m="51243" machi="104" ten="30,7700,0" yaku="20,1,52,2,54,1" doraHai="103" who="2" fromWho="1" sc="230,0,230,-77,240,87,290,0" /><INIT seed="2,0,0,3,0,106" ten="230,153,327,290" oya="2" hai0="109,125,12,11,78,103,66,79,42,128,49,40,99" hai1="35,119,91,74,57,16,58,121,33,130,18,25,114" hai2="37,8,27,98,72,116,123,24,5,93,45,71,135" hai3="19,1,41,100,7,29,20,69,70,80,31,82,22"/><V59/><F116/><W54/><G100/><T46/><D109/><U63/><E119/><V65/><F123/><W132/><G132/><T2/><D2/><U131/><E74/><V10/><F71/><W101/><G101/><T23/><D128/><U134/><E134/><V36/><F10/><W127/><G41/><T34/><D34/><U90/><E25/><V26/><F72/><W6/><G1/><T14/><D125/><U73/><E73/><V28/><F45/><W32/><G32/><T44/><D66/><U50/><E50/><V122/><F122/><W39/><G54/><T9/><D23/><U97/><E97/><V84/><F84/><W88/><G19/><T48/><REACH who="0" step="1"/><D103/><REACH who="0" ten="220,153,327,290" step="2"/><U107/><E121/><V47/><F135/><W115/><G127/><T15/><D15/><U68/><E68/><V126/><F126/><W55/><G69/><T129/><D129/><U61/><REACH who="1" step="1"/><E107/><REACH who="1" ten="220,143,327,290" step="2"/><V117/><F117/><W112/><G70/><T92/><D92/><U67/><E67/><V62/><F93/><W53/><G115/><AGARI ba="0,2" hai="16,18,33,35,57,58,61,63,90,91,114,115,130,131" machi="115" ten="25,6400,0" yaku="1,1,22,2,54,1,53,0" doraHai="106" doraHaiUra="0" who="1" fromWho="3" sc="220,0,143,84,327,0,290,-64" /><INIT seed="3,0,0,2,2,123" ten="220,227,327,226" oya="3" hai0="49,129,31,80,130,106,12,86,34,96,22,51,93" hai1="125,0,14,40,98,27,111,10,18,79,32,94,75" hai2="107,9,104,36,66,83,99,105,37,23,82,91,53" hai3="5,76,103,88,4,110,26,109,102,8,81,6,29"/><W127/><G127/><T60/><D34/><U72/><E125/><V25/><F66/><W71/><G71/><T16/><D106/><U50/><E79/><V38/><F9/><W135/><G135/><T42/><D31/><U108/><E0/><V19/><F53/><W54/><G8/><T62/><D130/><U58/><E32/><V119/><F119/><W132/><G54/><T92/><D129/><U70/><E70/><V90/><F99/><W1/><G1/><T44/><D51/><U120/><E27/><V73/><F73/><W55/><G55/><T126/><D93/><U118/><E58/><V45/><F45/><W15/><G15/><T112/><D112/><U11/><E10/><V65/><F65/><W131/><G132/><T124/><D124/><U114/><E120/><V84/><F83/><W101/><G88/><N who="0" m="55303" /><D126/><U57/><E57/><V77/><AGARI ba="0,0" hai="19,23,25,36,37,38,77,82,84,90,91,104,105,107" machi="77" ten="40,1500,0" yaku="0,1" doraHai="123" who="2" fromWho="2" sc="220,-4,227,-4,327,15,226,-7" /><INIT seed="4,0,0,3,2,9" ten="216,223,342,219" oya="0" hai0="57,73,71,101,29,85,45,98,103,132,41,25,3" hai1="15,63,16,70,102,37,92,53,33,64,94,40,130" hai2="35,0,20,116,31,48,50,76,18,26,72,28,59" hai3="19,131,83,135,90,46,54,120,24,80,77,17,95"/><T42/><D71/><U1/><E1/><V91/><F116/><W14/><G131/><T99/><D73/><U87/><E33/><V100/><F100/><W12/><G135/><T109/><D3/><U27/><E27/><V74/><F31/><W114/><G114/><T112/><D112/><U44/><E130/><V8/><F91/><W6/><G120/><T32/><D109/><U49/><E102/><V107/><F107/><W22/><G6/><T104/><D132/><U69/><E87/><V79/><F79/><W78/><G78/><T89/><D57/><U115/><E70/><V124/><F124/><W133/><G133/><T126/><D45/><U110/><E110/><V10/><F10/><N who="3" m="6295" /><G77/><T55/><D55/><U129/><E129/><V47/><F59/><W2/><G24/><T34/><D34/><U39/><E39/><V118/><F118/><W58/><G46/><T88/><D126/><U97/><E97/><V36/><F36/><W121/><G2/><T134/><D134/><U111/><E115/><V11/><F11/><W119/><G121/><T81/><REACH who="0" step="1"/><D89/><REACH who="0" ten="206,223,342,219" step="2"/><U67/><E111/><V68/><F68/><W127/><G127/><T96/><D96/><U56/><E67/><V23/><F47/><W21/><G119/><T82/><D82/><U13/><REACH who="1" step="1"/><E15/><REACH who="1" ten="206,213,342,219" step="2"/><N who="2" m="9311" /><F72/><W43/><G83/><T128/><D128/><U122/><E122/><V62/><F74/><W51/><G80/><T60/><D60/><U7/><E7/><V30/><F0/><W66/><G66/><T5/><D5/><U38/><E38/><V105/><F35/><W84/><G43/><RYUUKYOKU ba="0,2" sc="206,10,213,10,342,-30,219,10" hai0="25,29,32,41,42,81,85,88,98,99,101,103,104" hai1="13,16,37,40,44,49,53,56,63,64,69,92,94" hai3="14,19,21,22,51,54,58,84,90,95" /><INIT seed="4,1,2,5,2,15" ten="216,223,312,229" oya="0" hai0="92,74,132,13,31,53,19,38,106,54,88,2,85" hai1="32,102,56,42,109,40,118,29,55,105,1,22,37" hai2="95,43,79,120,89,81,5,99,134,14,96,113,63" hai3="125,69,48,57,129,124,46,23,17,6,11,101,62"/><T66/><D2/><U77/><E109/><V100/><F120/><W84/><G69/><T72/><D106/><U49/><E118/><V75/><F43/><W94/><G129/><T27/><D38/><U64/><E32/><V83/><F63/><W78/><G101/><T65/><D132/><U52/><E64/><N who="0" m="24681" /><D74/><U97/><E1/><V135/><F5/><W116/><G116/><T4/><D72/><U112/><E37/><V127/><F14/><W60/><G57/><T33/><D33/><U70/><E70/><V18/><F18/><W108/><G108/><T59/><D31/><U10/><E10/><V51/><F51/><W36/><G36/><T26/><D4/><U20/><E77/><V90/><F113/><W80/><G11/><N who="0" m="6591" /><D54/><U28/><E112/><V8/><F8/><W41/><G6/><T76/><D76/><U21/><REACH who="1" step="1"/><E55/><REACH who="1" ten="216,213,312,229" step="2"/><V82/><F134/><W91/><G125/><T34/><D34/><U111/><E111/><V68/><F127/><W131/><G124/><T39/><D39/><U25/><E25/><V45/><F68/><W87/><G131/><T128/><D128/><U67/><E67/><V12/><F135/><W30/><G30/><AGARI ba="1,3" hai="20,21,22,28,29,30,40,42,49,52,56,97,102,105" machi="30" ten="40,2600,0" yaku="1,1,54,1,53,0" doraHai="15" doraHaiUra="107" who="1" fromWho="3" sc="216,0,213,59,312,0,229,-29" /><INIT seed="5,0,0,4,2,101" ten="216,272,312,200" oya="1" hai0="127,100,55,36,99,23,123,57,29,68,49,18,135" hai1="61,84,87,15,104,116,37,89,3,90,108,60,48" hai2="24,25,83,42,88,51,65,43,126,20,92,63,26" hai3="130,16,54,102,78,28,56,120,94,9,117,0,17"/><U11/><E37/><V31/><F83/><W73/><G120/><T64/><D127/><U12/><E3/><V107/><F107/><W81/><G130/><T77/><D135/><U70/><E116/><V74/><F74/><W122/><G122/><T46/><D123/><U2/><E2/><V14/><F14/><W38/><G38/><T4/><D4/><U66/><E108/><V109/><F109/><W19/><G28/><T1/><D77/><U128/><E128/><V33/><F33/><W112/><G112/><T82/><D82/><U53/><E104/><V80/><F80/><W125/><G125/><T13/><D1/><U6/><E61/><V71/><F126/><W67/><G67/><T115/><D68/><U85/><REACH who="1" step="1"/><E15/><REACH who="1" ten="216,262,312,200" step="2"/><V86/><F63/><W10/><G117/><T8/><D36/><U110/><E110/><V124/><F124/><W76/><G0/><T5/><D115/><U75/><E75/><V97/><F71/><W98/><REACH who="3" step="1"/><G76/><REACH who="3" ten="216,262,312,190" step="2"/><T91/><D64/><U132/><E132/><V21/><F65/><W52/><G52/><T113/><D113/><U119/><E119/><V50/><F42/><W39/><G39/><T129/><D129/><U79/><E79/><V45/><F43/><W96/><G96/><T41/><D41/><U58/><AGARI ba="0,2" hai="6,11,12,48,53,58,60,66,70,84,85,87,89,90" machi="58" ten="30,3000,0" yaku="1,1,0,1,53,0" doraHai="101" doraHaiUra="118" who="1" fromWho="1" sc="216,-10,262,50,312,-10,190,-10" /><INIT seed="5,1,0,4,1,19" ten="206,312,302,180" oya="1" hai0="17,86,34,76,94,102,51,46,3,123,89,112,40" hai1="61,9,66,114,10,33,24,38,128,49,12,29,5" hai2="6,71,127,54,98,20,134,129,7,56,0,124,21" hai3="52,103,36,72,111,48,119,84,80,67,27,63,107"/><U120/><E38/><V15/><F71/><W35/><G111/><T16/><D112/><U126/><E114/><V45/><F0/><W122/><G36/><T118/><D118/><U135/><E135/><V65/><F134/><W53/><G119/><T121/><D3/><U75/><E75/><V104/><F65/><W88/><G72/><T115/><D115/><U93/><E126/><N who="2" m="48171" /><F45/><W68/><G122/><N who="0" m="46603" /><D34/><U4/><E128/><V85/><F85/><W69/><G69/><T96/><D76/><U108/><E108/><V22/><F129/><W113/><G113/><T77/><D77/><U14/><E49/><N who="2" m="30799" /><F15/><W90/><G90/><T57/><D57/><U58/><E120/><V100/><AGARI ba="1,0" hai="6,7,20,21,22,98,100,104" m="30799,48171" machi="100" ten="40,8000,1" yaku="18,1,52,3" doraHai="19" who="2" fromWho="2" sc="206,-21,312,-41,302,83,180,-21" /><INIT seed="6,0,0,2,2,12" ten="185,271,385,159" oya="2" hai0="86,102,124,74,117,98,3,73,27,60,50,104,115" hai1="100,52,10,87,132,72,82,120,89,34,105,110,126" hai2="35,121,79,93,68,118,111,5,30,131,67,63,122" hai3="133,114,94,26,58,128,119,55,49,123,83,134,85"/><V0/><F118/><W99/><G119/><T92/><D3/><U116/><E34/><V23/><F131/><W64/><G123/><T101/><D50/><U71/><E120/><V130/><F130/><W109/><G109/><T88/><D117/><U57/><E71/><V96/><F79/><W103/><G128/><T1/><D1/><U43/><E116/><V38/><F38/><W127/><G127/><T97/><D60/><U95/><E43/><V125/><F125/><W8/><G64/><T61/><D27/><U24/><E24/><V29/><F29/><W37/><G37/><T31/><D31/><U45/><E45/><V76/><F76/><W14/><G26/><T81/><D61/><U33/><E33/><V41/><F41/><W75/><G75/><N who="0" m="28683" /><D115/><U80/><E110/><V135/><F35/><W108/><G114/><T51/><D51/><U106/><E72/><V28/><F28/><W84/><G108/><T40/><D40/><U54/><E126/><AGARI ba="0,0" hai="81,86,88,92,97,98,101,102,104,124,126" m="28683" machi="126" ten="30,3900,0" yaku="34,2,54,1" doraHai="12" who="0" fromWho="1" sc="185,39,271,-39,385,0,159,0" /><INIT seed="7,0,0,1,4,123" ten="224,232,385,159" oya="3" hai0="79,62,91,4,129,92,67,57,87,74,44,106,60" hai1="26,77,100,135,111,115,113,0,36,5,13,51,99" hai2="15,72,75,32,131,29,43,46,98,30,71,27,126" hai3="16,21,117,127,121,1,120,14,2,7,11,114,118"/><W119/><G127/><T78/><D106/><U94/><E36/><V42/><F30/><W59/><G59/><N who="0" m="37279" /><D74/><U108/><E0/><N who="3" m="106" /><G114/><N who="1" m="43530" /><E135/><V97/><F43/><W56/><G56/><T37/><D129/><U90/><E77/><N who="0" m="29193" /><D37/><U109/><E26/><AGARI ba="0,0" hai="7,11,14,16,21,26,117,118,119,120,121" m="106" machi="26" ten="40,7700,0" yaku="34,2,54,1" doraHai="123" who="3" fromWho="1" sc="224,0,232,-77,385,0,159,77" /><INIT seed="7,1,0,3,1,84" ten="224,155,385,236" oya="3" hai0="130,51,54,29,131,68,119,14,40,62,106,47,0" hai1="22,86,91,23,125,38,92,110,55,18,33,4,44" hai2="79,8,15,98,5,71,116,75,21,1,134,45,122" hai3="17,114,115,96,11,104,65,112,85,10,121,88,128"/><W24/><G121/><T127/><D0/><U117/><E33/><V111/><F111/><W66/><G128/><N who="0" m="49195" /><D106/><U34/><E34/><V73/><F116/><W81/><G24/><T113/><D29/><U107/><E107/><V3/><F71/><W30/><G30/><T82/><D82/><U70/><E70/><V132/><F45/><W109/><G109/><T87/><D87/><U42/><E110/><V69/><F69/><W25/><G25/><T76/><D76/><U35/><E35/><V37/><F37/><W39/><G39/><T67/><D127/><U99/><E125/><V59/><F98/><W133/><G133/><T6/><D113/><U48/><E117/><V52/><F122/><W83/><G83/><T12/><D6/><U63/><E4/><V9/><F21/><W60/><G17/><T50/><D119/><U100/><E63/><N who="2" m="36327" /><F79/><W95/><G60/><T126/><D126/><U102/><E102/><V53/><F9/><N who="3" m="3083" /><G104/><T97/><D97/><U27/><E23/><V135/><F1/><W118/><G118/><T93/><D93/><U90/><E90/><AGARI ba="1,0" hai="65,66,81,85,88,90,95,96,112,114,115" m="3083" machi="90" ten="30,11600,0" yaku="15,1,52,2,54,1" doraHai="84" who="3" fromWho="1" sc="224,0,155,-119,385,0,236,119" /><INIT seed="7,2,0,1,1,88" ten="224,36,385,355" oya="3" hai0="29,27,17,46,61,1,76,108,133,40,90,75,80" hai1="4,131,84,72,101,103,107,59,113,120,102,49,58" hai2="126,16,24,85,86,95,99,91,94,83,36,135,98" hai3="0,53,51,73,43,20,2,44,68,13,18,3,26"/><W81/><G68/><T92/><D133/><U127/><E49/><V78/><F36/><W52/><G73/><T7/><D108/><U34/><E84/><N who="2" m="48247" /><F126/><W96/><G81/><T31/><D61/><U63/><E4/><V33/><F33/><W97/><G13/><T50/><D17/><U41/><E63/><V12/><F24/><W124/><G124/><T64/><D64/><U117/><E41/><V14/><F14/><W121/><G121/><T77/><D77/><U100/><N who="1" m="25600" /><DORA hai="65" /><U119/><E34/><V15/><F15/><W70/><G70/><T112/><D112/><U122/><E127/><V21/><F135/><W134/><G134/><T82/><D82/><U10/><E72/><V71/><F71/><W19/><G19/><T32/><D31/><U114/><E10/><V109/><F109/><W55/><AGARI ba="2,0" hai="0,2,3,18,20,26,43,44,51,52,53,55,96,97" machi="55" ten="40,3900,0" yaku="0,1,54,1" doraHai="88,65" who="3" fromWho="3" sc="224,-15,36,-15,385,-15,355,45" owari="209,-19.0,21,-48.0,370,17.0,400,50.0" /></mjloggm>