<mjloggm ver="2.3"><GO type="41" lobby="0"/><UN n0="%6D%75%6A%69%6E%6E%33" n1="%E3%81%A9%E3%82%89%E3%81%84%E3%81%8B%E3%82%8C%E3%83%BC" n2="%E3%81%A1%E3%81%87%E3%82%8A%E3%82%8B" n3="%E2%93%9D%53%75%70%68%78" dan="13,13,14,19" rate="1807.31,1846.42,1914.54,2136.01" sx="M,M,M,M"/><TAIKYOKU oya="0"/><INIT seed="0,0,0,1,2,45" ten="250,250,250,250" oya="0" hai0="15,134,74,44,120,85,52,112,39,27,75,77,123" hai1="56,40,104,64,4,121,118,20,105,60,70,113,32" hai2="7,19,83,14,0,41,115,107,37,67,18,110,72" hai3="22,36,129,106,3,90,55,66,61,8,93,28,73"/><T133/><D112/><U108/><E108/><V119/><F107/><W87/><G129/><T102/><D27/><U53/><E118/><V35/><F115/><W132/><G132/><N who="0" m="50795" /><D102/><U17/><E32/><V62/><F35/><W12/><G36/><T51/><D39/><U42/><E121/><N who="0" m="46665" /><D15/><U2/><E104/><V95/><F119/><W127/><G106/><T25/><D25/><U92/><E105/><V109/><F0/><W47/><G3/><T100/><D100/><U135/><E113/><V78/><F95/><W81/><G93/><T31/><D31/><U69/><E92/><V50/><F37/><W111/><G28/><T21/><D21/><U125/><E2/><V65/><F7/><W128/><G22/><T89/><D77/><U9/><E20/><V114/><F114/><W122/><G122/><T1/><D1/><U33/><E33/><V63/><F14/><W10/><G12/><T94/><AGARI ba="0,0" hai="44,51,52,74,75,85,89,94" m="46665,50795" machi="94" ten="30,6000,0" yaku="20,1,52,1,54,1" doraHai="45" who="0" fromWho="0" sc="250,60,250,-20,250,-20,250,-20" /><INIT seed="0,1,0,4,3,97" ten="310,230,230,230" oya="0" hai0="56,87,47,55,51,9,10,36,122,113,73,48,124" hai1="75,30,61,127,60,53,129,39,131,45,65,78,52" hai2="96,38,1,20,59,81,133,115,32,2,118,84,135" hai3="80,83,94,8,35,110,21,26,105,70,28,34,102"/><T119/><D73/><U16/><E30/><V92/><F32/><W46/><G105/><T89/><D119/><U58/><E78/><V79/><F38/><W101/><G70/><T71/><D122/><U29/><E29/><V104/><F104/><W50/><G110/><T82/><D113/><U74/><E16/><V25/><F59/><W22/><G94/><T7/><D71/><N who="1" m="42407" /><E75/><V24/><F24/><W88/><G8/><T64/><D64/><N who="1" m="38967" /><E74/><V91/><F115/><W85/><G35/><T99/><D99/><U0/><E0/><V134/><REACH who="2" step="1"/><F118/><REACH who="2" ten="310,230,220,230" step="2"/><W5/><G34/><T108/><D36/><U107/><E107/><V49/><F49/><W112/><G112/><T66/><D108/><U41/><E127/><V106/><F106/><W116/><G116/><T57/><D124/><U27/><E27/><V33/><F33/><W68/><G68/><T63/><D7/><U67/><E67/><V42/><F42/><AGARI ba="1,1" hai="9,10,42,47,48,51,55,56,57,63,66,82,87,89" machi="42" ten="30,2900,0" yaku="7,1,8,1" doraHai="97" who="0" fromWho="2" sc="310,42,230,0,220,-32,230,0" /><INIT seed="0,2,0,5,4,48" ten="352,230,188,230" oya="0" hai0="105,20,49,68,63,35,10,94,70,81,22,132,64" hai1="24,17,37,16,1,28,55,42,76,88,83,8,75" hai2="125,107,128,82,11,62,113,130,32,5,39,61,69" hai3="65,9,78,121,103,79,77,116,0,111,98,112,115"/><T91/><D10/><U134/><E134/><V84/><F32/><W74/><G65/><T41/><D132/><U54/><E88/><V100/><F39/><W124/><G0/><T7/><D7/><N who="1" m="1135" /><E28/><V127/><F113/><N who="3" m="43595" /><G9/><T18/><D35/><U122/><E122/><V96/><F69/><W59/><G59/><T44/><D105/><U86/><E86/><V27/><F27/><W38/><G38/><T93/><D70/><U110/><E110/><V57/><F61/><W101/><G124/><N who="2" m="47689" /><F11/><W95/><G116/><T135/><D135/><U53/><E24/><V25/><F25/><W56/><G111/><T97/><D18/><U30/><E30/><V129/><F5/><W29/><G29/><T114/><D114/><U80/><E80/><V46/><F46/><AGARI ba="2,0" hai="16,17,37,42,46,53,54,55,75,76,83" m="1135" machi="46" ten="30,8000,1" yaku="25,1,52,3,54,1" doraHai="48" who="1" fromWho="2" sc="352,0,230,86,188,-86,230,0" /><INIT seed="1,0,0,0,2,1" ten="352,316,102,230" oya="1" hai0="131,103,93,68,64,12,50,18,3,9,10,79,38" hai1="76,109,25,2,97,119,21,57,70,52,110,39,74" hai2="82,11,46,124,100,41,87,75,33,65,123,13,44" hai3="85,49,92,95,135,105,106,128,121,116,126,80,99"/><U118/><E70/><V98/><F33/><W134/><G49/><T112/><D112/><U24/><E39/><V55/><F123/><W122/><G126/><T6/><D38/><U73/><E2/><V77/><F75/><W130/><G116/><T4/><D79/><U84/><E97/><V32/><F32/><W113/><G113/><T94/><D68/><U48/><E74/><V66/><F55/><W16/><G16/><T71/><D131/><N who="3" m="50217" /><G122/><T35/><D35/><U63/><E73/><V61/><F61/><W132/><G121/><T117/><D117/><U26/><E21/><V30/><F30/><W36/><G36/><T29/><D50/><U120/><E120/><V81/><F81/><W37/><G37/><T14/><D29/><U96/><E96/><V59/><F59/><W69/><G69/><T114/><D114/><U86/><E119/><V7/><F46/><W34/><G34/><T91/><D71/><U54/><E118/><V60/><F60/><W19/><G19/><T67/><D3/><U72/><E72/><V111/><F124/><W107/><G99/><N who="0" m="59895" /><D18/><U127/><E127/><V43/><F43/><W15/><G15/><T58/><D58/><N who="1" m="33031" /><E76/><AGARI ba="0,0" hai="76,80,85,92,95,105,106,107,132,134,135" m="50217" machi="76" ten="40,8000,1" yaku="20,1,19,1,34,2" doraHai="1" who="3" fromWho="1" sc="352,0,316,-80,102,0,230,80" /><INIT seed="2,0,0,3,0,15" ten="352,236,102,310" oya="2" hai0="116,51,102,135,9,91,70,63,60,86,82,72,106" hai1="67,127,117,126,113,40,50,4,78,118,134,32,93" hai2="83,56,77,59,18,13,90,108,3,85,36,130,92" hai3="47,97,1,131,124,104,84,49,105,33,115,22,87"/><V7/><F36/><W20/><G1/><T26/><D116/><U103/><E32/><V73/><F130/><W80/><G33/><T71/><D72/><U76/><E67/><V29/><F29/><W53/><G124/><N who="1" m="47658" /><E113/><V79/><F79/><N who="1" m="30249" /><E4/><V62/><F108/><W109/><G109/><T6/><D26/><U0/><E0/><V25/><F3/><W100/><G105/><T125/><D125/><U23/><E23/><V52/><F25/><W110/><G131/><T68/><D51/><U27/><E27/><V61/><F7/><W75/><G110/><T44/><D44/><N who="1" m="25863" /><E134/><V35/><F35/><W45/><G115/><T37/><D37/><U57/><E57/><V30/><F30/><W14/><G47/><T48/><D135/><U21/><E21/><N who="2" m="11471" /><F73/><W121/><G22/><T46/><D6/><U133/><E133/><V10/><F10/><W129/><G129/><T112/><D112/><U43/><E43/><V12/><F12/><W42/><G42/><T41/><D9/><U28/><E28/><V98/><F59/><W101/><G14/><T19/><D106/><U122/><E122/><V88/><F77/><N who="3" m="44095" /><G121/><T95/><D102/><U5/><E5/><V34/><F34/><W111/><G111/><T8/><D95/><U66/><E66/><V128/><F128/><W69/><G20/><T58/><D58/><U16/><E16/><V123/><F123/><W94/><G104/><T38/><D38/><U65/><E65/><V74/><F74/><W39/><G39/><T99/><D99/><AGARI ba="0,0" hai="93,99,103,117,118" m="25863,30249,47658" machi="99" ten="30,1000,0" yaku="18,1" doraHai="15" who="1" fromWho="0" sc="352,-10,236,10,102,0,310,0" /><INIT seed="3,0,0,4,2,0" ten="342,246,102,310" oya="3" hai0="13,51,124,127,100,8,81,48,33,67,12,42,72" hai1="123,58,87,91,82,27,14,40,70,54,90,132,128" hai2="97,95,114,135,31,74,21,75,3,73,126,84,113" hai3="46,25,45,133,47,86,15,108,24,118,117,37,49"/><W111/><G37/><T92/><D33/><U64/><E123/><V32/><F3/><W20/><G133/><T11/><D67/><U5/><E132/><V89/><F32/><W57/><G86/><T119/><D119/><U122/><E128/><V36/><F36/><W2/><G2/><T129/><D129/><U44/><E64/><V43/><F43/><W34/><G34/><T134/><D134/><U22/><E70/><V60/><F60/><W83/><G83/><T115/><D42/><U71/><E71/><V104/><F21/><W99/><G99/><T6/><D115/><U53/><E53/><V59/><F59/><W4/><G57/><T110/><D72/><U69/><E69/><V109/><F31/><W107/><G107/><T68/><D68/><U39/><E14/><V66/><F66/><W106/><G106/><T121/><D81/><U93/><E122/><V63/><F63/><W18/><G49/><T85/><D121/><U38/><E38/><V116/><F135/><W52/><G52/><T79/><D79/><U131/><E131/><V77/><F116/><W55/><G55/><T96/><D85/><N who="1" m="52431" /><E54/><V56/><F56/><W112/><G112/><T9/><D110/><N who="3" m="42025" /><G25/><T65/><D65/><U29/><E58/><V61/><F109/><W76/><G76/><T16/><D11/><AGARI ba="0,0" hai="4,11,15,18,20,24,45,46,47,117,118" m="42025" machi="11" ten="30,5800,0" yaku="14,1,10,1,52,1" doraHai="0" who="3" fromWho="0" sc="342,-58,246,0,102,0,310,58" /><INIT seed="3,1,0,4,4,89" ten="284,246,102,368" oya="3" hai0="58,83,115,4,34,123,121,64,27,63,43,124,131" hai1="97,92,93,122,103,30,31,70,94,126,67,66,119" hai2="72,102,135,16,96,6,91,10,23,99,87,85,86" hai3="71,112,46,109,52,84,128,25,111,62,8,82,29"/><W105/><G112/><T68/><D115/><U33/><E122/><V133/><F72/><W88/><G105/><T59/><D4/><U15/><E126/><V117/><F117/><W19/><G128/><T60/><D124/><U2/><E2/><V77/><F77/><W113/><G113/><T55/><D131/><U127/><E119/><V7/><F7/><W49/><G71/><N who="0" m="42375" /><D83/><U12/><E127/><V134/><F91/><W14/><G62/><N who="0" m="36191" /><D34/><AGARI ba="1,0" hai="8,14,19,25,29,34,46,49,52,82,84,88,109,111" machi="34" ten="40,12000,1" yaku="25,2,54,2" doraHai="89" who="3" fromWho="0" sc="284,-123,246,0,102,0,368,123" /><INIT seed="3,2,0,2,2,84" ten="161,246,102,491" oya="3" hai0="43,40,112,42,109,41,76,131,124,5,86,61,102" hai1="63,96,93,108,60,79,3,78,49,101,132,75,105" hai2="48,8,45,0,122,134,59,25,53,52,54,35,80" hai3="128,85,100,98,81,115,88,73,67,91,70,32,62"/><W133/><G115/><T94/><D109/><U14/><E3/><V83/><F122/><W55/><G128/><T107/><D112/><U16/><E132/><V9/><F134/><W74/><G133/><T22/><D131/><U71/><E108/><V20/><F35/><W57/><G32/><T69/><D107/><U29/><E29/><V126/><F126/><W103/><G103/><T120/><D124/><U47/><E105/><V2/><F2/><W39/><G39/><T6/><D120/><U77/><E75/><V127/><F127/><W121/><G121/><T18/><N who="0" m="10240" /><DORA hai="46" /><T104/><D104/><U82/><E82/><N who="2" m="31275" /><F0/><W114/><G114/><T90/><D69/><U17/><E71/><V135/><F135/><W89/><G74/><T65/><D102/><U23/><E17/><N who="2" m="12431" /><F54/><AGARI ba="2,0" hai="14,16,23,47,49,54,60,63,77,78,79,93,96,101" machi="54" ten="40,5200,0" yaku="8,1,52,1,54,1" doraHai="84,46" who="1" fromWho="2" sc="161,0,246,58,102,-58,491,0" /><INIT seed="4,0,0,5,5,15" ten="161,304,44,491" oya="0" hai0="44,105,61,70,90,127,69,98,119,3,121,113,52" hai1="122,9,109,75,100,82,22,26,63,89,114,79,103" hai2="2,53,123,50,84,20,36,10,47,76,56,41,11" hai3="54,66,134,132,108,101,111,117,59,40,8,14,17"/><T131/><D119/><U107/><E109/><V43/><F123/><W96/><G117/><T34/><D121/><U135/><E135/><N who="3" m="51754" /><G40/><T97/><D3/><U104/><E122/><V71/><F71/><W49/><G66/><T80/><D34/><U51/><E104/><AGARI ba="0,0" hai="8,14,17,49,54,59,96,101,104,108,111" m="51754" machi="104" ten="30,2000,0" yaku="20,1,52,1" doraHai="15" who="3" fromWho="1" sc="161,0,304,-20,44,0,491,20" /><INIT seed="5,0,0,0,3,56" ten="161,284,44,511" oya="1" hai0="119,127,34,80,65,87,4,84,134,26,115,133,81" hai1="63,32,96,15,86,59,19,13,114,83,35,1,69" hai2="24,22,43,78,44,42,8,18,48,38,82,132,27" hai3="95,62,113,45,76,107,94,130,71,128,21,58,101"/><U47/><E114/><V73/><F132/><N who="0" m="50794" /><D4/><U89/><E1/><V53/><F8/><W110/><G110/><T116/><D34/><U60/><E96/><V51/><F51/><W126/><G126/><T61/><D26/><U129/><E129/><V97/><F97/><W46/><G76/><T135/><N who="0" m="50802" /><T12/><DORA hai="118" /><D12/><U123/><E123/><V102/><F102/><W108/><G71/><N who="0" m="42415" /><D127/><U121/><E121/><V33/><F33/><W6/><G107/><T124/><D124/><U3/><E3/><V109/><F109/><W20/><G113/><T117/><D115/><U105/><E105/><V93/><F93/><W57/><G108/><T125/><D125/><U85/><E35/><V49/><F49/><W11/><G11/><T75/><D75/><U28/><E32/><V7/><F7/><W50/><G50/><T67/><D67/><U30/><E13/><V14/><REACH who="2" step="1"/><F42/><REACH who="2" ten="161,284,34,511" step="2"/><W120/><G6/><T112/><D112/><U17/><E83/><AGARI ba="0,1" hai="80,81,83,84,87,116,117,119" m="42415,50802" machi="83" ten="50,3200,0" yaku="20,1,52,1" doraHai="56,118" who="0" fromWho="1" sc="161,42,284,-32,34,0,511,0" /><INIT seed="6,0,0,1,5,56" ten="203,252,34,511" oya="2" hai0="76,4,105,99,98,83,103,22,112,131,91,67,124" hai1="45,8,46,128,106,26,18,82,17,126,127,30,2" hai2="75,19,96,81,113,119,5,92,135,61,122,9,129" hai3="71,132,102,74,35,88,1,43,3,78,16,20,65"/><V134/><F122/><W77/><G43/><T80/><D4/><N who="1" m="1047" /><E106/><V121/><F121/><W48/><G74/><N who="0" m="43031" /><D22/><N who="1" m="15703" /><E128/><V94/><F119/><W44/><G132/><N who="2" m="50729" /><F129/><W89/><G65/><T95/><D67/><U107/><E107/><V28/><F28/><W10/><G48/><T49/><D131/><U116/><E116/><V68/><F113/><W51/><G44/><N who="1" m="17002" /><E82/><V118/><F118/><W85/><G89/><T63/><D49/><U32/><E32/><V38/><F38/><W55/><G102/><T117/><D117/><U11/><E11/><V111/><F111/><W64/><G10/><T33/><D33/><U25/><E25/><V58/><F68/><W66/><G71/><T12/><D12/><U13/><E13/><N who="2" m="7599" /><F5/><W87/><G35/><T101/><D112/><U31/><E31/><V108/><F108/><W39/><G39/><T79/><D79/><U115/><E115/><V90/><F75/><W84/><G78/><T73/><D73/><U24/><E24/><V130/><F130/><W6/><G77/><T0/><D0/><U62/><E18/><V110/><F110/><W60/><G3/><T123/><D123/><U72/><E17/><V53/><F81/><W14/><G1/><T114/><D114/><U41/><E72/><V109/><F109/><W23/><G6/><T120/><D120/><U100/><E127/><V54/><F54/><W86/><G23/><T69/><D124/><U97/><E126/><V27/><F27/><W47/><G20/><T133/><D133/><U40/><E40/><V42/><F42/><W34/><G34/><T125/><D125/><RYUUKYOKU ba="0,0" sc="203,-10,252,-10,34,30,511,-10" hai2="53,58,61,90,92,94,96" /><INIT seed="6,1,0,3,4,96" ten="193,242,64,501" oya="2" hai0="49,47,27,71,73,85,65,110,5,16,34,8,86" hai1="18,135,59,127,108,80,83,89,129,128,134,32,79" hai2="118,61,104,120,123,87,1,25,13,63,48,41,39" hai3="92,132,113,124,67,91,36,44,55,84,90,12,116"/><V111/><F1/><W133/><G113/><T24/><D110/><U6/><E32/><V17/><F118/><W22/><G124/><T66/><D73/><U58/><E108/><V131/><F111/><W98/><G67/><T69/><D34/><U52/><E6/><V15/><F39/><W20/><G116/><T51/><D5/><U76/><E18/><V4/><F104/><W126/><G126/><T9/><D47/><U107/><E89/><V29/><F120/><W93/><G12/><T42/><D42/><U81/><E107/><V0/><F123/><W45/><G55/><T33/><D33/><U74/><E127/><V121/><F121/><W14/><G14/><T109/><D109/><U53/><E83/><V115/><F115/><W38/><G84/><T10/><REACH who="0" step="1"/><D10/><REACH who="0" ten="183,242,64,501" step="2"/><U119/><E119/><V40/><F0/><W114/><G114/><T11/><D11/><U28/><E74/><V19/><F4/><W57/><G98/><T56/><D56/><AGARI ba="1,1" hai="20,22,36,38,44,45,56,57,90,91,92,93,132,133" machi="56" ten="25,1600,0" yaku="22,2" doraHai="96" who="3" fromWho="0" sc="183,-19,242,0,64,0,501,29" /><INIT seed="7,0,0,5,1,32" ten="164,242,64,530" oya="3" hai0="72,119,65,35,117,124,109,91,78,1,123,16,31" hai1="82,115,8,30,70,27,57,3,66,114,61,80,98" hai2="40,81,112,130,94,101,100,113,33,24,134,135,47" hai3="68,75,11,105,22,58,2,77,51,85,118,23,92"/><W129/><G105/><T9/><D65/><U90/><E98/><V125/><F33/><W6/><G129/><T84/><D109/><U120/><E120/><V89/><F24/><W122/><G118/><T10/><D123/><U19/><E70/><V50/><F50/><W71/><G92/><T86/><D35/><N who="1" m="20959" /><E90/><V53/><F53/><W127/><G127/><T34/><D34/><U54/><E54/><V21/><F21/><W43/><G75/><T74/><D31/><U18/><E18/><V36/><F36/><W131/><G131/><T55/><D55/><U132/><E132/><N who="2" m="50731" /><F40/><W5/><G77/><T52/><D124/><U20/><E8/><V15/><F15/><W37/><G85/><T87/><D78/><U107/><E107/><V97/><F47/><W110/><G58/><T73/><D91/><U49/><E49/><V29/><F29/><W7/><G11/><T104/><D104/><U96/><E20/><V116/><F125/><W0/><G7/><T59/><D52/><U28/><E57/><V93/><F116/><W4/><G4/><T83/><D59/><U44/><E44/><V69/><F69/><W41/><G51/><T26/><D83/><U95/><E66/><V88/><F130/><W39/><G122/><T102/><D119/><U64/><E64/><V67/><F67/><W133/><G133/><T62/><D117/><U103/><E28/><V46/><F46/><W17/><G17/><T56/><D56/><U76/><E19/><V45/><F45/><W42/><G42/><T126/><D126/><U79/><E61/><V128/><F128/><RYUUKYOKU ba="0,0" sc="164,-10,242,-10,64,-10,530,30" hai3="0,2,5,6,22,23,37,39,41,43,68,71,110" owari="154,-25.0,232,3.0,54,-45.0,560,67.0" /></mjloggm>