<mjloggm ver="2.3"><GO type="41" lobby="0"/><UN n0="%E3%81%BA%E3%82%93%E3%81%97%E3%82%8B%E3%82%8D%E3%81%91%E3%81%A3%E3%81%A8" n1="%E9%89%84%E6%AC%A1%E9%83%8E" n2="%E3%81%82%E3%81%9D%E3%81%9D" n3="%E2%93%9D%53%75%70%68%78" dan="13,14,14,19" rate="1900.80,1940.22,1958.73,2189.47" sx="M,M,M,M"/><TAIKYOKU oya="0"/><INIT seed="0,0,0,0,3,65" ten="250,250,250,250" oya="0" hai0="113,129,43,24,26,40,101,105,91,73,10,8,118" hai1="25,122,54,94,80,75,14,88,45,27,103,44,126" hai2="28,107,21,69,68,106,108,53,9,86,111,89,133" hai3="0,59,77,112,34,78,82,92,18,119,7,5,95"/><T84/><D118/><U23/><E122/><V36/><F36/><W131/><G34/><T3/><D113/><U46/><E126/><V16/><F133/><W2/><G59/><T128/><D73/><U93/><E75/><V61/><F28/><W99/><G99/><T63/><D63/><U20/><E14/><V96/><F9/><N who="0" m="3690" /><D3/><U33/><E33/><V4/><F4/><W123/><G82/><T57/><D57/><U124/><E103/><V121/><F96/><W39/><G112/><T60/><D60/><U19/><E124/><V87/><F121/><W30/><G123/><T48/><D105/><U97/><E80/><V6/><F6/><W85/><G119/><T35/><D101/><U56/><E93/><V83/><F87/><W127/><G85/><T114/><D35/><U100/><E100/><V51/><F61/><W52/><G127/><T22/><D114/><U50/><REACH who="1" step="1"/><E56/><REACH who="1" ten="250,240,250,250" step="2"/><N who="2" m="32831" /><F106/><W81/><G2/><T115/><D115/><U70/><E70/><V47/><F107/><W74/><G0/><T125/><D125/><U130/><E130/><V135/><F135/><W62/><G131/><T17/><D129/><U29/><AGARI ba="0,1" hai="19,20,23,25,27,29,44,45,46,50,54,88,94,97" machi="29" ten="20,8000,1" yaku="1,1,0,1,7,1,8,1,54,1,53,0" doraHai="65" doraHaiUra="110" who="1" fromWho="1" sc="250,-40,240,90,250,-20,250,-20" /><INIT seed="1,0,0,5,3,79" ten="210,330,230,230" oya="1" hai0="108,11,46,23,126,78,57,50,76,75,15,113,94" hai1="117,91,120,124,36,80,51,135,9,33,86,29,53" hai2="128,93,20,134,16,47,106,89,90,62,119,112,4" hai3="65,59,13,64,25,28,115,125,3,7,8,68,107"/><U55/><E120/><V5/><F119/><W54/><G115/><T72/><D113/><U85/><E36/><V67/><F106/><W81/><G68/><T95/><D126/><U56/><E117/><V38/><F134/><W31/><G31/><T0/><D108/><U42/><E135/><V41/><F128/><W116/><G107/><T101/><D0/><U97/><E124/><V100/><F100/><W118/><G125/><T35/><D35/><U84/><E42/><V111/><F111/><W1/><G118/><T19/><D57/><U132/><E132/><V87/><F90/><W105/><G105/><T82/><D101/><U127/><E127/><V40/><F40/><W61/><G3/><T12/><D76/><U30/><E33/><V121/><F121/><W130/><G1/><T39/><D75/><U24/><E24/><V129/><F129/><W52/><G130/><T71/><D71/><U43/><E43/><V77/><F77/><W66/><G54/><T14/><D39/><U98/><E9/><V37/><F37/><W70/><G116/><T22/><D22/><U131/><E131/><V49/><F38/><W103/><G103/><T73/><D73/><U104/><E104/><V60/><F112/><W32/><REACH who="3" step="1"/><G81/><REACH who="3" ten="210,330,230,220" step="2"/><T96/><D82/><N who="1" m="49559" /><E55/><V122/><F122/><W114/><G114/><T6/><D72/><U34/><E34/><V17/><F67/><W44/><G44/><T2/><D46/><U109/><E109/><V69/><F69/><W88/><G88/><T133/><D2/><U26/><E30/><V63/><F17/><W10/><G10/><RYUUKYOKU ba="0,1" sc="210,-15,330,-15,230,15,220,15" hai2="4,5,16,20,41,47,49,60,62,63,87,89,93" hai3="7,8,13,25,28,32,52,59,61,64,65,66,70" /><INIT seed="2,1,1,4,5,134" ten="195,315,245,235" oya="2" hai0="129,40,11,64,35,96,53,49,98,109,127,74,61" hai1="29,72,2,33,83,57,126,58,68,71,43,104,10" hai2="65,117,125,25,121,89,46,100,84,7,112,75,103" hai3="14,56,60,37,122,48,63,12,36,107,26,59,3"/><V131/><F121/><W18/><G3/><T32/><D74/><U97/><E43/><V44/><F112/><W108/><G107/><T21/><D109/><U55/><E58/><V0/><F117/><W95/><G26/><T92/><D129/><U102/><E57/><V101/><F75/><W88/><G122/><T123/><D123/><U120/><E55/><V86/><F131/><W118/><G108/><T41/><D11/><U5/><E120/><V47/><F65/><W87/><G118/><T130/><D130/><U24/><REACH who="1" step="1"/><E126/><REACH who="1" ten="195,305,245,235" step="2"/><V128/><F125/><W94/><G59/><T45/><D41/><U99/><E99/><V93/><F128/><W80/><G37/><T13/><D40/><U113/><E113/><V91/><F0/><W105/><G36/><T79/><D98/><U77/><AGARI ba="1,2" hai="2,5,10,24,29,33,68,71,72,77,83,97,102,104" machi="77" ten="30,8000,1" yaku="1,1,0,1,33,3,53,0" doraHai="134" doraHaiUra="115" who="1" fromWho="1" sc="195,-21,305,103,245,-41,235,-21" /><INIT seed="3,0,0,3,4,19" ten="174,408,204,214" oya="3" hai0="112,118,42,126,84,1,133,38,115,103,39,48,60" hai1="93,76,110,34,89,54,62,58,53,61,5,13,72" hai2="12,108,36,135,20,100,17,27,8,101,80,111,132" hai3="69,129,94,9,97,92,90,116,87,114,25,28,18"/><W83/><G114/><T7/><D103/><U0/><E0/><V37/><F80/><W102/><G129/><T88/><D118/><U121/><E34/><V26/><F37/><W74/><G69/><T99/><D126/><U86/><E110/><N who="2" m="42027" /><F36/><W59/><G116/><T104/><D133/><N who="2" m="51274" /><F27/><W75/><G59/><T21/><D60/><U134/><E121/><V65/><F65/><W128/><G128/><T35/><D35/><U24/><E24/><V79/><F79/><W81/><G75/><T56/><D99/><U3/><E3/><V67/><F67/><W55/><G74/><T71/><D104/><U63/><E76/><V16/><AGARI ba="0,0" hai="8,12,16,17,20,26,100,101" m="51274,42027" machi="16" ten="30,7900,0" yaku="14,1,20,1,52,1,54,1" doraHai="19" who="2" fromWho="2" sc="174,-20,408,-20,204,79,214,-39" /><INIT seed="4,0,0,5,2,25" ten="154,388,283,175" oya="0" hai0="33,56,96,11,4,19,102,133,26,44,6,49,48" hai1="120,2,88,115,42,27,73,1,126,84,52,76,106" hai2="17,9,127,70,129,132,0,58,62,40,105,66,100" hai3="69,130,20,82,107,112,108,34,91,18,117,83,12"/><T67/><D133/><U110/><E120/><V131/><F132/><W22/><G34/><T77/><D77/><U74/><E106/><V29/><F40/><W92/><G108/><T8/><D8/><U54/><E42/><V55/><F127/><W10/><G69/><T103/><D103/><U80/><E110/><V81/><F81/><W60/><G112/><T125/><D125/><U61/><E73/><V95/><F0/><W45/><G107/><T36/><D36/><U39/><E39/><V28/><F105/><W65/><G130/><N who="2" m="49673" /><F9/><W93/><G117/><T30/><D19/><U121/><E121/><V51/><F17/><W128/><G93/><T89/><D89/><U101/><E101/><V124/><F124/><W118/><G118/><T47/><D47/><U41/><E41/><V114/><F114/><W85/><G45/><T32/><D32/><U16/><E115/><V46/><F46/><W14/><G128/><T78/><D78/><U111/><E111/><V87/><F87/><W63/><G22/><T134/><D134/><U7/><E7/><V53/><F53/><W57/><REACH who="3" step="1"/><G63/><REACH who="3" ten="154,388,283,165" step="2"/><T64/><D44/><U72/><E61/><V23/><F23/><W24/><G24/><T75/><D48/><U50/><E27/><V35/><F35/><W68/><G68/><T104/><D49/><U37/><E50/><V86/><F100/><W135/><G135/><T97/><D102/><U15/><E37/><V99/><F70/><W79/><G79/><T38/><D38/><U59/><E76/><V94/><F62/><W43/><G43/><T13/><D104/><RYUUKYOKU ba="0,1" sc="154,-10,388,-10,283,-10,165,30" hai3="10,12,14,18,20,57,60,65,82,83,85,91,92" /><INIT seed="5,1,1,4,0,7" ten="144,378,273,195" oya="1" hai0="91,63,67,51,48,124,66,95,78,57,129,1,98" hai1="19,97,108,107,33,120,94,130,23,71,28,11,36" hai2="29,131,64,103,52,110,68,3,79,85,49,75,69" hai3="96,53,76,121,80,73,77,55,102,111,114,44,115"/><U119/><E119/><V25/><F110/><W62/><G111/><T6/><D124/><U109/><E120/><V128/><F3/><W47/><G121/><T37/><D129/><N who="2" m="49738" /><F75/><W8/><G77/><T89/><D37/><U30/><E130/><V125/><F64/><W135/><G135/><T0/><D78/><U101/><E109/><V5/><F5/><W116/><G116/><T39/><D39/><U14/><E36/><V42/><F42/><W9/><G62/><T88/><D67/><U113/><E113/><N who="3" m="43018" /><G55/><T34/><D34/><U46/><E46/><N who="3" m="17450" /><G53/><T65/><D65/><U117/><E117/><V127/><F103/><W15/><G15/><T13/><D0/><U100/><E108/><V43/><F43/><W134/><G134/><T74/><D74/><U60/><E100/><V22/><F85/><W82/><G82/><T27/><D27/><N who="1" m="18591" /><E94/><AGARI ba="1,1" hai="8,9,73,76,80,94,96,102" m="17450,43018" machi="94" ten="30,3900,0" yaku="15,1,52,2" doraHai="7" who="3" fromWho="1" sc="144,0,378,-42,273,0,195,52" /><INIT seed="6,0,0,2,1,115" ten="144,336,273,247" oya="2" hai0="122,133,41,51,104,119,131,49,25,30,31,50,88" hai1="69,113,24,74,44,37,89,34,86,128,85,116,11" hai2="43,17,3,102,120,91,82,67,13,100,80,35,10" hai3="4,130,111,84,52,94,5,46,125,66,26,53,0"/><V47/><F120/><W42/><G111/><T40/><D122/><U78/><E69/><V39/><F35/><W55/><G130/><T8/><D131/><U124/><E128/><V57/><F3/><W101/><G125/><T60/><D104/><U29/><E124/><V114/><F114/><W126/><G126/><T61/><D8/><U96/><E113/><V127/><F127/><W48/><G0/><T135/><D25/><U132/><E132/><V90/><F67/><W106/><G106/><T123/><D123/><U112/><E112/><V9/><F9/><W97/><G66/><T103/><D103/><U21/><E74/><V20/><F57/><W2/><G2/><T38/><D38/><U19/><E116/><V70/><F70/><W12/><G12/><T18/><D18/><U45/><E96/><V16/><F82/><W62/><G62/><T59/><D50/><U54/><E37/><V15/><REACH who="2" step="1"/><F80/><REACH who="2" ten="144,336,263,247" step="2"/><W93/><G5/><T98/><D59/><U83/><E11/><V36/><F36/><W99/><G4/><T121/><D121/><U72/><E34/><V110/><F110/><W79/><G79/><T134/><D134/><U75/><E78/><V129/><F129/><W117/><G117/><T32/><D32/><U63/><E45/><V68/><F68/><W1/><G1/><T14/><D119/><U109/><E44/><V107/><F107/><W64/><G64/><T87/><D135/><U7/><E109/><V27/><F27/><W105/><G26/><T28/><D133/><U22/><E24/><V95/><F95/><N who="3" m="58559" /><G46/><T118/><D118/><RYUUKYOKU ba="0,1" sc="144,-10,336,-10,263,30,247,-10" hai2="10,13,15,16,17,20,39,43,47,90,91,100,102" /><INIT seed="6,1,1,2,1,80" ten="134,326,293,237" oya="2" hai0="83,129,57,101,76,64,52,67,9,36,85,81,23" hai1="99,91,60,84,48,95,114,26,29,117,128,78,12" hai2="18,13,100,0,27,28,120,82,134,43,24,126,104" hai3="72,6,31,41,11,133,7,47,35,4,34,70,116"/><V105/><F120/><W97/><G72/><T39/><D129/><U106/><E117/><V122/><F122/><W21/><G70/><T93/><D9/><U19/><E128/><V75/><F0/><W112/><G97/><T96/><D39/><U49/><E106/><V25/><F134/><W94/><G94/><T54/><D36/><U130/><E130/><V46/><F126/><W5/><G47/><T59/><D23/><N who="1" m="15583" /><E114/><V42/><F105/><W86/><G86/><T8/><D8/><N who="1" m="6535" /><E60/><V125/><F125/><W79/><G41/><T108/><D108/><U89/><E78/><V123/><F123/><W14/><G79/><T10/><D10/><U50/><E89/><V32/><F43/><W45/><G45/><T33/><D33/><N who="3" m="12297" /><G116/><T124/><D124/><U118/><E118/><V37/><F75/><W3/><G133/><T111/><D111/><U38/><E38/><V51/><F82/><W20/><G112/><T53/><REACH who="0" step="1"/><D83/><REACH who="0" ten="124,326,293,237" step="2"/><U103/><E103/><V1/><F37/><W132/><G132/><T40/><D40/><U44/><E44/><V65/><F100/><W63/><G7/><T61/><D61/><U127/><E127/><V66/><F104/><W16/><G63/><T131/><D131/><U22/><E22/><V77/><F32/><W115/><G115/><T30/><D30/><U87/><AGARI ba="1,2" hai="48,49,50,84,87,91,95,99" m="6535,15583" machi="87" ten="30,4000,0" yaku="8,1,52,2" doraHai="80" who="1" fromWho="1" sc="124,-11,326,63,293,-21,237,-11" /><INIT seed="7,0,0,4,5,57" ten="113,389,272,226" oya="3" hai0="125,81,119,33,69,53,14,84,123,2,38,40,26" hai1="90,52,29,9,134,10,41,114,86,110,118,135,21" hai2="45,127,6,47,98,88,105,95,24,55,129,34,67" hai3="128,28,50,126,122,97,37,72,131,44,124,3,120"/><W104/><G28/><T60/><D123/><N who="3" m="47145" /><G3/><T117/><D125/><N who="3" m="48233" /><G72/><T76/><D2/><U82/><E110/><V23/><F127/><W42/><G97/><T92/><D14/><U4/><E114/><V13/><F129/><N who="3" m="49739" /><G104/><T71/><D92/><U78/><E29/><N who="2" m="17567" /><F34/><W31/><G31/><T121/><D121/><U132/><E21/><V99/><F105/><W61/><G61/><T116/><D26/><U111/><E111/><V91/><F67/><W74/><G74/><T0/><D0/><U73/><E4/><V64/><F64/><W130/><G130/><T109/><D109/><U19/><E19/><V15/><F6/><W87/><G87/><T25/><D25/><U93/><E73/><V89/><F55/><W11/><G11/><T1/><D1/><U51/><E41/><V5/><F5/><W35/><G35/><T75/><D84/><N who="1" m="48215" /><E118/><V20/><F20/><W107/><G107/><T106/><D106/><U54/><E54/><V85/><F99/><W96/><G96/><T49/><D33/><U48/><E52/><V101/><F85/><W59/><G59/><T43/><D43/><U7/><E10/><V30/><F30/><W32/><G32/><T58/><D119/><U63/><E63/><V115/><F115/><W68/><G68/><T108/><D71/><U100/><E9/><V83/><F83/><W80/><G80/><T102/><D108/><U77/><E86/><V8/><F8/><W36/><AGARI ba="0,0" hai="36,37,42,44,50" m="49739,48233,47145" machi="36" ten="40,12000,1" yaku="18,1,19,1,34,2" doraHai="57" who="3" fromWho="3" sc="113,-40,389,-40,272,-40,226,120" /><INIT seed="7,1,0,1,4,25" ten="73,349,232,346" oya="3" hai0="108,116,33,75,79,122,45,16,111,26,71,10,3" hai1="43,117,61,8,1,73,78,57,89,67,121,135,58" hai2="127,15,66,90,44,46,51,81,106,38,93,60,72" hai3="99,7,53,12,9,6,87,76,92,22,110,123,107"/><W59/><G123/><T126/><D79/><U100/><E121/><V24/><F106/><W20/><G107/><T23/><D45/><U77/><E73/><V109/><F109/><W62/><G110/><T14/><D75/><U41/><E1/><V94/><F127/><W19/><G76/><N who="1" m="29290" /><E117/><V34/><F72/><W27/><G87/><T85/><D85/><U103/><E135/><V47/><F38/><W37/><G37/><T91/><D91/><U17/><E58/><V88/><F81/><W102/><G22/><T13/><D71/><U82/><E82/><V115/><F115/><W28/><AGARI ba="1,0" hai="6,7,9,12,19,20,27,28,53,59,62,92,99,102" machi="28" ten="20,7800,0" yaku="0,1,7,1,8,1,52,1" doraHai="25" who="3" fromWho="3" sc="73,-27,349,-27,232,-27,346,81" owari="46,-45.0,322,12.0,205,-19.0,427,52.0" /></mjloggm>