<mjloggm ver="2.3"><GO type="41" lobby="0"/><UN n0="%4B%59%E3%81%AA%E3%82%84%E3%81%A4" n1="%E6%88%90%E5%8F%8C%E3%81%AE%E7%B5%B6%E5%82%91" n2="%E3%83%8A%E3%82%AC%E3%83%A2%E3%83%AA" n3="%E2%93%9D%53%75%70%68%78" dan="13,15,14,19" rate="1843.78,1972.60,1819.89,2168.64" sx="M,M,M,M"/><TAIKYOKU oya="0"/><INIT seed="0,0,0,5,0,8" ten="250,250,250,250" oya="0" hai0="20,73,41,78,10,44,117,110,132,48,133,1,102" hai1="63,126,67,42,17,135,99,46,57,131,122,38,29" hai2="5,54,109,13,128,55,76,104,125,85,74,120,15" hai3="31,129,89,11,9,79,108,70,25,40,119,65,69"/><T68/><D117/><U53/><E135/><N who="0" m="51785" /><D68/><U112/><E122/><V127/><F120/><W134/><G108/><T16/><D102/><U26/><E131/><V60/><F104/><W36/><G79/><T52/><D78/><U39/><E126/><N who="2" m="48139" /><F74/><W72/><G72/><T124/><D110/><U18/><E112/><V100/><F100/><W118/><G129/><T56/><D73/><U115/><E115/><V106/><F106/><W49/><G70/><T113/><D113/><U2/><E2/><V62/><F5/><W97/><G119/><T58/><D124/><U30/><E30/><V23/><F23/><W90/><G31/><T71/><D71/><U77/><E77/><V4/><F4/><W81/><G69/><T37/><D58/><U123/><E39/><V107/><F128/><W66/><G36/><T32/><D32/><U33/><E123/><V87/><F107/><W61/><G134/><T35/><D35/><U93/><E67/><V50/><F109/><W6/><G66/><T91/><D91/><AGARI ba="0,0" hai="17,18,26,29,33,38,42,46,53,57,63,91,93,99" machi="91" ten="30,1000,0" yaku="7,1" doraHai="8" who="1" fromWho="0" sc="250,-10,250,10,250,0,250,0" /><INIT seed="1,0,0,0,3,86" ten="240,260,250,250" oya="1" hai0="7,47,127,22,50,80,97,70,77,112,102,19,13" hai1="94,132,107,108,15,44,105,96,43,10,126,134,32" hai2="78,20,124,104,61,12,120,93,40,109,4,129,79" hai3="34,63,56,72,54,45,26,73,5,2,29,91,14"/><U83/><E32/><V8/><F104/><W38/><G2/><T117/><D127/><U23/><E126/><V48/><F129/><W58/><G5/><T85/><D112/><U84/><E23/><V122/><F109/><W74/><G14/><T103/><D70/><U67/><E67/><V88/><F124/><W121/><G121/><T82/><D97/><U46/><E108/><V66/><F120/><W89/><REACH who="3" step="1"/><G58/><REACH who="3" ten="240,260,250,240" step="2"/><T115/><D115/><U17/><E107/><V0/><F0/><W75/><N who="3" m="18432" /><DORA hai="41" /><W131/><G131/><T42/><D117/><U37/><E105/><V100/><F122/><W99/><G99/><T87/><REACH who="0" step="1"/><D7/><REACH who="0" ten="230,260,250,240" step="2"/><U9/><E132/><V114/><F114/><W69/><G69/><T6/><D6/><U24/><E134/><V30/><F4/><W133/><G133/><T39/><D39/><U110/><E110/><V65/><F30/><W128/><G128/><T106/><D106/><U1/><E1/><V59/><F59/><W101/><G101/><T51/><D51/><U28/><E37/><V71/><F48/><W90/><G90/><AGARI ba="0,2" hai="13,19,22,42,47,50,77,80,82,85,87,90,102,103" machi="90" ten="30,8000,1" yaku="1,1,7,1,8,1,52,2,53,0" doraHai="86,41" doraHaiUra="64,27" who="0" fromWho="3" sc="230,100,260,0,250,0,240,-80" /><INIT seed="2,0,0,4,1,71" ten="330,260,250,160" oya="2" hai0="74,65,81,124,100,58,88,17,117,73,42,90,128" hai1="61,13,94,28,54,25,51,119,112,79,11,83,120" hai2="48,87,130,84,5,6,53,69,4,89,0,111,31" hai3="107,95,82,1,132,15,9,98,40,101,36,21,78"/><V96/><F69/><W64/><G132/><T60/><D124/><U104/><E104/><V23/><F130/><W75/><G64/><T76/><D100/><U52/><E120/><V12/><F111/><W35/><G35/><T45/><D128/><U108/><E108/><V8/><F0/><W131/><G131/><T37/><D117/><U39/><E39/><V93/><F31/><W102/><G21/><T43/><D74/><U18/><E119/><V121/><F121/><W109/><G109/><T10/><D10/><U91/><E61/><V127/><F127/><W125/><G125/><T57/><D43/><U50/><E50/><V133/><F133/><W66/><G66/><T115/><D17/><U110/><E112/><V123/><F123/><W129/><G129/><T33/><D33/><U16/><E18/><V105/><F23/><W103/><G107/><T92/><D92/><U134/><E134/><V63/><F63/><W46/><REACH who="3" step="1"/><G15/><REACH who="3" ten="330,260,250,150" step="2"/><T68/><D115/><U59/><E110/><V3/><F105/><W116/><G116/><T126/><D126/><U29/><E25/><V135/><F135/><W38/><G38/><T19/><D37/><U80/><E54/><V118/><F118/><W32/><G32/><T114/><D65/><U55/><E55/><V2/><F2/><W44/><G44/><T41/><D45/><U122/><E122/><V14/><F3/><W56/><G56/><T77/><D58/><U47/><E59/><N who="2" m="33191" /><F12/><W106/><G106/><T62/><D57/><U99/><E79/><V86/><AGARI ba="0,1" hai="4,5,6,8,14,84,86,87,89,93,96" m="33191" machi="86" ten="30,1500,0" yaku="8,1" doraHai="71" who="2" fromWho="2" sc="330,-5,260,-5,250,25,150,-5" /><INIT seed="2,1,0,2,5,135" ten="325,255,275,145" oya="2" hai0="80,66,115,5,45,25,123,33,129,86,4,55,125" hai1="61,126,79,29,52,97,46,128,32,81,19,90,31" hai2="38,101,48,10,113,93,11,122,50,54,98,91,105" hai3="92,89,73,75,77,7,108,20,94,124,8,109,119"/><V43/><F113/><W37/><G20/><T114/><D66/><U16/><E128/><V87/><F122/><W28/><G28/><N who="1" m="10826" /><E32/><V120/><F120/><W1/><G119/><T95/><D25/><U15/><E126/><V35/><F35/><W121/><G121/><T22/><D33/><U76/><E19/><V72/><F38/><W9/><G77/><T6/><D22/><U41/><E41/><V60/><F60/><W118/><G118/><T27/><D27/><U21/><E97/><V23/><F72/><W13/><G37/><T133/><D125/><U127/><E127/><V30/><F43/><W130/><G124/><T83/><D6/><U36/><E36/><V3/><F3/><W40/><G40/><T24/><D5/><U39/><E39/><V56/><REACH who="2" step="1"/><F50/><REACH who="2" ten="325,255,265,145" step="2"/><W59/><G75/><T62/><D123/><U49/><E61/><V132/><F132/><W84/><G73/><T116/><D62/><U14/><E15/><V74/><F74/><W65/><G13/><T18/><D115/><U0/><E0/><V34/><F34/><W82/><G130/><T12/><D12/><U26/><E14/><V104/><F104/><W47/><G1/><T78/><D114/><U69/><E69/><V102/><F102/><W103/><G103/><T63/><D63/><U64/><E64/><V106/><F106/><W2/><G2/><T110/><D129/><U71/><E71/><V58/><F58/><W68/><G59/><T112/><D112/><U134/><E134/><V17/><F17/><W70/><G70/><T107/><D133/><U51/><E51/><RYUUKYOKU ba="1,1" sc="325,-15,255,15,265,15,145,-15" hai1="16,21,26,46,49,52,76,79,81,90" hai2="10,11,23,30,48,54,56,87,91,93,98,101,105" /><INIT seed="2,2,1,2,4,10" ten="310,270,280,130" oya="2" hai0="11,37,35,36,66,52,51,72,16,134,114,61,97" hai1="8,44,107,105,21,91,82,90,41,71,15,13,123" hai2="31,18,110,69,20,101,17,99,102,126,0,121,54" hai3="53,76,5,39,89,62,55,49,122,100,133,70,9"/><V128/><F121/><W120/><G39/><T25/><D72/><U22/><E71/><V47/><F69/><W48/><G100/><T85/><D85/><U119/><E119/><V113/><F113/><W23/><G76/><T64/><D64/><U75/><E123/><V2/><F128/><W40/><G40/><T77/><D77/><U45/><E75/><V27/><F110/><W88/><G23/><N who="1" m="8714" /><E41/><V57/><F126/><W93/><G133/><T38/><D25/><U81/><E8/><V43/><F101/><W86/><G62/><T130/><D35/><U63/><E63/><V127/><F127/><W106/><G106/><N who="1" m="40458" /><E91/><V6/><F6/><W4/><G70/><T30/><D61/><U84/><E84/><V68/><F68/><W115/><G86/><T111/><D111/><U26/><E26/><V58/><F58/><W60/><G60/><T83/><D66/><U117/><E90/><V98/><F54/><W79/><G79/><T135/><D52/><U131/><E131/><V1/><F57/><W94/><REACH who="3" step="1"/><G9/><REACH who="3" ten="310,270,280,120" step="2"/><T65/><D11/><U24/><E117/><V104/><REACH who="2" step="1"/><F99/><REACH who="2" ten="310,270,270,120" step="2"/><W96/><G96/><T28/><D97/><U132/><E132/><V95/><F95/><W19/><G19/><T125/><D16/><U14/><E24/><V34/><F34/><W112/><AGARI ba="2,3" hai="4,5,48,49,53,55,88,89,93,94,112,115,120,122" machi="112" ten="25,8000,1" yaku="1,1,0,1,22,2,54,1,53,0" doraHai="10" doraHaiUra="56" who="3" fromWho="3" sc="310,-22,270,-22,270,-42,120,116" /><INIT seed="3,0,0,4,1,77" ten="288,248,228,236" oya="3" hai0="49,115,110,85,83,107,87,61,22,120,80,123,52" hai1="96,57,50,71,131,51,25,86,99,89,119,67,69" hai2="133,18,91,11,112,111,79,78,104,114,9,103,62" hai3="56,68,4,74,65,90,73,88,33,100,129,81,48"/><W127/><G33/><T19/><D110/><U2/><E2/><V26/><F111/><W58/><G68/><T93/><D107/><U72/><E72/><V55/><F133/><W132/><G132/><T122/><D61/><U32/><E131/><V101/><F104/><W14/><G127/><T30/><D30/><U10/><E119/><V38/><F38/><W40/><G100/><T39/><D39/><U24/><E10/><V1/><F1/><W37/><G37/><T130/><D93/><U15/><E15/><V113/><F91/><W108/><G129/><T102/><D102/><U94/><E32/><V121/><F114/><W135/><G135/><T105/><D105/><U54/><E69/><V128/><F128/><W70/><G70/><T116/><D116/><U8/><E8/><V16/><F62/><W21/><G74/><T63/><D63/><N who="1" m="38383" /><E51/><V42/><F55/><W0/><G0/><T76/><D115/><U17/><E17/><V6/><F6/><W124/><G124/><T34/><D34/><U13/><E13/><V35/><F35/><W106/><G4/><T20/><D130/><U75/><E75/><V118/><F118/><W12/><G73/><T7/><D7/><U45/><E71/><V117/><F117/><W46/><G108/><T66/><D66/><U126/><E126/><V23/><F23/><W98/><G65/><T3/><D19/><U60/><E60/><V27/><REACH who="2" step="1"/><F121/><REACH who="2" ten="288,248,218,236" step="2"/><W41/><G21/><N who="0" m="8299" /><D3/><U109/><E109/><V47/><F47/><W29/><G46/><N who="0" m="27703" /><D123/><U44/><E45/><V31/><F31/><W84/><G29/><RYUUKYOKU ba="0,1" sc="288,10,248,10,218,10,236,-30" hai0="76,80,83,85,87,120,122" hai1="24,25,44,50,54,86,89,94,96,99" hai2="9,11,16,18,26,27,42,78,79,101,103,112,113" /><INIT seed="4,1,1,3,5,128" ten="298,258,228,206" oya="0" hai0="119,94,61,100,74,4,127,16,108,98,93,99,13" hai1="38,17,135,23,21,122,114,25,64,29,82,48,117" hai2="41,35,55,77,81,15,85,88,67,22,75,78,130" hai3="0,11,71,111,103,27,123,87,91,36,45,62,46"/><T14/><D127/><U83/><E38/><V18/><F35/><W73/><G73/><T107/><D74/><U47/><E122/><V53/><F130/><W104/><G111/><T59/><D119/><U72/><E117/><V66/><F41/><W49/><G36/><T12/><D4/><U102/><E102/><V96/><F75/><W133/><G46/><T106/><D16/><U20/><E64/><N who="2" m="24619" /><F96/><W95/><G62/><T132/><D108/><U51/><E51/><V9/><F22/><N who="1" m="8809" /><E135/><V19/><F19/><W34/><G123/><T69/><D132/><U134/><E134/><V60/><F60/><W110/><G110/><T92/><D69/><U30/><E114/><V113/><F113/><W90/><G71/><T24/><D24/><U121/><E121/><V89/><F89/><W54/><G91/><T68/><D68/><U120/><E120/><V50/><F55/><W125/><G133/><T70/><D70/><U124/><E124/><V1/><F1/><W52/><G54/><T39/><D39/><U28/><E72/><V129/><F129/><W43/><G125/><T109/><D109/><U101/><E101/><V105/><F105/><W44/><G103/><T32/><D100/><U33/><E33/><V6/><F6/><N who="3" m="1479" /><G104/><N who="0" m="39979" /><D32/><U116/><E116/><V79/><F78/><W118/><G118/><T40/><D40/><AGARI ba="1,1" hai="17,23,25,28,29,30,40,47,48,82,83" m="8809" machi="40" ten="30,1000,0" yaku="8,1" doraHai="128" who="1" fromWho="0" sc="298,-13,258,23,228,0,206,0" /><INIT seed="5,0,0,2,3,128" ten="285,281,228,206" oya="1" hai0="22,89,126,38,47,56,4,122,132,33,1,52,81" hai1="123,59,127,44,71,86,32,134,57,66,80,91,18" hai2="125,101,135,9,112,60,8,25,118,15,108,79,90" hai3="98,104,43,40,10,13,17,50,2,0,119,41,75"/><U115/><E123/><V16/><F118/><W49/><G75/><T88/><D22/><U48/><E32/><V39/><F39/><W27/><G119/><T78/><D33/><U116/><E127/><V110/><F125/><W19/><G104/><T26/><D26/><U74/><E74/><V95/><F101/><W106/><G106/><T113/><D113/><U105/><E105/><V58/><F112/><W92/><G2/><T124/><D122/><U46/><E115/><V14/><F25/><W77/><G77/><T94/><D94/><U117/><E46/><V107/><F135/><W76/><G76/><T11/><D132/><U120/><E134/><V82/><F107/><W133/><G0/><T62/><D126/><U99/><E99/><V114/><F114/><W37/><G37/><T73/><D124/><U36/><E36/><V65/><F82/><W93/><G93/><T21/><D21/><U6/><E6/><V54/><F65/><W87/><G87/><T20/><D20/><U63/><E120/><V64/><F64/><W45/><G133/><T109/><D109/><U121/><E121/><V72/><F72/><W3/><G3/><T61/><D61/><U42/><E18/><V69/><F69/><W111/><G111/><T102/><D102/><U100/><E100/><V96/><REACH who="2" step="1"/><F79/><REACH who="2" ten="285,281,218,206" step="2"/><W53/><G27/><T131/><D131/><U85/><E116/><V51/><F51/><N who="3" m="28911" /><G19/><AGARI ba="0,1" hai="8,9,14,15,16,19,54,58,60,90,95,96,108,110" machi="19" ten="30,7700,0" yaku="1,1,7,1,9,1,54,1,53,0" doraHai="128" doraHaiUra="129" who="2" fromWho="3" sc="285,0,281,0,218,87,206,-77" /><INIT seed="6,0,0,4,5,115" ten="285,281,305,129" oya="2" hai0="135,117,116,32,27,97,105,54,53,87,67,99,101" hai1="19,18,86,112,73,122,16,9,39,126,130,46,1" hai2="129,79,38,95,113,12,43,26,10,127,0,128,13" hai3="63,2,51,84,74,23,36,77,44,83,55,64,110"/><V62/><F127/><W81/><G110/><T66/><D87/><U71/><E86/><V42/><F38/><W109/><G109/><T100/><D135/><U58/><E58/><V72/><F113/><W69/><G2/><T132/><D132/><U98/><E98/><V29/><F79/><W104/><G104/><T31/><D54/><U15/><E71/><V22/><F72/><W119/><G23/><T40/><D40/><U106/><E106/><V107/><F107/><W37/><REACH who="3" step="1"/><G119/><REACH who="3" ten="285,281,305,119" step="2"/><N who="0" m="45643" /><D53/><U80/><E1/><V11/><F0/><W91/><AGARI ba="0,1" hai="36,37,44,51,55,63,64,69,74,77,81,83,84,91" machi="91" ten="20,2700,0" yaku="1,1,0,1,7,1,53,0" doraHai="115" doraHaiUra="24" who="3" fromWho="3" sc="285,-7,281,-7,305,-13,119,37" /><INIT seed="7,0,0,1,5,17" ten="278,274,292,156" oya="3" hai0="57,8,6,77,34,131,42,0,79,128,11,90,78" hai1="31,20,54,96,68,24,112,87,60,53,102,129,115" hai2="35,125,106,122,105,99,26,97,55,30,1,15,135" hai3="126,5,2,21,64,108,9,63,45,25,132,113,28"/><W89/><G113/><N who="1" m="43594" /><E129/><N who="0" m="49737" /><D34/><U38/><E38/><V43/><F1/><W111/><G132/><T82/><D42/><U3/><E3/><V19/><F135/><W65/><G126/><T101/><D101/><U13/><E13/><V50/><F125/><W104/><G104/><T49/><D11/><U72/><E72/><V124/><F43/><W61/><G45/><T67/><D90/><U47/><E47/><V95/><F122/><W100/><G100/><T71/><D71/><U51/><E51/><V12/><F124/><W133/><G133/><T85/><D49/><U80/><E68/><V88/><F99/><W36/><G36/><T56/><D56/><U118/><E60/><AGARI ba="0,0" hai="0,6,8,57,60,67,77,78,79,82,85" m="49737" machi="60" ten="30,1000,0" yaku="19,1" doraHai="17" who="0" fromWho="1" sc="278,10,274,-10,292,0,156,0" /><INIT seed="8,0,0,3,4,0" ten="288,264,292,156" oya="0" hai0="90,31,127,134,112,5,15,65,78,95,101,10,125" hai1="59,128,106,57,105,77,130,104,42,68,44,23,16" hai2="1,12,111,96,36,39,73,109,14,126,40,99,53" hai3="85,41,113,49,91,13,82,27,52,6,24,100,92"/><T61/><D112/><U98/><E77/><V58/><F1/><W3/><G3/><T131/><D131/><N who="1" m="50219" /><E98/><V48/><F73/><W107/><G107/><T64/><D101/><U115/><E68/><V28/><F126/><N who="0" m="48138" /><D31/><U32/><E32/><V69/><F69/><W103/><G41/><T7/><D134/><U132/><E132/><V9/><F28/><W11/><G113/><T29/><D78/><U20/><E20/><V102/><F109/><W114/><G114/><T2/><D29/><U38/><E115/><V70/><F70/><W118/><G118/><T89/><D61/><U34/><E34/><V79/><F79/><W21/><G92/><T22/><D95/><U81/><E81/><V54/><F40/><W80/><G80/><T93/><D22/><U119/><E119/><V87/><F87/><W129/><G129/><T35/><D35/><U122/><E122/><V37/><F111/><W84/><G84/><N who="0" m="52391" /><D90/><U63/><E63/><V46/><F102/><N who="3" m="38955" /><G21/><T124/><D124/><U135/><E135/><V121/><F121/><W19/><G19/><N who="0" m="8695" /><D2/><U45/><E44/><AGARI ba="0,0" hai="6,11,13,24,27,44,49,52,82,85,91" m="38955" machi="44" ten="30,3900,0" yaku="8,1,52,1,54,1" doraHai="0" who="3" fromWho="1" sc="288,0,264,-39,292,0,156,39" /><INIT seed="9,0,0,4,1,14" ten="288,225,292,195" oya="1" hai0="5,23,66,111,19,97,74,70,120,11,106,103,90" hai1="52,101,113,50,49,57,80,56,112,77,26,118,72" hai2="21,4,122,78,95,91,6,114,48,117,116,127,132" hai3="79,37,123,81,15,110,107,28,128,2,124,53,62"/><U71/><E71/><V3/><F122/><W54/><G110/><T59/><D111/><U121/><E121/><V55/><F127/><W92/><G123/><T34/><D74/><U18/><E118/><N who="2" m="45675" /><F132/><W83/><G2/><T7/><D34/><U31/><E101/><V36/><F36/><W98/><G107/><T73/><D73/><U108/><E108/><V17/><F78/><W68/><G37/><T133/><D70/><U65/><E18/><V0/><F114/><W93/><G128/><T82/><D11/><U58/><E65/><V75/><F75/><W100/><G28/><T42/><D42/><U27/><E27/><N who="2" m="14767" /><F3/><W126/><G79/><T20/><D20/><U96/><E96/><N who="2" m="57471" /><F0/><W94/><G126/><T43/><D133/><U84/><E72/><V102/><F102/><W89/><G124/><T109/><D120/><U134/><E134/><V87/><F87/><W61/><G100/><T24/><D43/><U88/><E77/><V86/><F86/><W1/><G1/><T46/><D109/><U67/><E67/><V104/><F104/><W64/><G98/><T40/><D82/><U115/><REACH who="1" step="1"/><E50/><REACH who="1" ten="288,215,292,195" step="2"/><V60/><F60/><W125/><G125/><T69/><D69/><U51/><E51/><V41/><F41/><W10/><G62/><N who="0" m="38239" /><D90/><U119/><E119/><V129/><F129/><W35/><G89/><T29/><D29/><U63/><E63/><V25/><F6/><N who="3" m="3543" /><G35/><AGARI ba="0,1" hai="26,31,35,49,52,56,57,58,80,84,88,112,113,115" machi="35" ten="40,7700,0" yaku="1,1,54,2,53,0" doraHai="14" doraHaiUra="105" who="1" fromWho="3" sc="288,0,215,87,292,0,195,-77" owari="288,-11.0,302,40.0,292,9.0,118,-38.0" /></mjloggm>