<mjloggm ver="2.3"><GO type="41" lobby="0"/><UN n0="%E2%93%9D%53%75%70%68%78" n1="%E7%8D%85%E5%AD%90%E5%8E%9F%E7%88%BD" n2="%E3%82%B1%E3%82%A4%E3%83%86%E3%82%A3%E3%83%96%E3%83%AC%E3%82%A4%E3%83%96" n3="%72%6F%6B%61%2B" dan="19,14,14,13" rate="2177.97,1920.88,1867.29,1860.57" sx="M,F,M,M"/><TAIKYOKU oya="0"/><INIT seed="0,0,0,4,4,17" ten="250,250,250,250" oya="0" hai0="22,72,77,94,135,56,116,15,5,53,31,130,133" hai1="29,10,28,70,129,26,39,99,44,62,40,78,93" hai2="115,64,111,108,0,120,52,16,7,8,89,65,95" hai3="46,32,80,50,63,131,114,69,12,134,23,87,60"/><T33/><D116/><U106/><E129/><V47/><F120/><W91/><G32/><T107/><D107/><U43/><E43/><V84/><F115/><W18/><G69/><T88/><D33/><U6/><E106/><V21/><F111/><W34/><G34/><T74/><D130/><U105/><E105/><V13/><REACH who="2" step="1"/><F108/><REACH who="2" ten="250,250,240,250" step="2"/><W61/><G114/><T48/><D135/><U79/><E39/><V49/><AGARI ba="0,1" hai="0,7,8,13,16,21,47,49,52,64,65,84,89,95" machi="49" ten="30,12000,2" yaku="1,1,2,1,0,1,52,1,54,2,53,0" doraHai="17" doraHaiUra="101" who="2" fromWho="2" sc="250,-60,250,-30,240,130,250,-30" /><INIT seed="1,0,0,1,5,69" ten="190,220,370,220" oya="1" hai0="91,41,57,83,60,78,67,86,20,85,135,37,63" hai1="34,105,59,95,109,49,4,28,132,111,93,81,15" hai2="3,48,24,29,98,56,52,122,106,126,12,112,127" hai3="79,32,115,94,116,128,134,58,44,107,124,16,96"/><U50/><E105/><V62/><F122/><W55/><G16/><T125/><D135/><U25/><E132/><V5/><F112/><W65/><G44/><T68/><D125/><N who="2" m="47626" /><F3/><W27/><G55/><T9/><D20/><U31/><E81/><V39/><F39/><W121/><G58/><T77/><D9/><N who="1" m="4519" /><E28/><V11/><F62/><W123/><G65/><T64/><REACH who="0" step="1"/><D86/><REACH who="0" ten="180,220,370,220" step="2"/><U114/><E114/><V6/><F11/><W8/><G8/><T2/><D2/><U119/><E119/><V13/><F5/><W108/><G123/><T110/><D110/><N who="1" m="41995" /><E49/><V89/><F6/><W117/><G117/><T0/><D0/><U21/><E21/><N who="2" m="15503" /><F106/><W33/><G107/><T46/><AGARI ba="0,1" hai="37,41,46,57,60,63,64,67,68,77,78,83,85,91" machi="46" ten="30,7900,0" yaku="1,1,0,1,52,1,53,1" doraHai="69" doraHaiUra="80" who="0" fromWho="0" sc="180,89,220,-39,370,-20,220,-20" /><INIT seed="2,0,0,1,5,45" ten="269,181,350,200" oya="2" hai0="122,28,38,43,84,62,53,131,80,74,116,68,22" hai1="25,60,108,100,54,115,90,16,2,67,69,127,48" hai2="102,110,97,58,119,109,39,98,13,83,31,41,73" hai3="40,64,11,65,134,37,57,135,86,95,33,85,44"/><V24/><F119/><W75/><G75/><T10/><D122/><U27/><E115/><V104/><F58/><W93/><G33/><T47/><D131/><U63/><E2/><V4/><F97/><W105/><G105/><T117/><D10/><U56/><E108/><N who="2" m="41579" /><F41/><W124/><G11/><T129/><D129/><U12/><E127/><V8/><F39/><W107/><G107/><T42/><D74/><U52/><E90/><V6/><F83/><W101/><G124/><T87/><D80/><U20/><REACH who="1" step="1"/><E100/><REACH who="1" ten="269,171,350,200" step="2"/><V114/><F114/><W36/><G101/><T1/><D117/><U79/><E79/><V17/><F73/><W99/><G99/><T26/><D116/><U19/><E19/><V55/><F55/><W5/><G5/><T106/><D53/><U118/><E118/><V92/><F104/><W111/><G111/><T71/><D106/><U66/><E66/><V121/><F121/><W0/><G0/><T32/><D1/><U130/><E130/><V132/><F132/><W112/><G112/><T120/><D120/><U35/><E35/><AGARI ba="0,1" hai="4,6,8,13,17,24,31,35,92,98,102" m="41579" machi="35" ten="30,2900,0" yaku="14,1,10,1" doraHai="45" who="2" fromWho="1" sc="269,0,171,-29,350,39,200,0" /><INIT seed="2,1,0,5,1,80" ten="269,142,389,200" oya="2" hai0="75,88,60,95,89,77,8,18,19,43,110,131,37" hai1="87,101,115,124,84,86,7,23,55,125,122,58,34" hai2="5,106,129,47,105,69,100,92,10,134,4,97,36" hai3="82,6,126,74,76,96,62,21,85,44,27,135,72"/><V26/><F129/><W70/><G135/><T109/><D131/><U28/><E115/><V51/><F134/><W102/><G126/><N who="1" m="48746" /><E122/><V94/><F69/><W64/><G6/><T61/><D77/><U127/><E7/><V119/><F119/><W32/><G44/><T38/><D95/><U117/><E117/><V41/><F26/><W45/><G45/><T68/><D68/><U14/><E127/><V53/><F92/><W111/><G111/><T52/><D8/><U40/><E40/><V93/><F93/><W54/><G54/><T2/><D43/><U78/><E101/><V30/><F30/><W73/><G32/><T113/><D75/><U15/><E34/><V120/><F120/><W13/><G13/><N who="1" m="4618" /><E23/><V48/><F36/><W1/><G1/><T25/><D2/><U71/><E28/><V57/><F5/><W79/><G102/><T130/><D130/><U12/><E12/><AGARI ba="1,0" hai="4,10,12,41,47,48,51,53,57,94,97,100,105,106" machi="12" ten="30,1500,0" yaku="7,1" doraHai="80" who="2" fromWho="1" sc="269,0,142,-18,389,18,200,0" /><INIT seed="2,2,0,5,3,16" ten="269,124,407,200" oya="2" hai0="43,0,38,72,18,35,61,87,71,36,119,96,50" hai1="34,74,93,30,6,1,22,52,27,51,10,68,65" hai2="17,100,40,91,133,19,97,20,32,66,131,128,7" hai3="99,127,69,116,130,4,23,47,9,108,103,58,56"/><V45/><F133/><W70/><G116/><T24/><D0/><U29/><E74/><V105/><F32/><W115/><G108/><T48/><D72/><U73/><E73/><V120/><F120/><W77/><G77/><T75/><D75/><U114/><E114/><V21/><F7/><W78/><G78/><T33/><D96/><U44/><E93/><V12/><F66/><W110/><G110/><T125/><D125/><U84/><E84/><V104/><F91/><W123/><G123/><T88/><D43/><U111/><E111/><V25/><REACH who="2" step="1"/><F105/><REACH who="2" ten="269,124,397,200" step="2"/><W134/><G4/><T31/><D35/><U28/><REACH who="1" step="1"/><E34/><REACH who="1" ten="269,114,397,200" step="2"/><V121/><F121/><W46/><G134/><T59/><D33/><U124/><E124/><V113/><F113/><W82/><G127/><T64/><D119/><U117/><E117/><V41/><F41/><W76/><G115/><T14/><D87/><U53/><E53/><V3/><F3/><W122/><G122/><T112/><D112/><U118/><E118/><V126/><F126/><W109/><G109/><T60/><D64/><U13/><E13/><V86/><F86/><W98/><G98/><T49/><D14/><U26/><E26/><V5/><F5/><W42/><G99/><T129/><D24/><U90/><E90/><V63/><F63/><AGARI ba="2,2" hai="1,6,10,22,27,28,29,30,44,51,52,63,65,68" machi="63" ten="40,5200,0" yaku="1,1,52,1,54,1,53,0" doraHai="16" doraHaiUra="15" who="1" fromWho="2" sc="269,0,114,78,397,-58,200,0" /><INIT seed="3,0,0,2,5,18" ten="269,192,339,200" oya="3" hai0="25,93,14,100,90,70,84,5,85,126,48,105,102" hai1="87,34,94,119,72,28,97,27,104,68,91,132,60" hai2="88,74,54,12,131,130,4,7,50,36,127,62,42" hai3="63,38,134,2,55,21,44,118,16,69,65,92,20"/><W80/><G2/><T51/><D70/><U122/><E122/><V58/><F74/><W3/><G3/><T26/><D105/><U9/><E119/><V39/><F127/><W15/><G118/><T61/><D61/><U46/><E72/><V114/><F114/><W56/><G134/><T75/><D75/><U31/><E132/><V115/><F115/><W116/><G116/><T101/><D126/><U89/><E9/><V95/><F50/><N who="0" m="18986" /><D85/><U19/><E46/><N who="2" m="23879" /><F39/><W6/><G6/><T112/><D112/><U57/><E68/><V45/><F12/><W13/><G69/><T29/><D29/><U79/><E104/><V32/><F32/><W41/><G65/><T35/><D35/><U0/><E0/><V1/><F45/><W125/><G125/><T59/><D59/><U108/><E28/><V121/><F121/><W8/><G80/><T128/><D128/><N who="2" m="49194" /><F1/><W103/><REACH who="3" step="1"/><G13/><REACH who="3" ten="269,192,339,190" step="2"/><T98/><D14/><U99/><E34/><V96/><AGARI ba="0,1" hai="4,7,54,58,62,88,95,96" m="49194,23879" machi="96" ten="30,2000,0" yaku="19,1,54,1" doraHai="18" who="2" fromWho="2" sc="269,-5,192,-5,339,30,190,-10" /><INIT seed="4,0,0,5,5,55" ten="264,187,369,180" oya="0" hai0="134,114,40,5,70,109,22,24,37,81,47,117,27" hai1="48,92,118,128,75,80,67,127,116,106,28,23,98" hai2="17,6,11,129,46,111,7,15,25,29,16,101,43" hai3="105,115,8,41,86,69,123,88,45,53,84,59,54"/><T90/><D117/><U110/><E110/><V14/><F101/><W42/><G69/><T94/><D70/><U113/><E127/><V32/><F111/><W89/><G105/><T74/><D109/><U82/><E128/><V95/><F95/><W78/><G78/><T99/><D114/><U10/><E113/><V108/><F129/><W93/><G115/><T73/><D134/><U97/><E10/><V112/><F112/><W135/><G135/><T87/><D27/><U3/><E3/><V33/><F108/><W63/><G123/><T58/><D5/><N who="2" m="1546" /><F46/><W60/><G8/><T0/><D58/><U66/><E106/><V38/><F43/><W26/><G26/><T103/><REACH who="0" step="1"/><D0/><REACH who="0" ten="254,187,369,180" step="2"/><U20/><E116/><V83/><F38/><W125/><G125/><T131/><D131/><U79/><E118/><V21/><F83/><W107/><G107/><T4/><D4/><U19/><E80/><V119/><F119/><W96/><G45/><T9/><D9/><AGARI ba="0,1" hai="9,11,14,15,16,17,21,25,29,32,33" m="1546" machi="9" ten="30,12000,2" yaku="35,5,54,1" doraHai="55" who="2" fromWho="0" sc="254,-120,187,0,369,130,180,0" /><INIT seed="5,0,0,3,1,20" ten="134,187,499,180" oya="1" hai0="8,28,3,77,34,114,119,27,40,15,133,105,120" hai1="10,101,115,94,49,89,78,124,2,67,43,46,85" hai2="122,56,37,104,90,116,22,25,63,59,9,108,83" hai3="111,14,44,38,41,130,71,76,51,129,125,35,128"/><U81/><E115/><V47/><F116/><W32/><G76/><T26/><D105/><U50/><E124/><V96/><F122/><W100/><G100/><T131/><D40/><U75/><E67/><V79/><F9/><W93/><G111/><T132/><D77/><U72/><E101/><V4/><F4/><W64/><G125/><T109/><D109/><U70/><E70/><V55/><F56/><W53/><G93/><T23/><D119/><U80/><E80/><V54/><F104/><W60/><G14/><T6/><D131/><U74/><REACH who="1" step="1"/><E49/><REACH who="1" ten="134,177,499,180" step="2"/><V127/><F83/><W86/><REACH who="3" step="1"/><G86/><REACH who="3" ten="134,177,499,170" step="2"/><T91/><D114/><U68/><E68/><V110/><F127/><W62/><G62/><T118/><D118/><U103/><E103/><V7/><F63/><W65/><G65/><T106/><D106/><U82/><E82/><V92/><F110/><W29/><G29/><T66/><D66/><U5/><AGARI ba="0,2" hai="2,5,10,43,46,50,72,74,75,78,81,85,89,94" machi="5" ten="30,3000,0" yaku="1,1,0,1,53,0" doraHai="20" doraHaiUra="99" who="1" fromWho="1" sc="134,-10,177,50,499,-10,170,-10" /><INIT seed="5,1,0,3,3,86" ten="124,227,489,160" oya="1" hai0="130,113,44,34,100,118,79,54,66,92,45,13,18" hai1="26,106,5,124,112,25,123,85,120,65,7,39,27" hai2="32,82,80,75,20,1,17,134,110,52,42,90,126" hai3="63,48,33,93,104,51,30,56,50,77,47,57,119"/><U53/><E106/><V3/><F110/><W129/><G104/><T83/><D34/><U24/><E39/><V116/><F116/><W11/><G30/><T60/><D113/><U67/><E112/><V2/><F32/><W21/><G33/><T62/><D130/><U14/><E124/><V6/><F42/><W41/><G77/><T12/><D12/><U127/><E127/><V37/><F37/><W128/><G119/><T9/><D118/><U64/><E24/><V36/><F36/><N who="3" m="21927" /><G21/><T96/><D54/><U91/><E53/><V29/><F52/><N who="3" m="34183" /><G11/><T88/><D100/><U23/><E23/><V59/><F20/><W31/><G93/><T125/><D125/><U117/><E117/><V28/><F17/><W0/><G31/><T4/><D18/><U70/><E70/><V131/><F6/><W16/><G16/><T71/><REACH who="0" step="1"/><D62/><REACH who="0" ten="114,227,489,160" step="2"/><U98/><E14/><V49/><F126/><W109/><G0/><T108/><D108/><U81/><E5/><V101/><F1/><W68/><G109/><T99/><D99/><U72/><E98/><V69/><F2/><W87/><G68/><T105/><D105/><U95/><E7/><V122/><F69/><W121/><G57/><T78/><D78/><U76/><AGARI ba="1,1" hai="25,26,27,64,65,67,72,76,81,85,91,95,120,123" machi="76" ten="40,3900,0" yaku="0,1,52,1" doraHai="86" who="1" fromWho="1" sc="114,-14,227,52,489,-14,160,-14" /><INIT seed="5,2,0,3,5,130" ten="100,279,475,146" oya="1" hai0="2,55,37,113,70,12,122,43,109,120,22,125,74" hai1="21,73,98,68,103,13,63,118,77,121,49,66,85" hai2="89,54,79,28,100,9,61,117,134,33,30,10,105" hai3="41,99,27,90,93,48,23,129,35,32,82,65,133"/><U24/><E121/><N who="0" m="46697" /><D74/><U18/><E73/><V115/><F79/><W75/><G129/><T42/><D2/><U95/><E49/><V67/><F54/><W96/><G65/><T110/><D12/><U36/><E36/><V106/><F89/><W31/><G99/><T88/><D22/><U16/><E85/><V1/><F61/><W47/><G35/><T112/><D88/><U108/><E77/><V92/><F67/><W45/><G32/><T6/><D6/><U111/><REACH who="1" step="1"/><E118/><REACH who="1" ten="100,269,475,146" step="2"/><V14/><F117/><W71/><G75/><T52/><D125/><U127/><E127/><V20/><F106/><W124/><G124/><T25/><D37/><U102/><E102/><V94/><F100/><W87/><G47/><T72/><D72/><U81/><E81/><V59/><F105/><W97/><G82/><T15/><D110/><U83/><E83/><V132/><F92/><W19/><G87/><T76/><D109/><U101/><E101/><V39/><F94/><W123/><G123/><T8/><D76/><U135/><E135/><V53/><F132/><W11/><G133/><T119/><D119/><U91/><E91/><V3/><F134/><W69/><G97/><T46/><D46/><U78/><E78/><V44/><F39/><W5/><G31/><T0/><D113/><U58/><E58/><V29/><F115/><W107/><G107/><T114/><D114/><U56/><E56/><V40/><F59/><W116/><G116/><T50/><D112/><U38/><E38/><V104/><F30/><W131/><G131/><T17/><D50/><U62/><E62/><RYUUKYOKU ba="2,1" sc="100,-15,269,15,475,-15,146,15" hai1="13,16,18,21,24,63,66,68,95,98,103,108,111" hai3="5,11,19,23,27,41,45,48,69,71,90,93,96" /><INIT seed="5,3,1,1,5,115" ten="85,284,460,161" oya="1" hai0="1,111,129,63,130,127,36,87,56,92,31,110,78" hai1="98,120,99,76,57,59,16,48,80,118,7,10,15" hai2="2,67,96,51,14,18,37,35,33,62,54,43,89" hai3="133,116,95,75,105,97,5,70,38,44,8,108,47"/><U83/><E120/><V109/><F2/><W106/><G108/><T135/><D1/><U9/><E118/><V65/><F109/><W73/><G70/><T24/><D36/><U85/><E80/><V46/><F89/><W125/><G38/><T13/><D13/><U58/><REACH who="1" step="1"/><E48/><REACH who="1" ten="85,274,460,161" step="2"/><V94/><F51/><W72/><G116/><T91/><D111/><U121/><E121/><V122/><F122/><W117/><G117/><T50/><D110/><U100/><E100/><V28/><F37/><W29/><G133/><T23/><D135/><U3/><AGARI ba="3,2" hai="3,7,9,10,15,16,57,58,59,76,83,85,98,99" machi="3" ten="30,6000,0" yaku="1,1,0,1,54,1,53,0" doraHai="115" doraHaiUra="69" who="1" fromWho="1" sc="85,-23,274,89,460,-23,161,-23" /><INIT seed="5,4,0,2,2,29" ten="62,363,437,138" oya="1" hai0="46,79,30,35,58,126,24,81,104,68,51,26,131" hai1="66,113,2,93,127,85,110,67,95,37,55,25,8" hai2="128,34,124,133,94,90,102,86,106,56,122,82,70" hai3="119,98,92,88,12,78,99,31,16,80,11,77,69"/><U48/><E37/><V17/><F70/><W105/><G69/><T33/><D68/><U97/><E113/><V54/><F34/><W107/><G119/><T115/><D115/><U57/><E110/><V45/><F45/><W74/><G31/><T44/><D104/><U23/><E127/><V1/><F1/><W116/><G116/><T42/><D131/><U41/><E41/><V32/><F32/><W52/><G99/><T64/><D126/><U75/><E75/><V14/><F124/><W112/><G112/><T134/><D134/><U61/><E2/><V96/><F128/><W28/><G28/><T121/><D121/><U73/><E73/><V40/><F40/><W84/><G78/><T4/><D4/><U22/><E8/><N who="2" m="6343" /><F133/><W103/><G52/><T117/><D117/><U59/><E66/><V83/><F106/><AGARI ba="4,0" hai="11,12,16,74,77,80,84,88,92,98,103,105,106,107" machi="106" ten="30,8000,1" yaku="7,1,24,2,54,2" doraHai="29" who="3" fromWho="2" sc="62,0,363,0,437,-92,138,92" /><INIT seed="6,0,0,2,5,104" ten="62,363,345,230" oya="2" hai0="96,102,75,53,79,17,36,48,14,34,84,85,18" hai1="120,106,21,122,25,123,69,112,100,126,1,77,128" hai2="44,2,105,95,52,61,82,58,62,24,121,88,4" hai3="59,76,127,80,91,71,72,3,110,125,6,7,43"/><V117/><F121/><W90/><G110/><T13/><D34/><U129/><E112/><V65/><F117/><W78/><G71/><T56/><D36/><U81/><E69/><V111/><F105/><W97/><G43/><T28/><D28/><U64/><E1/><V47/><F111/><W30/><G30/><T41/><D41/><U16/><E64/><V38/><F38/><W103/><G3/><T67/><D67/><U12/><E126/><N who="3" m="48138" /><G59/><T57/><D79/><U8/><E100/><V15/><F2/><W35/><G35/><T5/><D5/><N who="3" m="1545" /><G78/><T89/><D57/><U22/><E106/><AGARI ba="0,0" hai="72,76,80,90,91,97,103,106" m="1545,48138" machi="106" ten="30,2000,0" yaku="18,1,52,1" doraHai="104" who="3" fromWho="1" sc="62,0,363,-20,345,0,230,20" /><INIT seed="7,0,0,0,3,68" ten="62,343,345,250" oya="3" hai0="36,47,78,63,56,31,127,51,90,42,129,17,116" hai1="0,24,80,118,59,96,12,27,15,5,35,67,10" hai2="99,132,82,19,46,113,4,34,108,120,100,110,128" hai3="88,111,32,125,79,14,98,66,112,13,55,72,84"/><W123/><G123/><T97/><D78/><U60/><E118/><V117/><F19/><W20/><G32/><T70/><D90/><U121/><E121/><V57/><F57/><W49/><G112/><T126/><D97/><U83/><E96/><V40/><F117/><W26/><G125/><T22/><D31/><U101/><E101/><V18/><F18/><W76/><G111/><T102/><D22/><U131/><E131/><V94/><F120/><W135/><G66/><T75/><D75/><U11/><E0/><V44/><F113/><W38/><G38/><T95/><D95/><U33/><E33/><V48/><F128/><W71/><G71/><T114/><D102/><U2/><E2/><V133/><F34/><W9/><G135/><N who="2" m="51785" /><F4/><N who="3" m="3239" /><G14/><T23/><D23/><U58/><E58/><V30/><F30/><N who="3" m="17735" /><G98/><T29/><D29/><U107/><E107/><V25/><F25/><N who="1" m="9801" /><E35/><V39/><F82/><N who="3" m="49175" /><G72/><T3/><D3/><U77/><E77/><V6/><F6/><AGARI ba="0,0" hai="5,6,10,11,12,15,59,60,67,80,83" m="9801" machi="6" ten="30,1000,0" yaku="8,1" doraHai="68" who="1" fromWho="2" sc="62,0,343,10,345,-10,250,0" owari="62,-44.0,353,45.0,335,14.0,250,-15.0" /></mjloggm>