<mjloggm ver="2.3"><GO type="41" lobby="0"/><UN n0="%53%61%72%69%6E%54" n1="%E9%A4%8A%E5%88%86%E4%B8%B8" n2="%E2%93%9D%53%75%70%68%78" n3="%E3%82%86%E3%81%BF" dan="14,15,19,14" rate="2010.13,2050.43,2132.99,1913.63" sx="M,M,M,F"/><TAIKYOKU oya="0"/><INIT seed="0,0,0,1,3,122" ten="250,250,250,250" oya="0" hai0="12,93,30,125,104,71,84,9,92,2,65,40,103" hai1="74,56,38,53,123,45,75,132,105,57,55,73,49" hai2="114,13,111,117,98,127,24,130,37,89,126,48,108" hai3="118,124,58,96,87,20,54,63,5,35,17,69,68"/><T106/><D2/><U14/><E123/><V42/><F114/><W1/><G35/><T28/><D125/><N who="2" m="47626" /><F130/><W36/><G124/><T128/><D128/><U19/><E132/><V113/><F113/><W39/><G118/><T4/><D40/><U109/><E105/><V83/><F37/><W70/><G5/><T90/><D71/><U67/><E67/><V29/><F13/><W85/><G1/><T91/><D65/><U80/><E109/><N who="2" m="42059" /><F117/><W100/><G39/><T82/><D104/><U34/><E34/><N who="2" m="20775" /><F83/><W18/><G36/><T47/><D106/><U101/><E101/><V0/><F0/><W26/><REACH who="3" step="1"/><G17/><REACH who="3" ten="250,250,250,240" step="2"/><T81/><D30/><U51/><E38/><V50/><F42/><W107/><AGARI ba="0,1" hai="18,20,26,54,58,63,68,69,70,85,87,96,100,107" machi="107" ten="30,4000,0" yaku="1,1,2,1,0,1,53,0" doraHai="122" doraHaiUra="78" who="3" fromWho="3" sc="250,-20,250,-10,250,-10,240,50" /><INIT seed="1,0,0,0,4,113" ten="230,240,240,290" oya="1" hai0="40,70,4,9,91,44,56,63,75,20,16,36,86" hai1="80,21,121,13,81,17,2,125,11,79,73,1,133" hai2="7,25,117,87,3,0,93,69,89,108,76,35,102" hai3="94,39,122,104,109,132,115,29,126,38,101,53,59"/><U99/><E121/><V45/><F69/><W92/><G115/><T27/><D75/><U24/><E133/><V95/><F108/><W128/><G122/><T37/><D70/><U114/><E114/><V110/><F110/><W123/><G123/><T14/><D44/><U78/><E125/><V120/><F76/><W77/><G109/><T112/><D40/><U98/><E2/><V19/><F7/><W106/><G29/><T43/><D43/><U96/><E1/><V105/><F105/><W65/><G65/><T107/><D107/><U28/><REACH who="1" step="1"/><E96/><REACH who="1" ten="230,230,240,290" step="2"/><V103/><F3/><W51/><G132/><T82/><REACH who="0" step="1"/><D112/><REACH who="0" ten="220,230,240,290" step="2"/><U131/><E131/><V12/><F120/><W64/><G128/><T31/><D31/><U67/><E67/><AGARI ba="0,2" hai="4,9,14,16,20,27,36,37,56,63,67,82,86,91" machi="67" ten="30,7700,0" yaku="1,1,7,1,54,1,53,1" doraHai="113" doraHaiUra="60" who="0" fromWho="1" sc="220,97,230,-77,240,0,290,0" /><INIT seed="2,0,0,5,0,0" ten="317,153,240,290" oya="2" hai0="34,89,26,115,94,105,56,99,18,5,98,104,11" hai1="61,116,3,24,119,27,52,17,55,43,108,117,47" hai2="4,1,53,10,106,21,32,54,19,2,75,86,59" hai3="50,74,76,31,130,123,118,80,49,81,85,57,14"/><V42/><F75/><W102/><G123/><T92/><D115/><U127/><E108/><V8/><F106/><W111/><G118/><T35/><D34/><U103/><E127/><V6/><F32/><W22/><G102/><T91/><D56/><U36/><E3/><V62/><F42/><W77/><G111/><T15/><D18/><U39/><E39/><V69/><F86/><W132/><G132/><T37/><D37/><U120/><E120/><V134/><F69/><W65/><G130/><T30/><AGARI ba="0,0" hai="5,11,15,26,30,35,89,91,92,94,98,99,104,105" machi="30" ten="30,4000,0" yaku="0,1,9,1,52,1" doraHai="0" who="0" fromWho="0" sc="317,40,153,-10,240,-20,290,-10" /><INIT seed="3,0,0,0,2,27" ten="357,143,220,280" oya="3" hai0="8,51,45,109,3,9,103,56,123,32,37,67,120" hai1="96,64,69,23,25,36,22,61,98,31,76,125,46" hai2="66,116,84,118,60,19,0,74,132,53,107,57,135" hai3="99,48,5,108,121,40,73,13,129,28,58,114,14"/><W92/><G73/><T47/><D109/><U70/><E125/><V91/><F74/><W33/><G121/><T89/><D37/><U39/><E70/><V112/><F0/><W26/><G114/><T1/><D103/><U43/><E39/><V55/><F19/><W94/><G129/><T82/><D32/><U41/><E41/><V52/><F107/><W35/><G108/><T49/><D56/><U122/><E122/><V81/><REACH who="2" step="1"/><F112/><REACH who="2" ten="357,143,210,280" step="2"/><W104/><G5/><T63/><D120/><U12/><REACH who="1" step="1"/><E76/><REACH who="1" ten="357,133,210,280" step="2"/><V68/><F68/><W72/><G72/><T77/><D77/><U133/><E133/><AGARI ba="0,2" hai="52,53,55,57,60,66,81,84,91,116,118,132,133,135" machi="133" ten="40,12000,2" yaku="1,1,20,1,54,1,53,3" doraHai="27" doraHaiUra="50" who="2" fromWho="1" sc="357,0,133,-120,210,140,280,0" /><INIT seed="4,0,0,2,1,120" ten="357,13,350,280" oya="0" hai0="129,27,105,1,121,87,32,106,73,79,18,132,60" hai1="7,14,91,99,116,122,24,53,95,83,112,134,6" hai2="3,23,131,29,63,50,15,55,117,81,49,74,58" hai3="26,100,69,39,13,5,43,41,135,94,104,82,98"/><T125/><D121/><U34/><E116/><V33/><F3/><W4/><G69/><T28/><D1/><U64/><E122/><V92/><F33/><W42/><G39/><T80/><D125/><U103/><E134/><V84/><F74/><W44/><G135/><T102/><D129/><U46/><E112/><V17/><F131/><W93/><G44/><T128/><D128/><U124/><E124/><V0/><F0/><W97/><G104/><T36/><D132/><U109/><E64/><V65/><F29/><W25/><G82/><T45/><D102/><U127/><E109/><V133/><F117/><W30/><G13/><T31/><D60/><U47/><E127/><V72/><F72/><W61/><G61/><T20/><D31/><U123/><E123/><V119/><F119/><W107/><G107/><T115/><D115/><U66/><E66/><V9/><F92/><W111/><G111/><T54/><D73/><U88/><E14/><N who="2" m="9655" /><F65/><W114/><G114/><T51/><REACH who="0" step="1"/><D36/><REACH who="0" ten="347,13,350,280" step="2"/><U86/><E103/><V62/><F62/><W2/><G2/><T126/><D126/><U38/><E38/><V16/><F133/><W40/><G30/><T101/><D101/><U96/><E34/><V70/><F70/><W78/><G78/><AGARI ba="0,1" hai="9,15,16,49,50,55,58,63,78,81,84" m="9655" machi="78" ten="30,2000,0" yaku="8,1,54,1" doraHai="120" who="2" fromWho="3" sc="347,0,13,0,350,30,280,-20" /><INIT seed="5,0,0,5,2,63" ten="347,13,380,260" oya="1" hai0="81,111,74,44,28,88,35,132,78,60,59,12,129" hai1="127,13,99,38,120,86,42,22,66,123,43,52,51" hai2="103,7,113,6,65,31,50,91,17,62,4,80,73" hai3="98,95,16,92,105,2,96,116,15,133,72,75,34"/><U79/><E127/><V14/><F113/><W8/><G34/><T112/><D111/><U45/><E99/><V57/><F31/><W83/><G105/><T33/><D112/><U102/><E102/><V53/><F103/><W11/><G133/><T114/><D114/><U67/><E123/><V124/><F124/><W27/><G27/><T29/><D132/><U109/><E120/><V84/><F73/><W130/><G130/><T55/><D129/><U82/><E109/><V10/><REACH who="2" step="1"/><F7/><REACH who="2" ten="347,13,370,260" step="2"/><W0/><G116/><T100/><D100/><U101/><E101/><V125/><F125/><W69/><G15/><T23/><D29/><U93/><E93/><V131/><F131/><W90/><G83/><T5/><D28/><U115/><E115/><V110/><F110/><W24/><G24/><T20/><D35/><U47/><REACH who="1" step="1"/><E43/><REACH who="1" ten="347,3,370,260" step="2"/><V19/><F19/><AGARI ba="0,2" hai="13,19,22,38,42,45,47,51,52,66,67,79,82,86" machi="19" ten="40,12000,1" yaku="1,1,2,1,52,2,54,1,53,0" doraHai="63" doraHaiUra="97" who="1" fromWho="2" sc="347,0,3,140,370,-120,260,0" /><INIT seed="5,1,0,1,2,101" ten="347,143,250,260" oya="1" hai0="38,95,87,48,56,59,108,93,15,33,67,88,91" hai1="117,77,50,110,20,55,14,69,17,8,16,63,34" hai2="78,36,53,35,58,75,30,13,3,22,97,47,102" hai3="68,130,134,116,126,79,85,66,37,40,113,129,114"/><U73/><E117/><V52/><F3/><W12/><G116/><T44/><D33/><U104/><E34/><V43/><F35/><W96/><G12/><T112/><D112/><N who="3" m="43113" /><G96/><T115/><D115/><U103/><E110/><V128/><F128/><N who="3" m="49259" /><G85/><T32/><D32/><U132/><E132/><V119/><F119/><W23/><G23/><T42/><D108/><U65/><E103/><V64/><F75/><W18/><G18/><T125/><D67/><U41/><E41/><V54/><F78/><W62/><G79/><T123/><D123/><U70/><E70/><V0/><F0/><W31/><G31/><T5/><D38/><U1/><E104/><V57/><F64/><W39/><G126/><T81/><D125/><U109/><E109/><V29/><F29/><W131/><G131/><T19/><D5/><U106/><E106/><V124/><F124/><W28/><G28/><T83/><D83/><U45/><E1/><V24/><REACH who="2" step="1"/><F13/><REACH who="2" ten="347,143,240,260" step="2"/><W9/><G9/><N who="0" m="6639" /><D81/><U51/><E77/><V94/><AGARI ba="1,1" hai="22,24,30,36,43,47,52,53,54,57,58,94,97,102" machi="94" ten="30,4000,0" yaku="1,1,0,1,54,1,53,0" doraHai="101" doraHaiUra="4" who="2" fromWho="2" sc="347,-11,143,-21,240,53,260,-11" /><INIT seed="6,0,0,4,5,19" ten="336,122,293,249" oya="2" hai0="45,21,61,65,117,71,110,81,126,97,62,106,122" hai1="114,39,125,116,121,86,48,74,53,90,98,79,96" hai2="26,20,22,0,72,60,51,17,100,94,123,3,40" hai3="124,73,82,18,128,6,8,119,115,75,44,32,67"/><V54/><F72/><W135/><G32/><T58/><D110/><U36/><E116/><V2/><F123/><W68/><G119/><T105/><D122/><U52/><E121/><V118/><F118/><W134/><G128/><T15/><D117/><U35/><E35/><V70/><F40/><W5/><G44/><T31/><D126/><U107/><E125/><V25/><F70/><W33/><G33/><T133/><D133/><N who="3" m="50697" /><G124/><T99/><D45/><U89/><E114/><V47/><F60/><N who="3" m="40039" /><G115/><T24/><D81/><U84/><E74/><N who="3" m="28170" /><G82/><T38/><D38/><U29/><E29/><V11/><F11/><W34/><G34/><T111/><D111/><U69/><E69/><V93/><REACH who="2" step="1"/><F100/><REACH who="2" ten="336,122,283,249" step="2"/><W10/><G10/><T1/><D62/><U13/><E48/><V46/><F46/><W85/><G85/><T78/><D71/><U112/><E112/><V113/><F113/><W91/><G91/><T42/><D61/><U127/><E127/><V41/><F41/><W103/><G103/><T55/><D42/><U77/><REACH who="1" step="1"/><E107/><REACH who="1" ten="336,112,283,249" step="2"/><V83/><F83/><W92/><G92/><T59/><D106/><U120/><E120/><V95/><F95/><W130/><G130/><T7/><D105/><U64/><E64/><V50/><F50/><W80/><G80/><T87/><D65/><U28/><E28/><AGARI ba="0,2" hai="0,2,3,17,20,22,25,26,28,47,51,54,93,94" machi="28" ten="40,7700,0" yaku="1,1,52,2,53,0" doraHai="19" doraHaiUra="30" who="2" fromWho="1" sc="336,0,112,-77,283,97,249,0" /><INIT seed="6,1,0,3,0,132" ten="336,35,380,249" oya="2" hai0="16,11,90,130,74,135,117,29,70,116,52,107,54" hai1="26,101,91,14,58,89,22,61,113,47,134,3,23" hai2="39,50,69,46,94,123,13,60,63,76,68,115,95" hai3="10,120,102,41,111,86,77,4,49,62,8,9,34"/><V66/><F76/><W106/><G111/><T25/><D135/><U44/><E134/><V59/><F95/><W42/><G120/><T87/><D74/><U99/><E3/><V65/><F13/><W96/><G34/><T124/><D70/><N who="2" m="27242" /><F94/><W83/><G62/><N who="2" m="23593" /><F115/><W55/><REACH who="3" step="1"/><G4/><REACH who="3" ten="336,35,380,239" step="2"/><T114/><D114/><U79/><E113/><V20/><F123/><W40/><G40/><T19/><D107/><U5/><E79/><V38/><F20/><W129/><G129/><T126/><D130/><U98/><E5/><V80/><F66/><W72/><G72/><T36/><D54/><U84/><E23/><V7/><F7/><W125/><G125/><N who="0" m="48235" /><D52/><U56/><E22/><V75/><F75/><W133/><G133/><T57/><D11/><U27/><E61/><N who="2" m="38079" /><F80/><W43/><G43/><AGARI ba="1,1" hai="38,39,43,46,50" m="38079,23593,27242" machi="43" ten="30,12000,1" yaku="35,5" doraHai="132" who="2" fromWho="3" sc="336,0,35,0,380,133,239,-123" /><INIT seed="6,2,0,2,2,124" ten="336,35,513,116" oya="2" hai0="25,111,73,89,121,58,33,132,39,65,22,55,62" hai1="26,60,19,37,5,96,72,94,4,102,84,79,82" hai2="131,50,130,27,125,70,45,12,18,71,75,115,31" hai3="123,48,53,51,23,15,113,11,118,30,14,105,28"/><V3/><F115/><W61/><G105/><T135/><D111/><U77/><E37/><V69/><F3/><W49/><G123/><T2/><D2/><U36/><E36/><V83/><F125/><W86/><G118/><T42/><D121/><U119/><E119/><V17/><F83/><W109/><G109/><T114/><D114/><U128/><E72/><V85/><F85/><W29/><G113/><T78/><D33/><U24/><E79/><V76/><F76/><W108/><G108/><T97/><D78/><U98/><E128/><N who="2" m="49195" /><F12/><N who="3" m="4651" /><G11/><T44/><D73/><U13/><E96/><V92/><F92/><W126/><G126/><T16/><REACH who="0" step="1"/><D65/><REACH who="0" ten="326,35,513,116" step="2"/><U66/><E5/><V95/><F75/><W46/><G86/><T63/><D63/><U6/><E6/><V0/><F0/><W90/><G61/><T103/><D103/><U74/><E74/><V8/><F8/><W117/><G117/><T100/><D100/><U59/><REACH who="1" step="1"/><E4/><REACH who="1" ten="326,25,513,116" step="2"/><V68/><F50/><N who="3" m="19563" /><G90/><T120/><D120/><U20/><AGARI ba="2,2" hai="13,19,20,24,26,59,60,66,77,82,84,94,98,102" machi="20" ten="20,5200,0" yaku="1,1,0,1,7,1,8,1,53,0" doraHai="124" doraHaiUra="32" who="1" fromWho="1" sc="326,-15,25,78,513,-28,116,-15" /><INIT seed="7,0,0,1,2,108" ten="311,103,485,101" oya="3" hai0="78,69,26,83,96,85,49,29,64,21,54,93,70" hai1="122,4,77,12,48,40,46,120,115,95,59,22,119" hai2="113,3,127,99,62,61,2,91,75,50,67,7,41" hai3="79,89,56,32,110,126,107,43,65,81,34,100,36"/><W39/><G110/><T109/><D64/><U33/><E33/><V18/><F113/><W30/><G89/><T76/><D109/><U132/><E115/><V25/><F127/><W1/><G126/><T6/><D6/><U102/><E132/><V13/><F75/><W80/><G1/><T31/><D70/><U45/><E119/><V71/><F62/><W106/><G30/><T111/><D69/><U27/><E77/><V58/><F41/><W35/><G100/><T117/><D111/><U123/><E59/><V9/><F50/><W98/><G98/><T72/><D117/><U8/><E46/><V10/><F25/><W90/><G90/><T63/><D63/><U11/><E11/><V52/><F71/><W88/><G81/><T121/><D121/><U55/><E95/><V73/><F73/><W57/><G65/><T0/><D0/><U103/><REACH who="1" step="1"/><E40/><REACH who="1" ten="311,93,485,101" step="2"/><V24/><F10/><W68/><G68/><T133/><D133/><U15/><E15/><V5/><F13/><W14/><G14/><T124/><D124/><U47/><E47/><V86/><F9/><W92/><G107/><T116/><D116/><U112/><E112/><V101/><F3/><W131/><G106/><T19/><D76/><U17/><AGARI ba="0,1" hai="4,8,12,17,22,27,45,48,55,102,103,120,122,123" machi="17" ten="30,4000,0" yaku="1,1,0,1,53,1" doraHai="108" doraHaiUra="44" who="1" fromWho="1" sc="311,-10,93,50,485,-10,101,-20" owari="301,10.0,143,-26.0,475,58.0,81,-42.0" /></mjloggm>