<mjloggm ver="2.3"><GO type="41" lobby="0"/><UN n0="%63%6F%63%6F%61%4E" n1="%E9%AB%98%E5%88%A9%E8%B2%B8" n2="%E3%83%8A%E3%82%A4%E3%83%84" n3="%E2%93%9D%53%75%70%68%78" dan="13,13,13,19" rate="1822.09,2089.96,1862.01,2191.69" sx="M,M,M,M"/><TAIKYOKU oya="0"/><INIT seed="0,0,0,0,0,99" ten="250,250,250,250" oya="0" hai0="108,20,71,113,86,57,106,29,133,87,18,56,21" hai1="120,109,132,13,16,77,17,92,15,54,39,69,125" hai2="6,35,58,89,33,46,63,128,126,82,111,64,115" hai3="49,45,24,80,110,36,41,14,12,134,98,76,47"/><T31/><D106/><U7/><E120/><V1/><F115/><W101/><G110/><T42/><D71/><U34/><E132/><V122/><F111/><W70/><G70/><T123/><D113/><U22/><E109/><V60/><F122/><W59/><G59/><N who="0" m="22603" /><D123/><U96/><E69/><V3/><F128/><W78/><G24/><N who="0" m="14359" /><D108/><U48/><E125/><V61/><F126/><W55/><G78/><T121/><D121/><U114/><E39/><V32/><F46/><W127/><G134/><T73/><D73/><U129/><E34/><V40/><F40/><W26/><G26/><N who="0" m="16591" /><D133/><U67/><E129/><V28/><F28/><W72/><REACH who="3" step="1"/><G127/><REACH who="3" ten="250,250,250,240" step="2"/><T84/><D42/><U25/><E77/><V94/><F64/><W50/><G50/><T104/><D104/><AGARI ba="0,1" hai="12,14,36,41,45,47,49,55,72,76,80,98,101,104" machi="104" ten="30,7700,0" yaku="1,1,7,1,52,1,53,1" doraHai="99" doraHaiUra="38" who="3" fromWho="0" sc="250,-77,250,0,250,0,240,87" /><INIT seed="1,0,0,3,4,106" ten="173,250,250,327" oya="1" hai0="93,92,114,102,54,16,105,130,39,89,121,115,88" hai1="72,29,9,48,64,125,36,66,110,52,44,24,45" hai2="23,4,10,108,96,87,20,53,83,41,61,91,135" hai3="101,57,117,12,75,123,86,132,21,56,42,127,6"/><U60/><E125/><V46/><F135/><W85/><G123/><T76/><D39/><U111/><E9/><V71/><F108/><N who="1" m="41513" /><E72/><V68/><F68/><W14/><G42/><T2/><D121/><U124/><E124/><V134/><F134/><W118/><G101/><T37/><D130/><U47/><E24/><V17/><F96/><W113/><G113/><T3/><D37/><U99/><E29/><V1/><F17/><W25/><G6/><T33/><D33/><U55/><E99/><V35/><F35/><W82/><G25/><T59/><D76/><U30/><E30/><V80/><F80/><W78/><G132/><T79/><D79/><U15/><E15/><V63/><F71/><W65/><G14/><T67/><D105/><U34/><E34/><V38/><REACH who="2" step="1"/><F53/><REACH who="2" ten="173,250,240,327" step="2"/><N who="1" m="20553" /><E36/><V7/><F7/><W100/><G127/><T107/><D114/><U0/><E0/><V13/><F13/><W28/><G12/><T40/><D115/><U95/><E95/><V5/><F5/><W90/><G28/><T69/><D2/><U133/><E133/><V128/><F128/><W116/><G116/><T77/><D3/><U49/><E60/><AGARI ba="0,1" hai="1,4,10,20,23,38,41,46,60,61,63,83,87,91" machi="60" ten="40,1300,0" yaku="1,1,53,0" doraHai="106" doraHaiUra="11" who="2" fromWho="1" sc="173,0,250,-13,240,23,327,0" /><INIT seed="2,0,0,1,4,121" ten="173,237,263,327" oya="2" hai0="133,4,31,61,122,40,64,54,60,56,12,115,101" hai1="91,73,48,72,62,30,99,75,3,95,97,42,105" hai2="65,132,21,25,17,39,123,104,50,41,125,102,55" hai3="33,124,58,44,59,114,47,81,107,126,108,93,11"/><V94/><F123/><W16/><G107/><T70/><D122/><U128/><E128/><V106/><F132/><W9/><G33/><T18/><D133/><U135/><E135/><V34/><F34/><W89/><G81/><T88/><D115/><U119/><E119/><V112/><F112/><W86/><G114/><T0/><D31/><U134/><E134/><V67/><F125/><N who="3" m="48235" /><G108/><T110/><D110/><U90/><E3/><V27/><F27/><W116/><G11/><T103/><D0/><U80/><E62/><V77/><F77/><W10/><G10/><T15/><D40/><U37/><E37/><V66/><F41/><W19/><G116/><T87/><D4/><U92/><E48/><V85/><F39/><W63/><G59/><T36/><D36/><U118/><E42/><V84/><F106/><W14/><G19/><T7/><D7/><U79/><E30/><V23/><F23/><W53/><AGARI ba="0,0" hai="9,14,16,44,47,53,58,63,86,89,93" m="48235" machi="53" ten="30,2000,0" yaku="18,1,54,1" doraHai="121" who="3" fromWho="3" sc="173,-5,237,-5,263,-10,327,20" /><INIT seed="3,0,0,2,0,55" ten="168,232,253,347" oya="3" hai0="14,50,12,4,117,36,51,113,40,59,78,100,111" hai1="101,118,85,21,63,30,79,47,116,32,44,9,124" hai2="80,43,20,46,127,23,27,41,69,52,77,106,82" hai3="7,60,18,42,2,45,75,126,88,53,83,3,132"/><W112/><G112/><T74/><D117/><N who="1" m="45163" /><E124/><V122/><F69/><W68/><G132/><T84/><D111/><U15/><E32/><V95/><F106/><W131/><G131/><T73/><D113/><U130/><E101/><V110/><F127/><W76/><G18/><T93/><D36/><U62/><E130/><V104/><F104/><W1/><G126/><T134/><D134/><U10/><E85/><V64/><F64/><W19/><G19/><T94/><D100/><U115/><E79/><V58/><F110/><W6/><G88/><T39/><D39/><U125/><E125/><V109/><F109/><W99/><G99/><T67/><D4/><U129/><E129/><V102/><F122/><W57/><REACH who="3" step="1"/><G68/><REACH who="3" ten="168,232,253,337" step="2"/><T105/><D105/><U22/><E115/><V120/><F120/><W56/><G56/><T87/><D78/><U91/><E91/><V31/><F77/><W121/><G121/><T92/><D40/><U103/><E103/><V25/><F43/><W90/><G90/><T86/><D59/><U24/><E30/><V29/><F102/><W0/><N who="3" m="512" /><DORA hai="97" /><W13/><G13/><N who="0" m="5227" /><D67/><U107/><E15/><V65/><F65/><W135/><G135/><T119/><D119/><U81/><E24/><V61/><REACH who="2" step="1"/><F95/><REACH who="2" ten="168,232,243,337" step="2"/><N who="0" m="24322" /><T34/><DORA hai="89" /><D34/><U38/><E107/><V8/><F8/><N who="1" m="3177" /><E38/><AGARI ba="0,2" hai="20,23,25,27,29,31,38,41,46,52,58,61,80,82" machi="38" ten="30,12000,2" yaku="1,1,7,1,9,1,52,1,54,1,53,2" doraHai="55,97,89" doraHaiUra="16,35,114" who="2" fromWho="1" sc="168,0,232,-120,243,140,337,0" /><AGARI ba="0,0" hai="6,7,38,42,45,53,57,60,75,76,83" m="512" machi="38" ten="70,18000,2" yaku="1,1,52,1,53,4" doraHai="55,97,89" doraHaiUra="16,35,114" who="3" fromWho="1" sc="168,0,112,-180,383,0,337,180" owari="168,-23.0,-68,-57.0,383,18.0,517,62.0" /></mjloggm>