<mjloggm ver="2.3"><GO type="41" lobby="0"/><UN n0="%E3%81%BF%E3%81%88%E3%81%91%E3%82%93%E3%81%AE" n1="%E2%93%9D%53%75%70%68%78" n2="%6B%6E%6B%6B%6E%6B%32" n3="%E3%83%95%E3%83%A6%E3%82%AB%E3%82%BB%E3%83%84" dan="15,19,14,14" rate="2056.77,2130.35,1936.30,2021.07" sx="M,M,M,M"/><TAIKYOKU oya="0"/><INIT seed="0,0,0,5,3,24" ten="250,250,250,250" oya="0" hai0="109,68,116,28,6,25,70,53,57,126,112,18,49" hai1="30,69,16,132,100,121,60,2,26,92,85,115,72" hai2="133,129,13,5,82,34,14,91,61,128,21,31,29" hai3="32,111,12,54,1,15,80,64,37,124,3,11,41"/><T77/><D112/><U10/><E72/><V67/><F34/><W95/><G32/><T45/><D116/><U120/><E115/><V89/><F82/><W43/><G111/><T123/><D123/><U46/><E132/><V63/><F21/><W75/><G95/><T42/><D126/><U55/><E69/><V99/><F99/><W94/><G94/><T4/><D109/><U104/><E104/><V103/><F103/><W105/><G105/><T79/><D18/><U74/><E74/><V127/><F127/><W22/><G124/><T58/><D70/><U73/><E73/><V50/><F50/><W108/><G108/><T87/><D58/><U106/><E106/><V33/><F33/><W88/><G64/><T102/><D102/><U134/><E134/><V0/><F133/><W84/><G75/><T110/><D68/><U90/><E100/><V48/><F48/><W65/><G65/><T131/><D131/><N who="2" m="50250" /><F0/><W114/><G54/><T130/><D130/><U78/><E2/><V44/><F44/><W66/><G66/><T39/><D110/><U76/><E121/><V107/><F107/><W71/><G114/><T40/><D40/><N who="3" m="15433" /><G71/><T122/><D122/><U125/><E125/><V47/><F47/><W9/><G22/><T51/><D49/><N who="1" m="29111" /><E120/><V86/><F67/><W83/><G83/><T81/><REACH who="0" step="1"/><D77/><REACH who="0" ten="240,250,250,250" step="2"/><U35/><E78/><V17/><F17/><N who="3" m="8335" /><G37/><T101/><D101/><U93/><E76/><V20/><F89/><W38/><G38/><T62/><D62/><U19/><E60/><V97/><F63/><W7/><G7/><T36/><D36/><RYUUKYOKU ba="0,1" sc="240,15,250,-15,250,-15,250,15" hai0="4,6,25,28,39,42,45,51,53,57,79,81,87" hai3="1,3,11,15,80,84,88" /><INIT seed="0,1,1,3,0,80" ten="255,235,235,265" oya="0" hai0="111,117,9,17,14,92,114,91,65,59,57,33,77" hai1="109,103,4,30,49,130,75,20,116,25,90,29,46" hai2="48,131,66,101,35,82,63,55,78,96,87,110,15" hai3="126,98,42,43,102,19,36,34,127,97,40,58,83"/><T22/><D114/><U132/><E116/><V73/><F110/><W67/><G36/><T123/><D117/><U16/><E75/><V134/><F131/><W26/><G83/><T56/><D123/><U54/><E109/><V44/><F134/><W47/><G47/><T45/><D33/><U113/><E130/><V94/><F15/><W135/><G135/><T52/><D77/><U5/><E103/><V51/><F51/><W99/><G102/><T115/><D115/><U119/><E119/><V93/><F35/><W21/><G34/><T79/><D79/><U11/><E132/><V8/><F8/><W105/><G105/><T61/><D111/><U122/><E122/><V60/><F60/><W12/><G58/><T69/><D9/><U6/><E113/><V32/><F32/><W107/><G107/><T18/><D18/><U74/><E74/><V23/><F23/><W106/><G106/><T95/><REACH who="0" step="1"/><D91/><REACH who="0" ten="245,235,235,265" step="2"/><U125/><E11/><V86/><REACH who="2" step="1"/><F94/><REACH who="2" ten="245,235,225,265" step="2"/><W68/><REACH who="3" step="1"/><G12/><REACH who="3" ten="245,235,225,255" step="2"/><T38/><D38/><U24/><E20/><V76/><F76/><W70/><G70/><AGARI ba="1,4" hai="44,48,55,63,66,70,73,78,82,86,87,93,96,101" machi="70" ten="30,8000,1" yaku="1,1,7,1,52,2,53,1" doraHai="80" doraHaiUra="62" who="2" fromWho="3" sc="245,0,235,0,225,123,255,-83" /><INIT seed="1,0,0,1,5,103" ten="245,235,348,172" oya="1" hai0="97,126,117,120,80,49,56,127,22,48,71,28,134" hai1="82,125,88,60,18,135,133,7,105,58,46,10,72" hai2="34,86,74,16,122,96,59,92,33,15,93,13,85" hai3="53,98,115,3,12,47,52,29,17,108,107,69,129"/><U102/><E125/><N who="0" m="47625" /><D71/><U113/><E113/><V38/><F122/><W79/><G115/><T51/><D80/><U24/><E46/><V81/><F38/><W6/><G69/><T1/><D1/><U94/><E18/><V36/><F36/><W50/><G108/><T70/><D22/><U54/><E24/><V112/><F112/><W123/><G123/><T45/><D28/><U4/><E82/><V91/><F74/><W19/><G29/><T119/><D97/><N who="1" m="61647" /><E10/><V131/><F131/><W128/><G79/><T118/><D70/><U66/><E66/><V121/><F121/><W55/><G3/><T0/><D0/><U101/><E101/><V73/><F73/><W110/><G110/><T83/><D83/><U130/><E72/><V11/><F59/><W2/><G2/><T99/><D99/><N who="1" m="57799" /><E130/><N who="3" m="50282" /><G6/><T104/><D120/><U65/><E65/><V61/><F61/><W31/><G31/><T57/><D104/><U21/><E21/><V89/><REACH who="2" step="1"/><F15/><REACH who="2" ten="245,235,338,172" step="2"/><W8/><G17/><T68/><D68/><U20/><E7/><V44/><F44/><W75/><G75/><T14/><D14/><U84/><E4/><V90/><AGARI ba="0,1" hai="11,13,16,33,34,81,85,86,89,90,91,92,93,96" machi="90" ten="20,5200,0" yaku="1,1,0,1,7,1,54,1,53,0" doraHai="103" doraHaiUra="67" who="2" fromWho="2" sc="245,-13,235,-26,338,62,172,-13" /><INIT seed="2,0,0,3,0,78" ten="232,209,400,159" oya="2" hai0="50,80,108,26,61,106,126,92,127,119,107,14,48" hai1="129,122,81,66,77,58,86,55,59,35,112,109,65" hai2="89,62,32,79,56,10,124,113,44,41,3,114,5" hai3="40,52,63,97,111,105,87,17,34,117,83,75,39"/><V57/><F124/><N who="0" m="47658" /><D26/><U118/><E112/><V43/><F32/><W64/><G117/><T6/><D92/><U123/><E118/><V85/><F79/><W53/><G34/><T31/><D31/><U120/><E129/><V30/><F30/><W99/><G75/><T8/><D119/><U90/><E109/><V110/><F110/><W9/><G111/><T7/><D7/><U54/><E35/><V46/><F46/><W29/><G29/><T100/><D61/><N who="1" m="36055" /><E77/><V103/><F103/><W37/><G105/><N who="0" m="39947" /><D100/><U15/><E15/><V36/><F43/><W13/><G39/><T25/><D25/><U130/><E130/><V71/><F71/><W96/><G37/><T116/><D108/><U16/><E16/><V51/><F36/><W73/><G73/><T47/><D47/><U42/><E42/><V91/><F57/><N who="3" m="36975" /><G40/><T94/><D94/><U84/><E84/><V135/><F113/><W134/><G134/><T28/><D28/><U72/><E72/><V82/><F135/><W93/><G93/><T95/><D95/><U98/><E98/><N who="3" m="25090" /><W68/><DORA hai="33" /><G68/><T104/><D116/><U20/><E20/><V27/><F114/><W22/><G22/><T101/><D101/><U128/><E128/><V4/><F41/><W11/><G9/><T125/><N who="0" m="39955" /><T76/><N who="0" m="47666" /><DORA hai="0" /><T67/><DORA hai="45" /><D67/><U133/><E133/><V70/><F10/><W49/><G49/><AGARI ba="0,0" hai="49,55,59,65,66,81,86,90,120,122,123" m="36055" machi="49" ten="30,3900,0" yaku="13,1,52,2" doraHai="78,33,0,45" who="1" fromWho="3" sc="232,0,209,39,400,0,159,-39" /><INIT seed="3,0,0,1,3,27" ten="232,248,400,120" oya="3" hai0="35,25,134,51,10,130,127,61,9,13,123,74,85" hai1="70,63,31,22,122,135,116,81,71,106,28,91,87" hai2="67,103,133,80,19,88,33,121,94,86,42,132,57" hai3="23,52,82,20,92,64,12,95,29,62,76,72,100"/><W59/><G100/><T18/><D123/><U36/><E36/><V114/><F121/><W101/><G101/><T41/><D127/><U83/><E122/><V102/><F114/><W124/><G124/><T50/><D134/><N who="2" m="51818" /><F33/><W107/><G107/><T43/><D74/><U48/><E135/><V0/><F0/><W65/><G23/><T113/><D130/><U98/><E116/><V131/><F131/><W125/><G125/><T69/><D85/><U37/><E37/><V93/><F42/><W16/><G29/><N who="1" m="11338" /><E71/><V55/><F19/><W4/><REACH who="3" step="1"/><G4/><REACH who="3" ten="232,248,400,110" step="2"/><T26/><D113/><U45/><E22/><V119/><F103/><W58/><G58/><T46/><D69/><U17/><E70/><V14/><F102/><W2/><G2/><T60/><D35/><U118/><E106/><V8/><F57/><W5/><G5/><T21/><D21/><U1/><E1/><V6/><F6/><W11/><G11/><T90/><D10/><U39/><E17/><V40/><F8/><W84/><G84/><T112/><D112/><U99/><E87/><V44/><F86/><W15/><G15/><T89/><D9/><U97/><E97/><V110/><F14/><W54/><G54/><T109/><D13/><U34/><E99/><V104/><F55/><W7/><G7/><T117/><D117/><U128/><E118/><V120/><F104/><W129/><G129/><T73/><D43/><U96/><E128/><V47/><F40/><W3/><G3/><T111/><D41/><U56/><E34/><V105/><F119/><W115/><G115/><T30/><D30/><RYUUKYOKU ba="0,1" sc="232,-10,248,-10,400,-10,110,30" hai3="12,16,20,52,59,62,64,65,72,76,82,92,95" /><INIT seed="3,1,1,4,1,105" ten="222,238,390,140" oya="3" hai0="79,66,6,53,113,37,98,70,93,71,32,42,88" hai1="26,9,31,65,116,132,120,63,74,22,123,64,51" hai2="122,16,2,55,108,81,109,25,33,60,45,125,54" hai3="101,117,44,47,103,119,85,0,13,112,124,39,129"/><W49/><G0/><T80/><D32/><U82/><E132/><V5/><F125/><W111/><G112/><T106/><D106/><U62/><E116/><V4/><F122/><W34/><G34/><T127/><D127/><U104/><E104/><V40/><F81/><W126/><G39/><T75/><D6/><N who="2" m="2666" /><F2/><W89/><G129/><T134/><D134/><U115/><E51/><V48/><F60/><W14/><G49/><T24/><D24/><U27/><E9/><V72/><F72/><W76/><G76/><T135/><D135/><U107/><E107/><V17/><F33/><W100/><G85/><T95/><D113/><U91/><E115/><V77/><F77/><W7/><G7/><T35/><D35/><U133/><E133/><V57/><F25/><W52/><G101/><T69/><D66/><U41/><E41/><V68/><F68/><W21/><G21/><T29/><D29/><U59/><E27/><V11/><F11/><W1/><G1/><T86/><D53/><N who="2" m="19978" /><F57/><W19/><G52/><T114/><D114/><U90/><E123/><V50/><F50/><W121/><G121/><T20/><D20/><U10/><E10/><V56/><F56/><W38/><G38/><T30/><D30/><U99/><E120/><V28/><F28/><W58/><G58/><T97/><REACH who="0" step="1"/><D95/><REACH who="0" ten="212,238,390,140" step="2"/><N who="1" m="56823" /><E65/><V102/><F17/><W3/><G19/><T84/><D84/><N who="1" m="50583" /><E63/><V94/><F16/><W92/><G3/><T128/><D128/><U118/><E118/><V43/><F40/><W67/><G67/><T8/><D8/><U96/><E96/><N who="2" m="59671" /><F43/><W131/><G126/><RYUUKYOKU ba="1,2" sc="212,10,238,10,390,10,140,-30" hai0="37,42,69,70,71,75,79,80,86,88,93,97,98" hai1="22,26,31,59,62,64,74" hai2="45,48,108,109" /><INIT seed="4,2,2,5,4,111" ten="222,248,400,110" oya="0" hai0="13,134,119,103,93,79,81,126,23,65,30,64,2" hai1="56,50,106,5,46,25,88,58,124,52,9,59,91" hai2="101,70,127,122,68,28,12,63,95,34,22,135,90" hai3="21,11,69,54,78,27,89,24,125,87,94,114,120"/><T100/><D119/><U72/><E106/><V109/><F34/><W82/><G69/><T105/><D105/><U110/><E110/><V123/><F109/><W1/><G125/><T83/><D2/><U75/><E124/><V121/><F127/><W85/><G120/><T99/><D126/><U8/><E25/><V55/><F101/><W48/><G114/><T35/><D35/><U37/><E37/><V57/><F135/><W115/><G115/><T128/><D128/><U26/><E26/><V118/><F28/><W36/><G36/><T107/><D107/><U38/><E38/><V51/><F118/><W19/><G1/><T3/><D3/><U18/><E18/><N who="2" m="10567" /><F63/><W76/><G11/><T0/><D0/><U80/><E9/><V84/><AGARI ba="2,2" hai="51,55,57,68,70,84,90,95,121,122,123" m="10567" machi="84" ten="30,1100,0" yaku="25,1" doraHai="111" who="2" fromWho="2" sc="222,-7,248,-5,400,37,110,-5" /><INIT seed="5,0,0,2,1,77" ten="215,243,437,105" oya="1" hai0="6,81,52,58,21,41,116,30,93,31,46,125,95" hai1="40,55,48,10,12,22,64,101,68,20,115,87,62" hai2="80,108,78,9,86,112,25,0,79,117,39,19,124" hai3="102,67,3,127,35,73,82,28,14,135,66,123,133"/><U96/><E115/><V1/><F108/><W57/><G3/><T113/><D113/><U53/><E40/><V107/><F112/><W16/><G123/><T8/><D125/><U83/><E55/><V92/><F107/><W72/><G127/><T18/><D95/><U61/><E61/><V49/><F124/><W85/><G102/><T38/><D93/><U98/><E98/><V132/><F39/><W103/><G103/><T26/><D81/><U60/><E60/><V34/><F117/><W47/><G47/><T17/><D31/><U7/><E53/><V4/><F132/><N who="3" m="50763" /><G28/><T11/><D116/><U29/><E48/><V129/><F129/><W70/><G35/><T63/><REACH who="0" step="1"/><D11/><REACH who="0" ten="205,243,437,105" step="2"/><U13/><E29/><V130/><F80/><W106/><G106/><T45/><D45/><U75/><E83/><V2/><F9/><N who="3" m="6223" /><G57/><T104/><D104/><U65/><E10/><V99/><F130/><W42/><G70/><T100/><D100/><U128/><E101/><V71/><F71/><W111/><G111/><T122/><D122/><U59/><E128/><V37/><F92/><W88/><G42/><T51/><D51/><U118/><E68/><V5/><F49/><W76/><G76/><T33/><D33/><U97/><E118/><V119/><F78/><W134/><G134/><T69/><D69/><U23/><E59/><V94/><F79/><W131/><G131/><T36/><D36/><U91/><E91/><V126/><F37/><W74/><AGARI ba="0,1" hai="66,67,72,73,74,82,85,88" m="6223,50763" machi="74" ten="40,8000,1" yaku="20,1,52,1,54,2" doraHai="77" who="3" fromWho="3" sc="205,-20,243,-40,437,-20,105,90" /><INIT seed="6,0,0,3,1,39" ten="185,203,417,195" oya="2" hai0="10,50,56,7,26,99,21,1,47,129,60,95,104" hai1="53,87,113,33,55,73,131,24,48,74,16,72,105" hai2="125,27,0,31,79,106,110,54,126,108,8,90,116" hai3="84,44,14,117,112,81,97,37,19,89,135,42,109"/><V12/><F106/><W38/><G109/><N who="2" m="42089" /><F79/><W63/><G117/><T92/><D129/><U41/><E105/><V51/><F0/><W94/><G135/><T57/><D104/><U40/><E113/><V34/><F116/><W25/><G112/><T128/><D128/><U11/><E131/><V9/><F90/><W78/><G25/><T107/><D107/><U80/><E33/><V62/><F62/><W36/><REACH who="3" step="1"/><G63/><REACH who="3" ten="185,203,417,185" step="2"/><T61/><D60/><U102/><E24/><V28/><F27/><W13/><G13/><T93/><D61/><U35/><E35/><V59/><F12/><W70/><G70/><T20/><D99/><U130/><E130/><V15/><F15/><W52/><G52/><T18/><REACH who="0" step="1"/><D21/><AGARI ba="0,1" hai="14,19,21,36,37,38,42,44,78,81,84,89,94,97" machi="21" ten="30,3900,0" yaku="1,1,7,1,52,1,53,0" doraHai="39" doraHaiUra="65" who="3" fromWho="0" sc="185,-39,203,0,417,0,185,49" /><INIT seed="7,0,0,2,5,71" ten="146,203,417,234" oya="3" hai0="53,66,127,84,34,68,32,103,27,121,23,60,25" hai1="36,57,69,124,115,46,17,1,78,111,105,91,95" hai2="125,43,106,77,118,35,51,81,55,104,41,33,39" hai3="128,114,4,108,130,6,73,42,72,100,15,109,7"/><W52/><G100/><T101/><D127/><U54/><E111/><N who="3" m="42570" /><G42/><T67/><D121/><U62/><E1/><V99/><F118/><W30/><G15/><T10/><D10/><U0/><E115/><V49/><F55/><W93/><G93/><T65/><D84/><U102/><E0/><V88/><F99/><W87/><G87/><T119/><D119/><U113/><E105/><V8/><F81/><W45/><G30/><T19/><D68/><U123/><E69/><V31/><F41/><W83/><G114/><T74/><D74/><N who="3" m="28777" /><G83/><T20/><D34/><U134/><E95/><V37/><F43/><W85/><G85/><T13/><D32/><U75/><E75/><V129/><F31/><W9/><G9/><T5/><D5/><U12/><E102/><V61/><F8/><W97/><G97/><T58/><REACH who="0" step="1"/><D13/><REACH who="0" ten="136,203,417,234" step="2"/><U82/><E12/><V70/><F106/><W64/><G64/><T116/><D116/><U131/><E113/><V48/><F104/><W56/><G45/><T26/><D26/><U44/><E44/><V117/><F117/><W18/><G18/><AGARI ba="0,1" hai="18,19,20,23,25,27,53,58,60,65,66,67,101,103" machi="18" ten="40,5200,0" yaku="1,1,9,1,8,1,53,0" doraHai="71" doraHaiUra="24" who="0" fromWho="3" sc="136,62,203,0,417,0,234,-52" owari="198,-20.0,203,0.0,417,52.0,182,-32.0" /></mjloggm>