<mjloggm ver="2.3"><GO type="41" lobby="0"/><UN n0="%E3%81%9D%E3%82%88%E9%A2%A8%E3%81%AE%E5%BE%AE%E7%AC%91%E3%81%BF" n1="%E2%93%9D%53%75%70%68%78" n2="%74%6F%75%68%75%68%75" n3="%E3%81%B0%E3%82%93%E3%81%A8" dan="14,19,14,14" rate="1955.48,2210.79,1996.01,2025.66" sx="M,M,M,M"/><TAIKYOKU oya="0"/><INIT seed="0,0,0,1,5,96" ten="250,250,250,250" oya="0" hai0="81,23,34,131,91,43,0,78,14,8,29,135,126" hai1="28,22,1,90,104,133,66,13,88,77,71,70,100" hai2="5,130,45,65,42,129,118,110,128,33,83,12,76" hai3="3,69,105,57,67,16,20,40,120,62,10,37,31"/><T75/><D126/><U25/><E1/><V51/><F33/><W97/><G37/><T21/><D131/><U107/><E77/><V87/><F110/><W60/><G40/><T24/><D135/><U80/><E133/><V82/><F65/><W124/><G124/><T116/><D116/><U49/><E49/><V19/><F83/><W32/><G3/><T111/><D111/><U84/><E90/><V36/><F118/><W58/><G10/><T99/><D91/><U94/><E13/><V72/><F36/><W89/><G120/><T30/><D29/><U50/><E50/><V55/><F5/><W4/><G4/><T101/><D43/><U113/><E113/><V39/><F39/><W119/><G32/><T63/><D63/><U102/><E80/><V44/><F44/><W11/><G11/><T79/><D79/><U59/><E107/><V112/><F112/><W15/><G31/><T61/><D61/><N who="1" m="38207" /><E104/><V46/><F42/><W38/><G38/><T2/><D0/><U93/><E102/><V121/><F121/><W6/><G89/><T108/><D108/><U115/><E115/><V26/><F46/><W106/><G69/><T114/><D2/><U56/><E56/><V54/><F54/><W125/><G125/><T35/><D34/><U109/><E109/><V27/><F72/><W103/><G119/><T95/><REACH who="0" step="1"/><D114/><REACH who="0" ten="240,250,250,250" step="2"/><U92/><E71/><V122/><F122/><W86/><G62/><T68/><D68/><U85/><E70/><V132/><F132/><W64/><G60/><T74/><D74/><U7/><E88/><V123/><F123/><RYUUKYOKU ba="0,1" sc="240,15,250,-15,250,15,250,-15" hai0="8,14,21,23,24,30,35,75,78,81,95,99,101" hai2="12,19,26,27,45,51,55,76,82,87,128,129,130" /><INIT seed="0,1,1,4,2,48" ten="255,235,265,235" oya="0" hai0="89,38,82,110,132,1,106,130,16,51,18,17,73" hai1="123,58,29,85,42,102,77,34,131,57,74,23,95" hai2="53,98,44,100,67,93,125,135,8,56,128,4,76" hai3="116,79,47,115,105,112,104,83,15,81,25,84,126"/><T37/><D1/><U127/><E123/><V122/><F122/><W45/><G25/><T46/><D106/><U71/><E34/><V3/><F125/><W61/><G126/><T40/><D132/><U87/><E71/><V24/><F135/><W64/><G15/><T33/><D33/><U113/><E42/><V121/><F121/><W19/><G19/><T109/><D130/><U69/><E69/><V9/><F76/><W55/><G116/><T7/><D7/><U78/><E74/><V41/><F128/><W12/><G12/><T65/><D65/><U35/><E35/><V66/><F9/><W54/><G61/><T133/><D133/><U117/><E113/><V5/><F5/><W86/><G79/><T94/><D82/><U97/><E117/><V22/><F44/><W62/><G62/><T101/><D101/><U114/><E114/><V120/><F41/><W96/><G96/><T2/><D2/><U103/><E97/><V52/><F120/><W10/><G10/><T27/><D27/><U31/><E131/><V13/><F3/><W60/><G60/><T90/><D73/><U88/><E127/><V92/><F92/><W129/><G129/><T68/><D68/><U63/><E63/><N who="2" m="38247" /><F67/><AGARI ba="1,1" hai="45,47,54,55,64,67,81,83,84,86,104,105,112,115" machi="67" ten="25,6400,0" yaku="22,2,52,2" doraHai="48" who="3" fromWho="2" sc="255,0,235,0,265,-67,235,77" /><INIT seed="1,0,0,4,0,107" ten="255,235,198,312" oya="1" hai0="129,38,83,8,99,4,6,103,15,67,20,55,84" hai1="80,118,100,77,124,39,10,92,131,43,35,63,48" hai2="90,42,127,0,21,40,116,97,34,16,22,86,106" hai3="50,94,105,60,7,95,75,13,135,102,122,119,110"/><U66/><E118/><V46/><F34/><W125/><G60/><T68/><D38/><U71/><E35/><V53/><F127/><W78/><G50/><T93/><D129/><U98/><E131/><V114/><F0/><W133/><G7/><T5/><D68/><U120/><E124/><V3/><F3/><W91/><G13/><T132/><D67/><U58/><E120/><V29/><F116/><W56/><G56/><T30/><D132/><N who="3" m="50761" /><G125/><T126/><D126/><U31/><E31/><V89/><F114/><W44/><G44/><T24/><D55/><U121/><E121/><V82/><F29/><W45/><G45/><T47/><D47/><U70/><E39/><V74/><F22/><W61/><G61/><T79/><AGARI ba="0,0" hai="4,5,6,8,15,20,24,30,79,83,84,93,99,103" machi="79" ten="20,2700,0" yaku="0,1,7,1,8,1" doraHai="107" who="0" fromWho="0" sc="255,27,235,-13,198,-7,312,-7" /><INIT seed="2,0,0,5,1,125" ten="282,222,191,305" oya="2" hai0="6,58,42,25,37,31,13,44,29,8,79,132,55" hai1="53,0,69,82,47,11,101,3,20,26,94,46,77" hai2="121,60,83,119,114,133,71,111,115,63,135,4,72" hai3="78,66,61,91,1,88,73,5,126,106,36,52,128"/><V134/><F4/><W117/><G117/><T84/><D132/><U50/><E69/><V105/><F105/><W17/><G36/><T33/><D31/><U85/><E11/><V62/><F72/><W90/><G126/><T54/><D55/><U93/><E3/><V14/><F14/><W23/><G106/><T30/><D30/><U38/><E0/><V34/><F34/><W104/><G104/><T95/><D79/><U108/><E108/><V24/><F119/><W127/><G127/><T9/><D9/><U27/><E101/><V130/><F121/><W103/><G103/><T22/><D84/><U102/><E102/><V2/><F2/><W43/><G43/><T41/><D42/><U107/><E107/><V12/><F12/><W57/><G5/><T113/><D113/><N who="2" m="43018" /><F111/><W109/><G109/><T118/><D118/><U76/><E76/><V56/><F24/><W16/><G1/><T100/><D100/><U124/><E27/><V59/><F83/><W21/><G78/><T28/><D95/><U39/><E124/><V122/><F122/><W65/><G73/><T80/><D80/><U45/><E39/><V15/><F15/><N who="3" m="9375" /><G128/><T10/><D10/><U19/><REACH who="1" step="1"/><E38/><REACH who="1" ten="282,212,191,305" step="2"/><V35/><F71/><W68/><G68/><T87/><D33/><U116/><E116/><V120/><F35/><W99/><G99/><T49/><D29/><U18/><E18/><V40/><F120/><W129/><G129/><T7/><D6/><U86/><E86/><V96/><F130/><W123/><G123/><T74/><D87/><U112/><E112/><V92/><F40/><RYUUKYOKU ba="0,1" sc="282,0,212,0,191,0,305,0" hai0="7,8,13,22,25,28,37,41,44,49,54,58,74" hai1="19,20,26,45,46,47,50,53,77,82,85,93,94" hai2="56,59,60,62,63,92,96,133,134,135" hai3="17,23,52,57,61,65,66,88,90,91" /><INIT seed="2,1,1,2,4,84" ten="282,212,191,305" oya="2" hai0="90,36,63,119,73,56,100,31,86,127,48,132,3" hai1="88,107,35,52,131,108,17,38,21,77,43,39,68" hai2="16,20,47,85,97,116,30,96,14,33,24,57,121" hai3="91,112,87,25,80,62,110,92,19,125,67,23,28"/><V13/><F121/><W65/><G110/><T76/><D3/><U51/><E35/><V22/><F116/><W99/><G125/><T44/><D36/><U49/><E107/><V42/><F57/><W114/><G62/><T61/><D119/><U135/><E77/><V66/><F66/><W0/><G0/><T74/><D127/><U59/><E68/><V10/><F85/><W50/><G50/><T98/><D132/><U122/><E131/><V9/><F33/><W6/><G6/><T55/><D76/><U26/><E108/><V113/><F113/><W2/><G2/><T124/><D124/><U34/><E34/><V15/><F15/><W109/><G109/><T64/><D31/><U70/><E70/><V123/><F123/><W118/><G118/><T5/><D5/><U78/><E78/><V37/><REACH who="2" step="1"/><F22/><REACH who="2" ten="282,212,181,305" step="2"/><W126/><G126/><T41/><D74/><U104/><E122/><V106/><F106/><W75/><G75/><T32/><D73/><U94/><E104/><V60/><F60/><W103/><G114/><T120/><D32/><U72/><E72/><V82/><F82/><W134/><G112/><T81/><D120/><U89/><E135/><V27/><F27/><W71/><G71/><T45/><D63/><U105/><E105/><V115/><F115/><W117/><G117/><T8/><D8/><U12/><E26/><V101/><F101/><W69/><G69/><T4/><D100/><U7/><E21/><V83/><F83/><W95/><G134/><T18/><D98/><U111/><E111/><V128/><F128/><W130/><G130/><RYUUKYOKU ba="1,2" sc="282,-10,212,-10,181,30,305,-10" hai2="9,10,13,14,16,20,24,30,37,42,47,96,97" /><INIT seed="2,2,2,1,4,92" ten="272,202,211,295" oya="2" hai0="103,12,104,86,8,99,65,70,79,119,89,4,17" hai1="62,63,98,37,77,106,113,132,27,109,60,88,81" hai2="128,108,105,75,107,30,49,114,72,100,61,10,16" hai3="47,29,21,71,42,135,54,51,39,46,78,96,97"/><V52/><F114/><W40/><G135/><T90/><D119/><U38/><E113/><V102/><F30/><W45/><G71/><T19/><D79/><U41/><E109/><V115/><F115/><W23/><G78/><T0/><D90/><U93/><E132/><V14/><F128/><W117/><G117/><T36/><D36/><U101/><E27/><V13/><F108/><W73/><G73/><T1/><D0/><U91/><E41/><V110/><F110/><W131/><G131/><T18/><D1/><U5/><E5/><V94/><F75/><W48/><G29/><T31/><D31/><U121/><E91/><V124/><F72/><W43/><G39/><T127/><D65/><U53/><E53/><V3/><F107/><W126/><G126/><T55/><D70/><U133/><E121/><V66/><F105/><W9/><G9/><T35/><D35/><U134/><E134/><V116/><F3/><W80/><G80/><T120/><D120/><U58/><E58/><N who="2" m="37175" /><F116/><W57/><REACH who="3" step="1"/><G48/><REACH who="3" ten="272,202,211,285" step="2"/><T85/><D127/><U84/><REACH who="1" step="1"/><E133/><REACH who="1" ten="272,192,211,285" step="2"/><V122/><F124/><W111/><G111/><T123/><D123/><U6/><E6/><N who="2" m="3287" /><F122/><W69/><G69/><T95/><REACH who="0" step="1"/><D55/><REACH who="0" ten="262,192,211,285" step="2"/><U15/><E15/><V7/><F7/><W68/><G68/><T24/><D24/><U67/><E67/><V129/><F129/><W74/><G74/><AGARI ba="2,5" hai="37,38,60,62,63,74,77,81,84,88,93,98,101,106" machi="74" ten="40,12000,2" yaku="1,1,24,2,52,1,54,1,53,1" doraHai="92" doraHaiUra="87" who="1" fromWho="3" sc="262,0,192,176,211,0,285,-126" /><INIT seed="3,0,0,2,3,129" ten="262,368,211,159" oya="3" hai0="77,116,92,33,132,59,63,21,44,100,79,48,91" hai1="64,25,2,99,88,8,93,66,0,117,30,51,126" hai2="125,11,3,75,81,13,42,35,106,101,94,86,58" hai3="72,133,122,90,85,61,32,103,56,4,9,110,22"/><W114/><G114/><T107/><D33/><U134/><E126/><V40/><F35/><W124/><G32/><T84/><D116/><U109/><E109/><V62/><F3/><W26/><G122/><T87/><D107/><U15/><E117/><V18/><F125/><W80/><G124/><T53/><D100/><U112/><E112/><V16/><F75/><W37/><G37/><T95/><D132/><U98/><E2/><V130/><F106/><W104/><G110/><T131/><D131/><U71/><E0/><V24/><F130/><W127/><G127/><T121/><D121/><U119/><E71/><V52/><F101/><W67/><G72/><T60/><D60/><U31/><E134/><V74/><F74/><W113/><G113/><T55/><REACH who="0" step="1"/><D21/><REACH who="0" ten="252,368,211,159" step="2"/><U47/><E119/><V43/><F94/><W73/><G133/><T69/><D69/><U45/><E93/><V65/><F24/><W1/><G73/><T12/><D12/><U49/><E25/><V28/><F28/><W82/><G104/><T111/><D111/><U96/><E31/><V54/><REACH who="2" step="1"/><F18/><REACH who="2" ten="252,368,201,159" step="2"/><W10/><G103/><T97/><D97/><U23/><E99/><V83/><F83/><W34/><G34/><T27/><D27/><U123/><E98/><V7/><F7/><W6/><G82/><T39/><D39/><U36/><E36/><V14/><F14/><N who="3" m="5415" /><G26/><T89/><AGARI ba="0,2" hai="44,48,53,55,59,63,77,79,84,87,89,91,92,95" machi="89" ten="30,7900,0" yaku="1,1,0,1,9,1,8,1,53,0" doraHai="129" doraHaiUra="29" who="0" fromWho="0" sc="252,99,368,-20,201,-20,159,-39" /><INIT seed="4,0,0,2,1,64" ten="351,348,181,120" oya="0" hai0="67,80,66,130,101,52,133,124,19,111,16,44,26" hai1="75,40,115,43,126,57,134,18,96,54,59,29,46" hai2="45,0,25,89,10,116,113,94,58,125,79,100,14" hai3="48,105,36,129,73,61,87,127,41,121,90,33,77"/><T5/><D124/><U98/><E75/><V74/><F0/><W112/><G61/><T114/><D133/><U35/><E35/><V31/><F116/><W28/><G28/><T53/><D5/><U88/><E29/><V62/><F125/><W9/><G9/><T104/><D114/><U49/><E126/><V7/><F74/><W122/><G48/><T91/><D104/><U82/><E134/><V123/><F79/><W97/><G41/><N who="1" m="15946" /><E18/><N who="0" m="6697" /><D130/><U42/><E115/><V6/><F45/><W38/><G38/><T76/><D111/><U21/><E21/><N who="2" m="15791" /><F123/><N who="3" m="47115" /><G36/><T60/><D101/><U30/><E30/><V23/><F100/><N who="3" m="62607" /><G33/><T92/><D26/><U34/><E34/><V55/><F113/><W109/><G127/><T12/><D12/><U93/><E42/><V85/><F6/><W106/><G112/><T39/><D39/><U119/><E119/><V107/><F107/><W110/><G106/><T20/><D20/><AGARI ba="0,0" hai="7,10,14,20,23,55,58,62,85,89,94" m="15791" machi="20" ten="30,1000,0" yaku="8,1" doraHai="64" who="2" fromWho="0" sc="351,-10,348,0,181,10,120,0" /><INIT seed="5,0,0,2,5,41" ten="341,348,191,120" oya="1" hai0="8,132,10,85,130,123,131,79,60,25,17,58,76" hai1="110,75,108,55,26,88,7,73,107,126,103,24,90" hai2="124,62,33,128,116,66,69,5,84,43,78,91,106" hai3="38,112,1,21,9,94,115,61,127,125,4,39,64"/><U20/><E7/><V52/><F116/><W19/><G94/><T121/><D85/><U3/><E3/><V59/><F33/><W6/><G64/><T77/><D25/><U57/><E126/><N who="3" m="48138" /><G61/><T129/><D17/><U113/><E113/><N who="3" m="43594" /><G39/><T18/><D18/><U35/><E103/><V96/><F128/><W89/><G89/><N who="1" m="34410" /><E107/><V87/><F124/><W120/><G38/><T105/><D105/><U81/><E81/><V104/><F43/><W133/><G6/><T53/><REACH who="0" step="1"/><D132/><REACH who="0" ten="331,348,191,120" step="2"/><U28/><E26/><V63/><F104/><W15/><G120/><AGARI ba="0,1" hai="8,10,53,58,60,76,77,79,120,121,123,129,130,131" machi="120" ten="50,8000,1" yaku="1,1,2,1,13,1,19,1,53,0" doraHai="41" doraHaiUra="99" who="0" fromWho="3" sc="331,90,348,0,191,0,120,-80" /><INIT seed="6,0,0,3,2,132" ten="421,348,191,40" oya="2" hai0="38,110,104,64,57,85,101,28,3,83,100,18,4" hai1="117,116,97,71,107,111,67,74,73,125,96,89,23" hai2="108,20,14,52,68,119,47,109,128,51,36,33,65" hai3="26,25,15,135,37,76,58,12,32,77,54,86,17"/><V22/><F119/><W118/><G118/><T45/><D110/><N who="2" m="42602" /><F33/><W88/><G37/><T5/><D28/><U102/><E111/><V7/><F36/><W19/><G135/><T122/><D3/><U42/><E42/><V13/><F128/><W31/><G25/><T2/><D2/><U127/><E23/><N who="2" m="8747" /><F7/><W79/><G15/><N who="2" m="5641" /><F65/><W50/><REACH who="3" step="1"/><G12/><REACH who="3" ten="421,348,191,30" step="2"/><T63/><D5/><U59/><E117/><V129/><F129/><W80/><AGARI ba="0,1" hai="17,19,26,31,32,50,54,58,76,77,79,80,86,88" machi="80" ten="30,7900,0" yaku="1,1,2,1,0,1,54,1,53,0" doraHai="132" doraHaiUra="41" who="3" fromWho="3" sc="421,-20,348,-20,191,-39,30,89" /><INIT seed="7,0,0,1,1,77" ten="401,328,152,119" oya="3" hai0="131,133,64,121,72,90,31,44,71,17,96,8,18" hai1="57,66,109,119,86,124,49,101,42,34,39,3,116" hai2="30,26,38,6,83,59,115,50,9,58,76,29,85" hai3="33,99,35,41,84,122,75,102,135,111,55,100,132"/><W130/><G122/><T32/><D121/><U82/><E34/><V123/><F38/><W51/><G75/><T5/><D72/><U127/><E3/><V54/><F115/><W107/><G41/><T78/><D78/><U23/><E23/><V108/><F108/><W128/><G102/><T40/><D133/><N who="3" m="51273" /><G111/><T91/><D131/><N who="3" m="50217" /><G84/><T74/><D74/><U43/><E101/><V11/><F123/><W89/><G89/><T62/><D96/><U16/><E109/><V134/><F134/><W25/><G25/><T68/><D91/><U104/><E43/><V52/><F26/><W88/><G88/><T80/><D90/><U28/><E42/><V98/><F98/><W112/><G112/><T79/><D79/><U65/><E86/><V129/><F129/><W67/><G67/><T53/><D80/><U21/><E66/><V12/><F11/><W14/><G14/><T95/><D8/><U10/><E10/><V73/><F73/><W20/><G20/><T15/><D15/><U70/><E21/><V106/><F106/><W126/><G126/><T117/><D95/><U113/><E104/><V2/><F2/><W48/><G48/><AGARI ba="0,0" hai="6,9,12,29,30,48,50,52,54,58,59,76,83,85" machi="48" ten="30,8000,1" yaku="7,1,9,1,8,1,52,1,54,1" doraHai="77" who="2" fromWho="3" sc="401,0,328,0,152,80,119,-80" owari="401,50.0,328,13.0,232,-17.0,39,-46.0" /></mjloggm>