<mjloggm ver="2.3"><GO type="41" lobby="0"/><UN n0="%E8%80%81%E8%99%8E%E4%B8%8D%E5%90%83%E4%BA%BA" n1="%E3%81%84%E3%81%8C%E3%81%95%E3%82%93" n2="%E9%98%BF%E9%83%A8%E6%98%8C%E6%95%8F" n3="%E2%93%9D%53%75%70%68%78" dan="13,14,15,19" rate="1944.13,1992.63,2043.98,2185.09" sx="M,M,M,M"/><TAIKYOKU oya="0"/><INIT seed="0,0,0,1,4,47" ten="250,250,250,250" oya="0" hai0="100,7,85,39,92,78,32,79,46,13,89,33,41" hai1="17,99,87,106,19,61,14,59,52,4,49,65,31" hai2="115,25,1,104,72,77,6,66,44,24,129,36,123" hai3="53,48,64,62,38,26,132,57,86,60,3,134,109"/><T63/><D100/><U76/><E31/><V93/><F104/><W37/><G3/><T5/><D5/><U81/><E106/><V74/><F6/><W55/><G86/><T67/><D7/><U82/><E99/><V11/><F11/><W8/><G26/><T84/><D13/><U58/><REACH who="1" step="1"/><E81/><REACH who="1" ten="250,240,250,250" step="2"/><V73/><F123/><W130/><G134/><T43/><D32/><U23/><E23/><V9/><F9/><AGARI ba="0,1" hai="4,9,14,17,19,49,52,58,59,61,65,76,82,87" machi="9" ten="40,8000,1" yaku="1,1,8,1,52,1,54,1,53,0" doraHai="47" doraHaiUra="128" who="1" fromWho="2" sc="250,0,240,90,250,-80,250,0" /><INIT seed="1,0,0,1,5,9" ten="250,330,170,250" oya="1" hai0="8,125,100,95,84,47,22,75,131,43,33,113,89" hai1="29,7,121,78,54,128,45,105,44,20,3,130,116" hai2="38,10,114,112,85,80,17,28,1,41,27,25,57" hai3="120,91,133,12,14,102,110,11,87,21,19,62,88"/><U83/><E116/><V86/><F41/><W93/><G110/><T92/><D33/><U0/><E121/><V52/><F38/><W50/><G133/><T15/><D113/><N who="2" m="43626" /><F1/><W40/><G120/><T111/><D111/><U81/><E105/><V67/><F67/><W69/><G69/><T42/><D131/><N who="1" m="50219" /><E7/><V13/><F28/><W129/><G62/><T64/><D64/><U6/><E6/><V99/><F99/><N who="3" m="59759" /><G87/><N who="2" m="33289" /><F80/><N who="1" m="30793" /><E78/><V122/><F122/><W117/><G117/><T65/><D65/><U24/><E54/><V49/><AGARI ba="0,0" hai="10,13,17,25,27,49,52,57" m="33289,43626" machi="49" ten="30,4000,0" yaku="11,1,52,1,54,1" doraHai="9" who="2" fromWho="2" sc="250,-10,330,-20,170,40,250,-10" /><INIT seed="2,0,0,2,2,26" ten="240,310,210,240" oya="2" hai0="38,101,29,11,127,78,86,93,13,125,57,74,47" hai1="40,128,44,42,133,3,68,115,132,32,23,0,56" hai2="111,90,77,80,112,6,64,97,19,124,37,33,10" hai3="1,92,67,8,16,52,118,76,107,100,54,106,28"/><V49/><F37/><W85/><G118/><T81/><D57/><U114/><E68/><V25/><F112/><W45/><G67/><T27/><D38/><U84/><E32/><V24/><F124/><W110/><G110/><T134/><D134/><N who="1" m="51819" /><E56/><V109/><F64/><W123/><G123/><T108/><D108/><N who="2" m="41546" /><F19/><W58/><G107/><T2/><D47/><U88/><E128/><V102/><F90/><W5/><G106/><T34/><D2/><N who="1" m="555" /><E23/><V130/><F130/><W82/><G45/><T66/><D66/><U120/><E120/><V36/><F36/><W18/><G54/><T94/><D74/><U117/><E117/><V75/><F49/><W21/><G21/><T98/><REACH who="0" step="1"/><D93/><REACH who="0" ten="230,310,210,240" step="2"/><U99/><E44/><V121/><F121/><W55/><G58/><T22/><D22/><U95/><E115/><V60/><F33/><W39/><G39/><T89/><D89/><N who="1" m="55791" /><E114/><V87/><F75/><W43/><G1/><T12/><D12/><U119/><E119/><V4/><F60/><W79/><G79/><T31/><D31/><U129/><E129/><V116/><F116/><W35/><G28/><T20/><D20/><U61/><E61/><V46/><F46/><W131/><G131/><T59/><D59/><U15/><E15/><V126/><F126/><W17/><G35/><T69/><D69/><U122/><E122/><V63/><F63/><W135/><G135/><T103/><D103/><U71/><E71/><V104/><F10/><W14/><G43/><T62/><D62/><U9/><E9/><V50/><F50/><W105/><G105/><T7/><AGARI ba="0,1" hai="7,11,13,27,29,34,78,81,86,94,98,101,125,127" machi="7" ten="30,8000,1" yaku="1,1,5,1,0,1,52,1,53,1" doraHai="26" doraHaiUra="91" who="0" fromWho="0" sc="230,90,310,-20,210,-40,240,-20" /><INIT seed="3,0,0,5,1,15" ten="320,290,170,220" oya="3" hai0="91,49,50,132,74,58,26,95,12,86,85,33,45" hai1="67,111,65,90,94,77,73,14,126,79,116,125,39" hai2="134,29,128,76,36,53,48,13,106,46,99,101,38" hai3="118,7,112,25,135,21,87,102,105,47,84,120,44"/><W41/><G112/><T6/><D74/><U124/><E39/><V16/><F128/><W119/><G120/><T20/><D33/><U129/><E111/><V60/><F134/><W19/><G135/><T108/><D108/><U54/><E54/><V122/><F122/><W71/><G71/><T4/><D132/><U51/><E51/><V80/><F29/><W127/><G127/><T123/><D12/><U98/><E129/><V83/><F60/><W24/><G7/><T42/><D123/><U110/><E110/><V100/><F101/><W130/><G130/><T31/><D86/><U88/><E90/><V56/><F46/><W62/><G62/><T70/><D70/><U52/><E52/><AGARI ba="0,0" hai="4,6,20,26,31,42,45,49,50,52,58,85,91,95" machi="52" ten="40,2600,0" yaku="8,1,54,1" doraHai="15" who="0" fromWho="1" sc="320,26,290,-26,170,0,220,0" /><INIT seed="4,0,0,1,0,122" ten="346,264,170,220" oya="0" hai0="87,7,119,2,102,91,24,132,93,38,125,23,65" hai1="70,8,25,111,78,60,101,6,105,96,13,100,12" hai2="127,90,95,9,1,73,116,72,19,44,112,53,16" hai3="114,30,81,14,117,97,75,88,48,64,92,43,80"/><T115/><D119/><U108/><E78/><V106/><F106/><W135/><G117/><T52/><D125/><U0/><E101/><V104/><F104/><W50/><G114/><T133/><D38/><U33/><E12/><V66/><F116/><W35/><G135/><N who="0" m="51787" /><D65/><N who="1" m="41255" /><E13/><V46/><F127/><W99/><G64/><T34/><D34/><U47/><E47/><V113/><F66/><W17/><G75/><T67/><D67/><U29/><AGARI ba="0,0" hai="0,6,8,25,29,33,96,100,105,108,111" m="41255" machi="29" ten="30,7900,0" yaku="25,1,23,1,52,2" doraHai="122" who="1" fromWho="1" sc="346,-39,264,79,170,-20,220,-20" /><INIT seed="5,0,0,5,1,65" ten="307,343,150,200" oya="1" hai0="87,69,88,29,54,5,75,1,118,114,94,79,121" hai1="84,57,61,6,36,13,22,124,43,31,133,23,41" hai2="42,3,32,129,44,27,92,28,51,46,126,127,39" hai3="134,35,19,12,113,132,125,11,71,4,48,30,0"/><U85/><E124/><N who="2" m="47659" /><F3/><W74/><G74/><T14/><D118/><U95/><E133/><N who="3" m="51306" /><G48/><T53/><D1/><U103/><E36/><V117/><F117/><W24/><G125/><T100/><D114/><U16/><E6/><V56/><F129/><W50/><G50/><T108/><D108/><U116/><E116/><V91/><F56/><W106/><G106/><T17/><D29/><U34/><E34/><V76/><F76/><W128/><G71/><T102/><D5/><U111/><E111/><V60/><F60/><W83/><G83/><T120/><D69/><U80/><E103/><V8/><F8/><N who="3" m="2055" /><G113/><T68/><D68/><U26/><E95/><V18/><F18/><W123/><G128/><T49/><D102/><U90/><REACH who="1" step="1"/><E85/><REACH who="1" ten="307,333,150,200" step="2"/><N who="2" m="52335" /><F39/><W96/><G96/><T131/><D131/><U97/><E97/><V99/><F99/><W15/><G123/><T110/><D100/><U7/><E7/><V59/><F32/><W101/><G101/><T33/><D33/><U64/><AGARI ba="0,1" hai="13,16,22,23,26,31,41,43,57,61,64,80,84,90" machi="64" ten="20,18000,2" yaku="1,1,0,1,7,1,8,1,54,1,53,1" doraHai="65" doraHaiUra="62" who="1" fromWho="1" sc="307,-60,333,190,150,-60,200,-60" /><INIT seed="5,1,0,0,4,52" ten="247,523,90,140" oya="1" hai0="40,113,4,44,97,65,23,62,33,109,29,94,125" hai1="89,134,112,104,3,47,105,127,79,76,81,16,30" hai2="103,66,11,75,92,84,32,111,28,123,58,36,118" hai3="67,90,34,82,45,20,88,132,129,5,106,57,53"/><U77/><E3/><V41/><F75/><W73/><G34/><T7/><D113/><U124/><E112/><V63/><F118/><W70/><G106/><T71/><D125/><N who="1" m="48203" /><E134/><V15/><F111/><W96/><G70/><T80/><D80/><U2/><E2/><V46/><F123/><W83/><G129/><T126/><D109/><U39/><E30/><V10/><F32/><W85/><G5/><T128/><D33/><U135/><E47/><V68/><F28/><W9/><G9/><T12/><D128/><U115/><E39/><V110/><F110/><W19/><G73/><T13/><D4/><U49/><E49/><V101/><F11/><W38/><G132/><T61/><D61/><U93/><E115/><V42/><F42/><W107/><G107/><N who="1" m="41034" /><E16/><V72/><F72/><W37/><G37/><T114/><D7/><U0/><E0/><V55/><F84/><N who="3" m="50199" /><G38/><T56/><D71/><U60/><E60/><V14/><F92/><N who="3" m="54351" /><G45/><T48/><D114/><U18/><E18/><V25/><F25/><N who="3" m="14495" /><G83/><T98/><D126/><U21/><E21/><V130/><F130/><W116/><G116/><T69/><D69/><U64/><E64/><V100/><REACH who="2" step="1"/><F10/><REACH who="2" ten="247,523,80,140" step="2"/><W6/><G6/><T27/><D94/><U95/><E135/><V43/><F43/><W22/><G22/><T120/><D120/><U24/><E76/><V74/><F74/><W87/><G87/><T31/><D29/><U26/><E77/><V91/><F91/><W78/><G78/><T102/><D102/><U131/><E131/><V54/><F54/><W133/><G133/><T119/><D119/><RYUUKYOKU ba="1,1" sc="247,15,523,-15,80,15,140,-15" hai0="12,13,23,27,31,40,44,48,56,62,65,97,98" hai2="14,15,36,41,46,55,58,63,66,68,100,101,103" /><INIT seed="6,2,1,5,2,10" ten="262,508,95,125" oya="2" hai0="130,18,17,102,119,101,75,26,52,87,70,74,58" hai1="48,23,24,22,79,103,100,12,28,21,60,37,112" hai2="93,7,99,40,108,31,110,51,81,57,2,5,120" hai3="113,122,82,11,69,80,62,83,66,133,16,84,67"/><V90/><F120/><W20/><G122/><T1/><D70/><U42/><E37/><V65/><F31/><W115/><G67/><T88/><D1/><U3/><E3/><V124/><F124/><W45/><G11/><T44/><D75/><U38/><E38/><V85/><F2/><W106/><G106/><T117/><D74/><U126/><E126/><V25/><F25/><W97/><G97/><T123/><D44/><U132/><E132/><V125/><F125/><W89/><G45/><T128/><D123/><U135/><E112/><N who="3" m="43082" /><G133/><T107/><D26/><AGARI ba="2,1" hai="16,20,26,62,66,69,80,82,83,84,89" m="43082" machi="26" ten="30,3900,0" yaku="15,1,11,1,54,1" doraHai="10" who="3" fromWho="0" sc="262,-45,508,0,95,0,125,55" /><INIT seed="7,0,0,5,2,99" ten="217,508,95,180" oya="3" hai0="49,27,127,36,7,45,96,70,51,55,76,33,132" hai1="87,97,118,80,40,93,101,17,31,44,23,114,39" hai2="100,6,120,29,58,102,116,68,94,122,12,86,124" hai3="131,46,20,66,81,21,104,117,35,65,2,89,14"/><W47/><G117/><T78/><D70/><U111/><E114/><V34/><F68/><W77/><G35/><T83/><D36/><U95/><E118/><V24/><F116/><W25/><G104/><T105/><D132/><U82/><E111/><V38/><F38/><W115/><G2/><T75/><D78/><U129/><E129/><V110/><F110/><W3/><G3/><T32/><D7/><U107/><E31/><V103/><F124/><W106/><G106/><T134/><D134/><U22/><E80/><V113/><F113/><W5/><G89/><T50/><D50/><U125/><E125/><V135/><F135/><W64/><G131/><T74/><D75/><U90/><E23/><V43/><F43/><W92/><G92/><T28/><D33/><U48/><E39/><V10/><F86/><W130/><G115/><T57/><D105/><U19/><E17/><V73/><F73/><W1/><G1/><T98/><D127/><U121/><E121/><N who="2" m="46699" /><F58/><W18/><G130/><T60/><D51/><U15/><AGARI ba="0,0" hai="15,19,22,40,44,48,82,87,90,93,95,97,101,107" machi="15" ten="20,2700,0" yaku="0,1,7,1,52,1" doraHai="99" who="1" fromWho="1" sc="217,-7,508,27,95,-7,180,-13" owari="210,1.0,535,63.0,88,-41.0,167,-23.0" /></mjloggm>