<mjloggm ver="2.3"><GO type="41" lobby="0"/><UN n0="%74%65%74%75%79%61%34%34" n1="%E2%93%9D%53%75%70%68%78" n2="%E9%BA%BB%E9%89%B1%E5%B0%86%E8%BB%8D" n3="%61%72%63%75%61%74%75%73" dan="13,19,15,14" rate="1829.75,2191.29,1982.91,1923.69" sx="M,M,M,M"/><TAIKYOKU oya="0"/><INIT seed="0,0,0,4,3,31" ten="250,250,250,250" oya="0" hai0="97,110,129,38,111,121,4,128,8,68,98,14,75" hai1="36,114,22,86,124,20,58,78,130,133,52,26,15" hai2="95,50,120,89,80,82,29,116,112,55,21,27,103" hai3="109,70,23,2,35,45,47,11,123,126,93,1,88"/><T17/><D38/><U74/><E74/><V16/><F120/><W24/><G123/><T132/><D75/><U99/><E130/><N who="0" m="50281" /><D68/><U7/><E133/><V104/><F112/><W40/><G70/><T117/><D121/><U90/><E124/><V96/><F116/><W12/><G126/><T5/><D117/><U62/><E36/><V42/><F42/><W57/><G57/><T91/><D132/><U0/><E0/><V41/><F41/><W94/><G93/><N who="0" m="56511" /><D98/><U32/><E114/><V77/><F77/><W25/><G47/><T107/><D107/><U69/><E78/><V30/><F104/><W108/><G25/><T61/><D61/><U134/><E99/><V56/><F82/><W131/><G131/><T51/><D51/><U100/><E69/><V44/><F56/><W3/><G45/><T79/><D79/><U60/><E60/><V49/><F50/><W18/><G40/><T101/><D101/><U53/><E100/><V54/><F55/><W6/><REACH who="3" step="1"/><G35/><REACH who="3" ten="250,250,250,240" step="2"/><T83/><D83/><U63/><E134/><V76/><REACH who="2" step="1"/><F103/><REACH who="2" ten="250,250,240,240" step="2"/><W106/><G106/><T71/><D71/><U118/><E118/><V43/><F43/><W39/><G39/><T102/><D102/><U119/><E119/><V48/><F48/><W65/><G65/><T92/><D92/><U73/><E58/><V33/><F33/><W13/><G13/><T81/><D81/><U66/><E66/><V67/><F67/><W46/><G46/><T87/><D87/><AGARI ba="0,2" hai="16,21,27,29,30,44,49,54,76,80,87,89,95,96" machi="87" ten="30,7700,0" yaku="1,1,7,1,8,1,54,1,53,0" doraHai="31" doraHaiUra="10" who="2" fromWho="0" sc="250,-77,250,0,240,97,240,0" /><AGARI ba="0,0" hai="1,2,3,6,11,12,18,23,24,87,88,94,108,109" machi="87" ten="40,5200,0" yaku="1,1,54,1,53,1" doraHai="31" doraHaiUra="10" who="3" fromWho="0" sc="173,-52,250,0,337,0,240,52" /><INIT seed="1,0,0,1,3,56" ten="121,250,337,292" oya="1" hai0="68,46,22,24,118,83,48,17,70,10,100,135,19" hai1="81,31,131,102,26,27,74,7,49,32,108,67,69" hai2="45,36,111,106,125,59,127,78,103,44,82,73,52" hai3="80,123,13,66,77,55,120,37,114,29,72,130,43"/><U112/><E112/><V128/><F111/><W133/><G114/><T25/><D118/><U5/><E131/><V60/><F128/><W57/><G130/><T85/><D135/><U86/><E74/><V84/><F106/><W90/><G133/><T113/><D100/><U104/><E27/><V62/><F103/><W30/><G66/><T65/><D113/><U51/><E51/><V34/><F34/><W98/><G13/><T97/><D97/><N who="1" m="61519" /><E49/><V107/><F107/><W50/><G120/><T14/><D25/><U132/><E132/><V39/><F39/><W117/><G117/><T94/><D94/><U15/><E15/><V88/><F60/><W4/><G4/><T20/><D20/><U6/><E108/><V126/><F36/><W87/><G123/><T134/><D65/><U38/><E38/><V23/><F23/><W99/><G29/><T129/><D129/><U64/><E64/><V61/><F62/><W54/><G30/><T122/><D122/><U53/><E53/><V12/><F12/><W79/><G55/><T119/><D119/><U42/><E42/><V58/><F58/><W95/><REACH who="3" step="1"/><G77/><REACH who="3" ten="121,250,337,282" step="2"/><T101/><D134/><U21/><E7/><V11/><REACH who="2" step="1"/><F11/><REACH who="2" ten="121,250,327,282" step="2"/><W33/><G33/><T92/><D101/><U28/><E32/><V1/><F1/><W9/><G9/><T8/><D8/><U41/><E21/><V18/><F18/><W71/><G71/><T40/><D70/><U0/><E6/><V121/><F121/><W105/><G105/><T2/><D68/><U124/><E5/><V63/><F63/><W110/><G110/><RYUUKYOKU ba="0,2" sc="121,-15,250,-15,327,15,282,15" hai2="44,45,52,59,61,73,78,82,84,88,125,126,127" hai3="37,43,50,54,57,72,79,80,87,90,95,98,99" /><INIT seed="2,1,2,0,1,20" ten="106,235,342,297" oya="2" hai0="51,83,11,112,68,18,22,54,25,109,64,57,44" hai1="37,41,15,80,52,89,28,92,128,98,82,114,8" hai2="135,132,9,65,119,30,60,75,17,101,27,106,111" hai3="76,48,103,100,67,7,53,66,104,26,12,131,110"/><V59/><F119/><W58/><G110/><T63/><D109/><U40/><E114/><V108/><F111/><W61/><G131/><T38/><D112/><U10/><E128/><V74/><F108/><W56/><G104/><T126/><D126/><U33/><E10/><V99/><F17/><W6/><G67/><T77/><D11/><U73/><E37/><V39/><F9/><N who="3" m="4151" /><G76/><T88/><D77/><U0/><E0/><V118/><F39/><W130/><G7/><T87/><REACH who="0" step="1"/><D38/><REACH who="0" ten="96,235,342,297" step="2"/><U84/><E8/><V36/><F118/><W107/><G130/><T47/><AGARI ba="1,3" hai="18,22,25,44,47,51,54,57,63,64,68,83,87,88" machi="47" ten="30,8000,1" yaku="1,1,2,1,0,1,52,1,54,1,53,0" doraHai="20" doraHaiUra="97" who="0" fromWho="0" sc="96,113,235,-21,342,-41,297,-21" /><INIT seed="3,0,0,3,5,112" ten="209,214,301,276" oya="3" hai0="62,93,68,79,92,60,19,110,127,56,61,1,11" hai1="131,102,103,9,98,23,91,80,58,86,52,57,41" hai2="84,128,133,8,44,122,27,63,69,85,54,132,106" hai3="21,125,109,34,7,114,16,46,116,66,40,77,130"/><W111/><G114/><T30/><D68/><U17/><E131/><V118/><F106/><W72/><G34/><T117/><D117/><U50/><E41/><V94/><F128/><W76/><G130/><T49/><D110/><N who="3" m="41993" /><G72/><T53/><D127/><U43/><E43/><V64/><F122/><W126/><G66/><T104/><D104/><U4/><E58/><V29/><F118/><W20/><G7/><T55/><D30/><U135/><E135/><N who="2" m="51787" /><F94/><W88/><G21/><T42/><D42/><U134/><E98/><V24/><F24/><N who="3" m="14343" /><G116/><T87/><D1/><U83/><E83/><V13/><F54/><W129/><G129/><T26/><D55/><U22/><E22/><N who="2" m="15607" /><F44/><W39/><G88/><T70/><D70/><U31/><E31/><V115/><F115/><W108/><N who="3" m="42001" /><W90/><DORA hai="124" /><G90/><T37/><D37/><U82/><E134/><V59/><F69/><W6/><G6/><AGARI ba="0,0" hai="6,8,13,59,63,64,84,85" m="15607,51787" machi="6" ten="30,1000,0" yaku="20,1" doraHai="112,124" who="2" fromWho="3" sc="209,0,214,0,301,10,276,-10" /><INIT seed="4,0,0,5,2,89" ten="209,214,311,266" oya="0" hai0="57,135,17,120,104,121,98,69,61,70,26,105,60" hai1="31,93,82,95,100,103,87,64,9,106,20,118,46" hai2="50,3,85,68,32,48,42,6,7,116,122,45,72" hai3="53,74,63,117,90,66,131,34,21,129,130,1,96"/><T29/><D135/><U24/><E118/><V107/><F72/><W43/><G117/><T36/><D36/><U0/><E106/><V128/><F107/><W2/><G34/><T47/><D47/><U25/><E64/><V92/><F122/><W97/><G74/><T112/><D17/><U124/><E124/><V38/><F32/><W35/><G35/><T79/><D79/><U27/><E0/><N who="3" m="106" /><G43/><T110/><D112/><U80/><E9/><V49/><F116/><W37/><G37/><T77/><D77/><N who="1" m="46479" /><E82/><V39/><F128/><W111/><G53/><T41/><D41/><U33/><E33/><V52/><F38/><W28/><G111/><T114/><D114/><U12/><E46/><V76/><F68/><N who="3" m="42079" /><G90/><T13/><D13/><U102/><E12/><V58/><F76/><W8/><G8/><T14/><D14/><U65/><E65/><V56/><F3/><W44/><G44/><T11/><D11/><U101/><E101/><V71/><F71/><W4/><G4/><N who="2" m="1577" /><F39/><W84/><G84/><T18/><D18/><U132/><E132/><V123/><F123/><W30/><G21/><T88/><D110/><U83/><E83/><V75/><F75/><W108/><G108/><T62/><D121/><U15/><E31/><AGARI ba="0,0" hai="28,30,31,96,97,129,130,131" m="42079,106" machi="31" ten="40,1300,0" yaku="19,1" doraHai="89" who="3" fromWho="1" sc="209,0,214,-13,311,0,266,13" /><INIT seed="5,0,0,1,3,24" ten="209,201,311,279" oya="1" hai0="92,103,75,45,51,23,20,9,130,34,5,111,63" hai1="72,126,19,71,131,78,74,135,43,89,80,30,102" hai2="3,93,8,106,122,105,77,134,132,67,7,86,4" hai3="61,62,133,27,54,115,118,11,97,124,73,112,113"/><U12/><E71/><V100/><F122/><W22/><G73/><T14/><D34/><U87/><E131/><V66/><F4/><W29/><G124/><T17/><D75/><U120/><E120/><V83/><F106/><W79/><G133/><N who="2" m="51305" /><F105/><W127/><G127/><T90/><D130/><U36/><E126/><V91/><F100/><W109/><G109/><T98/><D111/><U59/><E102/><V56/><F56/><W58/><G118/><T129/><D129/><U25/><E135/><V95/><F95/><W104/><G79/><T31/><D63/><U35/><E59/><V32/><F32/><W85/><G85/><AGARI ba="0,0" hai="3,7,8,66,67,77,83,85,86,91,93" m="51305" machi="85" ten="30,1000,0" yaku="20,1" doraHai="24" who="2" fromWho="3" sc="209,0,201,0,311,10,279,-10" /><INIT seed="6,0,0,2,1,114" ten="209,201,321,269" oya="2" hai0="15,104,70,52,66,62,76,44,31,119,100,134,72" hai1="125,101,0,130,123,21,26,67,5,85,111,135,122" hai2="115,48,27,103,47,118,121,38,75,74,39,90,32" hai3="36,20,22,10,12,43,117,54,1,86,17,83,132"/><V124/><F118/><W110/><G110/><T92/><D134/><U80/><E111/><V102/><F121/><N who="1" m="46089" /><E101/><V63/><F115/><W24/><G132/><T51/><D104/><U128/><E67/><V97/><F124/><W28/><G117/><T13/><D31/><N who="1" m="17871" /><E135/><V88/><F102/><W116/><G116/><T42/><D119/><U81/><E125/><V64/><F74/><W59/><G1/><T45/><D76/><N who="1" m="46215" /><E81/><V113/><F113/><W16/><G36/><T87/><D72/><U112/><E112/><V84/><F75/><W69/><G69/><T3/><D3/><U89/><E89/><V11/><F11/><AGARI ba="0,0" hai="0,5,11,128,130" m="46215,17871,46089" machi="11" ten="30,1000,0" yaku="13,1" doraHai="114" who="1" fromWho="2" sc="209,0,201,10,321,-10,269,0" /><INIT seed="7,0,0,2,1,24" ten="209,211,311,269" oya="3" hai0="63,89,83,25,37,17,39,99,131,62,75,46,134" hai1="108,59,97,68,8,73,71,96,5,82,72,36,117" hai2="120,60,92,105,32,58,119,130,56,78,23,124,51" hai3="116,95,29,55,98,1,128,77,90,79,7,54,132"/><W103/><G116/><T35/><D134/><U44/><E59/><V53/><F32/><W69/><G69/><T48/><D131/><U6/><E82/><V67/><F105/><W11/><G132/><T3/><D3/><U61/><E44/><V9/><F130/><W49/><G128/><T42/><D39/><U81/><E81/><V114/><F124/><W26/><G103/><T22/><D35/><U107/><E61/><V115/><F120/><W76/><REACH who="3" step="1"/><G49/><REACH who="3" ten="209,211,311,259" step="2"/><T34/><D37/><U19/><E36/><V4/><F119/><W93/><G93/><T64/><D64/><U118/><E107/><V135/><F92/><W80/><G80/><T123/><D123/><U133/><E133/><V21/><F135/><W86/><G86/><T110/><D75/><U28/><E73/><V52/><F67/><W100/><G100/><T66/><D66/><U87/><E87/><V88/><F78/><W41/><G41/><T16/><D110/><U70/><E72/><V126/><F126/><W57/><G57/><T65/><D65/><U14/><E108/><V129/><F129/><W30/><G30/><N who="0" m="17719" /><D34/><AGARI ba="0,1" hai="1,7,11,26,29,34,54,55,76,77,79,90,95,98" machi="34" ten="40,7700,0" yaku="1,1,52,1,53,1" doraHai="24" doraHaiUra="33" who="3" fromWho="0" sc="209,-77,211,0,311,0,259,87" owari="132,-37.0,211,-19.0,311,11.0,346,45.0" /></mjloggm>