<mjloggm ver="2.3"><GO type="41" lobby="0"/><UN n0="%E2%93%9D%53%75%70%68%78" n1="%E6%96%AD%E5%B4%96" n2="%E3%83%8B%E3%82%BB%E6%98%8E" n3="%73%68%69%6B%69%78" dan="19,14,15,13" rate="2191.84,2007.79,1990.62,1944.73" sx="M,M,M,M"/><TAIKYOKU oya="0"/><INIT seed="0,0,0,1,4,65" ten="250,250,250,250" oya="0" hai0="0,70,104,76,21,43,10,35,50,55,117,47,46" hai1="114,88,108,53,126,131,90,134,85,121,110,19,71" hai2="96,116,115,45,18,100,83,58,13,12,103,4,31" hai3="49,105,75,92,93,77,68,94,124,112,111,9,87"/><T1/><D117/><U63/><E121/><V5/><F115/><W89/><G112/><T62/><D35/><U24/><E114/><V72/><F116/><W67/><G111/><N who="1" m="42538" /><E131/><V113/><F113/><W44/><G124/><T99/><D76/><U64/><E126/><V28/><F72/><W14/><G105/><T20/><D10/><U48/><E134/><V22/><F83/><W40/><G77/><T57/><D47/><N who="1" m="27807" /><E85/><V25/><F45/><W97/><G75/><T3/><REACH who="0" step="1"/><D70/><REACH who="0" ten="240,250,250,250" step="2"/><U79/><E79/><V130/><F130/><W95/><G68/><T51/><D51/><U17/><E19/><V73/><F18/><W106/><G49/><T36/><D36/><U119/><E119/><V123/><F123/><W84/><G44/><T61/><D61/><U125/><E125/><V69/><F69/><W7/><G9/><T133/><D133/><U6/><E6/><V15/><F4/><W66/><G7/><T127/><D127/><U122/><E122/><V38/><F5/><W56/><G97/><T60/><D60/><U34/><E34/><V74/><F38/><W39/><G39/><T91/><D91/><U78/><E78/><V132/><F132/><W11/><G89/><T86/><D86/><U120/><E120/><V59/><F96/><W32/><G87/><T118/><D118/><U37/><E37/><V52/><F73/><W2/><G84/><T27/><D27/><U107/><E17/><N who="2" m="12495" /><F74/><W30/><G32/><T101/><AGARI ba="0,1" hai="0,1,3,20,21,43,46,50,55,57,62,99,101,104" machi="101" ten="40,3900,0" yaku="1,1,0,1,53,0" doraHai="65" doraHaiUra="128" who="0" fromWho="0" sc="240,49,250,-13,250,-13,250,-13" /><INIT seed="0,1,0,5,3,91" ten="289,237,237,237" oya="0" hai0="20,109,84,72,42,57,26,58,51,30,120,92,34" hai1="86,53,56,9,50,122,1,87,107,103,119,47,94" hai2="135,46,15,131,63,126,115,83,104,74,39,69,37" hai3="7,38,18,52,33,25,97,100,116,65,70,108,5"/><T48/><D72/><U130/><E119/><V19/><F115/><W24/><G108/><T82/><D120/><U36/><E122/><V16/><F104/><W64/><G116/><T17/><D109/><U128/><E107/><V59/><F69/><W133/><G133/><T125/><D125/><U35/><E35/><V11/><F135/><W73/><G73/><T28/><D34/><U111/><E111/><V90/><F126/><W45/><G33/><T21/><D42/><N who="1" m="22983" /><E9/><V0/><F131/><N who="1" m="50217" /><E1/><V79/><F0/><W76/><G7/><T10/><D10/><U89/><E103/><V71/><F71/><W66/><G5/><T32/><D32/><U99/><AGARI ba="1,0" hai="50,53,56,86,87,89,94,99" m="50217,22983" machi="99" ten="30,2000,0" yaku="19,1,52,1" doraHai="91" who="1" fromWho="1" sc="289,-11,237,23,237,-6,237,-6" /><INIT seed="1,0,0,5,0,120" ten="278,260,231,231" oya="1" hai0="54,53,34,38,5,24,19,66,132,127,108,95,48" hai1="44,94,47,69,12,114,1,83,103,126,75,97,11" hai2="118,112,56,105,115,6,61,96,107,77,0,82,10" hai3="51,121,74,125,21,40,67,90,71,15,17,79,7"/><U91/><E1/><V73/><F118/><W55/><G121/><T81/><D38/><U113/><E69/><V64/><REACH who="2" step="1"/><F96/><REACH who="2" ten="278,260,221,231" step="2"/><W78/><G125/><T117/><D117/><U89/><E113/><AGARI ba="0,1" hai="0,6,10,56,61,64,73,77,82,105,107,112,113,115" machi="113" ten="40,8000,1" yaku="1,1,2,1,11,1,53,1" doraHai="120" doraHaiUra="76" who="2" fromWho="1" sc="278,0,260,-80,221,90,231,0" /><INIT seed="2,0,0,3,4,122" ten="278,180,311,231" oya="2" hai0="125,38,109,57,1,93,96,54,75,17,86,37,9" hai1="2,92,106,49,89,94,50,4,73,24,25,60,61" hai2="101,128,30,100,77,85,0,110,118,112,108,5,16" hai3="80,62,120,36,47,95,33,53,98,29,114,21,97"/><V34/><F112/><W127/><G120/><T42/><D75/><U46/><E106/><V76/><F118/><W55/><G127/><T82/><D42/><U41/><E73/><V104/><F128/><W28/><G33/><T70/><D70/><U12/><E2/><V99/><F99/><W111/><G114/><T131/><D125/><U39/><E39/><V90/><F76/><W102/><G80/><T74/><D74/><U40/><E12/><V10/><F77/><W113/><G113/><T63/><D131/><U116/><E116/><V83/><F16/><W35/><G35/><T84/><D84/><U59/><E4/><V52/><F52/><W32/><G32/><T3/><D38/><U105/><E105/><V135/><F135/><W7/><G53/><T26/><D37/><U134/><E134/><V67/><F67/><W79/><G55/><T31/><D31/><U130/><E130/><V45/><F45/><W15/><G28/><T103/><D3/><U19/><E19/><V43/><F43/><W48/><G29/><T68/><D1/><U8/><E46/><V72/><F72/><W27/><G47/><T132/><D132/><U123/><E123/><V115/><F115/><W107/><G36/><T119/><D119/><U91/><REACH who="1" step="1"/><E59/><REACH who="1" ten="278,170,311,231" step="2"/><V69/><F69/><W56/><G56/><T81/><D68/><U66/><E66/><V23/><F34/><W6/><G7/><T51/><D57/><U78/><E78/><V71/><F71/><W20/><G79/><T58/><D58/><U18/><E18/><V65/><F104/><W129/><G107/><RYUUKYOKU ba="0,1" sc="278,-10,170,30,311,-10,231,-10" hai1="8,24,25,40,41,49,50,60,61,89,91,92,94" /><INIT seed="3,1,1,4,4,131" ten="268,200,301,221" oya="3" hai0="36,86,89,124,66,6,45,62,100,85,34,22,102" hai1="134,107,39,99,26,80,7,27,91,15,96,68,56" hai2="111,115,132,47,71,108,70,20,1,79,35,81,43" hai3="95,32,75,133,60,84,94,98,30,54,0,125,4"/><W128/><G75/><T29/><D34/><U101/><E68/><V48/><F35/><W59/><G128/><T65/><D124/><U73/><E39/><V123/><F115/><W2/><G125/><T42/><D86/><U83/><E56/><V57/><F1/><W114/><G114/><T116/><D6/><U77/><E15/><V33/><F33/><W120/><G120/><T106/><D116/><U18/><E7/><V118/><F118/><W67/><G4/><T17/><D29/><U121/><E18/><V63/><F20/><W14/><G14/><T64/><D106/><U38/><E38/><V105/><F105/><W10/><G10/><T127/><D62/><U51/><E51/><V46/><F46/><W110/><G110/><N who="2" m="42025" /><F132/><W40/><G40/><T11/><D11/><U97/><E121/><V16/><F16/><W61/><G84/><T93/><REACH who="0" step="1"/><D127/><REACH who="0" ten="258,200,301,221" step="2"/><U117/><E117/><V3/><F123/><W129/><G129/><T5/><D5/><U76/><E107/><V122/><F122/><W103/><G30/><T113/><D113/><U82/><E73/><N who="2" m="43247" /><F3/><W25/><G32/><T72/><D72/><U135/><E101/><V130/><F130/><W8/><G103/><T55/><D55/><AGARI ba="1,2" hai="43,47,48,55,57,63,70,71" m="43247,42025" machi="55" ten="30,1000,0" yaku="14,1" doraHai="131" who="2" fromWho="0" sc="258,-13,200,0,301,33,221,0" /><INIT seed="4,0,0,5,5,90" ten="245,200,334,221" oya="0" hai0="76,114,62,37,95,77,38,41,7,14,119,70,36" hai1="40,71,33,113,78,112,129,131,127,117,121,64,51" hai2="94,97,135,79,132,101,128,80,58,25,29,67,98" hai3="54,115,34,0,39,2,63,102,106,134,103,61,13"/><T24/><D119/><U125/><E33/><V100/><F67/><W19/><G34/><T122/><D122/><U93/><E93/><N who="2" m="58415" /><F58/><W116/><G39/><T32/><D114/><N who="1" m="44139" /><E78/><V91/><F25/><W10/><G116/><T47/><D77/><U12/><E12/><V130/><F29/><W9/><G134/><N who="2" m="51241" /><F101/><W89/><G0/><T43/><D24/><U109/><E117/><V56/><F56/><W86/><G2/><T85/><D70/><U110/><E121/><V83/><F83/><W126/><G103/><T48/><D32/><U35/><E35/><V44/><F44/><W65/><G115/><T82/><D62/><N who="1" m="40343" /><E51/><V1/><F1/><W74/><G63/><T53/><D38/><U6/><E40/><V22/><F22/><W88/><G61/><T73/><D37/><U16/><E16/><V108/><F108/><N who="1" m="41577" /><E6/><V46/><F46/><W3/><G19/><T52/><D43/><U57/><E57/><V49/><F49/><W26/><G3/><T20/><D36/><U55/><E55/><V123/><F123/><W104/><G54/><T28/><D53/><U23/><E23/><V45/><F45/><W105/><G13/><T27/><D41/><U75/><E75/><AGARI ba="0,0" hai="75,79,80,91,94,98,128,130" m="51241,58415" machi="75" ten="30,8000,1" yaku="20,1,34,2,52,2" doraHai="90" who="2" fromWho="1" sc="245,0,200,-80,334,80,221,0" /><INIT seed="5,0,0,4,1,57" ten="245,120,414,221" oya="1" hai0="15,117,4,114,132,0,123,115,3,59,106,89,99" hai1="91,135,56,124,19,21,17,127,70,122,55,10,83" hai2="92,111,112,66,41,96,67,73,18,20,42,88,46" hai3="113,24,82,32,1,79,5,129,68,107,2,78,34"/><U104/><E104/><V125/><F111/><W77/><G113/><N who="0" m="43019" /><D117/><U81/><E70/><V71/><F73/><W84/><G129/><T47/><D132/><U134/><E122/><V48/><F125/><N who="1" m="48201" /><E91/><V105/><F112/><W31/><G107/><T130/><D47/><U45/><E45/><V93/><F105/><W37/><G37/><T63/><D130/><U9/><E81/><V86/><F42/><W116/><G116/><T51/><D51/><U131/><E83/><V80/><F71/><W100/><G100/><N who="0" m="62751" /><D89/><U69/><E69/><V133/><F133/><N who="1" m="50697" /><E131/><V74/><F74/><W8/><G68/><T43/><D43/><U126/><N who="1" m="48209" /><U97/><DORA hai="102" /><E97/><V27/><F92/><W87/><G87/><T12/><D123/><U7/><E21/><V29/><F80/><W103/><G103/><T119/><D119/><U28/><E28/><V76/><F29/><W85/><G85/><T128/><D128/><U64/><E64/><N who="2" m="24619" /><F76/><W33/><G77/><T50/><D50/><N who="1" m="30839" /><E10/><V118/><F118/><W90/><G78/><T52/><D59/><U62/><E62/><V30/><F30/><W38/><G79/><T58/><D58/><U95/><E95/><V25/><F96/><W36/><G38/><T61/><D61/><U98/><E98/><V22/><F22/><N who="3" m="15767" /><G36/><T53/><D63/><U120/><E120/><V121/><F121/><W49/><G49/><T108/><D53/><U13/><AGARI ba="0,0" hai="7,9,13,17,19" m="30839,50697,48209" machi="13" ten="50,4800,0" yaku="18,1,20,1" doraHai="57,102" who="1" fromWho="1" sc="245,-16,120,48,414,-16,221,-16" /><INIT seed="5,1,0,2,1,82" ten="229,168,398,205" oya="1" hai0="76,21,55,4,96,46,27,11,22,14,94,44,13" hai1="117,80,0,103,134,9,98,2,99,106,52,113,124" hai2="17,60,131,8,93,23,59,45,19,1,68,29,91" hai3="3,28,128,102,85,115,132,58,122,32,86,89,35"/><U31/><E117/><V109/><F109/><W34/><G122/><T12/><D76/><U83/><E134/><V40/><F68/><W72/><G72/><T65/><D65/><U74/><E113/><V42/><F131/><W53/><G115/><T129/><D129/><U41/><E124/><V70/><F70/><W90/><G128/><T130/><D22/><U16/><E31/><V26/><F1/><W88/><G3/><T112/><D112/><U81/><E74/><V126/><F126/><W37/><G37/><T127/><D127/><U48/><E41/><N who="2" m="15979" /><F45/><N who="0" m="17514" /><D55/><U116/><E98/><N who="2" m="57663" /><F8/><W95/><G132/><T30/><D130/><U125/><E125/><V101/><F101/><AGARI ba="1,0" hai="4,11,12,13,14,21,27,30,94,96,101" m="17514" machi="101" ten="30,1000,0" yaku="8,1" doraHai="82" who="0" fromWho="2" sc="229,13,168,0,398,-13,205,0" /><INIT seed="6,0,0,3,0,19" ten="242,168,385,205" oya="2" hai0="45,83,1,7,28,6,91,23,110,37,130,73,116" hai1="82,107,57,33,31,128,53,121,58,81,129,106,119" hai2="89,59,24,36,40,64,127,44,111,5,25,70,86" hai3="22,80,87,115,41,2,63,124,35,134,60,109,46"/><V50/><F127/><W78/><G35/><T52/><D110/><U43/><E43/><V47/><F111/><W123/><G109/><T12/><D1/><U54/><E31/><V112/><F112/><W69/><G123/><T18/><D130/><U48/><E33/><V132/><F132/><W113/><G124/><T49/><D116/><U15/><E119/><V14/><F5/><W67/><G134/><T93/><D37/><U122/><E15/><V65/><F14/><W32/><G32/><T98/><REACH who="0" step="1"/><D28/><REACH who="0" ten="232,168,385,205" step="2"/><U131/><E128/><V56/><F36/><W10/><G113/><T39/><D39/><U27/><E48/><V16/><F50/><W103/><G115/><T133/><D133/><U3/><REACH who="1" step="1"/><E27/><REACH who="1" ten="232,158,385,205" step="2"/><V0/><F25/><W21/><G2/><AGARI ba="0,2" hai="2,3,53,54,57,58,81,82,106,107,121,122,129,131" machi="2" ten="25,6400,0" yaku="1,1,2,1,22,2,53,0" doraHai="19" doraHaiUra="61" who="1" fromWho="3" sc="232,0,158,84,385,0,205,-64" /><INIT seed="7,0,0,3,3,8" ten="232,242,385,141" oya="3" hai0="20,105,40,69,78,16,33,17,15,13,21,47,55" hai1="68,36,18,99,67,135,52,83,98,42,96,111,110" hai2="119,61,54,43,37,79,72,88,92,101,134,63,80" hai3="9,133,53,2,91,121,120,123,22,11,44,41,66"/><W93/><G66/><T95/><D105/><U122/><E122/><V128/><F119/><W73/><G133/><T60/><D33/><U34/><E34/><V89/><F134/><W94/><G73/><T129/><D129/><U116/><E135/><V113/><F128/><W127/><G127/><T6/><D6/><U56/><E116/><V125/><F125/><W102/><G53/><T14/><D78/><U29/><E29/><V117/><F117/><W48/><G22/><T74/><D74/><U103/><E103/><V46/><F113/><W7/><G11/><T131/><D131/><U5/><E5/><V84/><F101/><W59/><G59/><N who="0" m="34943" /><D69/><U86/><E67/><V75/><F75/><W24/><G24/><N who="0" m="14343" /><D95/><U82/><E68/><V109/><F109/><W3/><G94/><T0/><D0/><U45/><E18/><V76/><F76/><W107/><G107/><T57/><D57/><U12/><E12/><N who="0" m="4681" /><D47/><U97/><E97/><V87/><F79/><W100/><REACH who="3" step="1"/><G2/><REACH who="3" ten="232,242,385,131" step="2"/><T26/><D26/><U108/><E110/><V112/><F72/><W115/><G115/><T70/><D70/><U64/><E108/><V65/><F112/><W35/><G35/><T23/><D23/><U25/><E111/><V50/><F65/><W19/><G19/><T126/><D126/><U30/><E64/><V39/><F92/><W27/><G27/><T118/><D118/><U132/><E132/><V51/><F80/><W49/><G49/><T90/><D40/><U106/><E42/><V114/><F114/><W85/><AGARI ba="0,1" hai="3,7,9,41,44,48,85,91,93,100,102,120,121,123" machi="85" ten="30,3000,0" yaku="1,1,0,1,53,0" doraHai="8" doraHaiUra="31" who="3" fromWho="3" sc="232,-10,242,-10,385,-10,131,40" /><INIT seed="7,1,0,1,4,39" ten="222,232,375,171" oya="3" hai0="45,3,88,64,11,93,96,22,35,104,29,42,10" hai1="2,17,62,67,124,13,127,60,66,70,91,111,76" hai2="106,83,116,41,38,37,1,44,43,56,87,47,81" hai3="28,52,122,24,85,113,63,48,133,97,129,101,6"/><W102/><G122/><T78/><D35/><U40/><E40/><V95/><F116/><W103/><G113/><T32/><D32/><U75/><E2/><V79/><F106/><W90/><G129/><T84/><D64/><U130/><E111/><V23/><F1/><W21/><G63/><T125/><D125/><N who="1" m="48203" /><E130/><V112/><F112/><W98/><G6/><T135/><D135/><U68/><E91/><V69/><F69/><W33/><G33/><T86/><D104/><U73/><E76/><V8/><F8/><AGARI ba="1,0" hai="8,13,17,60,62,66,67,68,70,73,75" m="48203" machi="8" ten="30,1000,0" yaku="18,1" doraHai="39" who="1" fromWho="2" sc="222,0,232,13,375,-13,171,0" owari="222,-18.0,245,5.0,362,46.0,171,-33.0" /></mjloggm>