<mjloggm ver="2.3"><GO type="41" lobby="0"/><UN n0="%E5%8A%A9%E3%81%95%E3%82%93" n1="%62%6D%30%31" n2="%E2%93%9D%53%75%70%68%78" n3="%E3%81%8F%E3%82%93%E3%81%BE%E3%81%8F%E3%82%93" dan="14,14,19,13" rate="1944.50,1972.24,2221.26,1849.83" sx="M,M,M,M"/><TAIKYOKU oya="0"/><INIT seed="0,0,0,0,1,54" ten="250,250,250,250" oya="0" hai0="37,57,121,30,122,120,129,36,16,130,3,5,67" hai1="33,94,107,110,9,40,41,72,131,85,53,65,42" hai2="20,35,39,21,126,1,86,32,43,61,106,71,89" hai3="55,24,49,83,17,34,50,10,48,58,104,69,92"/><T99/><D30/><U119/><E72/><V80/><F1/><W81/><G104/><T74/><D74/><U46/><E119/><V118/><F106/><W96/><G69/><T78/><D78/><U64/><E107/><V73/><F126/><W56/><G34/><T111/><D5/><U7/><E33/><V28/><F43/><W18/><G18/><T60/><D3/><U14/><E110/><V66/><F39/><W98/><G98/><T103/><D111/><U47/><E131/><N who="0" m="50185" /><D16/><U125/><E125/><V23/><F118/><W27/><G27/><T44/><D44/><N who="1" m="16939" /><E53/><V87/><F73/><W127/><G127/><T84/><D84/><U59/><E59/><N who="3" m="22570" /><G55/><T70/><D70/><U115/><E115/><V100/><F28/><W132/><G132/><T63/><D63/><U4/><E4/><V12/><F61/><W38/><G38/><T11/><D11/><U25/><E25/><V108/><F71/><W135/><G135/><T76/><D76/><U117/><E117/><V114/><F108/><W97/><G97/><T22/><D22/><U101/><E101/><V6/><F23/><N who="3" m="13423" /><G10/><T15/><D15/><U26/><E26/><V75/><F35/><W2/><G2/><T8/><D8/><U62/><E62/><V68/><F32/><W13/><G13/><T93/><AGARI ba="0,0" hai="36,37,57,60,67,93,99,103,120,121,122" m="50185" machi="93" ten="40,3900,0" yaku="19,1,52,1" doraHai="54" who="0" fromWho="0" sc="250,39,250,-13,250,-13,250,-13" /><INIT seed="0,1,0,3,5,80" ten="289,237,237,237" oya="0" hai0="16,47,116,113,76,70,94,99,40,17,49,121,12" hai1="85,5,43,30,1,24,131,44,31,9,81,42,102" hai2="11,126,98,32,60,14,21,105,90,75,77,28,15" hai3="96,38,46,34,10,37,58,88,45,134,55,73,87"/><T3/><D121/><U78/><E131/><V117/><F32/><W130/><G73/><T107/><D116/><U83/><E102/><V35/><F35/><W72/><G72/><T63/><D113/><U53/><E53/><V8/><F126/><W56/><G34/><T7/><D3/><U89/><E24/><V66/><F77/><W51/><G130/><T104/><D7/><U101/><E101/><V119/><F75/><W103/><G134/><T110/><D17/><U23/><E23/><V74/><F74/><W92/><G10/><T84/><D110/><U18/><E18/><V71/><F28/><W123/><G123/><T25/><D25/><U39/><E43/><V91/><F21/><W13/><G13/><T61/><D107/><U62/><E62/><V112/><F112/><W127/><G127/><T114/><D104/><U128/><E128/><V65/><F105/><W97/><G97/><T93/><D70/><U20/><E20/><V135/><F98/><W64/><G38/><T133/><D133/><U129/><E129/><V79/><F79/><W82/><G37/><T36/><D36/><U132/><E132/><V26/><F26/><W67/><G58/><T19/><D114/><U22/><E22/><V68/><F135/><W33/><G33/><T0/><D0/><U57/><E57/><V69/><F69/><W95/><G95/><N who="0" m="36363" /><D99/><U125/><E125/><V124/><F124/><W59/><G59/><T108/><D108/><U115/><E115/><V41/><F60/><N who="0" m="23114" /><D12/><U111/><E111/><V109/><F109/><W54/><G45/><T4/><D4/><RYUUKYOKU ba="1,0" sc="289,0,237,0,237,0,237,0" hai0="16,19,40,47,49,76,84" hai1="1,5,9,30,31,39,42,44,78,81,83,85,89" hai2="8,11,14,15,41,65,66,68,71,90,91,117,119" hai3="46,51,54,55,56,64,67,82,87,88,92,96,103" /><INIT seed="0,2,0,1,0,134" ten="289,237,237,237" oya="0" hai0="16,5,46,115,27,23,135,50,131,128,90,100,6" hai1="86,109,55,31,0,74,15,93,38,28,97,126,44" hai2="32,33,48,2,37,77,96,18,60,129,91,116,113" hai3="133,25,76,120,79,62,47,20,36,52,4,30,11"/><T22/><D115/><U121/><E121/><V39/><F113/><W51/><G120/><T106/><D135/><U122/><E122/><V9/><F77/><W73/><G133/><T63/><D23/><U125/><E0/><V3/><F60/><W41/><G62/><T92/><D100/><U68/><E68/><V71/><F48/><W101/><G101/><T61/><D106/><U123/><E123/><V72/><F91/><W54/><G54/><T87/><D61/><U13/><E74/><V88/><F18/><W12/><REACH who="3" step="1"/><G73/><REACH who="3" ten="289,237,237,227" step="2"/><T89/><D63/><U117/><E117/><V114/><F72/><W10/><G10/><T65/><D65/><U40/><E55/><V132/><F9/><W94/><G94/><T35/><D35/><U58/><E109/><V104/><F33/><W107/><G107/><T57/><D57/><AGARI ba="2,1" hai="4,11,12,20,25,30,36,41,47,51,52,57,76,79" machi="57" ten="30,3900,0" yaku="1,1,7,1,54,1,53,0" doraHai="134" doraHaiUra="110" who="3" fromWho="0" sc="289,-45,237,0,237,0,227,55" /><INIT seed="1,0,0,2,4,82" ten="244,237,237,282" oya="1" hai0="114,12,54,95,101,64,130,91,20,52,38,105,8" hai1="108,62,44,7,11,36,30,135,126,85,131,104,0" hai2="122,102,56,9,133,119,5,86,94,129,45,69,37" hai3="6,87,66,97,15,3,28,63,29,80,77,32,75"/><U72/><E135/><V16/><F69/><W43/><G3/><T67/><D114/><U88/><E131/><V76/><F119/><W26/><G28/><T83/><D130/><U10/><E126/><V93/><F122/><W13/><G43/><T98/><D38/><U23/><E104/><V111/><F111/><W112/><G112/><T50/><D54/><U27/><E108/><V107/><F107/><W58/><G6/><T65/><D83/><U115/><E115/><V4/><F45/><W2/><G2/><T78/><D78/><U120/><E120/><V48/><F37/><W70/><G75/><T60/><D20/><U57/><E72/><V49/><F133/><W100/><REACH who="3" step="1"/><G58/><REACH who="3" ten="244,237,237,272" step="2"/><T18/><D105/><AGARI ba="0,1" hai="13,15,26,29,32,63,66,70,77,80,87,97,100,105" machi="105" ten="30,12000,2" yaku="1,1,2,1,7,1,25,2,52,1,53,0" doraHai="82" doraHaiUra="84" who="3" fromWho="0" sc="244,-120,237,0,237,0,272,130" /><INIT seed="2,0,0,0,4,45" ten="124,237,237,402" oya="2" hai0="117,68,109,116,0,5,53,100,58,22,134,3,19" hai1="42,2,112,12,105,91,74,18,50,122,84,118,82" hai2="43,6,28,11,83,78,111,67,14,1,44,17,33" hai3="135,69,32,77,92,124,125,110,87,62,55,127,113"/><V60/><F111/><W114/><G32/><T123/><D109/><U131/><E131/><V81/><F28/><W16/><G110/><T21/><D123/><U76/><E112/><V35/><F83/><W95/><G135/><T65/><D134/><U36/><E36/><V61/><F61/><W115/><G16/><T56/><D68/><U101/><E2/><V107/><F107/><W63/><G63/><T97/><D65/><U132/><E132/><V49/><F17/><W72/><G72/><T9/><D0/><U10/><E118/><V106/><F106/><W40/><G40/><T52/><D58/><U120/><E42/><V57/><REACH who="2" step="1"/><F1/><REACH who="2" ten="124,237,227,402" step="2"/><W126/><G124/><T108/><D108/><U86/><E120/><V20/><F20/><W46/><G125/><T85/><D22/><U94/><E122/><V102/><F102/><W26/><G126/><T15/><D117/><U27/><E105/><V13/><F13/><W38/><G127/><T51/><D116/><U128/><E101/><V130/><F130/><W39/><G62/><T133/><D133/><U41/><E128/><V8/><F8/><W89/><G113/><T98/><D100/><U75/><E27/><V25/><F25/><W47/><G26/><T4/><D4/><U70/><E70/><V7/><F7/><W73/><G69/><T93/><D3/><U29/><E29/><V80/><F80/><W48/><G114/><T23/><D23/><U31/><E31/><V59/><F59/><W88/><G115/><T64/><D5/><U96/><E75/><AGARI ba="0,1" hai="6,11,14,33,35,43,44,49,57,60,67,75,78,81" machi="75" ten="30,5800,0" yaku="1,1,7,1,52,1,53,0" doraHai="45" doraHaiUra="121" who="2" fromWho="1" sc="124,0,237,-58,227,68,402,0" /><INIT seed="2,1,0,4,4,73" ten="124,179,295,402" oya="2" hai0="32,123,105,66,11,81,69,13,94,111,96,87,26" hai1="56,119,108,59,33,76,100,9,53,129,103,48,34" hai2="5,47,36,90,27,68,135,63,61,110,0,64,118" hai3="41,45,21,19,126,115,128,78,7,70,113,25,1"/><V46/><F118/><W133/><G70/><T10/><D123/><U130/><E119/><V40/><F90/><W121/><G121/><T20/><D111/><U114/><E108/><V28/><F110/><W58/><G128/><T30/><D105/><U99/><E114/><V112/><F135/><W95/><G133/><T91/><D69/><U106/><E100/><V50/><F5/><W77/><G126/><T79/><D66/><U52/><E9/><V60/><F0/><W65/><G95/><T8/><REACH who="0" step="1"/><D32/><REACH who="0" ten="114,179,295,402" step="2"/><U6/><E6/><AGARI ba="1,1" hai="6,8,10,11,13,20,26,30,79,81,87,91,94,96" machi="6" ten="30,12000,2" yaku="1,1,2,1,7,1,8,1,52,1,53,1" doraHai="73" doraHaiUra="86" who="0" fromWho="1" sc="114,133,179,-123,295,0,402,0" /><INIT seed="3,0,0,0,4,37" ten="247,56,295,402" oya="3" hai0="94,33,104,89,111,132,123,88,34,24,87,22,49" hai1="76,121,107,50,20,116,129,79,40,122,117,97,93" hai2="19,120,114,98,135,61,63,32,2,92,78,101,75" hai3="84,6,119,1,71,4,0,100,96,21,29,3,42"/><W133/><G71/><T65/><D123/><U18/><E107/><V81/><F114/><W9/><G119/><N who="1" m="45642" /><E129/><V48/><F135/><W10/><G133/><T41/><D132/><U112/><E112/><V60/><F32/><W45/><G84/><T43/><D104/><U90/><E50/><V38/><F38/><W14/><G21/><T8/><D111/><U128/><E128/><V127/><F2/><W35/><G29/><T115/><D115/><U46/><E46/><V44/><F127/><W134/><G35/><T25/><D34/><U15/><E40/><N who="0" m="15433" /><D33/><U47/><E47/><V58/><F120/><AGARI ba="0,0" hai="15,18,20,76,79,90,93,97,120,121,122" m="45642" machi="120" ten="30,1000,0" yaku="12,1" doraHai="37" who="1" fromWho="2" sc="247,0,56,10,295,-10,402,0" /><INIT seed="4,0,0,3,1,124" ten="247,66,285,402" oya="0" hai0="101,25,77,123,76,108,75,113,83,44,8,116,7" hai1="32,129,71,81,121,135,93,30,134,54,74,133,67" hai2="98,125,12,31,126,103,132,90,84,102,120,26,16" hai3="114,5,95,69,92,9,34,21,110,115,122,131,89"/><T1/><D123/><U45/><E121/><V96/><F120/><W80/><G69/><T29/><D116/><U24/><E93/><V88/><F132/><W127/><G34/><T47/><D77/><U35/><E35/><V51/><F51/><W130/><G122/><T43/><D47/><U117/><E117/><V55/><F55/><W28/><G110/><T50/><D108/><U42/><E54/><V38/><F38/><W23/><G127/><N who="2" m="48649" /><F26/><W37/><G37/><T58/><D113/><N who="3" m="43017" /><G28/><T70/><D70/><U2/><E2/><V39/><F31/><W100/><G100/><N who="2" m="38441" /><F39/><W104/><G104/><T111/><D111/><U53/><E53/><V112/><F112/><W4/><G4/><T79/><D79/><N who="1" m="44279" /><E67/><V85/><F85/><N who="3" m="50343" /><G23/><T10/><D101/><U11/><E11/><N who="2" m="6175" /><F90/><W33/><G33/><T105/><D10/><U91/><E91/><V49/><F49/><W0/><G21/><T17/><D58/><U72/><E72/><V18/><F18/><W41/><G41/><T73/><D17/><U52/><E52/><V14/><F14/><W106/><G106/><T48/><D105/><U61/><E61/><V66/><F66/><W3/><G3/><T94/><D50/><N who="1" m="26935" /><E71/><V64/><F64/><W86/><G86/><T119/><D119/><U78/><E78/><V60/><F60/><W62/><G62/><T36/><D48/><U87/><E87/><V40/><F40/><W97/><G95/><AGARI ba="0,0" hai="84,88,95,96,98" m="6175,38441,48649" machi="95" ten="30,3900,0" yaku="18,1,54,2" doraHai="124" who="2" fromWho="3" sc="247,0,66,0,285,39,402,-39" /><INIT seed="5,0,0,2,0,111" ten="247,66,324,363" oya="1" hai0="66,90,53,62,109,15,36,70,7,89,27,132,13" hai1="116,119,63,73,74,44,133,124,55,6,51,105,81" hai2="122,40,84,135,129,19,120,8,28,1,25,78,99" hai3="64,16,85,38,3,96,54,123,52,11,94,98,42"/><U35/><E35/><V88/><F129/><W112/><G123/><T76/><D109/><U21/><E105/><V131/><F131/><W127/><G127/><T134/><D36/><U23/><E124/><V103/><F78/><W48/><G64/><T49/><D76/><U12/><E133/><V104/><F40/><W9/><G9/><T97/><D27/><U34/><E34/><V26/><F135/><N who="0" m="51754" /><D7/><U60/><E6/><V87/><F87/><W110/><G110/><T130/><D130/><U17/><E23/><V72/><F72/><W83/><G3/><T115/><D13/><U30/><E30/><V29/><F1/><W91/><G98/><T114/><D15/><U121/><E121/><V117/><F117/><W102/><G38/><T118/><D118/><U106/><E106/><V5/><F19/><W43/><G54/><T41/><D41/><U58/><E63/><V46/><F26/><W79/><G79/><T61/><D61/><U67/><REACH who="1" step="1"/><E81/><REACH who="1" ten="247,56,324,363" step="2"/><V95/><F29/><W4/><G4/><T37/><D37/><U24/><E24/><V80/><F104/><W108/><G108/><T101/><D101/><U18/><E18/><V32/><F122/><W47/><G16/><T59/><D97/><U125/><E125/><V0/><F120/><W22/><G22/><T100/><D100/><U82/><E82/><V39/><F39/><W31/><G31/><T2/><D2/><U92/><E92/><V45/><AGARI ba="0,1" hai="0,5,8,25,28,32,45,46,80,84,88,95,99,103" machi="45" ten="30,2000,0" yaku="0,1,54,1" doraHai="111" who="2" fromWho="2" sc="247,-5,56,-10,324,30,363,-5" /><INIT seed="6,0,0,3,5,91" ten="242,46,354,358" oya="2" hai0="74,18,78,70,127,132,129,124,13,59,102,50,7" hai1="69,114,30,82,24,126,37,38,107,48,58,105,29" hai2="56,116,66,97,121,40,41,8,61,47,2,64,104" hai3="77,22,42,12,62,19,109,83,88,26,21,32,1"/><V84/><F121/><W103/><G109/><T73/><D70/><U76/><E69/><V45/><F84/><W23/><G1/><T134/><D7/><U79/><E58/><V86/><F86/><W87/><G103/><T110/><D110/><U20/><E48/><V15/><F2/><W4/><G32/><T35/><D35/><U120/><E120/><V128/><F128/><W27/><G42/><T135/><D102/><U71/><E71/><V81/><F116/><W10/><G62/><T52/><D78/><U89/><E89/><V65/><F81/><W75/><REACH who="3" step="1"/><G27/><REACH who="3" ten="242,46,354,348" step="2"/><T131/><D13/><U90/><E90/><V85/><F41/><W112/><G112/><T25/><D25/><U130/><E114/><V43/><F43/><W68/><G68/><T3/><D3/><U111/><E111/><V117/><F40/><W122/><G122/><T16/><D73/><U93/><E130/><N who="0" m="49673" /><D74/><U115/><E115/><V92/><F117/><W0/><G0/><T123/><D123/><U106/><E126/><AGARI ba="0,1" hai="16,18,50,52,59,124,126,127,132,134,135" m="49673" machi="126" ten="40,32000,5" yakuman="39" doraHai="91" who="0" fromWho="1" sc="242,330,46,-320,354,0,348,0" owari="572,67.0,-274,-77.0,354,15.0,348,-5.0" /></mjloggm>