<mjloggm ver="2.3"><GO type="41" lobby="0"/><UN n0="%73%65%61%73%74%6F%72%79" n1="%E2%93%9D%53%75%70%68%78" n2="%E3%81%A1%E3%81%87%E3%82%8A%E3%82%8B" n3="%4D%4F%47%57%41%49" dan="15,19,14,15" rate="1999.29,2212.95,1910.93,1992.63" sx="M,M,M,M"/><TAIKYOKU oya="0"/><INIT seed="0,0,0,4,5,104" ten="250,250,250,250" oya="0" hai0="71,64,57,23,10,42,34,2,70,79,67,123,134" hai1="25,73,39,62,121,82,74,87,91,72,80,102,30" hai2="85,15,89,14,44,120,21,107,3,13,124,22,112" hai3="0,7,65,66,6,9,115,99,35,48,111,45,38"/><T95/><D123/><U118/><E121/><V61/><F112/><W108/><G115/><T37/><D34/><U28/><E118/><V36/><F3/><W117/><G117/><T114/><D114/><U51/><E39/><V8/><F120/><W46/><G35/><T4/><D134/><U119/><E119/><V17/><F107/><W81/><G6/><T88/><D79/><U122/><E122/><V60/><F124/><W101/><G81/><T55/><D23/><U109/><E109/><N who="3" m="42058" /><G38/><T125/><D125/><U97/><E51/><V83/><F36/><W93/><G46/><T130/><D130/><U47/><E47/><V26/><F44/><W27/><G27/><T18/><D42/><AGARI ba="0,0" hai="0,7,9,42,45,48,65,66,93,99,101" m="42058" machi="42" ten="30,1000,0" yaku="14,1" doraHai="104" who="3" fromWho="0" sc="250,-10,250,0,250,0,250,10" /><INIT seed="1,0,0,0,4,44" ten="240,250,250,260" oya="1" hai0="39,8,81,131,73,28,117,93,31,21,35,5,135" hai1="116,90,70,16,15,47,65,134,19,80,82,7,103" hai2="112,133,62,23,14,97,123,83,107,1,120,51,94" hai3="9,59,40,69,74,88,121,57,84,96,43,87,53"/><U29/><E116/><V130/><F1/><W60/><G121/><T109/><D117/><U27/><E134/><V63/><F133/><W79/><G69/><T34/><D135/><U58/><E70/><V24/><F130/><W4/><G74/><T89/><D131/><U56/><E103/><V86/><F112/><W48/><G96/><T37/><D109/><U111/><E111/><V100/><F107/><W127/><G84/><T64/><D64/><U78/><E90/><V77/><F123/><W30/><G30/><T36/><D81/><U118/><E47/><V125/><F125/><W113/><G79/><T108/><D73/><U3/><E19/><V45/><F14/><N who="3" m="5415" /><G127/><T38/><D108/><U18/><E18/><V61/><F120/><W11/><G11/><T26/><N who="0" m="9216" /><DORA hai="2" /><T68/><D31/><U72/><E118/><V13/><F13/><W99/><G99/><T119/><D68/><U12/><E82/><V85/><F85/><W20/><G20/><T122/><D122/><U52/><E29/><V104/><F104/><W132/><G113/><T32/><D119/><U110/><E110/><V106/><F106/><W50/><G132/><T91/><REACH who="0" step="1"/><D93/><REACH who="0" ten="230,250,250,260" step="2"/><U49/><E72/><V25/><REACH who="2" step="1"/><F23/><REACH who="2" ten="230,250,240,260" step="2"/><W17/><G87/><T128/><D128/><U101/><E80/><V115/><F115/><W67/><G67/><T124/><D124/><U46/><E65/><V95/><F95/><W102/><G17/><T98/><D98/><U6/><E16/><V114/><F114/><W126/><G126/><T10/><D10/><U76/><E7/><V33/><F33/><RYUUKYOKU ba="0,2" sc="230,15,250,-15,240,15,260,-15" hai0="5,8,21,26,28,32,34,35,89,91" hai2="24,25,45,51,61,62,63,77,83,86,94,97,100" /><INIT seed="2,1,2,4,4,79" ten="245,235,255,245" oya="2" hai0="86,124,72,115,22,71,54,43,93,89,122,52,35" hai1="107,90,51,111,92,12,66,133,63,104,127,119,4" hai2="1,80,106,62,130,88,13,50,49,70,95,110,45" hai3="67,85,108,53,48,83,116,69,39,28,33,34,61"/><V7/><F106/><W129/><G108/><T109/><D109/><U84/><E111/><V126/><F1/><W82/><G116/><T16/><D122/><U101/><E119/><V68/><F110/><W114/><G39/><T96/><D115/><U99/><E133/><V40/><F126/><W94/><G114/><T38/><D72/><U91/><E127/><V131/><F50/><W134/><G134/><T47/><D35/><U31/><E31/><V10/><F62/><W27/><G34/><T19/><D71/><U75/><E75/><V6/><F6/><W60/><G60/><T20/><D124/><U78/><E107/><V100/><F100/><W73/><G129/><N who="2" m="49161" /><F95/><W135/><G135/><T37/><D37/><U97/><E51/><V65/><F65/><W5/><G5/><T102/><D22/><U3/><E3/><V21/><F21/><W41/><G41/><T24/><D19/><U26/><E66/><V29/><F29/><W11/><G11/><T57/><D57/><U128/><E63/><V103/><F103/><W44/><REACH who="3" step="1"/><G73/><REACH who="3" ten="245,235,255,235" step="2"/><T42/><REACH who="0" step="1"/><D43/><REACH who="0" ten="235,235,255,235" step="2"/><U2/><E128/><V56/><F56/><W105/><G105/><AGARI ba="1,4" hai="16,20,24,38,42,47,52,54,86,89,93,96,102,105" machi="105" ten="30,8000,1" yaku="1,1,2,1,7,1,54,2,53,0" doraHai="79" doraHaiUra="55" who="0" fromWho="3" sc="235,123,235,0,255,0,235,-83" /><INIT seed="3,0,0,0,0,102" ten="358,235,255,152" oya="3" hai0="122,4,27,52,106,82,29,134,31,95,12,91,2" hai1="59,77,47,37,76,65,44,42,28,26,25,120,21" hai2="69,11,105,107,98,126,54,93,114,80,94,66,110" hai3="109,104,73,62,71,127,117,0,1,72,3,70,56"/><W40/><G117/><T64/><D122/><U85/><E120/><V130/><F66/><W88/><G40/><T67/><D134/><U9/><E47/><V6/><F69/><W35/><G35/><T89/><D2/><U86/><E9/><V5/><F114/><W81/><G127/><T15/><D106/><U8/><E8/><V135/><F126/><W128/><G128/><T61/><D4/><U48/><E26/><V24/><F24/><W7/><G7/><T96/><D31/><U39/><E39/><V58/><F130/><W87/><G104/><T131/><D131/><U75/><E75/><V36/><F36/><W34/><G34/><T18/><D29/><U97/><E97/><V103/><F5/><W111/><G73/><T112/><D112/><U63/><REACH who="1" step="1"/><E37/><REACH who="1" ten="358,225,255,152" step="2"/><V121/><F121/><W115/><G72/><T118/><D118/><U10/><E10/><V68/><F135/><W100/><G115/><T55/><D27/><U133/><E133/><V30/><F30/><W113/><G113/><T124/><D124/><U45/><E45/><V49/><F68/><W22/><G71/><T17/><D96/><U132/><E132/><V123/><F123/><W74/><G74/><T38/><D38/><U119/><E119/><V116/><F116/><W78/><G70/><T101/><D12/><U108/><E108/><V92/><F110/><N who="3" m="41995" /><G22/><T50/><D15/><U57/><E57/><V99/><F99/><W14/><G14/><T79/><D18/><U53/><E53/><V51/><F98/><W19/><G0/><T83/><D17/><U60/><E60/><RYUUKYOKU ba="0,1" sc="358,-10,225,30,255,-10,152,-10" hai1="21,25,28,42,44,48,59,63,65,76,77,85,86" /><INIT seed="4,1,1,1,4,58" ten="348,255,245,142" oya="0" hai0="35,69,116,60,32,44,105,3,79,2,11,1,34" hai1="125,46,43,38,62,65,90,95,130,59,36,12,128" hai2="96,83,102,19,129,40,82,103,55,73,87,112,91" hai3="21,67,81,88,122,9,110,108,101,37,93,66,109"/><T54/><D116/><U115/><E12/><V33/><F33/><W77/><G37/><T132/><D105/><U39/><E125/><V121/><F40/><W23/><G101/><T113/><D113/><U75/><E75/><V0/><F0/><W85/><G9/><T118/><D118/><U24/><E24/><V126/><F121/><W106/><G106/><T86/><D132/><U133/><E133/><V31/><F31/><W80/><G122/><T61/><D69/><U100/><E100/><V8/><F112/><W84/><REACH who="3" step="1"/><G93/><REACH who="3" ten="348,255,245,132" step="2"/><T51/><REACH who="0" step="1"/><D11/><REACH who="0" ten="338,255,245,132" step="2"/><U97/><REACH who="1" step="1"/><E115/><REACH who="1" ten="338,245,245,132" step="2"/><V94/><F126/><W48/><G48/><AGARI ba="1,4" hai="36,38,39,43,46,48,59,62,65,90,95,97,128,130" machi="48" ten="40,8000,1" yaku="1,1,2,1,52,1,53,1" doraHai="58" doraHaiUra="89" who="1" fromWho="3" sc="338,0,245,123,245,0,132,-83" /><INIT seed="5,0,0,1,1,102" ten="338,368,245,49" oya="1" hai0="92,48,20,21,75,106,85,117,110,107,135,30,94" hai1="71,46,51,82,17,93,59,109,69,129,26,49,127" hai2="101,88,62,35,4,11,72,66,13,121,99,44,104" hai3="111,41,19,57,47,12,45,32,25,52,76,63,112"/><U60/><E129/><V16/><F121/><W56/><G111/><T113/><D117/><U122/><E122/><V64/><F35/><W100/><G112/><T40/><D110/><U10/><E127/><V78/><F78/><W108/><G108/><T132/><D75/><U1/><E1/><V124/><F124/><W74/><G100/><T123/><D123/><U9/><E71/><V91/><F72/><W119/><G119/><T14/><D113/><U65/><E69/><V33/><F33/><W120/><G120/><T58/><D85/><U18/><E51/><V133/><F133/><N who="0" m="51274" /><D30/><U73/><E109/><V83/><F83/><W22/><G74/><T105/><D14/><U87/><E93/><N who="0" m="35945" /><D58/><U27/><E73/><V68/><F64/><W29/><G76/><T118/><D118/><U24/><E18/><V39/><REACH who="2" step="1"/><F4/><REACH who="2" ten="338,368,235,49" step="2"/><W114/><G114/><T97/><D97/><U90/><REACH who="1" step="1"/><E17/><REACH who="1" ten="338,358,235,49" step="2"/><V37/><F37/><W95/><G95/><T43/><D48/><U116/><E116/><V80/><F80/><W53/><REACH who="3" step="1"/><G41/><RYUUKYOKU type="ron3" ba="0,2" sc="338,0,358,0,235,0,49,0" hai0="20,21,40,43,105,106,107" hai1="9,10,24,26,27,46,49,59,60,65,82,87,90" hai2="11,13,16,39,44,62,66,68,88,91,99,101,104" /><INIT seed="5,1,2,0,0,6" ten="338,358,235,49" oya="1" hai0="120,85,108,27,75,126,50,107,71,122,106,4,9" hai1="13,19,53,72,70,76,82,7,100,12,86,132,31" hai2="68,91,26,81,30,119,110,45,103,101,105,98,73" hai3="61,17,34,42,112,130,43,49,111,28,60,65,115"/><U15/><E70/><V78/><F68/><W16/><G111/><T29/><D108/><U47/><E132/><V131/><F119/><W117/><G34/><T44/><D75/><U94/><E31/><V41/><F131/><W37/><G28/><T74/><D74/><U88/><E7/><V35/><F110/><W0/><G0/><T77/><D71/><U20/><REACH who="1" step="1"/><E100/><REACH who="1" ten="338,348,235,49" step="2"/><V69/><F69/><W67/><G117/><T128/><D128/><U59/><E59/><V38/><F101/><W8/><G130/><T89/><D126/><U127/><E127/><V66/><F66/><W11/><REACH who="3" step="1"/><G49/><AGARI ba="1,3" hai="12,13,15,19,20,47,49,53,72,76,82,86,88,94" machi="49" ten="40,3900,0" yaku="1,1,54,1,53,0" doraHai="6" doraHaiUra="33" who="1" fromWho="3" sc="338,0,348,72,235,0,49,-42" /><INIT seed="5,2,0,3,2,21" ten="338,420,235,7" oya="1" hai0="37,48,68,114,113,112,67,35,7,73,26,30,125" hai1="20,89,134,90,1,80,128,82,94,75,72,135,119" hai2="16,122,51,65,34,47,22,129,55,124,99,57,9" hai3="18,43,106,11,13,40,69,118,33,107,109,76,52"/><U24/><E1/><V58/><F122/><W59/><G109/><T126/><D37/><U120/><E119/><V130/><F34/><W121/><G121/><T45/><D7/><U105/><E120/><V71/><F124/><N who="0" m="47722" /><D73/><N who="1" m="28235" /><E105/><V56/><F9/><W60/><G76/><T2/><D2/><U93/><E128/><V49/><F99/><W77/><G77/><T32/><D32/><U92/><E24/><V27/><REACH who="2" step="1"/><F51/><REACH who="2" ten="338,420,225,7" step="2"/><N who="3" m="31135" /><G107/><T87/><D48/><U111/><E111/><V25/><F25/><W41/><G106/><T123/><D123/><U14/><E20/><V70/><F70/><W44/><G33/><T50/><D68/><U115/><E14/><V17/><F17/><W101/><G69/><T53/><D87/><U96/><E96/><V4/><F4/><N who="3" m="3303" /><G118/><T85/><D85/><U8/><E8/><V66/><F66/><AGARI ba="2,1" hai="26,30,35,45,50,53,66,67,112,113,114" m="47722" machi="66" ten="40,5200,0" yaku="15,1,18,1,52,1" doraHai="21" who="0" fromWho="2" sc="338,68,420,0,225,-58,7,0" /><INIT seed="6,0,0,1,0,127" ten="406,420,167,7" oya="2" hai0="93,49,26,130,2,88,21,20,79,52,116,75,54" hai1="94,23,108,30,25,1,135,36,103,113,100,64,62" hai2="51,11,58,57,83,121,37,70,80,46,77,65,101" hai3="87,12,53,22,132,24,32,98,19,35,117,109,72"/><V92/><F121/><W47/><G72/><T56/><D2/><U123/><E108/><V133/><F37/><W111/><G98/><T90/><D116/><U124/><E135/><V44/><F133/><W104/><G104/><T96/><D130/><U9/><E113/><V73/><F70/><W110/><G132/><T131/><D131/><U81/><E81/><V15/><F80/><W5/><G87/><T91/><D75/><U8/><E124/><V102/><F46/><W3/><G53/><T55/><D79/><U126/><E123/><V14/><F14/><W78/><G78/><T60/><D21/><U7/><E9/><V89/><F65/><W99/><G99/><T95/><D95/><U129/><E129/><V43/><F102/><W122/><G47/><N who="0" m="27711" /><D55/><U29/><E126/><V107/><F101/><W120/><G117/><T31/><AGARI ba="0,0" hai="20,26,31,54,56,60,88,90,91,93,96" m="27711" machi="31" ten="30,4000,0" yaku="8,1,54,2" doraHai="127" who="0" fromWho="0" sc="406,40,420,-10,167,-20,7,-10" owari="446,54.0,410,21.0,147,-25.0,-3,-50.0" /></mjloggm>