<mjloggm ver="2.3"><GO type="41" lobby="0"/><UN n0="%E4%B8%80%E8%A2%96%E9%9D%92%E8%8A%B1%E7%A0%95" n1="%E3%82%A8%E3%82%AD%E3%82%B5%E3%82%A4%E3%83%88%E5%A4%AA%E9%83%8E" n2="%E6%88%90%E5%8F%8C%E3%81%AE%E7%B5%B6%E5%82%91" n3="%E2%93%9D%53%75%70%68%78" dan="14,14,15,19" rate="1949.64,1943.50,1967.50,2133.73" sx="M,M,M,M"/><TAIKYOKU oya="0"/><INIT seed="0,0,0,4,3,95" ten="250,250,250,250" oya="0" hai0="46,6,104,93,107,32,45,36,118,38,20,27,134" hai1="130,23,51,122,43,64,111,76,34,7,47,77,61" hai2="40,100,17,80,12,9,19,72,87,60,67,110,62" hai3="5,31,18,4,49,120,50,105,53,13,133,96,10"/><T97/><D118/><U16/><E122/><V126/><F126/><W132/><G31/><T1/><D32/><U8/><E34/><V84/><F110/><W129/><G129/><T71/><D71/><U82/><E111/><V125/><F125/><W28/><G28/><T22/><D134/><N who="3" m="51817" /><G50/><T85/><D85/><U112/><E130/><V0/><F0/><W119/><G119/><T121/><D121/><U78/><E112/><V99/><F40/><W98/><G105/><T57/><D57/><U117/><E117/><V11/><F62/><W33/><G33/><T52/><D22/><U135/><E135/><V44/><F44/><N who="3" m="27815" /><G120/><T81/><D45/><U124/><E124/><V65/><F60/><W115/><G115/><T79/><D36/><U41/><E41/><V29/><F29/><W116/><G116/><T106/><D38/><U68/><E7/><AGARI ba="0,0" hai="4,5,7,10,13,18,96,98" m="27815,51817" machi="7" ten="30,3900,0" yaku="20,1,52,2" doraHai="95" who="3" fromWho="1" sc="250,0,250,-39,250,0,250,39" /><INIT seed="1,0,0,2,4,65" ten="250,211,250,289" oya="1" hai0="38,48,13,102,28,122,71,78,123,21,110,7,115" hai1="107,100,14,80,1,133,95,15,10,77,79,44,120" hai2="32,42,126,62,36,118,109,98,55,89,103,84,37" hai3="33,56,99,67,11,108,74,73,127,82,17,91,86"/><U52/><E120/><V54/><F109/><W61/><G108/><T5/><D38/><U43/><E133/><V97/><F118/><W130/><G33/><T35/><D115/><U104/><E1/><V112/><F32/><W8/><G130/><T114/><D114/><U27/><E27/><V135/><F135/><W81/><G127/><T131/><D110/><U20/><E104/><V34/><F126/><W58/><G99/><T75/><D131/><U41/><E107/><V125/><F34/><W66/><G17/><T69/><D102/><U106/><E106/><V30/><F30/><W4/><G82/><N who="0" m="45407" /><D35/><U117/><E117/><V59/><F98/><W64/><G11/><T85/><D85/><U51/><E100/><V87/><F87/><W50/><G74/><T40/><D40/><U6/><E95/><V12/><F42/><N who="1" m="15881" /><E80/><V45/><F97/><W90/><G73/><T22/><D28/><U29/><E29/><V101/><F101/><W26/><G26/><T129/><D129/><U68/><E68/><N who="0" m="26185" /><D48/><U119/><E119/><V96/><F96/><W116/><G116/><T113/><D113/><U134/><E134/><V25/><F103/><W9/><G50/><T70/><N who="0" m="26193" /><T88/><DORA hai="124" /><D88/><U121/><E121/><N who="0" m="46089" /><D13/><U39/><E39/><V92/><F12/><N who="3" m="5127" /><G91/><T83/><D83/><U57/><E15/><V105/><F125/><W24/><G24/><T16/><D16/><U46/><E20/><AGARI ba="0,0" hai="5,7,20,21,22" m="46089,26193,45407" machi="20" ten="50,8000,1" yaku="13,1,52,4" doraHai="65,124" who="0" fromWho="1" sc="250,80,211,-80,250,0,289,0" /><INIT seed="2,0,0,2,2,0" ten="330,131,250,289" oya="2" hai0="32,50,47,75,81,29,39,105,59,89,83,42,20" hai1="48,30,35,43,11,91,115,46,27,64,65,104,100" hai2="41,55,79,6,66,21,95,97,88,90,40,124,3" hai3="31,82,73,62,49,10,54,16,23,121,57,12,76"/><V127/><F79/><W99/><G121/><T110/><D105/><U80/><E115/><V123/><F123/><W52/><G99/><T77/><D32/><U111/><E111/><V44/><F66/><W28/><REACH who="3" step="1"/><G23/><REACH who="3" ten="330,131,250,279" step="2"/><T98/><D20/><U14/><E104/><V58/><F21/><W78/><G78/><T74/><D98/><U72/><E100/><V107/><F107/><W116/><G116/><T37/><D77/><U135/><E135/><V36/><F90/><W70/><G70/><T132/><D89/><U96/><E72/><V5/><F40/><W126/><G126/><N who="2" m="48169" /><F3/><W4/><G4/><T34/><D74/><U17/><E96/><V63/><AGARI ba="0,1" hai="5,6,36,41,44,55,58,63,88,95,97" m="48169" machi="63" ten="30,11700,0" yaku="18,1,52,2,54,1" doraHai="0" who="2" fromWho="2" sc="330,-39,131,-39,250,127,279,-39" /><INIT seed="2,1,0,4,4,113" ten="291,92,377,240" oya="2" hai0="57,3,76,83,31,41,81,134,73,52,5,124,7" hai1="112,91,100,38,0,14,121,28,53,99,125,62,129" hai2="68,67,92,42,132,34,126,39,65,84,50,63,118" hai3="89,60,77,51,18,23,115,27,86,78,119,111,105"/><V96/><F34/><W109/><G115/><T37/><D124/><U19/><E112/><V123/><F123/><W48/><G105/><T58/><D134/><U108/><E38/><V56/><F126/><W33/><G33/><T71/><D71/><U82/><E125/><V55/><F132/><W107/><G107/><T87/><D31/><U131/><E0/><V114/><F114/><W133/><G60/><T69/><D69/><U110/><E28/><V117/><F84/><W16/><G133/><T122/><D122/><U64/><E121/><V30/><F30/><W17/><G119/><T79/><D57/><U66/><E82/><V22/><F22/><W45/><G51/><T26/><D26/><U85/><E85/><V128/><F67/><N who="1" m="25641" /><E91/><V10/><F10/><W72/><G72/><T11/><D7/><U40/><E40/><V94/><F94/><W59/><G111/><N who="1" m="42538" /><E53/><V1/><F1/><W44/><G109/><T97/><D97/><U12/><E62/><V103/><F128/><N who="1" m="49225" /><E19/><V32/><F32/><W88/><G18/><T35/><D35/><U2/><E2/><V74/><F74/><W6/><G17/><T43/><D37/><U102/><E99/><V15/><F15/><AGARI ba="1,0" hai="12,14,15,100,102" m="49225,42538,25641" machi="15" ten="40,8000,1" yaku="28,2,14,1,19,1" doraHai="113" who="1" fromWho="2" sc="291,0,92,83,377,-83,240,0" /><INIT seed="3,0,0,1,1,49" ten="291,175,294,240" oya="3" hai0="28,50,84,23,99,125,75,113,59,91,123,94,45" hai1="108,61,73,89,41,1,27,98,115,29,62,3,7" hai2="22,131,93,90,18,2,127,33,48,100,70,57,51" hai3="52,40,82,65,109,121,80,133,66,42,87,63,69"/><W56/><G121/><T55/><D123/><U124/><E115/><V35/><F70/><W118/><G118/><T128/><D75/><U16/><E73/><V24/><F2/><W97/><G133/><T76/><D113/><U25/><E124/><V111/><F127/><W44/><G109/><T14/><D125/><U77/><E77/><V85/><F111/><W9/><G82/><T112/><D112/><U103/><E41/><V120/><F131/><W64/><G69/><T86/><D128/><U107/><E108/><V122/><F100/><W12/><G97/><T134/><D134/><U60/><E89/><V36/><F36/><W30/><G30/><T105/><D105/><U43/><E43/><V74/><F74/><W102/><G102/><T53/><D76/><U38/><E38/><V67/><F67/><W54/><G54/><T8/><D23/><U47/><E47/><V13/><F120/><W34/><G34/><T92/><D92/><U101/><E101/><V10/><F122/><W39/><G42/><T58/><D28/><U116/><E116/><V19/><F33/><W20/><G20/><T17/><D45/><U37/><E37/><V31/><F57/><W129/><G129/><T96/><D99/><U68/><E68/><V114/><F114/><W83/><REACH who="3" step="1"/><G87/><REACH who="3" ten="291,175,294,230" step="2"/><T26/><REACH who="0" step="1"/><D26/><AGARI ba="0,1" hai="10,13,18,19,22,24,26,31,35,48,51,85,90,93" machi="26" ten="30,1000,0" yaku="7,1" doraHai="49" who="2" fromWho="0" sc="291,-10,175,0,294,20,230,0" /><INIT seed="4,0,0,3,3,58" ten="281,175,314,230" oya="0" hai0="90,12,127,121,20,22,95,48,129,110,25,92,60" hai1="118,119,101,53,74,126,45,35,134,63,68,84,91" hai2="99,55,114,102,106,113,46,98,15,50,5,54,103" hai3="125,117,96,105,19,133,34,59,109,132,0,83,131"/><T116/><D121/><U97/><E74/><V27/><F27/><W124/><G0/><T69/><D116/><U10/><E35/><V37/><F37/><W85/><G34/><T32/><D127/><N who="3" m="48713" /><G19/><T44/><D129/><U28/><E126/><V66/><F66/><W33/><G59/><T2/><D2/><U8/><E28/><V104/><F5/><W11/><G11/><T122/><D122/><U79/><E79/><V49/><F15/><W71/><G71/><T123/><D123/><U80/><E134/><N who="3" m="51818" /><G33/><T65/><D32/><U16/><E68/><V72/><F72/><W47/><G47/><AGARI ba="0,0" hai="46,47,49,50,54,55,98,99,102,103,104,106,113,114" machi="47" ten="40,5200,0" yaku="32,3" doraHai="58" who="2" fromWho="3" sc="281,0,175,0,314,52,230,-52" /><INIT seed="5,0,0,2,2,54" ten="281,175,366,178" oya="1" hai0="52,108,0,122,99,13,51,127,14,134,48,93,109" hai1="88,46,98,115,11,94,67,9,75,84,23,86,59" hai2="53,71,135,43,32,1,85,41,45,65,73,102,31" hai3="125,24,47,119,130,56,117,37,35,110,120,82,113"/><U44/><E75/><V7/><F73/><W10/><G120/><T58/><D0/><U6/><E115/><V34/><F135/><W106/><G110/><T101/><D122/><U30/><E30/><V124/><F124/><W17/><G106/><T132/><D127/><U116/><E116/><N who="3" m="44618" /><G130/><T62/><D108/><U64/><E23/><V8/><F43/><N who="3" m="23023" /><G125/><T50/><D109/><U74/><E74/><V60/><F102/><W76/><G113/><T26/><REACH who="0" step="1"/><D26/><REACH who="0" ten="271,175,366,178" step="2"/><U66/><E6/><V80/><F31/><W61/><G24/><T111/><D111/><U49/><E44/><V5/><F1/><W97/><G35/><T38/><D38/><U121/><E121/><V83/><F34/><W114/><G114/><T70/><D70/><U81/><E86/><V126/><F71/><W77/><G97/><T20/><D20/><U95/><E98/><V72/><F85/><W79/><G17/><T55/><D55/><N who="1" m="32239" /><E66/><V19/><F65/><N who="3" m="39079" /><G10/><T129/><D129/><U89/><E9/><V33/><F8/><W25/><G25/><T63/><D63/><U103/><E11/><V112/><F60/><W27/><G27/><T57/><D57/><U22/><E22/><V78/><F32/><W131/><G131/><T40/><D40/><U91/><E84/><AGARI ba="0,1" hai="76,77,79,82,84" m="39079,23023,44618" machi="84" ten="30,2000,0" yaku="12,1,52,1" doraHai="54" who="3" fromWho="1" sc="271,0,175,-20,366,0,178,30" /><INIT seed="6,0,0,3,4,98" ten="271,155,366,208" oya="2" hai0="4,118,29,119,32,73,128,82,3,90,77,30,72" hai1="124,105,108,39,125,112,76,16,116,92,58,9,111" hai2="104,45,19,95,33,93,21,22,56,50,54,87,122" hai3="44,26,15,46,14,17,27,48,36,75,69,71,88"/><V78/><F122/><W85/><G75/><T91/><D128/><U25/><E105/><V114/><F104/><W31/><G36/><T18/><D18/><U65/><E39/><V55/><F33/><W24/><G31/><T133/><D133/><U61/><E76/><V60/><F114/><W42/><G46/><T6/><D73/><U100/><E116/><N who="0" m="44585" /><D3/><U13/><E112/><V74/><F74/><W1/><G1/><T70/><D70/><U62/><E25/><V97/><F19/><W53/><G42/><T101/><D101/><U34/><E34/><V51/><F60/><W123/><G123/><T7/><D32/><U11/><E62/><V23/><F78/><W84/><G84/><T64/><D64/><U38/><E38/><V80/><F80/><W5/><G5/><T12/><D12/><U134/><E134/><V103/><F87/><W28/><G15/><T43/><D43/><U106/><E106/><V86/><F23/><W126/><G28/><AGARI ba="0,0" hai="4,6,7,28,29,30,72,77,82,90,91" m="44585" machi="28" ten="30,1000,0" yaku="12,1" doraHai="98" who="0" fromWho="3" sc="271,10,155,0,366,0,208,-10" /><INIT seed="7,0,0,2,1,42" ten="281,155,366,198" oya="3" hai0="38,91,111,45,58,129,18,87,81,61,7,73,24" hai1="62,108,48,64,122,59,74,37,92,9,72,63,31" hai2="40,86,54,28,12,116,19,35,30,36,32,39,11" hai3="124,105,70,75,27,131,1,134,94,69,103,4,20"/><W55/><G105/><T96/><D111/><U47/><E122/><V123/><F123/><W33/><G75/><T109/><D109/><U77/><E108/><V22/><F116/><W23/><G33/><T80/><D129/><U118/><E118/><V13/><F54/><W21/><G124/><T17/><D7/><U68/><E31/><V57/><F57/><W135/><G131/><T121/><D96/><U110/><E110/><V29/><F40/><W79/><G79/><T113/><D113/><U67/><E9/><V130/><F86/><W132/><G27/><T2/><D2/><U106/><E106/><V56/><F56/><W66/><G66/><T82/><D24/><U88/><E77/><V126/><F126/><W127/><G127/><T99/><D99/><U43/><REACH who="1" step="1"/><E37/><REACH who="1" ten="281,145,366,198" step="2"/><V125/><F125/><W90/><G135/><T78/><D38/><U107/><E107/><V85/><F36/><W8/><G134/><T83/><D121/><U50/><E50/><V104/><F104/><W52/><G132/><T16/><D78/><U15/><E15/><V53/><F39/><W128/><G128/><T6/><D73/><U51/><E51/><V98/><F30/><W26/><G26/><T97/><D61/><U95/><E95/><V10/><F29/><W102/><G94/><T65/><D81/><U89/><E89/><V34/><F34/><W44/><G90/><T49/><D91/><U84/><AGARI ba="0,1" hai="43,47,48,59,62,63,64,67,68,72,74,84,88,92" machi="84" ten="20,8000,1" yaku="1,1,0,1,7,1,52,1,54,1,53,0" doraHai="42" doraHaiUra="3" who="1" fromWho="1" sc="281,-20,145,90,366,-20,198,-40" owari="261,6.0,235,-16.0,346,44.0,158,-34.0" /></mjloggm>