<mjloggm ver="2.3"><GO type="41" lobby="0"/><UN n0="%E2%93%9D%53%75%70%68%78" n1="%E3%81%8F%E3%81%85%E3%81%A1%E3%82%83%E3%82%93%EF%BC%A0%50%45" n2="%E3%82%BB%E3%82%A4%E3%83%90%E3%83%BC%E3%81%A1%E3%82%83%E3%82%93" n3="%53%65%70%6F%6E" dan="19,14,13,13" rate="2215.77,1973.86,1833.34,1965.97" sx="M,M,F,M"/><TAIKYOKU oya="0"/><INIT seed="0,0,0,3,1,1" ten="250,250,250,250" oya="0" hai0="77,124,115,53,101,22,85,84,116,11,74,56,6" hai1="34,125,44,64,109,57,62,122,49,98,103,86,72" hai2="108,55,97,54,93,82,33,75,111,50,5,73,102" hai3="126,99,47,127,45,67,15,58,89,117,81,32,29"/><T133/><D115/><U110/><E122/><V18/><F33/><W42/><G117/><T8/><D116/><U20/><E125/><V48/><F18/><W114/><G114/><T17/><D133/><U68/><E72/><V131/><F131/><W26/><G15/><T63/><D124/><U120/><E34/><V94/><F82/><W31/><G45/><T16/><D74/><U80/><E120/><V52/><F97/><W92/><G31/><T2/><D101/><U7/><E20/><V91/><F91/><W71/><G71/><T106/><D106/><U119/><E119/><V40/><F102/><W60/><REACH who="3" step="1"/><G81/><REACH who="3" ten="250,250,250,240" step="2"/><T95/><D17/><U36/><E68/><V78/><F40/><W25/><G25/><T66/><D16/><U90/><E80/><V39/><F39/><AGARI ba="0,1" hai="26,29,32,39,42,47,58,60,67,89,92,99,126,127" machi="39" ten="40,1300,0" yaku="1,1,53,0" doraHai="1" doraHaiUra="105" who="3" fromWho="2" sc="250,0,250,0,250,-13,240,23" /><INIT seed="1,0,0,4,3,16" ten="250,250,237,263" oya="1" hai0="67,118,60,5,106,26,14,19,120,88,94,13,11" hai1="42,0,131,117,30,57,46,68,105,101,110,90,64" hai2="12,83,115,95,51,9,49,2,59,125,45,86,97" hai3="53,77,31,3,112,114,96,99,47,29,78,58,15"/><U27/><E117/><V128/><F128/><W79/><G3/><T62/><D106/><U55/><E131/><V34/><F125/><W133/><G47/><T75/><D75/><U50/><E0/><V44/><F2/><W129/><G133/><T6/><D118/><U48/><E110/><V81/><F34/><W104/><G129/><T32/><D120/><U43/><E105/><V52/><F115/><W33/><G33/><T56/><D62/><N who="1" m="39959" /><E90/><V123/><F123/><W40/><G40/><N who="1" m="15402" /><E27/><V54/><F86/><W135/><G135/><T121/><D121/><U119/><E30/><V66/><F59/><W41/><G15/><T37/><D37/><U72/><E101/><V4/><F66/><W130/><G104/><T61/><D61/><N who="1" m="36031" /><E72/><V122/><F122/><W80/><G79/><T103/><D103/><AGARI ba="0,0" hai="4,9,12,44,45,49,51,52,54,81,83,95,97,103" machi="103" ten="30,7700,0" yaku="7,1,9,1,8,1,54,1" doraHai="16" who="2" fromWho="0" sc="250,-77,250,0,237,77,263,0" /><INIT seed="2,0,0,2,1,117" ten="173,250,314,263" oya="2" hai0="24,71,62,91,54,120,131,92,102,74,135,106,27" hai1="38,30,77,58,64,75,115,67,50,126,56,53,13" hai2="26,23,12,69,5,122,123,86,57,17,65,89,49" hai3="125,66,55,52,88,68,18,118,20,79,83,103,19"/><V9/><F69/><W132/><G118/><T87/><D131/><U78/><E115/><V129/><F129/><W94/><G125/><T36/><D36/><U45/><E126/><V90/><F49/><W60/><G103/><T104/><D74/><U81/><E77/><V121/><F86/><W73/><G132/><T96/><D106/><U1/><E1/><V48/><REACH who="2" step="1"/><F48/><REACH who="2" ten="173,250,304,263" step="2"/><W97/><REACH who="3" step="1"/><G19/><REACH who="3" ten="173,250,304,253" step="2"/><T85/><D135/><U98/><E38/><V113/><F113/><W25/><AGARI ba="0,2" hai="18,20,25,52,55,60,66,68,73,79,83,88,94,97" machi="25" ten="20,12000,2" yaku="1,1,2,1,0,1,7,1,54,2,53,0" doraHai="117" doraHaiUra="35" who="3" fromWho="3" sc="173,-30,250,-30,304,-60,253,140" /><INIT seed="3,0,0,1,1,16" ten="143,220,244,393" oya="3" hai0="98,109,129,131,87,67,100,62,122,121,43,36,23" hai1="69,47,26,60,93,119,73,71,46,102,4,54,9" hai2="33,74,19,55,78,2,101,57,38,99,5,111,65" hai3="52,128,21,37,96,10,29,64,103,3,82,22,104"/><W18/><G128/><N who="0" m="49227" /><D87/><U44/><E119/><V86/><F38/><W8/><G37/><T63/><D98/><U6/><E73/><V20/><F33/><W132/><G132/><T77/><D100/><U40/><E40/><V135/><F74/><W105/><G64/><T97/><D97/><U106/><E106/><V90/><F111/><W116/><G116/><T79/><D23/><U91/><E102/><V92/><F78/><N who="0" m="29706" /><D109/><U68/><E26/><V1/><F5/><W11/><G104/><T32/><D32/><U53/><E60/><N who="0" m="23081" /><D67/><U112/><E112/><V115/><F135/><W14/><G82/><T85/><D85/><U17/><E17/><V56/><F65/><W83/><G83/><T81/><D81/><U59/><E59/><V42/><F42/><W80/><G80/><T110/><D110/><U31/><E31/><V34/><F34/><W45/><G3/><T41/><D36/><U51/><E51/><V7/><F7/><W113/><G113/><T130/><D130/><U30/><E30/><V114/><F114/><W15/><G29/><T133/><D133/><U70/><N who="1" m="17408" /><DORA hai="66" /><U50/><E50/><V27/><F115/><W120/><G18/><T117/><D117/><U127/><E6/><V0/><REACH who="2" step="1"/><F55/><REACH who="2" ten="143,220,234,393" step="2"/><W125/><G52/><T108/><D108/><U76/><E54/><V13/><F13/><W39/><G15/><T134/><D134/><U61/><E53/><V95/><AGARI ba="0,1" hai="0,1,2,19,20,27,56,57,86,90,92,95,99,101" machi="95" ten="30,4000,0" yaku="1,1,0,1,52,1,53,0" doraHai="16,66" doraHaiUra="58,48" who="2" fromWho="2" sc="143,-10,220,-10,234,50,393,-20" /><INIT seed="4,0,0,1,1,55" ten="133,210,284,373" oya="0" hai0="66,2,30,57,93,98,123,62,78,3,102,25,61" hai1="63,40,65,22,100,44,88,114,68,84,74,117,90" hai2="37,52,14,110,112,107,51,46,32,71,89,58,82" hai3="83,6,91,56,45,127,48,50,1,94,92,18,23"/><T8/><D123/><U27/><E117/><V33/><F107/><W72/><G127/><T79/><D62/><U19/><E114/><V109/><F109/><W53/><G1/><T101/><D101/><U129/><E74/><V29/><F112/><W24/><G6/><T15/><D3/><U76/><E129/><V122/><F122/><W36/><G36/><T39/><D39/><U73/><E100/><V99/><F29/><W115/><G115/><T111/><D2/><U130/><E130/><V64/><F14/><W21/><G72/><T119/><D111/><U42/><E73/><V17/><F17/><W95/><G23/><N who="0" m="15679" /><D119/><U77/><E90/><V132/><F132/><W11/><G11/><T124/><D124/><U108/><E108/><V41/><F110/><W26/><G83/><T116/><D116/><U118/><E118/><V7/><F7/><AGARI ba="0,0" hai="7,8,15,57,61,66,78,79,93,98,102" m="15679" machi="7" ten="30,5800,0" yaku="25,1,8,1,52,1" doraHai="55" who="0" fromWho="2" sc="133,58,210,0,284,-58,373,0" /><INIT seed="4,1,0,2,1,30" ten="191,210,226,373" oya="0" hai0="120,36,34,69,73,112,128,5,67,1,123,92,81" hai1="111,121,2,15,109,64,94,31,131,127,89,24,97" hai2="115,96,95,133,56,86,113,49,98,14,63,53,35" hai3="26,40,114,61,17,122,51,99,125,75,8,21,37"/><T27/><D92/><U46/><E121/><V38/><F38/><W6/><G75/><T47/><D112/><N who="2" m="43082" /><F133/><W90/><G37/><T71/><D128/><U55/><E2/><V7/><F7/><W118/><G125/><T43/><D123/><U48/><E131/><V132/><F132/><W124/><G118/><T25/><D25/><U126/><E127/><V39/><F39/><W79/><G79/><N who="0" m="44271" /><D67/><U84/><E64/><N who="2" m="39015" /><F14/><W10/><G124/><T72/><D72/><U50/><E126/><V78/><F78/><W77/><G77/><T107/><D107/><U80/><E15/><V87/><F98/><W88/><G99/><T41/><D41/><U33/><REACH who="1" step="1"/><E50/><REACH who="1" ten="191,200,226,373" step="2"/><V104/><F104/><W68/><G51/><T93/><D120/><U4/><E4/><V13/><F13/><W59/><G6/><T42/><D5/><U54/><E54/><V65/><F49/><W19/><G122/><T28/><D43/><U9/><E9/><V85/><F53/><W58/><G40/><T12/><D12/><U119/><E119/><V100/><F65/><W101/><G10/><T22/><D1/><U105/><E105/><V117/><F117/><W102/><G8/><T116/><D116/><U76/><AGARI ba="1,1" hai="24,31,33,46,48,55,76,80,84,89,94,97,109,111" machi="76" ten="20,5200,0" yaku="1,1,0,1,7,1,52,1,53,0" doraHai="30" doraHaiUra="130" who="1" fromWho="1" sc="191,-27,200,65,226,-14,373,-14" /><INIT seed="5,0,0,5,2,39" ten="164,265,212,359" oya="1" hai0="113,96,66,23,13,16,58,50,118,85,15,72,135" hai1="91,4,100,75,79,37,62,30,68,124,36,134,56" hai2="2,99,105,5,119,89,51,9,46,27,12,20,94" hai3="38,25,48,53,87,90,49,35,6,73,122,132,88"/><U129/><E129/><V112/><F105/><W116/><G73/><T81/><D118/><U86/><E124/><V0/><F119/><W40/><G116/><T47/><D72/><U114/><E134/><V74/><F74/><W19/><G6/><T61/><D113/><U103/><E68/><V28/><REACH who="2" step="1"/><F112/><REACH who="2" ten="164,265,202,359" step="2"/><W69/><G132/><T109/><D135/><U125/><E114/><V55/><AGARI ba="0,1" hai="0,2,5,9,12,20,27,28,46,51,55,89,94,99" machi="55" ten="20,5200,0" yaku="1,1,2,1,0,1,7,1,53,0" doraHai="39" doraHaiUra="102" who="2" fromWho="2" sc="164,-13,265,-26,202,62,359,-13" /><INIT seed="6,0,0,4,2,109" ten="151,239,264,346" oya="2" hai0="110,134,117,1,95,40,36,90,126,125,107,70,13" hai1="71,58,119,96,116,98,23,89,55,44,26,131,122" hai2="77,39,133,68,12,111,56,11,50,7,88,66,85" hai3="97,104,10,43,67,80,123,114,38,91,99,35,14"/><V51/><F39/><W32/><G123/><T86/><D1/><U94/><E71/><V0/><F133/><W17/><G67/><T60/><D110/><U31/><E131/><V48/><F111/><W41/><G38/><T29/><D29/><U79/><E122/><V65/><F68/><W115/><G104/><T127/><D134/><U37/><E79/><V103/><F103/><W20/><G80/><T16/><D107/><U46/><E98/><N who="3" m="37386" /><G91/><T33/><D33/><N who="3" m="12873" /><G43/><T128/><D128/><U112/><E112/><N who="3" m="43050" /><G41/><T102/><D102/><U27/><E27/><V132/><F132/><W106/><G106/><T73/><D40/><U63/><REACH who="1" step="1"/><E37/><REACH who="1" ten="151,229,264,346" step="2"/><V15/><F77/><W18/><G20/><T101/><D36/><U64/><E64/><N who="2" m="24683" /><F0/><W93/><G93/><T130/><D130/><U124/><E124/><V113/><F113/><W78/><G78/><T5/><D127/><U49/><E49/><V83/><F15/><W22/><G22/><T28/><D126/><U6/><E6/><AGARI ba="0,1" hai="6,10,14,17,18" m="43050,12873,37386" machi="6" ten="30,8000,1" yaku="15,1,11,1,52,3" doraHai="109" who="3" fromWho="1" sc="151,0,229,-80,264,0,346,90" /><INIT seed="7,0,0,2,0,14" ten="151,149,264,436" oya="3" hai0="59,55,62,85,135,45,90,99,56,100,38,3,133" hai1="65,104,43,67,103,4,30,64,23,78,60,110,122" hai2="124,112,94,115,44,117,34,116,97,20,98,106,25" hai3="81,83,17,49,129,107,8,109,134,37,101,7,26"/><W118/><G37/><T86/><D3/><U27/><E122/><V73/><F73/><W11/><G49/><T96/><D59/><N who="1" m="36895" /><E110/><V28/><F124/><W22/><G101/><T80/><D86/><U132/><E132/><N who="0" m="50761" /><D100/><U15/><E104/><V77/><F77/><W125/><G83/><T114/><D114/><N who="2" m="43562" /><F106/><W126/><G81/><T70/><D70/><U69/><E69/><V63/><F63/><W87/><G107/><T39/><D39/><U57/><E103/><N who="2" m="60855" /><F98/><W108/><G7/><T119/><D119/><N who="2" m="45642" /><F44/><W128/><G118/><T68/><D68/><U5/><E78/><V41/><F41/><AGARI ba="0,0" hai="38,41,45,55,56,62,80,85,90,96,99" m="50761" machi="41" ten="30,1000,0" yaku="20,1" doraHai="14" who="0" fromWho="2" sc="151,10,149,0,264,-10,436,0" owari="161,-24.0,149,-35.0,254,5.0,436,54.0" /></mjloggm>