<mjloggm ver="2.3"><GO type="41" lobby="0"/><UN n0="%E2%93%9D%53%75%70%68%78" n1="%79%2D%74%61%74%73%75%6F" n2="%E8%8C%B6%E5%BA%A6" n3="%6D%65%74%61%6C%6B%65%6E" dan="19,15,16,15" rate="2119.14,1972.89,2022.93,2027.59" sx="M,M,M,M"/><TAIKYOKU oya="0"/><INIT seed="0,0,0,0,4,108" ten="250,250,250,250" oya="0" hai0="42,96,10,8,48,110,107,131,111,54,83,98,32" hai1="103,119,122,38,68,13,44,30,97,84,33,104,88" hai2="14,105,1,25,123,82,3,12,61,120,101,11,65" hai3="75,112,67,89,6,45,70,113,133,94,121,100,92"/><T62/><D32/><U7/><E122/><V85/><F14/><W17/><G121/><T22/><D42/><U64/><E119/><V36/><F36/><W23/><G75/><T5/><D131/><U26/><E38/><V58/><F1/><W18/><G6/><T124/><D62/><N who="1" m="39959" /><E44/><V19/><F3/><W27/><G133/><T55/><D22/><U66/><E66/><V49/><F101/><W76/><G76/><T40/><D40/><U126/><E126/><V53/><F105/><W81/><G70/><T115/><D107/><U87/><E88/><V132/><F25/><W56/><G45/><T134/><D124/><U128/><E128/><V63/><F63/><W59/><G67/><T57/><D134/><U50/><E50/><V116/><F116/><W51/><G17/><T102/><D102/><U114/><E114/><V35/><F35/><W99/><G81/><T28/><D83/><U74/><E74/><V125/><F125/><W24/><G24/><T129/><D129/><U43/><E43/><V21/><F21/><W118/><G118/><T20/><D20/><U77/><E77/><V60/><F60/><W15/><G15/><T34/><D34/><U2/><E2/><V39/><F39/><W0/><G0/><T86/><D48/><U135/><E135/><V29/><F29/><W79/><G79/><T117/><D117/><U16/><E7/><V127/><F127/><W73/><G73/><T93/><D5/><U37/><E37/><V90/><REACH who="2" step="1"/><F132/><REACH who="2" ten="250,250,240,250" step="2"/><W72/><G23/><AGARI ba="0,1" hai="13,16,23,26,30,33,84,87,97,103,104" m="39959" machi="23" ten="30,2000,0" yaku="25,1,54,1" doraHai="108" who="1" fromWho="3" sc="250,0,250,30,240,0,250,-20" /><INIT seed="1,0,0,5,0,135" ten="250,280,240,230" oya="1" hai0="67,87,7,68,99,48,43,53,30,28,58,83,122" hai1="112,86,25,5,80,114,40,1,14,64,106,9,128" hai2="19,2,103,0,22,42,17,123,134,118,89,21,52" hai3="36,37,93,119,29,116,121,75,51,77,70,97,72"/><U101/><E128/><V15/><F118/><N who="3" m="45099" /><G121/><T50/><D122/><U125/><E64/><V46/><F134/><W105/><G29/><T127/><D7/><U44/><E25/><V81/><F103/><W104/><G51/><T82/><D68/><U12/><E125/><V71/><F71/><W96/><G70/><T59/><D99/><N who="3" m="37961" /><G37/><T8/><D127/><U57/><E101/><V115/><F42/><W11/><G11/><T31/><D8/><U55/><E106/><N who="3" m="41066" /><G36/><T109/><D43/><U88/><E14/><V90/><F46/><W117/><N who="3" m="45107" /><W34/><DORA hai="133" /><G34/><T66/><D31/><U129/><E129/><V85/><F21/><W23/><G23/><T78/><D30/><U126/><E126/><V45/><F19/><W13/><G13/><T4/><D28/><U84/><E84/><V76/><F123/><W47/><G47/><T73/><D4/><U49/><REACH who="1" step="1"/><E1/><REACH who="1" ten="250,270,240,230" step="2"/><V26/><F15/><W65/><G65/><T79/><D67/><U39/><AGARI ba="0,1" hai="5,9,12,39,40,44,49,55,57,80,86,88,112,114" machi="39" ten="20,12000,1" yaku="1,1,2,1,0,1,7,1,54,1,53,0" doraHai="135,133" doraHaiUra="61,24" who="1" fromWho="1" sc="250,-40,270,130,240,-40,230,-40" /><INIT seed="1,1,0,3,3,86" ten="210,400,200,190" oya="1" hai0="96,18,64,131,50,40,7,29,30,79,4,84,60" hai1="112,107,126,46,17,85,62,97,134,80,116,124,32" hai2="133,47,63,93,27,36,69,125,101,45,49,71,20" hai3="105,83,128,24,67,108,110,34,129,113,43,61,5"/><U68/><E116/><V23/><F125/><N who="1" m="48233" /><E32/><V78/><F133/><W106/><G5/><T88/><D131/><N who="3" m="50249" /><G83/><N who="0" m="47231" /><D18/><U10/><E134/><V14/><F78/><W19/><G19/><T41/><D60/><U118/><E118/><V54/><F14/><W16/><G43/><N who="0" m="16459" /><D64/><U38/><E112/><V92/><F45/><W58/><G113/><T0/><D50/><U66/><E46/><V2/><F36/><W26/><G34/><T89/><D96/><U87/><E38/><V73/><F73/><W72/><G72/><T6/><D0/><U8/><E87/><V39/><F63/><W102/><G102/><T99/><D99/><U117/><E117/><V53/><F101/><W51/><G51/><T12/><D12/><U31/><E31/><AGARI ba="1,0" hai="4,6,7,29,30,31,88,89" m="16459,47231" machi="31" ten="30,7700,0" yaku="8,1,52,2,54,1" doraHai="86" who="0" fromWho="1" sc="210,80,400,-80,200,0,190,0" /><INIT seed="2,0,0,0,1,3" ten="290,320,200,190" oya="2" hai0="64,63,124,20,49,80,91,7,96,114,88,4,82" hai1="102,21,46,93,78,73,22,59,39,33,25,132,56" hai2="50,123,27,62,18,61,51,2,32,16,127,38,48" hai3="55,47,113,103,69,83,135,10,92,30,120,84,81"/><V79/><F123/><W107/><G120/><T85/><D124/><U112/><E112/><V129/><F38/><W14/><G69/><T58/><D114/><U57/><E132/><V17/><F127/><W66/><G66/><T94/><D82/><U72/><E78/><V29/><F129/><W109/><G109/><T115/><D115/><U77/><E77/><V11/><REACH who="2" step="1"/><F79/><REACH who="2" ten="290,320,190,190" step="2"/><W118/><G113/><T19/><REACH who="0" step="1"/><D49/><REACH who="0" ten="280,320,190,190" step="2"/><U105/><E39/><V122/><F122/><W34/><G83/><T37/><D37/><U15/><E73/><V65/><F65/><W41/><G81/><T131/><D131/><U35/><E72/><V45/><F45/><W128/><G47/><T23/><D23/><U110/><E46/><V13/><F13/><AGARI ba="0,2" hai="4,7,13,19,20,58,63,64,80,85,88,91,94,96" machi="13" ten="30,12000,2" yaku="1,1,7,1,8,1,52,2,54,1,53,1" doraHai="3" doraHaiUra="54" who="0" fromWho="2" sc="280,140,320,0,190,-120,190,0" /><INIT seed="3,0,0,0,4,79" ten="420,320,70,190" oya="3" hai0="29,125,117,97,111,63,92,83,89,5,73,132,47" hai1="118,49,119,113,115,34,36,123,106,33,135,3,25" hai2="20,77,40,94,107,35,58,13,23,61,10,9,85" hai3="133,96,57,21,72,32,105,68,99,90,71,87,130"/><W128/><G32/><N who="1" m="12394" /><E49/><V8/><F107/><W101/><G21/><T80/><D132/><U84/><E106/><V64/><F35/><W127/><G57/><T121/><D125/><U70/><E135/><V41/><F94/><N who="3" m="54623" /><G68/><T98/><D111/><U81/><E70/><V30/><F23/><W28/><G28/><T124/><D121/><U129/><E25/><V48/><F48/><W19/><G19/><T122/><D117/><N who="1" m="44555" /><E36/><V100/><F100/><N who="3" m="62599" /><G71/><T108/><D124/><U76/><E3/><V46/><F46/><W126/><G133/><T69/><D122/><U0/><E0/><V103/><F103/><W112/><G112/><N who="1" m="43082" /><E123/><V50/><F50/><W91/><G91/><T62/><D69/><U109/><E129/><N who="3" m="49770" /><G72/><T22/><D73/><U134/><E134/><V66/><F66/><W7/><G7/><T110/><D5/><U17/><E17/><V56/><F56/><W120/><G120/><T16/><D16/><U51/><E51/><V11/><N who="2" m="2048" /><DORA hai="1" /><V37/><F37/><W15/><G15/><T95/><D29/><U54/><E54/><V67/><F67/><W74/><G74/><T60/><D22/><U39/><E39/><V104/><F13/><W6/><G6/><T82/><D47/><U45/><E45/><V78/><F64/><W102/><G102/><T24/><D24/><U31/><E31/><V4/><F30/><W86/><G86/><T27/><D27/><U88/><E109/><V52/><F4/><W43/><G43/><T44/><D44/><U55/><E55/><V75/><F52/><W116/><G116/><T2/><D2/><RYUUKYOKU ba="0,0" sc="420,10,320,10,70,-30,190,10" hai0="60,62,63,80,82,83,89,92,95,97,98,108,110" hai1="76,81,84,88" hai3="99,101,126,127" /><INIT seed="3,1,0,2,3,94" ten="430,330,40,200" oya="3" hai0="59,103,108,9,70,119,125,40,80,0,133,23,27" hai1="95,121,97,17,19,74,76,132,115,99,28,65,55" hai2="11,58,24,89,13,116,110,68,77,44,124,15,107" hai3="81,87,128,3,33,48,130,123,126,49,26,22,134"/><W5/><G123/><T73/><D108/><U50/><E115/><V104/><F68/><W30/><G134/><T100/><D125/><U111/><E111/><V64/><F110/><W16/><G126/><T113/><D40/><U72/><E121/><V10/><F124/><W75/><G75/><T112/><D119/><U56/><E132/><V96/><F116/><W120/><G120/><T106/><D106/><U31/><E65/><V29/><F77/><W92/><G92/><T69/><D59/><U43/><E43/><V91/><F58/><W41/><G41/><T39/><D39/><U117/><E117/><V84/><F29/><W78/><G5/><T8/><D80/><U61/><E72/><V21/><F64/><W114/><G3/><T83/><D83/><U37/><E37/><V102/><F21/><W45/><G114/><N who="0" m="44139" /><D73/><U36/><E36/><V131/><F102/><N who="0" m="38954" /><D0/><U85/><E74/><V63/><F63/><W14/><REACH who="3" step="1"/><G45/><REACH who="3" ten="430,330,40,190" step="2"/><T127/><D133/><U35/><E95/><V2/><F2/><W51/><AGARI ba="1,1" hai="14,16,22,26,30,33,48,49,51,78,81,87,128,130" machi="51" ten="30,11700,0" yaku="1,1,2,1,0,1,54,1,53,0" doraHai="94" doraHaiUra="88" who="3" fromWho="3" sc="430,-40,330,-40,40,-40,190,130" /><INIT seed="3,2,0,4,1,122" ten="390,290,0,320" oya="3" hai0="36,4,68,33,53,63,13,112,97,18,128,12,134" hai1="26,81,71,45,2,14,107,79,31,66,120,51,3" hai2="41,74,9,125,121,17,100,42,65,47,49,118,22" hai3="135,15,124,40,16,76,20,108,89,103,132,126,99"/><W91/><G76/><T90/><D36/><U131/><E120/><V46/><F74/><W7/><G7/><T0/><D33/><U117/><E131/><V86/><F125/><N who="3" m="48235" /><G40/><T60/><D134/><N who="3" m="51241" /><G108/><T80/><D112/><U113/><E113/><V62/><F118/><W83/><G83/><T50/><D0/><U109/><E117/><V123/><F100/><W94/><AGARI ba="2,0" hai="15,16,20,89,91,94,99,103" m="51241,48235" machi="94" ten="30,6000,0" yaku="18,1,20,1,54,1" doraHai="122" who="3" fromWho="3" sc="390,-22,290,-22,0,-22,320,66" owari="368,17.0,268,-13.0,-22,-52.0,386,48.0" /></mjloggm>