<mjloggm ver="2.3"><GO type="41" lobby="0"/><UN n0="%4C%65%74%6F%2E" n1="%EF%BC%A0%E4%BC%8A%E4%B9%8B%E5%8A%A9%EF%BC%A0" n2="%E2%93%9D%53%75%70%68%78" n3="%E3%83%8F%E3%83%94%E3%83%A9%E3%83%B3" dan="15,14,19,14" rate="2098.65,1881.36,2205.38,1908.46" sx="M,M,M,M"/><TAIKYOKU oya="0"/><INIT seed="0,0,0,4,3,113" ten="250,250,250,250" oya="0" hai0="44,103,108,35,16,124,133,64,123,94,125,43,81" hai1="49,22,129,69,19,126,61,0,38,90,5,101,109" hai2="10,131,79,4,55,86,1,71,65,41,33,70,68" hai3="17,104,76,66,34,7,25,62,21,37,84,82,89"/><T106/><D123/><U26/><E38/><V111/><F111/><W57/><G37/><T2/><D106/><U14/><E0/><V13/><F131/><W80/><G104/><T99/><D35/><U53/><E109/><V97/><F33/><W48/><G34/><T3/><D108/><U88/><E129/><V30/><F30/><W98/><G98/><T85/><D64/><U60/><E101/><V45/><F55/><W74/><G48/><N who="0" m="26655" /><D133/><U67/><E61/><V40/><F40/><W54/><REACH who="3" step="1"/><G7/><REACH who="3" ten="250,250,250,240" step="2"/><T93/><D99/><U77/><E126/><V8/><F97/><W83/><G83/><T58/><D81/><U118/><E118/><V63/><F4/><W134/><G134/><T32/><D32/><U110/><E110/><V127/><F127/><W96/><G96/><T12/><D125/><U116/><E116/><V115/><F115/><W102/><G102/><T130/><D130/><U100/><E100/><V23/><F71/><W24/><G24/><T27/><D27/><U31/><E5/><V42/><F70/><W135/><G135/><T121/><D124/><U9/><E77/><V52/><F79/><W122/><G122/><T39/><D39/><U128/><E128/><V107/><F68/><W95/><G95/><T73/><D121/><U78/><E78/><V15/><F107/><W36/><G36/><T47/><D94/><U119/><E119/><V28/><F86/><W56/><G56/><AGARI ba="0,1" hai="9,14,19,22,26,31,49,53,56,60,67,69,88,90" machi="56" ten="30,2000,0" yaku="7,1,54,1" doraHai="113" who="1" fromWho="3" sc="250,0,250,30,250,0,240,-20" /><INIT seed="1,0,0,5,5,13" ten="250,280,250,220" oya="1" hai0="31,88,37,25,77,48,85,111,98,99,16,10,126" hai1="40,102,124,89,69,7,39,97,100,47,41,96,131" hai2="120,55,67,82,35,66,52,106,63,90,122,117,51" hai3="49,58,44,21,33,8,123,20,56,92,68,86,127"/><U71/><E41/><V80/><F106/><W12/><G123/><T83/><D37/><U6/><E124/><V1/><F1/><W94/><G68/><T110/><D126/><U5/><E89/><V50/><F90/><W73/><G73/><T65/><D65/><U118/><E118/><V133/><F35/><W9/><G33/><T64/><D64/><U27/><E131/><V109/><F133/><W116/><G116/><T59/><D31/><U53/><E53/><V11/><F11/><W72/><G8/><T132/><D132/><U19/><E96/><V26/><F26/><W38/><G38/><T91/><D91/><U30/><E30/><V130/><F117/><W46/><G72/><T62/><D48/><U113/><E113/><V125/><F125/><W70/><G70/><T45/><D45/><N who="3" m="17513" /><G86/><N who="0" m="48495" /><D59/><N who="3" m="22569" /><G49/><T57/><D57/><U60/><E60/><V134/><F134/><W14/><G127/><T2/><D62/><U121/><E121/><V119/><F119/><W76/><G76/><T75/><D75/><U15/><E27/><V4/><F63/><W23/><G9/><T54/><D2/><U78/><E78/><V81/><F81/><W107/><G107/><T93/><D54/><U28/><E28/><V34/><F34/><W36/><G36/><T95/><D95/><AGARI ba="0,0" hai="12,14,20,21,23,92,94,95" m="22569,17513" machi="95" ten="30,8000,1" yaku="28,2,26,2,8,1" doraHai="13" who="3" fromWho="0" sc="250,-80,280,0,250,0,220,80" /><INIT seed="2,0,0,0,3,95" ten="170,280,250,300" oya="2" hai0="97,34,46,73,126,113,25,53,130,134,129,92,76" hai1="28,55,37,90,64,93,132,5,127,9,12,106,116" hai2="20,40,4,43,77,54,1,91,52,17,122,2,31" hai3="47,104,83,80,124,66,39,107,108,11,8,85,71"/><V133/><F122/><W135/><G135/><T59/><D113/><U65/><E106/><V24/><F133/><W81/><G108/><T49/><D134/><U62/><E37/><V29/><F77/><W36/><G124/><T119/><D126/><U10/><E28/><V98/><F4/><W70/><G85/><T88/><D119/><U110/><E110/><V103/><F91/><W19/><G47/><T102/><D76/><U57/><E116/><V0/><F31/><W111/><G19/><T18/><D73/><U32/><E32/><V42/><REACH who="2" step="1"/><F29/><REACH who="2" ten="170,280,240,300" step="2"/><W48/><G111/><T7/><D7/><U109/><E109/><V27/><F27/><W38/><G66/><T3/><D102/><U26/><E26/><V60/><F60/><W22/><G48/><N who="0" m="31143" /><D3/><U74/><E132/><V69/><F69/><W120/><G120/><T14/><D25/><U115/><E127/><V72/><F72/><W61/><G61/><T35/><D18/><U84/><E74/><V51/><F51/><W86/><G22/><T125/><D125/><U105/><E115/><V117/><F117/><W123/><G123/><T128/><D14/><U41/><E10/><V68/><F68/><N who="3" m="26155" /><G86/><T118/><D118/><U16/><E5/><V15/><F15/><W100/><G100/><T21/><D21/><U23/><E23/><V75/><F75/><W6/><G6/><T67/><D35/><U56/><E65/><V45/><F45/><W131/><G131/><T82/><D34/><U78/><E78/><V13/><F13/><W101/><G101/><T63/><D67/><U89/><E64/><RYUUKYOKU ba="0,1" sc="170,-15,280,-15,240,15,300,15" hai2="0,1,2,17,20,24,40,42,43,52,54,98,103" hai3="8,11,36,38,39,80,81,83,104,107" /><INIT seed="2,1,1,1,1,74" ten="155,265,255,315" oya="2" hai0="72,126,40,44,41,15,135,49,131,116,105,95,55" hai1="11,31,33,127,94,107,82,87,58,34,38,85,1" hai2="46,124,43,52,14,57,19,83,21,103,70,102,48" hai3="109,113,45,30,60,7,23,2,132,28,63,115,68"/><V71/><F124/><W86/><G109/><T10/><D105/><U76/><E38/><V62/><REACH who="2" step="1"/><F83/><REACH who="2" ten="155,265,245,315" step="2"/><W37/><G132/><T13/><D126/><U50/><E127/><V110/><F110/><W24/><G30/><T99/><D135/><U3/><E31/><V80/><F80/><W79/><G68/><AGARI ba="1,2" hai="14,19,21,43,46,48,52,57,62,68,70,71,102,103" machi="68" ten="40,3900,0" yaku="1,1,54,1,53,0" doraHai="74" doraHaiUra="91" who="2" fromWho="3" sc="155,0,265,0,245,62,315,-42" /><INIT seed="2,2,0,5,2,83" ten="155,265,307,273" oya="2" hai0="75,2,40,119,12,29,92,98,111,82,15,14,87" hai1="81,21,76,54,8,88,86,22,27,30,38,59,80" hai2="129,56,101,66,128,58,135,57,115,100,10,93,113" hai3="70,112,1,67,32,78,20,94,11,18,116,132,68"/><V131/><F135/><W123/><G123/><T49/><D2/><U28/><E38/><V96/><F66/><W91/><G116/><T77/><D111/><U89/><E8/><V44/><F101/><W108/><G108/><T16/><D119/><U72/><E89/><V4/><REACH who="2" step="1"/><F44/><REACH who="2" ten="155,265,297,273" step="2"/><W6/><G132/><T60/><D75/><U36/><E36/><V19/><F19/><W71/><G112/><T97/><D29/><U106/><E106/><V45/><F45/><W102/><G102/><T99/><D92/><U50/><REACH who="1" step="1"/><E30/><REACH who="1" ten="155,255,297,273" step="2"/><V133/><F133/><W43/><G78/><T124/><D77/><U103/><E103/><V5/><F5/><W33/><G67/><T110/><D110/><U130/><E130/><V74/><F74/><W85/><REACH who="3" step="1"/><G43/><REACH who="3" ten="155,255,297,263" step="2"/><T125/><D40/><U114/><E114/><V48/><F48/><W42/><G42/><T65/><D49/><U79/><E79/><V46/><F46/><W39/><G39/><T62/><D65/><U118/><E118/><V69/><F69/><W31/><G31/><T53/><D53/><U23/><AGARI ba="2,3" hai="21,22,23,27,28,50,54,59,72,76,80,81,86,88" machi="23" ten="20,8000,1" yaku="1,1,0,1,7,1,52,1,54,1,53,0" doraHai="83" doraHaiUra="34" who="1" fromWho="1" sc="155,-22,255,116,297,-42,263,-22" /><INIT seed="3,0,0,5,2,49" ten="133,371,255,241" oya="3" hai0="93,90,7,123,3,4,105,109,13,70,59,83,8" hai1="43,129,71,6,97,14,112,47,118,88,85,31,60" hai2="84,27,113,106,116,30,91,1,122,36,103,58,107" hai3="114,5,65,16,79,55,12,77,20,119,121,68,72"/><W89/><G121/><T42/><D123/><U101/><E112/><V111/><F1/><W48/><G114/><T117/><D70/><U11/><E118/><V131/><F36/><W87/><G119/><T130/><D105/><U34/><E129/><V19/><F111/><W75/><G72/><T135/><D117/><U120/><E120/><V63/><F131/><W98/><G98/><T132/><D130/><U96/><E34/><V92/><F113/><W69/><G65/><T86/><D109/><U41/><E31/><V0/><F0/><W45/><G68/><T78/><D42/><U110/><E110/><V108/><F108/><W57/><G69/><T81/><D59/><U35/><E35/><V66/><F122/><W124/><G124/><T61/><D61/><U80/><E101/><V100/><F116/><W64/><G75/><T25/><D25/><U82/><E82/><V10/><F107/><W104/><G104/><T74/><REACH who="0" step="1"/><D83/><REACH who="0" ten="123,371,255,241" step="2"/><U62/><E43/><V54/><F106/><W9/><G45/><T17/><D17/><U40/><E40/><V134/><F19/><W23/><G64/><T28/><D28/><U18/><E18/><V32/><F66/><W52/><G23/><T46/><D46/><U76/><E71/><V39/><F30/><W15/><G55/><T51/><D51/><U99/><REACH who="1" step="1"/><E76/><REACH who="1" ten="123,361,255,241" step="2"/><V53/><F32/><W95/><AGARI ba="0,2" hai="5,9,12,15,16,20,48,52,57,77,79,87,89,95" machi="95" ten="20,24000,3" yaku="0,1,7,1,25,2,8,1,52,1,54,2" doraHai="49" who="3" fromWho="3" sc="123,-80,361,-80,255,-80,241,260" /><INIT seed="3,1,0,2,5,118" ten="43,281,175,501" oya="3" hai0="123,21,133,17,37,115,12,69,39,74,88,43,67" hai1="129,62,132,85,76,65,82,63,117,28,90,13,19" hai2="55,83,3,53,54,121,109,127,91,122,73,107,116" hai3="104,32,27,46,102,9,45,94,34,8,7,95,11"/><W128/><G128/><T114/><D74/><U78/><E129/><V59/><F116/><W66/><G104/><T31/><D133/><U64/><E132/><V47/><F3/><W72/><G72/><T14/><D31/><U79/><E28/><V60/><F107/><W86/><G27/><T89/><D43/><U110/><E110/><V113/><F113/><N who="0" m="43018" /><D14/><U134/><E134/><V50/><F127/><W16/><G7/><T68/><D67/><N who="1" m="25675" /><E117/><V135/><F109/><W44/><G66/><T96/><D123/><N who="2" m="47114" /><F135/><W92/><G86/><T38/><D96/><U36/><E36/><N who="0" m="9217" /><T51/><DORA hai="40" /><D51/><U49/><E49/><V70/><F70/><AGARI ba="1,0" hai="12,17,21,68,69,70,88,89" m="9217,43018" machi="70" ten="50,3200,0" yaku="11,1,54,1" doraHai="118,40" who="0" fromWho="2" sc="43,35,281,0,175,-35,501,0" /><INIT seed="4,0,0,3,4,79" ten="78,281,140,501" oya="0" hai0="114,35,2,94,83,84,29,128,16,95,108,27,72" hai1="54,49,61,76,52,112,10,81,89,20,9,86,91" hai2="14,58,130,1,123,124,66,30,36,74,12,135,55" hai3="119,57,8,25,127,82,53,65,32,43,73,45,18"/><T109/><D114/><U44/><E112/><V122/><F1/><W90/><G119/><T67/><D2/><U110/><E110/><N who="0" m="42601" /><D128/><U28/><E28/><V126/><F74/><W15/><G65/><T19/><D67/><U133/><E133/><V77/><F77/><W0/><G127/><N who="2" m="48681" /><F30/><W38/><G0/><T68/><D68/><U125/><E20/><V121/><F36/><W102/><G102/><T131/><D131/><U11/><E125/><V17/><F130/><W100/><G100/><T93/><D72/><U107/><E107/><V113/><F113/><W118/><G118/><T40/><D40/><U71/><E71/><V7/><F66/><W116/><G116/><T13/><D13/><N who="2" m="5226" /><F7/><W63/><G73/><T117/><D117/><U88/><E61/><N who="2" m="36063" /><F17/><W85/><G32/><T50/><D50/><U132/><E132/><AGARI ba="0,0" hai="121,122,123,132,135" m="36063,5226,48681" machi="132" ten="40,1300,0" yaku="18,1" doraHai="79" who="2" fromWho="1" sc="78,0,281,-13,140,13,501,0" /><INIT seed="5,0,0,3,5,45" ten="78,268,153,501" oya="1" hai0="55,5,79,112,22,38,98,114,32,62,111,71,83" hai1="6,0,44,48,11,131,87,26,51,84,88,109,50" hai2="57,125,18,115,113,127,12,130,106,69,126,121,60" hai3="117,78,96,19,56,99,97,29,53,21,8,120,24"/><U63/><E87/><V100/><F121/><W134/><G120/><T116/><D32/><U28/><E63/><V93/><F106/><W101/><G134/><T2/><D116/><U42/><E109/><V124/><F130/><W89/><G78/><T14/><D111/><U34/><REACH who="1" step="1"/><E131/><REACH who="1" ten="78,258,153,501" step="2"/><V36/><F127/><W13/><G117/><T9/><D62/><U72/><E72/><V80/><F126/><W77/><G77/><T104/><D79/><U33/><E33/><V105/><F125/><W92/><G101/><T52/><D114/><U7/><E7/><V91/><F100/><W39/><G39/><T119/><D112/><U58/><E58/><V75/><F36/><W47/><G47/><T107/><D38/><U118/><E118/><V128/><F124/><W102/><G102/><T31/><D119/><U3/><E3/><V30/><F128/><W41/><G41/><T95/><D2/><U65/><E65/><V37/><F115/><W66/><G66/><T68/><D68/><U17/><E17/><V59/><F69/><W49/><AGARI ba="0,1" hai="8,13,19,21,24,29,49,53,56,89,92,96,97,99" machi="49" ten="20,5200,0" yaku="0,1,7,1,8,1,52,1" doraHai="45" who="3" fromWho="3" sc="78,-13,258,-26,153,-13,501,62" /><INIT seed="6,0,0,5,2,85" ten="65,232,140,563" oya="2" hai0="12,88,52,7,120,29,91,51,107,42,25,50,65" hai1="70,58,47,114,19,15,106,59,4,63,81,38,135" hai2="27,16,79,43,5,49,96,102,28,31,46,110,45" hai3="84,55,17,122,75,21,87,86,40,60,80,54,123"/><V94/><F110/><W76/><G40/><T95/><D107/><U105/><E114/><V41/><F5/><W126/><G126/><T89/><D120/><U30/><E4/><V64/><F79/><W11/><G11/><N who="0" m="4223" /><D65/><U37/><E135/><V6/><F6/><W112/><G112/><T78/><D78/><U119/><E70/><V10/><F64/><W127/><G127/><T113/><D113/><U90/><E59/><V98/><F98/><W44/><G44/><N who="0" m="25879" /><D25/><U56/><E58/><V109/><F109/><W77/><G77/><T39/><D29/><U118/><E30/><V131/><F131/><W20/><G20/><T100/><D39/><U66/><E47/><V128/><F128/><W71/><G71/><T61/><D61/><U48/><E48/><N who="2" m="26671" /><F10/><W115/><G115/><T69/><D69/><U104/><E38/><V23/><AGARI ba="0,0" hai="16,23,27,28,31,43,46,49,94,96,102" m="26671" machi="23" ten="30,3000,0" yaku="8,1,54,1" doraHai="85" who="2" fromWho="2" sc="65,-10,232,-10,140,30,563,-10" /><INIT seed="6,1,0,5,2,61" ten="55,222,170,553" oya="2" hai0="14,42,129,20,0,100,16,81,108,5,32,128,10" hai1="107,31,49,88,64,58,63,92,1,96,38,45,120" hai2="69,17,37,57,52,48,21,112,135,115,68,93,74" hai3="119,101,77,71,34,54,95,103,80,94,116,50,36"/><V76/><F37/><W123/><G123/><T43/><D100/><U11/><E107/><V62/><F135/><W15/><G36/><T105/><D105/><U106/><E106/><V133/><F133/><W111/><G111/><T98/><D98/><U90/><E120/><V60/><F76/><W35/><G71/><N who="2" m="27209" /><F93/><W75/><G116/><T51/><D81/><U127/><E127/><V8/><F8/><W30/><G119/><T89/><D89/><U29/><E38/><V118/><F74/><W24/><G35/><T114/><D51/><U19/><E90/><V126/><F118/><W6/><G101/><T72/><D72/><U25/><E1/><V99/><F99/><W26/><G103/><T22/><D108/><U41/><E11/><V102/><F126/><W110/><G110/><T70/><D70/><U131/><E131/><N who="0" m="50249" /><D43/><U109/><E109/><V83/><F83/><W86/><G75/><T13/><D42/><U124/><E124/><V2/><F2/><W56/><G6/><T134/><D134/><U23/><AGARI ba="1,0" hai="19,23,25,29,31,41,45,49,58,63,64,88,92,96" machi="23" ten="30,7900,0" yaku="0,1,8,1,52,1,54,1" doraHai="61" who="1" fromWho="1" sc="55,-21,222,82,170,-40,553,-21" /><INIT seed="7,0,0,3,3,57" ten="34,304,130,532" oya="3" hai0="61,16,128,129,40,38,123,3,32,14,55,44,13" hai1="116,107,92,132,8,64,121,0,85,113,36,34,71" hai2="133,43,125,20,7,111,50,105,119,60,78,66,83" hai3="37,18,122,4,76,127,59,100,48,69,56,25,51"/><W54/><G37/><T90/><D3/><U117/><RYUUKYOKU type="yao9" ba="0,0" sc="34,0,304,0,130,0,532,0" hai1="0,8,34,36,64,71,85,92,107,113,116,117,121,132" /><INIT seed="7,1,0,2,1,40" ten="34,304,130,532" oya="3" hai0="33,108,56,18,111,85,6,91,67,34,119,66,29" hai1="22,101,14,106,99,51,63,113,77,43,127,122,52" hai2="37,15,61,130,8,55,25,98,107,58,129,87,102" hai3="123,84,28,44,126,24,35,45,69,121,64,50,17"/><W72/><G72/><T54/><D119/><U27/><E122/><V59/><F37/><W11/><G126/><T5/><D29/><U90/><E127/><V132/><F132/><W2/><G69/><T71/><D56/><U68/><E77/><V31/><F87/><W94/><G64/><T118/><D85/><U62/><E43/><V19/><F59/><W39/><G39/><T57/><D57/><U49/><E49/><V131/><REACH who="2" step="1"/><F131/><REACH who="2" ten="34,304,120,532" step="2"/><W21/><G123/><T100/><D118/><U65/><E63/><V75/><F75/><W42/><G121/><T41/><D71/><U89/><E113/><V120/><F120/><W73/><G73/><T10/><D41/><U7/><E7/><V134/><F134/><W117/><G42/><T0/><D10/><U97/><E97/><V70/><F70/><W12/><G11/><T125/><D125/><U83/><E83/><V82/><F82/><W93/><G84/><T92/><D0/><U112/><E112/><V80/><F80/><W20/><G2/><T79/><D79/><U114/><E114/><V109/><F109/><W133/><G133/><T115/><D115/><U26/><E68/><V47/><F47/><W3/><G3/><T16/><D54/><U104/><E65/><V128/><F128/><W81/><G81/><T76/><D76/><U88/><E62/><V53/><F53/><W38/><G38/><T78/><D78/><U32/><E52/><V1/><F1/><W96/><G117/><T48/><D100/><U30/><E101/><V95/><F95/><N who="3" m="36363" /><G96/><T74/><D74/><U86/><E106/><RYUUKYOKU ba="1,1" sc="34,-10,304,-10,120,30,532,-10" hai2="8,15,19,25,31,55,58,61,98,102,107,129,130" owari="24,-48.0,294,9.0,150,-25.0,532,64.0" /></mjloggm>