<mjloggm ver="2.3"><GO type="41" lobby="0"/><UN n0="%E3%82%B9%E3%83%95%E3%82%A3%E3%83%B3%E3%82%AF%E8%97%BB" n1="%E2%93%9D%53%75%70%68%78" n2="%45%74%75%70%69%72%6B%61" n3="%E8%99%9A%E5%BF%83%E5%9D%A6%E6%87%90" dan="14,19,14,14" rate="2047.44,2188.51,1869.91,1903.96" sx="M,M,M,M"/><TAIKYOKU oya="0"/><INIT seed="0,0,0,3,3,85" ten="250,250,250,250" oya="0" hai0="106,53,87,23,35,26,5,57,86,101,29,36,13" hai1="43,112,125,131,9,1,12,66,108,102,98,130,31" hai2="67,7,55,90,91,79,104,63,103,76,50,25,46" hai3="49,126,113,127,20,8,6,78,135,100,62,70,122"/><T88/><D36/><U74/><E108/><V105/><F7/><W60/><G113/><T30/><D106/><U133/><E125/><V109/><F109/><W47/><G78/><T58/><D101/><U128/><E133/><V4/><F4/><W22/><G135/><T93/><D86/><U28/><E1/><V14/><F14/><W21/><G100/><T54/><D35/><U83/><E43/><V73/><F25/><W51/><G122/><T65/><D30/><U99/><E66/><V39/><F39/><W123/><G123/><T118/><D118/><U45/><E45/><V69/><F79/><W115/><G115/><T10/><D65/><U64/><E64/><V19/><F19/><W34/><G34/><T116/><REACH who="0" step="1"/><D116/><REACH who="0" ten="240,250,250,250" step="2"/><U61/><E31/><V96/><REACH who="2" step="1"/><F104/><REACH who="2" ten="240,250,240,250" step="2"/><W84/><G126/><T38/><D38/><U17/><E112/><V89/><F89/><W33/><G127/><T80/><D80/><AGARI ba="0,2" hai="46,50,55,63,67,69,73,76,80,90,91,96,103,105" machi="80" ten="40,8000,1" yaku="1,1,52,2,53,1" doraHai="85" doraHaiUra="72" who="2" fromWho="0" sc="240,-80,250,0,240,100,250,0" /><INIT seed="1,0,0,4,1,6" ten="160,250,340,250" oya="1" hai0="69,7,38,67,102,105,131,62,8,3,53,35,81" hai1="128,16,0,33,2,122,43,1,94,120,41,28,86" hai2="72,57,125,56,118,65,83,97,14,123,109,110,46" hai3="134,133,112,132,34,19,11,129,107,58,64,10,44"/><U74/><E74/><V32/><F32/><W47/><G107/><T96/><D53/><U45/><E128/><V9/><F118/><W78/><G112/><T22/><D22/><U18/><E86/><V73/><F123/><W60/><G34/><T12/><D131/><U113/><E94/><V23/><F125/><W61/><G129/><T93/><D81/><U42/><E45/><N who="3" m="17482" /><G78/><T119/><D119/><U24/><REACH who="1" step="1"/><E113/><REACH who="1" ten="160,240,340,250" step="2"/><V126/><F46/><W76/><G134/><T85/><D85/><U4/><E4/><V84/><F73/><W13/><G133/><T36/><D93/><U91/><E91/><V51/><F84/><W88/><G132/><T68/><D68/><U117/><E117/><V31/><F72/><W27/><G76/><T54/><D54/><U29/><E29/><V48/><F31/><W130/><G130/><T90/><D90/><U50/><E50/><V92/><F51/><W115/><G115/><T108/><D108/><U59/><E59/><V17/><F48/><W103/><G88/><T30/><REACH who="0" step="1"/><D12/><REACH who="0" ten="150,240,340,250" step="2"/><U39/><E39/><V52/><F14/><W37/><G37/><T15/><D15/><U5/><E5/><V26/><F109/><W116/><G116/><T111/><D111/><U106/><E106/><V79/><F110/><W71/><G13/><T25/><AGARI ba="0,2" hai="3,7,8,25,30,35,36,38,62,67,69,96,102,105" machi="25" ten="30,16000,3" yaku="1,1,0,1,25,2,33,3,52,1,53,0" doraHai="6" doraHaiUra="82" who="0" fromWho="0" sc="150,180,240,-80,340,-40,250,-40" /><INIT seed="2,0,0,4,4,69" ten="330,160,300,210" oya="2" hai0="87,33,19,57,107,45,120,30,17,32,8,118,126" hai1="127,37,135,55,44,131,23,1,64,35,46,63,79" hai2="89,83,97,2,105,0,111,95,24,125,78,6,109" hai3="119,61,26,56,14,80,104,20,34,72,31,50,53"/><V102/><F125/><W12/><G119/><T15/><D107/><U122/><E35/><V71/><F71/><W75/><G104/><T60/><D120/><U41/><E1/><V130/><F130/><W124/><G124/><T43/><D126/><U116/><E79/><V16/><F6/><W132/><G132/><T74/><D74/><U36/><E23/><V110/><F24/><W88/><G75/><T108/><D108/><U73/><E73/><V7/><F7/><W62/><G72/><T48/><D118/><U58/><E127/><V49/><F78/><W66/><G62/><T27/><D32/><U47/><E116/><V40/><F83/><W93/><G80/><T123/><D123/><U29/><E29/><V133/><F133/><W39/><G39/><N who="1" m="14922" /><E135/><V13/><F49/><W98/><REACH who="3" step="1"/><G34/><REACH who="3" ten="330,160,300,200" step="2"/><T92/><D33/><U22/><E122/><V25/><F40/><W114/><G114/><T82/><D82/><U101/><E131/><V42/><F42/><W112/><G112/><T77/><D43/><U84/><E41/><V94/><F105/><W52/><G52/><T10/><D92/><U90/><E55/><V76/><F76/><W5/><G5/><T28/><D60/><U11/><E63/><V54/><F54/><W121/><G121/><T68/><D77/><U128/><E128/><V99/><REACH who="2" step="1"/><F25/><REACH who="2" ten="330,160,290,200" step="2"/><W129/><G129/><T4/><D27/><U65/><E65/><V70/><F70/><AGARI ba="0,2" hai="12,14,20,26,31,50,53,56,61,66,70,88,93,98" machi="70" ten="30,3900,0" yaku="1,1,7,1,54,1,53,0" doraHai="69" doraHaiUra="115" who="3" fromWho="2" sc="330,0,160,0,290,-39,200,59" /><INIT seed="3,0,0,0,1,16" ten="330,160,251,259" oya="3" hai0="54,11,95,75,76,86,117,29,69,35,64,87,88" hai1="27,37,126,100,39,28,92,53,80,103,63,132,45" hai2="58,56,78,105,83,121,110,40,65,84,107,66,94" hai3="14,60,50,24,46,119,74,101,8,17,106,1,10"/><W133/><G74/><T97/><D117/><U129/><E129/><V128/><F128/><W90/><G119/><T73/><D35/><U131/><E131/><V127/><F110/><W36/><G36/><T19/><D29/><U93/><E132/><V102/><F40/><W51/><G133/><T47/><D64/><U77/><E126/><V112/><F112/><W130/><G130/><T68/><D75/><U7/><E7/><V108/><F108/><W71/><G90/><T3/><D69/><U59/><E93/><V33/><F33/><W124/><G124/><T26/><D68/><U32/><E92/><V61/><F121/><W4/><G46/><T48/><D73/><U57/><E57/><V49/><F127/><W135/><G135/><T21/><REACH who="0" step="1"/><D76/><REACH who="0" ten="320,160,251,259" step="2"/><U98/><E77/><V15/><F66/><W55/><G71/><T2/><D2/><U79/><E79/><V30/><F65/><W9/><G1/><T134/><D134/><U115/><E115/><V96/><F30/><W81/><G4/><AGARI ba="0,1" hai="3,4,11,19,21,26,47,48,54,86,87,88,95,97" machi="4" ten="40,8000,1" yaku="1,1,52,1,54,1,53,2" doraHai="16" doraHaiUra="82" who="0" fromWho="3" sc="320,90,160,0,251,0,259,-80" /><INIT seed="4,0,0,1,4,32" ten="410,160,251,179" oya="0" hai0="24,119,114,38,91,74,134,30,84,41,20,88,133" hai1="132,135,27,107,73,126,106,53,61,66,85,130,33" hai2="26,72,97,31,57,80,42,6,48,118,102,69,58" hai3="18,1,44,15,65,71,51,59,23,90,5,9,125"/><T52/><D119/><U12/><E73/><V2/><F69/><W75/><G125/><T99/><D114/><U10/><E53/><V94/><F72/><W120/><G75/><T47/><D74/><U98/><E85/><V127/><F127/><W93/><G120/><T87/><D99/><U60/><E60/><V4/><F80/><W43/><G71/><T22/><D22/><U45/><E45/><V78/><F78/><W115/><G115/><T55/><D87/><U63/><E63/><V37/><F37/><W86/><G65/><T21/><D21/><U101/><E130/><V121/><F121/><W70/><G70/><T39/><D91/><U40/><E40/><V79/><F79/><W82/><G59/><T131/><D39/><U89/><E89/><V129/><F58/><W116/><REACH who="3" step="1"/><G82/><REACH who="3" ten="410,160,251,169" step="2"/><N who="0" m="49175" /><D131/><U28/><E126/><V76/><F129/><W128/><G128/><T96/><D96/><U34/><E107/><V25/><F97/><W113/><G113/><T95/><D95/><U46/><E46/><V105/><F94/><W49/><G49/><T109/><D109/><U16/><REACH who="1" step="1"/><E34/><REACH who="1" ten="410,150,251,169" step="2"/><V92/><F105/><W124/><G124/><T11/><D47/><U7/><E7/><V68/><F6/><W112/><G112/><T54/><D41/><U77/><E77/><V36/><F4/><W29/><G29/><T3/><D38/><U110/><E110/><V19/><F42/><W56/><G56/><AGARI ba="0,2" hai="10,12,16,27,28,33,56,61,66,98,101,106,132,135" machi="56" ten="40,2600,0" yaku="1,1,54,1,53,0" doraHai="32" doraHaiUra="0" who="1" fromWho="3" sc="410,0,150,46,251,0,169,-26" /><INIT seed="5,0,0,3,2,43" ten="410,196,251,143" oya="1" hai0="4,119,39,107,32,95,31,33,0,96,85,38,87" hai1="76,40,3,92,16,103,135,30,121,104,8,83,108" hai2="88,10,12,84,52,26,37,58,118,110,15,36,54" hai3="63,105,130,71,41,123,80,25,22,62,112,56,114"/><U19/><E121/><V97/><F110/><W51/><G105/><T72/><D119/><U47/><E108/><V1/><F1/><W34/><G34/><T46/><D95/><U55/><E104/><V23/><F97/><W2/><G2/><T67/><D87/><U29/><E55/><V106/><F54/><W133/><G123/><T102/><D85/><U82/><E135/><V78/><F78/><W115/><G133/><T86/><D86/><U128/><E128/><V94/><F118/><W124/><G80/><T45/><D67/><U113/><E113/><V120/><F120/><W50/><G130/><T21/><D72/><U127/><E127/><V24/><F24/><W53/><G124/><T101/><D21/><U79/><E3/><V75/><F75/><W61/><G22/><T100/><D31/><N who="1" m="11787" /><E8/><V49/><F15/><W60/><G25/><T6/><D0/><U99/><E83/><V14/><F14/><W7/><G7/><T9/><D9/><U65/><E65/><V28/><REACH who="2" step="1"/><F106/><REACH who="2" ten="410,196,241,143" step="2"/><W98/><G98/><T93/><D107/><U111/><E111/><V5/><AGARI ba="0,1" hai="5,10,12,23,26,28,36,37,49,52,58,84,88,94" machi="5" ten="20,12000,2" yaku="1,1,2,1,0,1,7,1,54,2,53,1" doraHai="43" doraHaiUra="18" who="2" fromWho="2" sc="410,-30,196,-60,241,130,143,-30" /><INIT seed="6,0,0,2,0,85" ten="380,136,371,113" oya="2" hai0="67,18,32,52,131,61,83,42,20,53,103,105,106" hai1="99,25,124,21,121,95,26,36,27,71,29,92,123" hai2="45,97,76,130,2,107,101,16,125,112,41,46,15" hai3="108,49,110,78,6,31,3,86,68,19,47,129,56"/><V116/><F116/><W50/><G68/><T35/><D42/><U30/><E36/><V9/><F112/><W93/><G31/><T126/><D126/><U111/><E71/><V51/><F130/><W59/><G129/><T90/><D131/><U0/><E0/><V37/><F125/><W69/><G69/><T57/><D32/><U8/><E124/><V84/><F2/><W117/><G117/><T34/><D35/><U63/><E8/><V91/><F76/><W17/><G3/><T1/><D34/><U60/><E111/><V22/><F46/><W98/><G6/><T135/><D135/><U74/><E74/><V100/><F100/><W102/><G108/><T133/><D133/><U119/><E119/><V14/><F14/><W79/><G110/><T115/><D115/><U77/><E77/><V114/><F114/><W33/><G33/><T54/><D103/><U7/><E7/><V70/><F70/><W48/><G47/><T39/><D39/><U38/><E38/><V64/><F64/><W75/><G75/><T104/><D1/><U12/><E12/><V94/><REACH who="2" step="1"/><F37/><REACH who="2" ten="380,136,361,113" step="2"/><W24/><G78/><T81/><D67/><U66/><E66/><V10/><AGARI ba="0,1" hai="9,10,15,16,22,41,45,51,84,91,94,97,101,107" machi="10" ten="30,18000,2" yaku="1,1,2,1,0,1,52,1,54,1,53,1" doraHai="85" doraHaiUra="96" who="2" fromWho="2" sc="380,-60,136,-60,361,190,113,-60" /><INIT seed="6,1,0,0,5,0" ten="320,76,551,53" oya="2" hai0="109,1,129,66,100,11,113,63,8,19,76,18,81" hai1="67,80,28,43,118,30,24,97,69,91,5,106,123" hai2="47,22,125,79,105,38,27,94,41,13,92,127,135" hai3="33,120,14,53,25,89,44,65,57,83,35,23,111"/><V3/><F105/><W21/><G111/><T49/><D109/><U42/><E118/><V9/><F3/><W31/><G120/><T45/><D113/><U72/><E30/><V60/><F60/><W56/><G35/><T32/><D32/><U50/><E50/><V90/><F79/><W130/><G33/><T98/><D129/><U62/><E123/><V103/><F103/><W116/><G130/><T95/><D1/><U93/><E106/><V16/><F135/><W68/><G68/><T99/><D99/><U122/><E122/><V6/><REACH who="2" step="1"/><F94/><REACH who="2" ten="320,76,541,53" step="2"/><W86/><G116/><T101/><D101/><U115/><E62/><V88/><F88/><W29/><G89/><T51/><D95/><U12/><E91/><V85/><AGARI ba="1,1" hai="6,9,13,16,22,27,38,41,47,85,90,92,125,127" machi="85" ten="30,11700,0" yaku="1,1,0,1,52,1,54,1,53,0" doraHai="0" doraHaiUra="108" who="2" fromWho="2" sc="320,-40,76,-40,541,130,53,-40" /><INIT seed="6,2,0,4,0,58" ten="280,36,671,13" oya="2" hai0="33,61,81,100,24,6,42,87,20,77,122,123,12" hai1="120,103,134,69,106,101,130,35,28,17,76,67,3" hai2="83,60,112,80,128,94,7,15,27,46,73,54,108" hai3="102,78,34,37,16,98,125,111,4,84,66,90,45"/><V117/><F73/><W39/><G34/><T85/><D33/><U107/><E3/><V2/><F2/><W59/><G111/><T31/><D100/><U124/><E17/><V48/><F117/><W56/><G125/><T25/><D25/><U1/><E1/><V132/><F108/><W97/><G4/><T0/><D0/><U115/><E76/><V52/><F132/><W30/><G30/><T86/><D42/><U19/><E130/><V57/><F112/><W126/><G39/><T50/><D50/><U135/><E19/><V129/><F94/><W91/><G37/><T21/><D122/><U95/><E95/><V11/><F27/><W14/><G45/><T92/><D92/><U96/><E124/><V104/><F104/><W79/><G126/><T118/><D123/><U41/><E115/><V29/><F29/><W47/><G47/><T121/><D121/><U5/><E120/><V36/><F36/><W22/><G102/><T89/><D118/><U105/><E103/><V49/><F49/><W114/><G114/><T116/><D116/><U64/><E107/><V110/><F110/><W38/><G38/><T10/><D20/><U113/><E106/><V55/><F55/><W18/><G66/><T26/><D24/><N who="1" m="18823" /><E67/><V88/><F88/><N who="3" m="33835" /><G84/><T32/><D32/><U43/><E113/><V62/><F129/><W93/><G93/><N who="0" m="54447" /><D86/><U99/><E99/><N who="3" m="37898" /><G18/><T75/><D75/><U133/><E5/><V51/><F128/><W82/><G82/><AGARI ba="2,0" hai="7,11,15,46,48,51,52,54,57,60,62,80,82,83" machi="82" ten="40,12000,1" yaku="8,1,52,2,54,1" doraHai="58" who="2" fromWho="3" sc="280,0,36,0,671,126,13,-126" owari="280,8.0,36,-36.0,797,89.0,-113,-61.0" /></mjloggm>