<mjloggm ver="2.3"><GO type="41" lobby="0"/><UN n0="%E2%93%9D%53%75%70%68%78" n1="%E3%81%8E%E3%81%A3%E3%81%8F%E3%82%8A%E3%81%94%E3%81%97" n2="%73%65%61%73%74%6F%72%79" n3="%4B%4A%E3%81%BA%E3%83%BC" dan="19,13,15,15" rate="2199.27,1872.26,2007.93,1956.58" sx="M,M,M,M"/><TAIKYOKU oya="0"/><INIT seed="0,0,0,5,0,131" ten="250,250,250,250" oya="0" hai0="107,127,32,108,122,94,19,84,8,80,21,0,112" hai1="31,50,82,91,23,10,9,126,77,12,116,92,18" hai2="95,36,57,129,40,70,15,90,6,83,60,96,26" hai3="25,11,64,110,39,117,51,17,130,68,104,53,120"/><T52/><D112/><U111/><E116/><V59/><F129/><W76/><G117/><T99/><D122/><U37/><E37/><V16/><F70/><W134/><G104/><T118/><D118/><U85/><E126/><V3/><F3/><W28/><G39/><T49/><D32/><U97/><E111/><V100/><F36/><W33/><G110/><T114/><D107/><U29/><E50/><V132/><F40/><W62/><G130/><T65/><D65/><U113/><E113/><V87/><F6/><W35/><G76/><T44/><D127/><U86/><E86/><V42/><F42/><W101/><G101/><T102/><D108/><U105/><E105/><V78/><F26/><W81/><G81/><T69/><D69/><U1/><E1/><V89/><F59/><W66/><G66/><T74/><D74/><U20/><E10/><V119/><F119/><W115/><G35/><T56/><D8/><U75/><E75/><V73/><F73/><W125/><G115/><T98/><D98/><U123/><E123/><V103/><F132/><W46/><G120/><T79/><D0/><U5/><E5/><V88/><F103/><W71/><G71/><T14/><REACH who="0" step="1"/><D114/><REACH who="0" ten="240,250,250,250" step="2"/><U128/><E128/><V41/><F41/><W47/><G125/><T93/><D93/><U30/><AGARI ba="0,1" hai="9,12,18,20,23,29,30,31,77,82,85,91,92,97" machi="30" ten="30,2000,0" yaku="0,1,8,1" doraHai="131" who="1" fromWho="1" sc="240,-10,250,30,250,-5,250,-5" /><INIT seed="1,0,0,3,3,10" ten="230,280,245,245" oya="1" hai0="116,97,50,22,16,77,132,71,35,49,47,103,67" hai1="117,93,62,114,2,79,126,110,127,101,133,18,109" hai2="128,39,31,11,105,52,125,102,20,89,0,3,123" hai3="41,9,4,19,28,29,42,51,94,32,112,15,61"/><U107/><E117/><V78/><F123/><W81/><G112/><T14/><D116/><U104/><E114/><V54/><F39/><W68/><G32/><T21/><D35/><U5/><E18/><V7/><F78/><W82/><G68/><T118/><D132/><U1/><E5/><V33/><F33/><W66/><G41/><T27/><D118/><U65/><E79/><V64/><F64/><W76/><G82/><T86/><D67/><U134/><E93/><V119/><F119/><W34/><G34/><T115/><D71/><N who="1" m="42423" /><E101/><V43/><F43/><W130/><G94/><N who="0" m="58807" /><D47/><U98/><E98/><V73/><F73/><W87/><G130/><T83/><D115/><U95/><E95/><V53/><F128/><W17/><G28/><AGARI ba="0,0" hai="14,16,21,22,27,28,49,50,77,83,86" m="58807" machi="28" ten="30,3900,0" yaku="8,1,52,1,54,1" doraHai="10" who="0" fromWho="3" sc="230,39,280,0,245,0,245,-39" /><INIT seed="2,0,0,3,5,82" ten="269,280,245,206" oya="2" hai0="69,63,5,106,108,101,25,59,102,24,100,41,85" hai1="126,83,93,72,87,115,112,53,34,38,95,133,57" hai2="68,116,11,58,65,20,128,32,88,28,49,46,109" hai3="54,76,123,135,44,45,79,27,40,1,60,71,134"/><V73/><F116/><W96/><G123/><T7/><D69/><U127/><E38/><V80/><F32/><W113/><G1/><T74/><D74/><U89/><E133/><V90/><F68/><W35/><G113/><N who="1" m="43594" /><E34/><V105/><F105/><W26/><G96/><T117/><D108/><U130/><E130/><V86/><F128/><W64/><G35/><T107/><D41/><U129/><E129/><V62/><F73/><W39/><G26/><T99/><D99/><U48/><E72/><V12/><F109/><W4/><G27/><T110/><D110/><U103/><E103/><V120/><F120/><W2/><G2/><T111/><D111/><U78/><E78/><N who="2" m="46359" /><F20/><W37/><G4/><T43/><D7/><U98/><E98/><V75/><F28/><W91/><G91/><T30/><D117/><U97/><E97/><V94/><F94/><W31/><G31/><T66/><D107/><U22/><E22/><V29/><F29/><W77/><REACH who="3" step="1"/><G54/><REACH who="3" ten="269,280,245,196" step="2"/><T19/><D106/><U15/><E15/><V67/><F67/><W17/><G17/><T47/><D30/><U56/><E56/><V50/><F90/><W122/><G122/><T131/><D131/><U18/><E18/><V121/><F88/><W119/><G119/><T61/><D102/><U42/><E42/><AGARI ba="0,1" hai="37,39,40,42,44,45,60,64,71,76,77,79,134,135" machi="42" ten="40,2600,0" yaku="1,1,9,1,53,0" doraHai="82" doraHaiUra="52" who="3" fromWho="1" sc="269,0,280,-26,245,0,196,36" /><INIT seed="3,0,0,1,3,31" ten="269,254,245,232" oya="3" hai0="87,22,3,13,70,48,10,52,59,107,131,73,71" hai1="5,94,110,72,98,35,68,20,53,130,88,25,121" hai2="26,2,133,122,17,4,37,36,93,24,42,7,127" hai3="56,19,75,50,45,125,9,104,106,77,38,34,67"/><W27/><G125/><T118/><D73/><U92/><E121/><V134/><F127/><W82/><G38/><T109/><D118/><U108/><E72/><V49/><F122/><W115/><G115/><T105/><D109/><N who="1" m="42091" /><E130/><V51/><F93/><W124/><G124/><T128/><D22/><U114/><E114/><V74/><F74/><W18/><G18/><T60/><D3/><U102/><E68/><V61/><F61/><W39/><G39/><T111/><D87/><N who="1" m="52255" /><E5/><V83/><F83/><W33/><G104/><T65/><D71/><U81/><E81/><V76/><F17/><W23/><G106/><T54/><D111/><U0/><E0/><V14/><F2/><W95/><G9/><T96/><D54/><U12/><E12/><V44/><F14/><W1/><G95/><T47/><D70/><U84/><E84/><V129/><F42/><W15/><G15/><T117/><D117/><U91/><E53/><V8/><F129/><N who="0" m="49738" /><D96/><U79/><E79/><V132/><F76/><W80/><G80/><T30/><D30/><N who="1" m="19919" /><E20/><V29/><F29/><W113/><G113/><T112/><D112/><U58/><E58/><V119/><F134/><W69/><G69/><T66/><D66/><U135/><E135/><V11/><F119/><W89/><G1/><T103/><D103/><AGARI ba="0,0" hai="91,94,98,102,103" m="19919,52255,42091" machi="103" ten="30,3900,0" yaku="14,1,52,1,54,1" doraHai="31" who="1" fromWho="0" sc="269,-39,254,39,245,0,232,0" /><INIT seed="4,0,0,0,2,41" ten="230,293,245,232" oya="0" hai0="32,60,16,29,125,135,129,17,84,45,134,123,93" hai1="28,121,0,95,48,56,79,58,18,30,73,110,104" hai2="112,40,42,122,37,55,77,46,54,130,26,101,117" hai3="20,83,22,4,7,126,103,23,38,34,113,11,116"/><T12/><D123/><U14/><E121/><V80/><F122/><W24/><G38/><T102/><D125/><U124/><E104/><V88/><F117/><W131/><G103/><T96/><D129/><U82/><E110/><V118/><F118/><W85/><G116/><T47/><D17/><U87/><E124/><V98/><F130/><W43/><G126/><T81/><D60/><U67/><E0/><V65/><F65/><W25/><G34/><T35/><D35/><U10/><E73/><V111/><F111/><W50/><G4/><T107/><D107/><U127/><E127/><V6/><F6/><W100/><G100/><T78/><D29/><U44/><E95/><V128/><F42/><W2/><G113/><T69/><D69/><U61/><E58/><V72/><F112/><W75/><G75/><T9/><REACH who="0" step="1"/><D32/><REACH who="0" ten="220,293,245,232" step="2"/><U13/><REACH who="1" step="1"/><E13/><REACH who="1" ten="220,283,245,232" step="2"/><V76/><F128/><W53/><G131/><T92/><D92/><U63/><E63/><V74/><F26/><W64/><G24/><T62/><D62/><U36/><E36/><V86/><F37/><W91/><G25/><T99/><D99/><U119/><E119/><V21/><F98/><W19/><G2/><T49/><D49/><U109/><E109/><V106/><F106/><W108/><G108/><T97/><D97/><U39/><E39/><V66/><F66/><W94/><G64/><T114/><D114/><U57/><E57/><V27/><F80/><W133/><G83/><T120/><D120/><U132/><E132/><AGARI ba="0,2" hai="9,12,16,45,47,78,81,84,93,96,102,132,134,135" machi="132" ten="40,18000,2" yaku="1,1,20,1,52,2,54,1,53,1" doraHai="41" doraHaiUra="15" who="0" fromWho="1" sc="220,200,283,-180,245,0,232,0" /><INIT seed="4,1,0,1,0,37" ten="420,103,245,232" oya="0" hai0="26,94,71,34,126,25,42,41,89,1,83,132,67" hai1="86,58,11,80,91,28,33,119,116,74,128,113,27" hai2="5,43,56,51,32,81,134,8,48,101,54,115,21" hai3="107,135,36,77,38,10,63,122,85,103,60,23,47"/><T92/><D1/><U53/><E128/><V133/><F32/><W93/><G122/><T6/><D132/><N who="2" m="50794" /><F101/><W65/><G107/><T87/><D126/><U4/><E74/><V117/><F115/><W130/><G130/><T109/><D6/><U68/><E68/><V79/><F21/><W12/><G36/><T105/><D109/><U18/><E18/><V44/><F117/><W45/><G23/><T17/><D105/><U2/><REACH who="1" step="1"/><E113/><REACH who="1" ten="420,93,245,232" step="2"/><V39/><F5/><W106/><G135/><T112/><D71/><U55/><E55/><V9/><F39/><W114/><G38/><T3/><D17/><U99/><E99/><V124/><F124/><W50/><G114/><T125/><D125/><U19/><E19/><V24/><F24/><W110/><G110/><T88/><D26/><U46/><E46/><V22/><F22/><W118/><G45/><T62/><D25/><U73/><E73/><AGARI ba="1,1" hai="8,9,43,44,48,51,54,56,73,79,81" m="50794" machi="73" ten="30,2000,0" yaku="20,1,52,1" doraHai="37" who="2" fromWho="1" sc="420,0,93,-23,245,33,232,0" /><INIT seed="5,0,0,3,1,61" ten="420,70,278,232" oya="1" hai0="8,88,12,64,119,129,80,52,49,122,92,13,28" hai1="30,19,134,99,26,93,110,63,68,34,76,3,117" hai2="9,53,39,60,90,114,7,86,112,109,75,113,105" hai3="73,94,71,101,84,59,82,104,45,40,62,42,98"/><U120/><E117/><V65/><F75/><W58/><G71/><T128/><D119/><U41/><E120/><V18/><F105/><W46/><G73/><T89/><D64/><U50/><E134/><V126/><F109/><W108/><G104/><T132/><D28/><U33/><E110/><V67/><F39/><W11/><G108/><T133/><D80/><U83/><E3/><V103/><F103/><W29/><G29/><T95/><D8/><U6/><E6/><V32/><F32/><W74/><G74/><T97/><D122/><U78/><E19/><V5/><F126/><W121/><G121/><T131/><D13/><U125/><E34/><V81/><F18/><W116/><G116/><T21/><D12/><U70/><E125/><V35/><F35/><W47/><G11/><T57/><D21/><U0/><E0/><N who="2" m="167" /><F7/><W24/><G24/><T27/><D27/><U96/><E96/><AGARI ba="0,0" hai="49,52,57,88,89,92,95,96,97,128,129,131,132,133" machi="96" ten="40,8000,1" yaku="9,1,19,1,54,2" doraHai="61" who="0" fromWho="1" sc="420,80,70,-80,278,0,232,0" owari="500,60.0,-10,-51.0,278,8.0,232,-17.0" /></mjloggm>