<mjloggm ver="2.3"><GO type="41" lobby="0"/><UN n0="%E6%9D%91%E4%B8%8A%E5%B7%B4%EF%BC%B0%2E" n1="%6B%61%7A%75%6D%61%72%75" n2="%6A%61%6E%6E%6B%69" n3="%E2%93%9D%53%75%70%68%78" dan="14,15,13,18" rate="1912.61,1989.71,1878.60,2120.23" sx="F,M,M,M"/><TAIKYOKU oya="0"/><INIT seed="0,0,0,5,3,131" ten="250,250,250,250" oya="0" hai0="107,125,53,96,61,101,39,93,23,130,129,85,64" hai1="43,14,0,117,31,90,7,59,65,79,41,95,10" hai2="87,110,100,72,32,116,84,76,114,44,78,25,105" hai3="9,68,115,46,71,47,122,56,97,21,126,81,98"/><T83/><D39/><U45/><E117/><V15/><F114/><W3/><G115/><T51/><D125/><U38/><E31/><V74/><F32/><W5/><G126/><T91/><D23/><U82/><E43/><V66/><F66/><W2/><G56/><T94/><D129/><U63/><E14/><V111/><F15/><W1/><G81/><T34/><D34/><U69/><E90/><V24/><F44/><W92/><G21/><T75/><D130/><U55/><E95/><V30/><F30/><W62/><G62/><T103/><D103/><U40/><E40/><V120/><F24/><W86/><G86/><N who="2" m="32809" /><F25/><W27/><G27/><T35/><D35/><U73/><REACH who="1" step="1"/><E55/><REACH who="1" ten="250,240,250,250" step="2"/><V128/><F116/><W11/><G92/><T102/><D102/><U112/><E112/><V133/><F128/><W67/><G3/><T113/><D113/><U104/><E104/><V119/><F119/><W58/><G2/><T60/><D64/><U8/><E8/><V4/><F120/><W33/><G11/><T134/><D107/><U70/><AGARI ba="0,1" hai="0,7,10,38,41,45,59,63,65,69,70,73,79,82" machi="70" ten="30,7900,0" yaku="1,1,0,1,25,2,53,0" doraHai="131" doraHaiUra="99" who="1" fromWho="1" sc="250,-39,240,89,250,-20,250,-20" /><INIT seed="1,0,0,5,3,132" ten="211,329,230,230" oya="1" hai0="74,87,106,27,5,3,126,113,51,34,32,94,135" hai1="57,53,75,20,9,26,97,104,61,100,40,116,95" hai2="18,50,2,121,22,69,24,25,124,48,122,37,4" hai3="72,55,105,108,71,54,30,109,78,44,112,23,70"/><U77/><E116/><V102/><F69/><N who="3" m="26123" /><G105/><T11/><D113/><U133/><E133/><V82/><F37/><W13/><G78/><T0/><D135/><U91/><E40/><V10/><F102/><W90/><G90/><T35/><D74/><U41/><E41/><V119/><F82/><W103/><G103/><T64/><D64/><U101/><E9/><V96/><F96/><W52/><G72/><T65/><D65/><U84/><E100/><V117/><F50/><W68/><G30/><N who="0" m="19551" /><D51/><U98/><E98/><V39/><F48/><W6/><G112/><T14/><D87/><U49/><E49/><V89/><F39/><W42/><G6/><T7/><D106/><U88/><E91/><V110/><F89/><W83/><G83/><T120/><D94/><U21/><REACH who="1" step="1"/><E26/><REACH who="1" ten="211,319,230,230" step="2"/><N who="2" m="14679" /><F117/><W131/><G42/><T128/><D120/><N who="2" m="46186" /><F119/><W19/><G44/><T45/><D45/><U118/><E118/><V92/><F92/><W58/><G109/><T31/><D11/><U111/><E111/><V107/><F110/><W99/><G108/><T73/><D3/><U28/><E28/><V127/><F107/><W115/><G115/><T66/><D31/><U38/><E38/><V125/><AGARI ba="0,1" hai="2,4,10,24,25,124,125,127" m="46186,14679" machi="125" ten="40,12000,2" yaku="18,1,34,2,52,3" doraHai="132" who="2" fromWho="2" sc="211,-30,319,-60,230,130,230,-30" /><INIT seed="2,0,0,5,0,60" ten="181,259,360,200" oya="2" hai0="45,24,104,105,27,22,33,103,125,0,102,81,85" hai1="127,46,67,126,58,73,68,25,82,64,128,49,72" hai2="88,39,43,93,3,9,70,71,8,37,116,124,41" hai3="74,21,42,52,97,77,95,62,123,19,91,134,86"/><V98/><F116/><W2/><G2/><T12/><D0/><U78/><E68/><V133/><F124/><N who="1" m="47657" /><E128/><V130/><F133/><W83/><G134/><T94/><D125/><U118/><E118/><V31/><F130/><W65/><G42/><T89/><D33/><U15/><E73/><V56/><F31/><W92/><G123/><T48/><D12/><U107/><E107/><V90/><F3/><W119/><G119/><T61/><D61/><U63/><E15/><V80/><F56/><W122/><G122/><T16/><D27/><U44/><E25/><V53/><F53/><W23/><G19/><T59/><D59/><U121/><E121/><V106/><F106/><W101/><REACH who="3" step="1"/><G52/><REACH who="3" ten="181,259,360,190" step="2"/><N who="0" m="29711" /><D105/><U11/><E44/><V132/><F132/><W109/><G109/><T32/><D104/><U1/><E46/><V55/><F55/><W135/><G135/><T54/><D54/><N who="1" m="34263" /><E49/><V84/><F43/><W29/><G29/><T96/><D32/><U111/><E111/><V36/><REACH who="2" step="1"/><F41/><REACH who="2" ten="181,259,350,190" step="2"/><W114/><G114/><T108/><D108/><U69/><E69/><AGARI ba="0,2" hai="8,9,36,37,39,69,70,71,80,84,88,90,93,98" machi="69" ten="50,9600,0" yaku="1,1,2,1,54,1,53,0" doraHai="60" doraHaiUra="34" who="2" fromWho="1" sc="181,0,259,-96,350,116,190,0" /><AGARI ba="0,0" hai="21,23,62,65,69,74,77,83,86,91,92,95,97,101" machi="69" ten="30,3900,0" yaku="1,1,7,1,52,1,53,0" doraHai="60" doraHaiUra="34" who="3" fromWho="1" sc="181,0,163,-39,466,0,190,39" /><INIT seed="2,1,0,5,0,111" ten="181,124,466,229" oya="2" hai0="28,96,9,78,52,80,85,114,74,31,116,12,122" hai1="47,106,92,33,75,126,3,1,83,64,36,109,135" hai2="87,4,108,131,99,60,86,72,71,59,5,91,70" hai3="127,73,26,10,44,8,69,68,29,39,50,112,38"/><V6/><F72/><W89/><G73/><T132/><D122/><U76/><E47/><V58/><F131/><W129/><G127/><T125/><D125/><U18/><E18/><V65/><F71/><W42/><G129/><T53/><D116/><U43/><E92/><V62/><F70/><W56/><G69/><T110/><D110/><U66/><E83/><V84/><F99/><W133/><G133/><T51/><D132/><U104/><E76/><V48/><F48/><W90/><G112/><T11/><D74/><U35/><E75/><V41/><F41/><W97/><G68/><T105/><D114/><U30/><E109/><V19/><F19/><W63/><G39/><T77/><D77/><U45/><E45/><V94/><F108/><W13/><G38/><T27/><D53/><AGARI ba="1,0" hai="4,5,6,53,58,59,60,62,65,84,86,87,91,94" machi="53" ten="40,2000,0" yaku="8,1" doraHai="111" who="2" fromWho="0" sc="181,-23,124,0,466,23,229,0" /><INIT seed="2,2,0,5,0,133" ten="158,124,489,229" oya="2" hai0="31,114,103,72,124,93,50,69,106,71,129,55,14" hai1="6,98,67,111,132,58,113,10,108,87,107,52,101" hai2="7,78,9,60,66,77,122,131,2,76,110,109,38" hai3="23,84,102,104,33,26,126,20,25,123,37,3,95"/><V41/><F122/><W116/><G104/><T42/><D72/><U0/><E132/><V5/><F5/><W35/><G37/><T86/><D106/><U105/><E113/><V40/><F38/><W8/><G84/><T51/><D42/><U36/><E36/><V1/><F1/><W128/><G95/><T100/><D14/><U62/><E87/><V75/><F75/><W30/><G102/><T39/><D39/><U11/><E11/><V27/><F27/><W97/><G97/><T18/><D18/><U65/><REACH who="1" step="1"/><E107/><REACH who="1" ten="158,114,489,229" step="2"/><V61/><F9/><W64/><G8/><T134/><D86/><U91/><E91/><V68/><F2/><W45/><G3/><T16/><D134/><U74/><E74/><V99/><F76/><W94/><G123/><T17/><D114/><U121/><E121/><V56/><F77/><W24/><G35/><T135/><D135/><U120/><E120/><V34/><F78/><W59/><G33/><T79/><D79/><U118/><E118/><V115/><F34/><W12/><G116/><T70/><D100/><U29/><E29/><V49/><F115/><W119/><G30/><T4/><D31/><U43/><E43/><V47/><F41/><W63/><G119/><T82/><D103/><U53/><E53/><V22/><F40/><W54/><G54/><T125/><D55/><U81/><E81/><V89/><F89/><W57/><G94/><T88/><D82/><U13/><E13/><V96/><F99/><W85/><G12/><T117/><D117/><U80/><E80/><V73/><F96/><W15/><G15/><RYUUKYOKU ba="2,1" sc="158,-10,114,30,489,-10,229,-10" hai1="0,6,10,52,58,62,65,67,98,101,105,108,111" /><INIT seed="3,3,1,2,1,49" ten="148,144,479,219" oya="3" hai0="2,37,117,5,10,45,71,68,80,55,90,82,99" hai1="130,26,4,61,93,95,78,126,116,109,27,25,129" hai2="40,85,128,69,118,97,134,108,54,51,110,86,64" hai3="6,77,32,0,56,48,100,67,87,119,124,88,135"/><W21/><G119/><T24/><D117/><U20/><E116/><V113/><F118/><RYUUKYOKU type="kaze4" ba="3,1" sc="148,0,144,0,479,0,219,0" /><INIT seed="3,4,1,3,1,17" ten="148,144,479,219" oya="3" hai0="31,49,85,58,3,111,23,7,127,37,57,97,96" hai1="118,93,45,120,16,126,2,70,105,44,87,90,95" hai2="48,41,36,40,22,81,26,117,79,39,56,121,35" hai3="75,82,132,83,98,108,109,124,59,115,19,9,21"/><W135/><G115/><T27/><D37/><U101/><E120/><V77/><F117/><W65/><G9/><T119/><D119/><U130/><E2/><V134/><F35/><W55/><G65/><T122/><D122/><U73/><E70/><V86/><F121/><W52/><G98/><T28/><D111/><N who="3" m="42569" /><G124/><T6/><D127/><U131/><E73/><V34/><F39/><W54/><G59/><N who="0" m="22539" /><D3/><U78/><E78/><V33/><F36/><W89/><G89/><T125/><D125/><U63/><E63/><V0/><F0/><W38/><G38/><T43/><D28/><U5/><E5/><N who="0" m="1545" /><D85/><U29/><E29/><V100/><F56/><W18/><G18/><T80/><D80/><N who="3" m="30761" /><G75/><T72/><D72/><U92/><E90/><V14/><F79/><W10/><G10/><T30/><D30/><U88/><E118/><V4/><F77/><W15/><AGARI ba="4,1" hai="15,19,21,52,54,55,132,135" m="30761,42569" machi="15" ten="40,12000,1" yaku="14,1,10,1,52,1,54,1" doraHai="17" who="3" fromWho="3" sc="148,-44,144,-44,479,-44,219,142" /><INIT seed="3,5,0,4,0,65" ten="104,100,435,361" oya="3" hai0="108,101,22,99,30,81,37,103,132,130,2,66,95" hai1="79,50,135,110,78,69,44,116,18,15,21,9,89" hai2="24,126,8,85,131,120,104,83,84,42,127,13,23" hai3="10,4,12,33,118,98,27,133,40,38,134,16,121"/><W72/><G72/><T114/><D2/><U68/><E110/><V32/><F104/><W93/><G118/><T26/><D37/><U111/><E135/><N who="3" m="51722" /><G121/><T119/><D119/><U67/><E111/><V88/><F32/><W43/><G38/><T77/><D108/><U106/><E67/><V70/><F120/><W90/><G33/><T117/><D117/><U125/><E125/><N who="2" m="47627" /><F131/><W129/><G129/><T112/><D130/><U53/><E116/><V14/><F42/><N who="3" m="15915" /><G27/><T56/><D103/><U55/><E55/><V102/><F102/><W105/><G105/><T57/><D132/><U31/><E106/><V124/><F124/><W48/><G48/><T59/><REACH who="0" step="1"/><D66/><REACH who="0" ten="94,100,435,361" step="2"/><U74/><E89/><V34/><F88/><W52/><G52/><T39/><D39/><U11/><E79/><V49/><F83/><W51/><G51/><T80/><D80/><U5/><E78/><V64/><F49/><W82/><G82/><T28/><D28/><U54/><E31/><V17/><F64/><W76/><G76/><T92/><D92/><U25/><E74/><AGARI ba="5,1" hai="22,26,30,56,57,59,74,77,81,95,99,101,112,114" machi="74" ten="40,2600,0" yaku="1,1,53,1" doraHai="65" doraHaiUra="96" who="0" fromWho="1" sc="94,51,100,-41,435,0,361,0" /><INIT seed="4,0,0,4,2,108" ten="145,59,435,361" oya="0" hai0="82,27,14,70,101,98,121,20,130,112,3,61,68" hai1="54,24,91,107,103,118,18,35,53,9,87,34,51" hai2="48,106,56,12,62,76,52,26,78,0,116,84,135" hai3="131,57,102,59,117,128,114,25,126,124,96,32,111"/><T92/><D121/><U81/><E118/><V94/><F0/><W63/><G111/><T49/><D130/><N who="3" m="49705" /><G117/><T125/><D125/><N who="3" m="48233" /><G63/><T69/><D3/><U46/><E54/><V37/><F116/><W71/><G71/><T28/><D82/><U65/><E65/><V5/><F37/><W109/><G109/><T16/><D112/><U85/><E85/><V77/><F106/><N who="3" m="63815" /><G114/><T41/><D61/><U38/><E38/><V30/><F62/><W6/><G6/><T123/><D123/><U97/><REACH who="1" step="1"/><E24/><REACH who="1" ten="145,49,435,361" step="2"/><V104/><F26/><W120/><G120/><T19/><REACH who="0" step="1"/><D14/><AGARI ba="0,1" hai="9,14,18,34,35,46,51,53,81,87,91,97,103,107" machi="14" ten="40,8000,1" yaku="1,1,2,1,25,2,53,0" doraHai="108" doraHaiUra="89" who="1" fromWho="0" sc="145,-80,49,90,435,0,361,0" /><INIT seed="5,0,0,0,5,18" ten="65,139,435,361" oya="1" hai0="126,77,88,5,55,102,90,30,2,60,24,106,96" hai1="31,46,130,119,127,27,132,97,47,59,73,118,71" hai2="7,25,1,121,28,34,26,84,85,98,33,74,63" hai3="6,15,67,104,78,107,22,135,87,57,32,80,122"/><U124/><E73/><V129/><F74/><W52/><G122/><T54/><D126/><N who="1" m="48171" /><E97/><V39/><F121/><W100/><G32/><T117/><D117/><N who="1" m="44555" /><E71/><V36/><F63/><W62/><G135/><T103/><D77/><U41/><E132/><V19/><F98/><W95/><G107/><T14/><D2/><U37/><E27/><V131/><F28/><W105/><G105/><T58/><D55/><U113/><E31/><V93/><F1/><W82/><G104/><T64/><D54/><U111/><E113/><V120/><F120/><W3/><G3/><T101/><D101/><U70/><E70/><V83/><F26/><W17/><G100/><T44/><D103/><U49/><E130/><V123/><F25/><W56/><G6/><T94/><D106/><U66/><E111/><V81/><F7/><W68/><G68/><T48/><D5/><U51/><E47/><V40/><F123/><W38/><G38/><T92/><D94/><U45/><E46/><V12/><F93/><W61/><G78/><T86/><D86/><U29/><E29/><V72/><F72/><W115/><REACH who="3" step="1"/><G115/><REACH who="3" ten="65,139,435,351" step="2"/><T114/><D114/><U112/><E112/><V20/><F34/><W110/><G110/><T21/><REACH who="0" step="1"/><D14/><REACH who="0" ten="55,139,435,351" step="2"/><U134/><E134/><V99/><F12/><W89/><AGARI ba="0,2" hai="15,17,22,52,56,57,61,62,67,80,82,87,89,95" machi="89" ten="30,8000,1" yaku="1,1,0,1,8,1,52,1,54,1,53,0" doraHai="18" doraHaiUra="75" who="3" fromWho="3" sc="55,-20,139,-40,435,-20,351,100" /><INIT seed="6,0,0,3,5,11" ten="35,99,415,451" oya="2" hai0="80,0,108,96,112,128,103,65,39,43,69,23,14" hai1="59,4,18,25,17,41,27,72,106,113,56,6,134" hai2="55,26,90,83,9,82,45,135,50,111,126,101,94" hai3="118,68,122,130,85,5,114,40,47,66,12,124,1"/><V115/><F115/><W53/><G1/><T81/><D0/><U129/><E113/><V127/><F111/><W77/><G124/><T87/><D112/><U28/><E129/><V95/><F135/><W36/><G122/><T49/><D128/><U75/><E134/><V19/><F101/><W29/><G118/><T58/><D108/><U34/><E41/><V133/><F133/><W132/><G29/><T105/><D69/><U62/><E28/><V102/><F102/><W52/><G66/><T46/><D39/><U70/><E70/><V116/><F95/><W109/><G68/><T2/><D2/><U54/><E54/><V120/><F116/><W73/><G73/><T131/><D131/><U10/><E10/><V117/><F117/><W21/><G109/><T98/><D98/><U71/><E71/><V123/><F120/><W57/><G53/><T61/><REACH who="0" step="1"/><D87/><REACH who="0" ten="25,99,415,451" step="2"/><U91/><E106/><V7/><F123/><W92/><G36/><T67/><D67/><U13/><E13/><N who="2" m="5311" /><F127/><W20/><G130/><T16/><AGARI ba="0,1" hai="14,16,23,43,46,49,58,61,65,80,81,96,103,105" machi="16" ten="30,7900,0" yaku="1,1,0,1,52,1,54,1,53,0" doraHai="11" doraHaiUra="107" who="0" fromWho="0" sc="25,89,99,-20,415,-39,451,-20" /><INIT seed="7,0,0,1,2,99" ten="114,79,376,431" oya="3" hai0="73,101,36,94,82,10,62,40,119,110,60,89,29" hai1="5,90,134,112,122,108,97,65,109,31,107,42,68" hai2="135,22,87,50,14,3,61,79,91,80,64,129,27" hai3="52,4,72,54,117,85,92,48,118,128,57,13,2"/><W41/><G2/><T37/><D119/><U20/><E122/><V47/><F3/><W95/><G128/><T58/><D60/><U123/><E123/><V120/><F129/><W116/><G72/><T115/><D40/><U25/><E112/><V86/><F120/><W56/><G41/><T93/><D110/><U105/><E134/><V44/><F135/><W16/><G4/><T84/><D73/><U46/><E5/><V96/><F96/><W55/><G85/><T21/><D10/><U0/><E0/><V88/><F14/><W69/><G69/><T51/><D51/><U53/><E53/><V15/><F15/><W127/><G127/><T106/><D106/><U103/><E90/><V34/><F34/><W8/><G55/><T121/><D82/><U23/><E23/><V132/><F132/><W111/><G111/><T71/><D71/><U100/><E100/><V131/><F131/><W30/><G30/><T133/><D133/><U77/><E77/><V76/><F47/><W43/><G43/><T26/><D115/><U35/><E20/><V81/><F50/><AGARI ba="0,0" hai="8,13,16,48,50,52,54,56,57,92,95,116,117,118" machi="50" ten="40,7700,0" yaku="9,1,54,2" doraHai="99" who="3" fromWho="2" sc="114,0,79,0,376,-77,431,77" owari="114,-29.0,79,-42.0,299,10.0,508,61.0" /></mjloggm>