<mjloggm ver="2.3"><GO type="41" lobby="0"/><UN n0="%E2%93%9D%53%75%70%68%78" n1="%E3%81%B8%E3%82%8D%E3%81%B8%E3%82%8D" n2="%6C%67%6D%30%35%31%33" n3="%65%6D%69%72%69" dan="19,14,13,13" rate="2132.03,1880.13,1858.72,1822.93" sx="M,M,M,M"/><TAIKYOKU oya="0"/><INIT seed="0,0,0,1,1,33" ten="250,250,250,250" oya="0" hai0="64,20,72,34,41,128,109,127,9,92,54,83,61" hai1="102,3,46,132,74,95,27,10,55,23,69,0,18" hai2="111,118,121,62,101,122,38,91,40,105,47,113,106" hai3="21,125,87,66,44,94,15,11,112,45,49,53,35"/><T85/><D34/><U8/><E74/><V60/><F111/><W135/><G112/><T65/><D72/><U39/><E69/><V110/><F110/><W57/><G35/><T4/><D109/><U129/><E132/><V24/><F113/><W88/><G125/><T12/><D128/><U117/><E117/><V89/><F118/><W82/><G135/><T14/><D41/><U97/><E129/><V114/><F114/><W68/><G68/><T86/><D127/><U96/><E39/><V56/><F24/><W120/><G82/><T119/><D119/><U100/><E46/><V2/><F101/><W63/><G120/><T115/><D115/><U30/><E55/><V75/><F75/><W42/><G21/><T116/><D92/><U70/><E70/><V71/><F71/><W59/><G42/><T58/><D86/><U52/><E52/><V124/><F124/><W84/><REACH who="3" step="1"/><G87/><REACH who="3" ten="250,250,250,240" step="2"/><T51/><D116/><U31/><E10/><V50/><F40/><W17/><AGARI ba="0,1" hai="11,15,17,44,45,49,53,57,59,63,66,84,88,94" machi="17" ten="20,12000,2" yaku="1,1,2,1,0,1,7,1,8,1,54,1,53,0" doraHai="33" doraHaiUra="73" who="3" fromWho="3" sc="250,-60,250,-30,250,-30,240,130" /><INIT seed="1,0,0,3,3,7" ten="190,220,220,370" oya="1" hai0="57,131,2,117,21,93,56,81,47,15,113,46,38" hai1="52,109,28,70,134,63,4,129,97,27,11,62,114" hai2="23,119,41,126,78,116,49,55,123,13,106,26,37" hai3="53,25,95,18,104,8,31,61,42,60,122,39,91"/><U10/><E114/><V86/><F123/><W69/><G122/><T40/><D2/><U44/><E129/><V16/><F106/><W34/><G104/><T67/><D81/><U35/><E134/><V71/><F71/><W125/><G125/><T50/><D93/><U45/><E109/><V12/><F126/><W66/><G42/><T121/><D21/><U133/><E133/><V19/><F37/><W108/><G108/><T79/><D15/><U112/><E112/><V6/><F41/><W17/><G39/><T64/><D79/><U43/><E4/><V107/><F107/><W1/><G53/><N who="0" m="29911" /><D117/><U74/><E74/><V82/><F26/><W89/><G60/><N who="0" m="37895" /><D113/><U73/><E73/><V59/><REACH who="2" step="1"/><F6/><REACH who="2" ten="190,220,210,370" step="2"/><W24/><G24/><T88/><D121/><U51/><E70/><V80/><F80/><W76/><G1/><T100/><D38/><U14/><E27/><V84/><F84/><W135/><G135/><T58/><D40/><U85/><E85/><V87/><F87/><W48/><G25/><T99/><D131/><U30/><E97/><V110/><F110/><W20/><G76/><T130/><D99/><U36/><E36/><V77/><F77/><W72/><G72/><T102/><D130/><U101/><E43/><V29/><F29/><W0/><G31/><T54/><D67/><U132/><E30/><V94/><F94/><W118/><G66/><T90/><D54/><U127/><E28/><V96/><F96/><W105/><G0/><T3/><D3/><U75/><E127/><V92/><F92/><W32/><G118/><T120/><D120/><RYUUKYOKU ba="0,1" sc="190,-10,220,-10,210,30,370,-10" hai2="12,13,16,19,23,49,55,59,78,82,86,116,119" /><INIT seed="2,1,1,1,4,126" ten="180,210,240,360" oya="2" hai0="55,17,29,121,100,30,33,122,66,124,67,101,102" hai1="37,125,107,132,61,134,91,96,31,92,129,114,108" hai2="53,32,6,39,78,51,12,4,76,27,75,0,117" hai3="95,42,34,16,25,106,7,38,119,46,1,99,9"/><V80/><F117/><W47/><G119/><T69/><D124/><U15/><E37/><V79/><F6/><W8/><G106/><T87/><D87/><U28/><E114/><V112/><F112/><W11/><G47/><T2/><D17/><U21/><E125/><V63/><F63/><W116/><G116/><T120/><D2/><U113/><E108/><V10/><F39/><W83/><G83/><T3/><D3/><U115/><E107/><V88/><F0/><W54/><G54/><T131/><D33/><U135/><E61/><V111/><F111/><W94/><G94/><T118/><D118/><U84/><E31/><N who="0" m="11785" /><D55/><U133/><E96/><V71/><F71/><W123/><G123/><T64/><D131/><U40/><E129/><V45/><F32/><W77/><G77/><T110/><D110/><U85/><E85/><N who="2" m="50215" /><F75/><W52/><G52/><T97/><D97/><U18/><E40/><V23/><F23/><W65/><G65/><T128/><D128/><U26/><N who="1" m="33792" /><DORA hai="43" /><U109/><REACH who="1" step="1"/><E109/><REACH who="1" ten="180,200,240,360" step="2"/><V5/><F4/><W68/><G99/><T14/><D69/><U60/><E60/><V13/><F13/><AGARI ba="1,2" hai="13,14,64,66,67,100,101,102,120,121,122" m="11785" machi="13" ten="40,12000,2" yaku="29,2,28,2,26,2" doraHai="126,43" who="0" fromWho="2" sc="180,143,200,0,240,-123,360,0" /><INIT seed="3,0,0,1,2,18" ten="323,200,117,360" oya="3" hai0="127,29,27,120,122,32,12,61,116,72,123,53,112" hai1="52,81,87,51,36,75,90,82,80,49,50,111,8" hai2="54,132,26,24,115,118,45,76,126,23,70,6,13" hai3="124,99,47,28,98,46,114,44,21,17,34,107,56"/><W20/><G114/><T35/><D72/><U25/><E111/><V11/><F70/><W57/><G107/><T84/><D84/><U43/><E75/><V94/><F118/><W66/><G124/><T15/><D53/><U135/><E135/><V37/><F115/><W100/><G34/><T9/><D61/><U42/><E8/><V1/><F132/><W125/><G125/><T48/><D48/><U86/><E36/><V7/><F126/><W104/><G66/><T0/><D127/><U38/><E38/><V59/><F76/><W60/><G60/><T96/><D96/><U39/><E39/><V110/><F110/><W106/><G28/><T89/><D89/><U30/><E52/><V22/><F94/><W109/><G109/><T73/><D73/><U63/><E63/><V101/><F101/><W119/><G119/><T65/><D65/><U117/><E117/><V91/><F91/><W131/><G131/><T10/><D116/><U133/><E133/><V83/><F83/><W33/><G33/><N who="0" m="20671" /><D0/><U40/><E90/><V67/><F1/><W55/><G55/><T103/><D103/><U92/><E92/><V102/><F6/><W85/><G85/><T105/><D105/><U2/><E2/><V79/><F102/><W129/><G129/><T62/><D62/><U64/><E64/><V19/><F79/><W113/><G113/><T68/><D112/><U78/><E78/><V3/><F67/><W121/><G100/><T130/><D130/><U97/><E97/><V88/><F3/><W128/><G128/><T95/><D68/><U108/><E108/><RYUUKYOKU ba="0,0" sc="323,-10,200,30,117,-10,360,-10" hai1="25,30,40,42,43,49,50,51,80,81,82,86,87" /><INIT seed="4,1,0,5,2,41" ten="313,230,107,350" oya="0" hai0="85,15,112,1,53,47,131,48,46,132,133,81,109" hai1="23,128,77,108,58,83,80,10,34,130,115,103,32" hai2="36,73,29,67,107,65,52,0,125,39,88,2,64" hai3="122,116,86,14,97,54,26,119,92,87,113,127,55"/><T90/><D1/><U62/><E108/><V13/><F29/><W28/><G122/><T37/><D109/><U76/><E103/><V57/><F107/><W99/><G127/><T98/><D112/><U16/><E115/><V45/><F125/><W120/><G113/><T111/><D111/><U94/><E10/><V11/><F73/><W68/><G68/><T93/><D131/><N who="1" m="50219" /><E94/><V89/><F2/><W91/><G120/><T25/><D25/><N who="1" m="14567" /><E80/><V63/><F0/><W21/><G14/><T40/><REACH who="0" step="1"/><D15/><REACH who="0" ten="303,230,107,350" step="2"/><U38/><E83/><V95/><F39/><W121/><G121/><T123/><D123/><U20/><E38/><V84/><F36/><W17/><G119/><T134/><D134/><U22/><E34/><V6/><F89/><AGARI ba="1,1" hai="37,40,46,47,48,53,81,85,89,90,93,98,132,133" machi="89" ten="40,7700,0" yaku="1,1,52,2,53,0" doraHai="41" doraHaiUra="12" who="0" fromWho="2" sc="303,90,230,0,107,-80,350,0" /><INIT seed="4,2,0,4,3,91" ten="393,230,27,350" oya="0" hai0="103,64,67,62,100,14,82,85,28,36,125,51,78" hai1="99,73,9,65,53,49,16,133,135,57,60,40,86" hai2="129,32,127,61,98,19,54,68,75,39,38,8,55" hai3="52,106,58,84,107,59,26,27,15,5,35,104,2"/><T80/><D36/><U117/><E117/><V95/><F75/><W7/><G2/><T93/><D125/><U121/><E121/><V69/><F32/><W113/><G113/><T122/><D122/><U116/><E116/><V114/><F114/><W81/><G35/><T79/><D28/><U1/><E1/><V120/><F120/><W12/><G84/><T24/><D24/><N who="3" m="9257" /><G81/><T101/><D51/><U130/><E73/><V111/><F111/><W126/><G126/><T72/><D14/><N who="3" m="5161" /><G52/><T112/><D112/><U6/><E40/><V37/><F127/><W0/><G0/><T128/><D128/><U96/><E6/><AGARI ba="2,0" hai="5,6,7,58,59,104,106,107" m="5161,9257" machi="6" ten="40,2600,0" yaku="28,2" doraHai="91" who="3" fromWho="1" sc="393,0,230,-32,27,0,350,32" /><INIT seed="5,0,0,4,5,19" ten="393,198,27,382" oya="1" hai0="33,86,10,107,117,113,27,61,66,7,110,11,73" hai1="106,22,40,64,60,30,36,87,31,75,128,97,65" hai2="21,120,82,119,101,8,81,118,48,34,76,91,54" hai3="23,109,112,58,25,70,13,24,53,69,71,43,114"/><U134/><E128/><V47/><F120/><W77/><G109/><T26/><D110/><U78/><E75/><V18/><F34/><W79/><G43/><T111/><D107/><U39/><E134/><V116/><F101/><W121/><G121/><T102/><D113/><N who="3" m="43625" /><G13/><T6/><D117/><U46/><E39/><V115/><F115/><W2/><G2/><T88/><D102/><U127/><E127/><V52/><F54/><W132/><G25/><T122/><D73/><U35/><E106/><V96/><F8/><W67/><G67/><T59/><D33/><U100/><E100/><V83/><F91/><W84/><G84/><T85/><D85/><U17/><E97/><V90/><F90/><W32/><G32/><T129/><D129/><U123/><E123/><V63/><F96/><W80/><G80/><T14/><D111/><U104/><E104/><V131/><F63/><N who="3" m="36303" /><G132/><T28/><D122/><U55/><E55/><V68/><F131/><W49/><G49/><T89/><D89/><U130/><E130/><V99/><F99/><W20/><G24/><T94/><REACH who="0" step="1"/><D28/><REACH who="0" ten="383,198,27,382" step="2"/><U5/><E35/><V41/><F76/><AGARI ba="0,1" hai="20,23,69,70,71,76,77,79" m="36303,43625" machi="76" ten="40,5200,0" yaku="15,1,52,2" doraHai="19" who="3" fromWho="2" sc="383,0,198,0,27,-52,382,62" owari="383,18.0,198,-20.0,-25,-53.0,444,55.0" /></mjloggm>