<mjloggm ver="2.3"><GO type="41" lobby="0"/><UN n0="%E3%81%BF%E3%82%84%E3%81%93%E3%81%86" n1="%E2%93%9D%53%75%70%68%78" n2="%69%64%32%6B%61%69%6D%65" n3="%72%6F%6E%72%6F%6E%30%30" dan="14,19,14,15" rate="1926.50,2202.88,1936.22,2003.58" sx="M,M,M,M"/><TAIKYOKU oya="0"/><INIT seed="0,0,0,3,5,16" ten="250,250,250,250" oya="0" hai0="17,55,33,81,58,32,29,36,97,65,75,61,87" hai1="117,70,78,45,9,21,66,51,101,123,68,35,39" hai2="96,73,26,19,42,3,6,99,77,92,60,37,134" hai3="108,111,0,112,98,129,25,130,48,59,127,2,113"/><T100/><D36/><U93/><E35/><V135/><F60/><W72/><G72/><T24/><D75/><U43/><E117/><V22/><F92/><W74/><G74/><T107/><D33/><U102/><E123/><V86/><F73/><W20/><G98/><T128/><D128/><N who="3" m="49257" /><G59/><T8/><D8/><U125/><E125/><V5/><F37/><W15/><G15/><T94/><D17/><U69/><E78/><V38/><F38/><W1/><G48/><T54/><D107/><U88/><E9/><V114/><F42/><W23/><G127/><T56/><D56/><U95/><E95/><V103/><F3/><W82/><G82/><T63/><D61/><U104/><E104/><V133/><F114/><N who="3" m="44139" /><G25/><T46/><D46/><U64/><E39/><V119/><F119/><W109/><AGARI ba="0,0" hai="0,1,2,20,23,108,109,111" m="44139,49257" machi="109" ten="50,16000,3" yaku="28,2,14,1,19,1,34,2,52,2" doraHai="16" who="3" fromWho="3" sc="250,-80,250,-40,250,-40,250,160" /><INIT seed="1,0,0,4,3,119" ten="170,210,210,410" oya="1" hai0="70,90,59,1,110,14,35,41,61,37,118,2,30" hai1="88,112,34,8,64,77,27,31,29,87,80,26,15" hai2="20,67,133,72,54,95,126,91,102,63,11,89,122" hai3="43,23,105,124,85,9,97,84,94,51,74,65,132"/><U39/><E112/><V107/><F72/><W125/><G74/><T104/><D118/><U114/><E114/><V123/><F11/><W68/><G105/><T0/><D104/><U60/><E39/><V96/><F133/><W127/><G132/><T45/><D110/><U93/><E27/><V99/><F126/><W4/><G23/><T52/><D70/><U116/><E116/><V58/><F20/><W121/><G65/><T18/><D35/><U128/><E128/><V13/><F13/><W109/><G68/><T130/><D130/><U108/><E108/><V120/><REACH who="2" step="1"/><F67/><REACH who="2" ten="170,210,200,410" step="2"/><W75/><G75/><T106/><D106/><U22/><E34/><V53/><F53/><W42/><G124/><T79/><D79/><U81/><E31/><V56/><F56/><W57/><G57/><T49/><D90/><AGARI ba="0,1" hai="54,58,63,89,90,91,95,96,99,102,107,120,122,123" machi="90" ten="40,8000,1" yaku="1,1,52,3,53,0" doraHai="119" doraHaiUra="12" who="2" fromWho="0" sc="170,-80,210,0,200,90,410,0" /><INIT seed="2,0,0,2,4,85" ten="90,210,290,410" oya="2" hai0="31,131,47,64,4,72,108,86,114,6,73,12,25" hai1="118,119,106,110,65,123,39,9,68,5,45,21,63" hai2="30,19,17,41,46,18,29,90,2,75,130,104,88" hai3="16,115,67,71,40,135,82,1,49,77,122,87,42"/><V11/><F75/><W14/><G122/><T20/><D114/><U43/><E21/><V117/><F117/><W10/><G135/><T51/><D108/><U34/><E110/><V48/><F104/><W62/><G115/><T70/><D131/><U121/><E106/><V91/><F130/><W93/><G1/><T105/><D105/><U98/><E98/><V103/><F103/><W15/><G49/><T36/><D36/><U97/><E97/><V128/><F128/><W32/><G32/><T69/><D69/><U3/><REACH who="1" step="1"/><E34/><REACH who="1" ten="90,200,290,410" step="2"/><V57/><F57/><W76/><G76/><T78/><D70/><U7/><E7/><V52/><REACH who="2" step="1"/><F41/><REACH who="2" ten="90,200,280,410" step="2"/><W113/><G113/><T92/><D72/><U126/><E126/><V80/><F80/><W66/><G42/><T127/><D73/><U26/><E26/><V133/><F133/><W13/><G40/><T129/><D127/><U74/><E74/><V24/><F24/><W111/><G111/><T22/><D129/><U0/><E0/><V81/><F81/><W54/><G71/><T83/><D83/><U8/><E8/><V28/><F28/><W59/><G82/><T23/><D31/><U107/><E107/><V56/><F56/><W89/><G77/><T132/><D25/><U37/><E37/><V50/><F50/><W38/><G38/><T33/><D51/><U96/><E96/><V100/><F100/><W55/><G10/><T120/><D120/><BYE who="0" /><AGARI ba="0,2" hai="3,5,9,39,43,45,63,65,68,118,119,120,121,123" machi="120" ten="40,8000,1" yaku="1,1,13,1,23,2,53,0" doraHai="85" doraHaiUra="124" who="1" fromWho="0" sc="90,-80,200,100,280,0,410,0" /><INIT seed="3,0,0,2,3,57" ten="10,300,280,410" oya="3" hai0="23,101,116,103,114,43,11,62,76,5,115,125,132" hai1="72,82,117,16,45,41,107,79,36,94,56,51,48" hai2="131,86,61,54,55,133,92,40,3,73,6,105,71" hai3="91,33,66,13,0,53,34,135,70,127,77,80,21"/><W35/><G0/><UN n0="%E3%81%BF%E3%82%84%E3%81%93%E3%81%86" /><T108/><D116/><U123/><E107/><V109/><F73/><W50/><G135/><T63/><D108/><U19/><E123/><V8/><F105/><W4/><G127/><T29/><D125/><U113/><E113/><N who="0" m="43017" /><D76/><U87/><E117/><V96/><F40/><W88/><G4/><T106/><D132/><U49/><REACH who="1" step="1"/><E56/><REACH who="1" ten="10,290,280,410" step="2"/><V18/><F133/><W37/><G70/><T100/><D106/><U128/><E128/><V38/><F131/><W17/><G66/><T124/><D124/><U28/><E28/><V65/><F109/><W97/><G37/><T15/><D43/><U121/><E121/><V46/><F38/><W84/><REACH who="3" step="1"/><G97/><REACH who="3" ten="10,290,280,400" step="2"/><T74/><D74/><U26/><E26/><AGARI ba="0,2" hai="5,11,15,23,26,29,62,63,100,101,103" m="43017" machi="26" ten="30,3900,0" yaku="11,1,52,2" doraHai="57" who="0" fromWho="1" sc="10,59,290,-39,280,0,400,0" /><INIT seed="4,0,0,3,0,48" ten="69,251,280,400" oya="0" hai0="34,43,39,36,98,53,110,14,129,11,40,6,9" hai1="112,108,20,104,109,86,113,7,130,105,126,90,68" hai2="77,131,114,84,32,132,10,66,78,91,46,62,65" hai3="82,51,81,116,101,119,29,31,2,69,12,25,23"/><T100/><D129/><U38/><E38/><V106/><F32/><W15/><G2/><T64/><D34/><U95/><E68/><V18/><F106/><N who="1" m="41065" /><E20/><V50/><F131/><W121/><G69/><T87/><D64/><N who="2" m="24682" /><F132/><W4/><G101/><T103/><D110/><N who="1" m="42603" /><E7/><V45/><F62/><W96/><G4/><T70/><D70/><U0/><E0/><V93/><F45/><W26/><G51/><T89/><D11/><U71/><E71/><V134/><F134/><W111/><G111/><T97/><D39/><U88/><E126/><V55/><F114/><N who="1" m="44137" /><E90/><V83/><F18/><W44/><G44/><T124/><D124/><U128/><AGARI ba="0,0" hai="86,88,95,128,130" m="44137,42603,41065" machi="128" ten="40,8000,1" yaku="15,1,11,1,34,2,54,1" doraHai="48" who="1" fromWho="1" sc="69,-40,251,80,280,-20,400,-20" /><INIT seed="5,0,0,1,5,124" ten="29,331,260,380" oya="1" hai0="4,16,70,6,39,89,49,133,52,32,68,123,61" hai1="15,65,5,108,43,101,51,53,42,34,100,131,102" hai2="26,111,79,9,22,106,99,64,73,93,103,44,50" hai3="135,28,125,69,122,117,83,112,110,10,36,59,107"/><U1/><E1/><V46/><F111/><W54/><RYUUKYOKU type="yao9" ba="0,0" sc="29,0,331,0,260,0,380,0" hai3="10,28,36,54,59,69,83,107,110,112,117,122,125,135" /><INIT seed="5,1,0,4,4,73" ten="29,331,260,380" oya="1" hai0="79,83,102,54,1,12,118,11,133,112,127,69,43" hai1="42,84,71,132,117,2,72,120,58,19,18,0,37" hai2="134,135,95,53,16,100,23,81,27,13,62,52,108" hai3="68,15,87,65,51,22,17,76,36,80,126,40,128"/><U82/><E117/><V49/><F108/><W130/><G36/><T86/><D118/><U125/><E71/><V48/><F62/><W57/><G126/><T107/><D112/><U129/><E72/><V31/><F95/><W85/><G68/><T61/><D127/><U104/><E104/><V114/><F100/><W94/><G40/><T30/><D133/><U50/><E129/><V77/><F114/><W122/><G122/><T44/><D30/><U41/><E120/><V33/><F49/><W4/><G4/><T115/><D1/><U103/><E103/><V39/><F39/><W88/><G65/><T97/><D115/><U78/><E132/><N who="2" m="50731" /><F48/><W131/><G131/><T110/><D110/><U96/><E96/><V119/><F119/><W116/><G116/><T121/><D121/><U26/><E125/><V124/><F124/><W10/><G10/><T34/><D34/><U5/><E37/><V45/><F45/><W9/><G9/><T38/><D69/><U101/><E101/><V67/><F67/><W3/><G3/><T93/><D107/><U98/><E98/><V59/><F59/><W46/><G46/><T89/><D102/><U90/><E2/><V21/><F33/><W24/><G24/><T75/><D75/><AGARI ba="1,0" hai="13,16,21,23,27,31,52,53,75,77,81" m="50731" machi="75" ten="30,7700,0" yaku="20,1,52,1,54,2" doraHai="73" who="2" fromWho="0" sc="29,-80,331,0,260,80,380,0" owari="-51,-55.0,331,-7.0,340,14.0,380,48.0" /></mjloggm>