<mjloggm ver="2.3"><GO type="41" lobby="0"/><UN n0="%E8%9C%82%E8%9C%9C%E6%8F%9A%E3%81%92%E3%83%91%E3%83%B3" n1="%72%6E%6B%6B%73%73" n2="%41%4C%42%32%30%31%33" n3="%E2%93%9D%53%75%70%68%78" dan="14,14,14,18" rate="1930.91,1840.55,1921.78,2115.87" sx="F,M,M,M"/><TAIKYOKU oya="0"/><INIT seed="0,0,0,3,3,47" ten="250,250,250,250" oya="0" hai0="6,132,8,9,35,77,32,26,118,123,25,3,43" hai1="106,101,10,120,18,82,95,5,81,59,4,7,13" hai2="110,56,109,17,21,60,108,133,76,54,92,41,28" hai3="68,74,49,22,114,94,105,90,126,96,57,69,112"/><T103/><D103/><U55/><E120/><V125/><F76/><W50/><G74/><T63/><D63/><U80/><E106/><V42/><F28/><W84/><G126/><T131/><D77/><U52/><E59/><V119/><F125/><W11/><G11/><N who="0" m="2527" /><D118/><U100/><REACH who="1" step="1"/><E95/><REACH who="1" ten="250,240,250,250" step="2"/><V34/><F119/><W65/><G105/><T124/><D123/><U12/><E12/><V0/><F0/><W53/><G69/><T85/><D124/><U111/><E111/><V107/><F107/><W64/><G68/><T89/><D26/><U15/><E15/><V27/><F133/><W1/><G1/><T20/><D132/><U134/><E134/><V87/><F34/><W33/><G33/><T72/><D32/><U46/><E46/><V70/><F70/><W48/><G114/><T102/><D35/><U122/><E122/><V61/><F61/><N who="3" m="36015" /><G112/><T71/><D71/><U30/><E30/><V24/><F24/><W98/><G22/><T29/><D20/><U79/><E79/><V45/><F45/><W99/><AGARI ba="0,1" hai="48,49,50,64,65,84,90,94,96,98,99" m="36015" machi="99" ten="30,7900,0" yaku="8,1,52,3" doraHai="47" who="3" fromWho="3" sc="250,-39,240,-20,250,-20,250,89" /><INIT seed="1,0,0,3,0,5" ten="211,220,230,339" oya="1" hai0="24,113,58,31,9,70,69,125,90,124,10,65,13" hai1="59,17,1,35,45,110,78,2,20,37,77,74,36" hai2="34,93,131,53,89,62,73,48,72,67,42,81,127" hai3="52,56,61,133,106,126,28,60,23,85,105,91,33"/><U109/><E35/><V98/><F34/><W108/><G33/><T55/><D113/><U43/><E37/><V39/><F131/><W26/><G108/><N who="1" m="41578" /><E59/><V50/><F127/><N who="0" m="48714" /><D65/><U94/><E94/><V40/><F72/><W121/><G133/><T51/><D90/><U116/><E116/><V71/><F73/><W115/><G121/><T44/><D58/><U6/><E74/><V4/><F4/><W38/><G115/><T76/><D76/><N who="1" m="29291" /><E6/><V27/><F27/><AGARI ba="0,0" hai="1,2,17,20,27,36,43,45" m="29291,41578" machi="27" ten="30,2900,0" yaku="14,1,10,1" doraHai="5" who="1" fromWho="2" sc="211,0,220,29,230,-29,339,0" /><INIT seed="1,1,0,5,0,64" ten="211,249,201,339" oya="1" hai0="121,58,18,23,102,87,41,110,75,104,117,54,31" hai1="9,51,127,16,49,47,108,63,133,20,55,66,10" hai2="113,11,40,106,107,2,134,37,29,7,48,93,28" hai3="5,111,89,65,135,26,92,84,126,17,70,25,35"/><U61/><E127/><V105/><F134/><W119/><G111/><T56/><D75/><U125/><E125/><V46/><F113/><W27/><G126/><T85/><D41/><U132/><E108/><V30/><REACH who="2" step="1"/><F93/><REACH who="2" ten="211,249,191,339" step="2"/><W77/><G92/><T130/><D110/><U32/><E133/><V67/><F67/><W118/><G65/><T80/><D121/><U69/><E132/><V81/><F81/><W6/><G135/><T124/><D124/><U3/><E32/><V1/><F1/><W116/><G116/><T22/><D117/><U109/><E3/><V14/><F14/><W122/><G119/><T0/><D0/><U131/><E109/><V33/><F33/><W60/><G35/><T88/><D80/><U99/><E63/><V36/><AGARI ba="1,1" hai="2,7,11,28,29,30,36,37,40,46,48,105,106,107" machi="36" ten="40,5200,0" yaku="1,1,0,1,53,1" doraHai="64" doraHaiUra="42" who="2" fromWho="2" sc="211,-14,249,-27,191,65,339,-14" /><INIT seed="2,0,0,5,0,7" ten="197,222,256,325" oya="2" hai0="62,28,97,52,93,70,11,111,46,33,124,31,10" hai1="77,16,36,58,53,128,107,49,104,22,26,108,45" hai2="99,5,100,61,21,63,101,85,34,78,89,130,35" hai3="110,4,54,113,60,30,24,120,123,92,71,19,106"/><V68/><F130/><W135/><G106/><T64/><D124/><U117/><E108/><V40/><F40/><W42/><G110/><T65/><D111/><U66/><E117/><V9/><F78/><W27/><G4/><T91/><D65/><U122/><E128/><V14/><F21/><W59/><G135/><T23/><D33/><U43/><E77/><V50/><F50/><W109/><G113/><T12/><D31/><U56/><E122/><V18/><F5/><W83/><G71/><T75/><D75/><U15/><E58/><V8/><F68/><W38/><G83/><T96/><D96/><U47/><E47/><V90/><F35/><W39/><G19/><T74/><D74/><U134/><E134/><V86/><F34/><W17/><G17/><T88/><D91/><N who="2" m="34826" /><F99/><W129/><G109/><T37/><D37/><U126/><E126/><V125/><F125/><W94/><G39/><T127/><D127/><U115/><E115/><V112/><F112/><W29/><G38/><T1/><D1/><U3/><E3/><V79/><F79/><W67/><G129/><T57/><D70/><U73/><E73/><V48/><F48/><W114/><G114/><T82/><D82/><U25/><REACH who="1" step="1"/><E66/><REACH who="1" ten="197,212,256,325" step="2"/><V32/><F32/><N who="3" m="20519" /><G67/><T41/><D41/><U133/><E133/><V105/><F105/><AGARI ba="0,1" hai="15,16,22,25,26,36,43,45,49,53,56,104,105,107" machi="105" ten="40,2600,0" yaku="1,1,54,1,53,0" doraHai="7" doraHaiUra="121" who="1" fromWho="2" sc="197,0,212,36,256,-26,325,0" /><INIT seed="3,0,0,4,3,112" ten="197,248,230,325" oya="3" hai0="120,47,117,44,31,98,84,57,90,67,116,93,127" hai1="74,60,113,109,24,65,72,11,62,40,63,28,5" hai2="108,83,7,25,103,87,45,94,33,135,49,12,107" hai3="131,38,10,20,14,2,26,6,126,16,82,13,46"/><W27/><G131/><T32/><D120/><U30/><E113/><V69/><F69/><W66/><G126/><T124/><D67/><U99/><E109/><V122/><F108/><W43/><G66/><T121/><D57/><U91/><E40/><V22/><F135/><W1/><REACH who="3" step="1"/><G82/><REACH who="3" ten="197,248,230,315" step="2"/><T118/><D121/><U64/><E64/><V119/><F122/><W125/><G125/><N who="0" m="48203" /><D31/><U36/><E65/><V55/><F83/><W42/><G42/><T130/><D130/><U19/><E30/><V39/><F39/><W71/><G71/><T50/><D32/><U80/><E80/><V79/><F33/><W111/><G111/><T35/><D35/><U88/><E28/><V54/><F79/><W128/><G128/><T86/><D44/><U41/><E41/><AGARI ba="0,1" hai="41,47,50,84,86,90,93,98,116,117,118" m="48203" machi="41" ten="40,8000,1" yaku="18,1,52,3" doraHai="112" who="0" fromWho="1" sc="197,90,248,-80,230,0,315,0" /><INIT seed="4,0,0,3,0,106" ten="287,168,230,315" oya="0" hai0="82,116,108,44,39,26,34,64,71,49,28,107,124" hai1="127,38,115,55,63,68,25,10,128,33,53,56,57" hai2="65,67,134,61,83,113,129,70,51,7,130,8,133" hai3="0,62,92,58,48,15,79,16,21,41,135,112,22"/><T89/><D124/><U94/><E128/><N who="2" m="49259" /><F83/><W121/><G0/><T100/><D108/><U30/><E127/><V59/><F8/><W40/><G112/><T4/><D116/><U95/><E38/><V77/><F77/><W50/><G135/><N who="2" m="51721" /><F7/><W45/><G121/><T105/><D100/><U81/><E115/><V13/><F13/><W75/><G75/><T125/><D125/><U14/><E81/><V46/><F113/><W74/><G74/><T43/><D4/><U126/><E126/><V12/><F12/><W87/><G79/><T29/><D29/><U97/><E97/><V32/><F32/><W98/><G87/><T80/><D105/><U78/><E78/><V110/><F110/><W76/><G22/><T120/><D107/><U88/><E68/><V119/><F119/><W131/><G131/><T122/><D122/><U132/><E132/><V52/><F65/><W117/><G76/><T19/><D120/><U101/><E101/><V20/><F20/><W96/><G117/><T2/><D64/><U73/><E73/><V35/><F35/><W6/><G6/><T66/><D34/><U27/><E27/><V118/><F118/><W99/><G92/><T103/><D103/><U37/><E88/><V69/><AGARI ba="0,0" hai="46,51,52,59,61,67,69,70" m="51721,49259" machi="69" ten="40,8000,1" yaku="19,1,20,1,34,2,54,1" doraHai="106" who="2" fromWho="2" sc="287,-40,168,-20,230,80,315,-20" /><INIT seed="5,0,0,3,0,63" ten="247,148,310,295" oya="1" hai0="114,68,6,49,1,10,12,128,24,29,55,60,58" hai1="43,109,104,51,44,73,129,76,103,48,87,0,121" hai2="110,112,118,5,46,47,11,15,123,96,54,127,39" hai3="64,67,18,100,107,122,75,115,83,95,34,88,135"/><U7/><E121/><V65/><F118/><W4/><G34/><T36/><D128/><U37/><E129/><V131/><F123/><W14/><G122/><T82/><D114/><U93/><E87/><V71/><F131/><W89/><G107/><T80/><D36/><U53/><E93/><V61/><F110/><W25/><G135/><T119/><D119/><U92/><E92/><V22/><F127/><W27/><G4/><T124/><D1/><U21/><E21/><V94/><F112/><W17/><G75/><T120/><D124/><U57/><E109/><V32/><F32/><W59/><G59/><T86/><D120/><U91/><E91/><N who="3" m="34890" /><G18/><T99/><D99/><U38/><E38/><V42/><F22/><N who="3" m="11575" /><G83/><T66/><REACH who="0" step="1"/><D86/><REACH who="0" ten="237,148,310,295" step="2"/><U133/><E133/><V52/><REACH who="2" step="1"/><F47/><REACH who="2" ten="237,148,300,295" step="2"/><W70/><G115/><T30/><D30/><U45/><E44/><V108/><F108/><W31/><G31/><T113/><D113/><U90/><E45/><V126/><F126/><W28/><G28/><T84/><D84/><U56/><E73/><V62/><F62/><W20/><G27/><T98/><D98/><U102/><E104/><V130/><F130/><W85/><G85/><T111/><D111/><U72/><E72/><V16/><F16/><N who="3" m="12423" /><G95/><T105/><D105/><U2/><E7/><V78/><F78/><W79/><G79/><T132/><D132/><U134/><E76/><V19/><F19/><W23/><G23/><AGARI ba="0,2" hai="6,10,12,23,24,29,49,55,58,60,66,68,80,82" machi="23" ten="30,3900,0" yaku="1,1,7,1,52,1,53,0" doraHai="63" doraHaiUra="116" who="0" fromWho="3" sc="237,59,148,0,300,0,295,-39" /><INIT seed="6,0,0,5,0,73" ten="296,148,300,256" oya="2" hai0="105,35,133,3,24,81,59,112,115,75,120,88,63" hai1="49,106,87,128,9,22,19,26,69,76,38,52,67" hai2="0,77,31,61,55,36,20,64,135,65,34,2,82" hai3="25,68,109,50,51,122,39,18,44,123,40,92,6"/><V43/><F34/><W16/><G109/><T32/><D3/><U100/><E128/><V8/><F135/><W84/><G68/><T23/><D105/><U101/><E38/><V11/><F55/><W126/><G6/><T42/><D42/><U99/><E101/><V113/><F113/><N who="0" m="43594" /><D120/><U110/><E110/><V74/><F20/><W70/><G70/><T14/><D14/><U79/><E87/><V7/><F31/><W131/><G126/><T30/><D133/><U107/><E107/><V54/><F54/><W114/><G131/><T127/><D127/><U45/><REACH who="1" step="1"/><E9/><REACH who="1" ten="296,138,300,256" step="2"/><V62/><F11/><W12/><G114/><T47/><D75/><U121/><E121/><V86/><F86/><W29/><G123/><T118/><D118/><U33/><E33/><V78/><F2/><W1/><G122/><T117/><D117/><U37/><E37/><V102/><F102/><W104/><G104/><T130/><D130/><U57/><E57/><V10/><F10/><W89/><G1/><T83/><D32/><U129/><E129/><V90/><F36/><W58/><G39/><T5/><D35/><U108/><E108/><V48/><F0/><W134/><G134/><T98/><D59/><U28/><E28/><V15/><F8/><W132/><G132/><T72/><D72/><U85/><E85/><V60/><F74/><W80/><G58/><T119/><D30/><U56/><E56/><V124/><F124/><W46/><G29/><T116/><D119/><U125/><E125/><V27/><F64/><W53/><G84/><N who="0" m="50191" /><D116/><U66/><E66/><V96/><F65/><RYUUKYOKU ba="0,1" sc="296,-10,138,30,300,-10,256,-10" hai1="19,22,26,45,49,52,67,69,76,79,99,100,106" /><INIT seed="7,1,1,3,1,123" ten="286,168,290,246" oya="3" hai0="131,73,23,48,82,44,134,7,135,97,0,94,56" hai1="51,1,109,77,80,3,110,107,83,15,18,69,16" hai2="53,88,67,125,24,118,43,87,19,63,121,25,42" hai3="133,92,74,93,81,55,20,57,86,27,75,91,61"/><W22/><G133/><N who="0" m="50699" /><D131/><U90/><E107/><V71/><F118/><W60/><G75/><T115/><D115/><U70/><E51/><V65/><F121/><W59/><G74/><T30/><D0/><U45/><E45/><V127/><F67/><W62/><G22/><T72/><D7/><U12/><REACH who="1" step="1"/><E90/><REACH who="1" ten="286,158,290,246" step="2"/><V99/><F53/><N who="3" m="33839" /><G62/><T52/><D82/><U101/><E101/><V79/><F79/><AGARI ba="1,2" hai="1,3,12,15,16,18,69,70,77,79,80,83,109,110" machi="79" ten="25,16000,3" yaku="1,1,22,2,52,2,54,1,53,2" doraHai="123" doraHaiUra="122" who="1" fromWho="2" sc="286,0,158,183,290,-163,246,0" owari="286,9.0,341,43.0,127,-37.0,246,-15.0" /></mjloggm>