<mjloggm ver="2.3"><GO type="41" lobby="0"/><UN n0="%E6%8C%81%E6%9D%89%E3%83%89%E3%83%A9%E5%A4%AB%EF%BC%81" n1="%E3%81%82%E3%82%93%E3%81%A9%E3%81%86%E3%82%8A%E3%82%93%E3%81%94" n2="%6B%73%7A" n3="%E2%93%9D%53%75%70%68%78" dan="14,13,13,19" rate="1943.11,1889.01,1893.53,2197.86" sx="M,F,M,M"/><TAIKYOKU oya="0"/><INIT seed="0,0,0,2,2,68" ten="250,250,250,250" oya="0" hai0="114,91,104,124,3,133,28,117,102,71,80,20,110" hai1="34,6,100,32,47,90,54,132,109,45,63,55,128" hai2="9,37,76,127,31,131,86,105,57,129,12,4,83" hai3="134,41,14,82,66,44,60,106,77,39,72,42,30"/><T101/><D71/><U16/><E6/><V103/><F127/><W79/><G134/><T0/><D117/><U38/><E132/><V69/><F69/><W99/><G79/><T26/><D133/><U18/><E100/><V122/><F122/><W93/><G106/><T27/><D114/><U89/><E63/><V53/><F31/><W112/><G42/><T40/><D124/><U75/><E109/><V56/><F56/><W46/><G46/><T113/><D113/><U36/><E75/><V10/><F9/><W125/><G30/><T24/><D110/><U5/><E5/><V94/><F105/><W97/><G112/><T8/><D104/><U64/><E64/><V78/><F78/><W123/><G123/><T130/><D130/><AGARI ba="0,0" hai="16,18,32,34,36,38,45,47,54,55,89,90,128,130" machi="130" ten="25,8000,1" yaku="22,2,52,2,54,1" doraHai="68" who="1" fromWho="0" sc="250,-80,250,80,250,0,250,0" /><INIT seed="1,0,0,5,0,87" ten="170,330,250,250" oya="1" hai0="93,130,44,75,7,81,128,105,114,82,70,67,74" hai1="56,95,41,54,85,94,90,99,78,121,53,77,40" hai2="76,18,106,32,96,126,28,8,47,68,20,108,123" hai3="55,62,57,21,9,43,64,11,84,15,79,63,35"/><U113/><E113/><V72/><F123/><W80/><G35/><T98/><D105/><U14/><E121/><V110/><F68/><W103/><G43/><N who="1" m="16458" /><E14/><V115/><F115/><W120/><G120/><T117/><D117/><U26/><E26/><V83/><F8/><W29/><G103/><T104/><D104/><U119/><E119/><V30/><F47/><W17/><REACH who="3" step="1"/><G29/><REACH who="3" ten="170,330,250,240" step="2"/><T22/><D114/><U135/><E135/><V129/><F32/><W102/><G102/><T125/><D130/><U10/><E10/><V132/><F129/><W39/><G39/><T127/><D128/><U5/><E5/><V71/><F132/><W91/><G91/><T16/><D7/><U12/><E12/><V36/><F30/><W13/><G13/><T60/><D127/><U58/><E77/><V49/><F36/><W33/><G33/><T112/><D125/><U4/><E78/><V45/><F28/><W23/><G23/><T61/><D112/><U1/><E4/><V59/><F126/><W65/><G65/><T92/><D67/><U52/><E1/><V51/><F76/><W6/><G6/><T2/><D2/><U118/><E118/><V97/><F18/><W24/><G24/><T34/><D34/><U89/><AGARI ba="0,1" hai="52,53,54,56,58,85,89,90,94,95,99" m="16458" machi="89" ten="30,11700,0" yaku="8,1,52,2,54,1" doraHai="87" who="1" fromWho="1" sc="170,-39,330,127,250,-39,240,-39" /><INIT seed="1,1,0,5,5,3" ten="131,457,211,201" oya="1" hai0="50,80,25,89,92,85,24,107,22,105,127,104,13" hai1="106,112,133,9,76,102,21,78,67,43,12,66,98" hai2="51,119,14,38,19,100,101,124,113,37,83,81,86" hai3="33,36,0,99,30,128,31,123,88,95,10,40,69"/><U129/><E112/><V47/><F119/><W16/><G123/><T32/><D127/><U115/><E115/><V48/><F124/><W68/><G128/><T62/><D32/><U55/><E129/><V108/><F108/><W120/><G120/><T94/><D25/><U116/><E21/><V20/><F113/><W6/><G33/><T29/><D62/><U58/><E43/><V71/><F71/><W7/><G7/><T72/><D72/><U91/><E133/><V11/><F38/><W64/><G16/><T42/><D42/><U35/><E35/><V28/><F48/><W132/><G132/><T117/><D117/><U111/><E91/><V103/><F86/><W131/><G131/><T74/><D74/><U26/><E26/><V110/><F37/><W90/><G90/><T49/><D92/><U59/><E59/><V44/><F44/><W8/><G8/><T4/><REACH who="0" step="1"/><D94/><REACH who="0" ten="121,457,211,201" step="2"/><U135/><E116/><V97/><F110/><W87/><G40/><T125/><D125/><U1/><E135/><V27/><REACH who="2" step="1"/><F97/><REACH who="2" ten="121,457,201,201" step="2"/><W65/><G99/><T84/><D84/><U57/><E98/><V15/><F15/><W61/><G36/><T93/><D93/><U2/><E12/><V134/><F134/><W73/><G73/><T53/><D53/><AGARI ba="1,2" hai="11,14,19,20,27,28,47,51,53,81,83,100,101,103" machi="53" ten="40,5200,0" yaku="1,1,8,1,53,1" doraHai="3" doraHaiUra="18" who="2" fromWho="0" sc="121,-55,457,0,201,75,201,0" /><INIT seed="2,0,0,4,4,133" ten="66,457,276,201" oya="2" hai0="84,68,24,44,93,15,91,99,59,64,54,22,86" hai1="75,92,131,65,25,5,9,113,108,100,72,51,12" hai2="120,129,66,30,38,61,1,52,42,50,40,8,134" hai3="43,37,39,7,125,87,17,102,3,55,83,96,73"/><V111/><F120/><W67/><G67/><T34/><D34/><U128/><E113/><V57/><F134/><W121/><G121/><T90/><D68/><U14/><E65/><V88/><F129/><N who="1" m="49737" /><E108/><V82/><F30/><W21/><G73/><T33/><D33/><U123/><E123/><V79/><F38/><W78/><G43/><T71/><D71/><U122/><E122/><V118/><F118/><W46/><G7/><T80/><D64/><U11/><E25/><V27/><F27/><W98/><G3/><T104/><D104/><U48/><E100/><V6/><F111/><W85/><G85/><T101/><D15/><U95/><E95/><V89/><F40/><W32/><G32/><T69/><D69/><U81/><E92/><V23/><F23/><W76/><G102/><T112/><D112/><U119/><E81/><V107/><F42/><W56/><G39/><T63/><D44/><U105/><E105/><V26/><F26/><W60/><G46/><T45/><D45/><U127/><E75/><V115/><F115/><W109/><G37/><T41/><D41/><U126/><E72/><V31/><F31/><W117/><G109/><T58/><D58/><U36/><E119/><V19/><F19/><W114/><G117/><T18/><REACH who="0" step="1"/><D101/><REACH who="0" ten="56,457,276,201" step="2"/><U53/><E36/><V135/><F135/><W116/><G114/><T106/><D106/><U130/><E130/><V94/><F107/><W77/><G116/><T16/><D16/><N who="1" m="8207" /><E53/><V13/><F52/><W0/><G55/><T4/><D4/><U2/><E14/><V28/><F13/><W74/><G17/><RYUUKYOKU ba="0,1" sc="56,15,457,15,276,-15,201,-15" hai0="18,22,24,54,59,63,80,84,86,90,91,93,99" hai1="2,5,11,48,51,126,127" /><INIT seed="3,1,1,3,5,65" ten="71,472,261,186" oya="3" hai0="77,6,22,125,133,51,69,0,78,28,42,45,92" hai1="103,88,111,66,94,18,89,57,115,62,7,83,43" hai2="24,112,60,70,56,108,10,58,75,126,21,12,4" hai3="9,40,38,90,80,11,100,74,135,47,122,128,52"/><W19/><G122/><T63/><D133/><U53/><E115/><V30/><F112/><W48/><G135/><T99/><D125/><U34/><E34/><V87/><F108/><W118/><G118/><T26/><D6/><U129/><E111/><V25/><F126/><W44/><G128/><T110/><D0/><U15/><E7/><V109/><F75/><W14/><G100/><T86/><D86/><U61/><E43/><V8/><F8/><W82/><G74/><T23/><D110/><U32/><E32/><V132/><F132/><W134/><G134/><T55/><D22/><U85/><E103/><V59/><F25/><W5/><REACH who="3" step="1"/><G90/><REACH who="3" ten="71,472,261,176" step="2"/><T130/><D130/><U121/><E121/><V105/><F109/><W17/><G17/><T84/><D77/><U124/><E129/><V29/><F29/><W127/><G127/><T16/><D28/><U98/><E124/><V96/><F30/><W33/><G33/><T13/><D78/><U39/><E18/><V104/><F4/><W54/><G54/><T37/><D55/><U117/><E53/><V123/><F123/><W91/><G91/><T31/><D31/><U81/><E88/><V95/><F105/><W71/><G71/><T49/><D69/><U101/><E89/><V64/><F104/><W79/><G79/><T1/><D16/><U72/><E101/><V67/><F70/><W3/><AGARI ba="1,2" hai="3,5,9,11,14,19,38,40,44,47,48,52,80,82" machi="3" ten="20,18000,2" yaku="1,1,0,1,7,1,54,1,53,2" doraHai="65" doraHaiUra="41" who="3" fromWho="3" sc="71,-61,472,-61,261,-61,176,203" /><INIT seed="3,2,0,5,0,44" ten="10,411,200,379" oya="3" hai0="124,36,103,69,78,135,47,127,105,81,1,38,2" hai1="128,32,118,72,108,33,42,102,31,134,83,120,39" hai2="10,98,35,114,66,109,37,71,106,19,117,3,65" hai3="43,85,63,21,17,113,14,40,60,22,62,51,99"/><W132/><G113/><T4/><D135/><U76/><E102/><V45/><F114/><W92/><G132/><T115/><D69/><U7/><E134/><V131/><F35/><W8/><G85/><T107/><D103/><U68/><E120/><V49/><F109/><W100/><REACH who="3" step="1"/><G43/><REACH who="3" ten="10,411,200,369" step="2"/><N who="0" m="23015" /><D115/><U59/><E108/><V67/><F117/><W0/><G0/><N who="0" m="107" /><D38/><U12/><E118/><V53/><F3/><W30/><G30/><T50/><D50/><U111/><E128/><V97/><F37/><W46/><AGARI ba="2,1" hai="8,14,17,21,22,40,46,51,60,62,63,92,99,100" machi="46" ten="30,11700,0" yaku="1,1,0,1,8,1,52,1,53,0" doraHai="44" doraHaiUra="87" who="3" fromWho="3" sc="10,-41,411,-41,200,-41,369,133" owari="-31,-53.0,370,17.0,159,-24.0,502,60.0" /></mjloggm>