<mjloggm ver="2.3"><GO type="41" lobby="0"/><UN n0="%E2%93%9D%53%75%70%68%78" n1="%E6%81%8B%E4%BA%BA%E3%81%94%E3%81%A3%E3%81%93" n2="%E3%81%8A%E3%81%86%E3%81%A7%E3%81%83%E3%81%A0%E3%82%93" n3="%53%61%72%69%6E%54" dan="19,13,15,14" rate="2155.95,1851.82,1979.71,2014.22" sx="M,M,M,M"/><TAIKYOKU oya="0"/><INIT seed="0,0,0,3,2,115" ten="250,250,250,250" oya="0" hai0="62,53,97,58,124,74,63,78,54,0,50,127,44" hai1="108,105,12,111,116,119,94,71,43,23,106,9,68" hai2="66,29,33,16,76,20,117,83,91,1,85,132,101" hai3="70,31,28,75,26,102,45,61,129,35,126,19,2"/><T48/><D0/><U109/><E43/><V125/><F125/><N who="0" m="48202" /><D97/><U14/><E23/><V69/><F132/><W3/><G75/><T56/><D78/><U82/><E94/><V47/><F1/><W95/><G126/><T59/><D74/><U6/><E82/><V113/><F113/><W73/><G73/><T112/><D112/><U79/><E14/><V41/><F101/><W55/><G31/><T36/><D36/><U4/><E4/><V64/><F69/><N who="1" m="26697" /><E79/><V110/><F110/><W104/><G19/><T107/><D107/><AGARI ba="0,0" hai="6,9,12,105,106,107,108,109,111,116,119" m="26697" machi="107" ten="40,5200,0" yaku="14,1,52,2" doraHai="115" who="1" fromWho="0" sc="250,-52,250,52,250,0,250,0" /><INIT seed="1,0,0,1,3,118" ten="198,302,250,250" oya="1" hai0="3,87,0,66,88,16,63,58,98,131,127,73,75" hai1="28,82,84,80,2,48,21,6,61,13,81,41,31" hai2="54,34,65,105,72,23,35,8,49,125,109,121,39" hai3="57,25,40,47,4,12,5,120,24,30,74,70,104"/><U134/><E134/><V89/><F109/><W7/><G70/><T114/><D114/><U110/><E2/><V14/><F72/><W44/><G74/><T85/><D131/><U78/><E110/><V62/><F105/><W106/><G12/><T133/><D133/><U45/><E61/><V69/><F39/><W113/><G113/><T124/><D98/><U27/><REACH who="1" step="1"/><E31/><REACH who="1" ten="198,292,250,250" step="2"/><V38/><F62/><W96/><G30/><T93/><D3/><U1/><E1/><V128/><F128/><W51/><G104/><T119/><D0/><U111/><E111/><V123/><F123/><W32/><G120/><T76/><D119/><U26/><E26/><V59/><F121/><W43/><G32/><T64/><D64/><U71/><E71/><V130/><F34/><W91/><G106/><T11/><D127/><U22/><E22/><V9/><F35/><W83/><G25/><T116/><D124/><U67/><E67/><V102/><F23/><W77/><G24/><T10/><D116/><U36/><E36/><V86/><F38/><W126/><G126/><T99/><D11/><AGARI ba="0,1" hai="6,11,13,21,27,28,41,45,48,78,80,81,82,84" machi="11" ten="40,12000,1" yaku="1,1,25,2,8,1,53,0" doraHai="118" doraHaiUra="90" who="1" fromWho="0" sc="198,-120,292,130,250,0,250,0" /><INIT seed="1,1,0,5,2,99" ten="78,422,250,250" oya="1" hai0="15,23,16,10,121,106,22,88,48,96,100,98,19" hai1="34,117,81,29,17,73,0,97,67,71,104,64,57" hai2="13,33,93,45,84,68,122,128,24,85,30,90,11" hai3="94,4,126,50,113,31,108,133,69,135,132,78,47"/><U54/><E117/><V28/><F128/><W91/><G69/><T6/><D121/><U79/><E0/><V43/><F122/><W40/><G113/><T60/><D60/><N who="1" m="40327" /><E67/><V102/><F68/><W63/><G126/><T123/><D123/><U119/><E17/><V61/><F30/><W49/><G108/><T87/><D98/><U129/><E57/><V120/><F120/><W75/><G63/><T70/><D70/><U18/><E18/><V36/><F61/><W3/><G31/><T26/><D48/><U20/><E20/><V62/><F62/><W124/><G124/><T38/><D38/><U25/><E54/><V80/><F102/><W55/><G78/><T118/><D118/><U41/><E119/><V53/><F53/><W32/><G75/><T76/><D76/><U111/><E111/><V95/><REACH who="2" step="1"/><F85/><REACH who="2" ten="78,422,240,250" step="2"/><N who="3" m="52591" /><G32/><T58/><D58/><U1/><E129/><V44/><F44/><W66/><G66/><T77/><D77/><U109/><E109/><V116/><F116/><W125/><G125/><T86/><REACH who="0" step="1"/><D88/><REACH who="0" ten="68,422,240,250" step="2"/><U27/><E73/><V82/><F82/><W39/><G55/><T52/><D52/><U115/><E81/><V42/><F42/><W83/><G83/><T7/><D7/><AGARI ba="1,2" hai="7,11,13,24,28,33,36,43,45,80,84,90,93,95" machi="7" ten="30,2000,0" yaku="1,1,7,1,53,0" doraHai="99" doraHaiUra="56" who="2" fromWho="0" sc="68,-23,422,0,240,43,250,0" /><INIT seed="2,0,0,3,4,96" ten="45,422,283,250" oya="2" hai0="51,129,67,99,10,69,133,48,54,47,102,95,46" hai1="113,68,50,43,124,118,100,90,19,131,134,72,17" hai2="126,61,3,58,83,0,115,64,101,28,18,60,107" hai3="2,120,123,85,87,122,80,108,127,125,103,11,9"/><V37/><F115/><W110/><G2/><T40/><D133/><U56/><E68/><V36/><F126/><N who="3" m="48139" /><G9/><T132/><D132/><U31/><E118/><V1/><F28/><W5/><G5/><T84/><D129/><U77/><E131/><V34/><F34/><W82/><G11/><T44/><D69/><U42/><E113/><V130/><F130/><W86/><G103/><T41/><D67/><U16/><E134/><V88/><F18/><W32/><G32/><T114/><D114/><U25/><E100/><V135/><F135/><W7/><G7/><T117/><D117/><U62/><E77/><V33/><F33/><W49/><G49/><T109/><D109/><AGARI ba="0,0" hai="80,82,85,86,87,108,109,110,120,122,123" m="48139" machi="109" ten="40,12000,2" yaku="28,2,14,1,18,1,34,2" doraHai="96" who="3" fromWho="0" sc="45,-120,422,0,283,0,250,120" owari="-75,-58.0,422,53.0,283,-12.0,370,17.0" /></mjloggm>