<mjloggm ver="2.3"><GO type="41" lobby="0"/><UN n0="%E3%81%88%E3%81%A6%E3%81%93%E3%81%86%6E" n1="%6D%61%74%74%75%61%6E" n2="%E2%93%9D%53%75%70%68%78" n3="%E7%96%BE%E9%A2%A8%E3%81%AE%E7%8E%8B" dan="15,14,19,14" rate="2039.27,1932.45,2158.70,1902.96" sx="F,M,M,M"/><TAIKYOKU oya="0"/><INIT seed="0,0,0,5,1,81" ten="250,250,250,250" oya="0" hai0="58,32,40,121,20,57,21,59,105,104,110,5,111" hai1="124,100,79,92,48,11,14,94,47,38,4,85,135" hai2="52,67,12,26,109,27,53,89,127,122,44,82,22" hai3="72,97,56,68,24,101,126,114,15,3,19,51,35"/><T54/><D32/><U34/><E124/><V78/><F109/><N who="0" m="41482" /><D121/><U87/><E34/><V103/><F127/><W102/><G68/><T133/><D40/><N who="1" m="24679" /><E38/><V45/><F103/><W123/><G72/><T16/><D5/><U75/><E75/><V131/><F131/><W33/><G3/><T2/><D2/><U73/><E73/><V65/><F78/><W10/><G114/><T98/><D133/><U74/><E74/><V36/><F12/><W13/><G123/><T46/><D98/><N who="1" m="59463" /><E79/><V113/><F113/><W134/><G126/><T107/><D46/><N who="2" m="18026" /><F27/><W30/><G134/><T69/><D69/><U1/><E1/><V91/><F36/><W43/><G43/><T8/><D8/><U99/><E135/><V37/><F37/><W88/><G35/><T66/><D66/><N who="2" m="25098" /><F122/><W23/><G33/><T77/><D77/><U86/><E99/><V29/><F91/><AGARI ba="0,0" hai="4,11,14,85,86,87,91,94" m="59463,24679" machi="91" ten="30,7700,0" yaku="8,1,52,3" doraHai="81" who="1" fromWho="2" sc="250,0,250,77,250,-77,250,0" /><INIT seed="1,0,0,2,0,92" ten="250,327,173,250" oya="1" hai0="67,91,12,76,32,25,98,54,28,38,96,117,109" hai1="39,112,13,103,70,131,104,77,69,127,85,37,48" hai2="24,122,3,86,47,17,58,121,133,0,71,93,6" hai3="83,20,94,19,2,115,95,125,7,102,22,66,43"/><U90/><E112/><V97/><F71/><W124/><G115/><T107/><D38/><U135/><E39/><V45/><F133/><W101/><G66/><T72/><D117/><U5/><E37/><V14/><F86/><W57/><G43/><T61/><D109/><U113/><E113/><V60/><F6/><W62/><G83/><T16/><D54/><U23/><E135/><V63/><F24/><W64/><G2/><T82/><D91/><U118/><E118/><V106/><F106/><W88/><G94/><T40/><D40/><U132/><E132/><V126/><F126/><N who="3" m="48747" /><G7/><T87/><D72/><U59/><E127/><V123/><F3/><W33/><G33/><T84/><D84/><U36/><E36/><V74/><F74/><W119/><G119/><T55/><D55/><U108/><E70/><V130/><F0/><W79/><G79/><T128/><D128/><U99/><E69/><V27/><F130/><W49/><G49/><T68/><D107/><U75/><E131/><V9/><F63/><W50/><G50/><T35/><D35/><U44/><E104/><V4/><F4/><W116/><G116/><T56/><D68/><U89/><E75/><V30/><F60/><W134/><G134/><T1/><D1/><U8/><E108/><V78/><F78/><W120/><G120/><T105/><D105/><U15/><E77/><V31/><F58/><W73/><G73/><T53/><D67/><U34/><E59/><V46/><REACH who="2" step="1"/><F27/><REACH who="2" ten="250,327,163,250" step="2"/><N who="3" m="14751" /><G22/><AGARI ba="0,1" hai="12,16,22,25,28,32,53,56,61,76,82,87,96,98" machi="22" ten="30,7700,0" yaku="7,1,52,2,54,1" doraHai="92" who="0" fromWho="3" sc="250,87,327,0,163,0,250,-77" /><INIT seed="2,0,0,0,3,114" ten="337,327,163,173" oya="2" hai0="76,85,103,99,80,40,9,95,126,31,4,33,26" hai1="87,54,107,59,113,41,11,82,97,62,118,23,106" hai2="22,14,13,45,39,52,122,131,37,16,91,0,8" hai3="46,72,43,79,69,53,57,42,98,105,47,25,123"/><V94/><F122/><W89/><G69/><T44/><D126/><U115/><E41/><V36/><F0/><W55/><G123/><T96/><D96/><U1/><E118/><V7/><F131/><W128/><G128/><T70/><D70/><U125/><E125/><V18/><F7/><W127/><G127/><T67/><D67/><U28/><E107/><V133/><F133/><W17/><G72/><T6/><REACH who="0" step="1"/><D9/><REACH who="0" ten="327,327,163,173" step="2"/><U64/><E64/><V68/><F68/><W3/><G98/><T10/><D10/><U35/><E97/><V119/><F119/><W5/><G105/><T71/><D71/><U110/><E106/><V19/><F8/><W101/><G101/><T81/><D81/><U102/><E102/><V78/><F14/><W61/><G3/><T117/><D117/><U112/><E11/><V124/><F124/><W34/><G5/><T75/><D75/><U74/><E1/><V73/><F73/><W100/><G100/><T58/><D58/><U111/><E74/><V24/><F13/><W134/><G57/><T29/><D29/><U121/><E121/><V48/><REACH who="2" step="1"/><F78/><REACH who="2" ten="327,327,153,173" step="2"/><W86/><G79/><T27/><D27/><N who="1" m="16511" /><E115/><V38/><N who="2" m="9984" /><DORA hai="130" /><V84/><AGARI ba="0,2" hai="16,18,19,22,24,45,48,52,84,91,94" m="9984" machi="84" ten="60,12000,1" yaku="1,1,4,1,0,1,54,2,53,0" doraHai="114,130" doraHaiUra="93,66" who="2" fromWho="2" sc="327,-40,327,-40,153,140,173,-40" /><INIT seed="2,1,0,1,2,68" ten="287,287,293,133" oya="2" hai0="62,86,130,49,0,2,72,101,75,31,25,99,8" hai1="59,44,58,15,37,69,94,11,105,87,21,115,4" hai2="52,1,116,18,111,22,113,43,125,30,82,93,60" hai3="89,24,54,98,10,91,131,114,16,73,13,17,66"/><V128/><F113/><W103/><G73/><T67/><D130/><U61/><E115/><V70/><F1/><W50/><G131/><T83/><D49/><U33/><E105/><V80/><F116/><W9/><G114/><T120/><D120/><U48/><E33/><V132/><F30/><W29/><G66/><T64/><D64/><U27/><E69/><V109/><F128/><W12/><G54/><T53/><D53/><U7/><E37/><V88/><F43/><W124/><G50/><T41/><D41/><N who="1" m="24591" /><E4/><V112/><F132/><W6/><G6/><T92/><D8/><U84/><E94/><V135/><F125/><W96/><G124/><T133/><D133/><U134/><E134/><V126/><F126/><W127/><G127/><T119/><D119/><U85/><E61/><V63/><F70/><W118/><G118/><T42/><D42/><U3/><E3/><V28/><F28/><AGARI ba="1,0" hai="7,11,15,21,27,28,58,59,84,85,87" m="24591" machi="28" ten="30,1000,0" yaku="8,1" doraHai="68" who="1" fromWho="2" sc="287,0,287,13,293,-13,133,0" /><INIT seed="3,0,0,5,1,72" ten="287,300,280,133" oya="3" hai0="65,61,0,132,59,117,119,133,78,25,43,15,45" hai1="99,102,109,101,50,16,112,47,92,26,116,21,51" hai2="64,122,86,81,5,46,114,7,68,135,104,37,82" hai3="97,98,60,58,17,71,131,57,74,18,42,91,63"/><W49/><G74/><T38/><D0/><U66/><E109/><V96/><F114/><W120/><G120/><T48/><D25/><U44/><E112/><V14/><F135/><N who="0" m="51786" /><D15/><U6/><E116/><N who="0" m="44617" /><D78/><U95/><E66/><V80/><F64/><W24/><G131/><T108/><D108/><U41/><E6/><V106/><F68/><W125/><G71/><T3/><D3/><U27/><E27/><V103/><F106/><W19/><G125/><T53/><D53/><U118/><E118/><V90/><F122/><W75/><G75/><T70/><D70/><U85/><E85/><V110/><F110/><W1/><G1/><T40/><D40/><N who="1" m="24839" /><E92/><V89/><F7/><W105/><G24/><T32/><D32/><U23/><E21/><V54/><F5/><W79/><G79/><T29/><D29/><U30/><E102/><V36/><F14/><W52/><G105/><T55/><D55/><U113/><E113/><V115/><F115/><W20/><G42/><T13/><D13/><U8/><E8/><V87/><REACH who="2" step="1"/><F82/><REACH who="2" ten="287,300,270,133" step="2"/><W12/><G12/><T69/><D69/><U22/><E22/><V9/><F9/><W93/><G20/><T67/><D67/><U127/><E127/><V77/><F77/><W123/><G123/><T28/><D28/><AGARI ba="0,1" hai="16,23,26,28,30,41,47,51,95,99,101" m="24839" machi="28" ten="30,2000,0" yaku="8,1,54,1" doraHai="72" who="1" fromWho="0" sc="287,-20,300,30,270,0,133,0" /><INIT seed="4,0,0,2,4,12" ten="267,330,270,133" oya="0" hai0="56,9,90,115,113,112,5,41,42,108,131,55,7" hai1="80,31,101,13,53,49,106,51,110,97,133,73,79" hai2="21,50,105,88,63,75,85,67,96,19,92,95,57" hai3="127,117,129,8,59,3,135,84,22,126,89,82,121"/><T34/><D131/><U91/><E110/><V47/><F75/><W130/><G117/><T48/><D108/><U61/><E133/><V134/><F105/><W70/><G70/><T43/><D34/><U64/><E31/><V33/><F33/><W45/><G45/><T58/><D9/><U119/><E119/><V116/><F134/><W24/><G59/><T81/><D81/><U76/><E76/><V71/><F71/><W39/><G39/><T52/><D90/><U15/><E53/><V40/><F116/><W124/><G135/><T72/><REACH who="0" step="1"/><D72/><REACH who="0" ten="257,330,270,133" step="2"/><U11/><E91/><V107/><F107/><W132/><G132/><T54/><D54/><U4/><E13/><N who="2" m="9455" /><F95/><W77/><G121/><T30/><D30/><U99/><E97/><AGARI ba="0,1" hai="40,47,50,57,63,67,85,88,92,96,97" m="9455" machi="97" ten="30,3900,0" yaku="8,1,52,1,54,1" doraHai="12" who="2" fromWho="1" sc="257,0,330,-39,270,49,133,0" /><INIT seed="5,0,0,5,1,98" ten="257,291,319,133" oya="1" hai0="111,11,24,44,108,43,48,113,16,85,102,94,100" hai1="68,114,99,42,134,9,12,21,77,67,14,27,132" hai2="54,61,15,47,28,13,89,70,38,78,37,76,49" hai3="79,4,122,3,0,95,112,105,82,34,126,91,60"/><U101/><E77/><V125/><F125/><W17/><G122/><T121/><D121/><U18/><E114/><V106/><F106/><W41/><G112/><T6/><D113/><U81/><E81/><V119/><F119/><W71/><G126/><T116/><D116/><U92/><E42/><V84/><F28/><W57/><G71/><T128/><D128/><U40/><E40/><V46/><F70/><W51/><G34/><T8/><D111/><U2/><E2/><V97/><F97/><W103/><G17/><T50/><D108/><U5/><E68/><V75/><F61/><W115/><G4/><T69/><D69/><U127/><E127/><V131/><F75/><W33/><G33/><T64/><D50/><U80/><E80/><V55/><F49/><W36/><G36/><T35/><D64/><U87/><E87/><V22/><F84/><W96/><G115/><T110/><D110/><U93/><E67/><V74/><F22/><W45/><G79/><T130/><D130/><U19/><REACH who="1" step="1"/><E92/><REACH who="1" ten="257,281,319,133" step="2"/><V20/><F131/><W133/><G82/><T124/><D124/><U30/><E30/><V1/><F78/><W23/><G133/><T73/><D94/><U104/><E104/><V109/><F109/><W31/><G91/><T86/><D85/><U129/><E129/><V117/><F89/><W52/><REACH who="3" step="1"/><G105/><REACH who="3" ten="257,281,319,123" step="2"/><T25/><D73/><U107/><E107/><V53/><F76/><W10/><G10/><AGARI ba="0,2" hai="5,9,10,12,14,18,19,21,27,93,99,101,132,134" machi="10" ten="40,7700,0" yaku="1,1,52,1,53,1" doraHai="98" doraHaiUra="88" who="1" fromWho="3" sc="257,0,281,97,319,0,123,-77" /><INIT seed="5,1,0,1,3,42" ten="257,378,319,46" oya="1" hai0="106,132,73,56,83,2,122,89,33,4,29,72,34" hai1="66,107,28,32,46,16,129,31,75,49,62,64,18" hai2="55,94,38,37,78,76,47,100,8,50,74,131,125" hai3="90,36,79,51,59,65,127,111,128,97,24,134,116"/><U23/><E107/><V35/><F35/><W112/><G24/><T6/><D106/><U119/><E119/><V126/><F131/><W105/><G79/><N who="2" m="30249" /><F74/><W14/><G14/><T113/><D122/><U43/><E32/><V99/><F8/><W84/><G65/><N who="1" m="25194" /><E129/><V68/><F68/><W20/><G59/><T26/><D113/><U22/><E75/><V5/><F5/><W7/><G51/><T13/><D132/><U82/><E62/><V41/><F41/><W69/><G20/><N who="1" m="7722" /><E82/><V92/><F92/><W21/><G21/><T108/><D34/><U80/><E80/><V57/><F57/><W60/><G7/><T27/><D108/><U87/><E87/><V102/><F102/><W71/><G60/><T115/><D2/><U85/><E85/><V19/><F19/><AGARI ba="1,0" hai="16,18,19,28,31,43,46,49" m="7722,25194" machi="19" ten="30,5800,0" yaku="8,1,52,1,54,1" doraHai="42" who="1" fromWho="2" sc="257,0,378,61,319,-61,46,0" /><INIT seed="5,2,0,3,2,87" ten="257,439,258,46" oya="1" hai0="90,61,88,104,127,66,105,89,4,73,38,42,36" hai1="54,120,109,45,123,113,102,117,133,37,121,18,101" hai2="68,58,126,28,98,43,96,131,70,125,53,32,52" hai3="46,40,99,47,67,100,30,129,21,122,119,3,92"/><U11/><E18/><V9/><F43/><W10/><G122/><T82/><D127/><N who="2" m="48650" /><F131/><W49/><G119/><T106/><D4/><U0/><E117/><V48/><F9/><W93/><G129/><T2/><D2/><U1/><E11/><V81/><F81/><W22/><G67/><T111/><D111/><U65/><E65/><V64/><F64/><W86/><G3/><T35/><D35/><U26/><E26/><N who="2" m="18455" /><F53/><W128/><G10/><T110/><D110/><U95/><E109/><V107/><F107/><W94/><G128/><T7/><D7/><U74/><E74/><V5/><F5/><W97/><G47/><T63/><D42/><U75/><E75/><V31/><F31/><W85/><G30/><T112/><D112/><U44/><E121/><V33/><F33/><W115/><G115/><T103/><D103/><U25/><E25/><V108/><F108/><W84/><REACH who="3" step="1"/><G94/><REACH who="3" ten="257,439,258,36" step="2"/><T80/><D66/><U13/><E113/><V130/><F130/><W29/><G29/><T55/><D55/><U27/><E95/><V76/><F70/><W51/><G51/><T6/><D6/><U124/><E124/><V23/><F68/><W59/><G59/><T20/><D20/><U134/><E54/><V118/><F118/><W34/><G34/><T72/><D72/><U135/><E134/><V71/><F71/><W50/><G50/><T14/><D73/><U56/><E56/><V57/><F57/><W114/><G114/><T8/><D106/><U78/><E133/><V15/><F58/><W19/><G19/><N who="0" m="8647" /><D105/><U62/><E135/><V24/><F52/><RYUUKYOKU ba="2,1" sc="257,-10,439,-10,258,-10,36,30" hai3="21,22,40,46,49,84,85,86,92,93,97,99,100" /><INIT seed="6,3,1,5,4,13" ten="247,429,248,66" oya="2" hai0="16,3,20,19,116,24,51,84,83,2,101,1,27" hai1="133,52,99,86,17,60,63,87,28,105,128,47,57" hai2="131,104,32,103,74,14,26,45,55,50,10,107,25" hai3="88,56,76,64,75,112,72,125,93,94,49,108,123"/><V110/><F74/><W4/><G123/><T100/><D116/><U44/><E133/><V122/><F122/><W70/><G108/><T38/><D38/><U36/><E128/><V113/><F131/><W15/><G70/><T82/><D51/><U11/><E28/><V31/><F113/><W39/><G39/><T96/><D96/><U134/><E134/><V43/><F26/><W78/><G112/><T73/><D73/><U65/><E87/><V7/><F110/><W118/><G118/><T59/><D59/><U85/><E86/><V12/><F103/><W106/><G106/><T5/><D5/><U130/><E36/><V67/><F67/><W111/><G125/><T92/><D92/><U77/><E99/><V102/><F102/><W119/><G119/><T6/><D6/><U58/><E105/><V90/><F90/><W18/><G4/><T126/><D126/><U37/><E37/><V135/><F135/><W9/><G111/><T35/><D35/><U54/><E65/><V62/><F62/><N who="3" m="37959" /><G75/><T0/><N who="0" m="0" /><DORA hai="30" /><T81/><D84/><U46/><E130/><V68/><F68/><W40/><G93/><T109/><D109/><U48/><E48/><V95/><F95/><W124/><G72/><T29/><D29/><U41/><E41/><V22/><F43/><W127/><G127/><T66/><D66/><U23/><E11/><V53/><F53/><W114/><G114/><T79/><D79/><U21/><E21/><AGARI ba="3,1" hai="16,19,20,21,24,27,81,82,83,100,101" m="0" machi="21" ten="70,8000,1" yaku="9,1,52,2,54,1" doraHai="13,30" who="0" fromWho="1" sc="247,99,429,-89,248,0,66,0" /><INIT seed="7,0,0,5,5,106" ten="346,340,248,66" oya="3" hai0="135,34,128,4,29,130,118,24,17,71,3,62,18" hai1="37,39,76,28,25,67,88,87,52,59,108,66,8" hai2="100,126,38,90,74,35,0,119,123,16,110,49,60" hai3="98,112,134,79,78,68,19,94,21,96,103,117,7"/><W70/><G117/><T2/><D118/><U127/><E108/><V113/><RYUUKYOKU type="yao9" ba="0,0" sc="346,0,340,0,248,0,66,0" hai2="0,16,35,38,49,60,74,90,100,110,113,119,123,126" /><INIT seed="7,1,0,5,2,77" ten="346,340,248,66" oya="3" hai0="35,98,69,133,33,96,97,40,42,130,16,2,47" hai1="6,135,119,0,125,105,59,41,29,13,51,111,22" hai2="75,72,65,36,28,68,95,43,67,57,1,86,107" hai3="71,15,56,116,117,128,108,7,5,39,48,14,91"/><W23/><G39/><T66/><D2/><U45/><E111/><V52/><F107/><W121/><G121/><T90/><D133/><U3/><E135/><V20/><F1/><W8/><G71/><T12/><D130/><U112/><E105/><V82/><F68/><W93/><G128/><T76/><D76/><U83/><E112/><V61/><F75/><W70/><G70/><T87/><D66/><U131/><E131/><V109/><F72/><W17/><G5/><T123/><D69/><U26/><E125/><V118/><F118/><W89/><G108/><T9/><D123/><U30/><E119/><V55/><F43/><W81/><G48/><T24/><D24/><U37/><E30/><V49/><F95/><W11/><G56/><T113/><D42/><U27/><E26/><V50/><F36/><W94/><G11/><T10/><D10/><N who="1" m="4311" /><E59/><V132/><F132/><W31/><G31/><T78/><D78/><U63/><E63/><V101/><F101/><W32/><G32/><T102/><D113/><U44/><E44/><V84/><F109/><W120/><G120/><T88/><D90/><N who="3" m="34313" /><G117/><T64/><D64/><U79/><E37/><V99/><F67/><W34/><G116/><T18/><D102/><U114/><E114/><V103/><F65/><W73/><G34/><T104/><D18/><U124/><E124/><V92/><F61/><W53/><G53/><T85/><D104/><U110/><E110/><V58/><F28/><W74/><G74/><T62/><D62/><U4/><E4/><V129/><F129/><W19/><G7/><T25/><D33/><RYUUKYOKU ba="1,0" sc="346,-15,340,15,248,-15,66,15" hai1="0,3,22,27,29,41,45,51,79,83" hai3="8,14,15,17,19,23,73,81,93,94" /><INIT seed="7,2,0,3,0,74" ten="331,355,233,81" oya="3" hai0="84,75,49,12,46,131,29,51,96,37,40,43,77" hai1="71,30,106,47,54,97,35,125,42,78,27,5,10" hai2="89,129,79,48,98,87,4,73,28,56,72,2,67" hai3="24,17,114,132,34,70,41,76,83,55,119,118,21"/><W62/><G34/><T63/><D75/><U88/><E125/><V117/><F117/><W116/><G114/><T1/><D37/><U14/><E71/><V3/><F129/><W113/><G113/><T13/><D131/><U104/><E78/><V93/><F73/><W127/><G127/><T15/><D1/><U81/><E54/><V58/><F28/><W108/><G132/><T133/><D133/><U39/><REACH who="1" step="1"/><E97/><REACH who="1" ten="331,345,233,81" step="2"/><V18/><F98/><W64/><G108/><T115/><D115/><U44/><E44/><V110/><F110/><W91/><G55/><T130/><D96/><U100/><E100/><V57/><F67/><W50/><G50/><T128/><D29/><U0/><E0/><V82/><F3/><W59/><G41/><N who="0" m="15947" /><D63/><U68/><E68/><V126/><F126/><W105/><G105/><T92/><D130/><U102/><E102/><V112/><F112/><W69/><REACH who="3" step="1"/><G91/><REACH who="3" ten="331,345,233,71" step="2"/><N who="0" m="53351" /><D49/><U32/><E32/><V26/><F48/><W120/><G120/><T90/><D128/><U122/><E122/><V20/><F89/><W95/><G95/><T123/><D90/><U85/><AGARI ba="2,2" hai="5,10,14,27,30,35,39,42,47,81,85,88,104,106" machi="85" ten="30,4000,0" yaku="1,1,0,1,54,1,53,0" doraHai="74" doraHaiUra="107" who="1" fromWho="1" sc="331,-12,345,66,233,-12,71,-22" owari="319,12.0,411,51.0,221,-18.0,49,-45.0" /></mjloggm>