<mjloggm ver="2.3"><GO type="41" lobby="0"/><UN n0="%E2%93%9D%53%75%70%68%78" n1="%E9%9B%B6%E9%BE%8D" n2="%E3%82%BF%E3%82%A4%E3%82%AB" n3="%33%35%37%39%32" dan="19,14,13,13" rate="2219.16,1845.31,1827.01,1843.90" sx="M,M,M,M"/><TAIKYOKU oya="0"/><INIT seed="0,0,0,1,2,114" ten="250,250,250,250" oya="0" hai0="64,104,87,133,46,14,10,80,92,67,89,12,42" hai1="79,45,105,19,15,82,59,13,25,49,34,108,44" hai2="131,28,77,40,52,18,83,107,29,22,66,5,88" hai3="56,81,50,117,21,102,68,85,135,24,98,27,51"/><T36/><D104/><U78/><E105/><V125/><F107/><W16/><G68/><T57/><D133/><U121/><E121/><V111/><F66/><W84/><G135/><T38/><D38/><U4/><E108/><V58/><F111/><W69/><G69/><T43/><D14/><U90/><E90/><V132/><F132/><W54/><G117/><T99/><D57/><U61/><E4/><V75/><F40/><W73/><G73/><T110/><D110/><U33/><E78/><V53/><F5/><W31/><G81/><T65/><D46/><U113/><E113/><V120/><F120/><W8/><G8/><T32/><D32/><U115/><E25/><V23/><F23/><W20/><REACH who="3" step="1"/><G51/><REACH who="3" ten="250,250,250,240" step="2"/><T86/><D36/><U96/><E49/><V60/><F125/><W17/><G17/><N who="0" m="8343" /><D87/><U124/><E115/><V37/><F37/><W1/><G1/><T0/><D0/><U6/><E124/><V122/><F122/><W11/><G11/><T93/><D80/><U128/><E6/><V101/><F131/><W39/><G39/><T134/><D134/><U70/><E82/><V100/><F29/><W130/><G130/><T3/><D3/><U109/><E128/><V123/><F28/><W97/><G97/><T129/><D129/><U63/><E96/><V9/><F9/><W7/><G7/><T47/><D47/><U103/><E45/><V119/><F123/><W72/><G72/><T2/><D2/><U55/><E44/><V106/><F75/><W76/><G76/><T127/><D127/><U112/><E109/><V118/><F77/><RYUUKYOKU ba="0,1" sc="250,15,250,-15,250,-15,240,15" hai0="42,43,64,65,67,86,89,92,93,99" hai3="16,20,21,24,27,31,50,54,56,84,85,98,102" /><INIT seed="0,1,1,3,5,50" ten="265,235,235,255" oya="0" hai0="10,81,106,80,45,108,100,99,35,58,124,44,97" hai1="66,94,54,122,21,6,36,49,101,61,14,17,67" hai2="29,77,119,19,133,131,5,129,123,48,85,20,22" hai3="25,109,87,70,120,16,68,107,116,113,96,84,56"/><T73/><D35/><U31/><E122/><V11/><F123/><W83/><G113/><T134/><D124/><U1/><E36/><V93/><F119/><W126/><G116/><T132/><D10/><U40/><E1/><V62/><F62/><W103/><G109/><T92/><D58/><U115/><E6/><V42/><F29/><W37/><G37/><T82/><D45/><U60/><E31/><V102/><F102/><W114/><G114/><T121/><D44/><N who="1" m="27943" /><E40/><V79/><F79/><W51/><G87/><T12/><D12/><U43/><E43/><V117/><F117/><W69/><G120/><T23/><D23/><U32/><E32/><V0/><F133/><N who="0" m="51306" /><D121/><U88/><E101/><V9/><F9/><W64/><G51/><T15/><D15/><U4/><E4/><V53/><F42/><W57/><G64/><N who="1" m="24618" /><E115/><V52/><F77/><W34/><G126/><T128/><D108/><U91/><E91/><V41/><F22/><W63/><G34/><T3/><D3/><U78/><E78/><V127/><F127/><W74/><G74/><T55/><D73/><U13/><E13/><N who="2" m="9327" /><F41/><W71/><G63/><T118/><D118/><U105/><E105/><V112/><F48/><W135/><G135/><T86/><D106/><U2/><E2/><V76/><F112/><W90/><N who="3" m="17408" /><DORA hai="7" /><W75/><REACH who="3" step="1"/><G75/><REACH who="3" ten="265,235,235,245" step="2"/><T89/><D86/><AGARI ba="1,2" hai="14,17,21,60,61,86,88,94" m="24618,27943" machi="86" ten="30,3900,0" yaku="8,1,52,1,54,1" doraHai="50,7" who="1" fromWho="0" sc="265,-42,235,62,235,0,245,0" /><INIT seed="1,0,0,2,0,95" ten="223,297,235,245" oya="1" hai0="80,132,97,45,56,66,59,17,105,58,26,112,68" hai1="25,100,43,111,38,57,109,134,24,127,103,69,118" hai2="92,4,23,53,82,108,75,126,16,0,123,122,99" hai3="7,20,47,119,13,54,102,65,101,51,5,21,133"/><U87/><E118/><V22/><F126/><W73/><G119/><T44/><D112/><U98/><E69/><V89/><F108/><N who="1" m="41545" /><E127/><V117/><F117/><W85/><G73/><T64/><D132/><U79/><E134/><V135/><F135/><W71/><G133/><T46/><D80/><N who="1" m="47519" /><E57/><V50/><F0/><W48/><G71/><T88/><D68/><U130/><E130/><V131/><F4/><N who="3" m="1611" /><G65/><T94/><D105/><N who="1" m="63639" /><E103/><N who="3" m="39434" /><G85/><T70/><D70/><U11/><E11/><V39/><F131/><W41/><G13/><T62/><D66/><U31/><E31/><V125/><F125/><W2/><G2/><T42/><D42/><U83/><E83/><V3/><F3/><W14/><G14/><T86/><D86/><U81/><E81/><V9/><F82/><W74/><G74/><T104/><D104/><U28/><E28/><V67/><F75/><W96/><G20/><AGARI ba="0,0" hai="17,20,26,44,45,46,56,58,59,62,64,88,94,97" machi="20" ten="40,5200,0" yaku="8,1,52,1,54,1" doraHai="95" who="0" fromWho="3" sc="223,52,297,0,235,0,245,-52" /><INIT seed="2,0,0,0,1,47" ten="275,297,235,193" oya="2" hai0="88,35,1,116,46,9,73,8,135,64,2,4,117" hai1="83,71,76,34,62,79,24,32,122,49,113,41,128" hai2="7,19,52,114,15,109,126,40,67,84,72,85,61" hai3="48,21,11,115,0,110,14,20,59,91,69,45,78"/><V51/><F114/><W75/><G69/><T10/><D73/><U97/><E113/><V63/><F72/><W18/><G0/><T39/><D64/><U57/><E128/><V6/><F126/><W53/><G110/><T58/><D58/><U43/><E122/><V89/><F40/><W12/><G115/><T94/><D35/><U82/><E97/><V107/><F107/><W3/><G3/><T5/><D10/><U102/><E102/><V33/><F33/><W121/><G121/><T125/><D135/><U16/><E71/><V111/><F67/><W87/><G78/><N who="1" m="29738" /><E32/><V131/><F131/><W50/><G75/><T99/><REACH who="0" step="1"/><D125/><REACH who="0" ten="265,297,235,193" step="2"/><U68/><E34/><V127/><F127/><W93/><REACH who="3" step="1"/><G12/><REACH who="3" ten="265,297,235,183" step="2"/><T101/><D101/><U74/><E74/><V54/><F15/><W108/><G108/><N who="2" m="41545" /><F19/><W100/><G100/><T13/><D13/><U28/><E68/><V120/><F120/><W112/><G112/><T86/><D86/><N who="2" m="33386" /><F89/><W22/><G22/><T65/><D65/><U56/><E28/><V31/><F31/><W103/><G103/><T38/><D38/><U106/><E106/><V129/><F129/><W123/><G123/><T80/><D80/><U26/><E16/><V98/><F98/><W25/><G25/><T27/><D27/><U23/><E24/><V104/><F104/><W42/><AGARI ba="0,2" hai="11,14,18,20,21,42,45,48,50,53,59,87,91,93" machi="42" ten="20,12000,2" yaku="1,1,0,1,7,1,8,1,52,2,53,0" doraHai="47" doraHaiUra="105" who="3" fromWho="3" sc="265,-30,297,-30,235,-60,183,140" /><INIT seed="3,0,0,0,0,44" ten="235,267,175,323" oya="3" hai0="119,52,65,121,74,112,120,66,37,113,46,16,96" hai1="132,73,41,98,45,22,100,48,122,64,12,93,40" hai2="21,50,30,123,57,118,82,9,114,130,131,110,36" hai3="62,108,101,75,8,135,80,67,79,134,106,29,105"/><W126/><G126/><T91/><D74/><U10/><E132/><N who="3" m="50730" /><G29/><T53/><D91/><U95/><E73/><V89/><F36/><W83/><G8/><T97/><D16/><U56/><E122/><N who="0" m="47209" /><D97/><U24/><E64/><N who="0" m="24681" /><D96/><U78/><E78/><V87/><F123/><W20/><G108/><T38/><D119/><U103/><E56/><V28/><F118/><W43/><G43/><N who="0" m="22895" /><D38/><U17/><E95/><V59/><F110/><W60/><G20/><T107/><D107/><U1/><E1/><V15/><F28/><W81/><G101/><T111/><D111/><U77/><E77/><V27/><F131/><W14/><G14/><T94/><D94/><U7/><E103/><V19/><F130/><W71/><G75/><T133/><D133/><U42/><AGARI ba="0,0" hai="7,10,12,17,22,24,40,41,42,45,48,93,98,100" machi="42" ten="20,5200,0" yaku="0,1,7,1,8,1,52,1" doraHai="44" who="1" fromWho="1" sc="235,-13,267,52,175,-13,323,-26" /><INIT seed="4,0,0,3,0,1" ten="222,319,162,297" oya="0" hai0="35,118,112,23,28,117,37,75,63,129,99,40,122" hai1="4,89,115,43,107,69,108,19,17,130,53,3,2" hai2="80,124,47,132,18,91,83,44,7,8,85,73,97" hai3="86,15,0,41,116,110,33,100,31,46,60,36,70"/><T106/><D23/><U125/><E108/><V113/><F113/><W82/><G116/><T94/><D122/><U29/><E115/><V34/><F34/><W58/><G0/><T42/><D112/><U78/><E130/><V103/><F132/><W54/><G110/><T57/><D75/><U77/><E125/><V45/><F124/><W52/><G100/><T102/><D129/><U56/><E43/><V96/><F18/><W64/><G15/><T55/><D106/><U88/><E69/><V131/><F131/><W67/><G33/><T111/><D111/><U128/><E128/><V95/><F73/><W21/><G21/><T25/><REACH who="0" step="1"/><D37/><REACH who="0" ten="212,319,162,297" step="2"/><U22/><E107/><V13/><REACH who="2" step="1"/><F96/><REACH who="2" ten="212,319,152,297" step="2"/><W109/><G109/><T66/><D66/><U14/><E22/><V71/><F71/><W16/><G67/><T61/><D61/><U119/><E119/><AGARI ba="0,2" hai="25,28,35,40,42,55,57,63,94,99,102,117,118,119" machi="119" ten="40,2000,0" yaku="1,1,53,0" doraHai="1" doraHaiUra="87" who="0" fromWho="1" sc="212,40,319,-20,152,0,297,0" /><INIT seed="4,1,0,3,0,132" ten="252,299,152,297" oya="0" hai0="45,134,19,115,124,17,35,108,65,84,57,111,76" hai1="26,8,122,91,43,27,64,104,55,101,118,36,103" hai2="94,72,112,34,119,126,2,11,1,69,0,97,77" hai3="102,23,5,73,6,32,18,29,47,90,7,30,54"/><T131/><D35/><U127/><E118/><V20/><F119/><W129/><G73/><T123/><D123/><U60/><E122/><V95/><F112/><W88/><G129/><T85/><D115/><U59/><E8/><V117/><F117/><W133/><G133/><T16/><D134/><U83/><E91/><N who="3" m="34858" /><G102/><T89/><D131/><U80/><E83/><V82/><F69/><W41/><G41/><T100/><D45/><U31/><E80/><V12/><F34/><W33/><G32/><T42/><D42/><U38/><E38/><V49/><F49/><N who="3" m="28991" /><G33/><T70/><D70/><U4/><E4/><V15/><F15/><AGARI ba="1,0" hai="5,6,7,15,18,23,29,30" m="28991,34858" machi="15" ten="30,2000,0" yaku="8,1,54,1" doraHai="132" who="3" fromWho="2" sc="252,0,299,0,152,-23,297,23" /><INIT seed="5,0,0,2,5,52" ten="252,299,129,320" oya="1" hai0="112,125,102,19,0,31,108,135,84,20,73,45,78" hai1="86,43,2,101,41,75,104,34,118,114,66,131,111" hai2="15,27,100,123,59,74,17,44,39,129,25,90,7" hai3="133,47,36,97,6,89,116,93,49,48,67,68,10"/><U80/><E118/><V82/><F123/><W33/><G33/><T95/><D0/><U106/><E2/><V56/><F129/><W71/><G116/><T117/><D112/><U50/><E41/><V65/><F100/><W107/><G107/><N who="1" m="41002" /><E34/><V23/><F39/><W115/><G115/><T88/><D135/><U46/><E66/><V103/><F103/><W92/><G133/><T11/><D125/><U18/><E18/><V42/><F74/><W77/><G77/><T4/><D108/><U130/><E114/><V109/><F65/><W9/><G67/><T120/><D31/><U14/><E14/><V55/><F7/><W98/><G47/><T35/><D45/><U69/><E69/><V113/><F109/><W53/><G53/><T126/><D35/><U12/><E12/><V64/><F64/><W29/><G29/><T79/><D126/><U83/><E111/><V94/><F82/><W124/><G36/><T132/><D120/><U5/><E5/><V70/><F70/><W37/><G37/><T38/><D38/><U96/><E75/><V32/><F42/><W40/><G124/><T13/><D132/><U87/><E83/><V122/><F122/><W30/><G6/><T121/><D117/><U26/><E26/><N who="2" m="9739" /><F32/><W119/><G119/><T81/><D121/><U76/><E87/><N who="2" m="52575" /><F113/><W58/><G30/><T22/><D4/><U24/><E24/><V21/><F23/><N who="0" m="8746" /><D73/><U3/><E3/><V110/><F110/><W134/><G134/><T105/><D105/><U8/><E8/><V1/><F1/><W28/><G28/><T54/><D54/><RYUUKYOKU ba="0,0" sc="252,10,299,10,129,10,320,-30" hai0="11,13,19,78,79,81,84,88,95,102" hai1="43,46,50,76,80,86,96,101,130,131" hai2="15,17,21,44,55,56,59" /><INIT seed="5,1,0,0,2,72" ten="262,309,139,290" oya="1" hai0="78,124,87,0,113,59,63,130,44,65,58,14,6" hai1="88,43,28,20,2,100,21,17,60,89,35,39,103" hai2="25,42,7,135,54,105,37,73,109,45,132,36,57" hai3="111,50,96,41,30,19,117,61,53,13,40,85,9"/><U71/><E2/><V101/><F7/><W12/><G111/><T119/><D119/><U70/><E35/><V128/><F109/><W3/><G30/><T34/><D34/><U22/><E28/><V33/><F128/><W49/><G3/><T106/><D106/><U38/><E17/><V10/><F10/><N who="3" m="6551" /><G85/><T32/><D124/><U46/><E38/><V107/><F57/><N who="3" m="34991" /><G96/><T102/><D113/><U23/><N who="1" m="5120" /><DORA hai="80" /><U91/><REACH who="1" step="1"/><E60/><REACH who="1" ten="262,299,139,290" step="2"/><V110/><F110/><W104/><G117/><T1/><D32/><U56/><E56/><V76/><F135/><W11/><G104/><T29/><D59/><U123/><E123/><V118/><F132/><W92/><G13/><T98/><D14/><U122/><E122/><V97/><F118/><W79/><G11/><T108/><D108/><U18/><E18/><V67/><F25/><W4/><G9/><T27/><D1/><U68/><AGARI ba="1,1" hai="39,43,46,68,70,71,88,89,91,100,103" m="5120" machi="68" ten="50,12000,1" yaku="1,1,0,1,29,2,54,1,53,0" doraHai="72,80" doraHaiUra="94,51" who="1" fromWho="1" sc="262,-41,299,133,139,-41,290,-41" /><INIT seed="5,2,0,4,1,92" ten="221,432,98,249" oya="1" hai0="70,102,77,99,37,116,36,127,129,0,103,27,87" hai1="52,69,66,5,86,49,89,117,23,2,12,73,122" hai2="3,63,61,6,81,120,93,108,104,82,121,31,18" hai3="105,128,8,21,133,20,115,118,10,35,83,54,78"/><U111/><E122/><V106/><F31/><W123/><G105/><T119/><D0/><U4/><E117/><V24/><F3/><W74/><G35/><T84/><D70/><U40/><E73/><V79/><F6/><W56/><G123/><T47/><D47/><U58/><E111/><V14/><F24/><W132/><G118/><T114/><D27/><U59/><E2/><V46/><F46/><W109/><G109/><T135/><D129/><U17/><E69/><V50/><F50/><N who="3" m="30807" /><G115/><T16/><D135/><N who="3" m="51785" /><G128/><T13/><D114/><U26/><E26/><V97/><F108/><W60/><G60/><T112/><D112/><U75/><E40/><V94/><F14/><W29/><G29/><T11/><D13/><U88/><E75/><V22/><F18/><W125/><G125/><T33/><D16/><U41/><E41/><V42/><F42/><W80/><G83/><T110/><D110/><U134/><E89/><V113/><F22/><AGARI ba="2,0" hai="8,10,20,21,22,74,78,80" m="51785,30807" machi="22" ten="30,1000,0" yaku="20,1" doraHai="92" who="3" fromWho="2" sc="221,0,432,0,98,-16,249,16" /><INIT seed="6,0,0,4,0,117" ten="221,432,82,265" oya="2" hai0="128,79,90,9,43,27,29,78,119,122,124,85,54" hai1="130,13,62,39,65,70,109,6,133,76,18,69,48" hai2="120,77,63,102,8,57,100,82,35,118,5,40,91" hai3="135,49,93,38,20,21,4,36,41,64,98,45,80"/><V92/><F118/><W86/><G64/><T127/><D119/><U50/><E109/><V34/><F40/><W101/><G135/><T114/><D43/><U74/><E6/><V113/><F113/><W112/><G112/><T3/><D128/><U123/><E39/><V72/><F120/><W97/><G98/><T28/><D54/><U51/><E123/><V16/><F35/><W22/><REACH who="3" step="1"/><G4/><REACH who="3" ten="221,432,82,255" step="2"/><T14/><D114/><U116/><E116/><V24/><F34/><W87/><G87/><T15/><D85/><U25/><E65/><V107/><F107/><W75/><G75/><T84/><D84/><U0/><E74/><V73/><F73/><W52/><G52/><T53/><D53/><U31/><E133/><V61/><F61/><W104/><G104/><T32/><D32/><U115/><E62/><V131/><F131/><W106/><G106/><T89/><D122/><U121/><E130/><V56/><F57/><W42/><G42/><T71/><D71/><U44/><E121/><V1/><F24/><W125/><G125/><T55/><D55/><U132/><E115/><V19/><F102/><W95/><G95/><T30/><D27/><U26/><E69/><V12/><F100/><W126/><G126/><T33/><D33/><U2/><E70/><V134/><F134/><W17/><G17/><T129/><D129/><U105/><E132/><V47/><F47/><W111/><G111/><T110/><D110/><U108/><E105/><V94/><F94/><W67/><G67/><T88/><D127/><U68/><E108/><V7/><F7/><W11/><G11/><RYUUKYOKU ba="0,1" sc="221,-10,432,-10,82,-10,255,30" hai3="20,21,22,36,38,41,45,49,80,86,93,97,101" /><INIT seed="7,1,1,3,3,91" ten="211,422,72,285" oya="3" hai0="7,107,15,33,105,109,8,9,47,121,75,120,35" hai1="92,77,13,72,61,100,129,127,130,68,14,67,87" hai2="59,64,27,29,22,115,70,117,97,38,40,93,43" hai3="73,135,76,18,58,46,56,85,111,57,23,63,1"/><W71/><G1/><T108/><D47/><U41/><E127/><V89/><F117/><W25/><G73/><T28/><D75/><U0/><E41/><V21/><F70/><W24/><G135/><T116/><D107/><U44/><E44/><V128/><F128/><N who="1" m="49257" /><E0/><V80/><F115/><W42/><G111/><N who="0" m="42571" /><D105/><U94/><E72/><V125/><F38/><W74/><G74/><T26/><D116/><U96/><E77/><V10/><F10/><W2/><G2/><N who="0" m="119" /><D35/><U122/><E122/><V79/><F125/><W62/><G71/><T32/><D32/><U123/><E123/><V54/><F64/><W19/><G42/><T86/><D86/><U60/><E60/><V132/><F21/><N who="3" m="13367" /><G46/><T104/><D104/><U82/><E82/><AGARI ba="1,1" hai="19,23,25,56,57,58,62,63,76,82,85" m="13367" machi="82" ten="30,1500,0" yaku="8,1" doraHai="91" who="3" fromWho="1" sc="211,0,422,-18,72,0,285,28" /><INIT seed="7,2,0,4,2,25" ten="211,404,72,313" oya="3" hai0="85,78,117,97,130,102,112,36,81,115,22,27,79" hai1="122,37,124,10,11,44,82,12,19,61,24,33,90" hai2="41,111,31,77,56,120,109,3,40,126,23,65,58" hai3="35,67,118,5,52,96,0,134,55,64,131,100,80"/><W9/><G118/><T38/><D117/><U128/><E122/><V50/><F120/><W74/><G134/><T63/><D63/><U16/><E37/><V104/><F104/><W113/><G113/><N who="0" m="43595" /><BYE who="1" /><D130/><UN n1="%E9%9B%B6%E9%BE%8D" /><U135/><E33/><V47/><F3/><W123/><G35/><T13/><D13/><U119/><E119/><V129/><F126/><W7/><G123/><T93/><D79/><U29/><E124/><V45/><F77/><W1/><G80/><T57/><D57/><U53/><E128/><V46/><F23/><W71/><G71/><T88/><D102/><U87/><E135/><V83/><F31/><AGARI ba="2,0" hai="22,27,31,36,38,78,81,85,88,93,97" m="43595" machi="31" ten="30,7700,0" yaku="15,1,11,1,52,1,54,1" doraHai="25" who="0" fromWho="2" sc="211,83,404,0,72,-83,313,0" owari="294,-11.0,404,51.0,-11,-51.0,313,11.0" /></mjloggm>