<mjloggm ver="2.3"><GO type="41" lobby="0"/><UN n0="%47%2D%32" n1="%E2%93%9D%53%75%70%68%78" n2="%E3%81%86%E3%82%8B%E3%82%8B%E3%81%95%E3%82%89%E3%82%89" n3="%73%68%69%67%65%72%75%73" dan="15,19,13,14" rate="1967.21,2189.82,1836.05,1967.36" sx="M,M,M,M"/><TAIKYOKU oya="0"/><INIT seed="0,0,0,5,0,30" ten="250,250,250,250" oya="0" hai0="99,84,38,89,54,21,95,113,0,74,128,27,14" hai1="28,68,7,16,10,13,112,94,127,71,133,19,98" hai2="114,96,130,44,131,92,45,53,3,119,77,75,64" hai3="70,42,4,33,59,23,134,79,125,106,20,115,132"/><T1/><D113/><U50/><E112/><V52/><F114/><W47/><G106/><T104/><D74/><U8/><E133/><V41/><F3/><W48/><G79/><T32/><D38/><U65/><E127/><V81/><F119/><W100/><G70/><T35/><D128/><N who="2" m="49194" /><F64/><W39/><G4/><T93/><D104/><U105/><E105/><V69/><F69/><W83/><G100/><T82/><D95/><U121/><E121/><V24/><F24/><W122/><G83/><T124/><D124/><U26/><E50/><N who="2" m="26895" /><F45/><W25/><G125/><T17/><D54/><U129/><E129/><V37/><F37/><W5/><G5/><T49/><D49/><U88/><E65/><V118/><F118/><W85/><G85/><T110/><D110/><U36/><E36/><V11/><F11/><W73/><G73/><T46/><D46/><U109/><E109/><V108/><F108/><W102/><G102/><AGARI ba="0,0" hai="52,53,75,77,81,92,96,102" m="26895,49194" machi="102" ten="30,2000,0" yaku="19,1,54,1" doraHai="30" who="2" fromWho="3" sc="250,0,250,0,250,20,250,-20" /><INIT seed="1,0,0,0,0,109" ten="250,250,270,230" oya="1" hai0="94,18,104,33,97,85,122,119,7,30,67,105,20" hai1="80,110,42,26,83,63,102,5,79,113,111,6,47" hai2="12,57,75,120,65,125,71,54,55,40,76,64,106" hai3="114,48,121,108,78,133,36,25,15,84,126,2,118"/><U22/><E102/><V58/><F120/><W35/><RYUUKYOKU type="yao9" ba="0,0" sc="250,0,250,0,270,0,230,0" hai3="2,15,25,35,36,48,78,84,108,114,118,121,126,133" /><INIT seed="1,1,0,3,4,21" ten="250,250,270,230" oya="1" hai0="18,30,2,58,45,47,113,24,72,3,88,135,70" hai1="39,110,25,33,67,92,29,125,116,128,10,13,12" hai2="94,130,20,66,105,96,78,55,11,98,134,122,68" hai3="62,8,56,48,16,9,121,27,102,43,1,115,103"/><U60/><E116/><V93/><F122/><W91/><G115/><T51/><D70/><U40/><E128/><V90/><F105/><W61/><G1/><T124/><D113/><U109/><E125/><V54/><F130/><W119/><G119/><T73/><D124/><U83/><E92/><V81/><F134/><W46/><G121/><T106/><D106/><U84/><E40/><V80/><F11/><N who="3" m="4171" /><G91/><T101/><D101/><N who="3" m="38409" /><G56/><T50/><D135/><U85/><E39/><V76/><F90/><W6/><G6/><T123/><D58/><U7/><E13/><V4/><F20/><AGARI ba="1,0" hai="16,20,27,43,46,48,61,62" m="38409,4171" machi="20" ten="30,3900,0" yaku="8,1,52,1,54,1" doraHai="21" who="3" fromWho="2" sc="250,0,250,0,270,-42,230,42" /><INIT seed="2,0,0,4,3,37" ten="250,250,228,272" oya="2" hai0="61,99,90,25,103,74,102,64,4,125,72,28,132" hai1="65,43,32,49,40,109,7,133,120,11,117,105,62" hai2="9,70,122,100,130,2,39,30,58,36,55,33,108" hai3="135,110,42,22,116,6,113,88,19,12,35,112,67"/><V94/><F94/><W20/><G110/><T97/><D132/><U73/><E117/><V83/><F100/><W115/><G116/><T95/><D125/><U13/><E32/><V77/><F58/><W78/><G78/><T93/><D4/><U75/><E105/><V79/><F55/><W91/><G67/><T17/><D17/><U60/><E120/><V44/><F79/><W48/><G35/><T85/><D85/><U59/><E109/><V10/><F10/><W57/><G6/><T134/><D90/><U26/><E133/><V21/><F21/><W119/><G119/><T52/><D52/><U24/><E49/><V45/><F45/><N who="3" m="25655" /><G135/><T0/><D0/><U5/><E62/><V114/><F77/><W80/><G80/><T121/><D121/><U126/><E126/><V18/><F83/><W98/><G57/><T81/><D81/><U41/><REACH who="1" step="1"/><E7/><REACH who="1" ten="250,240,228,272" step="2"/><V92/><F39/><W66/><G66/><T123/><D134/><U131/><E131/><V89/><F36/><W96/><G22/><N who="0" m="15415" /><D123/><U118/><E118/><V129/><F122/><W68/><G68/><T14/><D61/><U71/><E71/><V47/><F70/><W86/><G91/><T15/><D103/><U51/><E51/><V128/><F89/><W104/><G104/><T84/><D102/><U69/><E69/><V23/><F130/><W63/><G63/><T101/><D101/><U46/><E46/><V87/><F129/><W1/><G1/><T53/><D74/><AGARI ba="0,1" hai="5,11,13,24,26,40,41,43,59,60,65,73,74,75" machi="74" ten="40,8000,1" yaku="1,1,52,3,53,0" doraHai="37" doraHaiUra="16" who="1" fromWho="0" sc="250,-80,240,90,228,0,272,0" /><INIT seed="3,0,0,2,1,39" ten="170,330,228,272" oya="3" hai0="124,96,22,15,102,127,38,119,122,107,74,130,4" hai1="97,44,90,60,69,23,129,42,12,26,104,7,1" hai2="101,135,10,48,59,94,128,81,34,86,30,120,29" hai3="21,51,106,61,118,24,72,36,28,105,109,71,19"/><W40/><G118/><T32/><D32/><U52/><E1/><V87/><F10/><W82/><G36/><T114/><D119/><U100/><E129/><V27/><F59/><W70/><G72/><T18/><D122/><U125/><E125/><V117/><F48/><W112/><G112/><T8/><D130/><U121/><E121/><V91/><F101/><W65/><G71/><T111/><D111/><U57/><E69/><V46/><F46/><W66/><G66/><T63/><D74/><U55/><E90/><V2/><F2/><W56/><G109/><T5/><D114/><U13/><E55/><V20/><F34/><W73/><G28/><T108/><D108/><U123/><E7/><V37/><F37/><W131/><G70/><T103/><D103/><U67/><E67/><V89/><F117/><W113/><G131/><T76/><D76/><U53/><E53/><V77/><F128/><W95/><G95/><T80/><D80/><U116/><E123/><V45/><F45/><W126/><G126/><N who="0" m="48171" /><D38/><U132/><E132/><V68/><F135/><W134/><G134/><T50/><D63/><U35/><E35/><V58/><F58/><W115/><G115/><T43/><D8/><U99/><E116/><V16/><F68/><W47/><REACH who="3" step="1"/><G113/><REACH who="3" ten="170,330,228,262" step="2"/><T49/><D49/><N who="1" m="26775" /><E99/><N who="2" m="57807" /><F120/><W110/><G110/><T31/><D31/><N who="1" m="17887" /><E97/><V9/><F9/><W14/><G14/><T75/><D75/><U133/><E133/><V83/><AGARI ba="0,1" hai="16,20,27,29,30,77,81,83,86,87,91" m="57807" machi="83" ten="30,2000,0" yaku="8,1,54,1" doraHai="39" who="2" fromWho="2" sc="170,-5,330,-5,228,30,262,-10" /><INIT seed="4,0,0,5,1,8" ten="165,325,258,252" oya="0" hai0="63,48,83,56,91,85,32,106,70,134,21,100,12" hai1="43,29,13,68,3,47,114,23,121,58,35,81,25" hai2="89,95,109,11,84,131,73,64,10,88,124,15,22" hai3="74,69,39,111,129,33,78,132,62,66,9,37,82"/><T107/><D32/><U123/><E68/><V116/><F73/><W17/><G111/><T52/><D134/><U4/><E58/><V92/><F109/><W65/><G129/><T0/><D0/><U24/><E81/><V120/><F120/><W40/><G132/><T87/><D100/><U71/><E71/><V26/><F131/><W57/><G66/><T130/><D130/><U72/><E72/><V135/><F135/><W103/><G57/><T54/><D70/><U122/><E47/><V18/><F124/><W96/><G17/><T105/><D87/><U125/><E43/><V97/><F116/><W126/><G126/><T30/><D30/><N who="1" m="19911" /><E114/><V93/><F64/><W7/><G33/><T20/><REACH who="0" step="1"/><D12/><REACH who="0" ten="155,325,258,252" step="2"/><U53/><E125/><V80/><REACH who="2" step="1"/><F10/><REACH who="2" ten="155,325,248,252" step="2"/><W55/><G9/><T127/><D127/><U77/><E123/><V49/><F49/><W112/><G39/><T5/><D5/><AGARI ba="0,2" hai="5,11,15,18,22,26,80,84,88,89,92,93,95,97" machi="5" ten="30,8000,1" yaku="1,1,7,1,8,1,52,1,54,1,53,0" doraHai="8" doraHaiUra="113" who="2" fromWho="0" sc="155,-80,325,0,248,100,252,0" /><INIT seed="5,0,0,1,0,85" ten="75,325,348,252" oya="1" hai0="91,3,84,60,9,26,130,122,69,95,92,13,23" hai1="27,131,86,45,81,54,15,119,127,14,62,93,102" hai2="20,52,51,113,24,129,128,108,100,43,40,79,88" hai3="123,77,68,58,65,124,71,125,134,2,25,101,42"/><U6/><E119/><V126/><F108/><W30/><G2/><T96/><D3/><U50/><E127/><V49/><F126/><N who="3" m="48747" /><G77/><T44/><D130/><U5/><E131/><V83/><F100/><W106/><G134/><T46/><D69/><U22/><E62/><V17/><F129/><W70/><G42/><T103/><D60/><U37/><E37/><V104/><F104/><W82/><G82/><T29/><REACH who="0" step="1"/><D122/><REACH who="0" ten="65,325,348,252" step="2"/><U115/><E115/><V19/><F128/><W55/><G123/><T114/><D114/><U36/><E6/><AGARI ba="0,1" hai="6,9,13,23,26,29,44,46,84,91,92,95,96,103" machi="6" ten="30,7700,0" yaku="1,1,7,1,8,1,52,1,53,0" doraHai="85" doraHaiUra="64" who="0" fromWho="1" sc="65,87,325,-77,348,0,252,0" /><INIT seed="6,0,0,2,0,105" ten="152,248,348,252" oya="2" hai0="33,15,86,108,88,123,50,35,124,20,82,19,109" hai1="80,0,39,127,25,133,54,102,42,114,99,27,79" hai2="14,115,132,5,63,69,94,6,113,131,52,56,93" hai3="32,22,55,121,65,112,117,75,12,36,31,23,104"/><V44/><F69/><W98/><G117/><T38/><D38/><U8/><E114/><V92/><F132/><W129/><G121/><T21/><D123/><U110/><E110/><V13/><F131/><W125/><G36/><T120/><D120/><U66/><E54/><V11/><F44/><W97/><G125/><T59/><D124/><U3/><E66/><V26/><F26/><W118/><G118/><T51/><D109/><U1/><E133/><V60/><F60/><W91/><G65/><T30/><D108/><U95/><E127/><V7/><REACH who="2" step="1"/><F11/><REACH who="2" ten="152,248,338,252" step="2"/><W37/><G129/><T103/><D59/><U41/><E8/><V48/><F48/><W78/><G37/><T90/><D51/><U61/><E61/><V18/><F18/><W49/><G49/><T106/><D50/><U29/><E39/><V9/><F9/><W67/><G67/><T135/><D135/><U101/><E27/><V76/><F76/><W100/><G78/><T34/><D30/><U73/><REACH who="1" step="1"/><E102/><REACH who="1" ten="152,238,338,252" step="2"/><V16/><F16/><W134/><G100/><T85/><D103/><U72/><E72/><V96/><F96/><W70/><G98/><T62/><D62/><U119/><E119/><V4/><F4/><W89/><G75/><T47/><D19/><U128/><E128/><V57/><F57/><W10/><G97/><T71/><D71/><U77/><E77/><V68/><F68/><W83/><G70/><T58/><D58/><U2/><N who="1" m="0" /><DORA hai="122" /><U87/><E87/><V53/><F53/><W81/><G55/><T28/><D85/><U126/><E126/><V24/><F24/><RYUUKYOKU ba="0,2" sc="152,-15,238,15,338,15,252,-15" hai1="25,29,41,42,73,79,80,95,99,101" hai2="5,6,7,13,14,52,56,63,92,93,94,113,115" /><INIT seed="6,1,2,1,0,113" ten="137,253,353,237" oya="2" hai0="61,9,73,29,84,1,124,24,91,93,3,67,115" hai1="104,51,98,48,43,33,62,121,92,0,38,125,30" hai2="10,25,128,90,118,102,100,76,120,108,6,74,83" hai3="89,41,15,87,42,88,12,54,18,36,59,4,68"/><V79/><F120/><W46/><G68/><T110/><D115/><U111/><E0/><V52/><F128/><W119/><G119/><T56/><D110/><U53/><E104/><V5/><F118/><W103/><G103/><T57/><D73/><U40/><E33/><V135/><F135/><W63/><G42/><T132/><D132/><U112/><E30/><V82/><F25/><W131/><G131/><T126/><D56/><N who="1" m="35087" /><E125/><V19/><F90/><W27/><G4/><T78/><D78/><U133/><E38/><V95/><F95/><W117/><G117/><T50/><D50/><N who="1" m="18987" /><E111/><V71/><F52/><W45/><G45/><T7/><REACH who="0" step="1"/><D1/><REACH who="0" ten="127,253,353,237" step="2"/><U32/><E112/><V97/><F79/><W122/><G122/><T2/><D2/><U96/><E133/><V81/><F76/><W105/><G36/><T99/><D99/><U65/><E98/><V47/><F97/><W64/><G87/><T60/><D60/><U31/><E121/><V17/><F108/><W106/><G64/><T94/><D94/><U28/><E65/><V116/><F116/><W13/><G106/><T70/><D70/><U8/><E92/><V69/><F69/><W66/><G105/><T130/><D130/><U39/><E96/><V85/><F74/><W26/><G66/><T11/><D11/><U44/><E8/><V80/><F10/><W21/><G46/><T107/><D107/><U55/><E39/><V72/><F72/><W109/><G109/><T58/><D58/><U114/><E114/><V123/><F71/><W35/><G41/><N who="1" m="15946" /><E32/><AGARI ba="1,3" hai="3,7,9,24,29,32,57,61,67,84,91,93,124,126" machi="32" ten="40,1300,0" yaku="1,1,53,0" doraHai="113" doraHaiUra="49" who="0" fromWho="1" sc="127,46,253,-16,353,0,237,0" /><INIT seed="7,0,0,1,2,9" ten="173,237,353,237" oya="3" hai0="54,83,35,60,134,36,133,70,56,45,40,106,68" hai1="7,49,3,92,30,33,43,99,97,23,73,20,103" hai2="117,71,102,87,1,65,2,116,128,132,66,75,125" hai3="14,72,112,24,22,135,90,88,119,55,91,13,109"/><W108/><G72/><T29/><D106/><U32/><E73/><V126/><F75/><W95/><G119/><T26/><D83/><U10/><E43/><V16/><F71/><N who="0" m="27178" /><D26/><U101/><E49/><V15/><F102/><W76/><G76/><T44/><D29/><U48/><E48/><V52/><F87/><W84/><G135/><N who="0" m="51723" /><D35/><U57/><E57/><V113/><F132/><W38/><G38/><N who="0" m="21527" /><D45/><U104/><E30/><V50/><F2/><W130/><G91/><T5/><D5/><U80/><E80/><V82/><F82/><W121/><G90/><T53/><D53/><U98/><E33/><V93/><F1/><W69/><G69/><T100/><D100/><U124/><E32/><V111/><F93/><W37/><G37/><AGARI ba="0,0" hai="36,37,54,56,60" m="21527,51723,27178" machi="37" ten="30,3900,0" yaku="20,1,34,2" doraHai="9" who="0" fromWho="3" sc="173,39,237,0,353,0,237,-39" owari="212,-19.0,237,4.0,353,45.0,198,-30.0" /></mjloggm>