<mjloggm ver="2.3"><GO type="41" lobby="0"/><UN n0="%72%6F%6B%61%2B" n1="%4D%41%4B%4B%45%49" n2="%E5%8F%B0%E5%8C%97%E7%9B%B4%E7%9B%B4%E5%8F%A3%E3%83%B3" n3="%E2%93%9D%53%75%70%68%78" dan="13,13,15,19" rate="1838.23,1900.38,2006.85,2222.14" sx="M,M,F,M"/><TAIKYOKU oya="0"/><INIT seed="0,0,0,1,5,77" ten="250,250,250,250" oya="0" hai0="70,19,84,65,122,128,2,100,32,129,106,102,108" hai1="39,110,69,133,55,76,115,12,85,17,8,78,1" hai2="127,120,5,49,131,31,59,40,3,90,62,20,42" hai3="47,6,125,114,87,57,14,58,66,9,92,126,45"/><T64/><D2/><U15/><E1/><V94/><F120/><W25/><G114/><T112/><D19/><U83/><E69/><V50/><F131/><N who="0" m="50250" /><D122/><U56/><E39/><V23/><F127/><N who="3" m="48651" /><G25/><T18/><D112/><U74/><E110/><V63/><F3/><W121/><G121/><T36/><D36/><U123/><E133/><V99/><F5/><W134/><G134/><T61/><D18/><N who="1" m="8455" /><E74/><V124/><F124/><W54/><G66/><N who="0" m="41295" /><D32/><U117/><E117/><V118/><F118/><W10/><G10/><T24/><D24/><U29/><E29/><V135/><F135/><W132/><G132/><T98/><D108/><U97/><E97/><V53/><F63/><N who="3" m="36279" /><G58/><T82/><D102/><U38/><E38/><V71/><F71/><W22/><G22/><N who="2" m="8233" /><F31/><W80/><G92/><T91/><AGARI ba="0,0" hai="64,65,82,84,91,98,100,106" m="41295,50250" machi="91" ten="30,3000,0" yaku="19,1,52,1" doraHai="77" who="0" fromWho="0" sc="250,30,250,-10,250,-10,250,-10" /><INIT seed="0,1,0,0,1,39" ten="280,240,240,240" oya="0" hai0="17,34,40,91,104,37,46,68,97,51,92,13,19" hai1="90,93,18,23,58,12,54,73,135,76,0,65,125" hai2="132,60,6,121,120,16,134,28,49,47,87,85,74" hai3="95,105,82,8,61,33,48,79,108,84,110,89,131"/><T111/><D34/><U52/><E135/><N who="2" m="51755" /><F74/><W7/><G33/><T14/><D68/><U45/><E125/><V127/><F127/><W88/><G131/><T107/><D111/><N who="3" m="42537" /><G105/><T50/><D37/><U4/><E0/><V71/><F28/><W9/><G89/><T98/><D51/><U41/><E4/><V94/><F6/><W129/><G129/><T32/><D32/><U77/><E73/><V36/><F36/><W59/><G48/><T72/><D72/><U5/><E5/><V22/><F71/><W109/><N who="3" m="42545" /><W24/><DORA hai="25" /><G24/><T114/><D114/><U119/><E119/><V55/><F60/><W99/><G7/><T75/><D75/><U102/><E102/><V26/><F94/><W112/><G112/><T63/><D63/><N who="1" m="36295" /><E54/><AGARI ba="1,0" hai="8,9,54,59,61,79,82,84,88,95,99" m="42545" machi="54" ten="40,2600,0" yaku="14,1,54,1" doraHai="39,25" who="3" fromWho="1" sc="280,0,240,-29,240,0,240,29" /><INIT seed="1,0,0,4,5,46" ten="280,211,240,269" oya="1" hai0="0,72,131,13,56,124,2,50,62,118,7,68,128" hai1="31,77,60,64,33,115,113,93,69,8,114,95,27" hai2="110,52,30,99,58,44,129,14,78,42,43,15,92" hai3="3,119,37,130,32,9,90,116,121,102,49,29,84"/><U108/><E77/><V120/><F120/><W61/><G37/><T45/><D118/><U126/><E126/><V40/><F129/><N who="0" m="49738" /><D72/><U122/><E122/><V98/><F110/><W100/><G61/><T89/><D68/><U17/><E108/><V1/><F1/><W101/><G32/><T54/><D124/><U103/><E103/><V105/><F105/><W91/><G29/><T123/><D123/><U51/><E17/><V63/><F30/><W19/><G130/><T74/><D74/><U96/><E96/><V41/><F78/><W25/><G121/><T28/><D28/><U87/><E87/><V109/><F109/><W59/><G25/><T127/><D127/><U134/><E134/><V94/><F92/><W16/><G3/><T20/><D89/><N who="3" m="33801" /><G9/><N who="0" m="4287" /><D20/><U71/><E69/><V38/><REACH who="2" step="1"/><F98/><REACH who="2" ten="280,211,230,269" step="2"/><W112/><G119/><T26/><D26/><U111/><E111/><V57/><F57/><W34/><G59/><T75/><D75/><U4/><E95/><V80/><F80/><W66/><G116/><T125/><D125/><U6/><E93/><V79/><F79/><W53/><G84/><T35/><D35/><U70/><E70/><V107/><F107/><W55/><G34/><T85/><D85/><U132/><E8/><V135/><F135/><W73/><G73/><T133/><D133/><U24/><E132/><V67/><F67/><AGARI ba="0,1" hai="0,2,45,50,54,56,62,67" m="4287,49738" machi="67" ten="30,2000,0" yaku="19,1,52,1" doraHai="46" who="0" fromWho="2" sc="280,30,211,0,230,-20,269,0" /><INIT seed="2,0,0,5,2,30" ten="310,211,210,269" oya="2" hai0="83,62,73,19,116,18,88,112,96,110,84,4,121" hai1="103,36,2,13,125,24,48,7,32,132,94,58,91" hai2="95,77,105,117,127,27,101,40,135,68,35,54,93" hai3="107,74,61,46,72,6,25,119,69,100,78,114,17"/><V37/><F117/><W51/><G119/><T47/><D116/><U80/><E36/><V134/><F68/><W76/><G6/><T109/><D112/><U21/><E132/><N who="2" m="50731" /><F127/><W97/><G114/><T108/><D121/><U55/><E125/><V59/><F105/><W44/><G44/><T42/><D73/><U118/><E118/><V66/><F66/><W70/><G74/><T15/><D62/><U87/><E2/><V104/><F104/><W67/><G70/><T23/><D96/><U39/><E39/><V53/><F59/><W99/><G99/><T33/><D4/><U64/><E64/><V52/><F77/><W81/><G78/><T92/><D19/><U131/><E131/><V45/><F101/><W50/><G46/><T26/><D92/><U89/><E103/><V79/><F79/><W82/><G82/><T124/><D124/><U102/><E102/><V9/><F9/><W8/><G8/><T85/><D85/><U14/><E32/><V122/><F122/><W126/><G126/><T12/><D33/><U20/><E20/><V111/><F111/><W65/><G65/><T57/><D57/><U0/><E7/><V41/><F41/><W1/><G1/><T3/><D3/><U34/><E34/><V16/><F16/><W86/><G72/><T10/><REACH who="0" step="1"/><D10/><REACH who="0" ten="300,211,210,269" step="2"/><U31/><E0/><V71/><F71/><W5/><G5/><T129/><D129/><U60/><E60/><V123/><F123/><W49/><G17/><T120/><D120/><U90/><E90/><V28/><AGARI ba="0,1" hai="27,28,35,37,40,45,52,53,54,93,95" m="50731" machi="28" ten="40,7800,0" yaku="20,1,52,1,54,1" doraHai="30" who="2" fromWho="2" sc="300,-26,211,-26,210,88,269,-26" /><INIT seed="2,1,0,2,4,1" ten="274,185,298,243" oya="2" hai0="83,111,96,97,38,131,53,56,80,91,72,55,125" hai1="12,19,90,29,70,123,57,21,0,15,8,44,49" hai2="100,84,28,86,118,75,115,25,35,117,127,36,23" hai3="10,48,121,59,40,85,52,50,120,113,22,2,94"/><V114/><F36/><W41/><G113/><T20/><D38/><U87/><E70/><V110/><F75/><W31/><G31/><T58/><D111/><U103/><E0/><V43/><F43/><W81/><G22/><T47/><D131/><U68/><E68/><V135/><F100/><W92/><G121/><T45/><D125/><U77/><E77/><V61/><F61/><W9/><G120/><T79/><D20/><U67/><E103/><V95/><F95/><N who="3" m="36395" /><G2/><T73/><D79/><U108/><E108/><V122/><F122/><W24/><G24/><T4/><D91/><U65/><E57/><V14/><F110/><W63/><G41/><T11/><D11/><N who="3" m="4105" /><G40/><T42/><D42/><N who="1" m="24727" /><E29/><V128/><F86/><W133/><G133/><T129/><D129/><U106/><E106/><V46/><F84/><W39/><G39/><T51/><D51/><U64/><E123/><V93/><F93/><W3/><G3/><T37/><D37/><U98/><E98/><V78/><F135/><W6/><G6/><AGARI ba="1,0" hai="4,6,45,47,53,55,56,58,72,73,80,83,96,97" machi="6" ten="25,6400,0" yaku="22,2,52,2" doraHai="1" who="0" fromWho="3" sc="274,67,185,0,298,0,243,-67" /><INIT seed="3,0,0,1,2,80" ten="341,185,298,176" oya="3" hai0="57,17,93,99,29,14,127,73,75,105,102,67,65" hai1="113,3,18,98,111,108,55,120,63,28,121,41,21" hai2="61,85,77,54,135,53,19,115,10,66,52,60,7" hai3="92,24,34,56,122,47,13,90,6,84,107,50,76"/><W37/><G122/><N who="1" m="47210" /><E41/><V40/><F135/><W49/><G107/><T79/><D127/><U33/><E63/><V119/><F119/><W26/><G34/><T42/><D42/><U128/><E55/><V5/><F115/><W30/><G37/><T32/><D32/><U124/><E3/><V1/><F40/><N who="3" m="24807" /><G76/><T89/><D29/><U27/><E98/><V48/><F7/><W16/><G6/><T4/><D4/><U38/><E38/><V35/><F35/><W8/><G30/><T131/><D131/><U2/><E2/><V100/><F100/><W22/><G8/><T114/><D114/><U69/><E69/><V132/><F132/><W110/><G110/><N who="1" m="42026" /><E113/><V43/><F43/><W117/><G117/><T20/><D67/><U62/><E62/><V31/><F31/><W11/><G11/><T95/><D65/><U71/><E71/><V104/><F48/><W112/><G112/><T125/><D125/><U123/><N who="1" m="47218" /><U81/><DORA hai="133" /><E81/><N who="2" m="47279" /><F1/><W134/><G134/><T72/><D57/><U12/><E124/><V44/><F44/><W0/><G0/><T36/><D36/><U58/><E58/><N who="2" m="37143" /><F104/><W59/><G59/><T15/><D105/><U25/><E128/><V106/><F106/><W130/><G130/><T126/><D126/><U82/><E82/><V9/><F5/><W103/><G103/><T101/><D101/><U94/><E94/><V96/><F61/><W23/><G23/><T88/><D102/><U74/><E74/><V46/><F46/><W118/><G118/><T129/><D95/><U86/><E86/><V91/><F19/><RYUUKYOKU ba="0,0" sc="341,-30,185,10,298,10,176,10" hai1="12,18,21,25,27,28,33" hai2="9,10,52,53,54,91,96" hai3="13,16,22,24,26,50,56,84,90,92" /><INIT seed="3,1,0,2,2,32" ten="311,195,308,186" oya="3" hai0="19,28,69,57,65,87,114,123,41,74,29,55,99" hai1="54,118,75,23,46,36,83,93,98,64,101,27,71" hai2="119,9,121,113,116,8,18,20,26,40,39,102,79" hai3="38,63,48,124,6,117,5,104,85,4,91,89,77"/><W105/><G38/><T30/><D74/><U106/><E118/><N who="2" m="45099" /><F40/><W135/><G117/><T10/><D123/><U120/><E120/><V84/><F39/><W12/><G135/><T80/><D41/><U21/><E21/><N who="2" m="13623" /><F102/><W73/><G124/><T107/><D114/><U17/><E106/><V59/><F59/><W1/><G73/><T68/><D107/><U3/><E3/><V115/><F84/><W0/><G12/><N who="0" m="7575" /><D69/><U122/><E122/><V100/><F79/><W50/><G6/><T92/><D68/><U131/><E131/><V128/><F100/><W2/><G2/><T22/><D65/><U72/><E83/><V33/><F128/><W81/><G85/><T13/><D99/><U53/><E53/><V66/><F66/><W47/><G81/><T60/><D92/><U51/><REACH who="1" step="1"/><E36/><REACH who="1" ten="311,185,308,186" step="2"/><V25/><F121/><W62/><REACH who="3" step="1"/><G47/><REACH who="3" ten="311,185,308,176" step="2"/><T49/><D80/><U45/><E45/><V86/><F115/><W125/><G125/><T7/><D87/><U24/><E24/><V127/><F86/><W11/><G11/><T37/><D37/><U132/><E132/><V43/><F113/><W35/><G35/><T15/><D7/><U96/><E96/><V42/><F127/><W108/><G108/><T112/><D112/><U67/><E67/><V70/><F33/><W94/><G94/><T44/><D22/><U103/><E103/><V14/><F9/><W126/><G126/><T31/><N who="0" m="7168" /><DORA hai="97" /><T56/><D44/><U134/><E134/><V34/><F34/><W90/><G90/><T95/><D95/><U129/><E129/><V78/><F8/><RYUUKYOKU ba="1,2" sc="311,10,185,10,308,-30,176,10" hai0="13,15,49,55,56,57,60" hai1="17,23,27,46,51,54,64,71,72,75,93,98,101" hai3="0,1,4,5,48,50,62,63,77,89,91,104,105" /><INIT seed="3,2,2,4,1,79" ten="321,195,278,186" oya="3" hai0="103,84,128,25,57,107,95,5,14,10,28,35,33" hai1="91,62,8,94,52,114,47,64,130,6,9,106,75" hai2="119,67,60,111,56,69,127,113,108,11,41,96,122" hai3="97,34,38,76,81,26,77,110,133,42,24,87,131"/><W37/><G131/><T59/><D128/><U86/><E130/><V132/><F113/><W92/><G133/><T88/><D35/><U83/><E106/><V61/><F122/><W80/><G110/><N who="2" m="42025" /><F119/><W19/><G42/><T68/><D68/><U63/><E75/><V46/><F11/><N who="1" m="4169" /><E64/><N who="2" m="41095" /><F96/><W44/><G44/><T117/><D117/><U93/><E6/><V18/><F18/><W134/><G134/><T70/><D70/><U1/><E1/><V125/><F132/><W53/><G53/><T17/><D107/><U74/><E74/><V48/><AGARI ba="2,2" hai="41,46,48,56,61,67,125,127" m="41095,42025" machi="48" ten="30,4000,0" yaku="14,1,34,2" doraHai="79" who="2" fromWho="2" sc="321,-12,195,-12,278,66,186,-22" /><INIT seed="4,0,0,2,4,16" ten="309,183,344,164" oya="0" hai0="45,134,120,43,67,86,78,113,29,59,50,96,104" hai1="21,9,105,53,49,76,33,94,7,119,87,36,116" hai2="37,46,58,8,55,30,81,18,126,32,72,127,68" hai3="65,63,109,13,97,47,101,100,107,14,60,114,135"/><T54/><D120/><U10/><E33/><V89/><F68/><W4/><G109/><T11/><D113/><U88/><E105/><V69/><F69/><W73/><G73/><T98/><D134/><U102/><E36/><V133/><F133/><W83/><G135/><T128/><D128/><U52/><E53/><V0/><F32/><W23/><G114/><T129/><D129/><U106/><E10/><V66/><F30/><W82/><G47/><T38/><D104/><U110/><E110/><V80/><F66/><W64/><G107/><T124/><D124/><N who="2" m="47658" /><F89/><W31/><G31/><T75/><D29/><U27/><E76/><V35/><F35/><W131/><G131/><T108/><D108/><U70/><E70/><V121/><F72/><W51/><G4/><T28/><D28/><U71/><E71/><V122/><F122/><W39/><G39/><T15/><D67/><U57/><E102/><V111/><F111/><W79/><G79/><T56/><D75/><U3/><E106/><V90/><F90/><W26/><G101/><T44/><D98/><U25/><E25/><V6/><F18/><AGARI ba="0,0" hai="3,7,9,18,21,27,49,52,57,87,88,94,116,119" machi="18" ten="30,7700,0" yaku="7,1,52,1,54,2" doraHai="16" who="1" fromWho="2" sc="309,0,183,77,344,-77,164,0" /><INIT seed="5,0,0,3,0,34" ten="309,260,267,164" oya="1" hai0="80,68,111,107,83,110,91,21,30,67,7,16,95" hai1="82,29,20,57,3,109,122,93,6,38,63,15,115" hai2="10,135,61,70,12,106,101,126,65,64,9,102,114" hai3="77,113,133,62,42,71,48,69,35,88,66,117,49"/><U40/><E122/><V120/><F120/><W25/><G77/><T32/><D107/><U41/><E115/><V112/><F135/><W125/><G113/><N who="2" m="43625" /><F106/><W14/><G14/><T94/><D68/><U51/><E38/><V100/><F65/><W2/><G125/><T98/><D67/><U129/><E129/><V92/><F126/><W39/><G133/><T18/><D7/><U24/><E3/><V127/><F127/><W55/><G25/><T108/><D32/><U11/><E51/><V76/><F76/><W97/><G49/><T58/><D30/><U81/><E93/><V60/><F60/><W5/><G35/><T78/><D95/><U85/><E82/><V79/><F79/><W119/><G71/><T47/><D47/><U104/><E104/><V54/><F54/><W37/><G42/><T89/><D89/><N who="1" m="51375" /><E109/><V99/><F10/><N who="3" m="2359" /><G55/><AGARI ba="0,0" hai="6,11,15,20,24,29,40,41,55,57,63" m="51375" machi="55" ten="30,1500,0" yaku="8,1" doraHai="34" who="1" fromWho="3" sc="309,0,260,15,267,0,164,-15" /><INIT seed="5,1,0,4,0,70" ten="309,275,267,149" oya="1" hai0="118,63,83,120,59,51,98,11,74,7,82,89,24" hai1="38,124,18,58,43,80,105,92,81,4,66,27,8" hai2="50,126,113,75,94,37,36,46,78,13,132,121,88" hai3="48,32,76,96,35,85,65,86,28,31,39,99,15"/><U30/><E105/><V108/><F108/><W53/><G65/><T60/><D118/><U64/><E124/><V79/><F121/><W119/><G15/><N who="0" m="5631" /><D74/><U21/><E43/><V93/><F132/><W69/><G48/><T103/><D103/><U116/><E38/><V12/><F126/><W134/><G76/><T41/><D24/><U5/><E92/><V19/><F113/><W54/><G69/><T104/><D104/><U40/><E40/><V130/><F130/><W10/><G10/><T135/><D135/><U101/><E101/><V87/><F12/><W100/><G100/><T49/><D120/><U14/><E66/><V68/><F68/><W2/><G134/><T84/><D98/><U73/><E73/><V106/><F106/><W52/><G54/><N who="0" m="33911" /><D63/><N who="1" m="38007" /><E116/><V20/><F94/><W56/><G56/><T34/><D34/><U33/><E4/><V71/><F71/><W95/><G95/><N who="0" m="54695" /><D51/><U47/><E47/><AGARI ba="1,0" hai="41,47,49,82,83" m="54695,33911,5631" machi="47" ten="30,1000,0" yaku="8,1" doraHai="70" who="0" fromWho="1" sc="309,13,275,-13,267,0,149,0" /><INIT seed="6,0,0,2,3,1" ten="322,262,267,149" oya="2" hai0="94,99,63,113,115,95,119,12,81,45,24,90,2" hai1="44,7,75,50,121,13,53,107,27,106,100,110,57" hai2="5,31,22,16,55,64,72,30,56,68,40,131,126" hai3="124,132,9,42,20,103,60,33,8,80,35,125,82"/><V127/><F72/><W74/><G103/><T79/><D2/><U118/><E110/><V18/><F131/><W76/><G20/><T66/><D119/><U71/><E75/><V117/><F117/><W129/><G74/><T108/><D108/><U58/><E71/><V49/><F40/><W130/><G42/><T48/><D24/><U6/><E121/><V36/><F36/><W85/><G60/><T120/><D120/><U102/><E27/><N who="2" m="14791" /><F68/><W88/><G132/><T54/><D95/><U96/><E13/><V34/><F64/><W133/><G133/><T101/><D101/><U38/><E118/><V91/><F34/><W46/><G46/><T70/><D12/><U3/><E3/><V17/><F91/><W86/><REACH who="3" step="1"/><G76/><REACH who="3" ten="322,262,267,139" step="2"/><T109/><D79/><U87/><E38/><V112/><F112/><N who="0" m="43082" /><D109/><U84/><E50/><V59/><F127/><W114/><G114/><T15/><D48/><U47/><E53/><N who="2" m="31791" /><F126/><W98/><G98/><AGARI ba="0,1" hai="6,7,44,47,57,58,84,87,96,98,100,102,106,107" machi="98" ten="25,6400,0" yaku="22,2,52,2" doraHai="1" who="1" fromWho="3" sc="322,0,262,74,267,0,139,-64" /><INIT seed="7,0,0,1,5,58" ten="322,336,267,75" oya="3" hai0="100,38,2,14,49,106,6,116,48,29,80,85,54" hai1="44,92,123,71,74,45,75,99,77,65,10,12,126" hai2="8,107,76,16,97,82,113,72,63,78,4,23,103" hai3="117,93,86,133,129,119,61,24,43,11,84,64,128"/><W42/><G11/><N who="0" m="4471" /><D38/><U50/><E123/><V109/><F109/><W68/><G24/><T32/><D2/><U60/><E126/><V69/><F113/><W47/><G93/><T20/><D32/><U98/><E98/><V25/><F78/><W7/><G7/><T37/><D37/><U124/><E45/><V55/><F55/><W0/><G86/><T33/><D33/><U9/><E9/><V114/><F114/><W110/><G84/><T125/><D125/><U3/><E77/><V105/><F69/><W102/><G102/><T118/><D106/><U53/><E3/><V81/><F81/><W130/><G0/><T34/><D34/><U90/><E124/><V108/><F108/><W57/><G110/><T41/><D100/><U19/><AGARI ba="0,0" hai="10,12,19,44,50,53,60,65,71,74,75,90,92,99" machi="19" ten="20,2700,0" yaku="0,1,7,1,52,1" doraHai="58" who="1" fromWho="1" sc="322,-7,336,27,267,-7,75,-13" owari="315,12.0,363,46.0,260,-14.0,62,-44.0" /></mjloggm>