<mjloggm ver="2.3"><GO type="41" lobby="0"/><UN n0="%4E%4F%2D%4E%41%4D%45" n1="%74%6F%6B%61%74%73%75" n2="%E9%BB%84%E9%BE%8D%E7%8E%8B%E3%81%97%E3%81%92%35%37" n3="%E2%93%9D%53%75%70%68%78" dan="14,13,14,19" rate="1928.24,1833.47,1924.51,2132.17" sx="M,M,M,M"/><TAIKYOKU oya="0"/><INIT seed="0,0,0,5,0,74" ten="250,250,250,250" oya="0" hai0="73,103,46,4,76,50,75,47,33,17,108,113,117" hai1="91,118,1,15,42,41,70,11,61,71,97,127,124" hai2="35,56,10,116,98,122,107,13,27,105,96,55,115" hai3="126,38,24,63,3,99,85,8,31,32,14,79,101"/><T18/><D117/><U104/><E118/><V49/><F116/><W128/><G38/><T28/><D103/><U26/><E1/><V19/><F115/><W95/><G128/><T20/><D4/><U5/><E26/><V65/><F122/><W81/><G126/><N who="1" m="48170" /><E61/><V77/><F107/><W30/><G3/><T109/><D33/><U80/><E104/><V131/><F105/><W119/><G119/><T52/><D47/><U102/><E102/><V57/><F131/><W90/><G63/><T16/><D28/><U53/><E53/><V7/><F35/><W132/><G132/><T94/><D94/><N who="1" m="56543" /><E80/><V59/><F65/><W83/><G31/><T134/><D134/><U114/><E114/><V0/><F0/><W111/><G83/><N who="0" m="45455" /><D75/><U21/><E21/><N who="2" m="13759" /><F77/><W78/><REACH who="3" step="1"/><G111/><REACH who="3" ten="250,250,250,240" step="2"/><N who="0" m="42571" /><D113/><U62/><E62/><V69/><F69/><AGARI ba="0,1" hai="5,11,15,41,42,69,70,71" m="56543,48170" machi="69" ten="30,1000,0" yaku="18,1" doraHai="74" who="1" fromWho="2" sc="250,0,250,20,250,-10,240,0" /><INIT seed="1,0,0,1,1,2" ten="250,270,240,240" oya="1" hai0="78,35,121,116,102,29,59,72,70,126,107,101,92" hai1="41,124,22,40,20,48,127,106,118,4,129,9,11" hai2="45,93,18,26,113,87,52,47,37,110,66,79,115" hai3="51,46,24,105,131,119,33,19,96,1,114,54,91"/><U80/><E106/><V55/><F110/><W117/><G114/><N who="2" m="43529" /><F37/><W42/><G1/><T125/><D70/><U98/><E118/><N who="3" m="45066" /><G131/><T86/><D59/><U15/><E98/><V76/><F66/><W63/><G19/><T62/><D62/><U100/><E100/><V84/><F93/><N who="3" m="56383" /><G105/><T82/><D35/><U6/><E129/><V3/><F3/><W39/><G24/><T69/><D29/><U85/><E48/><N who="2" m="28687" /><F18/><W81/><G81/><T83/><D69/><U36/><E36/><V120/><F26/><W130/><G130/><T122/><D116/><U60/><E60/><V30/><F120/><N who="0" m="46186" /><D107/><U7/><E22/><V61/><F30/><W17/><G17/><T0/><D0/><U28/><E20/><V123/><F123/><W75/><G33/><T88/><D83/><U5/><E28/><V34/><F34/><W8/><G39/><T10/><D10/><U95/><E95/><V50/><F61/><W99/><G8/><T97/><D97/><U132/><E132/><V104/><F104/><W103/><G63/><T89/><D89/><N who="1" m="51367" /><E11/><V21/><F21/><W74/><G103/><AGARI ba="0,0" hai="72,78,82,86,88,92,101,102,103,125,126" m="46186" machi="103" ten="30,7700,0" yaku="13,1,34,2,54,1" doraHai="2" who="0" fromWho="3" sc="250,77,270,0,240,0,240,-77" /><INIT seed="2,0,0,2,2,106" ten="327,270,240,163" oya="2" hai0="122,22,84,2,98,70,87,23,45,108,100,54,37" hai1="74,44,89,14,130,107,111,133,43,97,34,38,65" hai2="16,119,67,91,30,81,131,63,56,1,132,68,135" hai3="28,103,110,117,26,9,94,129,127,112,88,126,29"/><V121/><F121/><W0/><G117/><T69/><D2/><U72/><E34/><V78/><F119/><W79/><G103/><T48/><D122/><U85/><E130/><V15/><F1/><W25/><G79/><T77/><D37/><U102/><E65/><V64/><F91/><W6/><G110/><T27/><D23/><U41/><E41/><V61/><F30/><N who="3" m="11883" /><G129/><T55/><D55/><U76/><E133/><V46/><F46/><W57/><G57/><T83/><D87/><U90/><E111/><V82/><F131/><W24/><G94/><T40/><D40/><U92/><E14/><V33/><F33/><W75/><G88/><T123/><D123/><U104/><E90/><V114/><F114/><W105/><G105/><T86/><D84/><U39/><E107/><V32/><F32/><W58/><G58/><T20/><D20/><U10/><E10/><N who="2" m="6263" /><F78/><W5/><G112/><T19/><D108/><U21/><E21/><V7/><F7/><N who="3" m="1255" /><G75/><T49/><D48/><N who="1" m="26655" /><E72/><V62/><F62/><W59/><G59/><T93/><AGARI ba="0,0" hai="19,22,27,45,49,54,69,70,77,83,86,93,98,100" machi="93" ten="20,1500,0" yaku="0,1,7,1" doraHai="106" who="0" fromWho="0" sc="327,15,270,-4,240,-7,163,-4" /><INIT seed="3,0,0,5,1,95" ten="342,266,233,159" oya="3" hai0="81,65,30,107,90,89,27,52,76,56,69,13,39" hai1="128,14,102,101,33,50,60,121,62,92,4,20,47" hai2="38,17,77,74,34,43,87,129,131,32,49,86,26" hai3="21,12,109,16,46,63,117,51,114,31,83,29,108"/><W123/><G114/><T19/><D39/><U124/><E121/><V115/><F115/><W132/><G123/><T80/><D107/><U57/><E33/><V10/><F38/><W130/><G117/><T72/><D80/><U99/><E128/><N who="2" m="49227" /><F74/><W18/><G130/><T44/><D65/><U96/><E57/><V8/><F77/><W93/><G132/><T134/><D44/><U36/><E36/><V105/><F43/><W125/><G125/><T3/><D3/><U53/><E124/><V91/><F49/><W67/><G18/><T133/><D69/><U120/><E120/><V94/><F105/><W88/><G83/><T40/><D40/><U116/><E116/><V37/><F37/><W113/><G113/><T45/><D45/><U75/><E75/><V41/><F41/><N who="3" m="25039" /><G109/><T104/><D104/><U2/><E2/><V22/><F87/><N who="3" m="52383" /><G108/><T119/><D119/><U23/><E23/><V28/><F34/><W1/><G1/><T100/><D133/><U61/><E20/><V79/><F79/><W82/><G82/><T106/><D134/><U68/><E68/><V112/><F112/><W6/><G6/><T15/><D19/><U73/><E73/><V54/><F54/><W103/><G103/><T59/><D100/><N who="1" m="38507" /><E92/><V70/><F70/><W35/><G35/><T48/><D106/><U25/><E25/><AGARI ba="0,0" hai="8,10,17,22,25,26,28,32,86,91,94" m="49227" machi="25" ten="30,1000,0" yaku="19,1" doraHai="95" who="2" fromWho="1" sc="342,0,266,-10,233,10,159,0" /><INIT seed="4,0,0,0,0,106" ten="342,256,243,159" oya="0" hai0="4,40,88,7,91,69,80,42,74,53,11,121,94" hai1="105,131,119,36,101,13,47,120,65,38,123,14,61" hai2="102,63,135,100,89,103,79,130,58,26,8,49,19" hai3="93,108,86,30,124,107,96,5,59,54,44,117,125"/><T90/><D69/><U92/><E119/><V112/><F112/><W23/><G117/><T114/><D121/><U82/><E105/><V127/><F127/><W126/><G5/><N who="0" m="2123" /><D74/><U72/><E131/><V97/><F130/><W113/><G108/><T99/><D11/><U35/><E35/><V25/><F135/><W3/><G3/><T52/><D80/><U2/><E2/><V18/><F79/><W116/><G113/><T111/><D114/><U129/><E129/><V115/><F115/><W104/><G44/><T62/><D62/><U6/><E92/><N who="2" m="56463" /><F49/><W12/><G116/><T132/><D132/><U83/><E101/><N who="2" m="25859" /><V128/><DORA hai="87" /><F128/><W43/><G107/><T41/><D111/><U133/><E133/><V50/><F50/><W122/><G104/><T76/><D76/><U34/><E34/><V71/><F71/><W0/><G126/><T21/><D21/><U84/><E84/><V1/><F1/><W48/><G86/><T95/><D99/><U78/><E47/><V29/><F8/><W118/><G118/><T77/><D77/><U37/><E83/><V32/><F32/><W56/><G125/><T60/><D60/><U24/><E24/><N who="2" m="9323" /><F29/><W28/><G28/><T81/><D81/><U17/><E6/><V55/><AGARI ba="0,0" hai="18,19,55,58,63" m="9323,25859,56463" machi="55" ten="40,2700,0" yaku="8,1,52,1" doraHai="106,87" who="2" fromWho="2" sc="342,-13,256,-7,243,27,159,-7" /><INIT seed="5,0,0,0,3,42" ten="329,249,270,152" oya="1" hai0="96,8,92,122,52,20,125,16,50,88,26,85,17" hai1="3,5,94,27,7,84,69,73,12,1,97,127,126" hai2="70,30,76,2,6,106,46,130,32,51,33,71,59" hai3="65,53,119,133,4,111,128,121,79,44,31,93,124"/><U107/><E73/><V38/><F106/><W0/><G121/><T116/><D116/><U54/><E69/><V74/><F130/><W108/><G128/><T118/><D125/><U11/><E107/><V63/><F30/><W101/><G124/><N who="1" m="47658" /><E54/><V64/><F70/><W9/><G133/><T66/><D66/><U57/><E57/><V123/><F123/><W24/><G119/><T103/><D122/><U109/><E84/><V112/><F112/><W14/><G65/><T25/><D25/><U47/><E109/><V78/><F76/><W41/><G53/><T61/><D61/><U34/><E94/><V49/><F49/><W105/><G105/><T36/><D36/><U37/><E97/><V43/><F51/><W28/><G28/><N who="0" m="17479" /><D8/><N who="1" m="2095" /><E47/><V10/><F59/><W58/><G58/><N who="0" m="33047" /><D118/><U55/><E55/><V129/><F129/><W21/><G111/><T89/><D89/><U135/><E37/><V68/><F68/><W72/><G108/><T35/><D35/><U23/><E135/><V67/><F64/><W45/><G41/><T83/><AGARI ba="0,0" hai="16,17,83,85,88,92,96,103" m="33047,17479" machi="83" ten="30,7900,0" yaku="8,1,54,3" doraHai="42" who="0" fromWho="0" sc="329,79,249,-39,270,-20,152,-20" /><INIT seed="6,0,0,4,5,91" ten="408,210,250,132" oya="2" hai0="43,68,8,7,57,69,94,112,53,88,14,102,123" hai1="86,111,120,107,131,52,35,65,93,13,36,66,101" hai2="58,129,61,85,104,115,97,29,32,74,125,41,50" hai3="119,62,70,48,127,80,46,44,16,76,34,114,122"/><V117/><F117/><W45/><G119/><T75/><D75/><U128/><E36/><V67/><F74/><W6/><G122/><T4/><D112/><U72/><E111/><V71/><F115/><W81/><G114/><T100/><D43/><U96/><E72/><V92/><F104/><W109/><G34/><T99/><D68/><U39/><E39/><V12/><F125/><W103/><G6/><N who="0" m="2091" /><D69/><U47/><E35/><V118/><F118/><W64/><G109/><T0/><D0/><U84/><E13/><V89/><F129/><N who="1" m="49737" /><E120/><V106/><F106/><W40/><G127/><T22/><D22/><U30/><E30/><V18/><F32/><W11/><G103/><T42/><D42/><U38/><E38/><V23/><F71/><W10/><G10/><T9/><D9/><U20/><E20/><V59/><F29/><W116/><G116/><T82/><D82/><U3/><E3/><V5/><F5/><W105/><G81/><T87/><D87/><U15/><E15/><V83/><F41/><W54/><G105/><T37/><D37/><U110/><E110/><V26/><F50/><W19/><G11/><T121/><D123/><U17/><E17/><V79/><F59/><W24/><G40/><T95/><D121/><U28/><E28/><V133/><F133/><W21/><REACH who="3" step="1"/><G19/><REACH who="3" ten="408,210,250,122" step="2"/><N who="0" m="8647" /><D102/><U49/><E107/><V98/><F98/><W51/><G51/><N who="0" m="30911" /><D100/><U132/><E132/><V31/><F31/><W63/><G63/><T73/><D73/><AGARI ba="0,1" hai="16,21,24,44,45,46,48,54,62,64,70,73,76,80" machi="73" ten="30,3900,0" yaku="1,1,7,1,54,1,53,0" doraHai="91" doraHaiUra="1" who="3" fromWho="0" sc="408,-39,210,0,250,0,122,49" /><INIT seed="7,0,0,3,1,70" ten="369,210,250,171" oya="3" hai0="7,121,99,57,98,67,14,129,0,10,20,107,45" hai1="128,120,59,74,134,88,11,71,114,135,9,5,84" hai2="66,16,93,36,51,26,73,130,33,56,6,4,69" hai3="47,30,104,44,18,126,87,28,83,131,75,81,61"/><W86/><G104/><T3/><D107/><U41/><E71/><V112/><F73/><W116/><G75/><T54/><D129/><U48/><E120/><V78/><F69/><W77/><G131/><T92/><D98/><U101/><E74/><V1/><F33/><W40/><G126/><T102/><D45/><U35/><E128/><V122/><F1/><W109/><G116/><T23/><D67/><U15/><E35/><V38/><F130/><W133/><G133/><N who="1" m="50698" /><E101/><V46/><F78/><W90/><G109/><T82/><D3/><U64/><E11/><V76/><F76/><W25/><G61/><T103/><D103/><U79/><E79/><V68/><F68/><W42/><G18/><T94/><D94/><N who="1" m="54535" /><E41/><V2/><F2/><W72/><G72/><T24/><D121/><U22/><E22/><V65/><F122/><W60/><G60/><T34/><D82/><U31/><E31/><V105/><F105/><W124/><G124/><T123/><D123/><U37/><E114/><V119/><F112/><W96/><G96/><T132/><D132/><U111/><E111/><V106/><F106/><W117/><G117/><T39/><D34/><U21/><E21/><N who="2" m="13607" /><F119/><W110/><G110/><T125/><D20/><U91/><E91/><V12/><F93/><W50/><REACH who="3" step="1"/><G25/><REACH who="3" ten="369,210,250,161" step="2"/><T80/><D125/><U85/><E85/><V115/><F115/><W52/><G52/><T58/><D54/><N who="1" m="32199" /><E64/><V13/><F66/><W55/><G55/><T27/><D24/><U62/><E62/><N who="2" m="38087" /><F4/><W97/><G97/><T8/><D7/><U19/><E5/><V49/><F6/><RYUUKYOKU ba="0,1" sc="369,-15,210,15,250,-15,161,15" hai1="9,15,19,37" hai3="28,30,40,42,44,47,50,77,81,83,86,87,90" /><INIT seed="7,1,1,5,3,21" ten="354,225,235,176" oya="3" hai0="122,36,23,38,74,78,31,3,8,105,77,57,104" hai1="84,19,130,132,79,4,107,45,50,26,40,108,85" hai2="102,82,100,81,0,46,113,1,62,91,121,41,13" hai3="65,97,10,112,83,24,49,94,42,54,114,14,59"/><W39/><G65/><T90/><D122/><U96/><E108/><V28/><F121/><W125/><G125/><T5/><D90/><U43/><E132/><V115/><F62/><W12/><G83/><N who="2" m="31753" /><F13/><W25/><G14/><T87/><D74/><U29/><E4/><V127/><F91/><N who="3" m="55519" /><G39/><T75/><D78/><U71/><E71/><V15/><F127/><W16/><G42/><T129/><D87/><U103/><E19/><V126/><F15/><W99/><G99/><T52/><D36/><U98/><E130/><V6/><F126/><W32/><G32/><T76/><D38/><U116/><E116/><V92/><F1/><W35/><G35/><T106/><D75/><U9/><E9/><N who="2" m="2247" /><F92/><W47/><G59/><T69/><D129/><U68/><E68/><V2/><F2/><W63/><G63/><T111/><D69/><U72/><E40/><V118/><F118/><W66/><G66/><T60/><D111/><U64/><E64/><V61/><F61/><W124/><G124/><T131/><D131/><U33/><REACH who="1" step="1"/><E98/><REACH who="1" ten="354,215,235,176" step="2"/><V7/><F7/><W88/><G88/><T11/><D5/><U123/><E123/><V51/><F28/><W119/><G119/><T93/><D31/><U95/><E95/><V34/><F34/><W58/><G58/><T135/><D93/><U55/><E55/><V27/><F27/><W22/><G10/><T101/><D8/><U117/><E117/><V48/><F48/><W133/><G133/><T110/><D11/><U109/><E109/><V44/><F44/><W53/><G53/><T89/><D135/><U80/><AGARI ba="1,2" hai="26,29,33,43,45,50,72,79,80,84,85,96,103,107" machi="80" ten="30,8000,1" yaku="1,1,5,1,0,1,52,1,53,1" doraHai="21" doraHaiUra="37" who="1" fromWho="1" sc="354,-21,215,103,235,-21,176,-41" owari="333,43.0,318,12.0,214,-19.0,135,-36.0" /></mjloggm>