<mjloggm ver="2.3"><GO type="41" lobby="0"/><UN n0="%E3%83%8F%E3%83%AB%E3%83%A8%E3%82%B7" n1="%E8%84%82%E8%82%AA%E3%81%A1%E3%82%83%E3%82%93" n2="%E2%93%9D%53%75%70%68%78" n3="%E6%A0%97%E6%9D%91%E3%82%AD%E3%82%A2%E3%83%A9" dan="15,13,19,13" rate="2005.35,1912.86,2186.63,1802.72" sx="M,F,M,F"/><TAIKYOKU oya="0"/><INIT seed="0,0,0,2,5,53" ten="250,250,250,250" oya="0" hai0="27,28,88,43,48,54,51,58,112,110,103,81,117" hai1="10,74,18,19,107,52,23,16,64,40,44,132,3" hai2="61,104,29,50,69,38,75,99,49,113,67,121,91" hai3="130,34,46,47,65,133,6,4,63,111,62,105,56"/><T78/><D112/><U7/><E132/><V87/><F38/><W11/><G111/><T35/><D117/><U76/><E107/><V72/><F121/><W1/><G130/><T122/><D122/><U93/><E64/><V123/><F113/><W60/><G105/><T100/><D110/><U98/><E76/><V20/><F123/><W30/><G6/><T59/><D88/><U26/><E74/><V115/><F75/><W89/><G30/><T83/><D83/><U32/><E32/><V84/><F72/><W8/><G8/><T101/><D43/><U102/><REACH who="1" step="1"/><E52/><REACH who="1" ten="250,240,250,250" step="2"/><V24/><F115/><W85/><G133/><T12/><D54/><U95/><E95/><V94/><F104/><W109/><G34/><T9/><D78/><U73/><E73/><V131/><F131/><W124/><G109/><T66/><D66/><U128/><E128/><V129/><F129/><W135/><G135/><T77/><D77/><U82/><E82/><V25/><F87/><W14/><G124/><T15/><D81/><U36/><AGARI ba="0,1" hai="3,7,10,16,18,19,23,26,36,40,44,93,98,102" machi="36" ten="20,8000,1" yaku="1,1,0,1,7,1,54,1,53,1" doraHai="53" doraHaiUra="68" who="1" fromWho="1" sc="250,-40,240,90,250,-20,250,-20" /><INIT seed="1,0,0,3,3,111" ten="210,330,230,230" oya="1" hai0="24,45,10,113,127,114,54,71,5,57,103,80,23" hai1="19,34,32,14,119,44,101,67,59,134,8,116,16" hai2="117,110,89,4,122,36,26,55,68,56,75,35,95" hai3="39,84,64,85,115,91,1,108,62,6,131,78,47"/><U53/><E134/><V33/><F117/><W74/><G131/><T106/><D71/><U70/><E101/><V30/><F122/><W63/><G115/><T92/><D45/><U79/><E79/><V112/><F110/><W83/><G91/><T77/><D127/><U118/><E44/><V81/><F4/><W60/><G64/><T123/><D92/><U3/><E3/><V0/><F0/><W128/><G128/><T25/><D123/><U38/><E38/><V40/><F40/><W90/><G90/><T31/><D24/><U27/><E19/><V66/><F36/><W12/><G12/><T52/><D106/><U65/><E27/><V42/><F42/><W121/><G121/><T109/><D109/><U120/><E120/><V104/><F104/><W15/><G15/><T96/><D96/><U87/><E87/><V13/><F13/><W41/><G108/><T125/><D125/><U100/><E100/><V29/><F75/><W102/><G102/><T132/><D132/><U107/><E107/><V72/><F72/><W86/><REACH who="3" step="1"/><G84/><REACH who="3" ten="210,330,230,220" step="2"/><T135/><D103/><U88/><E88/><V82/><F89/><W126/><G126/><T48/><D135/><U17/><E67/><V76/><F66/><W50/><G50/><T37/><D37/><U129/><E65/><V51/><F51/><W2/><G2/><T21/><D54/><U43/><E129/><V11/><F55/><W130/><G130/><T99/><D99/><U73/><E53/><V93/><F93/><W7/><G7/><T28/><D5/><U18/><E116/><V58/><F95/><RYUUKYOKU ba="0,1" sc="210,-10,330,-10,230,-10,220,30" hai3="1,6,39,41,47,60,62,63,74,78,83,85,86" /><INIT seed="2,1,1,5,4,116" ten="200,320,220,250" oya="2" hai0="84,120,133,99,94,60,112,69,29,5,41,101,114" hai1="18,36,72,113,23,108,119,34,12,124,92,122,89" hai2="115,123,78,90,73,1,22,70,91,105,50,98,134" hai3="75,35,110,25,86,88,26,3,135,131,77,48,106"/><V37/><F37/><W96/><G110/><T129/><D5/><U46/><E72/><V14/><F1/><W52/><G135/><T63/><D41/><U125/><E119/><V19/><F70/><W42/><G131/><T107/><D29/><U74/><E74/><V87/><F115/><W27/><G42/><T57/><D69/><U58/><E113/><V76/><F73/><W16/><G3/><T132/><D63/><U17/><E34/><V68/><F123/><W13/><G77/><T15/><D15/><U0/><E0/><V81/><F68/><W43/><G43/><T6/><D6/><U10/><E108/><V38/><F38/><W4/><G75/><T102/><D60/><U33/><E33/><V97/><F134/><N who="0" m="51818" /><D57/><U8/><E122/><V24/><F105/><W127/><G106/><T31/><D31/><U51/><E58/><V126/><F126/><N who="1" m="48745" /><E18/><V39/><F39/><W47/><G96/><N who="2" m="36969" /><F78/><W109/><G109/><T53/><D120/><U117/><E117/><V95/><F50/><W55/><G55/><T61/><D53/><N who="1" m="29943" /><E36/><V2/><F2/><W121/><G121/><T49/><D49/><U28/><E28/><N who="2" m="17431" /><F95/><N who="3" m="54679" /><G35/><T130/><D61/><U79/><E79/><V44/><F44/><W71/><G71/><T111/><D111/><U93/><E93/><V118/><F118/><W21/><G127/><T85/><D94/><U56/><E56/><V66/><F66/><W83/><G4/><T64/><D64/><U104/><E104/><V7/><F7/><W20/><G21/><AGARI ba="1,1" hai="14,19,21,76,81,87,90,91" m="17431,36969" machi="21" ten="30,1500,0" yaku="8,1" doraHai="116" who="2" fromWho="3" sc="200,0,320,0,220,28,250,-18" /><INIT seed="2,2,0,4,1,42" ten="200,320,248,232" oya="2" hai0="10,38,16,69,18,25,33,63,113,48,3,19,56" hai1="58,22,100,8,32,64,94,126,124,87,36,88,51" hai2="78,132,101,83,45,55,6,14,21,46,110,59,17" hai3="93,9,34,102,85,71,104,108,134,131,97,15,26"/><V82/><F132/><W68/><G108/><T31/><D113/><U127/><E36/><V49/><F110/><W117/><G131/><T43/><D38/><U120/><E120/><V65/><F101/><W130/><G130/><T123/><D123/><U11/><E32/><V80/><F6/><W86/><G86/><T47/><D69/><U4/><E4/><V122/><F122/><W27/><G27/><T13/><REACH who="0" step="1"/><D3/><REACH who="0" ten="190,320,248,232" step="2"/><U106/><E124/><V35/><F35/><W41/><G71/><T118/><D118/><U40/><E126/><V103/><F78/><W89/><G68/><T28/><D28/><U53/><E127/><V109/><F109/><W54/><G117/><T119/><D119/><U23/><E106/><V96/><REACH who="2" step="1"/><F65/><AGARI ba="2,1" hai="10,13,16,18,19,25,31,33,43,47,48,56,63,65" machi="65" ten="30,8000,1" yaku="1,1,7,1,52,1,54,1,53,1" doraHai="42" doraHaiUra="60" who="0" fromWho="2" sc="190,96,320,0,248,-86,232,0" /><INIT seed="3,0,0,2,2,86" ten="286,320,162,232" oya="3" hai0="131,50,55,114,23,13,53,3,46,5,82,73,30" hai1="63,47,28,120,116,31,2,48,65,78,22,33,56" hai2="79,60,122,35,89,134,121,92,49,9,133,26,103" hai3="8,59,54,104,19,64,58,17,118,106,135,39,69"/><W105/><G118/><T85/><D73/><U99/><E120/><N who="2" m="46187" /><F49/><W52/><G39/><T43/><D3/><U107/><E116/><V80/><F9/><W18/><G69/><T130/><D114/><U44/><E2/><V10/><F10/><W90/><G64/><T97/><D97/><U132/><E132/><N who="2" m="50795" /><F26/><W84/><G8/><N who="0" m="4239" /><D23/><U25/><E78/><V108/><F60/><W129/><G129/><N who="0" m="49163" /><D30/><U93/><E107/><V45/><F45/><W113/><G113/><T0/><D0/><U37/><E37/><V20/><F20/><W112/><G112/><T67/><D67/><U4/><E4/><V111/><F103/><W127/><G127/><T94/><D94/><U40/><E47/><V21/><F21/><W100/><G100/><T42/><D43/><U91/><E33/><V36/><F35/><W16/><N who="3" m="4096" /><DORA hai="7" /><W83/><REACH who="3" step="1"/><G135/><REACH who="3" ten="286,320,162,222" step="2"/><T51/><D51/><U117/><E117/><V74/><F36/><W95/><G95/><T96/><D50/><U101/><E101/><V75/><F75/><W72/><G72/><T14/><D42/><U109/><E40/><V1/><F1/><W128/><G128/><T32/><D14/><U66/><E66/><V29/><F29/><W71/><G71/><T125/><D125/><U70/><E31/><V15/><F15/><W24/><G24/><T124/><D124/><U115/><E70/><V68/><F68/><W61/><G61/><T6/><D6/><U38/><E38/><V76/><F74/><W62/><G62/><T123/><D123/><U34/><E115/><V98/><F80/><W81/><G81/><RYUUKYOKU ba="0,1" sc="286,-15,320,-15,162,15,222,15" hai2="76,79,89,92,98,108,111" hai3="52,54,58,59,83,84,90,104,105,106" /><INIT seed="3,1,1,5,4,91" ten="271,305,177,237" oya="3" hai0="88,38,48,92,89,133,17,129,9,8,73,28,109" hai1="78,4,82,5,98,42,105,0,55,32,127,63,128" hai2="70,24,71,7,80,41,90,121,12,18,46,27,94" hai3="66,104,113,35,84,44,101,50,99,45,33,111,110"/><W135/><G113/><T106/><D106/><U134/><E32/><V2/><F121/><W96/><G66/><T120/><D38/><U36/><E127/><V85/><F2/><W126/><G126/><T107/><D107/><U65/><E128/><V22/><F7/><W19/><G84/><T114/><D73/><U1/><E134/><V124/><F124/><W52/><G135/><T39/><D39/><U72/><E55/><V30/><F27/><W125/><G125/><T76/><D133/><U116/><E116/><V20/><REACH who="2" step="1"/><F80/><REACH who="2" ten="271,305,167,237" step="2"/><W93/><G19/><T67/><D120/><U131/><E5/><V68/><F68/><W53/><G111/><T61/><D17/><U23/><E4/><V25/><F25/><W40/><G110/><T14/><D109/><U60/><E82/><V81/><F81/><W11/><G11/><T115/><D9/><U77/><E1/><V75/><F75/><W132/><G132/><T3/><D3/><U74/><E74/><V83/><F83/><W29/><G29/><T100/><D28/><U34/><E72/><V26/><F26/><W6/><G6/><T16/><D115/><U123/><E0/><V119/><F119/><W37/><G53/><T56/><D114/><U62/><E123/><V122/><F122/><W130/><REACH who="3" step="1"/><G130/><REACH who="3" ten="271,305,167,227" step="2"/><T58/><D129/><U87/><E131/><V49/><AGARI ba="1,3" hai="12,18,20,22,24,30,41,46,49,70,71,85,90,94" machi="49" ten="20,5200,0" yaku="1,1,0,1,7,1,52,1,53,0" doraHai="91" doraHaiUra="59" who="2" fromWho="2" sc="271,-14,305,-14,167,85,227,-27" /><INIT seed="4,0,0,0,0,127" ten="257,291,252,200" oya="0" hai0="93,83,41,50,80,43,8,13,64,101,10,120,86" hai1="39,71,94,40,19,37,105,73,135,42,23,102,6" hai2="126,48,52,63,69,12,133,119,123,91,77,16,124" hai3="34,36,22,113,132,28,100,7,2,130,46,33,14"/><T134/><D120/><U117/><E73/><V0/><F0/><W88/><G130/><T76/><D134/><U85/><E135/><V44/><F133/><W128/><G128/><T89/><D64/><U35/><E35/><V121/><F77/><W122/><G113/><T56/><D10/><U65/><E6/><V3/><F3/><W72/><G100/><T5/><D56/><U107/><E85/><V74/><F74/><W75/><G34/><T110/><D110/><U45/><E117/><V79/><F79/><W4/><G4/><T29/><D29/><U70/><E94/><V87/><F63/><W1/><G1/><T21/><D21/><U60/><E102/><V18/><F69/><W98/><G2/><T131/><D131/><U82/><E82/><N who="2" m="49655" /><F18/><W47/><G33/><T51/><D101/><U112/><E112/><V125/><F119/><W115/><G115/><T31/><D31/><U25/><E71/><V68/><F68/><W90/><G36/><T96/><REACH who="0" step="1"/><D80/><REACH who="0" ten="247,291,252,200" step="2"/><U67/><E67/><V30/><F30/><W59/><G122/><T11/><D11/><AGARI ba="0,1" hai="11,12,16,44,48,52,121,123,124,125,126" m="49655" machi="11" ten="30,7700,0" yaku="25,1,18,1,54,2" doraHai="127" who="2" fromWho="0" sc="247,-77,291,0,252,87,200,0" /><INIT seed="5,0,0,1,5,9" ten="170,291,339,200" oya="1" hai0="31,83,131,96,91,67,63,1,103,73,107,2,18" hai1="10,29,77,56,78,61,52,3,106,95,11,13,113" hai2="115,128,87,129,40,41,94,119,111,27,69,75,53" hai3="20,116,54,99,35,68,38,49,46,117,44,0,32"/><U12/><E106/><V62/><F75/><W110/><G110/><T124/><D131/><N who="2" m="50250" /><F119/><W58/><G0/><T104/><D104/><U48/><E113/><V64/><F111/><W28/><G68/><T65/><D124/><U23/><E3/><V71/><F71/><W26/><G99/><T5/><D5/><N who="1" m="3151" /><E95/><V19/><F53/><W76/><G76/><T57/><D67/><U134/><E134/><V6/><F6/><W81/><G81/><T79/><D31/><U92/><E92/><V82/><F94/><W127/><G44/><T74/><D73/><U105/><E105/><V33/><F115/><W98/><G98/><T125/><D125/><U84/><E84/><V43/><F19/><W133/><G133/><T135/><D135/><U101/><E101/><V50/><F87/><W89/><G89/><T102/><D102/><U16/><E61/><V15/><F82/><W8/><G46/><T126/><D126/><U17/><E29/><N who="2" m="19647" /><F15/><AGARI ba="0,0" hai="11,13,15,16,17,23,48,52,56,77,78" m="3151" machi="15" ten="30,18000,2" yaku="8,1,52,3,54,2" doraHai="9" who="1" fromWho="2" sc="170,0,291,180,339,-180,200,0" /><INIT seed="5,1,0,0,3,24" ten="170,471,159,200" oya="1" hai0="62,52,90,104,33,11,60,80,76,129,98,94,20" hai1="119,14,35,120,48,134,93,106,27,25,31,46,100" hai2="77,118,63,71,50,111,21,121,103,88,127,91,58" hai3="79,72,126,122,53,12,39,8,45,124,13,2,3"/><U131/><E106/><V83/><F111/><W65/><G65/><T135/><D33/><U61/><E119/><V69/><F118/><W92/><G122/><T82/><D135/><U66/><E131/><V10/><F121/><W109/><G109/><T19/><D11/><U47/><E134/><V0/><F103/><W57/><G92/><T116/><D116/><U102/><E27/><V67/><F127/><W26/><G26/><T112/><D112/><U9/><E93/><V78/><F21/><W6/><G3/><T16/><D129/><U28/><E28/><V68/><F78/><W64/><G64/><T70/><D70/><U110/><E47/><V1/><F50/><W23/><G23/><T107/><D62/><U74/><E74/><V99/><F99/><W17/><G17/><T38/><D38/><U73/><E73/><V130/><F130/><W41/><G126/><T81/><D76/><U37/><E37/><V55/><F67/><W42/><G42/><T84/><D19/><U59/><E120/><V128/><F128/><W114/><G114/><T32/><D32/><U43/><E110/><V29/><F29/><W5/><G6/><AGARI ba="1,0" hai="6,9,14,25,31,35,43,46,48,59,61,66,100,102" machi="6" ten="30,2900,0" yaku="7,1,52,1" doraHai="24" who="1" fromWho="3" sc="170,0,471,32,159,0,200,-32" /><INIT seed="5,2,0,1,1,87" ten="170,503,159,168" oya="1" hai0="75,26,84,53,110,9,115,6,14,88,37,74,133" hai1="102,124,72,77,119,85,29,32,118,22,135,86,17" hai2="35,99,93,2,69,101,55,25,44,103,91,51,43" hai3="34,68,96,76,49,114,21,27,15,134,82,20,28"/><U58/><E124/><V98/><F2/><W48/><G114/><T52/><D110/><U112/><E112/><V106/><F69/><W63/><G134/><T45/><D133/><U57/><E135/><V65/><F65/><W13/><G68/><T116/><D116/><U62/><E72/><V79/><F79/><W81/><G63/><T3/><D26/><U111/><E102/><V73/><F73/><W42/><G34/><T125/><D125/><U39/><E39/><V46/><F35/><W11/><G15/><T117/><D117/><U19/><E29/><V1/><F1/><W40/><G21/><T16/><D115/><U0/><E77/><V129/><F129/><W24/><G27/><T122/><D122/><U64/><E0/><V10/><F10/><W60/><G60/><T131/><D131/><U18/><E22/><V61/><F25/><W89/><G42/><T4/><D37/><U5/><E5/><V100/><REACH who="2" step="1"/><F61/><REACH who="2" ten="170,503,149,168" step="2"/><W94/><G40/><T95/><D3/><U120/><E62/><V128/><F128/><W54/><G76/><T90/><D74/><U66/><E32/><V107/><F107/><W67/><G67/><T41/><D75/><U113/><E64/><V36/><AGARI ba="2,1" hai="36,43,44,46,51,55,91,93,98,99,100,101,103,106" machi="36" ten="20,8000,1" yaku="1,1,0,1,7,1,52,1,53,1" doraHai="87" doraHaiUra="70" who="2" fromWho="2" sc="170,-22,503,-42,149,96,168,-22" /><INIT seed="6,0,0,2,0,4" ten="148,461,245,146" oya="2" hai0="45,19,76,125,41,102,111,15,63,13,126,30,52" hai1="38,101,27,134,25,23,90,94,33,100,21,22,6" hai2="39,51,55,82,131,91,61,29,122,44,78,85,54" hai3="43,67,8,110,80,75,37,1,48,64,128,46,99"/><V28/><F131/><W58/><G110/><T3/><D111/><U93/><E38/><V71/><F122/><W97/><G67/><T11/><D30/><U49/><E134/><V53/><F39/><W114/><G114/><T2/><D102/><N who="1" m="39531" /><E6/><V24/><F29/><W115/><G115/><T103/><D103/><U105/><E33/><V120/><F120/><W40/><G40/><T36/><D76/><U9/><E9/><V81/><F71/><W84/><G84/><T68/><D15/><U65/><E65/><V10/><F61/><W26/><G26/><N who="1" m="9738" /><E90/><V117/><F117/><W119/><G128/><T95/><D95/><N who="1" m="36363" /><E49/><V124/><F10/><W104/><G104/><AGARI ba="0,0" hai="21,22,23,104,105" m="36363,9738,39531" machi="104" ten="40,2600,0" yaku="28,2" doraHai="4" who="1" fromWho="3" sc="148,0,461,26,245,0,146,-26" /><INIT seed="7,0,0,1,1,8" ten="148,487,245,120" oya="3" hai0="22,62,48,114,29,128,47,125,111,11,0,106,1" hai1="51,87,80,103,86,93,76,26,16,92,131,70,23" hai2="63,55,19,88,39,79,33,50,21,59,65,41,122" hai3="46,40,49,7,91,110,104,54,31,95,9,135,72"/><W34/><G72/><T3/><D106/><U25/><E70/><V14/><F33/><W100/><G104/><T67/><D111/><U10/><E131/><V118/><F118/><W64/><G110/><T44/><D44/><U102/><E51/><V73/><F79/><W27/><G135/><T116/><D116/><U17/><E10/><V98/><F122/><W60/><G100/><T119/><D125/><U45/><E45/><N who="2" m="25903" /><F39/><W38/><G95/><N who="1" m="36426" /><E87/><V101/><F73/><W78/><G91/><T89/><D89/><U37/><E37/><V74/><F74/><W123/><G78/><T42/><D119/><U108/><E108/><V36/><F36/><W117/><G117/><T2/><N who="0" m="0" /><DORA hai="124" /><T28/><D128/><U4/><E4/><V99/><F101/><W132/><G132/><T24/><D11/><U52/><E52/><V129/><F129/><W134/><G134/><T133/><D133/><U12/><E12/><V71/><F71/><W5/><G123/><T105/><D105/><U126/><E126/><V84/><F55/><W75/><G9/><T53/><D53/><U6/><E6/><V81/><AGARI ba="0,0" hai="14,19,21,59,63,65,81,84,88,98,99" m="25903" machi="81" ten="30,4000,0" yaku="8,1,52,1,54,1" doraHai="8,124" who="2" fromWho="2" sc="148,-10,487,-10,245,40,120,-20" owari="138,-26.0,477,57.0,285,9.0,100,-40.0" /></mjloggm>