<mjloggm ver="2.3"><GO type="41" lobby="0"/><UN n0="%E8%A5%BF%E6%BE%A4%E5%85%8B%E6%B5%A9" n1="%69%67%75%63%63%69%31%32" n2="%44%27%73%2D%E3%82%B9%E3%82%BF%E3%82%B8%E3%82%AA" n3="%E2%93%9D%53%75%70%68%78" dan="13,15,14,18" rate="1951.06,2068.57,1975.64,2113.06" sx="M,M,M,M"/><TAIKYOKU oya="0"/><INIT seed="0,0,0,1,1,4" ten="250,250,250,250" oya="0" hai0="7,72,108,46,103,90,13,23,54,10,92,113,93" hai1="9,100,111,57,86,101,61,33,50,96,58,25,14" hai2="12,114,38,49,117,35,107,1,2,22,18,63,78" hai3="42,71,87,80,76,133,131,37,0,115,29,95,45"/><T127/><D113/><U44/><E111/><V85/><F117/><W43/><G115/><T118/><D118/><U106/><E100/><V135/><F135/><W70/><G131/><T16/><D127/><U17/><E61/><V102/><F38/><W129/><G129/><T105/><D72/><U126/><E126/><V19/><F35/><W123/><G43/><T81/><D108/><U98/><E98/><V30/><F114/><W52/><G0/><T65/><D65/><U109/><E109/><V84/><F30/><W47/><G133/><T66/><D66/><U130/><E130/><V125/><F125/><W82/><G29/><T5/><D105/><U32/><E32/><V8/><F63/><W134/><G95/><N who="0" m="36427" /><D103/><U48/><E48/><V59/><F107/><W79/><G123/><T89/><D23/><U73/><E73/><V55/><F102/><W119/><G134/><T75/><D75/><U122/><E122/><V64/><F64/><W36/><G119/><T104/><D104/><U34/><E34/><V69/><F69/><W53/><G42/><T11/><D90/><U94/><E33/><V91/><F78/><W88/><G87/><N who="0" m="50415" /><D10/><U28/><E86/><V97/><F97/><W26/><G88/><T77/><D77/><U41/><E106/><V3/><REACH who="2" step="1"/><F91/><REACH who="2" ten="250,250,240,250" step="2"/><W39/><G39/><T31/><D31/><U20/><AGARI ba="0,1" hai="9,14,17,20,25,28,41,44,50,57,58,94,96,101" machi="20" ten="20,5200,0" yaku="0,1,7,1,8,1,52,1" doraHai="4" who="1" fromWho="1" sc="250,-26,250,62,240,-13,250,-13" /><INIT seed="1,0,0,1,0,134" ten="224,312,227,237" oya="1" hai0="73,84,76,59,45,70,53,18,23,27,114,102,80" hai1="104,101,103,91,51,85,81,38,112,10,89,110,58" hai2="92,129,65,14,122,41,13,30,61,15,46,71,88" hai3="99,123,39,52,37,109,66,62,118,133,24,64,128"/><U32/><E38/><N who="3" m="14346" /><G24/><T1/><D1/><U7/><E112/><V26/><F129/><W116/><G99/><T44/><D70/><U29/><E110/><V60/><F122/><W100/><G100/><T107/><D114/><U90/><E32/><V83/><F83/><W8/><G8/><T105/><D105/><U42/><E29/><V113/><F113/><W126/><G123/><T36/><D36/><U9/><E9/><V34/><F61/><W86/><G86/><T93/><D107/><U69/><E69/><V20/><F34/><W132/><G126/><T75/><D75/><U22/><E22/><V2/><F2/><W125/><G125/><T49/><REACH who="0" step="1"/><D73/><REACH who="0" ten="214,312,227,237" step="2"/><U120/><E104/><V131/><F131/><W79/><G128/><T6/><D6/><U5/><E5/><V97/><REACH who="2" step="1"/><F13/><REACH who="2" ten="214,312,217,237" step="2"/><W111/><G111/><T117/><D117/><U108/><E108/><V72/><F72/><W4/><G109/><T48/><D48/><AGARI ba="0,2" hai="14,15,20,26,30,41,46,48,60,65,71,88,92,97" machi="48" ten="30,3900,0" yaku="1,1,7,1,54,1,53,0" doraHai="134" doraHaiUra="3" who="2" fromWho="0" sc="214,-39,312,0,217,59,237,0" /><INIT seed="2,0,0,0,1,89" ten="175,312,276,237" oya="2" hai0="61,13,34,127,73,112,96,26,128,19,20,97,56" hai1="45,60,31,47,124,126,85,120,17,132,24,54,87" hai2="44,129,30,52,6,133,2,53,62,94,83,51,33" hai3="134,63,16,113,114,65,40,14,36,3,110,93,22"/><V0/><F133/><W64/><G3/><T55/><D73/><U104/><E104/><V121/><F121/><W135/><G110/><T35/><D112/><N who="3" m="43113" /><G40/><T115/><D115/><U58/><E17/><V46/><F129/><W67/><G36/><T1/><D1/><U81/><E132/><N who="3" m="50730" /><G93/><T70/><D127/><N who="1" m="48683" /><E120/><V69/><F83/><W106/><G106/><T29/><D70/><AGARI ba="0,0" hai="14,16,22,63,64,65,67,70" m="50730,43113" machi="70" ten="30,3900,0" yaku="11,1,20,1,54,1" doraHai="89" who="3" fromWho="0" sc="175,-39,312,0,276,0,237,39" /><INIT seed="3,0,0,5,2,102" ten="136,312,276,276" oya="3" hai0="47,128,12,17,74,111,27,108,97,94,120,121,79" hai1="90,66,127,15,76,116,77,58,95,106,132,3,8" hai2="112,4,87,11,73,75,40,5,122,60,69,50,71" hai3="134,26,38,30,10,61,68,100,23,84,64,29,32"/><W14/><G134/><T115/><D74/><U34/><E3/><V37/><F112/><W67/><G38/><T89/><D115/><U124/><E34/><V72/><F122/><W16/><G67/><T48/><D128/><U78/><E132/><V126/><F126/><W43/><G43/><T92/><D27/><U33/><E33/><V135/><F135/><W70/><G100/><T83/><D83/><U54/><E66/><V103/><F50/><W80/><G70/><T65/><D65/><U88/><E116/><V6/><F11/><W99/><G99/><T13/><D79/><U86/><E90/><V113/><F113/><W52/><G52/><N who="0" m="29727" /><D94/><U81/><E81/><V119/><F119/><W0/><G30/><T123/><D17/><U44/><E44/><V98/><F87/><W53/><G53/><T18/><D18/><U19/><REACH who="1" step="1"/><E106/><REACH who="1" ten="136,302,276,276" step="2"/><V85/><F71/><W129/><G129/><T82/><D82/><U24/><E24/><V46/><F69/><W51/><G80/><T49/><D123/><U41/><E41/><V9/><F40/><W125/><G68/><T57/><D121/><U31/><E31/><V59/><F72/><W1/><G64/><T93/><D120/><U110/><E110/><N who="0" m="42025" /><D93/><U133/><E133/><V56/><F73/><W25/><G25/><T104/><D104/><U42/><E42/><V131/><F75/><W101/><G26/><T45/><D57/><U21/><E21/><V109/><F59/><W36/><G29/><T117/><D117/><U96/><E96/><V28/><F109/><W130/><G130/><T105/><D105/><RYUUKYOKU ba="0,1" sc="136,15,302,15,276,-15,276,-15" hai0="12,13,45,49,89,92,97" hai1="8,15,19,54,58,76,77,78,86,88,95,124,127" /><INIT seed="4,1,1,0,2,18" ten="151,317,261,261" oya="0" hai0="130,29,48,5,82,86,71,8,109,1,59,46,70" hai1="32,121,113,104,3,22,102,94,77,98,10,129,17" hai2="80,36,26,131,122,6,0,106,15,55,85,37,128" hai3="79,14,60,43,75,119,118,21,47,56,91,134,34"/><T40/><D130/><U58/><E32/><V51/><F122/><W20/><G34/><T105/><D105/><U24/><E129/><N who="2" m="49739" /><F0/><W93/><G134/><T112/><D112/><U84/><E121/><V78/><F106/><W95/><G95/><T87/><D109/><U135/><E135/><V31/><F15/><W4/><G79/><T27/><D59/><U133/><E133/><V16/><F6/><W126/><G75/><T33/><REACH who="0" step="1"/><D87/><REACH who="0" ten="141,317,261,261" step="2"/><U39/><E58/><V30/><F85/><W73/><G73/><T83/><D83/><U114/><E104/><V66/><F80/><W9/><G119/><T45/><D45/><U67/><E84/><V99/><F99/><W41/><G118/><T115/><D115/><U120/><E98/><V110/><F110/><W11/><G47/><T35/><D35/><U49/><E113/><V44/><F44/><W61/><G56/><T101/><D101/><U12/><E102/><V81/><F81/><W52/><G93/><T53/><D53/><U7/><E94/><V42/><F55/><W127/><G52/><T108/><D108/><U25/><E114/><V63/><F42/><W54/><G54/><T89/><AGARI ba="1,2" hai="1,5,8,27,29,33,40,46,48,70,71,82,86,89" machi="89" ten="20,3900,0" yaku="1,1,0,1,7,1,53,0" doraHai="18" doraHaiUra="72" who="0" fromWho="0" sc="141,62,317,-14,261,-14,261,-14" /><INIT seed="4,2,0,2,2,119" ten="203,303,247,247" oya="0" hai0="67,91,64,55,22,120,46,129,39,23,29,83,92" hai1="114,85,108,25,11,130,80,16,20,104,54,117,36" hai2="127,135,27,58,30,2,115,89,99,84,128,60,0" hai3="125,31,101,121,4,1,90,68,78,100,105,57,34"/><T124/><D29/><U82/><E117/><V103/><F115/><W109/><G109/><T19/><D83/><U118/><E118/><V59/><F127/><W71/><G90/><T51/><D39/><U40/><E108/><V76/><F76/><W18/><G18/><T126/><D129/><U102/><E130/><V38/><F38/><W35/><G57/><T96/><D120/><U111/><E111/><V131/><F135/><W123/><G78/><T12/><REACH who="0" step="1"/><D23/><REACH who="0" ten="193,303,247,247" step="2"/><U42/><E20/><V133/><F131/><W32/><G31/><T52/><D52/><U107/><E54/><V53/><F53/><W17/><G35/><T112/><D112/><U110/><E110/><V106/><F30/><W79/><G34/><T8/><D8/><U132/><E11/><V44/><F128/><W70/><G32/><T43/><D43/><U50/><E36/><V6/><F133/><W113/><G113/><T87/><D87/><U62/><E85/><V81/><F84/><W69/><G123/><T73/><D73/><U56/><E42/><V24/><F81/><W21/><G121/><T7/><D7/><U3/><E40/><V37/><F6/><W94/><G4/><T14/><D14/><U134/><E80/><V74/><F37/><W66/><G21/><T9/><D9/><U41/><E82/><V28/><F74/><W77/><G77/><T26/><D26/><U98/><E25/><V63/><F2/><W49/><G1/><T95/><D95/><U93/><E3/><V10/><F0/><W97/><G79/><T86/><D86/><U33/><E134/><RYUUKYOKU ba="2,1" sc="193,30,303,-10,247,-10,247,-10" hai0="12,19,22,46,51,55,64,67,91,92,96,124,126" /><INIT seed="4,3,1,4,4,76" ten="223,293,237,237" oya="0" hai0="95,10,41,68,123,32,63,22,59,57,53,31,109" hai1="103,14,16,18,128,124,98,61,77,67,11,79,102" hai2="21,100,90,115,106,134,93,73,4,51,112,126,0" hai3="3,81,84,58,74,127,44,133,91,56,24,132,62"/><T120/><D32/><U92/><E128/><V36/><F36/><W20/><G3/><T129/><D129/><U54/><E124/><V104/><F134/><N who="3" m="51819" /><G127/><T27/><D109/><U39/><E39/><V38/><F38/><W19/><G74/><T5/><D41/><U8/><E54/><V50/><F126/><W82/><G44/><T94/><D68/><U43/><E43/><V9/><F73/><W70/><G82/><T6/><D6/><U13/><REACH who="1" step="1"/><E102/><REACH who="1" ten="223,283,237,237" step="2"/><V35/><F100/><W99/><G99/><T47/><D47/><U37/><E37/><V64/><F64/><AGARI ba="3,2" hai="19,20,24,56,58,62,64,70,81,84,91" m="51819" machi="64" ten="30,2000,0" yaku="20,1,52,1" doraHai="76" who="3" fromWho="2" sc="223,0,283,0,237,-29,237,49" /><INIT seed="5,0,0,0,2,61" ten="223,283,208,286" oya="1" hai0="83,106,69,7,32,23,46,21,118,42,38,75,63" hai1="27,85,110,80,103,119,115,8,3,0,18,125,100" hai2="66,123,97,116,105,95,99,19,37,109,131,14,9" hai3="17,53,122,16,33,43,114,45,117,2,47,126,30"/><U22/><E115/><V88/><F109/><W48/><G122/><T129/><D106/><U107/><E119/><V73/><F131/><W82/><G2/><T44/><D118/><U79/><E125/><V64/><F123/><W58/><G117/><T34/><D129/><U96/><E110/><V13/><F116/><W11/><G114/><T120/><D120/><U52/><E103/><V104/><F73/><W90/><G33/><T76/><D23/><U101/><E101/><V62/><F37/><W87/><G30/><T40/><D21/><U132/><E132/><V108/><F108/><W56/><G126/><T55/><D55/><U71/><E71/><V134/><F134/><W59/><REACH who="3" step="1"/><G11/><REACH who="3" ten="223,283,208,276" step="2"/><T25/><D7/><U111/><E111/><V6/><F9/><W67/><G67/><N who="0" m="41215" /><D25/><U98/><E8/><V36/><F14/><W93/><G93/><T89/><D89/><U20/><E20/><V57/><F88/><W94/><G94/><T49/><D34/><U54/><E3/><V35/><F35/><W133/><G133/><T102/><D32/><U127/><E0/><V29/><F29/><W72/><G72/><T10/><D10/><U1/><E1/><V24/><F95/><W50/><AGARI ba="0,1" hai="16,17,43,45,47,48,50,53,56,58,59,82,87,90" machi="50" ten="30,8000,1" yaku="1,1,0,1,8,1,54,1,53,1" doraHai="61" doraHaiUra="77" who="3" fromWho="3" sc="223,-20,283,-40,208,-20,276,90" /><INIT seed="6,0,0,1,3,62" ten="203,243,188,366" oya="2" hai0="49,6,133,44,110,61,122,3,70,80,66,99,31" hai1="16,27,21,105,20,25,119,102,75,57,42,121,85" hai2="76,51,104,98,111,10,59,112,73,47,46,134,82" hai3="68,48,132,116,24,128,38,64,40,50,55,86,124"/><V45/><F112/><W77/><G132/><T2/><D133/><U93/><E75/><V18/><F134/><W41/><G24/><T95/><D122/><U67/><E121/><V52/><F111/><W130/><G86/><T72/><D110/><U106/><E42/><V43/><F104/><W78/><G124/><T127/><D127/><U28/><E119/><V5/><F98/><W63/><G78/><T84/><D72/><U87/><E106/><V126/><F126/><W4/><G4/><T58/><D70/><U7/><E7/><V37/><REACH who="2" step="1"/><F18/><REACH who="2" ten="203,243,178,366" step="2"/><W29/><G116/><T118/><D118/><U54/><E105/><V1/><AGARI ba="0,1" hai="1,5,10,37,43,45,46,47,51,52,59,73,76,82" machi="1" ten="20,18000,2" yaku="1,1,2,1,0,1,7,1,25,2,54,1,53,0" doraHai="62" doraHaiUra="94" who="2" fromWho="2" sc="203,-60,243,-60,178,190,366,-60" /><INIT seed="6,1,0,4,4,91" ten="143,183,368,306" oya="2" hai0="64,79,25,81,88,134,118,16,117,59,83,23,94" hai1="51,61,28,37,38,43,119,128,126,123,114,111,32" hai2="70,100,103,115,14,22,124,41,78,27,92,33,121" hai3="35,109,56,12,122,44,17,26,40,34,21,13,69"/><V29/><F115/><W129/><G69/><T75/><D134/><U36/><E28/><V99/><F124/><W10/><G109/><T73/><D64/><U96/><E96/><V58/><F70/><W48/><G129/><T47/><D47/><U105/><E51/><V18/><F121/><W49/><G122/><T65/><D65/><U1/><E61/><V39/><F78/><W2/><G2/><T62/><D62/><U55/><E55/><V125/><F125/><W60/><G49/><T132/><D132/><U86/><E86/><V71/><F71/><W101/><G101/><T93/><D59/><U106/><E43/><V67/><F41/><W120/><G13/><T4/><D4/><U85/><E85/><V6/><F6/><W42/><G120/><T90/><D83/><U46/><E46/><V31/><F31/><W20/><G20/><T82/><D82/><U98/><E98/><V108/><F39/><W45/><G45/><T63/><D63/><U8/><E8/><N who="2" m="6471" /><F33/><W116/><G116/><N who="0" m="44651" /><D73/><U68/><E105/><V80/><F80/><W135/><G135/><T30/><D30/><U5/><E5/><V87/><F103/><W97/><G42/><T50/><D50/><U127/><E38/><V66/><F67/><W89/><G60/><T130/><D130/><U52/><E52/><V113/><F66/><W53/><G53/><T112/><D112/><U74/><E37/><V133/><F113/><W7/><G56/><T24/><D25/><U95/><E95/><AGARI ba="1,0" hai="16,23,24,75,79,81,88,90,93,94,95" m="44651" machi="95" ten="30,12000,2" yaku="12,1,52,3,54,2" doraHai="91" who="0" fromWho="1" sc="143,123,183,-123,368,0,306,0" /><INIT seed="7,0,0,1,2,2" ten="266,60,368,306" oya="3" hai0="12,3,55,126,32,72,127,97,85,103,45,130,77" hai1="44,40,73,38,133,19,49,107,93,67,68,108,114" hai2="46,51,50,37,105,69,74,81,52,134,21,117,43" hai3="62,58,124,28,86,18,104,1,116,112,7,42,120"/><W83/><G116/><T22/><D32/><U30/><E93/><V119/><F105/><W131/><G120/><T13/><D3/><U35/><E19/><V5/><F134/><W9/><G104/><T75/><D130/><U53/><E53/><V90/><F69/><W66/><G131/><T31/><D31/><U10/><E49/><V101/><F101/><W60/><G112/><T54/><D85/><U98/><E44/><V14/><F37/><W87/><G124/><T91/><D91/><U76/><E98/><V63/><F63/><W27/><G42/><T26/><D77/><U4/><E10/><V102/><F102/><W118/><G118/><T95/><D13/><U70/><E4/><V65/><F65/><W8/><G62/><T0/><D0/><U135/><E40/><V79/><F90/><W15/><REACH who="3" step="1"/><G83/><REACH who="3" ten="266,60,368,296" step="2"/><T29/><D12/><U57/><E114/><V111/><F119/><W132/><G132/><T34/><D34/><AGARI ba="0,1" hai="1,7,8,9,15,18,27,28,34,58,60,66,86,87" machi="34" ten="30,11600,0" yaku="1,1,7,1,52,1,53,1" doraHai="2" doraHaiUra="59" who="3" fromWho="0" sc="266,-116,60,0,368,0,296,126" owari="150,-25.0,60,-44.0,368,17.0,422,52.0" /></mjloggm>