<mjloggm ver="2.3"><GO type="41" lobby="0"/><UN n0="%E2%93%9D%53%75%70%68%78" n1="%E7%82%8E%E3%81%AE%E9%9B%80%E3%83%96%E3%83%A9%E3%83%BC" n2="%77%6F%6F%64%79" n3="%75%79%61%6D%61" dan="18,14,14,14" rate="2123.45,2093.05,1851.61,1903.65" sx="M,M,M,M"/><TAIKYOKU oya="0"/><INIT seed="0,0,0,1,1,9" ten="250,250,250,250" oya="0" hai0="79,135,121,29,5,120,129,69,85,33,70,115,127" hai1="45,63,23,101,130,92,58,50,7,10,60,28,112" hai2="24,22,124,109,6,68,100,19,53,51,71,54,106" hai3="40,15,65,61,96,38,103,95,78,118,34,20,57"/><T89/><D115/><U26/><E130/><V119/><F109/><W126/><G118/><T113/><D113/><U81/><E112/><V102/><F124/><W62/><G126/><T74/><D127/><U27/><E27/><V134/><F134/><W122/><G122/><T25/><D129/><U75/><E75/><V16/><F119/><W116/><G116/><T97/><D5/><U82/><E63/><V72/><F72/><W133/><G133/><T76/><D135/><U98/><E50/><V110/><F110/><W32/><G78/><T41/><D41/><U14/><REACH who="1" step="1"/><E45/><REACH who="1" ten="250,240,250,250" step="2"/><V49/><F106/><W64/><G62/><T11/><D74/><U123/><E123/><V66/><F24/><W59/><G61/><T4/><D121/><U107/><E107/><V12/><F66/><AGARI ba="0,1" hai="7,10,14,23,26,28,58,60,66,81,82,92,98,101" machi="66" ten="30,12000,2" yaku="1,1,7,1,25,2,8,1,52,1,53,1" doraHai="9" doraHaiUra="55" who="1" fromWho="2" sc="250,0,240,130,250,-120,250,0" /><INIT seed="1,0,0,3,3,38" ten="250,370,130,250" oya="1" hai0="68,2,22,70,18,101,106,61,88,36,78,104,64" hai1="116,117,99,77,126,66,127,25,17,1,28,108,58" hai2="76,97,46,90,40,80,10,110,9,125,60,35,50" hai3="12,133,115,121,34,72,24,75,113,5,32,107,86"/><U69/><E77/><V109/><F125/><W111/><G121/><T31/><D2/><U128/><E99/><V43/><F35/><W4/><G107/><T93/><D70/><U122/><E122/><V120/><F120/><W29/><G86/><T49/><D36/><U65/><E17/><V47/><F60/><W57/><G57/><T105/><D31/><U6/><E58/><V15/><F109/><W123/><G123/><T27/><D78/><U96/><E96/><V55/><F110/><W98/><G98/><T13/><D49/><U81/><E81/><V45/><F76/><W112/><G111/><T82/><D82/><U39/><E39/><V89/><F9/><W8/><G75/><T7/><D101/><U84/><E84/><N who="2" m="50311" /><F90/><W62/><G62/><T53/><D53/><U83/><E83/><V63/><F97/><W74/><G74/><T102/><D102/><U52/><E69/><V132/><F132/><W79/><G72/><T48/><D106/><U67/><E108/><V71/><F71/><W0/><G79/><T118/><D105/><U100/><E100/><V54/><F63/><W19/><G133/><T26/><D104/><U134/><E134/><V94/><F94/><W59/><G59/><T51/><D93/><U3/><E67/><V42/><F55/><W41/><G41/><N who="2" m="10497" /><V11/><DORA hai="33" /><F11/><N who="3" m="2439" /><G34/><T21/><D88/><U87/><E66/><V131/><F131/><W37/><G37/><T119/><D68/><U95/><E65/><V44/><F44/><W56/><G56/><T85/><D64/><U135/><E52/><V129/><F129/><RYUUKYOKU ba="0,0" sc="250,-15,370,-15,130,15,250,15" hai2="10,15,45,46,47,50,54" hai3="5,8,12,19,24,29,32,112,113,115" /><INIT seed="2,1,0,0,0,80" ten="235,355,145,265" oya="2" hai0="107,90,67,44,115,26,22,131,134,49,42,95,94" hai1="126,118,36,24,38,6,100,101,77,33,86,111,48" hai2="43,68,18,93,61,29,15,60,96,16,5,59,70" hai3="50,63,37,113,124,1,104,62,73,105,119,39,89"/><V57/><F68/><W35/><G119/><T34/><D115/><U114/><E6/><V125/><F125/><W3/><G35/><T40/><D107/><U103/><E118/><V75/><F75/><W52/><G124/><T7/><D34/><U69/><E69/><V121/><F121/><W132/><G113/><T0/><D131/><U87/><E77/><V25/><F43/><W127/><G127/><T91/><D134/><U74/><E74/><V32/><F5/><W76/><G132/><T122/><D67/><U83/><E83/><V129/><F129/><W10/><G89/><T53/><D0/><U4/><E4/><V88/><F18/><W130/><G130/><T112/><D122/><U20/><E33/><V78/><F78/><W66/><G73/><T47/><D7/><U123/><E38/><V110/><F110/><W109/><G76/><T58/><D112/><U28/><E36/><V79/><F79/><W97/><G109/><T27/><D22/><N who="1" m="15383" /><E111/><V135/><F135/><W55/><G10/><T84/><D42/><U71/><E71/><V81/><F81/><W128/><G128/><T65/><D65/><U13/><E123/><V41/><F41/><W117/><G66/><T14/><D14/><U51/><E114/><V64/><REACH who="2" step="1"/><F61/><REACH who="2" ten="235,355,135,265" step="2"/><W23/><G117/><T31/><D40/><U85/><E126/><V99/><F99/><W120/><G97/><N who="0" m="57559" /><D31/><U2/><E2/><V8/><AGARI ba="1,1" hai="8,15,16,25,29,32,57,59,60,64,70,88,93,96" machi="8" ten="20,18000,2" yaku="1,1,0,1,7,1,54,2,53,2" doraHai="80" doraHaiUra="54" who="2" fromWho="2" sc="235,-61,355,-61,135,193,265,-61" /><INIT seed="2,2,0,5,0,66" ten="174,294,328,204" oya="2" hai0="134,71,126,55,29,1,41,8,48,13,20,57,4" hai1="128,62,80,75,64,56,16,39,45,96,60,9,97" hai2="135,10,50,94,130,103,89,21,131,67,68,12,115" hai3="23,35,106,92,100,49,74,14,43,11,19,127,3"/><V107/><F115/><W34/><G74/><T33/><D134/><U76/><E128/><N who="2" m="49195" /><F103/><W83/><G106/><T113/><D126/><U129/><E129/><V110/><F107/><W98/><G127/><T22/><D113/><U44/><E62/><N who="2" m="40055" /><F135/><W47/><G3/><T116/><D116/><U70/><E56/><V53/><F21/><W118/><G118/><T105/><D105/><U7/><E45/><V17/><F110/><W27/><REACH who="3" step="1"/><G83/><REACH who="3" ten="174,294,328,194" step="2"/><T93/><D1/><U65/><E80/><V63/><F63/><W15/><G15/><T72/><D13/><N who="1" m="7215" /><E75/><V36/><F36/><W58/><G58/><T18/><D57/><U112/><E112/><V38/><F38/><W73/><G73/><T84/><D72/><U37/><E37/><V82/><F82/><W120/><G120/><T133/><D133/><U79/><E39/><V25/><F25/><W31/><AGARI ba="2,1" hai="11,14,19,23,27,31,34,35,43,47,49,92,98,100" machi="31" ten="20,2700,0" yaku="1,1,0,1,7,1,53,0" doraHai="66" doraHaiUra="121" who="3" fromWho="3" sc="174,-9,294,-9,328,-15,194,43" /><INIT seed="3,0,0,4,3,62" ten="165,285,313,237" oya="3" hai0="109,46,58,61,29,125,78,98,105,10,128,94,116" hai1="6,122,55,21,40,114,59,70,85,71,123,33,118" hai2="27,91,51,42,24,60,89,83,117,38,74,102,31" hai3="130,54,88,44,14,79,108,112,126,82,107,18,64"/><W90/><G112/><T26/><D116/><U124/><E33/><V30/><F38/><W104/><G130/><T81/><D109/><U121/><E6/><V93/><F117/><W5/><G108/><T49/><D125/><U39/><E118/><V73/><F42/><W36/><G126/><T41/><D105/><U99/><E124/><V37/><F37/><W11/><G5/><T20/><D128/><U35/><E35/><V113/><F51/><W15/><G15/><T8/><D81/><U0/><E0/><V25/><F113/><W12/><G12/><T50/><D50/><U86/><E114/><V132/><F132/><W72/><G64/><T9/><D78/><U131/><E99/><V17/><F17/><W69/><G69/><T13/><D13/><U52/><E21/><V129/><F27/><W80/><G80/><T115/><D115/><U134/><E131/><V67/><F83/><W133/><G133/><T110/><D110/><U65/><E86/><V19/><F74/><W1/><G1/><T135/><D135/><U48/><E85/><V68/><F73/><W127/><G127/><T28/><D28/><U100/><E100/><V76/><F129/><W77/><G77/><T95/><REACH who="0" step="1"/><D98/><REACH who="0" ten="155,285,313,237" step="2"/><U103/><E134/><V53/><F76/><W47/><G107/><T66/><AGARI ba="0,1" hai="8,9,10,20,26,29,41,46,49,58,61,66,94,95" machi="66" ten="30,8000,1" yaku="1,1,2,1,0,1,8,1,52,1,53,0" doraHai="62" doraHaiUra="106" who="0" fromWho="0" sc="155,90,285,-20,313,-20,237,-40" /><INIT seed="4,0,0,5,5,98" ten="245,265,293,197" oya="0" hai0="6,49,130,28,50,4,58,40,97,135,44,122,54" hai1="118,113,92,0,30,5,19,3,80,70,32,106,93" hai2="35,26,7,134,42,63,9,91,108,66,37,74,115" hai3="20,104,82,15,89,21,128,95,129,121,46,77,17"/><T10/><D122/><U81/><E70/><V69/><F108/><W33/><G33/><T85/><D130/><N who="3" m="50281" /><G121/><T24/><D135/><U84/><E106/><V71/><F134/><W114/><G114/><T127/><D127/><U116/><E19/><V99/><F115/><W55/><G104/><T87/><D97/><U75/><E113/><V86/><F74/><W110/><G110/><T29/><D6/><U88/><E30/><V112/><F112/><W73/><G46/><T119/><D119/><U78/><E32/><V61/><F26/><W65/><G65/><T27/><D27/><U31/><E31/><V57/><F35/><W11/><G55/><T83/><D87/><AGARI ba="0,0" hai="11,15,17,20,21,73,77,82,87,89,95" m="50281" machi="87" ten="30,1000,0" yaku="19,1" doraHai="98" who="3" fromWho="0" sc="245,-10,265,0,293,0,197,10" /><INIT seed="5,0,0,1,0,0" ten="235,265,293,207" oya="1" hai0="28,130,52,75,31,94,76,90,121,66,60,128,39" hai1="78,102,6,65,5,104,4,17,42,118,51,83,84" hai2="106,27,112,122,35,64,74,12,9,23,13,2,113" hai3="34,80,44,88,116,108,119,117,49,63,103,40,7"/><U67/><E118/><V32/><F74/><W71/><G108/><T26/><D39/><U68/><E68/><V93/><F106/><W100/><G34/><N who="2" m="12841" /><F64/><N who="1" m="24649" /><E104/><V72/><F93/><W115/><G115/><N who="2" m="44105" /><F72/><W62/><G71/><T129/><D121/><U1/><E1/><V124/><F122/><W82/><G82/><T33/><D31/><U20/><E102/><N who="3" m="38954" /><G7/><N who="1" m="1794" /><U89/><DORA hai="79" /><E42/><V101/><F101/><W73/><G73/><T55/><D75/><U69/><E69/><V96/><F96/><W132/><G132/><T105/><D105/><U127/><E127/><V46/><F124/><W47/><G44/><T125/><D125/><U97/><E51/><V134/><F2/><W50/><G50/><T38/><D38/><U18/><E20/><V59/><F46/><W87/><AGARI ba="0,0" hai="40,47,49,62,63,80,87,88,116,117,119" m="38954" machi="87" ten="40,5200,0" yaku="12,1,52,1,54,1" doraHai="0,79" who="3" fromWho="3" sc="235,-13,265,-26,293,-13,207,52" /><INIT seed="6,0,0,4,4,64" ten="222,239,280,259" oya="2" hai0="51,15,74,5,49,119,77,43,123,23,120,102,97" hai1="41,2,96,21,57,82,27,3,11,10,126,86,35" hai2="135,78,106,122,42,54,104,83,16,76,66,8,110" hai3="131,26,4,73,6,114,103,39,92,84,80,99,22"/><V65/><F122/><W36/><G73/><T115/><D115/><U68/><E35/><V107/><F135/><W116/><G116/><T95/><D119/><U112/><E68/><V48/><F42/><W55/><G114/><T19/><D5/><U30/><E112/><V87/><F76/><W71/><G131/><T93/><D74/><U52/><E41/><V46/><REACH who="2" step="1"/><F110/><REACH who="2" ten="222,239,270,259" step="2"/><W132/><G132/><T121/><D77/><N who="1" m="46415" /><E3/><V90/><F90/><W85/><G103/><T60/><D43/><U124/><E2/><V58/><F58/><W94/><G71/><T37/><D37/><U9/><E126/><V32/><F32/><W28/><G39/><T61/><D123/><U79/><E79/><V18/><F18/><W29/><G36/><T129/><D121/><U7/><E124/><V63/><F63/><W62/><G62/><T38/><D120/><U1/><E1/><V40/><F40/><W89/><G89/><T88/><D38/><U91/><E7/><V127/><F127/><W33/><G4/><T24/><D129/><U130/><E130/><V13/><AGARI ba="0,1" hai="8,13,16,46,48,54,65,66,78,83,87,104,106,107" machi="13" ten="40,7800,0" yaku="1,1,0,1,54,1,53,0" doraHai="64" doraHaiUra="113" who="2" fromWho="2" sc="222,-26,239,-26,270,88,259,-26" /><INIT seed="6,1,0,0,0,6" ten="196,213,358,233" oya="2" hai0="15,42,17,119,58,118,112,52,35,73,24,71,101" hai1="85,7,114,49,9,65,84,68,66,36,100,11,8" hai2="104,22,120,93,28,81,44,90,59,23,62,14,27" hai3="128,67,56,5,38,111,126,107,89,41,80,131,76"/><V79/><F104/><W48/><G111/><T60/><D73/><U83/><E36/><V116/><F116/><N who="0" m="44586" /><D42/><U115/><E100/><V2/><F2/><W99/><G126/><T117/><N who="0" m="44594" /><T33/><DORA hai="51" /><D112/><N who="1" m="43051" /><E7/><V87/><F120/><W108/><G108/><T91/><D101/><U61/><E66/><V74/><F44/><W97/><G5/><T47/><D24/><U96/><E96/><V82/><F82/><W95/><G38/><T16/><D71/><U132/><E132/><V134/><F134/><W63/><G107/><T29/><D29/><U46/><E83/><V12/><REACH who="2" step="1"/><F23/><REACH who="2" ten="196,213,348,233" step="2"/><W13/><G80/><T105/><D105/><U110/><E110/><V72/><F72/><W78/><G128/><T113/><D113/><U32/><E32/><V125/><F125/><W64/><G131/><T0/><D0/><U43/><AGARI ba="1,1" hai="8,9,11,43,46,49,61,65,68,84,85" m="43051" machi="43" ten="30,7900,0" yaku="15,1,52,3" doraHai="6,51" who="1" fromWho="1" sc="196,-21,213,92,348,-40,233,-21" /><INIT seed="7,0,0,1,1,46" ten="175,305,308,212" oya="3" hai0="15,21,18,58,29,101,4,63,114,119,123,57,19" hai1="6,47,5,121,50,60,41,135,74,53,79,97,88" hai2="120,116,64,108,111,96,7,45,38,122,87,98,99" hai3="95,49,3,54,85,93,104,23,39,16,40,33,77"/><W115/><G104/><T14/><D119/><U62/><E121/><N who="2" m="46699" /><F116/><W125/><G33/><T133/><D123/><U124/><E135/><V105/><F64/><W25/><G3/><T51/><D133/><U8/><E124/><V12/><F105/><W106/><G106/><T83/><D114/><U131/><E131/><V37/><F87/><W92/><G115/><T103/><D4/><N who="1" m="1643" /><E74/><V72/><F72/><W1/><G1/><T107/><D29/><U32/><E32/><V35/><F35/><W43/><G125/><T73/><D107/><U128/><E128/><V67/><F67/><W110/><G110/><N who="2" m="42025" /><F45/><N who="3" m="27951" /><G39/><N who="2" m="14857" /><F7/><W13/><G25/><T102/><D73/><U9/><E79/><V76/><F76/><W24/><G24/><T86/><D63/><N who="1" m="24107" /><E41/><V61/><F61/><W94/><G94/><AGARI ba="0,0" hai="8,9,47,50,53,88,94,97" m="24107,1643" machi="94" ten="30,3900,0" yaku="8,1,52,1,54,1" doraHai="46" who="1" fromWho="3" sc="175,0,305,39,308,0,212,-39" owari="175,-22.0,344,44.0,308,11.0,173,-33.0" /></mjloggm>