<mjloggm ver="2.3"><GO type="41" lobby="0"/><UN n0="%E3%81%B2%E3%82%89%40" n1="%4B%41%54%53%55%59%41" n2="%E9%87%8E%E6%9D%91%E3%82%B5%E3%83%83%E3%83%81%E3%83%BC" n3="%E2%93%9D%53%75%70%68%78" dan="13,14,14,19" rate="1827.28,1939.85,1978.89,2195.71" sx="M,M,M,M"/><TAIKYOKU oya="0"/><INIT seed="0,0,0,4,1,74" ten="250,250,250,250" oya="0" hai0="10,106,37,72,45,18,90,75,59,64,109,22,21" hai1="77,13,16,61,73,25,19,63,68,122,35,48,103" hai2="135,105,32,58,42,14,97,110,60,112,116,27,83" hai3="69,24,91,36,126,132,54,118,71,1,89,65,6"/><T86/><D106/><U104/><E122/><V88/><F110/><W82/><G36/><T50/><D37/><U123/><E123/><V80/><F135/><W70/><G65/><T57/><D10/><U84/><E73/><V130/><F130/><W78/><G118/><T108/><D22/><U119/><E119/><V95/><F112/><W62/><G126/><T53/><D72/><U47/><E103/><V85/><F42/><W133/><G24/><T113/><D75/><U92/><E104/><V117/><F117/><W51/><G62/><T55/><D113/><U38/><E19/><V81/><F105/><W39/><G6/><T129/><D64/><U33/><E68/><V3/><F3/><W9/><G9/><T26/><D129/><U99/><E25/><V107/><F107/><W7/><G39/><T94/><REACH who="0" step="1"/><D55/><REACH who="0" ten="240,250,250,250" step="2"/><U115/><E115/><V111/><F116/><W101/><G54/><T56/><AGARI ba="0,1" hai="18,21,26,45,50,53,56,57,59,86,90,94,108,109" machi="56" ten="30,12000,1" yaku="1,1,2,1,0,1,53,2" doraHai="74" doraHaiUra="121" who="0" fromWho="0" sc="240,130,250,-40,250,-40,250,-40" /><INIT seed="0,1,0,4,3,10" ten="370,210,210,210" oya="0" hai0="126,33,73,95,5,120,55,97,111,96,11,90,133" hai1="102,98,94,45,104,13,66,74,41,100,18,72,6" hai2="129,40,83,1,35,127,132,17,124,23,37,61,109" hai3="118,51,77,20,53,59,115,15,12,4,128,36,75"/><T42/><D120/><U7/><E66/><V26/><F1/><W122/><G115/><T113/><D113/><U107/><E74/><V24/><F109/><W43/><G118/><T86/><D111/><U110/><E72/><V134/><F83/><W81/><G128/><T103/><D33/><U89/><E110/><V117/><F117/><W58/><G122/><T54/><D42/><U91/><E107/><V50/><F37/><W92/><G4/><T39/><D39/><U84/><E91/><V27/><F61/><W125/><G125/><N who="2" m="48201" /><F50/><W47/><G20/><T62/><D133/><N who="2" m="51306" /><F40/><W3/><G3/><T114/><D114/><U32/><E102/><V116/><F116/><W28/><G28/><T85/><D126/><U14/><E32/><V48/><F48/><W70/><G70/><T60/><D60/><U30/><E30/><N who="2" m="19911" /><F129/><W71/><G71/><T82/><D62/><U22/><REACH who="1" step="1"/><E13/><AGARI ba="1,0" hai="13,17,23,26,27" m="19911,51306,48201" machi="13" ten="30,8000,1" yaku="18,1,20,1,34,2,52,1" doraHai="10" who="2" fromWho="1" sc="370,0,210,-83,210,83,210,0" /><INIT seed="1,0,0,5,5,36" ten="370,127,293,210" oya="1" hai0="31,9,64,55,102,83,91,96,121,118,25,37,5" hai1="54,12,88,103,21,75,33,89,70,124,104,44,48" hai2="51,50,42,120,128,43,98,4,133,39,19,74,46" hai3="49,84,80,72,34,3,101,76,130,2,15,125,111"/><U24/><E70/><V8/><F74/><W108/><G34/><T97/><D118/><U110/><E75/><V92/><F120/><W67/><G130/><T47/><D64/><U95/><E110/><N who="3" m="42026" /><G125/><T62/><D83/><U115/><E115/><V132/><F128/><W114/><G101/><T86/><D102/><U20/><E124/><V119/><F119/><W82/><G114/><T85/><D85/><U109/><E33/><V22/><F43/><W90/><G67/><T135/><D62/><U105/><E109/><V14/><F133/><W99/><G99/><T66/><D66/><U56/><E103/><V126/><F126/><W40/><G15/><T107/><D107/><U45/><E89/><V10/><F132/><W32/><G32/><T23/><D55/><U112/><E112/><V17/><F98/><W134/><G134/><T61/><D61/><U65/><E65/><V73/><F73/><W59/><G59/><T71/><D71/><U7/><E7/><V113/><F113/><W123/><G123/><T77/><D135/><U16/><E105/><V131/><F131/><W26/><G26/><T68/><D68/><U30/><E104/><V35/><F35/><W81/><G81/><T28/><D97/><AGARI ba="0,0" hai="12,16,20,21,24,30,44,45,48,54,56,88,95,97" machi="97" ten="30,11600,0" yaku="7,1,8,1,54,2" doraHai="36" who="1" fromWho="0" sc="370,-116,127,116,293,0,210,0" /><INIT seed="1,1,0,5,0,105" ten="254,243,293,210" oya="1" hai0="121,60,12,75,55,130,22,104,85,51,102,119,41" hai1="61,117,135,83,113,14,19,64,32,70,101,31,1" hai2="66,16,30,8,134,87,122,68,73,71,112,108,95" hai3="78,46,89,97,24,54,114,58,9,53,56,107,38"/><U91/><E1/><V111/><F122/><W124/><G114/><T67/><D119/><U94/><E117/><V42/><F112/><W118/><G118/><T116/><D116/><U74/><E113/><V103/><F134/><W123/><G124/><T128/><D75/><U35/><E135/><V21/><F30/><W99/><G78/><T57/><D121/><U44/><E44/><V18/><F42/><W110/><G110/><T125/><D125/><U0/><E0/><V33/><F33/><W50/><G107/><T43/><D104/><U7/><E7/><V62/><F71/><W79/><G79/><T96/><D85/><U36/><E36/><V47/><F47/><W131/><G131/><N who="0" m="50219" /><D22/><U27/><E101/><V126/><F73/><W4/><G38/><T23/><D23/><U86/><E74/><V39/><F39/><W40/><G123/><T59/><D12/><U10/><E83/><V90/><F103/><W92/><G24/><T93/><AGARI ba="1,0" hai="41,43,51,55,57,59,60,67,93,96,102" m="50219" machi="93" ten="30,1100,0" yaku="19,1" doraHai="105" who="0" fromWho="0" sc="254,14,243,-6,293,-4,210,-4" /><INIT seed="2,0,0,2,1,13" ten="268,237,289,206" oya="2" hai0="11,19,103,112,4,92,85,18,87,120,116,89,61" hai1="7,93,130,95,78,134,10,44,12,129,22,57,56" hai2="76,24,63,115,48,54,121,102,3,83,88,59,96" hai3="64,55,47,41,38,30,86,90,126,62,118,5,9"/><V45/><F121/><W100/><G126/><T33/><D112/><U23/><E78/><V123/><F123/><W91/><G118/><T52/><D120/><U117/><E117/><V17/><F3/><W27/><G100/><T125/><D116/><U39/><E39/><V135/><F135/><W6/><G55/><T108/><D125/><U110/><E134/><V132/><F132/><W8/><G8/><T75/><D75/><U21/><E44/><V53/><F115/><W69/><G9/><T82/><D33/><U131/><E110/><V113/><F113/><W74/><G74/><T81/><D103/><U111/><E111/><V79/><F83/><W80/><REACH who="3" step="1"/><G91/><REACH who="3" ten="268,237,289,196" step="2"/><T60/><D108/><U109/><E109/><V128/><F88/><W101/><G101/><T46/><D11/><U43/><E43/><V65/><F54/><W105/><G105/><T28/><D52/><U94/><AGARI ba="0,1" hai="7,10,12,21,22,23,56,57,93,94,95,129,130,131" machi="94" ten="40,8000,1" yaku="0,1,29,2,19,1" doraHai="13" who="1" fromWho="1" sc="268,-20,237,90,289,-40,196,-20" /><INIT seed="3,0,0,2,0,109" ten="248,327,249,176" oya="3" hai0="15,7,54,112,55,80,40,131,83,121,93,70,25" hai1="0,78,36,47,14,20,16,29,10,123,31,122,5" hai2="51,115,50,12,48,111,79,119,88,41,125,110,67" hai3="44,82,106,39,63,92,71,17,24,90,46,77,107"/><W87/><G107/><T124/><D121/><U126/><E78/><V95/><F119/><W62/><G106/><T8/><D70/><U99/><E99/><V1/><F1/><W98/><G39/><T73/><D124/><U105/><E105/><V32/><F32/><W97/><G97/><T2/><D131/><U130/><E36/><V60/><F125/><W108/><G108/><T104/><D104/><U72/><E126/><V69/><F79/><W34/><G71/><T66/><D66/><U85/><E47/><N who="3" m="17962" /><G34/><T76/><D40/><U135/><E85/><V57/><F41/><W56/><G56/><T3/><D25/><U35/><E72/><V89/><F69/><W53/><G53/><T101/><D83/><U21/><E130/><V127/><F127/><W22/><AGARI ba="0,0" hai="17,22,24,62,63,77,82,87,90,92,98" m="17962" machi="22" ten="30,1500,0" yaku="8,1" doraHai="109" who="3" fromWho="3" sc="248,-5,327,-5,249,-5,176,15" /><INIT seed="3,1,0,5,5,8" ten="243,322,244,191" oya="3" hai0="80,2,98,38,112,0,18,62,105,78,65,61,71" hai1="135,20,87,76,131,99,28,36,134,132,35,33,11" hai2="24,130,46,17,116,77,120,117,47,86,101,63,91" hai3="39,53,45,113,68,69,49,44,126,73,95,5,14"/><W3/><G113/><T67/><D38/><U40/><E131/><V97/><F130/><W84/><G3/><T56/><D112/><U10/><E99/><V13/><F77/><W23/><G73/><T104/><D18/><U109/><E109/><V9/><F120/><W90/><G126/><T59/><D71/><U22/><E40/><V41/><F63/><W6/><G69/><T66/><D66/><U74/><E36/><V114/><F24/><W37/><G68/><T110/><D110/><U102/><E102/><V94/><F114/><W43/><REACH who="3" step="1"/><G39/><REACH who="3" ten="243,322,244,181" step="2"/><T30/><D0/><U79/><E74/><V29/><F117/><W121/><G121/><T1/><D1/><U122/><E135/><V54/><F116/><W19/><AGARI ba="1,1" hai="5,6,14,19,23,37,43,44,45,49,53,84,90,95" machi="19" ten="30,6000,0" yaku="1,1,0,1,52,1,53,0" doraHai="8" doraHaiUra="60" who="3" fromWho="3" sc="243,-21,322,-21,244,-21,181,73" /><INIT seed="3,2,0,5,5,134" ten="222,301,223,254" oya="3" hai0="127,34,23,17,43,46,106,32,100,20,119,45,118" hai1="90,56,81,89,79,135,26,108,87,86,51,74,57" hai2="77,5,12,50,41,105,58,131,9,75,88,37,33" hai3="19,52,64,60,132,95,31,101,2,28,6,115,99"/><W78/><G115/><T120/><D120/><U14/><E108/><V113/><F105/><W15/><G132/><T112/><D106/><U24/><E135/><V61/><F113/><W70/><G78/><T11/><D100/><U18/><E74/><V4/><F37/><W68/><G68/><T44/><D112/><U107/><E107/><V59/><F33/><W62/><G6/><T7/><D43/><U123/><E123/><V36/><F36/><W76/><G76/><T116/><D127/><U117/><E117/><V8/><F131/><W3/><G3/><T126/><D126/><U130/><E130/><V39/><F39/><W125/><G2/><T121/><D121/><U21/><E79/><V92/><F77/><W55/><G125/><T66/><D66/><U82/><E57/><V109/><F109/><W53/><REACH who="3" step="1"/><G62/><REACH who="3" ten="222,301,223,244" step="2"/><T48/><D7/><U38/><E38/><V42/><F75/><W1/><G1/><T69/><D69/><U111/><E111/><V29/><F61/><W22/><AGARI ba="2,1" hai="15,19,22,28,31,52,53,55,60,64,70,95,99,101" machi="22" ten="30,6000,0" yaku="1,1,0,1,54,1,53,0" doraHai="134" doraHaiUra="71" who="3" fromWho="3" sc="222,-22,301,-22,223,-22,244,76" /><INIT seed="3,3,0,3,2,41" ten="200,279,201,320" oya="3" hai0="89,106,20,18,67,80,7,3,120,111,17,66,82" hai1="46,32,131,61,49,36,29,128,0,26,100,42,33" hai2="127,107,133,88,96,35,97,94,59,104,44,57,83" hai3="109,121,8,79,130,117,113,24,87,81,75,16,114"/><W25/><G117/><T62/><D120/><U99/><E0/><V115/><F35/><W68/><G121/><T69/><D106/><U40/><E61/><V77/><F115/><W78/><G68/><T108/><D67/><U15/><E15/><V70/><F70/><W86/><G130/><T92/><D3/><U9/><E9/><V11/><F133/><W76/><G75/><T110/><D7/><U10/><E10/><V2/><F127/><W65/><G109/><T102/><D102/><U30/><E42/><V39/><F97/><W85/><G65/><T4/><D4/><U28/><E36/><V5/><F107/><W132/><G81/><N who="0" m="31339" /><D20/><U134/><E134/><V12/><F104/><W1/><G132/><T122/><D122/><U116/><E116/><V19/><F39/><W47/><G1/><T103/><D103/><U48/><E48/><V13/><F2/><W101/><G101/><T51/><D51/><U98/><E98/><AGARI ba="3,0" hai="17,18,62,66,69,89,92,98,108,110,111" m="31339" machi="98" ten="30,1000,0" yaku="14,1" doraHai="41" who="0" fromWho="1" sc="200,19,279,-19,201,0,320,0" /><INIT seed="4,0,0,4,1,88" ten="219,260,201,320" oya="0" hai0="109,71,125,98,97,117,58,1,42,14,99,81,130" hai1="68,35,119,50,59,67,128,92,76,121,3,69,62" hai2="24,51,54,108,5,6,134,91,83,105,53,73,44" hai3="26,12,116,19,77,82,107,110,60,64,11,21,65"/><T41/><D117/><U79/><E35/><V46/><F108/><W37/><G110/><T78/><D71/><U123/><E3/><V7/><F105/><W90/><G37/><T89/><D1/><U55/><E119/><V132/><F24/><W93/><G107/><T112/><D109/><U104/><E104/><V25/><F25/><W131/><G131/><T28/><D130/><U61/><E128/><V66/><F66/><W86/><G60/><T8/><D125/><U43/><E43/><V70/><F70/><W38/><G38/><T33/><D112/><U18/><E18/><V63/><F63/><W10/><G10/><T111/><D33/><U96/><E121/><V95/><F83/><W74/><REACH who="3" step="1"/><G116/><REACH who="3" ten="219,260,201,310" step="2"/><T16/><D111/><U135/><E123/><V22/><F134/><W17/><AGARI ba="0,1" hai="11,12,17,19,21,26,64,65,74,77,82,86,90,93" machi="17" ten="20,12000,2" yaku="1,1,2,1,0,1,7,1,52,1,53,1" doraHai="88" doraHaiUra="72" who="3" fromWho="3" sc="219,-60,260,-30,201,-30,310,130" /><INIT seed="5,0,0,0,4,46" ten="159,230,171,440" oya="1" hai0="85,91,2,25,88,50,8,57,102,0,21,134,12" hai1="33,71,116,105,24,59,51,132,42,37,92,106,3" hai2="49,65,99,77,14,81,47,108,133,56,119,123,118" hai3="87,112,93,113,78,30,9,121,135,130,67,11,110"/><U26/><E3/><V32/><F108/><W13/><G130/><T73/><D73/><U103/><E71/><V69/><F69/><W22/><G135/><T80/><D134/><U95/><E132/><V124/><F123/><W79/><G110/><T125/><D102/><U29/><E116/><V4/><F124/><W58/><G121/><T126/><D91/><U28/><E59/><V63/><F32/><W83/><G79/><T54/><D21/><U10/><E10/><V39/><F99/><W90/><G30/><T100/><D25/><U109/><E109/><V6/><F39/><W34/><G34/><T114/><D100/><U129/><E37/><V128/><F128/><W55/><G67/><T27/><D27/><U44/><E129/><V94/><F94/><W111/><G111/><T104/><D104/><U43/><E103/><V89/><F89/><W52/><G55/><T31/><D31/><U23/><REACH who="1" step="1"/><E43/><REACH who="1" ten="159,220,171,440" step="2"/><V86/><F133/><W74/><G11/><T15/><D2/><U53/><E53/><V72/><F119/><W97/><G9/><T19/><D0/><U5/><E5/><V40/><F118/><W68/><G68/><T62/><D114/><U98/><E98/><V17/><F72/><W96/><G96/><T120/><D120/><U82/><E82/><V41/><F41/><W115/><G97/><T38/><D38/><U122/><E122/><V1/><F1/><W66/><G115/><T16/><REACH who="0" step="1"/><D62/><REACH who="0" ten="149,220,171,440" step="2"/><U107/><AGARI ba="0,2" hai="23,24,26,28,29,33,42,44,51,92,95,105,106,107" machi="107" ten="30,6000,0" yaku="1,1,0,1,52,1,53,0" doraHai="46" doraHaiUra="117" who="1" fromWho="1" sc="149,-20,220,80,171,-20,440,-20" /><INIT seed="5,1,0,1,3,34" ten="129,300,151,420" oya="1" hai0="110,89,76,109,133,59,99,73,93,32,118,36,91" hai1="64,21,94,13,101,103,107,27,45,11,5,70,9" hai2="15,78,95,75,116,51,12,31,52,108,37,72,38" hai3="80,62,10,123,0,120,14,98,28,88,18,58,135"/><U87/><E107/><V119/><F108/><W102/><G135/><T2/><D36/><U130/><E130/><V22/><F95/><W20/><G0/><T90/><D32/><U85/><E70/><V30/><F78/><W86/><G28/><T97/><D133/><U57/><E45/><V3/><F51/><W112/><G112/><T6/><D118/><U117/><E117/><V43/><F43/><W24/><G24/><T114/><D114/><U8/><E103/><V49/><F49/><W48/><G20/><T81/><D59/><U132/><E132/><V115/><F115/><W125/><G125/><T60/><D60/><N who="1" m="37903" /><E9/><V79/><F79/><W26/><G26/><T68/><D68/><U33/><E11/><V53/><F22/><W54/><G62/><T129/><D129/><U35/><E35/><V65/><F65/><W131/><G131/><T69/><D69/><U25/><E25/><V82/><F82/><W127/><G127/><T17/><D17/><N who="1" m="12719" /><E33/><V40/><F40/><W63/><G63/><T84/><D6/><U16/><E5/><V55/><F55/><W56/><G56/><T41/><D2/><AGARI ba="1,0" hai="2,3,12,15,30,31,37,38,52,53,72,75,116,119" machi="2" ten="25,8000,1" yaku="22,2,52,2,54,1" doraHai="34" who="2" fromWho="0" sc="129,-83,300,0,151,83,420,0" /><INIT seed="6,0,0,5,5,69" ten="46,300,234,420" oya="2" hai0="54,82,8,19,115,125,119,91,63,53,6,128,100" hai1="89,83,78,29,110,73,76,68,86,0,109,116,123" hai2="34,88,120,65,10,17,23,97,36,134,67,122,2" hai3="60,16,105,11,31,98,15,55,39,99,40,14,42"/><V57/><F34/><W52/><G39/><T106/><D115/><U80/><E68/><V5/><F134/><W126/><G126/><T90/><D125/><U18/><E0/><V118/><F118/><W113/><G105/><T3/><D128/><U30/><E116/><V41/><F36/><W59/><G31/><T1/><D119/><U45/><E45/><V112/><F41/><N who="3" m="15979" /><G113/><T21/><D106/><U95/><E18/><V43/><F43/><W111/><G111/><N who="1" m="42506" /><E29/><V50/><F112/><W58/><G15/><T20/><D100/><U135/><E30/><V75/><F75/><W26/><G26/><T66/><D3/><U87/><E123/><V74/><F74/><W93/><G93/><T121/><D121/><U92/><E92/><V61/><F67/><W12/><G12/><T13/><D21/><U35/><E35/><V64/><F64/><W62/><AGARI ba="0,0" hai="11,14,16,52,55,58,59,60,62,98,99" m="15979" machi="62" ten="30,4000,0" yaku="8,1,54,2" doraHai="69" who="3" fromWho="3" sc="46,-10,300,-10,234,-20,420,40" /><INIT seed="7,0,0,4,5,115" ten="36,290,214,460" oya="3" hai0="4,104,128,105,19,127,131,100,33,39,85,9,125" hai1="61,49,54,26,71,40,50,30,57,13,103,62,59" hai2="64,47,41,106,5,37,92,2,55,31,79,46,120" hai3="12,93,51,7,68,108,42,126,94,110,122,21,109"/><W81/><G126/><N who="0" m="48139" /><D39/><U107/><E13/><V10/><F106/><N who="0" m="41066" /><D100/><U132/><E132/><V75/><F92/><W133/><G122/><T97/><D97/><U52/><E40/><V38/><F120/><W86/><G133/><T88/><D33/><U96/><REACH who="1" step="1"/><E71/><REACH who="1" ten="36,280,214,460" step="2"/><V119/><F31/><W102/><G68/><T15/><D4/><U80/><E80/><V17/><F17/><W112/><G110/><T73/><D73/><U28/><E28/><V6/><F6/><W22/><G109/><T130/><D85/><U74/><E74/><V20/><F20/><AGARI ba="0,1" hai="20,26,30,49,50,52,54,57,59,61,62,96,103,107" machi="20" ten="30,7700,0" yaku="1,1,7,1,9,1,54,1,53,0" doraHai="115" doraHaiUra="65" who="1" fromWho="2" sc="36,0,280,87,214,-77,460,0" owari="36,-46.0,367,17.0,137,-26.0,460,55.0" /></mjloggm>