<mjloggm ver="2.3"><GO type="41" lobby="0"/><UN n0="%E3%82%AF%E3%83%83%E3%82%B7%E3%83%A7%E3%83%B3" n1="%E3%82%8F%E3%81%8D%E3%82%82%E3%82%8A%E3%82%93" n2="%E3%81%8C%E3%81%A3%E3%81%97%E3%83%BC%40" n3="%E2%93%9D%53%75%70%68%78" dan="15,13,14,18" rate="2038.53,1977.07,2001.12,2120.74" sx="M,M,F,M"/><TAIKYOKU oya="0"/><INIT seed="0,0,0,1,4,124" ten="250,250,250,250" oya="0" hai0="85,80,79,46,2,50,115,111,94,96,105,77,68" hai1="98,123,104,126,63,21,25,97,60,119,54,14,112" hai2="78,41,61,118,131,20,57,16,122,133,3,110,17" hai3="82,58,89,120,1,47,22,45,38,108,19,74,27"/><T5/><D115/><U18/><E112/><V107/><F41/><W51/><G1/><T33/><D33/><U29/><E119/><V84/><F107/><W95/><G108/><T56/><D68/><U10/><E126/><V71/><F110/><W129/><G120/><T72/><D111/><U49/><E123/><V81/><F3/><W59/><G129/><T135/><D135/><U73/><E73/><V76/><F131/><W117/><G38/><T53/><D5/><U26/><E26/><V109/><F71/><W83/><G47/><T28/><D28/><U4/><E104/><V31/><F118/><W65/><G74/><T66/><D2/><U42/><E42/><V8/><F133/><W9/><G9/><T13/><D13/><U86/><E86/><V48/><F48/><W7/><G7/><T91/><D66/><U35/><E97/><V93/><F93/><W11/><G11/><T15/><D15/><U101/><E101/><V0/><F0/><W87/><G117/><T40/><D79/><U44/><REACH who="1" step="1"/><E98/><REACH who="1" ten="250,240,250,250" step="2"/><V134/><F134/><W23/><G87/><T125/><D125/><U99/><E99/><V62/><F84/><W55/><G27/><T69/><D40/><U106/><E106/><V121/><F109/><W30/><G89/><T24/><D24/><U88/><E88/><V75/><F121/><W127/><G127/><T116/><D116/><U130/><E130/><V92/><F75/><W34/><G30/><T67/><D105/><U36/><E36/><V12/><F122/><W113/><G113/><T102/><D102/><U52/><E52/><RYUUKYOKU ba="0,1" sc="250,-10,240,30,250,-10,250,-10" hai1="4,10,14,18,21,25,29,35,44,49,54,60,63" /><INIT seed="1,1,1,3,5,68" ten="240,270,240,240" oya="1" hai0="131,52,133,43,91,132,121,25,5,108,10,134,80" hai1="58,0,122,111,28,114,62,115,106,19,119,87,110" hai2="92,49,11,117,48,15,33,67,84,17,24,13,112" hai3="116,41,64,54,118,56,73,6,7,14,72,35,31"/><U44/><E106/><V83/><F117/><N who="3" m="45163" /><G64/><T9/><D108/><N who="1" m="41515" /><E119/><V102/><F67/><W55/><G41/><T59/><D131/><U50/><E0/><V93/><F33/><W130/><G130/><T2/><D43/><N who="1" m="24863" /><E28/><V107/><F102/><W128/><G128/><T4/><D25/><U82/><E19/><V36/><F17/><W39/><G14/><T38/><D121/><U22/><E22/><V86/><F24/><N who="3" m="18919" /><G39/><T34/><D38/><U104/><E104/><V27/><F36/><W60/><G55/><T21/><D34/><U105/><E105/><V23/><F13/><W127/><G127/><T99/><D21/><U69/><E122/><V94/><F15/><W47/><G47/><T79/><D2/><U76/><E69/><V42/><F27/><W100/><G100/><T90/><D5/><AGARI ba="1,1" hai="5,6,7,54,56,60,72,73" m="18919,45163" machi="5" ten="30,1000,0" yaku="12,1" doraHai="68" who="3" fromWho="0" sc="240,-13,270,0,240,0,240,23" /><INIT seed="2,0,0,1,2,57" ten="227,270,240,263" oya="2" hai0="78,23,116,87,18,135,22,83,8,65,20,12,113" hai1="59,49,4,129,41,54,38,108,47,13,1,105,2" hai2="85,71,30,128,51,11,97,44,60,66,110,115,7" hai3="16,75,86,43,134,52,118,82,26,58,122,46,90"/><V56/><F115/><W29/><G134/><T114/><D116/><U92/><E105/><V6/><F128/><W0/><G0/><T95/><D135/><U55/><E129/><V36/><F110/><W45/><G122/><T62/><REACH who="0" step="1"/><D95/><REACH who="0" ten="217,270,240,263" step="2"/><U21/><E92/><V103/><F36/><W27/><G118/><T9/><D9/><U76/><E108/><V106/><F71/><AGARI ba="0,1" hai="8,12,18,20,22,23,62,65,71,78,83,87,113,114" machi="71" ten="40,2600,0" yaku="1,1,52,1,53,0" doraHai="57" doraHaiUra="126" who="0" fromWho="2" sc="217,36,270,0,240,-26,263,0" /><INIT seed="3,0,0,5,1,47" ten="253,270,214,263" oya="3" hai0="15,101,75,53,48,59,105,122,120,83,79,5,40" hai1="58,42,118,32,89,92,17,3,70,27,77,112,18" hai2="131,64,84,111,110,78,88,38,81,134,25,43,66" hai3="109,37,91,76,114,28,0,1,20,87,67,54,26"/><W55/><G114/><T108/><D108/><N who="2" m="41514" /><F134/><W126/><G109/><T132/><D132/><U119/><E70/><V57/><F131/><W50/><G37/><T31/><D31/><U127/><E112/><V49/><F25/><W98/><G126/><T135/><D135/><U96/><E3/><V74/><F38/><W124/><G67/><T10/><REACH who="0" step="1"/><D40/><REACH who="0" ten="243,270,214,263" step="2"/><U34/><E42/><V11/><F43/><W128/><G124/><T130/><D130/><U102/><E127/><V2/><F2/><W16/><G1/><T63/><D63/><U62/><E119/><V93/><F11/><W65/><G0/><T129/><D129/><U61/><E118/><V113/><F113/><W45/><G128/><T30/><D30/><U85/><E61/><V9/><F9/><W73/><G28/><T35/><D35/><U24/><E34/><V133/><F133/><W44/><G20/><T33/><D33/><U71/><E32/><V121/><F121/><W39/><G39/><T82/><D82/><U94/><E71/><V117/><F117/><W23/><G23/><T6/><D6/><U36/><E36/><V80/><F81/><W56/><G16/><T60/><D60/><U51/><E62/><V21/><F21/><W99/><G65/><T41/><D41/><U125/><E125/><V12/><F12/><W116/><G116/><T104/><D104/><U46/><E17/><V7/><F7/><W95/><G26/><T29/><D29/><U19/><E18/><V90/><F64/><W8/><G8/><T103/><D103/><U100/><E19/><V22/><F22/><RYUUKYOKU ba="0,1" sc="243,30,270,-10,214,-10,263,-10" hai0="5,10,15,48,53,59,75,79,83,101,105,120,122" /><INIT seed="4,1,1,3,2,73" ten="273,260,204,253" oya="0" hai0="90,84,97,111,53,61,60,134,81,62,118,91,87" hai1="43,30,102,129,132,22,114,32,77,24,10,55,42" hai2="67,130,120,107,64,25,63,117,57,65,128,82,123" hai3="80,33,48,105,103,56,11,15,3,93,66,109,2"/><T69/><D118/><U83/><E132/><V78/><F107/><W31/><G105/><T7/><D111/><U35/><E129/><N who="2" m="49771" /><F117/><W36/><G36/><T75/><D134/><U121/><E121/><N who="2" m="46667" /><F25/><W89/><G33/><T95/><D75/><AGARI ba="1,1" hai="57,63,64,65,67,75,78,82" m="46667,49771" machi="75" ten="30,2000,0" yaku="19,1,52,1" doraHai="73" who="2" fromWho="0" sc="273,-23,260,0,204,33,253,0" /><INIT seed="5,0,0,4,4,17" ten="250,260,237,253" oya="1" hai0="89,84,10,4,37,104,59,26,127,24,101,0,105" hai1="95,78,75,115,13,54,118,93,91,14,85,90,48" hai2="114,77,72,50,21,100,5,2,87,18,98,16,131" hai3="34,96,71,38,122,97,124,1,133,29,40,116,61"/><U9/><E118/><V80/><F114/><W88/><G1/><T106/><D127/><U19/><E115/><V120/><F120/><W64/><G122/><T31/><D37/><U47/><E75/><V134/><F134/><W52/><G124/><T119/><D119/><U60/><E78/><V6/><F131/><W79/><G79/><T62/><D101/><U126/><E126/><V11/><F5/><W82/><G40/><T20/><D26/><U112/><E112/><V109/><F109/><W36/><G133/><T69/><D69/><U99/><E60/><V135/><F135/><W43/><G43/><T76/><D76/><U45/><E14/><V113/><F113/><W125/><G125/><T130/><D130/><U111/><E111/><V57/><F72/><W67/><G116/><T129/><D129/><U66/><E66/><V42/><F21/><W83/><G71/><T110/><D110/><U51/><E51/><V32/><F32/><W70/><G70/><T63/><REACH who="0" step="1"/><D59/><AGARI ba="0,0" hai="9,13,19,45,47,48,54,59,85,90,91,93,95,99" machi="59" ten="30,2900,0" yaku="7,1,8,1" doraHai="17" who="1" fromWho="0" sc="250,-29,260,29,237,0,253,0" /><INIT seed="5,1,0,4,5,117" ten="221,289,237,253" oya="1" hai0="133,19,87,74,127,38,54,113,121,111,99,9,12" hai1="132,89,82,88,129,31,14,60,67,95,53,98,52" hai2="30,78,6,118,75,50,42,73,86,92,77,21,8" hai3="72,22,130,57,49,56,3,97,43,10,26,45,91"/><U81/><E132/><V128/><F118/><W34/><G72/><T64/><D113/><U11/><E129/><V108/><F108/><W71/><G71/><T85/><D111/><U27/><E82/><V2/><F75/><W104/><G34/><T124/><D74/><U102/><E81/><V61/><F77/><W7/><G130/><T0/><D133/><U48/><E48/><V135/><F135/><W70/><G70/><T114/><D114/><U107/><E11/><V13/><F61/><W4/><G4/><T32/><D32/><U24/><E14/><V25/><F73/><W120/><G120/><T79/><D38/><U1/><E1/><V93/><F2/><W84/><G97/><T119/><D119/><U47/><E47/><N who="2" m="25975" /><F128/><W28/><REACH who="3" step="1"/><G104/><REACH who="3" ten="221,289,237,243" step="2"/><T46/><D121/><U76/><E107/><V68/><F68/><W83/><AGARI ba="1,1" hai="3,7,10,22,26,28,43,45,49,56,57,83,84,91" machi="83" ten="20,5200,0" yaku="1,1,2,1,0,1,7,1,53,0" doraHai="117" doraHaiUra="109" who="3" fromWho="3" sc="221,-14,289,-27,237,-14,243,65" /><INIT seed="6,0,0,1,1,0" ten="207,262,223,308" oya="2" hai0="26,27,7,92,105,35,10,48,33,86,126,2,31" hai1="120,24,131,98,41,123,80,28,72,112,11,17,60" hai2="107,65,39,30,109,135,122,3,32,74,22,20,16" hai3="73,55,99,134,104,15,127,71,63,66,106,25,111"/><V62/><F39/><W129/><G111/><T76/><D105/><U8/><E112/><V44/><F107/><W61/><G73/><T51/><D126/><U59/><E131/><V132/><F74/><W12/><G134/><N who="2" m="51241" /><F3/><W49/><G63/><T119/><D119/><U67/><E41/><V113/><F122/><W34/><G127/><T125/><D125/><U121/><E98/><V78/><F78/><W54/><G54/><T91/><D76/><N who="1" m="44039" /><E17/><V79/><F79/><W37/><G37/><T4/><REACH who="0" step="1"/><D7/><REACH who="0" ten="197,262,223,308" step="2"/><U118/><E118/><V114/><F109/><W68/><G106/><T110/><D110/><U100/><E100/><V5/><F5/><W115/><G104/><T117/><D117/><U38/><E38/><V102/><F102/><W96/><G115/><N who="2" m="44041" /><F44/><W69/><G129/><T128/><D128/><U94/><E94/><V90/><F90/><W93/><G93/><T57/><D57/><U85/><E85/><V77/><F77/><W108/><G108/><T87/><D87/><U82/><E82/><V97/><F97/><W36/><G99/><T1/><D1/><U19/><E19/><V46/><F16/><W42/><G96/><T84/><D84/><U101/><E101/><V50/><F46/><W103/><G103/><T75/><D75/><U64/><E64/><V18/><F18/><W81/><G66/><T124/><D124/><U23/><AGARI ba="0,1" hai="8,11,23,24,28,59,60,67,120,121,123" m="44039" machi="23" ten="30,1100,0" yaku="13,1" doraHai="0" who="1" fromWho="1" sc="197,-3,262,21,223,-5,308,-3" /><INIT seed="7,0,0,0,5,7" ten="194,283,218,305" oya="3" hai0="13,43,30,109,32,134,116,80,129,5,72,88,110" hai1="47,39,14,53,8,97,90,31,23,28,70,111,58" hai2="108,10,71,57,86,114,81,77,29,78,68,75,56" hai3="37,103,107,35,60,9,24,96,112,125,93,4,6"/><W15/><G37/><T63/><D116/><U25/><E111/><V62/><F108/><W20/><G35/><T135/><D129/><U59/><E70/><V113/><F29/><W104/><G112/><T106/><D106/><U21/><E39/><V0/><F75/><W67/><G125/><T64/><D43/><U12/><E47/><V87/><F0/><W94/><G94/><T51/><D51/><U49/><E59/><V117/><F81/><W122/><G6/><T101/><D101/><U19/><E31/><V48/><F48/><W118/><G122/><T18/><D5/><U95/><REACH who="1" step="1"/><E14/><REACH who="1" ten="194,273,218,305" step="2"/><V66/><F117/><W131/><G118/><T2/><D2/><U38/><E38/><V126/><F126/><W65/><G131/><T54/><D30/><U22/><AGARI ba="0,1" hai="8,12,19,21,22,23,25,28,49,53,58,90,95,97" machi="22" ten="20,12000,2" yaku="1,1,0,1,7,1,8,1,52,1,53,1" doraHai="7" doraHaiUra="55" who="1" fromWho="1" sc="194,-30,273,130,218,-30,305,-60" owari="164,-34.0,403,50.0,188,-21.0,245,5.0" /></mjloggm>