<mjloggm ver="2.3"><GO type="41" lobby="0"/><UN n0="%E8%99%9A%E5%BF%83%E5%9D%A6%E6%87%90" n1="%E6%A1%9C%E5%B0%8F%E8%B7%AF%E6%89%8D%E8%8F%AF" n2="%E2%93%9D%53%75%70%68%78" n3="%E3%81%86%E3%81%9F%E3%81%BE%E3%82%8B%31%33%32%36" dan="14,15,19,15" rate="1924.44,1993.55,2215.07,1977.34" sx="M,M,M,M"/><TAIKYOKU oya="0"/><INIT seed="0,0,0,4,1,130" ten="250,250,250,250" oya="0" hai0="74,7,1,11,18,21,44,61,111,75,31,58,53" hai1="5,36,81,113,69,9,70,47,132,64,60,104,95" hai2="129,0,86,66,90,19,68,110,107,73,13,77,102" hai3="124,6,29,10,3,125,103,16,32,78,28,51,85"/><T50/><D31/><U127/><E104/><V17/><F0/><W84/><G103/><T89/><D89/><U72/><E127/><V93/><F110/><W116/><G116/><T131/><D131/><U59/><E113/><V133/><F129/><W100/><G100/><T101/><D101/><U94/><E94/><V46/><F46/><W82/><G85/><T109/><D18/><U126/><E126/><N who="3" m="48746" /><G32/><T97/><D21/><U96/><E95/><V108/><F108/><N who="0" m="41546" /><D97/><U121/><E96/><V117/><F19/><W20/><G51/><T99/><D99/><U120/><E120/><V62/><F117/><W33/><G33/><T45/><D45/><U134/><E121/><V98/><F77/><W71/><G71/><T15/><D1/><N who="1" m="175" /><E70/><V135/><REACH who="2" step="1"/><F73/><REACH who="2" ten="250,250,240,250" step="2"/><W37/><G37/><T48/><D48/><U128/><E128/><V30/><F30/><W106/><G106/><T115/><D115/><U80/><E72/><V23/><AGARI ba="0,1" hai="13,17,23,62,66,68,86,90,93,98,102,107,133,135" machi="23" ten="30,8000,1" yaku="1,1,0,1,52,2,53,1" doraHai="130" doraHaiUra="12" who="2" fromWho="2" sc="250,-40,250,-20,240,90,250,-20" /><INIT seed="1,0,0,5,2,66" ten="210,230,330,230" oya="1" hai0="64,111,82,55,130,95,10,74,41,109,1,99,114" hai1="24,71,54,112,20,119,57,34,118,87,62,115,7" hai2="65,35,93,134,90,117,3,23,43,11,100,56,122" hai3="131,102,107,97,16,42,110,103,126,51,5,52,76"/><U135/><E34/><V2/><F117/><N who="1" m="44553" /><E7/><V129/><F129/><W49/><G5/><T36/><D114/><N who="1" m="43563" /><E20/><V69/><F122/><W123/><G123/><T70/><D130/><U105/><E24/><V79/><F79/><W101/><G76/><T26/><D26/><U72/><E72/><V63/><F11/><W108/><G131/><T17/><D82/><U8/><E87/><V73/><F73/><W92/><G42/><T78/><D78/><U6/><E8/><V116/><F23/><W30/><G51/><T44/><D74/><U128/><E105/><V94/><F35/><W127/><G30/><T84/><D84/><U132/><E6/><V67/><F116/><W38/><G38/><T98/><D1/><U60/><E128/><V106/><F106/><W15/><G107/><T48/><D17/><U80/><E80/><V125/><F3/><W120/><G120/><T18/><D18/><U53/><E53/><V19/><F19/><W133/><G103/><T85/><D10/><U47/><E47/><V29/><F100/><W59/><G102/><T27/><D85/><U37/><E37/><V89/><F2/><W91/><G101/><N who="0" m="60639" /><D27/><U46/><E46/><V113/><F113/><W25/><G25/><T86/><D86/><U40/><E40/><V124/><F43/><W121/><G121/><T75/><D99/><U104/><E104/><V9/><F9/><N who="3" m="6255" /><G133/><T61/><D75/><U12/><E12/><V83/><F83/><W4/><G4/><T96/><D96/><U22/><E22/><V33/><F33/><W39/><G39/><T88/><D88/><RYUUKYOKU ba="0,0" sc="210,10,230,10,330,-30,230,10" hai0="36,41,44,48,55,61,64,70,109,111" hai1="54,57,60,62,71,132,135" hai3="49,52,59,91,92,97,108,110,126,127" /><INIT seed="1,1,0,2,3,6" ten="220,240,300,240" oya="1" hai0="18,10,43,2,75,4,12,33,47,25,36,112,80" hai1="21,29,98,106,135,38,31,87,88,126,99,77,41" hai2="109,32,93,54,110,119,102,8,97,128,16,56,89" hai3="63,19,11,68,26,9,116,24,60,46,20,53,107"/><U96/><E135/><V35/><F119/><W133/><G107/><T130/><D130/><U85/><E126/><V34/><F128/><W104/><G104/><T100/><D100/><U59/><E106/><V81/><F81/><W42/><G133/><T48/><D112/><U120/><E120/><V124/><F102/><W1/><G1/><T30/><D48/><U103/><E103/><V39/><F39/><W79/><G79/><T58/><D58/><U37/><E59/><V94/><F94/><W17/><G116/><T105/><D105/><U78/><E41/><V115/><F124/><W125/><G125/><T91/><D91/><U121/><E121/><V118/><F118/><W23/><G53/><T84/><D84/><N who="1" m="32331" /><E21/><V15/><REACH who="2" step="1"/><F115/><REACH who="2" ten="220,240,290,240" step="2"/><W123/><G123/><T45/><D80/><U5/><E37/><V28/><F28/><N who="1" m="10825" /><E38/><V67/><F67/><W13/><G68/><T70/><D70/><U52/><E88/><V7/><F7/><W73/><G73/><T22/><D75/><U64/><E64/><V134/><F134/><W27/><G63/><AGARI ba="1,1" hai="8,15,16,32,34,35,54,56,63,89,93,97,109,110" machi="63" ten="40,8000,1" yaku="1,1,52,1,54,1,53,1" doraHai="6" doraHaiUra="14" who="2" fromWho="3" sc="220,0,240,0,290,93,240,-83" /><INIT seed="2,0,0,3,2,71" ten="220,240,383,157" oya="2" hai0="16,58,132,64,24,34,46,118,27,79,53,78,48" hai1="126,6,21,130,102,104,110,61,134,119,29,51,100" hai2="88,129,63,14,73,113,50,123,114,107,67,66,39" hai3="99,45,84,57,68,9,75,86,17,19,38,80,108"/><V40/><F107/><W65/><G68/><T56/><D132/><U112/><E119/><V85/><F73/><W25/><G108/><T4/><D4/><U62/><E112/><V117/><F123/><W59/><G75/><T47/><D118/><U125/><E110/><V83/><F129/><W72/><G72/><T122/><D122/><U92/><E130/><V10/><F67/><W94/><G38/><T69/><D69/><U111/><E111/><V115/><F50/><W101/><G45/><N who="0" m="16907" /><D34/><U11/><E51/><V30/><F30/><W124/><G124/><N who="1" m="47722" /><E104/><V15/><F117/><W0/><G0/><T23/><D27/><N who="1" m="16623" /><E134/><V87/><F40/><W52/><G59/><T133/><D133/><U82/><E82/><V3/><F115/><W131/><G65/><T93/><D93/><U8/><E8/><V95/><F114/><W109/><G109/><T12/><D64/><U106/><E106/><V37/><F113/><W7/><G131/><T120/><D120/><U36/><E36/><V74/><F39/><W44/><G44/><T55/><D58/><U42/><E42/><V97/><F37/><W121/><G121/><T41/><D41/><U76/><E76/><V70/><F10/><W127/><G127/><T103/><D79/><U54/><E92/><V89/><F3/><W32/><G32/><T105/><D78/><U1/><E54/><V20/><F74/><W43/><G43/><T135/><D55/><U77/><E77/><N who="2" m="46319" /><F20/><N who="3" m="13455" /><G80/><T26/><D135/><U35/><E35/><V90/><F87/><W49/><G7/><T28/><D28/><U31/><E31/><RYUUKYOKU ba="0,0" sc="220,0,240,0,383,0,157,0" hai0="12,16,23,24,26,48,53,56,103,105" hai1="1,6,11,61,62,100,102" hai2="14,15,63,66,70,88,89,90,95,97" hai3="9,19,49,52,57,84,86,94,99,101" /><INIT seed="2,1,0,0,1,79" ten="220,240,383,157" oya="2" hai0="84,2,88,97,129,71,21,19,32,7,86,121,29" hai1="18,40,107,35,36,135,56,39,44,113,54,46,123" hai2="50,4,68,89,96,115,61,34,0,25,12,77,101" hai3="105,23,119,104,42,92,109,48,24,49,112,47,43"/><V70/><F115/><W59/><G119/><T65/><D129/><U78/><E107/><V62/><F0/><W117/><G117/><T75/><D75/><U80/><E113/><V82/><F89/><W16/><G112/><T13/><D121/><U76/><E123/><V90/><F90/><W118/><G118/><T87/><D97/><U108/><E35/><V6/><F50/><W94/><G109/><T83/><D65/><U99/><E108/><V67/><F12/><W98/><G94/><T63/><D63/><U91/><E135/><V116/><F116/><W131/><G131/><T103/><D103/><U8/><E18/><V85/><F62/><W51/><G59/><T111/><D71/><U15/><E44/><V130/><F70/><W132/><G132/><T37/><D37/><U124/><E39/><V133/><F133/><W81/><G81/><T60/><D60/><U52/><E124/><V127/><F127/><W1/><G1/><T120/><D120/><U38/><E38/><V31/><REACH who="2" step="1"/><F130/><REACH who="2" ten="220,240,373,157" step="2"/><W95/><G51/><T10/><D111/><U26/><E15/><V106/><AGARI ba="1,1" hai="4,6,25,31,34,61,67,68,77,82,85,96,101,106" machi="106" ten="20,24000,3" yaku="1,1,2,1,0,1,7,1,25,2,52,1,53,1" doraHai="79" doraHaiUra="66" who="2" fromWho="2" sc="220,-81,240,-81,373,253,157,-81" /><INIT seed="2,2,0,2,2,13" ten="139,159,626,76" oya="2" hai0="53,56,111,94,6,25,97,66,78,14,76,116,54" hai1="88,109,108,28,86,131,72,4,45,82,40,101,43" hai2="96,113,80,87,83,106,77,89,121,24,19,35,122" hai3="134,33,7,102,114,48,8,41,44,1,23,129,73"/><V47/><F113/><W84/><G73/><T90/><D111/><N who="1" m="42571" /><E131/><V68/><F68/><W119/><G119/><T15/><D116/><U55/><E101/><V60/><F35/><W16/><G33/><T21/><D66/><U51/><E28/><V104/><F47/><W22/><G129/><T100/><D54/><U62/><E4/><V38/><F38/><W133/><G114/><T124/><D100/><U30/><E30/><V130/><F60/><W26/><G102/><T115/><D115/><U9/><E9/><V49/><F49/><W67/><G84/><T98/><D98/><U132/><E132/><V112/><F24/><W120/><G120/><T36/><D36/><U74/><E62/><V110/><F112/><W17/><G67/><T50/><D124/><U103/><E103/><V79/><F130/><W39/><G39/><T42/><D42/><AGARI ba="2,0" hai="40,42,43,45,51,55,72,74,82,86,88" m="42571" machi="42" ten="30,2000,0" yaku="14,1,54,1" doraHai="13" who="1" fromWho="0" sc="139,-26,159,26,626,0,76,0" /><INIT seed="3,0,0,0,3,131" ten="113,185,626,76" oya="3" hai0="40,33,63,24,25,31,115,108,32,120,89,68,35" hai1="19,52,55,14,62,1,126,87,66,34,130,3,114" hai2="8,0,36,7,101,73,121,15,64,12,60,109,61" hai3="75,30,103,94,124,74,49,123,100,99,65,11,10"/><W112/><G123/><T51/><D120/><U39/><E114/><V2/><F109/><W97/><G112/><T37/><D108/><U16/><E34/><V69/><F101/><W111/><G30/><T5/><D115/><U95/><E39/><V134/><F73/><W117/><G117/><T59/><D68/><U54/><E130/><V90/><F90/><W133/><G124/><T20/><D37/><U88/><E126/><V105/><F105/><W128/><G128/><T85/><D5/><U119/><E119/><V125/><F61/><W86/><G111/><T28/><D51/><U92/><E92/><V48/><F64/><W132/><G65/><T77/><D40/><U71/><REACH who="1" step="1"/><E19/><REACH who="1" ten="113,175,626,76" step="2"/><V80/><F36/><W29/><G29/><T106/><D106/><U42/><E42/><V58/><F121/><W41/><G86/><T9/><D35/><U118/><E118/><V27/><F125/><W81/><G81/><T26/><D33/><U44/><E44/><V127/><F80/><W104/><G75/><T83/><D31/><U6/><E6/><V129/><F7/><W70/><G74/><T82/><D32/><U113/><E113/><V93/><F93/><W98/><G70/><T18/><D83/><U46/><E46/><V135/><F69/><W107/><G94/><T4/><D28/><U91/><E91/><V102/><F127/><W78/><G78/><T23/><D77/><U53/><N who="1" m="13312" /><DORA hai="57" /><U43/><E43/><V79/><F129/><W22/><G41/><T21/><D18/><U17/><E17/><V67/><F79/><W38/><G38/><RYUUKYOKU ba="0,1" sc="113,-10,175,30,626,-10,76,-10" hai1="1,3,14,16,62,66,71,87,88,95" /><INIT seed="4,1,1,4,4,97" ten="103,205,616,66" oya="0" hai0="106,77,102,88,29,118,76,92,17,78,70,12,121" hai1="54,105,32,125,42,47,84,73,2,62,107,90,109" hai2="50,15,23,53,134,80,60,27,51,5,19,83,129" hai3="22,72,132,41,44,7,104,82,31,114,94,96,40"/><T135/><D70/><U101/><E109/><V131/><F134/><W55/><G104/><T64/><D64/><U100/><E2/><V9/><F51/><W116/><G116/><T48/><D121/><U35/><E73/><V119/><F60/><W8/><G132/><T14/><D118/><U68/><E125/><V123/><F123/><W133/><G133/><T85/><D135/><U120/><E120/><V98/><F98/><W20/><G114/><T52/><D29/><U108/><E108/><V71/><F71/><W95/><G55/><T127/><D127/><U46/><E68/><V81/><REACH who="2" step="1"/><F119/><REACH who="2" ten="103,205,606,66" step="2"/><W57/><G96/><N who="0" m="59655" /><D106/><U28/><E62/><V10/><F10/><W74/><G8/><T59/><D17/><U86/><E28/><V49/><F49/><W26/><G31/><T39/><D39/><U21/><E42/><V6/><F6/><W16/><G7/><T103/><D103/><U61/><E100/><V66/><F66/><W126/><G126/><T112/><D112/><U69/><E101/><V30/><F30/><W36/><G36/><T128/><D128/><U124/><E124/><V89/><F89/><W45/><G16/><T99/><D99/><U110/><E90/><V58/><AGARI ba="1,2" hai="5,9,15,19,23,27,50,53,58,80,81,83,129,131" machi="58" ten="30,2000,0" yaku="1,1,0,1,53,0" doraHai="97" doraHaiUra="130" who="2" fromWho="2" sc="103,-11,205,-6,606,43,66,-6" /><INIT seed="5,0,0,0,0,115" ten="92,199,649,60" oya="1" hai0="104,26,113,11,21,114,107,74,33,50,18,17,82" hai1="35,134,34,88,91,116,68,2,7,37,27,0,135" hai2="122,23,99,96,56,59,53,87,80,15,111,71,42" hai3="24,81,47,49,61,8,84,64,109,103,105,97,52"/><U48/><E37/><V112/><F111/><W75/><G109/><T43/><D33/><N who="1" m="12299" /><E68/><V120/><F112/><N who="0" m="43114" /><D43/><U58/><E27/><V9/><F99/><W54/><G75/><T31/><D50/><U100/><E100/><V65/><F65/><W101/><G101/><T28/><D74/><U131/><E131/><V132/><F122/><W10/><G54/><T20/><D82/><U72/><E72/><V85/><F120/><W117/><G24/><N who="0" m="14351" /><D107/><U4/><E58/><V86/><F42/><W124/><G124/><T3/><D104/><U41/><E48/><V32/><F32/><W25/><G25/><T121/><D121/><U12/><E41/><V14/><F71/><W94/><G117/><T5/><AGARI ba="0,0" hai="3,5,11,18,21,26,28,31" m="14351,43114" machi="5" ten="30,4000,0" yaku="15,1,34,2" doraHai="115" who="0" fromWho="0" sc="92,40,199,-20,649,-10,60,-10" /><INIT seed="6,0,0,5,5,3" ten="132,179,639,50" oya="2" hai0="11,107,118,102,108,69,75,114,74,33,111,31,10" hai1="82,126,37,130,54,25,119,55,85,28,0,13,71" hai2="52,57,84,72,110,23,100,14,135,101,128,109,29" hai3="105,21,113,30,53,125,42,127,120,44,41,36,1"/><V26/><F128/><W81/><G120/><T56/><D56/><U50/><E0/><V68/><F135/><W99/><G42/><T40/><D11/><U8/><E37/><V73/><F68/><W6/><G53/><T39/><D114/><U9/><E71/><V131/><F131/><W91/><G113/><T95/><D95/><U103/><E119/><V133/><F133/><W88/><G21/><T117/><D69/><U12/><E103/><V4/><F84/><W104/><G30/><T79/><D102/><U96/><E96/><V66/><F66/><W22/><G22/><T2/><D107/><U46/><E126/><N who="3" m="48138" /><G81/><N who="0" m="45303" /><D75/><U58/><E130/><V90/><F73/><W123/><G123/><T48/><D48/><N who="1" m="31079" /><E25/><V112/><F72/><W63/><G63/><T62/><D62/><U83/><E28/><V78/><F112/><W121/><G121/><T43/><D43/><U106/><E106/><N who="3" m="41066" /><G99/><T61/><D61/><U76/><E83/><V64/><F29/><W35/><G35/><T98/><D98/><U24/><E24/><V59/><F26/><W67/><G67/><T80/><D31/><U18/><E13/><V70/><F14/><W17/><G17/><T94/><D80/><U32/><E32/><V92/><F64/><W65/><G65/><T45/><D33/><U15/><E12/><V19/><F70/><W134/><G134/><T7/><D117/><U49/><E49/><V97/><F97/><W47/><G47/><T60/><D60/><U115/><E115/><V5/><F101/><W20/><G20/><AGARI ba="0,0" hai="8,9,15,18,20,46,50,54,76,82,85" m="31079" machi="20" ten="30,1000,0" yaku="8,1" doraHai="3" who="1" fromWho="3" sc="132,0,179,10,639,0,50,-10" /><INIT seed="7,0,0,2,3,11" ten="132,189,639,40" oya="3" hai0="130,3,85,44,58,14,64,8,38,104,70,118,54" hai1="17,69,9,31,78,26,100,4,102,121,107,40,1" hai2="51,109,114,129,45,72,67,60,92,73,25,77,23" hai3="110,12,10,16,94,112,68,19,33,46,101,120,90"/><W52/><G112/><T0/><D104/><U131/><E69/><V83/><F129/><W95/><G120/><T32/><D130/><U39/><E131/><V7/><F109/><W63/><G33/><T41/><D32/><N who="1" m="20599" /><E107/><V55/><F7/><W47/><G110/><T50/><D85/><U28/><E28/><V62/><F92/><W97/><G68/><T20/><D20/><U91/><E91/><V2/><F2/><W122/><G122/><T80/><D80/><U135/><E121/><V71/><F62/><W74/><G74/><T42/><D42/><U29/><E29/><V119/><F119/><W128/><G128/><T81/><D81/><U126/><E78/><V65/><F65/><W43/><G43/><T124/><D118/><U108/><E108/><V48/><F48/><W103/><G19/><N who="0" m="8647" /><D124/><U57/><E126/><V98/><F73/><W13/><G13/><T127/><D127/><U106/><E106/><V35/><F72/><W84/><REACH who="3" step="1"/><G103/><REACH who="3" ten="132,189,639,30" step="2"/><T75/><D75/><U56/><E102/><V113/><F113/><W133/><G133/><T79/><D70/><U96/><E40/><V87/><F114/><W134/><G134/><T24/><D41/><U125/><E135/><V89/><F35/><W116/><G116/><T6/><D0/><U37/><E125/><V86/><F71/><W21/><G21/><T88/><D3/><U49/><E17/><V117/><F117/><W61/><G61/><T5/><D38/><N who="1" m="14347" /><E49/><V105/><F60/><W22/><G22/><T27/><D50/><U36/><E36/><V34/><F51/><W123/><G123/><RYUUKYOKU ba="0,1" sc="132,-15,189,15,639,-15,30,15" hai1="1,4,9,56,57,96,100" hai3="10,12,16,46,47,52,63,84,90,94,95,97,101" /><INIT seed="7,1,1,4,5,19" ten="117,204,624,45" oya="3" hai0="30,100,34,118,80,65,50,57,112,53,5,108,49" hai1="126,96,32,85,132,110,121,116,59,124,67,56,125" hai2="69,99,107,0,94,60,78,130,68,51,27,22,31" hai3="97,123,45,2,15,12,3,1,66,129,18,54,102"/><W104/><G129/><T17/><D118/><U44/><E32/><V58/><F0/><W9/><G123/><T106/><D108/><U71/><E121/><V48/><F107/><W35/><G35/><T131/><D131/><U55/><E110/><V119/><F69/><W90/><G66/><T135/><D5/><U82/><E116/><V87/><F68/><W73/><G73/><T70/><D135/><U103/><E132/><V52/><F130/><W36/><G90/><T72/><D112/><U134/><E134/><V39/><F39/><W25/><G25/><N who="0" m="18767" /><D80/><U122/><E122/><V40/><F40/><W91/><G91/><T81/><D81/><U86/><E44/><V127/><F127/><W113/><G113/><T61/><D72/><U133/><E133/><V128/><F119/><W47/><G36/><T21/><D53/><U93/><E55/><V77/><F128/><W38/><G38/><T79/><D57/><N who="1" m="22091" /><E82/><N who="2" m="47567" /><F78/><W20/><REACH who="3" step="1"/><G54/><REACH who="3" ten="117,204,624,35" step="2"/><T76/><D76/><U64/><E64/><V63/><F63/><AGARI ba="1,2" hai="63,67,71,85,86,93,96,103,124,125,126" m="22091" machi="63" ten="40,1300,0" yaku="18,1" doraHai="19" who="1" fromWho="2" sc="117,0,204,36,624,-16,35,0" owari="117,-28.0,240,4.0,608,70.0,35,-46.0" /></mjloggm>