<mjloggm ver="2.3"><GO type="41" lobby="0"/><UN n0="%E2%98%86%E8%A3%95%E5%AD%90%E2%98%86" n1="%E3%82%AA%E3%83%AA%E3%83%8F%E3%83%AB" n2="%E2%93%9D%53%75%70%68%78" n3="%4B%4D%4E%5A" dan="14,13,18,14" rate="1914.18,1995.61,2124.60,1955.33" sx="F,F,M,M"/><TAIKYOKU oya="0"/><INIT seed="0,0,0,3,1,34" ten="250,250,250,250" oya="0" hai0="33,85,47,13,8,130,122,87,31,73,72,60,115" hai1="32,134,7,49,0,112,81,106,69,5,2,63,118" hai2="109,133,43,82,4,67,103,18,92,42,75,107,65" hai3="44,12,61,126,80,45,23,54,3,88,104,62,95"/><T124/><D115/><U29/><E106/><V132/><F107/><W11/><G104/><T71/><D122/><U1/><E118/><V24/><F4/><W98/><G126/><T96/><D124/><U15/><E134/><N who="2" m="51819" /><F109/><W120/><G120/><T86/><D47/><U89/><E29/><V41/><F82/><W59/><G62/><T20/><D33/><U93/><E32/><V6/><F6/><W94/><G80/><T57/><D71/><U102/><E102/><V35/><F75/><W50/><G23/><T79/><D96/><U111/><E111/><V74/><F74/><W129/><G129/><T21/><D130/><U64/><E81/><V58/><F58/><N who="3" m="33111" /><G3/><T135/><D135/><U30/><E30/><N who="2" m="19911" /><F18/><N who="3" m="8479" /><G95/><T22/><D31/><U25/><E25/><V77/><F77/><W105/><G105/><T116/><D116/><U101/><E101/><V113/><F113/><W83/><G83/><T19/><REACH who="0" step="1"/><D79/><REACH who="0" ten="240,250,250,250" step="2"/><U53/><E112/><V36/><F36/><W119/><G119/><T91/><D91/><U110/><E110/><V127/><F127/><W68/><G68/><T40/><D40/><U10/><E89/><V70/><F70/><W37/><G37/><T123/><D123/><U56/><REACH who="1" step="1"/><E93/><REACH who="1" ten="240,240,250,250" step="2"/><V125/><F125/><W114/><G114/><T131/><D131/><U27/><E27/><V55/><F92/><W128/><G128/><T46/><D46/><U84/><E84/><V28/><F103/><W52/><AGARI ba="0,2" hai="44,45,52,59,61,88,94,98" m="8479,33111" machi="52" ten="30,4000,0" yaku="8,1,54,2" doraHai="34" who="3" fromWho="3" sc="240,-20,240,-10,250,-10,250,60" /><INIT seed="1,0,0,4,5,33" ten="220,230,240,310" oya="1" hai0="1,103,61,110,85,12,118,27,123,55,102,114,121" hai1="51,0,21,106,131,130,83,62,95,66,98,13,15" hai2="63,40,122,117,29,34,128,31,120,74,79,52,90" hai3="109,49,36,111,82,47,54,20,94,17,57,93,35"/><U56/><E106/><V7/><F117/><W53/><G35/><T19/><D114/><U89/><E0/><V22/><F40/><W10/><G82/><T65/><D118/><U50/><E83/><V133/><F34/><W30/><G30/><T115/><D115/><U32/><E32/><V126/><F128/><N who="1" m="49193" /><E21/><V45/><F133/><W71/><G71/><T81/><D110/><N who="3" m="41993" /><G10/><T86/><D27/><U5/><E5/><V11/><F22/><W77/><G77/><T105/><D1/><U42/><E42/><V43/><F43/><N who="3" m="23015" /><G53/><T116/><D55/><N who="1" m="31863" /><E51/><V38/><F79/><W6/><G6/><T3/><D3/><U134/><E134/><V39/><F7/><W132/><G132/><T124/><D116/><U14/><E14/><AGARI ba="0,0" hai="14,17,20,49,54,57,93,94" m="23015,41993" machi="14" ten="30,1000,0" yaku="14,1" doraHai="33" who="3" fromWho="1" sc="220,0,230,-10,240,0,310,10" /><INIT seed="2,0,0,4,5,78" ten="220,220,240,320" oya="2" hai0="55,135,128,98,84,101,2,50,15,39,71,104,92" hai1="14,90,99,19,125,93,117,126,31,13,24,103,22" hai2="81,100,89,34,64,42,115,41,20,30,85,40,4" hai3="11,73,102,32,21,29,74,58,80,25,57,91,121"/><V65/><F34/><W63/><G121/><T132/><D2/><U129/><E129/><V79/><F115/><W49/><G102/><T48/><D39/><U9/><E117/><V68/><F68/><W52/><G11/><T16/><D128/><U133/><E133/><N who="0" m="51273" /><D71/><U111/><E111/><V61/><F100/><W83/><G32/><T97/><D84/><U87/><REACH who="1" step="1"/><E14/><REACH who="1" ten="220,210,240,320" step="2"/><V105/><F105/><AGARI ba="0,1" hai="9,13,19,22,24,31,87,90,93,99,103,105,125,126" machi="105" ten="40,2600,0" yaku="1,1,2,1,53,0" doraHai="78" doraHaiUra="76" who="1" fromWho="2" sc="220,0,210,36,240,-26,320,0" /><INIT seed="3,0,0,0,1,109" ten="220,246,214,320" oya="3" hai0="42,4,126,111,65,97,78,100,63,2,81,58,29" hai1="15,107,8,64,127,70,57,9,7,10,117,87,92" hai2="0,22,88,82,105,118,32,73,61,12,44,28,98" hai3="134,79,121,14,86,26,43,6,40,47,83,131,54"/><W113/><G121/><T19/><D111/><U128/><E70/><V108/><F0/><W72/><G134/><T122/><D122/><U45/><E107/><V60/><F32/><W75/><G131/><T53/><D126/><U30/><E127/><V51/><F118/><W17/><G40/><T36/><D29/><U24/><E128/><V5/><F73/><W77/><G54/><T37/><D42/><U96/><E87/><V21/><F105/><W103/><G103/><T38/><D4/><U18/><E45/><V115/><F115/><W68/><G68/><T69/><D2/><U13/><E117/><V16/><F5/><W114/><G26/><T90/><D90/><U66/><E57/><V11/><F108/><W110/><G110/><T124/><D19/><U55/><E55/><N who="2" m="30183" /><F28/><W46/><G6/><T94/><D124/><U33/><REACH who="1" step="1"/><E9/><REACH who="1" ten="220,236,214,320" step="2"/><V123/><F123/><W120/><G120/><T135/><D135/><U80/><E80/><V31/><F82/><N who="3" m="45351" /><G75/><T71/><REACH who="0" step="1"/><D53/><REACH who="0" ten="210,236,214,320" step="2"/><U50/><E50/><V125/><F125/><W106/><G43/><T99/><D99/><U20/><E20/><N who="2" m="7787" /><F31/><W129/><G129/><T62/><D62/><U95/><E95/><AGARI ba="0,2" hai="11,12,16,60,61,88,95,98" m="7787,30183" machi="95" ten="30,3900,0" yaku="8,1,54,2" doraHai="109" who="2" fromWho="1" sc="210,0,236,-39,214,59,320,0" /><INIT seed="4,0,0,1,1,124" ten="210,197,273,320" oya="0" hai0="116,34,75,19,95,48,89,24,39,134,105,20,65" hai1="54,23,28,122,25,56,41,102,11,83,91,31,15" hai2="108,26,135,22,0,8,74,93,36,82,61,7,50" hai3="121,76,38,52,69,5,114,118,112,59,71,133,106"/><T132/><D116/><U58/><E102/><V29/><F108/><W30/><G118/><T63/><D39/><U103/><E103/><V98/><F135/><W123/><G106/><T51/><D105/><U99/><E41/><V40/><F50/><W35/><G76/><T84/><D34/><U77/><E31/><V2/><F61/><W81/><G81/><T127/><D75/><U1/><E1/><V111/><F2/><W79/><G79/><T42/><D127/><U6/><E54/><V120/><F120/><N who="3" m="46155" /><G5/><T87/><D87/><N who="1" m="48623" /><E122/><V16/><F111/><W78/><G78/><T43/><D48/><U3/><E3/><V14/><F82/><W66/><G133/><N who="0" m="51307" /><D51/><U32/><E32/><V85/><F74/><W110/><G110/><T97/><D97/><U73/><E73/><V96/><F85/><W57/><G30/><T27/><D24/><U109/><E109/><V33/><REACH who="2" step="1"/><F93/><AGARI ba="0,0" hai="6,11,15,23,25,28,56,58,91,93,99" m="48623" machi="93" ten="30,1000,0" yaku="8,1" doraHai="124" who="1" fromWho="2" sc="210,0,197,10,273,-10,320,0" /><INIT seed="5,0,0,5,4,7" ten="210,207,263,320" oya="1" hai0="127,35,130,46,3,86,114,81,107,26,72,74,79" hai1="2,23,20,121,89,94,120,31,129,103,11,59,27" hai2="48,80,47,100,112,37,10,110,6,56,132,53,18" hai3="102,8,133,1,108,134,71,69,126,30,125,15,91"/><U16/><E103/><V111/><F132/><N who="3" m="50795" /><G1/><T135/><D114/><U63/><E129/><V115/><F18/><N who="3" m="8551" /><G108/><T76/><D130/><U33/><E23/><V113/><F100/><W17/><G30/><T52/><D127/><N who="3" m="48649" /><G102/><T12/><D135/><U65/><E2/><N who="2" m="343" /><F80/><W40/><G40/><AGARI ba="0,0" hai="37,40,47,48,53,56,110,111,112,113,115" m="343" machi="40" ten="30,3900,0" yaku="15,1,11,1,52,1" doraHai="7" who="2" fromWho="3" sc="210,0,207,0,263,39,320,-39" /><INIT seed="6,0,0,3,5,85" ten="210,207,302,281" oya="2" hai0="65,16,55,52,36,6,10,9,75,74,121,32,93" hai1="134,14,42,102,31,63,111,100,98,117,83,107,87" hai2="64,5,92,123,35,81,115,84,22,51,44,29,112" hai3="57,110,2,21,34,27,99,26,82,8,126,86,48"/><V15/><F123/><W79/><G110/><T49/><D121/><U59/><E117/><V60/><F35/><W24/><G34/><T19/><D36/><U116/><E111/><V122/><F92/><W56/><G126/><T69/><D32/><U132/><E116/><V88/><F122/><W68/><G68/><T104/><D104/><U73/><E73/><V95/><F29/><W11/><G2/><T1/><D55/><U119/><E119/><V7/><F22/><W101/><G21/><T109/><D109/><U130/><E130/><V114/><F95/><W25/><N who="3" m="6144" /><DORA hai="103" /><W125/><G125/><T120/><D120/><U124/><E31/><V90/><F15/><W91/><G79/><T77/><D77/><U72/><E72/><V71/><F90/><W0/><G0/><T39/><D39/><U113/><E113/><V118/><F118/><W106/><REACH who="3" step="1"/><G48/><REACH who="3" ten="210,207,302,271" step="2"/><T12/><D49/><U13/><E124/><V133/><F133/><W40/><G40/><AGARI ba="0,1" hai="5,7,40,44,51,60,64,71,81,84,88,112,114,115" machi="40" ten="40,7700,0" yaku="15,1,52,1,54,1" doraHai="85,103" who="2" fromWho="3" sc="210,0,207,0,302,87,271,-77" /><INIT seed="6,1,0,0,4,58" ten="210,207,389,194" oya="2" hai0="22,69,56,45,30,106,101,66,42,67,34,130,54" hai1="1,6,104,75,115,92,24,59,84,135,85,43,11" hai2="26,113,48,105,52,117,94,8,70,109,46,61,81" hai3="60,124,129,82,119,110,31,36,134,127,111,25,100"/><V17/><F113/><W65/><G100/><T88/><D34/><U55/><E75/><V4/><F117/><W125/><G119/><T91/><D130/><U107/><E135/><V21/><F105/><W95/><G82/><T118/><D118/><U122/><E122/><V90/><F70/><N who="3" m="42279" /><G134/><T33/><D33/><U126/><E126/><V12/><F109/><N who="3" m="41483" /><G95/><T32/><D69/><U72/><E72/><V68/><F68/><W99/><G99/><T40/><D32/><U102/><E43/><N who="0" m="16425" /><D45/><U103/><E104/><V10/><F81/><W96/><G96/><T74/><D74/><U87/><E107/><V29/><F94/><W44/><G129/><T28/><D101/><U63/><E115/><V20/><F90/><N who="0" m="34346" /><D106/><U108/><E108/><V57/><F4/><W9/><G44/><T41/><N who="0" m="16433" /><AGARI ba="1,0" hai="8,10,12,17,20,21,26,29,41,46,48,52,57,61" machi="41" ten="30,12000,1" yaku="3,1,7,1,8,1,52,1,54,1" doraHai="58" who="2" fromWho="0" sc="210,-123,207,0,389,123,194,0" /><INIT seed="6,2,0,1,4,113" ten="87,207,512,194" oya="2" hai0="110,11,86,122,92,107,85,2,120,26,119,94,82" hai1="54,129,45,37,104,41,35,128,15,73,93,96,7" hai2="78,44,1,109,19,84,51,71,9,17,50,105,18" hai3="97,108,103,33,52,77,58,80,102,95,64,20,87"/><V55/><F71/><W0/><G108/><T62/><D2/><U100/><E73/><V29/><F105/><W134/><G33/><T118/><D26/><U34/><E54/><V60/><F29/><W69/><G0/><T111/><D62/><U57/><E57/><V36/><F36/><W74/><G134/><T27/><D27/><U10/><REACH who="1" step="1"/><E93/><REACH who="1" ten="87,197,512,194" step="2"/><N who="0" m="35945" /><D11/><U40/><E40/><V30/><F55/><W117/><G74/><T56/><D56/><U47/><E47/><V114/><F44/><W116/><G64/><T131/><D107/><U16/><E16/><V76/><F19/><W81/><G69/><T61/><D61/><U67/><E67/><V14/><F18/><W70/><G70/><T5/><D5/><U75/><E75/><V130/><F17/><W59/><G59/><T112/><D112/><U90/><E90/><V31/><F114/><W66/><G66/><T23/><D23/><U126/><E126/><V83/><F60/><W63/><G20/><T32/><D32/><AGARI ba="2,1" hai="7,10,15,32,34,35,37,41,45,96,100,104,128,129" machi="32" ten="40,1300,0" yaku="1,1,53,0" doraHai="113" doraHaiUra="48" who="1" fromWho="0" sc="87,-19,197,29,512,0,194,0" /><INIT seed="7,0,0,2,0,35" ten="68,226,512,194" oya="3" hai0="65,134,52,120,80,123,33,22,94,105,15,20,54" hai1="78,12,10,0,98,49,107,91,75,82,61,84,103" hai2="6,13,58,19,104,63,62,31,130,41,67,48,38" hai3="95,122,40,71,88,126,14,51,106,135,93,131,117"/><W36/><G122/><T114/><D33/><U66/><E0/><V113/><F113/><W127/><G117/><T43/><D94/><N who="1" m="54631" /><E49/><V76/><F130/><W32/><G32/><T101/><D80/><U128/><E128/><V57/><F104/><W3/><G106/><T24/><D101/><U118/><E118/><V47/><F6/><W21/><G131/><T89/><D105/><U87/><E87/><V8/><F31/><W73/><G73/><T55/><D55/><U72/><E72/><V45/><F76/><W2/><G36/><T129/><D129/><U23/><E23/><V96/><F96/><N who="3" m="57383" /><G71/><T125/><D125/><N who="3" m="47625" /><G135/><T102/><D102/><U34/><E34/><V121/><F121/><W7/><G95/><T27/><D27/><U92/><E92/><V108/><F38/><W4/><G4/><T29/><D29/><U86/><E86/><V18/><F18/><N who="3" m="10455" /><G7/><T56/><D56/><N who="1" m="37159" /><E12/><V90/><F13/><W116/><G116/><T97/><D97/><U11/><AGARI ba="0,0" hai="10,11,75,78,82,98,103,107" m="37159,54631" machi="11" ten="30,1100,0" yaku="24,1" doraHai="35" who="1" fromWho="1" sc="68,-3,226,11,512,-3,194,-5" owari="65,-43.0,237,4.0,509,60.0,189,-21.0" /></mjloggm>