<mjloggm ver="2.3"><GO type="41" lobby="0"/><UN n0="%E3%82%B7%E3%83%86%E3%82%A3%E3%83%93%E3%83%A9" n1="%E3%82%A8%E3%83%B3%E3%82%B8%E3%82%A7%E3%83%AB%E3%83%AD%E3%83%83%E3%82%AF" n2="%67%69%6C%62%65%79%27%73" n3="%E2%93%9D%53%75%70%68%78" dan="15,16,15,19" rate="1956.65,1991.06,1910.16,2214.10" sx="M,F,F,M"/><TAIKYOKU oya="0"/><INIT seed="0,0,0,5,2,88" ten="250,250,250,250" oya="0" hai0="24,44,54,5,102,50,130,38,1,72,73,32,91" hai1="48,18,45,61,95,125,97,52,66,101,68,10,30" hai2="26,28,78,46,71,8,64,11,106,34,43,117,35" hai3="13,134,123,9,110,113,40,126,0,19,29,60,76"/><T37/><D130/><U89/><E125/><V118/><F78/><W99/><G113/><T116/><D116/><U20/><E30/><V55/><F55/><W22/><G110/><T109/><D109/><U114/><E114/><V119/><F106/><W57/><G134/><T4/><D102/><U112/><E112/><V47/><F35/><W132/><G132/><T16/><D38/><U121/><E10/><V108/><F108/><W115/><G123/><T107/><D107/><U15/><REACH who="1" step="1"/><E101/><REACH who="1" ten="250,240,250,250" step="2"/><V65/><F11/><W7/><G29/><T98/><D1/><U84/><E84/><V131/><F8/><W90/><G126/><T100/><D73/><U17/><E17/><V135/><F135/><W86/><G115/><T77/><D100/><U87/><E87/><V94/><F119/><W53/><G99/><T33/><D72/><U92/><E92/><V104/><F94/><W79/><REACH who="3" step="1"/><G40/><REACH who="3" ten="250,240,250,240" step="2"/><T82/><D33/><U96/><E96/><V62/><F118/><W41/><G41/><T42/><D98/><U81/><E81/><AGARI ba="0,2" hai="0,7,9,13,19,22,53,57,60,76,79,81,86,90" machi="81" ten="30,2000,0" yaku="1,1,7,1,53,0" doraHai="88" doraHaiUra="69" who="3" fromWho="1" sc="250,0,240,-20,250,0,240,40" /><INIT seed="1,0,0,1,2,25" ten="250,220,250,280" oya="1" hai0="42,49,11,84,99,38,91,132,112,72,27,119,67" hai1="105,90,44,85,57,83,48,52,97,87,56,15,45" hai2="23,8,78,1,94,0,2,75,117,12,35,81,17" hai3="130,111,22,135,65,127,13,61,116,82,5,109,103"/><U40/><E15/><V33/><F117/><W74/><G103/><T77/><D112/><U3/><E3/><V126/><F126/><W125/><G74/><T58/><D119/><U88/><E97/><V14/><REACH who="2" step="1"/><F94/><REACH who="2" ten="250,220,240,280" step="2"/><W28/><G116/><T43/><D132/><U100/><E105/><V121/><F121/><W50/><G127/><T9/><D38/><U32/><E100/><V76/><F76/><W131/><G125/><T80/><D77/><U20/><E32/><V128/><F128/><W69/><G131/><T71/><D72/><U95/><REACH who="1" step="1"/><E20/><REACH who="1" ten="250,210,240,280" step="2"/><V107/><F107/><W66/><G22/><T118/><D118/><U102/><E102/><V73/><F73/><W92/><G130/><T129/><D129/><U106/><E106/><V37/><F37/><AGARI ba="0,2" hai="37,40,44,45,48,52,56,57,83,85,87,88,90,95" machi="37" ten="30,18000,2" yaku="1,1,7,1,54,2,53,2" doraHai="25" doraHaiUra="86" who="1" fromWho="2" sc="250,0,210,200,240,-180,280,0" /><INIT seed="1,1,0,1,1,14" ten="250,410,60,280" oya="1" hai0="117,93,17,59,30,5,72,129,39,20,112,78,113" hai1="102,45,115,38,130,22,66,79,106,19,29,8,120" hai2="103,85,124,44,68,97,114,76,90,126,131,109,34" hai3="125,2,75,48,36,35,62,27,43,7,135,99,60"/><U108/><E120/><V92/><F68/><W18/><G135/><T57/><D117/><U52/><E115/><V9/><F34/><W61/><G75/><T25/><D39/><U105/><E66/><V107/><F9/><W58/><G2/><T74/><D5/><U63/><E79/><V101/><F44/><W133/><G7/><T83/><D129/><U98/><E8/><V70/><F70/><W3/><G125/><N who="2" m="48233" /><F131/><W6/><G35/><T80/><D113/><U33/><E29/><V104/><F114/><W51/><G133/><T64/><D112/><U116/><E116/><V4/><F4/><W134/><G3/><T122/><D122/><U132/><E33/><V118/><F118/><W50/><G36/><T24/><D64/><U16/><E130/><V67/><F67/><W88/><G6/><T26/><D93/><N who="1" m="58703" /><E132/><V42/><F42/><W31/><G43/><T37/><D37/><U71/><E71/><V12/><F12/><W87/><G134/><T73/><D26/><N who="1" m="14663" /><E38/><V46/><F46/><W123/><G123/><T82/><REACH who="0" step="1"/><D78/><REACH who="0" ten="240,410,60,280" step="2"/><U56/><E106/><N who="2" m="40491" /><F109/><W100/><G27/><T53/><D53/><N who="1" m="34191" /><E105/><V28/><F28/><W91/><G31/><T15/><D15/><U0/><E108/><V121/><F121/><W32/><G32/><AGARI ba="1,1" hai="17,20,24,25,30,32,57,59,72,73,74,80,82,83" machi="32" ten="50,3200,0" yaku="1,1,52,1,53,0" doraHai="14" doraHaiUra="84" who="0" fromWho="3" sc="240,45,410,0,60,0,280,-35" /><INIT seed="2,0,0,4,5,0" ten="285,410,60,245" oya="2" hai0="52,11,119,65,101,56,63,1,38,45,77,132,121" hai1="108,30,61,96,113,120,4,19,43,27,3,79,87" hai2="42,46,9,67,64,123,51,78,16,72,44,81,122" hai3="14,20,82,95,102,53,118,25,22,33,21,90,106"/><V49/><F123/><W117/><G106/><T85/><D121/><U127/><E108/><V92/><F122/><W103/><G82/><T5/><D132/><U58/><E19/><V37/><F92/><W75/><G75/><T50/><D119/><U116/><E96/><V12/><REACH who="2" step="1"/><F37/><REACH who="2" ten="285,410,50,245" step="2"/><W36/><G36/><T98/><D38/><U129/><E120/><V15/><F15/><W60/><G118/><T7/><D101/><U91/><E116/><V59/><F59/><W62/><G103/><T133/><D133/><U32/><E113/><V134/><F134/><W131/><G102/><T76/><D98/><U100/><E100/><V89/><F89/><W23/><G117/><T57/><D57/><U99/><E99/><V107/><F107/><W55/><G90/><T94/><D94/><U31/><E91/><V97/><F97/><W47/><G95/><T29/><D56/><U73/><E58/><V54/><AGARI ba="0,1" hai="9,12,16,42,44,46,49,51,54,64,67,72,78,81" machi="54" ten="20,7800,0" yaku="1,1,0,1,7,1,54,1,53,0" doraHai="0" doraHaiUra="111" who="2" fromWho="2" sc="285,-26,410,-26,50,88,245,-26" /><INIT seed="2,1,0,2,1,38" ten="259,384,138,219" oya="2" hai0="48,79,31,127,8,135,13,126,21,3,82,23,17" hai1="64,43,16,130,111,34,78,129,134,63,44,77,65" hai2="116,104,128,41,92,107,102,99,118,114,117,115,11" hai3="75,101,119,81,100,52,120,20,124,121,125,49,123"/><V54/><F128/><N who="1" m="49257" /><E111/><V58/><F11/><W74/><G20/><T59/><D135/><U33/><E134/><V0/><F0/><W7/><G7/><T95/><D95/><U70/><E64/><V76/><F76/><N who="1" m="29289" /><E16/><V71/><F71/><W97/><G119/><T73/><D3/><U28/><E28/><V6/><F6/><W57/><G81/><T22/><D31/><U53/><E53/><V106/><REACH who="2" step="1"/><F41/><REACH who="2" ten="259,384,128,219" step="2"/><W96/><G75/><T32/><D127/><N who="3" m="48713" /><G74/><T84/><D126/><U2/><E2/><V50/><AGARI ba="1,1" hai="50,54,58,92,99,102,104,106,107,114,115,116,117,118" machi="50" ten="40,7800,0" yaku="1,1,0,1,53,1" doraHai="38" doraHaiUra="88" who="2" fromWho="2" sc="259,-27,384,-27,128,91,219,-27" /><INIT seed="2,2,0,0,2,27" ten="232,357,219,192" oya="2" hai0="94,46,89,41,125,75,101,93,129,116,43,127,62" hai1="96,97,13,23,10,47,21,81,11,131,55,106,71" hai2="84,122,52,44,15,74,124,45,99,16,123,36,26" hai3="9,103,64,50,115,65,108,121,7,25,22,31,58"/><V102/><F74/><W73/><G121/><T83/><D129/><U80/><E71/><V76/><F124/><W135/><G108/><T19/><D116/><U5/><E131/><V24/><F123/><W17/><G73/><T132/><D132/><U91/><E106/><V63/><F122/><W126/><G135/><T79/><D101/><U2/><E47/><V38/><F45/><W114/><G103/><T78/><D78/><U133/><E55/><V14/><F15/><W12/><G126/><N who="0" m="48139" /><D19/><U59/><E59/><V113/><F113/><N who="3" m="43019" /><G17/><T67/><D94/><U109/><E109/><V48/><F63/><W104/><G104/><T87/><D46/><U120/><E133/><V100/><F102/><W3/><G3/><T34/><D34/><U68/><E120/><V57/><F44/><W95/><G95/><T4/><D4/><U39/><E39/><V85/><F38/><W0/><G0/><T111/><D111/><U69/><E5/><V29/><F36/><W56/><G56/><AGARI ba="2,0" hai="41,43,56,62,67,75,79,83,87,89,93" m="48139" machi="56" ten="30,1000,0" yaku="18,1" doraHai="27" who="0" fromWho="3" sc="232,16,357,0,219,0,192,-16" /><INIT seed="3,0,0,1,5,118" ten="248,357,219,176" oya="3" hai0="80,81,6,21,3,79,56,40,73,64,45,59,16" hai1="128,34,72,101,23,35,49,69,4,105,76,15,131" hai2="91,20,7,104,42,84,115,65,107,86,121,102,8" hai3="9,96,111,51,93,57,126,71,22,94,83,74,135"/><W25/><G71/><T36/><D64/><U92/><E105/><V132/><F65/><W11/><G135/><T66/><D81/><U108/><E108/><V32/><F42/><W44/><G126/><T58/><D66/><U39/><E39/><V26/><F32/><W119/><G119/><T67/><D67/><U106/><E106/><V77/><F115/><W85/><G74/><T100/><D100/><U17/><E69/><V112/><F102/><W113/><G57/><T82/><D82/><U50/><E76/><V30/><F112/><W48/><G111/><T55/><D55/><U68/><E72/><V53/><F121/><W24/><G113/><T75/><D75/><U1/><E92/><N who="3" m="35434" /><G25/><T122/><D122/><U125/><E101/><V133/><F107/><W110/><G96/><T129/><D129/><N who="1" m="49739" /><E125/><V124/><F104/><W78/><G110/><T60/><D60/><U114/><E114/><V97/><F124/><W14/><G14/><N who="0" m="9367" /><D73/><U18/><E68/><V70/><F133/><W41/><G51/><T33/><D33/><N who="1" m="12299" /><E49/><V10/><F132/><W127/><G127/><T12/><D36/><U103/><E103/><V134/><F70/><W123/><G123/><T27/><D40/><U99/><E50/><V120/><F134/><W88/><G78/><T29/><D79/><U37/><E37/><V95/><F120/><W13/><G13/><T130/><D130/><U117/><E99/><V109/><F77/><W63/><G63/><T19/><D45/><U2/><E117/><V5/><F109/><W46/><G46/><T47/><D47/><U54/><E15/><RYUUKYOKU ba="0,0" sc="248,-10,357,-10,219,-10,176,30" hai3="9,11,22,24,41,44,48,83,85,88" /><INIT seed="3,1,0,1,1,40" ten="238,347,209,206" oya="3" hai0="6,129,61,57,106,88,20,2,56,115,72,117,84" hai1="42,127,83,82,35,77,131,120,73,64,65,68,11" hai2="24,100,7,27,104,37,22,85,0,25,52,118,30" hai3="43,26,70,53,46,122,41,4,81,78,19,8,29"/><W47/><G70/><T109/><D117/><U112/><E120/><V90/><F37/><W87/><G122/><T17/><D72/><U48/><E112/><V92/><F118/><W134/><G134/><T105/><D115/><U32/><E131/><V99/><F7/><W60/><G19/><T97/><D129/><U96/><E96/><V12/><F0/><W116/><G116/><T31/><D109/><U79/><E48/><V9/><F52/><W13/><G60/><T89/><D31/><U36/><E11/><V113/><F113/><W91/><G53/><T126/><D126/><U67/><E127/><V75/><F75/><W95/><G43/><T123/><D123/><U76/><E73/><V33/><F33/><W21/><G41/><T55/><D2/><U62/><E42/><V54/><F54/><W5/><G5/><T58/><D6/><U45/><E62/><V63/><F63/><W108/><G108/><T14/><D106/><U130/><E130/><V49/><F49/><W101/><REACH who="3" step="1"/><G101/><REACH who="3" ten="238,347,209,196" step="2"/><T74/><D61/><U133/><E68/><V93/><F104/><W10/><G10/><T98/><D105/><U3/><E133/><V86/><F9/><W110/><G110/><T124/><D55/><U23/><E36/><V135/><F135/><W51/><G51/><T16/><D17/><U111/><E111/><V15/><F22/><W28/><G28/><T125/><D125/><U103/><E23/><V18/><F18/><W50/><G50/><T114/><D124/><U121/><E121/><V66/><F66/><W119/><G119/><T132/><D114/><RYUUKYOKU ba="1,1" sc="238,-10,347,-10,209,-10,196,30" hai3="4,8,13,21,26,29,46,47,78,81,87,91,95" /><INIT seed="3,2,1,1,5,55" ten="228,337,199,226" oya="3" hai0="76,114,20,43,49,18,70,59,7,107,110,80,57" hai1="32,99,113,125,98,73,85,41,63,84,39,12,22" hai2="1,69,112,102,54,130,134,91,25,8,38,124,101" hai3="29,95,86,21,119,46,66,52,44,3,79,65,4"/><W31/><G119/><T87/><D110/><U5/><E113/><V132/><F38/><W37/><G3/><T94/><D107/><U96/><E73/><V19/><F69/><W122/><G4/><T45/><D70/><U120/><E120/><V106/><F112/><W23/><G122/><T123/><D123/><U53/><E32/><V51/><F106/><W128/><G128/><T90/><D114/><U71/><E125/><V77/><F77/><W131/><G131/><T108/><D7/><U6/><E41/><V11/><F124/><W126/><G37/><T60/><D60/><U133/><E39/><V33/><F1/><W47/><G126/><T56/><D108/><U82/><E85/><V0/><F0/><W28/><G52/><T10/><D10/><U48/><E63/><V75/><F75/><W81/><REACH who="3" step="1"/><G95/><REACH who="3" ten="228,337,199,216" step="2"/><T15/><REACH who="0" step="1"/><D94/><REACH who="0" ten="218,337,199,216" step="2"/><U83/><E6/><V36/><F130/><W14/><G14/><T92/><D92/><U89/><E5/><V74/><F36/><W62/><G62/><T103/><D103/><U42/><E12/><V118/><F51/><W2/><G2/><T35/><D35/><U34/><E34/><V40/><F33/><W111/><G111/><T104/><D104/><U127/><E127/><V24/><F118/><W72/><G72/><T117/><D117/><U16/><E16/><V67/><F19/><W129/><G129/><T105/><D105/><U64/><E48/><V13/><F74/><W78/><G78/><AGARI ba="2,3" hai="15,18,20,43,45,49,56,57,59,76,78,80,87,90" machi="78" ten="40,8000,1" yaku="1,1,8,1,52,3,53,0" doraHai="55" doraHaiUra="121" who="0" fromWho="3" sc="218,116,337,0,199,0,216,-86" /><INIT seed="4,0,0,4,5,107" ten="334,337,199,130" oya="0" hai0="5,15,134,47,99,14,126,86,33,6,84,96,82" hai1="13,25,49,74,56,34,118,79,124,31,77,55,121" hai2="23,61,57,91,120,11,8,7,131,100,32,62,30" hai3="0,104,103,50,130,51,24,21,116,54,37,36,67"/><T81/><D33/><U22/><E121/><V112/><F112/><W2/><G116/><T58/><D134/><U38/><E38/><V92/><F131/><W119/><G119/><T135/><D135/><U85/><E118/><V18/><F100/><W3/><G67/><T39/><D39/><U41/><E124/><V128/><F128/><W115/><G130/><T89/><D126/><U17/><E41/><V123/><F30/><W87/><G115/><T9/><D58/><U53/><E74/><V93/><F32/><W27/><G87/><T111/><D47/><U106/><E106/><V69/><F69/><W75/><G103/><T63/><D63/><U98/><E98/><V19/><F57/><W88/><G104/><T48/><D48/><U68/><E55/><V59/><F59/><W109/><G21/><T73/><D111/><U117/><E68/><V95/><F23/><W110/><G3/><T12/><D12/><U1/><E117/><V65/><F65/><W26/><G26/><T35/><D35/><U60/><E60/><V113/><F61/><W101/><G101/><T127/><D127/><U70/><E70/><V66/><F62/><W44/><G44/><T64/><D64/><U125/><E125/><V105/><F66/><W52/><REACH who="3" step="1"/><G88/><REACH who="3" ten="334,337,199,120" step="2"/><N who="0" m="51215" /><D73/><AGARI ba="0,1" hai="0,2,24,27,36,37,50,51,52,54,73,75,109,110" machi="73" ten="25,12000,2" yaku="1,1,22,2,52,2,54,1,53,0" doraHai="107" doraHaiUra="102" who="3" fromWho="0" sc="334,-120,337,0,199,0,120,130" /><INIT seed="5,0,0,4,1,1" ten="214,337,199,250" oya="1" hai0="87,13,7,73,16,19,9,129,18,62,40,23,110" hai1="10,125,66,131,82,39,14,102,31,57,21,41,132" hai2="119,74,5,120,101,98,26,47,133,33,128,93,69" hai3="29,90,71,67,56,112,94,84,117,60,127,81,123"/><U53/><E131/><V85/><F69/><W37/><G123/><T97/><D110/><U2/><E132/><V6/><F74/><W115/><G37/><T72/><D129/><U88/><E66/><V135/><F128/><W61/><G127/><T118/><D118/><U122/><E102/><V44/><F119/><W124/><G124/><T86/><D40/><U58/><E125/><V121/><F26/><W76/><G29/><T49/><D73/><U109/><E122/><N who="2" m="47211" /><F33/><W100/><G100/><T89/><D72/><U32/><E32/><V43/><F47/><W106/><G106/><T63/><D49/><U59/><E2/><V12/><F12/><W134/><G134/><N who="2" m="51209" /><F85/><N who="0" m="32266" /><D23/><U70/><E70/><V96/><F96/><W65/><G117/><T77/><D77/><U83/><E109/><V15/><F15/><W79/><REACH who="3" step="1"/><G81/><REACH who="3" ten="214,337,199,240" step="2"/><T107/><D107/><U54/><E82/><V64/><F64/><W55/><G55/><T68/><D68/><U116/><E116/><V75/><F75/><W3/><G3/><T108/><D108/><U51/><E39/><AGARI ba="0,1" hai="5,6,39,43,44,93,98,101" m="51209,47211" machi="39" ten="30,3900,0" yaku="20,1,52,2" doraHai="1" who="2" fromWho="1" sc="214,0,337,-39,199,49,240,0" /><INIT seed="6,0,0,3,4,114" ten="214,298,248,240" oya="2" hai0="92,68,45,78,120,7,27,22,61,51,59,70,73" hai1="84,54,2,23,107,105,44,64,53,131,81,97,17" hai2="47,106,74,95,56,6,10,57,42,112,87,76,4" hai3="77,5,80,115,33,98,41,52,66,90,99,89,118"/><V129/><F106/><W85/><G33/><T113/><D120/><U3/><E131/><V0/><F112/><W117/><G41/><T135/><D113/><U111/><E111/><V50/><F129/><W65/><G5/><T36/><D135/><U122/><E64/><V134/><F134/><W29/><G29/><T67/><D7/><U82/><E97/><N who="3" m="36874" /><G52/><T16/><D92/><U79/><E122/><V108/><F108/><W103/><G66/><T130/><D130/><U15/><E107/><V124/><F124/><W88/><G65/><T30/><D36/><U24/><E105/><V116/><F116/><N who="3" m="44651" /><G115/><T58/><D58/><U31/><E53/><V20/><F20/><W60/><G60/><T93/><D93/><U96/><E81/><V26/><F26/><W72/><G103/><T83/><REACH who="0" step="1"/><D30/><REACH who="0" ten="204,298,248,240" step="2"/><U39/><E39/><V128/><F4/><W1/><G1/><T121/><D121/><U35/><E3/><V38/><F128/><W25/><G25/><T8/><D8/><U13/><E2/><V91/><F50/><W109/><G109/><T9/><D9/><N who="1" m="6319" /><E15/><V55/><F10/><W40/><G40/><AGARI ba="0,1" hai="16,22,27,40,45,51,59,61,67,68,70,73,78,83" machi="40" ten="30,3900,0" yaku="1,1,7,1,54,1,53,0" doraHai="114" doraHaiUra="119" who="0" fromWho="3" sc="204,49,298,0,248,0,240,-39" /><INIT seed="7,0,0,3,3,94" ten="253,298,248,201" oya="3" hai0="79,91,103,23,36,11,110,101,76,43,58,107,86" hai1="70,121,93,82,12,68,85,49,129,108,41,130,28" hai2="35,9,98,53,126,73,92,124,16,97,72,65,88" hai3="39,120,45,55,46,61,37,22,74,83,102,106,77"/><W96/><G120/><T2/><D110/><U27/><E108/><V7/><F35/><W56/><REACH who="3" step="1"/><G22/><REACH who="3" ten="253,298,248,191" step="2"/><T112/><D23/><N who="1" m="15487" /><E121/><V13/><F65/><W6/><G6/><T109/><D109/><U104/><E104/><V66/><F66/><W14/><G14/><T40/><D107/><U131/><E12/><V115/><F115/><W113/><G113/><T84/><D112/><U8/><E8/><V95/><F53/><W99/><G99/><T52/><D11/><U119/><E119/><V71/><F71/><W48/><G48/><N who="0" m="30983" /><D2/><U117/><E117/><V44/><F44/><AGARI ba="0,1" hai="37,39,44,45,46,55,56,61,74,77,83,96,102,106" machi="44" ten="40,3900,0" yaku="1,1,52,1,53,0" doraHai="94" doraHaiUra="31" who="3" fromWho="2" sc="253,0,298,0,248,-39,191,49" /><INIT seed="7,1,0,4,3,30" ten="253,298,209,240" oya="3" hai0="91,49,24,34,89,96,120,22,135,79,47,32,23" hai1="101,26,2,134,74,40,38,108,133,82,68,4,93" hai2="13,124,10,53,65,132,7,6,45,121,111,122,117" hai3="62,50,64,125,76,36,123,25,92,83,48,75,113"/><W66/><G123/><T1/><D120/><U67/><E108/><V80/><F111/><W97/><G36/><T0/><D135/><N who="1" m="51723" /><E26/><V18/><F132/><W42/><G113/><T71/><D71/><U88/><E101/><V100/><F117/><W127/><G42/><T87/><D79/><N who="1" m="44407" /><E67/><N who="3" m="25642" /><G62/><T94/><D0/><U15/><E2/><V103/><F65/><W85/><G75/><T43/><D1/><U9/><E68/><V119/><F119/><W12/><G25/><T70/><D70/><U86/><E40/><V105/><F122/><W129/><G129/><T104/><D104/><U63/><E63/><V16/><F121/><W116/><G116/><T126/><D126/><N who="3" m="48137" /><G12/><T60/><D60/><U110/><E110/><V27/><F124/><W107/><G107/><T106/><D106/><U69/><E69/><V131/><F105/><W77/><G77/><T59/><D59/><U21/><E21/><V37/><F131/><W51/><G51/><T41/><D23/><U35/><E38/><V95/><F37/><W130/><G130/><T44/><D47/><U11/><E11/><V33/><F27/><W61/><G61/><T81/><REACH who="0" step="1"/><D43/><REACH who="0" ten="243,298,209,240" step="2"/><U39/><E39/><V54/><F45/><W115/><G115/><T5/><D5/><U57/><E57/><V73/><F6/><W46/><G46/><T78/><D78/><U55/><E55/><N who="2" m="21003" /><F7/><W28/><G28/><AGARI ba="1,1" hai="22,24,28,32,34,41,44,49,81,87,89,91,94,96" machi="28" ten="30,7700,0" yaku="1,1,7,1,52,2,53,0" doraHai="30" doraHaiUra="72" who="0" fromWho="3" sc="243,90,298,0,209,0,240,-80" owari="333,43.0,298,10.0,209,-19.0,160,-34.0" /></mjloggm>