<mjloggm ver="2.3"><GO type="41" lobby="0"/><UN n0="%E7%A5%9E%E7%A0%82%E5%B5%90" n1="%E3%82%BF%E3%83%BC%E3%83%90%E3%83%B3%E9%87%8E%E5%8F%A3" n2="%E2%93%9D%53%75%70%68%78" n3="%6E%65%6E%65%63%6F%72%6F" dan="15,15,19,13" rate="1983.97,2023.42,2155.40,1839.12" sx="M,M,M,M"/><TAIKYOKU oya="0"/><INIT seed="0,0,0,5,0,60" ten="250,250,250,250" oya="0" hai0="58,55,15,66,118,123,29,24,131,88,57,117,2" hai1="95,51,62,43,87,128,70,3,0,106,10,111,98" hai2="91,40,13,78,31,99,27,53,130,89,115,126,46" hai3="42,26,112,104,65,6,77,120,20,125,80,116,25"/><T41/><D123/><U76/><E111/><V19/><F130/><W110/><G112/><T37/><D2/><U82/><E128/><V133/><F133/><W7/><G116/><T39/><D131/><U17/><E106/><V71/><F126/><W59/><G104/><T8/><D41/><U84/><E84/><V14/><F71/><W16/><G110/><T134/><D134/><U129/><E129/><V94/><F78/><W32/><G125/><T74/><D74/><U36/><E36/><V81/><F53/><W69/><G69/><T113/><D113/><U96/><E96/><V119/><F119/><W30/><G42/><T44/><D44/><U33/><E33/><V47/><F14/><W86/><REACH who="3" step="1"/><G120/><REACH who="3" ten="250,250,250,240" step="2"/><T121/><D118/><U4/><E43/><V105/><F105/><W22/><G22/><T67/><D117/><U50/><E70/><V124/><F124/><W108/><G108/><T45/><D121/><U83/><E10/><V64/><F40/><W34/><G34/><T101/><D8/><U28/><E3/><V52/><F115/><W103/><G103/><T56/><D101/><U73/><E0/><V68/><F68/><W9/><G9/><T35/><D39/><U54/><E4/><V92/><F92/><W114/><G114/><T79/><D37/><U85/><E95/><V1/><F94/><W11/><G11/><T122/><D122/><U97/><E82/><V107/><F81/><W63/><AGARI ba="0,1" hai="6,7,16,20,25,26,30,32,59,63,65,77,80,86" machi="63" ten="30,7900,0" yaku="1,1,0,1,52,1,54,1,53,0" doraHai="60" doraHaiUra="135" who="3" fromWho="3" sc="250,-39,250,-20,250,-20,240,89" /><INIT seed="1,0,0,2,2,59" ten="211,230,230,329" oya="1" hai0="40,32,3,126,16,77,9,120,122,54,98,71,91" hai1="124,63,61,79,35,48,4,20,50,76,108,38,21" hai2="83,86,74,103,28,34,81,0,37,11,18,62,129" hai3="6,132,82,56,70,13,30,57,47,33,127,92,65"/><U116/><E116/><V19/><F37/><W29/><G33/><T113/><D32/><U93/><E35/><V94/><F129/><W95/><G70/><T36/><D113/><U7/><E38/><V118/><F74/><W45/><G127/><T41/><D126/><U14/><E124/><V51/><F51/><W121/><G121/><T22/><D77/><U100/><E93/><N who="3" m="35914" /><G57/><T73/><D73/><U66/><E14/><V2/><F118/><W123/><G82/><T135/><D135/><U43/><E66/><V39/><F83/><W133/><G123/><N who="0" m="47147" /><D36/><U134/><E108/><V15/><F39/><W49/><G47/><T5/><D71/><U55/><E55/><V85/><F85/><W17/><G6/><T106/><D54/><U90/><E90/><V131/><F86/><W112/><G112/><T125/><D125/><U53/><E53/><V130/><F130/><W69/><G69/><T26/><D91/><U119/><E119/><V109/><F131/><W104/><G104/><T115/><D115/><U58/><E58/><V111/><F111/><W80/><G80/><T25/><D25/><U68/><E68/><V102/><F81/><W10/><G133/><T23/><D23/><U96/><E134/><V99/><F109/><W52/><G132/><T78/><D78/><U88/><E100/><AGARI ba="0,0" hai="3,5,9,16,22,26,40,41,98,100,106" m="47147" machi="100" ten="30,2000,0" yaku="13,1,54,1" doraHai="59" who="0" fromWho="1" sc="211,20,230,-20,230,0,329,0" /><INIT seed="2,0,0,4,4,122" ten="231,210,230,329" oya="2" hai0="73,68,10,16,113,77,53,33,134,76,86,17,126" hai1="25,38,125,119,3,89,40,39,106,12,72,93,20" hai2="60,65,101,108,109,46,62,92,105,71,41,5,18" hai3="131,47,129,23,49,100,31,94,9,67,118,85,104"/><V110/><F105/><W28/><G118/><T63/><D113/><U51/><E3/><V82/><F5/><W66/><G104/><T83/><D33/><U0/><E0/><V26/><F62/><W98/><G9/><T128/><D128/><N who="3" m="49225" /><G85/><T48/><D126/><U8/><E72/><V91/><F101/><W132/><G132/><T45/><D134/><U99/><E125/><V11/><F82/><W78/><G78/><T30/><D30/><N who="3" m="11305" /><G23/><T32/><D32/><U64/><E106/><V135/><F135/><W123/><G123/><T42/><D10/><U95/><E20/><N who="2" m="13591" /><F11/><W29/><N who="3" m="11313" /><W102/><DORA hai="61" /><G102/><T27/><D27/><U34/><E25/><V6/><F6/><W13/><G13/><T90/><D76/><U58/><E8/><V24/><F24/><W79/><G79/><T121/><D121/><U22/><E12/><V75/><F75/><W103/><G103/><T133/><D133/><U36/><E119/><V70/><F91/><W116/><G116/><T97/><D97/><U127/><E89/><V111/><F111/><W15/><G15/><T4/><D4/><U114/><E99/><V2/><F2/><W124/><G124/><T88/><D90/><U55/><E127/><V107/><F107/><W50/><G50/><T80/><REACH who="0" step="1"/><D42/><AGARI ba="0,0" hai="42,47,49,66,67,94,98,100" m="11313,49225" machi="42" ten="40,5200,0" yaku="19,1,52,2" doraHai="122,61" who="3" fromWho="0" sc="231,-52,210,0,230,0,329,52" /><INIT seed="3,0,0,3,5,66" ten="179,210,230,381" oya="3" hai0="119,73,81,29,100,18,25,131,6,1,0,90,127" hai1="133,83,3,93,4,21,56,79,51,44,15,85,32" hai2="126,43,54,89,99,48,121,65,75,116,86,38,94" hai3="53,77,45,58,61,10,17,105,63,60,7,120,36"/><W97/><G120/><T16/><D119/><U2/><E133/><V62/><F75/><W55/><G77/><T114/><D127/><U84/><E32/><V59/><F126/><W46/><G17/><T134/><D134/><U39/><E39/><V23/><F121/><W104/><G97/><T11/><D131/><U9/><E56/><V72/><F72/><W101/><G101/><T30/><D114/><U13/><E13/><V71/><F23/><W24/><G24/><T110/><D110/><U96/><E21/><V37/><F116/><W132/><G132/><T28/><D100/><U47/><E85/><V35/><F35/><W5/><G10/><T27/><D90/><U14/><E14/><V108/><F108/><W123/><G123/><T88/><D73/><U129/><E47/><N who="3" m="17930" /><G36/><T103/><D103/><U106/><E106/><N who="3" m="41066" /><G58/><T128/><D128/><U111/><E111/><V107/><F107/><W87/><G87/><T78/><D78/><U82/><E82/><V19/><F19/><N who="0" m="7210" /><D81/><U41/><REACH who="1" step="1"/><E129/><REACH who="1" ten="179,200,230,381" step="2"/><V98/><F38/><W124/><G124/><T40/><D40/><U8/><E8/><V109/><F109/><W113/><G113/><T69/><D69/><U92/><E92/><V112/><F112/><W57/><G57/><T70/><D70/><U49/><E49/><V118/><F118/><W122/><G122/><T74/><D74/><U135/><E135/><V76/><F76/><W67/><G67/><T12/><D88/><AGARI ba="0,1" hai="2,3,4,9,15,41,44,51,79,83,84,88,93,96" machi="88" ten="30,8000,1" yaku="1,1,7,1,25,2,54,1,53,0" doraHai="66" doraHaiUra="115" who="1" fromWho="0" sc="179,-80,200,90,230,0,381,0" /><INIT seed="4,0,0,3,4,91" ten="99,290,230,381" oya="0" hai0="82,80,13,89,95,59,31,48,14,6,69,10,56" hai1="132,5,110,49,115,74,103,99,63,42,11,70,20" hai2="65,129,78,125,4,71,123,2,17,46,34,60,73" hai3="47,54,66,102,116,109,52,0,97,40,25,104,24"/><T51/><D69/><U72/><E110/><V131/><F17/><W107/><G0/><T68/><D68/><U118/><E118/><V18/><F18/><W105/><G116/><T87/><D31/><U90/><E132/><V92/><F125/><W36/><G109/><T79/><D82/><U30/><E90/><V15/><F15/><W128/><G128/><T130/><D130/><U83/><E83/><V61/><F123/><W98/><G66/><T32/><D32/><U85/><E85/><V62/><F34/><W94/><G98/><T9/><D51/><U39/><E39/><V113/><F113/><W7/><G7/><T93/><D48/><U27/><E63/><V45/><F71/><W26/><AGARI ba="0,0" hai="24,25,26,36,40,47,52,54,94,97,102,104,105,107" machi="26" ten="40,5200,0" yaku="0,1,52,1,54,1" doraHai="91" who="3" fromWho="3" sc="99,-26,290,-13,230,-13,381,52" /><INIT seed="5,0,0,5,5,44" ten="73,277,217,433" oya="1" hai0="130,108,53,116,9,2,104,17,100,86,37,72,78" hai1="90,45,16,29,31,83,82,65,32,26,68,64,20" hai2="97,129,12,18,67,96,80,85,27,1,57,13,135" hai3="24,113,5,81,61,11,95,89,127,131,102,107,55"/><U62/><E65/><V14/><F1/><W6/><G6/><T112/><D108/><U3/><E3/><V35/><F129/><W59/><G131/><T119/><D112/><U0/><E0/><V79/><F135/><W75/><G24/><T54/><D130/><U7/><E7/><V118/><F118/><W10/><G127/><T110/><D110/><U128/><E128/><V30/><REACH who="2" step="1"/><F18/><REACH who="2" ten="73,277,207,433" step="2"/><W114/><G114/><T122/><D119/><U19/><E19/><V21/><F21/><W115/><G113/><T39/><D116/><U94/><E45/><V133/><F133/><W46/><G115/><T87/><D2/><U105/><E105/><V42/><F42/><W99/><G107/><T50/><D104/><U49/><E29/><V77/><F77/><W93/><G46/><T36/><D122/><U73/><E31/><V34/><F34/><W8/><G8/><T66/><D39/><U71/><E32/><V109/><F109/><W38/><G11/><T70/><D37/><U48/><E16/><V98/><F98/><W52/><G10/><T117/><D36/><U106/><E20/><V23/><F23/><W60/><G99/><T84/><D117/><U69/><E106/><V92/><F92/><W43/><G95/><T132/><D132/><U33/><E33/><V134/><F134/><W74/><G93/><T126/><D126/><U4/><E94/><V15/><N who="2" m="3072" /><DORA hai="51" /><V56/><F56/><W41/><G38/><T120/><D120/><U121/><E121/><V47/><F47/><W28/><G59/><T58/><D70/><U123/><E123/><RYUUKYOKU type="nm" ba="0,1" sc="73,80,277,-40,207,-20,433,-20" hai2="27,30,35,57,67,79,80,85,96,97" /><INIT seed="6,1,1,1,4,80" ten="153,237,187,413" oya="2" hai0="56,105,111,0,49,89,58,32,72,102,106,60,23" hai1="20,3,50,25,39,97,114,1,46,38,53,93,33" hai2="14,121,70,135,59,98,34,107,63,95,85,129,67" hai3="100,75,62,52,16,2,126,79,73,64,82,26,108"/><V8/><F121/><W131/><G2/><T110/><D0/><U29/><E114/><V5/><F34/><W116/><G116/><T83/><D32/><U86/><E1/><V24/><F129/><W47/><G108/><T15/><D72/><U128/><E3/><V6/><F135/><W101/><G75/><T134/><D134/><U133/><E128/><V40/><F107/><W109/><G126/><T18/><D106/><U122/><E122/><V81/><F70/><W7/><G7/><T35/><D35/><U4/><E4/><V55/><F40/><W44/><G109/><T12/><D105/><U65/><E65/><V68/><F24/><W115/><G115/><T125/><D125/><U77/><E33/><V117/><F117/><W123/><G47/><T17/><D102/><U69/><E69/><V119/><F119/><W71/><G123/><T9/><D49/><U36/><E133/><V22/><F22/><N who="3" m="13639" /><G131/><T120/><D120/><U11/><E11/><V127/><F127/><W87/><G73/><T37/><D37/><U76/><REACH who="1" step="1"/><E86/><REACH who="1" ten="153,227,187,413" step="2"/><V45/><F68/><W118/><G118/><T113/><D113/><U27/><E27/><V84/><F6/><W88/><G71/><T96/><D111/><U90/><AGARI ba="1,2" hai="20,25,29,36,38,39,46,50,53,76,77,90,93,97" machi="90" ten="30,2000,0" yaku="1,1,0,1,53,0" doraHai="80" doraHaiUra="30" who="1" fromWho="1" sc="153,-6,227,43,187,-11,413,-6" /><INIT seed="7,0,0,3,5,19" ten="147,270,176,407" oya="3" hai0="115,67,70,16,6,60,10,62,32,113,15,89,88" hai1="125,76,79,87,95,43,25,2,27,40,82,75,14" hai2="44,130,116,28,42,74,131,31,104,5,117,50,24" hai3="45,53,71,127,12,64,118,30,36,126,65,120,48"/><W38/><G120/><T85/><D32/><U34/><E2/><V73/><F5/><W106/><G118/><N who="2" m="45673" /><F104/><W90/><G106/><T29/><D29/><N who="2" m="11338" /><F24/><W63/><G30/><T61/><D6/><U92/><E125/><N who="3" m="47626" /><G65/><T121/><D121/><U84/><E14/><V102/><F102/><W51/><G51/><T3/><D3/><U91/><E34/><V81/><F81/><W17/><G90/><N who="0" m="34923" /><D85/><U8/><E82/><V96/><F96/><W124/><G124/><T99/><D99/><U11/><E91/><V23/><F23/><AGARI ba="0,0" hai="12,17,23,36,38,45,48,53,63,64,71" m="47626" machi="23" ten="30,2900,0" yaku="18,1,52,1" doraHai="19" who="3" fromWho="2" sc="147,0,270,0,176,-29,407,29" owari="147,-25.0,270,7.0,147,-35.0,436,53.0" /></mjloggm>