<mjloggm ver="2.3"><GO type="41" lobby="0"/><UN n0="%E2%93%9D%53%75%70%68%78" n1="%67%6F%6C%61%7A%6F%2E" n2="%E3%82%88%E3%81%97%E3%81%A8%E3%81%8D" n3="%62%6C%75%65%77%69%6E%64" dan="18,14,14,14" rate="2122.31,1837.65,1932.28,1901.49" sx="M,M,M,F"/><TAIKYOKU oya="0"/><INIT seed="0,0,0,5,3,117" ten="250,250,250,250" oya="0" hai0="9,81,21,67,65,130,127,16,113,10,92,85,116" hai1="104,2,5,82,62,60,11,34,102,49,40,48,25" hai2="23,45,50,120,78,106,77,76,80,58,86,110,107" hai3="6,69,118,98,29,55,94,101,132,22,31,122,30"/><T13/><D116/><U125/><E125/><V90/><F110/><W35/><G118/><T28/><D113/><U61/><E40/><V20/><F120/><W15/><G132/><T135/><D130/><U112/><E82/><V83/><F58/><W97/><G69/><T108/><D127/><U129/><E102/><V114/><F114/><W46/><G35/><T134/><D92/><U89/><E89/><V131/><F131/><W123/><G97/><T71/><D108/><U73/><E73/><V111/><F111/><W19/><G6/><T44/><D44/><U14/><E104/><V8/><F8/><N who="0" m="3178" /><D28/><U4/><E4/><V103/><F83/><W1/><REACH who="3" step="1"/><G1/><REACH who="3" ten="250,250,250,240" step="2"/><T24/><D71/><U12/><E129/><V32/><F32/><W70/><G70/><T74/><D74/><U38/><E112/><V0/><F0/><W133/><G133/><N who="0" m="50699" /><D24/><U88/><E25/><V105/><REACH who="2" step="1"/><F103/><REACH who="2" ten="250,250,240,240" step="2"/><W54/><G54/><AGARI ba="0,2" hai="20,23,45,50,54,76,77,78,80,86,90,105,106,107" machi="54" ten="50,3200,0" yaku="1,1,2,1,53,0" doraHai="117" doraHaiUra="37" who="2" fromWho="3" sc="250,0,250,0,240,52,240,-32" /><INIT seed="1,0,0,5,4,10" ten="250,250,292,208" oya="1" hai0="81,76,24,93,20,111,134,35,44,62,83,125,102" hai1="103,65,99,92,40,36,80,12,52,84,119,29,107" hai2="26,90,43,27,122,118,86,51,132,78,3,64,95" hai3="17,38,50,100,21,116,19,98,74,89,1,112,67"/><U13/><E65/><V124/><F118/><W94/><G38/><T15/><D111/><U106/><E119/><V53/><F122/><W0/><G74/><T32/><D134/><U69/><E69/><V34/><F132/><W58/><G112/><T11/><D125/><U82/><E29/><V61/><F3/><W73/><G73/><T113/><D113/><U105/><E80/><N who="2" m="47383" /><F34/><W87/><G17/><T39/><D62/><U45/><REACH who="1" step="1"/><E52/><REACH who="1" ten="250,240,292,208" step="2"/><V33/><F53/><W63/><G116/><T129/><D83/><U30/><E30/><V75/><F64/><W49/><G0/><T120/><D81/><U130/><E130/><V48/><F43/><W68/><G1/><T22/><D129/><U28/><E28/><V108/><F124/><W79/><G68/><T131/><D131/><U66/><E66/><V5/><F33/><W4/><G67/><T133/><D35/><U31/><E31/><V96/><F61/><W16/><G63/><T71/><D133/><U70/><E70/><V127/><F127/><W46/><G46/><T101/><D44/><U14/><E14/><V2/><F2/><W23/><G58/><T97/><D71/><U114/><E114/><V47/><F47/><W55/><G55/><T9/><D32/><U25/><E25/><V135/><F26/><W117/><G117/><T123/><D24/><U60/><E60/><V88/><F27/><W37/><G37/><T110/><D39/><U109/><E109/><V18/><F108/><W77/><G49/><T72/><D110/><U121/><E121/><V104/><F135/><W41/><G50/><RYUUKYOKU ba="0,1" sc="250,-10,240,30,292,-10,208,-10" hai1="12,13,36,40,45,82,84,92,99,103,105,106,107" /><INIT seed="1,1,1,5,0,57" ten="240,270,282,198" oya="1" hai0="89,103,105,33,128,53,35,79,77,127,5,66,130" hai1="86,3,2,83,17,111,132,75,95,46,32,91,31" hai2="71,28,131,97,52,115,49,107,36,120,110,9,45" hai3="13,42,1,102,22,135,7,56,6,72,123,93,37"/><U8/><E32/><V24/><F120/><W60/><G1/><T106/><D66/><U43/><E31/><V61/><F110/><W69/><G69/><T16/><D5/><U55/><E3/><V39/><F131/><N who="0" m="50218" /><D103/><U124/><E124/><V19/><F115/><W88/><G72/><T108/><D89/><U21/><E111/><V62/><F71/><W38/><G102/><T85/><D85/><U94/><E55/><V134/><F107/><N who="0" m="40970" /><D108/><U30/><E75/><V48/><F97/><W96/><G123/><T12/><D53/><U76/><E76/><N who="0" m="29257" /><D127/><U81/><E81/><V50/><F52/><N who="3" m="33799" /><G6/><T23/><AGARI ba="1,1" hai="12,16,23,33,35" m="29257,40970,50218" machi="23" ten="40,2700,0" yaku="19,1,54,1" doraHai="57" who="0" fromWho="0" sc="240,40,270,-14,282,-8,198,-8" /><INIT seed="2,0,0,0,2,135" ten="280,256,274,190" oya="2" hai0="109,106,131,88,119,107,7,45,32,49,17,101,73" hai1="30,24,117,72,43,9,77,86,38,98,0,120,114" hai2="56,13,50,62,82,29,69,33,127,83,64,28,61" hai3="4,48,97,25,12,55,42,103,79,75,44,96,92"/><V124/><F50/><W85/><G75/><T67/><D32/><U76/><E86/><V126/><F13/><W41/><G25/><T39/><D39/><U11/><E11/><V51/><F51/><W19/><G4/><T134/><D131/><U71/><E76/><V99/><F99/><W105/><G85/><T128/><D134/><U113/><E117/><V116/><F116/><W94/><G79/><T59/><D109/><U8/><E8/><V20/><F33/><W90/><REACH who="3" step="1"/><G105/><REACH who="3" ten="280,256,274,180" step="2"/><T3/><D107/><U110/><E72/><V68/><F68/><W52/><G52/><T58/><D106/><U22/><E77/><V47/><F47/><W34/><G34/><T15/><D7/><U74/><E74/><V65/><F29/><W84/><G84/><T2/><D45/><U36/><E110/><V125/><F126/><W123/><G123/><T35/><D35/><U108/><E108/><V54/><F54/><W23/><AGARI ba="0,1" hai="12,19,23,41,42,44,48,55,90,92,94,96,97,103" machi="23" ten="20,5200,0" yaku="1,1,0,1,7,1,8,1,53,0" doraHai="135" doraHaiUra="102" who="3" fromWho="3" sc="280,-13,256,-13,274,-26,180,62" /><INIT seed="3,0,0,0,0,11" ten="267,243,248,242" oya="3" hai0="119,107,31,82,121,39,77,94,61,48,108,0,35" hai1="132,126,57,10,3,91,54,112,74,120,56,2,133" hai2="93,109,83,134,21,26,101,131,30,87,63,98,17" hai3="52,37,90,34,28,100,67,123,20,113,110,68,111"/><W58/><G37/><T4/><D121/><U103/><E103/><V65/><F109/><N who="3" m="41483" /><G123/><T46/><D107/><U7/><E74/><V25/><F131/><W84/><G113/><T125/><D125/><U36/><E36/><V42/><F42/><W78/><G100/><T124/><D119/><U18/><E112/><V41/><F41/><W129/><G129/><T15/><D0/><U43/><E43/><V118/><F134/><W85/><G34/><T95/><D35/><U12/><E120/><V66/><F118/><W19/><G28/><T96/><D31/><U47/><E47/><V5/><F5/><W88/><G67/><T104/><D124/><U51/><E126/><V105/><F105/><W27/><G68/><T64/><D104/><U16/><E2/><V38/><F38/><W79/><G84/><T75/><D96/><U116/><E116/><V114/><F114/><W23/><G23/><T6/><D108/><U106/><E106/><V102/><F101/><W59/><G59/><T45/><D39/><U76/><E76/><N who="3" m="29226" /><G85/><T72/><D72/><U14/><E91/><V1/><F65/><W44/><G44/><T60/><D64/><U127/><E127/><V71/><F1/><W40/><G40/><N who="0" m="24615" /><D46/><U32/><E32/><V69/><F71/><W89/><G89/><T92/><D75/><U55/><E133/><V9/><F87/><W73/><G73/><N who="0" m="43311" /><D6/><U70/><E70/><V62/><F69/><W53/><G53/><T22/><D4/><U97/><E132/><V128/><F128/><W135/><G135/><T80/><D80/><U49/><E97/><RYUUKYOKU ba="0,0" sc="267,10,243,10,248,-30,242,10" hai0="15,22,60,61,92,94,95" hai1="3,7,10,12,14,16,18,49,51,54,55,56,57" hai3="19,20,27,52,58,88,90" /><INIT seed="3,1,0,0,5,88" ten="277,253,218,252" oya="3" hai0="48,79,5,42,92,134,122,43,30,55,1,82,72" hai1="24,114,52,130,100,34,93,133,70,7,50,123,28" hai2="71,18,111,66,0,62,80,59,41,103,39,101,76" hai3="120,83,69,131,135,105,14,19,9,106,60,86,3"/><W112/><G112/><T119/><D119/><U31/><E70/><V107/><F111/><W81/><G120/><T38/><D134/><U11/><E123/><V121/><F121/><W23/><G131/><T77/><D30/><U57/><E130/><V17/><F0/><W32/><G32/><T25/><D25/><U4/><E114/><V53/><F103/><W21/><G81/><T132/><D79/><U49/><E31/><V40/><F101/><W108/><G135/><T15/><D15/><U87/><E133/><V45/><F40/><W74/><G74/><T20/><D20/><U99/><E11/><V58/><F107/><W115/><G23/><T10/><D132/><U98/><E98/><V104/><F59/><W26/><G3/><T118/><D118/><U113/><E113/><V75/><REACH who="2" step="1"/><F104/><REACH who="2" ten="277,253,208,252" step="2"/><W36/><G106/><T124/><D43/><U129/><E129/><V29/><F29/><W2/><G105/><T125/><D122/><U47/><E87/><V27/><F27/><W54/><G2/><T90/><D42/><AGARI ba="1,1" hai="4,7,24,28,34,42,47,49,50,52,57,93,99,100" machi="42" ten="30,3900,0" yaku="7,1,52,1,54,1" doraHai="88" who="1" fromWho="0" sc="277,-42,253,52,208,0,252,0" /><INIT seed="4,0,0,0,3,119" ten="235,305,208,252" oya="0" hai0="95,13,44,111,62,37,120,63,38,19,10,82,124" hai1="66,112,45,73,39,125,7,99,16,70,18,80,34" hai2="133,83,109,77,28,49,29,104,102,12,32,72,75" hai3="94,25,74,100,87,24,108,21,0,57,14,131,127"/><T41/><D124/><U121/><E121/><V27/><F109/><W51/><G108/><T67/><D111/><U8/><E34/><V92/><F75/><W117/><G74/><T134/><D134/><U103/><E125/><V17/><F104/><W128/><G0/><T116/><D116/><U118/><E118/><V40/><F28/><W26/><G127/><T71/><D63/><U46/><E112/><V1/><F1/><W22/><G14/><T107/><D107/><U85/><E73/><V91/><F102/><W65/><G117/><T96/><D82/><U105/><E70/><V5/><F5/><W58/><G58/><T43/><D43/><U84/><E66/><V135/><F49/><W20/><G87/><T33/><D33/><U55/><E84/><V110/><F40/><W90/><G90/><T113/><D113/><U31/><E31/><V15/><F110/><W6/><G6/><T93/><D93/><U130/><E46/><V11/><REACH who="2" step="1"/><F12/><REACH who="2" ten="235,305,198,252" step="2"/><W132/><G51/><T89/><REACH who="0" step="1"/><D38/><REACH who="0" ten="225,305,198,252" step="2"/><U126/><E126/><V68/><F68/><W69/><G69/><T3/><D3/><U53/><E39/><V115/><F115/><W81/><G132/><T36/><D36/><U98/><E105/><V129/><F129/><W47/><G131/><T78/><D78/><U79/><E130/><V122/><F122/><AGARI ba="0,2" hai="10,13,19,37,41,44,62,67,71,89,95,96,120,122" machi="122" ten="40,7700,0" yaku="1,1,52,2,53,0" doraHai="119" doraHaiUra="23" who="0" fromWho="2" sc="225,97,305,0,198,-77,252,0" /><INIT seed="4,1,0,0,2,36" ten="322,305,121,252" oya="0" hai0="111,105,32,113,43,104,89,85,99,96,122,123,25" hai1="77,91,84,124,106,108,93,20,60,133,23,29,8" hai2="10,62,11,63,67,64,73,83,56,30,1,9,54" hai3="82,80,34,103,117,3,19,112,46,100,107,125,14"/><T110/><D25/><U27/><E108/><N who="0" m="41513" /><D43/><U0/><E106/><N who="0" m="41065" /><D32/><U72/><E72/><V131/><F131/><W28/><G3/><T42/><D42/><U58/><E133/><V5/><F30/><W39/><G117/><T6/><D6/><U128/><E128/><V24/><F24/><W127/><G112/><T74/><D74/><U13/><E0/><V130/><F130/><W48/><G39/><T92/><D113/><U70/><E70/><V126/><F126/><W7/><G7/><T90/><D99/><U59/><E23/><V94/><F54/><W78/><G34/><T129/><D129/><U52/><E124/><V69/><F73/><W55/><G28/><T50/><D50/><U119/><E119/><V75/><F75/><W12/><G48/><T87/><D87/><U76/><REACH who="1" step="1"/><E58/><REACH who="1" ten="322,295,121,252" step="2"/><V68/><F56/><W118/><G118/><T33/><D33/><U38/><E38/><V17/><F1/><W121/><G125/><T16/><D16/><AGARI ba="1,1" hai="8,13,16,20,27,29,52,59,60,76,77,84,91,93" machi="16" ten="30,8000,1" yaku="1,1,7,1,8,1,54,2,53,0" doraHai="36" doraHaiUra="135" who="1" fromWho="0" sc="322,-83,295,93,121,0,252,0" /><INIT seed="5,0,0,2,3,61" ten="239,388,121,252" oya="1" hai0="80,9,90,60,128,102,106,40,100,110,87,47,99" hai1="101,73,41,129,53,98,85,46,19,121,74,82,24" hai2="11,112,31,52,17,76,44,77,22,70,28,48,3" hai3="18,21,23,132,108,117,56,6,94,65,126,30,89"/><U81/><E121/><V20/><F70/><W88/><G108/><T1/><D110/><U37/><E129/><V39/><F39/><W2/><G132/><T69/><D128/><U72/><E53/><V29/><F3/><W68/><G68/><T75/><D102/><U115/><E115/><V16/><F112/><W36/><G36/><T107/><D75/><U105/><E85/><V64/><F11/><W119/><G126/><T7/><D69/><U127/><E127/><V86/><F64/><W91/><G30/><T104/><REACH who="0" step="1"/><D60/><REACH who="0" ten="229,388,121,252" step="2"/><U116/><E116/><V93/><F76/><W95/><G117/><T135/><D135/><U43/><E43/><V131/><F131/><W92/><G119/><T96/><D96/><U97/><E97/><V51/><F77/><W130/><G130/><T34/><D34/><U67/><E74/><V0/><F0/><W78/><G78/><T79/><D79/><U59/><E72/><V25/><F86/><W32/><G32/><T63/><D63/><U109/><E73/><V5/><F5/><W120/><G6/><T122/><D122/><U15/><E109/><V10/><F51/><AGARI ba="0,1" hai="1,7,9,40,47,51,80,87,90,99,100,104,106,107" machi="51" ten="30,2000,0" yaku="1,1,7,1,53,0" doraHai="61" doraHaiUra="49" who="0" fromWho="2" sc="229,30,388,0,121,-20,252,0" /><INIT seed="6,0,0,3,1,52" ten="259,388,101,252" oya="2" hai0="91,19,124,63,74,103,123,133,126,108,3,95,23" hai1="60,90,65,1,107,98,24,5,13,114,31,47,113" hai2="120,36,34,121,49,115,78,27,128,30,17,12,38" hai3="125,97,33,84,11,67,81,28,110,68,130,86,79"/><V72/><F115/><N who="1" m="44041" /><E1/><V85/><F128/><W15/><G110/><T62/><D123/><U122/><E47/><V109/><F109/><W43/><G125/><N who="0" m="48235" /><D133/><U14/><E5/><V10/><F72/><W82/><G43/><T87/><D3/><U26/><E26/><V88/><F78/><W132/><G132/><T58/><D108/><U44/><E44/><V51/><F120/><W22/><G33/><T129/><D74/><U99/><E99/><V18/><F121/><W55/><G67/><N who="0" m="39383" /><D63/><U100/><E90/><V92/><REACH who="2" step="1"/><F18/><REACH who="2" ten="259,388,91,252" step="2"/><W8/><G130/><T4/><D129/><U106/><E122/><V83/><F83/><W111/><G82/><T117/><D117/><U93/><E107/><V118/><F118/><W131/><G131/><T16/><D19/><U73/><E73/><V77/><F77/><W41/><G111/><T94/><D4/><U20/><E106/><V48/><AGARI ba="0,1" hai="10,12,17,27,30,34,36,38,48,49,51,85,88,92" machi="48" ten="30,6000,0" yaku="1,1,0,1,54,1,53,0" doraHai="52" doraHaiUra="2" who="2" fromWho="2" sc="259,-20,388,-20,91,70,252,-20" /><INIT seed="6,1,0,1,0,9" ten="239,368,161,232" oya="2" hai0="124,3,66,13,42,80,28,99,92,37,78,20,71" hai1="70,96,33,110,53,104,40,131,76,115,26,112,98" hai2="22,24,127,47,56,111,128,93,77,4,88,63,65" hai3="2,126,35,132,120,106,75,101,72,116,14,121,54"/><V6/><F127/><W122/><G2/><T31/><D3/><U103/><E110/><V27/><F128/><W5/><G116/><T85/><D124/><U109/><E131/><V102/><F111/><W10/><G126/><T7/><D71/><U73/><E70/><V94/><F77/><W74/><G35/><T59/><D42/><U123/><E109/><V8/><F47/><W62/><G132/><T32/><D37/><U18/><E40/><V50/><F50/><W30/><G30/><T86/><D86/><U119/><E123/><V45/><F45/><W48/><G62/><N who="0" m="38239" /><D32/><U107/><E33/><V12/><F6/><W113/><G113/><T125/><D125/><U79/><E73/><V68/><F68/><W69/><G69/><T108/><D108/><U95/><E104/><V46/><F46/><W61/><G61/><T57/><D57/><U67/><E67/><V60/><F60/><W17/><G106/><T82/><D82/><U134/><E134/><V100/><F93/><W90/><G122/><T87/><D87/><U23/><E53/><V114/><F114/><N who="1" m="43561" /><E119/><V39/><F39/><W41/><G41/><T34/><D34/><U49/><E49/><V64/><F65/><W83/><G121/><T15/><D7/><U130/><E130/><V133/><F133/><W21/><G72/><T16/><D15/><U89/><AGARI ba="1,0" hai="18,23,26,76,79,89,95,96,98,103,107" m="43561" machi="89" ten="30,1100,0" yaku="15,1" doraHai="9" who="1" fromWho="1" sc="239,-4,368,14,161,-6,232,-4" /><INIT seed="7,0,0,2,0,108" ten="235,382,155,228" oya="3" hai0="20,68,75,114,34,41,71,86,130,50,128,89,77" hai1="17,65,101,52,1,69,113,106,123,31,13,55,43" hai2="72,0,23,59,37,19,8,83,134,111,107,122,110" hai3="35,80,97,58,11,70,22,21,82,94,124,115,25"/><W74/><G70/><T96/><D34/><U16/><E113/><V87/><F134/><W103/><G115/><T26/><D96/><U132/><E43/><V10/><F107/><W79/><G124/><T45/><D77/><U92/><E106/><V102/><F102/><W47/><G47/><T73/><D114/><U36/><E36/><V38/><F122/><W46/><G46/><T120/><D120/><U24/><E1/><V112/><F72/><N who="0" m="27722" /><D86/><U66/><E69/><V30/><F30/><W39/><G39/><T27/><D89/><U57/><E55/><V14/><F112/><W85/><G11/><T76/><D76/><U32/><E17/><V62/><F37/><W93/><G93/><T105/><D27/><U9/><E132/><V60/><F38/><W7/><G7/><T81/><D81/><U54/><E54/><V118/><F60/><W91/><G35/><T12/><D105/><U99/><E123/><V98/><F98/><W131/><G131/><N who="0" m="50219" /><D12/><U127/><E127/><V100/><F100/><W44/><G44/><T90/><D90/><U109/><E109/><V104/><F104/><W116/><G116/><T53/><D41/><U6/><E6/><V125/><F125/><W64/><G25/><T15/><D15/><U88/><E101/><V33/><F33/><W51/><G103/><T28/><AGARI ba="0,0" hai="20,26,28,45,50,53,68,71" m="50219,27722" machi="28" ten="30,1100,0" yaku="19,1" doraHai="108" who="0" fromWho="0" sc="235,11,382,-3,155,-3,228,-5" owari="246,5.0,379,48.0,152,-35.0,223,-18.0" /></mjloggm>