<mjloggm ver="2.3"><GO type="41" lobby="0"/><UN n0="%E3%81%9F%E3%82%93%E3%81%93%E3%81%B6" n1="%4D%61%78%62%65%74" n2="%E3%82%B5%E3%83%96%E3%82%A2%E3%83%A9%E3%83%89" n3="%E2%93%9D%53%75%70%68%78" dan="14,13,15,18" rate="1971.60,1879.85,1919.27,2118.38" sx="M,M,M,M"/><TAIKYOKU oya="0"/><INIT seed="0,0,0,1,1,105" ten="250,250,250,250" oya="0" hai0="6,126,55,103,33,25,96,34,91,94,79,107,86" hai1="135,71,119,54,67,10,124,115,73,16,14,39,41" hai2="22,52,4,0,101,66,21,118,98,40,31,129,81" hai3="108,49,106,97,104,56,80,111,47,61,121,90,1"/><T83/><D126/><U19/><E54/><V68/><F129/><W29/><G1/><T59/><D6/><U28/><E19/><V43/><F118/><W35/><G35/><T114/><D25/><U45/><E16/><V53/><F81/><W11/><G11/><T85/><REACH who="0" step="1"/><D114/><REACH who="0" ten="240,250,250,250" step="2"/><U84/><E115/><V77/><F4/><W127/><G127/><T82/><D82/><U92/><E124/><V13/><F0/><W123/><G80/><T46/><D46/><U30/><E45/><V78/><F13/><W12/><G12/><T37/><D37/><U3/><E14/><V48/><F31/><W133/><G29/><T128/><D128/><U18/><E28/><V109/><F21/><W20/><G20/><T44/><D44/><U72/><E30/><V65/><F22/><W5/><G5/><T100/><D100/><U15/><E39/><V42/><F101/><W102/><G102/><T8/><D8/><U9/><E10/><V64/><F68/><W93/><G47/><T117/><D117/><U26/><E9/><V32/><F32/><W112/><G112/><T99/><D99/><U36/><E71/><V70/><F98/><W51/><G97/><T60/><AGARI ba="0,1" hai="33,34,55,59,60,79,83,85,86,91,94,96,103,107" machi="60" ten="20,7800,0" yaku="1,1,0,1,7,1,53,1" doraHai="105" doraHaiUra="76" who="0" fromWho="0" sc="240,88,250,-26,250,-26,250,-26" /><INIT seed="0,1,0,0,0,61" ten="328,224,224,224" oya="0" hai0="74,9,114,27,52,86,110,93,59,78,6,88,37" hai1="11,43,65,102,39,113,91,77,118,95,96,98,54" hai2="57,49,64,89,16,26,34,46,22,42,128,66,21" hai3="121,109,20,123,56,24,35,13,38,83,126,10,44"/><T8/><D114/><U41/><E39/><V97/><F34/><W4/><G56/><T29/><D37/><U32/><E32/><V51/><F128/><W116/><G83/><T112/><D112/><U73/><E118/><V108/><F108/><W71/><G71/><T103/><D110/><U87/><E98/><V69/><F69/><W81/><G81/><T106/><D74/><U19/><E113/><V129/><F129/><W18/><G44/><T23/><D78/><U105/><E54/><N who="2" m="31967" /><F22/><W60/><G60/><T25/><D6/><U133/><E133/><V58/><F58/><W31/><G38/><T85/><D85/><U1/><E65/><V124/><F124/><W76/><G76/><T125/><D125/><U47/><E47/><V117/><F117/><W0/><G126/><T90/><D90/><U100/><E100/><V122/><F122/><N who="3" m="46603" /><G109/><T30/><D103/><U12/><REACH who="1" step="1"/><E1/><REACH who="1" ten="328,214,224,224" step="2"/><V15/><F15/><N who="3" m="9311" /><G116/><T84/><D106/><U132/><E132/><V80/><F97/><W94/><G94/><T50/><D86/><AGARI ba="1,1" hai="16,21,26,42,46,49,64,66,80,86,89" m="31967" machi="86" ten="30,7700,0" yaku="8,1,52,2,54,1" doraHai="61" who="2" fromWho="0" sc="328,-80,214,0,224,90,224,0" /><INIT seed="1,0,0,4,5,5" ten="248,214,314,224" oya="1" hai0="9,78,124,25,117,53,129,77,125,65,4,24,3" hai1="80,37,55,123,63,56,135,11,118,106,102,22,100" hai2="58,133,19,54,88,109,114,66,35,26,12,39,134" hai3="34,92,48,67,83,122,75,132,69,111,46,30,21"/><U15/><E118/><V86/><F39/><W23/><G122/><T29/><D117/><U76/><E123/><V126/><F126/><N who="0" m="48746" /><D129/><U97/><E135/><N who="2" m="51723" /><F109/><W70/><G34/><T49/><D65/><U28/><E37/><V68/><F66/><W116/><G111/><T108/><D108/><U51/><E100/><V27/><F68/><W90/><G70/><T105/><D105/><U99/><E99/><V110/><F35/><W82/><G75/><T8/><D25/><U81/><E76/><N who="0" m="29289" /><D4/><U33/><E33/><V91/><F114/><W103/><G67/><T44/><D3/><U43/><E43/><V128/><F128/><W41/><G132/><T47/><D47/><U2/><E2/><V85/><F27/><W52/><G69/><T14/><D14/><U38/><E38/><V50/><F26/><W40/><G40/><T36/><D36/><U94/><E106/><V112/><F112/><W64/><G41/><T71/><D71/><U20/><E28/><V62/><F110/><W98/><G30/><T96/><D96/><U130/><E130/><V18/><F18/><W121/><G121/><T60/><D60/><U17/><E63/><V84/><F62/><W101/><G116/><T87/><D87/><U73/><REACH who="1" step="1"/><E73/><REACH who="1" ten="248,204,314,224" step="2"/><V61/><F61/><W93/><G64/><T45/><D45/><U119/><E119/><V59/><F50/><W127/><G127/><T13/><D13/><U0/><E0/><V113/><F113/><W107/><G107/><T89/><D89/><N who="2" m="34378" /><F54/><W7/><G52/><T10/><D29/><U79/><E79/><V74/><F74/><RYUUKYOKU ba="0,1" sc="248,10,204,10,314,10,224,-30" hai0="8,9,10,24,44,49,53" hai1="11,15,17,20,22,51,55,56,80,81,94,97,102" hai2="12,19,58,59,84,85,86" /><INIT seed="1,1,1,2,0,23" ten="258,214,324,194" oya="1" hai0="110,12,125,77,111,43,120,48,75,116,64,44,37" hai1="105,104,63,98,69,72,50,118,28,112,88,32,10" hai2="99,14,113,117,7,39,9,52,70,34,132,6,45" hai3="31,24,66,82,92,134,68,59,41,55,86,0,15"/><U62/><E118/><V97/><F117/><W103/><G0/><T49/><D116/><U80/><E112/><V29/><F70/><W130/><G130/><T74/><D120/><U95/><E63/><V18/><F132/><W126/><G41/><T71/><D125/><U93/><E10/><V127/><F127/><W108/><G108/><N who="0" m="41515" /><D12/><U61/><E61/><V36/><F113/><W128/><G128/><T87/><D71/><U17/><E17/><V3/><F6/><W84/><G66/><T76/><D64/><U60/><E60/><V38/><F29/><W135/><G15/><T51/><D87/><U27/><E50/><N who="0" m="12801" /><T90/><DORA hai="57" /><D90/><U83/><E83/><V1/><F1/><W107/><G68/><T8/><D8/><U42/><E42/><V58/><F45/><W101/><G126/><T67/><D67/><U123/><E123/><V26/><F26/><W21/><G135/><T85/><D85/><U100/><E62/><V122/><F122/><W46/><G134/><T40/><D40/><U19/><E69/><V109/><F58/><W114/><G114/><T20/><D20/><U25/><E80/><V33/><F3/><W22/><G59/><T30/><D30/><U102/><E72/><AGARI ba="1,1" hai="37,43,44,72,74,75,76,77" m="12801,41515" machi="72" ten="40,1300,0" yaku="14,1" doraHai="23,57" who="0" fromWho="1" sc="258,26,214,-16,324,0,194,0" /><INIT seed="2,0,0,4,0,21" ten="284,198,324,194" oya="2" hai0="24,44,125,134,14,93,131,47,122,60,126,31,57" hai1="80,54,92,70,17,100,61,9,62,66,26,113,33" hai2="69,59,71,116,117,29,81,18,118,135,48,127,58" hai3="124,72,97,49,123,95,28,85,6,36,67,132,5"/><V32/><F127/><N who="0" m="48650" /><D122/><U63/><E113/><V12/><F135/><W90/><G72/><T35/><D134/><U7/><E80/><V56/><F81/><W23/><G36/><T34/><D131/><U16/><E54/><V104/><F104/><W73/><G73/><T65/><D14/><U87/><E66/><V106/><F106/><W115/><G123/><T75/><D75/><U3/><E70/><V121/><F121/><W2/><G2/><T130/><D130/><U99/><REACH who="1" step="1"/><E87/><REACH who="1" ten="284,188,324,194" step="2"/><V50/><F71/><W120/><G124/><T52/><D93/><U15/><E15/><V39/><F69/><W84/><G120/><T45/><D35/><U77/><E77/><V119/><F119/><W10/><G85/><T83/><D83/><U89/><E89/><V98/><F32/><W94/><G132/><T103/><D103/><U128/><E128/><V86/><F86/><W19/><G84/><T129/><D129/><U88/><E88/><V41/><F12/><W64/><G90/><T78/><D78/><U107/><E107/><V40/><F118/><W112/><G112/><T46/><N who="0" m="11264" /><DORA hai="37" /><T11/><D11/><U8/><E8/><V30/><F117/><W55/><G10/><T43/><D43/><U102/><E102/><V82/><F41/><W110/><G115/><T91/><D91/><U25/><E25/><V105/><F40/><W133/><G133/><T51/><D65/><U76/><E76/><V4/><F116/><W42/><G42/><T79/><D79/><U22/><E22/><V38/><F105/><W109/><G95/><T114/><D114/><RYUUKYOKU ba="0,1" sc="284,15,188,15,324,-15,194,-15" hai0="24,31,34,51,52,57,60" hai1="3,7,9,16,17,26,33,61,62,63,92,99,100" /><INIT seed="3,1,1,5,4,45" ten="299,203,309,179" oya="3" hai0="66,58,89,14,76,24,19,121,6,2,74,116,79" hai1="9,44,56,78,115,36,26,20,133,7,71,99,64" hai2="131,77,61,38,68,69,35,8,17,100,33,41,92" hai3="123,127,81,91,93,55,101,1,34,52,50,29,111"/><W129/><G123/><T54/><D121/><U102/><E115/><V112/><F112/><W48/><G1/><T59/><D116/><U124/><E124/><V113/><F113/><W120/><G120/><T37/><D37/><U65/><E133/><V23/><F77/><W28/><G34/><T80/><D2/><U27/><E78/><V85/><F8/><W11/><G129/><T42/><D42/><U103/><E71/><V70/><F131/><W10/><G111/><T31/><D6/><U106/><E103/><V96/><F61/><W16/><G101/><T25/><D79/><U135/><E135/><V117/><F85/><N who="3" m="50607" /><G93/><T72/><D89/><U30/><E27/><V4/><F4/><W63/><G63/><T114/><D114/><U47/><E36/><V39/><F117/><W108/><G108/><T32/><D66/><U0/><E65/><V122/><F122/><W82/><G82/><T86/><D25/><U12/><E0/><V73/><F73/><W46/><G127/><T60/><REACH who="0" step="1"/><D59/><REACH who="0" ten="289,203,309,179" step="2"/><U57/><E56/><V128/><F39/><W15/><G11/><AGARI ba="1,2" hai="11,14,19,24,31,32,54,58,60,72,74,76,80,86" machi="11" ten="30,7700,0" yaku="1,1,2,1,7,1,53,1" doraHai="45" doraHaiUra="75" who="0" fromWho="3" sc="289,100,203,0,309,0,179,-80" /><INIT seed="4,0,0,5,4,55" ten="389,203,309,99" oya="0" hai0="116,112,63,31,111,88,127,95,14,13,18,86,11" hai1="103,134,102,128,79,36,119,4,83,38,52,80,97" hai2="72,43,24,6,12,69,64,68,122,94,131,29,65" hai3="47,100,133,124,78,108,104,92,81,30,77,16,5"/><T1/><D116/><U40/><E119/><V54/><F131/><W71/><G71/><T51/><D112/><U44/><E128/><V76/><F122/><W48/><G104/><T37/><D37/><U34/><E34/><V117/><F43/><W110/><G5/><T74/><D74/><U99/><E134/><V28/><F94/><W17/><G30/><T67/><D1/><U0/><E38/><V39/><F39/><W85/><G124/><T35/><D111/><U56/><E0/><V70/><F54/><W2/><G2/><T15/><D127/><U84/><E4/><V121/><F121/><W61/><G133/><T106/><D106/><U53/><E83/><V49/><F49/><W109/><G61/><T58/><REACH who="0" step="1"/><D51/><REACH who="0" ten="379,203,309,99" step="2"/><U123/><E123/><V10/><F117/><W59/><G110/><T132/><D132/><U42/><E36/><V21/><F72/><W105/><G105/><T129/><D129/><U45/><E40/><V73/><F73/><W87/><G109/><T23/><D23/><U118/><E42/><V22/><F22/><W26/><G108/><T3/><D3/><U96/><E118/><V101/><F21/><W27/><G48/><T60/><D60/><N who="1" m="35847" /><E44/><V32/><F32/><W82/><G47/><T8/><D8/><U98/><N who="1" m="24576" /><DORA hai="107" /><U46/><E45/><V113/><F113/><W125/><G125/><T33/><D33/><U19/><E46/><V89/><F10/><W25/><G100/><T7/><D7/><U126/><E126/><V130/><F6/><W62/><G92/><T91/><D91/><U20/><E103/><RYUUKYOKU ba="0,1" sc="379,15,203,-15,309,-15,99,15" hai0="11,13,14,15,18,31,35,58,63,67,86,88,95" hai3="16,17,25,26,27,59,62,77,78,81,82,85,87" /><INIT seed="4,1,1,3,2,32" ten="394,188,294,114" oya="0" hai0="38,79,116,107,97,51,132,121,106,90,61,117,44" hai1="22,86,37,54,12,26,47,30,134,109,96,127,70" hai2="87,28,27,94,73,130,128,110,14,4,93,46,40" hai3="100,85,53,74,135,2,48,133,57,59,60,7,76"/><T18/><D121/><U88/><E70/><V35/><F73/><W19/><G74/><T52/><D132/><N who="3" m="50761" /><G19/><T66/><D79/><U83/><E134/><V124/><F124/><W131/><G100/><T1/><D38/><U50/><E109/><V10/><F110/><W118/><G118/><T9/><D106/><U91/><E37/><V126/><F126/><W3/><G7/><T77/><D77/><U101/><E127/><V78/><F94/><W80/><G131/><N who="2" m="50217" /><F93/><W82/><G82/><T105/><D105/><U119/><E119/><V6/><F6/><W92/><G92/><T36/><D36/><U45/><E12/><V123/><F123/><W5/><G5/><T29/><D29/><U69/><E69/><V49/><F87/><W114/><G114/><T64/><D90/><U42/><E101/><V62/><F78/><W72/><G72/><T111/><D111/><U31/><E96/><V84/><F84/><W95/><G95/><T98/><D107/><U23/><E42/><V34/><F34/><W11/><G11/><T99/><D116/><U13/><E47/><V68/><F68/><W8/><G8/><T75/><D75/><U65/><E65/><AGARI ba="1,1" hai="2,3,48,53,57,59,60,65,76,80,85" m="50761" machi="65" ten="30,3900,0" yaku="20,1,52,2" doraHai="32" who="3" fromWho="1" sc="394,0,188,-42,294,0,114,52" /><INIT seed="5,0,0,5,4,36" ten="394,146,294,166" oya="1" hai0="102,66,93,61,48,47,96,20,94,132,111,134,53" hai1="13,63,54,80,45,125,15,101,77,91,109,56,120" hai2="104,130,3,72,103,30,113,135,31,100,5,129,123" hai3="34,118,74,105,69,50,75,12,97,115,107,121,46"/><U84/><E120/><V19/><F123/><W64/><G121/><T117/><D117/><U85/><E109/><V133/><F72/><W11/><G34/><T4/><D4/><U57/><E125/><V116/><F116/><W8/><G118/><T49/><D20/><U88/><E101/><V65/><F65/><W124/><G115/><T78/><D78/><U82/><E77/><V6/><F19/><W9/><G124/><T79/><D79/><U59/><E45/><V86/><F86/><W18/><G64/><T76/><D76/><U60/><E57/><V99/><F113/><W70/><G97/><T68/><D111/><U52/><AGARI ba="0,0" hai="13,15,52,54,56,59,60,63,80,82,84,85,88,91" machi="52" ten="20,24000,3" yaku="0,1,7,1,32,3,8,1,54,2" doraHai="36" who="1" fromWho="1" sc="394,-80,146,240,294,-80,166,-80" /><INIT seed="5,1,0,0,3,126" ten="314,386,214,86" oya="1" hai0="91,23,5,34,25,119,103,131,96,112,115,129,84" hai1="43,118,63,135,41,19,8,4,79,37,133,20,110" hai2="35,18,61,125,64,122,71,51,33,120,55,67,114" hai3="72,21,56,45,124,2,1,0,65,87,92,38,42"/><U40/><E118/><V132/><F125/><W46/><G124/><T7/><D34/><U105/><E105/><V68/><F18/><W88/><G72/><T17/><D119/><U94/><E110/><V26/><F35/><W130/><G46/><T27/><D91/><U48/><E37/><V102/><F102/><W127/><G127/><T116/><D84/><U97/><E79/><V57/><F26/><W78/><G78/><T80/><D80/><U62/><E48/><V76/><F76/><W85/><G21/><N who="0" m="13487" /><D96/><U9/><E133/><V54/><F33/><W95/><G65/><T59/><D103/><U58/><E135/><V89/><F89/><W31/><G56/><T39/><D59/><U28/><E28/><V36/><F132/><W73/><G73/><T60/><D60/><U24/><E62/><V100/><F100/><W98/><G31/><N who="0" m="17919" /><D39/><U74/><E4/><N who="0" m="1609" /><D116/><U44/><E44/><N who="2" m="28007" /><F36/><W12/><G87/><T99/><D99/><U107/><E107/><V52/><F71/><W53/><G98/><T11/><D11/><U13/><E74/><V83/><F83/><W66/><G95/><T16/><D16/><N who="1" m="12295" /><E9/><V128/><F68/><W121/><G92/><T14/><D14/><U90/><E41/><V134/><F134/><W109/><G42/><T49/><D49/><U47/><E47/><V113/><F67/><AGARI ba="1,0" hai="8,13,19,40,43,58,63,67,90,94,97" m="12295" machi="67" ten="30,2900,0" yaku="8,1,54,1" doraHai="126" who="1" fromWho="2" sc="314,0,386,32,214,-32,86,0" /><INIT seed="5,2,0,4,1,22" ten="314,418,182,86" oya="1" hai0="27,81,89,134,30,78,7,132,116,75,88,98,122" hai1="87,10,109,69,37,103,64,68,79,39,35,107,105" hai2="11,126,130,93,3,44,49,25,71,127,114,34,84" hai3="113,53,8,46,121,19,67,51,0,92,73,18,20"/><U129/><E87/><V77/><F71/><N who="1" m="27209" /><E79/><V23/><F130/><W106/><G121/><T15/><D116/><U45/><E103/><V1/><F34/><W65/><G106/><N who="1" m="40458" /><E64/><V112/><F93/><W33/><G33/><T76/><D76/><U135/><E10/><V38/><F84/><W41/><G113/><N who="2" m="43625" /><F77/><W16/><G73/><T57/><D57/><U101/><E45/><V62/><F62/><W91/><G67/><T133/><D98/><U56/><E56/><V82/><F82/><W61/><G65/><T58/><D58/><U117/><E101/><V59/><F59/><W5/><G61/><T63/><D63/><U6/><E6/><V83/><F83/><W42/><REACH who="3" step="1"/><G20/><REACH who="3" ten="314,418,182,76" step="2"/><N who="0" m="15719" /><D122/><U14/><E35/><V13/><F13/><W24/><G24/><T104/><D104/><U43/><E14/><V95/><F11/><AGARI ba="2,1" hai="7,11,15,75,78,81,88,89,132,133,134" m="15719" machi="11" ten="30,3900,0" yaku="20,1,52,1,54,1" doraHai="22" who="0" fromWho="2" sc="314,55,418,0,182,-45,76,0" /><INIT seed="6,0,0,3,4,11" ten="369,418,137,76" oya="2" hai0="91,46,30,33,105,23,6,68,98,65,92,43,17" hai1="97,40,76,37,1,50,118,85,129,134,87,44,126" hai2="7,26,78,0,47,14,54,35,130,32,16,119,57" hai3="86,5,53,123,63,79,109,74,29,88,84,69,95"/><V22/><F119/><W112/><G123/><T18/><D6/><U93/><E118/><V64/><F130/><W60/><G109/><T55/><D105/><U70/><E70/><V62/><F78/><W80/><G112/><T116/><D116/><U41/><E129/><V34/><F47/><W100/><G29/><T108/><D108/><U113/><E1/><V39/><F39/><W110/><G110/><T75/><D75/><U94/><E113/><V107/><F107/><W52/><G74/><T122/><D122/><U59/><E134/><V120/><F120/><W10/><G100/><T102/><D33/><U66/><E126/><V131/><F131/><W111/><G111/><T19/><D30/><U89/><E66/><V58/><F0/><W2/><REACH who="3" step="1"/><G63/><REACH who="3" ten="369,418,137,66" step="2"/><T90/><D102/><U96/><E37/><V42/><F62/><W104/><G104/><T117/><D117/><U48/><E76/><V12/><F35/><W31/><G31/><T101/><D101/><U114/><E114/><V73/><F73/><W125/><G125/><T106/><D106/><U4/><E40/><V3/><F42/><W45/><G45/><T135/><D43/><U99/><E41/><V83/><F34/><W56/><G56/><T25/><D46/><U71/><E44/><V115/><F32/><W38/><G38/><T51/><D68/><U67/><E59/><V61/><F115/><W128/><G128/><T124/><D124/><U82/><E71/><V20/><F58/><W8/><G8/><T121/><D121/><U132/><E50/><V133/><F133/><W13/><G13/><RYUUKYOKU ba="0,1" sc="369,-10,418,-10,137,-10,66,30" hai3="2,5,10,52,53,60,69,79,80,84,86,88,95" /><INIT seed="7,1,1,1,4,102" ten="359,408,127,96" oya="3" hai0="84,30,28,10,98,51,6,0,85,78,39,77,80" hai1="57,35,20,31,135,74,48,47,33,16,19,131,97" hai2="11,122,26,69,112,87,115,83,106,60,125,107,52" hai3="96,13,24,133,118,117,72,91,15,90,14,132,92"/><W75/><G24/><T134/><D134/><N who="3" m="51817" /><G91/><T88/><D39/><U100/><E135/><V27/><F122/><W3/><G3/><T38/><D38/><U65/><E74/><AGARI ba="1,1" hai="13,14,15,72,74,75,90,92,96,117,118" m="51817" machi="74" ten="40,2000,0" yaku="20,1" doraHai="102" who="3" fromWho="1" sc="359,0,408,-23,127,0,96,33" /><INIT seed="7,2,0,0,1,38" ten="359,385,127,129" oya="3" hai0="116,129,4,107,79,1,13,126,61,120,12,31,22" hai1="105,21,75,10,77,70,132,109,133,46,20,124,91" hai2="127,118,71,62,128,33,28,18,7,5,83,67,8" hai3="92,119,134,49,19,45,2,80,37,17,95,39,48"/><W63/><G2/><T78/><D116/><U68/><E91/><V35/><F118/><W96/><G119/><T115/><D120/><U131/><E10/><V100/><F127/><W53/><G134/><T99/><D126/><U51/><E21/><V82/><F128/><W14/><G63/><T54/><D129/><U9/><E20/><V114/><F114/><W30/><G30/><T111/><D111/><U123/><E9/><V65/><F65/><W42/><G80/><T130/><D130/><U29/><E29/><V122/><F122/><W103/><G95/><T40/><D115/><U56/><E56/><V64/><F64/><W52/><G39/><T27/><D1/><U55/><E55/><V108/><F108/><W101/><G101/><T25/><D25/><U106/><E51/><V89/><F100/><W16/><G37/><T3/><D3/><U84/><E46/><V121/><F121/><W41/><G14/><T87/><D107/><U72/><E84/><N who="2" m="50327" /><F83/><W6/><G6/><N who="2" m="2057" /><F28/><W59/><AGARI ba="2,0" hai="16,17,19,41,42,45,48,49,52,53,59,92,96,103" machi="59" ten="30,18000,2" yaku="0,1,8,1,52,2,54,2" doraHai="38" who="3" fromWho="3" sc="359,-62,385,-62,127,-62,129,186" /><INIT seed="7,3,0,0,2,46" ten="297,323,65,315" oya="3" hai0="34,7,123,26,22,48,27,135,40,15,76,107,36" hai1="41,119,117,55,59,23,8,78,20,30,17,95,12" hai2="14,120,122,100,75,69,71,79,38,2,18,114,103" hai3="1,108,90,42,11,37,66,77,112,50,49,4,87"/><W127/><G112/><T133/><D123/><U128/><E128/><V130/><F2/><W121/><G121/><T111/><D111/><U104/><E104/><V81/><F38/><W24/><G108/><T57/><D107/><U73/><E41/><V93/><F130/><W45/><G127/><T19/><D76/><U0/><E95/><V21/><F114/><W74/><G66/><T129/><D129/><U105/><E105/><V101/><F122/><W97/><G97/><T25/><D36/><U132/><E132/><N who="0" m="50761" /><D7/><U39/><E39/><V6/><F120/><W131/><G131/><T35/><D57/><U31/><E78/><V85/><F6/><W113/><G113/><T110/><D110/><U58/><E73/><V13/><F13/><W70/><G70/><T88/><D88/><U106/><E106/><V125/><F125/><W29/><G77/><T51/><D40/><U16/><E0/><V109/><F109/><W98/><G74/><T89/><D89/><U5/><E58/><V53/><F53/><W92/><G98/><T32/><AGARI ba="3,0" hai="15,19,22,25,26,27,32,34,35,48,51" m="50761" machi="32" ten="40,5200,0" yaku="20,1,52,2" doraHai="46" who="0" fromWho="0" sc="297,61,323,-16,65,-16,315,-29" owari="358,45.0,307,11.0,49,-45.0,286,-11.0" /></mjloggm>