<mjloggm ver="2.3"><GO type="41" lobby="0"/><UN n0="%E2%93%9D%53%75%70%68%78" n1="%E5%A7%AB%E7%95%99" n2="%50%49%53%48%49%46%54" n3="%6D%6F%6E%6F%2D%31%34" dan="19,15,14,13" rate="2175.60,2030.55,1895.32,1891.56" sx="M,M,F,M"/><TAIKYOKU oya="0"/><INIT seed="0,0,0,0,4,19" ten="250,250,250,250" oya="0" hai0="129,5,29,7,60,70,95,36,57,89,30,123,86" hai1="59,117,35,82,52,112,105,126,83,18,9,10,127" hai2="32,25,131,79,26,1,39,104,80,12,43,66,101" hai3="0,109,37,106,116,99,135,63,17,100,72,42,44"/><T27/><D123/><U77/><E117/><V21/><F1/><W91/><G0/><T78/><D36/><U64/><E64/><V75/><F131/><W65/><G72/><T51/><D129/><U74/><E35/><V81/><F81/><W28/><G17/><T2/><D70/><U11/><E83/><V114/><F66/><W96/><G96/><T61/><D78/><U41/><E41/><V33/><F114/><W49/><G91/><T23/><D30/><U76/><E76/><V46/><F26/><W115/><G115/><T69/><D2/><U40/><E40/><V113/><F113/><W15/><G15/><T24/><D24/><U85/><E105/><V47/><F12/><W90/><G90/><T103/><D69/><U8/><E112/><V34/><F47/><W122/><G28/><T97/><D51/><N who="1" m="31135" /><E18/><V20/><REACH who="2" step="1"/><F25/><REACH who="2" ten="250,250,240,250" step="2"/><W120/><G65/><N who="0" m="39055" /><D61/><U22/><E82/><AGARI ba="0,1" hai="5,7,23,27,29,82,86,89,95,97,103" m="39055" machi="82" ten="30,5800,0" yaku="25,1,8,1,52,1" doraHai="19" who="0" fromWho="1" sc="250,68,250,-58,240,0,250,0" /><INIT seed="0,1,0,3,2,106" ten="318,192,240,250" oya="0" hai0="53,104,128,126,100,92,11,51,57,117,35,102,16" hai1="2,93,25,40,21,58,125,64,81,32,24,105,34" hai2="89,19,116,90,42,122,47,31,101,73,65,54,99" hai3="28,120,12,10,62,133,98,121,14,118,69,103,107"/><T37/><D117/><U91/><E105/><V111/><F122/><N who="3" m="47211" /><G118/><T123/><D123/><U41/><E2/><V71/><F111/><W30/><G133/><T113/><D113/><U38/><E125/><V78/><F116/><W84/><G84/><T95/><D35/><U87/><E38/><V63/><F31/><W6/><G12/><N who="0" m="7199" /><D37/><U49/><E32/><V22/><F54/><W59/><G69/><T75/><D75/><U112/><E34/><V85/><F85/><W60/><G60/><T18/><D128/><U114/><E25/><V76/><F76/><W77/><G77/><T46/><D104/><U55/><E64/><AGARI ba="1,0" hai="6,10,14,28,30,59,62,64,98,103,107" m="47211" machi="64" ten="30,1000,0" yaku="13,1" doraHai="106" who="3" fromWho="1" sc="318,0,192,-13,240,0,250,13" /><INIT seed="1,0,0,1,5,88" ten="318,179,240,263" oya="1" hai0="133,121,56,62,117,101,14,64,66,91,125,44,67" hai1="96,59,115,34,119,92,36,21,87,127,50,109,54" hai2="65,79,103,27,31,130,49,128,43,100,7,83,8" hai3="63,16,23,69,60,20,99,35,94,61,72,129,12"/><U55/><E115/><V10/><F65/><W33/><G72/><T97/><D117/><U30/><E36/><V86/><F43/><W6/><G129/><N who="2" m="49769" /><F49/><W98/><G98/><T58/><D133/><U0/><E127/><V19/><F19/><W53/><G69/><T51/><D121/><U26/><E119/><V5/><F10/><N who="3" m="4183" /><G23/><T9/><D91/><U135/><E0/><N who="2" m="39" /><F7/><W132/><G132/><T52/><D125/><U70/><E135/><V90/><F79/><W89/><G33/><AGARI ba="0,0" hai="27,31,33,83,86,90,100,103" m="39,49769" machi="33" ten="30,1000,0" yaku="19,1" doraHai="88" who="2" fromWho="3" sc="318,0,179,0,240,10,263,-10" /><INIT seed="2,0,0,5,0,43" ten="318,179,250,253" oya="2" hai0="127,97,68,2,119,89,63,66,23,128,3,8,56" hai1="88,30,25,118,53,102,92,132,67,123,58,49,73" hai2="72,54,133,28,82,51,17,24,121,85,74,26,100" hai3="27,122,114,13,31,47,18,50,91,62,12,19,57"/><V83/><F121/><W21/><G122/><T131/><D127/><U78/><E118/><V104/><F133/><W106/><G106/><T35/><D35/><U101/><E132/><V29/><F17/><W32/><G91/><T71/><D23/><U7/><E7/><V107/><F100/><W90/><G90/><T95/><D119/><U37/><E37/><V40/><F40/><W129/><G129/><N who="0" m="49739" /><D8/><U111/><E123/><V36/><F85/><W81/><G81/><T76/><D76/><U11/><E11/><V93/><F93/><W46/><G50/><T61/><D71/><U39/><E39/><V75/><F36/><W60/><G60/><T84/><D97/><U9/><E9/><V126/><F126/><W124/><G114/><T134/><D134/><U14/><E14/><V112/><F112/><W69/><G69/><T34/><D34/><U6/><E6/><V20/><F83/><W70/><G70/><T103/><D103/><U15/><E15/><V87/><F87/><W99/><G99/><T120/><D120/><U48/><E78/><V98/><F82/><W130/><G130/><T1/><D1/><U59/><E73/><V109/><F98/><W96/><G96/><T33/><D33/><U125/><E125/><V38/><F38/><W22/><REACH who="3" step="1"/><G124/><REACH who="3" ten="318,179,250,243" step="2"/><T45/><D68/><U4/><E88/><V55/><F107/><W116/><G116/><T110/><D63/><U16/><E102/><V113/><F104/><W44/><G44/><T5/><D45/><U41/><E101/><V77/><F113/><W65/><AGARI ba="0,1" hai="12,13,18,19,21,22,27,31,32,46,47,57,62,65" machi="65" ten="20,12000,2" yaku="1,1,0,1,7,1,9,1,52,2,53,0" doraHai="43" doraHaiUra="115" who="3" fromWho="3" sc="318,-30,179,-30,250,-60,243,130" /><INIT seed="3,0,0,3,4,119" ten="288,149,190,373" oya="3" hai0="95,94,36,35,96,47,125,101,4,129,135,65,54" hai1="29,16,112,27,128,92,68,11,98,126,79,107,113" hai2="15,124,28,14,76,17,13,93,10,51,130,42,127" hai3="104,108,32,105,46,12,43,61,87,88,31,53,97"/><W33/><G108/><T116/><D116/><U91/><E68/><V78/><F130/><W2/><G2/><T118/><D118/><U102/><E128/><V19/><F28/><W44/><G12/><T86/><D135/><U58/><E126/><N who="2" m="48171" /><F93/><W131/><G131/><T8/><D65/><U34/><E79/><N who="2" m="30251" /><F51/><W74/><G74/><T50/><D35/><U57/><E113/><V7/><F42/><W103/><G104/><T83/><D36/><U71/><E71/><V89/><F89/><W84/><G84/><T52/><D95/><U18/><E112/><V121/><F7/><W22/><G32/><T100/><D100/><U3/><E3/><V85/><F85/><W122/><G33/><T132/><D132/><U64/><E64/><V109/><F109/><W6/><G6/><T41/><D129/><U111/><E111/><V30/><F30/><W1/><G1/><T75/><D75/><U106/><E106/><V0/><F0/><W48/><G61/><T37/><D37/><U115/><E115/><V82/><F82/><W59/><G43/><T40/><D40/><U38/><E38/><V39/><F39/><W62/><G62/><T56/><D125/><U120/><E120/><V9/><F121/><W90/><G122/><T73/><D73/><U70/><E70/><V133/><F133/><W24/><G90/><N who="0" m="51551" /><D56/><U72/><E72/><V25/><F25/><W77/><G77/><T26/><D26/><U81/><E107/><V69/><F69/><W66/><G66/><T114/><D114/><U20/><E34/><V49/><F49/><W134/><G134/><RYUUKYOKU ba="0,0" sc="288,10,149,-30,190,10,373,10" hai0="4,8,41,47,50,52,54,94,96,101" hai2="9,10,13,14,15,17,19" hai3="22,24,31,44,46,48,53,59,87,88,97,103,105" /><INIT seed="3,1,0,0,2,33" ten="298,119,200,383" oya="3" hai0="24,91,54,107,87,11,95,69,109,89,114,1,9" hai1="16,70,7,111,102,113,31,76,79,52,104,98,90" hai2="75,55,46,81,131,121,26,13,47,40,124,60,51" hai3="10,125,14,127,8,96,63,28,2,108,18,128,67"/><W112/><G112/><T83/><D107/><U120/><E113/><V50/><F131/><W29/><G96/><T3/><D69/><U118/><E120/><V27/><F121/><W23/><G63/><T45/><D109/><U72/><E118/><V134/><F134/><W49/><G49/><T71/><D71/><U74/><E70/><V123/><F123/><W25/><G67/><T4/><D24/><U119/><E31/><N who="3" m="11850" /><G128/><T35/><D35/><U129/><E7/><V135/><F60/><W38/><G38/><T115/><D54/><U105/><E111/><V19/><F135/><W39/><G39/><T32/><D32/><U34/><E34/><V44/><F124/><N who="3" m="47691" /><G108/><T88/><D45/><U101/><E129/><V117/><F46/><W126/><N who="3" m="47699" /><W77/><DORA hai="80" /><G77/><T73/><D115/><U94/><E119/><V12/><F117/><W82/><G82/><T42/><D42/><U59/><E79/><V86/><F75/><W97/><G97/><T48/><D48/><U41/><E76/><V30/><F30/><N who="3" m="17727" /><G8/><T92/><D114/><U103/><E41/><V84/><F81/><W78/><G78/><T58/><D73/><U43/><E43/><V61/><F40/><W64/><G64/><T20/><D83/><U57/><E74/><V53/><F61/><W133/><G2/><T85/><D58/><U116/><E72/><V106/><F106/><W15/><G15/><T122/><D122/><U37/><E59/><V99/><F99/><W100/><G100/><T132/><D132/><AGARI ba="1,0" hai="10,14,18,132,133" m="17727,47699,11850" machi="132" ten="50,9600,0" yaku="18,1,34,2" doraHai="33,80" who="3" fromWho="0" sc="298,-99,119,0,200,0,383,99" /><INIT seed="3,2,0,2,3,19" ten="199,119,200,482" oya="3" hai0="66,88,51,67,112,106,116,45,77,55,62,42,36" hai1="101,105,87,29,104,125,10,127,91,26,97,72,129" hai2="17,31,70,27,13,115,120,109,113,90,119,50,93" hai3="68,75,99,23,12,89,117,39,32,122,107,73,35"/><W108/><G39/><T0/><D106/><U110/><E10/><V114/><F70/><W47/><G68/><T56/><D77/><U3/><E3/><V43/><F119/><W30/><G117/><T123/><D0/><U69/><E69/><V135/><F135/><W14/><G122/><T133/><D116/><U2/><E2/><V92/><F120/><W25/><G47/><N who="0" m="24007" /><D88/><U21/><E110/><V58/><F109/><W124/><G89/><T103/><D103/><U79/><E129/><V37/><F37/><W46/><G99/><T81/><D81/><U80/><REACH who="1" step="1"/><E105/><REACH who="1" ten="199,109,200,482" step="2"/><V33/><F115/><W128/><G128/><T6/><D112/><U7/><E7/><V11/><F114/><W34/><G107/><T48/><D6/><U20/><E20/><V96/><F113/><W38/><G34/><T4/><D4/><U61/><E61/><V84/><F43/><N who="3" m="22903" /><G32/><T24/><D123/><U95/><AGARI ba="2,1" hai="21,26,29,72,79,80,87,91,95,97,101,104,125,127" machi="95" ten="30,12000,2" yaku="1,1,0,1,24,2,52,1,53,1" doraHai="19" doraHaiUra="82" who="1" fromWho="1" sc="199,-32,109,136,200,-32,482,-62" /><INIT seed="4,0,0,2,0,50" ten="167,245,168,420" oya="0" hai0="103,53,77,135,84,134,24,81,5,12,54,65,113" hai1="27,0,62,64,128,38,117,6,46,68,129,40,115" hai2="70,125,7,111,107,72,8,132,55,105,10,99,120" hai3="85,47,118,89,92,43,41,106,110,45,39,127,96"/><T36/><D36/><U1/><E117/><V88/><F70/><W14/><G110/><T100/><D65/><U67/><E67/><V37/><F37/><W98/><G127/><T133/><D113/><U15/><E27/><V11/><F125/><W109/><G109/><T126/><D126/><U13/><E115/><V23/><F111/><W22/><G106/><T71/><D71/><U35/><E35/><V90/><F120/><W32/><G32/><T33/><D5/><U42/><E42/><V114/><F72/><W58/><G118/><T86/><D12/><N who="1" m="4683" /><E6/><V49/><F7/><W28/><G58/><T82/><D33/><U3/><E3/><V76/><F114/><W19/><G28/><T48/><D24/><U63/><E63/><V16/><F76/><W2/><G2/><T73/><D73/><U66/><E66/><V29/><F29/><W78/><G78/><N who="0" m="46135" /><D48/><AGARI ba="0,0" hai="14,19,22,39,41,43,45,47,48,85,89,92,96,98" machi="48" ten="30,1000,0" yaku="7,1" doraHai="50" who="3" fromWho="0" sc="167,-10,245,0,168,0,420,10" /><INIT seed="5,0,0,3,3,24" ten="157,245,168,430" oya="1" hai0="39,16,126,25,18,63,94,123,14,122,124,7,70" hai1="114,100,72,102,19,119,131,35,43,0,27,40,69" hai2="117,75,133,41,68,5,127,1,9,55,23,79,97" hai3="21,47,74,38,67,60,15,103,116,78,129,30,105"/><U34/><E119/><V89/><F68/><W128/><G74/><T28/><D39/><U77/><E69/><V83/><F117/><W48/><G78/><T109/><D94/><U52/><E0/><V36/><F127/><N who="0" m="48682" /><D63/><U50/><E114/><V86/><F133/><W61/><G15/><T62/><D62/><U3/><E3/><V130/><F130/><W80/><G21/><N who="0" m="15407" /><D70/><U8/><E131/><V98/><F55/><W99/><G30/><T44/><D44/><U56/><E77/><V113/><F113/><W49/><G80/><T45/><D45/><U90/><E72/><V73/><F23/><W82/><G82/><T71/><D71/><U31/><E35/><V120/><F120/><N who="0" m="46122" /><D109/><U64/><E64/><V29/><F29/><W92/><G47/><T112/><D112/><U46/><E90/><V108/><F73/><W17/><G67/><T101/><D101/><U87/><E87/><V59/><F108/><W66/><G66/><T20/><D20/><U4/><E102/><V37/><F59/><W85/><G103/><T2/><D2/><N who="1" m="23" /><E100/><V51/><F37/><W132/><G38/><T13/><D13/><U88/><E88/><V84/><F36/><W115/><G85/><N who="2" m="32873" /><F89/><W6/><G115/><T95/><D95/><U57/><E57/><V106/><F106/><W110/><G105/><T118/><D118/><U10/><E56/><V42/><F98/><W104/><G116/><T11/><AGARI ba="0,0" hai="7,11,14,16,18" m="46122,15407,48682" machi="11" ten="40,12000,2" yaku="18,1,13,1,34,2,52,1,54,1" doraHai="24" who="0" fromWho="0" sc="157,120,245,-60,168,-30,430,-30" /><INIT seed="6,0,0,4,1,88" ten="277,185,138,400" oya="2" hai0="30,68,11,98,131,13,90,107,121,85,69,126,92" hai1="35,19,65,99,106,97,53,119,81,61,74,105,86" hai2="80,47,82,22,5,71,77,38,10,58,12,36,29" hai3="7,123,18,9,111,70,16,129,73,51,8,78,114"/><V49/><F71/><W25/><G70/><T21/><D121/><U66/><E35/><V135/><F135/><W31/><G111/><T113/><D113/><U79/><E53/><V130/><F130/><W103/><G103/><T52/><D126/><U101/><E19/><V108/><F108/><W96/><G96/><T94/><D107/><U62/><E119/><V14/><F58/><W122/><G78/><T45/><D69/><U109/><E109/><V24/><F82/><W41/><G41/><T76/><D131/><U93/><E61/><V28/><F14/><W55/><G73/><T33/><D33/><U84/><E62/><V87/><REACH who="2" step="1"/><F28/><REACH who="2" ten="277,185,128,400" step="2"/><W67/><G31/><T118/><D30/><U102/><E66/><V112/><F112/><W133/><G133/><T20/><D68/><U1/><E65/><V91/><F91/><W72/><G67/><T59/><D59/><U95/><E1/><V39/><F39/><W54/><G129/><T42/><D90/><U6/><E6/><V100/><F100/><W48/><G7/><T17/><D13/><U132/><E132/><V60/><F60/><W120/><G123/><T34/><D17/><U43/><E43/><AGARI ba="0,1" hai="5,10,12,22,24,29,36,38,43,47,49,77,80,87" machi="43" ten="30,11600,0" yaku="1,1,7,1,25,2,53,0" doraHai="88" doraHaiUra="89" who="2" fromWho="1" sc="277,0,185,-116,128,126,400,0" /><INIT seed="6,1,0,0,5,111" ten="277,69,254,400" oya="2" hai0="133,54,50,130,11,89,134,121,128,59,63,77,66" hai1="109,9,108,14,129,23,35,15,91,82,70,87,26" hai2="110,61,37,40,112,83,31,125,56,19,29,76,127" hai3="13,52,120,1,6,36,51,20,46,55,48,74,58"/><V21/><F110/><W96/><G120/><T117/><D77/><U126/><E70/><V100/><F100/><W28/><G74/><T25/><D11/><U115/><E115/><V33/><F33/><W12/><G36/><T103/><D103/><U42/><E42/><V107/><F107/><W86/><G1/><T93/><D25/><U98/><E35/><V0/><F0/><W44/><G96/><N who="0" m="57391" /><D117/><U124/><E129/><N who="0" m="49769" /><D121/><U114/><E98/><V5/><F5/><W8/><G86/><T69/><AGARI ba="1,0" hai="50,54,59,63,66,69,133,134" m="49769,57391" machi="69" ten="30,1100,0" yaku="19,1" doraHai="111" who="0" fromWho="0" sc="277,14,69,-4,254,-6,400,-4" /><INIT seed="7,0,0,5,5,32" ten="291,65,248,396" oya="3" hai0="30,69,9,108,123,0,43,86,52,19,34,88,104" hai1="39,26,102,103,109,18,2,72,35,107,133,48,128" hai2="85,81,106,124,99,70,37,135,61,21,38,33,40" hai3="74,132,78,62,111,130,17,82,129,89,80,76,67"/><W8/><G89/><T98/><D123/><U127/><E48/><V10/><F33/><W12/><G132/><T14/><D69/><U79/><E103/><V83/><F135/><W63/><G111/><T3/><D43/><U59/><E59/><V60/><F21/><W100/><G100/><T115/><D108/><U23/><E23/><V5/><F40/><W29/><G29/><T4/><D115/><U116/><E26/><V49/><F85/><W113/><G113/><T22/><D104/><U120/><E18/><V50/><F5/><W92/><G92/><N who="0" m="56583" /><D86/><U36/><E102/><V97/><F10/><W7/><G67/><T58/><D34/><U20/><E20/><V110/><F124/><W101/><G101/><T96/><D96/><U119/><E79/><V46/><F110/><W112/><G112/><T117/><D117/><U25/><E25/><V24/><F24/><W44/><G78/><T41/><D41/><U134/><E116/><V68/><F46/><W122/><G44/><T121/><D121/><U66/><E66/><V71/><F71/><W94/><G122/><T51/><D30/><U95/><E95/><V16/><REACH who="2" step="1"/><F106/><REACH who="2" ten="291,65,238,396" step="2"/><W125/><G125/><T6/><D6/><U114/><E134/><V15/><F15/><W118/><G12/><T93/><D93/><U84/><E84/><V47/><F47/><W105/><G7/><T13/><D13/><U56/><E56/><V77/><F77/><W131/><G76/><T65/><D65/><U75/><E75/><V45/><F45/><W1/><G94/><T28/><D28/><U126/><E126/><RYUUKYOKU ba="0,1" sc="291,10,65,10,238,10,396,-30" hai0="0,3,4,9,14,19,22,51,52,58" hai1="2,35,36,39,72,107,109,114,119,120,127,128,133" hai2="16,37,38,49,50,60,61,68,70,81,83,97,99" owari="301,10.0,75,-42.0,248,-15.0,376,47.0" /></mjloggm>