<mjloggm ver="2.3"><GO type="41" lobby="0"/><UN n0="%EF%BC%88%E3%83%BD%C2%B4%E3%82%93%60%EF%BC%89" n1="%E3%82%B9%E3%82%AB%E3%83%88%E3%83%AD%E3%82%89%E3%81%B6" n2="%E3%81%88%E3%81%84%E3%81%B2%E3%82%8C" n3="%E2%93%9D%53%75%70%68%78" dan="15,15,13,19" rate="2019.18,2032.25,1901.54,2178.31" sx="M,M,M,M"/><TAIKYOKU oya="0"/><INIT seed="0,0,0,4,2,101" ten="250,250,250,250" oya="0" hai0="97,58,75,20,113,118,123,89,13,122,18,55,24" hai1="37,23,79,109,103,41,11,15,3,74,33,130,82" hai2="0,125,132,131,19,92,80,102,14,2,127,135,44" hai3="35,106,26,29,1,87,22,117,120,31,63,51,114"/><T47/><D113/><U53/><E109/><V32/><F32/><W49/><G1/><T28/><D118/><U56/><E33/><V27/><F27/><W69/><G117/><T105/><D75/><U68/><E68/><V110/><F110/><W104/><G114/><T133/><D133/><N who="2" m="51274" /><F80/><W84/><G35/><T40/><D89/><U9/><E130/><V83/><F83/><W88/><G120/><T7/><D7/><U21/><E103/><V116/><F116/><W48/><G31/><T121/><D97/><U95/><E95/><V10/><F44/><W45/><G45/><T65/><D65/><U30/><E41/><V34/><F34/><W111/><G111/><T99/><D99/><U54/><E37/><V38/><F38/><W94/><REACH who="3" step="1"/><G87/><REACH who="3" ten="250,250,250,240" step="2"/><T6/><D47/><U62/><E3/><V124/><F131/><W59/><G59/><T4/><D58/><U39/><E30/><V52/><F0/><W67/><AGARI ba="0,1" hai="22,26,29,48,49,51,63,67,69,84,88,94,104,106" machi="67" ten="30,12000,2" yaku="1,1,0,1,52,2,54,1,53,1" doraHai="101" doraHaiUra="17" who="3" fromWho="3" sc="250,-60,250,-30,250,-30,240,130" /><INIT seed="1,0,0,3,1,34" ten="190,220,220,370" oya="1" hai0="38,93,135,43,25,73,91,123,79,52,48,36,119" hai1="6,81,87,71,17,95,11,19,3,96,54,128,18" hai2="37,132,67,114,102,90,126,98,29,0,26,5,23" hai3="4,50,13,14,124,111,21,89,32,117,116,9,57"/><U64/><E128/><V53/><F132/><W105/><G105/><T7/><D119/><N who="3" m="45641" /><G111/><T59/><D135/><U56/><E64/><V92/><F126/><W68/><G32/><T131/><D131/><U12/><E71/><V129/><F114/><W75/><G75/><T88/><D123/><U130/><E130/><V40/><F129/><W113/><G89/><T10/><D43/><U46/><E46/><V104/><F67/><W66/><G124/><T115/><D115/><U80/><E87/><V133/><F133/><W78/><G78/><T109/><D109/><U27/><E27/><V85/><F53/><N who="3" m="31927" /><G21/><T82/><D25/><U86/><E86/><V58/><F58/><W108/><G108/><T41/><D41/><U83/><E12/><V51/><F51/><W44/><G44/><T84/><REACH who="0" step="1"/><D91/><REACH who="0" ten="180,220,220,370" step="2"/><U39/><E39/><V20/><F40/><W94/><G113/><T120/><D120/><U112/><E112/><V106/><F37/><W22/><G68/><T24/><D24/><U31/><E31/><V110/><F110/><W103/><G103/><T97/><D97/><U65/><E96/><V15/><F98/><W28/><G28/><T77/><D77/><U72/><E72/><V69/><F102/><W55/><G22/><T125/><D125/><U1/><E65/><V62/><F29/><W45/><G66/><T33/><D33/><U74/><E74/><V101/><F101/><W16/><G55/><T63/><D63/><U107/><E54/><V8/><F62/><W70/><G70/><T2/><AGARI ba="0,1" hai="2,7,10,36,38,48,52,59,73,79,82,84,88,93" machi="2" ten="20,12000,2" yaku="1,1,0,1,7,1,52,1,54,2,53,0" doraHai="34" doraHaiUra="60" who="0" fromWho="0" sc="180,130,220,-60,220,-30,370,-30" /><INIT seed="2,0,0,3,4,9" ten="310,160,190,340" oya="2" hai0="63,102,43,77,91,49,68,41,22,122,119,99,27" hai1="114,66,26,80,57,52,123,64,23,14,40,83,59" hai2="21,28,34,36,44,89,88,116,128,74,42,72,96" hai3="131,106,61,30,101,4,108,97,94,53,65,75,6"/><V54/><F128/><W71/><G108/><T73/><D122/><U112/><E123/><V78/><F116/><W32/><G131/><T60/><D119/><U11/><E40/><V124/><F124/><W105/><G75/><T134/><D134/><U92/><E92/><V58/><F34/><W1/><G53/><T132/><D132/><U130/><E130/><V24/><F78/><W2/><G106/><T16/><D91/><U5/><E114/><V84/><F96/><W67/><G67/><N who="1" m="25642" /><E59/><V19/><F28/><W133/><G94/><T120/><D68/><U47/><E47/><V46/><F46/><W62/><G133/><T56/><D120/><U38/><E38/><V18/><F18/><W121/><G121/><T35/><D35/><U13/><E13/><V109/><F109/><W8/><G6/><T115/><D115/><U39/><E39/><V81/><REACH who="2" step="1"/><F89/><REACH who="2" ten="310,160,180,340" step="2"/><W110/><G110/><T111/><D111/><U15/><E112/><V70/><F70/><W82/><G71/><T37/><D77/><U10/><E26/><V93/><F93/><W87/><G32/><T20/><D27/><U113/><E113/><V126/><F126/><W95/><G95/><T33/><D33/><U76/><E76/><V50/><AGARI ba="0,1" hai="19,21,24,36,42,44,50,54,58,72,74,81,84,88" machi="50" ten="20,12000,1" yaku="1,1,0,1,7,1,54,1,53,1" doraHai="9" doraHaiUra="51" who="2" fromWho="2" sc="310,-40,160,-40,180,130,340,-40" /><INIT seed="2,1,0,2,1,9" ten="270,120,310,300" oya="2" hai0="120,35,32,97,116,134,122,84,66,105,75,48,56" hai1="46,131,60,81,25,65,47,7,119,4,117,74,82" hai2="89,21,135,76,37,128,130,36,11,100,68,132,31" hai3="54,118,57,80,104,8,59,2,52,13,85,3,123"/><V83/><F68/><W22/><G104/><T110/><D75/><U41/><E131/><N who="2" m="50219" /><F100/><W42/><G118/><T28/><D110/><U30/><E74/><N who="2" m="43415" /><F89/><W73/><G42/><T62/><D134/><N who="2" m="51242" /><F11/><W39/><G73/><T86/><D116/><U71/><E119/><V133/><F133/><W43/><G8/><T24/><D32/><U108/><E117/><V51/><F51/><W72/><G72/><T101/><REACH who="0" step="1"/><D48/><REACH who="0" ten="260,120,310,300" step="2"/><U12/><E108/><V67/><F67/><W14/><G39/><T17/><D17/><U124/><E65/><V109/><F109/><W18/><G18/><T70/><D70/><U77/><E4/><V1/><F1/><W10/><G3/><T34/><D34/><U79/><E7/><V125/><F37/><W94/><G2/><T6/><D6/><U88/><E71/><V27/><F36/><W96/><G59/><T69/><D69/><U29/><E46/><V49/><F49/><W26/><G57/><T61/><D61/><U112/><E47/><V115/><F115/><W63/><G63/><T114/><D114/><U102/><E60/><V64/><F64/><W95/><G54/><T99/><D99/><U45/><E45/><V121/><F121/><AGARI ba="1,1" hai="24,28,35,56,62,66,84,86,97,101,105,120,121,122" machi="121" ten="40,2600,0" yaku="1,1,53,1" doraHai="9" doraHaiUra="55" who="0" fromWho="2" sc="260,39,120,0,310,-29,300,0" /><INIT seed="3,0,0,3,1,35" ten="299,120,281,300" oya="3" hai0="13,34,31,60,33,61,6,100,42,59,128,43,87" hai1="133,121,134,74,93,41,53,19,96,16,5,99,110" hai2="70,118,77,44,22,125,107,29,75,76,39,91,37" hai3="120,21,79,7,67,102,12,130,51,2,113,72,122"/><W109/><G113/><T126/><D126/><U38/><E121/><V62/><F125/><W24/><G102/><T71/><D128/><U129/><E74/><V66/><F118/><W106/><G106/><T65/><D100/><U101/><E129/><V104/><F91/><W8/><G130/><T30/><D33/><U56/><E41/><V55/><F39/><W85/><G72/><T81/><D34/><U69/><E69/><V116/><F116/><W88/><G79/><T105/><D105/><U57/><E38/><V114/><F114/><W132/><G132/><N who="1" m="50794" /><E99/><V20/><F20/><W27/><G67/><T10/><D43/><U4/><E57/><V50/><F37/><W83/><G109/><T48/><D48/><N who="1" m="30759" /><E110/><V73/><F73/><W3/><G51/><T26/><D42/><U17/><AGARI ba="0,0" hai="4,5,16,17,19,93,96,101" m="30759,50794" machi="17" ten="30,2000,0" yaku="20,1,54,1" doraHai="35" who="1" fromWho="1" sc="299,-5,120,20,281,-5,300,-10" /><INIT seed="4,0,0,5,0,101" ten="294,140,276,290" oya="0" hai0="115,69,2,28,27,37,127,0,102,78,17,68,6" hai1="93,73,15,80,82,76,88,59,118,96,12,31,75" hai2="92,119,58,90,95,4,54,50,22,104,111,18,120" hai3="114,83,94,132,85,77,123,38,23,36,32,128,62"/><T33/><D37/><U124/><E124/><V21/><F111/><W47/><G32/><T51/><D115/><U45/><E118/><V60/><F120/><W35/><G35/><T65/><D127/><U133/><E133/><V46/><F119/><W131/><G114/><T74/><D102/><U70/><E70/><V39/><F4/><W107/><G132/><T49/><D78/><U113/><E113/><V126/><F39/><W11/><G23/><T130/><D74/><U99/><E31/><V72/><F72/><W3/><G94/><T25/><D130/><N who="3" m="49705" /><G47/><T108/><D108/><U103/><E45/><V44/><F104/><W41/><G41/><T81/><D81/><U29/><E29/><V125/><F46/><W122/><G62/><T1/><D6/><U10/><E10/><V116/><F116/><W87/><G107/><T5/><D5/><U24/><E24/><V135/><F135/><W97/><G11/><T43/><D43/><U16/><E16/><V105/><F22/><W53/><G38/><T106/><D106/><U86/><E73/><V91/><F105/><W67/><G123/><T110/><D110/><U63/><REACH who="1" step="1"/><E96/><REACH who="1" ten="294,130,276,290" step="2"/><V14/><F126/><W8/><G97/><T61/><D69/><U42/><E42/><V117/><F117/><W40/><G40/><T129/><D129/><U64/><AGARI ba="0,1" hai="12,15,59,63,64,75,76,80,82,86,88,93,99,103" machi="64" ten="20,5200,0" yaku="1,1,0,1,7,1,54,1,53,0" doraHai="101" doraHaiUra="26" who="1" fromWho="1" sc="294,-26,130,62,276,-13,290,-13" /><INIT seed="5,0,0,1,4,90" ten="268,192,263,277" oya="1" hai0="72,49,125,113,114,103,53,84,81,2,7,61,135" hai1="106,109,62,38,46,71,104,116,88,78,118,54,132" hai2="94,63,37,5,128,45,101,133,131,41,127,27,6" hai3="126,102,120,22,74,4,20,64,76,50,60,18,97"/><U112/><E112/><N who="0" m="43113" /><D72/><U48/><E132/><V47/><F133/><W82/><G126/><T98/><D135/><U34/><E109/><V66/><F127/><W0/><G120/><T55/><D125/><U69/><E34/><V31/><F47/><W89/><G50/><T80/><D61/><U130/><E130/><V29/><F5/><W56/><G89/><T43/><D43/><U25/><E78/><V40/><F6/><W105/><REACH who="3" step="1"/><G18/><REACH who="3" ten="268,192,263,267" step="2"/><T15/><D49/><U75/><E38/><V65/><F37/><W13/><G13/><T16/><D7/><U99/><E118/><V19/><F19/><W107/><G107/><N who="0" m="63991" /><D2/><U115/><E116/><V36/><F36/><W30/><G30/><T68/><D68/><U129/><E115/><V123/><F31/><W77/><G77/><N who="0" m="46095" /><D81/><U33/><E71/><V21/><F29/><W9/><AGARI ba="0,1" hai="0,4,9,20,22,56,60,64,74,76,82,97,102,105" machi="9" ten="30,2000,0" yaku="1,1,0,1,53,0" doraHai="90" doraHaiUra="10" who="3" fromWho="3" sc="268,-5,192,-10,263,-5,267,30" /><INIT seed="6,0,0,3,1,70" ten="263,182,258,297" oya="2" hai0="81,30,107,119,7,131,114,105,24,65,10,46,113" hai1="134,67,41,85,25,6,11,110,18,132,117,63,127" hai2="40,88,57,5,87,115,39,20,72,133,75,52,42" hai3="64,97,98,82,95,109,34,112,1,76,93,71,78"/><V89/><F115/><N who="0" m="44042" /><D131/><U4/><E41/><V103/><F133/><N who="1" m="51305" /><E85/><V128/><F128/><W17/><G109/><T102/><D119/><U108/><E63/><V92/><F103/><W86/><G1/><N who="0" m="367" /><D65/><U9/><E67/><V61/><F5/><N who="1" m="2153" /><E117/><V68/><F68/><W58/><G71/><T35/><D102/><U33/><E127/><V38/><F20/><W27/><G64/><T106/><D81/><U135/><N who="1" m="51313" /><U90/><DORA hai="21" /><E90/><V22/><F42/><W8/><G82/><T53/><D53/><U51/><E51/><V19/><F89/><W91/><G91/><T104/><D104/><U28/><E9/><V126/><F126/><W16/><G8/><T121/><D46/><U23/><E11/><V49/><F61/><W31/><G112/><T59/><D59/><U36/><E36/><N who="2" m="13867" /><F40/><W12/><G58/><T94/><D94/><U96/><E96/><V122/><F122/><AGARI ba="0,0" hai="24,30,35,105,106,107,121,122" m="367,44042" machi="122" ten="40,5200,0" yaku="15,1,23,1,52,1" doraHai="70,21" who="0" fromWho="2" sc="263,52,182,0,258,-52,297,0" /><INIT seed="7,0,0,0,3,10" ten="315,182,206,297" oya="3" hai0="47,21,73,90,95,1,53,27,55,25,60,3,23" hai1="44,75,65,108,103,19,118,72,93,66,105,17,97" hai2="22,30,28,35,64,87,6,41,126,133,125,132,120" hai3="15,69,127,100,42,111,84,96,40,61,121,76,92"/><W98/><G121/><T46/><D73/><U86/><E108/><V24/><F120/><W52/><G127/><N who="2" m="48649" /><F41/><W128/><G128/><T104/><D104/><U113/><E113/><V32/><F64/><W89/><G111/><T114/><D114/><U94/><E118/><V135/><F87/><W110/><G69/><T74/><D74/><U79/><E44/><V9/><F28/><W36/><G36/><T58/><D95/><U18/><E94/><V134/><N who="2" m="33792" /><DORA hai="59" /><V102/><F102/><W62/><G110/><T7/><D90/><U8/><E8/><V91/><F91/><W49/><G42/><T85/><D85/><U83/><E75/><V63/><F63/><N who="3" m="24075" /><G40/><T99/><D60/><U51/><E51/><V82/><F82/><N who="3" m="47175" /><G100/><T88/><D88/><AGARI ba="0,0" hai="17,18,19,65,66,72,79,83,86,88,93,97,103,105" machi="88" ten="40,5200,0" yaku="24,2,54,1" doraHai="10,59" who="1" fromWho="0" sc="315,-52,182,52,206,0,297,0" /><INIT seed="8,0,0,0,2,72" ten="263,234,206,297" oya="0" hai0="18,30,105,54,74,55,71,102,2,5,43,86,112" hai1="121,1,113,78,29,6,128,103,129,41,40,35,63" hai2="80,22,126,36,52,94,68,116,57,9,53,26,23" hai3="67,117,21,85,8,91,131,20,51,75,4,34,37"/><T47/><D112/><U48/><E121/><V3/><F68/><W101/><G34/><T135/><D74/><U79/><E113/><V62/><F126/><W106/><G37/><T81/><D71/><U114/><E114/><V33/><F36/><W111/><G111/><T7/><D135/><U10/><E103/><V97/><F116/><W133/><G131/><N who="1" m="50250" /><E63/><V50/><F33/><W88/><G75/><T90/><D30/><U44/><E41/><V93/><F80/><W38/><G101/><T15/><D105/><U13/><E1/><V46/><F97/><W76/><G106/><T82/><D102/><U89/><E89/><V64/><F64/><W60/><G91/><T69/><D69/><U12/><E13/><V61/><F61/><W45/><G60/><T66/><D66/><U122/><E122/><V56/><F46/><W108/><G45/><T98/><D98/><U119/><E119/><V124/><F124/><W118/><G118/><T58/><D81/><U120/><E120/><V77/><F77/><N who="1" m="29193" /><E35/><V14/><F3/><W65/><G117/><T99/><D2/><U31/><AGARI ba="0,0" hai="6,10,12,29,31,40,44,48" m="29193,50250" machi="31" ten="30,7900,0" yaku="19,1,52,3" doraHai="72" who="1" fromWho="1" sc="263,-39,234,79,206,-20,297,-20" owari="224,-18.0,313,41.0,186,-31.0,277,8.0" /></mjloggm>