<mjloggm ver="2.3"><GO type="41" lobby="0"/><UN n0="%E2%93%9D%53%75%70%68%78" n1="%54%4F%57%41" n2="%E3%82%B7%E3%83%A3%E3%83%BC%E3%82%A8" n3="%4E%E3%81%AE%E4%BA%BA" dan="19,14,15,15" rate="2199.09,1934.09,2051.68,1968.42" sx="M,M,M,M"/><TAIKYOKU oya="0"/><INIT seed="0,0,0,0,4,3" ten="250,250,250,250" oya="0" hai0="24,5,100,104,42,60,48,38,53,21,59,79,27" hai1="16,67,132,65,123,101,12,19,131,89,134,99,22" hai2="66,15,69,118,117,120,76,130,1,112,82,56,33" hai3="87,0,45,63,54,78,39,77,108,7,74,61,18"/><T47/><D79/><U83/><E123/><V135/><F33/><W46/><G108/><T73/><D73/><U34/><E34/><V128/><F1/><W129/><G74/><T57/><D104/><U51/><E131/><N who="2" m="50219" /><F69/><W64/><G18/><T121/><D121/><U9/><E51/><V91/><F66/><W103/><G103/><T6/><D100/><U133/><E83/><V62/><F15/><W43/><G129/><T84/><D84/><U75/><E75/><V85/><F120/><W58/><G87/><T92/><D92/><N who="1" m="56719" /><E101/><V114/><F62/><W23/><G23/><T41/><D27/><AGARI ba="0,0" hai="9,12,16,19,22,27,65,67,132,133,134" m="56719" machi="27" ten="30,2000,0" yaku="20,1,54,1" doraHai="3" who="1" fromWho="0" sc="250,-20,250,20,250,0,250,0" /><INIT seed="1,0,0,1,0,27" ten="230,270,250,250" oya="1" hai0="9,13,24,117,97,47,79,64,17,109,22,86,21" hai1="36,39,35,95,130,71,116,74,69,57,89,0,62" hai2="14,10,19,111,49,118,101,85,113,88,55,15,60" hai3="125,46,16,84,107,34,20,61,75,100,115,108,120"/><U104/><E104/><V103/><F118/><W76/><G120/><T53/><D109/><U8/><E116/><V87/><F60/><W3/><G3/><T59/><D117/><U126/><E74/><V45/><F113/><W5/><G5/><T135/><D135/><U68/><E35/><V129/><F129/><W29/><G115/><T66/><D22/><U40/><E130/><V28/><F111/><W32/><G32/><T128/><D47/><U105/><E105/><V83/><F28/><W30/><G34/><T114/><D97/><U81/><E81/><V42/><F87/><W43/><G75/><T31/><D114/><U51/><E8/><V127/><F127/><W6/><G6/><T82/><REACH who="0" step="1"/><D128/><REACH who="0" ten="220,270,250,250" step="2"/><U99/><E126/><V1/><F1/><W26/><G108/><T90/><D90/><U48/><E0/><V131/><F131/><W134/><G134/><T72/><D72/><U123/><E123/><V4/><F42/><W98/><G125/><T23/><D23/><AGARI ba="0,1" hai="4,10,14,15,19,23,45,49,55,83,85,88,101,103" machi="23" ten="30,3900,0" yaku="7,1,8,1,54,1" doraHai="27" who="2" fromWho="0" sc="220,-39,270,0,250,49,250,0" /><INIT seed="2,0,0,3,2,32" ten="181,270,299,250" oya="2" hai0="127,10,55,75,123,100,106,41,62,134,9,52,17" hai1="12,99,1,78,61,110,13,114,135,81,59,69,22" hai2="37,14,27,132,95,56,48,11,0,47,118,23,96" hai3="67,65,25,29,66,130,122,102,58,90,131,33,34"/><V6/><F37/><W109/><G122/><T116/><D123/><U93/><E114/><V133/><F118/><W94/><G109/><T128/><D75/><U46/><E110/><V16/><F56/><W26/><G102/><T76/><D128/><N who="3" m="49193" /><G58/><T105/><D134/><N who="2" m="51818" /><F47/><W18/><G18/><T53/><D127/><U115/><E69/><V60/><F48/><W80/><G80/><T70/><D116/><U50/><E115/><V57/><F60/><W79/><G79/><T86/><D41/><U35/><E35/><N who="3" m="13322" /><G29/><T64/><D17/><U36/><E36/><V68/><F57/><W126/><G126/><T5/><D100/><U2/><E135/><V120/><F68/><W101/><G101/><T97/><D70/><U89/><E59/><V73/><F73/><W98/><AGARI ba="0,0" hai="25,26,65,66,67,90,94,98" m="13322,49193" machi="98" ten="40,1500,0" yaku="19,1" doraHai="32" who="3" fromWho="3" sc="181,-4,270,-4,299,-7,250,15" /><INIT seed="3,0,0,3,4,11" ten="177,266,292,265" oya="3" hai0="111,118,64,51,29,82,27,83,14,56,96,71,121" hai1="72,0,20,109,101,25,54,74,8,49,61,99,17" hai2="9,63,50,86,123,88,22,55,103,46,62,126,81" hai3="37,124,119,4,2,41,125,48,7,110,66,114,34"/><W95/><G114/><T129/><D118/><U16/><E109/><V116/><F123/><W47/><G119/><T65/><D121/><U130/><E61/><V13/><F116/><W98/><G34/><T57/><D71/><U134/><E130/><V23/><F126/><N who="3" m="48747" /><G2/><T38/><D38/><U76/><E76/><V45/><F103/><N who="3" m="60895" /><G110/><T85/><D96/><U112/><E134/><V5/><F46/><N who="3" m="23855" /><G66/><T100/><D65/><U6/><E17/><V33/><F33/><W60/><G60/><AGARI ba="0,0" hai="5,9,13,22,23,45,50,55,60,62,63,81,86,88" machi="60" ten="40,5200,0" yaku="8,1,52,1,54,1" doraHai="11" who="2" fromWho="3" sc="177,0,266,0,292,52,265,-52" /><INIT seed="4,0,0,1,0,91" ten="177,266,344,213" oya="0" hai0="111,24,49,22,1,106,36,77,41,132,52,109,50" hai1="104,8,82,23,15,80,97,69,127,66,112,32,62" hai2="75,27,103,102,2,99,125,7,25,68,95,59,30" hai3="21,39,61,57,101,79,9,81,87,92,43,3,45"/><T110/><D1/><U84/><E112/><V120/><F75/><W17/><G3/><T0/><D0/><U130/><E127/><V83/><F68/><W72/><G9/><T28/><D106/><U107/><E130/><V58/><F120/><W14/><G72/><T90/><D77/><U123/><E123/><V78/><F2/><W35/><G35/><T55/><D132/><U116/><E116/><V34/><F7/><W124/><G124/><T89/><D41/><U18/><E32/><V74/><F103/><W29/><G29/><T19/><D36/><U44/><E44/><V38/><F38/><W94/><REACH who="3" step="1"/><G101/><REACH who="3" ten="177,266,344,203" step="2"/><T117/><D28/><U33/><E33/><V46/><F125/><W53/><AGARI ba="0,1" hai="14,17,21,39,43,45,53,57,61,79,81,87,92,94" machi="53" ten="20,12000,2" yaku="1,1,2,1,0,1,7,1,52,2,53,1" doraHai="91" doraHaiUra="16" who="3" fromWho="3" sc="177,-60,266,-30,344,-30,203,130" /><INIT seed="5,0,0,1,0,131" ten="117,236,314,333" oya="1" hai0="99,39,87,104,81,28,105,35,44,97,26,132,1" hai1="123,57,0,45,121,8,85,83,56,106,96,70,68" hai2="116,25,37,120,53,38,13,3,90,135,17,112,94" hai3="30,78,15,84,36,108,32,51,124,48,119,22,14"/><U89/><E0/><V42/><F3/><W27/><G36/><T60/><D1/><U47/><E8/><V101/><F116/><W66/><G108/><T50/><D39/><U34/><E34/><V18/><F42/><W75/><G75/><T5/><D5/><U86/><E96/><V118/><F101/><W92/><G124/><T125/><D125/><U114/><E83/><V46/><F25/><W24/><G66/><T54/><D99/><U2/><E2/><V59/><F17/><W122/><G122/><T102/><D60/><U67/><E67/><V21/><F46/><W113/><G113/><T110/><D110/><U43/><E89/><V12/><F120/><W55/><G51/><T40/><D40/><U103/><E43/><V49/><F12/><W58/><G119/><T29/><D29/><U31/><E31/><V130/><F112/><W6/><G6/><T16/><D105/><U82/><E82/><V129/><F118/><W74/><G74/><T63/><D63/><U23/><E114/><V107/><F107/><W65/><G65/><T9/><D9/><U11/><E11/><V79/><F79/><W100/><G78/><T126/><D126/><U80/><E80/><V77/><F77/><W71/><G71/><T69/><D69/><U33/><E33/><V73/><F73/><W111/><G111/><T91/><REACH who="0" step="1"/><D16/><REACH who="0" ten="107,236,314,333" step="2"/><U115/><E115/><V64/><F37/><W98/><G84/><T128/><D128/><N who="2" m="49258" /><F38/><W134/><G15/><T117/><D117/><U19/><E19/><V127/><F127/><W20/><G14/><T95/><D95/><RYUUKYOKU ba="0,1" sc="107,30,236,-10,314,-10,333,-10" hai0="26,28,35,44,50,54,81,87,91,97,102,104,132" /><INIT seed="6,1,1,0,4,102" ten="137,226,304,323" oya="2" hai0="18,16,11,104,73,81,22,30,133,116,71,131,87" hai1="13,82,6,128,113,120,46,85,80,63,92,39,0" hai2="96,134,111,86,59,78,47,103,37,89,109,57,68" hai3="126,54,122,14,19,28,50,114,34,17,45,108,124"/><V3/><F68/><W4/><G108/><N who="2" m="41545" /><F3/><W23/><G122/><T118/><D73/><U32/><E0/><V115/><F78/><W29/><G4/><T93/><D71/><U83/><E32/><V55/><F115/><W42/><G114/><T117/><D131/><U15/><E113/><V27/><F27/><W119/><G34/><T21/><D93/><U43/><E120/><V31/><F31/><W26/><G42/><T35/><D133/><U61/><E128/><V62/><F37/><W36/><G36/><T69/><D69/><U53/><E6/><V8/><F8/><N who="3" m="6343" /><G119/><T70/><D70/><U67/><E53/><V76/><F76/><W121/><G121/><T107/><D11/><U20/><E67/><V99/><F103/><W127/><AGARI ba="1,1" hai="19,23,26,28,29,45,50,54,124,126,127" m="6343" machi="127" ten="30,1100,0" yaku="18,1" doraHai="102" who="3" fromWho="3" sc="137,-4,226,-4,304,-6,323,24" /><INIT seed="7,0,0,3,0,38" ten="133,222,298,347" oya="3" hai0="126,34,0,80,107,109,63,24,124,15,67,135,3" hai1="30,98,68,25,111,84,39,96,119,50,59,83,76" hai2="105,54,89,58,115,57,17,122,133,70,79,8,97" hai3="16,95,72,48,132,2,87,6,27,45,66,86,60"/><W99/><G72/><T36/><D80/><U65/><E39/><V5/><F70/><W43/><G6/><T9/><D107/><U117/><E111/><V20/><F79/><W23/><G2/><T69/><D109/><U1/><E1/><V112/><F105/><W33/><G33/><T37/><D15/><U40/><E68/><V29/><F29/><W53/><G53/><T78/><D78/><U93/><E65/><V32/><F32/><W14/><G14/><T11/><D34/><U55/><E40/><V120/><F5/><W41/><G41/><T7/><D24/><U19/><E19/><V77/><F77/><W13/><G13/><T113/><D135/><U22/><REACH who="1" step="1"/><E93/><REACH who="1" ten="133,212,298,347" step="2"/><V28/><F17/><W100/><G132/><T42/><D113/><N who="2" m="43594" /><F133/><W10/><G10/><T110/><D110/><U106/><E106/><V116/><F8/><W47/><G47/><T131/><D37/><U92/><E92/><N who="2" m="56463" /><F122/><W73/><G73/><T21/><D131/><U44/><E44/><V18/><F120/><W26/><G26/><T118/><D118/><AGARI ba="0,1" hai="22,25,30,50,55,59,76,83,84,96,98,117,118,119" machi="118" ten="40,5200,0" yaku="1,1,12,1,53,1" doraHai="38" doraHaiUra="74" who="1" fromWho="0" sc="133,-52,212,62,298,0,347,0" owari="81,-42.0,274,-13.0,298,10.0,347,45.0" /></mjloggm>