<mjloggm ver="2.3"><GO type="41" lobby="0"/><UN n0="%E4%B9%99%E8%BC%AA%E5%B0%8F%E9%88%B4" n1="%40%E3%81%86%E3%81%83%E3%82%8B%E3%81%9D%E3%82%93%40" n2="%E3%81%97%E3%82%93%E3%81%AA" n3="%E2%93%9D%53%75%70%68%78" dan="14,13,15,19" rate="1858.58,2040.53,2127.62,2133.51" sx="M,F,M,M"/><TAIKYOKU oya="0"/><INIT seed="0,0,0,2,5,95" ten="250,250,250,250" oya="0" hai0="7,46,83,76,87,28,73,99,52,66,112,123,124" hai1="61,132,92,14,32,17,79,23,82,15,47,80,59" hai2="10,103,37,56,109,78,1,100,125,27,107,108,26" hai3="64,40,77,51,25,57,21,120,53,122,129,101,131"/><T117/><D124/><U2/><E2/><V35/><F125/><W20/><G77/><T18/><D112/><U130/><E130/><N who="3" m="49674" /><G21/><T16/><D123/><N who="3" m="47145" /><G101/><T113/><D113/><U49/><E132/><V116/><F116/><W24/><G20/><T42/><D117/><U9/><E32/><V70/><F70/><W134/><G25/><T34/><D66/><U85/><E80/><V86/><F107/><W5/><G5/><T6/><D34/><U91/><E9/><V90/><F35/><W31/><G24/><T111/><D111/><U105/><E105/><V45/><F10/><W119/><G31/><T36/><D73/><U3/><E3/><V41/><F1/><W89/><G89/><T135/><D135/><U63/><E15/><V4/><F4/><N who="0" m="1578" /><D36/><U98/><REACH who="1" step="1"/><E59/><REACH who="1" ten="250,240,250,250" step="2"/><V67/><F56/><N who="3" m="32831" /><G119/><T29/><D42/><AGARI ba="0,1" hai="14,17,23,42,47,49,61,63,79,82,85,91,92,98" machi="42" ten="30,7700,0" yaku="1,1,7,1,8,1,52,1,53,0" doraHai="95" doraHaiUra="65" who="1" fromWho="0" sc="250,-77,240,87,250,0,250,0" /><INIT seed="1,0,0,2,0,73" ten="173,327,250,250" oya="1" hai0="26,104,38,18,135,120,55,80,31,39,86,52,66" hai1="65,112,8,53,97,7,30,78,114,22,64,131,29" hai2="77,6,4,116,90,109,54,34,115,50,2,117,19" hai3="98,133,69,41,33,91,43,88,76,92,40,51,20"/><U17/><E131/><V48/><F34/><W96/><G33/><T125/><D104/><U101/><E112/><V127/><F127/><W35/><G35/><T106/><D106/><U10/><E114/><V1/><F115/><W5/><G69/><T60/><D125/><U81/><E10/><V32/><F32/><W56/><G133/><T111/><D31/><U9/><E9/><V68/><F68/><W108/><G108/><T124/><D124/><U121/><E121/><V94/><F77/><W128/><G5/><T72/><D72/><U62/><E53/><V83/><F83/><W47/><G128/><T37/><D111/><U113/><E113/><V123/><F123/><W93/><G56/><T67/><D135/><U36/><E36/><V103/><F103/><W46/><G20/><T59/><D120/><U42/><E42/><V61/><F61/><W25/><G25/><T44/><D44/><U70/><E64/><V132/><F132/><W100/><G76/><T99/><D99/><U89/><E89/><V24/><F109/><W85/><REACH who="3" step="1"/><G47/><REACH who="3" ten="173,327,250,240" step="2"/><T16/><D67/><U23/><E23/><V107/><F24/><W14/><G14/><T122/><D122/><U58/><E70/><V3/><F117/><W130/><G130/><T49/><D26/><U13/><E78/><V28/><F116/><W84/><G84/><T21/><D21/><U57/><E57/><V110/><F110/><W15/><G15/><T102/><D102/><U79/><E79/><V95/><F2/><W105/><AGARI ba="0,1" hai="40,41,43,46,51,85,88,91,92,93,96,98,100,105" machi="105" ten="20,5200,0" yaku="1,1,0,1,7,1,54,1,53,0" doraHai="73" doraHaiUra="119" who="3" fromWho="3" sc="173,-13,327,-26,250,-13,240,62" /><INIT seed="2,0,0,4,5,74" ten="160,301,237,302" oya="2" hai0="53,129,108,111,66,77,44,102,117,4,126,92,99" hai1="32,41,61,125,112,71,26,17,46,31,55,38,8" hai2="87,96,6,86,29,59,9,91,63,22,28,64,78" hai3="98,95,106,23,89,97,121,105,123,68,69,133,3"/><V45/><F45/><W39/><G23/><T48/><D126/><U124/><E112/><V81/><F96/><W118/><G3/><T43/><D129/><U75/><E75/><V7/><F22/><W115/><G39/><T52/><D117/><U79/><E79/><V109/><F109/><N who="0" m="42058" /><D66/><U70/><E8/><V42/><F42/><W122/><G133/><T80/><D4/><U83/><E83/><V60/><F60/><W33/><G33/><T40/><D40/><U88/><E17/><V30/><REACH who="2" step="1"/><F9/><REACH who="2" ten="160,301,227,302" step="2"/><W19/><G98/><T11/><D11/><U13/><E61/><V0/><F0/><W37/><G97/><T10/><D10/><U54/><E124/><V1/><F1/><W90/><G123/><T107/><D107/><U130/><E125/><V12/><F12/><W116/><G106/><T103/><D103/><U62/><E13/><V47/><F47/><W5/><G105/><T15/><D15/><U14/><E62/><V84/><F84/><AGARI ba="0,1" hai="43,44,48,52,53,77,80,84,92,99,102" m="42058" machi="84" ten="30,3900,0" yaku="14,1,52,1,54,1" doraHai="74" who="0" fromWho="2" sc="160,49,301,0,227,-39,302,0" /><INIT seed="3,0,0,3,4,6" ten="209,301,188,302" oya="3" hai0="18,37,68,11,57,81,94,24,8,45,15,40,43" hai1="54,104,36,59,55,85,30,100,106,25,124,75,64" hai2="53,3,27,116,33,113,107,20,2,109,120,97,119" hai3="1,98,128,67,51,48,12,135,78,96,133,62,61"/><W63/><G1/><T110/><D81/><U47/><E75/><V13/><F120/><W52/><G78/><T130/><D68/><U79/><E64/><V4/><F113/><W16/><G51/><T80/><D130/><U42/><E124/><V21/><F53/><W92/><G128/><T103/><D110/><U19/><E19/><V69/><F69/><W132/><G67/><T82/><D43/><U125/><E125/><V34/><F109/><W46/><REACH who="3" step="1"/><G92/><REACH who="3" ten="209,301,188,292" step="2"/><T26/><D57/><U56/><E79/><V112/><F112/><W5/><G5/><T28/><D82/><U118/><E106/><V49/><F49/><W102/><G102/><T39/><D80/><U126/><E100/><V93/><F107/><W41/><G41/><T10/><D39/><U66/><E104/><V77/><F77/><W114/><G114/><T58/><D58/><U95/><E95/><V101/><F4/><W90/><G90/><T70/><D70/><U115/><E115/><V127/><F127/><W73/><G73/><T17/><D17/><U14/><E42/><V105/><F105/><W131/><G131/><T65/><D65/><U123/><E36/><V38/><F38/><W83/><G83/><T7/><D7/><U60/><E60/><V111/><F111/><W129/><G129/><T121/><D121/><U44/><E123/><V22/><F27/><W84/><G84/><T134/><D134/><U108/><E25/><V35/><REACH who="2" step="1"/><F13/><REACH who="2" ten="209,301,178,292" step="2"/><W32/><G32/><N who="0" m="20487" /><D26/><U87/><E14/><V89/><F89/><W74/><G74/><T72/><D72/><U88/><E126/><RYUUKYOKU ba="0,2" sc="209,10,301,-30,178,10,292,10" hai0="8,10,11,15,18,37,40,45,94,103" hai2="2,3,20,21,22,33,34,35,93,97,101,116,119" hai3="12,16,46,48,52,61,62,63,96,98,132,133,135" /><INIT seed="3,1,2,5,0,74" ten="219,271,188,302" oya="3" hai0="89,122,67,86,75,65,28,17,87,88,71,99,57" hai1="95,3,114,12,109,61,120,92,6,38,26,80,105" hai2="97,2,94,70,13,25,111,19,84,29,66,39,63" hai3="76,36,42,103,104,108,118,81,68,4,85,47,130"/><W30/><G118/><T51/><D75/><U37/><E109/><V69/><F39/><W56/><G68/><T33/><D122/><U52/><E3/><V121/><F121/><W24/><G108/><T135/><D135/><U125/><E105/><V60/><F111/><W77/><G130/><T54/><D33/><U124/><E114/><V98/><F2/><W101/><G4/><T79/><D28/><U44/><E120/><V20/><F69/><W110/><G110/><T8/><D71/><U1/><E1/><V115/><F115/><W49/><G104/><T73/><D73/><U11/><E26/><V106/><F63/><W55/><REACH who="3" step="1"/><G77/><REACH who="3" ten="219,271,188,292" step="2"/><T50/><D79/><U14/><E124/><V133/><F133/><W112/><G112/><T134/><D134/><U127/><E125/><V22/><F106/><W117/><G117/><T107/><D107/><U27/><E127/><V35/><F35/><AGARI ba="1,3" hai="24,30,35,36,42,47,49,55,56,76,81,85,101,103" machi="35" ten="30,5800,0" yaku="1,1,7,1,52,1,53,0" doraHai="74" doraHaiUra="129" who="3" fromWho="2" sc="219,0,271,0,188,-61,292,91" /><INIT seed="3,2,0,4,3,71" ten="219,271,127,383" oya="3" hai0="88,0,55,92,75,135,97,41,90,25,122,56,76" hai1="24,86,127,12,67,93,77,57,121,20,123,11,23" hai2="100,102,34,63,133,31,59,35,13,83,96,65,106" hai3="112,82,22,16,73,119,1,129,27,128,113,38,52"/><W125/><G119/><T26/><D122/><U48/><E127/><V42/><F133/><W53/><G1/><T99/><D0/><U50/><E121/><V131/><F131/><N who="3" m="50251" /><G125/><T91/><D135/><U19/><E23/><V84/><F102/><W120/><G120/><T54/><D41/><U3/><E3/><V89/><F31/><W49/><G38/><T87/><D75/><U45/><E123/><V134/><F134/><W2/><G2/><T72/><D72/><U40/><E67/><V29/><F29/><W30/><G30/><T43/><D43/><U64/><E64/><V130/><F130/><W107/><G107/><T51/><D55/><N who="3" m="21065" /><G49/><T115/><D115/><U118/><E118/><V66/><F42/><W69/><G69/><T6/><D6/><U18/><E57/><V17/><REACH who="2" step="1"/><F66/><REACH who="2" ten="219,271,117,383" step="2"/><W124/><G124/><T103/><REACH who="0" step="1"/><D97/><REACH who="0" ten="209,271,117,383" step="2"/><U8/><E40/><V132/><F132/><W101/><G113/><T81/><AGARI ba="2,2" hai="25,26,51,54,56,76,81,87,88,90,91,92,99,103" machi="81" ten="30,8000,1" yaku="1,1,2,1,0,1,8,1,54,1,53,0" doraHai="71" doraHaiUra="105" who="0" fromWho="0" sc="209,106,271,-22,117,-22,383,-42" /><INIT seed="4,0,0,2,2,12" ten="315,249,95,341" oya="0" hai0="28,38,18,126,74,39,129,100,45,78,128,113,102" hai1="88,60,33,87,86,53,130,16,90,58,3,79,63" hai2="0,20,124,104,1,97,49,21,116,83,32,10,118" hai3="127,59,96,52,73,26,57,120,67,62,94,30,65"/><T132/><D28/><U29/><E3/><N who="2" m="1099" /><F49/><W4/><G127/><T134/><D113/><U91/><E130/><N who="0" m="50281" /><D78/><U115/><E115/><V135/><F83/><W98/><G73/><T46/><D74/><U69/><E69/><V80/><F80/><W14/><G120/><T82/><D82/><U54/><E29/><V15/><F97/><W76/><G76/><T84/><D84/><N who="1" m="32299" /><E79/><V123/><F104/><W121/><G121/><T42/><D18/><U81/><E33/><V35/><F135/><N who="0" m="51754" /><D126/><U117/><E81/><V107/><F123/><W108/><G30/><T92/><D92/><U131/><E131/><V23/><F107/><W70/><G94/><T47/><D42/><U13/><E117/><N who="2" m="45163" /><F124/><W11/><G98/><T61/><D61/><N who="1" m="23627" /><E58/><V68/><F68/><W103/><G70/><T95/><D95/><U2/><E2/><V55/><F55/><W43/><G52/><T133/><N who="0" m="51762" /><T125/><DORA hai="19" /><D125/><U17/><E17/><AGARI ba="0,0" hai="10,15,17,20,21,23,32,35" m="45163,1099" machi="17" ten="40,12000,2" yaku="12,1,34,2,52,4" doraHai="12,19" who="2" fromWho="1" sc="315,0,249,-120,95,120,341,0" /><INIT seed="5,0,0,1,3,39" ten="315,129,215,341" oya="1" hai0="47,100,88,90,34,89,124,113,27,68,52,38,72" hai1="79,31,93,56,41,107,125,16,1,60,66,111,105" hai2="26,118,85,74,49,0,30,80,65,82,75,84,19" hai3="96,3,131,92,28,48,35,97,83,104,67,86,70"/><U87/><E111/><V117/><F0/><W133/><G3/><T110/><D110/><U71/><E1/><V123/><F123/><W9/><G9/><T29/><D113/><U50/><E125/><V33/><F19/><W61/><G133/><T102/><D124/><U12/><E31/><V116/><F65/><W129/><G48/><T53/><D68/><U69/><E69/><V98/><F49/><W2/><G2/><T11/><D72/><U91/><E79/><V127/><F127/><W134/><G134/><T130/><D130/><N who="3" m="49673" /><G92/><T132/><D132/><U135/><E135/><V20/><F98/><W112/><G104/><T25/><D11/><U17/><E17/><V8/><F8/><W51/><G51/><T44/><D29/><U64/><E64/><V6/><F6/><W37/><G37/><T23/><D34/><U40/><E71/><V55/><F55/><N who="0" m="21066" /><D23/><U81/><E81/><V95/><F95/><W58/><G112/><T57/><D57/><U114/><E114/><V54/><F54/><W78/><G70/><T121/><D38/><U99/><E99/><V15/><F15/><W4/><G4/><T24/><D121/><U18/><E18/><V59/><F59/><W106/><G106/><T122/><D122/><U63/><E63/><V76/><REACH who="2" step="1"/><F33/><REACH who="2" ten="315,129,205,341" step="2"/><W42/><G35/><T120/><D120/><U109/><E109/><V126/><F126/><W94/><G28/><T5/><D5/><U128/><E128/><V43/><F43/><N who="1" m="16457" /><E50/><V101/><F101/><AGARI ba="0,1" hai="24,25,27,44,47,88,89,90,100,101,102" m="21066" machi="101" ten="40,8000,1" yaku="28,2,8,1,54,2" doraHai="39" who="0" fromWho="2" sc="315,90,129,0,205,-80,341,0" /><INIT seed="6,0,0,1,5,11" ten="405,129,125,341" oya="2" hai0="87,57,4,88,108,133,34,82,45,40,81,26,73" hai1="128,23,120,6,118,66,125,134,62,59,78,94,84" hai2="54,56,99,107,91,113,80,47,36,119,110,131,29" hai3="127,31,22,117,135,24,20,69,86,77,96,123,5"/><V103/><F119/><W104/><G123/><T93/><D133/><U122/><E118/><V97/><F113/><W42/><G127/><T16/><D108/><U105/><E125/><V126/><F126/><W109/><G69/><T27/><D73/><U13/><E105/><V124/><F124/><W129/><G129/><T85/><D4/><U68/><E128/><V63/><F131/><W8/><G42/><T43/><D34/><U2/><E2/><V3/><F3/><W14/><G109/><T76/><D93/><U74/><E74/><V41/><F110/><W39/><G39/><T92/><D92/><U79/><E134/><V38/><F29/><W112/><G112/><T111/><D111/><U89/><E68/><V67/><F36/><W60/><G117/><T28/><D28/><U19/><E6/><V95/><REACH who="2" step="1"/><F80/><REACH who="2" ten="405,129,115,341" step="2"/><W53/><G135/><T115/><D82/><U44/><E44/><V106/><F106/><W33/><G104/><T98/><D81/><U61/><E61/><V65/><AGARI ba="0,1" hai="38,41,47,54,56,63,65,67,91,95,97,99,103,107" machi="65" ten="30,6000,0" yaku="1,1,0,1,53,1" doraHai="11" doraHaiUra="49" who="2" fromWho="2" sc="405,-20,129,-20,115,70,341,-20" /><INIT seed="6,1,0,2,4,111" ten="385,109,185,321" oya="2" hai0="96,120,127,89,134,46,62,36,117,95,101,93,122" hai1="42,135,37,97,16,57,131,109,64,133,102,129,44" hai2="9,112,52,50,65,103,110,35,61,72,60,20,28" hai3="118,24,6,17,126,114,98,85,99,94,115,19,83"/><V92/><F72/><W43/><G118/><T78/><D127/><U68/><E97/><V80/><F110/><W47/><G6/><T58/><D134/><N who="1" m="51211" /><E102/><V82/><F112/><N who="3" m="43051" /><G126/><T53/><D117/><U81/><E81/><V49/><F35/><W26/><G26/><T128/><D128/><N who="1" m="49227" /><E16/><N who="3" m="6218" /><G24/><T90/><D78/><U5/><E5/><V48/><F9/><W67/><G67/><T30/><D30/><U23/><E23/><V21/><F28/><W77/><G94/><T123/><REACH who="0" step="1"/><D95/><REACH who="0" ten="375,109,185,321" step="2"/><U22/><E22/><N who="2" m="8811" /><F92/><W4/><G4/><T70/><D70/><U75/><E75/><V69/><F103/><W51/><AGARI ba="1,1" hai="43,47,51,77,83,85,98,99" m="6218,43051" machi="51" ten="30,12000,2" yaku="15,1,11,1,52,3,54,1" doraHai="111" who="3" fromWho="3" sc="375,-31,109,-31,185,-61,321,133" /><INIT seed="7,0,0,1,4,118" ten="344,78,124,454" oya="3" hai0="19,79,70,97,48,8,122,75,47,77,131,15,130" hai1="32,73,65,12,105,112,58,67,30,63,89,23,4" hai2="85,84,38,133,50,55,125,87,111,117,51,126,103" hai3="57,106,129,115,104,60,135,49,69,14,61,46,43"/><W6/><G129/><N who="0" m="49163" /><D70/><U29/><E73/><V91/><F117/><W90/><G115/><T128/><N who="0" m="49171" /><T119/><DORA hai="18" /><D119/><U127/><E105/><V132/><F111/><W88/><G135/><N who="2" m="51785" /><F38/><W21/><G106/><T62/><D122/><U34/><E112/><V109/><F103/><W1/><G1/><T53/><D75/><U71/><E127/><N who="2" m="48651" /><F109/><W7/><G57/><N who="0" m="35119" /><D97/><U10/><E89/><N who="3" m="34410" /><G69/><T20/><D8/><U44/><E44/><N who="2" m="28103" /><F51/><W17/><G104/><T114/><D114/><U54/><E67/><V120/><F120/><W39/><G39/><T59/><D59/><U41/><E41/><AGARI ba="0,0" hai="15,19,20,41,47,48,77,79" m="35119,49171" machi="41" ten="40,2600,0" yaku="19,1,52,1" doraHai="118,18" who="0" fromWho="1" sc="344,26,78,-26,124,0,454,0" owari="370,17.0,52,-45.0,124,-28.0,454,56.0" /></mjloggm>