<mjloggm ver="2.3"><GO type="41" lobby="0"/><UN n0="%E6%9C%89%E4%B8%AD%E6%9C%89" n1="%E7%95%99%E5%B9%B4%E4%BA%88%E5%82%99%E8%BB%8D" n2="%E2%93%9D%53%75%70%68%78" n3="%E5%8D%B1%E9%99%BA%E7%89%A9%E5%87%A6%E7%90%86%E7%8F%AD" dan="15,13,18,13" rate="2022.84,1814.68,2110.25,1869.30" sx="M,M,M,M"/><TAIKYOKU oya="0"/><INIT seed="0,0,0,0,2,81" ten="250,250,250,250" oya="0" hai0="125,61,55,89,119,75,101,48,133,49,74,129,113" hai1="34,67,6,66,46,38,2,22,122,104,56,69,73" hai2="86,19,123,47,88,23,1,96,112,105,18,20,118" hai3="28,71,24,134,84,11,102,110,70,14,17,68,79"/><T82/><D119/><U54/><E34/><V64/><F123/><W98/><G134/><T83/><D113/><U21/><E73/><V109/><F1/><W103/><G110/><T135/><D101/><U7/><E104/><V85/><F112/><W13/><G13/><T87/><D129/><U9/><E122/><V128/><F109/><W117/><G117/><T43/><D125/><U29/><E69/><V94/><F105/><W80/><REACH who="3" step="1"/><G98/><REACH who="3" ten="250,250,250,240" step="2"/><T25/><D133/><U121/><E121/><V116/><F116/><W95/><G95/><T115/><D135/><U131/><E131/><V36/><F128/><W132/><G132/><T51/><D115/><U0/><E2/><V124/><F118/><W31/><G31/><T106/><D106/><U91/><E29/><V90/><F96/><W27/><G27/><T37/><D25/><U42/><E0/><V4/><F124/><W57/><G57/><T33/><D82/><U130/><E130/><V93/><F4/><W97/><G97/><T58/><REACH who="0" step="1"/><D33/><AGARI ba="0,1" hai="11,14,17,24,28,33,68,70,71,79,80,84,102,103" machi="33" ten="40,5200,0" yaku="1,1,52,1,53,1" doraHai="81" doraHaiUra="77" who="3" fromWho="0" sc="250,-52,250,0,250,0,240,62" /><INIT seed="1,0,0,2,5,80" ten="198,250,250,302" oya="1" hai0="93,61,121,101,108,107,5,73,20,70,64,17,106" hai1="99,131,39,26,7,103,38,110,66,89,83,28,95" hai2="120,122,96,46,16,65,82,112,105,75,24,32,47" hai3="69,125,91,11,34,13,3,85,87,48,116,90,51"/><U77/><E131/><V19/><F65/><W42/><G69/><T68/><D108/><U6/><E110/><V94/><F105/><W22/><G34/><T23/><D121/><U25/><E25/><V53/><F112/><W0/><G125/><T134/><D73/><U60/><E89/><V84/><F75/><W62/><G116/><T31/><D134/><U124/><E124/><V44/><F32/><W10/><G62/><T115/><D115/><U37/><E83/><V132/><F132/><W29/><G0/><T113/><D113/><U12/><E12/><V117/><F117/><W76/><G76/><T30/><D5/><U72/><E72/><V88/><F53/><W27/><G3/><T104/><D68/><U97/><E97/><V78/><REACH who="2" step="1"/><F24/><REACH who="2" ten="198,250,240,302" step="2"/><W119/><G119/><T128/><D128/><U58/><REACH who="1" step="1"/><E77/><REACH who="1" ten="198,240,240,302" step="2"/><V130/><F130/><W135/><G135/><T57/><D104/><U126/><E126/><V111/><F111/><W79/><G79/><T40/><D106/><U9/><E9/><V71/><F71/><W50/><G11/><T15/><D107/><U2/><E2/><V4/><F4/><N who="3" m="3271" /><G42/><T21/><D70/><U43/><E43/><V52/><F52/><W59/><G59/><T67/><D40/><U56/><E56/><V74/><F74/><W100/><G100/><T63/><D64/><U133/><E133/><V81/><F81/><W8/><G8/><N who="0" m="6375" /><D67/><U109/><E109/><V36/><F36/><W127/><G127/><T54/><D57/><U41/><E41/><V35/><F35/><AGARI ba="0,2" hai="6,7,26,28,35,37,38,39,58,60,66,95,99,103" machi="35" ten="40,2000,0" yaku="1,1,53,0" doraHai="80" doraHaiUra="123" who="1" fromWho="2" sc="198,0,240,40,240,-20,302,0" /><INIT seed="1,1,0,2,0,66" ten="198,280,220,302" oya="1" hai0="17,67,68,124,13,88,55,80,135,3,22,61,47" hai1="43,21,46,0,131,79,99,53,24,73,97,78,30" hai2="105,56,87,92,82,103,27,129,74,111,86,31,28" hai3="65,4,113,54,96,19,126,121,76,62,116,94,122"/><U20/><E131/><V95/><F129/><W70/><G113/><T120/><D3/><U109/><E0/><V7/><F7/><W117/><G76/><T41/><D135/><U83/><E109/><V101/><F56/><W64/><G126/><T18/><D124/><U93/><E53/><V5/><F5/><W14/><G64/><T123/><D55/><U39/><E79/><V52/><F52/><W37/><G37/><T130/><D130/><U26/><REACH who="1" step="1"/><E93/><REACH who="1" ten="198,270,220,302" step="2"/><V69/><F95/><W134/><G54/><T42/><D41/><U36/><E36/><V118/><F92/><W1/><G122/><T38/><REACH who="0" step="1"/><D18/><AGARI ba="1,1" hai="18,20,21,24,26,30,39,43,46,73,78,83,97,99" machi="18" ten="30,2900,0" yaku="1,1,7,1,53,0" doraHai="66" doraHaiUra="2" who="1" fromWho="0" sc="198,-32,270,42,220,0,302,0" /><INIT seed="1,2,0,5,1,50" ten="166,312,220,302" oya="1" hai0="9,115,43,93,0,103,67,46,72,119,88,58,71" hai1="132,62,101,104,125,74,120,20,4,22,83,28,54" hai2="90,105,68,86,133,5,60,69,17,25,35,13,38" hai3="30,79,53,36,99,66,84,87,134,75,29,65,114"/><U11/><E120/><V45/><F105/><W106/><G114/><T3/><D119/><U89/><E125/><V21/><F133/><W48/><G36/><T59/><D72/><U78/><E132/><V34/><F5/><W41/><G41/><T18/><D115/><U8/><E8/><V23/><F38/><W124/><G124/><T108/><D108/><U130/><E130/><V131/><F45/><W52/><G134/><T42/><D103/><U70/><E28/><N who="3" m="10858" /><G48/><T100/><D100/><U14/><E89/><V47/><F47/><W126/><G106/><T94/><D71/><U80/><E80/><V15/><F131/><W97/><G75/><T33/><D46/><U135/><E135/><V6/><F6/><W32/><G32/><T40/><D33/><U127/><E127/><V7/><F7/><W118/><G118/><T51/><D51/><U95/><E104/><V31/><F35/><W24/><G24/><T98/><D93/><U96/><REACH who="1" step="1"/><E70/><REACH who="1" ten="166,302,220,302" step="2"/><V81/><F69/><W76/><G126/><T123/><D123/><U102/><E102/><V63/><F68/><W91/><G91/><T27/><D9/><U61/><E61/><N who="2" m="23627" /><F34/><W117/><G117/><T92/><D92/><U64/><E64/><N who="3" m="24682" /><G79/><T19/><D67/><U85/><E85/><N who="3" m="32842" /><G76/><T121/><D121/><U56/><AGARI ba="2,1" hai="4,11,14,20,22,54,56,62,74,78,83,95,96,101" machi="56" ten="30,6000,0" yaku="1,1,0,1,52,1,53,0" doraHai="50" doraHaiUra="39" who="1" fromWho="1" sc="166,-22,302,76,220,-22,302,-22" /><INIT seed="1,3,0,1,5,16" ten="144,378,198,280" oya="1" hai0="65,121,58,106,101,85,126,116,102,71,30,36,52" hai1="122,91,13,119,112,79,68,14,97,73,27,48,0" hai2="129,117,47,2,93,45,53,51,49,87,28,17,12" hai3="31,114,108,26,29,75,25,39,94,74,37,9,128"/><U125/><E0/><V6/><F129/><W8/><G128/><T62/><D116/><U123/><E68/><V64/><F117/><W130/><G130/><T72/><D126/><U21/><E119/><V59/><F2/><W46/><G94/><T98/><D72/><U132/><E112/><V44/><F28/><W99/><G99/><T120/><D36/><U135/><E79/><V63/><F6/><W60/><G60/><T110/><D110/><U104/><E73/><V38/><F38/><W5/><G46/><T100/><D30/><U103/><E125/><V42/><F93/><W67/><G67/><T92/><D85/><U7/><E91/><V55/><F87/><W22/><G5/><T113/><D113/><U81/><E81/><V76/><F76/><W20/><REACH who="3" step="1"/><G114/><REACH who="3" ten="144,378,198,270" step="2"/><T86/><D106/><U107/><E104/><V127/><F127/><W109/><AGARI ba="3,1" hai="8,9,20,22,25,26,29,31,37,39,74,75,108,109" machi="109" ten="25,12000,2" yaku="1,1,2,1,0,1,22,2,52,2,53,0" doraHai="16" doraHaiUra="33" who="3" fromWho="3" sc="144,-33,378,-63,198,-33,270,139" /><INIT seed="2,0,0,4,1,113" ten="111,315,165,409" oya="2" hai0="125,123,34,12,129,80,53,103,19,5,26,74,127" hai1="124,50,110,85,48,134,57,69,101,54,62,111,52" hai2="91,58,59,15,128,56,97,112,114,83,93,98,65" hai3="32,16,43,25,126,23,60,105,36,2,49,95,90"/><V64/><F128/><W109/><G105/><T73/><D123/><U92/><E101/><V115/><F15/><W21/><G2/><T106/><D129/><U31/><E31/><V14/><F14/><W96/><G36/><T6/><D53/><U99/><E99/><V38/><F38/><W28/><G126/><N who="0" m="48139" /><D103/><U3/><E3/><V108/><F108/><N who="1" m="41513" /><E92/><V17/><F17/><W102/><G60/><T77/><D106/><U44/><E85/><V82/><REACH who="2" step="1"/><F98/><REACH who="2" ten="111,315,155,409" step="2"/><W46/><G109/><T133/><D133/><U116/><E124/><V131/><F131/><W61/><G102/><T20/><D73/><U33/><E134/><V130/><F130/><W71/><G16/><N who="0" m="12551" /><D34/><U37/><E33/><V76/><F76/><W24/><G32/><T68/><D68/><U122/><E122/><V11/><F11/><AGARI ba="0,1" hai="5,6,11,12,19,74,77,80" m="12551,48139" machi="11" ten="30,2000,0" yaku="18,1,54,1" doraHai="113" who="0" fromWho="2" sc="111,30,315,0,155,-20,409,0" /><INIT seed="3,0,0,4,4,57" ten="141,315,135,409" oya="3" hai0="129,39,36,8,111,117,17,88,35,6,34,52,86" hai1="50,45,10,102,56,135,122,83,75,18,95,126,42" hai2="0,20,84,110,29,46,106,65,113,62,105,25,53" hai3="61,72,114,96,125,66,23,91,89,37,81,70,94"/><W77/><G114/><T104/><D117/><U80/><E122/><V14/><F113/><W28/><G125/><T59/><D104/><U31/><E126/><V124/><F0/><W71/><G37/><T64/><D111/><U9/><E135/><V85/><F124/><W22/><G28/><T108/><D108/><U48/><E31/><V41/><F53/><W73/><G91/><T93/><D129/><U2/><E2/><V74/><F74/><W100/><G100/><T19/><D64/><U21/><E75/><V60/><F110/><W33/><G33/><T123/><D123/><U109/><E109/><V11/><F106/><W101/><G101/><T49/><D36/><U87/><E83/><V7/><F105/><W1/><G1/><T103/><D103/><U51/><E51/><N who="2" m="27087" /><F65/><W26/><G26/><T134/><D134/><U4/><E4/><V78/><F85/><W82/><REACH who="3" step="1"/><G71/><REACH who="3" ten="141,315,135,399" step="2"/><T54/><D39/><U90/><E102/><V130/><F130/><W13/><G13/><N who="0" m="5271" /><D34/><U120/><E120/><V58/><F58/><W30/><G30/><T99/><D35/><U118/><E118/><V98/><F98/><W121/><G121/><T63/><D99/><U44/><E80/><AGARI ba="0,1" hai="7,11,14,20,25,29,60,62,78,80,84" m="27087" machi="80" ten="30,7700,0" yaku="25,1,8,1,52,2" doraHai="57" who="2" fromWho="1" sc="141,0,315,-77,135,87,399,0" /><INIT seed="4,0,0,5,1,30" ten="141,238,222,399" oya="0" hai0="31,95,84,109,69,48,114,121,100,56,13,118,51" hai1="28,33,15,110,111,97,117,85,68,130,76,74,92" hai2="129,107,14,80,127,37,29,131,41,112,79,120,124" hai3="62,26,8,60,38,16,67,32,70,125,19,113,47"/><T116/><D69/><U104/><E68/><V52/><F120/><W94/><G125/><N who="2" m="48201" /><F107/><W42/><G113/><T35/><D121/><U49/><E117/><V54/><F14/><W72/><G72/><T50/><D114/><U105/><E130/><N who="2" m="49675" /><F112/><W20/><G62/><T106/><D109/><U22/><E74/><N who="2" m="43127" /><F29/><W77/><G77/><T34/><D31/><U83/><E105/><V11/><F11/><W5/><G94/><T75/><D13/><U98/><E104/><V91/><F91/><W9/><G32/><T65/><D106/><U63/><E111/><V46/><AGARI ba="0,0" hai="37,41,46,52,54" m="43127,49675,48201" machi="46" ten="40,5200,0" yaku="18,1,19,1,54,1" doraHai="30" who="2" fromWho="2" sc="141,-26,238,-13,222,52,399,-13" /><INIT seed="5,0,0,4,1,86" ten="115,225,274,386" oya="1" hai0="15,43,102,96,127,62,5,41,106,17,130,117,18" hai1="70,56,78,40,134,98,37,31,73,124,87,91,55" hai2="49,20,112,69,35,95,110,42,97,30,82,64,54" hai3="83,2,74,16,47,34,79,105,33,81,113,27,72"/><U120/><E120/><V61/><F110/><W132/><G113/><T90/><D130/><U76/><E70/><V126/><F126/><W123/><G105/><T100/><D127/><U53/><E124/><V77/><F35/><W14/><G2/><T0/><D117/><U4/><E134/><V52/><F112/><W103/><G103/><T71/><D100/><U22/><E4/><V50/><F42/><W25/><G123/><T94/><D0/><U122/><E122/><V21/><F30/><W59/><G74/><T99/><D5/><U38/><E98/><V85/><F50/><W51/><G59/><T107/><D107/><U39/><E40/><V116/><F116/><W135/><G81/><T128/><D128/><U129/><E129/><V80/><F80/><W75/><G72/><T114/><D114/><U119/><E119/><V6/><F6/><W28/><G34/><T109/><D109/><U32/><E32/><V57/><REACH who="2" step="1"/><F54/><REACH who="2" ten="115,225,264,386" step="2"/><W111/><G111/><T104/><D17/><U23/><E55/><V60/><F60/><W133/><G28/><T13/><D104/><U125/><E125/><V24/><F24/><W121/><G33/><T8/><REACH who="0" step="1"/><D13/><REACH who="0" ten="105,225,264,386" step="2"/><U115/><E115/><V88/><AGARI ba="0,2" hai="20,21,49,52,57,61,64,69,77,82,85,88,95,97" machi="88" ten="20,12000,2" yaku="1,1,0,1,7,1,52,1,54,2,53,1" doraHai="86" doraHaiUra="63" who="2" fromWho="2" sc="105,-30,225,-60,264,140,386,-30" /><INIT seed="6,0,0,0,2,120" ten="75,165,404,356" oya="2" hai0="5,18,49,102,135,40,27,87,59,121,88,54,12" hai1="89,15,90,25,53,124,37,58,85,28,22,55,127" hai2="95,82,105,103,33,133,45,94,118,57,26,131,32" hai3="106,34,119,81,107,92,41,7,16,67,13,111,63"/><V0/><F0/><W39/><G34/><T38/><D121/><U14/><E37/><V71/><F131/><W112/><G119/><T44/><D135/><U62/><E124/><V100/><F57/><W47/><G7/><T110/><D102/><U61/><E127/><V69/><F82/><W23/><G112/><T91/><D91/><U60/><E89/><V76/><F26/><W125/><G125/><T9/><D110/><U93/><E60/><V66/><F45/><W79/><G92/><T123/><D123/><U2/><E2/><V115/><F66/><W50/><G111/><T128/><D128/><U70/><E70/><V36/><F76/><W43/><G41/><T52/><D54/><U99/><E85/><V20/><F20/><W8/><G23/><T21/><D5/><U126/><E126/><V68/><F68/><W130/><G130/><T117/><D117/><U35/><E35/><V56/><F118/><W129/><G129/><T113/><D113/><U72/><E72/><V65/><F115/><W73/><G39/><T11/><REACH who="0" step="1"/><D27/><REACH who="0" ten="65,165,404,356" step="2"/><U116/><E116/><V80/><F103/><W4/><G4/><T83/><AGARI ba="0,1" hai="9,11,12,18,21,38,40,44,49,52,59,83,87,88" machi="83" ten="20,12000,2" yaku="1,1,2,1,0,1,7,1,54,2,53,1" doraHai="120" doraHaiUra="10" who="0" fromWho="0" sc="65,130,165,-30,404,-60,356,-30" /><INIT seed="7,0,0,5,1,95" ten="195,135,344,326" oya="3" hai0="62,113,133,45,132,78,30,65,2,69,115,39,71" hai1="59,42,123,35,15,86,34,124,92,57,24,119,83" hai2="84,126,77,105,74,7,55,61,47,10,102,41,109" hai3="99,89,12,100,72,17,103,73,11,79,117,108,14"/><W90/><G117/><T128/><D78/><U68/><E68/><N who="0" m="26185" /><D30/><U131/><E119/><V38/><F109/><W106/><G108/><T52/><D2/><U20/><E131/><V50/><F126/><W36/><G36/><T63/><D128/><U112/><E112/><N who="0" m="43081" /><D39/><U127/><E123/><V110/><F110/><W18/><G103/><T9/><D9/><U66/><E42/><V67/><F102/><W23/><REACH who="3" step="1"/><G79/><REACH who="3" ten="195,135,344,316" step="2"/><T48/><D63/><U80/><E124/><V129/><F129/><W27/><G27/><T29/><D29/><U85/><E127/><V101/><F101/><W8/><G8/><T3/><D3/><U44/><E15/><V122/><F38/><W130/><G130/><T116/><D116/><U111/><E111/><V114/><F114/><W118/><G118/><T5/><D5/><U32/><E44/><V33/><F7/><W37/><G37/><T51/><D51/><U70/><E70/><AGARI ba="0,1" hai="45,48,52,62,65,70,132,133" m="43081,26185" machi="70" ten="30,8000,1" yaku="15,1,11,1,34,2,54,1" doraHai="95" who="0" fromWho="1" sc="195,90,135,-80,344,0,316,0" owari="285,-11.0,55,-44.0,344,43.0,316,12.0" /></mjloggm>