<mjloggm ver="2.3"><GO type="41" lobby="0"/><UN n0="%56%61%72%64%79" n1="%E2%93%9D%53%75%70%68%78" n2="%E6%82%B2%E9%81%8B%E3%81%AE%E6%B5%81%E6%98%9F" n3="%E8%AC%8E%E6%93%AC%EF%BC%B1" dan="15,19,14,13" rate="1978.61,2182.06,1958.76,1901.72" sx="M,M,M,M"/><TAIKYOKU oya="0"/><INIT seed="0,0,0,3,2,13" ten="250,250,250,250" oya="0" hai0="66,98,114,23,29,122,130,14,6,33,124,20,62" hai1="38,80,83,31,88,79,92,7,77,64,118,37,65" hai2="110,120,75,102,47,45,51,68,70,4,54,112,94" hai3="126,50,46,107,48,131,56,82,89,101,81,1,97"/><T12/><D122/><U123/><E123/><V121/><F112/><W93/><G1/><T85/><D114/><U74/><E118/><V2/><F75/><W63/><G126/><T116/><D124/><U117/><E117/><V128/><F4/><W52/><G131/><T58/><D116/><U96/><E7/><V106/><F2/><W9/><G9/><T60/><D130/><U26/><E65/><V132/><F128/><W59/><G56/><T28/><D33/><U84/><REACH who="1" step="1"/><E64/><REACH who="1" ten="250,240,250,250" step="2"/><V8/><F120/><W21/><G107/><T3/><D66/><U35/><AGARI ba="0,1" hai="26,31,35,37,38,74,77,79,80,83,84,88,92,96" machi="35" ten="20,8000,1" yaku="1,1,2,1,0,1,7,1,54,1,53,0" doraHai="13" doraHaiUra="19" who="1" fromWho="1" sc="250,-40,240,90,250,-20,250,-20" /><INIT seed="1,0,0,4,4,28" ten="210,330,230,230" oya="1" hai0="95,32,103,3,37,86,75,82,2,132,92,117,63" hai1="78,62,115,36,35,30,43,99,116,39,97,98,8" hai2="134,72,4,124,114,112,45,128,84,14,56,96,42" hai3="122,7,79,105,64,120,25,16,18,111,123,119,108"/><U102/><E115/><V1/><F72/><W60/><G105/><T55/><D117/><U10/><E116/><V53/><F1/><W5/><G79/><T101/><D37/><U90/><E78/><V73/><F73/><W91/><G91/><T59/><D132/><U26/><E102/><V40/><F134/><W131/><G119/><T50/><D75/><U89/><E62/><V129/><F96/><W69/><G131/><N who="2" m="50249" /><F124/><W74/><G74/><T17/><D32/><U52/><E43/><N who="2" m="16427" /><F45/><W46/><G46/><N who="0" m="28119" /><D2/><U47/><E39/><V65/><F84/><W57/><G69/><T125/><D3/><U31/><E36/><V9/><F65/><W20/><REACH who="3" step="1"/><G18/><REACH who="3" ten="210,330,230,220" step="2"/><T0/><D103/><U130/><E130/><V81/><F81/><W110/><AGARI ba="0,1" hai="5,7,16,20,25,57,60,64,108,110,111,120,122,123" machi="110" ten="40,8000,1" yaku="1,1,2,1,0,1,14,1,54,1,53,0" doraHai="28" doraHaiUra="135" who="3" fromWho="3" sc="210,-20,330,-40,230,-20,220,90" /><INIT seed="2,0,0,0,2,75" ten="190,290,210,310" oya="2" hai0="78,36,53,129,119,13,15,0,121,123,40,91,10" hai1="11,48,89,134,114,16,83,37,82,57,132,133,63" hai2="30,4,17,22,7,74,32,73,81,120,87,100,99" hai3="14,25,9,67,117,41,60,124,3,96,49,26,38"/><V44/><F120/><W127/><G117/><T61/><D91/><U108/><E37/><V76/><F32/><W101/><G38/><T135/><D53/><U50/><E108/><V18/><F30/><W125/><G3/><T51/><D51/><N who="1" m="19499" /><E89/><V116/><F116/><W69/><G49/><T112/><D61/><U54/><E114/><V126/><F126/><W2/><G41/><T64/><D64/><U79/><E79/><V104/><F44/><W56/><G69/><T28/><D28/><U97/><E97/><V113/><F113/><W115/><G2/><T68/><D40/><U46/><E46/><V128/><F128/><W39/><G39/><T111/><D78/><U43/><E43/><V12/><F73/><W45/><G45/><T27/><D10/><U72/><E72/><V92/><F18/><N who="3" m="8527" /><G115/><T52/><D52/><U24/><E11/><V88/><AGARI ba="0,0" hai="4,7,12,17,22,74,76,81,87,88,92,99,100,104" machi="88" ten="30,12000,1" yaku="0,1,24,2,52,1,54,1" doraHai="75" who="2" fromWho="2" sc="190,-40,290,-40,210,120,310,-40" /><INIT seed="2,1,0,5,4,117" ten="150,250,330,270" oya="2" hai0="58,123,91,18,33,19,120,3,126,93,34,79,83" hai1="11,100,44,4,102,85,134,115,78,40,37,1,6" hai2="47,71,132,114,88,43,20,108,92,22,60,17,12" hai3="84,42,49,89,106,101,55,94,113,118,97,75,24"/><V128/><F114/><W68/><G118/><T96/><D3/><U110/><E115/><V116/><F116/><W39/><G113/><T80/><D126/><U13/><E110/><V25/><F108/><W95/><G68/><T32/><D80/><U0/><E134/><V16/><F132/><W81/><G24/><T64/><D64/><U87/><E13/><V103/><F128/><W57/><G42/><T54/><D19/><U107/><E107/><V53/><F103/><W51/><G39/><T82/><D82/><U109/><E109/><V7/><F7/><W65/><G95/><T124/><D18/><U9/><REACH who="1" step="1"/><E78/><REACH who="1" ten="150,240,330,270" step="2"/><V135/><F135/><W127/><G127/><T15/><D124/><U66/><E66/><V74/><F74/><W63/><G65/><T105/><D15/><U28/><E28/><V70/><F60/><W131/><G131/><T90/><D105/><U56/><E56/><V35/><F53/><W121/><G106/><T69/><D69/><U122/><E122/><V111/><F111/><W26/><G121/><T129/><D129/><U112/><E112/><V77/><F77/><W30/><G75/><T27/><D27/><U119/><E119/><V50/><F35/><AGARI ba="1,1" hai="26,30,35,49,51,55,57,63,81,84,89,94,97,101" machi="35" ten="30,1000,0" yaku="7,1" doraHai="117" who="3" fromWho="2" sc="150,0,240,0,330,-13,270,23" /><INIT seed="3,0,0,4,1,68" ten="150,240,317,293" oya="3" hai0="63,84,30,120,121,40,2,59,78,88,108,55,101" hai1="103,132,58,41,14,42,91,17,3,118,111,1,99" hai2="110,123,97,87,94,52,56,95,74,38,82,75,70" hai3="15,12,76,49,35,54,98,28,18,89,102,46,16"/><W20/><G35/><T36/><D2/><U10/><E111/><V13/><F70/><W25/><G76/><T71/><D108/><U29/><E132/><V126/><F110/><W85/><G102/><T57/><D71/><U93/><E118/><V32/><F32/><W44/><G98/><T80/><D101/><U92/><E29/><V116/><F116/><W86/><G44/><T128/><D128/><U24/><E3/><V4/><F38/><W131/><G131/><T122/><D30/><U64/><E24/><V77/><F126/><W83/><G86/><T60/><D40/><U6/><E64/><V127/><F127/><W33/><REACH who="3" step="1"/><G33/><REACH who="3" ten="150,240,317,283" step="2"/><T9/><D78/><U119/><E119/><V135/><F135/><W37/><G37/><T133/><D133/><U104/><E104/><V129/><F129/><W5/><G5/><T26/><D36/><U130/><E130/><V72/><F123/><W48/><G48/><T21/><D121/><U113/><E103/><V115/><F115/><W81/><G81/><T90/><D90/><U66/><E113/><V19/><F4/><W134/><G134/><T105/><D105/><U79/><E79/><V109/><F109/><W61/><G61/><T124/><D124/><U31/><E93/><V62/><REACH who="2" step="1"/><F97/><REACH who="2" ten="150,240,307,283" step="2"/><W39/><G39/><T50/><D122/><U51/><E99/><V11/><AGARI ba="0,2" hai="11,13,19,52,56,62,72,74,75,77,82,87,94,95" machi="11" ten="30,7900,0" yaku="1,1,2,1,0,1,54,1,53,0" doraHai="68" doraHaiUra="65" who="2" fromWho="2" sc="150,-20,240,-20,307,99,283,-39" /><INIT seed="4,0,0,2,4,6" ten="130,220,406,244" oya="0" hai0="131,119,2,32,20,1,97,77,70,94,75,121,80" hai1="13,72,71,58,45,30,73,102,126,61,103,127,54" hai2="118,85,10,93,33,123,79,66,34,67,18,25,40" hai3="104,49,117,22,8,31,110,29,105,65,7,38,9"/><T23/><D121/><U88/><E30/><V86/><F123/><W113/><G38/><T78/><D119/><U133/><E71/><V46/><F118/><W91/><G110/><T4/><D32/><U120/><E133/><V82/><F34/><W95/><G117/><T43/><D131/><U128/><E128/><V122/><F122/><W39/><G39/><T112/><D112/><U16/><E45/><V28/><F86/><W26/><G7/><T11/><D1/><U47/><E47/><V98/><F18/><W64/><G105/><T69/><D43/><U17/><E17/><V87/><F10/><N who="3" m="4203" /><G104/><T53/><D78/><U41/><E41/><V63/><F63/><W134/><G134/><T76/><D77/><U57/><E120/><V5/><F5/><W84/><G113/><T81/><D80/><U50/><E73/><V74/><F74/><W14/><G14/><T132/><D132/><U59/><E72/><V44/><F44/><W124/><G124/><T99/><D53/><U111/><E111/><V90/><F98/><W89/><G31/><T35/><D35/><U51/><E127/><V24/><REACH who="2" step="1"/><F25/><REACH who="2" ten="130,220,396,244" step="2"/><W55/><G89/><N who="0" m="55503" /><D99/><U37/><E126/><V101/><F101/><W100/><G100/><T83/><D83/><U96/><E103/><V109/><F109/><W56/><AGARI ba="0,1" hai="22,26,29,49,55,56,64,65,84,91,95" m="4203" machi="56" ten="30,7900,0" yaku="8,1,52,3" doraHai="6" who="3" fromWho="3" sc="130,-39,220,-20,396,-20,244,89" /><INIT seed="5,0,0,1,4,134" ten="91,200,376,333" oya="1" hai0="133,2,29,90,115,22,66,82,124,17,132,95,98" hai1="106,36,84,104,18,122,108,78,65,34,52,71,24" hai2="97,89,111,7,121,92,31,46,54,110,91,39,73" hai3="45,120,1,68,23,21,25,80,44,16,26,20,112"/><U63/><E122/><V114/><F121/><W87/><G68/><T100/><D2/><U42/><E108/><V69/><F69/><W40/><G112/><T96/><D115/><U93/><E42/><V43/><F114/><W74/><G74/><T107/><D66/><U117/><E36/><V109/><F73/><W123/><G1/><T77/><D29/><U128/><E128/><V113/><F113/><W55/><G120/><T64/><D64/><U50/><E117/><V51/><F31/><W57/><G40/><T79/><D17/><U99/><E84/><V56/><REACH who="2" step="1"/><F7/><REACH who="2" ten="91,200,366,333" step="2"/><W118/><G123/><T81/><D22/><U0/><E71/><V126/><F126/><W60/><G23/><T86/><D124/><U62/><E34/><V9/><F9/><W85/><G118/><T94/><REACH who="0" step="1"/><D107/><REACH who="0" ten="81,200,366,333" step="2"/><U58/><E106/><V38/><F38/><W48/><G21/><T19/><D19/><U125/><E104/><V135/><F135/><W59/><G16/><T127/><D127/><U4/><E18/><V37/><F37/><W27/><G20/><T76/><D76/><U47/><E78/><V32/><F32/><W72/><G72/><AGARI ba="0,2" hai="72,77,79,81,82,86,90,94,95,96,98,100,132,133" machi="72" ten="40,8000,1" yaku="1,1,34,3,53,0" doraHai="134" doraHaiUra="30" who="0" fromWho="3" sc="81,100,200,0,366,0,333,-80" /><INIT seed="6,0,0,5,0,47" ten="181,200,366,253" oya="2" hai0="25,135,110,101,52,37,83,22,99,108,104,124,106" hai1="81,9,7,71,16,123,5,0,125,111,89,69,59" hai2="43,78,30,103,80,31,50,133,66,129,75,130,49" hai3="118,51,28,121,94,63,88,39,90,76,131,57,97"/><V8/><F133/><W100/><G118/><T127/><D37/><U122/><E111/><V113/><F113/><W2/><G39/><T53/><D135/><U68/><E125/><N who="0" m="48201" /><D106/><U42/><E42/><V19/><F103/><W10/><G121/><N who="1" m="46090" /><E59/><V35/><F66/><W92/><G28/><N who="0" m="17463" /><D83/><U65/><E65/><V44/><F50/><W14/><G2/><T91/><D91/><U72/><E89/><V79/><F79/><W132/><G131/><N who="2" m="50185" /><F35/><W96/><G132/><T18/><D18/><U17/><E7/><V6/><F19/><N who="3" m="8663" /><G76/><AGARI ba="0,0" hai="0,5,9,16,17,68,69,71,72,76,81" m="46090" machi="76" ten="40,2600,0" yaku="13,1,54,1" doraHai="47" who="1" fromWho="3" sc="181,0,200,26,366,0,253,-26" /><INIT seed="7,0,0,1,4,21" ten="181,226,366,227" oya="3" hai0="51,130,73,87,70,28,18,33,50,35,84,117,2" hai1="134,75,108,37,83,64,48,90,93,16,15,113,121" hai2="97,92,71,14,106,60,74,23,32,5,101,126,9" hai3="13,43,94,6,100,19,120,59,66,98,25,11,114"/><W107/><G114/><T116/><D70/><U61/><E37/><V110/><F110/><W4/><G120/><T91/><D2/><U86/><E108/><V105/><F126/><W0/><G107/><T20/><D73/><U27/><E121/><V40/><F74/><W12/><G43/><T95/><D130/><U79/><E134/><V55/><F32/><W88/><G0/><T47/><D50/><U52/><E27/><V102/><F40/><W39/><G39/><T99/><D87/><U24/><E24/><V124/><F124/><W133/><G100/><T127/><D127/><U80/><E113/><V85/><F85/><W65/><G133/><T111/><D28/><U53/><E48/><V10/><F23/><N who="3" m="13567" /><G59/><T96/><D111/><U77/><E83/><V30/><F30/><W104/><G104/><T58/><D58/><U82/><E82/><V115/><F115/><W29/><G29/><T1/><D1/><U118/><E118/><V125/><F125/><W8/><AGARI ba="0,0" hai="4,6,8,11,12,13,65,66,88,94,98" m="13567" machi="8" ten="30,6000,0" yaku="8,1,52,1,54,1" doraHai="21" who="3" fromWho="3" sc="181,-20,226,-20,366,-20,227,60" /><INIT seed="7,1,0,2,2,107" ten="161,206,346,287" oya="3" hai0="38,72,22,17,67,70,102,20,96,92,87,37,12" hai1="126,79,25,84,106,4,32,101,129,85,2,30,113" hai2="35,60,68,95,112,49,110,88,58,73,65,98,43" hai3="55,42,103,93,15,1,127,50,11,61,34,86,134"/><W45/><G1/><T0/><D0/><U29/><E29/><V63/><F110/><W21/><G127/><T125/><D125/><U94/><E126/><V118/><F118/><W13/><G134/><T56/><D70/><U104/><E113/><V16/><F35/><W80/><G34/><T33/><D33/><U3/><E129/><V66/><F112/><W57/><G21/><T7/><D7/><U122/><E122/><V18/><REACH who="2" step="1"/><F73/><REACH who="2" ten="161,206,336,287" step="2"/><W27/><G11/><T111/><D111/><U64/><E32/><V108/><F108/><W100/><G27/><T8/><D37/><U62/><E25/><V24/><F24/><W90/><G100/><T74/><D38/><U117/><E101/><V116/><F116/><W10/><G10/><T123/><D123/><U119/><E119/><V121/><F121/><W69/><G69/><T48/><D87/><U39/><E85/><V114/><F114/><W26/><G26/><T78/><D74/><U109/><E39/><V44/><AGARI ba="1,1" hai="16,18,43,44,49,58,60,63,65,66,68,88,95,98" machi="44" ten="30,8000,1" yaku="1,1,0,1,54,2,53,1" doraHai="107" doraHaiUra="52" who="2" fromWho="2" sc="161,-21,206,-21,336,93,287,-41" owari="140,-36.0,185,-21.0,429,52.0,246,5.0" /></mjloggm>