<mjloggm ver="2.3"><GO type="41" lobby="0"/><UN n0="%E3%81%B8%E3%81%B9%E3%82%8C%E3%81%91%E3%81%8F%E3%82%93" n1="%E3%81%93%E3%81%86%E3%81%9B%E3%81%84%E3%81%93%E3%81%86%E3%81%9B%E3%81%84" n2="%E6%98%9F%E9%9B%B2%E3%81%8C%E9%99%8D%E3%82%8B" n3="%E2%93%9D%53%75%70%68%78" dan="15,15,14,19" rate="1969.56,1990.73,1964.79,2120.73" sx="F,M,F,M"/><TAIKYOKU oya="0"/><INIT seed="0,0,0,4,4,135" ten="250,250,250,250" oya="0" hai0="86,80,21,134,130,7,123,45,23,5,97,103,65" hai1="43,121,38,53,126,131,122,24,113,22,84,71,104" hai2="79,8,52,1,102,72,70,27,9,129,96,98,69" hai3="32,51,33,94,37,50,105,76,68,42,66,39,108"/><T116/><D123/><U3/><E104/><V28/><F129/><W77/><G105/><T91/><D116/><U101/><E3/><V120/><F120/><W60/><G94/><N who="0" m="58807" /><D134/><U47/><E101/><V88/><F98/><W124/><G108/><T20/><D130/><U18/><E71/><V36/><F36/><W35/><G42/><T83/><D65/><U11/><E131/><V31/><F28/><W54/><G124/><T125/><D125/><U48/><E126/><V133/><F133/><W0/><G0/><T40/><D83/><U75/><E113/><V26/><F26/><W49/><REACH who="3" step="1"/><G54/><REACH who="3" ten="250,250,250,240" step="2"/><T41/><D40/><U58/><E75/><V63/><F1/><W46/><G46/><T29/><D45/><U109/><E109/><V128/><F72/><W111/><G111/><T115/><D115/><U117/><E117/><V56/><F128/><W25/><G25/><N who="0" m="16551" /><D41/><U2/><E121/><V106/><F106/><W95/><G95/><T15/><D15/><U107/><E122/><V118/><F118/><W30/><G30/><T34/><D34/><U87/><E107/><V127/><F127/><W62/><G62/><T74/><D74/><U12/><REACH who="1" step="1"/><E2/><REACH who="1" ten="250,240,250,240" step="2"/><V61/><F102/><W73/><G73/><T17/><D80/><U132/><E132/><V81/><F81/><W82/><G82/><N who="0" m="49623" /><D23/><U93/><E93/><N who="2" m="56359" /><F70/><W89/><G89/><T64/><D21/><U119/><E119/><V13/><F69/><W78/><AGARI ba="0,2" hai="32,33,35,37,39,49,50,51,60,66,68,76,77,78" machi="78" ten="40,8000,1" yaku="1,1,0,1,29,2,53,0" doraHai="135" doraHaiUra="19" who="3" fromWho="3" sc="250,-40,240,-20,250,-20,240,100" /><INIT seed="1,0,0,0,4,13" ten="210,220,230,340" oya="1" hai0="121,116,7,98,2,41,6,117,119,97,103,11,3" hai1="29,87,126,133,125,73,4,93,122,118,102,69,24" hai2="81,115,107,77,16,54,111,113,59,42,110,123,53" hai3="50,5,48,52,49,132,86,104,76,64,20,72,22"/><U26/><E118/><V90/><F107/><W47/><G72/><T130/><D121/><U134/><E73/><V109/><F123/><W95/><G104/><T100/><D41/><U68/><E122/><V44/><F90/><W39/><G39/><T127/><D127/><N who="1" m="48651" /><E4/><V9/><F81/><W80/><G132/><N who="1" m="50794" /><E87/><V65/><F77/><W31/><G5/><T128/><D117/><U25/><E29/><V120/><F120/><W135/><G31/><T57/><D57/><U79/><E79/><V45/><F65/><W55/><G64/><T85/><D85/><U66/><E66/><V75/><F75/><W14/><G135/><T51/><D11/><U78/><E78/><V28/><F28/><W99/><G55/><N who="2" m="21001" /><F59/><W62/><G62/><T38/><D51/><U18/><E18/><V43/><F43/><W10/><G50/><T112/><REACH who="0" step="1"/><D112/><REACH who="0" ten="200,220,230,340" step="2"/><N who="2" m="43082" /><F42/><W106/><G49/><T89/><D89/><U114/><E114/><V40/><F40/><W105/><G48/><T0/><D0/><U23/><E23/><V56/><F56/><W101/><G22/><T108/><D108/><U96/><AGARI ba="0,1" hai="24,25,26,68,69,93,96,102" m="50794,48651" machi="96" ten="40,3900,0" yaku="18,1,20,1" doraHai="13" who="1" fromWho="1" sc="200,-13,220,49,230,-13,340,-13" /><INIT seed="1,1,0,1,2,0" ten="187,269,217,327" oya="1" hai0="88,116,27,65,113,73,66,15,110,7,29,1,129" hai1="25,122,30,69,134,68,21,95,23,133,2,44,98" hai2="49,9,43,92,83,127,35,114,76,39,86,75,106" hai3="104,109,32,55,52,124,10,48,130,99,77,58,33"/><U123/><E2/><V108/><F106/><W79/><G109/><T51/><D116/><U120/><E44/><V85/><F108/><W117/><G130/><T90/><D113/><U128/><E128/><V103/><F39/><W41/><G41/><T97/><D129/><U105/><E105/><V94/><F127/><W115/><G115/><T45/><D110/><U18/><E69/><V3/><F35/><W34/><G124/><T56/><D73/><U119/><E68/><V47/><F114/><W36/><G36/><T118/><D118/><U78/><E78/><V61/><F61/><W126/><G126/><T71/><D71/><U5/><E5/><V16/><F103/><W59/><G10/><N who="0" m="4575" /><D1/><U112/><E119/><V80/><F75/><W70/><G70/><T102/><D102/><U20/><E112/><V107/><F107/><W111/><G111/><T37/><D37/><U50/><E50/><V62/><F62/><W46/><G117/><T19/><D29/><U28/><E28/><V12/><REACH who="2" step="1"/><F3/><REACH who="2" ten="187,269,207,327" step="2"/><W8/><G104/><T38/><D38/><U13/><REACH who="1" step="1"/><E23/><REACH who="1" ten="187,259,207,327" step="2"/><V57/><F57/><W84/><G59/><T87/><D56/><U89/><AGARI ba="1,2" hai="13,18,20,21,25,30,89,95,98,120,122,123,133,134" machi="89" ten="40,7800,0" yaku="1,1,2,1,0,1,53,0" doraHai="0" doraHaiUra="74" who="1" fromWho="1" sc="187,-27,259,101,207,-27,327,-27" /><INIT seed="1,2,0,5,4,29" ten="160,360,180,300" oya="1" hai0="91,3,25,31,4,78,102,8,57,51,135,85,21" hai1="122,41,61,1,86,42,116,96,69,40,79,44,34" hai2="83,43,74,126,89,87,66,63,120,118,107,80,6" hai3="22,7,99,35,71,32,111,114,108,98,18,28,9"/><U73/><E116/><V38/><F118/><W93/><G71/><T62/><D102/><U64/><E73/><V123/><F126/><W13/><G99/><T37/><D37/><U70/><E122/><V101/><F107/><W5/><G93/><T112/><D135/><U115/><E70/><V132/><F101/><W50/><G50/><T16/><D112/><U56/><E115/><V12/><F38/><W81/><G98/><T24/><D78/><U54/><E1/><V72/><F43/><W128/><G81/><T15/><D51/><U49/><E96/><V88/><F132/><W55/><G55/><T92/><REACH who="0" step="1"/><D31/><REACH who="0" ten="150,360,180,300" step="2"/><U39/><E79/><V36/><F36/><W20/><G114/><T103/><D103/><U75/><E75/><V59/><F74/><W124/><G124/><T26/><D26/><U131/><E131/><V104/><F104/><W65/><G128/><T134/><D134/><U90/><REACH who="1" step="1"/><E34/><REACH who="1" ten="150,350,180,300" step="2"/><V52/><F72/><W105/><G35/><T47/><D47/><U68/><E68/><V76/><F123/><W46/><G32/><T17/><D17/><U19/><E19/><V30/><F120/><W127/><G18/><T11/><D11/><U67/><E67/><AGARI ba="2,2" hai="3,4,8,15,16,21,24,25,57,62,67,85,91,92" machi="67" ten="30,3900,0" yaku="1,1,7,1,54,1,53,0" doraHai="29" doraHaiUra="110" who="0" fromWho="1" sc="150,65,350,-45,180,0,300,0" /><INIT seed="2,0,0,2,4,53" ten="215,305,180,300" oya="2" hai0="123,26,62,118,50,103,112,27,117,84,61,52,131" hai1="96,23,59,36,15,93,22,75,79,111,126,129,88" hai2="106,66,130,46,94,67,133,98,12,54,39,57,4" hai3="60,132,127,83,100,58,95,102,21,70,104,89,116"/><V49/><F106/><W19/><G116/><N who="0" m="44651" /><D123/><U125/><E36/><V72/><F72/><W38/><G127/><N who="1" m="48650" /><E111/><V41/><F130/><W42/><G132/><T65/><D131/><U7/><E129/><V31/><F133/><W105/><G70/><T90/><D112/><U29/><E29/><V77/><F77/><W11/><G42/><T101/><D65/><U20/><E59/><V18/><F4/><W33/><G33/><T80/><D62/><U63/><E63/><V25/><F25/><N who="0" m="9226" /><D61/><U73/><E79/><V99/><F31/><W10/><G105/><T78/><D78/><U2/><E2/><V69/><F69/><W6/><G38/><T5/><D5/><U76/><E76/><V92/><F92/><W68/><G104/><T37/><D37/><U3/><E3/><V122/><F122/><W97/><G68/><T34/><D34/><U28/><E28/><V82/><F82/><W115/><G83/><T81/><D81/><U128/><E128/><V85/><F85/><W55/><G115/><T71/><D71/><U74/><E7/><V48/><F39/><W86/><G86/><T13/><D13/><AGARI ba="0,0" hai="13,15,20,22,23,73,74,75,88,93,96" m="48650" machi="13" ten="40,2600,0" yaku="18,1,54,1" doraHai="53" who="1" fromWho="0" sc="215,-26,305,26,180,0,300,0" /><INIT seed="3,0,0,1,3,55" ten="189,331,180,300" oya="3" hai0="46,99,119,65,57,112,53,109,77,11,37,14,21" hai1="89,87,123,48,30,129,73,45,12,132,62,33,85" hai2="60,69,102,59,116,124,39,2,63,43,7,92,84" hai3="97,32,49,80,105,28,81,78,108,134,76,31,4"/><W95/><G105/><T133/><D119/><U114/><E73/><V27/><F116/><W94/><G4/><T25/><D112/><U24/><E114/><V135/><F124/><W58/><G32/><T103/><D109/><U47/><E123/><V15/><F135/><W22/><G134/><T98/><D77/><U26/><E132/><V35/><F2/><W54/><G108/><T131/><D133/><U50/><E129/><V127/><F127/><W110/><G110/><T13/><D131/><U67/><E26/><V121/><F69/><W75/><G22/><T106/><D98/><U61/><E47/><V111/><F63/><W122/><G95/><T23/><D21/><U90/><E85/><V9/><F43/><W125/><G122/><T68/><D68/><U117/><E117/><V38/><F111/><W88/><G125/><T34/><D34/><U107/><E107/><V52/><F121/><W10/><G10/><T8/><D11/><U56/><E12/><V118/><F118/><W70/><G70/><T83/><D83/><U29/><E29/><V115/><F115/><W74/><AGARI ba="0,0" hai="28,31,49,54,58,74,75,76,78,80,81,88,94,97" machi="74" ten="20,12000,1" yaku="0,1,7,1,9,1,52,1,54,1" doraHai="55" who="3" fromWho="3" sc="189,-40,331,-40,180,-40,300,120" /><INIT seed="3,1,0,0,2,108" ten="149,291,140,420" oya="3" hai0="19,6,126,12,3,106,119,78,66,22,10,105,85" hai1="39,121,64,83,103,71,7,69,53,50,129,0,73" hai2="92,62,52,47,77,18,111,86,98,31,56,130,80" hai3="84,131,91,30,37,65,21,87,132,51,96,89,76"/><W38/><G131/><T93/><D119/><U28/><E39/><V125/><F111/><W97/><G76/><T25/><D126/><U35/><E64/><V107/><F107/><W17/><G30/><T32/><D66/><U112/><E103/><V8/><F130/><W75/><G75/><T9/><D10/><U104/><E104/><V4/><F31/><W118/><G132/><T11/><D11/><U15/><E0/><V49/><F18/><W27/><G118/><T16/><D19/><U44/><E121/><V26/><F26/><W58/><G38/><T95/><D93/><U122/><E122/><V46/><F62/><N who="3" m="38103" /><G51/><T34/><D34/><U81/><E129/><V43/><F43/><W100/><G100/><T113/><D113/><U70/><E73/><V114/><F125/><W72/><G72/><T134/><D134/><U5/><E15/><V40/><F40/><W90/><G37/><T42/><D42/><U68/><N who="1" m="17408" /><DORA hai="117" /><U23/><E35/><V14/><REACH who="2" step="1"/><F114/><REACH who="2" ten="149,291,130,420" step="2"/><W116/><G116/><T127/><D127/><U20/><E112/><V57/><F57/><W63/><G63/><T13/><D106/><U24/><REACH who="1" step="1"/><E23/><REACH who="1" ten="149,281,130,420" step="2"/><V110/><F110/><W133/><G133/><T60/><D105/><U74/><E74/><V1/><F1/><W2/><G2/><T124/><D124/><U88/><E88/><AGARI ba="1,2" hai="4,8,14,46,47,49,52,56,77,80,86,88,92,98" machi="88" ten="30,16000,3" yaku="1,1,7,1,8,1,54,2,53,3" doraHai="108,117" doraHaiUra="94,41" who="2" fromWho="1" sc="149,0,281,-163,130,183,420,0" /><INIT seed="4,0,0,2,4,30" ten="149,118,313,420" oya="0" hai0="31,22,129,59,121,36,3,71,52,53,96,34,41" hai1="62,61,109,77,17,79,6,68,82,124,134,125,51" hai2="92,47,76,5,38,73,122,46,116,119,120,127,37" hai3="44,117,108,35,9,12,94,33,106,67,87,19,104"/><T21/><D121/><U123/><E109/><V15/><F92/><W86/><G108/><T91/><D3/><U89/><E123/><V0/><F15/><W55/><G67/><T83/><D71/><U66/><E134/><V75/><F5/><W69/><G69/><T80/><D129/><U57/><E6/><V1/><REACH who="2" step="1"/><F76/><REACH who="2" ten="149,118,303,420" step="2"/><W14/><G94/><T114/><D114/><U90/><E77/><V4/><F4/><W24/><G14/><T50/><D83/><U10/><E82/><V32/><F32/><W93/><G35/><T29/><D34/><U54/><E79/><V26/><F26/><W45/><G24/><T65/><D80/><U81/><E81/><V39/><F39/><W101/><G93/><N who="0" m="56383" /><D36/><U2/><E2/><V102/><F102/><W7/><G101/><T78/><D78/><U115/><E90/><V64/><F64/><W118/><G33/><T133/><D133/><U105/><E89/><V48/><F48/><W126/><G12/><T16/><D65/><U98/><E51/><V28/><F28/><W85/><G7/><T8/><D31/><U100/><E115/><V99/><F99/><W107/><G87/><T113/><D29/><U74/><E74/><V103/><F103/><W130/><G86/><T110/><D113/><U60/><E60/><V27/><F27/><W111/><G85/><T88/><D110/><U97/><E97/><V58/><F58/><W23/><G111/><T43/><D59/><U63/><E63/><V56/><F56/><W95/><G95/><T13/><D50/><U40/><E40/><N who="0" m="15433" /><D88/><U135/><E135/><RYUUKYOKU ba="0,1" sc="149,10,118,10,303,10,420,-30" hai0="8,13,16,21,22,52,53" hai1="10,17,54,57,61,62,66,68,98,100,105,124,125" hai2="0,1,37,38,46,47,73,75,116,119,120,122,127" /><INIT seed="4,1,1,0,3,128" ten="159,128,313,390" oya="0" hai0="92,85,3,71,25,91,10,133,96,40,90,50,78" hai1="61,97,109,119,38,9,111,112,68,77,113,135,84" hai2="6,103,67,39,18,95,89,24,46,98,120,115,15" hai3="41,29,58,121,100,23,88,48,82,33,30,110,86"/><T31/><D71/><U12/><E38/><V130/><F120/><W44/><G110/><T21/><D133/><U19/><E119/><V108/><F108/><N who="1" m="41545" /><E97/><V56/><F130/><W116/><G33/><T106/><D3/><U27/><E84/><V107/><F39/><W122/><G116/><T17/><D106/><U117/><E77/><V81/><F46/><W20/><G100/><T55/><D40/><U134/><E117/><V64/><F6/><W37/><G58/><T124/><D124/><U76/><E76/><V16/><F81/><W132/><G132/><N who="1" m="50730" /><E27/><V62/><F24/><W2/><G37/><T80/><D78/><U7/><E7/><V123/><F98/><W4/><G122/><T51/><D55/><U127/><E127/><V14/><F123/><W54/><G54/><T52/><D52/><U13/><E13/><AGARI ba="1,1" hai="10,13,17,21,25,31,50,51,80,85,90,91,92,96" machi="13" ten="40,2000,0" yaku="8,1" doraHai="128" who="0" fromWho="1" sc="159,33,128,-23,313,0,390,0" /><INIT seed="4,2,0,1,4,46" ten="192,105,313,390" oya="0" hai0="132,41,84,98,29,43,0,88,112,128,47,6,107" hai1="33,75,18,106,125,119,35,85,117,120,91,3,15" hai2="2,101,16,93,110,4,67,82,113,105,66,34,45" hai3="57,74,44,55,111,39,62,72,134,90,31,23,103"/><T49/><D29/><U11/><E75/><V77/><F110/><W100/><G111/><T50/><D128/><U79/><E120/><V95/><F34/><W12/><G134/><T5/><D132/><U71/><E79/><V96/><F2/><W40/><G90/><T19/><D107/><U135/><E125/><V76/><F4/><W126/><G126/><T7/><D112/><U78/><E135/><V129/><F129/><W99/><G103/><T30/><D30/><U61/><E78/><V36/><F77/><W42/><G42/><N who="0" m="15883" /><D0/><U28/><E106/><V25/><F36/><W70/><G70/><T83/><D47/><U60/><E3/><V1/><F1/><W123/><G123/><T94/><D19/><U104/><E104/><V63/><F105/><W118/><G118/><T37/><D37/><U86/><E86/><N who="2" m="48455" /><F93/><W53/><G74/><T92/><D92/><U22/><E11/><V65/><F45/><W59/><G72/><T108/><D108/><U48/><E35/><V73/><F73/><W38/><G38/><T80/><D80/><U127/><E127/><V24/><F113/><W102/><G31/><T116/><D116/><N who="1" m="44619" /><E71/><V122/><F122/><W13/><G39/><T68/><D68/><U56/><E28/><V54/><F16/><W64/><G40/><T115/><D115/><U9/><E33/><V17/><F17/><W131/><G131/><T8/><D8/><U87/><E9/><V20/><F20/><W133/><G23/><T10/><D10/><U114/><E114/><V89/><F101/><AGARI ba="2,0" hai="5,6,7,49,50,83,84,88,94,98,101" m="15883" machi="101" ten="30,11600,0" yaku="8,1,52,2,54,1" doraHai="46" who="0" fromWho="2" sc="192,122,105,0,313,-122,390,0" /><INIT seed="4,3,0,1,2,46" ten="314,105,191,390" oya="0" hai0="113,65,38,93,61,25,112,81,122,89,71,129,134" hai1="21,92,102,66,101,118,77,22,35,99,4,90,56" hai2="10,13,32,48,107,33,103,5,58,84,2,50,64" hai3="3,124,108,105,45,109,83,130,20,87,44,74,52"/><T100/><D122/><U75/><E35/><V86/><F107/><W119/><G74/><T30/><D38/><U31/><E118/><V62/><F103/><W73/><G73/><T9/><D134/><U55/><E66/><V88/><F84/><W42/><G3/><T29/><D30/><U131/><E131/><V1/><F1/><W0/><G124/><T8/><D129/><U82/><E4/><V111/><F111/><W95/><G105/><T26/><D25/><U127/><E127/><V79/><F79/><W135/><G0/><T68/><D71/><U63/><E31/><V123/><F123/><W106/><G106/><T114/><D81/><U34/><E34/><V96/><F96/><W53/><G119/><T59/><D68/><U16/><REACH who="1" step="1"/><E21/><REACH who="1" ten="314,95,191,390" step="2"/><V40/><F2/><W41/><G20/><N who="0" m="15559" /><D100/><U6/><E6/><V110/><F110/><W97/><G130/><T7/><D7/><U67/><E67/><V54/><F32/><W14/><G109/><T15/><D15/><AGARI ba="3,1" hai="15,16,22,55,56,63,75,77,82,90,92,99,101,102" machi="15" ten="30,7700,0" yaku="1,1,7,1,54,1,53,1" doraHai="46" doraHaiUra="76" who="1" fromWho="0" sc="314,-86,95,96,191,0,390,0" /><INIT seed="5,0,0,3,1,111" ten="228,191,191,390" oya="1" hai0="94,63,104,113,42,25,38,5,7,13,98,3,80" hai1="55,78,110,124,129,49,77,64,6,134,73,112,56" hai2="89,18,83,85,57,76,36,35,87,106,122,86,118" hai3="51,120,121,96,68,53,1,108,115,0,46,17,20"/><U114/><E110/><V44/><F122/><W93/><G68/><T95/><D25/><U116/><E116/><V66/><F35/><W99/><G99/><T24/><D24/><U71/><E124/><V74/><F118/><W117/><G115/><N who="1" m="44074" /><E129/><V92/><F106/><W16/><G108/><T41/><D113/><U50/><E134/><V103/><F36/><W123/><G117/><T37/><D104/><U28/><E28/><V65/><F44/><W105/><G105/><T126/><D126/><U9/><E50/><V23/><F103/><W33/><G33/><T133/><D133/><U67/><E73/><V40/><F40/><W81/><G123/><T29/><D29/><U19/><E19/><V39/><F39/><W75/><G17/><T52/><D63/><N who="1" m="40351" /><E67/><V62/><F66/><W27/><G121/><T107/><D7/><U12/><AGARI ba="0,0" hai="6,9,12,49,55,56,77,78" m="40351,44074" machi="12" ten="30,11700,0" yaku="15,1,52,3" doraHai="111" who="1" fromWho="1" sc="228,-39,191,117,191,-39,390,-39" /><INIT seed="5,1,0,2,2,131" ten="189,308,152,351" oya="1" hai0="7,102,111,129,47,43,51,48,122,23,58,28,79" hai1="8,72,19,100,71,17,15,22,25,33,61,37,88" hai2="135,112,110,95,127,41,91,6,63,1,70,97,106" hai3="54,75,30,93,125,36,34,130,128,12,50,103,98"/><U73/><E37/><V52/><F110/><W78/><G125/><T132/><D111/><U92/><E100/><V66/><F127/><W21/><G34/><T18/><D122/><U59/><E71/><V16/><F41/><W83/><G36/><T5/><D129/><N who="3" m="49769" /><G12/><T3/><D102/><U96/><REACH who="1" step="1"/><E33/><REACH who="1" ten="189,298,152,351" step="2"/><V113/><F106/><W124/><G124/><T81/><D43/><U126/><E126/><V0/><F70/><W119/><G119/><T42/><D42/><U4/><E4/><V77/><F6/><W80/><G75/><T67/><D7/><U26/><E26/><V68/><F68/><W53/><G103/><T90/><D5/><U74/><E74/><V89/><F0/><W39/><G39/><T123/><D3/><U133/><E133/><V24/><F1/><W62/><G78/><T65/><D123/><U69/><E69/><V55/><F135/><W107/><G107/><T118/><D132/><U105/><E105/><V85/><F77/><W13/><G13/><T44/><D79/><U94/><E94/><V38/><F38/><W60/><G93/><T76/><D76/><U45/><E45/><V20/><F113/><W108/><G108/><T116/><D47/><U2/><E2/><V64/><F112/><W121/><G121/><T104/><D44/><U9/><E9/><V49/><F95/><W87/><G83/><T115/><D104/><U40/><E40/><V86/><F24/><W10/><G80/><T99/><D81/><U134/><E134/><V14/><F91/><W120/><G120/><T31/><D115/><U109/><E109/><RYUUKYOKU ba="1,1" sc="189,-10,298,30,152,-10,351,-10" hai1="8,15,17,19,22,25,59,61,72,73,88,92,96" /><INIT seed="5,2,1,0,4,113" ten="179,328,142,341" oya="1" hai0="57,29,93,63,120,78,41,17,68,104,11,126,47" hai1="132,55,7,8,6,106,102,69,92,20,24,26,73" hai2="80,65,130,32,128,58,109,107,123,86,52,36,34" hai3="62,44,98,13,31,95,117,124,76,37,111,84,79"/><U135/><E73/><V82/><F109/><W101/><G111/><T122/><D104/><U45/><E106/><V112/><F107/><W72/><G72/><T48/><D68/><U127/><E69/><V116/><F36/><W39/><G31/><T90/><D78/><U4/><E127/><V77/><F123/><N who="0" m="47146" /><D126/><U74/><E74/><V27/><F65/><W42/><G117/><T71/><D71/><U3/><E55/><V59/><F112/><W105/><G39/><T49/><D29/><U50/><E50/><V110/><F110/><W23/><G62/><T40/><D49/><U15/><E45/><V94/><F116/><W33/><G33/><T19/><D11/><N who="1" m="4583" /><E7/><V43/><F43/><W85/><G124/><T67/><D41/><U28/><E26/><V10/><F10/><W91/><G85/><AGARI ba="2,1" hai="17,19,40,47,48,57,63,67,85,90,93" m="47146" machi="85" ten="30,1000,0" yaku="13,1" doraHai="113" who="0" fromWho="3" sc="179,26,328,0,142,0,341,-16" /><INIT seed="6,0,0,5,1,130" ten="205,328,142,325" oya="2" hai0="19,87,54,26,123,55,128,5,81,15,110,88,132" hai1="21,38,48,39,103,70,29,106,93,17,96,120,49" hai2="22,135,127,27,100,30,13,117,65,42,72,10,45" hai3="73,67,3,52,0,43,80,12,101,99,105,124,92"/><V51/><F117/><W53/><G124/><T34/><D110/><U64/><E120/><V129/><F127/><W107/><G43/><T75/><D128/><U37/><E29/><V118/><F118/><W95/><G67/><T1/><D123/><U74/><E74/><V50/><F72/><W113/><G12/><T63/><D132/><U134/><E134/><V77/><F135/><W71/><G71/><T20/><D75/><U58/><E70/><V66/><F129/><W4/><G4/><T119/><D119/><U82/><E82/><V104/><F77/><W125/><G125/><T126/><D126/><U32/><E32/><V16/><REACH who="2" step="1"/><F50/><REACH who="2" ten="205,328,132,325" step="2"/><W31/><G73/><T9/><REACH who="0" step="1"/><D63/><REACH who="0" ten="195,328,132,325" step="2"/><U115/><E115/><V112/><F112/><W90/><G113/><T131/><D131/><U79/><E49/><V102/><F102/><W60/><G101/><T94/><D94/><U36/><E48/><V44/><F44/><W86/><G95/><T24/><D24/><U7/><E39/><V14/><F14/><W68/><G92/><T25/><D25/><U133/><E38/><V89/><F89/><W47/><G90/><T6/><D6/><U97/><E37/><V56/><F56/><W59/><G59/><T111/><D111/><U41/><E36/><V11/><F11/><W116/><G116/><T114/><D114/><U76/><E133/><V33/><F33/><W122/><G60/><T46/><D46/><U35/><E7/><V28/><F28/><AGARI ba="0,2" hai="1,5,9,15,19,20,26,28,34,54,55,81,87,88" machi="28" ten="40,8000,1" yaku="1,1,24,2,54,1,53,0" doraHai="130" doraHaiUra="62" who="0" fromWho="2" sc="195,100,328,0,132,-80,325,0" /><INIT seed="7,0,0,4,2,60" ten="295,328,52,325" oya="3" hai0="105,13,134,42,52,24,37,110,48,123,58,100,124" hai1="78,12,46,5,0,21,111,70,94,2,39,22,28" hai2="96,8,7,88,27,98,80,120,128,3,57,119,114" hai3="125,15,101,92,103,41,43,14,93,86,81,126,47"/><W6/><G6/><T19/><D123/><U50/><E39/><V25/><F120/><W23/><G23/><T107/><D110/><U17/><E111/><V79/><F119/><W66/><G66/><T132/><D24/><U59/><E70/><V16/><F114/><W53/><G53/><T73/><D73/><U133/><E133/><N who="0" m="51305" /><D124/><N who="3" m="47721" /><G93/><T87/><D87/><U99/><E5/><V82/><F128/><W65/><G65/><T71/><D71/><U30/><E78/><V106/><F106/><W129/><G129/><T18/><D100/><N who="3" m="38473" /><G92/><T64/><D64/><U68/><E68/><V102/><F102/><W89/><G43/><T32/><D32/><U62/><E0/><V20/><F3/><W1/><G1/><T104/><D13/><U51/><E2/><V108/><F108/><W11/><G11/><T33/><D33/><U61/><E61/><V56/><F7/><W29/><G29/><N who="1" m="11370" /><E22/><V35/><F35/><W67/><G67/><T95/><D95/><U112/><E112/><V63/><F20/><W122/><G122/><T117/><D117/><U116/><E116/><V72/><F72/><W109/><G109/><T115/><D115/><U135/><E135/><V83/><F63/><W84/><G84/><T121/><D121/><U36/><E36/><AGARI ba="0,0" hai="14,15,36,41,47,81,86,89" m="38473,47721" machi="36" ten="30,1500,0" yaku="18,1" doraHai="60" who="3" fromWho="1" sc="295,0,328,-15,52,0,325,15" owari="295,-10.0,313,11.0,52,-45.0,340,44.0" /></mjloggm>