<mjloggm ver="2.3"><GO type="41" lobby="0"/><UN n0="%6D%69%63" n1="%43%72%6F%77%5F%37%37" n2="%72%6F%75%74%65%32%34%30" n3="%E2%93%9D%53%75%70%68%78" dan="15,14,13,18" rate="2044.03,1970.40,1823.34,2121.02" sx="F,M,M,M"/><TAIKYOKU oya="0"/><INIT seed="0,0,0,0,2,45" ten="250,250,250,250" oya="0" hai0="129,17,90,92,37,117,34,52,8,126,67,84,66" hai1="76,101,46,31,2,108,121,27,22,96,134,85,47" hai2="99,50,43,56,116,13,23,102,74,0,5,68,40" hai3="114,36,106,100,16,7,94,10,125,133,62,63,26"/><T72/><D117/><U6/><E121/><V115/><F116/><W119/><G114/><T120/><D120/><U24/><E108/><V122/><F122/><W124/><G106/><T83/><D37/><U87/><E134/><V3/><F74/><W69/><G36/><T103/><D34/><U128/><E128/><V81/><F68/><W70/><G119/><T64/><D129/><U60/><E6/><V123/><F81/><W77/><G77/><T89/><D126/><N who="3" m="48745" /><G94/><T131/><D131/><U91/><E2/><V127/><F3/><N who="3" m="383" /><G100/><T97/><D103/><U15/><E60/><N who="3" m="23082" /><G133/><T55/><REACH who="0" step="1"/><D72/><REACH who="0" ten="240,250,250,250" step="2"/><U105/><E101/><V61/><F127/><W118/><G118/><T79/><D79/><U58/><E76/><V111/><F123/><W80/><G80/><T42/><D42/><U54/><E105/><V98/><F43/><W110/><G110/><T18/><D18/><U112/><E31/><V49/><F40/><W75/><G75/><T86/><D86/><U48/><E87/><V65/><F115/><W113/><G113/><T104/><D104/><U95/><E112/><V38/><F38/><W4/><G4/><T44/><D44/><N who="1" m="16939" /><E96/><V14/><F99/><W59/><G59/><T30/><D30/><U32/><E32/><V107/><F111/><W33/><G16/><AGARI ba="0,1" hai="15,16,22,24,27,48,54,58,85,91,95" m="16939" machi="16" ten="30,7700,0" yaku="25,1,8,1,52,1,54,1" doraHai="45" who="1" fromWho="3" sc="240,0,250,87,250,0,250,-77" /><INIT seed="1,0,0,0,3,122" ten="240,337,250,173" oya="1" hai0="48,50,77,15,118,73,9,35,72,113,40,11,5" hai1="130,96,8,84,102,100,78,112,39,103,34,55,134" hai2="3,66,58,126,62,46,45,13,49,135,21,90,33" hai3="27,63,56,68,51,87,91,129,133,57,125,22,4"/><U67/><E112/><V120/><F120/><W37/><G37/><T36/><D113/><U79/><E39/><V95/><F33/><W12/><G129/><T85/><D35/><U59/><E130/><V115/><F3/><W29/><G133/><T69/><D118/><U127/><E134/><V53/><F115/><W1/><G1/><T30/><D30/><U109/><E127/><V6/><F135/><W43/><G68/><T119/><D119/><U0/><E34/><V24/><F126/><W2/><G2/><T104/><D69/><U105/><E67/><V114/><F114/><W117/><G117/><T93/><D104/><U106/><E0/><V26/><F45/><W128/><G128/><T64/><D64/><U98/><E8/><V10/><REACH who="2" step="1"/><F21/><REACH who="2" ten="240,337,240,173" step="2"/><W18/><G125/><T82/><D11/><U131/><E131/><V16/><F16/><W121/><G121/><T116/><D116/><U19/><E19/><V107/><F107/><W92/><G4/><T81/><D93/><U44/><E44/><V54/><F54/><W70/><G18/><T108/><D81/><U17/><E55/><V25/><F25/><W42/><G12/><T52/><D52/><U38/><E17/><V23/><F23/><W80/><G80/><T20/><D20/><U71/><E106/><V123/><F123/><W88/><G22/><T110/><D40/><U101/><E105/><V60/><F60/><W97/><G43/><T94/><D94/><U61/><E61/><V65/><F65/><N who="3" m="41279" /><G27/><T76/><D82/><U83/><E83/><V31/><F31/><W99/><G29/><RYUUKYOKU ba="0,1" sc="240,-10,337,-10,240,30,173,-10" hai2="6,10,13,24,26,46,49,53,58,62,66,90,95" /><INIT seed="2,1,1,5,0,123" ten="230,327,270,163" oya="2" hai0="120,83,73,3,35,66,45,119,117,36,41,109,22" hai1="56,104,116,30,79,106,13,103,101,115,38,58,114" hai2="71,49,97,50,57,2,16,70,89,6,112,15,134" hai3="110,10,105,54,7,23,80,69,33,17,27,8,92"/><V25/><F112/><W21/><G105/><T91/><D120/><U84/><E116/><N who="0" m="44617" /><D66/><U61/><E38/><V47/><F2/><W55/><G69/><T85/><D22/><U29/><E84/><V67/><F6/><W51/><G33/><T46/><D46/><U131/><E13/><V37/><F25/><W20/><G55/><T133/><D35/><U1/><E61/><V26/><F26/><W118/><G118/><T9/><D133/><U42/><E42/><V31/><F31/><W5/><G80/><T52/><D73/><U4/><E4/><V96/><F89/><W63/><G63/><T82/><D82/><U19/><E19/><V44/><F15/><W60/><G60/><T39/><D39/><U18/><E18/><V77/><F77/><W121/><G17/><T32/><D32/><U125/><E125/><V65/><F16/><W87/><G27/><T72/><D72/><U99/><E79/><V111/><F37/><W28/><G28/><T100/><D100/><U127/><E127/><V126/><F126/><W130/><G121/><T124/><D124/><U81/><E81/><V132/><F57/><W75/><G75/><T93/><D83/><U74/><E74/><V14/><F14/><W95/><G23/><T90/><D9/><U59/><E59/><V86/><F86/><W64/><G87/><T107/><D3/><U108/><E99/><V128/><F128/><W11/><G11/><T24/><D24/><U12/><E12/><V53/><F53/><W62/><G10/><T34/><D34/><U48/><E1/><V88/><F88/><RYUUKYOKU ba="1,1" sc="230,-10,327,-10,270,30,163,-10" hai2="44,47,49,50,65,67,70,71,96,97,111,132,134" /><INIT seed="2,2,1,4,4,113" ten="220,317,300,153" oya="2" hai0="65,116,120,51,111,69,87,61,47,23,103,49,80" hai1="132,81,19,66,50,33,53,41,4,94,91,9,70" hai2="63,20,30,75,57,127,2,83,99,13,7,77,130" hai3="97,88,64,135,121,129,93,89,104,32,124,122,123"/><V107/><F127/><W10/><G32/><T95/><D111/><U26/><E132/><V18/><F130/><W14/><G135/><T22/><D120/><U86/><E41/><V34/><F107/><W84/><G129/><T59/><D69/><U115/><E115/><V46/><F99/><W78/><G64/><T128/><D128/><U106/><E106/><V15/><F46/><W105/><G124/><T133/><D133/><U39/><E39/><V17/><F34/><W76/><G14/><T108/><D108/><U29/><E19/><V126/><F126/><W60/><G60/><T71/><D71/><U28/><E28/><V44/><F44/><W25/><G25/><T45/><D45/><U54/><E50/><V118/><F30/><W101/><G10/><T102/><D116/><U100/><E66/><V114/><F114/><W98/><G105/><T12/><D51/><U92/><E70/><V125/><F125/><W16/><REACH who="3" step="1"/><G16/><REACH who="3" ten="220,317,300,143" step="2"/><N who="0" m="10503" /><D23/><U82/><E33/><V24/><F18/><W67/><G67/><T62/><D62/><U21/><E9/><V3/><F15/><W119/><G119/><T56/><D56/><U90/><E4/><V112/><F112/><W27/><G27/><T35/><D35/><U58/><E58/><V38/><F118/><W85/><G85/><T8/><D8/><U79/><E86/><V109/><F109/><W72/><G72/><T96/><D96/><U43/><E100/><V110/><F110/><W36/><G36/><T68/><D68/><U6/><E6/><V48/><F38/><W55/><G55/><N who="0" m="30143" /><D95/><AGARI ba="2,2" hai="76,78,84,88,89,93,95,97,98,101,104,121,122,123" machi="95" ten="40,8000,1" yaku="1,1,34,3,54,1,53,0" doraHai="113" doraHaiUra="1" who="3" fromWho="0" sc="220,-86,317,0,300,0,143,106" /><INIT seed="3,0,0,0,3,2" ten="134,317,300,249" oya="3" hai0="49,21,83,95,38,42,4,76,25,79,47,92,101" hai1="112,29,5,62,132,75,8,86,50,33,94,14,84" hai2="1,93,59,51,111,88,108,127,64,3,22,118,125" hai3="98,117,119,44,113,35,26,55,77,133,74,97,109"/><W104/><G55/><T46/><D101/><U71/><E112/><V58/><F118/><W43/><G113/><T115/><D115/><U36/><E36/><V114/><F114/><W89/><G133/><T45/><D79/><U23/><E75/><V122/><F122/><W57/><G57/><T19/><D47/><U91/><E132/><V12/><F64/><W80/><G98/><T13/><D45/><U99/><E33/><V32/><F32/><W28/><G109/><T66/><D66/><U27/><E71/><V11/><F22/><W110/><G110/><N who="2" m="42025" /><F58/><W56/><G56/><T106/><D106/><U65/><E65/><V123/><F51/><W96/><G96/><T63/><D63/><U107/><E50/><V116/><F59/><W31/><G31/><T135/><D38/><U131/><E131/><V40/><F40/><W69/><G69/><T70/><D70/><U129/><E129/><V48/><F48/><W52/><G52/><T9/><REACH who="0" step="1"/><D135/><REACH who="0" ten="124,317,300,249" step="2"/><U16/><E107/><V20/><F123/><W60/><G60/><T10/><D10/><U37/><E62/><V82/><F116/><W53/><G53/><T30/><D30/><U126/><E37/><V124/><F20/><W78/><G78/><T100/><D100/><U72/><E29/><V0/><F124/><W73/><G73/><AGARI ba="0,1" hai="4,9,13,19,21,25,42,46,49,73,76,83,92,95" machi="73" ten="30,3900,0" yaku="1,1,7,1,52,1,53,0" doraHai="2" doraHaiUra="130" who="0" fromWho="3" sc="124,49,317,0,300,0,249,-39" /><INIT seed="4,0,0,3,0,82" ten="173,317,300,210" oya="0" hai0="96,54,52,64,44,124,29,28,20,68,100,66,40" hai1="33,88,116,105,133,80,31,94,71,130,92,27,56" hai2="53,41,135,81,134,55,95,60,109,2,102,114,37" hai3="36,122,58,9,13,0,118,26,47,21,127,90,97"/><T38/><D124/><U1/><E116/><V85/><F109/><W74/><G74/><T15/><D29/><U84/><E71/><V98/><F2/><W17/><G118/><T106/><D64/><U24/><E105/><V35/><F35/><W101/><G122/><T61/><REACH who="0" step="1"/><D15/><REACH who="0" ten="163,317,300,210" step="2"/><U112/><E112/><V108/><F114/><W126/><G126/><T45/><D45/><U32/><E1/><V78/><F108/><W19/><G0/><T65/><D65/><U117/><E117/><V62/><F134/><W110/><G127/><T129/><D129/><U131/><E133/><V48/><F135/><W51/><G110/><T77/><D77/><U107/><E131/><V91/><F78/><W75/><G47/><T115/><D115/><U57/><E130/><V113/><F113/><W89/><G36/><T22/><D22/><U16/><E33/><V103/><F37/><W8/><G8/><T93/><D93/><U50/><E107/><V10/><F10/><W128/><G128/><T49/><D49/><U119/><E50/><V4/><F48/><W18/><G9/><T67/><D67/><U42/><E119/><V87/><F95/><N who="3" m="58559" /><G13/><T39/><D39/><U30/><E30/><V3/><F3/><W14/><G14/><T12/><D12/><U63/><E94/><V123/><F123/><W72/><G19/><T104/><D104/><U121/><E92/><V125/><F125/><W6/><G18/><T69/><D69/><U11/><E121/><V7/><F81/><W34/><G34/><T59/><D59/><N who="1" m="22603" /><E11/><V79/><F79/><W70/><G70/><RYUUKYOKU ba="0,1" sc="163,30,317,-10,300,-10,210,-10" hai0="20,28,38,40,44,52,54,61,66,68,96,100,106" /><INIT seed="4,1,1,2,2,45" ten="193,307,290,200" oya="0" hai0="6,113,46,86,39,56,104,2,103,89,18,36,110" hai1="32,79,47,130,95,13,92,119,33,132,53,105,97" hai2="78,7,10,68,37,123,44,91,100,69,28,27,135" hai3="54,34,29,81,111,107,116,5,73,24,12,134,55"/><T84/><D113/><U25/><E119/><V51/><F123/><W125/><G116/><T126/><D126/><U35/><E132/><V124/><F135/><W131/><G134/><T3/><D110/><U82/><E130/><V21/><F37/><W85/><G111/><T38/><D46/><U117/><E117/><V102/><F124/><W106/><G73/><T94/><D6/><U108/><E108/><V127/><F127/><W23/><G131/><T0/><D18/><U88/><E13/><V101/><F78/><W14/><G125/><T114/><D114/><U80/><E105/><V71/><F91/><W62/><G107/><T70/><D86/><U67/><E67/><V49/><REACH who="2" step="1"/><F44/><REACH who="2" ten="193,307,280,200" step="2"/><W96/><G81/><T19/><D103/><U16/><E80/><V90/><F90/><W4/><G4/><T112/><D112/><U87/><E35/><V26/><F26/><W20/><G34/><T31/><D104/><U42/><E33/><V1/><AGARI ba="1,2" hai="1,7,10,21,27,28,49,51,68,69,71,100,101,102" machi="1" ten="40,12000,2" yaku="1,1,0,1,52,2,53,3" doraHai="45" doraHaiUra="98" who="2" fromWho="2" sc="193,-61,307,-31,280,143,200,-31" /><INIT seed="5,0,0,3,1,25" ten="132,276,423,169" oya="1" hai0="21,49,2,89,58,83,132,32,109,19,65,95,123" hai1="22,96,70,18,61,63,52,53,88,99,93,98,102" hai2="125,69,104,47,77,43,100,24,57,39,120,101,113" hai3="12,131,81,67,0,28,9,107,3,8,122,54,6"/><U50/><E70/><V29/><F120/><W48/><G122/><T78/><D109/><U72/><E72/><V84/><F125/><W10/><G107/><T38/><D132/><U114/><E114/><V118/><F118/><W11/><G67/><T1/><D32/><U15/><E53/><V111/><F111/><W80/><G131/><T105/><D38/><U55/><E55/><V108/><F108/><W37/><G37/><T20/><D105/><U74/><E74/><V45/><F45/><W66/><G66/><T14/><D123/><U36/><E36/><V90/><F77/><W82/><REACH who="3" step="1"/><G28/><REACH who="3" ten="132,276,423,159" step="2"/><T134/><D65/><U86/><REACH who="1" step="1"/><E102/><REACH who="1" ten="132,266,423,159" step="2"/><V94/><F113/><W110/><G110/><T85/><D134/><U13/><E13/><V115/><F115/><W103/><G103/><T26/><D2/><U27/><E27/><V92/><F101/><W68/><G68/><T23/><D1/><U40/><E40/><V42/><F100/><W51/><G51/><T135/><D135/><U31/><E31/><V129/><F43/><W87/><G87/><N who="0" m="48631" /><D26/><U7/><E7/><V130/><F104/><W64/><G64/><T75/><D75/><U76/><E76/><V112/><F69/><W17/><G17/><T121/><D121/><U56/><AGARI ba="0,2" hai="15,18,22,50,52,56,61,63,86,88,93,96,98,99" machi="56" ten="30,24000,3" yaku="1,1,0,1,25,2,8,1,54,2,53,1" doraHai="25" doraHaiUra="16" who="1" fromWho="1" sc="132,-80,266,260,423,-80,159,-80" /><INIT seed="5,1,0,0,4,53" ten="52,526,343,79" oya="1" hai0="68,15,79,5,91,135,120,81,37,8,44,7,73" hai1="48,76,32,23,90,40,16,12,42,9,38,72,99" hai2="39,97,55,62,86,57,45,11,52,122,126,78,2" hai3="113,58,119,30,24,64,131,123,101,66,4,10,96"/><U109/><E38/><V83/><F122/><W85/><G123/><T115/><D120/><U128/><E128/><V49/><F126/><W29/><G113/><T0/><D115/><U65/><E65/><V59/><F97/><W36/><G36/><T6/><D135/><U118/><E32/><V110/><F110/><W127/><G127/><T21/><D68/><U130/><E130/><V104/><F104/><W20/><G119/><T54/><D91/><U100/><E118/><V75/><F39/><W133/><G133/><T134/><D134/><U94/><E109/><V51/><F2/><W106/><G30/><T89/><D89/><U47/><E72/><V129/><F11/><W93/><G131/><T35/><D35/><U92/><E76/><V74/><F129/><W26/><G26/><T33/><D54/><AGARI ba="1,0" hai="45,49,51,52,54,55,57,59,62,74,75,78,83,86" machi="54" ten="30,7700,0" yaku="7,1,52,2,54,1" doraHai="53" who="2" fromWho="0" sc="52,-80,526,0,343,80,79,0" owari="-28,-53.0,526,63.0,423,22.0,79,-32.0" /></mjloggm>