<mjloggm ver="2.3"><GO type="41" lobby="0"/><UN n0="%31%35%39%33%37" n1="%E2%93%9D%53%75%70%68%78" n2="%73%68%69%67%65%72%75" n3="%6B%61%74%65%72" dan="14,18,16,13" rate="1889.91,2130.71,2031.51,1839.82" sx="M,M,M,M"/><TAIKYOKU oya="0"/><INIT seed="0,0,0,5,0,79" ten="250,250,250,250" oya="0" hai0="48,97,117,39,85,66,126,59,6,70,101,122,58" hai1="127,22,54,27,83,19,67,72,102,1,128,11,73" hai2="114,116,119,78,8,9,45,111,64,80,113,14,24" hai3="131,81,38,74,68,82,99,10,86,75,129,69,12"/><T3/><D122/><U63/><E128/><N who="3" m="49226" /><G38/><T94/><D117/><N who="2" m="45130" /><F64/><W40/><G40/><T120/><D120/><U71/><E127/><V61/><F61/><W134/><G134/><T107/><D39/><U21/><E102/><V2/><F2/><W46/><G46/><T57/><D48/><U23/><E54/><V52/><F24/><W25/><G25/><T51/><D51/><U36/><E73/><N who="3" m="27658" /><G86/><T65/><D70/><N who="3" m="27241" /><G99/><T15/><D126/><U17/><E36/><V5/><F8/><W62/><G62/><T96/><D15/><U125/><E125/><V88/><F111/><W130/><N who="3" m="49234" /><W16/><AGARI ba="0,0" hai="10,12,16,81,82" m="27241,27658,49234" machi="16" ten="50,8000,1" yaku="4,1,19,1,52,2,54,1" doraHai="79" who="3" fromWho="3" sc="250,-40,250,-20,250,-20,250,80" /><INIT seed="1,0,0,2,0,70" ten="210,230,230,330" oya="1" hai0="81,104,7,9,59,132,94,128,121,3,120,49,51" hai1="32,69,43,47,60,39,55,116,42,77,79,41,90" hai2="6,92,80,52,18,16,99,25,65,8,37,88,53" hai3="101,61,63,97,73,100,0,111,134,14,114,126,54"/><U44/><E32/><V102/><F37/><W13/><G114/><T66/><D104/><U89/><E116/><V34/><F65/><W83/><G0/><T109/><D109/><U96/><E96/><V21/><F34/><W105/><G111/><T31/><D31/><U93/><E69/><V35/><F35/><W40/><G126/><T129/><D94/><U98/><E90/><V71/><F71/><W124/><G124/><T24/><D24/><U95/><E95/><V57/><F57/><W133/><G100/><T1/><D81/><U17/><E17/><V127/><F127/><W110/><G40/><T48/><D3/><U33/><E33/><V4/><F18/><W23/><G110/><T20/><D20/><U123/><E123/><N who="0" m="47177" /><D132/><N who="3" m="50793" /><G23/><T86/><D86/><U38/><E43/><V11/><F80/><W106/><G106/><T118/><D118/><U28/><E28/><V29/><F29/><W62/><G54/><N who="2" m="21097" /><F102/><W45/><G45/><T46/><D46/><U82/><E82/><V117/><F117/><W5/><G5/><AGARI ba="0,0" hai="4,5,6,8,11,16,21,25,88,92,99" m="21097" machi="5" ten="30,7700,0" yaku="8,1,54,3" doraHai="70" who="2" fromWho="3" sc="210,0,230,0,230,77,330,-77" /><INIT seed="2,0,0,0,2,134" ten="210,230,307,253" oya="2" hai0="5,19,86,16,20,115,123,95,26,51,62,53,35" hai1="121,3,64,25,116,1,13,118,75,34,111,44,113" hai2="108,83,14,94,128,0,101,28,43,127,107,119,104" hai3="71,74,80,117,12,69,67,77,81,79,56,22,124"/><V125/><F0/><W78/><G117/><T6/><D115/><U55/><E64/><V60/><F28/><W114/><G114/><T84/><D35/><U85/><E113/><V57/><F119/><W120/><G120/><T40/><D123/><U129/><E121/><V105/><F43/><W8/><G22/><T131/><D131/><U31/><E75/><V30/><F30/><W89/><G56/><T27/><D40/><U72/><E72/><V23/><F128/><W92/><G124/><N who="2" m="47689" /><F83/><W52/><G52/><T58/><D51/><U98/><E55/><V99/><F108/><W73/><G67/><T7/><D95/><U76/><E111/><V82/><F82/><W59/><G59/><T50/><D50/><U38/><E3/><V96/><F23/><AGARI ba="0,0" hai="5,6,7,16,19,20,23,26,27,53,58,62,84,86" machi="23" ten="40,5200,0" yaku="9,1,8,1,54,1" doraHai="134" who="0" fromWho="2" sc="210,52,230,0,307,-52,253,0" /><INIT seed="3,0,0,2,5,104" ten="262,230,255,253" oya="3" hai0="47,84,127,27,122,38,108,75,10,19,45,97,56" hai1="44,24,2,17,126,40,23,115,31,69,109,89,135" hai2="129,81,8,113,121,105,123,78,0,26,66,72,4" hai3="6,12,58,33,34,111,117,107,101,116,18,99,130"/><W3/><G130/><T103/><D122/><N who="2" m="46602" /><F129/><W95/><G111/><T28/><D84/><U80/><E69/><V110/><F110/><W48/><G107/><T67/><D127/><U112/><E2/><V85/><F105/><W25/><G6/><T59/><D59/><U57/><E135/><V21/><F113/><W106/><G3/><T49/><D38/><U62/><E126/><V86/><F66/><W65/><G106/><T54/><D67/><U119/><E119/><V83/><F83/><W79/><G79/><T35/><D75/><U51/><E109/><V36/><F36/><W43/><G43/><T114/><D114/><U133/><E133/><V93/><F93/><W61/><G48/><T88/><D88/><U91/><E115/><V76/><F76/><W60/><G60/><T16/><D19/><AGARI ba="0,0" hai="0,4,8,19,21,26,72,78,81,85,86" m="46602" machi="19" ten="30,2000,0" yaku="13,1,52,1" doraHai="104" who="2" fromWho="0" sc="262,-20,230,0,255,20,253,0" /><INIT seed="4,0,0,5,2,106" ten="242,230,275,253" oya="0" hai0="115,122,121,125,19,51,94,90,39,32,69,9,89" hai1="55,123,20,41,84,131,13,96,108,114,70,56,127" hai2="75,83,5,42,109,46,28,79,86,73,52,124,91" hai3="12,8,77,61,62,40,35,105,126,26,7,134,25"/><T74/><D69/><U14/><E108/><V47/><F109/><W95/><G105/><T101/><D32/><U49/><E123/><V98/><F5/><W16/><G126/><T85/><D39/><U97/><E70/><V93/><F28/><W0/><G134/><T111/><D111/><U99/><E131/><V117/><F117/><W15/><G40/><T128/><D125/><U107/><E107/><V119/><F119/><W3/><G77/><T120/><D128/><U31/><E114/><V112/><F112/><W1/><G95/><T88/><D115/><U104/><E104/><V50/><F124/><W57/><G57/><T132/><D132/><U22/><E41/><V116/><F116/><W17/><G61/><T44/><D74/><U82/><E127/><V4/><F4/><W129/><G62/><T65/><D101/><U59/><E59/><V81/><F81/><W130/><G130/><T23/><D9/><U21/><REACH who="1" step="1"/><E31/><REACH who="1" ten="242,220,275,253" step="2"/><V103/><F103/><W45/><G129/><T133/><D133/><U118/><E118/><V33/><F33/><W63/><G45/><T38/><D38/><AGARI ba="0,1" hai="38,42,46,47,50,52,73,75,79,83,86,91,93,98" machi="38" ten="30,7700,0" yaku="7,1,52,2,54,1" doraHai="106" who="2" fromWho="0" sc="242,-77,220,0,275,87,253,0" /><INIT seed="5,0,0,1,0,43" ten="165,220,362,253" oya="1" hai0="13,61,31,84,86,70,23,109,1,32,107,67,90" hai1="44,19,124,99,20,100,119,54,55,122,49,96,47" hai2="127,12,123,135,6,118,81,42,58,3,80,134,114" hai3="112,93,39,21,106,115,129,131,117,10,108,52,37"/><U26/><E119/><V75/><F123/><W65/><G106/><T27/><D109/><U53/><E122/><V25/><F118/><W97/><G117/><T78/><D1/><U64/><E124/><V48/><F127/><W56/><G108/><T101/><D78/><U120/><E120/><V102/><F3/><W87/><G87/><T50/><D90/><U15/><E64/><V133/><F102/><N who="3" m="60719" /><G65/><T89/><D89/><U130/><E130/><N who="3" m="49674" /><G21/><T18/><REACH who="0" step="1"/><D50/><REACH who="0" ten="155,220,362,253" step="2"/><N who="1" m="28871" /><E100/><V0/><F0/><W28/><G37/><T68/><D68/><U66/><E66/><V11/><F135/><W40/><G39/><T88/><D88/><U79/><E79/><V121/><F121/><W116/><G116/><T126/><D126/><U85/><E85/><V33/><F134/><W73/><G73/><T91/><D91/><U41/><E99/><AGARI ba="0,1" hai="13,18,23,27,31,32,61,67,70,84,86,99,101,107" machi="99" ten="40,5200,0" yaku="1,1,25,2,53,0" doraHai="43" doraHaiUra="45" who="0" fromWho="1" sc="155,62,220,-52,362,0,253,0" /><INIT seed="6,0,0,4,3,116" ten="217,168,362,253" oya="2" hai0="115,57,20,29,109,78,30,89,67,25,55,18,28" hai1="117,45,9,107,59,75,134,60,119,72,43,81,123" hai2="27,94,92,101,110,80,53,68,39,77,14,54,7" hai3="13,133,61,100,1,93,71,5,125,52,85,8,4"/><V42/><F68/><W120/><G125/><T129/><D109/><U35/><E35/><V2/><F14/><W99/><G133/><T135/><D135/><U118/><E134/><V102/><F27/><W131/><G131/><T69/><D115/><U38/><E107/><V44/><F110/><W95/><G120/><T47/><D69/><U24/><E24/><V26/><F26/><W76/><G1/><T128/><D78/><U108/><E108/><V105/><F105/><W90/><G76/><T91/><D67/><U87/><E9/><V12/><F12/><W6/><G71/><T127/><D47/><U97/><E97/><V98/><F94/><W121/><G121/><T82/><D82/><U103/><E103/><V22/><F22/><W17/><G4/><T66/><D66/><U0/><E0/><V79/><F102/><W130/><G130/><N who="0" m="50283" /><D127/><U56/><E123/><V62/><F62/><AGARI ba="0,0" hai="18,20,25,28,29,30,55,57,62,89,91" m="50283" machi="62" ten="30,1000,0" yaku="19,1" doraHai="116" who="0" fromWho="2" sc="217,10,168,0,362,-10,253,0" /><INIT seed="7,0,0,4,3,69" ten="227,168,352,253" oya="3" hai0="70,67,102,28,62,89,20,117,91,27,61,64,78" hai1="128,45,14,132,10,15,48,108,98,94,75,42,80" hai2="36,12,7,55,105,92,74,96,71,77,72,126,38" hai3="52,25,130,122,41,112,129,9,85,46,5,49,54"/><W53/><G122/><T124/><D124/><U47/><E128/><N who="3" m="49258" /><G112/><T120/><D120/><U66/><E132/><V101/><F71/><W8/><G85/><T21/><D78/><U119/><E119/><V35/><F35/><W58/><G25/><T115/><D117/><U18/><E108/><V87/><F126/><W33/><G33/><T134/><D134/><U37/><E66/><V30/><F30/><W109/><G109/><T29/><D115/><U100/><E15/><V57/><F74/><W11/><G5/><T135/><D135/><U73/><REACH who="1" step="1"/><E80/><REACH who="1" ten="227,158,352,253" step="2"/><N who="2" m="45095" /><F12/><W3/><G3/><T59/><D102/><U22/><E22/><V40/><F7/><W121/><G121/><T24/><AGARI ba="0,1" hai="20,21,24,27,28,29,59,61,62,64,67,70,89,91" machi="24" ten="30,2000,0" yaku="0,1,9,1" doraHai="69" who="0" fromWho="0" sc="227,30,158,-5,352,-5,253,-10" owari="257,6.0,153,-35.0,347,45.0,243,-16.0" /></mjloggm>