<mjloggm ver="2.3"><GO type="41" lobby="0"/><UN n0="%E2%93%9D%53%75%70%68%78" n1="%6E%65%31%33%36%35" n2="%E3%81%8E%E3%81%A3%E3%81%8F%E3%82%8A%E3%81%94%E3%81%97" n3="%E3%82%8A%E3%82%93%E3%81%94%32%32%36" dan="19,14,13,15" rate="2141.41,1918.33,1873.25,2035.41" sx="M,M,M,M"/><TAIKYOKU oya="0"/><INIT seed="0,0,0,0,3,20" ten="250,250,250,250" oya="0" hai0="100,55,40,128,21,70,72,6,46,39,14,103,131" hai1="117,23,11,24,78,127,50,61,67,44,58,102,53" hai2="115,89,126,110,114,38,0,99,74,48,12,65,116" hai3="15,35,83,120,63,93,68,1,32,60,7,118,59"/><T86/><D72/><U105/><E117/><V73/><F38/><W107/><G107/><T123/><D123/><U90/><E127/><V3/><F116/><W119/><G1/><T51/><D70/><U94/><E78/><V49/><F126/><W134/><G134/><T8/><D86/><U5/><E102/><V77/><F65/><W37/><G37/><T108/><D108/><U76/><E76/><V88/><F12/><W56/><G15/><T42/><D21/><U28/><E105/><V92/><F77/><W66/><G7/><T64/><D64/><U91/><E11/><V47/><F110/><W104/><G104/><T81/><D81/><U10/><REACH who="1" step="1"/><E94/><REACH who="1" ten="250,240,250,250" step="2"/><V135/><F92/><W112/><G93/><T4/><D103/><U111/><E111/><V113/><F113/><W130/><G112/><T25/><D100/><U75/><E75/><V17/><F135/><W30/><G120/><T101/><D101/><U129/><E129/><N who="0" m="49737" /><D6/><U124/><E124/><V125/><F125/><W18/><G130/><T33/><D39/><U43/><E43/><V26/><F115/><W45/><G118/><T95/><D95/><U31/><E31/><AGARI ba="0,1" hai="4,8,14,25,31,33,40,42,46,51,55" m="49737" machi="31" ten="30,2900,0" yaku="19,1,52,1" doraHai="20" who="0" fromWho="1" sc="250,39,240,-29,250,0,250,0" /><INIT seed="0,1,0,4,2,10" ten="289,211,250,250" oya="0" hai0="107,130,118,35,80,112,47,18,135,62,19,103,63" hai1="14,108,8,31,36,58,44,92,115,42,17,59,11" hai2="71,68,51,52,100,64,7,28,81,109,49,13,9" hai3="82,114,74,133,104,67,38,70,50,94,55,121,61"/><T32/><D112/><U40/><E40/><V98/><F109/><W101/><G133/><T110/><D118/><U56/><E115/><V15/><F49/><W77/><G121/><T89/><D103/><U76/><E108/><V4/><F81/><W66/><G66/><T122/><D130/><U22/><E76/><V129/><F28/><W16/><G38/><T97/><D107/><U45/><E44/><V99/><F129/><W25/><G104/><T39/><D122/><U29/><REACH who="1" step="1"/><E92/><REACH who="1" ten="289,201,250,250" step="2"/><V113/><F113/><W127/><G94/><T95/><D110/><U128/><E128/><V134/><F134/><W41/><G41/><T69/><D47/><U2/><E2/><V5/><F99/><W6/><G77/><T26/><D97/><U105/><E105/><V91/><F91/><W1/><G1/><T120/><D89/><U21/><E21/><V53/><F98/><W65/><G114/><T131/><D131/><U119/><E119/><V60/><F100/><W78/><G101/><T27/><D120/><U93/><E93/><V46/><F9/><AGARI ba="1,1" hai="8,9,11,14,17,22,29,31,36,42,45,56,58,59" machi="9" ten="40,2600,0" yaku="1,1,52,1,53,0" doraHai="10" doraHaiUra="73" who="1" fromWho="2" sc="289,0,201,39,250,-29,250,0" /><INIT seed="1,0,0,0,4,3" ten="289,240,221,250" oya="1" hai0="5,6,12,69,74,9,88,89,124,76,97,67,57" hai1="49,19,106,116,34,23,96,51,68,35,1,108,38" hai2="17,104,11,112,31,78,44,45,132,100,41,85,70" hai3="80,33,36,86,98,10,30,25,7,123,14,99,52"/><U113/><E116/><V56/><F70/><W13/><G36/><T22/><D69/><U105/><E68/><V46/><F112/><W37/><G37/><T101/><D124/><U72/><E38/><V122/><F122/><W27/><G27/><T114/><D114/><U4/><E113/><V63/><F132/><W40/><G40/><T77/><D74/><U130/><E72/><V79/><F41/><W47/><G14/><T84/><D22/><U53/><E51/><V48/><F48/><W50/><REACH who="3" step="1"/><G123/><REACH who="3" ten="289,240,221,240" step="2"/><T2/><D2/><U8/><E130/><V66/><F31/><W118/><G118/><T60/><D6/><U83/><E108/><V55/><F55/><W75/><G75/><T15/><D15/><U135/><E135/><V54/><F54/><W87/><G87/><T59/><D84/><U95/><E35/><V29/><F85/><W39/><G39/><T64/><D77/><AGARI ba="0,1" hai="7,10,13,25,30,33,47,50,52,77,80,86,98,99" machi="77" ten="30,7700,0" yaku="1,1,7,1,52,1,54,1,53,0" doraHai="3" doraHaiUra="125" who="3" fromWho="0" sc="289,-77,240,0,221,0,240,87" /><INIT seed="2,0,0,3,1,134" ten="212,240,221,327" oya="2" hai0="13,45,4,122,50,40,57,5,131,48,132,33,3" hai1="83,43,135,7,89,95,103,30,62,123,130,120,23" hai2="121,64,116,18,82,39,38,32,129,10,90,54,56" hai3="104,9,6,69,100,128,20,102,70,114,1,97,51"/><V2/><F121/><W11/><G128/><T12/><D122/><N who="1" m="46635" /><E135/><V16/><F32/><W79/><G114/><T55/><D132/><U106/><E130/><V68/><F116/><W81/><G102/><T84/><D131/><U14/><E43/><V53/><F129/><W49/><G20/><T42/><D33/><U74/><E62/><V127/><F68/><W75/><G51/><T96/><D3/><U58/><E58/><V80/><F2/><W37/><G49/><T117/><D96/><N who="1" m="61799" /><E83/><V28/><F28/><W119/><G119/><T59/><D117/><U87/><E74/><V73/><F73/><W47/><REACH who="3" step="1"/><G9/><REACH who="3" ten="212,240,221,317" step="2"/><T67/><D45/><U107/><E23/><V92/><F10/><W85/><G85/><T76/><D84/><U31/><E107/><V112/><F112/><W60/><G60/><T36/><D50/><U46/><E46/><V19/><F39/><W61/><G61/><T15/><D36/><U88/><E89/><V27/><F38/><W0/><G0/><T101/><D48/><U52/><E52/><V65/><F54/><W86/><G86/><T115/><D115/><U126/><E87/><V93/><F64/><W118/><G118/><T35/><D35/><U66/><E66/><V109/><F65/><W113/><G113/><T124/><D67/><U108/><E95/><V125/><F93/><W34/><G34/><T8/><D55/><U24/><E7/><V77/><F53/><W110/><G110/><T99/><D5/><U72/><E72/><V22/><F109/><W41/><AGARI ba="0,1" hai="1,6,11,37,41,47,69,70,75,79,81,97,100,104" machi="41" ten="30,12000,2" yaku="1,1,0,1,25,2,33,3,53,0" doraHai="134" doraHaiUra="26" who="3" fromWho="3" sc="212,-30,240,-30,221,-60,317,130" /><INIT seed="3,0,0,4,1,26" ten="182,210,161,447" oya="3" hai0="31,66,127,89,21,60,51,103,22,109,106,97,77" hai1="67,84,49,36,17,116,91,28,8,86,90,73,78" hai2="5,59,71,131,45,75,62,128,39,4,68,133,32" hai3="44,115,82,107,114,35,16,11,63,40,80,72,85"/><W13/><G107/><T27/><D109/><U2/><E36/><V34/><F133/><W6/><G35/><T74/><D127/><U130/><E116/><V120/><F120/><W53/><G72/><T30/><D89/><U58/><E130/><N who="2" m="49707" /><F75/><W81/><G114/><T0/><D0/><U55/><E67/><N who="2" m="39391" /><F45/><W23/><G115/><T33/><D31/><U14/><E2/><V94/><F39/><W46/><G40/><T96/><D96/><U57/><E73/><V100/><F100/><W88/><G63/><T113/><D51/><U41/><E78/><V56/><F56/><W61/><G61/><T108/><D108/><U65/><E41/><V12/><F94/><N who="3" m="54543" /><G53/><T135/><D135/><U93/><E65/><V124/><F124/><W20/><G20/><T37/><D37/><U83/><E58/><V43/><F43/><W126/><G126/><T52/><D113/><U9/><E8/><N who="2" m="4103" /><F5/><W1/><G1/><T123/><D52/><U122/><E122/><V101/><F101/><W117/><G117/><T38/><D38/><U99/><E99/><V76/><F76/><W119/><G119/><T64/><D123/><U29/><AGARI ba="0,0" hai="9,14,17,28,29,49,55,57,83,84,86,90,91,93" machi="29" ten="30,7900,0" yaku="0,1,8,1,52,2" doraHai="26" who="1" fromWho="1" sc="182,-20,210,79,161,-20,447,-39" /><INIT seed="4,0,0,4,5,118" ten="162,289,141,408" oya="0" hai0="111,36,58,44,71,22,99,107,101,65,62,82,2" hai1="42,89,88,79,90,135,126,69,8,52,113,134,98" hai2="104,38,110,1,17,39,114,33,13,25,106,78,128" hai3="20,0,51,92,132,3,47,63,15,18,109,28,64"/><T55/><D2/><U32/><E69/><V40/><F78/><W81/><G109/><T54/><D111/><U4/><E32/><V129/><F40/><W61/><G132/><N who="1" m="50730" /><E126/><V124/><F124/><W108/><G108/><T10/><D10/><U66/><E66/><V45/><F110/><W41/><G28/><T35/><D35/><U125/><E125/><V87/><F114/><W6/><G6/><T123/><D82/><U100/><E113/><V24/><F1/><W131/><G63/><T27/><D123/><U130/><E79/><V50/><F87/><W95/><G95/><T86/><D86/><U119/><E42/><N who="2" m="24887" /><F33/><W29/><G29/><T67/><D71/><U31/><E31/><V59/><F59/><W60/><G60/><T37/><D67/><U91/><E119/><V16/><F17/><W117/><G117/><T115/><D115/><U116/><E116/><V122/><F122/><W75/><G92/><T68/><D44/><U102/><E130/><N who="2" m="50283" /><F39/><W14/><G131/><T26/><D37/><U96/><E52/><V73/><F73/><W112/><G112/><T7/><D36/><U34/><E34/><V49/><F49/><W105/><G75/><T5/><D55/><U133/><E133/><V94/><F94/><W80/><G105/><N who="2" m="40553" /><F38/><W76/><G76/><T84/><D84/><U72/><E72/><V74/><F74/><W23/><G0/><T70/><D70/><U85/><E85/><V19/><F19/><N who="3" m="10359" /><G3/><T53/><D53/><U97/><N who="1" m="23040" /><DORA hai="30" /><U83/><E83/><V12/><F12/><AGARI ba="0,0" hai="4,8,12,96,97,98,100,102" m="23040,50730" machi="12" ten="50,3200,0" yaku="20,1,54,1" doraHai="118,30" who="1" fromWho="2" sc="162,0,289,32,141,-32,408,0" /><INIT seed="5,0,0,1,3,134" ten="162,321,109,408" oya="1" hai0="73,49,118,31,109,38,102,128,60,3,10,32,96" hai1="69,79,81,17,26,91,64,9,132,68,6,5,131" hai2="37,18,62,76,15,45,1,21,22,27,63,110,14" hai3="113,70,40,105,111,127,130,106,100,108,124,29,19"/><U24/><E132/><V66/><F110/><W61/><G40/><T28/><D118/><U20/><E131/><V16/><F1/><W71/><G113/><T57/><D38/><U12/><E91/><V52/><F27/><W54/><G29/><T48/><D73/><U35/><E64/><V50/><F37/><W13/><G54/><T77/><D77/><U36/><E36/><V117/><F117/><W44/><G44/><T41/><D109/><N who="3" m="42057" /><G61/><T56/><D32/><U84/><REACH who="1" step="1"/><E6/><REACH who="1" ten="162,311,109,408" step="2"/><V114/><F114/><W59/><G130/><T23/><D128/><U58/><E58/><V30/><F30/><AGARI ba="0,1" hai="5,9,12,17,20,24,26,30,35,68,69,79,81,84" machi="30" ten="40,3900,0" yaku="1,1,53,1" doraHai="134" doraHaiUra="11" who="1" fromWho="2" sc="162,0,311,49,109,-39,408,0" /><INIT seed="5,1,0,1,3,67" ten="162,360,70,408" oya="1" hai0="33,48,36,0,106,85,18,78,35,25,70,93,26" hai1="97,60,132,119,20,129,68,17,133,117,5,63,75" hai2="120,79,104,82,6,40,83,102,118,134,47,95,54" hai3="64,11,81,8,37,76,128,110,22,24,43,80,57"/><U49/><E75/><V34/><F120/><W53/><G110/><T15/><D36/><U12/><E129/><V121/><F121/><W84/><G128/><T45/><D106/><U112/><E112/><V127/><F118/><W115/><G115/><T19/><D0/><U72/><E72/><V50/><F104/><W52/><G37/><T10/><D70/><U123/><E123/><V107/><F107/><W27/><G43/><T32/><D19/><U100/><E5/><V62/><F134/><N who="1" m="51817" /><E49/><V103/><F127/><W113/><G27/><T7/><D18/><U125/><E125/><V44/><F34/><W59/><G64/><T71/><D71/><U92/><E63/><V98/><F6/><W16/><G81/><N who="0" m="47287" /><D93/><U21/><E21/><V91/><F83/><W87/><G87/><T41/><AGARI ba="1,0" hai="7,10,15,25,26,32,33,35,41,45,48" m="47287" machi="41" ten="30,1100,0" yaku="25,1" doraHai="67" who="0" fromWho="0" sc="162,14,360,-6,70,-4,408,-4" /><INIT seed="6,0,0,2,2,133" ten="176,354,66,404" oya="2" hai0="102,24,109,43,31,23,10,118,7,128,123,134,77" hai1="103,86,125,92,79,72,69,49,51,63,99,82,64" hai2="83,97,26,48,32,56,121,93,4,52,20,46,58" hai3="27,14,34,45,114,44,65,0,84,120,76,89,66"/><V88/><F121/><W122/><G0/><T81/><D128/><U90/><REACH who="1" step="1"/><E125/><REACH who="1" ten="176,344,66,404" step="2"/><V110/><F110/><W8/><G120/><T100/><D109/><U6/><E6/><V37/><F32/><W71/><G122/><T78/><D123/><U55/><E55/><V60/><F37/><W62/><G114/><T126/><D126/><U117/><E117/><V119/><F119/><W95/><G66/><T80/><D118/><U67/><E67/><V131/><F131/><W132/><G132/><T13/><D134/><U68/><E68/><V9/><F83/><AGARI ba="0,1" hai="49,51,63,64,69,72,79,82,83,86,90,92,99,103" machi="83" ten="30,7700,0" yaku="21,2,7,1,53,1" doraHai="133" doraHaiUra="87" who="1" fromWho="2" sc="176,0,344,87,66,-77,404,0" owari="176,-22.0,431,53.0,-11,-51.0,404,20.0" /></mjloggm>