<mjloggm ver="2.3"><GO type="41" lobby="0"/><UN n0="%E3%83%9E%E3%83%9E%E3%83%AC%E3%83%BC%E3%83%89%E7%94%B7" n1="%E8%A7%A3%E6%B5%B7%E7%8E%8B" n2="%E9%89%84%E3%81%AE%E3%83%9E%E3%82%B9%E3%82%AF" n3="%E2%93%9D%53%75%70%68%78" dan="14,16,13,19" rate="1941.62,2037.15,1967.11,2199.84" sx="M,M,M,M"/><TAIKYOKU oya="0"/><INIT seed="0,0,0,4,5,116" ten="250,250,250,250" oya="0" hai0="28,114,62,59,77,21,67,32,17,121,13,45,43" hai1="48,112,111,87,123,44,37,100,47,1,2,125,42" hai2="54,9,11,64,34,120,53,110,63,57,15,52,115" hai3="117,83,94,101,81,118,135,18,56,22,92,23,14"/><T50/><D114/><U96/><E111/><V132/><F34/><W31/><G135/><T33/><D121/><U109/><E109/><V36/><F115/><W119/><G56/><T113/><D113/><U128/><E112/><V16/><F36/><W85/><G101/><T72/><REACH who="0" step="1"/><D28/><REACH who="0" ten="240,250,250,250" step="2"/><U12/><E123/><V91/><F120/><W49/><G119/><T4/><D4/><U124/><E125/><V46/><F110/><W75/><G118/><T134/><D134/><U0/><E124/><V51/><F132/><W130/><G117/><T66/><D66/><U88/><E128/><V98/><F11/><W25/><G130/><T35/><D35/><U106/><E12/><V58/><F58/><W107/><G31/><T78/><D78/><U95/><REACH who="1" step="1"/><E0/><REACH who="1" ten="240,240,250,250" step="2"/><V68/><F68/><W105/><G14/><T29/><D29/><U71/><E71/><V60/><F60/><W79/><G25/><T131/><D131/><U8/><E8/><V69/><F69/><W10/><G10/><T74/><D74/><U40/><AGARI ba="0,2" hai="1,2,37,40,42,44,47,48,87,88,95,96,100,106" machi="40" ten="20,5200,0" yaku="1,1,0,1,7,1,54,1,53,0" doraHai="116" doraHaiUra="104" who="1" fromWho="1" sc="240,-26,240,72,250,-13,250,-13" /><INIT seed="1,0,0,2,4,102" ten="214,312,237,237" oya="1" hai0="119,118,58,36,40,123,46,131,17,116,22,48,72" hai1="107,129,8,126,61,84,6,85,122,44,9,104,67" hai2="75,31,76,70,113,111,120,112,28,51,63,92,10" hai3="34,56,4,127,19,91,54,23,33,7,106,114,5"/><U135/><E122/><V94/><F120/><W96/><G114/><N who="2" m="44137" /><F51/><W97/><G127/><T98/><D123/><U81/><E129/><V130/><F10/><W38/><G38/><T49/><D72/><U73/><E73/><V43/><F43/><W39/><G39/><T115/><D115/><U55/><E135/><V65/><F130/><W0/><G0/><T105/><D131/><U24/><E126/><V125/><F125/><W25/><G97/><T124/><D124/><U78/><E85/><V128/><F128/><W18/><G18/><T12/><REACH who="0" step="1"/><D58/><REACH who="0" ten="204,312,237,237" step="2"/><U100/><E100/><AGARI ba="0,1" hai="12,17,22,36,40,46,48,49,98,100,105,116,118,119" machi="100" ten="40,5200,0" yaku="1,1,2,1,52,1,53,0" doraHai="102" doraHaiUra="121" who="0" fromWho="1" sc="204,62,312,-52,237,0,237,0" /><INIT seed="2,0,0,4,3,17" ten="266,260,237,237" oya="2" hai0="40,8,90,94,72,10,5,67,16,134,26,120,116" hai1="75,74,95,132,99,102,14,81,64,88,68,91,29" hai2="112,113,82,39,0,98,77,45,117,35,87,92,3" hai3="83,126,59,66,28,37,7,70,51,56,43,108,106"/><V71/><F71/><W33/><G7/><T49/><D134/><U9/><E132/><V69/><F35/><W2/><G2/><T18/><D116/><U44/><E29/><V20/><F69/><W128/><G106/><T73/><D120/><U125/><E125/><V32/><F32/><W135/><G83/><T118/><D118/><U111/><E111/><V130/><F117/><W50/><G28/><T1/><D67/><U93/><E102/><V27/><F3/><W84/><G84/><T110/><D110/><U89/><E44/><V58/><F0/><W124/><G33/><T109/><D40/><U96/><E89/><V31/><F130/><W53/><G108/><T60/><D60/><U25/><E81/><V15/><F15/><W63/><G128/><T57/><D57/><U127/><E25/><V61/><F39/><W12/><G12/><T114/><D49/><U55/><E55/><V86/><F45/><N who="3" m="23791" /><G135/><T78/><D78/><U123/><E127/><N who="3" m="48682" /><G51/><T101/><D1/><U24/><E123/><V122/><F86/><W103/><G103/><T52/><D101/><U119/><E24/><V30/><F122/><W54/><G54/><T34/><D26/><U36/><E36/><V6/><F6/><W131/><G131/><T22/><D5/><U21/><E119/><V80/><F80/><W4/><G4/><T104/><D72/><U38/><E38/><V79/><F79/><W76/><G76/><T85/><D73/><U48/><E48/><V11/><F11/><W46/><AGARI ba="0,0" hai="46,50,53,56,59,63,66,70" m="48682,23791" machi="46" ten="30,4000,0" yaku="18,1,34,2" doraHai="17" who="3" fromWho="3" sc="266,-10,260,-10,237,-20,237,40" /><INIT seed="3,0,0,1,2,132" ten="256,250,217,277" oya="3" hai0="133,7,106,25,27,120,89,49,117,77,22,56,90" hai1="48,110,80,73,8,34,64,37,68,102,36,104,58" hai2="10,30,28,3,5,2,81,42,85,16,129,128,17" hai3="86,54,124,111,75,40,94,130,74,39,61,24,11"/><W116/><G116/><T55/><D133/><U18/><E34/><V107/><F107/><W41/><G130/><N who="2" m="50281" /><F42/><W67/><G54/><T105/><D120/><U6/><E68/><V44/><F44/><W66/><G11/><T91/><D117/><U4/><E104/><V29/><F85/><W135/><G24/><T46/><D77/><U112/><E102/><V50/><F50/><W126/><G135/><T98/><D7/><U127/><E4/><V100/><F100/><W83/><G94/><T15/><D15/><U96/><E96/><V14/><F81/><W60/><G86/><T109/><D27/><U71/><E71/><V118/><F118/><W1/><G83/><T108/><D98/><U62/><E48/><V0/><AGARI ba="0,0" hai="0,2,3,5,10,14,16,17,28,29,30" m="50281" machi="0" ten="40,8000,1" yaku="19,1,34,2,54,1" doraHai="132" who="2" fromWho="2" sc="256,-20,250,-20,217,80,277,-40" /><INIT seed="4,0,0,5,1,46" ten="236,230,297,237" oya="0" hai0="43,31,26,84,74,111,2,68,78,88,58,97,37" hai1="49,69,62,103,107,10,12,121,40,126,134,118,75" hai2="90,114,115,129,7,133,3,67,29,59,17,25,33" hai3="72,20,11,18,125,8,0,56,30,23,36,60,66"/><T57/><D68/><U14/><E121/><V71/><F71/><W61/><G36/><T38/><D2/><U13/><E118/><V28/><F90/><W77/><G125/><T76/><D111/><U35/><E75/><V63/><F133/><W120/><G120/><T70/><D70/><U124/><E35/><V123/><F28/><W128/><G128/><T80/><D97/><N who="1" m="61935" /><E134/><V122/><F17/><W44/><G77/><T81/><D76/><U105/><E105/><V87/><F87/><W65/><G72/><T127/><D127/><N who="1" m="48683" /><E10/><N who="2" m="2431" /><F129/><W100/><G11/><T135/><D135/><U41/><E49/><V21/><F21/><W83/><G23/><T110/><D110/><U5/><E5/><V99/><F99/><W24/><G8/><T117/><D117/><U95/><E95/><V86/><F86/><W16/><G20/><T52/><D58/><U19/><E19/><V6/><F6/><W45/><G56/><T32/><REACH who="0" step="1"/><D43/><REACH who="0" ten="226,230,297,237" step="2"/><U42/><E40/><V15/><F122/><W132/><G132/><T113/><D113/><U51/><E42/><V102/><F123/><W112/><G112/><N who="2" m="43049" /><F102/><W109/><G100/><T48/><AGARI ba="0,1" hai="26,31,32,37,38,48,52,57,74,78,80,81,84,88" machi="48" ten="20,18000,2" yaku="1,1,0,1,7,1,52,1,54,2,53,0" doraHai="46" doraHaiUra="91" who="0" fromWho="0" sc="226,190,230,-60,297,-60,237,-60" /><INIT seed="4,1,0,5,3,103" ten="416,170,237,177" oya="0" hai0="37,18,52,2,5,40,31,68,73,39,59,95,80" hai1="97,19,41,92,85,53,105,60,77,61,47,4,109" hai2="11,89,55,119,110,72,13,82,50,6,35,127,111" hai3="21,69,63,1,130,83,107,25,16,27,56,93,123"/><T99/><D68/><U23/><E109/><V42/><F35/><W58/><G1/><T29/><D2/><U113/><E4/><V74/><F127/><W22/><G130/><T48/><D5/><U26/><E113/><V121/><F42/><W125/><G125/><T64/><D64/><U100/><E53/><V122/><F119/><W104/><G93/><T30/><D40/><U62/><E85/><V98/><F74/><W14/><G123/><T33/><D33/><U129/><E77/><V117/><F117/><W67/><G83/><T79/><REACH who="0" step="1"/><D18/><REACH who="0" ten="406,170,237,177" step="2"/><U106/><REACH who="1" step="1"/><E129/><REACH who="1" ten="406,160,237,177" step="2"/><V131/><F131/><W45/><G69/><T102/><AGARI ba="1,2" hai="29,30,31,37,39,48,52,59,73,79,80,95,99,102" machi="102" ten="30,11700,0" yaku="1,1,2,1,0,1,54,1,53,0" doraHai="103" doraHaiUra="34" who="0" fromWho="0" sc="406,140,160,-40,237,-40,177,-40" /><INIT seed="4,2,0,3,1,86" ten="546,120,197,137" oya="0" hai0="70,110,115,130,48,98,52,63,44,57,20,2,65" hai1="56,80,11,27,94,32,112,42,69,67,28,47,23" hai2="111,93,120,21,46,62,34,97,131,127,35,122,12" hai3="36,125,88,7,5,25,29,73,107,6,99,113,55"/><T126/><D2/><U24/><E112/><V129/><F111/><W4/><G73/><T51/><D115/><U91/><E69/><V31/><F46/><W82/><G113/><T85/><D110/><U22/><E80/><V128/><F62/><W89/><G36/><T59/><D130/><U72/><E72/><V1/><F1/><W133/><G133/><T61/><D126/><U39/><E11/><V75/><F75/><W60/><G7/><T40/><D98/><U96/><REACH who="1" step="1"/><E27/><REACH who="1" ten="546,110,197,137" step="2"/><N who="2" m="16879" /><F127/><W87/><G125/><T78/><D78/><U43/><E43/><V102/><F12/><W81/><G81/><T108/><D108/><U58/><E58/><V101/><F101/><W41/><G41/><T49/><D40/><U132/><E132/><V123/><AGARI ba="2,1" hai="34,35,93,97,102,120,122,123,128,129,131" m="16879" machi="123" ten="40,1500,0" yaku="19,1" doraHai="86" who="2" fromWho="2" sc="546,-9,110,-6,197,31,137,-6" /><INIT seed="5,0,0,2,4,50" ten="537,104,228,131" oya="1" hai0="120,19,129,87,1,91,39,97,12,46,20,60,26" hai1="111,128,82,28,70,54,34,104,67,85,31,107,0" hai2="93,73,35,63,65,78,11,45,108,17,5,29,13" hai3="61,74,83,75,52,51,76,44,68,40,2,134,119"/><U131/><E0/><V66/><F108/><W100/><G134/><T21/><D1/><U42/><E42/><V95/><F66/><W135/><G135/><T58/><D129/><N who="1" m="49739" /><E111/><V103/><F78/><W62/><G119/><T98/><D120/><U102/><E102/><V133/><F73/><W15/><G2/><T112/><D112/><U114/><E114/><V99/><F133/><W24/><G75/><T57/><D39/><U90/><E34/><V88/><F45/><W48/><G68/><T55/><D46/><U18/><E18/><V14/><F29/><N who="1" m="11337" /><E54/><V105/><F35/><W86/><G74/><T116/><D116/><U124/><E124/><V92/><F105/><N who="1" m="40521" /><E67/><V113/><F103/><W64/><G100/><T38/><D38/><U53/><E53/><V25/><F25/><W81/><G24/><T127/><D127/><U115/><E115/><V43/><F43/><W132/><G132/><T101/><D101/><U56/><E56/><N who="2" m="37095" /><F113/><W69/><G62/><N who="0" m="36159" /><D26/><U126/><E126/><V72/><F72/><W80/><G15/><T37/><D37/><U47/><E47/><AGARI ba="0,0" hai="40,44,47,48,51,52,61,64,69,76,80,81,83,86" machi="47" ten="30,3900,0" yaku="7,1,52,1,54,1" doraHai="50" who="3" fromWho="1" sc="537,0,104,-39,228,0,131,39" /><INIT seed="6,0,0,1,5,20" ten="537,65,228,170" oya="2" hai0="1,56,129,107,19,93,35,27,10,75,55,91,109" hai1="120,67,119,65,76,135,38,42,94,62,0,16,59" hai2="49,95,2,90,87,112,14,54,118,64,34,22,126" hai3="5,48,127,77,7,46,68,102,134,133,31,115,15"/><V33/><F2/><W23/><G68/><T69/><D107/><U98/><E135/><N who="3" m="51722" /><G127/><T92/><D75/><U117/><E0/><V39/><F39/><W71/><G71/><T99/><D129/><U111/><E111/><V13/><F118/><W86/><G102/><T25/><D69/><U30/><E120/><V131/><F126/><W43/><G115/><T100/><D35/><U72/><E67/><V73/><F73/><W103/><G103/><T41/><D41/><U37/><E30/><V116/><F116/><W4/><G86/><T29/><D29/><U125/><E125/><V57/><F131/><W105/><G77/><T60/><D109/><U8/><E42/><V51/><F112/><W66/><G66/><T26/><D10/><U114/><E114/><V97/><F64/><W21/><G105/><T17/><D1/><U45/><E45/><V96/><F13/><W28/><G23/><T84/><AGARI ba="0,0" hai="17,19,25,26,27,55,56,60,84,91,92,93,99,100" machi="84" ten="30,8000,1" yaku="0,1,8,1,52,3" doraHai="20" who="0" fromWho="0" sc="537,80,65,-20,228,-40,170,-20" /><INIT seed="7,0,0,2,2,62" ten="617,45,188,150" oya="3" hai0="19,11,93,27,94,25,69,115,127,107,32,103,122" hai1="114,67,118,85,113,5,38,13,0,120,64,133,14" hai2="21,126,70,89,72,92,121,98,39,99,73,119,97" hai3="78,90,86,135,41,8,88,134,132,96,117,49,18"/><W10/><G117/><T46/><D69/><U104/><E120/><V109/><F39/><W20/><G78/><T45/><D107/><U40/><E104/><V81/><F70/><W17/><G96/><N who="2" m="36969" /><F21/><W101/><G101/><T130/><D127/><U83/><E133/><V102/><F119/><W65/><G65/><N who="1" m="25162" /><E118/><V60/><F60/><W55/><G41/><T106/><D130/><U2/><E40/><V16/><F16/><N who="3" m="6251" /><G20/><T22/><D106/><U59/><E59/><V74/><F109/><W124/><G124/><T31/><D115/><N who="1" m="44043" /><E38/><V26/><F26/><W57/><G90/><T68/><D68/><U110/><E110/><V44/><F44/><W56/><G56/><T75/><D75/><U71/><E71/><V24/><F24/><W111/><G111/><T100/><D122/><U58/><E58/><V76/><F121/><W28/><G28/><T4/><D100/><U29/><E29/><V6/><F6/><W52/><G55/><T105/><D105/><U63/><E63/><V125/><F125/><W42/><G42/><T80/><D103/><U34/><E34/><V50/><F50/><W87/><G88/><T91/><D46/><U37/><E37/><V61/><F61/><W1/><G135/><T95/><D45/><U15/><E5/><V129/><F126/><W12/><G134/><T77/><D91/><U54/><E54/><V82/><F129/><W128/><G128/><T108/><D108/><U7/><E7/><V116/><F116/><W53/><G53/><T30/><D30/><U51/><E51/><V47/><F47/><W43/><G132/><RYUUKYOKU ba="0,0" sc="617,-15,45,15,188,15,150,-15" hai1="0,2,13,14,15,83,85" hai2="72,73,74,76,81,82,89,92,99,102" owari="602,70.0,60,-44.0,203,0.0,135,-26.0" /></mjloggm>