<mjloggm ver="2.3"><GO type="41" lobby="0"/><UN n0="%E3%83%8F%E3%82%A6%E3%82%B9" n1="%E6%82%B2%E9%81%8B%E3%81%AE%E6%B5%81%E6%98%9F" n2="%E3%81%97%E3%82%82%E3%81%B5%E3%82%8A%E3%81%AB%E3%81%8F" n3="%E2%93%9D%53%75%70%68%78" dan="14,15,13,19" rate="1898.04,2022.18,1942.03,2138.67" sx="M,M,M,M"/><TAIKYOKU oya="0"/><INIT seed="0,0,0,5,5,14" ten="250,250,250,250" oya="0" hai0="79,74,42,50,54,31,41,120,27,49,55,116,98" hai1="107,92,17,94,37,91,132,39,45,20,23,9,24" hai2="118,103,99,71,124,109,95,21,77,84,90,2,7" hai3="64,101,131,5,18,28,57,25,0,22,62,123,68"/><T100/><D116/><U72/><E107/><V3/><F71/><W78/><G131/><T34/><D120/><U97/><E72/><V61/><F118/><W110/><G110/><T32/><D32/><U56/><E132/><V70/><F109/><W12/><G123/><T11/><D74/><U135/><E135/><V106/><F124/><W8/><G78/><T125/><D79/><U89/><E9/><V36/><F36/><W66/><G101/><T53/><D125/><U85/><E45/><V75/><F21/><W48/><G48/><T128/><D128/><U114/><E114/><V113/><F7/><W126/><G126/><T63/><D63/><U119/><E119/><V122/><F122/><W1/><G66/><T65/><D65/><U96/><E85/><V105/><F105/><W52/><REACH who="3" step="1"/><G28/><REACH who="3" ten="250,250,250,240" step="2"/><T111/><D111/><U19/><E56/><V69/><F113/><W67/><G67/><T76/><D76/><U35/><E35/><V102/><F69/><W88/><G88/><T129/><D129/><U10/><REACH who="1" step="1"/><E10/><REACH who="1" ten="250,240,250,240" step="2"/><V133/><F133/><W104/><G104/><T80/><D11/><U82/><E82/><V38/><F106/><W87/><G87/><T29/><D80/><U15/><AGARI ba="0,2" hai="15,17,19,20,23,24,37,39,89,91,92,94,96,97" machi="15" ten="20,12000,2" yaku="1,1,0,1,7,1,9,1,52,2,53,0" doraHai="14" doraHaiUra="134" who="1" fromWho="1" sc="250,-60,240,140,250,-30,240,-30" /><INIT seed="1,0,0,4,5,15" ten="190,380,220,210" oya="1" hai0="76,130,117,48,125,74,111,7,26,58,68,81,49" hai1="132,25,92,69,98,82,95,114,91,126,108,66,112" hai2="97,64,4,9,79,131,73,120,134,47,5,133,18" hai3="56,103,59,44,124,80,53,110,100,89,106,107,135"/><U2/><E2/><V121/><F64/><W109/><G44/><T24/><D117/><U118/><E118/><V45/><F131/><W113/><G53/><T57/><D68/><U83/><E132/><N who="2" m="50795" /><F97/><W128/><G135/><T63/><D130/><U65/><E126/><V127/><F127/><W41/><G41/><T129/><D111/><N who="3" m="42505" /><G59/><T23/><D129/><U84/><E108/><V52/><F79/><W122/><G56/><T42/><D125/><U61/><E65/><V34/><F34/><W27/><G27/><T87/><D7/><N who="2" m="2634" /><F73/><W0/><G0/><T85/><D26/><U35/><E95/><V8/><F47/><W102/><G122/><N who="2" m="47209" /><F18/><W75/><G124/><T51/><D42/><U30/><E82/><V123/><N who="2" m="47217" /><V12/><DORA hai="105" /><F12/><W32/><G32/><T6/><D6/><U16/><REACH who="1" step="1"/><E16/><REACH who="1" ten="190,370,220,210" step="2"/><V54/><F45/><W55/><G128/><T22/><D58/><U36/><E36/><V19/><F19/><W28/><G107/><T39/><D39/><U78/><AGARI ba="0,1" hai="25,30,35,61,66,69,78,83,84,91,92,98,112,114" machi="78" ten="20,3900,0" yaku="1,1,0,1,7,1,53,0" doraHai="15,105" doraHaiUra="71,96" who="1" fromWho="1" sc="190,-13,370,49,220,-13,210,-13" /><INIT seed="1,1,0,0,3,46" ten="177,419,207,197" oya="1" hai0="20,105,67,65,12,15,52,95,99,120,9,110,83" hai1="72,87,90,100,37,123,81,118,126,7,27,55,60" hai2="49,98,38,134,34,4,125,47,11,70,62,29,74" hai3="77,42,22,82,132,59,102,93,66,88,121,78,26"/><U6/><E123/><V108/><F74/><W106/><G121/><T58/><D120/><U96/><E118/><V89/><F108/><W53/><G132/><T18/><D110/><U8/><E72/><V133/><F34/><W45/><G66/><T5/><D83/><U79/><E37/><V109/><F109/><W35/><G35/><T19/><D5/><U30/><E126/><V61/><F38/><W48/><G102/><T16/><D105/><U119/><E119/><V122/><F125/><W3/><G3/><T54/><D18/><U127/><E127/><V28/><F89/><W76/><G106/><T40/><D40/><U23/><E79/><V43/><F98/><W91/><G82/><T10/><D20/><U97/><E96/><V117/><F117/><W73/><G93/><T114/><D114/><U63/><E55/><V129/><F129/><W104/><G104/><T124/><D124/><U36/><E36/><V85/><F85/><W135/><G135/><N who="2" m="51721" /><F122/><W101/><G101/><N who="0" m="60671" /><D54/><U33/><E33/><V64/><F62/><AGARI ba="1,0" hai="9,10,12,15,16,19,52,58,62,65,67" m="60671" machi="62" ten="30,3900,0" yaku="8,1,54,2" doraHai="46" who="0" fromWho="2" sc="177,42,419,0,207,-42,197,0" /><INIT seed="2,0,0,5,1,47" ten="219,419,165,197" oya="2" hai0="128,61,45,3,11,66,62,2,78,19,44,98,114" hai1="119,134,95,131,102,125,8,90,28,123,64,12,31" hai2="121,37,42,103,96,58,20,113,5,4,104,74,87" hai3="89,46,111,51,43,34,126,65,81,105,30,99,85"/><V33/><F121/><W77/><G111/><T16/><D114/><U60/><E119/><V25/><F113/><W107/><G126/><T17/><D128/><U52/><E125/><V29/><F74/><W7/><G65/><T82/><D62/><U73/><E73/><V79/><F37/><W94/><REACH who="3" step="1"/><G7/><REACH who="3" ten="219,419,165,187" step="2"/><T124/><D124/><U14/><E123/><V63/><F42/><W76/><G76/><T57/><D98/><U10/><E64/><V118/><F118/><W80/><G80/><T27/><D11/><U122/><E122/><V36/><F36/><W15/><G15/><T26/><D2/><U1/><E1/><V108/><F108/><W13/><G13/><T127/><D3/><U132/><E131/><V49/><F79/><W83/><G83/><T101/><D127/><U92/><E102/><V112/><F112/><W84/><G84/><N who="0" m="48215" /><D101/><U91/><E60/><V100/><F87/><W54/><G54/><AGARI ba="0,1" hai="8,10,12,14,28,31,52,54,90,91,92,95,132,134" machi="54" ten="25,3200,0" yaku="22,2,54,1" doraHai="47" who="1" fromWho="3" sc="219,0,419,42,165,0,187,-32" /><INIT seed="3,0,0,3,0,106" ten="219,461,165,155" oya="3" hai0="37,6,103,56,45,49,48,3,36,0,24,88,82" hai1="108,20,4,85,10,125,83,76,17,134,87,55,52" hai2="65,69,40,123,58,133,50,95,25,29,116,23,13" hai3="128,119,68,114,51,31,42,122,117,109,53,105,91"/><W111/><G105/><T92/><D103/><U46/><E108/><N who="3" m="41546" /><G31/><T120/><D120/><U34/><E34/><V43/><F116/><N who="3" m="44619" /><G91/><T70/><D70/><U63/><E125/><V101/><F133/><W57/><G122/><T16/><D82/><U115/><E134/><V121/><F69/><W131/><G114/><T124/><D124/><U39/><E115/><V100/><F50/><N who="3" m="30903" /><G68/><T81/><D81/><U78/><E17/><V118/><F101/><W47/><AGARI ba="0,0" hai="42,47,51,128,131" m="30903,44619,41546" machi="47" ten="40,12000,1" yaku="14,1,10,1,34,2" doraHai="106" who="3" fromWho="3" sc="219,-40,461,-40,165,-40,155,120" /><INIT seed="3,1,0,0,5,54" ten="179,421,125,275" oya="3" hai0="135,129,59,13,5,108,66,33,47,1,121,114,51" hai1="84,97,40,125,63,7,96,45,109,124,102,68,8" hai2="17,4,69,115,126,79,23,101,94,62,31,16,106" hai3="82,44,24,56,78,80,70,36,18,64,39,65,19"/><W46/><G24/><T103/><D33/><U111/><E84/><V52/><F106/><W60/><G70/><T20/><D20/><U127/><E68/><V118/><F118/><W89/><G89/><T77/><D13/><N who="1" m="5279" /><E63/><V11/><F69/><W0/><G60/><T119/><D103/><U73/><E73/><V2/><F79/><W128/><G78/><T130/><D77/><U87/><E87/><V22/><F126/><W49/><G49/><T107/><D107/><N who="1" m="63943" /><E97/><N who="2" m="59575" /><F2/><W61/><G61/><T131/><D121/><U134/><E134/><V55/><F62/><W75/><G0/><T83/><D83/><U67/><E67/><V105/><F105/><W30/><G75/><T53/><D5/><U38/><AGARI ba="1,0" hai="38,40,45,109,111,124,125,127" m="63943,5279" machi="38" ten="40,1500,0" yaku="18,1" doraHai="54" who="1" fromWho="1" sc="179,-5,421,18,125,-5,275,-8" /><INIT seed="4,0,0,1,0,48" ten="174,439,120,267" oya="0" hai0="82,90,86,2,8,34,107,93,112,0,84,133,115" hai1="46,31,25,117,105,42,96,66,116,69,79,61,51" hai2="54,122,102,40,75,55,10,131,57,120,70,7,72" hai3="87,27,53,63,36,100,73,97,106,33,103,119,17"/><T95/><D107/><U19/><E79/><V44/><F70/><W68/><G36/><T30/><D133/><U59/><E19/><V76/><F102/><W134/><G73/><T118/><D118/><U109/><E59/><V85/><F131/><W62/><G119/><T71/><D71/><U50/><E50/><V13/><F75/><W35/><G87/><T22/><D34/><U89/><E109/><V123/><F57/><W111/><G111/><T28/><D8/><U128/><E128/><V81/><REACH who="2" step="1"/><F72/><REACH who="2" ten="174,439,110,267" step="2"/><W126/><G103/><T14/><D90/><U67/><E89/><V65/><F65/><W56/><G68/><T80/><D14/><U113/><E67/><V129/><F129/><W58/><G134/><T132/><REACH who="0" step="1"/><D22/><REACH who="0" ten="164,439,110,267" step="2"/><U9/><E9/><V74/><F74/><W41/><G35/><T43/><D43/><U114/><E117/><V18/><F18/><W49/><G41/><T91/><D91/><U11/><E11/><V121/><N who="2" m="30720" /><DORA hai="4" /><V125/><F125/><W21/><G33/><T99/><D99/><U135/><E116/><V60/><F60/><W77/><G126/><T108/><D108/><U12/><E12/><V98/><F98/><W94/><G63/><T124/><D124/><U101/><E135/><V104/><F104/><W32/><G32/><AGARI ba="0,2" hai="25,31,32,42,46,51,61,66,69,96,101,105,113,114" machi="32" ten="40,2600,0" yaku="25,2" doraHai="48,4" who="1" fromWho="3" sc="164,0,439,46,110,0,267,-26" /><INIT seed="5,0,0,2,0,7" ten="164,485,110,241" oya="1" hai0="114,111,70,48,105,76,129,14,82,40,17,5,0" hai1="8,56,84,81,51,16,65,39,88,10,32,96,59" hai2="66,126,120,108,134,91,73,93,113,103,122,11,107" hai3="1,23,69,3,71,25,121,47,110,72,104,86,125"/><U44/><E32/><V49/><F66/><W54/><G110/><T127/><D111/><U38/><E96/><V55/><F108/><W28/><G72/><T6/><D114/><U95/><E39/><V123/><F73/><W116/><G125/><T60/><D105/><U12/><E38/><V24/><F126/><W53/><G121/><T36/><D127/><U18/><E65/><V99/><F134/><W77/><G104/><T87/><D36/><U100/><E95/><V41/><F24/><W119/><G86/><T115/><D115/><U52/><E100/><V33/><F113/><W37/><G77/><T45/><D129/><U97/><E97/><V92/><F33/><W109/><G109/><T34/><D34/><U15/><AGARI ba="0,0" hai="8,10,12,15,16,18,44,51,52,56,59,81,84,88" machi="15" ten="30,24000,3" yaku="0,1,9,1,25,2,8,1,52,2,54,3" doraHai="7" who="1" fromWho="1" sc="164,-80,485,240,110,-80,241,-80" /><INIT seed="5,1,0,2,2,53" ten="84,725,30,161" oya="1" hai0="36,28,76,63,29,12,103,37,60,27,114,129,133" hai1="58,44,113,51,128,70,122,80,118,45,65,87,71" hai2="30,52,18,102,48,99,104,120,85,88,21,106,73" hai3="34,89,59,132,14,79,125,47,90,6,15,50,130"/><U126/><E122/><V134/><F73/><W119/><G34/><T7/><D76/><U61/><E118/><V127/><F134/><W10/><G130/><T57/><D129/><U84/><E128/><V78/><F127/><W35/><G35/><T83/><D83/><U31/><E126/><V62/><F62/><W1/><G1/><T94/><D133/><U13/><E113/><V66/><F66/><W92/><G79/><T8/><D63/><U11/><E31/><V93/><F120/><W117/><G15/><T16/><D7/><U95/><E95/><V105/><F78/><W17/><G6/><T38/><D114/><U2/><E2/><V110/><F30/><W116/><G125/><T69/><D69/><U82/><E87/><V25/><REACH who="2" step="1"/><F110/><REACH who="2" ten="84,725,20,161" step="2"/><W42/><G132/><T20/><D29/><U101/><E101/><V5/><F5/><W49/><G119/><T64/><D36/><U74/><E74/><V81/><F81/><W67/><G117/><T68/><D68/><U77/><E80/><V41/><F41/><W32/><G42/><T43/><D43/><U56/><E71/><V86/><F86/><W26/><G116/><T108/><D108/><U124/><E124/><V3/><F3/><W55/><G67/><T23/><D23/><U39/><E39/><V123/><F123/><W107/><G32/><T135/><D135/><U54/><E44/><AGARI ba="1,1" hai="18,21,25,44,48,52,85,88,93,99,102,104,105,106" machi="44" ten="30,7700,0" yaku="1,1,7,1,54,2,53,0" doraHai="53" doraHaiUra="109" who="2" fromWho="1" sc="84,0,725,-80,20,90,161,0" /><INIT seed="6,0,0,5,3,49" ten="84,645,110,161" oya="2" hai0="80,130,9,133,19,100,74,3,37,11,114,27,92" hai1="35,119,127,61,55,59,76,129,12,107,25,31,134" hai2="40,85,131,26,17,73,50,101,43,34,69,51,79" hai3="58,108,103,42,16,38,20,30,88,6,57,48,126"/><V32/><F69/><W53/><G108/><T95/><D37/><U120/><E119/><V70/><F70/><W112/><G126/><T5/><D130/><U39/><E39/><V18/><F131/><W64/><G103/><T117/><D117/><U65/><E127/><V118/><F118/><W67/><G6/><T29/><D133/><U121/><E134/><V123/><F123/><N who="1" m="47177" /><E107/><V41/><F73/><W4/><G4/><T46/><D114/><U99/><E129/><V10/><F101/><W21/><G42/><T104/><D104/><U125/><E125/><V13/><F79/><W77/><G77/><T2/><D100/><U52/><E76/><V45/><F85/><W98/><G38/><T115/><D115/><U56/><E99/><V1/><F1/><W124/><G112/><T91/><D74/><U15/><E65/><V82/><F82/><W105/><G105/><T109/><D109/><U106/><E106/><V14/><F26/><N who="3" m="16711" /><G58/><T71/><D71/><U89/><E89/><V81/><F81/><W44/><G57/><T128/><D128/><U84/><E84/><V33/><REACH who="2" step="1"/><F45/><REACH who="2" ten="84,645,100,161" step="2"/><W113/><G124/><T97/><D46/><U8/><E8/><AGARI ba="0,1" hai="8,10,13,14,17,18,32,33,34,40,41,43,50,51" machi="8" ten="50,9600,0" yaku="1,1,2,1,9,1,53,0" doraHai="49" doraHaiUra="93" who="2" fromWho="1" sc="84,0,645,-96,100,106,161,0" /><INIT seed="6,1,0,3,0,2" ten="84,549,206,161" oya="2" hai0="97,3,6,95,22,134,34,69,83,37,39,27,21" hai1="12,78,52,90,33,24,56,59,114,10,71,128,14" hai2="40,60,104,87,86,106,65,132,48,76,54,62,85" hai3="51,77,19,23,5,103,44,15,130,1,74,50,28"/><V32/><F32/><W82/><G130/><T4/><D69/><U25/><E71/><V58/><F132/><W26/><G103/><T47/><D134/><U7/><E128/><V124/><F124/><W133/><G133/><T29/><D3/><U0/><E0/><V119/><F119/><W135/><G135/><T16/><D34/><U99/><E114/><V93/><F93/><W120/><G120/><T38/><D83/><U123/><E123/><V42/><F76/><W126/><G126/><T109/><D109/><U9/><E33/><V110/><F110/><W64/><G64/><T81/><D81/><U45/><E78/><V72/><F72/><W35/><G44/><T118/><D47/><U49/><E90/><V115/><F115/><W17/><G17/><T105/><D105/><U84/><E84/><V63/><REACH who="2" step="1"/><F65/><REACH who="2" ten="84,549,196,161" step="2"/><W107/><G107/><AGARI ba="1,1" hai="40,42,48,54,58,60,62,63,85,86,87,104,106,107" machi="107" ten="50,4800,0" yaku="1,1,2,1,53,0" doraHai="2" doraHaiUra="94" who="2" fromWho="3" sc="84,0,549,0,196,61,161,-51" /><INIT seed="6,2,0,1,1,41" ten="84,549,257,110" oya="2" hai0="6,2,57,99,96,49,63,91,85,92,13,56,17" hai1="53,61,79,50,86,72,45,51,93,83,58,19,114" hai2="68,97,26,1,78,89,100,94,35,20,115,104,44" hai3="87,54,90,67,21,40,125,132,65,82,43,15,25"/><V109/><F68/><W33/><G33/><T14/><D2/><U60/><E114/><V73/><F115/><W117/><G117/><T127/><D127/><U119/><E119/><V84/><F1/><W64/><G132/><T29/><D29/><U124/><E124/><V11/><F11/><W112/><G125/><T80/><D6/><U9/><E72/><V130/><F130/><W88/><G112/><T105/><D105/><U75/><E75/><V107/><F104/><W30/><G54/><T106/><D106/><U120/><E120/><V42/><F35/><W24/><G24/><T4/><D4/><U34/><E34/><V118/><F118/><W31/><G31/><T28/><D28/><U103/><E93/><V110/><F20/><W134/><G134/><T37/><D37/><U23/><E103/><V102/><F102/><W62/><G62/><T128/><D128/><U16/><E9/><V123/><F26/><W113/><G113/><T129/><D129/><U8/><E8/><V101/><F101/><W38/><G38/><T76/><D14/><N who="1" m="9623" /><E19/><V32/><F32/><W111/><G111/><T7/><D7/><U121/><E121/><V48/><F123/><W133/><G133/><T66/><D96/><U47/><E58/><V55/><F55/><AGARI ba="2,0" hai="45,47,50,51,53,55,60,61,79,83,86" m="9623" machi="55" ten="30,7700,0" yaku="8,1,52,2,54,1" doraHai="41" who="1" fromWho="2" sc="84,0,549,83,257,-83,110,0" /><INIT seed="7,0,0,0,2,127" ten="84,632,174,110" oya="3" hai0="2,32,33,59,60,66,12,3,9,39,49,92,70" hai1="50,86,102,81,30,90,7,55,68,24,63,21,26" hai2="15,119,54,45,110,8,100,132,34,74,117,124,118" hai3="31,133,51,65,29,36,71,47,52,37,113,93,112"/><W115/><G133/><T73/><D39/><N who="3" m="14921" /><G93/><T76/><D33/><U111/><E111/><V128/><F110/><W116/><G116/><T48/><D32/><U23/><E102/><V78/><F34/><W40/><G40/><T64/><D92/><U14/><E68/><V19/><F132/><W122/><G122/><T38/><D38/><U67/><E63/><AGARI ba="0,0" hai="29,31,47,51,52,63,65,71,112,113,115" m="14921" machi="63" ten="40,3900,0" yaku="15,1,54,1" doraHai="127" who="3" fromWho="1" sc="84,0,632,-39,174,0,110,39" /><INIT seed="7,1,0,1,2,106" ten="84,593,174,149" oya="3" hai0="102,60,14,43,30,82,81,119,41,122,105,87,123" hai1="127,3,130,129,84,69,72,101,113,92,29,24,7" hai2="99,114,135,37,88,9,32,93,10,126,67,48,91" hai3="79,73,39,46,112,63,16,90,1,47,95,44,0"/><W31/><G39/><T18/><D119/><U80/><E69/><V83/><F37/><W115/><G31/><T85/><D105/><U111/><E111/><V75/><F135/><W55/><G16/><T38/><D102/><U57/><E113/><N who="3" m="43594" /><G79/><T118/><D118/><U125/><E72/><V108/><F75/><W25/><G25/><T100/><D38/><U116/><E116/><V74/><F74/><W21/><G21/><T4/><D100/><U76/><E57/><V56/><F32/><W64/><G55/><T28/><D18/><U61/><E61/><V20/><F114/><W27/><G27/><T42/><D60/><U40/><E40/><V94/><F83/><W120/><G120/><T117/><D117/><U134/><E134/><V33/><F126/><N who="1" m="48137" /><E7/><V12/><F108/><W132/><G73/><T17/><D17/><U77/><E77/><V6/><F67/><W107/><G107/><T66/><D41/><U104/><E104/><V49/><F33/><W15/><G132/><T71/><D66/><U128/><E3/><V2/><F56/><N who="3" m="36967" /><G15/><T103/><D103/><U98/><E24/><V133/><F20/><W51/><G51/><T5/><REACH who="0" step="1"/><D14/><REACH who="0" ten="74,593,174,149" step="2"/><U35/><E35/><V89/><F133/><W96/><AGARI ba="1,1" hai="0,1,44,46,47,90,95,96" m="36967,43594" machi="96" ten="30,1500,0" yaku="15,1" doraHai="106" who="3" fromWho="3" sc="74,-6,593,-6,174,-6,149,28" /><INIT seed="7,2,0,2,5,127" ten="68,587,168,177" oya="3" hai0="101,91,66,63,24,97,51,59,135,119,26,10,129" hai1="34,105,54,21,6,32,5,56,44,83,124,47,17" hai2="118,29,122,60,13,86,134,15,117,72,128,53,38" hai3="22,79,25,113,130,93,94,92,20,58,102,73,35"/><W52/><G130/><T16/><D129/><U96/><E124/><V23/><F128/><W115/><G102/><T70/><D119/><U123/><E123/><V100/><F72/><W67/><G67/><T131/><D131/><U64/><E64/><V77/><F38/><W121/><G121/><T2/><D135/><U133/><E133/><V99/><F134/><W76/><G35/><T57/><D91/><U8/><E32/><V18/><F15/><W112/><G73/><T27/><D70/><U40/><E34/><V74/><F74/><W98/><G98/><T106/><D2/><U80/><E105/><V48/><F60/><N who="3" m="35911" /><G22/><T108/><D108/><U107/><E107/><V120/><F29/><AGARI ba="2,0" hai="20,25,29,76,79,92,93,94,112,113,115" m="35911" machi="29" ten="40,3900,0" yaku="15,1,54,1" doraHai="127" who="3" fromWho="2" sc="68,0,587,0,168,-45,177,45" /><INIT seed="7,3,0,3,4,56" ten="68,587,123,222" oya="3" hai0="67,60,34,129,109,64,15,134,8,4,72,19,104" hai1="7,12,110,76,94,98,87,53,118,5,80,135,47" hai2="24,20,57,128,77,13,78,9,96,71,41,21,46" hai3="86,79,62,35,93,3,91,81,51,120,1,117,130"/><W108/><G117/><T6/><D109/><U106/><E110/><V97/><F71/><W123/><G130/><T54/><D129/><U29/><E106/><V33/><F128/><W27/><G51/><T83/><D134/><U82/><E135/><V116/><F33/><W26/><G35/><T89/><D104/><U88/><E118/><V32/><F32/><W28/><G27/><T48/><D34/><U36/><E29/><V102/><F96/><W124/><G124/><T22/><D67/><U16/><E82/><V44/><F57/><W17/><G3/><T63/><D64/><U14/><E36/><V69/><F69/><W18/><G1/><T58/><D6/><N who="1" m="2059" /><E16/><V127/><F127/><W25/><G18/><T113/><D113/><U133/><E133/><V95/><F21/><W38/><G17/><T125/><D125/><U68/><E68/><V90/><F116/><W100/><G28/><T55/><D55/><U2/><E2/><V50/><F13/><W85/><G108/><T75/><D75/><U42/><E42/><N who="2" m="24855" /><F9/><W73/><G73/><T61/><D72/><U37/><E37/><V115/><F115/><W10/><G38/><T70/><D70/><U112/><E112/><V92/><F24/><W43/><G26/><N who="0" m="14687" /><D83/><U45/><E47/><V31/><F20/><W119/><G119/><T126/><D126/><U84/><E98/><N who="2" m="57623" /><F31/><W59/><G25/><T11/><D11/><U121/><E121/><V40/><F40/><W23/><G123/><T99/><D99/><U122/><E122/><V105/><F105/><W131/><G120/><T103/><D103/><RYUUKYOKU ba="3,0" sc="68,10,587,10,123,10,222,-30" hai0="4,8,15,48,54,58,60,61,63,89" hai1="12,14,45,53,76,80,84,87,88,94" hai2="41,46,77,78,95,97,102" owari="78,-42.0,597,70.0,133,-27.0,192,-1.0" /></mjloggm>