<mjloggm ver="2.3"><GO type="41" lobby="0"/><UN n0="%E3%81%95%E3%82%89%E3%81%9B%E3%81%99%E3%81%84%E3%81%A1%E3%82%85%E3%81%AA" n1="%7A%61%77%61%63%6F" n2="%73%68%69%64%65%6E" n3="%E2%93%9D%53%75%70%68%78" dan="14,14,15,19" rate="1989.66,1930.60,1970.69,2214.99" sx="M,F,M,M"/><TAIKYOKU oya="0"/><INIT seed="0,0,0,4,5,35" ten="250,250,250,250" oya="0" hai0="26,39,61,37,10,80,52,112,128,22,105,62,46" hai1="56,55,24,68,90,85,129,97,91,65,6,7,114" hai2="32,89,107,84,92,121,70,11,102,118,111,67,126" hai3="81,93,82,3,47,49,99,63,13,88,58,9,29"/><T30/><D112/><U134/><E129/><V103/><F111/><W125/><G125/><T23/><D128/><U87/><E134/><V79/><F126/><W40/><G29/><T113/><D113/><U25/><E114/><V117/><F32/><W42/><G3/><T20/><D105/><U78/><E78/><V72/><F11/><W94/><G94/><T64/><D10/><U59/><E97/><N who="2" m="61903" /><F67/><W86/><G42/><T66/><D80/><U31/><E55/><V44/><F44/><W36/><G36/><T4/><D4/><U100/><E100/><V21/><F21/><W54/><REACH who="3" step="1"/><G99/><REACH who="3" ten="250,250,250,240" step="2"/><T33/><D39/><U123/><E31/><V17/><F70/><W131/><G131/><T115/><D115/><U77/><E68/><V101/><F17/><AGARI ba="0,1" hai="9,13,17,40,47,49,54,58,63,81,82,86,88,93" machi="17" ten="30,8000,1" yaku="1,1,7,1,8,1,54,1,53,1" doraHai="35" doraHaiUra="50" who="3" fromWho="2" sc="250,0,250,0,250,-80,240,90" /><INIT seed="1,0,0,4,2,88" ten="250,250,170,330" oya="1" hai0="11,34,95,74,72,131,87,12,78,102,85,15,108" hai1="60,123,23,73,38,48,96,33,128,22,8,130,50" hai2="35,83,52,27,122,44,132,0,46,77,45,76,103" hai3="118,39,127,129,98,6,61,86,37,1,16,125,111"/><U24/><E123/><V117/><F132/><W93/><G111/><T53/><D131/><N who="1" m="50219" /><E73/><V82/><F0/><W104/><G118/><T84/><D34/><U47/><E60/><V94/><F117/><W113/><G113/><T91/><D108/><U97/><E8/><V64/><F64/><W55/><G104/><T112/><D112/><U107/><E38/><V66/><F66/><W2/><G86/><N who="0" m="33387" /><D53/><U135/><E135/><V13/><F122/><W58/><G6/><T40/><D40/><U56/><E56/><V67/><F67/><W30/><G30/><T69/><D15/><U124/><E124/><N who="3" m="47690" /><G129/><T21/><D21/><N who="1" m="7691" /><E107/><V57/><F13/><W81/><G2/><T36/><D12/><U106/><E106/><V68/><F68/><W114/><G1/><T14/><D14/><U116/><E116/><V49/><F35/><W20/><G114/><T18/><D11/><U42/><E50/><V119/><F27/><N who="3" m="14727" /><G81/><N who="2" m="30729" /><F119/><W63/><G63/><T17/><D36/><U29/><AGARI ba="0,0" hai="24,29,33,42,47,48,96,97" m="7691,50219" machi="29" ten="30,1500,0" yaku="19,1" doraHai="88" who="1" fromWho="1" sc="250,-5,250,15,170,-5,330,-5" /><INIT seed="1,1,0,5,1,25" ten="245,265,165,325" oya="1" hai0="29,26,98,46,116,111,30,1,51,45,56,97,64" hai1="4,121,127,76,12,133,32,120,71,81,122,58,41" hai2="72,82,109,17,86,14,74,37,88,110,16,96,69" hai3="108,3,35,102,67,21,0,55,44,117,53,28,19"/><U5/><E127/><V10/><F37/><W57/><G108/><N who="2" m="41577" /><F69/><W91/><G102/><T52/><D116/><U11/><E133/><V8/><F96/><N who="0" m="36970" /><D1/><U80/><E71/><V85/><F85/><W93/><G35/><T70/><D70/><U24/><E4/><V129/><F129/><W124/><G67/><T43/><D111/><U94/><E94/><V38/><F38/><W78/><G78/><T65/><D26/><U61/><E41/><V128/><F128/><W23/><G3/><T107/><D107/><U13/><E13/><AGARI ba="1,0" hai="8,10,13,14,16,17,72,74,82,86,88" m="41577" machi="13" ten="30,3900,0" yaku="14,1,54,2" doraHai="25" who="2" fromWho="1" sc="245,0,265,-42,165,42,325,0" /><INIT seed="2,0,0,4,1,77" ten="245,223,207,325" oya="2" hai0="111,43,100,21,34,89,3,30,122,91,112,86,70" hai1="68,106,18,49,4,87,99,59,42,93,47,35,63" hai2="64,94,90,85,72,98,41,37,1,133,48,23,76" hai3="124,73,29,108,54,116,82,109,117,51,57,66,9"/><V101/><F1/><W79/><G124/><T60/><D112/><U55/><E35/><V11/><F37/><W56/><G29/><T15/><D43/><U26/><E106/><V6/><F64/><W110/><REACH who="3" step="1"/><G9/><REACH who="3" ten="245,223,207,315" step="2"/><T107/><D30/><U128/><E128/><V22/><F133/><W81/><G81/><T17/><D122/><U105/><E105/><V58/><F11/><W102/><G102/><T131/><D100/><U67/><E93/><V19/><F6/><W130/><G130/><T121/><D107/><U119/><E119/><V61/><F101/><W46/><G46/><T7/><D121/><U127/><E47/><N who="2" m="25711" /><F72/><W134/><G134/><T132/><D7/><U118/><E118/><V45/><F45/><W126/><G126/><T92/><D132/><U10/><E127/><V20/><F76/><W40/><G40/><T50/><D131/><U62/><E42/><V2/><F2/><W44/><G44/><T36/><D3/><U33/><E10/><V65/><F19/><W103/><G103/><T125/><D17/><U5/><E18/><V8/><F8/><W74/><G74/><T115/><D125/><U114/><E4/><V14/><F14/><W78/><G78/><T38/><D15/><U123/><E5/><V113/><F113/><W88/><G88/><T28/><D91/><U135/><E114/><V32/><F32/><W97/><G97/><AGARI ba="0,1" hai="20,22,23,58,61,65,85,90,94,97,98" m="25711" machi="97" ten="30,1500,0" yaku="8,1" doraHai="77" who="2" fromWho="3" sc="245,0,223,0,207,25,315,-15" /><INIT seed="2,1,0,5,2,99" ten="245,223,232,300" oya="2" hai0="51,70,39,107,75,113,54,119,124,132,47,40,88" hai1="33,130,134,109,89,112,18,17,110,42,62,90,13" hai2="30,19,24,15,111,129,95,29,73,133,61,96,20" hai3="1,116,34,36,53,68,78,46,59,123,72,6,82"/><V93/><F73/><W0/><G116/><T122/><RYUUKYOKU type="yao9" ba="1,0" sc="245,0,223,0,232,0,300,0" hai0="39,40,47,51,54,70,75,88,107,113,119,122,124,132" /><INIT seed="2,2,0,0,2,26" ten="245,223,232,300" oya="2" hai0="17,129,124,5,66,37,46,128,41,43,58,89,12" hai1="50,59,105,130,82,1,14,115,15,111,88,3,9" hai2="109,44,60,110,8,120,51,32,47,97,94,80,67" hai3="75,18,48,25,69,38,53,119,77,22,102,33,84"/><V20/><F32/><W117/><G38/><T132/><D5/><U2/><E111/><N who="2" m="42507" /><F120/><W74/><G69/><T108/><D108/><U39/><E130/><N who="0" m="50281" /><D43/><U126/><E126/><V7/><F80/><W95/><G33/><T98/><D89/><U107/><E39/><V21/><F60/><W27/><G75/><T112/><D98/><U57/><E115/><V83/><F83/><W114/><G74/><T76/><D76/><U121/><E121/><V96/><F67/><W118/><G114/><T113/><D132/><U45/><E105/><V103/><F97/><W106/><G106/><T56/><D124/><U35/><E107/><V54/><F47/><W0/><G119/><T81/><D81/><U4/><E45/><V42/><F54/><W36/><G53/><T62/><D58/><U99/><E59/><V86/><F86/><W13/><G84/><T70/><D70/><U123/><E57/><V6/><F6/><W91/><G118/><T85/><D85/><U64/><E82/><V104/><F104/><W24/><G117/><T30/><D30/><U34/><E4/><V79/><F79/><W134/><G77/><T90/><D90/><U40/><E88/><V127/><F127/><W16/><G91/><T10/><AGARI ba="2,0" hai="10,12,17,37,41,46,56,62,66,112,113" m="50281" machi="10" ten="30,1100,0" yaku="19,1" doraHai="26" who="0" fromWho="0" sc="245,17,223,-5,232,-7,300,-5" /><INIT seed="3,0,0,1,4,87" ten="262,218,225,295" oya="3" hai0="111,54,24,81,20,49,115,58,66,108,67,121,74" hai1="28,79,82,55,25,19,90,50,7,98,41,45,53" hai2="31,119,72,120,99,122,112,77,32,91,6,114,93" hai3="135,110,106,40,60,30,11,105,65,73,62,123,56"/><W42/><G123/><N who="2" m="47145" /><F6/><W113/><G73/><T117/><D117/><U63/><E7/><V10/><F10/><W127/><G113/><N who="2" m="43625" /><F32/><W109/><G127/><T126/><D126/><U15/><E63/><V94/><F31/><W35/><G135/><T100/><D121/><U33/><E79/><V129/><F94/><W128/><G128/><T29/><D115/><U21/><REACH who="1" step="1"/><E98/><REACH who="1" ten="262,208,225,295" step="2"/><V88/><F129/><W131/><G131/><T26/><D111/><U78/><E78/><V85/><F119/><W0/><G110/><T118/><D108/><U22/><E22/><V27/><F27/><W4/><G109/><T1/><D118/><U134/><E134/><V52/><F52/><W95/><G4/><T69/><D24/><U44/><E44/><V83/><F72/><W5/><G5/><T104/><D74/><U116/><E116/><V64/><F64/><W124/><G65/><T107/><D67/><U125/><E125/><V38/><F38/><W51/><G124/><T86/><D26/><U89/><E89/><AGARI ba="0,1" hai="77,83,85,88,89,91,93,99" m="43625,47145" machi="89" ten="30,12000,2" yaku="13,1,34,2,52,3,54,1" doraHai="87" who="2" fromWho="1" sc="262,0,208,-120,225,130,295,0" /><INIT seed="4,0,0,1,2,128" ten="262,88,355,295" oya="0" hai0="67,76,53,5,49,8,114,94,27,75,125,130,6" hai1="61,0,80,93,37,109,12,10,107,18,41,46,9" hai2="100,87,103,131,115,14,3,135,31,119,39,110,72" hai3="65,117,85,62,24,64,102,68,56,32,95,111,92"/><T88/><D114/><U124/><E124/><V55/><F14/><W133/><G111/><T20/><D125/><U21/><E109/><V44/><F87/><W58/><G117/><T38/><D130/><U98/><E107/><V84/><F84/><W104/><G133/><T118/><D118/><U35/><E80/><V11/><F11/><W60/><G85/><T22/><D38/><U52/><E35/><V127/><F55/><W2/><G2/><T121/><D67/><U91/><E0/><V73/><F44/><W36/><G36/><T42/><D42/><U123/><E123/><V29/><F29/><N who="3" m="19495" /><G58/><T23/><D27/><U81/><E81/><V96/><F31/><W15/><G15/><T19/><D8/><U108/><E108/><V66/><F66/><W48/><G48/><T99/><D19/><U113/><E113/><V34/><F96/><AGARI ba="0,0" hai="56,60,62,64,65,68,92,95,96,102,104" m="19495" machi="96" ten="30,1000,0" yaku="25,1" doraHai="128" who="3" fromWho="2" sc="262,0,88,0,355,-10,295,10" /><INIT seed="5,0,0,2,1,50" ten="262,88,345,305" oya="1" hai0="30,77,57,66,94,40,135,34,132,0,120,55,10" hai1="44,97,5,85,68,116,93,96,131,33,64,117,69" hai2="20,53,54,21,8,130,113,15,3,45,86,46,107" hai3="48,43,36,14,56,123,75,67,23,133,61,127,71"/><U109/><E33/><V88/><F107/><W70/><G75/><T42/><D120/><U9/><E109/><V73/><F73/><W110/><G14/><T63/><D77/><U91/><E131/><V24/><F3/><W82/><G82/><T32/><D94/><U121/><E121/><V22/><F130/><W37/><G23/><T122/><D122/><U108/><E108/><V90/><F24/><W12/><G12/><T112/><D112/><U81/><E44/><N who="2" m="17003" /><F113/><W100/><G100/><T99/><D99/><U74/><E74/><V4/><F90/><W59/><G110/><T98/><D98/><U119/><E64/><V102/><F102/><W60/><G123/><T31/><D10/><U19/><E19/><V25/><F25/><W28/><G28/><N who="0" m="10795" /><D0/><U79/><REACH who="1" step="1"/><E97/><REACH who="1" ten="262,78,345,305" step="2"/><V95/><AGARI ba="0,1" hai="4,8,15,20,21,22,53,54,86,88,95" m="17003" machi="95" ten="30,7900,0" yaku="8,1,52,2,54,1" doraHai="50" who="2" fromWho="2" sc="262,-20,78,-39,345,89,305,-20" /><INIT seed="6,0,0,1,1,39" ten="242,39,434,285" oya="2" hai0="22,18,77,126,67,76,104,17,3,97,86,61,64" hai1="88,134,24,51,43,0,119,38,72,27,109,79,62" hai2="10,45,50,4,122,34,90,53,130,63,107,36,21" hai3="9,96,66,6,44,110,108,78,32,131,113,120,16"/><V15/><F130/><W85/><G120/><T94/><D3/><U129/><E24/><V82/><F34/><W23/><G66/><T60/><D126/><U59/><E27/><V98/><F122/><W5/><G96/><T1/><D1/><U117/><E88/><V2/><F36/><W115/><G44/><T105/><D86/><U25/><E25/><V114/><F114/><N who="3" m="43531" /><G131/><T132/><D132/><U8/><E79/><V81/><F63/><W30/><G85/><T19/><D104/><U55/><E62/><V83/><F107/><W84/><G30/><T46/><D46/><U102/><E38/><V58/><F2/><N who="3" m="183" /><G6/><T49/><D49/><U65/><E119/><V41/><F21/><W92/><G32/><T87/><D22/><U73/><E117/><V127/><F127/><W121/><G121/><T33/><D105/><U123/><E129/><V112/><F112/><W29/><G29/><T57/><D33/><U101/><E123/><V37/><F98/><W11/><G11/><T68/><REACH who="0" step="1"/><D87/><REACH who="0" ten="232,39,434,285" step="2"/><U133/><E134/><V31/><F31/><W111/><G84/><T95/><D95/><U125/><E133/><V12/><F12/><N who="3" m="9607" /><G78/><T35/><D35/><U106/><E125/><V103/><F103/><AGARI ba="0,1" hai="17,18,19,57,60,61,64,67,68,76,77,94,97,103" machi="103" ten="40,1300,0" yaku="1,1,53,0" doraHai="39" doraHaiUra="28" who="0" fromWho="2" sc="232,23,39,0,434,-13,285,0" /><INIT seed="7,0,0,4,3,29" ten="255,39,421,285" oya="3" hai0="40,2,55,44,120,95,9,71,67,11,18,78,73" hai1="10,5,131,32,21,4,33,12,86,102,85,47,25" hai2="128,28,91,37,22,45,14,100,75,27,110,52,90" hai3="35,1,84,50,7,83,43,77,19,56,49,124,8"/><W65/><G124/><T115/><D115/><U48/><E102/><V108/><F75/><W64/><G35/><N who="1" m="13386" /><E86/><V38/><F100/><W76/><G76/><T61/><D120/><U111/><E131/><V104/><F104/><W119/><G119/><T81/><D55/><U20/><E111/><V58/><F128/><W112/><G112/><T113/><D113/><U88/><E88/><V101/><F101/><W46/><G19/><T135/><D95/><U72/><E85/><V114/><F114/><W109/><G109/><T42/><D42/><U97/><E48/><V30/><F14/><W130/><G130/><T94/><D94/><U99/><E47/><V26/><F45/><W74/><G84/><T39/><D81/><U36/><E36/><V0/><F0/><W121/><G121/><T17/><D78/><U62/><E72/><V79/><F79/><W92/><G92/><T134/><D73/><U89/><E62/><V132/><F132/><W34/><G34/><T125/><D134/><U16/><E89/><V63/><F38/><W41/><G41/><T70/><D135/><U96/><E96/><V60/><F37/><W53/><AGARI ba="0,0" hai="1,7,8,43,46,49,50,53,56,64,65,74,77,83" machi="53" ten="30,1500,0" yaku="0,1" doraHai="29" who="3" fromWho="3" sc="255,-5,39,-5,421,-5,285,15" /><INIT seed="7,1,0,4,0,81" ten="250,34,416,300" oya="3" hai0="14,122,85,133,47,2,65,46,98,106,88,24,40" hai1="108,129,6,8,110,15,83,93,127,61,113,20,1" hai2="76,72,32,52,54,102,109,77,37,36,60,11,44" hai3="117,96,39,114,80,64,73,119,29,118,86,66,30"/><W89/><G39/><T68/><D133/><U97/><E97/><V31/><F102/><W63/><G114/><T121/><D2/><U21/><E93/><V50/><F11/><W34/><G73/><T25/><D68/><U115/><E83/><V132/><F109/><W9/><G34/><T111/><D65/><U69/><E61/><V41/><F132/><W91/><G9/><T48/><D111/><U38/><E38/><V51/><F72/><W105/><G66/><T13/><D98/><U0/><E69/><V28/><F60/><W84/><G96/><T128/><D106/><U23/><E127/><V17/><F17/><W42/><G42/><T74/><D74/><U82/><E82/><V55/><F32/><W45/><G45/><T49/><D128/><U100/><E100/><V58/><F58/><W116/><G105/><T10/><D121/><U130/><E20/><V4/><F4/><W22/><G22/><T112/><D112/><U99/><E99/><V57/><F57/><W134/><G119/><T3/><D3/><U103/><E103/><V56/><F56/><W43/><G43/><N who="0" m="24671" /><D122/><U87/><E87/><V53/><F37/><W35/><G35/><T12/><D10/><U27/><E8/><V18/><F18/><W16/><G16/><T94/><AGARI ba="1,0" hai="12,13,14,24,25,40,47,49,85,88,94" m="24671" machi="94" ten="30,4000,0" yaku="8,1,52,1,54,1" doraHai="81" who="0" fromWho="0" sc="250,43,34,-11,416,-11,300,-21" owari="293,9.0,23,-48.0,405,51.0,279,-12.0" /></mjloggm>