<mjloggm ver="2.3"><GO type="41" lobby="0"/><UN n0="%53%65%6E%73%65" n1="%E2%93%9D%53%75%70%68%78" n2="%72%66%76" n3="%4E%41%4B%41%54%41%49" dan="13,19,15,14" rate="1892.44,2184.11,1952.04,1949.65" sx="M,M,M,M"/><TAIKYOKU oya="0"/><INIT seed="0,0,0,3,1,16" ten="250,250,250,250" oya="0" hai0="75,71,78,33,57,102,19,119,6,56,49,72,116" hai1="68,104,132,115,91,14,43,39,13,103,18,27,105" hai2="97,95,98,23,29,127,92,8,51,59,66,99,22" hai3="40,41,3,86,52,82,96,4,76,28,126,112,63"/><T125/><D71/><U42/><E68/><V89/><F127/><W60/><G112/><T17/><D6/><U85/><E132/><V69/><F69/><W53/><G126/><T123/><D102/><U26/><E115/><V101/><F29/><W0/><G28/><T44/><D123/><U133/><E133/><V113/><F113/><W131/><G131/><T15/><D125/><U55/><E55/><V7/><F99/><W106/><G3/><T24/><D78/><U118/><E39/><V11/><F11/><W109/><G109/><T83/><D83/><U32/><E118/><V25/><F25/><W135/><G135/><T45/><D49/><U21/><E103/><V130/><F130/><W50/><G53/><T2/><D24/><U120/><E120/><V110/><F110/><W134/><G134/><T5/><D5/><U124/><E105/><V62/><REACH who="2" step="1"/><F51/><REACH who="2" ten="250,250,240,250" step="2"/><W1/><G96/><T9/><D9/><U46/><E27/><V73/><F73/><W30/><G30/><T54/><D33/><U93/><E32/><V38/><F38/><W80/><G50/><T129/><D129/><U111/><E111/><V47/><F47/><W35/><G86/><T36/><D36/><U61/><E124/><V70/><F70/><W117/><G117/><T128/><D128/><U65/><E46/><V37/><F37/><W121/><G121/><T77/><D116/><U48/><E48/><V122/><F122/><W84/><G35/><T79/><D119/><U34/><E34/><V20/><F20/><W74/><G84/><T90/><D45/><U10/><E85/><RYUUKYOKU ba="0,1" sc="250,-10,250,-10,240,30,250,-10" hai2="7,8,22,23,59,62,66,89,92,95,97,98,101" /><INIT seed="1,1,1,4,0,92" ten="240,240,270,240" oya="1" hai0="76,39,9,134,131,50,114,86,111,132,46,31,26" hai1="16,37,15,73,89,11,51,27,21,62,49,67,3" hai2="36,88,80,98,19,115,17,18,5,34,4,70,68" hai3="48,109,95,119,30,94,127,110,8,12,14,113,28"/><U43/><E73/><V101/><F36/><W103/><G113/><T40/><D114/><U45/><E3/><V57/><F34/><W83/><G127/><T105/><D105/><U53/><E89/><V61/><F68/><W112/><G112/><T106/><D106/><U44/><E37/><V25/><F70/><W118/><G83/><T90/><D131/><U93/><E93/><N who="2" m="58575" /><F25/><W23/><G48/><T35/><D76/><U124/><E124/><V74/><F74/><W47/><G47/><T122/><D122/><U78/><E78/><V91/><F115/><W96/><G95/><T107/><D107/><U59/><REACH who="1" step="1"/><E27/><REACH who="1" ten="240,230,270,240" step="2"/><V121/><F121/><W2/><G118/><T32/><D26/><U10/><AGARI ba="1,2" hai="10,11,15,16,21,43,44,45,49,51,53,59,62,67" machi="10" ten="30,12000,1" yaku="1,1,2,1,0,1,8,1,54,1,53,0" doraHai="92" doraHaiUra="129" who="1" fromWho="1" sc="240,-41,230,143,270,-41,240,-41" /><INIT seed="1,2,0,2,5,84" ten="199,373,229,199" oya="1" hai0="106,36,131,77,0,111,3,43,56,4,11,95,98" hai1="63,109,94,118,83,50,110,24,73,120,12,5,75" hai2="54,26,22,62,40,97,115,102,60,38,28,19,88" hai3="1,104,71,59,93,124,68,47,78,65,112,14,44"/><U35/><E118/><V67/><F115/><W119/><G104/><T108/><D106/><U96/><E120/><V76/><F76/><W82/><G1/><T103/><D77/><U15/><E50/><V101/><F40/><W45/><G112/><T69/><D69/><U53/><E83/><V66/><F38/><W134/><G134/><T81/><D81/><U7/><E24/><V130/><F130/><W79/><G124/><T129/><D56/><N who="1" m="35215" /><E35/><V87/><F54/><W51/><G119/><T132/><D132/><U133/><E133/><V23/><F97/><W64/><G93/><T86/><D3/><U121/><E121/><V52/><F52/><W70/><G82/><T58/><D58/><U57/><E57/><V85/><F85/><W90/><G14/><N who="1" m="5162" /><E75/><V127/><F127/><W25/><G25/><T89/><D43/><U13/><E13/><N who="2" m="9583" /><F62/><N who="3" m="37983" /><G90/><N who="0" m="55671" /><D36/><U49/><E73/><V16/><F60/><N who="3" m="39975" /><G79/><T92/><D103/><N who="2" m="39434" /><F28/><W41/><G78/><T42/><D42/><U39/><E39/><V122/><F122/><W80/><G80/><AGARI ba="2,0" hai="16,23,26,66,67,80,87,88" m="39434,9583" machi="80" ten="30,7700,0" yaku="8,1,52,1,54,2" doraHai="84" who="2" fromWho="3" sc="199,0,373,0,229,83,199,-83" /><INIT seed="2,0,0,1,4,3" ten="199,373,312,116" oya="2" hai0="25,21,112,49,35,24,33,50,83,123,63,8,60" hai1="117,5,22,41,79,75,82,131,26,16,11,89,135" hai2="62,129,80,39,64,19,42,98,0,70,15,99,40" hai3="53,81,76,57,118,125,6,85,12,97,109,47,23"/><V130/><F0/><W114/><G109/><T92/><D112/><U102/><E117/><V43/><F80/><W38/><G114/><T113/><D123/><U90/><E131/><N who="2" m="50187" /><F39/><W37/><G125/><T101/><D113/><U18/><E135/><V119/><F119/><W55/><G118/><T44/><D83/><U20/><E102/><V4/><F4/><W132/><G132/><T91/><D101/><U108/><E41/><V73/><F73/><W96/><G38/><T104/><D104/><U27/><E108/><V61/><F61/><W105/><G105/><T120/><D120/><U30/><E30/><V31/><F31/><W7/><G37/><T36/><D36/><U72/><E72/><V133/><F133/><W77/><G76/><T84/><D35/><U71/><E71/><V124/><F124/><W59/><G47/><T45/><D33/><U28/><E28/><V110/><F110/><W14/><G23/><AGARI ba="0,0" hai="15,19,23,40,42,43,62,64,70,98,99" m="50187" machi="23" ten="30,1500,0" yaku="19,1" doraHai="3" who="2" fromWho="3" sc="199,0,373,0,312,15,116,-15" /><INIT seed="2,1,0,3,2,81" ten="199,373,327,101" oya="2" hai0="23,20,122,67,47,73,5,64,4,28,11,117,119" hai1="104,128,18,51,130,42,75,110,29,95,56,123,41" hai2="68,93,88,85,120,30,106,24,58,39,7,79,129" hai3="98,9,97,48,3,94,114,2,54,55,118,84,50"/><V134/><F68/><W19/><G118/><T125/><D122/><U61/><E104/><V49/><F39/><W77/><G114/><T80/><D47/><U36/><E29/><V62/><F106/><W12/><G3/><T86/><D73/><U72/><E18/><V131/><F7/><W32/><G32/><T103/><D125/><U108/><E95/><V115/><F115/><W27/><G2/><T15/><D103/><U99/><E99/><V83/><F120/><W107/><G27/><T90/><D5/><U89/><E89/><V34/><F34/><W66/><BYE who="2" /><G66/><UN n2="%72%66%76" /><T69/><D69/><U45/><E75/><V37/><F37/><W105/><G107/><T40/><D40/><U135/><E135/><V91/><F49/><W127/><G127/><T124/><D124/><U65/><E72/><V14/><F14/><W101/><G105/><T71/><D71/><U31/><E31/><V112/><F134/><W10/><G98/><T116/><D28/><U44/><REACH who="1" step="1"/><E123/><REACH who="1" ten="199,363,327,101" step="2"/><V109/><F112/><W92/><G10/><T35/><D35/><U57/><E57/><V60/><F91/><N who="3" m="53351" /><G77/><T8/><D8/><U74/><E74/><V121/><F121/><W133/><G133/><T25/><D25/><U0/><E0/><V6/><F6/><W63/><G63/><N who="2" m="24105" /><F58/><W33/><G33/><T59/><D59/><U46/><E46/><V132/><F132/><W38/><G38/><T78/><D78/><U43/><E43/><V126/><F126/><W53/><AGARI ba="1,1" hai="9,12,19,48,50,53,54,55,94,97,101" m="53351" machi="53" ten="30,2000,0" yaku="8,1,52,1" doraHai="81" who="3" fromWho="3" sc="199,-6,363,-6,327,-11,101,33" /><INIT seed="3,0,0,4,4,64" ten="193,357,316,134" oya="3" hai0="135,38,14,99,11,77,84,49,100,73,56,27,109" hai1="129,20,57,68,10,75,13,96,107,106,60,33,124" hai2="61,65,123,104,101,70,52,42,69,89,90,22,112" hai3="58,131,36,18,43,12,44,103,21,32,2,132,9"/><W30/><G131/><T121/><D121/><U37/><E33/><V25/><F112/><W126/><G132/><T98/><D38/><U128/><E75/><V108/><F42/><W86/><G126/><T48/><D135/><U63/><E20/><V47/><F104/><W133/><G133/><T1/><D1/><U102/><E37/><V130/><F101/><W76/><G103/><T113/><D113/><U59/><E124/><V6/><F6/><W111/><G111/><T34/><D109/><U71/><E13/><V97/><F108/><W80/><G32/><T16/><D73/><U39/><E39/><V93/><F130/><N who="1" m="50281" /><E10/><V7/><F7/><W67/><G2/><T19/><D99/><U94/><E59/><V116/><F89/><W35/><G35/><T119/><D119/><U40/><E40/><V24/><F24/><W117/><G117/><T31/><D19/><U78/><E78/><V51/><F123/><W92/><G92/><T4/><D4/><U82/><E82/><V8/><F8/><W23/><REACH who="3" step="1"/><G30/><REACH who="3" ten="193,357,316,124" step="2"/><T26/><D34/><U115/><E115/><V114/><F114/><W74/><G74/><T0/><D31/><U83/><E107/><V110/><F110/><W62/><AGARI ba="0,1" hai="9,12,18,21,23,36,43,44,58,62,67,76,80,86" machi="62" ten="30,3000,0" yaku="1,1,0,1,53,0" doraHai="64" doraHaiUra="87" who="3" fromWho="3" sc="193,-10,357,-10,316,-10,124,40" /><INIT seed="3,1,0,4,5,70" ten="183,347,306,164" oya="3" hai0="41,6,112,16,135,77,44,79,62,74,90,117,29" hai1="131,116,7,2,37,17,24,118,100,108,86,109,133" hai2="81,45,71,104,123,80,63,103,38,55,84,18,59" hai3="89,8,49,129,110,76,26,31,107,9,22,56,68"/><W20/><G68/><T106/><D117/><N who="1" m="45163" /><E100/><V58/><F123/><W64/><G129/><T11/><D112/><U10/><E86/><V5/><F103/><W50/><G110/><N who="1" m="42602" /><E37/><V105/><F81/><W65/><G107/><T124/><D124/><U61/><E61/><V113/><F5/><W94/><G76/><T121/><D121/><U96/><E96/><V34/><F34/><W48/><G22/><T46/><D135/><U60/><E60/><V67/><F58/><W15/><G56/><T30/><D106/><U130/><E133/><V111/><F113/><W36/><G36/><T23/><D62/><U101/><E101/><V132/><F132/><W43/><G43/><T21/><D74/><U120/><E120/><V134/><F18/><W52/><G52/><T25/><D90/><U85/><E85/><V126/><F134/><W13/><G13/><N who="0" m="5367" /><D41/><U102/><E102/><V99/><F99/><W78/><G78/><N who="0" m="29707" /><D30/><U33/><E17/><V42/><F111/><W128/><G128/><T54/><D54/><U119/><E119/><V14/><F105/><W19/><REACH who="3" step="1"/><G9/><REACH who="3" ten="183,347,306,154" step="2"/><T4/><D4/><U83/><E131/><V72/><F104/><W88/><G88/><T97/><D46/><U95/><E130/><V1/><F45/><W66/><G66/><T39/><D44/><U73/><E7/><V3/><F42/><W57/><G57/><T87/><D39/><U82/><E10/><V40/><F40/><W92/><G92/><T127/><D23/><U125/><E95/><V93/><F38/><W47/><G47/><T51/><D21/><U69/><E69/><RYUUKYOKU ba="1,1" sc="183,-10,347,-10,306,-10,154,30" hai3="8,15,19,20,26,31,48,49,50,64,65,89,94" /><INIT seed="3,2,1,1,1,29" ten="173,337,296,184" oya="3" hai0="72,92,46,24,7,83,63,40,39,33,26,51,57" hai1="107,58,120,78,66,43,19,122,61,45,22,112,77" hai2="53,49,17,48,52,67,100,18,102,44,75,111,76" hai3="129,88,27,89,110,69,70,113,90,86,118,127,106"/><W50/><G113/><T130/><D130/><U126/><E112/><V93/><F111/><W104/><G118/><T4/><D39/><U2/><E2/><V82/><F67/><W10/><G110/><T32/><D72/><U103/><E126/><V132/><F132/><W97/><G127/><T62/><D83/><U115/><E115/><V81/><F93/><W109/><G109/><T11/><D92/><U54/><E107/><V1/><F1/><W13/><G129/><T35/><D63/><U131/><E103/><V60/><F60/><W3/><G86/><T94/><D94/><U134/><E134/><V5/><F5/><W135/><G135/><T55/><REACH who="0" step="1"/><D4/><REACH who="0" ten="163,337,296,184" step="2"/><U85/><E131/><V12/><F82/><W42/><G97/><T71/><D71/><U116/><E61/><V73/><F73/><W91/><G104/><T23/><D23/><U56/><E22/><V68/><F68/><W64/><G106/><T30/><D30/><U20/><E20/><V133/><F133/><W128/><G70/><T28/><D28/><U15/><E85/><V79/><F79/><W105/><G105/><T16/><D16/><U99/><E19/><V9/><REACH who="2" step="1"/><F18/><REACH who="2" ten="163,337,286,184" step="2"/><W14/><G128/><T0/><AGARI ba="2,3" hai="0,7,11,24,26,32,33,35,40,46,51,55,57,62" machi="0" ten="30,12000,2" yaku="1,1,0,1,52,3,53,1" doraHai="29" doraHaiUra="36" who="0" fromWho="0" sc="163,156,337,-32,286,-32,184,-62" /><INIT seed="4,0,0,4,0,2" ten="319,305,254,122" oya="0" hai0="14,119,4,121,58,29,115,106,66,71,97,89,60" hai1="25,63,73,6,113,104,74,110,19,61,35,16,70" hai2="72,33,57,91,36,56,17,103,32,84,69,81,114" hai3="52,49,46,23,48,64,31,13,105,42,68,15,132"/><T109/><D119/><U102/><E110/><V76/><F69/><W5/><G105/><T26/><D121/><U125/><E125/><V85/><F36/><W11/><G132/><T129/><D115/><U65/><E113/><V39/><F39/><W82/><G68/><T101/><D129/><U79/><E63/><V40/><F40/><W28/><G64/><T34/><D109/><U111/><E111/><V22/><F72/><W131/><G131/><T51/><D89/><U92/><E92/><V24/><F103/><W98/><G98/><T123/><D123/><U90/><E90/><V128/><F128/><W77/><G15/><T88/><D88/><U21/><E19/><V45/><F45/><W126/><G126/><T7/><D14/><U108/><E79/><V80/><F114/><W120/><G120/><T130/><D130/><U47/><E47/><V78/><F33/><W133/><G133/><T0/><D0/><U55/><E35/><V124/><F32/><W62/><G62/><T30/><D30/><U75/><E108/><V43/><F43/><W99/><G99/><T86/><D86/><U94/><E75/><V112/><F124/><W53/><G23/><T95/><D95/><U9/><E104/><V8/><F112/><W100/><G100/><T93/><D93/><U67/><E94/><V96/><F96/><W10/><G10/><T59/><D59/><N who="2" m="22602" /><F8/><W27/><G27/><T18/><D18/><U44/><E102/><V37/><F37/><W50/><G42/><T127/><D127/><U135/><E135/><V54/><F78/><W117/><G117/><RYUUKYOKU ba="0,0" sc="319,15,305,-15,254,15,122,-15" hai0="4,7,26,29,34,51,58,60,66,71,97,101,106" hai2="17,22,24,54,76,80,81,84,85,91" /><INIT seed="4,1,0,0,5,57" ten="334,290,269,107" oya="0" hai0="42,134,75,135,3,126,83,114,127,7,48,102,0" hai1="1,52,43,86,93,109,76,105,4,51,37,89,78" hai2="67,59,117,14,20,122,99,29,49,61,123,66,111" hai3="115,92,108,101,28,60,50,6,12,120,64,8,11"/><T133/><D102/><U100/><E109/><V23/><F111/><W55/><G115/><T54/><D42/><U84/><E37/><V9/><F117/><W34/><G108/><T25/><D114/><U96/><E43/><V130/><F130/><W65/><G120/><T95/><D25/><U118/><E118/><V87/><F123/><W71/><G65/><T131/><D95/><U19/><E4/><V17/><F122/><W38/><G38/><T128/><D83/><U106/><E1/><N who="0" m="585" /><D75/><U107/><E19/><V32/><F32/><W88/><G101/><T21/><D21/><N who="2" m="8266" /><F29/><W129/><G11/><T74/><D74/><U97/><E51/><V82/><F49/><W68/><G71/><T2/><D7/><U39/><E39/><V81/><F99/><W77/><G77/><N who="1" m="29802" /><E52/><N who="2" m="34023" /><F82/><W16/><G28/><T47/><N who="0" m="593" /><T56/><DORA hai="15" /><D47/><U79/><E79/><AGARI ba="1,0" hai="9,14,17,66,67,79,81,87" m="34023,8266" machi="79" ten="30,7700,0" yaku="8,1,52,2,54,1" doraHai="57,15" who="2" fromWho="1" sc="334,0,290,-80,269,80,107,0" /><INIT seed="5,0,0,0,3,79" ten="334,210,349,107" oya="1" hai0="1,88,31,110,34,67,62,125,102,20,85,103,119" hai1="0,37,95,86,48,122,76,75,32,115,10,23,46" hai2="7,87,124,41,52,128,114,51,131,73,107,18,58" hai3="70,132,19,106,12,22,109,24,96,84,29,38,111"/><U68/><E122/><V108/><F73/><W65/><G38/><T39/><D110/><U25/><E68/><V43/><F108/><W49/><G132/><T99/><D119/><U8/><E32/><V112/><F107/><W66/><G49/><T21/><D39/><U35/><E35/><V28/><F7/><W14/><G84/><T77/><D1/><U55/><E115/><N who="2" m="44075" /><F18/><W121/><G121/><T81/><D125/><U98/><E75/><V93/><F28/><W82/><G82/><T4/><D4/><U90/><E37/><V89/><F124/><W105/><G96/><T15/><D34/><U91/><E76/><V116/><F116/><W78/><G19/><T101/><D21/><U92/><REACH who="1" step="1"/><E0/><REACH who="1" ten="334,200,349,107" step="2"/><V47/><F43/><W44/><G78/><T3/><D3/><U50/><E50/><AGARI ba="0,1" hai="41,47,50,51,52,58,87,89,93,128,131" m="44075" machi="50" ten="30,3900,0" yaku="15,1,11,1,54,1" doraHai="79" who="2" fromWho="1" sc="334,0,200,-39,349,49,107,0" /><INIT seed="6,0,0,4,0,70" ten="334,161,398,107" oya="2" hai0="79,18,41,71,80,109,54,72,48,61,43,124,6" hai1="8,66,130,87,112,92,75,76,127,55,9,60,89" hai2="11,14,21,86,93,45,29,35,82,2,95,67,128" hai3="23,24,108,91,97,111,47,123,63,65,26,134,115"/><V118/><F128/><W104/><G123/><T88/><D109/><U20/><E112/><V135/><F135/><W121/><G121/><T73/><D73/><U49/><E127/><V85/><F67/><W110/><G134/><T102/><D102/><U125/><E130/><V16/><F85/><W90/><G47/><T4/><D124/><U28/><E125/><V78/><F118/><W7/><G7/><T27/><D71/><U116/><E116/><V129/><F129/><W0/><G0/><T106/><D106/><U22/><E76/><V40/><F35/><W36/><G36/><T58/><D48/><U74/><E74/><V103/><F103/><W30/><G115/><T50/><D50/><U19/><E28/><V25/><F2/><W1/><G1/><T98/><D43/><U101/><E22/><V62/><F62/><W132/><G132/><T56/><D56/><N who="1" m="37127" /><E75/><V59/><F59/><W39/><G39/><AGARI ba="0,0" hai="11,14,16,21,25,29,39,40,45,78,82,86,93,95" machi="39" ten="30,5800,0" yaku="7,1,52,1,54,1" doraHai="70" who="2" fromWho="3" sc="334,0,161,0,398,58,107,-58" /><INIT seed="6,1,0,2,3,2" ten="334,161,456,49" oya="2" hai0="126,80,101,78,133,25,72,5,53,22,77,43,76" hai1="125,27,90,74,109,39,21,36,107,42,69,40,33" hai2="62,84,60,65,20,6,124,100,17,29,37,59,105" hai3="3,134,12,66,23,85,30,86,57,49,132,111,91"/><V83/><F37/><W0/><G111/><T103/><D126/><U9/><E74/><V92/><F105/><W56/><G66/><T32/><D133/><N who="3" m="51305" /><G91/><T58/><D32/><U10/><E33/><V14/><F124/><W88/><G49/><T79/><D43/><U19/><E69/><V117/><F117/><W131/><G131/><T118/><D118/><U63/><E125/><V115/><F62/><W121/><G23/><T116/><D116/><U120/><E90/><V71/><F71/><W135/><G30/><T87/><D72/><U129/><E120/><V35/><F35/><W48/><G48/><N who="0" m="31015" /><D5/><U96/><E39/><V95/><F29/><AGARI ba="1,0" hai="22,25,29,76,77,78,79,80,87,101,103" m="31015" machi="29" ten="30,1000,0" yaku="8,1" doraHai="2" who="0" fromWho="2" sc="334,13,161,0,456,-13,49,0" /><INIT seed="7,0,0,4,3,125" ten="347,161,443,49" oya="3" hai0="100,50,132,116,113,109,86,48,33,9,34,67,15" hai1="6,64,28,93,55,27,75,37,126,59,128,8,20" hai2="29,26,32,14,22,127,82,134,53,38,62,112,73" hai3="56,107,18,12,129,99,105,81,90,11,85,117,30"/><W0/><G117/><T51/><D116/><U44/><E75/><V17/><F38/><W65/><G129/><T49/><D109/><U131/><E126/><V60/><F73/><W80/><G0/><T47/><D113/><U35/><E64/><V39/><F39/><W23/><G81/><T118/><D118/><U106/><E106/><V83/><F112/><W130/><G130/><N who="1" m="49706" /><E93/><V21/><F134/><W25/><G65/><T1/><D1/><N who="1" m="79" /><E44/><V58/><F83/><W76/><G76/><T63/><D132/><U74/><E37/><V19/><F82/><W104/><REACH who="3" step="1"/><G56/><REACH who="3" ten="347,161,443,39" step="2"/><T91/><D47/><U111/><E74/><V92/><F58/><W78/><G78/><T103/><D67/><U2/><E2/><V97/><F127/><W120/><G120/><T110/><D110/><U114/><E114/><V89/><F53/><W94/><G94/><T42/><D42/><U61/><E111/><V24/><AGARI ba="0,1" hai="14,17,19,21,22,24,26,29,32,60,62,89,92,97" machi="24" ten="20,1500,0" yaku="0,1,7,1" doraHai="125" who="2" fromWho="2" sc="347,-4,161,-4,443,25,39,-7" owari="343,14.0,157,-24.0,468,57.0,32,-47.0" /></mjloggm>