<mjloggm ver="2.3"><GO type="41" lobby="0"/><UN n0="%4D%2E%56%41%4C%49%53" n1="%E3%81%AE%E3%82%8D%E3%81%BE%E3%81%AA%E5%B1%B1%E6%A4%92%E9%AD%9A" n2="%E2%93%9D%53%75%70%68%78" n3="%52%59%4F%30%31%31%36" dan="13,13,19,15" rate="1824.91,1896.33,2196.55,1999.78" sx="M,M,M,M"/><TAIKYOKU oya="0"/><INIT seed="0,0,0,1,4,122" ten="250,250,250,250" oya="0" hai0="118,48,56,102,95,123,24,108,60,73,80,41,131" hai1="2,112,5,36,30,116,70,28,6,114,7,119,134" hai2="52,75,8,97,23,79,54,47,64,133,55,98,99" hai3="27,71,31,38,58,0,20,11,19,92,117,15,107"/><T82/><D123/><U121/><E121/><V22/><F133/><W126/><G107/><T39/><D118/><N who="1" m="45099" /><E70/><V85/><F75/><W128/><G126/><T42/><D39/><U86/><E36/><V46/><F8/><W65/><G128/><T88/><D131/><U62/><E62/><V93/><F64/><W72/><G71/><T61/><D102/><U105/><E86/><V49/><F47/><W59/><G65/><T109/><D60/><U76/><E76/><V51/><F51/><W130/><G130/><T74/><D24/><U63/><E63/><V96/><F85/><W77/><G38/><T68/><D68/><U90/><E90/><V94/><F79/><W29/><G77/><T13/><D13/><U32/><E105/><V124/><F124/><W17/><G0/><T12/><D12/><U16/><E32/><V87/><F87/><W10/><G72/><T40/><D48/><U110/><E134/><V115/><F115/><N who="1" m="44073" /><E110/><N who="0" m="42601" /><D74/><U25/><E2/><V127/><F127/><W69/><G69/><T3/><D73/><U78/><E78/><V104/><F104/><W100/><G117/><T83/><D3/><U4/><N who="1" m="1024" /><DORA hai="89" /><U84/><E84/><V125/><F125/><W113/><G113/><T132/><D132/><U33/><E33/><V129/><F129/><W14/><G31/><T50/><D50/><U111/><E111/><V53/><F99/><AGARI ba="0,0" hai="10,11,14,15,17,19,20,27,29,58,59,92,99,100" machi="99" ten="40,5200,0" yaku="9,1,8,1,52,1" doraHai="122,89" who="3" fromWho="2" sc="250,0,250,0,250,-52,250,52" /><INIT seed="1,0,0,1,0,22" ten="250,250,198,302" oya="1" hai0="14,11,132,50,15,21,72,44,37,85,53,92,54" hai1="38,62,5,42,112,83,95,30,111,106,114,71,0" hai2="36,109,122,52,107,68,61,27,104,115,57,97,1" hai3="131,41,88,63,119,47,98,56,113,127,17,23,116"/><U55/><E106/><V34/><F122/><W125/><G113/><T76/><D132/><U105/><E105/><V19/><F1/><W99/><G131/><T28/><D72/><U90/><E111/><V32/><F36/><W123/><G123/><T117/><D37/><U69/><E0/><V135/><F109/><W133/><G133/><T80/><D117/><N who="3" m="45129" /><G56/><T40/><D92/><U89/><E5/><V94/><F115/><W101/><G63/><T130/><D130/><U79/><E89/><V75/><F75/><W73/><G73/><T51/><D50/><U74/><E69/><V35/><F68/><W93/><G99/><T103/><D103/><U33/><E42/><V2/><F2/><W86/><G47/><T3/><D3/><U39/><E114/><V118/><F135/><W31/><G31/><T18/><REACH who="0" step="1"/><D28/><REACH who="0" ten="240,250,198,302" step="2"/><U126/><E112/><V45/><F118/><W128/><G128/><T12/><D12/><U59/><E126/><V67/><F107/><N who="3" m="63927" /><G41/><T60/><D60/><U66/><E30/><V8/><F104/><W84/><G86/><T121/><D121/><U24/><E62/><V49/><F97/><W6/><G127/><T129/><D129/><U120/><E120/><V96/><F96/><W48/><G48/><T4/><AGARI ba="0,1" hai="4,11,14,15,18,21,40,44,51,53,54,76,80,85" machi="4" ten="20,16000,3" yaku="1,1,0,1,7,1,25,2,8,1,53,2" doraHai="22" doraHaiUra="10" who="0" fromWho="0" sc="240,170,250,-80,198,-40,302,-40" /><INIT seed="2,0,0,4,3,50" ten="410,170,158,262" oya="2" hai0="116,3,107,73,98,26,53,71,117,28,130,86,23" hai1="16,18,60,74,46,93,49,63,36,108,0,124,13" hai2="81,8,21,97,87,68,135,56,94,100,29,34,31" hai3="39,61,82,33,1,112,37,65,22,44,66,32,58"/><V15/><F68/><W89/><G1/><T105/><D73/><U52/><E0/><V9/><F34/><W91/><G112/><T75/><D75/><U80/><E108/><V133/><F9/><W134/><G134/><N who="2" m="51209" /><F21/><W85/><G22/><T20/><D71/><U51/><E36/><V12/><F12/><W54/><G89/><T55/><D3/><U64/><E124/><V110/><F56/><W76/><G33/><T127/><D23/><N who="1" m="11663" /><E74/><V79/><F110/><W128/><G32/><T24/><D24/><U38/><E38/><V7/><AGARI ba="0,0" hai="7,8,15,29,31,79,81,87,94,97,100" m="51209" machi="7" ten="30,1500,0" yaku="20,1" doraHai="50" who="2" fromWho="2" sc="410,-5,170,-5,158,15,262,-5" /><INIT seed="2,1,0,5,2,7" ten="405,165,173,257" oya="2" hai0="90,99,0,81,26,39,12,105,100,129,72,67,54" hai1="9,40,17,2,66,68,28,22,70,106,115,49,59" hai2="41,83,119,126,56,120,82,79,97,34,24,1,92" hai3="127,88,36,95,133,58,50,44,47,85,132,124,76"/><V6/><F119/><W109/><G109/><T91/><D129/><U123/><E106/><V108/><F120/><W114/><G114/><T48/><D0/><U38/><E115/><V125/><F41/><W14/><G76/><T5/><D39/><U45/><E123/><V27/><F56/><W122/><G122/><T84/><D67/><U121/><E121/><V71/><F71/><W31/><G36/><T75/><D26/><U117/><E28/><V10/><F83/><W52/><G31/><T3/><D3/><U102/><E102/><V111/><F92/><W15/><G47/><T103/><D103/><U135/><E135/><N who="3" m="51786" /><G44/><T55/><D55/><U98/><E98/><V43/><F43/><W134/><G134/><T46/><D5/><U94/><E94/><V25/><F97/><W80/><G80/><T65/><D65/><U131/><E131/><V62/><F62/><W18/><G15/><T112/><D112/><U33/><E33/><V37/><F37/><W107/><G107/><T11/><REACH who="0" step="1"/><D91/><REACH who="0" ten="395,165,173,257" step="2"/><U96/><E38/><V113/><F113/><W21/><AGARI ba="1,1" hai="14,18,21,50,52,58,85,88,95,124,127" m="51786" machi="21" ten="30,7900,0" yaku="25,1,20,1,54,2" doraHai="7" who="3" fromWho="3" sc="395,-21,165,-21,173,-40,257,92" /><INIT seed="3,0,0,3,0,26" ten="374,144,133,349" oya="3" hai0="106,117,2,58,45,98,132,74,8,43,35,42,125" hai1="7,122,1,107,14,40,115,81,16,124,99,37,103" hai2="111,91,21,90,73,38,126,51,134,69,72,116,113" hai3="54,28,82,46,66,77,6,19,55,135,62,131,83"/><W105/><G105/><T65/><D117/><U76/><E124/><V30/><F38/><W85/><G131/><T96/><D74/><U4/><E115/><V33/><F33/><W104/><G104/><T86/><D35/><U64/><E122/><V39/><F39/><W88/><G6/><T24/><D132/><U53/><E64/><V52/><F69/><W12/><G46/><T9/><D125/><U101/><E101/><V34/><F34/><W13/><G12/><T79/><D42/><U29/><E29/><V44/><F111/><W17/><G28/><T18/><D9/><U78/><E53/><V41/><F116/><W11/><G19/><T47/><D47/><U67/><E67/><V84/><F113/><W49/><G49/><T127/><D127/><U93/><E78/><V110/><F110/><W50/><G50/><T129/><D129/><U100/><E100/><V27/><F134/><W68/><REACH who="3" step="1"/><G135/><REACH who="3" ten="374,144,133,339" step="2"/><T60/><D106/><U25/><E107/><V5/><F126/><W121/><G121/><T10/><D2/><U119/><E119/><V94/><F5/><W23/><G23/><T128/><D128/><U114/><E114/><V61/><F41/><W71/><G71/><T112/><D112/><U70/><E70/><V31/><F31/><W92/><G92/><T95/><D18/><U15/><E15/><V97/><REACH who="2" step="1"/><F61/><REACH who="2" ten="374,144,123,339" step="2"/><W89/><G89/><T36/><D60/><U56/><E1/><V32/><F32/><W80/><G80/><AGARI ba="0,2" hai="21,27,30,44,51,52,72,73,80,84,90,91,94,97" machi="80" ten="30,7700,0" yaku="1,1,7,1,52,1,54,1,53,0" doraHai="26" doraHaiUra="57" who="2" fromWho="3" sc="374,0,144,0,123,97,339,-77" /><INIT seed="4,0,0,1,3,99" ten="374,144,220,262" oya="0" hai0="82,23,79,65,133,101,6,11,127,96,115,54,109" hai1="59,32,135,118,48,0,1,123,74,2,112,80,9" hai2="52,75,37,62,124,66,64,40,113,67,44,89,13" hai3="110,39,16,71,14,3,108,125,43,117,87,130,95"/><T104/><D115/><U8/><E118/><V61/><F75/><W22/><G117/><T7/><D133/><U98/><E123/><V128/><F89/><W4/><G71/><T68/><D127/><U77/><E135/><V28/><F28/><W30/><G125/><T93/><D109/><U50/><E32/><V120/><F13/><W106/><G106/><T102/><D6/><U126/><E126/><V119/><F124/><W69/><G69/><T27/><D65/><U5/><E112/><V84/><F84/><W105/><G105/><T58/><D68/><U60/><E98/><V91/><F91/><W31/><G43/><T51/><D104/><U131/><E131/><V12/><F12/><W33/><G39/><T107/><D107/><U114/><E114/><V122/><F113/><W42/><G42/><T92/><D92/><U15/><REACH who="1" step="1"/><E8/><REACH who="1" ten="374,134,220,262" step="2"/><V41/><F119/><W53/><G130/><T100/><D11/><U10/><E10/><V70/><F128/><W134/><G134/><T20/><D7/><U132/><E132/><V45/><F122/><W38/><G110/><T46/><D20/><U116/><E116/><V86/><F120/><W103/><G108/><T55/><D23/><U47/><E47/><V35/><F35/><W72/><G33/><T78/><D27/><U18/><E18/><V26/><F26/><W57/><G4/><T25/><D25/><U90/><E90/><V49/><F86/><W111/><G111/><T73/><D78/><U76/><E76/><V19/><F19/><W81/><G16/><T56/><D46/><U34/><E34/><RYUUKYOKU ba="0,1" sc="374,10,134,10,220,10,262,-30" hai0="51,54,55,56,58,73,79,82,93,96,100,101,102" hai1="0,1,2,5,9,15,48,50,59,60,74,77,80" hai2="37,40,41,44,45,49,52,61,62,64,66,67,70" /><INIT seed="4,1,1,3,2,55" ten="384,144,230,232" oya="0" hai0="24,73,40,62,36,85,39,69,98,99,94,29,1" hai1="32,67,91,119,116,25,11,8,100,22,117,111,65" hai2="88,16,104,130,70,106,86,58,9,28,12,19,49" hai3="5,107,71,112,38,7,131,123,109,78,27,108,90"/><T56/><D73/><U81/><E111/><V35/><F70/><W13/><G78/><T84/><D69/><U60/><E32/><V114/><F114/><W72/><G90/><T126/><D1/><U26/><E100/><V132/><F130/><W42/><G27/><T129/><D126/><U102/><E102/><V74/><F74/><W6/><G13/><T57/><D39/><U82/><E91/><V23/><F132/><W63/><G63/><T66/><D40/><U97/><E97/><V118/><F28/><W14/><G14/><T52/><D36/><U96/><E96/><V110/><F35/><W75/><G42/><T2/><D99/><U113/><E113/><V76/><F118/><W68/><G112/><T135/><D2/><U61/><E22/><V95/><F76/><W48/><G38/><T54/><D135/><U122/><REACH who="1" step="1"/><E117/><REACH who="1" ten="384,134,230,232" step="2"/><V127/><F110/><W89/><G89/><T59/><D98/><U50/><E50/><V45/><F127/><W80/><G48/><T115/><D115/><U4/><E4/><V47/><F106/><W64/><G107/><T125/><D125/><U124/><E124/><V133/><F104/><W134/><G109/><T79/><D79/><U34/><E34/><V43/><F133/><W121/><G108/><T33/><D94/><U18/><E18/><V51/><F19/><W30/><G134/><T20/><D33/><U0/><E0/><V46/><F23/><W92/><G5/><T15/><D20/><U44/><E44/><V105/><F105/><W3/><G3/><T101/><D101/><U128/><E128/><RYUUKYOKU ba="1,2" sc="384,-15,134,15,230,15,232,-15" hai1="8,11,25,26,60,61,65,67,81,82,116,119,122" hai2="9,12,16,43,45,46,47,49,51,58,86,88,95" /><INIT seed="5,2,2,3,5,102" ten="369,149,245,217" oya="1" hai0="59,110,53,70,125,49,128,17,4,88,51,34,71" hai1="101,122,126,116,135,22,33,63,94,90,96,83,58" hai2="82,7,11,118,73,131,10,57,130,23,27,93,109" hai3="30,38,106,40,123,60,42,121,86,24,105,62,95"/><U2/><E116/><V26/><F109/><W120/><G86/><T1/><D110/><U36/><E122/><V46/><F118/><W92/><G24/><T29/><D128/><N who="2" m="49194" /><F27/><W45/><G30/><T66/><D125/><U12/><E33/><V25/><F25/><W67/><G42/><T74/><D74/><U56/><E36/><V81/><F11/><W14/><G62/><T61/><D71/><U44/><E126/><V69/><F69/><W79/><G79/><T48/><D29/><U80/><E2/><V107/><F93/><W50/><G38/><T47/><D34/><U35/><E35/><V64/><F107/><W19/><G92/><T132/><D132/><U114/><E114/><V115/><F46/><W117/><G95/><T112/><D112/><U100/><E135/><V133/><F73/><W134/><G117/><T111/><D111/><U8/><E44/><V108/><F108/><W77/><G77/><T127/><D4/><N who="1" m="3079" /><E22/><V6/><F133/><W32/><G32/><T18/><D1/><U39/><E39/><V68/><F68/><W52/><G134/><T0/><D0/><U28/><E28/><N who="2" m="17503" /><F115/><W124/><G124/><T113/><D113/><U85/><E58/><V16/><F7/><W129/><G129/><T9/><D127/><U65/><E83/><V37/><F6/><W84/><G40/><T43/><D9/><U78/><AGARI ba="2,2" hai="56,63,65,78,80,85,90,94,96,100,101" m="3079" machi="78" ten="30,1500,0" yaku="8,1" doraHai="102" who="1" fromWho="1" sc="369,-7,149,41,245,-7,217,-7" /><INIT seed="5,3,0,3,3,53" ten="362,190,238,210" oya="1" hai0="8,0,43,19,82,108,109,115,119,132,71,27,34" hai1="36,10,110,129,75,28,20,135,134,107,59,42,77" hai2="120,80,49,83,62,73,113,18,90,89,5,118,66" hai3="93,76,85,67,24,81,102,69,45,11,2,30,117"/><U54/><E107/><V55/><F118/><W99/><G117/><T68/><D43/><U78/><E129/><V79/><F120/><W4/><G45/><T33/><D82/><U105/><E105/><V16/><F5/><W88/><G67/><T96/><D96/><U86/><E75/><V56/><F113/><W92/><G69/><T9/><D71/><U48/><E10/><V98/><F90/><W51/><G51/><T126/><D68/><U22/><E110/><V15/><F15/><W114/><G114/><T131/><D119/><U122/><E122/><V57/><REACH who="2" step="1"/><F83/><REACH who="2" ten="362,190,228,210" step="2"/><W104/><REACH who="3" step="1"/><G76/><REACH who="3" ten="362,190,228,200" step="2"/><T61/><D115/><U12/><E78/><V123/><F123/><W25/><G25/><T41/><D27/><U100/><E77/><V97/><F97/><W1/><G1/><T7/><D0/><U3/><E3/><V47/><F47/><W32/><AGARI ba="3,2" hai="2,4,11,24,30,32,81,85,88,92,93,99,102,104" machi="32" ten="20,5200,0" yaku="1,1,0,1,7,1,54,1,53,0" doraHai="53" doraHaiUra="39" who="3" fromWho="3" sc="362,-16,190,-29,228,-16,200,81" /><INIT seed="6,0,0,2,2,115" ten="346,161,212,281" oya="2" hai0="55,21,19,52,9,39,82,122,35,48,76,89,88" hai1="6,25,16,79,12,28,5,43,56,44,46,15,36" hai2="10,74,65,47,96,11,87,63,80,131,50,49,92" hai3="57,73,109,99,102,135,1,117,123,114,116,30,97"/><V119/><F74/><W8/><G109/><T68/><D39/><U0/><E0/><V125/><F125/><W17/><G123/><T90/><D35/><U59/><E79/><V93/><F131/><W120/><G120/><T107/><D68/><U118/><E15/><V133/><F133/><W41/><G73/><T127/><D107/><U14/><E12/><V94/><F119/><W132/><G30/><T60/><D127/><U134/><E134/><N who="3" m="51242" /><G41/><T91/><D9/><U100/><E100/><V61/><F96/><N who="3" m="36939" /><G17/><T64/><D91/><U22/><E46/><V4/><F4/><N who="3" m="1039" /><G102/><T7/><D7/><U54/><E118/><N who="3" m="45674" /><G57/><T66/><D122/><U71/><E71/><V110/><F110/><W34/><G34/><T112/><D112/><AGARI ba="0,0" hai="112,114" m="45674,1039,36939,51242" machi="112" ten="40,8000,1" yaku="20,1,52,3" doraHai="115" who="3" fromWho="0" sc="346,-80,161,0,212,0,281,80" /><INIT seed="7,0,0,2,1,16" ten="266,161,212,361" oya="3" hai0="37,28,43,79,27,58,13,126,127,94,95,87,120" hai1="60,52,108,105,47,46,98,133,59,109,78,36,9" hai2="89,128,75,125,54,92,40,6,81,103,111,34,22" hai3="131,71,90,91,56,64,45,42,35,86,41,134,2"/><W4/><G71/><T14/><D120/><U65/><E133/><V73/><F34/><W101/><G134/><T11/><D43/><U38/><E78/><V114/><F6/><W124/><G35/><T107/><D37/><N who="1" m="14443" /><E9/><V63/><F114/><W10/><G124/><T39/><D39/><U69/><E98/><V23/><F111/><N who="1" m="42569" /><E105/><V121/><F75/><W115/><G131/><T53/><D107/><U110/><N who="1" m="42577" /><U106/><DORA hai="15" /><E106/><V82/><F73/><W19/><G115/><T30/><D127/><U57/><E69/><V12/><F128/><W50/><G101/><T123/><D14/><U104/><E104/><V3/><F12/><W55/><G90/><T25/><D25/><U48/><AGARI ba="0,0" hai="46,47,48,52,57,59,60,65" m="42577,14443" machi="48" ten="50,6400,0" yaku="34,2,54,1" doraHai="16,15" who="1" fromWho="1" sc="266,-16,161,64,212,-16,361,-32" owari="250,5.0,225,-17.0,196,-30.0,329,42.0" /></mjloggm>