<mjloggm ver="2.3"><GO type="41" lobby="0"/><UN n0="%E2%93%9D%53%75%70%68%78" n1="%46%49%52%45%53%49%47%4E" n2="%EF%BC%BE%E3%83%AF%EF%BC%BE" n3="%E3%81%BE%E3%81%93%E3%81%BC%E3%83%BC" dan="19,14,14,13" rate="2192.19,1921.19,1964.89,1889.91" sx="M,M,M,M"/><TAIKYOKU oya="0"/><INIT seed="0,0,0,0,1,11" ten="250,250,250,250" oya="0" hai0="80,26,47,37,24,118,135,66,126,124,92,91,18" hai1="74,112,35,2,52,22,21,57,54,94,46,96,48" hai2="82,88,9,128,129,79,101,95,110,17,51,38,45" hai3="106,19,133,104,12,121,39,3,119,83,102,42,53"/><T113/><D113/><U84/><E35/><V115/><F38/><W8/><G3/><T50/><D37/><U73/><E2/><V49/><F115/><W100/><G119/><T40/><D118/><U55/><E112/><V67/><F101/><W28/><G133/><T85/><D66/><U75/><E84/><N who="2" m="48223" /><F110/><W130/><G130/><N who="2" m="50281" /><F67/><W134/><G134/><T34/><D135/><U99/><E99/><N who="2" m="57831" /><F45/><W132/><G132/><T20/><D34/><U0/><E0/><V114/><F114/><W89/><G121/><T111/><D111/><U105/><E105/><V120/><F120/><W23/><G42/><T44/><D44/><U61/><REACH who="1" step="1"/><E55/><REACH who="1" ten="250,240,250,250" step="2"/><V72/><F72/><W70/><G53/><T122/><D122/><U71/><E71/><V87/><F87/><N who="3" m="50431" /><G106/><T10/><D85/><U108/><E108/><V56/><F56/><W27/><G104/><T125/><D125/><U30/><E30/><V68/><F68/><W31/><G70/><T107/><D126/><U69/><E69/><V76/><F76/><W1/><G39/><T41/><D107/><U103/><AGARI ba="0,1" hai="21,22,46,48,52,54,57,61,73,74,75,94,96,103" machi="103" ten="30,4000,0" yaku="1,1,0,1,54,1,53,0" doraHai="11" doraHaiUra="123" who="1" fromWho="1" sc="250,-20,240,50,250,-10,250,-10" /><INIT seed="1,0,0,5,1,2" ten="230,290,240,240" oya="1" hai0="23,33,50,36,129,84,94,4,31,118,122,68,98" hai1="132,35,24,37,11,109,27,30,103,86,126,75,60" hai2="20,40,6,100,95,120,127,97,1,104,107,19,92" hai3="130,54,8,38,101,47,110,5,16,0,25,117,113"/><U112/><E75/><V72/><F72/><W134/><G113/><T105/><D118/><U96/><E112/><V116/><F116/><W128/><G117/><T63/><D36/><U106/><E132/><V99/><F120/><W46/><G110/><T73/><D129/><N who="3" m="49769" /><G134/><T28/><D50/><U14/><E126/><V133/><F133/><W67/><G38/><T119/><D105/><U53/><E37/><V123/><F123/><W26/><G101/><T80/><D33/><U41/><E41/><V62/><F127/><W66/><G26/><T77/><D68/><U56/><E109/><V74/><F74/><W121/><G121/><T13/><D73/><U7/><E27/><V89/><F40/><W115/><G115/><T91/><D122/><U93/><REACH who="1" step="1"/><E86/><REACH who="1" ten="230,280,240,240" step="2"/><V3/><F3/><W9/><G25/><T85/><D85/><U82/><E82/><V131/><F131/><W76/><G0/><T61/><D119/><U17/><E17/><V81/><F81/><W64/><G16/><T102/><D31/><U39/><E39/><V65/><F1/><W124/><G124/><T135/><D135/><U21/><E21/><V88/><F100/><W58/><G9/><N who="0" m="4263" /><D102/><U52/><E52/><V34/><F34/><W57/><G54/><T59/><D23/><U10/><E10/><V15/><REACH who="2" step="1"/><F6/><REACH who="2" ten="230,280,230,240" step="2"/><W42/><G5/><T44/><D80/><U32/><E32/><V90/><F90/><W22/><G8/><T12/><D91/><U114/><E114/><V125/><F125/><W78/><G22/><T51/><D77/><N who="3" m="29801" /><G42/><T55/><D55/><U43/><E43/><RYUUKYOKU ba="0,2" sc="230,-30,280,10,230,10,240,10" hai1="7,11,14,24,30,35,53,56,60,93,96,103,106" hai2="15,19,20,62,65,88,89,92,95,97,99,104,107" hai3="46,47,57,58,64,66,67" /><INIT seed="1,1,2,2,1,13" ten="200,290,240,250" oya="1" hai0="57,33,109,4,11,86,130,53,103,89,40,36,65" hai1="38,78,117,24,61,131,100,129,121,75,104,126,119" hai2="58,88,0,132,14,39,85,59,105,82,10,110,71" hai3="16,12,17,8,51,25,108,41,134,18,69,67,81"/><U28/><E121/><V45/><F71/><W22/><G108/><T83/><D33/><N who="1" m="20615" /><E126/><V97/><F0/><W31/><G134/><T84/><D130/><N who="1" m="49675" /><E61/><V102/><F110/><W74/><G67/><T50/><D109/><U48/><E48/><V32/><F32/><W124/><G69/><T2/><D65/><U94/><E94/><V93/><F105/><W42/><G124/><T87/><REACH who="0" step="1"/><D103/><REACH who="0" ten="190,290,240,250" step="2"/><U90/><E117/><V76/><F102/><W60/><G60/><T26/><D26/><U37/><E119/><V27/><F27/><W62/><G62/><T133/><D133/><U20/><E100/><V56/><F132/><W101/><G101/><T68/><D68/><U64/><E104/><V43/><REACH who="2" step="1"/><F59/><REACH who="2" ten="190,290,230,250" step="2"/><W54/><G74/><T128/><D128/><U46/><E64/><V6/><AGARI ba="1,4" hai="6,10,14,39,43,45,56,58,76,82,85,88,93,97" machi="6" ten="20,8000,1" yaku="1,1,2,1,0,1,7,1,54,1,53,0" doraHai="13" doraHaiUra="15" who="2" fromWho="2" sc="190,-21,290,-41,230,123,250,-21" /><INIT seed="2,0,0,5,0,114" ten="169,249,353,229" oya="2" hai0="32,93,72,113,16,61,46,68,62,9,119,134,18" hai1="54,44,23,26,77,125,75,76,37,43,58,69,103" hai2="55,65,79,90,110,102,83,42,52,112,86,22,108" hai3="41,38,73,45,107,82,27,8,2,121,95,57,33"/><V94/><F112/><W133/><G107/><T56/><D113/><U4/><E125/><V60/><F22/><W97/><G121/><T111/><D72/><U10/><E75/><V3/><F42/><W24/><G33/><T40/><D32/><U50/><E103/><V51/><F102/><W59/><G133/><T49/><D111/><N who="2" m="42538" /><F51/><W34/><G34/><T39/><D134/><U11/><E69/><N who="2" m="42151" /><F3/><W35/><G35/><T70/><D39/><U67/><E67/><V100/><F100/><W28/><G28/><T124/><D124/><U29/><REACH who="1" step="1"/><E11/><REACH who="1" ten="169,239,353,229" step="2"/><V31/><F31/><W0/><G8/><T80/><D9/><U118/><E118/><V106/><F106/><W20/><G73/><AGARI ba="0,1" hai="52,55,73,79,83,86,90,94" m="42151,42538" machi="73" ten="30,5800,0" yaku="14,1,10,1,54,1" doraHai="114" who="2" fromWho="3" sc="169,0,239,0,353,68,229,-58" /><INIT seed="2,1,0,4,4,122" ten="169,239,421,171" oya="2" hai0="24,2,4,97,34,129,27,127,106,123,65,80,61" hai1="40,107,67,109,47,29,124,95,70,22,6,43,26" hai2="93,78,13,10,5,118,102,38,45,53,16,100,112" hai3="116,21,130,125,62,85,132,56,86,83,25,75,84"/><V51/><F38/><W82/><G116/><T135/><D123/><U74/><E107/><V101/><F118/><W54/><G132/><T128/><D80/><U1/><E124/><V110/><F112/><W41/><G125/><T46/><D127/><U31/><E31/><V76/><F110/><W68/><G75/><T7/><D46/><U73/><E109/><V89/><REACH who="2" step="1"/><F5/><REACH who="2" ten="169,239,411,171" step="2"/><W72/><G130/><T121/><D7/><U55/><E6/><V88/><F88/><W37/><G72/><T14/><D121/><U91/><E73/><V114/><F114/><W58/><G37/><T30/><D129/><U20/><E74/><V117/><F117/><W115/><G115/><T69/><D128/><U28/><E1/><V99/><AGARI ba="1,1" hai="10,13,16,45,51,53,76,78,89,93,99,100,101,102" machi="99" ten="30,11700,0" yaku="1,1,0,1,8,1,54,1,53,0" doraHai="122" doraHaiUra="36" who="2" fromWho="2" sc="169,-40,239,-40,411,130,171,-40" /><INIT seed="2,2,0,2,4,56" ten="129,199,541,131" oya="2" hai0="49,59,125,69,127,64,131,68,7,10,108,57,73" hai1="89,106,33,86,128,4,52,81,119,103,41,13,92" hai2="34,134,75,132,85,18,63,100,96,43,17,53,60" hai3="123,27,3,67,117,101,113,1,110,94,105,71,24"/><V25/><F75/><W83/><G123/><T23/><D23/><U54/><E119/><V97/><F43/><W135/><G105/><T29/><D29/><U65/><E33/><V70/><F85/><W26/><G117/><T130/><D10/><U93/><E128/><N who="0" m="49193" /><D7/><U8/><E41/><V5/><F5/><W111/><G135/><N who="2" m="51753" /><F70/><N who="0" m="27242" /><D73/><U50/><E65/><V61/><F53/><W91/><G113/><T16/><D16/><N who="2" m="6250" /><F100/><W42/><G101/><T2/><D2/><U77/><E50/><V40/><F40/><W44/><G83/><T120/><D120/><U109/><E106/><V48/><F48/><W122/><G122/><T88/><D88/><U115/><E115/><V15/><F15/><W35/><G35/><T118/><D118/><U84/><E103/><V133/><N who="2" m="51761" /><V9/><DORA hai="107" /><F9/><W55/><G1/><T31/><D49/><U14/><E13/><V47/><F47/><W82/><G3/><T121/><D121/><U90/><E81/><V126/><F126/><N who="0" m="48138" /><D64/><U124/><E77/><V51/><F51/><W116/><G116/><T38/><D38/><U21/><E124/><V99/><F34/><W11/><G11/><T87/><D87/><U114/><E21/><V62/><N who="2" m="15872" /><DORA hai="102" /><V95/><F95/><W20/><G94/><T36/><D36/><U39/><E39/><V30/><F30/><W98/><G42/><T72/><D31/><U74/><E114/><V46/><F46/><W28/><G44/><T79/><D59/><U80/><E74/><V6/><F6/><W19/><G28/><T104/><D104/><U58/><E58/><RYUUKYOKU ba="2,0" sc="129,-10,199,-10,541,30,131,-10" hai2="25,96,97,99" /><INIT seed="2,3,0,4,3,131" ten="119,189,571,121" oya="2" hai0="69,88,117,129,63,25,89,20,32,94,79,57,86" hai1="8,34,106,46,21,71,115,51,76,99,56,23,48" hai2="10,16,68,92,3,42,108,118,9,18,52,134,72" hai3="114,15,122,112,107,30,62,70,43,95,27,22,58"/><V53/><F68/><W125/><G107/><T78/><D129/><U97/><E115/><N who="3" m="44074" /><G122/><T14/><D69/><U0/><E71/><V93/><F72/><W81/><G125/><T17/><D117/><U124/><E124/><V35/><F118/><W101/><G70/><T133/><D133/><U100/><E34/><V116/><F116/><W127/><G127/><T1/><D1/><U104/><E76/><V83/><F35/><W119/><G119/><T40/><D40/><U61/><E8/><V28/><F42/><W5/><G43/><T65/><D32/><U64/><E0/><V6/><F3/><W47/><G47/><T11/><REACH who="0" step="1"/><D89/><REACH who="0" ten="109,189,571,121" step="2"/><U49/><E46/><V77/><F134/><W31/><G101/><AGARI ba="3,1" hai="21,23,48,49,51,56,61,64,97,99,100,101,104,106" machi="101" ten="40,1300,0" yaku="9,1" doraHai="131" who="1" fromWho="3" sc="109,0,189,32,571,0,121,-22" /><INIT seed="3,0,0,5,0,22" ten="109,221,571,99" oya="3" hai0="34,85,66,61,99,77,45,48,89,120,59,35,7" hai1="129,33,17,80,12,90,11,113,109,106,58,108,43" hai2="30,65,72,119,40,84,1,112,47,132,64,127,130" hai3="123,38,39,53,79,114,128,6,54,104,122,41,44"/><W98/><G114/><T75/><D120/><U19/><E113/><V51/><F1/><W107/><G79/><T121/><D121/><U56/><E106/><V134/><F72/><W9/><G39/><T46/><D46/><U83/><E43/><V111/><F112/><W27/><G128/><T52/><D7/><U94/><E129/><V25/><F130/><W126/><G126/><T0/><D0/><U73/><E33/><V70/><F127/><W103/><G104/><T133/><D133/><N who="2" m="51306" /><F70/><W2/><REACH who="3" step="1"/><G27/><REACH who="3" ten="109,221,571,89" step="2"/><T3/><D77/><U91/><E73/><V62/><F119/><W124/><G124/><T105/><D75/><U125/><E125/><V100/><F111/><W24/><G24/><T31/><D105/><U96/><E109/><V101/><F84/><W78/><G78/><T86/><D86/><U69/><E108/><V92/><F92/><W18/><G18/><T87/><D87/><U32/><E19/><V5/><F5/><W57/><G57/><T37/><D85/><U102/><E69/><N who="2" m="42135" /><F65/><W36/><G36/><T131/><D37/><U15/><E58/><V16/><F16/><W68/><G68/><T81/><D131/><U4/><E56/><V13/><F13/><W115/><G115/><T110/><D110/><U55/><E15/><V71/><F71/><W116/><G116/><T117/><D117/><U21/><E17/><V8/><F8/><W118/><G118/><T135/><D135/><U50/><E12/><V74/><F74/><W97/><G97/><T20/><D66/><U10/><E11/><V67/><F67/><W88/><G88/><RYUUKYOKU ba="0,1" sc="109,-15,221,-15,571,15,89,15" hai2="25,30,40,47,51,100,101" hai3="2,6,9,38,41,44,53,54,98,103,107,122,123" /><INIT seed="3,1,1,2,3,33" ten="94,206,586,104" oya="3" hai0="37,98,38,94,24,95,2,35,21,8,64,22,135" hai1="86,71,14,105,115,29,56,107,66,116,69,104,36" hai2="7,54,41,109,123,70,121,90,53,11,75,18,23" hai3="61,87,113,132,55,100,40,131,127,25,122,120,118"/><W43/><G118/><T106/><D106/><U12/><E115/><V50/><F70/><W91/><G113/><T72/><D72/><U74/><E74/><V133/><F75/><W60/><G131/><T47/><D35/><U17/><E116/><V99/><F109/><W73/><G73/><T34/><D34/><U96/><E36/><V129/><F129/><W111/><G111/><T112/><D135/><U108/><E108/><V101/><F133/><W89/><G132/><T85/><D64/><U48/><E29/><V27/><F90/><W4/><G127/><T110/><D85/><U97/><E86/><V128/><F41/><W117/><G117/><T51/><D95/><U44/><E66/><V68/><F68/><W58/><G120/><N who="2" m="46153" /><F50/><N who="3" m="31095" /><G122/><T1/><D112/><U102/><E56/><V82/><F82/><N who="3" m="49399" /><G100/><T67/><D110/><U62/><E62/><N who="3" m="24170" /><G4/><T92/><D67/><U76/><E102/><V32/><F32/><W84/><G25/><T26/><D26/><U3/><E69/><V88/><F128/><W13/><G13/><T49/><D24/><U10/><E14/><N who="2" m="5503" /><F88/><W57/><G57/><T39/><D39/><U119/><E71/><V42/><F42/><W19/><G19/><T15/><D15/><U16/><E17/><V80/><F80/><AGARI ba="1,1" hai="40,43,80,84,91" m="24170,49399,31095" machi="80" ten="30,1500,0" yaku="8,1" doraHai="33" who="3" fromWho="2" sc="94,0,206,0,586,-18,104,28" /><INIT seed="3,2,0,5,3,46" ten="94,206,568,132" oya="3" hai0="74,116,134,36,114,52,63,51,62,6,85,9,73" hai1="29,89,103,11,3,110,4,44,84,123,99,93,50" hai2="35,56,64,31,13,18,106,71,17,79,65,78,91" hai3="28,70,102,135,112,66,27,33,47,113,100,118,77"/><W30/><G118/><T15/><D116/><U53/><E110/><V75/><F106/><W21/><G135/><T132/><D36/><U120/><REACH who="1" step="1"/><E29/><REACH who="1" ten="94,196,568,132" step="2"/><V60/><F31/><W19/><G30/><T117/><D117/><U43/><E43/><V115/><F35/><W81/><G112/><T59/><D114/><U8/><E8/><V80/><F115/><W58/><G113/><T129/><D129/><U25/><E25/><V24/><F24/><W32/><G28/><T90/><D134/><U72/><E72/><V101/><F75/><W131/><G27/><T111/><D132/><U23/><E23/><V87/><F71/><W42/><G21/><T14/><D111/><U39/><E39/><V95/><F13/><W109/><G70/><T86/><D74/><U88/><E88/><V121/><F91/><W67/><G109/><T107/><D73/><U20/><E20/><V82/><F79/><W57/><G77/><T98/><D15/><U96/><E96/><V49/><F78/><W48/><G33/><T69/><D69/><U34/><E34/><V122/><F121/><W76/><G32/><T54/><D90/><U7/><E7/><V92/><F122/><W83/><G131/><T41/><D41/><U125/><E125/><V22/><F22/><W127/><G76/><T38/><D38/><U126/><E126/><V1/><F101/><N who="3" m="39019" /><G19/><T130/><D130/><U55/><E55/><V40/><F18/><W68/><G127/><T37/><D37/><U124/><E124/><V26/><F17/><W16/><G16/><T97/><D6/><U133/><E133/><RYUUKYOKU ba="2,1" sc="94,-10,196,30,568,-10,132,-10" hai1="3,4,11,44,50,53,84,89,93,99,103,120,123" /><INIT seed="4,3,1,2,4,87" ten="84,226,558,122" oya="0" hai0="111,79,28,133,60,98,19,77,2,50,17,3,81" hai1="41,45,14,92,62,110,103,66,134,83,115,122,11" hai2="55,94,22,96,95,35,74,125,67,53,51,9,69" hai3="108,8,78,121,31,44,33,49,127,40,119,91,38"/><T75/><D133/><U104/><E110/><V42/><F35/><W84/><G108/><T88/><D111/><U7/><E122/><V12/><F74/><W6/><G119/><T30/><D50/><U80/><E134/><V1/><F1/><W97/><G127/><T39/><D39/><U93/><E104/><V48/><F125/><W25/><G121/><T10/><D60/><U85/><E115/><V16/><F69/><W52/><G78/><T86/><D98/><U58/><E103/><V36/><F36/><W34/><G97/><T102/><D102/><U43/><E83/><V57/><F67/><W116/><G116/><T76/><D75/><U129/><E129/><V114/><F114/><W120/><G120/><T61/><D61/><U135/><E135/><V128/><F128/><W56/><G25/><T37/><D37/><U112/><E112/><V99/><F42/><N who="1" m="15881" /><E45/><N who="2" m="27791" /><F9/><W18/><G18/><T24/><D30/><U59/><E59/><V100/><F100/><W4/><G31/><T0/><REACH who="0" step="1"/><D10/><REACH who="0" ten="74,226,558,122" step="2"/><U68/><E68/><V5/><F99/><W105/><G105/><T70/><D70/><U90/><AGARI ba="3,2" hai="7,11,14,58,62,66,80,85,90,92,93" m="15881" machi="90" ten="30,2000,0" yaku="8,1,52,1" doraHai="87" who="1" fromWho="1" sc="74,-13,226,49,558,-8,122,-8" /><INIT seed="5,0,0,3,0,53" ten="61,275,550,114" oya="1" hai0="85,49,103,1,56,110,96,93,130,83,90,62,10" hai1="11,60,92,132,81,97,51,32,78,13,70,41,73" hai2="22,135,106,123,76,18,40,38,55,17,58,101,122" hai3="16,94,36,27,113,47,124,14,112,9,33,89,64"/><U45/><E132/><V125/><F18/><W54/><G124/><T57/><D110/><U131/><E131/><V119/><F76/><W80/><G80/><T129/><D49/><U12/><E32/><V42/><F119/><W104/><G104/><T7/><REACH who="0" step="1"/><D62/><REACH who="0" ten="51,275,550,114" step="2"/><U99/><E60/><V79/><F125/><W39/><G36/><T91/><D91/><U63/><E63/><V67/><F38/><W68/><G39/><T127/><D127/><U134/><E51/><V8/><F135/><W87/><G47/><T98/><D98/><U100/><E45/><V111/><F111/><W46/><G46/><T23/><D23/><U121/><E134/><V66/><F22/><N who="3" m="13767" /><G33/><T86/><D86/><U75/><E99/><V52/><F122/><W71/><G64/><T69/><D69/><U107/><E70/><V25/><F67/><W37/><G37/><T43/><D43/><U102/><E41/><V114/><F66/><W30/><G71/><T88/><D88/><U21/><E21/><V35/><F42/><W105/><G68/><T118/><D118/><U28/><E121/><V4/><F40/><W44/><G44/><T84/><D84/><U6/><E97/><V74/><F123/><W15/><G87/><T115/><D115/><U50/><E50/><V34/><F114/><W0/><G89/><T82/><D82/><U24/><E81/><V31/><F35/><W65/><G65/><T29/><D29/><U3/><E28/><V77/><F31/><W48/><G30/><T72/><D72/><U5/><E75/><V108/><F74/><W126/><G113/><RYUUKYOKU ba="0,1" sc="51,30,275,-10,550,-10,114,-10" hai0="1,7,10,56,57,83,85,90,93,96,103,129,130" /><INIT seed="6,1,1,1,1,85" ten="81,265,540,104" oya="2" hai0="4,80,40,29,38,27,134,135,53,25,30,50,13" hai1="61,110,95,109,21,83,35,55,89,119,52,44,65" hai2="90,87,121,19,123,22,62,5,86,41,56,103,48" hai3="132,26,66,11,91,79,106,76,8,12,116,45,78"/><V97/><F5/><W117/><G116/><T118/><D40/><U84/><E119/><V93/><F48/><W51/><G117/><T74/><D38/><U107/><E107/><V68/><F41/><W67/><G106/><T57/><D118/><U94/><E35/><V49/><F49/><W92/><G26/><T31/><D4/><U102/><E44/><V105/><F87/><W111/><G111/><T133/><REACH who="0" step="1"/><D13/><REACH who="0" ten="71,265,540,104" step="2"/><U81/><E110/><V6/><F6/><N who="3" m="3095" /><G132/><T98/><D98/><U54/><E109/><V17/><F17/><W128/><G128/><T115/><D115/><U125/><E125/><V32/><F32/><W23/><G11/><T9/><D9/><U14/><E14/><V60/><F68/><W104/><G104/><T0/><D0/><U108/><E108/><V124/><F124/><W130/><G130/><T69/><D69/><U131/><E131/><V36/><F36/><W99/><G23/><T77/><AGARI ba="1,2" hai="25,27,29,30,31,50,53,57,74,77,80,133,134,135" machi="77" ten="40,5200,0" yaku="1,1,0,1,20,1,53,0" doraHai="85" doraHaiUra="58" who="0" fromWho="0" sc="71,75,265,-14,540,-27,104,-14" /><INIT seed="7,0,0,3,4,101" ten="146,251,513,90" oya="3" hai0="77,60,45,12,55,85,70,33,87,73,57,76,14" hai1="122,127,131,5,53,80,44,74,89,65,27,91,105" hai2="39,132,49,126,29,62,48,68,17,4,9,22,25" hai3="100,79,119,81,21,0,66,133,129,23,128,35,104"/><W83/><G119/><T94/><D33/><U103/><E122/><V26/><F39/><W110/><G35/><T61/><D73/><U15/><E65/><V93/><F126/><W7/><G133/><T88/><D70/><U75/><E127/><V16/><F132/><W38/><G38/><T114/><D114/><U96/><E131/><N who="3" m="50250" /><G110/><T108/><D108/><U112/><E112/><V59/><F68/><W125/><G125/><T98/><D61/><U117/><E27/><V1/><F93/><W90/><G66/><T99/><D45/><U19/><E5/><V47/><F26/><W40/><G40/><T84/><D99/><U24/><E24/><V97/><F97/><N who="3" m="61455" /><G90/><T121/><D121/><U2/><E91/><V6/><F6/><W113/><G113/><T106/><D106/><U36/><E36/><V8/><F49/><W3/><G7/><T51/><D51/><N who="1" m="28903" /><E117/><V64/><F9/><W72/><G83/><T32/><D32/><U78/><E78/><AGARI ba="0,0" hai="12,14,55,57,60,76,77,78,84,85,87,88,94,98" machi="78" ten="40,2600,0" yaku="8,1,54,1" doraHai="101" who="0" fromWho="1" sc="146,26,251,-26,513,0,90,0" owari="172,-23.0,225,3.0,513,61.0,90,-41.0" /></mjloggm>