<mjloggm ver="2.3"><GO type="41" lobby="0"/><UN n0="%E3%81%9E%E3%81%86%E5%A4%A7%E9%AD%94%E7%8E%8B" n1="%E6%B5%AE%E3%81%8D%E5%90%8D" n2="%79%79%6F%6F%73%73" n3="%E2%93%9D%53%75%70%68%78" dan="14,13,14,19" rate="1957.51,1928.83,1999.56,2198.57" sx="M,M,M,M"/><TAIKYOKU oya="0"/><INIT seed="0,0,0,3,4,120" ten="250,250,250,250" oya="0" hai0="109,112,114,0,125,50,128,55,64,38,56,39,70" hai1="101,53,57,73,34,7,61,24,9,43,90,85,52" hai2="95,127,76,47,67,75,123,65,93,28,96,130,59" hai3="27,74,97,100,126,16,77,8,111,134,11,12,135"/><T48/><D0/><U35/><E73/><V26/><F123/><W91/><G91/><T124/><D128/><U99/><E43/><V37/><F127/><N who="0" m="48714" /><D50/><U4/><E24/><V14/><F130/><W49/><G126/><T21/><D21/><U54/><E34/><V113/><F113/><N who="0" m="43626" /><D109/><U106/><E35/><V89/><F14/><W42/><G27/><T33/><D33/><U1/><REACH who="1" step="1"/><E4/><REACH who="1" ten="250,240,250,250" step="2"/><V46/><F26/><W87/><G74/><T131/><D131/><U72/><E72/><V122/><F75/><W110/><G42/><T84/><D84/><U6/><E6/><V23/><F122/><W121/><G121/><T63/><AGARI ba="0,1" hai="38,39,48,55,56,63,64,70" m="43626,48714" machi="63" ten="40,7800,0" yaku="18,1,34,2" doraHai="120" who="0" fromWho="0" sc="250,88,240,-26,250,-26,250,-26" /><INIT seed="0,1,0,4,3,78" ten="338,214,224,224" oya="0" hai0="0,79,44,80,52,10,56,99,124,105,97,106,129" hai1="46,14,13,123,133,116,59,12,120,4,114,91,100" hai2="63,41,19,51,92,132,22,34,128,86,66,93,50" hai3="77,130,25,24,20,26,3,69,94,90,103,76,43"/><T7/><D129/><U6/><E100/><V118/><F132/><W108/><G69/><T58/><D124/><U74/><E74/><V96/><F34/><W9/><G108/><T135/><D135/><U112/><E59/><V35/><F35/><W98/><G130/><T115/><D115/><N who="1" m="44075" /><E46/><V107/><F107/><W131/><G43/><T67/><D67/><U89/><E133/><V83/><F128/><W70/><G70/><T33/><D106/><U75/><E75/><V11/><F11/><W72/><G131/><T45/><D58/><U40/><E40/><V88/><F118/><W17/><G103/><T127/><D33/><U31/><E31/><V18/><F93/><W61/><G61/><T84/><D127/><U134/><E134/><V73/><F73/><W54/><G54/><T53/><D53/><U81/><E116/><V5/><F5/><N who="1" m="2153" /><E81/><V15/><F19/><W36/><G72/><T48/><REACH who="0" step="1"/><D105/><REACH who="0" ten="328,214,224,224" step="2"/><U95/><E95/><V82/><F41/><W57/><G57/><T8/><D8/><U29/><E29/><V60/><F66/><W2/><G9/><T30/><D30/><U37/><E37/><V102/><REACH who="2" step="1"/><F83/><REACH who="2" ten="328,214,214,224" step="2"/><W55/><G94/><T110/><D110/><U71/><E71/><V16/><F16/><W109/><G17/><T85/><D85/><U64/><E64/><V121/><F121/><AGARI ba="1,2" hai="12,13,14,89,91,120,121,123" m="2153,44075" machi="121" ten="40,5200,0" yaku="28,2,11,1" doraHai="78" who="1" fromWho="2" sc="328,0,214,75,214,-55,224,0" /><INIT seed="1,0,0,4,5,67" ten="328,289,159,224" oya="1" hai0="108,105,77,69,36,4,49,8,121,101,42,46,19" hai1="132,120,25,133,100,127,66,97,51,110,80,123,91" hai2="84,38,54,87,113,99,64,85,17,89,1,48,106" hai3="10,125,117,34,131,41,30,94,58,112,109,93,50"/><U39/><E39/><V90/><F38/><W129/><G112/><T16/><D121/><N who="1" m="46667" /><E51/><V75/><F1/><W52/><G109/><T88/><D108/><U130/><E66/><V29/><F113/><W82/><G125/><T2/><D105/><N who="1" m="63631" /><E25/><V72/><F29/><W118/><G82/><T63/><D101/><U61/><E61/><V76/><F64/><W53/><G10/><T56/><D77/><U126/><E110/><V86/><F17/><W62/><G30/><T0/><D0/><U116/><E116/><N who="3" m="44650" /><G34/><T134/><D134/><N who="1" m="51819" /><E130/><N who="3" m="49674" /><G41/><T40/><D40/><U7/><E7/><V6/><F6/><W124/><G124/><T32/><D32/><U95/><E80/><V96/><F76/><W122/><G122/><T21/><D21/><U71/><E71/><V11/><F11/><W104/><G104/><T35/><D35/><U28/><E28/><V83/><F106/><W43/><G43/><T9/><D9/><U98/><AGARI ba="0,0" hai="91,95,98,126,127" m="51819,63631,46667" machi="98" ten="40,7800,0" yaku="20,1,34,2" doraHai="67" who="1" fromWho="1" sc="328,-26,289,78,159,-26,224,-26" /><INIT seed="1,1,0,1,2,7" ten="302,367,133,198" oya="1" hai0="99,123,55,50,43,4,111,120,27,82,42,85,22" hai1="66,57,93,96,95,112,9,17,72,53,118,40,122" hai2="80,110,94,30,84,26,12,69,129,6,36,124,89" hai3="119,46,31,73,133,87,117,44,86,59,97,52,5"/><U24/><E122/><N who="0" m="46633" /><D4/><U51/><E72/><V18/><F110/><W102/><G73/><T109/><D99/><U113/><E118/><N who="3" m="45066" /><G31/><N who="0" m="17911" /><D43/><U56/><E40/><V108/><F108/><W14/><G133/><T88/><D42/><U11/><E112/><V25/><F6/><W74/><G74/><T45/><AGARI ba="1,0" hai="45,50,55,82,85,88,109,111" m="17911,46633" machi="45" ten="30,2000,0" yaku="13,1,54,1" doraHai="7" who="0" fromWho="0" sc="302,23,367,-11,133,-6,198,-6" /><INIT seed="2,0,0,0,1,63" ten="325,356,127,192" oya="2" hai0="117,108,123,70,54,127,35,76,51,21,111,26,15" hai1="30,41,91,53,133,99,105,68,42,0,38,129,125" hai2="24,102,6,96,118,11,46,114,40,44,128,16,89" hai3="103,22,48,8,23,43,19,29,5,18,34,106,88"/><V113/><F118/><W13/><G106/><T116/><D76/><U17/><E30/><V95/><F128/><W71/><G103/><T119/><D35/><U79/><E17/><V33/><F102/><W9/><G71/><T120/><D15/><U62/><E53/><V12/><F46/><W77/><G77/><T45/><D26/><U58/><E0/><V94/><F94/><W20/><G48/><T83/><D83/><U84/><E58/><V61/><F61/><W122/><G88/><T100/><D21/><N who="3" m="7689" /><G43/><T57/><D100/><U52/><E99/><V55/><F55/><W1/><G122/><N who="0" m="46635" /><D70/><U14/><E68/><V27/><F6/><N who="3" m="1103" /><G34/><T67/><D127/><U37/><E79/><V66/><F66/><W98/><G98/><T7/><D7/><U97/><E97/><V65/><F65/><W104/><G104/><T56/><D67/><U110/><E105/><V82/><F82/><W115/><G115/><T109/><AGARI ba="0,0" hai="45,51,54,56,57,108,109,111,116,117,119" m="46635" machi="109" ten="50,8000,1" yaku="14,1,12,1,34,2" doraHai="63" who="0" fromWho="0" sc="325,80,356,-20,127,-40,192,-20" /><INIT seed="3,0,0,0,2,64" ten="405,336,87,172" oya="3" hai0="105,117,95,97,130,23,87,19,132,31,102,99,49" hai1="17,24,57,48,34,89,16,116,15,62,60,128,66" hai2="53,25,119,28,84,61,7,134,8,26,67,43,36" hai3="76,83,11,39,46,79,118,55,115,121,114,29,126"/><W131/><G118/><T100/><D117/><U65/><E128/><V70/><F119/><W37/><G29/><T90/><D31/><U59/><E116/><V68/><F134/><W30/><G30/><T82/><D49/><U111/><E111/><V107/><F26/><W113/><G11/><T122/><D23/><U74/><E74/><V20/><F107/><W112/><G112/><T91/><D19/><U38/><E38/><V133/><F133/><W0/><G0/><T1/><D1/><U73/><E73/><V124/><F124/><W103/><G121/><T96/><D122/><U21/><E34/><V135/><F135/><W52/><G103/><N who="0" m="62695" /><D132/><U45/><E89/><V88/><F53/><W127/><G83/><T106/><D130/><U125/><E125/><N who="3" m="47626" /><G131/><T9/><D9/><U10/><REACH who="1" step="1"/><E48/><REACH who="1" ten="405,326,87,172" step="2"/><V129/><F129/><W58/><G79/><AGARI ba="0,1" hai="79,82,87,90,91,95,97,99,100,102,106" m="62695" machi="79" ten="30,8000,1" yaku="35,5" doraHai="64" who="0" fromWho="3" sc="405,90,326,0,87,0,172,-80" /><INIT seed="4,0,0,1,5,10" ten="495,326,87,92" oya="0" hai0="83,6,102,107,39,88,21,134,96,127,87,109,72" hai1="49,79,73,91,16,45,68,65,35,22,76,86,121" hai2="66,55,54,33,80,59,4,132,57,85,42,92,100" hai3="25,13,34,7,126,37,24,28,41,17,133,26,8"/><T77/><D39/><U112/><E35/><V61/><F132/><W70/><G70/><T125/><D6/><U51/><E121/><V63/><F33/><W129/><G37/><T95/><D21/><U75/><E68/><V101/><F42/><W71/><G41/><T47/><D47/><U31/><E65/><V82/><F66/><W18/><G71/><T108/><D134/><U94/><E31/><V113/><F113/><W128/><G133/><T99/><D99/><U116/><E116/><V14/><F92/><W15/><G126/><AGARI ba="0,0" hai="72,77,83,87,88,95,96,102,107,108,109,125,126,127" machi="126" ten="40,18000,2" yaku="24,2,18,1,34,3,54,1" doraHai="10" who="0" fromWho="3" sc="495,180,326,0,87,0,92,-180" owari="675,77.0,326,13.0,87,-31.0,-88,-59.0" /></mjloggm>