<mjloggm ver="2.3"><GO type="41" lobby="0"/><UN n0="%E3%82%80%E3%81%BF%E3%81%99%E3%81%91" n1="%E5%B7%A8%E7%A5%9E%E3%82%A2%E3%83%AB%E3%82%B9" n2="%61%6B%2D%6D%65%74%61%6C" n3="%E2%93%9D%53%75%70%68%78" dan="14,13,13,19" rate="1925.00,1809.61,2093.28,2136.13" sx="M,M,M,M"/><TAIKYOKU oya="0"/><INIT seed="0,0,0,4,5,113" ten="250,250,250,250" oya="0" hai0="29,131,107,77,50,88,35,13,104,123,8,65,6" hai1="122,82,54,55,128,61,121,30,41,98,110,39,132" hai2="130,63,69,112,129,108,70,11,116,81,58,66,96" hai3="85,78,67,90,49,124,23,12,19,117,52,3,25"/><T40/><D123/><U101/><E110/><V15/><F108/><W24/><G124/><T47/><D131/><U103/><E128/><N who="2" m="49259" /><F112/><W135/><G135/><T97/><D65/><U106/><E132/><V92/><F81/><W36/><G36/><T64/><D64/><U68/><E30/><V127/><F127/><W71/><G3/><T134/><D134/><U31/><E82/><V100/><F116/><W80/><G117/><T53/><D53/><U38/><E31/><V109/><F109/><W115/><G115/><T111/><D111/><U26/><E26/><V2/><F2/><W94/><G71/><T59/><D59/><U14/><E68/><V73/><F73/><W114/><G67/><T20/><D35/><U120/><E120/><V28/><F28/><W42/><G42/><T37/><D37/><U60/><E41/><V46/><F46/><W91/><G91/><T7/><D7/><AGARI ba="0,0" hai="7,11,15,58,63,66,69,70,92,96,100" m="49259" machi="7" ten="30,1000,0" yaku="19,1" doraHai="113" who="2" fromWho="0" sc="250,-10,250,0,250,10,250,0" /><INIT seed="1,0,0,1,3,34" ten="240,250,260,250" oya="1" hai0="52,102,99,28,109,125,33,60,64,11,22,81,93" hai1="35,29,91,56,37,70,104,69,107,67,9,27,94" hai2="47,130,73,63,32,15,23,128,54,45,76,87,75" hai3="88,127,95,68,77,135,50,61,83,126,0,90,110"/><U44/><E9/><V96/><F32/><W121/><G121/><T57/><D109/><U100/><E56/><V16/><F96/><W41/><G110/><T98/><D125/><N who="3" m="47625" /><G135/><T4/><D33/><U43/><E100/><V103/><F103/><W116/><G116/><T59/><D81/><U58/><E58/><V7/><F7/><W82/><G41/><T49/><D98/><U65/><E65/><V113/><F113/><W53/><G83/><T124/><D124/><U97/><REACH who="1" step="1"/><E67/><REACH who="1" ten="240,240,260,250" step="2"/><V8/><F8/><W106/><G68/><AGARI ba="0,1" hai="27,29,35,37,43,44,68,69,70,91,94,97,104,107" machi="68" ten="40,7700,0" yaku="1,1,2,1,53,1" doraHai="34" doraHaiUra="38" who="1" fromWho="3" sc="240,0,240,87,260,0,250,-77" /><INIT seed="1,1,0,0,2,127" ten="240,327,260,173" oya="1" hai0="81,60,2,20,72,33,77,37,13,130,109,5,97" hai1="44,119,126,102,74,31,108,7,26,15,9,125,79" hai2="55,71,54,51,49,70,61,78,117,65,0,131,19" hai3="91,105,40,100,28,82,23,113,64,122,34,86,121"/><U50/><E119/><V94/><F0/><W30/><G113/><T29/><D109/><U67/><E108/><V89/><F78/><W8/><G34/><T41/><D97/><U93/><E67/><V73/><F73/><W46/><G64/><T111/><D111/><U45/><E79/><V63/><F117/><W43/><G43/><T107/><D60/><U39/><E39/><V134/><F71/><W53/><G53/><T104/><D20/><U36/><E36/><V22/><F61/><W48/><G105/><T32/><D13/><U129/><E74/><V87/><F134/><W90/><G100/><T88/><D88/><U62/><E62/><V17/><F17/><W116/><G116/><T112/><D112/><U14/><E14/><V98/><F98/><W59/><G122/><T3/><D29/><U16/><E7/><V83/><F83/><W11/><G121/><T120/><D120/><U58/><E58/><V21/><F21/><W110/><G59/><T92/><D92/><U114/><E93/><V96/><F96/><W123/><G110/><T57/><D57/><U66/><E102/><V115/><F115/><W18/><G91/><T132/><D132/><U6/><E6/><V24/><F51/><W99/><G123/><T35/><D130/><U27/><E129/><V118/><F131/><W56/><G56/><T103/><D103/><U68/><E68/><V25/><F118/><W80/><G80/><T85/><D85/><U47/><E66/><V95/><F65/><W128/><G128/><T84/><D84/><U42/><E114/><V135/><F135/><RYUUKYOKU ba="1,0" sc="240,0,327,0,260,0,173,0" /><INIT seed="2,2,0,5,5,69" ten="240,327,260,173" oya="2" hai0="52,116,45,97,101,79,105,132,121,10,34,117,135" hai1="89,35,4,68,25,21,0,48,20,3,53,99,112" hai2="65,6,85,114,29,74,109,120,42,91,55,127,67" hai3="70,125,9,81,44,129,63,90,15,13,88,84,77"/><V31/><F120/><W94/><G129/><T38/><D121/><U28/><E112/><V62/><F74/><W66/><G125/><T98/><D79/><U93/><E68/><V51/><F127/><W133/><G133/><N who="0" m="51275" /><D10/><U110/><E110/><V12/><F114/><W86/><G9/><T23/><D23/><U36/><E36/><V8/><F109/><W118/><G118/><N who="0" m="45675" /><D97/><U80/><E4/><V87/><F87/><W64/><G64/><N who="2" m="24649" /><F42/><W47/><REACH who="3" step="1"/><G77/><REACH who="3" ten="240,327,260,163" step="2"/><T18/><D34/><U72/><E0/><V100/><F100/><W57/><G57/><T54/><D18/><U108/><E3/><V61/><F29/><W78/><G78/><T30/><D30/><U19/><E108/><V50/><F31/><W75/><G75/><T107/><D107/><U76/><E19/><V106/><F106/><W7/><G7/><T83/><D83/><U115/><E115/><V126/><F126/><W39/><G39/><T46/><D46/><AGARI ba="2,1" hai="20,21,25,28,35,46,48,53,72,76,80,89,93,99" machi="46" ten="30,1000,0" yaku="7,1" doraHai="69" who="1" fromWho="0" sc="240,-16,327,26,260,0,163,0" /><AGARI ba="2,0" hai="13,15,44,46,47,63,66,70,81,84,86,88,90,94" machi="46" ten="40,8000,1" yaku="1,1,54,1,53,3" doraHai="69" doraHaiUra="41" who="3" fromWho="0" sc="224,-80,353,0,260,0,163,80" /><INIT seed="3,0,0,1,1,92" ten="144,353,260,243" oya="3" hai0="54,75,124,130,80,129,102,16,25,95,90,39,87" hai1="111,53,76,43,19,52,113,10,127,46,26,94,107" hai2="115,96,83,8,34,37,27,22,112,62,60,118,18" hai3="74,126,36,73,50,121,105,38,67,103,13,123,97"/><W1/><G50/><T120/><D39/><N who="3" m="14889" /><G13/><T15/><D120/><N who="3" m="46153" /><G67/><T117/><D117/><U85/><E113/><V86/><F37/><W2/><G126/><T59/><D124/><U88/><E107/><V119/><F8/><W134/><G134/><T84/><D75/><AGARI ba="0,0" hai="1,2,73,74,75,97,103,105" m="46153,14889" machi="75" ten="40,3900,0" yaku="23,1,52,1" doraHai="92" who="3" fromWho="0" sc="144,-39,353,0,260,0,243,39" /><INIT seed="3,1,0,3,3,25" ten="105,353,260,282" oya="3" hai0="85,69,77,99,86,84,12,35,126,125,133,94,42" hai1="10,73,118,20,111,56,66,97,21,47,16,92,122" hai2="14,104,106,52,38,120,110,17,50,8,1,0,74" hai3="6,90,37,68,3,27,60,91,131,109,130,4,51"/><W7/><G37/><T57/><D69/><U39/><E122/><V96/><F38/><W15/><G3/><T78/><D42/><U115/><E115/><V34/><F74/><W64/><G15/><T44/><D44/><U26/><E111/><V127/><F120/><W81/><G109/><T119/><D35/><U65/><E73/><V45/><F110/><W113/><G113/><T11/><D57/><U88/><E118/><V55/><F34/><W95/><G81/><T108/><D11/><U46/><E39/><V114/><F114/><W132/><G132/><T13/><D108/><U107/><E10/><V54/><F127/><N who="0" m="48650" /><D119/><U58/><E107/><V24/><F24/><W32/><G51/><T5/><D5/><U76/><E76/><N who="0" m="29289" /><D133/><U33/><E33/><V61/><F106/><W23/><G32/><T117/><D117/><U59/><E20/><V93/><F104/><W9/><G9/><T101/><AGARI ba="1,0" hai="12,13,84,85,86,94,99,101" m="29289,48650" machi="101" ten="40,1500,0" yaku="18,1" doraHai="25" who="0" fromWho="0" sc="105,18,353,-5,260,-5,282,-8" /><INIT seed="4,0,0,4,1,32" ten="123,348,255,274" oya="0" hai0="37,109,93,103,100,53,130,117,2,9,73,120,78" hai1="85,43,65,30,112,69,5,98,62,19,132,77,114" hai2="16,24,67,38,89,95,12,4,52,27,48,115,101" hai3="129,116,40,87,104,42,25,90,34,74,54,45,7"/><T58/><D58/><U57/><E132/><V1/><F38/><W82/><G104/><T75/><D53/><U133/><E133/><V46/><F115/><N who="1" m="44073" /><E19/><V126/><F126/><W102/><G129/><T108/><D37/><U91/><E43/><V6/><F67/><W33/><G102/><N who="0" m="38955" /><D9/><U51/><E30/><V80/><F101/><W36/><G116/><T60/><D60/><U18/><E18/><V29/><F80/><W81/><G42/><T22/><D22/><U92/><E5/><N who="2" m="2155" /><F1/><W10/><G54/><T119/><D2/><U11/><E11/><N who="2" m="6175" /><F29/><W79/><REACH who="3" step="1"/><G25/><REACH who="3" ten="123,348,255,264" step="2"/><T72/><D120/><U97/><E65/><V76/><F76/><W134/><G134/><T49/><D130/><U125/><E125/><V44/><F44/><W71/><G71/><T26/><D26/><U86/><E69/><V17/><F17/><W50/><G50/><T47/><D49/><U113/><E51/><V68/><F68/><W118/><G118/><N who="0" m="45067" /><D47/><U15/><E113/><V20/><F20/><W135/><G135/><T70/><D70/><U84/><E15/><AGARI ba="0,1" hai="7,10,15,33,34,36,40,45,74,79,81,82,87,90" machi="15" ten="30,2000,0" yaku="1,1,7,1,53,0" doraHai="32" doraHaiUra="122" who="3" fromWho="1" sc="123,0,348,-20,255,0,264,30" /><INIT seed="5,0,0,1,0,34" ten="123,328,255,294" oya="1" hai0="74,17,35,75,71,9,113,0,105,30,52,60,36" hai1="4,1,32,79,15,90,119,26,103,66,73,39,88" hai2="10,49,14,135,68,134,93,46,72,123,98,132,43" hai3="6,91,124,42,126,102,129,96,8,22,120,76,50"/><U108/><E119/><V64/><F123/><W54/><G120/><T57/><D113/><U38/><E103/><V2/><F72/><W78/><G42/><T133/><D133/><U110/><E66/><V101/><F68/><W63/><G91/><N who="1" m="34858" /><E15/><V59/><F59/><W125/><G22/><T86/><D36/><U89/><N who="1" m="34866" /><U20/><DORA hai="47" /><E32/><V69/><F69/><W16/><G63/><T128/><D86/><U121/><E121/><V13/><F64/><W112/><G129/><T48/><D128/><U40/><E40/><V62/><F62/><W82/><G112/><T31/><D105/><U97/><E97/><V25/><F25/><W109/><G109/><N who="1" m="42090" /><E79/><V99/><F99/><W111/><G78/><T58/><D71/><U5/><E73/><V28/><F28/><W80/><G111/><T55/><D31/><N who="1" m="17863" /><E5/><AGARI ba="0,0" hai="2,5,10,13,14,43,46,49,93,98,101,132,134,135" machi="5" ten="40,5200,0" yaku="20,1,52,2" doraHai="34,47" who="2" fromWho="1" sc="123,0,328,-52,255,52,294,0" /><INIT seed="6,0,0,4,1,89" ten="123,276,307,294" oya="2" hai0="1,121,70,105,110,61,99,44,109,104,135,14,130" hai1="91,120,33,53,84,39,8,85,107,13,111,29,42" hai2="51,40,90,98,74,134,112,59,79,76,100,58,103" hai3="25,24,95,54,52,38,57,5,16,124,60,72,64"/><V118/><F118/><W46/><G72/><T67/><D14/><U28/><E111/><V119/><F119/><W20/><G124/><T2/><D121/><U92/><E107/><V86/><F134/><W80/><G80/><T114/><D44/><U73/><E73/><V41/><F112/><W63/><G5/><T62/><D114/><U49/><E120/><V36/><F36/><W23/><G95/><T87/><D87/><U31/><E39/><V94/><F74/><W126/><G126/><T65/><D135/><U97/><E42/><N who="2" m="16491" /><F51/><N who="3" m="28791" /><G38/><T78/><D78/><N who="2" m="29738" /><F103/><W127/><G127/><T35/><D130/><U9/><E33/><V17/><F17/><N who="3" m="12303" /><G64/><T106/><D35/><U113/><E113/><V4/><F4/><W48/><AGARI ba="0,0" hai="16,23,25,48,54,57,60,63" m="12303,28791" machi="48" ten="30,4000,0" yaku="8,1,54,2" doraHai="89" who="3" fromWho="3" sc="123,-10,276,-10,307,-20,294,40" /><INIT seed="7,0,0,3,3,6" ten="113,266,287,334" oya="3" hai0="62,47,20,27,88,5,86,84,24,101,90,49,89" hai1="94,87,124,10,2,59,98,4,17,85,104,51,130" hai2="112,122,28,105,97,77,22,38,45,14,18,60,56" hai3="67,52,72,53,8,121,9,15,114,103,48,99,108"/><W106/><G121/><T42/><D101/><U107/><E130/><V0/><F0/><W91/><G72/><T1/><D1/><U11/><E124/><V118/><F118/><W46/><G114/><T95/><D62/><U61/><E51/><V13/><F77/><W113/><G108/><T36/><D36/><U32/><E32/><V66/><F28/><W92/><G113/><T55/><D5/><U7/><E17/><V35/><F35/><W132/><G132/><T68/><D68/><U63/><E94/><V109/><F112/><W79/><G67/><T57/><D42/><U134/><E134/><V74/><F74/><W116/><G116/><T96/><D47/><U31/><E31/><V40/><F122/><W41/><G79/><T125/><D125/><U50/><E50/><V33/><F33/><W30/><G30/><T83/><D24/><U80/><E98/><V128/><F128/><W43/><G43/><T135/><D135/><U129/><E129/><V58/><F109/><W123/><G123/><T93/><D83/><U78/><E87/><V25/><REACH who="2" step="1"/><F58/><REACH who="2" ten="113,266,277,334" step="2"/><W110/><G110/><T126/><D126/><U73/><E73/><V23/><F23/><W75/><G75/><T37/><D37/><U44/><E44/><V64/><F64/><W70/><G46/><T54/><D54/><U81/><E61/><V111/><F111/><W69/><G53/><T39/><D39/><U131/><E131/><V12/><F12/><W65/><G65/><T71/><D71/><U21/><E21/><V82/><F82/><W3/><G70/><T127/><D127/><RYUUKYOKU ba="0,1" sc="113,-10,266,-10,277,30,334,-10" hai2="13,14,18,22,25,38,40,45,56,60,66,97,105" owari="103,-40.0,256,-14.0,307,11.0,334,43.0" /></mjloggm>