<mjloggm ver="2.3"><GO type="41" lobby="0"/><UN n0="%E3%83%8B%E3%83%A3%E3%83%B3%E3%82%BF%E5%85%88%E7%94%9F" n1="%E3%81%86%E3%81%95%E3%81%A1%E3%81%83" n2="%E7%8C%AB%EF%BC%98%E5%8C%B9" n3="%E2%93%9D%53%75%70%68%78" dan="15,13,13,19" rate="1993.07,1876.05,1826.33,2131.14" sx="M,M,M,M"/><TAIKYOKU oya="0"/><INIT seed="0,0,0,4,1,75" ten="250,250,250,250" oya="0" hai0="22,32,1,42,118,65,121,82,87,53,30,31,131" hai1="39,69,133,13,91,93,12,95,96,43,19,123,81" hai2="126,105,41,72,110,68,24,114,58,102,55,85,73" hai3="33,27,10,116,84,115,108,0,14,89,64,17,113"/><T97/><D1/><U74/><E123/><V79/><F110/><W76/><G116/><T66/><D121/><U86/><E133/><V36/><F126/><W117/><G117/><T38/><D118/><U111/><E69/><V45/><F114/><W62/><G108/><T40/><D131/><U80/><E39/><V6/><F6/><W106/><G106/><T7/><D7/><U78/><E43/><V59/><F59/><W23/><G33/><T61/><D32/><U21/><E111/><V104/><F68/><W99/><G99/><T109/><D109/><U71/><E71/><V83/><F24/><W98/><G0/><T5/><D5/><U18/><REACH who="1" step="1"/><E96/><REACH who="1" ten="250,240,250,250" step="2"/><V130/><F130/><W124/><G98/><T122/><D97/><U107/><E107/><V112/><F105/><W49/><G115/><T57/><D122/><U11/><AGARI ba="0,1" hai="11,12,13,18,19,21,74,78,80,81,86,91,93,95" machi="11" ten="20,5200,0" yaku="1,1,0,1,7,1,52,1,53,0" doraHai="75" doraHaiUra="63" who="1" fromWho="1" sc="250,-26,240,62,250,-13,250,-13" /><INIT seed="1,0,0,5,1,56" ten="224,302,237,237" oya="1" hai0="114,117,43,90,47,113,6,105,109,110,95,10,5" hai1="133,93,116,121,98,49,111,37,46,33,81,30,73" hai2="128,107,120,25,27,11,12,24,82,21,112,4,94" hai3="32,71,125,65,80,108,77,20,102,28,14,99,135"/><U84/><E121/><V13/><F107/><W131/><G108/><N who="0" m="41579" /><D105/><U87/><E116/><V53/><F120/><W26/><G131/><T103/><D117/><U8/><E133/><V83/><F128/><W22/><G125/><T92/><D103/><U76/><E37/><V60/><F112/><N who="0" m="43114" /><D90/><U106/><E111/><V69/><F94/><N who="0" m="35882" /><D10/><U129/><E106/><V100/><F100/><W101/><G101/><T126/><D126/><U42/><E129/><V45/><F45/><W89/><G89/><T85/><D85/><U62/><E8/><V23/><F69/><W36/><G102/><T0/><D0/><U1/><E1/><V55/><F55/><W88/><G88/><T70/><D70/><U122/><E98/><V72/><F72/><W74/><G99/><T57/><D57/><U86/><E93/><V3/><F3/><W58/><G58/><T15/><D15/><U118/><E118/><V44/><F44/><W67/><G14/><T75/><D75/><U130/><E130/><V41/><F13/><W78/><G71/><T61/><D61/><U68/><E68/><V17/><F23/><W124/><G22/><T48/><AGARI ba="0,0" hai="5,6,43,47,48" m="35882,43114,41579" machi="48" ten="40,1500,0" yaku="14,1" doraHai="56" who="0" fromWho="0" sc="224,15,302,-7,237,-4,237,-4" /><INIT seed="2,0,0,1,0,6" ten="239,295,233,233" oya="2" hai0="1,94,124,114,90,0,27,42,78,117,107,91,133" hai1="85,109,112,130,16,25,39,30,122,100,43,23,123" hai2="36,116,77,41,101,13,40,96,21,4,129,86,98" hai3="79,97,55,73,61,71,70,15,131,24,60,72,126"/><V46/><F116/><W22/><G131/><T111/><D107/><U92/><E112/><V88/><F129/><W121/><G121/><N who="1" m="46090" /><E130/><V35/><F35/><W120/><G126/><T8/><D124/><U31/><E39/><V132/><F132/><W48/><G97/><T54/><D133/><U59/><E43/><V65/><F65/><W93/><G93/><T62/><D117/><U104/><E104/><V76/><F41/><W125/><G79/><T84/><D114/><U69/><E69/><V20/><F20/><W67/><G125/><T28/><D111/><U74/><E74/><V14/><F14/><W2/><G15/><T106/><D42/><U118/><E118/><V10/><F21/><W103/><G2/><T3/><D106/><U64/><E109/><V57/><F57/><W95/><G120/><T119/><D119/><U38/><E38/><V47/><F46/><W127/><G127/><T51/><D62/><N who="1" m="37983" /><E100/><V34/><F34/><W45/><G61/><T19/><D78/><U102/><E102/><V52/><F52/><W29/><G71/><T63/><D63/><U11/><E11/><V53/><F53/><W80/><G103/><T26/><D91/><AGARI ba="0,0" hai="16,23,25,30,31,85,91,92" m="37983,46090" machi="91" ten="30,2000,0" yaku="13,1,54,1" doraHai="6" who="1" fromWho="0" sc="239,-20,295,20,233,0,233,0" /><INIT seed="3,0,0,5,2,89" ten="219,315,233,233" oya="3" hai0="97,38,104,39,113,127,59,130,115,50,54,101,123" hai1="25,40,83,51,19,86,64,9,119,70,31,57,81" hai2="7,107,24,122,47,121,129,61,45,46,106,65,96" hai3="23,22,111,78,60,85,13,66,2,103,6,75,116"/><W44/><G116/><T30/><D123/><U114/><E70/><V100/><F7/><W87/><G2/><T3/><D3/><U124/><E124/><V58/><F107/><W133/><G75/><T93/><D127/><U98/><E114/><N who="0" m="43529" /><D130/><U120/><E120/><V126/><F126/><W35/><G35/><T94/><D30/><U33/><E40/><V27/><F129/><W41/><G133/><T77/><D77/><U12/><E119/><V15/><F15/><W118/><G111/><T1/><D1/><U21/><E86/><V62/><F121/><W14/><G87/><T4/><D4/><U28/><E28/><V92/><F122/><W79/><G118/><T132/><D132/><U63/><E51/><V43/><F43/><W95/><G79/><T73/><D73/><U32/><E32/><V18/><F18/><W29/><G78/><T112/><N who="0" m="43537" /><T131/><DORA hai="8" /><D131/><U69/><E69/><V125/><F125/><W117/><G6/><T17/><D17/><U49/><E49/><V134/><F134/><W10/><G29/><T90/><D104/><U0/><E98/><AGARI ba="0,0" hai="38,39,50,54,59,90,93,94,97,98,101" m="43537" machi="98" ten="40,5200,0" yaku="11,1,52,2" doraHai="89,8" who="0" fromWho="1" sc="219,52,315,-52,233,0,233,0" /><INIT seed="4,0,0,4,5,72" ten="271,263,233,233" oya="0" hai0="118,75,67,62,112,3,127,88,108,8,132,35,36" hai1="86,81,40,125,49,95,94,131,47,71,69,133,130" hai2="103,111,102,14,101,24,90,134,84,93,53,70,78" hai3="42,59,15,129,92,51,39,43,117,56,73,114,74"/><T68/><RYUUKYOKU type="yao9" ba="0,0" sc="271,0,263,0,233,0,233,0" hai0="3,8,35,36,62,67,68,75,88,108,112,118,127,132" /><INIT seed="4,1,0,0,2,100" ten="271,263,233,233" oya="0" hai0="130,110,89,114,74,97,85,105,9,68,98,4,35" hai1="123,14,52,47,131,95,120,37,58,84,132,27,113" hai2="125,117,20,61,87,96,76,69,80,5,51,55,57" hai3="63,10,79,106,104,43,54,19,118,134,73,59,119"/><T30/><D68/><U94/><E131/><V103/><F125/><W13/><G134/><T46/><D74/><U23/><E132/><V34/><F117/><W124/><G124/><T62/><D130/><U75/><E75/><V91/><F5/><W70/><G43/><T6/><D114/><U15/><E113/><V112/><F112/><W86/><G73/><T41/><D62/><U92/><E120/><V99/><F34/><W17/><G70/><T115/><D115/><U111/><E123/><V39/><F39/><W45/><G45/><T11/><D110/><U16/><E111/><V8/><F8/><W126/><G126/><T77/><D77/><U93/><E37/><V135/><F135/><W56/><G19/><T82/><D30/><U49/><E47/><V109/><F109/><W88/><G79/><T127/><D35/><U81/><REACH who="1" step="1"/><E95/><REACH who="1" ten="271,253,233,233" step="2"/><V21/><F76/><AGARI ba="1,1" hai="14,15,16,23,27,49,52,58,76,81,84,92,93,94" machi="76" ten="40,8000,1" yaku="1,1,2,1,8,1,54,2,53,0" doraHai="100" doraHaiUra="107" who="1" fromWho="2" sc="271,0,253,93,233,-83,233,0" /><INIT seed="5,0,0,5,5,18" ten="271,346,150,233" oya="1" hai0="29,8,117,51,108,135,91,66,47,36,48,26,49" hai1="55,124,74,85,89,130,102,115,56,60,1,20,82" hai2="38,109,125,107,95,50,113,28,63,52,6,103,70" hai3="37,27,83,22,110,32,23,19,64,101,2,65,96"/><U119/><E119/><V127/><F38/><W84/><G32/><T132/><D117/><U10/><E115/><V133/><F107/><W99/><G2/><T87/><D108/><U118/><E118/><V90/><F6/><W126/><G37/><T3/><D66/><N who="3" m="25705" /><G126/><N who="2" m="48137" /><F103/><W39/><G39/><T16/><D36/><U128/><E74/><V54/><F28/><N who="3" m="17527" /><G101/><T5/><D47/><U86/><E102/><V100/><F100/><W45/><G45/><T11/><D11/><U105/><E105/><V9/><F9/><W88/><G110/><T129/><D129/><U122/><E122/><V78/><F78/><W73/><G73/><T33/><REACH who="0" step="1"/><D16/><REACH who="0" ten="261,346,150,233" step="2"/><U97/><E124/><V46/><F109/><W120/><G120/><T106/><D106/><U41/><E10/><V79/><F70/><W62/><G62/><T80/><AGARI ba="0,1" hai="3,5,8,26,29,33,48,49,51,80,87,91,132,135" machi="80" ten="30,4000,0" yaku="1,1,0,1,53,1" doraHai="18" doraHaiUra="76" who="0" fromWho="0" sc="261,50,346,-20,150,-10,233,-10" /><INIT seed="6,0,0,4,1,71" ten="311,326,140,223" oya="2" hai0="18,66,51,103,122,56,64,21,22,112,10,2,79" hai1="26,70,65,116,119,85,14,15,62,75,98,114,80" hai2="78,23,54,82,4,33,28,5,58,17,46,76,67" hai3="1,100,32,121,12,126,118,130,59,49,133,34,52"/><V86/><F76/><W101/><G118/><T106/><D122/><U132/><E114/><V48/><F28/><W53/><G1/><T120/><D112/><U88/><E75/><V6/><F33/><W107/><G121/><T97/><D120/><U69/><E69/><V60/><REACH who="2" step="1"/><F4/><REACH who="2" ten="311,326,130,223" step="2"/><W93/><G34/><T16/><D79/><U7/><E119/><V45/><F45/><W125/><G32/><T89/><D2/><U135/><E7/><V27/><AGARI ba="0,1" hai="5,6,17,23,27,46,48,54,58,60,67,78,82,86" machi="27" ten="20,12000,1" yaku="1,1,0,1,7,1,8,1,53,1" doraHai="71" doraHaiUra="47" who="2" fromWho="2" sc="311,-40,326,-40,130,130,223,-40" /><INIT seed="6,1,0,4,1,92" ten="271,286,260,183" oya="2" hai0="31,117,32,1,124,112,46,33,134,23,73,85,119" hai1="69,103,53,14,105,80,74,128,118,130,88,21,127" hai2="28,70,75,91,126,115,13,0,39,110,36,99,27" hai3="51,30,24,43,58,59,64,82,113,61,16,44,100"/><V122/><F122/><W83/><G113/><T47/><D73/><U68/><E118/><N who="0" m="45065" /><D1/><U135/><E53/><V102/><F91/><W52/><G100/><T6/><D112/><U57/><E57/><V4/><F115/><W42/><G42/><T18/><D134/><U95/><E135/><V131/><F13/><W12/><G24/><T38/><D6/><U60/><E60/><V129/><F126/><W62/><REACH who="3" step="1"/><G30/><REACH who="3" ten="271,286,260,173" step="2"/><T40/><D31/><U63/><E127/><V7/><F27/><W111/><G111/><T104/><D124/><U49/><E103/><V81/><F28/><W45/><G45/><T97/><D46/><U17/><E128/><N who="2" m="49227" /><F110/><W54/><G54/><T89/><D47/><U93/><E130/><V56/><F70/><W120/><G120/><T114/><D40/><U67/><E69/><V133/><F133/><W108/><G108/><T55/><D55/><U20/><E68/><V19/><F56/><W10/><AGARI ba="1,1" hai="10,12,16,43,44,51,52,58,59,61,62,64,82,83" machi="10" ten="20,12000,2" yaku="1,1,0,1,7,1,8,1,54,2,53,1" doraHai="92" doraHaiUra="41" who="3" fromWho="3" sc="271,-31,286,-31,260,-61,173,133" /><INIT seed="7,0,0,5,0,21" ten="240,255,199,306" oya="3" hai0="8,24,12,109,133,32,71,7,107,126,76,113,47" hai1="81,40,108,10,53,2,131,29,119,99,18,83,3" hai2="90,106,134,58,115,103,31,65,123,19,43,56,30" hai3="98,66,36,110,78,33,59,125,45,102,132,97,70"/><W50/><G98/><T37/><D71/><U105/><E108/><V120/><F43/><W6/><G6/><T35/><D109/><U11/><E40/><V129/><F19/><W49/><G125/><T55/><D107/><U91/><E29/><V54/><F90/><W85/><G132/><T60/><D76/><U80/><E119/><V101/><F106/><W68/><G33/><T9/><D126/><U116/><E116/><V26/><F65/><W39/><G85/><T20/><D113/><U63/><E131/><V72/><F72/><W57/><G97/><T77/><D77/><U46/><E105/><V14/><F14/><W135/><G102/><T34/><D37/><N who="3" m="14409" /><G135/><T15/><D133/><U5/><E18/><V84/><F84/><W4/><G4/><T0/><D0/><U127/><E3/><V73/><F73/><W86/><G86/><T16/><D47/><U121/><E121/><V79/><F79/><W100/><G100/><T74/><D74/><U52/><E2/><V28/><F134/><W64/><G78/><T41/><D41/><U27/><E5/><V61/><F115/><W17/><G70/><T38/><D38/><U93/><E127/><V128/><F31/><W122/><G68/><T111/><D111/><U118/><E118/><V69/><F69/><W104/><G110/><T48/><D32/><U94/><E94/><V89/><F89/><W62/><G104/><T82/><D82/><U96/><E96/><V95/><F95/><W75/><G75/><T117/><D117/><U44/><E99/><V22/><F129/><W114/><G114/><RYUUKYOKU ba="0,0" sc="240,0,255,0,199,0,306,0" owari="240,-16.0,255,6.0,199,-30.0,306,40.0" /></mjloggm>