<mjloggm ver="2.3"><GO type="41" lobby="0"/><UN n0="%E3%81%AF%E3%82%84%E3%81%97%E3%81%BF%E3%81%95%E3%81%8D" n1="%E5%B7%9D%E8%B0%B7%E5%8D%83%E5%B0%8B" n2="%E2%93%9D%53%75%70%68%78" n3="%E3%83%9C%E3%83%AB%E3%82%BF" dan="16,14,19,15" rate="2032.13,2048.82,2214.76,2074.79" sx="M,M,M,M"/><TAIKYOKU oya="0"/><INIT seed="0,0,0,1,0,118" ten="250,250,250,250" oya="0" hai0="11,114,69,24,128,68,34,14,1,75,35,66,77" hai1="121,42,18,113,90,80,47,133,112,10,60,57,85" hai2="110,25,28,102,125,17,43,32,97,8,115,87,3" hai3="45,41,31,108,21,79,120,9,13,73,26,107,134"/><T124/><D114/><N who="1" m="44139" /><E133/><V101/><F110/><W51/><G107/><T55/><D55/><N who="1" m="33855" /><E10/><V65/><F125/><W72/><G108/><T53/><D53/><U37/><E18/><V30/><F43/><W49/><G134/><T135/><D135/><U15/><E15/><V99/><F87/><W91/><G91/><T111/><D111/><U98/><E98/><V6/><F65/><W23/><G23/><T63/><D124/><U52/><E52/><V123/><F30/><W5/><G49/><T109/><D109/><U95/><E95/><V76/><F115/><W71/><G71/><N who="0" m="42463" /><D14/><U82/><E82/><V104/><F17/><W129/><G129/><T64/><D128/><U40/><E40/><V84/><F102/><W20/><G20/><T122/><D122/><AGARI ba="0,0" hai="37,42,47,80,85,90,121,122" m="33855,44139" machi="122" ten="30,3900,0" yaku="11,1,52,2" doraHai="118" who="1" fromWho="0" sc="250,-39,250,39,250,0,250,0" /><INIT seed="1,0,0,0,3,107" ten="211,289,250,250" oya="1" hai0="23,16,126,77,108,14,125,68,118,13,19,72,43" hai1="66,65,49,129,5,106,95,31,120,69,7,105,4" hai2="111,76,64,28,26,84,132,54,73,0,135,9,18" hai3="10,101,57,90,25,133,109,48,46,55,20,124,58"/><U12/><E129/><V44/><F84/><W33/><G33/><T38/><D68/><U82/><E120/><V39/><F64/><W122/><G122/><T103/><D118/><U99/><E31/><V100/><F100/><W17/><G109/><T67/><D108/><U29/><E29/><V42/><F54/><W128/><G133/><T112/><D112/><U130/><E12/><V51/><F51/><W63/><G124/><N who="0" m="47723" /><D67/><U3/><E3/><V87/><F87/><W37/><G128/><T56/><D56/><U35/><E35/><N who="2" m="20887" /><F18/><W59/><G101/><T93/><D93/><U110/><E130/><V75/><F76/><W117/><G117/><T24/><D103/><U80/><E110/><V89/><F89/><W94/><G10/><T6/><D6/><U119/><E119/><V2/><F111/><W50/><G37/><T70/><D70/><U40/><E69/><V62/><F62/><W92/><G92/><T127/><D19/><U116/><E116/><V74/><F2/><W123/><G123/><T96/><D96/><U53/><E40/><V30/><F30/><W131/><G131/><T134/><D127/><U22/><E66/><V27/><F27/><W32/><G32/><T121/><D121/><U71/><E65/><V91/><F91/><W15/><G25/><T98/><D98/><U81/><E71/><V21/><F21/><W34/><G34/><T60/><D60/><U88/><E22/><V115/><F115/><W11/><G20/><T47/><D134/><U1/><E1/><V52/><F52/><N who="3" m="29719" /><G63/><T97/><D97/><AGARI ba="0,0" hai="11,15,17,50,55,57,58,59,90,94,97" m="29719" machi="97" ten="30,2000,0" yaku="8,1,54,1" doraHai="107" who="3" fromWho="0" sc="211,-20,289,0,250,0,250,20" /><INIT seed="2,0,0,2,2,21" ten="191,289,250,270" oya="2" hai0="118,115,122,0,44,80,92,58,20,75,124,83,5" hai1="111,50,68,91,120,106,15,74,69,54,99,72,133" hai2="16,90,102,40,1,25,55,95,9,33,78,67,39" hai3="87,23,105,104,26,109,123,43,49,117,34,32,12"/><V48/><F78/><W132/><G117/><T22/><D122/><U19/><E111/><V94/><F67/><W59/><G123/><T128/><D118/><U82/><E133/><V46/><F102/><W24/><G109/><T110/><D110/><U129/><E129/><V127/><F127/><W18/><G132/><T28/><D124/><U37/><E37/><V30/><F90/><W31/><G87/><T2/><D115/><U98/><E120/><V81/><F81/><W76/><G76/><T131/><D75/><U70/><E106/><V86/><F86/><W13/><G13/><T45/><D58/><U56/><E74/><V97/><F97/><W96/><G96/><T36/><D5/><U88/><E91/><V79/><F79/><W112/><G112/><T103/><D28/><U52/><E72/><V114/><F114/><W14/><G14/><T119/><D36/><U101/><E101/><V6/><REACH who="2" step="1"/><F16/><REACH who="2" ten="191,289,240,270" step="2"/><W64/><G64/><T100/><REACH who="0" step="1"/><D119/><REACH who="0" ten="181,289,240,270" step="2"/><U10/><E99/><V4/><F4/><W35/><G31/><T134/><D134/><U71/><E98/><V135/><F135/><W93/><G104/><T113/><D113/><U121/><E121/><V65/><F65/><W77/><G105/><T63/><D63/><U41/><E71/><V7/><F7/><W29/><G29/><T17/><D17/><U107/><E107/><V125/><F125/><W62/><G62/><T126/><D126/><U11/><E70/><V116/><F116/><W27/><G18/><T51/><D51/><U8/><E69/><V53/><F53/><W38/><G49/><RYUUKYOKU ba="0,2" sc="181,15,289,-15,240,15,270,-15" hai0="0,2,20,22,44,45,80,83,92,100,103,128,131" hai2="1,6,9,25,30,33,39,40,46,48,55,94,95" /><INIT seed="2,1,2,3,0,85" ten="196,274,255,255" oya="2" hai0="19,116,26,30,134,104,1,110,108,133,21,103,11" hai1="129,59,98,107,61,125,62,92,87,40,118,44,100" hai2="127,46,32,126,67,135,78,43,88,29,79,51,7" hai3="63,4,5,132,20,122,106,96,77,17,53,50,70"/><V58/><F7/><W66/><G122/><T25/><D103/><U74/><E129/><V45/><F135/><N who="0" m="51722" /><D104/><U10/><E125/><N who="2" m="47627" /><F29/><W71/><G71/><T13/><D116/><U55/><E74/><V95/><F32/><W39/><G39/><T111/><D26/><U60/><E118/><V73/><F73/><W123/><G123/><T119/><D119/><U52/><E10/><V75/><F75/><W84/><G132/><T80/><D80/><U14/><E14/><V114/><F114/><W82/><G96/><T65/><D65/><U102/><E102/><V115/><F115/><W47/><REACH who="3" step="1"/><G106/><REACH who="3" ten="196,274,255,245" step="2"/><T35/><D1/><U6/><E107/><V36/><F36/><W90/><G90/><T93/><D93/><U33/><E33/><AGARI ba="1,3" hai="11,13,19,21,25,30,33,35,108,110,111" m="51722" machi="33" ten="40,8000,1" yaku="14,1,20,1,34,2" doraHai="85" who="0" fromWho="1" sc="196,113,274,-83,255,0,245,0" /><INIT seed="3,0,0,4,2,62" ten="309,191,255,245" oya="3" hai0="58,91,100,87,125,31,47,127,6,108,122,51,88" hai1="32,80,10,34,48,95,101,12,28,69,133,49,37" hai2="96,75,86,22,38,65,13,66,16,110,128,4,92" hai3="68,114,78,107,59,118,52,60,113,45,97,44,14"/><W106/><G118/><T82/><D122/><U126/><E37/><V90/><F75/><W116/><G116/><T71/><D108/><U2/><E133/><V29/><F110/><W111/><G111/><T42/><D71/><U54/><E126/><N who="0" m="48137" /><D100/><U64/><E2/><V27/><F128/><W15/><G78/><N who="0" m="46551" /><D31/><U79/><E49/><V33/><F38/><W77/><G77/><T112/><D112/><U119/><E28/><V23/><F33/><W43/><G44/><T61/><D6/><U132/><E132/><V36/><F36/><W41/><G41/><T24/><D24/><U115/><E115/><V56/><F4/><W70/><G70/><T55/><AGARI ba="0,0" hai="42,47,51,55,58,61,88,91" m="46551,48137" machi="55" ten="30,2000,0" yaku="18,1,54,1" doraHai="62" who="0" fromWho="0" sc="309,20,191,-5,255,-5,245,-10" /><INIT seed="4,0,0,1,1,26" ten="329,186,250,235" oya="0" hai0="119,113,90,87,33,97,45,10,94,122,12,130,105" hai1="74,95,40,58,126,61,134,100,55,38,35,7,41" hai2="102,49,66,86,79,5,123,101,60,103,99,48,9" hai3="69,29,51,34,22,2,3,125,131,77,64,39,70"/><T1/><D119/><U67/><E74/><V80/><F123/><W11/><G51/><T42/><D122/><U50/><E35/><V98/><F49/><W43/><G22/><T118/><D118/><U117/><E7/><V89/><F48/><W32/><G131/><T4/><D130/><U57/><E100/><V36/><F36/><W59/><G59/><T121/><D113/><U109/><E95/><V54/><F54/><W124/><G77/><T44/><D121/><U72/><E72/><V53/><F53/><W8/><G64/><T106/><D33/><N who="3" m="12905" /><G29/><T78/><D12/><U110/><E117/><V16/><F79/><W37/><G43/><N who="1" m="16458" /><E134/><V114/><F114/><W13/><G13/><T31/><D31/><U19/><E19/><V62/><F16/><W91/><G91/><T135/><D135/><U120/><E120/><V56/><REACH who="2" step="1"/><F62/><REACH who="2" ten="329,186,240,235" step="2"/><W133/><G133/><T47/><D42/><U14/><E38/><N who="3" m="14346" /><G11/><T104/><REACH who="0" step="1"/><D78/><REACH who="0" ten="319,186,240,235" step="2"/><U15/><E110/><V112/><F112/><W30/><G30/><T73/><D73/><U25/><E109/><V107/><F107/><W96/><G8/><T84/><AGARI ba="0,2" hai="1,4,10,44,45,47,84,87,90,94,97,104,105,106" machi="84" ten="40,7800,0" yaku="1,1,0,1,53,1" doraHai="26" doraHaiUra="93" who="0" fromWho="0" sc="319,98,186,-26,240,-26,235,-26" /><INIT seed="4,1,0,0,2,70" ten="417,160,214,209" oya="0" hai0="109,40,53,30,86,67,93,130,107,65,131,101,32" hai1="118,14,89,119,51,64,66,13,72,126,45,22,25" hai2="63,8,46,23,99,5,59,98,73,91,56,123,116" hai3="10,19,82,128,41,88,60,129,16,6,1,120,57"/><T96/><D109/><U44/><E126/><V84/><F73/><W87/><G120/><T29/><D40/><U28/><E72/><V21/><F123/><W81/><G81/><T39/><D39/><U9/><E119/><V105/><F59/><W48/><G48/><T111/><D111/><U125/><E125/><V36/><F105/><W24/><G41/><T7/><D7/><U47/><E51/><V132/><F132/><W80/><G80/><T127/><D127/><U61/><E118/><V77/><F77/><W90/><G90/><N who="0" m="53463" /><D53/><U85/><E13/><V12/><F36/><W135/><G24/><T114/><D32/><U55/><E61/><V78/><F78/><W121/><G135/><T68/><D68/><U0/><E55/><V103/><F46/><W71/><G71/><T74/><D74/><U18/><REACH who="1" step="1"/><E0/><REACH who="1" ten="417,150,214,209" step="2"/><V3/><F3/><W33/><G121/><T83/><D65/><U122/><E122/><V49/><F116/><W31/><G60/><T52/><D52/><U34/><E34/><V102/><F63/><W76/><G57/><T134/><D67/><U110/><E110/><V92/><F56/><W38/><G38/><T94/><D134/><U104/><E104/><V26/><F49/><W2/><G2/><T117/><D107/><U58/><E58/><V112/><F12/><W11/><G33/><T20/><D117/><U79/><E79/><V100/><F26/><W133/><G76/><T50/><D50/><U95/><AGARI ba="1,1" hai="9,14,18,22,25,28,44,45,47,64,66,85,89,95" machi="95" ten="30,7900,0" yaku="1,1,0,1,8,1,53,1" doraHai="70" doraHaiUra="15" who="1" fromWho="1" sc="417,-40,150,92,214,-21,209,-21" /><INIT seed="5,0,0,5,2,23" ten="377,242,193,188" oya="1" hai0="71,98,102,42,62,68,22,57,119,106,112,7,125" hai1="13,94,91,134,92,111,39,54,38,115,126,15,83" hai2="122,60,85,25,129,76,19,93,45,78,110,86,73" hai3="43,107,64,11,128,16,12,6,50,67,2,28,84"/><U75/><E115/><V32/><F122/><W63/><G107/><T72/><D119/><U123/><E134/><V99/><F110/><W97/><G128/><T131/><D72/><U135/><E135/><V69/><F129/><W90/><G97/><T96/><D131/><U133/><E133/><V10/><F45/><W29/><G2/><T30/><D42/><U77/><E126/><V103/><F73/><W66/><G63/><T109/><D109/><U55/><E123/><V118/><F118/><W132/><G132/><T58/><D58/><U31/><E111/><V1/><F1/><W24/><G50/><T26/><D112/><U74/><E31/><N who="3" m="11850" /><G43/><T40/><D40/><U130/><E130/><V20/><F32/><W49/><G49/><T116/><D116/><U18/><E91/><V105/><F105/><W21/><G67/><T44/><D44/><U3/><E3/><V8/><F60/><W47/><G47/><T35/><D98/><U114/><E114/><V101/><F101/><W48/><G48/><T81/><D125/><U59/><E18/><V9/><REACH who="2" step="1"/><F69/><REACH who="2" ten="377,242,183,188" step="2"/><W104/><G104/><T52/><D35/><U89/><E59/><V17/><F17/><W46/><G46/><T127/><D127/><U117/><E117/><V121/><F121/><W88/><G90/><T41/><D41/><U27/><E89/><V56/><F56/><W113/><G113/><T53/><D102/><U100/><E100/><V5/><F5/><W80/><AGARI ba="0,1" hai="6,11,12,16,21,24,64,66,80,84,88" m="11850" machi="80" ten="30,7900,0" yaku="8,1,52,1,54,2" doraHai="23" who="3" fromWho="3" sc="377,-20,242,-39,183,-20,188,89" /><INIT seed="6,0,0,5,4,121" ten="357,203,163,277" oya="2" hai0="23,77,106,109,131,16,52,27,30,92,44,103,11" hai1="135,96,104,70,65,4,25,128,32,46,69,61,56" hai2="3,74,76,6,105,22,79,31,67,88,13,72,85" hai3="134,37,21,87,93,122,41,35,97,99,15,126,115"/><V14/><F105/><W132/><G35/><T58/><D106/><U114/><E135/><N who="3" m="51754" /><G122/><T20/><D109/><U124/><E128/><V83/><F67/><W66/><G66/><T34/><D77/><U75/><E124/><V59/><F3/><W118/><G118/><T125/><D125/><U89/><E114/><V68/><F68/><W94/><G87/><T50/><D34/><U62/><E75/><V53/><F74/><W95/><G115/><T29/><D11/><U82/><E4/><V28/><F6/><W2/><G2/><T84/><D23/><U42/><E82/><V43/><F43/><W36/><G41/><N who="0" m="24847" /><D131/><U107/><E89/><V38/><F38/><N who="3" m="14955" /><G126/><T19/><D30/><N who="2" m="11306" /><F72/><W48/><G48/><N who="0" m="30983" /><D84/><U101/><E32/><V60/><F22/><W18/><AGARI ba="0,0" hai="15,18,21,93,94,95,97,99" m="14955,51754" machi="18" ten="40,1500,0" yaku="20,1" doraHai="121" who="3" fromWho="3" sc="357,-4,203,-4,163,-7,277,15" /><INIT seed="7,0,0,2,3,128" ten="353,199,156,292" oya="3" hai0="43,71,48,27,129,35,102,110,26,32,8,50,37" hai1="81,40,6,80,78,74,70,31,133,33,57,42,3" hai2="22,111,5,91,76,134,117,94,55,127,85,75,18" hai3="87,126,34,73,51,98,120,21,63,41,68,15,72"/><W9/><G120/><T45/><D110/><U62/><E70/><V60/><F117/><W99/><G34/><T14/><D71/><U13/><E3/><V121/><F111/><W12/><G126/><T59/><D129/><U17/><E6/><V131/><F131/><W116/><G116/><T19/><D102/><U114/><E114/><V0/><F127/><W53/><G73/><T122/><D122/><U83/><E78/><V23/><F121/><W124/><G72/><T25/><D37/><U97/><E74/><V11/><F134/><W125/><G125/><T67/><D50/><U109/><E109/><V95/><F95/><W10/><G124/><T58/><D58/><U77/><E77/><V24/><F23/><W89/><G68/><T101/><D101/><U1/><E1/><V36/><F36/><W108/><G41/><T44/><D44/><U65/><E133/><V112/><F112/><W92/><G63/><T93/><D93/><U82/><N who="1" m="20480" /><DORA hai="66" /><U86/><E86/><V2/><F75/><W52/><G21/><T103/><D103/><U90/><E31/><V54/><F76/><W61/><G61/><T100/><D100/><U88/><E33/><V119/><F119/><W38/><G38/><T79/><D79/><U64/><E64/><V118/><F118/><W69/><G69/><T29/><D32/><U135/><E135/><V49/><F2/><W7/><G108/><T20/><D35/><U115/><E115/><V105/><F105/><W96/><G51/><T47/><D47/><U130/><E130/><V30/><F49/><W84/><G84/><RYUUKYOKU ba="0,0" sc="353,15,199,-15,156,-15,292,15" hai0="8,14,19,20,25,26,27,29,43,45,48,59,67" hai3="7,9,10,12,15,52,53,87,89,92,96,98,99" /><INIT seed="7,1,0,1,4,3" ten="368,184,141,307" oya="3" hai0="60,78,5,19,38,92,129,111,130,16,32,48,50" hai1="113,46,125,43,88,110,108,49,63,9,4,117,89" hai2="115,29,69,76,96,62,104,93,128,11,44,126,15" hai3="22,134,94,97,37,53,101,112,26,95,107,85,133"/><W114/><G37/><T39/><D111/><U54/><E113/><N who="3" m="43626" /><G53/><T121/><D121/><U28/><E117/><V61/><F115/><W71/><G71/><T99/><D32/><U65/><E125/><V56/><F104/><W127/><G127/><T13/><D5/><U2/><E28/><V45/><F128/><N who="0" m="49258" /><D60/><U103/><E103/><V33/><F126/><W86/><G22/><N who="0" m="11535" /><D78/><U51/><E110/><V57/><F69/><W21/><G21/><T14/><D39/><U12/><E108/><V8/><F76/><W67/><G67/><T73/><D38/><U18/><E51/><V84/><F33/><W27/><G27/><T17/><D73/><U72/><E72/><V40/><F40/><W68/><G26/><T102/><D19/><U116/><E116/><V41/><F29/><W80/><G68/><T124/><D124/><U70/><REACH who="1" step="1"/><E43/><REACH who="1" ten="368,174,141,307" step="2"/><V83/><F41/><W82/><G133/><T75/><D75/><U34/><E34/><V1/><F62/><W77/><G134/><T42/><D42/><U31/><E31/><V119/><F119/><W109/><G109/><T91/><D102/><U66/><E66/><V23/><F61/><W100/><G100/><T6/><D50/><U36/><E36/><V132/><F132/><W105/><G105/><T25/><D48/><U131/><E131/><V58/><F45/><W98/><G107/><T7/><D25/><U0/><E0/><V123/><F44/><W122/><G122/><T52/><D52/><U24/><E24/><V59/><N who="2" m="14336" /><DORA hai="81" /><V90/><F123/><W30/><G30/><T120/><D120/><RYUUKYOKU ba="1,1" sc="368,15,174,15,141,-15,307,-15" hai0="6,7,14,17,91,92,99" hai1="2,4,9,12,18,46,49,54,63,65,70,88,89" owari="393,49.0,189,-21.0,126,-37.0,292,9.0" /></mjloggm>