<mjloggm ver="2.3"><GO type="41" lobby="0"/><UN n0="%E2%93%9D%53%75%70%68%78" n1="%6F%68%6C%65%65%65" n2="%E8%9B%87%E5%96%B0%E5%A4%A2%E5%AD%90" n3="%79%75%38%32%32" dan="19,13,13,14" rate="2216.71,1854.34,1822.17,1898.12" sx="M,M,M,M"/><TAIKYOKU oya="0"/><INIT seed="0,0,0,3,3,53" ten="250,250,250,250" oya="0" hai0="97,103,90,64,93,95,40,25,108,65,45,119,73" hai1="36,120,34,123,35,9,28,126,46,70,100,42,5" hai2="44,96,102,67,74,128,52,33,125,82,91,59,55" hai3="18,124,17,111,116,86,72,110,22,1,7,83,71"/><T79/><D119/><U66/><E126/><V61/><F33/><W56/><G71/><T27/><D108/><N who="3" m="41513" /><G72/><T81/><D65/><U62/><E100/><V106/><F125/><W8/><G116/><T88/><D64/><U2/><REACH who="1" step="1"/><E28/><REACH who="1" ten="250,240,250,250" step="2"/><V85/><F128/><W77/><G124/><T13/><D103/><U112/><E112/><V87/><F44/><W127/><G127/><T84/><REACH who="0" step="1"/><D13/><REACH who="0" ten="240,240,250,250" step="2"/><U43/><E43/><V63/><F102/><W113/><G113/><T51/><AGARI ba="0,2" hai="25,27,40,45,51,73,79,81,84,88,90,93,95,97" machi="51" ten="20,12000,1" yaku="1,1,2,1,0,1,7,1,54,1,53,0" doraHai="53" doraHaiUra="3" who="0" fromWho="0" sc="240,140,240,-40,250,-40,250,-40" /><INIT seed="0,1,0,1,0,28" ten="380,200,210,210" oya="0" hai0="90,57,63,30,5,52,101,105,48,22,76,25,65" hai1="115,83,99,24,108,80,23,45,92,125,113,21,6" hai2="124,9,87,98,134,2,55,102,93,34,81,39,88" hai3="119,107,51,117,58,111,123,129,122,79,62,27,12"/><T74/><D5/><U1/><E125/><V91/><F34/><W66/><G107/><T121/><D121/><N who="3" m="46089" /><G79/><T73/><D76/><U4/><E108/><V69/><F124/><W133/><G27/><T84/><D101/><U56/><E23/><V86/><F134/><W18/><G133/><T70/><REACH who="0" step="1"/><D105/><REACH who="0" ten="370,200,210,210" step="2"/><U67/><E115/><V0/><F102/><W17/><G111/><T75/><D75/><U19/><E113/><V116/><F91/><W109/><G109/><T29/><D29/><U33/><E1/><V95/><F88/><W13/><G129/><T94/><AGARI ba="1,1" hai="22,25,30,48,52,57,63,65,70,73,74,84,90,94" machi="94" ten="20,12000,1" yaku="1,1,0,1,7,1,54,1,53,1" doraHai="28" doraHaiUra="50" who="0" fromWho="0" sc="370,133,200,-41,210,-41,210,-41" /><INIT seed="0,2,0,5,2,44" ten="503,159,169,169" oya="0" hai0="121,32,78,14,34,59,70,41,97,39,110,66,33" hai1="73,31,37,89,95,113,35,58,72,67,22,77,49" hai2="88,132,2,131,19,119,82,71,85,51,40,93,114" hai3="30,75,124,127,10,122,38,43,84,24,29,108,8"/><T99/><D59/><U130/><E130/><V27/><F114/><W107/><G107/><T120/><D41/><U102/><E37/><V63/><F2/><W134/><G75/><T101/><D14/><U64/><E35/><V100/><F131/><W116/><G116/><T118/><D66/><U46/><E102/><V87/><F132/><W96/><G134/><T128/><D78/><U55/><E113/><V103/><F119/><W42/><G122/><T109/><D118/><U15/><E73/><V5/><F5/><W94/><G108/><N who="0" m="41579" /><D39/><U115/><E115/><V129/><F129/><W60/><G84/><T61/><D99/><U9/><E77/><N who="2" m="46287" /><F71/><W13/><G60/><T3/><D3/><U12/><E72/><V20/><F63/><W74/><G74/><T21/><D21/><U54/><E15/><V81/><F81/><W65/><G65/><N who="0" m="41263" /><D128/><U90/><E89/><V0/><F0/><W117/><G117/><T92/><AGARI ba="2,0" hai="32,33,34,92,97,101,120,121" m="41263,41579" machi="92" ten="40,3900,0" yaku="14,1,10,1" doraHai="44" who="0" fromWho="0" sc="503,45,159,-15,169,-15,169,-15" /><INIT seed="0,3,0,5,0,22" ten="548,144,154,154" oya="0" hai0="20,108,109,55,37,24,13,121,105,92,90,80,12" hai1="134,51,112,69,3,83,23,111,38,7,6,70,124" hai2="27,77,79,49,39,50,123,18,99,67,60,132,59" hai3="125,76,104,126,106,34,9,103,128,115,54,119,101"/><T87/><D121/><U116/><E111/><N who="0" m="42569" /><D105/><N who="3" m="40553" /><G34/><T46/><D92/><U56/><E116/><V15/><F39/><W33/><G54/><T65/><D65/><U113/><E38/><V91/><F123/><W58/><G9/><T45/><D55/><U47/><E134/><V32/><F132/><W86/><G58/><T93/><D93/><U11/><E124/><N who="3" m="47722" /><G33/><T19/><D46/><U94/><E83/><V1/><F1/><W117/><G115/><T130/><D130/><U31/><E94/><N who="2" m="56799" /><F32/><W30/><G30/><T131/><D131/><U78/><E78/><N who="2" m="29707" /><F27/><W16/><G16/><T48/><D48/><U74/><E74/><V129/><F129/><W36/><G36/><T84/><D84/><U29/><E7/><V57/><F59/><W10/><G10/><AGARI ba="3,0" hai="10,15,18,49,50,57,60,67" m="29707,56799" machi="10" ten="30,1000,0" yaku="8,1" doraHai="22" who="2" fromWho="3" sc="548,0,144,0,154,19,154,-19" /><INIT seed="1,0,0,5,4,116" ten="548,144,173,135" oya="1" hai0="53,85,112,110,82,69,34,125,59,96,127,49,39" hai1="101,68,87,3,107,114,35,9,19,129,8,102,66" hai2="72,103,105,30,121,113,109,23,88,55,33,73,108" hai3="38,119,128,2,65,14,132,124,84,60,20,29,131"/><U74/><E114/><V62/><F113/><W41/><G2/><T48/><D110/><U51/><E74/><V42/><F42/><W4/><G119/><T54/><D69/><U83/><E129/><N who="3" m="49738" /><G132/><T45/><D34/><U17/><E35/><V28/><F33/><W57/><G124/><N who="0" m="47691" /><D96/><U18/><E51/><V106/><F103/><W91/><G41/><T76/><D112/><U86/><E87/><V115/><F115/><W58/><G38/><AGARI ba="0,0" hai="38,39,45,48,49,53,54,59,76,82,85" m="47691" machi="38" ten="30,1000,0" yaku="18,1" doraHai="116" who="0" fromWho="3" sc="548,10,144,0,173,0,135,-10" /><INIT seed="2,0,0,1,0,76" ten="558,144,173,125" oya="2" hai0="38,132,11,39,133,94,134,71,122,26,75,107,6" hai1="118,135,20,69,28,83,3,105,43,45,31,65,74" hai2="36,106,96,110,0,104,61,42,124,103,115,30,5" hai3="100,2,127,37,123,101,62,130,41,32,121,113,51"/><V33/><F115/><W64/><G32/><T10/><D122/><U60/><E135/><V46/><F124/><W86/><G2/><T56/><D107/><U90/><E118/><V131/><F106/><W119/><G127/><T80/><D94/><U48/><E105/><V18/><F18/><W15/><G119/><T72/><D56/><U87/><E3/><V116/><F116/><W25/><G130/><T57/><D57/><U125/><E125/><V52/><F61/><W29/><G37/><N who="0" m="13835" /><D71/><U111/><E111/><V95/><F95/><W22/><G113/><T129/><D129/><U85/><E74/><N who="0" m="28201" /><D26/><U97/><E97/><V81/><F110/><W109/><G109/><T27/><D27/><U14/><E20/><V16/><F52/><W66/><G86/><T91/><D6/><U23/><REACH who="1" step="1"/><E85/><AGARI ba="0,0" hai="10,11,80,85,91,132,133,134" m="28201,13835" machi="85" ten="40,2600,0" yaku="20,1,52,1" doraHai="76" who="0" fromWho="1" sc="558,26,144,-26,173,0,125,0" /><INIT seed="3,0,0,1,2,59" ten="584,118,173,125" oya="3" hai0="2,88,43,6,125,60,20,74,86,50,62,56,72" hai1="114,37,133,14,1,22,130,46,115,84,108,7,104" hai2="0,44,21,23,13,123,19,91,119,116,78,112,81" hai3="92,68,89,110,107,126,52,96,131,106,79,34,129"/><W71/><G34/><T32/><D125/><U29/><E84/><V40/><F0/><W38/><G38/><T31/><D74/><U16/><E46/><V113/><F91/><W80/><G126/><T51/><D72/><U132/><E104/><V95/><F95/><W65/><G110/><T53/><D32/><U120/><E37/><N who="2" m="21519" /><F23/><W26/><G71/><T99/><D6/><U55/><E55/><V111/><F81/><W128/><G26/><N who="0" m="16839" /><D2/><U135/><E108/><V76/><F111/><W25/><G25/><T100/><D100/><U97/><E97/><V10/><F123/><W64/><G68/><T121/><D121/><U41/><E41/><V124/><F21/><W30/><G30/><T48/><D99/><U12/><E120/><V4/><F4/><W75/><REACH who="3" step="1"/><G52/><REACH who="3" ten="584,118,173,115" step="2"/><T15/><D43/><U94/><E29/><V8/><F124/><W11/><G11/><T5/><D53/><U83/><E130/><V102/><F8/><W90/><G90/><T77/><D88/><U57/><E57/><V66/><F76/><W73/><G73/><T39/><D39/><U109/><E109/><V101/><F78/><W42/><G42/><T54/><D56/><U82/><E115/><V63/><F112/><W9/><G9/><N who="0" m="4527" /><D54/><U36/><E36/><V105/><F113/><W33/><G33/><T103/><D103/><U70/><E70/><N who="2" m="42335" /><F102/><W17/><G17/><T122/><D122/><U27/><E114/><V85/><F101/><W98/><G98/><T93/><D77/><U67/><E27/><V61/><F19/><W35/><G35/><T69/><D69/><RYUUKYOKU ba="0,1" sc="584,15,118,-15,173,-15,115,15" hai0="48,50,51,60,62,86,93" hai3="64,65,75,79,80,89,92,96,106,107,128,129,131" /><INIT seed="3,1,1,2,5,18" ten="599,103,158,130" oya="3" hai0="1,83,123,13,76,49,101,60,133,20,122,106,40" hai1="117,46,31,108,0,17,50,57,29,73,71,112,64" hai2="89,22,37,110,88,32,74,95,59,91,54,114,115" hai3="111,16,30,39,36,72,62,105,130,51,35,113,2"/><W103/><G2/><T134/><D1/><U96/><E108/><V119/><F32/><W127/><G113/><T132/><D60/><U97/><E117/><V3/><F114/><W75/><G130/><T42/><D49/><U44/><E0/><V92/><F110/><W41/><G111/><T47/><D20/><U93/><E71/><V100/><F119/><W84/><G127/><T128/><D128/><U86/><E73/><V58/><F74/><W48/><G105/><T99/><D13/><U66/><E112/><V56/><F37/><W28/><G103/><T70/><D70/><U12/><E44/><V4/><F22/><W61/><G84/><N who="0" m="48231" /><D47/><U25/><E86/><V81/><F81/><W63/><G35/><T26/><D26/><U34/><E31/><V124/><F124/><W52/><G63/><T15/><D15/><U135/><E57/><V85/><F85/><W6/><G6/><T24/><D24/><U45/><E45/><V109/><F109/><W104/><G104/><T102/><D102/><U9/><E97/><V125/><F125/><W53/><REACH who="3" step="1"/><G16/><REACH who="3" ten="599,103,158,120" step="2"/><T69/><D106/><U94/><E135/><V80/><F100/><W5/><G5/><T67/><D101/><U68/><E68/><V126/><F126/><W23/><G23/><T55/><D69/><U27/><E27/><V107/><F107/><W21/><G21/><T10/><D134/><U79/><E34/><V65/><F115/><W118/><G118/><T129/><D133/><U7/><E7/><V131/><F4/><W78/><G78/><T120/><D132/><U121/><E79/><RYUUKYOKU ba="1,2" sc="599,-10,103,-10,158,-10,120,30" hai3="28,30,36,39,41,48,51,52,53,61,62,72,75" /><INIT seed="3,2,2,3,1,32" ten="589,93,148,150" oya="3" hai0="109,51,71,54,108,128,93,113,6,127,124,94,58" hai1="43,34,88,126,52,86,17,111,100,90,60,76,40" hai2="3,53,37,27,96,121,102,97,132,92,98,56,116" hai3="110,7,10,21,31,55,19,81,1,105,72,20,95"/><W63/><G105/><T0/><D113/><U42/><E34/><V134/><F116/><W129/><G129/><T125/><D128/><U18/><E126/><V15/><F27/><W112/><G112/><T68/><D6/><U79/><E100/><V119/><F119/><W39/><G39/><T22/><D0/><U122/><E111/><N who="0" m="42569" /><D22/><U13/><E122/><V8/><F37/><W29/><G110/><T46/><D58/><N who="1" m="34887" /><E90/><V5/><F121/><W133/><G133/><N who="2" m="51305" /><F15/><W135/><G135/><T67/><D67/><U131/><E131/><V91/><F91/><W57/><G95/><AGARI ba="2,2" hai="46,51,54,68,71,93,94,95,124,125,127" m="42569" machi="95" ten="40,2600,0" yaku="18,1,14,1" doraHai="32" who="0" fromWho="3" sc="589,52,93,0,148,0,150,-32" /><INIT seed="4,0,0,0,3,70" ten="641,93,148,118" oya="0" hai0="112,86,21,124,40,83,105,113,108,74,38,81,130" hai1="66,115,2,30,120,61,111,16,75,68,1,114,51" hai2="49,125,96,104,92,56,22,69,60,11,72,103,84" hai3="135,12,31,14,97,52,15,47,79,20,54,131,62"/><T128/><D124/><U25/><E111/><V41/><F72/><W58/><G135/><T73/><D21/><U32/><E120/><V116/><F125/><W109/><G109/><T0/><D0/><U55/><E75/><N who="0" m="28681" /><D40/><U53/><E1/><V39/><F116/><W132/><G131/><N who="0" m="50219" /><D38/><U64/><E66/><V122/><F122/><W26/><G132/><T34/><D34/><U29/><E2/><V18/><F84/><W88/><G79/><N who="0" m="46399" /><D108/><U13/><E30/><V24/><F104/><W89/><G97/><T133/><D133/><U23/><REACH who="1" step="1"/><E51/><AGARI ba="0,0" hai="12,14,15,20,26,31,47,51,52,54,58,62,88,89" machi="51" ten="40,5200,0" yaku="8,1,54,2" doraHai="70" who="3" fromWho="1" sc="641,0,93,-52,148,0,118,52" /><INIT seed="5,0,0,5,1,70" ten="641,41,148,170" oya="1" hai0="94,56,115,89,131,116,61,58,7,43,77,121,29" hai1="79,52,12,74,117,19,23,112,86,103,16,3,49" hai2="110,6,5,66,64,4,126,1,48,57,42,65,129" hai3="93,40,33,97,15,45,30,75,47,2,26,102,28"/><U0/><E117/><V24/><F110/><W67/><G2/><T106/><D115/><U132/><E112/><V53/><F126/><W109/><G75/><T83/><D106/><U99/><E132/><V17/><F129/><W68/><G109/><T91/><D7/><U88/><E79/><V41/><F1/><W92/><G30/><T87/><D43/><U128/><E74/><V96/><F96/><W11/><G68/><T55/><D121/><U54/><E19/><V51/><F48/><W119/><G67/><T122/><D122/><U62/><E62/><V127/><F127/><W71/><G47/><T133/><D58/><U63/><E63/><V35/><F35/><W105/><G71/><T46/><D131/><U124/><E128/><V95/><F95/><W118/><G118/><T82/><D29/><U111/><E124/><V9/><F24/><W120/><G120/><T37/><D83/><U108/><E111/><V44/><REACH who="2" step="1"/><F57/><REACH who="2" ten="641,41,138,170" step="2"/><W36/><G119/><T39/><D94/><N who="1" m="54551" /><E108/><V80/><F80/><W13/><G15/><AGARI ba="0,1" hai="4,5,6,9,15,17,41,42,44,51,53,64,65,66" machi="15" ten="40,2600,0" yaku="1,1,8,1,53,0" doraHai="70" doraHaiUra="130" who="2" fromWho="3" sc="641,0,41,0,138,36,170,-26" /><INIT seed="6,0,0,0,3,110" ten="641,41,174,144" oya="2" hai0="86,21,49,83,4,32,123,97,75,76,74,78,51" hai1="8,48,60,19,82,134,87,1,17,92,39,90,128" hai2="61,12,65,127,54,35,132,133,94,120,46,64,38" hai3="62,34,3,14,26,10,68,30,99,55,124,24,111"/><V45/><F120/><W43/><G111/><T50/><D32/><U135/><E128/><V20/><F35/><W107/><G124/><T103/><D4/><U57/><E39/><V44/><F127/><W102/><G43/><T95/><D123/><U52/><E82/><V71/><F94/><W18/><G3/><T31/><D31/><U118/><E118/><V7/><F64/><W69/><G24/><T125/><D125/><U27/><E60/><V77/><F77/><W6/><G55/><T130/><D21/><U122/><E122/><V9/><F20/><W79/><G79/><T119/><D130/><U106/><E106/><V56/><F38/><W40/><G40/><T100/><D119/><U80/><E80/><V93/><REACH who="2" step="1"/><F93/><REACH who="2" ten="641,41,164,144" step="2"/><W5/><G69/><T16/><D78/><U109/><E109/><V116/><F116/><W101/><REACH who="3" step="1"/><G102/><REACH who="3" ten="641,41,164,134" step="2"/><T121/><D103/><U131/><E131/><V67/><F67/><AGARI ba="0,2" hai="5,6,10,14,18,26,30,34,62,67,68,99,101,107" machi="67" ten="40,8000,1" yaku="1,1,2,1,25,2,53,0" doraHai="110" doraHaiUra="53" who="3" fromWho="2" sc="641,0,41,0,164,-80,134,100" /><INIT seed="7,0,0,2,1,45" ten="641,41,84,234" oya="3" hai0="126,112,81,47,124,90,94,102,51,80,104,56,95" hai1="74,122,88,66,86,85,22,83,19,44,12,109,65" hai2="0,53,105,76,62,60,72,24,26,97,64,121,71" hai3="129,93,123,108,42,111,73,100,39,17,2,40,131"/><W107/><G2/><T116/><D112/><U29/><E122/><V77/><F0/><W16/><G73/><T32/><D116/><U57/><E74/><V75/><F121/><W98/><G123/><T43/><D104/><U63/><E109/><N who="3" m="42058" /><G39/><T59/><D102/><U92/><E29/><V14/><F14/><W70/><G107/><T48/><D47/><U58/><E44/><V106/><F53/><W11/><G70/><T8/><D8/><U132/><E132/><V89/><F71/><W52/><G11/><T1/><D1/><U87/><E83/><V120/><F120/><W110/><N who="3" m="42066" /><W9/><DORA hai="35" /><G9/><T3/><D3/><U21/><E22/><V50/><F50/><W15/><G15/><T30/><D43/><N who="3" m="16425" /><G52/><T55/><D55/><U36/><E36/><V79/><F64/><W78/><G78/><T23/><D23/><U10/><E10/><V128/><F77/><W38/><G38/><T125/><D125/><U118/><E118/><V117/><F117/><W20/><G20/><T28/><D90/><U61/><AGARI ba="0,0" hai="12,19,21,57,58,61,63,65,66,85,86,87,88,92" machi="61" ten="30,7900,0" yaku="0,1,9,1,8,1,54,1" doraHai="45,35" who="1" fromWho="1" sc="641,-20,41,79,84,-20,234,-39" owari="621,72.0,120,-28.0,64,-44.0,195,0.0" /></mjloggm>