<mjloggm ver="2.3"><GO type="41" lobby="0"/><UN n0="%E5%B8%B8%E5%82%99%E8%96%AC%E5%BF%98%E3%82%8C%E3%81%9F" n1="%E3%81%8A%E5%BA%AD%E7%95%AA" n2="%E2%93%9D%53%75%70%68%78" n3="%E3%83%A9%E3%82%A4%E3%82%AA%E3%82%B9" dan="13,13,19,15" rate="1897.59,1831.84,2205.17,2035.02" sx="M,M,M,M"/><TAIKYOKU oya="0"/><INIT seed="0,0,0,5,5,83" ten="250,250,250,250" oya="0" hai0="77,86,81,80,32,63,37,131,129,94,59,53,111" hai1="119,68,19,7,103,67,54,128,38,76,89,33,40" hai2="107,58,97,12,125,123,34,102,47,95,4,56,30" hai3="27,135,50,36,112,46,43,116,31,105,71,75,29"/><T21/><D32/><U90/><E119/><V65/><F123/><W122/><G116/><T109/><D37/><U3/><E33/><V100/><F125/><W8/><G122/><T70/><D70/><U88/><E103/><V22/><F34/><W118/><G118/><T28/><D94/><U5/><E128/><N who="0" m="49225" /><D81/><U121/><E3/><V73/><F73/><W23/><G105/><T91/><D77/><U17/><E76/><V78/><F102/><W14/><G71/><T106/><D106/><U130/><E121/><V92/><F107/><W49/><G75/><T66/><D53/><U35/><E35/><V72/><F95/><W18/><G112/><T79/><D79/><U0/><E0/><V6/><F78/><W127/><G127/><T104/><D104/><U126/><E126/><V60/><F72/><W44/><G135/><T24/><AGARI ba="0,0" hai="21,24,28,59,63,66,80,86,91,109,111" m="49225" machi="24" ten="40,3900,0" yaku="19,1,52,1" doraHai="83" who="0" fromWho="0" sc="250,39,250,-13,250,-13,250,-13" /><INIT seed="0,1,0,3,5,54" ten="289,237,237,237" oya="0" hai0="97,47,63,29,67,98,53,55,114,121,80,56,28" hai1="58,90,91,6,77,13,86,40,104,69,20,5,131" hai2="7,83,23,128,24,45,12,116,126,112,37,84,108" hai3="76,70,65,106,119,99,59,61,46,35,107,64,93"/><T135/><D114/><U88/><E69/><V110/><F112/><W124/><G119/><T68/><D121/><U36/><E104/><V43/><F128/><W1/><G1/><T52/><D135/><U95/><E36/><V81/><F126/><W14/><G124/><T125/><D47/><U0/><E0/><V85/><F116/><W3/><G3/><T73/><D68/><U132/><E131/><V16/><F7/><W31/><G76/><T50/><D50/><U82/><E40/><V71/><F71/><W96/><G46/><T51/><D51/><U129/><E132/><V25/><F85/><W87/><G87/><T32/><D125/><U48/><E95/><V9/><F83/><W42/><G42/><T133/><D133/><U122/><E122/><V102/><F102/><W21/><G35/><T89/><D32/><U4/><E129/><V33/><F33/><W15/><G106/><T34/><D34/><U17/><E77/><V49/><F37/><W118/><G118/><T127/><D127/><U111/><E111/><N who="2" m="42539" /><F23/><W11/><G11/><T100/><D73/><U113/><E113/><V109/><N who="2" m="42547" /><V18/><DORA hai="66" /><F18/><W134/><G134/><T19/><D19/><U39/><E39/><V30/><F30/><N who="0" m="11882" /><D100/><U10/><E10/><V130/><F130/><W27/><G107/><T44/><D44/><U120/><E120/><V79/><AGARI ba="1,0" hai="9,12,16,24,25,43,45,49,79,81,84" m="42547" machi="79" ten="40,2700,0" yaku="14,1,54,1" doraHai="54,66" who="2" fromWho="2" sc="289,-14,237,-8,237,30,237,-8" /><INIT seed="1,0,0,4,2,32" ten="275,229,267,229" oya="1" hai0="45,83,41,91,118,110,100,106,0,116,44,131,29" hai1="97,17,128,114,104,64,47,105,85,93,21,99,31" hai2="96,101,22,56,121,2,70,26,11,40,61,7,107" hai3="19,37,113,49,59,39,12,52,62,9,15,87,65"/><U34/><E114/><V89/><F121/><W57/><G113/><T5/><D45/><U126/><E128/><V108/><F108/><W92/><G12/><T10/><D91/><U67/><E34/><V42/><F70/><W4/><G4/><T76/><D29/><U68/><E31/><V95/><F107/><W1/><G1/><T84/><D110/><U16/><E68/><V6/><F6/><W74/><G74/><T71/><D71/><U112/><E126/><V75/><F75/><W123/><G123/><T109/><D109/><U14/><E105/><V80/><F80/><W35/><G35/><T72/><D84/><U125/><E125/><V38/><F38/><W77/><G92/><T24/><D24/><N who="1" m="14375" /><E47/><V54/><REACH who="2" step="1"/><F101/><REACH who="2" ten="275,229,257,229" step="2"/><W58/><G37/><N who="0" m="21551" /><D131/><U103/><E104/><V3/><F3/><W30/><G39/><T115/><D115/><U129/><E129/><V25/><F25/><W63/><G30/><AGARI ba="0,1" hai="2,7,11,22,26,30,40,42,54,56,61,89,95,96" machi="30" ten="30,8000,1" yaku="1,1,7,1,52,1,53,2" doraHai="32" doraHaiUra="36" who="2" fromWho="3" sc="275,0,229,0,257,90,229,-80" /><INIT seed="2,0,0,1,5,33" ten="275,229,347,149" oya="2" hai0="77,121,48,129,26,3,76,134,45,10,29,20,68" hai1="24,87,40,56,130,86,53,21,36,27,102,91,51" hai2="88,37,115,64,8,75,41,17,19,67,54,13,113" hai3="23,124,0,42,5,114,11,52,110,80,1,105,84"/><V55/><F75/><W4/><G105/><T95/><D68/><U81/><E130/><V132/><F132/><W43/><G124/><T125/><D121/><U120/><E120/><V32/><F32/><W72/><G72/><T100/><D125/><U38/><E102/><V109/><F41/><W50/><G23/><T65/><D65/><U9/><E27/><V133/><F133/><W6/><G110/><T69/><D69/><U101/><E101/><V90/><F13/><W61/><G61/><T111/><D111/><U98/><E98/><V94/><F109/><W15/><G114/><T93/><D129/><U104/><E104/><V31/><F8/><W135/><G135/><T131/><D131/><U127/><E40/><V7/><F7/><W47/><G43/><T16/><D93/><U108/><E108/><V59/><F94/><W116/><G116/><T106/><D106/><U97/><E97/><V66/><F31/><W123/><G123/><T118/><D118/><U73/><E73/><V79/><F67/><W63/><G63/><T35/><D134/><U103/><E103/><V25/><F25/><W18/><REACH who="3" step="1"/><G42/><REACH who="3" ten="275,229,347,139" step="2"/><N who="0" m="24631" /><D35/><U117/><E117/><V44/><F115/><W60/><G60/><T83/><D20/><U12/><E127/><V49/><F113/><W119/><G119/><T30/><D30/><U99/><E21/><V22/><F22/><W70/><G70/><T112/><D29/><U62/><E62/><V28/><F66/><W57/><G57/><T74/><D74/><U34/><E34/><V126/><F126/><W71/><G71/><T128/><D112/><RYUUKYOKU ba="0,1" sc="275,-10,229,-10,347,-10,139,30" hai3="0,1,4,5,6,11,15,18,47,50,52,80,84" /><INIT seed="3,1,1,1,3,135" ten="265,219,337,169" oya="3" hai0="23,57,38,89,111,3,113,94,134,74,98,65,31" hai1="118,68,77,61,5,51,130,78,95,92,36,59,4" hai2="110,66,133,27,0,132,120,33,80,79,47,63,16" hai3="122,127,107,39,26,30,72,124,108,56,18,40,34"/><W52/><G122/><T69/><D111/><U45/><E36/><V10/><F110/><W103/><G108/><T11/><D38/><U129/><E68/><V73/><F47/><N who="3" m="23967" /><G72/><T105/><D69/><U64/><E118/><V96/><F96/><N who="3" m="61927" /><G18/><T54/><D65/><U20/><E20/><V70/><F120/><W76/><G76/><T116/><D116/><U50/><E50/><V44/><F44/><W128/><G56/><T82/><D105/><U81/><E78/><V55/><F16/><W101/><G101/><T43/><D43/><U14/><E95/><V123/><F123/><W37/><G37/><T6/><D113/><U12/><E92/><V22/><F133/><W93/><G93/><T109/><D109/><U8/><E14/><V75/><F75/><W67/><G67/><T2/><D74/><U84/><E4/><V25/><F132/><W28/><G28/><T9/><D134/><U86/><REACH who="1" step="1"/><E84/><REACH who="1" ten="265,209,337,169" step="2"/><V41/><F73/><W29/><G29/><T97/><D31/><U131/><E131/><V32/><F70/><W117/><G117/><T60/><D23/><U125/><E125/><N who="3" m="48202" /><G128/><T119/><D119/><U112/><E112/><V114/><F114/><W87/><G87/><T58/><D82/><U35/><E35/><V7/><F80/><W106/><G106/><T99/><D57/><U1/><E1/><V19/><F0/><W48/><G48/><T53/><D3/><U62/><E62/><V24/><F63/><W17/><G17/><T71/><D2/><U49/><E49/><V121/><F121/><W91/><G91/><T13/><D89/><RYUUKYOKU ba="1,2" sc="265,-15,209,15,337,-15,169,15" hai1="5,8,12,45,51,59,61,64,77,81,86,129,130" hai3="26,30,34,52" /><INIT seed="3,2,2,4,2,128" ten="250,224,322,184" oya="3" hai0="70,73,44,88,4,79,58,21,47,32,7,34,5" hai1="118,49,60,81,18,131,97,23,14,62,53,135,55" hai2="95,63,22,2,52,66,123,96,91,46,80,120,76" hai3="117,93,89,106,1,112,9,111,121,37,127,90,126"/><W109/><G37/><T61/><D70/><U11/><E131/><V94/><F2/><W84/><G1/><T104/><D104/><U51/><E118/><V77/><F95/><W122/><G117/><T38/><D79/><U102/><E135/><V75/><F77/><W0/><G0/><T29/><D73/><U36/><E36/><V78/><F78/><W35/><G35/><T82/><D21/><U134/><E134/><V72/><F22/><W101/><G9/><T92/><D82/><U113/><E113/><V100/><F100/><W27/><G27/><T50/><D38/><U71/><E71/><V83/><F83/><W87/><G112/><T42/><D47/><U59/><E81/><V64/><F75/><W33/><G33/><T19/><D19/><U8/><E11/><V85/><F72/><W99/><G122/><N who="2" m="46633" /><F63/><W28/><G28/><T103/><D103/><U24/><E97/><V133/><F133/><W65/><G65/><T108/><D108/><N who="3" m="41545" /><G121/><T132/><D132/><U40/><E102/><V57/><F57/><W41/><G41/><T31/><D32/><U110/><E40/><V12/><F12/><W30/><G30/><T10/><D10/><U48/><E110/><V129/><F129/><W6/><G6/><T3/><D3/><U86/><E86/><V74/><F74/><W56/><G56/><T13/><D13/><U16/><E62/><V124/><F124/><W39/><G39/><T17/><D17/><U67/><AGARI ba="2,2" hai="8,14,16,18,23,24,48,49,51,53,55,59,60,67" machi="67" ten="30,4000,0" yaku="0,1,8,1,54,1" doraHai="128" who="1" fromWho="1" sc="250,-12,224,66,322,-12,184,-22" /><INIT seed="4,0,0,5,0,70" ten="238,290,310,162" oya="0" hai0="98,133,17,46,5,29,117,22,18,92,73,28,0" hai1="131,127,30,90,119,82,105,40,77,102,31,45,60" hai2="93,104,10,97,110,125,72,68,13,81,33,59,65" hai3="20,55,109,121,23,132,52,42,14,123,89,126,35"/><T32/><D117/><U112/><E119/><V118/><F110/><W95/><G109/><T134/><D73/><U11/><E127/><V108/><F33/><W12/><G35/><T66/><D66/><U96/><E131/><V56/><F104/><W63/><G126/><T79/><D79/><U84/><E112/><V80/><F68/><W9/><G42/><T114/><D32/><U75/><E60/><V6/><F108/><W106/><G106/><T41/><D114/><U3/><E11/><V39/><F39/><W71/><G71/><T130/><D5/><U4/><E4/><V44/><F44/><W50/><G63/><T54/><D54/><U115/><E3/><V61/><F72/><W25/><G132/><N who="0" m="50795" /><D0/><U76/><E76/><V7/><F7/><W34/><G34/><T1/><D1/><U67/><E67/><V26/><F118/><W83/><G83/><T135/><N who="0" m="50803" /><T101/><DORA hai="87" /><D130/><U43/><E43/><V53/><F125/><W129/><G129/><T64/><D64/><U37/><E115/><V36/><F36/><W69/><G69/><T103/><D103/><U62/><E62/><V94/><F65/><W49/><G9/><T91/><D101/><U24/><E24/><V88/><F26/><W48/><G25/><N who="0" m="16439" /><D29/><U99/><E99/><N who="2" m="57767" /><F59/><W16/><G123/><T78/><D78/><U100/><E100/><AGARI ba="0,0" hai="6,10,13,53,56,61,80,81,94,97,100" m="57767" machi="100" ten="30,3900,0" yaku="8,1,52,1,54,1" doraHai="70,87" who="2" fromWho="1" sc="238,0,290,-39,310,39,162,0" /><INIT seed="5,0,0,0,5,13" ten="238,251,349,162" oya="1" hai0="19,75,133,95,88,62,91,78,45,124,50,36,89" hai1="122,25,5,98,9,72,70,17,132,14,46,120,115" hai2="38,87,123,23,37,42,86,65,82,68,39,49,93" hai3="102,60,130,41,113,21,114,79,116,101,8,107,71"/><U74/><E70/><V59/><F87/><W30/><G107/><T131/><D36/><U84/><E115/><N who="3" m="44042" /><G41/><T126/><D133/><U1/><E132/><V34/><F34/><W20/><G116/><T117/><D117/><U111/><E98/><V135/><F23/><W128/><G79/><T67/><D78/><U66/><E66/><V106/><F93/><W73/><G73/><T11/><D75/><U53/><E74/><V58/><F123/><W96/><G8/><T76/><D95/><U99/><E72/><V109/><F109/><W33/><G71/><T77/><D131/><N who="3" m="50217" /><G60/><T43/><D77/><U69/><E69/><V56/><F106/><N who="3" m="63783" /><G102/><T54/><D76/><U51/><E99/><V4/><F42/><W3/><G3/><T97/><D43/><U32/><E84/><V94/><F86/><W80/><G80/><T55/><D97/><U48/><E48/><V119/><F49/><W127/><G127/><N who="0" m="48683" /><D55/><U64/><E64/><V29/><F65/><W18/><G33/><T31/><D62/><U83/><E83/><V125/><F125/><W47/><G47/><T85/><D67/><U81/><E81/><V63/><F63/><W12/><G21/><T104/><D104/><U118/><E118/><V103/><F119/><W112/><N who="3" m="44050" /><W121/><DORA hai="100" /><G30/><T26/><D85/><U28/><E111/><V2/><F82/><W0/><G0/><T134/><D134/><U15/><E1/><V61/><F135/><W10/><G121/><T57/><D45/><U7/><E7/><V44/><F68/><W92/><G92/><T108/><D108/><RYUUKYOKU ba="0,0" sc="238,-15,251,15,349,-15,162,15" hai1="5,9,14,15,17,25,28,32,46,51,53,120,122" hai3="10,12,18,20" /><INIT seed="5,1,0,0,3,69" ten="223,266,334,177" oya="1" hai0="92,77,132,71,105,50,91,73,27,5,33,53,64" hai1="66,104,129,22,78,32,25,11,131,114,76,124,6" hai2="112,59,47,130,18,15,4,102,96,0,46,21,63" hai3="57,115,29,20,42,87,123,28,118,54,17,23,103"/><U8/><E104/><V90/><F130/><N who="1" m="49673" /><E66/><V81/><F112/><W51/><G123/><T16/><D105/><U55/><E32/><V127/><F127/><W2/><G2/><T97/><D132/><U49/><E114/><V12/><F0/><W14/><G115/><T117/><D117/><U45/><E124/><V106/><F4/><W98/><G42/><T86/><D5/><U30/><E11/><V19/><F90/><W40/><G40/><T116/><D116/><U88/><E88/><V39/><F39/><W24/><G118/><T121/><D121/><U70/><E70/><V126/><F81/><W79/><G79/><T133/><D73/><U84/><E84/><V120/><F126/><W38/><G87/><T13/><D133/><U95/><E95/><V80/><F80/><W26/><G38/><T94/><D64/><U65/><E65/><V135/><F120/><W52/><G54/><T74/><D71/><U113/><E113/><V93/><F106/><W41/><G41/><T34/><D74/><U101/><E101/><V122/><F135/><W119/><G119/><T68/><D68/><U109/><E109/><V31/><F122/><W108/><G108/><T67/><D67/><U111/><E111/><V43/><F43/><W82/><G82/><N who="0" m="47439" /><D94/><U44/><E44/><V35/><F47/><W10/><G103/><T48/><D34/><U89/><E89/><V110/><F46/><W85/><G85/><T125/><D33/><U75/><E75/><V61/><F110/><W3/><G3/><AGARI ba="1,0" hai="3,6,8,22,25,30,45,49,55,76,78" m="49673" machi="3" ten="30,1500,0" yaku="19,1" doraHai="69" who="1" fromWho="3" sc="223,0,266,18,334,0,177,-18" /><INIT seed="5,2,0,4,5,41" ten="223,284,334,159" oya="1" hai0="114,62,127,129,131,38,105,59,63,76,121,82,100" hai1="47,97,34,50,7,21,58,53,135,27,111,0,72" hai2="54,55,83,26,3,117,35,134,6,124,19,79,107" hai3="108,17,75,5,20,88,73,56,90,1,32,98,132"/><U84/><E72/><V94/><F107/><W101/><G32/><T57/><D105/><U115/><E34/><V93/><F117/><W51/><G108/><T61/><D100/><U25/><E111/><V46/><F134/><W81/><G132/><T116/><D116/><U74/><E74/><V28/><F124/><W128/><G128/><N who="0" m="49227" /><D76/><U77/><E115/><V18/><F55/><W133/><G133/><T48/><D82/><N who="1" m="47183" /><E0/><V112/><F6/><W66/><G1/><T123/><D38/><U9/><E9/><V68/><F3/><W14/><G5/><T15/><D15/><U64/><E7/><V113/><F68/><W80/><G75/><T96/><D96/><U4/><E4/><V87/><F113/><W70/><G70/><T110/><D110/><U85/><E97/><V49/><REACH who="2" step="1"/><F112/><REACH who="2" ten="223,284,324,159" step="2"/><W92/><G73/><T118/><D114/><U103/><E135/><V125/><F125/><W22/><G80/><T78/><D118/><U102/><E64/><V69/><F69/><W11/><G66/><T42/><D127/><U119/><E119/><V12/><F12/><W126/><G126/><T40/><D78/><U130/><E130/><V71/><F71/><W36/><G36/><T95/><D95/><AGARI ba="2,1" hai="18,19,26,28,35,46,49,54,79,83,87,93,94,95" machi="95" ten="40,2600,0" yaku="1,1,52,1,53,0" doraHai="41" doraHaiUra="109" who="2" fromWho="0" sc="223,-32,284,0,324,42,159,0" /><INIT seed="6,0,0,3,4,110" ten="191,284,366,159" oya="2" hai0="123,2,48,64,91,5,11,119,75,55,115,22,20" hai1="34,130,120,25,127,0,83,52,126,65,44,77,100" hai2="107,29,15,76,50,4,66,21,70,87,116,95,18" hai3="105,133,61,12,94,89,56,60,32,40,122,124,36"/><V41/><F107/><W42/><G122/><T37/><D123/><U84/><E0/><V45/><F116/><W97/><G32/><T27/><D75/><U121/><E65/><V71/><F29/><W99/><G133/><T98/><D37/><U131/><E100/><V31/><F31/><W132/><G132/><T101/><D91/><U108/><E108/><V46/><F46/><W74/><G74/><T57/><D119/><U104/><E104/><V53/><F66/><W1/><G1/><T39/><D39/><U62/><E25/><V63/><F71/><W24/><G24/><T103/><D103/><U96/><E96/><V102/><F4/><W81/><G36/><T9/><D9/><U117/><E34/><V68/><F68/><W88/><G124/><N who="1" m="47658" /><E117/><V51/><F70/><W47/><G105/><T78/><D64/><U109/><E109/><V43/><F102/><W73/><G73/><T82/><D27/><U135/><E135/><V16/><F15/><W23/><G47/><T49/><D48/><N who="1" m="28679" /><E62/><N who="3" m="24170" /><G56/><T118/><D118/><U8/><E121/><V69/><F69/><W19/><G99/><T128/><D98/><U106/><E106/><V85/><F63/><W125/><G125/><T112/><D101/><U26/><E26/><V72/><F51/><W59/><G59/><T7/><D7/><U111/><E111/><V30/><F50/><W80/><G89/><T38/><D38/><U3/><E120/><V92/><F30/><W129/><G129/><T90/><D128/><U113/><E113/><N who="0" m="43593" /><D90/><U6/><AGARI ba="0,0" hai="3,6,8,77,83,84,130,131" m="28679,47658" machi="6" ten="30,2000,0" yaku="18,1,54,1" doraHai="110" who="1" fromWho="1" sc="191,-5,284,20,366,-10,159,-5" /><INIT seed="7,0,0,0,1,117" ten="186,304,356,154" oya="3" hai0="10,40,47,125,18,67,15,103,83,55,13,9,52" hai1="42,0,33,127,86,28,108,60,6,63,16,45,23" hai2="78,100,8,46,41,126,131,85,70,50,35,80,75" hai3="104,7,54,32,59,73,25,37,113,111,31,17,5"/><W49/><G73/><T58/><D125/><U53/><E108/><V29/><F70/><W76/><G111/><T110/><D110/><U64/><E127/><V112/><F126/><W38/><G104/><T90/><D103/><U130/><E130/><V116/><F112/><W51/><G113/><T114/><D114/><U132/><E132/><V21/><F35/><W123/><G123/><T3/><D3/><U92/><E92/><V98/><F116/><W20/><G76/><T95/><D83/><U11/><E86/><V43/><F8/><W30/><G51/><N who="0" m="27111" /><D58/><U97/><E97/><V62/><F62/><W102/><G102/><T91/><D67/><U94/><E94/><N who="2" m="58455" /><F131/><W84/><G84/><N who="0" m="52679" /><D91/><U39/><E64/><V133/><F133/><W72/><G72/><T109/><D109/><U36/><E36/><V105/><F105/><W69/><G69/><T61/><D61/><U119/><E119/><V65/><F65/><W12/><REACH who="3" step="1"/><G31/><REACH who="3" ten="186,304,356,144" step="2"/><T4/><AGARI ba="0,1" hai="4,9,10,13,15,18,52,55" m="52679,27111" machi="4" ten="30,2000,0" yaku="8,1,54,1" doraHai="117" who="0" fromWho="0" sc="186,30,304,-5,356,-5,144,-10" owari="216,-18.0,299,10.0,351,45.0,134,-37.0" /></mjloggm>