<mjloggm ver="2.3"><GO type="41" lobby="0"/><UN n0="%E2%93%9D%53%75%70%68%78" n1="%6D%61%73%61%69" n2="%E3%81%A1%E3%81%BF%E3%81%A1%E3%81%BF" n3="%E3%82%B0%E3%83%AC%E3%83%BC%E3%83%97%E3%82%B5%E3%83%AF%E3%83%BC" dan="19,15,13,13" rate="2184.05,1965.30,1921.34,2013.75" sx="M,M,M,M"/><TAIKYOKU oya="0"/><INIT seed="0,0,0,5,1,47" ten="250,250,250,250" oya="0" hai0="120,30,32,51,63,80,9,46,105,41,113,93,133" hai1="101,100,3,84,49,98,92,119,129,78,110,38,37" hai2="14,102,76,15,81,39,134,122,64,62,135,27,73" hai3="85,104,7,59,109,36,34,57,74,55,5,6,99"/><T86/><D120/><U115/><E3/><V114/><F114/><W82/><G74/><T60/><D105/><U19/><E119/><V83/><F122/><W94/><G36/><T8/><D113/><U116/><E116/><V117/><F117/><W13/><G34/><T25/><D133/><N who="2" m="50698" /><F39/><W35/><G35/><T96/><D63/><U29/><E29/><V33/><F83/><W130/><G104/><T18/><D60/><U97/><E129/><V16/><F102/><W66/><G66/><T54/><D18/><U123/><E123/><V89/><F89/><N who="3" m="55759" /><G109/><T1/><D1/><U22/><E115/><V31/><F16/><W67/><G67/><T4/><D4/><U48/><E110/><V61/><F61/><N who="3" m="36031" /><G59/><AGARI ba="0,0" hai="14,15,27,31,33,59,62,64,73,76,81" m="50698" machi="59" ten="30,1000,0" yaku="20,1" doraHai="47" who="2" fromWho="3" sc="250,0,250,0,250,10,250,-10" /><INIT seed="1,0,0,3,3,33" ten="250,250,260,240" oya="1" hai0="39,27,112,8,89,45,12,125,101,110,83,19,129" hai1="16,57,133,117,85,65,73,111,48,95,36,127,75" hai2="28,63,61,79,108,52,102,105,98,64,32,2,47" hai3="71,0,59,56,55,42,126,7,86,4,104,46,109"/><U13/><E117/><V9/><F108/><W72/><G72/><T113/><D110/><U100/><E36/><V66/><F79/><W11/><G71/><T87/><D129/><U99/><E127/><V22/><F32/><W50/><G109/><T77/><D125/><U40/><E111/><V44/><F28/><W68/><G68/><T69/><D101/><U1/><E1/><V135/><F22/><W62/><G104/><T10/><D69/><U43/><E133/><V121/><F121/><W51/><G126/><T54/><D27/><U60/><E85/><V20/><F20/><W70/><G70/><T15/><D77/><U115/><E115/><V41/><F63/><W122/><G122/><T120/><D120/><U118/><E118/><V91/><F91/><W97/><G97/><T24/><D24/><U18/><E18/><V123/><F123/><W17/><G7/><T26/><D26/><U106/><E106/><V81/><F105/><W116/><G116/><T103/><D103/><U37/><E37/><V82/><F102/><W58/><G58/><T84/><D84/><U30/><E30/><V80/><F98/><W130/><G130/><T128/><D128/><U88/><E100/><V107/><F107/><W53/><G86/><T21/><D21/><U23/><REACH who="1" step="1"/><E48/><REACH who="1" ten="250,240,260,240" step="2"/><N who="2" m="26639" /><F135/><W38/><G17/><N who="0" m="8327" /><D39/><U14/><E14/><V67/><F2/><W35/><G35/><T96/><D96/><U29/><E29/><V31/><F31/><W94/><G38/><T5/><D19/><U134/><E134/><V49/><F61/><W78/><G78/><T124/><D124/><RYUUKYOKU ba="0,1" sc="250,0,240,0,260,0,240,0" hai0="5,10,15,45,54,83,87,89,112,113" hai1="13,16,23,40,43,57,60,65,73,75,88,95,99" hai2="9,47,49,52,64,66,67,80,81,82" hai3="0,4,11,42,46,50,51,53,55,56,59,62,94" /><INIT seed="1,1,1,4,5,113" ten="250,240,260,240" oya="1" hai0="118,1,9,99,3,11,6,21,117,31,26,37,4" hai1="65,114,25,80,89,20,74,90,135,72,66,60,30" hai2="115,39,16,78,28,64,94,61,79,15,54,59,43" hai3="88,23,91,71,62,24,101,0,97,29,131,50,17"/><U87/><E114/><V68/><F115/><W110/><G0/><T119/><REACH who="0" step="1"/><D99/><REACH who="0" ten="240,240,260,240" step="2"/><U49/><E135/><V8/><F28/><W7/><G29/><T92/><D92/><U18/><E74/><V128/><F128/><W10/><G110/><T13/><D13/><U38/><E72/><V108/><F108/><W51/><G131/><T33/><D33/><U130/><E130/><V84/><F94/><W32/><G32/><T95/><D95/><U46/><E38/><AGARI ba="1,2" hai="1,3,4,6,9,11,21,26,31,37,38,117,118,119" machi="38" ten="40,12000,2" yaku="21,2,9,1,52,3,53,0" doraHai="113" doraHaiUra="42" who="0" fromWho="1" sc="240,143,240,-123,260,0,240,0" /><INIT seed="2,0,0,1,1,5" ten="383,117,260,240" oya="2" hai0="52,13,121,47,80,42,24,131,77,8,41,126,95" hai1="35,102,104,29,45,99,79,6,67,93,7,60,38" hai2="0,48,43,11,116,108,22,50,111,103,132,85,55" hai3="119,128,120,10,15,133,16,32,114,130,74,37,71"/><V46/><F116/><W57/><RYUUKYOKU type="yao9" ba="0,0" sc="383,0,117,0,260,0,240,0" hai3="10,15,16,32,37,57,71,74,114,119,120,128,130,133" /><INIT seed="2,1,0,2,5,91" ten="383,117,260,240" oya="2" hai0="0,108,38,102,113,123,111,32,18,76,26,16,10" hai1="48,118,69,72,58,79,5,90,37,49,44,109,52" hai2="8,31,3,57,104,29,86,42,99,41,4,36,92" hai3="135,40,43,39,30,62,127,106,50,98,78,87,129"/><V2/><F104/><W95/><G39/><T124/><D38/><U33/><E118/><V12/><F3/><W64/><G127/><T35/><D76/><U80/><E109/><N who="0" m="42057" /><D102/><U55/><E33/><N who="0" m="12873" /><D123/><U21/><E69/><V134/><F134/><W121/><G50/><T24/><D113/><U83/><E37/><V25/><F2/><W22/><G106/><T46/><D46/><U93/><E5/><V128/><F128/><W107/><G129/><T114/><D114/><U77/><E21/><N who="2" m="15535" /><F36/><W65/><G107/><T68/><D68/><U97/><E72/><V84/><F31/><W28/><G65/><T17/><D124/><U132/><E132/><V101/><F57/><N who="3" m="36943" /><G135/><T47/><D47/><U89/><E89/><V34/><F34/><W27/><G30/><T81/><D81/><AGARI ba="1,0" hai="44,48,49,52,55,58,77,79,80,81,83,90,93,97" machi="81" ten="40,5200,0" yaku="8,1,52,1,54,1" doraHai="91" who="1" fromWho="0" sc="383,-55,117,55,260,0,240,0" /><INIT seed="3,0,0,1,3,107" ten="328,172,260,240" oya="3" hai0="50,79,76,90,9,83,96,46,52,37,41,27,116" hai1="101,21,22,68,12,47,108,71,99,5,100,39,62" hai2="44,78,55,88,95,94,113,15,2,87,63,26,17" hai3="16,121,1,43,25,102,38,73,85,130,48,119,11"/><W32/><G119/><T105/><D116/><U28/><E108/><V57/><F2/><W84/><G121/><T86/><D27/><U91/><E39/><V6/><F113/><W82/><G130/><T30/><D30/><U45/><E62/><V115/><F115/><W70/><G70/><T59/><REACH who="0" step="1"/><D9/><REACH who="0" ten="318,172,260,240" step="2"/><U56/><E28/><V112/><F26/><W19/><G25/><T18/><D18/><U0/><E5/><V135/><F6/><N who="3" m="1487" /><G32/><T120/><D120/><U4/><E4/><V67/><F112/><W134/><G19/><T29/><D29/><U111/><E111/><V75/><F17/><W98/><G16/><T66/><D66/><U20/><E12/><V61/><F15/><W7/><G7/><T54/><D54/><U93/><E0/><V51/><F67/><W64/><G64/><T81/><D81/><U8/><E8/><V125/><F55/><W117/><G117/><T97/><D97/><U36/><E71/><V65/><F65/><W103/><G98/><T72/><D72/><U10/><E68/><V24/><F24/><W80/><G80/><T133/><D133/><U53/><E10/><V110/><F135/><W104/><G134/><T127/><D127/><U89/><E101/><AGARI ba="0,1" hai="37,41,46,50,52,59,76,79,83,86,90,96,101,105" machi="101" ten="40,2600,0" yaku="1,1,54,1,53,0" doraHai="107" doraHaiUra="128" who="0" fromWho="1" sc="318,36,172,-26,260,0,240,0" /><INIT seed="4,0,0,0,5,31" ten="354,146,260,240" oya="0" hai0="28,132,0,111,32,38,12,101,95,30,23,71,97" hai1="94,66,21,92,55,58,75,48,65,135,47,102,5" hai2="36,34,113,81,49,70,29,123,10,50,16,8,9" hai3="110,114,60,87,119,59,116,105,68,13,126,6,73"/><T125/><D38/><U43/><E135/><V107/><F107/><W53/><G73/><T112/><D112/><U4/><E75/><V109/><F70/><W128/><G110/><T54/><D0/><U118/><E118/><V93/><F36/><W1/><G1/><T103/><D125/><U88/><E102/><V69/><F69/><W15/><G114/><T108/><D71/><U131/><E131/><V2/><F2/><W27/><G128/><T17/><D103/><U11/><E94/><V78/><F93/><W72/><G72/><T85/><D54/><U74/><E74/><V77/><F8/><W63/><G105/><T100/><D100/><U133/><E133/><V14/><F109/><N who="0" m="42058" /><D132/><U7/><E21/><V20/><F20/><W83/><G27/><N who="0" m="18463" /><D30/><U46/><E11/><V44/><F29/><W41/><G41/><T130/><D85/><U115/><E115/><V19/><F113/><W104/><G104/><T64/><D64/><N who="1" m="24683" /><E43/><V57/><F123/><W25/><G119/><T134/><D134/><U76/><E76/><V51/><F78/><W120/><G116/><T61/><D61/><U106/><E106/><V18/><F77/><N who="3" m="46575" /><G120/><T121/><D121/><U124/><E124/><V90/><F90/><W80/><G126/><T26/><D130/><U42/><E42/><V89/><F89/><W98/><G63/><T35/><D26/><U52/><E55/><V84/><F81/><W129/><G80/><T22/><D22/><U3/><E3/><V117/><F117/><W79/><G129/><T62/><D62/><U24/><E24/><V33/><F33/><AGARI ba="0,0" hai="12,17,23,33,35,95,97,101" m="18463,42058" machi="33" ten="30,12000,1" yaku="6,1,10,1,52,3" doraHai="31" who="0" fromWho="2" sc="354,120,146,0,260,-120,240,0" /><INIT seed="4,1,0,3,5,98" ten="474,146,140,240" oya="0" hai0="41,102,6,40,49,73,32,55,18,81,67,127,47" hai1="135,110,19,121,105,106,56,24,96,76,75,5,13" hai2="63,88,70,122,21,74,108,124,8,51,39,85,44" hai3="69,97,15,130,133,132,87,2,120,30,86,65,103"/><T36/><D127/><U64/><E121/><V131/><F122/><W104/><G2/><T25/><D67/><U107/><E110/><V114/><F108/><W80/><G120/><T33/><D6/><U113/><E113/><V68/><F114/><W34/><G15/><T126/><D126/><U78/><E135/><N who="3" m="51786" /><G130/><T12/><D25/><U43/><E43/><V48/><F131/><W20/><G20/><T61/><D61/><U38/><E38/><V129/><F129/><W57/><G57/><T26/><D26/><U3/><E3/><V60/><F74/><W29/><G34/><T0/><D33/><U95/><E24/><V59/><F21/><W100/><G100/><T52/><D102/><U16/><E75/><V62/><F8/><W84/><G80/><T46/><D0/><U82/><E82/><V119/><F124/><W118/><G118/><T134/><D32/><U4/><E4/><V10/><F10/><W50/><G50/><T37/><D49/><U72/><E72/><V116/><F39/><W117/><G117/><N who="2" m="45129" /><F59/><W71/><G65/><T9/><D134/><U109/><E56/><V112/><F112/><W66/><G66/><T17/><D17/><N who="1" m="6731" /><E64/><V77/><F77/><AGARI ba="1,0" hai="9,12,18,36,37,40,41,46,47,52,55,73,77,81" machi="77" ten="40,3900,0" yaku="9,1,54,1" doraHai="98" who="0" fromWho="2" sc="474,42,146,0,140,-42,240,0" /><INIT seed="4,2,0,3,3,87" ten="516,146,98,240" oya="0" hai0="135,103,89,11,101,92,94,116,112,24,73,76,133" hai1="75,99,1,131,93,55,38,100,67,109,52,79,42" hai2="29,40,105,62,110,37,108,9,49,126,18,50,127" hai3="57,70,25,16,60,51,115,17,85,8,124,71,26"/><T117/><D24/><U104/><E109/><N who="2" m="42091" /><F105/><W12/><G115/><T41/><D41/><U3/><E131/><V68/><F29/><W27/><G124/><N who="2" m="47657" /><F18/><W5/><G70/><T125/><D125/><U107/><E67/><N who="2" m="41079" /><F9/><W30/><G71/><T119/><D112/><U98/><E79/><V122/><F122/><W128/><G51/><T14/><D76/><U132/><E75/><V96/><F96/><W6/><G128/><T44/><D73/><U95/><E132/><N who="0" m="50761" /><D11/><U43/><REACH who="1" step="1"/><E100/><REACH who="1" ten="516,136,98,240" step="2"/><V97/><F97/><W10/><G30/><T74/><D103/><U77/><E77/><V13/><F13/><W106/><G12/><T22/><D101/><U118/><E118/><V21/><F21/><W31/><G31/><T20/><D20/><U39/><AGARI ba="2,1" hai="1,3,38,39,42,43,52,55,93,95,98,99,104,107" machi="39" ten="25,8000,1" yaku="1,1,0,1,22,2,54,1,53,0" doraHai="87" doraHaiUra="66" who="1" fromWho="1" sc="516,-42,136,96,98,-22,240,-22" /><INIT seed="5,0,0,2,3,19" ten="474,232,76,218" oya="1" hai0="121,86,4,83,94,60,23,117,11,56,22,103,55" hai1="6,74,91,53,42,79,125,106,33,63,10,41,128" hai2="134,27,58,65,39,37,102,84,109,12,30,111,25" hai3="73,3,108,77,70,49,13,59,90,52,36,46,35"/><U5/><E33/><V26/><F134/><W127/><G3/><T67/><D117/><U0/><E128/><V43/><F30/><W57/><G108/><T75/><D75/><U47/><E106/><V104/><F12/><W124/><G35/><T17/><D121/><U129/><E129/><V31/><F31/><W99/><G70/><T100/><D4/><U88/><E125/><N who="3" m="48202" /><G36/><T68/><D68/><U44/><E74/><V29/><F29/><W38/><G38/><T113/><D113/><U118/><E118/><V2/><F2/><W96/><G13/><N who="0" m="7359" /><D67/><U89/><E79/><V66/><F84/><W131/><G131/><T69/><D69/><U123/><E123/><V1/><F1/><W85/><G77/><N who="0" m="46447" /><D94/><U45/><REACH who="1" step="1"/><E6/><REACH who="1" ten="474,222,76,218" step="2"/><V133/><F111/><W132/><G73/><T82/><D82/><U40/><E40/><V80/><F43/><W48/><G132/><T78/><D78/><U97/><E97/><V54/><F133/><W14/><G99/><T98/><D98/><U126/><E126/><V62/><F80/><W119/><G96/><T122/><D122/><U71/><E71/><V16/><F109/><W101/><G119/><T72/><D72/><U135/><E135/><V95/><F104/><W92/><G85/><T64/><D64/><U61/><E61/><V130/><F130/><W105/><G105/><T7/><D7/><U110/><E110/><V28/><F66/><W18/><G101/><AGARI ba="0,1" hai="22,23,55,56,60,100,101,103" m="46447,7359" machi="101" ten="30,3900,0" yaku="8,1,52,2" doraHai="19" who="0" fromWho="3" sc="474,49,222,0,76,0,218,-39" /><INIT seed="6,0,0,2,1,78" ten="523,222,76,179" oya="2" hai0="68,74,24,70,20,30,42,108,95,84,17,112,37" hai1="8,127,129,57,6,90,47,25,40,89,82,31,107" hai2="33,21,97,4,11,77,27,39,52,2,1,54,117" hai3="16,121,123,53,0,99,115,9,126,66,110,23,69"/><V44/><F117/><W122/><G110/><T102/><D112/><U50/><E107/><V61/><F33/><W128/><G115/><T130/><D130/><U86/><E129/><V14/><F97/><W45/><G128/><T81/><D70/><U3/><E127/><V32/><F32/><W46/><G126/><T22/><D74/><U109/><E109/><V114/><F114/><W105/><G53/><T13/><D68/><U79/><E57/><V131/><F131/><W87/><G66/><T106/><D37/><U91/><E91/><V88/><F77/><W132/><G69/><T76/><D106/><U104/><E104/><V58/><F54/><W113/><G87/><T120/><D120/><U38/><E38/><V29/><REACH who="2" step="1"/><F88/><REACH who="2" ten="523,222,66,179" step="2"/><W10/><G113/><T119/><D119/><U62/><E62/><V7/><F7/><W103/><G122/><T85/><D108/><U26/><E26/><V135/><F135/><W35/><G132/><T133/><D133/><U43/><E43/><AGARI ba="0,1" hai="1,2,4,11,14,21,27,29,39,43,44,52,58,61" machi="43" ten="40,3900,0" yaku="1,1,54,1,53,0" doraHai="78" doraHaiUra="116" who="2" fromWho="1" sc="523,0,222,-39,66,49,179,0" /><INIT seed="6,1,0,0,5,25" ten="523,183,115,179" oya="2" hai0="13,82,121,34,118,51,32,54,87,102,3,20,73" hai1="12,133,129,55,76,46,124,18,91,98,57,1,15" hai2="77,97,68,69,6,30,29,113,56,61,62,48,53" hai3="24,71,78,11,50,132,81,100,2,112,134,47,4"/><V66/><F113/><W38/><G71/><T65/><D3/><U116/><E116/><V127/><F127/><W31/><G112/><T106/><D73/><U122/><E1/><V92/><F77/><W105/><G50/><T95/><D106/><U0/><E0/><V43/><F6/><W75/><G100/><T60/><D34/><U84/><E129/><V108/><F108/><W103/><G103/><T17/><D32/><U64/><E133/><V74/><F74/><W42/><REACH who="3" step="1"/><G105/><REACH who="3" ten="523,183,115,169" step="2"/><T59/><D51/><U28/><E124/><V86/><F86/><W19/><G19/><T117/><D102/><U125/><E18/><V58/><F69/><W131/><G131/><T79/><D118/><U52/><E84/><V67/><REACH who="2" step="1"/><F43/><REACH who="2" ten="523,183,105,169" step="2"/><W111/><G111/><T63/><D117/><U21/><E125/><V10/><F10/><W109/><G109/><T40/><D40/><U104/><E104/><V88/><AGARI ba="1,2" hai="29,30,48,53,56,58,61,62,66,67,68,88,92,97" machi="88" ten="20,18000,2" yaku="1,1,0,1,7,1,52,2,54,1,53,0" doraHai="25" doraHaiUra="80" who="2" fromWho="2" sc="523,-61,183,-61,105,203,169,-61" /><INIT seed="6,2,0,1,5,35" ten="462,122,308,108" oya="2" hai0="120,36,15,11,92,71,63,76,81,106,100,32,67" hai1="65,51,4,44,129,118,74,109,7,49,77,89,56" hai2="119,70,107,124,13,93,104,88,96,54,126,38,128" hai3="112,14,95,34,114,48,23,3,68,5,26,111,0"/><V29/><F70/><W27/><G68/><T52/><D36/><U53/><E109/><V50/><F38/><W122/><G111/><T113/><D113/><N who="3" m="43625" /><G122/><T108/><D106/><U41/><E118/><V99/><F119/><W86/><G48/><T55/><D32/><U39/><E129/><V37/><F37/><W61/><G61/><T19/><D120/><U91/><E65/><V12/><F29/><N who="3" m="19775" /><G95/><T57/><D108/><U131/><E131/><V21/><F128/><W78/><G78/><T62/><D92/><U127/><E127/><N who="2" m="48683" /><F21/><W110/><G86/><T16/><D100/><U60/><E39/><V79/><F79/><W20/><G110/><T66/><D19/><U22/><E22/><N who="3" m="8234" /><G26/><T83/><D83/><U10/><E51/><V18/><F99/><W59/><G59/><T117/><D117/><U45/><E56/><N who="2" m="32855" /><F18/><W125/><G125/><T17/><D17/><U80/><E77/><V90/><F90/><W28/><G28/><T98/><D98/><U24/><E91/><V1/><F104/><W31/><G31/><T40/><D40/><U133/><E89/><V130/><F107/><W105/><G105/><T94/><D94/><U46/><E41/><V30/><F30/><W101/><G101/><T103/><D103/><U73/><E74/><AGARI ba="2,0" hai="11,15,16,52,55,57,62,63,66,67,71,74,76,81" machi="74" ten="30,3900,0" yaku="7,1,54,2" doraHai="35" who="0" fromWho="1" sc="462,45,122,-45,308,0,108,0" /><INIT seed="7,0,0,4,3,37" ten="507,77,308,108" oya="3" hai0="94,69,54,100,25,80,121,119,46,122,92,107,90" hai1="108,93,36,102,87,34,134,44,35,0,48,18,109" hai2="43,105,71,22,40,123,127,97,128,95,6,104,49" hai3="38,88,23,4,82,73,10,52,135,33,55,74,118"/><W124/><G33/><T112/><D112/><U129/><E0/><V70/><F6/><W42/><G118/><T72/><D107/><U16/><E36/><V41/><F22/><W2/><G124/><T53/><D100/><U59/><E134/><V130/><F49/><W5/><G5/><T101/><D101/><U63/><E129/><N who="2" m="49771" /><F123/><W131/><G131/><T75/><D69/><N who="2" m="26122" /><F127/><W39/><G135/><T9/><D46/><U113/><E113/><V45/><F45/><N who="3" m="23767" /><G39/><T20/><D75/><U133/><E133/><V89/><AGARI ba="0,0" hai="40,41,43,89,95,97,104,105" m="26122,49771" machi="89" ten="40,8000,1" yaku="19,1,52,3" doraHai="37" who="2" fromWho="2" sc="507,-20,77,-20,308,80,108,-40" owari="487,58.0,57,-44.0,388,19.0,68,-33.0" /></mjloggm>