<mjloggm ver="2.3"><GO type="41" lobby="0"/><UN n0="%6D%74%35%36%32%32" n1="%E2%93%9D%53%75%70%68%78" n2="%E6%84%9A%E5%BD%A2%E3%81%AE%E6%84%9A%E5%85%84" n3="%73%65%61%73%74%6F%72%79" dan="15,19,15,15" rate="1985.11,2181.39,2047.49,2008.86" sx="M,M,M,M"/><TAIKYOKU oya="0"/><INIT seed="0,0,0,5,1,129" ten="250,250,250,250" oya="0" hai0="48,79,11,77,41,78,16,74,51,81,18,118,116" hai1="111,17,65,89,114,123,36,75,10,45,64,61,120" hai2="103,133,27,130,106,21,72,108,104,132,100,25,76" hai3="85,20,4,63,39,12,34,22,2,62,91,60,59"/><T86/><D74/><U119/><E75/><V99/><F130/><W47/><G34/><T134/><D134/><N who="2" m="51818" /><F108/><W82/><G2/><T95/><D41/><U35/><E114/><V71/><F71/><W73/><G73/><T5/><D118/><U52/><E35/><V14/><F103/><W117/><G117/><T93/><D116/><U6/><E111/><V66/><F66/><W3/><G3/><T128/><D128/><U38/><E65/><V88/><F88/><W109/><G109/><T1/><D51/><U127/><E127/><V57/><F57/><W56/><G39/><T0/><D48/><U28/><E89/><V19/><F106/><W50/><G59/><T54/><D54/><U53/><E53/><V40/><F40/><N who="3" m="24935" /><G56/><T110/><D110/><U94/><E52/><V55/><F55/><W13/><G63/><T131/><D131/><U90/><E61/><V30/><F30/><W135/><G62/><T68/><D68/><U37/><E28/><V126/><F126/><W44/><G60/><T49/><D49/><U125/><E64/><V102/><F102/><W83/><G135/><T122/><D77/><U23/><E125/><V26/><F72/><W46/><G46/><T121/><D78/><AGARI ba="0,0" hai="14,19,21,25,26,27,76,78,99,100,104" m="51818" machi="78" ten="30,7700,0" yaku="20,1,52,3" doraHai="129" who="2" fromWho="0" sc="250,-77,250,0,250,77,250,0" /><INIT seed="1,0,0,5,1,85" ten="173,250,327,250" oya="1" hai0="30,57,89,123,102,14,27,19,13,60,15,35,32" hai1="9,113,108,49,59,122,119,26,72,68,11,130,104" hai2="129,29,87,74,125,135,106,126,28,78,17,47,16" hai3="132,117,25,76,6,18,71,114,95,86,73,88,42"/><U110/><E113/><V63/><F106/><W24/><G114/><T91/><D123/><U67/><E122/><V2/><F2/><W83/><G71/><T80/><D102/><U55/><E72/><V120/><F120/><W99/><G117/><T45/><D80/><U100/><E130/><V22/><F74/><W96/><G132/><T12/><D45/><U101/><E119/><V90/><F78/><W98/><G6/><T93/><D93/><U115/><E26/><V134/><F47/><W131/><G131/><T133/><D133/><N who="2" m="50698" /><F63/><W92/><G42/><T33/><N who="0" m="3072" /><DORA hai="1" /><T7/><D7/><U97/><E101/><V48/><F48/><W34/><G34/><T112/><D19/><N who="2" m="7242" /><F129/><W62/><G62/><T84/><D84/><U77/><E115/><V53/><F53/><W107/><G18/><T4/><D4/><U23/><E55/><V38/><F38/><W10/><G10/><T103/><D103/><U0/><E11/><V3/><F3/><W8/><G8/><T121/><D112/><U66/><E9/><V5/><F5/><W81/><G107/><T41/><D41/><U21/><E0/><V70/><F70/><W52/><G52/><T79/><D79/><U127/><E77/><V54/><F54/><W58/><REACH who="3" step="1"/><G58/><REACH who="3" ten="173,250,327,240" step="2"/><T69/><D69/><U37/><E68/><V46/><F46/><W31/><G31/><N who="2" m="11849" /><F22/><W105/><G105/><T39/><D121/><U43/><E23/><V64/><F64/><W109/><G109/><T44/><D39/><U128/><E128/><V116/><F116/><W50/><G50/><T111/><D111/><RYUUKYOKU ba="0,1" sc="173,-15,250,-15,327,15,240,15" hai2="87,90,125,126" hai3="24,25,73,76,81,83,86,88,92,95,96,98,99" /><INIT seed="2,1,1,2,5,15" ten="158,235,342,255" oya="2" hai0="120,130,66,45,36,78,90,3,13,127,97,24,17" hai1="42,43,25,114,33,73,135,74,104,65,132,107,95" hai2="123,64,58,117,14,0,37,111,55,124,57,70,129" hai3="41,4,54,82,40,85,2,100,92,8,133,105,20"/><V49/><F0/><W59/><G133/><N who="1" m="51274" /><E114/><V113/><F113/><W39/><G105/><N who="1" m="40522" /><E65/><V46/><F117/><W110/><G110/><T56/><D120/><U7/><E7/><V29/><F123/><W118/><G118/><T1/><D78/><U61/><E61/><V134/><F134/><W119/><G119/><T38/><D24/><U77/><E95/><V28/><F111/><W86/><G39/><T116/><D116/><U96/><E96/><V94/><F94/><W103/><G92/><T12/><D97/><U126/><E77/><V27/><F28/><W62/><G103/><T18/><D90/><U101/><E126/><V83/><F124/><W5/><G5/><T32/><D127/><U87/><E87/><V84/><F70/><W131/><G100/><T102/><D102/><U79/><E79/><V10/><F64/><W115/><G115/><T112/><D112/><U69/><E69/><V75/><F84/><W81/><G86/><T128/><D32/><U31/><E101/><V67/><F67/><W51/><G85/><T44/><D66/><U98/><E98/><V50/><F83/><W122/><G82/><T60/><D60/><U125/><E125/><V108/><F108/><W93/><G81/><T16/><D56/><U71/><E71/><V76/><F58/><W106/><G59/><T26/><D26/><U30/><E30/><V21/><F57/><W91/><G106/><T88/><D36/><U34/><E34/><V23/><F37/><W6/><G93/><T48/><D38/><U52/><E52/><V53/><F76/><W22/><G54/><RYUUKYOKU ba="1,1" sc="158,-10,235,30,342,-10,255,-10" hai1="25,31,33,42,43,73,74" /><INIT seed="3,2,1,1,2,117" ten="148,265,332,245" oya="3" hai0="118,126,55,43,25,108,103,35,116,89,104,132,19" hai1="86,106,16,3,50,73,47,66,56,21,40,12,44" hai2="90,99,57,115,93,9,134,100,124,112,74,18,68" hai3="111,67,11,4,5,78,20,48,46,34,76,49,28"/><W30/><G34/><T37/><D116/><U128/><E73/><V82/><F68/><W61/><G111/><T69/><D118/><U62/><E128/><V72/><F57/><N who="3" m="37295" /><G49/><T15/><D108/><U53/><E3/><V24/><F24/><N who="3" m="16391" /><G30/><T91/><D69/><U114/><E106/><V60/><F60/><W36/><G36/><T81/><D35/><U131/><E131/><V92/><F18/><W22/><G22/><T0/><D0/><U13/><E114/><V96/><F9/><W119/><G119/><T123/><D25/><U101/><E101/><V1/><F1/><W54/><G11/><T65/><D65/><U10/><E86/><V59/><F59/><W85/><G85/><T29/><D29/><U95/><E95/><V75/><F134/><W58/><G46/><T23/><D132/><U87/><E87/><N who="2" m="50551" /><F124/><W31/><G31/><T133/><D126/><U45/><REACH who="1" step="1"/><E66/><REACH who="1" ten="148,255,332,245" step="2"/><V27/><F115/><W51/><G78/><T83/><D104/><U110/><E110/><V97/><F112/><W32/><G76/><T109/><D109/><U84/><E84/><V122/><F74/><W8/><G32/><T63/><D133/><U127/><E127/><V125/><F125/><W14/><G4/><AGARI ba="2,2" hai="4,10,12,13,16,21,40,44,45,47,50,53,56,62" machi="4" ten="30,7700,0" yaku="1,1,7,1,8,1,54,1,53,0" doraHai="117" doraHaiUra="77" who="1" fromWho="3" sc="148,0,255,103,332,0,245,-83" /><INIT seed="4,0,0,4,3,107" ten="148,358,332,162" oya="0" hai0="103,124,134,65,60,101,13,129,131,117,83,23,34" hai1="17,58,121,59,10,24,62,79,8,31,28,87,14" hai2="99,71,93,116,53,130,54,95,80,70,40,6,4" hai3="3,2,56,48,132,36,7,37,46,0,105,109,115"/><T106/><D117/><U26/><E121/><V135/><F130/><N who="0" m="49674" /><D34/><U63/><E79/><V43/><F135/><W112/><G132/><T73/><D134/><U81/><E87/><V12/><F80/><W11/><G105/><T90/><D124/><U102/><E81/><V111/><F12/><W72/><G109/><T16/><D106/><U76/><E76/><V32/><F32/><W119/><G119/><T55/><D55/><U82/><E82/><V33/><F33/><W133/><G133/><T47/><D47/><U9/><E102/><N who="0" m="38921" /><D90/><U120/><E120/><V5/><F116/><W110/><G110/><T122/><D83/><U78/><E78/><V94/><F111/><W25/><G37/><T114/><D114/><U77/><E77/><V84/><F84/><W98/><G36/><T38/><D38/><U15/><E10/><V21/><F99/><W29/><G115/><T128/><N who="0" m="49682" /><T27/><DORA hai="118" /><D122/><U51/><E51/><V68/><F21/><W113/><G113/><T123/><D123/><U20/><E20/><V75/><F54/><W100/><G112/><T85/><D85/><U66/><E66/><V57/><F53/><W104/><G104/><T61/><D73/><U45/><E45/><V19/><F75/><W52/><G72/><T41/><D41/><N who="2" m="15946" /><F57/><W126/><G126/><T39/><D39/><U64/><E64/><V69/><F69/><W89/><G2/><T1/><D1/><U125/><E125/><V49/><F49/><W86/><G0/><T50/><D50/><U97/><E97/><V42/><F42/><W44/><G3/><RYUUKYOKU type="nm" ba="0,0" sc="148,-40,358,-20,332,-20,162,80" hai1="8,9,14,15,17,24,26,28,31,58,59,62,63" hai2="4,5,6,19,68,70,71,93,94,95" /><INIT seed="5,1,0,0,2,34" ten="108,338,312,242" oya="1" hai0="18,112,42,71,101,74,26,120,27,8,128,81,47" hai1="62,131,85,55,41,20,29,72,51,37,17,123,59" hai2="98,94,135,63,73,119,25,82,108,100,122,89,11" hai3="38,1,48,13,33,115,110,111,118,30,114,24,90"/><U67/><E72/><V93/><F122/><W52/><G38/><T70/><D112/><N who="3" m="43049" /><G118/><T107/><D120/><U60/><E131/><V117/><F108/><W6/><G90/><T125/><D128/><U97/><E29/><V23/><F11/><N who="3" m="2511" /><G13/><T106/><D125/><U76/><E97/><V36/><F36/><W40/><G40/><T109/><D109/><U2/><E2/><V79/><F135/><W99/><G99/><T22/><D27/><U91/><E76/><V21/><F21/><W43/><G43/><T5/><D101/><U105/><E41/><V104/><F63/><W69/><G69/><T130/><D130/><U56/><E62/><V87/><REACH who="2" step="1"/><F93/><REACH who="2" ten="108,338,302,242" step="2"/><W95/><G95/><T4/><D107/><U14/><E123/><V58/><F58/><AGARI ba="1,1" hai="24,30,33,48,52,58,110,111" m="2511,43049" machi="58" ten="30,3900,0" yaku="15,1,52,1,54,1" doraHai="34" who="3" fromWho="2" sc="108,0,338,0,302,-42,242,52" /><INIT seed="6,0,0,1,3,59" ten="108,338,260,294" oya="2" hai0="70,24,86,131,48,84,36,44,6,97,110,81,99" hai1="88,16,109,129,5,23,27,2,85,40,114,112,92" hai2="47,116,102,3,45,73,31,103,133,113,128,91,20" hai3="22,17,42,8,89,57,0,9,72,60,18,132,79"/><V62/><F116/><W28/><G132/><T14/><D110/><U76/><E109/><V69/><F73/><W66/><G42/><T126/><D36/><U29/><E129/><V4/><F113/><N who="1" m="43625" /><E40/><V43/><F133/><W124/><G124/><T134/><D134/><U11/><E76/><V122/><F122/><W118/><G118/><T37/><D37/><U12/><E29/><V68/><F128/><W83/><G89/><T117/><D126/><U104/><E104/><V52/><F68/><W127/><G127/><T21/><D70/><U55/><E55/><V58/><F69/><W100/><G100/><N who="2" m="38441" /><F4/><W93/><G93/><T15/><D117/><U123/><E123/><V120/><F3/><AGARI ba="0,0" hai="2,3,5,11,12,16,23,27,85,88,92" m="43625" machi="3" ten="30,3900,0" yaku="15,1,54,2" doraHai="59" who="1" fromWho="2" sc="108,0,338,39,260,-39,294,0" /><INIT seed="7,0,0,3,5,62" ten="108,377,221,294" oya="3" hai0="92,57,76,91,41,80,7,45,90,60,17,112,11" hai1="28,97,116,94,107,50,74,46,1,44,48,39,134" hai2="40,10,78,3,110,135,22,54,75,49,106,32,82" hai3="120,18,26,108,59,86,35,70,79,4,115,105,37"/><W88/><G120/><T118/><D118/><U29/><E134/><V13/><F110/><W132/><G132/><T111/><D111/><U93/><E1/><V14/><F106/><W6/><G70/><T77/><D112/><U20/><E39/><V38/><F32/><W83/><G37/><T65/><D17/><U126/><E126/><V125/><F125/><W12/><G105/><T55/><D55/><N who="1" m="30087" /><E74/><V103/><F103/><W96/><G108/><T129/><D129/><U33/><E33/><V124/><F124/><W19/><G115/><T43/><D43/><N who="1" m="24927" /><E107/><V30/><F135/><W113/><G113/><T102/><D102/><N who="1" m="60719" /><E116/><V85/><F75/><W104/><G104/><T63/><D63/><U15/><E94/><V73/><F73/><W121/><G121/><T5/><D5/><N who="3" m="2153" /><G35/><T25/><D25/><U56/><E56/><V42/><F3/><W9/><G59/><T117/><D117/><U71/><E71/><V114/><F38/><W58/><G58/><T66/><D77/><U128/><E128/><V47/><F114/><W84/><G96/><T101/><D101/><U68/><E68/><V69/><F69/><W127/><G127/><T52/><D90/><U64/><E64/><N who="0" m="24681" /><D80/><U27/><E15/><V87/><F14/><W98/><G98/><N who="0" m="57631" /><D76/><U72/><E72/><V99/><F78/><W34/><G34/><T61/><D61/><U131/><E131/><V23/><F82/><N who="3" m="49239" /><G26/><T81/><D81/><U122/><E122/><V21/><F42/><W2/><G2/><T100/><D100/><U53/><E53/><V123/><F40/><W119/><G119/><RYUUKYOKU ba="0,0" sc="108,-15,377,15,221,-15,294,15" hai1="20,27,28,29" hai3="9,12,18,19,79,83,84" /><INIT seed="7,1,0,5,1,116" ten="93,392,206,309" oya="3" hai0="104,33,115,92,67,30,103,90,40,29,102,49,65" hai1="124,128,109,117,1,18,130,14,114,68,17,87,89" hai2="71,132,39,51,31,41,113,108,62,4,123,75,66" hai3="44,20,25,53,37,119,56,79,6,5,111,120,15"/><W122/><G119/><T63/><D104/><U93/><E124/><V16/><F31/><W27/><G79/><T34/><D115/><U59/><E109/><V10/><F108/><W98/><G111/><T36/><D49/><U38/><E114/><V61/><F75/><W13/><G44/><T24/><D40/><U121/><E121/><V23/><F113/><W26/><G37/><T106/><D106/><U76/><E1/><V81/><F132/><W42/><G42/><T80/><D80/><U133/><E68/><V97/><F97/><W3/><G98/><T131/><D131/><N who="1" m="50219" /><E133/><V118/><F118/><W0/><G56/><T72/><D72/><U12/><E76/><V8/><F61/><W77/><G53/><T58/><D36/><U22/><E117/><V48/><F8/><N who="3" m="2111" /><G77/><T64/><D64/><U99/><E59/><V70/><F70/><W43/><G43/><T91/><D58/><U86/><E38/><V129/><F129/><W125/><G125/><T11/><D11/><AGARI ba="1,0" hai="11,12,14,17,18,22,86,87,89,93,99" m="50219" machi="11" ten="30,1000,0" yaku="19,1" doraHai="116" who="1" fromWho="0" sc="93,-13,392,13,206,0,309,0" owari="80,-42.0,405,50.0,206,-19.0,309,11.0" /></mjloggm>