<mjloggm ver="2.3"><GO type="41" lobby="0"/><UN n0="%E2%93%9D%53%75%70%68%78" n1="%E7%94%B0%E4%B8%AD%E3%81%A8%E3%81%8B" n2="%E3%81%BB%E3%81%86%E3%82%88%E3%81%86%E3%81%95%E3%81%8B%E3%81%AA" n3="%E3%82%A2%E3%83%AB%E3%82%B8%E3%83%A3%E3%82%B8%E3%83%BC%E3%83%A9" dan="19,15,14,14" rate="2133.37,1997.37,1921.76,1936.47" sx="M,M,M,M"/><TAIKYOKU oya="0"/><INIT seed="0,0,0,2,2,113" ten="250,250,250,250" oya="0" hai0="45,119,100,131,53,111,120,51,89,96,38,84,70" hai1="28,88,15,118,114,16,55,41,27,129,58,50,32" hai2="87,61,20,52,12,66,127,24,109,121,95,40,42" hai3="8,130,5,101,21,107,3,9,59,92,80,63,60"/><T108/><D120/><U7/><E129/><V115/><F115/><W106/><G130/><T37/><D131/><U72/><E72/><V103/><F121/><W122/><G122/><T44/><D70/><U6/><E118/><V73/><F73/><W91/><G101/><T35/><D35/><U105/><E41/><V1/><F1/><W104/><G80/><T25/><D25/><U85/><E105/><V71/><F127/><W17/><G9/><T123/><D123/><U132/><E132/><V94/><F12/><W124/><G124/><T90/><D119/><U76/><E76/><V48/><F94/><W22/><G63/><T83/><D90/><U13/><E13/><V10/><F10/><W77/><G77/><T49/><D96/><U57/><E57/><V36/><F36/><W117/><G117/><T102/><D38/><U0/><E0/><V112/><F112/><W110/><G110/><N who="0" m="42027" /><D37/><U64/><E64/><V135/><F109/><W23/><G17/><T56/><D56/><U19/><E19/><V125/><F125/><W99/><REACH who="3" step="1"/><G107/><REACH who="3" ten="250,250,250,240" step="2"/><T39/><D39/><U134/><E114/><V4/><F135/><W75/><G75/><T133/><D133/><U116/><E116/><V65/><F4/><W126/><G126/><T86/><D86/><U47/><E134/><V79/><F79/><W11/><G11/><T82/><D82/><N who="1" m="49207" /><E58/><V29/><F87/><W31/><G31/><T69/><D69/><U33/><E33/><V93/><F71/><W81/><G81/><T97/><D97/><U43/><E32/><V46/><F103/><W18/><G18/><RYUUKYOKU ba="0,1" sc="250,15,250,-15,250,-15,240,15" hai0="44,45,49,51,53,83,84,89,100,102" hai3="3,5,8,21,22,23,59,60,91,92,99,104,106" /><INIT seed="0,1,1,2,2,61" ten="265,235,235,255" oya="0" hai0="10,81,7,9,51,49,79,58,3,72,132,125,59" hai1="77,86,38,80,34,30,90,89,96,8,27,48,60" hai2="13,110,84,116,62,103,40,32,46,67,108,64,74" hai3="119,91,63,134,118,127,23,5,36,41,78,52,35"/><T122/><D122/><U92/><E38/><V100/><F116/><W12/><G35/><T117/><D117/><U97/><E8/><V17/><F74/><W87/><G78/><T128/><D128/><U104/><E48/><N who="2" m="26695" /><F32/><W83/><G119/><T106/><D106/><U11/><E11/><N who="2" m="6335" /><F62/><W98/><G5/><T24/><D132/><U31/><E31/><V6/><F6/><W1/><G1/><T45/><D125/><U56/><E104/><V47/><F47/><W73/><G73/><T107/><D107/><U123/><E123/><V85/><F108/><W121/><G121/><T102/><D102/><N who="2" m="38954" /><F110/><W131/><G131/><T57/><D10/><U124/><E124/><V65/><AGARI ba="1,1" hai="64,65,67,84,85" m="38954,6335,26695" machi="65" ten="30,7900,0" yaku="8,1,52,3" doraHai="61" who="2" fromWho="2" sc="265,-40,235,-21,235,92,255,-21" /><INIT seed="1,0,0,0,0,6" ten="225,214,327,234" oya="1" hai0="36,4,121,13,66,20,134,128,76,32,0,91,93" hai1="125,113,40,14,21,5,45,24,58,116,27,90,50" hai2="83,9,80,1,124,131,34,79,51,68,11,2,69" hai3="112,57,129,94,96,15,81,77,55,98,135,82,8"/><U75/><E113/><V123/><F34/><W126/><G112/><T71/><D36/><U109/><E75/><V3/><F123/><W87/><G129/><T7/><D32/><U42/><E116/><V130/><F51/><W89/><G126/><T70/><D76/><U41/><E125/><V60/><F124/><W39/><G39/><T120/><D134/><U37/><E37/><V99/><F99/><N who="3" m="57807" /><G135/><T86/><D128/><N who="2" m="49194" /><F60/><N who="3" m="35903" /><G81/><N who="2" m="31305" /><F79/><W72/><G72/><T49/><D121/><U104/><E104/><V61/><F61/><W105/><G105/><T67/><D120/><U10/><E58/><V35/><F35/><W28/><G28/><T102/><D71/><AGARI ba="0,0" hai="1,2,3,9,11,68,69,71" m="31305,49194" machi="71" ten="40,8000,1" yaku="28,2,19,1,52,2" doraHai="6" who="2" fromWho="0" sc="225,-80,214,0,327,80,234,0" /><INIT seed="2,0,0,5,5,102" ten="145,214,407,234" oya="2" hai0="112,95,47,87,99,17,59,12,56,98,108,100,135" hai1="60,66,118,127,115,120,1,78,91,90,50,40,42" hai2="96,132,119,30,7,13,27,3,52,125,29,61,97" hai3="80,24,94,77,126,130,73,21,134,128,74,37,15"/><V49/><F119/><W116/><G116/><T81/><D108/><U82/><E1/><V14/><F125/><W89/><G37/><T41/><D135/><U6/><E115/><V33/><F30/><W111/><G111/><T16/><D112/><U43/><E127/><V68/><F132/><W62/><G126/><T48/><D99/><U64/><E6/><V35/><F35/><W88/><G74/><T75/><D75/><U103/><E66/><V107/><F3/><W34/><G34/><T72/><D72/><U28/><E28/><V84/><F84/><W83/><G83/><T11/><REACH who="0" step="1"/><D17/><REACH who="0" ten="135,214,407,234" step="2"/><U51/><E118/><V71/><F96/><W92/><G134/><T39/><D39/><U93/><E120/><V9/><F7/><W104/><G73/><T0/><D0/><U10/><E43/><V113/><F113/><W106/><G77/><AGARI ba="0,1" hai="11,12,16,41,47,48,56,59,77,81,87,95,98,100" machi="77" ten="30,7700,0" yaku="1,1,7,1,8,1,54,1,53,0" doraHai="102" doraHaiUra="63" who="0" fromWho="3" sc="135,87,214,0,407,0,234,-77" /><INIT seed="3,0,0,4,3,3" ten="222,214,407,157" oya="3" hai0="47,69,11,111,30,94,9,61,115,32,2,54,109" hai1="39,103,53,37,77,34,131,40,86,105,91,6,10" hai2="28,122,13,95,90,82,100,67,21,124,59,51,20" hai3="31,8,108,114,60,98,76,36,68,135,66,101,52"/><W58/><G114/><T17/><D115/><U112/><E34/><V127/><F122/><W48/><G76/><T25/><D94/><U134/><E131/><V83/><F100/><W99/><G31/><T84/><D84/><U72/><E134/><V79/><F28/><W81/><G81/><T102/><D102/><U75/><E53/><N who="2" m="32191" /><F67/><W0/><G135/><T130/><D130/><U42/><E86/><N who="2" m="52695" /><F21/><W24/><G24/><T92/><D92/><U44/><E91/><V73/><F83/><W29/><G29/><T80/><D80/><U121/><E77/><V43/><F43/><W125/><G125/><T19/><D30/><U117/><E121/><V129/><F129/><W106/><G108/><T110/><D32/><U97/><E117/><V120/><F120/><W38/><G98/><T56/><D69/><U126/><E126/><V12/><F12/><W132/><REACH who="3" step="1"/><G132/><REACH who="3" ten="222,214,407,147" step="2"/><T18/><D25/><U63/><E112/><V5/><F127/><W46/><G46/><T74/><D47/><N who="1" m="23951" /><E63/><V65/><F124/><W70/><G70/><T113/><D113/><U88/><E88/><V23/><F82/><W22/><G22/><T33/><D33/><U119/><E119/><V93/><F79/><W4/><AGARI ba="0,1" hai="0,4,8,36,38,48,52,58,60,66,68,99,101,106" machi="4" ten="30,12000,1" yaku="1,1,0,1,52,1,54,1,53,1" doraHai="3" doraHaiUra="96" who="3" fromWho="3" sc="222,-40,214,-40,407,-40,147,130" /><INIT seed="3,1,0,5,2,90" ten="182,174,367,277" oya="3" hai0="36,11,23,85,107,58,77,40,88,82,116,18,28" hai1="53,57,115,34,76,20,38,29,122,6,37,62,45" hai2="114,132,42,70,54,25,108,35,67,47,104,113,96" hai3="26,106,102,94,43,133,98,75,21,120,103,124,0"/><W79/><G0/><T97/><D116/><U69/><E115/><V50/><F108/><W93/><G43/><T134/><D134/><U72/><E34/><V78/><F78/><W9/><G133/><T129/><D129/><U64/><E6/><V65/><F132/><W27/><G9/><T86/><D28/><U105/><E105/><V56/><F96/><W32/><G32/><T109/><D109/><U110/><E122/><V126/><F104/><W48/><G103/><T63/><D36/><U83/><E29/><V3/><F3/><W39/><G39/><T44/><D11/><U117/><E20/><V7/><F7/><W131/><G120/><T1/><D1/><U111/><E117/><V19/><F35/><W95/><G21/><T5/><D97/><U73/><E73/><V130/><F67/><W33/><G33/><T12/><D5/><U81/><E83/><V84/><F126/><W74/><G124/><T66/><D107/><U91/><E91/><V127/><F127/><W99/><G99/><T125/><D125/><U89/><E89/><V101/><F130/><W22/><G131/><T24/><D40/><N who="1" m="22671" /><E38/><N who="2" m="21975" /><F84/><W71/><G71/><T49/><D86/><U61/><E111/><V13/><F101/><W14/><G14/><T17/><D77/><U4/><E4/><V46/><F25/><N who="3" m="9227" /><G22/><N who="0" m="11559" /><D44/><U52/><E110/><V41/><F13/><W121/><G121/><T119/><D119/><U10/><E10/><V59/><F19/><W80/><G74/><T87/><D87/><U68/><E68/><V118/><F118/><W60/><G60/><T55/><D63/><RYUUKYOKU ba="1,0" sc="182,10,174,10,367,-30,277,10" hai0="18,23,24,49,55,58,66,82,85,88" hai1="52,53,57,61,62,64,69,72,76,81" hai3="48,75,79,80,93,94,95,98,102,106" /><INIT seed="3,2,0,4,3,135" ten="192,184,337,287" oya="3" hai0="106,131,93,72,32,42,45,62,68,109,121,26,16" hai1="123,20,44,40,97,94,124,118,25,134,0,120,15" hai2="126,30,12,34,35,29,19,49,43,111,96,33,102" hai3="79,57,59,89,122,107,99,78,36,65,5,74,23"/><W52/><G122/><T108/><D106/><U9/><E0/><V37/><F111/><N who="0" m="42570" /><D72/><U82/><E134/><V95/><F37/><W2/><G36/><N who="0" m="21703" /><D121/><U129/><E129/><V71/><F71/><W100/><G65/><N who="0" m="41015" /><D93/><U14/><E14/><V61/><F61/><W132/><G59/><T125/><D131/><U3/><E3/><V130/><F130/><W6/><G132/><T17/><D125/><U75/><E124/><V13/><F126/><W4/><G2/><T31/><AGARI ba="2,0" hai="16,17,26,31,32" m="41015,21703,42570" machi="31" ten="30,2000,0" yaku="14,1,54,1" doraHai="135" who="0" fromWho="0" sc="192,26,184,-7,337,-7,287,-12" /><INIT seed="4,0,0,3,3,53" ten="218,177,330,275" oya="0" hai0="44,130,113,75,133,49,68,93,85,9,17,135,108" hai1="1,56,102,112,97,14,60,40,132,70,50,77,96" hai2="12,66,87,23,129,88,123,99,42,33,8,86,74" hai3="3,118,19,126,111,20,122,16,120,34,48,127,6"/><T71/><D75/><U37/><E1/><V55/><F33/><W94/><G94/><T5/><D113/><U21/><E132/><N who="0" m="50761" /><D17/><U13/><E77/><V46/><F74/><W11/><G48/><T39/><D39/><U65/><E97/><V27/><F129/><W29/><G34/><T131/><D85/><U2/><E2/><V26/><F66/><W54/><G54/><N who="0" m="29991" /><D93/><U43/><E43/><V30/><F27/><N who="3" m="16615" /><G111/><T61/><D108/><U52/><E21/><V109/><F109/><W80/><G80/><T18/><D18/><N who="3" m="6697" /><G118/><T82/><D82/><U15/><E112/><V121/><F99/><W104/><G104/><T32/><D32/><U117/><E117/><V79/><F86/><W89/><G89/><T83/><D83/><U69/><E69/><N who="0" m="26697" /><D61/><U81/><E81/><N who="2" m="49263" /><F79/><W106/><G106/><T47/><D47/><U4/><E4/><V24/><F24/><W64/><G64/><T28/><D28/><U98/><E102/><V119/><F119/><W67/><G67/><T51/><D51/><U84/><E84/><V101/><F101/><W124/><AGARI ba="0,0" hai="3,6,11,120,122,124,126,127" m="6697,16615" machi="124" ten="40,8000,1" yaku="18,1,34,2,54,1" doraHai="53" who="3" fromWho="3" sc="218,-40,177,-20,330,-20,275,80" /><INIT seed="5,0,0,3,2,53" ten="178,157,310,355" oya="1" hai0="56,19,127,78,46,22,28,129,124,7,93,90,128" hai1="134,10,25,125,84,50,91,62,42,77,34,18,115" hai2="47,109,89,102,87,69,63,68,80,26,57,82,31" hai3="15,70,5,96,64,118,72,130,49,120,9,43,2"/><U12/><E125/><N who="0" m="48201" /><D46/><U119/><E134/><V135/><F109/><W122/><G72/><T38/><D7/><U17/><E115/><V85/><F135/><W101/><G130/><N who="0" m="50283" /><D78/><U51/><E119/><V13/><F47/><W44/><G118/><T98/><D28/><U106/><E106/><V110/><F102/><W60/><G2/><T24/><D38/><U21/><E77/><V94/><F110/><W36/><G49/><T83/><D83/><U126/><E126/><V133/><F133/><W95/><AGARI ba="0,0" hai="5,9,15,36,43,44,60,64,70,95,96,101,120,122" machi="95" ten="20,1500,0" yaku="0,1,7,1" doraHai="53" who="3" fromWho="3" sc="178,-4,157,-7,310,-4,355,15" /><INIT seed="6,0,0,5,3,115" ten="174,150,306,370" oya="2" hai0="13,113,12,57,94,61,89,84,109,98,90,85,116" hai1="101,1,33,81,127,27,16,37,121,112,67,35,23" hai2="64,14,17,120,3,102,39,99,29,78,19,106,53" hai3="30,45,108,20,15,51,50,56,107,10,114,86,135"/><V24/><F120/><W52/><G107/><T32/><D32/><U5/><E37/><V75/><F3/><W126/><G114/><T9/><D113/><U68/><E112/><V43/><F53/><W69/><G69/><T128/><D128/><U88/><E127/><V76/><F64/><W8/><G126/><T87/><D109/><U130/><E130/><V40/><F39/><W92/><G135/><T132/><D132/><U11/><E101/><V123/><F123/><W65/><G65/><N who="0" m="39087" /><D116/><U42/><E42/><V104/><F104/><W82/><G92/><N who="0" m="56591" /><D13/><U79/><E121/><V74/><F14/><W54/><G108/><T83/><D83/><U36/><E36/><V21/><F74/><W73/><G73/><T34/><D34/><U55/><E79/><V28/><F75/><W96/><G96/><T133/><D133/><U117/><E117/><V77/><REACH who="2" step="1"/><F28/><REACH who="2" ten="174,150,296,370" step="2"/><W105/><G105/><T58/><D58/><U46/><E67/><V72/><F72/><W129/><G129/><T95/><D95/><U26/><E68/><V111/><F111/><W38/><G38/><T22/><D9/><U71/><E71/><V103/><F103/><W41/><G54/><T97/><D12/><U2/><E2/><V110/><F110/><W63/><G8/><T118/><D118/><U31/><E11/><V62/><F62/><W119/><G63/><T48/><D48/><U124/><E1/><V6/><F6/><W47/><G119/><T0/><D0/><U122/><E5/><V25/><F25/><W59/><G10/><T131/><D131/><U66/><E124/><RYUUKYOKU ba="0,1" sc="174,15,150,-15,296,15,370,-15" hai0="22,84,85,87,90,94,97" hai2="17,19,21,24,29,40,43,76,77,78,99,102,106" /><INIT seed="6,1,1,0,4,72" ten="189,135,311,355" oya="2" hai0="35,66,123,17,118,97,98,132,126,29,102,62,95" hai1="88,77,106,64,51,111,52,15,124,131,9,130,93" hai2="36,76,37,80,31,60,89,122,43,110,44,112,32" hai3="125,119,100,30,13,6,120,42,84,53,22,58,16"/><V19/><F122/><W33/><G119/><T47/><D123/><U18/><E106/><V38/><F110/><W28/><G120/><T127/><D118/><U85/><E124/><N who="0" m="47657" /><D132/><U50/><E50/><V41/><F112/><W25/><G100/><T73/><D73/><U82/><E64/><V65/><F89/><W40/><G125/><T71/><D17/><U48/><E48/><V101/><F19/><W21/><G6/><T135/><D135/><U61/><E61/><V117/><F101/><W113/><G113/><T75/><D75/><U39/><E39/><V96/><F96/><W83/><G33/><T90/><D47/><U107/><E107/><V10/><F117/><W128/><G30/><T20/><D35/><U94/><E111/><V103/><F10/><W23/><G23/><T92/><D20/><U63/><E63/><V34/><F103/><W86/><G86/><T14/><D14/><U108/><E108/><V57/><F34/><W4/><G4/><T133/><D133/><U81/><E81/><V24/><REACH who="2" step="1"/><F44/><REACH who="2" ten="189,135,301,355" step="2"/><W87/><G128/><N who="1" m="49194" /><E77/><V56/><F56/><AGARI ba="1,2" hai="9,15,18,51,52,56,82,85,88,93,94" m="49194" machi="56" ten="30,3900,0" yaku="19,1,54,2" doraHai="72" who="1" fromWho="2" sc="189,0,135,62,301,-42,355,0" /><INIT seed="7,0,0,0,1,50" ten="189,197,259,355" oya="3" hai0="57,95,101,12,7,55,118,9,3,2,77,40,105" hai1="65,112,93,129,90,116,60,121,39,67,76,100,47" hai2="78,132,42,45,49,0,17,10,33,88,98,122,21" hai3="96,133,14,34,104,4,26,84,31,92,128,91,61"/><W80/><G133/><T44/><D105/><U89/><E121/><V134/><F78/><W52/><G128/><T5/><D118/><U130/><E112/><V102/><F33/><W20/><G104/><T22/><D77/><U106/><E106/><V64/><F64/><W23/><G34/><T62/><D7/><U126/><E126/><V115/><F102/><W13/><G4/><T11/><D11/><U71/><E67/><V48/><F115/><W51/><G61/><T114/><D114/><U74/><E116/><V125/><F125/><W82/><G20/><T27/><D101/><U103/><E90/><V37/><F122/><W68/><G68/><T108/><D95/><U6/><E6/><V107/><F10/><W110/><G110/><T81/><D81/><N who="3" m="31337" /><G96/><T41/><D108/><U83/><E47/><AGARI ba="0,0" hai="13,14,23,26,31,47,51,52,84,91,92" m="31337" machi="47" ten="30,5800,0" yaku="8,1,52,1,54,1" doraHai="50" who="3" fromWho="1" sc="189,0,197,-58,259,0,355,58" owari="189,-21.0,139,-36.0,259,6.0,413,51.0" /></mjloggm>