<mjloggm ver="2.3"><GO type="41" lobby="0"/><UN n0="%72%69%72%69%6D%69" n1="%4B%55%52%4F%30%30%30" n2="%E2%93%9D%53%75%70%68%78" n3="%E5%8F%B0%E5%8C%97%E7%9B%B4%E7%9B%B4%E5%8F%A3%E3%83%B3" dan="14,15,19,15" rate="1954.30,2005.05,2210.92,2014.83" sx="M,M,M,F"/><TAIKYOKU oya="0"/><INIT seed="0,0,0,1,2,60" ten="250,250,250,250" oya="0" hai0="27,134,95,20,113,68,37,79,98,69,14,15,116" hai1="105,97,35,81,38,132,41,51,46,8,65,87,11" hai2="55,21,107,121,73,18,115,57,99,56,90,119,128" hai3="1,22,53,49,9,104,50,67,13,47,93,84,40"/><T52/><D116/><U85/><E35/><V24/><F121/><W70/><G104/><T54/><D113/><U91/><E132/><V94/><F115/><W17/><G70/><T122/><D122/><U76/><E38/><V74/><F128/><W126/><G126/><T42/><D134/><U78/><E105/><V118/><F57/><W7/><G67/><T109/><D79/><U44/><E44/><V31/><F31/><W110/><G110/><T30/><D69/><U133/><E133/><V120/><F107/><W0/><G93/><T108/><D68/><U2/><E2/><V129/><F129/><W88/><G0/><T100/><D42/><U83/><E65/><V111/><F111/><N who="0" m="42570" /><D37/><U4/><E4/><V45/><F45/><W135/><G135/><T23/><D23/><U43/><E43/><V36/><F36/><W62/><G62/><T5/><D14/><U39/><E39/><V16/><F120/><W117/><G117/><N who="2" m="44553" /><F18/><W103/><G103/><T75/><D75/><U72/><E97/><V82/><F82/><AGARI ba="0,0" hai="8,11,41,46,51,72,76,78,81,82,83,85,87,91" machi="82" ten="30,1000,0" yaku="7,1" doraHai="60" who="1" fromWho="2" sc="250,0,250,10,250,-10,250,0" /><INIT seed="1,0,0,1,2,90" ten="250,260,240,250" oya="1" hai0="8,3,128,47,130,51,44,21,32,19,11,112,82" hai1="126,106,15,30,36,28,7,79,66,17,29,92,83" hai2="134,133,34,5,81,77,110,120,2,96,80,22,33" hai3="18,121,124,71,65,91,118,67,27,98,99,102,56"/><U72/><E106/><V125/><F120/><W57/><G118/><T107/><D32/><U60/><E36/><V87/><F22/><W94/><G121/><T132/><D112/><U37/><E37/><V46/><F125/><W95/><G124/><T61/><D132/><N who="2" m="50794" /><F110/><W24/><G71/><T89/><D107/><U16/><E126/><V64/><F64/><N who="3" m="24651" /><G18/><T42/><D3/><U104/><E104/><V114/><F46/><W117/><G117/><T14/><D128/><U70/><E7/><V88/><F114/><W6/><G6/><T123/><D123/><U9/><REACH who="1" step="1"/><E17/><REACH who="1" ten="250,250,240,250" step="2"/><V111/><F111/><W59/><AGARI ba="0,1" hai="24,27,56,57,59,91,94,95,98,99,102" m="24651" machi="59" ten="30,4000,0" yaku="8,1,52,2" doraHai="90" who="3" fromWho="3" sc="250,-10,250,-20,240,-10,250,50" /><INIT seed="2,0,0,4,2,56" ten="240,230,230,300" oya="2" hai0="104,57,68,47,107,76,114,48,59,88,26,87,42" hai1="66,52,70,111,96,32,4,98,65,94,39,2,106" hai2="30,58,10,38,45,72,108,93,43,74,23,63,86" hai3="121,22,80,103,34,5,83,91,102,44,92,110,13"/><V49/><F108/><W116/><G116/><T36/><D114/><U97/><E111/><V75/><F10/><W15/><G34/><T55/><D76/><U24/><E39/><V124/><F124/><W85/><G121/><T46/><D26/><U14/><E2/><V73/><F73/><W61/><G110/><T115/><D115/><U90/><E4/><V21/><F38/><W33/><G33/><T119/><D119/><U134/><E14/><V127/><F127/><W37/><G37/><T53/><D68/><U84/><E134/><V133/><F133/><W109/><G109/><T11/><D11/><U64/><E52/><V60/><F30/><W69/><G44/><T120/><D120/><U135/><E135/><V118/><F118/><W67/><G15/><T113/><D113/><U62/><E32/><V50/><F50/><W35/><G35/><T71/><D71/><U131/><E131/><V82/><F93/><W27/><G83/><T41/><D36/><U6/><E6/><V99/><F99/><W79/><G13/><T125/><D125/><U7/><E7/><V20/><REACH who="2" step="1"/><F58/><REACH who="2" ten="240,230,220,300" step="2"/><W0/><G0/><T25/><D59/><U3/><E106/><V95/><F95/><W1/><G1/><T18/><D104/><U8/><E3/><V101/><F101/><W9/><G9/><T105/><D107/><U132/><E132/><V77/><AGARI ba="0,1" hai="20,21,23,43,45,49,60,63,72,74,75,77,82,86" machi="77" ten="40,12000,1" yaku="1,1,0,1,52,2,53,0" doraHai="56" doraHaiUra="31" who="2" fromWho="2" sc="240,-40,230,-40,220,130,300,-40" /><INIT seed="2,1,0,3,3,22" ten="200,190,350,260" oya="2" hai0="30,120,122,26,28,91,6,115,40,25,27,18,49" hai1="34,37,116,23,7,78,56,107,12,29,80,89,111" hai2="68,121,55,95,63,86,84,45,9,5,50,44,60" hai3="98,109,83,133,20,32,79,117,47,3,73,64,67"/><V94/><F121/><N who="0" m="46698" /><D49/><U58/><E37/><V134/><F134/><W96/><G117/><T16/><D40/><U74/><E116/><V31/><F68/><W135/><G3/><T51/><D51/><U46/><E46/><V93/><F31/><N who="0" m="11818" /><D91/><U19/><E107/><V17/><F17/><N who="0" m="6762" /><D6/><U85/><E7/><V38/><F38/><W104/><G32/><T99/><D99/><N who="3" m="37929" /><G104/><T125/><D125/><U62/><E111/><V65/><F45/><W132/><G109/><T43/><D43/><U14/><E62/><V123/><F123/><W59/><G59/><T36/><D36/><U77/><E78/><V81/><F63/><W128/><G128/><T118/><D118/><U70/><E70/><V130/><F130/><W76/><G47/><T82/><D82/><U69/><E69/><V54/><F81/><N who="3" m="45199" /><G20/><T126/><D126/><U114/><E77/><V100/><F44/><W4/><G4/><T66/><D66/><U41/><E41/><V48/><F65/><W106/><G106/><T53/><D53/><U113/><E74/><AGARI ba="1,0" hai="64,67,74,79,83,132,133,135" m="45199,37929" machi="74" ten="30,1000,0" yaku="20,1" doraHai="22" who="3" fromWho="1" sc="200,0,190,-13,350,0,260,13" /><INIT seed="3,0,0,4,4,40" ten="200,177,350,273" oya="3" hai0="16,130,118,113,85,116,1,9,17,94,54,69,77" hai1="126,97,91,135,7,47,115,83,74,127,110,22,80" hai2="51,79,45,10,0,56,8,128,70,13,90,57,95" hai3="93,20,14,125,3,109,120,21,134,75,131,26,52"/><W132/><G120/><T5/><D130/><U18/><E115/><V31/><F70/><W88/><G75/><T62/><D113/><U111/><E7/><V35/><F35/><W92/><G3/><T133/><D133/><N who="3" m="51305" /><G131/><T55/><D116/><U4/><E4/><V124/><F124/><N who="1" m="47657" /><E135/><V23/><F79/><W122/><G122/><T29/><D29/><U24/><E74/><V107/><F107/><W36/><G36/><T50/><D118/><U48/><E97/><V84/><F0/><W103/><G125/><T63/><D69/><U96/><E96/><V72/><F72/><W2/><G2/><T61/><D55/><N who="1" m="30111" /><E91/><V19/><F128/><W28/><G109/><AGARI ba="0,0" hai="18,22,24,80,83,109,110,111" m="30111,47657" machi="109" ten="30,3900,0" yaku="14,1,18,1,52,1" doraHai="40" who="1" fromWho="3" sc="200,0,177,39,350,0,273,-39" /><INIT seed="4,0,0,4,3,90" ten="200,216,350,234" oya="0" hai0="93,36,126,48,125,85,51,91,35,23,42,41,107" hai1="21,74,127,131,68,25,55,50,11,52,64,108,45" hai2="4,124,0,121,30,16,33,96,118,2,47,13,28" hai3="38,112,73,49,22,104,62,27,10,120,3,135,39"/><T100/><D35/><U132/><E74/><V97/><F47/><W129/><G112/><T98/><D23/><U29/><E108/><V87/><F87/><W72/><G120/><T9/><D9/><U12/><E127/><N who="0" m="48649" /><D36/><U54/><E131/><V109/><F97/><W116/><G116/><T14/><D14/><U77/><E132/><V44/><F96/><W60/><G129/><T7/><D7/><U117/><E77/><V84/><F118/><W6/><G135/><T89/><D89/><U86/><E117/><V83/><F33/><W66/><G104/><T58/><D58/><U57/><E68/><V115/><F4/><W99/><G62/><T113/><D113/><U103/><E103/><V43/><F115/><W65/><G66/><T101/><D101/><U106/><E106/><V123/><F124/><W59/><G38/><T130/><D130/><U71/><E86/><V102/><F102/><W95/><G49/><AGARI ba="0,0" hai="41,42,48,49,51,85,91,93,98,100,107" m="48649" machi="49" ten="30,2900,0" yaku="18,1,52,1" doraHai="90" who="0" fromWho="3" sc="200,29,216,0,350,0,234,-29" /><INIT seed="4,1,0,5,5,64" ten="229,216,350,205" oya="0" hai0="31,36,124,68,89,102,134,100,25,116,126,14,131" hai1="42,87,86,17,106,93,8,88,45,65,69,40,112" hai2="48,108,72,33,118,75,27,24,26,34,43,97,57" hai3="99,55,29,129,2,67,23,20,51,32,52,133,117"/><T81/><D116/><U61/><E106/><V83/><F108/><W50/><G117/><T111/><D111/><U115/><E86/><V49/><F118/><W5/><G133/><T94/><D134/><U66/><E45/><V125/><F97/><W107/><G129/><T74/><D131/><U60/><E17/><V103/><F103/><W28/><G32/><N who="0" m="20591" /><D36/><U104/><E8/><V98/><F98/><W84/><G2/><T96/><D14/><U9/><E9/><V1/><F1/><W22/><G5/><T90/><D90/><U58/><REACH who="1" step="1"/><E104/><REACH who="1" ten="229,206,350,205" step="2"/><V11/><F11/><W13/><G84/><T130/><D130/><U82/><E82/><V54/><F83/><W110/><G107/><T63/><D81/><U46/><E46/><V12/><F34/><W35/><G110/><T109/><D74/><U95/><E95/><V127/><F75/><W7/><G35/><T128/><D128/><U44/><E44/><N who="2" m="25631" /><F72/><W121/><G121/><T21/><D109/><U113/><AGARI ba="1,1" hai="40,42,58,60,61,65,66,69,87,88,93,112,113,115" machi="113" ten="30,16000,3" yaku="1,1,0,1,15,1,11,1,52,1,54,1,53,2" doraHai="64" doraHaiUra="59" who="1" fromWho="1" sc="229,-81,206,173,350,-41,205,-41" /><INIT seed="5,0,0,3,2,132" ten="148,379,309,164" oya="1" hai0="98,125,95,123,127,2,67,1,71,74,116,33,21" hai1="45,59,79,117,88,29,11,56,105,37,43,128,84" hai2="72,50,48,51,70,22,27,24,63,53,9,86,99" hai3="93,57,41,25,10,42,14,60,115,36,101,73,92"/><U28/><E105/><V91/><F72/><W4/><G115/><T104/><D116/><U55/><E117/><V81/><F70/><W111/><G73/><T110/><D33/><U68/><E68/><V89/><F9/><W15/><G111/><T121/><D110/><U39/><E39/><V31/><F27/><W34/><G36/><T46/><D104/><U30/><E128/><V16/><F31/><W109/><G109/><T38/><D74/><U119/><E119/><V58/><REACH who="2" step="1"/><F99/><REACH who="2" ten="148,379,299,164" step="2"/><W87/><G25/><T114/><D114/><U5/><E79/><AGARI ba="0,1" hai="16,22,24,48,50,51,53,58,63,79,81,86,89,91" machi="79" ten="40,8000,1" yaku="1,1,2,1,8,1,54,1,53,1" doraHai="132" doraHaiUra="54" who="2" fromWho="1" sc="148,0,379,-80,299,90,164,0" /><INIT seed="6,0,0,5,2,62" ten="148,299,389,164" oya="2" hai0="44,71,28,5,121,7,116,90,30,23,129,29,75" hai1="3,25,43,84,102,113,77,87,27,126,33,45,46" hai2="52,38,37,80,130,57,42,110,15,40,67,32,21" hai3="74,16,53,96,131,49,109,18,1,58,120,97,117"/><V98/><F32/><W76/><G117/><T39/><D116/><U128/><E113/><V31/><F130/><W20/><G120/><T134/><D121/><U2/><E128/><V8/><F98/><W103/><G131/><T11/><D129/><U92/><E126/><V60/><F38/><W35/><G35/><T85/><D75/><U47/><E43/><V133/><F133/><W88/><G1/><T94/><D134/><U50/><E50/><V89/><F110/><W4/><G4/><T99/><D71/><U72/><E33/><V63/><F37/><W51/><G109/><T56/><D23/><U78/><E72/><V54/><F89/><W0/><G0/><T6/><D11/><U36/><E36/><V69/><F80/><W101/><G74/><T132/><D132/><U64/><E45/><V9/><F9/><W106/><G76/><T48/><D39/><U100/><E92/><V119/><F54/><W108/><G108/><T81/><D56/><U86/><E87/><V65/><F119/><W34/><G34/><T118/><D118/><U105/><E105/><V91/><F8/><W104/><G88/><T111/><D111/><U83/><E83/><V112/><F91/><W135/><G135/><T114/><D114/><U13/><E13/><V41/><F15/><W93/><G93/><T82/><REACH who="0" step="1"/><D85/><REACH who="0" ten="138,299,389,164" step="2"/><U26/><REACH who="1" step="1"/><E25/><REACH who="1" ten="138,289,389,164" step="2"/><N who="2" m="16815" /><F112/><W10/><G10/><T124/><D124/><U95/><E95/><V123/><F123/><W115/><G115/><T127/><D127/><U73/><E73/><V107/><F107/><W122/><G122/><T66/><D66/><AGARI ba="0,2" hai="2,3,26,27,46,47,64,66,77,78,84,86,100,102" machi="66" ten="25,12000,2" yaku="1,1,6,1,22,2,52,2,53,0" doraHai="62" doraHaiUra="68" who="1" fromWho="0" sc="138,-120,289,140,389,0,164,0" /><INIT seed="7,0,0,2,5,105" ten="18,429,389,164" oya="3" hai0="12,85,95,101,18,28,41,56,106,61,23,100,34" hai1="108,76,111,51,19,79,132,87,130,1,69,75,2" hai2="135,63,55,127,40,36,9,70,33,94,49,92,11" hai3="118,114,7,107,21,43,124,60,66,97,82,129,116"/><W5/><G129/><T39/><D106/><U80/><E69/><V112/><F33/><W31/><G124/><T109/><D109/><U26/><E130/><V8/><F127/><W102/><G114/><T74/><D74/><U126/><E132/><V88/><F135/><W71/><G43/><T50/><D39/><U113/><E113/><V77/><F112/><W52/><G116/><T131/><D131/><U68/><E68/><V44/><F77/><W121/><G118/><T24/><D41/><U90/><E79/><V99/><F94/><W14/><G121/><T45/><D45/><U73/><E51/><V57/><REACH who="2" step="1"/><F11/><REACH who="2" ten="18,429,379,164" step="2"/><W25/><G14/><T46/><D46/><U22/><E126/><V59/><F59/><W125/><G125/><T53/><D61/><U104/><E104/><V42/><F42/><W65/><G65/><AGARI ba="0,1" hai="8,9,36,40,44,49,55,57,63,65,70,88,92,99" machi="65" ten="40,8000,1" yaku="1,1,24,2,54,1,53,0" doraHai="105" doraHaiUra="122" who="2" fromWho="3" sc="18,0,429,0,379,90,164,-80" owari="18,-48.0,429,23.0,469,57.0,84,-32.0" /></mjloggm>