<mjloggm ver="2.3"><GO type="41" lobby="0"/><UN n0="%E9%BA%BB%E9%9B%80%E5%8B%89%E5%BC%B7%E4%B8%AD%31" n1="%6C%65%6C%65%6C%65%35%36" n2="%E2%93%9D%53%75%70%68%78" n3="%62%6C%61%63%6B" dan="15,14,19,14" rate="1982.84,1931.02,2187.25,1956.19" sx="M,M,M,M"/><TAIKYOKU oya="0"/><INIT seed="0,0,0,1,1,122" ten="250,250,250,250" oya="0" hai0="130,67,101,116,86,54,113,127,104,94,53,105,12" hai1="107,65,42,56,16,11,13,68,87,76,43,37,83" hai2="85,134,15,18,26,7,30,47,73,1,44,51,74" hai3="24,92,20,126,63,96,119,91,14,31,27,132,75"/><T135/><D116/><U4/><E107/><V38/><F134/><W79/><G119/><T125/><D113/><U22/><E68/><V2/><F38/><W112/><G112/><T61/><D135/><U55/><E65/><V88/><F47/><W95/><G132/><T34/><D130/><U5/><E37/><V71/><F71/><W52/><G126/><N who="0" m="48139" /><D34/><U33/><E33/><V50/><F50/><W114/><G114/><T66/><D12/><U35/><E5/><V9/><F2/><W17/><G95/><T115/><D115/><U106/><E106/><N who="0" m="41065" /><D67/><U64/><E64/><V39/><F39/><W77/><G75/><T48/><D48/><N who="1" m="30823" /><E35/><V28/><F74/><W41/><G41/><T45/><D45/><U46/><E46/><V81/><F73/><W0/><G0/><T62/><D62/><U23/><E23/><N who="2" m="13687" /><F1/><W89/><G89/><N who="0" m="53559" /><D101/><U133/><E133/><V32/><F32/><N who="3" m="20583" /><G14/><AGARI ba="0,0" hai="4,11,13,14,16,22,42,43,76,83,87" m="30823" machi="14" ten="30,2000,0" yaku="8,1,54,1" doraHai="122" who="1" fromWho="3" sc="250,0,250,20,250,0,250,-20" /><INIT seed="1,0,0,3,3,33" ten="250,270,250,230" oya="1" hai0="63,69,42,91,32,135,123,105,66,56,26,130,97" hai1="89,11,41,4,53,45,81,117,93,22,76,116,23" hai2="46,127,61,35,68,14,65,85,98,126,84,19,20" hai3="24,80,51,3,60,15,50,102,70,120,113,49,78"/><U5/><E53/><V62/><F35/><W31/><G113/><T82/><D130/><U77/><E116/><V43/><F98/><W114/><G114/><T55/><D135/><U96/><E117/><V29/><F29/><W18/><G120/><T71/><D123/><U83/><E5/><V25/><F25/><W58/><G70/><T8/><D82/><U7/><E7/><V10/><F20/><W100/><G31/><T95/><D105/><U79/><E83/><V36/><REACH who="2" step="1"/><F62/><REACH who="2" ten="250,270,240,230" step="2"/><W38/><G24/><T0/><D32/><U134/><E134/><V12/><F12/><W6/><G60/><T2/><D26/><U28/><E28/><V133/><F133/><W101/><G101/><T107/><D107/><U90/><E23/><V87/><AGARI ba="0,1" hai="10,14,19,36,43,46,61,65,68,84,85,87,126,127" machi="87" ten="30,2000,0" yaku="1,1,0,1,53,0" doraHai="33" doraHaiUra="73" who="2" fromWho="2" sc="250,-5,270,-10,240,30,230,-5" /><INIT seed="2,0,0,5,3,57" ten="245,260,270,225" oya="2" hai0="126,134,93,63,21,133,73,75,86,28,0,116,79" hai1="131,108,4,14,18,29,127,32,40,105,17,49,54" hai2="88,68,3,94,80,15,112,5,47,1,92,59,104" hai3="123,102,7,96,114,85,110,37,121,10,11,100,119"/><V120/><F68/><W132/><G37/><T77/><D0/><U25/><E105/><V95/><F104/><W111/><G119/><T19/><D28/><U8/><E108/><N who="3" m="41514" /><G10/><T52/><D126/><U16/><E131/><V70/><F70/><W103/><G132/><T39/><D39/><U90/><E127/><V44/><F120/><N who="3" m="46155" /><G11/><T20/><D116/><U99/><E40/><V113/><F15/><W128/><G7/><T135/><D21/><U50/><E50/><V106/><F106/><N who="3" m="63751" /><G128/><T9/><D9/><U58/><E4/><V31/><F5/><W26/><G26/><T66/><D135/><U38/><E38/><V43/><F3/><W41/><G41/><T81/><D134/><U12/><E14/><V64/><F1/><W124/><G124/><T6/><D6/><U125/><E125/><V33/><F43/><W117/><G117/><T67/><D67/><U56/><E58/><V24/><F47/><W107/><G107/><T84/><D66/><U36/><E36/><V13/><F44/><W2/><G2/><T97/><D133/><U23/><E32/><V61/><REACH who="2" step="1"/><F13/><REACH who="2" ten="245,260,260,225" step="2"/><W76/><G114/><T35/><D35/><U60/><REACH who="1" step="1"/><E49/><REACH who="1" ten="245,250,260,225" step="2"/><V129/><F129/><W122/><G122/><T98/><D19/><U74/><E74/><V109/><F109/><W115/><G115/><T53/><D75/><U69/><E69/><V82/><F82/><AGARI ba="0,2" hai="76,82,85,102,103" m="63751,46155,41514" machi="82" ten="30,3900,0" yaku="14,1,34,2" doraHai="57" who="3" fromWho="2" sc="245,0,250,0,260,-39,225,59" /><INIT seed="3,0,0,4,1,27" ten="245,250,221,284" oya="3" hai0="0,47,102,59,71,122,91,46,106,3,82,35,40" hai1="70,123,88,26,18,107,124,72,115,61,67,60,6" hai2="108,21,19,36,83,127,2,100,75,1,101,133,20" hai3="31,125,90,48,34,93,109,65,38,23,81,41,15"/><W56/><G125/><T8/><D122/><U86/><E115/><V17/><F83/><W10/><G38/><T29/><D71/><U57/><E72/><V96/><F36/><W42/><G34/><T134/><D134/><U11/><E107/><V111/><F96/><W89/><G81/><T129/><D129/><U53/><E124/><V32/><F127/><W85/><G90/><T84/><D59/><U116/><E116/><V22/><F32/><W45/><G65/><T24/><D8/><U52/><E53/><V118/><F75/><W114/><G56/><T64/><D64/><U4/><E123/><V94/><F94/><W14/><G114/><T131/><D131/><U132/><E132/><V92/><F92/><W62/><G62/><T97/><REACH who="0" step="1"/><D47/><REACH who="0" ten="235,250,221,284" step="2"/><U55/><E11/><V12/><F133/><W44/><G10/><T104/><D104/><U80/><E67/><V95/><F118/><W25/><REACH who="3" step="1"/><G109/><REACH who="3" ten="235,250,221,274" step="2"/><T135/><D135/><U112/><E70/><V130/><F130/><W128/><G128/><T77/><D77/><U54/><E112/><V50/><F111/><W99/><G99/><T120/><D120/><U117/><E117/><V49/><F108/><W87/><G87/><T5/><D5/><N who="1" m="2155" /><E57/><V76/><F76/><W68/><G68/><T119/><D119/><U33/><E61/><V69/><F69/><W28/><G28/><T121/><D121/><U13/><E60/><V74/><F74/><W39/><AGARI ba="0,2" hai="14,15,23,25,31,39,41,42,44,45,48,85,89,93" machi="39" ten="20,7800,0" yaku="1,1,0,1,7,1,52,1,53,0" doraHai="27" doraHaiUra="7" who="3" fromWho="3" sc="235,-26,250,-26,221,-26,274,98" /><INIT seed="3,1,0,5,5,112" ten="209,224,195,372" oya="3" hai0="124,132,88,34,53,102,91,59,40,2,73,125,52" hai1="12,38,86,68,104,49,47,42,133,65,63,69,29" hai2="30,3,97,78,35,45,84,117,1,128,62,114,4" hai3="105,11,51,71,16,82,54,61,32,108,115,118,98"/><W129/><G118/><T109/><D2/><U56/><E104/><V79/><F114/><W81/><G115/><T27/><D109/><U99/><E29/><V18/><F128/><W96/><G129/><T25/><D40/><U107/><E107/><V14/><F62/><W64/><G32/><T37/><D37/><U8/><E99/><V39/><F84/><W130/><G130/><T6/><D6/><U57/><E133/><V127/><F127/><N who="0" m="48714" /><D73/><U83/><E38/><V126/><F4/><W5/><G5/><T85/><D132/><U92/><E92/><V66/><F39/><W19/><G98/><T113/><D113/><U89/><REACH who="1" step="1"/><E68/><REACH who="1" ten="209,214,195,372" step="2"/><V74/><F97/><W13/><G96/><T0/><D102/><U106/><E106/><V28/><F126/><W122/><G105/><T100/><D100/><U90/><E90/><V75/><F30/><W24/><G108/><T43/><D91/><U87/><E87/><V80/><F75/><W110/><G110/><T95/><D88/><U33/><E33/><V121/><F74/><W116/><G81/><T26/><D95/><U123/><E123/><V15/><F121/><W22/><G82/><T9/><D85/><U111/><E111/><V23/><F80/><W101/><G122/><T67/><D34/><U119/><E119/><V7/><F117/><W93/><G116/><T134/><D134/><U10/><E10/><N who="2" m="4447" /><F35/><W72/><G72/><T17/><D9/><U44/><E44/><V77/><F45/><N who="3" m="28015" /><G93/><T31/><D31/><U135/><E135/><V55/><F28/><N who="3" m="17431" /><G101/><T20/><D59/><U21/><E21/><RYUUKYOKU ba="1,1" sc="209,-15,214,15,195,-15,372,15" hai1="8,12,42,47,49,56,57,63,65,69,83,86,89" hai3="11,13,16,19,61,64,71" /><INIT seed="3,2,1,5,2,74" ten="194,229,180,387" oya="3" hai0="33,6,72,86,9,71,82,5,20,50,116,115,90" hai1="107,100,128,13,131,123,92,64,104,19,84,119,102" hai2="12,88,2,35,30,125,121,17,85,73,133,48,78" hai3="53,111,39,94,32,27,1,28,96,83,91,49,54"/><W110/><G39/><T41/><D116/><U46/><E123/><V75/><F2/><W106/><G1/><T79/><D33/><U62/><E119/><V31/><F121/><W114/><G114/><T135/><D135/><U134/><E134/><V80/><F133/><W40/><G40/><T132/><D132/><U7/><E7/><V105/><F105/><W60/><G60/><T4/><D115/><U69/><E46/><V124/><F48/><W21/><G106/><T22/><D71/><U89/><E107/><V77/><F75/><W16/><G83/><T29/><D29/><N who="2" m="10762" /><F73/><W47/><REACH who="3" step="1"/><G54/><REACH who="3" ten="194,229,180,377" step="2"/><T42/><D41/><U37/><E37/><V61/><F61/><W93/><G93/><T108/><D42/><U25/><E104/><V56/><F35/><W127/><G127/><N who="2" m="48713" /><F56/><W15/><AGARI ba="2,2" hai="15,16,21,27,28,32,47,49,53,91,94,96,110,111" machi="15" ten="30,6000,0" yaku="1,1,0,1,54,1,53,0" doraHai="74" doraHaiUra="65" who="3" fromWho="3" sc="194,-22,229,-22,180,-22,377,86" /><INIT seed="3,3,0,4,0,91" ten="172,207,158,463" oya="3" hai0="135,16,90,115,95,82,36,20,47,45,104,100,11" hai1="121,35,19,120,124,53,108,39,22,81,128,79,52" hai2="65,83,6,27,127,102,59,56,106,49,84,68,110" hai3="126,123,33,99,125,21,8,103,64,10,26,101,88"/><W112/><G123/><T13/><D135/><U69/><E108/><V114/><F114/><W71/><G112/><T31/><D115/><U113/><E35/><V29/><F110/><W32/><G71/><T44/><D104/><U80/><E113/><V73/><F73/><W40/><G64/><T96/><D36/><U54/><E39/><V122/><F6/><W109/><G40/><T111/><D111/><U17/><E69/><V58/><F127/><W5/><G109/><T30/><D20/><U105/><E105/><V46/><F102/><W133/><G133/><T131/><D131/><U75/><E81/><V38/><F38/><W93/><G33/><T12/><D12/><U78/><E19/><V48/><F106/><W23/><G32/><T63/><D63/><U34/><E79/><V60/><F122/><W119/><G119/><T25/><D25/><U42/><E42/><V9/><F9/><N who="3" m="3691" /><G23/><T15/><D15/><U86/><E34/><V117/><F117/><W130/><G5/><T0/><D0/><U97/><E75/><V67/><F67/><W74/><G74/><T89/><D82/><U87/><E124/><N who="3" m="47722" /><G130/><T129/><D129/><U94/><E128/><V116/><F116/><W70/><G70/><T50/><D50/><U132/><E132/><V41/><F49/><W24/><G24/><T14/><D14/><N who="1" m="9527" /><E121/><V66/><F66/><W51/><G51/><T107/><D107/><U43/><E43/><V62/><F68/><W57/><G57/><T85/><D100/><N who="1" m="60471" /><E120/><V61/><F65/><W76/><G76/><T3/><D3/><U92/><E54/><RYUUKYOKU ba="3,0" sc="172,10,207,10,158,-30,463,10" hai0="11,13,16,30,31,44,45,47,85,89,90,95,96" hai1="52,53,78,80,86,87,92" hai3="21,26,88,93,99,101,103" /><INIT seed="3,4,0,0,1,135" ten="182,217,128,473" oya="3" hai0="36,41,0,35,51,56,44,134,78,54,50,107,89" hai1="129,59,15,23,60,128,68,98,52,82,6,105,75" hai2="100,92,47,55,53,26,24,3,33,34,104,131,17" hai3="62,91,12,112,94,19,74,103,115,76,43,49,28"/><W71/><G28/><T31/><D0/><U8/><E68/><V39/><F104/><W13/><G71/><T114/><D107/><U93/><E105/><V66/><F3/><W108/><G62/><T69/><D78/><U130/><E23/><V9/><F131/><W61/><G61/><T46/><D134/><U42/><E42/><V5/><F39/><W20/><G12/><T90/><D114/><U109/><E109/><V117/><F117/><W123/><G123/><T45/><D69/><U111/><E111/><V97/><F66/><W1/><G1/><T22/><D35/><U116/><E82/><V102/><F5/><W121/><G121/><T32/><D32/><U95/><E95/><V10/><F92/><W86/><G108/><T80/><D80/><U84/><E84/><V63/><F63/><W110/><G110/><T11/><D11/><U16/><E75/><V85/><F85/><W96/><G49/><T65/><D56/><U37/><E37/><V120/><F120/><W132/><G43/><T2/><D65/><U67/><E116/><V21/><F21/><W73/><G132/><T133/><D2/><U81/><E81/><V87/><F87/><W64/><G64/><T119/><D119/><U27/><E27/><V127/><F97/><W25/><G25/><N who="0" m="16823" /><D133/><U126/><E67/><V30/><F30/><W7/><G73/><T4/><D4/><U58/><E6/><V77/><F77/><W79/><G7/><T125/><D125/><U14/><E126/><V38/><F127/><W18/><G76/><T57/><D45/><U70/><E70/><RYUUKYOKU ba="4,0" sc="182,30,217,-10,128,-10,473,-10" hai0="36,41,44,46,50,51,54,57,89,90" /><INIT seed="4,5,0,2,3,62" ten="212,207,118,463" oya="0" hai0="9,64,38,70,116,49,106,58,115,107,33,120,114" hai1="82,119,71,108,30,65,76,67,126,3,52,88,7" hai2="18,135,40,17,36,63,80,53,74,84,31,98,109" hai3="54,56,68,110,90,66,22,2,41,111,112,124,8"/><T1/><D120/><U123/><E108/><V0/><F109/><W102/><G102/><T47/><D116/><U99/><E123/><V79/><F135/><W87/><G22/><T134/><D33/><U19/><E119/><V59/><F0/><W28/><G28/><T86/><D134/><U128/><E30/><V122/><F122/><W35/><G35/><T93/><D93/><N who="1" m="56743" /><E71/><V24/><F74/><W34/><G34/><T13/><D86/><N who="1" m="48455" /><E3/><V83/><F83/><W101/><G101/><T32/><D32/><U27/><E7/><V97/><F36/><W113/><G8/><T129/><D129/><U61/><E128/><V117/><F117/><W26/><G26/><T55/><D1/><U81/><E81/><V133/><F133/><W20/><G2/><T23/><D23/><N who="1" m="13823" /><E126/><V43/><F31/><W39/><G124/><T4/><D107/><U130/><E130/><V73/><F73/><W25/><G111/><T118/><D106/><U16/><E16/><N who="2" m="6251" /><F24/><W92/><G110/><T131/><D118/><U89/><E89/><V29/><F29/><W100/><G25/><T121/><D121/><U104/><E104/><V85/><F85/><W72/><G72/><T10/><D10/><U42/><E42/><AGARI ba="5,0" hai="40,42,43,53,59,63,79,80,84,97,98" m="6251" machi="42" ten="30,2000,0" yaku="8,1,54,1" doraHai="62" who="2" fromWho="1" sc="212,0,207,-35,118,35,463,0" /><INIT seed="5,0,0,5,2,74" ten="212,172,153,463" oya="1" hai0="105,94,72,7,95,65,115,69,118,116,0,101,20" hai1="64,119,27,98,129,23,71,131,9,67,104,24,59" hai2="78,93,85,91,12,132,34,102,60,25,88,32,84" hai3="81,5,35,10,133,54,128,110,6,125,31,76,89"/><U108/><E119/><V114/><F132/><W70/><G110/><T103/><D20/><U47/><E71/><V83/><F114/><W124/><G70/><T66/><D7/><U117/><E117/><V13/><F102/><W61/><G89/><T126/><D69/><U127/><E108/><V123/><F123/><W112/><G112/><T111/><D115/><U26/><E9/><V134/><F134/><W14/><G128/><N who="1" m="49226" /><E127/><V21/><F60/><W62/><G5/><T68/><D68/><U120/><E120/><V30/><REACH who="2" step="1"/><F91/><REACH who="2" ten="212,172,143,463" step="2"/><W42/><G62/><T57/><D111/><U36/><E67/><V46/><F46/><W55/><G133/><T16/><D66/><U41/><E64/><V107/><F107/><W77/><G61/><T43/><D105/><U113/><E113/><V8/><F8/><W99/><G125/><T50/><D65/><U82/><E59/><V15/><AGARI ba="0,1" hai="12,13,15,21,25,30,32,34,78,83,84,85,88,93" machi="15" ten="30,7900,0" yaku="1,1,0,1,52,1,54,1,53,0" doraHai="74" doraHaiUra="3" who="2" fromWho="2" sc="212,-20,172,-39,143,89,463,-20" /><INIT seed="6,0,0,4,5,25" ten="192,133,232,443" oya="2" hai0="74,65,83,41,21,135,62,116,5,13,15,127,128" hai1="6,67,48,120,59,10,93,33,27,40,130,14,16" hai2="63,100,82,124,134,101,110,30,66,57,54,111,3" hai3="12,23,78,118,43,45,113,102,61,84,44,18,86"/><V109/><F3/><W58/><G113/><T69/><D127/><U50/><E130/><V29/><F134/><W20/><G118/><T92/><D135/><U94/><E120/><V77/><F124/><W56/><G58/><T88/><D128/><U53/><E67/><V106/><F66/><W97/><G20/><T81/><D116/><U46/><E33/><V119/><F119/><W99/><G78/><T107/><D107/><U85/><E85/><N who="2" m="48335" /><F106/><W38/><G44/><T52/><D41/><U26/><E26/><V126/><F126/><W114/><G99/><T105/><D105/><U72/><E72/><V64/><F64/><W34/><G34/><T42/><D42/><U4/><E4/><V17/><F17/><W117/><G114/><T32/><D32/><U55/><REACH who="1" step="1"/><E40/><REACH who="1" ten="192,123,232,443" step="2"/><V39/><F111/><W98/><G86/><T0/><D74/><U28/><E28/><V7/><F7/><W90/><G117/><T91/><D5/><U8/><E8/><V31/><F39/><W1/><G1/><T103/><D0/><U76/><E76/><V73/><F73/><W24/><G24/><T22/><D65/><U70/><E70/><V104/><F104/><W2/><G2/><T80/><D69/><U129/><E129/><V36/><F36/><W87/><G43/><T35/><D35/><U121/><E121/><V11/><F11/><W75/><G38/><T96/><D22/><AGARI ba="0,1" hai="6,10,14,16,22,27,46,48,50,53,55,59,93,94" machi="22" ten="40,8000,1" yaku="1,1,8,1,54,1,53,2" doraHai="25" doraHaiUra="51" who="1" fromWho="0" sc="192,-80,123,90,232,0,443,0" /><INIT seed="7,0,0,1,4,14" ten="112,213,232,443" oya="3" hai0="93,129,47,32,19,55,42,94,62,54,122,107,116" hai1="117,108,18,49,16,131,25,135,10,92,6,0,110" hai2="33,52,65,125,70,45,102,105,86,74,121,89,119" hai3="39,21,41,46,134,61,133,123,111,113,72,66,38"/><W69/><G123/><T13/><D122/><U80/><E131/><V51/><F119/><W79/><G113/><T115/><D116/><U97/><E117/><V2/><F74/><W128/><G128/><T17/><D115/><U11/><E11/><V78/><F78/><W8/><G21/><T20/><D107/><U75/><E25/><V95/><F2/><W68/><G69/><T43/><D32/><U57/><E80/><V87/><F125/><W85/><G85/><T82/><D129/><U50/><E50/><V53/><F65/><W26/><G26/><T106/><D106/><U91/><E75/><V81/><F70/><W27/><G27/><T101/><D82/><U96/><E96/><V48/><F33/><W126/><G38/><T63/><D101/><U5/><E6/><V127/><F127/><W30/><G30/><T83/><D83/><U40/><E135/><V112/><F105/><W56/><G126/><T98/><D98/><U29/><E29/><V73/><F73/><W35/><G35/><T100/><D100/><U9/><E9/><V120/><F112/><W103/><G103/><T90/><D47/><N who="1" m="25831" /><E57/><V58/><F102/><W124/><G124/><T37/><D37/><U7/><E7/><V114/><F114/><W24/><G24/><T132/><D13/><U67/><E67/><V84/><F81/><N who="3" m="45287" /><G56/><T22/><REACH who="0" step="1"/><D90/><REACH who="0" ten="102,213,232,443" step="2"/><U1/><E91/><V76/><F76/><W60/><G134/><AGARI ba="0,1" hai="17,19,20,22,42,43,54,55,62,63,93,94,132,134" machi="134" ten="25,12000,2" yaku="1,1,2,1,22,2,52,2,53,0" doraHai="14" doraHaiUra="71" who="0" fromWho="3" sc="102,130,213,0,232,0,443,-120" owari="232,3.0,213,-29.0,232,-17.0,323,43.0" /></mjloggm>