<mjloggm ver="2.3"><GO type="41" lobby="0"/><UN n0="%E3%81%97%E3%81%A1%E3%81%BF" n1="%E2%93%9D%53%75%70%68%78" n2="%34%30%73%6C%73" n3="%75%68%65%69%32" dan="14,19,14,14" rate="1939.80,2120.45,1850.25,1899.09" sx="M,M,M,M"/><TAIKYOKU oya="0"/><INIT seed="0,0,0,5,5,82" ten="250,250,250,250" oya="0" hai0="115,125,4,15,119,48,99,76,133,31,96,41,58" hai1="37,109,123,120,103,72,105,24,34,19,79,124,56" hai2="86,67,17,22,131,132,113,20,128,127,134,6,66" hai3="3,61,59,30,118,130,52,91,111,64,94,81,43"/><T70/><D115/><U25/><E37/><V23/><F113/><W39/><G111/><T44/><D70/><U16/><E79/><V116/><F116/><W83/><G130/><N who="2" m="49705" /><F6/><W50/><G3/><T71/><D71/><U7/><E103/><V8/><F8/><W14/><G118/><T88/><D133/><N who="2" m="51306" /><F17/><W74/><G74/><T38/><D76/><U117/><E117/><V51/><F51/><W26/><G14/><T1/><D1/><U85/><E72/><V21/><N who="2" m="5120" /><DORA hai="135" /><V102/><F102/><W55/><G55/><T18/><D119/><U0/><E7/><V40/><F40/><W49/><G49/><T108/><D4/><U5/><E5/><V68/><F68/><W122/><G43/><T110/><D31/><U9/><E9/><V53/><F53/><W12/><G12/><T11/><D38/><U28/><E28/><V129/><N who="2" m="49713" /><V2/><DORA hai="89" /><F2/><W77/><G39/><T33/><D41/><U62/><E0/><V87/><F127/><W46/><G122/><T95/><D125/><U98/><E124/><V35/><F35/><W93/><G30/><T92/><D33/><U54/><E123/><V73/><F73/><W63/><G26/><T60/><D48/><U97/><E25/><V101/><F101/><W100/><G100/><N who="0" m="60423" /><D44/><U126/><E24/><V47/><F47/><W104/><G46/><T65/><D108/><U45/><E109/><V36/><F36/><W78/><G50/><T112/><D110/><U69/><E126/><V13/><F13/><W90/><G61/><N who="0" m="38071" /><D112/><U27/><E45/><V32/><F32/><RYUUKYOKU ba="0,0" sc="250,15,250,-15,250,15,250,-15" hai0="11,15,18,60,88,95,99" hai2="66,67,86,87" /><INIT seed="0,1,0,3,1,48" ten="265,235,265,235" oya="0" hai0="45,86,21,19,2,66,59,67,107,14,77,62,121" hai1="9,23,83,111,114,8,57,17,126,88,30,82,55" hai2="90,102,93,46,63,68,130,74,105,113,128,71,24" hai3="56,95,75,123,100,51,125,44,118,97,129,117,33"/><T47/><D107/><U132/><E111/><V32/><F113/><W101/><G33/><T116/><D116/><U133/><E30/><V15/><F74/><W127/><G56/><T7/><D121/><U122/><E126/><N who="3" m="48138" /><G75/><T49/><D2/><U78/><E122/><V39/><F105/><W58/><G58/><T61/><D7/><U53/><E114/><V84/><F102/><N who="3" m="60735" /><G129/><N who="2" m="49769" /><F15/><W31/><G31/><T104/><D104/><U38/><E57/><V20/><F32/><W41/><G123/><T1/><D1/><U36/><E23/><V64/><F68/><W89/><G89/><T87/><D77/><U12/><E78/><V115/><F115/><W35/><G35/><T99/><D99/><U18/><E12/><V96/><F39/><W50/><G50/><T124/><D124/><U112/><E112/><V120/><F120/><W54/><G41/><T109/><D47/><U52/><E55/><V103/><F46/><W42/><G42/><T91/><D91/><AGARI ba="1,0" hai="8,9,17,18,36,38,52,53,82,83,88,91,132,133" machi="91" ten="25,12000,2" yaku="22,2,52,2,54,2" doraHai="48" who="1" fromWho="0" sc="265,-123,235,123,265,0,235,0" /><INIT seed="1,0,0,1,4,20" ten="142,358,265,235" oya="1" hai0="10,71,110,92,123,99,39,24,86,122,91,121,63" hai1="40,113,58,73,90,109,108,8,84,2,23,49,13" hai2="54,101,87,22,53,89,76,118,130,114,64,7,120" hai3="126,18,70,16,80,15,17,60,100,31,5,112,65"/><U0/><E73/><V48/><F118/><W43/><G126/><T94/><D39/><U45/><E113/><V106/><F120/><W29/><G43/><T128/><D10/><U11/><E58/><V41/><F114/><W135/><G135/><T66/><D110/><N who="1" m="42603" /><E23/><V82/><F64/><W75/><G100/><T47/><D47/><U27/><E27/><V133/><F133/><W127/><G127/><T78/><D128/><U56/><E56/><V117/><F130/><W44/><G44/><T12/><D12/><U97/><E97/><V124/><F117/><W81/><G112/><T88/><D78/><U1/><E13/><V67/><F67/><W57/><G70/><T46/><D46/><U93/><AGARI ba="0,0" hai="0,1,2,8,11,40,45,49,84,90,93" m="42603" machi="93" ten="40,3900,0" yaku="14,1,10,1" doraHai="20" who="1" fromWho="1" sc="142,-13,358,39,265,-13,235,-13" /><INIT seed="1,1,0,5,1,13" ten="129,397,252,222" oya="1" hai0="122,59,60,116,92,100,5,2,47,28,77,114,91" hai1="1,30,7,115,23,46,69,72,66,130,12,33,79" hai2="56,134,45,96,49,86,27,97,108,29,9,87,112" hai3="111,103,0,21,124,88,89,84,85,51,117,82,76"/><U42/><E115/><V48/><F112/><W65/><G0/><T6/><D114/><U53/><E130/><V129/><F129/><W35/><G35/><T18/><D28/><U63/><E53/><V11/><F134/><W71/><G71/><T14/><D116/><U107/><E23/><V54/><F108/><W58/><G111/><T128/><D128/><U24/><E12/><V8/><F29/><W25/><G124/><T68/><D68/><U19/><E19/><V34/><F34/><W104/><G104/><T75/><D122/><U80/><E107/><V119/><F119/><W78/><G103/><T67/><D100/><U15/><E15/><V20/><F27/><W64/><G117/><T10/><D47/><U81/><E81/><V123/><F20/><W61/><G51/><T109/><D109/><U127/><E127/><V94/><F97/><W62/><G62/><T39/><D39/><U50/><REACH who="1" step="1"/><E7/><REACH who="1" ten="129,387,252,222" step="2"/><V41/><REACH who="2" step="1"/><F123/><REACH who="2" ten="129,387,242,222" step="2"/><W110/><G110/><T83/><REACH who="0" step="1"/><D2/><AGARI ba="1,2" hai="1,2,24,30,33,42,46,50,63,66,69,72,79,80" machi="2" ten="40,3900,0" yaku="1,1,2,1,53,0" doraHai="13" doraHaiUra="93" who="1" fromWho="0" sc="129,-42,387,62,242,0,222,0" /><INIT seed="1,2,0,1,2,111" ten="87,449,242,222" oya="1" hai0="46,115,19,57,90,11,77,117,62,84,22,124,64" hai1="13,34,35,129,37,65,18,50,114,116,23,47,132" hai2="133,70,21,15,6,93,113,2,28,100,119,14,55" hai3="48,89,105,128,25,121,127,79,44,1,61,91,52"/><U45/><E114/><V56/><F119/><W59/><G121/><T85/><D117/><U134/><E116/><V63/><F2/><W30/><G105/><T66/><D124/><U69/><E129/><V75/><F75/><W39/><G127/><T0/><D0/><U80/><E80/><V104/><F104/><W112/><G1/><T92/><D115/><U33/><E37/><V106/><F106/><W51/><G128/><T96/><D11/><U4/><E4/><V8/><F113/><W17/><G17/><T83/><D46/><U36/><E36/><V60/><F133/><N who="1" m="51305" /><E50/><V130/><F130/><W110/><G110/><T87/><REACH who="0" step="1"/><D64/><REACH who="0" ten="77,449,242,222" step="2"/><U86/><E47/><V24/><F8/><W95/><G112/><T41/><D41/><U98/><E45/><V5/><F5/><W27/><G39/><T74/><D74/><U3/><E3/><V125/><F6/><W58/><G44/><T82/><D82/><U97/><E65/><V68/><F125/><W120/><G120/><T67/><D67/><U123/><E123/><V107/><F70/><W126/><G126/><T49/><D49/><U102/><E69/><V94/><F68/><W43/><G43/><T118/><D118/><U101/><E86/><V54/><F63/><W76/><G61/><T26/><AGARI ba="2,1" hai="19,22,26,57,62,66,77,83,84,85,87,90,92,96" machi="26" ten="20,8000,1" yaku="1,1,0,1,7,1,8,1,53,1" doraHai="111" doraHaiUra="53" who="0" fromWho="0" sc="77,96,449,-42,242,-22,222,-22" /><INIT seed="2,0,0,2,4,62" ten="173,407,220,200" oya="2" hai0="96,127,122,40,52,106,77,63,125,102,0,83,44" hai1="15,123,126,97,48,60,94,46,17,117,89,28,70" hai2="129,47,119,27,99,66,56,121,81,98,85,39,4" hai3="50,8,86,25,61,20,36,65,68,111,114,35,93"/><V105/><F121/><W26/><G111/><T10/><D122/><U92/><E126/><V64/><F119/><W7/><G36/><T115/><D115/><U45/><E28/><V22/><F4/><W41/><G35/><T78/><D78/><U131/><E131/><V95/><F129/><W110/><G110/><T29/><D29/><U19/><E70/><V71/><F71/><W128/><G128/><T120/><D120/><U3/><E3/><V34/><F34/><W58/><G20/><T49/><D0/><U130/><E60/><V14/><F14/><W16/><G114/><T42/><D10/><U2/><E2/><V112/><F112/><W32/><G7/><T57/><REACH who="0" step="1"/><D40/><REACH who="0" ten="163,407,220,200" step="2"/><U1/><E1/><V43/><F105/><W37/><G41/><T124/><D124/><U6/><E130/><V21/><F21/><W76/><G8/><T87/><AGARI ba="0,1" hai="42,44,49,52,57,63,77,83,87,96,102,106,125,127" machi="87" ten="30,4000,0" yaku="1,1,0,1,54,1,53,0" doraHai="62" doraHaiUra="67" who="0" fromWho="0" sc="163,50,407,-10,220,-20,200,-10" /><INIT seed="3,0,0,0,4,8" ten="213,397,200,190" oya="3" hai0="4,121,83,42,97,45,133,116,38,3,48,99,79" hai1="85,86,108,75,39,81,46,22,0,122,69,35,13" hai2="37,67,16,74,11,80,51,105,117,30,127,101,36" hai3="107,21,54,126,18,91,125,96,102,135,6,89,14"/><W2/><G135/><T59/><D116/><U5/><E108/><V24/><F117/><W95/><G2/><T131/><D121/><U9/><E69/><V113/><F113/><W118/><G118/><T58/><D133/><U77/><E35/><V134/><F134/><W73/><G73/><T12/><D131/><U19/><REACH who="1" step="1"/><E122/><REACH who="1" ten="213,387,200,190" step="2"/><V7/><F127/><N who="3" m="48651" /><G6/><T34/><D34/><U82/><E82/><V78/><F7/><W72/><G72/><T104/><D83/><U88/><E88/><N who="3" m="33866" /><G54/><T66/><D66/><U10/><E10/><V109/><F67/><W25/><G107/><T52/><D4/><U70/><E70/><V55/><F105/><W53/><G53/><T43/><D104/><U28/><E28/><V15/><F101/><W130/><G130/><T84/><D52/><U41/><AGARI ba="0,1" hai="0,5,9,13,19,22,39,41,46,75,77,81,85,86" machi="41" ten="30,12000,2" yaku="1,1,0,1,25,2,52,1,53,1" doraHai="8" doraHaiUra="33" who="1" fromWho="1" sc="213,-30,387,130,200,-30,190,-60" /><INIT seed="4,0,0,4,5,97" ten="183,517,170,130" oya="0" hai0="1,61,100,55,24,107,15,118,85,75,121,17,71" hai1="18,47,43,109,117,10,68,79,16,32,93,70,105" hai2="67,0,113,44,116,95,119,96,54,45,37,102,50" hai3="42,88,124,126,91,49,3,84,129,35,101,13,53"/><T52/><D118/><N who="2" m="45098" /><F0/><W60/><G3/><T72/><D1/><U14/><E109/><V114/><F67/><W134/><G35/><T130/><D121/><U48/><E105/><V127/><F127/><W19/><G42/><AGARI ba="0,0" hai="37,42,44,45,50,54,95,96,102,113,114" m="45098" machi="42" ten="30,2000,0" yaku="12,1,52,1" doraHai="97" who="2" fromWho="3" sc="183,0,517,0,170,20,130,-20" /><INIT seed="5,0,0,3,4,84" ten="183,517,190,110" oya="1" hai0="9,122,105,33,77,53,15,31,129,39,68,100,38" hai1="37,60,6,14,75,54,92,42,50,121,98,74,120" hai2="43,97,47,113,61,93,73,134,26,118,63,52,66" hai3="86,101,108,96,123,103,114,110,131,71,13,111,3"/><U119/><E119/><V117/><F73/><W35/><G13/><T107/><D77/><U64/><E75/><V44/><F134/><W62/><G3/><T99/><D107/><U126/><E126/><V124/><F124/><W128/><G35/><T32/><D129/><N who="3" m="49737" /><G62/><T79/><D79/><U4/><E98/><V22/><F113/><W5/><G5/><T34/><D122/><U27/><E92/><V2/><F2/><W11/><G11/><T106/><D106/><U10/><E42/><V48/><F63/><W94/><G71/><T56/><D31/><U19/><E37/><V67/><F67/><W21/><G21/><T16/><REACH who="0" step="1"/><D68/><REACH who="0" ten="173,517,190,110" step="2"/><U23/><E121/><V8/><F117/><W28/><G123/><T125/><D125/><U1/><E120/><V116/><F118/><W72/><G28/><T69/><D69/><U51/><E74/><V58/><F116/><W89/><G72/><T80/><D80/><U41/><E1/><V57/><F43/><W70/><G70/><T76/><D76/><U24/><E41/><V85/><F8/><W7/><G114/><T78/><D78/><U17/><E10/><V36/><F36/><W25/><G7/><T133/><D133/><U20/><E6/><V95/><F22/><W82/><G25/><T49/><AGARI ba="0,1" hai="9,15,16,32,33,34,38,39,49,53,56,99,100,105" machi="49" ten="30,7900,0" yaku="1,1,0,1,54,1,53,1" doraHai="84" doraHaiUra="46" who="0" fromWho="0" sc="173,89,517,-39,190,-20,110,-20" /><INIT seed="6,0,0,1,4,71" ten="262,478,170,90" oya="2" hai0="45,77,23,18,22,79,16,91,60,28,110,78,94" hai1="84,15,42,3,111,6,58,83,118,125,33,57,124" hai2="134,81,10,24,47,0,95,50,48,7,38,19,122" hai3="115,128,86,108,104,109,56,107,88,27,114,74,14"/><V59/><F122/><W49/><G14/><N who="0" m="9495" /><D45/><U100/><E111/><N who="3" m="42570" /><G27/><N who="0" m="14839" /><D28/><U40/><E118/><V112/><F112/><N who="3" m="43051" /><G56/><T113/><D113/><U72/><E100/><V1/><F134/><W61/><G49/><T66/><D110/><U76/><E33/><V119/><F119/><W121/><G61/><T29/><D29/><U106/><E106/><N who="3" m="40490" /><G128/><T11/><D11/><U80/><E58/><V126/><F59/><W132/><G132/><T25/><D25/><U96/><E57/><V97/><F24/><W55/><G55/><T37/><D37/><U82/><E42/><V53/><F19/><W89/><G74/><T98/><D60/><U85/><E72/><V4/><F38/><W44/><G44/><T35/><D35/><U34/><E34/><V41/><F7/><W116/><G116/><T123/><D123/><U99/><E6/><V5/><F5/><W103/><G121/><T21/><D21/><U65/><E40/><V54/><F1/><W90/><G103/><T12/><D12/><U17/><E15/><V2/><F2/><W120/><G120/><T51/><D51/><U127/><E3/><V93/><F50/><W68/><G68/><T92/><D66/><U133/><E65/><V105/><F41/><W39/><G39/><T46/><D46/><U64/><E64/><V129/><F54/><W8/><G8/><T9/><D9/><U13/><E133/><V131/><F10/><W73/><G73/><T30/><D30/><U130/><E13/><V75/><F0/><W102/><G102/><T87/><D98/><U20/><E17/><V135/><F131/><RYUUKYOKU ba="0,0" sc="262,15,478,-15,170,-15,90,15" hai0="77,78,79,87,91,92,94" hai3="86,88,89,90" /><INIT seed="7,1,0,2,0,132" ten="277,463,155,105" oya="3" hai0="79,117,35,38,134,36,80,129,114,40,100,63,119" hai1="0,78,55,66,22,118,47,93,64,21,116,84,1" hai2="14,12,59,107,32,45,83,106,113,82,26,90,69" hai3="71,17,33,57,109,124,81,77,24,120,30,70,11"/><W87/><G120/><T31/><D100/><U115/><E115/><V110/><F69/><W73/><G109/><T126/><D63/><U53/><E93/><V121/><F110/><W67/><G73/><T102/><D102/><U9/><E84/><V5/><F121/><W135/><G135/><T62/><D62/><U49/><E9/><V94/><F113/><W61/><REACH who="3" step="1"/><G124/><REACH who="3" ten="277,463,155,95" step="2"/><T18/><D126/><U25/><E118/><V130/><F130/><W41/><G41/><T42/><D134/><U50/><E116/><V131/><F131/><W54/><G54/><T39/><D129/><U103/><E55/><V52/><F45/><W105/><G105/><T111/><D42/><U96/><E53/><V13/><F107/><W43/><G43/><T51/><D40/><U29/><E47/><V75/><F106/><W44/><G44/><T27/><D117/><U91/><E66/><V92/><F75/><W85/><G85/><T65/><D119/><U6/><E64/><V128/><F128/><W95/><G95/><T76/><D65/><U86/><E86/><V104/><F104/><W3/><G3/><T88/><D111/><U123/><E1/><V37/><F94/><W48/><G48/><T108/><D108/><U23/><E50/><V112/><F112/><W16/><G16/><T4/><D114/><U68/><E49/><V34/><F52/><W28/><G28/><T7/><D51/><U58/><E29/><V60/><F92/><W15/><AGARI ba="1,1" hai="11,15,17,24,30,33,57,61,67,70,71,77,81,87" machi="15" ten="30,3000,0" yaku="1,1,0,1,53,0" doraHai="132" doraHaiUra="46" who="3" fromWho="3" sc="277,-11,463,-11,155,-11,95,43" /><INIT seed="7,2,0,4,3,70" ten="266,452,144,138" oya="3" hai0="92,43,126,54,116,103,105,5,36,27,33,1,117" hai1="79,131,34,85,91,50,84,102,29,98,32,135,4" hai2="22,60,42,130,21,76,100,113,56,23,123,124,115" hai3="114,46,129,16,14,61,112,37,88,95,101,17,28"/><W26/><G129/><T7/><D92/><U83/><E135/><V89/><F130/><W133/><G101/><T72/><D54/><U108/><E108/><V111/><F111/><W110/><G133/><T99/><D7/><U44/><E4/><V9/><F100/><W71/><G71/><T55/><D55/><U51/><E29/><V67/><F76/><W18/><G61/><T2/><D126/><U25/><E25/><V58/><F124/><W63/><G63/><T20/><D20/><U128/><E34/><V65/><F42/><W119/><G119/><T127/><D72/><U12/><E12/><V38/><F123/><W122/><G122/><T62/><D62/><U0/><E0/><N who="0" m="105" /><D5/><U106/><E32/><V59/><F9/><W97/><G110/><T104/><D104/><U90/><E51/><V132/><F89/><W66/><G66/><T69/><D69/><U41/><E79/><V11/><F11/><W39/><G14/><T31/><D127/><U77/><E77/><V134/><F60/><W47/><G47/><AGARI ba="2,0" hai="27,31,33,36,43,47,99,103,105,116,117" m="105" machi="47" ten="30,2000,0" yaku="23,1,52,1" doraHai="70" who="0" fromWho="3" sc="266,26,452,0,144,0,138,-26" owari="292,9.0,452,56.0,144,-26.0,112,-39.0" /></mjloggm>