<mjloggm ver="2.3"><GO type="41" lobby="0"/><UN n0="%E3%82%B7%E3%83%A3%E3%83%BC%E3%82%A8" n1="%E3%83%90%E3%83%AB%E3%82%BB%E3%83%AD%E3%83%8B%E3%82%B9%E3%82%BF" n2="%E2%93%9D%53%75%70%68%78" n3="%7A%61%77%61%63%6F" dan="15,16,19,14" rate="2033.19,2053.00,2183.86,1914.95" sx="M,F,M,F"/><TAIKYOKU oya="0"/><INIT seed="0,0,0,5,3,105" ten="250,250,250,250" oya="0" hai0="70,36,35,60,80,129,115,10,107,26,100,17,59" hai1="132,18,20,110,51,98,85,67,33,34,15,125,106" hai2="14,114,86,32,102,93,126,90,11,135,79,130,24" hai3="109,29,133,122,25,28,46,45,117,62,78,124,58"/><T52/><D115/><U123/><E123/><V71/><F114/><W92/><G122/><T101/><D36/><U131/><E125/><V49/><F71/><W6/><G117/><T77/><D129/><U42/><E131/><V83/><F130/><W9/><G124/><T47/><D107/><U21/><E110/><V87/><F135/><W39/><G133/><T82/><D35/><U19/><E67/><V73/><F126/><W120/><G109/><T94/><D94/><U68/><E68/><V104/><F87/><W2/><G120/><T81/><D70/><U50/><E85/><V99/><F49/><W134/><G134/><T38/><D38/><U56/><E132/><V65/><F65/><W84/><G25/><T44/><D26/><U13/><E56/><V23/><F32/><W27/><G27/><T53/><D77/><U69/><E69/><V41/><F41/><W75/><G92/><T4/><D17/><U112/><E112/><V95/><F95/><W40/><G46/><T3/><REACH who="0" step="1"/><D53/><REACH who="0" ten="240,250,250,250" step="2"/><U97/><E106/><V43/><F43/><AGARI ba="0,1" hai="13,15,18,19,20,21,33,34,42,43,50,51,97,98" machi="43" ten="25,1600,0" yaku="22,2" doraHai="105" who="1" fromWho="2" sc="240,0,250,26,250,-16,250,0" /><INIT seed="1,0,0,4,4,63" ten="240,276,234,250" oya="1" hai0="22,62,5,112,70,14,55,33,84,41,132,107,100" hai1="109,68,49,76,11,131,78,129,96,64,48,108,77" hai2="125,3,40,17,65,19,86,88,35,87,36,32,25" hai3="101,92,79,104,57,122,110,105,2,8,26,91,4"/><U38/><E38/><V29/><F3/><W61/><G110/><N who="1" m="42602" /><E11/><V81/><F125/><W20/><G122/><T39/><D33/><U58/><E96/><V124/><F124/><W60/><G79/><T73/><D73/><U90/><E90/><V30/><F40/><W119/><G119/><T15/><D39/><U54/><E48/><V50/><F36/><W12/><G2/><T67/><D41/><U83/><E83/><V89/><F50/><W115/><G115/><T52/><D112/><U10/><E10/><V85/><F65/><W46/><G46/><T56/><D132/><U6/><E6/><V42/><F42/><W134/><G134/><T93/><D5/><U123/><E123/><V0/><F0/><W24/><G101/><T80/><D107/><U18/><E18/><V71/><F87/><W98/><G104/><T120/><D120/><U133/><E133/><V118/><F118/><W43/><G105/><T75/><D75/><U117/><E117/><V95/><REACH who="2" step="1"/><F71/><REACH who="2" ten="240,276,224,250" step="2"/><W97/><G43/><T121/><D70/><U74/><E74/><V16/><F16/><W53/><G61/><AGARI ba="0,1" hai="49,54,58,61,64,68,76,77,78,129,131" m="42602" machi="61" ten="40,7700,0" yaku="14,1,10,1,52,1" doraHai="63" who="1" fromWho="3" sc="240,0,276,87,224,0,250,-77" /><INIT seed="1,1,0,3,4,93" ten="240,363,224,173" oya="1" hai0="79,52,99,46,90,12,96,29,84,113,61,66,58" hai1="48,45,132,112,15,43,60,111,59,32,70,86,20" hai2="116,47,3,5,1,23,117,123,26,74,73,38,33" hai3="55,129,41,85,91,18,82,87,19,16,76,42,114"/><U89/><E112/><V11/><F123/><W77/><G129/><T30/><D79/><U78/><E32/><V7/><F47/><W35/><G114/><T88/><D113/><U133/><E78/><V110/><F38/><W124/><G124/><T71/><D90/><U121/><E121/><V100/><F100/><W40/><G35/><T53/><D53/><U102/><E70/><V109/><F33/><W126/><G126/><T4/><D71/><U2/><E2/><V64/><F64/><W127/><G127/><T115/><D115/><U125/><E125/><V9/><REACH who="2" step="1"/><F23/><REACH who="2" ten="240,363,214,173" step="2"/><W54/><REACH who="3" step="1"/><G76/><REACH who="3" ten="240,363,214,163" step="2"/><T28/><D66/><U37/><E133/><V8/><F8/><W80/><AGARI ba="1,2" hai="16,18,19,40,41,42,54,55,77,80,82,85,87,91" machi="80" ten="40,8000,1" yaku="1,1,2,1,0,1,8,1,54,1,53,0" doraHai="93" doraHaiUra="57" who="3" fromWho="3" sc="240,-21,363,-41,214,-21,163,103" /><INIT seed="2,0,0,4,3,131" ten="219,322,193,266" oya="2" hai0="130,77,54,62,91,100,113,75,45,23,103,55,9" hai1="101,26,123,64,129,86,46,111,42,2,43,13,117" hai2="15,12,37,126,33,32,11,118,5,66,99,24,119" hai3="78,128,21,76,122,81,133,106,97,82,38,53,105"/><V52/><F66/><W35/><G35/><N who="2" m="13385" /><F52/><W50/><G38/><T92/><D75/><U36/><E64/><V102/><F99/><W134/><G128/><T3/><D130/><U59/><E43/><V65/><F102/><W110/><G122/><T14/><D77/><N who="3" m="29801" /><G21/><T108/><D3/><U79/><E123/><V16/><F65/><W29/><G29/><T8/><D113/><U70/><E70/><V41/><F41/><W10/><G10/><T124/><D62/><U89/><E42/><V49/><F49/><W27/><G27/><T22/><D45/><U63/><E46/><V28/><F37/><W30/><G30/><T109/><D14/><U71/><E63/><V58/><F58/><N who="3" m="33079" /><G97/><T0/><D0/><U67/><E2/><V104/><F104/><N who="3" m="40043" /><G110/><T93/><D91/><U84/><E111/><V56/><F56/><W87/><G87/><T121/><D121/><U107/><E86/><V19/><F126/><AGARI ba="0,0" hai="8,9,22,23,54,55,92,93,100,103,108,109,124,126" machi="126" ten="25,1600,0" yaku="22,2" doraHai="131" who="0" fromWho="2" sc="219,16,322,0,193,-16,266,0" /><INIT seed="3,0,0,3,2,52" ten="235,322,177,266" oya="3" hai0="36,46,111,100,27,13,107,45,30,127,11,6,122" hai1="10,89,121,38,83,103,60,93,98,124,79,118,102" hai2="128,3,17,12,94,24,15,81,90,105,108,106,64" hai3="71,39,40,69,42,59,84,119,74,72,117,115,32"/><W96/><G32/><T23/><D122/><U97/><E38/><V91/><F3/><W54/><G54/><T14/><D36/><U35/><E35/><V34/><F128/><W49/><G49/><T43/><D107/><U112/><E112/><V48/><F108/><W99/><G39/><T5/><D111/><U0/><E121/><V130/><F130/><W86/><REACH who="3" step="1"/><G115/><REACH who="3" ten="235,322,177,256" step="2"/><T68/><D43/><U63/><E63/><V92/><F34/><W37/><G37/><T51/><D51/><U73/><E60/><V41/><F48/><W104/><G104/><T1/><D68/><U113/><E113/><V114/><F114/><W55/><G55/><T26/><D1/><U88/><E0/><V16/><F41/><W47/><G47/><T134/><D45/><U18/><E118/><V75/><F106/><W28/><G28/><T109/><D46/><U80/><E124/><V87/><F105/><W29/><G29/><T125/><D30/><U65/><E65/><V25/><F64/><W53/><G53/><T8/><D109/><U82/><E73/><V133/><F75/><W2/><G2/><T44/><D44/><U110/><E110/><V131/><F131/><W132/><G132/><T77/><D134/><U7/><E79/><V21/><F133/><W22/><G22/><T62/><D77/><U78/><E78/><V31/><F31/><W56/><AGARI ba="0,1" hai="40,42,56,59,69,71,72,74,84,86,96,99,117,119" machi="56" ten="25,24000,3" yaku="1,1,0,1,22,2,52,2,53,2" doraHai="52" doraHaiUra="66" who="3" fromWho="3" sc="235,-80,322,-80,177,-80,256,250" /><INIT seed="3,1,0,4,4,30" ten="155,242,97,506" oya="3" hai0="115,37,65,46,9,125,57,112,73,77,6,131,135" hai1="111,107,127,86,97,59,4,113,3,60,29,28,42" hai2="122,129,71,8,124,109,72,79,68,16,54,61,95" hai3="134,85,64,106,39,96,70,49,103,90,27,121,126"/><W19/><G121/><T80/><D125/><U128/><E127/><V67/><F124/><W13/><G126/><T132/><D131/><U7/><E113/><N who="0" m="43593" /><D57/><U31/><E111/><V41/><F109/><W48/><G134/><T55/><D65/><U58/><E128/><V110/><F110/><W36/><G27/><T75/><D55/><U43/><E3/><V44/><F95/><W17/><G64/><T98/><D98/><U52/><E107/><V35/><F54/><W87/><G70/><T133/><D73/><U0/><E0/><V5/><F122/><W104/><G13/><T11/><D6/><N who="1" m="2091" /><E97/><V2/><F129/><W32/><G96/><T117/><D117/><U33/><E33/><V78/><F35/><W92/><G90/><T76/><D76/><U119/><E119/><V34/><F34/><W25/><G32/><T74/><D74/><U18/><E18/><V82/><F16/><W83/><G25/><T45/><D37/><U91/><E59/><V24/><F79/><W51/><G51/><T102/><D102/><U38/><E38/><N who="2" m="21559" /><F24/><W47/><G103/><T100/><D100/><U130/><E130/><V15/><F15/><W21/><G21/><T14/><D14/><U62/><E62/><V69/><AGARI ba="1,0" hai="2,5,8,61,67,68,69,71,72,78,82" m="21559" machi="69" ten="30,4000,0" yaku="25,1,33,2" doraHai="30" who="2" fromWho="2" sc="155,-11,242,-11,97,43,506,-21" /><INIT seed="4,0,0,2,5,87" ten="144,231,140,485" oya="0" hai0="108,2,96,101,100,71,118,50,7,46,43,64,28" hai1="35,56,69,60,1,22,61,120,0,10,105,98,106" hai2="89,121,68,97,18,80,24,75,4,85,49,135,79" hai3="17,21,84,123,111,59,74,82,130,47,63,92,58"/><T13/><D2/><U81/><E35/><V14/><F121/><W11/><G130/><T109/><D118/><U19/><E120/><V107/><F68/><W42/><G111/><N who="0" m="42571" /><D28/><U44/><E69/><V99/><F135/><W20/><G74/><T114/><D114/><U32/><E32/><V37/><F37/><W45/><G11/><N who="0" m="4351" /><D96/><U30/><E30/><V57/><F4/><W34/><G34/><T77/><D77/><U132/><E132/><V53/><F24/><W29/><G123/><T70/><D64/><U91/><E98/><V15/><F15/><W8/><G29/><T126/><D126/><U67/><E10/><V76/><F107/><W112/><G8/><T116/><D116/><U83/><E67/><V93/><REACH who="2" step="1"/><F79/><REACH who="2" ten="144,231,130,485" step="2"/><W54/><G112/><T128/><D128/><U127/><E0/><V16/><F16/><W119/><G17/><T104/><D104/><U65/><E19/><V95/><F95/><W103/><G92/><T88/><D71/><U113/><E1/><V102/><F102/><N who="0" m="39530" /><D70/><U31/><E106/><V129/><F129/><W90/><G119/><T55/><D43/><U36/><E105/><V133/><F133/><W9/><G42/><T38/><D38/><U73/><E36/><V94/><F94/><W52/><G103/><T25/><D25/><U23/><E113/><V51/><F51/><W117/><G117/><T131/><D131/><U27/><E27/><V12/><F12/><W134/><G134/><T78/><D78/><U122/><E122/><V124/><F124/><W72/><G63/><T86/><D86/><U39/><E127/><RYUUKYOKU ba="0,1" sc="144,15,231,-15,130,15,485,-15" hai0="46,50,55,88" hai2="14,18,49,53,57,75,76,80,85,89,93,97,99" /><INIT seed="4,1,1,0,0,77" ten="159,216,145,470" oya="0" hai0="121,74,50,70,21,93,116,28,13,4,18,33,111" hai1="10,12,2,134,122,119,1,83,5,49,109,128,43" hai2="85,99,58,133,100,30,108,46,114,132,80,7,105" hai3="95,73,29,15,23,37,26,130,117,61,102,86,57"/><T110/><D74/><U135/><E119/><V24/><F108/><N who="0" m="41514" /><D70/><U120/><E109/><V51/><F7/><W84/><G117/><T115/><D116/><U78/><E128/><V27/><F58/><W0/><G37/><T131/><D121/><N who="1" m="46699" /><E49/><V17/><F17/><W39/><G39/><T87/><D131/><U129/><E43/><V3/><F3/><N who="1" m="1033" /><E129/><V82/><F114/><W56/><G15/><T47/><D115/><U38/><E38/><V107/><F107/><W127/><G127/><T103/><D103/><U89/><E89/><V67/><F27/><W64/><G0/><T76/><D93/><U98/><E98/><V63/><F85/><W19/><G73/><T101/><D101/><U62/><E62/><V125/><F125/><W54/><G130/><T32/><D28/><U41/><E41/><V25/><F25/><W112/><G61/><T8/><D50/><U14/><E78/><V94/><F105/><W55/><G102/><T97/><D47/><U118/><E118/><V91/><F100/><W53/><G95/><T31/><D97/><U60/><E60/><V11/><F51/><W88/><G84/><T22/><D31/><U65/><E65/><V42/><F46/><W96/><G64/><T126/><D126/><U35/><E35/><N who="0" m="13385" /><D4/><U79/><E5/><V81/><F42/><W45/><G96/><T9/><D9/><U72/><E10/><V92/><F11/><W40/><G40/><T113/><D113/><U69/><E69/><N who="2" m="42239" /><F94/><W48/><G112/><T36/><D36/><U124/><E124/><V104/><F104/><W66/><G66/><RYUUKYOKU ba="1,1" sc="159,10,216,10,145,10,470,-30" hai0="8,13,18,21,22,76,87" hai1="12,14,72,79,83,134,135" hai2="24,30,80,81,82,91,92,99,132,133" /><INIT seed="4,2,1,5,3,87" ten="169,226,155,440" oya="0" hai0="14,125,16,67,52,111,22,61,44,128,103,2,69" hai1="117,102,84,93,32,71,27,46,49,15,42,63,106" hai2="39,99,47,97,5,85,72,76,8,129,57,134,45" hai3="89,0,24,53,12,26,9,17,29,135,82,95,108"/><T116/><D2/><U36/><E117/><V121/><F121/><W31/><G108/><T92/><D116/><U30/><E15/><V66/><F72/><W112/><G112/><T37/><D111/><U104/><E36/><V28/><F28/><W34/><G135/><T54/><D125/><U130/><E130/><V114/><F114/><W101/><G53/><T19/><D128/><U62/><E62/><V68/><F68/><W83/><G0/><T126/><D126/><U33/><E33/><V100/><F99/><W4/><G4/><T70/><D70/><U88/><REACH who="1" step="1"/><E102/><REACH who="1" ten="169,216,155,440" step="2"/><V133/><F39/><W73/><G101/><T131/><D131/><U51/><E51/><V40/><F129/><W120/><G120/><T64/><D37/><U1/><E1/><V132/><F132/><W80/><G34/><T59/><D103/><U107/><E107/><V56/><F134/><W109/><G109/><T7/><D61/><U115/><E115/><V20/><F133/><W38/><G38/><T65/><D14/><U90/><E90/><V127/><F127/><W74/><G89/><T48/><D48/><U43/><E43/><V91/><F40/><W35/><G35/><T50/><D50/><U98/><E98/><V122/><F97/><W123/><G123/><T60/><D60/><U96/><E96/><V11/><F100/><W124/><G124/><T23/><D69/><U86/><E86/><V78/><F85/><W75/><G75/><T55/><D44/><U58/><E58/><V18/><F122/><W41/><G74/><T77/><D59/><N who="2" m="22602" /><F47/><W118/><G73/><RYUUKYOKU ba="2,2" sc="169,-10,216,30,155,-10,440,-10" hai1="27,30,32,42,46,49,63,71,84,88,93,104,106" /><INIT seed="5,3,2,5,0,66" ten="159,246,145,430" oya="1" hai0="15,68,91,119,97,94,56,72,101,115,77,1,117" hai1="102,55,79,128,0,58,85,93,36,62,52,33,107" hai2="84,26,34,9,96,82,124,11,78,83,89,64,42" hai3="29,109,104,22,4,30,19,111,35,99,39,90,41"/><U125/><E0/><V12/><F124/><W21/><G35/><T71/><D1/><U131/><E125/><V50/><F64/><W113/><G4/><T103/><D72/><U40/><E107/><V127/><F127/><W2/><G104/><T80/><D115/><U51/><E33/><V25/><F11/><W37/><G41/><T132/><D15/><U121/><E121/><V106/><F34/><W31/><G90/><T116/><D132/><U47/><E79/><V129/><F129/><N who="1" m="49737" /><E85/><N who="2" m="50359" /><F96/><W20/><G19/><T92/><D92/><U87/><E87/><V123/><F123/><W65/><G99/><T95/><D95/><U57/><E93/><V63/><F63/><W18/><G2/><T17/><D17/><U100/><AGARI ba="3,2" hai="36,40,47,51,52,55,57,58,62,100,102" m="49737" machi="100" ten="30,3000,0" yaku="19,1,54,1" doraHai="66" who="1" fromWho="1" sc="159,-13,246,59,145,-13,430,-13" /><INIT seed="5,4,0,5,5,93" ten="146,305,132,417" oya="1" hai0="112,116,106,38,22,66,75,68,130,107,132,24,98" hai1="127,17,6,97,91,39,27,9,96,35,32,109,67" hai2="69,12,76,80,95,71,110,81,103,55,57,37,122" hai3="45,49,87,72,126,1,50,134,20,43,16,53,41"/><U105/><E39/><V73/><F110/><W21/><G134/><T89/><D75/><U74/><E74/><V44/><F122/><W82/><G126/><T86/><D116/><U14/><E127/><V88/><F103/><W78/><G1/><T123/><D132/><U54/><E109/><V111/><F81/><W30/><G72/><T34/><D34/><U113/><E113/><V18/><F111/><W46/><G30/><T23/><D112/><U47/><E67/><V135/><F44/><W121/><G121/><T124/><D38/><U64/><E64/><V4/><F4/><W63/><G16/><T104/><D68/><U118/><E118/><V84/><F37/><W42/><REACH who="3" step="1"/><G63/><REACH who="3" ten="146,305,132,407" step="2"/><T101/><D124/><U8/><E17/><V61/><REACH who="2" step="1"/><F135/><REACH who="2" ten="146,305,122,407" step="2"/><W85/><G85/><T52/><D123/><U102/><E35/><V117/><F117/><W13/><G13/><T5/><D86/><U133/><E32/><V29/><F29/><W60/><G60/><T7/><D7/><U128/><E14/><V99/><F99/><W94/><G94/><T25/><D5/><U77/><E97/><V3/><F3/><W11/><G11/><AGARI ba="4,2" hai="11,12,18,55,57,61,69,71,73,76,80,84,88,95" machi="11" ten="30,3900,0" yaku="1,1,7,1,54,1,53,0" doraHai="93" doraHaiUra="119" who="2" fromWho="3" sc="146,0,305,0,122,71,407,-51" /><INIT seed="6,0,0,5,0,40" ten="146,305,193,356" oya="2" hai0="82,74,9,59,80,117,70,19,133,123,116,84,44" hai1="124,60,35,31,29,50,26,57,129,98,8,122,114" hai2="76,20,131,109,132,24,88,49,36,72,99,71,89" hai3="62,4,55,126,87,105,110,18,130,93,5,28,33"/><V79/><F36/><W121/><G121/><T7/><D70/><U3/><E122/><V101/><F71/><W134/><G110/><T90/><D123/><U115/><E124/><V120/><F120/><W95/><G126/><T17/><D133/><U11/><E129/><V53/><F131/><W128/><G130/><T42/><D59/><U25/><E50/><V51/><F51/><W56/><G105/><T66/><D66/><U68/><E98/><V10/><F10/><W64/><G134/><T32/><D32/><U65/><E68/><V96/><F72/><W85/><G128/><T112/><D112/><N who="1" m="43051" /><E3/><V54/><F109/><W69/><G33/><AGARI ba="0,0" hai="8,11,25,26,29,31,33,35,57,60,65" m="43051" machi="33" ten="30,1000,0" yaku="15,1" doraHai="40" who="1" fromWho="3" sc="146,0,305,10,193,0,356,-10" /><INIT seed="7,0,0,3,1,26" ten="146,315,193,346" oya="3" hai0="113,88,107,120,101,87,5,133,41,44,40,86,89" hai1="10,56,91,111,2,127,6,97,116,47,125,4,7" hai2="92,25,16,129,19,12,13,62,118,22,30,21,109" hai3="17,94,60,67,53,55,131,48,100,123,84,79,121"/><W52/><G131/><T76/><D120/><U85/><E111/><V54/><F109/><W117/><G117/><T28/><D5/><U15/><E116/><V98/><F129/><W110/><G110/><T36/><D133/><U90/><E97/><V81/><F118/><W135/><G135/><T11/><D11/><U73/><E73/><V102/><F81/><N who="3" m="47167" /><G121/><T64/><D64/><U103/><E103/><V32/><F54/><W39/><G39/><T9/><D9/><U95/><E90/><V27/><F62/><W37/><G37/><T33/><D101/><U106/><E106/><V0/><REACH who="2" step="1"/><F27/><REACH who="2" ten="146,315,183,346" step="2"/><W114/><G60/><T34/><D107/><U20/><E2/><AGARI ba="0,1" hai="0,2,12,13,16,19,21,22,25,30,32,92,98,102" machi="2" ten="40,8000,1" yaku="1,1,2,1,9,1,52,1,54,1,53,0" doraHai="26" doraHaiUra="61" who="2" fromWho="1" sc="146,0,315,-80,183,90,346,0" owari="146,-35.0,235,-16.0,273,7.0,346,44.0" /></mjloggm>