<mjloggm ver="2.3"><GO type="41" lobby="0"/><UN n0="%53%55%42%4D%41%52%49%4E" n1="%73%75%7A%75%6C%6F%76%65" n2="%4D%57%4D%57%4D%57" n3="%E2%93%9D%53%75%70%68%78" dan="13,14,13,19" rate="1824.67,1880.84,1934.32,2189.05" sx="M,M,M,M"/><TAIKYOKU oya="0"/><INIT seed="0,0,0,4,0,80" ten="250,250,250,250" oya="0" hai0="109,20,17,29,71,77,92,7,106,24,103,55,9" hai1="53,82,43,89,112,135,64,25,90,22,97,95,16" hai2="5,69,81,19,34,59,56,49,114,108,132,26,128" hai3="0,101,23,32,40,39,120,84,31,110,126,125,75"/><T63/><D106/><U60/><E135/><V62/><F114/><W21/><G75/><T129/><D129/><U28/><E112/><V38/><F108/><W15/><G101/><T54/><D77/><U41/><E28/><V70/><F38/><W102/><G102/><T65/><D109/><U27/><E27/><V74/><F5/><W122/><G40/><T12/><D103/><U68/><E53/><V57/><F132/><W111/><G84/><T76/><D76/><U73/><REACH who="1" step="1"/><E90/><REACH who="1" ten="250,240,250,250" step="2"/><V91/><F128/><W72/><G111/><T87/><D92/><U96/><E96/><V1/><F34/><W78/><G110/><T48/><D87/><U130/><E130/><V46/><F74/><W127/><G72/><T134/><D134/><U100/><E100/><V35/><F35/><W6/><G78/><AGARI ba="0,1" hai="16,22,25,41,43,60,64,68,73,78,82,89,95,97" machi="78" ten="40,5200,0" yaku="1,1,54,1,53,1" doraHai="80" doraHaiUra="104" who="1" fromWho="3" sc="250,0,240,62,250,0,250,-52" /><INIT seed="1,0,0,4,5,104" ten="250,302,250,198" oya="1" hai0="47,57,122,133,79,105,67,59,112,71,84,40,58" hai1="60,14,20,103,56,129,44,12,63,45,118,29,49" hai2="102,75,11,21,100,110,32,125,73,77,15,89,51" hai3="130,109,91,65,128,23,39,107,126,74,22,1,132"/><U69/><E118/><V86/><F32/><W18/><G65/><T120/><D105/><U19/><E129/><V33/><F33/><W48/><G107/><T6/><D6/><U62/><E69/><V81/><F110/><W76/><G39/><T96/><D96/><U17/><E29/><V5/><F125/><W30/><G91/><T31/><D31/><U99/><E56/><V117/><F117/><W13/><G48/><N who="0" m="26727" /><D79/><U127/><E127/><V135/><F135/><W121/><G126/><T88/><D84/><U54/><E44/><V24/><F51/><W0/><G121/><N who="0" m="46699" /><D88/><U90/><E90/><V35/><F35/><W8/><G109/><T66/><D112/><U131/><E63/><V92/><F75/><W10/><G76/><T68/><D133/><U72/><E72/><V28/><AGARI ba="0,0" hai="5,11,15,21,24,28,73,77,81,86,89,92,100,102" machi="28" ten="20,2700,0" yaku="0,1,7,1,52,1" doraHai="104" who="2" fromWho="2" sc="250,-7,302,-13,250,27,198,-7" /><INIT seed="2,0,0,3,3,54" ten="243,289,277,191" oya="2" hai0="33,92,83,55,37,78,46,34,131,103,26,44,102" hai1="29,1,57,90,95,5,19,31,58,21,6,114,132" hai2="20,91,2,49,25,89,51,45,47,76,113,10,0" hai3="4,65,27,81,120,67,108,59,24,130,56,40,22"/><V124/><F113/><W61/><G120/><T82/><D131/><U35/><E132/><V97/><F76/><W107/><G107/><T43/><D92/><U101/><E114/><V28/><F124/><W123/><G123/><T70/><D70/><U7/><E101/><V84/><F10/><W71/><G108/><T42/><D55/><U64/><E64/><V128/><F97/><W85/><G130/><T11/><D11/><U74/><E74/><V110/><F128/><W68/><G40/><T12/><D12/><N who="1" m="9447" /><E35/><V96/><F96/><W99/><G4/><T17/><D17/><U118/><E118/><V69/><F69/><W116/><G116/><T72/><D83/><U122/><E1/><V13/><F13/><W100/><G27/><T129/><D129/><U127/><E127/><V30/><F28/><N who="1" m="10825" /><E122/><V36/><F36/><W109/><G109/><T50/><D26/><U93/><E93/><V48/><F110/><W105/><G24/><T77/><D78/><U73/><E73/><V39/><F91/><W133/><G133/><T18/><D18/><U126/><E126/><V23/><F39/><W14/><G14/><T52/><REACH who="0" step="1"/><D42/><REACH who="0" ten="233,289,277,191" step="2"/><U9/><E9/><V134/><F134/><W87/><G71/><T104/><D104/><U63/><E95/><N who="2" m="54695" /><F2/><W119/><G119/><T115/><D115/><U79/><E79/><V15/><F0/><W53/><G68/><T16/><D16/><AGARI ba="0,1" hai="15,16,20,23,25,30,45,47,48,49,51" m="54695" machi="16" ten="30,2900,0" yaku="8,1,54,1" doraHai="54" who="2" fromWho="0" sc="233,-29,289,0,277,39,191,0" /><INIT seed="2,1,0,2,0,63" ten="204,289,316,191" oya="2" hai0="131,12,47,89,41,10,106,73,51,2,126,92,7" hai1="87,117,125,19,37,121,108,28,132,94,17,116,112" hai2="105,76,60,54,100,93,77,32,15,82,103,18,56" hai3="30,75,49,119,72,59,118,36,14,114,86,79,99"/><V84/><F32/><W21/><G36/><T53/><D106/><U134/><E37/><V128/><F105/><W48/><G114/><T29/><D126/><U98/><E87/><V120/><F120/><W22/><G86/><T50/><D131/><U4/><E125/><V85/><F128/><W42/><G14/><T0/><D73/><U71/><E112/><V70/><F70/><W13/><G13/><T62/><D29/><U46/><E46/><V65/><F54/><W69/><G69/><T96/><REACH who="0" step="1"/><D62/><REACH who="0" ten="194,289,316,191" step="2"/><U109/><E121/><V123/><F123/><W25/><G75/><T135/><D135/><U5/><E28/><V64/><F93/><W80/><G72/><T78/><D78/><U127/><E127/><V57/><F77/><W45/><G79/><T3/><D3/><U55/><E94/><V74/><F74/><W130/><G130/><T68/><D68/><U38/><E71/><V6/><F6/><W23/><G80/><T129/><D129/><U34/><E116/><V35/><F35/><W11/><G119/><T115/><D115/><U44/><E117/><V113/><F113/><W66/><G118/><T26/><D26/><U88/><E132/><V9/><F85/><W52/><G99/><T24/><D24/><U61/><E134/><V102/><F60/><N who="3" m="38175" /><G11/><T122/><D122/><U40/><E4/><V67/><AGARI ba="1,1" hai="9,15,18,56,57,64,65,67,76,82,84,100,102,103" machi="67" ten="30,12000,1" yaku="0,1,8,1,52,3" doraHai="63" who="2" fromWho="2" sc="194,-41,289,-41,316,133,191,-41" /><INIT seed="2,2,0,2,3,115" ten="153,248,449,150" oya="2" hai0="14,82,116,19,118,79,98,6,134,73,32,5,77" hai1="83,22,71,38,99,92,27,39,28,86,55,121,20" hai2="60,74,132,46,31,53,91,15,51,59,122,11,62" hai3="66,84,45,64,49,133,57,76,70,130,112,114,117"/><V17/><F122/><W23/><G76/><T56/><D32/><U47/><E121/><V78/><F132/><W1/><G1/><T97/><D134/><U29/><E71/><V44/><F31/><W52/><G84/><T119/><D56/><U61/><E29/><V48/><F74/><W18/><G133/><T10/><D79/><U9/><E20/><V69/><F78/><W102/><G102/><T33/><D33/><U94/><E94/><V43/><F69/><W104/><G104/><T123/><D123/><U87/><E83/><V106/><F106/><W40/><G130/><T12/><D5/><U42/><E38/><V129/><F129/><W111/><G111/><T103/><D103/><U93/><E93/><V30/><F30/><W58/><G18/><T107/><D107/><U120/><E9/><AGARI ba="2,0" hai="6,9,10,12,14,19,73,77,82,97,98,116,118,119" machi="9" ten="40,8000,1" yaku="12,1,52,3" doraHai="115" who="0" fromWho="1" sc="153,86,248,-86,449,0,150,0" /><INIT seed="3,0,0,2,4,42" ten="239,162,449,150" oya="3" hai0="133,62,131,15,109,130,87,68,10,84,89,31,80" hai1="123,110,83,44,64,27,132,119,22,53,127,78,29" hai2="73,82,125,43,74,105,76,135,18,66,4,115,20" hai3="13,34,58,11,129,120,122,33,9,107,55,14,100"/><W108/><G107/><T128/><D109/><U52/><E123/><V60/><F115/><W6/><G100/><T75/><D75/><U48/><E110/><V24/><F105/><W94/><G108/><T30/><D133/><U7/><E132/><V2/><F125/><W50/><G129/><T96/><D96/><U103/><E127/><V47/><F4/><W72/><G72/><T28/><D87/><U106/><E7/><V71/><F135/><W26/><G94/><T88/><D89/><U41/><E64/><V32/><F2/><W69/><G69/><T65/><D31/><U39/><E119/><V113/><F32/><W17/><REACH who="3" step="1"/><G26/><REACH who="3" ten="239,162,449,140" step="2"/><T91/><REACH who="0" step="1"/><D91/><REACH who="0" ten="229,162,449,140" step="2"/><U101/><E106/><V86/><F113/><W21/><G21/><T98/><D98/><U16/><E101/><V70/><F71/><W38/><G38/><AGARI ba="0,2" hai="18,20,24,38,43,47,60,66,70,73,74,76,82,86" machi="38" ten="30,2000,0" yaku="7,1,52,1" doraHai="42" who="2" fromWho="3" sc="229,0,162,0,449,40,140,-20" /><INIT seed="4,0,0,4,4,94" ten="229,162,489,120" oya="0" hai0="52,11,84,106,57,132,46,45,1,47,32,105,19" hai1="55,64,80,56,48,87,7,125,43,70,58,115,40" hai2="10,60,110,23,2,126,4,16,131,118,92,71,69" hai3="120,112,61,82,39,6,26,24,14,20,128,79,72"/><T99/><D32/><U35/><E35/><V21/><F110/><W117/><G117/><T91/><D132/><U33/><E33/><V62/><F131/><W83/><G128/><T95/><D1/><U130/><E7/><V34/><F23/><W30/><G112/><T27/><D84/><U119/><E87/><V124/><F34/><W65/><G39/><T96/><D96/><U3/><E80/><V29/><F29/><W9/><G120/><T89/><D89/><U76/><E76/><V97/><F71/><W111/><G83/><T122/><D122/><U129/><E3/><V114/><F69/><W53/><G26/><T54/><D54/><N who="1" m="31815" /><E119/><V101/><F114/><W68/><REACH who="3" step="1"/><G53/><REACH who="3" ten="229,162,489,110" step="2"/><T134/><D134/><U36/><E115/><V107/><F118/><W116/><G116/><T93/><D93/><U8/><E36/><V51/><F107/><W73/><G73/><T22/><REACH who="0" step="1"/><D11/><REACH who="0" ten="219,162,489,110" step="2"/><U5/><E8/><V108/><F10/><W44/><G44/><T133/><D133/><U67/><E129/><V12/><F2/><W28/><G28/><T41/><D41/><U103/><E43/><V127/><F92/><W85/><G85/><T123/><D123/><U37/><E40/><V15/><F4/><W135/><G135/><T38/><D38/><U66/><E5/><V59/><F12/><W78/><G78/><T100/><D100/><U90/><E103/><V104/><F15/><W113/><G113/><T98/><D98/><U81/><E37/><V0/><F97/><W17/><G17/><T86/><D86/><U50/><E130/><V102/><F101/><RYUUKYOKU ba="0,2" sc="219,15,162,-15,489,-15,110,15" hai0="19,22,27,45,46,47,52,57,91,95,99,105,106" hai3="6,9,14,20,24,30,61,65,68,72,79,82,111" /><INIT seed="4,1,2,5,3,79" ten="234,147,474,125" oya="0" hai0="91,76,6,105,52,69,110,94,65,62,61,32,109" hai1="18,72,121,83,3,102,113,116,97,64,118,44,39" hai2="128,93,58,21,7,114,98,33,95,60,34,35,4" hai3="41,10,131,74,99,77,126,125,46,80,42,24,19"/><T85/><D105/><U108/><E121/><V73/><F114/><W90/><G131/><T127/><D32/><U29/><E108/><N who="0" m="41577" /><D6/><U82/><E72/><V130/><F73/><W14/><G24/><T111/><N who="0" m="41585" /><T71/><DORA hai="122" /><D76/><U5/><E113/><V84/><F21/><W87/><G99/><T134/><D134/><U40/><E29/><V86/><F130/><W67/><G67/><N who="0" m="41199" /><D52/><U25/><E5/><V45/><F128/><W15/><G15/><T81/><D127/><N who="3" m="48649" /><G46/><T11/><D11/><U50/><E3/><V1/><F1/><W75/><G75/><T70/><D70/><U66/><E39/><V57/><F33/><W68/><G68/><T37/><D37/><U63/><E66/><V38/><F38/><W101/><G101/><T17/><D17/><U12/><E102/><V49/><F35/><W133/><G133/><T31/><D31/><U23/><E18/><V55/><F34/><W53/><G53/><T54/><D54/><U20/><E40/><V78/><F78/><W51/><G51/><T106/><D106/><U124/><E50/><V89/><F58/><W48/><G48/><T36/><D36/><U28/><E28/><V27/><F4/><W13/><G13/><T104/><D104/><U103/><E12/><V129/><F7/><W119/><G119/><T47/><D47/><U120/><E116/><V88/><F129/><W22/><G10/><T100/><D100/><U112/><E118/><V132/><F132/><W96/><G74/><T92/><AGARI ba="1,2" hai="62,65,71,81,85,91,92,94" m="41199,41585" machi="92" ten="40,18000,2" yaku="10,1,52,5" doraHai="79,122" who="0" fromWho="0" sc="234,203,147,-61,474,-61,125,-61" /><INIT seed="4,2,0,5,1,84" ten="437,86,413,64" oya="0" hai0="123,119,111,76,51,5,77,22,7,103,44,114,127" hai1="78,133,1,75,131,90,23,129,15,81,71,113,16" hai2="88,85,68,30,14,53,59,117,13,18,121,4,124" hai3="97,0,46,63,39,86,70,130,91,27,135,125,47"/><T126/><D119/><U101/><E1/><V110/><F121/><W56/><G0/><T20/><D123/><U99/><E71/><V65/><F110/><W21/><G70/><T28/><D103/><U26/><E133/><V36/><F36/><W134/><G125/><N who="0" m="47627" /><D114/><U19/><E113/><V80/><F124/><W57/><G97/><T34/><D34/><U109/><E109/><V82/><F30/><W3/><G3/><T83/><D111/><U54/><E54/><V10/><F68/><W32/><G130/><T122/><D122/><U69/><E69/><V73/><F73/><W89/><G86/><N who="0" m="48487" /><D77/><U41/><E41/><V42/><F42/><W93/><G32/><T24/><D22/><U66/><E66/><V104/><F104/><W95/><G21/><T45/><D45/><U116/><E116/><V105/><F105/><W106/><G106/><T52/><AGARI ba="2,0" hai="5,7,20,24,28,44,51,52" m="48487,47627" machi="52" ten="30,3000,0" yaku="18,1,54,1" doraHai="84" who="0" fromWho="0" sc="437,36,86,-12,413,-12,64,-12" /><INIT seed="4,3,0,1,4,74" ten="473,74,401,52" oya="0" hai0="118,8,66,23,106,45,40,16,28,18,72,109,36" hai1="0,94,125,46,113,98,50,101,82,90,30,110,132" hai2="100,122,76,75,70,31,32,2,7,108,60,79,96" hai3="26,117,135,130,25,119,115,89,78,104,10,112,83"/><T121/><D106/><U34/><E110/><V67/><F108/><W71/><G71/><T133/><D109/><U27/><E125/><V126/><F75/><W22/><G104/><T47/><D118/><U61/><E132/><V42/><F42/><W131/><G89/><T103/><D103/><U41/><E0/><V49/><F49/><W116/><G135/><T107/><D107/><U3/><E3/><V84/><F126/><W88/><G88/><T97/><D97/><U77/><E113/><N who="3" m="43594" /><G10/><T21/><D72/><U128/><E128/><N who="3" m="49194" /><G22/><T35/><D66/><U124/><E124/><V13/><F84/><AGARI ba="3,0" hai="25,26,78,83,84,116,117,119" m="49194,43594" machi="84" ten="40,5200,0" yaku="15,1,19,1,52,1" doraHai="74" who="3" fromWho="2" sc="473,0,74,0,401,-61,52,61" /><INIT seed="5,0,0,2,0,114" ten="473,74,340,113" oya="1" hai0="69,9,119,0,52,75,87,103,46,125,121,66,85" hai1="82,74,54,65,71,26,2,39,33,122,34,60,76" hai2="101,18,59,51,19,64,98,8,88,81,130,12,55" hai3="129,118,84,127,57,96,89,126,58,1,10,100,62"/><U111/><E122/><V35/><F130/><W44/><G44/><T135/><D75/><U109/><E54/><V106/><F35/><N who="1" m="13321" /><E26/><V7/><F64/><W37/><G37/><T15/><D0/><U48/><E48/><V79/><REACH who="2" step="1"/><F88/><REACH who="2" ten="473,74,330,113" step="2"/><W105/><G129/><T92/><D121/><U90/><E90/><V67/><F67/><W102/><G89/><T72/><D66/><U63/><E65/><V27/><F27/><W116/><G102/><T124/><D69/><U120/><E71/><V117/><F117/><N who="3" m="45163" /><G84/><AGARI ba="0,1" hai="7,8,12,18,19,51,55,59,79,81,84,98,101,106" machi="84" ten="30,2000,0" yaku="1,1,7,1,53,0" doraHai="114" doraHaiUra="91" who="2" fromWho="3" sc="473,0,74,0,330,30,113,-20" /><INIT seed="6,0,0,3,1,97" ten="473,74,360,93" oya="2" hai0="89,39,124,12,9,0,113,128,5,32,42,7,133" hai1="100,120,92,57,48,1,132,28,38,114,104,64,121" hai2="122,80,44,72,78,111,82,17,125,74,108,24,53" hai3="135,15,83,118,101,55,67,45,76,94,110,34,46"/><V116/><F122/><N who="1" m="47209" /><E104/><V127/><F116/><W37/><G110/><N who="2" m="42025" /><F44/><W77/><G34/><T117/><D42/><U131/><E38/><V126/><F53/><W102/><G135/><T50/><D50/><U59/><E132/><V105/><F24/><W87/><G118/><T27/><D89/><U84/><E1/><V95/><F17/><W98/><G67/><T103/><D103/><N who="3" m="39433" /><G77/><T79/><D79/><U93/><E28/><V65/><F65/><W30/><G30/><N who="0" m="19551" /><D39/><U88/><E131/><V54/><F54/><W11/><G37/><T69/><D69/><U8/><E114/><V66/><F66/><W86/><G55/><T41/><D41/><U81/><E64/><V115/><F95/><N who="1" m="36425" /><E100/><V112/><F105/><W13/><G98/><T96/><D96/><U23/><E48/><V68/><F68/><W73/><G94/><T6/><D133/><U3/><E23/><V47/><F47/><N who="3" m="17931" /><G73/><N who="2" m="28265" /><F78/><N who="3" m="46455" /><G11/><T33/><D33/><U31/><E31/><V91/><F91/><W123/><G123/><T35/><D35/><U106/><E106/><V20/><F20/><W43/><G43/><T63/><D117/><U10/><E10/><V130/><F130/><W109/><G109/><T51/><D128/><U62/><E62/><V18/><F18/><W90/><G90/><T29/><D63/><U60/><E60/><V99/><F99/><W26/><G26/><T36/><D29/><U70/><E70/><V75/><N who="2" m="28273" /><V21/><DORA hai="16" /><F21/><W134/><G134/><T107/><D107/><U129/><E129/><V40/><F40/><W61/><G61/><T4/><D36/><RYUUKYOKU ba="0,0" sc="473,-30,74,10,360,10,93,10" hai1="3,8,57,59,81,84,88" hai2="80,82,112,115,125,126,127" hai3="13,15,76,87" /><INIT seed="6,1,0,4,2,95" ten="443,84,370,103" oya="2" hai0="35,124,42,78,17,107,126,86,109,90,99,98,71" hai1="62,20,127,26,66,36,103,2,115,113,33,52,7" hai2="58,27,6,84,87,53,21,133,85,120,67,32,102" hai3="132,106,125,48,114,8,43,68,34,45,82,65,50"/><V9/><F120/><W123/><G34/><T47/><D71/><U46/><E33/><V92/><F32/><W96/><G123/><T81/><D35/><U57/><E127/><N who="0" m="48681" /><D109/><U104/><E2/><V75/><F75/><W28/><G132/><T100/><D17/><U88/><E7/><V11/><F133/><W89/><G114/><N who="1" m="43530" /><E36/><V118/><F6/><W79/><G28/><T16/><D16/><N who="1" m="12551" /><E104/><V101/><F118/><W18/><G106/><T116/><D116/><U40/><E103/><N who="2" m="39435" /><F67/><W94/><G65/><T25/><D25/><U39/><E88/><N who="2" m="53255" /><F11/><W77/><G125/><T130/><D130/><U111/><E66/><V10/><F10/><W12/><G68/><T74/><D100/><U135/><E111/><V3/><F3/><W83/><G79/><T69/><D69/><U30/><E30/><N who="2" m="17775" /><F9/><W128/><G128/><T23/><D23/><U41/><E41/><V55/><F55/><W61/><G77/><T15/><D15/><U105/><E105/><V119/><F119/><W129/><G129/><T112/><D107/><U110/><E110/><V51/><AGARI ba="1,0" hai="51,53,58,85,87" m="17775,53255,39435" machi="51" ten="30,3000,0" yaku="8,1,54,1" doraHai="95" who="2" fromWho="2" sc="443,-11,84,-11,370,33,103,-11" /><INIT seed="6,2,0,1,2,122" ten="432,73,403,92" oya="2" hai0="109,31,67,4,69,132,56,13,6,128,88,119,10" hai1="114,134,65,51,98,104,81,83,33,52,85,43,64" hai2="18,57,120,112,41,105,95,19,71,82,11,111,106" hai3="61,16,123,75,63,125,2,15,68,60,38,107,103"/><V135/><F120/><W117/><G123/><T20/><D109/><U9/><E33/><V26/><F71/><W113/><G2/><T14/><D69/><U76/><E43/><V40/><F112/><W30/><G75/><T126/><D67/><U73/><E134/><V37/><F135/><W74/><G74/><T129/><D56/><U0/><E114/><V77/><F111/><W108/><G38/><T84/><D132/><U124/><E124/><V50/><F37/><W130/><G117/><T48/><D48/><U110/><E110/><V25/><F95/><W93/><G107/><T8/><D126/><U32/><E32/><V23/><F106/><W99/><G130/><T28/><D119/><U127/><E127/><V100/><F100/><W49/><G125/><T7/><D7/><U87/><E73/><V47/><F57/><W29/><G68/><T36/><D36/><U118/><E118/><V62/><F62/><W12/><G108/><T46/><D46/><U5/><E98/><V86/><F105/><W96/><G96/><T22/><D84/><U34/><E34/><V91/><F11/><N who="3" m="6175" /><G113/><T59/><D59/><U44/><E104/><V97/><F97/><W55/><G15/><T45/><D45/><AGARI ba="2,0" hai="29,30,45,49,55,60,61,63,93,99,103" m="6175" machi="45" ten="30,2000,0" yaku="8,1,54,1" doraHai="122" who="3" fromWho="0" sc="432,-26,73,0,403,0,92,26" /><INIT seed="7,0,0,4,5,71" ten="406,73,403,118" oya="3" hai0="128,54,40,11,27,44,122,45,34,20,112,23,76" hai1="33,24,127,90,56,3,68,85,8,79,118,55,64" hai2="115,63,70,53,113,58,1,73,69,65,93,22,108" hai3="60,80,101,120,117,43,84,129,61,92,94,82,89"/><W96/><G117/><T77/><D122/><U9/><E118/><V62/><F108/><W12/><G120/><T119/><D119/><U0/><E79/><V2/><F73/><W67/><G129/><T95/><D128/><U102/><E127/><V125/><F70/><W47/><G12/><T30/><D112/><N who="2" m="43082" /><F125/><W42/><G42/><T132/><D132/><U107/><E9/><V59/><F69/><W35/><G35/><T116/><D116/><U15/><E68/><V39/><F39/><W29/><G29/><T111/><D111/><U19/><E64/><V83/><F83/><W26/><G26/><T105/><D105/><U37/><E107/><V52/><F22/><W131/><G131/><T133/><D133/><U49/><E102/><V75/><F75/><W48/><G67/><T72/><D11/><U46/><E33/><V109/><F109/><W81/><AGARI ba="0,0" hai="43,47,48,60,61,80,81,82,84,89,92,94,96,101" machi="81" ten="30,3000,0" yaku="0,1,8,1" doraHai="71" who="3" fromWho="3" sc="406,-10,73,-10,403,-10,118,30" /><INIT seed="7,1,0,0,2,41" ten="396,63,393,148" oya="3" hai0="121,74,109,98,77,65,82,24,112,122,119,31,103" hai1="86,3,66,20,105,126,0,39,129,62,135,8,18" hai2="42,60,12,88,70,97,11,134,37,48,87,51,124" hai3="94,96,44,116,64,101,59,117,13,80,7,113,19"/><W22/><G113/><T125/><D119/><U99/><E105/><V56/><F134/><W32/><G32/><T52/><D109/><U57/><E129/><V27/><F70/><W50/><G7/><T2/><D2/><U28/><E39/><V45/><F97/><W16/><G80/><T92/><D125/><U93/><E126/><V40/><F40/><W128/><G128/><T38/><D38/><U6/><E135/><V17/><F27/><W25/><G59/><T54/><D65/><U115/><E115/><V111/><F124/><W102/><G64/><T29/><D112/><U69/><E86/><V68/><F68/><W58/><G58/><T75/><D74/><U83/><E83/><V123/><F123/><W73/><G73/><T26/><D121/><U34/><E34/><V106/><F106/><W95/><G95/><T36/><D36/><U47/><E28/><V33/><F33/><W5/><G5/><T23/><D122/><U110/><E110/><V63/><F111/><W100/><G117/><T132/><D132/><U43/><E69/><V9/><F9/><W118/><G118/><T79/><D77/><U108/><E108/><V91/><F91/><W53/><G116/><T35/><AGARI ba="1,0" hai="23,24,26,29,31,35,52,54,75,79,82,92,98,103" machi="35" ten="20,2700,0" yaku="0,1,7,1,54,1" doraHai="41" who="0" fromWho="0" sc="396,30,63,-8,393,-8,148,-14" owari="426,52.0,55,-44.0,385,19.0,134,-27.0" /></mjloggm>