<mjloggm ver="2.3"><GO type="41" lobby="0"/><UN n0="%E2%93%9D%53%75%70%68%78" n1="%E3%82%84%E3%81%A3%E3%81%A1%E3%82%83%E3%82%93%E3%82%88%E3%81%A3%E3%81%A1" n2="%E5%B7%A6%E6%89%8B%E3%81%AB%E8%82%89%E7%90%83" n3="%72%61%72%61%70%6F%70%6F" dan="19,14,14,14" rate="2209.85,1953.92,1908.68,1911.82" sx="M,M,M,M"/><TAIKYOKU oya="0"/><INIT seed="0,0,0,2,4,97" ten="250,250,250,250" oya="0" hai0="125,80,42,99,107,52,61,132,59,2,36,14,17" hai1="46,6,102,12,112,103,118,91,72,19,44,26,124" hai2="92,58,47,128,37,123,87,130,0,60,74,21,117" hai3="64,34,89,31,10,20,90,62,45,83,76,105,129"/><T16/><D2/><U41/><E118/><V43/><F117/><W86/><G129/><N who="2" m="49769" /><F123/><W106/><G34/><T35/><D35/><U53/><E72/><V57/><F0/><W115/><G115/><T95/><D107/><U24/><E112/><V27/><F74/><W120/><G120/><T9/><D132/><U104/><E124/><V109/><F109/><W94/><G89/><T127/><D80/><U48/><E104/><V33/><F33/><W131/><G45/><T98/><D98/><U110/><E110/><V88/><F60/><W29/><G10/><T56/><D56/><U73/><E73/><V113/><F113/><W25/><G31/><AGARI ba="0,0" hai="21,27,31,37,43,47,57,58,87,88,92" m="49769" machi="31" ten="30,2000,0" yaku="19,1,54,1" doraHai="97" who="2" fromWho="3" sc="250,0,250,0,250,20,250,-20" /><INIT seed="1,0,0,4,3,67" ten="250,250,270,230" oya="1" hai0="48,132,23,0,68,25,112,98,70,60,66,22,63" hai1="39,31,14,55,69,127,79,4,82,89,93,19,135" hai2="17,85,74,96,97,59,11,109,99,73,12,37,27" hai3="36,56,9,50,110,7,77,35,45,6,72,10,61"/><U15/><E39/><V134/><F37/><W80/><G110/><T100/><D112/><U128/><E135/><V130/><F109/><W94/><G36/><T116/><D0/><U129/><E127/><V92/><F134/><W115/><G35/><T41/><D116/><U33/><E55/><V3/><F3/><W78/><G78/><T86/><D86/><U95/><E69/><V47/><F47/><W51/><G115/><T1/><D1/><U87/><E4/><V83/><F130/><N who="1" m="50281" /><E19/><V34/><F59/><W38/><G94/><N who="1" m="35850" /><E79/><V49/><F92/><W102/><G102/><T30/><D132/><U133/><E133/><V76/><REACH who="2" step="1"/><F49/><REACH who="2" ten="250,250,260,230" step="2"/><W119/><G38/><T123/><D48/><U29/><E33/><V81/><F81/><W103/><G103/><T53/><D100/><U118/><E118/><V64/><F64/><W2/><G119/><T28/><D66/><U57/><E57/><V113/><F113/><W71/><G45/><T88/><D70/><U90/><E90/><V8/><F8/><W54/><REACH who="3" step="1"/><G71/><REACH who="3" ten="250,250,260,220" step="2"/><T44/><D68/><U43/><E43/><V126/><F126/><W121/><G121/><T125/><D123/><U114/><E114/><V124/><F124/><W62/><G62/><T26/><D125/><U107/><E107/><V111/><F111/><W105/><G105/><T52/><D41/><U104/><E104/><V122/><F122/><W46/><G46/><T120/><D120/><U5/><E5/><V106/><F106/><W91/><G91/><T18/><D88/><U58/><E58/><V108/><F108/><W84/><G84/><RYUUKYOKU ba="0,2" sc="250,-30,250,10,260,10,220,10" hai1="14,15,29,31,82,87,89" hai2="11,12,17,27,34,73,74,76,83,85,96,97,99" hai3="2,6,7,9,10,50,51,54,56,61,72,77,80" /><INIT seed="1,1,2,4,1,52" ten="220,260,270,230" oya="1" hai0="29,37,89,120,36,122,96,130,131,3,25,114,128" hai1="85,26,84,16,126,33,76,98,124,81,123,78,112" hai2="59,56,20,30,88,72,35,83,102,27,9,93,132" hai3="125,62,22,40,99,118,45,92,105,134,14,19,43"/><U54/><E112/><V7/><F35/><W51/><G134/><T115/><D89/><U66/><E66/><V15/><F132/><W21/><G125/><N who="1" m="48234" /><E123/><N who="0" m="47145" /><D96/><U61/><E98/><N who="2" m="59727" /><F72/><W55/><G118/><T108/><D3/><U110/><E110/><V94/><F83/><W100/><G105/><T101/><D101/><U53/><E33/><V6/><F7/><W17/><REACH who="3" step="1"/><G62/><REACH who="3" ten="220,260,270,220" step="2"/><T119/><D119/><U48/><E61/><V86/><AGARI ba="1,3" hai="6,9,15,20,27,30,56,59,86,88,94" m="59727" machi="86" ten="30,7900,0" yaku="8,1,52,2,54,1" doraHai="52" who="2" fromWho="2" sc="220,-21,260,-40,270,112,220,-21" /><INIT seed="2,0,0,3,4,92" ten="199,220,382,199" oya="2" hai0="8,87,34,13,6,100,36,14,110,16,32,122,9" hai1="63,51,81,130,45,15,68,57,24,0,104,73,18" hai2="69,37,95,75,4,12,103,82,128,106,112,105,47" hai3="35,41,76,49,59,129,127,21,114,135,29,109,43"/><V124/><F69/><W30/><G76/><T89/><D122/><U84/><E0/><V44/><F112/><W101/><G35/><T48/><D36/><U50/><E73/><V119/><F119/><W28/><G114/><T79/><D110/><U120/><E130/><V46/><F128/><W99/><G129/><T78/><D100/><U116/><E116/><V118/><F118/><W91/><G109/><T132/><D132/><U74/><E74/><V70/><F70/><W31/><G135/><T111/><D111/><U107/><E120/><V3/><F3/><W121/><G127/><T94/><D34/><U38/><E24/><V1/><F1/><W55/><G91/><T60/><D32/><U90/><E38/><V97/><F37/><W125/><G125/><T113/><D113/><U61/><E68/><V85/><F75/><W88/><G101/><T117/><D117/><U20/><E51/><V108/><F108/><W54/><G54/><T77/><REACH who="0" step="1"/><D48/><REACH who="0" ten="189,220,382,199" step="2"/><U39/><E39/><V40/><F124/><W134/><G134/><T115/><D115/><U96/><E63/><AGARI ba="0,1" hai="6,8,9,13,14,16,60,63,77,78,79,87,89,94" machi="63" ten="40,5200,0" yaku="1,1,8,1,54,1,53,0" doraHai="92" doraHaiUra="53" who="0" fromWho="1" sc="189,62,220,-52,382,0,199,0" /><INIT seed="3,0,0,3,4,84" ten="251,168,382,199" oya="3" hai0="92,121,115,28,75,88,53,116,34,43,120,61,97" hai1="86,85,32,11,76,48,91,0,101,99,128,54,7" hai2="90,37,66,13,15,133,4,103,112,1,77,108,29" hai3="67,96,41,119,69,31,93,113,12,134,68,78,89"/><W50/><G113/><T83/><D116/><U46/><E32/><V105/><F108/><W18/><G119/><T56/><D115/><U6/><E128/><V80/><F37/><W52/><G134/><T81/><D43/><U98/><E7/><V3/><F29/><W47/><G31/><T71/><D71/><U25/><E25/><V36/><F66/><W135/><G135/><T17/><D75/><U129/><E129/><V106/><F36/><W9/><G78/><T51/><D34/><U57/><E101/><V26/><F26/><W22/><G67/><T8/><D28/><U14/><E0/><V19/><F4/><W45/><REACH who="3" step="1"/><G9/><REACH who="3" ten="251,168,382,189" step="2"/><T65/><D121/><U74/><E74/><V131/><F133/><W100/><G100/><T117/><D120/><U107/><E107/><V21/><F103/><W33/><G33/><T62/><D117/><U10/><E10/><V27/><F112/><W95/><G95/><T130/><D130/><U110/><E110/><V35/><F35/><W55/><G55/><T132/><D132/><U30/><E30/><V111/><F131/><W24/><G24/><T42/><D65/><U123/><E123/><V58/><F111/><W102/><G102/><T59/><D8/><U73/><E73/><V104/><F27/><W118/><G118/><T64/><D17/><U94/><E46/><AGARI ba="0,1" hai="42,46,51,53,56,59,61,62,64,81,83,88,92,97" machi="46" ten="40,5200,0" yaku="8,1,52,1,54,1" doraHai="84" who="0" fromWho="1" sc="251,62,168,-52,382,0,189,0" /><INIT seed="4,0,0,3,0,76" ten="313,116,382,189" oya="0" hai0="132,84,73,15,98,100,69,81,55,121,135,90,63" hai1="34,38,35,13,123,2,19,102,37,7,30,59,39" hai2="118,58,105,9,108,130,29,16,8,20,87,44,62" hai3="80,27,4,54,75,57,49,119,43,61,72,1,113"/><T89/><D15/><U52/><E123/><V14/><F108/><W86/><G113/><T109/><D55/><U125/><E125/><V0/><F105/><W74/><G119/><T107/><D69/><U42/><E102/><V101/><F118/><W112/><G112/><T6/><D63/><U3/><E42/><V5/><F130/><W122/><G122/><T104/><D6/><U97/><E97/><V66/><F101/><W71/><G27/><T33/><D33/><U32/><E30/><V51/><F29/><W68/><G43/><T95/><D121/><U114/><E114/><V128/><F128/><W21/><G21/><T46/><D46/><U11/><REACH who="1" step="1"/><E7/><REACH who="1" ten="313,106,382,189" step="2"/><V92/><F5/><W115/><G115/><T110/><D73/><U10/><E10/><V24/><F9/><W77/><G4/><T45/><D45/><U56/><E56/><V131/><F131/><W133/><G1/><T88/><D110/><U134/><E134/><N who="0" m="51241" /><D109/><U60/><AGARI ba="0,1" hai="2,3,11,13,19,32,34,35,37,38,39,52,59,60" machi="60" ten="40,5200,0" yaku="1,1,0,1,54,1,53,0" doraHai="76" doraHaiUra="127" who="1" fromWho="1" sc="313,-26,106,62,382,-13,189,-13" /><INIT seed="5,0,0,2,2,108" ten="287,168,369,176" oya="1" hai0="114,26,110,28,30,79,91,34,88,24,74,117,16" hai1="101,57,43,95,1,124,23,52,90,35,15,68,19" hai2="38,41,104,131,70,69,96,102,83,82,107,116,100" hai3="87,37,61,78,7,49,89,9,109,111,51,75,62"/><U103/><E68/><V67/><F116/><W50/><G37/><T64/><D110/><U36/><E35/><V127/><F131/><W85/><G111/><T97/><D117/><U14/><E1/><V21/><F127/><W22/><G109/><T122/><D64/><U47/><E15/><V84/><F21/><W132/><G75/><T46/><D114/><U120/><E120/><V134/><F134/><W133/><G22/><T121/><D46/><U77/><E77/><V115/><F67/><W113/><G78/><T65/><D65/><U105/><E105/><V40/><F84/><N who="3" m="32331" /><G89/><T129/><D129/><U48/><E124/><V42/><F38/><W73/><G9/><T44/><D44/><U130/><E130/><V20/><F20/><W18/><G18/><T72/><D79/><U4/><E4/><V66/><F66/><W63/><G73/><T13/><D16/><U135/><E135/><N who="3" m="51786" /><G7/><T71/><D71/><U17/><E17/><V126/><F126/><W93/><G93/><T5/><D5/><U33/><E33/><V112/><F42/><W128/><G128/><T6/><D6/><U94/><E94/><V0/><F0/><W60/><N who="3" m="15360" /><DORA hai="80" /><W123/><G123/><T76/><D76/><U118/><E118/><V58/><F58/><W106/><G106/><T86/><D34/><U56/><E56/><V32/><F32/><W25/><G25/><T11/><D122/><U45/><E47/><V53/><F53/><W31/><G31/><T81/><D30/><U3/><E3/><V119/><F119/><W125/><G125/><T99/><D121/><RYUUKYOKU ba="0,0" sc="287,-30,168,10,369,10,176,10" hai1="14,19,23,36,43,45,48,52,57,90,95,101,103" hai2="40,41,69,70,82,83,96,100,102,104,107,112,115" hai3="49,50,51,113" /><INIT seed="5,1,0,3,3,71" ten="257,178,379,186" oya="1" hai0="133,120,108,31,128,125,75,65,50,84,57,27,59" hai1="83,42,113,101,4,36,117,24,78,94,109,2,29" hai2="68,72,46,25,37,19,40,26,1,97,11,96,135" hai3="3,122,49,116,119,98,21,12,52,39,80,130,5"/><U89/><E117/><N who="3" m="45130" /><G122/><T70/><D108/><U35/><E109/><V51/><F135/><W124/><G124/><T91/><D75/><U38/><E113/><V53/><F68/><W112/><G112/><T131/><D125/><U92/><E101/><V20/><F72/><W66/><G130/><N who="0" m="49707" /><D50/><U110/><E110/><V102/><F25/><W129/><G129/><T103/><D103/><U8/><E89/><V99/><F11/><N who="3" m="2495" /><G98/><T48/><D48/><U30/><E30/><V100/><REACH who="2" step="1"/><F1/><REACH who="2" ten="257,178,369,186" step="2"/><W87/><G66/><T123/><D65/><U86/><REACH who="1" step="1"/><E42/><REACH who="1" ten="257,168,369,186" step="2"/><V79/><F79/><W60/><G80/><N who="0" m="49543" /><D123/><U22/><E22/><V7/><F7/><W77/><G21/><T15/><D120/><U17/><E17/><V32/><F32/><W118/><G118/><T93/><D31/><U69/><E69/><V121/><F121/><W104/><G77/><T134/><D70/><U76/><E76/><V54/><F54/><W28/><G28/><T111/><D111/><U55/><E55/><V58/><AGARI ba="1,2" hai="19,20,26,37,40,46,51,53,58,96,97,99,100,102" machi="58" ten="30,7900,0" yaku="1,1,0,1,52,1,53,1" doraHai="71" doraHaiUra="47" who="2" fromWho="2" sc="257,-21,168,-40,369,102,186,-21" /><INIT seed="6,0,0,1,2,30" ten="236,128,471,165" oya="2" hai0="95,3,37,7,96,75,67,57,18,73,39,51,111" hai1="38,5,9,121,132,10,19,6,91,16,85,46,94" hai2="59,135,40,83,88,124,55,4,80,56,97,43,113" hai3="116,110,53,25,79,36,90,13,76,70,104,115,8"/><V54/><F113/><W0/><G110/><T89/><D111/><U68/><E68/><V117/><F117/><W109/><G109/><T122/><D122/><U26/><E132/><V120/><F120/><W11/><G116/><T52/><D67/><U66/><E121/><V101/><F135/><W24/><G70/><T98/><D7/><U65/><E38/><V134/><F134/><W99/><G36/><T100/><D3/><U86/><E46/><V61/><F4/><N who="1" m="1641" /><E26/><V44/><F124/><W2/><G115/><T62/><D39/><U22/><E22/><V48/><F40/><W118/><G118/><T84/><D37/><U92/><E66/><V72/><F72/><W106/><G13/><T130/><D130/><U60/><E60/><N who="2" m="35863" /><F101/><W41/><G99/><T69/><D98/><U63/><E63/><V49/><F61/><W35/><G53/><T81/><D69/><U45/><E45/><V108/><F108/><W50/><G50/><T14/><D62/><U17/><E65/><V125/><F125/><W77/><G77/><T20/><AGARI ba="0,0" hai="14,18,20,51,52,57,73,75,81,84,89,95,96,100" machi="20" ten="20,2700,0" yaku="0,1,7,1,54,1" doraHai="30" who="0" fromWho="0" sc="236,27,128,-7,471,-13,165,-7" /><INIT seed="7,0,0,1,0,120" ten="263,121,458,158" oya="3" hai0="103,10,58,64,115,74,106,27,122,6,130,100,11" hai1="93,84,14,75,83,128,114,70,126,97,5,68,46" hai2="42,69,86,63,24,28,45,105,99,17,3,55,30" hai3="132,47,36,77,89,23,119,54,123,52,85,66,112"/><W133/><G123/><T131/><D115/><U129/><E114/><V124/><F3/><W38/><G112/><T76/><D122/><U0/><E0/><V60/><F124/><W134/><G77/><T32/><D106/><U53/><E126/><V13/><F86/><W116/><G23/><T15/><D11/><U1/><E1/><V98/><F105/><W62/><G89/><T111/><D58/><U19/><E5/><V25/><F69/><N who="3" m="42199" /><G85/><T44/><D64/><U88/><E75/><V34/><F55/><N who="3" m="21035" /><G47/><T117/><D44/><U95/><E95/><V110/><F99/><W94/><G94/><T39/><D76/><U43/><E53/><V82/><F98/><W4/><G4/><T22/><D22/><U61/><E61/><V37/><F82/><W121/><G121/><T31/><D6/><U33/><E33/><V92/><F92/><W2/><G2/><T65/><D32/><U57/><E57/><V104/><F104/><W35/><G35/><T101/><D74/><U80/><E19/><V87/><F87/><W90/><G90/><T9/><D103/><N who="1" m="60847" /><E14/><V118/><F13/><W26/><G26/><T113/><D27/><U67/><E83/><V20/><F24/><W72/><G72/><T125/><D113/><U49/><E67/><V102/><F34/><W109/><G109/><T12/><D125/><U81/><E81/><V51/><F20/><W135/><N who="3" m="33792" /><DORA hai="8" /><W18/><G18/><T59/><D15/><U29/><E29/><V40/><F45/><W107/><G107/><T7/><D12/><U21/><E21/><V56/><F17/><RYUUKYOKU ba="0,0" sc="263,-15,121,15,458,-15,158,15" hai1="43,46,49,68,70,80,84,88,128,129" hai3="36,38,116,119" /><INIT seed="7,1,0,3,3,32" ten="248,136,443,173" oya="3" hai0="116,4,7,107,117,129,102,115,58,125,6,28,56" hai1="65,27,85,66,122,88,94,92,39,128,93,16,130" hai2="62,103,14,23,89,54,43,133,64,0,127,21,70" hai3="41,87,82,22,19,17,11,104,132,61,126,47,63"/><W98/><G132/><T15/><D107/><U2/><E39/><V5/><F103/><W95/><G104/><T119/><D102/><U135/><E122/><V55/><F133/><W53/><G126/><T109/><D109/><U33/><E135/><V111/><F111/><W48/><G11/><T113/><D129/><N who="1" m="49771" /><E33/><V60/><F43/><W99/><G17/><T74/><D74/><U38/><E38/><V18/><F0/><W81/><G81/><T20/><D125/><U10/><E27/><V59/><F5/><W91/><G98/><T57/><D15/><N who="1" m="7287" /><E2/><V26/><F127/><W96/><G96/><T24/><AGARI ba="1,0" hai="4,6,7,20,24,28,56,57,58,113,115,116,117,119" machi="24" ten="50,6400,0" yaku="0,1,29,2" doraHai="32" who="0" fromWho="0" sc="248,67,136,-17,443,-17,173,-33" owari="315,12.0,119,-38.0,426,52.0,140,-26.0" /></mjloggm>