<mjloggm ver="2.3"><GO type="41" lobby="0"/><UN n0="%E3%82%B9%E3%82%AE%E3%82%BE%E3%83%BC" n1="%E5%90%88%E7%94%B0%E5%91%A8%E5%B9%B3" n2="%EF%BC%A3%EF%BC%B5%EF%BC%B2%EF%BC%B2%EF%BC%B9" n3="%E2%93%9D%53%75%70%68%78" dan="14,14,15,19" rate="1998.28,1862.52,1920.13,2228.42" sx="M,M,M,M"/><TAIKYOKU oya="0"/><INIT seed="0,0,0,3,0,76" ten="250,250,250,250" oya="0" hai0="12,120,116,45,107,22,100,9,121,117,0,38,26" hai1="90,15,131,34,54,101,114,49,72,95,5,21,30" hai2="93,44,73,7,65,132,127,57,109,56,71,92,64" hai3="74,42,11,80,10,14,47,17,78,77,51,50,123"/><T118/><D107/><U2/><E72/><V134/><F73/><W112/><G112/><T62/><D100/><U104/><E114/><V3/><F109/><W110/><G110/><T36/><D45/><U24/><E131/><V16/><F127/><W27/><G123/><T85/><D62/><U37/><E37/><V91/><F44/><W125/><G125/><T87/><D36/><U84/><E101/><V82/><F82/><W89/><G78/><T96/><D38/><U52/><E104/><V55/><F7/><W28/><G89/><T53/><D96/><U94/><E94/><V86/><F3/><W115/><G115/><T128/><D53/><U99/><E2/><V67/><F71/><W83/><G51/><T81/><D87/><U66/><E66/><V79/><F79/><W130/><G130/><T59/><D59/><U61/><E61/><V60/><F93/><W39/><G39/><T133/><D0/><U63/><E63/><V88/><F91/><W31/><G83/><T129/><D133/><N who="2" m="51306" /><F57/><W40/><G40/><T32/><D32/><U105/><E105/><V122/><F122/><N who="0" m="47210" /><D26/><U35/><E34/><V1/><F1/><W29/><REACH who="3" step="1"/><G11/><REACH who="3" ten="250,250,250,240" step="2"/><T6/><D128/><U41/><E41/><V58/><F88/><W4/><G4/><T119/><D129/><U48/><E5/><V43/><F43/><W111/><G111/><T135/><D119/><U102/><E48/><V25/><F67/><W13/><G13/><N who="0" m="5303" /><D135/><U19/><E49/><V106/><F64/><W20/><AGARI ba="0,1" hai="10,14,17,20,27,28,29,31,42,47,50,74,77,80" machi="20" ten="20,5200,0" yaku="1,1,0,1,7,1,52,1,53,0" doraHai="76" doraHaiUra="108" who="3" fromWho="3" sc="250,-26,250,-13,250,-13,240,62" /><INIT seed="1,0,0,1,5,85" ten="224,237,237,302" oya="1" hai0="30,67,48,108,118,101,22,4,45,27,63,126,130" hai1="6,26,5,19,24,124,115,119,12,77,79,98,84" hai2="97,51,44,107,116,57,81,52,3,61,2,9,10" hai3="110,28,66,64,133,39,90,72,75,106,47,65,132"/><U68/><E68/><V60/><F116/><W37/><G28/><T31/><D108/><U125/><E98/><V71/><F81/><W29/><G29/><T96/><D130/><U91/><E115/><V20/><F20/><W78/><G106/><T70/><D126/><N who="1" m="48747" /><E119/><V127/><F127/><W93/><G110/><T113/><D118/><U42/><E42/><V50/><F10/><W120/><G78/><N who="1" m="29706" /><E5/><V7/><F2/><W131/><G120/><T102/><D113/><U23/><E6/><V33/><F33/><W32/><G32/><T54/><D4/><U74/><E74/><N who="3" m="28202" /><G131/><T82/><D101/><U112/><E112/><V117/><F117/><W134/><G47/><T94/><D82/><AGARI ba="0,0" hai="12,19,23,24,26,82,84,91" m="29706,48747" machi="82" ten="30,2900,0" yaku="18,1,52,1" doraHai="85" who="1" fromWho="0" sc="224,-29,237,29,237,0,302,0" /><INIT seed="1,1,0,5,5,85" ten="195,266,237,302" oya="1" hai0="61,53,67,39,91,74,22,9,121,93,55,71,88" hai1="86,134,84,18,97,123,106,16,115,99,20,64,12" hai2="8,87,38,113,6,81,133,21,82,65,122,70,37" hai3="135,118,116,34,33,27,11,5,24,48,78,49,62"/><U7/><E115/><V129/><F113/><W19/><G78/><T50/><D74/><U119/><E119/><N who="3" m="45610" /><G62/><T57/><D121/><U126/><E123/><V90/><F122/><W1/><G49/><T79/><D79/><U75/><E75/><V41/><F133/><W76/><G48/><T45/><D9/><N who="1" m="4159" /><E106/><V83/><F129/><W43/><G43/><N who="0" m="22783" /><D55/><U94/><E134/><V68/><F21/><N who="3" m="13375" /><G76/><T111/><D111/><U36/><E36/><V73/><F65/><W98/><G98/><N who="1" m="37386" /><E126/><V127/><F127/><W132/><G34/><T102/><D102/><U56/><E94/><V42/><F81/><W10/><G10/><T23/><D93/><U31/><E56/><V46/><F73/><W80/><G80/><T95/><D95/><U60/><E60/><V100/><F82/><W131/><G131/><T47/><D47/><U25/><E64/><V26/><F46/><W13/><G1/><T124/><D124/><U103/><E103/><V112/><F100/><W72/><G72/><T130/><D130/><U54/><E54/><V105/><F105/><W32/><G32/><T17/><D22/><U89/><E84/><V66/><F87/><W120/><G120/><T40/><D40/><U101/><E101/><V77/><F42/><W3/><G3/><T109/><D109/><U35/><E35/><V107/><F41/><W0/><G0/><T52/><D53/><U63/><E63/><V114/><F38/><W2/><G2/><T29/><D29/><AGARI ba="1,0" hai="5,11,13,27,29,33,132,135" m="13375,45610" machi="29" ten="30,3900,0" yaku="12,1,34,2" doraHai="85" who="3" fromWho="0" sc="195,-42,266,0,237,0,302,42" /><INIT seed="2,0,0,0,5,120" ten="153,266,237,344" oya="2" hai0="38,132,24,54,106,9,20,60,96,19,68,80,89" hai1="43,51,1,121,66,92,83,73,70,104,82,129,69" hai2="12,32,75,33,91,46,101,31,93,45,40,4,49" hai3="115,0,98,117,62,107,109,84,99,78,16,135,127"/><V3/><F75/><W48/><G0/><T42/><D132/><U133/><E1/><V2/><F101/><W50/><G117/><T114/><D114/><U122/><E104/><V58/><F58/><W56/><G127/><T134/><D134/><U26/><E133/><V61/><F61/><W110/><G135/><T13/><D106/><U27/><E92/><V7/><F2/><W52/><G115/><T21/><D38/><U30/><E129/><V94/><F3/><W74/><G74/><T105/><D42/><U90/><E90/><V119/><F119/><W23/><G84/><T63/><D21/><U76/><E83/><V100/><F100/><N who="3" m="62871" /><G78/><T125/><D125/><U39/><E26/><V10/><F4/><W35/><G35/><T41/><D41/><U36/><E51/><V130/><F130/><W118/><G99/><T111/><D68/><N who="1" m="26219" /><E66/><V37/><F31/><W18/><G118/><T22/><D105/><U71/><N who="1" m="26227" /><U126/><DORA hai="55" /><E126/><V14/><F14/><N who="3" m="9623" /><G18/><T72/><D22/><U64/><E64/><V25/><F25/><W116/><G116/><T102/><D72/><U97/><E97/><V124/><F124/><W108/><AGARI ba="0,0" hai="48,50,52,56,62,108,109,110" m="9623,62871" machi="108" ten="30,12000,2" yaku="14,1,52,4,54,2" doraHai="120,55" who="3" fromWho="3" sc="153,-30,266,-30,237,-60,344,120" /><INIT seed="3,0,0,2,5,57" ten="123,236,177,464" oya="3" hai0="100,83,4,120,14,6,77,62,0,56,29,124,3" hai1="86,113,63,130,76,69,20,90,95,8,44,37,45" hai2="125,22,117,40,114,7,110,80,28,89,91,93,60" hai3="24,129,61,103,27,112,128,11,36,87,126,123,30"/><W108/><G126/><T66/><D124/><U65/><E113/><V39/><F125/><W33/><G123/><T84/><D120/><U25/><E130/><V96/><F114/><W107/><G112/><T42/><D42/><U46/><E8/><V19/><F117/><W23/><G36/><T52/><D29/><U53/><E76/><V72/><F28/><W119/><G108/><T106/><D0/><U135/><E135/><V97/><F110/><W92/><G107/><T99/><D3/><U122/><E122/><V102/><F7/><W68/><G119/><T133/><D133/><U43/><REACH who="1" step="1"/><E53/><REACH who="1" ten="123,226,177,464" step="2"/><V18/><F72/><W48/><G11/><T55/><REACH who="0" step="1"/><D14/><REACH who="0" ten="113,226,177,464" step="2"/><U82/><E82/><V2/><F80/><W41/><G129/><T15/><D15/><U47/><E47/><V79/><F2/><W75/><G128/><T81/><D81/><U78/><E78/><V35/><F79/><W116/><G116/><T38/><D38/><U118/><E118/><V121/><F39/><W70/><G27/><T109/><D109/><U131/><E131/><V54/><F121/><W12/><G24/><T67/><D67/><U16/><AGARI ba="0,2" hai="16,20,25,37,43,44,45,46,63,65,69,86,90,95" machi="16" ten="20,8000,1" yaku="1,1,0,1,7,1,52,1,54,1,53,0" doraHai="57" doraHaiUra="1" who="1" fromWho="1" sc="113,-20,226,100,177,-20,464,-40" /><INIT seed="4,0,0,0,3,120" ten="93,326,157,424" oya="0" hai0="116,132,17,5,46,35,22,79,88,30,129,101,119" hai1="100,97,69,8,121,83,19,104,92,90,78,109,82" hai2="123,49,24,86,107,26,66,77,112,47,71,31,108" hai3="1,134,63,13,127,3,29,81,89,59,68,130,98"/><T51/><D101/><U80/><E69/><V39/><F123/><W9/><G134/><T110/><D5/><U117/><E121/><V0/><F108/><W113/><G127/><T7/><D132/><U74/><E8/><V111/><F111/><W15/><G113/><T99/><D110/><U94/><E19/><V6/><F112/><W33/><G130/><T64/><D129/><U105/><E109/><V124/><F124/><W56/><G33/><T38/><D38/><U32/><E32/><V131/><F131/><W87/><G29/><T21/><D35/><U91/><E117/><V102/><F39/><W53/><G68/><T16/><D30/><U36/><E36/><V118/><F118/><W76/><G15/><N who="0" m="9375" /><D116/><U48/><E48/><V122/><F122/><W55/><G3/><T37/><D37/><U28/><E28/><V11/><F31/><W58/><G1/><T18/><D119/><U72/><E105/><V135/><F135/><W41/><G41/><N who="0" m="25039" /><D7/><U114/><E114/><V4/><F4/><N who="3" m="3239" /><G55/><T52/><D64/><U133/><E133/><V126/><F126/><W20/><G20/><T61/><D79/><N who="1" m="44135" /><E82/><V93/><F66/><W45/><G45/><T2/><D2/><U65/><E65/><V75/><F71/><W44/><G44/><T54/><D17/><U106/><E104/><V125/><F125/><W103/><G76/><T50/><D61/><U23/><E23/><V42/><F77/><W27/><G27/><N who="0" m="14807" /><D50/><U57/><E106/><V62/><F75/><W14/><G14/><T115/><D115/><U12/><E12/><V96/><F62/><RYUUKYOKU ba="0,0" sc="93,10,326,-30,157,10,424,10" hai0="52,54,88,99" hai2="0,6,11,24,26,42,47,49,86,93,96,102,107" hai3="53,56,58,59,63,81,87,89,98,103" /><INIT seed="4,1,0,2,5,116" ten="103,296,167,434" oya="0" hai0="128,69,63,84,107,73,72,134,50,126,114,13,123" hai1="86,124,37,66,25,75,51,58,97,129,0,46,31" hai2="19,1,65,108,112,100,44,32,49,40,68,6,95" hai3="47,8,135,83,64,18,113,54,92,106,26,29,59"/><T24/><D114/><U132/><E75/><V4/><F108/><W3/><G135/><T48/><D107/><U98/><E0/><V101/><F112/><W85/><G106/><T67/><D126/><U14/><E37/><V81/><F32/><W57/><G64/><T120/><D128/><U16/><E132/><V105/><F95/><W118/><G3/><T109/><D134/><U39/><E39/><V111/><F111/><W15/><G92/><T91/><D72/><U74/><E74/><V115/><F115/><W130/><G118/><T96/><D73/><U36/><E36/><V55/><F81/><W99/><G99/><T23/><D13/><U20/><E124/><V89/><F89/><W78/><G130/><T90/><D96/><U45/><E45/><V93/><F93/><W35/><G113/><T133/><D133/><U104/><E104/><V43/><F19/><W70/><G70/><T42/><D109/><U33/><E86/><V12/><F12/><W121/><G121/><T52/><D42/><U119/><E119/><V10/><F6/><W22/><G35/><T7/><D7/><U127/><E127/><V41/><REACH who="2" step="1"/><F105/><REACH who="2" ten="103,296,157,434" step="2"/><W34/><G34/><T94/><D90/><U56/><E129/><V28/><F28/><W60/><G29/><T80/><D94/><U21/><E33/><V38/><F38/><W30/><G30/><N who="0" m="17695" /><D48/><U71/><E14/><V5/><F5/><N who="3" m="3471" /><G60/><AGARI ba="1,1" hai="1,4,10,40,41,43,44,49,55,60,65,68,100,101" machi="60" ten="40,1300,0" yaku="1,1,53,0" doraHai="116" doraHaiUra="122" who="2" fromWho="3" sc="103,0,296,0,157,26,434,-16" /><INIT seed="5,0,0,0,4,121" ten="103,296,183,418" oya="1" hai0="96,129,55,78,62,98,50,42,91,93,41,63,1" hai1="120,14,95,130,126,66,47,24,0,118,81,60,2" hai2="11,53,35,70,132,113,104,127,75,112,5,131,116" hai3="72,18,88,48,32,73,90,85,99,6,124,134,123"/><U36/><E118/><V103/><RYUUKYOKU type="yao9" ba="0,0" sc="103,0,296,0,183,0,418,0" hai2="5,11,35,53,70,75,103,104,112,113,116,127,131,132" /><INIT seed="5,1,0,1,1,11" ten="103,296,183,418" oya="1" hai0="117,14,22,135,68,130,77,1,46,99,2,97,108" hai1="53,73,39,36,28,51,10,31,16,78,80,129,113" hai2="56,112,58,119,6,123,121,30,27,66,26,93,89" hai3="72,49,109,122,126,90,124,83,79,8,43,81,125"/><U9/><E113/><V74/><F112/><W41/><G122/><T48/><D108/><U34/><E129/><V50/><F119/><W7/><G109/><T60/><D135/><U94/><E94/><V17/><F74/><W5/><G5/><T132/><D132/><U102/><E102/><V127/><F127/><W64/><G64/><T131/><D77/><U0/><E9/><V54/><F6/><W82/><G49/><T87/><D87/><U12/><E0/><V61/><F17/><W65/><G65/><T76/><D76/><U100/><E100/><V91/><F26/><W69/><G69/><T4/><D117/><U92/><E92/><V32/><REACH who="2" step="1"/><F89/><REACH who="2" ten="103,296,173,418" step="2"/><W13/><G90/><T45/><D4/><U75/><E73/><V18/><F18/><W62/><G72/><T116/><D116/><U133/><E133/><V106/><F106/><W67/><G79/><T103/><D103/><U86/><E75/><V88/><F88/><W120/><G120/><T63/><D131/><U84/><E84/><AGARI ba="1,1" hai="27,30,32,50,54,56,58,61,66,84,91,93,121,123" machi="84" ten="30,2000,0" yaku="1,1,7,1,53,0" doraHai="11" doraHaiUra="19" who="2" fromWho="1" sc="103,0,296,-23,173,33,418,0" /><INIT seed="6,0,0,2,3,18" ten="103,273,206,418" oya="2" hai0="73,60,25,110,33,5,29,40,19,118,62,96,48" hai1="28,34,106,14,90,72,79,95,104,13,9,82,121" hai2="47,70,20,26,2,0,57,15,115,83,41,126,103" hai3="42,6,59,7,75,129,67,22,68,102,97,11,51"/><V86/><F70/><W87/><G75/><T76/><D110/><U112/><E112/><V88/><F115/><W64/><G129/><T31/><D31/><U124/><E14/><V56/><F126/><W23/><G68/><T55/><D40/><U122/><E28/><V32/><F32/><W38/><G87/><T85/><D73/><U127/><E34/><V125/><F125/><N who="1" m="48201" /><E13/><V3/><F15/><W130/><G59/><T114/><D5/><U116/><E9/><V91/><F91/><W132/><G132/><T54/><D118/><U100/><E116/><V89/><F89/><W117/><G51/><T4/><D4/><U8/><E8/><V36/><REACH who="2" step="1"/><F103/><REACH who="2" ten="103,273,196,418" step="2"/><W58/><G102/><T66/><D114/><U43/><E100/><V35/><F35/><W37/><G117/><T135/><D33/><U99/><E43/><V119/><F119/><W12/><G12/><T107/><D76/><U39/><E39/><V61/><F61/><W80/><G42/><T111/><D62/><U45/><E45/><V128/><F128/><W108/><G38/><T65/><D60/><U44/><E44/><V98/><F98/><W77/><G97/><T24/><D96/><U131/><E131/><V101/><F101/><W93/><G130/><T30/><D107/><AGARI ba="0,1" hai="72,79,82,90,95,99,104,106,107,121,122" m="48201" machi="107" ten="30,3900,0" yaku="18,1,34,2" doraHai="18" who="1" fromWho="0" sc="103,-39,273,49,196,0,418,0" /><INIT seed="7,0,0,5,2,108" ten="64,322,196,418" oya="3" hai0="55,4,5,129,19,60,107,126,81,111,48,122,56" hai1="82,46,119,123,125,91,52,7,98,133,59,71,114" hai2="53,36,58,6,40,124,134,80,28,88,106,93,75" hai3="78,29,33,10,23,97,117,76,17,68,120,14,32"/><W70/><G117/><T79/><D111/><U43/><E71/><V20/><F134/><W25/><G120/><T37/><D37/><U13/><E123/><V90/><F124/><W63/><G97/><T3/><D122/><U34/><E34/><V8/><F106/><W92/><G92/><T12/><D126/><U121/><E82/><V16/><F28/><W0/><G33/><T69/><D107/><U135/><E119/><V9/><F36/><W89/><G89/><T102/><D3/><U101/><E91/><V87/><F40/><W24/><G24/><T1/><D1/><U86/><E86/><V62/><F6/><N who="3" m="1351" /><G63/><T84/><D129/><U2/><E2/><V105/><F105/><W26/><G26/><T103/><D69/><AGARI ba="0,0" hai="14,17,23,25,29,32,68,69,70,76,78" m="1351" machi="69" ten="30,1500,0" yaku="24,1" doraHai="108" who="3" fromWho="0" sc="64,-15,322,0,196,0,418,15" owari="49,-45.0,322,12.0,196,-20.0,433,53.0" /></mjloggm>