<mjloggm ver="2.3"><GO type="41" lobby="0"/><UN n0="%E2%93%9D%53%75%70%68%78" n1="%E6%9D%8F%E7%99%96" n2="%E6%B8%A1%E5%A4%A9%E8%97%8D" n3="%E6%96%87%E5%9B%9B%E9%83%8E" dan="19,15,13,15" rate="2209.86,2003.76,1893.18,2097.32" sx="M,F,F,M"/><TAIKYOKU oya="0"/><INIT seed="0,0,0,1,4,122" ten="250,250,250,250" oya="0" hai0="26,25,132,87,77,83,42,23,3,127,117,133,48" hai1="52,18,12,7,104,55,1,116,2,69,126,130,31" hai2="100,4,74,14,10,128,57,76,54,97,16,107,63" hai3="68,119,45,112,60,101,129,94,5,65,24,64,29"/><T115/><D115/><U73/><E116/><V6/><REACH who="2" step="1"/><F128/><REACH who="2" ten="250,250,240,250" step="2"/><W13/><G129/><T75/><D117/><U40/><E130/><V118/><F118/><W11/><G119/><T113/><D113/><U79/><E126/><V125/><F125/><W72/><G112/><T96/><D127/><U99/><E1/><V111/><F111/><W61/><G72/><T103/><D75/><U80/><E2/><V39/><F39/><W109/><G109/><T20/><D3/><U19/><E73/><V43/><F43/><W135/><G135/><T92/><D133/><U82/><E40/><V98/><F98/><W108/><G108/><T121/><D132/><U51/><E99/><V81/><AGARI ba="0,1" hai="4,6,10,14,16,54,57,63,74,76,81,97,100,107" machi="81" ten="30,8000,1" yaku="21,2,0,1,54,1,53,1" doraHai="122" doraHaiUra="59" who="2" fromWho="2" sc="250,-40,250,-20,240,90,250,-20" /><INIT seed="1,0,0,1,4,21" ten="210,230,330,230" oya="1" hai0="120,79,23,88,5,45,0,3,90,6,30,83,131" hai1="42,94,18,26,70,130,116,104,8,114,58,123,132" hai2="39,74,93,98,105,60,107,19,103,89,61,41,95" hai3="32,117,75,113,100,115,108,76,53,129,101,81,33"/><U51/><E114/><V126/><F74/><W135/><G108/><T133/><D131/><U66/><E116/><V125/><F41/><W54/><G129/><T124/><D133/><U92/><E123/><V102/><F39/><W96/><G135/><T17/><D30/><U46/><E130/><V16/><F89/><W91/><G91/><T121/><D45/><U57/><E104/><V38/><F38/><W9/><G117/><T4/><D124/><U64/><E70/><V86/><F86/><W118/><G118/><T1/><D79/><U49/><E132/><V44/><F44/><W122/><G9/><T71/><D71/><U25/><E8/><V109/><REACH who="2" step="1"/><F98/><REACH who="2" ten="210,230,320,230" step="2"/><W112/><G122/><N who="0" m="47211" /><D83/><U37/><E37/><V34/><F34/><W127/><G127/><T78/><D78/><U111/><E46/><V62/><F62/><W13/><G96/><T84/><D84/><U52/><E42/><V59/><F59/><W106/><G33/><T15/><AGARI ba="0,1" hai="0,1,3,4,5,6,15,17,23,88,90" m="47211" machi="15" ten="40,2700,0" yaku="13,1,54,1" doraHai="21" who="0" fromWho="0" sc="210,37,230,-13,320,-7,230,-7" /><INIT seed="2,0,0,5,1,99" ten="247,217,313,223" oya="2" hai0="116,25,8,83,95,102,80,10,35,24,69,126,67" hai1="103,94,57,97,76,33,43,81,89,135,20,5,44" hai2="18,106,101,64,23,16,34,1,75,27,107,90,132" hai3="98,29,84,41,39,68,110,115,26,28,62,120,77"/><V17/><F1/><W3/><G120/><T37/><D37/><U109/><E33/><V128/><F75/><W112/><G3/><T119/><D67/><U82/><E109/><V122/><F122/><W58/><G110/><T117/><D126/><U31/><E135/><V118/><F118/><W12/><G68/><T53/><D53/><U47/><E5/><V71/><F132/><W100/><G12/><T14/><D69/><U40/><E57/><V65/><F34/><W63/><G41/><N who="1" m="15946" /><E89/><V127/><F127/><W105/><G39/><T114/><D114/><N who="3" m="43561" /><G26/><N who="0" m="10347" /><D35/><U56/><E56/><V111/><F111/><W51/><G51/><T59/><D59/><U108/><E108/><V130/><F90/><W113/><N who="3" m="43569" /><W85/><DORA hai="45" /><G63/><T92/><D14/><U6/><E6/><V22/><F106/><W74/><G74/><T19/><D119/><U46/><E76/><V72/><F72/><W15/><G15/><T49/><D117/><U30/><E20/><V134/><F134/><W36/><G36/><T61/><D61/><U88/><E81/><V9/><F9/><W2/><G2/><T50/><D83/><U48/><E48/><N who="0" m="18537" /><D80/><U86/><AGARI ba="0,0" hai="30,31,44,46,47,82,86,88,94,97,103" m="15946" machi="86" ten="30,4000,0" yaku="8,1,52,1,54,1" doraHai="99,45" who="1" fromWho="1" sc="247,-10,217,40,313,-20,223,-10" /><INIT seed="3,0,0,3,4,121" ten="237,257,293,213" oya="3" hai0="76,93,134,104,28,27,72,59,123,126,114,97,26" hai1="22,58,71,1,87,129,81,19,69,80,82,9,60" hai2="32,135,41,70,127,45,84,14,51,49,46,6,110" hai3="35,52,131,73,18,124,105,115,107,109,77,89,0"/><W40/><G115/><T116/><D116/><U64/><E129/><V50/><F70/><W112/><G112/><T11/><D104/><U12/><E1/><V118/><F32/><W23/><G35/><T66/><D134/><U20/><E71/><V102/><F118/><W75/><G0/><T117/><D126/><U29/><E29/><V79/><F135/><W61/><G40/><T92/><D123/><U130/><E130/><V86/><F102/><W7/><G131/><T78/><D72/><U48/><E69/><V53/><F49/><W85/><G7/><T21/><D93/><U15/><E48/><V96/><F96/><W54/><G124/><T68/><D68/><U13/><E87/><V132/><F132/><W101/><G77/><T25/><D11/><N who="1" m="6559" /><E15/><V36/><F36/><W2/><G2/><T37/><D37/><U24/><E24/><N who="0" m="9257" /><D117/><U43/><E43/><V44/><F41/><W91/><G75/><T65/><D114/><U10/><E10/><V113/><F113/><W111/><G73/><T63/><D66/><U83/><N who="1" m="20480" /><DORA hai="100" /><U4/><AGARI ba="0,0" hai="4,9,13,20,22,58,60,64" m="20480,6559" machi="4" ten="40,2700,0" yaku="4,1,8,1" doraHai="121,100" who="1" fromWho="1" sc="237,-7,257,27,293,-7,213,-13" /><INIT seed="4,0,0,4,2,33" ten="230,284,286,200" oya="0" hai0="68,36,117,64,102,3,82,42,108,111,54,118,26" hai1="9,94,12,10,45,70,21,35,86,4,32,23,77" hai2="13,29,48,116,57,31,39,90,41,122,112,66,60" hai3="43,100,110,130,55,71,132,72,14,75,61,5,104"/><T47/><D102/><U51/><E70/><V79/><F122/><W59/><G110/><N who="0" m="42027" /><D82/><N who="1" m="47439" /><E35/><V8/><F39/><W119/><G119/><N who="0" m="45579" /><D26/><U109/><E109/><V114/><F116/><W28/><G28/><T69/><D3/><U129/><E32/><V53/><F41/><W103/><G103/><T96/><D96/><U85/><E10/><V81/><F90/><W120/><G120/><T128/><D128/><U11/><E11/><V113/><F81/><W123/><G100/><T38/><D64/><U95/><E129/><V49/><F79/><W105/><G123/><T92/><D92/><N who="1" m="35371" /><E85/><V22/><F22/><W101/><G130/><T25/><D25/><U115/><E115/><V63/><F13/><W91/><G101/><T125/><D125/><U19/><E19/><V1/><F1/><W24/><G24/><T134/><D38/><U46/><E23/><V88/><F8/><W93/><G93/><T62/><D134/><U15/><E21/><V18/><F18/><W2/><G132/><T34/><D34/><U87/><E87/><V67/><F29/><W99/><G2/><T76/><D76/><U7/><E15/><V50/><F31/><W44/><G14/><T126/><D126/><U16/><E7/><V78/><F78/><W121/><G5/><T52/><D69/><U17/><E4/><V107/><F114/><W106/><G71/><T6/><D6/><U73/><E17/><V37/><F113/><W124/><G124/><T133/><D133/><U20/><E9/><V89/><F112/><W58/><G121/><T98/><D98/><U127/><E127/><RYUUKYOKU ba="0,0" sc="230,30,284,-10,286,-10,200,-10" hai0="36,42,47,52,54,62,68" /><INIT seed="4,1,0,4,4,19" ten="260,274,276,190" oya="0" hai0="132,75,108,14,3,74,8,109,84,87,16,31,93" hai1="68,23,59,50,37,113,55,80,17,115,43,27,116" hai2="62,11,104,60,58,6,135,40,128,125,105,89,65" hai3="26,78,36,32,52,48,79,71,97,5,67,47,42"/><T100/><D132/><U107/><E107/><V114/><F114/><N who="1" m="43529" /><E116/><V15/><F135/><W1/><G97/><N who="0" m="59439" /><D31/><U39/><E68/><V126/><F40/><W10/><G32/><T49/><D3/><U34/><E34/><V111/><F111/><N who="0" m="42570" /><D49/><N who="1" m="31215" /><E80/><V53/><F89/><W120/><G120/><T69/><D69/><U134/><E134/><V51/><F62/><N who="3" m="40439" /><G26/><T35/><D35/><U57/><E57/><AGARI ba="1,0" hai="1,5,10,36,42,47,48,52,57,78,79" m="40439" machi="57" ten="30,2000,0" yaku="24,1,54,1" doraHai="19" who="3" fromWho="1" sc="260,0,274,-23,276,0,190,23" /><INIT seed="5,0,0,2,2,6" ten="260,251,276,213" oya="1" hai0="103,34,51,94,101,116,31,117,89,72,47,20,78" hai1="7,9,53,33,41,35,92,83,54,59,12,85,36" hai2="61,108,133,86,46,14,93,74,64,90,91,22,27" hai3="43,98,69,8,26,114,13,67,17,48,99,75,107"/><U134/><E134/><V79/><F108/><W105/><G75/><T135/><D34/><U106/><E106/><V23/><F133/><W45/><G114/><T82/><D135/><U87/><E54/><V118/><F118/><W97/><REACH who="3" step="1"/><G26/><REACH who="3" ten="260,251,276,203" step="2"/><T60/><D117/><U15/><E15/><V63/><F74/><W57/><G57/><T115/><D115/><U80/><E92/><V130/><F93/><W109/><G109/><T39/><D116/><U29/><E41/><V71/><F14/><W32/><G32/><T50/><D72/><U21/><E36/><V84/><F27/><W127/><G127/><T113/><D39/><U88/><E21/><V19/><F22/><W96/><N who="3" m="24576" /><DORA hai="49" /><W18/><G18/><T68/><D113/><U104/><E104/><V131/><F19/><W44/><G44/><T10/><D47/><U30/><E35/><V76/><F46/><W28/><G28/><T102/><D31/><U42/><E33/><V110/><F23/><W4/><G4/><T66/><D20/><U11/><E42/><V2/><F110/><W126/><G126/><T100/><D100/><U55/><E11/><V81/><F71/><W24/><G24/><T52/><D103/><U77/><E59/><V120/><F2/><W128/><G128/><T3/><D102/><U73/><E73/><V16/><F16/><W123/><G123/><T5/><D101/><U62/><E30/><V122/><F81/><W95/><G95/><T111/><D111/><U58/><E29/><V40/><F40/><W56/><G56/><T121/><D94/><U37/><E37/><RYUUKYOKU ba="0,1" sc="260,-30,251,10,276,10,203,10" hai1="7,9,12,53,55,58,62,77,80,83,85,87,88" hai2="61,63,64,76,79,84,86,90,91,120,122,130,131" hai3="8,13,17,43,45,48,67,69,105,107" /><INIT seed="5,1,1,3,1,130" ten="230,261,286,213" oya="1" hai0="68,29,8,83,11,79,103,61,34,88,33,105,53" hai1="12,108,55,2,101,135,111,38,106,124,26,3,89" hai2="71,23,35,125,47,72,98,126,131,66,94,75,85" hai3="119,92,107,0,5,56,120,1,77,116,30,133,69"/><U13/><E124/><V134/><F35/><W100/><G120/><T112/><D112/><U81/><E38/><V64/><F131/><W74/><G69/><T60/><D105/><U39/><E39/><V102/><F134/><W59/><G107/><T58/><D103/><U4/><E135/><V14/><F47/><W9/><G133/><T10/><D29/><U20/><E55/><V22/><F85/><W15/><G30/><T73/><REACH who="0" step="1"/><D88/><REACH who="0" ten="220,261,286,213" step="2"/><U48/><E106/><V45/><F102/><W91/><G100/><T129/><D129/><U70/><E101/><V51/><F125/><W90/><G90/><T132/><D132/><U21/><E89/><V110/><F126/><W32/><G91/><T97/><D97/><U122/><E122/><V115/><F98/><W84/><G92/><T36/><D36/><U54/><E108/><V19/><F110/><W99/><G99/><T109/><D109/><U118/><E111/><V42/><F115/><W96/><G96/><T117/><D117/><U76/><E118/><V62/><F94/><W50/><G119/><T41/><D41/><U31/><E31/><V114/><F114/><W123/><G116/><T93/><D93/><U57/><E81/><V104/><F104/><W17/><G123/><T7/><D7/><U52/><E4/><V46/><F42/><W40/><G40/><T65/><AGARI ba="1,2" hai="8,10,11,33,34,53,58,60,61,65,68,73,79,83" machi="65" ten="30,4000,0" yaku="1,1,0,1,53,1" doraHai="130" doraHaiUra="67" who="0" fromWho="0" sc="220,63,261,-21,286,-11,213,-11" /><INIT seed="6,0,0,2,0,70" ten="283,240,275,202" oya="2" hai0="33,35,95,82,75,17,91,6,41,129,93,44,7" hai1="13,110,127,21,88,104,18,52,37,0,51,133,111" hai2="55,83,109,125,60,100,9,74,121,61,38,69,20" hai3="65,115,27,98,15,30,134,76,36,78,32,116,72"/><V77/><F121/><W25/><G116/><T132/><D129/><U42/><E127/><V54/><F125/><W86/><G72/><T26/><D132/><U28/><E133/><V94/><F109/><W122/><G134/><T2/><D95/><U19/><E0/><V79/><F79/><W97/><G122/><T24/><D17/><U5/><E104/><V81/><F81/><W118/><G118/><T29/><D2/><U73/><E73/><V48/><F38/><W3/><G3/><T84/><D75/><U64/><E64/><V124/><F124/><W1/><G1/><T68/><D68/><U120/><E120/><V8/><F20/><W92/><G36/><T67/><D67/><U46/><E5/><V131/><F131/><W128/><G128/><T107/><D107/><U89/><E28/><V102/><F55/><W99/><G65/><T108/><D108/><U114/><E114/><V58/><F69/><W12/><G115/><T56/><D56/><U106/><E106/><V85/><F74/><W105/><G105/><T31/><D93/><U126/><E126/><V40/><F40/><W101/><G27/><T10/><D10/><N who="2" m="4202" /><F94/><W96/><REACH who="3" step="1"/><G86/><REACH who="3" ten="283,240,275,192" step="2"/><T63/><D63/><AGARI ba="0,1" hai="48,54,58,60,61,63,77,83,85,100,102" m="4202" machi="63" ten="30,1500,0" yaku="8,1" doraHai="70" who="2" fromWho="0" sc="283,-15,240,0,275,25,192,0" /><INIT seed="6,1,0,3,1,103" ten="268,240,300,192" oya="2" hai0="5,66,54,107,26,61,128,97,43,56,27,3,20" hai1="50,34,15,4,94,108,123,12,101,22,84,112,135" hai2="70,25,42,113,47,78,98,89,121,93,109,77,105" hai3="71,14,30,57,131,122,118,91,21,83,62,90,7"/><V134/><F113/><W114/><G118/><T37/><D128/><U88/><E108/><V51/><F121/><W1/><G122/><T28/><D3/><U65/><E123/><V79/><F70/><W72/><G1/><T2/><D43/><U102/><E34/><V6/><F134/><W117/><G71/><T23/><D37/><U119/><E119/><V59/><F109/><W92/><G117/><T53/><D5/><U55/><E135/><V133/><F133/><W116/><G116/><T58/><D2/><U67/><E112/><V80/><F6/><W9/><G114/><T106/><D97/><U69/><E69/><V13/><F13/><W124/><G131/><T33/><D66/><N who="1" m="25099" /><E12/><V16/><F59/><W41/><G41/><T0/><D33/><U46/><E22/><N who="2" m="13511" /><F105/><W73/><G73/><T127/><D127/><U95/><E95/><V38/><F38/><W86/><G124/><T31/><D0/><U60/><E60/><AGARI ba="1,0" hai="20,23,26,27,28,31,53,54,56,58,60,61,106,107" machi="60" ten="30,12000,2" yaku="7,1,32,3,52,2" doraHai="103" who="0" fromWho="1" sc="268,123,240,-123,300,0,192,0" /><INIT seed="7,0,0,4,2,7" ten="391,117,300,192" oya="3" hai0="84,29,131,57,68,54,22,83,42,23,46,45,105" hai1="99,0,114,119,30,41,110,133,66,74,50,52,76" hai2="9,67,108,61,51,17,58,130,3,63,4,2,24" hai3="95,122,8,123,93,15,78,34,111,124,128,103,94"/><W11/><G103/><T44/><D68/><U37/><E110/><V121/><F108/><W91/><G111/><T92/><D131/><U101/><E114/><V35/><F130/><W43/><G128/><T49/><D105/><U82/><E119/><V33/><F121/><W39/><G34/><T88/><D29/><U134/><E0/><V18/><F2/><W73/><G91/><N who="0" m="51615" /><D42/><U60/><E30/><V125/><F125/><W79/><G124/><T14/><D14/><U102/><E102/><V32/><F51/><W129/><G129/><T106/><D106/><U97/><E97/><AGARI ba="0,0" hai="22,23,44,45,46,49,54,57,88,92,97" m="51615" machi="97" ten="30,2000,0" yaku="8,1,54,1" doraHai="7" who="0" fromWho="1" sc="391,20,117,-20,300,0,192,0" owari="411,51.0,97,-40.0,300,10.0,192,-21.0" /></mjloggm>