<mjloggm ver="2.3"><GO type="41" lobby="0"/><UN n0="%E2%93%9D%53%75%70%68%78" n1="%E3%81%88%E3%81%A9%E3%82%8F%E3%81%86%E5%8D%87" n2="%E3%81%8A%E3%81%86%E3%81%A7%E3%81%83%E3%81%A0%E3%82%93" n3="%E3%81%BE%E3%83%BC%E5%9D%8A%31%34" dan="19,15,15,14" rate="2228.60,2000.48,1993.97,2041.68" sx="M,M,M,M"/><TAIKYOKU oya="0"/><INIT seed="0,0,0,0,1,27" ten="250,250,250,250" oya="0" hai0="72,73,52,134,111,56,66,105,15,14,67,78,6" hai1="109,103,126,54,98,40,79,46,135,60,117,131,120" hai2="16,36,63,58,123,118,96,29,97,68,24,44,82" hai3="62,59,0,86,5,75,32,37,26,42,55,77,91"/><T33/><D105/><U51/><E117/><V20/><F123/><W107/><G107/><T23/><D33/><U116/><E116/><V61/><F118/><W12/><G0/><T3/><D3/><U22/><E120/><V74/><F68/><W80/><G37/><T49/><D134/><U94/><E109/><V84/><F74/><W2/><G42/><T99/><D111/><U128/><E126/><V18/><F36/><W83/><G2/><T93/><D73/><U28/><E79/><V89/><F44/><W8/><G26/><T41/><D78/><U7/><E7/><V124/><F124/><W45/><G45/><T122/><D72/><U106/><E106/><V57/><F57/><W38/><G38/><T47/><D122/><U53/><E135/><V113/><F63/><W115/><G32/><T1/><D1/><U48/><E60/><V100/><F113/><W133/><G133/><T34/><D34/><U69/><E69/><V76/><F76/><W85/><G75/><T50/><D15/><U121/><E121/><V104/><REACH who="2" step="1"/><F96/><REACH who="2" ten="250,250,240,250" step="2"/><W4/><REACH who="3" step="1"/><G115/><REACH who="3" ten="250,250,240,240" step="2"/><T65/><D47/><U95/><E46/><V19/><F19/><AGARI ba="0,2" hai="4,5,8,12,19,55,59,62,77,80,83,85,86,91" machi="19" ten="30,7700,0" yaku="1,1,2,1,7,1,8,1,53,0" doraHai="27" doraHaiUra="110" who="3" fromWho="2" sc="250,0,250,0,240,-77,240,97" /><INIT seed="1,0,0,4,1,121" ten="250,250,163,337" oya="1" hai0="101,0,12,39,67,124,6,72,129,111,126,114,32" hai1="99,77,41,3,128,117,119,7,36,33,5,65,125" hai2="74,113,61,22,133,47,95,116,92,51,49,20,58" hai3="17,110,35,132,59,102,103,81,91,29,1,15,26"/><U75/><E33/><V37/><F116/><W4/><G132/><T73/><D12/><U25/><E128/><V23/><F133/><W28/><G28/><T71/><D114/><U50/><E125/><V112/><F74/><W93/><G81/><T70/><D101/><U122/><E122/><V88/><F37/><W13/><G13/><T31/><D39/><U54/><E25/><V40/><F112/><W9/><G59/><T80/><D80/><N who="1" m="45119" /><E99/><V87/><F113/><W48/><G48/><T64/><D31/><U53/><E65/><V44/><F95/><W107/><G110/><T109/><D6/><U18/><E18/><V127/><F127/><N who="0" m="48682" /><D0/><U38/><E7/><V118/><F118/><N who="1" m="45065" /><E50/><V66/><F49/><W115/><G107/><T14/><D14/><U76/><E76/><V45/><AGARI ba="0,0" hai="20,22,23,40,44,45,47,51,58,61,66,87,88,92" machi="45" ten="30,4000,0" yaku="0,1,8,1,54,1" doraHai="121" who="2" fromWho="2" sc="250,-10,250,-20,163,40,337,-10" /><INIT seed="2,0,0,4,1,66" ten="240,230,203,327" oya="2" hai0="25,0,45,68,37,135,38,88,83,5,17,81,77" hai1="42,12,90,24,34,2,61,101,114,52,20,67,117" hai2="72,96,55,32,30,104,7,87,107,60,50,121,3" hai3="110,130,133,28,80,49,84,106,131,70,124,94,11"/><V59/><F121/><W95/><G106/><T14/><D135/><U103/><E114/><V10/><F72/><W69/><G133/><T116/><D116/><U125/><E125/><V21/><F32/><W35/><G124/><T123/><D25/><U13/><E117/><V57/><F87/><W6/><G110/><T89/><D5/><U113/><E113/><V15/><F96/><W31/><G49/><T112/><D0/><U75/><E34/><V54/><REACH who="2" step="1"/><F30/><REACH who="2" ten="240,230,193,327" step="2"/><W98/><G98/><T16/><D112/><U26/><E75/><V85/><F85/><W22/><G28/><T29/><D29/><U134/><E134/><V100/><F100/><W23/><G31/><T93/><D123/><U115/><E115/><V82/><F82/><W19/><G35/><T51/><D83/><U63/><E103/><V102/><F102/><W108/><G80/><T39/><D89/><U47/><E90/><V129/><F129/><W64/><G84/><T65/><D81/><U48/><E101/><V1/><F1/><W41/><G131/><T126/><D126/><U78/><E2/><V33/><F33/><W97/><G97/><T56/><D88/><U53/><E78/><V9/><F9/><W92/><G11/><T109/><D77/><U132/><E132/><V79/><F79/><W18/><G130/><T119/><D119/><U8/><E8/><V118/><F118/><W76/><G76/><T105/><D105/><U120/><E120/><V91/><F91/><W74/><G74/><T122/><D122/><U111/><E20/><V36/><F36/><W127/><G127/><RYUUKYOKU ba="0,1" sc="240,-10,230,-10,193,30,327,-10" hai2="3,7,10,15,21,50,54,55,57,59,60,104,107" /><INIT seed="2,1,1,2,3,89" ten="230,220,223,317" oya="2" hai0="96,65,105,103,102,55,50,12,85,104,135,91,128" hai1="124,115,106,11,24,53,125,47,63,5,3,120,40" hai2="45,82,110,97,77,127,86,61,54,57,46,26,116" hai3="118,112,28,117,131,87,113,129,83,66,7,32,93"/><V39/><F116/><N who="3" m="44651" /><G66/><T114/><D128/><N who="3" m="49225" /><G7/><T72/><D135/><U13/><E115/><N who="3" m="44106" /><G28/><T34/><D114/><U109/><E120/><V84/><F127/><N who="1" m="48713" /><E109/><V36/><F110/><W14/><G14/><T15/><D15/><U48/><E106/><V18/><F36/><W41/><G41/><T0/><D12/><U76/><E76/><V43/><F97/><W52/><G32/><T33/><D33/><U121/><E121/><V6/><F6/><W49/><G49/><T38/><D50/><U99/><E99/><V37/><F18/><W35/><G35/><T60/><D96/><U119/><E119/><V94/><F26/><W69/><G69/><T4/><D4/><U2/><E24/><V132/><F132/><W30/><G30/><T64/><D34/><U107/><E107/><V78/><F39/><W73/><G52/><T75/><D55/><U9/><E9/><V1/><F1/><W74/><G93/><T80/><D38/><N who="1" m="21911" /><E63/><V67/><F54/><W8/><G8/><T58/><D105/><U68/><E68/><V123/><F43/><W17/><G17/><T79/><D104/><U90/><E53/><V133/><F37/><W70/><G70/><T31/><D60/><U134/><E48/><V10/><F10/><W81/><G81/><T22/><D80/><U23/><E23/><V71/><F71/><W44/><G44/><T51/><D22/><U56/><E56/><V126/><F126/><W59/><G59/><T101/><D58/><U16/><E134/><V42/><F46/><W108/><G108/><T95/><D51/><U29/><E29/><RYUUKYOKU ba="1,1" sc="230,-10,220,-10,223,-10,317,30" hai3="73,74,83,87" /><INIT seed="3,2,1,3,5,132" ten="220,210,213,347" oya="3" hai0="69,66,14,76,64,133,120,104,111,37,94,16,57" hai1="27,46,38,88,20,81,44,78,67,26,60,4,32" hai2="121,23,68,101,87,131,15,108,7,130,107,92,13" hai3="55,116,89,124,129,83,3,48,49,72,95,62,134"/><W42/><G129/><N who="2" m="49161" /><F68/><W21/><G3/><T47/><D104/><U71/><E4/><V2/><F107/><W97/><G116/><T70/><D76/><U115/><E115/><V54/><F54/><W100/><G134/><T91/><D111/><U75/><E38/><V114/><F87/><W5/><G5/><T30/><D30/><U82/><E32/><V25/><F92/><W63/><G124/><T77/><D77/><U56/><E71/><V65/><F101/><W85/><G72/><T33/><D120/><U96/><E26/><V35/><F65/><W109/><G109/><T18/><D66/><U105/><E105/><V127/><F108/><W1/><G1/><T22/><D133/><U24/><E24/><V19/><F114/><W135/><G135/><T10/><D33/><U125/><E125/><V17/><F121/><W90/><G100/><T123/><D123/><U122/><E122/><V53/><F53/><W73/><G73/><T80/><D64/><U119/><E119/><V103/><F103/><W102/><G102/><T12/><D80/><U45/><E82/><V74/><F74/><W59/><G21/><T41/><REACH who="0" step="1"/><D57/><REACH who="0" ten="210,210,213,347" step="2"/><U43/><E43/><V11/><F35/><W98/><G42/><T79/><D79/><U31/><REACH who="1" step="1"/><E45/><REACH who="1" ten="210,200,213,347" step="2"/><V106/><F106/><W118/><G118/><T113/><D113/><U9/><E9/><N who="2" m="6319" /><F127/><W34/><G34/><T52/><D52/><U112/><E112/><V6/><F6/><W126/><G55/><T99/><AGARI ba="2,3" hai="10,12,14,16,18,22,37,41,47,69,70,91,94,99" machi="99" ten="20,5200,0" yaku="1,1,0,1,7,1,54,1,53,0" doraHai="132" doraHaiUra="58" who="0" fromWho="0" sc="210,88,200,-15,213,-15,347,-28" /><INIT seed="4,0,0,4,0,97" ten="298,185,198,319" oya="0" hai0="11,130,2,116,76,66,108,1,10,39,16,35,72" hai1="25,95,8,65,67,94,69,48,90,112,127,105,20" hai2="5,0,70,102,126,62,100,46,24,32,53,123,78" hai3="85,84,63,13,83,59,121,111,6,93,22,47,110"/><T3/><D66/><U37/><E37/><V98/><F123/><W118/><G118/><T104/><D104/><U133/><E105/><V117/><F117/><W58/><G121/><T41/><D116/><U125/><E8/><V60/><F126/><N who="1" m="48137" /><E48/><V14/><F0/><W87/><G47/><T52/><D130/><U28/><E133/><V54/><F78/><W115/><G115/><T23/><D35/><U18/><E28/><V71/><F32/><W56/><G93/><T96/><D41/><U43/><E43/><V106/><F24/><W51/><G51/><T75/><D39/><U64/><E112/><V135/><F135/><W4/><G83/><T119/><D108/><U55/><E55/><V77/><F5/><W21/><G13/><T19/><D119/><U44/><E44/><V122/><F14/><W109/><REACH who="3" step="1"/><G63/><REACH who="3" ten="298,185,198,309" step="2"/><T99/><D3/><U132/><E132/><V26/><F46/><W45/><G45/><T27/><D2/><U86/><E95/><V103/><F122/><W42/><G42/><T12/><D1/><U92/><E92/><V79/><F106/><W15/><G15/><T80/><D11/><U30/><E30/><V34/><F62/><AGARI ba="0,1" hai="18,20,25,62,64,65,67,69,86,90,94" m="48137" machi="62" ten="30,1000,0" yaku="18,1" doraHai="97" who="1" fromWho="2" sc="298,0,185,20,198,-10,309,0" /><INIT seed="5,0,0,4,3,63" ten="298,205,188,309" oya="1" hai0="40,18,79,120,52,113,30,99,72,4,70,78,21" hai1="110,59,65,32,7,50,12,106,3,61,85,89,17" hai2="75,92,62,36,128,6,46,96,107,39,71,23,10" hai3="80,44,67,109,93,2,87,103,130,53,91,95,100"/><U81/><E110/><V48/><F128/><W51/><G2/><T31/><D70/><U57/><E106/><V0/><F107/><W34/><G34/><T20/><D40/><U112/><E112/><V98/><F75/><W56/><G130/><T135/><D135/><U90/><E32/><V58/><F71/><W5/><G5/><T68/><D68/><U19/><E3/><V132/><F132/><W126/><G126/><T115/><D4/><U118/><E118/><V8/><F8/><W47/><G47/><T86/><D86/><U127/><E127/><V104/><F104/><W102/><REACH who="3" step="1"/><G109/><REACH who="3" ten="298,205,188,299" step="2"/><T111/><D111/><U125/><E125/><V24/><F46/><W25/><G25/><T129/><D129/><U82/><E7/><V114/><F0/><W27/><G27/><T105/><D115/><U119/><E119/><V108/><F6/><W64/><G64/><T74/><D113/><U49/><E59/><V11/><F24/><W134/><G134/><T131/><D131/><U45/><E45/><V94/><F58/><W1/><G1/><T14/><D14/><U84/><REACH who="1" step="1"/><E19/><REACH who="1" ten="298,195,188,299" step="2"/><V66/><F114/><W29/><G29/><T54/><D18/><U37/><E37/><V116/><F39/><W16/><G16/><T15/><D31/><U69/><E69/><V38/><F36/><W121/><G121/><T35/><D30/><U88/><E88/><N who="2" m="55303" /><F38/><W123/><G123/><T76/><D120/><U73/><E73/><V77/><F116/><W124/><G124/><T9/><D74/><U43/><E43/><V41/><F108/><W42/><G42/><RYUUKYOKU ba="0,2" sc="298,-15,195,15,188,-15,299,15" hai1="12,17,49,50,57,61,65,81,82,84,85,89,90" hai3="44,51,53,56,67,80,87,91,93,95,100,102,103" /><INIT seed="5,1,2,4,2,26" ten="283,210,173,314" oya="1" hai0="94,117,28,113,21,109,104,7,90,120,61,12,81" hai1="35,46,54,15,33,5,29,93,38,126,92,52,122" hai2="86,97,91,108,59,75,1,101,95,32,103,85,73" hai3="14,74,34,131,3,135,110,27,55,118,23,70,77"/><U11/><E122/><V116/><F1/><W53/><G77/><T112/><D104/><U127/><E35/><V107/><F32/><W17/><G53/><N who="1" m="20586" /><E38/><V71/><F59/><W36/><G55/><T2/><D109/><U79/><E46/><V37/><F108/><W123/><G27/><T24/><D117/><U18/><E79/><V68/><F37/><W98/><G98/><T48/><D48/><U96/><E96/><N who="2" m="61863" /><F68/><W51/><G17/><T129/><D120/><U50/><E50/><V66/><F66/><W67/><G23/><T19/><D113/><U25/><E5/><V88/><F71/><W16/><G16/><T100/><D7/><U69/><E69/><V106/><F116/><W133/><G14/><T30/><D112/><U64/><E64/><V89/><F89/><W0/><G51/><T121/><D121/><U42/><E42/><V102/><F102/><W119/><G67/><T45/><D100/><U115/><E115/><V44/><F44/><W47/><G47/><T65/><D45/><U83/><E83/><AGARI ba="1,2" hai="73,75,83,85,86,88,91,95,97,103,106" m="61863" machi="83" ten="30,12000,2" yaku="35,5,54,1" doraHai="26" who="2" fromWho="1" sc="283,0,210,-123,173,143,314,0" /><INIT seed="6,0,0,0,4,20" ten="283,87,316,314" oya="2" hai0="95,39,36,65,4,118,70,67,2,16,115,91,76" hai1="127,24,96,8,132,80,78,106,111,107,31,129,114" hai2="113,34,63,29,116,105,1,109,0,104,90,43,135" hai3="5,42,55,51,45,73,30,79,37,133,41,46,108"/><V81/><F116/><W13/><G133/><T9/><D118/><U23/><E132/><V52/><F135/><W47/><G108/><T74/><D115/><U86/><E129/><V121/><F121/><W7/><G30/><T54/><D54/><U120/><E127/><V66/><F113/><W103/><G103/><T110/><D110/><U83/><E114/><V71/><F109/><W58/><G47/><T94/><D94/><U14/><E120/><V60/><F43/><W48/><G73/><T57/><D57/><U17/><E111/><V56/><F90/><W32/><G32/><T18/><D70/><U124/><E124/><V98/><F81/><W64/><G79/><T123/><D123/><U62/><E96/><V131/><F131/><W89/><G64/><T10/><D76/><U21/><E62/><V72/><F72/><W26/><G26/><T93/><D74/><U119/><E119/><V28/><F28/><W40/><G40/><T112/><D112/><U22/><REACH who="1" step="1"/><E83/><REACH who="1" ten="283,77,316,314" step="2"/><V97/><F98/><W128/><G128/><T38/><D95/><U25/><E25/><N who="2" m="18735" /><F105/><AGARI ba="0,1" hai="8,14,17,21,22,23,24,31,78,80,86,105,106,107" machi="105" ten="40,2600,0" yaku="1,1,52,1,53,0" doraHai="20" doraHaiUra="59" who="1" fromWho="2" sc="283,0,77,36,316,-26,314,0" /><INIT seed="7,0,0,1,3,112" ten="283,113,290,314" oya="3" hai0="19,76,37,75,32,67,53,57,14,74,65,129,86" hai1="47,97,84,88,12,0,132,117,24,83,34,17,16" hai2="114,125,94,55,101,81,123,98,41,89,72,118,126" hai3="25,120,70,49,27,64,105,61,40,44,58,48,21"/><W13/><G105/><T36/><D32/><U28/><E132/><V124/><F118/><W60/><G120/><T85/><D129/><U22/><E47/><V104/><F114/><W63/><G48/><T106/><D106/><U18/><E0/><V134/><F134/><W128/><G128/><T131/><D131/><U42/><E42/><V20/><F123/><W116/><G116/><T66/><D76/><U2/><E117/><V115/><F115/><W56/><G70/><T31/><D31/><U33/><E33/><V100/><F41/><W91/><G91/><T35/><D35/><U119/><E119/><V96/><F55/><N who="3" m="33823" /><G63/><T127/><D127/><U15/><E97/><N who="2" m="61455" /><F20/><W52/><G40/><T78/><D78/><U99/><E99/><N who="2" m="59639" /><F72/><W108/><G108/><T10/><D75/><U45/><E15/><V38/><F38/><W3/><G3/><T87/><REACH who="0" step="1"/><D74/><REACH who="0" ten="273,113,290,314" step="2"/><U54/><E54/><V8/><F8/><W77/><G77/><T7/><D7/><U79/><E79/><V93/><F81/><W113/><G113/><T51/><AGARI ba="0,1" hai="10,14,19,36,37,51,53,57,65,66,67,85,86,87" machi="51" ten="30,2000,0" yaku="1,1,0,1,53,0" doraHai="112" doraHaiUra="103" who="0" fromWho="0" sc="273,30,113,-5,290,-5,314,-10" owari="303,10.0,108,-39.0,285,-11.0,304,40.0" /></mjloggm>