<mjloggm ver="2.3"><GO type="41" lobby="0"/><UN n0="%E3%83%87%E3%82%B3%E3%83%87%E3%82%B3%E3%82%AF%E3%83%BC%E3%83%AB%53" n1="%E3%82%AC%E3%83%83%E3%83%84%E3%83%A1%E3%82%A4%E3%82%B7" n2="%E2%93%9D%53%75%70%68%78" n3="%4F%4F%54%52%45%53" dan="13,14,18,13" rate="1820.04,1929.53,2115.47,1863.39" sx="M,M,M,M"/><TAIKYOKU oya="0"/><INIT seed="0,0,0,4,5,34" ten="250,250,250,250" oya="0" hai0="92,56,53,8,107,62,44,15,123,119,70,6,83" hai1="21,30,95,4,113,55,11,1,129,51,31,2,99" hai2="104,9,121,14,10,29,118,82,93,13,135,134,68" hai3="94,50,87,16,112,127,131,74,75,109,19,103,45"/><T72/><D123/><U25/><E129/><V110/><F104/><W115/><G131/><T76/><D119/><U122/><E113/><V96/><F68/><W79/><G127/><T54/><D107/><U37/><E37/><V39/><F39/><W101/><G109/><T90/><D70/><U24/><E122/><V125/><F82/><W43/><G74/><T102/><D102/><U84/><E84/><V27/><F93/><W133/><G75/><T47/><REACH who="0" step="1"/><D54/><REACH who="0" ten="240,250,250,250" step="2"/><U91/><E25/><V7/><F118/><W117/><G117/><T48/><D48/><U69/><E69/><V124/><F121/><W64/><G133/><N who="2" m="50697" /><F110/><W120/><G120/><T111/><D111/><U86/><E51/><V28/><F27/><W59/><G115/><T88/><D88/><U73/><E55/><V116/><F116/><W98/><G112/><T35/><D35/><U57/><E24/><V33/><F33/><W78/><G103/><T130/><D130/><U85/><E91/><V18/><F96/><AGARI ba="0,1" hai="6,8,15,44,47,53,56,62,72,76,83,90,92,96" machi="96" ten="30,11600,0" yaku="1,1,7,1,53,2" doraHai="34" doraHaiUra="42" who="0" fromWho="2" sc="240,126,250,0,250,-116,250,0" /><INIT seed="0,1,0,0,3,67" ten="366,250,134,250" oya="0" hai0="41,131,80,27,55,12,73,132,53,135,36,18,124" hai1="104,92,117,20,86,108,126,7,24,84,34,15,93" hai2="85,83,100,65,69,111,119,0,30,133,4,113,29" hai3="37,96,56,107,28,45,60,19,94,68,64,123,6"/><T42/><D27/><U81/><E34/><V79/><F113/><W2/><G123/><T118/><D118/><U95/><E117/><V16/><F119/><W26/><G56/><T103/><D103/><U122/><E122/><V50/><F111/><W90/><G107/><T63/><D131/><U25/><E104/><V48/><F133/><N who="0" m="51274" /><D124/><U62/><E108/><V23/><F4/><W77/><G77/><N who="0" m="44079" /><D63/><U127/><E62/><V52/><F0/><W11/><G19/><T49/><D36/><U31/><E25/><V82/><F50/><W5/><G5/><T116/><D116/><U109/><E109/><V112/><F100/><W46/><REACH who="3" step="1"/><G37/><REACH who="3" ten="366,250,134,240" step="2"/><T3/><D3/><U101/><E101/><V71/><F112/><W106/><G106/><T54/><D49/><U74/><E127/><V70/><F65/><W57/><G57/><T76/><D76/><U78/><REACH who="1" step="1"/><E126/><REACH who="1" ten="366,240,134,240" step="2"/><V51/><F51/><W13/><G13/><T33/><D33/><AGARI ba="1,2" hai="2,6,11,26,28,33,45,46,60,64,68,90,94,96" machi="33" ten="30,7700,0" yaku="1,1,7,1,52,1,53,1" doraHai="67" doraHaiUra="88" who="3" fromWho="0" sc="366,-80,240,0,134,0,240,100" /><INIT seed="1,0,0,1,0,68" ten="286,240,134,340" oya="1" hai0="115,45,106,34,111,38,119,92,4,39,2,36,41" hai1="59,87,98,81,32,112,132,126,56,101,99,73,9" hai2="133,124,76,13,46,74,0,17,129,53,16,28,11" hai3="57,84,104,15,52,14,54,105,62,12,78,25,7"/><U108/><E32/><V27/><F129/><W26/><G7/><T50/><D119/><U118/><E118/><V127/><F76/><W31/><G105/><T35/><D115/><U135/><E112/><V107/><F74/><W109/><G104/><T61/><D106/><U116/><E116/><V121/><F107/><W22/><G109/><T60/><D92/><U113/><E113/><V88/><F53/><W24/><G54/><T48/><D111/><U102/><E108/><V86/><F0/><W8/><G8/><T23/><D23/><U93/><E73/><V42/><F133/><N who="1" m="51273" /><E9/><V65/><F65/><W43/><REACH who="3" step="1"/><G43/><REACH who="3" ten="286,240,134,330" step="2"/><T96/><D4/><U18/><E126/><V117/><F117/><W125/><G125/><T122/><D2/><U89/><E18/><V37/><F17/><W70/><G70/><T75/><D122/><U82/><E82/><AGARI ba="0,1" hai="12,14,15,22,24,25,26,31,52,57,62,78,82,84" machi="82" ten="40,12000,2" yaku="1,1,8,1,54,1,53,3" doraHai="68" doraHaiUra="20" who="3" fromWho="1" sc="286,0,240,-120,134,0,330,130" /><INIT seed="2,0,0,1,3,74" ten="286,120,134,460" oya="2" hai0="109,102,29,63,8,33,3,39,117,60,34,68,99" hai1="67,120,124,48,57,35,25,135,44,42,84,78,73" hai2="115,100,69,13,27,66,131,87,56,37,59,97,17" hai3="77,112,104,113,23,38,2,126,11,75,71,114,133"/><V88/><F115/><W92/><G104/><T108/><D39/><U53/><E124/><V4/><F37/><W20/><G38/><T16/><D117/><U70/><E135/><V94/><F131/><W40/><G40/><T103/><D3/><U134/><E134/><V7/><F69/><W5/><G71/><T24/><D34/><U90/><E120/><V101/><F27/><W116/><G133/><T105/><D103/><U130/><E130/><V26/><F26/><W55/><G126/><T1/><D1/><U41/><E70/><V95/><F101/><W61/><G116/><T64/><D60/><U85/><E73/><V125/><F125/><W45/><G92/><T49/><D49/><U30/><E67/><V110/><F110/><W83/><REACH who="3" step="1"/><G45/><REACH who="3" ten="286,120,134,450" step="2"/><T52/><D52/><U96/><E44/><V51/><F66/><W118/><G118/><T18/><REACH who="0" step="1"/><D8/><REACH who="0" ten="276,120,134,450" step="2"/><U12/><E42/><V119/><F119/><W89/><G89/><T122/><D122/><U58/><E41/><V47/><F47/><W80/><G80/><T98/><D98/><U72/><E96/><V21/><F59/><AGARI ba="0,2" hai="2,5,11,20,23,55,59,61,75,77,83,112,113,114" machi="59" ten="40,5200,0" yaku="1,1,11,1,52,1,53,0" doraHai="74" doraHaiUra="36" who="3" fromWho="2" sc="276,0,120,0,134,-52,450,72" /><INIT seed="3,0,0,2,5,105" ten="276,120,82,522" oya="3" hai0="9,63,132,75,104,58,106,20,17,116,131,51,118" hai1="67,3,70,41,108,87,66,26,6,115,111,83,77" hai2="68,133,21,42,92,79,4,12,11,126,74,24,128" hai3="96,64,135,31,30,1,88,61,5,53,45,117,101"/><W32/><G117/><N who="0" m="45163" /><D9/><N who="1" m="2271" /><E41/><V14/><F68/><N who="3" m="41999" /><G88/><T7/><D7/><U49/><E70/><V123/><F128/><W102/><G30/><T48/><D63/><U65/><E115/><V127/><F133/><W46/><G101/><T114/><D58/><U36/><E49/><N who="0" m="19017" /><D20/><U94/><E94/><V2/><F92/><W10/><G53/><T122/><D122/><U50/><E50/><V62/><F123/><W8/><G8/><T103/><D103/><U120/><E120/><V121/><F62/><W98/><G98/><T95/><D95/><U59/><E26/><V22/><F24/><N who="3" m="18535" /><G135/><T119/><N who="0" m="45171" /><T130/><DORA hai="80" /><D132/><U129/><E129/><N who="0" m="49161" /><D114/><U84/><E59/><V72/><F121/><W33/><G33/><T89/><D89/><U47/><E47/><V19/><F11/><W91/><G91/><T100/><D100/><U25/><E25/><V73/><F4/><W69/><G69/><T86/><D17/><U90/><E90/><V110/><F19/><W57/><G57/><T97/><D97/><U16/><E16/><V23/><F23/><W35/><G35/><T55/><D55/><U18/><E18/><V124/><F22/><W113/><G113/><T27/><D27/><U71/><E71/><V82/><F21/><W43/><G43/><T93/><D93/><U38/><E84/><N who="2" m="48223" /><F42/><W125/><G125/><T112/><D112/><U107/><E107/><AGARI ba="0,0" hai="1,5,10,45,46,96,102,107" m="18535,41999" machi="107" ten="30,1500,0" yaku="25,1" doraHai="105,80" who="3" fromWho="1" sc="276,0,120,-15,82,0,522,15" /><INIT seed="3,1,0,0,3,34" ten="276,105,82,537" oya="3" hai0="51,134,127,48,131,86,43,133,84,112,17,72,25" hai1="18,40,70,132,10,83,81,79,60,122,113,14,94" hai2="59,87,49,58,6,71,107,73,77,7,100,38,54" hai3="88,8,124,67,41,2,13,117,32,102,63,22,26"/><W20/><G117/><T9/><D72/><U116/><E122/><V56/><F73/><W93/><G124/><T57/><D127/><U110/><E113/><V104/><F71/><W105/><G41/><T125/><D125/><U1/><E83/><V85/><F38/><W91/><G2/><T29/><D112/><U31/><E110/><V3/><F100/><W19/><G22/><T128/><D9/><U47/><E31/><V135/><F135/><N who="0" m="51722" /><D17/><U24/><E24/><V99/><F99/><N who="3" m="59759" /><G32/><N who="0" m="20527" /><D43/><U80/><E116/><V69/><F69/><W28/><G105/><T12/><D12/><U21/><E70/><V37/><F107/><W123/><G123/><T115/><D115/><U114/><E114/><V108/><F104/><W5/><G5/><T44/><D44/><U46/><E46/><V0/><F7/><W111/><G111/><T52/><D48/><U68/><E47/><V82/><F6/><W121/><G121/><T11/><D11/><U64/><E40/><V98/><F37/><W42/><G42/><T109/><D109/><U23/><E132/><V66/><F108/><W45/><G45/><T96/><D96/><U103/><E10/><V36/><F98/><W27/><G27/><T119/><D119/><U74/><E21/><V126/><F36/><W101/><G101/><T15/><D15/><U33/><E33/><V89/><F126/><W35/><G35/><T50/><D50/><U39/><E39/><V16/><F16/><W76/><G76/><T53/><D53/><U4/><E79/><V65/><F54/><W30/><G30/><T62/><D51/><RYUUKYOKU ba="1,0" sc="276,15,105,-15,82,-15,537,15" hai0="52,57,62,84,86,128,131" hai3="8,13,19,20,26,28,63,67,88,91" /><INIT seed="3,2,0,2,2,132" ten="291,90,67,552" oya="3" hai0="43,14,64,120,28,89,47,90,97,84,40,21,117" hai1="45,110,62,56,29,72,46,82,118,114,55,88,98" hai2="127,92,3,38,15,74,112,66,85,113,59,122,50" hai3="36,93,39,41,58,16,34,133,19,71,0,130,76"/><W115/><G115/><T101/><D120/><U52/><E114/><V13/><F3/><W126/><G71/><T48/><D117/><U105/><E110/><V30/><F38/><W86/><G0/><T124/><D64/><N who="1" m="38983" /><E105/><V116/><F74/><W42/><G34/><T51/><D90/><U20/><E72/><V107/><F107/><W23/><G133/><T70/><D70/><U11/><E11/><V8/><F30/><W135/><G135/><T49/><D40/><U60/><E60/><V103/><F116/><W111/><G111/><T24/><D14/><U6/><E6/><V104/><F15/><W100/><G130/><T96/><D96/><U53/><E118/><V128/><F104/><W81/><G58/><T80/><D124/><U27/><E98/><V33/><F127/><W37/><G126/><T17/><REACH who="0" step="1"/><D28/><REACH who="0" ten="281,90,67,552" step="2"/><U61/><E61/><V102/><F113/><W63/><G41/><T9/><D9/><U94/><E82/><V134/><F134/><W7/><G42/><T79/><D79/><U22/><E29/><V77/><F112/><W57/><G63/><T32/><D32/><U68/><E68/><V10/><F33/><W54/><G37/><T2/><D2/><U87/><E27/><V18/><F10/><W1/><G36/><T69/><D69/><U31/><E31/><V12/><F8/><W4/><G39/><T106/><AGARI ba="2,1" hai="17,21,24,43,47,48,49,51,80,84,89,97,101,106" machi="106" ten="20,12000,2" yaku="1,1,0,1,7,1,53,3" doraHai="132" doraHaiUra="44" who="0" fromWho="0" sc="281,136,90,-32,67,-32,552,-62" /><INIT seed="4,0,0,4,2,14" ten="417,58,35,490" oya="0" hai0="128,105,21,103,127,52,56,35,125,87,110,122,22" hai1="37,118,126,95,130,8,81,97,28,38,113,96,115" hai2="50,98,46,24,73,26,119,74,104,40,71,54,67" hai3="132,116,25,23,117,106,55,51,129,9,43,32,121"/><T53/><D122/><U13/><E118/><V16/><F119/><W133/><G106/><T0/><D0/><U78/><E126/><N who="0" m="48137" /><D35/><U79/><E28/><V10/><F71/><W7/><G121/><T111/><D128/><U19/><E130/><V59/><F67/><W68/><G43/><T42/><D42/><U123/><E123/><V39/><F26/><W82/><G68/><T112/><D112/><N who="1" m="43083" /><E79/><V58/><F58/><N who="3" m="33151" /><G82/><T31/><D31/><U2/><E2/><V60/><F39/><N who="1" m="14857" /><E95/><V30/><F30/><N who="3" m="17727" /><G32/><T101/><D87/><AGARI ba="0,0" hai="8,13,19,78,81,87,96,97" m="14857,43083" machi="87" ten="30,3900,0" yaku="15,1,11,1,52,1" doraHai="14" who="1" fromWho="0" sc="417,-39,58,39,35,0,490,0" /><INIT seed="5,0,0,3,2,79" ten="378,97,35,490" oya="1" hai0="8,129,60,128,88,85,86,83,71,133,69,89,132" hai1="59,104,24,49,27,45,29,67,95,54,68,30,33" hai2="21,126,108,97,22,39,122,42,103,87,37,53,107" hai3="35,66,50,96,94,58,38,131,62,109,74,40,4"/><U20/><E104/><V72/><F122/><W41/><G109/><T115/><D8/><U110/><E110/><V113/><F108/><W6/><G74/><T111/><D115/><U31/><E68/><V118/><F118/><W32/><G38/><T116/><D111/><U106/><E106/><V114/><F72/><W124/><G131/><N who="0" m="50251" /><D116/><U84/><E33/><V13/><F53/><W26/><G124/><T123/><D123/><U119/><E119/><V92/><F126/><W127/><G127/><T80/><D60/><N who="1" m="38303" /><E24/><V78/><F39/><W75/><G75/><T52/><D52/><U2/><E2/><V19/><F107/><W91/><G32/><T112/><D112/><N who="2" m="43114" /><F37/><W34/><G35/><T120/><D120/><U90/><AGARI ba="0,0" hai="20,27,29,30,31,45,49,54,84,90,95" m="38303" machi="90" ten="30,1500,0" yaku="8,1" doraHai="79" who="1" fromWho="1" sc="378,-5,97,15,35,-5,490,-5" /><INIT seed="5,1,0,3,0,38" ten="373,112,30,485" oya="1" hai0="95,58,71,94,25,50,129,17,100,76,57,41,36" hai1="47,112,102,132,130,105,11,72,15,104,7,53,114" hai2="26,60,43,90,124,10,115,84,67,16,63,89,34" hai3="32,69,6,23,30,1,78,70,91,75,49,131,66"/><U126/><E72/><V12/><F124/><W35/><G131/><T37/><D71/><U86/><E130/><V65/><F115/><N who="1" m="44073" /><E132/><V77/><F34/><W110/><G110/><T108/><D108/><U64/><E64/><N who="2" m="24651" /><F26/><W8/><G23/><N who="0" m="13551" /><D129/><U45/><E86/><V103/><F103/><W44/><G91/><N who="2" m="34825" /><F43/><W122/><G122/><T73/><D73/><U51/><E126/><V61/><F84/><W56/><G56/><N who="0" m="21611" /><D37/><U40/><E102/><V5/><F77/><W92/><G92/><N who="0" m="35371" /><D36/><AGARI ba="1,0" hai="7,11,15,36,40,45,47,51,53,104,105" m="44073" machi="36" ten="30,2900,0" yaku="15,1,52,1" doraHai="38" who="1" fromWho="0" sc="373,-32,112,32,30,0,485,0" /><INIT seed="5,2,0,1,0,69" ten="341,144,30,485" oya="1" hai0="85,116,106,39,27,21,36,11,96,93,71,18,79" hai1="111,89,98,119,114,42,23,1,37,57,113,132,87" hai2="34,17,63,118,0,107,124,2,6,19,84,80,133" hai3="7,4,22,30,110,99,112,70,82,117,126,103,59"/><U46/><E119/><V97/><F118/><W3/><G117/><T94/><D116/><RYUUKYOKU type="kaze4" ba="2,0" sc="341,0,144,0,30,0,485,0" /><INIT seed="5,3,0,4,5,7" ten="341,144,30,485" oya="1" hai0="12,130,113,19,74,125,75,78,43,116,26,16,84" hai1="3,8,48,73,54,0,110,42,111,114,59,27,81" hai2="37,128,127,82,85,35,109,10,94,65,89,112,52" hai3="108,29,119,98,71,44,126,1,61,68,31,117,133"/><U132/><E114/><V45/><F109/><N who="1" m="41481" /><E132/><V64/><F35/><W129/><G108/><T100/><D113/><U93/><E27/><V2/><F112/><W90/><G1/><T9/><D116/><N who="3" m="44617" /><G126/><T60/><D130/><U86/><E73/><V76/><F128/><W25/><G133/><T118/><D125/><U5/><E93/><V79/><F127/><W32/><G129/><T58/><D43/><U122/><E42/><V83/><F37/><W24/><G44/><T11/><D100/><U34/><E34/><V97/><F2/><W18/><G18/><T124/><D124/><U70/><E70/><N who="3" m="26666" /><G61/><T13/><D26/><N who="3" m="10345" /><G32/><T88/><D78/><N who="1" m="46391" /><E0/><V106/><F106/><W91/><G98/><T77/><D77/><U92/><E92/><V39/><F79/><W17/><G17/><T101/><D101/><U72/><E72/><V102/><F102/><W53/><G53/><T33/><D33/><U95/><E95/><V56/><F83/><W62/><G62/><T46/><D46/><U69/><E69/><V15/><F45/><W40/><G40/><T36/><D36/><U41/><E41/><V22/><F39/><W96/><G96/><T104/><D104/><U131/><E131/><V14/><F52/><W135/><G135/><T66/><D118/><U105/><E105/><V30/><F97/><W103/><G103/><T115/><D115/><U87/><E87/><V49/><F85/><W23/><G23/><T120/><D120/><AGARI ba="3,0" hai="3,5,8,48,54,59,120,122" m="46391,41481" machi="120" ten="30,2900,0" yaku="10,1,52,1" doraHai="7" who="1" fromWho="0" sc="341,-38,144,38,30,0,485,0" /><INIT seed="5,4,0,1,3,41" ten="303,182,30,485" oya="1" hai0="76,80,21,116,25,135,63,19,98,83,131,74,68" hai1="93,66,133,125,27,32,90,126,56,117,71,96,113" hai2="99,59,8,91,108,10,22,55,81,33,104,24,70" hai3="73,101,43,132,26,109,102,121,77,69,30,23,115"/><U54/><E113/><V120/><F120/><W107/><G121/><T79/><D116/><U67/><E117/><V46/><F33/><W42/><G109/><T13/><D135/><U47/><E133/><V6/><F70/><W94/><G107/><T38/><D38/><U14/><E71/><V0/><F108/><W58/><G69/><T89/><D131/><U12/><E32/><V105/><F10/><W50/><G132/><T7/><D98/><U78/><E78/><V34/><F34/><W39/><G39/><T84/><D89/><U37/><E27/><V64/><F64/><W86/><G73/><T28/><D7/><U2/><E2/><V5/><F5/><W88/><G115/><T61/><REACH who="0" step="1"/><D68/><REACH who="0" ten="293,182,30,485" step="2"/><U100/><E90/><V112/><F112/><W87/><G102/><T18/><D18/><U9/><E37/><V128/><F128/><W29/><G101/><T35/><AGARI ba="4,1" hai="13,19,21,25,28,35,61,63,74,76,79,80,83,84" machi="35" ten="20,2700,0" yaku="1,1,0,1,7,1,53,0" doraHai="41" doraHaiUra="48" who="0" fromWho="0" sc="293,49,182,-17,30,-11,485,-11" /><INIT seed="6,0,0,5,3,5" ten="342,165,19,474" oya="2" hai0="1,97,35,53,48,79,4,58,132,18,9,42,31" hai1="66,89,50,0,128,36,135,54,37,82,129,118,78" hai2="32,16,85,87,99,49,91,21,123,70,15,62,39" hai3="134,98,59,72,107,93,29,43,86,57,92,44,30"/><V121/><F39/><N who="1" m="14921" /><E66/><V27/><F49/><N who="3" m="26783" /><G72/><T56/><D132/><U52/><E135/><V13/><F87/><W22/><G134/><T96/><D42/><U23/><E0/><V73/><F73/><W45/><G107/><T41/><D41/><U69/><E69/><V46/><F46/><W104/><G104/><T111/><D111/><U88/><E23/><V24/><F99/><W84/><G45/><T109/><D79/><U3/><E3/><V17/><F70/><W120/><G120/><T61/><D109/><U25/><E25/><V105/><F105/><W95/><G98/><T65/><REACH who="0" step="1"/><D18/><REACH who="0" ten="332,165,19,474" step="2"/><U125/><E78/><V110/><F110/><W47/><G47/><T28/><D28/><N who="3" m="10857" /><G22/><T33/><D33/><U108/><E108/><V19/><F32/><W119/><G119/><T76/><D76/><U63/><E118/><V81/><F27/><AGARI ba="0,1" hai="1,4,9,27,31,35,48,53,56,58,61,65,96,97" machi="27" ten="40,2600,0" yaku="1,1,52,1,53,0" doraHai="5" doraHaiUra="122" who="0" fromWho="2" sc="332,36,165,0,19,-26,474,0" owari="368,17.0,165,-23.0,-7,-51.0,474,57.0" /></mjloggm>