<mjloggm ver="2.3"><GO type="41" lobby="0"/><UN n0="%E5%BD%A9%E5%87%9B%E8%8A%B1" n1="%E8%8C%B6%E5%BA%A6" n2="%E5%BC%B1%E6%9D%89%E5%AF%A7%E9%A6%99" n3="%E2%93%9D%53%75%70%68%78" dan="13,16,17,19" rate="1829.52,2018.16,2120.43,2131.73" sx="F,M,M,M"/><TAIKYOKU oya="0"/><INIT seed="0,0,0,1,3,13" ten="250,250,250,250" oya="0" hai0="84,22,107,85,23,94,95,66,117,123,126,125,50" hai1="8,119,69,5,53,90,101,19,42,110,34,11,68" hai2="37,16,59,65,133,97,36,48,24,80,12,74,99" hai3="15,79,3,28,82,9,64,29,77,6,33,127,92"/><T75/><D66/><U61/><E34/><V43/><F133/><W86/><G127/><N who="0" m="48651" /><D50/><U55/><E119/><V98/><F24/><W129/><G129/><T4/><D4/><U17/><E101/><V62/><F43/><W20/><G79/><T52/><D75/><U83/><E42/><V113/><F113/><W116/><G116/><T63/><D107/><U73/><E73/><V121/><F121/><W40/><G64/><T103/><D123/><U132/><E132/><V0/><F0/><W78/><G78/><T70/><D70/><U45/><E45/><V120/><F48/><W49/><G33/><T122/><D117/><U105/><E105/><V1/><F1/><W32/><G32/><T87/><D122/><U57/><E55/><V44/><F44/><W39/><G39/><T96/><D95/><U108/><E68/><V60/><F120/><W76/><G92/><T56/><AGARI ba="0,0" hai="22,23,52,56,63,84,85,87,94,96,103" m="48651" machi="56" ten="40,3900,0" yaku="18,1,54,1" doraHai="13" who="0" fromWho="0" sc="250,39,250,-13,250,-13,250,-13" /><INIT seed="0,1,0,4,3,21" ten="289,237,237,237" oya="0" hai0="121,42,3,104,119,87,10,58,20,35,79,55,71" hai1="37,105,54,29,110,19,59,89,111,33,47,68,70" hai2="114,23,112,25,63,131,75,26,28,134,123,64,61" hai3="38,113,124,98,95,90,1,101,2,49,117,12,43"/><T9/><D119/><U108/><E105/><V14/><F123/><W15/><G113/><T67/><D104/><U7/><E7/><V102/><F75/><W81/><G38/><T45/><D35/><U133/><E133/><V56/><F134/><W5/><G124/><T86/><D3/><U109/><E19/><V40/><F14/><W44/><G117/><T122/><D121/><U93/><N who="1" m="27648" /><DORA hai="97" /><U27/><E47/><V8/><F8/><W127/><G127/><T78/><D71/><U84/><REACH who="1" step="1"/><E37/><REACH who="1" ten="289,227,237,237" step="2"/><V76/><F114/><W118/><G118/><T91/><D45/><U41/><E41/><V65/><F40/><W13/><G5/><T50/><D42/><U39/><E39/><V18/><F112/><W103/><REACH who="3" step="1"/><G81/><REACH who="3" ten="289,227,237,227" step="2"/><T36/><D36/><U57/><E57/><V83/><F56/><W115/><G115/><T82/><D58/><U116/><E116/><V125/><F125/><W74/><G74/><T132/><D82/><U34/><E34/><V94/><F83/><W4/><G4/><T60/><D122/><U126/><E126/><V0/><F131/><W85/><G85/><T51/><D86/><U106/><E106/><V92/><F92/><W66/><G66/><T11/><D132/><U48/><AGARI ba="1,2" hai="27,29,33,48,54,59,68,70,84,89,93" m="27648" machi="48" ten="60,8000,1" yaku="1,1,0,1,14,1,52,1,53,1" doraHai="21,97" doraHaiUra="80,62" who="1" fromWho="1" sc="289,-41,227,103,237,-21,227,-21" /><INIT seed="1,0,0,0,0,70" ten="248,330,216,206" oya="1" hai0="111,132,120,84,57,124,26,114,24,25,129,76,73" hai1="15,49,75,103,95,54,60,78,92,106,51,102,115" hai2="61,79,17,56,117,1,118,19,125,112,55,41,59" hai3="29,108,34,104,58,44,123,82,91,105,5,128,21"/><U67/><E115/><V134/><F1/><W46/><G34/><T2/><D73/><U72/><E106/><V93/><F125/><W42/><G128/><T96/><D2/><U131/><E131/><V94/><F134/><W71/><G71/><T6/><D57/><U14/><E78/><V47/><F112/><W4/><G108/><T23/><D96/><U52/><REACH who="1" step="1"/><E60/><REACH who="1" ten="248,320,216,206" step="2"/><V63/><F79/><W3/><G105/><T130/><D76/><U11/><E11/><V43/><F47/><W27/><G46/><T37/><D130/><U40/><E40/><V0/><F0/><W31/><G104/><T9/><D9/><U83/><E83/><V64/><F64/><AGARI ba="0,1" hai="14,15,49,51,52,54,64,67,72,75,92,95,102,103" machi="64" ten="25,9600,0" yaku="1,1,22,2,54,1,53,0" doraHai="70" doraHaiUra="110" who="1" fromWho="2" sc="248,0,320,106,216,-96,206,0" /><INIT seed="1,1,0,1,3,120" ten="248,426,120,206" oya="1" hai0="51,16,87,131,89,119,83,85,7,92,75,11,96" hai1="108,78,91,44,81,105,115,36,63,26,15,104,49" hai2="118,47,43,28,20,132,114,27,19,37,32,21,117" hai3="67,113,124,46,102,99,82,34,48,5,25,22,127"/><U93/><E36/><V61/><F132/><W55/><G113/><T35/><D35/><U110/><E115/><V64/><F114/><W109/><G34/><T97/><D119/><U38/><E38/><V2/><F2/><W107/><G67/><T69/><D69/><U31/><E15/><V76/><F76/><W98/><G98/><T30/><D30/><U60/><E63/><V8/><F8/><W106/><G82/><T123/><D131/><U126/><E126/><N who="3" m="48170" /><G5/><T62/><D75/><U66/><E104/><V125/><F125/><W53/><G107/><T121/><D62/><U45/><E105/><V6/><F6/><W9/><G9/><T4/><D85/><N who="1" m="52463" /><E49/><V29/><F32/><W14/><G14/><N who="0" m="7263" /><D97/><U84/><E26/><V58/><REACH who="2" step="1"/><F29/><REACH who="2" ten="248,426,110,206" step="2"/><N who="3" m="17591" /><G55/><T42/><D7/><U88/><E31/><V74/><F74/><W12/><G12/><AGARI ba="1,1" hai="12,19,20,21,27,28,37,43,47,58,61,64,117,118" machi="12" ten="30,7700,0" yaku="1,1,7,1,53,2" doraHai="120" doraHaiUra="17" who="2" fromWho="3" sc="248,0,426,0,110,90,206,-80" /><INIT seed="2,0,0,3,3,76" ten="248,426,200,126" oya="2" hai0="115,112,13,99,0,27,83,23,135,53,63,40,14" hai1="130,22,35,46,90,18,73,133,126,4,108,110,3" hai2="57,38,117,20,120,47,80,32,105,42,12,128,41" hai3="131,82,10,17,111,95,11,55,6,31,50,101,87"/><V37/><F117/><W97/><G111/><N who="1" m="42538" /><E73/><V24/><F120/><W129/><G31/><T61/><D0/><U106/><E35/><V125/><F105/><W25/><G25/><T124/><D135/><U81/><E4/><V103/><F103/><W60/><G60/><T100/><D124/><U96/><E3/><V119/><F119/><W44/><G17/><T98/><D40/><U74/><E46/><V89/><F128/><W121/><G121/><T28/><D99/><U29/><E29/><V107/><F107/><W36/><G36/><T71/><D63/><U45/><E45/><V127/><F42/><W79/><REACH who="3" step="1"/><G6/><REACH who="3" ten="248,426,200,116" step="2"/><T9/><D27/><U78/><E18/><V49/><F38/><W8/><AGARI ba="0,1" hai="8,10,11,44,50,55,79,82,87,95,97,101,129,131" machi="8" ten="30,7900,0" yaku="1,1,2,1,0,1,52,1,53,0" doraHai="76" doraHaiUra="54" who="3" fromWho="3" sc="248,-20,426,-20,200,-39,116,89" /><INIT seed="3,0,0,3,1,101" ten="228,406,161,205" oya="3" hai0="75,59,96,104,124,131,62,31,68,91,116,23,102" hai1="43,78,125,12,0,117,115,8,72,4,11,44,94" hai2="86,130,133,110,57,38,14,114,64,37,45,49,6" hai3="87,76,106,1,19,79,34,27,40,17,134,16,107"/><W71/><G1/><T123/><D116/><U51/><E125/><V81/><F114/><W85/><G71/><T41/><D123/><U9/><E115/><V54/><F110/><W111/><G40/><T60/><D75/><U13/><E117/><V22/><F130/><W15/><G15/><T55/><D131/><U3/><E11/><V77/><F133/><W74/><G74/><T21/><D124/><U99/><E78/><N who="3" m="29738" /><G27/><T48/><D41/><U126/><E72/><V7/><F38/><W58/><G58/><T36/><D36/><U73/><E73/><V83/><F37/><W129/><G129/><T128/><D128/><U42/><E42/><V122/><F122/><W20/><G20/><T35/><D91/><U103/><REACH who="1" step="1"/><E126/><REACH who="1" ten="228,396,161,205" step="2"/><V105/><F6/><AGARI ba="0,1" hai="0,3,4,6,8,9,12,13,43,44,51,94,99,103" machi="6" ten="30,8000,1" yaku="1,1,2,1,7,1,9,1,53,1" doraHai="101" doraHaiUra="97" who="1" fromWho="2" sc="228,0,396,90,161,-80,205,0" /><INIT seed="4,0,0,0,0,125" ten="228,486,81,205" oya="0" hai0="47,119,123,70,91,128,55,15,94,30,57,39,58" hai1="25,120,28,111,127,88,108,34,49,44,92,72,85" hai2="42,33,31,115,93,102,104,3,19,132,122,61,26" hai3="60,2,1,17,98,113,76,96,66,80,78,62,35"/><T114/><D123/><U12/><E72/><V56/><F122/><W32/><G80/><T27/><D119/><U83/><E127/><V11/><F104/><W54/><G54/><T41/><D114/><U105/><E105/><V10/><F115/><W77/><G113/><T50/><D15/><U126/><E126/><V46/><F132/><W89/><G89/><T75/><D75/><U112/><E120/><V9/><F102/><W22/><G22/><T5/><D5/><U18/><E92/><V117/><F93/><W73/><G73/><T24/><D58/><U129/><E129/><V53/><F117/><W40/><G40/><T86/><D128/><U51/><E51/><V95/><F95/><W82/><G82/><T63/><REACH who="0" step="1"/><D30/><REACH who="0" ten="218,486,81,205" step="2"/><U109/><E112/><V134/><F134/><W69/><G17/><T79/><D79/><U133/><E133/><V130/><F130/><W0/><REACH who="3" step="1"/><G62/><REACH who="3" ten="218,486,81,195" step="2"/><T7/><D7/><U106/><E18/><V38/><REACH who="2" step="1"/><F19/><REACH who="2" ten="218,486,71,195" step="2"/><W20/><G20/><T101/><D101/><U13/><E109/><V103/><F103/><W81/><G81/><T71/><D71/><U48/><E108/><V110/><F110/><W97/><AGARI ba="0,3" hai="0,1,2,32,35,60,66,69,76,77,78,96,97,98" machi="97" ten="40,8000,1" yaku="1,1,0,1,29,2,53,0" doraHai="125" doraHaiUra="8" who="3" fromWho="3" sc="218,-40,486,-20,71,-20,195,110" /><INIT seed="5,0,0,5,3,67" ten="178,466,51,305" oya="1" hai0="29,132,18,8,113,39,100,104,64,85,105,12,90" hai1="115,112,26,41,124,108,2,25,117,123,48,28,30" hai2="72,23,121,10,52,84,45,129,111,13,6,27,78" hai3="66,96,103,3,73,118,125,76,130,59,16,81,122"/><U63/><E41/><V94/><F111/><W101/><G3/><T98/><D39/><U14/><E48/><V77/><F72/><W32/><G32/><T1/><D132/><U128/><E63/><V79/><F129/><W55/><G125/><T126/><D126/><U53/><E53/><V44/><F121/><W9/><G122/><T35/><D113/><U120/><E124/><V43/><F43/><W40/><G66/><T87/><D1/><U88/><E2/><V102/><F102/><W34/><G34/><T58/><D105/><U99/><E99/><V0/><F0/><W127/><G118/><T80/><D29/><U71/><E14/><V106/><F106/><W22/><G9/><T21/><D35/><U46/><E46/><V54/><F94/><W114/><G114/><T86/><D21/><U11/><E11/><V95/><F44/><W49/><G130/><T65/><D58/><U93/><E93/><V36/><F36/><W134/><G134/><T62/><D62/><U17/><E17/><V131/><F131/><W51/><G96/><T109/><D109/><U60/><E128/><V7/><F7/><W37/><G37/><T74/><D74/><U50/><E108/><V135/><F45/><N who="3" m="25767" /><G127/><T20/><D8/><U15/><E115/><V69/><F69/><W56/><G56/><T91/><D86/><U33/><E112/><V116/><F135/><W97/><G97/><T42/><D42/><U38/><E120/><V107/><F107/><W133/><G133/><T92/><AGARI ba="0,0" hai="12,18,20,64,65,80,85,87,90,91,92,98,100,104" machi="92" ten="20,1500,0" yaku="0,1,7,1" doraHai="67" who="0" fromWho="0" sc="178,15,466,-7,51,-4,305,-4" /><INIT seed="6,0,0,0,0,19" ten="193,459,47,301" oya="2" hai0="54,72,117,35,50,55,69,52,57,116,129,131,109" hai1="133,135,47,38,66,64,15,98,113,46,48,25,78" hai2="115,14,99,96,79,81,80,41,30,123,16,1,77" hai3="60,65,61,93,89,70,107,67,17,112,40,27,42"/><V110/><F1/><W124/><G124/><T2/><D35/><U127/><E127/><V28/><F123/><W74/><G74/><T21/><D72/><U51/><E78/><N who="2" m="29707" /><F115/><W90/><G107/><T8/><D2/><U32/><E38/><V104/><F104/><W10/><G112/><T34/><D34/><U102/><E15/><V56/><F41/><W119/><G119/><N who="0" m="45643" /><D8/><U5/><E5/><V63/><F110/><W58/><G90/><T62/><D21/><U39/><E39/><V24/><F24/><W121/><G121/><T83/><D83/><N who="2" m="31818" /><F99/><W120/><G120/><T36/><D36/><U130/><E98/><V23/><F96/><W11/><G42/><T29/><D109/><U87/><E25/><V95/><F95/><W0/><G40/><T100/><D100/><U20/><E32/><V114/><F114/><W88/><G0/><T92/><D92/><U108/><E102/><V76/><N who="2" m="29715" /><V91/><DORA hai="105" /><F91/><W126/><G126/><T33/><D33/><U44/><E108/><V94/><F94/><W9/><G93/><T103/><D103/><U4/><E113/><V73/><F73/><W111/><G111/><T6/><D69/><U31/><E133/><V118/><F118/><W132/><G132/><T84/><D84/><U106/><E87/><V101/><F101/><W125/><G125/><T3/><D3/><U53/><E106/><V18/><F18/><W75/><G75/><T43/><D43/><U71/><E135/><V37/><F37/><W7/><G7/><T13/><D13/><U97/><E4/><V128/><F128/><RYUUKYOKU ba="0,0" sc="193,-15,459,-15,47,15,301,15" hai2="14,16,23,28,30,56,63" hai3="9,10,11,17,27,58,60,61,65,67,70,88,89" /><INIT seed="6,1,0,3,4,130" ten="178,444,62,316" oya="2" hai0="31,72,48,2,50,96,37,58,118,85,78,89,0" hai1="109,112,66,94,6,105,127,43,80,55,90,29,15" hai2="33,93,35,98,103,36,108,9,12,19,53,76,25" hai3="104,59,54,7,14,88,52,81,79,123,62,47,84"/><V74/><F36/><W20/><G123/><T134/><D37/><U11/><E105/><V135/><F108/><W133/><G104/><T95/><D31/><U73/><E43/><V71/><F71/><W65/><G133/><T41/><D134/><U101/><E66/><V18/><F135/><W21/><G79/><T63/><D72/><U122/><E29/><V5/><F74/><W3/><G3/><T124/><D124/><U106/><E55/><N who="3" m="21034" /><G47/><T49/><D2/><U125/><E122/><V51/><F76/><W126/><G126/><T38/><D38/><U45/><E45/><V83/><F83/><W64/><G64/><T86/><D0/><U28/><E28/><V24/><F33/><W1/><G1/><T91/><D41/><U39/><E39/><V132/><F132/><W114/><G114/><T131/><D131/><U75/><E112/><V77/><F77/><W57/><G57/><T116/><D78/><N who="1" m="44111" /><E109/><V40/><F40/><W60/><G60/><T8/><D8/><AGARI ba="1,0" hai="7,8,14,20,21,59,62,65,81,84,88" m="21034" machi="8" ten="30,3900,0" yaku="8,1,54,2" doraHai="130" who="3" fromWho="0" sc="178,-42,444,0,62,0,316,42" /><INIT seed="7,0,0,1,3,74" ten="136,444,62,358" oya="3" hai0="35,94,6,48,51,75,76,116,120,87,45,111,125" hai1="98,4,46,121,13,23,21,0,33,61,100,57,130" hai2="82,91,128,108,131,43,11,2,118,103,44,97,49" hai3="52,115,117,114,110,73,10,83,25,14,22,41,79"/><W39/><G117/><T93/><D35/><U119/><E33/><V96/><F108/><W53/><G110/><T7/><D75/><U126/><E121/><V113/><F118/><W104/><G104/><T26/><D125/><U89/><E119/><V122/><F113/><N who="3" m="43019" /><G41/><T132/><D132/><U5/><E0/><V36/><F122/><W8/><G39/><T66/><D66/><U20/><E130/><V134/><F134/><W37/><G37/><T107/><D107/><U80/><E46/><V58/><F2/><W34/><G34/><T86/><D45/><U65/><E126/><V77/><F11/><N who="3" m="4139" /><G14/><T92/><D111/><U71/><E71/><V12/><F12/><W84/><G73/><T63/><D26/><U55/><E13/><V106/><F96/><W135/><G135/><T15/><D15/><U99/><E98/><V56/><F91/><W60/><G60/><T81/><D63/><U1/><E1/><V124/><F124/><W50/><G50/><T19/><D51/><U72/><E72/><V62/><F36/><W133/><G133/><T67/><D48/><U69/><E99/><V78/><F82/><W16/><AGARI ba="0,0" hai="16,22,25,52,53,79,83,84" m="4139,43019" machi="16" ten="30,11700,0" yaku="15,1,52,1,54,2" doraHai="74" who="3" fromWho="3" sc="136,-39,444,-39,62,-39,358,117" owari="97,-30.0,405,21.0,23,-48.0,475,57.0" /></mjloggm>