<mjloggm ver="2.3"><GO type="41" lobby="0"/><UN n0="%E3%81%AB%E3%82%83%E3%82%93%E3%81%B1%E3%81%99%EF%BD%9E%EF%BD%9E" n1="%E3%81%97%E3%82%85%E3%81%86%E3%82%88%E3%82%93" n2="%E2%93%9D%53%75%70%68%78" n3="%37%36%35%2D%37%32" dan="14,14,19,14" rate="1906.09,1866.66,2222.46,1848.41" sx="M,M,M,M"/><TAIKYOKU oya="0"/><INIT seed="0,0,0,5,2,73" ten="250,250,250,250" oya="0" hai0="126,8,56,86,69,18,68,116,51,27,49,103,7" hai1="39,128,101,74,24,46,57,31,85,95,80,29,135" hai2="20,121,83,47,45,17,2,77,21,75,16,62,132" hai3="0,88,107,79,84,61,127,35,104,111,3,10,122"/><T38/><D116/><U82/><E135/><V1/><F121/><W43/><G35/><T34/><D126/><U53/><E128/><V120/><F120/><W63/><G122/><T87/><D38/><U92/><E74/><V99/><F132/><W55/><G43/><T58/><D18/><U41/><E82/><V97/><F62/><W13/><G127/><T90/><D8/><U59/><E59/><N who="0" m="22569" /><D90/><U106/><E106/><V113/><F113/><W91/><G55/><T54/><D54/><U119/><E101/><V33/><F33/><W98/><G13/><T12/><D12/><U40/><E40/><V9/><F9/><W123/><G123/><T4/><D34/><U89/><E31/><V70/><F70/><N who="0" m="27242" /><D103/><U5/><E5/><N who="0" m="2121" /><D27/><U93/><E119/><V64/><F75/><W37/><G37/><T15/><D15/><U60/><E93/><V42/><F42/><W32/><G32/><AGARI ba="0,0" hai="24,29,32,39,41,46,53,57,60,80,85,89,92,95" machi="32" ten="30,1000,0" yaku="7,1" doraHai="73" who="1" fromWho="3" sc="250,0,250,10,250,0,250,-10" /><INIT seed="1,0,0,5,0,72" ten="250,260,250,240" oya="1" hai0="47,6,37,69,8,76,36,11,68,109,62,64,123" hai1="129,94,55,102,24,1,43,59,103,73,104,9,82" hai2="63,120,4,97,83,16,2,40,108,26,87,101,117" hai3="35,14,96,112,98,131,77,45,51,52,125,111,50"/><U78/><E129/><V100/><F117/><W95/><G112/><T118/><D118/><U84/><E43/><V29/><F120/><W89/><G35/><T67/><D47/><U107/><E24/><V20/><F108/><W66/><G125/><T74/><D74/><U12/><E1/><V33/><F40/><W57/><G111/><T105/><D109/><U58/><E58/><V38/><F38/><W71/><G71/><T133/><D62/><U130/><E130/><V106/><F101/><W49/><G131/><T119/><D119/><U39/><E39/><V81/><F87/><W22/><G98/><T93/><D93/><U115/><E115/><V122/><F122/><W134/><G134/><T0/><D6/><U124/><E124/><V99/><F99/><W110/><G110/><T7/><D7/><U15/><E15/><V41/><F41/><W75/><G75/><T132/><D0/><U23/><E23/><V31/><F31/><W70/><G70/><T17/><D17/><U34/><E34/><V127/><F63/><W21/><G21/><T18/><D18/><U65/><E65/><V28/><F28/><W27/><G14/><T19/><D19/><N who="1" m="8591" /><E94/><V113/><F127/><W53/><G66/><T79/><REACH who="0" step="1"/><D105/><REACH who="0" ten="240,260,250,240" step="2"/><U54/><E73/><V46/><F113/><W25/><G22/><T3/><D3/><U126/><E126/><V86/><F2/><W80/><G50/><T135/><D135/><U90/><E104/><V48/><F4/><W13/><G13/><T91/><D91/><U32/><E107/><V121/><F106/><W60/><G60/><RYUUKYOKU ba="0,1" sc="240,15,260,-15,250,-15,240,15" hai0="8,11,36,37,64,67,68,69,76,79,123,132,133" hai3="25,27,45,49,51,52,53,57,77,80,89,95,96" /><INIT seed="2,1,1,0,0,97" ten="255,245,235,255" oya="2" hai0="117,126,60,24,78,61,34,54,128,72,53,12,100" hai1="131,121,98,4,55,74,19,69,107,29,94,13,46" hai2="27,81,59,14,39,32,120,30,26,116,7,118,31" hai3="52,2,129,115,43,0,65,45,62,90,16,64,127"/><V66/><F39/><W130/><G127/><T38/><D126/><U57/><E74/><V93/><F81/><W99/><G115/><T101/><D128/><U28/><E121/><V1/><F66/><W11/><G64/><T33/><D12/><U92/><E107/><V75/><F59/><W76/><G76/><T10/><D10/><U5/><E94/><V85/><F75/><W105/><G43/><T56/><D56/><U47/><E69/><V89/><F120/><W73/><G73/><T35/><D72/><U20/><E47/><V88/><F14/><W68/><G90/><T21/><D78/><U36/><E36/><V49/><F49/><W6/><G0/><T111/><D21/><U51/><E46/><V103/><F103/><N who="0" m="39498" /><D24/><U91/><E131/><N who="3" m="50186" /><G99/><T134/><D38/><U83/><E83/><V106/><F106/><W23/><G105/><T63/><D111/><U96/><E98/><V48/><F89/><W77/><G77/><T58/><D58/><U133/><E133/><V102/><F102/><W44/><G52/><N who="0" m="20075" /><D134/><U95/><E95/><V119/><F119/><AGARI ba="1,1" hai="33,34,35,60,61,63,117,119" m="20075,39498" machi="119" ten="40,12000,2" yaku="28,2,52,3,54,1" doraHai="97" who="0" fromWho="2" sc="255,133,245,0,235,-123,255,0" /><INIT seed="3,0,0,4,4,17" ten="388,245,112,255" oya="3" hai0="85,9,132,74,34,51,129,31,3,113,75,127,70" hai1="97,99,24,123,89,71,57,98,14,25,43,78,69" hai2="79,23,133,117,105,64,58,49,101,62,41,135,130" hai3="95,103,114,26,19,15,125,55,35,131,50,6,100"/><W110/><G114/><T91/><D127/><U134/><E123/><V83/><F117/><W10/><G131/><T80/><D132/><U2/><E2/><V11/><F130/><W63/><G125/><T121/><D129/><U27/><E78/><V1/><F105/><W30/><G63/><T20/><D121/><U47/><E134/><V32/><F32/><W84/><G110/><T109/><D109/><U87/><E57/><V8/><F101/><W76/><G76/><T118/><D118/><U92/><REACH who="1" step="1"/><E14/><REACH who="1" ten="388,235,112,255" step="2"/><V102/><F1/><W37/><G37/><AGARI ba="0,1" hai="24,25,27,37,43,47,69,71,87,89,92,97,98,99" machi="37" ten="40,2600,0" yaku="1,1,2,1,53,0" doraHai="17" doraHaiUra="72" who="1" fromWho="3" sc="388,0,235,36,112,0,255,-26" /><INIT seed="4,0,0,0,0,87" ten="388,271,112,229" oya="0" hai0="70,16,106,1,22,73,104,107,33,51,56,125,96" hai1="10,42,120,44,134,60,130,116,118,119,61,63,98" hai2="132,117,74,68,100,11,57,97,66,94,121,92,78" hai3="95,35,77,85,103,38,69,27,99,13,82,81,76"/><T37/><D125/><U12/><E120/><V109/><F68/><W43/><G69/><T4/><D70/><U41/><E130/><V102/><F11/><W53/><G38/><T64/><D33/><U7/><E134/><V108/><F57/><W25/><G43/><T19/><D37/><U75/><E75/><V58/><F58/><W101/><G35/><T135/><D135/><U89/><E44/><V67/><F132/><W55/><G13/><T26/><D73/><U111/><E111/><V52/><F74/><W122/><G122/><T90/><D1/><U45/><E45/><V50/><F121/><W65/><G65/><T5/><D19/><U34/><E34/><V9/><F9/><W62/><G62/><T80/><D51/><U86/><REACH who="1" step="1"/><E98/><REACH who="1" ten="388,261,112,229" step="2"/><V105/><F97/><W14/><G99/><T126/><D96/><U59/><E59/><V24/><F109/><W36/><G103/><T20/><D56/><U71/><E71/><V72/><F72/><W114/><G101/><T133/><D133/><U84/><E84/><V88/><F108/><W17/><G85/><T127/><D126/><U115/><E115/><V83/><F102/><W39/><G114/><T3/><D127/><U128/><E128/><V18/><F100/><W129/><G129/><T8/><D107/><U28/><E28/><V6/><F105/><W40/><G39/><T48/><D106/><U54/><E54/><V32/><F52/><W21/><G53/><T30/><D104/><U93/><AGARI ba="0,1" hai="7,10,12,41,42,60,61,63,86,89,93,116,118,119" machi="93" ten="40,5200,0" yaku="1,1,0,1,52,1,53,0" doraHai="87" doraHaiUra="46" who="1" fromWho="1" sc="388,-26,261,62,112,-13,229,-13" /><INIT seed="5,0,0,1,5,37" ten="362,323,99,216" oya="1" hai0="62,64,100,84,116,94,98,80,16,40,50,30,109" hai1="23,102,69,71,132,31,56,39,12,33,87,53,21" hai2="24,8,42,25,103,6,92,45,114,52,10,81,110" hai3="75,125,106,9,55,113,1,72,104,101,96,38,63"/><U93/><E39/><V11/><F110/><W60/><G125/><T5/><D109/><U4/><E33/><V48/><F114/><W68/><G113/><T97/><D116/><U83/><E71/><V99/><F6/><W73/><G63/><T28/><D5/><U14/><E69/><V46/><REACH who="2" step="1"/><F81/><REACH who="2" ten="362,323,89,216" step="2"/><W57/><G1/><T26/><D80/><U111/><E111/><V122/><F122/><W22/><G68/><T90/><D94/><U119/><E4/><V29/><F29/><W123/><G106/><T95/><D95/><U43/><E31/><V78/><F78/><W59/><G123/><T27/><D28/><U18/><E93/><V133/><F133/><W66/><G104/><T34/><D30/><U19/><E132/><V128/><F128/><W7/><G7/><T131/><D131/><U134/><E134/><V67/><F67/><W127/><G66/><T117/><D64/><U17/><E83/><V44/><F44/><W82/><G82/><T70/><D117/><U86/><E119/><V130/><F130/><W65/><G65/><T54/><D16/><U85/><E18/><V3/><F3/><W47/><G72/><T105/><D105/><U91/><E19/><V112/><F112/><W49/><G73/><T88/><D34/><U32/><E32/><V74/><F74/><W108/><G75/><T126/><D126/><U15/><E17/><V36/><AGARI ba="0,1" hai="8,10,11,24,25,36,42,45,46,48,52,92,99,103" machi="36" ten="30,8000,1" yaku="1,1,0,1,52,1,54,1,53,1" doraHai="37" doraHaiUra="51" who="2" fromWho="2" sc="362,-20,323,-40,89,90,216,-20" /><INIT seed="6,0,0,5,1,117" ten="342,283,179,196" oya="2" hai0="107,92,89,63,119,132,95,24,9,110,35,72,91" hai1="90,40,98,32,28,83,130,48,36,1,121,39,94" hai2="122,84,70,11,18,76,49,41,123,113,115,87,124" hai3="133,37,5,82,30,97,126,55,51,118,131,108,47"/><V79/><F70/><W46/><G118/><T128/><D110/><U114/><E1/><V69/><F69/><W103/><G108/><T102/><D119/><U25/><E114/><N who="2" m="43531" /><F124/><W127/><G131/><T14/><D132/><U26/><E130/><V111/><F111/><W81/><G133/><T6/><D72/><U125/><E125/><N who="3" m="47626" /><G5/><T7/><D63/><U129/><E129/><V74/><F41/><N who="3" m="22831" /><G30/><T20/><D6/><U2/><E40/><V67/><F67/><W65/><G65/><T93/><D7/><U80/><E39/><V106/><F106/><AGARI ba="0,0" hai="47,51,55,81,82,97,103,106" m="22831,47626" machi="106" ten="30,1000,0" yaku="18,1" doraHai="117" who="3" fromWho="2" sc="342,0,283,0,179,-10,196,10" /><INIT seed="7,0,0,5,3,68" ten="342,283,169,206" oya="3" hai0="6,105,7,60,109,92,50,99,46,53,45,123,115" hai1="110,97,124,135,24,40,116,58,80,112,69,64,14" hai2="44,90,36,82,83,88,34,65,93,119,33,37,94" hai3="38,86,133,122,51,31,18,12,25,41,104,49,17"/><W5/><G133/><T1/><D109/><U15/><E110/><V89/><F44/><W121/><G104/><T55/><D105/><U98/><E69/><V96/><F65/><W81/><G5/><N who="0" m="1547" /><D1/><U57/><E135/><V70/><F70/><W71/><G71/><T95/><D123/><U114/><E80/><N who="2" m="30763" /><F96/><W4/><G38/><N who="2" m="14953" /><F119/><W103/><G103/><T21/><D99/><U63/><E64/><V125/><F125/><W126/><G126/><T11/><D46/><U73/><E124/><V48/><F48/><N who="3" m="18507" /><G41/><T32/><D50/><U43/><E63/><V118/><F118/><W85/><G122/><T54/><D60/><U87/><E116/><V26/><F26/><W106/><G106/><T66/><D45/><U35/><E24/><V120/><F120/><W22/><G121/><T29/><D66/><U42/><E42/><V127/><F127/><W23/><G4/><T28/><D54/><U128/><E98/><V134/><F134/><W67/><G67/><T132/><D53/><U56/><E97/><V91/><N who="2" m="23040" /><DORA hai="78" /><V72/><F72/><W101/><G101/><T39/><D55/><U3/><E73/><V76/><F76/><N who="3" m="46247" /><G86/><T27/><D39/><U74/><E87/><V2/><F2/><W59/><G18/><T30/><D132/><U9/><E74/><V130/><F130/><W13/><G17/><T79/><D27/><U61/><E128/><V117/><F117/><W77/><G77/><T107/><D79/><U102/><E102/><V75/><F75/><W8/><G25/><T111/><D107/><U62/><E3/><V19/><F19/><RYUUKYOKU ba="0,0" sc="342,-10,283,-10,169,30,206,-10" hai2="33,34,93,94" owari="332,43.0,273,7.0,199,-20.0,196,-30.0" /></mjloggm>