<mjloggm ver="2.3"><GO type="41" lobby="0"/><UN n0="%E3%83%A1%E3%82%A4%E3%83%89%E5%A4%A9%E4%BD%BF%E9%95%B7" n1="%4D%63%51%75%65%65%6E" n2="%6B%61%31%30%73" n3="%E2%93%9D%53%75%70%68%78" dan="14,13,15,18" rate="1837.90,2039.98,1997.66,2122.48" sx="M,M,M,M"/><TAIKYOKU oya="0"/><INIT seed="0,0,0,5,0,124" ten="250,250,250,250" oya="0" hai0="116,104,112,99,58,115,85,93,87,69,90,121,49" hai1="8,42,91,132,119,33,48,70,54,123,23,18,51" hai2="11,57,56,29,71,0,101,79,105,43,47,25,73" hai3="64,59,65,120,27,31,89,78,68,63,15,17,28"/><T135/><D69/><U80/><E70/><V3/><F71/><W106/><G106/><T129/><D121/><U92/><E33/><V24/><F105/><W111/><G111/><T46/><D116/><U16/><E119/><V103/><F73/><W67/><G78/><T110/><D58/><U41/><E132/><V2/><F79/><W13/><G120/><T6/><D6/><U125/><E125/><V50/><F11/><W14/><G68/><T122/><D122/><U66/><E66/><V12/><F12/><W84/><G17/><T9/><D9/><U81/><E123/><V126/><F126/><W131/><G131/><T77/><D129/><U10/><E23/><V107/><F25/><W36/><G36/><T76/><D135/><U117/><E117/><V98/><REACH who="2" step="1"/><F103/><REACH who="2" ten="250,250,240,250" step="2"/><W61/><G27/><T86/><D104/><U32/><E8/><V26/><F26/><W97/><G97/><T37/><D110/><U60/><E32/><AGARI ba="0,1" hai="0,2,3,24,29,32,43,47,50,56,57,98,101,107" machi="32" ten="40,1300,0" yaku="1,1,53,0" doraHai="124" doraHaiUra="108" who="2" fromWho="1" sc="250,0,250,-13,240,23,250,0" /><INIT seed="1,0,0,5,3,99" ten="250,237,263,250" oya="1" hai0="16,117,28,122,41,61,132,124,7,125,55,89,36" hai1="8,127,106,47,135,94,74,67,58,59,48,72,100" hai2="64,114,15,30,105,82,70,60,49,19,111,40,76" hai3="52,123,85,5,1,63,116,90,112,97,62,39,56"/><U129/><E106/><V46/><F105/><W25/><G123/><T13/><D117/><U20/><E127/><N who="0" m="48713" /><D28/><U53/><E129/><V68/><F114/><W81/><G39/><T18/><D132/><U73/><E135/><V65/><F111/><W87/><G112/><T44/><D89/><U2/><E20/><V75/><F30/><W12/><G1/><T45/><D122/><U118/><E118/><V83/><F83/><W10/><G116/><T128/><D128/><U96/><REACH who="1" step="1"/><E67/><REACH who="1" ten="250,227,263,250" step="2"/><V110/><F65/><W31/><G31/><T34/><D34/><U109/><E109/><V80/><F110/><W91/><G25/><T29/><D29/><U11/><E11/><V35/><F35/><W50/><REACH who="3" step="1"/><G97/><REACH who="3" ten="250,227,263,240" step="2"/><T92/><D13/><U78/><E78/><V22/><F76/><W6/><G6/><AGARI ba="0,2" hai="2,6,8,47,48,53,58,59,72,73,74,94,96,100" machi="6" ten="40,3900,0" yaku="1,1,52,1,53,0" doraHai="99" doraHaiUra="119" who="1" fromWho="3" sc="250,0,227,59,263,0,240,-39" /><INIT seed="1,1,0,3,2,115" ten="250,286,263,201" oya="1" hai0="125,71,101,72,39,28,116,16,10,73,23,26,96" hai1="43,13,56,53,79,85,62,8,104,19,90,88,68" hai2="67,114,134,113,31,89,63,87,44,130,21,82,81" hai3="106,59,135,118,15,30,29,111,42,64,102,12,57"/><U127/><E104/><V1/><F1/><W122/><G106/><T17/><D71/><U103/><E103/><V133/><F44/><W5/><G102/><T112/><D39/><U98/><E127/><V69/><F130/><W97/><G97/><T49/><D112/><N who="2" m="43114" /><F82/><W108/><G64/><T9/><D49/><U120/><E120/><V50/><F50/><W86/><G86/><T80/><D125/><U18/><E43/><V36/><F36/><W94/><G94/><T7/><D73/><U99/><E68/><V105/><F105/><W51/><G51/><T27/><D72/><U84/><E19/><V60/><F60/><W47/><G5/><T0/><D80/><N who="1" m="47135" /><E90/><V35/><F35/><W25/><G122/><T22/><D96/><U55/><E55/><V66/><F66/><W24/><G42/><T70/><D70/><U46/><E46/><V40/><F40/><W58/><G47/><T33/><D101/><U77/><E77/><V37/><F37/><W76/><G76/><T2/><D116/><U38/><E38/><V41/><F41/><W100/><G100/><T132/><D132/><U124/><E124/><V121/><F121/><W14/><G118/><T131/><D131/><U4/><E4/><V3/><F3/><N who="0" m="1066" /><D7/><U123/><E123/><V52/><F52/><W109/><G135/><T20/><D33/><U34/><E34/><V65/><F65/><W128/><G128/><T74/><D74/><U11/><E11/><V107/><F107/><W92/><G92/><AGARI ba="1,0" hai="8,13,18,53,56,62,85,88,92,98,99" m="47135" machi="92" ten="30,2900,0" yaku="8,1,54,1" doraHai="115" who="1" fromWho="3" sc="250,0,286,32,263,0,201,-32" /><INIT seed="1,2,0,0,1,56" ten="250,318,263,169" oya="1" hai0="34,35,31,119,41,25,64,49,76,132,83,50,102" hai1="135,43,51,38,55,17,92,73,85,105,53,112,7" hai2="91,57,47,129,98,4,66,79,77,127,18,90,1" hai3="94,125,39,68,40,63,89,74,15,69,78,126,113"/><U10/><E73/><V75/><F75/><W62/><G113/><T3/><D119/><U81/><E105/><V14/><F129/><W0/><G0/><T59/><D3/><U46/><E112/><V72/><F127/><N who="3" m="48651" /><G40/><T87/><D102/><U42/><E135/><V65/><F72/><W33/><G39/><T54/><D35/><U115/><E115/><V2/><F4/><W27/><G15/><T88/><D132/><U20/><E92/><V104/><F104/><W124/><N who="3" m="48659" /><W30/><DORA hai="9" /><G78/><T133/><D133/><U44/><E10/><V116/><F116/><W8/><G8/><T61/><D41/><U103/><E7/><V109/><F109/><W16/><G16/><T95/><REACH who="0" step="1"/><D64/><REACH who="0" ten="240,318,263,169" step="2"/><U37/><E103/><V121/><F66/><W58/><G74/><AGARI ba="2,1" hai="25,31,34,49,50,54,59,61,74,76,83,87,88,95" machi="74" ten="30,12000,2" yaku="1,1,2,1,7,1,52,1,54,1,53,1" doraHai="56,9" doraHaiUra="67,26" who="0" fromWho="3" sc="240,136,318,0,263,0,169,-126" /><INIT seed="2,0,0,2,2,57" ten="376,318,263,43" oya="2" hai0="106,84,118,94,93,86,4,88,81,51,44,102,27" hai1="52,0,122,98,63,117,115,111,48,32,124,90,46" hai2="14,71,33,87,76,67,83,11,92,42,26,105,119" hai3="56,20,22,2,109,35,50,5,114,19,66,45,64"/><V18/><F119/><W96/><G35/><T77/><D4/><U40/><E0/><V95/><F105/><W101/><G109/><T60/><D27/><U73/><E32/><V134/><F134/><W12/><G114/><T23/><D106/><U99/><E73/><V36/><F36/><W24/><G2/><T29/><D29/><U127/><E115/><V91/><F42/><W100/><G5/><T59/><D23/><U17/><E117/><V131/><F131/><W54/><G96/><T113/><D113/><U130/><E111/><V61/><REACH who="2" step="1"/><F76/><REACH who="2" ten="376,318,253,43" step="2"/><W72/><G72/><T112/><D118/><U3/><E130/><V70/><F70/><W55/><G101/><T107/><D102/><U6/><E122/><V104/><F104/><W28/><REACH who="3" step="1"/><G100/><REACH who="3" ten="376,318,253,33" step="2"/><T103/><D103/><U69/><E124/><V68/><F68/><W128/><G128/><T43/><D107/><U65/><E127/><V121/><F121/><W30/><G30/><AGARI ba="0,2" hai="11,14,18,26,30,33,61,67,71,83,87,91,92,95" machi="30" ten="40,3900,0" yaku="1,1,52,1,53,0" doraHai="57" doraHaiUra="39" who="2" fromWho="3" sc="376,0,318,0,253,59,33,-39" owari="376,48.0,318,12.0,312,-9.0,-6,-51.0" /></mjloggm>