<mjloggm ver="2.3"><GO type="41" lobby="0"/><UN n0="%6B%61%73%68%69%61" n1="%E9%9B%A8%E3%81%A0%E3%82%8C%E3%81%AE%E6%AD%8C" n2="%52%59%55" n3="%E2%93%9D%53%75%70%68%78" dan="15,15,14,19" rate="1988.91,2035.78,1844.77,2233.29" sx="M,F,M,M"/><TAIKYOKU oya="0"/><INIT seed="0,0,0,5,1,16" ten="250,250,250,250" oya="0" hai0="71,91,55,115,86,32,21,100,51,83,109,35,111" hai1="124,49,29,103,129,96,52,53,128,69,27,5,112" hai2="1,7,108,114,28,110,10,70,66,57,45,2,130" hai3="47,98,60,18,6,131,0,122,78,58,9,62,64"/><T12/><D115/><U17/><E69/><V59/><F114/><W133/><G133/><T11/><D71/><U13/><E112/><V73/><F1/><W84/><G131/><N who="1" m="50250" /><E5/><V30/><F130/><W134/><G134/><T121/><D100/><U106/><E49/><V39/><F73/><W36/><G62/><T105/><D105/><U67/><E67/><V14/><F2/><W63/><G63/><T102/><D102/><U120/><E124/><V99/><F99/><W104/><G122/><T135/><D135/><U38/><E38/><V82/><F82/><W40/><G98/><T31/><D121/><U77/><E77/><V79/><F79/><W23/><G104/><T41/><D41/><U101/><E101/><V117/><F117/><W8/><G6/><T22/><D31/><U25/><E120/><V132/><F132/><W125/><G0/><T24/><D24/><N who="1" m="9291" /><E29/><N who="2" m="11371" /><F70/><W113/><G125/><T15/><D32/><U94/><E106/><V85/><F85/><W127/><G113/><T20/><D35/><U50/><E50/><V126/><F66/><W54/><G64/><T119/><D119/><U61/><E61/><V107/><F107/><W43/><G127/><T90/><D90/><U46/><E46/><V87/><F87/><W81/><REACH who="3" step="1"/><G43/><REACH who="3" ten="250,250,250,240" step="2"/><T72/><D72/><U93/><E93/><V44/><F126/><W37/><G37/><T74/><D74/><U26/><E94/><V118/><F39/><W88/><G88/><T68/><D68/><U76/><E96/><V95/><F95/><W34/><G34/><T116/><D116/><U33/><E33/><RYUUKYOKU ba="0,1" sc="250,-10,250,-10,250,-10,240,30" hai3="8,9,18,23,36,40,47,54,58,60,78,81,84" /><INIT seed="1,1,1,3,4,97" ten="240,240,240,270" oya="1" hai0="18,37,64,91,36,72,75,31,133,94,67,118,74" hai1="121,15,113,65,124,87,83,35,42,46,48,80,17" hai2="47,96,120,89,16,68,92,30,123,70,127,13,102" hai3="25,99,3,38,76,43,40,104,45,63,33,130,134"/><U34/><E113/><V54/><F127/><W115/><G115/><T122/><D118/><U66/><E121/><V117/><F117/><W62/><G3/><T85/><D122/><U78/><E124/><V4/><F4/><W19/><G76/><T71/><D31/><U73/><E35/><V1/><F1/><W61/><G43/><T126/><D126/><U7/><E34/><V69/><F30/><W107/><G130/><T58/><D71/><U93/><E93/><V110/><F110/><W27/><G134/><T24/><D133/><U20/><REACH who="1" step="1"/><E7/><REACH who="1" ten="240,230,240,270" step="2"/><V60/><F123/><W119/><G119/><T0/><D94/><U108/><E108/><V128/><F120/><W39/><G33/><T29/><D75/><U50/><E50/><V53/><F128/><W21/><G39/><T106/><D74/><U11/><E11/><V55/><F60/><W90/><G107/><T2/><D106/><U28/><E28/><V131/><F131/><W112/><G112/><T14/><D72/><U101/><E101/><V84/><F47/><W111/><G111/><T132/><D36/><U23/><E23/><V86/><REACH who="2" step="1"/><F89/><AGARI ba="1,2" hai="15,17,20,42,46,48,65,66,73,78,80,83,87,89" machi="89" ten="30,2900,0" yaku="1,1,7,1,53,0" doraHai="97" doraHaiUra="52" who="1" fromWho="2" sc="240,0,230,52,240,-32,270,0" /><INIT seed="1,2,0,1,2,131" ten="240,282,208,270" oya="1" hai0="100,30,33,46,95,86,117,42,77,19,71,14,20" hai1="118,3,17,87,41,107,135,5,27,73,36,101,59" hai2="11,91,79,15,90,78,89,4,93,94,106,75,114" hai3="88,113,38,16,60,103,124,52,70,1,123,39,98"/><U9/><E118/><V23/><F114/><W58/><G113/><T49/><D71/><U35/><E87/><V34/><F34/><W62/><G1/><T7/><D117/><U130/><E130/><V129/><F129/><W119/><G123/><T122/><D122/><U45/><E59/><V8/><F106/><W26/><G119/><T96/><D33/><U109/><E17/><V63/><F75/><W111/><G124/><T6/><REACH who="0" step="1"/><D30/><REACH who="0" ten="230,282,208,270" step="2"/><N who="1" m="19935" /><E109/><V99/><F11/><W24/><G111/><T22/><D22/><U10/><E9/><V43/><F23/><N who="3" m="13415" /><G70/><T64/><D64/><U120/><E120/><V85/><F43/><W133/><G52/><T54/><D54/><U102/><E73/><V37/><F37/><W21/><G39/><T31/><D31/><U105/><E101/><V61/><F63/><W47/><G62/><T44/><D44/><U2/><E102/><V48/><F61/><W128/><G128/><T40/><D40/><U125/><E125/><V83/><REACH who="2" step="1"/><F48/><REACH who="2" ten="230,282,198,270" step="2"/><W97/><G38/><T92/><D92/><U65/><E107/><V55/><F55/><W80/><G60/><T108/><D108/><U84/><E105/><V126/><F126/><W67/><G21/><T51/><D51/><U134/><E65/><V68/><F68/><W112/><G67/><T72/><D72/><U57/><E41/><V50/><F50/><W56/><G112/><T81/><AGARI ba="2,2" hai="6,7,14,19,20,42,46,49,77,81,86,95,96,100" machi="81" ten="30,4000,0" yaku="1,1,0,1,8,1,53,0" doraHai="131" doraHaiUra="66" who="0" fromWho="0" sc="230,66,282,-22,198,-12,270,-12" /><INIT seed="2,0,0,5,4,45" ten="296,260,186,258" oya="2" hai0="118,58,76,9,64,126,101,44,20,123,129,125,16" hai1="39,19,83,61,131,48,134,15,79,60,37,93,49" hai2="66,31,51,6,133,59,55,18,22,87,116,70,28" hai3="4,14,115,71,11,130,120,1,91,21,111,5,2"/><V26/><F116/><W109/><G71/><T74/><D123/><U30/><E131/><V86/><F133/><W77/><G77/><T104/><D129/><U127/><E134/><V0/><F0/><N who="3" m="107" /><G91/><T24/><D118/><U97/><E30/><V92/><F6/><N who="3" m="3447" /><G130/><T96/><D9/><U68/><E39/><V98/><F70/><W69/><G69/><T67/><D67/><U114/><E37/><V84/><REACH who="2" step="1"/><F66/><REACH who="2" ten="296,260,176,258" step="2"/><W10/><G120/><T85/><D64/><U128/><E68/><V40/><F40/><W99/><G115/><T50/><D126/><U25/><E114/><V106/><F106/><W17/><G5/><T117/><D125/><U100/><E127/><V110/><F110/><W3/><G99/><T42/><D117/><U81/><E128/><V108/><F108/><W46/><G46/><T72/><D58/><U34/><E97/><V47/><F47/><W95/><G95/><T43/><D43/><U80/><E93/><V7/><F7/><W90/><G111/><T107/><D104/><U33/><E80/><V12/><F12/><N who="3" m="9383" /><G109/><T78/><D107/><U88/><E81/><V54/><F54/><W102/><G4/><T75/><D96/><U124/><E83/><V82/><F82/><W89/><G3/><T94/><D44/><U119/><E124/><V113/><F113/><W35/><G10/><T38/><D42/><U29/><E119/><V135/><F135/><W56/><G56/><T23/><D74/><U8/><E8/><V53/><F53/><W36/><G36/><T63/><D38/><U32/><E79/><N who="0" m="30249" /><D72/><U27/><E15/><RYUUKYOKU ba="0,1" sc="296,-10,260,-10,176,30,258,-10" hai2="18,22,26,28,31,51,55,59,84,86,87,92,98" /><INIT seed="2,1,1,5,1,3" ten="286,250,206,248" oya="2" hai0="98,92,25,117,94,49,134,106,60,16,72,61,86" hai1="39,127,123,114,57,67,47,46,124,76,102,10,96" hai2="8,18,29,90,17,34,5,101,33,116,55,79,87" hai3="68,100,64,99,26,48,118,19,130,9,111,30,105"/><V128/><F116/><W104/><G118/><T12/><D72/><U97/><E114/><V110/><F79/><W75/><G75/><T41/><D134/><U35/><E76/><V32/><F128/><W78/><G78/><T59/><D106/><U45/><E39/><V27/><F101/><W53/><G111/><T91/><D117/><U23/><E35/><V121/><F121/><W133/><G105/><T93/><D25/><U85/><E23/><V88/><F90/><W135/><G130/><T63/><D98/><U113/><E113/><V83/><F110/><W28/><G64/><T132/><D132/><N who="3" m="50761" /><G68/><T131/><D131/><U22/><E22/><V66/><F66/><W107/><G107/><T56/><D41/><U103/><E85/><V36/><F36/><W44/><G26/><T2/><D2/><U51/><E123/><V4/><F55/><W84/><G84/><T38/><D38/><U50/><E10/><V65/><F65/><W120/><G120/><T62/><N who="0" m="15360" /><DORA hai="115" /><T15/><D15/><AGARI ba="1,1" hai="9,15,19,28,30,44,48,53,99,100,104" m="50761" machi="15" ten="30,1000,0" yaku="20,1" doraHai="3,115" who="3" fromWho="0" sc="286,-13,250,0,206,0,248,23" /><INIT seed="3,0,0,5,1,94" ten="273,250,206,271" oya="3" hai0="78,19,80,44,72,70,106,119,16,21,81,17,50" hai1="22,104,32,63,18,85,91,4,20,48,102,113,10" hai2="1,33,135,23,56,92,101,82,133,77,131,58,66" hai3="98,30,49,51,111,86,41,6,52,2,74,43,118"/><W67/><BYE who="1" /><G74/><T7/><D106/><U97/><E97/><V29/><F33/><W128/><G118/><T65/><D119/><U37/><E37/><V13/><F1/><W112/><G112/><T62/><D7/><U100/><E100/><V47/><F131/><W117/><G117/><T26/><REACH who="0" step="1"/><D81/><REACH who="0" ten="263,250,206,271" step="2"/><U127/><E127/><V12/><F135/><W27/><G6/><T89/><D89/><U88/><E88/><V0/><F133/><W36/><G128/><T5/><D5/><U60/><E60/><V110/><F82/><W15/><G2/><T108/><D108/><U71/><E71/><V96/><F110/><W53/><G111/><T99/><D99/><U45/><E45/><V130/><F0/><UN n1="%E9%9B%A8%E3%81%A0%E3%82%8C%E3%81%AE%E6%AD%8C" /><W59/><G98/><T123/><D123/><U114/><E104/><V129/><F130/><W76/><G76/><T75/><D75/><U3/><E91/><V69/><F77/><W107/><G107/><T126/><D126/><U122/><E3/><V116/><F116/><W95/><G95/><T134/><D134/><U64/><E4/><V25/><F129/><W83/><G83/><T42/><AGARI ba="0,1" hai="16,17,19,21,26,42,44,50,62,65,70,72,78,80" machi="42" ten="20,5200,0" yaku="1,1,0,1,7,1,54,1,53,0" doraHai="94" doraHaiUra="132" who="0" fromWho="0" sc="263,62,250,-13,206,-13,271,-26" /><INIT seed="4,0,0,2,2,12" ten="325,237,193,245" oya="0" hai0="52,99,23,19,84,63,106,80,4,88,94,28,49" hai1="113,25,107,45,54,126,89,128,15,81,127,105,32" hai2="75,117,95,86,104,53,58,3,50,102,112,41,38" hai3="16,100,98,35,72,17,79,33,85,40,70,64,73"/><T61/><D106/><U10/><E128/><V43/><F75/><W90/><G40/><T65/><D4/><U59/><E45/><V93/><F3/><W96/><G64/><T11/><D11/><U55/><E113/><V30/><F112/><W20/><G70/><T109/><D28/><U92/><E81/><V9/><F104/><W125/><G125/><N who="1" m="47626" /><E25/><V51/><F38/><W122/><G20/><T0/><D0/><U135/><E32/><V97/><F30/><W71/><G71/><T46/><D65/><U7/><E54/><V24/><F24/><W133/><G79/><N who="0" m="46111" /><D109/><U18/><E7/><V31/><F31/><W69/><G69/><T21/><D21/><U44/><E44/><V130/><F130/><W119/><G35/><T27/><AGARI ba="0,0" hai="19,23,27,46,49,52,61,63,88,94,99" m="46111" machi="27" ten="30,11700,0" yaku="8,1,52,1,54,2" doraHai="12" who="0" fromWho="0" sc="325,117,237,-39,193,-39,245,-39" /><INIT seed="4,1,0,4,1,13" ten="442,198,154,206" oya="0" hai0="42,94,58,103,5,49,6,109,33,32,81,53,17" hai1="129,4,7,52,121,74,69,135,66,119,105,18,77" hai2="131,2,9,64,39,23,26,55,40,76,8,96,44" hai3="68,1,111,36,22,54,83,122,16,115,30,120,11"/><T116/><D116/><U127/><E119/><V31/><F131/><W91/><G68/><T99/><D81/><U63/><E121/><N who="3" m="46698" /><G36/><T15/><D109/><U101/><E129/><V29/><F64/><W88/><G111/><T106/><D106/><U134/><E127/><V20/><F76/><W51/><G30/><T27/><D42/><U24/><E77/><V97/><F55/><W28/><G28/><T93/><D27/><U79/><E79/><V41/><F26/><N who="3" m="14663" /><G115/><T56/><D56/><U107/><E107/><V12/><BYE who="1" /><F12/><W130/><G83/><T71/><D71/><U25/><E25/><V98/><F97/><UN n1="%E9%9B%A8%E3%81%A0%E3%82%8C%E3%81%AE%E6%AD%8C" /><W14/><G1/><T132/><D132/><N who="1" m="50731" /><E74/><V19/><F44/><N who="3" m="28007" /><G130/><T50/><D50/><U85/><E85/><V118/><F118/><W113/><G113/><T60/><D49/><U133/><E52/><V47/><F47/><W100/><G100/><T89/><D32/><U112/><E112/><V38/><F2/><W108/><G108/><T10/><D33/><U124/><E133/><V95/><F95/><W65/><G65/><T21/><D10/><U110/><E110/><V90/><F90/><W84/><G84/><AGARI ba="1,0" hai="5,6,15,17,21,53,58,60,84,89,93,94,99,103" machi="84" ten="30,5800,0" yaku="7,1,8,1,52,1" doraHai="13" who="0" fromWho="3" sc="442,61,198,0,154,0,206,-61" /><INIT seed="4,2,0,1,1,5" ten="503,198,154,145" oya="0" hai0="9,120,96,135,119,62,16,122,36,128,32,24,29" hai1="59,61,97,104,0,106,28,21,91,123,110,81,2" hai2="83,90,105,13,75,33,50,130,70,34,22,67,73" hai3="53,125,31,126,8,86,89,116,68,4,127,95,101"/><T48/><D119/><U69/><E110/><V47/><F130/><W54/><G116/><T131/><D36/><U98/><E123/><N who="0" m="47145" /><D48/><U45/><E69/><V12/><F105/><W43/><G68/><T124/><D62/><U74/><E104/><V79/><F75/><W56/><G31/><T76/><D76/><U1/><E45/><V118/><F118/><W112/><G112/><T15/><D96/><U85/><E74/><V129/><F129/><N who="0" m="49738" /><D124/><U134/><E106/><V46/><F47/><W72/><G72/><T65/><D65/><U66/><E98/><V51/><F50/><W99/><G43/><T84/><D84/><U133/><E97/><V38/><F38/><W109/><G109/><T27/><D27/><U132/><E28/><V7/><F67/><W39/><G39/><T63/><D63/><U14/><E14/><V60/><F60/><W55/><G56/><T88/><D88/><U25/><E25/><V121/><F70/><W71/><G71/><T64/><D64/><U35/><E66/><V108/><F90/><W107/><REACH who="3" step="1"/><G55/><REACH who="3" ten="503,198,154,135" step="2"/><T10/><D135/><U40/><E132/><V30/><F121/><W37/><G37/><T52/><D52/><U102/><E133/><V100/><F108/><W93/><G93/><T23/><AGARI ba="2,1" hai="9,10,15,16,23,24,29,32" m="49738,47145" machi="23" ten="30,18000,2" yaku="19,1,34,2,52,2,54,1" doraHai="5" who="0" fromWho="0" sc="503,196,198,-62,154,-62,135,-62" /><INIT seed="4,3,0,2,2,88" ten="699,136,92,73" oya="0" hai0="133,0,37,23,7,124,117,79,103,36,17,96,34" hai1="135,39,83,91,108,41,2,64,121,87,53,67,69" hai2="26,93,109,32,56,16,8,122,63,68,60,100,18" hai3="55,15,89,129,61,120,106,114,25,35,70,46,132"/><T20/><D117/><U38/><E121/><V28/><F109/><W116/><G116/><T40/><D34/><U113/><E108/><V33/><F32/><W130/><G106/><T97/><D79/><U65/><E2/><V19/><F122/><W99/><G15/><T5/><D103/><U51/><E135/><V12/><F68/><W59/><G114/><T82/><D82/><U101/><E101/><V74/><F74/><W110/><G110/><T27/><D133/><U126/><E126/><V84/><F84/><W102/><G70/><T6/><D6/><U78/><E113/><V42/><F42/><W98/><G46/><T73/><D40/><U11/><E11/><V105/><F105/><W21/><G35/><T50/><D50/><U112/><E112/><V58/><F56/><W57/><G57/><T111/><D17/><U80/><E41/><V128/><F128/><W107/><G120/><T44/><D44/><U14/><E14/><V81/><F81/><W66/><G66/><T85/><D85/><U31/><E31/><V48/><F48/><W43/><G43/><T45/><D45/><U76/><E69/><V13/><F58/><W49/><G49/><T71/><D0/><U86/><E91/><V24/><F26/><W47/><G47/><AGARI ba="3,0" hai="38,39,47,51,53,64,65,67,76,78,80,83,86,87" machi="47" ten="40,1300,0" yaku="9,1" doraHai="88" who="1" fromWho="3" sc="699,0,136,22,92,0,73,-22" /><INIT seed="5,0,0,1,5,34" ten="699,158,92,51" oya="1" hai0="104,91,71,80,133,119,72,15,20,64,118,108,134" hai1="122,106,96,81,26,47,25,83,58,67,127,22,97" hai2="117,38,9,101,56,63,87,28,6,68,4,75,44" hai3="129,65,82,36,74,55,103,113,100,95,37,35,105"/><U39/><E122/><V69/><F75/><W57/><G35/><T89/><D104/><U126/><E39/><V10/><F117/><W131/><G65/><T94/><D108/><U50/><E67/><V23/><F101/><W128/><G113/><T27/><D15/><U78/><E58/><V102/><F102/><N who="3" m="38955" /><G95/><T18/><D64/><U42/><E106/><V45/><F87/><W98/><G98/><T77/><D89/><U49/><E22/><V19/><F28/><W0/><G105/><T115/><D71/><U125/><E50/><V61/><F56/><W46/><G46/><T92/><D92/><U7/><E7/><V48/><F48/><N who="3" m="30951" /><G0/><T3/><D3/><U33/><E33/><V111/><F111/><W85/><G74/><T41/><D41/><U14/><E14/><V53/><F53/><W12/><G12/><T109/><D109/><U90/><E78/><AGARI ba="0,0" hai="36,37,78,82,85,128,129,131" m="30951,38955" machi="78" ten="30,1000,0" yaku="19,1" doraHai="34" who="3" fromWho="1" sc="699,0,158,-10,92,0,51,10" /><INIT seed="6,0,0,3,4,126" ten="699,148,92,61" oya="2" hai0="47,15,77,31,26,78,23,24,52,69,123,54,55" hai1="50,53,130,133,90,100,124,94,48,119,16,115,49" hai2="4,39,117,32,121,19,0,108,67,109,22,57,71" hai3="92,34,105,62,131,33,28,79,89,5,63,9,27"/><V12/><F121/><W104/><G79/><N who="0" m="30219" /><D69/><U45/><E119/><V58/><F117/><W2/><G34/><T74/><D74/><U88/><E115/><V17/><F39/><W7/><G7/><T61/><D123/><U84/><E124/><V103/><F32/><W44/><G131/><T43/><D26/><U6/><E6/><V132/><F132/><W96/><REACH who="3" step="1"/><G44/><REACH who="3" ten="699,148,92,51" step="2"/><T99/><D47/><U3/><E130/><V66/><F4/><W111/><G111/><T20/><D43/><U127/><E127/><V113/><F0/><W21/><G21/><T35/><D35/><U112/><E3/><V8/><F109/><W72/><G72/><T80/><D80/><U46/><E45/><V13/><F108/><W93/><G93/><T60/><D99/><U102/><E133/><V95/><F113/><W64/><G64/><N who="2" m="24617" /><F71/><W83/><G83/><T76/><D76/><U81/><E112/><V65/><F65/><W14/><G14/><T107/><D107/><AGARI ba="0,1" hai="2,5,9,27,28,33,62,63,89,92,96,104,105,107" machi="107" ten="40,1300,0" yaku="1,1,53,0" doraHai="126" doraHaiUra="134" who="3" fromWho="0" sc="699,-13,148,0,92,0,51,23" /><INIT seed="7,0,0,1,0,57" ten="686,148,92,74" oya="3" hai0="61,76,98,102,122,74,52,37,70,13,41,131,77" hai1="96,42,24,132,14,127,55,89,104,113,130,25,22" hai2="117,60,115,56,116,39,6,78,44,33,20,97,3" hai3="12,2,83,19,18,31,79,119,93,45,49,29,7"/><W50/><G119/><T40/><D122/><U51/><E42/><N who="0" m="16489" /><D37/><U86/><E113/><V9/><F33/><W11/><G93/><N who="0" m="58703" /><D70/><U90/><E130/><V128/><F115/><W129/><G129/><T126/><D131/><U66/><E132/><V71/><F39/><W73/><G19/><T69/><D69/><U15/><E104/><V114/><F114/><W68/><G68/><T34/><D34/><U103/><E66/><V5/><F71/><W43/><REACH who="3" step="1"/><G50/><REACH who="3" ten="686,148,92,64" step="2"/><T65/><D126/><U92/><E127/><V87/><F128/><W16/><G16/><T94/><D94/><U81/><E51/><V53/><F117/><W88/><G88/><T133/><D77/><U72/><E90/><V134/><F78/><W35/><G35/><T124/><D76/><U108/><E89/><V135/><F116/><W10/><AGARI ba="0,1" hai="2,7,10,11,12,18,29,31,43,45,49,73,79,83" machi="10" ten="20,7800,0" yaku="1,1,0,1,7,1,53,1" doraHai="57" doraHaiUra="46" who="3" fromWho="3" sc="686,-26,148,-26,92,-26,64,88" /><INIT seed="7,1,0,3,4,34" ten="660,122,66,152" oya="3" hai0="78,96,118,77,134,76,7,95,113,126,128,86,129" hai1="70,82,131,89,120,47,93,117,36,122,58,91,23" hai2="9,68,20,75,14,127,17,114,109,31,135,52,80" hai3="51,115,29,69,28,119,39,116,104,12,130,11,65"/><W48/><G39/><T71/><D71/><U15/><E70/><V18/><F109/><W83/><G104/><T50/><D50/><U94/><E131/><N who="0" m="50249" /><D7/><U59/><E82/><V60/><F114/><W81/><G12/><T19/><D19/><U41/><E117/><V49/><F135/><W121/><G121/><T98/><D118/><U123/><E15/><V2/><F127/><W26/><G26/><T88/><D134/><U97/><REACH who="1" step="1"/><E23/><REACH who="1" ten="660,112,66,152" step="2"/><V110/><F110/><W13/><G130/><T16/><D126/><U99/><AGARI ba="1,1" hai="36,41,47,58,59,89,91,93,94,97,99,120,122,123" machi="99" ten="30,7900,0" yaku="1,1,2,1,0,1,9,1,53,0" doraHai="34" doraHaiUra="3" who="1" fromWho="1" sc="660,-21,112,92,66,-21,152,-40" owari="639,74.0,204,0.0,45,-45.0,112,-29.0" /></mjloggm>