<mjloggm ver="2.3"><GO type="41" lobby="0"/><UN n0="%E2%93%9D%53%75%70%68%78" n1="%E3%81%B1%E3%81%84%E3%81%AA%E3%81%A3%E3%81%B7%E3%82%8B%E5%A4%AA" n2="%E3%82%AD%E3%82%BB%E3%82%AD%E3%81%AE%E3%83%8A%E3%83%8A%E3%83%9F" n3="%E3%82%AB%E3%83%86%E3%83%8A%E3%83%81%E3%82%AA%31" dan="19,15,15,13" rate="2208.15,1958.98,1994.30,1878.36" sx="M,F,M,M"/><TAIKYOKU oya="0"/><INIT seed="0,0,0,2,0,25" ten="250,250,250,250" oya="0" hai0="75,3,88,41,126,89,108,74,21,5,45,48,36" hai1="86,42,76,125,7,73,32,114,16,117,93,38,26" hai2="131,37,119,30,95,1,61,62,80,100,4,35,81" hai3="70,22,51,104,23,112,39,87,0,49,40,50,90"/><T118/><D118/><U92/><E117/><V18/><F119/><W66/><G112/><T55/><D126/><U69/><E125/><V20/><F37/><W111/><G0/><T60/><D108/><U28/><E69/><V84/><F81/><W15/><G111/><T123/><D123/><U102/><E114/><V132/><F4/><W56/><G104/><T44/><D21/><U6/><E73/><V67/><F1/><W130/><G130/><T9/><REACH who="0" step="1"/><D60/><REACH who="0" ten="240,250,250,250" step="2"/><U19/><E32/><V64/><F62/><N who="3" m="38215" /><G23/><T2/><D2/><U78/><E76/><V13/><F61/><W115/><G115/><T77/><D77/><U57/><E78/><V17/><F35/><W29/><G22/><T72/><AGARI ba="0,1" hai="3,5,9,36,41,44,45,48,55,72,74,75,88,89" machi="72" ten="30,6000,0" yaku="1,1,0,1,54,1,53,0" doraHai="25" doraHaiUra="101" who="0" fromWho="0" sc="240,70,250,-20,250,-20,250,-20" /><INIT seed="0,1,0,3,2,61" ten="310,230,230,230" oya="0" hai0="46,117,41,36,40,65,0,17,131,132,122,63,134" hai1="70,18,72,135,29,106,87,96,4,84,108,128,55" hai2="124,47,92,2,95,32,49,75,73,30,39,114,69" hai3="85,80,58,57,23,11,25,31,105,107,43,113,90"/><T119/><D0/><U77/><E70/><V82/><F2/><W10/><G113/><T99/><D17/><U133/><E4/><V130/><F69/><W112/><G112/><T60/><D99/><U16/><E29/><V28/><F39/><W103/><G43/><T22/><D22/><U123/><E123/><V100/><F82/><W42/><G42/><T3/><D3/><U20/><E108/><V81/><F81/><W91/><G105/><T111/><D131/><U88/><E128/><V33/><F49/><W7/><G107/><T97/><D97/><U116/><E116/><N who="0" m="44617" /><D122/><U26/><E72/><V78/><F47/><W125/><G103/><T120/><D120/><U14/><E77/><V76/><F114/><W5/><G125/><T13/><D13/><U66/><E66/><V45/><F45/><W109/><G109/><T101/><D101/><U94/><E55/><V21/><F21/><W62/><G91/><T79/><D79/><U19/><E106/><V8/><F100/><W54/><G58/><N who="0" m="37015" /><D111/><U38/><E38/><V48/><F48/><W127/><G127/><T34/><D34/><U12/><E19/><V129/><REACH who="2" step="1"/><F8/><AGARI ba="1,0" hai="5,7,8,10,11,23,25,31,54,57,62,80,85,90" machi="8" ten="40,1300,0" yaku="8,1" doraHai="61" who="3" fromWho="2" sc="310,0,230,0,230,-16,230,16" /><INIT seed="1,0,0,0,3,130" ten="310,230,214,246" oya="1" hai0="85,24,88,68,27,10,134,103,51,57,42,35,113" hai1="31,54,112,11,26,99,79,46,95,74,61,12,107" hai2="81,29,25,90,111,125,115,128,97,1,104,36,87" hai3="58,76,83,56,60,4,119,38,44,16,3,21,93"/><U22/><E112/><V65/><F1/><W96/><G119/><T15/><D68/><U64/><E107/><V78/><F36/><W82/><G3/><T73/><D73/><U127/><E127/><V5/><F115/><W9/><G58/><T105/><D35/><U66/><E74/><V135/><F5/><W71/><G71/><T52/><D134/><U121/><E79/><V84/><F128/><W49/><G38/><T102/><D42/><U75/><E75/><V41/><F41/><N who="3" m="24719" /><G76/><T8/><D8/><U69/><E121/><V34/><F65/><N who="3" m="39047" /><G9/><T120/><D105/><U98/><E64/><V39/><F39/><W91/><G4/><N who="0" m="3527" /><D120/><U122/><E122/><V2/><F2/><W108/><G108/><T116/><D116/><U67/><E66/><V23/><F111/><W48/><G48/><T124/><D124/><U100/><E99/><V45/><F45/><W40/><G40/><T53/><D53/><U20/><E54/><V50/><F50/><W117/><G117/><T118/><D113/><U32/><REACH who="1" step="1"/><E46/><REACH who="1" ten="310,220,214,246" step="2"/><V59/><F125/><W110/><G110/><T55/><D55/><U131/><E131/><V133/><F59/><W106/><G106/><T101/><D118/><U0/><E0/><V126/><F126/><W132/><G132/><N who="2" m="50761" /><F104/><W43/><G43/><T33/><D33/><U80/><E80/><AGARI ba="0,1" hai="24,27,51,52,57,80,85,88,101,102,103" m="3527" machi="80" ten="30,3900,0" yaku="8,1,54,2" doraHai="130" who="0" fromWho="1" sc="310,49,220,-39,214,0,246,0" /><INIT seed="2,0,0,0,5,63" ten="359,181,214,246" oya="2" hai0="93,102,57,126,54,69,117,106,39,32,111,27,101" hai1="29,36,34,19,46,62,74,72,73,118,59,18,2" hai2="92,31,61,115,15,77,71,35,91,105,122,87,110" hai3="68,26,23,135,97,11,64,80,13,70,82,33,81"/><V84/><F122/><W114/><G33/><T96/><D111/><U17/><E118/><V52/><F105/><W49/><G135/><T8/><D39/><U131/><E131/><V40/><F110/><W67/><G114/><T38/><D38/><U108/><E2/><V60/><F40/><W99/><G70/><T94/><D126/><U5/><E108/><V78/><F115/><W56/><G68/><T48/><D69/><U20/><E5/><V25/><F87/><W125/><G125/><T65/><D8/><U124/><E124/><V132/><F132/><W76/><G76/><T129/><D129/><U85/><E34/><V130/><F130/><W58/><G49/><T9/><D9/><U90/><E36/><V44/><F15/><W109/><G109/><T42/><D42/><U133/><E46/><V116/><F116/><W83/><G83/><T107/><D117/><U75/><N who="1" m="18432" /><DORA hai="53" /><U88/><E133/><V28/><F28/><N who="3" m="17503" /><G99/><T1/><D96/><U86/><E29/><V127/><F127/><W4/><G97/><T12/><D32/><U14/><E86/><V112/><F112/><W50/><G50/><T51/><D51/><U22/><E85/><V79/><F71/><W55/><G55/><T120/><D54/><N who="1" m="34167" /><E14/><V121/><REACH who="2" step="1"/><F121/><REACH who="2" ten="359,181,204,246" step="2"/><W10/><G10/><T104/><D12/><U37/><E37/><V21/><F21/><W7/><G7/><T41/><D120/><U66/><E20/><V45/><F45/><W128/><G128/><T95/><D41/><U24/><E66/><AGARI ba="0,1" hai="4,11,13,56,58,64,66,67,80,81,82" m="17503" machi="66" ten="30,12000,2" yaku="8,1,52,5" doraHai="63,53" who="3" fromWho="1" sc="359,0,181,-120,204,0,246,130" /><INIT seed="3,0,0,2,1,87" ten="359,61,204,376" oya="3" hai0="110,8,96,105,132,5,64,57,66,30,116,93,98" hai1="17,78,49,45,71,60,67,129,131,77,40,85,70" hai2="53,9,47,48,33,118,99,81,119,128,1,62,10" hai3="130,95,29,68,111,121,21,0,94,28,88,46,37"/><W11/><G121/><T7/><D110/><U125/><E125/><V91/><F33/><W50/><G111/><T113/><D116/><U73/><E73/><V58/><F128/><N who="1" m="49225" /><E70/><V109/><F109/><W12/><G130/><T72/><D132/><U107/><E107/><V4/><F10/><W34/><G68/><T25/><D72/><U23/><E85/><V63/><F63/><W74/><G74/><T43/><D43/><U92/><E92/><V86/><REACH who="2" step="1"/><F99/><REACH who="2" ten="359,61,194,376" step="2"/><N who="3" m="57799" /><G34/><T89/><D98/><U56/><E71/><V79/><F79/><W32/><G32/><T13/><D96/><U27/><AGARI ba="0,1" hai="17,23,27,40,45,49,56,60,67,77,78" m="49225" machi="27" ten="30,1100,0" yaku="19,1" doraHai="87" who="1" fromWho="1" sc="359,-3,61,21,194,-3,376,-5" /><INIT seed="4,0,0,0,0,111" ten="356,82,191,371" oya="0" hai0="104,115,88,91,113,75,0,31,59,4,121,9,80" hai1="42,17,119,11,127,109,129,3,135,34,77,71,61" hai2="74,43,117,69,21,19,79,45,37,22,62,97,105" hai3="94,16,83,101,52,85,67,72,114,44,57,35,84"/><T70/><D70/><U110/><E61/><V128/><F117/><W96/><G35/><T24/><D104/><U13/><E42/><V7/><F128/><W12/><G114/><N who="0" m="43531" /><D121/><U122/><E77/><V99/><F105/><W56/><G72/><T93/><D59/><U32/><E71/><V126/><F22/><W39/><G39/><T6/><D6/><U63/><E122/><V38/><F38/><W48/><G67/><T46/><D46/><U106/><E110/><V87/><F7/><W54/><G54/><T130/><D130/><U47/><E106/><V81/><F126/><W66/><G66/><T36/><D93/><U120/><E47/><V116/><F116/><W58/><G83/><T8/><D8/><AGARI ba="0,0" hai="8,12,16,44,48,52,56,57,58,84,85,94,96,101" machi="8" ten="40,5200,0" yaku="8,1,54,2" doraHai="111" who="3" fromWho="0" sc="356,-52,82,0,191,0,371,52" /><INIT seed="5,0,0,4,4,8" ten="304,82,191,423" oya="1" hai0="6,3,35,62,22,29,31,104,135,81,1,120,133" hai1="86,2,56,68,55,109,57,7,12,18,60,119,122" hai2="59,80,110,84,21,25,102,71,45,94,39,10,97" hai3="66,61,117,11,50,88,32,99,72,65,69,125,38"/><U116/><E122/><V23/><F71/><W121/><G121/><T48/><D104/><U14/><E68/><V27/><F110/><W49/><G32/><T42/><D62/><U131/><E131/><V100/><F39/><W9/><G38/><T17/><D81/><U46/><E109/><V96/><F45/><W20/><G72/><T77/><D77/><U16/><E2/><N who="0" m="521" /><D48/><U113/><E7/><V40/><F40/><W75/><G75/><T13/><D42/><U129/><E129/><V43/><F43/><W106/><G125/><T103/><D103/><U111/><E111/><V130/><F10/><W73/><G73/><T34/><D6/><U74/><E74/><V124/><F130/><W36/><G36/><T132/><D120/><U64/><E86/><V89/><F124/><W5/><G117/><T118/><D118/><U30/><E46/><V37/><F37/><W58/><G11/><T15/><D15/><N who="1" m="5675" /><E113/><V101/><F59/><W28/><G69/><T115/><D115/><U98/><E30/><AGARI ba="0,0" hai="13,17,22,29,30,31,34,35,132,133,135" m="521" machi="30" ten="40,8000,1" yaku="20,1,34,2,52,1" doraHai="8" who="0" fromWho="1" sc="304,80,82,-80,191,0,423,0" /><INIT seed="6,0,0,4,5,42" ten="384,2,191,423" oya="2" hai0="19,113,119,9,16,18,114,45,88,0,121,3,102" hai1="103,44,93,104,70,41,48,101,33,40,86,131,46" hai2="34,49,90,134,21,56,123,124,74,106,118,107,112" hai3="36,76,100,109,35,2,82,10,1,39,94,83,79"/><V53/><F90/><W60/><G109/><T8/><D102/><U75/><E131/><V26/><F118/><W31/><G35/><T43/><D119/><U68/><E86/><V73/><F123/><W72/><G31/><T116/><D116/><U6/><E75/><V80/><F112/><N who="0" m="43114" /><D121/><U11/><E104/><V105/><F124/><W97/><G2/><N who="0" m="555" /><D88/><U126/><E33/><V127/><F127/><W96/><G96/><T52/><D52/><U63/><E126/><V47/><F34/><W66/><G10/><T129/><D129/><U32/><E32/><V89/><F134/><W20/><G20/><T92/><D92/><U85/><E85/><V28/><REACH who="2" step="1"/><F56/><REACH who="2" ten="384,2,181,423" step="2"/><W128/><G128/><T30/><D30/><U37/><E93/><V78/><F78/><W59/><G1/><T87/><D87/><AGARI ba="0,1" hai="21,26,28,47,49,53,73,74,80,87,89,105,106,107" machi="87" ten="40,3900,0" yaku="1,1,52,1,53,0" doraHai="42" doraHaiUra="130" who="2" fromWho="0" sc="384,-39,2,0,181,49,423,0" /><AGARI ba="0,0" hai="36,39,59,60,66,72,76,79,82,83,87,94,97,100" machi="87" ten="30,1000,0" yaku="7,1" doraHai="42" who="3" fromWho="0" sc="345,-10,2,0,230,0,423,10" /><INIT seed="6,1,0,2,2,15" ten="335,2,230,433" oya="2" hai0="9,125,6,84,87,55,133,123,8,71,54,76,12" hai1="13,28,99,93,86,26,35,129,11,23,106,50,0" hai2="10,97,60,32,31,14,46,126,20,18,130,16,85" hai3="78,47,104,88,21,131,65,120,1,108,107,24,101"/><V40/><F126/><W124/><G108/><T103/><D123/><U37/><E37/><V72/><F72/><W4/><G120/><T66/><D133/><U83/><E129/><V3/><F130/><W95/><G131/><T33/><D33/><U110/><E110/><V82/><F60/><W69/><G124/><T36/><D125/><U43/><E106/><V49/><F97/><W56/><G69/><T80/><D36/><U112/><E112/><V100/><F100/><W57/><G78/><T134/><D134/><U122/><E122/><V94/><F94/><W119/><G119/><T34/><D34/><U42/><E35/><V48/><F3/><W63/><G1/><T67/><D71/><U38/><E38/><V41/><F31/><W22/><G4/><T39/><D39/><U51/><E0/><V121/><F121/><W25/><G101/><T89/><D9/><U102/><E43/><N who="2" m="24671" /><F49/><W68/><G104/><T113/><D113/><U92/><E42/><V30/><F30/><W53/><G107/><T74/><D74/><U5/><E92/><V62/><F62/><W90/><G47/><T109/><D103/><U105/><E105/><V44/><F44/><W91/><G68/><T61/><D109/><U45/><E45/><V17/><F32/><W75/><G75/><T116/><D116/><U58/><E58/><V135/><F135/><W70/><G95/><N who="0" m="54695" /><D61/><U2/><E2/><V19/><F20/><N who="3" m="7787" /><G70/><T81/><D81/><U111/><E111/><V52/><F52/><AGARI ba="1,0" hai="6,8,12,52,54,55,66,67,76,80,87" m="54695" machi="52" ten="30,2000,0" yaku="8,1,54,1" doraHai="15" who="0" fromWho="2" sc="335,23,2,0,230,-23,433,0" /><INIT seed="7,0,0,4,4,31" ten="358,2,207,433" oya="3" hai0="63,75,44,102,70,67,66,131,86,3,69,47,105" hai1="122,43,56,123,7,106,6,42,18,72,126,39,127" hai2="45,95,23,2,76,11,27,128,21,135,37,58,1" hai3="78,116,8,83,17,68,125,94,89,110,104,0,40"/><W54/><G116/><T88/><D131/><U13/><E56/><V29/><F76/><W32/><G68/><T12/><D75/><U91/><E91/><V30/><F45/><W81/><G104/><T98/><D3/><U55/><E55/><V80/><F37/><W24/><G125/><T34/><D12/><U57/><E57/><V113/><F80/><W22/><G110/><T92/><REACH who="0" step="1"/><D34/><REACH who="0" ten="348,2,207,433" step="2"/><U51/><E13/><V33/><F95/><W46/><G0/><T36/><D36/><U118/><E39/><V15/><F58/><W61/><G32/><T71/><D71/><U10/><E126/><V87/><F87/><W14/><G78/><T26/><D26/><U74/><E127/><V59/><F59/><N who="3" m="35063" /><G46/><T114/><D114/><U121/><E72/><V64/><F113/><W129/><G129/><T103/><D103/><U124/><E74/><V108/><F128/><W119/><G119/><T73/><D73/><U41/><E118/><V48/><F1/><W93/><G24/><T90/><D90/><U99/><E124/><V109/><F2/><W120/><G14/><T16/><D16/><U4/><E18/><V5/><F27/><W60/><G17/><T117/><D117/><U65/><E10/><V82/><F33/><W85/><G8/><T19/><D19/><U134/><E121/><V97/><F11/><W50/><G89/><T25/><D25/><U96/><E123/><V100/><F15/><W20/><G120/><T35/><D35/><U84/><E122/><V111/><F111/><W28/><G28/><T101/><D101/><U77/><E77/><RYUUKYOKU ba="0,1" sc="348,30,2,-10,207,-10,433,-10" hai0="44,47,63,66,67,69,70,86,88,92,98,102,105" owari="378,18.0,-8,-51.0,197,-20.0,433,53.0" /></mjloggm>