<mjloggm ver="2.3"><GO type="41" lobby="0"/><UN n0="%E3%82%AD%E3%83%89%E3%83%A9%E3%83%B3%E3%83%88" n1="%E3%81%BF%E3%81%AA%E3%81%A8%E3%81%8B%E3%81%9A%E3%81%8D" n2="%73%68%69%62%61%64%65%6E" n3="%E2%93%9D%53%75%70%68%78" dan="15,14,15,19" rate="2053.14,1976.18,1981.78,2140.97" sx="M,M,M,M"/><TAIKYOKU oya="0"/><INIT seed="0,0,0,3,4,80" ten="250,250,250,250" oya="0" hai0="119,126,7,51,120,19,35,129,85,105,117,16,66" hai1="32,39,102,37,108,50,109,124,31,3,79,28,69" hai2="27,54,127,97,90,9,38,133,122,11,92,134,34" hai3="95,75,77,130,57,104,48,86,116,100,68,128,12"/><T30/><D120/><U44/><E69/><V1/><F122/><W33/><G33/><T4/><D105/><U81/><E3/><V43/><F127/><W88/><G68/><T42/><D66/><U18/><E124/><V49/><F38/><W14/><G116/><N who="0" m="44619" /><D85/><U114/><E114/><V125/><F43/><W55/><G77/><T36/><D51/><U58/><E58/><V17/><F1/><W106/><G75/><T26/><D42/><U113/><E113/><V41/><F41/><W22/><G14/><T52/><D52/><N who="1" m="29767" /><E102/><V93/><F125/><W47/><G47/><T87/><D87/><U21/><E32/><V96/><F34/><W53/><G53/><T62/><D62/><U74/><E37/><V70/><F70/><W6/><G100/><T135/><D36/><U67/><E67/><V110/><F54/><W94/><G94/><T10/><D126/><U8/><E39/><V112/><F112/><W60/><G60/><T101/><D101/><U115/><E115/><V20/><F49/><W103/><G103/><T25/><D135/><U132/><E132/><V24/><F133/><W76/><G76/><T64/><D64/><U83/><E79/><V65/><F65/><W118/><G118/><T59/><D59/><U89/><E74/><V63/><F134/><W123/><G123/><T46/><D46/><U131/><E81/><V13/><F63/><W107/><G6/><N who="0" m="2091" /><D129/><U29/><E131/><V82/><F82/><W84/><G84/><T71/><D71/><U5/><E83/><V91/><F93/><W98/><G98/><T72/><D72/><RYUUKYOKU ba="0,0" sc="250,-10,250,-10,250,-10,250,30" hai3="12,22,48,55,57,86,88,95,104,106,107,128,130" /><INIT seed="1,1,0,2,2,68" ten="240,240,240,280" oya="1" hai0="112,14,120,104,11,6,16,7,5,42,109,55,9" hai1="84,91,115,1,67,46,118,129,26,32,50,75,103" hai2="121,70,43,41,13,37,65,122,81,40,74,98,101" hai3="27,97,56,51,126,106,93,94,125,130,87,77,92"/><U89/><E1/><V0/><F0/><W17/><G27/><T117/><D104/><U30/><E118/><V3/><F3/><W33/><G33/><T110/><D42/><U71/><E129/><V72/><F70/><W25/><G25/><T15/><D55/><U62/><E115/><V52/><F65/><W49/><G17/><N who="0" m="8399" /><D112/><U64/><E64/><V119/><F119/><W23/><G23/><N who="0" m="11679" /><D117/><U36/><E36/><V10/><F52/><W79/><G56/><T114/><D114/><U123/><E123/><V29/><F37/><W100/><G130/><T127/><D127/><N who="3" m="48649" /><G51/><T57/><D57/><U2/><E103/><V58/><F58/><W96/><G49/><T63/><D63/><U105/><E105/><V69/><F69/><W83/><G79/><T111/><D120/><U34/><E75/><V76/><F74/><W53/><G53/><T99/><D99/><AGARI ba="1,0" hai="77,83,87,92,93,94,96,97,99,100,106" m="48649" machi="99" ten="30,3900,0" yaku="18,1,34,2" doraHai="68" who="3" fromWho="0" sc="240,-42,240,0,240,0,280,42" /><INIT seed="2,0,0,3,5,13" ten="198,240,240,322" oya="2" hai0="57,65,48,30,54,50,45,27,116,123,130,100,92" hai1="134,119,86,120,60,14,47,115,113,9,12,127,6" hai2="39,66,1,107,112,55,89,105,32,53,88,15,73" hai3="95,108,42,78,133,72,83,121,117,38,97,126,36"/><V19/><F1/><W129/><G117/><T24/><D123/><U41/><E60/><V58/><F112/><W20/><G121/><T44/><D130/><U98/><E119/><V29/><F39/><W103/><G126/><T74/><D74/><U34/><E120/><V81/><F66/><W93/><G133/><T26/><D116/><U75/><E75/><V101/><F55/><W85/><G108/><T104/><D104/><U70/><E70/><V106/><F101/><W63/><G42/><T131/><D131/><U33/><E134/><V40/><F40/><W109/><G109/><T56/><D65/><U90/><E127/><V28/><F73/><W68/><G129/><T132/><D132/><U43/><E98/><V31/><F81/><W79/><G68/><T52/><D30/><U128/><E128/><V94/><F32/><W61/><G38/><T102/><REACH who="0" step="1"/><D92/><REACH who="0" ten="188,240,240,322" step="2"/><U3/><E113/><V22/><REACH who="2" step="1"/><F94/><REACH who="2" ten="188,240,230,322" step="2"/><W25/><G95/><T99/><D99/><U91/><E115/><V124/><F124/><W2/><G93/><T18/><D18/><U17/><E17/><V77/><F77/><W7/><G79/><T10/><D10/><U122/><E9/><V21/><F21/><W71/><G20/><T0/><D0/><U82/><E3/><V110/><F110/><W84/><G97/><T76/><D76/><U96/><E122/><V59/><F59/><AGARI ba="0,2" hai="24,26,27,44,45,48,50,52,54,56,57,59,100,102" machi="59" ten="40,8000,1" yaku="1,1,9,1,8,1,54,1,53,0" doraHai="13" doraHaiUra="125" who="0" fromWho="2" sc="188,100,240,0,230,-80,322,0" /><INIT seed="3,0,0,2,3,73" ten="288,240,150,322" oya="3" hai0="92,29,48,125,19,22,46,126,42,12,80,121,95" hai1="43,38,20,102,30,28,75,81,77,130,132,5,76" hai2="66,94,10,127,106,9,52,13,21,23,53,57,74" hai3="7,120,11,112,108,128,72,55,6,44,56,110,58"/><W93/><G112/><T104/><D104/><U34/><E34/><V1/><F106/><W105/><G105/><T133/><D121/><U33/><E33/><V69/><F74/><W90/><G120/><T113/><D133/><U65/><E132/><V54/><F127/><N who="0" m="48650" /><D113/><U99/><E130/><V124/><F124/><W26/><G26/><N who="0" m="16599" /><D80/><U103/><E65/><V116/><F116/><W39/><G72/><T24/><D24/><U135/><E135/><V114/><F114/><W17/><G128/><T134/><D134/><U67/><E67/><V37/><F37/><W63/><G58/><T47/><D47/><U8/><E76/><V32/><F32/><W18/><G44/><T84/><D84/><U91/><E91/><V71/><F1/><W96/><G39/><T79/><D79/><U107/><E103/><V88/><F71/><W0/><REACH who="3" step="1"/><G7/><REACH who="3" ten="288,240,150,312" step="2"/><T129/><D129/><U97/><E107/><V83/><F69/><W122/><G122/><T115/><D115/><U100/><E75/><V98/><F57/><W70/><G70/><T101/><D101/><U35/><E102/><V68/><F68/><W60/><G60/><T27/><D27/><U131/><E100/><V16/><F66/><W2/><G2/><T64/><D64/><U59/><E131/><V49/><F49/><W50/><G50/><T117/><D117/><U40/><E38/><V123/><F123/><W15/><G15/><T87/><D87/><U119/><E119/><V85/><REACH who="2" step="1"/><F10/><AGARI ba="0,1" hai="10,12,19,42,46,48,92,95" m="16599,48650" machi="10" ten="30,1000,0" yaku="18,1" doraHai="73" who="0" fromWho="2" sc="288,20,240,0,150,-10,312,0" /><INIT seed="4,0,0,4,1,111" ten="308,240,140,312" oya="0" hai0="89,18,48,8,102,117,61,33,126,128,59,62,123" hai1="98,76,71,58,22,87,106,101,36,134,29,131,105" hai2="54,80,9,7,32,11,74,6,132,78,4,5,21" hai3="46,50,85,133,69,37,43,81,65,77,103,64,39"/><T16/><D123/><U1/><E36/><V34/><F132/><W35/><G35/><T120/><D120/><U112/><E134/><V27/><N who="2" m="1024" /><DORA hai="91" /><V94/><F34/><W55/><G133/><T15/><D33/><U10/><E71/><V38/><F38/><W122/><G122/><T42/><D117/><U3/><E3/><V113/><F32/><W104/><G39/><T75/><D128/><U86/><E1/><V95/><F113/><W45/><REACH who="3" step="1"/><G69/><REACH who="3" ten="308,240,140,302" step="2"/><T118/><D118/><U28/><E131/><V130/><F130/><W79/><G79/><T124/><D126/><U25/><E76/><V125/><F125/><W109/><G109/><T116/><D124/><U97/><E112/><V83/><F83/><W57/><G57/><T129/><D116/><U13/><E58/><V56/><F80/><W93/><G93/><N who="2" m="35337" /><F78/><W63/><G63/><T107/><D62/><U17/><E29/><N who="2" m="17647" /><F74/><W82/><G82/><T30/><D129/><U72/><E72/><V26/><F26/><W40/><G40/><T84/><D42/><U47/><E106/><V115/><F115/><W12/><G12/><T60/><D75/><U23/><E105/><V66/><F66/><W110/><G110/><T114/><D114/><U135/><E135/><V14/><F14/><W119/><G119/><T52/><D107/><U121/><E13/><V88/><F88/><W100/><G100/><T92/><D102/><U96/><E101/><V70/><F70/><W19/><G19/><N who="0" m="8679" /><D30/><U73/><E73/><V108/><F108/><W24/><G24/><T68/><D68/><U99/><E28/><RYUUKYOKU ba="0,1" sc="308,10,240,-30,140,10,302,10" hai0="16,18,48,52,59,60,61,84,89,92" hai2="9,11,54,56" hai3="37,43,45,46,50,55,64,65,77,81,85,103,104" /><INIT seed="4,1,1,2,0,1" ten="318,210,150,312" oya="0" hai0="36,66,41,126,28,15,8,10,54,69,58,63,108" hai1="34,45,7,112,117,33,130,20,73,67,3,23,119" hai2="47,114,31,51,77,50,102,88,68,72,83,18,80" hai3="124,129,86,12,71,89,44,100,81,111,52,93,74"/><T109/><D126/><U48/><E73/><V76/><F114/><W0/><G0/><T2/><D28/><U19/><E130/><V106/><F68/><W90/><G71/><T21/><D2/><U61/><E112/><V11/><F31/><W95/><G111/><N who="0" m="42571" /><D21/><U35/><E23/><V134/><F134/><W59/><G74/><T70/><D10/><U99/><E99/><V128/><F128/><W17/><G124/><T127/><D127/><U107/><E107/><V122/><F122/><W79/><G44/><N who="0" m="23591" /><D15/><U5/><E3/><V97/><F77/><W121/><G121/><T85/><D8/><U135/><E135/><V103/><F103/><W53/><G100/><T27/><D27/><U94/><E94/><V56/><F56/><W62/><G129/><T49/><D85/><U57/><E119/><V55/><F51/><W113/><G113/><T46/><AGARI ba="1,1" hai="46,49,54,58,63,66,69,70" m="23591,42571" machi="46" ten="30,6000,0" yaku="10,1,34,2" doraHai="1" who="0" fromWho="0" sc="318,73,210,-21,150,-21,312,-21" /><INIT seed="4,2,0,3,4,15" ten="391,189,129,291" oya="0" hai0="69,119,101,106,129,6,107,132,111,7,90,44,33" hai1="102,16,28,36,56,127,85,88,95,93,54,41,134" hai2="62,35,48,29,91,81,52,122,71,123,83,113,124" hai3="68,13,59,78,87,105,17,2,58,114,18,3,99"/><T32/><D119/><U47/><E127/><V23/><F124/><W0/><G68/><T72/><D69/><U38/><E134/><V26/><F113/><W57/><G114/><T14/><D132/><U120/><E28/><V31/><F122/><W112/><G112/><T49/><D129/><U74/><E74/><V131/><F131/><W25/><G25/><T61/><D72/><U50/><E120/><V20/><F123/><W135/><G13/><T53/><D111/><U130/><E130/><V133/><F133/><W94/><G105/><T4/><D14/><U5/><E5/><V126/><F126/><W66/><G66/><T96/><D107/><U118/><E118/><V70/><F35/><W10/><G10/><T125/><D125/><U8/><E102/><V39/><F39/><W55/><G55/><T9/><D61/><U37/><E95/><V45/><F62/><W64/><G64/><T109/><D9/><U100/><E100/><V75/><F81/><W97/><G135/><T19/><D19/><U116/><E116/><V42/><F42/><W67/><G67/><T40/><D109/><U30/><E30/><V84/><REACH who="2" step="1"/><F75/><REACH who="2" ten="391,189,119,291" step="2"/><W82/><REACH who="3" step="1"/><G94/><REACH who="3" ten="391,189,119,281" step="2"/><T128/><D128/><U11/><E36/><V104/><F104/><W121/><G121/><T60/><D106/><U89/><E37/><V27/><AGARI ba="2,2" hai="20,23,26,27,29,31,45,48,52,70,71,83,84,91" machi="27" ten="30,12000,2" yaku="1,1,0,1,9,1,54,1,53,2" doraHai="15" doraHaiUra="22" who="2" fromWho="2" sc="391,-62,189,-32,119,146,281,-32" /><INIT seed="5,0,0,1,2,125" ten="329,157,265,249" oya="1" hai0="86,107,121,131,56,120,128,69,109,72,50,129,7" hai1="55,5,110,88,64,79,39,85,68,12,113,78,100" hai2="135,118,1,52,70,127,10,126,28,98,58,43,27" hai3="49,83,33,114,117,54,22,4,24,73,35,45,42"/><U40/><E110/><V15/><F118/><W62/><G114/><T75/><D69/><U133/><E133/><V124/><F70/><W14/><G117/><T38/><D38/><U41/><E113/><V0/><F43/><W115/><G115/><T102/><D109/><U26/><E100/><V25/><F98/><W84/><G73/><N who="0" m="28235" /><D7/><U3/><E3/><N who="2" m="1099" /><F28/><W105/><G105/><T32/><D32/><U17/><E5/><N who="2" m="3535" /><F135/><W76/><G62/><AGARI ba="0,0" hai="25,27,52,58,62,124,126,127" m="3535,1099" machi="62" ten="40,2600,0" yaku="18,1,54,1" doraHai="125" who="2" fromWho="3" sc="329,0,157,0,265,26,249,-26" /><INIT seed="6,0,0,4,5,111" ten="329,157,291,223" oya="2" hai0="69,68,120,32,95,3,135,35,12,19,71,83,121" hai1="108,29,89,119,92,77,61,75,53,128,73,101,41" hai2="26,94,70,58,127,10,39,36,5,80,40,17,103" hai3="48,72,63,105,21,134,59,2,97,25,107,86,126"/><V0/><F70/><W30/><G72/><T27/><D3/><U52/><E108/><V109/><F109/><W124/><G2/><T82/><D135/><U122/><E122/><N who="0" m="47209" /><D95/><U46/><E119/><V14/><F40/><W31/><G48/><T100/><D27/><U84/><E128/><V106/><F106/><W23/><G86/><T42/><D12/><U49/><E29/><V8/><F80/><N who="0" m="30762" /><D42/><U56/><E77/><V110/><F26/><N who="3" m="16719" /><G97/><T123/><D19/><U51/><REACH who="1" step="1"/><E101/><REACH who="1" ten="329,147,291,223" step="2"/><V13/><F103/><W34/><G134/><T131/><D100/><U50/><E50/><V11/><F110/><W118/><G118/><T125/><D123/><U24/><E24/><V67/><F39/><W98/><G34/><N who="0" m="12843" /><D131/><U47/><AGARI ba="0,1" hai="41,46,47,49,51,52,53,56,61,73,75,84,89,92" machi="47" ten="20,8000,1" yaku="1,1,0,1,7,1,54,1,53,1" doraHai="111" doraHaiUra="38" who="1" fromWho="1" sc="329,-20,147,90,291,-40,223,-20" /><INIT seed="7,0,0,0,1,76" ten="309,237,251,203" oya="3" hai0="38,36,114,40,18,116,12,123,0,21,31,121,120" hai1="100,111,78,101,51,44,42,72,93,79,105,94,57" hai2="52,133,126,8,129,13,59,73,132,118,19,9,53" hai3="1,107,39,41,11,48,113,92,60,95,89,32,4"/><W5/><G107/><T75/><D75/><U54/><E111/><V65/><F118/><W84/><G32/><T16/><D40/><U102/><E105/><V110/><F110/><W135/><G113/><T71/><D71/><U64/><E64/><V66/><F73/><W128/><G128/><T23/><D116/><U26/><E26/><V109/><F109/><W56/><G135/><N who="2" m="51785" /><F126/><W45/><G5/><T90/><D90/><U62/><REACH who="1" step="1"/><E78/><REACH who="1" ten="309,227,251,203" step="2"/><V10/><F66/><W63/><REACH who="3" step="1"/><G95/><REACH who="3" ten="309,227,251,193" step="2"/><T68/><D114/><U27/><E27/><V35/><F129/><W125/><G125/><T46/><D123/><U24/><E24/><V124/><F124/><W28/><G28/><T130/><D31/><U15/><E15/><V82/><F13/><W99/><G99/><T20/><D12/><U30/><E30/><V97/><F97/><W67/><G67/><T50/><D130/><U106/><E106/><V61/><F65/><W86/><G86/><T37/><D121/><U87/><E87/><V3/><F35/><W49/><G49/><T112/><D120/><U127/><E127/><V122/><F122/><W33/><G33/><T69/><D112/><U115/><E115/><V77/><F19/><N who="0" m="7210" /><D0/><U80/><AGARI ba="0,2" hai="42,44,51,54,57,62,72,79,80,93,94,100,101,102" machi="80" ten="30,4000,0" yaku="1,1,0,1,52,1,53,0" doraHai="76" doraHaiUra="14" who="1" fromWho="1" sc="309,-10,227,60,251,-10,193,-20" /><INIT seed="8,0,0,3,2,3" ten="299,287,241,173" oya="0" hai0="61,86,26,106,24,85,119,63,90,107,102,118,53" hai1="6,131,134,62,117,115,67,124,58,97,76,104,81" hai2="103,43,114,69,127,33,13,7,70,99,21,125,30" hai3="71,108,109,98,17,83,25,10,44,40,35,113,39"/><T46/><D102/><U42/><E124/><N who="2" m="47691" /><F114/><W111/><G113/><T135/><D135/><U65/><E115/><V133/><F133/><W48/><G71/><T73/><D73/><U38/><E134/><V64/><F33/><W101/><G83/><T72/><D72/><U18/><E131/><V16/><F43/><W5/><G48/><T19/><D46/><U23/><E117/><N who="0" m="44553" /><D53/><U27/><E6/><V78/><F78/><W36/><G36/><T11/><D86/><U110/><E110/><V82/><F82/><W94/><G17/><T20/><D26/><U31/><E31/><V87/><F87/><W92/><G92/><N who="0" m="54351" /><D11/><U132/><E132/><V66/><F30/><W128/><G128/><T88/><D88/><U120/><E104/><AGARI ba="0,0" hai="19,20,24,61,63,104,106,107" m="54351,44553" machi="104" ten="30,1500,0" yaku="16,1" doraHai="3" who="0" fromWho="1" sc="299,15,287,-15,241,0,173,0" owari="314,42.0,272,7.0,241,-16.0,173,-33.0" /></mjloggm>