<mjloggm ver="2.3"><GO type="41" lobby="0"/><UN n0="%E4%B8%83%E5%91%B3%E3%81%AB%E3%82%93%E3%81%AB%E3%81%8F" n1="%E2%93%9D%53%75%70%68%78" n2="%E3%82%B7%E3%83%A2%E3%83%98%E3%82%A4%E3%83%98" n3="%E5%8F%8B%E8%94%B5%CE%B1" dan="14,19,14,17" rate="2009.90,2138.46,1912.86,2129.32" sx="M,M,M,M"/><TAIKYOKU oya="0"/><INIT seed="0,0,0,1,0,17" ten="250,250,250,250" oya="0" hai0="9,53,116,69,41,115,119,23,51,47,26,88,15" hai1="21,99,90,121,123,19,103,43,82,30,66,97,22" hai2="122,135,35,102,0,38,40,131,50,96,46,89,133" hai3="37,5,127,112,45,44,79,118,113,72,81,130,76"/><T36/><D115/><U20/><E43/><V2/><F122/><W55/><G118/><T1/><D69/><U105/><E30/><V42/><F89/><W59/><G79/><T134/><D1/><U10/><E66/><V14/><F14/><W3/><G45/><T6/><D134/><U114/><E114/><V25/><F131/><W33/><G33/><T128/><D128/><U74/><E99/><V63/><F63/><W106/><G106/><T60/><D60/><U132/><E132/><V73/><F73/><W87/><G87/><T54/><D54/><U100/><E100/><V68/><F68/><W24/><G24/><T124/><D124/><U31/><E31/><V65/><F65/><W56/><G56/><T16/><REACH who="0" step="1"/><D88/><REACH who="0" ten="240,250,250,250" step="2"/><U11/><E90/><V62/><F135/><W92/><G127/><T111/><D111/><U4/><E123/><V109/><F133/><W83/><G130/><T129/><D129/><U91/><E121/><V52/><F109/><W98/><G113/><T29/><D29/><U28/><E28/><V7/><F2/><W61/><G112/><T70/><D70/><U13/><E91/><V64/><F0/><W58/><G3/><T125/><D125/><U101/><E101/><V12/><F102/><W126/><G126/><T57/><AGARI ba="0,1" hai="6,9,15,16,23,26,36,41,47,51,53,57,116,119" machi="57" ten="20,12000,1" yaku="1,1,0,1,7,1,52,1,54,1,53,0" doraHai="17" doraHaiUra="85" who="0" fromWho="0" sc="240,130,250,-40,250,-40,250,-40" /><INIT seed="0,1,0,5,3,97" ten="370,210,210,210" oya="0" hai0="53,117,33,16,39,64,85,72,21,82,24,23,96" hai1="131,28,87,71,76,54,130,66,27,95,3,5,62" hai2="1,31,36,81,127,119,38,111,49,114,11,78,4" hai3="104,67,83,89,7,45,8,75,40,106,58,60,73"/><T35/><D117/><U134/><E134/><V118/><F111/><W6/><G6/><T14/><D72/><U48/><E5/><V52/><F31/><W90/><G104/><T13/><D39/><U19/><E3/><V128/><F127/><W55/><G106/><T68/><D68/><U26/><E19/><V91/><F91/><W132/><G55/><T51/><D64/><U103/><E76/><V124/><F124/><W18/><G18/><T59/><D96/><N who="1" m="59807" /><E87/><N who="2" m="48567" /><F128/><N who="1" m="49193" /><E28/><V65/><F65/><W108/><G108/><T10/><D14/><U69/><E69/><V34/><F114/><W84/><G90/><T105/><D105/><U57/><AGARI ba="1,0" hai="26,27,48,54,57,62,66,71" m="49193,59807" machi="57" ten="30,2000,0" yaku="19,1,52,1" doraHai="97" who="1" fromWho="1" sc="370,-11,210,23,210,-6,210,-6" /><INIT seed="1,0,0,5,2,54" ten="359,233,204,204" oya="1" hai0="10,60,73,92,48,13,119,72,31,52,74,112,81" hai1="3,51,80,35,114,78,70,61,116,83,6,123,91" hai2="105,113,134,24,50,84,26,67,25,55,19,109,46" hai3="32,132,101,17,22,30,102,117,42,135,33,56,7"/><U27/><E114/><V41/><F105/><W126/><G42/><T39/><D39/><U20/><E116/><V97/><F109/><W98/><G7/><T103/><D112/><U59/><E35/><V87/><F134/><N who="3" m="51243" /><G30/><T100/><D31/><U107/><E123/><V1/><F1/><W93/><G126/><T99/><D60/><U4/><E70/><V71/><F113/><W75/><G75/><T5/><D119/><U120/><E107/><V90/><F71/><W62/><G102/><T118/><D118/><U12/><E3/><V43/><F67/><N who="3" m="39367" /><G117/><T122/><D103/><U44/><E120/><V94/><F43/><W21/><G21/><T77/><REACH who="0" step="1"/><D122/><REACH who="0" ten="349,233,204,204" step="2"/><U36/><E36/><V9/><REACH who="2" step="1"/><F41/><REACH who="2" ten="349,233,194,204" step="2"/><W49/><G49/><T79/><D79/><U57/><E78/><V45/><F45/><AGARI ba="0,2" hai="5,10,13,45,48,52,72,73,74,77,81,92,99,100" machi="45" ten="30,12000,2" yaku="1,1,7,1,54,1,53,3" doraHai="54" doraHaiUra="106" who="0" fromWho="2" sc="349,140,233,0,194,-120,204,0" /><INIT seed="2,0,0,3,5,100" ten="489,233,74,204" oya="2" hai0="96,86,35,109,97,44,40,74,12,21,24,3,4" hai1="108,8,20,104,90,105,18,37,121,5,94,38,91" hai2="49,46,62,64,10,65,45,89,76,128,51,19,117" hai3="69,28,33,27,78,77,133,72,25,114,56,125,58"/><V116/><F76/><N who="3" m="29291" /><G28/><T42/><D42/><U99/><E108/><V81/><F81/><W22/><G22/><T127/><D86/><U32/><E32/><V131/><F89/><W52/><G52/><T63/><D63/><U83/><E121/><V67/><F19/><W53/><G53/><T71/><D74/><U70/><E70/><V9/><F62/><W112/><G33/><T50/><D71/><U66/><E66/><V55/><F10/><W92/><G92/><T16/><D127/><U31/><E31/><V123/><F9/><W102/><G102/><T101/><D109/><U54/><E54/><V134/><F134/><W57/><G69/><T39/><D39/><U79/><E91/><V30/><F30/><W36/><G36/><T120/><D120/><U68/><E68/><V111/><F111/><W126/><G72/><T103/><D101/><U2/><E38/><V95/><F95/><W106/><G106/><T48/><D50/><U87/><REACH who="1" step="1"/><E37/><REACH who="1" ten="489,223,74,204" step="2"/><V43/><REACH who="2" step="1"/><F123/><REACH who="2" ten="489,223,64,204" step="2"/><W61/><G133/><T41/><D35/><U0/><E0/><V129/><AGARI ba="0,2" hai="43,45,46,49,51,55,64,65,67,116,117,128,129,131" machi="129" ten="40,18000,2" yaku="1,1,2,1,0,1,19,1,34,3,53,0" doraHai="100" doraHaiUra="34" who="2" fromWho="2" sc="489,-60,223,-60,64,200,204,-60" /><INIT seed="2,1,0,1,2,85" ten="429,163,264,144" oya="2" hai0="34,57,19,16,28,127,134,71,129,61,29,12,120" hai1="73,108,69,4,21,7,42,13,55,22,56,38,67" hai2="0,118,114,3,95,64,51,93,100,52,49,23,6" hai3="112,113,20,5,83,10,11,76,89,78,63,14,107"/><V48/><F114/><N who="3" m="44139" /><G107/><T18/><D120/><U43/><E73/><V33/><F118/><W77/><G63/><T97/><D71/><U80/><E108/><V17/><F33/><W110/><G110/><T41/><D129/><U88/><E67/><V106/><F64/><W117/><G117/><T27/><D41/><N who="1" m="15371" /><E69/><V131/><F131/><W74/><G20/><N who="1" m="7786" /><E13/><V90/><F6/><N who="3" m="3415" /><G89/><T53/><D28/><U96/><E38/><V104/><F100/><W32/><G32/><T26/><D27/><U40/><E40/><V98/><F106/><W116/><G116/><T66/><D134/><U36/><E36/><V15/><F104/><W105/><G105/><T121/><D121/><U50/><E80/><V2/><REACH who="2" step="1"/><F95/><AGARI ba="1,0" hai="4,7,50,55,56,88,95,96" m="7786,15371" machi="95" ten="30,3900,0" yaku="8,1,52,1,54,1" doraHai="85" who="1" fromWho="2" sc="429,0,163,42,264,-42,144,0" /><INIT seed="3,0,0,4,1,81" ten="429,205,222,144" oya="3" hai0="75,50,37,57,2,102,51,135,21,76,17,5,94" hai1="111,22,54,26,110,125,115,16,62,70,65,114,56" hai2="45,112,67,15,109,46,34,13,25,60,66,0,74" hai3="121,133,71,97,42,39,48,95,85,44,4,43,28"/><W3/><G121/><T105/><D37/><U52/><E125/><V113/><F74/><W117/><G117/><T103/><D75/><U1/><E1/><V69/><F0/><W88/><G71/><T55/><D76/><U53/><REACH who="1" step="1"/><E70/><REACH who="1" ten="429,195,222,144" step="2"/><V126/><F69/><W127/><G127/><T119/><D119/><U33/><E33/><V86/><F126/><W93/><G133/><T36/><D135/><U40/><E40/><V118/><F34/><W90/><G28/><T18/><D2/><U132/><E132/><V124/><F124/><W96/><G96/><T122/><D122/><U9/><E9/><V30/><F113/><AGARI ba="0,1" hai="16,22,26,52,53,54,56,62,65,110,111,113,114,115" machi="113" ten="40,5200,0" yaku="1,1,54,2,53,0" doraHai="81" doraHaiUra="83" who="1" fromWho="2" sc="429,0,195,62,222,-52,144,0" /><INIT seed="4,0,0,5,5,106" ten="429,257,170,144" oya="0" hai0="134,111,16,52,76,64,74,122,131,45,11,79,69" hai1="13,99,70,95,29,39,118,88,65,108,124,116,55" hai2="67,21,132,34,27,115,104,4,113,42,112,28,59" hai3="6,96,63,5,68,90,93,103,50,97,109,87,135"/><T8/><D122/><U23/><E108/><V46/><F104/><W60/><G109/><T114/><D111/><U123/><E39/><V51/><F132/><W32/><G32/><T100/><D100/><U7/><E124/><V56/><F67/><W10/><G6/><T119/><D119/><U72/><E72/><V81/><F34/><W9/><G9/><T24/><D131/><U37/><E37/><V2/><F2/><W117/><G97/><T53/><D114/><U71/><E123/><V31/><F31/><W15/><G135/><T14/><D134/><U58/><E65/><V83/><REACH who="2" step="1"/><F4/><REACH who="2" ten="429,257,160,144" step="2"/><W82/><G117/><T40/><D64/><U19/><E29/><V17/><F17/><W20/><G68/><T84/><D69/><U101/><E7/><V48/><F48/><W127/><G127/><T77/><D8/><U120/><E120/><V12/><F12/><N who="3" m="5199" /><G50/><T66/><D24/><U26/><E118/><V33/><F33/><W102/><G102/><T107/><D66/><U0/><E0/><V86/><F86/><W92/><G92/><T121/><D84/><N who="1" m="52615" /><E116/><V105/><F105/><W89/><G103/><T61/><D107/><N who="1" m="63935" /><E26/><V110/><F110/><W85/><G85/><T18/><D121/><U75/><E75/><V25/><F25/><W36/><G36/><T62/><D74/><U80/><E80/><AGARI ba="0,1" hai="21,27,28,42,46,51,56,59,80,81,83,112,113,115" machi="80" ten="40,2600,0" yaku="1,1,15,1,53,0" doraHai="106" doraHaiUra="94" who="2" fromWho="1" sc="429,0,257,-26,160,36,144,0" /><INIT seed="5,0,0,5,1,89" ten="429,231,196,144" oya="1" hai0="62,47,44,66,68,21,12,38,135,56,90,111,97" hai1="33,73,102,119,63,129,30,19,28,120,2,9,108" hai2="121,18,43,14,46,67,72,4,69,55,84,74,132" hai3="107,53,83,54,76,114,57,95,26,110,104,40,112"/><U123/><E73/><V105/><F132/><W85/><G40/><T3/><D3/><U13/><E63/><V70/><F105/><W96/><G26/><T124/><D124/><U94/><E102/><V122/><F84/><N who="3" m="48231" /><G54/><T1/><D1/><U25/><E94/><V113/><F4/><W31/><G31/><T10/><D111/><U93/><E93/><V45/><F14/><W100/><G110/><T16/><D135/><U126/><E129/><V117/><F18/><W127/><G127/><T75/><D75/><U58/><E58/><V115/><F67/><W61/><G85/><T133/><D133/><U32/><E108/><V8/><F8/><W77/><G77/><T36/><D36/><U109/><E109/><V41/><REACH who="2" step="1"/><F55/><REACH who="2" ten="429,231,186,144" step="2"/><W49/><G61/><T130/><D130/><U0/><E126/><V92/><F92/><W27/><G27/><T103/><D10/><U131/><E131/><V29/><F29/><W22/><G22/><T24/><D12/><U78/><E30/><V99/><F99/><W42/><G42/><T65/><D66/><U35/><E2/><V52/><F52/><W51/><G51/><T98/><D38/><U17/><E0/><V11/><F11/><W5/><G5/><T81/><D98/><U80/><E28/><V37/><F37/><W79/><G79/><T34/><D34/><U23/><E35/><V59/><F59/><W128/><G128/><T6/><D6/><U106/><E33/><V87/><F87/><W125/><G125/><T7/><D7/><U50/><E32/><V88/><F88/><N who="3" m="55399" /><G104/><N who="0" m="63599" /><D56/><U116/><E106/><RYUUKYOKU ba="0,1" sc="429,10,231,-30,186,10,144,10" hai0="16,21,24,44,47,62,65,68,81,90" hai2="41,43,45,46,69,70,72,74,113,115,117,121,122" hai3="49,53,57,100,107,112,114" /><INIT seed="6,1,1,2,5,14" ten="439,201,196,154" oya="2" hai0="9,4,112,51,91,8,127,44,87,134,35,103,83" hai1="123,20,100,28,66,25,50,59,26,68,75,114,73" hai2="58,52,116,22,53,63,56,55,72,70,21,42,33" hai3="18,115,130,88,31,104,34,30,84,135,133,5,117"/><V19/><F72/><W98/><G117/><T27/><D112/><U80/><E68/><V2/><F2/><W85/><G34/><T29/><D134/><N who="3" m="51209" /><G5/><T106/><D127/><U67/><E100/><V93/><F116/><W95/><G130/><T122/><D122/><U15/><E114/><V7/><F7/><W126/><G126/><T90/><D90/><U23/><E15/><V121/><F121/><W94/><G104/><T36/><D36/><U61/><E123/><V77/><F33/><W76/><G115/><T24/><D24/><U129/><E129/><V125/><F125/><W102/><G18/><T69/><D69/><U45/><E67/><V131/><F131/><W17/><G17/><T40/><D9/><U3/><E3/><V82/><F93/><W71/><G71/><T119/><D103/><U13/><E13/><V81/><F22/><W109/><G109/><T6/><D119/><U113/><E113/><V46/><F70/><W41/><G41/><T11/><D106/><U1/><E1/><V39/><F77/><W79/><G85/><T74/><D74/><U132/><E132/><V107/><F107/><W64/><G64/><T38/><D38/><U128/><E128/><V96/><F96/><W78/><AGARI ba="1,1" hai="30,31,76,78,79,84,88,94,95,98,102" m="51209" machi="78" ten="30,2000,0" yaku="20,1,54,1" doraHai="14" who="3" fromWho="3" sc="439,-6,201,-6,196,-11,154,33" /><INIT seed="7,0,0,4,5,111" ten="433,195,185,187" oya="3" hai0="80,46,63,21,39,44,113,68,103,75,101,135,52" hai1="122,117,71,105,86,49,91,87,129,43,59,0,124" hai2="1,95,102,106,62,15,126,123,92,27,72,69,119" hai3="5,128,48,7,9,23,50,6,127,16,45,104,34"/><W109/><G34/><T134/><D39/><U94/><E71/><V89/><F15/><N who="3" m="5551" /><G104/><T120/><D120/><U25/><E122/><V33/><F1/><W121/><G121/><T4/><D4/><N who="3" m="1577" /><G109/><T42/><D113/><U3/><E124/><V85/><F123/><W60/><G127/><T37/><D21/><U133/><E105/><V57/><F126/><W22/><G128/><T31/><D31/><U40/><E117/><V82/><F119/><W18/><G60/><T83/><D68/><U100/><E3/><V2/><F2/><W97/><G97/><T53/><D75/><U36/><E0/><V32/><F69/><W107/><G107/><T76/><D63/><U11/><E129/><V19/><F19/><N who="3" m="7211" /><G50/><T61/><D61/><U108/><E36/><V84/><F72/><W98/><G98/><T30/><D37/><U10/><E108/><V26/><F106/><W70/><G70/><T66/><D66/><U65/><E65/><N who="2" m="39119" /><F33/><W13/><G13/><T115/><D76/><U112/><E49/><V88/><F32/><W56/><G56/><T51/><D51/><U131/><E59/><V73/><F73/><W90/><G90/><T125/><D125/><U12/><E131/><V54/><F54/><AGARI ba="0,0" hai="22,23,45,48,54" m="7211,1577,5551" machi="54" ten="30,2900,0" yaku="8,1,54,1" doraHai="111" who="3" fromWho="2" sc="433,0,195,0,185,-29,187,29" /><INIT seed="7,1,0,0,2,68" ten="433,195,156,216" oya="3" hai0="65,7,9,0,73,12,55,49,122,101,64,126,84" hai1="96,13,8,43,38,25,109,23,44,17,11,91,127" hai2="114,118,74,42,41,90,124,39,1,115,57,47,72" hai3="48,70,108,37,95,28,10,19,45,61,110,33,75"/><W113/><G75/><N who="2" m="28713" /><F90/><W16/><G113/><N who="2" m="43017" /><F118/><W56/><G70/><T52/><D122/><U107/><E127/><V76/><F76/><W135/><G135/><T69/><D101/><U80/><E109/><N who="3" m="42090" /><G10/><T85/><D126/><U53/><E53/><V131/><F57/><W26/><G95/><T32/><D32/><U27/><E107/><V116/><F116/><W82/><G82/><T35/><D35/><U59/><E59/><V51/><F51/><W87/><G87/><N who="0" m="33355" /><D0/><U46/><E80/><V29/><F29/><W54/><G37/><T67/><D69/><U36/><E36/><N who="2" m="21927" /><F1/><W30/><G30/><T40/><D73/><U134/><E134/><V58/><F58/><W18/><G18/><T20/><D20/><U79/><E79/><V93/><F93/><W132/><G132/><T78/><D78/><U94/><E46/><AGARI ba="1,0" hai="7,9,12,40,46,49,52,55,64,65,67" m="33355" machi="46" ten="30,2000,0" yaku="8,1,54,1" doraHai="68" who="0" fromWho="1" sc="433,23,195,-23,156,0,216,0" owari="456,55.0,172,-23.0,156,-34.0,216,2.0" /></mjloggm>