<mjloggm ver="2.3"><GO type="41" lobby="0"/><UN n0="%E2%93%9D%53%75%70%68%78" n1="%E3%83%94%E3%83%B3%E3%82%B6%E3%82%B5%E3%83%BC%E3%83%89" n2="%E3%81%8A%E9%81%8D%E8%B7%AF%E3%81%95%E3%82%93" n3="%E8%87%AA%E7%94%B1%E3%81%AA%E9%BA%BB%E9%9B%80" dan="18,15,15,13" rate="2121.14,2012.23,2000.49,1821.64" sx="M,M,M,M"/><TAIKYOKU oya="0"/><INIT seed="0,0,0,1,0,96" ten="250,250,250,250" oya="0" hai0="52,48,80,19,62,79,76,101,135,20,94,67,125" hai1="82,2,121,132,110,13,123,106,81,70,39,5,129" hai2="3,133,100,124,87,113,29,10,61,130,112,78,43" hai3="89,53,88,126,84,131,105,27,59,25,73,31,120"/><T33/><D33/><U47/><E70/><V1/><F43/><W71/><G71/><T58/><D125/><U56/><E2/><V103/><F29/><W34/><G105/><T37/><D135/><U42/><E132/><V72/><F72/><W75/><G131/><T104/><D104/><U107/><E129/><V122/><F133/><W35/><G126/><T6/><D6/><U26/><E107/><V117/><F130/><W77/><G77/><T85/><D37/><U65/><E106/><V66/><F124/><W45/><G45/><T68/><D79/><U18/><E110/><V51/><F122/><W49/><G49/><BYE who="3" /><T55/><D68/><U12/><E26/><V69/><F51/><W7/><G7/><T15/><D48/><U44/><E5/><V83/><F117/><W17/><G17/><T119/><D119/><U24/><E12/><V57/><F57/><W91/><G91/><T46/><D46/><U38/><E24/><V118/><F118/><W41/><G41/><T0/><D0/><U134/><E47/><V40/><F40/><W30/><G30/><T95/><D95/><U127/><E38/><V93/><F93/><W74/><G74/><T102/><D94/><U97/><E127/><V14/><F1/><W128/><G128/><T116/><D116/><U109/><E97/><V28/><F3/><W64/><G64/><T32/><D32/><UN n3="%E8%87%AA%E7%94%B1%E3%81%AA%E9%BA%BB%E9%9B%80" /><U86/><E109/><V9/><F28/><N who="3" m="19727" /><G120/><N who="1" m="46154" /><E134/><V22/><F22/><W108/><G108/><T111/><D111/><U4/><E4/><N who="2" m="3367" /><F10/><W8/><G8/><T23/><D23/><N who="1" m="11727" /><E86/><V63/><F63/><AGARI ba="0,0" hai="39,42,44,56,63,65,81,82" m="11727,46154" machi="63" ten="30,1000,0" yaku="6,1" doraHai="96" who="1" fromWho="2" sc="250,0,250,10,250,-10,250,0" /><INIT seed="1,0,0,0,3,135" ten="250,260,240,250" oya="1" hai0="47,109,23,114,89,12,105,53,113,116,80,61,118" hai1="106,71,97,21,69,88,15,68,121,131,46,4,41" hai2="117,64,55,44,119,39,45,110,70,8,74,108,115" hai3="134,27,87,98,129,32,59,42,101,90,37,82,48"/><U124/><E121/><V40/><F74/><W96/><G37/><T102/><D23/><U111/><E131/><V73/><F73/><W123/><G123/><T85/><D12/><U13/><E111/><N who="2" m="42539" /><F8/><W67/><G134/><T5/><D5/><U75/><E75/><V72/><F72/><W35/><G129/><T65/><D109/><U63/><E124/><V17/><F17/><W19/><G19/><T78/><D53/><U86/><E63/><N who="2" m="40223" /><F115/><W34/><G27/><T99/><D47/><U51/><E4/><V57/><F44/><W127/><G127/><T28/><D28/><U0/><E0/><V95/><F95/><W49/><G42/><T125/><D125/><U25/><E106/><V94/><F94/><W30/><G30/><T26/><D26/><U107/><E97/><V62/><AGARI ba="0,0" hai="39,40,45,55,57,62,117,119" m="40223,42539" machi="62" ten="30,4000,0" yaku="14,1,34,2" doraHai="135" who="2" fromWho="2" sc="250,-10,260,-20,240,40,250,-10" /><INIT seed="2,0,0,4,2,41" ten="240,240,280,240" oya="2" hai0="91,16,122,39,63,60,129,110,49,112,100,131,53" hai1="59,58,21,47,72,23,123,130,38,71,105,81,35" hai2="101,11,86,69,75,93,102,33,109,45,42,113,1" hai3="103,7,18,135,48,76,24,73,14,99,66,0,57"/><V74/><F113/><W124/><G0/><T121/><D100/><U77/><E123/><N who="0" m="47113" /><D91/><U117/><E117/><V119/><F119/><W62/><G7/><T13/><D39/><U127/><E35/><V20/><F33/><W126/><G73/><T31/><D31/><U98/><E130/><N who="0" m="49673" /><D110/><U4/><E71/><V104/><F69/><W10/><G76/><T80/><D80/><U15/><E127/><N who="3" m="48682" /><G135/><T114/><D16/><U108/><E108/><V40/><F109/><W120/><G120/><T54/><D13/><U84/><E72/><V32/><F20/><W29/><G48/><T27/><D27/><U64/><E105/><V52/><F32/><N who="3" m="20519" /><G99/><T106/><D106/><U2/><E98/><V82/><F104/><W26/><G26/><T56/><D63/><U22/><E2/><V68/><F1/><W55/><G103/><T51/><D51/><U46/><E38/><V94/><F102/><W70/><G70/><T134/><D134/><U118/><E118/><V115/><F68/><W17/><G17/><T85/><D85/><U8/><E64/><AGARI ba="0,0" hai="10,14,18,55,57,62,64,66" m="20519,48682" machi="64" ten="30,1000,0" yaku="18,1" doraHai="41" who="3" fromWho="1" sc="240,0,240,-10,280,0,240,10" /><INIT seed="3,0,0,3,1,100" ten="240,230,280,250" oya="3" hai0="14,32,42,67,65,72,130,52,89,9,31,97,45" hai1="54,59,27,125,110,79,7,123,127,90,112,116,35" hai2="50,22,87,33,77,0,38,43,44,134,39,15,51" hai3="133,34,17,28,30,107,3,75,126,120,102,5,99"/><W8/><G120/><T47/><D72/><U124/><E123/><V23/><F33/><W101/><G75/><T2/><D2/><U85/><E112/><V109/><F0/><W24/><G133/><T18/><D130/><U53/><E116/><V40/><F109/><W13/><G126/><T48/><D32/><U111/><E7/><V135/><F87/><W60/><G60/><T4/><D31/><N who="1" m="19967" /><E79/><V62/><F62/><W93/><G30/><T46/><D4/><U119/><E119/><V16/><F77/><W19/><G19/><T86/><D97/><U108/><E59/><V131/><F131/><W1/><G1/><T76/><D76/><U129/><E129/><V49/><REACH who="2" step="1"/><F23/><REACH who="2" ten="240,230,270,250" step="2"/><W91/><G3/><T84/><D84/><U11/><E11/><V66/><F66/><N who="0" m="25098" /><D42/><U88/><E90/><V29/><F29/><W82/><G82/><AGARI ba="0,1" hai="9,14,18,45,46,47,48,52,82,86,89" m="25098" machi="82" ten="30,3900,0" yaku="25,1,8,1,54,1" doraHai="100" who="0" fromWho="3" sc="240,49,230,0,270,0,250,-39" /><AGARI ba="0,0" hai="53,54,82,85,88,108,110,111,124,125,127" m="19967" machi="82" ten="40,5200,0" yaku="14,1,18,1,54,1" doraHai="100" who="1" fromWho="3" sc="289,0,230,52,270,0,211,-52" /><INIT seed="4,0,0,2,0,52" ten="289,282,270,159" oya="0" hai0="80,97,125,32,18,96,77,51,27,102,22,9,127" hai1="73,113,121,104,10,26,59,0,112,57,54,76,23" hai2="31,105,14,132,28,93,98,128,78,130,106,108,17" hai3="90,16,12,135,124,36,19,122,84,44,72,25,64"/><T70/><D70/><U69/><E121/><V101/><F108/><W100/><G72/><T118/><D118/><U38/><E69/><V47/><F78/><W46/><G135/><T134/><D32/><U83/><E38/><V114/><F114/><N who="1" m="44137" /><E104/><V29/><F132/><W45/><G124/><N who="0" m="47691" /><D134/><U92/><E54/><V123/><F123/><W37/><G100/><T40/><D9/><U81/><E92/><V74/><F74/><W87/><G64/><T41/><D51/><U107/><E107/><V2/><F2/><W61/><G61/><T13/><D13/><U49/><E49/><V119/><F47/><W55/><G55/><T65/><D65/><U33/><E33/><V21/><REACH who="2" step="1"/><F119/><REACH who="2" ten="289,282,260,159" step="2"/><W75/><G75/><N who="0" m="43071" /><D97/><U53/><E73/><V88/><F88/><W39/><G122/><T133/><D133/><U68/><E76/><V85/><F85/><W66/><G90/><T4/><D4/><N who="1" m="1287" /><E68/><V91/><F91/><W110/><G110/><T48/><D48/><U30/><E53/><V82/><F82/><AGARI ba="0,1" hai="23,26,30,57,59,81,82,83" m="1287,44137" machi="82" ten="30,7700,0" yaku="15,1,11,1,52,2" doraHai="52" who="1" fromWho="2" sc="289,0,282,87,260,-77,159,0" /><INIT seed="5,0,0,4,1,41" ten="289,369,183,159" oya="1" hai0="78,70,95,54,37,47,107,55,126,24,89,28,66" hai1="103,96,84,82,111,132,92,116,122,26,90,101,35" hai2="75,69,4,20,94,77,0,68,104,131,45,73,63" hai3="114,127,117,57,105,2,43,31,62,119,106,134,74"/><U67/><E122/><V109/><F104/><W18/><G2/><T118/><D107/><U15/><E111/><V91/><F109/><W59/><G74/><T19/><D78/><U50/><E116/><N who="3" m="44618" /><G134/><T39/><D126/><U61/><E132/><V30/><F0/><W115/><G31/><T36/><D19/><U65/><E65/><V64/><F4/><W23/><G127/><T71/><D118/><U110/><E110/><V46/><F69/><W7/><G7/><T32/><D66/><U120/><E120/><V51/><F131/><W79/><G79/><T34/><D34/><U100/><E15/><V135/><F135/><W97/><G43/><T129/><D129/><U6/><E6/><V124/><F124/><W12/><G105/><T80/><D80/><U10/><E10/><V8/><F8/><W133/><G133/><T11/><D11/><U38/><E38/><V72/><F77/><W98/><G106/><T113/><D113/><N who="3" m="43017" /><G59/><T60/><D71/><U102/><E50/><V3/><F3/><W40/><G40/><T48/><D70/><U83/><E83/><V53/><F30/><W112/><G112/><T5/><D5/><U99/><E35/><V13/><F20/><W49/><G49/><T87/><REACH who="0" step="1"/><D39/><REACH who="0" ten="279,369,183,159" step="2"/><U56/><REACH who="1" step="1"/><E26/><REACH who="1" ten="279,359,183,159" step="2"/><V33/><F33/><W128/><G128/><T25/><D25/><U42/><E42/><V44/><REACH who="2" step="1"/><F13/><REACH who="2" ten="279,359,173,159" step="2"/><W76/><G12/><T52/><D52/><U17/><E17/><V108/><F108/><W125/><G125/><T14/><D14/><U1/><E1/><V22/><F22/><W9/><G23/><RYUUKYOKU ba="0,3" sc="279,10,359,10,173,10,159,-30" hai0="24,28,32,36,37,47,48,54,55,60,87,89,95" hai1="56,61,67,82,84,90,92,96,99,100,101,102,103" hai2="44,45,46,51,53,63,64,68,72,73,75,91,94" /><INIT seed="5,1,3,5,2,88" ten="289,369,183,129" oya="1" hai0="9,133,18,10,71,85,69,122,35,86,5,67,104" hai1="127,77,17,113,58,135,118,97,20,61,21,30,56" hai2="34,93,33,29,99,52,73,132,123,11,43,50,64" hai3="2,4,44,116,3,24,94,60,12,112,28,100,80"/><U79/><E118/><V32/><F123/><W102/><G112/><T59/><D104/><U55/><E113/><V8/><F73/><W120/><G120/><T78/><D35/><U1/><E1/><V57/><F132/><W6/><G116/><T117/><D117/><U49/><E135/><V83/><F83/><W114/><G114/><T23/><D133/><U82/><E127/><V38/><F29/><W129/><G129/><T19/><D59/><U87/><E30/><V46/><REACH who="2" step="1"/><F64/><REACH who="2" ten="289,369,173,129" step="2"/><W15/><G28/><T42/><D67/><U41/><E77/><V37/><F37/><W45/><G80/><T90/><D78/><U62/><E62/><V68/><F68/><W92/><G60/><T109/><D71/><U107/><E61/><V91/><AGARI ba="1,4" hai="8,11,32,33,34,38,43,46,50,52,57,91,93,99" machi="91" ten="30,7900,0" yaku="1,1,0,1,52,1,54,1,53,0" doraHai="88" doraHaiUra="96" who="2" fromWho="2" sc="289,-21,369,-40,173,122,129,-21" /><INIT seed="6,0,0,2,3,31" ten="268,329,295,108" oya="2" hai0="75,110,88,7,106,122,93,100,15,81,95,108,52" hai1="58,59,124,74,39,1,92,123,64,117,82,49,41" hai2="91,48,109,17,121,30,104,23,62,105,125,36,8" hai3="42,103,70,14,47,51,29,132,76,46,12,55,19"/><V120/><F36/><W2/><G2/><T67/><D67/><U66/><E117/><V128/><F105/><W37/><G70/><T112/><D7/><U116/><E116/><V61/><F104/><W56/><G132/><T40/><D40/><U80/><E124/><V9/><F125/><W25/><G103/><T33/><D15/><U115/><E115/><V45/><F128/><W16/><G76/><T5/><D5/><U10/><E123/><V89/><F120/><W11/><G42/><T113/><D33/><U6/><E80/><V0/><F109/><N who="0" m="42090" /><D52/><N who="1" m="32015" /><E92/><N who="0" m="35401" /><D122/><U133/><E133/><V53/><F121/><W71/><G71/><T35/><D35/><U13/><E13/><V21/><F0/><W50/><G37/><T20/><D20/><N who="2" m="7754" /><F30/><W96/><G96/><N who="0" m="61703" /><D75/><U111/><E59/><N who="2" m="35055" /><F62/><W3/><G3/><T69/><D69/><U129/><E111/><V43/><F17/><W98/><G98/><T97/><D97/><U127/><E129/><V32/><F32/><W28/><G56/><T84/><AGARI ba="0,0" hai="81,84,88,112,113" m="61703,35401,42090" machi="84" ten="40,5200,0" yaku="34,2,54,1" doraHai="31" who="0" fromWho="0" sc="268,52,329,-13,295,-26,108,-13" /><INIT seed="7,0,0,1,0,110" ten="320,316,269,95" oya="3" hai0="70,31,42,78,15,134,79,101,92,40,9,129,124" hai1="45,43,126,10,90,7,127,108,65,87,27,1,22" hai2="121,4,123,13,24,105,12,36,2,86,113,116,56" hai3="25,35,98,46,37,76,0,8,117,16,75,71,57"/><W132/><G117/><T49/><D70/><U115/><E115/><V29/><F105/><W58/><G71/><T91/><D129/><U64/><E108/><V30/><F36/><W83/><G98/><N who="0" m="59591" /><D134/><U48/><E126/><V88/><F116/><W125/><G125/><T69/><D69/><U82/><E127/><V23/><F56/><W18/><G132/><T99/><D31/><AGARI ba="0,0" hai="1,7,10,22,27,31,43,45,48,64,65,82,87,90" machi="31" ten="30,1000,0" yaku="7,1" doraHai="110" who="1" fromWho="0" sc="320,-10,316,10,269,0,95,0" owari="310,11.0,326,42.0,269,-13.0,95,-40.0" /></mjloggm>