<mjloggm ver="2.3"><GO type="41" lobby="0"/><UN n0="%E2%93%9D%53%75%70%68%78" n1="%53%68%6F%6A%69" n2="%E7%94%B2%E5%8D%97%E5%B1%B1%E6%89%8B" n3="%E5%90%89%E7%A5%A5%2E%79%66" dan="19,14,13,15" rate="2220.14,1905.43,1971.68,2068.46" sx="M,M,F,M"/><TAIKYOKU oya="0"/><INIT seed="0,0,0,1,2,98" ten="250,250,250,250" oya="0" hai0="38,103,87,28,100,11,67,107,119,127,0,42,104" hai1="1,86,82,74,111,134,95,24,57,133,47,18,110" hai2="13,109,4,30,21,115,12,15,55,120,5,20,78" hai3="80,129,10,46,81,93,72,123,27,126,52,135,89"/><T94/><D119/><U40/><E1/><V17/><F78/><W91/><G123/><T32/><D67/><U132/><E74/><V58/><F120/><W14/><G129/><T112/><D112/><U71/><E71/><V77/><F77/><W41/><G72/><T108/><D127/><U2/><E2/><V101/><F101/><N who="0" m="38986" /><D42/><U36/><E95/><V70/><F70/><W117/><G126/><T7/><D38/><U79/><E57/><V22/><F58/><W85/><G41/><T35/><D94/><U23/><AGARI ba="0,0" hai="18,23,24,36,40,47,79,82,86,110,111,132,133,134" machi="23" ten="40,2700,0" yaku="0,1,20,1" doraHai="98" who="1" fromWho="1" sc="250,-13,250,27,250,-7,250,-7" /><INIT seed="1,0,0,0,2,132" ten="237,277,243,243" oya="1" hai0="82,107,122,24,114,20,112,36,104,117,93,129,68" hai1="131,100,49,31,34,126,95,106,37,124,89,119,99" hai2="91,3,47,76,41,125,128,35,103,27,42,121,56" hai3="53,12,80,23,63,40,58,59,43,16,38,70,127"/><U51/><E119/><V109/><F121/><W97/><G70/><T61/><D36/><U81/><E37/><V120/><F120/><W30/><G38/><T92/><D122/><U9/><E131/><V86/><F76/><W73/><G30/><T48/><D48/><U85/><E9/><V90/><F3/><W13/><G73/><T39/><D39/><U79/><E31/><V64/><F128/><W7/><G80/><T45/><D129/><U60/><E34/><V11/><F103/><W33/><G33/><T17/><D45/><U134/><E134/><V94/><F11/><W71/><G71/><T67/><D117/><U75/><E60/><V108/><F27/><W84/><G84/><T110/><D110/><U65/><E65/><V101/><F101/><W19/><G7/><T77/><D114/><U78/><E79/><V62/><F47/><W29/><G29/><T32/><D112/><U0/><E0/><V44/><F44/><W96/><G127/><AGARI ba="0,0" hai="49,51,75,78,81,85,89,95,99,100,106,124,126,127" machi="127" ten="40,18000,2" yaku="24,2,18,1,52,3" doraHai="132" who="1" fromWho="3" sc="237,0,277,180,243,0,243,-180" /><INIT seed="1,1,0,4,1,15" ten="237,457,243,63" oya="1" hai0="22,37,94,71,31,96,52,91,13,33,80,54,74" hai1="118,122,81,20,62,93,42,87,2,77,113,60,114" hai2="98,121,18,47,26,8,117,53,16,79,125,84,92" hai3="112,67,21,66,27,101,7,38,105,131,75,78,95"/><U0/><E118/><V85/><F121/><W63/><G38/><T61/><D37/><U110/><E122/><V73/><F125/><W133/><G105/><T124/><D33/><U10/><E110/><V56/><F73/><W82/><G112/><T70/><D124/><U129/><E129/><V25/><F47/><W135/><G7/><T100/><D71/><U97/><E42/><V4/><F117/><W128/><G101/><T49/><D70/><U29/><E114/><V86/><F79/><W126/><G95/><T24/><D61/><U116/><E116/><V44/><F44/><W34/><G34/><T17/><D49/><U130/><E130/><N who="3" m="49706" /><G126/><T104/><D74/><U46/><E46/><V107/><F107/><W103/><G103/><T3/><D3/><U90/><E113/><V108/><F108/><W106/><G106/><T64/><D64/><N who="3" m="24617" /><G63/><T28/><D104/><U89/><E77/><V57/><F57/><W68/><G68/><T111/><D111/><U69/><E69/><V9/><F4/><W115/><G115/><T41/><D41/><U55/><E62/><N who="2" m="36111" /><F26/><W40/><G40/><T6/><D6/><U39/><E0/><V35/><F25/><W120/><G120/><T119/><D119/><U36/><E2/><V99/><F35/><W48/><G48/><T134/><D24/><N who="1" m="16519" /><E10/><N who="2" m="4203" /><F99/><W76/><G76/><T5/><D5/><U123/><E123/><V102/><AGARI ba="1,0" hai="16,18,84,85,86,92,98,102" m="4203,36111" machi="102" ten="30,7900,0" yaku="8,1,52,2,54,1" doraHai="15" who="2" fromWho="2" sc="237,-21,457,-40,243,82,63,-21" /><INIT seed="2,0,0,2,3,6" ten="216,417,325,42" oya="2" hai0="92,135,41,77,119,126,0,84,115,21,1,114,134" hai1="43,117,28,46,75,3,68,93,76,52,90,40,15" hai2="106,111,64,22,7,55,99,10,8,54,31,79,38" hai3="20,116,66,4,63,12,49,82,88,53,102,25,18"/><V19/><F111/><W58/><G116/><T128/><D41/><U87/><E3/><N who="0" m="1097" /><D77/><U50/><E117/><V133/><F38/><W94/><G102/><T120/><D119/><U32/><E68/><V91/><F79/><W80/><G4/><T95/><D84/><U48/><E75/><V13/><F31/><W108/><G25/><T44/><D44/><U59/><E76/><V105/><F105/><W57/><REACH who="3" step="1"/><G108/><REACH who="3" ten="216,417,325,32" step="2"/><T97/><D115/><U2/><E2/><V118/><F118/><W34/><G34/><T36/><D114/><U110/><E110/><V61/><F7/><W85/><AGARI ba="0,1" hai="12,18,20,49,53,57,58,63,66,80,82,85,88,94" machi="85" ten="20,16000,3" yaku="1,1,0,1,7,1,25,2,8,1,54,1,53,1" doraHai="6" doraHaiUra="9" who="3" fromWho="3" sc="216,-40,417,-40,325,-80,32,170" /><INIT seed="3,0,0,0,4,109" ten="176,377,245,202" oya="3" hai0="28,120,131,75,35,68,45,50,99,122,88,100,79" hai1="34,133,134,105,125,106,4,47,31,76,30,95,42" hai2="111,90,114,59,74,78,61,13,11,112,89,5,63" hai3="127,38,60,40,72,128,73,21,81,117,71,56,22"/><W87/><G117/><T107/><D131/><U126/><E4/><V102/><F111/><W97/><G71/><T98/><D68/><U86/><E34/><V3/><F102/><W54/><G128/><T8/><D8/><U17/><E17/><V101/><F101/><W92/><G127/><N who="1" m="48650" /><E31/><V121/><F121/><W2/><G2/><T55/><D79/><U36/><E30/><V19/><F78/><W83/><G83/><T84/><D99/><U77/><E77/><V129/><F74/><W94/><G94/><T57/><D75/><U96/><E96/><V9/><F129/><W80/><G80/><T33/><D28/><U91/><E76/><V39/><F39/><W24/><G21/><T48/><D122/><U93/><E93/><V85/><F63/><W62/><G62/><T15/><D15/><U124/><E124/><V123/><F123/><W18/><G38/><T64/><D120/><U110/><E110/><V49/><F49/><W58/><G40/><T41/><REACH who="0" step="1"/><D64/><REACH who="0" ten="166,377,245,202" step="2"/><U6/><E6/><V67/><REACH who="2" step="1"/><F90/><REACH who="2" ten="166,377,235,202" step="2"/><N who="3" m="51567" /><G73/><T27/><D27/><U132/><AGARI ba="0,2" hai="36,42,47,86,91,95,105,106,132,133,134" m="48650" machi="132" ten="40,2700,0" yaku="20,1,18,1" doraHai="109" who="1" fromWho="1" sc="166,-7,377,47,235,-7,202,-13" /><INIT seed="4,0,0,4,1,65" ten="159,424,228,189" oya="0" hai0="50,124,102,101,51,105,120,54,109,8,63,56,40" hai1="42,108,47,64,125,104,43,107,9,46,15,131,76" hai2="70,29,114,95,36,88,67,41,34,71,66,123,117" hai3="94,135,84,27,28,100,106,110,121,127,17,1,30"/><T58/><D120/><U87/><E108/><V12/><F123/><W103/><G110/><T119/><D109/><U128/><E125/><V7/><F114/><W115/><G121/><T13/><D124/><U25/><E64/><V72/><F72/><W52/><G127/><T53/><D119/><U3/><E3/><V20/><F117/><W57/><G106/><T82/><D105/><U60/><E60/><V0/><F36/><W48/><G1/><T2/><D2/><U68/><E68/><V91/><F41/><W10/><G115/><T89/><D40/><U122/><E25/><V86/><F91/><N who="3" m="53607" /><G135/><T16/><D63/><U37/><E122/><V26/><F67/><W111/><G111/><T118/><D118/><U35/><E35/><V39/><F39/><W77/><G77/><T31/><D31/><N who="3" m="11817" /><G10/><T22/><D8/><U96/><E87/><AGARI ba="0,0" hai="13,16,22,50,51,53,54,56,58,82,87,89,101,102" machi="87" ten="40,7700,0" yaku="9,1,8,1,54,1" doraHai="65" who="0" fromWho="1" sc="159,77,424,-77,228,0,189,0" /><INIT seed="4,1,0,1,3,71" ten="236,347,228,189" oya="0" hai0="73,53,64,77,122,72,81,50,51,38,131,133,14" hai1="46,85,115,11,78,101,33,124,32,135,3,1,17" hai2="92,8,109,111,45,63,56,16,107,2,26,103,10" hai3="49,126,68,132,116,54,40,31,61,74,121,62,27"/><T75/><D122/><U91/><E101/><V128/><F128/><W29/><G74/><T36/><D131/><U43/><E135/><V99/><F2/><W13/><G116/><T48/><D133/><U118/><E118/><V0/><F0/><W65/><G132/><T19/><D64/><U93/><E124/><V102/><F8/><W94/><G126/><T18/><D53/><U112/><E78/><V23/><F10/><W28/><G121/><T86/><REACH who="0" step="1"/><D19/><REACH who="0" ten="226,347,228,189" step="2"/><U24/><E17/><V89/><F111/><W44/><G54/><T37/><D37/><U97/><E43/><V60/><F109/><W39/><G39/><T15/><D15/><U134/><E134/><V52/><F107/><W127/><G127/><T30/><D30/><U114/><E1/><V34/><F63/><W4/><G61/><T42/><D42/><U83/><E3/><V9/><F9/><AGARI ba="1,1" hai="9,14,18,36,38,48,50,51,72,73,75,77,81,86" machi="9" ten="50,9600,0" yaku="1,1,52,2,53,0" doraHai="71" doraHaiUra="55" who="0" fromWho="2" sc="226,109,347,0,228,-99,189,0" /><INIT seed="4,2,0,3,1,130" ten="335,347,129,189" oya="0" hai0="20,77,56,72,84,35,107,103,62,118,71,38,22" hai1="128,42,57,34,45,91,97,18,4,74,23,132,37" hai2="0,51,30,15,67,92,75,66,63,68,116,76,8" hai3="58,127,10,59,135,28,79,49,109,134,19,122,89"/><T108/><D118/><U102/><E128/><V115/><F116/><W46/><G109/><T52/><D35/><U78/><E34/><V40/><F115/><W6/><G79/><T95/><D38/><U36/><E4/><V125/><F125/><W24/><G19/><T27/><D71/><U64/><E36/><V119/><F119/><W69/><G69/><T44/><D107/><U133/><E74/><V21/><F0/><W1/><G127/><T110/><D72/><U113/><E78/><V83/><F92/><W5/><G89/><T31/><D44/><U88/><E57/><V7/><F67/><W82/><G82/><T121/><D121/><U16/><E64/><V48/><REACH who="2" step="1"/><F40/><REACH who="2" ten="335,347,119,189" step="2"/><N who="3" m="24775" /><G122/><T17/><D110/><U124/><E113/><V47/><F47/><W25/><G6/><T41/><D108/><U54/><E124/><V2/><F2/><W106/><G106/><T13/><D41/><U3/><E3/><V93/><F93/><W94/><G94/><T81/><D95/><U53/><E53/><V50/><F50/><W112/><G112/><T26/><D103/><U14/><E54/><V55/><F55/><W98/><G98/><T105/><D105/><U70/><E45/><V99/><F99/><W87/><G87/><T33/><REACH who="0" step="1"/><D27/><AGARI ba="2,1" hai="7,8,15,21,27,30,48,51,63,66,68,75,76,83" machi="27" ten="40,1300,0" yaku="1,1,53,0" doraHai="130" doraHaiUra="114" who="2" fromWho="0" sc="335,-19,347,0,119,29,189,0" /><INIT seed="5,0,0,3,3,81" ten="316,347,148,189" oya="1" hai0="100,14,105,99,49,38,106,53,113,70,40,23,86" hai1="8,87,95,60,50,78,7,83,66,9,134,0,64" hai2="94,103,11,45,91,21,74,120,68,119,98,88,79" hai3="19,111,25,44,76,20,107,135,71,114,29,102,80"/><U34/><E34/><V82/><F68/><W16/><G71/><T27/><D113/><U122/><E122/><V97/><F120/><W69/><G69/><T33/><D38/><U77/><E134/><V93/><F45/><W123/><G111/><T37/><D40/><U96/><E77/><V118/><F11/><W72/><G123/><T4/><D106/><U104/><E104/><V5/><F5/><W57/><G114/><T56/><D37/><U10/><E50/><V117/><F21/><W124/><G124/><T32/><D70/><U52/><E52/><V59/><F59/><W61/><G135/><T48/><D48/><U112/><E112/><V92/><REACH who="2" step="1"/><F93/><REACH who="2" ten="316,347,138,189" step="2"/><W58/><G44/><T15/><D4/><U35/><E35/><V130/><F130/><W47/><G47/><T51/><D33/><U55/><E8/><V127/><F127/><W31/><G58/><T67/><D32/><U24/><E9/><V54/><F54/><W22/><G57/><T63/><D53/><U128/><E55/><V109/><F109/><W28/><G61/><T43/><D63/><U17/><E60/><V84/><F84/><W125/><G125/><T73/><D86/><U39/><E128/><V89/><AGARI ba="0,1" hai="74,79,82,88,89,91,92,94,97,98,103,117,118,119" machi="89" ten="40,12000,2" yaku="1,1,0,1,34,3,54,1,53,0" doraHai="81" doraHaiUra="42" who="2" fromWho="2" sc="316,-30,347,-60,138,130,189,-30" /><INIT seed="6,0,0,4,2,103" ten="286,287,268,159" oya="2" hai0="34,122,120,106,128,13,135,64,89,2,55,50,60" hai1="36,112,91,126,80,78,0,63,104,45,52,109,28" hai2="132,44,134,123,57,40,62,96,11,18,87,19,77" hai3="53,102,54,115,22,27,94,58,85,71,32,38,121"/><V29/><F123/><W15/><G71/><T84/><D2/><U93/><E109/><V33/><F33/><W74/><G74/><T95/><D34/><U24/><E104/><V61/><F29/><W42/><G121/><T14/><D106/><U23/><E0/><V21/><F11/><W3/><G3/><T116/><D128/><U59/><E112/><V130/><F130/><W16/><G38/><T69/><D135/><N who="2" m="51754" /><F96/><W101/><G42/><T20/><D116/><U30/><E126/><V67/><F62/><W108/><G108/><T124/><D124/><U127/><E127/><V10/><F10/><W82/><G94/><T99/><D122/><U56/><E56/><V114/><F21/><W41/><G41/><T81/><D20/><U129/><E129/><V100/><F100/><W90/><G115/><T68/><D68/><U88/><E30/><V17/><F114/><W79/><G32/><T133/><D120/><U5/><E5/><V12/><F12/><W118/><G118/><T26/><D26/><U39/><E45/><V7/><F7/><W119/><G119/><T25/><D25/><U86/><REACH who="1" step="1"/><E91/><REACH who="1" ten="286,277,268,159" step="2"/><V51/><F77/><W31/><G79/><T66/><D133/><U65/><E65/><V4/><F4/><W105/><G105/><T131/><D66/><U6/><E6/><V35/><F35/><N who="3" m="20991" /><G102/><N who="0" m="60799" /><D131/><U48/><E48/><V110/><F110/><W92/><G101/><T98/><D98/><AGARI ba="0,1" hai="23,24,28,36,39,52,59,63,78,80,86,88,93,98" machi="98" ten="30,7700,0" yaku="1,1,7,1,54,2,53,0" doraHai="103" doraHaiUra="47" who="1" fromWho="0" sc="286,-77,277,87,268,0,159,0" /><INIT seed="7,0,0,3,1,100" ten="209,364,268,159" oya="3" hai0="97,61,22,54,92,53,81,41,9,114,135,123,15" hai1="119,40,128,52,121,11,19,122,124,59,127,79,133" hai2="14,96,80,3,58,111,51,93,1,130,4,25,69" hai3="31,48,75,134,8,29,23,68,112,113,82,10,62"/><W91/><G134/><T17/><D123/><U27/><E40/><V98/><F111/><W95/><G48/><T34/><D34/><U77/><E128/><V101/><F130/><W16/><G82/><T30/><D114/><N who="3" m="44137" /><G75/><T12/><D135/><U65/><E65/><V126/><F69/><W64/><G31/><T131/><D131/><U57/><E57/><V104/><F80/><W86/><G29/><T83/><D41/><U18/><E18/><V107/><F25/><AGARI ba="0,0" hai="8,10,16,23,25,62,64,68,86,91,95" m="44137" machi="25" ten="30,2900,0" yaku="15,1,54,1" doraHai="100" who="3" fromWho="2" sc="209,0,364,0,268,-29,159,29" /><INIT seed="7,1,0,1,4,84" ten="209,364,239,188" oya="3" hai0="78,26,70,23,87,14,100,86,12,33,109,114,107" hai1="117,58,135,40,0,105,2,76,15,38,95,133,80" hai2="18,17,4,64,13,22,41,120,25,101,110,89,96" hai3="30,47,21,59,75,81,10,55,39,27,50,108,73"/><W31/><G108/><T8/><D109/><U45/><E105/><V61/><F110/><W62/><G39/><T54/><D70/><U127/><E127/><V35/><F120/><W129/><G129/><T48/><D33/><U43/><E43/><V6/><F41/><W3/><G31/><T128/><D107/><U69/><E69/><V92/><F101/><W103/><G103/><T42/><D114/><U68/><E68/><V94/><F94/><W67/><REACH who="3" step="1"/><G81/><REACH who="3" ten="209,364,239,178" step="2"/><T71/><D128/><U77/><E80/><V57/><REACH who="2" step="1"/><F35/><REACH who="2" ten="209,364,229,178" step="2"/><W91/><G91/><T65/><D100/><U113/><E77/><V79/><F79/><W1/><G1/><T51/><D78/><U46/><E0/><V36/><F36/><W11/><G11/><AGARI ba="1,2" hai="4,6,11,13,17,18,22,25,57,61,64,89,92,96" machi="11" ten="30,7700,0" yaku="1,1,7,1,8,1,52,1,53,0" doraHai="84" doraHaiUra="82" who="2" fromWho="3" sc="209,0,364,0,229,100,178,-80" owari="209,-19.0,364,46.0,329,13.0,98,-40.0" /></mjloggm>