<mjloggm ver="2.3"><GO type="41" lobby="0"/><UN n0="%E3%81%AE%E3%81%9A%E3%82%88%E3%81%84" n1="%45%6C%69%73%79%65" n2="%E2%93%9D%53%75%70%68%78" n3="%E7%AB%B9%E5%86%85%E7%A5%9E%E5%A4%AA%E9%83%8E" dan="15,15,19,16" rate="2012.67,2002.78,2209.16,2084.05" sx="M,F,M,M"/><TAIKYOKU oya="0"/><INIT seed="0,0,0,0,4,89" ten="250,250,250,250" oya="0" hai0="55,6,35,127,36,92,105,112,132,128,69,37,120" hai1="62,31,76,108,32,107,7,110,67,51,84,41,16" hai2="2,68,96,40,102,4,0,114,113,72,103,1,44" hai3="53,90,106,56,47,101,39,22,14,121,118,126,117"/><T133/><D55/><U116/><E116/><V11/><F103/><W63/><G121/><T30/><D92/><U80/><E107/><V50/><F68/><W26/><G126/><T135/><D6/><U21/><E7/><V119/><F72/><W100/><G106/><T20/><D20/><U5/><E5/><V12/><REACH who="2" step="1"/><F119/><REACH who="2" ten="250,250,240,250" step="2"/><W49/><G118/><T97/><D135/><U86/><E108/><V85/><F85/><W64/><G117/><T81/><D133/><U46/><E110/><V52/><F52/><W33/><G33/><T54/><D54/><U73/><E32/><V94/><AGARI ba="0,1" hai="0,1,2,4,11,12,40,44,50,94,96,102,113,114" machi="94" ten="30,4000,0" yaku="1,1,0,1,52,1,53,0" doraHai="89" doraHaiUra="24" who="2" fromWho="2" sc="250,-20,250,-10,240,50,250,-10" /><INIT seed="1,0,0,4,0,49" ten="230,240,290,240" oya="1" hai0="114,133,66,11,43,89,84,20,119,120,112,39,118" hai1="58,53,93,124,71,128,46,10,32,47,70,29,44" hai2="135,123,40,50,17,62,38,132,101,130,18,25,109" hai3="106,111,35,80,86,63,98,102,3,12,51,59,27"/><U91/><E128/><V113/><F101/><W90/><G3/><T85/><D43/><U14/><E124/><V78/><F78/><W52/><G111/><T22/><D39/><U61/><E29/><V125/><F123/><W108/><G108/><T41/><D41/><U64/><E32/><V72/><F109/><W77/><G12/><T19/><D66/><U104/><E104/><V75/><F50/><W129/><G129/><T24/><D89/><U76/><E76/><V33/><F62/><W92/><G27/><N who="0" m="14751" /><D11/><U73/><E73/><V103/><F113/><N who="0" m="43626" /><D85/><U1/><E1/><V82/><F75/><N who="3" m="43071" /><G51/><T126/><D84/><U67/><E70/><V99/><F72/><W8/><G8/><T28/><D133/><U60/><E60/><V36/><F36/><W68/><G68/><T107/><D107/><U16/><REACH who="1" step="1"/><E71/><REACH who="1" ten="230,230,290,240" step="2"/><V81/><F130/><W5/><G35/><N who="0" m="20871" /><D120/><U23/><E23/><V65/><F33/><W96/><G96/><AGARI ba="0,1" hai="10,14,16,44,46,47,53,58,61,64,67,91,93,96" machi="96" ten="40,12000,1" yaku="1,1,8,1,52,1,54,1,53,0" doraHai="49" doraHaiUra="100" who="1" fromWho="3" sc="230,0,230,130,290,0,240,-120" /><INIT seed="1,1,0,5,2,92" ten="230,360,290,120" oya="1" hai0="119,135,11,121,0,126,111,129,122,49,101,4,50" hai1="20,2,73,52,26,7,23,19,35,128,24,79,58" hai2="28,13,21,45,70,40,33,132,16,87,94,105,46" hai3="131,85,10,61,97,55,69,84,100,32,68,43,27"/><U8/><E128/><V59/><F70/><W80/><G131/><T110/><D129/><U44/><E35/><V133/><F105/><W66/><G43/><T81/><D119/><U90/><E90/><V78/><F59/><W54/><G69/><T15/><D101/><U134/><E134/><N who="2" m="51819" /><F33/><W106/><G10/><N who="0" m="2311" /><D135/><U25/><E44/><V63/><F63/><W86/><REACH who="3" step="1"/><G80/><REACH who="3" ten="230,360,290,110" step="2"/><T39/><D81/><U88/><E73/><V53/><F40/><W117/><G117/><T65/><D39/><U109/><E109/><N who="0" m="41481" /><D65/><U102/><E79/><V14/><F78/><W47/><G47/><T57/><D57/><U48/><E102/><V82/><F46/><W30/><AGARI ba="1,1" hai="27,30,32,54,55,61,66,68,84,85,86,97,100,106" machi="30" ten="30,8000,1" yaku="1,1,0,1,25,2,52,1,53,0" doraHai="92" doraHaiUra="18" who="3" fromWho="3" sc="230,-21,360,-41,290,-21,110,93" /><INIT seed="2,0,0,0,1,58" ten="209,319,269,203" oya="2" hai0="85,17,103,112,124,90,75,43,41,97,26,133,19" hai1="4,96,104,117,30,34,76,106,109,119,21,44,25" hai2="80,79,126,39,108,70,121,101,72,18,28,62,132" hai3="31,38,8,95,115,13,65,127,49,50,59,86,89"/><V114/><F114/><W102/><G38/><T88/><D75/><U113/><E113/><V74/><F121/><W10/><G115/><T64/><D133/><U48/><E109/><V2/><F18/><W135/><G135/><T107/><D124/><U57/><E76/><V94/><F132/><W16/><G127/><T52/><D90/><U63/><E4/><V36/><F126/><W11/><G31/><T69/><D19/><U130/><E130/><V22/><F2/><W98/><G50/><T1/><D1/><U60/><E57/><V120/><F74/><W9/><G49/><T45/><D17/><U83/><E83/><V51/><F120/><W87/><G102/><T99/><D26/><U46/><E96/><V78/><F78/><W82/><G82/><T15/><D99/><U42/><E34/><V68/><F108/><W92/><G95/><T77/><D77/><U3/><E3/><V5/><F5/><W111/><G111/><T100/><D15/><U131/><E131/><V29/><F94/><W116/><G116/><T105/><D103/><U20/><E48/><V128/><F51/><W110/><G110/><T24/><D24/><U40/><E25/><N who="2" m="16439" /><F128/><W53/><G53/><T54/><D107/><U73/><E73/><V81/><F81/><W93/><G93/><N who="0" m="54415" /><D112/><U12/><E30/><V61/><F29/><W123/><G123/><T6/><D6/><U27/><E27/><V67/><F101/><W55/><G55/><N who="0" m="21035" /><D45/><U56/><E12/><V118/><F118/><W33/><G33/><T66/><D69/><U122/><E122/><V0/><F0/><RYUUKYOKU ba="0,0" sc="209,0,319,0,269,0,203,0" hai0="41,43,64,66,97,100,105" hai1="20,21,40,42,44,46,56,60,63,104,106,117,119" hai2="36,39,61,62,67,68,70,72,79,80" hai3="8,9,10,11,13,16,59,65,86,87,89,92,98" /><INIT seed="2,1,0,2,5,84" ten="209,319,269,203" oya="2" hai0="100,121,89,82,109,51,35,123,25,33,64,54,41" hai1="122,119,18,83,3,17,104,91,49,117,59,4,129" hai2="70,2,60,97,69,24,37,7,107,79,14,39,132" hai3="87,118,56,71,0,5,128,13,52,47,20,62,80"/><V36/><F14/><W21/><G118/><T116/><D109/><U98/><E129/><V78/><F132/><W16/><G128/><T26/><D100/><U31/><E122/><V73/><F79/><W12/><G71/><T66/><D41/><U40/><E31/><V68/><F24/><W112/><G112/><T27/><D116/><U92/><E104/><V130/><F130/><W28/><G0/><T75/><D75/><U77/><E4/><V133/><F133/><W45/><G28/><T29/><D29/><U55/><E3/><V1/><F60/><W10/><G21/><T94/><D82/><U63/><E117/><V46/><F46/><W58/><G58/><T34/><D54/><U110/><E110/><V124/><F124/><W106/><G106/><T74/><D51/><U38/><E38/><V81/><REACH who="2" step="1"/><F7/><REACH who="2" ten="209,319,259,203" step="2"/><W76/><AGARI ba="1,1" hai="5,10,12,13,16,20,45,47,52,56,62,76,80,87" machi="76" ten="20,8000,1" yaku="0,1,7,1,8,1,54,2" doraHai="84" who="3" fromWho="3" sc="209,-21,319,-21,259,-41,203,93" /><INIT seed="3,0,0,4,5,67" ten="188,298,218,296" oya="3" hai0="60,66,105,94,59,8,93,123,72,57,135,53,126" hai1="91,48,25,127,17,86,125,121,116,1,3,97,34" hai2="41,130,32,120,0,84,6,110,63,56,74,113,81" hai3="85,75,115,70,49,21,15,58,109,117,20,71,18"/><W89/><G117/><T46/><D72/><U131/><E121/><V7/><F113/><W65/><G115/><T98/><D123/><U73/><E73/><V12/><F32/><W39/><G75/><T30/><D46/><U40/><E116/><V114/><F130/><W108/><G39/><T37/><D37/><U4/><E131/><V2/><F110/><N who="3" m="42603" /><G21/><T82/><D82/><U118/><E118/><V68/><F114/><W78/><G78/><T28/><D94/><U122/><E122/><V102/><F74/><W64/><G64/><T101/><D105/><U88/><E4/><V79/><F7/><W22/><G22/><T92/><D8/><U52/><E40/><V99/><F41/><W54/><G65/><T132/><D126/><N who="1" m="48139" /><E17/><V103/><F6/><W45/><G45/><T26/><D93/><AGARI ba="0,0" hai="15,18,20,49,54,58,70,71,85,89,93" m="42603" machi="93" ten="30,12000,1" yaku="25,1,14,1,10,1,52,2" doraHai="67" who="3" fromWho="0" sc="188,-120,298,0,218,0,296,120" /><INIT seed="3,1,0,1,3,31" ten="68,298,218,416" oya="3" hai0="90,103,23,18,78,22,86,35,21,88,82,114,5" hai1="71,26,32,36,52,121,119,27,51,89,50,17,125" hai2="1,122,40,30,68,83,59,6,133,15,99,2,102" hai3="56,115,131,108,24,118,58,132,29,110,101,72,98"/><W53/><G115/><T73/><D103/><U84/><E121/><V117/><F117/><W77/><G118/><T80/><D5/><U94/><E119/><V11/><F68/><W87/><G72/><T12/><D90/><U41/><E125/><V113/><F133/><W19/><G132/><T79/><D79/><U104/><E104/><V75/><F40/><W95/><G19/><T57/><D114/><U42/><E71/><V91/><F30/><W8/><G8/><T49/><D35/><U9/><E36/><V25/><F25/><W67/><G131/><T3/><D3/><U7/><E50/><V124/><F124/><W85/><G77/><T63/><D49/><U126/><E126/><V44/><F44/><W120/><G120/><T4/><D4/><U48/><E48/><V64/><F113/><W20/><G58/><T129/><D129/><U38/><E38/><V111/><F111/><N who="3" m="42539" /><G67/><AGARI ba="1,0" hai="12,18,21,22,23,57,63,67,73,78,80,82,86,88" machi="67" ten="30,2000,0" yaku="7,1,54,1" doraHai="31" who="0" fromWho="3" sc="68,23,298,0,218,0,416,-23" /><INIT seed="4,0,0,2,2,36" ten="91,298,218,393" oya="0" hai0="7,98,82,26,24,47,97,60,128,8,9,41,3" hai1="75,66,46,13,88,94,54,71,15,28,123,67,58" hai2="45,96,38,50,59,87,130,23,20,2,16,90,76" hai3="108,14,122,56,113,44,63,78,91,112,115,132,80"/><T105/><D128/><U27/><E123/><V124/><F2/><W25/><G108/><T102/><D97/><U55/><E75/><V73/><F38/><W64/><G132/><T42/><D60/><U1/><E1/><V110/><F124/><W31/><G14/><T72/><D8/><U85/><E71/><V127/><F73/><W100/><G91/><T92/><D105/><U68/><E68/><V81/><F127/><W61/><G100/><T134/><D134/><U52/><E46/><V83/><F23/><N who="3" m="15807" /><G44/><T95/><D95/><U89/><E58/><V34/><F34/><W74/><G61/><T53/><D53/><U117/><E117/><V118/><F110/><W65/><G122/><T30/><D47/><U116/><E116/><V104/><F130/><W77/><G77/><T120/><D120/><U40/><E13/><V79/><F104/><W103/><G103/><T84/><D72/><U86/><E15/><V37/><F37/><W33/><G33/><T125/><D26/><U17/><E66/><AGARI ba="0,0" hai="56,63,64,65,66,74,78,80,112,113,115" m="15807" machi="66" ten="30,1000,0" yaku="15,1" doraHai="36" who="3" fromWho="1" sc="91,0,298,-10,218,0,393,10" /><INIT seed="5,0,0,2,3,134" ten="91,288,218,403" oya="1" hai0="111,84,41,42,11,3,126,106,122,105,80,31,29" hai1="85,65,46,99,83,97,13,114,47,48,73,60,103" hai2="34,133,20,16,93,129,51,63,10,96,44,135,94" hai3="4,12,7,33,75,76,1,23,90,124,112,102,68"/><U45/><E114/><V116/><F34/><W91/><G68/><T87/><D111/><U50/><E73/><V115/><F116/><W120/><G33/><T130/><D11/><U92/><E99/><V37/><F37/><W15/><G120/><T52/><D3/><U39/><E39/><V119/><F129/><W53/><G1/><T132/><D130/><U55/><E13/><V95/><F119/><W127/><G102/><T40/><D132/><N who="2" m="50762" /><F63/><W54/><G75/><T123/><D80/><U30/><E30/><V38/><F38/><W24/><G24/><T104/><D52/><U17/><E17/><V2/><F115/><W72/><G72/><T100/><D100/><U113/><E113/><V25/><F10/><W5/><G112/><T77/><D77/><U58/><REACH who="1" step="1"/><E50/><REACH who="1" ten="91,278,218,403" step="2"/><V89/><F2/><W88/><G76/><AGARI ba="0,1" hai="45,46,47,48,55,58,60,65,76,83,85,92,97,103" machi="76" ten="30,11600,0" yaku="1,1,2,1,7,1,8,1,53,0" doraHai="134" doraHaiUra="27" who="1" fromWho="3" sc="91,0,278,126,218,0,403,-116" /><INIT seed="5,1,0,4,0,83" ten="91,404,218,287" oya="1" hai0="124,47,120,63,95,103,107,74,32,89,76,96,41" hai1="7,30,45,108,62,8,66,128,49,60,105,87,73" hai2="116,22,64,3,40,21,102,54,117,115,94,100,109" hai3="113,4,132,78,26,123,43,81,114,18,13,68,0"/><U130/><E73/><V17/><F3/><W127/><G68/><T121/><D32/><U55/><E105/><V52/><F40/><W131/><G123/><T34/><D34/><U133/><E30/><V104/><F104/><W11/><G131/><T91/><D63/><U134/><E108/><V36/><F94/><W57/><G132/><N who="1" m="50794" /><E87/><V48/><F48/><W101/><G127/><T118/><D47/><U39/><E39/><V84/><F17/><W129/><G101/><T97/><D124/><U112/><E112/><N who="3" m="43114" /><G129/><N who="1" m="49770" /><E66/><V24/><F64/><W93/><G93/><N who="0" m="56367" /><D41/><U125/><E125/><V61/><F115/><W71/><G43/><T42/><D42/><U46/><E46/><V98/><F36/><W6/><G71/><T67/><D67/><U10/><E10/><V15/><F54/><W50/><G26/><T111/><D118/><U77/><E77/><V126/><F117/><W14/><G57/><T58/><D58/><U12/><AGARI ba="1,0" hai="7,8,12,45,49,55,60,62" m="49770,50794" machi="12" ten="30,3000,0" yaku="20,1,19,1" doraHai="83" who="1" fromWho="1" sc="91,-11,404,33,218,-11,287,-11" /><INIT seed="5,2,0,4,2,55" ten="80,437,207,276" oya="1" hai0="37,40,100,92,74,89,15,43,105,30,129,91,85" hai1="95,128,23,10,77,121,118,7,1,120,97,58,119" hai2="80,45,116,71,130,86,132,54,60,59,124,72,106" hai3="83,93,51,34,79,19,75,56,98,13,35,84,22"/><U42/><E42/><V28/><F116/><W65/><G75/><T127/><D74/><U82/><E128/><V76/><F106/><W36/><G36/><T133/><D129/><U110/><E23/><V2/><F2/><W78/><G78/><T114/><D37/><U64/><E110/><V123/><F132/><W66/><G35/><T115/><D40/><U38/><E38/><V96/><F124/><W68/><G68/><T9/><D43/><U0/><E0/><V21/><F123/><W44/><G34/><T52/><D30/><U46/><E46/><V41/><F96/><W69/><G44/><T87/><D105/><U62/><E120/><V88/><F71/><W20/><G69/><T57/><D100/><U5/><E5/><V39/><F130/><W53/><REACH who="3" step="1"/><G20/><REACH who="3" ten="80,437,207,266" step="2"/><T48/><D127/><U61/><E121/><V49/><F39/><W122/><G122/><T3/><D3/><U63/><E118/><V117/><F117/><W18/><G18/><T73/><D73/><U109/><E119/><V27/><REACH who="2" step="1"/><F72/><REACH who="2" ten="80,437,197,266" step="2"/><W112/><G112/><T113/><D133/><U104/><E109/><V17/><F17/><W135/><G135/><T102/><D87/><U25/><E104/><V24/><F24/><W29/><G29/><T14/><D85/><N who="1" m="48335" /><E25/><V81/><F81/><W99/><G99/><N who="0" m="59751" /><D15/><U103/><E1/><V111/><F111/><W108/><G108/><T90/><D14/><N who="1" m="5471" /><E97/><V67/><F67/><W126/><G126/><T33/><D33/><U32/><E32/><V16/><F16/><W31/><G31/><T101/><D9/><U26/><E26/><RYUUKYOKU ba="2,2" sc="80,0,437,0,197,0,266,0" hai0="48,52,57,89,90,91,101,113,114,115" hai1="58,61,62,63,64,95,103" hai2="21,27,28,41,45,49,54,59,60,76,80,86,88" hai3="13,19,22,51,53,56,65,66,79,83,84,93,98" /><INIT seed="5,3,2,0,2,118" ten="80,437,197,266" oya="1" hai0="132,61,50,74,34,96,94,99,23,43,32,9,91" hai1="93,55,63,30,7,42,101,14,37,131,87,20,108" hai2="12,90,4,114,64,111,52,86,0,1,45,10,135" hai3="44,102,82,72,40,3,85,110,51,134,53,39,83"/><U21/><E131/><V47/><F111/><W126/><G110/><T115/><D74/><U68/><E108/><V95/><F135/><W122/><G122/><T67/><D115/><U128/><E128/><V76/><F114/><W112/><G134/><T88/><D43/><U38/><E7/><V33/><F33/><W121/><G112/><T73/><D50/><U60/><E68/><V41/><F64/><W84/><G121/><T24/><D73/><U59/><E63/><V79/><F1/><W36/><G72/><T15/><D91/><U6/><E42/><V77/><F0/><W46/><G102/><T129/><D99/><U62/><E62/><V133/><F133/><W109/><G3/><T75/><D129/><U119/><E119/><V8/><F8/><W69/><G69/><T29/><D75/><U81/><E30/><V117/><F117/><W92/><G92/><T11/><D11/><N who="1" m="4471" /><E38/><V31/><F31/><W123/><G123/><T107/><D107/><U25/><E25/><V58/><REACH who="2" step="1"/><F41/><REACH who="2" ten="80,437,187,266" step="2"/><W127/><G109/><T56/><REACH who="0" step="1"/><D132/><REACH who="0" ten="70,437,187,266" step="2"/><U16/><E37/><V17/><F17/><AGARI ba="3,4" hai="9,15,17,23,24,29,32,34,56,61,67,88,94,96" machi="17" ten="30,7700,0" yaku="1,1,2,1,7,1,54,1,53,0" doraHai="118" doraHaiUra="35" who="0" fromWho="2" sc="70,126,437,0,187,-86,266,0" /><INIT seed="6,0,0,0,4,0" ten="196,437,101,266" oya="2" hai0="111,45,10,79,59,80,90,128,124,116,82,33,18" hai1="88,31,32,121,99,6,108,115,61,101,52,38,43" hai2="75,112,35,50,97,98,36,132,48,60,86,113,105" hai3="9,4,55,57,8,56,122,126,2,63,5,62,34"/><V104/><F60/><W20/><G122/><T58/><D33/><U109/><E121/><V129/><F35/><W72/><G34/><T12/><D111/><U131/><E131/><V103/><F36/><W92/><G72/><T118/><D124/><U11/><E115/><N who="2" m="44107" /><F75/><W3/><G20/><T84/><D45/><U37/><E31/><V13/><F129/><W120/><G126/><T73/><REACH who="0" step="1"/><D128/><REACH who="0" ten="186,437,101,266" step="2"/><U15/><E32/><V91/><F132/><W127/><G120/><T42/><D42/><U114/><E43/><V65/><F65/><W133/><G127/><T29/><D29/><U93/><E114/><V49/><F13/><W22/><G133/><T68/><D68/><U70/><E70/><V26/><F26/><W102/><G22/><T110/><D110/><U47/><E47/><V19/><F19/><W76/><G57/><AGARI ba="0,1" hai="10,12,18,57,58,59,73,79,80,82,84,90,116,118" machi="57" ten="40,1300,0" yaku="1,1,53,0" doraHai="0" doraHaiUra="117" who="0" fromWho="3" sc="186,23,437,0,101,0,266,-13" /><INIT seed="7,0,0,5,2,37" ten="209,437,101,253" oya="3" hai0="108,116,54,123,15,70,94,57,21,129,17,101,19" hai1="88,25,134,60,110,102,119,18,42,32,113,87,64" hai2="69,56,100,91,20,84,89,52,99,46,112,8,90" hai3="65,24,38,68,12,105,86,23,63,50,71,33,133"/><W5/><G105/><T75/><D70/><U79/><E110/><V85/><F69/><W95/><G38/><T135/><D123/><U83/><E134/><V66/><F112/><W80/><G33/><T98/><D116/><U106/><E113/><V67/><F8/><W49/><G68/><T109/><D75/><U58/><E119/><V28/><F46/><W114/><G114/><T118/><D118/><U9/><E42/><V59/><F100/><W45/><G133/><T72/><D72/><U125/><E125/><V126/><F99/><W74/><G74/><T51/><D51/><U117/><E117/><V97/><F97/><W13/><G95/><T39/><D39/><U77/><E102/><V128/><F128/><W96/><G49/><T78/><D78/><U115/><E106/><V1/><F1/><W103/><G96/><T53/><D135/><U0/><E115/><V44/><F44/><W93/><G93/><T92/><D129/><U7/><E32/><V76/><F126/><W6/><G103/><T81/><D81/><U31/><E31/><V34/><F34/><W10/><G6/><T3/><D3/><U132/><E132/><V130/><F130/><W36/><G36/><T35/><D35/><U27/><E18/><V104/><F104/><W55/><G13/><N who="0" m="9391" /><D92/><U2/><E0/><V82/><F85/><W124/><G124/><T62/><D53/><U11/><E79/><V26/><REACH who="2" step="1"/><F59/><REACH who="2" ten="209,437,91,253" step="2"/><W61/><G71/><T40/><D57/><U48/><E58/><V122/><F122/><W29/><G65/><T127/><D127/><U131/><E2/><RYUUKYOKU ba="0,1" sc="209,-15,437,-15,91,15,253,15" hai2="20,26,28,52,56,66,67,76,82,84,89,90,91" hai3="5,10,12,23,24,29,45,50,55,61,63,80,86" /><INIT seed="7,1,1,1,2,97" ten="194,422,106,268" oya="3" hai0="94,107,96,117,114,46,20,73,28,65,78,113,24" hai1="37,122,123,52,34,93,44,7,59,40,81,90,135" hai2="101,98,23,11,48,66,36,133,129,71,100,5,54" hai3="76,74,16,84,58,1,63,115,10,57,77,60,134"/><W32/><G32/><T18/><D117/><U53/><E135/><V4/><F36/><W118/><G118/><T116/><D65/><U12/><E34/><V82/><F133/><W51/><G134/><T69/><D107/><U25/><E25/><V128/><F98/><W105/><G74/><T111/><D69/><U0/><E0/><V79/><F23/><W110/><G105/><T49/><D116/><U19/><E81/><V95/><F95/><W80/><G51/><T70/><D70/><U67/><E7/><V45/><F66/><W83/><G110/><T41/><D111/><U75/><E75/><V126/><F71/><W64/><G115/><T14/><D78/><U130/><E130/><N who="2" m="50283" /><F126/><W47/><G47/><T124/><D73/><U87/><E67/><V27/><F27/><W120/><G120/><T55/><D41/><U2/><E2/><V15/><F5/><W31/><G31/><T29/><D124/><U9/><E53/><V86/><F54/><N who="3" m="33847" /><G1/><T112/><REACH who="0" step="1"/><D24/><REACH who="0" ten="184,422,106,268" step="2"/><U35/><E123/><V99/><F99/><W91/><G80/><T89/><AGARI ba="1,2" hai="14,18,20,28,29,46,49,55,89,94,96,112,113,114" machi="89" ten="30,8000,1" yaku="1,1,2,1,0,1,15,1,11,1,53,0" doraHai="97" doraHaiUra="33" who="0" fromWho="0" sc="184,103,422,-21,106,-21,268,-41" owari="287,9.0,401,49.0,85,-41.0,227,-17.0" /></mjloggm>