<mjloggm ver="2.3"><GO type="41" lobby="0"/><UN n0="%E2%93%9D%53%75%70%68%78" n1="%E3%81%9D%E3%82%88%E9%A2%A8%E3%81%AE%E5%BE%AE%E7%AC%91%E3%81%BF" n2="%E7%84%A1%E5%90%8D%E3%81%AE%E9%A2%A8%E6%9D%A5%E4%BA%BA" n3="%E5%B7%A6%E8%84%9A%30%32" dan="19,14,14,14" rate="2202.85,1959.88,1918.87,1917.09" sx="M,M,M,M"/><TAIKYOKU oya="0"/><INIT seed="0,0,0,1,3,65" ten="250,250,250,250" oya="0" hai0="10,107,19,97,23,39,61,103,36,119,57,28,121" hai1="108,60,90,75,32,25,70,34,79,123,125,59,5" hai2="7,50,2,80,132,45,66,95,74,109,33,18,84" hai3="3,131,46,16,114,76,55,44,89,38,54,127,82"/><T85/><D119/><U120/><E5/><V51/><F33/><W94/><G3/><T62/><D121/><U105/><E34/><V13/><F74/><W64/><G114/><T134/><D134/><U48/><E75/><V30/><F30/><W49/><G131/><T83/><D28/><U135/><E79/><V91/><F132/><W47/><G127/><T31/><D31/><U15/><E135/><V72/><F2/><W111/><G111/><T26/><D10/><U67/><E108/><V116/><F7/><W53/><G38/><T69/><D62/><U4/><E125/><V56/><F109/><W40/><G64/><T87/><D87/><U124/><E124/><V73/><F116/><W126/><G126/><T8/><D8/><U35/><E105/><V93/><F72/><W102/><G102/><T100/><D100/><U104/><E104/><V42/><F73/><W71/><G71/><T12/><D26/><U17/><E4/><V21/><REACH who="2" step="1"/><F51/><REACH who="2" ten="250,250,240,250" step="2"/><W0/><G0/><T96/><D39/><U92/><E35/><V14/><F14/><W78/><G16/><T52/><D36/><U88/><E32/><V29/><F29/><W98/><G78/><T133/><D133/><U22/><E120/><V117/><F117/><W1/><G1/><T113/><D113/><U9/><E123/><V41/><F41/><W110/><G110/><T77/><D97/><U81/><E48/><V101/><F101/><W118/><G118/><T130/><D130/><U58/><E90/><V24/><F24/><W112/><G112/><T27/><D27/><U99/><E25/><RYUUKYOKU ba="0,1" sc="250,10,250,-30,240,10,250,10" hai0="12,19,23,52,57,61,69,77,83,85,96,103,107" hai2="13,18,21,42,45,50,56,66,80,84,91,93,95" hai3="40,44,46,47,49,53,54,55,76,82,89,94,98" /><INIT seed="0,1,1,0,2,135" ten="260,220,250,260" oya="0" hai0="114,34,61,46,90,76,14,74,107,51,93,133,50" hai1="103,129,94,13,73,100,112,119,18,7,64,53,97" hai2="38,124,10,121,134,102,128,49,54,40,92,47,113" hai3="48,89,11,96,88,9,42,5,69,123,32,132,62"/><T105/><D114/><U52/><E73/><V71/><F113/><W87/><G32/><T111/><D34/><U120/><E112/><V35/><F35/><W118/><G132/><T86/><D133/><U43/><E119/><V72/><F72/><W67/><G123/><T117/><D117/><U81/><E120/><V31/><F121/><W106/><G118/><T36/><D36/><U70/><E43/><V77/><F31/><W30/><G30/><T17/><D51/><U0/><E103/><V79/><F134/><W66/><G66/><T58/><D111/><U115/><E115/><V25/><F25/><W26/><G26/><T16/><D76/><U126/><E129/><V95/><F71/><W68/><G68/><T84/><D74/><U3/><E126/><V15/><F124/><W116/><G116/><T24/><D86/><U44/><E81/><V55/><F102/><W78/><G106/><T56/><D61/><U82/><E82/><V60/><F77/><W28/><G28/><T22/><D107/><U109/><E109/><V104/><F104/><W8/><G96/><T85/><D85/><U130/><E130/><V29/><F29/><W23/><G23/><N who="0" m="11671" /><D105/><U39/><E70/><V63/><F79/><W45/><G5/><T33/><D33/><U127/><E64/><V12/><F128/><W19/><G19/><T99/><D99/><U125/><E127/><V98/><F38/><W41/><G41/><AGARI ba="1,1" hai="17,22,24,41,46,50,56,58,84,90,93" m="11671" machi="41" ten="30,2900,0" yaku="8,1,54,1" doraHai="135" who="0" fromWho="3" sc="260,42,220,0,250,0,260,-32" /><INIT seed="0,2,0,2,3,111" ten="302,220,250,228" oya="0" hai0="52,79,97,34,132,49,62,75,110,37,27,56,48" hai1="90,73,28,76,122,39,106,38,100,8,121,117,115" hai2="103,133,12,98,58,9,11,69,60,21,44,130,85" hai3="68,80,16,120,61,74,32,54,51,77,47,67,89"/><T5/><D37/><U127/><E117/><V1/><F130/><W18/><G120/><T119/><D119/><U109/><E109/><V135/><F1/><W94/><REACH who="3" step="1"/><G32/><REACH who="3" ten="302,220,250,218" step="2"/><T63/><D110/><U134/><E122/><V45/><F135/><W40/><G40/><T78/><D132/><U104/><E121/><V96/><F133/><W50/><G50/><T36/><D49/><U30/><E134/><V64/><F69/><W17/><G17/><T24/><D34/><U31/><E127/><V92/><F98/><AGARI ba="2,1" hai="16,18,47,51,54,61,67,68,74,77,80,89,94,98" machi="98" ten="30,3900,0" yaku="1,1,7,1,54,1,53,0" doraHai="111" doraHaiUra="3" who="3" fromWho="2" sc="302,0,220,0,250,-45,218,55" /><INIT seed="1,0,0,2,4,70" ten="302,220,205,273" oya="1" hai0="42,119,79,0,1,7,75,134,17,124,48,120,128" hai1="107,55,83,133,112,2,103,76,14,106,31,32,98" hai2="66,116,35,90,88,92,71,5,61,15,47,109,53" hai3="41,111,80,34,100,99,121,135,18,85,87,45,113"/><U58/><E112/><V67/><F109/><W8/><G34/><T11/><D119/><U82/><E2/><V16/><F35/><W81/><G121/><T3/><D128/><U125/><E83/><V51/><F116/><W95/><G113/><T63/><D134/><U6/><E133/><V29/><F67/><W102/><G135/><T72/><D124/><U132/><E125/><V50/><F29/><W84/><G111/><T62/><D17/><U97/><E31/><V110/><F110/><W129/><G102/><T56/><D63/><U69/><E69/><V96/><F5/><W40/><G40/><T89/><D89/><U52/><E32/><V73/><F73/><W91/><G129/><T118/><D120/><U74/><E132/><V37/><F51/><W77/><G8/><T39/><D48/><U122/><E122/><V78/><F78/><W28/><G28/><T54/><D118/><U64/><E98/><V68/><F68/><W26/><G77/><T33/><D33/><U36/><E107/><V12/><F12/><W19/><G100/><T27/><D27/><U22/><E36/><V104/><F104/><W20/><REACH who="3" step="1"/><G19/><REACH who="3" ten="302,220,205,263" step="2"/><T46/><D75/><U131/><E131/><V93/><F90/><W4/><G4/><T94/><D94/><U21/><E6/><V115/><F93/><W108/><G108/><T126/><D126/><U38/><E103/><V114/><REACH who="2" step="1"/><F37/><AGARI ba="0,1" hai="18,20,26,37,41,45,80,81,84,85,87,91,95,99" machi="37" ten="40,5200,0" yaku="1,1,52,1,53,1" doraHai="70" doraHaiUra="13" who="3" fromWho="2" sc="302,0,220,0,205,-52,263,62" /><INIT seed="2,0,0,0,4,34" ten="302,220,153,325" oya="2" hai0="60,7,131,107,134,69,91,59,109,118,93,4,135" hai1="63,42,102,11,106,110,56,130,87,81,18,0,10" hai2="78,80,116,119,53,6,12,37,74,125,128,8,126" hai3="36,70,17,86,99,61,20,67,71,104,5,84,16"/><V124/><F37/><W113/><G36/><T27/><D109/><U26/><E110/><V96/><F128/><W103/><G113/><T129/><D69/><U133/><E130/><N who="0" m="49673" /><D107/><U73/><E73/><V95/><REACH who="2" step="1"/><F53/><REACH who="2" ten="302,220,143,325" step="2"/><W38/><G38/><T55/><D118/><U105/><E133/><N who="0" m="50697" /><D27/><U47/><E26/><V24/><F24/><W50/><G70/><T82/><D82/><U32/><E32/><V89/><AGARI ba="0,1" hai="6,8,12,74,78,80,89,95,96,116,119,124,125,126" machi="89" ten="30,11700,0" yaku="1,1,0,1,18,1,53,1" doraHai="34" doraHaiUra="88" who="2" fromWho="2" sc="302,-39,220,-39,143,127,325,-39" /><INIT seed="2,1,0,1,3,9" ten="263,181,270,286" oya="2" hai0="126,123,117,107,114,115,62,101,21,111,12,64,7" hai1="2,28,54,121,60,55,0,93,80,38,72,120,51" hai2="91,58,15,108,79,43,95,11,40,118,27,50,87" hai3="24,116,41,125,133,76,98,71,63,81,36,30,134"/><V6/><F118/><W35/><G116/><T112/><D117/><U33/><E38/><V83/><F108/><W96/><G125/><T22/><D123/><U48/><E60/><V68/><F68/><W89/><G89/><T74/><D74/><U132/><E93/><V109/><F109/><W119/><G119/><T70/><D111/><U129/><E80/><V20/><F58/><W56/><G71/><T19/><D7/><U100/><E72/><V130/><F50/><W1/><G1/><T94/><D107/><U46/><E100/><V45/><F45/><W47/><G134/><T113/><N who="0" m="29184" /><DORA hai="61" /><T127/><REACH who="0" step="1"/><D22/><REACH who="0" ten="253,181,270,286" step="2"/><U66/><E121/><V105/><F105/><W78/><G133/><T75/><D75/><U16/><E132/><V17/><REACH who="2" step="1"/><F130/><REACH who="2" ten="253,181,260,286" step="2"/><W122/><G122/><T131/><D131/><U86/><E129/><V32/><F32/><W67/><G76/><T84/><D84/><AGARI ba="1,2" hai="6,11,15,17,20,27,40,43,79,83,84,87,91,95" machi="84" ten="30,12000,1" yaku="1,1,7,1,8,1,52,1,53,1" doraHai="9,61" doraHaiUra="92,73" who="2" fromWho="0" sc="253,-123,181,0,260,143,286,0" /><AGARI ba="1,0" hai="24,30,35,36,41,47,56,63,67,78,81,84,96,98" machi="84" ten="30,2000,0" yaku="7,1,52,1" doraHai="9,61" who="3" fromWho="0" sc="130,-20,181,0,403,0,286,20" /><INIT seed="2,2,0,5,1,102" ten="110,181,403,306" oya="2" hai0="69,98,39,97,90,62,66,35,22,75,67,129,89" hai1="30,105,99,4,65,48,46,3,93,32,0,24,112" hai2="20,23,21,74,15,125,31,37,135,132,70,96,11" hai3="28,12,124,111,126,127,61,64,16,91,128,41,25"/><V117/><F70/><W133/><G41/><T49/><D35/><U58/><E112/><V116/><F37/><W1/><G1/><T114/><D39/><U63/><E4/><N who="2" m="3559" /><F74/><W2/><G2/><T26/><D129/><U92/><E93/><V107/><F96/><W43/><G43/><T134/><D134/><N who="2" m="51242" /><F125/><W71/><G133/><T88/><D75/><U51/><E48/><V76/><F76/><W54/><G128/><T77/><D77/><U17/><E92/><V19/><F31/><W79/><G79/><T33/><D114/><U122/><E30/><V113/><F113/><W101/><G101/><T27/><D33/><U53/><E32/><V121/><F121/><W56/><G91/><T83/><D83/><U36/><E122/><V44/><F44/><W123/><G123/><T60/><D49/><U109/><E36/><V94/><F94/><W13/><G111/><T110/><D110/><U106/><E109/><V84/><F84/><W86/><G86/><T119/><D119/><N who="2" m="45642" /><F107/><W42/><G42/><T6/><D98/><U29/><E99/><V118/><N who="2" m="45650" /><V87/><DORA hai="68" /><F87/><W131/><G131/><T103/><D97/><U7/><E105/><V130/><F130/><W34/><G16/><AGARI ba="2,0" hai="16,19,20,21,23" m="45650,51242,3559" machi="16" ten="50,12000,1" yaku="20,1,34,2,54,1" doraHai="102,68" who="2" fromWho="3" sc="110,0,181,0,403,126,306,-126" /><INIT seed="2,3,0,5,5,105" ten="110,181,529,180" oya="2" hai0="24,61,36,76,71,131,33,11,85,15,43,82,49" hai1="37,46,23,130,60,13,42,20,48,89,67,18,26" hai2="99,12,45,125,77,68,88,96,108,25,124,54,103" hai3="107,91,118,120,63,79,62,0,75,14,17,132,92"/><V64/><F68/><W90/><G120/><T123/><D123/><U40/><E130/><V129/><F64/><W50/><G118/><T2/><D2/><U4/><E37/><V133/><F129/><W87/><G0/><T32/><D36/><U98/><E4/><V80/><F133/><W72/><G107/><T21/><D131/><U31/><E42/><V106/><F12/><W55/><G132/><T122/><D122/><U58/><E98/><V94/><F25/><W110/><G110/><T66/><D21/><U113/><E113/><V116/><F54/><W83/><G91/><AGARI ba="3,0" hai="13,18,20,23,26,31,40,46,48,58,60,67,89,91" machi="91" ten="40,1300,0" yaku="8,1" doraHai="105" who="1" fromWho="3" sc="110,0,181,22,529,0,180,-22" /><INIT seed="3,0,0,5,3,109" ten="110,203,529,158" oya="3" hai0="115,18,6,19,72,4,27,28,49,24,93,133,121" hai1="114,91,67,47,21,134,97,42,118,117,120,69,12" hai2="110,59,75,100,0,112,92,105,107,39,48,8,22" hai3="40,9,124,33,53,73,68,131,104,70,41,122,43"/><W113/><G104/><T50/><D72/><U11/><E120/><V44/><F75/><W84/><G73/><T111/><D93/><U61/><E134/><V66/><F39/><W87/><G122/><T78/><D121/><U16/><E97/><V95/><F105/><W90/><G33/><T29/><D78/><U17/><E91/><V130/><F130/><W126/><G131/><T2/><D111/><U36/><E21/><V34/><F34/><W74/><G74/><T62/><D62/><U46/><E17/><V45/><F110/><W76/><G53/><T88/><D88/><U55/><E47/><V15/><F0/><W56/><G56/><T132/><REACH who="0" step="1"/><D2/><REACH who="0" ten="100,203,529,158" step="2"/><U71/><E117/><V96/><F95/><W135/><G135/><T116/><D116/><U127/><E118/><V77/><F92/><W1/><G76/><T37/><D37/><U26/><E127/><N who="3" m="48682" /><G90/><T10/><D10/><U125/><E125/><V25/><F8/><W3/><G3/><T119/><D119/><U52/><E71/><N who="3" m="27178" /><G113/><AGARI ba="0,1" hai="4,6,18,19,24,27,28,29,49,50,113,115,132,133" machi="113" ten="25,8000,1" yaku="1,1,22,2,52,2,53,0" doraHai="109" doraHaiUra="32" who="0" fromWho="3" sc="100,90,203,0,529,0,158,-80" /><INIT seed="4,0,0,5,5,93" ten="190,203,529,78" oya="0" hai0="112,22,67,19,37,25,116,24,57,46,58,2,119" hai1="117,45,49,23,76,107,60,92,12,51,86,130,88" hai2="123,134,127,111,91,8,16,96,105,38,79,17,32" hai3="84,5,20,63,27,100,113,0,81,122,21,70,106"/><T94/><D2/><U125/><E107/><V31/><F38/><W59/><G113/><T109/><D112/><U108/><E117/><V3/><F123/><W62/><G122/><T48/><D37/><U35/><E35/><V85/><F127/><W41/><G41/><T52/><D109/><U10/><E108/><V83/><F134/><W40/><G40/><T64/><D119/><U56/><E125/><V115/><F115/><W129/><G129/><T102/><D116/><U9/><E130/><V61/><F31/><W29/><G70/><T75/><D75/><U28/><E76/><V66/><F32/><W36/><G36/><T26/><D58/><U30/><E23/><V42/><F42/><W82/><G82/><T65/><D57/><U14/><E12/><V11/><F11/><W43/><G43/><T71/><D71/><U53/><E51/><V78/><F78/><W120/><G120/><T54/><D54/><U133/><E133/><V114/><F114/><W13/><G0/><T77/><D77/><U124/><E124/><V44/><F44/><W39/><G39/><T132/><D132/><U126/><E126/><V89/><F61/><W135/><G135/><T7/><D7/><N who="1" m="3391" /><E10/><V4/><F66/><AGARI ba="0,0" hai="28,30,45,49,53,56,60,66,86,88,92" m="3391" machi="66" ten="30,2000,0" yaku="8,1,54,1" doraHai="93" who="1" fromWho="2" sc="190,0,203,20,529,-20,78,0" /><INIT seed="5,0,0,1,2,58" ten="190,223,509,78" oya="1" hai0="73,77,129,26,41,19,45,56,75,70,109,60,95" hai1="23,117,79,102,103,132,49,66,82,24,126,13,110" hai2="48,83,111,80,5,107,38,85,33,130,17,89,28" hai3="7,121,57,52,46,67,21,108,115,1,131,81,87"/><U112/><E117/><V96/><F38/><W113/><G121/><T74/><D109/><U35/><E110/><V36/><F36/><W120/><G120/><T59/><D129/><U76/><E35/><V44/><F5/><W91/><G108/><T135/><D135/><U97/><E132/><V118/><F118/><W12/><G131/><T68/><D59/><U27/><E112/><V9/><F130/><W64/><G1/><T99/><D77/><U101/><E126/><V25/><F111/><W3/><G3/><T127/><D127/><U93/><E49/><V105/><F80/><W104/><G104/><T94/><D94/><U6/><E27/><V88/><F89/><W11/><G21/><T16/><D70/><U10/><E66/><V100/><F105/><W50/><REACH who="3" step="1"/><G46/><REACH who="3" ten="190,223,509,68" step="2"/><T39/><D26/><U22/><E23/><V0/><F0/><W18/><G18/><T63/><D19/><U54/><E22/><V31/><F17/><W92/><G92/><T125/><D16/><U4/><E6/><V123/><F123/><W55/><G55/><T72/><D125/><U20/><E54/><V134/><F134/><W29/><G29/><T30/><D30/><N who="1" m="17671" /><E82/><V84/><F31/><W78/><G78/><AGARI ba="0,1" hai="4,10,13,76,78,79,93,97,101,102,103" m="17671" machi="78" ten="30,1500,0" yaku="8,1" doraHai="58" who="1" fromWho="3" sc="190,0,223,25,509,0,68,-15" /><INIT seed="5,1,0,3,0,77" ten="190,248,509,53" oya="1" hai0="134,98,106,87,72,14,44,31,37,104,24,67,122" hai1="26,12,43,30,25,100,18,55,80,94,35,102,133" hai2="33,82,116,84,42,57,6,15,76,119,74,27,86" hai3="63,109,20,52,131,50,112,65,89,81,90,105,64"/><U126/><E133/><V66/><F119/><W85/><G109/><T41/><D72/><U79/><E43/><V29/><F116/><W8/><G105/><T120/><D14/><U58/><E126/><V73/><F42/><W0/><G131/><T96/><D67/><U70/><E26/><V9/><F73/><W69/><G112/><T28/><D87/><U59/><E70/><V110/><F110/><W68/><G20/><T113/><D134/><U75/><E94/><V23/><F66/><W56/><G90/><T103/><D113/><U127/><E59/><V92/><F57/><W10/><REACH who="3" step="1"/><G0/><REACH who="3" ten="190,248,509,43" step="2"/><T22/><D31/><U114/><E114/><V40/><F33/><W128/><G128/><T117/><D117/><U108/><E108/><V107/><F107/><W49/><G49/><T97/><D106/><U99/><E127/><V46/><F92/><W83/><G83/><T91/><D91/><U32/><E35/><V115/><F115/><W19/><G19/><T88/><REACH who="0" step="1"/><D88/><REACH who="0" ten="180,248,509,43" step="2"/><U11/><REACH who="1" step="1"/><E99/><AGARI ba="1,2" hai="22,24,28,37,41,44,96,97,98,99,103,104,120,122" machi="99" ten="40,2600,0" yaku="1,1,2,1,53,0" doraHai="77" doraHaiUra="34" who="0" fromWho="1" sc="180,49,248,-29,509,0,43,0" /><INIT seed="6,0,0,4,2,99" ten="229,219,509,43" oya="2" hai0="121,49,101,82,70,38,133,50,92,98,35,21,94" hai1="100,11,55,71,112,111,61,29,131,39,113,42,33" hai2="76,80,83,134,63,47,60,52,89,88,96,117,10" hai3="54,9,115,91,85,64,119,30,125,118,69,19,97"/><V106/><F117/><W14/><G125/><T132/><D35/><U57/><E111/><V16/><F134/><N who="0" m="51818" /><D38/><U110/><E110/><V79/><F106/><W34/><G64/><T123/><D70/><U104/><E131/><V0/><F0/><W78/><G69/><T59/><D82/><N who="2" m="31274" /><F96/><W5/><G78/><N who="2" m="29737" /><F47/><W7/><G85/><T129/><D129/><U90/><E11/><V84/><F52/><W130/><G130/><T75/><D75/><U32/><E90/><N who="2" m="34923" /><F84/><W74/><G74/><T18/><D94/><U44/><E71/><V26/><F26/><W135/><G135/><T37/><D92/><U36/><E39/><V46/><F46/><W17/><G54/><T31/><D37/><U28/><E33/><V8/><F8/><W109/><G109/><T102/><D98/><U68/><E68/><V15/><AGARI ba="0,0" hai="10,15,16,60,63" m="34923,29737,31274" machi="15" ten="30,6000,0" yaku="8,1,54,2" doraHai="99" who="2" fromWho="2" sc="229,-20,219,-20,509,60,43,-20" /><INIT seed="6,1,0,5,5,77" ten="209,199,569,23" oya="2" hai0="60,18,11,6,58,16,121,98,55,84,111,3,116" hai1="127,30,49,15,94,61,105,91,122,70,23,79,93" hai2="69,41,124,95,103,0,25,96,74,20,118,110,117" hai3="97,13,34,12,38,29,107,129,21,88,36,57,82"/><V37/><F69/><W48/><G129/><T73/><D73/><U83/><E105/><V5/><F110/><W14/><G34/><T80/><D111/><U45/><E122/><V59/><F74/><W31/><G107/><T131/><D121/><U67/><E127/><V85/><F124/><W10/><G10/><T68/><D131/><U9/><E91/><V42/><F37/><W87/><G97/><T26/><D116/><U40/><E23/><V134/><F134/><W92/><G92/><T72/><D72/><U62/><E61/><V90/><F5/><W125/><G125/><T108/><D68/><U24/><E24/><V132/><F0/><W99/><G99/><T44/><D108/><U54/><E54/><V35/><F35/><W106/><G106/><T128/><D128/><U7/><REACH who="1" step="1"/><E30/><REACH who="1" ten="209,189,569,23" step="2"/><V22/><F132/><W47/><G57/><T66/><D26/><U89/><E89/><V28/><F20/><W76/><G76/><T86/><D58/><U56/><E56/><V113/><F113/><W112/><G112/><T17/><D60/><U27/><E27/><V63/><F118/><W120/><G120/><T32/><D32/><U78/><E78/><V135/><F117/><W71/><G71/><T123/><D123/><U51/><E51/><V8/><F135/><W119/><G119/><T101/><D55/><U102/><E102/><V46/><F8/><W133/><G133/><T109/><D109/><U75/><AGARI ba="1,1" hai="7,9,15,40,45,49,62,67,70,75,79,83,93,94" machi="75" ten="20,5200,0" yaku="1,1,0,1,7,1,52,1,53,0" doraHai="77" doraHaiUra="52" who="1" fromWho="1" sc="209,-14,189,65,569,-27,23,-14" /><INIT seed="7,0,0,4,2,129" ten="195,254,542,9" oya="3" hai0="117,109,127,78,92,97,52,61,111,75,6,80,56" hai1="74,57,131,102,35,135,76,55,38,20,25,104,33" hai2="79,40,99,113,120,63,15,51,85,50,65,122,88" hai3="2,42,96,47,91,67,125,107,71,73,81,41,48"/><W114/><G2/><T14/><D117/><U98/><E131/><V116/><F116/><W11/><G125/><T133/><D127/><U103/><E38/><V21/><F113/><W45/><G114/><T43/><D43/><U77/><E103/><V93/><F40/><W119/><G119/><T58/><D133/><U68/><E135/><V9/><F21/><W37/><G71/><T69/><D69/><U39/><E39/><V10/><F10/><W124/><G67/><T115/><D115/><U3/><E3/><V4/><F79/><W94/><G124/><T72/><D72/><U121/><E68/><V112/><F112/><W8/><G107/><T32/><D32/><U95/><E104/><V101/><F122/><W84/><G73/><T89/><D6/><U7/><E7/><V123/><F123/><W36/><G48/><T5/><REACH who="0" step="1"/><D58/><REACH who="0" ten="185,254,542,9" step="2"/><U19/><E121/><V86/><F120/><W29/><G29/><T44/><D44/><U23/><E35/><V1/><F1/><W62/><G62/><T118/><D118/><U28/><E74/><V132/><F132/><W16/><G16/><T100/><D100/><AGARI ba="0,1" hai="8,11,36,37,41,42,45,47,81,84,91,94,96,100" machi="100" ten="30,2900,0" yaku="7,1,9,1" doraHai="129" who="3" fromWho="0" sc="185,-29,254,0,542,0,9,39" /><INIT seed="7,1,0,0,3,68" ten="156,254,542,48" oya="3" hai0="50,6,9,128,99,17,79,110,34,40,21,25,19" hai1="92,86,23,125,37,96,41,35,98,24,123,36,105" hai2="32,113,11,15,22,48,52,51,130,27,57,0,43" hai3="10,12,71,56,58,46,64,80,74,124,91,13,42"/><W53/><G124/><T108/><D79/><U2/><E35/><V135/><F32/><W127/><G127/><T55/><D40/><U26/><E125/><V81/><F0/><W44/><G74/><T1/><D99/><U60/><E2/><V109/><F109/><W94/><G80/><T66/><D66/><U101/><E41/><V62/><F130/><W106/><G106/><T7/><D55/><U18/><E123/><V89/><F135/><W16/><G71/><T75/><D50/><U131/><E131/><V76/><F43/><W114/><G114/><T49/><D49/><U70/><E26/><V8/><F8/><W83/><G83/><T97/><D97/><U116/><E116/><V132/><F132/><W95/><G42/><T134/><D75/><U31/><E31/><V103/><F103/><W93/><G91/><T45/><D45/><N who="3" m="17513" /><G64/><T107/><D107/><U112/><E86/><N who="2" m="48423" /><F89/><W126/><G126/><T129/><D134/><U29/><E29/><N who="2" m="17655" /><F113/><W119/><G119/><T117/><D117/><U61/><E112/><V38/><F38/><W5/><G53/><T118/><D118/><U102/><REACH who="1" step="1"/><E70/><REACH who="1" ten="156,244,542,48" step="2"/><V111/><F111/><N who="0" m="42538" /><D129/><U14/><E14/><V104/><F104/><W120/><G120/><T65/><D128/><U121/><E121/><V4/><AGARI ba="1,1" hai="4,11,15,48,51,52,57,62" m="17655,48423" machi="4" ten="30,2000,0" yaku="8,1,54,1" doraHai="68" who="2" fromWho="2" sc="156,-6,244,-6,542,33,48,-11" owari="150,-25.0,238,4.0,575,67.0,37,-46.0" /></mjloggm>