<mjloggm ver="2.3"><GO type="41" lobby="0"/><UN n0="%E3%83%AA%E3%83%9C%E3%83%B3%E5%8D%81%E4%BB%A3" n1="%E2%93%9D%53%75%70%68%78" n2="%E7%95%99%E5%B9%B4%E4%BA%88%E5%82%99%E8%BB%8D" n3="%62%6C%6F%77%69%6E" dan="14,19,13,15" rate="1920.32,2147.48,1831.85,2000.69" sx="M,M,M,M"/><TAIKYOKU oya="0"/><INIT seed="0,0,0,1,4,109" ten="250,250,250,250" oya="0" hai0="131,44,67,95,72,10,107,2,114,16,91,4,12" hai1="54,126,92,104,116,125,111,89,100,6,59,73,64" hai2="62,75,94,96,123,35,26,106,47,122,0,78,88" hai3="63,18,24,31,45,102,8,132,57,53,119,51,34"/><T93/><D107/><U84/><E64/><V108/><F0/><W86/><G119/><T17/><D131/><U113/><E6/><V50/><F108/><W81/><G132/><T30/><D30/><U33/><E33/><V87/><F75/><W82/><G102/><T52/><D67/><U110/><E116/><V1/><F1/><W130/><G130/><T121/><D121/><U76/><E54/><V28/><F106/><W97/><G97/><T29/><D29/><U23/><E59/><V71/><F71/><W98/><G98/><T58/><D44/><U39/><E23/><V103/><F62/><W27/><G86/><T70/><D70/><U49/><E49/><V40/><REACH who="2" step="1"/><F78/><REACH who="2" ten="250,250,240,250" step="2"/><W48/><G63/><N who="0" m="36295" /><D72/><U61/><E61/><V105/><AGARI ba="0,1" hai="26,28,35,40,47,50,87,88,94,96,103,105,122,123" machi="105" ten="20,5200,0" yaku="1,1,0,1,7,1,54,1,53,0" doraHai="109" doraHaiUra="135" who="2" fromWho="2" sc="250,-26,250,-13,240,62,250,-13" /><INIT seed="1,0,0,5,5,53" ten="224,237,302,237" oya="1" hai0="76,97,58,23,73,57,47,10,104,21,44,66,12" hai1="71,105,4,34,78,88,16,130,26,24,41,109,38" hai2="45,42,5,35,123,52,135,134,125,0,17,82,101" hai3="69,40,56,28,114,95,106,90,19,65,77,124,7"/><U103/><E78/><V61/><F123/><W50/><G114/><T127/><D127/><U126/><E71/><V118/><F118/><W36/><G124/><T39/><D39/><U18/><E126/><V107/><F125/><W63/><G77/><T59/><D73/><U93/><E4/><V30/><F107/><W37/><G106/><T120/><D76/><U121/><E121/><V133/><F101/><W91/><G7/><T74/><D74/><U79/><E130/><V129/><F129/><W22/><G28/><T43/><D120/><U100/><E79/><V70/><F82/><W55/><G40/><T3/><D3/><U64/><E64/><V99/><F99/><W102/><G102/><N who="1" m="38954" /><E34/><V13/><F5/><W46/><G46/><N who="0" m="17451" /><D43/><U131/><E38/><V128/><F0/><W29/><G29/><T94/><D104/><U68/><E68/><V115/><F128/><W49/><G49/><T60/><D97/><N who="1" m="57511" /><E109/><V83/><F115/><W75/><G75/><T27/><D94/><U67/><E131/><V72/><F30/><W6/><G6/><N who="0" m="3159" /><D21/><N who="1" m="13351" /><E105/><V87/><F72/><W98/><REACH who="3" step="1"/><G90/><REACH who="3" ten="224,237,302,227" step="2"/><T119/><D119/><U110/><E41/><V1/><F133/><W122/><G122/><T2/><D2/><U51/><E51/><V81/><F1/><W89/><G89/><T8/><D8/><U9/><E9/><V33/><F134/><W32/><G32/><T117/><D117/><U92/><E110/><V62/><F135/><W48/><G48/><T15/><D15/><AGARI ba="0,1" hai="15,19,22,36,37,50,55,56,63,65,69,91,95,98" machi="15" ten="30,3900,0" yaku="1,1,7,1,52,1,53,0" doraHai="53" doraHaiUra="113" who="3" fromWho="0" sc="224,-39,237,0,302,0,227,49" /><INIT seed="2,0,0,1,5,119" ten="185,237,302,276" oya="2" hai0="76,115,82,34,122,38,81,131,55,8,2,12,95" hai1="90,69,9,120,97,135,109,92,98,44,30,56,28" hai2="48,106,37,100,77,29,68,21,85,0,5,88,11" hai3="107,6,10,62,129,127,60,130,93,25,125,105,40"/><V43/><F68/><W31/><G40/><T116/><D115/><U23/><E69/><V89/><F37/><W13/><G93/><T33/><D116/><U65/><E109/><V110/><F110/><W113/><G113/><T16/><D131/><N who="3" m="50185" /><G60/><T58/><D38/><U99/><E135/><V54/><F43/><W66/><G62/><T51/><D122/><U79/><E79/><V112/><F112/><W49/><G49/><T20/><D95/><U36/><E9/><V70/><F70/><W133/><G66/><T46/><D81/><U7/><E7/><V26/><F106/><N who="3" m="40459" /><G133/><T63/><D2/><U53/><E65/><V1/><F1/><W75/><G75/><T104/><D104/><U19/><E44/><V94/><F100/><W15/><G15/><T52/><REACH who="0" step="1"/><D8/><REACH who="0" ten="175,237,302,276" step="2"/><U3/><E36/><V128/><F128/><W114/><G114/><T103/><D103/><U126/><E3/><V41/><F41/><W96/><G96/><T27/><D27/><U67/><E99/><V132/><F132/><W59/><G59/><T123/><D123/><U50/><E120/><V134/><F134/><W57/><G57/><T4/><D4/><U32/><E98/><V74/><F74/><AGARI ba="0,1" hai="12,16,20,33,34,46,51,52,55,58,63,74,76,82" machi="74" ten="30,7700,0" yaku="1,1,7,1,54,2,53,0" doraHai="119" doraHaiUra="111" who="0" fromWho="2" sc="175,87,237,0,302,-77,276,0" /><INIT seed="3,0,0,0,4,97" ten="262,237,225,276" oya="3" hai0="54,70,3,40,90,133,92,64,30,103,53,95,11" hai1="128,96,105,71,72,77,99,38,108,91,65,117,43" hai2="116,135,25,100,13,86,46,126,50,41,132,19,127" hai3="8,94,16,74,98,122,6,85,23,129,35,39,7"/><W115/><G74/><T42/><D133/><N who="2" m="51274" /><F116/><W26/><G122/><T0/><D70/><U134/><E108/><V101/><F25/><W120/><G120/><T21/><D64/><U87/><E128/><V110/><F110/><W60/><G129/><T68/><D68/><U31/><E31/><V76/><F76/><W82/><G39/><T55/><D0/><U48/><E38/><V45/><F45/><W17/><G115/><T44/><D3/><U84/><E77/><V81/><F81/><W83/><G35/><T2/><D2/><U89/><E72/><V88/><F127/><W119/><G119/><T22/><D11/><U29/><E29/><V125/><F125/><W123/><G123/><T130/><D130/><U10/><E10/><N who="2" m="6583" /><F126/><W27/><G60/><T61/><D61/><U69/><E134/><V78/><F78/><N who="3" m="46295" /><G83/><T131/><D131/><U67/><E117/><V28/><F28/><N who="3" m="17503" /><G27/><N who="0" m="16751" /><D22/><U73/><E73/><V114/><F114/><W47/><G47/><T51/><D40/><U121/><E121/><V56/><F56/><W124/><G124/><T52/><D90/><U80/><E80/><V79/><F79/><W112/><G112/><T118/><D118/><U9/><E43/><V18/><F18/><N who="3" m="7275" /><G8/><T12/><D42/><U49/><REACH who="1" step="1"/><E9/><REACH who="1" ten="262,227,225,276" step="2"/><V1/><F1/><W20/><G20/><T24/><D51/><U107/><AGARI ba="0,1" hai="48,49,65,67,69,71,84,87,89,91,96,99,105,107" machi="107" ten="25,8000,1" yaku="1,1,2,1,0,1,22,2,53,0" doraHai="97" doraHaiUra="113" who="1" fromWho="1" sc="262,-20,227,90,225,-20,276,-40" /><INIT seed="4,0,0,0,4,123" ten="242,317,205,236" oya="0" hai0="63,67,126,80,21,2,7,32,5,8,86,119,118" hai1="58,83,129,64,53,35,103,14,122,27,132,111,72" hai2="79,95,93,110,0,74,107,105,88,84,96,3,20" hai3="81,68,36,19,62,30,92,15,134,71,17,130,121"/><T6/><D126/><U87/><E111/><V56/><F56/><W108/><G121/><T125/><D125/><U50/><E72/><V97/><F97/><W117/><G108/><T26/><D32/><U127/><E129/><V11/><F11/><W24/><G36/><T106/><D106/><U55/><E132/><V113/><F113/><W66/><G134/><T75/><D75/><U12/><E64/><V78/><F78/><W90/><G130/><T91/><D118/><U13/><E103/><V82/><F82/><W101/><G117/><T98/><D98/><U133/><E133/><V94/><F94/><W135/><G135/><T65/><D65/><U39/><E39/><V100/><F100/><W99/><G71/><T37/><D37/><U60/><E35/><V77/><F77/><W48/><G48/><T69/><REACH who="0" step="1"/><D119/><REACH who="0" ten="232,317,205,236" step="2"/><U128/><E127/><V38/><F38/><W47/><G99/><T29/><AGARI ba="0,1" hai="2,5,6,7,8,21,26,29,63,67,69,80,86,91" machi="29" ten="20,7800,0" yaku="1,1,2,1,0,1,7,1,53,0" doraHai="123" doraHaiUra="43" who="0" fromWho="0" sc="232,88,317,-26,205,-26,236,-26" /><INIT seed="4,1,0,1,5,118" ten="320,291,179,210" oya="0" hai0="74,78,82,63,134,53,19,92,9,28,59,99,76" hai1="33,77,96,43,8,94,41,115,72,90,91,119,105" hai2="49,25,70,98,21,109,46,97,47,120,30,14,20" hai3="68,36,85,126,75,4,2,15,22,3,18,111,65"/><T107/><D134/><U95/><E33/><V13/><F13/><W100/><G75/><T128/><D128/><U38/><E119/><V62/><F62/><W37/><G111/><T122/><D28/><U112/><E8/><V133/><F133/><W81/><G126/><T86/><D107/><U16/><E105/><V1/><F1/><W60/><G100/><T57/><D122/><U127/><E38/><V69/><F69/><W125/><G125/><T129/><D129/><U106/><E106/><V24/><F24/><W132/><G132/><T101/><D57/><U45/><E45/><V124/><F124/><W29/><G29/><T71/><D71/><U51/><E51/><V0/><F0/><W108/><G108/><T48/><D63/><U110/><E110/><V64/><F64/><W58/><G68/><T113/><D113/><N who="1" m="43595" /><BYE who="2" /><E16/><V12/><F12/><W121/><G121/><T39/><D39/><N who="3" m="14921" /><G4/><T52/><D53/><U35/><E35/><V26/><F26/><W116/><G116/><T104/><D9/><U31/><E31/><V44/><F44/><W89/><G2/><T93/><D19/><U23/><E23/><V102/><F102/><W11/><G3/><T79/><REACH who="0" step="1"/><D93/><REACH who="0" ten="310,291,179,210" step="2"/><U88/><E127/><V103/><F103/><W114/><G114/><T5/><D5/><U56/><E56/><V87/><F87/><W61/><G61/><T117/><D117/><U54/><E95/><V84/><F84/><W130/><G130/><T55/><D55/><U42/><E54/><V67/><F67/><W131/><G131/><T27/><D27/><U80/><AGARI ba="1,1" hai="41,42,43,72,77,80,88,90,91,94,96" m="43595" machi="80" ten="40,8000,1" yaku="5,1,15,1,11,1,54,1" doraHai="118" who="1" fromWho="1" sc="310,-41,291,93,179,-21,210,-21" /><INIT seed="5,0,0,2,0,121" ten="269,384,158,189" oya="1" hai0="130,89,66,11,71,75,15,23,132,96,24,7,56" hai1="76,81,19,114,47,38,70,88,134,93,72,5,51" hai2="3,12,60,32,90,26,10,44,115,113,83,135,50" hai3="37,125,98,0,2,105,69,49,119,97,86,103,28"/><U94/><E114/><V107/><F107/><W99/><G37/><T33/><D71/><U9/><E134/><V17/><F17/><W124/><G69/><T63/><D75/><U78/><E70/><V27/><F27/><W25/><G119/><T100/><D132/><U20/><E38/><V85/><F85/><W59/><G86/><T39/><D130/><U95/><E78/><V6/><F6/><W131/><G131/><T61/><D39/><U14/><E51/><V126/><F126/><N who="3" m="48747" /><G59/><T111/><D33/><U129/><E47/><V112/><F112/><W110/><G49/><T8/><D8/><U84/><REACH who="1" step="1"/><E129/><REACH who="1" ten="269,374,158,189" step="2"/><V101/><F101/><W80/><G103/><T21/><D63/><U67/><E67/><V73/><F73/><W43/><G105/><T92/><D100/><U74/><E74/><V48/><F48/><W4/><G0/><AGARI ba="0,1" hai="0,5,9,14,19,20,72,76,81,84,88,93,94,95" machi="0" ten="30,18000,2" yaku="1,1,7,1,54,1,53,3" doraHai="121" doraHaiUra="91" who="1" fromWho="3" sc="269,0,374,190,158,0,189,-180" /><INIT seed="5,1,0,3,4,102" ten="269,564,158,9" oya="1" hai0="38,41,117,88,51,49,25,99,84,126,59,112,95" hai1="113,61,30,121,105,106,10,46,24,125,27,42,89" hai2="81,8,111,71,94,60,21,128,19,72,53,17,62" hai3="73,39,52,29,101,55,107,26,122,0,116,129,92"/><U9/><E121/><V3/><F3/><W47/><G122/><T64/><D117/><U56/><E113/><V6/><F6/><W119/><G0/><T33/><D112/><U15/><E125/><V96/><F96/><N who="3" m="61863" /><G73/><T45/><D126/><U115/><E115/><V43/><F43/><N who="3" m="23039" /><G129/><T98/><D33/><U91/><E27/><V23/><F23/><N who="3" m="15583" /><G92/><T74/><D74/><U36/><E10/><V123/><F123/><W48/><G48/><T127/><D127/><U133/><E106/><V90/><F90/><W44/><G44/><T58/><D25/><U28/><E105/><V79/><F79/><W1/><G1/><T93/><D64/><U70/><E24/><V132/><F132/><W34/><G34/><T108/><D108/><U85/><E91/><V110/><F110/><W130/><G130/><T118/><D118/><AGARI ba="1,0" hai="52,55,116,118,119" m="15583,23039,61863" machi="118" ten="30,3900,0" yaku="12,1,52,1,54,1" doraHai="102" who="3" fromWho="0" sc="269,-42,564,0,158,0,9,42" /><INIT seed="6,0,0,0,2,16" ten="227,564,158,51" oya="2" hai0="49,70,52,128,29,74,13,1,7,42,21,129,77" hai1="65,44,41,53,96,79,40,11,105,93,51,57,94" hai2="64,122,43,118,8,19,101,36,59,34,14,17,39" hai3="110,68,97,91,108,27,78,115,60,61,123,66,90"/><V113/><F113/><W67/><G115/><T120/><D120/><U131/><E131/><N who="0" m="50249" /><D70/><U35/><E35/><V76/><F76/><W32/><G123/><T75/><D1/><U25/><E105/><V6/><F6/><W132/><G132/><T72/><D42/><U15/><E25/><V0/><F0/><W88/><G78/><T99/><D99/><U62/><E94/><V28/><F28/><W50/><G97/><T83/><D7/><N who="1" m="3583" /><E79/><V30/><F30/><W55/><G27/><N who="0" m="16623" /><D13/><U117/><E117/><V20/><F20/><W116/><G32/><T112/><D112/><U111/><E111/><V3/><F3/><W33/><G33/><T10/><D10/><U46/><E46/><AGARI ba="0,0" hai="46,49,52,72,74,75,77,83" m="16623,50249" machi="46" ten="30,3900,0" yaku="19,1,52,1,54,1" doraHai="16" who="0" fromWho="1" sc="227,39,564,-39,158,0,51,0" /><INIT seed="7,0,0,4,1,117" ten="266,525,158,51" oya="3" hai0="68,2,36,108,133,67,80,51,6,71,76,90,121" hai1="24,22,3,77,111,57,78,53,20,63,95,79,56" hai2="33,129,97,5,107,46,128,32,134,21,122,59,92" hai3="118,42,43,49,98,66,14,4,18,120,124,7,35"/><W88/><G118/><T126/><D121/><U37/><E3/><V61/><F61/><W91/><G35/><T12/><D108/><U30/><E37/><V69/><F69/><W41/><G120/><T64/><D2/><U119/><E111/><V44/><F44/><N who="3" m="25743" /><G124/><T110/><D110/><U34/><E119/><V13/><F13/><W19/><G66/><T131/><D36/><U102/><REACH who="1" step="1"/><E57/><REACH who="1" ten="266,515,158,51" step="2"/><V65/><F65/><W29/><G29/><T70/><D64/><U94/><E94/><V72/><F72/><W96/><G42/><T17/><D67/><U123/><E123/><V38/><F38/><W130/><G43/><T1/><D1/><U25/><E25/><V26/><F26/><W81/><G130/><T27/><D131/><U58/><E58/><V54/><F54/><W48/><G48/><T74/><D133/><U45/><E45/><V116/><F116/><W52/><G52/><T113/><D126/><U125/><E125/><V103/><F103/><W28/><G28/><T89/><D113/><U31/><E31/><V85/><F85/><N who="3" m="50223" /><G91/><T135/><D6/><N who="3" m="2089" /><G19/><T55/><D89/><U82/><E82/><V84/><F84/><W104/><G104/><T15/><D90/><U50/><E50/><V11/><F11/><AGARI ba="0,1" hai="11,14,18,96,98" m="2089,50223,25743" machi="11" ten="30,2900,0" yaku="8,1,54,1" doraHai="117" who="3" fromWho="2" sc="266,0,515,0,158,-29,51,39" /><INIT seed="7,1,0,5,5,38" ten="266,515,129,90" oya="3" hai0="94,9,63,28,19,122,128,124,52,54,43,55,101" hai1="20,88,48,35,0,118,64,29,123,117,8,83,17" hai2="93,26,72,24,58,116,2,129,30,34,62,25,105" hai3="82,56,75,66,92,51,41,13,71,33,32,125,68"/><W74/><G125/><T49/><D122/><U114/><E114/><V73/><F73/><W109/><G109/><T133/><D133/><U21/><E123/><V78/><F78/><W7/><G75/><T45/><D128/><U81/><E35/><V50/><F50/><W107/><G107/><T108/><D108/><U80/><E64/><V44/><F44/><W110/><G110/><T121/><D121/><U4/><E29/><V85/><F85/><W103/><G33/><T46/><D28/><U86/><E48/><V37/><F37/><W89/><G32/><T6/><D6/><U112/><E112/><V96/><F96/><N who="3" m="59783" /><G41/><T42/><D124/><U53/><E53/><N who="0" m="19977" /><D63/><U70/><E70/><V113/><F113/><W69/><G51/><T90/><D101/><U98/><E98/><V111/><F111/><W61/><G74/><T31/><D31/><U100/><E100/><V84/><F84/><N who="3" m="50327" /><G13/><N who="0" m="7599" /><D46/><U102/><E102/><V14/><F14/><W27/><G7/><T126/><D126/><U115/><E115/><V12/><F12/><W3/><G3/><T18/><D18/><U135/><E17/><V10/><F10/><W47/><G47/><T104/><D104/><U130/><E130/><V97/><F97/><AGARI ba="1,0" hai="42,43,45,49,52,90,94,97" m="7599,19977" machi="97" ten="30,7700,0" yaku="8,1,52,2,54,1" doraHai="38" who="0" fromWho="2" sc="266,80,515,0,129,-80,90,0" owari="346,15.0,515,61.0,49,-45.0,90,-31.0" /></mjloggm>