<mjloggm ver="2.3"><GO type="41" lobby="0"/><UN n0="%E5%B7%A6%E8%84%9A%30%32" n1="%E2%93%9D%53%75%70%68%78" n2="%E3%83%91%E3%83%96%E3%83%AD%E3%83%95" n3="%6D%61%6A%75%6E%69%61" dan="14,19,15,14" rate="1906.68,2189.77,2012.48,1933.02" sx="M,M,M,M"/><TAIKYOKU oya="0"/><INIT seed="0,0,0,4,4,117" ten="250,250,250,250" oya="0" hai0="113,100,51,81,111,42,116,132,33,29,3,60,41" hai1="122,115,121,84,13,124,125,46,14,57,82,91,65" hai2="5,123,83,48,120,129,43,15,4,36,26,126,10" hai3="71,30,59,114,135,94,133,66,96,127,128,19,8"/><T16/><D116/><U6/><E115/><V72/><F129/><W39/><G114/><T58/><D113/><U92/><E46/><V32/><F126/><N who="1" m="48745" /><E6/><V95/><F36/><W69/><G127/><T88/><D3/><U68/><E68/><V45/><F4/><W35/><G39/><T112/><D112/><U44/><E44/><V50/><F50/><W70/><G128/><T22/><D132/><N who="3" m="50761" /><G35/><T98/><D111/><U78/><E57/><V28/><REACH who="2" step="1"/><F95/><REACH who="2" ten="250,250,240,250" step="2"/><W53/><G30/><T67/><D29/><U47/><E47/><V105/><F105/><W75/><G71/><T54/><D33/><U23/><E65/><V12/><F12/><N who="1" m="4713" /><E23/><V20/><F20/><W109/><G70/><T119/><D119/><U134/><E134/><V77/><AGARI ba="0,1" hai="5,10,15,26,28,32,43,45,48,72,77,83,120,123" machi="77" ten="30,7900,0" yaku="1,1,0,1,52,2,53,0" doraHai="117" doraHaiUra="80" who="2" fromWho="2" sc="250,-39,250,-20,240,89,250,-20" /><INIT seed="1,0,0,4,4,101" ten="211,230,329,230" oya="1" hai0="106,36,17,102,117,111,114,121,23,128,42,68,105" hai1="118,125,112,67,97,84,26,64,34,6,62,27,40" hai2="20,70,51,52,88,91,82,35,120,73,132,48,47" hai3="83,32,103,44,38,1,79,55,7,39,9,29,133"/><U107/><E112/><V93/><F120/><W37/><G133/><T4/><D117/><U72/><E72/><V95/><F35/><W135/><G135/><T61/><D114/><U78/><E118/><V5/><F70/><W33/><G55/><T77/><D77/><U22/><E6/><V127/><F127/><W53/><G53/><T80/><D80/><U124/><E40/><V74/><F132/><W31/><G44/><T28/><D28/><U76/><E34/><V13/><F51/><W11/><G11/><T115/><D115/><U10/><E10/><N who="2" m="4303" /><F74/><W19/><G19/><T123/><D102/><U56/><E84/><N who="2" m="50199" /><F73/><W14/><G14/><T81/><D81/><U126/><E67/><V119/><F119/><W90/><G90/><T86/><D86/><U65/><E65/><V66/><F66/><W15/><G15/><T41/><D4/><U59/><E27/><V96/><F20/><W116/><G116/><T2/><D2/><U104/><E59/><V12/><F12/><W25/><G103/><T58/><D68/><U24/><E24/><V54/><F95/><W57/><G57/><T85/><D85/><U108/><E97/><V30/><F30/><W134/><G134/><T99/><D99/><U16/><REACH who="1" step="1"/><E108/><REACH who="1" ten="211,220,329,230" step="2"/><V60/><F54/><W92/><G33/><T75/><D111/><U131/><E131/><V45/><F45/><W94/><G29/><T63/><D75/><U69/><E69/><V129/><F129/><W71/><G71/><T3/><D128/><U18/><E18/><V100/><F60/><W98/><G98/><T89/><D58/><RYUUKYOKU ba="0,1" sc="211,-30,220,10,329,10,230,10" hai1="16,22,26,56,62,64,76,78,104,107,124,125,126" hai2="47,48,52,91,93,96,100" hai3="1,7,9,25,31,32,37,38,39,79,83,92,94" /><INIT seed="1,1,1,3,3,75" ten="181,230,339,240" oya="1" hai0="96,103,82,34,87,102,41,51,19,131,114,99,30" hai1="16,38,36,86,58,53,80,59,77,52,104,45,24" hai2="28,55,89,68,57,130,67,40,76,97,113,108,90" hai3="119,98,32,33,35,22,123,120,71,4,92,42,43"/><U94/><E104/><V79/><F68/><W66/><G119/><T110/><D114/><U122/><E122/><V54/><F113/><W61/><G4/><T126/><D110/><U109/><E109/><V116/><F116/><W7/><G7/><T134/><D126/><U91/><E38/><V65/><F108/><W112/><G112/><T135/><D131/><U101/><E101/><V25/><F130/><W11/><G11/><T72/><D72/><U107/><E107/><V125/><F125/><W70/><G70/><T62/><D62/><U50/><E36/><V100/><F40/><W0/><G0/><T15/><D30/><U78/><E53/><N who="2" m="19979" /><F100/><W124/><G124/><T18/><D34/><U115/><E115/><V128/><F128/><W20/><G42/><T49/><D41/><U74/><E78/><N who="2" m="29739" /><F97/><W117/><G43/><T29/><D29/><U39/><REACH who="1" step="1"/><E39/><REACH who="1" ten="181,220,339,240" step="2"/><V84/><F65/><W21/><G117/><T3/><D3/><U6/><E6/><V85/><F67/><W60/><REACH who="3" step="1"/><G61/><REACH who="3" ten="181,220,339,230" step="2"/><T132/><D132/><U121/><E121/><V10/><F10/><W106/><G106/><T63/><D63/><U5/><E5/><V14/><F90/><AGARI ba="1,3" hai="20,21,22,32,33,35,60,66,71,90,92,98,120,123" machi="90" ten="50,1600,0" yaku="1,1,53,0" doraHai="75" doraHaiUra="81" who="3" fromWho="2" sc="181,0,220,0,339,-19,230,49" /><INIT seed="2,0,0,4,3,6" ten="181,220,320,279" oya="2" hai0="75,32,107,109,112,130,33,2,29,38,25,121,78" hai1="21,99,10,26,102,61,56,113,114,11,70,15,103" hai2="69,50,90,131,117,128,49,40,14,108,63,43,132" hai3="120,1,54,79,115,22,37,96,35,51,126,97,74"/><V41/><F90/><W52/><G120/><T31/><D25/><U119/><E70/><V66/><F14/><W83/><G126/><T88/><D78/><U30/><E119/><V122/><F117/><W125/><G125/><T53/><D53/><U135/><E135/><V4/><F4/><W123/><G123/><T100/><D31/><U80/><E103/><V116/><F116/><W110/><G110/><T105/><D29/><U71/><E71/><V3/><F3/><W58/><G37/><T5/><D5/><U57/><E57/><V98/><F98/><W67/><G35/><T16/><D100/><U92/><E80/><V55/><F108/><W17/><G1/><T87/><D121/><U134/><E134/><V42/><F122/><W34/><G34/><T59/><D75/><U39/><E39/><V77/><F77/><W7/><G7/><T45/><D59/><U84/><E84/><V104/><F104/><W9/><G67/><T48/><D38/><U76/><E76/><V129/><F132/><W68/><G68/><T24/><D2/><U27/><E27/><V44/><F40/><W18/><G54/><N who="0" m="29967" /><D109/><U19/><REACH who="1" step="1"/><E11/><REACH who="1" ten="181,210,320,279" step="2"/><V111/><F111/><W46/><G58/><AGARI ba="0,1" hai="41,42,43,44,49,50,55,58,63,66,69,128,129,131" machi="58" ten="40,12000,1" yaku="19,1,34,3" doraHai="6" who="2" fromWho="3" sc="181,0,210,0,320,130,279,-120" /><INIT seed="2,1,0,0,1,41" ten="181,210,450,159" oya="2" hai0="42,120,111,127,29,59,24,94,109,129,77,85,65" hai1="96,95,100,73,47,11,131,51,67,4,64,14,101" hai2="22,84,34,107,43,15,117,108,16,50,19,23,52" hai3="119,135,63,106,32,44,61,75,39,113,82,31,33"/><V98/><F117/><W20/><G119/><T105/><D120/><U104/><E73/><V68/><F68/><W90/><G135/><T128/><D105/><U87/><E131/><N who="0" m="50249" /><D127/><U21/><E101/><V53/><F34/><W83/><G106/><T74/><D74/><U35/><E35/><V80/><F108/><N who="0" m="41546" /><D94/><U18/><E87/><V121/><F98/><W125/><G125/><T58/><D65/><U114/><E114/><V54/><F107/><W69/><G113/><T132/><D132/><U88/><E100/><V116/><F116/><W76/><G90/><T17/><D17/><U7/><E104/><V57/><F43/><W2/><G2/><T79/><D42/><N who="1" m="25079" /><E7/><V30/><F30/><W81/><G75/><T5/><D5/><U62/><E62/><N who="3" m="23562" /><G76/><N who="0" m="29259" /><D85/><U28/><E28/><V12/><F121/><W118/><G118/><T72/><D72/><U36/><E36/><V122/><F122/><W102/><G39/><T71/><D71/><U115/><E115/><V91/><AGARI ba="1,0" hai="12,15,16,19,22,23,50,52,53,54,57,80,84,91" machi="91" ten="20,18000,2" yaku="0,1,7,1,9,1,8,1,54,2" doraHai="41" who="2" fromWho="2" sc="181,-61,210,-61,450,183,159,-61" /><INIT seed="2,2,0,1,3,10" ten="120,149,633,98" oya="2" hai0="130,5,98,39,106,14,11,30,52,31,83,19,97" hai1="37,27,107,46,44,70,50,53,15,112,68,24,34" hai2="38,108,114,111,78,29,18,40,61,117,25,122,65" hai3="116,129,104,7,2,128,135,102,4,93,99,100,20"/><V6/><F117/><W41/><G116/><T91/><D39/><U95/><E107/><V67/><F122/><W66/><G135/><T115/><D115/><U28/><E112/><V47/><F114/><W92/><G66/><T58/><D130/><N who="3" m="50281" /><G41/><T82/><D106/><U17/><E27/><V123/><F123/><W48/><G48/><T131/><D131/><U121/><E121/><V94/><F6/><N who="3" m="2091" /><G20/><T81/><D5/><U12/><E17/><V109/><F78/><W85/><G2/><T86/><D31/><U32/><E32/><V71/><F67/><W73/><G73/><T42/><D30/><U3/><E3/><V76/><F76/><W1/><G1/><T113/><D42/><U56/><E37/><V64/><F64/><W59/><G59/><T124/><D113/><U63/><E46/><V103/><F18/><W80/><G102/><T88/><D124/><U132/><E132/><V36/><F36/><W16/><G16/><T90/><D86/><U26/><E70/><V119/><F119/><W22/><G22/><T51/><AGARI ba="2,0" hai="11,14,19,51,52,58,81,82,83,88,90,91,97,98" machi="51" ten="30,8000,1" yaku="0,1,8,1,52,1,54,2" doraHai="10" who="0" fromWho="0" sc="120,86,149,-22,633,-42,98,-22" /><INIT seed="3,0,0,0,2,80" ten="206,127,591,76" oya="3" hai0="52,20,135,70,114,97,65,5,106,27,93,90,21" hai1="40,92,25,32,30,115,11,3,99,128,37,78,103" hai2="94,59,6,18,79,60,134,82,104,58,51,125,39" hai3="15,102,57,24,83,41,16,22,36,107,118,131,29"/><W119/><G131/><T62/><D106/><U71/><E115/><V120/><F104/><W19/><G36/><T1/><D114/><U13/><E128/><V38/><F6/><W23/><G41/><T56/><D135/><U124/><E124/><V49/><F134/><W26/><G107/><T14/><D1/><U73/><E71/><V89/><F125/><W113/><G102/><T66/><D70/><U53/><E53/><V10/><F120/><W9/><G113/><T2/><D2/><U74/><E78/><V34/><F34/><W77/><REACH who="3" step="1"/><G57/><REACH who="3" ten="206,127,591,66" step="2"/><T7/><D7/><U12/><E40/><V33/><F59/><W112/><G112/><T101/><D101/><U50/><E37/><V111/><F39/><W42/><G42/><T121/><D121/><U44/><E103/><V28/><F58/><W100/><G100/><T64/><D27/><U87/><E25/><V63/><F38/><W68/><G68/><T123/><D123/><U127/><E127/><V47/><F47/><W81/><G81/><T43/><D43/><U96/><E44/><V88/><F82/><W105/><G105/><T46/><D46/><U117/><E92/><V95/><F94/><W45/><G45/><T8/><AGARI ba="0,1" hai="5,8,14,20,21,52,56,62,64,65,66,90,93,97" machi="8" ten="30,4000,0" yaku="0,1,8,1,54,1" doraHai="80" who="0" fromWho="0" sc="206,50,127,-10,591,-10,66,-20" /><INIT seed="4,0,0,4,1,98" ten="256,117,581,46" oya="0" hai0="33,111,85,54,53,96,1,59,110,92,134,44,14" hai1="6,38,132,93,11,97,55,35,105,72,49,70,52" hai2="5,120,25,74,78,64,104,126,112,8,27,101,115" hai3="68,107,83,21,135,23,19,36,32,117,22,13,119"/><T122/><D1/><U100/><E38/><V39/><F39/><W10/><G68/><T7/><D33/><U80/><E70/><V118/><F120/><W94/><G36/><T60/><D122/><U76/><E132/><V123/><F123/><W87/><G94/><T56/><D134/><U131/><E131/><V47/><F118/><N who="3" m="45067" /><G87/><T108/><D44/><U66/><E66/><V130/><F130/><W90/><G90/><T81/><D7/><U58/><E35/><V28/><F126/><W69/><G83/><T3/><D14/><U4/><E11/><V26/><F28/><W31/><G69/><T9/><D9/><U16/><E16/><V15/><F64/><W102/><G102/><N who="0" m="60679" /><D3/><U18/><E18/><V99/><F47/><W45/><G107/><T71/><D71/><U106/><REACH who="1" step="1"/><E55/><REACH who="1" ten="256,107,581,46" step="2"/><N who="0" m="21001" /><D60/><U29/><E29/><V125/><F125/><W0/><G135/><T89/><AGARI ba="0,1" hai="56,59,81,85,89,108,110,111" m="21001,60679" machi="89" ten="40,3900,0" yaku="10,1,52,1" doraHai="98" who="0" fromWho="0" sc="256,49,107,-13,581,-13,46,-13" /><INIT seed="4,1,0,1,4,12" ten="305,94,568,33" oya="0" hai0="1,93,129,32,48,85,9,109,104,55,119,39,72" hai1="50,27,5,73,77,105,99,81,40,33,61,98,45" hai2="21,34,84,67,112,121,13,18,8,35,60,59,0" hai3="15,44,25,41,96,63,114,115,54,24,20,70,3"/><T86/><D32/><U130/><E130/><V11/><F121/><W82/><G3/><T69/><D104/><U128/><E128/><V51/><F112/><N who="3" m="43051" /><G82/><T107/><D107/><U106/><E106/><V75/><F75/><W28/><G96/><T103/><D72/><U118/><E118/><V126/><F126/><W62/><G70/><T92/><D69/><U102/><E99/><V125/><F125/><W71/><G71/><T14/><D39/><U42/><E5/><V122/><F122/><W91/><G91/><T47/><D1/><U52/><REACH who="1" step="1"/><E61/><REACH who="1" ten="305,84,568,33" step="2"/><V123/><F60/><W7/><G54/><T68/><D129/><U4/><E4/><V26/><F123/><W110/><G110/><T6/><D119/><U31/><AGARI ba="1,1" hai="27,31,33,40,42,45,50,52,73,77,81,98,102,105" machi="31" ten="30,4000,0" yaku="1,1,0,1,54,1,53,0" doraHai="12" doraHaiUra="131" who="1" fromWho="1" sc="305,-21,84,53,568,-11,33,-11" /><INIT seed="5,0,0,4,4,31" ten="284,137,557,22" oya="1" hai0="29,14,118,69,105,115,71,66,52,64,84,38,72" hai1="127,65,100,30,74,87,82,51,59,121,91,10,108" hai2="81,1,77,134,46,50,89,41,111,26,124,117,126" hai3="96,54,114,45,88,110,13,83,37,44,53,18,9"/><U80/><E121/><V95/><F1/><W19/><G110/><T20/><D38/><U79/><E108/><V58/><F111/><W103/><G114/><T63/><D72/><U5/><E127/><N who="2" m="48683" /><F134/><W73/><G37/><T49/><D105/><U4/><E100/><V93/><F89/><W97/><G73/><T116/><D115/><U70/><E70/><V133/><F133/><W92/><G83/><T32/><D84/><U128/><E128/><V15/><F26/><W85/><G19/><T102/><D102/><U129/><E129/><V12/><F117/><W101/><G96/><T76/><D76/><U36/><E36/><V47/><F47/><W99/><G97/><T120/><D120/><U43/><E30/><V33/><F33/><W122/><G122/><T2/><D2/><U23/><E74/><N who="2" m="43191" /><F58/><W109/><G109/><T34/><D118/><U67/><E59/><V25/><F25/><W0/><G0/><T17/><D29/><U55/><E79/><V106/><F106/><W8/><G8/><T107/><D107/><U86/><E10/><V57/><F57/><W104/><REACH who="3" step="1"/><G101/><REACH who="3" ten="284,137,557,12" step="2"/><T24/><D116/><U90/><E82/><V61/><F95/><W98/><G98/><T75/><D75/><U16/><E80/><V132/><F93/><W39/><G39/><T112/><D112/><U62/><E87/><V21/><F132/><W27/><G27/><T40/><D24/><U135/><E135/><V123/><F123/><W22/><G22/><T113/><D113/><U68/><E86/><V131/><F21/><W56/><G56/><N who="0" m="32783" /><D40/><U78/><E43/><RYUUKYOKU ba="0,1" sc="284,15,137,-15,557,-15,12,15" hai0="14,17,20,32,34,63,64,66,69,71" hai3="9,13,18,44,45,53,54,85,88,92,99,103,104" /><INIT seed="6,1,1,1,4,79" ten="299,122,542,27" oya="2" hai0="103,25,6,95,76,34,115,99,92,106,114,1,81" hai1="32,48,119,52,125,47,43,33,57,14,15,132,63" hai2="4,17,113,123,111,18,120,28,61,98,102,72,67" hai3="41,82,89,134,46,21,90,109,75,20,42,3,8"/><V121/><F72/><W124/><G109/><T65/><D1/><U129/><E119/><V116/><F116/><W10/><G134/><T39/><D6/><U93/><E132/><V27/><F111/><W118/><G118/><T105/><D39/><U58/><E129/><V31/><F4/><W94/><G124/><T73/><D65/><U62/><E125/><V69/><F113/><N who="0" m="43018" /><D25/><U80/><E93/><N who="0" m="35913" /><D34/><U83/><E33/><V54/><F54/><W133/><G133/><T56/><D56/><U29/><E32/><V53/><F53/><W16/><G3/><T70/><D70/><U88/><E29/><V127/><F127/><W19/><G94/><AGARI ba="1,1" hai="73,76,81,94,99,103,105,106" m="35913,43018" machi="94" ten="30,7700,0" yaku="15,1,34,2,52,1" doraHai="79" who="0" fromWho="3" sc="299,90,122,0,542,0,27,-80" owari="389,19.0,122,-28.0,542,64.0,-53,-55.0" /></mjloggm>