<mjloggm ver="2.3"><GO type="41" lobby="0"/><UN n0="%74%61%69%6C%30%30" n1="%E2%93%9D%53%75%70%68%78" n2="%E3%81%9B%E3%81%A9%E3%81%AA%E3%82%8A%E3%81%82%E3%82%93" n3="%54%65%64%79%4B%75%6D%61" dan="14,19,15,13" rate="2004.62,2131.88,2030.56,1943.71" sx="M,M,F,F"/><TAIKYOKU oya="0"/><INIT seed="0,0,0,3,5,88" ten="250,250,250,250" oya="0" hai0="47,126,35,54,52,45,49,60,24,101,59,75,16" hai1="129,2,57,128,130,97,70,50,81,121,94,116,67" hai2="12,21,19,79,0,108,33,112,44,114,27,95,78" hai3="42,48,92,80,103,65,100,26,41,106,89,40,125"/><T123/><D123/><U9/><E121/><V71/><F108/><W109/><G109/><T115/><D115/><U110/><E110/><V11/><F71/><W6/><G125/><T99/><D75/><U32/><E32/><V90/><F112/><W51/><G6/><T29/><D126/><U105/><E105/><V36/><F114/><W113/><G113/><T118/><D118/><U56/><E116/><V73/><F73/><W39/><G39/><T63/><D63/><N who="1" m="40319" /><E81/><V61/><F61/><W4/><G4/><T127/><D127/><U30/><E30/><V135/><F135/><W28/><G65/><T134/><D134/><U84/><E84/><V17/><F33/><W131/><G80/><T132/><D132/><U37/><E50/><V1/><F1/><W74/><G74/><T58/><REACH who="0" step="1"/><D16/><REACH who="0" ten="240,250,250,250" step="2"/><U86/><E130/><V85/><REACH who="2" step="1"/><F0/><REACH who="2" ten="240,250,240,250" step="2"/><W98/><G131/><T83/><D83/><U133/><E129/><V64/><F64/><W96/><REACH who="3" step="1"/><G100/><REACH who="3" ten="240,250,240,240" step="2"/><T111/><D111/><U82/><E128/><V62/><F62/><W38/><G38/><T18/><D18/><U20/><E37/><V119/><F119/><W5/><G5/><T14/><D14/><U104/><E133/><V13/><F13/><W117/><G117/><T69/><D69/><U122/><E2/><V53/><F53/><W107/><G107/><AGARI ba="0,3" hai="24,29,35,45,47,49,52,54,58,59,60,99,101,107" machi="107" ten="30,11600,0" yaku="1,1,7,1,54,1,53,1" doraHai="88" doraHaiUra="25" who="0" fromWho="3" sc="240,146,250,0,240,0,240,-116" /><INIT seed="0,1,0,5,3,63" ten="386,250,240,124" oya="0" hai0="71,112,1,5,36,9,14,129,41,69,93,73,130" hai1="23,106,128,60,103,56,48,44,107,110,45,113,59" hai2="58,100,33,84,77,92,70,83,116,3,39,109,40" hai3="115,111,7,120,99,87,24,32,117,18,94,131,37"/><T123/><D123/><U46/><E103/><V13/><F3/><W86/><G117/><T8/><D112/><U35/><E35/><V43/><F109/><W27/><G120/><T6/><D73/><U21/><E110/><V114/><F70/><W31/><G115/><T80/><D93/><U67/><E113/><V15/><F33/><W2/><G37/><T10/><D10/><U19/><E128/><N who="0" m="49257" /><D80/><U47/><E23/><V82/><F116/><W54/><G111/><T25/><D25/><U124/><E124/><V65/><F83/><W30/><G18/><T75/><D75/><U121/><E121/><V29/><F29/><W61/><G7/><T108/><D108/><U125/><E125/><V98/><F39/><W127/><G2/><T50/><D50/><U135/><E107/><V42/><REACH who="2" step="1"/><F114/><REACH who="2" ten="386,250,230,124" step="2"/><W62/><G127/><T91/><D71/><U68/><E68/><V16/><F16/><W66/><G131/><T20/><D69/><U101/><E19/><V51/><F51/><W81/><G81/><T90/><D20/><U28/><E21/><V26/><F26/><W12/><G32/><T132/><D132/><U38/><E135/><V134/><F134/><W17/><G17/><T22/><D22/><U64/><E38/><V76/><F76/><W88/><G27/><T105/><D36/><U52/><E28/><V126/><F126/><W53/><G24/><T78/><D78/><U72/><E48/><V34/><F34/><W118/><G118/><T95/><D6/><U79/><E79/><V122/><F122/><W85/><G30/><T49/><D5/><RYUUKYOKU ba="1,1" sc="386,-10,250,-10,230,30,124,-10" hai2="13,15,40,42,43,58,65,77,82,84,92,98,100" /><INIT seed="1,2,1,5,2,3" ten="376,240,260,114" oya="1" hai0="88,51,71,70,96,56,57,38,113,41,132,127,119" hai1="28,123,42,79,84,14,52,47,62,67,91,6,37" hai2="8,117,58,9,126,65,44,61,80,110,116,16,97" hai3="54,34,4,118,115,26,87,39,23,22,48,94,112"/><U63/><E123/><V40/><F110/><W109/><G109/><T135/><D119/><U93/><E28/><V75/><F126/><W60/><G39/><T18/><D127/><U36/><E36/><V101/><F9/><W76/><G118/><T107/><D113/><U12/><E79/><V46/><F80/><W114/><G60/><T106/><D18/><U98/><E6/><V35/><F35/><W68/><G68/><T21/><D21/><U1/><E1/><V128/><F75/><W90/><G76/><T13/><D13/><U59/><REACH who="1" step="1"/><E98/><REACH who="1" ten="376,230,260,114" step="2"/><V89/><F116/><W10/><G34/><T29/><D38/><U85/><E85/><V24/><F117/><W0/><REACH who="3" step="1"/><G26/><REACH who="3" ten="376,230,260,104" step="2"/><T99/><D135/><U92/><E92/><V120/><F24/><W5/><G5/><T121/><D132/><U2/><E2/><V86/><F120/><W108/><G108/><T7/><D121/><U100/><E100/><V25/><F25/><W78/><G78/><T50/><D7/><U74/><E74/><V15/><F101/><W55/><G55/><T129/><D41/><U77/><E77/><V72/><F40/><W82/><G82/><T95/><D95/><U125/><E125/><V69/><F72/><W131/><G131/><T66/><D129/><U124/><E124/><V73/><F128/><W81/><G81/><T49/><D107/><U104/><E104/><V105/><F73/><W32/><G32/><T27/><D106/><U33/><E33/><V11/><F105/><W111/><G111/><T20/><D27/><U53/><E53/><V103/><F103/><RYUUKYOKU ba="2,3" sc="376,-15,230,15,260,-15,104,15" hai1="12,14,37,42,47,52,59,62,63,67,84,91,93" hai3="0,4,10,22,23,48,54,87,90,94,112,114,115" /><INIT seed="1,3,3,1,1,0" ten="361,245,245,119" oya="1" hai0="20,93,34,84,111,30,75,38,25,18,118,6,129" hai1="95,125,67,55,135,56,91,48,8,74,13,110,100" hai2="134,133,73,71,132,130,104,80,85,64,69,44,120" hai3="127,1,41,5,43,11,119,28,101,87,12,14,126"/><U68/><E74/><V40/><F73/><W19/><G119/><T2/><D118/><U83/><E125/><N who="3" m="47626" /><G101/><T121/><D75/><U27/><E135/><V4/><F104/><W106/><G106/><T32/><D111/><U63/><E110/><V96/><F96/><W60/><G28/><T98/><D129/><U76/><E27/><V7/><F130/><W57/><G87/><T114/><D114/><U89/><E76/><N who="2" m="46215" /><F120/><W112/><G112/><T3/><D38/><U66/><E83/><V116/><F116/><W107/><G107/><T123/><D84/><U72/><E72/><V79/><F79/><W42/><G19/><T105/><D105/><U33/><E33/><V49/><F64/><AGARI ba="3,3" hai="1,5,11,12,14,41,42,43,57,60,64" m="47626" machi="64" ten="30,2000,0" yaku="18,1,52,1" doraHai="0" who="3" fromWho="2" sc="361,0,245,0,245,-29,119,59" /><INIT seed="2,0,0,3,3,8" ten="361,245,216,178" oya="2" hai0="96,112,56,50,87,51,88,119,78,124,90,43,2" hai1="125,131,105,6,79,29,38,16,18,47,61,108,39" hai2="34,11,70,110,53,14,37,118,76,21,41,30,57" hai3="49,82,45,22,5,7,106,98,36,3,9,83,109"/><V54/><F118/><W84/><G109/><T92/><D112/><U91/><E105/><V10/><F70/><W113/><G113/><T19/><D119/><U66/><E79/><V95/><F110/><W17/><G36/><T97/><D2/><U1/><E108/><V128/><F128/><W23/><G7/><T104/><D124/><U132/><E29/><V28/><F34/><W26/><G84/><T12/><D78/><U111/><E132/><V15/><F37/><W64/><G64/><T135/><D135/><U27/><E6/><N who="2" m="3415" /><F41/><W80/><G23/><N who="0" m="11751" /><D104/><U100/><E1/><V69/><F69/><W62/><G62/><T46/><D90/><U127/><E91/><V33/><F33/><W103/><REACH who="3" step="1"/><G82/><REACH who="3" ten="361,245,216,168" step="2"/><T20/><D20/><U129/><E111/><V77/><F21/><W13/><G13/><T0/><D0/><U102/><E127/><V93/><F30/><W42/><AGARI ba="0,1" hai="3,5,9,17,22,26,42,45,49,80,83,98,103,106" machi="42" ten="20,2700,0" yaku="1,1,0,1,7,1,53,0" doraHai="8" doraHaiUra="114" who="3" fromWho="3" sc="361,-7,245,-7,216,-13,168,37" /><INIT seed="3,0,0,0,3,75" ten="354,238,203,205" oya="3" hai0="109,91,98,95,12,56,31,84,130,123,100,46,51" hai1="21,39,127,76,36,128,53,112,69,19,68,88,54" hai2="105,63,89,78,106,48,2,6,129,62,0,5,90" hai3="99,8,79,17,120,126,37,14,49,1,119,125,26"/><W87/><G119/><T71/><D71/><U15/><E112/><V101/><F101/><W42/><G37/><T83/><D123/><U114/><E114/><V113/><F113/><W29/><G1/><T85/><D109/><U11/><E128/><V27/><F27/><W16/><G120/><T81/><D130/><U55/><E127/><N who="3" m="48650" /><G99/><T103/><D31/><U116/><E116/><V59/><F48/><W40/><G49/><T10/><D56/><U124/><E124/><V7/><F59/><W93/><G17/><T65/><D65/><U44/><E39/><V35/><F7/><W77/><G93/><T43/><D84/><U72/><E36/><V23/><F23/><N who="3" m="15583" /><G87/><T82/><REACH who="0" step="1"/><D103/><REACH who="0" ten="344,238,203,205" step="2"/><U132/><E69/><V115/><F129/><W122/><G122/><T131/><D131/><U108/><E68/><V25/><F115/><W52/><G52/><T80/><D80/><U86/><E55/><V94/><F0/><W33/><G33/><T58/><D58/><U38/><E54/><V104/><F2/><W57/><G57/><T24/><D24/><U97/><E53/><V118/><F25/><W30/><G30/><T111/><D111/><U13/><E108/><V61/><F35/><W47/><G47/><T20/><D20/><U121/><E121/><V67/><F67/><W74/><G74/><T102/><D102/><U60/><E72/><V9/><F118/><W107/><G107/><T34/><D34/><U64/><E64/><V3/><F106/><W32/><G32/><T4/><AGARI ba="0,1" hai="4,10,12,43,46,51,81,82,83,85,91,95,98,100" machi="4" ten="20,5200,0" yaku="1,1,0,1,7,1,8,1,53,0" doraHai="75" doraHaiUra="70" who="0" fromWho="0" sc="344,62,238,-13,203,-13,205,-26" /><INIT seed="4,0,0,3,3,111" ten="406,225,190,179" oya="0" hai0="28,40,46,100,7,87,11,105,88,77,22,14,16" hai1="42,63,23,57,110,41,59,89,98,126,127,35,72" hai2="81,125,12,78,94,1,25,50,119,24,130,33,39" hai3="31,65,36,75,48,132,101,102,129,29,15,9,6"/><T13/><D28/><U43/><E35/><V108/><F39/><W37/><G75/><T47/><D77/><U99/><E72/><V76/><F1/><W79/><G129/><T116/><D116/><U133/><E110/><V55/><F108/><W82/><G132/><T95/><REACH who="0" step="1"/><D40/><REACH who="0" ten="396,225,190,179" step="2"/><U49/><E43/><V8/><F119/><W92/><G79/><T107/><D107/><U10/><E42/><V60/><F78/><W21/><G31/><T30/><D30/><U62/><E41/><V84/><F33/><W58/><G29/><T104/><D104/><U120/><E133/><V19/><F130/><W56/><G37/><T115/><D115/><U18/><E127/><V17/><F125/><W0/><G36/><T64/><D64/><U123/><E126/><V122/><F76/><W74/><G65/><T113/><D113/><U103/><E123/><V135/><F122/><W134/><G74/><T5/><D5/><U51/><E120/><V68/><F135/><W3/><G134/><T69/><D69/><U38/><E38/><V112/><F68/><W73/><G73/><T124/><D124/><U128/><E128/><V117/><F112/><W27/><G6/><T109/><D109/><U52/><E52/><V66/><F55/><W91/><G101/><T83/><D83/><U2/><E103/><V114/><F81/><W93/><G82/><T80/><D80/><U53/><E53/><V44/><F114/><W4/><G102/><T32/><D32/><U26/><E89/><V54/><F117/><W90/><G91/><T85/><D85/><U106/><E106/><RYUUKYOKU ba="0,1" sc="396,30,225,-10,190,-10,179,-10" hai0="7,11,13,14,16,22,46,47,87,88,95,100,105" /><INIT seed="4,1,1,4,0,15" ten="426,215,180,169" oya="0" hai0="51,23,16,46,73,75,35,56,99,3,93,132,105" hai1="4,108,55,0,21,86,107,17,79,26,109,20,38" hai2="133,82,85,100,114,34,116,96,117,30,68,134,125" hai3="62,74,77,97,42,102,59,25,120,47,37,95,103"/><T90/><D35/><U126/><E107/><V2/><F30/><W112/><G120/><T57/><D132/><N who="2" m="50794" /><F2/><W87/><G112/><T91/><D3/><U135/><E38/><V28/><F28/><W106/><G74/><T64/><D105/><U31/><E55/><V98/><F68/><W6/><G6/><T129/><D129/><U121/><E86/><V92/><F34/><W119/><G119/><N who="2" m="45641" /><F125/><W54/><G25/><T52/><D91/><U122/><E79/><N who="2" m="46303" /><F98/><W36/><G36/><T40/><D64/><U22/><E126/><V1/><F1/><W41/><G41/><T8/><D8/><N who="1" m="2055" /><E135/><V9/><F9/><W124/><G124/><T44/><D44/><U60/><E122/><V24/><F24/><W72/><G47/><T78/><D78/><U70/><E121/><V94/><F114/><W53/><G42/><T115/><D115/><U84/><E26/><V88/><F94/><W67/><G37/><T128/><D128/><U27/><E31/><V123/><F123/><W83/><G106/><T11/><D11/><U49/><E27/><V71/><F71/><W118/><G118/><T89/><D89/><AGARI ba="1,1" hai="88,89,92,96,100" m="46303,45641,50794" machi="89" ten="30,8000,1" yaku="20,1,12,1,34,2,54,1" doraHai="15" who="2" fromWho="0" sc="426,-83,215,0,180,93,169,0" /><INIT seed="5,0,0,2,3,125" ten="343,215,273,169" oya="1" hai0="76,32,40,55,126,74,130,38,26,83,23,49,92" hai1="4,51,53,46,106,96,50,110,10,120,28,24,6" hai2="47,62,103,59,39,109,18,7,132,61,48,105,135" hai3="35,30,129,36,15,64,54,101,25,116,31,75,3"/><U2/><E120/><V0/><F105/><W112/><G3/><T108/><D126/><U91/><E110/><V100/><F0/><W128/><G64/><T1/><D108/><U57/><E6/><V123/><F7/><W68/><G68/><T8/><D32/><U98/><E106/><V45/><F109/><W127/><G127/><T133/><D133/><N who="2" m="51274" /><F18/><W9/><G36/><T81/><D81/><U121/><E121/><V41/><F103/><W119/><G112/><T63/><D63/><N who="2" m="24074" /><F100/><W80/><G101/><T104/><D104/><U94/><E98/><V67/><F123/><W29/><G54/><T115/><D92/><U70/><E70/><V17/><F17/><N who="3" m="8431" /><G80/><T56/><D115/><U19/><E19/><V43/><F59/><W99/><G99/><T102/><D102/><U134/><E134/><V16/><F16/><W69/><G75/><T12/><D1/><U107/><E107/><V131/><F67/><W60/><G60/><T72/><D72/><U118/><E118/><N who="3" m="45098" /><G69/><T44/><D12/><U84/><E96/><V5/><F5/><W90/><G90/><T93/><D8/><U122/><E122/><V82/><F82/><W78/><G78/><T73/><D73/><U34/><REACH who="1" step="1"/><E51/><REACH who="1" ten="343,205,273,169" step="2"/><V27/><F27/><N who="3" m="18879" /><G31/><T114/><D114/><U88/><E88/><V113/><F113/><W66/><G66/><T22/><D38/><U124/><E124/><V52/><F41/><W71/><G71/><T95/><D40/><U65/><E65/><V14/><F14/><W20/><AGARI ba="0,1" hai="20,25,30,128,129" m="18879,45098,8431" machi="20" ten="30,8000,1" yaku="12,1,34,2,52,2" doraHai="125" who="3" fromWho="3" sc="343,-20,205,-40,273,-20,169,90" /><INIT seed="6,0,0,0,5,23" ten="323,165,253,259" oya="2" hai0="3,94,77,29,118,125,46,53,124,109,99,112,83" hai1="104,11,80,40,15,110,42,33,120,73,67,58,126" hai2="18,121,9,12,22,8,103,64,17,19,37,127,54" hai3="2,56,111,116,36,48,119,34,85,122,49,31,130"/><V38/><F127/><W113/><G36/><T70/><D109/><U135/><E110/><V82/><F121/><W117/><G111/><T61/><D3/><U74/><E126/><N who="0" m="48745" /><D112/><U128/><E104/><V71/><F103/><W75/><G75/><N who="0" m="43455" /><D29/><U28/><E128/><V92/><F82/><W50/><G122/><T26/><D26/><U24/><E135/><V30/><F92/><W133/><G133/><T65/><D118/><U51/><E120/><V114/><F114/><W47/><G130/><T41/><D53/><U90/><E74/><V16/><F54/><W5/><G113/><T59/><D94/><U105/><E105/><V97/><F97/><W88/><G31/><T79/><D79/><U123/><E123/><V10/><REACH who="2" step="1"/><F30/><REACH who="2" ten="323,165,243,259" step="2"/><W84/><G116/><T100/><D99/><U115/><E115/><V78/><F78/><W6/><G117/><T108/><D100/><U69/><E80/><V96/><F96/><W76/><G119/><T57/><D108/><U101/><E101/><V43/><F43/><W13/><G76/><T20/><D20/><U131/><E131/><V63/><AGARI ba="0,1" hai="8,9,10,12,16,17,18,19,22,37,38,63,64,71" machi="63" ten="40,12000,1" yaku="1,1,0,1,54,1,53,2" doraHai="23" doraHaiUra="68" who="2" fromWho="2" sc="323,-40,165,-40,243,130,259,-40" /><INIT seed="6,1,0,5,1,6" ten="283,125,373,219" oya="2" hai0="0,50,45,47,101,38,39,79,112,35,82,29,72" hai1="68,55,9,27,22,83,31,26,42,13,65,114,107" hai2="84,46,52,61,90,98,119,43,105,78,121,18,41" hai3="4,130,110,75,100,123,81,33,106,3,86,12,108"/><V115/><F115/><W85/><G33/><T51/><D112/><U40/><E114/><V74/><F119/><W21/><G3/><T117/><D117/><U2/><E107/><V36/><F74/><W70/><G70/><T24/><D0/><U134/><E134/><V132/><F132/><W16/><G123/><T15/><D101/><U89/><E2/><V102/><F78/><W109/><G130/><T1/><D1/><U64/><E27/><V73/><F73/><W60/><G75/><T28/><D28/><U92/><E83/><V30/><F30/><W77/><G86/><T99/><D99/><U103/><E55/><V37/><F121/><W11/><G60/><T126/><D15/><U135/><E103/><V20/><F37/><W44/><G44/><T48/><D126/><U67/><E68/><V128/><F36/><W120/><G120/><T62/><D62/><U14/><E14/><V5/><F5/><W97/><REACH who="3" step="1"/><G4/><REACH who="3" ten="283,125,373,209" step="2"/><T104/><D39/><U125/><E135/><V129/><F128/><W25/><G25/><T87/><D38/><U59/><E125/><V58/><F46/><W76/><G76/><T63/><D63/><U116/><E116/><V69/><F69/><W93/><G93/><T19/><D72/><U124/><E124/><V127/><F129/><W53/><G53/><T131/><D131/><U66/><E66/><V94/><F127/><W122/><G122/><T32/><D32/><U71/><E71/><V133/><F133/><W80/><G80/><T91/><D104/><U56/><E67/><V95/><F105/><W118/><G118/><RYUUKYOKU ba="1,1" sc="283,-15,125,-15,373,15,209,15" hai2="18,20,41,43,52,58,61,84,90,94,95,98,102" hai3="11,12,16,21,77,81,85,97,100,106,108,109,110" /><INIT seed="6,2,1,1,5,77" ten="268,110,388,224" oya="2" hai0="36,63,133,110,50,129,69,102,73,114,56,95,25" hai1="118,9,112,131,82,135,4,45,23,12,120,39,53" hai2="16,117,113,62,26,125,57,100,94,8,108,14,128" hai3="81,35,84,37,85,68,134,30,123,79,42,83,93"/><V11/><F117/><W116/><G123/><T43/><D110/><U5/><E118/><V105/><F105/><W92/><G116/><T27/><D114/><U1/><E112/><V2/><F113/><W71/><G134/><T103/><D133/><U3/><E135/><V98/><F108/><W41/><G30/><T121/><D121/><U64/><E120/><V72/><F128/><W10/><G10/><T49/><D73/><U122/><E122/><V55/><F125/><W99/><G35/><T46/><D129/><U90/><E64/><V52/><F72/><W107/><G107/><T19/><D69/><U97/><E131/><V33/><F33/><W28/><G28/><T0/><D0/><U91/><E23/><N who="2" m="13671" /><F2/><W13/><G13/><T109/><D109/><U66/><E66/><N who="2" m="39247" /><F11/><W80/><G37/><T115/><D115/><U18/><E39/><V86/><F86/><N who="3" m="33387" /><G79/><T75/><D75/><U67/><E3/><V119/><F119/><W21/><G99/><N who="0" m="59775" /><D103/><U48/><E1/><V7/><AGARI ba="2,1" hai="7,8,14,52,55,94,98,100" m="39247,13671" machi="7" ten="30,6000,0" yaku="8,1,54,2" doraHai="77" who="2" fromWho="2" sc="268,-22,110,-22,388,76,224,-22" /><INIT seed="6,3,0,4,2,23" ten="246,88,464,202" oya="2" hai0="4,121,129,6,7,28,92,135,98,82,110,77,51" hai1="5,134,20,94,48,73,118,91,42,114,50,103,68" hai2="18,17,43,1,58,116,101,61,119,89,117,111,122" hai3="21,75,47,12,16,113,112,55,64,67,84,25,2"/><V52/><F122/><W83/><G75/><T97/><D121/><U81/><E118/><V123/><F123/><W132/><G2/><T45/><D110/><U108/><E108/><V3/><F111/><W106/><G106/><T109/><D109/><U38/><E68/><V0/><F101/><W22/><G132/><T131/><D135/><U78/><E134/><V130/><F43/><W41/><G55/><T34/><D34/><U102/><E114/><N who="3" m="44138" /><G22/><T93/><D28/><U10/><E103/><V35/><F35/><W71/><G12/><T125/><D125/><U105/><E20/><V14/><F130/><N who="0" m="49674" /><D98/><U69/><E69/><V59/><F14/><W79/><G71/><T30/><D30/><U85/><E42/><V11/><F11/><W65/><G65/><T133/><D133/><U40/><E40/><V63/><REACH who="2" step="1"/><F89/><REACH who="2" ten="246,88,454,202" step="2"/><W80/><G83/><T36/><D36/><AGARI ba="3,1" hai="16,21,25,36,41,47,64,67,79,80,84" m="44138" machi="36" ten="30,7700,0" yaku="15,1,11,1,52,1,54,1" doraHai="23" who="3" fromWho="0" sc="246,-86,88,0,454,0,202,96" /><INIT seed="7,0,0,3,5,5" ten="160,88,454,298" oya="3" hai0="105,113,129,13,1,118,21,44,123,96,98,91,95" hai1="97,76,16,45,130,10,90,104,100,119,35,70,36" hai2="8,87,6,27,2,132,54,68,69,117,65,46,12" hai3="126,77,99,9,30,23,7,41,51,71,52,73,58"/><W115/><G71/><T116/><D123/><U120/><E120/><V112/><F117/><W56/><G115/><T63/><D113/><U108/><E108/><V3/><F112/><W74/><G126/><T89/><D1/><U83/><E35/><V60/><F69/><W32/><G32/><T62/><D129/><U94/><E70/><V15/><F27/><W107/><G41/><T33/><D33/><U135/><E130/><V50/><F132/><W64/><G107/><T101/><D44/><U103/><E135/><V22/><F15/><N who="3" m="5567" /><G73/><T125/><D125/><U81/><E119/><V19/><F87/><W28/><G74/><T18/><D63/><U42/><E104/><V111/><F111/><W127/><G77/><T31/><D31/><U57/><E57/><V11/><F3/><W17/><G99/><T80/><D62/><U29/><E29/><N who="3" m="11370" /><G127/><T53/><D118/><U122/><E122/><V38/><F38/><W78/><G78/><T85/><D116/><U14/><REACH who="1" step="1"/><E83/><REACH who="1" ten="160,78,454,298" step="2"/><V66/><F68/><W84/><G64/><T61/><D105/><U106/><E106/><V88/><F66/><W0/><G0/><T49/><D80/><U133/><E133/><V4/><F65/><W24/><G58/><T93/><D101/><U26/><E26/><V124/><F124/><W47/><G56/><N who="0" m="32815" /><D61/><U79/><E79/><V34/><F60/><W37/><G37/><T25/><D25/><U110/><E110/><V55/><F34/><W43/><G43/><T134/><D134/><U75/><AGARI ba="0,1" hai="10,14,16,36,42,45,75,76,81,90,94,97,100,103" machi="75" ten="20,8000,1" yaku="1,1,0,1,7,1,52,1,54,1,53,0" doraHai="5" doraHaiUra="20" who="1" fromWho="1" sc="160,-20,78,90,454,-20,298,-40" owari="140,-36.0,168,-23.0,434,53.0,258,6.0" /></mjloggm>