<mjloggm ver="2.3"><GO type="41" lobby="0"/><UN n0="%E5%8C%97%E6%96%97%E3%81%8A%E3%81%98%E3%81%95%E3%82%93" n1="%73%74%61%72%6B" n2="%E8%A5%BF%E8%88%B9%E6%A9%8B%E3%83%A1%E3%83%88%E3%83%AD%E3%83%94%E3%82%A2" n3="%E2%93%9D%53%75%70%68%78" dan="13,14,14,19" rate="1921.48,1975.62,1998.93,2184.88" sx="M,M,M,M"/><TAIKYOKU oya="0"/><INIT seed="0,0,0,3,1,23" ten="250,250,250,250" oya="0" hai0="56,81,133,15,30,106,117,90,3,37,28,76,39" hai1="118,82,80,62,55,2,14,22,123,42,45,88,86" hai2="132,31,119,124,77,8,71,7,40,54,69,110,84" hai3="109,99,92,78,26,111,38,127,1,50,35,21,47"/><T67/><D117/><U70/><E118/><V103/><F119/><W57/><G35/><T130/><D3/><U17/><E2/><V128/><F110/><W61/><G38/><T93/><D130/><U18/><E123/><V6/><F128/><W52/><G127/><T9/><D133/><U97/><E97/><V5/><F132/><W72/><G1/><T87/><D106/><U115/><E115/><V29/><F8/><W25/><G78/><T53/><D67/><U101/><E101/><V49/><F40/><W51/><G72/><T85/><D39/><U11/><E70/><V96/><F69/><W135/><G51/><N who="0" m="30783" /><D37/><U129/><E129/><V108/><F71/><W27/><G21/><T73/><D73/><U116/><E116/><V64/><F108/><N who="3" m="41547" /><G135/><T131/><D131/><U34/><E34/><V105/><F64/><N who="3" m="38959" /><G27/><T63/><D63/><U126/><E126/><V65/><F65/><W104/><G104/><T44/><D44/><U32/><E32/><V113/><F124/><W112/><G112/><T94/><D94/><N who="1" m="54551" /><E42/><V98/><F113/><W33/><G33/><T48/><D48/><N who="1" m="29071" /><E62/><V59/><F105/><W74/><G74/><T100/><D100/><AGARI ba="0,0" hai="25,26,47,50,52,92,99,100" m="38959,41547" machi="100" ten="30,7700,0" yaku="14,1,52,2,54,1" doraHai="23" who="3" fromWho="0" sc="250,-77,250,0,250,0,250,77" /><INIT seed="1,0,0,1,1,17" ten="173,250,250,327" oya="1" hai0="27,60,133,31,93,25,83,50,1,4,63,33,71" hai1="20,126,105,82,72,37,18,113,91,51,77,92,127" hai2="56,53,80,104,88,66,125,109,0,6,118,108,10" hai3="3,85,14,96,130,120,123,102,44,134,129,45,90"/><U101/><E37/><V16/><F118/><W121/><G3/><T110/><D133/><U107/><E113/><V38/><F38/><W39/><G14/><T46/><D110/><N who="2" m="42602" /><F104/><W100/><G39/><T132/><D27/><U124/><E51/><N who="2" m="30783" /><F66/><W69/><G69/><T99/><D132/><U115/><E115/><V34/><F34/><W67/><G67/><T55/><D83/><U68/><E68/><V65/><F65/><W84/><G134/><T76/><D76/><U95/><E101/><N who="3" m="39018" /><G45/><T5/><D71/><U23/><E18/><V112/><F125/><W22/><G44/><T114/><D114/><U78/><E91/><V2/><F112/><W7/><G7/><T29/><D29/><U128/><E128/><N who="3" m="49258" /><G22/><N who="1" m="8234" /><E78/><V73/><F73/><W15/><G123/><T89/><REACH who="0" step="1"/><D5/><REACH who="0" ten="163,250,250,327" step="2"/><U52/><E107/><V42/><F6/><W86/><G121/><T74/><D74/><U19/><E105/><V11/><F80/><W111/><G111/><T8/><AGARI ba="0,1" hai="1,4,8,25,31,33,46,50,55,60,63,89,93,99" machi="8" ten="30,7900,0" yaku="1,1,0,1,53,2" doraHai="17" doraHaiUra="58" who="0" fromWho="0" sc="163,89,250,-39,250,-20,327,-20" /><INIT seed="2,0,0,4,2,66" ten="252,211,230,307" oya="2" hai0="131,108,10,132,31,45,9,5,80,89,125,79,35" hai1="51,40,49,119,18,115,61,124,14,55,82,38,84" hai2="90,122,120,127,46,60,11,56,22,114,107,33,50" hai3="62,86,43,72,24,27,81,0,20,73,30,63,123"/><V130/><F114/><W74/><G123/><T118/><D118/><U85/><E115/><V58/><F33/><W83/><G0/><T16/><D108/><U42/><E119/><V112/><F112/><W67/><G43/><T41/><D125/><U2/><E2/><V135/><F107/><W65/><G86/><T99/><D131/><U48/><E124/><V44/><F127/><W100/><G100/><T64/><D132/><U98/><E98/><V37/><F90/><W7/><G7/><T23/><D64/><U133/><E133/><V75/><F22/><W53/><G53/><T68/><D68/><U13/><E38/><V102/><F11/><W47/><G47/><T111/><D111/><U103/><E103/><V126/><F102/><W92/><G92/><T21/><D35/><U96/><E96/><V97/><F97/><W57/><REACH who="3" step="1"/><G27/><REACH who="3" ten="252,211,230,297" step="2"/><N who="0" m="16879" /><D45/><U28/><E55/><V117/><F126/><W88/><G88/><T8/><D41/><U93/><E42/><V128/><F75/><W105/><G105/><T4/><D79/><U17/><E40/><V129/><F117/><W1/><G1/><T32/><D99/><U113/><E113/><V116/><F116/><W91/><G91/><T6/><D89/><U121/><E93/><V71/><F37/><W109/><G109/><T29/><D80/><U52/><E82/><V101/><F101/><W106/><G106/><T26/><D4/><U78/><E52/><N who="2" m="29767" /><F46/><W110/><G110/><T54/><D54/><U69/><E121/><N who="2" m="46699" /><F135/><W25/><G25/><AGARI ba="0,1" hai="5,6,8,9,10,16,23,25,26,29,32" m="16879" machi="25" ten="30,12000,2" yaku="35,5,54,1" doraHai="66" who="0" fromWho="3" sc="252,130,211,0,230,0,297,-120" /><INIT seed="3,0,0,1,1,120" ten="382,211,230,177" oya="3" hai0="68,129,100,88,21,61,58,91,5,22,11,57,95" hai1="62,55,18,41,32,128,130,20,74,102,117,97,86" hai2="118,35,108,135,75,28,116,107,113,132,109,112,38" hai3="6,124,90,34,72,127,23,98,12,89,54,99,84"/><W42/><G34/><T121/><D121/><U27/><E74/><V119/><F38/><W78/><G42/><T64/><D129/><U0/><E0/><V96/><F75/><W76/><G54/><T65/><D100/><U47/><E117/><V131/><F96/><N who="3" m="36907" /><G23/><T4/><D68/><U71/><E32/><V92/><F107/><W52/><G12/><T81/><D95/><U115/><E115/><N who="2" m="44107" /><F92/><N who="3" m="54311" /><G52/><T16/><D11/><U46/><E71/><V104/><F104/><W37/><G6/><T43/><D43/><U2/><E2/><V73/><F73/><W60/><G60/><T69/><D69/><U79/><E62/><V13/><F13/><W106/><G37/><T66/><D66/><U53/><E47/><V101/><F101/><W56/><G56/><T83/><D61/><U44/><E44/><V40/><F40/><W30/><G30/><T85/><D85/><U110/><E46/><V1/><F1/><W39/><G39/><T9/><D9/><U105/><E41/><V133/><F131/><N who="1" m="50217" /><E55/><V25/><AGARI ba="0,0" hai="25,28,35,108,109,116,118,119,132,133,135" m="44107" machi="25" ten="50,12000,2" yaku="20,1,23,1,34,2,52,2" doraHai="120" who="2" fromWho="2" sc="382,-30,211,-30,230,120,177,-60" /><INIT seed="4,0,0,1,4,29" ten="352,181,350,117" oya="0" hai0="45,23,17,14,63,3,82,100,101,51,8,73,115" hai1="42,24,135,52,30,92,91,22,49,66,84,56,70" hai2="10,53,124,97,64,40,88,134,37,20,2,116,4" hai3="128,96,75,36,69,87,61,86,44,41,103,99,98"/><T55/><D115/><U13/><E135/><V15/><F134/><W1/><G75/><T62/><D73/><U102/><E42/><V72/><F124/><W93/><G1/><T78/><D78/><U43/><E43/><V112/><F116/><W127/><G128/><T105/><D82/><U104/><E13/><V130/><F130/><W132/><G127/><T21/><D105/><U76/><E76/><V94/><F112/><W77/><G132/><T59/><D63/><U9/><E9/><V48/><F64/><W16/><G69/><T33/><D33/><U110/><E110/><V57/><F72/><W6/><G6/><T65/><D3/><U122/><E122/><V39/><F2/><W67/><G87/><T89/><D89/><U19/><E70/><V54/><F40/><W131/><G131/><T35/><D35/><U90/><E66/><V109/><F109/><W119/><G119/><T60/><REACH who="0" step="1"/><D62/><REACH who="0" ten="342,181,350,117" step="2"/><U81/><E104/><V106/><F106/><W129/><G129/><T126/><D126/><U28/><REACH who="1" step="1"/><E102/><AGARI ba="0,1" hai="8,14,17,21,23,45,51,55,59,60,65,100,101,102" machi="102" ten="40,3900,0" yaku="1,1,8,1,53,0" doraHai="29" doraHaiUra="121" who="0" fromWho="1" sc="342,49,181,-39,350,0,117,0" /><INIT seed="4,1,0,3,3,135" ten="391,142,350,117" oya="0" hai0="83,91,48,4,72,118,109,86,11,38,1,58,46" hai1="102,126,95,70,80,92,8,33,44,104,18,13,51" hai2="16,12,100,113,49,108,71,60,131,25,78,21,116" hai3="47,52,45,17,129,77,97,10,127,123,107,0,30"/><T111/><D118/><U96/><E33/><V55/><F108/><N who="0" m="41546" /><D72/><U75/><E70/><V34/><F113/><W76/><G129/><T42/><D58/><U50/><E50/><AGARI ba="1,0" hai="1,4,11,38,42,46,48,50,83,86,91" m="41546" machi="50" ten="30,1500,0" yaku="10,1" doraHai="135" who="0" fromWho="1" sc="391,18,142,-18,350,0,117,0" /><INIT seed="4,2,0,0,3,129" ten="409,124,350,117" oya="0" hai0="40,42,37,91,60,22,15,85,81,70,107,43,6" hai1="14,5,45,20,74,79,93,108,121,73,59,110,33" hai2="103,28,135,101,67,57,113,53,16,131,13,77,75" hai3="11,12,109,63,68,115,31,4,21,3,47,83,98"/><T36/><D107/><U97/><E33/><V114/><F131/><W112/><G83/><T126/><D126/><U35/><E35/><V1/><F28/><W56/><G68/><T39/><D70/><U64/><E121/><V50/><F67/><W7/><G47/><T124/><D124/><U2/><E2/><V122/><F1/><W51/><G51/><T118/><D60/><U94/><E45/><V18/><F122/><W66/><G109/><T106/><D106/><U120/><E120/><V80/><F135/><W88/><G7/><T134/><D118/><U100/><E108/><V92/><F18/><W27/><REACH who="3" step="1"/><G3/><REACH who="3" ten="409,124,350,107" step="2"/><T133/><REACH who="0" step="1"/><D6/><REACH who="0" ten="399,124,350,107" step="2"/><U87/><E110/><V61/><F61/><W44/><G44/><T90/><D90/><U17/><E5/><V76/><F103/><W89/><G89/><T46/><D46/><U105/><E105/><V9/><F101/><W65/><G65/><T119/><D119/><U19/><E100/><V72/><F92/><AGARI ba="2,2" hai="4,11,12,21,27,31,56,63,66,88,92,98,112,115" machi="92" ten="40,2600,0" yaku="1,1,54,1,53,0" doraHai="129" doraHaiUra="130" who="3" fromWho="2" sc="399,0,124,0,350,-32,107,52" /><INIT seed="5,0,0,1,1,61" ten="399,124,318,159" oya="1" hai0="100,60,18,31,25,34,131,103,56,91,10,86,108" hai1="30,58,107,114,29,65,81,89,94,90,116,1,97" hai2="32,124,19,45,54,4,110,0,62,127,57,26,87" hai3="66,104,112,76,46,134,79,74,113,72,101,120,126"/><U119/><E1/><V22/><F32/><W129/><G46/><T64/><D108/><U133/><E107/><V15/><F110/><W132/><G66/><T3/><D131/><U130/><E130/><V83/><F0/><W111/><G111/><T122/><D122/><U84/><E133/><N who="3" m="51306" /><G129/><T123/><D123/><U40/><E114/><N who="3" m="44138" /><G120/><T24/><D24/><U73/><E73/><N who="3" m="28266" /><G126/><N who="2" m="48169" /><F45/><W117/><G117/><T5/><REACH who="0" step="1"/><D18/><REACH who="0" ten="389,124,318,159" step="2"/><U37/><E119/><V109/><F109/><W17/><G17/><T98/><D98/><AGARI ba="0,1" hai="76,79,98,101,104" m="28266,44138,51306" machi="98" ten="40,8000,1" yaku="20,1,15,1,34,2" doraHai="61" who="3" fromWho="0" sc="389,-80,124,0,318,0,159,90" /><INIT seed="6,0,0,2,3,56" ten="309,124,318,249" oya="2" hai0="90,96,71,28,31,75,72,66,132,59,64,133,85" hai1="134,14,10,89,69,0,43,3,98,119,109,54,52" hai2="2,105,11,35,125,84,120,78,61,4,27,7,16" hai3="65,17,81,67,25,101,129,100,126,40,94,37,92"/><V123/><F125/><W26/><G37/><T68/><D96/><U118/><E109/><V9/><F105/><W112/><G81/><T8/><D8/><U20/><E69/><N who="0" m="26697" /><D59/><U117/><E134/><N who="0" m="51817" /><D90/><U95/><E20/><N who="2" m="13703" /><F61/><W36/><G36/><T53/><D85/><U44/><E3/><N who="2" m="159" /><F84/><W82/><G126/><T50/><D53/><U34/><E34/><V86/><F86/><W83/><G17/><T38/><D50/><U73/><E0/><V47/><F47/><W19/><G19/><T62/><D62/><U60/><E73/><N who="0" m="28233" /><D38/><U39/><REACH who="1" step="1"/><E60/><REACH who="1" ten="309,114,318,249" step="2"/><V104/><F35/><W48/><G67/><AGARI ba="0,1" hai="28,31,64,66,67" m="28233,51817,26697" machi="67" ten="40,5200,0" yaku="28,2,20,1" doraHai="56" who="0" fromWho="3" sc="309,62,114,0,318,0,249,-52" /><INIT seed="7,0,0,3,0,119" ten="371,114,318,197" oya="3" hai0="108,18,118,26,72,46,2,87,95,107,106,115,58" hai1="30,122,35,20,49,135,63,81,19,125,73,111,36" hai2="112,132,113,15,34,56,13,17,41,97,83,127,3" hai3="74,101,48,59,110,93,55,126,11,98,10,68,99"/><W129/><G74/><T53/><D118/><U32/><E36/><V85/><F3/><W66/><G129/><T37/><D2/><U47/><E63/><V57/><F34/><W25/><G126/><T79/><D72/><U67/><E67/><V86/><F127/><W65/><G110/><T44/><D108/><U33/><E125/><V80/><F97/><W14/><G68/><T103/><D115/><U75/><E111/><V123/><F17/><W96/><G11/><T82/><D107/><U77/><E135/><V92/><F92/><W88/><G25/><T124/><D106/><U27/><E75/><V128/><F41/><W61/><G101/><T62/><D37/><U78/><E78/><V43/><F43/><W50/><G50/><T45/><D124/><U12/><REACH who="1" step="1"/><E122/><REACH who="1" ten="371,104,318,197" step="2"/><V1/><F132/><W71/><REACH who="3" step="1"/><G66/><REACH who="3" ten="371,104,318,187" step="2"/><T70/><D70/><U130/><E130/><V131/><F1/><W22/><G22/><T4/><D103/><U7/><E7/><AGARI ba="0,2" hai="7,10,14,48,55,59,61,65,71,88,93,96,98,99" machi="7" ten="30,5800,0" yaku="1,1,7,1,54,1,53,0" doraHai="119" doraHaiUra="21" who="3" fromWho="1" sc="371,0,104,-58,318,0,187,78" /><INIT seed="7,1,0,3,3,50" ten="371,46,318,265" oya="3" hai0="86,21,28,39,119,1,20,44,57,66,106,133,19" hai1="127,114,111,88,101,118,107,47,22,53,61,126,16" hai2="68,14,4,95,72,52,94,24,17,92,35,110,38" hai3="33,121,80,9,27,120,129,75,98,64,54,37,65"/><W93/><G37/><T117/><D106/><U113/><E111/><V15/><F110/><W73/><G9/><T135/><D1/><U18/><E118/><N who="0" m="45065" /><D86/><U125/><E107/><V11/><F72/><W48/><G129/><T13/><D66/><U109/><E101/><V108/><F108/><W30/><G65/><T31/><D57/><U3/><E3/><V67/><F38/><W124/><G124/><T130/><D130/><U82/><E109/><V132/><F132/><N who="0" m="50762" /><D21/><U102/><E102/><V5/><F67/><W79/><G75/><T74/><D74/><U85/><E18/><V63/><F68/><W70/><G64/><T25/><D25/><U29/><E29/><V42/><F42/><AGARI ba="1,0" hai="13,19,20,28,31,39,42,44" m="50762,45065" machi="42" ten="30,1000,0" yaku="20,1" doraHai="50" who="0" fromWho="2" sc="371,13,46,0,318,-13,265,0" owari="384,47.0,46,-45.0,305,11.0,265,-13.0" /></mjloggm>