<mjloggm ver="2.3"><GO type="41" lobby="0"/><UN n0="%43%6F%74%74%6F%6E%65%65" n1="%E2%93%9D%53%75%70%68%78" n2="%E3%81%AF%E3%81%8B%E3%81%84%E3%81%93%E3%81%86%E3%81%9B%E3%82%93" n3="%E5%AF%8C%E7%94%B0%E6%9D%BE%E7%94%B0" dan="14,19,15,15" rate="2011.66,2207.77,1986.74,1933.19" sx="M,M,M,M"/><TAIKYOKU oya="0"/><INIT seed="0,0,0,3,0,16" ten="250,250,250,250" oya="0" hai0="104,33,29,47,44,109,4,56,121,34,120,82,78" hai1="74,108,85,22,35,124,26,12,119,99,7,20,123" hai2="8,52,102,97,54,51,15,132,60,91,88,93,59" hai3="115,92,118,70,79,112,69,71,30,75,101,48,125"/><T61/><D104/><U9/><E74/><V63/><F132/><W58/><G118/><T94/><D4/><U81/><E119/><V32/><F32/><W41/><G75/><T107/><D107/><U114/><E123/><V17/><REACH who="2" step="1"/><F63/><REACH who="2" ten="250,250,240,250" step="2"/><W55/><G115/><T62/><D34/><U77/><E114/><V111/><F111/><W5/><G112/><T105/><D109/><U64/><E108/><V14/><F14/><W37/><G71/><T87/><D62/><U133/><E133/><V113/><F113/><W129/><G70/><T31/><D33/><U72/><E35/><V116/><F116/><W39/><G69/><T76/><D61/><U68/><E68/><V50/><F50/><W134/><G48/><T84/><D120/><U40/><E64/><V98/><F98/><N who="3" m="59591" /><G134/><T10/><D121/><U128/><E99/><V103/><F103/><W19/><G39/><T21/><D105/><U90/><E124/><V126/><F126/><W49/><G37/><T89/><D78/><U57/><E77/><V110/><F110/><W38/><G125/><T24/><D76/><U1/><E12/><V27/><F27/><W23/><G79/><T130/><D24/><U95/><E26/><V135/><F135/><W100/><G100/><T11/><D89/><U45/><E72/><V67/><F67/><W18/><G38/><T6/><D84/><U131/><E85/><V122/><F122/><W66/><G66/><T65/><D65/><U80/><E90/><V42/><F42/><W43/><G41/><T73/><D73/><U53/><E40/><V117/><F117/><RYUUKYOKU ba="0,1" sc="250,-10,250,-10,240,30,250,-10" hai2="8,15,17,51,52,54,59,60,88,91,93,97,102" /><INIT seed="1,1,1,1,3,92" ten="240,240,270,240" oya="1" hai0="105,58,6,118,71,133,75,101,5,46,60,38,88" hai1="109,8,96,106,20,116,2,95,113,69,0,64,39" hai2="68,89,29,82,13,12,36,77,3,104,124,97,27" hai3="50,37,30,79,108,99,33,100,24,90,66,70,103"/><U19/><E113/><V44/><F68/><W114/><G114/><T112/><D112/><U10/><E106/><V16/><F124/><W14/><G37/><T43/><D118/><U40/><E116/><V11/><F3/><W111/><G79/><T94/><D75/><U1/><E109/><N who="3" m="42058" /><G50/><T35/><D35/><U65/><E40/><V120/><F120/><W25/><G25/><T22/><D71/><U115/><E39/><V84/><F13/><W78/><G78/><T53/><D133/><U63/><E65/><V31/><F27/><W125/><G14/><T32/><D32/><U86/><E86/><V80/><F104/><W87/><G99/><T74/><D74/><U121/><E121/><V51/><F36/><W7/><G7/><T56/><D101/><U107/><E107/><V52/><REACH who="2" step="1"/><F97/><REACH who="2" ten="240,240,260,240" step="2"/><W98/><G98/><T85/><D105/><U73/><E115/><V21/><F21/><W17/><G125/><T42/><D22/><U23/><E23/><V9/><F9/><W134/><G134/><T59/><REACH who="0" step="1"/><D43/><REACH who="0" ten="230,240,260,240" step="2"/><U102/><REACH who="1" step="1"/><E73/><AGARI ba="1,3" hai="11,12,16,29,31,44,51,52,73,77,80,82,84,89" machi="73" ten="30,12000,2" yaku="1,1,7,1,25,2,54,2,53,0" doraHai="92" doraHaiUra="57" who="2" fromWho="1" sc="230,0,240,-123,260,153,240,0" /><INIT seed="2,0,0,5,2,30" ten="230,117,413,240" oya="2" hai0="45,24,71,11,56,20,1,103,29,130,0,65,34" hai1="17,123,101,25,84,12,97,10,5,8,7,110,69" hai2="22,50,58,38,13,124,36,72,107,80,106,21,73" hai3="77,61,90,52,87,62,78,27,64,105,47,131,119"/><V82/><F58/><W89/><G119/><T46/><D130/><U120/><E84/><V109/><F50/><N who="3" m="28767" /><G105/><T66/><D71/><U28/><E69/><V88/><F13/><W93/><G131/><T14/><D103/><U51/><E51/><V125/><F88/><W132/><G132/><T40/><D20/><U26/><E97/><V127/><F127/><W102/><G102/><T135/><D135/><U79/><E79/><V111/><AGARI ba="0,0" hai="21,22,36,38,72,73,80,82,106,107,109,111,124,125" machi="111" ten="25,4800,0" yaku="0,1,22,2" doraHai="30" who="2" fromWho="2" sc="230,-16,117,-16,413,48,240,-16" /><INIT seed="2,1,0,0,5,109" ten="214,101,461,224" oya="2" hai0="44,127,2,105,97,69,122,7,35,79,87,75,68" hai1="93,52,80,71,24,112,8,22,73,11,33,91,124" hai2="65,16,34,54,74,47,25,95,84,83,15,17,96" hai3="1,100,12,46,42,13,94,129,62,76,77,116,70"/><V81/><F74/><W98/><G1/><T3/><D87/><U5/><E71/><V37/><F65/><W126/><G116/><T10/><D122/><U130/><E33/><V90/><F81/><W115/><G129/><T111/><D3/><U118/><E124/><V108/><F108/><W41/><G126/><T133/><D111/><U4/><E130/><V21/><F34/><W119/><G119/><T27/><D127/><U132/><E132/><V78/><F37/><W32/><G42/><T56/><D56/><U38/><E38/><V82/><F82/><W36/><G32/><T40/><D133/><U120/><E120/><V134/><F134/><W28/><G28/><N who="0" m="19871" /><D44/><U45/><E112/><V30/><F15/><W135/><G135/><T53/><D53/><U60/><E118/><V102/><F78/><W103/><G103/><N who="0" m="62703" /><D40/><U23/><E80/><AGARI ba="1,0" hai="2,7,10,68,69,75,79,80" m="62703,19871" machi="80" ten="30,2000,0" yaku="33,2" doraHai="109" who="0" fromWho="1" sc="214,23,101,-23,461,0,224,0" /><INIT seed="3,0,0,5,4,1" ten="237,78,461,224" oya="3" hai0="104,89,76,97,53,66,103,87,68,29,62,75,107" hai1="45,61,56,126,132,63,9,80,11,130,34,20,30" hai2="67,50,101,15,112,57,23,24,129,74,43,16,128" hai3="31,26,4,14,86,135,65,6,73,92,119,33,118"/><W109/><G73/><T17/><D29/><U48/><E34/><V82/><F112/><W78/><G65/><T22/><D53/><U111/><E111/><V96/><F67/><W88/><G109/><T36/><D36/><U117/><E130/><N who="2" m="50283" /><F74/><W12/><G135/><T94/><D75/><U7/><E126/><V39/><F82/><W49/><G78/><T60/><D76/><U99/><E117/><V47/><F24/><W19/><G49/><T123/><D123/><U13/><E132/><V21/><F21/><W98/><G14/><T133/><D133/><U69/><E69/><V58/><F39/><W120/><G120/><T102/><D62/><U100/><E80/><V54/><F43/><W3/><G86/><T110/><D110/><U77/><E77/><V122/><F122/><W51/><G51/><T84/><D84/><U37/><E37/><V114/><F114/><W113/><G113/><T2/><D2/><U40/><E56/><V42/><F42/><W95/><G95/><AGARI ba="0,0" hai="15,16,23,47,50,54,57,58,95,96,101" m="50283" machi="95" ten="30,2000,0" yaku="19,1,54,1" doraHai="1" who="2" fromWho="3" sc="237,0,78,0,461,20,224,-20" /><INIT seed="4,0,0,1,5,48" ten="237,78,481,204" oya="0" hai0="78,18,51,67,99,96,37,93,1,98,56,49,33" hai1="61,115,85,74,117,68,87,31,44,15,34,28,95" hai2="69,65,53,66,0,127,29,72,97,81,112,22,129" hai3="46,26,110,25,103,38,41,40,10,80,123,23,102"/><T54/><D37/><U32/><E74/><V114/><F0/><W94/><G110/><T109/><D1/><U118/><E44/><V105/><F127/><W13/><G123/><T131/><D131/><U133/><E61/><V45/><F129/><W134/><G134/><T2/><D2/><U59/><E95/><V47/><F22/><W128/><G41/><T89/><D33/><U60/><E60/><V116/><F29/><W75/><G94/><T30/><D30/><U19/><E59/><V36/><F36/><W27/><G23/><T92/><D67/><U12/><E19/><V106/><F116/><W113/><G113/><T20/><D78/><U4/><E4/><V111/><F111/><W58/><G128/><T8/><D8/><U39/><E39/><V76/><F45/><W101/><G58/><T3/><D3/><U86/><E86/><V104/><F97/><W84/><G75/><T73/><D73/><U124/><E68/><V64/><F69/><W135/><G135/><T132/><D132/><U71/><E71/><V125/><F125/><W43/><G46/><T70/><D70/><U11/><E133/><V100/><F100/><W63/><G63/><N who="0" m="36247" /><D109/><U35/><E35/><V21/><F21/><W77/><REACH who="3" step="1"/><G38/><REACH who="3" ten="237,78,481,194" step="2"/><T79/><D93/><U55/><E124/><V82/><F47/><W52/><G52/><T62/><D62/><U108/><E108/><V119/><F53/><W120/><G120/><T5/><D92/><U9/><REACH who="1" step="1"/><E55/><REACH who="1" ten="237,68,481,194" step="2"/><V122/><F122/><W130/><G130/><T90/><D51/><U126/><E126/><V88/><F65/><RYUUKYOKU ba="0,2" sc="237,-15,68,15,481,-15,194,15" hai1="9,11,12,15,28,31,32,34,85,87,115,117,118" hai3="10,13,25,26,27,40,43,77,80,84,101,102,103" /><INIT seed="5,1,2,2,1,31" ten="222,83,466,209" oya="1" hai0="62,21,57,83,102,5,46,54,39,116,40,53,22" hai1="25,32,88,48,94,12,125,49,35,110,99,68,131" hai2="114,79,27,82,111,41,91,107,86,37,103,70,9" hai3="101,105,77,87,73,51,75,20,13,117,36,76,0"/><U24/><E68/><V134/><F70/><W93/><G36/><T23/><D116/><U126/><E12/><V124/><F111/><W67/><G0/><T8/><D102/><U17/><E110/><V81/><F124/><N who="1" m="47721" /><E131/><V120/><F120/><W129/><G67/><T106/><D106/><U127/><N who="1" m="47729" /><U104/><DORA hai="7" /><E104/><V44/><F134/><W6/><G6/><T118/><D118/><U18/><E25/><V63/><F114/><W135/><G51/><N who="1" m="19530" /><E24/><V14/><F27/><W130/><G13/><T95/><D95/><U84/><E99/><V112/><F112/><W26/><G26/><T133/><D133/><U34/><AGARI ba="1,2" hai="17,18,32,34,35,84,88,94" m="19530,47729" machi="34" ten="50,12000,1" yaku="18,1,52,3,54,1" doraHai="31,7" who="1" fromWho="1" sc="222,-41,83,143,466,-41,209,-41" /><INIT seed="5,2,0,1,4,114" ten="181,226,425,168" oya="1" hai0="49,68,109,108,69,34,14,102,106,77,132,12,75" hai1="38,33,62,3,52,13,54,24,79,71,46,76,88" hai2="22,133,42,82,10,31,93,17,107,11,96,41,63" hai3="43,97,91,73,113,16,18,58,103,4,116,21,117"/><U74/><E3/><V27/><F133/><W95/><G73/><T104/><D75/><U118/><E118/><N who="3" m="45674" /><G113/><T84/><D49/><U48/><E38/><V44/><F107/><N who="3" m="63983" /><G43/><T110/><D34/><U7/><E71/><N who="0" m="27209" /><D84/><U6/><E24/><V32/><F63/><W92/><G4/><N who="1" m="1578" /><E33/><V120/><F120/><W25/><G58/><T70/><N who="0" m="27217" /><T40/><DORA hai="23" /><D40/><U90/><E13/><N who="0" m="5225" /><D77/><N who="1" m="29771" /><E74/><V30/><F32/><W47/><G47/><T45/><D45/><U128/><E128/><V20/><F42/><W2/><G2/><T122/><D102/><U66/><E66/><V130/><F130/><W59/><G59/><AGARI ba="2,0" hai="46,48,52,54,59,62,88,90" m="29771,1578" machi="59" ten="30,5800,0" yaku="8,1,54,2" doraHai="114,23" who="1" fromWho="3" sc="181,0,226,64,425,0,168,-64" /><INIT seed="5,3,0,0,5,28" ten="181,290,425,104" oya="1" hai0="115,111,130,25,93,76,18,51,70,88,131,90,0" hai1="117,23,91,124,43,49,42,26,135,29,119,11,41" hai2="55,61,105,120,101,34,48,13,1,75,37,134,31" hai3="56,127,95,108,52,4,20,19,5,2,104,107,57"/><U85/><E135/><V128/><F1/><W112/><G108/><T67/><D0/><U118/><E124/><V71/><F75/><W7/><G127/><T133/><D111/><U64/><E64/><V78/><F37/><W122/><G122/><T87/><D133/><U106/><E106/><V60/><F78/><W44/><G2/><T132/><D132/><U8/><REACH who="1" step="1"/><E49/><REACH who="1" ten="181,280,425,104" step="2"/><V10/><F105/><W100/><G107/><T96/><D51/><U30/><E30/><V35/><F31/><W77/><G104/><T45/><D67/><U3/><E3/><V50/><F134/><W63/><G112/><T22/><D115/><U39/><E39/><V92/><F50/><N who="3" m="28743" /><G63/><T47/><D70/><U98/><E98/><V17/><F120/><W86/><G77/><T59/><D76/><U46/><E46/><V97/><F128/><N who="0" m="49194" /><D59/><U32/><E32/><V27/><F71/><W110/><G110/><T24/><D24/><U116/><N who="1" m="29952" /><DORA hai="83" /><U65/><E65/><V15/><F15/><N who="3" m="9343" /><G100/><T72/><D72/><U66/><E66/><V33/><REACH who="2" step="1"/><F27/><REACH who="2" ten="181,280,415,104" step="2"/><W113/><G113/><T79/><D79/><U102/><E102/><V121/><F121/><W12/><G12/><T38/><D38/><U125/><E125/><V81/><F81/><AGARI ba="3,2" hai="18,22,25,45,47,81,87,88,90,93,96" m="49194" machi="81" ten="30,3900,0" yaku="19,1,52,1,54,1" doraHai="28,83" who="0" fromWho="2" sc="181,68,280,0,415,-48,104,0" /><AGARI ba="3,0" hai="8,11,23,26,29,41,42,43,81,85,91" m="29952" machi="81" ten="70,12000,1" yaku="1,1,52,1,53,1" doraHai="28,83" doraHaiUra="80,54" who="1" fromWho="2" sc="249,0,280,120,367,-120,104,0" /><INIT seed="5,4,0,2,3,57" ten="249,400,247,104" oya="1" hai0="86,91,93,52,51,109,83,117,34,28,75,128,55" hai1="115,43,15,6,77,37,111,19,44,66,125,54,80" hai2="131,70,120,41,26,123,127,94,30,21,23,24,102" hai3="50,85,49,119,3,81,103,97,53,116,121,129,107"/><U78/><E115/><V98/><F127/><W118/><G121/><T11/><D109/><U12/><E125/><V31/><F131/><W64/><G129/><T0/><D128/><U8/><E111/><V48/><F70/><W74/><G3/><T84/><D117/><U10/><E66/><V114/><F114/><W1/><G1/><T61/><D75/><U7/><E54/><V73/><F73/><W29/><G74/><T96/><D34/><U42/><E80/><V35/><F35/><W122/><G122/><T113/><D28/><U110/><E110/><V108/><F108/><W27/><G53/><T90/><D113/><U72/><E72/><V95/><F94/><W71/><G85/><T105/><D105/><U99/><E19/><V92/><F92/><W89/><G89/><T9/><D96/><U38/><E99/><V126/><F126/><W40/><G81/><T69/><D0/><U104/><E104/><V2/><F2/><W63/><REACH who="3" step="1"/><G40/><REACH who="3" ten="249,400,247,94" step="2"/><T58/><REACH who="0" step="1"/><D69/><REACH who="0" ten="239,400,247,94" step="2"/><U59/><E43/><V47/><AGARI ba="4,2" hai="21,23,24,26,30,31,41,47,48,95,98,102,120,123" machi="47" ten="30,2000,0" yaku="0,1,9,1" doraHai="57" who="2" fromWho="2" sc="239,-9,400,-14,247,52,94,-9" /><INIT seed="6,0,0,2,3,118" ten="230,386,299,85" oya="2" hai0="20,3,57,115,9,110,102,106,98,21,17,99,119" hai1="75,95,2,13,34,92,40,71,14,43,52,28,60" hai2="74,45,27,97,38,70,125,10,131,133,49,66,62" hai3="55,36,0,8,48,121,39,44,90,46,41,84,78"/><V100/><F74/><W112/><G78/><T129/><D110/><U24/><E2/><V33/><F125/><W53/><G112/><T23/><D115/><U29/><E71/><V65/><F65/><W59/><G0/><T4/><D129/><U104/><E104/><V114/><F114/><W58/><G8/><T11/><D119/><U126/><E34/><V1/><F133/><W88/><G84/><T54/><D11/><U61/><E24/><V96/><F38/><W51/><REACH who="3" step="1"/><G41/><REACH who="3" ten="230,386,299,75" step="2"/><T93/><D3/><U86/><E86/><V31/><F10/><W76/><G76/><T81/><D9/><U124/><E75/><V50/><F1/><W113/><G113/><T72/><D4/><U15/><E43/><V94/><F131/><W22/><G22/><T25/><D72/><U73/><E40/><V67/><F96/><W109/><G109/><T79/><D98/><U19/><E73/><V37/><F97/><W107/><G107/><T134/><D106/><U56/><E126/><V77/><F77/><W18/><G18/><T80/><D79/><U64/><E19/><V87/><F87/><W122/><AGARI ba="0,1" hai="36,39,44,46,48,51,53,55,58,59,88,90,121,122" machi="122" ten="25,12000,2" yaku="1,1,0,1,22,2,52,2,54,1,53,0" doraHai="118" doraHaiUra="63" who="3" fromWho="3" sc="230,-30,386,-30,299,-60,75,130" /><INIT seed="7,0,0,3,4,71" ten="200,356,239,205" oya="3" hai0="104,46,13,27,53,26,117,109,128,135,21,34,58" hai1="63,2,110,134,1,33,43,15,88,84,95,11,50" hai2="105,129,19,22,9,42,127,32,16,112,37,20,52" hai3="65,70,80,0,24,38,121,126,103,116,67,47,28"/><W45/><G121/><T119/><D104/><U77/><E110/><V131/><F32/><W31/><G116/><N who="0" m="44619" /><D46/><N who="3" m="17417" /><G38/><T124/><D53/><U55/><E134/><V44/><F105/><W82/><G0/><T108/><D58/><U102/><E33/><V118/><F118/><W68/><G103/><T100/><D100/><U35/><E35/><V86/><F112/><W94/><G94/><T62/><D62/><U114/><E63/><V115/><F115/><W66/><G24/><N who="0" m="9259" /><D34/><U8/><E2/><V69/><F52/><W111/><G111/><N who="0" m="42571" /><D135/><U51/><E102/><V39/><F44/><W30/><G126/><T96/><D96/><U48/><E55/><V14/><F127/><W90/><G90/><T41/><D41/><U59/><E43/><V4/><F42/><W10/><G10/><T93/><D93/><U73/><E11/><V72/><F9/><W91/><G91/><T106/><D106/><U74/><E88/><V85/><F37/><W123/><G123/><T5/><D124/><U56/><E95/><V6/><F39/><W122/><G122/><T76/><D76/><U61/><E77/><V101/><F101/><W97/><G97/><T113/><D113/><U40/><E114/><V132/><F132/><W83/><AGARI ba="0,0" hai="28,30,31,65,66,67,68,70,80,82,83" m="17417" machi="83" ten="40,12000,1" yaku="29,2,28,2" doraHai="71" who="3" fromWho="3" sc="200,-40,356,-40,239,-40,205,120" owari="160,-34.0,316,12.0,199,-20.0,325,42.0" /></mjloggm>