<mjloggm ver="2.3"><GO type="41" lobby="0"/><UN n0="%E3%82%B3%E3%83%A9%E3%83%83%E3%82%BF%6C%76%38%30" n1="%E3%81%A0%E3%83%BC%E3%81%AF%E3%81%84" n2="%E2%93%9D%53%75%70%68%78" n3="%E3%82%84%E3%81%BE%E3%81%9F%E3%81%AC" dan="14,13,19,14" rate="1912.55,1846.28,2212.39,1852.08" sx="F,M,M,M"/><TAIKYOKU oya="0"/><INIT seed="0,0,0,0,5,113" ten="250,250,250,250" oya="0" hai0="6,127,32,119,46,22,107,58,39,85,92,76,109" hai1="133,64,11,52,73,114,96,49,123,40,42,28,24" hai2="111,82,2,78,16,106,104,5,98,121,94,59,72" hai3="97,135,44,55,75,84,108,118,117,65,99,18,56"/><T53/><D127/><U57/><E73/><V125/><F121/><W116/><G75/><T110/><D32/><U36/><E123/><V77/><F5/><W30/><G108/><N who="0" m="41579" /><D107/><U50/><E36/><V10/><F2/><W90/><G30/><T89/><D6/><U54/><E64/><V51/><F78/><W103/><G44/><T115/><D115/><U81/><E81/><V43/><F125/><W12/><G65/><T66/><D66/><U129/><E114/><V69/><F69/><W60/><G103/><T31/><D39/><U21/><E129/><V134/><F134/><W70/><G135/><T41/><D41/><U86/><E86/><V93/><F106/><W7/><G7/><T62/><D46/><U1/><E133/><V23/><F43/><W14/><G12/><T19/><D76/><U15/><E96/><V34/><F34/><W105/><G105/><T26/><D119/><U122/><E1/><V130/><F130/><W79/><G79/><T68/><D68/><U131/><E122/><V63/><F111/><W91/><G91/><T80/><D80/><U100/><E100/><V8/><F104/><W9/><REACH who="3" step="1"/><G70/><REACH who="3" ten="250,250,250,240" step="2"/><T88/><D89/><U25/><E131/><V35/><F77/><W45/><G45/><T101/><D101/><U29/><E29/><AGARI ba="0,1" hai="19,22,26,29,31,53,58,62,85,88,92" m="41579" machi="29" ten="30,5800,0" yaku="14,1,10,1,54,1" doraHai="113" who="0" fromWho="1" sc="250,68,250,-58,250,0,240,0" /><INIT seed="0,1,0,2,5,73" ten="318,192,250,240" oya="0" hai0="61,26,5,68,23,74,15,104,107,32,135,82,49" hai1="93,66,124,130,48,30,44,0,96,119,80,42,114" hai2="54,134,3,16,70,51,52,29,118,109,14,27,47" hai3="77,88,36,81,11,17,79,38,63,10,126,59,94"/><T120/><D120/><U108/><E119/><V128/><F3/><W125/><G38/><T76/><D135/><U56/><E0/><V43/><F134/><W33/><G81/><T58/><D32/><U131/><E124/><N who="3" m="47722" /><G36/><T40/><D68/><U90/><E108/><V84/><F109/><W97/><G33/><T111/><D111/><U115/><E30/><V89/><F128/><N who="1" m="49193" /><E80/><N who="2" m="49287" /><F70/><W55/><G17/><T39/><D39/><U78/><E78/><AGARI ba="1,0" hai="10,11,55,59,63,77,78,79,88,94,97" m="47722" machi="78" ten="30,8000,1" yaku="18,1,52,3,54,1" doraHai="73" who="3" fromWho="1" sc="318,0,192,-83,250,0,240,83" /><INIT seed="1,0,0,0,4,99" ten="318,109,250,323" oya="1" hai0="90,66,21,110,19,108,33,42,119,96,1,11,100" hai1="81,39,118,98,106,27,69,77,114,103,70,57,75" hai2="127,78,62,85,55,17,130,63,125,120,67,3,112" hai3="34,68,86,134,65,26,93,36,38,56,31,4,58"/><U44/><E114/><V117/><F3/><W47/><G56/><T126/><D119/><U129/><E118/><V59/><F78/><W97/><G58/><T24/><D126/><N who="2" m="48138" /><F85/><W9/><G134/><T105/><D66/><U16/><E57/><N who="2" m="37327" /><F17/><W18/><G18/><T124/><D124/><U76/><E129/><V28/><F28/><W15/><G86/><T30/><D42/><U102/><E77/><V107/><F107/><W72/><G72/><T20/><D90/><U45/><E102/><V12/><F12/><W32/><G34/><T5/><REACH who="0" step="1"/><D21/><REACH who="0" ten="308,109,250,323" step="2"/><U51/><E39/><V101/><F117/><W121/><G36/><T49/><D49/><U64/><E64/><V115/><F130/><W79/><G79/><T7/><D7/><U128/><E128/><V23/><F23/><W53/><G65/><T35/><D35/><U116/><E116/><V10/><F115/><W22/><G38/><T109/><D109/><U91/><E91/><V80/><F112/><W131/><G131/><T132/><D132/><U87/><E75/><V29/><F63/><W54/><G32/><T50/><D50/><U61/><E61/><V41/><F41/><W73/><G73/><T14/><AGARI ba="0,1" hai="1,5,11,14,19,20,24,30,33,96,100,105,108,110" machi="14" ten="30,12000,2" yaku="1,1,0,1,24,2,52,1,53,1" doraHai="99" doraHaiUra="92" who="0" fromWho="0" sc="308,130,109,-60,250,-30,323,-30" /><INIT seed="2,0,0,3,4,91" ten="438,49,220,293" oya="2" hai0="107,1,100,108,21,84,123,19,13,23,75,125,78" hai1="4,90,111,115,119,12,40,133,29,129,122,10,89" hai2="37,45,92,31,70,61,77,114,103,101,80,35,64" hai3="20,132,41,11,124,46,104,87,76,110,67,82,53"/><V68/><F114/><W60/><G104/><T72/><D123/><U117/><E115/><V38/><F70/><W24/><G110/><T5/><D108/><U28/><E111/><V98/><F103/><W32/><G53/><T34/><D34/><U126/><E122/><V6/><F6/><W54/><G54/><T58/><D125/><U57/><E126/><V93/><F45/><W73/><G32/><T118/><D1/><U33/><E129/><V25/><REACH who="2" step="1"/><F93/><REACH who="2" ten="438,49,210,293" step="2"/><W86/><G124/><T18/><D5/><U43/><E119/><V55/><F55/><W49/><G132/><T121/><D100/><U51/><E117/><V102/><F102/><W113/><G113/><T135/><D135/><U7/><E133/><V106/><F106/><W81/><G82/><T83/><D107/><U112/><E112/><V48/><F48/><W26/><G73/><AGARI ba="0,1" hai="25,31,35,37,38,61,64,68,73,77,80,92,98,101" machi="73" ten="30,5800,0" yaku="1,1,7,1,52,1,53,0" doraHai="91" doraHaiUra="39" who="2" fromWho="3" sc="438,0,49,0,210,68,293,-58" /><INIT seed="2,1,0,2,5,47" ten="438,49,278,235" oya="2" hai0="68,41,61,109,56,35,26,70,77,63,51,106,118" hai1="57,21,105,89,16,123,2,29,40,131,22,81,122" hai2="130,17,71,88,69,14,120,11,125,53,101,97,62" hai3="119,113,48,23,32,49,59,100,92,64,132,45,66"/><V108/><F120/><N who="1" m="46121" /><E105/><V127/><F130/><W25/><G32/><T39/><D118/><U3/><E131/><V129/><F129/><W103/><G132/><T128/><D128/><U38/><E57/><N who="2" m="35119" /><F101/><N who="3" m="38987" /><G113/><T4/><D106/><U74/><E29/><V18/><F18/><N who="3" m="12535" /><G119/><T111/><D35/><U116/><E22/><V6/><F17/><W91/><G45/><T12/><D4/><U90/><E116/><V107/><F108/><W93/><G92/><T135/><D111/><U134/><E134/><V60/><F60/><N who="3" m="37919" /><G66/><T44/><D109/><U104/><E104/><V24/><F24/><W102/><N who="3" m="38995" /><W87/><AGARI ba="1,0" hai="48,49,87,91,93" m="37919,12535,38995" machi="87" ten="30,7900,0" yaku="4,1,8,1,52,2" doraHai="47" who="3" fromWho="3" sc="438,-21,49,-21,278,-40,235,82" /><INIT seed="3,0,0,4,1,117" ten="417,28,238,317" oya="3" hai0="27,120,56,130,104,41,35,96,6,50,48,95,67" hai1="14,118,132,53,74,84,3,121,55,98,42,43,97" hai2="57,34,75,28,0,12,7,45,62,20,76,22,126" hai3="70,68,113,122,125,54,80,66,2,93,38,91,116"/><W65/><G116/><T131/><D120/><U94/><E118/><V103/><F126/><W63/><G2/><T49/><D104/><U129/><E84/><V135/><F135/><W33/><G33/><T46/><D6/><U71/><E14/><V101/><F45/><W19/><G113/><T29/><D67/><U90/><E90/><V17/><F22/><W1/><G1/><T18/><D18/><U92/><E3/><V15/><F15/><W47/><G80/><T24/><D24/><U69/><E74/><V61/><F61/><W112/><G112/><T58/><D58/><U100/><E100/><V77/><F75/><W85/><G125/><T64/><D64/><U128/><REACH who="1" step="1"/><E132/><REACH who="1" ten="417,18,238,317" step="2"/><V110/><F103/><W4/><G4/><T124/><D124/><U133/><E133/><V106/><F101/><W82/><G82/><T25/><D25/><U73/><E73/><V78/><F0/><W114/><G114/><T13/><D13/><U109/><E109/><V81/><F110/><W111/><G111/><T44/><D27/><U5/><E5/><V72/><F7/><W32/><G32/><T26/><D26/><U83/><E83/><V99/><F34/><W105/><G19/><T30/><D35/><U89/><E89/><V134/><F134/><W23/><G85/><T86/><D86/><U37/><E37/><V16/><F17/><W31/><G38/><T107/><D29/><U88/><E88/><V52/><F28/><W60/><G31/><T21/><D30/><U119/><E119/><V123/><F123/><AGARI ba="0,1" hai="42,43,53,55,69,71,92,94,97,98,121,123,128,129" machi="123" ten="25,8000,1" yaku="1,1,22,2,52,2,53,0" doraHai="117" doraHaiUra="11" who="1" fromWho="2" sc="417,0,18,90,238,-80,317,0" /><INIT seed="4,0,0,1,2,134" ten="417,108,158,317" oya="0" hai0="94,26,77,100,31,64,4,110,34,63,18,96,132" hai1="101,61,30,25,70,17,49,54,21,89,121,40,53" hai2="131,59,28,109,35,83,27,119,11,56,120,1,23" hai3="130,38,125,112,76,7,84,43,85,44,5,39,108"/><T48/><D132/><U13/><E121/><V45/><F109/><W62/><G108/><T72/><D110/><U82/><E101/><V71/><F71/><W91/><G112/><T126/><D4/><U122/><E122/><V75/><F120/><W78/><G130/><T80/><D48/><U104/><E104/><V37/><F35/><W52/><G38/><T36/><D36/><U127/><E40/><N who="2" m="22671" /><F119/><W66/><G85/><T50/><D50/><U118/><E118/><V3/><F3/><W111/><G111/><T97/><D97/><U128/><E128/><V95/><F95/><W41/><G43/><T73/><D18/><U9/><E70/><V88/><F88/><W32/><G32/><T24/><D24/><U0/><E0/><V117/><F117/><W8/><G5/><T123/><D123/><U93/><E82/><V106/><F106/><W113/><G113/><T102/><D102/><U86/><E61/><V98/><F98/><W124/><G91/><T67/><D73/><U133/><E133/><V22/><F131/><W29/><G84/><T14/><D14/><U58/><E54/><V42/><F42/><W69/><G52/><T15/><D15/><U57/><REACH who="1" step="1"/><E127/><REACH who="1" ten="417,98,158,317" step="2"/><N who="3" m="48714" /><G29/><T12/><D126/><U6/><E6/><N who="2" m="1487" /><F83/><W116/><G116/><T19/><D63/><U60/><E60/><V65/><F28/><W135/><G135/><T68/><D68/><U46/><AGARI ba="0,1" hai="9,13,17,21,25,30,46,49,53,57,58,86,89,93" machi="46" ten="20,5200,0" yaku="1,1,0,1,7,1,8,1,53,0" doraHai="134" doraHaiUra="107" who="1" fromWho="1" sc="417,-26,98,62,158,-13,317,-13" /><INIT seed="5,0,0,3,1,75" ten="391,160,145,304" oya="1" hai0="48,69,20,43,113,90,130,95,31,91,44,3,8" hai1="93,85,23,45,131,2,96,46,39,123,105,122,58" hai2="54,81,49,42,60,59,17,107,38,124,22,106,79" hai3="7,125,92,65,15,88,14,98,26,114,63,97,21"/><U9/><E131/><V100/><F124/><W28/><G125/><T67/><D113/><U52/><E105/><V115/><F115/><W132/><G132/><T18/><D130/><U111/><E111/><V19/><F38/><W121/><G121/><T12/><D69/><U33/><E33/><V35/><F35/><W76/><G7/><T0/><D67/><U68/><E68/><V34/><F34/><W16/><G114/><T32/><D91/><U110/><E110/><V73/><F19/><W83/><G28/><T41/><D41/><U25/><E85/><V99/><F42/><W108/><G98/><T116/><D32/><U94/><E9/><V56/><F107/><W10/><G10/><T129/><D129/><U36/><E2/><V104/><F104/><W86/><G108/><T71/><D71/><AGARI ba="0,0" hai="14,15,16,21,26,63,65,71,76,83,86,88,92,97" machi="71" ten="30,7700,0" yaku="7,1,52,1,54,2" doraHai="75" who="3" fromWho="0" sc="391,-77,160,0,145,0,304,77" /><INIT seed="6,0,0,0,3,25" ten="314,160,145,381" oya="2" hai0="91,134,71,63,85,112,17,87,104,22,115,120,80" hai1="105,114,64,93,92,60,130,27,76,129,102,123,50" hai2="54,88,74,31,20,82,101,1,79,124,111,52,15" hai3="110,86,30,36,6,37,9,116,131,58,126,44,122"/><V33/><F1/><W41/><G122/><T81/><D120/><U40/><E114/><N who="0" m="43561" /><D104/><U127/><E123/><V4/><F124/><W128/><G110/><T48/><D134/><U84/><E127/><V13/><F101/><W12/><G116/><T73/><D73/><U32/><E40/><V7/><F33/><W68/><G68/><T2/><D2/><U95/><E50/><V57/><F111/><W23/><G36/><T107/><D107/><U94/><E76/><V119/><F119/><W103/><G103/><T39/><D39/><U35/><E84/><N who="2" m="50199" /><F79/><W21/><G86/><T75/><D75/><U29/><E35/><V47/><F74/><W109/><G109/><T117/><D117/><U90/><N who="1" m="23552" /><DORA hai="0" /><U10/><E10/><N who="2" m="4295" /><F47/><W26/><G58/><T46/><D71/><N who="1" m="42375" /><E90/><V65/><F57/><W61/><G126/><T106/><D106/><U16/><E16/><N who="2" m="10271" /><F7/><W42/><G41/><N who="0" m="24655" /><D85/><U59/><E59/><V5/><F5/><W11/><G61/><T28/><D63/><U67/><E67/><V14/><F65/><W24/><REACH who="3" step="1"/><G9/><REACH who="3" ten="314,160,145,371" step="2"/><T72/><D72/><U55/><E55/><N who="2" m="21035" /><F14/><W83/><G83/><T62/><D81/><U34/><E34/><V98/><F98/><AGARI ba="0,1" hai="27,29,32,98,102,105,129,130" m="42375,23552" machi="98" ten="40,2600,0" yaku="25,1,52,1" doraHai="25,0" who="1" fromWho="2" sc="314,0,160,36,145,-26,371,0" /><INIT seed="7,0,0,0,3,31" ten="314,196,119,371" oya="3" hai0="13,70,120,58,131,94,42,84,47,35,50,26,2" hai1="16,44,3,65,39,40,134,91,62,71,0,85,135" hai2="72,74,57,108,122,8,22,1,29,78,36,87,116" hai3="43,63,54,5,130,61,11,118,51,133,55,93,25"/><W24/><G118/><T60/><D120/><U67/><E65/><V132/><F116/><W110/><G130/><T77/><D2/><U100/><E100/><V117/><F117/><W97/><G133/><N who="1" m="50698" /><E16/><V89/><F132/><W127/><G127/><T30/><D131/><U18/><E18/><V46/><F108/><W53/><G110/><T96/><D70/><U92/><AGARI ba="0,0" hai="0,3,39,40,44,62,67,71,85,91,92" m="50698" machi="92" ten="30,1100,0" yaku="20,1" doraHai="31" who="1" fromWho="1" sc="314,-3,196,11,119,-3,371,-5" owari="311,11.0,207,-19.0,116,-38.0,366,46.0" /></mjloggm>