<mjloggm ver="2.3"><GO type="41" lobby="0"/><UN n0="%E5%B0%8F%E6%B3%89%E3%83%81%E3%83%AB%E3%83%89%E3%83%AC%E3%83%B3" n1="%E3%83%95%E3%83%AA%E3%82%B4%E3%83%AA" n2="%49%69%69%69%73%73%73%73" n3="%E2%93%9D%53%75%70%68%78" dan="14,14,14,19" rate="2003.55,1895.57,1904.20,2160.97" sx="M,M,M,M"/><TAIKYOKU oya="0"/><INIT seed="0,0,0,4,0,29" ten="250,250,250,250" oya="0" hai0="115,4,93,104,103,96,56,30,108,124,113,60,85" hai1="66,46,75,43,126,38,135,5,35,15,42,79,86" hai2="81,76,70,32,69,13,111,101,122,94,57,27,39" hai3="109,110,63,134,49,80,20,97,128,50,58,102,112"/><T53/><D124/><U45/><E126/><V37/><F122/><W114/><G20/><T10/><D108/><N who="3" m="41577" /><G80/><T9/><D30/><U132/><E35/><V78/><F111/><W26/><G26/><T1/><REACH who="0" step="1"/><D10/><REACH who="0" ten="240,250,250,250" step="2"/><N who="1" m="4559" /><E135/><V88/><F32/><W0/><G134/><T84/><D84/><U118/><E86/><V133/><F133/><W90/><G114/><T131/><D131/><U40/><E132/><V100/><F27/><W71/><G128/><T117/><D117/><U74/><E118/><V22/><F13/><W72/><G112/><T67/><D67/><U130/><E66/><V123/><F123/><W51/><G0/><T99/><D99/><U61/><E130/><V18/><F18/><W11/><G11/><T36/><D36/><U121/><E38/><V95/><F37/><W65/><G72/><T8/><D8/><U107/><E121/><V31/><F39/><W89/><G71/><T52/><D52/><U21/><E75/><V62/><F69/><W7/><G7/><T92/><D92/><AGARI ba="0,1" hai="49,50,51,58,63,65,89,90,92,97,102" m="41577" machi="92" ten="30,1000,0" yaku="14,1" doraHai="29" who="3" fromWho="0" sc="240,-10,250,0,250,0,250,20" /><INIT seed="1,0,0,3,0,129" ten="230,250,250,270" oya="1" hai0="30,106,130,62,59,57,97,43,128,133,88,82,117" hai1="116,90,26,78,122,65,115,10,60,69,121,40,20" hai2="80,51,126,118,96,32,52,111,85,37,49,22,18" hai3="38,93,12,23,0,84,72,135,14,7,79,45,108"/><U86/><E115/><V34/><F118/><W29/><G108/><T50/><D117/><U74/><E116/><V47/><F37/><W11/><G84/><N who="0" m="50199" /><D30/><U125/><E125/><V1/><F1/><W8/><G93/><T46/><D62/><U16/><E40/><V127/><F111/><W73/><G79/><T27/><D27/><U48/><E48/><V39/><F39/><W70/><G70/><T119/><D119/><U66/><E65/><V95/><F51/><W36/><G0/><T98/><D133/><U64/><E66/><V5/><F5/><W24/><G135/><T55/><D106/><U132/><E132/><V61/><F61/><W110/><G110/><T25/><D25/><U56/><E69/><V4/><F4/><W134/><G134/><T100/><D100/><U109/><E109/><V63/><F63/><W99/><G38/><N who="0" m="21879" /><D59/><U101/><E101/><V67/><F67/><W68/><G68/><T102/><D102/><U31/><E78/><V131/><F127/><W53/><G36/><T71/><D71/><U94/><REACH who="1" step="1"/><E74/><REACH who="1" ten="230,240,250,270" step="2"/><V89/><F126/><W112/><G73/><T58/><D58/><U83/><E83/><V103/><F103/><W92/><G72/><T124/><D124/><U2/><E2/><V76/><F76/><W19/><G112/><T114/><D114/><U105/><E105/><V6/><F80/><W21/><G45/><T113/><D113/><U15/><AGARI ba="0,1" hai="10,15,16,20,26,31,56,60,64,86,90,94,121,122" machi="15" ten="30,6000,0" yaku="1,1,0,1,54,1,53,0" doraHai="129" doraHaiUra="44" who="1" fromWho="1" sc="230,-20,240,70,250,-20,270,-20" /><INIT seed="1,1,0,2,5,69" ten="210,310,230,250" oya="1" hai0="84,22,35,92,26,13,116,80,83,66,19,125,98" hai1="131,65,49,14,70,23,53,113,127,2,132,85,90" hai2="88,91,25,124,133,74,48,51,77,11,8,55,111" hai3="32,54,95,33,112,119,97,63,78,128,105,76,18"/><U110/><E113/><V9/><F111/><W71/><G112/><T0/><D116/><U28/><E2/><V73/><F124/><W108/><G105/><T79/><D125/><U72/><E72/><V93/><F133/><W37/><G128/><T99/><D0/><U67/><E127/><V34/><F77/><W43/><G18/><T31/><D66/><U15/><E110/><V129/><F129/><W3/><G54/><T100/><D98/><U82/><E131/><V39/><F39/><W103/><G119/><T64/><D64/><N who="1" m="24651" /><E70/><V135/><F135/><W56/><G3/><T68/><D68/><U104/><E104/><V45/><F51/><W101/><G71/><T29/><D29/><U30/><E132/><V47/><F47/><W86/><G108/><T21/><REACH who="0" step="1"/><D83/><REACH who="0" ten="200,310,230,250" step="2"/><U87/><E30/><V6/><F6/><W106/><G97/><T1/><D1/><U115/><E115/><V118/><F118/><W134/><G134/><T94/><D94/><N who="1" m="54607" /><E28/><V117/><F117/><W123/><G106/><T7/><D7/><U41/><E82/><V126/><F126/><W75/><G95/><T81/><D81/><U109/><E109/><V122/><F93/><W59/><G33/><AGARI ba="1,1" hai="13,19,21,22,26,31,33,35,79,80,84,92,99,100" machi="33" ten="40,1300,0" yaku="1,1,53,0" doraHai="69" doraHaiUra="5" who="0" fromWho="3" sc="200,26,310,0,230,0,250,-16" /><INIT seed="2,0,0,5,2,69" ten="226,310,230,234" oya="2" hai0="50,114,78,86,1,102,124,111,120,125,133,76,97" hai1="113,135,60,70,58,101,25,72,65,24,95,105,48" hai2="112,36,119,63,88,130,19,52,6,47,42,15,49" hai3="66,41,30,40,108,115,100,16,117,87,80,83,56"/><V96/><F112/><W34/><G117/><T57/><D1/><U12/><E113/><V43/><F119/><W77/><G115/><T131/><D114/><U118/><E118/><V89/><F130/><W39/><G108/><T2/><D2/><U55/><E72/><V122/><F122/><W37/><G100/><T21/><D120/><U8/><E135/><V27/><F42/><W14/><G30/><T85/><D111/><U32/><E32/><V29/><F6/><W75/><G34/><T110/><D110/><U103/><E105/><V128/><F96/><W67/><G41/><T132/><D21/><U11/><E11/><V84/><F84/><N who="0" m="32362" /><D50/><U104/><E104/><V28/><F63/><W23/><G40/><T64/><D64/><U74/><E74/><V51/><F51/><W116/><G116/><T45/><D45/><U13/><E13/><V98/><F98/><W18/><G18/><T5/><D57/><U38/><E38/><V46/><F28/><W9/><G9/><T10/><D10/><U99/><REACH who="1" step="1"/><E103/><REACH who="1" ten="226,300,230,234" step="2"/><V73/><F73/><W90/><REACH who="3" step="1"/><G56/><REACH who="3" ten="226,300,230,224" step="2"/><T53/><D131/><U121/><E121/><V134/><F128/><W4/><G4/><AGARI ba="0,2" hai="4,8,12,24,25,48,55,58,60,65,70,95,99,101" machi="4" ten="30,2000,0" yaku="1,1,7,1,53,0" doraHai="69" doraHaiUra="31" who="1" fromWho="3" sc="226,0,300,40,230,0,224,-20" /><INIT seed="3,0,0,0,5,108" ten="226,340,230,204" oya="3" hai0="71,34,50,19,119,6,28,41,69,73,97,130,58" hai1="95,16,101,25,77,38,15,44,43,27,7,39,92" hai2="116,93,5,103,90,129,135,47,35,70,8,85,48" hai3="60,121,17,91,107,100,2,24,0,131,104,9,30"/><W94/><G121/><T61/><D119/><U124/><E124/><V125/><F116/><W57/><G131/><T84/><D73/><U128/><E128/><V112/><F129/><W4/><G2/><T75/><D75/><U40/><E7/><V74/><F74/><W12/><G100/><T46/><D130/><U89/><E77/><V117/><F117/><W72/><G72/><T56/><D6/><U111/><E111/><V22/><F35/><W86/><G0/><T11/><D56/><U81/><E81/><V54/><F70/><W134/><G134/><T122/><D122/><U52/><E101/><V120/><F120/><W32/><REACH who="3" step="1"/><G4/><REACH who="3" ten="226,340,230,194" step="2"/><T55/><D34/><U127/><E127/><V3/><F135/><W23/><G23/><T133/><D133/><U42/><E38/><V79/><F125/><W53/><AGARI ba="0,1" hai="9,12,17,24,30,32,53,57,60,86,91,94,104,107" machi="53" ten="20,3900,0" yaku="1,1,0,1,7,1,53,0" doraHai="108" doraHaiUra="110" who="3" fromWho="3" sc="226,-13,340,-13,230,-13,194,49" /><INIT seed="3,1,0,2,1,72" ten="213,327,217,243" oya="3" hai0="132,28,53,128,5,111,13,47,39,80,85,48,35" hai1="50,59,107,91,18,55,31,83,130,11,77,71,114" hai2="7,57,124,17,88,81,84,79,16,96,45,4,15" hai3="97,98,61,1,101,38,0,66,65,102,78,26,37"/><W74/><G26/><T135/><D111/><U69/><E114/><V27/><F124/><W67/><G61/><T73/><D73/><U33/><E107/><V123/><F123/><W23/><G23/><T94/><D128/><U12/><E130/><V9/><F45/><W105/><G74/><T131/><D131/><U127/><E91/><V116/><F116/><W41/><G41/><T70/><D70/><U44/><E127/><V24/><F57/><W134/><G134/><N who="0" m="51243" /><D39/><U3/><E3/><V43/><F43/><W109/><G109/><T99/><D35/><U6/><E6/><N who="2" m="2091" /><F17/><W20/><G20/><T115/><D28/><U93/><E93/><AGARI ba="1,0" hai="9,15,16,24,27,79,81,84,88,93,96" m="2091" machi="93" ten="30,7700,0" yaku="8,1,52,1,54,2" doraHai="72" who="2" fromWho="1" sc="213,0,327,-80,217,80,243,0" /><INIT seed="4,0,0,3,0,11" ten="213,247,297,243" oya="0" hai0="23,38,131,50,18,7,10,115,70,95,109,49,31" hai1="34,64,116,74,41,101,19,113,120,42,54,77,3" hai2="86,96,134,125,35,127,62,111,114,69,117,2,55" hai3="16,72,13,79,43,108,68,71,84,45,92,24,27"/><T89/><D115/><U97/><E116/><V90/><F2/><W73/><G108/><T135/><D109/><U36/><E120/><V130/><F111/><W39/><G71/><T48/><D131/><U30/><E3/><V12/><F35/><W132/><G68/><T104/><D104/><U60/><E113/><V14/><F114/><W29/><G132/><T61/><D135/><U75/><E54/><V128/><F134/><W26/><G29/><T5/><D38/><U122/><E122/><V33/><F33/><W52/><G52/><T119/><D119/><U28/><E19/><V1/><F1/><W57/><G57/><T9/><D31/><U81/><E36/><V112/><F96/><W118/><G118/><T22/><D70/><U66/><E75/><V98/><F98/><W17/><G17/><T94/><D61/><U126/><E126/><N who="2" m="48139" /><F112/><W8/><REACH who="3" step="1"/><G79/><REACH who="3" ten="213,247,297,233" step="2"/><T59/><D59/><N who="1" m="36895" /><E66/><N who="2" m="41175" /><F55/><W110/><G110/><T21/><D18/><U37/><E41/><V121/><F117/><W53/><G53/><T15/><REACH who="0" step="1"/><D89/><AGARI ba="0,1" hai="8,13,16,24,26,27,39,43,45,72,73,84,89,92" machi="89" ten="40,8000,1" yaku="1,1,52,1,54,1,53,1" doraHai="11" doraHaiUra="80" who="3" fromWho="0" sc="213,-80,247,0,297,0,233,90" /><INIT seed="5,0,0,3,0,29" ten="133,247,297,323" oya="1" hai0="34,0,54,82,23,21,106,15,16,101,45,26,18" hai1="58,71,132,63,120,105,133,135,79,20,84,53,87" hai2="5,4,90,32,85,49,123,97,70,107,112,117,102" hai3="115,7,86,51,80,76,95,103,14,104,38,128,61"/><U124/><E120/><V65/><F117/><W78/><G38/><T81/><D0/><U74/><E105/><V39/><F39/><W57/><G104/><T44/><D106/><U41/><E124/><V46/><F123/><W114/><G51/><T113/><D101/><U75/><E71/><V111/><F111/><W98/><G128/><T9/><D113/><N who="3" m="43017" /><G14/><T48/><D34/><U28/><E41/><V50/><F112/><W47/><G47/><T96/><D96/><U24/><REACH who="1" step="1"/><E79/><REACH who="1" ten="133,237,297,323" step="2"/><V43/><F70/><W10/><G78/><T8/><D44/><U125/><E125/><V27/><F43/><W2/><G57/><T17/><REACH who="0" step="1"/><D9/><REACH who="0" ten="123,237,297,323" step="2"/><U72/><AGARI ba="0,2" hai="20,24,28,53,58,63,72,74,75,84,87,132,133,135" machi="72" ten="40,7800,0" yaku="1,1,0,1,20,1,53,0" doraHai="29" doraHaiUra="127" who="1" fromWho="1" sc="123,-26,237,98,297,-26,323,-26" /><INIT seed="5,1,0,0,1,29" ten="97,335,271,297" oya="1" hai0="27,59,28,56,131,127,39,15,16,77,64,70,106" hai1="124,67,134,38,115,19,31,105,9,25,34,87,51" hai2="71,94,4,11,20,79,84,48,98,83,3,121,123" hai3="68,63,58,6,24,122,107,90,17,132,80,35,21"/><U1/><E38/><V36/><F36/><W118/><G122/><T119/><D119/><U81/><E105/><V110/><F110/><W89/><G68/><T111/><D111/><U97/><E115/><V23/><F71/><W113/><G113/><T72/><D39/><U76/><E124/><V18/><F48/><W92/><G132/><T65/><D106/><U91/><E134/><V57/><F57/><W43/><G107/><T60/><D127/><U44/><E67/><V109/><F109/><W126/><G35/><T99/><D131/><U33/><E97/><V96/><F96/><W108/><G6/><T104/><D72/><U95/><E1/><V26/><REACH who="2" step="1"/><F20/><REACH who="2" ten="97,335,261,297" step="2"/><W101/><G108/><T86/><D99/><U85/><E51/><V114/><F114/><W0/><G126/><T103/><D70/><U32/><REACH who="1" step="1"/><E44/><REACH who="1" ten="97,325,261,297" step="2"/><V49/><F49/><W133/><G133/><T135/><D135/><U42/><E42/><V69/><F69/><W45/><G43/><T22/><D65/><U75/><E75/><V2/><F2/><W129/><G0/><T116/><D116/><U10/><E10/><V50/><F50/><W128/><G118/><T120/><D120/><U13/><AGARI ba="1,2" hai="9,13,19,25,31,32,33,34,76,81,85,87,91,95" machi="13" ten="30,18000,2" yaku="1,1,0,1,52,3,53,1" doraHai="29" doraHaiUra="73" who="1" fromWho="1" sc="97,-61,325,203,261,-61,297,-61" /><INIT seed="5,2,0,4,2,53" ten="36,528,200,236" oya="1" hai0="96,98,80,123,95,65,36,19,104,117,2,0,26" hai1="57,110,133,54,107,56,108,8,121,135,81,99,64" hai2="111,128,45,101,86,109,75,21,84,118,126,115,20" hai3="38,120,49,34,10,122,70,129,89,12,23,97,83"/><U9/><E121/><V85/><F118/><W48/><G34/><T102/><D117/><U91/><E64/><V22/><F75/><W35/><G35/><T90/><D123/><U105/><E54/><V106/><F128/><W6/><G38/><T50/><D36/><U127/><E127/><V7/><F126/><W94/><G70/><T18/><D65/><U59/><E81/><V1/><F115/><W69/><G129/><T32/><D80/><U30/><E30/><V112/><F112/><W61/><G69/><T73/><D73/><U77/><E77/><V66/><F66/><W52/><G122/><T40/><D32/><U92/><E91/><V15/><F1/><W88/><G23/><T33/><D33/><U132/><E92/><V125/><F45/><W16/><G6/><T58/><D40/><U119/><E119/><V55/><F55/><W74/><G120/><T14/><D26/><U78/><E78/><V103/><F125/><W31/><G31/><T116/><D116/><U11/><REACH who="1" step="1"/><E99/><REACH who="1" ten="36,518,200,236" step="2"/><V5/><F106/><AGARI ba="2,1" hai="8,9,11,56,57,59,105,106,107,108,110,132,133,135" machi="106" ten="60,24000,3" yaku="1,1,2,1,29,2,28,2,20,1,52,3,53,0" doraHai="53" doraHaiUra="28" who="1" fromWho="2" sc="36,0,518,256,200,-246,236,0" owari="36,-36.0,774,87.0,-46,-55.0,236,4.0" /></mjloggm>