<mjloggm ver="2.3"><GO type="41" lobby="0"/><UN n0="%E5%AE%88%E9%8A%AD%E5%A5%B4" n1="%E7%95%99%E5%B9%B4%E4%BA%88%E5%82%99%E8%BB%8D" n2="%E3%82%AB%E3%83%AB%E3%83%AD%E3%83%BB%E3%83%91%E3%83%94%E3%82%B3" n3="%E2%93%9D%53%75%70%68%78" dan="15,13,15,19" rate="2022.03,1820.23,1945.35,2185.58" sx="M,M,F,M"/><TAIKYOKU oya="0"/><INIT seed="0,0,0,0,3,97" ten="250,250,250,250" oya="0" hai0="82,47,84,23,16,58,29,66,105,115,125,90,37" hai1="18,73,13,48,120,30,87,41,9,20,79,134,51" hai2="80,126,116,7,94,33,103,5,77,83,43,40,112" hai3="14,69,76,123,89,129,6,102,45,55,65,53,56"/><T108/><D115/><U93/><E73/><V61/><F112/><W117/><G117/><T8/><D125/><U106/><E106/><V75/><F126/><W34/><G34/><T132/><D105/><U26/><E134/><V110/><F110/><W128/><G89/><T0/><D132/><U49/><E120/><V78/><F33/><W71/><G14/><T107/><D107/><U91/><REACH who="1" step="1"/><E79/><REACH who="1" ten="250,240,250,250" step="2"/><V38/><F75/><W133/><G76/><T63/><D108/><U99/><E99/><V119/><F78/><W124/><G133/><T113/><D113/><U96/><E96/><V15/><F77/><W98/><G123/><T10/><D0/><U72/><E72/><V19/><F116/><W111/><G124/><T60/><D29/><U17/><E17/><V52/><F19/><W67/><G98/><T114/><D114/><U35/><E35/><V121/><F121/><W11/><G111/><T88/><D90/><U3/><E3/><V12/><F119/><W39/><G129/><T1/><D1/><U54/><E54/><V127/><F52/><W22/><G55/><T46/><D63/><U92/><E92/><V74/><F61/><W36/><G53/><T122/><D122/><U21/><E21/><V95/><F74/><W59/><G22/><T24/><REACH who="0" step="1"/><D47/><AGARI ba="0,1" hai="9,13,18,20,26,30,41,47,48,49,51,87,91,93" machi="47" ten="40,2600,0" yaku="1,1,8,1,53,0" doraHai="97" doraHaiUra="68" who="1" fromWho="0" sc="250,-26,240,36,250,0,250,0" /><INIT seed="1,0,0,5,5,7" ten="224,276,250,250" oya="1" hai0="78,119,124,64,116,68,2,107,131,112,72,9,51" hai1="111,102,29,14,106,55,30,126,133,87,94,28,33" hai2="101,89,42,82,90,39,69,44,74,45,48,65,12" hai3="93,38,27,17,8,36,59,24,4,15,73,56,37"/><U22/><E106/><V123/><F123/><W127/><G73/><T46/><D9/><U129/><E126/><V1/><F1/><W18/><G127/><T108/><D51/><U50/><E129/><V79/><F101/><W0/><G93/><T92/><D46/><U99/><E133/><V3/><F3/><W130/><G130/><T83/><D83/><U19/><E111/><V40/><REACH who="2" step="1"/><F12/><REACH who="2" ten="224,276,240,250" step="2"/><W118/><G118/><T43/><D2/><U10/><E33/><V54/><F54/><W11/><REACH who="3" step="1"/><G18/><REACH who="3" ten="224,276,240,240" step="2"/><T70/><D119/><U120/><E120/><V135/><F135/><W49/><G49/><T91/><D116/><U77/><E50/><V86/><F86/><W5/><G5/><T60/><D124/><U113/><E55/><V61/><AGARI ba="0,2" hai="39,40,42,44,45,48,61,65,69,74,79,82,89,90" machi="61" ten="30,4000,0" yaku="1,1,0,1,53,1" doraHai="7" doraHaiUra="76" who="2" fromWho="2" sc="224,-10,276,-20,240,60,240,-10" /><INIT seed="2,0,0,2,4,84" ten="214,256,300,230" oya="2" hai0="11,17,15,45,106,92,94,97,133,57,38,108,99" hai1="101,124,49,82,3,117,129,62,118,115,73,26,104" hai2="90,54,80,16,67,86,68,76,31,116,10,33,65" hai3="95,123,74,34,29,47,64,121,42,91,23,61,18"/><V110/><F116/><W109/><G74/><T131/><D133/><U7/><E115/><V135/><F135/><W130/><G109/><T25/><D108/><U5/><E104/><V22/><F110/><W127/><G130/><T4/><D131/><U75/><E101/><V93/><F10/><W37/><G127/><T125/><D125/><U128/><E62/><V114/><F114/><W100/><G100/><T21/><D38/><U39/><E39/><V40/><F40/><W44/><G44/><T102/><D45/><U43/><E124/><V63/><F67/><W48/><G29/><T9/><D97/><U14/><E3/><V103/><F33/><W36/><G34/><T132/><D132/><U32/><E32/><V58/><F31/><W113/><G113/><T20/><D57/><U105/><E105/><V55/><F103/><W69/><G123/><T83/><D83/><U126/><E26/><V112/><F112/><W89/><G121/><T0/><REACH who="0" step="1"/><D21/><REACH who="0" ten="204,256,300,230" step="2"/><U88/><E126/><V6/><F68/><W96/><G37/><T98/><D98/><U12/><E82/><V53/><F65/><W59/><G36/><T134/><D134/><U122/><E122/><V81/><F80/><W72/><G69/><T41/><D41/><U77/><E43/><V51/><F81/><W107/><G107/><T119/><D119/><U52/><E77/><V2/><F76/><W8/><G23/><T71/><D71/><U13/><E118/><V28/><F58/><W66/><G66/><T56/><D56/><U60/><E117/><V35/><F22/><W50/><G64/><RYUUKYOKU ba="0,1" sc="204,30,256,-10,300,-10,230,-10" hai0="0,4,9,11,15,17,20,25,92,94,99,102,106" /><INIT seed="3,1,1,3,1,122" ten="234,246,290,220" oya="3" hai0="90,117,84,116,0,99,1,81,124,14,123,51,120" hai1="34,67,24,6,56,111,59,130,100,83,112,110,74" hai2="135,77,13,103,70,37,7,29,65,40,58,87,86" hai3="93,118,64,47,127,23,69,128,60,42,109,45,73"/><W91/><G118/><T52/><D124/><U89/><E112/><V66/><F135/><W38/><G127/><T31/><D31/><U54/><E100/><V105/><F37/><W88/><G73/><T97/><D120/><U101/><E101/><V26/><F40/><W114/><G114/><T119/><D123/><U16/><E6/><V61/><F66/><W108/><G128/><T27/><D27/><U33/><E130/><V49/><F77/><W3/><G3/><T35/><D35/><U102/><E102/><V41/><F7/><W18/><G47/><T43/><D43/><U28/><E33/><N who="2" m="20663" /><F13/><W68/><G68/><T75/><D75/><U85/><E74/><V53/><F41/><W76/><G76/><T121/><D121/><U98/><E98/><AGARI ba="1,1" hai="49,53,58,61,65,70,86,87,98,103,105" m="20663" machi="98" ten="30,1000,0" yaku="25,1" doraHai="122" who="2" fromWho="1" sc="234,0,246,-13,290,23,220,0" /><INIT seed="4,0,0,3,5,125" ten="234,233,313,220" oya="0" hai0="4,16,17,103,41,45,115,5,84,133,81,29,10" hai1="74,120,14,22,32,31,102,24,64,94,112,59,135" hai2="124,87,79,73,39,69,61,11,0,121,23,34,82" hai3="15,1,62,44,33,63,118,21,90,60,28,25,9"/><T46/><D115/><U104/><E74/><V85/><F121/><W128/><G118/><T117/><D117/><U72/><E72/><V95/><F124/><W108/><G108/><T27/><D133/><U116/><E104/><V80/><F39/><W101/><G101/><T57/><D57/><U78/><E78/><V83/><F34/><W111/><G111/><T97/><D97/><U70/><E70/><V122/><F122/><W12/><G1/><T89/><D103/><U132/><E116/><V123/><F23/><W26/><G128/><T53/><D53/><U98/><E120/><V75/><F0/><W50/><G90/><T68/><D68/><U36/><E36/><V40/><F11/><W13/><G26/><T48/><D46/><U77/><E77/><V8/><F8/><W110/><G33/><T20/><REACH who="0" step="1"/><D4/><REACH who="0" ten="224,233,313,220" step="2"/><U19/><E112/><V113/><F69/><W126/><G110/><T93/><D93/><U51/><E51/><V37/><F95/><W54/><REACH who="3" step="1"/><G126/><REACH who="3" ten="224,233,313,210" step="2"/><T66/><D66/><U109/><E109/><V49/><F123/><W76/><G76/><T114/><D114/><U91/><E102/><V130/><F113/><W35/><G35/><T88/><D88/><U38/><E91/><V55/><F79/><W2/><G2/><AGARI ba="0,2" hai="2,5,10,16,17,20,27,29,41,45,48,81,84,89" machi="2" ten="30,5800,0" yaku="1,1,7,1,54,1,53,0" doraHai="125" doraHaiUra="96" who="0" fromWho="3" sc="224,78,233,0,313,0,210,-58" /><INIT seed="4,1,0,5,0,44" ten="302,233,313,152" oya="0" hai0="20,101,86,3,98,66,43,72,125,77,73,111,36" hai1="91,75,53,27,133,45,102,109,92,128,88,51,50" hai2="95,105,113,21,2,17,84,126,59,0,55,135,61" hai3="85,83,124,30,12,127,22,62,132,120,4,48,16"/><T119/><D3/><U100/><E75/><N who="0" m="28745" /><D20/><U76/><E109/><V39/><F105/><W58/><G132/><T31/><D66/><U15/><E128/><V13/><F135/><W93/><G120/><T68/><D43/><U9/><E133/><V115/><F126/><W70/><G70/><T37/><D31/><U35/><E76/><V14/><F39/><W41/><G4/><T42/><D42/><N who="1" m="24887" /><E35/><V117/><F117/><W19/><G30/><T97/><D68/><U104/><E104/><V116/><F116/><W121/><G121/><T82/><D36/><U96/><E91/><N who="2" m="53735" /><F14/><W118/><G118/><T18/><D18/><N who="1" m="8559" /><E27/><V110/><F110/><W47/><G19/><T74/><D37/><U114/><E114/><AGARI ba="1,0" hai="0,2,13,17,21,55,59,61,113,114,115" m="53735" machi="114" ten="30,1000,0" yaku="15,1" doraHai="44" who="2" fromWho="1" sc="302,0,233,-13,313,13,152,0" /><INIT seed="5,0,0,3,2,69" ten="302,220,326,152" oya="1" hai0="55,57,25,80,116,4,72,56,66,130,109,117,10" hai1="43,2,0,33,124,105,131,30,68,27,86,97,48" hai2="45,122,78,108,24,77,82,40,71,49,22,84,58" hai3="63,95,99,62,90,34,21,51,93,98,19,94,6"/><U32/><E68/><V42/><F108/><W120/><G34/><T20/><D109/><U101/><E124/><V128/><F122/><W135/><G135/><T1/><D130/><U107/><E131/><V115/><F128/><W13/><G120/><T35/><D35/><U61/><E61/><V39/><F71/><W87/><G6/><T8/><D8/><U65/><E65/><V29/><F115/><W112/><G112/><T38/><D38/><U76/><E105/><V28/><F42/><W7/><G7/><T36/><D36/><U88/><E76/><V121/><F121/><W12/><G12/><T132/><D132/><U31/><E43/><V119/><F119/><W59/><G51/><T123/><D123/><U67/><E67/><V103/><F103/><W53/><REACH who="3" step="1"/><G63/><REACH who="3" ten="302,220,326,142" step="2"/><N who="0" m="38247" /><D4/><U16/><E48/><V129/><F129/><W23/><G23/><T110/><D20/><U47/><E47/><V18/><F49/><W114/><G114/><T54/><D110/><U133/><E133/><V89/><F22/><W100/><G100/><T15/><D15/><U92/><REACH who="1" step="1"/><E16/><REACH who="1" ten="302,210,326,142" step="2"/><V91/><F18/><W104/><G104/><T50/><D117/><U70/><E70/><V126/><F39/><W9/><G9/><T41/><D10/><U111/><E111/><V134/><F134/><W102/><G102/><T118/><D50/><U106/><E106/><V5/><F40/><W127/><G127/><T73/><D41/><U52/><E52/><V83/><F45/><W3/><G3/><T74/><D118/><U79/><E79/><V113/><F78/><W64/><G64/><RYUUKYOKU ba="0,2" sc="302,-15,210,15,326,-15,142,15" hai1="0,2,27,30,31,32,33,86,88,92,97,101,107" hai3="13,19,21,53,59,62,87,90,93,94,95,98,99" /><INIT seed="5,1,2,1,0,47" ten="287,225,311,157" oya="1" hai0="133,121,29,56,12,20,5,50,43,37,95,82,69" hai1="42,33,83,119,124,59,78,71,86,132,19,88,25" hai2="11,134,55,28,21,114,104,87,80,81,96,35,23" hai3="68,97,9,105,101,57,53,110,120,6,102,91,100"/><U31/><E71/><V73/><F134/><W107/><G68/><T112/><D69/><U39/><E119/><V106/><F114/><W13/><G110/><T44/><D133/><U129/><E132/><V14/><F35/><W38/><G38/><T30/><D112/><U27/><E124/><V76/><F55/><W77/><G120/><T123/><D82/><U130/><E39/><V48/><F48/><W3/><G77/><T94/><D56/><U26/><E42/><V7/><F96/><W65/><G65/><T117/><D37/><U62/><E78/><V116/><F116/><W1/><G91/><T66/><D66/><U131/><REACH who="1" step="1"/><E19/><REACH who="1" ten="287,215,311,157" step="2"/><V64/><F76/><W89/><G107/><T128/><D117/><U41/><E41/><V58/><F104/><W103/><REACH who="3" step="1"/><G89/><REACH who="3" ten="287,215,311,147" step="2"/><T72/><D121/><U109/><E109/><V90/><F90/><W52/><G52/><AGARI ba="1,4" hai="25,26,27,31,33,52,59,62,83,86,88,129,130,131" machi="52" ten="40,12000,1" yaku="1,1,19,1,54,2,53,0" doraHai="47" doraHaiUra="45" who="1" fromWho="3" sc="287,0,215,163,311,0,147,-123" /><INIT seed="5,2,0,4,1,114" ten="287,378,311,24" oya="1" hai0="102,116,100,46,49,81,78,48,8,120,89,13,16" hai1="124,88,104,67,3,25,7,85,101,45,11,55,76" hai2="42,31,32,112,92,24,131,15,118,117,98,23,109" hai3="52,125,86,80,30,87,70,57,12,93,51,79,6"/><U105/><E124/><V121/><F109/><W22/><G125/><T129/><D120/><U0/><E76/><V115/><F121/><W37/><G37/><T28/><D129/><U54/><E67/><V41/><F131/><W43/><G70/><T65/><D116/><U82/><E0/><V10/><F42/><W27/><G43/><T68/><D28/><U127/><E127/><V58/><F58/><W9/><REACH who="3" step="1"/><G93/><REACH who="3" ten="287,378,311,14" step="2"/><T44/><D68/><U97/><E105/><V19/><F41/><W110/><G110/><T108/><D108/><U38/><E38/><V39/><F39/><W84/><AGARI ba="2,1" hai="6,9,12,22,27,30,51,52,57,79,80,84,86,87" machi="84" ten="20,12000,2" yaku="1,1,0,1,7,1,8,1,54,1,53,1" doraHai="114" doraHaiUra="18" who="3" fromWho="3" sc="287,-32,378,-62,311,-32,14,136" /><INIT seed="6,0,0,2,4,77" ten="255,316,279,150" oya="2" hai0="14,72,127,37,27,110,113,116,8,88,10,98,125" hai1="3,80,11,83,101,105,129,91,62,84,2,119,112" hai2="102,76,26,134,118,123,74,69,66,48,71,63,78" hai3="131,54,135,81,121,60,96,30,109,17,122,24,70"/><V55/><F123/><W56/><G109/><T132/><D110/><U86/><E119/><V51/><F118/><W43/><G131/><T15/><D116/><U39/><E39/><V21/><F134/><W79/><G135/><T67/><D72/><U35/><E35/><V92/><F71/><W65/><G43/><T103/><D132/><U40/><E40/><V64/><F64/><W85/><G17/><T31/><D37/><U75/><E75/><V114/><F114/><W44/><G44/><T108/><D67/><U16/><E129/><V50/><F55/><W5/><G5/><T100/><D108/><U18/><E112/><V25/><F74/><W19/><G19/><T117/><D117/><U87/><E62/><V41/><F41/><W106/><G56/><T94/><D113/><U57/><E57/><V61/><F61/><W107/><G54/><T33/><D14/><U12/><E18/><V111/><F111/><W13/><G13/><T130/><D130/><U53/><E53/><V34/><F34/><W90/><G107/><T32/><D32/><U120/><E87/><V7/><F7/><W104/><G104/><T36/><D36/><U1/><E120/><V45/><F45/><W95/><REACH who="3" step="1"/><G106/><REACH who="3" ten="255,316,279,140" step="2"/><T28/><D28/><U52/><E52/><V133/><F133/><W49/><G49/><T23/><D15/><U97/><E1/><V42/><F42/><W58/><G58/><T46/><D46/><U124/><E124/><N who="0" m="47689" /><D33/><AGARI ba="0,1" hai="24,30,33,60,65,70,79,81,85,90,95,96,121,122" machi="33" ten="30,7700,0" yaku="1,1,7,1,52,1,53,1" doraHai="77" doraHaiUra="29" who="3" fromWho="0" sc="255,-77,316,0,279,0,140,87" /><INIT seed="7,0,0,1,2,95" ten="178,316,279,227" oya="3" hai0="18,63,57,54,46,126,62,99,38,14,83,75,92" hai1="106,42,132,93,36,55,61,96,120,47,29,91,108" hai2="68,122,109,40,3,84,64,103,125,117,65,105,100" hai3="130,25,59,73,123,41,119,17,32,28,113,56,4"/><W10/><G119/><T48/><D126/><U101/><E120/><V7/><F109/><W15/><G123/><T86/><D75/><U53/><E108/><V74/><F117/><W21/><G73/><T37/><D86/><U22/><E132/><V102/><F122/><W90/><G113/><T118/><D83/><U52/><E61/><V23/><F125/><W26/><G130/><T110/><D63/><U97/><E22/><V71/><F40/><W34/><G41/><T6/><D6/><U69/><E29/><V127/><F127/><W66/><G66/><T134/><D134/><U1/><E1/><V45/><F45/><W27/><G90/><T131/><D131/><U128/><E128/><V35/><F35/><N who="3" m="13355" /><G59/><T98/><D110/><U114/><REACH who="1" step="1"/><E69/><REACH who="1" ten="178,306,279,227" step="2"/><V60/><F71/><W88/><G56/><T79/><D118/><U124/><E124/><V19/><F68/><W104/><G104/><T111/><D111/><U107/><E107/><V20/><F105/><W8/><G88/><T115/><D115/><AGARI ba="0,1" hai="36,42,47,52,53,55,91,93,96,97,101,106,114,115" machi="115" ten="40,8000,1" yaku="1,1,52,2,54,1,53,0" doraHai="95" doraHaiUra="80" who="1" fromWho="0" sc="178,-80,306,90,279,0,227,0" owari="98,-40.0,396,49.0,279,8.0,227,-17.0" /></mjloggm>