<mjloggm ver="2.3"><GO type="41" lobby="0"/><UN n0="%4E%6F%73%75%6B%65" n1="%E3%82%AF%E3%83%AD%E3%82%B9%E3%83%88%E3%83%AA%E3%82%B8%E3%82%A6%E3%83%A0" n2="%E2%93%9D%53%75%70%68%78" n3="%E5%A4%A7%EF%BC%99" dan="13,13,19,14" rate="1864.37,1963.55,2190.33,1905.51" sx="M,M,M,M"/><TAIKYOKU oya="0"/><INIT seed="0,0,0,4,1,120" ten="250,250,250,250" oya="0" hai0="45,53,55,115,48,132,0,14,22,66,57,71,64" hai1="109,33,122,129,19,65,2,38,107,88,16,100,1" hai2="113,62,6,96,54,114,72,86,85,135,32,76,92" hai3="23,52,75,79,128,18,37,46,134,80,91,69,93"/><T47/><D0/><U99/><E122/><V61/><F32/><W17/><G69/><T58/><D22/><U44/><E33/><V102/><F6/><W124/><G124/><T74/><D74/><U73/><E129/><V11/><F11/><W103/><G128/><T121/><D14/><U34/><E65/><N who="0" m="25193" /><D121/><U77/><E34/><V112/><F54/><W84/><G134/><T70/><D115/><U87/><E109/><V3/><F3/><W31/><G103/><T90/><D90/><U24/><E24/><V101/><F135/><W43/><G23/><T13/><D13/><U7/><E7/><V118/><F102/><W123/><G31/><T8/><D8/><U28/><E28/><V104/><F118/><W26/><G26/><T105/><D105/><U40/><E1/><V98/><F72/><W94/><G94/><T81/><D81/><U111/><E111/><V51/><F104/><W29/><G29/><T131/><D131/><U63/><E63/><V9/><F9/><W4/><G123/><T21/><D21/><U59/><E59/><N who="0" m="22537" /><D132/><U108/><E108/><V36/><F114/><W89/><G89/><T67/><N who="0" m="25201" /><T130/><DORA hai="10" /><D130/><U15/><E2/><V12/><F113/><W25/><G25/><T49/><AGARI ba="0,0" hai="45,47,48,49,53,55,70,71" m="22537,25201" machi="49" ten="40,12000,1" yaku="35,5" doraHai="120,10" who="0" fromWho="0" sc="250,120,250,-40,250,-40,250,-40" /><INIT seed="0,1,0,1,2,105" ten="370,210,210,210" oya="0" hai0="38,83,1,9,133,112,72,64,62,8,50,79,118" hai1="123,15,88,57,2,51,7,78,108,76,117,125,80" hai2="60,82,122,90,41,119,34,52,101,65,132,59,95" hai3="56,111,49,20,73,16,121,69,113,53,63,18,92"/><T58/><D118/><U124/><E108/><V67/><F122/><W47/><G121/><T25/><D112/><U135/><E117/><V29/><F119/><W103/><G113/><T102/><D38/><U43/><E2/><V19/><F132/><W114/><G114/><T13/><D1/><U12/><E135/><V46/><F101/><W54/><G111/><T81/><D102/><U96/><E123/><V129/><F129/><W36/><G18/><T91/><D25/><U40/><E57/><V14/><F82/><W45/><G73/><T89/><D50/><U104/><E104/><V30/><F34/><W126/><G126/><N who="1" m="48746" /><E15/><V68/><F68/><W21/><G21/><T94/><D13/><U48/><E48/><V32/><F32/><W70/><G103/><T107/><D107/><U99/><E99/><V35/><F35/><W100/><G100/><T27/><D27/><U71/><E71/><V11/><F67/><W61/><G92/><T115/><D115/><U28/><E28/><V22/><F65/><W93/><G93/><T110/><D110/><U0/><E0/><V6/><F22/><W74/><G74/><T86/><REACH who="0" step="1"/><D133/><REACH who="0" ten="360,210,210,210" step="2"/><U128/><E51/><N who="2" m="27087" /><F6/><W37/><G37/><T116/><D116/><U44/><E12/><V23/><F23/><W87/><G36/><T109/><D109/><U4/><E128/><V75/><F75/><W33/><G33/><T66/><D66/><U98/><E4/><V5/><F5/><W130/><G130/><T10/><D10/><U127/><N who="1" m="48754" /><U39/><DORA hai="84" /><E7/><V42/><F42/><W31/><G45/><RYUUKYOKU ba="1,1" sc="360,15,210,-15,210,15,210,-15" hai0="8,9,58,62,64,72,79,81,83,86,89,91,94" hai2="11,14,19,29,30,52,59,60,90,95" /><INIT seed="0,2,1,5,3,64" ten="375,195,225,195" oya="0" hai0="60,75,78,25,74,135,125,96,42,89,44,36,67" hai1="56,51,94,134,10,37,32,90,93,84,124,98,49" hai2="28,69,53,33,62,128,8,83,104,34,39,47,41" hai3="113,15,16,118,117,101,97,105,48,68,71,22,106"/><T43/><D125/><U100/><E134/><V29/><F128/><W123/><G113/><T114/><D114/><U61/><E124/><V132/><F132/><W122/><G106/><T119/><D119/><U129/><E129/><V50/><F104/><W102/><G102/><T82/><D43/><U24/><E37/><V3/><F83/><W19/><G48/><T46/><D46/><U85/><E85/><V70/><F29/><W9/><G118/><T20/><D75/><U31/><REACH who="1" step="1"/><E10/><REACH who="1" ten="375,185,225,195" step="2"/><V99/><F8/><W76/><G117/><T4/><D135/><U40/><E40/><V18/><F41/><W95/><G76/><T58/><D42/><U65/><AGARI ba="2,2" hai="24,31,32,49,51,56,61,65,84,90,93,94,98,100" machi="65" ten="20,2700,0" yaku="1,1,0,1,7,1,53,0" doraHai="64" doraHaiUra="133" who="1" fromWho="1" sc="375,-15,185,53,225,-9,195,-9" /><INIT seed="1,0,0,0,2,79" ten="360,238,216,186" oya="1" hai0="35,73,66,15,99,4,131,98,10,69,27,70,106" hai1="38,129,119,67,26,72,124,108,33,5,47,107,122" hai2="2,89,118,37,120,52,113,45,133,44,41,101,31" hai3="11,61,87,14,17,76,135,93,100,88,112,121,86"/><U60/><RYUUKYOKU type="yao9" ba="0,0" sc="360,0,238,0,216,0,186,0" hai1="5,26,33,38,47,60,67,72,107,108,119,122,124,129" /><INIT seed="1,1,0,3,1,90" ten="360,238,216,186" oya="1" hai0="50,110,32,5,6,20,83,79,70,112,129,59,14" hai1="2,93,94,78,27,34,3,95,28,68,89,7,98" hai2="13,73,65,124,84,104,130,52,119,39,35,92,76" hai3="128,43,10,53,26,54,64,62,29,75,58,115,31"/><U24/><E68/><V18/><F119/><W127/><G127/><T57/><D32/><U101/><E78/><V42/><F104/><W113/><G128/><T61/><D70/><U8/><E3/><V19/><F35/><W135/><G75/><T25/><D112/><U103/><REACH who="1" step="1"/><E24/><REACH who="1" ten="360,228,216,186" step="2"/><V121/><F76/><W38/><G115/><T12/><D25/><U111/><E111/><V1/><F1/><W108/><G108/><T116/><D110/><U106/><E106/><V16/><F124/><W122/><G113/><T66/><D79/><U46/><E46/><V134/><F130/><W71/><G26/><T120/><D129/><U56/><E56/><V41/><F13/><W88/><G58/><T81/><D59/><U33/><E33/><V9/><F73/><W23/><G71/><T49/><D14/><U82/><E82/><V123/><F123/><W44/><G122/><T63/><D120/><U131/><E131/><V125/><F125/><W51/><G44/><T114/><D12/><U22/><E22/><V40/><F121/><W117/><G23/><T109/><D114/><U30/><E30/><V132/><F9/><W74/><G74/><T0/><D20/><U133/><E133/><V102/><F134/><W17/><G135/><T118/><D109/><U96/><E96/><V87/><F132/><W45/><G29/><T47/><D57/><U77/><E77/><V11/><F11/><W69/><G31/><T21/><D47/><U67/><E67/><V4/><F65/><W85/><G64/><T15/><D66/><U86/><E86/><V97/><F87/><RYUUKYOKU ba="1,1" sc="360,-10,228,30,216,-10,186,-10" hai1="2,7,8,27,28,34,89,93,94,95,98,101,103" /><INIT seed="1,2,1,2,5,32" ten="350,258,206,176" oya="1" hai0="4,36,58,135,0,22,9,28,38,79,109,59,69" hai1="52,13,2,51,102,116,117,70,82,81,84,19,42" hai2="124,100,55,126,110,62,88,92,8,89,85,77,53" hai3="1,111,29,78,47,49,45,121,24,35,75,99,21"/><U72/><E70/><V80/><F110/><W6/><G121/><T112/><D109/><U7/><E102/><V101/><F55/><W91/><G111/><T83/><D69/><U31/><E31/><V132/><F8/><W74/><G47/><T114/><D59/><U16/><E42/><V133/><F53/><W11/><G78/><T108/><D108/><U41/><E41/><V125/><F89/><W97/><G97/><T54/><D135/><N who="2" m="51786" /><F62/><W63/><G63/><T33/><D22/><U14/><E72/><AGARI ba="2,1" hai="72,77,80,85,88,92,100,101,124,125,126" m="51786" machi="72" ten="40,8000,1" yaku="18,1,20,1,34,2,54,1" doraHai="32" who="2" fromWho="1" sc="350,0,258,-86,206,96,176,0" /><INIT seed="2,0,0,0,5,56" ten="350,172,302,176" oya="2" hai0="123,95,23,37,108,9,127,1,93,90,78,106,102" hai1="130,14,129,22,91,104,121,17,2,32,25,31,5" hai2="99,63,50,16,65,64,53,83,35,40,100,111,94" hai3="85,43,55,110,24,12,70,45,42,92,125,73,74"/><V11/><F35/><W29/><G70/><T58/><D37/><U82/><E104/><V19/><F111/><W71/><G71/><T41/><D41/><U0/><E82/><V131/><F131/><N who="1" m="50185" /><E91/><V62/><F40/><W133/><G110/><T38/><D38/><U66/><E121/><V119/><F119/><W124/><G133/><T88/><D23/><U135/><E135/><V132/><F132/><W107/><G107/><T59/><D9/><N who="1" m="4399" /><E66/><N who="2" m="25707" /><F83/><W46/><G55/><T96/><D1/><U8/><E8/><V109/><F109/><W81/><G12/><AGARI ba="0,0" hai="0,2,12,17,22,25,31,32" m="4399,50185" machi="12" ten="30,3900,0" yaku="19,1,34,2" doraHai="56" who="1" fromWho="3" sc="350,0,172,39,302,0,176,-39" /><INIT seed="3,0,0,5,2,126" ten="350,211,302,137" oya="3" hai0="103,59,109,72,40,13,4,69,54,108,48,112,50" hai1="117,61,96,89,64,17,102,83,130,121,79,134,23" hai2="55,26,91,125,30,49,101,71,98,36,25,75,29" hai3="105,1,111,73,62,56,78,41,133,15,58,7,135"/><W37/><G105/><T24/><D72/><U127/><E127/><V93/><F36/><W110/><G1/><T12/><D69/><U84/><E121/><V46/><F125/><W100/><G100/><T20/><D112/><U95/><E134/><N who="3" m="51210" /><G78/><T28/><D103/><U128/><E117/><V107/><F71/><W2/><G73/><T119/><D119/><U113/><E113/><V106/><F75/><W68/><G2/><T9/><D40/><U118/><E118/><V44/><F44/><N who="3" m="23599" /><G7/><T53/><REACH who="0" step="1"/><D13/><REACH who="0" ten="340,211,302,137" step="2"/><U80/><E102/><V34/><REACH who="2" step="1"/><F101/><REACH who="2" ten="340,211,292,137" step="2"/><W8/><G68/><T74/><D74/><U45/><E45/><AGARI ba="0,2" hai="4,9,12,20,24,28,45,48,50,53,54,59,108,109" machi="45" ten="40,1300,0" yaku="1,1,53,0" doraHai="126" doraHaiUra="116" who="0" fromWho="1" sc="340,33,211,-13,292,0,137,0" /><INIT seed="4,0,0,4,3,43" ten="373,198,292,137" oya="0" hai0="112,54,78,88,123,4,53,97,85,28,32,40,83" hai1="12,50,70,41,76,71,0,30,80,64,118,15,87" hai2="20,130,5,47,125,45,17,126,113,35,67,23,34" hai3="56,106,49,42,21,109,133,103,115,91,124,114,6"/><T57/><D123/><U120/><E118/><V29/><F113/><W10/><G109/><T99/><D112/><U117/><E117/><V110/><F110/><W16/><G133/><T14/><D32/><N who="2" m="12330" /><F67/><W59/><G124/><N who="2" m="47721" /><F5/><W122/><G122/><T107/><D28/><U128/><E128/><V52/><F130/><W27/><G91/><T31/><D31/><U66/><E0/><V60/><F29/><W69/><G69/><T108/><D40/><U38/><E38/><V79/><F79/><W1/><G103/><T96/><D107/><U135/><E135/><V116/><F23/><W72/><G72/><T2/><D2/><U46/><E120/><V37/><F37/><W127/><G127/><T13/><D4/><U100/><E100/><V61/><F116/><W121/><G121/><T89/><D108/><U95/><E95/><V86/><F86/><W39/><G106/><T65/><D78/><U105/><E105/><V9/><F9/><W19/><G115/><T22/><D89/><U82/><E30/><V102/><F102/><W11/><G114/><T129/><D129/><U26/><E26/><N who="2" m="14607" /><F61/><W33/><G33/><T93/><D22/><U75/><E66/><V94/><F94/><W131/><G131/><T77/><D13/><U48/><E64/><V111/><F111/><W44/><G39/><T104/><D14/><U58/><E15/><V92/><F92/><W81/><G81/><T18/><D18/><U63/><E12/><V55/><F60/><W7/><G19/><T68/><D104/><U36/><E36/><V73/><F73/><W84/><G84/><RYUUKYOKU ba="0,0" sc="373,-15,198,-15,292,15,137,15" hai2="45,47,52,55" hai3="1,6,7,10,11,16,21,27,42,44,49,56,59" /><INIT seed="5,1,0,0,5,0" ten="358,183,307,152" oya="1" hai0="54,40,56,107,45,5,42,80,112,22,113,78,117" hai1="53,92,41,111,119,64,87,88,15,120,85,51,115" hai2="11,57,25,83,103,95,106,127,134,68,104,67,93" hai3="52,31,86,29,7,46,60,98,36,101,9,19,81"/><U132/><E115/><N who="0" m="44105" /><D107/><U122/><E119/><V61/><F127/><W26/><G36/><T129/><D129/><U35/><E35/><V102/><F134/><W20/><G46/><T133/><D133/><U6/><E132/><V8/><F68/><W123/><G123/><T75/><D45/><U71/><E111/><V109/><F83/><W27/><G27/><T33/><D33/><U21/><E41/><V39/><F109/><W125/><G125/><T121/><D121/><U73/><E73/><V94/><F39/><W13/><G60/><T65/><D65/><U131/><E131/><V124/><F124/><W100/><G100/><T2/><D22/><U74/><E74/><V63/><F25/><W99/><G52/><T128/><D117/><U49/><E71/><V105/><F63/><W3/><G3/><T97/><D97/><N who="3" m="36873" /><G101/><T116/><D116/><U32/><E32/><V34/><F34/><W55/><G55/><T66/><D66/><U91/><E64/><V10/><AGARI ba="1,0" hai="8,10,11,57,61,67,93,94,95,102,103,104,105,106" machi="10" ten="40,5200,0" yaku="0,1,29,2" doraHai="0" who="2" fromWho="2" sc="358,-14,183,-27,307,55,152,-14" /><INIT seed="6,0,0,2,1,101" ten="344,156,362,138" oya="2" hai0="38,10,63,104,15,84,8,76,61,19,96,46,21" hai1="24,132,70,60,107,64,133,94,36,44,31,89,25" hai2="17,2,128,30,121,29,97,120,80,111,85,28,32" hai3="91,9,127,105,67,114,126,59,56,95,54,6,7"/><V43/><F43/><W11/><G54/><T119/><D119/><U99/><E25/><V83/><F2/><W55/><G55/><T75/><D75/><U88/><E94/><V4/><F4/><N who="3" m="1579" /><G95/><T49/><D38/><U58/><E58/><N who="3" m="22058" /><G67/><T81/><D104/><U51/><E36/><V123/><F32/><W118/><G118/><T108/><D96/><U79/><E79/><V86/><F128/><W116/><G116/><T106/><D106/><U68/><E68/><V77/><F97/><W65/><G65/><T82/><D82/><U0/><E0/><V37/><F37/><W92/><G105/><T40/><D108/><U62/><E62/><AGARI ba="0,0" hai="8,10,15,19,21,40,46,49,61,62,63,76,81,84" machi="62" ten="40,1300,0" yaku="8,1" doraHai="101" who="0" fromWho="1" sc="344,13,156,-13,362,0,138,0" /><INIT seed="7,0,0,0,0,78" ten="357,143,362,138" oya="3" hai0="41,115,60,23,82,113,121,36,68,59,73,98,92" hai1="72,122,40,127,31,66,86,4,62,134,13,32,22" hai2="77,6,71,119,69,50,81,110,107,44,64,123,105" hai3="117,7,15,54,104,38,74,75,52,18,97,133,129"/><W55/><G117/><T90/><D121/><U25/><E72/><V108/><F6/><W88/><G133/><T114/><D68/><U112/><E122/><V24/><F123/><W130/><G38/><T106/><D106/><U65/><E127/><V42/><F119/><W87/><G7/><T126/><D126/><U26/><E112/><V103/><F24/><W131/><G97/><T80/><D23/><U116/><E116/><V28/><F28/><W84/><G104/><T27/><D27/><U124/><E124/><V109/><F103/><W102/><G102/><T83/><D41/><U17/><E134/><V135/><F135/><W61/><G61/><T93/><D36/><U34/><E40/><V91/><F91/><W101/><G101/><T35/><D93/><U45/><E45/><V120/><F120/><W3/><G3/><T2/><D35/><U99/><E99/><V12/><F12/><W29/><G29/><T89/><D2/><U47/><E47/><V39/><F50/><W63/><G63/><T21/><D21/><U9/><E32/><V79/><F79/><W51/><G51/><T46/><D46/><U76/><E62/><N who="2" m="40087" /><F71/><W128/><N who="3" m="33280" /><DORA hai="1" /><W37/><G37/><T43/><D43/><U19/><E4/><V85/><F107/><W10/><G84/><N who="0" m="50311" /><D73/><U70/><E70/><V30/><F105/><W0/><G0/><T118/><D118/><U132/><E132/><V56/><F30/><W100/><G100/><T111/><D111/><U125/><E125/><V67/><F110/><W20/><G10/><T58/><D60/><U53/><E53/><RYUUKYOKU ba="0,0" sc="357,0,143,0,362,0,138,0" hai0="58,59,82,83,90,92,98,113,114,115" hai1="9,13,17,19,22,25,26,31,34,65,66,76,86" hai2="39,42,44,56,67,77,81,85,108,109" hai3="15,18,20,52,54,55,74,75,87,88" /><INIT seed="7,1,0,1,5,113" ten="357,143,362,138" oya="3" hai0="24,63,21,80,4,16,26,134,43,66,115,116,114" hai1="45,12,107,91,31,36,48,6,77,32,23,8,61" hai2="82,69,11,128,120,112,121,50,75,117,29,97,39" hai3="88,5,127,60,105,25,55,109,100,72,46,41,2"/><W67/><G72/><T90/><D116/><U34/><E107/><V68/><F117/><W51/><G109/><T101/><D101/><U86/><E36/><V40/><F128/><W62/><G127/><T89/><D43/><U74/><E74/><V95/><F29/><W47/><G25/><T118/><D118/><U130/><E77/><N who="2" m="44351" /><F50/><W110/><G110/><T44/><D44/><U17/><E61/><V85/><F11/><W102/><G62/><T98/><D4/><U27/><E130/><V87/><F112/><N who="0" m="43050" /><D98/><U59/><E59/><V92/><F40/><W13/><G2/><T81/><D134/><U9/><E9/><V14/><F14/><W70/><G105/><T108/><D108/><U18/><E34/><V124/><F39/><W76/><G76/><T57/><D26/><U119/><E32/><V33/><F33/><W10/><REACH who="3" step="1"/><G88/><AGARI ba="1,0" hai="16,21,24,57,63,66,80,81,88,89,90" m="43050" machi="88" ten="30,7700,0" yaku="15,1,11,1,54,2" doraHai="113" who="0" fromWho="3" sc="357,80,143,0,362,0,138,-80" owari="437,54.0,143,-26.0,362,16.0,58,-44.0" /></mjloggm>