<mjloggm ver="2.3"><GO type="41" lobby="0"/><UN n0="%E2%93%9D%53%75%70%68%78" n1="%E8%A1%8C%E9%9B%B2%E6%B5%81%E6%B0%B4" n2="%E3%81%84%E3%81%BE%E3%81%99%E3%81%91" n3="%E3%81%A8%E3%83%BC%E3%81%A9%E3%83%BC" dan="19,13,15,15" rate="2189.47,1840.05,1967.93,1932.20" sx="M,F,M,M"/><TAIKYOKU oya="0"/><INIT seed="0,0,0,4,3,57" ten="250,250,250,250" oya="0" hai0="103,39,21,88,8,22,102,61,51,9,127,85,121" hai1="34,126,58,105,104,91,87,23,65,72,97,123,38" hai2="108,112,5,131,19,69,24,80,59,28,6,82,124" hai3="129,95,53,73,86,50,46,81,89,55,37,25,13"/><T83/><D39/><U130/><E38/><V52/><F112/><W101/><G129/><T106/><D121/><U96/><E123/><V3/><F108/><W18/><G25/><T49/><D127/><U43/><E34/><V94/><F69/><W125/><G125/><T134/><D134/><U36/><E126/><V40/><F40/><W79/><G37/><T71/><D106/><U115/><E72/><V62/><F124/><W98/><G55/><T33/><D33/><U7/><E7/><V15/><F3/><W35/><G35/><T64/><D22/><U107/><E43/><V17/><F94/><W76/><REACH who="3" step="1"/><G73/><REACH who="3" ten="250,250,250,240" step="2"/><T113/><D113/><U0/><E36/><V60/><F131/><W84/><G84/><T93/><D51/><U67/><E115/><V12/><F24/><W66/><G66/><T56/><D49/><U68/><E130/><V41/><F41/><W70/><G70/><T109/><D71/><U119/><E119/><V77/><F28/><W118/><G118/><T63/><D109/><U10/><E67/><V99/><F99/><W14/><G14/><T133/><D133/><U75/><E68/><V74/><F74/><W135/><G135/><T11/><D63/><U26/><E75/><V45/><F62/><W122/><G122/><T32/><D32/><U1/><E97/><V116/><F116/><W114/><G114/><T54/><D64/><U120/><E96/><V132/><F132/><W111/><G111/><T92/><D21/><AGARI ba="0,1" hai="13,18,21,46,50,53,76,79,81,86,89,95,98,101" machi="21" ten="30,3900,0" yaku="1,1,7,1,8,1,53,0" doraHai="57" doraHaiUra="110" who="3" fromWho="0" sc="250,-39,250,0,250,0,240,49" /><INIT seed="1,0,0,2,5,60" ten="211,250,250,289" oya="1" hai0="59,70,7,107,68,6,1,13,119,17,64,22,72" hai1="39,89,106,42,91,74,135,50,19,133,61,41,127" hai2="58,88,53,16,102,123,113,67,0,55,57,101,96" hai3="84,78,87,126,31,104,24,112,52,35,83,9,132"/><U20/><E106/><V79/><F123/><W56/><G126/><T114/><D114/><U33/><E74/><V66/><F0/><W11/><G132/><N who="1" m="50762" /><E33/><V95/><F79/><W86/><G112/><T40/><D72/><U100/><E100/><N who="2" m="38507" /><F113/><W105/><G86/><T75/><D119/><U44/><E127/><V38/><F38/><W4/><G87/><T54/><D40/><N who="1" m="22559" /><E20/><V99/><F99/><W62/><REACH who="3" step="1"/><G11/><REACH who="3" ten="211,250,250,279" step="2"/><T122/><D75/><U117/><E117/><V3/><F3/><AGARI ba="0,1" hai="3,4,9,24,31,35,52,56,62,78,83,84,104,105" machi="3" ten="30,7700,0" yaku="1,1,2,1,7,1,54,1,53,0" doraHai="60" doraHaiUra="43" who="3" fromWho="2" sc="211,0,250,0,250,-77,279,87" /><INIT seed="2,0,0,2,4,18" ten="211,250,173,366" oya="2" hai0="126,86,115,92,35,40,120,134,96,48,47,4,16" hai1="49,13,33,39,88,112,90,93,108,15,57,25,84" hai2="128,1,55,11,72,132,102,23,58,110,45,28,74" hai3="79,70,69,77,27,31,87,94,37,62,76,105,41"/><V98/><F128/><W100/><G105/><T75/><D75/><U59/><E112/><V0/><F132/><W99/><G87/><T129/><D120/><U36/><E108/><V44/><F74/><W101/><G101/><T118/><D35/><U19/><E33/><V82/><F110/><W85/><G85/><T52/><D126/><U21/><E39/><V30/><F72/><W17/><G17/><T83/><D129/><U26/><E36/><V114/><F82/><W89/><G89/><T71/><D71/><U12/><E26/><V131/><F114/><W104/><G104/><T81/><D4/><U5/><E90/><V51/><F131/><W43/><G70/><T34/><D34/><U80/><E80/><V61/><F28/><W6/><G6/><T121/><D118/><U122/><E5/><V133/><F11/><W119/><G119/><T50/><D121/><U9/><E9/><V78/><F78/><W117/><G117/><T109/><D134/><U111/><E111/><V107/><F133/><W66/><REACH who="3" step="1"/><G37/><REACH who="3" ten="211,250,173,356" step="2"/><T46/><D109/><U42/><E122/><V10/><F10/><W73/><G73/><T127/><D115/><U124/><E124/><V22/><F30/><W32/><AGARI ba="0,1" hai="27,31,32,41,43,62,66,69,76,77,79,94,99,100" machi="32" ten="30,4000,0" yaku="1,1,0,1,53,1" doraHai="18" doraHaiUra="63" who="3" fromWho="3" sc="211,-10,250,-10,173,-20,356,50" /><INIT seed="3,0,0,3,5,121" ten="201,240,153,406" oya="3" hai0="25,99,45,110,101,11,79,63,39,36,115,34,43" hai1="126,127,85,83,77,96,97,27,17,14,124,133,130" hai2="88,6,21,40,37,87,55,51,70,26,13,69,32" hai3="82,29,103,49,60,80,102,50,31,47,120,3,56"/><W76/><G120/><T44/><D115/><U23/><E133/><V24/><F32/><W41/><G3/><T72/><D63/><U116/><E116/><V16/><F37/><W4/><G4/><T111/><D11/><U52/><E130/><V113/><F40/><W9/><G9/><T12/><D12/><U18/><E18/><V71/><F6/><W62/><G76/><T90/><D90/><U75/><E75/><V53/><F113/><W8/><G8/><T38/><D79/><U92/><E14/><V66/><F66/><W134/><G134/><T65/><D65/><U104/><E104/><V100/><F100/><N who="3" m="38443" /><G50/><T48/><D72/><U22/><E92/><V10/><F53/><N who="3" m="33807" /><G62/><T7/><D45/><U28/><E28/><AGARI ba="0,0" hai="28,29,31,41,47,49,80,82" m="33807,38443" machi="28" ten="30,1500,0" yaku="8,1" doraHai="121" who="3" fromWho="1" sc="201,0,240,-15,153,0,406,15" /><INIT seed="3,1,0,4,4,37" ten="201,225,153,421" oya="3" hai0="87,9,125,56,10,58,52,27,101,107,6,132,134" hai1="128,3,19,68,126,99,31,88,74,14,78,130,42" hai2="64,53,12,115,111,109,133,62,29,72,49,108,60" hai3="124,44,81,116,41,91,13,106,83,26,20,61,63"/><W112/><G112/><T43/><D125/><U90/><E68/><N who="2" m="41991" /><F72/><W17/><G124/><T104/><D27/><U21/><E3/><V28/><F12/><W18/><G116/><T48/><D87/><U98/><E31/><V123/><F115/><W135/><G135/><N who="0" m="51755" /><D101/><U2/><E2/><V120/><F133/><W127/><G127/><T8/><D58/><U40/><E78/><V103/><F103/><W117/><G106/><N who="0" m="40491" /><D43/><N who="1" m="16427" /><E74/><V95/><F95/><W47/><G117/><T131/><D131/><N who="1" m="50219" /><E126/><V82/><F82/><W84/><G81/><T79/><D79/><U92/><E90/><V118/><F118/><W46/><G41/><T65/><D65/><U93/><E93/><V51/><F28/><W105/><G105/><T32/><D32/><U113/><E113/><V73/><F29/><W129/><G129/><T30/><D30/><U7/><E7/><AGARI ba="1,0" hai="6,7,8,9,10,48,52,56" m="40491,51755" machi="7" ten="40,2600,0" yaku="20,1,54,1" doraHai="37" who="0" fromWho="1" sc="201,29,225,-29,153,0,421,0" /><INIT seed="4,0,0,3,0,12" ten="230,196,153,421" oya="0" hai0="15,126,45,101,82,5,16,57,108,134,132,33,133" hai1="105,72,6,0,116,62,37,78,122,123,96,92,48" hai2="109,95,81,102,63,13,56,36,110,20,118,70,2" hai3="80,104,50,39,84,54,58,24,19,61,22,119,27"/><T51/><D126/><U31/><E116/><V52/><F118/><W89/><G39/><T21/><D33/><U38/><E31/><V113/><F113/><W128/><G128/><T10/><D108/><U4/><E48/><V129/><F2/><W35/><G104/><T91/><D101/><U59/><E78/><V42/><F129/><W14/><G119/><T127/><D57/><U18/><E72/><V23/><F70/><W97/><G97/><T8/><D127/><U79/><E0/><V47/><F81/><W83/><G35/><T29/><D29/><U11/><E79/><V120/><F120/><W112/><G112/><T87/><D5/><U121/><E105/><V34/><F34/><W68/><G68/><T107/><D107/><U55/><E4/><V125/><F23/><W100/><G100/><T124/><D124/><U69/><E69/><V71/><F125/><W1/><G1/><T88/><D91/><U44/><E6/><V65/><F95/><N who="3" m="54695" /><G61/><T85/><D85/><U67/><E92/><V49/><F102/><W93/><G93/><T73/><D73/><U66/><E96/><V94/><F94/><W25/><AGARI ba="0,0" hai="14,19,22,24,25,27,50,54,58,80,83" m="54695" machi="25" ten="30,4000,0" yaku="25,1,8,1,52,1" doraHai="12" who="3" fromWho="3" sc="230,-20,196,-10,153,-10,421,40" /><INIT seed="5,0,0,3,5,54" ten="210,186,143,461" oya="1" hai0="107,23,100,27,31,85,75,120,43,132,125,91,46" hai1="59,106,0,116,101,102,134,7,3,81,30,26,92" hai2="133,93,112,4,17,115,73,18,16,52,24,74,90" hai3="123,21,72,5,87,36,68,11,65,41,122,1,110"/><U57/><E116/><V113/><F133/><W53/><G110/><T33/><D75/><U97/><E7/><V10/><F24/><W56/><G72/><T19/><D125/><U64/><E134/><V126/><F126/><W104/><G104/><T98/><D120/><U63/><E81/><V66/><F66/><W62/><G87/><T108/><D132/><U48/><E102/><V121/><F121/><W2/><G2/><T131/><D131/><U114/><E114/><V6/><F4/><W119/><G119/><T49/><D108/><U40/><E40/><V83/><F83/><W99/><G99/><T42/><D42/><U20/><E106/><V58/><F90/><W111/><G111/><T89/><REACH who="0" step="1"/><D85/><REACH who="0" ten="200,186,143,461" step="2"/><U88/><REACH who="1" step="1"/><E88/><REACH who="1" ten="200,176,143,461" step="2"/><V79/><F79/><W13/><G41/><T84/><D84/><U117/><E117/><V80/><F80/><W128/><G123/><T32/><D32/><U34/><E34/><V37/><F93/><W82/><G122/><T55/><D55/><AGARI ba="0,2" hai="0,3,20,26,30,48,55,57,59,63,64,92,97,101" machi="55" ten="40,12000,1" yaku="1,1,25,2,52,2,53,0" doraHai="54" doraHaiUra="12" who="1" fromWho="0" sc="200,-120,176,140,143,0,461,0" /><INIT seed="5,1,0,4,3,121" ten="80,316,143,461" oya="1" hai0="54,37,35,74,32,49,82,92,46,60,28,129,113" hai1="123,126,72,99,22,42,64,102,40,47,100,81,106" hai2="91,96,115,12,105,128,78,124,104,110,36,17,125" hai3="68,75,16,130,88,69,109,18,97,114,51,61,131"/><U11/><E123/><V132/><F36/><W24/><G75/><T79/><D113/><U70/><E126/><N who="2" m="48747" /><F115/><W95/><G114/><T111/><D129/><N who="3" m="49161" /><G109/><T3/><D3/><U53/><E102/><V116/><F116/><W133/><G133/><T9/><D28/><U8/><E42/><V58/><F128/><W39/><G39/><T119/><D119/><U71/><E22/><V66/><F132/><W112/><G112/><T107/><D107/><U134/><E134/><V59/><F78/><W67/><G51/><T0/><D111/><U14/><E11/><V73/><F73/><W7/><G7/><T23/><D37/><U52/><E71/><N who="3" m="27210" /><G24/><T84/><D74/><U38/><E64/><V56/><F66/><W63/><G63/><T30/><D60/><U48/><E70/><AGARI ba="1,0" hai="16,18,61,67,70,88,95,97" m="27210,49161" machi="70" ten="30,3900,0" yaku="19,1,54,2" doraHai="121" who="3" fromWho="1" sc="80,0,316,-42,143,0,461,42" /><INIT seed="6,0,0,4,1,78" ten="80,274,143,503" oya="2" hai0="10,132,8,31,44,96,21,133,35,106,22,47,68" hai1="28,87,63,9,16,6,124,37,60,4,111,98,64" hai2="45,94,39,100,32,120,25,108,116,74,58,127,80" hai3="41,125,77,95,134,71,23,84,79,92,15,82,103"/><V83/><F116/><W114/><G71/><T117/><D68/><U14/><E124/><V53/><F120/><W118/><G118/><T49/><D117/><U48/><E111/><V42/><F74/><W126/><G41/><T99/><D49/><U129/><E37/><V43/><F127/><N who="3" m="48651" /><G134/><T34/><REACH who="0" step="1"/><D31/><REACH who="0" ten="70,274,143,503" step="2"/><U97/><E28/><V51/><F108/><W110/><G110/><T62/><D62/><U3/><E48/><V50/><F39/><W72/><G114/><T55/><D55/><U76/><E3/><V5/><F5/><N who="1" m="2153" /><E129/><V1/><F1/><W89/><G15/><T13/><D13/><U54/><E54/><V121/><F121/><W17/><G17/><T81/><D81/><N who="2" m="31306" /><F32/><W113/><G82/><T107/><AGARI ba="0,1" hai="8,10,21,22,34,35,44,47,96,99,106,107,132,133" machi="107" ten="25,6400,0" yaku="1,1,0,1,22,2,53,0" doraHai="78" doraHaiUra="27" who="0" fromWho="0" sc="70,74,274,-16,143,-32,503,-16" /><INIT seed="7,0,0,1,4,25" ten="144,258,111,487" oya="3" hai0="75,52,111,11,92,89,79,35,44,20,36,50,12" hai1="71,88,91,19,84,69,128,0,16,38,125,27,15" hai2="37,18,46,101,63,94,24,132,48,130,77,57,133" hai3="72,104,90,21,106,45,129,43,73,114,86,29,121"/><W3/><G121/><T108/><D35/><U49/><BYE who="3" /><E38/><V10/><F130/><W112/><G112/><T107/><D107/><U5/><E0/><V93/><F37/><W30/><G30/><T119/><D119/><UN n3="%E3%81%A8%E3%83%BC%E3%81%A9%E3%83%BC" /><U51/><E5/><V97/><F77/><W131/><G114/><T124/><D124/><U61/><E61/><V122/><F122/><W56/><G56/><T33/><D33/><U95/><E125/><V118/><F118/><W76/><G3/><T28/><D36/><U13/><E27/><V22/><F10/><W54/><G54/><T40/><D75/><U87/><REACH who="1" step="1"/><E95/><REACH who="1" ten="144,248,111,487" step="2"/><V103/><F133/><W120/><G131/><AGARI ba="0,1" hai="13,15,16,19,49,51,69,71,84,87,88,91,128,131" machi="131" ten="25,12000,2" yaku="1,1,2,1,22,2,54,2,53,0" doraHai="25" doraHaiUra="99" who="1" fromWho="3" sc="144,0,248,130,111,0,487,-120" owari="144,-26.0,378,48.0,111,-39.0,367,17.0" /></mjloggm>