<mjloggm ver="2.3"><GO type="41" lobby="0"/><UN n0="%E3%81%A8%E3%83%BC%E3%81%BE%E3%81%99%40%6D%6A" n1="%70%72%6F%72%79%75%32" n2="%E2%93%9D%53%75%70%68%78" n3="%52%6F%63%6B%E9%AD%82" dan="14,15,19,14" rate="1913.65,2010.03,2207.90,1954.37" sx="M,M,M,M"/><TAIKYOKU oya="0"/><INIT seed="0,0,0,0,2,85" ten="250,250,250,250" oya="0" hai0="54,17,94,30,88,7,44,131,49,38,78,32,100" hai1="66,5,115,58,25,97,120,33,73,79,84,56,14" hai2="128,119,48,116,133,93,35,129,124,95,70,36,50" hai3="126,23,10,105,117,13,123,11,41,4,76,92,27"/><T132/><D132/><U18/><E120/><V127/><F35/><W64/><G105/><T63/><D131/><N who="2" m="50250" /><F36/><W8/><G117/><N who="2" m="45129" /><F70/><W61/><G126/><N who="2" m="48169" /><F133/><W104/><G123/><T114/><D114/><U77/><E115/><V26/><F26/><W69/><G104/><T110/><D110/><U102/><E25/><V83/><F83/><W81/><G92/><AGARI ba="0,0" hai="48,50,92,93,95" m="48169,45129,50250" machi="92" ten="40,8000,1" yaku="28,2,19,1,12,1,18,1" doraHai="85" who="2" fromWho="3" sc="250,0,250,0,250,80,250,-80" /><INIT seed="1,0,0,5,2,111" ten="250,250,330,170" oya="1" hai0="108,74,27,22,14,6,3,110,93,32,90,60,13" hai1="118,98,87,57,120,28,92,85,102,29,25,70,72" hai2="54,121,84,109,105,45,67,134,41,39,61,131,132" hai3="126,97,100,89,73,130,58,107,18,94,96,116,68"/><U103/><E118/><V129/><F105/><W81/><G68/><T35/><D74/><U19/><E120/><V10/><F84/><N who="3" m="52519" /><G18/><N who="0" m="12759" /><D90/><U31/><E70/><N who="2" m="42351" /><F10/><W128/><G58/><T4/><D60/><U66/><E72/><V75/><F109/><N who="0" m="42090" /><D93/><U9/><E103/><V106/><F106/><W33/><G33/><N who="0" m="12875" /><D3/><U53/><E66/><V55/><F75/><W23/><G23/><T46/><D46/><U122/><E9/><V37/><F121/><W113/><G126/><T30/><D30/><U2/><E2/><V40/><F45/><W79/><G116/><T69/><D69/><U99/><E122/><V62/><F62/><W8/><G8/><T50/><D50/><N who="1" m="30903" /><E99/><V42/><F39/><W83/><G96/><T91/><D91/><U12/><E31/><V133/><F37/><W16/><G16/><T47/><D47/><U80/><E29/><V123/><F123/><W15/><G15/><AGARI ba="0,0" hai="4,6,13,14,15" m="12875,42090,12759" machi="15" ten="30,3900,0" yaku="14,1,34,2" doraHai="111" who="0" fromWho="3" sc="250,39,250,0,330,0,170,-39" /><INIT seed="2,0,0,3,2,104" ten="289,250,330,131" oya="2" hai0="129,70,22,106,45,131,72,59,130,54,67,6,135" hai1="14,93,124,47,42,5,109,103,77,90,55,75,66" hai2="50,52,127,83,30,117,49,100,8,101,125,35,122" hai3="46,2,80,121,62,44,29,102,7,40,94,114,34"/><V81/><F117/><W113/><G2/><T68/><D106/><U116/><E116/><V16/><F30/><W9/><G7/><T108/><D6/><U24/><E66/><V78/><F35/><W51/><G9/><T10/><D10/><U27/><E5/><V97/><F122/><W85/><G29/><T123/><D22/><U0/><E0/><V4/><F50/><W76/><G34/><T33/><D33/><U107/><E14/><V79/><F97/><W38/><G62/><T32/><D32/><U43/><E109/><V61/><F61/><W12/><G12/><T23/><D23/><U95/><E107/><V91/><F91/><W115/><G121/><T71/><D72/><U87/><E124/><N who="2" m="47691" /><F83/><W89/><G102/><N who="2" m="39529" /><F81/><W99/><REACH who="3" step="1"/><G46/><REACH who="3" ten="289,250,330,121" step="2"/><T1/><D1/><U11/><E47/><N who="2" m="27711" /><F16/><W119/><G119/><T53/><D123/><U56/><E103/><V92/><F92/><W105/><G105/><T86/><D108/><U134/><E95/><V48/><F48/><AGARI ba="0,1" hai="38,40,44,48,51,76,80,85,89,94,99,113,114,115" machi="48" ten="40,2600,0" yaku="1,1,11,1,53,0" doraHai="104" doraHaiUra="25" who="3" fromWho="2" sc="289,0,250,0,330,-26,121,36" /><INIT seed="3,0,0,3,5,123" ten="289,250,304,157" oya="3" hai0="50,68,56,25,14,88,104,18,33,1,22,116,37" hai1="27,4,118,82,9,36,132,55,86,61,90,87,34" hai2="69,117,32,125,59,121,44,99,72,105,51,91,84" hai3="23,114,46,0,13,2,81,60,93,94,107,66,47"/><W53/><G114/><T101/><D37/><U63/><E36/><V38/><F117/><W74/><G107/><T31/><D116/><U62/><E118/><V96/><F32/><W130/><G130/><T77/><D77/><U112/><E112/><V129/><F125/><W106/><G106/><T30/><D68/><U75/><E75/><V40/><F72/><W7/><G74/><T119/><D119/><U64/><E55/><V41/><F69/><W124/><G81/><T49/><D56/><U17/><E132/><V102/><F99/><W12/><G124/><T58/><D58/><U120/><E120/><V127/><F129/><W83/><G83/><T16/><D1/><U103/><E103/><V95/><F127/><W45/><G53/><T24/><D18/><U80/><E34/><V100/><F100/><W126/><G126/><T5/><D5/><U79/><E27/><V70/><F70/><W89/><G0/><T52/><D52/><U92/><E92/><V76/><F121/><W98/><G94/><T73/><D73/><U78/><E90/><V57/><F76/><W122/><G122/><T65/><D65/><U29/><E29/><V39/><F39/><W26/><G2/><T131/><D131/><U8/><E64/><V28/><F28/><N who="3" m="17503" /><G7/><T15/><D104/><U35/><E35/><V11/><F41/><W48/><G48/><N who="0" m="18539" /><D101/><U67/><E67/><V42/><F42/><W43/><G43/><T97/><D31/><U71/><E71/><V20/><F38/><W19/><G19/><T111/><D111/><U21/><E4/><V54/><F40/><RYUUKYOKU ba="0,0" sc="289,10,250,10,304,-30,157,10" hai0="14,15,16,22,24,25,30,33,88,97" hai1="8,9,17,21,61,62,63,78,79,80,82,86,87" hai3="12,13,45,46,47,60,66,89,93,98" /><INIT seed="3,1,0,5,4,135" ten="299,260,274,167" oya="3" hai0="59,31,8,75,87,50,88,126,22,129,5,15,106" hai1="71,46,10,6,86,3,9,37,119,73,120,53,17" hai2="104,62,89,80,128,64,82,91,93,124,52,45,44" hai3="110,103,97,4,130,116,115,36,90,114,118,29,101"/><W63/><G36/><T74/><D106/><U108/><E120/><V40/><F104/><W79/><G4/><T134/><D134/><U81/><E71/><V117/><F128/><W21/><G63/><T107/><D107/><U132/><E132/><V57/><F117/><W11/><G11/><T67/><D129/><U30/><E30/><V131/><F124/><W61/><G61/><T41/><D41/><U38/><E108/><V25/><F131/><W34/><G34/><T48/><D67/><U105/><E105/><V65/><F25/><W39/><G39/><T123/><D123/><U83/><E119/><V109/><F109/><W77/><G130/><T42/><D126/><U32/><E32/><V27/><F27/><W76/><G110/><T56/><D74/><U98/><E98/><V99/><F45/><W60/><G60/><T122/><D75/><U96/><E96/><V47/><F47/><W102/><G116/><T100/><D100/><U19/><E19/><V1/><F1/><W35/><G35/><T54/><D122/><U12/><E81/><N who="2" m="31339" /><F91/><W84/><G118/><T20/><D31/><U26/><E26/><V55/><F40/><W68/><G68/><T58/><D42/><U78/><REACH who="1" step="1"/><E73/><REACH who="1" ten="299,250,274,167" step="2"/><V133/><F133/><W23/><G97/><T28/><D28/><U121/><E121/><V95/><F95/><N who="3" m="54727" /><G29/><T85/><D5/><U125/><E125/><V14/><F65/><W7/><G7/><T70/><D70/><U16/><E16/><V49/><F64/><W24/><G24/><T92/><D15/><AGARI ba="1,1" hai="14,15,44,49,52,55,57,62,89,93,99" m="31339" machi="15" ten="30,2000,0" yaku="8,1,54,1" doraHai="135" who="2" fromWho="0" sc="299,-23,250,0,274,33,167,0" /><INIT seed="4,0,0,5,4,79" ten="276,250,307,167" oya="0" hai0="61,100,75,41,63,89,126,110,23,127,31,66,65" hai1="40,15,6,86,14,21,60,43,47,71,37,107,24" hai2="103,62,122,108,123,131,18,82,73,35,39,135,117" hai3="90,8,111,113,50,94,133,120,121,102,7,3,105"/><T88/><D100/><U91/><E107/><V95/><F39/><W132/><G111/><T5/><D110/><U97/><E97/><V80/><F108/><W56/><G105/><T57/><D5/><U68/><E43/><V1/><F73/><W64/><G102/><T25/><D41/><U129/><E129/><V114/><F1/><W12/><G3/><T17/><D31/><U78/><E78/><V92/><F135/><N who="3" m="51787" /><G113/><T28/><D75/><U4/><E4/><V2/><F35/><W42/><G42/><T104/><D104/><U115/><E115/><V118/><F131/><W76/><G64/><T59/><REACH who="0" step="1"/><D28/><REACH who="0" ten="266,250,307,167" step="2"/><U83/><E6/><V52/><F103/><W0/><G7/><T10/><D10/><U33/><E33/><V134/><F134/><W22/><G22/><T119/><D119/><U116/><E116/><V125/><F114/><W9/><G9/><T19/><D19/><U124/><E21/><V13/><F18/><W36/><G120/><T77/><D77/><U45/><E40/><V99/><F123/><W81/><G121/><T32/><D32/><U67/><E37/><V85/><F118/><W38/><G36/><T109/><D109/><U53/><E24/><V46/><F117/><W130/><G38/><T55/><D55/><U54/><E53/><V112/><F52/><W96/><G130/><T26/><D26/><U87/><E54/><V101/><F112/><W106/><G106/><T44/><D44/><U128/><E47/><V20/><F122/><W30/><G30/><T93/><D93/><N who="1" m="54519" /><E45/><V11/><F46/><W72/><G76/><RYUUKYOKU ba="0,1" sc="266,30,250,-10,307,-10,167,-10" hai0="17,23,25,57,59,61,63,65,66,88,89,126,127" /><INIT seed="4,1,1,5,5,63" ten="296,240,297,157" oya="0" hai0="59,49,10,88,82,77,108,90,61,112,45,107,67" hai1="69,122,29,35,56,53,42,66,100,78,40,14,51" hai2="1,76,91,13,70,93,97,102,124,18,68,110,34" hai3="57,24,99,60,120,111,30,44,54,72,74,50,131"/><T48/><D112/><U106/><E122/><V105/><F110/><W83/><G111/><T39/><D107/><U92/><E78/><V5/><F34/><W3/><G3/><T27/><D108/><U95/><E14/><V16/><F124/><W75/><G131/><T129/><D129/><U19/><E19/><V85/><F18/><W38/><G38/><T4/><D39/><U28/><E42/><V22/><REACH who="2" step="1"/><F76/><REACH who="2" ten="296,240,287,157" step="2"/><W114/><G120/><T126/><D126/><U58/><E35/><V17/><F17/><W133/><G133/><T89/><D27/><U23/><E29/><V25/><F25/><W84/><G24/><T33/><D33/><U7/><E28/><V127/><F127/><W52/><G30/><T43/><D48/><U37/><E51/><V109/><F109/><W79/><REACH who="3" step="1"/><G99/><REACH who="3" ten="296,240,287,147" step="2"/><T73/><REACH who="0" step="1"/><D89/><REACH who="0" ten="286,240,287,147" step="2"/><U119/><E37/><V80/><F80/><W65/><G65/><T9/><D9/><AGARI ba="1,4" hai="1,5,9,13,16,22,68,70,85,91,93,97,102,105" machi="9" ten="40,2600,0" yaku="1,1,54,1,53,0" doraHai="63" doraHaiUra="20" who="2" fromWho="0" sc="286,-29,240,0,287,69,147,0" /><INIT seed="5,0,0,2,1,100" ten="257,240,356,147" oya="1" hai0="113,95,79,7,43,11,51,33,115,6,106,37,75" hai1="122,120,19,40,80,24,53,21,88,110,8,121,28" hai2="102,69,44,38,123,46,112,47,109,17,10,91,70" hai3="14,34,76,39,86,5,78,16,82,72,133,92,66"/><U59/><E40/><V97/><F109/><W84/><G34/><T22/><D33/><U103/><E110/><V36/><F91/><W77/><G39/><T12/><D37/><U111/><E111/><V35/><F123/><W2/><G2/><T118/><D118/><U41/><E41/><V65/><F112/><N who="0" m="43082" /><D95/><U61/><E103/><V48/><F48/><W125/><G125/><T101/><D22/><U96/><E8/><V71/><F65/><W52/><G66/><T62/><D62/><U126/><E126/><V114/><F114/><W60/><G133/><T64/><D64/><U89/><E80/><V9/><F35/><W87/><G72/><T131/><D131/><U129/><E129/><V99/><F102/><W25/><G25/><T58/><D75/><U45/><E45/><V32/><F32/><W31/><G31/><T130/><D79/><U83/><E83/><V135/><F135/><W54/><G5/><N who="0" m="3183" /><D130/><U108/><E108/><V124/><F124/><W117/><G117/><T29/><D29/><U49/><E49/><V55/><F38/><W0/><G0/><T1/><D1/><U30/><E89/><V134/><F134/><W13/><G92/><AGARI ba="0,0" hai="19,21,24,28,30,53,59,61,88,92,96,120,121,122" machi="92" ten="40,7700,0" yaku="25,2,54,1" doraHai="100" who="1" fromWho="3" sc="257,0,240,77,356,0,147,-77" /><INIT seed="5,1,0,3,5,132" ten="257,317,356,70" oya="1" hai0="124,84,13,123,101,49,33,91,83,42,104,126,77" hai1="31,10,19,29,80,120,98,135,25,35,112,66,110" hai2="107,3,94,16,21,60,57,117,36,14,93,108,111" hai3="59,23,90,118,105,46,24,39,41,128,65,76,109"/><U43/><E120/><V119/><F107/><W130/><G105/><T127/><D33/><U50/><E135/><V100/><F3/><W4/><G109/><T72/><D123/><U44/><E110/><V18/><F36/><W0/><G0/><T122/><D122/><U87/><E112/><V85/><F111/><W9/><G118/><T121/><D121/><U30/><E66/><V61/><F108/><W22/><G76/><T133/><D13/><U63/><E63/><V15/><F100/><W62/><G90/><T103/><D133/><U75/><E75/><V27/><F27/><W96/><G96/><T5/><D5/><U20/><E98/><V51/><F51/><W37/><G37/><T6/><D6/><U26/><REACH who="1" step="1"/><E10/><REACH who="1" ten="257,307,356,70" step="2"/><V74/><F74/><W81/><G4/><T106/><D106/><U86/><E86/><V1/><F85/><W2/><G9/><T17/><D104/><U32/><E32/><V8/><F61/><W48/><G2/><T12/><D49/><U70/><E70/><V88/><F1/><W56/><G48/><T54/><D54/><U7/><E7/><V68/><F68/><W52/><G128/><T67/><D42/><U69/><E69/><V92/><REACH who="2" step="1"/><F88/><AGARI ba="1,1" hai="19,20,25,26,29,30,31,35,43,44,50,80,87,88" machi="88" ten="30,5800,0" yaku="1,1,7,1,54,1,53,0" doraHai="132" doraHaiUra="102" who="1" fromWho="2" sc="257,0,307,71,356,-61,70,0" /><INIT seed="5,2,0,5,3,131" ten="257,378,295,70" oya="1" hai0="70,134,128,85,34,127,4,37,120,82,123,93,113" hai1="9,40,38,48,8,61,14,31,90,96,68,86,118" hai2="56,108,0,67,50,26,29,104,16,99,125,77,69" hai3="76,59,46,53,71,23,115,39,17,116,62,110,121"/><U130/><E118/><V119/><F0/><W2/><G110/><T47/><D70/><U98/><E38/><V95/><F125/><W78/><G121/><T64/><D34/><U83/><E130/><V51/><F104/><W75/><G2/><T24/><D64/><U15/><E31/><V122/><F77/><W73/><G116/><T21/><D128/><U42/><E68/><V81/><F81/><W117/><G117/><T100/><D127/><U124/><E124/><V88/><F108/><W6/><G6/><T10/><D113/><U22/><E61/><N who="2" m="38311" /><F69/><W18/><G115/><T89/><D37/><U66/><E66/><V129/><F122/><N who="0" m="46634" /><D47/><U33/><E22/><N who="2" m="15575" /><F129/><W72/><G71/><T57/><D57/><U126/><E33/><V92/><F119/><W94/><G94/><T103/><D93/><U58/><E126/><V13/><F95/><W3/><G3/><N who="0" m="287" /><D134/><U65/><E65/><V11/><AGARI ba="2,0" hai="11,13,16,50,51,88,92,99" m="15575,38311" machi="11" ten="30,4000,0" yaku="8,1,54,2" doraHai="131" who="2" fromWho="2" sc="257,-12,378,-22,295,46,70,-12" /><INIT seed="6,0,0,0,3,39" ten="245,356,341,58" oya="2" hai0="70,115,89,81,7,59,74,78,16,128,37,54,66" hai1="20,121,69,112,31,5,3,36,114,135,48,51,122" hai2="56,58,127,52,0,42,105,19,55,24,93,77,68" hai3="72,57,113,110,133,35,95,97,30,91,75,60,14"/><V99/><F68/><W32/><G110/><T130/><D115/><N who="1" m="44075" /><E3/><V71/><F71/><W107/><G133/><T126/><D7/><U73/><E73/><V10/><F105/><W96/><G113/><T46/><D126/><U84/><E84/><V1/><F127/><W125/><G125/><T111/><D111/><U63/><E5/><V87/><F42/><W61/><G14/><T131/><D89/><U116/><E135/><V4/><F1/><W43/><G43/><N who="0" m="22895" /><D70/><U65/><E116/><V94/><F77/><W41/><G41/><T134/><D66/><U79/><E79/><V106/><F106/><W132/><G132/><T28/><D28/><U25/><E36/><V109/><F87/><W13/><G13/><T21/><D134/><U88/><E88/><V76/><F76/><W27/><G35/><T53/><D59/><U29/><E31/><V22/><F109/><W100/><REACH who="3" step="1"/><G60/><REACH who="3" ten="245,356,341,48" step="2"/><T124/><D124/><U80/><E63/><V23/><F0/><W104/><G104/><T92/><D92/><U40/><E122/><V6/><F94/><W67/><AGARI ba="0,1" hai="27,30,32,57,61,67,72,75,91,95,96,97,100,107" machi="67" ten="20,5200,0" yaku="1,1,0,1,7,1,53,1" doraHai="39" doraHaiUra="102" who="3" fromWho="3" sc="245,-13,356,-13,341,-26,48,62" /><INIT seed="7,0,0,3,3,54" ten="232,343,315,110" oya="3" hai0="66,0,111,92,79,90,135,97,69,109,2,10,105" hai1="124,126,19,102,87,75,45,5,22,13,50,63,33" hai2="52,95,53,3,125,129,16,112,101,31,15,131,133" hai3="77,4,70,89,122,81,99,18,68,56,29,26,25"/><W40/><G122/><T37/><D37/><U65/><E75/><V85/><F3/><W121/><G121/><T88/><D105/><U7/><E102/><V49/><F112/><W78/><G68/><T84/><D79/><U8/><E87/><V21/><F125/><N who="1" m="48233" /><E33/><V113/><F133/><W117/><G117/><T107/><D107/><U108/><E108/><V134/><F134/><W127/><G127/><T1/><D135/><U55/><E8/><V115/><F31/><W120/><G120/><T39/><D39/><U116/><E116/><V36/><F36/><W27/><G70/><AGARI ba="0,0" hai="5,7,13,19,22,45,50,55,63,65,70" m="48233" machi="70" ten="30,1000,0" yaku="18,1" doraHai="54" who="1" fromWho="3" sc="232,0,343,10,315,0,110,-10" owari="232,-17.0,353,45.0,315,12.0,100,-40.0" /></mjloggm>