<mjloggm ver="2.3"><GO type="41" lobby="0"/><UN n0="%E3%81%B1%E3%81%81%E3%81%B7%E3%82%8B" n1="%66%6C%79%74%72%65%65" n2="%E7%9F%B3%E5%8E%9F%E8%89%AF%E7%B4%94" n3="%E2%93%9D%53%75%70%68%78" dan="15,14,18,19" rate="2035.75,1971.48,2169.78,2160.00" sx="M,F,M,M"/><TAIKYOKU oya="0"/><INIT seed="0,0,0,2,5,104" ten="250,250,250,250" oya="0" hai0="52,30,60,68,65,14,108,7,122,28,50,19,84" hai1="118,27,123,116,64,96,71,95,10,24,107,98,26" hai2="132,48,100,127,82,59,21,61,5,6,46,33,38" hai3="67,134,124,69,49,129,128,12,115,63,77,131,56"/><T133/><D122/><U120/><E10/><V9/><F33/><W114/><G77/><T8/><D133/><U75/><E107/><V81/><F132/><W92/><G92/><T42/><D108/><U34/><E34/><V87/><F38/><W1/><G12/><T4/><D42/><U111/><E111/><V85/><F127/><W25/><G1/><T55/><D84/><U44/><E44/><V39/><F39/><W37/><G25/><T43/><D43/><U119/><E75/><V106/><F106/><W53/><G134/><T76/><D76/><U31/><E31/><V86/><F100/><W13/><G13/><T90/><D90/><U0/><E0/><V32/><F21/><W83/><G83/><N who="2" m="31753" /><F9/><W23/><G23/><T57/><REACH who="0" step="1"/><D55/><REACH who="0" ten="240,250,250,250" step="2"/><U126/><E120/><V109/><F109/><W11/><G37/><T41/><D41/><U70/><E123/><V22/><F87/><W103/><G103/><T72/><D72/><U102/><E102/><V51/><F86/><W105/><G124/><T2/><D2/><U62/><E126/><V125/><F85/><W110/><G110/><T79/><D79/><U94/><E94/><V18/><F125/><W91/><G105/><T113/><D113/><N who="3" m="43017" /><G91/><T74/><D74/><U54/><E54/><V89/><F89/><W88/><G88/><T15/><D15/><U20/><E95/><V99/><F99/><W112/><G112/><T97/><D97/><U3/><E3/><V101/><F101/><W45/><G11/><T35/><D35/><U40/><E96/><V17/><F32/><W58/><AGARI ba="0,1" hai="45,49,53,56,58,63,67,69,128,129,131" m="43017" machi="58" ten="40,8000,1" yaku="5,1,19,1,34,2" doraHai="104" who="3" fromWho="3" sc="240,-40,250,-20,250,-20,250,90" /><INIT seed="1,0,0,4,3,96" ten="200,230,230,340" oya="1" hai0="135,133,38,123,3,53,41,34,95,74,14,27,9" hai1="10,82,20,76,93,4,24,102,0,119,49,69,28" hai2="18,61,65,107,125,46,134,80,37,97,86,122,52" hai3="67,47,88,22,78,127,115,124,50,126,59,6,5"/><U39/><E119/><V71/><F122/><W105/><G78/><T62/><D3/><U83/><E69/><V1/><F134/><W54/><G115/><T45/><D74/><U73/><E82/><V130/><F130/><W66/><G105/><T48/><D123/><U36/><REACH who="1" step="1"/><E49/><REACH who="1" ten="200,220,230,340" step="2"/><V70/><F70/><W79/><G127/><T104/><D48/><U121/><E121/><V72/><F80/><W98/><G126/><T103/><D38/><U26/><E26/><V23/><F37/><W16/><G124/><T68/><D27/><U77/><E77/><V7/><F71/><W111/><G79/><T29/><D68/><U21/><E21/><V129/><F23/><W75/><G22/><T12/><D34/><U17/><E17/><V25/><F18/><W91/><G16/><T31/><D29/><U81/><E81/><V84/><F25/><W57/><G50/><T94/><D31/><U101/><E101/><V128/><F125/><W116/><G116/><T8/><D103/><U92/><E92/><V13/><F128/><W15/><G91/><T58/><D95/><U131/><E131/><V40/><F129/><W106/><G88/><T112/><D94/><U118/><E118/><V63/><F107/><W109/><G106/><T90/><D104/><U85/><E85/><V113/><F86/><W132/><G75/><T100/><D90/><U56/><E56/><V51/><F84/><W87/><G59/><T43/><D100/><U32/><E32/><V110/><F72/><W114/><G87/><T2/><D58/><U108/><E108/><V60/><F110/><RYUUKYOKU ba="0,1" sc="200,-10,220,30,230,-10,340,-10" hai1="0,4,10,20,24,28,36,39,73,76,83,93,102" /><INIT seed="1,1,1,4,0,41" ten="190,250,220,330" oya="1" hai0="130,117,71,87,14,35,101,114,45,33,10,59,7" hai1="64,44,9,37,18,69,12,94,92,135,31,42,67" hai2="119,56,82,126,105,20,106,132,62,36,96,11,121" hai3="52,68,80,1,54,109,70,29,55,100,26,17,118"/><U73/><E73/><V50/><F119/><W51/><G1/><T128/><D117/><U49/><E135/><V95/><F121/><W85/><G118/><T19/><D114/><U131/><E131/><N who="0" m="50217" /><D71/><U123/><E123/><V75/><F36/><W32/><G109/><T3/><D101/><U40/><E31/><V99/><F126/><W86/><G86/><T77/><D59/><U22/><E40/><V21/><F11/><W134/><G100/><T97/><D97/><U63/><E64/><V38/><F38/><W24/><G134/><T34/><D87/><U125/><E125/><V124/><F99/><W98/><G98/><T39/><D77/><U133/><E133/><V91/><F56/><W28/><G17/><T103/><D103/><U115/><E115/><V2/><F96/><W110/><G110/><T46/><D39/><U47/><REACH who="1" step="1"/><E9/><AGARI ba="1,1" hai="3,7,9,10,14,19,33,34,35,45,46" m="50217" machi="9" ten="40,5200,0" yaku="19,1,52,2" doraHai="41" who="0" fromWho="1" sc="190,65,250,-55,220,0,330,0" /><INIT seed="2,0,0,0,3,114" ten="255,195,220,330" oya="2" hai0="95,124,37,2,12,34,103,68,107,28,3,78,72" hai1="87,97,113,77,123,0,16,108,84,102,60,46,44" hai2="48,89,26,18,13,129,73,104,20,125,27,100,7" hai3="56,126,80,86,70,36,14,1,119,112,110,93,57"/><V62/><F73/><W15/><G1/><T91/><D124/><U54/><E113/><V82/><F125/><W59/><G70/><T116/><D37/><U117/><E0/><V53/><F129/><W11/><G36/><T30/><D68/><U122/><E108/><V23/><F104/><W88/><G126/><T67/><D67/><U10/><E77/><V109/><F100/><W65/><G119/><T131/><D12/><N who="1" m="7191" /><E117/><V55/><F109/><W133/><G133/><T42/><D42/><U105/><E60/><V111/><F7/><W101/><G110/><T76/><D131/><U24/><E24/><V106/><F106/><W66/><G15/><T96/><D34/><U90/><E84/><N who="2" m="50327" /><F111/><W94/><G112/><T32/><D32/><U6/><E6/><V132/><F132/><W69/><G69/><T135/><D135/><U121/><E54/><V29/><F62/><W75/><G75/><T128/><D128/><U64/><E64/><N who="3" m="24682" /><G101/><T38/><D38/><U47/><E47/><N who="2" m="27807" /><F55/><W127/><G127/><T79/><D116/><U33/><E33/><V74/><F74/><W5/><AGARI ba="0,0" hai="5,11,14,56,57,59,80,86,88,93,94" m="24682" machi="5" ten="30,2000,0" yaku="8,1,54,1" doraHai="114" who="3" fromWho="3" sc="255,-5,195,-5,220,-10,330,20" /><INIT seed="3,0,0,0,5,80" ten="250,190,210,350" oya="3" hai0="26,69,130,20,87,40,124,99,123,21,52,100,107" hai1="76,66,129,3,28,112,135,105,39,38,104,49,98" hai2="91,59,0,57,122,25,65,67,9,93,53,106,37" hai3="56,79,128,33,47,55,16,5,19,116,68,73,111"/><W11/><G116/><T7/><D123/><U127/><E112/><V72/><F106/><W119/><G119/><T75/><D75/><U92/><E3/><V45/><F72/><W1/><G68/><T30/><D130/><U109/><E129/><V29/><F122/><W90/><G33/><T95/><D124/><U101/><E127/><V115/><F115/><W63/><G111/><T15/><D69/><U14/><E109/><V96/><F0/><W70/><G70/><T114/><D40/><U35/><E135/><V8/><F67/><W83/><G128/><T58/><D114/><U89/><E76/><V131/><F131/><W13/><G90/><T23/><D15/><U126/><E126/><V113/><F113/><W78/><G78/><T50/><REACH who="0" step="1"/><D7/><REACH who="0" ten="240,190,210,350" step="2"/><U24/><E14/><V97/><F9/><W4/><G4/><T108/><D108/><U84/><E104/><V85/><F8/><W42/><REACH who="3" step="1"/><G13/><REACH who="3" ten="240,190,210,340" step="2"/><T51/><D51/><AGARI ba="0,2" hai="1,5,11,16,19,42,47,51,55,56,63,73,79,83" machi="51" ten="30,11600,0" yaku="1,1,2,1,7,1,54,1,53,0" doraHai="80" doraHaiUra="110" who="3" fromWho="0" sc="240,-116,190,0,210,0,340,136" /><INIT seed="3,1,0,5,4,86" ten="124,190,210,476" oya="3" hai0="91,37,120,90,74,81,129,60,110,29,6,19,124" hai1="79,82,123,83,2,62,59,100,36,15,77,102,10" hai2="67,78,39,87,121,116,24,127,134,128,109,7,1" hai3="112,35,101,118,117,75,76,135,25,31,41,103,96"/><W12/><G103/><N who="1" m="39466" /><E123/><V55/><F24/><W105/><G135/><T23/><D120/><U28/><E36/><V104/><F55/><W52/><G112/><T70/><D37/><U99/><E2/><V111/><F87/><W107/><G107/><T56/><D70/><U85/><E99/><V71/><F67/><W33/><G33/><T95/><D110/><U45/><E28/><V11/><F11/><W65/><G41/><T22/><D129/><U49/><E82/><V27/><F27/><W0/><G12/><T3/><D124/><U93/><E93/><V89/><F7/><W4/><G65/><T8/><D95/><U32/><E32/><V114/><F78/><W18/><G18/><T14/><D23/><U63/><E59/><V125/><F89/><W72/><G76/><T69/><D69/><U80/><E80/><V97/><F97/><W57/><G4/><T73/><D29/><U108/><E77/><V66/><F66/><W126/><G0/><T5/><D5/><N who="1" m="3535" /><E108/><V9/><F111/><W43/><G126/><T132/><D132/><U130/><E130/><V34/><F9/><W42/><G75/><AGARI ba="1,0" hai="1,34,39,71,75,104,109,114,116,121,125,127,128,134" machi="75" ten="0,32000,5" yakuman="47" doraHai="86" who="2" fromWho="3" sc="124,0,190,0,210,323,476,-323" /><INIT seed="4,0,0,2,0,112" ten="124,190,533,153" oya="0" hai0="30,93,58,66,104,71,110,76,121,21,42,13,133" hai1="50,111,107,79,103,67,89,47,46,16,61,33,36" hai2="109,19,29,64,122,68,52,88,87,108,63,35,0" hai3="4,2,25,80,15,23,34,102,115,77,28,132,32"/><T7/><D121/><U39/><E111/><V49/><F122/><W72/><G115/><T70/><D104/><U120/><E120/><V117/><F0/><W131/><G131/><T65/><D110/><U129/><E129/><V31/><F117/><W95/><G132/><T27/><D133/><U62/><E79/><V99/><F99/><W24/><G102/><T81/><D42/><U60/><E33/><V114/><F114/><W127/><G127/><T8/><D66/><U41/><E107/><V105/><F105/><W26/><G95/><T78/><D93/><U118/><E103/><V17/><F108/><W5/><G2/><T91/><D71/><N who="1" m="42471" /><E16/><V134/><F134/><W57/><G57/><T44/><D44/><U43/><E89/><V96/><F96/><W98/><G98/><T130/><D70/><U38/><E118/><V11/><F35/><W40/><G40/><T12/><D130/><U74/><E74/><V100/><F100/><W106/><G106/><T22/><D22/><U6/><E6/><V128/><F128/><W101/><G101/><T51/><D13/><U73/><E73/><V135/><F135/><W48/><G34/><T55/><REACH who="0" step="1"/><D65/><REACH who="0" ten="114,190,533,153" step="2"/><U123/><E123/><V56/><F109/><W75/><G32/><T126/><D126/><U119/><E119/><V59/><F68/><W85/><G15/><T116/><D116/><U9/><E9/><V124/><F124/><W1/><G1/><T92/><D92/><U20/><E20/><V45/><F11/><W97/><G23/><T18/><D18/><N who="2" m="6666" /><F45/><W10/><G10/><T83/><D83/><AGARI ba="0,1" hai="29,31,49,52,56,59,63,64,83,87,88" m="6666" machi="83" ten="30,7700,0" yaku="6,1,8,1,54,2" doraHai="112" who="2" fromWho="0" sc="114,-77,190,0,533,87,153,0" /><INIT seed="5,0,0,3,5,31" ten="37,190,620,153" oya="1" hai0="64,13,120,108,112,123,23,92,134,126,114,9,117" hai1="63,103,5,73,26,86,7,90,84,119,96,34,91" hai2="99,32,35,85,71,93,80,10,18,106,46,61,130" hai3="25,20,105,75,2,127,74,43,58,81,60,129,39"/><U122/><E122/><N who="0" m="46633" /><D92/><U37/><E119/><V45/><F106/><W57/><G129/><T68/><D64/><U94/><E73/><V135/><F130/><W83/><G127/><T111/><D68/><U48/><E37/><V65/><F135/><W14/><G2/><T54/><D23/><U42/><E63/><V59/><F71/><W128/><G105/><T101/><D101/><U28/><E42/><V6/><F18/><W0/><G0/><T33/><D54/><U109/><E48/><V121/><F121/><W104/><G104/><T53/><D53/><U51/><E51/><V12/><F46/><W110/><G128/><T115/><D126/><U50/><E50/><V113/><F45/><W69/><G69/><T19/><D134/><U49/><E49/><V98/><F113/><W118/><G60/><T89/><D89/><U76/><E76/><V29/><F29/><W47/><G58/><T40/><D40/><U56/><E56/><V88/><F98/><W70/><G57/><T133/><D133/><U131/><E131/><V79/><AGARI ba="0,0" hai="6,10,12,32,35,59,61,65,79,80,85,88,93,99" machi="79" ten="20,8000,1" yaku="0,1,7,1,52,2,54,1" doraHai="31" who="2" fromWho="2" sc="37,-20,190,-40,620,80,153,-20" /><INIT seed="6,0,0,4,1,0" ten="17,150,700,133" oya="2" hai0="96,124,7,88,123,126,92,41,93,103,10,45,129" hai1="9,113,44,87,40,105,63,102,75,56,72,16,11" hai2="131,4,81,33,29,110,85,117,28,97,25,39,61" hai3="99,114,106,50,122,36,128,58,2,107,83,108,104"/><V127/><F117/><W55/><G122/><T23/><D129/><U14/><E113/><V13/><F131/><W74/><G128/><T78/><D23/><U51/><E87/><V8/><F127/><W82/><G108/><T98/><D78/><U67/><REACH who="1" step="1"/><E9/><REACH who="1" ten="17,140,700,133" step="2"/><V111/><F8/><W90/><G114/><T65/><D123/><U116/><E116/><V135/><F85/><W46/><G74/><T54/><D65/><U42/><E42/><V79/><F111/><W120/><G120/><T53/><D126/><U66/><E66/><V118/><F110/><W130/><G130/><T64/><D64/><U52/><E52/><V15/><F118/><W68/><G55/><T134/><D124/><U37/><E37/><V71/><F39/><W77/><G36/><T115/><D115/><U73/><E73/><V6/><F97/><AGARI ba="0,1" hai="11,14,16,40,44,51,56,63,67,72,75,97,102,105" machi="97" ten="40,2600,0" yaku="1,1,54,1,53,0" doraHai="0" doraHaiUra="27" who="1" fromWho="2" sc="17,0,140,36,700,-26,133,0" /><INIT seed="7,0,0,4,0,90" ten="17,176,674,133" oya="3" hai0="39,3,84,47,37,104,118,12,76,36,100,73,112" hai1="63,108,29,124,23,6,115,52,26,131,74,55,75" hai2="45,85,101,1,119,50,22,105,58,127,64,121,65" hai3="4,2,66,72,109,44,93,5,135,24,113,0,27"/><W80/><G66/><T69/><D118/><U95/><E108/><V20/><F1/><W25/><G109/><T96/><D69/><U111/><E111/><V130/><F105/><W120/><G120/><T10/><D112/><U62/><E115/><V83/><F101/><W19/><G113/><T40/><D84/><U114/><E114/><V11/><F11/><W28/><G44/><T51/><D12/><U110/><E110/><V68/><F68/><W117/><G80/><T13/><D51/><U59/><E124/><V9/><F9/><W41/><G41/><T87/><D13/><U67/><E131/><V86/><F86/><W106/><G106/><T102/><D102/><U53/><E6/><N who="3" m="2666" /><G72/><T98/><D87/><U30/><E62/><V126/><F85/><W128/><G135/><T129/><D96/><U82/><E74/><V78/><F83/><W132/><G132/><T92/><D129/><U16/><REACH who="1" step="1"/><E95/><REACH who="1" ten="17,166,674,133" step="2"/><V89/><F130/><W32/><G128/><T33/><D92/><U88/><E88/><V56/><F89/><W60/><G93/><T70/><D70/><U46/><E46/><V18/><F45/><W49/><G60/><T57/><D57/><U54/><N who="1" m="13312" /><DORA hai="79" /><U134/><E134/><V116/><F58/><W94/><G94/><T34/><D39/><U48/><E48/><V31/><F50/><W133/><G49/><T43/><D37/><U103/><E103/><V99/><F56/><W14/><G133/><T61/><D61/><U71/><E71/><V123/><F126/><W77/><G117/><T122/><D122/><U81/><E81/><RYUUKYOKU ba="0,1" sc="17,-10,166,30,674,-10,133,-10" hai1="16,23,26,29,30,59,63,67,75,82" owari="7,-49.0,196,0.0,674,77.0,123,-28.0" /></mjloggm>