<mjloggm ver="2.3"><GO type="41" lobby="0"/><UN n0="%53%55%5A%55%4B%41%E2%85%A1" n1="%6F%6E%69%67%69%72%69%73" n2="%E2%93%9D%53%75%70%68%78" n3="%E5%85%89%E3%81%AE%E8%BC%9D%E3%81%8D" dan="15,14,19,13" rate="1989.29,1892.54,2215.05,1938.65" sx="M,M,M,M"/><TAIKYOKU oya="0"/><INIT seed="0,0,0,3,1,117" ten="250,250,250,250" oya="0" hai0="78,99,16,22,124,19,2,54,103,56,94,15,8" hai1="55,51,58,116,109,26,23,43,70,45,7,64,18" hai2="14,3,46,6,50,25,32,123,112,76,97,66,63" hai3="52,53,65,120,92,60,85,111,75,122,67,10,110"/><T44/><D124/><U34/><E116/><V31/><F112/><W98/><G75/><T105/><D2/><U20/><E109/><N who="3" m="41482" /><G85/><T126/><D126/><U42/><E7/><V102/><F76/><W84/><G84/><T135/><D135/><U35/><E43/><V127/><F14/><W101/><G10/><T29/><D29/><U115/><E115/><V114/><F114/><W133/><G133/><T125/><D125/><U129/><E129/><V17/><F17/><W90/><G101/><T132/><D132/><U27/><E64/><N who="3" m="24650" /><G60/><T38/><D78/><U0/><E70/><V71/><F6/><W79/><G79/><T9/><D105/><U69/><E69/><V119/><F3/><W89/><G89/><T1/><D1/><U57/><E0/><V37/><F119/><W5/><G5/><T49/><D38/><U4/><E4/><V59/><F37/><W47/><G47/><T131/><D131/><U30/><REACH who="1" step="1"/><E58/><REACH who="1" ten="250,240,250,250" step="2"/><V41/><F127/><W134/><G134/><T86/><D56/><U82/><E82/><V128/><F128/><W121/><AGARI ba="0,1" hai="52,53,90,92,98,120,121,122" m="24650,41482" machi="121" ten="40,12000,2" yaku="13,1,14,1,52,3,54,1" doraHai="117" who="3" fromWho="3" sc="250,-60,240,-30,250,-30,250,130" /><INIT seed="1,0,0,5,5,60" ten="190,210,220,380" oya="1" hai0="69,94,17,119,134,115,56,36,92,8,24,53,96" hai1="61,120,103,18,28,59,41,71,57,3,88,76,13" hai2="4,110,9,127,109,91,26,22,89,102,135,84,98" hai3="16,64,42,132,121,106,100,23,75,125,97,46,90"/><U63/><E3/><V55/><F135/><W34/><G121/><T80/><D115/><U35/><E120/><V45/><F127/><W105/><G34/><T78/><D119/><U77/><E103/><V111/><F55/><W129/><G125/><T5/><D69/><U81/><E41/><V37/><F45/><W70/><G75/><T65/><D36/><U6/><E6/><V117/><F37/><W47/><G132/><T99/><D134/><U58/><E28/><V44/><F44/><W87/><G105/><T118/><D118/><U52/><E35/><V30/><F84/><W66/><G70/><T50/><D24/><U95/><E59/><V10/><F117/><W19/><G47/><T32/><D17/><U29/><E29/><V15/><REACH who="2" step="1"/><F10/><REACH who="2" ten="190,210,210,380" step="2"/><W2/><G46/><T14/><D8/><N who="1" m="6439" /><E81/><V113/><F113/><W133/><G42/><T82/><D80/><U123/><E123/><V83/><F83/><W114/><G133/><T72/><D82/><U33/><E33/><V11/><F11/><W0/><G114/><T51/><D72/><U21/><E21/><V67/><F67/><W73/><G73/><T79/><D65/><N who="1" m="39087" /><E71/><V54/><F54/><W62/><G66/><T122/><D53/><U107/><E107/><AGARI ba="0,1" hai="4,9,15,22,26,30,89,91,98,102,107,109,110,111" machi="107" ten="40,2600,0" yaku="1,1,14,1,53,0" doraHai="60" doraHaiUra="130" who="2" fromWho="1" sc="190,0,210,-26,210,36,380,0" /><INIT seed="2,0,0,2,5,103" ten="190,184,246,380" oya="2" hai0="58,54,10,115,49,130,104,27,97,60,87,31,15" hai1="30,51,82,34,127,133,135,61,68,69,28,131,18" hai2="39,134,105,91,121,90,123,112,117,74,126,17,40" hai3="72,38,42,76,12,120,77,13,43,129,102,23,75"/><V62/><F17/><W29/><G102/><T44/><D115/><U53/><E82/><V21/><F21/><W88/><G23/><T83/><D130/><U110/><E18/><V3/><F62/><W99/><G99/><T57/><D57/><U108/><E28/><V80/><F40/><W52/><G29/><T11/><D97/><U14/><E14/><V22/><F39/><W124/><G38/><T128/><D104/><U67/><E30/><V94/><F3/><W46/><G46/><T116/><D116/><U5/><E34/><V37/><F37/><W66/><G66/><T122/><D122/><U19/><E19/><V125/><F22/><W1/><G120/><N who="2" m="46153" /><F134/><N who="1" m="51209" /><E5/><V93/><F117/><W100/><G1/><T106/><D15/><U20/><E20/><V55/><F112/><W7/><G43/><T48/><D48/><U118/><E118/><V84/><F55/><W96/><G42/><T92/><D11/><U70/><E131/><V36/><F36/><W9/><G13/><T73/><D10/><U32/><E32/><V114/><F114/><W59/><G12/><T119/><D119/><U26/><E26/><V47/><F47/><W16/><G9/><T78/><D128/><U89/><E89/><V63/><F91/><W35/><G88/><T65/><D31/><U0/><E0/><V2/><F2/><W56/><G7/><T71/><D27/><U113/><E113/><V86/><F90/><W132/><G129/><T79/><D78/><U64/><E61/><V25/><F25/><W109/><G132/><T81/><D79/><N who="3" m="30281" /><G35/><T6/><D73/><RYUUKYOKU ba="0,0" sc="190,0,184,0,246,0,380,0" /><INIT seed="3,1,0,0,1,53" ten="190,184,246,380" oya="3" hai0="39,91,6,38,98,99,116,115,44,131,27,63,31" hai1="57,47,52,64,10,121,113,36,67,122,3,95,2" hai2="11,12,56,124,65,112,109,79,32,54,26,101,58" hai3="16,74,62,30,21,105,43,133,28,87,1,18,110"/><W86/><G74/><T15/><D116/><U78/><E113/><V60/><F112/><W33/><G1/><T108/><D115/><U83/><E3/><V127/><F79/><W22/><G33/><T70/><D108/><U92/><E92/><V19/><F109/><W84/><G105/><T40/><D131/><U61/><E95/><V97/><F26/><N who="3" m="14647" /><G133/><T106/><D39/><U35/><E35/><V96/><F32/><W49/><G62/><T89/><D99/><U73/><E121/><V129/><F129/><W126/><G126/><N who="2" m="48169" /><F101/><W120/><G120/><T29/><D29/><U135/><E135/><V23/><F23/><W118/><G118/><T81/><D81/><U125/><E122/><V46/><F46/><N who="3" m="25823" /><G110/><T59/><D70/><U24/><E24/><AGARI ba="1,0" hai="16,22,24,28,30,84,86,87" m="25823,14647" machi="24" ten="30,2900,0" yaku="8,1,54,1" doraHai="53" who="3" fromWho="1" sc="190,0,184,-32,246,0,380,32" /><INIT seed="3,2,0,2,0,129" ten="190,152,246,412" oya="3" hai0="90,130,102,19,111,34,70,127,22,103,37,124,117" hai1="52,114,0,38,1,83,53,71,112,57,84,119,100" hai2="96,99,110,32,97,120,88,98,93,5,27,50,4" hai3="42,6,66,46,59,128,2,25,51,126,91,115,61"/><W40/><G115/><T104/><D34/><U29/><E71/><V135/><F110/><W3/><G128/><T36/><D70/><U41/><E119/><V8/><F120/><W86/><G126/><N who="0" m="48171" /><D117/><U75/><E100/><N who="0" m="38441" /><D104/><U89/><E53/><V80/><F135/><W20/><G40/><T18/><D130/><U68/><E68/><V67/><F67/><W85/><G6/><T43/><D43/><U44/><E29/><V49/><F5/><W48/><G48/><T39/><D111/><U116/><E116/><V12/><REACH who="2" step="1"/><F80/><REACH who="2" ten="190,152,236,412" step="2"/><W55/><G66/><T21/><D90/><U121/><E121/><V35/><F35/><W87/><G91/><T47/><D47/><U56/><E112/><V7/><F7/><W31/><AGARI ba="2,1" hai="2,3,20,25,31,42,46,51,55,59,61,85,86,87" machi="31" ten="30,1500,0" yaku="0,1" doraHai="129" who="3" fromWho="3" sc="190,-7,152,-7,236,-7,412,31" /><INIT seed="3,3,0,1,5,133" ten="183,145,229,443" oya="3" hai0="45,121,117,9,0,92,95,86,65,130,55,5,18" hai1="3,128,47,1,73,36,8,39,10,75,123,135,68" hai2="13,125,38,16,51,50,52,79,25,134,28,12,29" hai3="97,91,34,102,63,104,129,115,23,62,94,21,109"/><W77/><G115/><T120/><D117/><U70/><E47/><V58/><F38/><W14/><G34/><T41/><D130/><U7/><E135/><V74/><F134/><W53/><G129/><T105/><D105/><U26/><E26/><V24/><F125/><W126/><G109/><T87/><D65/><U99/><E99/><V4/><F74/><N who="1" m="28169" /><E128/><V118/><F79/><W108/><G77/><T76/><D55/><U48/><E48/><V90/><F118/><W100/><G126/><T22/><D120/><U78/><E78/><V85/><F51/><W131/><G108/><T44/><D44/><U31/><E31/><N who="2" m="11851" /><F13/><W32/><G32/><T114/><D114/><U35/><E35/><V27/><F4/><W49/><G102/><T93/><D76/><U11/><E123/><V113/><F113/><W67/><G14/><T66/><D66/><U122/><E122/><V46/><F46/><W64/><G64/><T107/><D107/><U54/><E54/><V106/><F106/><W112/><G112/><T98/><D98/><U69/><E7/><V103/><F103/><W61/><G67/><T81/><D81/><U116/><E116/><V88/><F85/><W6/><G6/><T124/><D121/><U42/><E42/><V40/><F40/><W119/><G119/><T71/><D71/><U127/><E127/><V101/><F101/><W17/><G131/><T80/><D124/><U96/><E96/><V56/><F56/><N who="3" m="32815" /><G17/><T89/><D80/><U83/><E83/><V57/><F57/><W60/><N who="3" m="15360" /><DORA hai="59" /><W30/><G30/><T15/><D87/><AGARI ba="3,0" hai="21,23,87,91,94,97,100,104" m="15360,32815" machi="87" ten="40,12000,1" yaku="6,1,52,4" doraHai="133,59" who="3" fromWho="0" sc="183,-129,145,0,229,0,443,129" /><INIT seed="3,4,0,5,4,80" ten="54,145,229,572" oya="3" hai0="106,118,27,61,2,0,33,35,34,74,15,56,28" hai1="82,78,105,16,93,17,64,30,40,54,53,36,12" hai2="57,115,123,109,90,122,26,98,131,135,87,77,52" hai3="133,100,67,92,1,49,39,104,85,126,22,43,65"/><W10/><G39/><T37/><D118/><U6/><E105/><V69/><F115/><W99/><G126/><T96/><D74/><U44/><E30/><V75/><F69/><W21/><G1/><N who="0" m="619" /><D37/><U62/><E93/><V91/><F109/><W114/><G114/><T120/><D106/><U68/><E6/><V127/><F131/><W19/><G104/><T72/><D72/><U113/><E113/><V18/><F135/><W20/><G133/><T5/><D96/><U32/><E32/><N who="0" m="12393" /><D56/><U112/><E17/><V76/><F75/><W31/><G85/><T66/><D61/><U125/><E125/><V29/><F98/><W108/><G49/><T95/><D95/><U119/><E119/><V46/><F127/><W58/><G43/><T48/><D48/><U38/><E38/><V86/><F57/><W116/><G58/><T3/><N who="0" m="627" /><T110/><DORA hai="73" /><D66/><U45/><E45/><V107/><F46/><W70/><G67/><T50/><D50/><U13/><E112/><V129/><F107/><W25/><G65/><T9/><D110/><U121/><E121/><V111/><F111/><W84/><G70/><T117/><D117/><U132/><E132/><V47/><F47/><W102/><G102/><T23/><D120/><U63/><E63/><V124/><F124/><W59/><G59/><T103/><D103/><U41/><E41/><V130/><F123/><W60/><G60/><T94/><D94/><U51/><E36/><V83/><F122/><W14/><G108/><T79/><D79/><U4/><E68/><V42/><F42/><W128/><G116/><RYUUKYOKU ba="4,0" sc="54,30,145,-10,229,-10,572,-10" hai0="5,9,15,23,27,28,35" /><INIT seed="4,5,0,1,3,22" ten="84,135,219,562" oya="0" hai0="118,113,62,107,112,10,131,51,40,38,135,73,3" hai1="122,133,2,93,27,70,39,33,58,13,97,67,54" hai2="103,11,19,68,86,9,45,64,4,76,41,61,94" hai3="47,130,100,106,32,56,92,16,81,0,21,109,6"/><T55/><D73/><U127/><E2/><V31/><F31/><W115/><G106/><T15/><D107/><U101/><E122/><V91/><F103/><W129/><G32/><T99/><D118/><U44/><E133/><V114/><F114/><N who="0" m="44138" /><D135/><U124/><E13/><V74/><F19/><W71/><G71/><T90/><D3/><U25/><E33/><V128/><F128/><W26/><G109/><T84/><D131/><N who="3" m="50185" /><G47/><N who="0" m="23959" /><D62/><U98/><E98/><V125/><F74/><W59/><G81/><N who="0" m="49423" /><D99/><U48/><E67/><V12/><F64/><W66/><G66/><T36/><D36/><U132/><E70/><V20/><F68/><W28/><G115/><T102/><D102/><U5/><E132/><V37/><F37/><W69/><G69/><T78/><D78/><U34/><E34/><V96/><F76/><W24/><G100/><T30/><D30/><U123/><E123/><V49/><F96/><W75/><G75/><T65/><D65/><U88/><E101/><V119/><F119/><W53/><G92/><T108/><D108/><U85/><E97/><V104/><F104/><W87/><G87/><T29/><D29/><U126/><E5/><V117/><F4/><W8/><G53/><T83/><D83/><U105/><E105/><V18/><F117/><W116/><G116/><T60/><D60/><N who="1" m="35927" /><E39/><V80/><F80/><W35/><AGARI ba="5,0" hai="0,6,8,16,21,24,26,28,35,56,59" m="50185" machi="35" ten="30,7900,0" yaku="19,1,52,2,54,1" doraHai="22" who="3" fromWho="3" sc="84,-44,135,-25,219,-25,562,94" /><INIT seed="5,0,0,0,5,0" ten="40,110,194,656" oya="1" hai0="61,87,77,33,107,46,127,31,5,35,1,101,68" hai1="104,114,124,10,32,26,113,58,95,96,13,25,135" hai2="48,111,132,100,93,57,11,14,117,121,131,128,109" hai3="134,116,28,29,94,75,27,85,47,130,72,103,53"/><U74/><E74/><V8/><F121/><W110/><G110/><T105/><D127/><U126/><E104/><V102/><F117/><W97/><G130/><N who="2" m="49705" /><F11/><W3/><G3/><T119/><D119/><U55/><E135/><V19/><F132/><W6/><G29/><T56/><D68/><U133/><E133/><V42/><F93/><W15/><G116/><T99/><D105/><U92/><E32/><V123/><F123/><W88/><G53/><T129/><D31/><U71/><E71/><V45/><F57/><W89/><G47/><T91/><D77/><U50/><E95/><V51/><F51/><W120/><G120/><T37/><D46/><U76/><E76/><V112/><F112/><N who="1" m="43113" /><E126/><V62/><F62/><W24/><G89/><T106/><D106/><U108/><E108/><AGARI ba="0,0" hai="8,14,19,42,45,48,100,102,108,109,111" m="49705" machi="108" ten="30,1000,0" yaku="19,1" doraHai="0" who="2" fromWho="1" sc="40,0,110,-10,194,10,656,0" /><INIT seed="6,0,0,5,2,55" ten="40,100,204,656" oya="2" hai0="76,103,65,4,31,10,70,77,20,135,89,13,30" hai1="119,66,64,110,132,109,78,98,99,83,0,68,111" hai2="73,56,24,9,129,120,86,105,75,21,28,133,114" hai3="58,118,79,7,15,60,102,50,67,122,14,74,131"/><V92/><F120/><W54/><G122/><T47/><D135/><U100/><E0/><V33/><F105/><W113/><G118/><T84/><D103/><U18/><E119/><V121/><F129/><W52/><G131/><T8/><D47/><U93/><E132/><V85/><F114/><W128/><G128/><T127/><D127/><U23/><E68/><V40/><F33/><W97/><G113/><T61/><D10/><U112/><E112/><V1/><F75/><W25/><G74/><T134/><D134/><U126/><E126/><V17/><F40/><W53/><G79/><T43/><D43/><U12/><REACH who="1" step="1"/><E98/><REACH who="1" ten="40,90,204,656" step="2"/><V37/><F1/><W90/><G97/><T116/><D116/><U51/><E51/><V36/><F36/><W3/><G50/><T80/><REACH who="0" step="1"/><D31/><REACH who="0" ten="30,90,204,656" step="2"/><U91/><E91/><V88/><F28/><W57/><G90/><T95/><D95/><U94/><E94/><V117/><F92/><W5/><G102/><T6/><D6/><U107/><E107/><V123/><F117/><W38/><G7/><T2/><D2/><U96/><E96/><V35/><F133/><W69/><G5/><T71/><D71/><U130/><E130/><V72/><F123/><W115/><G3/><T32/><D32/><U19/><E19/><V101/><F35/><W124/><G124/><T16/><D16/><U42/><E42/><V82/><F121/><W81/><G115/><T34/><D34/><U29/><E29/><V27/><F17/><W44/><G69/><T108/><D108/><U104/><E104/><V41/><F41/><W125/><G125/><RYUUKYOKU ba="0,2" sc="30,15,90,15,204,-15,656,-15" hai0="4,8,13,20,30,61,65,70,76,77,80,84,89" hai1="12,18,23,64,66,78,83,93,99,100,109,110,111" /><INIT seed="7,1,2,4,4,67" ten="45,105,189,641" oya="3" hai0="73,43,103,71,0,94,105,114,124,45,66,46,125" hai1="28,5,109,48,92,90,12,126,54,104,135,82,128" hai2="112,131,53,132,87,52,102,95,80,32,133,113,37" hai3="130,40,121,122,93,15,77,78,9,29,11,6,17"/><W120/><G130/><T91/><D0/><U119/><E104/><V96/><F37/><W42/><G29/><T51/><D73/><U100/><E109/><V22/><F22/><W97/><G42/><T23/><D103/><U79/><E128/><V31/><F131/><W30/><G30/><T75/><D105/><U19/><E135/><N who="2" m="51787" /><F31/><W106/><G40/><T27/><D75/><U25/><E119/><V85/><F32/><W60/><G60/><T65/><D65/><U134/><E126/><V47/><F87/><W24/><G106/><T14/><D14/><U70/><E70/><V123/><F123/><W13/><REACH who="3" step="1"/><G24/><REACH who="3" ten="45,105,189,631" step="2"/><T84/><D114/><U83/><E134/><V18/><F113/><W74/><G74/><T110/><D110/><U44/><E28/><V8/><F112/><W55/><G55/><T99/><D46/><U39/><E25/><V63/><F47/><W38/><G38/><T10/><D10/><U20/><E39/><V101/><F63/><W72/><G72/><T21/><D99/><U118/><E118/><V56/><F53/><W129/><G129/><T58/><D58/><U116/><E116/><V34/><F56/><W57/><G57/><T89/><D89/><AGARI ba="1,3" hai="6,9,11,13,15,17,77,78,89,93,97,120,121,122" machi="89" ten="40,2000,0" yaku="1,1,53,0" doraHai="67" doraHaiUra="115" who="3" fromWho="0" sc="45,-23,105,0,189,0,631,53" owari="22,-48.0,105,-29.0,189,-1.0,684,78.0" /></mjloggm>