<mjloggm ver="2.3"><GO type="41" lobby="0"/><UN n0="%73%69%73%69%6B%6F%74%6F" n1="%E2%93%9D%53%75%70%68%78" n2="%6B%65%76%69%6E%38%38%38" n3="%E3%81%B0%E3%82%93%E3%82%8A%E3%82%93%E3%81%90" dan="14,19,14,13" rate="1890.15,2221.87,1954.59,1845.17" sx="M,M,M,M"/><TAIKYOKU oya="0"/><INIT seed="0,0,0,1,4,124" ten="250,250,250,250" oya="0" hai0="101,76,38,113,91,77,115,135,68,125,1,40,129" hai1="83,13,56,120,57,74,46,70,128,95,67,35,2" hai2="75,17,48,7,49,126,47,59,43,108,23,97,104" hai3="92,69,31,14,86,39,21,11,99,51,25,27,52"/><T100/><D68/><U121/><E2/><V16/><F108/><W6/><G69/><T102/><D1/><U90/><E35/><V55/><F126/><W28/><G39/><T4/><D4/><U118/><E118/><V119/><F119/><W42/><G86/><T41/><D125/><U130/><E46/><V73/><F7/><W60/><G60/><T0/><D0/><U82/><E13/><V9/><F9/><W62/><G62/><T78/><D38/><U72/><E70/><V107/><F17/><W45/><G27/><T37/><D37/><U30/><E95/><V8/><F8/><W34/><G34/><T93/><D135/><U29/><E90/><V109/><F109/><W112/><G112/><T96/><REACH who="0" step="1"/><D129/><REACH who="0" ten="240,250,250,250" step="2"/><U79/><REACH who="1" step="1"/><E79/><REACH who="1" ten="240,240,250,250" step="2"/><V98/><F104/><W106/><G106/><T50/><D50/><U54/><E54/><V127/><F127/><W53/><REACH who="3" step="1"/><G31/><REACH who="3" ten="240,240,250,240" step="2"/><T58/><D58/><U26/><E26/><V94/><F107/><W132/><G132/><T103/><N who="0" m="25600" /><DORA hai="20" /><T89/><D89/><AGARI ba="0,3" hai="6,11,14,21,25,28,42,45,51,52,53,89,92,99" machi="89" ten="30,8000,1" yaku="1,1,7,1,8,1,52,1,54,1,53,0" doraHai="124,20" doraHaiUra="71,133" who="3" fromWho="0" sc="240,-80,240,0,250,0,240,110" /><INIT seed="1,0,0,3,3,88" ten="160,240,250,350" oya="1" hai0="100,127,7,97,109,45,117,70,110,96,60,77,95" hai1="122,131,114,54,48,99,134,87,91,23,31,21,52" hai2="129,26,44,37,16,34,135,71,29,82,38,47,65" hai3="36,107,67,73,42,3,64,1,76,51,89,68,28"/><U130/><E114/><V116/><F116/><W6/><G107/><T119/><D7/><U94/><E122/><V10/><F135/><W9/><G3/><T41/><D127/><U125/><E134/><V66/><F129/><N who="1" m="49161" /><E125/><V13/><F71/><W32/><G68/><T8/><D8/><U90/><E31/><V93/><F82/><W33/><G51/><T19/><D19/><U0/><E0/><V17/><F44/><W104/><G104/><T49/><D77/><U14/><E14/><V98/><F17/><W121/><G121/><T83/><D83/><N who="1" m="49535" /><E54/><V133/><F133/><W35/><G64/><N who="0" m="41223" /><D97/><U15/><E15/><V24/><F26/><N who="3" m="18455" /><G67/><T72/><D72/><U20/><E20/><V22/><F34/><W113/><G89/><T128/><D128/><U105/><E105/><V102/><REACH who="2" step="1"/><F38/><REACH who="2" ten="160,240,240,350" step="2"/><W30/><G30/><T75/><D119/><U108/><E108/><N who="0" m="41577" /><D117/><U11/><E11/><V78/><F78/><W106/><G113/><T58/><D75/><U56/><AGARI ba="0,1" hai="21,23,48,52,56,91,94,99" m="49535,49161" machi="56" ten="30,6000,0" yaku="19,1,52,1,54,1" doraHai="88" who="1" fromWho="1" sc="160,-20,240,70,240,-20,350,-20" /><INIT seed="1,1,0,2,5,133" ten="140,310,220,330" oya="1" hai0="94,78,69,46,53,115,71,49,95,76,9,48,124" hai1="107,1,19,83,28,12,113,67,84,130,14,11,92" hai2="15,51,40,111,91,128,8,54,24,52,119,17,129" hai3="68,120,29,125,18,6,110,79,132,50,121,117,60"/><U96/><E113/><V63/><F119/><W131/><G79/><T100/><D115/><U47/><E107/><V39/><F111/><W13/><G6/><T98/><D71/><U21/><E130/><N who="2" m="50283" /><F39/><W122/><G29/><T85/><D69/><U32/><E1/><V135/><F135/><W43/><G18/><T59/><D9/><U33/><E67/><V75/><F75/><W114/><G13/><T104/><D104/><U30/><E33/><V5/><F91/><W57/><G117/><T66/><D66/><U109/><E32/><V7/><F63/><W118/><G118/><T89/><REACH who="0" step="1"/><D124/><REACH who="0" ten="130,310,220,330" step="2"/><U105/><E105/><V81/><F81/><W56/><G114/><T73/><D73/><U0/><E109/><V72/><F72/><W108/><G125/><T42/><AGARI ba="1,1" hai="42,46,48,49,53,59,76,78,85,89,94,95,98,100" machi="42" ten="20,8000,1" yaku="1,1,0,1,7,1,8,1,53,1" doraHai="133" doraHaiUra="38" who="0" fromWho="0" sc="130,93,310,-41,220,-21,330,-21" /><INIT seed="2,0,0,0,2,135" ten="223,269,199,309" oya="2" hai0="131,59,52,101,120,95,97,28,117,87,108,41,80" hai1="115,6,49,45,73,128,130,14,134,68,111,42,93" hai2="122,20,26,91,38,124,36,31,7,63,13,89,46" hai3="109,12,35,96,4,126,132,64,85,30,50,18,27"/><V9/><F122/><W10/><G109/><T8/><D120/><U99/><E115/><V75/><F75/><W125/><G64/><T3/><D117/><U118/><E118/><V11/><F124/><N who="3" m="47723" /><G96/><T37/><D108/><U100/><E134/><V60/><F11/><N who="3" m="6431" /><G85/><T102/><D41/><U104/><E73/><V1/><F46/><W40/><G132/><T74/><D74/><U116/><E104/><V24/><F24/><W84/><G84/><T105/><D37/><U19/><E111/><V32/><F60/><W88/><G88/><N who="2" m="33865" /><F63/><W33/><G50/><T127/><D127/><U53/><E49/><V82/><F82/><W121/><G40/><T17/><D105/><U112/><E42/><V78/><F78/><W98/><G98/><T86/><D102/><U54/><E100/><V92/><F92/><W43/><G43/><T106/><D106/><U66/><E93/><V5/><F5/><W67/><G67/><T34/><D80/><U57/><E66/><V61/><F61/><W133/><G133/><T83/><D83/><U72/><E116/><V119/><F119/><W44/><G44/><T123/><D123/><U2/><E45/><V48/><F48/><W65/><G65/><T58/><D58/><U77/><E57/><V70/><F70/><W129/><G129/><T71/><D71/><U81/><E68/><V110/><F110/><W47/><G47/><T16/><D131/><U113/><E130/><V79/><F79/><W21/><G121/><T103/><D103/><U62/><E128/><V29/><F29/><W90/><G90/><T39/><D39/><RYUUKYOKU ba="0,0" sc="223,-15,269,-15,199,15,309,15" hai2="1,7,9,13,20,26,31,32,36,38" hai3="4,10,21,27,30,33,35" /><INIT seed="2,1,0,0,2,86" ten="208,254,214,324" oya="2" hai0="15,50,100,21,17,77,108,82,76,97,68,24,45" hai1="1,129,60,132,28,23,63,14,57,19,26,67,32" hai2="56,38,4,81,34,22,102,78,87,116,79,36,99" hai3="122,111,8,47,84,134,3,31,117,6,118,101,114"/><V133/><F116/><N who="3" m="44651" /><G101/><T125/><D68/><U10/><E129/><V88/><F133/><W131/><G84/><T85/><D125/><U72/><E72/><V46/><F34/><W33/><G47/><T43/><D108/><U83/><E132/><V130/><F130/><W115/><G122/><T75/><D75/><U96/><E83/><V89/><F36/><W123/><G123/><T25/><REACH who="0" step="1"/><D77/><REACH who="0" ten="198,254,214,324" step="2"/><U66/><E66/><V12/><F78/><W51/><G111/><T74/><D74/><U69/><E69/><V37/><F56/><W54/><G134/><T121/><D121/><U20/><E57/><V62/><F46/><W106/><G131/><T119/><D119/><U124/><E67/><V64/><F79/><W16/><G106/><AGARI ba="1,1" hai="15,17,21,24,25,43,45,50,76,82,85,97,100,106" machi="106" ten="30,2000,0" yaku="1,1,7,1,53,0" doraHai="86" doraHaiUra="0" who="0" fromWho="3" sc="198,33,254,0,214,0,324,-23" /><INIT seed="3,0,0,2,2,0" ten="231,254,214,301" oya="3" hai0="46,50,86,102,121,68,115,63,125,13,129,62,34" hai1="8,74,5,65,77,81,79,69,117,39,66,99,94" hai2="10,58,52,31,36,1,133,48,70,56,4,110,42" hai3="84,108,96,97,130,95,112,73,22,72,20,57,16"/><W30/><G112/><T127/><D34/><U82/><E117/><V114/><F70/><W85/><G108/><T64/><D102/><U32/><E32/><V11/><F114/><W21/><G30/><T51/><D86/><U109/><E39/><V118/><F133/><W15/><G73/><T14/><D14/><U40/><E40/><V92/><F118/><W59/><G72/><T126/><D13/><U124/><E124/><V131/><F131/><W132/><G132/><T100/><D100/><U9/><E69/><V128/><F128/><W89/><G130/><T90/><D90/><U2/><E9/><V91/><F110/><W113/><G113/><T61/><D115/><U24/><E24/><V122/><F122/><W88/><G96/><T47/><D121/><U43/><E43/><V111/><F111/><W93/><REACH who="3" step="1"/><G97/><REACH who="3" ten="231,254,214,291" step="2"/><T17/><D129/><U53/><E109/><V106/><F31/><W60/><G60/><N who="0" m="23147" /><D17/><U78/><E74/><V49/><F106/><W105/><G105/><T41/><D46/><U101/><E99/><V7/><F91/><W123/><G123/><T37/><AGARI ba="0,1" hai="37,41,47,50,51,63,64,68,125,126,127" m="23147" machi="37" ten="40,5200,0" yaku="18,1,34,2" doraHai="0" who="0" fromWho="0" sc="231,62,254,-13,214,-13,291,-26" /><INIT seed="4,0,0,3,5,69" ten="293,241,201,265" oya="0" hai0="68,5,23,45,106,131,135,16,80,35,12,86,113" hai1="105,38,56,72,18,110,65,103,81,20,54,133,10" hai2="126,108,58,36,96,47,79,134,4,43,57,122,118" hai3="7,120,90,39,6,85,3,33,2,48,100,82,84"/><T51/><D68/><U87/><E110/><V9/><F122/><W0/><G33/><T66/><D106/><U64/><E72/><V25/><F118/><W40/><G120/><T13/><D35/><U30/><E133/><V50/><F134/><W94/><G100/><T44/><D135/><U111/><E38/><V8/><F108/><W97/><G48/><T28/><D131/><U128/><E128/><V74/><F126/><W70/><G70/><T41/><D113/><U62/><E111/><V11/><F96/><W121/><G121/><T32/><D66/><U116/><E116/><V55/><F58/><W101/><REACH who="3" step="1"/><G85/><REACH who="3" ten="293,241,201,255" step="2"/><T22/><D32/><U91/><E103/><V21/><F74/><W76/><G76/><T95/><D51/><U42/><E87/><V29/><REACH who="2" step="1"/><F79/><REACH who="2" ten="293,241,191,255" step="2"/><W19/><G19/><T26/><D41/><U59/><E42/><V77/><F77/><W130/><G130/><T132/><D132/><U117/><E18/><V53/><F53/><W17/><G17/><T127/><D127/><U67/><E54/><V88/><F88/><W114/><G114/><T107/><D5/><AGARI ba="0,2" hai="4,5,8,9,11,21,25,29,36,43,47,50,55,57" machi="5" ten="40,2600,0" yaku="1,1,52,1,53,0" doraHai="69" doraHaiUra="63" who="2" fromWho="0" sc="293,-26,241,0,191,46,255,0" /><INIT seed="5,0,0,3,2,62" ten="267,241,237,255" oya="1" hai0="89,81,94,112,97,82,1,123,132,11,98,113,25" hai1="12,116,129,92,14,85,5,23,133,58,49,78,19" hai2="105,21,120,103,22,72,93,70,127,31,20,7,108" hai3="4,56,79,35,10,114,95,106,74,43,51,63,45"/><U131/><E116/><V8/><F120/><W77/><G35/><T33/><D123/><U69/><E69/><V50/><F127/><W2/><G106/><T99/><D33/><U80/><E133/><V128/><F108/><W107/><G107/><T86/><D25/><U46/><E58/><V13/><F72/><W100/><G114/><N who="0" m="44139" /><D11/><U71/><E71/><V135/><F128/><W130/><G130/><T24/><D24/><U66/><E66/><V32/><F70/><W111/><G111/><T27/><D27/><U91/><E5/><V90/><F105/><W52/><G74/><T125/><D1/><U9/><E14/><V38/><F135/><W134/><G134/><T65/><D65/><U40/><REACH who="1" step="1"/><E23/><REACH who="1" ten="267,231,237,255" step="2"/><V115/><F22/><W41/><G41/><T64/><D64/><U15/><E15/><V68/><F21/><W44/><G45/><T6/><D6/><U118/><E118/><V117/><F20/><W30/><G30/><T36/><D132/><U48/><E48/><V55/><F13/><W101/><REACH who="3" step="1"/><G101/><REACH who="3" ten="267,231,237,245" step="2"/><N who="0" m="60599" /><D36/><U39/><E39/><V67/><F31/><W76/><G76/><T34/><D34/><U60/><E60/><V121/><F90/><W102/><G102/><T83/><D125/><U0/><E0/><V110/><F110/><W84/><G84/><AGARI ba="0,2" hai="9,12,19,40,46,49,78,80,84,85,91,92,129,131" machi="84" ten="40,3900,0" yaku="1,1,53,1" doraHai="62" doraHaiUra="73" who="1" fromWho="3" sc="267,0,231,59,237,0,245,-39" /><INIT seed="5,1,0,0,2,11" ten="267,290,237,206" oya="1" hai0="116,22,50,113,118,67,124,62,128,100,89,29,6" hai1="123,49,135,112,80,2,19,97,69,90,75,0,72" hai2="129,38,46,94,21,105,84,20,18,82,77,28,14" hai3="33,61,106,12,120,63,71,102,57,92,24,54,43"/><U81/><E123/><V96/><F105/><W3/><G3/><T41/><D100/><U23/><E69/><V15/><F129/><W98/><G43/><T130/><D89/><U104/><E112/><V121/><F121/><W66/><G120/><T73/><D73/><U114/><E135/><V93/><F94/><W103/><G103/><T40/><D6/><U115/><E49/><V133/><F133/><W39/><G39/><T107/><D107/><U65/><E65/><V59/><F59/><W5/><G92/><T31/><D22/><U45/><E45/><V7/><F28/><N who="3" m="19591" /><G5/><T4/><D4/><U26/><E104/><V86/><F84/><W17/><G17/><T78/><D78/><U119/><E75/><V74/><F74/><W122/><G122/><T88/><D118/><U42/><E119/><V1/><F1/><W131/><G131/><T101/><D116/><U8/><E72/><V85/><F86/><W55/><G55/><T110/><D67/><U25/><E115/><V134/><F134/><W76/><G76/><T30/><D101/><U109/><E114/><V125/><F125/><W34/><G34/><T36/><D113/><U60/><E2/><V32/><F32/><W79/><G79/><T48/><D130/><U9/><E0/><V111/><F111/><W68/><G68/><T27/><D110/><U16/><E109/><V44/><F38/><W95/><G95/><T70/><D36/><U47/><E42/><N who="0" m="16489" /><D128/><U127/><E127/><V99/><F96/><W126/><G126/><T91/><D124/><U132/><E132/><V64/><F99/><RYUUKYOKU ba="1,0" sc="267,-10,290,-10,237,-10,206,30" hai3="12,54,57,61,63,66,71,98,102,106" /><INIT seed="6,2,0,0,4,22" ten="257,280,227,236" oya="2" hai0="42,19,85,26,128,11,77,120,7,47,51,76,102" hai1="55,58,5,96,131,122,121,125,45,49,52,27,105" hai2="37,126,129,6,53,24,17,2,88,16,119,64,132" hai3="104,29,89,68,60,118,115,50,87,98,73,32,63"/><V133/><F119/><W0/><G73/><T43/><D120/><N who="1" m="46187" /><E131/><V3/><F37/><W90/><G0/><N who="2" m="41" /><F64/><N who="3" m="40967" /><G63/><T106/><D128/><U10/><E125/><V123/><F123/><W107/><G115/><T81/><D106/><U23/><E96/><V99/><F126/><W38/><G38/><T15/><D102/><U110/><E110/><V36/><F36/><W130/><G130/><T134/><D134/><N who="2" m="51818" /><F129/><W116/><G50/><T75/><D75/><U80/><E105/><V103/><F6/><W72/><G72/><T78/><D43/><N who="1" m="24767" /><E58/><V20/><F53/><W66/><G66/><T92/><D92/><U1/><E80/><V117/><F117/><W21/><G107/><T33/><REACH who="0" step="1"/><D19/><AGARI ba="2,0" hai="1,5,10,19,23,27,52,55" m="24767,46187" machi="19" ten="30,3900,0" yaku="13,1,52,1,54,1" doraHai="22" who="1" fromWho="0" sc="257,-45,280,45,227,0,236,0" /><INIT seed="7,0,0,3,3,18" ten="212,325,227,236" oya="3" hai0="69,100,21,88,16,13,103,104,79,40,70,30,75" hai1="110,108,125,57,66,29,119,97,109,32,24,120,22" hai2="93,73,85,122,105,26,2,35,83,0,10,114,94" hai3="82,17,33,19,98,68,7,6,99,113,128,53,67"/><W36/><G36/><T96/><D103/><U48/><E120/><V129/><F105/><W95/><G33/><T91/><D40/><U14/><E125/><V81/><F114/><W12/><G68/><T121/><D121/><U87/><E87/><V106/><F106/><W51/><G67/><T39/><D39/><U134/><E134/><V90/><F122/><W34/><G34/><T123/><D123/><U1/><E1/><V27/><F129/><W63/><G113/><T102/><D102/><U58/><E119/><V132/><F132/><W20/><G63/><T55/><D55/><U124/><E124/><V59/><F35/><W8/><G82/><T117/><D117/><U31/><E97/><V133/><F133/><W15/><G128/><T4/><D4/><U49/><E66/><V130/><F130/><W78/><G78/><T43/><D43/><U118/><E118/><V44/><F44/><W62/><G62/><T52/><D30/><U11/><E31/><V80/><F73/><W54/><G54/><T115/><D115/><U126/><E126/><V45/><F45/><W61/><G61/><T127/><D127/><U74/><E74/><V23/><F59/><N who="1" m="22537" /><E32/><V28/><F94/><W25/><G95/><T76/><D52/><U135/><E135/><V101/><F101/><W37/><G37/><T56/><D56/><U64/><E64/><V3/><F27/><W72/><G72/><T112/><D112/><U47/><E47/><V86/><F86/><W77/><G77/><N who="0" m="29771" /><D75/><U89/><E89/><V131/><F131/><W5/><G15/><T92/><D104/><RYUUKYOKU ba="0,0" sc="212,0,325,0,227,0,236,0" hai0="13,16,21,69,70,88,91,92,96,100" hai1="11,14,22,24,29,48,49,108,109,110" hai2="0,2,3,10,23,26,28,80,81,83,85,90,93" hai3="5,6,7,8,12,17,19,20,25,51,53,98,99" /><INIT seed="7,1,0,3,5,65" ten="212,325,227,236" oya="3" hai0="23,33,125,72,47,121,91,130,94,83,76,105,95" hai1="127,30,38,48,123,128,56,92,19,81,64,58,114" hai2="43,24,101,2,96,4,102,111,131,69,79,32,22" hai3="7,17,85,82,35,87,97,75,54,53,10,99,57"/><W115/><G35/><T67/><D121/><U90/><E38/><V59/><F131/><W129/><G115/><T12/><D33/><U36/><E127/><V8/><F111/><W26/><G75/><T21/><D105/><U135/><E135/><V133/><F133/><W132/><G132/><T113/><D113/><U52/><E36/><V11/><F79/><W110/><G129/><T44/><D125/><U51/><E30/><V46/><F8/><W108/><G26/><T40/><D130/><U112/><E123/><V29/><F59/><W20/><G20/><T34/><D34/><U63/><E81/><V107/><F102/><W41/><G41/><T80/><D47/><U25/><E128/><V42/><F69/><W84/><G17/><T134/><D134/><U109/><E109/><N who="3" m="42090" /><G82/><T103/><D67/><U28/><E19/><V70/><F70/><W68/><G68/><T0/><D0/><U55/><E25/><V88/><F46/><W14/><G54/><T106/><D83/><U60/><E28/><V116/><F116/><W124/><G124/><T122/><D122/><U78/><E114/><V62/><F62/><AGARI ba="1,0" hai="7,10,14,53,57,62,84,85,87,97,99" m="42090" machi="62" ten="30,1500,0" yaku="10,1" doraHai="65" who="3" fromWho="2" sc="212,0,325,0,227,-18,236,18" /><INIT seed="7,2,0,0,2,18" ten="212,325,209,254" oya="3" hai0="2,43,45,48,22,90,129,79,0,96,8,116,19" hai1="118,124,71,131,26,30,83,98,106,121,94,73,87" hai2="53,105,27,70,109,11,38,117,115,33,132,111,113" hai3="80,51,31,36,24,32,35,122,93,81,52,16,75"/><W107/><G36/><T44/><D116/><U88/><E71/><V60/><F105/><W17/><G107/><T99/><D129/><U7/><E121/><V47/><F132/><W135/><G122/><T29/><D79/><U23/><E124/><V128/><F117/><W14/><G35/><T95/><D29/><U12/><E131/><V5/><F128/><W55/><G55/><T126/><D126/><U42/><E73/><V66/><F33/><W103/><G75/><T10/><D0/><U50/><E106/><V82/><F27/><W130/><G135/><T97/><D45/><N who="1" m="25911" /><E118/><V85/><F85/><W37/><G17/><T68/><D68/><U100/><E12/><V6/><F82/><W57/><G37/><T54/><D43/><U28/><E7/><N who="2" m="2571" /><F11/><N who="0" m="4138" /><D2/><U92/><E30/><V58/><F47/><W114/><G130/><T67/><D67/><U112/><E112/><N who="2" m="43083" /><F38/><W127/><G114/><T119/><D119/><U59/><E83/><V134/><F134/><W3/><G3/><T69/><D69/><U62/><E59/><V77/><F77/><W4/><G4/><T108/><D108/><U65/><E65/><V125/><F125/><W41/><G127/><T61/><D61/><AGARI ba="2,0" hai="23,26,28,61,62,87,88,92,94,98,100" m="25911" machi="61" ten="30,3900,0" yaku="8,1,52,1,54,1" doraHai="18" who="1" fromWho="0" sc="212,-45,325,45,209,0,254,0" /><AGARI ba="2,0" hai="53,58,60,61,66,70,109,111" m="43083,2571" machi="61" ten="30,1000,0" yaku="15,1" doraHai="18" who="2" fromWho="0" sc="167,-10,370,0,209,10,254,0" owari="157,-34.0,370,47.0,219,-18.0,254,5.0" /></mjloggm>