<mjloggm ver="2.3"><GO type="41" lobby="0"/><UN n0="%E3%83%9D%E3%83%BC%E3%82%B8%E3%83%BC" n1="%6E%65%31%33%36%35" n2="%E3%83%91%E3%83%B3%E3%80%82" n3="%E2%93%9D%53%75%70%68%78" dan="14,14,15,19" rate="1900.97,1922.55,1981.41,2213.88" sx="M,M,M,M"/><TAIKYOKU oya="0"/><INIT seed="0,0,0,2,5,61" ten="250,250,250,250" oya="0" hai0="86,10,110,126,36,95,102,34,51,11,52,68,120" hai1="80,127,74,88,69,54,87,49,3,83,115,33,116" hai2="44,14,63,101,105,79,133,2,23,114,77,43,4" hai3="21,22,117,62,7,47,53,90,94,20,40,124,73"/><T32/><D120/><U123/><E116/><V97/><F114/><W55/><G73/><T93/><D68/><U132/><E123/><V50/><F133/><W81/><G124/><T70/><D126/><U103/><E127/><V46/><F2/><W78/><G7/><T15/><D70/><U98/><E69/><V76/><F63/><W42/><G117/><T37/><D110/><U91/><E3/><V59/><F59/><W67/><G81/><T85/><D102/><U111/><E33/><V71/><F71/><W9/><G9/><T99/><D99/><U75/><E132/><V39/><F4/><W134/><G78/><T82/><D82/><N who="1" m="49271" /><E54/><N who="3" m="20490" /><G47/><T28/><D15/><U122/><E49/><V107/><F107/><W100/><G100/><T0/><D52/><U8/><E8/><V129/><F129/><W58/><G134/><T131/><D131/><U19/><E19/><V57/><F57/><W89/><G89/><T65/><D0/><U12/><E12/><V106/><F106/><W109/><G109/><T41/><D41/><U108/><E122/><V35/><F35/><W48/><G48/><T26/><D51/><U60/><E60/><V24/><F14/><W112/><G112/><T113/><D113/><U5/><E5/><V125/><F125/><W135/><G135/><T96/><D26/><U56/><E56/><V6/><F6/><W29/><G29/><T30/><D96/><AGARI ba="0,0" hai="20,21,22,40,42,58,62,67,90,94,96" m="20490" machi="96" ten="30,2000,0" yaku="8,1,52,1" doraHai="61" who="3" fromWho="0" sc="250,-20,250,0,250,0,250,20" /><INIT seed="1,0,0,1,1,97" ten="230,250,250,270" oya="1" hai0="53,77,63,1,81,25,83,127,104,21,22,74,128" hai1="133,79,130,23,90,44,68,36,112,118,16,52,27" hai2="100,48,111,10,24,46,65,9,134,125,51,7,85" hai3="62,18,119,45,126,91,70,80,15,8,60,93,19"/><U82/><E118/><V43/><F111/><W75/><G126/><T92/><D128/><U6/><E68/><V89/><F125/><W58/><G119/><T121/><D104/><U49/><E112/><V101/><F134/><W32/><G32/><T67/><D1/><U33/><E133/><V113/><F113/><W87/><G70/><T12/><D121/><U99/><E130/><V54/><F65/><W116/><G116/><T57/><D127/><U41/><E6/><V37/><F24/><W50/><G75/><T88/><D83/><U3/><E3/><V131/><F131/><W14/><G58/><T115/><D115/><U5/><E5/><V39/><F39/><W61/><G93/><T64/><D12/><U2/><E2/><V105/><F37/><W84/><G84/><T71/><D71/><U110/><E110/><V108/><F105/><W98/><G98/><T59/><D59/><U72/><E33/><V129/><F129/><W123/><G123/><T103/><D103/><N who="2" m="39498" /><F7/><W86/><G86/><T124/><D124/><U20/><E20/><V28/><F28/><W66/><G66/><T132/><D132/><U69/><E69/><V94/><F108/><W42/><REACH who="3" step="1"/><G62/><REACH who="3" ten="230,250,250,260" step="2"/><T34/><D34/><U120/><E120/><V30/><F30/><W56/><G56/><AGARI ba="0,1" hai="9,10,43,46,48,51,54,56,85,89,94" m="39498" machi="56" ten="30,7700,0" yaku="8,1,52,3" doraHai="97" who="2" fromWho="3" sc="230,0,250,0,250,87,260,-77" /><INIT seed="2,0,0,3,3,120" ten="230,250,337,183" oya="2" hai0="29,35,55,98,99,122,34,70,84,62,19,79,42" hai1="40,110,78,23,75,25,112,31,125,43,88,15,6" hai2="118,97,81,28,116,32,69,130,76,135,89,13,1" hai3="133,36,46,27,63,106,134,9,85,83,105,111,101"/><V37/><F1/><W123/><G63/><T10/><D122/><U50/><E112/><V115/><F115/><W49/><G36/><T66/><D42/><U3/><E3/><V86/><F69/><W39/><G39/><T22/><D10/><U82/><E125/><V5/><F37/><W14/><G27/><T7/><D7/><U59/><E110/><V41/><F28/><W44/><G123/><T72/><D72/><U104/><E104/><V127/><F32/><W94/><G94/><T30/><D55/><U20/><E59/><V24/><F41/><W124/><G124/><T117/><D117/><U57/><E57/><V73/><F135/><N who="3" m="51723" /><G101/><T128/><D128/><U38/><E38/><V45/><F24/><W121/><G46/><T54/><D54/><U61/><E61/><V87/><F130/><W48/><G48/><T126/><D126/><U12/><E6/><V90/><F45/><W2/><G2/><T65/><D65/><U100/><E100/><V33/><F5/><N who="3" m="3375" /><G121/><T68/><D68/><U17/><E43/><V132/><F132/><W26/><G26/><T47/><D47/><U52/><E40/><V107/><F127/><W8/><G8/><T11/><D11/><U71/><E71/><V4/><F118/><W21/><G21/><T102/><D102/><U60/><E60/><V93/><F116/><W16/><G111/><T108/><D108/><U0/><E0/><V103/><F33/><W80/><G44/><T95/><D35/><U96/><E23/><V113/><F113/><W109/><G109/><T131/><D34/><U119/><E119/><RYUUKYOKU ba="0,0" sc="230,0,250,0,337,0,183,0" /><INIT seed="3,1,0,5,0,88" ten="230,250,337,183" oya="3" hai0="25,50,130,6,5,21,102,110,94,52,1,85,68" hai1="121,70,9,78,81,80,107,77,120,39,92,13,36" hai2="20,3,82,16,42,22,15,135,127,117,132,18,60" hai3="79,48,74,116,33,35,62,96,26,54,133,59,112"/><W90/><G112/><T129/><D110/><U106/><E70/><V63/><F42/><W76/><G116/><T51/><D68/><U72/><E13/><V11/><F82/><W131/><G131/><N who="0" m="50187" /><D50/><U61/><E61/><V122/><F63/><W75/><G133/><N who="2" m="51273" /><F60/><W108/><G108/><T29/><D1/><U128/><E128/><V12/><F127/><W10/><G75/><T100/><D100/><U118/><E9/><V109/><F109/><W126/><G126/><T103/><D103/><U17/><E17/><V84/><F84/><W125/><G125/><T101/><D101/><U8/><E8/><V73/><F73/><W55/><G10/><T43/><D43/><U45/><E45/><V91/><F91/><W99/><G74/><T32/><D32/><U30/><E30/><V124/><F124/><W40/><G40/><T57/><D85/><N who="1" m="48271" /><E39/><V95/><F122/><N who="1" m="47209" /><E36/><V97/><F117/><W83/><G79/><T14/><D14/><U93/><E118/><V7/><F97/><AGARI ba="1,0" hai="5,6,21,25,29,51,52,57,94,97,102" m="50187" machi="97" ten="30,3900,0" yaku="19,1,52,1,54,1" doraHai="88" who="0" fromWho="2" sc="230,42,250,0,337,-42,183,0" /><INIT seed="4,0,0,4,5,97" ten="272,250,295,183" oya="0" hai0="73,46,17,130,44,115,122,71,3,68,111,27,15" hai1="61,11,45,87,134,69,93,92,119,0,118,96,63" hai2="133,55,52,64,83,43,110,131,121,57,66,103,80" hai3="75,88,100,56,101,31,2,120,127,25,24,40,108"/><T99/><D122/><U53/><E134/><V42/><F121/><W26/><G120/><T112/><D111/><U12/><E0/><V82/><F110/><W70/><G108/><T5/><D130/><U60/><E69/><V135/><F131/><W51/><G70/><T58/><D73/><U90/><E53/><N who="2" m="20555" /><F103/><N who="3" m="39499" /><G75/><T116/><D3/><U124/><E45/><N who="0" m="17513" /><D99/><U72/><E72/><V81/><F57/><W59/><G127/><T102/><D58/><N who="3" m="22057" /><G2/><T8/><D102/><U98/><E124/><V6/><F6/><W37/><G37/><T62/><D62/><U128/><E128/><V34/><F34/><W54/><G54/><T22/><D116/><U125/><E125/><V1/><N who="2" m="20480" /><DORA hai="10" /><V94/><F1/><W9/><G40/><N who="2" m="15401" /><F94/><W79/><G79/><T84/><D68/><U19/><REACH who="1" step="1"/><E93/><REACH who="1" ten="272,240,295,183" step="2"/><V95/><F95/><W105/><G105/><T126/><D126/><U86/><E86/><V28/><F28/><W36/><G31/><T41/><D71/><U35/><E35/><V65/><AGARI ba="0,1" hai="64,65,66,133,135" m="15401,20480,20555" machi="65" ten="50,6400,0" yaku="28,2,54,1" doraHai="97,10" who="2" fromWho="2" sc="272,-32,240,-16,295,74,183,-16" /><INIT seed="5,0,0,1,0,126" ten="240,224,369,167" oya="1" hai0="28,7,5,89,21,123,6,42,70,40,71,83,66" hai1="62,130,45,18,113,107,111,29,0,135,100,86,118" hai2="27,78,12,72,96,117,51,23,110,26,48,36,22" hai3="128,16,114,44,90,52,132,119,93,56,75,115,4"/><U112/><E118/><V13/><F36/><W10/><G75/><T9/><D123/><U80/><E0/><V103/><F110/><W104/><G104/><T99/><D9/><U32/><E135/><V54/><F117/><W31/><G31/><T64/><D99/><U87/><E111/><V34/><F34/><W121/><G119/><T116/><D116/><U59/><E87/><V61/><F78/><W102/><G44/><T122/><D122/><U97/><E45/><V53/><F61/><W91/><G121/><T76/><D89/><U127/><E127/><V79/><F79/><W60/><G128/><T133/><D133/><U49/><E49/><V98/><F103/><W106/><G106/><T134/><D134/><U39/><E39/><V73/><AGARI ba="0,0" hai="12,13,22,23,26,27,48,51,53,54,72,73,96,98" machi="73" ten="25,3200,0" yaku="0,1,22,2" doraHai="126" who="2" fromWho="2" sc="240,-8,224,-16,369,32,167,-8" /><INIT seed="6,0,0,4,1,30" ten="232,208,401,159" oya="2" hai0="116,95,18,102,109,47,106,64,43,121,131,42,100" hai1="52,135,7,85,35,55,34,87,53,65,117,84,32" hai2="33,20,22,73,76,79,111,75,9,77,97,118,68" hai3="6,78,103,101,132,24,27,133,92,90,8,48,71"/><V66/><F118/><W83/><G71/><T29/><D131/><U104/><E117/><V82/><F111/><W54/><G27/><T4/><D109/><U81/><E104/><V13/><F33/><W94/><G24/><T28/><D121/><U128/><E128/><V96/><F66/><W86/><G48/><T129/><D106/><U107/><E107/><V120/><F68/><W40/><G54/><T38/><D4/><U134/><E65/><V11/><F120/><W72/><G40/><T60/><D43/><U26/><E7/><V59/><F59/><W19/><G19/><T98/><D129/><U93/><E81/><V41/><F41/><W37/><G37/><T110/><D102/><N who="3" m="38921" /><G8/><T0/><D0/><U130/><E130/><V108/><F9/><W16/><G16/><T115/><D115/><U62/><E62/><V122/><F20/><W58/><G58/><T50/><D38/><U15/><E15/><V36/><F22/><W119/><G6/><T74/><D116/><U124/><E124/><V1/><F1/><W126/><G119/><T91/><D18/><U89/><REACH who="1" step="1"/><E26/><REACH who="1" ten="232,198,401,159" step="2"/><V114/><F13/><W57/><G126/><T123/><D110/><U61/><E61/><V63/><F63/><W99/><G57/><T23/><D60/><U3/><E3/><V56/><F56/><W10/><G10/><T112/><D64/><U49/><E49/><V67/><F11/><W14/><G14/><T44/><D50/><U25/><E25/><V125/><F108/><W2/><G2/><T69/><D69/><U45/><E45/><V12/><F125/><RYUUKYOKU ba="0,1" sc="232,-15,198,15,401,-15,159,15" hai1="32,34,35,52,53,55,84,85,87,89,93,134,135" hai3="72,78,83,86,90,92,94,99,132,133" /><INIT seed="7,1,1,1,2,16" ten="217,213,386,174" oya="3" hai0="14,67,33,95,96,25,77,103,80,82,132,40,105" hai1="121,13,72,75,63,71,125,92,19,6,41,116,37" hai2="59,4,55,62,51,119,99,81,58,106,68,7,53" hai3="120,56,60,49,11,110,15,31,90,3,57,86,28"/><W5/><G120/><T104/><D67/><U118/><E121/><V131/><F119/><N who="1" m="45609" /><E6/><V32/><F32/><W29/><G110/><T46/><D14/><U24/><E125/><V38/><F38/><W35/><G35/><T107/><D132/><U88/><E24/><V66/><F131/><W8/><G49/><T83/><D25/><U126/><E126/><V30/><F30/><W84/><G57/><T61/><D61/><U79/><E79/><V124/><F124/><W20/><G90/><T76/><D33/><U129/><E129/><V2/><F2/><W128/><G128/><T26/><D26/><U18/><E41/><V17/><F81/><W64/><REACH who="3" step="1"/><G20/><REACH who="3" ten="217,213,386,164" step="2"/><T22/><D22/><U87/><E37/><V45/><F59/><W127/><G127/><T69/><D69/><U122/><E122/><V115/><F51/><W39/><G39/><T94/><D46/><U70/><E71/><V98/><F45/><W47/><G47/><T78/><D40/><U44/><E70/><V43/><F43/><W123/><G123/><T34/><D34/><U52/><E44/><V112/><F58/><W101/><G101/><T65/><D65/><U85/><E63/><V54/><F62/><W134/><G134/><T89/><D89/><U27/><E88/><V133/><F66/><W100/><G100/><T74/><D74/><U50/><E75/><V97/><F133/><W117/><G117/><T113/><D103/><U135/><E72/><V0/><F68/><W42/><G42/><T130/><D130/><U1/><E135/><V108/><F108/><W48/><G48/><RYUUKYOKU ba="1,2" sc="217,-10,213,-10,386,-10,164,30" hai3="3,5,8,11,15,28,29,31,56,60,64,84,86" /><INIT seed="7,2,2,0,5,31" ten="207,203,376,194" oya="3" hai0="28,120,15,1,49,42,52,108,73,99,119,109,97" hai1="90,135,107,55,126,105,0,79,44,51,18,96,24" hai2="11,43,134,9,121,66,77,104,67,17,3,74,129" hai3="7,71,10,45,36,35,16,125,111,130,93,58,91"/><W103/><G71/><T4/><D119/><U114/><E0/><V110/><F104/><W62/><G35/><T54/><D73/><U102/><E114/><V20/><F129/><W86/><G130/><T95/><D120/><U14/><E135/><V113/><F11/><W98/><G125/><T30/><D1/><U2/><E2/><V87/><F87/><W60/><G111/><T127/><D127/><U19/><E126/><V22/><F22/><W83/><G7/><T40/><D95/><N who="1" m="58655" /><E79/><V48/><F48/><W80/><G62/><T69/><D49/><U88/><E107/><V94/><F94/><N who="3" m="58839" /><G36/><T123/><D4/><U33/><E33/><V57/><F74/><W32/><G32/><T81/><D69/><U34/><E34/><V115/><F3/><W61/><G45/><T128/><D128/><U92/><E105/><V21/><F110/><W39/><G39/><T100/><D123/><U26/><E19/><V47/><F134/><W56/><G61/><T13/><D100/><U64/><E64/><V75/><F75/><W6/><G6/><T118/><D118/><U70/><E70/><V72/><F47/><W37/><G37/><T50/><D50/><U12/><E12/><V89/><F72/><W65/><G58/><T124/><D124/><U29/><E29/><V101/><F57/><W5/><G5/><T116/><D116/><U46/><E46/><V122/><F113/><W117/><G117/><T59/><D59/><U68/><E68/><V23/><F115/><W106/><G106/><T27/><D27/><N who="1" m="10283" /><E92/><V82/><F122/><W131/><G131/><RYUUKYOKU ba="2,2" sc="207,10,203,10,376,-30,194,10" hai0="13,15,28,30,40,42,52,54,81,97,99,108,109" hai1="14,18,44,51,55,88,90" hai3="10,16,56,60,65,80,83,86,91,93" /><INIT seed="7,3,2,4,2,20" ten="217,213,346,204" oya="3" hai0="56,7,93,45,131,63,75,52,101,68,65,60,23" hai1="54,44,77,32,64,83,96,69,70,67,73,1,49" hai2="5,107,40,104,2,88,35,27,86,18,81,94,82" hai3="59,39,51,126,85,24,115,110,6,4,41,129,26"/><W48/><G39/><T97/><D131/><U21/><E1/><V8/><F82/><W14/><G129/><T117/><D117/><U53/><E32/><V132/><F132/><W13/><G115/><T11/><D75/><U98/><E53/><V122/><F122/><W31/><G126/><T118/><D23/><U28/><E70/><V25/><F40/><W46/><G110/><T114/><D45/><U55/><E69/><V17/><F17/><W112/><G112/><T66/><D114/><U43/><E67/><V78/><F27/><N who="3" m="10283" /><G31/><T120/><D120/><U62/><E64/><V100/><F100/><W57/><G85/><T47/><D118/><U89/><E62/><V121/><F121/><W61/><G51/><T125/><D125/><U22/><E55/><V113/><F113/><W124/><G124/><T133/><D133/><U37/><E89/><V71/><F71/><W111/><G111/><T123/><D123/><U19/><E28/><V105/><F35/><W0/><G0/><T79/><D66/><U128/><E128/><V99/><F105/><W38/><G38/><T109/><D109/><U15/><E22/><V91/><F107/><W30/><G30/><T134/><D134/><U50/><E37/><V106/><F106/><W33/><G33/><T12/><D47/><AGARI ba="3,2" hai="15,19,21,43,44,47,49,50,54,73,77,83,96,98" machi="47" ten="30,1000,0" yaku="7,1" doraHai="20" who="1" fromWho="0" sc="217,-19,213,39,346,0,204,0" owari="198,-30.0,252,5.0,346,45.0,204,-20.0" /></mjloggm>