<mjloggm ver="2.3"><GO type="41" lobby="0"/><UN n0="%E3%82%B4%E3%82%A2%E3%82%B4%E3%82%A2" n1="%E2%93%9D%53%75%70%68%78" n2="%E3%81%BE%E3%81%93%E3%81%BC%E3%83%BC" n3="%E5%85%AD%E7%B4%A2%E8%BC%AA%E8%88%9E%E6%9B%B2" dan="13,19,13,13" rate="1836.57,2200.66,1888.98,1850.48" sx="M,M,M,M"/><TAIKYOKU oya="0"/><INIT seed="0,0,0,2,4,119" ten="250,250,250,250" oya="0" hai0="86,1,49,45,60,7,101,116,53,128,77,121,4" hai1="13,130,99,14,81,50,93,102,124,78,95,55,32" hai2="114,52,43,64,10,25,22,88,42,111,109,74,26" hai3="40,68,98,84,76,19,61,31,115,54,80,38,59"/><T57/><D116/><U2/><E2/><V97/><F114/><W28/><G115/><T63/><D128/><U9/><E124/><V83/><F74/><W62/><G98/><T73/><D73/><U92/><E32/><V51/><F64/><W100/><G100/><T87/><D121/><U123/><E130/><V15/><F111/><W30/><G19/><T66/><D1/><U20/><E20/><V70/><F70/><W90/><G38/><T46/><D101/><U85/><E123/><V120/><F109/><W48/><G40/><T126/><D126/><U39/><E39/><V105/><F105/><W18/><G18/><T21/><D46/><U117/><E117/><V24/><F120/><W5/><G5/><N who="0" m="2123" /><D77/><U118/><E118/><V35/><F22/><W125/><G125/><T8/><D63/><N who="3" m="24073" /><G68/><T89/><D8/><U131/><E131/><V112/><F35/><W71/><G71/><T41/><D66/><U65/><E65/><V11/><F112/><W69/><G69/><T17/><D89/><AGARI ba="0,0" hai="28,30,31,48,54,59,76,80,84,89,90" m="24073" machi="89" ten="30,1000,0" yaku="8,1" doraHai="119" who="3" fromWho="0" sc="250,-10,250,0,250,0,250,10" /><INIT seed="1,0,0,2,4,34" ten="240,250,250,260" oya="1" hai0="29,25,81,130,59,24,134,44,15,41,132,135,85" hai1="91,112,104,117,64,58,109,99,93,55,110,108,42" hai2="101,7,13,89,51,73,1,84,126,65,5,87,47" hai3="0,129,107,60,121,2,118,71,50,69,53,67,43"/><U46/><E112/><V98/><F73/><W38/><G121/><T120/><D120/><U17/><E117/><V128/><F128/><W21/><G129/><T39/><D130/><U61/><E17/><V74/><F74/><W80/><G118/><T77/><D15/><U103/><E64/><V127/><F65/><W83/><G107/><T125/><D125/><N who="2" m="47626" /><F13/><W100/><G100/><T26/><REACH who="0" step="1"/><D59/><REACH who="0" ten="230,250,250,260" step="2"/><U52/><E58/><V45/><F45/><N who="3" m="23799" /><G69/><T12/><D12/><U63/><E63/><V10/><F7/><W57/><G21/><AGARI ba="0,1" hai="21,24,25,26,29,39,41,44,77,81,85,132,134,135" machi="21" ten="40,8000,1" yaku="1,1,20,1,53,3" doraHai="34" doraHaiUra="22" who="0" fromWho="3" sc="230,90,250,0,250,0,260,-80" /><INIT seed="2,0,0,2,0,48" ten="320,250,250,180" oya="2" hai0="135,54,95,52,8,58,97,99,21,51,113,72,26" hai1="37,24,12,56,121,86,73,134,118,6,27,117,129" hai2="79,109,0,22,7,103,14,62,89,114,84,30,16" hai3="101,90,111,28,15,44,96,19,115,126,124,35,5"/><V25/><F114/><W122/><G122/><T11/><D113/><U125/><E73/><V45/><F109/><W81/><G115/><T128/><D72/><U94/><E37/><V102/><F79/><W53/><G111/><T87/><D135/><U50/><E129/><V31/><F45/><W92/><G5/><T123/><D123/><U77/><E125/><V83/><F62/><W105/><G35/><T112/><D112/><U55/><E134/><V61/><F61/><W130/><G28/><N who="2" m="10793" /><F0/><W70/><G70/><T104/><D104/><U64/><E64/><V93/><F83/><W67/><G67/><T78/><D128/><U85/><E121/><V38/><F38/><W110/><G110/><T41/><D41/><U80/><E118/><V108/><F108/><W1/><G1/><T17/><D78/><U47/><E117/><V133/><F133/><W65/><G65/><T100/><D87/><U43/><E86/><V34/><F34/><W75/><G130/><T4/><D4/><U82/><E82/><V49/><F49/><N who="3" m="28839" /><G75/><T40/><D40/><U60/><E94/><V132/><F132/><W98/><G81/><T107/><REACH who="0" step="1"/><D54/><REACH who="0" ten="310,250,250,180" step="2"/><U13/><E6/><V59/><F59/><W20/><G126/><T2/><D2/><U39/><E39/><V120/><F120/><W3/><G3/><T33/><D33/><U106/><E106/><V46/><F46/><W23/><G124/><T10/><D10/><AGARI ba="0,1" hai="7,10,14,16,22,25,84,89,93,102,103" m="10793" machi="10" ten="30,2900,0" yaku="8,1,54,1" doraHai="48" who="2" fromWho="0" sc="310,-29,250,0,250,39,180,0" /><INIT seed="2,1,0,1,3,32" ten="281,250,289,180" oya="2" hai0="53,98,104,121,12,3,31,127,134,47,118,135,52" hai1="33,126,66,61,101,63,119,45,86,123,1,67,54" hai2="132,105,124,24,22,107,116,39,72,43,50,133,23" hai3="87,8,120,102,40,68,91,62,5,19,35,60,70"/><V117/><F39/><W30/><G120/><T28/><D121/><U131/><E33/><V130/><F72/><W83/><G40/><T113/><D113/><U75/><E75/><V96/><F124/><W76/><G102/><T9/><D118/><U109/><E86/><V78/><F78/><W59/><G62/><T2/><D127/><U114/><E101/><V95/><F130/><W90/><G19/><T16/><D104/><U15/><E15/><V71/><F71/><W56/><G56/><T26/><D98/><U6/><E6/><V44/><F116/><W84/><G76/><T111/><D47/><U115/><E119/><V100/><F117/><W129/><G30/><N who="0" m="11307" /><D53/><U41/><E123/><V18/><REACH who="2" step="1"/><F22/><REACH who="2" ten="281,250,279,180" step="2"/><W46/><G35/><T55/><D55/><U112/><E54/><V36/><F36/><W103/><G68/><T21/><D52/><U38/><E126/><V65/><F65/><W10/><G70/><T122/><D122/><U110/><E131/><V94/><F94/><W85/><G129/><T73/><D73/><U4/><E67/><V92/><F92/><W88/><G83/><T48/><D48/><U125/><E125/><V97/><F97/><W77/><G77/><T7/><D111/><N who="1" m="42507" /><E66/><V80/><F80/><W20/><G20/><T81/><D81/><U58/><E58/><V49/><F49/><W27/><G59/><T106/><D106/><AGARI ba="1,1" hai="18,23,24,43,44,50,95,96,100,105,106,107,132,133" machi="106" ten="40,2000,0" yaku="1,1,53,0" doraHai="32" doraHaiUra="69" who="2" fromWho="0" sc="281,-23,250,0,279,33,180,0" /><INIT seed="2,2,0,1,0,25" ten="258,250,312,180" oya="2" hai0="72,74,108,54,89,121,28,56,50,129,130,30,106" hai1="38,57,104,71,70,3,66,133,55,60,131,112,95" hai2="24,40,65,127,63,6,8,94,67,18,98,43,31" hai3="134,99,117,79,118,58,53,87,0,16,47,22,20"/><V101/><F127/><W29/><G134/><T96/><D121/><U113/><E104/><V90/><F18/><W32/><G32/><T120/><D120/><U92/><E92/><V5/><F90/><W27/><G0/><T52/><D108/><U102/><E95/><V41/><F8/><W122/><G122/><T116/><D116/><U78/><E78/><V135/><F135/><W23/><G47/><T37/><D37/><U97/><E97/><V9/><F9/><W26/><G99/><T61/><D89/><U15/><E15/><V126/><F126/><W19/><G87/><T110/><D110/><U10/><E102/><V128/><F128/><N who="0" m="49258" /><D96/><U34/><E3/><V91/><F91/><W76/><G117/><T39/><D106/><U21/><E133/><V115/><F115/><W88/><G118/><T82/><D39/><U123/><E38/><V45/><F45/><W83/><G83/><T62/><D62/><U51/><E113/><V84/><F84/><W46/><G88/><T109/><D109/><U125/><E125/><V107/><F107/><W111/><G46/><N who="0" m="27735" /><D82/><U69/><E131/><V80/><F80/><W93/><G93/><T42/><D42/><U86/><E123/><V132/><F132/><W2/><G2/><T114/><D114/><U17/><E112/><V59/><REACH who="2" step="1"/><F67/><REACH who="2" ten="258,250,302,180" step="2"/><W35/><G111/><T75/><AGARI ba="2,1" hai="28,30,54,56,61,72,74,75" m="27735,49258" machi="75" ten="40,8000,1" yaku="19,1,52,2,54,1" doraHai="25" who="0" fromWho="0" sc="258,96,250,-22,302,-42,180,-22" /><INIT seed="3,0,0,1,1,64" ten="354,228,260,158" oya="3" hai0="49,107,116,50,74,88,40,61,9,23,102,93,58" hai1="4,101,108,11,122,133,12,6,3,47,24,17,29" hai2="57,20,45,56,33,87,16,53,19,44,54,7,123" hai3="72,106,43,37,91,80,99,125,132,2,98,55,105"/><W134/><G2/><T1/><D116/><U78/><E101/><V79/><F33/><W59/><G37/><T63/><D107/><U82/><E108/><V39/><F39/><W76/><G43/><T5/><D102/><U46/><E133/><N who="3" m="51306" /><G125/><T126/><D126/><U111/><E111/><V26/><F123/><W121/><G121/><T94/><D74/><U92/><E92/><V14/><F7/><W42/><G42/><T95/><D23/><U36/><E122/><V115/><F115/><W51/><G91/><T135/><D135/><U22/><E6/><V77/><F87/><W86/><G72/><T114/><D114/><U8/><REACH who="1" step="1"/><E36/><REACH who="1" ten="354,218,260,158" step="2"/><V112/><F112/><W131/><G131/><T13/><D95/><U118/><E118/><V128/><F128/><W66/><G106/><T73/><D94/><U10/><E10/><N who="2" m="6231" /><F79/><W81/><G105/><T104/><D104/><U96/><E96/><N who="3" m="36906" /><G81/><T41/><D1/><U84/><AGARI ba="0,1" hai="3,4,8,11,12,17,22,24,29,46,47,78,82,84" machi="84" ten="20,5200,0" yaku="1,1,0,1,7,1,53,1" doraHai="64" doraHaiUra="35" who="1" fromWho="1" sc="354,-13,218,62,260,-13,158,-26" /><INIT seed="4,0,0,2,5,14" ten="341,280,247,132" oya="0" hai0="117,122,45,88,37,98,22,132,79,133,13,57,66" hai1="115,111,97,26,90,33,76,31,123,99,113,23,20" hai2="10,25,19,56,63,135,85,47,55,105,106,59,34" hai3="44,28,52,4,36,7,35,9,16,53,65,73,96"/><T114/><D117/><U108/><E76/><V69/><F135/><N who="0" m="51786" /><D122/><U27/><E90/><V125/><F34/><W134/><G134/><T72/><D114/><N who="1" m="43531" /><E123/><V104/><F125/><W71/><G73/><T3/><D3/><U46/><E46/><V93/><F69/><W128/><G128/><T95/><D72/><U92/><E92/><V80/><F47/><W84/><G35/><T50/><D79/><U94/><E94/><V8/><F93/><W48/><G28/><T120/><D120/><U58/><E58/><V119/><F119/><W62/><G96/><N who="1" m="36938" /><E33/><V126/><F126/><W39/><G53/><T77/><D77/><U40/><E40/><V38/><F38/><W75/><G75/><T2/><D2/><U112/><E112/><V30/><F56/><W41/><G39/><T89/><D37/><U116/><E116/><V43/><F43/><W103/><G103/><N who="0" m="60895" /><D66/><U86/><E86/><V64/><F64/><W109/><G84/><T101/><D101/><U24/><E31/><V130/><F30/><W0/><G109/><AGARI ba="0,0" hai="20,23,24,26,27,108,109,111" m="36938,43531" machi="109" ten="40,8000,1" yaku="28,2,15,1,11,1" doraHai="14" who="1" fromWho="3" sc="341,0,280,80,247,0,132,-80" /><INIT seed="5,0,0,0,3,133" ten="341,360,247,52" oya="1" hai0="61,40,63,132,73,95,79,39,15,43,48,36,125" hai1="9,135,115,7,122,25,123,107,5,118,53,94,89" hai2="81,41,11,71,104,33,55,47,99,134,0,16,17" hai3="126,102,129,12,109,28,24,37,54,1,42,88,74"/><U113/><E107/><V101/><F71/><W128/><G74/><T97/><D132/><U111/><E135/><V38/><F134/><W30/><G109/><T78/><D73/><U29/><E53/><V60/><F33/><W84/><G1/><T57/><D15/><U4/><E94/><V117/><F117/><W34/><G102/><T58/><D95/><U14/><E89/><V72/><F55/><W124/><G30/><T6/><D6/><N who="1" m="2059" /><E118/><V77/><F60/><W82/><G54/><T62/><D97/><U32/><E111/><V114/><F114/><AGARI ba="0,0" hai="4,9,14,25,29,32,113,114,115,122,123" m="2059" machi="114" ten="30,5800,0" yaku="15,1,34,2" doraHai="133" who="1" fromWho="2" sc="341,0,360,58,247,-58,52,0" /><INIT seed="5,1,0,0,1,33" ten="341,418,189,52" oya="1" hai0="54,126,132,37,59,101,11,62,55,79,5,24,22" hai1="76,115,46,90,78,64,94,12,51,92,124,1,31" hai2="135,118,38,121,10,47,83,116,117,129,9,73,60" hai3="16,14,39,104,70,63,93,130,18,67,0,112,69"/><U75/><E1/><V52/><F121/><W84/><G112/><T49/><D126/><U122/><E122/><V131/><F135/><W2/><G130/><N who="2" m="49673" /><F38/><W98/><G39/><T3/><D132/><U82/><E64/><V110/><F110/><W23/><G104/><T88/><D37/><U48/><E94/><V128/><N who="2" m="49681" /><V40/><DORA hai="66" /><F40/><W95/><G84/><T56/><D79/><U17/><E31/><V96/><F96/><W100/><G95/><T103/><REACH who="0" step="1"/><D88/><REACH who="0" ten="331,418,189,52" step="2"/><U30/><E78/><N who="2" m="44495" /><F47/><W43/><G43/><T81/><D81/><U80/><E80/><V113/><F113/><W36/><G36/><T107/><D107/><U89/><E89/><V58/><AGARI ba="1,1" hai="9,10,52,58,60,116,117,118" m="44495,49681" machi="58" ten="50,3200,0" yaku="19,1,54,1" doraHai="33,66" who="2" fromWho="2" sc="331,-9,418,-17,189,45,52,-9" /><INIT seed="6,0,0,1,5,86" ten="322,401,234,43" oya="2" hai0="15,131,82,39,19,72,89,90,61,43,113,4,8" hai1="38,76,101,85,126,99,130,46,84,127,57,26,7" hai2="5,122,129,110,93,63,53,56,124,30,49,21,68" hai3="95,132,17,44,134,102,103,88,45,75,133,107,114"/><V74/><F122/><W13/><G114/><T36/><D113/><U55/><E130/><V106/><F106/><W22/><G75/><T78/><D131/><U98/><E7/><V125/><F129/><W1/><G1/><N who="0" m="15" /><D61/><U109/><E109/><V0/><F74/><W34/><G34/><T67/><D67/><U16/><E46/><V47/><F110/><W33/><G33/><T20/><D39/><U91/><E76/><V87/><F68/><W79/><G79/><T27/><D27/><U105/><E38/><V66/><F5/><W18/><G18/><T128/><D128/><U116/><E116/><V29/><F21/><W10/><G10/><T31/><D31/><U100/><E16/><V92/><F0/><W108/><G108/><T96/><D96/><U32/><E26/><V9/><F9/><W60/><G60/><T120/><D120/><U80/><E32/><V35/><F35/><W58/><G58/><T64/><D64/><U115/><E115/><V3/><F3/><W14/><G14/><T112/><D112/><U6/><E6/><V123/><F123/><W97/><REACH who="3" step="1"/><G103/><REACH who="3" ten="322,401,234,33" step="2"/><T48/><D48/><U23/><E101/><V70/><F56/><W59/><G59/><T37/><D37/><U71/><E100/><V118/><F63/><W65/><G65/><T62/><D62/><U104/><E57/><V121/><F66/><W42/><G42/><T28/><D28/><U41/><E41/><V69/><F29/><W52/><G52/><T111/><D111/><U117/><E55/><V54/><F30/><W94/><G94/><T83/><D83/><RYUUKYOKU ba="0,1" sc="322,15,401,-15,234,-15,33,15" hai0="15,19,20,36,43,72,78,82,89,90" hai3="13,17,22,44,45,88,95,97,102,107,132,133,134" /><INIT seed="7,1,1,1,3,2" ten="337,386,219,48" oya="3" hai0="83,125,5,123,82,103,107,12,33,130,97,15,3" hai1="42,28,119,67,21,16,31,8,101,86,24,116,10" hai2="30,100,114,39,96,104,37,73,53,108,124,58,118" hai3="32,57,46,25,92,89,112,27,23,14,132,6,94"/><W90/><G112/><T0/><D123/><U74/><E74/><V135/><F118/><N who="1" m="45097" /><E101/><V111/><F114/><W95/><G132/><T55/><D125/><U81/><E67/><V47/><F135/><W41/><G32/><T84/><D130/><U4/><E42/><V54/><F73/><W1/><G1/><T110/><D110/><U102/><E102/><V45/><F124/><W13/><G6/><T66/><D33/><U91/><E10/><V85/><F30/><W80/><G57/><T64/><D55/><U129/><E129/><V9/><F53/><W70/><G70/><T72/><D72/><U128/><E128/><V49/><F85/><W126/><G126/><T106/><D106/><U60/><E60/><V78/><F78/><W65/><G65/><T44/><D44/><U51/><E51/><V93/><F104/><W69/><G69/><T117/><D117/><U131/><E131/><V134/><F134/><W68/><G68/><T113/><D113/><U22/><E22/><V59/><F59/><W35/><G35/><T79/><D83/><U40/><E40/><V52/><F9/><W29/><G27/><T105/><D105/><U121/><E121/><V43/><F37/><N who="3" m="21807" /><G80/><T17/><D0/><AGARI ba="1,1" hai="0,4,8,16,21,24,28,31,81,86,91" m="45097" machi="0" ten="30,3900,0" yaku="12,1,52,1,54,1" doraHai="2" who="1" fromWho="0" sc="337,-42,386,52,219,0,48,0" owari="295,10.0,438,53.0,219,-18.0,48,-45.0" /></mjloggm>