<mjloggm ver="2.3"><GO type="41" lobby="0"/><UN n0="%40%2B%2B%28%29" n1="%E2%93%9D%53%75%70%68%78" n2="%E3%82%9E" n3="%53%74%79%6C%65%57" dan="14,19,15,14" rate="1993.00,2134.46,1940.90,1878.18" sx="M,M,M,M"/><TAIKYOKU oya="0"/><INIT seed="0,0,0,3,0,38" ten="250,250,250,250" oya="0" hai0="100,103,111,114,106,87,130,92,31,51,118,112,108" hai1="13,48,93,32,84,129,21,99,131,89,72,58,3" hai2="76,123,42,82,60,2,75,28,7,33,59,20,90" hai3="47,52,27,39,85,10,18,81,11,40,116,67,94"/><T69/><D69/><U43/><E3/><V127/><F123/><W65/><G116/><T74/><D31/><U113/><E72/><V15/><F127/><W79/><G11/><T117/><D74/><U73/><E32/><V71/><F71/><W133/><G133/><T12/><D12/><U70/><E73/><V63/><F90/><W61/><G94/><T37/><D37/><U14/><E113/><N who="0" m="43625" /><D130/><N who="1" m="49675" /><E70/><V128/><F63/><W57/><REACH who="3" step="1"/><G10/><REACH who="3" ten="250,250,250,240" step="2"/><T9/><D9/><U68/><E93/><V62/><F128/><W24/><G24/><T16/><D106/><U109/><E14/><V26/><F2/><W34/><G34/><T22/><D118/><U54/><E13/><V50/><F7/><W56/><G56/><T132/><D117/><U124/><E68/><V98/><F59/><W1/><G1/><T125/><D132/><U35/><E35/><V104/><F104/><W8/><G8/><T105/><D105/><U64/><E58/><V19/><REACH who="2" step="1"/><F98/><REACH who="2" ten="250,250,240,240" step="2"/><W121/><G121/><T110/><D111/><U66/><E99/><V23/><F23/><AGARI ba="0,2" hai="18,23,27,39,40,47,52,57,61,65,67,79,81,85" machi="23" ten="40,5200,0" yaku="1,1,52,1,54,1,53,0" doraHai="38" doraHaiUra="5" who="3" fromWho="2" sc="250,0,250,0,240,-52,240,72" /><INIT seed="1,0,0,3,0,0" ten="250,250,188,312" oya="1" hai0="8,48,38,12,11,17,96,49,54,73,1,107,109" hai1="42,123,75,43,29,45,31,126,99,131,89,15,104" hai2="88,9,59,27,2,71,25,129,93,20,132,122,33" hai3="30,36,44,65,56,90,125,83,77,68,51,95,53"/><U41/><E123/><V111/><F111/><W6/><G125/><T87/><D38/><U103/><E75/><V80/><F71/><W66/><G30/><T62/><D73/><U28/><E131/><V119/><F129/><W116/><G116/><T86/><D109/><U26/><E126/><V98/><F132/><W4/><G68/><T74/><D74/><U70/><E70/><V16/><F122/><W108/><G108/><T72/><D72/><U135/><E135/><V105/><F105/><W52/><G77/><T84/><D62/><U19/><E89/><V102/><F119/><W64/><G83/><T5/><REACH who="0" step="1"/><D54/><REACH who="0" ten="240,250,188,312" step="2"/><U13/><E43/><V60/><F33/><W50/><REACH who="3" step="1"/><G36/><REACH who="3" ten="240,250,188,302" step="2"/><T100/><AGARI ba="0,2" hai="1,5,8,11,12,17,48,49,84,86,87,96,100,107" machi="100" ten="30,7900,0" yaku="1,1,2,1,0,1,52,1,53,0" doraHai="0" doraHaiUra="127" who="0" fromWho="0" sc="240,99,250,-39,188,-20,302,-20" /><INIT seed="2,0,0,0,1,42" ten="339,211,168,282" oya="2" hai0="22,52,93,127,65,18,68,90,5,49,59,134,6" hai1="87,46,45,83,132,48,7,11,91,86,12,105,118" hai2="50,79,56,66,55,114,100,126,104,20,63,33,54" hai3="26,108,96,60,107,123,129,80,39,121,37,135,70"/><V120/><F33/><W15/><G129/><T89/><D134/><U99/><E118/><V27/><F120/><W30/><G135/><T128/><D128/><U125/><E132/><V29/><F114/><W41/><G108/><T97/><D127/><U71/><E71/><V111/><F126/><W25/><G80/><T102/><D68/><U72/><E72/><V47/><F79/><W23/><G15/><T94/><D65/><U61/><E125/><V117/><F117/><W34/><G39/><T110/><D110/><U124/><E61/><V24/><F111/><W8/><G8/><T43/><D43/><U28/><E28/><V0/><F0/><W98/><G98/><N who="0" m="57647" /><D102/><U95/><E124/><V84/><F84/><W44/><G23/><T82/><D82/><U115/><E115/><V57/><F24/><AGARI ba="0,0" hai="5,6,18,22,24,49,52,59,90,94,97" m="57647" machi="24" ten="30,2000,0" yaku="8,1,54,1" doraHai="42" who="0" fromWho="2" sc="339,20,211,0,168,-20,282,0" /><INIT seed="3,0,0,0,5,18" ten="359,211,148,282" oya="3" hai0="14,89,64,22,67,100,83,97,116,52,70,79,92" hai1="2,123,134,85,88,44,16,35,129,36,84,131,119" hai2="57,75,117,109,98,72,20,76,122,60,39,87,47" hai3="110,0,66,5,126,61,24,30,112,28,62,74,26"/><W48/><G112/><T32/><D32/><U115/><E115/><V104/><F122/><W53/><G74/><T86/><D116/><U55/><E123/><V91/><F109/><W37/><G126/><T25/><D70/><U7/><E35/><V49/><F117/><W27/><G110/><T71/><D71/><U45/><E119/><V113/><F39/><W78/><G78/><T124/><D124/><U58/><E85/><V135/><F135/><W111/><G111/><T59/><D14/><U11/><E16/><V132/><F132/><W81/><G81/><T128/><D128/><N who="1" m="49227" /><E36/><V46/><F76/><W13/><G0/><T82/><D82/><N who="1" m="49175" /><E134/><V103/><F113/><W10/><G37/><T77/><D79/><U15/><E2/><V94/><F20/><W23/><G30/><N who="0" m="17719" /><D77/><U29/><E29/><V108/><F47/><W4/><G4/><T12/><D12/><U120/><E120/><V99/><F99/><W93/><G93/><T38/><D38/><U125/><E125/><V80/><F108/><W63/><REACH who="3" step="1"/><G66/><REACH who="3" ten="359,211,148,272" step="2"/><T43/><D67/><U114/><E114/><V130/><F130/><W40/><G40/><T68/><D43/><U106/><E106/><V3/><F104/><W34/><G34/><T41/><D41/><U42/><E42/><V102/><F3/><W107/><G107/><T50/><D64/><U9/><E9/><V90/><F75/><W33/><G33/><T54/><D54/><U101/><E101/><V73/><F72/><W121/><G121/><T19/><D19/><U21/><E21/><V96/><F73/><W6/><G6/><RYUUKYOKU ba="0,1" sc="359,10,211,10,148,-30,272,10" hai0="50,52,59,68,83,86,89,92,97,100" hai1="7,11,15,44,45,55,58" hai3="5,10,13,23,24,26,27,28,48,53,61,62,63" /><INIT seed="3,1,1,3,5,23" ten="369,221,118,282" oya="3" hai0="86,39,110,24,96,114,28,14,94,82,91,11,10" hai1="36,59,72,5,21,26,71,53,69,30,68,92,102" hai2="85,55,58,56,95,16,98,90,109,38,111,64,25" hai3="105,50,31,15,74,75,124,33,112,13,118,107,135"/><W61/><G118/><T78/><D39/><U129/><E36/><V12/><F38/><W83/><G112/><T130/><D114/><U29/><E72/><V43/><F43/><W40/><G135/><T122/><D122/><U132/><E129/><V134/><F134/><W20/><G33/><T101/><D110/><N who="2" m="41994" /><F64/><W27/><G124/><T41/><D41/><U45/><E45/><V52/><F58/><W65/><G75/><T115/><D130/><U9/><E132/><V127/><F127/><W76/><G105/><T88/><D115/><U3/><E30/><V60/><F55/><W67/><G107/><T104/><D14/><U32/><E32/><V70/><F70/><W62/><G65/><T87/><D91/><U46/><E46/><V97/><F12/><W57/><G61/><T99/><D96/><U119/><E119/><V125/><F125/><W2/><G2/><T108/><D108/><U100/><REACH who="1" step="1"/><E92/><REACH who="1" ten="369,211,118,282" step="2"/><V8/><F8/><W18/><G40/><T0/><D0/><U66/><E66/><V48/><F60/><AGARI ba="1,2" hai="3,5,9,21,26,29,53,59,60,68,69,71,100,102" machi="60" ten="40,2600,0" yaku="1,1,52,1,53,0" doraHai="23" doraHaiUra="116" who="1" fromWho="2" sc="369,0,211,49,118,-29,282,0" /><INIT seed="4,0,0,4,0,126" ten="369,260,89,282" oya="0" hai0="55,133,94,112,119,16,32,1,2,85,47,108,72" hai1="73,90,114,76,35,103,71,39,105,101,58,49,9" hai2="99,107,4,10,11,75,98,41,81,13,26,120,0" hai3="59,15,100,38,121,117,14,104,87,48,78,83,45"/><T116/><D72/><U113/><E71/><V77/><F120/><W82/><G117/><T127/><D32/><U80/><E39/><V63/><F107/><W65/><G121/><T5/><D127/><U60/><E35/><V61/><F26/><W28/><G38/><T91/><D2/><U92/><E49/><V67/><F63/><W128/><G128/><T25/><D112/><N who="1" m="43115" /><E9/><V64/><F64/><W23/><G100/><T84/><D133/><U46/><E46/><V74/><F75/><W24/><G104/><T54/><D108/><U93/><E93/><V89/><F89/><W12/><G83/><T115/><D115/><U53/><E105/><V20/><F20/><W70/><G70/><T79/><D5/><U51/><E51/><V37/><F61/><W102/><G102/><T19/><D1/><U40/><E40/><V29/><F67/><W27/><G27/><T3/><D3/><U111/><E111/><V124/><F29/><W62/><REACH who="3" step="1"/><G14/><REACH who="3" ten="369,260,89,272" step="2"/><T95/><D25/><U31/><E31/><V66/><F124/><W106/><G106/><T130/><D130/><U132/><E132/><V34/><F34/><W86/><G86/><AGARI ba="0,1" hai="53,58,60,73,76,80,86,90,92,101,103" m="43115" machi="86" ten="30,2000,0" yaku="15,1,11,1" doraHai="126" who="1" fromWho="3" sc="369,0,260,30,89,0,272,-20" /><INIT seed="5,0,0,5,2,109" ten="369,290,89,252" oya="1" hai0="132,18,49,58,28,47,61,79,20,107,115,14,24" hai1="85,133,63,26,95,67,128,90,36,87,43,92,51" hai2="42,75,100,83,40,17,8,120,127,104,27,16,113" hai3="101,9,134,68,111,122,77,96,91,55,121,45,116"/><U103/><E128/><V89/><F120/><W114/><G116/><T97/><D132/><U81/><E36/><V86/><F104/><W93/><G111/><T60/><D79/><U69/><E133/><V123/><F100/><W54/><G134/><T66/><D61/><U129/><E129/><V41/><F123/><W34/><G68/><T108/><D108/><U135/><E135/><V82/><F127/><W29/><G77/><T53/><D97/><U110/><E110/><V48/><F75/><W74/><G74/><T3/><D3/><U99/><E26/><V118/><F118/><W30/><G9/><T126/><D107/><U72/><E72/><V117/><F117/><W32/><G101/><T38/><D38/><U76/><E51/><V19/><F48/><W56/><G56/><T39/><D39/><U2/><E2/><V11/><F27/><W46/><G96/><T102/><D102/><U13/><E13/><V78/><REACH who="2" step="1"/><F113/><REACH who="2" ten="369,290,79,252" step="2"/><W62/><G62/><T7/><D126/><U1/><E103/><V84/><AGARI ba="0,1" hai="8,11,16,17,19,40,41,42,78,82,83,84,86,89" machi="84" ten="40,8000,1" yaku="1,1,2,1,0,1,8,1,54,1,53,0" doraHai="109" doraHaiUra="71" who="2" fromWho="2" sc="369,-20,290,-40,79,90,252,-20" /><INIT seed="6,0,0,1,5,48" ten="349,250,169,232" oya="2" hai0="49,90,46,76,92,100,114,32,55,130,63,5,84" hai1="67,64,50,131,40,25,101,29,87,111,120,27,12" hai2="134,1,93,16,57,22,11,85,44,94,104,75,71" hai3="70,91,105,54,113,78,34,15,30,59,19,103,10"/><V112/><F71/><W82/><G113/><T38/><D114/><U47/><E111/><V121/><F104/><W72/><G70/><T9/><D32/><U107/><E131/><V108/><F75/><W97/><G34/><T99/><D130/><U122/><E12/><V53/><F108/><W14/><G30/><T3/><D38/><U116/><E116/><V127/><F121/><N who="1" m="46697" /><E87/><V24/><F127/><W83/><G82/><T51/><D63/><U35/><E27/><V77/><F44/><W60/><G91/><T68/><D68/><U23/><E35/><V56/><F56/><W42/><G42/><T109/><D109/><U123/><E123/><V8/><F134/><W133/><G133/><T31/><D31/><U28/><E28/><V2/><F2/><W115/><G115/><T65/><D65/><U126/><E126/><V33/><F33/><W80/><G83/><T52/><D76/><U20/><E20/><V0/><F0/><W88/><G88/><T21/><D21/><U129/><E129/><V128/><F128/><W66/><REACH who="3" step="1"/><G15/><REACH who="3" ten="349,250,169,222" step="2"/><T106/><D51/><U74/><E50/><N who="2" m="30903" /><F112/><W89/><G89/><T37/><D37/><U98/><E40/><AGARI ba="0,1" hai="3,5,9,40,46,49,52,55,84,90,92,99,100,106" machi="40" ten="30,7700,0" yaku="7,1,52,2,54,1" doraHai="48" who="0" fromWho="1" sc="349,87,250,-77,169,0,222,0" /><INIT seed="7,0,0,5,5,87" ten="436,173,169,222" oya="3" hai0="108,135,82,69,8,109,57,52,91,39,11,36,131" hai1="77,120,127,59,75,85,3,72,133,134,73,79,23" hai2="83,20,101,50,102,27,13,123,26,44,124,125,68" hai3="117,42,22,9,119,67,1,56,66,115,58,31,51"/><W45/><G1/><T0/><D69/><U48/><E3/><V110/><F68/><W4/><G31/><T53/><D82/><N who="1" m="47311" /><E120/><V104/><F83/><W32/><G32/><T86/><D86/><U126/><E23/><V34/><F110/><W64/><G22/><T14/><D14/><U61/><E48/><V28/><F13/><W16/><G4/><T99/><D91/><U95/><E95/><V105/><F123/><W88/><G115/><T65/><D57/><U38/><E38/><V97/><F102/><W81/><G117/><T98/><D65/><N who="1" m="39103" /><E79/><V62/><F62/><W33/><G33/><T111/><D111/><U47/><E47/><V106/><F50/><W5/><G5/><T107/><D107/><U30/><E30/><N who="2" m="17735" /><F44/><W113/><G113/><T25/><D25/><U37/><E37/><V7/><F7/><W49/><G119/><T41/><D41/><U10/><E10/><V2/><F2/><W70/><G70/><T60/><D60/><U24/><E24/><V78/><F78/><W116/><G116/><T74/><D74/><U63/><E63/><V100/><F100/><W12/><G51/><T19/><D0/><U118/><E118/><V112/><F112/><W6/><G6/><T121/><D121/><U92/><E92/><V35/><F35/><W96/><G81/><T43/><D19/><U132/><AGARI ba="0,0" hai="72,73,75,126,127,132,133,134" m="39103,47311" machi="132" ten="40,1500,0" yaku="20,1" doraHai="87" who="1" fromWho="1" sc="436,-4,173,15,169,-4,222,-7" owari="432,52.0,188,-21.0,165,-33.0,215,2.0" /></mjloggm>