<mjloggm ver="2.3"><GO type="41" lobby="0"/><UN n0="%4A%4A%53" n1="%E5%85%83%E8%BB%8D%E4%BA%BA%E3%82%A2%E3%83%9D%E3%83%AD" n2="%E3%81%B0%E3%82%93" n3="%E2%93%9D%53%75%70%68%78" dan="14,15,13,18" rate="1977.77,2044.67,1955.46,2122.08" sx="M,M,F,M"/><TAIKYOKU oya="0"/><INIT seed="0,0,0,2,3,46" ten="250,250,250,250" oya="0" hai0="119,65,121,127,94,124,9,113,50,28,56,70,3" hai1="108,90,125,19,77,15,88,2,130,36,73,33,101" hai2="103,4,29,134,12,96,128,68,67,38,17,135,115" hai3="35,102,45,82,109,55,34,42,133,23,7,85,80"/><T21/><D121/><U120/><E120/><V106/><F115/><W84/><G109/><T26/><D113/><U98/><E108/><V59/><F128/><W81/><G133/><T37/><D37/><U25/><E125/><N who="0" m="48201" /><D119/><U11/><E36/><V54/><F38/><W49/><G102/><T100/><D70/><U44/><E130/><V8/><F29/><W62/><G35/><T131/><D131/><U95/><E2/><V57/><F68/><W72/><G72/><T48/><D9/><U39/><E73/><V27/><F67/><W83/><G34/><T32/><D3/><U111/><E77/><V99/><F99/><W79/><G23/><T58/><D32/><U89/><E111/><V75/><F75/><W118/><G118/><T22/><D21/><U1/><E1/><V0/><F27/><W14/><G85/><T66/><D66/><U64/><E64/><V126/><F126/><W105/><G105/><T5/><D5/><U117/><E117/><V104/><F104/><W13/><REACH who="3" step="1"/><G7/><REACH who="3" ten="250,250,250,240" step="2"/><T16/><D28/><U43/><E33/><V18/><F134/><W61/><G61/><N who="0" m="38055" /><D58/><AGARI ba="0,1" hai="13,14,42,45,49,55,58,62,79,80,81,82,83,84" machi="58" ten="40,8000,1" yaku="1,1,8,1,52,1,53,2" doraHai="46" doraHaiUra="10" who="3" fromWho="0" sc="250,-80,250,0,250,0,240,90" /><INIT seed="1,0,0,0,5,8" ten="170,250,250,330" oya="1" hai0="117,124,81,27,64,95,42,127,116,74,55,98,54" hai1="5,11,87,123,78,16,101,14,13,4,72,73,92" hai2="131,61,125,99,1,28,113,110,49,86,130,111,36" hai3="60,19,90,63,26,97,18,84,76,58,88,45,66"/><U126/><E123/><V133/><F1/><W56/><G45/><T15/><D64/><U6/><E126/><N who="0" m="48169" /><D42/><U17/><E101/><V103/><F125/><W21/><G97/><T20/><D81/><U0/><E0/><V122/><F36/><W33/><G33/><T31/><D74/><U106/><E106/><N who="2" m="63871" /><F28/><W109/><G109/><N who="2" m="41481" /><F49/><W135/><G135/><T40/><D40/><U83/><REACH who="1" step="1"/><E92/><REACH who="1" ten="170,240,250,330" step="2"/><V48/><F122/><W10/><G76/><T37/><D117/><U119/><E119/><V105/><F105/><W96/><G90/><N who="0" m="55671" /><D116/><U2/><E2/><V79/><F79/><W75/><G88/><T115/><D115/><U68/><E68/><V23/><F113/><W89/><G89/><T46/><D37/><U35/><E35/><V70/><F70/><W57/><G63/><T104/><D104/><U94/><E94/><V62/><F61/><W24/><G60/><T134/><D134/><U67/><E67/><V7/><F62/><W65/><G65/><T44/><D44/><U80/><E80/><V93/><F93/><W91/><G66/><T34/><D46/><U25/><E25/><V118/><F133/><W30/><G26/><T121/><D121/><U102/><E102/><V77/><F118/><W32/><G32/><T128/><D128/><U53/><E53/><V85/><F130/><W114/><G114/><T41/><D41/><U50/><E50/><V107/><F48/><W59/><G91/><T129/><D129/><U120/><E120/><V9/><F107/><W22/><G24/><T108/><D108/><U12/><E12/><V100/><F131/><RYUUKYOKU ba="0,1" sc="170,15,240,15,250,-15,330,-15" hai0="15,20,27,31,34,54,55" hai1="4,5,6,11,13,14,16,17,72,73,78,83,87" /><INIT seed="1,1,1,5,0,43" ten="185,255,235,315" oya="1" hai0="116,127,30,77,61,39,55,7,75,72,24,16,79" hai1="90,50,9,120,133,21,74,46,48,31,83,82,125" hai2="12,129,33,93,35,73,56,107,103,85,98,131,113" hai3="57,128,134,109,51,132,28,64,126,45,122,100,2"/><U20/><E120/><V76/><F113/><W135/><G2/><T37/><D116/><U1/><E133/><V52/><F12/><W15/><G122/><T97/><D7/><U105/><E105/><V10/><F10/><W38/><G109/><T117/><D117/><U60/><E125/><V121/><F121/><W11/><G128/><N who="2" m="49225" /><F73/><W19/><G28/><T110/><D110/><U80/><E74/><V54/><F54/><N who="3" m="30063" /><G38/><T29/><D97/><U49/><E31/><V8/><F8/><W36/><G36/><T119/><D127/><U106/><E106/><V58/><F58/><W70/><G126/><T59/><D119/><U67/><E90/><N who="2" m="53455" /><F76/><W23/><G57/><T95/><D77/><U5/><REACH who="1" step="1"/><E46/><REACH who="1" ten="185,245,235,315" step="2"/><V4/><F4/><W27/><G135/><T104/><D75/><U69/><AGARI ba="1,2" hai="1,5,9,20,21,48,49,50,60,67,69,80,82,83" machi="69" ten="30,11700,0" yaku="1,1,2,1,0,1,53,1" doraHai="43" doraHaiUra="34" who="1" fromWho="1" sc="185,-40,245,140,235,-40,315,-40" /><INIT seed="1,2,0,5,4,29" ten="145,385,195,275" oya="1" hai0="60,78,116,114,56,124,72,3,130,22,51,39,71" hai1="13,36,18,9,34,42,63,38,0,26,96,48,59" hai2="119,99,94,33,110,6,40,100,46,75,107,64,131" hai3="65,10,122,68,19,70,134,27,21,88,52,32,128"/><U1/><E96/><V45/><F119/><W109/><G122/><T53/><D3/><U24/><E48/><V80/><F110/><W84/><G109/><T61/><D78/><U127/><E127/><V121/><F131/><W104/><G104/><T113/><D72/><U55/><E24/><V83/><F121/><W73/><G73/><T57/><D22/><U12/><E42/><V77/><F64/><W85/><G134/><T37/><D130/><U23/><E38/><V95/><F45/><W20/><G10/><T41/><D124/><U35/><E36/><V93/><F83/><W126/><G32/><T87/><D87/><U102/><E102/><V79/><F79/><W117/><G65/><T43/><D116/><U31/><REACH who="1" step="1"/><E35/><REACH who="1" ten="145,375,195,275" step="2"/><V118/><F118/><W133/><G126/><T129/><D129/><U4/><AGARI ba="2,1" hai="0,1,4,9,12,13,18,23,26,31,34,55,59,63" machi="4" ten="20,18000,2" yaku="1,1,2,1,0,1,7,1,52,1,53,1" doraHai="29" doraHaiUra="49" who="1" fromWho="1" sc="145,-62,375,196,195,-62,275,-62" /><INIT seed="1,3,0,5,5,82" ten="83,571,133,213" oya="1" hai0="99,21,88,42,118,131,73,11,32,119,90,8,65" hai1="113,47,56,105,27,40,84,111,58,18,50,108,94" hai2="61,110,30,114,107,129,124,54,34,79,134,53,70" hai3="31,109,60,89,41,29,62,35,12,7,81,37,106"/><U1/><E113/><V122/><F79/><W10/><G106/><T22/><D73/><U86/><E105/><V15/><F15/><W117/><G109/><N who="1" m="42058" /><E1/><V43/><F43/><W126/><G126/><T69/><D131/><U135/><E135/><V72/><F54/><W20/><G35/><T87/><D42/><U101/><E101/><V103/><F53/><W96/><G37/><T38/><D65/><U33/><E94/><V104/><F61/><W112/><G117/><T116/><D69/><U51/><E51/><V95/><F30/><W17/><G31/><T115/><D38/><U127/><E127/><V66/><F66/><W120/><G120/><T14/><D115/><U57/><E33/><V48/><F48/><W16/><G112/><T6/><D32/><U98/><E98/><V45/><F95/><N who="3" m="56431" /><G41/><T97/><D119/><U55/><E40/><V85/><F103/><W100/><G100/><T68/><D68/><U5/><E5/><V125/><F125/><W0/><G7/><T92/><D118/><U63/><E63/><V2/><F45/><W80/><G62/><T75/><D116/><U132/><E132/><V102/><F102/><W13/><G0/><T52/><D99/><U71/><E71/><V123/><F123/><W59/><G29/><T74/><D97/><U64/><E64/><AGARI ba="3,0" hai="10,12,13,16,17,20,59,60,64,80,81" m="56431" machi="64" ten="30,2000,0" yaku="8,1,54,1" doraHai="82" who="3" fromWho="1" sc="83,0,571,-29,133,0,213,29" /><INIT seed="2,0,0,5,5,60" ten="83,542,133,242" oya="2" hai0="55,126,44,91,106,114,72,40,10,113,49,17,87" hai1="67,16,99,122,84,81,14,70,34,135,47,120,65" hai2="41,3,2,130,105,8,11,54,115,12,25,1,38" hai3="0,63,103,76,61,131,59,58,51,108,68,50,71"/><V39/><F105/><W116/><G76/><T9/><D72/><U93/><E70/><N who="3" m="26666" /><G103/><T107/><D107/><U31/><E135/><V36/><F115/><W52/><G0/><T64/><D106/><U57/><E47/><V134/><F41/><W121/><G108/><T133/><D133/><U53/><E31/><V102/><F134/><W123/><G131/><T80/><D126/><U77/><E34/><V124/><F130/><W125/><G116/><T27/><D114/><U56/><E93/><V119/><F119/><W86/><G86/><T101/><D101/><U23/><E99/><V33/><F102/><W30/><G30/><T88/><D91/><U37/><E37/><V110/><F110/><W20/><G20/><T28/><D40/><U94/><E94/><V45/><F124/><W6/><G6/><T48/><D48/><N who="3" m="18473" /><G125/><T85/><D85/><U96/><E96/><V74/><F74/><W117/><G117/><T35/><D113/><U69/><E69/><V90/><F90/><W92/><G92/><T100/><D100/><U4/><E4/><V26/><F33/><W15/><G15/><N who="0" m="7407" /><D10/><N who="2" m="3626" /><F12/><W75/><G75/><T42/><D42/><U111/><E111/><V82/><F82/><W98/><G98/><T79/><D79/><U19/><E81/><V97/><F97/><W129/><G129/><T29/><D29/><U5/><E77/><V32/><F32/><W83/><G83/><T104/><D104/><U18/><E84/><V73/><F73/><W24/><G24/><T21/><D35/><U62/><E14/><V22/><F22/><W13/><G13/><RYUUKYOKU ba="0,0" sc="83,10,542,-30,133,10,242,10" hai0="21,27,28,44,49,55,64,80,87,88" hai2="1,2,3,25,26,36,38,39,45,54" hai3="52,58,59,61,63,121,123" /><INIT seed="2,1,0,5,3,53" ten="93,512,143,252" oya="2" hai0="55,18,12,127,129,83,73,76,96,106,75,35,108" hai1="59,114,120,10,109,117,74,133,101,126,77,56,87" hai2="19,134,8,23,131,88,86,64,40,5,84,17,99" hai3="3,118,9,79,6,125,72,130,116,102,44,45,1"/><V80/><F131/><W124/><G102/><T97/><D35/><U70/><E10/><V24/><F134/><W34/><G45/><T27/><D129/><U69/><E114/><V68/><F40/><W20/><G44/><T98/><D106/><U60/><E117/><N who="3" m="45162" /><G79/><T13/><D73/><U103/><E109/><V22/><F99/><W50/><G50/><T48/><D108/><U82/><E133/><V39/><F39/><W107/><G72/><T119/><D119/><U31/><E31/><V43/><F43/><W16/><G107/><T42/><D42/><U93/><E126/><N who="3" m="48746" /><G34/><T26/><D12/><U132/><E132/><V92/><F68/><W41/><G41/><T122/><D122/><U89/><E120/><V29/><F64/><W63/><G63/><T0/><D0/><U38/><E38/><V104/><F104/><W25/><G130/><T81/><D81/><U135/><E135/><V33/><F33/><W46/><G46/><T47/><D127/><U100/><REACH who="1" step="1"/><E56/><REACH who="1" ten="93,502,143,252" step="2"/><V115/><F115/><W128/><G128/><T28/><D28/><U105/><E105/><V14/><REACH who="2" step="1"/><F23/><REACH who="2" ten="93,502,133,252" step="2"/><W7/><G9/><T66/><REACH who="0" step="1"/><D66/><AGARI ba="1,2" hai="59,60,66,69,70,74,77,82,87,89,93,100,101,103" machi="66" ten="40,2600,0" yaku="1,1,52,1,53,0" doraHai="53" doraHaiUra="4" who="1" fromWho="0" sc="93,-29,502,49,133,0,252,0" /><INIT seed="3,0,0,0,3,11" ten="64,551,133,252" oya="3" hai0="41,111,18,84,39,97,115,85,57,83,17,30,47" hai1="48,104,7,62,114,1,49,117,73,59,60,124,93" hai2="0,75,131,40,54,91,10,121,23,125,109,94,24" hai3="58,71,76,78,86,107,21,112,81,105,135,99,128"/><W82/><G71/><T74/><D30/><U31/><E117/><V113/><F109/><W77/><G21/><T6/><D111/><U61/><E104/><N who="3" m="40010" /><G58/><T67/><D97/><U51/><E114/><V56/><F75/><W50/><G50/><T70/><D70/><U13/><E73/><V27/><F113/><W25/><G25/><T100/><D100/><U127/><E31/><V106/><F106/><W110/><G128/><T26/><D26/><U37/><E37/><V101/><F131/><W126/><G135/><T44/><D44/><U3/><E93/><V64/><F121/><W118/><G126/><N who="1" m="48170" /><E59/><V133/><F125/><W89/><G118/><T55/><D67/><U20/><E7/><V65/><F133/><W87/><G112/><T32/><D32/><U33/><E33/><V80/><F40/><W43/><G43/><T90/><D74/><U72/><E72/><V36/><F36/><W120/><G120/><T15/><D115/><U132/><E132/><V46/><F46/><W103/><G110/><T98/><D98/><U29/><E29/><V22/><F64/><W53/><G53/><T52/><D85/><U2/><E20/><V69/><F65/><W95/><AGARI ba="0,0" hai="76,77,78,81,82,86,87,89,95,99,103" m="40010" machi="95" ten="30,12000,1" yaku="35,5" doraHai="11" who="3" fromWho="3" sc="64,-40,551,-40,133,-40,252,120" /><INIT seed="3,1,0,5,2,127" ten="24,511,93,372" oya="3" hai0="27,117,116,91,83,76,92,132,2,73,112,84,16" hai1="5,59,62,17,114,63,47,96,60,109,126,125,53" hai2="131,29,12,55,57,115,123,31,89,36,88,3,77" hai3="50,97,18,42,106,35,48,0,98,94,14,32,68"/><W44/><G0/><T24/><D2/><U41/><E5/><V38/><F3/><W113/><G113/><T65/><D132/><U95/><E114/><V7/><F115/><W103/><G68/><T49/><D112/><U61/><E17/><V28/><F77/><W20/><REACH who="3" step="1"/><G50/><REACH who="3" ten="24,511,93,362" step="2"/><T40/><D117/><U82/><E126/><V121/><F131/><W37/><G37/><T79/><D116/><U25/><E125/><V21/><F36/><W107/><G107/><T74/><D65/><U52/><E63/><V72/><F38/><W122/><G122/><T9/><D74/><U99/><E62/><V64/><F72/><W26/><G26/><T120/><D120/><U75/><E25/><V10/><F64/><W11/><G11/><T22/><D9/><U108/><E60/><N who="2" m="35903" /><F123/><W70/><G70/><T119/><D119/><U80/><E61/><V66/><F66/><W118/><G118/><T33/><D33/><U102/><E109/><V128/><F121/><W90/><AGARI ba="1,1" hai="14,18,20,32,35,42,44,48,90,94,97,98,103,106" machi="90" ten="20,7800,0" yaku="1,1,0,1,7,1,53,1" doraHai="127" doraHaiUra="13" who="3" fromWho="3" sc="24,-27,511,-27,93,-27,362,91" owari="-3,-50.0,484,58.0,66,-33.0,453,25.0" /></mjloggm>