<mjloggm ver="2.3"><GO type="41" lobby="0"/><UN n0="%E6%88%90%E5%8F%8C%E3%81%AE%E7%B5%B6%E5%82%91" n1="%E2%93%9D%53%75%70%68%78" n2="%E3%81%BE%E3%81%93%E3%81%A1%E3%82%85%E3%81%82%E3%83%BC%E3%82%93" n3="%E3%83%8A%E3%82%AB%E3%83%A4%E3%83%9E%EF%BC%A0%E6%9C%A8%E6%9D%90%E5%B1%8B" dan="15,19,14,14" rate="1983.59,2216.46,1996.62,2007.32" sx="M,M,M,M"/><TAIKYOKU oya="0"/><INIT seed="0,0,0,2,2,73" ten="250,250,250,250" oya="0" hai0="101,115,83,110,127,79,26,46,59,36,62,77,71" hai1="41,44,98,106,126,21,2,27,131,29,1,3,7" hai2="48,75,52,121,91,19,16,37,20,45,134,15,69" hai3="33,63,6,13,0,135,81,118,67,42,130,78,107"/><T23/><D115/><U85/><E131/><V50/><F37/><W102/><G135/><T96/><D71/><U128/><E128/><V116/><F69/><W40/><G130/><T5/><D127/><U89/><E126/><V9/><F75/><W66/><G66/><T49/><D36/><U132/><E132/><V111/><F134/><W14/><G33/><T4/><D110/><U133/><E133/><V53/><F111/><W32/><G14/><T125/><D83/><U113/><E113/><V64/><F64/><W108/><G0/><T38/><D38/><U123/><E123/><V119/><F91/><W122/><G32/><T76/><D96/><U93/><E106/><V95/><F95/><W104/><G122/><T92/><D92/><U97/><REACH who="1" step="1"/><E7/><REACH who="1" ten="250,240,250,250" step="2"/><V70/><F121/><W17/><G107/><T109/><D109/><U22/><E22/><V12/><REACH who="2" step="1"/><F70/><REACH who="2" ten="250,240,240,250" step="2"/><W74/><G108/><T31/><D125/><U87/><E87/><V8/><F8/><W11/><G6/><T10/><D10/><U47/><E47/><AGARI ba="0,2" hai="9,12,15,16,19,20,45,47,48,50,52,53,116,119" machi="47" ten="40,12000,2" yaku="1,1,9,1,54,2,53,2" doraHai="73" doraHaiUra="112" who="2" fromWho="1" sc="250,0,240,-120,240,140,250,0" /><INIT seed="1,0,0,1,0,101" ten="250,120,380,250" oya="1" hai0="105,74,37,88,18,89,117,49,50,47,80,45,113" hai1="129,58,128,33,118,6,106,120,133,29,132,78,75" hai2="90,4,70,98,55,63,131,30,68,100,20,51,77" hai3="76,46,14,103,19,11,102,107,9,94,15,17,64"/><U122/><E58/><V85/><F77/><W48/><G64/><T67/><D105/><U125/><E118/><V43/><F4/><W32/><G32/><T1/><D1/><U65/><E65/><V41/><F68/><W39/><G39/><T134/><D134/><N who="1" m="51819" /><E6/><V121/><F121/><N who="1" m="46697" /><E29/><V5/><F131/><N who="1" m="50249" /><E33/><V38/><F38/><W110/><G107/><T56/><D37/><U57/><E57/><V2/><F5/><W109/><G76/><T119/><D56/><U34/><E34/><V3/><F2/><W24/><G24/><T28/><D67/><U10/><E10/><V0/><F3/><W99/><G103/><T108/><D28/><U114/><E106/><V31/><F0/><W83/><G48/><T104/><D18/><U92/><E92/><V61/><F30/><W44/><G46/><T86/><D104/><U73/><E114/><V81/><F70/><W53/><G44/><T72/><D113/><U66/><E66/><V79/><F61/><W22/><G22/><T87/><D80/><N who="1" m="45135" /><E75/><V59/><F63/><W25/><G53/><T124/><REACH who="0" step="1"/><D108/><REACH who="0" ten="240,120,380,250" step="2"/><U127/><AGARI ba="0,1" hai="125,127" m="45135,50249,46697,51819" machi="127" ten="40,18000,2" yaku="30,2,20,1,19,1,23,1,34,2" doraHai="101" who="1" fromWho="1" sc="240,-60,120,190,380,-60,250,-60" /><INIT seed="1,1,0,5,4,25" ten="180,310,320,190" oya="1" hai0="44,118,75,22,40,17,122,9,135,26,124,121,47" hai1="28,20,33,31,88,5,107,92,12,120,73,97,15" hai2="18,119,29,69,78,102,56,105,0,10,130,132,86" hai3="27,109,129,104,89,70,41,46,100,115,24,42,128"/><U101/><E120/><V99/><F69/><W95/><G115/><T87/><D75/><U111/><E33/><V112/><F119/><W38/><G109/><T90/><D118/><U123/><E123/><V103/><F103/><W127/><G127/><T74/><D74/><U62/><E111/><V110/><F110/><W30/><G70/><T21/><D135/><U52/><E73/><V37/><F37/><W1/><G1/><T34/><D34/><U126/><E126/><V48/><F132/><W45/><G100/><T3/><D44/><U81/><E107/><V76/><F112/><W77/><G77/><T133/><D133/><U49/><E62/><V84/><F84/><W72/><G104/><T6/><D21/><U125/><E125/><V63/><F48/><W14/><G14/><N who="1" m="5162" /><E20/><V114/><F114/><W106/><G106/><T108/><D124/><U117/><E5/><V96/><F0/><W54/><G54/><T59/><D108/><U79/><E117/><V80/><F76/><W116/><G116/><T8/><D8/><U131/><E131/><V58/><F10/><W50/><G72/><T113/><D113/><U60/><E60/><V57/><F130/><W19/><G129/><T43/><D121/><U55/><E79/><V68/><F18/><W85/><G128/><T23/><D23/><U65/><E65/><V83/><F68/><W134/><G134/><T93/><D122/><U51/><E51/><V7/><F63/><W39/><G50/><T67/><D47/><N who="1" m="27711" /><E55/><V71/><F71/><W11/><G39/><T13/><D3/><U4/><E4/><RYUUKYOKU ba="1,0" sc="180,15,310,15,320,-15,190,-15" hai0="6,9,13,17,22,26,40,43,59,67,87,90,93" hai1="28,31,81,88,92,97,101" /><INIT seed="1,2,0,5,5,0" ten="195,325,305,175" oya="1" hai0="27,75,107,103,45,8,108,47,99,26,83,4,81" hai1="60,25,110,44,122,93,91,72,51,84,21,66,115" hai2="29,102,94,77,23,118,112,113,12,131,64,70,111" hai3="97,18,100,125,69,88,28,3,54,92,106,19,86"/><U14/><E115/><N who="2" m="44107" /><F64/><W55/><G69/><T11/><D108/><U119/><E122/><V20/><F70/><W117/><G117/><T9/><D4/><U134/><E134/><V15/><F94/><W48/><G125/><T120/><D120/><U127/><E72/><V33/><F102/><W61/><G3/><T43/><D75/><U104/><E104/><V90/><F90/><W109/><G109/><T17/><D17/><U22/><E127/><V32/><F77/><W37/><G37/><T40/><D99/><U124/><E119/><V24/><F118/><W116/><G116/><T63/><D107/><U5/><E110/><V123/><F123/><W128/><G128/><T52/><D103/><U80/><E93/><V130/><F111/><W53/><G28/><T56/><D43/><U71/><E124/><V67/><F67/><W38/><G61/><T34/><D34/><N who="2" m="13418" /><F20/><W101/><G38/><T89/><D89/><U42/><REACH who="1" step="1"/><E25/><REACH who="1" ten="195,315,305,175" step="2"/><V7/><F12/><W121/><G121/><T126/><D126/><U68/><E68/><V65/><F65/><W57/><G106/><T30/><D27/><U129/><E129/><N who="2" m="49163" /><F15/><W59/><G97/><T133/><D26/><U114/><E114/><V58/><F58/><W36/><G59/><T135/><D56/><U85/><E85/><V62/><F62/><W39/><G86/><T49/><D63/><U82/><E82/><V74/><F74/><W35/><G57/><T50/><D81/><U16/><E16/><V41/><F7/><W78/><G92/><T96/><D83/><U95/><E95/><V132/><F132/><RYUUKYOKU ba="2,1" sc="195,-15,315,15,305,15,175,-15" hai1="5,14,21,22,42,44,51,60,66,71,80,84,91" hai2="23,24,29,41" /><INIT seed="1,3,1,2,1,45" ten="180,330,320,160" oya="1" hai0="95,27,4,130,128,35,24,120,108,100,3,97,93" hai1="26,127,48,86,98,79,83,49,38,18,88,101,9" hai2="129,8,69,106,131,105,72,31,1,43,15,53,21" hai3="36,107,60,74,20,92,87,37,126,66,14,118,39"/><U19/><E38/><V13/><F69/><W65/><G107/><T7/><D3/><U77/><E127/><V90/><F72/><W22/><G74/><T68/><D68/><U133/><E133/><V121/><F121/><W41/><G126/><T34/><D108/><U76/><E26/><V84/><F43/><W61/><G118/><T70/><D70/><U51/><REACH who="1" step="1"/><E9/><REACH who="1" ten="180,320,320,160" step="2"/><V122/><F122/><W33/><G39/><T28/><D120/><U57/><E57/><V132/><F132/><W124/><G124/><T63/><D27/><U75/><E75/><V73/><F73/><W112/><G36/><T82/><D24/><U111/><E111/><V104/><F31/><W11/><G33/><T0/><D28/><U89/><E89/><V91/><F90/><N who="3" m="53343" /><G37/><T96/><D34/><U30/><E30/><V25/><F25/><W56/><G112/><T81/><D35/><U50/><N who="1" m="12288" /><DORA hai="102" /><U17/><E17/><V135/><F135/><W58/><G41/><T32/><D32/><U12/><E12/><V55/><F13/><W103/><G103/><T78/><D100/><U115/><E115/><V2/><F1/><W62/><G62/><T116/><D0/><U109/><E109/><V29/><F2/><W54/><G66/><T23/><D116/><U46/><E46/><V114/><F114/><W123/><G123/><T67/><D67/><U47/><E47/><V71/><F71/><W59/><G59/><T44/><D44/><U113/><E113/><V85/><F91/><W64/><G64/><T94/><D63/><U134/><E134/><V80/><F29/><RYUUKYOKU ba="3,2" sc="180,-15,320,15,320,-15,160,15" hai1="18,19,76,77,79,83,86,88,98,101" hai3="11,14,20,22,54,56,58,60,61,65" /><INIT seed="1,4,2,5,1,96" ten="165,335,305,175" oya="1" hai0="102,2,133,75,79,88,120,33,29,115,65,28,44" hai1="47,20,81,11,127,53,63,54,80,30,41,122,1" hai2="84,108,92,6,107,99,64,104,14,72,46,9,0" hai3="8,119,69,59,85,26,4,98,77,66,93,45,39"/><U51/><E122/><V128/><F72/><W48/><G39/><T19/><D115/><U131/><E131/><V55/><F108/><W130/><G69/><T123/><D2/><U86/><E127/><V57/><F128/><W113/><G130/><T117/><D117/><U32/><E32/><V42/><F64/><W37/><G37/><T91/><D133/><U27/><E81/><V15/><F84/><W43/><G119/><T23/><D65/><U114/><E114/><V58/><F57/><W10/><G113/><T90/><D33/><U109/><E109/><V49/><F104/><W124/><G26/><T73/><D44/><U7/><REACH who="1" step="1"/><E63/><REACH who="1" ten="165,325,305,175" step="2"/><V125/><F125/><W83/><G124/><T12/><D123/><U118/><E118/><V97/><F107/><W62/><REACH who="3" step="1"/><G4/><REACH who="3" ten="165,325,305,165" step="2"/><T74/><D120/><U129/><E129/><V50/><F6/><W67/><G67/><T38/><D38/><U100/><E100/><AGARI ba="4,4" hai="8,10,43,45,48,59,62,66,77,83,85,93,98,100" machi="100" ten="30,7700,0" yaku="1,1,7,1,8,1,52,1,53,0" doraHai="96" doraHaiUra="112" who="3" fromWho="1" sc="165,0,325,-89,305,0,165,129" /><INIT seed="2,0,0,0,3,89" ten="165,236,305,294" oya="2" hai0="99,17,103,54,111,98,85,113,31,96,9,40,75" hai1="43,119,39,1,88,125,130,68,83,127,6,132,63" hai2="8,95,22,33,134,108,72,80,124,56,52,123,45" hai3="51,15,116,133,4,109,101,115,3,126,78,86,97"/><V60/><F123/><W12/><G109/><T120/><D75/><U100/><E119/><V110/><F33/><W87/><G133/><T93/><D113/><U55/><E100/><V107/><F107/><W46/><G126/><T29/><D111/><N who="2" m="42538" /><F124/><W48/><G115/><T26/><D120/><U18/><E130/><V90/><F134/><W114/><G114/><T112/><D112/><U42/><E6/><V13/><F22/><W122/><G122/><T35/><D40/><U81/><E43/><V19/><F45/><W30/><G30/><T49/><D31/><U14/><E132/><V53/><F80/><W32/><G32/><T69/><D69/><U5/><E83/><V117/><F72/><W57/><G78/><T16/><D9/><U28/><E28/><V105/><F105/><W92/><G3/><T62/><D62/><U2/><E2/><V66/><F117/><W23/><G15/><T131/><D131/><U74/><E14/><V84/><AGARI ba="0,0" hai="8,13,19,52,53,56,60,66,84,90,95" m="42538" machi="84" ten="30,11700,0" yaku="14,1,10,1,52,1,54,1" doraHai="89" who="2" fromWho="2" sc="165,-39,236,-39,305,117,294,-39" /><INIT seed="2,1,0,0,2,19" ten="126,197,422,255" oya="2" hai0="89,44,95,114,87,43,47,79,46,28,13,124,21" hai1="106,68,119,117,78,51,4,122,100,48,31,11,84" hai2="60,66,76,23,88,38,104,20,93,32,24,74,6" hai3="29,40,49,35,128,8,99,115,57,77,108,135,12"/><V55/><F38/><W27/><G115/><T131/><D114/><U130/><E68/><V72/><F104/><W25/><G108/><T94/><D124/><U39/><E39/><V42/><F42/><W80/><G128/><T14/><D131/><U70/><E70/><V81/><F72/><W30/><G99/><T97/><D79/><U102/><E31/><V62/><F6/><W54/><G40/><T120/><D120/><U107/><E78/><V16/><F32/><W65/><G65/><T116/><D116/><U0/><E84/><V64/><F62/><W109/><G135/><T10/><D14/><U18/><E18/><V73/><F74/><W53/><G109/><T83/><D43/><U132/><E130/><V26/><F55/><W82/><G77/><T22/><D28/><U2/><E4/><V59/><F59/><W113/><G54/><T111/><D111/><U63/><E63/><V110/><F60/><W36/><G36/><T58/><D58/><U103/><E103/><V5/><F5/><W134/><G134/><T90/><D83/><U33/><E132/><V41/><F41/><W121/><G121/><T105/><D105/><U45/><E122/><V71/><F71/><W17/><REACH who="3" step="1"/><G113/><REACH who="3" ten="126,197,422,245" step="2"/><T56/><REACH who="0" step="1"/><D56/><REACH who="0" ten="116,197,422,245" step="2"/><U98/><E119/><V50/><F110/><W129/><G129/><T37/><D37/><U1/><E117/><V92/><F50/><W67/><G67/><T91/><D91/><U3/><E51/><V69/><F69/><W133/><G133/><T61/><D61/><U9/><E48/><V118/><F118/><W15/><G15/><RYUUKYOKU ba="1,2" sc="116,15,197,-15,422,-15,245,15" hai0="10,13,21,22,44,46,47,87,89,90,94,95,97" hai3="8,12,17,25,27,29,30,35,49,53,57,80,82" /><INIT seed="3,2,2,0,2,55" ten="131,182,407,260" oya="3" hai0="108,89,57,103,4,117,58,38,94,95,90,1,13" hai1="25,120,91,44,113,27,116,35,68,14,85,45,84" hai2="105,123,72,6,42,0,78,23,122,52,83,15,59" hai3="8,24,124,10,81,41,28,87,75,129,43,71,100"/><W40/><G75/><T32/><D117/><U130/><E120/><N who="2" m="46123" /><F105/><W31/><G71/><T16/><D32/><U51/><E68/><V64/><F64/><W62/><G129/><T26/><D38/><U99/><E113/><V92/><F42/><W18/><G124/><T80/><D108/><U114/><E35/><V76/><F76/><W11/><G100/><T132/><D132/><U112/><E14/><V126/><F126/><W98/><G98/><N who="0" m="59863" /><D1/><U53/><E130/><V5/><F0/><W3/><G3/><T2/><D4/><U128/><E116/><V34/><F34/><W49/><G49/><T107/><D2/><U37/><E128/><V119/><F92/><W110/><G110/><T97/><D107/><U121/><E121/><V60/><F119/><W74/><G74/><T125/><D26/><N who="1" m="9739" /><E114/><V118/><F118/><W63/><G18/><AGARI ba="2,2" hai="5,6,15,18,23,52,59,60,72,78,83" m="46123" machi="18" ten="30,3900,0" yaku="13,1,52,1,54,1" doraHai="55" who="2" fromWho="3" sc="131,0,182,0,407,65,260,-45" /><INIT seed="4,0,0,4,4,19" ten="131,182,472,215" oya="0" hai0="72,119,79,130,126,96,9,112,43,128,99,34,3" hai1="88,98,78,44,85,104,25,45,109,38,95,16,7" hai2="65,57,32,27,71,24,15,47,42,107,74,8,90" hai3="48,123,133,108,53,118,6,61,117,56,77,31,37"/><T10/><D119/><U67/><E109/><V106/><F74/><W111/><G6/><T113/><D34/><U22/><E38/><V5/><F71/><W131/><G77/><T11/><D79/><U100/><E67/><V132/><F132/><W28/><G37/><T30/><D72/><U129/><E129/><N who="0" m="49769" /><D30/><U97/><REACH who="1" step="1"/><E7/><REACH who="1" ten="131,172,472,215" step="2"/><V83/><F65/><N who="3" m="39079" /><G131/><T75/><D75/><U29/><E29/><V12/><F5/><W17/><G28/><T127/><D3/><U59/><E59/><V50/><F57/><N who="3" m="32935" /><G31/><T23/><D43/><U35/><E35/><V64/><F42/><W110/><G17/><T1/><D1/><U103/><E103/><V14/><F32/><W58/><G133/><T102/><D102/><U76/><E76/><V66/><F64/><W120/><G58/><T80/><D80/><AGARI ba="0,1" hai="16,22,25,44,45,78,80,85,88,95,97,98,100,104" machi="80" ten="40,12000,2" yaku="1,1,52,1,54,2,53,2" doraHai="19" doraHaiUra="93" who="1" fromWho="0" sc="131,-120,172,130,472,0,215,0" /><INIT seed="5,0,0,1,3,98" ten="11,302,472,215" oya="1" hai0="1,65,109,5,90,135,68,15,124,0,6,92,94" hai1="126,9,47,116,62,52,4,75,46,91,26,70,43" hai2="96,51,97,23,104,80,16,45,115,88,110,17,66" hai3="107,81,72,134,48,120,22,13,101,133,127,118,12"/><U67/><E116/><V35/><F35/><W21/><G120/><T69/><D109/><U79/><E126/><V20/><F110/><W95/><G127/><T82/><D124/><U44/><E26/><V59/><F104/><W10/><G118/><T85/><D135/><N who="3" m="51721" /><G107/><T74/><D15/><N who="3" m="5705" /><G10/><T103/><D74/><U56/><E91/><V131/><F59/><W33/><G33/><T39/><D39/><U27/><E27/><V83/><F45/><W34/><G34/><T86/><D103/><U8/><E43/><V63/><F51/><W128/><G128/><T60/><D69/><U2/><E9/><V57/><F57/><W112/><G48/><T121/><D121/><U71/><REACH who="1" step="1"/><E67/><REACH who="1" ten="11,292,472,215" step="2"/><V32/><F66/><W50/><G112/><T100/><D90/><U99/><E99/><V49/><F96/><N who="3" m="59551" /><G50/><T122/><D122/><U129/><E129/><V78/><F49/><W119/><G119/><T31/><D65/><U25/><E25/><V105/><F97/><W58/><G58/><T40/><D68/><U84/><E84/><V19/><F131/><W64/><G64/><T123/><D40/><U93/><E93/><V108/><F115/><W77/><AGARI ba="0,1" hai="21,22,72,77,81" m="59551,5705,51721" machi="77" ten="30,2000,0" yaku="20,1,52,1" doraHai="98" who="3" fromWho="3" sc="11,-5,292,-10,472,-5,215,30" /><INIT seed="6,0,0,2,0,3" ten="6,282,467,245" oya="2" hai0="122,107,60,89,10,64,82,106,30,12,95,123,130" hai1="5,79,112,57,24,116,49,81,120,42,20,65,90" hai2="111,53,15,56,6,33,11,43,101,77,62,86,55" hai3="32,66,67,23,8,63,118,47,91,98,68,93,1"/><V69/><F33/><W88/><G118/><T110/><D110/><U39/><E112/><V17/><F101/><W16/><G32/><T115/><D115/><U14/><E39/><V13/><F69/><W48/><G67/><T28/><D28/><U84/><E120/><V83/><F43/><W113/><G113/><T26/><D26/><U126/><E126/><V19/><F111/><W52/><G1/><T58/><D58/><U105/><E105/><V94/><F94/><W125/><G125/><T131/><D131/><U104/><E104/><V78/><F77/><W92/><G8/><T41/><D41/><U54/><E116/><V7/><F53/><W102/><G93/><T124/><D124/><U109/><E65/><V135/><F135/><W117/><G117/><T132/><D132/><U2/><E2/><V134/><F134/><W27/><AGARI ba="0,0" hai="16,23,27,47,48,52,63,66,68,88,91,92,98,102" machi="27" ten="20,8000,1" yaku="0,1,7,1,54,3" doraHai="3" who="3" fromWho="3" sc="6,-20,282,-20,467,-40,245,80" owari="-14,-51.0,262,-14.0,427,52.0,325,13.0" /></mjloggm>