<mjloggm ver="2.3"><GO type="41" lobby="0"/><UN n0="%E9%AB%98%E5%86%86%E5%AF%BA%E3%81%AE%E5%81%A5" n1="%E3%83%AA%E3%83%A5%E3%82%A6%E3%82%AA%E3%82%A6" n2="%E2%93%9D%53%75%70%68%78" n3="%E3%81%82%E3%81%97%E3%81%9F%E3%81%97" dan="14,14,19,13" rate="1915.80,1883.38,2174.70,1980.62" sx="M,M,M,M"/><TAIKYOKU oya="0"/><INIT seed="0,0,0,1,3,27" ten="250,250,250,250" oya="0" hai0="76,33,89,56,5,49,26,48,123,44,0,63,57" hai1="40,107,13,98,15,41,42,10,115,95,67,12,84" hai2="120,16,130,20,60,50,75,9,106,35,53,32,127" hai3="51,38,64,117,34,116,91,31,71,108,14,37,125"/><T47/><D76/><U105/><E115/><V77/><F106/><W122/><G108/><T124/><D123/><U65/><E84/><V83/><F120/><W133/><G122/><T17/><D124/><U66/><REACH who="1" step="1"/><E10/><REACH who="1" ten="250,240,250,250" step="2"/><V80/><F9/><W21/><G125/><T72/><D72/><U111/><E111/><V25/><F127/><W128/><G117/><T88/><D0/><U118/><E118/><V97/><F83/><W90/><G116/><T132/><D132/><U85/><E85/><V113/><F113/><W92/><G133/><T100/><D5/><U28/><E28/><V126/><F126/><W68/><G31/><T78/><D78/><U18/><E18/><V110/><F110/><W52/><G128/><T86/><D33/><U112/><E112/><V8/><F130/><W30/><G30/><T129/><D129/><U109/><E109/><V23/><F35/><W6/><G6/><T4/><D4/><U94/><E94/><V62/><F32/><W73/><G73/><T87/><D100/><AGARI ba="0,1" hai="12,13,15,40,41,42,65,66,67,95,98,100,105,107" machi="100" ten="50,6400,0" yaku="1,1,29,2,53,0" doraHai="27" doraHaiUra="1" who="1" fromWho="0" sc="250,-64,240,74,250,0,250,0" /><INIT seed="1,0,0,3,1,117" ten="186,314,250,250" oya="1" hai0="102,62,33,36,55,90,60,93,101,128,0,12,15" hai1="116,40,18,27,22,70,47,49,61,119,135,9,115" hai2="99,2,133,107,130,39,108,23,5,68,125,37,83" hai3="1,20,35,11,84,65,43,100,129,80,127,92,86"/><U97/><E115/><V58/><F108/><W109/><G109/><T59/><D36/><U31/><E135/><V76/><F130/><W10/><G35/><T91/><D33/><U75/><E75/><V88/><F68/><W54/><G129/><T95/><D0/><U72/><E72/><V74/><F125/><W7/><G127/><T25/><D128/><U53/><E97/><V44/><F58/><W56/><G65/><T66/><D25/><U67/><REACH who="1" step="1"/><E40/><REACH who="1" ten="186,304,250,250" step="2"/><V17/><F99/><W42/><G43/><T77/><D77/><U52/><E52/><V50/><F76/><W13/><G42/><T103/><D55/><U118/><E118/><V28/><F74/><W64/><G54/><T26/><D62/><U110/><E110/><V87/><F133/><W104/><G84/><N who="0" m="52423" /><D26/><U48/><E48/><V85/><F39/><W63/><G86/><AGARI ba="0,1" hai="12,15,59,60,66,86,91,95,101,102,103" m="52423" machi="86" ten="30,1000,0" yaku="8,1" doraHai="117" who="0" fromWho="3" sc="186,20,304,0,250,0,250,-10" /><INIT seed="2,0,0,4,1,92" ten="206,304,250,240" oya="2" hai0="89,68,84,32,90,48,93,13,43,41,17,35,126" hai1="44,27,7,100,86,1,73,130,107,71,111,46,83" hai2="132,127,42,120,24,0,128,25,119,102,28,18,55" hai3="116,104,11,37,110,131,87,22,129,52,117,103,76"/><V70/><F119/><N who="3" m="45643" /><G37/><T5/><D5/><U95/><E71/><V2/><F42/><W91/><G22/><T82/><D68/><U63/><E111/><V80/><F102/><W88/><G52/><T47/><D43/><U53/><E130/><N who="3" m="49674" /><G11/><T94/><D126/><U113/><E73/><V29/><F128/><W20/><G20/><N who="0" m="11311" /><D35/><U125/><E107/><V118/><F127/><W12/><G12/><T64/><D64/><U3/><E113/><V85/><F55/><W9/><G9/><T61/><D61/><U74/><E74/><V26/><F118/><W49/><G49/><T97/><D32/><U77/><E125/><V62/><F62/><W66/><G66/><T123/><D123/><U112/><E112/><V114/><F120/><W122/><G122/><T65/><D65/><U33/><E3/><V72/><F2/><W36/><G36/><T34/><D34/><U23/><E33/><V54/><F0/><W79/><G110/><T124/><D124/><U51/><E63/><V96/><F114/><W38/><G38/><T108/><D108/><U60/><E60/><V30/><F70/><W135/><G135/><T81/><AGARI ba="0,0" hai="41,47,48,81,82,84,89,90,93,94,97" m="11311" machi="81" ten="30,2000,0" yaku="8,1,52,1" doraHai="92" who="0" fromWho="0" sc="206,20,304,-5,250,-10,240,-5" /><INIT seed="3,0,0,1,4,45" ten="226,299,240,235" oya="3" hai0="52,90,53,73,64,95,85,80,121,17,101,56,116" hai1="35,39,122,3,107,25,92,127,118,27,13,8,61" hai2="22,132,99,125,88,32,135,133,29,113,76,30,126" hai3="6,104,63,71,51,31,10,23,97,57,84,134,4"/><W68/><G134/><T7/><D7/><U66/><E39/><V0/><F76/><W77/><G4/><T34/><D121/><U79/><E107/><V38/><F38/><W18/><G31/><T130/><D116/><U83/><E122/><V47/><F113/><W1/><G104/><T59/><D34/><U55/><E3/><V72/><F72/><W89/><G97/><T21/><D130/><U110/><E110/><V48/><F32/><W103/><G103/><T129/><D129/><U24/><E127/><N who="2" m="48651" /><F22/><W49/><G77/><T58/><D64/><U44/><E35/><V87/><F99/><W67/><G71/><T28/><D28/><U54/><E118/><V105/><F0/><W75/><G68/><T124/><D73/><U37/><E92/><N who="2" m="54303" /><F105/><W5/><G75/><T16/><D17/><U40/><E83/><V41/><AGARI ba="0,0" hai="29,30,41,47,48,132,133,135" m="54303,48651" machi="41" ten="40,8000,1" yaku="20,1,18,1,52,1,54,1" doraHai="45" who="2" fromWho="2" sc="226,-20,299,-20,240,80,235,-40" /><INIT seed="4,0,0,1,2,51" ten="206,279,320,195" oya="0" hai0="39,65,40,55,127,90,93,106,111,116,29,36,74" hai1="62,94,76,96,135,97,83,47,89,110,25,35,132" hai2="14,125,79,32,22,68,86,20,108,128,24,95,31" hai3="9,50,56,133,121,84,77,61,103,107,78,52,117"/><T33/><D106/><U118/><E35/><V100/><F108/><W85/><G117/><T12/><D74/><N who="1" m="43415" /><E47/><V63/><F128/><W92/><G107/><T41/><D111/><U131/><E62/><V45/><F125/><W112/><G112/><T102/><D127/><U72/><E25/><V126/><F126/><W28/><G133/><N who="1" m="51274" /><E118/><V114/><F63/><W2/><G121/><T88/><D65/><U64/><E64/><V26/><F45/><W15/><G28/><T70/><D70/><U119/><E119/><V54/><F26/><W7/><G2/><T99/><D39/><U73/><E110/><V23/><F24/><W122/><G122/><T4/><D36/><U101/><E131/><V6/><F31/><W34/><G34/><T81/><D29/><U82/><E82/><V37/><F32/><W49/><G49/><T5/><D81/><U30/><E30/><V0/><F37/><W109/><G109/><T17/><D33/><U124/><E124/><V91/><F68/><W98/><G50/><T60/><D116/><U134/><N who="1" m="51282" /><U16/><DORA hai="3" /><E16/><V43/><F114/><W75/><G75/><T66/><D66/><U8/><E8/><V71/><F71/><W104/><G104/><AGARI ba="0,0" hai="72,73,89,94,96,97,101,104" m="51282,43415" machi="104" ten="40,5200,0" yaku="20,1,34,2" doraHai="51,3" who="1" fromWho="3" sc="206,0,279,52,320,0,195,-52" /><INIT seed="5,0,0,4,1,16" ten="206,331,320,143" oya="1" hai0="38,111,22,8,82,3,66,42,122,103,105,95,43" hai1="85,33,124,44,94,123,63,31,125,80,49,67,14" hai2="86,30,27,69,101,134,34,109,60,1,0,57,6" hai3="9,79,89,36,130,110,65,127,113,37,53,129,98"/><U114/><E123/><V10/><F109/><W58/><G79/><T20/><D105/><U87/><E114/><V132/><F86/><W102/><G110/><T59/><D38/><U41/><E14/><V61/><F101/><W56/><G89/><T104/><D104/><U11/><E11/><V77/><F77/><W74/><G74/><T84/><D122/><U88/><E31/><V45/><F45/><W92/><G113/><T68/><D68/><U119/><E33/><V99/><F99/><W17/><G127/><T54/><D66/><U118/><E118/><V116/><F116/><W72/><G72/><T117/><D8/><U23/><E23/><N who="0" m="8745" /><D3/><U91/><REACH who="1" step="1"/><E119/><REACH who="1" ten="206,321,320,143" step="2"/><V24/><F10/><W108/><G108/><T112/><D112/><U7/><E7/><V25/><F6/><W71/><G9/><T115/><D115/><U32/><E32/><V40/><F34/><W13/><G13/><T48/><D117/><U29/><E29/><V28/><F28/><W121/><G121/><T93/><D111/><U19/><E19/><V50/><F30/><W96/><G17/><T133/><D133/><U62/><E62/><V100/><F61/><W35/><G35/><T21/><D21/><U47/><E47/><V12/><F134/><W73/><G130/><T106/><D106/><U70/><AGARI ba="0,1" hai="41,44,49,63,67,70,80,85,87,88,91,94,124,125" machi="70" ten="30,11700,0" yaku="1,1,0,1,54,1,53,1" doraHai="16" doraHaiUra="64" who="1" fromWho="1" sc="206,-39,321,127,320,-39,143,-39" /><INIT seed="5,1,0,3,4,134" ten="167,448,281,104" oya="1" hai0="5,120,89,119,95,12,17,80,20,122,98,90,105" hai1="9,52,111,68,48,58,62,64,117,11,28,132,51" hai2="87,61,42,130,1,79,72,106,131,26,118,96,0" hai3="6,2,41,60,126,70,16,3,29,84,40,54,4"/><U124/><E132/><V88/><F42/><W21/><G3/><T103/><D119/><U94/><E117/><V133/><F118/><W49/><G2/><T45/><D5/><N who="3" m="2153" /><G70/><T53/><D80/><U123/><E123/><N who="0" m="47145" /><D95/><U31/><E111/><V25/><F61/><W92/><G29/><T128/><D128/><N who="2" m="49194" /><F79/><W82/><G92/><T107/><D107/><U76/><E76/><V135/><F72/><W93/><G93/><T34/><D34/><U97/><E51/><AGARI ba="1,0" hai="12,17,20,45,51,53,89,90,98,103,105" m="47145" machi="51" ten="30,1000,0" yaku="13,1" doraHai="134" who="0" fromWho="1" sc="167,13,448,-13,281,0,104,0" /><INIT seed="6,0,0,0,1,130" ten="180,435,281,104" oya="2" hai0="44,80,83,52,96,31,88,126,72,46,9,104,41" hai1="113,75,103,43,73,65,57,120,108,64,21,39,132" hai2="6,24,50,85,61,69,123,34,107,133,84,118,49" hai3="90,95,63,48,110,38,8,27,29,91,77,68,35"/><V51/><F118/><W18/><G110/><T25/><D72/><U45/><E108/><V37/><F37/><W93/><G38/><T92/><D104/><U129/><E120/><V17/><F6/><W101/><G77/><T122/><D122/><U106/><E113/><V115/><F107/><W59/><G68/><T111/><D111/><U66/><E129/><V135/><F123/><W54/><G35/><T11/><D126/><U15/><E57/><V121/><F115/><W20/><G48/><N who="0" m="28695" /><D25/><U1/><E1/><V97/><F97/><W42/><G42/><T7/><D31/><U109/><E109/><V98/><F98/><W74/><G74/><T3/><D3/><U53/><E75/><V127/><F127/><W82/><G101/><T10/><D7/><U99/><E73/><V81/><F121/><W47/><G47/><T86/><D86/><U40/><E53/><V117/><F85/><W79/><G79/><T78/><D78/><U89/><E43/><V102/><F117/><W112/><G112/><T76/><D76/><U58/><E58/><V131/><F131/><W23/><G8/><T0/><D0/><U13/><E89/><V32/><F102/><W60/><G63/><T4/><D4/><U33/><E33/><V19/><F34/><W16/><G29/><T125/><D125/><U71/><E71/><V119/><F119/><W114/><G114/><T36/><D36/><U94/><E106/><V87/><F69/><W134/><G134/><T128/><D128/><U56/><E103/><V30/><F32/><W12/><G91/><T105/><D10/><RYUUKYOKU ba="0,0" sc="180,-10,435,-10,281,-10,104,30" hai3="12,16,18,20,23,27,54,59,60,82,90,93,95" /><INIT seed="7,1,0,3,4,99" ten="170,425,271,134" oya="3" hai0="78,17,92,43,54,120,29,20,108,107,76,134,27" hai1="66,69,106,83,60,44,104,116,50,98,74,35,13" hai2="128,88,118,36,6,2,84,21,132,31,65,125,14" hai3="1,73,121,46,131,82,105,19,0,4,113,9,94"/><W52/><G121/><T33/><D107/><U23/><E35/><V72/><F118/><W12/><G105/><T81/><D108/><U102/><E116/><V58/><F72/><W115/><G131/><T90/><D43/><U114/><E114/><N who="3" m="43530" /><G94/><T93/><D134/><U40/><E106/><V22/><F125/><W59/><G46/><T109/><D33/><U126/><E126/><V34/><F132/><W57/><G57/><T64/><D64/><U123/><E123/><V63/><F58/><W117/><G117/><T3/><D3/><U130/><E130/><V129/><F129/><W48/><G4/><T68/><D68/><U70/><E83/><V45/><F45/><W15/><G12/><N who="0" m="9255" /><D120/><U8/><E23/><V61/><F6/><W96/><G96/><N who="0" m="57367" /><D109/><U111/><E74/><V135/><F135/><W55/><G55/><T103/><D81/><U32/><E32/><V30/><F128/><W75/><G75/><T26/><D54/><U39/><E39/><V25/><F36/><W37/><G37/><T42/><D42/><U97/><E97/><V87/><F34/><W110/><G110/><T24/><D29/><U119/><E111/><V112/><F112/><W53/><G53/><T95/><D95/><U49/><E119/><V91/><F31/><W5/><G5/><T127/><D127/><U18/><E50/><V28/><F28/><W85/><G73/><T67/><D67/><U7/><E7/><V122/><F122/><W47/><G59/><AGARI ba="1,0" hai="8,13,18,40,44,49,59,60,66,69,70,98,102,104" machi="59" ten="30,2000,0" yaku="7,1,52,1" doraHai="99" who="1" fromWho="3" sc="170,0,425,23,271,0,134,-23" owari="170,-23.0,448,55.0,271,7.0,111,-39.0" /></mjloggm>