<mjloggm ver="2.3"><GO type="41" lobby="0"/><UN n0="%E6%A2%85%E3%81%95%E3%82%93%31%32%39" n1="%E3%81%B0%E3%81%B0" n2="%E2%93%9D%53%75%70%68%78" n3="%E6%B2%BC%E8%BA%8D%E9%AD%9A" dan="14,15,19,14" rate="1956.06,1967.56,2217.25,1919.68" sx="M,F,M,F"/><TAIKYOKU oya="0"/><INIT seed="0,0,0,4,0,85" ten="250,250,250,250" oya="0" hai0="53,17,33,131,78,29,28,44,124,95,115,84,97" hai1="62,15,7,34,133,16,38,46,114,87,83,61,92" hai2="79,130,71,23,132,6,31,126,73,30,8,81,105" hai3="135,120,76,99,111,35,113,58,74,2,112,121,100"/><T60/><D115/><N who="3" m="44105" /><G35/><T77/><D131/><U122/><E34/><V98/><F132/><W67/><G2/><T13/><D124/><U45/><E122/><N who="3" m="47210" /><G58/><T128/><D128/><U119/><E119/><V101/><F126/><W5/><G67/><T50/><D60/><N who="1" m="23147" /><E92/><V102/><F130/><W20/><G20/><T1/><D1/><U9/><E133/><V104/><F71/><W66/><G66/><T72/><D72/><U14/><E38/><V56/><F56/><W125/><G5/><T47/><D47/><N who="1" m="17931" /><E114/><V42/><F42/><W57/><G57/><T32/><D32/><U118/><E118/><V19/><F105/><N who="3" m="63647" /><G135/><T37/><D37/><U134/><E134/><V68/><F68/><W117/><G117/><T36/><D36/><U109/><E109/><V96/><F102/><W49/><G111/><T123/><D123/><U27/><E27/><V41/><F41/><W69/><G125/><T106/><D29/><U24/><E24/><V12/><REACH who="2" step="1"/><F98/><REACH who="2" ten="250,250,240,250" step="2"/><W110/><G69/><T116/><D116/><U26/><E7/><V55/><F55/><W93/><G110/><T91/><D97/><U129/><E129/><V63/><F63/><W64/><G64/><T3/><D106/><U86/><E9/><V18/><F18/><W75/><G49/><T0/><D0/><AGARI ba="0,1" hai="0,6,8,12,19,23,30,31,73,79,81,96,101,104" machi="0" ten="30,2000,0" yaku="1,1,7,1,53,0" doraHai="85" doraHaiUra="52" who="2" fromWho="0" sc="250,-20,250,0,240,30,250,0" /><INIT seed="1,0,0,0,5,34" ten="230,250,270,250" oya="1" hai0="122,105,132,7,29,3,131,44,95,76,100,75,2" hai1="70,82,39,109,79,12,64,97,135,51,68,74,91" hai2="33,47,58,67,57,108,96,28,126,87,5,129,125" hai3="113,71,32,9,22,40,124,85,123,55,38,65,61"/><U24/><E39/><V111/><F87/><W42/><G123/><T54/><D95/><U114/><E114/><V37/><F96/><W66/><G32/><T77/><D54/><U50/><E24/><V16/><F5/><W19/><G113/><T92/><D92/><U72/><E12/><V46/><F28/><W86/><G124/><N who="2" m="47721" /><F16/><W62/><G9/><T117/><D7/><U0/><E97/><V18/><F18/><W102/><G102/><T134/><D44/><N who="2" m="16938" /><F33/><W98/><G98/><N who="0" m="61591" /><D122/><U30/><E91/><V25/><F25/><W21/><G38/><T84/><D84/><U31/><E82/><V103/><F103/><W73/><G73/><T27/><D131/><U63/><E79/><V127/><N who="2" m="47729" /><V94/><DORA hai="120" /><F94/><W59/><G86/><T112/><D112/><U93/><E93/><V10/><F37/><W104/><G85/><T133/><D117/><U88/><E88/><V4/><F129/><W20/><G104/><T1/><D75/><U43/><E74/><V49/><F49/><W6/><G6/><T17/><D17/><U118/><E72/><V110/><F67/><W36/><G36/><T52/><D52/><U35/><E64/><V56/><F56/><W119/><G119/><T90/><D90/><U69/><E51/><V26/><F26/><W11/><G66/><T13/><D13/><AGARI ba="0,0" hai="4,10,13,57,58,108,110,111" m="16938,47729" machi="13" ten="50,8000,1" yaku="14,1,18,1,52,3" doraHai="34,120" who="2" fromWho="0" sc="230,-80,250,0,270,80,250,0" /><INIT seed="2,0,0,4,4,10" ten="150,250,350,250" oya="2" hai0="64,33,77,62,40,111,72,55,52,98,101,58,102" hai1="28,69,78,44,37,63,130,66,103,70,13,35,49" hai2="22,65,32,29,96,48,4,30,21,39,41,57,14" hai3="9,114,86,115,67,27,53,87,105,134,19,128,38"/><V23/><F39/><W71/><G128/><T116/><D116/><U89/><E130/><V117/><F117/><W12/><G105/><T108/><D33/><U109/><E109/><N who="0" m="42057" /><D40/><U125/><E125/><V104/><F32/><W20/><G38/><T6/><D6/><U7/><E103/><N who="0" m="39433" /><D98/><U90/><E78/><V80/><F96/><W107/><G107/><T34/><D34/><U131/><E70/><V59/><F104/><W75/><G75/><T56/><D77/><U24/><E37/><V88/><F65/><W54/><G134/><T81/><D81/><U16/><E7/><V123/><F123/><W118/><G118/><T124/><D72/><U74/><E74/><V120/><F120/><W50/><G71/><T36/><D36/><U17/><E17/><V18/><F4/><N who="3" m="3111" /><G67/><T46/><D46/><U5/><E5/><V93/><F80/><W43/><G43/><T92/><D92/><U94/><E131/><V129/><F129/><W95/><G95/><T132/><D124/><U85/><E90/><V68/><F68/><W60/><G115/><T99/><D99/><U82/><E94/><V127/><F127/><W121/><G114/><T15/><D132/><U113/><E113/><V100/><F100/><W84/><G121/><T3/><D3/><U122/><E122/><V91/><F91/><W47/><G87/><T11/><D58/><AGARI ba="0,0" hai="19,20,27,47,50,53,54,58,60,84,86" m="3111" machi="58" ten="30,2000,0" yaku="8,1,52,1" doraHai="10" who="3" fromWho="0" sc="150,-20,250,0,350,0,250,20" /><INIT seed="3,0,0,4,4,80" ten="130,250,350,270" oya="3" hai0="32,37,58,45,38,35,126,134,122,110,54,34,135" hai1="117,105,64,95,98,74,52,82,55,21,116,4,123" hai2="109,89,13,44,69,115,83,73,106,42,90,24,51" hai3="56,97,26,108,79,96,70,78,94,91,57,11,15"/><W121/><G121/><T18/><D122/><U22/><E105/><V118/><F115/><W67/><G108/><T31/><D110/><U0/><E64/><V61/><F118/><N who="1" m="45673" /><E123/><V119/><F106/><W23/><G70/><T47/><D31/><U77/><E0/><V1/><F1/><W65/><G79/><T68/><D68/><U43/><E43/><V60/><F73/><W8/><G78/><T128/><D18/><U5/><E21/><V102/><F102/><W107/><G11/><T84/><D126/><U93/><E93/><V29/><F109/><W48/><G107/><T14/><D14/><U71/><E71/><V92/><F13/><W10/><G10/><T27/><D27/><U19/><E5/><V36/><F36/><N who="0" m="13930" /><D128/><U132/><E132/><N who="0" m="50729" /><D58/><U88/><E4/><V9/><F119/><W6/><G57/><T99/><D99/><U130/><E130/><V131/><F131/><W40/><G97/><T85/><D54/><U86/><E74/><V120/><F120/><W2/><G2/><T124/><D124/><U16/><E19/><V17/><F17/><N who="3" m="12655" /><G56/><T72/><D72/><U133/><E133/><V46/><F69/><W30/><G30/><T28/><D28/><U114/><E114/><V75/><F29/><W25/><G25/><AGARI ba="0,0" hai="16,22,25,52,55,77,82,86,88,95,98" m="45673" machi="25" ten="30,8000,1" yaku="12,1,52,1,54,3" doraHai="80" who="1" fromWho="3" sc="130,0,250,80,350,0,270,-80" /><INIT seed="4,0,0,5,4,75" ten="130,330,350,190" oya="0" hai0="71,20,38,79,129,92,37,130,105,84,47,34,134" hai1="112,50,53,120,61,100,73,104,97,108,103,117,74" hai2="94,39,113,77,54,18,51,16,43,114,9,22,25" hai3="89,40,45,30,58,26,4,67,118,10,31,127,119"/><T115/><D34/><U63/><E117/><V52/><F39/><N who="0" m="14858" /><D105/><U78/><E120/><V27/><F94/><W111/><G111/><T86/><D71/><U60/><E108/><V33/><F77/><W65/><G127/><T56/><D56/><U17/><E112/><N who="2" m="43115" /><F9/><W14/><G119/><T93/><D115/><U133/><E133/><V101/><F101/><W3/><G118/><T35/><D35/><U121/><E103/><V21/><F33/><W131/><G131/><N who="0" m="50187" /><D134/><U125/><E78/><V70/><F70/><W132/><G132/><T41/><D20/><U23/><E125/><V42/><F54/><W12/><G58/><AGARI ba="0,0" hai="16,18,21,22,25,27,42,43,51,52,58" m="43115" machi="58" ten="30,3900,0" yaku="15,1,54,2" doraHai="75" who="2" fromWho="3" sc="130,0,330,0,350,39,190,-39" /><INIT seed="5,0,0,5,0,101" ten="130,330,389,151" oya="1" hai0="84,23,35,22,91,133,16,103,96,69,79,72,104" hai1="41,43,15,13,90,118,107,3,33,61,131,122,26" hai2="28,76,78,82,86,87,62,52,111,51,81,89,73" hai3="93,65,75,124,116,99,68,29,98,66,110,127,46"/><U80/><E3/><V0/><F111/><W10/><G110/><T132/><D35/><U134/><E122/><V129/><F129/><W135/><G75/><T40/><D40/><U7/><E118/><V34/><F0/><W18/><G135/><T21/><D69/><U109/><E107/><V117/><F117/><W44/><G116/><T94/><D133/><U25/><E33/><V64/><F28/><W113/><G113/><T106/><D132/><U39/><E39/><V60/><F34/><W1/><G29/><T92/><D92/><U42/><E131/><V12/><F64/><W70/><G70/><T56/><D56/><U97/><E109/><V14/><F89/><N who="3" m="55599" /><G68/><T83/><D106/><U126/><E126/><N who="3" m="48170" /><G99/><T19/><AGARI ba="0,0" hai="16,19,21,22,23,72,79,83,84,91,94,96,103,104" machi="19" ten="30,8000,1" yaku="0,1,24,2,52,1,54,1" doraHai="101" who="0" fromWho="0" sc="130,80,330,-40,389,-20,151,-20" /><INIT seed="6,0,0,0,5,119" ten="210,290,369,131" oya="2" hai0="132,29,127,62,49,36,92,131,33,104,58,40,42" hai1="51,55,2,41,80,72,86,67,19,20,112,64,5" hai2="13,73,60,65,84,24,125,43,37,21,39,81,102" hai3="18,57,71,34,69,115,27,133,59,17,54,26,50"/><V116/><F73/><W38/><G115/><T110/><D110/><U61/><E72/><V122/><F122/><W28/><G38/><T93/><D104/><U121/><E112/><V113/><F125/><W30/><G133/><T123/><D131/><U6/><E41/><V76/><F13/><W46/><G71/><T45/><D132/><U101/><E101/><V15/><F15/><W31/><G69/><T79/><D127/><U95/><E95/><V10/><F10/><W135/><G135/><T87/><D123/><U97/><E97/><V12/><F12/><W108/><G108/><T129/><D129/><U96/><E96/><V22/><F22/><W117/><G117/><T8/><D40/><U106/><E106/><V1/><F1/><W94/><G94/><T0/><D36/><U47/><E2/><V130/><F43/><W23/><REACH who="3" step="1"/><G34/><REACH who="3" ten="210,290,369,121" step="2"/><T118/><D118/><U44/><E121/><V107/><F113/><W120/><G120/><T11/><D93/><U9/><E80/><V52/><F130/><W82/><G82/><T4/><D92/><U99/><E99/><V89/><F116/><W91/><G91/><T75/><D79/><U111/><E111/><V114/><F114/><W128/><G128/><T32/><D32/><U77/><E77/><V109/><F109/><W53/><G53/><T48/><D33/><U83/><E67/><V90/><F65/><W3/><G3/><T78/><D78/><U134/><E64/><V98/><F39/><W56/><G56/><T126/><D126/><U85/><E134/><V16/><F37/><W14/><G14/><RYUUKYOKU ba="0,1" sc="210,-15,290,-15,369,15,121,15" hai2="16,21,24,52,60,76,81,84,89,90,98,102,107" hai3="17,18,23,26,27,28,30,31,46,50,54,57,59" /><INIT seed="6,1,1,4,0,89" ten="195,275,384,136" oya="2" hai0="37,32,52,3,36,42,97,104,93,70,10,46,126" hai1="135,5,101,124,18,54,47,35,128,85,20,134,13" hai2="96,31,108,25,112,120,110,44,99,82,102,87,76" hai3="130,98,63,24,6,57,74,91,131,95,61,16,11"/><V43/><F112/><W50/><G74/><T103/><D126/><U78/><E35/><V55/><F55/><W114/><G114/><T29/><D37/><U127/><E101/><V92/><F99/><W81/><G81/><T9/><D70/><U53/><E85/><V4/><F4/><W26/><G6/><T75/><D75/><U88/><E78/><V86/><F120/><W2/><G2/><T8/><D3/><U111/><E111/><V77/><F87/><W28/><G50/><T100/><D29/><U33/><E88/><V132/><F132/><N who="1" m="50729" /><E33/><V80/><F80/><W40/><G40/><T14/><D32/><U106/><E106/><V72/><F77/><W22/><G11/><T21/><D103/><U121/><E5/><V116/><F116/><W68/><G68/><T109/><D109/><U34/><E34/><V51/><F72/><W84/><G98/><T7/><D104/><U15/><E13/><V122/><F122/><W56/><G63/><T59/><REACH who="0" step="1"/><D21/><REACH who="0" ten="185,275,384,136" step="2"/><U48/><E121/><V133/><F133/><W67/><REACH who="3" step="1"/><G57/><REACH who="3" ten="185,275,384,126" step="2"/><T125/><D125/><U1/><E127/><V64/><F110/><W129/><G129/><T19/><D19/><U66/><E1/><V90/><F108/><W39/><G39/><T45/><D45/><U23/><E124/><V105/><F44/><W65/><G65/><T115/><D115/><U17/><E128/><V73/><F64/><W118/><G118/><T38/><D38/><U49/><E66/><V60/><F73/><W119/><G119/><T83/><D83/><U41/><E49/><AGARI ba="1,3" hai="7,8,9,10,14,36,42,46,49,52,59,93,97,100" machi="49" ten="30,8000,1" yaku="1,1,7,1,52,1,54,1,53,1" doraHai="89" doraHaiUra="94" who="0" fromWho="1" sc="185,113,275,-83,384,0,126,0" /><INIT seed="7,0,0,3,3,21" ten="298,192,384,126" oya="3" hai0="134,20,122,129,32,87,110,89,70,133,25,123,48" hai1="58,71,126,17,2,106,12,103,124,8,16,101,128" hai2="120,23,111,34,46,91,66,38,105,65,99,59,83" hai3="28,117,94,61,77,37,132,50,6,47,75,18,39"/><W72/><G117/><T131/><D70/><U57/><E71/><V104/><F111/><W135/><G6/><T127/><D48/><U35/><E35/><V115/><F115/><W90/><G28/><N who="0" m="19471" /><D89/><U130/><E2/><V24/><F34/><W15/><G61/><T52/><D87/><U11/><E12/><V116/><F120/><N who="0" m="46122" /><D52/><U63/><E106/><V79/><F38/><W97/><G39/><T86/><D86/><U41/><E63/><V43/><F116/><W36/><G37/><T107/><D107/><U60/><E60/><V55/><F105/><W114/><G36/><T76/><D76/><U40/><AGARI ba="0,0" hai="8,11,16,17,40,41,57,58,101,103,124,126,128,130" machi="40" ten="25,6400,0" yaku="0,1,22,2,54,1" doraHai="21" who="1" fromWho="1" sc="298,-16,192,64,384,-16,126,-32" owari="282,8.0,256,-14.0,368,47.0,94,-41.0" /></mjloggm>