<mjloggm ver="2.3"><GO type="41" lobby="0"/><UN n0="%53%68%69%6D%61%64%61" n1="%6A%6F%69%68" n2="%E2%93%9D%53%75%70%68%78" n3="%50%61%6C%61%64%69%6E" dan="14,15,19,15" rate="1976.24,1824.15,2208.91,1974.06" sx="M,M,M,F"/><TAIKYOKU oya="0"/><INIT seed="0,0,0,5,4,93" ten="250,250,250,250" oya="0" hai0="132,135,44,23,7,13,6,107,130,64,37,106,46" hai1="40,18,15,77,114,29,118,99,100,25,111,22,117" hai2="94,57,109,3,87,71,38,95,41,89,19,10,122" hai3="76,20,33,116,54,74,128,28,4,51,16,69,124"/><T5/><D130/><U48/><E111/><V9/><F71/><W45/><G116/><T72/><D72/><U119/><E77/><V17/><F122/><W127/><G128/><T66/><D37/><U60/><E114/><V133/><F133/><N who="0" m="51274" /><D23/><U101/><E60/><V67/><F41/><W26/><G4/><T103/><D13/><U97/><E40/><V14/><F109/><W56/><G69/><T32/><D32/><U108/><E48/><V112/><F112/><W115/><G115/><T43/><D43/><U96/><REACH who="1" step="1"/><E108/><REACH who="1" ten="250,240,250,250" step="2"/><V11/><F38/><W63/><G76/><T27/><D103/><U81/><E81/><V75/><F67/><N who="0" m="25642" /><D27/><U98/><N who="1" m="24576" /><DORA hai="92" /><U82/><E82/><V62/><F95/><W55/><REACH who="3" step="1"/><G74/><REACH who="3" ten="250,240,250,240" step="2"/><T134/><D134/><U65/><E65/><V79/><F75/><W53/><G53/><T31/><D107/><U80/><E80/><V120/><F94/><W0/><G0/><T49/><D106/><U50/><E50/><V121/><F3/><W126/><G126/><T90/><D49/><U24/><E24/><AGARI ba="0,2" hai="16,20,24,26,28,33,45,51,54,55,56,63,124,127" machi="24" ten="40,2600,0" yaku="1,1,54,1,53,0" doraHai="93,92" doraHaiUra="110,73" who="3" fromWho="1" sc="250,0,240,-26,250,0,240,46" /><INIT seed="1,0,0,3,5,129" ten="250,214,250,286" oya="1" hai0="46,17,2,118,96,30,7,45,32,123,18,102,88" hai1="12,116,109,87,80,54,9,82,63,40,19,68,81" hai2="23,90,107,16,5,97,14,56,105,34,79,59,71" hai3="73,28,119,10,57,49,76,111,41,128,100,33,3"/><U60/><E116/><V43/><F71/><W135/><G119/><T62/><D118/><U31/><E109/><V114/><F34/><W0/><G111/><T4/><D123/><U75/><E40/><V15/><F79/><W53/><G128/><T66/><D7/><U11/><E31/><V58/><F114/><W108/><G108/><T64/><D66/><U126/><E126/><V78/><F78/><W125/><G125/><T42/><D46/><U29/><E29/><V98/><F43/><W39/><G100/><T74/><D74/><U6/><E75/><V36/><F36/><W133/><G28/><T38/><D4/><U117/><E117/><V65/><F65/><W130/><G33/><T84/><D2/><U124/><E124/><V20/><F90/><W26/><G26/><T25/><D96/><N who="2" m="36970" /><F5/><N who="3" m="1319" /><G3/><T131/><D102/><U127/><E127/><V115/><F115/><W103/><G103/><T77/><D77/><U106/><E106/><N who="2" m="40459" /><F16/><W92/><G92/><T61/><D131/><U120/><E19/><V122/><F122/><W13/><G13/><AGARI ba="0,0" hai="13,14,15,20,23,56,58,59" m="40459,36970" machi="13" ten="40,2600,0" yaku="28,2" doraHai="129" who="2" fromWho="3" sc="250,0,214,0,250,26,286,-26" /><INIT seed="2,0,0,5,3,123" ten="250,214,276,260" oya="2" hai0="16,76,31,69,82,117,111,10,11,47,66,116,40" hai1="126,14,21,23,131,34,80,113,59,79,118,130,54" hai2="32,12,37,99,9,121,45,84,127,33,29,71,15" hai3="105,24,22,122,60,83,91,30,41,115,49,27,67"/><V13/><F71/><W102/><G122/><T96/><D31/><U92/><E118/><V36/><F121/><W56/><G115/><T73/><D96/><U97/><E113/><V125/><F84/><W98/><G41/><T87/><D73/><U112/><E34/><N who="2" m="13419" /><F45/><W107/><G27/><T128/><D128/><U20/><E112/><V94/><F29/><W100/><G83/><T81/><D81/><U2/><E131/><V63/><F63/><W61/><G91/><T46/><D66/><U129/><E129/><V42/><F9/><W132/><G132/><T90/><D76/><U7/><E130/><V95/><F42/><W43/><G43/><T62/><D10/><U109/><E23/><V58/><F58/><W68/><G49/><T57/><D69/><U1/><E21/><V38/><F99/><W51/><G51/><T72/><D72/><U135/><E20/><V26/><F26/><W55/><REACH who="3" step="1"/><G102/><REACH who="3" ten="250,214,276,250" step="2"/><T17/><D40/><U108/><E135/><V44/><F44/><W120/><G120/><T106/><D47/><U39/><E80/><V110/><F110/><W114/><G114/><T19/><D46/><U86/><E109/><V74/><F74/><W28/><G28/><T0/><D111/><U25/><E108/><V85/><F85/><W88/><G88/><T65/><REACH who="0" step="1"/><D106/><AGARI ba="0,1" hai="22,24,30,55,56,60,61,67,68,98,100,105,106,107" machi="106" ten="30,2000,0" yaku="1,1,7,1,53,0" doraHai="123" doraHaiUra="8" who="3" fromWho="0" sc="250,-20,214,0,276,0,250,30" /><INIT seed="3,0,0,4,0,77" ten="230,214,276,280" oya="3" hai0="45,0,33,100,50,21,93,46,57,114,90,78,99" hai1="91,84,121,75,64,20,68,11,85,3,48,41,104" hai2="4,35,132,131,73,87,30,127,60,134,6,125,49" hai3="69,128,82,14,126,129,61,16,88,135,111,37,116"/><W31/><G116/><T22/><D33/><U55/><E121/><V28/><F73/><W38/><G31/><N who="2" m="11817" /><F49/><W109/><G135/><N who="2" m="51753" /><F60/><W119/><G126/><N who="2" m="48137" /><F87/><N who="3" m="50295" /><G119/><T44/><D114/><U74/><E85/><V120/><F120/><W113/><G113/><T32/><D32/><U26/><E84/><V112/><F112/><W47/><G61/><T1/><D78/><U7/><E75/><V65/><F65/><W94/><G69/><T133/><D133/><U83/><E74/><V43/><F43/><N who="3" m="23023" /><G94/><T76/><D76/><U67/><E64/><V96/><F35/><W107/><G38/><T58/><D50/><U9/><E67/><V123/><F123/><W13/><G107/><T80/><D58/><U10/><E104/><V53/><F53/><W72/><G72/><T24/><D57/><U59/><E55/><V70/><F70/><W29/><G29/><T71/><D71/><U25/><E59/><V101/><F131/><N who="3" m="50251" /><G13/><T102/><D100/><U34/><E68/><V108/><F108/><W98/><G98/><T17/><D102/><U103/><E103/><V115/><F115/><W52/><G52/><T36/><D36/><U97/><E34/><V15/><F15/><W117/><G117/><T39/><D39/><U51/><E51/><V12/><F12/><W40/><G40/><T63/><D63/><U95/><E48/><V19/><F19/><W18/><G18/><T42/><D42/><U124/><E41/><V8/><F96/><W62/><G62/><T118/><D118/><U86/><E97/><V23/><F101/><W122/><G122/><T105/><D105/><RYUUKYOKU ba="0,0" sc="230,-10,214,-10,276,-10,280,30" hai3="14,16,109,111" /><INIT seed="3,1,0,5,3,51" ten="220,204,266,310" oya="3" hai0="67,10,135,117,21,94,119,127,61,82,46,120,97" hai1="79,48,75,19,25,107,125,18,73,80,133,62,66" hai2="33,100,78,90,12,58,55,42,126,130,56,60,132" hai3="87,4,41,91,86,53,69,98,35,104,59,36,88"/><W32/><G69/><T11/><D120/><U16/><E107/><V101/><F33/><W23/><G4/><T14/><D127/><U63/><E125/><V131/><F126/><W30/><G41/><T45/><D135/><U122/><E133/><V57/><F78/><W20/><G36/><T49/><D82/><U38/><E38/><V76/><F76/><W17/><G98/><T2/><D2/><U3/><E122/><V52/><F42/><W34/><G104/><T112/><D112/><U85/><E3/><V31/><F31/><W28/><G28/><T105/><D105/><U81/><E63/><V24/><F24/><W72/><G72/><T15/><D46/><U44/><E80/><V1/><F1/><W43/><G43/><T99/><D99/><U5/><E5/><V6/><F90/><W92/><G30/><T26/><D117/><U22/><E75/><V29/><F29/><W7/><G7/><T65/><D65/><U121/><E73/><V39/><F39/><W54/><G17/><T71/><D14/><U110/><E121/><V95/><F95/><W47/><G47/><T40/><D15/><U50/><E50/><N who="2" m="30743" /><F132/><W89/><G59/><T111/><D119/><U84/><E25/><V114/><F58/><W102/><G102/><N who="2" m="39529" /><F114/><W115/><G115/><T129/><D129/><N who="2" m="49162" /><F6/><W128/><G128/><T0/><D0/><U64/><E79/><V77/><F77/><W124/><G124/><T108/><D111/><U70/><E110/><V27/><F27/><W113/><G113/><T13/><D108/><U123/><E123/><V9/><F12/><RYUUKYOKU ba="1,0" sc="220,-10,204,-10,266,30,310,-10" hai2="9,55,57,60" /><INIT seed="4,2,0,0,3,62" ten="210,194,296,300" oya="0" hai0="0,95,32,109,47,29,105,84,107,19,126,123,73" hai1="49,43,124,130,28,59,24,106,110,86,89,61,46" hai2="64,120,56,101,39,71,91,15,10,4,37,17,108" hai3="78,36,90,74,92,27,2,116,81,115,54,80,111"/><T132/><D123/><U100/><E110/><V51/><F108/><W125/><G116/><T55/><D109/><U9/><E130/><V16/><F120/><W99/><G125/><T50/><D73/><U70/><E124/><V87/><F71/><W75/><G36/><T60/><D0/><U57/><E9/><V119/><F101/><W30/><G2/><T118/><D118/><U113/><E113/><V41/><F39/><W11/><G11/><T23/><D132/><U7/><E7/><V13/><F37/><W45/><G111/><T52/><D29/><U21/><E106/><V85/><F85/><W12/><G12/><T79/><D32/><U104/><E104/><V97/><F97/><W131/><G131/><T14/><D126/><U1/><E1/><V48/><F41/><W93/><G115/><T102/><D102/><U127/><E100/><V6/><F119/><W103/><G54/><T3/><D3/><U66/><REACH who="1" step="1"/><E127/><REACH who="1" ten="210,184,296,300" step="2"/><V98/><F6/><W34/><G103/><T63/><D105/><U53/><E53/><N who="0" m="20553" /><D107/><U128/><E128/><V40/><F4/><W25/><G45/><T83/><D95/><AGARI ba="2,1" hai="21,24,28,43,46,49,57,59,61,66,70,86,89,95" machi="95" ten="30,7700,0" yaku="1,1,7,1,52,1,53,1" doraHai="62" doraHaiUra="20" who="1" fromWho="0" sc="210,-83,184,93,296,0,300,0" /><INIT seed="5,0,0,5,4,17" ten="127,277,296,300" oya="1" hai0="0,52,26,82,97,51,114,80,64,125,5,42,105" hai1="116,67,99,35,53,88,91,130,106,75,98,3,87" hai2="131,134,59,37,70,83,107,108,92,118,77,13,113" hai3="18,38,28,39,133,66,86,4,41,31,126,22,85"/><U19/><E116/><V68/><F108/><W23/><G133/><T25/><D114/><U65/><E75/><V7/><F107/><W127/><G18/><T62/><D42/><U95/><E130/><V1/><F92/><W16/><G16/><T33/><D125/><U81/><E3/><V61/><F37/><W32/><G41/><T40/><D40/><U12/><E35/><V11/><F118/><W90/><G32/><T71/><D0/><U6/><E6/><V45/><F45/><W103/><G103/><T93/><D5/><U78/><E53/><V15/><F134/><W63/><G4/><T69/><D69/><U10/><E106/><V48/><F48/><W47/><G47/><T56/><D25/><U49/><E49/><V135/><F131/><W24/><G24/><T57/><D56/><U102/><E98/><V60/><F113/><W117/><G90/><AGARI ba="0,0" hai="10,12,19,65,67,78,81,87,88,90,91,95,99,102" machi="90" ten="40,3900,0" yaku="8,1,54,1" doraHai="17" who="1" fromWho="3" sc="127,0,277,39,296,0,300,-39" /><INIT seed="5,1,0,3,4,72" ten="127,316,296,261" oya="1" hai0="76,98,85,134,65,2,0,115,48,89,27,109,102" hai1="53,23,71,16,123,52,41,106,11,32,29,113,26" hai2="56,119,97,34,3,91,31,110,116,7,100,130,4" hai3="17,104,13,73,127,18,78,61,24,131,59,6,124"/><U114/><E123/><V42/><F110/><W90/><G131/><T14/><D109/><U9/><E106/><V86/><F42/><W40/><G40/><T36/><D36/><U125/><E71/><V54/><F130/><W112/><G112/><N who="1" m="43114" /><E41/><V129/><F129/><W33/><G104/><T92/><D27/><N who="1" m="14823" /><E125/><N who="3" m="48202" /><G6/><T87/><D65/><U12/><E9/><V15/><F119/><W55/><G90/><T43/><D134/><U82/><E82/><V49/><F91/><W135/><G135/><T77/><D115/><U132/><E132/><V38/><F116/><W44/><G44/><N who="0" m="25631" /><D2/><U69/><E69/><V25/><F3/><W51/><G51/><T118/><D118/><U80/><E80/><V22/><F38/><W66/><G66/><T120/><D120/><U39/><E39/><V1/><F1/><W105/><G105/><T117/><D0/><U94/><E94/><V60/><F49/><W79/><G73/><T10/><D117/><U64/><E64/><V47/><F47/><W83/><G83/><N who="0" m="49343" /><D87/><U28/><E28/><V107/><F86/><W93/><G93/><T84/><D84/><U99/><E99/><V103/><F107/><W81/><G81/><T122/><D122/><U62/><E62/><V101/><F97/><W35/><G33/><T46/><D46/><U128/><E128/><V133/><F133/><W95/><G95/><T88/><D102/><U5/><AGARI ba="1,0" hai="5,11,12,26,29,32,52,53" m="14823,43114" machi="5" ten="30,6000,0" yaku="15,1,54,2" doraHai="72" who="1" fromWho="1" sc="127,-21,316,63,296,-21,261,-21" /><INIT seed="5,2,0,2,4,87" ten="106,379,275,240" oya="1" hai0="20,47,131,109,60,36,84,101,11,72,82,50,73" hai1="28,80,67,22,96,129,115,92,40,106,37,41,64" hai2="26,1,27,126,54,29,113,133,130,74,48,17,52" hai3="8,43,19,112,23,63,34,53,58,94,70,75,6"/><U10/><E115/><V105/><F74/><W45/><G112/><T97/><D36/><U15/><E106/><V68/><F113/><W99/><G34/><T33/><D33/><U128/><E80/><V0/><F68/><W111/><G111/><T88/><D109/><U77/><E77/><V35/><F105/><W5/><G75/><T56/><D131/><U135/><E135/><V118/><F126/><W51/><G70/><T18/><D11/><U132/><E132/><V66/><F66/><W62/><G62/><T119/><D119/><U125/><E125/><V124/><F130/><W61/><G8/><T120/><D120/><U57/><E67/><V91/><F118/><W108/><G63/><T110/><D110/><U3/><E37/><V55/><F124/><W79/><G79/><T103/><D72/><U81/><E3/><V9/><F133/><W16/><G19/><T44/><D73/><U32/><E32/><V102/><F102/><W46/><G46/><N who="0" m="17451" /><D97/><U30/><E96/><V71/><F71/><W114/><G114/><T86/><D50/><U7/><E129/><V59/><F1/><W21/><G21/><T4/><D4/><U39/><E7/><V134/><F134/><W69/><G69/><T127/><D86/><U85/><E85/><V42/><F0/><W2/><G2/><T89/><D127/><U123/><E128/><V98/><F9/><W78/><G78/><N who="0" m="46167" /><D103/><U14/><E10/><V65/><F35/><W76/><G76/><T95/><D101/><U38/><E123/><V107/><F98/><W13/><G108/><T25/><D95/><RYUUKYOKU ba="2,0" sc="106,15,379,-15,275,-15,240,15" hai0="18,20,25,56,60,88,89" hai3="5,6,13,16,23,43,45,51,53,58,61,94,99" /><INIT seed="6,3,0,4,2,109" ten="121,364,260,255" oya="2" hai0="68,28,14,133,43,87,72,83,124,51,104,23,79" hai1="20,40,54,131,78,62,50,57,67,55,22,105,58" hai2="121,9,33,47,8,66,64,63,6,3,118,65,0" hai3="25,4,1,112,125,128,101,11,60,127,7,15,16"/><V76/><F118/><W116/><G101/><T82/><D104/><U52/><E131/><V69/><F121/><W106/><G106/><T99/><D68/><U37/><E105/><V113/><F33/><W18/><G60/><T107/><D133/><U80/><E37/><V90/><F76/><W132/><G116/><T32/><D32/><U94/><E94/><V115/><F47/><W108/><G108/><T30/><D124/><N who="3" m="47689" /><G132/><T48/><D107/><U77/><E77/><V26/><F26/><W84/><G84/><T56/><D99/><U44/><REACH who="1" step="1"/><E57/><REACH who="1" ten="121,354,260,255" step="2"/><V122/><F122/><W89/><G128/><T53/><D43/><U45/><E45/><V97/><F90/><W126/><G89/><T17/><REACH who="0" step="1"/><D48/><REACH who="0" ten="111,354,260,255" step="2"/><U92/><E92/><V81/><F97/><W12/><G126/><T119/><D119/><U98/><E98/><V24/><F69/><W85/><G85/><AGARI ba="3,2" hai="20,22,40,44,50,52,54,55,58,62,67,78,80,85" machi="85" ten="40,12000,2" yaku="1,1,8,1,54,1,53,3" doraHai="109" doraHaiUra="49" who="1" fromWho="3" sc="111,0,354,149,260,0,255,-129" /><INIT seed="7,0,0,2,5,15" ten="111,503,260,126" oya="3" hai0="105,62,91,97,100,47,1,130,92,42,58,121,81" hai1="10,133,46,12,127,60,4,128,78,104,45,61,113" hai2="16,50,77,21,123,80,89,108,66,103,29,86,84" hai3="31,52,135,107,68,53,54,13,17,122,131,74,119"/><W65/><G122/><T34/><D121/><U129/><E113/><V106/><F108/><W72/><G135/><T3/><D34/><U88/><E133/><V99/><F66/><W0/><G131/><N who="1" m="50250" /><E127/><V37/><F37/><W39/><G119/><T114/><D130/><U26/><E104/><V70/><F70/><W8/><G107/><T19/><D114/><U85/><E78/><V126/><F29/><W117/><G39/><T132/><D132/><U2/><E26/><V49/><F126/><W124/><G124/><T41/><D81/><N who="1" m="49199" /><E2/><V55/><F123/><W118/><G0/><T83/><D83/><U32/><E32/><V98/><F55/><W30/><G74/><T87/><D41/><U48/><E45/><V35/><F35/><W71/><G72/><T73/><D73/><U5/><E5/><V7/><F7/><W95/><G95/><T115/><D115/><U109/><E109/><V40/><F40/><AGARI ba="0,0" hai="4,10,12,40,46,48,60,61" m="49199,50250" machi="40" ten="30,2000,0" yaku="19,1,54,1" doraHai="15" who="1" fromWho="2" sc="111,0,503,20,260,-20,126,0" owari="111,-39.0,523,62.0,240,4.0,126,-27.0" /></mjloggm>