<mjloggm ver="2.3"><GO type="41" lobby="0"/><UN n0="%E8%BF%91%E8%97%A4%E3%82%A2%E3%83%8D%E3%83%B3%E3%82%B3%E3%83%95" n1="%E2%93%9D%53%75%70%68%78" n2="%E3%83%94%E3%83%8E%E3%82%AD%E3%83%B2" n3="%6B%61%74%61%6B%61%74%61" dan="14,19,14,14" rate="1916.50,2212.68,1890.18,1966.77" sx="M,M,F,M"/><TAIKYOKU oya="0"/><INIT seed="0,0,0,0,2,115" ten="250,250,250,250" oya="0" hai0="16,86,53,34,113,60,75,14,100,109,22,120,38" hai1="17,111,31,47,95,62,91,43,126,80,119,54,28" hai2="98,84,36,82,69,41,8,96,48,50,71,121,125" hai3="122,123,128,4,93,106,97,13,99,81,56,49,117"/><T1/><D113/><U73/><E111/><V68/><F121/><W102/><G128/><T11/><D120/><N who="3" m="46121" /><G13/><T118/><D75/><U89/><E126/><V87/><F125/><W2/><G4/><T12/><D109/><U124/><E124/><V6/><F36/><W105/><G2/><T74/><D74/><U131/><E91/><V23/><F23/><W37/><G37/><T0/><D34/><U39/><E17/><V88/><F87/><W59/><G49/><T52/><D38/><U72/><E72/><V30/><F30/><W66/><G66/><T127/><D127/><U134/><E31/><V64/><F64/><W65/><G65/><T61/><D118/><U67/><E119/><V130/><F130/><W70/><G70/><T103/><D86/><U78/><E28/><V94/><F41/><W114/><G81/><T135/><D135/><U35/><E134/><V26/><F26/><W110/><G110/><T29/><D29/><U45/><E35/><V92/><F92/><W133/><G133/><T85/><D85/><U40/><E131/><V116/><F116/><W7/><G7/><T15/><D15/><U24/><E24/><V10/><F10/><W57/><G117/><T42/><D42/><U79/><E43/><V21/><F21/><W132/><G114/><T19/><D22/><U76/><E67/><V33/><F33/><W83/><G83/><T51/><D51/><N who="2" m="19498" /><F82/><W104/><G132/><T77/><D77/><U129/><E129/><V5/><F8/><AGARI ba="0,0" hai="0,1,8,11,12,14,16,19,52,53,60,61,100,103" machi="8" ten="25,9600,0" yaku="22,2,54,2" doraHai="115" who="0" fromWho="2" sc="250,96,250,0,250,-96,250,0" /><INIT seed="0,1,0,2,0,14" ten="346,250,154,250" oya="0" hai0="21,104,112,115,87,51,1,36,66,61,103,26,2" hai1="85,54,30,86,52,69,47,95,44,90,120,68,126" hai2="110,37,23,19,24,13,29,0,18,15,109,12,34" hai3="35,116,75,123,108,62,91,70,127,25,48,4,60"/><T84/><D36/><U72/><E72/><V3/><F37/><W96/><G75/><T81/><D104/><U128/><E128/><V9/><REACH who="2" step="1"/><F15/><REACH who="2" ten="346,250,144,250" step="2"/><W76/><G116/><T59/><D2/><AGARI ba="1,1" hai="0,2,3,9,12,13,18,19,23,24,29,34,109,110" machi="2" ten="40,12000,2" yaku="1,1,2,1,34,3,52,2,53,0" doraHai="14" doraHaiUra="119" who="2" fromWho="0" sc="346,-123,250,0,144,133,250,0" /><INIT seed="1,0,0,0,3,35" ten="223,250,277,250" oya="1" hai0="59,86,57,50,81,66,107,39,52,60,114,103,5" hai1="41,58,129,102,69,37,122,64,53,26,54,49,9" hai2="125,133,1,109,108,13,75,78,2,65,11,32,12" hai3="97,51,135,126,119,83,101,21,104,29,16,134,20"/><U63/><E102/><V73/><F32/><W47/><G126/><T61/><D114/><U110/><E26/><V62/><F125/><W131/><G83/><T117/><D117/><U33/><E33/><V132/><F78/><W96/><G96/><T98/><D39/><U3/><E122/><V38/><F38/><W95/><G131/><T121/><D121/><U8/><E129/><V91/><F91/><W4/><G4/><T23/><D23/><U106/><E106/><V25/><F25/><W89/><G119/><T19/><D19/><U74/><E54/><V127/><F127/><W99/><G29/><T43/><D5/><N who="1" m="1087" /><E9/><V30/><F30/><W36/><G36/><T14/><D14/><U46/><E74/><N who="2" m="28171" /><F11/><W123/><G21/><T84/><REACH who="0" step="1"/><D81/><REACH who="0" ten="213,250,277,250" step="2"/><U31/><E31/><V128/><F128/><W22/><G123/><T55/><D55/><U0/><E110/><N who="2" m="42603" /><F13/><W18/><G22/><T24/><D24/><U56/><E56/><N who="2" m="37063" /><F12/><W27/><REACH who="3" step="1"/><G18/><REACH who="3" ten="213,250,277,240" step="2"/><T45/><AGARI ba="0,2" hai="43,45,50,52,57,59,60,61,66,84,86,98,103,107" machi="45" ten="30,4000,0" yaku="1,1,0,1,54,1,53,0" doraHai="35" doraHaiUra="88" who="0" fromWho="0" sc="213,60,250,-20,277,-10,240,-10" /><INIT seed="2,0,0,4,1,96" ten="273,230,267,230" oya="2" hai0="56,68,113,59,70,127,31,33,27,118,94,91,73" hai1="116,4,104,75,37,112,32,98,9,51,100,134,88" hai2="123,48,103,41,132,6,28,54,82,79,46,13,131" hai3="119,110,40,23,25,71,120,81,66,10,22,80,7"/><V97/><F123/><W135/><G120/><T2/><D113/><U57/><E112/><V122/><F122/><W61/><G119/><T117/><D2/><U36/><E116/><N who="0" m="44649" /><D73/><U15/><E32/><V128/><F132/><W111/><G135/><T106/><D106/><U124/><E75/><V84/><F28/><W49/><G49/><T105/><D105/><U26/><E124/><V19/><F54/><W87/><G40/><T64/><D127/><U108/><E108/><N who="3" m="41514" /><G87/><N who="0" m="52607" /><D64/><U17/><E134/><V24/><F24/><W129/><G129/><T58/><AGARI ba="0,0" hai="27,31,33,56,58,59,68,70" m="52607,44649" machi="58" ten="30,1100,0" yaku="12,1" doraHai="96" who="0" fromWho="0" sc="273,11,230,-3,267,-5,230,-3" /><INIT seed="3,0,0,0,1,126" ten="284,227,262,227" oya="3" hai0="6,42,21,80,127,45,23,12,93,28,49,103,58" hai1="3,130,111,16,89,87,8,24,20,63,92,97,5" hai2="14,90,64,31,98,35,38,78,11,54,99,10,22" hai3="102,62,100,68,74,82,13,94,117,0,55,77,2"/><W72/><G117/><T18/><D127/><U128/><E111/><V60/><F38/><W96/><G74/><T40/><D40/><U26/><E26/><V122/><F122/><W61/><G102/><T39/><D39/><U51/><E51/><V4/><F35/><W65/><G61/><T129/><D6/><U41/><E41/><V19/><F78/><W69/><G69/><T131/><D80/><U81/><REACH who="1" step="1"/><E63/><REACH who="1" ten="284,217,262,227" step="2"/><V17/><F54/><W56/><REACH who="3" step="1"/><G13/><REACH who="3" ten="284,217,262,217" step="2"/><T29/><D12/><U15/><E15/><V134/><F60/><W112/><G112/><T105/><D105/><U57/><E57/><V36/><F14/><W59/><G59/><T132/><D58/><U79/><AGARI ba="0,2" hai="3,5,8,16,20,24,79,81,87,89,92,97,128,130" machi="79" ten="30,8000,1" yaku="1,1,0,1,52,2,54,1,53,0" doraHai="126" doraHaiUra="106" who="1" fromWho="1" sc="284,-20,217,100,262,-20,217,-40" /><INIT seed="4,0,0,2,3,15" ten="264,317,242,177" oya="0" hai0="75,36,108,70,64,10,118,95,41,107,7,45,62" hai1="46,34,21,1,105,0,125,30,77,60,37,133,39" hai2="121,8,114,52,84,85,40,91,110,51,122,50,24" hai3="101,42,115,81,135,35,127,17,61,68,27,33,102"/><T43/><D118/><U55/><E105/><V5/><F110/><W2/><G2/><T123/><D123/><U79/><E34/><V47/><F114/><W103/><G42/><T76/><D107/><U18/><E30/><V131/><F131/><W73/><G115/><T126/><D108/><U82/><E133/><V94/><F85/><W112/><G112/><T71/><D43/><U88/><E125/><V96/><F84/><W54/><G135/><T3/><D95/><U100/><E100/><V98/><F98/><W99/><G127/><T83/><D126/><U128/><E128/><V129/><F129/><W19/><G99/><T48/><D48/><U53/><E60/><V58/><F24/><W59/><G68/><AGARI ba="0,0" hai="3,7,10,36,41,45,62,64,68,70,71,75,76,83" machi="68" ten="30,18000,2" yaku="7,1,25,2,33,3" doraHai="15" who="0" fromWho="3" sc="264,180,317,0,242,0,177,-180" owari="444,54.0,317,12.0,242,-16.0,-3,-50.0" /></mjloggm>