<mjloggm ver="2.3"><GO type="41" lobby="0"/><UN n0="%E2%93%9D%53%75%70%68%78" n1="%E3%81%8F%E3%82%8D%E3%81%8A%E3%81%AB" n2="%4B%65%6B%61%79%75%74%61" n3="%E3%83%A2%E3%83%AD%E3%82%A4" dan="19,13,15,15" rate="2211.41,1842.57,2012.46,2018.21" sx="M,M,M,M"/><TAIKYOKU oya="0"/><INIT seed="0,0,0,3,5,17" ten="250,250,250,250" oya="0" hai0="29,71,48,0,28,56,32,122,20,99,70,78,3" hai1="58,110,82,36,81,75,22,88,107,19,66,16,104" hai2="92,59,21,103,128,111,37,51,130,6,96,43,65" hai3="126,100,7,31,84,68,86,53,62,63,52,125,69"/><T27/><D122/><U49/><E110/><V15/><F111/><W40/><G31/><T83/><D99/><U115/><E115/><V64/><F37/><W89/><G89/><T44/><D56/><U12/><E36/><V4/><F4/><W91/><G91/><T129/><D129/><U95/><E75/><V134/><F134/><W67/><G40/><T54/><D29/><U118/><E118/><V87/><F6/><W80/><G100/><T55/><D55/><N who="1" m="32111" /><E66/><V105/><F105/><W1/><G7/><T42/><D54/><U109/><E109/><V23/><F15/><W45/><G45/><T101/><D101/><U38/><E38/><V57/><F57/><W47/><G47/><T124/><D124/><U90/><E107/><V106/><F106/><W10/><G67/><N who="2" m="25673" /><F87/><W24/><G1/><T41/><D41/><U33/><E33/><V5/><F5/><W114/><G114/><T135/><D135/><U93/><E104/><V102/><F102/><W9/><G24/><T50/><D50/><U113/><E113/><V35/><F35/><W127/><G125/><T117/><D117/><U39/><E39/><V79/><F43/><W61/><G63/><T97/><D32/><U18/><E95/><V30/><F51/><W8/><G9/><T76/><D3/><U85/><E82/><AGARI ba="0,0" hai="8,10,52,53,61,62,68,69,80,82,84,86,126,127" machi="82" ten="25,3200,0" yaku="22,2,54,1" doraHai="17" who="3" fromWho="1" sc="250,0,250,-32,250,0,250,32" /><INIT seed="1,0,0,5,0,101" ten="250,218,250,282" oya="1" hai0="104,5,87,82,57,66,110,84,102,78,76,0,96" hai1="135,38,114,120,77,79,32,17,3,39,50,56,30" hai2="49,70,60,95,90,68,130,92,81,15,1,61,55" hai3="117,47,108,85,72,94,69,73,58,18,62,13,118"/><U99/><E120/><V67/><F1/><W115/><G115/><T52/><D110/><U7/><E114/><V132/><F132/><W41/><G69/><T89/><D66/><U133/><E17/><V19/><F130/><W46/><G108/><T122/><D122/><U121/><E121/><V22/><F81/><W43/><G94/><T111/><D111/><U75/><E99/><V86/><F61/><W31/><G85/><T16/><D5/><U54/><E7/><V20/><F70/><W105/><G31/><T63/><D0/><U128/><E3/><V109/><F95/><W113/><G113/><T107/><D107/><U24/><E128/><V34/><F34/><W97/><G97/><T134/><D134/><N who="1" m="51211" /><E75/><V42/><F42/><W80/><G18/><T131/><D131/><U9/><E9/><V11/><REACH who="2" step="1"/><F109/><REACH who="2" ten="250,218,240,282" step="2"/><W44/><G43/><T21/><REACH who="0" step="1"/><D87/><REACH who="0" ten="240,218,240,282" step="2"/><U14/><E14/><AGARI ba="0,2" hai="14,16,21,52,57,63,76,78,82,84,89,96,102,104" machi="14" ten="30,12000,2" yaku="1,1,2,1,7,1,52,1,54,2,53,0" doraHai="101" doraHaiUra="4" who="0" fromWho="1" sc="240,140,218,-120,240,0,282,0" /><INIT seed="2,0,0,1,0,60" ten="380,98,240,282" oya="2" hai0="33,7,123,62,59,14,29,135,127,119,134,75,35" hai1="13,57,114,11,23,92,28,74,129,53,34,49,1" hai2="109,87,89,128,85,80,41,104,4,69,67,112,66" hai3="9,133,83,117,24,25,46,91,45,73,71,99,88"/><V82/><F112/><W64/><G117/><T12/><D123/><U63/><E114/><V43/><F104/><W39/><G133/><N who="0" m="50699" /><D127/><U26/><E129/><V5/><F69/><W70/><G9/><T130/><D130/><U6/><E74/><V10/><F128/><W81/><G39/><T90/><D7/><N who="2" m="2634" /><F109/><W126/><G99/><T47/><D75/><U55/><E92/><V98/><F98/><W94/><G73/><T21/><D47/><U101/><E101/><V19/><F19/><W84/><G94/><T22/><D90/><U51/><REACH who="1" step="1"/><E55/><REACH who="1" ten="380,88,240,282" step="2"/><V15/><F43/><W97/><G126/><T48/><D119/><U65/><E65/><N who="2" m="24587" /><F41/><W95/><G71/><T96/><D96/><U102/><E102/><V132/><F132/><W42/><G70/><T93/><D93/><U124/><E124/><V131/><F131/><W115/><G42/><T56/><D29/><U116/><E116/><V76/><F10/><W44/><G115/><T108/><D108/><U40/><E40/><V110/><F110/><W20/><G64/><T105/><D105/><U36/><E36/><V113/><F113/><W58/><G97/><T78/><D62/><U107/><E107/><V86/><F86/><W32/><G95/><T52/><D52/><U100/><E100/><V122/><F122/><W61/><G61/><T111/><D111/><U31/><E31/><V30/><F30/><W37/><G37/><T0/><D48/><U50/><E50/><V121/><F121/><W106/><G106/><T16/><D16/><AGARI ba="0,1" hai="1,6,11,13,16,23,26,28,34,49,51,53,57,63" machi="16" ten="40,8000,1" yaku="1,1,24,2,54,1,53,1" doraHai="60" doraHaiUra="17" who="1" fromWho="0" sc="380,-80,88,90,240,0,282,0" /><INIT seed="3,0,0,3,2,15" ten="300,178,240,282" oya="3" hai0="126,50,98,63,119,1,36,60,53,54,93,56,58" hai1="80,125,103,85,70,101,72,18,129,77,130,113,57" hai2="111,19,22,10,29,51,28,71,55,45,67,120,9" hai3="17,92,94,95,62,3,41,122,39,105,124,116,88"/><W5/><G122/><T40/><D1/><U75/><E70/><V21/><F111/><W65/><G116/><T99/><D119/><U128/><E113/><V112/><F112/><W134/><G105/><T20/><D126/><U89/><E57/><V59/><F120/><W44/><G124/><T123/><D123/><U76/><E125/><V42/><F22/><W79/><G134/><T96/><D36/><U37/><E18/><V16/><F71/><W83/><G5/><T48/><D40/><U43/><E43/><V86/><F67/><W7/><G7/><T61/><REACH who="0" step="1"/><D20/><REACH who="0" ten="290,178,240,282" step="2"/><U104/><E37/><V121/><F121/><W0/><G0/><T131/><D131/><U127/><E127/><V114/><F114/><W84/><G3/><T117/><D117/><U81/><REACH who="1" step="1"/><E104/><REACH who="1" ten="290,168,240,282" step="2"/><V46/><F42/><W118/><G118/><T33/><D33/><U47/><E47/><V2/><F46/><W25/><G39/><T100/><AGARI ba="0,2" hai="48,50,53,54,56,58,60,61,63,93,96,98,99,100" machi="100" ten="30,7900,0" yaku="1,1,0,1,9,1,8,1,53,0" doraHai="15" doraHaiUra="107" who="0" fromWho="0" sc="290,99,168,-20,240,-20,282,-39" /><INIT seed="4,0,0,2,2,36" ten="389,148,220,243" oya="0" hai0="30,0,87,120,85,92,122,73,66,76,91,69,118" hai1="82,38,135,96,47,43,50,80,107,62,75,106,113" hai2="110,49,101,48,61,68,19,15,13,130,18,29,55" hai3="65,81,39,97,72,25,117,26,116,93,104,71,90"/><T84/><D0/><U129/><E135/><V94/><F110/><W32/><G39/><T59/><D69/><U111/><E129/><V5/><F130/><W67/><G104/><T44/><D30/><U64/><E111/><V42/><F29/><W133/><G133/><T98/><D44/><U114/><E96/><V27/><F27/><W103/><G72/><T102/><D59/><U119/><E119/><V35/><F35/><W45/><G32/><T2/><D66/><U77/><E50/><V33/><F33/><W78/><G45/><T51/><D2/><U123/><E82/><V53/><F61/><W9/><G9/><T121/><D51/><U112/><REACH who="1" step="1"/><E123/><REACH who="1" ten="389,138,220,243" step="2"/><V20/><F49/><W99/><G99/><T60/><D118/><U126/><E126/><V125/><F48/><W4/><G97/><T86/><D60/><U31/><E31/><V7/><F125/><W58/><G81/><N who="0" m="45199" /><D122/><U115/><N who="1" m="28672" /><DORA hai="100" /><U57/><AGARI ba="0,1" hai="38,43,47,57,62,64,75,77,80,106,107" m="28672" machi="57" ten="60,16000,3" yaku="1,1,4,1,0,1,15,1,11,1,52,3,53,1" doraHai="36,100" doraHaiUra="79,23" who="1" fromWho="1" sc="389,-80,138,170,220,-40,243,-40" /><INIT seed="5,0,0,1,4,64" ten="309,308,180,203" oya="1" hai0="98,19,135,16,101,118,79,11,131,123,67,8,116" hai1="133,130,52,60,132,24,74,112,81,34,111,65,125" hai2="25,4,92,35,41,31,58,13,27,117,3,119,87" hai3="84,110,14,10,53,44,127,68,108,102,5,20,113"/><U18/><E112/><V128/><F41/><W0/><G113/><T36/><D36/><U89/><E111/><V115/><F58/><W69/><G102/><T59/><D79/><U66/><E125/><V80/><F115/><W45/><G127/><T17/><D131/><U22/><E130/><V129/><F92/><W51/><G45/><T122/><D135/><U42/><E34/><V93/><F93/><W9/><G20/><T38/><D38/><U2/><E2/><V90/><F129/><W105/><G105/><N who="0" m="63671" /><D59/><N who="1" m="34919" /><E42/><V47/><F47/><W83/><G110/><T39/><D67/><U71/><E71/><V56/><F56/><W91/><REACH who="3" step="1"/><G108/><REACH who="3" ten="309,308,180,193" step="2"/><T55/><D39/><U26/><E26/><V121/><F128/><W99/><G99/><T54/><D118/><U6/><E6/><AGARI ba="0,1" hai="0,5,6,9,10,14,44,51,53,68,69,83,84,91" machi="6" ten="30,7700,0" yaku="1,1,7,1,52,2,53,0" doraHai="64" doraHaiUra="21" who="3" fromWho="1" sc="309,0,308,-77,180,0,193,87" /><INIT seed="6,0,0,0,2,45" ten="309,231,180,280" oya="2" hai0="58,22,121,113,35,50,88,29,84,98,34,11,85" hai1="4,82,93,53,129,96,128,68,99,27,16,39,117" hai2="86,95,46,97,124,48,15,94,33,40,92,13,127" hai3="120,60,44,108,18,105,62,1,7,71,72,9,123"/><V66/><F33/><W57/><G108/><T90/><D121/><U55/><E117/><V103/><F66/><W79/><G105/><T12/><D113/><U26/><E68/><V43/><F43/><W5/><G71/><T63/><D98/><U87/><E39/><V49/><F86/><W37/><G7/><T122/><D122/><U91/><E4/><V135/><F135/><W114/><G18/><T51/><D35/><U107/><E107/><V78/><F78/><W36/><G36/><T25/><D34/><U132/><E132/><V42/><F13/><W134/><G134/><T112/><D112/><U89/><E99/><V109/><F109/><W131/><G62/><T31/><D31/><U70/><E70/><V100/><F15/><W74/><G74/><T126/><D126/><N who="2" m="48170" /><F103/><W106/><G106/><T81/><D12/><U61/><E27/><V14/><F14/><W76/><G79/><T23/><D23/><N who="1" m="13671" /><E55/><V32/><F32/><W119/><G114/><T59/><D11/><U24/><E24/><V65/><F65/><W8/><G8/><T21/><D21/><U67/><E67/><V111/><F111/><W41/><G119/><T52/><D59/><AGARI ba="0,0" hai="53,59,61,82,87,89,91,93,96,128,129" m="13671" machi="59" ten="30,2000,0" yaku="25,1,54,1" doraHai="45" who="1" fromWho="0" sc="309,-20,231,20,180,0,280,0" /><INIT seed="7,0,0,3,4,102" ten="289,251,180,280" oya="3" hai0="14,82,27,52,75,95,8,47,63,68,35,71,124" hai1="88,108,73,126,19,2,32,23,66,123,15,72,117" hai2="78,30,80,28,29,1,98,58,50,112,135,26,25" hai3="109,127,3,77,57,125,33,90,119,62,99,104,84"/><W79/><G33/><T22/><D35/><U106/><E108/><V20/><F112/><W118/><G3/><T113/><D113/><U36/><E123/><V34/><F1/><W69/><G69/><T70/><D95/><U105/><E32/><V37/><F37/><W16/><G16/><T89/><D124/><N who="3" m="47689" /><G109/><T43/><D75/><U53/><E126/><V107/><F135/><W54/><G90/><T7/><D89/><U31/><E31/><V115/><F115/><W133/><G133/><T18/><D82/><U87/><E2/><V46/><F58/><W121/><G121/><T120/><D120/><U130/><E36/><V134/><F134/><W85/><G85/><T132/><D132/><U0/><E0/><V5/><F5/><W9/><G9/><T128/><D71/><U24/><E24/><V39/><F39/><W92/><G92/><T91/><D70/><U103/><E66/><V122/><F122/><W38/><G38/><T61/><D68/><U10/><E10/><V67/><F67/><W49/><G62/><T100/><D63/><U81/><E117/><N who="3" m="44554" /><G84/><T44/><D61/><U48/><E130/><V86/><F30/><W11/><G11/><T101/><D128/><U114/><E114/><V64/><F64/><W60/><G60/><T4/><D4/><U131/><E131/><V41/><REACH who="2" step="1"/><F98/><REACH who="2" ten="289,251,170,280" step="2"/><W93/><G93/><T42/><D7/><U51/><E106/><AGARI ba="0,1" hai="20,25,26,28,29,34,41,46,50,78,80,86,106,107" machi="106" ten="40,8000,1" yaku="1,1,2,1,52,2,53,0" doraHai="102" doraHaiUra="96" who="2" fromWho="1" sc="289,0,251,-80,170,90,280,0" /><INIT seed="8,0,0,5,3,0" ten="289,171,260,280" oya="0" hai0="110,68,104,89,11,129,28,35,41,6,80,91,84" hai1="116,76,73,25,38,118,4,126,93,70,114,23,22" hai2="64,53,103,115,71,102,121,44,1,56,46,119,86" hai3="75,48,10,105,97,133,34,79,95,47,77,124,100"/><T45/><D104/><U123/><E123/><V21/><F121/><W69/><G34/><T42/><D68/><U13/><E114/><V113/><F1/><W101/><G69/><T106/><D106/><U52/><E70/><V65/><F71/><W5/><G133/><T74/><D74/><U61/><E38/><V96/><F119/><N who="1" m="45609" /><E126/><V99/><F86/><W32/><G32/><T39/><D129/><U111/><E111/><V112/><F21/><W40/><G124/><T31/><D110/><U92/><E76/><V72/><F72/><W66/><G66/><N who="2" m="25705" /><F56/><W135/><G135/><T30/><D35/><U88/><E73/><V122/><F53/><W26/><G26/><T33/><D33/><U125/><E125/><V27/><F27/><W108/><G108/><T29/><D29/><U107/><E107/><V98/><F122/><W58/><G58/><T83/><D42/><U82/><E23/><V94/><F94/><W62/><G62/><T134/><D134/><U43/><E43/><V60/><F60/><W87/><G75/><T85/><D31/><U78/><E78/><V37/><F37/><W132/><G132/><T14/><AGARI ba="0,0" hai="6,11,14,28,30,39,41,45,80,83,84,85,89,91" machi="14" ten="20,7800,0" yaku="0,1,7,1,9,1,52,1" doraHai="0" who="0" fromWho="0" sc="289,78,171,-26,260,-26,280,-26" owari="367,47.0,145,-35.0,234,-17.0,254,5.0" /></mjloggm>