<mjloggm ver="2.3"><GO type="41" lobby="0"/><UN n0="%E2%93%9D%53%75%70%68%78" n1="%E9%AC%BC%E3%81%AE%E5%BC%9F%E5%AD%90" n2="%4B%E3%82%AB%E3%82%AB%E3%83%AD%E3%83%83%E3%83%88%4B" n3="%68%6F%72%6E" dan="19,15,13,14" rate="2174.95,1970.45,1828.11,1944.41" sx="M,M,M,M"/><TAIKYOKU oya="0"/><INIT seed="0,0,0,2,1,15" ten="250,250,250,250" oya="0" hai0="105,46,89,50,116,113,25,54,35,43,132,87,52" hai1="22,38,61,39,49,123,79,62,74,58,19,27,11" hai2="6,13,0,23,16,32,77,2,85,101,66,17,73" hai3="28,81,106,33,70,8,10,98,104,71,82,12,97"/><T42/><D113/><U65/><E123/><V124/><F73/><W59/><G12/><T119/><D105/><U92/><E74/><V9/><F101/><W18/><G28/><T44/><D132/><U83/><E11/><N who="2" m="2503" /><F66/><W112/><G59/><T122/><D122/><U7/><E7/><N who="2" m="1271" /><F85/><W68/><G68/><T41/><D35/><U75/><E62/><V67/><F67/><W51/><G51/><T47/><D25/><U135/><E135/><V121/><F77/><W117/><G33/><T45/><REACH who="0" step="1"/><D54/><REACH who="0" ten="240,250,250,250" step="2"/><U63/><E63/><V5/><F121/><W115/><REACH who="3" step="1"/><G117/><REACH who="3" ten="240,250,250,240" step="2"/><T24/><D24/><U37/><E92/><AGARI ba="0,2" hai="41,42,43,44,45,46,47,50,52,87,89,92,116,119" machi="92" ten="40,3900,0" yaku="1,1,54,1,53,0" doraHai="15" doraHaiUra="95" who="0" fromWho="1" sc="240,59,250,-39,250,0,240,0" /><INIT seed="0,1,0,5,1,112" ten="299,211,250,240" oya="0" hai0="125,101,133,116,38,17,96,74,89,70,121,102,26" hai1="46,76,23,48,40,115,54,8,86,62,18,44,69" hai2="55,16,67,95,131,79,28,78,60,9,35,118,64" hai3="11,73,99,105,91,20,15,93,12,58,83,135,7"/><T21/><D121/><U4/><E115/><V77/><F131/><W113/><G113/><T92/><D38/><U53/><E69/><V66/><F35/><W94/><G105/><T33/><D125/><U14/><E62/><V117/><F28/><W72/><G135/><T31/><D74/><U129/><E129/><V127/><F127/><W29/><G83/><T114/><D114/><U68/><E68/><V51/><F95/><W75/><G93/><T36/><D36/><U19/><E46/><V103/><F103/><W30/><REACH who="3" step="1"/><G58/><REACH who="3" ten="299,211,250,230" step="2"/><T65/><D133/><U81/><REACH who="1" step="1"/><E19/><AGARI ba="1,1" hai="7,11,12,15,19,20,29,30,72,73,75,91,94,99" machi="19" ten="40,2600,0" yaku="1,1,2,1,53,0" doraHai="112" doraHaiUra="82" who="3" fromWho="1" sc="299,0,211,-29,250,0,230,39" /><INIT seed="1,0,0,5,3,1" ten="299,182,250,269" oya="1" hai0="95,82,76,79,46,81,24,132,29,68,78,14,36" hai1="6,72,74,15,19,3,42,109,27,98,117,8,2" hai2="37,64,134,25,55,26,96,129,39,111,128,107,108" hai3="51,124,47,50,90,21,22,20,92,80,131,113,33"/><U44/><E117/><V103/><F64/><W114/><G124/><T104/><D104/><U99/><E3/><V87/><F87/><W52/><G131/><N who="2" m="50249" /><F55/><W101/><G33/><T28/><D68/><U59/><E109/><N who="2" m="42059" /><F134/><W123/><G123/><T38/><D132/><U61/><E72/><V0/><F0/><W71/><G71/><T30/><D24/><AGARI ba="0,0" hai="24,25,26,37,39,96,103,107" m="42059,50249" machi="24" ten="30,2000,0" yaku="19,1,14,1" doraHai="1" who="2" fromWho="0" sc="299,-20,182,0,250,20,269,0" /><INIT seed="2,0,0,3,2,115" ten="279,182,270,269" oya="2" hai0="52,30,70,3,21,88,36,26,28,59,74,58,12" hai1="96,105,25,83,117,98,111,71,86,14,90,66,75" hai2="33,53,81,50,48,132,2,45,62,7,44,134,67" hai3="99,68,108,38,69,120,34,63,18,78,1,119,17"/><V124/><F33/><W54/><G120/><T13/><D70/><U56/><E117/><V51/><F124/><W46/><G1/><T40/><D3/><U133/><E71/><V91/><F2/><W27/><G78/><T112/><D74/><U64/><E75/><V19/><F7/><W85/><G119/><T60/><D112/><U77/><E98/><V114/><F114/><W57/><G99/><T0/><D0/><U6/><E105/><V87/><F19/><W22/><G108/><T65/><D40/><U126/><E111/><V20/><F20/><W4/><G4/><T93/><D30/><U92/><E25/><V100/><F100/><W104/><G104/><T97/><D36/><U121/><E126/><V109/><F109/><W107/><G107/><T76/><D76/><U16/><E6/><V89/><F91/><W42/><G34/><T72/><D72/><U79/><E79/><V131/><F131/><W49/><G85/><T123/><D123/><U101/><E101/><V9/><F9/><W103/><G103/><T116/><D116/><U82/><E82/><V43/><REACH who="2" step="1"/><F48/><AGARI ba="0,0" hai="12,13,21,26,28,48,52,58,59,60,65,88,93,97" machi="48" ten="30,7700,0" yaku="7,1,8,1,54,2" doraHai="115" who="0" fromWho="2" sc="279,77,182,0,270,-77,269,0" /><INIT seed="3,0,0,3,5,100" ten="356,182,193,269" oya="3" hai0="87,78,108,22,89,118,88,45,114,38,71,70,67" hai1="79,82,41,47,12,21,126,16,110,61,94,75,111" hai2="4,72,54,57,20,6,132,133,83,81,9,48,115" hai3="51,29,40,77,127,23,102,17,19,121,129,122,44"/><W49/><G129/><T91/><D118/><U103/><E126/><V76/><F115/><W8/><G127/><T130/><D108/><U80/><E61/><V116/><F116/><W55/><G77/><T85/><D130/><U33/><E33/><V106/><F83/><W112/><G112/><T25/><D114/><U113/><E113/><V98/><F20/><W93/><G29/><T66/><D38/><U32/><E32/><V31/><F31/><W63/><G63/><T7/><D7/><U107/><E94/><V30/><F30/><W14/><G102/><T53/><D71/><U125/><E82/><V95/><F9/><W43/><G93/><T99/><D99/><U35/><E35/><V104/><F6/><W59/><REACH who="3" step="1"/><G40/><REACH who="3" ten="356,182,193,259" step="2"/><T124/><D78/><U26/><E125/><V135/><REACH who="2" step="1"/><F4/><REACH who="2" ten="356,182,183,259" step="2"/><W97/><G97/><T15/><D124/><U1/><E110/><V119/><F119/><W5/><G5/><T134/><D87/><U69/><E111/><V123/><F123/><W50/><G50/><T120/><D85/><U73/><E73/><V39/><F39/><W46/><G46/><T2/><D45/><U96/><E47/><V10/><F10/><W56/><G56/><T65/><D120/><U28/><E69/><V105/><F105/><W3/><G3/><T42/><D70/><U101/><E1/><V24/><F24/><AGARI ba="0,2" hai="8,14,17,19,23,24,43,44,49,51,55,59,121,122" machi="24" ten="30,2900,0" yaku="1,1,7,1,53,0" doraHai="100" doraHaiUra="128" who="3" fromWho="2" sc="356,0,182,0,183,-29,259,49" /><INIT seed="3,1,0,1,5,111" ten="356,182,154,308" oya="3" hai0="50,119,123,128,63,127,80,134,9,122,40,110,76" hai1="3,100,98,0,29,99,14,55,30,25,70,18,124" hai2="95,62,41,60,21,36,39,78,129,79,20,49,33" hai3="23,65,61,13,116,17,113,84,8,48,16,114,69"/><W43/><G116/><T26/><D119/><U77/><E124/><V68/><F33/><W27/><REACH who="3" step="1"/><G84/><REACH who="3" ten="356,182,154,298" step="2"/><T59/><D123/><U101/><E77/><V4/><F79/><W71/><G71/><T53/><D122/><U74/><E70/><V67/><F78/><W35/><G35/><T10/><D127/><U109/><E74/><V120/><F120/><W107/><G107/><T125/><D125/><U97/><E109/><V44/><F129/><W103/><G103/><T72/><D128/><U83/><E101/><V89/><F4/><W57/><G57/><T131/><D131/><U7/><E100/><V105/><F105/><W1/><G1/><T42/><D110/><U104/><E104/><V12/><F36/><W91/><G91/><T135/><D72/><U11/><E3/><V58/><F39/><W108/><G108/><T31/><D76/><U115/><E0/><V87/><REACH who="2" step="1"/><F12/><REACH who="2" ten="356,182,144,298" step="2"/><W6/><G6/><T94/><D135/><U24/><E7/><V88/><F88/><W56/><G56/><T133/><D59/><U38/><E38/><V86/><F86/><W73/><G73/><T118/><D134/><U106/><E106/><V132/><F132/><W45/><AGARI ba="1,2" hai="8,13,16,17,23,27,43,45,48,61,65,69,113,114" machi="45" ten="30,12000,1" yaku="1,1,0,1,52,2,54,1,53,0" doraHai="111" doraHaiUra="117" who="3" fromWho="3" sc="356,-41,182,-41,144,-41,298,143" /><INIT seed="3,2,0,4,1,127" ten="315,141,103,441" oya="3" hai0="118,59,116,109,56,10,45,62,69,65,8,25,112" hai1="91,14,72,17,122,133,66,2,4,46,84,119,121" hai2="99,48,53,13,5,33,102,26,0,54,104,23,134" hai3="94,50,110,3,115,38,114,87,40,20,11,93,78"/><W47/><G110/><T32/><D109/><U76/><E119/><V108/><F108/><W16/><G78/><T98/><D112/><U100/><E133/><V52/><F134/><W22/><G22/><T128/><D45/><U24/><E4/><V77/><F77/><W67/><G67/><T103/><D128/><U29/><E2/><V28/><F0/><W37/><G37/><T31/><D118/><U70/><E76/><V68/><F68/><W49/><G38/><T97/><D97/><U39/><E72/><V130/><F130/><W42/><G11/><T106/><D116/><U123/><E100/><V35/><F35/><W85/><G3/><T21/><D21/><U34/><E66/><V88/><F88/><W117/><G117/><T55/><REACH who="0" step="1"/><D59/><REACH who="0" ten="305,141,103,441" step="2"/><U64/><E123/><V90/><F33/><W60/><G20/><T132/><D132/><U19/><E46/><V135/><F135/><W1/><G47/><T9/><D9/><U58/><E58/><V129/><F129/><W36/><G115/><T71/><D71/><U41/><E70/><V74/><F23/><W83/><G114/><T61/><AGARI ba="2,1" hai="8,10,25,31,32,55,56,61,62,65,69,98,103,106" machi="61" ten="20,12000,2" yaku="1,1,0,1,7,1,25,2,53,1" doraHai="127" doraHaiUra="51" who="0" fromWho="0" sc="305,136,141,-32,103,-32,441,-62" /><INIT seed="4,0,0,3,3,37" ten="441,109,71,379" oya="0" hai0="43,135,55,86,130,72,39,0,47,38,40,81,51" hai1="85,53,61,14,76,62,1,19,93,24,94,2,6" hai2="117,23,34,125,27,75,22,7,84,15,119,129,46" hai3="52,16,58,108,100,66,50,111,33,89,83,57,105"/><T122/><D122/><U10/><E2/><V71/><F75/><W127/><G33/><T87/><D0/><U101/><E24/><V45/><F71/><W114/><G114/><T121/><D121/><U31/><E31/><V115/><F115/><W13/><G127/><T79/><D130/><U49/><E6/><V109/><F34/><W128/><G128/><T110/><D135/><U30/><E30/><V95/><F109/><W131/><G131/><T133/><D133/><U32/><E32/><V54/><F129/><W69/><G69/><T17/><D110/><U68/><E68/><V56/><F125/><W42/><G100/><T36/><D17/><U124/><E1/><V67/><F67/><W35/><G105/><T44/><D39/><U4/><E4/><V99/><F84/><W98/><G35/><T107/><D107/><U82/><E124/><V9/><F117/><W96/><G96/><T65/><D65/><U29/><E29/><V63/><F119/><W12/><G12/><T97/><D97/><N who="1" m="59567" /><E94/><V41/><F41/><W26/><G42/><T112/><D112/><U3/><E3/><V90/><REACH who="2" step="1"/><F23/><REACH who="2" ten="441,109,61,379" step="2"/><W104/><G66/><T120/><D120/><U80/><E80/><V74/><F74/><W92/><G83/><T18/><D72/><U48/><E53/><V88/><F88/><W8/><G111/><T25/><D81/><U106/><E82/><V78/><F78/><W132/><G108/><T11/><D79/><U103/><E76/><V77/><F77/><W123/><G132/><T64/><D64/><U59/><E103/><V134/><F134/><RYUUKYOKU ba="0,1" sc="441,-10,109,-10,61,30,379,-10" hai2="7,9,15,22,27,45,46,54,56,63,90,95,99" /><INIT seed="5,1,1,0,3,46" ten="431,99,91,369" oya="1" hai0="117,83,130,10,105,44,6,15,35,78,60,72,81" hai1="74,33,104,49,73,26,113,94,99,107,36,8,112" hai2="64,23,118,20,135,51,106,70,30,61,19,7,41" hai3="5,42,1,119,76,59,16,2,77,100,55,134,67"/><U62/><E36/><V111/><F118/><W68/><G42/><T97/><D35/><U56/><E8/><V29/><F106/><W96/><G134/><T63/><D130/><U13/><E13/><V90/><F111/><W128/><G128/><T92/><D105/><U101/><E104/><V88/><F7/><W127/><G127/><T126/><D83/><U37/><E37/><V4/><F135/><W40/><G40/><T114/><D114/><N who="1" m="44139" /><E107/><V17/><F4/><W58/><G68/><T53/><D126/><U48/><E33/><V14/><F30/><W122/><G122/><T9/><D9/><U124/><E124/><V85/><F29/><W103/><G103/><T12/><D12/><U34/><E34/><V45/><REACH who="2" step="1"/><F85/><REACH who="2" ten="431,99,81,369" step="2"/><W66/><G5/><T43/><D117/><U80/><E26/><AGARI ba="1,2" hai="14,17,19,20,23,26,41,45,51,61,64,70,88,90" machi="26" ten="30,8000,1" yaku="1,1,2,1,7,1,52,1,54,1,53,0" doraHai="46" doraHaiUra="115" who="2" fromWho="1" sc="431,0,99,-83,81,103,369,0" /><INIT seed="6,0,0,4,0,7" ten="431,16,184,369" oya="2" hai0="90,77,96,75,94,122,135,30,74,79,46,65,39" hai1="113,107,47,104,45,124,52,80,128,44,5,21,134" hai2="101,120,98,20,29,58,117,14,54,11,129,118,93" hai3="86,132,67,71,61,127,123,6,72,100,56,133,17"/><V99/><F120/><W23/><G123/><T125/><D65/><U85/><E113/><V105/><F129/><W111/><G111/><T114/><D30/><U49/><E128/><V48/><F20/><W12/><G72/><N who="0" m="27691" /><D46/><U40/><E124/><V43/><F29/><W70/><G100/><T73/><D39/><U60/><E134/><N who="3" m="51818" /><G127/><T19/><D19/><U97/><E60/><V0/><F0/><W69/><G86/><T83/><D135/><U106/><E21/><V55/><F43/><W110/><G110/><T22/><D22/><U57/><E97/><V68/><F68/><W64/><G6/><T51/><D51/><U10/><E40/><V4/><F54/><AGARI ba="0,0" hai="12,17,23,54,56,61,64,67,69,70,71" m="51818" machi="54" ten="40,1300,0" yaku="20,1" doraHai="7" who="3" fromWho="2" sc="431,0,16,0,184,-13,369,13" /><INIT seed="7,0,0,3,3,134" ten="431,16,171,382" oya="3" hai0="124,55,58,123,25,110,56,121,79,15,68,100,71" hai1="125,28,19,89,82,97,75,2,115,95,9,111,74" hai2="116,40,126,107,104,38,42,24,34,108,64,16,14" hai3="3,94,117,85,63,106,103,67,133,87,22,99,52"/><W13/><G133/><T84/><D110/><U69/><E28/><V96/><F108/><W105/><G117/><T119/><D100/><U29/><E69/><V83/><F64/><W66/><G3/><T129/><D129/><U45/><E29/><V132/><F116/><W6/><G106/><T135/><D124/><U78/><E75/><V102/><F132/><W20/><G105/><T118/><D135/><U5/><E19/><V35/><F107/><W7/><G67/><T130/><D130/><U43/><E111/><V48/><F38/><W18/><G22/><T72/><D84/><N who="3" m="32329" /><G66/><T12/><D55/><U50/><E50/><V36/><F36/><W33/><G33/><T80/><D72/><U77/><E77/><V114/><F114/><W73/><G73/><T37/><D37/><U62/><E62/><V49/><F35/><W46/><G46/><T93/><D79/><U21/><E21/><V31/><F42/><W109/><G109/><T27/><D93/><U32/><E32/><V23/><F40/><W44/><G44/><T26/><D26/><U61/><E61/><V90/><F83/><AGARI ba="0,0" hai="12,15,25,27,56,58,68,71,80,83,118,119,121,123" machi="83" ten="25,1600,0" yaku="22,2" doraHai="134" who="0" fromWho="2" sc="431,16,16,0,171,-16,382,0" owari="447,54.0,16,-48.0,155,-24.0,382,18.0" /></mjloggm>