<mjloggm ver="2.3"><GO type="41" lobby="0"/><UN n0="%E3%81%AA%E3%81%99%E3%81%B3%E5%A7%AB" n1="%E3%82%AC%E3%83%A0%E3%82%AC%E3%83%A0" n2="%E2%93%9D%53%75%70%68%78" n3="%E3%83%8F%E3%83%BC%E3%83%89%E3%83%A9%E3%83%83%E3%82%AF" dan="15,13,19,14" rate="2062.36,1858.04,2179.18,1975.80" sx="M,M,M,M"/><TAIKYOKU oya="0"/><INIT seed="0,0,0,1,0,8" ten="250,250,250,250" oya="0" hai0="129,110,100,85,103,7,107,32,98,112,86,38,62" hai1="115,55,133,1,68,16,124,48,77,106,0,71,123" hai2="4,82,23,111,60,113,12,87,97,89,75,39,36" hai3="6,14,127,11,40,52,69,104,63,9,59,26,117"/><T25/><D112/><U134/><E123/><V121/><F113/><W20/><G117/><T135/><D38/><U120/><E120/><V41/><F121/><W43/><G104/><T108/><D7/><U76/><E115/><V28/><F75/><W105/><G105/><N who="0" m="63639" /><D62/><U93/><E106/><V45/><F111/><N who="0" m="42538" /><D32/><U88/><E124/><V50/><F60/><W42/><G69/><T109/><N who="0" m="42546" /><T19/><DORA hai="130" /><D25/><U101/><E101/><V13/><F39/><W90/><G127/><T78/><D19/><U57/><E68/><V30/><F36/><W118/><G118/><T15/><D15/><N who="2" m="5706" /><F4/><W119/><G119/><T95/><D129/><U31/><E71/><V81/><F97/><W58/><G11/><T21/><D21/><U116/><E116/><V3/><F3/><N who="1" m="1097" /><E16/><V53/><F23/><W66/><G90/><N who="0" m="53711" /><D107/><U51/><E51/><N who="2" m="27055" /><F82/><W17/><G43/><T96/><D96/><N who="1" m="57383" /><E31/><V33/><F33/><W74/><G42/><T49/><D49/><U122/><E122/><V102/><F102/><W65/><G40/><T34/><D34/><U80/><E80/><V18/><F18/><W72/><REACH who="3" step="1"/><G58/><AGARI ba="0,0" hai="28,30,50,53,58,81,87,89" m="27055,5706" machi="58" ten="30,7700,0" yaku="8,1,52,3" doraHai="8,130" who="2" fromWho="3" sc="250,0,250,0,250,77,250,-77" /><INIT seed="1,0,0,2,2,62" ten="250,250,327,173" oya="1" hai0="67,39,124,77,87,94,134,97,126,128,30,24,43" hai1="120,34,76,112,44,93,122,119,21,115,101,36,64" hai2="1,106,32,79,11,33,78,10,113,9,118,45,6" hai3="48,18,61,92,121,90,103,4,98,28,25,22,131"/><U129/><E21/><V5/><F106/><W14/><G121/><T95/><D39/><U27/><E27/><V110/><F45/><W2/><G131/><T96/><D43/><U74/><E34/><N who="2" m="13419" /><F118/><W38/><G38/><T46/><D46/><U130/><E36/><V26/><F79/><W40/><G2/><T86/><D24/><U107/><E44/><V7/><F78/><W42/><G4/><N who="2" m="1641" /><F110/><W69/><G48/><T88/><D30/><U54/><E54/><V125/><F125/><N who="0" m="48234" /><D128/><N who="1" m="49259" /><E64/><V100/><F100/><W109/><G109/><T56/><D134/><U91/><E119/><V0/><F113/><N who="1" m="43593" /><E101/><V108/><F108/><W114/><G114/><T63/><D77/><U20/><E20/><V17/><F1/><W23/><G90/><AGARI ba="0,0" hai="56,63,67,86,87,88,90,94,95,96,97" m="48234" machi="90" ten="30,3900,0" yaku="18,1,52,1,54,1" doraHai="62" who="0" fromWho="3" sc="250,39,250,0,327,0,173,-39" /><INIT seed="2,0,0,0,4,16" ten="289,250,327,134" oya="2" hai0="6,105,100,71,48,101,84,33,125,59,117,76,99" hai1="133,103,115,53,44,0,54,46,102,49,4,7,77" hai2="24,45,60,93,127,69,86,21,52,27,109,14,114" hai3="104,62,70,37,132,112,116,10,50,128,29,35,55"/><V15/><F114/><W78/><G116/><T120/><D120/><U51/><E115/><V63/><F127/><W39/><G112/><T123/><D123/><U134/><REACH who="1" step="1"/><E77/><REACH who="1" ten="289,240,327,134" step="2"/><V42/><F109/><W91/><G128/><T85/><D76/><U72/><E72/><V88/><F69/><W40/><G70/><T80/><D71/><U65/><E65/><V43/><F63/><W129/><G62/><T95/><D117/><U20/><E20/><V34/><F34/><W8/><G129/><T36/><D33/><U58/><E58/><N who="2" m="34887" /><F27/><W3/><G35/><T41/><D125/><U96/><E96/><V67/><F67/><W19/><G8/><T73/><D73/><U13/><E13/><N who="2" m="4619" /><F45/><W83/><G3/><AGARI ba="0,1" hai="0,3,4,7,44,46,49,51,53,54,102,103,133,134" machi="3" ten="25,3200,0" yaku="1,1,22,2,53,0" doraHai="16" doraHaiUra="118" who="1" fromWho="3" sc="289,0,240,42,327,0,134,-32" /><INIT seed="3,0,0,1,5,35" ten="289,282,327,102" oya="3" hai0="124,113,46,79,78,104,53,135,5,54,55,95,89" hai1="59,18,94,32,65,115,127,17,21,103,69,10,58" hai2="123,3,133,85,90,97,88,83,72,75,30,92,9" hai3="109,33,63,134,81,45,29,102,48,117,26,41,6"/><W11/><G117/><T42/><D104/><U39/><E115/><V57/><F133/><W84/><G134/><T19/><D135/><U131/><E131/><V40/><F123/><W107/><G109/><T38/><D124/><U98/><E127/><V2/><F30/><W91/><G63/><T4/><D113/><U31/><E39/><V87/><F40/><W74/><G74/><T130/><D130/><U16/><E32/><V99/><F57/><W61/><G61/><T27/><D27/><N who="1" m="16879" /><E69/><V121/><F9/><W120/><G120/><T76/><REACH who="0" step="1"/><D19/><REACH who="0" ten="279,282,327,102" step="2"/><N who="1" m="7179" /><E65/><V106/><F121/><W44/><G107/><T64/><D64/><U96/><E96/><AGARI ba="0,1" hai="4,5,38,42,46,53,54,55,76,78,79,89,95,96" machi="96" ten="40,8000,1" yaku="1,1,53,3" doraHai="35" doraHaiUra="51" who="0" fromWho="1" sc="279,90,282,-80,327,0,102,0" /><INIT seed="4,0,0,2,0,9" ten="369,202,327,102" oya="0" hai0="21,14,25,62,89,61,120,104,3,39,114,45,97" hai1="52,109,42,118,20,27,74,31,82,135,70,122,112" hai2="115,101,119,19,87,108,33,7,11,99,91,132,69" hai3="67,105,56,121,54,16,28,18,44,106,86,4,110"/><T117/><D117/><U66/><E118/><V90/><F108/><W64/><G110/><T8/><D120/><U131/><E109/><V134/><F119/><W37/><G121/><T0/><D114/><U53/><E122/><V116/><F116/><W111/><G111/><T75/><D75/><U72/><E112/><V73/><F33/><W63/><G28/><T65/><D39/><U26/><E135/><N who="2" m="51755" /><F69/><W93/><G4/><T76/><D76/><U17/><E131/><V57/><F19/><W60/><G105/><T85/><D45/><U128/><E128/><V41/><F41/><W129/><G106/><T71/><D62/><U88/><E42/><V81/><F57/><W77/><G129/><T59/><D71/><U133/><E133/><V96/><F73/><W13/><G18/><N who="0" m="8519" /><D104/><U47/><E70/><V83/><F101/><W103/><G37/><T55/><D3/><U123/><E66/><V98/><F115/><W38/><G38/><T43/><D0/><U58/><E123/><V12/><F83/><N who="3" m="47471" /><G44/><T107/><D107/><U78/><E47/><V79/><AGARI ba="0,0" hai="7,11,12,79,81,87,90,91,96,98,99" m="51755" machi="79" ten="30,2000,0" yaku="20,1,52,1" doraHai="9" who="2" fromWho="2" sc="369,-10,202,-5,327,20,102,-5" /><INIT seed="5,0,0,3,5,18" ten="359,197,347,97" oya="1" hai0="133,21,23,1,50,102,96,118,78,63,111,59,131" hai1="129,88,24,19,121,114,12,41,76,100,67,39,0" hai2="115,43,53,77,95,130,101,93,86,84,116,66,126" hai3="38,22,106,2,83,122,65,36,73,54,72,128,28"/><U90/><E121/><V107/><F43/><W69/><G122/><T52/><D111/><U125/><E114/><V56/><F66/><W61/><G128/><T91/><D118/><U81/><E129/><V20/><F126/><W47/><G2/><T103/><D131/><U109/><E125/><V4/><F107/><W42/><G106/><T113/><D113/><U35/><E109/><V110/><F4/><W97/><G38/><T132/><D1/><U10/><E100/><N who="0" m="38441" /><D78/><U135/><E135/><N who="0" m="51785" /><D63/><U89/><E67/><V70/><F77/><W80/><G97/><T6/><D6/><U30/><E0/><V37/><F37/><W55/><G80/><T92/><AGARI ba="0,0" hai="21,23,50,52,59,91,92,96" m="51785,38441" machi="92" ten="30,7900,0" yaku="20,1,52,2,54,1" doraHai="18" who="0" fromWho="0" sc="359,79,197,-39,347,-20,97,-20" /><INIT seed="6,0,0,2,2,98" ten="438,158,327,77" oya="2" hai0="8,94,1,14,19,36,13,74,113,89,119,135,22" hai1="123,118,117,31,37,125,82,16,0,20,11,106,120" hai2="62,45,12,102,128,72,122,52,71,108,116,44,100" hai3="61,34,124,99,134,91,107,88,85,30,87,48,59"/><V111/><F116/><W68/><G68/><T101/><D119/><N who="1" m="45579" /><E106/><V57/><F122/><W121/><G121/><T90/><D36/><U63/><E37/><V109/><F128/><W75/><G75/><T29/><D74/><U60/><E82/><V96/><F72/><W17/><G124/><T95/><D113/><U7/><E63/><V54/><F71/><W112/><G112/><T58/><D1/><U56/><E56/><V55/><F12/><W104/><G134/><T78/><D78/><U15/><E60/><V97/><F97/><W46/><G17/><N who="0" m="8359" /><D29/><U51/><E51/><N who="2" m="28775" /><F96/><W21/><G34/><T43/><D14/><U114/><E114/><V47/><F47/><W10/><G10/><T39/><D39/><U73/><E73/><V80/><F80/><W69/><G69/><T35/><D35/><U70/><E70/><V126/><F126/><W65/><G104/><T42/><D95/><U33/><E125/><V103/><F45/><W23/><G107/><T129/><D129/><U9/><E9/><V76/><F76/><W66/><G66/><AGARI ba="0,0" hai="54,55,57,62,66,100,102,103,108,109,111" m="28775" machi="66" ten="40,12000,1" yaku="10,1,52,3,54,1" doraHai="98" who="2" fromWho="3" sc="438,0,158,0,327,120,77,-120" owari="438,24.0,158,-24.0,447,54.0,-43,-54.0" /></mjloggm>