<mjloggm ver="2.3"><GO type="41" lobby="0"/><UN n0="%6C%75%6E%61%32%33%34%35" n1="%E9%A0%86%E4%B9%8B%E5%8A%A9" n2="%E3%81%A1%E3%82%83%E3%81%B3%E3%82%93%E9%9A%8A%E9%95%B7" n3="%E2%93%9D%53%75%70%68%78" dan="15,14,14,19" rate="1973.93,1959.59,1955.84,2129.36" sx="F,M,M,M"/><TAIKYOKU oya="0"/><INIT seed="0,0,0,2,2,51" ten="250,250,250,250" oya="0" hai0="101,80,15,32,105,125,57,76,36,121,39,26,65" hai1="104,99,20,42,10,9,79,67,119,66,61,111,43" hai2="81,98,30,14,89,18,28,40,8,63,13,59,122" hai3="11,94,24,86,115,48,70,2,93,29,41,113,56"/><T97/><D125/><U90/><E119/><V7/><F122/><W127/><G70/><T19/><D121/><U58/><E111/><V17/><F40/><W132/><G132/><T73/><D65/><U118/><E118/><V108/><F108/><W52/><G127/><T129/><D129/><U4/><E79/><V50/><F50/><W44/><G2/><T55/><D26/><U23/><E67/><V131/><F131/><W103/><G11/><T92/><D32/><U109/><E109/><V78/><F89/><W87/><G115/><T107/><D107/><U47/><E43/><V49/><F49/><W22/><G113/><T114/><D105/><U124/><E10/><V46/><F98/><N who="3" m="59855" /><G94/><T16/><D114/><U21/><E124/><V27/><F46/><W5/><G5/><T33/><D33/><U71/><E104/><V85/><F27/><W84/><G56/><T123/><D123/><U116/><E116/><V1/><F1/><W72/><G72/><T96/><D96/><U25/><E99/><V74/><F74/><W68/><G68/><T82/><D82/><U3/><E90/><V34/><F34/><W95/><G95/><T62/><D19/><N who="2" m="7178" /><F14/><W100/><G100/><T6/><D6/><U91/><E91/><V106/><F106/><W64/><G64/><AGARI ba="0,0" hai="7,8,13,28,30,59,63,64,78,81,85" m="7178" machi="64" ten="30,1000,0" yaku="8,1" doraHai="51" who="2" fromWho="3" sc="250,0,250,0,250,10,250,-10" /><INIT seed="1,0,0,0,2,99" ten="250,250,260,240" oya="1" hai0="83,102,15,114,96,98,73,92,28,123,37,93,128" hai1="31,133,45,61,8,116,71,62,53,117,75,95,77" hai2="13,40,35,51,27,4,59,130,10,46,64,44,135" hai3="74,72,68,26,1,78,129,105,112,124,38,101,65"/><U118/><E133/><V14/><F135/><W3/><G112/><T56/><D114/><U120/><E120/><V121/><F121/><W12/><G12/><T21/><D37/><U43/><E31/><V41/><F130/><W50/><G50/><T30/><D128/><U97/><E53/><V103/><F35/><W6/><G124/><T49/><D123/><U63/><E71/><V111/><F111/><W39/><G26/><T69/><D69/><U80/><E8/><V115/><F115/><W88/><G88/><N who="0" m="55303" /><D73/><N who="3" m="28265" /><G78/><T134/><D134/><U20/><E20/><V18/><F27/><W11/><G3/><T100/><D83/><U5/><E5/><V82/><F82/><W70/><G70/><T2/><D2/><U104/><E104/><V119/><F119/><W25/><G25/><N who="0" m="16431" /><D15/><U54/><E118/><V16/><F64/><W23/><G129/><T0/><D0/><U67/><E67/><V19/><F59/><W132/><G132/><T86/><D86/><U34/><E34/><V109/><F14/><W24/><G24/><T122/><D30/><U85/><E75/><V55/><F109/><W79/><G79/><T106/><D122/><U108/><E108/><V131/><F131/><W9/><G68/><T87/><D106/><U57/><E117/><V7/><F7/><N who="3" m="1263" /><G65/><T42/><D56/><U17/><E116/><V66/><F66/><W29/><G29/><T84/><D87/><U81/><E81/><V60/><F60/><W32/><G32/><T47/><D84/><U89/><E17/><V52/><F19/><W110/><G110/><T22/><D22/><RYUUKYOKU ba="0,0" sc="250,15,250,15,260,-15,240,-15" hai0="42,47,49,93,98,100,102" hai1="43,45,54,57,61,62,63,77,80,85,89,95,97" /><INIT seed="1,1,0,0,1,45" ten="265,265,245,225" oya="1" hai0="135,26,8,2,28,43,22,47,74,129,79,41,29" hai1="80,99,91,4,6,30,17,118,98,38,57,123,70" hai2="104,102,50,122,72,15,85,21,112,75,14,71,113" hai3="128,9,10,53,90,134,86,18,7,68,67,36,77"/><U100/><E70/><V125/><F71/><W105/><G105/><T130/><D135/><U111/><E118/><V65/><F65/><W87/><G36/><T48/><D41/><U25/><E123/><V33/><F33/><W23/><G128/><N who="0" m="49259" /><D79/><U19/><E38/><V114/><F122/><W126/><G126/><T44/><D44/><U110/><E19/><V84/><F125/><W92/><G134/><T51/><D74/><N who="2" m="28202" /><F104/><W55/><G67/><T35/><D28/><U83/><E17/><V106/><F106/><W46/><G68/><T131/><D35/><U88/><E57/><V3/><F3/><W32/><G32/><T97/><D97/><U133/><E133/><V20/><F102/><W11/><G7/><N who="0" m="1143" /><D131/><U132/><E132/><V120/><F50/><AGARI ba="1,0" hai="22,26,29,43,47,48,50,51" m="1143,49259" machi="50" ten="30,7700,0" yaku="19,1,52,3" doraHai="45" who="0" fromWho="2" sc="265,80,265,0,245,-80,225,0" /><INIT seed="2,0,0,3,0,111" ten="345,265,165,225" oya="2" hai0="30,12,0,118,25,124,14,110,5,1,53,120,114" hai1="108,33,131,57,50,98,31,6,92,79,135,38,37" hai2="105,24,55,106,134,27,112,96,7,11,117,58,88" hai3="128,113,18,83,65,39,22,41,121,26,8,129,72"/><V44/><F112/><W89/><G121/><T32/><D120/><U78/><E108/><V86/><F117/><W77/><G65/><T61/><D110/><U56/><E135/><V19/><F134/><W125/><G125/><T126/><D61/><U127/><E131/><N who="3" m="50250" /><G89/><T103/><D103/><U42/><E38/><V67/><F67/><W71/><G8/><N who="0" m="4111" /><D53/><U82/><E37/><V68/><F68/><W91/><G91/><T34/><D118/><U95/><E6/><V100/><F44/><N who="3" m="23615" /><G71/><T66/><D66/><U17/><E79/><V123/><F19/><W93/><G93/><T36/><D36/><U54/><E92/><V9/><F106/><W60/><G60/><T116/><D116/><U130/><E17/><V109/><F11/><W107/><G107/><T52/><D52/><U35/><E42/><V48/><F123/><W10/><G10/><T122/><D122/><U84/><E127/><V59/><F59/><W102/><G102/><T76/><D76/><U3/><E3/><V15/><REACH who="2" step="1"/><F109/><REACH who="2" ten="345,265,155,225" step="2"/><W133/><G133/><T97/><D124/><U90/><E130/><V43/><F43/><W51/><G51/><T46/><D126/><U69/><E69/><V81/><AGARI ba="0,1" hai="7,9,15,24,27,48,55,58,81,86,88,96,100,105" machi="81" ten="20,18000,2" yaku="1,1,0,1,7,1,54,1,53,2" doraHai="111" doraHaiUra="23" who="2" fromWho="2" sc="345,-60,265,-60,155,190,225,-60" /><INIT seed="2,1,0,3,3,14" ten="285,205,345,165" oya="2" hai0="34,38,63,5,114,123,124,60,4,44,22,65,59" hai1="85,8,109,88,30,11,76,27,108,107,84,79,127" hai2="133,119,37,57,130,87,15,97,28,10,111,2,131" hai3="0,70,33,128,43,126,103,125,99,23,45,121,100"/><V118/><F37/><W102/><G33/><T112/><D124/><N who="3" m="47721" /><G0/><T1/><D123/><U110/><E127/><V77/><F57/><W17/><G70/><T13/><D34/><U49/><E107/><V31/><F97/><W9/><G9/><T53/><D1/><U66/><E66/><V117/><F87/><W129/><G121/><T92/><D92/><U96/><E96/><V25/><F77/><W78/><G78/><T93/><D93/><U89/><E49/><V50/><F50/><N who="3" m="26943" /><G99/><T48/><D38/><U39/><E39/><V115/><F2/><W20/><G20/><T36/><D36/><U94/><E79/><V86/><F86/><W46/><G46/><T75/><D75/><U62/><E76/><V32/><F133/><W101/><N who="3" m="26368" /><DORA hai="68" /><W26/><AGARI ba="1,0" hai="17,23,26,128,129" m="26368,26943,47721" machi="26" ten="50,6400,0" yaku="4,1,18,1,52,1" doraHai="14,68" who="3" fromWho="3" sc="285,-17,205,-17,345,-33,165,67" /><INIT seed="3,0,0,3,0,83" ten="268,188,312,232" oya="3" hai0="87,50,3,107,52,84,2,0,23,14,95,7,98" hai1="132,62,108,32,35,64,27,9,18,90,133,128,21" hai2="11,60,92,37,78,85,103,28,40,112,119,97,30" hai3="81,54,94,43,25,66,80,67,19,69,33,74,100"/><W17/><G43/><T122/><D122/><U53/><E108/><V59/><F119/><W45/><G69/><T76/><D107/><U71/><E128/><V86/><F112/><W124/><G124/><T75/><D75/><U51/><E9/><V127/><F127/><W12/><G33/><T82/><D23/><U135/><REACH who="1" step="1"/><E90/><REACH who="1" ten="268,178,312,232" step="2"/><V130/><F130/><W115/><G115/><T93/><D0/><U110/><E110/><V46/><F11/><W72/><G72/><T79/><D2/><U4/><E4/><V24/><F78/><W118/><G74/><T38/><D3/><U49/><E49/><V57/><F57/><AGARI ba="0,1" hai="18,21,27,32,35,51,53,57,62,64,71,132,133,135" machi="57" ten="40,2600,0" yaku="1,1,20,1,53,0" doraHai="83" doraHaiUra="10" who="1" fromWho="2" sc="268,0,178,36,312,-26,232,0" /><INIT seed="4,0,0,1,1,112" ten="268,214,286,232" oya="0" hai0="111,25,132,88,48,98,3,14,130,47,99,133,67" hai1="33,49,15,127,17,7,32,45,31,59,38,87,36" hai2="39,56,84,90,115,35,76,102,16,129,50,121,119" hai3="34,12,93,134,19,68,75,6,44,106,29,52,126"/><T20/><D130/><U64/><E127/><V113/><F35/><W94/><G106/><T114/><D114/><N who="2" m="43530" /><F39/><W123/><G75/><T81/><D3/><U10/><E64/><V135/><F121/><W55/><G6/><T86/><D111/><U62/><E62/><V60/><F135/><N who="0" m="51786" /><D14/><U70/><E70/><V66/><F129/><W96/><G126/><T128/><D67/><U21/><E59/><V71/><F76/><W120/><G134/><T72/><D72/><U41/><E33/><V85/><F102/><W61/><G123/><T110/><D110/><U28/><E28/><V82/><F85/><W2/><G29/><N who="0" m="17575" /><D128/><U100/><E100/><V69/><F50/><W78/><G120/><T91/><D91/><U116/><E32/><V43/><F43/><AGARI ba="0,0" hai="43,47,48,81,86,88,98,99" m="17575,51786" machi="43" ten="30,2900,0" yaku="20,1,54,1" doraHai="112" who="0" fromWho="2" sc="268,29,214,0,286,-29,232,0" /><INIT seed="4,1,0,5,4,58" ten="297,214,257,232" oya="0" hai0="1,131,31,126,55,40,19,69,15,114,119,94,77" hai1="27,6,86,57,70,11,45,89,107,64,37,102,109" hai2="52,95,13,49,48,121,14,111,73,44,59,51,127" hai3="66,25,43,120,61,16,81,133,104,24,113,10,54"/><T18/><D119/><U83/><E109/><V118/><F73/><W26/><G104/><T71/><D1/><U72/><E70/><V85/><F111/><W30/><G113/><T97/><D31/><U98/><E27/><V46/><F118/><W2/><G43/><T8/><D40/><U110/><E110/><V87/><F121/><W129/><G133/><T101/><D114/><U96/><E37/><V99/><F127/><W132/><G129/><T115/><D131/><U22/><E45/><V47/><F99/><W9/><G54/><T63/><D126/><U90/><E22/><V103/><F103/><W7/><G132/><T122/><D122/><U39/><E39/><V108/><F108/><W36/><G36/><T125/><D125/><U21/><E21/><V68/><F68/><W75/><G120/><T4/><D77/><U134/><E90/><N who="2" m="53711" /><F87/><W116/><G116/><T23/><D115/><U34/><E34/><V3/><F3/><W56/><G30/><T67/><D69/><U84/><E84/><V28/><F28/><W117/><G117/><T38/><D38/><U50/><E72/><V79/><F79/><W53/><G75/><T135/><D135/><U65/><E98/><V41/><F41/><W12/><REACH who="3" step="1"/><G66/><REACH who="3" ten="297,214,257,222" step="2"/><T20/><D55/><N who="1" m="31991" /><E134/><V33/><F33/><W100/><G100/><T78/><D78/><U60/><E102/><V0/><F0/><W93/><G93/><T62/><D67/><U80/><E107/><V123/><F123/><W128/><G128/><T35/><D35/><U74/><E65/><V29/><F29/><W106/><G106/><RYUUKYOKU ba="1,1" sc="297,-15,214,-15,257,15,222,15" hai2="13,14,44,46,47,48,49,51,52,59" hai3="2,7,9,10,12,16,24,25,26,53,56,61,81" /><INIT seed="5,2,1,0,3,71" ten="282,199,272,237" oya="1" hai0="89,44,87,109,73,81,26,28,50,88,40,93,83" hai1="41,34,112,111,20,43,101,52,102,0,74,14,24" hai2="123,76,67,51,5,120,114,45,131,21,39,63,124" hai3="66,134,94,55,82,77,85,129,72,130,84,106,133"/><U92/><E0/><V99/><F76/><W78/><G66/><T16/><D109/><U119/><E119/><V90/><F5/><W56/><G106/><T12/><D73/><U18/><E111/><V48/><F21/><W42/><G42/><T117/><D117/><U6/><E112/><V11/><F11/><W33/><G33/><T60/><D60/><U29/><E74/><V27/><F27/><W31/><G31/><T80/><D26/><U4/><E4/><V64/><F99/><W37/><G37/><T61/><D61/><U132/><E132/><N who="3" m="50794" /><G55/><T30/><D89/><U105/><E105/><V95/><F95/><W46/><G46/><T57/><D57/><U96/><E102/><V23/><F90/><N who="3" m="53575" /><G56/><T38/><D38/><U1/><REACH who="1" step="1"/><E52/><REACH who="1" ten="282,189,272,237" step="2"/><V103/><F103/><W7/><G7/><T10/><AGARI ba="2,2" hai="10,12,16,28,30,40,44,50,80,81,83,87,88,93" machi="10" ten="30,7900,0" yaku="0,1,8,1,54,2" doraHai="71" who="0" fromWho="0" sc="282,105,189,-41,272,-22,237,-22" /><INIT seed="6,0,0,5,3,53" ten="387,148,250,215" oya="2" hai0="45,116,5,39,108,110,20,55,78,25,63,87,1" hai1="119,105,73,118,38,81,112,62,33,102,7,82,97" hai2="94,86,132,51,91,54,4,71,52,75,69,121,126" hai3="106,77,133,60,131,101,15,31,107,23,124,16,58"/><V30/><F75/><W46/><G131/><T0/><D39/><U59/><E112/><V57/><F121/><W21/><G133/><T49/><D116/><U32/><E38/><V103/><F132/><W12/><G124/><T129/><D129/><U72/><E7/><V68/><F126/><W18/><G31/><T90/><D78/><U22/><E118/><V27/><F4/><W64/><G101/><T17/><D63/><U3/><E3/><V65/><F103/><W104/><G46/><T35/><D35/><U93/><E119/><V42/><F42/><W109/><G77/><T115/><D115/><U70/><E70/><V8/><F8/><W66/><G66/><T113/><D113/><U47/><E47/><V29/><F54/><W130/><G130/><T127/><D127/><U88/><E73/><V10/><F10/><W120/><REACH who="3" step="1"/><G109/><REACH who="3" ten="387,148,250,205" step="2"/><T123/><D110/><U19/><E33/><V24/><REACH who="2" step="1"/><F65/><REACH who="2" ten="387,148,240,205" step="2"/><W37/><G37/><T11/><D108/><U28/><E72/><V9/><F9/><W44/><G44/><T48/><D11/><U2/><E2/><V84/><F84/><W56/><G56/><T122/><D1/><U89/><E59/><V135/><F135/><W79/><G79/><T14/><D0/><U85/><E85/><V128/><F128/><W67/><G67/><T125/><D45/><U41/><E41/><V36/><F36/><W114/><G114/><T76/><D87/><U50/><E97/><V26/><AGARI ba="0,2" hai="24,26,27,29,30,51,52,57,68,69,71,86,91,94" machi="26" ten="40,12000,1" yaku="1,1,0,1,52,1,54,1,53,0" doraHai="53" doraHaiUra="98" who="2" fromWho="2" sc="387,-40,148,-40,240,140,205,-40" /><INIT seed="6,1,0,1,1,132" ten="347,108,380,165" oya="2" hai0="95,64,70,98,11,44,85,24,73,97,116,49,51" hai1="50,83,3,36,114,115,107,63,25,56,29,13,122" hai2="94,96,112,4,9,78,55,6,77,20,35,88,41" hai3="26,128,8,75,68,46,42,58,54,16,33,65,39"/><V79/><F35/><W53/><G75/><T5/><D73/><U48/><E3/><V108/><F108/><W43/><G128/><T127/><D116/><U61/><E36/><V133/><F133/><W104/><G104/><T67/><D127/><U119/><E119/><V38/><F112/><N who="1" m="43049" /><E122/><V10/><F38/><W86/><G43/><T27/><D85/><U45/><E107/><V12/><F41/><W90/><G68/><T7/><D70/><U72/><E13/><V109/><F109/><W69/><G69/><T129/><D129/><U121/><E121/><V22/><REACH who="2" step="1"/><F55/><REACH who="2" ten="347,108,370,165" step="2"/><W103/><G54/><T106/><D67/><U23/><E45/><V81/><F81/><W123/><G65/><T60/><D64/><N who="1" m="38951" /><E63/><V17/><F17/><W91/><G16/><T37/><D60/><U87/><E72/><V126/><F126/><W131/><G131/><T40/><D37/><U18/><E18/><V92/><F92/><W117/><G39/><T1/><D95/><U57/><E57/><V14/><AGARI ba="1,1" hai="4,6,9,10,12,14,20,22,77,78,79,88,94,96" machi="14" ten="30,12000,1" yaku="1,1,0,1,9,1,8,1,54,1,53,0" doraHai="132" doraHaiUra="102" who="2" fromWho="2" sc="347,-41,108,-41,370,133,165,-41" /><INIT seed="6,2,0,1,0,113" ten="306,67,503,124" oya="2" hai0="50,133,89,97,7,27,13,112,56,91,102,65,75" hai1="135,17,108,95,67,98,85,118,130,16,43,100,19" hai2="117,57,81,84,52,69,92,64,34,6,44,5,94" hai3="111,125,62,0,70,119,76,127,18,132,115,59,88"/><V120/><F34/><W82/><G111/><T126/><D75/><U51/><E108/><V25/><F120/><W72/><G0/><T63/><D126/><N who="3" m="48137" /><G132/><T87/><D133/><U129/><E135/><V21/><F117/><W66/><G115/><T131/><D131/><U10/><E67/><V1/><F44/><W107/><G107/><T11/><D112/><U71/><E71/><V49/><F69/><W24/><G88/><T54/><D27/><U20/><E10/><V58/><F1/><W110/><G110/><T12/><D12/><U93/><E43/><V31/><F64/><W128/><G128/><N who="1" m="49258" /><E51/><V77/><F58/><W22/><G70/><T99/><D87/><U33/><E33/><V8/><F8/><W134/><G134/><T74/><D74/><U36/><E36/><V78/><F78/><W9/><G9/><T39/><D39/><U48/><E48/><V116/><F116/><AGARI ba="2,0" hai="18,22,24,59,62,66,72,76,82,116,119" m="48137" machi="116" ten="30,3900,0" yaku="18,1,52,2" doraHai="113" who="3" fromWho="2" sc="306,0,67,0,503,-45,124,45" /><INIT seed="7,0,0,5,4,85" ten="306,67,458,169" oya="3" hai0="50,104,116,27,130,19,48,7,93,20,61,49,74" hai1="135,109,73,68,15,107,81,62,102,122,31,12,3" hai2="67,37,91,84,118,125,13,38,14,113,117,51,11" hai3="131,30,35,132,88,16,78,43,17,96,114,29,6"/><W69/><G69/><T0/><D116/><U40/><E40/><V105/><F105/><W34/><G78/><T26/><D74/><U124/><E62/><V134/><F67/><W119/><G119/><T127/><D104/><U66/><E66/><V110/><F110/><W103/><G6/><T75/><D75/><U129/><E12/><V94/><F125/><W24/><G131/><T58/><D127/><U23/><E23/><V99/><F134/><W21/><G103/><T106/><D106/><U10/><E10/><V77/><F113/><W42/><G114/><T111/><D111/><U28/><E28/><V76/><F117/><W64/><G64/><N who="0" m="38967" /><D0/><U22/><E22/><V65/><F118/><W46/><G132/><T18/><D130/><U87/><E124/><V56/><F38/><W57/><G57/><T44/><D93/><U79/><E135/><V115/><F37/><W25/><G21/><N who="0" m="13623" /><D7/><U97/><E129/><V101/><F115/><W8/><G8/><T54/><AGARI ba="0,0" hai="19,20,27,44,48,49,50,54" m="13623,38967" machi="54" ten="30,1100,0" yaku="8,1" doraHai="85" who="0" fromWho="0" sc="306,11,67,-3,458,-3,169,-5" owari="317,12.0,64,-44.0,455,56.0,164,-24.0" /></mjloggm>