<mjloggm ver="2.3"><GO type="41" lobby="0"/><UN n0="%70%61%70%61%6E" n1="%E2%93%9D%53%75%70%68%78" n2="%6D%61%63%6B%79%23%37" n3="%46%7A%65%72%6F" dan="15,18,14,13" rate="1936.44,2123.51,1817.54,1875.71" sx="M,M,M,M"/><TAIKYOKU oya="0"/><INIT seed="0,0,0,3,0,84" ten="250,250,250,250" oya="0" hai0="59,119,81,65,11,79,39,53,121,85,33,100,64" hai1="16,93,68,8,132,25,23,101,54,52,30,45,72" hai2="9,42,108,34,1,106,127,50,44,38,97,110,114" hai3="31,77,18,5,126,105,19,17,115,83,62,69,124"/><T109/><D119/><U0/><E72/><V27/><F114/><W95/><G115/><T61/><D121/><U40/><E68/><V63/><F63/><W7/><G105/><T14/><D33/><U10/><E132/><V15/><F1/><W91/><G31/><T112/><D112/><U98/><E0/><V103/><F127/><N who="3" m="48683" /><G62/><T12/><D39/><U113/><E113/><V116/><F116/><W117/><G69/><T80/><D109/><N who="2" m="42090" /><F27/><W4/><G117/><T57/><D100/><U134/><E134/><V92/><F34/><W48/><G48/><T96/><D96/><U26/><E10/><V13/><F13/><W6/><G6/><T118/><D118/><U89/><E101/><V24/><F24/><W123/><G123/><T78/><D59/><U66/><E66/><V130/><F130/><W51/><G51/><T76/><D14/><N who="1" m="7239" /><E26/><V131/><F131/><W58/><G58/><T102/><D102/><U21/><E21/><V125/><F125/><W135/><G135/><T90/><REACH who="0" step="1"/><D80/><REACH who="0" ten="240,250,250,250" step="2"/><U3/><E3/><V36/><F106/><W94/><G94/><T55/><D55/><U70/><E70/><V47/><F44/><W2/><G2/><T120/><D120/><U35/><E35/><V37/><F38/><W43/><G43/><T129/><D129/><U49/><AGARI ba="0,1" hai="23,25,30,40,45,49,52,54,89,93,98" m="7239" machi="49" ten="30,7900,0" yaku="8,1,52,1,54,2" doraHai="84" who="1" fromWho="1" sc="240,-39,250,89,250,-20,250,-20" /><INIT seed="1,0,0,2,4,115" ten="201,339,230,230" oya="1" hai0="90,108,69,2,54,92,40,119,36,34,61,128,18" hai1="95,31,45,106,93,85,67,23,84,9,74,81,110" hai2="14,130,64,123,73,134,99,103,124,71,66,51,43" hai3="11,59,15,94,91,35,57,16,120,39,53,77,126"/><U76/><E67/><V25/><F123/><W82/><G126/><T135/><D2/><U8/><E106/><V7/><F73/><W112/><G112/><T1/><D1/><U88/><E110/><V5/><F124/><W21/><G35/><T83/><D108/><U63/><E63/><V89/><F134/><W109/><G109/><T102/><D135/><U121/><E121/><V50/><F130/><W28/><G39/><T100/><D128/><U104/><E104/><V47/><F71/><W79/><G120/><T116/><D34/><U19/><E31/><V20/><F51/><W105/><G105/><T4/><D4/><N who="2" m="1610" /><F14/><W26/><G82/><T17/><D69/><U131/><E131/><V58/><F58/><W101/><G101/><T125/><D125/><U3/><E3/><V129/><F129/><W114/><G114/><T27/><D61/><U52/><E74/><V113/><F103/><W10/><G11/><T80/><D54/><U55/><E95/><N who="2" m="56815" /><F113/><W98/><REACH who="3" step="1"/><G59/><REACH who="3" ten="201,339,230,220" step="2"/><T42/><D36/><U41/><E9/><V75/><F75/><W49/><AGARI ba="0,1" hai="10,15,16,21,26,28,49,53,57,77,79,91,94,98" machi="49" ten="20,12000,2" yaku="1,1,2,1,0,1,7,1,8,1,54,1,53,0" doraHai="115" doraHaiUra="29" who="3" fromWho="3" sc="201,-30,339,-60,230,-30,220,130" /><INIT seed="2,0,0,1,2,87" ten="171,279,200,350" oya="2" hai0="56,54,119,24,80,86,30,106,25,0,34,59,115" hai1="110,6,84,93,72,66,62,133,60,20,105,27,18" hai2="13,79,104,102,9,109,128,40,51,69,1,17,4" hai3="96,103,95,108,78,126,92,73,35,32,53,134,57"/><V123/><F123/><W76/><G108/><T41/><D115/><U64/><E72/><V8/><F69/><W49/><G134/><T114/><D114/><U44/><E105/><V65/><F128/><W61/><G126/><T46/><D106/><U71/><E110/><V39/><F109/><W82/><G78/><T68/><D68/><U10/><E44/><V81/><F39/><W19/><G19/><T130/><D130/><U99/><E84/><V83/><F65/><W5/><G5/><T29/><D119/><U15/><E133/><V129/><F129/><W63/><G63/><N who="1" m="24106" /><E71/><V12/><F1/><W112/><G112/><T120/><D0/><U23/><E23/><V91/><F104/><W67/><REACH who="3" step="1"/><G95/><REACH who="3" ten="171,279,200,340" step="2"/><T11/><D120/><U74/><E74/><V2/><F2/><W14/><G14/><T98/><D54/><U121/><E121/><V117/><F117/><W97/><G97/><T88/><D98/><U21/><E66/><V113/><F113/><W94/><G94/><T75/><D75/><U43/><E64/><V50/><F79/><W16/><G16/><T131/><D131/><U31/><E99/><V125/><F125/><W100/><G100/><T107/><D107/><U7/><E93/><V77/><F102/><W116/><G116/><T90/><D90/><U28/><E43/><V45/><F77/><W85/><G85/><T22/><REACH who="0" step="1"/><D11/><REACH who="0" ten="161,279,200,340" step="2"/><U48/><E10/><V124/><F124/><W58/><AGARI ba="0,2" hai="32,35,49,53,57,58,61,67,73,76,82,92,96,103" machi="58" ten="20,2700,0" yaku="1,1,0,1,7,1,53,0" doraHai="87" doraHaiUra="70" who="3" fromWho="3" sc="161,-7,279,-7,200,-13,340,47" /><INIT seed="3,0,0,4,2,44" ten="154,272,187,387" oya="3" hai0="100,21,51,82,118,60,107,120,96,130,4,104,18" hai1="92,35,20,122,75,46,98,23,8,105,131,17,0" hai2="73,103,50,102,77,84,53,2,11,127,41,34,59" hai3="110,94,116,79,71,56,52,38,86,97,134,5,135"/><W40/><G116/><T132/><D118/><U109/><E105/><V15/><F2/><W55/><G71/><T54/><D120/><U121/><E75/><V115/><F34/><W78/><G5/><T74/><D132/><U114/><E114/><V14/><F115/><W124/><G124/><T7/><D130/><U29/><E46/><N who="2" m="25935" /><F73/><W88/><G110/><T37/><D37/><U80/><E80/><N who="2" m="47119" /><F127/><W85/><G40/><T81/><D60/><U119/><E131/><V125/><F125/><W101/><G38/><T28/><D28/><U95/><E29/><V123/><F123/><W93/><G55/><T25/><D107/><U63/><E35/><V111/><F111/><W1/><G1/><T57/><REACH who="0" step="1"/><D81/><REACH who="0" ten="144,272,187,387" step="2"/><U128/><E128/><V87/><F87/><W108/><G108/><T64/><D64/><U3/><E109/><V67/><F67/><W126/><G126/><T83/><D83/><U117/><E117/><V49/><F15/><W61/><G86/><T42/><D42/><U30/><E119/><V48/><F48/><W129/><G129/><T99/><D99/><U90/><E98/><V24/><F24/><W19/><G135/><T58/><D58/><U45/><E122/><V13/><F13/><W72/><G134/><T36/><D36/><U12/><E3/><V31/><F31/><W43/><G43/><T65/><D65/><U91/><E0/><V16/><AGARI ba="0,1" hai="11,14,16,49,53,59,102,103" m="47119,25935" machi="16" ten="30,7900,0" yaku="8,1,52,2,54,1" doraHai="44" who="2" fromWho="2" sc="144,-20,272,-20,187,89,387,-39" /><INIT seed="4,0,0,1,3,120" ten="124,252,276,348" oya="0" hai0="53,119,111,21,65,18,76,16,41,33,13,46,8" hai1="19,106,101,96,56,35,9,49,14,83,99,25,37" hai2="34,113,0,97,127,11,128,42,1,103,108,60,95" hai3="32,52,129,94,58,73,74,38,61,44,132,40,124"/><T7/><D119/><U77/><E37/><V126/><F108/><W80/><G132/><T2/><D111/><U15/><E99/><V31/><F113/><W20/><G129/><T121/><D121/><U114/><E114/><V3/><F128/><W70/><G32/><T102/><D65/><U45/><E56/><V27/><F42/><W6/><G124/><N who="2" m="47657" /><F60/><W28/><G6/><AGARI ba="0,0" hai="0,1,3,6,11,27,31,34,95,97,103" m="47657" machi="6" ten="30,1000,0" yaku="18,1" doraHai="120" who="2" fromWho="3" sc="124,0,252,0,276,10,348,-10" /><INIT seed="5,0,0,2,5,20" ten="124,252,286,338" oya="1" hai0="25,91,37,113,28,110,36,96,22,117,19,27,59" hai1="53,39,66,2,124,7,5,129,70,85,45,128,56" hai2="106,24,72,135,93,13,10,115,15,69,133,33,78" hai3="92,95,86,35,88,132,55,114,54,119,89,130,9"/><U61/><E7/><V121/><F121/><W131/><G114/><T6/><D113/><U120/><E85/><V17/><F69/><W60/><G132/><N who="2" m="50761" /><F106/><W99/><G119/><T18/><D117/><U75/><E75/><V32/><F93/><W98/><G35/><N who="2" m="13385" /><F78/><W112/><G112/><T16/><D110/><U126/><E5/><N who="2" m="3279" /><F115/><W105/><G105/><T11/><D59/><U44/><E2/><V122/><F72/><W21/><G9/><T127/><D127/><N who="1" m="48683" /><E120/><V109/><F122/><W107/><G107/><T31/><D96/><U108/><E108/><V68/><F68/><W52/><G86/><T34/><REACH who="0" step="1"/><D91/><REACH who="0" ten="114,252,286,338" step="2"/><U123/><E123/><V1/><F109/><W74/><G99/><T79/><D79/><U42/><E45/><V67/><F67/><W125/><G98/><T58/><D58/><U134/><E134/><V50/><F50/><AGARI ba="0,1" hai="39,42,44,50,53,56,61,66,70,128,129" m="48683" machi="50" ten="30,11600,0" yaku="24,1,18,1,34,2" doraHai="20" who="1" fromWho="2" sc="114,0,252,126,286,-116,338,0" /><INIT seed="5,1,0,2,3,109" ten="114,378,170,338" oya="1" hai0="49,98,9,123,99,91,48,58,119,135,8,67,83" hai1="87,34,46,131,110,25,61,127,11,14,69,0,43" hai2="78,54,125,16,133,33,124,62,103,42,36,35,77" hai3="53,113,116,64,104,84,51,23,111,96,85,6,29"/><U134/><E0/><V60/><F103/><W102/><G111/><T118/><D123/><U28/><E131/><V45/><F54/><W100/><G64/><T97/><D135/><U38/><E127/><N who="2" m="48715" /><F133/><W1/><G102/><T108/><D108/><U37/><E87/><V106/><F106/><W18/><G29/><T107/><D107/><U71/><E38/><V129/><F129/><W3/><G3/><T90/><D67/><U26/><E26/><V122/><F122/><W101/><G101/><T105/><D105/><U79/><E79/><N who="2" m="30219" /><F16/><W72/><G72/><T17/><D17/><U93/><E61/><AGARI ba="1,0" hai="33,35,36,42,45,60,61,62" m="30219,48715" machi="61" ten="30,1000,0" yaku="18,1" doraHai="109" who="2" fromWho="1" sc="114,0,378,-13,170,13,338,0" /><INIT seed="6,0,0,2,0,58" ten="114,365,183,338" oya="2" hai0="119,1,127,81,113,66,112,97,132,121,98,100,89" hai1="18,4,135,54,34,8,110,41,85,126,22,43,131" hai2="9,53,45,77,57,55,10,114,26,123,87,16,90" hai3="122,20,69,76,120,64,71,52,60,70,29,128,25"/><V99/><F123/><W37/><G128/><T15/><D1/><U48/><E110/><V42/><F114/><W0/><G0/><T38/><D38/><U17/><E34/><V11/><F77/><W67/><G37/><T73/><D15/><N who="1" m="5511" /><E135/><V95/><F57/><W96/><G76/><T74/><D66/><U3/><E126/><V101/><F42/><W44/><G96/><T111/><D111/><U107/><E107/><V133/><F133/><W23/><G23/><T109/><D109/><U118/><E118/><V6/><F45/><W30/><G30/><T124/><D132/><U86/><E18/><V31/><F6/><W129/><G129/><T46/><D46/><N who="1" m="27927" /><E3/><V35/><REACH who="2" step="1"/><F16/><REACH who="2" ten="114,365,173,338" step="2"/><W62/><G71/><T91/><D121/><U13/><E131/><V21/><F21/><W28/><G28/><T36/><D36/><U65/><E65/><V49/><F49/><AGARI ba="0,1" hai="20,25,29,44,49,52,60,62,64,67,69,70,120,122" machi="49" ten="40,8000,1" yaku="9,1,52,2,54,1" doraHai="58" who="3" fromWho="2" sc="114,0,365,0,173,-80,338,90" /><INIT seed="7,0,0,3,0,114" ten="114,365,93,428" oya="3" hai0="97,2,115,4,116,15,1,101,109,70,112,77,85" hai1="105,93,134,128,102,120,98,72,16,57,59,58,75" hai2="89,30,83,100,54,118,88,90,125,82,129,65,106" hai3="84,108,119,11,19,46,74,131,107,73,71,117,36"/><W68/><G19/><T56/><D109/><U60/><E120/><V80/><F118/><W24/><G84/><T78/><D116/><U127/><E127/><V7/><F106/><W27/><G11/><N who="0" m="4583" /><D70/><U51/><E128/><V76/><F125/><W28/><G24/><T66/><D2/><U48/><E134/><V104/><F129/><W121/><G131/><T132/><D1/><U12/><E105/><V133/><F7/><W14/><G14/><T38/><D38/><U6/><E6/><V64/><F133/><W52/><G52/><T35/><D35/><U55/><E75/><V62/><F104/><W44/><G108/><T110/><D110/><U33/><E72/><N who="3" m="27754" /><G46/><T42/><D132/><U31/><E33/><V9/><F100/><W113/><G113/><N who="0" m="43595" /><D85/><U126/><E126/><V123/><F123/><W10/><G36/><T3/><D3/><U79/><E79/><V47/><F9/><W40/><G71/><T87/><D87/><U37/><E37/><V99/><F30/><W61/><G10/><T8/><D8/><U45/><E31/><V50/><F76/><W20/><G28/><T92/><D42/><U43/><REACH who="1" step="1"/><E60/><AGARI ba="0,0" hai="56,60,66,77,78,92,97,101" m="43595,4583" machi="60" ten="30,2000,0" yaku="15,1,11,1" doraHai="114" who="0" fromWho="1" sc="114,20,365,-20,93,0,428,0" owari="134,-27.0,345,15.0,93,-41.0,428,53.0" /></mjloggm>