<mjloggm ver="2.3"><GO type="41" lobby="0"/><UN n0="%E9%9A%A0%E6%A3%B2" n1="%E3%82%AB%E3%82%BA%E3%83%9E%E3%82%A4%E3%83%A4%E3%83%BC%52" n2="%73%74%61%72%6B" n3="%E2%93%9D%53%75%70%68%78" dan="16,13,14,18" rate="2026.23,1881.07,1962.83,2119.42" sx="M,M,M,M"/><TAIKYOKU oya="0"/><INIT seed="0,0,0,1,1,123" ten="250,250,250,250" oya="0" hai0="20,7,97,77,37,81,130,46,102,104,23,54,124" hai1="84,8,1,62,17,71,135,87,82,65,14,0,90" hai2="93,60,31,91,55,100,108,66,132,115,116,96,127" hai3="105,47,107,50,63,118,42,48,67,129,83,32,52"/><T111/><D130/><U6/><E135/><V21/><F115/><W59/><G32/><T119/><D119/><U61/><E61/><V57/><F132/><W68/><G118/><T56/><D124/><U64/><E64/><V35/><F35/><W43/><G83/><T15/><D37/><U11/><E87/><V72/><F72/><W88/><G129/><T70/><D46/><U19/><REACH who="1" step="1"/><E19/><REACH who="1" ten="250,240,250,250" step="2"/><V51/><F116/><W95/><REACH who="3" step="1"/><G43/><REACH who="3" ten="250,240,250,240" step="2"/><T89/><D70/><U27/><E27/><V29/><F127/><W18/><G18/><T30/><D81/><U9/><E9/><V128/><F128/><W120/><G120/><T121/><D121/><U126/><E126/><V22/><F31/><W39/><G39/><T44/><D30/><U36/><E36/><V73/><F73/><W94/><G94/><T92/><D92/><U28/><E28/><V24/><F108/><W79/><G79/><T58/><D77/><U122/><E122/><V33/><REACH who="2" step="1"/><F100/><REACH who="2" ten="250,240,240,240" step="2"/><W69/><G69/><AGARI ba="0,3" hai="21,22,24,29,33,51,55,57,60,66,69,91,93,96" machi="69" ten="30,3900,0" yaku="1,1,2,1,7,1,53,0" doraHai="123" doraHaiUra="78" who="2" fromWho="3" sc="250,0,240,0,240,69,240,-39" /><INIT seed="1,0,0,2,2,61" ten="250,240,309,201" oya="1" hai0="126,26,113,104,52,22,99,108,7,58,90,32,23" hai1="68,134,88,38,91,25,76,94,110,107,127,35,45" hai2="100,55,10,44,103,15,5,98,16,111,49,4,106" hai3="121,120,60,13,47,14,17,33,30,123,132,41,2"/><U34/><E107/><V3/><F111/><W59/><G2/><T24/><D108/><U118/><E110/><V8/><F103/><W95/><G132/><T122/><D113/><U87/><E134/><V12/><F3/><W9/><G33/><T74/><D126/><U64/><E118/><V62/><REACH who="2" step="1"/><F62/><REACH who="2" ten="250,240,299,201" step="2"/><W85/><G123/><T81/><D122/><U125/><E76/><V116/><F116/><W43/><G121/><T112/><D112/><U84/><E127/><V48/><F48/><W6/><G120/><T21/><D104/><U78/><E125/><V114/><F114/><W69/><G60/><T97/><D26/><U131/><E78/><V89/><F89/><W77/><G77/><T92/><D24/><U128/><E68/><V102/><F102/><W11/><G69/><T42/><D90/><U27/><E128/><V39/><F39/><W40/><G14/><T83/><D74/><U20/><E131/><V73/><F73/><W18/><G13/><T56/><D32/><U119/><E27/><V135/><F135/><W79/><G79/><T71/><D71/><U28/><E119/><V70/><F70/><W0/><G0/><T66/><D22/><U1/><E1/><V109/><F109/><W130/><G130/><T124/><D23/><U101/><E101/><V96/><F96/><W72/><G72/><T93/><D21/><U82/><E64/><V19/><AGARI ba="0,1" hai="4,5,8,10,12,15,16,19,44,49,55,98,100,106" machi="19" ten="20,8000,1" yaku="1,1,0,1,7,1,9,1,54,1,53,0" doraHai="61" doraHaiUra="36" who="2" fromWho="2" sc="250,-20,240,-40,299,90,201,-20" /><INIT seed="2,0,0,1,1,1" ten="230,200,389,181" oya="2" hai0="110,40,15,54,42,122,130,7,111,109,55,30,126" hai1="29,5,74,77,75,119,135,41,66,49,116,128,67" hai2="132,100,64,118,43,13,97,96,46,25,89,82,27" hai3="14,3,129,71,102,117,19,106,52,9,94,20,85"/><V38/><F118/><W65/><G117/><T81/><D122/><U134/><E77/><V60/><F132/><W47/><G129/><T34/><D130/><U113/><E29/><V39/><F39/><W114/><G106/><T72/><D126/><U58/><E128/><V87/><F97/><W84/><G114/><T108/><D34/><U37/><E113/><V112/><F13/><W16/><G65/><T8/><N who="0" m="28160" /><DORA hai="32" /><T70/><D30/><U120/><E58/><V103/><F103/><W61/><G71/><T73/><D70/><U26/><E49/><V78/><F78/><W123/><G123/><T76/><REACH who="0" step="1"/><D73/><REACH who="0" ten="220,200,389,181" step="2"/><U57/><E120/><V104/><F112/><W51/><G61/><T99/><D99/><U107/><E75/><V101/><REACH who="2" step="1"/><F100/><REACH who="2" ten="220,200,379,181" step="2"/><W86/><G102/><T45/><D45/><U17/><E119/><V80/><F80/><W11/><G47/><T12/><D12/><U23/><E116/><V69/><AGARI ba="0,2" hai="25,27,38,43,46,60,64,69,82,87,89,96,101,104" machi="69" ten="20,7800,0" yaku="1,1,0,1,7,1,53,1" doraHai="1,32" doraHaiUra="28,68" who="2" fromWho="2" sc="220,-26,200,-26,379,98,181,-26" /><INIT seed="2,1,0,2,2,98" ten="194,174,477,155" oya="2" hai0="49,55,82,84,57,126,119,67,31,85,75,47,36" hai1="14,114,11,45,62,71,18,30,124,44,108,129,116" hai2="123,128,102,133,132,34,8,52,19,110,15,90,93" hai3="91,73,40,35,77,48,101,122,28,43,21,58,95"/><V53/><F34/><W16/><G122/><T72/><D126/><U130/><E116/><V60/><F123/><W96/><G35/><T51/><D119/><U59/><E114/><V134/><F128/><W46/><G73/><T64/><D36/><U94/><E108/><V131/><F131/><W135/><G135/><T5/><D85/><U32/><E124/><V65/><F110/><W56/><G77/><T68/><D31/><U27/><E71/><V10/><F10/><W39/><G28/><T121/><D5/><U125/><E125/><V87/><REACH who="2" step="1"/><F102/><REACH who="2" ten="194,174,467,155" step="2"/><W83/><G39/><T2/><D121/><U61/><E130/><V25/><F25/><N who="3" m="14503" /><G43/><T1/><D1/><U54/><E129/><V115/><F115/><W50/><G50/><T107/><D2/><U112/><E112/><V0/><F0/><W38/><G38/><T92/><D51/><U63/><E63/><V24/><F24/><W66/><G48/><T80/><D49/><U104/><E62/><V106/><F106/><W70/><G40/><T4/><D107/><U74/><E104/><V120/><F120/><W29/><G46/><T88/><D47/><U76/><E45/><V111/><F111/><W103/><G103/><T26/><D26/><U42/><E44/><V37/><F37/><W118/><G118/><T6/><D68/><AGARI ba="1,1" hai="8,15,19,52,53,60,65,68,87,90,93,132,133,134" machi="68" ten="40,7700,0" yaku="1,1,20,1,54,1,53,0" doraHai="98" doraHaiUra="20" who="2" fromWho="0" sc="194,-80,174,0,467,90,155,0" /><INIT seed="2,2,0,3,0,93" ten="114,174,557,155" oya="2" hai0="86,57,29,26,78,38,46,2,72,106,131,115,31" hai1="48,39,113,45,96,110,27,12,40,126,120,88,43" hai2="121,69,41,84,83,20,128,36,94,104,52,37,75" hai3="81,35,0,13,63,95,42,47,15,70,4,23,32"/><V49/><F121/><W105/><G105/><T62/><D131/><U21/><E113/><V59/><F104/><W119/><G119/><T132/><D115/><U100/><E110/><V24/><F69/><W65/><G0/><T123/><D132/><U98/><E126/><V56/><F75/><W64/><G64/><T124/><D124/><U30/><E120/><V82/><F128/><W107/><G107/><T68/><D123/><U134/><E134/><V67/><F37/><W10/><G81/><T125/><D106/><U66/><E100/><V6/><F6/><W55/><G55/><T25/><D2/><U73/><E66/><V9/><F9/><W92/><G35/><T14/><D68/><U5/><E73/><V91/><F41/><W76/><G76/><T18/><D72/><U127/><E127/><V99/><F36/><W22/><G32/><T7/><D7/><U130/><E130/><V101/><F67/><W54/><G54/><T97/><D97/><N who="1" m="37483" /><E39/><V51/><F83/><W19/><G23/><T60/><D38/><AGARI ba="2,0" hai="4,10,13,15,19,22,38,42,47,63,65,70,92,95" machi="38" ten="30,1000,0" yaku="7,1" doraHai="93" who="3" fromWho="0" sc="114,-16,174,0,557,0,155,16" /><INIT seed="3,0,0,1,1,71" ten="98,174,557,171" oya="3" hai0="129,72,42,107,69,122,124,6,114,26,73,1,15" hai1="77,47,51,45,83,34,31,7,68,67,17,18,12" hai2="90,79,4,19,85,2,20,131,109,78,120,52,97" hai3="94,74,98,60,99,118,123,82,102,10,87,128,84"/><W9/><G118/><T37/><RYUUKYOKU type="yao9" ba="0,0" sc="98,0,174,0,557,0,171,0" hai0="1,6,15,26,37,42,69,72,73,107,114,122,124,129" /><INIT seed="3,1,0,4,4,22" ten="98,174,557,171" oya="3" hai0="8,86,9,128,75,94,103,39,134,5,95,90,53" hai1="47,78,4,15,99,76,79,29,35,44,109,10,2" hai2="7,45,130,110,118,77,107,116,42,67,117,54,32" hai3="113,68,12,0,59,93,72,85,57,102,1,104,123"/><W125/><G123/><T73/><D134/><U106/><E109/><V13/><F107/><W48/><G68/><T37/><D128/><U65/><E65/><V71/><F32/><W55/><G72/><T84/><D53/><U88/><E15/><V129/><F77/><W33/><G125/><T108/><D90/><U26/><REACH who="1" step="1"/><E106/><REACH who="1" ten="98,164,557,171" step="2"/><V81/><F110/><W124/><G12/><T69/><D108/><U51/><E51/><V21/><F117/><W36/><G48/><T16/><D69/><U63/><E63/><V127/><F118/><W34/><G104/><T19/><REACH who="0" step="1"/><D5/><REACH who="0" ten="88,164,557,171" step="2"/><U23/><E23/><V105/><F116/><W25/><G34/><T31/><D31/><U98/><E98/><V41/><F7/><W52/><G33/><T3/><D3/><U91/><E91/><V100/><F130/><W112/><G1/><T30/><D30/><U40/><E40/><V83/><F129/><W6/><G6/><T64/><D64/><U122/><E122/><V119/><F67/><W58/><G0/><T38/><D38/><U121/><E121/><V46/><F119/><W133/><G36/><T50/><D50/><U49/><E49/><V92/><F71/><W82/><G55/><T87/><D87/><U62/><E62/><V97/><F54/><W132/><G52/><T14/><D14/><U101/><E101/><AGARI ba="1,2" hai="8,9,16,19,37,39,73,75,84,86,94,95,101,103" machi="101" ten="25,6400,0" yaku="1,1,22,2,54,1,53,0" doraHai="22" doraHaiUra="43" who="0" fromWho="1" sc="88,87,164,-67,557,0,171,0" /><INIT seed="4,0,0,2,2,100" ten="175,97,557,171" oya="0" hai0="97,111,22,132,54,12,44,130,110,84,64,27,26" hai1="95,123,55,115,104,71,125,38,77,8,82,134,135" hai2="109,131,86,5,58,85,25,89,35,1,108,120,46" hai3="126,10,20,121,88,102,11,70,29,49,116,14,6"/><T47/><D132/><U114/><E123/><V50/><F120/><W119/><G70/><T78/><D130/><U43/><E71/><V40/><F131/><W65/><G65/><T31/><D64/><U98/><E55/><V129/><F129/><W53/><G102/><T124/><D124/><U79/><E8/><V34/><F58/><W94/><G126/><T57/><D12/><U21/><E21/><V128/><F128/><W73/><G73/><T74/><D74/><U30/><E30/><V60/><F60/><W72/><G72/><T48/><D97/><U91/><E43/><V3/><F86/><W76/><G76/><N who="1" m="29258" /><E38/><V4/><F4/><W51/><G121/><T127/><D127/><U67/><E67/><V7/><F7/><W59/><G11/><T2/><D2/><U42/><E42/><V41/><F5/><W9/><G9/><T68/><D68/><U37/><E37/><V106/><F106/><W45/><G29/><T18/><D111/><U69/><E69/><V15/><F15/><W117/><G20/><T101/><D110/><N who="2" m="42602" /><F41/><W61/><REACH who="3" step="1"/><G45/><REACH who="3" ten="175,97,557,161" step="2"/><T33/><REACH who="0" step="1"/><D101/><REACH who="0" ten="165,97,557,161" step="2"/><N who="1" m="62519" /><E125/><V13/><F3/><W23/><G23/><T83/><AGARI ba="0,2" hai="18,22,26,27,31,33,44,47,48,54,57,78,83,84" machi="83" ten="30,3000,0" yaku="1,1,0,1,53,0" doraHai="100" doraHaiUra="103" who="0" fromWho="0" sc="165,50,97,-10,557,-10,161,-10" /><INIT seed="4,1,0,3,3,66" ten="215,87,547,151" oya="0" hai0="10,73,81,2,102,121,46,5,68,97,60,118,132" hai1="90,69,94,40,37,55,42,65,114,130,7,62,98" hai2="19,58,39,92,109,93,85,87,70,108,107,131,133" hai3="72,13,26,120,23,44,4,134,64,101,67,18,99"/><T75/><D118/><U12/><E130/><V104/><F39/><W25/><G72/><T115/><D115/><U0/><E0/><V135/><F58/><W22/><G134/><T27/><D132/><N who="2" m="50762" /><F19/><W95/><G120/><T33/><D121/><U1/><E1/><V17/><F17/><W100/><G100/><T103/><D103/><U128/><E128/><V126/><F70/><W8/><REACH who="3" step="1"/><G44/><REACH who="3" ten="215,87,547,141" step="2"/><T82/><D46/><U32/><E114/><V61/><F131/><W76/><G76/><T79/><D75/><U53/><E37/><V15/><F126/><W71/><G71/><T116/><D79/><U96/><E32/><V51/><F61/><W47/><G47/><T16/><D73/><U34/><E34/><V9/><F51/><W31/><AGARI ba="1,1" hai="4,8,13,18,22,23,25,26,31,64,67,95,99,101" machi="31" ten="20,5200,0" yaku="1,1,0,1,7,1,8,1,53,0" doraHai="66" doraHaiUra="48" who="3" fromWho="3" sc="215,-27,87,-14,547,-14,141,65" /><INIT seed="5,0,0,1,0,54" ten="188,73,533,206" oya="1" hai0="14,29,89,58,59,93,22,7,57,69,86,135,60" hai1="115,117,130,46,127,50,107,92,38,101,8,109,3" hai2="45,113,126,133,39,31,66,75,98,9,21,95,114" hai3="88,36,40,96,47,105,17,43,102,11,112,30,83"/><U26/><E117/><V4/><F75/><W61/><G112/><T12/><D135/><U99/><E115/><N who="2" m="44043" /><F133/><W24/><G43/><T25/><REACH who="0" step="1"/><D7/><REACH who="0" ten="178,73,533,206" step="2"/><U90/><E38/><V48/><F126/><W6/><G6/><T74/><D74/><U85/><E127/><V56/><F39/><W18/><G11/><T77/><D77/><U55/><E109/><V122/><F4/><W106/><G106/><T2/><D2/><U67/><E130/><V80/><F9/><W28/><G105/><T123/><D123/><U78/><E78/><V121/><F122/><W51/><G36/><T72/><D72/><U10/><E3/><V71/><F121/><W34/><G30/><T97/><D97/><U37/><E37/><V84/><F31/><W100/><G96/><T128/><D128/><U53/><E26/><V23/><F98/><W131/><G131/><T49/><D49/><U116/><E116/><V110/><F110/><W20/><G28/><T1/><D1/><U108/><E108/><V76/><F48/><W103/><G51/><T111/><D111/><U81/><E107/><V68/><F45/><W5/><G47/><T15/><D15/><U132/><E132/><V73/><F73/><W32/><G24/><T42/><D42/><N who="1" m="24919" /><E67/><AGARI ba="0,1" hai="12,14,22,25,29,57,58,59,60,67,69,86,89,93" machi="67" ten="40,8000,1" yaku="1,1,52,3,53,0" doraHai="54" doraHaiUra="134" who="0" fromWho="1" sc="178,90,73,-80,533,0,206,0" owari="268,7.0,-7,-51.0,533,63.0,206,-19.0" /></mjloggm>