<mjloggm ver="2.3"><GO type="41" lobby="0"/><UN n0="%E3%82%8F%E3%81%9B%E3%82%8A%E3%82%93%35%30" n1="%E3%83%97%E3%82%A8%E3%83%AB%E3%83%88%E3%83%AA%E3%82%B3" n2="%E2%93%9D%53%75%70%68%78" n3="%E5%B7%9D%E7%94%B0%E5%B0%86%E9%9B%85" dan="14,14,18,14" rate="1950.62,1895.21,2108.96,1905.30" sx="M,M,M,M"/><TAIKYOKU oya="0"/><INIT seed="0,0,0,5,5,18" ten="250,250,250,250" oya="0" hai0="132,64,125,22,128,17,47,38,127,110,70,63,25" hai1="15,33,93,10,84,48,9,80,32,71,65,112,135" hai2="73,99,8,56,104,87,35,89,30,90,96,134,44" hai3="6,81,1,95,85,83,91,86,36,55,78,45,97"/><T131/><D110/><U58/><E135/><V67/><F73/><W116/><G116/><T74/><D74/><U4/><E71/><V123/><F35/><W2/><G6/><T129/><REACH who="0" step="1"/><D132/><REACH who="0" ten="240,250,250,250" step="2"/><U62/><E112/><V21/><F134/><W133/><G133/><T69/><D69/><U120/><E120/><V79/><F123/><W108/><G108/><T0/><D0/><U37/><E32/><V28/><F99/><W109/><G109/><T50/><D50/><U39/><E33/><V105/><F96/><W31/><G36/><T61/><D61/><U60/><E60/><V94/><F87/><W106/><G1/><T102/><D102/><U72/><E48/><V68/><F68/><W82/><G2/><T113/><D113/><U117/><E117/><V114/><F114/><W77/><G106/><T12/><D12/><U54/><E72/><V103/><F103/><W76/><G31/><T100/><D100/><U40/><E39/><V5/><F30/><W52/><G45/><T41/><AGARI ba="0,1" hai="17,22,25,38,41,47,63,64,70,125,127,128,129,131" machi="41" ten="40,12000,1" yaku="1,1,0,1,19,1,52,1,53,0" doraHai="18" doraHaiUra="118" who="0" fromWho="0" sc="240,130,250,-40,250,-40,250,-40" /><INIT seed="0,1,0,0,4,18" ten="370,210,210,210" oya="0" hai0="51,109,80,65,19,68,118,46,28,57,37,117,53" hai1="99,48,107,45,122,6,17,135,32,132,61,12,106" hai2="26,108,54,82,78,84,67,63,27,30,41,2,0" hai3="24,10,39,49,91,88,70,101,97,116,75,38,127"/><T98/><D28/><U128/><E122/><V52/><F108/><W33/><G116/><T133/><D133/><N who="1" m="51275" /><E128/><V15/><F41/><W85/><G70/><T77/><D109/><U81/><E32/><V94/><F27/><W86/><G75/><T113/><D113/><U22/><E81/><V129/><F15/><W115/><G115/><T79/><D79/><U69/><E6/><V16/><F129/><W35/><G10/><T119/><D98/><U56/><E99/><V87/><F2/><W34/><G49/><T114/><D114/><U47/><E69/><V76/><F30/><W5/><G5/><T90/><D90/><N who="3" m="34345" /><G24/><T95/><D95/><U3/><E3/><V96/><F0/><W130/><G130/><T4/><D4/><U43/><E47/><V123/><F123/><W8/><G8/><T44/><D19/><U25/><E25/><V105/><F16/><W120/><G120/><T58/><D68/><U55/><AGARI ba="1,0" hai="12,17,22,43,45,48,55,56,61,106,107" m="51275" machi="55" ten="30,2000,0" yaku="20,1,52,1" doraHai="18" who="1" fromWho="1" sc="370,-11,210,23,210,-6,210,-6" /><INIT seed="1,0,0,3,3,90" ten="359,233,204,204" oya="1" hai0="123,27,77,79,108,127,50,53,17,117,82,29,98" hai1="116,49,103,57,70,87,89,95,19,126,44,132,91" hai2="26,46,111,14,43,114,41,110,33,64,88,7,63" hai3="18,119,84,39,67,81,133,22,131,0,85,102,38"/><U120/><E120/><V135/><F135/><W129/><G0/><T105/><D117/><U32/><E116/><V113/><F7/><W16/><G119/><T134/><D123/><U75/><E70/><V73/><F14/><W124/><G67/><T36/><D36/><U99/><E126/><V23/><F33/><W122/><G124/><T28/><D127/><U40/><E32/><V106/><F106/><W130/><G122/><T25/><D17/><N who="3" m="6761" /><G22/><T52/><D134/><U65/><E75/><V37/><F73/><W35/><G35/><T3/><D3/><U1/><E1/><V51/><F23/><W93/><G133/><T66/><D66/><U68/><E68/><V125/><F26/><W6/><G6/><T21/><D108/><N who="2" m="41514" /><F125/><W118/><G118/><T4/><D4/><U20/><E132/><V30/><F30/><W121/><G121/><T104/><D98/><U12/><REACH who="1" step="1"/><E87/><REACH who="1" ten="359,223,204,204" step="2"/><N who="3" m="33354" /><G81/><T107/><D82/><U97/><E97/><AGARI ba="0,1" hai="38,39,93,97,102,129,130,131" m="33354,6761" machi="97" ten="40,5200,0" yaku="19,1,52,1,54,1" doraHai="90" who="3" fromWho="1" sc="359,0,223,-52,204,0,204,62" /><INIT seed="2,0,0,2,1,21" ten="359,171,204,266" oya="2" hai0="51,50,29,38,111,24,84,93,9,113,35,17,4" hai1="1,118,30,91,64,15,52,79,77,132,106,13,129" hai2="121,47,19,60,86,122,128,100,5,28,67,78,41" hai3="82,87,85,110,36,114,22,10,56,69,89,3,120"/><V94/><F128/><W57/><G120/><T112/><D111/><U126/><E118/><V107/><F107/><W65/><G36/><T80/><D38/><U61/><E106/><V101/><F5/><W73/><G73/><T58/><D93/><U16/><E1/><V99/><F101/><W70/><G110/><T14/><D58/><U42/><E42/><V98/><F98/><W40/><G40/><T48/><REACH who="0" step="1"/><D4/><REACH who="0" ten="349,171,204,266" step="2"/><U131/><E129/><V96/><F94/><W49/><G57/><T135/><D135/><U18/><E131/><V105/><F105/><W134/><G134/><T90/><AGARI ba="0,1" hai="9,14,17,24,29,35,48,50,51,80,84,90,112,113" machi="90" ten="30,4000,0" yaku="1,1,0,1,52,1,53,0" doraHai="21" doraHaiUra="39" who="0" fromWho="0" sc="349,50,171,-10,204,-20,266,-10" /><INIT seed="3,0,0,3,5,16" ten="399,161,184,256" oya="3" hai0="85,75,15,6,9,91,126,71,60,104,42,122,66" hai1="13,88,24,25,125,58,95,79,119,37,82,133,5" hai2="128,56,46,1,115,10,38,89,17,127,121,55,110" hai3="105,98,20,62,53,77,96,35,69,51,86,31,90"/><W30/><G35/><T116/><D116/><U22/><E133/><V11/><F115/><W103/><G77/><T124/><D122/><U63/><E125/><N who="0" m="48233" /><D75/><U94/><E37/><V112/><F110/><W135/><G135/><T7/><D104/><U52/><E119/><V8/><F128/><W19/><G62/><T44/><D15/><U73/><E94/><V32/><F112/><W72/><G69/><T3/><D9/><U129/><E129/><V99/><F32/><W28/><G72/><T57/><D71/><U59/><E59/><V23/><F121/><W118/><G118/><T27/><D27/><U12/><E5/><V67/><F1/><W4/><G4/><T41/><D41/><U39/><E39/><V40/><F127/><W18/><G98/><T26/><D26/><U2/><E25/><V65/><F99/><W123/><G18/><T70/><D70/><U74/><E2/><V113/><F113/><W120/><G31/><T21/><D21/><U14/><E74/><V134/><F134/><W47/><G123/><T81/><D3/><U61/><E61/><V117/><F117/><W87/><G120/><T43/><D42/><U107/><E107/><V68/><F68/><W108/><G108/><T109/><D109/><U34/><E34/><V64/><F17/><W0/><G0/><T29/><D29/><N who="3" m="11369" /><G90/><T36/><AGARI ba="0,0" hai="6,7,36,43,44,57,60,66,81,85,91" m="48233" machi="36" ten="30,1100,0" yaku="18,1" doraHai="16" who="0" fromWho="0" sc="399,11,161,-3,184,-3,256,-5" /><INIT seed="4,0,0,4,5,11" ten="410,158,181,251" oya="0" hai0="34,119,116,17,117,81,47,90,24,96,6,86,3" hai1="92,39,109,135,8,115,73,58,80,127,51,118,15" hai2="22,48,133,19,26,66,37,71,103,54,55,128,65" hai3="113,77,76,112,4,52,64,13,93,131,41,85,9"/><T12/><D3/><U110/><E118/><V84/><F37/><W111/><G111/><T30/><D6/><U42/><E39/><V27/><F128/><W78/><G131/><T28/><D28/><U98/><E135/><V5/><F133/><W83/><G64/><T59/><D59/><U120/><E120/><V7/><F103/><W38/><G93/><T72/><D47/><U114/><E127/><V2/><F2/><W49/><G41/><T53/><D53/><U107/><E107/><V123/><F123/><W87/><G38/><T79/><D96/><U108/><E80/><V106/><F106/><W43/><G43/><T50/><D50/><U94/><E73/><V61/><F84/><W62/><G62/><T129/><D129/><U21/><E21/><V10/><F10/><W44/><REACH who="3" step="1"/><G87/><REACH who="3" ten="410,158,181,241" step="2"/><T14/><D119/><U124/><E124/><V74/><F66/><W16/><G16/><T75/><D75/><U82/><E82/><V60/><F74/><W132/><G132/><T89/><D117/><U105/><E42/><V32/><F61/><W99/><G99/><T69/><D116/><U122/><E122/><V67/><F67/><W45/><G45/><T40/><D40/><U126/><E126/><V20/><F55/><W125/><G125/><T95/><D17/><N who="1" m="8423" /><E105/><V33/><F54/><W63/><G63/><T70/><D72/><U101/><E94/><V36/><F36/><W56/><G56/><T68/><D95/><U104/><E104/><V130/><F130/><W1/><G1/><T18/><D18/><U46/><E58/><V29/><F48/><RYUUKYOKU ba="0,1" sc="410,0,158,0,181,0,241,0" hai0="12,14,24,30,34,68,69,70,79,81,86,89,90" hai1="46,51,92,98,101,108,109,110,114,115" hai2="5,7,19,20,22,26,27,29,32,33,60,65,71" hai3="4,9,13,44,49,52,76,77,78,83,85,112,113" /><INIT seed="4,1,1,2,5,86" ten="410,158,181,241" oya="0" hai0="112,81,54,87,22,38,55,107,45,5,109,60,88" hai1="89,97,120,84,90,27,52,76,85,65,46,91,101" hai2="114,2,121,70,1,122,25,78,68,40,104,125,71" hai3="59,30,79,19,57,32,24,105,98,103,108,50,51"/><T29/><D107/><U82/><E120/><V134/><F104/><W123/><G108/><T99/><D109/><U106/><E65/><V129/><F78/><W95/><G123/><T26/><D112/><U117/><E117/><V69/><F69/><W93/><G79/><T8/><D60/><U36/><E27/><V35/><F129/><W75/><G75/><T58/><D58/><U53/><REACH who="1" step="1"/><E85/><REACH who="1" ten="410,148,181,241" step="2"/><V126/><F122/><W20/><G105/><T94/><D26/><U63/><E63/><V56/><F121/><W124/><G124/><T64/><D87/><U118/><E118/><V67/><F126/><W130/><G130/><T9/><D64/><U16/><E16/><V21/><F125/><W12/><G24/><T72/><D72/><U62/><E62/><V127/><F67/><W133/><G19/><T23/><D29/><U100/><E100/><V37/><F127/><W66/><G30/><T31/><D31/><U131/><E131/><V39/><F25/><W132/><G103/><T17/><D17/><U43/><AGARI ba="1,2" hai="36,43,46,52,53,76,82,84,89,90,91,97,101,106" machi="43" ten="30,12000,2" yaku="1,1,0,1,52,3,54,1,53,0" doraHai="86" doraHaiUra="7" who="1" fromWho="1" sc="410,-61,148,143,181,-31,241,-31" /><INIT seed="5,0,0,4,0,98" ten="349,291,150,210" oya="1" hai0="17,88,1,129,82,128,31,34,76,120,6,3,38" hai1="19,101,115,119,63,93,71,73,40,45,87,96,27" hai2="67,7,54,51,109,72,48,134,86,10,78,95,108" hai3="121,16,85,36,28,110,60,53,97,66,50,5,126"/><U4/><E115/><V103/><F134/><W32/><G110/><T131/><D120/><U117/><E73/><V80/><F67/><W122/><G36/><T0/><D38/><U11/><E71/><V33/><F33/><W49/><G5/><T106/><D106/><U64/><E19/><V22/><F51/><W13/><G97/><T125/><D125/><U90/><E27/><V79/><F22/><W92/><G126/><T15/><D6/><U114/><E114/><V77/><F109/><W18/><G121/><T113/><D113/><U99/><E99/><V84/><F72/><W56/><G122/><T132/><D132/><U130/><E130/><V116/><F116/><W118/><G13/><T42/><D42/><U105/><E63/><V112/><F108/><W133/><G133/><T46/><D46/><U68/><E64/><V20/><F20/><W59/><G118/><T111/><D111/><U127/><E68/><V81/><F95/><W58/><G28/><T123/><D123/><U102/><E102/><V29/><F29/><W21/><G32/><T70/><D70/><U135/><E135/><V75/><F75/><W94/><G21/><N who="0" m="11455" /><D76/><U100/><E127/><V57/><F112/><W124/><G124/><T23/><D34/><U89/><E89/><V37/><F37/><W9/><G9/><T39/><D39/><U30/><E100/><V43/><F43/><W91/><G94/><T52/><D88/><U69/><E69/><V61/><F103/><W8/><G8/><T74/><D74/><U41/><E119/><V35/><F35/><W104/><G104/><RYUUKYOKU ba="0,0" sc="349,-10,291,-10,150,-10,210,30" hai3="16,18,49,50,53,56,58,59,60,66,85,91,92" /><INIT seed="6,1,0,1,5,82" ten="339,281,140,240" oya="2" hai0="108,97,25,0,50,93,35,123,28,43,92,22,135" hai1="54,102,44,9,80,23,39,100,15,12,83,91,120" hai2="99,3,58,29,134,66,40,117,70,51,124,10,52" hai3="46,4,64,95,34,113,132,32,27,7,17,19,114"/><V98/><F117/><W13/><G64/><T90/><D108/><U55/><E120/><V26/><F124/><W81/><G46/><N who="0" m="25951" /><D0/><U33/><E33/><N who="3" m="12906" /><G95/><T126/><D123/><U8/><E23/><V78/><F134/><W45/><G45/><T79/><D79/><U30/><E30/><V16/><F40/><W37/><G81/><T119/><D126/><U41/><E41/><V104/><F78/><W131/><G37/><T62/><D62/><U121/><E121/><V63/><F104/><W18/><G132/><T73/><D73/><U77/><E44/><V5/><REACH who="2" step="1"/><F16/><REACH who="2" ten="339,281,130,240" step="2"/><N who="3" m="6251" /><G27/><T96/><D135/><U130/><E77/><V116/><F116/><W125/><G125/><T68/><D25/><U112/><E39/><V61/><F61/><W103/><G131/><T89/><D119/><U59/><E130/><V133/><F133/><W105/><G105/><T87/><D28/><U101/><E101/><V21/><AGARI ba="1,1" hai="3,5,10,21,26,29,51,52,58,63,66,70,98,99" machi="21" ten="20,7800,0" yaku="1,1,0,1,7,1,54,1,53,0" doraHai="82" doraHaiUra="76" who="2" fromWho="2" sc="339,-27,281,-27,130,91,240,-27" /><INIT seed="6,2,0,3,1,131" ten="312,254,221,213" oya="2" hai0="112,123,129,4,106,71,59,65,0,102,85,33,125" hai1="49,127,105,130,18,72,42,100,38,96,73,68,63" hai2="92,27,80,9,60,135,47,30,16,13,22,5,58" hai3="53,52,51,91,93,54,83,62,70,46,17,39,126"/><V43/><F135/><W110/><G110/><T103/><D123/><U101/><E127/><V87/><F92/><W50/><G126/><T40/><D125/><U55/><E130/><V81/><F30/><W133/><G133/><T15/><D71/><U2/><E101/><V86/><F81/><W121/><G121/><T107/><D0/><U29/><E2/><V44/><F43/><W67/><G83/><T25/><D4/><U37/><E37/><V89/><REACH who="2" step="1"/><F87/><REACH who="2" ten="312,254,211,213" step="2"/><W99/><REACH who="3" step="1"/><G17/><REACH who="3" ten="312,254,211,203" step="2"/><T118/><D129/><U90/><E18/><V19/><F19/><W95/><G95/><T11/><D107/><U34/><E105/><V32/><F32/><W36/><G36/><T76/><D106/><U64/><E34/><V109/><F109/><W116/><G116/><T69/><D33/><U124/><E124/><V31/><F31/><W79/><G79/><T1/><D76/><U45/><E29/><V12/><F12/><W117/><G117/><T74/><D15/><U98/><E38/><V122/><F122/><W26/><G26/><T132/><D25/><U35/><E35/><V57/><F57/><W24/><G24/><T41/><D59/><U111/><E111/><V8/><F8/><W115/><G115/><T23/><D132/><U88/><E68/><V120/><F120/><W94/><G94/><T134/><D134/><U108/><E108/><V61/><F61/><W104/><G104/><T119/><D119/><U48/><E63/><V21/><F21/><W66/><G66/><AGARI ba="2,2" hai="5,9,13,16,22,27,44,47,58,60,66,80,86,89" machi="66" ten="30,12000,1" yaku="1,1,7,1,8,1,54,1,53,1" doraHai="131" doraHaiUra="78" who="2" fromWho="3" sc="312,0,254,0,211,146,203,-126" /><INIT seed="6,3,0,0,5,36" ten="312,254,357,77" oya="2" hai0="9,2,84,85,23,45,93,116,28,30,134,108,17" hai1="40,107,115,89,74,90,65,114,106,135,102,67,88" hai2="50,62,101,109,64,29,124,86,127,118,75,112,60" hai3="78,81,53,104,58,16,26,72,43,27,55,68,59"/><V99/><F118/><W105/><G68/><T61/><D108/><U31/><E74/><V41/><F75/><W87/><G72/><T5/><D134/><U19/><E31/><V57/><F112/><N who="1" m="43049" /><E135/><V24/><F86/><W46/><G55/><T20/><D61/><U12/><E40/><V4/><F4/><W111/><G58/><T44/><D44/><U66/><E102/><V18/><F18/><W21/><G26/><T47/><D45/><U126/><E126/><V14/><F14/><W133/><G133/><T82/><D93/><U51/><E51/><V38/><F38/><W125/><G125/><T95/><D95/><U117/><E117/><V63/><F109/><W8/><G8/><AGARI ba="3,0" hai="8,12,19,65,66,67,88,89,90,106,107" m="43049" machi="8" ten="40,2600,0" yaku="15,1,54,1" doraHai="36" who="1" fromWho="3" sc="312,0,254,35,357,0,77,-35" /><INIT seed="7,0,0,4,3,10" ten="312,289,357,42" oya="3" hai0="44,118,112,78,92,131,105,103,7,97,16,66,37" hai1="57,33,75,50,11,1,123,86,70,113,71,82,53" hai2="119,45,54,19,81,76,5,132,61,74,65,52,59" hai3="47,42,22,40,4,14,43,104,34,106,17,108,41"/><W73/><G34/><T6/><D118/><U130/><E113/><V31/><F119/><W126/><G73/><T72/><D66/><U30/><E130/><V39/><F132/><W46/><G126/><T88/><D131/><U67/><E123/><V128/><F128/><W8/><N who="3" m="10240" /><DORA hai="135" /><W28/><G108/><T111/><D37/><U109/><E75/><V56/><F31/><W127/><G28/><T36/><D36/><U87/><E87/><V94/><F5/><W90/><G90/><T117/><D117/><U120/><E120/><V69/><F39/><W51/><G127/><T110/><D44/><U89/><E67/><V27/><F45/><W115/><G115/><T62/><D62/><U121/><E109/><V24/><F19/><W60/><G60/><T98/><D112/><U18/><E121/><V83/><F74/><W26/><REACH who="3" step="1"/><G47/><REACH who="3" ten="312,289,357,32" step="2"/><T133/><D133/><U129/><E129/><V3/><F61/><W93/><G93/><T125/><D125/><U29/><E33/><V85/><F94/><W124/><G124/><T80/><D111/><U9/><E29/><V55/><F83/><W91/><G91/><T107/><D110/><U114/><E30/><V20/><F81/><W15/><G15/><T99/><D107/><U2/><E114/><V25/><F25/><W134/><G134/><T116/><D116/><U13/><E1/><V68/><F3/><W21/><G21/><T84/><D72/><U58/><E2/><V100/><F27/><W63/><G63/><T101/><D88/><U77/><E89/><V49/><F24/><W48/><G48/><RYUUKYOKU ba="0,1" sc="312,-10,289,-10,357,-10,32,30" hai3="4,8,14,17,22,26,46,51,104,106" /><INIT seed="7,1,1,2,5,69" ten="302,279,347,62" oya="3" hai0="134,52,86,8,46,117,20,131,111,4,45,1,82" hai1="0,68,57,22,105,81,108,79,49,64,50,71,109" hai2="74,51,37,100,17,123,70,12,11,18,92,132,67" hai3="115,121,39,6,135,34,38,107,103,5,73,93,63"/><W2/><G93/><T7/><D111/><U101/><E0/><V95/><F37/><W126/><G6/><T98/><D117/><U122/><E122/><V127/><F74/><W66/><G121/><T78/><D134/><U99/><E71/><V10/><F127/><W24/><G135/><T87/><D131/><U13/><E68/><V56/><F70/><N who="3" m="42335" /><G73/><T59/><D7/><U3/><E3/><V26/><F100/><W43/><G43/><T77/><D20/><U23/><E23/><V27/><F132/><W15/><G15/><T133/><D133/><U96/><E96/><V125/><F125/><W44/><G44/><T129/><D129/><U32/><E32/><V128/><F128/><W119/><G126/><T112/><D112/><U90/><E90/><V65/><F123/><W33/><G119/><T94/><D87/><U120/><E120/><V114/><F114/><W53/><G53/><T85/><D85/><U116/><E116/><V130/><F130/><W124/><G124/><T60/><D77/><U58/><E108/><V75/><F75/><W104/><G115/><T29/><D29/><U16/><E109/><V97/><F12/><W83/><G83/><T84/><D86/><U42/><E81/><V19/><F97/><N who="3" m="61551" /><G107/><T102/><AGARI ba="1,1" hai="1,4,8,45,46,52,59,60,78,82,84,94,98,102" machi="102" ten="20,2700,0" yaku="0,1,7,1,54,1" doraHai="69" who="0" fromWho="0" sc="302,40,279,-8,347,-8,62,-14" owari="342,44.0,271,-13.0,339,14.0,48,-45.0" /></mjloggm>