<mjloggm ver="2.3"><GO type="41" lobby="0"/><UN n0="%64%31%30%73" n1="%E3%81%88%E3%81%B3%E3%81%99%39%2F%39" n2="%E2%93%9D%53%75%70%68%78" n3="%4D%75%64%46%6C%6F%77" dan="14,15,19,14" rate="1976.04,1986.01,2179.59,2040.79" sx="M,M,M,M"/><TAIKYOKU oya="0"/><INIT seed="0,0,0,1,5,124" ten="250,250,250,250" oya="0" hai0="67,119,87,85,95,121,102,109,12,47,23,91,75" hai1="94,26,62,1,88,57,63,70,27,79,5,71,111" hai2="106,135,64,112,43,58,73,39,3,17,53,35,98" hai3="125,84,46,115,49,77,25,55,60,110,38,103,22"/><T14/><D119/><U104/><E104/><V116/><F112/><W50/><G115/><T44/><D75/><U24/><E111/><V15/><F3/><W130/><G110/><T4/><D121/><U97/><E79/><V6/><F6/><W78/><G125/><T37/><D109/><U133/><E133/><V69/><F35/><W113/><G38/><T129/><D129/><U33/><E33/><V76/><F64/><W117/><G117/><T127/><D127/><U131/><E131/><V31/><F31/><W8/><G113/><T134/><D134/><U21/><E21/><V74/><F69/><W101/><G8/><T86/><D102/><N who="3" m="38921" /><G60/><T80/><D67/><U61/><REACH who="1" step="1"/><E57/><REACH who="1" ten="250,240,250,250" step="2"/><V10/><F58/><N who="3" m="33135" /><G130/><T30/><D37/><U7/><E7/><V96/><F39/><W92/><G78/><T52/><D4/><U66/><E66/><V107/><F76/><W114/><G114/><T132/><D132/><U81/><E81/><V128/><F128/><W11/><G77/><T0/><D80/><U45/><E45/><V29/><F135/><W68/><G68/><T122/><D47/><U82/><E82/><V65/><F116/><W100/><G11/><AGARI ba="0,1" hai="1,5,11,24,26,27,61,62,63,70,71,88,94,97" machi="11" ten="40,8000,1" yaku="1,1,54,1,53,3" doraHai="124" doraHaiUra="56" who="1" fromWho="3" sc="250,0,240,90,250,0,250,-80" /><INIT seed="1,0,0,4,4,93" ten="250,330,250,170" oya="1" hai0="48,43,132,94,46,98,38,100,40,110,15,80,76" hai1="119,114,97,35,109,44,27,0,92,29,14,31,8" hai2="85,75,90,6,133,37,128,113,53,25,123,68,65" hai3="111,69,58,78,70,130,95,49,121,21,22,106,56"/><U26/><E114/><V131/><F123/><W50/><G106/><T24/><D110/><U116/><E0/><V34/><F75/><W112/><G78/><T18/><D132/><U28/><E44/><V10/><F37/><W122/><G95/><T124/><D124/><U77/><E77/><V88/><F53/><W51/><G112/><T118/><D118/><U126/><E126/><V67/><F113/><W79/><G79/><T54/><D24/><U73/><E73/><V66/><F68/><W36/><G50/><T52/><D54/><U125/><E125/><V3/><F133/><W57/><G57/><T87/><D38/><U11/><E29/><V135/><F135/><W115/><G115/><T105/><D105/><U129/><E129/><N who="2" m="49739" /><F85/><W72/><G130/><T60/><D60/><U101/><E109/><V89/><F25/><W30/><G72/><T1/><D1/><U127/><E8/><AGARI ba="0,0" hai="8,15,18,40,43,46,48,52,76,80,87,94,98,100" machi="8" ten="30,7700,0" yaku="7,1,8,1,52,1,54,1" doraHai="93" who="0" fromWho="1" sc="250,77,330,-77,250,0,170,0" /><INIT seed="2,0,0,1,5,43" ten="327,253,250,170" oya="2" hai0="87,20,133,23,106,12,53,11,82,84,58,18,13" hai1="79,102,21,33,68,45,61,78,37,52,10,17,88" hai2="126,40,91,72,8,115,135,2,59,116,118,71,30" hai3="60,35,49,42,1,19,111,22,108,124,109,120,86"/><V98/><F115/><W3/><G60/><T112/><D133/><U55/><E33/><V25/><F72/><W27/><G86/><T24/><D106/><U29/><E102/><V92/><F71/><W85/><G85/><T26/><D112/><U128/><E128/><V93/><F126/><W119/><G42/><T39/><D39/><U32/><E32/><V89/><F135/><W48/><G48/><T41/><D41/><U134/><E134/><V69/><F69/><W15/><G49/><T103/><D103/><U0/><E37/><V76/><F76/><N who="1" m="29225" /><E0/><N who="3" m="74" /><G124/><T70/><D70/><U132/><E68/><V80/><F80/><W81/><G81/><T47/><D47/><U107/><E107/><V46/><F59/><W101/><G101/><T9/><D20/><U130/><E130/><V97/><F2/><W110/><N who="3" m="27648" /><DORA hai="77" /><W28/><G120/><T5/><D26/><N who="1" m="16591" /><E61/><V4/><F25/><W7/><G7/><N who="0" m="3135" /><D82/><U83/><E45/><V104/><F104/><W38/><G38/><T113/><D113/><U44/><E44/><V50/><REACH who="2" step="1"/><F30/><REACH who="2" ten="327,253,240,170" step="2"/><W125/><G125/><T14/><D24/><U66/><E132/><V121/><F121/><W100/><G100/><T65/><D58/><U74/><E74/><V6/><F6/><W31/><G28/><T129/><D129/><U90/><E83/><V94/><F94/><W62/><G62/><T51/><D5/><U105/><E105/><V96/><F96/><W127/><G127/><T122/><D122/><U123/><E123/><V54/><F54/><W63/><G63/><T64/><D53/><U114/><E52/><RYUUKYOKU ba="0,1" sc="327,-15,253,-15,240,15,170,15" hai2="4,8,40,46,50,89,91,92,93,97,98,116,118" hai3="15,19,22,27,31,35,119" /><INIT seed="2,1,1,4,4,10" ten="312,238,255,185" oya="2" hai0="35,125,91,80,66,100,19,86,53,12,104,99,126" hai1="121,57,21,6,77,29,127,83,68,113,0,73,102" hai2="47,76,28,17,128,40,5,43,62,131,101,16,36" hai3="7,123,81,96,33,2,78,37,95,107,31,51,108"/><V27/><F43/><W74/><G123/><T38/><D35/><U129/><E57/><V132/><F132/><W34/><G108/><T23/><D66/><U110/><E21/><V42/><F42/><W46/><G31/><T130/><D130/><N who="2" m="49706" /><F101/><N who="3" m="62887" /><G51/><T11/><D53/><U24/><E129/><V93/><F93/><W30/><G30/><T116/><D116/><U90/><E90/><V82/><F5/><W56/><G95/><T88/><D38/><U79/><E79/><V133/><F62/><W106/><G56/><T44/><D44/><U22/><E102/><V71/><F71/><W118/><G106/><T114/><D114/><U92/><E92/><V55/><F55/><W41/><G118/><T18/><REACH who="0" step="1"/><D91/><REACH who="0" ten="302,238,255,185" step="2"/><U67/><E113/><V85/><F133/><W13/><G34/><AGARI ba="1,2" hai="16,17,27,28,34,36,40,47,76,82,85" m="49706" machi="34" ten="30,2900,0" yaku="19,1,54,1" doraHai="10" who="2" fromWho="3" sc="302,0,238,0,255,52,185,-32" /><INIT seed="2,2,0,1,4,53" ten="302,238,307,153" oya="2" hai0="88,116,93,92,127,10,111,99,83,17,72,103,13" hai1="11,60,12,109,3,78,65,23,55,27,41,129,37" hai2="110,31,96,77,108,21,112,51,47,20,14,75,5" hai3="69,100,120,57,28,67,64,117,45,104,121,95,134"/><V44/><F112/><W19/><G104/><T62/><D111/><N who="2" m="42538" /><F31/><W97/><G117/><T16/><D127/><U84/><E109/><V123/><F123/><W7/><G134/><T115/><D115/><U8/><E3/><V119/><F119/><W89/><G7/><T102/><D116/><U63/><E129/><V101/><F77/><W35/><G69/><T107/><D107/><U32/><E32/><V48/><F75/><W42/><G19/><T18/><D103/><U80/><E41/><N who="2" m="24591" /><F14/><W1/><G1/><T106/><D106/><U85/><E37/><V128/><F5/><W30/><G30/><T66/><D83/><U6/><E8/><V70/><F70/><W50/><G67/><T82/><D82/><N who="1" m="47191" /><E55/><N who="2" m="30207" /><F128/><W73/><G73/><T105/><D72/><U125/><E65/><V40/><F40/><W15/><G15/><T76/><D76/><N who="1" m="46215" /><E125/><V39/><F39/><W113/><G113/><T87/><REACH who="0" step="1"/><D105/><AGARI ba="2,0" hai="20,21,96,101,105" m="30207,24591,42538" machi="105" ten="30,2900,0" yaku="14,1,10,1" doraHai="53" who="2" fromWho="0" sc="302,-35,238,0,307,35,153,0" /><INIT seed="2,3,0,0,1,73" ten="267,238,342,153" oya="2" hai0="14,94,7,135,43,1,35,52,108,129,77,89,37" hai1="36,113,18,21,30,100,28,119,42,66,125,114,22" hai2="93,51,118,84,44,122,49,3,20,109,102,6,128" hai3="97,12,70,69,96,48,134,110,34,87,41,71,46"/><V2/><F118/><W80/><G110/><T31/><D1/><U72/><E72/><V117/><F122/><W23/><G134/><T16/><D7/><U8/><E36/><V91/><F117/><W121/><G34/><T17/><D35/><U54/><E66/><V45/><F128/><W78/><G121/><T133/><D31/><U56/><E42/><V81/><F109/><W83/><G23/><T106/><D106/><U115/><E100/><V65/><F65/><W10/><REACH who="3" step="1"/><G83/><REACH who="3" ten="267,238,342,143" step="2"/><T11/><D108/><U61/><E119/><V92/><F20/><W63/><G63/><T24/><D129/><U68/><E22/><V50/><F81/><W95/><G95/><T62/><D133/><U39/><E21/><V32/><F32/><W38/><G38/><T107/><D107/><U75/><E61/><V88/><F93/><W82/><G82/><T67/><D135/><U55/><E39/><V40/><F92/><W126/><G126/><T19/><D24/><U79/><E125/><V132/><F132/><W74/><G74/><T29/><D29/><U33/><E30/><V5/><F51/><W47/><G47/><T60/><D60/><U27/><E28/><V26/><F26/><W124/><G124/><T123/><D123/><U58/><E27/><V101/><F84/><W86/><G86/><N who="0" m="52535" /><D37/><U59/><E33/><V111/><F111/><W112/><G112/><T120/><D120/><U131/><E131/><V15/><F40/><W116/><G116/><T85/><D43/><U64/><E114/><V76/><F15/><W25/><G25/><T9/><D14/><RYUUKYOKU ba="3,1" sc="267,-15,238,-15,342,15,143,15" hai2="2,3,5,6,44,45,49,50,76,88,91,101,102" hai3="10,12,41,46,48,69,70,71,78,80,87,96,97" /><INIT seed="2,4,1,2,0,89" ten="252,223,357,158" oya="2" hai0="53,38,105,29,88,11,44,19,76,119,102,80,59" hai1="69,108,22,75,36,45,125,116,133,121,68,131,24" hai2="114,12,25,28,41,20,73,27,54,31,58,79,13" hai3="57,3,52,106,124,122,10,91,55,26,62,103,113"/><V109/><F114/><W51/><G122/><T9/><D29/><U134/><RYUUKYOKU type="yao9" ba="4,1" sc="252,0,223,0,357,0,158,0" hai1="22,24,36,45,68,69,75,108,116,121,125,131,133,134" /><INIT seed="2,5,1,3,4,84" ten="252,223,357,158" oya="2" hai0="33,100,95,0,16,24,120,94,14,15,22,53,32" hai1="29,21,119,122,51,48,112,108,7,128,49,82,18" hai2="77,70,65,74,117,58,87,118,62,30,130,76,73" hai3="85,50,26,134,96,101,13,126,91,1,113,89,115"/><V63/><F30/><W4/><G1/><T6/><D120/><U98/><E112/><N who="3" m="43082" /><G134/><T127/><D127/><U133/><E119/><V123/><F87/><W46/><G126/><T72/><D72/><U103/><E108/><V43/><F43/><N who="3" m="24927" /><G26/><T10/><D53/><U111/><E111/><V54/><F130/><W31/><G31/><T56/><D56/><U44/><E133/><V131/><F131/><W93/><G85/><T116/><D94/><U129/><E82/><V104/><F123/><W81/><G81/><T132/><D116/><U106/><E122/><V102/><F74/><W39/><G39/><T110/><D110/><U78/><E78/><V75/><F75/><W125/><G125/><T27/><D132/><U66/><E29/><V11/><F77/><W61/><G61/><T9/><D14/><U107/><E44/><V92/><F73/><W8/><AGARI ba="5,1" hai="4,8,13,89,91,93,96,101" m="24927,43082" machi="8" ten="30,4000,0" yaku="11,1,52,2" doraHai="84" who="3" fromWho="3" sc="252,-15,223,-15,357,-25,158,65" /><INIT seed="3,0,0,3,4,87" ten="237,208,332,223" oya="3" hai0="13,36,60,18,49,62,123,85,135,70,19,91,81" hai1="0,86,131,80,96,28,83,54,77,109,82,63,69" hai2="7,97,64,92,17,26,128,127,30,106,42,101,57" hai3="45,33,65,84,133,32,74,89,11,1,35,104,94"/><W110/><G133/><T55/><D36/><U20/><E109/><V5/><F128/><W12/><G110/><T41/><D123/><U61/><E0/><V78/><F106/><W98/><G1/><T113/><D113/><U50/><E131/><V43/><F78/><W9/><G74/><T16/><D41/><U48/><E69/><V99/><F99/><W59/><G45/><T29/><D135/><U122/><E122/><V90/><F17/><W71/><G71/><T53/><D53/><U52/><E96/><V72/><F127/><W119/><G119/><T130/><D130/><U47/><E20/><N who="2" m="15687" /><F101/><W68/><G68/><T37/><D37/><U31/><E28/><V8/><F72/><W27/><G27/><T121/><D121/><U114/><E31/><V3/><F3/><W40/><G40/><N who="2" m="15401" /><F8/><W44/><G44/><N who="0" m="28071" /><D29/><U21/><E21/><V10/><F10/><W129/><G129/><T51/><D51/><U117/><E114/><V73/><F73/><W95/><G104/><T56/><D70/><U103/><E103/><V124/><F124/><W14/><G9/><T120/><D120/><U23/><E23/><V107/><F107/><W2/><G2/><T75/><D75/><U134/><E117/><V66/><F57/><W115/><G11/><N who="0" m="6207" /><D56/><N who="1" m="32775" /><E134/><V34/><F34/><W76/><G115/><T112/><D112/><U118/><E118/><V93/><F93/><W111/><G95/><T4/><D4/><AGARI ba="0,0" hai="4,5,7,64,66,90,92,97" m="15401,15687" machi="4" ten="30,2000,0" yaku="8,1,52,1" doraHai="87" who="2" fromWho="0" sc="237,-20,208,0,332,20,223,0" /><INIT seed="4,0,0,5,3,10" ten="217,208,352,223" oya="0" hai0="132,24,83,32,34,117,20,119,82,78,129,123,73" hai1="16,64,13,51,116,89,95,86,33,109,124,77,100" hai2="62,71,66,79,2,98,46,67,19,27,125,101,80" hai3="88,133,92,49,94,54,37,76,69,63,96,97,104"/><T112/><D123/><U29/><E124/><V135/><F2/><W102/><G37/><T5/><D112/><U107/><E109/><V118/><F135/><W39/><G39/><T52/><D132/><U110/><E110/><V103/><F67/><W22/><G133/><T106/><D106/><U58/><E116/><V55/><F125/><W84/><G76/><T14/><D129/><U44/><E33/><V42/><F55/><W38/><G38/><T87/><D32/><U75/><E29/><V56/><F71/><W121/><G121/><T59/><D34/><U21/><E75/><V72/><F118/><W18/><G63/><T35/><D35/><U28/><E28/><V130/><F98/><W41/><G41/><T65/><D65/><U111/><E77/><V0/><F0/><W61/><G61/><T57/><D57/><U114/><E114/><V126/><F130/><W99/><G69/><T45/><D45/><U81/><E107/><V40/><F126/><W48/><G48/><T68/><D68/><U74/><E74/><V115/><F115/><W70/><G70/><T6/><D83/><U31/><E31/><V127/><F127/><W36/><G36/><T23/><D23/><U120/><E111/><V60/><F60/><W50/><G50/><N who="0" m="31127" /><D73/><U4/><E120/><V43/><F46/><N who="3" m="27959" /><G104/><T8/><D5/><U113/><E113/><V90/><F72/><W91/><G102/><T93/><D93/><U7/><E58/><V1/><F103/><W11/><G22/><T9/><D9/><U134/><E64/><V3/><F66/><W105/><G105/><RYUUKYOKU ba="0,0" sc="217,15,208,-15,352,-15,223,15" hai0="6,8,14,20,24,78,82,87,117,119" hai3="11,18,84,88,91,92,94,96,97,99" /><INIT seed="4,1,0,1,3,69" ten="232,193,337,238" oya="0" hai0="54,130,51,123,25,35,128,133,60,93,107,109,94" hai1="87,64,37,38,68,102,17,98,95,132,82,55,24" hai2="15,40,47,97,78,46,92,85,114,20,70,80,19" hai3="3,44,7,91,45,21,23,81,96,5,48,89,50"/><T104/><D123/><U124/><E124/><V62/><F114/><W1/><REACH who="3" step="1"/><G96/><REACH who="3" ten="232,193,337,228" step="2"/><T127/><D127/><U126/><E126/><V39/><F97/><W31/><G31/><N who="0" m="19951" /><D60/><U52/><E132/><V30/><F30/><W77/><G77/><T10/><D133/><U75/><E75/><V116/><F62/><W41/><G41/><T100/><D10/><U27/><E68/><V110/><F70/><W66/><G66/><T112/><D112/><U16/><E64/><V42/><F42/><W99/><G99/><N who="0" m="59503" /><D109/><U12/><E55/><V71/><F110/><W26/><G26/><T57/><D94/><U28/><E52/><V74/><F92/><W56/><G56/><T13/><D13/><U129/><E27/><V83/><F71/><W34/><G34/><T131/><AGARI ba="1,1" hai="51,54,57,104,107,128,130,131" m="59503,19951" machi="131" ten="30,1500,0" yaku="19,1" doraHai="69" who="0" fromWho="0" sc="232,28,193,-6,337,-6,228,-6" /><INIT seed="4,2,0,1,0,16" ten="260,187,331,222" oya="0" hai0="4,22,47,117,130,119,61,45,58,134,63,75,41" hai1="30,83,72,50,123,100,114,0,46,102,109,43,70" hai2="103,48,54,38,113,3,91,86,73,8,55,18,104" hai3="42,105,84,118,34,96,78,23,28,94,24,40,111"/><T29/><D75/><U115/><E109/><V85/><F38/><W98/><G111/><T122/><D122/><U14/><E0/><V116/><F113/><N who="1" m="43017" /><E70/><V65/><F55/><W44/><G118/><T57/><D4/><U126/><E123/><V67/><F104/><W13/><G105/><T93/><D130/><U56/><E30/><V124/><F124/><W26/><G13/><T64/><D134/><U31/><E31/><V95/><F103/><W101/><G98/><T68/><D93/><U82/><E126/><V107/><F73/><W120/><G120/><T32/><D32/><U10/><E56/><V131/><F3/><W81/><REACH who="3" step="1"/><G44/><REACH who="3" ten="260,187,331,212" step="2"/><T74/><D117/><U1/><E1/><V11/><F107/><W77/><G77/><T2/><D2/><U21/><E100/><V110/><F110/><W49/><G49/><T99/><D119/><U89/><E102/><V53/><F116/><W6/><G6/><T128/><D99/><U25/><E89/><V71/><F91/><W106/><G106/><T35/><D45/><U36/><E50/><V125/><F125/><W112/><G112/><T92/><D47/><U87/><E72/><V132/><F48/><W7/><G7/><T121/><D74/><U79/><E79/><V52/><F86/><W90/><G90/><T129/><D121/><U62/><E87/><V12/><F85/><W76/><G76/><T59/><D128/><U80/><E62/><V17/><F131/><W27/><G27/><N who="0" m="18879" /><D63/><U135/><E135/><V15/><F132/><W39/><G39/><T66/><D129/><U108/><E108/><RYUUKYOKU ba="2,1" sc="260,-10,187,-10,331,-10,212,30" hai3="23,24,26,28,34,40,42,78,81,84,94,96,101" /><INIT seed="5,3,1,1,5,80" ten="250,177,321,242" oya="1" hai0="27,113,115,127,5,69,71,76,38,107,117,10,62" hai1="85,35,63,52,16,1,101,75,25,97,86,95,120" hai2="8,81,70,47,93,104,65,122,48,110,100,103,28" hai3="77,108,106,129,17,58,94,31,118,41,26,66,74"/><U59/><E120/><V37/><F110/><W57/><G106/><T55/><D38/><U20/><E75/><V53/><F104/><W23/><G108/><T99/><D27/><U105/><E1/><V14/><F122/><W46/><G129/><T18/><D18/><U126/><E126/><V116/><F116/><W79/><G118/><T34/><D34/><U112/><E112/><N who="0" m="43081" /><D76/><U134/><E134/><V42/><F28/><W123/><G123/><T121/><D121/><U40/><E35/><V68/><F81/><W82/><G79/><T22/><D22/><U67/><E105/><V45/><F65/><W125/><G125/><T131/><D131/><U19/><E40/><V73/><F73/><W88/><G66/><T102/><D117/><U2/><E2/><V91/><F70/><W90/><G31/><T15/><D127/><U44/><E19/><V130/><F68/><W61/><G61/><T30/><D30/><U29/><E16/><V109/><F109/><W89/><REACH who="3" step="1"/><G94/><REACH who="3" ten="250,177,321,232" step="2"/><T11/><D62/><U49/><AGARI ba="3,2" hai="20,25,29,44,49,52,59,63,67,85,86,95,97,101" machi="49" ten="30,18000,2" yaku="0,1,25,2,8,1,52,2,54,1" doraHai="80" who="1" fromWho="1" sc="250,-63,177,209,321,-63,232,-63" /><INIT seed="5,4,0,5,5,21" ten="187,386,258,169" oya="1" hai0="101,84,57,85,43,64,39,68,5,118,16,33,109" hai1="115,1,121,0,83,35,38,75,15,12,80,41,46" hai2="31,76,73,94,106,100,93,28,92,53,34,58,113" hai3="42,97,108,129,60,124,71,54,37,99,11,126,95"/><U62/><E121/><V111/><F111/><W17/><G108/><T8/><D68/><U66/><E115/><V77/><F113/><W61/><G129/><T105/><D118/><U86/><E35/><V103/><F73/><W98/><G71/><T131/><D109/><U117/><E117/><V18/><F18/><W128/><G128/><T40/><D33/><U123/><E123/><V89/><F89/><W120/><G120/><T127/><D127/><N who="3" m="48681" /><G54/><T132/><D132/><U25/><E83/><V134/><F106/><W7/><G17/><T6/><D101/><N who="2" m="38986" /><F34/><W30/><G30/><N who="2" m="11305" /><F134/><W36/><G95/><T70/><D70/><U96/><E75/><V69/><F69/><W104/><G104/><T56/><D105/><U78/><E1/><V32/><F32/><W51/><G51/><AGARI ba="4,0" hai="51,53,58,76,77,92,93,94" m="11305,38986" machi="51" ten="30,1000,0" yaku="8,1" doraHai="21" who="2" fromWho="3" sc="187,0,386,0,258,22,169,-22" /><INIT seed="6,0,0,5,4,41" ten="187,386,280,147" oya="2" hai0="27,12,43,11,10,54,64,82,135,95,85,80,21" hai1="17,103,39,134,81,112,122,125,74,111,5,32,71" hai2="117,96,25,90,38,68,28,79,92,23,15,3,63" hai3="113,105,14,89,51,62,46,73,91,49,121,78,101"/><V116/><F3/><W35/><G35/><T119/><D135/><U29/><RYUUKYOKU type="yao9" ba="0,0" sc="187,0,386,0,280,0,147,0" hai1="5,17,29,32,39,71,74,81,103,111,112,122,125,134" /><INIT seed="6,1,0,3,2,8" ten="187,386,280,147" oya="2" hai0="81,34,0,112,130,118,90,127,110,77,99,64,37" hai1="1,92,43,123,76,133,27,71,40,111,65,35,5" hai2="13,125,95,116,128,33,31,63,132,51,70,94,108" hai3="120,114,89,69,96,28,50,24,84,11,55,9,16"/><V97/><F116/><W12/><G120/><T73/><RYUUKYOKU type="yao9" ba="1,0" sc="187,0,386,0,280,0,147,0" hai0="0,34,37,64,73,77,81,90,99,110,112,118,127,130" /><INIT seed="6,2,0,1,2,112" ten="187,386,280,147" oya="2" hai0="23,51,0,12,117,126,43,90,133,56,124,129,44" hai1="103,132,61,92,109,16,27,118,70,82,46,28,18" hai2="106,131,67,6,30,68,120,96,69,36,127,62,83" hai3="113,102,95,121,32,66,10,19,130,78,89,34,72"/><V122/><F131/><W48/><G121/><T45/><D0/><U40/><E109/><V17/><F17/><W24/><G130/><T21/><D129/><U98/><E118/><V73/><F69/><W76/><G113/><T15/><D56/><U2/><E2/><V39/><F6/><W53/><G102/><T79/><D79/><U33/><E132/><V88/><F127/><N who="0" m="48682" /><D90/><U87/><E61/><V80/><F30/><W104/><G104/><T105/><D105/><U134/><E134/><V111/><F111/><W101/><G101/><T58/><D58/><U38/><REACH who="1" step="1"/><E70/><REACH who="1" ten="187,376,280,147" step="2"/><V135/><F135/><W84/><G72/><T71/><D71/><U64/><E64/><V54/><F73/><W63/><G63/><T115/><D133/><U13/><E13/><V93/><F122/><W81/><G66/><T116/><D115/><U100/><E100/><V1/><F120/><W37/><G24/><T52/><D12/><U7/><E7/><V125/><F125/><W14/><G37/><N who="0" m="21615" /><D15/><U128/><E128/><V42/><F1/><W107/><G107/><T9/><D9/><U123/><E123/><V85/><F106/><W97/><REACH who="3" step="1"/><G78/><AGARI ba="2,1" hai="16,18,27,28,33,38,40,46,78,82,87,92,98,103" machi="78" ten="30,3900,0" yaku="1,1,7,1,54,1,53,0" doraHai="112" doraHaiUra="86" who="1" fromWho="3" sc="187,0,376,55,280,0,147,-45" /><INIT seed="7,0,0,0,0,62" ten="187,431,280,102" oya="3" hai0="70,108,10,13,86,118,59,11,96,129,121,107,61" hai1="21,49,58,135,39,37,51,93,5,111,17,114,18" hai2="78,15,60,54,127,102,75,119,50,32,33,87,133" hai3="46,28,53,63,12,77,7,82,76,65,27,22,38"/><W24/><G24/><T74/><D108/><U79/><E58/><V71/><F133/><W0/><G0/><T19/><D74/><U9/><E51/><V98/><F127/><W94/><G94/><T100/><D70/><U4/><E49/><V73/><F119/><W110/><G110/><T99/><D121/><U64/><E17/><V35/><F87/><W14/><G7/><T20/><D129/><U101/><E21/><V42/><F42/><W84/><G76/><T72/><D72/><U69/><E9/><V109/><F35/><W113/><G113/><T55/><D118/><U80/><E69/><V31/><F33/><W2/><G2/><T130/><D130/><U105/><E101/><V89/><F32/><W57/><G38/><T115/><D115/><U26/><E18/><V116/><F102/><W91/><G77/><T36/><D36/><U3/><E80/><V117/><F109/><W45/><REACH who="3" step="1"/><G53/><REACH who="3" ten="187,431,280,92" step="2"/><T68/><D107/><U29/><E5/><V126/><F117/><W47/><AGARI ba="0,1" hai="12,14,22,27,28,45,46,47,57,63,65,82,84,91" machi="47" ten="30,12000,1" yaku="1,1,2,1,0,1,8,1,52,1,53,0" doraHai="62" doraHaiUra="48" who="3" fromWho="3" sc="187,-40,431,-40,280,-40,92,130" /><INIT seed="7,1,0,4,0,54" ten="147,391,240,222" oya="3" hai0="3,21,103,1,98,91,34,60,70,65,38,36,8" hai1="64,4,85,101,43,132,25,95,18,45,66,19,71" hai2="124,39,126,27,100,118,53,92,23,117,35,28,42" hai3="48,102,41,83,76,67,82,46,62,14,79,96,29"/><W129/><G129/><T57/><D34/><U9/><E132/><V69/><F69/><W15/><G29/><T16/><D70/><U72/><E72/><V84/><F53/><W86/><G83/><T111/><D111/><U114/><E114/><V26/><F42/><W116/><G76/><T81/><D81/><U113/><E113/><V68/><F39/><W74/><G74/><T120/><D120/><U99/><E85/><V121/><F68/><W7/><G116/><T105/><D91/><U12/><E71/><V52/><F52/><W93/><REACH who="3" step="1"/><G7/><REACH who="3" ten="147,391,240,212" step="2"/><T63/><D63/><U125/><E4/><V5/><F118/><W77/><G77/><T49/><D49/><N who="1" m="26815" /><E125/><V104/><F126/><W0/><G0/><T75/><D75/><U13/><E25/><V61/><F27/><W44/><G44/><T107/><D107/><U31/><E31/><V22/><F104/><W128/><G128/><T10/><D1/><U55/><E18/><V73/><F124/><W56/><AGARI ba="1,1" hai="14,15,41,46,48,56,62,67,79,82,86,93,96,102" machi="56" ten="20,12000,1" yaku="1,1,0,1,7,1,8,1,52,1,53,0" doraHai="54" doraHaiUra="6" who="3" fromWho="3" sc="147,-41,391,-41,240,-41,212,133" /><INIT seed="7,2,0,3,2,79" ten="106,350,199,345" oya="3" hai0="24,1,70,109,12,51,126,39,129,19,4,105,25" hai1="124,28,56,44,59,23,58,67,108,133,96,65,125" hai2="87,57,115,130,135,18,55,36,101,114,103,74,112" hai3="20,91,122,15,84,26,100,64,0,42,111,10,71"/><W63/><G122/><T13/><D39/><U120/><E133/><V134/><F74/><W98/><G111/><T48/><D70/><U118/><E120/><V90/><F36/><W102/><G0/><T49/><D105/><U21/><E118/><V11/><F130/><W76/><G76/><T22/><D109/><U61/><E108/><V107/><F18/><W123/><G42/><T89/><D129/><U80/><E80/><N who="2" m="49511" /><F11/><W54/><G54/><T17/><D126/><N who="1" m="48747" /><E28/><V31/><F31/><W40/><G40/><T99/><D4/><U106/><E44/><V94/><F107/><W113/><G113/><T2/><D2/><U41/><E41/><V43/><F43/><W86/><G123/><T9/><D1/><U83/><E83/><V7/><F7/><W95/><G10/><T116/><D116/><U14/><E67/><V97/><F103/><W34/><G100/><T117/><D117/><U131/><E131/><V82/><F82/><W8/><G102/><T75/><REACH who="0" step="1"/><D75/><REACH who="0" ten="96,350,199,345" step="2"/><U5/><E106/><V127/><F127/><W69/><G71/><T88/><D88/><U52/><E5/><V53/><F135/><W38/><G38/><T85/><D85/><U92/><E96/><V33/><F134/><W29/><G34/><T77/><D77/><U72/><E72/><V35/><F35/><W27/><G27/><T68/><D68/><U78/><E78/><V93/><F33/><W73/><G73/><T62/><D62/><U121/><E121/><V30/><F115/><W50/><G50/><T110/><D110/><U119/><E119/><V66/><F114/><RYUUKYOKU ba="2,1" sc="96,15,350,-15,199,-15,345,15" hai0="9,12,13,17,19,22,24,25,48,49,51,89,99" hai3="8,15,20,26,29,63,64,69,84,86,91,95,98" owari="111,-39.0,335,14.0,184,-22.0,370,47.0" /></mjloggm>