<mjloggm ver="2.3"><GO type="41" lobby="0"/><UN n0="%E7%8E%8B%E5%8B%9D%E5%88%A9" n1="%E7%8E%84%E5%8C%96" n2="%E2%93%9D%53%75%70%68%78" n3="%E3%81%A6%E3%81%83%E3%83%BC%E3%81%A6%E3%81%83" dan="14,15,19,13" rate="1921.85,1986.11,2214.10,1908.42" sx="M,M,M,M"/><TAIKYOKU oya="0"/><INIT seed="0,0,0,0,3,85" ten="250,250,250,250" oya="0" hai0="13,3,14,5,114,4,133,119,46,41,50,48,128" hai1="31,24,42,117,74,32,21,115,1,40,105,110,64" hai2="90,71,80,123,7,96,76,10,52,129,112,77,122" hai3="93,29,54,8,78,126,89,36,18,6,113,16,84"/><T121/><D114/><U33/><E117/><V91/><F71/><W58/><G36/><T69/><D119/><U9/><E74/><V127/><F112/><W19/><G113/><T95/><D121/><U109/><E105/><V56/><F129/><W2/><G126/><T88/><D69/><U116/><E64/><V68/><F68/><W30/><REACH who="3" step="1"/><G78/><REACH who="3" ten="250,250,250,240" step="2"/><T135/><D128/><U43/><E115/><V132/><F127/><W75/><G75/><T63/><D63/><AGARI ba="0,1" hai="2,6,8,16,18,19,29,30,54,58,63,84,89,93" machi="63" ten="40,8000,1" yaku="1,1,52,1,54,1,53,1" doraHai="85" doraHaiUra="55" who="3" fromWho="0" sc="250,-80,250,0,250,0,240,90" /><INIT seed="1,0,0,0,4,88" ten="170,250,250,330" oya="1" hai0="16,102,97,41,111,68,19,46,78,52,20,114,25" hai1="57,72,79,53,5,96,59,93,101,64,103,135,81" hai2="104,69,63,67,90,54,108,60,11,65,74,116,15" hai3="92,23,126,33,38,100,84,133,83,98,70,109,26"/><U120/><E120/><V122/><F122/><W71/><G109/><T44/><D111/><U112/><E112/><V28/><F108/><W132/><G38/><T35/><D114/><U17/><E135/><N who="3" m="51786" /><G33/><T39/><D68/><U127/><E127/><V75/><F104/><W77/><G126/><T50/><D35/><U48/><E5/><V49/><F28/><AGARI ba="0,0" hai="23,26,28,70,71,77,83,84,92,98,100" m="51786" machi="28" ten="30,2000,0" yaku="20,1,52,1" doraHai="88" who="3" fromWho="2" sc="170,0,250,0,250,-20,330,20" /><INIT seed="2,0,0,2,0,15" ten="170,250,230,350" oya="2" hai0="13,5,120,84,95,19,125,133,56,3,78,72,46" hai1="6,91,9,71,73,83,116,107,11,109,106,38,47" hai2="26,68,86,98,70,128,99,43,48,66,39,31,67" hai3="0,81,35,60,18,103,69,105,76,27,135,8,114"/><V17/><F39/><W30/><G135/><T100/><D120/><U90/><E116/><V50/><F86/><W20/><G114/><T2/><D133/><U34/><E34/><V117/><F26/><W14/><G69/><T88/><D125/><U118/><E118/><V82/><F117/><W134/><G134/><T74/><D74/><U85/><E71/><V41/><F82/><W108/><G108/><T1/><D46/><U53/><E109/><V126/><F31/><W62/><G105/><T33/><D33/><U25/><E25/><V132/><F132/><W29/><G103/><T23/><D100/><U64/><E64/><V115/><F128/><W54/><G54/><T49/><D72/><U45/><E73/><V129/><F129/><W4/><G30/><T110/><D110/><U21/><E91/><V7/><F7/><W51/><G51/><T40/><D78/><U52/><E21/><V89/><F89/><W80/><G80/><T63/><D40/><U24/><E24/><V36/><F36/><W119/><G119/><T61/><D5/><U55/><E11/><V94/><F94/><W87/><AGARI ba="0,0" hai="0,4,8,14,18,20,27,29,35,60,62,76,81,87" machi="87" ten="20,8000,1" yaku="0,1,7,1,24,2,52,1" doraHai="15" who="3" fromWho="3" sc="170,-20,250,-20,230,-40,350,80" /><INIT seed="3,0,0,5,2,90" ten="150,230,190,430" oya="3" hai0="73,82,101,66,71,104,34,123,95,1,121,122,37" hai1="54,7,10,25,51,133,55,6,68,53,108,32,77" hai2="128,93,99,69,75,65,24,22,111,81,112,41,5" hai3="27,85,80,117,23,134,9,57,78,94,70,67,0"/><W40/><G117/><T102/><D102/><U4/><E108/><V48/><F112/><W39/><G70/><T135/><D82/><U28/><E68/><V105/><F105/><W120/><G120/><T63/><D95/><U52/><E133/><V19/><F128/><W96/><G134/><T45/><D45/><U83/><N who="1" m="13312" /><DORA hai="116" /><U56/><E56/><V124/><F124/><W12/><G0/><T60/><D60/><U35/><E51/><V103/><F5/><W2/><G2/><T15/><D1/><U79/><E35/><V92/><F111/><W87/><G87/><T91/><D91/><U50/><E50/><V43/><F48/><W29/><G40/><T118/><D118/><U115/><E115/><V36/><F36/><W84/><G84/><T59/><D135/><U30/><E30/><V109/><F109/><W21/><G21/><T72/><D37/><U126/><E126/><V132/><F132/><W16/><G39/><T107/><D107/><U89/><REACH who="1" step="1"/><E10/><REACH who="1" ten="150,220,190,430" step="2"/><V131/><F69/><W64/><G57/><T42/><D34/><U76/><E76/><V14/><F43/><W129/><G129/><T58/><D42/><U46/><E46/><V31/><F41/><W44/><REACH who="3" step="1"/><G44/><REACH who="3" ten="150,220,190,420" step="2"/><T130/><D130/><U3/><E3/><V49/><F131/><W18/><G18/><T119/><D119/><U127/><E127/><V98/><F19/><W110/><G110/><T106/><D59/><U125/><E125/><V74/><F49/><W97/><G97/><T100/><D58/><U61/><E61/><V113/><F99/><W33/><G33/><RYUUKYOKU ba="0,2" sc="150,-15,220,15,190,-15,420,15" hai1="4,6,7,25,28,32,77,79,83,89" hai3="9,12,16,23,27,29,64,67,78,80,85,94,96" /><INIT seed="3,1,2,2,2,116" ten="135,235,175,435" oya="3" hai0="53,83,103,113,58,65,130,126,94,26,24,98,67" hai1="29,12,71,7,128,28,63,93,15,129,74,115,77" hai2="33,14,60,85,30,18,102,46,107,25,90,132,10" hai3="43,23,0,109,117,89,13,1,86,125,4,84,39"/><W123/><G117/><T108/><D108/><U96/><E115/><V68/><F132/><W112/><G112/><T19/><D130/><N who="1" m="50283" /><E74/><V50/><F107/><W110/><G125/><T119/><D119/><U133/><E77/><V104/><F104/><W20/><G86/><T66/><D126/><U95/><E133/><V101/><F60/><W69/><G69/><T55/><D113/><U27/><E95/><V21/><F33/><W61/><G61/><N who="0" m="36047" /><D83/><U54/><E7/><V34/><F34/><W134/><G134/><T118/><D118/><U8/><E8/><V9/><F9/><N who="3" m="4263" /><G39/><T36/><D36/><U49/><E63/><V48/><F48/><W47/><G47/><T131/><D131/><U64/><E64/><N who="0" m="16385" /><T135/><DORA hai="6" /><D135/><U52/><E71/><V44/><F44/><W57/><G43/><T127/><D127/><U100/><E54/><N who="2" m="30039" /><F68/><W120/><G57/><T45/><D19/><U38/><E38/><V111/><F111/><N who="3" m="42507" /><G89/><T22/><D22/><N who="3" m="8233" /><G84/><T122/><D122/><AGARI ba="1,2" hai="0,1,120,122,123" m="8233,42507,4263" machi="122" ten="30,24000,3" yaku="14,1,10,1,34,2,52,4" doraHai="116,6" who="3" fromWho="0" sc="135,-243,235,0,175,0,435,263" owari="-108,-61.0,235,4.0,175,-22.0,698,79.0" /></mjloggm>