<mjloggm ver="2.3"><GO type="41" lobby="0"/><UN n0="%E3%83%95%E3%82%A1%E3%82%A4%E3%83%96%EF%BC%86%E3%83%8F%E3%83%BC%E3%83%95" n1="%E3%81%A9%E3%82%89%E7%84%BC" n2="%E2%93%9D%53%75%70%68%78" n3="%E4%B8%89%E5%A1%81%E6%89%93%E3%81%BD%E3%81%A8%E3%81%97" dan="13,14,18,13" rate="2040.61,1909.72,2116.73,1874.95" sx="M,M,M,M"/><TAIKYOKU oya="0"/><INIT seed="0,0,0,0,1,97" ten="250,250,250,250" oya="0" hai0="114,82,54,78,64,21,30,67,99,40,116,13,135" hai1="6,96,43,38,46,76,25,44,59,107,121,5,125" hai2="41,15,33,8,27,110,53,77,61,34,101,24,20" hai3="103,57,12,1,86,92,51,42,7,90,112,39,83"/><T32/><D116/><U84/><E121/><V68/><F41/><W74/><G39/><T50/><D114/><U60/><E125/><V65/><F77/><W87/><G1/><T98/><D135/><U36/><E25/><V70/><F110/><W22/><G112/><T129/><D129/><U63/><E76/><V9/><F53/><W56/><G74/><T134/><D134/><U130/><E130/><V100/><F15/><W58/><G42/><T28/><D40/><U131/><E131/><V72/><F61/><W37/><G37/><T49/><D32/><U81/><E63/><V66/><F20/><W17/><G7/><T133/><D133/><U16/><E107/><V102/><REACH who="2" step="1"/><F102/><REACH who="2" ten="250,250,240,250" step="2"/><W48/><G103/><T105/><D78/><AGARI ba="0,1" hai="12,17,22,48,51,56,57,58,78,83,86,87,90,92" machi="78" ten="40,1300,0" yaku="8,1" doraHai="97" who="3" fromWho="0" sc="250,-13,250,0,240,0,250,23" /><INIT seed="1,0,0,3,5,16" ten="237,250,240,273" oya="1" hai0="63,29,32,34,39,40,55,26,72,38,84,22,111" hai1="52,86,45,75,7,105,118,104,130,2,60,54,41" hai2="80,19,12,94,132,51,56,53,62,88,25,124,99" hai3="46,103,59,6,70,79,93,21,135,101,113,115,28"/><U82/><E118/><V96/><F124/><W126/><G126/><T120/><D111/><U33/><E130/><V20/><F132/><W121/><G135/><T71/><D72/><U122/><E122/><V128/><F128/><W83/><G121/><T58/><D120/><U133/><E133/><V73/><F99/><W125/><G125/><T81/><D71/><U50/><E33/><V3/><F3/><W117/><G70/><T76/><D40/><U5/><E75/><V129/><F129/><W90/><G6/><T97/><D34/><U134/><E134/><V78/><REACH who="2" step="1"/><F51/><REACH who="2" ten="237,250,230,273" step="2"/><W9/><G117/><T65/><D97/><U23/><E105/><V74/><F74/><W42/><G115/><T27/><REACH who="0" step="1"/><D65/><REACH who="0" ten="227,250,230,273" step="2"/><U1/><E104/><V57/><F57/><W114/><G59/><T36/><D36/><U8/><E60/><V37/><F37/><W43/><G113/><T11/><D11/><U24/><E1/><V35/><F35/><W108/><G9/><T31/><AGARI ba="0,2" hai="22,26,27,29,31,32,38,39,55,58,63,76,81,84" machi="31" ten="20,5200,0" yaku="1,1,0,1,7,1,52,1,53,0" doraHai="16" doraHaiUra="85" who="0" fromWho="0" sc="227,72,250,-26,230,-13,273,-13" /><INIT seed="2,0,0,3,3,9" ten="299,224,217,260" oya="2" hai0="64,63,18,128,85,116,33,92,119,62,31,118,110" hai1="75,68,6,32,105,27,5,77,34,71,91,100,61" hai2="14,29,74,22,79,35,43,13,26,111,73,40,98" hai3="20,69,30,2,80,112,89,4,28,10,56,78,60"/><V39/><F111/><W19/><G69/><T53/><D110/><U47/><E91/><V132/><F132/><W114/><G30/><T55/><D128/><U50/><E71/><V87/><F35/><W45/><G28/><T52/><D31/><U124/><E34/><V82/><F98/><W107/><G107/><T0/><D0/><U37/><E124/><V96/><F96/><W120/><G89/><N who="0" m="53295" /><D33/><U90/><E90/><V121/><F121/><W44/><G120/><T11/><D64/><N who="1" m="40975" /><E50/><V81/><F39/><W102/><G102/><T42/><D42/><N who="1" m="22991" /><E77/><V38/><F38/><W88/><G112/><T49/><D49/><U123/><E123/><V115/><F115/><W125/><G125/><T101/><D101/><U104/><E104/><V109/><F109/><W21/><G114/><T117/><N who="0" m="29696" /><DORA hai="93" /><T99/><D99/><N who="1" m="61599" /><E75/><V48/><F74/><W95/><G78/><T23/><D11/><U41/><E41/><V113/><F113/><W70/><G70/><T84/><D84/><U24/><E24/><AGARI ba="0,0" hai="18,23,24,52,53,55,62,63" m="29696,53295" machi="24" ten="60,3900,0" yaku="12,1,54,1" doraHai="9,93" who="0" fromWho="1" sc="299,39,224,-39,217,0,260,0" /><INIT seed="3,0,0,0,4,60" ten="338,185,217,260" oya="3" hai0="30,84,61,96,9,7,53,57,71,133,109,86,0" hai1="113,68,98,107,4,105,28,88,43,14,128,27,75" hai2="122,131,15,115,59,106,63,64,8,45,99,127,67" hai3="2,33,32,108,129,95,36,5,91,80,117,16,92"/><W110/><G117/><T26/><D133/><U102/><E75/><V79/><F115/><W114/><G114/><T39/><D109/><N who="3" m="42089" /><G36/><T50/><D39/><U18/><E113/><V47/><F131/><W34/><G129/><T119/><D119/><U73/><E128/><V37/><F127/><W3/><G80/><T94/><D71/><U123/><E123/><V130/><F130/><W62/><G5/><T78/><D50/><U132/><E132/><V48/><F79/><W13/><G62/><T116/><D78/><U23/><E73/><V38/><F122/><W20/><G95/><T76/><D76/><U52/><E43/><V90/><F38/><W24/><G24/><T112/><D116/><U40/><E40/><V82/><F37/><W83/><G83/><T101/><D112/><U6/><E107/><V100/><F48/><W65/><G65/><T69/><D69/><U93/><E68/><V120/><F67/><W19/><G19/><T89/><D89/><U135/><E135/><V49/><F120/><W41/><G41/><T124/><D124/><U134/><E134/><V70/><F70/><W51/><G51/><T72/><D72/><U58/><E105/><V56/><F90/><W87/><AGARI ba="0,0" hai="2,3,13,16,20,32,33,34,87,91,92" m="42089" machi="87" ten="40,7800,0" yaku="14,1,10,1,54,1" doraHai="60" who="3" fromWho="3" sc="338,-26,185,-26,217,-26,260,78" /><INIT seed="3,1,0,1,0,79" ten="312,159,191,338" oya="3" hai0="131,25,3,52,70,85,128,61,65,130,89,29,19" hai1="115,74,67,125,30,81,58,55,87,66,127,56,42" hai2="59,86,1,54,134,2,10,108,112,37,26,113,49" hai3="118,135,76,129,40,104,96,9,88,13,6,32,95"/><W83/><G129/><T4/><D19/><U38/><E74/><V123/><F37/><W69/><G135/><T97/><D97/><U46/><E30/><V121/><F134/><W117/><G69/><T15/><D3/><U22/><E115/><V53/><F26/><W7/><G32/><T107/><D107/><U28/><E28/><V0/><F108/><W120/><G120/><N who="2" m="46153" /><F86/><W82/><G7/><T23/><D15/><U122/><E122/><V41/><F41/><W71/><G71/><T101/><D101/><U63/><E22/><V64/><F64/><W8/><G8/><T84/><D4/><U50/><E87/><V47/><F10/><W72/><G40/><T98/><D98/><U105/><E105/><V90/><F90/><W51/><G51/><AGARI ba="1,0" hai="0,1,2,47,49,51,53,54,59,112,113" m="46153" machi="51" ten="40,1300,0" yaku="13,1" doraHai="79" who="2" fromWho="3" sc="312,0,159,0,191,16,338,-16" /><INIT seed="4,0,0,1,0,5" ten="312,159,207,322" oya="0" hai0="83,105,35,107,3,106,100,43,4,9,6,61,64" hai1="68,96,93,36,7,77,114,104,117,79,122,10,90" hai2="71,133,119,88,37,48,124,53,80,17,129,33,32" hai3="34,21,55,51,46,1,42,66,84,8,103,134,116"/><T75/><D6/><U12/><E122/><V112/><F37/><W41/><G34/><T101/><D101/><U118/><E68/><V38/><F38/><W20/><G116/><T23/><D23/><U109/><E36/><V59/><F71/><W113/><G66/><T26/><D43/><U44/><E109/><V102/><F129/><W67/><G67/><T72/><D100/><U97/><E114/><V127/><F133/><W110/><G110/><T16/><D83/><U92/><E104/><V70/><F70/><W87/><G103/><T50/><D50/><U73/><E73/><V45/><F112/><W85/><G113/><T89/><D89/><U40/><E117/><V126/><F119/><W86/><G134/><T95/><D95/><U15/><E15/><V31/><F31/><W94/><G42/><T76/><D76/><U63/><E63/><V13/><F59/><W131/><G131/><T60/><D60/><U47/><E118/><V69/><F69/><W22/><N who="3" m="21504" /><DORA hai="82" /><W54/><REACH who="3" step="1"/><G94/><REACH who="3" ten="312,159,207,312" step="2"/><T111/><D111/><U128/><E128/><V25/><F102/><W130/><G130/><T108/><D108/><U56/><E40/><V29/><F88/><W65/><G65/><T11/><D35/><U99/><E90/><V91/><F33/><W132/><G132/><T39/><D64/><U98/><E93/><V14/><F91/><W120/><G120/><T121/><D121/><U115/><E92/><V123/><F123/><W49/><G49/><T0/><D39/><U24/><E115/><V135/><F135/><W81/><G81/><T2/><D106/><RYUUKYOKU ba="0,1" sc="312,-10,159,-10,207,-10,312,30" hai3="1,8,20,21,22,41,46,51,54,55" /><INIT seed="5,1,1,3,0,60" ten="302,149,197,342" oya="1" hai0="15,76,45,1,50,90,115,85,81,40,67,86,73" hai1="74,31,13,124,117,58,91,61,100,24,30,120,17" hai2="63,55,135,10,59,21,123,127,44,104,96,47,37" hai3="68,112,118,116,110,77,65,11,126,108,12,119,43"/><U82/><E120/><V128/><F123/><W122/><G77/><T113/><D1/><U25/><E117/><V20/><F128/><W72/><G72/><T29/><D29/><U33/><E124/><V66/><F127/><W87/><G126/><T52/><D15/><U93/><E100/><V125/><F135/><W26/><G87/><T133/><D133/><U36/><E36/><V69/><F125/><W53/><G43/><T27/><D27/><U32/><E82/><V16/><F10/><W107/><G107/><T57/><D73/><U51/><E74/><V14/><F21/><W42/><G42/><T34/><D34/><U103/><E103/><V38/><F104/><W80/><G80/><N who="0" m="49447" /><D115/><U99/><E51/><V7/><F7/><W6/><G26/><T105/><D105/><U2/><E2/><V89/><F38/><W75/><G75/><T54/><D113/><U88/><E91/><V39/><F39/><W84/><G112/><T78/><D78/><U71/><E71/><V114/><F37/><W18/><G122/><T35/><D35/><U101/><E101/><V9/><F20/><W109/><G6/><T92/><D92/><U130/><E130/><V131/><F131/><W70/><G84/><T129/><D129/><U62/><E58/><V3/><F3/><W28/><G28/><T22/><D22/><AGARI ba="1,1" hai="13,17,22,24,25,30,31,32,33,61,62,88,93,99" machi="22" ten="30,5800,0" yaku="7,1,9,1,54,1" doraHai="60" who="1" fromWho="0" sc="302,-61,149,71,197,0,342,0" /><INIT seed="5,2,0,4,0,49" ten="241,220,197,342" oya="1" hai0="34,123,134,51,80,39,102,127,55,96,77,132,21" hai1="126,68,8,53,133,99,47,93,0,44,11,31,36" hai2="10,65,88,95,12,72,131,40,85,125,84,33,41" hai3="121,94,6,46,119,107,69,70,74,9,97,100,27"/><U37/><E68/><V29/><F72/><W62/><G121/><T73/><D34/><U25/><E126/><V35/><F125/><W81/><G119/><T103/><D127/><U7/><E133/><N who="0" m="51305" /><D39/><U118/><E118/><V50/><F131/><W32/><G46/><N who="0" m="28151" /><D123/><U90/><E11/><V128/><F128/><W112/><G112/><T104/><D103/><U23/><E44/><V105/><F105/><W15/><G94/><T110/><D21/><U83/><REACH who="1" step="1"/><E83/><REACH who="1" ten="241,210,197,342" step="2"/><V78/><F41/><W60/><G70/><T79/><D79/><U135/><E135/><V92/><F78/><W129/><G129/><T113/><D113/><U89/><E89/><V57/><F40/><W56/><G81/><T71/><D71/><U64/><E64/><V124/><F65/><W14/><G74/><T54/><D110/><U82/><E82/><V108/><F124/><W115/><G115/><T109/><D109/><U1/><E1/><V75/><F108/><W28/><G69/><T101/><D101/><U63/><E63/><V120/><F120/><W30/><G62/><T87/><D73/><U19/><E19/><V116/><F116/><W42/><G42/><T2/><D2/><U20/><E20/><V52/><F75/><W24/><G9/><T91/><D77/><U106/><E106/><V86/><F35/><W130/><G130/><T122/><D122/><U16/><E16/><N who="2" m="8215" /><F88/><W48/><G6/><T67/><D67/><U117/><E117/><V4/><F4/><W76/><G76/><T98/><D54/><U61/><E61/><V43/><F43/><W18/><G60/><RYUUKYOKU ba="2,1" sc="241,10,210,10,197,10,342,-30" hai0="80,87,91,96,98,102,104" hai1="0,7,8,23,25,31,36,37,47,53,90,93,99" hai2="29,33,50,52,57,84,85,86,92,95" /><INIT seed="5,3,1,4,1,53" ten="251,220,207,312" oya="1" hai0="29,100,33,20,52,1,49,94,19,9,90,113,85" hai1="31,77,111,119,75,130,59,8,78,105,65,43,80" hai2="56,114,112,97,67,133,54,40,27,5,84,24,16" hai3="131,47,83,35,71,109,69,127,36,28,115,73,120"/><U10/><E119/><V117/><F117/><W74/><RYUUKYOKU type="yao9" ba="3,1" sc="251,0,220,0,207,0,312,0" hai3="28,35,36,47,69,71,73,74,83,109,115,120,127,131" /><INIT seed="5,4,1,4,2,11" ten="251,220,207,312" oya="1" hai0="85,25,88,8,108,92,116,106,61,38,80,109,20" hai1="44,27,39,132,19,71,1,43,117,13,105,134,5" hai2="115,65,57,135,75,0,81,45,86,34,69,90,66" hai3="36,64,33,104,12,23,130,70,63,17,67,47,18"/><U16/><E117/><V14/><F0/><W6/><G104/><T101/><D116/><U10/><E105/><V21/><F34/><W46/><G33/><T79/><D38/><U96/><E71/><V42/><F69/><W51/><G130/><T35/><D35/><U111/><E96/><V94/><F135/><N who="1" m="51753" /><E111/><V9/><F115/><W123/><G123/><T60/><D108/><U73/><E73/><V107/><F21/><W76/><G6/><T91/><D91/><U40/><E40/><V72/><F107/><W32/><G32/><T7/><D109/><U30/><E1/><V122/><F122/><W58/><G76/><T54/><D54/><U121/><E121/><V102/><F75/><W55/><G67/><T87/><D101/><U49/><E39/><V82/><F72/><W74/><G74/><T83/><D83/><N who="2" m="31754" /><F102/><W99/><G99/><T98/><D98/><U26/><E30/><V114/><F114/><W50/><G36/><T28/><REACH who="0" step="1"/><D106/><REACH who="0" ten="241,220,207,312" step="2"/><U112/><E112/><V127/><F90/><W84/><G84/><T68/><D68/><U113/><E113/><V128/><F86/><W93/><G93/><T100/><D100/><U119/><E119/><V120/><F120/><W110/><G110/><T48/><D48/><U22/><E5/><N who="2" m="3375" /><F94/><W56/><REACH who="3" step="1"/><G18/><REACH who="3" ten="241,220,207,302" step="2"/><T89/><D89/><U125/><E125/><V118/><F127/><W124/><G124/><T24/><D24/><AGARI ba="4,3" hai="10,13,16,19,22,24,26,27,43,44,49" m="51753" machi="24" ten="30,5800,0" yaku="20,1,52,1,54,1" doraHai="11" who="1" fromWho="0" sc="241,-70,220,100,207,0,302,0" /><INIT seed="5,5,0,1,4,22" ten="171,320,207,302" oya="1" hai0="69,8,104,14,15,88,65,13,110,67,39,122,90" hai1="35,119,98,105,38,121,41,89,2,24,10,71,20" hai2="112,95,73,97,106,56,72,27,5,96,113,128,6" hai3="44,23,59,76,92,93,103,70,130,120,133,126,81"/><U9/><E121/><V54/><F106/><W101/><G70/><T91/><D39/><U30/><E119/><V52/><F128/><W49/><G130/><T0/><D104/><U83/><E71/><V50/><F27/><W57/><G120/><T29/><D122/><U108/><E108/><V85/><F85/><N who="3" m="48295" /><G126/><T129/><D129/><U131/><E131/><V37/><F37/><W82/><G82/><T135/><D135/><U47/><E105/><V74/><F54/><N who="3" m="29991" /><G23/><T1/><D110/><U28/><E28/><V4/><REACH who="2" step="1"/><F95/><REACH who="2" ten="171,320,197,302" step="2"/><N who="3" m="36427" /><G133/><T26/><D69/><U118/><E118/><V12/><F12/><W117/><G117/><T42/><D42/><U53/><E53/><V80/><F80/><W25/><G25/><T32/><REACH who="0" step="1"/><D8/><REACH who="0" ten="161,320,197,302" step="2"/><U125/><E10/><V43/><F43/><W33/><G33/><T60/><D60/><U19/><E35/><V64/><F64/><AGARI ba="5,2" hai="0,1,13,14,15,26,29,32,64,65,67,88,90,91" machi="64" ten="40,5200,0" yaku="1,1,52,1,54,1,53,0" doraHai="22" doraHaiUra="36" who="0" fromWho="2" sc="161,87,320,0,197,-67,302,0" /><INIT seed="6,0,0,5,5,81" ten="248,320,130,302" oya="2" hai0="41,132,25,125,23,67,40,16,106,18,112,96,129" hai1="123,133,131,124,63,4,102,72,93,74,111,15,31" hai2="42,73,56,60,88,26,130,91,90,12,75,84,24" hai3="108,78,66,30,65,58,100,59,85,48,37,68,105"/><V9/><F130/><W27/><G37/><T57/><D129/><U28/><E111/><V117/><F117/><W116/><G116/><T55/><D112/><U71/><E131/><V99/><F42/><W109/><G66/><T62/><D125/><U0/><E0/><V95/><F75/><W36/><G36/><T10/><D132/><U98/><E123/><V113/><F73/><W128/><G128/><T82/><D106/><U70/><E15/><V13/><F13/><W17/><G17/><T126/><D126/><U2/><E2/><V14/><F14/><W77/><G58/><T97/><D67/><U7/><E63/><V127/><F113/><W19/><G19/><T103/><D103/><U121/><E93/><N who="2" m="54407" /><F91/><W61/><G59/><T1/><D1/><U33/><E98/><N who="0" m="37993" /><D82/><U80/><E80/><V119/><F119/><W35/><G48/><T79/><D79/><U101/><E121/><V135/><F127/><W107/><G78/><T69/><D69/><U120/><E120/><V34/><F34/><W86/><G77/><T83/><D83/><U49/><E124/><V64/><F135/><W47/><G47/><T76/><D76/><U32/><E133/><V92/><F92/><W114/><G114/><T44/><D44/><U3/><E3/><V115/><F115/><W8/><G8/><T94/><D94/><U29/><E29/><V54/><F64/><W39/><G39/><T6/><D6/><AGARI ba="0,0" hai="6,9,12,24,26,54,56,60,90,95,99" m="54407" machi="6" ten="30,5800,0" yaku="8,1,52,1,54,1" doraHai="81" who="2" fromWho="0" sc="248,-58,320,0,130,58,302,0" /><INIT seed="6,1,0,1,3,58" ten="190,320,188,302" oya="2" hai0="42,85,7,65,52,92,25,9,24,103,121,17,84" hai1="36,96,51,72,132,95,106,71,2,81,78,130,112" hai2="38,59,89,125,41,55,28,3,57,1,86,56,14" hai3="124,131,18,47,79,99,77,40,46,105,8,63,73"/><V129/><F129/><W102/><G124/><T64/><D121/><U45/><E71/><V62/><F125/><W50/><G131/><T118/><D118/><U74/><E130/><V94/><F28/><W101/><G101/><T69/><D69/><U27/><E2/><V44/><REACH who="2" step="1"/><F14/><REACH who="2" ten="190,320,178,302" step="2"/><N who="3" m="7495" /><G73/><T120/><D120/><U109/><E109/><V119/><F119/><W68/><G105/><T66/><D42/><U26/><E36/><V35/><F35/><W22/><G40/><T19/><D7/><U33/><E33/><V49/><F49/><W114/><G50/><T126/><D126/><U11/><E51/><V53/><F53/><W123/><G123/><T20/><D52/><U32/><E32/><V108/><F108/><W98/><G114/><T60/><D60/><U110/><E112/><V135/><F135/><W117/><G63/><T6/><D6/><U15/><E132/><V21/><F21/><W104/><G22/><N who="0" m="13391" /><D9/><U30/><E30/><V0/><AGARI ba="1,1" hai="0,1,3,38,41,44,55,56,57,59,62,86,89,94" machi="0" ten="30,11700,0" yaku="1,1,0,1,52,1,53,1" doraHai="58" doraHaiUra="43" who="2" fromWho="2" sc="190,-40,320,-40,178,130,302,-40" /><INIT seed="6,2,0,0,0,116" ten="150,280,308,262" oya="2" hai0="102,134,65,118,23,93,60,88,35,56,91,58,15" hai1="68,112,49,77,94,135,28,67,128,129,13,46,12" hai2="34,74,11,6,55,89,16,103,3,80,39,130,61" hai3="83,66,47,2,99,59,4,73,8,78,71,120,64"/><V14/><F39/><W10/><G71/><T26/><D134/><U100/><E77/><V110/><F130/><N who="1" m="50281" /><E135/><V90/><F34/><W126/><G126/><T114/><D118/><U121/><E28/><V53/><F103/><W57/><G10/><T72/><D72/><U133/><E133/><V131/><F110/><W79/><G79/><T51/><D114/><U132/><E132/><V104/><F104/><W119/><G119/><T98/><D35/><U40/><E112/><V32/><F32/><W125/><G125/><T96/><D15/><U106/><E106/><V0/><F131/><W42/><G99/><T22/><D98/><N who="1" m="59479" /><E121/><V87/><F74/><W92/><G92/><T82/><D82/><U95/><E95/><V45/><F90/><W108/><G108/><T75/><D75/><U101/><E101/><V81/><F81/><W29/><G29/><N who="0" m="17623" /><D23/><U69/><E69/><V54/><F3/><W84/><G84/><T20/><D20/><U97/><E97/><V21/><REACH who="2" step="1"/><F45/><REACH who="2" ten="150,280,298,262" step="2"/><W37/><G120/><T122/><D122/><U124/><E124/><V127/><F127/><W1/><G2/><T27/><D27/><U85/><E85/><V44/><F44/><W36/><G37/><T41/><D41/><U31/><E31/><V17/><F17/><W30/><G30/><T107/><D107/><U19/><E19/><V48/><F48/><W38/><G36/><T62/><D51/><U5/><E5/><V24/><F24/><W63/><G63/><AGARI ba="2,1" hai="12,13,40,46,49,63,67,68" m="59479,50281" machi="63" ten="30,1000,0" yaku="19,1" doraHai="116" who="1" fromWho="3" sc="150,0,280,26,298,0,262,-16" /><AGARI ba="2,0" hai="0,6,11,14,16,21,53,54,55,61,63,80,87,89" machi="63" ten="40,3900,0" yaku="1,1,54,1,53,0" doraHai="116" doraHaiUra="123" who="2" fromWho="3" sc="150,0,306,0,298,39,246,-39" /><INIT seed="6,3,0,3,1,81" ten="150,306,337,207" oya="2" hai0="121,120,61,135,72,45,40,32,36,20,98,16,116" hai1="44,65,84,115,53,6,10,75,73,68,99,66,35" hai2="87,126,63,67,15,2,64,0,90,5,42,3,78" hai3="33,96,129,88,31,100,130,85,9,4,62,17,26"/><V34/><F34/><W29/><G31/><T48/><D32/><U7/><E35/><V114/><F78/><W28/><G28/><T80/><D135/><U117/><E117/><V77/><F77/><W41/><G41/><T58/><D116/><U110/><E110/><V89/><F126/><W91/><G17/><T93/><D72/><U52/><E99/><V19/><F114/><W69/><G129/><T46/><D80/><U56/><E68/><V50/><F90/><W74/><G74/><T49/><D36/><U83/><E115/><V127/><F5/><N who="1" m="1545" /><E75/><V105/><F105/><W1/><G130/><T132/><D132/><U70/><E70/><V79/><F79/><W14/><G1/><T60/><D120/><U104/><E104/><V8/><F127/><W24/><G24/><T11/><D11/><U18/><E44/><V111/><F111/><W109/><G109/><T27/><D58/><U86/><E73/><V106/><F106/><W25/><G25/><T124/><D124/><U101/><E101/><V95/><F63/><W13/><G13/><T92/><D121/><U39/><E39/><V123/><F123/><W125/><G125/><T119/><D119/><U23/><E10/><V12/><F12/><W22/><G33/><T131/><D131/><U51/><E83/><V94/><F94/><N who="0" m="36458" /><D98/><U30/><E30/><V102/><F102/><W76/><G96/><T122/><D122/><U57/><E66/><V107/><F107/><W103/><G100/><T38/><D38/><U82/><E82/><V71/><F71/><W134/><G103/><T21/><D21/><RYUUKYOKU ba="3,0" sc="150,15,306,-15,337,15,207,-15" hai0="16,20,27,40,45,46,48,49,60,61" hai2="0,2,3,8,15,19,42,50,64,67,87,89,95" /><INIT seed="6,4,0,4,1,129" ten="165,291,352,192" oya="2" hai0="27,96,65,35,56,69,105,80,22,72,13,67,88" hai1="0,47,86,112,10,77,45,37,110,91,11,132,3" hai2="76,127,24,106,58,16,60,9,99,40,36,130,115" hai3="128,48,54,87,117,116,18,46,118,63,131,102,81"/><V98/><F115/><W34/><G34/><T135/><D67/><U33/><E110/><V43/><F127/><W68/><G102/><T78/><D135/><U42/><E33/><V121/><F121/><W41/><G87/><T124/><D124/><U59/><E112/><V39/><F106/><W123/><G81/><T49/><D69/><U44/><E77/><V97/><F130/><N who="3" m="49707" /><G18/><T113/><D113/><U2/><E59/><V93/><F39/><W85/><G85/><T53/><D65/><U32/><E32/><V95/><F36/><N who="3" m="21799" /><G123/><T70/><D70/><U125/><E125/><V120/><F95/><W122/><G122/><T1/><D1/><U79/><E79/><V73/><F93/><W83/><G83/><T84/><D35/><U55/><E132/><V126/><F126/><W75/><G75/><T23/><D13/><U109/><E109/><V50/><F73/><W89/><G89/><T26/><D26/><U61/><E61/><V92/><F24/><W7/><G7/><T20/><D96/><U25/><E25/><V38/><F99/><W30/><G30/><T101/><D101/><U104/><E104/><V100/><F98/><W82/><G82/><T57/><D105/><U8/><E55/><V15/><F120/><W94/><G94/><N who="0" m="54535" /><D27/><U29/><E29/><V12/><F100/><W28/><G28/><T31/><D31/><U17/><E17/><V133/><F92/><W6/><G6/><T4/><D4/><U52/><E37/><V103/><F97/><W107/><G107/><T114/><D114/><U64/><E0/><V108/><F103/><RYUUKYOKU ba="4,0" sc="165,30,291,-10,352,-10,192,-10" hai0="20,22,23,49,53,56,57,72,78,80" /><INIT seed="7,5,0,0,4,101" ten="195,281,342,182" oya="3" hai0="43,3,108,19,81,2,124,28,79,73,100,9,84" hai1="30,128,58,70,32,122,87,134,38,94,112,41,119" hai2="22,34,105,71,90,48,0,55,95,4,50,103,16" hai3="27,113,133,96,42,47,69,13,102,26,35,125,99"/><W53/><G69/><T127/><D108/><U129/><E122/><V56/><F34/><W104/><G113/><T1/><D28/><U40/><E70/><V74/><F74/><W75/><G75/><T23/><D100/><U118/><E112/><V46/><F105/><W37/><G133/><T89/><D43/><N who="1" m="16459" /><E38/><V24/><F0/><W49/><G125/><N who="0" m="48203" /><D9/><U132/><E30/><V83/><F4/><W11/><G99/><T44/><D44/><U31/><E31/><V6/><F6/><W15/><G35/><T63/><D63/><U77/><E32/><V85/><F71/><W107/><G107/><T10/><D10/><U80/><E58/><V8/><F8/><W135/><G135/><N who="1" m="51754" /><E94/><V67/><F95/><W123/><G123/><T54/><D54/><U51/><E51/><N who="2" m="29175" /><F103/><W72/><G72/><T98/><D98/><U106/><E106/><V5/><F5/><W20/><G20/><T14/><D3/><U52/><E52/><V121/><F121/><W93/><G93/><AGARI ba="5,0" hai="1,2,14,19,23,73,79,81,84,89,93" m="48203" machi="93" ten="30,1000,0" yaku="18,1" doraHai="101" who="0" fromWho="3" sc="195,25,281,0,342,0,182,-25" owari="220,-18.0,281,8.0,342,44.0,157,-34.0" /></mjloggm>