<mjloggm ver="2.3"><GO type="41" lobby="0"/><UN n0="%6B%61%7A%75%2D%30%31%34" n1="%E3%82%A2%E3%82%AC%E3%82%B5%E3%82%AF%E3%83%AA%E3%82%B9" n2="%E2%93%9D%53%75%70%68%78" n3="%E3%83%8F%E3%83%8D%E3%82%B9%E3%83%AA%E3%83%BC" dan="14,13,18,15" rate="1960.00,1924.02,2119.65,1956.87" sx="M,M,M,M"/><TAIKYOKU oya="0"/><INIT seed="0,0,0,2,2,71" ten="250,250,250,250" oya="0" hai0="24,116,98,93,67,119,14,70,113,50,87,55,85" hai1="33,75,133,86,61,109,92,124,95,5,13,18,8" hai2="88,42,45,28,94,41,105,20,111,27,1,128,19" hai3="112,130,72,65,44,53,22,56,17,126,120,21,127"/><T117/><D113/><U134/><E109/><V96/><F111/><W76/><G112/><T122/><D122/><U125/><E33/><V106/><F128/><W11/><G120/><T23/><D14/><U99/><E75/><V69/><F69/><W46/><G65/><T57/><D67/><U4/><E61/><V39/><F1/><W7/><G22/><T74/><D74/><U101/><E86/><V31/><REACH who="2" step="1"/><F42/><REACH who="2" ten="250,250,240,250" step="2"/><W34/><G130/><T104/><D70/><U48/><E4/><V62/><F62/><W35/><G7/><T51/><D104/><AGARI ba="0,1" hai="19,20,27,28,31,39,41,45,88,94,96,104,105,106" machi="104" ten="40,5200,0" yaku="1,1,52,1,54,1,53,0" doraHai="71" doraHaiUra="59" who="2" fromWho="0" sc="250,-52,250,0,240,62,250,0" /><INIT seed="1,0,0,3,5,111" ten="198,250,302,250" oya="1" hai0="122,91,129,72,5,46,73,34,8,123,1,26,58" hai1="82,28,3,25,83,131,67,49,108,110,16,106,14" hai2="19,52,112,77,18,119,81,20,47,125,99,128,48" hai3="66,104,93,12,96,0,62,120,6,116,50,132,35"/><U2/><E106/><V95/><F125/><W103/><G120/><N who="0" m="46123" /><D129/><U4/><E67/><V134/><F134/><W92/><G35/><T107/><D107/><U68/><E68/><V9/><F128/><W135/><G116/><T41/><D58/><U115/><E49/><V117/><F112/><W44/><G0/><N who="1" m="42" /><E83/><V84/><F9/><W74/><G74/><N who="0" m="28779" /><D91/><U54/><E82/><V31/><F119/><W38/><G38/><N who="0" m="21815" /><D26/><U75/><E75/><V76/><F117/><W100/><G100/><T71/><D34/><N who="1" m="20751" /><E54/><V21/><F77/><W86/><G86/><T133/><D133/><N who="3" m="51273" /><G62/><T121/><N who="0" m="46131" /><T11/><DORA hai="36" /><D11/><N who="1" m="4455" /><E131/><V37/><F76/><W105/><G66/><T101/><D101/><U51/><E51/><V69/><F48/><W29/><G104/><T98/><D98/><U55/><E55/><V57/><F52/><W64/><G64/><T30/><D30/><U94/><E94/><V70/><F95/><W23/><G29/><T130/><D130/><U7/><E115/><V85/><F81/><W80/><G80/><T43/><D43/><U60/><E60/><V24/><F37/><W102/><G102/><T79/><D79/><U97/><E97/><V40/><F99/><W89/><G89/><T118/><D118/><U88/><E88/><V45/><F40/><N who="3" m="24839" /><G6/><T109/><D71/><U126/><E126/><V42/><F42/><W59/><G59/><T17/><D17/><AGARI ba="0,0" hai="12,17,23,92,93,96,103,105" m="24839,51273" machi="17" ten="30,2000,0" yaku="20,1,52,1" doraHai="111,36" who="3" fromWho="0" sc="198,-20,250,0,302,0,250,20" /><INIT seed="2,0,0,1,5,62" ten="178,250,302,270" oya="2" hai0="22,125,6,95,69,10,90,7,72,80,5,122,32" hai1="36,97,47,41,77,88,84,83,51,100,104,61,129" hai2="111,30,112,4,75,81,14,28,87,123,68,29,82" hai3="118,37,13,70,120,131,94,117,67,102,35,132,85"/><V2/><F112/><W108/><G13/><T63/><D122/><U24/><E129/><V78/><F123/><W65/><G35/><T49/><D32/><U26/><E36/><V3/><F68/><W109/><G70/><T31/><D125/><U89/><E89/><V57/><F111/><N who="3" m="42571" /><G120/><T114/><D114/><U91/><E91/><V52/><F14/><W127/><G85/><T39/><D39/><U17/><E17/><V66/><F66/><N who="3" m="25099" /><G37/><T38/><D63/><U76/><E61/><V55/><F4/><W130/><G127/><T21/><D69/><U45/><E45/><V53/><REACH who="2" step="1"/><F57/><REACH who="2" ten="178,250,292,270" step="2"/><W56/><G56/><T46/><D46/><U18/><REACH who="1" step="1"/><E18/><REACH who="1" ten="178,240,292,270" step="2"/><V33/><F33/><W50/><G118/><T71/><D71/><U16/><E16/><V73/><F73/><W25/><G117/><T9/><D5/><U119/><E119/><V40/><F40/><W110/><G110/><T42/><D6/><U93/><E93/><V105/><F105/><W54/><G25/><AGARI ba="0,2" hai="24,25,26,41,47,51,76,77,83,84,88,97,100,104" machi="25" ten="40,2600,0" yaku="1,1,54,1,53,0" doraHai="62" doraHaiUra="48" who="1" fromWho="3" sc="178,0,240,46,292,0,270,-26" /><INIT seed="3,0,0,2,1,54" ten="178,286,292,244" oya="3" hai0="82,23,37,69,62,109,112,135,102,104,100,81,114" hai1="40,123,60,129,118,28,111,90,116,9,13,83,96" hai2="24,17,26,78,55,49,52,86,124,130,128,56,107" hai3="51,18,127,35,84,110,79,34,132,20,10,70,53"/><W74/><G74/><T73/><D37/><U98/><E123/><V106/><F124/><W33/><G70/><T27/><D69/><U30/><E111/><V46/><F78/><W61/><G127/><T122/><D62/><U126/><E40/><V25/><F86/><W44/><G132/><T101/><D23/><U48/><E129/><N who="2" m="49771" /><F17/><W21/><G110/><T8/><D8/><U15/><E48/><AGARI ba="0,0" hai="24,25,26,46,48,49,52,55,56,106,107" m="49771" machi="48" ten="30,3900,0" yaku="19,1,52,1,54,1" doraHai="54" who="2" fromWho="1" sc="178,0,286,-39,292,39,244,0" /><INIT seed="4,0,0,3,1,79" ten="178,247,331,244" oya="0" hai0="112,68,131,18,110,92,104,19,107,59,39,109,34" hai1="83,127,38,105,53,28,120,134,85,76,88,20,47" hai2="114,7,106,84,58,56,86,100,133,15,72,124,125" hai3="62,70,123,90,8,95,64,99,37,61,122,87,135"/><T29/><D59/><U117/><E105/><N who="0" m="40521" /><D92/><U4/><E120/><N who="3" m="46122" /><G37/><T32/><D29/><U51/><E4/><V13/><F133/><W10/><G135/><T126/><D39/><U31/><E127/><V128/><F114/><W55/><G99/><T41/><D41/><U98/><E134/><V71/><F106/><W132/><G132/><T12/><D12/><U129/><E38/><V23/><F15/><W93/><G93/><T36/><D36/><U3/><E3/><V89/><F58/><AGARI ba="0,0" hai="8,10,55,58,61,62,64,70,87,90,95" m="46122" machi="58" ten="30,1000,0" yaku="13,1" doraHai="79" who="3" fromWho="2" sc="178,0,247,0,331,-10,244,10" /><INIT seed="5,0,0,2,1,30" ten="178,247,321,254" oya="1" hai0="80,76,75,42,53,49,120,37,48,78,38,111,25" hai1="109,17,135,60,79,47,101,55,68,114,23,113,33" hai2="97,66,36,63,32,13,94,134,35,22,41,27,16" hai3="132,20,133,77,93,104,112,65,128,123,87,124,11"/><U26/><E109/><V131/><F131/><W121/><G65/><T54/><D111/><U45/><E135/><V122/><F122/><W71/><G71/><T129/><D42/><U85/><E101/><V106/><F106/><W28/><G112/><N who="1" m="43114" /><E85/><V108/><F134/><N who="3" m="51819" /><G104/><T12/><D129/><U91/><E79/><V83/><F108/><W92/><G11/><T61/><D61/><U31/><E91/><V73/><F41/><W19/><G28/><T0/><D0/><U70/><E55/><V14/><F73/><W88/><G77/><T86/><D25/><N who="1" m="14575" /><E60/><V127/><F63/><W34/><G124/><T29/><D29/><U74/><E74/><V40/><F127/><W44/><G44/><AGARI ba="0,0" hai="26,31,33,44,45,47,68,70" m="14575,43114" machi="44" ten="30,2900,0" yaku="15,1,52,1" doraHai="30" who="1" fromWho="3" sc="178,0,247,29,321,0,254,-29" /><INIT seed="5,1,0,2,1,87" ten="178,276,321,225" oya="1" hai0="16,58,63,2,62,78,76,11,79,106,64,104,15" hai1="101,72,30,116,60,85,98,4,118,129,67,61,40" hai2="34,21,1,59,18,128,135,44,127,3,10,115,26" hai3="49,53,96,27,92,7,109,32,77,66,125,37,47"/><U70/><E72/><V29/><F44/><W68/><G109/><T19/><D2/><N who="2" m="522" /><F59/><W42/><G77/><T74/><D74/><U45/><E129/><V130/><F127/><W102/><G7/><T28/><D28/><U54/><E30/><V56/><F56/><W36/><G27/><T14/><D14/><U8/><BYE who="0" /><E54/><UN n0="%6B%61%7A%75%2D%30%31%34" /><V57/><F57/><W20/><G32/><T69/><REACH who="0" step="1"/><D19/><REACH who="0" ten="168,276,321,225" step="2"/><U89/><E118/><V113/><F135/><W9/><G9/><T51/><D51/><U108/><E116/><V39/><F10/><W6/><G37/><T55/><AGARI ba="1,1" hai="11,15,16,55,58,62,63,64,69,76,78,79,104,106" machi="55" ten="30,4000,0" yaku="1,1,0,1,54,1,53,0" doraHai="87" doraHaiUra="95" who="0" fromWho="0" sc="168,53,276,-21,321,-11,225,-11" /><INIT seed="6,0,0,5,4,109" ten="221,255,310,214" oya="2" hai0="27,25,50,73,123,6,32,16,9,0,79,94,21" hai1="127,126,101,71,31,77,78,44,91,103,51,116,76" hai2="68,5,96,89,124,99,22,81,30,23,46,64,40" hai3="113,121,18,61,93,53,47,34,128,57,14,117,29"/><V52/><F124/><N who="1" m="47657" /><E71/><V13/><F64/><W119/><G121/><T122/><D73/><U105/><E31/><V55/><F68/><W87/><G128/><T67/><D79/><N who="1" m="20227" /><U114/><DORA hai="7" /><E44/><V4/><F30/><W20/><G113/><T83/><D83/><U129/><E51/><V8/><F5/><W62/><G62/><T60/><D50/><U33/><E33/><V74/><F74/><W45/><G29/><N who="0" m="19503" /><D60/><U58/><E58/><V80/><F40/><W42/><G34/><T132/><D67/><U28/><E28/><V12/><F46/><W97/><G87/><T37/><D37/><U115/><E129/><V3/><F4/><W75/><G75/><T43/><D43/><U56/><E56/><V111/><F111/><W134/><G134/><T11/><D94/><U108/><E108/><V39/><F39/><W48/><REACH who="3" step="1"/><G45/><REACH who="3" ten="221,255,310,204" step="2"/><T86/><D86/><U104/><E116/><V59/><F59/><W35/><G35/><T24/><D132/><U36/><E36/><V107/><F3/><W15/><G15/><N who="0" m="9375" /><D11/><U10/><E10/><V92/><F8/><W118/><G118/><T66/><D66/><U98/><E91/><AGARI ba="0,1" hai="14,18,20,42,47,48,53,57,61,91,93,97,117,119" machi="91" ten="30,2000,0" yaku="1,1,7,1,53,0" doraHai="109,7" doraHaiUra="106,65" who="3" fromWho="1" sc="221,0,255,-20,310,0,204,30" /><INIT seed="7,0,0,4,4,93" ten="221,235,310,234" oya="3" hai0="118,30,47,4,29,41,19,79,83,51,70,109,122" hai1="23,128,56,62,89,96,11,40,59,68,80,110,123" hai2="7,135,50,63,91,126,77,10,14,44,105,99,58" hai3="21,9,75,25,108,97,18,92,55,65,6,116,27"/><W112/><G75/><T37/><D122/><U28/><E123/><V86/><F135/><W0/><G116/><T107/><D118/><U114/><E114/><V64/><F126/><W17/><G112/><T36/><D109/><U48/><E110/><V87/><F77/><W35/><G65/><T127/><D127/><U102/><E68/><V54/><F105/><W132/><G132/><T13/><D70/><U38/><E38/><V115/><F115/><W131/><G131/><T2/><D107/><U101/><E11/><V20/><F20/><W22/><G108/><T125/><D125/><U16/><E28/><V31/><F31/><W69/><G55/><T42/><D2/><U52/><E40/><V72/><F72/><W32/><G69/><T124/><D124/><U26/><E128/><V73/><F73/><W78/><G78/><T84/><D19/><U43/><E43/><V12/><F12/><W94/><G92/><AGARI ba="0,0" hai="7,10,14,44,50,54,58,63,64,86,87,91,92,99" machi="92" ten="40,2600,0" yaku="8,1,52,1" doraHai="93" who="2" fromWho="3" sc="221,0,235,0,310,26,234,-26" owari="221,-18.0,235,4.0,336,43.0,208,-29.0" /></mjloggm>