<mjloggm ver="2.3"><GO type="41" lobby="0"/><UN n0="%6E%61%6B%65%69" n1="%72%52%66%44%79%55%66" n2="%74%70%64%72%6F%73" n3="%E2%93%9D%53%75%70%68%78" dan="15,15,15,19" rate="1969.49,1978.41,1990.32,2194.51" sx="M,M,M,M"/><TAIKYOKU oya="0"/><INIT seed="0,0,0,2,4,16" ten="250,250,250,250" oya="0" hai0="128,134,69,44,55,46,37,99,130,15,123,125,104" hai1="84,75,109,36,132,101,91,70,61,1,22,43,98" hai2="124,0,71,63,51,53,115,93,105,18,114,60,79" hai3="48,66,127,94,54,86,135,27,56,62,112,113,20"/><T96/><D123/><U3/><E75/><V68/><F105/><W4/><G135/><T23/><D69/><N who="2" m="26698" /><F0/><W131/><G131/><N who="0" m="50219" /><D134/><U32/><E132/><V24/><F18/><W42/><G127/><T92/><D125/><U8/><E32/><V58/><F24/><W116/><G116/><T103/><D55/><U107/><E109/><V82/><F93/><W77/><G42/><T118/><D118/><U83/><E8/><V102/><F102/><W47/><G4/><T74/><D74/><U90/><E90/><V117/><F124/><W34/><G34/><T12/><D12/><U21/><E43/><V129/><F129/><W30/><REACH who="3" step="1"/><G94/><REACH who="3" ten="250,250,250,240" step="2"/><T76/><D37/><U35/><E35/><V97/><F117/><W108/><G108/><T25/><D76/><U67/><REACH who="1" step="1"/><E36/><REACH who="1" ten="250,240,250,240" step="2"/><V110/><F110/><W85/><G85/><T57/><D99/><U2/><AGARI ba="0,2" hai="1,2,3,21,22,61,67,70,83,84,91,98,101,107" machi="2" ten="30,8000,1" yaku="1,1,2,1,0,1,52,2,53,0" doraHai="16" doraHaiUra="41" who="1" fromWho="1" sc="250,-40,240,100,250,-20,240,-20" /><INIT seed="1,0,0,5,2,18" ten="210,340,230,220" oya="1" hai0="23,85,70,83,30,92,0,22,63,122,27,13,37" hai1="5,10,76,28,116,52,133,49,24,46,35,21,60" hai2="50,130,29,72,93,71,67,82,129,102,20,91,125" hai3="100,55,96,80,41,123,69,119,44,42,45,98,104"/><U17/><E133/><V127/><F102/><W40/><G123/><T47/><D0/><U114/><E116/><V120/><F120/><W25/><G69/><T111/><D122/><U107/><E114/><V89/><F50/><W6/><G6/><T106/><D106/><U79/><E107/><V4/><F4/><W109/><G109/><T12/><D111/><U73/><E73/><V33/><F33/><W117/><G80/><T32/><D92/><U58/><E35/><V108/><F108/><W64/><G64/><T14/><D70/><U86/><E86/><V135/><F67/><W65/><G65/><T11/><D63/><U66/><REACH who="1" step="1"/><E28/><REACH who="1" ten="210,330,230,220" step="2"/><V90/><F135/><W54/><G104/><T2/><D2/><AGARI ba="0,1" hai="2,5,10,17,21,24,46,49,52,58,60,66,76,79" machi="2" ten="30,12000,1" yaku="1,1,2,1,7,1,52,1,54,1,53,0" doraHai="18" doraHaiUra="36" who="1" fromWho="0" sc="210,-120,330,130,230,0,220,0" /><INIT seed="1,1,0,5,1,131" ten="90,460,230,220" oya="1" hai0="104,91,72,68,46,81,51,0,121,40,54,80,100" hai1="14,132,5,22,43,119,41,24,99,117,97,26,66" hai2="67,45,9,89,25,44,108,12,102,19,135,61,36" hai3="77,34,105,15,88,58,2,23,63,79,111,28,59"/><U76/><E66/><V10/><F108/><W134/><G105/><T53/><D68/><U92/><E76/><V11/><F135/><W106/><G106/><T55/><D0/><U69/><E69/><V27/><F102/><W17/><G2/><T118/><D118/><U124/><E124/><V33/><F89/><W123/><G123/><T93/><D121/><U114/><E114/><V85/><F85/><W113/><G111/><T4/><D72/><U86/><E86/><V75/><F75/><W112/><G59/><T95/><D4/><U133/><E5/><V7/><F36/><W49/><G49/><T48/><D104/><U125/><E14/><V127/><F127/><W31/><G34/><T130/><D130/><U126/><E22/><V47/><F33/><W52/><G134/><T3/><D3/><U37/><E92/><V6/><F6/><W18/><G113/><T107/><D107/><U1/><E1/><V73/><F73/><W13/><G88/><T120/><D120/><U128/><E128/><V8/><REACH who="2" step="1"/><F7/><REACH who="2" ten="90,460,220,220" step="2"/><W116/><G112/><T83/><D51/><U71/><E71/><AGARI ba="1,1" hai="8,9,10,11,12,19,25,27,44,45,47,61,67,71" machi="71" ten="40,2600,0" yaku="1,1,2,1,53,0" doraHai="131" doraHaiUra="96" who="2" fromWho="1" sc="90,0,460,-29,220,39,220,0" /><INIT seed="2,0,0,0,5,127" ten="90,431,259,220" oya="2" hai0="13,30,56,90,89,105,66,27,103,55,130,134,74" hai1="52,65,99,57,33,112,77,104,109,73,128,78,17" hai2="131,49,1,26,79,133,84,126,111,92,38,113,100" hai3="50,15,6,34,4,119,18,58,97,102,125,19,60"/><V121/><F113/><W2/><G119/><T118/><D74/><U93/><E109/><V106/><F121/><W116/><G34/><T54/><D118/><U44/><E112/><V5/><F126/><W135/><G2/><T9/><D66/><U71/><E104/><V61/><F38/><W3/><G3/><T22/><D55/><U115/><E115/><V29/><F133/><W69/><G69/><T101/><D134/><U80/><E33/><V47/><F111/><W7/><G116/><T120/><D120/><U23/><E78/><V68/><F106/><W45/><G125/><T8/><D8/><U24/><E44/><V83/><F1/><W43/><G15/><T51/><D130/><U0/><E128/><V36/><F131/><W87/><G87/><T35/><D35/><U53/><E0/><V95/><F36/><W48/><G48/><T76/><D76/><U16/><E17/><V86/><F5/><W67/><REACH who="3" step="1"/><G135/><REACH who="3" ten="90,431,259,210" step="2"/><T25/><D25/><U114/><E114/><V39/><F68/><W129/><G129/><T21/><D21/><U122/><E71/><V75/><F75/><W10/><BYE who="2" /><G10/><T94/><D105/><AGARI ba="0,1" hai="4,6,7,18,19,43,45,50,58,60,67,97,102,105" machi="105" ten="40,1300,0" yaku="1,1,53,0" doraHai="127" doraHaiUra="110" who="3" fromWho="0" sc="90,-13,431,0,259,0,210,23" /><INIT seed="3,0,0,5,5,69" ten="77,431,259,233" oya="3" hai0="134,27,113,66,52,82,62,90,6,8,47,121,23" hai1="16,122,101,84,45,42,123,9,73,112,18,68,80" hai2="4,92,119,25,77,38,60,2,50,12,111,97,17" hai3="29,35,20,22,99,34,105,40,116,1,57,131,31"/><W104/><G57/><UN n2="%74%70%64%72%6F%73" /><T109/><D121/><U125/><E112/><V37/><F119/><W135/><G40/><T129/><D113/><U0/><E73/><V81/><F111/><W46/><G46/><T11/><D109/><U32/><E32/><V126/><F126/><W128/><G99/><T110/><D110/><U118/><E68/><V93/><F25/><W41/><G41/><T91/><D134/><U120/><E125/><V86/><F60/><W65/><G65/><T19/><D82/><U74/><E118/><V83/><F50/><W102/><G102/><T13/><D8/><U132/><E132/><V95/><F97/><W36/><G116/><T85/><D129/><U114/><E114/><V70/><F70/><W61/><G61/><T67/><D91/><U48/><E101/><V55/><F55/><W39/><REACH who="3" step="1"/><G135/><REACH who="3" ten="77,431,259,223" step="2"/><T108/><D108/><U94/><E42/><V106/><F106/><W78/><G78/><T49/><D62/><U107/><E107/><V56/><F56/><W15/><G15/><T43/><REACH who="0" step="1"/><D43/><REACH who="0" ten="67,431,259,223" step="2"/><U51/><E122/><V100/><F100/><W14/><G14/><T5/><D5/><U71/><E123/><V58/><F4/><W127/><G127/><T24/><D24/><U26/><E26/><V87/><F2/><AGARI ba="0,2" hai="1,2,20,22,29,31,34,35,36,39,104,105,128,131" machi="2" ten="25,12000,1" yaku="1,1,22,2,52,2,53,0" doraHai="69" doraHaiUra="89" who="3" fromWho="2" sc="67,0,431,0,259,-120,223,140" /><INIT seed="3,1,0,5,2,32" ten="67,431,139,363" oya="3" hai0="2,54,91,51,17,109,20,87,11,110,124,12,81" hai1="16,106,108,69,125,127,29,93,99,22,86,26,62" hai2="84,118,111,21,76,30,57,73,74,6,10,97,47" hai3="131,50,28,72,39,121,123,90,43,1,14,38,0"/><W34/><G50/><T67/><D124/><N who="1" m="47691" /><E108/><V92/><F111/><W55/><G55/><T102/><D67/><N who="1" m="41207" /><E86/><V71/><F71/><W114/><G14/><T100/><D109/><U9/><E106/><V126/><F126/><W115/><G90/><T104/><D110/><U132/><E132/><V59/><F118/><W101/><G101/><T25/><D104/><U75/><E75/><V58/><F47/><N who="3" m="24055" /><G131/><T112/><D112/><N who="3" m="43049" /><G39/><T89/><D89/><N who="1" m="55727" /><E9/><V49/><F49/><W65/><G65/><T15/><D15/><U60/><E60/><V129/><F129/><W48/><G48/><T85/><D85/><U45/><E45/><V52/><F52/><W68/><G72/><T5/><REACH who="0" step="1"/><D2/><REACH who="0" ten="57,431,139,363" step="2"/><N who="3" m="1129" /><G68/><T18/><D18/><AGARI ba="1,1" hai="16,18,22,26,29" m="55727,41207,47691" machi="18" ten="30,2000,0" yaku="18,1,54,1" doraHai="32" who="1" fromWho="0" sc="57,-23,431,33,139,0,363,0" /><INIT seed="4,0,0,2,4,125" ten="34,464,139,363" oya="0" hai0="10,55,65,64,124,105,111,14,18,91,77,100,42" hai1="33,9,135,107,104,97,56,29,58,71,129,60,61" hai2="133,93,69,40,66,16,25,94,54,103,99,114,45" hai3="20,119,67,4,59,36,44,90,109,24,47,98,21"/><T81/><D124/><U127/><E127/><V15/><F114/><W35/><G119/><T85/><D111/><U49/><E49/><V108/><F108/><W130/><G35/><T12/><D42/><U27/><E129/><V6/><F133/><W2/><G2/><T95/><D105/><U113/><E107/><V79/><F79/><W30/><G4/><T117/><D100/><N who="1" m="62479" /><E61/><V82/><F82/><W37/><G37/><T32/><D32/><U112/><E9/><V7/><F54/><W110/><G36/><T70/><D70/><U115/><E135/><V57/><F69/><W78/><G21/><T80/><D117/><U86/><E86/><V72/><F72/><W3/><G3/><T13/><D80/><U62/><E62/><N who="2" m="38223" /><F25/><W102/><G110/><T131/><D131/><U1/><E1/><V68/><F68/><W92/><G130/><T48/><D64/><AGARI ba="0,0" hai="27,29,33,56,58,60,64,71,112,113,115" m="62479" machi="64" ten="30,3900,0" yaku="25,1,15,1,11,1" doraHai="125" who="1" fromWho="0" sc="34,-39,464,39,139,0,363,0" owari="-5,-51.0,503,61.0,139,-26.0,363,16.0" /></mjloggm>