<mjloggm ver="2.3"><GO type="41" lobby="0"/><UN n0="%E2%93%9D%53%75%70%68%78" n1="%4E%2D%4C%41%59%4C%41" n2="%E3%82%86%E3%81%86%E3%82%8C%E3%81%84%E3%81%84%E3%81%8B" n3="%E3%82%B9%E3%82%BF%E3%83%BC%E3%83%80%E3%82%B9%E3%83%88%E6%9C%89%E7%94%B0" dan="19,13,15,15" rate="2217.79,1907.99,1995.14,1907.70" sx="M,F,M,F"/><TAIKYOKU oya="0"/><INIT seed="0,0,0,4,1,88" ten="250,250,250,250" oya="0" hai0="3,82,13,115,111,79,70,129,94,14,95,21,53" hai1="121,67,100,85,46,5,43,92,104,10,41,4,75" hai2="132,24,29,58,107,51,9,87,84,91,28,65,63" hai3="48,99,119,52,27,26,124,35,86,131,103,101,128"/><T93/><D115/><U37/><E121/><V117/><F107/><W133/><G119/><T69/><D3/><U19/><E75/><V96/><F132/><W42/><G133/><T125/><D129/><N who="3" m="49737" /><G124/><T44/><D125/><U25/><E43/><V0/><F29/><W18/><G42/><T76/><D111/><U33/><E10/><V134/><F134/><W50/><G35/><T60/><D70/><U12/><E12/><N who="0" m="4713" /><D69/><U123/><E67/><V73/><F73/><W57/><G18/><T66/><D82/><U68/><E19/><V89/><F51/><W126/><G126/><T78/><D66/><U8/><E68/><V30/><F30/><W55/><G86/><T36/><D36/><U22/><E85/><V118/><F96/><W135/><G135/><T71/><D71/><U15/><E33/><V114/><F114/><W49/><G49/><N who="0" m="28839" /><D60/><U122/><E104/><V61/><F61/><W113/><G113/><T54/><D54/><U98/><REACH who="1" step="1"/><E4/><REACH who="1" ten="250,240,250,250" step="2"/><V34/><F117/><W74/><G74/><T11/><D21/><U45/><E45/><V2/><F118/><W90/><G26/><T62/><D62/><U108/><E108/><V83/><REACH who="2" step="1"/><F9/><AGARI ba="0,1" hai="9,11,76,78,79,93,94,95" m="28839,4713" machi="9" ten="40,12000,1" yaku="8,1,52,3" doraHai="88" who="0" fromWho="2" sc="250,130,240,0,250,-120,250,0" /><INIT seed="0,1,0,1,3,129" ten="380,240,130,250" oya="0" hai0="63,57,41,28,10,103,70,8,14,36,116,78,44" hai1="54,118,56,43,85,45,87,37,131,101,130,115,19" hai2="12,107,24,84,88,82,0,6,13,25,49,95,93" hai3="122,120,27,133,97,81,110,51,111,4,90,55,73"/><T68/><D116/><U121/><E118/><V2/><F107/><W117/><G117/><T96/><D78/><U9/><E121/><N who="3" m="46698" /><G4/><T46/><D28/><U132/><E101/><V53/><F2/><W23/><G133/><T59/><D10/><U34/><E34/><V134/><F0/><W67/><G67/><T94/><D46/><U42/><E42/><V113/><F113/><W106/><G73/><T38/><D59/><U98/><E115/><V71/><F71/><W112/><G112/><T66/><REACH who="0" step="1"/><D38/><REACH who="0" ten="370,240,130,250" step="2"/><U7/><E37/><V127/><F127/><W99/><G51/><T76/><D76/><U92/><E45/><V35/><F49/><W32/><G32/><T77/><D77/><U83/><E130/><V100/><F35/><W11/><G11/><T29/><D29/><U79/><E131/><V18/><F6/><AGARI ba="1,1" hai="6,8,14,36,41,44,57,63,66,68,70,94,96,103" machi="6" ten="30,2900,0" yaku="1,1,7,1,53,0" doraHai="129" doraHaiUra="105" who="0" fromWho="2" sc="370,42,240,0,130,-32,250,0" /><INIT seed="0,2,0,0,0,36" ten="412,240,98,250" oya="0" hai0="18,70,84,6,120,98,42,71,114,102,43,110,8" hai1="99,95,23,105,16,35,127,129,75,96,121,60,108" hai2="128,133,101,116,4,77,30,126,69,67,125,61,119" hai3="41,134,55,17,62,9,59,68,104,90,113,15,48"/><T14/><D114/><U109/><E35/><V51/><F101/><W72/><G134/><T44/><D120/><U22/><E121/><V1/><F77/><W66/><G113/><T88/><D110/><N who="1" m="42603" /><E75/><V45/><F30/><W83/><G104/><T50/><D6/><U21/><E60/><V100/><F100/><W93/><G72/><T7/><D7/><U34/><E34/><V64/><F4/><W124/><G124/><N who="2" m="47721" /><F1/><W63/><G83/><T54/><D71/><U52/><E127/><V103/><F103/><W89/><G41/><T3/><D70/><U57/><E105/><V25/><F25/><W81/><G81/><N who="0" m="49167" /><D3/><U86/><E86/><V73/><F73/><W92/><G92/><AGARI ba="2,0" hai="8,14,18,42,43,44,50,54,92,98,102" m="49167" machi="92" ten="30,12000,1" yaku="25,1,8,1,52,2,54,1" doraHai="36" who="0" fromWho="3" sc="412,126,240,0,98,0,250,-126" /><INIT seed="0,3,0,3,2,83" ten="538,240,98,124" oya="0" hai0="57,68,135,72,133,56,67,103,114,88,46,66,109" hai1="129,19,48,96,128,71,59,4,13,14,69,89,0" hai2="1,36,84,105,99,95,104,73,113,42,102,91,9" hai3="38,125,93,24,112,77,8,51,100,31,117,94,47"/><T121/><D103/><U98/><E0/><V35/><F35/><W3/><G112/><T5/><D72/><U7/><E48/><V76/><F42/><W55/><G117/><T33/><D5/><U10/><E59/><V6/><F36/><W86/><G125/><T110/><D88/><U75/><E75/><V20/><F20/><W118/><G118/><T40/><D33/><U115/><E89/><V97/><F113/><W80/><G100/><T90/><D90/><U63/><E63/><V21/><F21/><W131/><G131/><N who="1" m="50250" /><E115/><V70/><F70/><N who="1" m="26633" /><E7/><V32/><F32/><W34/><G3/><T122/><D68/><U11/><AGARI ba="3,0" hai="4,10,11,13,14,19,96,98" m="26633,50250" machi="11" ten="40,1500,0" yaku="19,1" doraHai="83" who="1" fromWho="1" sc="538,-10,240,24,98,-7,124,-7" /><INIT seed="1,0,0,4,2,55" ten="528,264,91,117" oya="1" hai0="86,73,42,44,126,46,36,123,2,124,103,0,85" hai1="1,60,131,22,135,43,90,53,125,117,25,105,6" hai2="119,9,129,45,7,34,16,121,75,122,112,110,64" hai3="99,52,59,93,81,132,30,49,72,35,40,13,84"/><U101/><E117/><V65/><F75/><W10/><G132/><T74/><D103/><U107/><E135/><V134/><F119/><W62/><G72/><T54/><D54/><U128/><E125/><V27/><F134/><W71/><G35/><T67/><D67/><U4/><E43/><V61/><F110/><W29/><G71/><T95/><D95/><U50/><E60/><V69/><F129/><N who="1" m="49737" /><E90/><V98/><F112/><W11/><G40/><T82/><D42/><U58/><E1/><V133/><F133/><W130/><G49/><T19/><D123/><U104/><E101/><V102/><F65/><W26/><G130/><T118/><D118/><U83/><E83/><V111/><F45/><W48/><G48/><T47/><D82/><U3/><E3/><V38/><F38/><W21/><G30/><AGARI ba="0,0" hai="4,6,22,25,30,50,53,58,104,105,107" m="49737" machi="30" ten="40,3900,0" yaku="19,1,52,1" doraHai="55" who="1" fromWho="3" sc="528,0,264,39,91,0,117,-39" /><INIT seed="1,1,0,0,0,19" ten="528,303,91,78" oya="1" hai0="17,128,129,90,57,105,82,14,96,31,118,8,4" hai1="46,58,85,44,23,72,45,113,134,53,15,18,77" hai2="29,125,83,24,64,81,13,130,126,16,124,111,69" hai3="59,51,101,30,122,1,2,87,75,131,63,42,120"/><U62/><E113/><V79/><F111/><W132/><G75/><T54/><D118/><U97/><E72/><V67/><F130/><N who="0" m="50282" /><D31/><U73/><E73/><N who="2" m="43247" /><F83/><W39/><G51/><N who="0" m="30943" /><D105/><U95/><E134/><V76/><F76/><W36/><G87/><N who="0" m="50551" /><D96/><U33/><E33/><N who="2" m="20647" /><F69/><W91/><G30/><T78/><D78/><U22/><E77/><V89/><F89/><W47/><G91/><T112/><D112/><U109/><E85/><V55/><F55/><W68/><G68/><T93/><D93/><U20/><REACH who="1" step="1"/><E109/><REACH who="1" ten="528,293,91,78" step="2"/><V9/><AGARI ba="1,1" hai="9,13,16,64,67,124,125,126" m="20647,43247" machi="9" ten="30,2000,0" yaku="18,1,54,1" doraHai="19" who="2" fromWho="2" sc="528,-6,293,-11,91,33,78,-6" /><INIT seed="2,0,0,1,1,70" ten="522,282,124,72" oya="2" hai0="118,33,32,105,87,84,40,63,62,2,135,8,113" hai1="0,57,83,129,17,111,44,109,75,103,127,96,101" hai2="24,90,114,85,81,93,123,49,35,50,6,23,121" hai3="133,61,80,56,27,9,112,21,58,74,16,102,11"/><V18/><F114/><W134/><G112/><T39/><D135/><U38/><E0/><V128/><F128/><W13/><G102/><T120/><D120/><U52/><E129/><V82/><F35/><W31/><G74/><T51/><D105/><U26/><E127/><V115/><F115/><W124/><G124/><T116/><D51/><U29/><E17/><V42/><F6/><W95/><G95/><T125/><D40/><N who="1" m="22551" /><E83/><V119/><F119/><W10/><G80/><T117/><D113/><U131/><E96/><V48/><F42/><W12/><G58/><T79/><D8/><N who="3" m="3177" /><G56/><T60/><D2/><U66/><E66/><V91/><REACH who="2" step="1"/><F82/><REACH who="2" ten="522,282,114,72" step="2"/><W86/><G86/><AGARI ba="0,1" hai="18,23,24,48,49,50,81,85,86,90,91,93,121,123" machi="86" ten="40,7700,0" yaku="1,1,2,1,53,1" doraHai="70" doraHaiUra="78" who="2" fromWho="3" sc="522,0,282,0,114,87,72,-77" owari="522,63.0,282,8.0,201,-20.0,-5,-51.0" /></mjloggm>