<mjloggm ver="2.3"><GO type="41" lobby="0"/><UN n0="%31%30%34%37%30%30" n1="%E2%93%9D%53%75%70%68%78" n2="%77%65%73%74%36%30%32" n3="%61%72%6D%65%64" dan="14,19,14,15" rate="1978.86,2182.62,1969.23,2016.77" sx="M,M,F,M"/><TAIKYOKU oya="0"/><INIT seed="0,0,0,3,2,53" ten="250,250,250,250" oya="0" hai0="61,32,28,50,5,19,27,99,101,16,76,45,89" hai1="52,14,31,47,75,24,10,3,81,125,132,71,80" hai2="105,41,49,85,22,134,87,2,112,113,100,108,68" hai3="92,25,78,36,35,116,91,133,21,63,23,129,42"/><T128/><D128/><U65/><E3/><V48/><F2/><W111/><G116/><T13/><D76/><U12/><E132/><V55/><F68/><W88/><G129/><T115/><D115/><U56/><E125/><V17/><F134/><W39/><G133/><T62/><D89/><U29/><E71/><V118/><F118/><W33/><G78/><T123/><D5/><U95/><E75/><V86/><F108/><W127/><G111/><T44/><D123/><U90/><E47/><V130/><F130/><W83/><G83/><N who="1" m="31818" /><E65/><V117/><F117/><W40/><G92/><T51/><D44/><U121/><E24/><V84/><F41/><W4/><G25/><T79/><D79/><U60/><E121/><V82/><F82/><W66/><G66/><T59/><D61/><U93/><E14/><V38/><F38/><W131/><G131/><T102/><D102/><U77/><E95/><V9/><F9/><W54/><G54/><T120/><D120/><U122/><E122/><V34/><F34/><W97/><G63/><T69/><D69/><U0/><E0/><V57/><N who="2" m="21504" /><DORA hai="26" /><V70/><F49/><N who="0" m="18442" /><D45/><U37/><E37/><V1/><F1/><W30/><G4/><T119/><D13/><U107/><E107/><V58/><F70/><W74/><G74/><T94/><D119/><U6/><E77/><V104/><F58/><W110/><G110/><T73/><D73/><U135/><E135/><V18/><F105/><W96/><G127/><T11/><D11/><U126/><E126/><V20/><F104/><W106/><G106/><T98/><D98/><AGARI ba="0,0" hai="6,10,12,29,31,52,56,60,90,93,98" m="31818" machi="98" ten="30,12000,2" yaku="6,1,8,1,52,3,54,1" doraHai="53,26" who="1" fromWho="0" sc="250,-120,250,120,250,0,250,0" /><INIT seed="1,0,0,1,2,113" ten="130,370,250,250" oya="1" hai0="23,80,19,57,28,107,128,62,1,49,10,52,40" hai1="30,134,46,118,20,64,129,91,35,92,126,11,105" hai2="76,27,8,102,133,85,130,125,51,7,127,131,54" hai3="2,109,71,58,43,36,100,74,42,87,93,78,26"/><U68/><E126/><N who="2" m="48139" /><F102/><W31/><G71/><T111/><D111/><U123/><E129/><N who="2" m="49163" /><F85/><W119/><G2/><T66/><D128/><U59/><E134/><V15/><F76/><W79/><G74/><T75/><D107/><U97/><E123/><V14/><F27/><W101/><G36/><T106/><D106/><U84/><E35/><V16/><F54/><W3/><G3/><T55/><D28/><U39/><E30/><V34/><F51/><W114/><G114/><T47/><D10/><U53/><E11/><N who="2" m="4479" /><F34/><W135/><G101/><T45/><D1/><U17/><E84/><V41/><F41/><W83/><G79/><T122/><D122/><U63/><E105/><V124/><N who="2" m="48147" /><V65/><DORA hai="67" /><F65/><W38/><G43/><T13/><D45/><U95/><E46/><V22/><F22/><W5/><G42/><T116/><D75/><U103/><E103/><V18/><F18/><W9/><G100/><T73/><D73/><U69/><E64/><V70/><F70/><W0/><G87/><T56/><D80/><U21/><E69/><V88/><F88/><W132/><G83/><T6/><D6/><U98/><E68/><V50/><F50/><W60/><G78/><T81/><D81/><U37/><E21/><V89/><F89/><W77/><G77/><T82/><D82/><U61/><E91/><V115/><F115/><W44/><G26/><T86/><D86/><U117/><E20/><V90/><F90/><W96/><G44/><T94/><D66/><U108/><E17/><V4/><F4/><W104/><G5/><T121/><D19/><RYUUKYOKU ba="0,0" sc="130,-10,370,-10,250,30,250,-10" hai2="8,15,16,133" /><INIT seed="2,1,0,1,2,24" ten="120,360,280,240" oya="2" hai0="77,9,15,109,45,47,122,123,14,33,38,62,30" hai1="22,130,89,44,35,48,0,117,102,84,66,70,120" hai2="106,95,85,52,81,73,26,4,49,37,80,64,67" hai3="18,5,63,57,25,53,8,101,133,91,61,98,20"/><V131/><F37/><W29/><G133/><T82/><D109/><U68/><E0/><V32/><F73/><W126/><G126/><T86/><D62/><U42/><E35/><V119/><F106/><W72/><G72/><T114/><D114/><U6/><E6/><V59/><F119/><W135/><G135/><T43/><D47/><U28/><E130/><V96/><F131/><W99/><G63/><T2/><D2/><U121/><E102/><V40/><F4/><W94/><G99/><T10/><D10/><U83/><E66/><V111/><F40/><W54/><G91/><T55/><D55/><U65/><E65/><V11/><F11/><W36/><G36/><T60/><D60/><U88/><E89/><V17/><F111/><W105/><G105/><T39/><D39/><U100/><E100/><V112/><F112/><W87/><G87/><T103/><D103/><U16/><E28/><V31/><F17/><W132/><G132/><T27/><REACH who="0" step="1"/><D14/><REACH who="0" ten="110,360,280,240" step="2"/><N who="1" m="9495" /><E117/><V127/><F127/><W78/><G54/><T12/><D12/><U75/><E121/><V116/><F116/><W125/><G125/><T93/><D93/><U46/><E120/><V50/><F50/><W92/><G92/><T113/><D113/><U1/><E1/><V79/><REACH who="2" step="1"/><F81/><REACH who="2" ten="110,360,270,240" step="2"/><W13/><REACH who="3" step="1"/><G78/><REACH who="3" ten="110,360,270,230" step="2"/><T90/><D90/><AGARI ba="1,3" hai="26,31,32,49,52,59,64,67,79,80,85,90,95,96" machi="90" ten="30,12000,1" yaku="1,1,2,1,7,1,52,1,54,1,53,0" doraHai="24" doraHaiUra="128" who="2" fromWho="0" sc="110,-123,360,0,270,153,230,0" owari="-13,-51.0,360,16.0,423,52.0,230,-17.0" /></mjloggm>