<mjloggm ver="2.3"><GO type="41" lobby="0"/><UN n0="%61%67%6C%65%74" n1="%E2%93%9D%53%75%70%68%78" n2="%E7%A9%B6%E6%A5%B5%56%E3%83%A2%E3%83%B3%E3%82%AD%E3%83%BC" n3="%E3%83%AC%E3%82%A4%E3%83%AF" dan="15,19,15,15" rate="2064.58,2194.29,2089.24,1959.15" sx="M,M,M,M"/><TAIKYOKU oya="0"/><INIT seed="0,0,0,1,5,0" ten="250,250,250,250" oya="0" hai0="112,103,23,135,57,52,84,121,41,26,117,90,56" hai1="76,123,28,128,17,42,14,5,70,50,131,133,10" hai2="107,54,3,33,32,130,2,36,85,49,48,116,80" hai3="29,15,9,60,68,47,106,31,64,115,66,113,8"/><T24/><D121/><U58/><E70/><V105/><F36/><W87/><G106/><T127/><D117/><U59/><E123/><V25/><F130/><N who="1" m="49705" /><E28/><V4/><F116/><W124/><G124/><T77/><D127/><U34/><E34/><V125/><F125/><W30/><G66/><T67/><D112/><U38/><E38/><V104/><F25/><W82/><G47/><T27/><D135/><U93/><E76/><V97/><F97/><W35/><G35/><T44/><D77/><U119/><E119/><V75/><F75/><W102/><G102/><T109/><D109/><U89/><E17/><V129/><F48/><W111/><G111/><T86/><D103/><U39/><E39/><V96/><F96/><W11/><REACH who="3" step="1"/><G15/><REACH who="3" ten="250,250,250,240" step="2"/><T20/><D67/><U110/><E110/><V18/><F3/><W78/><AGARI ba="0,1" hai="8,9,11,29,30,31,60,64,68,78,82,87,113,115" machi="78" ten="30,4000,0" yaku="1,1,2,1,0,1,53,0" doraHai="0" doraHaiUra="100" who="3" fromWho="3" sc="250,-20,250,-10,250,-10,240,50" /><INIT seed="1,0,0,0,3,128" ten="230,240,240,290" oya="1" hai0="21,123,85,76,14,116,106,57,97,90,118,81,134" hai1="127,46,12,122,22,117,83,43,2,108,80,96,100" hai2="27,110,36,75,66,107,84,31,72,59,98,40,19" hai3="26,29,125,18,115,65,93,28,38,92,48,132,42"/><U24/><E117/><V86/><F110/><W103/><G115/><T32/><D32/><U37/><E122/><V112/><F112/><W53/><G125/><T20/><D123/><U119/><E2/><V45/><F19/><W62/><G38/><T133/><D57/><U17/><E119/><V60/><F84/><W0/><G42/><T39/><D39/><U54/><E127/><V63/><F86/><W102/><G0/><T4/><D116/><U114/><E114/><V3/><F3/><W47/><G18/><T135/><D118/><U99/><E99/><V87/><F87/><W71/><G26/><T89/><D21/><U61/><E108/><V131/><F131/><W105/><G105/><T121/><D121/><U88/><E12/><V9/><F9/><W51/><G48/><T11/><D20/><U82/><E100/><AGARI ba="0,0" hai="4,11,14,76,81,85,89,90,97,100,106,133,134,135" machi="100" ten="40,8000,1" yaku="20,1,52,3" doraHai="128" who="0" fromWho="1" sc="230,80,240,-80,240,0,290,0" /><INIT seed="2,0,0,3,3,55" ten="310,160,240,290" oya="2" hai0="28,29,70,39,86,124,125,41,5,48,50,126,42" hai1="26,95,44,21,51,10,85,67,120,32,45,83,74" hai2="6,102,19,114,106,63,66,16,11,76,101,112,111" hai3="20,53,72,135,79,59,12,65,84,54,94,46,68"/><V60/><F76/><W88/><G135/><T134/><D134/><U27/><E74/><V121/><F121/><W73/><G68/><T115/><D70/><U81/><E32/><V105/><F111/><W24/><G12/><T130/><D130/><U18/><E120/><V116/><F11/><W64/><G46/><T62/><D115/><U92/><E67/><V13/><F13/><W75/><G79/><T82/><D5/><U104/><E104/><V132/><F132/><W77/><G77/><N who="0" m="46415" /><D62/><N who="2" m="23594" /><F6/><W71/><G71/><T52/><D39/><U109/><E109/><V23/><F23/><W69/><G69/><T128/><D128/><U78/><E83/><V14/><F14/><W56/><G65/><T97/><D97/><U30/><E10/><V49/><F66/><W99/><G64/><T37/><D37/><U123/><E123/><V15/><F15/><W34/><G34/><T89/><D89/><U7/><E7/><V96/><F96/><W4/><G99/><T113/><D113/><N who="2" m="43626" /><F49/><N who="0" m="19050" /><D52/><U122/><E122/><V131/><F131/><W117/><G4/><T3/><D3/><U103/><E45/><V8/><F8/><W38/><G38/><T87/><D87/><U93/><E44/><V22/><F22/><W33/><G20/><T17/><D17/><N who="2" m="6730" /><F116/><W47/><G117/><T40/><AGARI ba="0,0" hai="28,29,40,41,42,124,125,126" m="19050,46415" machi="40" ten="40,1500,0" yaku="18,1" doraHai="55" who="0" fromWho="0" sc="310,15,160,-4,240,-7,290,-4" /><INIT seed="3,0,0,3,0,56" ten="325,156,233,286" oya="3" hai0="130,51,61,47,5,99,107,112,18,66,118,28,94" hai1="3,120,63,10,4,75,116,27,24,22,96,83,93" hai2="50,102,73,8,126,105,113,12,11,88,35,44,46" hai3="65,26,77,109,123,37,62,114,98,92,57,71,89"/><W134/><G123/><T124/><D118/><U0/><E120/><V135/><F113/><W91/><G114/><T64/><D112/><U21/><E116/><V25/><F126/><W76/><G134/><T58/><D124/><U52/><E75/><V67/><F73/><W131/><G131/><T40/><D130/><U14/><E83/><V6/><F135/><W23/><G109/><T41/><D107/><U30/><E93/><V100/><F67/><W72/><G37/><T82/><D28/><U70/><E96/><V16/><F46/><W74/><G71/><T133/><D133/><U122/><E122/><V48/><F50/><W125/><G125/><T33/><D33/><U42/><E42/><V111/><F105/><W32/><G32/><T49/><D5/><U31/><REACH who="1" step="1"/><E52/><REACH who="1" ten="325,146,233,286" step="2"/><N who="2" m="29703" /><F111/><W45/><G74/><T7/><D82/><U17/><E17/><V60/><F35/><W79/><G72/><T55/><D18/><U53/><E53/><V95/><F60/><W84/><G62/><T119/><D119/><U104/><E104/><V85/><F8/><W101/><G98/><T90/><D7/><U117/><E117/><V81/><F81/><W106/><G92/><T59/><D59/><U69/><E69/><V129/><F129/><W86/><G57/><T110/><D110/><U97/><E97/><V115/><F115/><W15/><G106/><T103/><D103/><U87/><E87/><V43/><F43/><W127/><G101/><T68/><D68/><U19/><E19/><V80/><F80/><W38/><G86/><T29/><D29/><U132/><E132/><RYUUKYOKU ba="0,1" sc="325,10,146,10,233,10,286,-30" hai0="40,41,47,49,51,55,58,61,64,66,90,94,99" hai1="0,3,4,10,14,21,22,24,27,30,31,63,70" hai2="6,11,12,16,25,85,88,95,100,102" /><INIT seed="4,1,1,1,1,73" ten="335,156,243,256" oya="0" hai0="49,28,135,131,102,15,18,124,108,52,68,48,37" hai1="65,26,22,19,130,117,115,87,60,58,35,90,112" hai2="9,133,129,110,134,56,3,11,14,51,6,36,82" hai3="119,53,66,38,111,100,23,29,63,24,85,42,91"/><T10/><D135/><N who="2" m="51722" /><F110/><W107/><G119/><T1/><D108/><U98/><E117/><V89/><F36/><W83/><G111/><T74/><D37/><U84/><E35/><V76/><F129/><W31/><G38/><T34/><D131/><U40/><E130/><V94/><F56/><W39/><G39/><T44/><D124/><U71/><E40/><V61/><F51/><W67/><G42/><T80/><D68/><U120/><E120/><V77/><F82/><W105/><G31/><T50/><D1/><U7/><E7/><N who="2" m="1279" /><F61/><W109/><G63/><T20/><D34/><U97/><E71/><V125/><F125/><W8/><G109/><T127/><D127/><U57/><E57/><V128/><F128/><W81/><G81/><T69/><D69/><U30/><E30/><V132/><N who="2" m="51730" /><V41/><DORA hai="16" /><F41/><W21/><G29/><T113/><D113/><N who="1" m="43595" /><E87/><AGARI ba="1,1" hai="6,11,14,76,77,87,89,94" m="1279,51730" machi="87" ten="40,5200,0" yaku="20,1,52,2" doraHai="73,16" who="2" fromWho="1" sc="335,0,156,-55,243,65,256,0" /><INIT seed="5,0,0,3,3,102" ten="335,101,308,256" oya="1" hai0="37,122,14,101,129,64,80,35,59,78,119,77,58" hai1="79,27,65,106,19,132,11,1,23,17,95,8,118" hai2="86,30,103,85,13,31,61,26,105,72,6,87,135" hai3="89,112,41,75,32,12,28,53,69,25,130,15,44"/><U42/><E118/><V22/><F135/><W93/><G112/><T43/><D119/><U63/><E132/><V0/><F72/><W133/><G133/><T94/><D122/><U91/><E79/><V111/><F111/><W74/><G130/><T36/><D129/><U57/><E1/><V99/><F0/><W96/><G69/><T116/><D116/><U50/><E106/><V110/><F110/><W104/><G104/><T100/><D35/><U60/><E60/><V67/><F30/><W56/><G74/><T33/><D33/><U29/><E42/><V38/><F38/><W113/><G75/><T115/><D115/><U131/><E131/><V128/><F128/><W117/><G113/><T114/><D114/><U9/><REACH who="1" step="1"/><E50/><REACH who="1" ten="335,91,308,256" step="2"/><V124/><F124/><W82/><G117/><T88/><D43/><U62/><E62/><V48/><F48/><W81/><G41/><T55/><D78/><U16/><E16/><V68/><F6/><W120/><G120/><T20/><D37/><U121/><E121/><V47/><F47/><W39/><G44/><T49/><D36/><U71/><E71/><V34/><F13/><W109/><G39/><T7/><D77/><U134/><E134/><V18/><F18/><W107/><G12/><T46/><D14/><U40/><E40/><V24/><F24/><W108/><G15/><T126/><D126/><U2/><E2/><V21/><AGARI ba="0,1" hai="21,22,26,31,34,61,67,68,85,86,87,99,103,105" machi="21" ten="30,7900,0" yaku="0,1,25,2,52,1" doraHai="102" who="2" fromWho="2" sc="335,-20,91,-39,308,89,256,-20" /><INIT seed="6,0,0,2,0,135" ten="315,52,397,236" oya="2" hai0="108,112,91,10,90,78,52,124,61,47,25,118,81" hai1="31,127,99,8,95,7,71,6,22,54,83,34,17" hai2="37,122,65,75,59,53,62,80,117,20,41,88,43" hai3="40,18,87,14,106,116,11,130,16,42,86,60,35"/><V68/><F117/><W46/><G116/><T119/><D124/><U45/><E71/><V50/><F122/><W85/><G130/><T76/><D112/><U5/><E83/><V38/><F75/><W30/><G106/><T114/><D114/><U96/><E96/><V128/><F20/><W131/><G131/><T94/><D108/><U55/><E34/><V93/><F80/><W111/><G111/><T3/><D3/><U129/><E129/><V101/><F101/><W102/><G102/><T82/><D118/><U77/><E77/><V13/><F13/><W0/><G0/><T57/><D119/><U113/><E113/><V9/><F9/><W49/><G60/><T26/><D47/><U19/><E31/><V125/><F125/><W24/><REACH who="3" step="1"/><G18/><REACH who="3" ten="315,52,397,226" step="2"/><T134/><D134/><U1/><E19/><V123/><F128/><W100/><G100/><T79/><D91/><U36/><E127/><V66/><F88/><W89/><G89/><T67/><D67/><U51/><E1/><V39/><F123/><W107/><G107/><T121/><D121/><U48/><E8/><V132/><F132/><W103/><G103/><T29/><D29/><U84/><E17/><V126/><F126/><W72/><G72/><T15/><D10/><U2/><E2/><V69/><F93/><W12/><G12/><T105/><D15/><U104/><E104/><V115/><F115/><W97/><G97/><N who="0" m="57559" /><D105/><U28/><E99/><V92/><F92/><W133/><G133/><T4/><D4/><U70/><E7/><V63/><AGARI ba="0,1" hai="37,38,39,41,43,50,53,59,62,63,65,66,68,69" machi="63" ten="40,24000,3" yaku="0,1,9,1,35,6" doraHai="135" who="2" fromWho="2" sc="315,-80,52,-80,397,250,226,-80" owari="235,4.0,-28,-53.0,647,74.0,146,-25.0" /></mjloggm>