<mjloggm ver="2.3"><GO type="41" lobby="0"/><UN n0="%E5%A7%89%E5%A6%B9%E3%82%AD%E3%82%B9" n1="%62%6C%6F%77%69%6E" n2="%E2%93%9D%53%75%70%68%78" n3="%4D%4F%47%57%41%49" dan="14,15,19,15" rate="1931.18,2022.08,2188.25,1980.84" sx="F,M,M,M"/><TAIKYOKU oya="0"/><INIT seed="0,0,0,3,0,129" ten="250,250,250,250" oya="0" hai0="63,21,132,62,2,44,118,131,30,81,91,72,106" hai1="19,66,78,38,105,8,101,89,42,76,114,46,14" hai2="57,92,70,41,87,120,121,99,135,50,15,88,36" hai3="60,61,6,18,122,71,84,93,95,124,27,73,10"/><T32/><D118/><U40/><E114/><V52/><F70/><W90/><G73/><T112/><D112/><U9/><E42/><V128/><F128/><W29/><G124/><T49/><D131/><U33/><E33/><V98/><F135/><W51/><G122/><T85/><D32/><U134/><E134/><V3/><F3/><W58/><G18/><T24/><D132/><U35/><E35/><V12/><F121/><W39/><G39/><T53/><D106/><U96/><E66/><V82/><F120/><W97/><G71/><T25/><D2/><U48/><E38/><V5/><F5/><W23/><G58/><T115/><D115/><U26/><E26/><V130/><F130/><W77/><G51/><T80/><REACH who="0" step="1"/><D25/><REACH who="0" ten="240,250,250,250" step="2"/><U16/><E105/><V59/><F15/><N who="3" m="5591" /><G77/><AGARI ba="0,1" hai="21,24,30,44,49,53,62,63,72,77,80,81,85,91" machi="77" ten="40,2000,0" yaku="1,1,53,0" doraHai="129" doraHaiUra="68" who="0" fromWho="3" sc="240,30,250,0,250,0,250,-20" /><INIT seed="0,1,0,1,2,22" ten="270,250,250,230" oya="0" hai0="46,112,73,40,17,83,12,58,95,82,48,63,74" hai1="123,9,27,56,7,121,42,0,59,66,51,44,29" hai2="2,52,4,61,70,119,49,13,98,20,26,21,105" hai3="88,107,126,28,64,69,50,65,18,122,25,129,114"/><T109/><D112/><U133/><E133/><V37/><F37/><W96/><G114/><T34/><D34/><U71/><E71/><V54/><F2/><W101/><G129/><T94/><D109/><U16/><E16/><N who="2" m="12551" /><F105/><W68/><G126/><T117/><D117/><U24/><E66/><V75/><F75/><W118/><G118/><T14/><D74/><U85/><E85/><V77/><F70/><W23/><G122/><T106/><D106/><U35/><REACH who="1" step="1"/><E27/><REACH who="1" ten="270,240,250,230" step="2"/><V81/><F119/><W115/><G69/><T5/><D73/><U108/><E108/><V84/><F98/><W132/><G65/><N who="0" m="39159" /><D82/><U90/><E90/><V116/><F116/><W62/><G132/><T102/><D83/><U99/><E99/><V10/><F61/><W125/><G115/><T67/><D67/><U36/><E36/><V128/><F128/><W6/><G88/><T15/><D102/><U30/><E30/><V3/><F84/><W47/><G125/><T41/><D5/><U93/><E93/><N who="0" m="35337" /><D41/><U113/><E113/><V78/><F81/><W134/><G134/><T91/><D91/><U43/><E43/><V76/><F76/><W124/><G124/><T111/><D111/><U32/><E32/><V55/><F78/><W11/><G28/><T92/><D92/><U135/><E135/><V120/><F77/><W80/><G80/><T89/><D89/><U8/><E8/><AGARI ba="1,1" hai="8,12,14,15,17,40,46,48" m="35337,39159" machi="8" ten="30,1500,0" yaku="8,1" doraHai="22" who="0" fromWho="1" sc="270,28,240,-18,250,0,230,0" /><INIT seed="0,2,0,1,3,10" ten="298,222,250,230" oya="0" hai0="131,74,96,44,128,46,41,115,80,101,42,33,9" hai1="5,86,15,43,83,50,72,2,20,45,103,79,63" hai2="62,36,99,8,52,54,108,35,120,71,119,14,16" hai3="32,76,105,57,95,90,7,129,29,84,104,116,111"/><T121/><D33/><U22/><E2/><V39/><F120/><W77/><G111/><T11/><D121/><U28/><E72/><V6/><F35/><W13/><G116/><T130/><D115/><U47/><E103/><V23/><F108/><W127/><G127/><T37/><D74/><U18/><E5/><V107/><F119/><W60/><G129/><T85/><D85/><U89/><E63/><V56/><F71/><W1/><G1/><T94/><REACH who="0" step="1"/><D80/><REACH who="0" ten="288,222,250,230" step="2"/><U134/><E134/><V49/><F99/><W78/><G32/><T110/><D110/><U48/><E28/><V0/><REACH who="2" step="1"/><F107/><REACH who="2" ten="288,222,240,230" step="2"/><W132/><G105/><T106/><D106/><U102/><E102/><V92/><F92/><W70/><G104/><T68/><D68/><U55/><REACH who="1" step="1"/><E79/><REACH who="1" ten="288,212,240,230" step="2"/><V21/><F21/><AGARI ba="2,3" hai="15,18,20,21,22,43,45,47,48,50,55,83,86,89" machi="21" ten="30,8000,1" yaku="1,1,2,1,7,1,8,1,52,1,53,0" doraHai="10" doraHaiUra="27" who="1" fromWho="2" sc="288,0,212,116,240,-86,230,0" /><INIT seed="1,0,0,2,2,104" ten="288,328,154,230" oya="1" hai0="70,15,80,5,59,125,58,65,47,103,27,36,29" hai1="118,72,37,109,89,96,127,122,2,133,88,39,77" hai2="117,75,84,8,28,98,50,30,97,48,3,73,74" hai3="105,110,54,40,129,53,92,12,38,62,45,11,4"/><U101/><E2/><V25/><F117/><W31/><G110/><T33/><D125/><U61/><E118/><V10/><F84/><W93/><G105/><T76/><D103/><U132/><E127/><V63/><F63/><W7/><G129/><T115/><D115/><U81/><E109/><V116/><F116/><W22/><G4/><T106/><D106/><N who="1" m="63783" /><E122/><V26/><REACH who="2" step="1"/><F75/><REACH who="2" ten="288,328,144,230" step="2"/><W108/><G62/><T87/><D87/><U13/><E61/><V131/><F131/><W94/><G108/><T43/><D70/><U112/><E112/><V123/><F123/><W35/><G35/><T14/><D65/><U34/><E34/><V42/><F42/><W128/><G128/><T99/><D33/><U124/><E124/><V86/><F86/><W107/><G107/><T17/><D99/><U85/><E85/><V56/><F56/><W135/><G135/><N who="1" m="51786" /><E13/><V20/><F20/><W78/><G78/><T51/><D76/><U18/><E18/><V49/><F49/><W71/><G71/><T91/><D51/><U64/><E64/><V67/><F67/><W69/><G69/><T55/><D43/><U111/><E111/><V130/><F130/><W57/><G57/><T6/><D17/><U46/><E46/><V24/><F24/><W82/><G82/><T119/><D80/><U44/><E44/><V32/><F32/><W16/><REACH who="3" step="1"/><G31/><REACH who="3" ten="288,328,144,220" step="2"/><T126/><D29/><U79/><E77/><V95/><F95/><W100/><G100/><T68/><D68/><U1/><E79/><V52/><F52/><W134/><G134/><T23/><D55/><U102/><E81/><RYUUKYOKU ba="0,2" sc="288,-15,328,-15,144,15,220,15" hai2="3,8,10,25,26,28,30,48,50,73,74,97,98" hai3="7,11,12,16,22,38,40,45,53,54,92,93,94" /><INIT seed="2,1,2,3,2,71" ten="273,313,159,235" oya="2" hai0="45,131,119,103,81,51,68,94,118,32,90,61,105" hai1="36,59,95,128,92,133,110,129,54,115,77,79,46" hai2="14,33,78,75,96,106,58,87,9,114,42,18,25" hai3="5,44,15,127,102,10,39,31,26,89,49,2,43"/><V1/><F114/><W100/><G127/><T93/><D131/><N who="1" m="50251" /><E115/><V62/><F75/><W57/><G2/><T108/><D32/><U85/><E110/><V112/><F112/><W38/><G89/><T132/><D108/><U52/><E133/><V76/><F1/><W13/><G13/><T30/><D132/><U107/><E107/><V72/><F72/><W48/><G48/><T122/><D122/><U16/><E16/><V116/><F116/><N who="0" m="44586" /><D30/><U17/><E17/><V12/><F12/><W126/><G126/><T64/><D103/><U41/><E54/><V21/><F33/><W56/><G100/><T80/><D105/><U120/><E120/><V28/><F42/><W101/><G101/><T19/><D19/><U66/><E66/><V117/><F117/><W135/><G102/><T113/><D113/><U69/><E69/><V3/><F106/><W123/><G123/><T98/><D93/><N who="1" m="35915" /><E85/><V22/><F87/><W97/><G97/><T8/><D8/><U109/><E109/><V4/><REACH who="2" step="1"/><F96/><REACH who="2" ten="273,313,149,235" step="2"/><W35/><REACH who="3" step="1"/><G135/><REACH who="3" ten="273,313,149,225" step="2"/><T20/><D20/><U111/><E111/><V24/><F24/><W88/><G88/><T73/><D73/><U53/><E79/><V84/><F84/><W60/><G60/><T65/><D65/><AGARI ba="1,4" hai="3,4,9,14,18,21,22,25,28,58,62,65,76,78" machi="65" ten="30,2900,0" yaku="1,1,7,1,53,0" doraHai="71" doraHaiUra="50" who="2" fromWho="0" sc="273,-32,313,0,149,72,225,0" /><INIT seed="2,2,0,2,5,71" ten="241,313,221,225" oya="2" hai0="13,72,30,60,110,120,20,27,14,31,46,96,101" hai1="106,98,134,39,36,18,63,126,133,37,65,108,97" hai2="28,9,11,4,90,26,52,8,53,117,99,84,2" hai3="112,129,54,78,45,73,29,68,3,95,81,58,55"/><V51/><F117/><W82/><G129/><T7/><D120/><U32/><E108/><V100/><F53/><W56/><G68/><T50/><D110/><U77/><E32/><V116/><F116/><W127/><G127/><T88/><D72/><U35/><E35/><V83/><F26/><W89/><G3/><T94/><D60/><U67/><E126/><V61/><F28/><W114/><G29/><T128/><D128/><U115/><E115/><N who="3" m="44074" /><G82/><T42/><D31/><U59/><E77/><V130/><F61/><W44/><G58/><T1/><REACH who="0" step="1"/><D101/><REACH who="0" ten="231,313,221,225" step="2"/><U24/><E67/><V34/><F130/><W16/><G73/><T121/><D121/><U0/><E0/><V12/><F2/><W113/><G113/><T122/><D122/><U21/><E106/><V25/><F34/><W91/><G78/><T123/><D123/><U47/><E47/><V57/><REACH who="2" step="1"/><F25/><REACH who="2" ten="231,313,211,225" step="2"/><W87/><G55/><T6/><D6/><U105/><E24/><V111/><F111/><W118/><G118/><T33/><D33/><U22/><E63/><V15/><F15/><W49/><G16/><T104/><D104/><AGARI ba="2,2" hai="4,8,9,11,12,51,52,57,83,84,90,99,100,104" machi="104" ten="30,5800,0" yaku="1,1,7,1,54,1,53,0" doraHai="71" doraHaiUra="38" who="2" fromWho="0" sc="231,-64,313,0,211,84,225,0" /><INIT seed="2,3,0,1,5,7" ten="167,313,295,225" oya="2" hai0="30,133,48,20,116,29,104,113,59,132,74,119,43" hai1="21,17,51,6,5,125,78,54,15,88,128,98,9" hai2="106,27,40,1,115,3,11,46,85,111,28,19,112" hai3="79,75,76,18,32,35,122,105,10,14,69,72,57"/><V124/><F106/><W81/><G122/><T50/><D104/><U135/><E128/><V44/><F85/><W123/><G123/><T127/><D74/><U25/><E135/><N who="0" m="51785" /><D113/><U99/><E125/><V120/><F120/><W87/><G69/><T82/><D59/><N who="1" m="33247" /><E78/><V26/><F40/><W83/><G105/><T34/><D20/><U109/><E109/><V0/><F46/><W2/><G2/><N who="2" m="521" /><F44/><W12/><G87/><T126/><D43/><U39/><E39/><V64/><F64/><W101/><G101/><T45/><D45/><U107/><E107/><V134/><F134/><W67/><G67/><T102/><D34/><U91/><E5/><N who="2" m="1447" /><F124/><N who="0" m="47658" /><D102/><U68/><E68/><V84/><F111/><W53/><G14/><T62/><D62/><AGARI ba="3,0" hai="10,12,18,32,35,53,57,62,72,75,76,79,81,83" machi="62" ten="30,3900,0" yaku="7,1,9,1,52,1" doraHai="7" who="3" fromWho="0" sc="167,-48,313,0,295,0,225,48" /><INIT seed="3,0,0,1,1,15" ten="119,313,295,273" oya="3" hai0="26,30,73,123,125,47,94,18,91,10,8,108,79" hai1="132,44,84,78,127,29,25,122,128,109,28,114,92" hai2="2,61,50,96,83,107,21,49,13,66,82,102,4" hai3="27,3,88,35,0,135,68,101,113,106,22,54,37"/><W77/><G113/><T39/><D123/><U118/><E114/><V14/><F2/><W99/><G37/><T63/><D108/><U133/><E122/><V85/><F83/><W57/><G135/><T5/><D125/><U52/><E109/><V72/><F72/><W1/><G68/><T19/><D73/><U23/><E127/><V93/><F107/><W62/><G77/><T126/><D126/><U6/><E128/><V110/><F14/><W121/><G121/><T9/><D79/><U55/><E118/><V42/><F42/><W36/><G36/><T32/><D63/><U7/><E29/><V81/><F81/><W86/><G35/><T95/><D5/><N who="1" m="1547" /><E44/><V59/><F110/><W43/><G43/><T41/><REACH who="0" step="1"/><D95/><REACH who="0" ten="109,313,295,273" step="2"/><U98/><E78/><N who="2" m="46295" /><F4/><W64/><G64/><T46/><D46/><U105/><E105/><V11/><F11/><W87/><G3/><T56/><D56/><U51/><E133/><V97/><F59/><W48/><G62/><T71/><D71/><U90/><E132/><V40/><F61/><W17/><REACH who="3" step="1"/><G86/><AGARI ba="0,1" hai="8,9,10,18,19,26,30,32,39,41,47,86,91,94" machi="86" ten="40,5200,0" yaku="1,1,52,2,53,0" doraHai="15" doraHaiUra="34" who="0" fromWho="3" sc="109,62,313,0,295,0,273,-52" /><INIT seed="4,0,0,4,5,126" ten="171,313,295,221" oya="0" hai0="133,114,9,51,72,80,77,101,24,56,62,99,27" hai1="4,112,92,83,116,86,87,129,78,81,60,40,18" hai2="98,22,42,94,89,128,44,54,37,8,113,110,84" hai3="88,28,123,105,134,41,76,11,100,58,97,25,23"/><T90/><D114/><U43/><E129/><V48/><F110/><W46/><G134/><T63/><D133/><U5/><E112/><V55/><F113/><W47/><G123/><T17/><D90/><N who="1" m="51535" /><E116/><V124/><F124/><W59/><G76/><T119/><D119/><U130/><E130/><V6/><F128/><W107/><G107/><T120/><D120/><U106/><E106/><V82/><F22/><W131/><G131/><T32/><D51/><U115/><E115/><V20/><F20/><W30/><G11/><T12/><D32/><U135/><E135/><V39/><F39/><W15/><G15/><T10/><D9/><U96/><E18/><V21/><F21/><W38/><G30/><T29/><D29/><U64/><E64/><V7/><F37/><W53/><G47/><T2/><D2/><U0/><E60/><V93/><F93/><W125/><G125/><T95/><REACH who="0" step="1"/><D63/><REACH who="0" ten="161,313,295,221" step="2"/><U33/><E33/><V66/><F8/><W121/><G121/><T117/><D117/><U57/><E0/><V68/><F89/><W118/><G118/><T79/><D79/><U36/><E36/><V69/><F48/><W122/><G122/><T65/><AGARI ba="0,1" hai="10,12,17,24,27,56,62,65,72,77,80,95,99,101" machi="65" ten="20,3900,0" yaku="1,1,0,1,7,1,53,0" doraHai="126" doraHaiUra="132" who="0" fromWho="0" sc="161,49,313,-13,295,-13,221,-13" /><INIT seed="4,1,0,4,0,46" ten="210,300,282,208" oya="0" hai0="92,114,13,62,125,61,77,6,12,117,9,7,95" hai1="134,42,85,122,119,103,32,80,0,49,102,22,5" hai2="55,128,38,36,50,109,79,20,66,16,86,21,108" hai3="30,59,113,96,2,68,24,3,56,111,39,34,131"/><T1/><D117/><U67/><E119/><V44/><F128/><W35/><G113/><T60/><D114/><U11/><E32/><V132/><F21/><W100/><G111/><T112/><D112/><U43/><E122/><V133/><F66/><W27/><G39/><N who="2" m="14889" /><F86/><W28/><G68/><T19/><D125/><U33/><E33/><V99/><F99/><W26/><G131/><T110/><D110/><U72/><E72/><V18/><F18/><W58/><REACH who="3" step="1"/><G27/><REACH who="3" ten="210,300,282,198" step="2"/><T129/><D129/><U101/><E134/><N who="2" m="51819" /><F79/><W124/><G124/><T115/><D115/><U10/><E67/><V130/><F130/><W45/><G45/><T84/><D77/><U98/><E10/><V87/><F87/><W75/><G75/><T70/><D70/><U65/><E65/><V8/><F8/><W53/><G53/><T29/><D9/><U4/><E4/><V121/><F121/><W73/><G73/><T25/><D25/><AGARI ba="1,1" hai="16,20,25,44,50,55,108,109" m="51819,14889" machi="25" ten="30,3900,0" yaku="20,1,52,1,54,1" doraHai="46" who="2" fromWho="0" sc="210,-42,300,0,282,52,198,0" /><INIT seed="5,0,0,3,2,87" ten="168,300,334,198" oya="1" hai0="58,51,36,114,123,75,127,22,39,49,85,73,105" hai1="74,8,110,92,102,14,7,112,16,20,84,72,5" hai2="134,53,54,83,113,77,117,35,81,116,3,63,55" hai3="61,64,47,48,129,29,128,59,130,15,76,101,52"/><U98/><E112/><V62/><F113/><W124/><G29/><T32/><D114/><U4/><E110/><V9/><F35/><W17/><G101/><T45/><D32/><U135/><E135/><V93/><F93/><W89/><G76/><T125/><D105/><U95/><REACH who="1" step="1"/><E8/><REACH who="1" ten="168,290,334,198" step="2"/><V69/><F9/><N who="3" m="6383" /><G124/><T100/><D127/><U46/><E46/><V65/><F134/><W111/><G111/><T97/><D125/><U120/><E120/><V68/><F117/><W0/><G0/><T122/><D45/><U94/><E94/><V104/><F3/><W12/><G12/><T57/><D122/><U71/><E71/><V18/><F116/><W70/><G70/><T13/><D123/><U80/><E80/><V38/><F83/><W79/><G79/><T67/><D13/><U21/><E21/><V1/><F1/><W96/><G96/><T23/><D22/><U103/><E103/><V66/><F104/><W131/><G130/><T121/><D23/><U91/><AGARI ba="0,1" hai="4,5,7,14,16,20,72,74,84,91,92,95,98,102" machi="91" ten="30,11700,0" yaku="1,1,0,1,52,1,54,1,53,0" doraHai="87" doraHaiUra="30" who="1" fromWho="1" sc="168,-39,290,127,334,-39,198,-39" /><INIT seed="5,1,0,5,5,33" ten="129,417,295,159" oya="1" hai0="27,32,107,126,131,134,125,97,85,51,6,130,50" hai1="52,12,135,41,94,55,62,101,34,81,5,133,3" hai2="28,35,16,31,30,13,115,79,67,14,29,119,77" hai3="54,61,84,122,113,56,88,60,7,98,103,0,93"/><U68/><E34/><V109/><F67/><W114/><G122/><T59/><D85/><U86/><E12/><V116/><F79/><W4/><G61/><T45/><D6/><U128/><E128/><N who="0" m="49193" /><D97/><N who="1" m="59575" /><E41/><V40/><F77/><W49/><G49/><N who="0" m="18443" /><D107/><U44/><E44/><V120/><F40/><W110/><G110/><T90/><D90/><N who="1" m="51535" /><E68/><V96/><F35/><W17/><G17/><T73/><D73/><U76/><E62/><V22/><F109/><W124/><G124/><N who="0" m="47723" /><D45/><U15/><E15/><V102/><F14/><W106/><G7/><T39/><D59/><U24/><E24/><V91/><F13/><W70/><G70/><T123/><D39/><U26/><E26/><V89/><F96/><W105/><G105/><T82/><D82/><U10/><E76/><V63/><F91/><W95/><G106/><T69/><D69/><U111/><E111/><V112/><F89/><W21/><G21/><T58/><D58/><U36/><E36/><V25/><F22/><W8/><AGARI ba="1,0" hai="0,4,8,54,56,60,84,88,93,95,98,103,113,114" machi="8" ten="30,4000,0" yaku="0,1,52,1,54,1" doraHai="33" who="3" fromWho="3" sc="129,-11,417,-21,295,-11,159,43" /><INIT seed="6,0,0,3,2,70" ten="118,396,284,202" oya="2" hai0="8,86,91,116,68,130,4,84,56,97,22,0,132" hai1="13,102,45,131,62,118,81,90,52,119,36,54,77" hai2="10,75,76,59,66,96,40,103,112,37,29,115,73" hai3="19,135,16,55,121,1,5,108,33,57,26,69,15"/><V25/><F10/><W105/><G108/><T78/><D68/><U88/><E102/><V79/><F59/><W31/><G69/><T44/><D130/><U39/><E131/><V21/><F66/><W94/><G121/><T28/><D132/><U32/><E32/><V110/><F110/><W111/><G111/><T107/><D116/><U127/><E127/><V114/><F40/><W123/><G123/><T50/><D56/><U20/><E62/><V61/><F61/><W43/><G135/><T6/><D6/><U9/><E20/><V80/><F37/><N who="1" m="14409" /><E45/><V89/><F89/><N who="1" m="34409" /><E81/><V101/><F96/><W27/><G43/><T95/><D107/><U134/><E77/><V129/><F129/><W93/><G105/><T85/><D28/><U58/><E134/><V17/><F29/><W34/><G34/><T48/><D22/><U67/><E67/><V72/><F79/><W133/><G133/><T74/><REACH who="0" step="1"/><D44/><REACH who="0" ten="108,396,284,202" step="2"/><U98/><E58/><V65/><F65/><W104/><G104/><T47/><D47/><U100/><E119/><V120/><F120/><W122/><G122/><T3/><D3/><U106/><E118/><V51/><F115/><W113/><G113/><T87/><N who="0" m="22016" /><DORA hai="49" /><T14/><D14/><U35/><E35/><V125/><F114/><W38/><G1/><T92/><D92/><U117/><E117/><V64/><F112/><W126/><G94/><T63/><D63/><U12/><E12/><V23/><F64/><W83/><G93/><T82/><AGARI ba="0,1" hai="0,4,8,48,50,74,78,82,91,95,97" m="22016" machi="82" ten="40,2700,0" yaku="1,1,0,1,53,0" doraHai="70,49" doraHaiUra="124,11" who="0" fromWho="0" sc="108,37,396,-7,284,-13,202,-7" /><INIT seed="7,0,0,3,3,121" ten="145,389,271,195" oya="3" hai0="18,32,76,124,9,14,47,30,44,31,99,0,97" hai1="93,128,1,24,88,69,33,4,42,83,87,130,79" hai2="56,125,70,21,133,67,45,117,48,25,34,107,71" hai3="92,96,91,134,112,126,131,38,37,55,29,49,57"/><W86/><G112/><T50/><D124/><U53/><E42/><V2/><F2/><W7/><G134/><T61/><D0/><U84/><E69/><V43/><F34/><W13/><G131/><T100/><D76/><U36/><E36/><V3/><F3/><W62/><G126/><T78/><D78/><U46/><E4/><V108/><F117/><W54/><G29/><T16/><D61/><U12/><E1/><V6/><F107/><W116/><G116/><T28/><D32/><U17/><E24/><V27/><F27/><W85/><G38/><T120/><D120/><U77/><E33/><V105/><F105/><W41/><G41/><T132/><D132/><U11/><REACH who="1" step="1"/><E79/><REACH who="1" ten="145,379,271,195" step="2"/><V26/><F26/><W51/><G37/><T20/><D100/><U82/><E82/><V90/><F71/><W40/><G40/><T98/><REACH who="0" step="1"/><D50/><AGARI ba="0,1" hai="11,12,17,46,50,53,77,83,84,87,88,93,128,130" machi="50" ten="40,2600,0" yaku="1,1,54,1,53,0" doraHai="121" doraHaiUra="95" who="1" fromWho="0" sc="145,-26,379,36,271,0,195,0" owari="119,-38.0,415,51.0,271,7.0,195,-20.0" /></mjloggm>