<mjloggm ver="2.3"><GO type="41" lobby="0"/><UN n0="%E7%B9%94%E4%BA%BA" n1="%E5%88%9D%E4%BB%A3%E3%83%8F%E3%83%A0%E5%A4%A7%E7%A6%8F" n2="%E3%83%90%E3%83%AA%E3%83%83%E3%82%B5" n3="%E2%93%9D%53%75%70%68%78" dan="14,13,15,19" rate="1935.06,1862.19,2055.42,2214.99" sx="M,M,M,M"/><TAIKYOKU oya="0"/><INIT seed="0,0,0,2,2,20" ten="250,250,250,250" oya="0" hai0="61,40,114,37,93,47,42,17,116,5,107,63,64" hai1="117,98,2,60,54,99,76,23,125,94,50,73,92" hai2="118,44,126,56,32,111,52,66,87,112,18,124,21" hai3="30,51,39,26,86,45,58,70,72,57,84,78,105"/><T128/><D107/><U38/><E38/><V127/><F112/><W4/><G70/><N who="0" m="42255" /><D17/><U33/><E2/><V85/><F32/><W130/><G130/><T115/><D93/><U135/><E117/><V71/><F118/><W89/><G72/><T123/><D5/><U82/><E33/><V67/><F44/><W68/><G68/><T34/><D34/><U8/><E125/><V14/><F111/><W35/><G39/><N who="0" m="21919" /><D116/><U91/><E135/><V133/><F133/><W59/><G105/><T49/><D123/><U121/><E121/><V19/><F71/><W48/><G4/><T25/><D25/><U119/><E60/><N who="2" m="35847" /><F18/><W6/><G6/><T11/><D11/><U96/><E119/><V31/><F31/><W24/><G30/><T102/><D102/><U83/><E83/><V75/><F75/><W43/><G35/><T1/><D1/><U9/><E99/><V53/><F53/><W15/><G15/><T46/><D128/><U27/><E94/><V69/><F69/><W108/><G108/><T80/><D80/><U101/><E98/><V110/><F110/><W97/><G97/><T100/><D100/><U62/><E101/><V16/><F19/><W0/><G0/><T129/><D129/><U28/><E62/><V90/><F87/><W13/><G13/><T41/><D63/><U113/><E113/><N who="0" m="43017" /><D37/><U7/><E7/><V120/><F120/><W74/><G74/><T131/><D131/><U77/><E77/><V55/><F126/><W79/><G79/><T95/><D95/><U22/><E23/><V109/><F127/><W81/><G51/><RYUUKYOKU ba="0,0" sc="250,10,250,10,250,-30,250,10" hai0="41,42,46,49" hai1="8,9,22,27,28,50,54,73,76,82,91,92,96" hai3="24,26,43,45,48,57,58,59,78,81,84,86,89" /><INIT seed="0,1,0,3,0,57" ten="260,260,220,260" oya="0" hai0="67,27,41,97,93,32,110,49,85,69,72,123,10" hai1="105,5,134,129,95,40,37,34,132,43,133,101,78" hai2="1,83,59,84,0,107,91,23,118,48,36,117,56" hai3="7,8,12,82,60,75,89,130,62,52,46,35,47"/><T39/><D72/><U29/><E129/><V119/><F107/><W96/><G35/><T38/><D123/><U116/><E116/><V74/><F36/><W115/><G115/><T9/><D85/><U20/><E34/><V45/><F74/><W98/><G130/><T54/><D110/><U42/><E105/><V103/><F103/><W124/><G124/><T112/><D112/><U111/><E111/><V14/><F14/><W86/><G75/><T76/><D76/><U109/><E109/><V122/><F122/><W63/><G47/><N who="0" m="23991" /><D27/><U3/><E78/><V90/><F23/><W58/><G46/><T108/><D32/><U127/><E127/><V51/><F90/><W77/><G77/><T121/><D39/><U131/><E131/><V100/><F100/><W13/><G13/><T128/><D121/><U87/><E5/><V31/><F31/><W15/><G15/><T26/><D26/><N who="1" m="16583" /><E3/><V19/><F19/><W120/><G120/><T4/><D4/><U2/><E2/><N who="2" m="1131" /><F48/><AGARI ba="1,0" hai="7,8,12,48,52,58,60,62,63,82,86,89,96,98" machi="48" ten="40,8000,1" yaku="8,1,52,3,54,1" doraHai="57" who="3" fromWho="2" sc="260,0,260,0,220,-83,260,83" /><INIT seed="1,0,0,1,0,82" ten="260,260,137,343" oya="1" hai0="1,106,5,27,80,126,25,79,59,111,58,43,96" hai1="17,78,51,75,117,49,129,0,26,16,15,109,45" hai2="56,29,101,131,68,128,42,18,122,100,19,39,55" hai3="89,40,67,120,93,102,98,83,71,21,76,114,88"/><U23/><E117/><V73/><F122/><W46/><G120/><T84/><D111/><U81/><E0/><V91/><F68/><W28/><G114/><T116/><D116/><U22/><E129/><N who="2" m="49739" /><F73/><W92/><G71/><T135/><D126/><U50/><REACH who="1" step="1"/><E109/><REACH who="1" ten="260,250,137,343" step="2"/><V60/><F29/><W69/><G28/><T74/><D1/><U123/><E123/><V32/><F32/><W124/><G124/><T52/><D135/><U8/><E8/><V108/><F108/><W38/><G21/><T9/><D74/><U72/><E72/><V4/><F4/><W33/><G33/><T107/><D9/><U3/><E3/><V20/><F20/><W85/><REACH who="3" step="1"/><G93/><REACH who="3" ten="260,250,137,333" step="2"/><T125/><D125/><U121/><E121/><V97/><F19/><W12/><G12/><T7/><D107/><U13/><E13/><V105/><F18/><W63/><AGARI ba="0,2" hai="38,40,46,63,67,69,76,83,85,88,89,92,98,102" machi="63" ten="30,8000,1" yaku="1,1,0,1,52,1,54,1,53,1" doraHai="82" doraHaiUra="77" who="3" fromWho="3" sc="260,-20,250,-40,137,-20,333,100" /><INIT seed="2,0,0,3,0,105" ten="240,210,117,433" oya="2" hai0="104,68,45,107,37,110,19,64,47,94,114,89,120" hai1="108,7,57,75,15,13,53,59,55,95,74,34,9" hai2="31,117,11,17,46,123,18,113,78,71,10,112,60" hai3="134,39,130,26,52,16,131,56,62,97,12,111,96"/><V66/><F123/><W93/><G111/><T2/><D114/><U122/><E122/><V35/><F117/><W33/><G39/><T48/><D120/><U8/><E34/><V42/><F112/><W51/><G134/><T115/><D2/><U124/><E108/><V116/><F116/><W102/><G97/><T38/><D115/><U98/><E124/><V76/><F113/><W101/><G101/><T135/><D110/><U81/><E81/><V129/><F129/><N who="3" m="49163" /><G26/><T67/><D135/><U32/><E32/><V72/><F76/><W126/><G33/><T50/><D94/><U28/><E28/><V132/><F132/><W133/><G133/><T3/><D3/><U21/><E21/><V4/><F31/><W24/><G24/><T87/><D87/><U77/><E77/><V83/><F35/><W6/><G6/><T109/><D109/><U1/><E1/><V80/><F80/><W84/><G84/><T73/><D89/><U25/><E25/><V127/><F127/><W100/><G126/><T63/><D19/><U70/><E70/><V0/><REACH who="2" step="1"/><F10/><REACH who="2" ten="240,210,107,433" step="2"/><N who="3" m="6167" /><G102/><T69/><D63/><AGARI ba="0,1" hai="51,52,56,62,63,93,96,100" m="6167,49163" machi="63" ten="30,3900,0" yaku="19,1,54,2" doraHai="105" who="3" fromWho="0" sc="240,-39,210,0,107,0,433,49" /><INIT seed="3,0,0,3,1,79" ten="201,210,107,482" oya="3" hai0="35,130,103,2,64,32,40,25,68,31,60,109,43" hai1="18,95,41,87,46,108,117,15,69,70,72,113,48" hai2="34,33,56,115,111,99,85,104,30,127,19,0,63" hai3="116,58,5,91,100,6,67,122,81,27,119,54,123"/><W47/><G67/><T132/><D109/><U11/><E113/><V59/><F115/><W110/><G58/><T55/><D2/><U4/><E117/><V118/><F118/><W134/><G100/><T97/><D132/><U102/><E72/><V114/><F114/><W86/><G27/><T14/><D130/><U83/><E108/><V126/><F0/><W7/><G110/><T22/><D55/><U28/><E28/><V10/><F111/><W65/><G65/><T9/><D22/><U62/><E62/><V77/><F59/><W88/><G134/><T53/><D53/><U20/><E102/><V49/><F49/><N who="3" m="28991" /><G119/><T1/><D1/><U128/><E128/><V8/><F8/><W26/><G26/><T51/><D51/><U112/><E112/><V52/><F30/><W76/><G116/><T57/><D57/><U71/><E95/><V131/><F131/><W50/><G123/><T94/><D35/><U98/><E98/><V105/><F105/><W39/><G39/><T135/><D135/><U125/><E125/><N who="2" m="47627" /><F99/><W107/><G107/><T17/><AGARI ba="0,0" hai="9,14,17,25,31,32,40,43,60,64,68,94,97,103" machi="17" ten="20,1500,0" yaku="0,1,7,1" doraHai="79" who="0" fromWho="0" sc="201,15,210,-4,107,-4,482,-7" /><INIT seed="4,0,0,2,2,15" ten="216,206,103,475" oya="0" hai0="34,85,97,116,55,122,7,128,32,4,50,125,75" hai1="78,43,114,30,9,115,69,19,54,129,76,37,6" hai2="70,71,64,89,67,52,134,87,66,46,93,94,91" hai3="102,51,38,108,98,110,62,72,92,36,39,83,57"/><T13/><D75/><U74/><E69/><V8/><F134/><W107/><G51/><T47/><D122/><U41/><E30/><V84/><F8/><W118/><G118/><T29/><D116/><U65/><E65/><V111/><F111/><W22/><G107/><T106/><D128/><U127/><E127/><V53/><REACH who="2" step="1"/><F46/><REACH who="2" ten="216,206,93,475" step="2"/><W59/><G110/><T121/><D125/><U117/><E9/><V49/><F49/><W105/><G39/><T88/><D121/><U42/><E37/><V133/><F133/><W135/><G38/><T60/><D60/><U112/><E114/><V58/><F58/><W90/><G59/><T10/><D4/><U120/><E112/><V86/><F86/><W63/><G57/><T26/><D97/><U56/><E115/><V20/><F20/><W5/><G22/><T81/><D106/><U132/><E56/><V33/><F33/><AGARI ba="0,1" hai="7,10,13,26,29,32,33,34,47,50,55,81,85,88" machi="33" ten="30,2900,0" yaku="7,1,54,1" doraHai="15" who="0" fromWho="2" sc="216,39,206,0,93,-29,475,0" /><INIT seed="4,1,0,4,4,96" ten="255,206,64,475" oya="0" hai0="64,122,11,61,62,74,106,128,42,63,114,21,7" hai1="29,70,73,33,99,79,102,134,91,123,112,47,119" hai2="111,117,16,28,56,58,3,22,8,52,37,135,41" hai3="57,12,82,60,100,39,132,83,6,14,95,24,130"/><T54/><D106/><U35/><E70/><V53/><F111/><W94/><G132/><T107/><D107/><U118/><E47/><V81/><F28/><W13/><G6/><T40/><D74/><U110/><E29/><V97/><F117/><N who="1" m="44553" /><E33/><V87/><F135/><W34/><G130/><T126/><D122/><U31/><E31/><V19/><F97/><N who="3" m="59447" /><G39/><T71/><D128/><U49/><E49/><V30/><F30/><W67/><G24/><T4/><D126/><U5/><E5/><V125/><F125/><W38/><G38/><T17/><D4/><U23/><E23/><V15/><F37/><W76/><G76/><T104/><D104/><N who="1" m="63583" /><E35/><V85/><F41/><W18/><G34/><T51/><D114/><U105/><E110/><V72/><F72/><W9/><G14/><N who="0" m="5503" /><D64/><U1/><E134/><V46/><F46/><W45/><G13/><N who="0" m="9391" /><D71/><U103/><E112/><V10/><F3/><W101/><G45/><AGARI ba="1,0" hai="40,42,45,51,54,61,62,63" m="9391,5503" machi="45" ten="30,1500,0" yaku="8,1" doraHai="96" who="0" fromWho="3" sc="255,18,206,0,64,0,475,-18" /><INIT seed="4,2,0,3,4,48" ten="273,206,64,457" oya="0" hai0="115,59,114,29,49,24,130,76,33,69,92,15,128" hai1="127,133,71,126,5,120,89,65,103,54,64,0,39" hai2="50,38,51,12,93,45,58,131,73,62,88,63,42" hai3="100,21,13,116,132,134,119,109,124,104,81,70,108"/><T60/><D69/><U85/><E120/><V37/><F73/><W122/><G124/><N who="1" m="47658" /><E133/><N who="3" m="51306" /><G122/><T55/><D76/><U11/><E39/><V83/><F131/><N who="0" m="50218" /><D15/><U7/><E103/><V84/><F12/><W14/><G81/><T101/><D60/><U9/><E71/><V74/><F50/><W16/><G70/><T3/><D3/><N who="1" m="191" /><E54/><V30/><F30/><W23/><G104/><T41/><D41/><U10/><E11/><V79/><REACH who="2" step="1"/><F63/><REACH who="2" ten="273,206,54,457" step="2"/><W34/><G14/><T2/><D2/><U77/><E77/><V44/><F44/><W1/><G1/><T98/><AGARI ba="2,1" hai="24,29,33,49,55,59,92,98,101,114,115" m="50218" machi="98" ten="30,3000,0" yaku="19,1,52,1" doraHai="48" who="0" fromWho="0" sc="273,46,206,-12,54,-12,457,-12" /><INIT seed="4,3,0,1,5,66" ten="319,194,42,445" oya="0" hai0="20,35,110,28,99,37,109,115,103,117,0,65,90" hai1="59,1,129,57,82,75,92,9,94,95,84,53,125" hai2="81,32,86,70,108,19,16,98,60,24,33,73,7" hai3="133,121,105,122,64,56,15,78,49,124,30,93,29"/><T74/><D37/><U126/><E129/><V127/><F73/><W27/><G133/><T134/><D117/><U97/><E75/><V50/><F108/><N who="0" m="41578" /><D0/><U54/><E1/><V118/><F118/><W83/><G124/><N who="1" m="47722" /><E9/><V100/><F127/><W135/><G135/><T45/><D134/><U47/><E47/><V18/><F7/><W38/><G38/><T71/><D74/><U46/><E46/><V52/><F24/><W76/><G122/><T104/><D45/><U91/><E97/><V48/><F32/><W69/><G121/><T116/><D116/><U44/><E44/><V41/><F41/><W26/><G30/><T77/><D77/><U96/><E96/><V51/><F33/><W131/><G78/><T8/><D8/><U101/><E101/><V5/><F5/><W130/><G76/><T40/><D40/><U106/><E106/><V10/><F10/><W31/><G131/><T43/><D43/><U88/><E84/><V128/><F128/><W107/><G130/><T21/><D90/><N who="1" m="34347" /><E82/><V12/><F12/><W62/><G83/><T120/><D120/><U13/><E13/><V39/><F39/><W36/><G15/><T68/><D65/><U89/><N who="1" m="34355" /><U132/><DORA hai="80" /><E132/><V22/><F86/><W34/><G36/><T123/><D123/><U17/><E17/><V85/><F85/><W25/><G34/><T79/><D79/><U4/><E4/><V102/><F81/><W119/><G119/><T11/><D11/><U112/><E112/><V114/><F114/><W87/><G87/><T63/><D115/><U2/><E2/><RYUUKYOKU ba="3,0" sc="319,-10,194,30,42,-10,445,-10" hai1="53,54,57,59,92,94,95" /><INIT seed="5,4,0,4,3,96" ten="309,224,32,435" oya="1" hai0="21,116,9,97,125,133,37,44,80,23,40,127,29" hai1="34,1,20,33,111,113,24,57,79,100,129,50,74" hai2="2,8,92,53,67,120,71,0,12,108,38,54,90" hai3="128,115,47,119,101,104,105,65,91,55,102,16,78"/><U28/><E113/><V17/><F120/><W82/><G128/><T132/><D116/><U6/><E129/><V72/><F72/><W89/><G65/><T63/><D9/><U73/><E111/><V83/><F108/><W13/><G115/><T122/><D122/><U30/><E79/><V5/><F38/><W7/><G7/><T84/><D63/><U18/><E74/><V123/><F123/><W81/><G105/><T46/><D44/><U60/><E73/><V98/><F71/><W59/><G104/><T64/><D64/><U121/><E121/><V66/><F0/><W3/><G47/><T117/><D97/><U76/><E76/><V62/><F83/><N who="3" m="31755" /><G3/><T106/><D106/><U68/><E68/><V48/><F62/><N who="3" m="36223" /><G119/><T32/><D32/><U131/><E50/><V88/><F90/><N who="3" m="34315" /><G78/><N who="0" m="46103" /><D117/><U114/><E114/><V69/><F69/><W103/><G103/><T31/><D23/><AGARI ba="4,0" hai="13,16,23,101,102" m="34315,36223,31755" machi="23" ten="30,7700,0" yaku="8,1,52,2,54,1" doraHai="96" who="3" fromWho="0" sc="309,-89,224,0,32,0,435,89" /><INIT seed="6,0,0,3,0,11" ten="220,224,32,524" oya="2" hai0="43,33,39,102,32,9,83,78,38,29,50,49,70" hai1="123,91,75,51,1,105,85,104,84,37,99,58,45" hai2="34,106,97,86,12,68,69,13,109,88,115,120,24" hai3="18,54,82,42,107,53,98,100,129,44,65,92,94"/><V89/><F120/><W113/><G129/><T118/><D102/><U66/><E1/><V128/><F128/><W90/><G113/><T30/><D9/><U36/><E123/><V22/><F115/><W25/><G107/><T26/><D118/><U121/><E121/><V76/><F76/><W17/><G82/><T23/><D70/><U40/><E75/><V61/><F34/><W41/><G65/><T10/><D10/><U131/><E131/><V130/><F130/><W110/><G110/><T4/><D4/><U47/><E85/><V101/><F109/><W2/><G2/><T46/><D39/><U103/><E105/><V80/><F89/><W7/><G44/><T35/><REACH who="0" step="1"/><D30/><REACH who="0" ten="210,224,32,524" step="2"/><U116/><E116/><V96/><F96/><W52/><G7/><T63/><D63/><U19/><E19/><N who="3" m="7178" /><G25/><T8/><D8/><U16/><E16/><V108/><F108/><W15/><G15/><T95/><D95/><U57/><E36/><V132/><F132/><W27/><G27/><T111/><D111/><U3/><E3/><V133/><F133/><W127/><G94/><T56/><D56/><U126/><E58/><V74/><F74/><AGARI ba="0,1" hai="23,26,29,32,33,35,38,43,46,49,50,74,78,83" machi="74" ten="40,1300,0" yaku="1,1,53,0" doraHai="11" doraHaiUra="81" who="0" fromWho="2" sc="210,23,224,0,32,-13,524,0" /><INIT seed="7,0,0,1,0,41" ten="233,224,19,524" oya="3" hai0="113,43,129,88,87,33,49,123,11,68,86,112,53" hai1="133,122,106,38,83,65,66,110,13,115,20,59,15" hai2="64,51,119,48,8,101,67,47,90,23,93,82,84" hai3="69,76,128,31,130,109,105,108,1,39,114,99,57"/><W5/><G114/><N who="0" m="44139" /><D68/><U79/><E115/><V116/><F119/><W60/><G99/><T120/><D33/><U26/><E110/><V72/><F116/><W131/><G105/><T126/><D129/><U125/><E122/><N who="0" m="46633" /><D126/><U14/><E133/><V92/><F72/><W29/><G57/><N who="0" m="32943" /><D43/><U89/><E106/><V100/><F23/><W97/><G97/><T27/><D27/><U7/><E125/><V35/><F35/><W17/><G60/><T107/><D107/><U78/><E38/><V102/><F8/><W95/><G95/><T111/><D111/><U63/><E7/><V18/><F18/><W104/><G104/><T45/><D45/><U12/><E66/><V121/><F121/><W134/><G5/><T77/><D77/><U28/><E14/><V71/><F71/><W10/><G76/><T6/><D88/><U124/><E124/><V70/><F70/><W4/><G4/><T22/><D22/><U34/><E34/><V58/><F58/><W94/><G131/><T46/><D46/><U3/><E3/><AGARI ba="0,0" hai="3,6,11,86,87" m="32943,46633,44139" machi="3" ten="30,2000,0" yaku="15,1,11,1" doraHai="41" who="0" fromWho="1" sc="233,20,224,-20,19,0,524,0" owari="253,5.0,204,-20.0,19,-48.0,524,63.0" /></mjloggm>