<mjloggm ver="2.3"><GO type="41" lobby="0"/><UN n0="%E8%99%B9%E8%89%B2%E3%81%B1%E3%82%93%E3%81%A4" n1="%E3%81%8C%E3%81%A3%E3%81%8F%E3%82%93%EF%BC%92" n2="%E2%93%9D%53%75%70%68%78" n3="%4B%6F%72%6F%6E" dan="13,13,19,13" rate="1928.64,1860.86,2127.06,1877.23" sx="F,M,M,M"/><TAIKYOKU oya="0"/><INIT seed="0,0,0,2,0,6" ten="250,250,250,250" oya="0" hai0="0,77,32,3,126,72,92,21,50,79,110,112,82" hai1="7,15,66,121,35,125,18,55,100,75,37,16,119" hai2="134,41,47,90,80,28,123,51,4,118,44,27,129" hai3="95,5,57,20,76,19,59,88,23,53,46,12,86"/><T8/><D32/><U34/><E119/><V131/><F123/><W13/><G76/><T127/><D112/><U85/><E75/><V9/><F134/><W65/><G65/><T93/><D21/><U40/><E66/><V43/><F118/><W58/><G46/><T30/><D30/><U38/><E100/><V73/><F90/><W60/><G5/><N who="0" m="1063" /><D77/><U89/><E37/><V67/><F67/><W31/><G31/><T62/><D62/><U106/><E106/><V105/><F105/><W107/><G107/><T96/><D96/><U78/><E121/><V70/><F70/><W24/><G24/><T63/><D3/><U108/><E78/><V84/><F73/><W52/><G53/><T1/><D63/><U115/><E115/><V98/><F98/><W11/><G12/><T71/><D71/><U54/><E35/><V29/><F29/><W83/><G83/><T26/><D26/><U39/><E34/><V122/><F122/><W135/><G135/><T101/><D1/><U61/><E39/><V22/><F80/><W133/><G133/><T48/><D110/><U17/><E108/><V2/><REACH who="2" step="1"/><F84/><REACH who="2" ten="250,250,240,250" step="2"/><W113/><G113/><T36/><D93/><U104/><E104/><V45/><F45/><W68/><G68/><T130/><D92/><U14/><E85/><V109/><F109/><W49/><G60/><T102/><D79/><U99/><E61/><V25/><F25/><W116/><G116/><T69/><D72/><U103/><E89/><V74/><F74/><W64/><G64/><T132/><D69/><U10/><E99/><V56/><F56/><RYUUKYOKU ba="0,1" sc="250,-15,250,-15,240,15,250,15" hai2="2,4,9,22,27,28,41,43,44,47,51,129,131" hai3="11,13,19,20,23,49,52,57,58,59,86,88,95" /><INIT seed="1,1,1,3,5,15" ten="235,235,255,265" oya="1" hai0="102,100,106,99,86,107,18,131,5,23,97,127,132" hai1="0,76,105,43,66,124,87,121,117,58,1,108,11" hai2="125,31,38,56,122,4,95,26,16,48,19,8,69" hai3="67,119,9,37,21,29,34,45,53,36,89,77,114"/><U120/><E117/><V123/><F69/><W133/><G114/><T112/><D112/><U60/><E105/><V51/><F38/><W55/><G67/><T42/><D127/><U98/><E43/><V129/><F125/><W64/><G64/><T93/><D132/><U57/><E124/><V91/><F129/><W25/><G133/><T59/><D131/><U111/><E98/><V78/><F78/><W32/><G77/><T84/><D42/><U40/><E40/><V10/><F123/><W80/><G119/><T88/><D5/><U110/><E11/><N who="2" m="4139" /><F4/><W135/><G135/><T24/><D59/><U35/><E35/><V46/><F122/><N who="1" m="47209" /><E58/><V41/><F26/><W50/><G53/><T14/><D24/><U103/><E103/><V12/><F12/><W130/><G130/><T90/><D90/><U54/><E66/><V65/><F31/><W17/><G32/><T44/><D44/><U115/><E115/><V28/><F28/><W75/><G34/><T72/><REACH who="0" step="1"/><D84/><REACH who="0" ten="225,235,255,265" step="2"/><U70/><E70/><V68/><F68/><W27/><G27/><T83/><D83/><AGARI ba="1,2" hai="0,1,54,57,60,76,83,87,108,110,111" m="47209" machi="83" ten="40,3900,0" yaku="14,1,10,1" doraHai="15" who="1" fromWho="0" sc="225,-42,235,62,255,0,265,0" /><INIT seed="1,2,0,5,2,31" ten="183,297,255,265" oya="1" hai0="57,87,46,109,33,30,66,80,121,81,49,133,6" hai1="18,60,63,104,40,29,115,93,74,83,107,131,59" hai2="76,9,2,26,16,72,47,117,125,127,119,41,5" hai3="13,22,92,111,58,122,8,89,110,84,71,128,100"/><U37/><E115/><V36/><F16/><W7/><G71/><T134/><D6/><U73/><E131/><V21/><F21/><W34/><G34/><T85/><D66/><U0/><E0/><V17/><F17/><W15/><G122/><T97/><D57/><U61/><E29/><V23/><F23/><W98/><G128/><T42/><D121/><U69/><E69/><V45/><F45/><W78/><G78/><T62/><D62/><U35/><E35/><V116/><F26/><W130/><G130/><T82/><D97/><U4/><E4/><V99/><F99/><W77/><G77/><T55/><D109/><N who="3" m="41481" /><G58/><T90/><D42/><U135/><E135/><N who="0" m="51721" /><D90/><U51/><E37/><V112/><F112/><W39/><G39/><T25/><AGARI ba="2,0" hai="25,30,33,46,49,55,80,81,82,85,87" m="51721" machi="25" ten="40,2700,0" yaku="20,1,52,1" doraHai="31" who="0" fromWho="0" sc="183,33,297,-15,255,-9,265,-9" /><INIT seed="2,0,0,5,3,109" ten="216,282,246,256" oya="2" hai0="39,116,97,27,100,80,8,52,60,10,30,49,107" hai1="5,134,121,54,110,9,73,13,23,87,76,0,93" hai2="83,128,96,88,48,19,31,50,17,16,114,82,72" hai3="6,111,33,55,3,95,102,81,24,94,115,74,105"/><V133/><F128/><W7/><G111/><T1/><D39/><U18/><E110/><V61/><F133/><W127/><G127/><T36/><D36/><U71/><E121/><V78/><F114/><W119/><G119/><T26/><D116/><U51/><E71/><V130/><F130/><W108/><G108/><T4/><D60/><U45/><E134/><V84/><F31/><W32/><G105/><T53/><D53/><U59/><E73/><V90/><REACH who="2" step="1"/><F61/><REACH who="2" ten="216,282,236,256" step="2"/><W79/><G33/><T120/><D30/><U122/><E122/><V77/><F77/><W123/><G32/><T113/><D120/><U15/><E76/><V101/><F101/><W58/><G102/><T43/><D113/><U42/><E0/><V47/><F47/><W75/><G79/><T57/><D43/><U63/><E45/><V104/><F104/><W85/><G3/><T131/><D131/><U135/><E135/><V44/><F44/><W99/><G115/><T20/><D107/><U106/><E106/><V21/><F21/><W69/><G123/><T41/><D41/><U112/><E112/><V38/><F38/><W11/><G75/><T129/><D129/><U56/><E42/><V132/><F132/><W126/><G74/><T67/><D20/><U2/><E2/><V92/><AGARI ba="0,1" hai="16,17,19,48,50,72,78,82,83,84,88,90,92,96" machi="92" ten="30,11700,0" yaku="1,1,0,1,54,2,53,0" doraHai="109" doraHaiUra="25" who="2" fromWho="2" sc="216,-39,282,-39,236,127,256,-39" /><INIT seed="2,1,0,4,3,7" ten="177,243,363,217" oya="2" hai0="81,92,15,89,95,108,25,97,121,42,114,93,16" hai1="75,19,28,37,131,1,96,34,128,27,100,58,57" hai2="47,23,105,76,90,115,22,0,45,122,38,111,10" hai3="60,80,9,5,118,31,84,120,32,51,56,21,77"/><V74/><F115/><W124/><G32/><T67/><D114/><U126/><E75/><V50/><F105/><W43/><G124/><T13/><D121/><U87/><E37/><V18/><F122/><W78/><G120/><T98/><D108/><U82/><E126/><V26/><F90/><W79/><G118/><T29/><D67/><U53/><E19/><V104/><F104/><W119/><G119/><T3/><D3/><U2/><E57/><V70/><F70/><W52/><G31/><T123/><D42/><U61/><E128/><V112/><F111/><W110/><G21/><N who="0" m="15535" /><D15/><U106/><E131/><V46/><F38/><W11/><G110/><T6/><D6/><U113/><E113/><V35/><F35/><W117/><G117/><T69/><D69/><U125/><E125/><V33/><F33/><W68/><G68/><T99/><D123/><U103/><E100/><V40/><F112/><W41/><G41/><T83/><D89/><AGARI ba="1,0" hai="1,2,27,28,34,53,58,61,82,87,89,96,103,106" machi="89" ten="30,1000,0" yaku="7,1" doraHai="7" who="1" fromWho="0" sc="177,-13,243,13,363,0,217,0" /><INIT seed="3,0,0,5,3,40" ten="164,256,363,217" oya="3" hai0="53,80,59,124,127,20,99,104,17,120,34,8,28" hai1="16,102,63,87,14,96,30,4,89,122,41,6,9" hai2="133,64,77,105,116,31,21,50,26,67,76,65,97" hai3="79,106,73,32,61,66,83,100,39,135,74,123,82"/><W117/><G39/><T54/><D120/><U37/><E122/><V121/><F116/><W111/><G123/><T1/><D104/><U131/><E30/><V36/><F133/><W112/><G117/><T60/><D99/><U62/><E131/><V25/><F36/><W91/><G112/><T44/><D34/><U11/><E4/><V42/><F121/><W3/><G3/><T0/><D28/><U5/><E5/><V47/><REACH who="2" step="1"/><F26/><REACH who="2" ten="164,256,353,217" step="2"/><W86/><G135/><T107/><D127/><U130/><E37/><V90/><F90/><W101/><G111/><T81/><D124/><U109/><E109/><V19/><F19/><W29/><G101/><AGARI ba="0,1" hai="21,25,31,42,47,50,64,65,67,76,77,97,101,105" machi="101" ten="40,2600,0" yaku="1,1,52,1,53,0" doraHai="40" doraHaiUra="84" who="2" fromWho="3" sc="164,0,256,0,353,36,217,-26" /><INIT seed="4,0,0,1,2,79" ten="164,256,389,191" oya="0" hai0="87,23,76,57,132,94,44,120,38,45,95,63,53" hai1="89,78,99,48,31,13,119,51,2,112,114,52,36" hai2="21,42,49,70,68,34,117,14,8,3,29,77,109" hai3="90,92,130,11,22,27,35,118,54,15,134,62,40"/><T83/><D120/><U115/><E36/><V121/><F109/><W9/><G35/><T98/><D132/><U80/><E2/><V96/><F77/><W88/><G134/><T111/><D111/><U60/><E119/><V0/><F96/><W66/><G118/><T18/><D38/><U65/><E31/><V105/><F21/><W103/><G40/><T131/><D95/><U56/><E13/><V55/><F105/><W93/><G130/><T12/><REACH who="0" step="1"/><D131/><REACH who="0" ten="154,256,389,191" step="2"/><U28/><E28/><V58/><F121/><W97/><G93/><T6/><D6/><U107/><E107/><V33/><F29/><W75/><G92/><T64/><D64/><U10/><E65/><V110/><F110/><W37/><G66/><T126/><D126/><U1/><E99/><V129/><F129/><W128/><G37/><T84/><D84/><N who="1" m="50311" /><E78/><V123/><F123/><W61/><G128/><T86/><D86/><U101/><E101/><AGARI ba="0,1" hai="12,18,23,44,45,53,57,63,76,83,87,94,98,101" machi="101" ten="30,11600,0" yaku="1,1,7,1,8,1,52,1,53,0" doraHai="79" doraHaiUra="46" who="0" fromWho="1" sc="154,126,256,-116,389,0,191,0" /><INIT seed="4,1,0,5,0,11" ten="280,140,389,191" oya="0" hai0="103,97,9,39,112,94,32,60,7,125,96,51,61" hai1="15,134,55,26,114,59,115,109,19,33,42,57,126" hai2="62,106,135,131,34,50,104,77,99,79,0,75,91" hai3="54,21,67,92,48,123,118,66,37,1,47,68,72"/><T81/><D32/><U132/><E42/><V27/><F0/><W53/><G72/><T119/><D119/><U117/><E109/><V70/><F50/><W25/><G1/><T45/><D112/><N who="1" m="43051" /><E117/><V69/><F135/><N who="1" m="51753" /><E55/><V80/><F131/><W122/><G118/><T12/><D125/><U52/><E126/><V86/><F27/><W121/><G54/><T88/><D39/><U18/><E52/><V83/><F34/><W116/><G116/><T35/><D35/><U17/><E33/><V100/><F106/><W82/><G82/><T14/><D81/><U95/><E95/><N who="2" m="54775" /><F62/><W111/><G111/><T22/><D45/><U28/><E28/><V130/><F130/><W8/><G8/><T76/><D51/><U31/><E31/><V124/><F124/><W46/><G92/><N who="0" m="58759" /><D76/><U105/><E105/><V63/><F63/><W128/><G128/><T40/><D40/><U108/><E108/><V107/><F107/><W6/><G6/><T89/><D89/><U64/><E64/><V90/><F90/><W13/><G68/><T20/><D20/><N who="1" m="13583" /><E19/><AGARI ba="1,0" hai="7,9,12,14,19,22,60,61,88,94,97" m="58759" machi="19" ten="30,11600,0" yaku="8,1,52,2,54,1" doraHai="11" who="0" fromWho="1" sc="280,119,140,-119,389,0,191,0" /><INIT seed="4,2,0,2,4,86" ten="399,21,389,191" oya="0" hai0="63,9,24,90,85,123,40,18,1,59,134,62,12" hai1="52,57,129,88,104,58,44,108,121,76,109,19,113" hai2="99,53,55,100,7,103,87,66,28,127,13,124,126" hai3="2,83,43,114,11,46,27,132,77,133,116,26,54"/><T118/><D123/><U61/><E121/><V10/><F66/><W39/><G116/><T16/><D118/><U96/><E129/><V23/><F87/><W80/><G114/><T89/><D134/><N who="3" m="51817" /><G54/><N who="2" m="20489" /><F99/><W42/><G42/><T60/><D1/><U47/><E76/><V35/><F35/><W29/><G29/><T67/><D40/><U41/><E113/><V32/><F32/><W91/><G91/><N who="0" m="34827" /><D85/><U20/><E104/><V33/><F33/><W120/><G120/><T50/><D50/><U110/><E58/><V21/><F28/><W15/><G2/><T56/><D67/><U68/><E68/><V31/><F31/><W6/><G80/><T30/><D30/><U8/><E8/><V106/><F106/><W102/><G102/><AGARI ba="2,0" hai="7,10,13,21,23,100,102,103,124,126,127" m="20489" machi="102" ten="40,1300,0" yaku="18,1" doraHai="86" who="2" fromWho="3" sc="399,0,21,0,389,19,191,-19" /><INIT seed="5,0,0,4,0,43" ten="399,21,408,172" oya="1" hai0="96,82,128,84,79,11,13,27,38,97,88,7,50" hai1="40,107,9,25,63,91,29,52,123,44,110,15,57" hai2="118,4,26,101,114,71,34,85,75,46,130,72,17" hai3="59,105,32,132,108,73,134,83,112,94,2,30,68"/><U39/><E123/><V98/><F118/><W133/><G68/><T45/><D38/><U20/><E107/><V70/><F4/><W23/><G32/><T36/><D36/><U122/><E122/><V16/><F85/><W56/><G2/><T115/><D128/><U48/><E110/><V131/><F114/><W61/><G105/><T87/><D115/><U67/><E91/><V60/><F46/><W135/><G112/><T65/><D27/><U55/><REACH who="1" step="1"/><E39/><REACH who="1" ten="399,11,408,172" step="2"/><V74/><F131/><W49/><G135/><T103/><D103/><U24/><E24/><V33/><F26/><N who="3" m="16735" /><G108/><T12/><D88/><U124/><E124/><V6/><F130/><W42/><G94/><T66/><D82/><U95/><E95/><V126/><F126/><W18/><G83/><T64/><D79/><U41/><E41/><V113/><F113/><W10/><G73/><T93/><D93/><U89/><E89/><V58/><F75/><W47/><G61/><T19/><D87/><U37/><E37/><V28/><F74/><W127/><G127/><T69/><D84/><U22/><E22/><V86/><F72/><W0/><G0/><T78/><D78/><U51/><E51/><V3/><F86/><W14/><AGARI ba="0,1" hai="10,14,18,42,47,49,56,59,132,133,134" m="16735" machi="14" ten="40,2700,0" yaku="20,1,52,1" doraHai="43" who="3" fromWho="3" sc="399,-7,11,-13,408,-7,172,37" owari="392,19.0,-2,-50.0,401,50.0,209,-19.0" /></mjloggm>