<mjloggm ver="2.3"><GO type="41" lobby="0"/><UN n0="%E6%9C%80%E4%B8%8B%E5%83%95" n1="%E3%82%AD%E3%83%83%E3%83%94%E3%83%BC" n2="%E2%93%9D%53%75%70%68%78" n3="%E3%81%9F%E3%81%BE%E3%81%94%E3%81%8A%E3%81%98%E3%81%95%E3%82%93" dan="13,15,19,14" rate="1840.02,2104.24,2155.75,1897.46" sx="M,M,M,M"/><TAIKYOKU oya="0"/><INIT seed="0,0,0,3,4,93" ten="250,250,250,250" oya="0" hai0="113,41,61,21,27,124,91,47,108,31,53,122,33" hai1="30,72,71,79,18,103,34,95,121,107,48,45,8" hai2="73,50,119,2,57,60,49,105,135,100,69,134,77" hai3="120,55,56,13,114,116,29,54,132,51,97,118,23"/><T10/><D122/><U62/><E95/><V112/><F2/><W5/><G114/><T46/><D113/><U81/><E121/><V36/><F77/><W16/><G132/><N who="2" m="50729" /><F73/><W1/><G120/><T58/><D124/><U35/><E30/><V24/><F100/><W94/><G29/><T6/><D108/><U39/><E18/><V64/><F24/><W20/><G20/><T101/><D101/><U12/><E12/><V111/><F105/><W26/><G1/><T37/><D47/><U131/><E8/><V66/><F112/><W128/><G128/><T25/><D91/><U7/><E131/><V14/><F14/><W42/><G42/><T9/><REACH who="0" step="1"/><D6/><REACH who="0" ten="240,250,250,250" step="2"/><U3/><E45/><V74/><F111/><W28/><G5/><T130/><D130/><U40/><E7/><V115/><F115/><W127/><G127/><T96/><D96/><U123/><E103/><V80/><F119/><W104/><G118/><T22/><D22/><U38/><E123/><V84/><F69/><W32/><G116/><T43/><D43/><U99/><E40/><V88/><F88/><N who="3" m="55495" /><G104/><T110/><D110/><U75/><E107/><V65/><F57/><N who="3" m="32991" /><G32/><T82/><D82/><U92/><E35/><V129/><F80/><W98/><G98/><T52/><D52/><U90/><E34/><V70/><F129/><W133/><G133/><T15/><D15/><U125/><E3/><V17/><F70/><W68/><G68/><T86/><D86/><U63/><E71/><V83/><F84/><W109/><G109/><T59/><D59/><U117/><E117/><V11/><F83/><RYUUKYOKU ba="0,1" sc="240,30,250,-10,250,-10,250,-10" hai0="9,10,21,25,27,31,33,37,41,46,53,58,61" /><INIT seed="0,1,1,5,2,20" ten="270,240,240,240" oya="0" hai0="44,48,70,60,26,46,29,56,95,90,76,92,79" hai1="74,73,87,96,4,123,2,127,99,68,84,88,85" hai2="124,11,121,39,36,32,15,16,103,128,58,119,105" hai3="1,125,45,135,104,111,50,80,81,100,69,67,28"/><T22/><D70/><U9/><E123/><V38/><F121/><W13/><G1/><T54/><D46/><U130/><E68/><V3/><F128/><W24/><G13/><T94/><REACH who="0" step="1"/><D90/><REACH who="0" ten="260,240,240,240" step="2"/><U120/><E120/><V75/><F39/><W106/><G45/><T107/><D107/><U51/><E130/><V25/><F38/><W49/><G106/><T86/><D86/><U72/><E127/><V65/><F105/><W27/><G104/><T110/><D110/><U83/><E85/><V34/><F124/><W61/><G125/><T77/><D77/><U102/><E102/><V47/><F103/><W116/><G100/><T118/><D118/><U30/><E84/><V129/><F129/><W117/><G111/><T0/><D0/><U89/><E89/><V41/><F3/><W8/><G117/><T19/><D19/><U115/><E115/><V57/><F119/><W53/><G116/><T37/><D37/><U108/><E108/><V42/><F36/><W14/><G69/><T98/><D98/><U97/><E30/><V91/><F91/><W82/><G28/><T101/><D101/><U23/><E74/><V40/><F75/><W10/><G81/><T7/><D7/><U17/><E73/><V78/><F78/><W112/><G112/><T66/><AGARI ba="1,2" hai="22,26,29,44,48,54,56,60,66,76,79,92,94,95" machi="66" ten="30,11700,0" yaku="1,1,0,1,8,1,52,1,53,0" doraHai="20" doraHaiUra="134" who="0" fromWho="0" sc="260,140,240,-40,240,-40,240,-40" /><INIT seed="0,2,0,5,1,65" ten="400,200,200,200" oya="0" hai0="130,88,26,47,101,45,15,10,57,40,115,102,90" hai1="125,108,99,78,122,20,34,131,1,55,0,5,27" hai2="14,22,32,67,133,123,54,91,94,120,70,58,72" hai3="9,35,2,121,12,93,64,69,38,36,124,4,117"/><T19/><D115/><U87/><E122/><V107/><F72/><W135/><G93/><T127/><D130/><U33/><E78/><V46/><F32/><W48/><G48/><T97/><D127/><U126/><E87/><V23/><F107/><W17/><G117/><T85/><D57/><U134/><E99/><V111/><F111/><W73/><G73/><T71/><D71/><U75/><E55/><V31/><F133/><W128/><G135/><T52/><D40/><U24/><E75/><V116/><F46/><W118/><G118/><T44/><D26/><U42/><E42/><V68/><F67/><W43/><G128/><T79/><D79/><U28/><E134/><V76/><F76/><W7/><G7/><T60/><D60/><U21/><E131/><V62/><F116/><W13/><G43/><T61/><D61/><U41/><E41/><V104/><F104/><W129/><G124/><N who="1" m="47722" /><E108/><V119/><F119/><W25/><G121/><T132/><D132/><U86/><E86/><V103/><F123/><W89/><G36/><T84/><D97/><U74/><E74/><V100/><F120/><W92/><G38/><T105/><D105/><U3/><E5/><V63/><F63/><N who="3" m="40095" /><G129/><T30/><D30/><AGARI ba="2,0" hai="0,1,3,20,21,24,27,28,30,33,34" m="47722" machi="30" ten="40,5200,0" yaku="18,1,34,2" doraHai="65" who="1" fromWho="0" sc="400,-58,200,58,200,0,200,0" /><INIT seed="1,0,0,3,2,62" ten="342,258,200,200" oya="1" hai0="86,101,22,66,21,68,41,109,10,111,40,37,77" hai1="0,102,122,81,24,53,27,112,87,65,98,59,49" hai2="64,80,69,129,56,118,46,120,28,119,90,34,35" hai3="117,9,83,1,135,127,124,131,13,57,32,123,89"/><U79/><E112/><V20/><F120/><W50/><G123/><T75/><D75/><U76/><E0/><V88/><F69/><W82/><G1/><T113/><D113/><U54/><E122/><V52/><F129/><W84/><G32/><T36/><D101/><U42/><E42/><V105/><F105/><W134/><G117/><T70/><D10/><U3/><E3/><V19/><F28/><W29/><G29/><T26/><D86/><U47/><E79/><V17/><F46/><W125/><G57/><T71/><D77/><U58/><E47/><V23/><F56/><W8/><G50/><T15/><D15/><U63/><REACH who="1" step="1"/><E54/><REACH who="1" ten="342,248,200,200" step="2"/><V107/><F52/><W74/><G131/><T7/><D41/><U48/><E48/><V115/><F115/><W85/><G74/><T12/><D40/><U106/><AGARI ba="0,1" hai="24,27,49,53,58,59,63,65,76,81,87,98,102,106" machi="106" ten="20,7800,0" yaku="1,1,0,1,7,1,52,1,53,0" doraHai="62" doraHaiUra="133" who="1" fromWho="1" sc="342,-26,248,88,200,-26,200,-26" /><INIT seed="1,1,0,0,2,108" ten="316,336,174,174" oya="1" hai0="75,96,104,83,29,34,110,20,58,100,101,3,54" hai1="103,41,62,72,116,48,40,80,129,92,134,71,59" hai2="25,8,56,18,21,57,17,77,111,119,6,97,10" hai3="66,106,4,27,52,23,43,31,85,11,115,105,16"/><U22/><E116/><V78/><F119/><W79/><G66/><T102/><D110/><U74/><E71/><V127/><F111/><W46/><G115/><T84/><D34/><U9/><E134/><V112/><F127/><W107/><G79/><T69/><D69/><U67/><E129/><V51/><F97/><W0/><G85/><T98/><D3/><U86/><E72/><V122/><F122/><W132/><G132/><T121/><D121/><U65/><E65/><V47/><F112/><W45/><G43/><T68/><D68/><U53/><E9/><V42/><F18/><W39/><G39/><T37/><D37/><U113/><E74/><V99/><F10/><W135/><G135/><T114/><D75/><U26/><E113/><V125/><F125/><W12/><REACH who="3" step="1"/><G52/><REACH who="3" ten="316,336,174,164" step="2"/><T88/><D114/><U5/><E67/><V118/><F118/><W33/><AGARI ba="1,1" hai="0,4,11,12,16,23,27,31,33,45,46,105,106,107" machi="33" ten="30,12000,2" yaku="1,1,2,1,0,1,24,2,54,1,53,0" doraHai="108" doraHaiUra="124" who="3" fromWho="3" sc="316,-31,336,-61,174,-31,164,133" /><INIT seed="2,0,0,0,1,23" ten="285,275,143,297" oya="2" hai0="39,78,131,72,6,79,16,24,48,31,128,60,57" hai1="125,120,133,12,115,14,99,49,44,38,119,11,3" hai2="7,36,21,34,18,122,100,74,77,28,105,129,2" hai3="53,1,86,10,83,108,37,54,13,87,92,59,110"/><V9/><F122/><W15/><G37/><T32/><D39/><U97/><E38/><V64/><F129/><W95/><G1/><T85/><D6/><U52/><E119/><V76/><F64/><W106/><G106/><T94/><D72/><U46/><E115/><V116/><F116/><W42/><G42/><T4/><D4/><U91/><E133/><V43/><F100/><W103/><G103/><T98/><D48/><U66/><E66/><V88/><F105/><W118/><G118/><T124/><D85/><U71/><E71/><V121/><F121/><W35/><G59/><T67/><D124/><U73/><E73/><V47/><F88/><W135/><G10/><T5/><D5/><U84/><E125/><V89/><F89/><W27/><G35/><T90/><REACH who="0" step="1"/><D16/><REACH who="0" ten="275,275,143,297" step="2"/><N who="1" m="8223" /><E3/><V96/><F74/><W107/><G83/><T126/><D126/><U0/><E0/><V70/><F2/><W93/><G86/><T17/><D17/><U65/><E120/><V75/><F7/><W69/><G87/><T41/><D41/><U8/><E8/><V22/><F75/><W130/><G110/><T114/><D114/><U81/><E14/><V82/><F9/><W55/><G108/><T58/><D58/><U61/><E44/><V26/><F70/><W29/><G69/><T63/><D63/><U30/><E30/><N who="2" m="19799" /><F82/><W127/><G127/><T80/><D80/><U102/><E61/><V134/><F28/><W56/><G56/><T45/><D45/><U25/><E65/><V104/><F18/><W113/><G113/><T40/><D40/><U20/><E81/><RYUUKYOKU ba="0,1" sc="275,30,275,-10,143,-10,297,-10" hai0="24,31,32,57,60,67,78,79,90,94,98,128,131" /><INIT seed="3,1,1,5,0,107" ten="305,265,133,287" oya="3" hai0="45,103,57,10,127,1,67,88,6,133,134,112,110" hai1="11,46,4,108,117,129,109,80,119,39,58,124,38" hai2="76,130,60,43,48,20,99,105,27,93,13,19,77" hai3="41,106,61,126,78,135,42,34,122,14,90,73,54"/><W85/><G34/><T120/><D120/><U35/><E35/><V125/><F105/><W69/><G122/><T50/><D110/><N who="1" m="42603" /><E80/><V128/><F125/><W37/><G126/><T2/><D103/><U16/><E124/><V52/><F43/><W123/><G14/><T84/><D127/><U102/><E102/><V44/><F60/><W131/><G106/><T97/><D97/><U15/><E58/><V118/><F118/><N who="1" m="45065" /><E129/><N who="2" m="49771" /><F27/><W70/><G78/><T33/><D33/><U22/><E46/><V64/><F64/><W18/><G123/><T0/><D57/><U56/><E56/><V62/><F62/><W36/><G61/><T3/><D67/><U40/><E40/><V65/><F65/><W63/><G63/><T29/><D29/><U59/><E59/><V74/><F74/><W111/><G73/><T86/><D86/><U81/><E81/><V55/><F55/><W95/><G111/><T94/><REACH who="0" step="1"/><D112/><REACH who="0" ten="295,265,133,287" step="2"/><U49/><E49/><V100/><AGARI ba="1,2" hai="13,19,20,44,48,52,76,77,93,99,100" m="49771" machi="100" ten="30,2000,0" yaku="19,1,54,1" doraHai="107" who="2" fromWho="2" sc="295,-6,265,-6,133,43,287,-11" /><INIT seed="4,0,0,5,1,102" ten="289,259,176,276" oya="0" hai0="48,8,126,18,4,106,35,103,97,87,129,86,110" hai1="74,117,50,92,135,71,16,0,128,73,53,21,89" hai2="27,55,58,47,1,26,51,10,11,22,100,37,98" hai3="56,108,95,111,45,77,96,105,23,34,119,2,88"/><T20/><D35/><U70/><E117/><V130/><F130/><W15/><G34/><T101/><D129/><U3/><E128/><V30/><F1/><W67/><G2/><T132/><D126/><U107/><E107/><V83/><F37/><W28/><G119/><T9/><D9/><U134/><E0/><V79/><F27/><W78/><G45/><T17/><D17/><U91/><E3/><V60/><F83/><W69/><G69/><T5/><D5/><U44/><E70/><V64/><REACH who="2" step="1"/><F79/><REACH who="2" ten="289,259,166,276" step="2"/><W32/><G77/><T85/><D132/><U6/><E135/><V76/><F76/><W19/><G78/><T61/><D110/><U41/><E134/><V12/><F12/><W39/><G39/><T84/><D4/><U82/><E82/><V49/><F49/><W62/><G108/><T113/><D48/><U127/><E50/><V99/><F99/><W93/><G111/><T40/><D61/><U131/><E131/><V115/><F115/><W124/><G124/><T25/><D113/><U133/><E127/><V116/><F116/><W118/><G118/><T120/><D120/><U75/><E133/><V54/><F54/><W94/><G96/><T112/><D112/><U104/><E53/><V38/><F38/><W7/><G7/><T63/><D63/><U13/><E6/><V46/><F46/><W66/><G62/><T57/><D25/><U123/><E123/><V43/><F43/><W65/><G15/><T90/><D40/><U109/><E109/><V125/><F125/><W80/><G80/><T42/><D97/><U81/><E41/><RYUUKYOKU ba="0,1" sc="289,-10,259,-10,166,30,276,-10" hai2="10,11,22,26,30,47,51,55,58,60,64,98,100" /><INIT seed="5,1,1,3,1,91" ten="279,249,196,266" oya="1" hai0="52,24,39,81,113,131,60,38,101,121,51,134,19" hai1="83,122,58,67,17,32,23,33,12,82,44,118,55" hai2="16,3,76,89,10,127,50,59,123,115,21,28,104" hai3="106,77,4,78,22,96,124,65,100,93,105,40,25"/><U86/><E122/><V114/><F104/><W41/><G124/><T110/><D110/><U20/><E118/><V30/><F76/><N who="3" m="29291" /><G106/><T103/><D121/><U29/><E67/><V69/><F69/><W79/><G105/><T97/><D81/><N who="1" m="30731" /><E33/><V18/><F123/><W57/><G4/><T54/><D131/><U35/><E32/><V92/><F127/><W62/><N who="3" m="29299" /><W31/><AGARI ba="1,1" hai="22,25,31,40,41,57,62,65,93,96,100" m="29299" machi="31" ten="30,7900,0" yaku="4,1,25,1,8,1,52,1" doraHai="91" who="3" fromWho="3" sc="279,-21,249,-40,196,-21,266,92" /><INIT seed="6,0,0,3,2,102" ten="258,209,175,358" oya="2" hai0="71,14,119,6,55,86,18,93,42,73,68,39,104" hai1="30,11,85,79,53,50,8,64,130,3,49,67,83" hai2="95,88,40,26,124,76,2,38,110,36,23,52,1" hai3="113,98,82,57,46,31,80,101,15,21,70,62,89"/><V127/><F76/><W19/><G113/><T4/><D73/><U13/><E130/><V20/><F110/><W29/><G70/><T35/><D35/><U116/><E116/><V87/><F23/><W120/><G46/><T117/><D42/><U12/><E30/><V114/><F114/><W122/><G122/><T115/><D39/><U123/><E3/><V58/><F40/><W63/><G63/><T121/><D121/><U44/><E123/><V24/><F2/><W103/><G103/><T108/><D108/><U10/><E50/><N who="2" m="30999" /><F1/><W112/><G112/><T132/><D132/><U32/><E32/><V33/><F33/><W111/><G111/><T129/><D129/><U99/><E99/><V78/><F78/><W125/><G125/><N who="2" m="48201" /><F26/><W16/><G19/><AGARI ba="0,0" hai="19,20,24,36,38,87,88,95" m="48201,30999" machi="19" ten="30,5800,0" yaku="18,1,54,2" doraHai="102" who="2" fromWho="3" sc="258,0,209,0,175,58,358,-58" /><INIT seed="6,1,0,0,1,19" ten="258,209,233,300" oya="2" hai0="26,70,71,124,12,48,66,2,89,101,69,83,81" hai1="7,55,49,29,118,72,120,1,21,44,40,42,95" hai2="50,6,13,56,134,15,28,33,128,46,97,76,87" hai3="41,84,132,107,38,86,74,65,51,94,4,30,119"/><V18/><F128/><W54/><G74/><T45/><D2/><U77/><E118/><V103/><F134/><W78/><G107/><T114/><D66/><U108/><E108/><V127/><F127/><W59/><G132/><T122/><D122/><U112/><E112/><V117/><F33/><W39/><G119/><T79/><D114/><U63/><E120/><V11/><F28/><W115/><G30/><T131/><D101/><U88/><E72/><V99/><F56/><W0/><G94/><T129/><D89/><U31/><E77/><V92/><F117/><W67/><G39/><T58/><D58/><N who="1" m="35295" /><E1/><V53/><F99/><W126/><G126/><T60/><D60/><U52/><E7/><V16/><REACH who="2" step="1"/><F15/><REACH who="2" ten="258,209,223,300" step="2"/><W104/><G115/><T110/><D124/><U20/><E31/><V68/><F68/><W57/><G57/><T61/><D12/><U62/><E29/><V116/><F116/><W35/><G35/><T22/><D110/><U14/><E14/><V37/><F37/><W130/><G130/><T5/><D131/><U96/><E62/><V34/><F34/><W105/><G38/><T121/><D61/><U8/><E8/><V80/><AGARI ba="1,1" hai="6,11,13,16,18,46,50,53,76,80,87,92,97,103" machi="80" ten="30,11700,0" yaku="1,1,0,1,8,1,54,1,53,0" doraHai="19" doraHaiUra="27" who="2" fromWho="2" sc="258,-40,209,-40,223,130,300,-40" /><INIT seed="6,2,0,5,3,131" ten="218,169,353,260" oya="2" hai0="111,74,53,28,125,81,99,26,109,46,43,36,32" hai1="120,65,82,107,77,51,91,72,122,96,100,130,55" hai2="44,132,37,34,48,85,110,16,6,101,5,104,20" hai3="121,23,33,30,17,25,126,7,56,128,103,75,89"/><V15/><F34/><W38/><G121/><T29/><D53/><U80/><E65/><V78/><F37/><W11/><G38/><T60/><D29/><U50/><E50/><V22/><F104/><W93/><G75/><T67/><D125/><U24/><E24/><V61/><F101/><W9/><G103/><T116/><D116/><U1/><E1/><V68/><F68/><W66/><G128/><T70/><REACH who="0" step="1"/><D99/><REACH who="0" ten="208,169,353,260" step="2"/><U76/><E130/><V123/><F123/><W98/><G126/><T19/><D19/><U62/><E62/><V0/><F16/><W2/><G17/><T8/><D8/><U73/><REACH who="1" step="1"/><E91/><REACH who="1" ten="208,159,353,260" step="2"/><V88/><F88/><W108/><G89/><T71/><D71/><U106/><E106/><V42/><F61/><W13/><G66/><T3/><D3/><U10/><E10/><V31/><F0/><W134/><G11/><T49/><D49/><U124/><E124/><V41/><F48/><W58/><G2/><T97/><D97/><U135/><E135/><V87/><F132/><W83/><G98/><T21/><D21/><U52/><E52/><V84/><F22/><W105/><G23/><T127/><D127/><U94/><E94/><V129/><F20/><W54/><G93/><T119/><D119/><U95/><E95/><V112/><F129/><W118/><G54/><T115/><D115/><U113/><E113/><V117/><F112/><W57/><G118/><T69/><D69/><U64/><E64/><V133/><F117/><W14/><G105/><T18/><D18/><U12/><E12/><V27/><F15/><W90/><G14/><RYUUKYOKU ba="2,2" sc="208,15,159,15,353,-15,260,-15" hai0="26,28,32,36,43,46,60,67,70,74,81,109,111" hai1="51,55,72,73,76,77,80,82,96,100,107,120,122" /><INIT seed="7,3,2,5,4,77" ten="223,174,338,245" oya="3" hai0="7,64,74,83,11,60,9,75,62,104,132,111,30" hai1="18,85,99,117,14,107,53,13,22,135,88,55,79" hai2="8,105,58,128,102,38,131,20,129,3,70,134,50" hai3="108,19,61,73,93,16,89,69,130,87,47,78,39"/><W32/><G130/><T51/><D104/><U82/><E135/><V96/><F38/><W59/><G32/><T35/><D111/><U126/><E126/><V86/><F70/><W54/><G108/><T15/><D132/><U27/><E117/><V48/><F134/><W23/><G69/><T112/><D62/><U42/><E42/><V124/><F124/><W21/><G39/><T56/><D112/><U91/><E107/><V40/><F40/><W125/><G125/><T44/><D11/><U28/><E13/><V66/><F20/><N who="3" m="7755" /><G73/><T94/><D30/><U127/><E127/><V46/><F46/><W72/><G72/><T36/><D35/><U52/><REACH who="1" step="1"/><E99/><REACH who="1" ten="223,164,338,245" step="2"/><V67/><F131/><W97/><G47/><T29/><D36/><U95/><E95/><V31/><F129/><W57/><G57/><T12/><D12/><U25/><E25/><V100/><F58/><W26/><G26/><T84/><D94/><U98/><E98/><V41/><F128/><W92/><G92/><T10/><D10/><AGARI ba="3,3" hai="10,14,18,22,27,28,52,53,55,79,82,85,88,91" machi="10" ten="40,8000,1" yaku="1,1,8,1,52,1,54,2,53,0" doraHai="77" doraHaiUra="123" who="1" fromWho="0" sc="223,-89,164,119,338,0,245,0" owari="134,-37.0,283,8.0,338,44.0,245,-15.0" /></mjloggm>