<mjloggm ver="2.3"><GO type="41" lobby="0"/><UN n0="%E2%93%9D%53%75%70%68%78" n1="%70%72%6F%72%79%75%32" n2="%E3%83%AA%E3%83%9C%E3%83%B3%E5%8D%81%E4%BB%A3" n3="%E6%AB%BB%E5%B7%9D%E6%99%B4%E4%B8%80%E6%9C%97" dan="19,15,14,13" rate="2142.33,1999.94,1922.07,1818.37" sx="M,M,M,M"/><TAIKYOKU oya="0"/><INIT seed="0,0,0,1,4,104" ten="250,250,250,250" oya="0" hai0="31,6,108,81,47,3,97,57,46,50,15,23,21" hai1="74,114,115,116,52,67,83,82,103,11,102,86,75" hai2="54,68,12,2,26,134,117,113,80,20,71,91,65" hai3="61,1,130,77,105,120,10,118,121,0,49,85,56"/><T25/><D3/><U42/><E42/><V36/><F113/><N who="1" m="43017" /><E67/><V41/><F2/><W112/><G105/><T106/><D108/><U101/><E11/><V99/><F134/><W18/><G118/><T90/><D106/><U93/><E116/><V64/><F117/><W96/><G112/><T78/><D97/><U51/><E93/><V127/><F127/><W63/><G130/><T38/><D90/><N who="1" m="51543" /><E83/><V27/><F36/><W53/><G121/><T33/><D38/><U131/><E131/><V7/><F41/><W40/><G120/><T39/><D39/><U95/><E95/><N who="2" m="56831" /><F80/><W35/><G35/><T123/><D33/><U34/><E34/><V133/><F133/><W87/><G87/><T8/><D123/><U119/><E119/><V30/><F68/><W48/><G96/><T84/><REACH who="0" step="1"/><D23/><REACH who="0" ten="240,250,250,250" step="2"/><U73/><E103/><V132/><F132/><W107/><G107/><T100/><D100/><U45/><AGARI ba="0,1" hai="45,51,52,73,74,75,101,102" m="51543,43017" machi="45" ten="40,8000,1" yaku="11,1,52,3,54,1" doraHai="104" who="1" fromWho="1" sc="240,-40,250,90,250,-20,250,-20" /><INIT seed="1,0,0,1,1,19" ten="200,340,230,230" oya="1" hai0="135,20,118,58,127,23,86,16,32,133,53,43,65" hai1="41,72,49,113,93,7,2,69,121,79,103,75,106" hai2="78,123,119,125,87,47,52,104,107,94,56,134,95" hai3="48,22,110,54,117,9,4,97,101,91,1,57,73"/><U12/><E113/><V25/><F123/><W90/><G117/><T3/><D32/><U89/><E121/><V51/><F119/><W42/><G73/><T44/><D118/><U68/><E2/><V17/><F125/><W35/><G35/><T71/><D3/><U5/><E41/><V66/><F134/><N who="0" m="51210" /><D65/><U39/><E39/><V105/><F66/><W131/><G131/><T13/><D71/><U76/><E49/><V99/><F47/><W34/><G34/><T132/><D127/><U60/><E60/><V108/><F108/><W80/><G110/><T74/><D86/><U77/><E103/><V83/><REACH who="2" step="1"/><F99/><REACH who="2" ten="200,340,220,230" step="2"/><W88/><G42/><T11/><D132/><U27/><E69/><V26/><F26/><W40/><G40/><T55/><D74/><U102/><E27/><V0/><F0/><W82/><REACH who="3" step="1"/><G22/><AGARI ba="0,1" hai="17,22,25,51,52,56,78,83,87,94,95,104,105,107" machi="22" ten="40,8000,1" yaku="1,1,52,1,54,1,53,1" doraHai="19" doraHaiUra="45" who="2" fromWho="3" sc="200,0,340,0,220,90,230,-80" /><INIT seed="2,0,0,0,4,90" ten="200,340,310,150" oya="2" hai0="131,31,49,122,18,125,35,59,4,75,37,126,45" hai1="39,93,50,30,29,72,52,82,119,78,66,114,130" hai2="60,8,117,46,96,43,32,104,2,84,16,110,7" hai3="51,61,83,12,129,101,115,17,13,89,41,70,88"/><V27/><F117/><W71/><G129/><T81/><D4/><U134/><E119/><V92/><F104/><W111/><G111/><T94/><D122/><U55/><E114/><V113/><F113/><W11/><G115/><T23/><D37/><U62/><E39/><V91/><F110/><W40/><G101/><T33/><D59/><U3/><E3/><V10/><F60/><W67/><G71/><T100/><D31/><U19/><E130/><V24/><F32/><W97/><G51/><T0/><D0/><U5/><E5/><V28/><F28/><W21/><G89/><T36/><D36/><U106/><E106/><V58/><F58/><W108/><G108/><T54/><D81/><U133/><E19/><V123/><F123/><W77/><G13/><T109/><D75/><U14/><E14/><V69/><F69/><W118/><G118/><T64/><D64/><U86/><E62/><V53/><F53/><N who="1" m="20553" /><E50/><V63/><F63/><W95/><REACH who="3" step="1"/><G21/><REACH who="3" ten="200,340,310,140" step="2"/><T38/><D38/><U15/><E15/><N who="2" m="7271" /><F2/><W56/><G56/><T107/><D109/><U124/><E66/><V57/><F57/><W132/><G132/><N who="1" m="50794" /><E124/><V99/><F10/><W79/><G79/><T20/><D131/><U85/><E72/><AGARI ba="0,1" hai="11,12,17,40,41,61,67,70,72,77,83,88,95,97" machi="72" ten="30,7700,0" yaku="1,1,7,1,52,1,54,1,53,0" doraHai="90" doraHaiUra="68" who="3" fromWho="1" sc="200,0,340,-77,310,0,140,87" /><INIT seed="3,0,0,1,3,22" ten="200,263,310,227" oya="3" hai0="97,80,129,38,123,17,128,78,12,131,86,29,20" hai1="45,8,36,112,35,40,0,65,91,55,32,119,103" hai2="33,68,48,28,104,62,10,7,105,108,75,83,50" hai3="56,24,121,84,79,117,133,82,15,27,34,63,100"/><W110/><G121/><T96/><D123/><U43/><E112/><V132/><F132/><W90/><G117/><T116/><D116/><U89/><E119/><V53/><F108/><W74/><G133/><T102/><D38/><U122/><E43/><V58/><F75/><W37/><G37/><T51/><D102/><U127/><E127/><V49/><F83/><W88/><G110/><T4/><D4/><U31/><E65/><V6/><F68/><W5/><G34/><T9/><REACH who="0" step="1"/><D51/><REACH who="0" ten="190,263,310,227" step="2"/><U118/><E118/><V107/><REACH who="2" step="1"/><F10/><REACH who="2" ten="190,263,300,227" step="2"/><N who="3" m="4559" /><G74/><T120/><D120/><U111/><E122/><V106/><N who="2" m="26624" /><DORA hai="126" /><V113/><F113/><W134/><G134/><T66/><D66/><U52/><E111/><V2/><F2/><W46/><G100/><T77/><D77/><U99/><E0/><V41/><F41/><W57/><G57/><T87/><D87/><U1/><E1/><V13/><F13/><W125/><G125/><T72/><D72/><U81/><E103/><V76/><F76/><W71/><G71/><T54/><D54/><U130/><E40/><V73/><F73/><W42/><G42/><T85/><D85/><U92/><E36/><V11/><F11/><W69/><G69/><T115/><D115/><U60/><E8/><V19/><F19/><W124/><G124/><T18/><D18/><U44/><E31/><V23/><F23/><W61/><G46/><T59/><D59/><U64/><E45/><V67/><F67/><N who="3" m="39335" /><G63/><T101/><D101/><U14/><E60/><V21/><F21/><W135/><G135/><T25/><AGARI ba="0,2" hai="9,12,17,20,25,29,78,80,86,96,97,128,129,131" machi="25" ten="40,12000,2" yaku="1,1,0,1,19,1,52,4,53,0" doraHai="22,126" doraHaiUra="98,30" who="0" fromWho="0" sc="190,140,263,-30,300,-30,227,-60" /><INIT seed="4,0,0,5,4,101" ten="330,233,270,167" oya="0" hai0="82,75,11,67,94,127,63,85,26,29,30,118,86" hai1="50,5,79,8,78,134,56,70,64,21,18,71,60" hai2="46,100,33,24,53,0,73,129,49,98,123,32,13" hai3="92,120,41,62,35,87,37,74,59,114,131,116,44"/><T115/><D115/><U89/><E134/><V16/><F123/><W66/><G120/><T113/><D118/><U9/><E9/><V124/><F124/><W43/><G116/><T45/><D75/><U10/><E10/><V90/><F129/><W15/><G74/><T22/><D113/><U38/><E38/><V39/><F0/><W132/><G131/><T83/><D94/><U68/><E89/><V81/><F39/><W103/><G35/><T14/><D45/><U20/><E50/><V58/><F24/><W80/><G132/><T17/><D127/><U52/><E64/><V19/><F19/><W97/><G114/><T4/><D86/><U76/><REACH who="1" step="1"/><E18/><REACH who="1" ten="330,223,270,167" step="2"/><V23/><F90/><W48/><G41/><T128/><D128/><U27/><E27/><V61/><F73/><W108/><G108/><T130/><D130/><U2/><AGARI ba="0,1" hai="2,5,8,20,21,52,56,60,68,70,71,76,78,79" machi="2" ten="40,5200,0" yaku="1,1,0,1,54,1,53,0" doraHai="101" doraHaiUra="112" who="1" fromWho="1" sc="330,-26,223,62,270,-13,167,-13" /><INIT seed="5,0,0,5,2,97" ten="304,285,257,154" oya="1" hai0="75,106,36,100,104,32,86,74,20,63,23,119,134" hai1="101,114,15,6,30,47,70,109,10,54,11,87,81" hai2="107,85,7,128,73,71,17,52,26,14,24,69,19" hai3="31,88,58,61,34,51,0,57,53,41,35,40,1"/><U84/><E70/><V39/><F107/><W93/><G34/><T16/><D32/><U37/><E114/><V95/><F73/><W125/><G125/><T65/><D36/><U77/><E30/><V120/><F120/><W126/><G126/><T28/><D119/><U59/><E109/><V130/><F39/><W4/><G4/><T110/><D86/><U91/><E47/><V113/><F71/><W116/><G116/><T66/><D134/><U3/><E37/><V102/><F69/><W132/><G132/><T78/><D63/><U48/><E101/><V129/><F113/><W103/><G103/><T98/><D78/><U29/><E29/><V123/><F123/><W105/><G105/><T117/><D117/><U2/><REACH who="1" step="1"/><E11/><REACH who="1" ten="304,275,257,154" step="2"/><N who="2" m="4479" /><F102/><W55/><G31/><T94/><D110/><U127/><E127/><V89/><F52/><W22/><G35/><T108/><D108/><U111/><E111/><V9/><F9/><W133/><G133/><T49/><D106/><U76/><E76/><V46/><F46/><W79/><G79/><T92/><D104/><U67/><E67/><V42/><F42/><W124/><G124/><T12/><D66/><U45/><E45/><V62/><F62/><W82/><G0/><T64/><D64/><U25/><E25/><AGARI ba="0,1" hai="17,19,24,25,26,85,89,95,128,129,130" m="4479" machi="25" ten="30,1000,0" yaku="19,1" doraHai="97" who="2" fromWho="1" sc="304,0,275,-10,257,20,154,0" /><INIT seed="6,0,0,1,2,102" ten="304,265,277,154" oya="2" hai0="79,40,10,18,65,59,50,80,8,71,54,24,13" hai1="9,20,101,81,92,93,100,77,114,111,32,127,41" hai2="49,91,103,76,67,29,73,35,97,0,113,45,119" hai3="1,117,62,109,42,95,118,121,94,125,36,61,83"/><V14/><F119/><W82/><G1/><T19/><D71/><U112/><E32/><V132/><F0/><W48/><G36/><T96/><D65/><U87/><E20/><V84/><F113/><N who="1" m="43625" /><E9/><V33/><F73/><W2/><G2/><T105/><D40/><U68/><E41/><V110/><F76/><W63/><G125/><T75/><D24/><U74/><E68/><V88/><F110/><W120/><G48/><T4/><D10/><U30/><E30/><V3/><F3/><W133/><G133/><T31/><D31/><U135/><E111/><V107/><F132/><W34/><G109/><T7/><D19/><U131/><E135/><V64/><F35/><W23/><G23/><T106/><REACH who="0" step="1"/><D96/><REACH who="0" ten="294,265,277,154" step="2"/><U69/><E69/><V28/><F33/><W38/><G42/><T86/><D86/><U27/><E27/><V26/><F29/><W6/><G34/><T53/><D53/><U124/><E131/><V43/><F28/><W44/><G6/><AGARI ba="0,1" hai="4,6,7,8,13,18,50,54,59,75,79,80,105,106" machi="6" ten="40,8000,1" yaku="1,1,52,2,53,1" doraHai="102" doraHaiUra="5" who="0" fromWho="3" sc="294,90,265,0,277,0,154,-80" /><INIT seed="7,0,0,3,2,62" ten="384,265,277,74" oya="3" hai0="25,132,9,35,13,102,118,47,46,29,50,135,51" hai1="11,126,73,101,80,39,49,127,76,53,28,58,133" hai2="106,84,74,20,37,60,89,100,121,90,65,125,23" hai3="63,124,64,128,131,98,68,85,14,122,55,16,69"/><W0/><G122/><T79/><D118/><U18/><E39/><V117/><F117/><W75/><G75/><T40/><D102/><U107/><E28/><V87/><F37/><W45/><G0/><T36/><D79/><U52/><E53/><V92/><F121/><W1/><G1/><T96/><D96/><N who="1" m="61863" /><E18/><V111/><F111/><W54/><G98/><T2/><D2/><U93/><E93/><V8/><F125/><N who="1" m="47625" /><E11/><V105/><F74/><W94/><G124/><T83/><D83/><U129/><E133/><N who="0" m="51273" /><D47/><U30/><E30/><V38/><F38/><W82/><G94/><T15/><D15/><U32/><E32/><V34/><F34/><W115/><G69/><T21/><D35/><U22/><E22/><V5/><F100/><W42/><G115/><T130/><D130/><AGARI ba="0,0" hai="49,52,58,73,76,80,129,130" m="47625,61863" machi="130" ten="30,2000,0" yaku="18,1,54,1" doraHai="62" who="1" fromWho="0" sc="384,-20,265,20,277,0,74,0" owari="364,46.0,285,9.0,277,-12.0,74,-43.0" /></mjloggm>