<mjloggm ver="2.3"><GO type="41" lobby="0"/><UN n0="%61%6D%61%67%69%6E" n1="%E2%93%9D%53%75%70%68%78" n2="%28%42%29%E8%8C%84%E5%AD%90" n3="%E3%83%8D%E3%82%AA%E3%81%B8%E3%81%84" dan="13,19,13,14" rate="1814.17,2221.11,1849.45,2004.82" sx="M,M,M,M"/><TAIKYOKU oya="0"/><INIT seed="0,0,0,1,2,44" ten="250,250,250,250" oya="0" hai0="85,1,103,121,67,52,18,15,84,45,39,119,76" hai1="130,12,107,22,131,6,27,49,78,135,74,48,70" hai2="88,40,47,9,30,55,110,63,80,23,34,10,94" hai3="53,96,41,102,123,24,114,19,33,50,86,120,35"/><T79/><D1/><U87/><E107/><V46/><F80/><W83/><G114/><T89/><D121/><N who="3" m="46665" /><G41/><T5/><D5/><U115/><E70/><V109/><F34/><W68/><G19/><T38/><D119/><U14/><E74/><V82/><F82/><W116/><G24/><T134/><D134/><U43/><E43/><V92/><F94/><N who="3" m="58647" /><G68/><T125/><D103/><U101/><E101/><V122/><F40/><W133/><G133/><T95/><D125/><U59/><E115/><V11/><F122/><W98/><G98/><T61/><D85/><U31/><E135/><V26/><F46/><N who="3" m="27863" /><G116/><T4/><D4/><U32/><E6/><V71/><F71/><W129/><G129/><N who="1" m="49162" /><E32/><V0/><F63/><W90/><AGARI ba="0,0" hai="33,35,83,86,90" m="27863,58647,46665" machi="90" ten="30,2000,0" yaku="13,1,52,1" doraHai="44" who="3" fromWho="3" sc="250,-10,250,-5,250,-5,250,20" /><INIT seed="1,0,0,2,2,41" ten="240,245,245,270" oya="1" hai0="82,51,76,7,2,54,0,135,122,115,71,126,111" hai1="12,117,105,90,118,74,72,95,21,5,96,29,38" hai2="18,77,31,24,1,107,52,46,35,86,44,65,88" hai3="79,10,66,89,93,124,36,19,91,80,48,127,49"/><U22/><E38/><V110/><F107/><W64/><G36/><T61/><D122/><U106/><E5/><V133/><F65/><W125/><G64/><T3/><D111/><U109/><E29/><V120/><F120/><W42/><G66/><T26/><D115/><U69/><E12/><V59/><F110/><W78/><G78/><T40/><D135/><U30/><E30/><V27/><F77/><W116/><G116/><N who="1" m="44650" /><E22/><V20/><F1/><W98/><G89/><T121/><D121/><U45/><E45/><V119/><F133/><W123/><G123/><T39/><D126/><U57/><E21/><V87/><F86/><W134/><G134/><T17/><D7/><U50/><E50/><V112/><F112/><W68/><G68/><T11/><D71/><U60/><E57/><V84/><F84/><N who="3" m="48159" /><G42/><T100/><D100/><U102/><E60/><V131/><F131/><W129/><G129/><T62/><D39/><U53/><E53/><V94/><F119/><W43/><G43/><T104/><D104/><N who="1" m="40043" /><E69/><V97/><F87/><W55/><G55/><T8/><D40/><U99/><E109/><V67/><F67/><W34/><G34/><T114/><D114/><U4/><E4/><V58/><F58/><W113/><G113/><T23/><D62/><AGARI ba="0,0" hai="18,20,24,27,31,35,44,46,52,59,62,88,94,97" machi="62" ten="30,12000,2" yaku="7,1,25,2,52,2,54,2" doraHai="41" who="2" fromWho="0" sc="240,-120,245,0,245,120,270,0" /><INIT seed="2,0,0,2,0,26" ten="120,245,365,270" oya="2" hai0="6,124,66,95,130,22,103,17,90,113,65,117,123" hai1="72,54,80,109,34,2,10,33,134,32,133,106,42" hai2="31,18,8,75,21,59,129,91,104,120,69,46,4" hai3="81,102,19,29,38,55,86,53,62,127,36,27,115"/><V112/><F69/><W89/><G127/><T1/><D123/><U13/><E54/><V23/><F120/><W14/><G115/><T135/><D117/><U15/><E42/><V56/><F112/><W44/><G102/><T78/><D113/><U57/><E57/><V5/><F129/><W28/><G55/><T126/><D135/><N who="1" m="51723" /><E106/><V121/><F121/><W110/><G110/><T83/><D130/><U107/><E107/><V99/><F75/><W49/><G62/><T77/><D103/><U73/><E80/><V125/><F125/><W51/><G51/><T35/><D35/><U116/><E109/><V71/><F71/><W122/><G122/><T92/><D6/><N who="2" m="2666" /><F8/><N who="3" m="6599" /><G27/><T128/><D128/><U25/><E25/><N who="2" m="16815" /><F104/><W50/><G50/><T114/><D114/><U111/><E111/><V76/><F76/><W132/><G132/><T37/><D37/><AGARI ba="0,0" hai="28,29,36,37,38,44,49,53,81,86,89" m="6599" machi="37" ten="30,3900,0" yaku="25,1,52,2" doraHai="26" who="3" fromWho="0" sc="120,-39,245,0,365,0,270,39" /><INIT seed="3,0,0,1,0,46" ten="81,245,365,309" oya="3" hai0="123,49,65,44,30,84,77,53,134,115,32,61,73" hai1="119,21,54,47,35,128,78,68,62,92,67,18,10" hai2="60,63,75,101,85,1,50,7,66,22,91,17,36" hai3="27,80,106,100,24,114,88,51,122,71,129,9,3"/><W98/><G129/><T55/><D123/><U19/><E35/><V2/><F75/><W99/><G122/><T103/><D73/><U86/><E128/><V20/><F36/><W96/><G114/><T70/><D103/><U43/><E119/><V121/><F101/><W0/><G71/><T120/><D120/><U5/><E54/><V64/><F7/><W28/><G24/><T4/><D4/><U126/><E126/><V102/><F102/><W29/><G28/><T79/><D115/><U31/><E31/><V11/><F121/><W125/><G125/><T58/><D134/><U82/><E92/><V56/><F11/><W39/><G39/><T6/><D6/><U118/><E21/><V107/><F107/><W57/><G9/><T111/><D111/><U83/><E83/><V81/><F22/><W94/><G80/><T87/><D79/><U72/><E118/><V23/><F23/><W16/><G98/><T93/><D93/><U37/><REACH who="1" step="1"/><E86/><REACH who="1" ten="81,235,365,309" step="2"/><V132/><F132/><W131/><G131/><T112/><D112/><U33/><E33/><V48/><F2/><AGARI ba="0,1" hai="2,5,10,18,19,37,43,47,62,67,68,72,78,82" machi="2" ten="30,7700,0" yaku="1,1,7,1,25,2,53,0" doraHai="46" doraHaiUra="113" who="1" fromWho="2" sc="81,0,235,87,365,-77,309,0" /><INIT seed="4,0,0,2,1,109" ten="81,322,288,309" oya="0" hai0="9,16,32,46,85,20,29,106,23,132,67,92,90" hai1="8,91,3,15,111,118,56,21,130,51,110,131,108" hai2="124,60,31,115,12,86,7,88,76,100,73,72,4" hai3="2,133,102,112,14,11,33,63,62,71,59,134,66"/><T93/><D132/><N who="3" m="50793" /><G33/><T42/><D106/><U99/><E51/><V97/><F31/><W89/><G2/><T117/><D117/><U107/><E56/><V98/><F7/><N who="3" m="3455" /><G89/><T79/><D67/><U24/><E91/><V22/><F60/><W135/><N who="3" m="50801" /><W80/><DORA hai="87" /><G80/><T1/><D79/><U49/><E99/><N who="2" m="37899" /><F22/><W94/><G102/><T74/><D74/><N who="2" m="28778" /><F12/><W57/><G94/><T25/><D93/><U19/><E107/><V125/><F4/><W38/><G38/><T121/><D121/><U128/><E49/><V95/><F100/><W126/><G63/><T55/><D1/><U53/><E3/><V82/><F115/><W77/><G59/><T61/><D61/><U45/><E118/><V123/><F123/><W96/><G71/><T65/><D65/><U37/><E111/><V0/><F0/><W48/><G48/><T5/><D5/><U35/><E110/><V36/><F36/><W116/><G116/><T10/><D55/><U70/><E108/><V18/><F18/><W39/><G112/><T64/><D64/><U50/><E37/><V119/><F119/><W58/><G39/><T26/><REACH who="0" step="1"/><D32/><REACH who="0" ten="71,322,288,309" step="2"/><U75/><E35/><V113/><F113/><W6/><G6/><T54/><D54/><U78/><E53/><V129/><F129/><W34/><G34/><T40/><D40/><U104/><E131/><V43/><F43/><W47/><G62/><T30/><D30/><U13/><E130/><V41/><F41/><W44/><G66/><T101/><D101/><U52/><E128/><V17/><F17/><W127/><G77/><RYUUKYOKU ba="0,1" sc="71,15,322,-15,288,15,309,-15" hai0="9,10,16,20,23,25,26,29,42,46,85,90,92" hai2="76,82,86,88,95,124,125" /><INIT seed="4,1,1,1,3,104" ten="86,307,303,294" oya="0" hai0="132,34,51,75,44,128,0,114,130,14,57,117,43" hai1="13,53,88,115,79,68,64,66,135,39,80,124,129" hai2="106,108,89,56,26,122,78,134,72,58,92,8,17" hai3="11,38,85,54,3,83,33,42,116,111,55,123,20"/><T110/><D34/><U101/><E39/><V25/><F122/><W7/><G33/><T10/><D0/><U63/><E101/><V40/><F106/><W126/><G111/><T19/><D117/><U27/><E129/><N who="0" m="49769" /><D110/><U69/><E135/><V99/><F108/><W77/><G116/><T35/><D35/><U23/><E124/><V95/><F40/><W1/><G1/><T60/><D132/><U32/><E115/><V71/><F71/><W98/><G126/><T30/><D30/><U24/><E53/><V96/><F72/><N who="3" m="43431" /><G123/><T48/><D114/><U22/><E13/><N who="2" m="7335" /><F78/><W86/><G20/><T6/><D6/><U112/><E32/><V94/><F134/><W133/><G98/><N who="2" m="37417" /><F89/><W91/><G133/><T87/><D51/><U84/><E112/><V31/><F31/><W127/><G127/><T103/><D103/><U62/><E79/><V90/><F90/><W93/><G86/><T73/><D87/><U29/><E29/><V45/><F45/><AGARI ba="1,1" hai="3,7,11,38,42,45,54,55,85,91,93" m="43431" machi="45" ten="30,2000,0" yaku="25,1,52,1" doraHai="104" who="3" fromWho="2" sc="86,0,307,0,303,-23,294,33" /><INIT seed="5,0,0,3,0,115" ten="86,307,280,327" oya="1" hai0="69,111,70,59,28,82,124,122,64,21,5,135,67" hai1="77,128,86,48,1,89,109,2,42,116,85,101,133" hai2="126,31,17,120,78,71,105,88,47,23,66,117,25" hai3="3,99,63,43,97,10,40,121,134,127,81,100,107"/><U74/><E128/><V56/><F120/><W8/><G121/><T34/><D111/><U4/><E133/><V87/><F71/><W132/><G127/><T45/><D122/><U92/><E74/><V26/><F126/><W68/><G81/><T36/><D135/><N who="3" m="51753" /><G99/><T125/><D82/><U91/><E77/><V94/><F105/><W15/><G3/><T118/><D34/><U22/><E101/><V19/><F117/><W108/><G108/><T18/><D28/><U24/><E116/><V57/><F78/><W113/><G113/><T129/><D129/><U37/><E37/><V14/><F66/><N who="3" m="41055" /><G8/><T104/><D104/><U30/><E4/><AGARI ba="0,0" hai="4,10,15,40,43,97,100,107" m="41055,51753" machi="4" ten="30,1000,0" yaku="20,1" doraHai="115" who="3" fromWho="1" sc="86,0,307,-10,280,0,327,10" /><INIT seed="6,0,0,2,3,121" ten="86,297,280,337" oya="2" hai0="122,95,1,80,114,5,78,10,105,20,106,42,102" hai1="32,74,24,113,108,35,4,9,134,11,68,126,52" hai2="6,128,38,8,61,31,56,125,45,79,60,34,50" hai3="94,40,65,77,23,51,92,67,29,132,72,75,87"/><V21/><F128/><W89/><G75/><T15/><D114/><U101/><E74/><V66/><F34/><W59/><G132/><T83/><D122/><U86/><E68/><V115/><F115/><W69/><G69/><T39/><D105/><U62/><E113/><V16/><F38/><W2/><G2/><T109/><D106/><U112/><E126/><V88/><F79/><W30/><G77/><T44/><D102/><U76/><E101/><V119/><F119/><W127/><G72/><T17/><D95/><U73/><E108/><V104/><F104/><W49/><G127/><T0/><D0/><U117/><E73/><V90/><F31/><W107/><G107/><T12/><D12/><U71/><E134/><V27/><F61/><W64/><G23/><T18/><D18/><U133/><E117/><V91/><F125/><W96/><G59/><T46/><D46/><U111/><E111/><V131/><F131/><W47/><G51/><T37/><D37/><U48/><E133/><V36/><F36/><W3/><G3/><T19/><D19/><U116/><E116/><V54/><F91/><AGARI ba="0,0" hai="29,30,40,47,49,64,65,67,87,89,91,92,94,96" machi="91" ten="40,1300,0" yaku="8,1" doraHai="121" who="3" fromWho="2" sc="86,0,297,0,280,-13,337,13" /><INIT seed="7,0,0,5,4,62" ten="86,297,267,350" oya="3" hai0="88,100,35,84,121,3,1,44,98,130,78,5,30" hai1="45,122,56,119,42,113,66,131,89,40,85,59,11" hai2="69,114,95,27,20,112,106,103,117,10,32,86,107" hai3="17,24,124,8,94,129,16,72,14,123,63,133,115"/><W102/><G123/><T33/><D121/><U26/><E122/><V55/><F55/><W65/><G72/><T71/><D130/><U79/><E113/><V73/><F32/><W15/><G115/><N who="2" m="44073" /><F20/><N who="3" m="13327" /><G129/><T97/><D71/><U83/><E119/><V9/><F27/><W51/><G51/><T54/><D78/><U22/><E131/><V6/><F69/><W134/><G124/><T36/><D30/><U21/><E21/><V120/><F120/><W4/><G94/><T2/><D5/><U93/><E11/><V57/><F57/><N who="3" m="37103" /><G102/><T126/><D126/><U64/><E59/><V13/><F73/><W128/><G128/><T43/><D54/><U105/><E105/><V41/><F41/><N who="1" m="15977" /><E56/><V127/><F117/><W7/><G15/><T104/><REACH who="0" step="1"/><D98/><REACH who="0" ten="76,297,267,350" step="2"/><N who="1" m="57647" /><E45/><V116/><F116/><W38/><G4/><T25/><D25/><U91/><E79/><V60/><F127/><W70/><G7/><T80/><AGARI ba="0,1" hai="1,2,3,33,35,36,43,44,80,84,88,97,100,104" machi="80" ten="30,4000,0" yaku="1,1,0,1,54,1,53,0" doraHai="62" doraHaiUra="12" who="0" fromWho="0" sc="76,50,297,-10,267,-10,350,-20" owari="126,-37.0,287,9.0,257,-14.0,330,42.0" /></mjloggm>