<mjloggm ver="2.3"><GO type="41" lobby="0"/><UN n0="%E2%93%9D%53%75%70%68%78" n1="%E9%A2%A8%E7%B8%AB" n2="%E5%B0%BA%E5%85%AB%E3%81%8A%E3%81%98%E3%81%95%E3%82%93" n3="%E4%BF%BA%E3%82%AF%E3%83%A9%E3%82%B9%E3%81%AF%E3%83%80%E3%83%9E%EF%BC%81" dan="19,14,15,15" rate="2148.96,1949.39,2042.88,1949.64" sx="M,M,M,M"/><TAIKYOKU oya="0"/><INIT seed="0,0,0,2,4,88" ten="250,250,250,250" oya="0" hai0="112,92,104,26,3,41,74,68,38,64,32,86,131" hai1="73,108,128,47,22,4,110,116,28,48,100,78,2" hai2="61,57,81,63,115,66,21,27,103,130,102,127,117" hai3="85,67,43,20,114,7,60,107,71,101,123,45,16"/><T31/><D112/><U113/><E116/><V33/><F115/><W44/><G114/><T5/><D131/><U17/><E113/><V105/><F117/><W8/><G123/><T49/><D49/><U77/><E28/><V55/><F130/><W59/><G71/><T1/><D86/><U97/><E128/><V37/><F33/><W0/><G85/><T39/><D92/><N who="1" m="58407" /><E2/><N who="0" m="521" /><D5/><U54/><E4/><V80/><F37/><N who="0" m="13834" /><D41/><U126/><E73/><V62/><F62/><W19/><G43/><T129/><D129/><U25/><E126/><V79/><F127/><W18/><REACH who="3" step="1"/><G20/><REACH who="3" ten="250,250,250,240" step="2"/><T82/><D74/><U98/><E98/><AGARI ba="0,1" hai="0,7,8,16,18,19,44,45,59,60,67,98,101,107" machi="98" ten="40,5200,0" yaku="1,1,2,1,54,1,53,0" doraHai="88" doraHaiUra="109" who="3" fromWho="1" sc="250,0,250,-52,250,0,240,62" /><INIT seed="1,0,0,4,3,20" ten="250,198,250,302" oya="1" hai0="81,9,133,33,15,38,76,24,109,54,103,64,101" hai1="58,97,37,32,23,92,65,40,90,44,122,115,48" hai2="53,21,112,45,19,13,69,127,4,131,18,110,135" hai3="35,134,119,73,22,14,31,116,84,86,62,78,82"/><U29/><E122/><V60/><F110/><W96/><G134/><T7/><D38/><U67/><E115/><V55/><F135/><W1/><G1/><T125/><D109/><U102/><E32/><V108/><F108/><W107/><G35/><T59/><D125/><U17/><E29/><V104/><F127/><W49/><G49/><T5/><D64/><U56/><E37/><V39/><F4/><W130/><G130/><T68/><D68/><U57/><REACH who="1" step="1"/><E102/><REACH who="1" ten="250,188,250,302" step="2"/><V91/><F112/><W11/><G31/><T117/><D103/><U100/><E100/><V0/><F39/><W63/><G119/><T128/><D101/><U46/><E46/><V75/><F45/><W8/><G116/><T74/><D133/><U47/><E47/><V94/><F131/><W93/><G107/><T114/><D128/><U28/><E28/><V88/><F104/><W43/><G43/><T10/><D117/><U95/><E95/><V16/><F94/><W70/><G93/><T85/><D114/><U34/><E34/><V87/><F21/><W51/><G22/><T42/><D42/><U124/><E124/><V111/><F111/><W126/><G126/><T132/><D132/><U118/><E118/><V6/><F19/><W83/><G83/><T105/><D105/><U27/><AGARI ba="0,1" hai="17,23,27,40,44,48,56,57,58,65,67,90,92,97" machi="27" ten="30,11700,0" yaku="1,1,0,1,8,1,52,1,53,0" doraHai="20" doraHaiUra="121" who="1" fromWho="1" sc="250,-39,188,127,250,-39,302,-39" /><INIT seed="1,1,0,4,1,125" ten="211,315,211,263" oya="1" hai0="117,18,53,84,132,98,129,67,86,29,122,4,25" hai1="105,135,49,72,38,121,119,9,75,90,74,79,124" hai2="76,19,14,96,63,40,131,37,17,110,24,7,56" hai3="45,102,43,127,134,35,39,81,116,59,64,92,93"/><U73/><E49/><V16/><F110/><W51/><G127/><T104/><D117/><U33/><E9/><V115/><F115/><W70/><G116/><T20/><D132/><U82/><E33/><V8/><F76/><W0/><G134/><T47/><D67/><U36/><E135/><V107/><F131/><W28/><G0/><T1/><D122/><U41/><E41/><V10/><F24/><W2/><G2/><T31/><D104/><U66/><E66/><V128/><F128/><W55/><G102/><T100/><D4/><U26/><E26/><V133/><F133/><W89/><G28/><T65/><D65/><U50/><E50/><V111/><F111/><W101/><G101/><T71/><D71/><U12/><E90/><V97/><F107/><W15/><G15/><T6/><D31/><U106/><E12/><N who="2" m="5151" /><F40/><W120/><G120/><T109/><D29/><U123/><E124/><V77/><F77/><W3/><G3/><T23/><D1/><U103/><E106/><V34/><F34/><W30/><G30/><T88/><D129/><U52/><E119/><V58/><F58/><W62/><REACH who="3" step="1"/><G35/><REACH who="3" ten="211,315,211,253" step="2"/><T94/><D109/><U68/><E121/><V60/><F14/><W112/><G112/><T21/><D100/><U85/><E123/><V126/><F126/><W27/><G27/><T78/><D25/><U13/><E103/><V130/><F130/><W108/><G108/><T91/><D23/><U80/><E13/><V5/><F10/><W11/><G11/><T57/><D21/><U87/><N who="1" m="18432" /><DORA hai="83" /><U54/><E105/><V22/><F22/><RYUUKYOKU ba="1,1" sc="211,-10,315,-10,211,-10,253,30" hai3="39,43,45,51,55,59,62,64,70,81,89,92,93" /><INIT seed="2,2,1,4,3,84" ten="201,305,201,283" oya="2" hai0="25,2,102,57,70,23,58,56,112,17,62,27,12" hai1="21,29,5,40,16,66,94,39,86,28,98,131,19" hai2="120,106,35,50,49,72,74,76,43,78,75,51,107" hai3="101,24,64,117,61,81,91,33,59,80,3,67,122"/><V26/><F43/><W118/><G122/><T41/><D112/><U68/><E131/><V9/><F120/><W124/><G3/><T116/><D2/><U108/><E5/><V30/><REACH who="2" step="1"/><F9/><REACH who="2" ten="201,305,191,283" step="2"/><W82/><G118/><T134/><D116/><U45/><E40/><V14/><F14/><W77/><G117/><T7/><D41/><U115/><E39/><V48/><N who="2" m="12288" /><DORA hai="93" /><V20/><F20/><W36/><G36/><T1/><D1/><U133/><E21/><V53/><F53/><W63/><G33/><T47/><D23/><U95/><E115/><V126/><F126/><W90/><G124/><T128/><D12/><U130/><E45/><V54/><F54/><W79/><G24/><T42/><D27/><U18/><E130/><V88/><F88/><N who="3" m="33835" /><G101/><T105/><D102/><U31/><E133/><V100/><F100/><W60/><G59/><T123/><D128/><U55/><E55/><V85/><F85/><W129/><G129/><T135/><D123/><U65/><E86/><V83/><F83/><W22/><G22/><T96/><D135/><U44/><E44/><V73/><N who="2" m="18432" /><DORA hai="34" /><V97/><F97/><W6/><G6/><T52/><D134/><U104/><E98/><V113/><F113/><W103/><G103/><T38/><D96/><U8/><E8/><V15/><F15/><W13/><G13/><T4/><D52/><U127/><E127/><V109/><F109/><W46/><G46/><T125/><D125/><U71/><E108/><V114/><F114/><W110/><G110/><T121/><D121/><U37/><E37/><V87/><F87/><RYUUKYOKU ba="2,2" sc="201,-15,305,-15,191,15,283,15" hai2="26,30,35,76,78,106,107" hai3="60,61,63,64,67,77,79,80,81,82" /><INIT seed="2,3,2,3,2,64" ten="186,290,206,298" oya="2" hai0="43,100,58,97,75,21,31,56,113,4,65,60,135" hai1="90,53,16,17,11,129,19,72,74,38,27,86,24" hai2="23,37,42,124,10,101,68,93,114,51,107,18,112" hai3="92,120,116,36,79,67,54,12,127,131,32,106,59"/><V110/><F107/><W111/><G106/><T91/><D113/><U45/><E129/><V119/><F119/><W108/><G32/><T13/><D75/><U39/><E74/><V99/><F37/><W89/><G116/><T88/><D135/><U9/><E72/><V35/><F35/><W63/><G36/><T105/><D43/><U126/><E126/><V94/><F124/><W40/><G40/><T118/><D118/><U66/><E66/><V47/><F110/><N who="3" m="42027" /><G79/><T115/><D115/><U52/><E19/><V81/><F81/><W98/><G120/><T95/><D58/><U117/><E86/><V15/><F68/><W55/><G131/><T57/><D57/><U41/><E41/><V83/><F83/><W8/><G127/><T1/><D105/><U96/><E90/><V22/><F22/><W102/><G102/><T130/><D130/><U20/><E117/><V84/><REACH who="2" step="1"/><F23/><REACH who="2" ten="186,290,196,298" step="2"/><W62/><G62/><T69/><D69/><U34/><E20/><V33/><F33/><W73/><G73/><T28/><D28/><U82/><E34/><V87/><F87/><W48/><G48/><T44/><D31/><U132/><E132/><V46/><F46/><W134/><G134/><T71/><D44/><U2/><E45/><V29/><F29/><W26/><G26/><T123/><D71/><U85/><E85/><V125/><F125/><W14/><G63/><T61/><D61/><U25/><E25/><V122/><F122/><W49/><G59/><T80/><D123/><U30/><E30/><V0/><F0/><W133/><G133/><T6/><D1/><RYUUKYOKU ba="3,3" sc="186,-10,290,-10,196,30,298,-10" hai2="10,15,18,42,47,51,84,93,94,99,101,112,114" /><INIT seed="2,4,3,1,1,11" ten="176,280,226,288" oya="2" hai0="45,33,22,129,119,80,64,3,78,57,59,61,49" hai1="53,26,32,1,105,135,25,54,116,110,87,10,100" hai2="93,86,9,15,19,83,62,126,13,38,72,34,50" hai3="42,103,117,77,113,102,27,37,115,111,96,85,44"/><V104/><F38/><W7/><G111/><T75/><D33/><U66/><E116/><V29/><F104/><W70/><G117/><T40/><D119/><U98/><E26/><V46/><F72/><W114/><G70/><T123/><D3/><U39/><E39/><V92/><F126/><W82/><G7/><T112/><D129/><U0/><E87/><V79/><F62/><W60/><G60/><T94/><D112/><U47/><E47/><V128/><F128/><W14/><G14/><T24/><D94/><U48/><E48/><V55/><REACH who="2" step="1"/><F13/><REACH who="2" ten="176,280,216,288" step="2"/><W16/><G96/><T35/><D123/><U88/><E98/><V63/><F63/><W18/><G27/><AGARI ba="4,4" hai="9,15,19,27,29,34,46,50,55,79,83,86,92,93" machi="27" ten="40,7700,0" yaku="1,1,52,1,53,1" doraHai="11" doraHaiUra="31" who="2" fromWho="3" sc="176,0,280,0,216,129,288,-89" /><INIT seed="2,5,0,0,2,126" ten="176,280,345,199" oya="2" hai0="95,40,72,64,37,124,67,83,49,53,123,128,134" hai1="68,75,121,108,21,13,110,77,80,129,61,93,85" hai2="28,84,12,97,45,48,11,104,119,2,71,114,46" hai3="10,52,109,20,50,135,106,122,117,30,69,36,81"/><V19/><F114/><W92/><G106/><T60/><D95/><U82/><E121/><V96/><F119/><W76/><G117/><T120/><D83/><U78/><E93/><V116/><F116/><W127/><G122/><N who="0" m="46635" /><D72/><U15/><E129/><V18/><F28/><W17/><G127/><T107/><D107/><U25/><E61/><V73/><F73/><W39/><G69/><T98/><D98/><U9/><E68/><V6/><F19/><W27/><G135/><T113/><D124/><U3/><E3/><V0/><F0/><W103/><G109/><N who="1" m="42090" /><E9/><V44/><F48/><W29/><G103/><T56/><D113/><U79/><E79/><V88/><F71/><W132/><G132/><T63/><D134/><U51/><E51/><V8/><REACH who="2" step="1"/><F104/><REACH who="2" ten="176,280,335,199" step="2"/><W74/><G30/><AGARI ba="5,1" hai="13,15,21,25,30,75,77,78,80,82,85" m="42090" machi="30" ten="30,1000,0" yaku="14,1" doraHai="126" who="1" fromWho="3" sc="176,0,280,35,335,0,199,-25" /><INIT seed="3,0,0,4,4,29" ten="176,315,335,174" oya="3" hai0="15,10,51,114,38,91,116,72,120,33,1,125,135" hai1="45,122,11,93,50,90,111,73,62,78,107,44,36" hai2="28,94,84,83,24,126,103,97,46,49,42,96,88" hai3="106,21,55,57,89,18,34,67,124,7,82,5,25"/><W20/><G124/><T41/><RYUUKYOKU type="yao9" ba="0,0" sc="176,0,315,0,335,0,174,0" hai0="1,10,15,33,38,41,51,72,91,114,116,120,125,135" /><INIT seed="3,1,0,0,4,64" ten="176,315,335,174" oya="3" hai0="31,36,60,115,71,74,29,26,75,27,96,108,106" hai1="91,111,34,112,39,73,23,48,126,55,35,90,38" hai2="58,97,18,84,56,122,103,8,88,42,17,12,52" hai3="10,6,80,4,107,37,123,114,16,46,2,51,11"/><W101/><G114/><T32/><D108/><U95/><E111/><V65/><F122/><W120/><G37/><T124/><D124/><U49/><E73/><V1/><F1/><W81/><G107/><T67/><D36/><U70/><E70/><V72/><F72/><W66/><G101/><N who="0" m="62759" /><D115/><U92/><E23/><AGARI ba="1,0" hai="23,26,27,29,31,32,60,67,71,74,75" m="62759" machi="23" ten="30,2000,0" yaku="25,1,52,1" doraHai="64" who="0" fromWho="1" sc="176,23,315,-23,335,0,174,0" /><INIT seed="4,0,0,5,4,59" ten="199,292,335,174" oya="0" hai0="61,101,98,128,112,7,47,132,34,97,14,72,35" hai1="81,52,18,48,44,39,19,121,69,115,125,30,36" hai2="102,78,23,28,108,67,3,122,127,57,17,119,25" hai3="89,103,104,80,87,50,90,65,99,42,100,40,29"/><T96/><D72/><U26/><E121/><V0/><F122/><W77/><G103/><T45/><D101/><U10/><E125/><V126/><F108/><W55/><G29/><T62/><D128/><U113/><E81/><V85/><F102/><W105/><G105/><T31/><D31/><U15/><E69/><V56/><F119/><W79/><G65/><T109/><D132/><U22/><REACH who="1" step="1"/><E19/><REACH who="1" ten="199,282,335,174" step="2"/><V1/><F17/><W110/><G110/><T107/><D109/><U12/><E12/><V32/><F126/><W130/><G130/><T123/><D123/><U64/><E64/><V117/><F0/><W84/><G77/><T27/><D14/><U116/><E116/><V71/><F71/><W4/><G4/><T83/><D7/><U41/><E41/><V76/><F1/><W92/><G79/><T11/><D83/><U82/><E82/><V74/><F3/><W94/><REACH who="3" step="1"/><G80/><REACH who="3" ten="199,282,335,164" step="2"/><T8/><D107/><U43/><E43/><V133/><F78/><W111/><G111/><T16/><D16/><U54/><E54/><V129/><F76/><W75/><G75/><T73/><D73/><U93/><E93/><V13/><F74/><W124/><G124/><T53/><D53/><U95/><E95/><V33/><F127/><W91/><G91/><T114/><D114/><AGARI ba="0,2" hai="10,15,18,22,26,30,36,39,44,48,52,113,114,115" machi="114" ten="40,8000,1" yaku="1,1,15,1,11,1,54,1,53,1" doraHai="59" doraHaiUra="51" who="1" fromWho="0" sc="199,-80,282,100,335,0,164,0" /><INIT seed="5,0,0,5,3,13" ten="119,382,335,164" oya="1" hai0="2,38,3,5,14,104,43,123,85,40,82,125,42" hai1="117,9,22,79,1,49,93,56,70,41,107,88,114" hai2="54,37,127,106,12,74,53,28,97,71,6,19,10" hai3="68,24,86,91,90,102,113,126,135,7,130,101,75"/><U119/><E107/><V84/><F74/><W98/><G68/><T92/><D104/><U15/><E70/><V20/><F127/><W115/><G7/><T99/><D125/><U55/><E79/><V89/><F37/><W58/><G126/><T112/><D38/><U131/><E114/><N who="3" m="43530" /><G58/><T128/><D128/><U31/><E131/><V132/><F132/><W29/><G130/><T62/><D123/><U111/><E41/><V65/><F28/><W26/><G75/><T32/><D32/><U64/><E64/><V78/><F78/><W25/><G135/><T30/><D30/><U66/><E66/><V51/><F51/><W122/><G122/><T81/><D62/><U121/><E121/><V50/><F50/><W34/><G90/><T44/><D44/><U47/><E47/><V48/><F48/><W133/><G133/><T129/><D129/><U116/><E111/><V105/><F105/><N who="3" m="63671" /><G102/><T80/><D112/><U96/><E31/><V60/><F97/><W36/><G36/><T21/><D85/><U45/><E45/><V8/><F106/><W76/><G76/><T120/><D120/><U59/><E59/><V61/><F61/><W94/><AGARI ba="0,0" hai="24,25,26,29,34,86,91,94" m="63671,43530" machi="94" ten="30,1100,0" yaku="15,1" doraHai="13" who="3" fromWho="3" sc="119,-3,382,-5,335,-3,164,11" /><INIT seed="6,0,0,0,0,42" ten="116,377,332,175" oya="2" hai0="7,12,114,132,112,59,23,38,55,61,21,85,75" hai1="32,99,68,22,100,52,27,104,73,102,103,80,96" hai2="108,36,87,58,109,76,72,134,48,82,16,115,49" hai3="47,128,94,125,25,54,6,135,1,18,19,110,119"/><V84/><F36/><W53/><G110/><N who="2" m="42601" /><F115/><W88/><G119/><T10/><D75/><U31/><E99/><V5/><F5/><W77/><G77/><T40/><D132/><U126/><E126/><V17/><F134/><W28/><G135/><T69/><D69/><U86/><E73/><V34/><F34/><W122/><G122/><T97/><D97/><U91/><E22/><V105/><F105/><W33/><G54/><T8/><D85/><N who="2" m="32842" /><F58/><W57/><G57/><T14/><D114/><U81/><E81/><V120/><F120/><W79/><G79/><T35/><D35/><U66/><REACH who="1" step="1"/><E52/><REACH who="1" ten="116,367,332,175" step="2"/><V24/><F24/><W127/><G127/><T44/><REACH who="0" step="1"/><D112/><REACH who="0" ten="106,367,332,175" step="2"/><U101/><E101/><V93/><F93/><W89/><G94/><T95/><D95/><U39/><E39/><V111/><F111/><W41/><G125/><T98/><D98/><U2/><E2/><V45/><F49/><W67/><G1/><T129/><D129/><U83/><E83/><V43/><AGARI ba="0,2" hai="16,17,43,45,48,72,76,82" m="32842,42601" machi="43" ten="30,6000,0" yaku="10,1,52,1,54,1" doraHai="42" who="2" fromWho="2" sc="106,-20,367,-20,332,80,175,-20" /><INIT seed="6,1,0,0,3,67" ten="86,347,412,155" oya="2" hai0="113,93,85,51,26,25,118,134,87,103,54,64,88" hai1="7,30,39,12,135,57,127,14,4,21,77,5,46" hai2="73,97,61,36,115,111,107,120,129,3,27,116,0" hai3="49,126,72,28,86,95,59,11,42,19,20,16,33"/><V96/><RYUUKYOKU type="yao9" ba="1,0" sc="86,0,347,0,412,0,155,0" hai2="0,3,27,36,61,73,96,97,107,111,115,116,120,129" /><INIT seed="6,2,0,0,5,97" ten="86,347,412,155" oya="2" hai0="23,65,48,105,1,94,128,130,131,98,74,61,125" hai1="15,83,101,135,121,126,41,120,118,30,93,21,82" hai2="116,50,76,36,127,85,114,92,60,75,10,22,112" hai3="72,89,77,86,71,132,57,25,134,32,37,110,133"/><V51/><F116/><W14/><G110/><T24/><D1/><U109/><E109/><V106/><F36/><W27/><G71/><T73/><D48/><U20/><E118/><V35/><F35/><W5/><G37/><T43/><D43/><U99/><E126/><V113/><F106/><W100/><G100/><T56/><D105/><U29/><E135/><V95/><F127/><W91/><G57/><T124/><D124/><U117/><E41/><V123/><F123/><N who="1" m="47177" /><E117/><V81/><F22/><N who="1" m="8809" /><E15/><V12/><F60/><W68/><G68/><T33/><D33/><U115/><E115/><V70/><F70/><W67/><G32/><T44/><D44/><U108/><E108/><V66/><F12/><W107/><G27/><T80/><D80/><AGARI ba="2,0" hai="29,30,80,82,83,93,99,101" m="8809,47177" machi="80" ten="30,2000,0" yaku="13,1,52,1" doraHai="97" who="1" fromWho="0" sc="86,-26,347,26,412,0,155,0" /><INIT seed="7,0,0,4,3,67" ten="60,373,412,155" oya="3" hai0="74,135,75,61,72,35,12,36,65,77,9,78,97" hai1="27,91,109,31,37,103,119,13,52,26,133,64,38" hai2="113,98,79,10,48,51,130,50,57,42,18,29,117" hai3="107,134,5,101,59,108,19,131,58,62,70,6,106"/><W92/><G92/><T40/><D135/><U99/><E109/><V55/><F117/><W7/><G134/><T105/><D12/><U63/><E133/><V8/><F113/><W39/><G39/><T41/><D9/><U112/><E112/><V90/><F29/><W25/><G131/><T15/><D15/><U4/><E91/><V21/><F79/><W33/><G19/><T125/><D125/><U128/><E128/><V121/><F121/><W30/><G107/><T102/><D41/><U110/><E26/><N who="2" m="14647" /><F130/><W49/><G49/><N who="2" m="19049" /><F42/><W87/><G87/><T16/><D16/><U114/><E114/><V129/><F129/><W118/><G118/><T120/><D120/><U1/><E13/><V104/><F104/><W82/><G82/><T23/><D23/><U45/><E110/><V34/><F34/><W54/><G108/><T126/><D126/><U14/><E45/><V0/><F0/><W32/><G32/><T76/><D35/><N who="1" m="20991" /><E52/><V100/><F100/><W83/><G83/><T95/><D40/><U122/><E14/><V44/><F44/><W20/><G20/><T3/><D3/><U132/><E132/><V71/><F71/><W46/><G46/><T53/><D53/><U47/><E47/><V68/><F68/><W17/><G17/><T24/><D24/><U2/><E119/><V73/><F73/><W11/><G11/><T80/><D36/><N who="1" m="13931" /><E4/><V116/><F116/><W127/><G127/><T123/><D123/><U111/><E122/><V96/><F90/><W88/><G5/><T115/><D115/><U93/><E111/><V69/><F8/><RYUUKYOKU ba="0,0" sc="60,-10,373,30,412,-10,155,-10" hai1="1,2,63,64,93,99,103" owari="50,-45.0,403,50.0,402,20.0,145,-25.0" /></mjloggm>