<mjloggm ver="2.3"><GO type="41" lobby="0"/><UN n0="%E2%93%9D%53%75%70%68%78" n1="%42%49%47%59" n2="%70%6F%6E%73%68%75" n3="%E6%B5%84%E6%8B%AD%E5%B1%8B%E4%B8%80" dan="18,14,13,14" rate="2124.77,1910.28,1848.77,1953.00" sx="M,M,M,M"/><TAIKYOKU oya="0"/><INIT seed="0,0,0,4,1,12" ten="250,250,250,250" oya="0" hai0="66,124,60,67,65,100,103,125,0,84,61,48,15" hai1="70,104,94,122,25,102,85,40,51,43,8,50,10" hai2="107,126,129,72,38,32,54,135,49,75,95,69,4" hai3="11,78,105,21,119,13,81,33,27,36,134,91,89"/><T7/><D0/><U121/><E70/><V77/><F4/><W35/><G119/><T30/><D30/><U1/><E104/><V110/><F110/><W6/><G105/><T101/><D48/><U41/><E25/><V97/><F54/><W118/><G118/><T93/><D84/><U53/><E1/><V5/><F49/><W37/><G134/><T46/><D93/><U108/><E108/><V28/><F135/><W131/><G131/><T117/><D46/><U82/><E51/><V3/><F95/><W64/><G64/><T88/><D88/><N who="1" m="51255" /><E122/><V87/><F87/><W96/><G91/><T68/><D117/><U83/><E83/><V45/><F126/><N who="0" m="48746" /><D68/><U73/><E73/><V130/><F129/><W59/><G59/><T58/><D58/><N who="1" m="33079" /><E121/><V23/><F130/><W109/><G109/><T92/><D92/><U133/><E133/><V31/><F69/><W74/><G37/><T127/><D127/><U39/><E39/><V22/><F77/><W113/><G36/><T132/><D132/><U9/><E94/><V62/><F75/><W16/><G89/><T114/><D114/><U44/><E44/><V55/><F72/><W14/><G113/><T42/><D42/><U116/><E116/><V71/><F38/><W20/><G96/><T98/><D98/><U112/><E112/><V29/><F97/><W52/><REACH who="3" step="1"/><G52/><REACH who="3" ten="250,250,250,240" step="2"/><T18/><D7/><U26/><E102/><V2/><F107/><W80/><G80/><T56/><D56/><U90/><E90/><V19/><F71/><W106/><G106/><T86/><D86/><U123/><E123/><RYUUKYOKU ba="0,1" sc="250,10,250,10,250,-30,240,10" hai0="15,18,60,61,65,66,67,100,101,103" hai1="8,9,10,26,40,41,43" hai3="6,11,13,14,16,20,21,27,33,35,74,78,81" /><INIT seed="0,1,1,2,3,4" ten="260,260,220,250" oya="0" hai0="23,10,125,21,55,89,33,41,135,64,36,52,51" hai1="124,16,62,58,99,97,111,35,112,106,86,20,126" hai2="6,120,25,109,91,48,29,17,34,88,53,72,84" hai3="93,80,11,94,71,0,59,7,57,75,132,110,54"/><T82/><D33/><U27/><E111/><V101/><F109/><W73/><G110/><T38/><D64/><U61/><E35/><V67/><F72/><W129/><G71/><T30/><D135/><U118/><E118/><V116/><F120/><W115/><G115/><T69/><D69/><U22/><E112/><V28/><F116/><W3/><G129/><T5/><D125/><N who="1" m="48235" /><E22/><V14/><F101/><W32/><G32/><T98/><D38/><U85/><E62/><V18/><F67/><W45/><G132/><T31/><D36/><U121/><E121/><V128/><F128/><W12/><G45/><N who="0" m="26031" /><D23/><U68/><E68/><V44/><F91/><W100/><G100/><T70/><D70/><U134/><E134/><V87/><F87/><N who="1" m="33289" /><E106/><V63/><F63/><W108/><G108/><T60/><D60/><U9/><E9/><N who="2" m="4407" /><F34/><W133/><G133/><T46/><D21/><U113/><E113/><V96/><F96/><W8/><G7/><T122/><D122/><U76/><E76/><V95/><F25/><W119/><G119/><T19/><D5/><U74/><E74/><V1/><F1/><W42/><G75/><T83/><D98/><U47/><E47/><V66/><F66/><AGARI ba="1,1" hai="16,20,27,58,61,66,97,99" m="33289,48235" machi="66" ten="30,2000,0" yaku="18,1,54,1" doraHai="4" who="1" fromWho="2" sc="260,0,260,33,220,-23,250,0" /><INIT seed="1,0,0,0,3,42" ten="260,293,197,250" oya="1" hai0="22,127,91,44,125,57,48,94,113,4,105,86,45" hai1="118,114,61,83,87,17,7,20,133,132,24,122,50" hai2="107,3,65,89,56,32,0,14,85,2,21,130,9" hai3="62,129,19,110,112,116,35,18,11,38,111,81,67"/><U5/><E114/><V59/><F107/><W25/><G112/><T29/><D105/><U37/><E37/><V77/><F32/><W120/><G38/><T26/><D113/><U124/><E118/><V16/><F130/><W39/><G120/><T43/><D4/><U33/><E122/><V70/><F77/><W71/><G116/><T97/><D57/><U51/><E124/><V93/><REACH who="2" step="1"/><F9/><REACH who="2" ten="260,293,187,250" step="2"/><W31/><G129/><T100/><REACH who="0" step="1"/><D45/><REACH who="0" ten="250,293,187,250" step="2"/><U72/><E133/><V128/><F128/><W117/><G117/><T27/><D27/><U52/><E132/><V74/><F74/><W63/><G25/><T115/><D115/><U88/><E72/><V98/><F98/><W66/><G111/><T119/><D119/><U90/><E33/><V30/><F30/><W78/><G31/><T1/><D1/><U69/><E7/><V49/><F49/><W10/><G39/><T126/><D126/><U55/><E5/><V134/><F134/><W15/><G35/><T131/><D131/><U46/><E61/><AGARI ba="0,2" hai="0,2,3,14,16,21,56,59,61,65,70,85,89,93" machi="61" ten="40,2600,0" yaku="1,1,54,1,53,0" doraHai="42" doraHaiUra="109" who="2" fromWho="1" sc="250,0,293,-26,187,46,250,0" /><INIT seed="2,0,0,2,0,128" ten="250,267,233,250" oya="2" hai0="63,25,113,29,16,102,26,86,10,77,95,90,104" hai1="33,135,39,110,45,17,111,61,46,3,131,1,37" hai2="30,71,44,112,73,132,75,80,62,87,79,99,7" hai3="100,120,125,115,49,18,43,38,0,32,15,119,84"/><V42/><F112/><W8/><G115/><T81/><D113/><U19/><E33/><V48/><F132/><W47/><G120/><T14/><D29/><U96/><E96/><V23/><F99/><W130/><G119/><T21/><D104/><U12/><E61/><V40/><F40/><W11/><G130/><T53/><D102/><U121/><E131/><V31/><F31/><W24/><G125/><T69/><D21/><U114/><E114/><V122/><F122/><W68/><G68/><T13/><D13/><U127/><E121/><V133/><F133/><W28/><G100/><T101/><D101/><U85/><E12/><V20/><F20/><W91/><G0/><T108/><D108/><U65/><E85/><V70/><F70/><W60/><G60/><T116/><D116/><U2/><E65/><V22/><F22/><W93/><G38/><T83/><D83/><U4/><E4/><V105/><F105/><W109/><G109/><T126/><D126/><U66/><E66/><V50/><F50/><W103/><G103/><T92/><D92/><U55/><E3/><V64/><REACH who="2" step="1"/><F7/><REACH who="2" ten="250,267,223,250" step="2"/><W78/><G78/><T88/><D69/><U58/><E135/><V74/><F74/><W56/><G11/><T76/><D76/><U123/><E127/><V129/><F129/><W51/><G49/><T41/><D41/><U82/><E123/><V27/><AGARI ba="0,1" hai="23,27,30,42,44,48,62,64,71,73,75,79,80,87" machi="27" ten="30,3000,0" yaku="1,1,0,1,53,0" doraHai="128" doraHaiUra="97" who="2" fromWho="2" sc="250,-10,267,-10,223,40,250,-10" /><INIT seed="2,1,0,0,2,120" ten="240,257,263,240" oya="2" hai0="9,18,28,61,79,98,134,103,97,130,56,135,108" hai1="80,22,110,76,71,74,53,104,126,25,50,127,8" hai2="11,87,122,39,86,77,100,96,116,26,49,35,82" hai3="92,95,75,44,117,66,102,124,1,70,132,89,5"/><V81/><F39/><W85/><G117/><T105/><D28/><U109/><E104/><V6/><F116/><W129/><G75/><T10/><D79/><U60/><E8/><V67/><F122/><W55/><G124/><N who="1" m="47658" /><E60/><V88/><F67/><W40/><G129/><T90/><D130/><U114/><E71/><V106/><F49/><W121/><G121/><T59/><D90/><U69/><E69/><V62/><F62/><W52/><G132/><T57/><D61/><U43/><E43/><V37/><F37/><W63/><G5/><T3/><D3/><U0/><E0/><V118/><F118/><W7/><G7/><T24/><D10/><U45/><E114/><V58/><F58/><W31/><G31/><AGARI ba="1,0" hai="22,25,31,45,50,53,74,76,80,109,110" m="47658" machi="31" ten="30,3900,0" yaku="18,1,52,2" doraHai="120" who="1" fromWho="3" sc="240,0,257,42,263,0,240,-42" /><INIT seed="3,0,0,2,3,135" ten="240,299,263,198" oya="3" hai0="73,10,48,20,19,117,106,77,46,109,125,43,87" hai1="65,26,95,36,115,66,74,83,122,24,27,130,60" hai2="2,5,110,25,23,33,15,0,101,38,35,68,76" hai3="100,40,105,11,123,89,58,131,104,112,64,28,71"/><W57/><G123/><T96/><D117/><U88/><E115/><V55/><F68/><W31/><G131/><T121/><D73/><U63/><E36/><V90/><F38/><W50/><G112/><T111/><D121/><U45/><E45/><V132/><F76/><W120/><G120/><T67/><D67/><U51/><E51/><V42/><F42/><W91/><G11/><T99/><D10/><U1/><E1/><V75/><F75/><W129/><G129/><T97/><D106/><U70/><E130/><V69/><F101/><W113/><G113/><T134/><D134/><U52/><E74/><V44/><F69/><W30/><G71/><T47/><D47/><U32/><E32/><V9/><F110/><N who="0" m="41994" /><D87/><U92/><E122/><V12/><F132/><W34/><G34/><N who="2" m="12809" /><F90/><W79/><G79/><T107/><D77/><U93/><E83/><V103/><F55/><W3/><G3/><N who="2" m="1065" /><F44/><W94/><G100/><T53/><D107/><U78/><E78/><V86/><F86/><W18/><G105/><T54/><D54/><U4/><E4/><V114/><F103/><W29/><G104/><T61/><D43/><U41/><E41/><V133/><F133/><W82/><G40/><T128/><D128/><U6/><E6/><V72/><F72/><W14/><G64/><T127/><D61/><U102/><E102/><V16/><F114/><W84/><G50/><T21/><D19/><U98/><E66/><V116/><F116/><W39/><G31/><T59/><D46/><U126/><E70/><V37/><F37/><W17/><G39/><T80/><D80/><RYUUKYOKU ba="0,0" sc="240,15,299,-15,263,15,198,-15" hai0="20,21,48,53,59,96,97,99,125,127" hai2="5,9,12,15,16,23,25" /><INIT seed="4,1,0,0,0,77" ten="255,284,278,183" oya="0" hai0="48,10,71,74,129,63,52,2,50,85,105,55,119" hai1="46,29,82,121,43,116,69,127,6,59,19,114,15" hai2="79,131,106,102,104,60,93,8,132,96,65,32,45" hai3="88,34,89,26,41,117,90,1,73,7,39,12,51"/><T80/><D119/><U78/><E69/><V31/><F131/><W81/><G117/><T67/><D105/><U62/><E116/><V38/><F8/><W42/><G34/><T94/><D129/><U30/><E121/><V21/><F21/><W122/><G122/><T123/><D74/><U16/><E127/><V115/><F132/><W92/><G26/><T9/><D94/><U130/><E114/><V4/><F4/><W36/><G1/><T17/><D123/><U75/><E6/><V98/><F93/><W99/><G51/><T72/><D72/><U5/><E5/><V68/><F79/><W84/><G73/><T124/><D124/><U125/><E125/><V0/><F115/><W37/><REACH who="3" step="1"/><G90/><REACH who="3" ten="255,284,278,173" step="2"/><T95/><D50/><U24/><E24/><N who="2" m="18535" /><F0/><W13/><G13/><T20/><D2/><U56/><E15/><V110/><F110/><W100/><G100/><T135/><D48/><U126/><E126/><V86/><F102/><W53/><G53/><T120/><D55/><U134/><E130/><V70/><F38/><W57/><G57/><T33/><D120/><U54/><E59/><V23/><F70/><W109/><G109/><T28/><D71/><U91/><E91/><V87/><F68/><W111/><G111/><T25/><D52/><U64/><E54/><V83/><F65/><W44/><G44/><T128/><D128/><U76/><E76/><V108/><F108/><W3/><G3/><T27/><D67/><U35/><E35/><V61/><F45/><W58/><G58/><T113/><D33/><U18/><E134/><V49/><F49/><AGARI ba="1,1" hai="16,18,19,29,30,43,46,49,56,62,64,75,78,82" machi="49" ten="40,5200,0" yaku="6,1,52,1,54,1" doraHai="77" who="1" fromWho="2" sc="255,0,284,65,278,-55,173,0" /><INIT seed="5,0,0,4,2,132" ten="255,349,223,173" oya="1" hai0="35,34,96,114,127,119,108,85,89,77,124,105,1" hai1="37,50,17,22,100,61,103,28,64,126,122,19,116" hai2="106,92,52,13,133,63,27,33,62,115,80,107,121" hai3="23,128,104,40,117,75,88,48,56,97,2,41,53"/><U58/><E37/><V51/><F121/><W25/><G75/><T26/><D108/><U135/><E116/><V38/><F38/><W29/><G117/><T83/><D119/><U18/><E122/><V78/><F133/><W84/><G2/><T131/><D1/><U79/><E135/><V110/><F110/><W111/><G111/><T102/><D114/><U31/><E79/><V44/><F115/><W98/><G128/><T95/><D131/><U94/><E126/><N who="0" m="48169" /><D26/><N who="1" m="16471" /><E31/><V43/><F92/><W3/><G3/><T112/><D112/><U10/><E50/><V8/><F107/><W125/><G125/><T39/><D39/><U70/><E70/><V59/><F106/><W109/><G109/><T42/><D42/><N who="3" m="16489" /><G104/><T72/><AGARI ba="0,0" hai="34,35,72,77,83,85,89,95,96,102,105" m="48169" machi="72" ten="30,8000,1" yaku="24,1,18,1,52,3" doraHai="132" who="0" fromWho="0" sc="255,80,349,-40,223,-20,173,-20" /><INIT seed="6,0,0,0,4,30" ten="335,309,203,153" oya="2" hai0="108,0,76,102,70,133,40,23,26,46,107,5,37" hai1="82,49,130,24,122,128,31,10,7,34,63,17,35" hai2="60,115,54,38,90,61,57,13,71,110,69,117,77" hai3="88,41,12,9,80,64,98,135,56,19,73,99,120"/><V126/><F117/><W32/><G120/><T39/><D108/><U104/><E104/><V100/><F100/><W47/><G135/><T16/><D70/><U92/><E82/><V1/><F1/><W53/><G64/><T55/><D133/><U21/><E63/><V75/><F115/><W48/><G32/><N who="1" m="12330" /><E49/><V44/><F110/><W72/><G72/><T2/><D39/><U74/><E92/><V89/><F13/><W97/><G73/><T93/><D76/><U131/><E74/><V127/><F77/><W43/><REACH who="3" step="1"/><G47/><REACH who="3" ten="335,309,203,143" step="2"/><T52/><D46/><U36/><E122/><V28/><F75/><W101/><G101/><T91/><D102/><U109/><E109/><V132/><F132/><W50/><G50/><T106/><D37/><U112/><E36/><V8/><F44/><W15/><G15/><T129/><D2/><N who="1" m="375" /><E112/><V118/><F38/><W3/><G3/><T68/><D0/><U78/><E78/><V96/><F69/><W81/><G81/><T86/><D68/><U103/><E103/><V134/><F134/><W51/><G51/><T27/><D107/><U59/><E59/><V105/><F71/><W65/><G65/><T22/><D106/><U87/><E87/><AGARI ba="0,1" hai="9,12,19,41,43,48,53,56,80,87,88,97,98,99" machi="87" ten="40,5200,0" yaku="1,1,8,1,54,1,53,0" doraHai="30" doraHaiUra="67" who="3" fromWho="1" sc="335,0,309,-52,203,0,143,62" /><INIT seed="7,0,0,3,5,34" ten="335,257,203,205" oya="3" hai0="120,46,41,89,123,88,60,67,97,99,24,54,66" hai1="29,86,62,17,52,55,14,77,19,45,40,110,20" hai2="4,109,51,91,100,59,133,129,75,50,0,98,57" hai3="7,87,92,36,42,101,131,96,80,30,9,74,5"/><W103/><G131/><T73/><D73/><U124/><E124/><V69/><F109/><W23/><G74/><T108/><D24/><U10/><E29/><V95/><F69/><W112/><G112/><T43/><D54/><U81/><E110/><V47/><F75/><W90/><G36/><T38/><D108/><U71/><E71/><V70/><F70/><W15/><G42/><T113/><D60/><U21/><E62/><V22/><F129/><W79/><G7/><T53/><D53/><U44/><E44/><V56/><F133/><W105/><G105/><T28/><D28/><U116/><E10/><V35/><F35/><W125/><G125/><T61/><D61/><U122/><E122/><V58/><F0/><W49/><G49/><T25/><D25/><AGARI ba="0,0" hai="5,9,15,23,25,30,79,80,87,90,92,96,101,103" machi="25" ten="40,2000,0" yaku="8,1" doraHai="34" who="3" fromWho="0" sc="335,-20,257,0,203,0,205,20" /><INIT seed="7,1,0,1,4,90" ten="315,257,203,225" oya="3" hai0="82,77,35,121,36,93,30,106,48,130,132,17,104" hai1="34,11,28,61,5,111,12,107,24,105,10,112,64" hai2="40,37,70,110,13,58,71,47,31,91,98,62,127" hai3="124,32,129,103,68,135,115,67,92,72,126,85,9"/><W60/><G72/><T108/><D130/><U88/><E111/><V38/><F31/><W120/><G120/><T65/><D36/><U56/><E112/><V81/><F110/><W118/><G115/><T50/><D132/><U101/><E101/><V22/><F127/><W59/><G135/><T79/><D17/><U46/><E46/><V33/><F33/><W1/><G32/><T2/><D2/><U43/><E43/><V57/><F81/><W3/><G118/><T18/><D18/><U4/><E88/><V55/><F58/><W89/><G68/><T49/><D79/><U21/><E34/><V15/><F38/><W74/><G74/><T6/><D77/><U41/><E41/><V116/><F116/><W51/><G129/><T83/><D121/><U119/><E119/><V45/><F45/><W73/><G73/><T102/><D35/><U25/><E24/><V16/><REACH who="2" step="1"/><F13/><AGARI ba="1,0" hai="4,5,10,11,12,13,21,25,28,56,61,64,105,107" machi="13" ten="30,2000,0" yaku="7,1,9,1" doraHai="90" who="1" fromWho="2" sc="315,0,257,23,203,-23,225,0" owari="315,41.0,280,8.0,180,-32.0,225,-17.0" /></mjloggm>