<mjloggm ver="2.3"><GO type="41" lobby="0"/><UN n0="%E2%93%9D%53%75%70%68%78" n1="%6A%69%68%6A%69%68" n2="%73%73%6B%6B%6E%73%6E" n3="%41%4E%41%4E%54%41" dan="18,15,13,15" rate="2114.16,1995.00,1907.53,1982.79" sx="M,M,M,M"/><TAIKYOKU oya="0"/><INIT seed="0,0,0,2,1,72" ten="250,250,250,250" oya="0" hai0="128,84,105,119,55,12,2,127,98,58,19,64,4" hai1="32,14,52,97,88,39,117,102,33,122,11,51,69" hai2="1,76,108,95,59,112,15,47,123,21,46,111,10" hai3="16,7,13,86,31,29,90,62,75,124,79,66,107"/><T113/><D113/><U54/><E122/><V63/><F123/><W24/><G107/><T45/><D119/><U82/><E39/><V78/><F112/><W103/><G124/><T18/><D2/><U35/><E69/><V67/><F1/><W5/><G103/><T73/><D73/><U23/><E117/><V110/><F21/><W6/><G75/><T132/><D128/><U43/><E23/><V115/><F95/><W118/><G24/><T17/><D132/><U30/><E30/><V116/><F116/><W100/><G100/><T50/><D98/><U8/><E8/><V94/><F94/><W3/><G3/><T49/><D105/><U96/><E43/><V134/><F134/><W34/><G34/><T38/><D38/><U25/><E25/><V28/><F28/><W92/><G79/><N who="2" m="30249" /><F115/><W93/><G93/><T125/><D125/><U121/><E121/><V80/><F80/><W99/><G99/><T65/><D84/><N who="1" m="50199" /><E54/><V87/><F87/><W74/><G74/><T71/><D127/><U109/><E102/><V56/><F59/><N who="3" m="37215" /><G118/><T20/><D71/><U106/><E106/><V81/><F81/><W0/><G0/><T60/><D20/><AGARI ba="0,0" hai="5,6,7,13,16,20,29,31,86,90,92" m="37215" machi="20" ten="30,2000,0" yaku="8,1,54,1" doraHai="72" who="3" fromWho="0" sc="250,-20,250,0,250,0,250,20" /><INIT seed="1,0,0,1,5,117" ten="230,250,250,270" oya="1" hai0="82,80,50,31,30,25,68,112,122,94,102,70,32" hai1="22,73,47,36,53,24,11,81,121,20,19,88,67" hai2="63,130,14,119,114,135,97,84,6,78,46,96,126" hai3="33,40,107,123,90,56,28,51,34,87,118,12,85"/><U49/><E36/><V66/><F119/><W62/><G118/><T69/><D112/><U57/><E121/><V109/><F126/><W29/><G107/><T58/><D31/><U133/><E133/><V100/><F130/><W110/><G110/><T91/><D102/><U39/><E11/><V92/><F109/><W98/><G98/><T0/><D0/><U129/><E129/><V131/><F135/><W13/><G51/><T127/><D127/><U37/><E22/><V38/><F114/><W105/><G40/><T72/><D72/><U111/><E111/><V99/><F38/><W106/><G56/><T16/><D122/><U95/><E81/><V7/><F46/><W101/><G62/><T41/><D16/><U55/><E67/><V74/><F74/><W18/><G101/><T17/><D17/><U4/><E4/><V134/><F134/><W2/><G18/><T21/><D32/><U65/><E65/><V128/><F128/><W125/><G2/><T9/><D9/><U26/><E26/><V15/><F6/><W27/><G27/><T77/><D77/><U103/><E103/><V45/><F45/><W3/><G3/><T113/><D113/><U43/><E73/><V89/><F131/><W54/><G90/><T75/><D75/><U86/><REACH who="1" step="1"/><E55/><REACH who="1" ten="230,240,250,270" step="2"/><V108/><F108/><W115/><G54/><N who="0" m="32087" /><D41/><U71/><E71/><V116/><F116/><W83/><G115/><T42/><D42/><U93/><E93/><V48/><F7/><W10/><G106/><T8/><D8/><U5/><E5/><V120/><F120/><W1/><G123/><RYUUKYOKU ba="0,1" sc="230,15,240,15,250,-15,270,-15" hai0="21,25,30,68,69,70,80,82,91,94" hai1="19,20,24,37,39,43,47,49,53,57,86,88,95" /><INIT seed="1,1,1,3,2,25" ten="245,255,235,255" oya="1" hai0="3,77,54,1,72,103,104,55,35,88,59,34,110" hai1="14,61,85,33,116,19,109,44,92,31,89,93,127" hai2="130,40,86,112,23,16,91,46,5,100,111,82,70" hai3="24,105,29,37,20,84,74,7,75,106,87,63,78"/><U113/><E116/><V8/><F70/><W66/><G37/><T122/><D110/><U42/><E113/><V96/><F130/><W51/><G7/><T121/><D77/><U17/><E109/><V56/><F112/><W30/><G51/><T9/><D103/><U52/><E93/><V39/><F56/><W114/><G114/><T32/><D72/><U62/><E127/><V65/><F65/><W69/><G30/><T98/><D9/><U47/><E47/><V94/><F111/><W4/><G4/><T79/><D79/><U123/><E123/><N who="0" m="47113" /><D104/><U11/><E19/><V26/><F5/><W0/><G0/><N who="0" m="75" /><D59/><U126/><E126/><V117/><F8/><W60/><G60/><T12/><D12/><U67/><E67/><V128/><F128/><W80/><REACH who="3" step="1"/><G84/><REACH who="3" ten="245,255,235,245" step="2"/><T76/><D35/><U43/><E62/><V41/><F117/><W13/><G13/><T18/><D34/><U134/><E61/><V115/><F115/><W27/><G27/><T118/><D32/><U133/><E43/><V124/><F41/><W15/><G15/><T45/><D118/><U49/><E42/><V97/><F124/><W108/><G108/><T64/><D18/><U119/><E119/><V83/><REACH who="2" step="1"/><F97/><REACH who="2" ten="245,255,225,245" step="2"/><W90/><G90/><T131/><D88/><U132/><REACH who="1" step="1"/><E33/><REACH who="1" ten="245,245,225,245" step="2"/><V135/><F135/><W129/><G129/><T58/><D131/><U22/><E22/><V95/><AGARI ba="1,4" hai="16,23,26,39,40,46,82,83,86,91,94,95,96,100" machi="95" ten="20,8000,1" yaku="1,1,0,1,7,1,54,1,53,1" doraHai="25" doraHaiUra="68" who="2" fromWho="2" sc="245,-21,245,-41,225,123,245,-21" /><INIT seed="2,0,0,0,4,30" ten="224,204,348,224" oya="2" hai0="97,104,107,11,134,43,73,113,65,4,13,93,28" hai1="90,78,19,57,31,129,102,111,26,115,82,112,74" hai2="27,86,108,20,127,35,135,42,41,3,5,126,15" hai3="23,1,34,8,121,39,103,99,130,131,105,128,66"/><V100/><F100/><W2/><G121/><T116/><D113/><U101/><E111/><V38/><F86/><W47/><G66/><T106/><D134/><U76/><E129/><V59/><F135/><W67/><G67/><T21/><D73/><U69/><E69/><V98/><F98/><W125/><G125/><N who="2" m="47625" /><F59/><W62/><G62/><T60/><D43/><U32/><E78/><V109/><F41/><N who="3" m="22975" /><G34/><T68/><D116/><U79/><E79/><V85/><F85/><W118/><G118/><T92/><D92/><U89/><E115/><V24/><F42/><W124/><G124/><T14/><D107/><U17/><E112/><V72/><F72/><W75/><G75/><T123/><D123/><U12/><E57/><V36/><F36/><W54/><G54/><T49/><D106/><U9/><REACH who="1" step="1"/><E19/><REACH who="1" ten="224,194,348,224" step="2"/><V7/><F38/><W33/><G131/><T53/><D68/><U64/><E64/><V84/><F5/><W6/><G130/><T119/><D119/><U95/><E95/><V37/><F37/><W48/><G128/><T18/><D104/><U110/><E110/><N who="2" m="42603" /><F3/><W25/><G2/><T77/><D65/><U114/><E114/><V56/><F56/><W10/><G1/><T52/><D4/><U22/><E22/><V133/><F133/><W50/><G23/><T117/><D21/><U71/><E71/><V91/><F20/><W80/><G6/><T45/><D117/><U96/><E96/><V16/><F7/><W0/><G0/><T94/><D97/><U120/><E120/><V63/><F16/><W44/><G105/><T40/><D18/><RYUUKYOKU ba="0,1" sc="224,-10,194,30,348,-10,224,-10" hai1="9,12,17,26,31,32,74,76,82,89,90,101,102" /><INIT seed="3,1,1,3,1,129" ten="214,224,338,214" oya="3" hai0="16,23,95,67,93,1,66,2,125,94,34,92,118" hai1="21,78,81,3,76,106,15,88,98,8,89,63,97" hai2="105,45,47,77,54,132,111,64,46,50,113,24,48" hai3="103,128,40,122,57,55,79,19,127,71,30,14,20"/><W29/><G122/><T85/><D34/><U134/><E3/><V69/><F105/><W59/><G71/><T83/><D118/><U115/><E115/><V112/><F77/><W35/><G128/><T100/><D125/><U49/><E21/><V53/><F24/><W26/><G30/><T87/><D2/><U56/><E49/><N who="2" m="28847" /><F111/><W18/><G40/><T9/><D9/><U80/><E106/><V116/><F116/><W107/><G79/><N who="0" m="46335" /><D1/><U124/><E124/><V74/><F74/><W41/><G41/><T13/><D100/><U27/><E27/><V123/><F123/><W117/><G117/><T90/><AGARI ba="1,1" hai="13,16,23,66,67,87,90,92,93,94,95" m="46335" machi="90" ten="30,2000,0" yaku="8,1,54,1" doraHai="129" who="0" fromWho="0" sc="214,33,224,-6,338,-6,214,-11" /><INIT seed="4,0,0,0,4,34" ten="247,218,332,203" oya="0" hai0="134,66,126,7,55,99,85,67,11,106,128,17,46" hai1="109,8,94,81,12,59,122,61,28,29,23,127,62" hai2="4,24,20,79,100,65,78,89,114,52,103,30,93" hai3="0,32,2,45,97,80,39,108,58,72,22,95,132"/><T42/><D128/><U9/><E109/><V74/><F114/><W121/><G32/><T56/><D134/><U75/><E122/><V135/><F65/><W112/><G108/><T36/><D126/><U15/><E127/><V48/><F4/><W1/><G112/><T88/><D17/><U71/><E94/><V57/><F135/><W113/><G113/><T5/><D5/><U31/><E23/><V119/><F119/><W49/><G39/><T6/><D6/><U86/><E75/><V69/><F69/><W77/><G132/><T115/><D99/><U73/><E73/><V19/><F30/><W116/><G58/><T118/><D106/><U16/><E71/><V83/><F78/><W47/><G116/><T117/><D115/><U131/><E59/><V84/><AGARI ba="0,0" hai="19,20,24,48,52,57,74,79,83,84,89,93,100,103" machi="84" ten="20,2700,0" yaku="0,1,7,1,54,1" doraHai="34" who="2" fromWho="2" sc="247,-13,218,-7,332,27,203,-7" /><INIT seed="5,0,0,4,5,74" ten="234,211,359,196" oya="1" hai0="16,3,62,90,89,51,132,69,97,109,47,128,77" hai1="29,103,93,34,42,12,134,94,118,116,52,27,6" hai2="126,4,110,73,66,108,99,48,125,61,15,17,98" hai3="10,35,124,114,45,87,60,41,33,50,119,67,5"/><U30/><E134/><V117/><F73/><W76/><G114/><T2/><D109/><U130/><E42/><V135/><F117/><W75/><G75/><T102/><D128/><U59/><E29/><V14/><F4/><W65/><G124/><T23/><D77/><U31/><E31/><V120/><F48/><W84/><G84/><T28/><D28/><U22/><E130/><V55/><F55/><W54/><G54/><T57/><D69/><U100/><E116/><V68/><F120/><W101/><G101/><T123/><D3/><U43/><E43/><V46/><F46/><W81/><G119/><T44/><D2/><U18/><E6/><V13/><F17/><W32/><REACH who="3" step="1"/><G60/><REACH who="3" ten="234,211,359,186" step="2"/><T115/><D115/><U96/><E118/><V92/><F135/><W1/><AGARI ba="0,1" hai="1,5,10,32,33,35,41,45,50,65,67,76,81,87" machi="1" ten="30,7900,0" yaku="1,1,2,1,0,1,52,1,53,0" doraHai="74" doraHaiUra="24" who="3" fromWho="3" sc="234,-20,211,-39,359,-20,186,89" /><INIT seed="6,0,0,0,5,38" ten="214,172,339,275" oya="2" hai0="17,77,119,10,89,55,13,40,51,98,90,37,65" hai1="2,81,23,49,70,53,74,35,123,26,129,47,106" hai2="126,42,15,108,95,105,102,50,7,45,14,68,124" hai3="114,130,0,133,131,109,110,61,43,60,12,1,97"/><V44/><F105/><W88/><G12/><T33/><D33/><U80/><E129/><N who="3" m="49162" /><G133/><T57/><D119/><U128/><E106/><V112/><F68/><W135/><G135/><T46/><D77/><U56/><E2/><N who="3" m="1130" /><G43/><T87/><D98/><U111/><E70/><V34/><F34/><W16/><G16/><T24/><D65/><U93/><E111/><N who="3" m="42506" /><G114/><T117/><D117/><U30/><E123/><V83/><F108/><W48/><G48/><T116/><D116/><U58/><E128/><V85/><F112/><W69/><G69/><T9/><D24/><U3/><E3/><V91/><F7/><W29/><G29/><T99/><D10/><U94/><E35/><V101/><F45/><W82/><G82/><T134/><D134/><U86/><E74/><V36/><F36/><W79/><G79/><T132/><D132/><U11/><E11/><V19/><F19/><W31/><G31/><T59/><D37/><U25/><E25/><V6/><F6/><W120/><G120/><T96/><D59/><N who="1" m="22571" /><E80/><V18/><F83/><W118/><G118/><T54/><D57/><U103/><E103/><N who="2" m="39435" /><F18/><W8/><G8/><T41/><D9/><U4/><E4/><V22/><F22/><W78/><G78/><AGARI ba="0,0" hai="23,26,30,47,49,53,78,81,86,93,94" m="22571" machi="78" ten="30,1000,0" yaku="8,1" doraHai="38" who="1" fromWho="3" sc="214,0,172,10,339,0,275,-10" /><INIT seed="7,0,0,1,2,46" ten="214,182,339,265" oya="3" hai0="100,30,112,21,64,32,56,15,41,2,19,130,122" hai1="96,88,132,16,57,114,38,68,40,124,14,127,99" hai2="61,66,83,116,98,28,110,80,29,79,120,39,121" hai3="12,104,82,31,74,85,27,134,117,89,126,111,33"/><W69/><G117/><T25/><D122/><N who="2" m="47210" /><F110/><W75/><G104/><T9/><D130/><U107/><E68/><N who="2" m="42063" /><F39/><W7/><G69/><T54/><D112/><U97/><E114/><V81/><F116/><W95/><G126/><N who="1" m="48170" /><E107/><V18/><F18/><W50/><G134/><T37/><D64/><U6/><E132/><V44/><F44/><W13/><G111/><T59/><D100/><U49/><E6/><V36/><F36/><W26/><G26/><T58/><D37/><U1/><E1/><V62/><F62/><W23/><G33/><T48/><D41/><U22/><E38/><V10/><F10/><W102/><G75/><T67/><D67/><U135/><E135/><V91/><F98/><W113/><G7/><AGARI ba="0,0" hai="2,7,9,15,19,21,25,30,32,48,54,56,58,59" machi="7" ten="40,5200,0" yaku="24,2,52,1" doraHai="46" who="0" fromWho="3" sc="214,52,182,0,339,0,265,-52" owari="266,7.0,182,-32.0,339,44.0,213,-19.0" /></mjloggm>