<mjloggm ver="2.3"><GO type="41" lobby="0"/><UN n0="%E2%93%9D%53%75%70%68%78" n1="%E5%96%B0%E6%96%AD%E6%99%A8%E6%98%8F" n2="%6D%75%75%6D%75%72%61" n3="%6D%74%6A%74" dan="17,15,15,14" rate="2074.30,1973.16,1999.04,1928.26" sx="M,M,F,M"/><TAIKYOKU oya="0"/><INIT seed="0,0,0,2,2,73" ten="250,250,250,250" oya="0" hai0="41,15,8,115,88,28,4,89,0,91,104,30,97" hai1="85,130,59,105,74,93,16,61,124,108,113,63,55" hai2="123,49,92,114,83,87,77,1,42,72,106,96,10" hai3="23,56,43,81,35,45,5,18,75,29,121,110,79"/><T69/><D115/><U102/><E74/><V37/><F37/><W20/><G110/><T67/><D41/><U78/><E108/><V51/><F123/><W12/><G121/><T98/><D0/><U22/><E124/><V54/><F114/><W60/><G35/><T50/><D50/><N who="1" m="31223" /><E105/><V48/><F42/><W32/><G32/><T119/><D119/><U109/><E130/><V58/><F106/><W84/><G5/><T125/><D125/><U99/><E109/><V100/><REACH who="2" step="1"/><F72/><REACH who="2" ten="250,250,240,250" step="2"/><W127/><G75/><T135/><D135/><U2/><E113/><V118/><F118/><W62/><G127/><T103/><REACH who="0" step="1"/><D98/><REACH who="0" ten="240,250,240,250" step="2"/><U82/><E2/><V47/><F47/><W19/><G45/><T66/><D66/><U126/><E126/><V71/><F71/><W101/><G43/><T65/><D65/><U107/><E107/><V94/><F94/><W3/><G3/><T38/><D38/><U7/><E7/><AGARI ba="0,2" hai="1,7,10,48,49,51,54,58,77,83,87,92,96,100" machi="7" ten="40,2600,0" yaku="1,1,52,1,53,0" doraHai="73" doraHaiUra="31" who="2" fromWho="1" sc="240,0,250,-26,240,46,250,0" /><INIT seed="1,0,0,4,1,79" ten="240,224,286,250" oya="1" hai0="42,71,13,100,2,45,21,85,29,59,116,7,51" hai1="75,123,90,91,83,68,67,63,130,117,26,115,97" hai2="47,12,114,5,105,129,20,3,35,60,111,6,53" hai3="112,37,101,27,17,9,104,40,19,31,23,113,103"/><U61/><E123/><V93/><F105/><W96/><G103/><T99/><D71/><U109/><E117/><V95/><F35/><W69/><G69/><T22/><D2/><U88/><E115/><V128/><F114/><W98/><G98/><T92/><D116/><U122/><E122/><V110/><F3/><W108/><G108/><N who="2" m="41513" /><F60/><W118/><G118/><T82/><D59/><U131/><E109/><V126/><F53/><W66/><G66/><T132/><D29/><U125/><E63/><V49/><F20/><W48/><G37/><T32/><D132/><U41/><E41/><N who="2" m="24815" /><F126/><W50/><G40/><T86/><D32/><U102/><E125/><V77/><F77/><W44/><G44/><T72/><D22/><U58/><E68/><V1/><F12/><W121/><G121/><T80/><D21/><U54/><E54/><V24/><F24/><W107/><G107/><T89/><D72/><U73/><E26/><V65/><F65/><W106/><G106/><T127/><D127/><U36/><E36/><V30/><F30/><W52/><G31/><T87/><D100/><U46/><E46/><V119/><F119/><W18/><G27/><T57/><REACH who="0" step="1"/><D57/><REACH who="0" ten="230,224,286,250" step="2"/><U55/><E75/><V39/><F1/><W62/><G23/><T120/><D120/><U34/><E34/><V70/><F70/><W43/><G112/><T134/><D134/><U133/><E133/><V78/><F39/><W81/><G113/><T25/><D25/><U15/><E15/><V84/><F5/><W16/><N who="3" m="4096" /><DORA hai="0" /><W38/><G38/><T76/><D76/><N who="1" m="44431" /><E67/><V74/><F6/><RYUUKYOKU ba="0,1" sc="230,15,224,15,286,-15,250,-15" hai0="7,13,42,45,51,80,82,85,86,87,89,92,99" hai1="55,58,61,88,90,91,97,102,130,131" /><INIT seed="1,1,1,4,2,95" ten="245,239,271,235" oya="1" hai0="81,12,105,1,131,35,63,100,5,49,66,50,85" hai1="110,51,44,10,129,76,58,69,30,11,119,32,52" hai2="130,92,133,8,88,0,117,6,103,96,118,116,122" hai3="28,19,84,23,64,75,26,106,67,34,86,9,36"/><U31/><E69/><V73/><F122/><W89/><G36/><T65/><D1/><U56/><E119/><V68/><F68/><W87/><G75/><T94/><D105/><U21/><E129/><V7/><F130/><W55/><G106/><T47/><D35/><U43/><E32/><V91/><F133/><W134/><G134/><T15/><D50/><N who="1" m="26911" /><E76/><V82/><REACH who="2" step="1"/><F7/><REACH who="2" ten="245,239,261,235" step="2"/><W24/><G67/><T59/><D66/><U54/><E110/><V120/><F120/><W107/><G64/><T18/><D5/><U33/><E33/><V41/><F41/><W99/><G55/><T102/><D131/><U37/><E37/><V97/><F97/><W53/><G99/><T70/><D70/><U62/><E21/><V78/><AGARI ba="1,2" hai="0,6,8,73,78,82,88,91,92,96,103,116,117,118" machi="78" ten="40,8000,1" yaku="1,1,0,1,52,1,54,1,53,0" doraHai="95" doraHaiUra="14" who="2" fromWho="2" sc="245,-21,239,-41,261,103,235,-21" /><INIT seed="2,0,0,5,0,84" ten="224,198,364,214" oya="2" hai0="14,121,52,2,44,34,88,50,20,56,26,22,102" hai1="60,66,111,91,45,53,100,72,31,3,63,110,108" hai2="24,38,42,116,67,77,11,86,115,129,82,37,41" hai3="122,109,51,119,128,10,98,46,40,76,94,95,68"/><V54/><F116/><W105/><G119/><T89/><D2/><U49/><E3/><V23/><F115/><W8/><G109/><N who="1" m="27906" /><U5/><DORA hai="101" /><E5/><V43/><F129/><W28/><G122/><T32/><D121/><U21/><E72/><V74/><F67/><W135/><G68/><T114/><D114/><U118/><E118/><V97/><F11/><W25/><G128/><T4/><D102/><U80/><E100/><V57/><F97/><W131/><G131/><T127/><D127/><U18/><E31/><V126/><F74/><W124/><G124/><T78/><D78/><U113/><E113/><V125/><F125/><W123/><G76/><T16/><D34/><U112/><E112/><V27/><F27/><W75/><G75/><T59/><D32/><U83/><E66/><V12/><F12/><W61/><G123/><T79/><D79/><U107/><E107/><V120/><F120/><W7/><G105/><T15/><D15/><N who="1" m="9439" /><E80/><V30/><REACH who="2" step="1"/><F126/><REACH who="2" ten="224,198,354,214" step="2"/><W65/><G65/><T6/><D6/><U106/><E106/><V55/><F55/><W117/><G7/><T134/><D4/><U132/><E132/><V29/><F29/><W87/><G117/><T90/><D134/><U103/><E103/><V96/><F96/><W58/><G98/><T69/><D69/><U33/><E33/><V19/><F19/><AGARI ba="0,1" hai="14,16,19,20,22,26,44,50,52,56,59,88,89,90" machi="19" ten="40,12000,2" yaku="8,1,52,3,54,3" doraHai="84,101" who="0" fromWho="2" sc="224,130,198,0,354,-120,214,0" /><INIT seed="3,0,0,1,5,2" ten="354,198,234,214" oya="3" hai0="65,8,103,59,43,45,34,81,15,23,88,118,54" hai1="135,9,89,73,133,128,90,96,121,5,60,3,44" hai2="78,58,40,125,99,112,70,52,20,57,66,93,119" hai3="49,13,84,30,56,6,77,94,10,92,110,48,63"/><W46/><G30/><T37/><D34/><U53/><E121/><V85/><F119/><W111/><G77/><T134/><D134/><N who="1" m="51211" /><E73/><V91/><F112/><W105/><G105/><T80/><D65/><U21/><E128/><V109/><F109/><N who="3" m="41483" /><G84/><T41/><D41/><U130/><E130/><V18/><F125/><W14/><G14/><T97/><D23/><U82/><E21/><V64/><F70/><W42/><G49/><T117/><D81/><U19/><E19/><V131/><F40/><W122/><G122/><T71/><D80/><U76/><E96/><V55/><F131/><W98/><G98/><T62/><D103/><U24/><E24/><N who="2" m="14359" /><F78/><W0/><G0/><T101/><D101/><U16/><E16/><V11/><F11/><W26/><G26/><T120/><D120/><U50/><E60/><N who="2" m="35879" /><F85/><W7/><G6/><T87/><D87/><N who="1" m="50423" /><E76/><V61/><AGARI ba="0,0" hai="55,58,61,64,66,91,93,99" m="35879,14359" machi="61" ten="30,4000,0" yaku="25,1,8,1,54,1" doraHai="2" who="2" fromWho="2" sc="354,-10,198,-10,234,40,214,-20" /><INIT seed="4,0,0,0,3,129" ten="344,188,274,194" oya="0" hai0="9,126,117,120,121,32,52,56,25,130,131,92,109" hai1="123,2,94,71,69,64,93,13,127,103,128,42,6" hai2="111,61,124,110,51,15,116,44,26,96,76,133,46" hai3="10,30,28,81,68,118,112,107,34,75,101,105,40"/><T41/><D117/><U70/><E128/><N who="0" m="49193" /><D126/><U84/><E127/><V4/><F124/><W95/><G118/><T43/><D9/><U14/><E123/><N who="0" m="47177" /><D92/><U55/><E2/><V8/><F116/><W78/><G68/><T135/><D109/><U18/><E42/><N who="0" m="15881" /><D25/><U5/><E64/><V88/><F110/><W39/><G10/><T27/><D27/><U79/><E55/><V37/><F111/><W58/><G34/><T99/><D99/><N who="1" m="59887" /><E71/><V59/><F26/><W1/><G1/><T49/><D32/><U38/><E70/><V22/><F22/><W54/><G95/><T114/><D114/><U53/><E38/><V85/><F37/><W60/><G39/><T45/><D135/><U20/><E69/><V3/><F133/><W62/><G112/><T119/><D119/><U77/><E53/><N who="2" m="34031" /><F3/><W33/><G54/><T98/><D98/><U23/><E94/><N who="2" m="56391" /><F51/><W100/><G33/><T115/><D115/><U97/><E97/><V113/><F113/><W16/><G107/><T122/><D122/><U12/><E23/><V65/><F65/><W35/><G35/><T67/><D67/><U57/><E20/><V29/><F29/><W125/><G30/><T134/><D134/><U31/><E31/><V104/><F104/><W21/><G28/><T132/><D132/><U48/><E48/><V47/><F85/><W87/><G87/><T0/><D0/><U63/><E84/><V66/><F66/><W11/><G105/><T17/><D56/><U72/><E57/><V91/><F91/><W19/><G58/><T90/><D90/><U86/><E86/><RYUUKYOKU ba="0,0" sc="344,15,188,-15,274,15,194,-15" hai0="17,45,49,52" hai2="4,8,15,44,46,47,76" /><INIT seed="4,1,0,4,0,119" ten="359,173,289,179" oya="0" hai0="83,130,106,75,134,85,115,23,98,82,10,30,108" hai1="0,67,4,6,61,133,89,81,70,103,92,59,80" hai2="124,47,43,107,14,101,48,40,79,78,31,15,56" hai3="65,42,44,29,36,122,105,104,87,68,74,7,17"/><T125/><D115/><U25/><E133/><V135/><F135/><W8/><G74/><T3/><D125/><U38/><E38/><V66/><F124/><W52/><G29/><T132/><D130/><U18/><E70/><V77/><F31/><W91/><G17/><T120/><D3/><U128/><E0/><V35/><F35/><W95/><G68/><T13/><D108/><U114/><E128/><V73/><F73/><W39/><G65/><T69/><D106/><U27/><E103/><V41/><F101/><W121/><G39/><T53/><D98/><N who="1" m="57615" /><E114/><V58/><F107/><W96/><G52/><T5/><D53/><N who="1" m="34031" /><E27/><V51/><F66/><W110/><G110/><T62/><D69/><U1/><E1/><V117/><F117/><W127/><G127/><T123/><D134/><U76/><E67/><V131/><F131/><W26/><G26/><T90/><D132/><U32/><E32/><V45/><F40/><W16/><G7/><N who="1" m="2602" /><E76/><V55/><F55/><W94/><G8/><T19/><D10/><U50/><E50/><V24/><F24/><W100/><REACH who="3" step="1"/><G16/><REACH who="3" ten="359,173,289,169" step="2"/><T46/><D19/><U34/><E34/><V57/><AGARI ba="1,1" hai="14,15,41,43,45,47,48,51,56,57,58,77,78,79" machi="57" ten="30,4000,0" yaku="0,1,9,1,8,1" doraHai="119" who="2" fromWho="2" sc="359,-21,173,-11,289,53,169,-11" /><INIT seed="5,0,0,3,3,88" ten="338,162,342,158" oya="1" hai0="18,13,26,34,25,117,47,99,77,80,114,72,36" hai1="29,113,19,5,23,30,79,86,40,4,132,100,0" hai2="71,78,45,1,70,106,66,133,121,37,22,24,103" hai3="31,104,83,42,62,35,98,58,33,110,84,59,52"/><U101/><E113/><V6/><F121/><W87/><G110/><T109/><D109/><U128/><E132/><V43/><F78/><W102/><G42/><T134/><D117/><U124/><E128/><V11/><F133/><W20/><G20/><T129/><D34/><U27/><E124/><V131/><F131/><W91/><G31/><N who="1" m="11786" /><E0/><V44/><F106/><W67/><REACH who="3" step="1"/><G87/><REACH who="3" ten="338,162,342,148" step="2"/><T81/><D129/><U64/><E40/><V118/><F22/><W53/><G53/><T76/><D134/><U111/><E64/><V112/><F43/><W130/><G130/><T105/><D114/><U97/><E111/><V15/><F66/><W48/><AGARI ba="0,1" hai="33,35,48,52,58,59,62,67,83,84,91,98,102,104" machi="48" ten="20,5200,0" yaku="1,1,0,1,7,1,54,1,53,0" doraHai="88" doraHaiUra="89" who="3" fromWho="3" sc="338,-13,162,-26,342,-13,148,62" /><INIT seed="6,0,0,4,0,13" ten="325,136,329,210" oya="2" hai0="12,5,132,78,58,123,100,22,85,130,19,24,115" hai1="128,44,83,73,30,17,127,25,112,29,42,119,108" hai2="89,113,121,82,27,1,134,118,99,120,46,14,26" hai3="9,66,124,103,7,111,3,50,61,10,0,86,96"/><V125/><F118/><W55/><G124/><T53/><D130/><U16/><E127/><V90/><F1/><W56/><G111/><T70/><D70/><U94/><E119/><V104/><F125/><W107/><G86/><T33/><D132/><U110/><E128/><V21/><F134/><W80/><G80/><T87/><D115/><U109/><E112/><V95/><F113/><W62/><REACH who="3" step="1"/><G66/><REACH who="3" ten="325,136,329,200" step="2"/><T59/><D87/><U8/><E83/><V4/><F120/><W15/><G15/><T102/><D85/><U117/><E73/><V72/><F121/><W28/><G28/><N who="1" m="10858" /><E94/><N who="2" m="56783" /><F72/><W106/><G106/><T114/><D123/><U75/><E75/><V71/><F104/><W98/><G98/><T116/><D114/><U47/><E117/><V51/><F82/><W31/><G31/><T126/><D116/><U93/><E93/><V40/><F95/><W35/><G35/><T39/><D33/><U2/><E2/><V41/><F14/><W92/><G92/><T54/><D126/><U131/><E131/><V97/><F97/><W74/><G74/><T88/><D12/><N who="1" m="7175" /><E110/><V43/><F90/><W77/><G77/><T36/><D88/><U79/><E109/><V32/><F32/><W129/><G129/><T64/><D78/><U91/><E108/><V23/><F27/><W60/><G60/><T57/><D24/><U49/><E91/><V63/><F26/><W68/><G68/><T18/><D102/><U122/><E79/><V76/><F76/><W135/><G135/><T84/><D100/><U11/><E122/><V37/><F71/><W81/><G81/><RYUUKYOKU ba="0,1" sc="325,-10,136,-10,329,-10,200,30" hai3="0,3,7,9,10,50,55,56,61,62,96,103,107" /><INIT seed="7,1,1,4,1,1" ten="315,126,319,230" oya="3" hai0="98,106,58,29,5,27,10,101,23,63,79,117,109" hai1="113,32,30,62,119,37,118,123,90,107,92,24,122" hai2="73,47,6,80,111,88,87,59,64,135,49,18,104" hai3="74,40,70,68,19,46,28,20,53,134,65,33,21"/><W15/><G74/><T93/><D109/><U110/><E107/><V2/><F111/><W81/><G134/><T97/><D117/><N who="1" m="44555" /><E37/><V7/><F104/><W45/><G81/><T85/><D106/><U36/><E36/><V55/><F73/><W31/><G33/><T95/><D85/><U13/><E62/><N who="2" m="37983" /><F2/><W25/><G31/><T128/><D128/><U127/><E92/><N who="0" m="35401" /><D79/><U60/><E60/><V72/><F72/><W76/><G76/><T50/><D50/><U9/><E90/><V42/><F135/><W41/><G53/><N who="0" m="34255" /><D101/><U126/><E110/><V120/><F120/><N who="1" m="46121" /><E113/><V96/><F96/><W8/><G65/><T4/><D10/><U86/><E86/><V54/><F18/><W91/><G91/><T66/><D66/><U99/><E99/><AGARI ba="1,1" hai="4,5,23,27,29,97,98,99" m="34255,35401" machi="99" ten="30,3900,0" yaku="8,1,52,2" doraHai="1" who="0" fromWho="1" sc="315,52,126,-42,319,0,230,0" owari="367,47.0,84,-42.0,319,12.0,230,-17.0" /></mjloggm>