<mjloggm ver="2.3"><GO type="41" lobby="0"/><UN n0="%54%6F%6E%79%4C%61%6D%61" n1="%40%E3%82%8B%E3%81%85%E3%81%AF" n2="%33%31%6F%53%69%6F" n3="%E2%93%9D%53%75%70%68%78" dan="13,15,15,18" rate="1864.12,2012.19,2035.96,2103.16" sx="M,F,F,M"/><TAIKYOKU oya="0"/><INIT seed="0,0,0,2,1,113" ten="250,250,250,250" oya="0" hai0="111,82,0,17,51,30,29,80,118,66,88,79,128" hai1="74,52,110,27,61,22,76,45,32,81,1,106,59" hai2="67,20,6,43,58,115,65,92,50,7,122,126,90" hai3="60,18,132,47,48,72,96,93,86,87,131,89,54"/><T102/><D118/><U68/><E110/><V107/><F115/><W120/><G131/><T101/><D0/><U8/><E106/><V63/><F126/><W31/><G132/><T119/><D119/><U2/><E32/><V104/><F122/><W135/><G135/><T49/><D128/><U15/><E45/><V33/><F33/><W130/><G72/><T83/><D66/><U100/><E100/><V108/><F108/><W38/><G38/><T71/><D71/><U97/><E97/><V114/><F114/><W75/><G75/><T69/><D69/><U56/><E56/><V11/><F65/><W57/><G31/><N who="0" m="11787" /><D79/><U91/><E91/><V25/><F107/><W19/><G120/><T125/><D125/><U16/><REACH who="1" step="1"/><E68/><REACH who="1" ten="250,240,250,250" step="2"/><V28/><F104/><W95/><G130/><T134/><D134/><U4/><AGARI ba="0,1" hai="1,2,4,8,15,16,22,27,52,59,61,74,76,81" machi="4" ten="20,12000,2" yaku="1,1,2,1,0,1,7,1,54,2,53,0" doraHai="113" doraHaiUra="98" who="1" fromWho="1" sc="250,-60,240,130,250,-30,250,-30" /><INIT seed="1,0,0,1,4,117" ten="190,370,220,220" oya="1" hai0="4,90,75,125,10,66,7,29,24,99,101,81,23" hai1="35,68,123,106,84,98,5,11,133,130,65,71,126" hai2="52,55,27,17,70,94,48,51,129,59,116,21,73" hai3="54,19,25,33,87,112,135,110,85,3,92,44,16"/><U0/><E133/><V114/><F116/><W74/><G74/><T42/><D125/><U131/><E123/><V57/><F129/><N who="1" m="49161" /><E84/><V61/><F114/><W2/><G110/><T103/><D66/><U63/><E71/><V118/><F118/><W97/><G112/><T37/><D4/><U53/><E126/><V50/><F73/><W127/><G33/><T78/><D90/><U80/><E80/><V32/><F70/><W113/><G135/><T121/><D99/><U20/><E20/><V9/><F32/><W105/><G105/><T22/><D22/><U31/><E53/><V89/><REACH who="2" step="1"/><F9/><REACH who="2" ten="190,370,210,220" step="2"/><W38/><G127/><T26/><D121/><U93/><E35/><V128/><F128/><W13/><G113/><T47/><REACH who="0" step="1"/><D26/><REACH who="0" ten="180,370,210,220" step="2"/><U91/><E106/><V6/><F6/><W134/><G25/><T111/><D111/><U28/><AGARI ba="0,2" hai="0,5,11,28,31,63,65,68,91,93,98" m="49161" machi="28" ten="30,1500,0" yaku="19,1" doraHai="117" who="1" fromWho="1" sc="180,-5,370,35,210,-5,220,-5" /><INIT seed="1,1,0,3,0,42" ten="175,405,205,215" oya="1" hai0="0,46,125,37,16,56,103,28,130,55,50,52,77" hai1="112,92,66,9,12,88,30,41,36,53,24,123,122" hai2="13,44,26,51,100,68,20,17,70,115,94,4,47" hai3="54,132,75,40,126,19,39,72,18,76,59,33,101"/><U60/><E112/><V102/><F115/><W63/><G33/><T113/><D113/><U87/><E41/><V45/><F51/><W67/><G101/><T27/><D0/><U135/><E36/><V5/><F70/><W114/><G114/><T117/><D117/><U111/><E53/><V34/><F68/><W49/><G132/><T35/><D130/><U58/><E111/><V61/><F61/><W3/><G3/><T65/><D77/><U106/><E106/><V21/><F34/><W48/><G48/><T110/><D110/><U118/><E118/><V8/><F5/><W107/><G126/><T108/><D108/><U134/><E134/><V104/><F104/><W98/><G98/><T105/><D37/><U25/><E135/><V43/><F43/><W116/><G107/><T80/><D80/><U91/><E91/><V71/><F71/><N who="3" m="42495" /><G76/><T23/><D105/><U133/><E25/><N who="2" m="14479" /><F94/><W83/><G83/><T84/><D84/><U38/><E38/><V109/><F109/><W119/><G119/><T95/><D65/><U31/><E133/><V73/><F73/><N who="3" m="28235" /><G116/><T96/><D125/><U128/><E92/><V74/><F74/><W6/><G6/><T57/><REACH who="0" step="1"/><D55/><REACH who="0" ten="165,405,205,215" step="2"/><U131/><E66/><V62/><F62/><W1/><G1/><T120/><D120/><U15/><E123/><V2/><F2/><W90/><G39/><T10/><D10/><U69/><E9/><V14/><F14/><AGARI ba="1,1" hai="14,16,23,27,28,35,46,50,52,56,57,95,96,103" machi="14" ten="30,8000,1" yaku="1,1,7,1,52,1,54,2,53,0" doraHai="42" doraHaiUra="78" who="0" fromWho="2" sc="165,93,405,0,205,-83,215,0" /><INIT seed="2,0,0,4,0,114" ten="258,405,122,215" oya="2" hai0="80,119,58,127,86,91,28,113,95,65,122,38,67" hai1="31,110,32,56,62,115,40,93,27,8,15,53,78" hai2="36,111,89,25,133,82,72,101,128,118,88,6,18" hai3="97,120,42,30,46,1,43,131,109,103,45,92,10"/><V23/><F128/><W41/><G120/><T44/><D113/><U125/><E110/><V60/><F133/><W22/><G109/><T17/><D122/><U107/><E107/><V68/><F111/><W24/><REACH who="3" step="1"/><G131/><REACH who="3" ten="258,405,122,205" step="2"/><T71/><D127/><U3/><E125/><V5/><F36/><W7/><AGARI ba="0,1" hai="1,7,10,22,24,30,41,42,43,45,46,92,97,103" machi="7" ten="30,4000,0" yaku="1,1,2,1,0,1,53,0" doraHai="114" doraHaiUra="105" who="3" fromWho="3" sc="258,-10,405,-10,122,-20,205,50" /><INIT seed="3,0,0,2,2,135" ten="248,395,102,255" oya="3" hai0="133,24,3,99,97,126,112,18,117,27,74,96,100" hai1="123,22,4,59,131,51,41,109,105,101,73,118,65" hai2="38,45,23,113,95,78,103,37,102,26,90,61,106" hai3="35,80,53,62,83,42,107,81,33,32,6,2,76"/><W104/><G42/><T93/><D117/><U66/><E123/><V60/><F113/><W69/><G53/><T89/><D133/><U36/><E73/><V114/><F114/><W134/><G134/><T12/><D3/><U34/><E34/><V31/><F78/><W13/><G13/><T17/><D74/><U87/><E105/><V91/><F91/><W43/><G43/><T120/><D120/><U16/><E101/><V110/><F110/><W44/><G44/><T72/><D72/><U54/><E4/><V116/><F116/><W108/><G76/><T115/><D115/><U111/><E131/><V28/><F28/><W48/><G48/><T129/><D129/><U67/><E87/><V70/><F45/><W125/><G108/><N who="1" m="41546" /><E118/><V5/><F5/><W71/><G62/><T85/><D112/><U21/><E16/><V8/><F103/><W84/><G84/><T75/><D75/><U49/><E36/><V15/><F102/><W20/><G20/><N who="1" m="7786" /><E41/><V7/><F106/><N who="3" m="40491" /><G6/><T55/><D100/><U14/><E14/><V0/><F15/><W122/><G122/><T132/><D132/><U124/><E49/><V128/><F37/><W58/><G2/><T121/><D121/><U64/><E64/><V9/><F38/><W11/><G11/><T52/><D12/><U25/><E25/><V88/><F8/><W130/><G130/><T10/><D10/><U30/><E30/><V47/><F9/><W92/><G35/><T46/><D27/><U1/><E1/><V40/><F26/><W98/><G33/><T63/><D24/><U19/><E19/><RYUUKYOKU ba="0,0" sc="248,-10,395,30,102,-10,255,-10" hai1="51,54,59,65,66,67,124" /><INIT seed="4,1,0,1,4,112" ten="238,425,92,245" oya="0" hai0="121,8,50,37,89,27,41,1,46,119,124,94,97" hai1="34,18,32,74,9,28,19,66,63,65,44,80,98" hai2="58,54,24,43,113,70,87,56,122,83,118,96,116" hai3="20,134,38,129,51,109,130,106,29,86,123,84,92"/><T23/><D121/><U133/><E133/><V73/><F122/><W115/><G38/><T57/><D124/><U13/><E65/><V120/><F120/><W93/><G123/><T53/><D1/><U45/><E28/><V131/><F113/><W62/><G115/><T6/><D6/><U108/><E108/><V2/><F131/><W61/><G51/><T107/><D107/><U35/><E19/><V21/><F70/><W4/><G4/><T25/><D8/><U90/><E74/><V42/><F73/><W105/><G29/><T7/><D7/><U16/><E18/><N who="2" m="12343" /><F96/><W68/><G20/><T126/><D126/><U125/><E98/><V5/><F56/><W12/><G68/><T132/><D132/><U15/><E15/><V128/><F2/><W3/><G12/><T111/><D111/><U17/><E17/><V22/><F22/><W82/><G3/><T31/><REACH who="0" step="1"/><D27/><REACH who="0" ten="228,425,92,245" step="2"/><U39/><E125/><V67/><F5/><W11/><G134/><T127/><D127/><U135/><E135/><V30/><F128/><W33/><G109/><T69/><D69/><U101/><E9/><V26/><F26/><W114/><G114/><T72/><D72/><U47/><E13/><V79/><F67/><W14/><G14/><T91/><D91/><U55/><E90/><V10/><F10/><W59/><G11/><T76/><D76/><U49/><E66/><V104/><F104/><W95/><G130/><T110/><D110/><U100/><E100/><V77/><F79/><W64/><G129/><T40/><D40/><N who="2" m="15402" /><F30/><W88/><G64/><T117/><AGARI ba="1,1" hai="23,25,31,37,41,46,50,53,57,89,94,97,117,119" machi="117" ten="30,18000,2" yaku="1,1,5,1,0,1,52,2,53,1" doraHai="112" doraHaiUra="71" who="0" fromWho="0" sc="228,193,425,-61,92,-61,245,-61" /><INIT seed="4,2,0,5,1,50" ten="421,364,31,184" oya="0" hai0="9,96,95,125,17,12,77,2,3,85,72,10,91" hai1="32,93,40,135,56,118,19,48,7,33,70,97,65" hai2="107,8,43,24,57,117,27,5,64,15,66,102,86" hai3="23,42,45,41,80,100,36,58,131,49,22,79,20"/><T106/><D125/><U123/><E118/><V89/><F117/><W99/><G131/><T87/><D87/><U132/><E123/><V34/><F43/><W14/><G42/><T130/><D130/><U62/><E7/><V111/><F111/><W44/><G58/><T82/><REACH who="0" step="1"/><D9/><REACH who="0" ten="411,364,31,184" step="2"/><U92/><E132/><V78/><F78/><W16/><G79/><T60/><D60/><U127/><E135/><V52/><F34/><W28/><G80/><T116/><D116/><U88/><E127/><V112/><F112/><W114/><G114/><T110/><D110/><U105/><E33/><V35/><F35/><W53/><REACH who="3" step="1"/><G28/><REACH who="3" ten="411,364,31,174" step="2"/><T29/><D29/><U47/><E32/><V46/><F8/><W68/><G68/><T75/><D75/><U109/><E70/><V101/><F86/><W73/><G73/><T63/><D63/><U25/><E109/><V115/><F115/><W30/><G30/><T103/><AGARI ba="2,2" hai="2,3,10,12,17,72,77,82,85,91,95,96,103,106" machi="103" ten="30,11700,0" yaku="1,1,0,1,24,2,53,0" doraHai="50" doraHaiUra="59" who="0" fromWho="0" sc="411,143,364,-41,31,-41,174,-41" owari="554,66.0,323,12.0,-10,-51.0,133,-27.0" /></mjloggm>