<mjloggm ver="2.3"><GO type="41" lobby="0"/><UN n0="%E2%93%9D%53%75%70%68%78" n1="%54%61%6B%65%73%68%69%6E" n2="%E8%AD%A6%E8%A6%96%E7%B7%8F%E7%9B%A3" n3="%4A%6F%67%65" dan="18,14,13,14" rate="2121.28,1942.57,1874.96,1915.73" sx="M,M,M,M"/><TAIKYOKU oya="0"/><INIT seed="0,0,0,2,5,78" ten="250,250,250,250" oya="0" hai0="114,95,35,28,61,77,84,117,122,135,103,97,38" hai1="34,13,31,19,22,109,32,121,102,120,83,94,130" hai2="73,124,8,45,63,96,40,9,76,53,111,11,5" hai3="33,26,7,41,4,62,49,56,64,107,98,118,123"/><T0/><D114/><U50/><E109/><V71/><F111/><W129/><G118/><T79/><D38/><U36/><E36/><V105/><F124/><W15/><G129/><T108/><D0/><U60/><E130/><V16/><F105/><W119/><G119/><T116/><D108/><U37/><E37/><V131/><F131/><W6/><G123/><T126/><D135/><U127/><E127/><V93/><F40/><W88/><G107/><T67/><D79/><U20/><E22/><V70/><F5/><W100/><G100/><T68/><D126/><U54/><E31/><V12/><F45/><W52/><G41/><T75/><D75/><U92/><E60/><V42/><F42/><W24/><G33/><T82/><REACH who="0" step="1"/><D122/><REACH who="0" ten="240,250,250,250" step="2"/><U113/><E113/><V30/><F76/><W55/><G15/><T23/><D23/><U101/><E34/><V58/><F73/><W48/><G24/><AGARI ba="0,1" hai="24,28,35,61,67,68,77,82,84,95,97,103,116,117" machi="24" ten="40,3900,0" yaku="1,1,52,1,53,0" doraHai="78" doraHaiUra="104" who="0" fromWho="3" sc="240,49,250,0,250,0,250,-39" /><INIT seed="0,1,0,4,5,49" ten="289,250,250,211" oya="0" hai0="39,121,14,46,31,106,105,75,114,91,9,79,123" hai1="119,100,42,43,64,96,77,6,124,55,23,36,2" hai2="127,4,89,16,134,110,3,102,86,103,26,12,71" hai3="47,81,112,62,73,116,48,66,128,87,45,1,54"/><T69/><D69/><U109/><E119/><V34/><F71/><W94/><G116/><T129/><D31/><U38/><E109/><V98/><F110/><W74/><G112/><T68/><D68/><U115/><E77/><V35/><F127/><W117/><G117/><T120/><D129/><U108/><E64/><V32/><F134/><W113/><G113/><T126/><D114/><U135/><E115/><V37/><F37/><W104/><G104/><T133/><D91/><U19/><E135/><V101/><F98/><W97/><G128/><T22/><D22/><U28/><E28/><V60/><F26/><W83/><G45/><T59/><D59/><U84/><E84/><V80/><F60/><W82/><G87/><T29/><D29/><U33/><E33/><V30/><F30/><W21/><G21/><T131/><D126/><U53/><E124/><V61/><F61/><W57/><REACH who="3" step="1"/><G1/><REACH who="3" ten="289,250,250,201" step="2"/><T78/><D131/><U67/><E108/><V13/><F3/><W20/><G20/><T50/><D133/><U18/><E2/><V132/><F132/><W52/><G52/><T17/><D106/><U11/><E67/><V111/><F111/><W44/><G44/><T72/><D105/><U0/><E23/><N who="2" m="11655" /><F34/><W10/><G10/><T122/><D122/><U130/><E130/><V125/><F125/><W56/><G56/><T76/><REACH who="0" step="1"/><D39/><REACH who="0" ten="279,250,250,201" step="2"/><U40/><E38/><V92/><F32/><W5/><G5/><T93/><D93/><N who="1" m="58383" /><E36/><V65/><F35/><W51/><G51/><T41/><AGARI ba="1,2" hai="9,14,17,41,46,50,72,75,76,78,79,120,121,123" machi="41" ten="40,3900,0" yaku="1,1,0,1,53,0" doraHai="49" doraHaiUra="27" who="0" fromWho="0" sc="279,62,250,-14,250,-14,201,-14" /><INIT seed="0,2,0,0,0,115" ten="341,236,236,187" oya="0" hai0="112,19,28,92,65,22,51,69,118,70,39,116,81" hai1="61,123,50,31,9,127,29,73,121,101,42,63,14" hai2="49,64,105,83,15,30,86,68,12,72,2,48,98" hai3="113,47,80,114,100,96,135,77,75,67,66,85,109"/><T32/><D112/><U131/><E73/><V34/><F2/><W46/><G114/><T53/><D39/><U78/><E78/><V94/><F72/><W36/><G113/><T71/><D65/><U8/><E101/><V84/><F105/><W111/><G135/><T3/><D3/><U79/><E79/><V119/><F30/><W110/><G75/><T40/><D40/><U25/><E131/><V99/><F83/><W55/><G46/><T18/><D32/><U93/><E127/><V76/><F76/><W7/><G7/><T89/><D28/><U126/><E126/><V106/><F106/><W102/><G102/><T62/><D62/><U13/><E93/><V82/><F82/><W52/><G36/><T87/><D19/><U133/><E25/><V38/><F94/><W23/><G23/><T58/><REACH who="0" step="1"/><D81/><REACH who="0" ten="331,236,236,187" step="2"/><U107/><E42/><V104/><F64/><N who="3" m="24619" /><G47/><T60/><D60/><U33/><E50/><V44/><F44/><W56/><G56/><T95/><D95/><AGARI ba="2,1" hai="52,55,77,80,85,95,96,100,109,110,111" m="24619" machi="95" ten="30,2000,0" yaku="14,1,54,1" doraHai="115" who="3" fromWho="0" sc="331,-26,236,0,236,0,187,36" /><INIT seed="1,0,0,2,2,76" ten="305,236,236,223" oya="1" hai0="73,53,102,69,10,106,63,132,1,75,4,80,70" hai1="121,58,8,81,13,108,55,107,20,30,77,16,31" hai2="123,0,117,126,64,135,17,90,59,111,48,103,65" hai3="124,86,18,125,43,66,36,79,97,128,42,91,113"/><U9/><E107/><V12/><F117/><W92/><G36/><T122/><D53/><U67/><E67/><V22/><F123/><W3/><G3/><T39/><D132/><U56/><E121/><V98/><F0/><W62/><G113/><T61/><D61/><U60/><E108/><V87/><F111/><W119/><G119/><T57/><D57/><U82/><E77/><V49/><F126/><W46/><G128/><T72/><D122/><U105/><E105/><V7/><F7/><W25/><G42/><T32/><D63/><N who="1" m="36255" /><E9/><V50/><F135/><W130/><G130/><T115/><D115/><U116/><E116/><V14/><F59/><W85/><G25/><T120/><D120/><U74/><E74/><V131/><F131/><W38/><G18/><T35/><D70/><U51/><E51/><V100/><F64/><W11/><G11/><T41/><D69/><U109/><E109/><V118/><F65/><W84/><REACH who="3" step="1"/><G79/><REACH who="3" ten="305,236,236,213" step="2"/><T33/><D10/><U104/><E104/><V6/><F118/><W24/><G24/><T37/><D106/><U26/><E31/><V134/><F134/><W133/><G133/><T34/><D1/><U89/><E89/><V47/><F90/><W112/><G112/><T71/><D39/><U21/><E8/><V96/><F17/><W78/><G78/><T54/><D37/><U114/><E114/><V68/><F6/><W88/><G88/><T101/><D4/><U5/><E5/><V44/><F44/><W45/><G45/><T129/><D129/><U93/><E93/><N who="2" m="58383" /><F47/><W28/><G28/><T95/><D75/><RYUUKYOKU ba="0,1" sc="305,-15,236,15,236,-15,213,15" hai1="13,16,20,21,26,30,58,60,81,82" hai3="38,43,46,62,66,84,85,86,91,92,97,124,125" /><INIT seed="1,1,1,2,2,5" ten="290,251,221,228" oya="1" hai0="106,99,20,94,130,111,107,55,108,61,109,35,6" hai1="104,68,114,113,93,131,82,105,124,1,77,8,4" hai2="39,98,10,57,100,25,38,40,118,69,47,64,48" hai3="72,24,76,9,58,79,31,59,16,15,60,119,42"/><U53/><E68/><V54/><F118/><W3/><G119/><T116/><D116/><U73/><E124/><V18/><F39/><W102/><G3/><T63/><D35/><U14/><E131/><V128/><F128/><W83/><G79/><T86/><D130/><U36/><E104/><V12/><F25/><W120/><G120/><T88/><D6/><U50/><E105/><N who="0" m="39945" /><D55/><U49/><E36/><V80/><F80/><W121/><G121/><T27/><D99/><U115/><E53/><V96/><REACH who="2" step="1"/><F100/><REACH who="2" ten="290,251,211,228" step="2"/><W32/><G102/><T129/><D129/><U110/><E110/><V29/><F29/><AGARI ba="1,2" hai="20,27,29,61,63,86,88,94,108,109,111" m="39945" machi="29" ten="40,2600,0" yaku="14,1,54,1" doraHai="5" who="0" fromWho="2" sc="290,49,251,0,211,-29,228,0" /><INIT seed="2,0,0,5,0,59" ten="339,251,182,228" oya="2" hai0="30,33,111,29,71,21,127,60,52,2,24,74,97" hai1="79,5,80,104,44,100,108,101,17,69,75,102,77" hai2="76,38,94,116,134,22,57,90,82,39,47,8,65" hai3="91,130,107,18,54,50,93,64,85,16,7,27,46"/><V12/><F116/><W56/><G130/><T95/><D74/><U72/><E108/><V31/><F134/><W114/><G114/><T123/><D123/><U96/><E17/><V6/><F31/><W133/><G107/><T89/><D2/><U26/><E26/><V103/><F103/><N who="1" m="39497" /><E44/><V128/><F128/><W15/><G133/><T118/><D127/><U73/><E5/><V98/><F22/><W10/><REACH who="3" step="1"/><G27/><REACH who="3" ten="339,251,182,218" step="2"/><T14/><D24/><U129/><E129/><V66/><F47/><W28/><G28/><T86/><D30/><U1/><E1/><V32/><F32/><W20/><G20/><T110/><D33/><U49/><E69/><V25/><F25/><W48/><G48/><T13/><D71/><U36/><E49/><V19/><F39/><W135/><G135/><T58/><D29/><U126/><E36/><V45/><F45/><W124/><G124/><T132/><D132/><U99/><E126/><V37/><F37/><W115/><G115/><T109/><D118/><U53/><E53/><V0/><F38/><W35/><G35/><T87/><D21/><U105/><E104/><V4/><F8/><W106/><G106/><T112/><D112/><U88/><E105/><V125/><F125/><W70/><G70/><T131/><D131/><U34/><E34/><V120/><F120/><W83/><G83/><T119/><D119/><U113/><E113/><V117/><F82/><W84/><G84/><AGARI ba="0,1" hai="13,14,52,58,60,84,86,87,89,95,97,109,110,111" machi="84" ten="40,5200,0" yaku="14,1,52,1,54,1" doraHai="59" who="0" fromWho="3" sc="339,62,251,0,182,0,218,-52" /><INIT seed="3,0,0,5,2,104" ten="401,251,182,166" oya="3" hai0="15,35,12,9,85,72,29,6,2,94,106,60,62" hai1="51,122,118,117,105,49,129,28,16,21,24,88,99" hai2="61,17,18,75,63,44,81,78,70,40,20,56,84" hai3="79,109,47,5,67,121,125,74,4,128,52,101,100"/><W92/><G121/><T130/><D72/><U41/><E122/><V14/><F70/><W133/><G67/><T68/><D106/><U119/><E129/><V115/><F115/><W123/><G123/><T82/><D94/><N who="1" m="56775" /><E105/><V8/><F84/><W46/><G46/><T77/><D130/><U103/><E103/><V90/><F90/><W57/><G47/><T7/><D68/><U23/><E41/><V89/><F89/><W69/><G69/><T132/><D132/><U116/><N who="1" m="29696" /><DORA hai="112" /><U32/><E32/><V66/><F61/><W45/><G45/><T30/><D35/><U91/><E91/><V107/><F107/><W42/><G42/><T0/><D62/><U131/><E131/><V126/><F44/><W31/><G128/><T10/><D60/><U110/><E110/><V96/><F96/><N who="3" m="59399" /><G101/><T102/><D102/><U83/><E83/><V93/><F93/><W26/><G133/><T64/><D64/><U127/><E127/><V43/><REACH who="2" step="1"/><F126/><REACH who="2" ten="401,251,172,166" step="2"/><W19/><G125/><T59/><D59/><U27/><AGARI ba="0,1" hai="16,21,23,24,27,28,49,51" m="29696,56775" machi="27" ten="60,12000,2" yaku="12,1,52,4,54,2" doraHai="104,112" who="1" fromWho="1" sc="401,-30,251,130,172,-30,166,-60" /><INIT seed="4,0,0,2,2,87" ten="371,381,142,106" oya="0" hai0="135,31,121,116,85,101,68,3,76,10,23,73,17" hai1="128,103,12,18,41,21,62,104,110,124,8,97,65" hai2="96,37,118,127,106,117,26,22,95,25,49,72,70" hai3="113,134,29,111,42,0,90,80,47,20,58,75,7"/><T74/><D116/><N who="2" m="44650" /><F37/><W99/><G113/><T44/><D121/><U53/><E110/><V46/><F72/><W92/><G111/><T13/><D68/><U112/><E112/><V108/><F70/><W40/><G134/><T120/><D120/><U130/><E124/><V56/><F106/><W78/><G58/><T57/><D101/><U119/><E53/><V91/><F127/><W6/><G0/><T39/><D135/><U28/><E41/><V84/><F56/><W129/><G129/><T4/><D57/><U30/><E119/><V48/><F26/><W55/><G55/><T54/><D31/><U81/><E81/><N who="2" m="49551" /><F46/><W132/><G132/><T89/><D76/><U16/><E128/><V24/><F24/><W9/><G9/><T19/><D39/><U2/><E130/><V77/><F77/><W1/><G1/><T133/><D133/><U115/><E115/><V34/><F34/><W43/><REACH who="3" step="1"/><G47/><REACH who="3" ten="371,381,142,96" step="2"/><T122/><D122/><U102/><E2/><V123/><F123/><W35/><G35/><T52/><D54/><U63/><E65/><V64/><F64/><W45/><G45/><T69/><D69/><U93/><E8/><V59/><F59/><W5/><G5/><T100/><D44/><U131/><E131/><V88/><F108/><W61/><G61/><T11/><D52/><U126/><E126/><V94/><F49/><W107/><G107/><T27/><D100/><U71/><E71/><V14/><F48/><W125/><G125/><T36/><D36/><U66/><E63/><V109/><F109/><W83/><G83/><AGARI ba="0,1" hai="3,4,10,11,13,17,19,23,27,73,74,83,85,89" machi="83" ten="30,2900,0" yaku="7,1,52,1" doraHai="87" who="0" fromWho="3" sc="371,39,381,0,142,0,96,-29" /><INIT seed="4,1,0,2,0,117" ten="410,381,142,67" oya="0" hai0="116,26,59,79,47,93,97,22,56,103,44,89,13" hai1="96,71,77,88,95,6,132,120,104,133,124,111,60" hai2="16,52,67,39,94,135,15,125,9,33,74,54,123" hai3="87,62,37,78,12,5,0,72,101,51,17,115,30"/><T68/><D68/><U98/><E111/><V113/><F123/><W19/><G37/><T83/><D116/><U122/><E6/><V80/><F113/><W66/><G72/><T34/><D34/><U91/><E60/><V32/><F39/><W27/><G115/><T18/><D103/><N who="1" m="62567" /><E71/><V53/><F125/><W109/><G109/><T99/><D99/><U35/><E35/><V55/><F135/><N who="1" m="51785" /><E124/><V58/><F94/><W73/><G73/><T46/><REACH who="0" step="1"/><D26/><REACH who="0" ten="400,381,142,67" step="2"/><U86/><E77/><V40/><F33/><W57/><G101/><T84/><AGARI ba="1,1" hai="13,18,22,44,46,47,56,59,79,83,84,89,93,97" machi="84" ten="30,18000,2" yaku="1,1,2,1,0,1,8,1,53,3" doraHai="117" doraHaiUra="41" who="0" fromWho="0" sc="400,193,381,-61,142,-61,67,-61" /><INIT seed="4,2,0,4,3,45" ten="593,320,81,6" oya="0" hai0="42,61,30,56,132,105,84,50,72,5,8,123,113" hai1="111,110,36,119,107,66,18,125,10,58,62,49,14" hai2="135,134,103,24,109,88,38,23,20,59,35,121,6" hai3="69,78,102,82,48,34,71,90,91,127,57,130,29"/><T17/><D113/><U118/><E107/><V53/><F38/><W114/><G69/><T89/><D132/><U85/><E36/><V54/><F103/><W39/><G71/><T128/><D128/><U126/><E85/><V67/><F121/><W51/><G39/><T16/><D72/><U108/><REACH who="1" step="1"/><E49/><REACH who="1" ten="593,310,81,6" step="2"/><N who="3" m="19018" /><G34/><T101/><D105/><U83/><E83/><V63/><F35/><W77/><G114/><T81/><D123/><U106/><E106/><V64/><F135/><W115/><G115/><T33/><D33/><U46/><E46/><V98/><F134/><W75/><G75/><T7/><D84/><U44/><E44/><V79/><F79/><N who="3" m="30219" /><G130/><T40/><D40/><U87/><E87/><V112/><F112/><W1/><G1/><T27/><D42/><U52/><E52/><V22/><F54/><W97/><G127/><AGARI ba="2,1" hai="10,14,18,58,62,66,108,110,111,118,119,125,126,127" machi="127" ten="50,3200,0" yaku="1,1,18,1,53,0" doraHai="45" doraHaiUra="117" who="1" fromWho="3" sc="593,0,310,48,81,0,6,-38" owari="593,69.0,358,16.0,81,-32.0,-32,-53.0" /></mjloggm>