<mjloggm ver="2.3"><GO type="41" lobby="0"/><UN n0="%E2%93%9D%53%75%70%68%78" n1="%E3%82%AB%E3%83%B3%E3%82%BD%E3%83%A9" n2="%E5%A4%A7%E6%A8%B9%E6%B0%B7%EF%BC%92%EF%BC%95%EF%BC%85" n3="%E3%81%9F%E3%81%BE%E3%81%93" dan="18,14,13,13" rate="2139.13,1963.14,1858.05,1881.96" sx="M,F,M,F"/><TAIKYOKU oya="0"/><INIT seed="0,0,0,2,1,3" ten="250,250,250,250" oya="0" hai0="24,69,82,8,104,18,12,2,68,31,124,53,72" hai1="83,74,114,46,37,57,59,108,113,29,96,93,80" hai2="109,34,65,106,132,61,92,89,49,73,99,55,41" hai3="105,101,81,125,11,63,25,33,91,97,70,26,110"/><T21/><D104/><U23/><E108/><V121/><F34/><W127/><G110/><T4/><D124/><U62/><E74/><V16/><F121/><W90/><G25/><T100/><D100/><U67/><E59/><V42/><F73/><W7/><G125/><T117/><D117/><U79/><E79/><V6/><F6/><W35/><G127/><T115/><D115/><N who="1" m="44043" /><E46/><V30/><F30/><N who="3" m="19671" /><G81/><T44/><D53/><U122/><E37/><V131/><F106/><W103/><G103/><T112/><D112/><U78/><E78/><V14/><F109/><W123/><G123/><T52/><D82/><U135/><E122/><V40/><F132/><W88/><G35/><N who="0" m="20967" /><D72/><U56/><E56/><N who="2" m="37031" /><F131/><W102/><G102/><T85/><D85/><U20/><E135/><V75/><F75/><W48/><G48/><AGARI ba="0,0" hai="2,4,8,12,18,21,44,48,52,68,69" m="20967" machi="48" ten="30,5800,0" yaku="24,1,52,1,54,1" doraHai="3" who="0" fromWho="3" sc="250,58,250,0,250,0,250,-58" /><INIT seed="0,1,0,5,2,95" ten="308,250,250,192" oya="0" hai0="38,43,124,45,76,71,21,93,87,123,60,114,96" hai1="0,117,59,81,77,12,28,135,39,11,57,32,65" hai2="73,90,91,25,58,49,131,94,62,3,105,101,85" hai3="128,130,66,126,100,69,42,41,112,16,115,13,1"/><T64/><D124/><U132/><E39/><V44/><F3/><W17/><G1/><T79/><D114/><U19/><E117/><V88/><F131/><W127/><G69/><T113/><D113/><N who="3" m="43593" /><G66/><T2/><D123/><U89/><E89/><V82/><F25/><W9/><G100/><T122/><D122/><U22/><E65/><V86/><F73/><W111/><G111/><T18/><D87/><U46/><E46/><V98/><F91/><W133/><G133/><T30/><D30/><U56/><E135/><V50/><REACH who="2" step="1"/><F44/><REACH who="2" ten="308,250,240,192" step="2"/><W75/><G75/><T54/><D2/><U119/><E132/><V118/><F118/><W34/><G34/><T97/><D79/><U67/><E119/><V110/><F110/><W24/><G42/><T99/><D76/><U26/><E67/><AGARI ba="1,1" hai="49,50,58,62,67,82,85,86,88,90,94,98,101,105" machi="67" ten="30,8000,1" yaku="1,1,7,1,52,1,54,1,53,1" doraHai="95" doraHaiUra="92" who="2" fromWho="1" sc="308,0,250,-83,240,93,192,0" /><INIT seed="1,0,0,4,1,130" ten="308,167,333,192" oya="1" hai0="27,25,20,55,133,112,22,50,6,51,67,54,53" hai1="37,98,42,32,33,109,104,89,100,81,64,18,108" hai2="3,122,5,135,111,129,36,90,9,115,17,134,128" hai3="49,114,76,83,26,48,16,43,73,107,110,106,31"/><U80/><E64/><V87/><F36/><W95/><G114/><T34/><D34/><U132/><E42/><V30/><F122/><W77/><G77/><T19/><D112/><U15/><E37/><V121/><F115/><W59/><G48/><T47/><D133/><N who="2" m="50698" /><F121/><W68/><G68/><T56/><D6/><U23/><E132/><V71/><F71/><W131/><G131/><N who="2" m="50249" /><F90/><W88/><G110/><N who="1" m="42602" /><E81/><V69/><F87/><AGARI ba="0,0" hai="15,18,23,32,33,80,87,89,98,100,104" m="42602" machi="87" ten="30,2900,0" yaku="14,1,10,1" doraHai="130" who="1" fromWho="2" sc="308,0,167,29,333,-29,192,0" /><INIT seed="1,1,0,3,2,97" ten="308,196,304,192" oya="1" hai0="87,92,3,79,23,15,77,116,14,56,95,12,125" hai1="25,18,81,69,90,74,26,135,121,33,58,10,122" hai2="55,50,20,106,28,64,34,65,126,4,84,16,127" hai3="48,7,128,29,43,83,0,32,9,62,47,67,24"/><U49/><E69/><V118/><F106/><W114/><G114/><T35/><D3/><U57/><E135/><V17/><F118/><W85/><G128/><T53/><D35/><U30/><E26/><V82/><F4/><W61/><REACH who="3" step="1"/><G67/><REACH who="3" ten="308,196,304,182" step="2"/><T129/><D129/><U103/><E122/><V66/><F64/><W120/><G120/><T72/><D116/><U105/><E121/><V100/><F66/><W104/><G104/><T38/><D125/><U22/><E105/><V111/><F65/><W110/><G110/><T91/><D72/><U70/><E70/><V71/><F111/><W19/><G19/><T44/><D95/><U109/><E109/><V39/><F17/><W78/><AGARI ba="1,1" hai="0,7,9,24,29,32,43,47,48,61,62,78,83,85" machi="78" ten="20,5200,0" yaku="1,1,0,1,7,1,53,1" doraHai="97" doraHaiUra="36" who="3" fromWho="3" sc="308,-14,196,-27,304,-14,182,65" /><INIT seed="2,0,0,5,4,111" ten="294,169,290,247" oya="2" hai0="67,130,5,105,118,123,39,103,95,88,16,79,42" hai1="109,20,6,60,57,125,77,94,133,21,115,135,36" hai2="126,43,30,117,52,62,48,110,124,132,7,101,44" hai3="68,71,106,13,25,40,59,38,37,23,19,41,104"/><V45/><F117/><W26/><G59/><T91/><D123/><U8/><E36/><V84/><F30/><W93/><G93/><T27/><D105/><U15/><E77/><V78/><F101/><W18/><REACH who="3" step="1"/><G13/><REACH who="3" ten="294,169,290,237" step="2"/><T31/><D95/><U120/><E120/><V81/><F110/><W89/><G89/><T46/><D91/><U2/><E109/><V108/><F108/><W131/><G131/><T72/><D88/><U66/><E94/><V49/><F132/><W14/><G14/><T80/><D130/><U127/><E57/><V58/><REACH who="2" step="1"/><F7/><REACH who="2" ten="294,169,280,237" step="2"/><W74/><G74/><T50/><D5/><U17/><E135/><V3/><F3/><W122/><G122/><T92/><D72/><U12/><E133/><V11/><F11/><W90/><G90/><T4/><D4/><U35/><E2/><V34/><F34/><W76/><G76/><T0/><D79/><U75/><E75/><V116/><F116/><W121/><G121/><T29/><D0/><U47/><E6/><V73/><F73/><W112/><G112/><T33/><D33/><U51/><E115/><V98/><F98/><W97/><G97/><T134/><D134/><U82/><E35/><V100/><F100/><W128/><G128/><T10/><D103/><U61/><E8/><V54/><AGARI ba="0,2" hai="43,44,45,48,49,52,54,58,62,78,81,84,124,126" machi="54" ten="30,6000,0" yaku="1,1,0,1,54,1,53,0" doraHai="111" doraHaiUra="24" who="2" fromWho="2" sc="294,-20,169,-20,280,80,237,-20" /><INIT seed="2,1,0,0,2,119" ten="274,149,360,217" oya="2" hai0="77,48,0,14,54,134,16,99,52,126,127,42,2" hai1="12,110,81,62,115,25,27,88,15,135,38,92,83" hai2="124,8,122,125,44,39,106,1,32,97,11,17,80" hai3="7,130,123,34,4,18,113,28,24,118,66,9,30"/><V104/><F11/><W45/><G66/><T101/><D77/><U114/><E38/><V47/><F44/><W10/><G45/><N who="0" m="25655" /><D134/><U91/><E135/><V98/><F98/><W57/><G57/><T95/><D2/><U49/><E49/><V37/><F17/><W133/><G118/><T59/><D0/><U13/><E110/><V120/><F32/><N who="3" m="20487" /><G133/><T46/><D46/><U71/><E71/><V65/><F65/><W40/><G40/><T51/><D127/><N who="2" m="48714" /><F80/><N who="1" m="30793" /><E92/><V84/><F84/><W21/><G130/><T31/><D126/><U78/><E78/><V96/><F97/><W87/><G87/><T58/><D31/><U55/><E55/><N who="0" m="21033" /><D51/><U121/><E62/><V19/><F19/><W74/><G74/><T26/><D26/><N who="1" m="9739" /><E121/><N who="2" m="46699" /><F47/><W60/><G60/><T5/><D5/><N who="3" m="2121" /><G123/><T73/><D73/><U107/><E107/><N who="2" m="41003" /><F96/><W41/><G41/><T23/><AGARI ba="1,0" hai="14,16,23,58,59,95,99,101" m="21033,25655" machi="23" ten="30,4000,0" yaku="8,1,54,2" doraHai="119" who="0" fromWho="0" sc="274,43,149,-11,360,-21,217,-11" /><INIT seed="3,0,0,4,1,28" ten="317,138,339,206" oya="3" hai0="64,10,69,46,91,23,55,45,76,134,135,36,65" hai1="4,104,84,130,34,57,43,79,21,51,85,33,128" hai2="63,129,49,37,131,27,108,12,107,11,42,83,32" hai3="25,118,15,71,38,26,40,119,52,29,94,87,78"/><W109/><G71/><T122/><D76/><U60/><E104/><V102/><F49/><W114/><G114/><T106/><D10/><U53/><E4/><V17/><F83/><W59/><G38/><T127/><D23/><U95/><E21/><V100/><F108/><W101/><G40/><T31/><D91/><U88/><E79/><V96/><F100/><W74/><G74/><T24/><D127/><U89/><E43/><V14/><F14/><W19/><G78/><T6/><D122/><U72/><E72/><V81/><F81/><W7/><G7/><T16/><D55/><U75/><E75/><V20/><F11/><W61/><G25/><T112/><D106/><U125/><E125/><V58/><F42/><W93/><G93/><T132/><D112/><U110/><E110/><V44/><F44/><W66/><G109/><T13/><D6/><U68/><E68/><V1/><F37/><W121/><G121/><T124/><D124/><U67/><E130/><N who="2" m="49675" /><F1/><W22/><G66/><N who="0" m="25707" /><D36/><U3/><E3/><V54/><F12/><W5/><G5/><T73/><D69/><U113/><E113/><V35/><AGARI ba="0,0" hai="17,20,27,32,35,54,58,63,96,102,107" m="49675" machi="35" ten="30,4000,0" yaku="19,1,52,2" doraHai="28" who="2" fromWho="2" sc="317,-10,138,-10,339,40,206,-20" /><INIT seed="4,0,0,1,0,90" ten="307,128,379,186" oya="0" hai0="24,58,34,77,105,80,119,100,66,83,128,94,97" hai1="126,43,17,93,28,65,114,26,107,71,41,92,44" hai2="87,6,109,117,20,124,16,84,125,57,91,99,10" hai3="120,3,118,75,78,60,129,108,81,45,36,1,123"/><T76/><D119/><U19/><E107/><V15/><F109/><W112/><G108/><T101/><D128/><U72/><E72/><V85/><F117/><W74/><G118/><T134/><D134/><U12/><E71/><V122/><F122/><N who="3" m="46635" /><G129/><T95/><D34/><U96/><E65/><V88/><F57/><W42/><G74/><N who="0" m="43031" /><D24/><U64/><E64/><V51/><F51/><W29/><G60/><N who="0" m="38167" /><D105/><U47/><E96/><V113/><F113/><W54/><G54/><T111/><D111/><U70/><E70/><V11/><F11/><W35/><G112/><T18/><D18/><U130/><E130/><V53/><F53/><W89/><G89/><N who="0" m="55503" /><D83/><U86/><E86/><V135/><F135/><W31/><G31/><T102/><D77/><U131/><E131/><V13/><REACH who="2" step="1"/><F99/><REACH who="2" ten="307,128,369,186" step="2"/><W98/><G98/><T4/><D102/><U133/><E133/><V2/><F2/><W14/><G14/><T23/><D101/><U38/><E114/><V62/><F62/><W59/><G59/><T27/><D100/><U104/><E104/><V61/><F61/><W25/><AGARI ba="0,1" hai="1,3,25,29,35,36,42,45,75,78,81" m="46635" machi="25" ten="30,2000,0" yaku="13,1,23,1" doraHai="90" who="3" fromWho="3" sc="307,-10,128,-5,369,-5,186,30" /><INIT seed="5,0,0,5,2,75" ten="297,123,364,216" oya="1" hai0="134,117,28,26,63,61,104,126,87,44,67,35,17" hai1="111,73,78,135,39,3,27,116,24,102,21,64,60" hai2="29,19,36,23,51,25,16,38,9,43,6,115,127" hai3="81,91,129,31,57,20,59,22,92,125,123,122,72"/><U114/><E39/><V69/><F69/><W95/><G125/><T83/><D117/><U101/><E3/><V80/><F127/><W99/><G129/><T46/><D126/><U96/><E116/><V47/><F115/><W85/><G122/><T131/><D104/><U74/><E114/><V90/><F38/><W113/><G123/><T89/><D134/><U49/><E49/><V133/><F36/><W48/><G113/><T97/><D63/><U45/><E135/><V107/><F107/><W94/><G72/><T105/><D17/><U120/><E120/><V54/><F54/><N who="3" m="31943" /><G59/><T65/><D65/><U58/><E102/><V15/><F133/><W1/><G1/><T88/><D89/><U40/><E27/><V30/><F30/><W41/><G41/><T53/><D53/><U55/><E111/><V66/><F66/><W124/><G124/><T7/><BYE who="3" /><D7/><UN n3="%E3%81%9F%E3%81%BE%E3%81%93" /><U77/><E74/><V93/><REACH who="2" step="1"/><F80/><REACH who="2" ten="297,123,354,216" step="2"/><W8/><G31/><T34/><D131/><U108/><E73/><V5/><F5/><W71/><G71/><T62/><D67/><U13/><E108/><V32/><F32/><W112/><G112/><T14/><D35/><U118/><E118/><V82/><F82/><W100/><G81/><T76/><D105/><U18/><E64/><V110/><F110/><W79/><G95/><N who="0" m="56551" /><D34/><U52/><E55/><V42/><F42/><W119/><G119/><T84/><D28/><N who="1" m="17423" /><E40/><V2/><F2/><W0/><G94/><T37/><D37/><U56/><E56/><V11/><F11/><W98/><G8/><T86/><D83/><U50/><E52/><RYUUKYOKU ba="0,1" sc="297,-10,123,-10,354,30,216,-10" hai2="6,9,15,16,19,23,25,29,43,47,51,90,93" /><INIT seed="6,1,1,3,4,32" ten="287,113,384,206" oya="2" hai0="47,4,71,8,19,113,51,1,50,91,16,109,39" hai1="97,33,134,42,48,61,83,101,78,66,82,0,88" hai2="60,21,129,17,54,122,116,111,85,125,63,133,49" hai3="59,98,40,115,114,108,24,34,43,46,81,79,25"/><V119/><F122/><W10/><G108/><T80/><D109/><U90/><E33/><V26/><F111/><W84/><G98/><T135/><D71/><U27/><E134/><V131/><F133/><W14/><G59/><T120/><D120/><U68/><E83/><V55/><F55/><W70/><G70/><T62/><D113/><N who="3" m="43017" /><G34/><T20/><D62/><U92/><E27/><V76/><F85/><W67/><G67/><T104/><D104/><U117/><E117/><V28/><F76/><W58/><G58/><T128/><D128/><N who="2" m="49226" /><F125/><W112/><N who="3" m="43025" /><W38/><DORA hai="12" /><G40/><T102/><D102/><U9/><E42/><V74/><F74/><W64/><G64/><T126/><D126/><U93/><E93/><V18/><F60/><W103/><G103/><T69/><D69/><U77/><E48/><V86/><F86/><W36/><G36/><T132/><D51/><U56/><E68/><V130/><F63/><W89/><G79/><T3/><D39/><U73/><REACH who="1" step="1"/><E78/><REACH who="1" ten="287,103,384,206" step="2"/><V57/><F130/><W6/><AGARI ba="1,2" hai="6,10,14,24,25,38,43,46,81,84,89" m="43025" machi="6" ten="40,2700,0" yaku="15,1,11,1" doraHai="32,12" who="3" fromWho="3" sc="287,-8,103,-8,384,-14,206,50" /><INIT seed="7,0,0,0,0,119" ten="279,95,370,256" oya="3" hai0="114,123,16,26,113,32,0,72,70,46,24,48,127" hai1="5,33,106,19,14,6,53,95,117,120,73,31,3" hai2="21,101,49,86,83,39,97,99,87,59,38,13,84" hai3="15,12,79,71,2,75,108,103,89,8,115,134,34"/><W94/><G34/><T133/><D72/><U54/><E106/><V7/><F83/><W111/><G71/><T60/><D0/><U93/><E73/><V91/><F99/><W125/><G125/><T40/><D127/><U30/><E117/><V132/><F132/><W63/><G134/><T27/><D133/><U47/><E47/><V58/><F39/><W68/><G103/><T1/><D1/><U35/><E3/><V131/><F38/><W4/><G115/><N who="0" m="44043" /><D123/><U51/><E51/><V28/><F131/><W109/><G79/><T122/><D122/><U77/><E77/><V36/><F36/><W110/><G75/><T52/><D32/><U66/><E66/><V64/><F101/><W78/><G78/><T105/><D105/><U17/><REACH who="1" step="1"/><E14/><REACH who="1" ten="279,85,370,256" step="2"/><V57/><F49/><W18/><G111/><T11/><D48/><U135/><E135/><V85/><F64/><N who="3" m="40991" /><G18/><T90/><D46/><U126/><E126/><V41/><F91/><W61/><G61/><T10/><D90/><U102/><E102/><V92/><F97/><AGARI ba="0,1" hai="2,4,8,12,15,89,94,97,108,109,110" m="40991" machi="97" ten="30,1500,0" yaku="10,1" doraHai="119" who="3" fromWho="2" sc="279,0,85,0,370,-15,256,25" /><INIT seed="7,1,0,4,4,102" ten="279,85,355,281" oya="3" hai0="129,126,84,25,67,101,131,59,47,116,85,98,125" hai1="74,121,112,130,68,79,36,89,0,2,49,45,41" hai2="64,18,69,75,127,135,114,105,81,50,35,133,66" hai3="109,95,3,10,8,15,43,11,82,39,124,31,46"/><W118/><G118/><T128/><D47/><U111/><E89/><V107/><F35/><W57/><G31/><T83/><D25/><U42/><E79/><V122/><F50/><W92/><G3/><T7/><D7/><U44/><E49/><V103/><F18/><W38/><G38/><T106/><D116/><U9/><E45/><V48/><F48/><W24/><G24/><T23/><D23/><U37/><E44/><V32/><F32/><W94/><G124/><N who="0" m="47723" /><D83/><U53/><E53/><V22/><F127/><W5/><G82/><T110/><D110/><U58/><E58/><V30/><F103/><W117/><G117/><T19/><D19/><U99/><E99/><V17/><F30/><W72/><G72/><T51/><D67/><U90/><E90/><V78/><F122/><W96/><G109/><T61/><D61/><U134/><E42/><V62/><F114/><W65/><G96/><T21/><D21/><U54/><E54/><AGARI ba="1,0" hai="51,54,59,84,85,98,101,106,128,129,131" m="47723" machi="54" ten="40,5200,0" yaku="19,1,18,1,52,1" doraHai="102" who="0" fromWho="1" sc="279,55,85,-55,355,0,281,0" owari="334,13.0,30,-47.0,355,46.0,281,-12.0" /></mjloggm>