<mjloggm ver="2.3"><GO type="41" lobby="0"/><UN n0="%79%6F%7A%6F%72%61" n1="%E2%93%9D%53%75%70%68%78" n2="%E5%9B%BD%E7%8E%8B%40%41%42%49" n3="%79%65%73%EF%BC%81%E3%82%AD%E3%83%AA%E3%82%B9%E3%83%88" dan="13,18,13,13" rate="1874.75,2146.51,1863.44,1843.76" sx="M,M,M,M"/><TAIKYOKU oya="0"/><INIT seed="0,0,0,0,5,129" ten="250,250,250,250" oya="0" hai0="61,75,95,56,31,128,40,90,63,26,121,59,93" hai1="19,18,107,41,50,37,25,57,11,98,4,14,62" hai2="96,36,21,46,100,135,125,1,69,86,78,116,23" hai3="108,39,133,9,53,92,60,16,127,70,134,10,29"/><T118/><D118/><U82/><E37/><V99/><F116/><W101/><G39/><T64/><D121/><U73/><E107/><V12/><F69/><W106/><G108/><T102/><D128/><U0/><E98/><V30/><F1/><W81/><G106/><T111/><D75/><U49/><E41/><V97/><F36/><W38/><G38/><T51/><D111/><U120/><E120/><V34/><F34/><W2/><G29/><T65/><D102/><U17/><E0/><V103/><F46/><W110/><G81/><T72/><D72/><U88/><E25/><V131/><F131/><W79/><G110/><T55/><D90/><U8/><E8/><V47/><F47/><W104/><G79/><T126/><D126/><U35/><E35/><V33/><F125/><W94/><G104/><T115/><D40/><U119/><E119/><V58/><F58/><N who="3" m="34895" /><G70/><T42/><D115/><U71/><E71/><V20/><F33/><W83/><G83/><T114/><D114/><U117/><E117/><V44/><F44/><W74/><G74/><T84/><D42/><U122/><E122/><V7/><F30/><W85/><G127/><T112/><D112/><U77/><REACH who="1" step="1"/><E88/><REACH who="1" ten="250,240,250,250" step="2"/><V6/><F78/><W130/><G130/><T105/><D105/><U22/><E22/><V52/><F23/><W91/><G2/><T48/><D93/><U5/><E5/><V124/><F124/><W43/><G43/><T32/><D65/><AGARI ba="0,1" hai="4,11,14,17,18,19,49,50,57,62,65,73,77,82" machi="65" ten="40,1300,0" yaku="1,1,53,0" doraHai="129" doraHaiUra="28" who="1" fromWho="0" sc="250,-13,240,23,250,0,250,0" /><INIT seed="1,0,0,5,3,121" ten="237,263,250,250" oya="1" hai0="44,98,100,16,114,33,18,115,29,81,19,84,27" hai1="56,2,36,96,83,107,103,47,101,89,78,124,45" hai2="90,118,12,38,13,37,23,11,87,48,40,71,31" hai3="106,133,20,58,59,72,25,0,75,80,24,116,65"/><U123/><E123/><V54/><F71/><W93/><G106/><T85/><D44/><U125/><E2/><V21/><F118/><W127/><G0/><T15/><D15/><U52/><E103/><V69/><F69/><W113/><G113/><T92/><REACH who="0" step="1"/><D81/><REACH who="0" ten="227,263,250,250" step="2"/><U22/><BYE who="0" /><E47/><UN n0="%79%6F%7A%6F%72%61" /><V91/><F38/><W43/><G116/><T67/><D67/><U86/><E45/><V109/><F37/><W49/><G133/><T73/><D73/><U102/><E36/><V126/><F40/><W111/><G65/><T70/><D70/><U76/><E102/><V99/><F13/><W62/><G43/><T4/><D4/><U28/><E78/><V131/><F12/><W134/><G75/><T7/><D7/><U135/><E135/><V61/><F11/><W60/><G72/><T64/><D64/><U26/><REACH who="1" step="1"/><E76/><REACH who="1" ten="227,253,250,250" step="2"/><V66/><F91/><W74/><G134/><T104/><D104/><U94/><E94/><V53/><F90/><W105/><G93/><T5/><D5/><U6/><E6/><V10/><F99/><W119/><G80/><T1/><D1/><U35/><E35/><V30/><F131/><W8/><G74/><T77/><D77/><U57/><E57/><V63/><F87/><AGARI ba="0,2" hai="16,18,19,27,29,33,84,85,87,92,98,100,114,115" machi="87" ten="40,2600,0" yaku="1,1,54,1,53,0" doraHai="121" doraHaiUra="46" who="0" fromWho="2" sc="227,46,253,0,250,-26,250,0" /><INIT seed="2,0,0,0,3,25" ten="273,253,224,250" oya="2" hai0="30,116,37,13,135,48,35,131,126,6,23,91,26" hai1="98,89,72,70,79,38,117,43,73,5,113,83,63" hai2="56,69,50,81,105,10,67,27,41,2,129,39,78" hai3="0,111,85,110,33,114,125,65,52,36,4,80,122"/><V18/><F105/><W59/><G122/><T19/><D37/><U32/><E113/><V88/><F69/><W29/><G114/><T71/><D126/><U40/><E117/><V95/><F39/><W127/><G36/><T14/><D116/><U49/><E73/><V1/><F129/><W58/><G0/><T60/><D131/><U96/><E32/><V128/><F128/><W8/><G65/><T11/><D135/><U16/><E5/><V42/><F2/><W53/><G8/><T87/><D48/><U34/><E34/><V9/><F1/><W76/><G4/><T77/><D77/><U93/><E98/><V104/><F104/><W109/><G33/><T90/><REACH who="0" step="1"/><D87/><REACH who="0" ten="263,253,224,250" step="2"/><U123/><E49/><V51/><F51/><N who="3" m="31039" /><G127/><T82/><D82/><U61/><E38/><V22/><F81/><W44/><G125/><T106/><D106/><U7/><E83/><V47/><F78/><W17/><G44/><T20/><D20/><U54/><E79/><V31/><F42/><W24/><G110/><T121/><D121/><U62/><E43/><V66/><F10/><W119/><G119/><T75/><D75/><U107/><E40/><V133/><F133/><W124/><G124/><T45/><D45/><U112/><E123/><V115/><F115/><W28/><G111/><T21/><D21/><U84/><E112/><V132/><F132/><W92/><G109/><T94/><D94/><U68/><E107/><V118/><F118/><W3/><G92/><T99/><D99/><U57/><E93/><V102/><F9/><W101/><G101/><T12/><D12/><RYUUKYOKU ba="0,1" sc="263,30,253,-10,224,-10,250,-10" hai0="6,11,13,14,19,23,26,30,35,60,71,90,91" /><INIT seed="3,1,1,2,2,46" ten="293,243,214,240" oya="3" hai0="81,5,130,117,88,11,13,21,31,51,87,95,27" hai1="63,119,92,22,33,29,26,98,78,3,54,55,106" hai2="65,134,67,40,127,122,16,99,23,4,10,113,38" hai3="68,90,61,66,132,20,129,120,1,41,30,125,77"/><W85/><G1/><T37/><D130/><U79/><E106/><V83/><F122/><W115/><G120/><T44/><D117/><U36/><E36/><V86/><F113/><W111/><G115/><T107/><D107/><U70/><E3/><V112/><F112/><W96/><G129/><T102/><D37/><U25/><E119/><V105/><F134/><W124/><G132/><T72/><D72/><U2/><E2/><V109/><F127/><N who="3" m="48715" /><G41/><T131/><D131/><U15/><E15/><V49/><F38/><W35/><G35/><T114/><D114/><U110/><E110/><V71/><F109/><W39/><G111/><T74/><D74/><U75/><E70/><V59/><F71/><W89/><G39/><T58/><D58/><U17/><E75/><V97/><F105/><W6/><G6/><T104/><D104/><U118/><E118/><V100/><F10/><W45/><G45/><T126/><D126/><U76/><REACH who="1" step="1"/><E63/><REACH who="1" ten="293,233,214,240" step="2"/><V32/><F4/><W0/><G0/><T24/><D24/><U103/><AGARI ba="1,2" hai="17,22,25,26,29,33,54,55,76,78,79,92,98,103" machi="103" ten="30,4000,0" yaku="1,1,2,1,0,1,53,0" doraHai="46" doraHaiUra="9" who="1" fromWho="1" sc="293,-11,233,63,214,-11,240,-21" /><INIT seed="4,0,0,4,1,88" ten="282,296,203,219" oya="0" hai0="0,74,9,69,13,92,23,54,89,90,117,116,99" hai1="67,36,33,58,50,105,113,56,130,121,93,91,101" hai2="1,43,12,129,122,107,86,87,72,114,52,24,100" hai3="40,68,44,41,26,6,80,66,18,134,78,45,96"/><T8/><D74/><U73/><E121/><V104/><F43/><W2/><G134/><T83/><D69/><U62/><E36/><V25/><F1/><W11/><G68/><T132/><D132/><U115/><E33/><V3/><F3/><W71/><G71/><T77/><D89/><U124/><E130/><V112/><F12/><W16/><G66/><T119/><D54/><U131/><E124/><V98/><F122/><W10/><G26/><T14/><D23/><U82/><E105/><V27/><F72/><N who="3" m="43079" /><G11/><T29/><D29/><U103/><E131/><V20/><F129/><W31/><G31/><T110/><D110/><U59/><E82/><V51/><F20/><W79/><G79/><T55/><D55/><N who="1" m="31863" /><E59/><V64/><F64/><W126/><G126/><T106/><D8/><U63/><E63/><V120/><F120/><W133/><G133/><T39/><D39/><U7/><E73/><V61/><F61/><W21/><G21/><T17/><D0/><U111/><E111/><V81/><F107/><W85/><G85/><T75/><D106/><U32/><E32/><V22/><F22/><W84/><G84/><T53/><D53/><U70/><E70/><V30/><F30/><W35/><G96/><T57/><D13/><U46/><E67/><V47/><REACH who="2" step="1"/><F87/><REACH who="2" ten="282,296,193,219" step="2"/><W5/><G35/><T42/><D42/><U102/><E62/><V94/><F94/><W4/><G4/><T118/><D118/><U127/><E7/><V135/><F135/><W109/><G5/><T76/><D76/><AGARI ba="0,1" hai="24,25,27,47,51,52,76,81,86,98,100,104,112,114" machi="76" ten="40,5200,0" yaku="1,1,54,1,53,1" doraHai="88" doraHaiUra="48" who="2" fromWho="0" sc="282,-52,296,0,193,62,219,0" /><INIT seed="5,0,0,0,4,49" ten="230,296,255,219" oya="1" hai0="5,79,106,115,14,45,51,20,63,10,37,76,54" hai1="99,9,7,28,12,53,68,15,46,72,30,35,108" hai2="80,83,65,24,13,3,26,0,88,33,82,1,61" hai3="57,75,127,122,121,116,94,113,34,17,85,64,111"/><U16/><E68/><V44/><F13/><W101/><G34/><T2/><D115/><U92/><E72/><V71/><F44/><W29/><G111/><T95/><D106/><U129/><E129/><V107/><F107/><W105/><G105/><T22/><D37/><U73/><E73/><V56/><F33/><W81/><G29/><T97/><D63/><U62/><E108/><V40/><F40/><W36/><G36/><T41/><D41/><U66/><E66/><V50/><REACH who="2" step="1"/><F88/><REACH who="2" ten="230,296,245,219" step="2"/><N who="3" m="51247" /><G113/><T133/><D133/><U6/><E35/><V123/><F123/><W11/><G122/><T77/><REACH who="0" step="1"/><D2/><REACH who="0" ten="220,296,245,219" step="2"/><U60/><E7/><V70/><F70/><W134/><G121/><T119/><D119/><U125/><E6/><V91/><F91/><AGARI ba="0,2" hai="5,10,14,20,22,45,51,54,76,77,79,91,95,97" machi="91" ten="40,5200,0" yaku="1,1,8,1,52,1,53,0" doraHai="49" doraHaiUra="131" who="0" fromWho="2" sc="220,72,296,0,245,-52,219,0" /><INIT seed="6,0,0,3,2,121" ten="292,296,193,219" oya="2" hai0="75,32,55,49,113,41,58,7,52,63,120,30,94" hai1="126,57,105,129,44,42,130,48,93,128,28,65,97" hai2="21,88,12,125,72,100,84,3,70,107,2,16,47" hai3="103,102,24,64,1,118,98,33,123,122,51,11,90"/><V89/><F70/><W59/><G118/><T40/><D120/><U81/><E126/><V85/><F72/><W50/><G90/><T91/><D113/><U131/><E131/><V82/><F125/><W87/><G87/><T73/><D7/><U115/><E115/><V13/><F107/><W26/><G103/><T0/><D0/><U124/><E124/><V54/><F100/><W37/><G37/><T77/><D30/><U61/><E28/><V135/><F135/><W34/><G102/><T109/><D32/><U116/><E81/><V119/><F119/><W23/><G1/><T35/><D35/><U96/><E116/><V69/><F69/><W15/><G11/><T8/><D8/><U60/><E105/><V111/><F111/><W62/><G15/><T29/><D29/><U6/><E6/><V80/><F13/><W68/><G98/><T78/><D109/><U71/><REACH who="1" step="1"/><E93/><REACH who="1" ten="292,286,193,219" step="2"/><V5/><F5/><W95/><G95/><T79/><D73/><U106/><E106/><V66/><F66/><AGARI ba="0,1" hai="42,44,48,57,60,61,65,66,71,96,97,128,129,130" machi="66" ten="40,5200,0" yaku="1,1,19,1,53,1" doraHai="121" doraHaiUra="53" who="1" fromWho="2" sc="292,0,286,62,193,-52,219,0" /><INIT seed="7,0,0,2,2,77" ten="292,348,141,219" oya="3" hai0="29,107,45,57,93,81,59,115,3,15,49,64,131" hai1="80,37,42,104,121,24,22,41,130,70,27,90,124" hai2="1,74,25,102,105,134,85,68,111,113,28,33,69" hai3="10,9,58,103,94,84,95,110,62,83,61,18,43"/><W99/><G110/><T35/><D131/><U87/><E104/><V51/><F85/><W46/><G62/><T126/><D126/><U17/><E70/><V72/><F51/><N who="3" m="27103" /><G18/><T26/><D107/><U133/><E133/><V128/><F111/><W116/><G95/><T53/><D3/><U88/><E121/><V119/><F119/><W78/><G116/><T75/><D115/><U109/><E37/><V65/><F113/><W44/><G44/><T5/><D93/><U60/><E130/><V108/><F108/><W40/><G40/><N who="1" m="15466" /><E124/><V122/><F122/><W54/><AGARI ba="0,0" hai="9,10,54,58,61,78,83,84,94,99,103" m="27103" machi="54" ten="30,3000,0" yaku="8,1,52,1" doraHai="77" who="3" fromWho="3" sc="292,-10,348,-10,141,-10,219,30" /><INIT seed="7,1,0,5,3,126" ten="282,338,131,249" oya="3" hai0="30,86,73,65,18,2,49,38,70,127,67,130,105" hai1="5,11,103,19,63,123,26,56,81,94,24,60,35" hai2="34,125,15,51,31,7,21,107,40,110,10,16,88" hai3="85,79,104,32,23,0,75,68,121,115,55,27,118"/><W4/><G118/><T102/><D127/><U44/><E123/><V47/><F110/><W33/><G121/><T95/><D38/><U57/><E35/><V87/><F125/><W84/><G104/><T28/><D2/><U134/><E44/><V111/><F111/><W99/><G99/><T42/><D73/><U77/><E134/><V116/><F116/><W119/><G68/><T93/><D130/><U72/><E19/><V25/><F107/><W106/><G106/><T90/><D105/><U62/><E94/><V91/><REACH who="2" step="1"/><F87/><REACH who="2" ten="282,338,121,249" step="2"/><W1/><G119/><T132/><D86/><U37/><E72/><V109/><F109/><W22/><G115/><T100/><D132/><U9/><E63/><V112/><F112/><W124/><G75/><T66/><D70/><U43/><E62/><V131/><F131/><W53/><G124/><T122/><D122/><U46/><E60/><V6/><F6/><W83/><G4/><T108/><D108/><U52/><E5/><V54/><F54/><W14/><G83/><T39/><D66/><U8/><E52/><V120/><F120/><W64/><G64/><T133/><D133/><U59/><E81/><V101/><F101/><W129/><G129/><T96/><D102/><U50/><E103/><V76/><F76/><W3/><G79/><T78/><D78/><U17/><E77/><V92/><F92/><W74/><G74/><T82/><D82/><U117/><E117/><V20/><F20/><N who="3" m="7723" /><G33/><T48/><D67/><U113/><E113/><V41/><F41/><W36/><G85/><T13/><D65/><U45/><E17/><RYUUKYOKU ba="1,1" sc="282,-15,338,15,121,15,249,-15" hai1="8,9,11,24,26,37,43,45,46,50,56,57,59" hai2="7,10,15,16,21,25,31,34,40,47,51,88,91" owari="267,7.0,363,46.0,136,-36.0,234,-17.0" /></mjloggm>