<mjloggm ver="2.3"><GO type="41" lobby="0"/><UN n0="%E3%81%A6%E3%81%A1%E3%81%A1" n1="%E2%93%9D%53%75%70%68%78" n2="%E5%A3%B2%E8%99%8E%E7%94%B7" n3="%E3%83%97%E3%83%AD%E3%82%B7%E3%83%A5%E3%83%BC%E3%83%88" dan="14,17,14,15" rate="1977.97,2053.17,1925.42,1984.51" sx="M,M,M,M"/><TAIKYOKU oya="0"/><INIT seed="0,0,0,1,0,59" ten="250,250,250,250" oya="0" hai0="133,106,131,112,102,27,24,36,38,126,132,74,18" hai1="51,134,101,20,99,89,46,25,11,85,58,8,22" hai2="95,71,105,97,111,56,54,135,90,72,130,123,28" hai3="68,65,63,79,32,76,93,49,37,30,52,86,114"/><T62/><D112/><U12/><E134/><N who="0" m="51817" /><D74/><U87/><E58/><V110/><F135/><W40/><G114/><T77/><D77/><U121/><E121/><V50/><F123/><W5/><G5/><T9/><D131/><U88/><E101/><V26/><F130/><W113/><G113/><T48/><D126/><U129/><E99/><V92/><F72/><W41/><G32/><T73/><D73/><U78/><E78/><V104/><F71/><W44/><G40/><T39/><D102/><U43/><E129/><V14/><F14/><W1/><G30/><T10/><D106/><U117/><E117/><V70/><F70/><W83/><G1/><T66/><D48/><U15/><E51/><V103/><F105/><W116/><G116/><T128/><D128/><U45/><E25/><N who="0" m="9801" /><D18/><U23/><E23/><V2/><F2/><W29/><G29/><T31/><D31/><U81/><E43/><V94/><REACH who="2" step="1"/><F90/><REACH who="2" ten="250,250,240,250" step="2"/><N who="3" m="53463" /><G83/><AGARI ba="0,1" hai="8,11,12,15,20,22,45,46,81,83,85,87,88,89" machi="83" ten="25,6400,0" yaku="22,2,8,1,54,1" doraHai="59" who="1" fromWho="3" sc="250,0,250,74,240,0,250,-64" /><INIT seed="1,0,0,3,1,24" ten="250,324,240,186" oya="1" hai0="34,36,50,15,28,40,55,23,9,72,92,100,132" hai1="70,63,74,113,65,96,128,106,88,121,78,14,133" hai2="3,109,89,59,39,69,134,20,110,12,86,124,62" hai3="32,56,82,119,107,33,64,95,21,98,76,85,118"/><U43/><E113/><V16/><F39/><W73/><G21/><T135/><D72/><U115/><E121/><V75/><F75/><W47/><G47/><T42/><D34/><U6/><E115/><V25/><F134/><N who="0" m="51242" /><D36/><U111/><E128/><V49/><F124/><W2/><G2/><T123/><D123/><U101/><E111/><N who="2" m="42507" /><F3/><W112/><G112/><T114/><D114/><U45/><E78/><V58/><F69/><W8/><G8/><T37/><D37/><U127/><E74/><V4/><F49/><W125/><G125/><T126/><D23/><U103/><E127/><V87/><F59/><W90/><G33/><T35/><D28/><U22/><E133/><V26/><F4/><W60/><REACH who="3" step="1"/><G32/><REACH who="3" ten="250,324,240,176" step="2"/><T81/><D35/><U27/><E22/><V61/><F61/><W120/><G120/><T91/><D9/><U29/><E63/><V41/><F41/><W53/><G53/><T51/><D40/><U99/><E43/><V7/><F7/><W38/><G38/><T57/><D42/><U105/><E6/><V48/><F48/><W129/><G129/><T17/><D50/><U10/><E10/><V1/><F1/><W130/><G130/><T67/><D51/><U122/><E122/><V102/><F62/><W131/><G131/><T84/><D55/><U94/><E45/><V52/><F52/><W19/><G19/><T79/><D17/><U66/><E66/><V71/><F16/><W30/><G30/><T31/><D67/><U83/><E65/><V77/><F20/><W46/><G46/><T68/><D126/><U11/><E29/><RYUUKYOKU ba="0,1" sc="250,-10,324,-10,240,-10,176,30" hai3="56,60,64,73,76,82,85,90,95,98,107,118,119" /><INIT seed="2,1,1,3,0,13" ten="240,314,230,206" oya="2" hai0="56,108,96,85,131,94,106,48,117,127,70,124,110" hai1="40,43,55,30,3,21,71,88,93,76,34,130,12" hai2="135,134,125,10,107,115,129,0,80,9,133,87,84" hai3="114,51,19,86,97,92,69,98,103,74,4,24,15"/><V16/><F107/><W2/><G69/><T81/><D70/><U28/><E3/><V83/><F115/><W82/><G74/><T101/><D56/><U63/><E34/><V90/><F0/><W66/><G114/><T102/><D48/><U14/><E76/><V116/><F116/><W42/><G24/><T47/><D47/><U79/><E79/><V53/><F53/><W105/><G66/><T41/><D41/><N who="1" m="15947" /><E130/><V59/><F59/><W72/><G72/><T77/><D131/><U23/><E71/><V26/><F129/><W65/><G65/><T89/><D117/><U113/><E63/><V99/><F99/><W6/><G86/><T95/><D95/><U91/><E55/><V31/><F31/><N who="1" m="11817" /><E113/><V62/><F62/><W122/><G82/><T20/><D20/><N who="1" m="7755" /><E91/><N who="2" m="51591" /><F125/><N who="0" m="48202" /><D102/><U132/><E132/><V112/><F112/><W64/><G64/><T126/><N who="0" m="48210" /><T68/><DORA hai="7" /><D68/><U50/><E50/><V11/><F26/><W57/><G2/><T100/><D100/><U75/><E75/><AGARI ba="1,1" hai="75,77,81,85,89,94,96,101,106,108,110" m="48210" machi="75" ten="40,8000,1" yaku="24,1,18,1,34,2" doraHai="13,7" who="0" fromWho="1" sc="240,93,314,-83,230,0,206,0" /><INIT seed="3,0,0,4,0,23" ten="333,231,230,206" oya="3" hai0="66,56,90,35,47,120,79,112,64,118,109,101,25" hai1="96,14,111,24,55,77,37,41,5,33,38,32,92" hai2="128,82,63,71,16,83,115,105,72,94,42,108,106" hai3="8,15,49,99,40,102,53,17,46,130,27,125,7"/><W104/><G125/><T4/><D120/><U10/><E111/><V76/><F108/><W52/><G130/><T132/><D118/><U50/><E77/><V80/><F128/><W59/><G53/><T123/><D101/><U6/><E6/><V117/><F117/><W85/><G85/><T30/><D79/><U78/><E41/><V1/><F115/><W62/><REACH who="3" step="1"/><G27/><REACH who="3" ten="333,231,230,196" step="2"/><T12/><D25/><U95/><E24/><V98/><F72/><W13/><G13/><T57/><D12/><U110/><E55/><V116/><F116/><W88/><G88/><T75/><D90/><U54/><E110/><V0/><F0/><W107/><G107/><T97/><D75/><U122/><E54/><V2/><F2/><W74/><G74/><T103/><D109/><U135/><E14/><V3/><F3/><W100/><G100/><T29/><D103/><U127/><E127/><V61/><F1/><W70/><G70/><T18/><D66/><U86/><E86/><V48/><F71/><W45/><G45/><T36/><D47/><U20/><E78/><V69/><F106/><W129/><G129/><T21/><D64/><U126/><E126/><V119/><F105/><W67/><G67/><T22/><D112/><U89/><E89/><V43/><F69/><W121/><G121/><T93/><D57/><U87/><E87/><V113/><F113/><W9/><G9/><T73/><D56/><U39/><E10/><V133/><F119/><W60/><G60/><T68/><D68/><U31/><E122/><V51/><F133/><W19/><AGARI ba="0,1" hai="7,8,15,17,19,40,46,49,52,59,62,99,102,104" machi="19" ten="30,6000,0" yaku="1,1,0,1,54,1,53,0" doraHai="23" doraHaiUra="131" who="3" fromWho="3" sc="333,-20,231,-20,230,-20,196,70" /><INIT seed="3,1,0,2,5,12" ten="313,211,210,266" oya="3" hai0="15,86,107,0,61,113,62,23,126,46,42,27,69" hai1="26,57,84,59,96,99,128,83,35,20,90,80,48" hai2="85,44,97,77,70,112,50,68,60,82,105,2,63" hai3="25,37,1,111,17,98,55,134,29,30,89,18,28"/><W45/><G1/><T91/><D0/><U131/><E35/><V6/><F112/><W38/><G134/><T47/><D107/><U132/><E132/><V124/><F124/><W88/><G38/><T87/><D126/><U94/><E83/><V3/><F70/><W49/><G37/><T108/><D108/><U103/><E99/><V54/><F68/><W71/><G71/><T73/><D73/><U74/><E74/><V36/><F36/><W65/><G65/><T120/><D15/><U114/><E114/><V123/><F123/><W9/><G111/><T34/><D34/><U104/><E104/><V43/><F2/><W4/><G4/><T41/><D120/><U92/><E92/><V81/><F81/><W52/><G55/><T14/><D14/><U56/><REACH who="1" step="1"/><E48/><REACH who="1" ten="313,201,210,266" step="2"/><V39/><F105/><W110/><G98/><T129/><D87/><U121/><E121/><V66/><F97/><W133/><G133/><T21/><D113/><U11/><E11/><V125/><F125/><W40/><G9/><T33/><D33/><U7/><E7/><V127/><F127/><W64/><G110/><T118/><D86/><U32/><E32/><V67/><F6/><W130/><G49/><T135/><D21/><U116/><E116/><V13/><F50/><W79/><G79/><T101/><D23/><U117/><E117/><V119/><F77/><W102/><G102/><T75/><D118/><U31/><AGARI ba="1,1" hai="20,26,31,56,57,59,80,84,90,94,96,103,128,131" machi="31" ten="30,4000,0" yaku="1,1,0,1,53,1" doraHai="12" doraHaiUra="19" who="1" fromWho="1" sc="313,-11,201,53,210,-11,266,-21" /><INIT seed="4,0,0,5,4,87" ten="302,254,199,245" oya="0" hai0="38,110,23,52,121,58,92,102,64,49,46,120,41" hai1="25,4,130,40,11,78,91,53,135,118,105,117,113" hai2="114,48,16,44,6,17,131,60,94,74,20,85,99" hai3="89,32,116,90,101,83,124,100,75,111,68,108,134"/><T35/><D35/><U115/><E78/><V57/><F114/><N who="1" m="43529" /><E105/><V106/><F74/><W86/><G68/><T54/><D102/><N who="3" m="39529" /><G32/><T7/><D7/><U97/><E40/><V26/><F106/><W18/><G116/><T119/><D119/><U128/><E53/><N who="2" m="33839" /><F131/><N who="1" m="50217" /><E135/><V1/><F1/><W56/><G56/><N who="0" m="32847" /><D92/><N who="1" m="56479" /><E25/><V112/><F112/><W79/><G18/><T62/><D23/><U80/><E80/><V65/><F65/><W34/><G34/><T27/><D27/><U5/><E5/><V63/><F6/><W95/><G124/><T73/><D73/><U103/><E103/><N who="2" m="60919" /><F85/><N who="3" m="52687" /><G134/><T33/><D33/><U104/><E104/><V127/><F127/><W77/><G75/><T8/><D8/><U107/><E107/><V15/><F63/><W13/><G13/><AGARI ba="0,0" hai="4,11,13,117,118" m="56479,50217,43529" machi="13" ten="30,7700,0" yaku="15,1,11,1,19,1,52,1" doraHai="87" who="1" fromWho="3" sc="302,0,254,77,199,0,245,-77" /><INIT seed="5,0,0,0,3,88" ten="302,331,199,168" oya="1" hai0="48,104,38,3,53,125,33,13,117,72,46,132,40" hai1="45,61,115,4,54,75,82,47,6,14,2,89,69" hai2="8,67,90,98,11,78,55,29,18,95,30,111,63" hai3="114,130,56,74,91,26,106,24,7,81,59,109,87"/><U50/><E2/><V83/><F111/><W133/><G109/><T43/><D3/><U105/><E105/><V52/><F8/><W108/><G108/><T101/><D117/><U92/><E115/><V37/><F37/><W119/><G106/><T34/><D72/><U120/><E120/><V32/><F11/><W51/><G7/><T103/><D132/><U31/><E31/><V66/><F18/><W9/><G9/><T97/><D103/><U17/><E69/><V1/><F1/><W113/><G133/><T23/><D125/><U20/><E61/><V42/><F42/><W86/><G74/><T135/><D135/><U121/><E121/><V71/><F67/><W76/><G130/><T49/><D49/><U60/><E60/><V57/><F32/><W27/><G51/><T44/><D43/><U134/><E134/><V62/><REACH who="2" step="1"/><F55/><REACH who="2" ten="302,331,189,168" step="2"/><W19/><G19/><T102/><D34/><U65/><E65/><V85/><AGARI ba="0,1" hai="29,30,52,57,62,63,66,71,78,83,85,90,95,98" machi="85" ten="20,12000,2" yaku="1,1,2,1,0,1,7,1,52,1,54,1,53,0" doraHai="88" doraHaiUra="35" who="2" fromWho="2" sc="302,-30,331,-60,189,130,168,-30" /><INIT seed="6,0,0,4,5,103" ten="272,271,319,138" oya="2" hai0="41,86,36,119,91,130,92,87,26,115,45,42,27" hai1="47,62,89,5,122,3,126,12,65,29,111,83,51" hai2="116,4,73,99,15,23,8,135,2,117,134,49,129" hai3="113,72,66,25,39,57,80,46,11,123,104,56,132"/><V112/><F73/><W55/><G123/><T96/><D115/><U37/><E111/><V14/><F49/><W128/><G72/><T79/><D130/><U35/><E3/><V20/><F99/><W40/><G80/><T67/><D41/><U114/><E37/><V58/><F58/><W121/><G121/><T105/><D119/><N who="2" m="45642" /><F129/><W106/><G113/><T84/><D79/><U74/><E126/><V102/><F102/><W54/><G66/><T18/><D67/><U82/><E74/><V69/><F69/><W21/><G11/><T108/><D108/><U38/><E38/><V100/><F100/><W6/><G6/><T50/><D36/><U32/><E51/><V120/><F120/><W78/><G78/><T1/><D1/><U48/><E114/><V77/><F77/><W64/><G132/><N who="2" m="50729" /><F112/><W30/><G128/><T61/><D61/><U16/><E62/><V59/><F59/><W75/><G75/><T13/><REACH who="0" step="1"/><D105/><REACH who="0" ten="262,271,319,138" step="2"/><U90/><E122/><V125/><F125/><W71/><G64/><T133/><D133/><U94/><E65/><V33/><F33/><W93/><G71/><T34/><D34/><U127/><E35/><V68/><F68/><W76/><G76/><T28/><D28/><U44/><E32/><V63/><F63/><W19/><G30/><T107/><D107/><U60/><E60/><V98/><F2/><W31/><G31/><T10/><AGARI ba="0,1" hai="10,13,18,26,27,42,45,50,84,86,87,91,92,96" machi="10" ten="30,4000,0" yaku="1,1,0,1,8,1,53,0" doraHai="103" doraHaiUra="110" who="0" fromWho="0" sc="262,50,271,-10,319,-20,138,-10" /><INIT seed="7,0,0,4,1,49" ten="312,261,299,128" oya="3" hai0="126,62,109,81,37,100,91,15,112,125,17,53,29" hai1="110,77,58,128,21,115,135,129,74,114,104,119,107" hai2="24,54,3,99,40,42,120,32,12,96,39,51,118" hai3="1,111,80,30,6,127,48,36,11,93,69,56,52"/><W50/><G127/><N who="0" m="48651" /><D109/><U76/><E21/><V45/><F118/><W130/><G69/><T4/><D112/><N who="1" m="43051" /><E58/><V79/><F3/><W2/><G36/><T108/><D108/><U98/><E110/><V131/><F131/><N who="1" m="50249" /><E135/><V44/><F79/><N who="1" m="30281" /><E119/><V7/><F120/><W94/><G111/><T72/><D37/><U5/><E5/><V122/><F122/><W47/><G80/><T14/><D29/><U9/><E9/><V124/><F124/><W28/><G2/><T68/><D4/><U73/><E98/><V22/><F32/><W102/><G130/><T0/><D0/><U34/><E34/><V63/><F7/><W134/><G134/><T121/><D14/><U38/><E38/><V31/><REACH who="2" step="1"/><F12/><REACH who="2" ten="312,261,289,128" step="2"/><N who="3" m="5239" /><G102/><T20/><D100/><U67/><E67/><V25/><F25/><W83/><G1/><T59/><D121/><U16/><E16/><V57/><AGARI ba="0,1" hai="22,24,31,39,40,42,44,45,51,54,57,63,96,99" machi="57" ten="30,7900,0" yaku="1,1,0,1,52,1,53,1" doraHai="49" doraHaiUra="26" who="2" fromWho="2" sc="312,-20,261,-20,289,89,128,-39" owari="292,9.0,241,-16.0,378,48.0,89,-41.0" /></mjloggm>