<mjloggm ver="2.3"><GO type="41" lobby="0"/><UN n0="%E2%93%9D%53%75%70%68%78" n1="%4F%72%61%6E%67%65%78" n2="%45%65%56%65%65%31%39" n3="%E6%98%9F%E9%87%8E" dan="17,13,14,15" rate="2069.32,1898.78,1857.16,2108.08" sx="M,M,F,F"/><TAIKYOKU oya="0"/><INIT seed="0,0,0,1,2,16" ten="250,250,250,250" oya="0" hai0="7,82,104,36,47,83,97,86,37,22,51,132,38" hai1="11,15,13,62,26,59,2,54,55,98,5,29,135" hai2="12,27,121,120,18,103,116,43,109,39,49,40,41" hai3="124,69,88,127,119,110,96,0,99,105,60,122,133"/><T107/><D132/><U130/><E135/><V56/><F39/><W129/><RYUUKYOKU type="yao9" ba="0,0" sc="250,0,250,0,250,0,250,0" hai3="0,60,69,88,96,99,105,110,119,122,124,127,129,133" /><INIT seed="0,1,0,0,1,26" ten="250,250,250,250" oya="0" hai0="88,130,20,128,85,25,91,125,71,103,37,33,7" hai1="100,115,36,50,117,47,83,13,76,118,105,95,135" hai2="62,87,8,0,19,56,55,77,44,104,64,15,79" hai3="99,112,84,96,46,39,129,101,34,82,81,38,57"/><T40/><D33/><U52/><E36/><V97/><F0/><W69/><G112/><T123/><D123/><U60/><E115/><V80/><F104/><W93/><G69/><T133/><D71/><U45/><E105/><V72/><F97/><W67/><G34/><T23/><D103/><U94/><E135/><V114/><F114/><W121/><G121/><T54/><D7/><U70/><E47/><V59/><F72/><W32/><G32/><T90/><D125/><U14/><E117/><V119/><F119/><W51/><G129/><N who="0" m="49771" /><D23/><U12/><E118/><V17/><F17/><W116/><G116/><T53/><D85/><U74/><E100/><V107/><F107/><W41/><G96/><T110/><D133/><U43/><E70/><V61/><REACH who="2" step="1"/><F44/><REACH who="2" ten="250,250,240,250" step="2"/><W11/><G46/><N who="0" m="23823" /><D110/><U86/><E74/><V9/><F9/><W120/><G11/><T22/><D22/><U109/><E109/><V126/><F126/><W58/><G99/><T73/><D73/><U122/><E122/><V28/><F28/><AGARI ba="1,1" hai="20,25,28,53,54,88,90,91" m="23823,49771" machi="28" ten="30,5800,0" yaku="19,1,52,1,54,1" doraHai="26" who="0" fromWho="2" sc="250,71,250,0,240,-61,250,0" /><INIT seed="0,2,0,0,3,21" ten="321,250,179,250" oya="0" hai0="67,2,0,55,53,44,11,39,88,22,48,12,120" hai1="84,72,82,98,126,70,54,107,65,42,74,134,62" hai2="76,77,50,110,59,103,93,8,16,135,3,69,26" hai3="117,133,19,128,83,58,109,116,43,25,91,23,127"/><T97/><D120/><U85/><E134/><V95/><F69/><W1/><G133/><T34/><D34/><U80/><E126/><V92/><F110/><W18/><G109/><T115/><D115/><U102/><E42/><V106/><F135/><W71/><G127/><T33/><D33/><U132/><E132/><V113/><F113/><W90/><G71/><T100/><D67/><U63/><E54/><V124/><F124/><W13/><G1/><T104/><D39/><U28/><E28/><V20/><F106/><W41/><G128/><T51/><D22/><U78/><REACH who="1" step="1"/><E62/><REACH who="1" ten="321,240,179,250" step="2"/><V17/><F103/><W24/><G41/><T87/><D55/><U130/><E130/><V94/><F3/><W30/><G30/><T131/><D131/><U7/><E7/><V121/><F121/><W61/><G43/><T96/><D51/><U129/><E129/><V32/><F32/><W75/><G18/><T10/><D2/><U114/><E114/><V52/><N who="2" m="23552" /><DORA hai="81" /><V68/><F68/><W31/><G31/><T46/><D0/><U9/><E9/><V36/><F36/><W38/><G38/><T14/><D11/><U47/><E47/><V49/><F49/><W108/><G58/><T40/><D10/><U60/><E60/><V15/><AGARI ba="2,1" hai="8,15,16,17,20,26,50,52,59,76,77" m="23552" machi="15" ten="40,8000,1" yaku="0,1,8,1,52,1,54,2" doraHai="21,81" who="2" fromWho="2" sc="321,-42,240,-22,179,96,250,-22" /><INIT seed="1,0,0,4,5,53" ten="279,218,275,228" oya="1" hai0="30,115,14,123,46,20,55,102,96,49,83,33,36" hai1="104,120,72,121,65,118,101,103,124,11,16,2,27" hai2="21,109,74,98,108,86,88,31,66,37,135,125,90" hai3="41,111,50,0,58,97,35,122,119,44,67,91,15"/><U81/><E118/><V28/><F37/><W1/><G122/><T93/><D115/><U116/><E116/><V19/><F74/><W60/><G119/><T5/><D33/><U56/><E124/><V29/><F125/><W57/><G35/><T23/><D36/><U54/><E65/><V8/><F135/><W107/><G111/><T134/><D134/><U76/><E103/><V40/><F40/><W84/><G107/><T131/><D131/><U114/><E114/><V34/><F34/><W132/><G132/><T32/><D32/><U62/><E101/><V133/><F133/><W112/><G112/><T24/><D123/><U87/><E104/><V130/><F130/><W7/><G97/><T18/><D83/><U117/><E117/><V52/><F66/><W78/><G78/><T105/><D105/><U25/><E72/><V22/><F8/><N who="3" m="4511" /><G0/><T59/><REACH who="0" step="1"/><D5/><REACH who="0" ten="269,218,275,228" step="2"/><U4/><E121/><V106/><F106/><W9/><G1/><T127/><D127/><U64/><E120/><V63/><F109/><W48/><G9/><T10/><D10/><U69/><REACH who="1" step="1"/><E16/><REACH who="1" ten="269,208,275,228" step="2"/><V99/><F19/><W80/><G67/><T85/><D85/><U13/><E13/><V3/><F108/><W77/><G84/><T126/><D126/><U68/><E68/><V45/><F86/><W12/><G12/><T42/><D42/><U73/><E73/><V61/><F3/><W17/><G17/><T129/><D129/><U26/><E26/><V95/><F98/><W51/><G41/><T89/><D89/><U79/><E79/><V82/><F90/><W128/><G91/><RYUUKYOKU ba="0,2" sc="269,15,208,15,275,-15,228,-15" hai0="14,18,20,23,24,30,46,49,55,59,93,96,102" hai1="2,4,11,25,27,54,56,62,64,69,76,81,87" /><INIT seed="1,1,2,3,1,54" ten="284,223,260,213" oya="1" hai0="80,40,103,129,66,13,94,111,75,44,63,55,131" hai1="38,110,118,69,2,27,1,11,43,6,82,15,83" hai2="107,67,0,64,14,71,91,22,84,128,7,98,90" hai3="9,20,120,5,45,77,88,31,47,105,130,17,24"/><U68/><E118/><V35/><F35/><W59/><G120/><T113/><D113/><U26/><E110/><V112/><F128/><N who="0" m="49226" /><D55/><U116/><E116/><V50/><F0/><W78/><G130/><T79/><D13/><U95/><E95/><V115/><F50/><W3/><G105/><T123/><D111/><U48/><E38/><V124/><F124/><W65/><G31/><T76/><D76/><U89/><E1/><V29/><F7/><W117/><G117/><T23/><D23/><U12/><E2/><V4/><F4/><W102/><G102/><T134/><D134/><U33/><E15/><V109/><F109/><W74/><G88/><T41/><D44/><U37/><E37/><V36/><F36/><W56/><G77/><T58/><D123/><U92/><E33/><V114/><F71/><W18/><G18/><T49/><D49/><U119/><E119/><V122/><F122/><W30/><G17/><T32/><D32/><U8/><E69/><V19/><F29/><W87/><G74/><T70/><D70/><U21/><E68/><V51/><F51/><W133/><G133/><T46/><D46/><N who="1" m="25695" /><E11/><V104/><F104/><W81/><REACH who="3" step="1"/><G56/><REACH who="3" ten="284,223,260,203" step="2"/><T57/><D57/><U42/><E27/><V101/><F91/><W53/><G53/><T16/><D16/><N who="1" m="12583" /><E42/><V100/><F100/><W52/><G52/><T25/><D25/><U61/><E61/><AGARI ba="1,3" hai="3,5,9,20,24,30,45,47,59,61,65,78,81,87" machi="61" ten="40,2600,0" yaku="1,1,52,1,53,0" doraHai="54" doraHaiUra="127" who="3" fromWho="1" sc="284,0,223,-29,260,0,203,59" /><INIT seed="2,0,0,5,2,3" ten="284,194,260,262" oya="2" hai0="56,7,45,135,30,74,72,6,19,35,37,78,104" hai1="73,0,24,23,27,76,117,119,109,133,125,32,129" hai2="87,95,60,113,89,79,20,50,29,83,106,53,105" hai3="86,81,13,93,9,112,44,82,17,77,126,49,36"/><V31/><F113/><W99/><G112/><T94/><D104/><U21/><E76/><V88/><F60/><W120/><G126/><T115/><D115/><U62/><E73/><V131/><F131/><W22/><G120/><T48/><D37/><U108/><E62/><V101/><F89/><W71/><G36/><T64/><D135/><U96/><E96/><V34/><F34/><W57/><G71/><T84/><D30/><U8/><E129/><V52/><F53/><W14/><G81/><N who="0" m="47159" /><D74/><U54/><E54/><V121/><F121/><W25/><G57/><T116/><D35/><U61/><E61/><V85/><F101/><W42/><REACH who="3" step="1"/><G9/><REACH who="3" ten="284,194,260,252" step="2"/><T16/><D56/><U92/><E125/><V18/><F106/><W65/><G65/><T41/><D64/><U33/><E92/><V59/><F105/><W123/><G123/><T39/><D39/><U102/><E102/><AGARI ba="0,1" hai="13,14,17,22,25,42,44,49,77,82,86,93,99,102" machi="102" ten="30,7700,0" yaku="1,1,7,1,8,1,53,1" doraHai="3" doraHaiUra="40" who="3" fromWho="1" sc="284,0,194,-77,260,0,252,87" /><INIT seed="3,0,0,5,5,110" ten="284,117,260,339" oya="3" hai0="54,85,132,25,40,27,111,79,127,83,82,74,66" hai1="23,105,60,38,122,36,126,77,32,29,65,11,87" hai2="70,88,20,131,130,117,47,69,63,81,33,104,113" hai3="5,73,39,134,92,24,95,118,108,42,45,75,55"/><W17/><G118/><T12/><D111/><U93/><E105/><V129/><F33/><W97/><G108/><T51/><D132/><U21/><E122/><V57/><F117/><W18/><G134/><T112/><D127/><U2/><E126/><V90/><F104/><W109/><G109/><T46/><D66/><U98/><E32/><V30/><F47/><W22/><G5/><T35/><D35/><U120/><E120/><V44/><F44/><W107/><G107/><T15/><D112/><U61/><E61/><V72/><F113/><W103/><G55/><T59/><D27/><U135/><E135/><V62/><F62/><W123/><G123/><T9/><D25/><U7/><E23/><V28/><F72/><W125/><G125/><T14/><D83/><U116/><E116/><V4/><F4/><W67/><G67/><T115/><D74/><U68/><E29/><N who="2" m="11371" /><F20/><W96/><REACH who="3" step="1"/><G17/><REACH who="3" ten="284,117,260,329" step="2"/><T8/><REACH who="0" step="1"/><D115/><REACH who="0" ten="274,117,260,329" step="2"/><U37/><E21/><V56/><F130/><W52/><G52/><T0/><D0/><U31/><E31/><V26/><F131/><W34/><G34/><T1/><D1/><U128/><E128/><V80/><F129/><W64/><G64/><T99/><D99/><U84/><REACH who="1" step="1"/><E77/><REACH who="1" ten="274,107,260,329" step="2"/><V133/><F133/><W106/><G106/><T94/><D94/><U119/><E119/><V13/><F81/><W101/><AGARI ba="0,3" hai="18,22,24,39,42,45,73,75,92,95,96,97,101,103" machi="101" ten="20,7800,0" yaku="1,1,0,1,7,1,9,1,53,0" doraHai="110" doraHaiUra="48" who="3" fromWho="3" sc="274,-26,107,-26,260,-26,329,108" /><INIT seed="3,1,0,4,4,3" ten="248,81,234,437" oya="3" hai0="25,126,46,16,70,122,42,94,89,100,113,127,98" hai1="20,81,4,93,102,72,77,109,34,53,79,120,130" hai2="52,131,91,64,99,121,92,129,84,74,78,21,116" hai3="90,12,15,1,28,43,24,23,75,51,76,85,118"/><W87/><G118/><T39/><D122/><U60/><E34/><V61/><F116/><W82/><G1/><T108/><D108/><U35/><E35/><V32/><F32/><W68/><G68/><T106/><D70/><U110/><E120/><V57/><F121/><W66/><G66/><T101/><D113/><U111/><E130/><V132/><F132/><W47/><REACH who="3" step="1"/><G75/><REACH who="3" ten="248,81,234,427" step="2"/><T5/><D127/><U6/><E79/><V135/><F74/><W65/><G65/><T112/><D126/><U30/><E60/><V124/><F135/><W59/><G59/><T50/><D112/><U40/><E40/><V2/><F124/><W31/><G31/><T22/><D39/><U80/><E53/><V107/><F2/><W13/><G13/><T103/><REACH who="0" step="1"/><D5/><REACH who="0" ten="238,81,234,427" step="2"/><N who="1" m="2155" /><E80/><AGARI ba="1,2" hai="12,15,23,24,28,43,47,51,76,80,82,85,87,90" machi="80" ten="30,5800,0" yaku="1,1,7,1,8,1,53,0" doraHai="3" doraHaiUra="105" who="3" fromWho="1" sc="238,0,81,-61,234,0,427,81" /><INIT seed="3,2,0,3,5,4" ten="238,20,234,508" oya="3" hai0="19,59,126,60,121,43,105,88,7,109,20,49,70" hai1="99,130,8,83,63,22,77,68,69,67,123,29,47" hai2="0,38,3,15,12,113,6,62,56,21,91,65,135" hai3="11,94,34,82,75,111,36,41,17,120,87,106,116"/><W48/><G116/><T86/><D121/><U115/><E123/><V18/><F113/><W24/><G120/><T16/><D105/><U101/><E115/><V133/><F38/><W73/><G111/><T131/><D70/><U76/><E130/><V37/><F37/><W33/><G48/><T114/><D126/><U92/><E47/><V74/><F74/><W93/><G11/><T52/><D109/><U40/><E40/><V110/><F91/><N who="3" m="51703" /><G17/><T96/><D131/><U46/><E46/><V35/><F35/><N who="3" m="13323" /><G93/><N who="0" m="56359" /><D7/><U31/><E31/><V95/><F95/><W98/><G94/><T28/><D114/><U50/><E50/><V100/><F100/><W125/><G36/><T14/><D19/><U124/><E124/><V128/><F110/><W108/><G108/><T23/><D28/><U72/><E76/><V80/><F80/><W39/><G39/><T57/><D43/><U132/><E132/><N who="2" m="50763" /><F128/><W2/><G125/><T42/><D42/><U44/><E44/><V10/><AGARI ba="2,0" hai="0,3,6,10,12,15,18,21,56,62,65" m="50763" machi="10" ten="30,2000,0" yaku="20,1,52,1" doraHai="4" who="2" fromWho="2" sc="238,-7,20,-7,234,26,508,-12" /><INIT seed="4,0,0,3,4,28" ten="231,13,260,496" oya="0" hai0="70,47,98,102,73,68,9,76,63,67,3,93,116" hai1="87,74,108,111,1,14,89,127,43,114,0,84,13" hai2="16,100,121,77,95,33,64,15,58,18,120,24,91" hai3="123,22,41,128,25,99,104,50,45,88,81,31,125"/><T30/><D116/><U133/><E74/><V124/><F124/><W37/><G125/><T71/><D47/><U51/><E133/><V27/><F100/><W39/><G88/><T35/><D3/><U85/><E127/><V17/><F77/><W78/><G22/><T113/><D9/><U44/><E114/><V5/><F5/><W38/><G128/><T86/><D113/><U29/><E29/><V52/><F64/><W126/><G123/><T92/><D73/><U101/><E101/><V97/><F33/><W122/><G126/><T2/><D2/><U103/><E103/><V48/><REACH who="2" step="1"/><F15/><REACH who="2" ten="231,13,250,496" step="2"/><W11/><G78/><T53/><D76/><U56/><E0/><V75/><F75/><W20/><G122/><AGARI ba="0,1" hai="16,17,18,24,27,48,52,58,91,95,97,120,121,122" machi="122" ten="40,8000,1" yaku="1,1,54,2,53,1" doraHai="28" doraHaiUra="49" who="2" fromWho="3" sc="231,0,13,0,250,90,496,-80" /><INIT seed="5,0,0,4,1,55" ten="231,13,340,416" oya="1" hai0="61,52,21,34,114,41,131,74,64,85,8,99,71" hai1="60,44,33,53,13,91,126,5,106,92,37,90,95" hai2="46,86,7,20,48,123,66,67,14,49,105,132,22" hai3="25,9,68,69,109,130,98,35,3,59,51,102,54"/><U31/><E106/><V4/><F105/><W50/><G109/><T17/><D74/><U122/><E122/><V36/><F36/><W73/><G73/><T80/><D34/><U118/><E118/><V83/><F132/><W29/><G130/><T125/><D41/><U121/><E121/><V63/><F67/><W115/><G50/><T24/><D125/><U18/><E5/><V128/><F128/><W93/><REACH who="3" step="1"/><G115/><REACH who="3" ten="231,13,340,406" step="2"/><T124/><D131/><U101/><E126/><V96/><F48/><W38/><G38/><T0/><D114/><U26/><E37/><V16/><F7/><AGARI ba="0,1" hai="3,7,9,25,29,35,51,54,59,68,69,93,98,102" machi="7" ten="40,2600,0" yaku="1,1,52,1,53,0" doraHai="55" doraHaiUra="42" who="3" fromWho="2" sc="231,0,13,0,340,-26,406,36" /><INIT seed="6,0,0,5,3,107" ten="231,13,314,442" oya="2" hai0="74,2,125,133,14,1,30,27,0,42,101,39,86" hai1="7,93,109,106,38,53,24,63,50,57,52,114,99" hai2="120,96,100,94,21,32,37,62,68,122,67,41,36" hai3="40,60,76,98,95,54,129,135,126,46,59,79,69"/><V131/><F131/><W8/><G129/><T134/><D86/><U19/><E109/><V58/><F41/><W9/><G126/><T64/><D101/><U49/><E106/><V23/><F32/><W130/><G130/><T11/><D64/><U124/><E38/><V77/><F77/><N who="3" m="29771" /><G69/><T45/><D125/><U28/><E124/><V105/><F105/><W22/><G135/><T66/><D66/><U25/><E7/><V127/><F127/><W5/><G5/><T15/><D15/><U43/><E114/><V112/><F112/><W102/><G22/><T119/><D119/><U26/><E43/><V83/><F68/><W84/><G84/><T118/><D118/><U65/><E19/><V35/><F35/><W47/><G40/><T75/><D14/><U103/><E50/><V108/><F108/><W121/><G121/><T13/><D13/><U104/><E104/><V113/><F113/><W123/><G123/><T16/><D16/><U51/><E51/><V20/><F120/><W61/><G61/><T132/><REACH who="0" step="1"/><D11/><AGARI ba="0,0" hai="8,9,11,46,47,54,59,60,95,98,102" m="29771" machi="11" ten="30,1000,0" yaku="8,1" doraHai="107" who="3" fromWho="0" sc="231,-10,13,0,314,0,442,10" /><INIT seed="7,0,0,4,2,88" ten="221,13,314,452" oya="3" hai0="118,73,78,120,42,28,96,47,8,93,56,44,131" hai1="57,12,81,63,116,36,108,10,29,50,4,89,13" hai2="103,66,112,14,126,55,38,19,32,92,94,17,33" hai3="134,122,1,101,84,100,40,97,58,46,61,76,2"/><W75/><G122/><T132/><D118/><U125/><E36/><V6/><F112/><W106/><G100/><T51/><D120/><U98/><E116/><V25/><F38/><W27/><G134/><T9/><D131/><U22/><E108/><V135/><F6/><W11/><G75/><T130/><D130/><U90/><E125/><V117/><F117/><W7/><G27/><T54/><D132/><U5/><E50/><V39/><F39/><W71/><G71/><T115/><D115/><U70/><E70/><V83/><F83/><W110/><G110/><T43/><D28/><U119/><E119/><V31/><F135/><W133/><G133/><T99/><D78/><U109/><E109/><V69/><F55/><W80/><G46/><T48/><D73/><U45/><E45/><V34/><F126/><W20/><G20/><T124/><D124/><U59/><E63/><V113/><F113/><W102/><G102/><T64/><D64/><U111/><E111/><V127/><F127/><W60/><G60/><T15/><D15/><U30/><E22/><V68/><F103/><W129/><G40/><T0/><D0/><U35/><E35/><V65/><F32/><W49/><G49/><T3/><D3/><U85/><E98/><V62/><F14/><W18/><G129/><T86/><D86/><U74/><E74/><V41/><F41/><W107/><G7/><T91/><REACH who="0" step="1"/><D99/><REACH who="0" ten="211,13,314,452" step="2"/><U67/><E67/><V123/><F123/><W121/><G1/><T105/><D105/><U104/><E104/><V128/><F128/><W114/><G106/><T24/><D24/><RYUUKYOKU ba="0,1" sc="211,30,13,-10,314,-10,452,-10" hai0="8,9,42,43,44,47,48,51,54,56,91,93,96" owari="241,-16.0,3,-50.0,304,10.0,452,56.0" /></mjloggm>