<mjloggm ver="2.3"><GO type="41" lobby="0"/><UN n0="%E3%81%81%EF%BD%9E%E3%81%8F%E3%82%93" n1="%6A%6F%69%68" n2="%50%61%69%67%6F%77" n3="%E2%93%9D%53%75%70%68%78" dan="14,14,13,17" rate="1948.47,1875.46,1889.64,2037.82" sx="M,M,F,M"/><TAIKYOKU oya="0"/><INIT seed="0,0,0,0,2,59" ten="250,250,250,250" oya="0" hai0="115,123,14,34,111,17,103,50,121,35,101,8,29" hai1="97,24,119,81,38,85,10,44,78,129,134,41,76" hai2="108,109,127,112,130,25,22,0,11,133,113,72,63" hai3="79,106,105,6,1,128,45,122,120,3,110,96,83"/><T27/><D115/><U80/><E119/><V13/><F72/><W12/><G12/><T67/><D35/><U53/><E129/><V98/><F130/><W47/><G128/><T82/><D111/><N who="2" m="42570" /><F127/><W26/><G26/><T73/><D67/><U64/><E134/><V70/><F133/><W125/><G96/><T90/><D50/><U88/><E97/><V126/><F126/><W69/><G6/><T56/><D56/><U131/><E131/><V94/><F0/><W52/><G125/><T37/><D37/><U89/><E64/><N who="2" m="41247" /><F22/><W58/><G69/><T93/><D82/><U100/><E100/><N who="2" m="60503" /><F25/><W5/><G3/><T55/><D73/><U36/><E24/><V30/><F30/><W60/><G110/><T28/><D29/><U116/><E116/><V95/><F95/><W7/><G1/><T54/><D121/><N who="3" m="46697" /><G106/><T135/><D135/><U32/><E32/><V75/><F75/><N who="3" m="43519" /><G105/><T33/><D34/><U16/><E10/><V40/><F40/><W2/><G2/><T87/><REACH who="0" step="1"/><D123/><REACH who="0" ten="240,250,250,250" step="2"/><U9/><E81/><V51/><F51/><W62/><G62/><T114/><D114/><U74/><E80/><V48/><F48/><W23/><G23/><T132/><D132/><U77/><E74/><V65/><F65/><W68/><G68/><T92/><D92/><U124/><E124/><V71/><F71/><W118/><G118/><T20/><D20/><U19/><E38/><V39/><F39/><W102/><G102/><AGARI ba="0,1" hai="8,14,17,27,28,33,54,55,87,90,93,101,102,103" machi="102" ten="40,3900,0" yaku="1,1,53,1" doraHai="59" doraHaiUra="4" who="0" fromWho="3" sc="240,49,250,0,250,0,250,-39" /><INIT seed="0,1,0,2,4,12" ten="289,250,250,211" oya="0" hai0="48,44,82,34,109,107,63,131,111,112,104,130,13" hai1="101,65,52,15,95,94,3,68,27,47,23,64,134" hai2="92,18,45,118,51,25,120,74,0,123,90,105,7" hai3="32,125,26,35,46,87,29,2,89,106,79,66,40"/><T19/><D112/><U54/><E3/><V127/><F118/><W135/><G106/><T115/><D115/><U21/><E68/><V85/><F105/><W86/><G2/><T69/><D34/><U39/><E39/><V17/><F127/><W121/><G135/><T5/><D5/><U73/><E73/><V119/><F119/><W103/><G103/><T30/><D30/><U78/><E78/><V93/><F74/><W108/><G108/><N who="0" m="41547" /><D82/><U110/><E110/><V50/><F25/><W56/><G35/><T57/><D69/><U83/><E83/><V37/><F0/><W16/><G121/><T4/><D4/><U41/><E134/><V117/><F7/><W59/><G125/><T133/><D133/><U1/><E1/><V113/><F113/><W60/><G79/><T11/><D104/><U43/><E95/><V53/><F37/><W102/><G29/><T98/><D98/><U96/><E94/><V49/><F92/><W70/><G32/><T75/><D75/><U72/><E96/><V80/><F93/><W28/><G28/><T122/><D122/><U8/><E72/><V55/><F117/><W42/><G102/><T14/><D13/><U20/><E15/><V84/><F84/><W132/><G87/><T100/><D100/><U67/><E101/><V129/><F129/><W97/><G97/><T91/><D91/><U114/><E114/><V99/><F99/><W77/><G132/><T38/><D107/><U126/><E126/><V6/><F6/><W24/><G89/><T71/><D38/><U61/><E27/><V88/><F90/><RYUUKYOKU ba="1,0" sc="289,0,250,0,250,0,211,0" /><INIT seed="1,2,0,1,1,121" ten="289,250,250,211" oya="1" hai0="89,85,97,66,42,79,132,36,116,24,28,77,26" hai1="20,21,12,14,122,67,118,113,2,57,106,0,91" hai2="61,53,129,39,105,8,107,63,82,59,73,40,43" hai3="86,135,52,55,131,27,95,56,70,92,46,100,41"/><U6/><E106/><V103/><F129/><W93/><G70/><T47/><D116/><U80/><E67/><V44/><F40/><W62/><G135/><T4/><D132/><U32/><E80/><V19/><F61/><W23/><G131/><T127/><D127/><U35/><E57/><V38/><F38/><W81/><G100/><T87/><D4/><U16/><E91/><V110/><F103/><W109/><G109/><T102/><D66/><U119/><E6/><V88/><F110/><W64/><G41/><T94/><D26/><U101/><E101/><V83/><F83/><W45/><G55/><T84/><REACH who="0" step="1"/><D102/><REACH who="0" ten="279,250,250,211" step="2"/><U13/><E113/><V65/><F65/><W117/><G117/><T30/><D30/><U68/><E68/><V3/><F105/><W130/><G130/><T5/><D5/><U111/><E122/><V115/><F107/><W96/><G64/><T104/><D104/><U48/><E118/><V58/><F115/><W69/><G69/><T1/><D1/><U25/><E119/><V112/><F3/><W133/><G133/><T31/><D31/><U120/><E120/><V15/><F112/><W125/><G125/><T71/><D71/><U54/><E0/><V10/><F73/><W33/><G33/><AGARI ba="2,1" hai="24,28,33,36,42,47,77,79,84,85,87,89,94,97" machi="33" ten="40,1300,0" yaku="1,1,53,0" doraHai="121" doraHaiUra="11" who="0" fromWho="3" sc="279,29,250,0,250,0,211,-19" /><INIT seed="2,0,0,1,3,124" ten="308,250,250,192" oya="2" hai0="35,26,118,50,63,81,66,16,71,82,132,33,3" hai1="45,14,88,61,21,36,34,37,101,58,46,116,108" hai2="89,11,39,93,7,127,48,102,41,128,129,32,80" hai3="109,104,110,70,84,9,96,134,75,17,64,133,79"/><V131/><F127/><W56/><G56/><T121/><D121/><U123/><E34/><V44/><F32/><W23/><G9/><T113/><D113/><U115/><E115/><V135/><F135/><N who="3" m="51723" /><G64/><T12/><D3/><U67/><E46/><V19/><F102/><N who="3" m="62535" /><G70/><T77/><D132/><U76/><E45/><V52/><F80/><N who="3" m="47135" /><G17/><T20/><D118/><U42/><E58/><N who="2" m="33031" /><F19/><W106/><G23/><T95/><D95/><U62/><E21/><V69/><F69/><W57/><G57/><T103/><D103/><U60/><E101/><V51/><F11/><W130/><G75/><T0/><D0/><U31/><E37/><V122/><F39/><W99/><G130/><N who="2" m="33281" /><V18/><DORA hai="74" /><F18/><W22/><G22/><T68/><D68/><U59/><E36/><V5/><F122/><W1/><G1/><T126/><D35/><U55/><E123/><V112/><F112/><W65/><G65/><T107/><D33/><U10/><E10/><V2/><F2/><W38/><G38/><T86/><D71/><U40/><E67/><V100/><F100/><AGARI ba="0,0" hai="99,100,106,109,110" m="47135,62535,51723" machi="100" ten="30,7700,0" yaku="20,1,34,2,52,1" doraHai="124,74" who="3" fromWho="2" sc="308,0,250,0,250,-77,192,77" /><INIT seed="3,0,0,1,2,70" ten="308,250,173,269" oya="3" hai0="124,65,36,134,15,96,131,3,94,12,13,100,127" hai1="117,64,83,44,48,108,68,46,126,2,93,50,60" hai2="66,91,86,63,29,111,80,1,82,28,35,71,22" hai3="49,37,53,14,32,121,11,41,92,78,130,38,98"/><W39/><G121/><T128/><D3/><U77/><E93/><V6/><F111/><W102/><G32/><T34/><D34/><U122/><E2/><V9/><F22/><W114/><G114/><T59/><D65/><U105/><E105/><V103/><F103/><W16/><G130/><N who="0" m="49707" /><D59/><U4/><E46/><V7/><F7/><W119/><G78/><T62/><D62/><U31/><E44/><V20/><F35/><W113/><G113/><T123/><D123/><U97/><E60/><V107/><F107/><W84/><G119/><T58/><D58/><U76/><E64/><V88/><REACH who="2" step="1"/><F20/><REACH who="2" ten="308,250,163,269" step="2"/><W125/><G125/><N who="0" m="48203" /><D134/><U8/><E126/><V67/><F67/><W115/><G115/><T90/><D100/><U5/><E5/><V135/><F135/><W42/><REACH who="3" step="1"/><G84/><AGARI ba="0,1" hai="1,6,9,28,29,63,66,71,80,82,84,86,88,91" machi="84" ten="40,8000,1" yaku="1,1,9,1,54,1,53,2" doraHai="70" doraHaiUra="81" who="2" fromWho="3" sc="308,0,250,0,163,90,269,-80" /><INIT seed="4,0,0,5,2,71" ten="308,250,253,189" oya="0" hai0="13,25,124,133,51,114,17,65,100,45,33,14,3" hai1="94,39,69,64,47,27,128,129,101,15,130,16,132" hai2="58,20,70,32,92,8,7,44,113,76,78,9,83" hai3="84,67,86,73,60,1,122,54,111,38,80,19,4"/><T53/><D114/><U104/><E104/><V99/><F113/><W63/><G111/><T29/><D133/><U102/><E27/><V59/><F70/><W66/><G54/><T74/><D124/><U108/><E108/><V105/><F32/><W109/><G109/><T40/><D3/><U103/><E132/><V87/><F105/><W112/><G112/><T18/><D74/><U110/><E110/><V72/><F20/><W22/><G4/><T126/><D126/><U11/><E94/><V118/><F118/><W37/><G1/><T28/><D28/><U68/><E64/><V75/><F8/><W107/><G107/><T5/><D5/><U97/><E97/><V49/><F75/><W120/><G73/><T56/><D65/><U127/><E127/><V91/><F76/><W48/><G48/><T88/><D100/><U135/><E135/><V119/><F72/><W50/><G50/><T90/><D14/><U85/><E85/><V30/><F30/><W52/><G52/><T26/><D26/><U89/><E89/><V131/><F131/><W42/><G42/><AGARI ba="0,0" hai="11,15,16,39,42,47,68,69,101,102,103,128,129,130" machi="42" ten="50,6400,0" yaku="19,1,52,1,54,1" doraHai="71" who="1" fromWho="3" sc="308,0,250,64,253,0,189,-64" /><INIT seed="5,0,0,1,4,70" ten="308,314,253,125" oya="1" hai0="44,105,122,68,114,96,47,92,2,97,59,135,42" hai1="57,38,94,16,124,46,50,76,15,130,95,104,134" hai2="40,5,20,107,89,112,67,7,54,129,111,32,33" hai3="34,71,73,28,4,78,3,0,10,79,17,117,35"/><U65/><E104/><V99/><F111/><W53/><G71/><T108/><D108/><U133/><E76/><V24/><F129/><W120/><G53/><T45/><D2/><U23/><E130/><V55/><F67/><W8/><G73/><T116/><D116/><U62/><E50/><V109/><F109/><W1/><G79/><T119/><D119/><U31/><E31/><V18/><F112/><W64/><G64/><T11/><D68/><U41/><E124/><V80/><F40/><W98/><G98/><T86/><D114/><U26/><E15/><V100/><F54/><W81/><G81/><T74/><D74/><U127/><E127/><V25/><F24/><W29/><G78/><T88/><D135/><AGARI ba="0,0" hai="16,23,26,38,41,46,57,62,65,94,95,133,134,135" machi="135" ten="40,7700,0" yaku="20,1,52,1,54,1" doraHai="70" who="1" fromWho="0" sc="308,-77,314,77,253,0,125,0" /><INIT seed="5,1,0,2,3,50" ten="231,391,253,125" oya="1" hai0="63,73,114,106,1,3,107,98,22,115,80,34,113" hai1="70,14,31,69,97,35,24,105,23,103,9,37,17" hai2="58,129,57,18,51,127,67,86,60,118,8,78,75" hai3="32,33,36,27,15,109,42,81,16,47,25,99,26"/><U64/><E37/><V59/><F118/><W123/><G109/><T6/><D34/><U49/><E49/><V126/><F129/><W4/><G123/><T65/><D22/><U11/><E70/><V68/><F75/><W55/><G4/><T41/><D41/><U87/><E87/><V44/><F78/><W19/><G19/><T94/><D94/><U100/><E100/><V92/><F18/><W101/><G81/><T84/><D73/><U45/><E45/><V125/><F8/><W48/><G42/><T79/><D6/><U95/><E95/><V132/><F86/><W119/><G36/><T77/><D79/><U66/><E66/><V43/><F92/><W28/><G119/><T76/><D76/><U21/><E11/><V120/><F132/><W82/><G82/><T5/><D5/><U96/><E96/><V122/><AGARI ba="1,0" hai="43,44,51,57,58,59,60,67,68,120,122,125,126,127" machi="122" ten="40,8000,1" yaku="0,1,18,1,34,3" doraHai="50" who="2" fromWho="2" sc="231,-21,391,-41,253,83,125,-21" /><INIT seed="6,0,0,4,2,121" ten="210,350,336,104" oya="2" hai0="70,43,59,129,115,57,123,32,24,79,36,54,104" hai1="48,109,78,3,37,28,40,7,106,46,23,2,93" hai2="80,128,4,90,82,88,64,58,103,52,85,25,53" hai3="99,39,84,83,15,120,18,87,73,27,1,68,119"/><V134/><F134/><W63/><G120/><T114/><D123/><U98/><E106/><V94/><F128/><W16/><G1/><T127/><D104/><U30/><E37/><V122/><F122/><W20/><G39/><T92/><D79/><U45/><E3/><V5/><F25/><W14/><G119/><T49/><D92/><U29/><E2/><V11/><F103/><W22/><G73/><T89/><D89/><U74/><E46/><V38/><F38/><W91/><G68/><T44/><D24/><U105/><E105/><V86/><F94/><W60/><G99/><T75/><D32/><U10/><E23/><V12/><F4/><W69/><G69/><T56/><D75/><U113/><E74/><V111/><F111/><W41/><G41/><T108/><D108/><U65/><E109/><V26/><F26/><W62/><REACH who="3" step="1"/><G27/><REACH who="3" ten="210,350,336,94" step="2"/><T95/><D70/><U17/><E40/><V34/><REACH who="2" step="1"/><F34/><REACH who="2" ten="210,350,326,94" step="2"/><W117/><G117/><T96/><D129/><U66/><E98/><V81/><F81/><W61/><N who="3" m="16128" /><DORA hai="42" /><W6/><G6/><T35/><D35/><U8/><E7/><V102/><F102/><W133/><G133/><T124/><D36/><U0/><E93/><V132/><F132/><W31/><G31/><T72/><D72/><U71/><E30/><V21/><F21/><W101/><G101/><N who="0" m="60575" /><D43/><U50/><E29/><V112/><F112/><AGARI ba="0,2" hai="44,49,54,56,57,59,112,114,115,124,127" m="60575" machi="112" ten="30,2000,0" yaku="15,1,52,1" doraHai="121,42" who="0" fromWho="2" sc="210,40,350,0,326,-20,94,0" /><INIT seed="7,0,0,3,0,44" ten="250,350,306,94" oya="3" hai0="118,11,61,66,49,55,110,101,19,115,2,22,29" hai1="8,68,103,104,100,9,121,13,105,114,123,129,83" hai2="16,33,50,67,91,31,43,126,119,111,93,1,106" hai3="27,10,70,37,97,3,58,56,71,95,45,134,69"/><W24/><G134/><T14/><D110/><U54/><E68/><V81/><F111/><W116/><G116/><T77/><D118/><U63/><E129/><V84/><F119/><W87/><G87/><T59/><D101/><U15/><E54/><V39/><F126/><W86/><G86/><T41/><D77/><U94/><E63/><V79/><F67/><W23/><G3/><T82/><D82/><U25/><E25/><V7/><F106/><W72/><G10/><T73/><D73/><U113/><E94/><V112/><F112/><W4/><G4/><T96/><D96/><U132/><E83/><V53/><F43/><W78/><G78/><T125/><D125/><U102/><E102/><V108/><F39/><W62/><G72/><T130/><D130/><U99/><E99/><V120/><F120/><W48/><G37/><T64/><D115/><U76/><E76/><V128/><F128/><W80/><G80/><T38/><D2/><U28/><E28/><V30/><F16/><W21/><G27/><T124/><D124/><U18/><E18/><V51/><F53/><W36/><G36/><T133/><D133/><AGARI ba="0,0" hai="8,9,13,15,100,103,104,105,113,114,121,123,132,133" machi="133" ten="25,1600,0" yaku="22,2" doraHai="44" who="1" fromWho="0" sc="250,-16,350,16,306,0,94,0" owari="234,-17.0,366,47.0,306,11.0,94,-41.0" /></mjloggm>