<mjloggm ver="2.3"><GO type="41" lobby="0"/><UN n0="%E2%93%9D%53%75%70%68%78" n1="%E3%83%9A%E3%82%B1" n2="%6B%2E%74%2E" n3="%E3%83%97%E3%83%AD%E3%82%B9%E3%83%88" dan="18,13,14,15" rate="2111.04,1889.50,1829.16,2056.63" sx="M,M,M,M"/><TAIKYOKU oya="0"/><INIT seed="0,0,0,3,2,59" ten="250,250,250,250" oya="0" hai0="11,90,10,93,47,38,19,52,46,56,78,70,76" hai1="88,0,8,48,97,121,114,120,105,33,101,55,3" hai2="35,69,31,14,57,116,54,49,82,61,125,41,110" hai3="94,1,60,111,100,30,63,109,29,53,71,9,74"/><T81/><D70/><U84/><E33/><V128/><F110/><N who="3" m="41995" /><G74/><T40/><D47/><U65/><E65/><V64/><F35/><W72/><G72/><T50/><D19/><U106/><E106/><V37/><F31/><N who="3" m="11787" /><G71/><T42/><D42/><U17/><E114/><V126/><F82/><W96/><G53/><T2/><D2/><U34/><E34/><V79/><F79/><W99/><G99/><T25/><D25/><U6/><E17/><V112/><F112/><W16/><G1/><T89/><D78/><U83/><REACH who="1" step="1"/><E3/><REACH who="1" ten="250,240,250,250" step="2"/><V113/><F113/><W115/><G115/><T66/><D66/><U132/><E132/><V15/><F116/><W102/><G102/><T86/><REACH who="0" step="1"/><D90/><REACH who="0" ten="240,240,250,250" step="2"/><U129/><E129/><V107/><F128/><W43/><G43/><T103/><D103/><U73/><E73/><AGARI ba="0,2" hai="10,11,38,40,46,50,52,56,73,76,81,86,89,93" machi="73" ten="30,5800,0" yaku="1,1,7,1,54,1,53,0" doraHai="59" doraHaiUra="67" who="0" fromWho="1" sc="240,78,240,-58,250,0,250,0" /><INIT seed="0,1,0,4,5,59" ten="318,182,250,250" oya="0" hai0="96,40,134,12,14,32,22,67,58,64,86,7,90" hai1="82,56,24,75,118,25,47,37,99,57,113,95,66" hai2="102,49,83,27,77,93,4,89,11,2,131,18,80" hai3="45,31,10,111,107,109,124,87,135,38,36,101,48"/><T76/><D32/><U68/><E118/><V60/><F131/><W46/><G31/><T85/><D134/><U9/><E113/><V70/><F49/><W41/><G101/><T69/><D69/><U72/><E47/><V115/><F102/><W65/><G87/><T35/><D35/><U62/><E37/><N who="3" m="14442" /><G10/><T84/><D76/><U55/><E68/><V88/><F89/><W1/><G1/><T29/><D40/><U33/><E9/><V123/><F123/><W100/><G100/><T5/><D29/><U121/><E121/><V104/><F104/><W128/><G107/><T53/><D96/><U21/><E33/><V50/><F77/><W52/><G128/><T13/><D22/><U17/><E24/><V117/><F117/><W15/><G15/><T23/><D23/><U20/><E20/><V42/><F18/><W114/><G114/><T28/><D90/><U126/><E126/><V112/><F27/><W3/><G3/><T125/><D28/><U34/><E34/><V0/><F0/><W81/><G81/><T108/><D108/><N who="3" m="41545" /><G135/><T92/><D92/><U98/><E82/><V106/><F106/><W122/><G122/><T44/><D125/><U133/><E133/><V130/><F130/><W6/><G6/><N who="0" m="2059" /><D44/><U39/><E39/><V71/><F115/><W26/><G26/><T132/><D132/><U120/><E120/><V116/><F112/><W51/><G124/><T91/><D91/><N who="1" m="55679" /><E99/><V94/><F94/><W78/><G78/><T8/><D8/><U19/><E19/><V63/><F116/><W127/><G127/><T74/><D74/><RYUUKYOKU ba="1,0" sc="318,10,182,10,250,-30,250,10" hai0="12,13,14,53,58,64,67,84,85,86" hai1="17,21,25,55,56,57,62,66,72,75" hai3="41,45,46,48,51,52,65" /><INIT seed="0,2,0,1,3,0" ten="328,192,220,260" oya="0" hai0="59,105,118,26,16,54,109,120,124,70,86,75,121" hai1="89,123,34,19,104,63,1,64,131,99,50,61,113" hai2="39,133,83,101,21,32,31,13,87,79,119,135,73" hai3="53,107,11,108,127,126,49,41,55,85,33,91,65"/><T84/><D118/><U117/><E123/><V30/><F39/><W52/><G107/><T132/><D75/><U44/><E34/><V134/><F32/><W129/><G33/><T112/><D112/><U57/><E1/><V25/><F119/><W36/><G108/><T106/><D70/><U125/><E117/><V8/><F101/><W6/><G65/><T116/><D116/><U20/><E113/><V51/><F51/><W3/><G129/><T111/><D132/><U78/><E78/><V88/><F31/><W10/><G36/><T66/><D66/><U100/><E131/><V48/><F48/><W5/><G41/><T24/><D59/><U68/><E89/><V97/><F97/><W82/><REACH who="3" step="1"/><G49/><REACH who="3" ten="328,192,220,250" step="2"/><T9/><D106/><U7/><E104/><V23/><F73/><W114/><G114/><T58/><D105/><U90/><E50/><V14/><F79/><W103/><G103/><T98/><D111/><U102/><E61/><V110/><F110/><W128/><G128/><T22/><D109/><U45/><E64/><V47/><F47/><W17/><G17/><T72/><D16/><U122/><E19/><N who="2" m="10479" /><F135/><W94/><G94/><T76/><D76/><U62/><E102/><V80/><F80/><W18/><G18/><T29/><D72/><U42/><E45/><V46/><F46/><W69/><G69/><T95/><D95/><U56/><E44/><V67/><F67/><W2/><AGARI ba="2,1" hai="2,3,5,6,10,11,52,53,55,82,85,91,126,127" machi="2" ten="30,12000,2" yaku="1,1,0,1,9,1,52,2,54,1,53,0" doraHai="0" doraHaiUra="92" who="3" fromWho="3" sc="328,-62,192,-32,220,-32,250,136" /><INIT seed="1,0,0,1,1,49" ten="266,160,188,386" oya="1" hai0="106,57,23,101,117,58,66,20,44,55,132,133,29" hai1="102,43,45,124,15,108,135,114,116,32,59,14,115" hai2="105,107,46,53,5,81,60,99,61,19,79,85,34" hai3="127,67,128,96,111,33,122,38,3,126,36,28,56"/><U2/><E116/><V74/><F34/><W83/><G122/><T110/><D110/><U48/><E32/><V125/><F125/><N who="3" m="47627" /><G3/><T69/><D117/><U75/><E75/><V77/><F5/><W98/><G111/><T73/><D73/><U7/><E108/><V120/><F120/><W100/><G83/><T92/><D106/><U26/><E124/><V18/><F77/><W8/><G8/><T30/><D69/><U39/><E135/><N who="0" m="51785" /><D44/><U109/><E109/><V93/><F74/><W103/><G128/><T37/><D58/><U24/><E59/><V64/><F107/><N who="3" m="63879" /><G28/><N who="0" m="10859" /><D66/><U118/><E118/><V21/><F105/><N who="3" m="63735" /><G33/><T89/><D101/><U70/><E70/><V94/><F64/><W90/><G90/><T1/><D1/><U65/><E102/><V72/><F72/><W0/><G0/><T121/><D121/><U27/><E65/><V86/><F99/><W134/><G134/><T91/><D91/><U68/><E68/><V35/><F35/><W104/><G104/><T123/><D123/><U112/><REACH who="1" step="1"/><E39/><REACH who="1" ten="266,150,188,386" step="2"/><V50/><F93/><W25/><G56/><T4/><D37/><U11/><AGARI ba="0,1" hai="2,7,11,14,15,24,26,27,43,45,48,112,114,115" machi="11" ten="40,7800,0" yaku="1,1,2,1,0,1,53,0" doraHai="49" doraHaiUra="63" who="1" fromWho="1" sc="266,-26,150,88,188,-26,386,-26" /><INIT seed="1,1,0,0,2,80" ten="240,238,162,360" oya="1" hai0="54,14,34,128,56,75,12,72,94,87,122,44,1" hai1="23,115,108,107,17,63,117,7,8,96,9,62,119" hai2="92,134,47,88,27,50,61,68,116,2,20,35,104" hai3="131,126,82,13,0,16,127,45,130,3,67,53,99"/><U81/><E115/><V59/><F104/><W52/><G67/><T64/><D1/><U85/><E117/><V105/><F105/><W43/><G99/><T31/><D128/><N who="3" m="49193" /><G82/><T40/><D64/><U32/><E32/><V93/><F134/><W110/><G110/><T123/><D31/><U48/><E9/><V84/><F68/><W124/><G3/><T120/><D34/><U22/><E22/><V24/><F2/><W114/><G0/><T71/><D71/><U109/><E8/><V103/><F35/><W74/><G74/><T5/><D5/><U97/><E7/><V66/><F116/><W133/><G114/><T6/><D6/><U111/><E119/><V125/><F125/><W90/><G90/><N who="0" m="53599" /><D75/><U60/><E48/><V73/><F73/><W4/><G4/><T37/><D72/><U18/><E107/><V78/><F78/><W100/><G100/><T91/><D91/><N who="1" m="51631" /><E18/><V70/><F20/><N who="3" m="11279" /><G133/><T113/><D113/><U58/><E58/><V95/><F70/><W89/><G89/><T26/><D26/><AGARI ba="1,0" hai="17,23,26,60,62,63,96,97,108,109,111" m="51631" machi="26" ten="40,7700,0" yaku="14,1,10,1,52,1" doraHai="80" who="1" fromWho="0" sc="240,-80,238,80,162,0,360,0" /><INIT seed="1,2,0,1,1,119" ten="160,318,162,360" oya="1" hai0="50,60,76,65,62,9,49,56,98,40,5,11,67" hai1="61,13,132,32,10,90,113,71,134,123,131,102,16" hai2="39,46,72,101,12,25,63,75,23,130,74,3,48" hai3="21,22,124,17,117,127,93,55,105,106,68,110,99"/><U2/><E123/><V58/><F39/><W135/><G68/><T107/><D76/><U115/><E102/><V120/><F3/><W109/><G135/><N who="1" m="51754" /><E90/><V79/><F130/><W100/><G55/><T7/><D107/><N who="3" m="40969" /><G117/><T86/><D86/><U95/><E95/><V78/><F101/><W18/><G22/><T6/><D40/><U133/><E131/><V84/><F12/><N who="3" m="9383" /><G18/><T44/><D44/><U103/><E103/><V96/><F96/><W43/><G43/><T83/><D98/><U108/><E133/><V80/><F120/><W104/><N who="3" m="40977" /><W97/><DORA hai="116" /><G97/><T125/><D125/><AGARI ba="2,0" hai="93,99,100,109,110,124,125,127" m="9383,40977" machi="125" ten="50,1600,0" yaku="18,1" doraHai="119,116" who="3" fromWho="0" sc="160,-22,318,0,162,0,360,22" /><INIT seed="2,0,0,2,1,45" ten="138,318,162,382" oya="2" hai0="26,80,22,53,86,87,108,40,44,38,25,31,28" hai1="2,52,90,85,135,116,55,92,107,62,79,24,109" hai2="114,27,58,10,63,75,49,66,48,119,127,104,6" hai3="60,110,11,3,68,5,106,54,133,94,78,14,59"/><V100/><F75/><W50/><G133/><T120/><D108/><U61/><E116/><V16/><F119/><W89/><G106/><T117/><D117/><U20/><E107/><V13/><F114/><W34/><G34/><T67/><D120/><U111/><E2/><V30/><F127/><W82/><G110/><N who="1" m="41994" /><E79/><V112/><F112/><W126/><G126/><T81/><D67/><U7/><E7/><V96/><REACH who="2" step="1"/><F6/><REACH who="2" ten="138,318,152,382" step="2"/><W93/><G3/><T130/><D130/><U125/><E125/><V1/><F1/><W43/><G68/><T29/><D29/><N who="1" m="17543" /><E135/><V21/><AGARI ba="0,1" hai="10,13,16,21,27,30,48,49,58,63,66,96,100,104" machi="21" ten="20,18000,2" yaku="1,1,0,1,7,1,52,2,54,1,53,0" doraHai="45" doraHaiUra="88" who="2" fromWho="2" sc="138,-60,318,-60,152,190,382,-60" /><INIT seed="2,1,0,2,3,60" ten="78,258,342,322" oya="2" hai0="53,89,49,102,66,75,73,110,76,88,78,99,100" hai1="5,79,20,101,80,71,68,126,18,82,42,105,15" hai2="36,122,59,123,22,98,90,64,128,130,31,62,57" hai3="41,2,0,69,54,87,134,83,115,74,9,35,111"/><V4/><F4/><W30/><G69/><T132/><D49/><U44/><E82/><V92/><F36/><W48/><G74/><N who="0" m="28171" /><D53/><U125/><E5/><V93/><F92/><W58/><G111/><T65/><D110/><U47/><E47/><V7/><F7/><W124/><G124/><N who="1" m="47722" /><E101/><N who="0" m="39017" /><D132/><U39/><E105/><V25/><REACH who="2" step="1"/><F59/><REACH who="2" ten="78,258,332,322" step="2"/><W116/><G58/><T133/><D133/><U107/><E107/><V117/><F117/><W28/><G116/><T72/><D72/><AGARI ba="1,1" hai="15,18,20,39,42,44,68,71,72,79,80" m="47722" machi="72" ten="30,1000,0" yaku="18,1" doraHai="60" who="1" fromWho="0" sc="78,-13,258,23,332,0,322,0" /><INIT seed="3,0,0,5,1,31" ten="65,281,332,322" oya="3" hai0="61,1,25,89,109,82,28,59,105,17,41,117,120" hai1="23,96,72,76,39,112,115,65,27,74,14,47,79" hai2="12,22,80,104,84,86,99,97,49,127,108,3,88" hai3="68,111,10,119,91,62,48,102,81,85,8,100,38"/><W57/><G119/><T121/><D117/><U66/><E96/><V5/><F3/><W103/><G38/><T43/><D1/><U34/><E34/><V93/><F108/><W35/><G68/><T46/><D105/><U94/><E94/><V123/><F127/><W45/><G35/><T73/><D109/><U29/><E39/><V98/><F123/><W106/><G106/><T56/><D17/><U54/><E47/><V9/><F104/><W122/><G122/><T20/><D59/><U60/><E14/><V6/><F22/><W4/><G111/><T44/><D73/><U53/><E29/><V21/><F21/><W113/><G113/><T37/><D82/><U75/><E23/><V110/><F110/><W78/><G91/><T63/><D63/><U7/><E7/><N who="2" m="3135" /><F49/><W116/><G116/><T32/><D89/><AGARI ba="0,0" hai="5,6,80,84,86,88,89,93,97,98,99" m="3135" machi="89" ten="30,2000,0" yaku="8,1,54,1" doraHai="31" who="2" fromWho="0" sc="65,-20,281,0,332,20,322,0" /><INIT seed="4,0,0,1,1,113" ten="45,281,352,322" oya="0" hai0="36,82,61,58,54,100,98,88,132,96,135,119,35" hai1="64,1,134,69,84,108,115,110,75,80,14,23,122" hai2="129,42,92,94,86,57,27,11,51,25,78,95,6" hai3="67,24,74,127,39,20,4,2,28,106,101,126,13"/><T104/><D36/><U71/><E1/><V33/><F33/><N who="3" m="20615" /><G67/><T91/><D35/><U109/><E122/><V103/><F103/><W131/><G39/><T38/><D38/><U79/><E64/><V15/><F129/><W112/><G101/><T93/><REACH who="0" step="1"/><D119/><REACH who="0" ten="35,281,352,322" step="2"/><U121/><E121/><V21/><F21/><W26/><G20/><T107/><D107/><U87/><E23/><V73/><F73/><W44/><G106/><T30/><D30/><U76/><E134/><V97/><F97/><W66/><G74/><T10/><D10/><U102/><E108/><V81/><F57/><W118/><G118/><T68/><D68/><U117/><E117/><V130/><F130/><W47/><G131/><T19/><D19/><U22/><E22/><V32/><F32/><W12/><G47/><AGARI ba="0,1" hai="6,11,15,25,27,42,47,51,78,81,86,92,94,95" machi="47" ten="40,5200,0" yaku="25,2,8,1" doraHai="113" who="2" fromWho="3" sc="35,0,281,0,352,62,322,-52" /><INIT seed="5,0,0,5,5,118" ten="35,281,414,270" oya="1" hai0="83,99,34,133,125,84,81,48,109,116,11,8,42" hai1="9,30,76,14,25,56,47,96,32,22,13,7,46" hai2="24,37,58,0,72,108,70,28,29,65,104,20,134" hai3="107,132,21,124,89,127,23,67,69,106,77,95,128"/><U6/><E76/><V51/><F108/><W122/><G77/><T4/><D116/><U18/><E96/><V55/><F0/><W111/><G111/><T44/><D133/><U26/><E56/><V86/><F72/><W68/><G95/><T119/><D125/><U38/><E38/><V123/><F104/><W115/><G67/><T97/><D34/><U36/><E36/><V90/><F134/><W1/><G132/><T121/><D119/><U27/><E46/><V35/><F37/><W135/><G135/><T33/><D33/><U73/><E47/><V19/><F123/><W61/><G1/><T130/><D130/><U60/><E60/><V88/><F35/><W92/><G61/><T62/><D83/><U53/><E53/><V12/><F90/><W87/><G92/><T16/><D109/><U131/><E73/><V66/><F70/><W102/><G89/><T120/><D62/><U112/><E112/><V50/><F51/><W63/><G63/><T75/><D75/><U80/><E80/><N who="2" m="49223" /><F24/><N who="1" m="9321" /><E131/><V85/><F85/><W126/><G128/><T113/><D113/><U71/><E71/><N who="3" m="27210" /><G87/><T5/><D99/><U45/><E45/><V101/><F101/><W40/><G40/><T57/><D97/><U93/><E93/><V49/><F49/><W2/><G115/><T117/><D117/><U114/><E114/><V15/><F15/><W110/><G2/><N who="0" m="23" /><D57/><U17/><AGARI ba="0,0" hai="6,7,9,13,14,17,18,22,27,30,32" m="9321" machi="17" ten="30,12000,1" yaku="35,5" doraHai="118" who="1" fromWho="1" sc="35,-40,281,120,414,-40,270,-40" owari="-5,-51.0,401,51.0,374,17.0,230,-17.0" /></mjloggm>