<mjloggm ver="2.3"><GO type="41" lobby="0"/><UN n0="%E3%83%95%E3%83%BC%E3%82%BF%E3%83%AD%E3%82%B9" n1="%E6%96%87%58" n2="%E2%93%9D%53%75%70%68%78" n3="%E3%83%AA%E3%83%90%E3%83%BC%E3%82%A6%E3%82%A4%E3%83%B3" dan="14,15,19,13" rate="1824.21,2061.62,2144.92,1893.03" sx="M,M,M,M"/><TAIKYOKU oya="0"/><INIT seed="0,0,0,0,4,42" ten="250,250,250,250" oya="0" hai0="40,128,115,75,77,112,48,78,83,110,96,122,15" hai1="14,16,123,55,99,82,98,118,5,3,1,12,26" hai2="2,88,124,76,66,0,41,38,111,44,63,49,79" hai3="64,29,23,104,65,62,50,89,80,106,85,67,19"/><T46/><D122/><U17/><E123/><V21/><F111/><W35/><G35/><T72/><D128/><U34/><E118/><V47/><F124/><W36/><G36/><T11/><D96/><U61/><E82/><V60/><F21/><W125/><G125/><T69/><D69/><U56/><E14/><V94/><F63/><W6/><G6/><T105/><D105/><U45/><E17/><V25/><F25/><W108/><G108/><T51/><D51/><U133/><E133/><V116/><F116/><W107/><G29/><T27/><D27/><U18/><E18/><V13/><F13/><W119/><G119/><T32/><D32/><U129/><E129/><V54/><F2/><W126/><G126/><T20/><D20/><U92/><E5/><V114/><F114/><W10/><G10/><T90/><D90/><U86/><E86/><V84/><REACH who="2" step="1"/><F0/><REACH who="2" ten="250,250,240,250" step="2"/><W33/><G62/><T4/><D110/><U81/><E3/><V74/><F74/><W113/><G113/><T120/><D120/><U22/><E1/><V57/><AGARI ba="0,1" hai="38,41,44,47,49,54,57,60,66,76,79,84,88,94" machi="57" ten="20,12000,2" yaku="1,1,0,1,7,1,52,2,54,1,53,0" doraHai="42" doraHaiUra="103" who="2" fromWho="2" sc="250,-60,250,-30,240,130,250,-30" /><INIT seed="1,0,0,3,0,100" ten="190,220,370,220" oya="1" hai0="58,55,99,92,32,125,97,89,84,38,80,62,91" hai1="75,85,5,112,70,17,122,1,27,115,15,30,25" hai2="61,129,107,53,6,130,11,110,59,113,94,14,86" hai3="81,79,88,36,7,96,43,26,68,18,37,126,69"/><U127/><E70/><V22/><F110/><W73/><G126/><T8/><D38/><U66/><E75/><V111/><F111/><W82/><G7/><T13/><D32/><U121/><E66/><V123/><F123/><N who="1" m="47113" /><E85/><V33/><F113/><N who="1" m="43593" /><E127/><V76/><F33/><W31/><G18/><T119/><D119/><U52/><E30/><V16/><F107/><W65/><G65/><T93/><D125/><U24/><E52/><V56/><F56/><W104/><G69/><T71/><D71/><U132/><E132/><V90/><REACH who="2" step="1"/><F76/><REACH who="2" ten="190,220,360,220" step="2"/><W47/><G68/><T133/><D133/><U117/><E117/><V39/><F39/><W51/><G37/><T131/><D131/><U29/><E29/><V83/><F83/><W109/><G36/><T48/><D80/><U50/><E50/><V128/><F128/><W134/><G109/><T77/><D77/><U12/><E17/><V49/><F49/><W120/><G134/><T95/><D48/><U103/><E103/><V28/><F28/><W124/><G124/><T116/><D116/><U105/><E105/><V98/><F98/><N who="0" m="37386" /><D89/><U64/><E64/><V20/><F20/><W44/><G88/><T106/><D106/><U102/><E102/><V35/><F35/><W41/><G104/><T42/><D42/><U23/><E23/><V46/><F46/><W19/><G44/><T3/><D3/><AGARI ba="0,1" hai="3,6,11,14,16,22,53,59,61,86,90,94,129,130" machi="3" ten="40,5200,0" yaku="1,1,54,1,53,1" doraHai="100" doraHaiUra="34" who="2" fromWho="0" sc="190,-52,220,0,360,62,220,0" /><INIT seed="2,0,0,5,2,94" ten="138,220,422,220" oya="2" hai0="35,32,117,80,128,108,62,99,114,9,83,91,107" hai1="95,41,120,24,23,6,49,19,63,119,87,115,50" hai2="38,37,8,106,78,65,0,105,123,61,51,30,15" hai3="64,121,77,131,127,22,28,100,122,34,118,116,16"/><V98/><F123/><W134/><G100/><T46/><D114/><U33/><E119/><V60/><F0/><W130/><G77/><T4/><D117/><N who="3" m="45161" /><G64/><T26/><D128/><N who="3" m="49193" /><G134/><T40/><D108/><U47/><E33/><V71/><F30/><W43/><G43/><T18/><D62/><U132/><E115/><V45/><F78/><W42/><G42/><T88/><D40/><U124/><E124/><V73/><F73/><W27/><G127/><T25/><D46/><U74/><E6/><V69/><F106/><W31/><G31/><T92/><D107/><U89/><E120/><V113/><F113/><W82/><G82/><N who="0" m="31275" /><D32/><U12/><E63/><V90/><F61/><W20/><G20/><N who="0" m="13463" /><D35/><U59/><E74/><V104/><F104/><W97/><G97/><T14/><D26/><AGARI ba="0,0" hai="16,22,26,27,28,34,121,122" m="49193,45161" machi="26" ten="30,7700,0" yaku="19,1,34,2,54,1" doraHai="94" who="3" fromWho="0" sc="138,-77,220,0,422,0,220,77" /><INIT seed="3,0,0,5,0,40" ten="61,220,422,297" oya="3" hai0="84,49,56,95,34,97,42,18,74,82,83,110,35" hai1="29,33,112,128,32,59,113,51,10,4,48,121,50" hai2="14,7,60,103,73,68,47,38,80,105,27,98,43" hai3="78,31,122,116,131,24,135,21,9,62,132,77,125"/><W5/><G116/><T124/><D124/><U71/><E71/><V89/><F27/><W86/><G122/><T69/><D69/><U115/><E121/><V118/><F118/><W8/><G125/><T102/><D110/><U70/><E70/><V66/><F14/><W55/><G131/><T6/><D6/><U20/><E128/><V75/><REACH who="2" step="1"/><F7/><REACH who="2" ten="61,220,412,297" step="2"/><W91/><G5/><T37/><D37/><U3/><E112/><V100/><F100/><W13/><G13/><T36/><D36/><U30/><E113/><V123/><F123/><W99/><G135/><T23/><D74/><U107/><E115/><V39/><F39/><W46/><G132/><T28/><D28/><U88/><E30/><V52/><F52/><W85/><G8/><T61/><D35/><U67/><E32/><V94/><F94/><W41/><G9/><T76/><D34/><U101/><E33/><V65/><F65/><W79/><G55/><N who="0" m="33951" /><D83/><U17/><E29/><V90/><F90/><W54/><G54/><T114/><D114/><U104/><E88/><V93/><F93/><W26/><G26/><N who="0" m="14711" /><D42/><U45/><E101/><V134/><F134/><W119/><G119/><T109/><D109/><U120/><E120/><V0/><F0/><W12/><G12/><T57/><D57/><U2/><E2/><V1/><F1/><W96/><G41/><T58/><D58/><U92/><E92/><V81/><F81/><W106/><G31/><T22/><D22/><U44/><E59/><V72/><F72/><W117/><G21/><T15/><D15/><N who="1" m="9279" /><E67/><V130/><F130/><W108/><G117/><RYUUKYOKU ba="0,1" sc="61,10,220,10,412,10,297,-30" hai0="49,76,82,84,95,97,102" hai1="3,4,10,44,45,48,50,51,104,107" hai2="38,43,47,60,66,68,73,75,80,89,98,103,105" /><INIT seed="4,1,1,0,5,125" ten="71,230,422,267" oya="0" hai0="68,79,37,92,64,89,77,63,12,44,82,78,32" hai1="109,94,97,62,3,36,39,55,96,2,16,134,15" hai2="126,43,9,84,99,35,120,33,113,23,10,133,106" hai3="100,66,112,40,119,51,80,14,117,108,0,75,45"/><T52/><D32/><U38/><E109/><V6/><F133/><W13/><G0/><T102/><D102/><U74/><E134/><V67/><F120/><W34/><G34/><T61/><D12/><U72/><E62/><V122/><F113/><W91/><G100/><T29/><D29/><U1/><E55/><V21/><F43/><W73/><G66/><T131/><D131/><U116/><E116/><V17/><F106/><W53/><G112/><T69/><D37/><U59/><E59/><V87/><F99/><W57/><G108/><T101/><D101/><U11/><REACH who="1" step="1"/><E94/><REACH who="1" ten="71,220,422,267" step="2"/><V70/><F67/><W98/><G119/><T90/><D68/><U50/><E50/><V26/><F70/><W88/><G117/><T130/><D130/><U128/><E128/><V85/><F122/><W111/><G111/><T71/><D71/><U129/><E129/><V83/><F126/><W118/><G118/><T31/><D31/><U48/><E48/><V19/><F83/><W20/><G57/><N who="0" m="34983" /><D44/><U132/><E132/><V124/><F124/><W28/><G28/><T54/><D54/><U127/><E127/><V27/><F35/><W123/><G53/><T5/><D5/><U65/><E65/><V60/><F33/><W81/><G123/><T110/><D110/><U121/><E121/><V103/><F6/><W46/><G51/><T115/><D115/><U42/><E42/><V95/><F60/><W24/><G40/><T58/><D69/><U4/><E4/><V7/><F7/><W76/><G46/><T93/><D82/><U105/><E105/><V30/><F30/><RYUUKYOKU ba="1,2" sc="71,10,220,10,422,10,267,-30" hai0="58,63,64,77,78,79,89,90,92,93" hai1="1,2,3,11,15,16,36,38,39,72,74,96,97" hai2="9,10,17,19,21,23,26,27,84,85,87,95,103" /><INIT seed="4,2,2,5,3,128" ten="81,230,432,237" oya="0" hai0="74,91,19,66,70,58,103,84,111,6,83,98,27" hai1="26,28,77,94,92,102,43,100,81,90,67,65,89" hai2="101,21,25,33,127,45,126,64,52,2,124,5,113" hai3="44,119,41,15,13,59,51,31,63,110,106,1,76"/><T18/><D70/><U97/><E43/><V123/><F113/><W99/><G1/><T120/><D120/><U134/><E26/><V117/><F117/><W105/><G119/><T56/><D111/><U47/><E47/><V22/><F123/><W115/><G110/><T12/><D6/><U49/><E49/><N who="2" m="28719" /><F101/><N who="1" m="39017" /><E28/><N who="2" m="19599" /><F64/><W10/><G31/><T93/><D66/><U37/><E37/><V125/><F125/><W68/><G68/><T14/><D74/><N who="1" m="43191" /><E65/><V121/><F121/><W88/><G76/><T71/><D71/><U34/><E34/><V8/><AGARI ba="2,2" hai="2,5,8,21,22,124,126,127" m="19599,28719" machi="8" ten="40,2700,0" yaku="18,1,54,1" doraHai="128" who="2" fromWho="2" sc="81,-15,230,-9,432,53,237,-9" /><INIT seed="5,0,0,2,0,114" ten="66,221,485,228" oya="1" hai0="86,118,113,75,11,93,53,15,41,112,128,76,74" hai1="89,111,25,90,135,70,18,102,133,31,107,73,7" hai2="33,122,23,54,58,109,3,115,106,99,117,71,47" hai3="34,110,98,129,57,6,134,50,42,120,13,10,67"/><U8/><E73/><V9/><F117/><W79/><G34/><T95/><D41/><U27/><E70/><V61/><F109/><W116/><G120/><T88/><D53/><U17/><E107/><V124/><F124/><W103/><G110/><T87/><D15/><N who="1" m="5535" /><E102/><V28/><F115/><N who="0" m="44106" /><D11/><U63/><E63/><V45/><F122/><W125/><G125/><T44/><D44/><U43/><E90/><V108/><F108/><W48/><G134/><N who="1" m="51210" /><E89/><V16/><F71/><W5/><G5/><T56/><D56/><U2/><E43/><V131/><F61/><W64/><G129/><T96/><D128/><U84/><E84/><V46/><F131/><W36/><G36/><T19/><D19/><N who="1" m="7179" /><E111/><V37/><F37/><W105/><G79/><T52/><D52/><U97/><E97/><V26/><F99/><W69/><G69/><T39/><D39/><U22/><E2/><V1/><F1/><W24/><G42/><T66/><D66/><U119/><E25/><V0/><F0/><W100/><G67/><T126/><D126/><U30/><E30/><V91/><F54/><W80/><G64/><T12/><D12/><U20/><E20/><V38/><F38/><W78/><G13/><T51/><D51/><U35/><E35/><V60/><F33/><W62/><G50/><T101/><D86/><U130/><E130/><V68/><F3/><W59/><G48/><T4/><D4/><U83/><E22/><V55/><F68/><W81/><G6/><T92/><D92/><U82/><E27/><V21/><F21/><W123/><G24/><T72/><D76/><RYUUKYOKU ba="0,0" sc="66,30,221,-10,485,-10,228,-10" hai0="72,74,75,87,88,93,95,96,101,118" /><INIT seed="6,1,0,4,4,72" ten="96,211,475,218" oya="2" hai0="62,66,6,107,118,75,129,88,30,97,32,116,23" hai1="131,53,102,14,33,24,67,112,49,41,78,119,77" hai2="70,58,65,40,93,101,115,28,83,80,64,55,121" hai3="69,89,16,47,128,7,125,4,92,73,95,90,20"/><V61/><F115/><W126/><G69/><T9/><D32/><U105/><E119/><V134/><F134/><W111/><G73/><T2/><D129/><U113/><E41/><V59/><F121/><W114/><G111/><T43/><D43/><U35/><E131/><V81/><F70/><W48/><G128/><T15/><D75/><U8/><E67/><V130/><F28/><W85/><G114/><N who="1" m="44138" /><E102/><V74/><F74/><W34/><G34/><N who="1" m="12810" /><E24/><V109/><F109/><W104/><G104/><T36/><D36/><U51/><E105/><V100/><F40/><W13/><G126/><T29/><D107/><U26/><E26/><V39/><F39/><W46/><G125/><T56/><D23/><U54/><E49/><V94/><F130/><W42/><REACH who="3" step="1"/><G47/><REACH who="3" ten="96,211,475,208" step="2"/><T127/><D127/><U57/><E53/><V10/><F55/><W123/><G123/><T1/><D30/><U12/><E12/><V98/><F65/><W68/><G68/><T86/><D29/><U60/><E60/><V3/><F61/><W124/><G124/><T27/><D27/><U5/><AGARI ba="1,1" hai="5,8,14,51,54,57,77,78" m="12810,44138" machi="5" ten="30,4000,0" yaku="15,1,52,2" doraHai="72" who="1" fromWho="1" sc="96,-11,211,53,475,-21,208,-11" /><INIT seed="7,0,0,1,1,87" ten="85,264,454,197" oya="3" hai0="99,68,13,53,116,23,66,22,67,49,118,55,101" hai1="47,96,36,31,80,38,126,50,97,1,78,10,60" hai2="133,18,81,40,131,123,69,121,91,6,129,109,15" hai3="44,74,112,5,41,21,33,79,32,125,83,75,127"/><W24/><G5/><T104/><D68/><U92/><E31/><V82/><F109/><W88/><G112/><T19/><D49/><U35/><E126/><N who="3" m="48138" /><G75/><T51/><D51/><U59/><E97/><V30/><F133/><W11/><G11/><T52/><D19/><U20/><E35/><V71/><F123/><W14/><G14/><T65/><REACH who="0" step="1"/><D13/><REACH who="0" ten="75,264,454,197" step="2"/><U29/><E50/><V77/><F71/><W115/><G115/><T85/><D85/><U8/><E36/><V122/><F69/><W57/><G57/><T7/><D7/><U100/><E38/><V17/><F122/><W113/><G113/><T134/><D134/><U61/><E59/><V105/><F121/><W124/><G124/><T46/><D46/><U108/><E47/><V0/><F6/><W106/><G44/><T119/><AGARI ba="0,1" hai="22,23,52,53,55,65,66,67,99,101,104,116,118,119" machi="119" ten="40,8000,1" yaku="1,1,0,1,29,2,54,1,53,0" doraHai="87" doraHaiUra="70" who="0" fromWho="0" sc="75,90,264,-20,454,-20,197,-40" owari="165,-23.0,244,4.0,434,53.0,157,-34.0" /></mjloggm>