<mjloggm ver="2.3"><GO type="41" lobby="0"/><UN n0="%E2%93%9D%53%75%70%68%78" n1="%E8%88%B9%E8%B6%8A%E8%8B%B1%E4%B8%80%E9%83%8E" n2="%E5%90%8D%E5%89%8D%E3%81%8C%E8%A6%81%E3%82%8A%E3%81%BE%E3%81%9B%E3%82%93" n3="%63%65%72%63%69%6C%69%61" dan="18,16,14,15" rate="2093.88,2043.29,1944.41,2053.86" sx="M,M,M,F"/><TAIKYOKU oya="0"/><INIT seed="0,0,0,0,0,75" ten="250,250,250,250" oya="0" hai0="121,49,18,118,59,126,10,46,16,29,85,66,109" hai1="81,77,129,131,103,27,132,53,90,21,47,125,28" hai2="1,67,42,70,89,52,60,26,22,31,110,15,39" hai3="107,91,51,30,119,3,13,35,9,96,68,80,99"/><T12/><D118/><U57/><E125/><V93/><F1/><W20/><G68/><T100/><D121/><U7/><E132/><V8/><F110/><W87/><G119/><T135/><D135/><U78/><E103/><V43/><F39/><W116/><G107/><T112/><D112/><U62/><E7/><V123/><F123/><W76/><G35/><T36/><D36/><U6/><E6/><V11/><F11/><W134/><G134/><T23/><D126/><U50/><E90/><V106/><F106/><W115/><G115/><T95/><D29/><U2/><E2/><V128/><F128/><N who="1" m="49225" /><E81/><V114/><F114/><W58/><G3/><T64/><D59/><U104/><E104/><V108/><F108/><W92/><G99/><N who="0" m="59519" /><D85/><U56/><E56/><V102/><F102/><W127/><G127/><T133/><D109/><U69/><E69/><V74/><F74/><W111/><G116/><T54/><D133/><U55/><AGARI ba="0,0" hai="21,27,28,47,50,53,55,57,62,77,78" m="49225" machi="55" ten="30,4000,0" yaku="19,1,52,2" doraHai="75" who="1" fromWho="1" sc="250,-20,250,40,250,-10,250,-10" /><INIT seed="1,0,0,1,1,15" ten="230,290,240,240" oya="1" hai0="37,50,126,7,70,116,8,108,73,80,64,3,114" hai1="45,103,4,124,69,27,16,49,19,133,94,87,128" hai2="102,101,129,63,121,111,134,131,5,122,68,36,113" hai3="127,74,90,76,51,33,107,10,38,110,118,99,12"/><U98/><E69/><V100/><F36/><W135/><G51/><T105/><RYUUKYOKU type="yao9" ba="0,0" sc="230,0,290,0,240,0,240,0" hai0="3,7,8,37,50,64,70,73,80,105,108,114,116,126" /><INIT seed="1,1,0,3,2,134" ten="230,290,240,240" oya="1" hai0="7,90,30,107,131,63,86,84,69,40,0,60,96" hai1="115,24,133,117,50,41,45,43,109,74,46,91,18" hai2="130,55,116,1,27,120,111,106,17,36,13,122,114" hai3="100,59,9,56,77,81,71,110,8,76,37,29,22"/><U123/><E115/><V113/><F106/><W83/><G71/><T75/><D75/><U20/><E117/><V121/><F36/><W64/><G100/><T129/><D30/><U15/><E133/><V105/><F105/><W32/><G37/><T95/><D40/><U48/><E123/><V79/><F79/><W6/><G32/><T135/><D7/><U87/><E74/><V51/><F116/><W58/><G64/><T70/><D0/><U88/><E109/><V128/><F1/><W52/><G6/><T47/><D47/><U118/><E118/><V19/><F111/><W39/><G39/><T67/><D135/><U127/><E127/><V97/><F97/><W104/><G104/><T101/><D86/><U42/><E42/><V3/><F3/><W112/><G112/><N who="2" m="43113" /><F55/><W92/><G92/><T132/><D132/><U98/><E98/><V66/><F66/><AGARI ba="1,0" hai="60,63,66,67,69,70,84,90,95,96,101,107,129,131" machi="66" ten="40,1300,0" yaku="9,1" doraHai="134" who="0" fromWho="2" sc="230,16,290,0,240,-16,240,0" /><INIT seed="2,0,0,3,1,79" ten="246,290,224,240" oya="2" hai0="28,14,108,110,10,87,123,134,38,34,33,92,85" hai1="80,50,3,113,82,107,22,48,95,71,13,129,106" hai2="93,36,20,115,103,111,56,15,70,99,42,69,1" hai3="53,125,8,6,49,51,131,67,60,116,83,68,24"/><V25/><F1/><W46/><G125/><T26/><D38/><U77/><E113/><V102/><F115/><W11/><G131/><T130/><D123/><U12/><E3/><V45/><F111/><N who="0" m="42538" /><D134/><U44/><E129/><V59/><F103/><W37/><G37/><T18/><D130/><U128/><E128/><V96/><F96/><W7/><G24/><N who="0" m="18567" /><D92/><U57/><E71/><V54/><F15/><N who="1" m="5705" /><E107/><V29/><REACH who="2" step="1"/><F56/><REACH who="2" ten="246,290,214,240" step="2"/><W66/><G68/><T81/><D14/><U41/><E106/><V40/><F40/><W35/><G6/><T74/><D10/><U16/><E77/><V61/><AGARI ba="0,1" hai="20,25,29,36,42,45,54,59,61,69,70,93,99,102" machi="61" ten="20,7800,0" yaku="1,1,0,1,7,1,53,1" doraHai="79" doraHaiUra="17" who="2" fromWho="2" sc="246,-26,290,-26,214,88,240,-26" /><INIT seed="2,1,0,2,5,62" ten="220,264,302,214" oya="2" hai0="51,98,124,3,93,79,103,35,29,113,76,112,82" hai1="128,133,56,0,107,118,10,64,85,91,99,30,61" hai2="109,27,44,73,23,19,101,92,65,78,39,18,58" hai3="131,6,129,87,11,32,33,41,100,120,45,22,135"/><V43/><F109/><W28/><G120/><T72/><D3/><U102/><E133/><V69/><F69/><W52/><G135/><T88/><D35/><U26/><E128/><N who="3" m="49226" /><G100/><T55/><D29/><U130/><E130/><V16/><F78/><W125/><G125/><T123/><D51/><U108/><E108/><V116/><F116/><W68/><G68/><T126/><D55/><U84/><E118/><V34/><F34/><W67/><G67/><T90/><D79/><U114/><E114/><N who="0" m="44137" /><D123/><U7/><REACH who="1" step="1"/><E91/><AGARI ba="1,0" hai="72,76,82,88,90,91,93,98,103,124,126" m="44137" machi="91" ten="30,3900,0" yaku="34,2,54,1" doraHai="62" who="0" fromWho="1" sc="220,42,264,-42,302,0,214,0" /><INIT seed="3,0,0,3,1,65" ten="262,222,302,214" oya="3" hai0="63,101,86,122,54,8,6,66,69,95,24,114,78" hai1="70,50,4,56,19,22,21,14,71,62,117,79,121" hai2="83,107,85,9,43,36,10,33,97,123,124,104,52" hai3="111,94,18,49,74,55,59,120,28,76,67,96,7"/><W37/><G37/><T81/><D114/><U132/><E121/><V119/><F123/><W90/><G120/><T134/><D122/><U15/><E132/><V1/><F124/><W17/><G111/><T68/><D134/><U72/><E117/><V51/><F33/><W77/><G7/><T41/><D41/><U25/><E50/><V98/><F43/><W115/><G28/><T13/><D54/><U60/><E4/><V30/><F30/><W131/><G131/><T57/><REACH who="0" step="1"/><D24/><REACH who="0" ten="252,222,302,214" step="2"/><U23/><E25/><V29/><F119/><W12/><G115/><T11/><D11/><U108/><E108/><V93/><F10/><W0/><G67/><T26/><D26/><U110/><E110/><V133/><F133/><W109/><G109/><T45/><D45/><U38/><E38/><V44/><F36/><W116/><G116/><T127/><D127/><U39/><E39/><V5/><F29/><W126/><G126/><T112/><D112/><U113/><E113/><V130/><F130/><W42/><G42/><T16/><D16/><U3/><E19/><V2/><F2/><W34/><G0/><T20/><D20/><U32/><E3/><V27/><F27/><W84/><G34/><T106/><D106/><U80/><E32/><V48/><F107/><W87/><G17/><T92/><D92/><U88/><E22/><V35/><F104/><W75/><G12/><N who="1" m="4650" /><E21/><V53/><F35/><W103/><G18/><T125/><D125/><U135/><E23/><V61/><F93/><W73/><G103/><T64/><D64/><U40/><E135/><V31/><F31/><RYUUKYOKU ba="0,1" sc="252,15,222,-15,302,-15,214,15" hai0="6,8,13,57,63,66,68,69,78,81,86,95,101" hai3="49,55,59,73,74,75,76,77,84,87,90,94,96" /><INIT seed="3,1,1,1,5,81" ten="267,207,287,229" oya="3" hai0="0,84,117,135,21,52,37,62,50,88,13,98,109" hai1="14,125,19,24,113,6,124,112,122,72,130,17,5" hai2="39,43,20,92,12,65,68,28,9,128,40,73,110" hai3="4,90,86,15,42,22,33,132,82,41,45,32,108"/><W97/><G132/><T100/><D37/><U1/><E72/><V115/><F115/><N who="1" m="44105" /><E122/><V104/><F104/><W99/><G42/><T61/><D0/><U8/><E130/><V30/><F128/><W10/><G108/><T87/><D117/><U63/><E63/><N who="0" m="24073" /><D100/><U71/><E71/><V23/><F65/><W35/><REACH who="3" step="1"/><G22/><REACH who="3" ten="267,207,287,219" step="2"/><T70/><D109/><U55/><E55/><V93/><F23/><W34/><N who="3" m="8192" /><DORA hai="121" /><W123/><G123/><T91/><D135/><U7/><E1/><V114/><F20/><AGARI ba="1,2" hai="5,6,7,8,14,17,19,20,24,124,125" m="44105" machi="20" ten="40,2600,0" yaku="34,2" doraHai="81,121" who="1" fromWho="2" sc="267,0,207,49,287,-29,219,0" /><INIT seed="4,0,0,0,1,56" ten="267,256,258,219" oya="0" hai0="42,83,7,13,117,74,80,40,129,26,45,27,61" hai1="123,122,69,11,78,73,28,0,84,130,10,53,8" hai2="52,91,25,135,14,134,85,29,115,16,88,93,126" hai3="63,37,46,68,81,22,101,70,90,100,31,109,57"/><T102/><D117/><U75/><E0/><V108/><F108/><W98/><G109/><T55/><D129/><U66/><E130/><V19/><F115/><W54/><G37/><T23/><D102/><U125/><E125/><V86/><F126/><W43/><G70/><T79/><D83/><U133/><E28/><V65/><F65/><W76/><G68/><T21/><D7/><U111/><E111/><V105/><F105/><W118/><G118/><T131/><D13/><U20/><E20/><V32/><F52/><W9/><G9/><T58/><D131/><U48/><E133/><V17/><REACH who="2" step="1"/><F14/><REACH who="2" ten="267,256,248,219" step="2"/><W2/><G2/><T127/><D127/><U15/><E53/><V50/><F50/><W64/><G54/><T121/><D121/><U41/><E48/><V12/><F12/><W72/><G43/><T87/><D74/><U67/><E41/><V96/><F96/><W4/><G98/><T36/><REACH who="0" step="1"/><D42/><REACH who="0" ten="257,256,248,219" step="2"/><U62/><E15/><V132/><F132/><W5/><G72/><T3/><D3/><U44/><E75/><V59/><F59/><W24/><G57/><T71/><D71/><U39/><E73/><V112/><F112/><W33/><G4/><T49/><D49/><U120/><E120/><V38/><F38/><W6/><G5/><T92/><D92/><AGARI ba="0,2" hai="16,17,19,25,29,32,85,86,88,91,92,93,134,135" machi="92" ten="40,8000,1" yaku="1,1,9,1,54,2,53,0" doraHai="56" doraHaiUra="119" who="2" fromWho="0" sc="257,-80,256,0,248,100,219,0" /><INIT seed="5,0,0,4,5,71" ten="177,256,348,219" oya="1" hai0="93,20,4,8,40,122,125,52,10,73,109,36,112" hai1="46,9,31,16,42,5,22,55,17,19,113,6,103" hai2="130,56,79,69,129,60,66,53,44,58,1,102,61" hai3="84,33,75,76,83,108,100,99,48,14,115,104,24"/><U81/><E113/><V87/><F1/><W95/><G108/><T23/><D109/><U49/><E103/><V57/><F102/><W34/><G115/><T30/><D112/><U41/><E81/><V131/><F87/><W68/><G68/><T50/><D73/><U18/><E31/><V123/><F79/><W7/><G24/><T128/><D128/><U91/><E91/><V85/><F85/><W114/><G114/><T132/><D132/><U45/><E9/><V65/><F123/><W124/><G124/><T111/><D111/><U107/><E107/><V90/><F90/><N who="3" m="53703" /><G48/><AGARI ba="0,0" hai="44,48,53,56,57,58,60,61,65,66,69,129,130,131" machi="48" ten="40,8000,1" yaku="19,1,34,3" doraHai="71" who="2" fromWho="3" sc="177,0,256,0,348,80,219,-80" /><INIT seed="6,0,0,4,3,40" ten="177,256,428,139" oya="2" hai0="3,8,26,48,58,119,125,55,115,117,18,44,98" hai1="13,59,9,67,61,51,74,29,83,78,134,81,30" hai2="28,112,32,6,41,27,104,99,43,101,52,133,116" hai3="77,105,49,124,22,87,102,0,12,17,23,89,79"/><V53/><F116/><N who="0" m="44618" /><D115/><U97/><E134/><V34/><F133/><W50/><G0/><T135/><D135/><U103/><E83/><V65/><F112/><W121/><G124/><T93/><D125/><U37/><E37/><V25/><F65/><W69/><G69/><T95/><D98/><U122/><E51/><V91/><F6/><W106/><G121/><T73/><D73/><U70/><E70/><V16/><F91/><W118/><G118/><T94/><D26/><U19/><E122/><V132/><F132/><W31/><G105/><AGARI ba="0,0" hai="9,13,19,29,30,59,61,67,74,78,81,97,103,105" machi="105" ten="30,1000,0" yaku="7,1" doraHai="40" who="1" fromWho="3" sc="177,0,256,10,428,0,139,-10" /><INIT seed="7,0,0,3,5,12" ten="177,266,428,129" oya="3" hai0="81,118,52,80,39,43,70,116,111,7,69,100,35" hai1="87,19,27,29,55,86,84,31,97,22,101,54,79" hai2="26,9,88,105,128,131,10,122,130,42,37,103,89" hai3="64,53,33,58,25,16,18,98,59,13,57,113,120"/><W23/><G120/><T132/><D35/><U110/><E110/><V6/><F122/><W14/><G113/><T107/><D7/><U48/><E79/><V129/><F129/><W73/><G73/><T62/><D100/><U65/><E65/><V123/><F123/><W126/><G126/><T124/><D81/><U95/><E55/><V49/><F37/><W78/><G78/><T93/><D93/><U44/><AGARI ba="0,0" hai="19,22,27,29,31,44,48,54,84,86,87,95,97,101" machi="44" ten="30,4000,0" yaku="0,1,8,1,52,1" doraHai="12" who="1" fromWho="1" sc="177,-10,266,40,428,-10,129,-20" owari="167,-23.0,306,11.0,418,51.0,109,-39.0" /></mjloggm>