<mjloggm ver="2.3"><GO type="41" lobby="0"/><UN n0="%50%4F%4E%4A%49%4D%41" n1="%E2%93%9D%53%75%70%68%78" n2="%E3%81%AB%E3%81%AE%31%30%32%36" n3="%E5%86%AC%E5%9D%82%E4%BA%94%E7%99%BE%E9%87%8C" dan="14,17,13,15" rate="1874.83,2044.06,1881.62,2065.41" sx="M,M,M,F"/><TAIKYOKU oya="0"/><INIT seed="0,0,0,3,5,54" ten="250,250,250,250" oya="0" hai0="86,23,57,70,121,58,30,128,3,101,17,98,26" hai1="112,71,89,100,37,27,84,60,92,13,81,114,132" hai2="102,80,130,129,39,87,103,99,106,32,105,64,97" hai3="43,24,93,108,127,117,116,96,5,95,67,16,48"/><T113/><D121/><U94/><E37/><V124/><F39/><W53/><G108/><T56/><D113/><N who="1" m="43627" /><E13/><V25/><F64/><W22/><G127/><T90/><D3/><U134/><E27/><V85/><F25/><W10/><G43/><T8/><D70/><U125/><E60/><V15/><F15/><W59/><G67/><T38/><D38/><U82/><E71/><V44/><F44/><W133/><G133/><N who="1" m="51306" /><E125/><V29/><F29/><W46/><G93/><N who="0" m="58575" /><D128/><N who="2" m="49258" /><F32/><W40/><G10/><T110/><D110/><U51/><E51/><V20/><F20/><W107/><G107/><N who="2" m="40969" /><F124/><W78/><G5/><T0/><D0/><U83/><E94/><N who="2" m="58679" /><F80/><W72/><G40/><T79/><D79/><N who="1" m="46143" /><E100/><V6/><F6/><W41/><G41/><T47/><D47/><U21/><E21/><V76/><F76/><W109/><G46/><T135/><D135/><U66/><E66/><V126/><F126/><W42/><G42/><T52/><D8/><U68/><E68/><V11/><F11/><W4/><G4/><T120/><D120/><U91/><E91/><V115/><F115/><W69/><G69/><T131/><D131/><U49/><E49/><V1/><F1/><W31/><G31/><T123/><D123/><U62/><E62/><V111/><F111/><W7/><G7/><T63/><D30/><U34/><E34/><V33/><F33/><W61/><G48/><T118/><D118/><U77/><E77/><V104/><AGARI ba="0,0" hai="85,87,99,103,104" m="58679,40969,49258" machi="104" ten="30,4000,0" yaku="19,1,34,2" doraHai="54" who="2" fromWho="2" sc="250,-20,250,-10,250,40,250,-10" /><INIT seed="1,0,0,3,0,29" ten="230,240,290,240" oya="1" hai0="117,36,2,60,43,113,9,74,116,17,7,40,73" hai1="127,22,128,103,57,90,72,91,31,63,130,87,33" hai2="124,18,12,107,76,59,75,62,119,106,92,84,28" hai3="39,42,134,110,89,120,66,44,51,82,21,16,104"/><U15/><E72/><V32/><F119/><W4/><G120/><T64/><D117/><U53/><E103/><V94/><F124/><W81/><G104/><T23/><D116/><U1/><E1/><V47/><F75/><W61/><G110/><T35/><D35/><U100/><E100/><V101/><F32/><W46/><G134/><T49/><D36/><U135/><E127/><V125/><F28/><W133/><G133/><T11/><D11/><U122/><E122/><V5/><F5/><W86/><G4/><T45/><D113/><U112/><E112/><V6/><F6/><W85/><G39/><T38/><D43/><U132/><E91/><V3/><F47/><W97/><G44/><T131/><D131/><N who="1" m="50219" /><E22/><V67/><F3/><W30/><G97/><T26/><REACH who="0" step="1"/><D38/><REACH who="0" ten="220,240,290,240" step="2"/><U108/><E108/><V111/><F111/><W55/><G42/><T77/><D77/><U80/><E15/><V0/><F0/><W121/><G121/><T24/><D24/><AGARI ba="0,1" hai="24,31,33,53,57,63,80,87,90,132,135" m="50219" machi="24" ten="30,2900,0" yaku="19,1,52,1" doraHai="29" who="1" fromWho="0" sc="220,-29,240,39,290,0,240,0" /><INIT seed="1,1,0,4,1,110" ten="191,279,290,240" oya="1" hai0="90,81,55,82,85,71,48,124,115,45,43,38,2" hai1="109,101,57,31,70,131,103,108,4,134,61,114,77" hai2="1,102,66,79,32,10,122,74,30,93,87,46,25" hai3="52,123,135,75,62,22,0,56,40,92,80,100,64"/><U29/><E70/><V15/><F122/><W17/><G123/><T65/><D2/><U121/><E121/><V63/><F74/><W18/><G0/><T86/><D124/><U111/><E131/><V13/><F1/><W125/><G125/><T14/><D14/><U133/><E77/><V118/><F118/><W69/><G135/><N who="1" m="51722" /><E4/><V105/><F105/><W49/><G75/><T54/><D54/><N who="1" m="33975" /><E114/><V98/><F46/><W19/><G80/><T60/><D115/><U59/><E59/><V117/><F10/><W128/><G128/><T129/><D129/><U132/><E132/><V6/><F6/><W91/><G100/><AGARI ba="1,0" hai="29,31,100,101,103,108,109,111" m="33975,51722" machi="100" ten="40,7700,0" yaku="14,1,10,1,20,1" doraHai="110" who="1" fromWho="3" sc="191,0,279,80,290,0,240,-80" /><INIT seed="1,2,0,5,1,38" ten="191,359,290,160" oya="1" hai0="98,51,33,100,122,8,53,4,50,84,15,67,92" hai1="14,1,118,55,123,49,81,29,25,129,18,131,46" hai2="45,68,76,35,57,20,40,9,48,111,108,87,22" hai3="80,74,77,113,41,54,105,112,66,97,126,91,71"/><U42/><E1/><V119/><F119/><W83/><G54/><T43/><D122/><U125/><E118/><V24/><F68/><W103/><G41/><T102/><D33/><U75/><E125/><V13/><F35/><W88/><G126/><T59/><D67/><U110/><E123/><V114/><F114/><N who="3" m="44139" /><G71/><T128/><D128/><N who="1" m="49227" /><E110/><N who="2" m="42027" /><F57/><W107/><G66/><T90/><REACH who="0" step="1"/><D98/><REACH who="0" ten="181,359,290,160" step="2"/><U121/><E121/><V19/><F24/><W11/><G11/><T130/><D130/><U34/><E25/><V39/><F39/><W135/><G135/><T52/><D52/><U132/><E55/><V31/><F31/><W58/><G58/><T89/><D89/><N who="3" m="34377" /><G80/><AGARI ba="2,1" hai="9,13,19,20,22,40,45,48,76,80,87" m="42027" machi="80" ten="30,2000,0" yaku="14,1,52,1" doraHai="38" who="2" fromWho="3" sc="181,0,359,0,290,36,160,-26" /><INIT seed="2,0,0,0,3,78" ten="181,359,326,134" oya="2" hai0="35,34,50,15,104,99,127,62,58,49,70,103,134" hai1="111,39,69,54,79,135,96,128,100,107,122,120,28" hai2="31,88,17,2,43,68,42,60,29,73,75,4,52" hai3="119,115,86,129,53,10,25,112,83,46,59,8,132"/><V37/><F68/><W12/><G119/><T11/><D127/><U66/><E111/><V101/><F101/><W16/><G129/><T63/><D134/><U1/><E54/><V20/><F4/><W113/><G132/><T89/><D34/><U106/><E135/><V45/><F2/><W38/><G25/><T74/><D74/><U80/><E39/><V77/><F73/><W40/><G8/><T19/><D35/><U71/><E107/><V51/><F37/><W126/><G126/><T41/><D41/><N who="2" m="15370" /><F77/><W55/><REACH who="3" step="1"/><G59/><REACH who="3" ten="181,359,326,124" step="2"/><T27/><D27/><U64/><E128/><V94/><F60/><W97/><G97/><T44/><D63/><U121/><E71/><V109/><F109/><W3/><G3/><T67/><D70/><U76/><E1/><V131/><F131/><W117/><G117/><T95/><REACH who="0" step="1"/><D44/><REACH who="0" ten="171,359,326,124" step="2"/><U30/><E69/><V6/><F75/><W5/><G5/><T123/><D123/><U90/><E122/><V24/><F6/><W61/><G61/><T85/><AGARI ba="0,2" hai="11,15,19,49,50,58,62,67,85,89,95,99,103,104" machi="85" ten="20,2700,0" yaku="1,1,0,1,7,1,53,0" doraHai="78" doraHaiUra="130" who="0" fromWho="0" sc="171,47,359,-7,326,-13,124,-7" /><INIT seed="3,0,0,1,2,80" ten="218,352,313,117" oya="3" hai0="82,20,11,3,112,31,5,53,92,0,23,81,101" hai1="71,54,111,70,96,39,41,110,56,19,118,85,126" hai2="1,123,25,42,100,128,47,87,88,13,10,95,34" hai3="89,35,64,84,18,30,51,119,134,99,91,90,132"/><W106/><G18/><T76/><D112/><U49/><E96/><V44/><F1/><W9/><G9/><T78/><D3/><U21/><E126/><V120/><F128/><W38/><G38/><T125/><D125/><U75/><E75/><V65/><F100/><N who="3" m="62751" /><G51/><T12/><D53/><U104/><E118/><V43/><F65/><W24/><G119/><T55/><D55/><U6/><E6/><V15/><F25/><W93/><G64/><T46/><D46/><N who="2" m="17450" /><F34/><W86/><G30/><T2/><D101/><U74/><E74/><V8/><F123/><W103/><G24/><T61/><D61/><U72/><E72/><V94/><F94/><W58/><G58/><T130/><D92/><U122/><E56/><V27/><F27/><W62/><G62/><T7/><D130/><U108/><E122/><V107/><F107/><W133/><G35/><T116/><D116/><U102/><E104/><V68/><F68/><W66/><G66/><T48/><D48/><U98/><E71/><V63/><F63/><W131/><G131/><T114/><D31/><U124/><E124/><V67/><F67/><W37/><G37/><T52/><D52/><U79/><E39/><V129/><F129/><W28/><G28/><T105/><D11/><N who="2" m="4138" /><F120/><W45/><G45/><T117/><D117/><U109/><E109/><V127/><F127/><W59/><G59/><T113/><D105/><U69/><E69/><V22/><F22/><W40/><G40/><AGARI ba="0,0" hai="13,15,40,42,43,87,88,95" m="4138,17450" machi="40" ten="30,3900,0" yaku="8,1,52,1,54,1" doraHai="80" who="2" fromWho="3" sc="218,0,352,0,313,39,117,-39" /><INIT seed="4,0,0,2,3,10" ten="218,352,352,78" oya="0" hai0="115,41,126,102,134,45,65,78,29,88,48,123,132" hai1="127,73,23,122,21,60,100,13,114,33,97,56,107" hai2="135,86,112,67,129,5,7,77,49,3,106,85,125" hai3="113,83,80,52,90,36,120,72,89,18,111,118,76"/><T133/><D123/><U11/><E122/><V6/><F112/><W131/><G120/><T47/><D115/><U92/><E33/><V8/><F106/><W79/><G113/><T94/><D102/><U105/><E73/><V32/><F32/><W119/><G36/><T68/><D126/><U116/><E116/><V26/><F135/><W40/><G40/><T9/><D78/><U62/><E62/><V27/><F129/><W19/><G131/><T121/><D121/><U61/><E61/><V128/><F125/><W28/><G72/><T20/><D9/><U95/><E107/><V39/><F39/><W124/><G124/><T104/><D104/><U37/><E37/><V110/><F110/><W81/><G81/><T1/><D1/><U63/><E63/><V4/><F67/><W38/><G38/><T93/><D93/><U101/><E114/><V58/><F128/><W70/><G111/><T42/><D65/><N who="1" m="39047" /><E105/><V59/><F59/><W54/><REACH who="3" step="1"/><G28/><REACH who="3" ten="218,352,352,68" step="2"/><T82/><D82/><U35/><E127/><V69/><F69/><AGARI ba="0,1" hai="18,19,52,54,69,70,76,79,80,83,89,90,118,119" machi="69" ten="25,8000,1" yaku="1,1,2,1,22,2,54,1,53,0" doraHai="10" doraHaiUra="30" who="3" fromWho="2" sc="218,0,352,0,352,-80,68,90" /><INIT seed="5,0,0,5,4,130" ten="218,352,272,158" oya="1" hai0="22,50,21,34,25,28,23,49,58,63,57,67,93" hai1="128,81,132,36,124,99,103,79,133,69,62,15,30" hai2="77,111,134,65,35,126,19,46,6,84,27,97,40" hai3="88,75,5,39,70,123,64,33,90,54,73,11,122"/><U135/><E128/><V82/><F111/><W105/><G33/><T71/><D49/><U41/><E124/><V8/><F134/><W53/><G39/><T101/><D50/><U113/><E113/><V14/><F126/><W85/><G105/><T66/><D67/><U92/><E30/><V72/><F65/><W89/><G64/><T29/><D28/><U45/><E15/><V55/><F55/><W112/><G112/><T110/><D110/><U48/><E62/><V86/><F97/><W119/><G70/><T127/><D127/><U91/><E69/><V9/><F35/><W98/><G98/><T47/><D47/><U120/><E120/><N who="3" m="46122" /><G85/><T116/><D116/><U83/><E36/><N who="2" m="21767" /><F27/><W4/><G11/><T76/><D76/><U2/><E2/><AGARI ba="0,0" hai="2,6,8,9,14,19,72,77,82,84,86" m="21767" machi="2" ten="30,1000,0" yaku="25,1" doraHai="130" who="2" fromWho="1" sc="218,0,352,-10,272,10,158,0" /><INIT seed="6,0,0,4,5,85" ten="218,342,282,158" oya="2" hai0="121,116,120,56,81,111,33,134,5,88,4,1,74" hai1="12,113,11,67,135,31,83,2,89,24,91,28,117" hai2="77,133,55,60,99,40,132,41,78,54,103,114,59" hai3="17,47,90,62,104,44,27,3,123,38,129,71,63"/><V130/><F114/><W34/><G123/><T125/><D33/><U45/><E2/><V6/><F6/><W110/><G110/><T65/><D134/><N who="2" m="51818" /><F130/><W69/><G3/><T102/><D125/><U97/><E117/><V86/><F55/><W8/><G129/><T57/><D102/><U61/><E45/><V75/><F75/><W16/><G34/><T50/><D116/><U82/><E113/><V30/><F30/><W0/><G0/><T66/><D111/><U101/><E31/><V80/><F78/><W127/><G127/><T124/><D124/><U64/><E64/><V72/><F72/><W19/><G104/><AGARI ba="0,0" hai="40,41,54,59,60,77,80,86,99,103,104" m="51818" machi="104" ten="30,1500,0" yaku="20,1" doraHai="85" who="2" fromWho="3" sc="218,0,342,0,282,15,158,-15" /><INIT seed="6,1,0,4,3,74" ten="218,342,297,143" oya="2" hai0="112,17,101,47,102,40,56,7,9,52,108,106,61" hai1="1,122,68,133,43,41,114,11,111,86,49,25,6" hai2="83,117,10,65,82,72,53,94,15,118,103,2,21" hai3="124,14,28,31,5,67,12,107,129,64,59,131,39"/><V62/><F53/><W54/><G107/><T13/><D112/><U116/><E111/><V48/><F48/><W126/><G54/><T113/><D113/><U78/><E116/><V99/><F83/><W128/><G59/><T27/><D108/><U3/><E133/><V16/><F2/><W104/><G104/><T66/><D106/><U36/><E68/><V71/><REACH who="2" step="1"/><F10/><REACH who="2" ten="218,342,287,143" step="2"/><W115/><G115/><T93/><D40/><U20/><E3/><V89/><F89/><W80/><G80/><T19/><D102/><U121/><E114/><V76/><AGARI ba="1,1" hai="15,16,21,62,65,71,72,76,82,94,99,103,117,118" machi="76" ten="30,12000,1" yaku="1,1,0,1,52,1,54,1,53,1" doraHai="74" doraHaiUra="95" who="2" fromWho="2" sc="218,-41,342,-41,287,133,143,-41" /><INIT seed="6,2,0,1,3,14" ten="177,301,420,102" oya="2" hai0="126,37,103,81,83,133,68,97,58,91,1,31,80" hai1="9,45,135,79,59,63,60,67,27,42,94,125,29" hai2="34,62,49,64,88,36,113,43,38,131,39,86,61" hai3="105,93,30,128,115,6,11,22,132,7,95,124,70"/><V85/><F34/><W19/><G70/><T48/><D68/><U47/><E135/><V23/><F113/><W3/><G132/><T108/><D1/><U134/><E134/><V92/><F131/><W119/><G119/><T50/><D37/><U35/><E125/><V24/><F49/><W55/><G124/><T101/><D126/><U123/><E79/><V96/><F43/><W74/><G128/><T127/><D133/><U73/><E73/><V87/><REACH who="2" step="1"/><F64/><REACH who="2" ten="177,301,410,102" step="2"/><W46/><G115/><T44/><D127/><U18/><E42/><V100/><F100/><W4/><G55/><T129/><D103/><U130/><E67/><V25/><F25/><W75/><G3/><T51/><D129/><U16/><E130/><V112/><F112/><W28/><G74/><T20/><D101/><U41/><E41/><V98/><F98/><W120/><G75/><T114/><D114/><U17/><E63/><V56/><F56/><W65/><G65/><T117/><D58/><U89/><E123/><V99/><F99/><W72/><G120/><T111/><D97/><U121/><E121/><V78/><F78/><W66/><G72/><T32/><D32/><U76/><E76/><V110/><F110/><W2/><G66/><T122/><D122/><U54/><REACH who="1" step="1"/><E9/><REACH who="1" ten="177,291,410,102" step="2"/><V12/><F12/><W84/><G11/><T106/><D111/><U116/><E116/><V0/><F0/><W8/><G2/><T33/><D117/><U118/><E118/><V69/><F69/><W53/><G8/><T15/><D108/><U90/><E90/><V10/><F10/><W40/><G40/><RYUUKYOKU ba="2,2" sc="177,-15,291,15,410,15,102,-15" hai1="16,17,18,27,29,35,45,47,54,59,60,89,94" hai2="23,24,36,38,39,61,62,85,86,87,88,92,96" /><INIT seed="6,3,2,0,5,48" ten="162,306,425,87" oya="2" hai0="22,21,25,14,121,87,19,61,115,60,111,62,97" hai1="108,8,135,59,69,128,106,131,38,109,95,132,32" hai2="67,68,36,20,123,45,56,42,9,79,54,40,63" hai3="35,23,3,90,66,31,82,84,83,0,33,120,93"/><V5/><F123/><W39/><G120/><T92/><D121/><U129/><E106/><V47/><F20/><W16/><G39/><T11/><D111/><N who="1" m="42571" /><E95/><V88/><F79/><W86/><G66/><T94/><D115/><U41/><E32/><V2/><F88/><W24/><G33/><T99/><D87/><U37/><E69/><V130/><F130/><W73/><G73/><T75/><D75/><U101/><E101/><V15/><F45/><W7/><G7/><T65/><D21/><U100/><E100/><V17/><F42/><W110/><G110/><T30/><D65/><U28/><E28/><V103/><F103/><W74/><G74/><T107/><D107/><U133/><E8/><V102/><F102/><W57/><G57/><T80/><D80/><U114/><E114/><V43/><F43/><W122/><G122/><T53/><D94/><U4/><E4/><V112/><F112/><W72/><G72/><T96/><D96/><U89/><E89/><V12/><F17/><W46/><G46/><T6/><D92/><U78/><E78/><V105/><F105/><W44/><G44/><T113/><D113/><U91/><E91/><V127/><F127/><W77/><REACH who="3" step="1"/><G93/><REACH who="3" ten="162,306,425,77" step="2"/><T71/><D71/><U85/><E131/><V118/><REACH who="2" step="1"/><F118/><REACH who="2" ten="162,306,415,77" step="2"/><W104/><G104/><T64/><D64/><U124/><E129/><V13/><F13/><AGARI ba="3,4" hai="0,3,13,16,23,24,31,35,77,82,83,84,86,90" machi="13" ten="30,3900,0" yaku="1,1,7,1,54,1,53,0" doraHai="48" doraHaiUra="1" who="3" fromWho="2" sc="162,0,306,0,415,-48,77,88" /><INIT seed="7,0,0,3,1,53" ten="162,306,367,165" oya="3" hai0="28,49,11,92,79,66,59,87,25,40,12,94,84" hai1="30,20,61,31,121,21,110,67,33,16,63,47,2" hai2="72,6,80,117,88,41,24,95,122,18,85,64,70" hai3="74,131,42,46,27,13,104,37,69,102,51,90,4"/><W23/><G69/><T22/><D40/><U57/><E110/><V91/><F117/><W43/><G74/><T77/><D87/><U60/><E33/><V48/><F122/><W56/><G131/><T98/><D84/><U81/><E2/><V32/><F6/><W125/><G125/><T112/><D112/><U45/><E121/><V65/><F70/><W99/><G90/><T108/><D108/><U126/><E126/><V109/><F32/><W14/><G4/><T39/><D39/><U0/><E0/><V130/><F72/><W96/><G96/><T127/><D127/><U29/><E21/><N who="2" m="13367" /><F130/><W82/><G82/><T100/><D92/><U19/><E19/><V105/><F105/><W62/><G42/><T132/><D132/><U76/><E81/><V7/><F7/><W134/><G37/><T75/><D75/><U114/><E76/><V71/><F71/><W8/><G8/><T120/><D120/><U123/><E114/><V118/><F118/><W89/><G89/><T83/><D83/><U113/><E113/><V115/><F109/><W124/><G134/><T135/><D135/><U111/><E123/><V93/><F115/><W35/><G35/><T10/><D10/><U3/><E3/><V73/><F73/><W17/><REACH who="3" step="1"/><G124/><REACH who="3" ten="162,306,367,155" step="2"/><T1/><D1/><U5/><E111/><V34/><F34/><W103/><G103/><T116/><D116/><U133/><E133/><V9/><F9/><W78/><G78/><T54/><D66/><AGARI ba="0,1" hai="13,14,17,23,27,43,46,51,56,62,66,99,102,104" machi="66" ten="30,5800,0" yaku="1,1,7,1,52,1,53,0" doraHai="53" doraHaiUra="68" who="3" fromWho="0" sc="162,-58,306,0,367,0,155,68" /><INIT seed="7,1,0,0,2,120" ten="104,306,367,223" oya="3" hai0="87,90,93,131,49,123,105,31,55,48,75,129,102" hai1="61,65,27,134,10,124,1,85,71,133,7,36,79" hai2="83,96,14,91,68,35,40,43,39,46,62,59,11" hai3="125,76,121,81,8,107,72,82,86,67,115,73,122"/><W50/><BYE who="2" /><G67/><T77/><D31/><U132/><E36/><V0/><F0/><W95/><G8/><T80/><D49/><U42/><E42/><V130/><F130/><W89/><G115/><T15/><D15/><U47/><E47/><V56/><F56/><W4/><G4/><UN n2="%E3%81%AB%E3%81%AE%31%30%32%36" /><T104/><D55/><U57/><E124/><V128/><F35/><W52/><G107/><T54/><D54/><U41/><E41/><V99/><F68/><W127/><G127/><T126/><D48/><U26/><REACH who="1" step="1"/><E71/><REACH who="1" ten="104,296,367,223" step="2"/><V30/><F40/><W38/><G38/><T64/><D126/><U78/><E78/><V101/><F39/><W37/><G37/><T66/><D123/><U97/><E97/><V5/><F99/><W108/><G125/><T109/><D64/><U24/><E24/><V18/><F46/><W33/><G33/><T98/><D66/><U69/><E69/><V113/><F43/><W17/><G17/><T16/><D16/><U32/><E32/><V25/><F30/><W92/><G121/><T117/><D117/><U9/><E9/><V20/><F96/><W106/><G122/><T114/><D114/><U23/><E23/><V34/><F113/><W28/><G28/><T63/><D63/><U21/><E21/><V94/><F20/><W13/><G50/><T111/><REACH who="0" step="1"/><D105/><REACH who="0" ten="94,296,367,223" step="2"/><U22/><E22/><V118/><F18/><W84/><G13/><T116/><D116/><U74/><E74/><N who="3" m="28778" /><G52/><T135/><D135/><U88/><E88/><V112/><F112/><W100/><G106/><T3/><D3/><U51/><E51/><V58/><F11/><RYUUKYOKU ba="1,2" sc="94,15,296,15,367,-15,223,-15" hai0="75,77,80,87,90,93,98,102,104,109,111,129,131" hai1="1,7,10,26,27,57,61,65,79,85,132,133,134" owari="109,-39.0,311,11.0,372,47.0,208,-19.0" /></mjloggm>