<mjloggm ver="2.3"><GO type="41" lobby="0"/><UN n0="%72%69%6E%68%61%6E%61" n1="%59%6F%75%72%61" n2="%E3%81%AD%E3%83%BC%E3%81%BD%E3%82%93" n3="%E2%93%9D%53%75%70%68%78" dan="15,14,13,18" rate="2048.24,1907.07,1903.62,2136.32" sx="M,F,M,M"/><TAIKYOKU oya="0"/><INIT seed="0,0,0,2,2,75" ten="250,250,250,250" oya="0" hai0="91,16,125,41,62,21,54,100,71,2,8,55,50" hai1="43,74,52,132,56,39,72,122,24,53,6,33,45" hai2="106,80,103,84,107,119,37,126,102,133,134,28,109" hai3="131,66,86,68,25,30,111,32,70,82,81,124,22"/><T14/><D125/><U67/><E122/><V128/><F37/><W29/><G111/><T112/><D112/><U65/><E6/><V5/><F5/><W0/><G0/><T38/><D38/><U121/><E121/><V101/><F28/><W94/><G131/><T99/><D91/><U88/><E132/><N who="2" m="50795" /><F126/><W114/><G66/><T79/><D79/><U73/><E53/><V3/><F3/><W69/><G114/><T9/><D41/><U135/><E135/><V7/><F7/><W48/><G124/><T42/><D42/><U115/><E115/><V93/><F119/><W64/><G64/><T17/><D2/><U63/><REACH who="1" step="1"/><E88/><REACH who="1" ten="250,240,250,250" step="2"/><N who="2" m="51207" /><F128/><W120/><G120/><T98/><D55/><U60/><E60/><V117/><F117/><W46/><G32/><T35/><D62/><U15/><E15/><V19/><F109/><W76/><G25/><T44/><D35/><U18/><E18/><V10/><F19/><W85/><G30/><AGARI ba="0,1" hai="24,30,33,39,43,45,52,56,63,65,67,72,73,74" machi="30" ten="40,2600,0" yaku="1,1,54,1,53,0" doraHai="75" doraHaiUra="110" who="1" fromWho="3" sc="250,0,240,36,250,0,250,-26" /><INIT seed="1,0,0,0,4,57" ten="250,276,250,224" oya="1" hai0="63,76,131,87,107,102,94,121,119,56,73,3,21" hai1="61,55,1,39,124,98,116,130,10,25,30,100,60" hai2="101,33,68,35,85,123,72,49,50,109,9,91,114" hai3="88,81,27,22,47,53,14,29,74,86,0,71,95"/><U70/><E116/><V40/><F123/><W26/><G0/><T15/><D3/><U134/><E39/><V75/><F114/><W67/><G74/><T19/><D119/><U51/><E124/><V44/><F68/><W106/><G106/><T17/><D121/><U18/><E70/><V113/><F113/><W16/><G71/><T135/><D131/><U38/><E38/><V6/><F109/><W11/><G67/><T117/><D117/><U45/><E130/><V2/><F101/><W84/><G27/><T111/><D111/><U83/><E83/><V42/><F50/><N who="3" m="28895" /><G86/><T110/><D110/><U31/><E134/><V97/><F97/><W65/><G65/><T7/><D7/><U66/><E66/><V112/><F40/><W12/><G12/><T122/><D122/><U23/><E1/><V8/><F8/><W128/><G128/><T28/><D28/><U133/><E133/><V5/><F5/><W52/><G52/><N who="0" m="34183" /><D73/><U59/><E10/><V20/><F112/><W80/><AGARI ba="0,0" hai="11,14,16,22,26,29,80,81,84,88,95" m="28895" machi="80" ten="30,4000,0" yaku="8,1,54,2" doraHai="57" who="3" fromWho="3" sc="250,-10,276,-20,250,-10,224,40" /><INIT seed="2,0,0,3,0,13" ten="240,256,240,264" oya="2" hai0="117,72,90,116,120,68,21,46,11,132,53,10,74" hai1="93,97,1,96,50,36,25,43,78,26,60,20,54" hai2="129,108,75,119,82,12,55,32,57,40,48,44,76" hai3="131,83,17,126,22,8,81,64,88,109,0,4,37"/><V80/><F119/><N who="0" m="45642" /><D68/><U101/><E1/><V27/><F129/><W125/><G37/><T128/><D120/><U5/><E5/><V89/><F108/><W71/><G109/><T135/><D128/><U115/><E115/><V94/><F80/><W110/><G110/><T39/><D90/><U91/><E78/><V100/><F100/><W56/><G71/><T111/><D111/><U105/><E60/><V24/><F32/><W42/><G42/><N who="0" m="22879" /><D53/><U61/><E61/><V106/><F12/><N who="3" m="9511" /><G131/><T63/><D63/><U31/><E36/><V69/><F69/><W103/><G103/><T29/><D29/><U134/><E43/><V38/><REACH who="2" step="1"/><F106/><REACH who="2" ten="240,256,230,264" step="2"/><W95/><G83/><T70/><D70/><U15/><E105/><V133/><F133/><W114/><G81/><T14/><D132/><U18/><E134/><V73/><F73/><N who="0" m="28266" /><D135/><U77/><E101/><V19/><F19/><AGARI ba="0,1" hai="10,11,14,19,21" m="28266,22879,45642" machi="19" ten="30,2000,0" yaku="12,1,52,1" doraHai="13" who="0" fromWho="2" sc="240,30,256,0,230,-20,264,0" /><INIT seed="3,0,0,1,1,82" ten="270,256,210,264" oya="3" hai0="43,101,1,32,53,56,117,105,24,85,120,31,12" hai1="62,129,14,110,75,69,109,65,114,52,11,61,68" hai2="67,59,46,127,50,41,118,48,88,29,28,86,81" hai3="6,122,9,125,63,36,134,91,119,47,37,113,58"/><W94/><G113/><T116/><D120/><U83/><E114/><V95/><F127/><W96/><G122/><T25/><D1/><U8/><E129/><V103/><F118/><W57/><G119/><T16/><D43/><U112/><E112/><V106/><F106/><W104/><G134/><T78/><D25/><U74/><E11/><V45/><F67/><W2/><G125/><T34/><D34/><U17/><E83/><V42/><F59/><W15/><G58/><T102/><D105/><U115/><E115/><V80/><F80/><W130/><G130/><T93/><D78/><U97/><E97/><AGARI ba="0,0" hai="28,29,41,42,45,46,48,50,81,86,88,95,97,103" machi="97" ten="40,8000,1" yaku="9,1,8,1,52,1,54,1" doraHai="82" who="2" fromWho="1" sc="270,0,256,-80,210,80,264,0" /><INIT seed="4,0,0,1,5,128" ten="270,176,290,264" oya="0" hai0="41,15,65,129,97,17,47,67,27,38,104,37,68" hai1="87,117,79,109,124,18,80,30,105,34,100,86,21" hai2="25,132,6,60,93,120,59,69,22,58,31,8,49" hai3="4,73,91,56,1,108,95,39,16,127,92,122,29"/><T85/><D129/><U51/><E117/><V90/><F120/><W119/><G108/><T9/><D38/><U40/><E109/><V94/><F132/><W116/><G29/><T114/><D114/><U123/><E123/><V125/><F125/><W48/><G73/><T53/><D68/><U83/><E124/><V75/><F75/><W77/><G77/><T61/><D85/><U12/><E34/><V62/><F69/><W118/><G39/><T134/><D134/><U76/><E30/><V57/><F49/><W24/><G4/><T88/><D104/><U55/><E100/><V89/><F94/><W46/><G1/><T96/><D96/><U36/><E36/><V5/><F8/><W113/><G113/><T14/><D27/><U43/><REACH who="1" step="1"/><E105/><REACH who="1" ten="270,166,290,264" step="2"/><V19/><F31/><W101/><G127/><T44/><D67/><U115/><E115/><V26/><F26/><W71/><G122/><T28/><D28/><U98/><E98/><N who="2" m="57647" /><F90/><W7/><G91/><T13/><D65/><U70/><E70/><V107/><F107/><W103/><G71/><T106/><D106/><U78/><E78/><V54/><F62/><W82/><G119/><T112/><D112/><U130/><E130/><V102/><F102/><W0/><G103/><T32/><D32/><U99/><E99/><V74/><F74/><W23/><G101/><T10/><D61/><U121/><E121/><V135/><F135/><W64/><G118/><T2/><D97/><U50/><E50/><V81/><F81/><W20/><G116/><T111/><D88/><U45/><AGARI ba="0,1" hai="12,18,21,40,43,45,51,55,76,79,80,83,86,87" machi="45" ten="20,8000,1" yaku="1,1,0,1,7,1,9,1,8,1,53,0" doraHai="128" doraHaiUra="3" who="1" fromWho="1" sc="270,-40,166,90,290,-20,264,-20" /><INIT seed="5,0,0,0,0,122" ten="230,256,270,244" oya="1" hai0="45,31,110,119,128,53,126,56,100,2,117,16,62" hai1="68,63,73,47,34,116,28,127,135,131,101,87,76" hai2="26,1,58,51,0,46,27,104,95,48,66,102,5" hai3="49,133,52,17,20,80,19,8,7,41,14,125,111"/><U3/><E116/><V15/><F104/><W93/><G133/><T83/><D2/><U59/><E68/><V6/><F0/><W120/><G125/><T109/><D31/><U84/><E3/><V60/><F1/><W23/><G120/><T106/><D126/><U65/><E127/><V55/><F48/><W36/><G36/><T22/><D128/><U71/><E135/><V75/><F75/><W79/><G41/><T91/><D106/><U4/><E4/><V107/><F107/><W81/><G111/><T92/><D100/><U13/><E13/><V98/><F5/><W67/><G67/><T85/><D83/><N who="3" m="31817" /><G79/><T42/><D117/><U30/><E71/><V40/><REACH who="2" step="1"/><F66/><REACH who="2" ten="230,256,260,244" step="2"/><W61/><G7/><T44/><D119/><U113/><E73/><V103/><F103/><W78/><G49/><T39/><REACH who="0" step="1"/><D45/><REACH who="0" ten="220,256,260,244" step="2"/><U74/><E47/><V69/><F69/><W43/><G78/><T121/><D121/><U82/><E74/><V115/><F115/><W88/><G88/><T64/><D64/><U114/><E113/><V118/><F118/><W12/><G8/><AGARI ba="0,2" hai="6,8,15,26,27,40,46,51,55,58,60,95,98,102" machi="8" ten="40,2600,0" yaku="1,1,8,1,53,0" doraHai="122" doraHaiUra="129" who="2" fromWho="3" sc="220,0,256,0,260,46,244,-26" /><INIT seed="6,0,0,0,0,130" ten="220,256,306,218" oya="2" hai0="44,95,111,124,36,119,7,3,21,4,24,58,69" hai1="77,10,38,98,86,47,57,81,51,90,64,117,96" hai2="22,39,74,60,88,28,108,35,54,101,16,8,14" hai3="37,46,13,53,72,73,114,27,50,32,45,29,131"/><V122/><F122/><W94/><G131/><T132/><D69/><U121/><E117/><V79/><F39/><W17/><G114/><T104/><D104/><U30/><E38/><V1/><F108/><W65/><G65/><T78/><D111/><U125/><E125/><V5/><F101/><W75/><G94/><T134/><D78/><U2/><E30/><V11/><F11/><W43/><REACH who="3" step="1"/><G75/><REACH who="3" ten="220,256,306,208" step="2"/><T112/><D112/><U63/><E121/><V41/><F74/><W83/><G83/><T52/><D124/><U92/><E98/><V99/><F79/><W116/><G116/><T118/><D119/><U120/><E120/><V25/><F41/><W61/><G61/><N who="0" m="36039" /><D95/><U102/><E102/><V109/><F109/><W20/><AGARI ba="0,1" hai="13,17,20,27,29,32,37,43,45,46,50,53,72,73" machi="20" ten="20,2700,0" yaku="1,1,0,1,7,1,53,0" doraHai="130" doraHaiUra="91" who="3" fromWho="3" sc="220,-7,256,-7,306,-13,208,37" /><INIT seed="7,0,0,4,0,88" ten="213,249,293,245" oya="3" hai0="64,55,129,24,57,80,29,107,4,99,48,116,53" hai1="68,119,56,123,77,44,102,105,66,94,108,130,41" hai2="0,1,115,49,96,111,23,86,40,128,51,82,92" hai3="132,75,118,62,135,63,103,2,91,30,87,84,18"/><W43/><G75/><T114/><D116/><U17/><E68/><V109/><F128/><W74/><G74/><T60/><D129/><U131/><E108/><V8/><F115/><W79/><G2/><T19/><D114/><U36/><E105/><V50/><F40/><W13/><G103/><T134/><D134/><N who="3" m="51241" /><G30/><T28/><D4/><U42/><E17/><V65/><F65/><W70/><G43/><T38/><D38/><U67/><E42/><V69/><F69/><W27/><G27/><T59/><D80/><U72/><E123/><V97/><F23/><N who="3" m="11727" /><G70/><T5/><D5/><U71/><E71/><V12/><F0/><W76/><G87/><T52/><D107/><U7/><E119/><V54/><F1/><W11/><G11/><T73/><D73/><U83/><E7/><N who="2" m="3103" /><F111/><W133/><G118/><T47/><D99/><N who="2" m="37962" /><F92/><N who="3" m="54375" /><G133/><T21/><D64/><U32/><E67/><V34/><F34/><W95/><G95/><T14/><D24/><U90/><E32/><V20/><F109/><W101/><G101/><T35/><D35/><U112/><E102/><V10/><F10/><W113/><G113/><T85/><D85/><N who="1" m="52559" /><E112/><V100/><F100/><W106/><G106/><T120/><D120/><U45/><E41/><V6/><F6/><W3/><G3/><T104/><D104/><U98/><E98/><V89/><F20/><W25/><G25/><T124/><D124/><U126/><E126/><V81/><F81/><W122/><G122/><T37/><D37/><U78/><E36/><V15/><F15/><W127/><G127/><T22/><D22/><U26/><E26/><RYUUKYOKU ba="0,0" sc="213,10,249,-30,293,10,245,10" hai0="14,19,21,28,29,47,48,52,53,55,57,59,60" hai2="49,50,51,54,82,86,89" hai3="62,63,76,79" /><INIT seed="7,1,0,0,5,91" ten="223,219,303,255" oya="3" hai0="2,48,111,45,118,9,40,103,3,76,105,52,32" hai1="127,47,49,101,22,18,64,31,0,121,7,5,14" hai2="11,74,35,1,21,62,106,82,80,131,72,115,83" hai3="16,8,34,84,129,95,33,4,24,29,86,46,38"/><W87/><G129/><T94/><D118/><U96/><E121/><V100/><F35/><W66/><G66/><T89/><D32/><U12/><E127/><V65/><F131/><W123/><G123/><T15/><D111/><U78/><E78/><V70/><F115/><W124/><G124/><T57/><D76/><U27/><E64/><V92/><F21/><W53/><G34/><T44/><D103/><U10/><E7/><V43/><F43/><W120/><G120/><T85/><D45/><U58/><E58/><V110/><F106/><W116/><G116/><T98/><D98/><U39/><E31/><V50/><F50/><W135/><G135/><T17/><D105/><U59/><E59/><V25/><F25/><W88/><G16/><T81/><D81/><U79/><E79/><V133/><F133/><W30/><G30/><T134/><D134/><U97/><E39/><AGARI ba="1,0" hai="2,3,9,15,17,39,40,44,48,52,57,85,89,94" machi="39" ten="30,3900,0" yaku="7,1,52,1,54,1" doraHai="91" who="0" fromWho="1" sc="223,42,219,-42,303,0,255,0" owari="265,7.0,177,-32.0,303,39.0,255,-14.0" /></mjloggm>