<mjloggm ver="2.3"><GO type="41" lobby="0"/><UN n0="%E3%83%94%E3%83%8E%E3%82%AD%E3%83%B2" n1="%54%E9%BB%92%E6%B2%A2" n2="%E3%83%A1%E3%83%95%E3%82%A3%E3%82%B9%E3%83%88%E2%85%A1" n3="%E2%93%9D%53%75%70%68%78" dan="14,16,14,18" rate="1976.05,2055.75,2130.34,2068.58" sx="F,M,M,M"/><TAIKYOKU oya="0"/><INIT seed="0,0,0,4,2,91" ten="250,250,250,250" oya="0" hai0="71,111,135,69,114,123,83,0,53,36,80,58,38" hai1="124,49,101,39,30,87,11,24,12,21,86,19,74" hai2="103,77,119,127,95,120,4,15,14,113,82,126,128" hai3="27,46,106,26,9,31,43,117,104,33,16,13,96"/><T29/><D123/><U54/><E39/><V133/><F120/><W35/><G117/><T47/><D114/><U57/><E74/><V108/><F113/><W121/><G121/><T3/><D135/><U116/><E116/><V79/><F119/><W118/><G118/><T112/><D112/><U105/><E105/><V67/><F108/><W37/><REACH who="3" step="1"/><G96/><REACH who="3" ten="250,250,250,240" step="2"/><T28/><D111/><U88/><E124/><V63/><F127/><W32/><G32/><T51/><D47/><U125/><E125/><V10/><F126/><W50/><G50/><T110/><D110/><U66/><E101/><V97/><F133/><W8/><G8/><T102/><D51/><U22/><E66/><V90/><F103/><W45/><G45/><T55/><D102/><U129/><E129/><V42/><F128/><W70/><G70/><T5/><D58/><U44/><E57/><V122/><F122/><W89/><G89/><T107/><D107/><U23/><REACH who="1" step="1"/><E86/><REACH who="1" ten="250,240,250,240" step="2"/><V93/><F77/><W130/><G130/><T85/><REACH who="0" step="1"/><D85/><REACH who="0" ten="240,240,250,240" step="2"/><U6/><E6/><AGARI ba="0,3" hai="0,3,5,6,28,29,36,38,53,55,69,71,80,83" machi="6" ten="25,9600,0" yaku="1,1,2,1,22,2,53,0" doraHai="91" doraHaiUra="59" who="0" fromWho="1" sc="240,126,240,-96,250,0,240,0" /><INIT seed="0,1,0,5,0,66" ten="366,144,250,240" oya="0" hai0="98,86,74,119,39,129,94,64,11,33,84,56,30" hai1="82,44,36,10,124,122,118,18,71,80,120,130,106" hai2="59,126,47,15,4,21,53,121,131,60,9,127,38" hai3="103,117,132,108,134,125,35,102,70,48,87,116,115"/><T5/><D119/><U99/><E118/><V112/><F121/><W29/><G115/><T12/><D74/><U62/><E130/><V75/><F75/><W22/><G35/><T65/><D129/><U20/><E124/><V69/><F131/><W46/><G108/><T79/><D39/><U113/><E113/><V31/><F112/><W123/><G87/><T93/><D33/><U110/><E110/><V40/><F31/><W28/><G22/><T67/><D30/><U114/><E114/><V95/><F95/><W49/><G46/><T135/><D135/><U24/><E10/><V8/><F21/><W57/><G57/><T58/><D79/><U85/><E82/><V91/><F91/><W43/><G43/><T6/><D6/><U68/><E62/><V51/><REACH who="2" step="1"/><F9/><REACH who="2" ten="366,144,240,240" step="2"/><W96/><G123/><T52/><D94/><U13/><E122/><V101/><F101/><W111/><G111/><T45/><D93/><U63/><E120/><V76/><F76/><W42/><G117/><T7/><D98/><U16/><E106/><V27/><F27/><W73/><G116/><T109/><D109/><U37/><E24/><V23/><F23/><W50/><G73/><T2/><D86/><U1/><E20/><V78/><F78/><W133/><G96/><T26/><D84/><U107/><E107/><V0/><F0/><W41/><G134/><T128/><D128/><U19/><E1/><V72/><F72/><W88/><G88/><T83/><D26/><U32/><E99/><V90/><F90/><W14/><G133/><T100/><D100/><U89/><E85/><RYUUKYOKU ba="1,1" sc="366,-10,144,-10,240,30,240,-10" hai2="4,8,15,38,40,47,51,53,59,60,69,126,127" /><INIT seed="1,2,1,5,0,95" ten="356,134,270,230" oya="1" hai0="53,74,113,77,64,61,73,39,93,27,110,30,33" hai1="6,85,70,67,19,104,21,2,63,66,56,43,109" hai2="52,118,131,103,72,38,49,101,48,91,34,47,98" hai3="8,81,71,58,96,22,1,128,124,3,65,23,15"/><U17/><E104/><V5/><F38/><W9/><G71/><T31/><D113/><U45/><E109/><V130/><F34/><W50/><G128/><T83/><D110/><U37/><E2/><V10/><F72/><W62/><G124/><T99/><D53/><U125/><E6/><V79/><F79/><W126/><G126/><T7/><D7/><U84/><E125/><V68/><F68/><W46/><G81/><T32/><D39/><U0/><E0/><V120/><F118/><W133/><G133/><T112/><D112/><U29/><E29/><V80/><F49/><W132/><G9/><T114/><D114/><U87/><E19/><V100/><F120/><W69/><G69/><T119/><D119/><U117/><E117/><V12/><F80/><W134/><G3/><T127/><D127/><U42/><E43/><V16/><REACH who="2" step="1"/><F5/><REACH who="2" ten="356,134,260,230" step="2"/><W57/><G134/><T78/><D78/><U135/><E135/><V121/><F121/><W106/><G132/><T86/><D74/><U25/><REACH who="1" step="1"/><E70/><REACH who="1" ten="356,124,260,230" step="2"/><V94/><AGARI ba="2,3" hai="10,12,16,47,48,52,91,94,98,100,101,103,130,131" machi="94" ten="30,8000,1" yaku="1,1,0,1,52,1,54,2,53,0" doraHai="95" doraHaiUra="123" who="2" fromWho="2" sc="356,-22,124,-42,260,116,230,-22" /><INIT seed="2,0,0,1,4,31" ten="334,82,376,208" oya="2" hai0="87,96,0,100,20,25,104,85,43,12,101,88,62" hai1="83,94,49,68,107,23,64,9,35,112,42,79,44" hai2="116,73,86,91,93,6,17,134,75,11,78,56,130" hai3="125,4,105,65,61,114,81,69,3,128,50,89,115"/><V72/><F116/><W66/><G105/><T67/><D0/><U13/><E107/><V103/><F17/><W131/><G81/><T16/><D43/><U41/><E112/><N who="3" m="43050" /><G89/><T18/><D101/><U24/><E68/><V54/><F134/><W59/><G4/><T118/><D118/><U121/><E121/><V76/><F130/><N who="3" m="49707" /><G3/><T129/><D129/><U80/><E64/><V135/><F103/><W19/><G19/><T8/><D88/><U30/><E42/><V70/><F70/><AGARI ba="0,0" hai="8,12,16,18,20,25,62,67,70,85,87,96,100,104" machi="70" ten="30,2000,0" yaku="7,1,54,1" doraHai="31" who="0" fromWho="2" sc="334,20,82,0,376,-20,208,0" /><INIT seed="3,0,0,1,5,49" ten="354,82,356,208" oya="3" hai0="135,45,121,40,51,60,80,63,87,86,23,112,122" hai1="11,6,113,103,19,134,10,32,35,56,58,76,36" hai2="9,130,46,39,34,126,14,8,105,41,75,115,43" hai3="114,22,110,95,24,117,0,52,128,64,38,50,27"/><W30/><G114/><T85/><D135/><U42/><E113/><V97/><F34/><W7/><G117/><T83/><D112/><U94/><E134/><V69/><F69/><W26/><G38/><T109/><D23/><U66/><E76/><V70/><F70/><W28/><G128/><T1/><D1/><U18/><E36/><V91/><F75/><W125/><G125/><T102/><D102/><U13/><E42/><V131/><F43/><W90/><G110/><T59/><D109/><U48/><E58/><V72/><F72/><W100/><G64/><T104/><D104/><U106/><E106/><V123/><F115/><W47/><G100/><T119/><D119/><U89/><E103/><V99/><F105/><W108/><G108/><T116/><D116/><U25/><E25/><N who="3" m="9802" /><G0/><T54/><REACH who="0" step="1"/><D63/><REACH who="0" ten="344,82,356,208" step="2"/><U4/><E35/><V2/><F2/><W57/><G30/><T44/><D44/><U107/><E32/><V15/><F46/><W93/><G47/><T12/><D12/><N who="1" m="7447" /><E107/><V16/><F15/><W20/><G20/><T88/><D88/><U53/><E66/><V129/><F130/><W81/><G7/><T133/><D133/><U120/><E120/><AGARI ba="0,1" hai="40,45,51,54,59,60,80,83,85,86,87,120,121,122" machi="120" ten="40,8000,1" yaku="1,1,52,1,53,3" doraHai="49" doraHaiUra="82" who="0" fromWho="1" sc="344,90,82,-80,356,0,208,0" /><INIT seed="4,0,0,0,0,42" ten="434,2,356,208" oya="0" hai0="96,114,35,41,90,55,121,130,59,27,14,17,15" hai1="133,3,103,73,58,20,26,37,111,132,123,2,52" hai2="0,19,34,134,119,11,71,88,28,9,124,25,16" hai3="51,8,6,101,81,120,54,12,74,64,70,49,10"/><T7/><D121/><U76/><E123/><V129/><F71/><W95/><G120/><T38/><D114/><U47/><E111/><V36/><F36/><W97/><G70/><T39/><D130/><U18/><E103/><V113/><F113/><W69/><G69/><T84/><D96/><U128/><E128/><V45/><F129/><W65/><G51/><T126/><D126/><U107/><E107/><V77/><F77/><W32/><G32/><T46/><D7/><U22/><E76/><V99/><F134/><N who="1" m="51817" /><E73/><V94/><F119/><W105/><G105/><T78/><D78/><U53/><E22/><N who="2" m="15415" /><F0/><N who="1" m="41" /><E58/><V4/><F34/><W48/><G74/><T125/><D125/><U79/><E79/><V106/><F4/><W86/><G10/><N who="2" m="3593" /><F106/><W31/><G31/><T80/><D39/><U56/><E56/><V117/><F117/><W104/><G104/><T109/><D109/><U110/><E110/><V66/><F66/><W43/><G65/><T85/><D85/><U21/><E21/><V29/><F124/><W89/><G64/><T30/><D17/><N who="2" m="6730" /><F29/><W24/><G6/><T87/><REACH who="0" step="1"/><D87/><REACH who="0" ten="424,2,356,208" step="2"/><U44/><E37/><V100/><F100/><W67/><G101/><T91/><D91/><U92/><E92/><V68/><F68/><W61/><G95/><T72/><D72/><U83/><E83/><V131/><F131/><W122/><G81/><T5/><D5/><U57/><E53/><V118/><F118/><W13/><G54/><T93/><D93/><U23/><E20/><V98/><F99/><W62/><G97/><T108/><D108/><U116/><E116/><RYUUKYOKU ba="0,1" sc="424,10,2,10,356,10,208,-30" hai0="14,15,27,30,35,38,41,46,55,59,80,84,90" hai1="18,23,26,44,47,52,57" hai2="45,88,94,98" /><INIT seed="4,1,1,5,3,103" ten="434,12,366,178" oya="0" hai0="122,85,119,14,98,39,80,57,23,47,112,83,25" hai1="96,18,49,114,41,99,37,5,71,110,13,94,89" hai2="32,107,61,11,116,126,21,2,87,82,35,60,58" hai3="43,3,8,123,16,50,70,31,62,46,124,26,108"/><T22/><D122/><U111/><E71/><V69/><F126/><W33/><G124/><T91/><D119/><U121/><E121/><V135/><F135/><W132/><G123/><T67/><D112/><U130/><E37/><V9/><F69/><W76/><G108/><T81/><D39/><U68/><E68/><V28/><F21/><W72/><G132/><T4/><D47/><U134/><E134/><V48/><F11/><W55/><G76/><T78/><D67/><U27/><E114/><V73/><F73/><W65/><G72/><T53/><D98/><U1/><E130/><V115/><F115/><W15/><REACH who="3" step="1"/><G3/><REACH who="3" ten="434,12,366,168" step="2"/><T54/><D78/><U64/><E110/><V93/><F2/><W74/><G74/><T6/><D81/><U101/><E111/><V104/><F116/><W40/><AGARI ba="1,2" hai="8,15,16,26,31,33,40,43,46,50,55,62,65,70" machi="40" ten="30,4000,0" yaku="1,1,0,1,54,1,53,0" doraHai="103" doraHaiUra="84" who="3" fromWho="3" sc="434,-21,12,-11,366,-11,168,63" /><INIT seed="5,0,0,5,5,105" ten="413,1,355,231" oya="1" hai0="33,8,38,86,114,60,120,130,128,74,126,39,47" hai1="101,108,64,93,122,43,22,1,3,35,81,129,124" hai2="131,82,78,87,2,75,71,65,31,11,133,132,68" hai3="18,83,57,0,135,23,89,119,91,69,24,21,103"/><U109/><E122/><V127/><F131/><N who="0" m="50218" /><D120/><U51/><E129/><V15/><F2/><W17/><G0/><T20/><D114/><U99/><E35/><V44/><F127/><W134/><G69/><T37/><D126/><U27/><E124/><V46/><F31/><W6/><G6/><T84/><D33/><U13/><E64/><V79/><F87/><W113/><G103/><T50/><D60/><U55/><E13/><V117/><F117/><W98/><G57/><T45/><D74/><U61/><E61/><V110/><F110/><N who="1" m="42601" /><E81/><V42/><F79/><W62/><G62/><T16/><D8/><U104/><E43/><V96/><F96/><W123/><G98/><T32/><D32/><U40/><E40/><V5/><F46/><W95/><G123/><T100/><D100/><U85/><E85/><V52/><F65/><W97/><G119/><T14/><D47/><N who="1" m="28159" /><E104/><V29/><F42/><AGARI ba="0,0" hai="14,16,20,37,38,39,42,45,50,84,86" m="50218" machi="42" ten="40,2600,0" yaku="19,1,54,1" doraHai="105" who="0" fromWho="2" sc="413,26,1,0,355,-26,231,0" /><INIT seed="6,0,0,0,0,119" ten="439,1,329,231" oya="2" hai0="24,48,76,106,108,27,15,56,80,95,29,63,1" hai1="66,91,87,81,125,83,37,104,55,60,72,100,46" hai2="113,0,59,20,90,33,98,43,2,32,12,77,86" hai3="47,131,8,121,118,105,22,11,111,112,109,93,35"/><V116/><F116/><W18/><G105/><T3/><D108/><U127/><E104/><V42/><F113/><W17/><G93/><T79/><D106/><U21/><E100/><V45/><F43/><W96/><G96/><T10/><D95/><U64/><E72/><V68/><F68/><W19/><G47/><T41/><D79/><U16/><E81/><V117/><F117/><W30/><G118/><T133/><D133/><U70/><E66/><V57/><F20/><W26/><G131/><T71/><D71/><U74/><E74/><V134/><F12/><W5/><G112/><T52/><D27/><U102/><E102/><V49/><F134/><W65/><G65/><T126/><D126/><U92/><E83/><V128/><F128/><W75/><G75/><T124/><D124/><U132/><E132/><V101/><F77/><W88/><G88/><T110/><D110/><U50/><E37/><V114/><F114/><W123/><G11/><T85/><D41/><U23/><E23/><V28/><F98/><W44/><G44/><T13/><D63/><U4/><E4/><V40/><F40/><W107/><G107/><T53/><D53/><U38/><E38/><V115/><F101/><W31/><G111/><T14/><REACH who="0" step="1"/><D10/><REACH who="0" ten="429,1,329,231" step="2"/><U103/><E103/><V135/><F135/><W99/><G109/><T89/><D89/><U39/><E39/><V122/><F115/><W7/><G8/><T58/><D58/><U82/><E92/><V61/><F59/><W25/><REACH who="3" step="1"/><G99/><REACH who="3" ten="429,1,329,221" step="2"/><T69/><D69/><U73/><E73/><V6/><F90/><W51/><G51/><RYUUKYOKU ba="0,2" sc="429,10,1,10,329,-30,221,10" hai0="1,3,13,14,15,24,29,48,52,56,76,80,85" hai1="16,21,46,50,55,60,64,70,82,87,91,125,127" hai3="5,7,17,18,19,22,25,26,30,31,35,121,123" /><INIT seed="7,1,2,1,2,67" ten="439,11,299,231" oya="3" hai0="133,112,60,81,5,73,46,95,128,16,65,49,126" hai1="111,15,122,92,19,108,54,47,120,3,13,7,58" hai2="107,29,127,94,9,74,57,50,53,30,99,135,52" hai3="59,56,82,22,78,64,121,26,4,25,114,85,24"/><W123/><G114/><T27/><D126/><U61/><E3/><V39/><F39/><W104/><G104/><T72/><D128/><U14/><E7/><V48/><F127/><W34/><G34/><T38/><D112/><U119/><E119/><V1/><F74/><W17/><G4/><T45/><D133/><U37/><E92/><V91/><F135/><W11/><G11/><T89/><D5/><U23/><E47/><V102/><F9/><W84/><G84/><T8/><D38/><U63/><E37/><V101/><F1/><W109/><G109/><T118/><D118/><U115/><E115/><V2/><F2/><W106/><G106/><T93/><D46/><U0/><E0/><V134/><F134/><W100/><G100/><T10/><D10/><U88/><E88/><V130/><F130/><W33/><G33/><T90/><D81/><U28/><E28/><V110/><F110/><W129/><G129/><T75/><D90/><U125/><E125/><V124/><F124/><W113/><G113/><T41/><D89/><U42/><E42/><V68/><F102/><W117/><G117/><T105/><D105/><U77/><E77/><V44/><REACH who="2" step="1"/><F68/><REACH who="2" ten="439,11,289,231" step="2"/><W70/><G70/><T6/><D75/><U55/><E111/><V31/><F31/><W71/><G71/><T103/><D73/><U43/><E108/><V20/><F20/><W83/><G83/><T21/><D72/><U32/><E32/><V69/><F69/><W80/><G80/><T98/><D103/><U36/><E36/><V51/><F51/><W96/><G82/><T66/><D49/><RYUUKYOKU ba="1,3" sc="439,-10,11,-10,289,30,231,-10" hai2="29,30,44,48,50,52,53,57,91,94,99,101,107" owari="459,56.0,1,-50.0,319,12.0,221,-18.0" /></mjloggm>