<mjloggm ver="2.3"><GO type="41" lobby="0"/><UN n0="%4E%4C%47%4D%51%53%53%5A" n1="%E3%83%B2%E2%96%B3%E3%83%B2" n2="%E2%93%9D%53%75%70%68%78" n3="%E3%81%BC%E3%81%86%E3%81%A1%E3%82%83%E3%82%93" dan="14,15,17,15" rate="2121.85,1885.11,2069.30,2000.12" sx="M,M,M,M"/><TAIKYOKU oya="0"/><INIT seed="0,0,0,5,4,62" ten="250,250,250,250" oya="0" hai0="66,52,39,67,16,63,95,121,51,75,76,7,30" hai1="44,37,56,47,85,49,99,77,40,102,92,119,45" hai2="29,60,55,68,108,58,54,25,82,111,4,101,11" hai3="117,131,46,123,6,12,130,53,81,135,20,13,105"/><T41/><D121/><U59/><E119/><V116/><F116/><W80/><G105/><T36/><D7/><U128/><E128/><N who="3" m="49194" /><G117/><T1/><D1/><U3/><E3/><V8/><F68/><W87/><G123/><T91/><D30/><U61/><E37/><V73/><F101/><W120/><G120/><T94/><D36/><U72/><E72/><V26/><F55/><W32/><G32/><T103/><D75/><U69/><E69/><V89/><F26/><W107/><G107/><T65/><D76/><U78/><E59/><V42/><F42/><W24/><G135/><T15/><D39/><U74/><E74/><V71/><F71/><W122/><G122/><T132/><D41/><U18/><E18/><V88/><F11/><N who="3" m="4215" /><G13/><T79/><D79/><N who="1" m="30219" /><E85/><V70/><F70/><W2/><G2/><T129/><D129/><U27/><E27/><V57/><F73/><W9/><G9/><N who="0" m="6255" /><D132/><U93/><E93/><N who="0" m="35337" /><D91/><U35/><E35/><V133/><F89/><W84/><G80/><T118/><D118/><U86/><E86/><V124/><F133/><W106/><G81/><T127/><D127/><U90/><E90/><V64/><F124/><W110/><G106/><T23/><D103/><U112/><E112/><V98/><F82/><W114/><G114/><T104/><D104/><U97/><E97/><V134/><F134/><W10/><G87/><T48/><D23/><U83/><E83/><V96/><F96/><W19/><G84/><T5/><D5/><U126/><E126/><V31/><F98/><W21/><G21/><T109/><D109/><U38/><E38/><RYUUKYOKU ba="0,0" sc="250,15,250,15,250,-15,250,-15" hai0="48,51,52,63,65,66,67" hai1="40,44,45,47,49,56,61,92,99,102" /><INIT seed="0,1,0,2,0,22" ten="265,265,235,235" oya="0" hai0="76,93,54,130,33,32,57,73,2,46,78,39,81" hai1="64,129,79,15,133,52,36,53,35,27,38,86,21" hai2="1,59,132,3,104,124,40,37,110,117,125,120,13" hai3="26,58,65,91,127,10,16,107,100,98,118,97,28"/><T128/><D2/><U11/><E133/><V24/><F104/><W122/><G122/><T121/><D121/><U105/><E105/><V103/><F103/><W14/><G127/><N who="2" m="48713" /><F59/><W80/><G118/><T113/><D93/><U44/><E35/><V55/><F55/><W99/><G80/><T126/><D113/><U12/><E129/><N who="0" m="49769" /><D78/><U112/><E112/><V109/><F40/><W88/><G98/><T48/><D126/><U41/><E64/><V92/><F37/><W131/><G97/><T20/><D20/><U102/><E102/><V43/><F43/><AGARI ba="1,0" hai="32,33,39,43,46,48,54,57,73,76,81" m="49769" machi="43" ten="30,1500,0" yaku="19,1" doraHai="22" who="0" fromWho="2" sc="265,18,265,0,235,-18,235,0" /><INIT seed="0,2,0,3,1,69" ten="283,265,217,235" oya="0" hai0="54,56,92,18,55,43,108,26,24,61,21,2,40" hai1="111,82,78,49,93,86,88,63,100,46,22,29,84" hai2="14,79,96,35,33,74,44,32,27,23,97,8,104" hai3="131,129,17,81,45,120,127,105,25,65,36,19,121"/><T77/><D2/><U83/><E111/><V47/><F74/><W4/><G105/><T0/><D0/><U31/><E63/><V12/><F79/><W109/><G109/><T107/><D107/><U15/><E100/><V113/><F104/><W66/><G4/><T85/><D108/><U115/><E115/><V58/><F58/><W95/><G95/><T28/><D54/><U13/><E93/><V130/><F130/><N who="3" m="49675" /><G81/><T57/><D56/><U135/><E135/><V87/><F87/><W94/><G94/><T16/><D18/><N who="3" m="6665" /><G25/><T71/><D71/><U62/><E62/><V103/><F113/><W132/><G132/><T3/><D3/><U122/><E122/><N who="3" m="47210" /><G127/><T11/><D11/><U75/><E75/><V91/><F8/><W51/><G51/><T134/><D134/><U73/><E73/><V9/><F9/><W80/><G80/><T89/><REACH who="0" step="1"/><D77/><REACH who="0" ten="273,265,217,235" step="2"/><U106/><E106/><V38/><F14/><N who="1" m="5129" /><E22/><AGARI ba="2,1" hai="16,21,22,24,26,28,40,43,55,57,61,85,89,92" machi="22" ten="30,11600,0" yaku="1,1,7,1,8,1,54,1,53,0" doraHai="69" doraHaiUra="42" who="0" fromWho="1" sc="273,132,265,-122,217,0,235,0" /><INIT seed="0,3,0,4,0,92" ten="405,143,217,235" oya="0" hai0="66,35,11,134,112,38,71,26,103,22,135,78,123" hai1="83,14,8,128,23,93,86,68,16,27,85,5,55" hai2="96,74,90,44,29,94,119,32,126,127,70,118,111" hai3="89,53,81,120,51,77,64,57,124,132,31,10,67"/><T24/><D112/><U131/><E68/><V117/><F70/><W41/><G132/><T19/><D123/><U62/><E93/><V133/><F133/><W6/><G124/><N who="2" m="47657" /><F44/><W125/><G125/><T69/><D38/><U87/><REACH who="1" step="1"/><E83/><REACH who="1" ten="405,133,217,235" step="2"/><V47/><F119/><W52/><G120/><T13/><D71/><U104/><E104/><V115/><F118/><W80/><G80/><T49/><D135/><U130/><E130/><V12/><F117/><W101/><G101/><T28/><D134/><U110/><E110/><V9/><F111/><W39/><G77/><T20/><D69/><U114/><E114/><V45/><F115/><W7/><G81/><T60/><D78/><U72/><E72/><V106/><F74/><W56/><G89/><T95/><D95/><U48/><E48/><V0/><F106/><W58/><G39/><T42/><D49/><U109/><E109/><V82/><F82/><W91/><G91/><T18/><D103/><U40/><E40/><V17/><F0/><W15/><G41/><T116/><D42/><U97/><E97/><V2/><F2/><W61/><G64/><T63/><D66/><U88/><E88/><V59/><F90/><W4/><REACH who="3" step="1"/><G31/><REACH who="3" ten="405,133,217,225" step="2"/><T30/><D116/><U65/><E65/><V43/><F43/><W46/><G46/><T1/><D1/><U107/><E107/><V122/><F122/><W76/><G76/><T108/><D108/><U21/><E21/><V3/><F3/><W113/><G113/><T105/><D105/><U75/><E75/><V25/><F94/><W121/><G121/><T54/><D54/><RYUUKYOKU ba="3,2" sc="405,10,133,10,217,-30,225,10" hai0="11,13,18,19,20,22,24,26,28,30,35,60,63" hai1="5,8,14,16,23,27,55,62,85,86,87,128,131" hai3="4,6,7,10,15,51,52,53,56,57,58,61,67" /><INIT seed="0,4,2,1,5,7" ten="415,143,187,235" oya="0" hai0="20,95,5,89,123,109,48,124,127,117,86,46,69" hai1="13,88,75,118,72,11,30,70,26,44,107,64,6" hai2="31,112,80,79,39,101,36,43,29,73,65,66,93" hai3="59,49,17,77,100,38,76,116,81,52,32,74,85"/><T23/><D123/><U102/><E118/><V120/><F120/><W113/><G116/><T98/><D69/><U135/><E135/><V122/><F122/><W1/><G1/><T9/><D117/><U16/><E44/><V68/><F112/><W3/><G3/><T21/><D98/><N who="1" m="61911" /><E6/><V133/><F133/><W111/><G111/><T121/><D109/><U96/><E96/><V83/><F93/><W12/><G32/><T71/><D121/><U22/><E88/><V126/><F68/><W67/><G38/><T24/><D71/><U33/><E22/><V27/><F101/><W130/><G130/><T58/><D58/><U62/><AGARI ba="4,2" hai="11,13,16,26,30,33,62,64,70,72,75" m="61911" machi="62" ten="30,4000,0" yaku="25,1,52,1,54,1" doraHai="7" who="1" fromWho="1" sc="415,-24,143,72,187,-14,235,-14" /><INIT seed="1,0,0,5,1,76" ten="391,215,173,221" oya="1" hai0="100,107,25,14,103,34,117,68,51,53,130,22,38" hai1="127,55,102,57,122,15,97,77,17,66,65,79,63" hai2="75,133,24,111,123,36,124,2,19,85,108,129,33" hai3="121,23,64,71,20,101,87,80,32,89,112,94,62"/><U95/><E122/><V72/><RYUUKYOKU type="yao9" ba="0,0" sc="391,0,215,0,173,0,221,0" hai2="2,19,24,33,36,72,75,85,108,111,123,124,129,133" /><INIT seed="1,1,0,0,3,18" ten="391,215,173,221" oya="1" hai0="6,32,88,54,56,59,42,75,86,34,64,2,22" hai1="94,110,20,80,9,14,69,98,117,121,29,26,115" hai2="10,90,85,129,127,38,39,1,109,87,13,53,82" hai3="15,27,100,16,119,106,51,84,114,122,44,7,93"/><U104/><E121/><V48/><F109/><W78/><G114/><T125/><D42/><U49/><E115/><V70/><F1/><W55/><G122/><T0/><D125/><U116/><E104/><V77/><F70/><W3/><G3/><T91/><D75/><U57/><E69/><V67/><F129/><W58/><G106/><T134/><D134/><U89/><E110/><V101/><F67/><W102/><G119/><T71/><D71/><U130/><E130/><V112/><F101/><N who="3" m="39019" /><G7/><T25/><D91/><U52/><REACH who="1" step="1"/><E80/><REACH who="1" ten="391,205,173,221" step="2"/><V126/><F112/><W128/><G128/><T74/><D0/><U131/><E131/><V17/><F127/><W118/><G118/><T61/><D2/><U11/><E11/><V73/><F126/><W63/><G93/><T47/><D32/><U72/><E72/><V83/><REACH who="2" step="1"/><F73/><REACH who="2" ten="391,205,163,221" step="2"/><W99/><G99/><T46/><D74/><U92/><E92/><V66/><F66/><W37/><G84/><T79/><D86/><U4/><AGARI ba="1,2" hai="4,9,14,20,26,29,49,52,57,89,94,98,116,117" machi="4" ten="20,12000,1" yaku="1,1,0,1,7,1,52,1,54,1,53,0" doraHai="18" doraHaiUra="28" who="1" fromWho="1" sc="391,-41,205,143,163,-41,221,-41" /><INIT seed="1,2,0,2,0,48" ten="350,348,122,180" oya="1" hai0="111,125,63,60,135,91,64,15,50,9,112,92,69" hai1="55,56,42,114,30,116,108,47,131,122,23,57,8" hai2="40,98,31,2,72,96,127,13,130,110,45,4,123" hai3="128,7,22,12,81,107,61,132,94,59,62,133,126"/><U43/><E122/><V65/><F123/><W44/><G107/><T76/><D112/><U29/><E114/><V27/><F130/><W38/><G126/><T80/><D125/><U77/><E131/><V68/><F127/><W39/><G128/><T84/><D111/><U134/><E116/><V58/><F72/><W129/><G129/><T82/><D135/><N who="3" m="51785" /><G81/><T117/><D117/><U14/><E77/><V73/><F68/><W83/><G83/><T109/><D60/><N who="3" m="23145" /><G94/><T78/><D109/><U97/><E134/><V37/><F73/><W79/><G79/><T11/><D11/><U67/><E67/><V0/><F65/><W106/><G106/><T121/><D121/><U87/><E87/><V3/><F110/><W95/><G95/><T5/><D80/><U124/><E124/><V54/><F13/><W93/><G93/><T103/><D103/><U20/><E14/><V24/><F4/><W119/><G119/><T74/><D74/><U71/><E8/><V19/><F19/><N who="3" m="10599" /><G7/><T35/><D82/><U46/><E108/><V51/><REACH who="2" step="1"/><F27/><REACH who="2" ten="350,348,112,180" step="2"/><W105/><G105/><T26/><D26/><U25/><E25/><V118/><F118/><W49/><G59/><T115/><D115/><U70/><E97/><V21/><AGARI ba="2,1" hai="0,2,3,21,24,31,37,40,45,51,54,58,96,98" machi="21" ten="30,4000,0" yaku="1,1,0,1,52,1,53,0" doraHai="48" doraHaiUra="1" who="2" fromWho="2" sc="350,-12,348,-22,112,56,180,-12" /><INIT seed="2,0,0,5,2,10" ten="338,326,168,168" oya="2" hai0="119,91,20,43,32,122,45,58,79,7,40,15,97" hai1="56,86,128,71,60,120,132,70,22,12,93,110,121" hai2="135,31,129,115,30,61,35,113,64,89,38,50,28" hai3="130,19,88,54,11,21,23,17,34,37,46,96,76"/><V3/><F38/><W69/><G69/><T4/><D32/><U84/><E132/><V42/><F3/><W55/><G130/><T72/><D122/><U36/><E36/><V51/><F35/><W127/><G34/><T77/><D43/><U95/><E110/><V100/><F100/><W68/><G68/><T16/><D119/><U111/><E111/><V99/><F129/><W117/><G117/><T85/><D58/><U75/><E56/><V24/><F24/><W90/><G11/><T94/><D72/><U114/><E22/><V62/><F135/><W52/><G127/><T6/><REACH who="0" step="1"/><D85/><REACH who="0" ten="328,326,168,168" step="2"/><U29/><E75/><V133/><F42/><W8/><G46/><T105/><D105/><U102/><E71/><V82/><F133/><W73/><G73/><T106/><D106/><U63/><E70/><V112/><F64/><W134/><G134/><T80/><D80/><U123/><E86/><V125/><F125/><W103/><G37/><AGARI ba="0,1" hai="4,6,7,15,16,20,37,40,45,77,79,91,94,97" machi="37" ten="40,5200,0" yaku="1,1,52,1,54,1,53,0" doraHai="10" doraHaiUra="53" who="0" fromWho="3" sc="328,62,326,0,168,0,168,-52" /><INIT seed="3,0,0,2,1,62" ten="390,326,168,116" oya="3" hai0="57,132,126,128,94,97,91,75,100,78,54,19,72" hai1="36,29,4,45,13,123,51,101,47,108,28,35,113" hai2="106,105,21,131,11,65,39,83,114,116,81,86,121" hai3="63,77,125,23,53,59,127,56,50,73,68,15,107"/><W52/><G107/><T130/><D132/><U18/><E113/><V25/><F39/><W10/><G77/><T80/><D126/><N who="3" m="48137" /><G73/><T92/><D19/><U84/><E108/><V117/><F114/><W64/><G23/><T109/><D109/><U102/><E4/><V95/><F106/><W70/><G15/><T44/><D44/><U124/><E123/><V134/><F105/><W60/><G10/><T61/><D72/><U46/><E36/><V76/><F121/><W33/><G33/><T67/><D54/><U3/><E3/><V34/><F34/><W2/><G2/><T115/><D115/><U0/><E51/><V40/><F11/><W16/><G16/><T58/><D58/><AGARI ba="0,0" hai="50,52,53,56,58,59,60,63,64,68,70" m="48137" machi="58" ten="30,12000,1" yaku="18,1,34,2,52,1,54,1" doraHai="62" who="3" fromWho="0" sc="390,-120,326,0,168,0,116,120" /><INIT seed="3,1,0,3,4,122" ten="270,326,168,236" oya="3" hai0="63,58,114,36,15,104,92,86,84,107,45,1,74" hai1="11,134,49,105,130,21,98,72,129,135,81,32,51" hai2="43,90,48,66,50,101,121,54,13,27,31,97,68" hai3="79,88,4,128,6,55,24,96,117,22,112,19,95"/><W3/><G117/><T94/><D114/><U132/><E32/><V33/><F121/><W47/><G112/><T116/><D116/><U126/><E11/><V10/><F43/><W38/><G128/><N who="1" m="49258" /><E21/><V40/><F40/><W20/><G3/><T125/><D125/><U9/><E9/><V120/><F120/><W71/><G71/><T123/><D123/><U42/><E42/><V75/><F75/><W18/><G79/><T124/><D124/><U0/><E0/><V65/><F90/><W7/><G38/><T44/><D1/><U118/><E118/><V16/><F68/><W17/><G24/><T57/><D36/><U131/><E131/><V52/><F50/><AGARI ba="1,0" hai="4,6,7,17,18,19,20,22,47,50,55,88,95,96" machi="50" ten="40,3900,0" yaku="8,1,54,1" doraHai="122" who="3" fromWho="2" sc="270,0,326,0,168,-42,236,42" /><INIT seed="3,2,0,2,0,77" ten="270,326,126,278" oya="3" hai0="86,123,27,66,102,21,68,92,116,75,73,41,119" hai1="104,115,100,82,67,118,111,99,134,124,13,51,76" hai2="131,40,8,112,72,4,16,133,33,56,17,46,81" hai3="28,15,3,1,50,2,87,59,96,117,9,11,97"/><W135/><G117/><T31/><D123/><U128/><E67/><V57/><F33/><W91/><G135/><T110/><D110/><U42/><E134/><V54/><F112/><W12/><G28/><T39/><D41/><U132/><E111/><V35/><F35/><W101/><G59/><T0/><D0/><U69/><E69/><V45/><F131/><W95/><G50/><T52/><D39/><U24/><E13/><V30/><F30/><W47/><G47/><T106/><D106/><U61/><E61/><V48/><F133/><W6/><REACH who="3" step="1"/><G101/><REACH who="3" ten="270,326,126,268" step="2"/><T62/><D52/><U107/><E51/><V65/><F46/><W53/><G53/><T114/><D114/><U70/><E118/><V90/><F57/><W109/><G109/><T38/><D38/><U10/><E100/><V120/><F54/><W78/><G78/><T55/><D55/><U60/><E76/><V20/><F56/><W127/><G127/><T26/><D102/><U85/><E124/><V103/><F103/><W126/><G126/><T88/><D119/><U83/><E132/><V105/><F48/><W23/><G23/><T98/><D116/><U5/><E60/><V122/><F20/><W22/><G22/><T25/><D21/><U32/><E32/><V49/><F49/><W44/><G44/><T113/><D113/><U93/><E115/><V63/><F45/><W84/><G84/><T121/><D31/><U129/><E85/><V19/><F63/><W18/><AGARI ba="2,1" hai="1,2,3,6,9,11,12,15,18,87,91,95,96,97" machi="18" ten="30,3000,0" yaku="1,1,0,1,53,0" doraHai="77" doraHaiUra="108" who="3" fromWho="3" sc="270,-12,326,-12,126,-12,268,46" /><INIT seed="3,3,0,2,5,114" ten="258,314,114,314" oya="3" hai0="4,82,27,43,74,3,94,65,34,52,115,35,98" hai1="59,47,78,39,101,88,91,111,77,95,122,24,20" hai2="69,30,61,108,63,26,29,56,113,5,45,42,28" hai3="33,84,14,68,118,96,93,128,126,36,32,67,104"/><W79/><G36/><T57/><D115/><U73/><E111/><V11/><F113/><W12/><G118/><T9/><D65/><U120/><E101/><V86/><F108/><W97/><G128/><T135/><D135/><U106/><E106/><V50/><F69/><W21/><G126/><T119/><D119/><U71/><E71/><V100/><F100/><W7/><G104/><T103/><D43/><U23/><E59/><V19/><F86/><W105/><G67/><T6/><D6/><U58/><E58/><V8/><F5/><W109/><G68/><T117/><D117/><U40/><E23/><V60/><F56/><W129/><G109/><T90/><D27/><U64/><E91/><V49/><REACH who="2" step="1"/><F49/><REACH who="2" ten="258,314,104,314" step="2"/><W80/><G129/><T62/><D74/><U121/><E73/><V46/><F46/><W38/><G105/><T92/><D82/><U123/><E64/><V70/><F70/><W53/><G38/><T66/><D66/><U83/><E83/><V22/><AGARI ba="3,1" hai="8,11,19,22,26,28,29,30,42,45,50,60,61,63" machi="22" ten="40,8000,1" yaku="1,1,0,1,8,1,53,1" doraHai="114" doraHaiUra="17" who="2" fromWho="2" sc="258,-23,314,-23,104,99,314,-43" /><INIT seed="4,0,0,1,5,113" ten="235,291,203,271" oya="0" hai0="58,53,80,60,9,70,2,94,92,34,119,115,74" hai1="5,45,49,28,25,36,50,120,48,10,100,14,17" hai2="78,43,101,129,46,118,42,108,21,69,79,73,64" hai3="40,20,22,67,107,110,132,96,126,93,7,68,44"/><T75/><D119/><U3/><E120/><V59/><F108/><W61/><G110/><T35/><D115/><U90/><E100/><V52/><F101/><W71/><G132/><T32/><D70/><U4/><E36/><V91/><F73/><W117/><G126/><T62/><D62/><U47/><E90/><V128/><F21/><W98/><G117/><T63/><D63/><U87/><E87/><V111/><F91/><W103/><G107/><T57/><D57/><U97/><E97/><V72/><F72/><W84/><G71/><T81/><D75/><U38/><E38/><N who="2" m="21847" /><F43/><W133/><G96/><T30/><D30/><U39/><E39/><V124/><F111/><W83/><G133/><T109/><D109/><U51/><N who="1" m="12288" /><DORA hai="95" /><U65/><E65/><V8/><F64/><W85/><G7/><T86/><D74/><U66/><E66/><V88/><F124/><W131/><G131/><N who="2" m="50249" /><F69/><W134/><G134/><T76/><REACH who="0" step="1"/><D81/><REACH who="0" ten="225,291,203,271" step="2"/><U23/><REACH who="1" step="1"/><E5/><AGARI ba="0,1" hai="2,5,9,32,34,35,53,58,60,76,80,86,92,94" machi="5" ten="40,12000,1" yaku="1,1,2,1,53,3" doraHai="113,95" doraHaiUra="31,123" who="0" fromWho="1" sc="225,130,291,-120,203,0,271,0" /><INIT seed="4,1,0,1,2,128" ten="355,171,203,271" oya="0" hai0="47,122,76,44,89,25,113,104,12,118,107,97,80" hai1="124,27,40,72,112,62,95,96,14,2,92,26,53" hai2="48,135,49,16,0,11,1,37,7,68,45,32,4" hai3="132,29,41,120,65,103,94,88,22,117,114,102,24"/><T58/><D118/><U28/><E72/><V131/><F131/><W133/><G132/><T127/><D122/><U90/><E2/><V67/><F32/><W69/><G133/><T38/><D38/><U126/><E40/><V91/><F135/><W35/><G120/><T116/><D127/><N who="1" m="48683" /><E112/><V115/><F115/><W52/><G117/><T81/><D116/><U8/><E28/><V5/><F37/><W86/><G114/><T56/><D25/><U83/><E83/><V100/><F100/><N who="3" m="38443" /><G69/><T99/><D12/><U123/><E123/><V54/><F68/><W109/><G35/><T57/><D113/><U50/><E62/><V9/><F67/><W17/><G109/><T10/><D10/><U70/><E95/><V71/><F71/><W106/><G106/><T43/><D43/><U59/><E70/><V98/><F49/><W129/><G65/><T93/><D97/><U19/><AGARI ba="1,0" hai="8,14,19,26,27,50,53,59,90,92,96" m="48683" machi="19" ten="30,1100,0" yaku="18,1" doraHai="128" who="1" fromWho="1" sc="355,-6,171,14,203,-4,271,-4" /><INIT seed="5,0,0,0,3,47" ten="349,185,199,267" oya="1" hai0="123,38,78,84,131,63,21,77,56,16,99,9,113" hai1="118,43,5,67,49,53,59,91,55,46,41,133,109" hai2="2,116,36,120,13,27,121,110,62,92,32,100,87" hai3="57,69,76,93,10,127,50,34,15,20,11,74,24"/><U22/><E118/><V75/><F36/><W105/><G69/><T125/><D38/><U86/><E133/><V88/><F2/><W103/><G105/><T54/><D131/><U82/><E109/><V12/><F75/><W124/><G127/><T85/><D113/><U64/><E5/><V4/><F116/><W80/><G124/><T108/><D9/><U117/><E117/><V51/><F110/><W101/><G34/><T17/><D123/><U115/><E115/><V29/><F62/><W28/><G93/><T44/><D99/><U134/><E134/><V19/><F100/><W66/><G10/><T73/><D17/><U104/><E104/><V45/><F4/><W135/><G135/><T39/><D73/><U83/><E22/><V61/><F61/><W106/><G106/><T112/><D112/><U96/><E96/><V42/><REACH who="2" step="1"/><F19/><REACH who="2" ten="349,185,189,267" step="2"/><W89/><G89/><T31/><D108/><U23/><E23/><V6/><F6/><W25/><G25/><T65/><D21/><U71/><E71/><V94/><F94/><W122/><G122/><AGARI ba="0,1" hai="12,13,27,29,32,42,45,51,87,88,92,120,121,122" machi="122" ten="40,8000,1" yaku="1,1,52,1,54,1,53,1" doraHai="47" doraHaiUra="37" who="2" fromWho="3" sc="349,0,185,0,189,90,267,-80" /><INIT seed="6,0,0,4,1,52" ten="349,185,279,187" oya="2" hai0="111,28,10,118,120,38,69,7,119,55,12,53,37" hai1="102,9,93,2,133,89,41,92,110,57,117,127,13" hai2="0,43,100,22,67,47,16,90,82,50,128,113,73" hai3="116,114,30,126,75,134,46,70,135,42,64,34,33"/><V48/><F0/><W11/><G11/><T105/><D105/><U124/><E117/><N who="0" m="44553" /><D111/><U58/><E110/><V8/><F128/><W97/><G97/><T23/><D69/><U71/><E71/><V121/><F113/><W84/><G84/><T99/><D99/><N who="1" m="59751" /><E41/><V108/><F121/><W91/><G91/><T17/><D28/><U49/><E49/><V19/><F73/><W78/><G78/><T68/><D68/><U44/><E44/><V79/><F50/><W61/><G61/><T56/><D55/><U83/><E83/><V130/><F130/><W115/><G115/><T86/><D86/><N who="1" m="52407" /><E133/><V32/><F43/><W14/><G14/><N who="0" m="9655" /><D120/><U4/><E2/><V24/><F108/><W31/><G31/><T51/><AGARI ba="0,0" hai="7,10,12,37,38,51,53,56" m="9655,44553" machi="51" ten="30,2000,0" yaku="12,1,52,1" doraHai="52" who="0" fromWho="0" sc="349,20,185,-5,279,-10,187,-5" /><INIT seed="7,0,0,1,3,53" ten="369,180,269,182" oya="3" hai0="41,84,20,83,96,116,61,131,42,35,25,106,38" hai1="70,30,120,118,56,47,100,94,113,16,105,57,93" hai2="114,45,33,63,9,11,123,31,46,110,2,86,82" hai3="127,80,66,37,34,98,32,90,36,6,18,65,135"/><W91/><G91/><T44/><D116/><U15/><E118/><V108/><F33/><W97/><G97/><T4/><D131/><U23/><E120/><V3/><F63/><W101/><G101/><T102/><D4/><U43/><E70/><V10/><F31/><W14/><G14/><T29/><D41/><U88/><E30/><V95/><F95/><W112/><G112/><T133/><D133/><U134/><E134/><V104/><F104/><W121/><G121/><T74/><D74/><U132/><E132/><V48/><F123/><W21/><G21/><T72/><D61/><U62/><E113/><V75/><F75/><W73/><G73/><T85/><D35/><U0/><E0/><V51/><F114/><W92/><G92/><T69/><D69/><U125/><E105/><V55/><F3/><W39/><G39/><T126/><D72/><U54/><E125/><V128/><F128/><W8/><G8/><T103/><D126/><U67/><E100/><V111/><F2/><W124/><G124/><T117/><D117/><U115/><E115/><V24/><F111/><W79/><G79/><T7/><D102/><U22/><E22/><V64/><F110/><W12/><G12/><T59/><D7/><U78/><E78/><V109/><F109/><W1/><G1/><T19/><D29/><U77/><E77/><V122/><F108/><W130/><G130/><T68/><D103/><U60/><E88/><V13/><F122/><W52/><G52/><T40/><D96/><U119/><E119/><V71/><F55/><W28/><G28/><T87/><D106/><RYUUKYOKU ba="0,0" sc="369,-10,180,30,269,-10,182,-10" hai1="15,16,23,43,47,54,56,57,60,62,67,93,94" owari="359,46.0,210,-19.0,259,6.0,172,-33.0" /></mjloggm>