<mjloggm ver="2.3"><GO type="41" lobby="0"/><UN n0="%59%61%6B%75%6D%61%6E%37" n1="%E3%81%88%E3%81%B3%E3%81%99%39%2F%39" n2="%E2%93%9D%53%75%70%68%78" n3="%37%31%74%61%6B" dan="14,15,18,13" rate="1843.49,2002.49,2087.81,1857.82" sx="M,M,M,M"/><TAIKYOKU oya="0"/><INIT seed="0,0,0,0,5,126" ten="250,250,250,250" oya="0" hai0="6,2,85,117,94,107,55,131,78,106,121,66,61" hai1="4,11,58,7,124,84,16,41,110,91,133,71,5" hai2="20,8,65,120,30,27,69,39,44,40,24,111,43" hai3="12,87,80,63,134,23,114,68,50,10,47,81,77"/><T125/><D121/><U37/><E71/><V101/><F120/><W129/><G114/><T13/><D117/><U92/><E124/><V3/><F111/><W28/><G134/><T72/><D2/><U42/><E110/><V64/><F43/><W103/><G103/><T48/><D72/><U86/><E133/><V45/><F45/><W14/><G14/><T21/><D125/><U105/><E105/><V97/><F69/><W67/><G28/><T46/><D78/><U15/><E37/><V57/><F57/><W109/><G23/><T73/><D73/><U135/><E135/><V34/><F8/><W9/><G81/><T108/><D108/><U1/><E1/><V38/><F38/><W115/><G115/><T119/><D119/><U17/><E84/><V128/><F128/><W60/><G10/><T75/><D75/><U74/><E74/><V123/><F3/><W53/><G63/><T102/><D131/><U54/><REACH who="1" step="1"/><E17/><REACH who="1" ten="250,240,250,250" step="2"/><V82/><F123/><W51/><G109/><T116/><D107/><U104/><E104/><V70/><F70/><W83/><G87/><T59/><D106/><U127/><E127/><V100/><F39/><W89/><G68/><T98/><D85/><U49/><AGARI ba="0,1" hai="4,5,7,11,15,16,41,42,49,54,58,86,91,92" machi="49" ten="30,8000,1" yaku="1,1,0,1,8,1,54,1,53,1" doraHai="126" doraHaiUra="90" who="1" fromWho="1" sc="250,-40,240,90,250,-20,250,-20" /><INIT seed="1,0,0,5,2,51" ten="210,330,230,230" oya="1" hai0="135,132,67,63,49,45,56,17,73,19,134,86,8" hai1="128,76,108,82,107,131,13,6,52,122,89,7,102" hai2="94,30,37,44,111,65,117,105,96,133,10,40,114" hai3="38,43,113,34,18,46,126,3,57,28,61,99,91"/><U68/><E68/><V84/><F117/><W123/><G123/><T83/><D73/><U9/><E122/><V79/><F111/><W24/><G113/><T33/><D8/><U87/><E108/><V54/><F133/><W55/><G126/><T130/><D130/><N who="1" m="49707" /><E102/><V119/><F65/><W95/><G18/><T48/><D49/><U124/><E107/><V25/><F105/><W1/><AGARI ba="0,0" hai="1,3,24,28,34,38,43,46,55,57,61,91,95,99" machi="1" ten="30,2000,0" yaku="0,1,52,1" doraHai="51" who="3" fromWho="3" sc="210,-5,330,-10,230,-5,230,20" /><INIT seed="2,0,0,1,5,112" ten="205,320,225,250" oya="2" hai0="17,114,66,13,54,122,33,93,118,10,95,135,49" hai1="28,106,119,84,21,127,58,55,85,130,11,23,120" hai2="63,22,7,97,39,111,48,57,104,47,125,6,101" hai3="134,51,12,1,123,98,4,90,29,14,32,105,92"/><V9/><F125/><W62/><G123/><T94/><D114/><U79/><E106/><V27/><F39/><W16/><G105/><T30/><D135/><U52/><E119/><V59/><F111/><W81/><G134/><T124/><D124/><U102/><E130/><V73/><F73/><W116/><G116/><T64/><D122/><U3/><E102/><V132/><F132/><W46/><G14/><T87/><D118/><U91/><E120/><V34/><F34/><W37/><G37/><T108/><D108/><U115/><E115/><V60/><F59/><W110/><G110/><T126/><D126/><U88/><E79/><V100/><F100/><W67/><G1/><T117/><D117/><U20/><E28/><V15/><F57/><W103/><G4/><T78/><D30/><U65/><E11/><V56/><F56/><N who="3" m="37319" /><G29/><T69/><D69/><U121/><E3/><V107/><F107/><W109/><G109/><T44/><D33/><U80/><E121/><V61/><F7/><W131/><G131/><T133/><D133/><U0/><E0/><V70/><F70/><W75/><G75/><T40/><D40/><U43/><E43/><V19/><REACH who="2" step="1"/><F63/><REACH who="2" ten="205,320,215,250" step="2"/><W77/><G32/><T89/><REACH who="0" step="1"/><D78/><REACH who="0" ten="195,320,215,250" step="2"/><U53/><E127/><V45/><F45/><W82/><G77/><T99/><D99/><U25/><E84/><V38/><F38/><W31/><G103/><T128/><D128/><U113/><E113/><V71/><F71/><W42/><G98/><T18/><D18/><N who="1" m="12439" /><E91/><V50/><F50/><W26/><G51/><T36/><D36/><U2/><E88/><RYUUKYOKU ba="0,2" sc="195,15,320,-15,215,15,250,-15" hai0="10,13,17,44,49,54,64,66,87,89,93,94,95" hai2="6,9,15,19,22,27,47,48,60,61,97,101,104" /><INIT seed="2,1,2,5,2,65" ten="210,305,230,235" oya="2" hai0="78,108,24,67,117,71,93,102,118,62,135,21,50" hai1="49,20,87,34,11,38,126,99,112,29,72,100,44" hai2="68,46,12,14,58,131,119,16,82,132,42,32,76" hai3="22,35,26,8,114,91,63,101,54,23,120,33,127"/><V89/><F119/><N who="0" m="45578" /><D108/><U1/><E126/><V95/><F32/><W47/><G120/><T31/><D135/><U84/><E72/><V80/><F68/><W28/><G127/><T104/><D93/><U37/><E34/><V59/><F14/><W25/><G114/><T121/><D121/><U106/><E38/><V5/><F5/><W107/><G101/><T45/><D78/><U13/><E37/><V2/><F2/><W129/><G107/><T97/><D50/><U125/><E125/><V43/><F131/><W64/><G129/><T66/><D66/><U77/><E1/><V18/><F18/><W17/><G91/><T74/><D45/><U88/><E77/><V75/><F82/><W52/><G8/><T60/><D60/><U10/><E87/><V103/><F103/><W7/><G7/><T61/><D61/><U133/><E133/><V83/><F83/><W30/><G17/><T86/><D86/><U6/><E11/><V55/><F132/><W85/><G85/><T56/><D56/><U4/><E4/><V41/><F46/><W96/><G47/><T36/><D36/><U3/><E112/><V109/><F109/><W113/><G113/><T39/><D39/><U48/><E44/><V19/><F19/><W53/><REACH who="3" step="1"/><G96/><REACH who="3" ten="210,305,230,225" step="2"/><T9/><D9/><U105/><E105/><V124/><F124/><W51/><G51/><T40/><D40/><U128/><E128/><V116/><F116/><W98/><G98/><T111/><D111/><U90/><E3/><V69/><F43/><W79/><G79/><T27/><D27/><N who="1" m="16615" /><E90/><V92/><F42/><RYUUKYOKU ba="1,3" sc="210,10,305,10,230,-30,225,10" hai0="21,24,31,62,67,71,74,97,102,104" hai1="6,10,13,48,49,84,88,99,100,106" hai3="22,23,25,26,28,30,33,35,52,53,54,63,64" /><INIT seed="3,2,3,1,5,12" ten="220,315,200,235" oya="3" hai0="48,25,81,2,45,115,20,68,17,14,40,116,118" hai1="94,30,73,129,117,107,28,121,134,35,124,24,92" hai2="19,16,95,76,104,46,110,88,102,57,54,18,32" hai3="77,79,66,133,75,22,34,69,99,112,51,62,58"/><W7/><G112/><T90/><D115/><U123/><E73/><V83/><F32/><W135/><G34/><T113/><D68/><U44/><E35/><V119/><F119/><W130/><G130/><T87/><D2/><U131/><E44/><V37/><F110/><W36/><G36/><T74/><D113/><U122/><E24/><V33/><F33/><W31/><G7/><T91/><D74/><U67/><E107/><V97/><F46/><W13/><G99/><T38/><D38/><U120/><E120/><V84/><F37/><W86/><G75/><T41/><D40/><U80/><E80/><V105/><REACH who="2" step="1"/><F102/><REACH who="2" ten="220,315,190,235" step="2"/><W52/><G133/><T23/><REACH who="0" step="1"/><D90/><REACH who="0" ten="210,315,190,235" step="2"/><U70/><E123/><V10/><F10/><W42/><G135/><T61/><D61/><AGARI ba="2,5" hai="16,18,19,54,57,61,76,83,84,88,95,97,104,105" machi="61" ten="40,12000,2" yaku="1,1,52,3,54,2,53,1" doraHai="12" doraHaiUra="78" who="2" fromWho="0" sc="210,-126,315,0,190,176,235,0" /><INIT seed="4,0,0,0,1,132" ten="84,315,366,235" oya="0" hai0="55,112,34,11,5,71,78,42,50,83,114,122,44" hai1="1,62,124,130,15,64,118,107,70,76,2,134,69" hai2="67,49,93,91,24,135,7,10,119,75,81,45,86" hai3="27,57,63,23,95,20,109,52,51,46,3,65,40"/><T33/><D71/><U18/><E118/><V41/><F135/><W88/><G109/><T82/><D55/><U105/><E134/><V79/><F119/><W113/><G113/><T90/><D90/><U26/><E130/><V131/><F131/><W37/><G3/><T92/><D92/><U127/><E26/><V101/><F24/><W61/><G61/><T32/><D122/><U103/><E76/><V96/><F67/><W31/><G23/><T14/><REACH who="0" step="1"/><D83/><REACH who="0" ten="74,315,366,235" step="2"/><U74/><E70/><V111/><F111/><W60/><REACH who="3" step="1"/><G65/><REACH who="3" ten="74,315,366,225" step="2"/><T117/><D117/><U6/><E64/><V19/><F81/><W0/><G0/><T21/><D21/><U87/><E2/><V8/><F8/><W98/><AGARI ba="0,2" hai="20,27,31,37,40,46,51,52,57,60,63,88,95,98" machi="98" ten="20,8000,1" yaku="1,1,0,1,7,1,54,2,53,0" doraHai="132" doraHaiUra="110" who="3" fromWho="3" sc="74,-40,315,-20,366,-20,225,100" /><INIT seed="5,0,0,3,4,64" ten="34,295,346,325" oya="1" hai0="33,117,31,86,75,35,129,115,42,44,102,43,36" hai1="104,83,73,134,76,29,19,63,68,50,112,5,66" hai2="108,126,133,2,16,114,55,46,81,34,59,125,62" hai3="135,4,8,88,96,38,26,39,90,99,78,72,6"/><U24/><E112/><V107/><F108/><W41/><G135/><T47/><D47/><U57/><E134/><V53/><F133/><W71/><G26/><T13/><D115/><U85/><E5/><V54/><F114/><W14/><G78/><T118/><D86/><U49/><E19/><V28/><F107/><W80/><G80/><T21/><D21/><U52/><E104/><V122/><F2/><W120/><G14/><T15/><D102/><U48/><REACH who="1" step="1"/><E73/><REACH who="1" ten="34,285,346,325" step="2"/><V27/><F16/><W22/><G4/><T100/><D75/><U101/><E101/><V98/><F126/><W10/><G72/><T74/><D74/><U65/><E65/><V113/><F125/><W3/><G6/><T45/><D100/><U23/><AGARI ba="0,1" hai="23,24,29,48,49,50,52,57,63,66,68,76,83,85" machi="23" ten="20,12000,1" yaku="1,1,0,1,7,1,52,1,54,1,53,0" doraHai="64" doraHaiUra="110" who="1" fromWho="1" sc="34,-40,285,130,346,-40,325,-40" owari="-6,-51.0,415,51.0,306,11.0,285,-11.0" /></mjloggm>