<mjloggm ver="2.3"><GO type="41" lobby="0"/><UN n0="%E3%82%B5%E3%83%83%E3%83%9D%E3%83%AD%E4%B8%80%E7%95%AA%E5%91%B3%E5%99%8C" n1="%65%6F%66" n2="%E2%93%9D%53%75%70%68%78" n3="%E3%83%A4%E3%83%9E%E3%83%A2%E3%83%88%E3%82%B7%E3%83%B3" dan="15,14,19,14" rate="2059.41,2132.40,2078.18,1984.80" sx="M,F,M,M"/><TAIKYOKU oya="0"/><INIT seed="0,0,0,3,1,106" ten="250,250,250,250" oya="0" hai0="0,37,18,40,99,47,68,28,35,20,26,72,11" hai1="93,115,19,14,60,124,82,91,85,10,71,32,76" hai2="122,78,108,34,96,2,101,46,57,110,25,126,98" hai3="94,69,109,53,4,29,54,127,95,31,42,13,6"/><T75/><D68/><U100/><E115/><V65/><F2/><W50/><G69/><T84/><D84/><U105/><E124/><V51/><F122/><W24/><G109/><N who="2" m="42089" /><F126/><W61/><G42/><T79/><D79/><U131/><E131/><V97/><F57/><W22/><G31/><T113/><D113/><U70/><E32/><V5/><F5/><W81/><G81/><T114/><D114/><U134/><E60/><V36/><F36/><W111/><G111/><T63/><D63/><U56/><E56/><V67/><F101/><W120/><G120/><T64/><D64/><U133/><E70/><V52/><F78/><W77/><G77/><T103/><D11/><U73/><E71/><V88/><F34/><W27/><G4/><T118/><D0/><U74/><E74/><V116/><F25/><W43/><G27/><T3/><D3/><U104/><E104/><V86/><F116/><W7/><G7/><T8/><D8/><U132/><E132/><V112/><F112/><W125/><G127/><T1/><D1/><U16/><E19/><V59/><F59/><N who="3" m="35055" /><G43/><T129/><D118/><U33/><E33/><V17/><F17/><W23/><G125/><T117/><D117/><U55/><E55/><V44/><F44/><N who="3" m="27975" /><G6/><T41/><D41/><U87/><E87/><V21/><F21/><W128/><G128/><T102/><D129/><U92/><E92/><AGARI ba="0,0" hai="46,51,52,65,67,86,88,92,96,97,98" m="42089" machi="92" ten="30,3900,0" yaku="14,1,54,2" doraHai="106" who="2" fromWho="1" sc="250,0,250,-39,250,39,250,0" /><INIT seed="1,0,0,4,2,36" ten="250,211,289,250" oya="1" hai0="37,34,91,71,13,118,126,66,14,17,103,29,88" hai1="117,46,72,122,82,132,18,57,41,99,77,58,101" hai2="87,26,112,133,97,69,32,80,129,62,98,75,67" hai3="128,135,105,10,83,115,21,22,50,42,51,124,86"/><U64/><E122/><V104/><F129/><W130/><G115/><T134/><D118/><U30/><E117/><V65/><F133/><W102/><G135/><T92/><D134/><U35/><E132/><V113/><F67/><W74/><G74/><T93/><D126/><U119/><E119/><V54/><F54/><W53/><G10/><T109/><D109/><U16/><E35/><V8/><F8/><W24/><G21/><T6/><D37/><U61/><E57/><V85/><F98/><W116/><G116/><T111/><D111/><U95/><REACH who="1" step="1"/><E30/><REACH who="1" ten="250,201,289,250" step="2"/><N who="2" m="19543" /><F113/><W25/><G124/><T39/><D29/><U9/><E9/><V120/><F120/><W94/><G128/><T15/><D34/><U31/><E31/><V96/><F112/><W43/><G130/><T33/><D33/><U52/><E52/><V90/><F65/><W23/><G53/><T123/><D66/><U131/><E131/><V56/><F56/><W121/><G121/><T40/><D123/><U110/><E110/><V125/><F125/><W0/><G24/><T11/><D11/><U59/><E59/><V106/><F69/><W84/><G25/><T28/><D28/><U20/><E20/><V107/><F62/><W70/><G22/><T76/><D71/><U12/><E12/><V114/><F114/><W44/><G23/><T48/><D15/><U55/><E55/><V100/><F100/><W27/><G27/><T68/><D14/><U5/><E5/><V89/><F75/><W4/><G102/><T60/><D103/><U78/><E78/><V1/><F1/><W19/><G70/><RYUUKYOKU ba="0,1" sc="250,-15,201,15,289,15,250,-15" hai1="16,18,41,46,58,61,64,72,77,82,95,99,101" hai2="80,85,87,89,90,96,97,104,106,107" /><INIT seed="1,1,1,2,5,103" ten="235,216,304,235" oya="1" hai0="21,32,20,16,36,45,106,73,60,83,86,43,134" hai1="135,129,62,7,76,127,12,61,111,15,118,81,113" hai2="46,71,96,72,93,6,31,65,9,90,39,115,59" hai3="133,28,64,35,114,105,22,47,70,1,23,119,110"/><U95/><E113/><V124/><F124/><W123/><RYUUKYOKU type="yao9" ba="1,1" sc="235,0,216,0,304,0,235,0" hai3="1,22,23,28,35,47,64,70,105,110,114,119,123,133" /><INIT seed="1,2,1,3,1,115" ten="235,216,304,235" oya="1" hai0="8,40,91,113,99,65,52,43,25,63,135,67,5" hai1="104,79,73,28,38,20,118,2,102,46,26,29,49" hai2="0,35,84,94,124,127,68,48,3,70,98,120,6" hai3="9,71,11,47,122,86,51,21,36,130,45,83,132"/><U116/><E2/><V37/><F120/><W44/><G122/><T16/><D113/><U60/><E38/><V101/><F37/><W61/><G36/><T64/><D135/><U128/><E128/><V7/><F35/><W90/><G132/><T103/><D5/><N who="2" m="1546" /><F48/><W14/><G130/><T93/><D103/><U55/><E28/><V111/><F84/><W133/><G133/><T95/><D95/><U112/><E112/><V78/><F78/><W74/><G74/><T129/><D129/><U15/><E79/><V66/><F111/><W22/><G51/><T27/><D27/><U88/><E73/><V96/><F66/><W50/><G50/><T34/><D34/><U4/><E88/><N who="2" m="55367" /><F70/><W72/><G72/><T119/><D119/><U19/><E4/><V108/><F68/><W23/><G71/><T89/><D89/><U107/><E60/><V24/><F24/><W12/><G61/><T77/><D77/><U106/><REACH who="1" step="1"/><E102/><REACH who="1" ten="235,206,304,235" step="2"/><V114/><F114/><W117/><G117/><T58/><D8/><AGARI ba="2,2" hai="8,15,19,20,26,29,46,49,55,104,106,107,116,118" machi="8" ten="40,18000,2" yaku="1,1,2,1,52,2,53,3" doraHai="115" doraHaiUra="100" who="1" fromWho="0" sc="235,-186,206,206,304,0,235,0" /><AGARI ba="2,0" hai="8,9,11,12,14,21,22,23,44,45,47,83,86,90" machi="8" ten="40,1300,0" yaku="8,1" doraHai="115" who="3" fromWho="0" sc="49,-13,412,0,304,0,235,13" /><INIT seed="1,3,0,2,3,122" ten="36,412,304,248" oya="1" hai0="129,116,31,57,54,59,101,89,92,105,95,111,135" hai1="87,23,76,100,64,16,132,68,1,84,37,102,81" hai2="36,40,46,134,131,78,96,94,10,33,73,75,62" hai3="13,14,110,99,5,127,71,79,85,133,20,123,77"/><U118/><E118/><V6/><F134/><W38/><G123/><T44/><D116/><U49/><E132/><V80/><F131/><W48/><G38/><T0/><D135/><U11/><E37/><V67/><F33/><W52/><G133/><T82/><D129/><U109/><E84/><V97/><F75/><W58/><G71/><T70/><D70/><U24/><E109/><V47/><F47/><W128/><G128/><T17/><D0/><U29/><E68/><V28/><F28/><W34/><G34/><T126/><D126/><U86/><E64/><V51/><F51/><W8/><G110/><T104/><D31/><U83/><E49/><V120/><F94/><W30/><G127/><T22/><D44/><U60/><E60/><V113/><F113/><W56/><G99/><T69/><D69/><U93/><E93/><V42/><F42/><W88/><G56/><T107/><D59/><U27/><E1/><N who="2" m="335" /><F120/><W32/><G32/><T74/><D101/><U2/><E2/><V21/><F21/><W103/><G103/><T91/><D111/><U112/><E112/><V39/><F39/><W63/><G63/><T12/><D74/><U119/><E119/><V7/><F7/><W25/><REACH who="3" step="1"/><G13/><REACH who="3" ten="36,412,304,238" step="2"/><T65/><D12/><U130/><E100/><V26/><F26/><W114/><G114/><T106/><D57/><AGARI ba="3,1" hai="36,40,46,57,62,67,73,78,80,96,97" m="335" machi="57" ten="30,1000,0" yaku="25,1" doraHai="122" who="2" fromWho="0" sc="36,-19,412,0,304,29,238,0" /><INIT seed="2,0,0,0,1,72" ten="17,412,333,238" oya="2" hai0="10,4,102,110,70,134,41,103,81,115,91,79,73" hai1="120,40,82,122,100,0,95,57,11,92,3,117,39" hai2="105,63,67,28,119,106,42,43,50,52,130,114,112" hai3="14,18,133,127,8,131,34,128,48,12,87,31,7"/><V13/><F28/><W69/><G69/><T5/><D115/><U65/><E117/><V56/><F106/><W90/><G127/><T116/><D70/><U101/><E65/><V60/><F105/><W51/><G133/><T64/><D116/><U111/><E57/><V107/><F107/><W59/><G31/><T15/><D64/><U23/><E23/><V71/><F13/><W16/><G34/><T9/><D134/><U124/><E124/><V104/><F104/><W123/><G123/><N who="1" m="47146" /><E111/><V86/><F86/><W35/><G35/><T76/><D110/><U85/><E40/><N who="2" m="15403" /><F119/><W125/><G125/><T66/><D66/><U24/><E24/><V29/><F29/><W75/><G75/><T27/><D91/><N who="1" m="51639" /><E39/><V80/><F80/><W36/><G36/><T44/><D27/><U46/><E0/><V132/><F132/><W68/><G68/><T54/><D54/><U49/><E100/><V74/><F74/><W61/><G59/><T84/><D79/><U58/><E58/><N who="2" m="33047" /><F130/><N who="3" m="49707" /><G61/><T32/><D32/><U45/><E3/><V109/><F109/><W33/><G33/><T1/><REACH who="0" step="1"/><D73/><REACH who="0" ten="7,412,333,238" step="2"/><U121/><E121/><V21/><F114/><W88/><G87/><T17/><D17/><U30/><E30/><V20/><F112/><W99/><G18/><T89/><D89/><U94/><E101/><V77/><F77/><W53/><G90/><T19/><D19/><U96/><E96/><V126/><F126/><W108/><G108/><T25/><D25/><U55/><E11/><V6/><F6/><W118/><G7/><T22/><D22/><U135/><E135/><RYUUKYOKU ba="0,1" sc="7,10,412,10,333,10,238,-30" hai0="1,4,5,9,10,15,41,44,76,81,84,102,103" hai1="45,46,49,55,92,94,95" hai2="20,21,56,60,63,67,71" /><INIT seed="2,1,1,2,1,11" ten="17,422,343,208" oya="2" hai0="2,49,57,43,126,70,56,104,132,81,30,77,133" hai1="65,40,102,91,61,54,131,109,1,14,97,67,16" hai2="58,99,118,120,59,32,29,82,113,78,85,79,111" hai3="26,64,27,114,124,117,12,0,123,48,72,9,28"/><V51/><F113/><W8/><G114/><T128/><D104/><U13/><E1/><V23/><F32/><W108/><G123/><T39/><D2/><U103/><E131/><V87/><F118/><W110/><G72/><T129/><D30/><U71/><E40/><V3/><F3/><W135/><G117/><T34/><D34/><U89/><E109/><V116/><F120/><W50/><G124/><T35/><D35/><U100/><E97/><V96/><F116/><W66/><G0/><T127/><D70/><U98/><E98/><N who="2" m="37419" /><F111/><W122/><G28/><T6/><D6/><U46/><E13/><V125/><F51/><W42/><G122/><T130/><D39/><U115/><E115/><V90/><F125/><N who="0" m="47626" /><D49/><N who="1" m="28983" /><E71/><V52/><F59/><W19/><G135/><N who="0" m="51787" /><D43/><U47/><E100/><V121/><F121/><W88/><G42/><T25/><D25/><U106/><E102/><V7/><F7/><W5/><G5/><T15/><D15/><U36/><E106/><V76/><F29/><W55/><G12/><T105/><D105/><U80/><E14/><V31/><F31/><W33/><G33/><T18/><D18/><U74/><E16/><V53/><F23/><W134/><G134/><T93/><D93/><U68/><E68/><V112/><F112/><W60/><G19/><T63/><D63/><U20/><E20/><V83/><F58/><W22/><G60/><T94/><D94/><U107/><E61/><V101/><F101/><W38/><G108/><T17/><D17/><U75/><E103/><V92/><F92/><W73/><G110/><T44/><D44/><RYUUKYOKU ba="1,1" sc="17,15,422,-15,343,15,208,-15" hai0="56,57,77,81,128,129,130" hai2="52,53,76,78,79,82,83,85,87,90" /><INIT seed="2,2,1,1,4,125" ten="32,407,358,193" oya="2" hai0="115,76,63,24,39,112,45,61,130,33,97,20,81" hai1="35,106,7,96,8,32,21,108,90,70,72,2,132" hai2="12,37,131,117,55,127,85,123,53,88,92,16,75" hai3="10,71,49,31,62,79,26,14,4,41,134,119,124"/><V13/><F117/><W28/><G119/><T126/><D33/><U17/><E70/><V94/><F75/><W19/><G124/><T133/><D126/><U56/><E72/><V120/><F127/><W129/><G134/><T34/><D34/><U102/><E132/><V51/><F37/><W29/><G79/><T18/><D133/><U46/><E108/><V135/><F135/><W95/><G71/><T100/><D39/><U114/><E114/><V5/><F131/><W50/><G62/><T110/><D110/><U59/><E46/><V101/><F55/><W57/><G95/><T78/><D78/><U84/><E32/><V128/><F128/><W86/><G86/><T103/><D130/><U48/><E48/><V27/><F123/><W83/><G83/><T122/><D122/><U54/><E54/><V40/><F40/><W30/><G129/><T116/><D116/><U0/><E0/><V25/><F13/><W73/><G73/><T43/><D100/><U99/><E99/><N who="2" m="59623" /><F5/><W68/><G68/><T107/><D115/><U87/><E35/><V111/><F111/><W64/><G41/><T38/><REACH who="0" step="1"/><D112/><REACH who="0" ten="22,407,358,193" step="2"/><U105/><E102/><V3/><F120/><W66/><G31/><T58/><D58/><U65/><E56/><N who="2" m="32831" /><F3/><W42/><G57/><T60/><D60/><U69/><E59/><V52/><F52/><W77/><G42/><T67/><D67/><N who="3" m="25641" /><G77/><T109/><D109/><U1/><E1/><V23/><AGARI ba="2,2" hai="12,16,23,25,27,85,88,94" m="32831,59623" machi="23" ten="30,11700,0" yaku="25,1,8,1,54,2" doraHai="125" who="2" fromWho="2" sc="22,-41,407,-41,358,143,193,-41" owari="-19,-52.0,366,17.0,501,60.0,152,-25.0" /></mjloggm>