<mjloggm ver="2.3"><GO type="41" lobby="0"/><UN n0="%E2%93%9D%53%75%70%68%78" n1="%6E%69%6B%75%5F%6D%65%6E" n2="%E4%B8%89%E6%B2%A2%E5%85%89%E6%99%B4%E3%81%AE%E3%81%B2%E3%81%98" n3="%65%E9%9B%80" dan="18,13,14,14" rate="2138.85,1835.11,1935.37,1913.17" sx="M,M,M,M"/><TAIKYOKU oya="0"/><INIT seed="0,0,0,3,1,118" ten="250,250,250,250" oya="0" hai0="85,48,60,47,61,105,30,13,46,86,71,21,10" hai1="112,94,133,5,69,57,111,90,67,41,65,52,83" hai2="92,108,39,72,89,130,59,84,68,49,17,33,51" hai3="31,81,56,76,43,129,29,24,125,36,32,38,62"/><T119/><D105/><U25/><E69/><V8/><F68/><W63/><G125/><T64/><D119/><U14/><E112/><V37/><F33/><W20/><G129/><T6/><D47/><U101/><E41/><V4/><F72/><W74/><G63/><T27/><REACH who="0" step="1"/><D61/><REACH who="0" ten="240,250,250,250" step="2"/><U70/><E133/><V82/><F130/><W22/><G43/><AGARI ba="0,1" hai="6,10,13,21,27,30,43,46,48,60,64,71,85,86" machi="43" ten="30,5800,0" yaku="1,1,2,1,7,1,53,0" doraHai="118" doraHaiUra="95" who="0" fromWho="3" sc="240,68,250,0,250,0,250,-58" /><INIT seed="0,1,0,4,5,119" ten="308,250,250,192" oya="0" hai0="61,26,22,29,16,118,116,91,30,5,60,107,74" hai1="81,36,4,33,70,34,2,59,95,48,14,102,41" hai2="52,40,135,94,46,8,75,134,56,130,3,79,0" hai3="131,20,43,122,63,108,7,18,101,73,133,58,38"/><T66/><D74/><U117/><E117/><V31/><F31/><W111/><G73/><T54/><D107/><U6/><E70/><V104/><F104/><W32/><G32/><T55/><D5/><U105/><E105/><V92/><F130/><W78/><G78/><T86/><D118/><U100/><E2/><V23/><F23/><W106/><G7/><T97/><D97/><U98/><E36/><V67/><F67/><W96/><G131/><T127/><D127/><U11/><E102/><V71/><F71/><W112/><G112/><T129/><D129/><U39/><E6/><V103/><F103/><W89/><G133/><N who="2" m="50697" /><F79/><W80/><G122/><T77/><D77/><U126/><E39/><N who="2" m="21791" /><F75/><W110/><G43/><T114/><D114/><U99/><E99/><V82/><F82/><W37/><G89/><T1/><D1/><N who="2" m="586" /><F8/><W21/><G80/><N who="0" m="49607" /><D116/><U24/><E126/><V47/><F47/><W113/><G113/><T84/><D66/><U10/><E10/><V19/><F19/><W15/><REACH who="3" step="1"/><G21/><REACH who="3" ten="308,250,250,182" step="2"/><T44/><D22/><U42/><E34/><V13/><F13/><W17/><G17/><T115/><D115/><U128/><E128/><V121/><F121/><W132/><G132/><T83/><D16/><U28/><E81/><V68/><F68/><W87/><G87/><T85/><D85/><U35/><E33/><V69/><F69/><W123/><G123/><T27/><D84/><U25/><E25/><V88/><F88/><W53/><AGARI ba="1,1" hai="15,18,20,37,38,53,58,63,96,101,106,108,110,111" machi="53" ten="30,4000,0" yaku="1,1,0,1,14,1,53,0" doraHai="119" doraHaiUra="64" who="3" fromWho="3" sc="308,-21,250,-11,250,-11,182,53" /><INIT seed="1,0,0,1,3,11" ten="287,239,239,235" oya="1" hai0="75,90,39,35,115,106,67,12,91,44,74,70,129" hai1="59,36,31,56,62,103,29,86,1,117,124,14,30" hai2="128,81,40,2,118,58,72,116,6,7,76,16,0" hai3="92,83,49,4,25,133,99,125,101,23,102,127,110"/><U19/><E117/><V3/><F40/><W85/><G110/><T114/><D35/><U66/><E1/><V20/><F128/><W15/><G133/><T65/><D44/><U121/><E36/><V119/><REACH who="2" step="1"/><F58/><REACH who="2" ten="287,239,229,235" step="2"/><W73/><G127/><T100/><D129/><U68/><E124/><V37/><F37/><W132/><G125/><T77/><D39/><U13/><E121/><V10/><F10/><W43/><G132/><T84/><D115/><U71/><E71/><V122/><F122/><W57/><G57/><T112/><D70/><U22/><E68/><V55/><F55/><W28/><G43/><T32/><D114/><U24/><E59/><V82/><F82/><W27/><G83/><T60/><D112/><U21/><E21/><V18/><F18/><W42/><G42/><T93/><D32/><U89/><E103/><V50/><F50/><W87/><G102/><T34/><D100/><U94/><AGARI ba="0,1" hai="13,14,19,22,24,29,30,31,56,62,66,86,89,94" machi="94" ten="30,11700,0" yaku="0,1,8,1,52,2" doraHai="11" who="1" fromWho="1" sc="287,-39,239,127,229,-39,235,-39" /><INIT seed="1,1,0,2,4,22" ten="248,366,190,196" oya="1" hai0="32,103,62,34,69,79,25,6,134,78,122,85,10" hai1="43,61,70,35,8,93,53,14,24,96,75,119,11" hai2="114,2,125,84,110,60,28,36,1,26,39,133,13" hai3="71,74,132,112,21,33,3,48,115,68,47,52,116"/><U0/><E75/><V64/><F114/><W27/><G33/><T77/><D134/><U90/><E119/><V76/><F133/><W63/><G132/><T82/><D122/><U127/><E0/><V123/><F123/><W94/><G3/><T45/><D103/><U58/><E70/><V117/><F117/><W30/><G74/><T5/><D5/><U67/><E43/><V97/><F125/><W129/><G129/><T51/><D62/><U89/><E11/><V108/><F97/><W113/><G116/><T102/><D102/><U83/><E127/><V100/><F100/><W72/><G72/><T73/><D69/><U31/><E83/><V49/><F49/><W4/><G4/><T135/><D34/><U104/><E104/><V55/><F55/><W126/><G126/><T41/><D73/><U29/><E29/><V18/><F84/><W80/><G80/><T130/><D130/><U109/><E109/><N who="2" m="42091" /><F76/><W124/><G124/><T59/><D135/><U81/><E81/><V54/><F54/><W42/><G94/><T7/><D7/><U111/><E111/><V44/><F44/><W101/><G101/><T56/><D79/><U128/><E128/><V121/><F121/><W20/><G20/><T118/><D78/><U95/><E53/><V66/><F1/><W120/><G120/><T92/><D118/><U99/><E8/><N who="2" m="6439" /><F2/><W50/><REACH who="3" step="1"/><G63/><REACH who="3" ten="248,366,190,186" step="2"/><T19/><D6/><U16/><E14/><V12/><F12/><W17/><G17/><AGARI ba="1,1" hai="16,17,24,31,35,58,61,67,89,90,93,95,96,99" machi="17" ten="40,7700,0" yaku="9,1,52,1,54,1" doraHai="22" who="1" fromWho="3" sc="248,0,366,90,190,0,186,-80" /><INIT seed="1,2,0,0,2,4" ten="248,456,190,106" oya="1" hai0="27,20,28,102,129,89,78,122,56,121,17,54,66" hai1="94,57,74,113,8,128,112,81,69,42,58,87,29" hai2="55,91,25,123,52,40,133,79,32,116,110,38,60" hai3="0,125,95,1,77,14,37,31,19,93,100,70,84"/><U50/><E69/><V49/><F123/><N who="0" m="47114" /><D129/><U130/><E74/><V16/><F116/><W101/><G37/><T12/><D102/><U72/><E72/><V23/><F79/><W63/><G125/><T109/><D109/><U76/><E29/><V47/><F110/><W6/><G31/><T18/><D78/><U13/><E94/><V48/><F133/><W80/><G6/><T126/><D66/><U114/><E57/><V10/><F60/><W7/><G7/><T115/><D115/><U105/><E105/><V35/><F10/><W15/><G70/><T43/><D43/><U24/><E24/><V9/><F9/><W61/><G77/><T65/><D65/><U53/><E42/><V134/><F134/><W5/><G5/><T83/><D126/><U59/><E59/><V34/><F91/><W135/><G135/><T51/><D12/><U90/><REACH who="1" step="1"/><E76/><REACH who="1" ten="248,446,190,106" step="2"/><V106/><REACH who="2" step="1"/><F106/><REACH who="2" ten="248,446,180,106" step="2"/><W104/><G104/><T97/><D89/><U120/><E120/><V131/><F131/><W124/><G124/><T67/><D67/><U73/><E73/><V3/><F3/><W111/><G111/><T41/><D27/><U36/><E36/><V71/><F71/><W132/><G132/><T11/><D56/><U75/><E75/><V86/><F86/><W107/><G107/><T21/><D97/><U99/><E99/><V85/><F85/><W30/><G84/><T119/><D119/><U46/><E46/><V92/><F92/><W96/><G96/><T33/><D83/><U62/><E62/><V103/><F103/><W98/><G80/><T39/><D39/><RYUUKYOKU ba="2,2" sc="248,-15,446,15,180,15,106,-15" hai1="8,13,50,53,58,81,87,90,112,113,114,128,130" hai2="16,23,25,32,34,35,38,40,47,48,49,52,55" /><INIT seed="1,3,2,0,3,37" ten="233,461,195,91" oya="1" hai0="129,83,26,67,125,30,131,5,132,92,28,34,58" hai1="111,9,110,63,60,107,19,15,135,99,98,124,85" hai2="133,3,97,76,116,93,12,13,10,80,101,94,75" hai3="121,56,61,6,102,120,126,49,86,62,87,46,17"/><U123/><E123/><V41/><F116/><W53/><G126/><T73/><D125/><U109/><E124/><V43/><F133/><W44/><G6/><T27/><D132/><U106/><E135/><V128/><F128/><N who="0" m="49226" /><D92/><U35/><E35/><V130/><F130/><W16/><G102/><T71/><D71/><U2/><E2/><V108/><F108/><W54/><G49/><T25/><D5/><U90/><E99/><V72/><F3/><W45/><G45/><T11/><D11/><U31/><E31/><V14/><F10/><W84/><G84/><T66/><D58/><U134/><E134/><V47/><F47/><W50/><G50/><T104/><D104/><N who="1" m="39979" /><E98/><V103/><F72/><W29/><G29/><N who="0" m="11371" /><D34/><U74/><E74/><V8/><F8/><W118/><REACH who="3" step="1"/><G56/><REACH who="3" ten="233,461,195,81" step="2"/><T69/><D69/><U122/><E122/><V68/><F68/><W24/><G24/><T70/><D70/><U59/><E59/><V113/><F113/><W0/><G0/><T89/><D73/><U23/><E9/><V119/><F119/><AGARI ba="3,3" hai="16,17,44,46,53,54,61,62,86,87,118,119,120,121" machi="119" ten="25,6400,0" yaku="1,1,22,2,54,1,53,0" doraHai="37" doraHaiUra="100" who="3" fromWho="2" sc="233,0,461,0,195,-73,81,103" /><INIT seed="2,0,0,1,2,2" ten="233,461,122,184" oya="2" hai0="54,98,100,116,87,67,15,1,84,62,119,71,41" hai1="46,77,23,6,61,20,80,28,16,64,42,127,132" hai2="30,34,125,91,115,122,24,22,94,133,32,72,105" hai3="123,76,74,12,39,135,4,99,58,117,3,19,118"/><V63/><F105/><W81/><G123/><T86/><D1/><U51/><E28/><V75/><F122/><W131/><G131/><T93/><D41/><U107/><E107/><V56/><F115/><W73/><G73/><T69/><D54/><U82/><E132/><V60/><F133/><W9/><G135/><T53/><D53/><U43/><E127/><V106/><F106/><W57/><G99/><T29/><D29/><U66/><E23/><V101/><F125/><W126/><G126/><T17/><REACH who="0" step="1"/><D71/><REACH who="0" ten="223,461,122,184" step="2"/><U128/><E128/><V102/><F30/><W11/><G58/><T10/><AGARI ba="0,1" hai="10,15,17,62,67,69,84,86,87,93,98,100,116,119" machi="10" ten="30,7900,0" yaku="1,1,2,1,0,1,53,1" doraHai="2" doraHaiUra="59" who="0" fromWho="0" sc="223,89,461,-20,122,-39,184,-20" /><INIT seed="3,0,0,1,1,93" ten="312,441,83,164" oya="3" hai0="126,125,32,89,98,67,61,40,31,124,88,54,77" hai1="1,36,46,17,86,30,10,50,70,24,110,2,128" hai2="14,6,11,66,7,105,82,9,134,75,135,49,115" hai3="92,39,102,8,127,69,18,114,62,120,101,25,23"/><W16/><G114/><T91/><D77/><U71/><E36/><V76/><F115/><W116/><G116/><T22/><D40/><U113/><E113/><V41/><F66/><W19/><G120/><T13/><D32/><U129/><E110/><V107/><F41/><W109/><G39/><T84/><D54/><U20/><E86/><V104/><REACH who="2" step="1"/><F49/><REACH who="2" ten="312,441,73,164" step="2"/><W74/><G109/><T72/><D67/><U47/><E71/><V83/><F83/><W130/><G69/><T34/><D61/><U123/><E70/><V103/><F103/><W53/><G127/><T58/><D126/><U97/><E123/><V96/><F96/><N who="3" m="59527" /><G130/><T65/><D125/><U35/><E129/><V37/><F37/><W94/><G8/><T68/><D68/><U29/><E10/><V27/><F27/><W122/><G122/><T111/><D111/><U81/><E24/><V4/><F4/><W79/><G74/><T87/><D72/><U48/><E128/><V15/><AGARI ba="0,1" hai="6,7,9,11,14,15,75,76,82,104,105,107,134,135" machi="15" ten="40,5200,0" yaku="1,1,0,1,9,1,53,0" doraHai="93" doraHaiUra="55" who="2" fromWho="2" sc="312,-13,441,-13,73,62,164,-26" /><INIT seed="4,0,0,0,5,62" ten="299,428,135,138" oya="0" hai0="131,133,20,112,81,5,76,53,1,0,134,2,84" hai1="44,89,28,105,93,3,40,47,10,101,8,27,17" hai2="83,34,70,102,36,90,130,135,119,31,29,125,74" hai3="80,23,63,54,13,104,117,129,86,103,24,116,128"/><T4/><D112/><U45/><E105/><V51/><F36/><W58/><G13/><T25/><D131/><U49/><E101/><V68/><F102/><W91/><G103/><T126/><D126/><U100/><E100/><V132/><F51/><W99/><G99/><T61/><D53/><U82/><E82/><V19/><F130/><N who="3" m="50283" /><G104/><T95/><D95/><U107/><E107/><V22/><F125/><W35/><G35/><T92/><D92/><U77/><E77/><V108/><F108/><W18/><AGARI ba="0,0" hai="18,23,24,54,58,63,80,86,91,116,117" m="50283" machi="18" ten="30,1100,0" yaku="19,1" doraHai="62" who="3" fromWho="3" sc="299,-5,428,-3,135,-3,138,11" /><INIT seed="5,0,0,2,1,115" ten="294,425,132,149" oya="1" hai0="27,74,101,17,64,83,95,104,47,19,68,108,76" hai1="111,2,30,129,126,52,24,12,41,90,23,91,44" hai2="79,42,32,54,131,40,66,73,118,13,75,67,45" hai3="18,119,56,63,124,121,128,125,7,123,113,116,61"/><U8/><E2/><V92/><F32/><W78/><G7/><T102/><D108/><U59/><E111/><V43/><F79/><W97/><G78/><T34/><D47/><U1/><E1/><V94/><F13/><W106/><G18/><T48/><D48/><U57/><E57/><V69/><F45/><W49/><G113/><T15/><D95/><U50/><E129/><V135/><F131/><W25/><G25/><T65/><D68/><U16/><REACH who="1" step="1"/><E126/><REACH who="1" ten="294,415,132,149" step="2"/><N who="3" m="48746" /><G128/><T51/><D65/><U99/><E99/><V70/><F67/><W31/><G97/><T87/><D64/><U132/><E132/><V84/><F66/><W133/><G133/><T107/><D107/><U89/><E89/><V10/><F135/><W55/><G106/><T71/><D104/><U36/><AGARI ba="0,1" hai="8,12,16,23,24,30,36,41,44,50,52,59,90,91" machi="36" ten="20,12000,1" yaku="1,1,0,1,7,1,54,2,53,0" doraHai="115" doraHaiUra="62" who="1" fromWho="1" sc="294,-40,415,130,132,-40,149,-40" /><INIT seed="5,1,0,0,1,101" ten="254,545,92,109" oya="1" hai0="68,88,124,119,69,30,3,29,72,87,117,130,33" hai1="40,110,92,78,82,116,28,98,86,70,132,91,20" hai2="52,74,58,109,108,9,61,46,17,111,7,135,123" hai3="81,84,55,133,94,66,77,67,6,8,97,41,21"/><U47/><E70/><V36/><F74/><W26/><G133/><T128/><D3/><U35/><E35/><V76/><F76/><W102/><G55/><T65/><D124/><U79/><E132/><V0/><F135/><W63/><G41/><T118/><D72/><U5/><E5/><V75/><F75/><W1/><REACH who="3" step="1"/><G63/><REACH who="3" ten="254,545,92,99" step="2"/><N who="0" m="39999" /><D119/><U16/><E116/><V4/><F123/><W15/><G15/><T112/><D118/><U85/><E110/><V100/><F0/><W129/><G129/><T39/><D130/><U24/><E40/><V107/><F109/><W53/><G53/><T93/><D128/><U60/><E60/><V127/><F127/><W44/><G44/><T54/><D54/><U114/><E47/><V18/><F108/><W57/><G57/><T134/><D134/><U37/><E37/><V120/><F120/><W32/><G32/><T104/><D33/><U105/><E114/><V95/><F111/><W126/><G126/><T25/><D39/><U83/><E28/><AGARI ba="1,1" hai="1,6,8,21,26,28,66,67,77,81,84,94,97,102" machi="28" ten="30,2000,0" yaku="1,1,7,1,53,0" doraHai="101" doraHaiUra="11" who="3" fromWho="1" sc="254,0,545,-23,92,0,99,33" /><INIT seed="6,0,0,1,1,100" ten="254,522,92,132" oya="2" hai0="74,45,33,56,46,59,29,91,39,93,12,31,66" hai1="108,123,78,122,65,23,114,82,58,8,27,7,64" hai2="25,87,130,47,5,96,102,37,73,10,69,105,22" hai3="34,92,11,80,51,36,75,88,30,119,132,19,67"/><V131/><F69/><W70/><G36/><T79/><D74/><U85/><E58/><N who="0" m="22057" /><D33/><U128/><E108/><V126/><F73/><W124/><G119/><T83/><D39/><U41/><E41/><V94/><F87/><W15/><G132/><T63/><D83/><U133/><E133/><V107/><F47/><N who="0" m="17930" /><D79/><U48/><E48/><V84/><F37/><W113/><G51/><T57/><D12/><U71/><E71/><V61/><F126/><W118/><G118/><T95/><D95/><U98/><E98/><AGARI ba="0,0" hai="29,31,57,63,66,91,93,98" m="17930,22057" machi="98" ten="30,1000,0" yaku="8,1" doraHai="100" who="0" fromWho="1" sc="254,10,522,-10,92,0,132,0" /><INIT seed="7,0,0,3,3,106" ten="264,512,92,132" oya="3" hai0="38,93,100,120,34,111,103,85,115,27,86,41,36" hai1="52,19,55,59,119,74,125,124,122,82,97,39,84" hai2="104,31,121,40,113,114,37,50,20,56,94,88,126" hai3="16,51,4,5,21,10,79,53,47,89,14,107,9"/><W61/><G107/><T6/><D6/><U32/><E39/><V101/><F121/><W117/><G117/><T134/><D27/><U133/><E32/><V23/><F37/><W70/><G79/><T99/><D134/><U102/><E133/><V13/><F104/><W57/><G70/><T92/><D41/><U83/><E122/><V96/><F126/><W81/><G10/><T75/><D34/><U68/><E68/><V62/><F20/><W60/><G4/><T90/><D115/><U7/><E7/><V98/><F50/><W54/><G61/><T91/><D120/><U87/><E59/><V28/><F40/><W69/><G69/><T72/><D99/><U112/><E97/><V12/><F98/><W109/><G109/><AGARI ba="0,0" hai="36,38,72,75,85,86,90,91,92,93,100,103,109,111" machi="109" ten="25,6400,0" yaku="22,2,52,2" doraHai="106" who="0" fromWho="3" sc="264,64,512,0,92,0,132,-64" owari="328,13.0,512,61.0,92,-31.0,68,-43.0" /></mjloggm>