<mjloggm ver="2.3"><GO type="41" lobby="0"/><UN n0="%E2%93%9D%53%75%70%68%78" n1="%47%75%72%65%6E%6E" n2="%E3%81%9A%E3%82%93%E3%81%9A%E3%82%93%E3%81%A1%E3%83%BC" n3="%31%30%31%E3%81%AE%E3%81%8B%E3%82%81" dan="18,15,14,13" rate="2111.04,1938.61,1896.51,1851.70" sx="M,M,M,M"/><TAIKYOKU oya="0"/><INIT seed="0,0,0,5,4,53" ten="250,250,250,250" oya="0" hai0="60,25,83,34,116,8,49,114,57,48,130,119,93" hai1="71,96,23,39,135,3,74,87,63,67,122,58,18" hai2="31,90,78,80,19,22,125,112,106,65,127,129,89" hai3="109,6,66,69,32,24,52,1,50,91,81,20,85"/><T2/><D114/><U36/><E122/><V68/><F112/><W37/><G32/><T14/><D2/><U0/><E74/><V21/><F106/><W47/><G37/><T97/><D130/><U12/><E135/><V121/><F121/><W4/><G1/><T30/><D83/><U115/><E115/><V92/><F129/><W98/><G109/><T46/><D119/><U15/><E87/><V35/><F35/><W73/><G73/><T33/><D33/><U28/><E28/><V123/><F123/><W26/><G26/><T88/><D46/><U9/><E96/><V113/><F113/><W133/><G133/><T40/><D40/><U101/><E101/><V55/><F55/><W27/><G27/><T117/><D117/><U94/><E94/><V110/><F31/><W134/><G134/><T118/><D118/><U132/><E132/><V76/><F92/><N who="3" m="56607" /><G66/><T77/><D77/><U124/><E124/><V103/><F78/><N who="3" m="46263" /><G69/><T54/><REACH who="0" step="1"/><D116/><REACH who="0" ten="240,250,250,250" step="2"/><U82/><E82/><V111/><F80/><W16/><AGARI ba="0,1" hai="4,6,16,20,24,47,50,52" m="46263,56607" machi="16" ten="30,4000,0" yaku="8,1,54,2" doraHai="53" who="3" fromWho="3" sc="240,-20,250,-10,250,-10,250,50" /><INIT seed="1,0,0,2,0,127" ten="220,240,240,300" oya="1" hai0="11,99,38,35,135,80,46,57,50,71,62,30,61" hai1="0,19,10,78,118,36,96,17,132,23,105,92,88" hai2="130,53,1,70,120,25,112,7,87,28,115,116,129" hai3="6,43,34,66,49,5,42,91,27,75,68,41,98"/><U113/><E118/><V64/><F120/><W45/><G75/><T15/><D135/><U4/><E113/><N who="2" m="43595" /><F70/><W13/><G68/><T48/><D38/><U24/><E132/><V76/><F64/><W128/><G66/><T103/><D35/><U32/><E36/><V110/><F53/><W72/><G72/><T20/><D80/><U117/><E117/><V60/><F60/><W8/><G6/><T58/><D71/><U85/><E32/><N who="2" m="20495" /><F116/><W94/><G34/><T65/><D46/><U124/><E124/><V101/><F101/><W109/><G27/><T3/><D3/><U81/><REACH who="1" step="1"/><E105/><REACH who="1" ten="220,230,240,300" step="2"/><V84/><F110/><W54/><G109/><T9/><D65/><U86/><E86/><N who="2" m="32811" /><F76/><W33/><G33/><T100/><D99/><U126/><E126/><V51/><F51/><W82/><REACH who="3" step="1"/><G82/><REACH who="3" ten="220,230,240,290" step="2"/><T39/><D39/><U73/><E73/><V89/><F89/><W67/><G67/><T102/><D102/><U93/><E93/><V47/><F47/><W133/><G133/><T131/><D103/><U40/><E40/><V121/><F121/><W90/><G90/><T125/><D100/><U106/><E106/><V59/><F59/><W69/><G69/><T134/><D125/><U56/><E56/><V31/><F31/><AGARI ba="0,2" hai="0,4,10,17,19,23,24,31,78,81,85,88,92,96" machi="31" ten="30,11600,0" yaku="1,1,7,1,54,1,53,1" doraHai="127" doraHaiUra="22" who="1" fromWho="2" sc="220,0,230,136,240,-116,290,0" /><INIT seed="1,1,0,4,5,23" ten="220,366,124,290" oya="1" hai0="65,18,56,4,117,17,131,64,128,125,25,95,24" hai1="113,43,99,34,30,109,48,130,118,94,12,47,19" hai2="107,20,2,8,77,74,108,70,106,1,44,45,57" hai3="33,93,51,22,26,46,84,14,3,98,112,5,66"/><U55/><E118/><V32/><F70/><W119/><G66/><N who="0" m="25707" /><D117/><U121/><E121/><V42/><F32/><W68/><G68/><T96/><D125/><U79/><E113/><V69/><F108/><W87/><G112/><T126/><D4/><U90/><E109/><V28/><F69/><W35/><G3/><T27/><D56/><U78/><E130/><N who="0" m="49705" /><D126/><U41/><E34/><V82/><F57/><W37/><G37/><T10/><D10/><U50/><E30/><V36/><F45/><W58/><G58/><T0/><D0/><U49/><E49/><V104/><REACH who="2" step="1"/><F8/><REACH who="2" ten="220,366,114,290" step="2"/><N who="3" m="4367" /><G35/><T54/><D54/><U86/><E41/><V21/><F21/><W103/><G33/><T135/><D135/><U120/><E120/><V88/><F88/><AGARI ba="1,1" hai="17,18,24,25,27,88,95,96" m="49705,25707" machi="88" ten="30,8000,1" yaku="19,1,52,3,54,1" doraHai="23" who="0" fromWho="2" sc="220,93,366,0,114,-83,290,0" /><INIT seed="2,0,0,0,4,56" ten="313,366,31,290" oya="2" hai0="39,80,107,124,19,47,23,92,9,87,106,76,48" hai1="134,17,0,116,83,71,10,128,89,109,104,22,117" hai2="20,98,43,97,62,96,91,25,90,69,50,30,1" hai3="31,119,8,14,44,125,122,26,24,79,112,4,94"/><V65/><REACH who="2" step="1"/><F1/><REACH who="2" ten="313,366,21,290" step="2"/><W110/><G119/><T18/><D124/><U123/><E117/><V49/><F49/><W3/><G125/><T64/><D48/><U6/><E116/><V108/><F108/><W114/><G110/><T88/><D39/><U72/><E109/><V103/><F103/><W70/><G122/><T59/><D107/><U85/><E123/><V54/><F54/><W36/><G114/><T5/><D106/><U52/><E104/><V102/><F102/><W21/><G112/><T63/><D47/><AGARI ba="0,1" hai="20,25,30,43,47,50,62,65,69,90,91,96,97,98" machi="47" ten="40,12000,1" yaku="21,2,52,1,53,1" doraHai="56" doraHaiUra="27" who="2" fromWho="0" sc="313,-120,366,0,21,130,290,0" /><INIT seed="2,1,0,5,3,113" ten="193,366,151,290" oya="2" hai0="18,20,4,7,110,123,26,129,134,23,61,15,78" hai1="46,14,105,38,79,37,25,83,120,102,42,77,75" hai2="132,9,133,116,54,55,10,130,104,8,70,135,59" hai3="97,34,3,106,22,53,84,126,81,31,114,127,17"/><V39/><F116/><W36/><G3/><T65/><D123/><U49/><E120/><V112/><F112/><W98/><G36/><T119/><D110/><U73/><E14/><V89/><F39/><W88/><G114/><T11/><D129/><U30/><E102/><V92/><F70/><W52/><G31/><T57/><D134/><U5/><E5/><V32/><F104/><W21/><G34/><T103/><D78/><U41/><E105/><V107/><F107/><W66/><G66/><T29/><D119/><U99/><E99/><N who="3" m="37898" /><G106/><T1/><D103/><U80/><REACH who="1" step="1"/><E41/><REACH who="1" ten="193,356,151,290" step="2"/><V100/><F100/><W91/><G127/><T124/><D7/><U72/><E72/><V125/><F125/><W64/><G126/><T122/><D124/><U93/><E93/><V90/><F130/><W35/><G35/><AGARI ba="1,1" hai="25,30,35,37,38,42,46,49,73,75,77,79,80,83" machi="35" ten="30,7700,0" yaku="1,1,7,1,9,1,53,1" doraHai="113" doraHaiUra="24" who="1" fromWho="3" sc="193,0,356,90,151,0,290,-80" /><INIT seed="3,0,0,2,0,1" ten="193,446,151,210" oya="3" hai0="127,92,77,8,66,103,22,3,118,97,87,114,74" hai1="19,35,101,44,100,128,51,62,121,134,27,47,12" hai2="42,28,135,46,6,93,32,38,21,48,53,125,107" hai3="85,30,72,63,65,116,58,31,50,56,52,55,90"/><W89/><G72/><T41/><D118/><U122/><E134/><V80/><F107/><W40/><G116/><T14/><D127/><U104/><E128/><V81/><F32/><W70/><G40/><T37/><D114/><U131/><E131/><V29/><F125/><W25/><G85/><T39/><D3/><U124/><E124/><V105/><F105/><W109/><G109/><T61/><D22/><U10/><E62/><V82/><F135/><W64/><G64/><T68/><D41/><U88/><E88/><V96/><F21/><W78/><G78/><T126/><D74/><U91/><E91/><V108/><F108/><W133/><G133/><T95/><D126/><U117/><E117/><V18/><F18/><W129/><G129/><T26/><D26/><U16/><E44/><V111/><F111/><W43/><G43/><T2/><D2/><U84/><E84/><V115/><F38/><W0/><G0/><T9/><D9/><U13/><E122/><V106/><F106/><W17/><G17/><T86/><D86/><U49/><E121/><V33/><F33/><W99/><G99/><T23/><D23/><U24/><E104/><V110/><F42/><W34/><G31/><N who="2" m="11849" /><F115/><W123/><REACH who="3" step="1"/><G123/><REACH who="3" ten="193,446,151,200" step="2"/><T75/><D75/><U132/><E132/><V113/><F113/><W57/><G57/><T94/><D39/><U36/><E36/><V54/><F110/><W130/><G130/><T67/><D37/><U119/><E119/><V120/><F120/><W69/><G69/><T45/><D68/><U76/><E76/><V60/><F96/><W112/><G112/><RYUUKYOKU ba="0,1" sc="193,-10,446,-10,151,-10,200,30" hai3="25,30,34,50,52,55,56,58,63,65,70,89,90" /><INIT seed="3,1,1,4,5,85" ten="183,436,141,230" oya="3" hai0="33,103,69,106,0,7,23,2,91,42,64,30,87" hai1="76,15,113,22,63,24,114,4,109,132,57,134,56" hai2="112,75,40,20,118,83,58,3,14,78,119,6,104" hai3="55,95,100,84,53,44,89,74,27,99,130,16,129"/><W61/><G74/><T45/><D23/><U65/><E109/><V125/><F112/><W122/><G122/><T86/><D86/><U19/><E76/><V92/><F104/><W54/><G44/><T5/><D5/><U131/><E131/><N who="3" m="50186" /><G61/><N who="0" m="40079" /><D7/><U111/><E111/><V46/><F125/><W121/><G121/><T120/><D120/><U116/><E116/><V115/><F115/><W73/><G73/><T70/><D70/><U48/><E48/><V88/><F58/><W31/><G31/><T77/><D77/><U102/><E102/><V110/><F110/><W21/><G84/><T128/><D128/><U18/><E4/><V13/><F13/><W11/><G11/><T66/><D66/><U51/><E51/><V41/><F41/><W8/><G8/><T135/><D42/><U52/><E65/><V10/><F20/><W127/><G127/><T80/><D45/><U81/><E81/><V96/><F14/><W9/><G9/><T72/><D72/><U98/><E98/><V35/><F35/><W79/><G79/><T17/><D33/><U124/><E124/><V108/><F108/><W28/><G28/><T37/><D30/><U93/><E113/><V32/><F32/><W47/><G47/><T117/><D80/><U60/><E114/><V38/><AGARI ba="1,1" hai="3,6,10,38,40,46,75,78,83,88,92,96,118,119" machi="38" ten="20,12000,2" yaku="0,1,7,1,25,2,52,1,54,1" doraHai="85" who="2" fromWho="2" sc="183,-31,436,-31,141,133,230,-61" /><INIT seed="4,0,0,4,0,45" ten="152,405,274,169" oya="0" hai0="78,36,48,54,112,108,35,8,6,60,17,66,44" hai1="69,55,7,16,100,97,33,29,39,119,62,4,52" hai2="2,41,116,32,49,113,37,84,91,19,110,23,87" hai3="88,77,131,34,67,124,20,85,75,95,47,57,120"/><T96/><D112/><U81/><E119/><V53/><F32/><W89/><G34/><T76/><D108/><U18/><E39/><V13/><F110/><W63/><G120/><T10/><D35/><U94/><E33/><V25/><F2/><W102/><G131/><T46/><D96/><U64/><E29/><V123/><F123/><W129/><G129/><T105/><D105/><U130/><E130/><V99/><F37/><W21/><G75/><T12/><D36/><U117/><E117/><V72/><F72/><W134/><G134/><T126/><D126/><U122/><E122/><V93/><F41/><W128/><G124/><T82/><D46/><U135/><E135/><V15/><F113/><W59/><G59/><T27/><D82/><U51/><E81/><V1/><F1/><W92/><G128/><T107/><D107/><U74/><E74/><V40/><F40/><W14/><G102/><T106/><D106/><U80/><E80/><V3/><F3/><W22/><G77/><T56/><REACH who="0" step="1"/><D10/><REACH who="0" ten="142,405,274,169" step="2"/><U90/><E100/><V111/><F111/><W125/><G47/><T24/><D24/><U31/><E97/><V43/><F116/><W30/><G125/><T61/><D61/><U42/><E62/><V118/><F118/><W109/><G109/><T50/><D50/><U114/><E51/><V115/><F115/><W68/><G68/><T11/><D11/><U9/><E69/><V5/><F25/><W103/><G103/><T133/><D133/><U28/><E114/><V98/><F99/><N who="3" m="57735" /><G30/><T26/><D26/><U71/><E71/><V104/><F98/><RYUUKYOKU ba="0,1" sc="142,15,405,-15,274,-15,169,15" hai0="6,8,12,17,27,44,48,54,56,60,66,76,78" hai3="14,20,21,22,57,63,67,85,89,95" /><INIT seed="4,1,1,0,5,60" ten="157,390,259,184" oya="0" hai0="9,124,77,19,30,38,3,90,79,133,121,16,135" hai1="104,4,18,54,83,14,130,27,108,127,116,92,120" hai2="41,101,98,102,134,10,31,115,46,65,29,128,8" hai3="68,91,84,119,122,12,75,58,22,34,66,7,20"/><T40/><D121/><U70/><E104/><V109/><F109/><W71/><G75/><T39/><D30/><U118/><E108/><V42/><F134/><N who="0" m="51210" /><D124/><U123/><E70/><V106/><F115/><W32/><G119/><T78/><D90/><U125/><E54/><V73/><F73/><W126/><G122/><N who="1" m="46634" /><E83/><V43/><F46/><W17/><G34/><T96/><D96/><U132/><E92/><V23/><F128/><W113/><G32/><T35/><D35/><U61/><E61/><V28/><F23/><W24/><G126/><N who="1" m="48138" /><E132/><V13/><F13/><W110/><G113/><T114/><D114/><U86/><E86/><V105/><F65/><W57/><G110/><T85/><D85/><U72/><E72/><V37/><F37/><N who="0" m="13834" /><D40/><U59/><E130/><V33/><F33/><W0/><G91/><T45/><D45/><U50/><E4/><AGARI ba="1,1" hai="3,4,9,16,19,77,78,79" m="13834,51210" machi="4" ten="40,3900,0" yaku="20,1,54,1" doraHai="60" who="0" fromWho="1" sc="157,52,390,-42,259,0,184,0" /><INIT seed="4,2,0,1,2,57" ten="209,348,259,184" oya="0" hai0="131,44,25,109,48,129,83,33,3,52,60,38,122" hai1="23,35,98,121,72,111,113,53,62,54,134,89,130" hai2="125,133,41,24,28,85,112,100,117,104,116,15,17" hai3="103,51,76,58,42,2,92,97,30,81,96,80,93"/><T87/><D122/><U114/><E121/><V59/><F112/><N who="1" m="43113" /><E111/><V45/><F125/><W50/><G2/><T128/><D3/><U115/><E35/><V14/><F133/><W43/><G58/><N who="0" m="34887" /><D38/><U102/><E134/><V55/><F85/><W16/><G16/><T0/><D0/><U75/><E130/><V124/><F100/><W79/><REACH who="3" step="1"/><G103/><REACH who="3" ten="209,348,259,174" step="2"/><T95/><D109/><U5/><E102/><V37/><F17/><W105/><G105/><T56/><D56/><N who="1" m="35087" /><E115/><V47/><F104/><W11/><G11/><T106/><D106/><U119/><E119/><V9/><F9/><W74/><G74/><T12/><D131/><U36/><E5/><V10/><F10/><W90/><G90/><T18/><D129/><U26/><E72/><V107/><F107/><W8/><G8/><T39/><D128/><U108/><E75/><V22/><F124/><W91/><G91/><T88/><D18/><U110/><E108/><V68/><F68/><W32/><G32/><T46/><D33/><U118/><E110/><V73/><F73/><W67/><G67/><T19/><D12/><U29/><E118/><N who="2" m="45675" /><F45/><W61/><G61/><AGARI ba="2,1" hai="14,15,22,24,28,37,41,47,55,59,61" m="45675" machi="61" ten="30,2000,0" yaku="12,1,52,1" doraHai="57" who="2" fromWho="3" sc="209,0,348,0,259,36,174,-26" /><INIT seed="5,0,0,3,2,126" ten="209,348,295,148" oya="1" hai0="33,60,84,96,32,67,28,76,109,94,63,100,90" hai1="119,107,45,17,102,75,122,1,5,37,51,106,85" hai2="38,39,29,116,93,21,20,54,41,80,131,55,14" hai3="77,40,135,86,52,129,13,88,57,123,26,115,99"/><U70/><E122/><V46/><F39/><W58/><G123/><T10/><D109/><U22/><E75/><V50/><F116/><W48/><G135/><T2/><D63/><U121/><E119/><V95/><F131/><W9/><G129/><T30/><D76/><U89/><E121/><V35/><F35/><W36/><G115/><T3/><D33/><U19/><E37/><V49/><F38/><W104/><G77/><T105/><D10/><U120/><E70/><V7/><F80/><W66/><G26/><T117/><D117/><U134/><E134/><V113/><F41/><W101/><G66/><T27/><REACH who="0" step="1"/><D30/><REACH who="0" ten="199,348,295,148" step="2"/><U118/><E118/><V34/><F34/><W103/><G36/><T87/><D87/><U59/><E85/><V8/><F113/><W64/><G40/><T108/><D108/><U91/><E120/><V73/><F73/><W44/><G64/><T127/><D127/><U16/><E22/><N who="2" m="8811" /><F29/><W98/><G98/><T82/><D82/><U23/><E23/><V110/><F110/><W0/><G0/><T72/><D72/><U92/><E1/><V124/><F124/><W53/><G53/><T15/><D15/><U25/><E25/><V6/><F6/><W130/><G130/><T125/><D125/><U81/><E5/><V133/><F133/><W42/><G42/><T47/><D47/><AGARI ba="0,1" hai="7,8,14,46,47,49,50,54,55,93,95" m="8811" machi="47" ten="30,1000,0" yaku="8,1" doraHai="126" who="2" fromWho="0" sc="199,-10,348,0,295,20,148,0" /><INIT seed="6,0,0,4,3,11" ten="189,348,315,148" oya="2" hai0="124,37,103,99,55,67,35,4,61,100,87,41,131" hai1="39,22,5,62,30,65,1,18,129,6,48,105,43" hai2="117,108,57,83,20,56,59,110,17,24,63,120,0" hai3="119,64,84,8,72,34,36,97,14,116,90,49,15"/><V7/><F117/><W23/><G72/><T85/><D35/><U33/><E105/><V134/><F120/><W78/><G36/><T45/><D103/><U58/><E129/><V76/><F134/><W128/><G34/><T16/><D4/><U73/><E73/><V51/><F51/><W91/><G128/><T102/><D102/><U86/><E39/><V81/><F7/><W60/><G23/><T125/><D55/><U54/><E43/><V77/><F0/><W114/><G8/><T106/><D16/><U135/><E135/><V21/><F63/><W98/><G49/><T47/><D47/><U133/><E133/><V122/><F122/><W94/><G114/><T40/><D40/><U89/><E30/><V93/><F93/><N who="3" m="56503" /><G119/><T82/><D131/><U118/><E33/><V126/><F126/><N who="0" m="48746" /><D82/><N who="1" m="49367" /><E1/><V113/><F113/><W130/><G130/><T28/><D28/><U32/><E32/><V132/><F132/><W2/><G2/><T31/><D31/><U75/><E75/><V42/><F42/><W13/><G116/><T80/><D80/><N who="2" m="30794" /><F20/><W66/><G60/><T19/><D19/><U44/><E118/><V26/><F24/><AGARI ba="0,0" hai="5,6,18,22,24,44,48,54,58,62,65" m="49367" machi="24" ten="30,1000,0" yaku="8,1" doraHai="11" who="1" fromWho="2" sc="189,0,348,10,315,-10,148,0" /><INIT seed="7,0,0,0,2,56" ten="189,358,305,148" oya="3" hai0="80,12,60,47,17,15,69,32,131,114,98,3,66" hai1="62,110,120,100,119,99,121,23,106,39,36,95,74" hai2="88,72,42,18,81,34,31,4,44,85,10,71,89" hai3="1,48,5,68,28,125,78,6,40,118,108,109,65"/><W16/><G78/><T130/><D3/><U33/><E110/><N who="3" m="42602" /><G118/><T77/><D32/><U26/><E33/><V111/><F111/><W30/><G125/><T107/><D114/><U87/><E119/><V93/><F72/><W19/><G40/><T113/><D113/><U38/><E74/><V46/><F34/><W29/><G48/><T22/><D47/><U92/><E106/><V41/><F71/><W91/><G91/><T59/><D69/><U124/><E124/><V63/><F31/><W43/><G43/><T115/><D115/><U27/><E27/><V126/><F42/><W64/><G1/><T104/><D15/><U50/><E50/><V37/><F46/><W116/><G68/><T70/><D70/><U128/><E128/><N who="0" m="49193" /><D98/><U11/><E11/><V134/><F44/><W127/><G127/><T117/><D117/><U53/><E36/><V52/><F41/><W24/><G116/><T57/><D57/><N who="1" m="35119" /><E38/><V2/><F37/><W82/><G82/><T7/><D7/><N who="3" m="2569" /><G24/><T103/><D103/><U9/><E39/><V75/><F75/><AGARI ba="0,0" hai="12,17,22,59,60,66,75,77,80,104,107" m="49193" machi="75" ten="30,2000,0" yaku="19,1,52,1" doraHai="56" who="0" fromWho="2" sc="189,20,358,0,305,-20,148,0" owari="209,-19.0,358,45.0,285,9.0,148,-35.0" /></mjloggm>