<mjloggm ver="2.3"><GO type="41" lobby="0"/><UN n0="%70%72%69%63%65" n1="%54%65%74%73%75%79%61%33" n2="%E2%93%9D%53%75%70%68%78" n3="%79%6F%73%75%36%34" dan="15,13,17,14" rate="2070.77,1842.86,2032.46,1895.18" sx="F,M,M,M"/><TAIKYOKU oya="0"/><INIT seed="0,0,0,4,5,32" ten="250,250,250,250" oya="0" hai0="134,135,113,3,61,54,18,1,114,21,45,121,97" hai1="11,55,75,133,9,127,125,115,34,86,90,77,118" hai2="16,28,95,15,52,27,80,43,20,69,94,89,130" hai3="35,31,53,109,71,111,103,68,119,102,38,96,40"/><T22/><D97/><U10/><E118/><V73/><F69/><W117/><G53/><T13/><D61/><U116/><E116/><N who="3" m="44618" /><G96/><T79/><D79/><U62/><E34/><V132/><F130/><W72/><G72/><T4/><D54/><U92/><E133/><N who="0" m="50697" /><D121/><U81/><E115/><N who="0" m="44041" /><D45/><U58/><AGARI ba="0,0" hai="9,10,11,55,58,62,75,77,81,86,90,92,125,127" machi="58" ten="30,1100,0" yaku="0,1" doraHai="32" who="1" fromWho="1" sc="250,-5,250,11,250,-3,250,-3" /><INIT seed="1,0,0,0,5,55" ten="245,261,247,247" oya="1" hai0="106,91,53,126,51,23,90,108,41,64,117,111,76" hai1="85,100,118,28,63,52,30,82,60,135,77,18,57" hai2="113,26,45,32,98,4,101,130,42,38,35,72,61" hai3="129,3,7,92,37,132,116,74,93,62,105,17,48"/><U128/><E118/><V94/><F130/><W95/><G37/><T120/><D117/><U50/><E128/><V40/><F72/><W80/><G116/><T102/><D126/><U20/><E100/><V44/><F113/><W84/><G129/><T73/><D41/><U2/><E2/><V59/><F4/><W67/><G105/><T11/><D11/><U66/><E135/><V19/><F19/><W81/><G132/><T36/><D36/><U123/><E123/><V68/><F68/><W13/><G74/><T21/><D120/><U12/><E63/><V107/><F26/><W83/><G48/><T58/><D64/><U86/><REACH who="1" step="1"/><E85/><REACH who="1" ten="245,251,247,247" step="2"/><V71/><F107/><W78/><G3/><T15/><D102/><U70/><AGARI ba="0,1" hai="12,18,20,28,30,50,52,57,60,66,70,77,82,86" machi="70" ten="20,24000,3" yaku="1,1,2,1,0,1,7,1,52,1,54,1,53,2" doraHai="55" doraHaiUra="25" who="1" fromWho="1" sc="245,-80,251,250,247,-80,247,-80" /><INIT seed="1,1,0,5,0,120" ten="165,501,167,167" oya="1" hai0="90,127,53,3,104,34,134,32,79,81,66,7,89" hai1="97,15,73,65,25,4,107,27,11,80,30,9,50" hai2="8,49,86,38,128,87,124,36,13,47,118,43,33" hai3="96,129,58,130,19,117,102,55,69,131,93,125,72"/><U35/><E27/><V75/><F118/><W108/><G69/><T16/><D104/><U88/><E11/><V21/><F75/><W12/><G117/><T78/><D66/><U68/><E50/><V109/><F33/><W63/><G72/><T46/><D127/><U26/><E25/><V83/><F128/><W39/><G39/><T57/><D46/><U114/><E114/><V105/><F87/><W92/><G125/><T116/><D116/><U110/><E73/><V133/><F133/><W37/><G37/><T98/><D134/><U10/><E65/><V74/><F105/><W48/><G108/><T135/><D135/><U6/><E68/><V54/><F109/><W52/><G93/><T115/><D115/><U31/><E110/><V17/><F74/><W119/><G119/><T29/><D3/><U94/><E107/><V91/><F124/><W64/><REACH who="3" step="1"/><G48/><REACH who="3" ten="165,501,167,157" step="2"/><T82/><D32/><U1/><E31/><V62/><F38/><W0/><G0/><T126/><D126/><U123/><E123/><V51/><F36/><W95/><G95/><T121/><D121/><U2/><E80/><V132/><F132/><W101/><G101/><T59/><D29/><U103/><E103/><V20/><REACH who="2" step="1"/><F62/><REACH who="2" ten="165,501,157,157" step="2"/><W24/><G24/><T45/><D34/><U67/><E26/><V14/><F14/><W70/><G70/><T41/><D81/><U77/><E35/><V18/><F18/><W56/><G56/><AGARI ba="1,2" hai="8,13,17,20,21,43,47,49,51,54,56,83,86,91" machi="56" ten="30,7700,0" yaku="1,1,7,1,8,1,53,1" doraHai="120" doraHaiUra="85" who="2" fromWho="3" sc="165,0,501,0,157,100,157,-80" /><INIT seed="2,0,0,1,4,11" ten="165,501,257,77" oya="2" hai0="24,131,68,8,54,85,38,42,123,130,93,2,23" hai1="18,110,99,21,56,26,87,13,25,27,28,20,127" hai2="82,109,106,134,84,30,111,41,65,135,132,86,33" hai3="95,0,104,129,5,51,69,47,107,3,81,89,102"/><V115/><F115/><W80/><G129/><N who="0" m="49163" /><D123/><U97/><E127/><V14/><F41/><W76/><G69/><T34/><D68/><U126/><E126/><V31/><F106/><W39/><G39/><T52/><D34/><U50/><E110/><N who="2" m="41995" /><F65/><W19/><G104/><T114/><D114/><U78/><E27/><N who="2" m="18655" /><F31/><W98/><G19/><N who="0" m="12415" /><D38/><U121/><E26/><V60/><F60/><W63/><G63/><T16/><D42/><U40/><E121/><V75/><F14/><W66/><G66/><T96/><D85/><U45/><E56/><V103/><F103/><W105/><G105/><T67/><D2/><U43/><E40/><V29/><F29/><W59/><G0/><T88/><D67/><U35/><E35/><V70/><F70/><W92/><G3/><T125/><D125/><U15/><E15/><AGARI ba="0,0" hai="8,15,16,52,54,88,93,96" m="12415,49163" machi="15" ten="30,8000,1" yaku="19,1,52,1,54,3" doraHai="11" who="0" fromWho="1" sc="165,80,501,-80,257,0,77,0" /><INIT seed="3,0,0,0,5,2" ten="245,421,257,77" oya="3" hai0="36,42,83,16,82,32,14,19,81,102,0,98,112" hai1="12,73,72,77,21,121,11,107,4,26,65,48,88" hai2="10,66,57,53,15,111,127,30,55,103,70,99,63" hai3="92,60,34,71,50,125,33,38,128,93,28,74,129"/><W133/><G38/><T44/><D0/><U20/><E107/><V7/><F111/><W64/><G74/><T8/><D32/><U76/><E121/><V13/><F127/><W22/><G125/><T68/><D68/><U100/><E100/><V54/><F30/><W114/><G114/><T67/><D112/><U108/><E108/><V1/><REACH who="2" step="1"/><F70/><REACH who="2" ten="245,421,247,77" step="2"/><W17/><G133/><T6/><REACH who="0" step="1"/><D67/><REACH who="0" ten="235,421,247,77" step="2"/><U39/><E65/><V91/><F91/><W122/><G122/><T87/><D87/><U96/><E88/><V95/><AGARI ba="0,2" hai="1,7,10,13,15,53,54,55,57,63,66,95,99,103" machi="95" ten="30,4000,0" yaku="1,1,0,1,52,1,53,0" doraHai="2" doraHaiUra="25" who="2" fromWho="2" sc="235,-10,421,-10,247,60,77,-20" /><INIT seed="4,0,0,1,1,41" ten="225,411,307,57" oya="0" hai0="30,90,88,135,62,24,132,20,94,108,126,45,11" hai1="49,19,29,84,130,87,112,38,18,27,73,72,1" hai2="127,28,131,57,0,117,8,13,115,16,61,69,96" hai3="92,34,67,111,105,118,82,80,95,98,75,21,106"/><T12/><D126/><U103/><E38/><V59/><F115/><W123/><G34/><T35/><D108/><U109/><E1/><V91/><F131/><W114/><G67/><T63/><D35/><U10/><E109/><V7/><F127/><W66/><G66/><T43/><D132/><U14/><E130/><V99/><F69/><W56/><G56/><T77/><D135/><U120/><E120/><V97/><F117/><W2/><G21/><T74/><D74/><U129/><E112/><V60/><F28/><W39/><G39/><T44/><D77/><U116/><E73/><V89/><F0/><W15/><G15/><T46/><D43/><U9/><E72/><V93/><F7/><W5/><G5/><N who="0" m="3183" /><D90/><U17/><E103/><V134/><F134/><W121/><G2/><T3/><D3/><U79/><E79/><V85/><REACH who="2" step="1"/><F91/><REACH who="2" ten="225,411,297,57" step="2"/><W36/><G114/><T81/><D81/><U6/><E116/><V78/><F78/><W32/><G80/><T71/><D71/><U48/><E129/><V100/><F100/><W55/><G82/><T125/><D125/><U33/><E6/><V65/><F65/><W26/><G118/><T25/><D25/><U102/><E102/><V4/><F4/><W128/><G26/><T40/><D40/><U42/><E42/><V104/><F104/><W54/><G105/><T124/><D124/><U64/><E27/><V47/><F47/><N who="0" m="12034" /><T113/><DORA hai="31" /><D113/><U23/><E33/><V70/><F70/><W51/><G32/><T83/><D83/><U22/><E29/><V110/><F110/><W76/><G111/><RYUUKYOKU ba="0,1" sc="225,15,411,-15,297,15,57,-15" hai0="20,24,30,62,63,88,94" hai2="8,13,16,57,59,60,61,85,89,93,96,97,99" /><INIT seed="4,1,1,0,5,23" ten="240,396,312,42" oya="0" hai0="101,92,131,61,100,34,108,5,43,127,13,25,98" hai1="60,58,117,83,73,123,22,85,124,71,64,54,125" hai2="86,109,21,96,4,48,103,126,90,121,56,12,20" hai3="99,27,116,51,87,18,39,69,50,62,7,2,79"/><T113/><D113/><U10/><E73/><V17/><F126/><N who="1" m="48745" /><E117/><V14/><F109/><W72/><G116/><T44/><D127/><U45/><E10/><V114/><F121/><W118/><G39/><T41/><D108/><U84/><E123/><V0/><F0/><W31/><G118/><T115/><D115/><U59/><E22/><V135/><F135/><W32/><G72/><T110/><D110/><U30/><E30/><V57/><F114/><W28/><G28/><T134/><D134/><U80/><E45/><V122/><F122/><W49/><G99/><T63/><D131/><U47/><E47/><V68/><F68/><W70/><G62/><T42/><D44/><U55/><E71/><V38/><F38/><W33/><G33/><T65/><D100/><U1/><E1/><V11/><F21/><W111/><G111/><T35/><D35/><U89/><E59/><V128/><F128/><W36/><G18/><T130/><D130/><U133/><E133/><V77/><F77/><AGARI ba="1,1" hai="54,55,58,60,64,77,80,83,84,85,89" m="48745" machi="77" ten="30,1000,0" yaku="18,1" doraHai="23" who="1" fromWho="2" sc="240,0,396,23,312,-13,42,0" /><INIT seed="5,0,0,0,0,83" ten="240,419,299,42" oya="1" hai0="52,44,2,18,131,16,38,125,106,118,28,133,87" hai1="54,55,126,132,65,64,111,124,17,88,92,95,23" hai2="31,50,107,19,84,49,13,85,60,105,100,119,4" hai3="96,34,24,135,103,115,123,79,77,11,72,127,33"/><U5/><E5/><V99/><F119/><W67/><G123/><T62/><D118/><U112/><E112/><V71/><F107/><W74/><G115/><T25/><D2/><U27/><E132/><V20/><F4/><W110/><G135/><T75/><D133/><U35/><E35/><V86/><REACH who="2" step="1"/><F31/><REACH who="2" ten="240,419,289,42" step="2"/><W113/><G113/><T121/><D28/><U61/><E111/><V63/><F63/><W22/><G110/><T53/><D62/><U70/><E65/><AGARI ba="0,1" hai="13,19,20,49,50,60,65,71,84,85,86,99,100,105" machi="65" ten="40,8000,1" yaku="1,1,52,3,53,0" doraHai="83" doraHaiUra="48" who="2" fromWho="1" sc="240,0,419,-80,289,90,42,0" /><INIT seed="6,0,0,2,2,101" ten="240,339,379,42" oya="2" hai0="98,52,3,84,19,109,115,49,87,41,10,53,93" hai1="96,67,108,122,132,0,128,95,58,5,16,18,127" hai2="64,63,54,22,90,7,103,23,34,105,133,40,104" hai3="129,126,46,48,12,83,97,1,94,38,81,85,57"/><V118/><F118/><W6/><G126/><T86/><D109/><U125/><E108/><V80/><F34/><W24/><G129/><T20/><D115/><U106/><E127/><V61/><F7/><W113/><G113/><T79/><D3/><U99/><E125/><V135/><F103/><W15/><G1/><T35/><D35/><U8/><E128/><V28/><F40/><W77/><G24/><T4/><D4/><U21/><E132/><N who="2" m="50763" /><F54/><W130/><G130/><T30/><D30/><U76/><E76/><V89/><F63/><W50/><G38/><T27/><D10/><U66/><E18/><V123/><F123/><W51/><G57/><T59/><D41/><U36/><E36/><V31/><F80/><W131/><G131/><T14/><D53/><U25/><E58/><N who="2" m="36919" /><F31/><W37/><G37/><T110/><D110/><U117/><E117/><V114/><F114/><W71/><G71/><T134/><D134/><U13/><E0/><V111/><F111/><W42/><G83/><T29/><D79/><U45/><E45/><V65/><F65/><W100/><REACH who="3" step="1"/><G15/><REACH who="3" ten="240,339,379,32" step="2"/><T78/><D14/><U60/><E122/><V68/><F68/><W112/><G112/><T82/><REACH who="0" step="1"/><D29/><REACH who="0" ten="230,339,379,32" step="2"/><U9/><E67/><V26/><F28/><W72/><G72/><T74/><D74/><U120/><E66/><V44/><F26/><W119/><G119/><T116/><D116/><U124/><E25/><V70/><F70/><W121/><G121/><T11/><D11/><AGARI ba="0,2" hai="6,11,12,42,46,48,50,51,77,81,85,94,97,100" machi="11" ten="40,8000,1" yaku="1,1,25,2,8,1,53,0" doraHai="101" doraHaiUra="55" who="3" fromWho="0" sc="230,-80,339,0,379,0,32,100" /><INIT seed="7,0,0,1,1,96" ten="150,339,379,132" oya="3" hai0="8,3,22,125,23,115,53,18,92,79,25,70,60" hai1="36,5,77,73,90,109,86,11,56,83,106,64,133" hai2="42,47,104,2,19,84,100,98,41,58,82,116,127" hai3="14,33,131,17,117,134,13,97,123,78,81,108,105"/><W45/><G117/><T132/><D125/><U122/><E109/><V4/><F116/><W62/><G123/><T113/><D79/><U114/><E122/><V89/><F127/><W71/><G33/><T124/><D124/><U128/><E36/><V39/><F42/><W9/><G108/><T110/><D110/><U118/><E118/><V43/><F43/><W48/><G131/><T61/><D132/><U107/><E128/><V135/><F19/><W46/><G134/><T34/><D92/><U120/><E120/><V94/><F135/><W15/><G45/><T75/><D75/><U31/><E31/><V65/><F4/><W35/><G35/><T7/><D34/><U111/><E111/><V28/><F2/><W103/><G71/><T72/><D72/><U66/><E114/><N who="0" m="43529" /><D70/><U93/><E133/><V6/><F6/><W20/><G62/><N who="0" m="24171" /><D22/><U55/><E106/><V30/><F104/><W32/><G32/><T37/><D37/><U67/><E107/><V126/><F126/><W101/><G101/><T76/><D76/><U1/><REACH who="1" step="1"/><E66/><REACH who="1" ten="150,329,379,132" step="2"/><V119/><F119/><W49/><G9/><T91/><D8/><U112/><E112/><V80/><F65/><W27/><REACH who="3" step="1"/><G46/><REACH who="3" ten="150,329,379,122" step="2"/><T40/><D40/><U87/><E87/><AGARI ba="0,2" hai="13,14,15,17,20,27,48,49,78,81,87,97,103,105" machi="87" ten="40,7700,0" yaku="1,1,2,1,52,1,53,0" doraHai="96" doraHaiUra="88" who="3" fromWho="1" sc="150,0,329,-77,379,0,122,97" /><INIT seed="7,1,0,2,1,102" ten="150,252,379,219" oya="3" hai0="77,39,121,134,80,100,69,35,96,87,131,27,97" hai1="67,94,104,3,61,26,29,101,30,85,66,132,4" hai2="2,19,58,68,84,99,57,135,60,31,21,117,92" hai3="8,90,109,83,10,133,110,123,112,70,7,9,37"/><W34/><G123/><T98/><D121/><U106/><E132/><V108/><F108/><N who="3" m="41579" /><G133/><T33/><D134/><U48/><E48/><V128/><F2/><W93/><G112/><T82/><D39/><U47/><E47/><V78/><F117/><W76/><G37/><T20/><D131/><U126/><E126/><V0/><F0/><N who="3" m="103" /><G34/><T116/><D116/><U120/><E120/><V12/><F128/><W103/><G103/><T129/><D129/><U62/><E4/><V13/><F135/><W5/><G5/><T114/><D69/><U81/><E3/><V65/><F68/><W40/><G40/><T115/><D33/><U32/><E30/><V46/><F31/><W127/><G127/><T49/><D35/><U44/><E44/><V111/><F111/><W75/><G70/><T14/><D14/><U22/><E32/><V51/><F13/><W6/><G6/><T89/><D27/><U71/><E94/><V53/><F92/><W16/><G16/><T59/><D20/><U17/><E101/><V11/><F21/><W54/><G54/><T25/><D25/><U18/><E18/><V52/><F53/><W119/><G119/><T38/><D38/><U23/><E62/><V1/><F1/><W73/><G73/><N who="0" m="43055" /><D49/><U105/><E61/><V24/><F24/><W72/><G72/><T28/><D28/><U15/><REACH who="1" step="1"/><E71/><REACH who="1" ten="150,242,379,219" step="2"/><V122/><F122/><W55/><G55/><T95/><D59/><U63/><E63/><V113/><F58/><W56/><G56/><T64/><D64/><U50/><E50/><V45/><F57/><W125/><G125/><RYUUKYOKU ba="1,1" sc="150,10,242,10,379,-30,219,10" hai0="82,87,89,95,96,97,98,100,114,115" hai1="15,17,22,23,26,29,66,67,81,85,104,105,106" hai3="9,10,75,76,83,90,93" /><INIT seed="7,2,1,3,4,36" ten="160,252,349,229" oya="3" hai0="34,21,23,8,60,14,53,48,101,38,93,74,128" hai1="105,54,6,19,96,7,82,130,40,0,65,22,61" hai2="50,122,12,52,62,123,13,110,9,2,71,81,47" hai3="86,92,95,79,102,58,29,64,91,10,44,124,11"/><W42/><G124/><T85/><D38/><U90/><E130/><V97/><F110/><W127/><G127/><T112/><D128/><U46/><E0/><V77/><F97/><N who="3" m="59687" /><G29/><T20/><D74/><U43/><E105/><V27/><F27/><W1/><G1/><T121/><D121/><N who="2" m="46090" /><F2/><W68/><G68/><T59/><D112/><U94/><E82/><V115/><F115/><W75/><G75/><T88/><D34/><U126/><E126/><V73/><F9/><W51/><G79/><T18/><REACH who="0" step="1"/><D101/><REACH who="0" ten="150,252,349,229" step="2"/><U131/><E131/><V5/><F73/><W107/><G107/><T120/><D120/><U45/><E6/><V57/><F5/><W66/><G66/><T98/><D98/><U16/><E7/><V132/><F132/><W125/><G125/><T55/><D55/><U106/><E54/><V56/><F52/><N who="3" m="32031" /><G64/><T89/><D89/><U114/><E114/><V63/><F77/><W26/><G26/><T3/><D3/><U111/><E106/><V33/><F33/><W24/><G24/><T83/><D83/><U84/><E96/><V135/><F81/><W134/><G134/><T109/><D109/><U37/><E111/><V31/><F135/><W72/><G72/><T76/><D76/><U129/><E129/><V28/><F13/><W103/><G103/><T30/><D30/><U119/><E65/><V67/><F12/><W133/><G133/><T104/><D104/><U118/><E119/><V41/><F71/><W32/><G32/><T69/><D69/><U78/><E118/><V108/><F108/><W99/><G99/><T70/><D70/><RYUUKYOKU ba="2,2" sc="150,10,252,-30,349,10,229,10" hai0="8,14,18,20,21,23,48,53,59,60,85,88,93" hai2="28,31,41,47,50,56,57,62,63,67" hai3="10,11,42,44,86,91,95" /><INIT seed="7,3,2,2,2,85" ten="160,222,359,239" oya="3" hai0="35,97,110,134,37,133,27,43,71,23,117,61,112" hai1="45,69,72,101,70,132,93,119,49,46,21,16,25" hai2="125,78,122,108,83,102,26,30,96,34,135,88,123" hai3="111,99,105,41,33,81,62,64,95,91,6,128,57"/><W116/><G116/><T18/><D117/><U2/><E119/><V24/><F108/><W19/><G33/><T74/><D110/><U80/><E132/><V12/><F125/><W131/><G111/><T75/><D35/><U86/><E2/><V76/><F26/><W120/><G120/><N who="2" m="46121" /><F135/><N who="0" m="51722" /><D43/><U31/><E72/><V68/><F68/><W8/><G41/><T98/><D37/><U44/><E31/><V4/><F88/><W126/><G126/><T40/><D40/><U94/><E70/><V51/><F51/><W39/><G39/><T67/><D112/><U0/><E0/><V14/><F4/><W47/><G47/><N who="1" m="17994" /><E101/><V11/><F11/><W114/><G114/><T90/><D97/><U118/><E69/><V121/><F78/><W92/><G105/><T7/><D7/><U84/><E118/><V3/><F3/><W65/><G65/><T63/><D63/><U38/><E38/><V10/><F10/><W28/><G28/><T100/><D100/><U55/><E84/><N who="2" m="48231" /><F121/><W82/><G19/><T15/><D27/><U20/><E20/><V79/><F79/><AGARI ba="3,2" hai="16,21,25,46,49,55,79,80,86,93,94" m="17994" machi="79" ten="30,2000,0" yaku="8,1,54,1" doraHai="85" who="1" fromWho="2" sc="160,0,222,49,359,-29,239,0" owari="160,-34.0,271,7.0,330,43.0,239,-16.0" /></mjloggm>