<mjloggm ver="2.3"><GO type="41" lobby="0"/><UN n0="%E2%93%9D%53%75%70%68%78" n1="%E8%BE%BA%E5%A2%83%E3%81%AE%E7%8B%90" n2="%4B%61%6D%69%6B%61%6D%69" n3="%E7%B5%B6%E5%AF%BE%E5%AE%89%E7%89%8C" dan="18,13,15,14" rate="2069.49,1962.75,1974.75,2037.43" sx="M,M,M,F"/><TAIKYOKU oya="0"/><INIT seed="0,0,0,0,0,41" ten="250,250,250,250" oya="0" hai0="22,134,44,90,27,75,10,67,92,114,100,65,104" hai1="72,32,23,89,78,125,56,9,93,115,126,2,131" hai2="94,49,50,135,76,98,83,61,4,74,106,96,117" hai3="88,46,14,18,51,130,116,108,81,26,62,37,118"/><T30/><D114/><U127/><E32/><V52/><F135/><W121/><G108/><T15/><D75/><U45/><E115/><V123/><F123/><W119/><G121/><T105/><D134/><U25/><E131/><V84/><F117/><W85/><G130/><T109/><D100/><U124/><E56/><N who="2" m="34951" /><F106/><W129/><G129/><T112/><D109/><U29/><E78/><V16/><F74/><W63/><G26/><T128/><D112/><U59/><E59/><V87/><F4/><W58/><G37/><T24/><D24/><U28/><E28/><V66/><F66/><W64/><G62/><T80/><D80/><U102/><E102/><V43/><F43/><W48/><REACH who="3" step="1"/><G46/><REACH who="3" ten="250,250,250,240" step="2"/><T71/><D44/><U82/><E45/><V20/><F50/><W53/><G53/><T34/><D128/><U33/><E126/><V69/><F49/><W77/><G77/><T103/><D67/><U54/><E54/><V101/><F69/><W0/><G0/><T110/><D110/><U57/><E2/><V95/><F76/><W36/><G36/><T1/><D65/><U79/><E57/><V99/><F101/><W55/><G55/><T21/><D1/><U3/><E125/><V7/><F7/><W120/><G120/><T39/><D39/><U42/><E42/><V122/><F122/><W47/><G47/><T107/><D103/><U133/><E133/><V12/><F83/><W17/><G17/><N who="0" m="8439" /><D71/><U40/><E127/><V68/><F68/><W73/><G73/><T6/><D6/><U31/><E124/><V13/><F13/><W111/><G111/><RYUUKYOKU ba="0,1" sc="250,10,250,-30,250,10,240,10" hai0="21,22,27,30,34,90,92,104,105,107" hai2="12,16,20,84,87,94,95,96,98,99" hai3="14,18,48,51,58,63,64,81,85,88,116,118,119" /><INIT seed="0,1,1,1,4,85" ten="260,220,260,250" oya="0" hai0="3,96,58,113,71,49,87,130,114,77,45,64,19" hai1="75,80,99,36,89,119,115,134,61,48,14,37,112" hai2="105,67,94,104,92,27,51,55,72,1,65,47,53" hai3="91,66,120,135,21,63,44,95,133,34,6,82,16"/><T10/><D71/><U12/><E119/><V83/><F1/><W18/><G34/><T125/><D130/><U35/><E35/><V69/><F27/><W26/><G6/><T25/><D125/><U32/><E32/><V52/><F69/><W97/><G120/><T126/><D126/><U132/><E61/><V8/><F8/><W4/><G4/><T57/><D96/><U42/><E48/><V68/><F68/><W39/><G18/><T124/><D124/><U123/><E123/><V103/><F83/><W127/><G127/><T102/><D102/><U101/><E42/><V54/><F72/><W31/><G31/><T13/><D3/><U62/><E62/><V24/><F24/><W40/><REACH who="3" step="1"/><G82/><REACH who="3" ten="260,220,260,240" step="2"/><T41/><D114/><U20/><E115/><V84/><F105/><W98/><G98/><T81/><D113/><U108/><E112/><V17/><F104/><W5/><G5/><N who="0" m="3279" /><D64/><U121/><E99/><N who="2" m="59879" /><F17/><W70/><AGARI ba="1,2" hai="16,21,26,39,40,44,63,66,70,91,95,97,133,135" machi="70" ten="30,7900,0" yaku="1,1,0,1,52,1,54,1,53,0" doraHai="85" doraHaiUra="28" who="3" fromWho="3" sc="260,-40,220,-21,260,-21,240,102" /><INIT seed="1,0,0,5,3,83" ten="220,199,239,342" oya="1" hai0="28,0,44,116,79,25,108,131,65,124,70,17,95" hai1="57,113,76,135,132,104,47,54,46,87,64,121,133" hai2="77,32,51,115,78,22,117,82,101,109,122,114,36" hai3="97,26,11,128,27,14,98,89,29,119,67,103,3"/><U1/><E104/><V86/><F36/><W130/><G3/><T105/><D131/><N who="3" m="50217" /><G119/><T58/><D124/><U90/><E76/><V66/><F32/><W80/><G67/><T13/><D108/><U15/><E1/><V69/><F66/><W125/><G125/><T55/><D105/><U35/><E35/><V63/><F69/><W16/><G103/><T24/><D70/><U38/><E121/><V118/><F63/><W23/><G26/><T10/><D25/><U34/><E34/><V81/><F51/><W96/><G80/><T18/><D0/><U99/><E99/><V72/><F22/><W8/><G8/><T59/><D24/><U94/><E64/><V120/><F109/><W40/><G40/><T12/><D65/><U4/><E113/><N who="2" m="43019" /><F101/><W39/><G39/><T111/><D111/><U43/><E47/><V75/><F75/><W126/><G126/><T110/><D44/><U71/><E71/><V53/><F53/><W129/><N who="3" m="50225" /><W20/><DORA hai="31" /><G20/><T112/><D110/><U74/><E74/><V9/><F9/><W6/><G29/><T52/><D28/><U62/><REACH who="1" step="1"/><E15/><REACH who="1" ten="220,189,239,342" step="2"/><V42/><F42/><W41/><G41/><T21/><D112/><U107/><E107/><V30/><F30/><W7/><G7/><AGARI ba="0,1" hai="4,7,38,43,46,54,57,62,87,90,94,132,133,135" machi="7" ten="40,18000,2" yaku="1,1,20,1,52,1,53,3" doraHai="83,31" doraHaiUra="2,84" who="1" fromWho="3" sc="220,0,189,190,239,0,342,-180" /><INIT seed="1,1,0,2,3,71" ten="220,379,239,162" oya="1" hai0="83,106,27,28,93,58,118,20,17,18,86,125,127" hai1="14,29,117,105,64,95,128,134,63,126,85,16,33" hai2="6,110,36,101,4,75,108,39,9,119,68,90,132" hai3="98,49,73,32,124,135,97,62,52,40,104,56,133"/><U47/><E105/><V96/><F119/><W3/><G73/><T11/><D106/><U54/><E117/><V15/><F75/><W72/><G72/><T70/><D70/><U35/><E134/><N who="3" m="51210" /><G124/><N who="0" m="47691" /><D118/><U67/><E126/><V30/><F68/><W19/><G3/><T46/><D93/><U7/><E7/><V113/><F132/><W34/><G19/><T122/><D58/><U78/><E67/><V87/><F30/><W123/><G123/><T115/><D115/><U99/><E29/><V26/><F26/><W50/><G50/><T107/><D107/><U91/><E128/><V103/><F6/><W41/><G49/><T116/><D122/><U23/><E47/><V31/><F31/><W66/><G66/><T10/><D116/><U42/><E54/><V44/><F44/><W89/><G89/><N who="0" m="51423" /><D46/><U13/><E42/><N who="3" m="16490" /><G104/><T111/><D18/><U22/><E64/><V94/><F113/><W48/><G48/><T37/><D17/><N who="1" m="10543" /><E35/><AGARI ba="1,0" hai="32,34,35,52,56,62,97,98" m="16490,51210" machi="35" ten="30,2000,0" yaku="20,1,54,1" doraHai="71" who="3" fromWho="1" sc="220,0,379,-23,239,0,162,23" /><INIT seed="2,0,0,3,5,123" ten="220,356,239,185" oya="2" hai0="63,124,48,121,133,128,27,104,78,72,107,134,58" hai1="113,91,14,30,22,0,87,59,3,12,26,120,127" hai2="79,69,122,66,42,97,119,73,101,135,41,35,132" hai3="5,65,100,84,16,82,110,47,71,57,28,115,21"/><V45/><F122/><W95/><G115/><T93/><D121/><U15/><E120/><V117/><F35/><W40/><G5/><T67/><D124/><U105/><E113/><V64/><F79/><W85/><G71/><T4/><D128/><U81/><E105/><V118/><F73/><W54/><G65/><N who="2" m="25193" /><F97/><W49/><G28/><T20/><D4/><U80/><E127/><V103/><F69/><W70/><G70/><T25/><D25/><U23/><E59/><V36/><F45/><W13/><G110/><T77/><D107/><U44/><E22/><V1/><F36/><W51/><G100/><N who="2" m="38473" /><F1/><W68/><G68/><T112/><D104/><U76/><REACH who="1" step="1"/><E44/><REACH who="1" ten="220,346,239,185" step="2"/><V130/><F130/><W98/><G47/><T96/><D112/><U86/><AGARI ba="0,1" hai="0,3,12,14,15,23,26,30,76,80,81,86,87,91" machi="86" ten="30,4000,0" yaku="1,1,2,1,0,1,53,0" doraHai="123" doraHaiUra="131" who="1" fromWho="1" sc="220,-10,346,50,239,-20,185,-10" /><INIT seed="3,0,0,2,1,45" ten="210,396,219,175" oya="3" hai0="127,12,96,60,114,56,84,23,133,69,80,7,110" hai1="106,19,18,40,79,42,38,30,52,109,107,94,16" hai2="20,74,57,75,64,49,2,43,113,87,39,68,73" hai3="10,126,3,46,95,131,76,32,53,35,11,78,99"/><W55/><G131/><T122/><D122/><U54/><E109/><V82/><F113/><W123/><G123/><T31/><D69/><U129/><E129/><V112/><F2/><W103/><G126/><T34/><D34/><U36/><E94/><V90/><F112/><W119/><G119/><T58/><D133/><U4/><E79/><N who="3" m="30250" /><G3/><T28/><D110/><U29/><E19/><V77/><F39/><W134/><G32/><T8/><D58/><U83/><REACH who="1" step="1"/><E4/><REACH who="1" ten="210,386,219,175" step="2"/><V105/><F77/><W15/><G95/><T62/><D114/><U111/><E111/><V33/><F105/><W51/><G134/><T128/><D128/><U44/><E44/><V116/><F33/><W132/><G132/><T102/><D127/><U21/><E21/><V118/><F20/><W14/><G35/><T98/><D23/><U67/><E67/><V135/><F135/><W61/><G10/><T5/><D8/><U1/><E1/><V85/><F118/><W47/><G47/><T50/><D7/><U125/><E125/><V17/><F17/><W108/><G11/><T93/><D5/><U81/><AGARI ba="0,1" hai="16,18,29,30,36,38,40,42,52,54,81,83,106,107" machi="81" ten="25,12000,2" yaku="1,1,0,1,22,2,54,2,53,0" doraHai="45" doraHaiUra="65" who="1" fromWho="1" sc="210,-30,386,130,219,-30,175,-60" /><INIT seed="4,0,0,1,3,91" ten="180,516,189,115" oya="0" hai0="50,21,92,65,33,96,88,41,34,45,124,68,104" hai1="47,99,110,18,86,19,42,108,131,55,123,80,57" hai2="5,49,128,66,129,121,85,125,4,0,59,111,13" hai3="40,38,52,43,98,11,7,29,14,90,46,101,89"/><T22/><D124/><U62/><E123/><V120/><F111/><W8/><G29/><T61/><REACH who="0" step="1"/><D104/><REACH who="0" ten="170,516,189,115" step="2"/><U31/><E110/><V51/><F125/><W134/><G134/><T64/><D64/><U48/><E108/><V135/><F121/><W9/><G7/><T36/><D36/><U10/><E131/><V119/><F120/><W76/><G38/><T122/><D122/><U79/><E31/><V28/><F28/><W70/><G98/><T32/><AGARI ba="0,1" hai="21,22,32,33,34,41,45,50,61,65,68,88,92,96" machi="32" ten="30,11700,0" yaku="1,1,0,1,52,1,54,1,53,0" doraHai="91" doraHaiUra="81" who="0" fromWho="0" sc="170,127,516,-39,189,-39,115,-39" /><INIT seed="4,1,0,1,5,71" ten="297,477,150,76" oya="0" hai0="52,64,87,38,82,30,133,56,88,132,96,65,111" hai1="94,17,58,79,32,100,134,53,135,126,128,8,60" hai2="42,91,34,107,110,66,7,112,120,102,117,21,116" hai3="89,45,114,15,20,18,33,54,43,1,35,39,90"/><T37/><D30/><U11/><E32/><V73/><F110/><W104/><G114/><T81/><D111/><U131/><E79/><V98/><F34/><W75/><G75/><T103/><D65/><U41/><E94/><V108/><F108/><W97/><G1/><T115/><D64/><U124/><E100/><V61/><F73/><W24/><G54/><T101/><D115/><U2/><E41/><V84/><F112/><W85/><G89/><T86/><D52/><U113/><E17/><V3/><F42/><W27/><G27/><T55/><D55/><U125/><E2/><V22/><F120/><W121/><G121/><T29/><D29/><U72/><E72/><V70/><F7/><W130/><G130/><N who="1" m="49706" /><E113/><V44/><F44/><W122/><G122/><T83/><D56/><U50/><E60/><V127/><F3/><W62/><G62/><T92/><D103/><U16/><E16/><V99/><F99/><W123/><G123/><T105/><REACH who="0" step="1"/><D87/><REACH who="0" ten="287,477,150,76" step="2"/><U10/><AGARI ba="1,1" hai="8,10,11,50,53,58,124,125,126,134,135" m="49706" machi="10" ten="40,8000,1" yaku="30,2,18,1,19,1" doraHai="71" who="1" fromWho="1" sc="287,-41,477,93,150,-21,76,-21" /><INIT seed="5,0,0,2,4,83" ten="246,570,129,55" oya="1" hai0="132,39,56,15,67,94,100,28,36,120,43,119,113" hai1="47,80,124,92,33,121,62,86,64,69,14,60,73" hai2="116,65,89,125,109,81,96,37,46,135,30,7,129" hai3="117,133,44,115,130,22,108,105,91,40,16,55,48"/><U131/><E121/><V2/><F109/><W77/><G108/><T88/><D119/><U76/><E33/><V118/><F65/><W127/><G117/><T111/><D132/><U98/><E131/><V0/><F30/><W128/><G133/><T90/><D113/><U68/><E47/><V8/><F96/><W52/><G115/><T1/><D1/><U87/><E124/><V103/><F103/><W4/><G127/><T114/><D15/><U35/><E35/><V45/><F81/><W17/><G105/><T5/><D5/><U122/><E122/><V61/><F89/><W34/><G34/><T19/><D90/><U58/><E14/><V102/><F61/><W70/><G70/><T134/><D39/><U97/><E97/><V51/><F51/><W101/><G101/><T41/><D36/><U12/><E12/><V38/><F102/><W11/><G77/><T26/><D100/><U59/><E98/><V123/><F123/><W75/><G75/><T27/><D114/><U66/><E92/><V23/><F23/><W3/><G91/><T95/><D95/><U13/><E13/><V32/><F32/><W84/><G84/><AGARI ba="0,0" hai="58,59,60,62,64,66,68,69,73,76,80,84,86,87" machi="84" ten="40,12000,1" yaku="9,1,52,3" doraHai="83" who="1" fromWho="3" sc="246,0,570,120,129,0,55,-120" owari="246,5.0,690,79.0,129,-27.0,-65,-57.0" /></mjloggm>