<mjloggm ver="2.3"><GO type="41" lobby="0"/><UN n0="%44%65%6C%69%52%75%6E" n1="%E7%B4%85%E5%AD%94%E9%9B%80%E5%90%8D%E4%BA%BA" n2="%E2%93%9D%53%75%70%68%78" n3="%4B%2E%46%75" dan="13,15,17,14" rate="2074.87,2018.77,2071.46,1902.81" sx="M,M,M,M"/><TAIKYOKU oya="0"/><INIT seed="0,0,0,1,5,121" ten="250,250,250,250" oya="0" hai0="31,17,57,131,42,44,93,66,81,99,126,71,64" hai1="68,74,91,94,24,102,21,16,34,89,23,58,105" hai2="88,104,50,119,30,10,28,79,116,25,4,135,115" hai3="61,109,117,128,134,6,2,111,63,122,0,20,85"/><T130/><D126/><U86/><E68/><V103/><F79/><W67/><G117/><N who="2" m="45129" /><F103/><W59/><G122/><T132/><D71/><U52/><E74/><V65/><F104/><W73/><G73/><T11/><D132/><U1/><E1/><V48/><F65/><W96/><G134/><T75/><D31/><U69/><E69/><V84/><F115/><W82/><G96/><T7/><D17/><U49/><E105/><V87/><F87/><W78/><G128/><N who="0" m="49195" /><D57/><U38/><E38/><V112/><F112/><W101/><G101/><N who="0" m="60655" /><D81/><U113/><E102/><V29/><F25/><W14/><G63/><T3/><D75/><U54/><E34/><V35/><F35/><W32/><G32/><T80/><D80/><N who="1" m="49351" /><E113/><V13/><F135/><W36/><G36/><AGARI ba="0,0" hai="3,7,11,36,42,44,64,66" m="60655,49195" machi="36" ten="30,1500,0" yaku="19,1" doraHai="121" who="0" fromWho="3" sc="250,15,250,0,250,0,250,-15" /><INIT seed="0,1,0,3,0,36" ten="265,250,250,235" oya="0" hai0="78,39,134,68,131,82,130,63,71,77,28,42,3" hai1="12,64,88,25,16,80,15,90,48,135,56,34,9" hai2="103,53,129,59,44,79,38,31,10,6,73,20,18" hai3="41,1,5,26,108,118,50,4,112,0,123,21,110"/><T87/><D3/><N who="3" m="1097" /><G112/><T74/><D134/><U98/><E135/><V95/><F31/><N who="3" m="17871" /><G118/><T84/><D28/><U115/><E34/><V132/><F129/><N who="0" m="49162" /><D78/><U60/><E25/><V94/><F79/><W45/><G123/><T121/><D121/><U127/><E127/><V22/><F73/><W116/><G116/><T126/><D126/><U106/><E15/><V37/><F37/><W111/><AGARI ba="1,0" hai="4,5,41,45,50,108,110,111" m="17871,1097" machi="111" ten="40,2700,0" yaku="14,1,52,1" doraHai="36" who="3" fromWho="3" sc="265,-14,250,-8,250,-8,235,30" /><INIT seed="1,0,0,0,2,44" ten="251,242,242,265" oya="1" hai0="36,86,104,93,66,124,39,117,129,21,75,43,71" hai1="107,5,22,45,97,109,20,77,92,100,70,127,32" hai2="94,3,122,18,73,115,83,24,8,132,96,55,14" hai3="130,23,4,126,114,72,15,41,110,133,68,65,119"/><U38/><E32/><V2/><F122/><W128/><G41/><T125/><D75/><U42/><E70/><V90/><F132/><W131/><G72/><T78/><D104/><U111/><E127/><V69/><F115/><W108/><G65/><T116/><D21/><U63/><E77/><V6/><F69/><W26/><G68/><T54/><D93/><U61/><E5/><V30/><F6/><W101/><G101/><T33/><D33/><U62/><REACH who="1" step="1"/><E107/><REACH who="1" ten="251,232,242,265" step="2"/><V28/><F3/><W34/><G34/><T9/><D78/><U113/><E113/><V51/><F2/><W58/><G114/><T13/><D125/><U123/><E123/><V103/><F73/><W19/><G126/><T85/><D124/><U17/><E17/><V60/><F30/><N who="3" m="17759" /><G133/><T64/><D71/><U0/><E0/><V27/><F28/><W87/><G4/><T40/><D117/><U80/><E80/><V102/><F83/><W81/><G119/><T25/><D116/><U16/><E16/><V53/><F24/><W82/><G82/><T91/><D25/><U31/><E31/><V10/><F27/><W89/><G58/><T79/><D79/><U59/><E59/><N who="2" m="34943" /><F8/><AGARI ba="0,1" hai="8,15,19,81,87,89,108,110,128,130,131" m="17759" machi="8" ten="30,1000,0" yaku="19,1" doraHai="44" who="3" fromWho="2" sc="251,0,232,0,242,-10,265,20" /><INIT seed="2,0,0,3,3,89" ten="251,232,232,285" oya="2" hai0="26,39,17,58,45,64,135,62,3,25,11,129,10" hai1="73,77,72,87,118,43,7,59,34,53,104,47,113" hai2="74,108,99,22,14,131,15,83,110,70,90,55,24" hai3="8,23,32,125,78,9,116,114,124,115,85,44,98"/><V30/><F70/><W21/><G116/><T46/><D135/><U86/><E104/><V41/><F131/><W18/><G32/><T119/><D129/><U6/><E34/><V76/><F41/><W31/><G44/><N who="0" m="17003" /><D119/><U68/><E118/><V33/><F55/><W120/><G120/><T52/><D3/><U109/><E68/><V19/><REACH who="2" step="1"/><F14/><REACH who="2" ten="251,232,222,285" step="2"/><W111/><G111/><T66/><D39/><U0/><E53/><V12/><F12/><W130/><G130/><T93/><D66/><U102/><E109/><V57/><F57/><W134/><G134/><T81/><D64/><U60/><E59/><V28/><F28/><W48/><G31/><T117/><D52/><U123/><E123/><V121/><F121/><W122/><G122/><T5/><D58/><U94/><E43/><V126/><F126/><W1/><G124/><T101/><D117/><U65/><E0/><V61/><F61/><W37/><G1/><T27/><D62/><U4/><E60/><V96/><F96/><W20/><G98/><T29/><D29/><U91/><E65/><V42/><F42/><W38/><G125/><T71/><D71/><U67/><E67/><V133/><F133/><W92/><G37/><T103/><D26/><U132/><E132/><V82/><F82/><W2/><G38/><T105/><D81/><U36/><E36/><V75/><F75/><W40/><G40/><T79/><D25/><U106/><E73/><V107/><F107/><W95/><G2/><T127/><D27/><U56/><E106/><V100/><F100/><W13/><G13/><N who="0" m="5327" /><D127/><U112/><E72/><RYUUKYOKU ba="0,1" sc="251,-10,232,-10,222,30,285,-10" hai2="15,19,22,24,30,33,74,76,83,90,99,108,110" /><INIT seed="2,1,1,4,1,63" ten="241,222,252,275" oya="2" hai0="128,86,130,74,70,28,73,20,1,21,17,123,134" hai1="9,126,113,31,91,13,72,57,107,82,5,50,99" hai2="110,46,79,39,67,64,49,0,2,27,93,33,127" hai3="77,4,18,71,105,26,96,119,108,29,68,15,111"/><V89/><F39/><W16/><G119/><T3/><D123/><U47/><E113/><V62/><F127/><W22/><G77/><T112/><D112/><U53/><E126/><V59/><F79/><W125/><G125/><T116/><D116/><U129/><E129/><N who="0" m="49769" /><D70/><U115/><E115/><V85/><F110/><N who="3" m="42027" /><G105/><T92/><D134/><U122/><E122/><V24/><F67/><W102/><G102/><T12/><D28/><U7/><E7/><V98/><F33/><N who="3" m="20663" /><G96/><T36/><D36/><U8/><E8/><V42/><REACH who="2" step="1"/><F98/><REACH who="2" ten="241,222,242,275" step="2"/><W117/><G117/><T131/><D131/><U75/><E99/><V106/><F106/><W65/><G65/><T132/><D132/><U81/><E107/><V51/><F51/><W56/><G68/><T61/><D61/><U52/><E50/><V124/><F124/><W60/><G71/><T30/><D74/><U66/><E75/><V84/><F84/><W135/><G60/><T32/><D32/><U80/><E72/><V58/><F58/><W94/><G56/><T100/><D73/><U78/><E57/><V11/><F11/><N who="3" m="4583" /><G135/><T101/><D86/><U88/><E78/><V14/><F14/><N who="3" m="9495" /><G94/><T97/><D92/><U133/><E133/><V55/><F55/><W19/><AGARI ba="1,2" hai="18,19" m="9495,4583,20663,42027" machi="19" ten="30,7900,0" yaku="14,1,34,2,54,1" doraHai="63" who="3" fromWho="3" sc="241,-21,222,-21,242,-40,275,102" /><INIT seed="3,0,0,4,1,18" ten="220,201,202,377" oya="3" hai0="101,118,39,69,61,127,11,30,50,133,80,94,66" hai1="13,88,121,7,8,111,57,85,2,107,24,52,62" hai2="135,97,84,43,100,102,5,22,104,3,28,113,47" hai3="73,76,134,46,58,91,55,17,14,32,105,77,106"/><W0/><G32/><T63/><D118/><U74/><E107/><V33/><F113/><W116/><G0/><T67/><D39/><U92/><E74/><V72/><F100/><W128/><G116/><T40/><D133/><U68/><E121/><V123/><F84/><W129/><G134/><T19/><D127/><U23/><E111/><V49/><F135/><W95/><G46/><T132/><D30/><U34/><E68/><V20/><F72/><W87/><G105/><T41/><D80/><U27/><E34/><V103/><F103/><W26/><G106/><T109/><D109/><U60/><E2/><V44/><F123/><W15/><G26/><N who="1" m="9770" /><E23/><V124/><F28/><W35/><G35/><T21/><D11/><U65/><E62/><V98/><F33/><W56/><G15/><T9/><D9/><U112/><E112/><V36/><F124/><W48/><G58/><T78/><D63/><U53/><AGARI ba="0,0" hai="7,8,13,52,53,57,60,65,85,88,92" m="9770" machi="53" ten="30,4000,0" yaku="8,1,54,2" doraHai="18" who="1" fromWho="1" sc="220,-10,201,40,202,-10,377,-20" /><INIT seed="4,0,0,1,3,65" ten="210,241,192,357" oya="0" hai0="0,109,80,44,119,43,11,35,7,93,92,82,60" hai1="49,54,19,30,48,34,17,5,52,124,107,130,32" hai2="86,1,117,103,78,23,121,22,25,97,74,14,41" hai3="116,56,88,71,110,61,21,57,105,123,68,113,94"/><T112/><D112/><U133/><E107/><V31/><F1/><W39/><G105/><T70/><D119/><U37/><E37/><V47/><F74/><W99/><G39/><T132/><D35/><U27/><E5/><V50/><F121/><W13/><G116/><T40/><D132/><U46/><E133/><V6/><F117/><W55/><G113/><T33/><D33/><U122/><E122/><V77/><F86/><W29/><G123/><T58/><D109/><U8/><E124/><V53/><F41/><W9/><G110/><T87/><D80/><U10/><E34/><V24/><F14/><W83/><G83/><T28/><D28/><U67/><E67/><V126/><F6/><W16/><REACH who="3" step="1"/><G57/><REACH who="3" ten="210,241,192,347" step="2"/><T26/><D58/><U104/><E104/><V72/><F126/><W20/><G20/><T2/><D82/><U127/><E127/><V125/><F125/><W100/><G100/><T134/><D134/><U73/><E130/><V51/><F72/><W18/><G18/><T115/><D115/><U114/><E73/><V62/><F23/><W15/><G15/><T96/><D2/><U84/><E114/><V108/><F108/><W12/><G12/><T66/><D26/><AGARI ba="0,1" hai="9,13,16,21,26,29,55,56,61,68,71,88,94,99" machi="26" ten="40,8000,1" yaku="1,1,52,2,54,2,53,0" doraHai="65" doraHaiUra="128" who="3" fromWho="0" sc="210,-80,241,0,192,0,347,90" /><INIT seed="5,0,0,0,1,71" ten="130,241,192,437" oya="1" hai0="108,96,6,0,52,39,128,101,13,34,23,84,70" hai1="81,130,73,29,32,3,125,93,44,65,120,7,31" hai2="26,35,121,109,105,4,91,9,21,79,57,98,114" hai3="117,74,113,59,43,122,46,48,68,50,36,111,14"/><U58/><E93/><V1/><F109/><W28/><G74/><T110/><D34/><U106/><E58/><V22/><F121/><W86/><G111/><T64/><D39/><U15/><E15/><V24/><F79/><W55/><G28/><T134/><D0/><U87/><E87/><V100/><F114/><W61/><G113/><T75/><D75/><U83/><E83/><V133/><F133/><W116/><G86/><T37/><D37/><U18/><E18/><V60/><F91/><W103/><G103/><T104/><D134/><U5/><E81/><V80/><F80/><W67/><G14/><T94/><D128/><U97/><E97/><V42/><F42/><W27/><G27/><T132/><D132/><U2/><E44/><V51/><F51/><N who="3" m="31231" /><G122/><T63/><D104/><U49/><E32/><V127/><F127/><W77/><G77/><T92/><D92/><U38/><E3/><V17/><F35/><W62/><G61/><T20/><D84/><U131/><E2/><V45/><F45/><W119/><AGARI ba="0,0" hai="36,43,46,48,50,62,67,68,116,117,119" m="31231" machi="119" ten="30,8000,1" yaku="24,1,12,1,34,2,52,1" doraHai="71" who="3" fromWho="3" sc="130,-20,241,-40,192,-20,437,80" /><INIT seed="6,0,0,2,3,56" ten="110,201,172,517" oya="2" hai0="22,14,87,31,17,32,3,110,23,134,120,132,86" hai1="55,135,70,61,118,82,46,83,125,8,113,1,16" hai2="129,67,92,85,133,94,48,124,90,95,127,12,58" hai3="80,106,36,47,53,130,72,77,112,9,27,68,42"/><V103/><F129/><W97/><G112/><T79/><D110/><U81/><E118/><V25/><F133/><W38/><G130/><T131/><D120/><U51/><E113/><V62/><F12/><W35/><G68/><T116/><D79/><U69/><E69/><V5/><F5/><W71/><G71/><T96/><D96/><U66/><E125/><N who="2" m="48203" /><F103/><W24/><G9/><T78/><D78/><U44/><E135/><N who="0" m="51753" /><D87/><U73/><E73/><V84/><F48/><W26/><G53/><T7/><D86/><N who="2" m="33386" /><F25/><W123/><G123/><T21/><D131/><U39/><E1/><V117/><F117/><W128/><G128/><T29/><D116/><U64/><E83/><V19/><F19/><W57/><G57/><T60/><D60/><U49/><E16/><V91/><AGARI ba="0,0" hai="58,62,67,90,91,92,94,95" m="33386,48203" machi="91" ten="40,3900,0" yaku="18,1,52,1" doraHai="56" who="2" fromWho="2" sc="110,-13,201,-13,172,39,517,-13" /><INIT seed="6,1,0,4,5,123" ten="97,188,211,504" oya="2" hai0="55,19,28,98,48,56,128,36,35,104,96,102,22" hai1="15,122,129,49,120,66,27,84,127,60,54,33,39" hai2="134,82,103,70,59,126,113,80,50,95,10,99,45" hai3="8,29,71,38,65,46,117,124,25,73,20,57,58"/><V88/><F70/><W11/><G73/><T121/><D128/><U77/><E39/><V7/><F113/><W62/><G117/><T40/><D121/><U17/><E127/><V31/><F134/><W108/><G108/><T34/><D28/><U90/><E77/><V21/><F59/><W83/><G83/><T14/><D36/><U100/><E100/><V3/><F126/><W6/><G124/><T92/><REACH who="0" step="1"/><D40/><REACH who="0" ten="87,188,211,504" step="2"/><U119/><E129/><V5/><F31/><W86/><G38/><T76/><D76/><U118/><E120/><V81/><F7/><W53/><G6/><T93/><D93/><U89/><E122/><V112/><F112/><W97/><G29/><T109/><D109/><U16/><E119/><V67/><F95/><W32/><G32/><T106/><D106/><U1/><E33/><V114/><F114/><W78/><G78/><T75/><D75/><U68/><E118/><V111/><F111/><W135/><G135/><T18/><D18/><U94/><E16/><V44/><F5/><W64/><G20/><T69/><D69/><U74/><E17/><V12/><F21/><W41/><G71/><T115/><D115/><U133/><E68/><V30/><F30/><W42/><G41/><T132/><D132/><U0/><E74/><V24/><F82/><W2/><G42/><T72/><D72/><U52/><E133/><V9/><F80/><W26/><G2/><T125/><D125/><U131/><E1/><V23/><F3/><W101/><G8/><T87/><D87/><U85/><E0/><V116/><F116/><W43/><G11/><RYUUKYOKU ba="1,1" sc="87,30,188,-10,211,-10,504,-10" hai0="14,19,22,34,35,48,55,56,92,96,98,102,104" /><INIT seed="7,2,1,2,4,114" ten="117,178,201,494" oya="3" hai0="23,18,37,108,57,31,24,109,53,39,87,89,121" hai1="28,20,95,117,0,4,72,1,48,71,43,135,38" hai2="81,6,68,115,101,118,47,35,106,75,111,131,27" hai3="91,70,123,45,133,93,107,30,100,25,11,66,132"/><W59/><G123/><T78/><D121/><U65/><E48/><V44/><F118/><W19/><G107/><T33/><D39/><U110/><E95/><V130/><F68/><W5/><G70/><T14/><D37/><U129/><E20/><V55/><F6/><W119/><G45/><T13/><D13/><U42/><E4/><V74/><F111/><W50/><G100/><T16/><D18/><U69/><E43/><V56/><F115/><W52/><G66/><T61/><REACH who="0" step="1"/><D78/><REACH who="0" ten="107,178,201,494" step="2"/><U46/><E38/><V73/><F131/><W79/><G79/><T120/><D120/><U84/><E129/><V112/><F130/><W40/><G19/><T62/><D62/><U51/><E1/><V41/><F112/><W99/><G119/><T126/><D126/><U64/><E0/><V90/><F41/><W113/><G40/><T85/><D85/><U76/><E42/><V116/><F116/><W98/><G113/><T34/><D34/><U96/><E84/><V8/><F35/><W125/><G125/><T63/><D63/><U127/><E117/><V103/><F75/><W7/><G99/><T104/><D104/><U26/><E96/><V21/><F74/><W82/><G5/><T124/><D124/><U105/><E72/><V86/><F73/><W9/><G7/><T83/><AGARI ba="2,2" hai="14,16,23,24,31,33,53,57,61,83,87,89,108,109" machi="83" ten="20,5200,0" yaku="1,1,0,1,7,1,54,1,53,0" doraHai="114" doraHaiUra="134" who="0" fromWho="0" sc="107,78,178,-15,201,-15,494,-28" owari="185,-21.0,163,-34.0,186,-1.0,466,56.0" /></mjloggm>