<mjloggm ver="2.3"><GO type="41" lobby="0"/><UN n0="%E3%82%BC%E3%83%AD%E3%82%B9" n1="%E6%9C%AA%E6%9D%A5%E3%81%AE%E9%BA%BB%E9%9B%80%E3%83%97%E3%83%AD" n2="%E8%80%81%E8%99%8E%E4%B8%8D%E5%90%83%E4%BA%BA" n3="%E2%93%9D%53%75%70%68%78" dan="13,13,15,18" rate="1809.61,1809.90,1985.36,2126.46" sx="M,M,M,M"/><TAIKYOKU oya="0"/><INIT seed="0,0,0,2,4,97" ten="250,250,250,250" oya="0" hai0="72,0,116,54,78,66,59,24,51,37,135,76,56" hai1="40,122,94,84,110,12,7,43,36,15,88,119,132" hai2="106,107,80,13,18,1,55,65,103,10,93,25,42" hai3="91,34,111,39,83,23,96,75,48,47,29,9,71"/><T22/><D135/><U33/><E110/><V5/><F42/><W130/><G34/><T19/><D37/><U69/><E119/><V77/><F65/><W50/><G130/><T121/><D0/><U52/><E69/><V57/><F25/><W3/><G71/><T32/><D116/><U26/><E122/><V17/><F17/><W68/><G68/><T112/><D112/><U74/><E74/><V101/><F93/><W16/><G29/><T87/><D121/><U73/><E73/><V126/><F126/><W31/><G31/><T70/><D70/><U115/><E115/><V58/><F106/><W38/><G50/><T49/><D32/><U41/><E7/><V104/><F104/><W61/><G61/><N who="0" m="38183" /><D72/><U63/><E36/><V8/><F107/><W53/><G111/><T133/><D133/><U129/><E129/><V124/><F124/><W131/><G131/><T108/><D108/><U60/><E60/><V134/><F134/><W44/><G75/><T109/><D109/><U4/><E4/><V98/><F98/><W67/><G39/><T30/><D30/><U20/><E33/><V6/><F6/><W128/><G128/><T95/><D51/><U14/><E132/><V64/><F64/><W28/><G67/><T120/><D120/><U82/><E82/><V100/><REACH who="2" step="1"/><F55/><REACH who="2" ten="250,250,240,250" step="2"/><W117/><G53/><T81/><D95/><U123/><E40/><V79/><F79/><AGARI ba="0,1" hai="19,22,24,49,54,59,76,78,79,81,87" m="38183" machi="79" ten="30,1500,0" yaku="8,1" doraHai="97" who="0" fromWho="2" sc="250,25,250,0,240,-15,250,0" /><INIT seed="0,1,0,0,4,6" ten="275,250,225,250" oya="0" hai0="133,7,57,63,88,64,34,68,28,129,112,2,102" hai1="45,49,114,32,11,127,99,103,123,132,41,26,121" hai2="89,104,81,110,130,15,94,25,91,42,98,100,16" hai3="70,17,20,10,38,74,44,118,82,40,119,122,12"/><T27/><D112/><U116/><E116/><V51/><F110/><W106/><G70/><T125/><D129/><U87/><E127/><V30/><F130/><W67/><G106/><T65/><D125/><U13/><E132/><V108/><F108/><W83/><G67/><T59/><D133/><U35/><E35/><V128/><F81/><W46/><G122/><T85/><D102/><U69/><E69/><V115/><F115/><W39/><G20/><T71/><D7/><U76/><E26/><V80/><F80/><W8/><G12/><T31/><D2/><U117/><E32/><V21/><F128/><W19/><REACH who="3" step="1"/><G40/><REACH who="3" ten="275,250,225,240" step="2"/><T18/><D68/><U72/><E114/><V75/><F104/><W62/><G62/><N who="0" m="37967" /><D71/><U86/><E121/><V97/><F75/><AGARI ba="1,1" hai="8,10,17,19,38,39,44,46,74,75,82,83,118,119" machi="75" ten="25,8000,1" yaku="1,1,22,2,52,2,53,0" doraHai="6" doraHaiUra="96" who="3" fromWho="2" sc="275,0,250,0,225,-83,240,93" /><INIT seed="1,0,0,0,4,11" ten="275,250,142,333" oya="1" hai0="87,13,70,33,35,101,57,98,16,99,91,119,109" hai1="39,117,56,116,8,68,90,88,15,52,71,72,121" hai2="49,55,25,22,40,32,62,77,2,125,54,24,58" hai3="38,41,115,130,47,92,48,69,89,0,45,59,37"/><U82/><E121/><V118/><F118/><W65/><G0/><T108/><D70/><U30/><E39/><V106/><F106/><W51/><G92/><T74/><D119/><U44/><E30/><V23/><F32/><W128/><G89/><T1/><D1/><U113/><E113/><V86/><F2/><W114/><G59/><T134/><D74/><U81/><E72/><V4/><F4/><W100/><G100/><T28/><D57/><U6/><E44/><V26/><F40/><W34/><G34/><T120/><D134/><U50/><E117/><V31/><F125/><W20/><G20/><N who="0" m="11279" /><D120/><U95/><E116/><V97/><F97/><W21/><G21/><T60/><D60/><U135/><E135/><V96/><F96/><W18/><G18/><T129/><D28/><U126/><E126/><V107/><F107/><W42/><G65/><T104/><D99/><U19/><E71/><AGARI ba="0,0" hai="37,38,41,42,45,47,48,51,69,71,114,115,128,130" machi="71" ten="25,8000,1" yaku="22,2,34,3" doraHai="11" who="3" fromWho="1" sc="275,0,250,-80,142,0,333,80" /><INIT seed="2,0,0,1,0,68" ten="275,170,142,413" oya="2" hai0="119,130,75,59,129,51,128,110,92,44,87,104,2" hai1="90,93,62,84,125,52,117,17,25,101,91,11,97" hai2="48,19,58,126,54,12,67,10,122,105,61,111,73" hai3="63,15,113,5,81,131,103,86,95,3,28,27,99"/><V64/><F122/><W65/><G131/><T14/><D75/><U24/><E125/><V21/><F73/><W66/><G3/><T36/><D104/><U109/><E109/><V88/><F105/><W96/><G96/><T37/><D110/><U49/><E62/><V127/><F111/><W107/><G113/><T32/><D32/><U106/><E117/><V79/><F79/><W123/><G123/><T8/><D2/><U72/><E72/><V80/><F10/><W116/><G116/><T16/><D59/><U26/><E106/><V108/><F108/><W35/><G95/><T70/><D70/><U50/><E50/><V133/><F133/><W85/><G66/><T94/><D119/><U89/><E84/><V6/><F6/><W7/><G15/><T60/><D60/><U23/><REACH who="1" step="1"/><E11/><REACH who="1" ten="275,160,142,413" step="2"/><V82/><F61/><W71/><G86/><T42/><D87/><U76/><E76/><AGARI ba="0,1" hai="5,7,27,28,35,63,65,71,76,81,85,99,103,107" machi="76" ten="30,3900,0" yaku="7,1,25,2" doraHai="68" who="3" fromWho="1" sc="275,0,160,-39,142,0,413,49" /><INIT seed="3,0,0,3,1,133" ten="275,121,142,462" oya="3" hai0="85,46,55,18,87,49,36,104,59,79,121,29,77" hai1="68,13,21,99,132,106,32,64,75,105,17,129,93" hai2="54,113,81,6,134,86,118,39,48,14,9,70,61" hai3="112,100,20,24,56,30,65,78,15,130,135,80,22"/><W126/><G130/><T45/><D104/><U33/><E132/><V71/><F118/><W8/><G112/><T40/><D121/><U51/><E75/><V27/><F134/><W72/><G100/><T103/><D103/><U52/><E129/><V128/><F128/><W26/><G135/><T47/><D29/><U101/><E64/><V16/><F39/><W74/><G74/><T28/><D28/><U31/><E68/><V117/><F117/><W73/><G73/><T97/><D97/><U111/><E111/><V83/><F83/><W23/><G126/><T12/><D40/><U58/><REACH who="1" step="1"/><E31/><REACH who="1" ten="275,111,142,462" step="2"/><V89/><F113/><W57/><G65/><T102/><D36/><U3/><E3/><V19/><F61/><W91/><G30/><T125/><D49/><U119/><E119/><V60/><F60/><W84/><G72/><T108/><D108/><U127/><E127/><V38/><F38/><W2/><G2/><T124/><D125/><U50/><E50/><V116/><F116/><W11/><G26/><T76/><D124/><U66/><E66/><V115/><F115/><W96/><G24/><T10/><D45/><U7/><E7/><V44/><REACH who="2" step="1"/><F27/><REACH who="2" ten="275,111,132,462" step="2"/><W43/><G15/><T95/><D12/><U107/><AGARI ba="0,2" hai="13,17,21,32,33,51,52,58,93,99,101,105,106,107" machi="107" ten="30,4000,0" yaku="1,1,0,1,54,1,53,0" doraHai="133" doraHaiUra="37" who="1" fromWho="1" sc="275,-10,111,60,132,-10,462,-20" /><INIT seed="4,0,0,4,1,30" ten="265,171,122,442" oya="0" hai0="21,10,15,56,92,119,9,114,86,102,85,99,122" hai1="127,65,20,115,13,93,19,64,62,98,104,40,0" hai2="67,14,72,113,118,66,76,28,73,80,75,96,31" hai3="126,7,22,39,110,87,71,38,36,124,89,112,132"/><T121/><D114/><U134/><E127/><N who="3" m="48682" /><G132/><T52/><D119/><U59/><E0/><V106/><F14/><W123/><G110/><T17/><D121/><U109/><E104/><V29/><F113/><W23/><G112/><T35/><D35/><U100/><E109/><V49/><F118/><W129/><G129/><T84/><REACH who="0" step="1"/><D122/><REACH who="0" ten="255,171,122,442" step="2"/><U97/><E134/><V133/><F133/><W128/><G123/><T131/><D131/><U55/><E115/><V94/><F106/><W32/><G32/><T60/><AGARI ba="0,1" hai="9,10,15,17,21,52,56,60,84,85,86,92,99,102" machi="60" ten="30,11700,0" yaku="1,1,0,1,8,1,54,1,53,0" doraHai="30" doraHaiUra="103" who="0" fromWho="0" sc="255,127,171,-39,122,-39,442,-39" /><INIT seed="4,1,0,2,1,9" ten="382,132,83,403" oya="0" hai0="1,50,95,17,79,61,54,58,99,13,38,112,32" hai1="26,77,44,89,106,83,85,92,109,37,108,16,43" hai2="60,80,119,4,86,33,90,31,22,36,23,3,2" hai3="88,63,68,100,25,56,129,0,59,19,40,46,124"/><T73/><D32/><U24/><E106/><V97/><F36/><W93/><G0/><T133/><D1/><U28/><E109/><V103/><F119/><W66/><G100/><T41/><D133/><U67/><E67/><V78/><F33/><W71/><G124/><T105/><D105/><U107/><E107/><V87/><F31/><W49/><G129/><T120/><D120/><U64/><E64/><V104/><F60/><W72/><G72/><T127/><D127/><U75/><E28/><V69/><F69/><W113/><G113/><T126/><D126/><U111/><E108/><V62/><F62/><W6/><G6/><T34/><D34/><U48/><E37/><V98/><F98/><W15/><G25/><T45/><D112/><U130/><E130/><V29/><F4/><W125/><G125/><T135/><D135/><U55/><E43/><V131/><F131/><W10/><REACH who="3" step="1"/><G71/><REACH who="3" ten="382,132,83,393" step="2"/><T134/><D134/><U110/><E111/><V11/><F2/><W39/><G39/><T27/><D38/><U42/><E110/><V21/><F3/><W51/><G51/><T132/><D132/><U101/><E101/><V96/><F29/><W5/><G5/><T30/><D73/><U12/><REACH who="1" step="1"/><E42/><REACH who="1" ten="382,122,83,393" step="2"/><V47/><F103/><W123/><G123/><T94/><D41/><U7/><E7/><V8/><F104/><W128/><G128/><T20/><D30/><U14/><E14/><V114/><F114/><W116/><G116/><T52/><D13/><U118/><E118/><V74/><F74/><W115/><G115/><T57/><D27/><U84/><E84/><AGARI ba="1,2" hai="10,15,19,40,46,49,56,59,63,66,68,84,88,93" machi="84" ten="30,12000,2" yaku="1,1,6,1,7,1,52,1,54,1,53,1" doraHai="9" doraHaiUra="65" who="3" fromWho="1" sc="382,0,122,-123,83,0,393,143" owari="382,18.0,-1,-50.0,83,-32.0,536,64.0" /></mjloggm>