<mjloggm ver="2.3"><GO type="41" lobby="0"/><UN n0="%E2%93%9D%53%75%70%68%78" n1="%62%75%6E%62%75%6E%32%34" n2="%E4%B8%AD%E9%87%8E%E6%9C%89%E9%A6%99" n3="%62%69%70%6F%6C%61%72" dan="18,14,15,14" rate="2107.58,1842.20,1972.09,1909.64" sx="M,M,F,M"/><TAIKYOKU oya="0"/><INIT seed="0,0,0,5,5,40" ten="250,250,250,250" oya="0" hai0="90,91,38,97,86,19,51,87,81,92,123,50,34" hai1="4,29,39,113,46,98,105,93,0,63,10,17,125" hai2="129,133,110,104,94,83,54,25,14,69,21,41,75" hai3="23,68,67,96,131,32,48,53,112,72,118,11,74"/><T126/><D123/><U109/><E109/><V102/><F110/><W55/><G112/><T58/><D38/><U27/><E105/><V62/><F129/><W6/><G118/><T66/><D34/><U80/><E125/><V45/><F133/><W13/><G131/><T107/><D126/><U132/><E132/><V73/><F104/><W100/><G32/><T61/><D107/><U33/><E113/><V117/><F14/><W99/><G23/><T103/><REACH who="0" step="1"/><D19/><REACH who="0" ten="240,250,250,250" step="2"/><U115/><E115/><V31/><F117/><W76/><G74/><T135/><D135/><U84/><E17/><V119/><F119/><W7/><G72/><T64/><D64/><U120/><E120/><V116/><F116/><W43/><G67/><T20/><D20/><U114/><E114/><V28/><F21/><W42/><G11/><T88/><D88/><U44/><E39/><V128/><F75/><W36/><G36/><T37/><D37/><U85/><E85/><V65/><F73/><W127/><G127/><T130/><D130/><U5/><E4/><V26/><F65/><W24/><G7/><T1/><D1/><U71/><E71/><V77/><F69/><W57/><G6/><T134/><D134/><U121/><E121/><V30/><F128/><W22/><G68/><T78/><D78/><U70/><E70/><V101/><F77/><W79/><G22/><T56/><D56/><U9/><E9/><V59/><F102/><W95/><G100/><T12/><D12/><U8/><E10/><V60/><F101/><W16/><G13/><T122/><D122/><U106/><E106/><RYUUKYOKU ba="0,1" sc="240,30,250,-10,250,-10,250,-10" hai0="50,51,58,61,66,81,86,87,90,91,92,97,103" /><INIT seed="0,1,1,0,5,63" ten="270,240,240,240" oya="0" hai0="87,105,95,98,113,86,133,83,46,35,10,80,65" hai1="119,135,107,108,68,57,45,102,0,27,25,71,131" hai2="31,64,101,17,6,30,18,20,122,89,110,21,3" hai3="16,94,78,56,12,34,125,40,26,49,90,19,58"/><T97/><D35/><U53/><E119/><V23/><F101/><W47/><G125/><T120/><D10/><U130/><E0/><V100/><F100/><W36/><G78/><T82/><D46/><U62/><E108/><V106/><F106/><W109/><G36/><T121/><D65/><U51/><E135/><V128/><F89/><W75/><G75/><T126/><D113/><U9/><E107/><V11/><F64/><W66/><G109/><T114/><D114/><U48/><E102/><V41/><F41/><W24/><G58/><T93/><D105/><U115/><E9/><N who="2" m="2271" /><F110/><W91/><G90/><T1/><D1/><U2/><E2/><V28/><F122/><N who="0" m="47210" /><D133/><U61/><E25/><N who="3" m="9834" /><G34/><T39/><D39/><U117/><E117/><V84/><F84/><N who="0" m="32298" /><D126/><U29/><E115/><V15/><F128/><N who="1" m="49193" /><E27/><AGARI ba="1,1" hai="11,15,17,18,20,21,23,27,28,30,31" m="2271" machi="27" ten="30,8000,1" yaku="35,5" doraHai="63" who="2" fromWho="1" sc="270,0,240,-83,240,93,240,0" /><INIT seed="1,0,0,3,3,50" ten="270,157,333,240" oya="1" hai0="49,108,77,121,27,116,71,16,62,90,64,82,48" hai1="45,32,10,53,56,133,68,65,69,9,17,126,66" hai2="23,22,63,38,70,15,37,102,110,104,52,33,122" hai3="14,103,101,98,109,85,7,79,4,31,87,35,112"/><U129/><E32/><V83/><F33/><W8/><G112/><T81/><D116/><U42/><E126/><V20/><F122/><W58/><G109/><T84/><D108/><U12/><E133/><V91/><F70/><W59/><G35/><T19/><D121/><U78/><E129/><V72/><F110/><W67/><G31/><T119/><D119/><U127/><E69/><V36/><F102/><W51/><G79/><T5/><D5/><U44/><E127/><V21/><F104/><W75/><G75/><T107/><D107/><U120/><E120/><V43/><F23/><W2/><G2/><T0/><D0/><U76/><E68/><V130/><F130/><W134/><G134/><T113/><D113/><U11/><E76/><V55/><F43/><W95/><G103/><T18/><REACH who="0" step="1"/><D27/><REACH who="0" ten="260,157,333,240" step="2"/><U13/><E78/><V135/><F135/><W128/><G7/><T118/><D118/><U117/><E117/><V6/><F6/><W105/><G105/><T88/><D88/><U123/><E123/><V39/><F91/><W106/><G106/><T1/><D1/><U86/><E13/><V41/><F15/><W24/><G24/><T28/><D28/><U97/><E12/><V60/><F38/><W111/><G111/><T89/><D89/><U114/><E114/><V125/><F39/><W61/><REACH who="3" step="1"/><G128/><REACH who="3" ten="260,157,333,230" step="2"/><T94/><D94/><U96/><E17/><V46/><F125/><W132/><G132/><T115/><D115/><U47/><E42/><V3/><F41/><W26/><G26/><T73/><AGARI ba="0,2" hai="16,18,19,48,49,62,64,71,73,77,81,82,84,90" machi="73" ten="30,4000,0" yaku="1,1,0,1,54,1,53,0" doraHai="50" doraHaiUra="29" who="0" fromWho="0" sc="260,60,157,-20,333,-10,230,-10" /><INIT seed="2,0,0,5,1,108" ten="320,137,323,220" oya="2" hai0="10,125,98,68,72,74,20,66,41,17,75,87,13" hai1="93,106,120,76,57,116,71,29,11,55,105,114,88" hai2="94,34,6,0,101,44,77,80,8,39,73,3,112" hai3="25,134,31,131,69,50,52,40,48,102,4,62,9"/><V111/><F34/><W16/><G131/><T122/><D122/><U53/><E116/><V117/><F117/><W78/><G134/><T135/><D125/><U133/><E71/><V35/><F35/><W83/><G102/><T37/><D98/><U89/><E133/><V118/><F118/><W56/><G40/><T54/><D54/><U126/><E126/><V129/><F129/><W86/><G69/><T21/><D135/><U97/><E29/><V121/><F121/><W124/><G124/><T119/><D119/><U70/><E120/><V1/><F111/><W82/><G83/><T38/><D87/><U67/><E70/><V92/><F92/><W30/><G30/><T63/><REACH who="0" step="1"/><D41/><REACH who="0" ten="310,137,323,220" step="2"/><U19/><E53/><V32/><F101/><W79/><G78/><T42/><D42/><U51/><E106/><V85/><F77/><W90/><G79/><T24/><D24/><U100/><E76/><V45/><F73/><W7/><G25/><T123/><D123/><U59/><E105/><V64/><F85/><W61/><G86/><T23/><AGARI ba="0,1" hai="10,13,17,20,21,23,37,38,63,66,68,72,74,75" machi="23" ten="40,2700,0" yaku="1,1,0,1,53,0" doraHai="108" doraHaiUra="130" who="0" fromWho="0" sc="310,37,137,-7,323,-13,220,-7" /><INIT seed="3,0,0,3,5,106" ten="347,130,310,213" oya="3" hai0="88,85,67,36,57,81,58,24,91,42,100,94,65" hai1="5,6,7,109,56,19,123,126,69,132,111,84,33" hai2="52,118,9,27,70,92,90,105,14,30,3,131,25" hai3="116,50,107,78,110,48,102,29,99,66,46,93,117"/><W54/><G110/><N who="1" m="41994" /><E69/><V121/><F118/><W122/><G122/><T89/><D36/><U10/><E84/><V49/><F131/><W68/><G29/><T77/><D42/><U55/><E56/><N who="0" m="21609" /><D24/><U119/><E55/><V43/><F105/><W87/><G50/><T101/><D94/><U13/><E123/><V34/><F70/><W135/><G135/><T18/><D18/><U104/><E104/><V64/><F64/><AGARI ba="0,0" hai="64,65,67,77,81,85,88,89,91,100,101" m="21609" machi="64" ten="30,2000,0" yaku="8,1,54,1" doraHai="106" who="0" fromWho="2" sc="347,20,130,0,310,-20,213,0" /><INIT seed="4,0,0,0,4,57" ten="367,130,290,213" oya="0" hai0="39,119,10,116,4,12,97,24,133,126,30,62,83" hai1="114,53,50,84,21,101,46,27,63,9,74,108,129" hai2="125,16,32,94,81,66,75,41,77,25,110,69,7" hai3="78,76,117,6,112,54,49,37,93,2,73,29,28"/><T132/><D39/><U23/><E108/><V0/><F110/><W100/><G117/><T111/><D111/><U115/><E74/><V118/><F125/><W99/><G112/><N who="1" m="43050" /><E101/><V107/><F107/><W42/><G37/><T40/><D40/><U80/><E9/><V92/><F41/><W34/><G42/><T55/><D83/><U121/><E121/><V13/><F118/><W98/><G73/><T43/><D126/><U17/><E129/><V45/><F45/><W48/><G34/><T82/><D97/><U96/><E96/><V127/><F127/><W113/><G2/><T47/><D82/><U122/><E122/><V33/><F33/><W64/><G6/><T35/><D119/><U87/><E23/><V131/><F131/><W72/><G72/><T8/><D8/><U90/><E87/><V89/><F7/><W22/><G22/><T31/><D116/><U36/><E36/><V14/><F0/><W104/><G99/><T95/><D35/><U86/><E86/><V59/><F32/><W134/><G98/><T105/><D105/><U68/><E68/><V120/><F69/><W91/><G104/><T67/><D4/><U38/><E38/><V88/><F120/><W71/><G71/><T1/><D1/><U65/><E65/><V85/><F66/><W3/><G64/><T103/><D67/><U52/><E63/><V44/><F75/><W102/><G49/><T106/><D106/><U20/><E20/><N who="2" m="13447" /><F77/><W15/><G78/><T70/><D70/><U124/><E124/><V18/><F18/><W60/><G113/><T61/><D10/><RYUUKYOKU ba="0,0" sc="367,-10,130,30,290,-10,213,-10" hai1="17,21,27,46,50,52,53,80,84,90" /><INIT seed="5,1,0,2,0,31" ten="357,160,280,203" oya="1" hai0="126,91,88,45,71,34,85,33,48,102,36,66,40" hai1="94,49,75,112,6,57,83,59,122,72,128,14,135" hai2="76,23,43,22,80,84,74,118,58,2,123,42,56" hai3="8,103,19,105,127,16,100,70,115,113,90,98,110"/><U61/><E122/><V132/><F123/><W28/><G110/><T95/><D126/><U38/><E38/><V30/><F118/><W77/><G70/><T35/><D102/><U67/><E135/><V119/><F119/><W101/><G127/><T134/><D134/><U39/><E39/><V25/><F2/><W107/><G77/><T92/><D36/><U121/><E121/><V17/><F132/><W26/><G90/><T32/><D32/><U0/><E0/><V62/><F74/><W50/><G50/><T12/><D12/><U108/><E128/><V37/><F58/><W54/><G54/><T130/><D130/><U96/><E108/><V9/><F9/><W3/><G98/><T15/><D15/><U89/><E83/><V79/><F79/><W111/><G111/><T81/><REACH who="0" step="1"/><D91/><REACH who="0" ten="347,160,280,203" step="2"/><U4/><E4/><V109/><F37/><W29/><G103/><T99/><D99/><U20/><E6/><V44/><F109/><W10/><G3/><T120/><D120/><U97/><E96/><V125/><F125/><W129/><G129/><T124/><D124/><U53/><REACH who="1" step="1"/><E112/><REACH who="1" ten="347,150,280,203" step="2"/><V68/><F80/><W46/><G113/><T27/><D27/><U51/><E51/><V11/><F25/><W64/><G115/><T133/><D133/><U1/><E1/><V21/><F84/><W13/><G26/><T41/><D41/><U65/><E65/><V117/><F43/><W7/><G64/><T18/><D18/><AGARI ba="1,2" hai="14,18,20,49,53,57,59,61,67,72,75,89,94,97" machi="18" ten="40,2000,0" yaku="1,1,53,0" doraHai="31" doraHaiUra="114" who="1" fromWho="0" sc="347,-23,150,43,280,0,203,0" /><INIT seed="5,2,0,0,4,81" ten="324,193,280,203" oya="1" hai0="5,65,67,50,31,130,74,105,108,116,91,44,48" hai1="7,123,25,126,68,32,131,35,95,104,92,2,20" hai2="46,10,114,58,127,71,53,73,90,37,59,84,112" hai3="13,12,89,111,125,101,76,107,115,113,18,103,72"/><U70/><E123/><V119/><F119/><W122/><G122/><T21/><D108/><U8/><E104/><V34/><F71/><W64/><G111/><T23/><D105/><U102/><E68/><V133/><F73/><W121/><G121/><T117/><D5/><U45/><E70/><V27/><F133/><W16/><G125/><T33/><D91/><U39/><E126/><V100/><F100/><N who="3" m="38475" /><G107/><T41/><D33/><U66/><E66/><V120/><F120/><W106/><G106/><T93/><D74/><U98/><E131/><V60/><F10/><W54/><G64/><T75/><D75/><U128/><E128/><V134/><F134/><W83/><G54/><T30/><D130/><U99/><E45/><V40/><F127/><W77/><G77/><T85/><D44/><U118/><E39/><V82/><REACH who="2" step="1"/><F59/><REACH who="2" ten="324,193,270,203" step="2"/><W97/><G72/><T132/><D132/><U56/><E56/><V63/><F63/><W61/><G61/><T129/><D129/><U36/><E118/><V0/><F0/><W17/><G113/><T49/><D117/><U57/><E57/><V62/><F62/><W19/><G115/><T14/><D116/><U38/><E36/><V26/><F26/><W1/><G1/><T78/><D50/><U109/><E38/><V79/><F79/><W135/><G76/><T22/><D78/><U42/><E109/><V87/><F87/><W15/><G135/><T124/><D124/><U24/><E24/><V6/><F6/><W110/><G110/><T11/><D49/><U86/><E86/><V52/><F52/><W55/><G55/><RYUUKYOKU ba="2,1" sc="324,-10,193,-10,270,30,203,-10" hai2="27,34,37,40,46,53,58,60,82,84,90,112,114" /><INIT seed="6,3,1,2,4,9" ten="314,183,300,193" oya="2" hai0="68,121,36,40,34,20,67,118,74,109,71,116,55" hai1="91,52,2,5,42,81,35,96,60,58,87,128,115" hai2="1,102,114,29,83,11,39,12,89,62,104,133,113" hai3="80,13,122,126,59,41,21,131,26,107,66,64,93"/><V110/><F39/><W101/><G122/><T73/><D34/><U24/><E42/><V100/><F133/><W16/><G107/><T61/><D109/><U97/><E115/><N who="2" m="44043" /><F1/><W77/><G126/><T28/><D121/><U72/><E128/><V134/><F134/><W49/><G131/><T65/><D20/><U135/><E135/><V57/><F29/><W92/><G26/><T75/><D55/><U94/><E5/><N who="2" m="3183" /><F104/><W48/><G41/><T8/><D28/><U132/><E2/><V103/><F110/><W70/><G70/><T23/><D23/><U27/><E132/><V99/><F83/><W43/><G80/><T53/><D8/><U108/><E108/><V127/><F127/><W63/><G63/><N who="0" m="39999" /><D53/><U84/><E35/><V47/><F47/><AGARI ba="3,1" hai="36,40,47,61,67,71,73,74,75,116,118" m="39999" machi="47" ten="40,1300,0" yaku="23,1" doraHai="9" who="0" fromWho="2" sc="314,32,183,0,300,-22,193,0" /><INIT seed="7,0,0,4,3,43" ten="346,183,278,193" oya="3" hai0="130,95,64,116,122,45,51,114,3,12,76,108,0" hai1="8,32,98,101,49,63,121,131,132,89,14,46,125" hai2="9,106,47,42,53,10,92,93,100,36,70,25,109" hai3="111,54,55,7,44,18,84,21,56,82,115,67,35"/><W81/><G115/><T85/><D108/><U30/><E121/><V97/><F109/><W129/><G111/><T104/><D104/><U41/><E132/><V113/><F113/><W78/><G35/><T6/><D130/><U118/><E30/><V5/><F70/><W66/><G129/><T77/><D116/><U52/><E131/><V40/><F53/><W11/><G82/><T57/><D3/><U13/><E32/><V31/><F10/><W90/><G78/><T133/><D0/><U17/><E125/><V105/><F93/><W24/><G55/><T72/><D72/><U60/><E118/><V96/><F96/><W37/><G37/><T62/><D122/><U34/><E34/><V69/><F69/><W61/><REACH who="3" step="1"/><G44/><REACH who="3" ten="346,183,278,183" step="2"/><T79/><D79/><U124/><E124/><V68/><F47/><W23/><G23/><T26/><D77/><U58/><E41/><V75/><F40/><W22/><G22/><T71/><D45/><U91/><E46/><V33/><F42/><W112/><G112/><T117/><D114/><U126/><E126/><V27/><F36/><W127/><G127/><T2/><D76/><U50/><E63/><V39/><F39/><W134/><G134/><T16/><D62/><U88/><E88/><V29/><F75/><W135/><G135/><T48/><D133/><U119/><E119/><V87/><F33/><W120/><G120/><T4/><D117/><U123/><E123/><V38/><F38/><W80/><G80/><T103/><D51/><U94/><E14/><AGARI ba="0,1" hai="7,11,14,18,21,24,54,56,61,66,67,81,84,90" machi="14" ten="30,11600,0" yaku="1,1,7,1,8,1,53,1" doraHai="43" doraHaiUra="19" who="3" fromWho="1" sc="346,0,183,-116,278,0,183,126" /><INIT seed="7,1,0,0,3,37" ten="346,67,278,309" oya="3" hai0="122,127,76,135,67,111,19,51,93,129,79,36,12" hai1="56,130,98,71,102,87,99,6,64,16,30,53,65" hai2="101,50,72,92,108,58,109,100,10,123,32,5,70" hai3="7,78,62,128,96,13,2,115,75,4,83,106,15"/><W11/><G115/><T59/><D36/><U63/><E130/><V31/><F72/><W9/><G128/><T43/><D111/><U86/><E71/><V104/><F104/><W38/><G38/><T54/><D122/><U46/><E30/><V69/><F31/><W121/><G121/><T124/><D43/><U27/><E6/><V119/><F123/><W26/><G26/><T60/><D93/><U18/><E102/><V29/><F29/><W66/><G2/><T132/><D129/><U120/><E120/><V126/><F5/><W88/><G106/><T45/><D79/><U89/><E27/><V49/><F92/><W117/><G117/><T55/><D76/><U81/><E87/><V112/><F58/><W17/><G17/><T113/><D67/><U8/><E18/><V24/><F24/><W84/><G96/><T42/><D55/><U22/><E22/><V44/><F44/><W114/><G114/><T103/><D103/><U90/><E89/><V3/><F112/><W131/><G131/><T133/><D113/><U91/><E91/><V125/><F10/><AGARI ba="1,0" hai="10,12,19,42,45,51,54,59,60,124,127,132,133,135" machi="10" ten="40,2600,0" yaku="20,1,52,1" doraHai="37" who="0" fromWho="2" sc="346,29,67,0,278,-29,309,0" owari="375,47.0,67,-43.0,249,-15.0,309,11.0" /></mjloggm>