<mjloggm ver="2.3"><GO type="41" lobby="0"/><UN n0="%E2%93%9D%53%75%70%68%78" n1="%E3%83%9A%E3%83%B3%E3%82%B9%E3%83%BC%E3%83%94%E3%83%B3" n2="%E4%BD%90%E5%80%89%E9%9C%A7" n3="%E3%81%B2%E3%81%AE%E3%81%8D%EF%BC%91" dan="17,14,15,13" rate="2085.14,1968.88,2034.77,1884.84" sx="M,M,M,M"/><TAIKYOKU oya="0"/><INIT seed="0,0,0,2,3,30" ten="250,250,250,250" oya="0" hai0="45,26,109,72,110,132,123,29,60,99,48,7,104" hai1="81,41,103,115,1,16,4,133,40,128,38,90,86" hai2="28,96,100,18,21,34,33,125,129,20,19,31,13" hai3="122,52,106,121,39,118,24,23,55,46,88,2,62"/><T112/><D112/><U66/><E128/><V22/><F129/><W25/><G2/><T119/><D119/><U93/><E38/><V14/><F96/><W6/><G6/><T59/><D72/><U76/><E103/><V111/><F100/><W91/><G106/><T58/><D123/><N who="3" m="47113" /><G118/><T69/><D7/><U37/><E37/><V64/><F64/><W57/><G25/><T15/><D15/><N who="2" m="5642" /><F111/><N who="0" m="42506" /><D132/><U27/><E66/><V65/><F65/><W116/><G116/><T77/><D77/><U85/><E133/><V42/><F42/><N who="3" m="22879" /><G55/><N who="0" m="30095" /><D69/><U126/><E126/><V17/><F125/><W74/><G74/><T131/><D131/><U108/><E108/><V134/><F134/><W127/><G127/><T0/><D0/><U92/><E115/><V10/><F10/><W130/><G130/><T101/><D60/><U56/><E56/><V120/><F120/><W8/><G8/><T3/><D3/><U51/><E51/><V87/><F87/><W79/><G79/><T75/><D75/><U50/><E50/><V117/><F117/><W114/><G114/><T97/><D99/><U49/><E49/><V83/><F83/><W5/><G5/><T124/><D124/><U54/><E1/><V135/><F135/><W78/><G78/><T107/><D104/><U35/><E4/><V98/><F98/><W36/><G36/><T44/><D44/><U94/><E76/><V61/><F61/><W102/><G102/><T67/><D67/><U32/><E81/><V80/><F80/><W105/><G105/><T9/><D9/><U84/><E85/><V12/><F12/><RYUUKYOKU ba="0,0" sc="250,10,250,-30,250,10,250,10" hai0="26,29,58,59,97,101,107" hai2="17,18,19,20,21,22,28,31,33,34" hai3="23,24,52,57,62,88,91" /><INIT seed="0,1,0,0,0,95" ten="260,220,260,260" oya="0" hai0="107,133,27,64,17,5,9,62,51,81,84,93,11" hai1="70,112,60,53,120,52,114,90,0,122,110,48,41" hai2="111,33,15,49,40,13,119,44,129,103,36,65,91" hai3="57,92,43,127,69,20,98,99,135,31,106,76,18"/><T59/><D107/><U26/><E0/><V117/><F111/><W16/><G69/><T61/><D133/><U77/><E77/><V78/><F129/><W58/><G135/><T68/><D51/><U54/><E90/><V123/><F123/><N who="1" m="47145" /><E26/><V134/><F134/><W124/><G76/><T105/><D105/><U42/><E110/><V126/><F126/><N who="3" m="48171" /><G43/><N who="1" m="16394" /><E48/><V125/><F125/><W10/><G106/><T104/><D104/><U128/><E128/><V73/><F103/><W74/><G92/><T23/><D5/><U2/><E2/><V87/><F33/><W94/><G94/><T100/><D93/><U113/><E70/><V45/><F65/><W46/><G46/><T79/><REACH who="0" step="1"/><D100/><REACH who="0" ten="250,220,260,260" step="2"/><U109/><E109/><V75/><F49/><W22/><G74/><T101/><D101/><U47/><E47/><V96/><F44/><W130/><G130/><T34/><D34/><U28/><E28/><V32/><F32/><W30/><G31/><T89/><D89/><U35/><E35/><V37/><F73/><W97/><G30/><T131/><D131/><U71/><E71/><V116/><F75/><W85/><G85/><T56/><D56/><AGARI ba="1,1" hai="52,53,54,56,60,112,113,114" m="16394,47145" machi="56" ten="40,8000,1" yaku="11,1,34,2,54,1" doraHai="95" who="1" fromWho="0" sc="250,-83,220,93,260,0,260,0" /><INIT seed="1,0,0,0,2,27" ten="167,313,260,260" oya="1" hai0="102,25,24,2,121,58,127,56,62,114,53,59,51" hai1="116,63,81,43,5,119,65,71,9,18,52,1,96" hai2="128,80,101,99,107,8,28,77,40,66,21,64,13" hai3="90,132,0,10,88,34,135,14,75,7,113,70,39"/><U122/><E122/><V54/><F128/><W35/><G75/><T37/><D2/><U111/><E43/><V57/><F40/><W89/><G70/><T126/><D102/><U97/><E111/><V4/><F21/><W11/><G39/><T133/><D25/><U19/><E81/><V120/><F120/><W95/><G113/><T123/><D24/><U46/><E116/><V6/><F6/><W100/><G100/><T22/><D22/><U49/><REACH who="1" step="1"/><E119/><REACH who="1" ten="167,303,260,260" step="2"/><V47/><F47/><W131/><G131/><T48/><D121/><U78/><E78/><V91/><F77/><W74/><G74/><T130/><D123/><U30/><E30/><V106/><F28/><W15/><G95/><T33/><D130/><U87/><E87/><V79/><F107/><W32/><REACH who="3" step="1"/><G0/><REACH who="3" ten="167,303,260,250" step="2"/><T29/><D114/><U117/><E117/><V104/><F104/><W69/><G69/><T42/><D127/><U20/><E20/><V26/><F106/><W83/><G83/><T86/><D126/><U12/><E12/><V16/><F80/><W112/><G112/><T50/><D29/><U45/><E45/><V103/><F13/><W44/><G44/><T124/><D124/><U93/><E93/><V3/><F3/><W17/><AGARI ba="0,2" hai="7,10,11,14,15,17,32,34,35,88,89,90,132,135" machi="17" ten="40,5200,0" yaku="1,1,0,1,54,1,53,0" doraHai="27" doraHaiUra="134" who="3" fromWho="3" sc="167,-13,303,-26,260,-13,250,72" /><INIT seed="2,0,0,4,1,110" ten="154,277,247,322" oya="2" hai0="90,134,91,16,31,100,106,112,51,87,85,14,92" hai1="41,94,126,57,70,61,116,43,5,45,21,82,78" hai2="59,133,47,103,81,69,37,40,1,120,97,113,118" hai3="121,79,76,107,56,99,102,72,50,125,18,101,23"/><V67/><F118/><W12/><G121/><T123/><D134/><U129/><E116/><V109/><F120/><W19/><G125/><T95/><D123/><U114/><E70/><V0/><F133/><W44/><G72/><T30/><D112/><U60/><E114/><V26/><F113/><W89/><G102/><T28/><D106/><U58/><E5/><V119/><F119/><W3/><G3/><T2/><D2/><N who="2" m="1130" /><F81/><W32/><G32/><T111/><D111/><U66/><E94/><V29/><F59/><W24/><G89/><T80/><D51/><U75/><E126/><V128/><F109/><W74/><G74/><T48/><D48/><U117/><E117/><V64/><F128/><W46/><G46/><T13/><D16/><U34/><E34/><N who="2" m="20791" /><F64/><W98/><G98/><T35/><D35/><U83/><E129/><V135/><F135/><W115/><G56/><T68/><D68/><U10/><E10/><V4/><F4/><W55/><REACH who="3" step="1"/><G115/><REACH who="3" ten="154,277,247,312" step="2"/><T38/><D100/><U53/><E45/><V71/><F67/><W62/><G62/><T108/><D108/><U8/><E75/><V49/><F49/><W63/><G63/><T17/><D38/><U131/><E131/><V127/><F127/><W132/><G132/><T9/><D80/><U54/><E83/><V25/><F25/><W15/><G15/><T65/><D14/><U39/><E39/><V73/><F73/><W6/><G6/><T27/><D27/><U88/><E82/><V11/><F11/><AGARI ba="0,1" hai="11,12,18,19,23,24,44,50,55,76,79,99,101,107" machi="11" ten="30,3900,0" yaku="1,1,7,1,53,1" doraHai="110" doraHaiUra="42" who="3" fromWho="2" sc="154,0,277,0,247,-39,312,49" /><INIT seed="3,0,0,3,2,67" ten="154,277,208,361" oya="3" hai0="33,65,121,102,131,124,49,8,44,103,125,47,24" hai1="31,56,83,11,32,16,21,36,94,25,30,107,123" hai2="132,91,45,127,58,26,63,119,97,134,70,128,71" hai3="13,3,118,86,61,6,80,7,92,53,64,88,68"/><W4/><G118/><T9/><D65/><U109/><E36/><V0/><F119/><W106/><G106/><T46/><D49/><U93/><E107/><V19/><F0/><W77/><G3/><T73/><D73/><U75/><E123/><V111/><F111/><W99/><REACH who="3" step="1"/><G53/><REACH who="3" ten="154,277,208,351" step="2"/><T41/><D121/><U2/><E2/><V84/><F127/><W76/><G76/><T82/><D124/><U78/><E109/><V10/><F128/><W48/><G48/><T113/><D125/><U81/><E78/><V50/><F132/><W129/><G129/><T104/><D104/><U5/><E75/><V72/><F134/><W108/><G108/><T1/><D1/><U120/><E120/><V12/><F72/><W42/><G42/><T27/><D41/><U52/><E32/><V35/><F35/><W87/><G87/><T23/><D33/><U43/><E43/><V115/><F84/><W51/><G51/><T54/><D54/><U74/><E74/><V20/><F50/><W62/><G62/><T40/><D40/><U90/><E52/><N who="2" m="34247" /><F45/><W126/><G126/><T114/><D44/><U105/><E105/><V69/><F115/><W55/><G55/><T116/><D116/><U18/><E56/><V112/><F112/><W122/><G122/><T66/><D131/><U17/><E21/><V34/><F34/><W29/><G29/><T38/><D23/><U85/><E31/><N who="2" m="17863" /><F70/><W96/><G96/><T98/><D98/><U133/><E133/><V37/><F37/><W89/><G89/><T130/><D130/><U60/><E90/><V100/><F91/><RYUUKYOKU ba="0,1" sc="154,-15,277,-15,208,15,351,15" hai2="10,12,19,69,71,97,100" hai3="4,6,7,13,61,64,68,77,80,86,88,92,99" /><INIT seed="3,1,1,2,2,41" ten="139,262,223,366" oya="3" hai0="45,63,86,92,22,95,69,56,74,102,127,21,94" hai1="131,5,38,17,64,122,16,72,26,85,93,104,35" hai2="47,130,18,107,67,36,96,99,114,68,90,9,34" hai3="87,100,108,15,13,2,103,30,37,91,80,97,12"/><W7/><G37/><T133/><D74/><U3/><E104/><V111/><F114/><W19/><G30/><T0/><D69/><U55/><E72/><V40/><F111/><W83/><G108/><T70/><D70/><U52/><E122/><V71/><F130/><W66/><G66/><T116/><D0/><U51/><E38/><V27/><F90/><W79/><G2/><T25/><D133/><U88/><E64/><V32/><F32/><W123/><G7/><T125/><D116/><U23/><E35/><V89/><F89/><W134/><G134/><T33/><D86/><U110/><E131/><V60/><F68/><W126/><G123/><T42/><D102/><U113/><E113/><V135/><F135/><W106/><G103/><T29/><D56/><U31/><E55/><V84/><F84/><W43/><G43/><T4/><D63/><U119/><E119/><V1/><F18/><W132/><G126/><N who="0" m="48139" /><D4/><U24/><E24/><V109/><F109/><W10/><REACH who="3" step="1"/><G132/><REACH who="3" ten="139,262,223,356" step="2"/><T128/><D128/><U65/><E65/><V120/><F120/><W129/><G129/><T57/><D57/><U121/><E121/><V44/><F1/><W62/><G62/><T20/><D33/><U77/><E110/><V48/><F34/><W49/><G49/><AGARI ba="1,2" hai="20,21,22,25,29,42,45,49,92,94,95" m="48139" machi="49" ten="30,2000,0" yaku="18,1,52,1" doraHai="41" who="0" fromWho="3" sc="139,43,262,0,223,0,356,-23" /><INIT seed="4,0,0,1,0,98" ten="182,262,223,333" oya="0" hai0="20,14,85,52,131,117,59,9,95,90,67,54,5" hai1="125,83,36,21,92,40,53,82,118,123,102,16,75" hai2="43,23,76,62,49,1,25,127,18,105,126,47,4" hai3="8,61,115,111,55,96,11,104,106,28,17,77,65"/><T38/><D117/><U56/><E118/><V10/><F105/><W57/><G111/><T100/><D38/><U79/><E123/><V74/><F62/><W88/><G115/><T81/><D131/><U91/><E125/><N who="2" m="47627" /><F76/><W63/><G77/><T70/><D70/><U32/><E32/><V87/><F87/><W46/><G46/><T84/><D20/><U24/><E83/><V0/><F74/><W37/><G28/><T71/><D71/><U15/><E40/><V73/><F73/><W12/><G8/><T120/><D120/><U86/><E36/><V13/><AGARI ba="0,0" hai="0,1,4,10,13,18,23,25,43,47,49" m="47627" machi="13" ten="30,1100,0" yaku="18,1" doraHai="98" who="2" fromWho="2" sc="182,-5,262,-3,223,11,333,-3" /><INIT seed="5,0,0,4,5,107" ten="177,259,234,330" oya="1" hai0="129,119,34,7,3,130,131,66,73,74,82,56,23" hai1="17,91,122,46,118,113,126,106,108,11,135,102,134" hai2="47,4,59,114,25,99,76,29,10,81,58,35,30" hai3="84,21,72,54,27,116,62,2,115,121,51,41,13"/><U49/><E118/><V64/><F114/><W40/><G121/><T98/><D119/><U101/><E122/><V112/><F112/><W24/><G115/><T100/><D34/><U104/><E113/><V15/><F30/><W50/><G2/><T32/><D32/><U87/><E108/><V105/><F64/><W70/><G116/><T57/><D82/><U110/><E110/><V88/><F47/><W45/><G70/><T67/><D23/><U94/><E126/><V61/><F61/><W79/><G62/><N who="0" m="38351" /><D56/><U20/><E11/><V18/><F4/><W1/><G84/><T33/><D33/><U12/><E104/><V90/><F90/><W5/><G1/><T31/><D31/><U120/><E120/><V83/><F83/><W16/><G5/><T37/><D37/><U109/><E109/><V38/><F38/><W8/><G21/><T86/><D86/><U22/><E22/><V26/><F26/><W125/><G27/><T71/><D66/><U52/><REACH who="1" step="1"/><E106/><REACH who="1" ten="177,249,234,330" step="2"/><V14/><F105/><W92/><G125/><T44/><D71/><U95/><E95/><V6/><F35/><W111/><G92/><N who="0" m="58439" /><D44/><U69/><E69/><V43/><F10/><AGARI ba="0,1" hai="3,7,10,73,74,129,130,131" m="58439,38351" machi="10" ten="30,3900,0" yaku="19,1,52,2" doraHai="107" who="0" fromWho="2" sc="177,49,249,0,234,-39,330,0" /><INIT seed="6,0,0,3,2,38" ten="226,249,195,330" oya="2" hai0="1,108,5,116,22,2,130,133,73,54,132,27,55" hai1="123,34,52,79,95,12,125,88,58,68,3,21,30" hai2="104,91,94,70,59,115,61,11,134,78,107,6,71" hai3="75,118,46,100,10,32,66,135,89,114,72,62,18"/><V69/><F115/><W97/><G118/><T112/><D73/><U124/><E68/><V13/><F134/><N who="0" m="51818" /><D108/><U122/><E3/><N who="0" m="1033" /><D5/><U48/><E79/><V92/><F78/><W17/><G32/><T65/><D130/><U129/><E34/><V110/><F110/><W101/><G114/><T127/><D112/><U93/><E93/><V106/><REACH who="2" step="1"/><F91/><REACH who="2" ten="226,249,185,330" step="2"/><W105/><G135/><T117/><D127/><N who="1" m="48715" /><E129/><V56/><F56/><W103/><G89/><T81/><D116/><U53/><E53/><AGARI ba="0,1" hai="6,11,13,53,59,61,69,70,71,92,94,104,106,107" machi="53" ten="50,2400,0" yaku="1,1,53,0" doraHai="38" doraHaiUra="82" who="2" fromWho="1" sc="226,0,249,-24,185,34,330,0" /><INIT seed="6,1,0,0,4,15" ten="226,225,219,330" oya="2" hai0="86,39,105,69,135,107,115,128,85,88,26,108,43" hai1="70,23,55,93,91,110,59,73,75,118,16,51,113" hai2="116,111,13,79,78,99,50,19,30,89,60,17,66" hai3="4,42,63,127,40,56,21,58,44,8,46,53,117"/><V33/><F116/><W129/><G117/><T123/><D69/><U104/><E110/><V52/><F33/><W81/><G129/><T7/><D108/><U9/><E118/><V3/><F3/><W10/><G127/><T36/><D7/><U132/><E104/><V101/><F111/><W97/><G97/><T32/><D43/><U28/><E70/><V126/><F126/><W20/><G81/><T11/><D11/><U14/><E132/><V77/><F30/><W98/><G98/><T2/><D2/><U80/><E80/><V61/><F89/><W121/><G53/><T102/><D88/><U47/><E113/><V5/><F5/><W65/><G63/><N who="2" m="24137" /><F13/><W24/><G4/><T64/><D115/><U133/><E133/><V124/><F66/><W131/><G131/><T37/><D64/><U87/><REACH who="1" step="1"/><E59/><REACH who="1" ten="226,215,219,330" step="2"/><N who="2" m="33175" /><F124/><W34/><G65/><T18/><D135/><U76/><E76/><V106/><F106/><W134/><G134/><T92/><D105/><U0/><E0/><V31/><F31/><W90/><G90/><T71/><D107/><U96/><E96/><V57/><F57/><W95/><G56/><T94/><D128/><U27/><AGARI ba="1,1" hai="9,14,16,23,27,28,47,51,55,73,75,87,91,93" machi="27" ten="30,8000,1" yaku="1,1,0,1,52,1,54,1,53,1" doraHai="15" doraHaiUra="22" who="1" fromWho="1" sc="226,-21,215,93,219,-41,330,-21" /><INIT seed="7,0,0,4,3,112" ten="205,308,178,309" oya="3" hai0="75,126,29,45,111,124,13,94,57,86,15,74,27" hai1="30,130,108,68,64,34,60,135,59,9,72,52,8" hai2="49,81,53,116,62,132,38,105,83,66,19,73,100" hai3="96,31,127,1,65,16,23,131,17,37,80,120,25"/><W41/><G120/><T117/><D117/><U115/><E108/><V20/><F132/><W113/><G113/><T6/><D111/><U46/><E115/><V87/><F38/><W97/><G1/><T7/><D57/><U119/><E72/><N who="0" m="27689" /><D45/><U114/><E114/><V40/><F40/><W101/><G65/><T85/><D94/><U22/><E34/><V54/><F116/><W123/><G123/><T42/><D27/><N who="1" m="16759" /><E119/><V92/><F105/><W103/><G80/><T76/><D29/><U58/><E68/><V43/><F73/><W67/><G67/><T18/><D42/><U56/><E135/><V107/><F107/><W71/><G71/><T84/><D18/><U125/><E125/><N who="0" m="48233" /><D76/><U39/><E39/><V110/><F110/><W3/><G127/><T102/><D102/><U63/><E130/><V104/><F104/><W0/><G131/><T95/><D95/><U133/><E133/><V24/><F43/><W106/><G41/><T28/><D28/><U69/><E69/><V70/><F49/><W35/><G37/><T122/><D122/><U5/><E64/><V33/><F33/><W99/><G17/><T134/><D134/><U129/><E129/><V50/><F50/><W91/><G106/><T77/><D77/><U98/><E98/><N who="2" m="59463" /><F83/><W51/><G97/><T11/><D6/><U47/><E58/><V26/><F26/><W82/><G96/><T61/><D61/><U79/><E79/><V36/><F36/><W4/><G99/><T14/><AGARI ba="0,0" hai="7,11,13,14,15,84,85,86" m="48233,27689" machi="14" ten="40,1500,0" yaku="18,1" doraHai="112" who="0" fromWho="0" sc="205,15,308,-4,178,-4,309,-7" owari="220,-18.0,304,41.0,174,-33.0,302,10.0" /></mjloggm>