<mjloggm ver="2.3"><GO type="41" lobby="0"/><UN n0="%E2%93%9D%53%75%70%68%78" n1="%E3%81%97%E3%82%87%E3%81%9F%E3%82%8D%E3%83%BC" n2="%52%CE%B1%69" n3="%E3%82%A6%E3%82%A9%E3%83%B3%E3%83%AC%E3%82%A4" dan="18,13,14,14" rate="2095.81,1884.22,1930.11,1954.31" sx="M,M,M,M"/><TAIKYOKU oya="0"/><INIT seed="0,0,0,1,1,126" ten="250,250,250,250" oya="0" hai0="95,16,129,53,87,101,77,62,1,89,58,118,19" hai1="121,108,33,20,25,106,111,10,57,49,100,34,68" hai2="66,27,14,45,70,6,79,38,9,26,63,55,42" hai3="122,23,67,71,73,109,35,124,64,81,117,115,116"/><T8/><D118/><U99/><E121/><V39/><F39/><W7/><G35/><T83/><D101/><U44/><E57/><V120/><F120/><W97/><G122/><T29/><D29/><U11/><E68/><V110/><F110/><N who="1" m="42025" /><E33/><V72/><F72/><W40/><G124/><T36/><D36/><U48/><E48/><V88/><F79/><W12/><G40/><T41/><D129/><U61/><E61/><V84/><REACH who="2" step="1"/><F55/><REACH who="2" ten="250,250,240,250" step="2"/><W114/><G73/><T113/><D41/><N who="1" m="24719" /><E34/><V119/><F119/><W4/><G116/><T92/><D113/><U37/><E37/><V52/><F52/><W107/><G117/><T130/><D130/><U60/><E60/><V21/><F21/><W47/><G23/><T31/><D62/><U59/><E59/><V51/><F51/><W56/><G56/><T75/><D58/><U123/><E123/><V28/><F28/><AGARI ba="0,1" hai="10,11,20,25,28,99,100,106" m="24719,42025" machi="28" ten="30,1000,0" yaku="14,1" doraHai="126" who="1" fromWho="2" sc="250,0,250,20,240,-10,250,0" /><INIT seed="1,0,0,2,1,69" ten="250,270,230,250" oya="1" hai0="97,58,99,101,105,55,117,35,51,92,65,94,124" hai1="50,113,33,104,27,64,66,131,23,43,106,135,107" hai2="38,6,96,0,86,108,103,110,129,17,53,90,25" hai3="61,31,63,70,5,111,102,41,10,98,134,29,121"/><U91/><E113/><V42/><F129/><W123/><G111/><T85/><D117/><U19/><E135/><V30/><F0/><W119/><G134/><T32/><D124/><U74/><E74/><V126/><F6/><W83/><G119/><T15/><D105/><U93/><E131/><V89/><F126/><W60/><G70/><T109/><D109/><U59/><E33/><V75/><F75/><W120/><G83/><T73/><D73/><U7/><E7/><V79/><F17/><W47/><G98/><T9/><D85/><U67/><E43/><V3/><F3/><W39/><REACH who="3" step="1"/><G102/><REACH who="3" ten="250,270,230,240" step="2"/><T112/><D112/><U22/><E23/><V24/><F103/><W46/><G46/><T16/><REACH who="0" step="1"/><D65/><REACH who="0" ten="240,270,230,240" step="2"/><U80/><E80/><V49/><F110/><W77/><G77/><T21/><D21/><U81/><E81/><V116/><F79/><W125/><G125/><T118/><D118/><U76/><E76/><V26/><F108/><W28/><G28/><T84/><D84/><U44/><E59/><V122/><F30/><W78/><G78/><T4/><D4/><U62/><E66/><V1/><F86/><W14/><AGARI ba="0,2" hai="5,10,14,29,31,39,41,47,60,61,63,120,121,123" machi="14" ten="40,8000,1" yaku="1,1,0,1,52,1,53,1" doraHai="69" doraHaiUra="71" who="3" fromWho="3" sc="240,-20,270,-40,230,-20,240,100" /><INIT seed="2,0,0,1,3,92" ten="220,230,210,340" oya="2" hai0="106,62,81,6,101,73,9,65,107,68,58,83,33" hai1="69,75,13,77,102,59,48,31,103,114,71,113,53" hai2="41,91,117,123,105,50,110,115,24,74,78,104,12" hai3="131,84,97,85,11,25,133,108,27,40,70,49,7"/><V2/><F115/><W127/><G108/><T134/><D134/><U35/><E75/><V30/><F2/><W18/><G70/><T95/><D33/><U36/><E36/><V88/><F117/><W109/><G109/><T46/><D68/><U60/><E77/><V72/><F123/><W118/><G118/><T19/><D19/><U1/><E1/><V89/><F12/><W63/><G133/><T57/><D46/><U100/><E13/><V121/><F121/><W52/><G131/><T34/><D34/><U4/><E4/><V10/><F10/><W125/><G40/><T55/><D107/><U23/><E35/><V98/><F110/><W99/><G63/><T120/><D106/><U124/><E124/><N who="3" m="47690" /><G85/><T130/><D73/><U61/><E69/><V39/><F39/><W76/><G76/><T32/><D130/><U16/><E31/><V28/><F78/><W38/><G84/><T17/><D120/><U126/><E126/><V42/><F105/><W14/><G38/><T86/><D86/><U20/><E20/><N who="2" m="15367" /><F30/><W116/><G116/><T119/><D32/><U44/><E71/><V29/><F29/><W15/><G25/><T56/><D119/><U96/><E113/><V82/><F82/><W21/><G27/><T43/><D83/><U128/><E114/><V129/><F129/><W51/><G51/><T67/><D81/><U3/><E128/><V79/><F79/><W122/><G122/><T132/><D132/><U80/><E80/><V8/><F50/><W0/><G0/><T64/><D62/><N who="1" m="24171" /><E3/><V112/><F112/><W111/><G111/><RYUUKYOKU ba="0,0" sc="220,-10,230,-10,210,-10,340,30" hai3="7,11,14,15,18,21,49,52,97,99" /><INIT seed="3,1,0,1,1,91" ten="210,220,200,370" oya="3" hai0="25,92,97,39,29,27,44,125,53,116,115,33,15" hai1="94,79,93,24,72,4,132,88,1,80,76,71,78" hai2="100,36,34,131,3,52,111,65,126,77,59,17,45" hai3="107,112,129,8,101,51,134,109,55,106,31,66,6"/><W20/><G112/><T130/><D116/><U102/><E71/><V18/><F3/><W21/><G134/><T83/><D130/><U9/><E24/><V0/><F34/><W113/><G113/><T118/><D125/><U105/><E132/><V11/><F65/><W82/><G66/><T90/><D118/><U5/><E5/><V10/><F131/><W7/><G82/><T50/><D115/><U127/><E127/><V110/><F77/><N who="1" m="29801" /><E9/><V75/><F75/><W19/><G129/><T63/><D39/><U47/><E1/><V35/><F35/><W124/><G31/><T12/><D83/><N who="1" m="45543" /><E47/><V117/><F117/><W56/><G6/><T26/><REACH who="0" step="1"/><D63/><REACH who="0" ten="200,220,200,370" step="2"/><U2/><E2/><V23/><F0/><W16/><G124/><T89/><D89/><U122/><E4/><V30/><F126/><W40/><G101/><T99/><D99/><N who="1" m="61663" /><E122/><V41/><F36/><W32/><G109/><T74/><D74/><U61/><E61/><V67/><F111/><W95/><G51/><T68/><D68/><U43/><E43/><V87/><F110/><W133/><G40/><T104/><D104/><U86/><AGARI ba="1,1" hai="80,86,88,93,94" m="61663,45543,29801" machi="86" ten="30,16000,3" yaku="35,5,52,2,54,1" doraHai="91" who="1" fromWho="1" sc="200,-41,220,173,200,-41,370,-81" /><INIT seed="4,0,0,3,4,46" ten="159,393,159,289" oya="0" hai0="50,18,9,124,2,27,57,128,115,116,98,63,59" hai1="71,69,51,100,110,105,49,118,86,56,72,120,109" hai2="47,37,106,131,112,121,39,89,10,73,24,84,43" hai3="12,21,22,125,38,75,122,44,36,52,130,8,1"/><T34/><D116/><U90/><E72/><V41/><F121/><W87/><G75/><T55/><D115/><U40/><E120/><V97/><F131/><W108/><G122/><T135/><D128/><U29/><E118/><V95/><F112/><W91/><G130/><T117/><D117/><U107/><E29/><V74/><F24/><W11/><G108/><T32/><D135/><U132/><E100/><V31/><F31/><W78/><G78/><T77/><D124/><U20/><E20/><V111/><F111/><N who="1" m="42505" /><E56/><V28/><F28/><W26/><G125/><T96/><D77/><U99/><E86/><V48/><F10/><W68/><G68/><N who="1" m="26186" /><E99/><V33/><F33/><W60/><G38/><T119/><D119/><U14/><E90/><V61/><F61/><W17/><G36/><T30/><D34/><U67/><E40/><V13/><F13/><W64/><G1/><T53/><REACH who="0" step="1"/><D2/><REACH who="0" ten="149,393,159,289" step="2"/><U83/><E132/><V104/><F104/><W23/><G26/><T93/><D93/><U4/><E105/><V42/><F106/><W101/><G12/><AGARI ba="0,1" hai="9,12,18,27,30,32,50,53,55,57,59,63,96,98" machi="12" ten="40,7700,0" yaku="1,1,52,1,53,1" doraHai="46" doraHaiUra="58" who="0" fromWho="3" sc="149,87,393,0,159,0,289,-77" /><INIT seed="4,1,0,1,5,19" ten="236,393,159,212" oya="0" hai0="13,20,6,87,106,30,14,29,84,92,56,91,18" hai1="117,107,83,9,50,105,119,88,21,64,62,118,27" hai2="126,7,66,67,122,72,51,11,71,60,23,120,58" hai3="68,47,79,2,74,0,26,69,42,10,33,133,132"/><T61/><D106/><U63/><E63/><V127/><F72/><W35/><G79/><T59/><D59/><U28/><E50/><V121/><F51/><W15/><G15/><T99/><D6/><U111/><E111/><V54/><F71/><N who="3" m="27211" /><G10/><T102/><D14/><U123/><E123/><V73/><F73/><W45/><G26/><T43/><D43/><U114/><E114/><V37/><F37/><W86/><G86/><T129/><D129/><U95/><E83/><V128/><F128/><W135/><G42/><T5/><D5/><U124/><E124/><V78/><F78/><W1/><G74/><T109/><D109/><U82/><E82/><V97/><F97/><W112/><G112/><T38/><D38/><U103/><E103/><V22/><F67/><W100/><G100/><T116/><D116/><U81/><E81/><V36/><F36/><W40/><G40/><T4/><D4/><U76/><E9/><V90/><F90/><W55/><G55/><T101/><D101/><U17/><E76/><V3/><REACH who="2" step="1"/><F66/><REACH who="2" ten="236,393,149,212" step="2"/><W89/><G89/><T98/><D98/><U52/><E64/><V108/><F108/><W48/><G48/><T94/><D87/><U31/><E105/><V75/><F75/><W130/><G130/><T32/><D32/><AGARI ba="1,1" hai="0,1,2,32,33,35,45,47,132,133,135" m="27211" machi="32" ten="50,6400,0" yaku="28,2,20,1" doraHai="19" who="3" fromWho="0" sc="236,-67,393,0,149,0,212,77" /><INIT seed="5,0,0,5,1,101" ten="169,393,149,289" oya="1" hai0="85,128,13,97,12,14,86,19,104,34,75,62,109" hai1="33,3,36,108,11,67,63,10,65,125,118,30,37" hai2="121,126,133,71,0,115,113,17,21,39,1,49,20" hai3="25,7,70,87,74,54,124,56,64,91,127,107,38"/><U112/><E118/><V93/><F71/><W59/><G74/><T18/><D75/><U117/><E117/><V5/><F39/><W42/><G7/><T80/><D34/><U48/><E112/><N who="2" m="43083" /><F49/><W9/><G9/><T120/><D109/><U129/><E48/><V53/><F53/><W130/><G130/><T6/><D6/><U51/><E51/><V2/><F93/><W23/><G70/><T134/><D134/><U52/><E63/><V35/><F133/><W96/><G64/><T122/><D128/><U89/><E89/><V41/><F41/><W98/><G42/><T102/><D62/><U32/><E3/><V106/><F106/><W8/><G38/><T31/><D31/><U46/><E46/><V78/><F78/><W90/><G8/><T132/><D132/><U69/><E129/><V61/><F61/><W100/><G98/><T95/><D95/><U114/><E114/><V77/><F77/><W22/><G56/><T131/><D131/><U16/><E69/><V55/><F55/><W29/><G22/><N who="2" m="8809" /><F126/><N who="3" m="48171" /><G87/><N who="0" m="33291" /><D80/><U58/><E52/><V79/><F79/><W45/><G45/><T27/><D122/><U110/><E125/><V43/><F43/><W76/><G76/><T60/><D60/><AGARI ba="0,0" hai="23,25,29,54,59,60,90,91,96,100,107" m="48171" machi="60" ten="30,2000,0" yaku="18,1,52,1" doraHai="101" who="3" fromWho="0" sc="169,-20,393,0,149,0,289,20" /><INIT seed="6,0,0,2,2,128" ten="149,393,149,309" oya="2" hai0="74,44,130,29,37,7,113,11,110,36,15,99,20" hai1="24,34,116,14,64,96,0,47,22,95,129,135,59" hai2="69,77,65,33,45,28,89,103,118,79,108,90,73" hai3="86,68,57,87,107,94,58,17,30,120,133,41,98"/><V35/><F118/><W63/><G120/><T31/><D110/><U122/><E116/><V48/><F108/><W111/><G107/><T42/><D130/><U32/><E135/><V9/><F103/><W126/><G126/><T54/><D113/><U21/><E0/><V1/><F69/><W13/><G30/><T6/><D74/><U83/><E47/><V91/><F65/><W97/><G68/><T60/><D37/><U125/><E122/><V51/><F28/><W40/><G133/><T53/><D7/><U127/><E83/><V102/><F102/><W93/><G111/><T119/><D119/><U52/><E14/><V132/><F132/><W105/><G105/><T123/><D123/><U81/><E81/><V72/><F45/><W43/><G63/><T80/><D99/><N who="3" m="37897" /><G13/><T26/><D31/><N who="1" m="19559" /><E34/><N who="2" m="12811" /><F9/><W4/><G4/><T61/><REACH who="0" step="1"/><D80/><REACH who="0" ten="139,393,149,309" step="2"/><U27/><E129/><V121/><F1/><W18/><G87/><T55/><AGARI ba="0,1" hai="6,11,15,20,26,29,36,42,44,53,54,55,60,61" machi="55" ten="30,4000,0" yaku="1,1,2,1,0,1,53,0" doraHai="128" doraHaiUra="101" who="0" fromWho="0" sc="139,50,393,-10,149,-20,309,-10" /><INIT seed="7,0,0,3,5,118" ten="189,383,129,299" oya="3" hai0="135,126,23,64,134,56,35,45,75,62,125,43,112" hai1="108,90,40,93,121,28,109,63,117,3,132,44,96" hai2="88,73,92,11,114,38,61,46,53,100,104,27,9" hai3="105,30,102,103,99,123,89,41,14,81,50,76,52"/><W59/><G123/><T51/><D75/><U67/><E117/><V131/><F73/><W128/><G128/><T33/><D23/><U122/><E3/><V48/><F114/><W101/><G30/><T85/><D85/><U98/><E132/><N who="0" m="50729" /><D112/><U8/><E8/><V70/><F131/><W72/><G41/><T120/><D120/><U25/><E98/><V66/><F104/><W17/><REACH who="3" step="1"/><G89/><REACH who="3" ten="189,383,129,289" step="2"/><T60/><D35/><U34/><E121/><V19/><F38/><W107/><G107/><T133/><D33/><U58/><E122/><V129/><F129/><W55/><G55/><N who="0" m="33823" /><D133/><U15/><E15/><V49/><F53/><W5/><G5/><T21/><D21/><AGARI ba="0,1" hai="14,17,21,50,52,59,72,76,81,99,101,102,103,105" machi="21" ten="30,5800,0" yaku="1,1,7,1,54,1,53,0" doraHai="118" doraHaiUra="83" who="3" fromWho="0" sc="189,-58,383,0,129,0,289,68" /><INIT seed="7,1,0,5,0,1" ten="131,383,129,357" oya="3" hai0="25,94,80,51,115,83,90,74,97,28,91,38,2" hai1="35,86,110,59,117,105,104,130,29,48,66,19,63" hai2="84,75,41,98,54,37,120,131,13,69,107,89,70" hai3="92,109,126,23,116,46,113,60,125,26,9,73,67"/><W34/><G116/><T30/><D38/><U93/><E110/><V4/><F75/><W129/><G109/><T119/><D2/><U123/><E123/><V45/><F120/><W61/><G73/><T14/><D119/><U3/><E3/><V27/><F131/><W81/><G129/><T10/><D115/><U103/><E130/><V42/><F42/><W78/><G113/><T65/><D65/><U132/><E132/><V77/><F77/><W49/><G34/><T44/><D74/><U22/><E29/><N who="0" m="11369" /><D25/><U11/><E11/><V43/><F43/><W111/><G111/><T24/><D24/><U0/><E0/><V88/><F27/><W87/><G9/><T52/><D91/><U64/><E35/><V12/><F54/><W58/><G61/><T121/><D121/><U114/><E114/><V82/><F13/><W79/><G79/><T62/><D62/><U53/><E66/><V31/><F31/><W135/><G135/><T17/><AGARI ba="1,0" hai="10,14,17,44,51,52,80,83,90,94,97" m="11369" machi="17" ten="30,2000,0" yaku="8,1,54,1" doraHai="1" who="0" fromWho="0" sc="131,23,383,-6,129,-6,357,-11" owari="154,-25.0,377,48.0,123,-38.0,346,15.0" /></mjloggm>