<mjloggm ver="2.3"><GO type="41" lobby="0"/><UN n0="%59%6F%69%74%61" n1="%E3%81%97%E3%82%87%E3%82%93%E3%81%BC%E3%82%8A" n2="%E6%A5%B5%E6%9D%B1%E7%99%BD%E3%81%84%E3%82%AA%E3%82%AA%E3%82%AB%E3%83%9F" n3="%E2%93%9D%53%75%70%68%78" dan="15,14,13,18" rate="2016.75,1881.26,1832.49,2086.90" sx="M,M,M,M"/><TAIKYOKU oya="0"/><INIT seed="0,0,0,0,3,55" ten="250,250,250,250" oya="0" hai0="124,119,56,73,74,104,58,1,92,15,17,14,107" hai1="111,108,25,35,100,110,127,69,65,93,50,101,113" hai2="122,21,117,19,81,33,59,57,9,120,106,8,72" hai3="71,45,4,94,16,39,128,23,109,70,96,112,121"/><T99/><D119/><U62/><E127/><V89/><F106/><W13/><G112/><T126/><D1/><U38/><E113/><V7/><F33/><W131/><G109/><T79/><D79/><U48/><E38/><V29/><F117/><W75/><G75/><T12/><D17/><U95/><E95/><V46/><F29/><W114/><G4/><T125/><D107/><U102/><E93/><V28/><F28/><AGARI ba="0,0" hai="25,28,35,48,50,62,65,69,100,101,102,108,110,111" machi="28" ten="50,1600,0" yaku="14,1" doraHai="55" who="1" fromWho="2" sc="250,0,250,16,250,-16,250,0" /><INIT seed="1,0,0,0,5,118" ten="250,266,234,250" oya="1" hai0="102,126,51,53,111,63,132,70,109,121,103,24,4" hai1="112,54,114,129,31,60,76,80,90,30,119,100,108" hai2="91,73,57,68,66,38,89,42,3,19,98,26,45" hai3="23,12,15,7,107,21,79,55,85,83,13,43,88"/><U105/><E119/><V33/><F73/><W113/><G113/><T96/><D132/><U1/><E1/><V27/><F3/><W131/><G107/><T46/><D126/><U92/><E129/><V20/><F68/><W125/><G131/><T94/><D4/><U65/><E54/><V56/><F33/><W17/><G125/><T134/><D134/><U116/><E108/><N who="0" m="41545" /><D24/><U115/><E116/><V62/><F57/><W122/><G122/><T10/><D10/><U34/><E100/><V127/><F127/><W6/><G43/><T67/><D102/><U0/><E0/><V25/><F91/><W29/><G55/><T110/><N who="0" m="41553" /><T5/><DORA hai="93" /><D5/><N who="3" m="1545" /><G79/><T47/><D47/><U78/><E34/><V71/><F71/><W39/><G39/><T9/><D9/><U74/><E76/><V120/><F120/><AGARI ba="0,0" hai="46,51,53,63,67,70,94,96,103,120,121" m="41553" machi="120" ten="40,8000,1" yaku="14,1,52,3" doraHai="118,93" who="0" fromWho="2" sc="250,80,266,0,234,-80,250,0" /><INIT seed="2,0,0,2,2,116" ten="330,266,154,250" oya="2" hai0="4,102,60,130,43,9,105,112,87,69,95,57,129" hai1="120,133,72,109,65,66,131,45,108,8,90,51,41" hai2="35,77,80,119,70,30,93,128,29,63,68,88,53" hai3="7,126,99,104,13,118,98,67,64,49,16,10,1"/><V3/><F119/><W127/><G118/><T2/><D112/><U31/><E72/><V97/><F128/><N who="0" m="49258" /><D69/><U18/><E31/><V17/><F3/><W0/><G49/><T32/><D32/><U113/><E113/><V132/><F132/><W11/><G1/><T21/><D21/><U44/><E90/><V106/><F106/><W36/><G36/><T101/><D43/><U61/><E18/><V38/><F38/><W96/><REACH who="3" step="1"/><G104/><REACH who="3" ten="330,266,154,240" step="2"/><T56/><D105/><U12/><E133/><V86/><F70/><W83/><G83/><T123/><D102/><U100/><E100/><V33/><F68/><W82/><G82/><T121/><D101/><U107/><E107/><V115/><F115/><W71/><G71/><T75/><D75/><U94/><E131/><V74/><F35/><W46/><G46/><T59/><D60/><U28/><E45/><V122/><F33/><W34/><G34/><T81/><D95/><U62/><E94/><V20/><F74/><W124/><AGARI ba="0,1" hai="0,7,10,11,13,16,64,67,96,98,99,124,126,127" machi="124" ten="40,12000,2" yaku="1,1,0,1,18,1,54,1,53,2" doraHai="116" doraHaiUra="6" who="3" fromWho="3" sc="330,-30,266,-30,154,-60,240,130" /><INIT seed="3,0,0,1,5,52" ten="300,236,94,370" oya="3" hai0="7,54,97,36,46,91,100,72,5,22,58,96,71" hai1="25,4,120,135,95,23,41,115,74,43,117,93,119" hai2="15,112,80,85,103,122,83,124,64,27,30,133,110" hai3="126,1,81,98,102,132,89,129,84,0,90,56,44"/><W51/><G129/><T70/><D72/><U37/><E74/><V113/><F64/><W13/><G132/><T38/><D91/><U8/><E120/><V88/><F15/><W76/><G126/><T19/><D96/><U32/><E32/><V17/><F17/><W11/><G1/><T82/><D82/><U40/><E37/><V108/><F27/><W53/><G0/><T28/><D28/><U104/><E104/><V92/><F30/><W33/><G33/><T18/><D18/><U109/><E109/><N who="2" m="42091" /><F122/><W31/><G31/><T94/><D70/><U62/><E115/><N who="2" m="44107" /><F124/><W3/><G3/><T87/><D87/><U121/><E121/><V61/><F61/><W45/><G90/><T114/><D71/><U21/><E62/><V69/><F69/><W39/><G39/><T67/><D67/><U24/><E135/><V134/><F103/><W10/><G10/><T79/><D79/><U59/><E8/><V63/><F63/><W20/><G20/><T123/><D114/><U101/><E101/><V65/><F65/><W26/><G26/><T35/><D35/><U131/><E4/><V106/><F106/><W55/><G76/><T128/><D123/><U12/><E25/><V6/><F6/><N who="0" m="2058" /><D36/><U66/><E12/><V57/><F57/><W116/><G13/><N who="0" m="9583" /><D38/><U77/><E77/><N who="2" m="46223" /><F83/><W47/><G11/><T34/><D34/><U9/><E9/><V14/><F14/><W118/><G55/><T2/><D2/><U130/><E24/><V50/><F50/><W78/><G78/><T99/><D100/><U29/><E29/><V60/><F60/><RYUUKYOKU ba="0,0" sc="300,-15,236,-15,94,15,370,15" hai2="88,92,133,134" hai3="44,45,47,51,53,56,81,84,89,98,102,116,118" /><INIT seed="3,1,0,1,5,78" ten="285,221,109,385" oya="3" hai0="65,133,107,41,74,99,60,66,125,70,52,110,12" hai1="100,134,111,26,95,68,49,59,109,117,113,69,120" hai2="121,22,45,90,18,30,83,115,131,84,128,44,7" hai3="27,77,55,106,13,57,132,75,118,42,38,47,31"/><W43/><G118/><T102/><D110/><N who="1" m="41995" /><E113/><V97/><F115/><W48/><G132/><T16/><D133/><U101/><E120/><V6/><F121/><W71/><G106/><T58/><D125/><U32/><E117/><V94/><F30/><W126/><G126/><T87/><D74/><U98/><E100/><V50/><F131/><W104/><G104/><T73/><D73/><U108/><E108/><V96/><F128/><W81/><G13/><T1/><D1/><U105/><E134/><V112/><F112/><W116/><G116/><T14/><D14/><U10/><E105/><V123/><F123/><W127/><G127/><T4/><D4/><U8/><E8/><V64/><F64/><W23/><REACH who="3" step="1"/><G43/><REACH who="3" ten="285,221,109,375" step="2"/><T51/><D41/><U63/><E10/><V46/><F50/><W53/><G53/><T29/><D29/><N who="1" m="19511" /><E49/><V82/><F97/><W85/><G85/><T28/><D28/><U56/><E56/><V21/><F96/><W129/><G129/><T39/><D39/><U135/><E135/><V91/><F90/><W61/><G61/><T24/><D24/><U80/><E59/><V20/><REACH who="2" step="1"/><F18/><REACH who="2" ten="285,221,99,375" step="2"/><W5/><G5/><AGARI ba="1,2" hai="5,6,7,20,21,22,44,45,46,82,83,84,91,94" machi="5" ten="40,8000,1" yaku="1,1,2,1,8,1,52,2,53,0" doraHai="78" doraHaiUra="9" who="2" fromWho="3" sc="285,0,221,0,99,103,375,-83" /><INIT seed="4,0,0,4,3,64" ten="285,221,202,292" oya="0" hai0="10,9,6,101,69,46,115,7,12,1,47,26,72" hai1="73,91,61,93,51,76,94,43,30,105,97,122,80" hai2="81,20,40,109,110,131,14,87,120,24,125,116,21" hai3="130,49,55,15,41,119,67,71,65,74,129,4,111"/><T22/><D72/><U59/><E122/><V132/><F120/><W123/><G74/><T56/><D115/><U124/><E30/><V44/><F125/><W11/><G123/><T42/><D101/><U36/><E36/><V57/><F116/><W38/><G111/><T35/><D35/><U23/><E124/><V75/><F75/><W13/><G119/><T28/><D56/><U68/><E94/><V34/><F34/><W108/><G108/><T50/><REACH who="0" step="1"/><D46/><REACH who="0" ten="275,221,202,292" step="2"/><U106/><E59/><V52/><F110/><W86/><G130/><T16/><D16/><U70/><E105/><V121/><F109/><W5/><G129/><T134/><D134/><U99/><E106/><V77/><F132/><W127/><G127/><T92/><D92/><U27/><E93/><V53/><F131/><W113/><G113/><T58/><D58/><U33/><E33/><V32/><F32/><W62/><G5/><T95/><D95/><U60/><E73/><V126/><F126/><W114/><G114/><T100/><D100/><U18/><E80/><V17/><F121/><W78/><G4/><T89/><D89/><U8/><E91/><V2/><F57/><W90/><G90/><T118/><D118/><U88/><E88/><V66/><F66/><W37/><G67/><T39/><D39/><U54/><E76/><V133/><F133/><W79/><G79/><T96/><D96/><U48/><E97/><V83/><F83/><N who="3" m="47479" /><G38/><T82/><D82/><U0/><E99/><V84/><F81/><W98/><G98/><T104/><D104/><U85/><E85/><N who="2" m="32843" /><F77/><W63/><G37/><RYUUKYOKU ba="0,1" sc="275,30,221,-10,202,-10,292,-10" hai0="1,6,7,9,10,12,22,26,28,42,47,50,69" /><INIT seed="4,1,1,1,3,110" ten="305,211,192,282" oya="0" hai0="132,4,38,83,122,79,111,80,74,75,20,119,82" hai1="117,22,124,63,107,16,105,70,69,43,60,90,92" hai2="94,114,118,98,101,42,71,59,66,52,3,73,91" hai3="58,9,54,12,61,125,96,88,135,64,6,26,49"/><T8/><D119/><U0/><E124/><V87/><F3/><W89/><G135/><T24/><D122/><U102/><E0/><V55/><F118/><W93/><G125/><T17/><D132/><U126/><E126/><V28/><F28/><W103/><REACH who="3" step="1"/><G26/><REACH who="3" ten="305,211,192,272" step="2"/><T84/><D111/><U86/><E117/><V104/><F71/><AGARI ba="1,2" hai="6,9,12,49,54,58,61,64,71,88,89,93,96,103" machi="71" ten="30,8000,1" yaku="1,1,2,1,7,1,54,1,53,1" doraHai="110" doraHaiUra="99" who="3" fromWho="2" sc="305,0,211,0,192,-83,272,103" /><INIT seed="5,0,0,2,1,129" ten="305,211,109,375" oya="1" hai0="28,131,13,123,59,34,111,108,76,110,66,35,68" hai1="12,0,112,98,114,99,96,24,31,83,128,71,86" hai2="101,105,132,4,2,116,22,17,81,79,38,103,67" hai3="85,106,39,43,104,42,70,63,57,58,93,47,65"/><U44/><E0/><V95/><F116/><W27/><G106/><T45/><D66/><U46/><E71/><V87/><F38/><W74/><G74/><T122/><D68/><U16/><E128/><V64/><F105/><W32/><G104/><T75/><D59/><U97/><E114/><V107/><F107/><W80/><G43/><T77/><D45/><U118/><E118/><V127/><F127/><W51/><G93/><T84/><D84/><U130/><E112/><V36/><F36/><W33/><G27/><T14/><D131/><U117/><E117/><V88/><F2/><W6/><G6/><T109/><D28/><U125/><E125/><V73/><F4/><W50/><G58/><T78/><N who="0" m="27648" /><DORA hai="61" /><T100/><D100/><U56/><E56/><V94/><F132/><W23/><G51/><T10/><D75/><U21/><E130/><V49/><F49/><W120/><G120/><T30/><D30/><BYE who="0" /><U9/><N who="1" m="24576" /><DORA hai="54" /><U115/><REACH who="1" step="1"/><E115/><REACH who="1" ten="305,201,109,375" step="2"/><V121/><F121/><W37/><G70/><T41/><D41/><U55/><E55/><V102/><REACH who="2" step="1"/><F95/><REACH who="2" ten="305,201,99,375" step="2"/><W25/><G42/><T113/><D113/><U20/><E20/><V7/><F7/><W91/><G23/><T90/><D90/><AGARI ba="0,2" hai="9,12,16,21,24,31,44,46,83,86,90" m="24576" machi="90" ten="50,12000,1" yaku="1,1,8,1,54,1,53,1" doraHai="129,61,54" doraHaiUra="124,52,8" who="1" fromWho="0" sc="305,-120,201,140,99,0,375,0" /><UN n0="%59%6F%69%74%61" /><INIT seed="5,1,0,4,3,34" ten="185,341,99,375" oya="1" hai0="43,95,134,59,72,135,48,96,113,77,114,104,11" hai1="50,117,130,14,70,62,18,61,20,27,84,92,106" hai2="81,32,112,120,128,31,30,53,108,38,0,65,80" hai3="110,124,103,123,121,39,22,111,52,69,1,86,85"/><U19/><E106/><V126/><F108/><W98/><G69/><T3/><D104/><U15/><E117/><V56/><F120/><W87/><G39/><T68/><D68/><U75/><E75/><V105/><F105/><W119/><G1/><T35/><D35/><U41/><E130/><V116/><F116/><W94/><G22/><T17/><D72/><U6/><E6/><V115/><F128/><W71/><G52/><N who="0" m="32135" /><D77/><U13/><E19/><V90/><F38/><W60/><G124/><T107/><D43/><U36/><E36/><V55/><F126/><W88/><G60/><T91/><D107/><U102/><E102/><V82/><F90/><W66/><G66/><T26/><D26/><U21/><E21/><V99/><F99/><N who="3" m="57799" /><G71/><T29/><D29/><U40/><E40/><V79/><F79/><W7/><G7/><N who="0" m="1535" /><D17/><U78/><E78/><V63/><F0/><W28/><G28/><T97/><D97/><U47/><E70/><V25/><REACH who="2" step="1"/><F31/><REACH who="2" ten="185,341,89,375" step="2"/><W33/><G119/><T127/><D127/><U100/><E100/><V10/><F10/><W83/><G111/><T101/><D91/><AGARI ba="1,1" hai="13,14,15,18,20,27,41,47,50,61,62,84,91,92" machi="91" ten="40,2000,0" yaku="8,1" doraHai="34" who="1" fromWho="0" sc="185,-23,341,33,89,0,375,0" /><INIT seed="5,2,0,0,3,35" ten="162,374,89,375" oya="1" hai0="57,87,103,1,102,132,125,97,81,86,74,5,36" hai1="134,98,89,55,37,123,85,127,20,104,13,17,26" hai2="128,16,101,67,78,4,110,44,64,29,94,99,130" hai3="21,48,59,52,45,51,65,14,27,92,7,62,23"/><U122/><E37/><V135/><F110/><W22/><G92/><T80/><D36/><U115/><E115/><V126/><F135/><W72/><G72/><T19/><D132/><U2/><E2/><V108/><F108/><W131/><G131/><T68/><D68/><U0/><E0/><V77/><F126/><W46/><G7/><T120/><D19/><U84/><E84/><V112/><F112/><W73/><G73/><T47/><D57/><U95/><E127/><V91/><F29/><W24/><REACH who="3" step="1"/><G14/><REACH who="3" ten="162,374,89,365" step="2"/><T25/><D5/><U119/><E134/><V15/><F4/><W41/><AGARI ba="2,1" hai="21,22,23,24,27,41,45,46,48,51,52,59,62,65" machi="41" ten="30,8000,1" yaku="1,1,2,1,0,1,8,1,54,1,53,0" doraHai="35" doraHaiUra="117" who="3" fromWho="3" sc="162,-22,374,-42,89,-22,365,96" /><INIT seed="6,0,0,5,5,96" ten="140,332,67,461" oya="2" hai0="113,17,46,2,66,101,119,106,118,68,45,23,99" hai1="135,80,16,13,52,130,93,31,1,27,34,37,73" hai2="59,84,127,62,30,3,121,91,98,131,9,65,102" hai3="33,97,26,126,7,50,75,10,109,14,20,74,6"/><V24/><F121/><W104/><G109/><T78/><D2/><U0/><E135/><V41/><F127/><W56/><G33/><T105/><D106/><U95/><E130/><V39/><F131/><W53/><G126/><T76/><D113/><U58/><E37/><V43/><F3/><W94/><G104/><T122/><D122/><U63/><E93/><V28/><F39/><W42/><G42/><T117/><D66/><U128/><E128/><V64/><F65/><W38/><G7/><T70/><D45/><U55/><E55/><V88/><F9/><W114/><G114/><T120/><D46/><U21/><REACH who="1" step="1"/><E95/><REACH who="1" ten="140,322,67,461" step="2"/><N who="2" m="56679" /><F102/><W40/><G38/><T85/><D105/><U134/><E134/><V49/><F49/><W4/><G50/><T19/><D118/><U51/><E51/><V103/><F103/><W15/><G53/><T81/><D101/><U69/><E69/><V61/><F61/><W124/><G124/><T123/><D68/><U44/><E44/><V129/><F129/><W107/><G107/><T86/><D70/><U48/><E48/><V72/><F72/><W29/><G75/><T25/><D117/><U36/><E36/><V18/><F41/><W5/><G74/><T125/><D119/><U32/><E32/><V12/><F43/><W92/><G40/><T11/><D125/><U100/><E100/><V115/><F115/><W87/><G94/><T132/><D132/><U57/><E57/><V89/><F24/><W71/><G71/><T22/><D25/><U35/><E35/><V60/><F59/><W67/><G56/><T77/><D123/><RYUUKYOKU ba="0,1" sc="140,-10,322,30,67,-10,461,-10" hai1="0,1,13,16,21,27,31,34,52,58,63,73,80" /><INIT seed="7,1,1,5,1,11" ten="130,352,57,451" oya="3" hai0="133,82,24,72,70,77,88,112,101,14,135,75,60" hai1="81,96,13,119,89,99,132,18,107,109,48,6,103" hai2="8,55,108,105,52,10,40,125,93,38,23,50,25" hai3="120,76,80,34,56,114,98,22,130,33,87,68,54"/><W17/><G114/><T67/><D112/><U106/><E109/><V79/><F108/><W36/><G130/><T0/><D0/><U111/><E132/><N who="0" m="50761" /><D101/><U131/><E131/><V28/><F105/><W58/><G58/><T5/><D24/><U41/><E119/><V31/><F125/><W49/><G120/><T65/><D65/><U62/><E111/><V51/><F79/><W127/><G36/><T4/><D72/><U71/><E6/><V61/><F38/><W16/><G17/><T123/><D123/><U32/><E32/><V84/><F40/><W9/><G9/><T124/><D124/><U104/><E62/><V95/><F61/><W29/><G29/><T2/><D2/><U73/><E71/><V85/><F23/><W92/><G68/><T42/><D42/><U83/><E41/><V102/><REACH who="2" step="1"/><F25/><REACH who="2" ten="130,352,47,451" step="2"/><W47/><G127/><T74/><D75/><U116/><E116/><V35/><F35/><W45/><G34/><T86/><D60/><U43/><E73/><V7/><F7/><W59/><G33/><T90/><D4/><U122/><E122/><V100/><AGARI ba="1,2" hai="8,10,28,31,50,51,52,55,84,85,93,95,100,102" machi="100" ten="25,12000,2" yaku="1,1,0,1,22,2,8,1,54,1,53,0" doraHai="11" doraHaiUra="3" who="2" fromWho="2" sc="130,-31,352,-31,47,143,451,-61" owari="99,-40.0,321,12.0,190,-21.0,390,49.0" /></mjloggm>