<mjloggm ver="2.3"><GO type="41" lobby="0"/><UN n0="%E2%93%9D%53%75%70%68%78" n1="%E3%82%B3%E3%82%B1%E3%82%B6%E3%83%AB" n2="%6E%65%6B%6F%6D%61%73%75" n3="%E3%81%A4%E3%82%93%E3%81%A8%E3%82%93%E3%81%97%E3%82%83%E3%82%93" dan="18,13,13,14" rate="2121.76,1821.70,1842.26,1919.35" sx="M,M,M,M"/><TAIKYOKU oya="0"/><INIT seed="0,0,0,4,0,18" ten="250,250,250,250" oya="0" hai0="87,45,91,37,121,55,133,40,109,90,107,101,96" hai1="128,31,73,41,27,71,54,19,59,20,132,68,28" hai2="62,103,23,94,63,120,118,46,56,135,104,111,113" hai3="112,70,69,80,3,17,67,8,110,52,26,108,50"/><T93/><D121/><U58/><E73/><V81/><F113/><W51/><G3/><T0/><D133/><U116/><E116/><V76/><F135/><W92/><G112/><T102/><D0/><U39/><E132/><V129/><F129/><W89/><G51/><T53/><D109/><U30/><E128/><V61/><F111/><N who="3" m="42539" /><G67/><T131/><D131/><U85/><E41/><V12/><F104/><W34/><G34/><T119/><D119/><U84/><E39/><V48/><F120/><W7/><G7/><T66/><D102/><U126/><E126/><V124/><F124/><W77/><G92/><T35/><D35/><U42/><E42/><V72/><F94/><W11/><G11/><T106/><D106/><U75/><E75/><V32/><F32/><W43/><G43/><T60/><REACH who="0" step="1"/><D91/><REACH who="0" ten="240,250,250,250" step="2"/><U100/><E100/><V134/><F103/><W29/><G89/><T25/><D25/><U86/><REACH who="1" step="1"/><E59/><AGARI ba="0,1" hai="37,40,45,53,55,59,60,66,87,90,93,96,101,107" machi="59" ten="30,2900,0" yaku="1,1,7,1,53,0" doraHai="18" doraHaiUra="4" who="0" fromWho="1" sc="240,39,250,-29,250,0,250,0" /><INIT seed="0,1,0,4,2,11" ten="279,221,250,250" oya="0" hai0="81,0,23,67,4,130,120,3,33,19,30,125,72" hai1="87,77,113,60,90,55,128,115,50,109,106,61,34" hai2="28,108,71,39,102,17,2,95,40,111,132,26,45" hai3="68,104,24,15,121,76,5,133,41,99,86,96,47"/><T97/><D120/><U101/><E34/><V54/><F2/><W53/><G104/><T9/><D67/><U122/><E122/><V35/><F71/><W38/><G68/><T129/><D97/><N who="1" m="61743" /><E77/><V48/><F132/><W123/><G133/><T78/><D3/><U118/><E128/><V92/><F102/><W21/><G99/><T22/><D22/><U116/><E109/><N who="2" m="42059" /><F17/><W66/><G66/><T16/><D125/><U56/><E118/><V134/><F134/><W98/><G53/><T29/><D19/><U73/><E73/><V94/><F54/><W64/><G64/><T52/><D52/><U65/><E65/><V85/><F85/><W42/><G42/><T124/><D124/><U8/><E8/><V20/><F35/><W36/><G36/><AGARI ba="1,0" hai="20,26,28,36,39,40,45,48,92,94,95" m="42059" machi="36" ten="30,1000,0" yaku="14,1" doraHai="11" who="2" fromWho="3" sc="279,0,221,0,250,13,250,-13" /><INIT seed="1,0,0,0,4,59" ten="279,221,263,237" oya="1" hai0="93,117,61,27,24,25,96,52,9,47,70,33,7" hai1="12,89,87,112,53,22,37,130,126,133,69,102,5" hai2="82,3,46,80,108,77,110,49,15,73,26,74,10" hai3="4,39,50,122,57,23,32,14,65,121,95,109,71"/><U127/><E112/><V135/><F135/><W30/><G39/><T90/><D117/><U18/><E37/><V125/><F3/><W104/><G104/><T68/><D33/><U75/><E75/><V1/><F1/><W83/><G71/><T45/><D70/><U36/><E36/><V21/><F125/><W38/><G38/><T51/><D47/><U100/><E69/><V31/><F80/><W60/><G32/><T98/><D98/><U11/><E130/><V56/><F56/><W17/><G4/><T79/><D79/><U120/><E120/><V78/><F78/><W19/><G30/><T115/><D115/><U34/><E34/><V6/><F73/><W129/><G129/><T20/><D68/><U118/><E133/><V64/><F64/><W116/><G116/><T43/><D61/><U63/><E63/><V2/><REACH who="2" step="1"/><F15/><REACH who="2" ten="279,221,253,237" step="2"/><W92/><G122/><T76/><D76/><U81/><E118/><V132/><F132/><W131/><G83/><T105/><D105/><U106/><E106/><V85/><F85/><W29/><G121/><T72/><D72/><U48/><E127/><V40/><AGARI ba="0,1" hai="2,6,10,21,26,31,40,46,49,74,77,82,108,110" machi="40" ten="30,2000,0" yaku="1,1,0,1,53,0" doraHai="59" doraHaiUra="134" who="2" fromWho="2" sc="279,-5,221,-10,253,30,237,-5" /><INIT seed="2,0,0,2,0,112" ten="274,211,283,232" oya="2" hai0="125,26,58,35,33,39,44,63,50,61,24,28,59" hai1="129,126,88,85,43,77,32,122,76,18,109,57,113" hai2="51,106,132,48,3,25,65,81,46,55,128,133,107" hai3="67,90,103,5,37,2,104,92,69,130,108,21,89"/><V70/><F3/><W17/><G108/><T79/><D39/><U41/><E32/><V29/><F128/><W83/><G37/><T87/><D125/><U64/><E113/><V42/><F81/><W52/><G104/><T45/><D50/><U134/><E134/><N who="2" m="51819" /><F65/><W20/><G69/><T12/><D12/><U34/><E34/><N who="2" m="20783" /><F70/><W73/><G67/><T123/><D87/><U82/><E122/><V74/><F74/><W49/><G73/><T75/><D75/><U100/><E129/><V119/><F119/><W16/><G5/><T0/><D0/><U1/><E1/><V40/><F40/><W10/><G2/><T117/><D123/><U6/><E6/><V8/><F8/><W53/><G10/><T72/><D72/><U62/><E109/><V97/><F97/><N who="3" m="59815" /><G83/><T22/><D28/><U14/><E126/><V135/><N who="2" m="51827" /><V47/><AGARI ba="0,0" hai="42,46,47,48,51,55,106,107" m="20783,51827" machi="47" ten="40,3900,0" yaku="4,1,20,1" doraHai="112" who="2" fromWho="2" sc="274,-13,211,-13,283,39,232,-13" /><INIT seed="2,1,0,1,0,113" ten="261,198,322,219" oya="2" hai0="37,85,51,20,117,84,99,12,59,105,129,35,111" hai1="61,109,77,78,56,94,83,46,87,88,11,60,14" hai2="29,0,71,49,40,97,120,63,70,80,13,28,90" hai3="53,62,8,98,106,4,64,115,92,23,5,57,42"/><V86/><F120/><W48/><G106/><T114/><D35/><U25/><E109/><V15/><F0/><W33/><G33/><T93/><D37/><U130/><E130/><V128/><F128/><W34/><G34/><T96/><D114/><U19/><E46/><V36/><F36/><W81/><G8/><T121/><D111/><U131/><E131/><V9/><F71/><W75/><G75/><T135/><D135/><U82/><E82/><V26/><F97/><W91/><G42/><T127/><D127/><U18/><E25/><V101/><F101/><W47/><G115/><T39/><D105/><U65/><E61/><V24/><F63/><W116/><G116/><T52/><D117/><U21/><E21/><V31/><F70/><W74/><G74/><T122/><D39/><U58/><E58/><V73/><F73/><W124/><G124/><T102/><D99/><U45/><E45/><N who="2" m="25767" /><F15/><W68/><G68/><T118/><D118/><U119/><E119/><V41/><F41/><W132/><G132/><T134/><D134/><U44/><E44/><V10/><F10/><W6/><G81/><T125/><D125/><U38/><E38/><V43/><F43/><W100/><G91/><T7/><D129/><U126/><E126/><V27/><F27/><W76/><G76/><N who="1" m="29290" /><E83/><V30/><N who="2" m="7168" /><DORA hai="79" /><V54/><F54/><W107/><G107/><T110/><D110/><U55/><E55/><V1/><F1/><W123/><G123/><N who="0" m="47115" /><D20/><AGARI ba="1,0" hai="4,5,6,20,23,47,48,53,57,62,64,92,98,100" machi="20" ten="40,1300,0" yaku="8,1" doraHai="113,79" who="3" fromWho="0" sc="261,-16,198,0,322,0,219,16" /><INIT seed="3,0,0,1,4,104" ten="245,198,322,235" oya="3" hai0="22,12,31,0,96,32,49,100,76,25,53,132,14" hai1="40,56,2,120,73,28,128,89,6,84,88,4,134" hai2="34,129,41,50,127,131,105,13,1,46,60,21,5" hai3="119,106,81,118,121,98,38,57,64,54,117,18,52"/><W92/><G106/><T43/><D0/><U102/><E120/><V42/><F34/><W108/><G121/><T37/><D132/><U82/><E102/><V116/><F116/><W59/><G81/><T80/><D43/><U133/><E128/><V44/><F127/><W101/><G38/><T10/><D32/><U69/><E69/><V130/><F105/><W63/><G108/><T109/><D37/><U75/><E40/><V122/><F122/><W16/><REACH who="3" step="1"/><G64/><REACH who="3" ten="245,198,322,225" step="2"/><T7/><D109/><U15/><E82/><V78/><F129/><W26/><G26/><T126/><D126/><U123/><E123/><V111/><F111/><W71/><G71/><T93/><D80/><U23/><E134/><V20/><F131/><W115/><G115/><T45/><D76/><U90/><E133/><V70/><F70/><W135/><G135/><T55/><D55/><U11/><E2/><V19/><F78/><W99/><G99/><T74/><D14/><U24/><E24/><V36/><F130/><W124/><G124/><T47/><D74/><U58/><E75/><V91/><F1/><W112/><G112/><T107/><REACH who="0" step="1"/><D107/><REACH who="0" ten="235,198,322,225" step="2"/><U83/><E73/><V68/><F13/><W33/><G33/><T110/><D110/><U62/><E83/><V66/><F36/><W125/><G125/><T48/><D48/><AGARI ba="0,2" hai="16,18,48,52,54,57,59,63,92,98,101,117,118,119" machi="48" ten="40,18000,2" yaku="1,1,54,2,53,3" doraHai="104" doraHaiUra="113" who="3" fromWho="0" sc="235,-180,198,0,322,0,225,200" /><INIT seed="3,1,0,2,0,128" ten="55,198,322,425" oya="3" hai0="24,108,52,49,15,35,12,126,109,82,110,39,104" hai1="79,34,129,58,83,131,69,30,101,51,117,88,71" hai2="134,40,53,7,46,38,61,135,64,86,47,25,33" hai3="0,90,133,18,22,107,70,21,78,116,77,14,112"/><W41/><G116/><T5/><D39/><U84/><E117/><V31/><F7/><W111/><G112/><T29/><D104/><U2/><E2/><V55/><F86/><W11/><G107/><T96/><D126/><U97/><E30/><V62/><F47/><W17/><G70/><T125/><D125/><U102/><E34/><V42/><F42/><W95/><G41/><T121/><D121/><U27/><E27/><V60/><REACH who="2" step="1"/><F64/><REACH who="2" ten="55,198,312,425" step="2"/><W32/><G32/><T123/><D5/><U9/><E84/><V85/><F85/><W57/><G0/><T59/><D123/><U124/><E124/><V73/><F73/><W74/><G74/><T100/><REACH who="0" step="1"/><D82/><REACH who="0" ten="45,198,312,425" step="2"/><U43/><E83/><V92/><F92/><W113/><G95/><T20/><D20/><U76/><E131/><V4/><F4/><W1/><G22/><T106/><AGARI ba="1,2" hai="12,15,24,29,35,49,52,59,96,100,106,108,109,110" machi="106" ten="30,7900,0" yaku="1,1,0,1,14,1,54,1,53,0" doraHai="128" doraHaiUra="119" who="0" fromWho="0" sc="45,102,198,-21,312,-21,425,-40" /><INIT seed="4,0,0,2,1,47" ten="147,177,291,385" oya="0" hai0="66,64,30,32,74,60,26,1,50,44,127,132,48" hai1="85,124,5,19,0,31,120,58,29,97,106,75,104" hai2="88,42,101,34,116,37,115,35,36,114,63,43,135" hai3="113,53,17,7,83,14,70,110,102,77,3,39,91"/><T25/><D1/><U130/><E75/><V69/><F135/><W13/><G70/><T51/><D132/><U133/><E133/><V80/><F101/><W33/><G102/><T107/><D74/><U92/><E120/><V129/><F129/><W99/><G53/><T123/><D123/><U122/><E124/><V126/><F126/><W94/><G33/><T45/><D127/><U16/><E130/><V79/><F116/><W40/><G113/><T72/><D72/><U111/><E5/><V8/><F8/><W118/><G110/><T54/><D107/><U98/><E0/><V6/><F6/><W117/><G14/><T121/><D121/><U108/><E122/><V56/><F69/><W55/><G55/><T23/><D45/><U67/><E58/><V62/><F79/><W18/><G13/><T105/><D105/><U52/><E52/><V27/><F27/><W100/><G100/><T2/><D2/><U61/><E61/><V65/><F80/><W71/><G71/><T73/><D73/><U38/><E85/><V109/><F109/><W20/><G83/><T84/><D84/><U28/><E28/><V134/><F134/><W90/><G77/><T24/><D24/><U78/><E78/><V125/><F125/><W49/><G39/><T21/><D32/><U57/><E38/><V81/><F81/><W103/><G117/><T11/><D11/><U22/><E67/><N who="0" m="25641" /><D60/><U89/><E111/><V82/><F65/><W46/><G3/><T86/><D86/><U12/><E108/><V59/><F82/><W96/><G118/><T93/><D93/><RYUUKYOKU ba="0,0" sc="147,15,177,-15,291,15,385,-15" hai0="21,23,25,26,30,44,48,50,51,54" hai2="34,35,36,37,42,43,56,59,62,63,88,114,115" /><INIT seed="4,1,0,0,1,6" ten="162,162,306,370" oya="0" hai0="126,113,77,69,123,82,131,76,119,39,43,26,28" hai1="41,99,50,27,83,91,62,127,118,107,72,93,97" hai2="98,34,111,10,46,74,8,21,40,121,33,4,81" hai3="105,5,65,31,52,15,89,14,36,42,53,2,25"/><T45/><D119/><U85/><E27/><V135/><F111/><W56/><G105/><T55/><D123/><U22/><E22/><V23/><F121/><W24/><G42/><T12/><D131/><U103/><E62/><V114/><F98/><W95/><G36/><T120/><D120/><U108/><E50/><V94/><F94/><W84/><G25/><T92/><D126/><U3/><E41/><V101/><F101/><W44/><G2/><T38/><D69/><U102/><E3/><V48/><F114/><W70/><G70/><T19/><D113/><U57/><E57/><V86/><F74/><W49/><G5/><T51/><D92/><U29/><E29/><V110/><F34/><W58/><G65/><T20/><D43/><U130/><E130/><V88/><F33/><W32/><G44/><T73/><REACH who="0" step="1"/><D77/><REACH who="0" ten="152,162,306,370" step="2"/><N who="1" m="44455" /><E127/><V96/><F40/><W132/><G132/><T115/><D115/><U68/><E68/><V100/><F135/><W59/><G53/><T129/><D129/><U64/><E64/><V75/><F110/><W47/><AGARI ba="1,1" hai="14,15,24,31,32,47,49,52,56,58,59,84,89,95" machi="47" ten="30,2000,0" yaku="0,1,54,1" doraHai="6" who="3" fromWho="3" sc="152,-11,162,-6,306,-6,370,33" /><INIT seed="5,0,0,1,0,26" ten="141,156,300,403" oya="1" hai0="94,130,132,135,68,121,76,46,118,74,125,101,95" hai1="27,50,93,131,72,35,11,4,65,127,5,114,134" hai2="73,16,102,87,108,109,8,124,128,45,126,71,22" hai3="23,7,18,111,29,59,112,69,56,85,1,84,44"/><U86/><E72/><V120/><F73/><W51/><G69/><T42/><D118/><U77/><E134/><N who="0" m="51241" /><D125/><N who="2" m="48234" /><F71/><W61/><G111/><T48/><D130/><U129/><E127/><V70/><F70/><W116/><G112/><T96/><D68/><U83/><E65/><V122/><F87/><W82/><G7/><T39/><D121/><N who="2" m="46698" /><F45/><W91/><G1/><T106/><D39/><U123/><E123/><V57/><F57/><W40/><G85/><T10/><D10/><U19/><E114/><V28/><F102/><W13/><G59/><T30/><D76/><U25/><E5/><V75/><F75/><W107/><G107/><T55/><D74/><U103/><E19/><V49/><F49/><W32/><G116/><T24/><D42/><U79/><E79/><V34/><F8/><W52/><G32/><AGARI ba="0,0" hai="24,30,32,46,48,55,94,95,96,101,106" m="51241" machi="32" ten="30,2000,0" yaku="20,1,52,1" doraHai="26" who="0" fromWho="3" sc="141,20,156,0,300,0,403,-20" /><INIT seed="6,0,0,0,4,93" ten="161,156,300,383" oya="2" hai0="99,49,44,86,117,75,12,94,98,4,3,16,61" hai1="113,72,71,92,103,89,82,83,41,91,11,107,1" hai2="2,27,20,17,54,13,110,119,78,30,36,106,135" hai3="57,60,130,58,29,65,21,85,37,127,38,132,51"/><V79/><F119/><W10/><G127/><T120/><D75/><U102/><E71/><V63/><F36/><W126/><G85/><T6/><D120/><U5/><E113/><V32/><F135/><W87/><G87/><T18/><D3/><U47/><E107/><V125/><F125/><W73/><G73/><T67/><D117/><U111/><E111/><V100/><F110/><W34/><G34/><T90/><D18/><U108/><E108/><V69/><F2/><W28/><G130/><T105/><D105/><U134/><E134/><V15/><F15/><W112/><G112/><T95/><D61/><U96/><E103/><V33/><F33/><W55/><G10/><N who="0" m="6167" /><D67/><U128/><E128/><V81/><F81/><W74/><G74/><T42/><D86/><U84/><E84/><V104/><F54/><W131/><G131/><T124/><D124/><U76/><REACH who="1" step="1"/><E83/><REACH who="1" ten="161,146,300,383" step="2"/><V0/><F100/><AGARI ba="0,1" hai="4,6,42,44,49,90,94,95,98,99,100" m="6167" machi="100" ten="30,7700,0" yaku="8,1,52,2,54,1" doraHai="93" who="0" fromWho="2" sc="161,87,146,0,300,-77,383,0" /><INIT seed="7,0,0,0,0,75" ten="248,146,223,383" oya="3" hai0="60,114,109,26,40,44,49,120,84,5,64,41,45" hai1="18,56,58,86,28,53,83,87,52,102,126,72,91" hai2="132,100,121,33,57,32,29,8,107,66,81,117,85" hai3="115,14,95,129,47,128,125,89,70,105,50,90,7"/><W113/><G70/><T106/><D106/><U21/><E126/><V22/><F117/><W9/><G105/><T78/><D109/><U11/><E72/><V3/><F132/><W94/><G90/><T10/><D120/><U96/><E28/><V116/><F116/><W20/><G20/><T104/><D114/><N who="3" m="43529" /><G95/><T37/><D26/><U127/><E127/><V43/><F43/><N who="3" m="24959" /><G125/><T98/><D104/><U62/><E11/><V48/><F100/><W27/><G27/><T23/><D23/><U63/><E91/><V51/><F107/><W2/><G2/><T71/><D98/><AGARI ba="0,0" hai="7,9,14,89,94,98,128,129" m="24959,43529" machi="98" ten="30,1500,0" yaku="15,1" doraHai="75" who="3" fromWho="0" sc="248,-15,146,0,223,0,383,15" owari="233,3.0,146,-35.0,223,-18.0,398,50.0" /></mjloggm>