<mjloggm ver="2.3"><GO type="41" lobby="0"/><UN n0="%E4%B8%8A%E3%81%8C%E3%82%8A%33%E3%83%8F%E3%83%AD%E3%83%B3" n1="%E3%82%88%E3%81%97%E3%81%91%E3%82%93%40%34%34" n2="%E3%83%92%E3%82%B3%E3%81%A1%E3%82%83%E3%82%93%E3%81%AD%E3%82%8B" n3="%E2%93%9D%53%75%70%68%78" dan="14,15,15,18" rate="1918.22,2045.65,2103.70,2130.07" sx="M,M,M,M"/><TAIKYOKU oya="0"/><INIT seed="0,0,0,3,5,100" ten="250,250,250,250" oya="0" hai0="75,11,54,130,127,17,107,90,87,51,36,67,79" hai1="37,134,126,48,53,24,50,83,1,125,129,70,22" hai2="35,133,30,76,45,44,82,117,84,14,123,3,21" hai3="124,80,93,99,135,64,116,40,103,0,46,6,18"/><T111/><D36/><U115/><E1/><V58/><F123/><W60/><G135/><T91/><D127/><N who="1" m="48651" /><E37/><V34/><F3/><W120/><G116/><T72/><D130/><U41/><E70/><V69/><F69/><W56/><G120/><T89/><D67/><U92/><E83/><V114/><F114/><W29/><G18/><T95/><D111/><U33/><E33/><V78/><F133/><W112/><G112/><T81/><D107/><U31/><E115/><V65/><F117/><W132/><G132/><T8/><D95/><U119/><E129/><V9/><F78/><W63/><G80/><T104/><D104/><U47/><E134/><V15/><F35/><W94/><G94/><T85/><D75/><U19/><E92/><V27/><F34/><W118/><G118/><T39/><D39/><U110/><E110/><V25/><F25/><W20/><G124/><T61/><D72/><U96/><E96/><V102/><F102/><W131/><G131/><T98/><D98/><U10/><E10/><V86/><F86/><W128/><G128/><T68/><D87/><U26/><E26/><V16/><REACH who="2" step="1"/><F15/><REACH who="2" ten="250,250,240,250" step="2"/><W13/><G13/><N who="0" m="7335" /><D68/><U121/><E119/><V62/><AGARI ba="0,1" hai="9,14,16,21,27,30,44,45,58,62,65,76,82,84" machi="62" ten="30,7900,0" yaku="1,1,0,1,8,1,54,1,53,0" doraHai="100" doraHaiUra="106" who="2" fromWho="2" sc="250,-39,250,-20,240,89,250,-20" /><INIT seed="1,0,0,3,0,37" ten="211,230,329,230" oya="1" hai0="111,23,10,115,24,113,88,79,47,132,122,133,57" hai1="38,56,81,69,93,119,134,109,66,102,135,49,98" hai2="80,74,95,35,33,50,20,87,96,130,14,5,30" hai3="105,16,9,13,53,78,106,61,110,6,91,12,17"/><U3/><E119/><V18/><F130/><W123/><G123/><T44/><D122/><U131/><E3/><V90/><F74/><W58/><G110/><T32/><D32/><U54/><E131/><V75/><F75/><W107/><G78/><T46/><D79/><U73/><E109/><V84/><F84/><W34/><G34/><T67/><D111/><U0/><E0/><V7/><F35/><W2/><G2/><T26/><D26/><U45/><E73/><V48/><F30/><W129/><G129/><T68/><D68/><U62/><REACH who="1" step="1"/><E81/><REACH who="1" ten="211,220,329,230" step="2"/><V76/><F33/><W103/><G6/><AGARI ba="0,1" hai="5,6,7,14,18,20,48,50,76,80,87,90,95,96" machi="6" ten="40,1300,0" yaku="8,1" doraHai="37" who="2" fromWho="3" sc="211,0,220,0,329,23,230,-13" /><INIT seed="2,0,0,3,4,27" ten="211,220,352,217" oya="2" hai0="91,86,79,72,49,34,106,51,125,52,77,88,93" hai1="15,33,120,135,80,134,54,18,58,61,60,25,96" hai2="113,123,97,102,109,44,35,85,42,104,101,82,6" hai3="55,107,43,122,64,12,62,73,75,132,121,59,108"/><V90/><F113/><W3/><G3/><T71/><D125/><U39/><E39/><V7/><F123/><W105/><G12/><T131/><D131/><U98/><E120/><V40/><F102/><W68/><G108/><T30/><D71/><U78/><E61/><V81/><F109/><W117/><G132/><N who="1" m="50730" /><E25/><V21/><F35/><W10/><G10/><T28/><D106/><U87/><E33/><V45/><F82/><W74/><G117/><T95/><D72/><U46/><E46/><V20/><F20/><AGARI ba="0,0" hai="15,18,20,54,58,60,78,80,87,96,98" m="50730" machi="20" ten="30,1000,0" yaku="20,1" doraHai="27" who="1" fromWho="2" sc="211,0,220,10,352,-10,217,0" /><INIT seed="3,0,0,2,2,27" ten="211,230,342,217" oya="3" hai0="28,129,124,52,127,14,111,115,123,70,43,134,128" hai1="35,94,50,68,112,133,130,135,113,46,93,15,3" hai2="16,67,59,25,63,116,91,21,66,6,114,26,84" hai3="86,32,62,18,12,88,23,7,107,64,42,60,54"/><W89/><G107/><T78/><D123/><U105/><E3/><V10/><F114/><W47/><G32/><T81/><D115/><N who="1" m="44107" /><E68/><V100/><F116/><W101/><G101/><T77/><D70/><U98/><E35/><V20/><F100/><W110/><G110/><T33/><D111/><U80/><E15/><N who="2" m="5591" /><F67/><W120/><G120/><T132/><D43/><U103/><E130/><N who="0" m="50281" /><D14/><U104/><E50/><V19/><F84/><W79/><G7/><T99/><D99/><N who="1" m="59887" /><E80/><V65/><F65/><W92/><G64/><T122/><D122/><U44/><E46/><V69/><F69/><W34/><G47/><T36/><D36/><U71/><E44/><V87/><F87/><W4/><G4/><T53/><D77/><U45/><E45/><V131/><F91/><W8/><G89/><T97/><D97/><U0/><E0/><V126/><F131/><W41/><G79/><T56/><D81/><U108/><E71/><V57/><F57/><W22/><G42/><T74/><D78/><U11/><E11/><V37/><F37/><W40/><G40/><T31/><D74/><U49/><E49/><V9/><F9/><W58/><G41/><T118/><D118/><U55/><E55/><N who="0" m="21065" /><D56/><U17/><E108/><V117/><F117/><W75/><G75/><T61/><D61/><U96/><E17/><V5/><F5/><W73/><G73/><T13/><D13/><U106/><E96/><V72/><F72/><W39/><G39/><T102/><D102/><AGARI ba="0,0" hai="94,98,102,104,105,106,133,135" m="59887,44107" machi="102" ten="40,2600,0" yaku="34,2" doraHai="27" who="1" fromWho="0" sc="211,-26,230,26,342,0,217,0" /><INIT seed="4,0,0,3,1,97" ten="185,256,342,217" oya="0" hai0="85,55,60,37,118,90,82,41,14,9,8,123,98" hai1="4,107,39,49,76,135,36,57,68,83,12,29,61" hai2="59,64,92,67,20,71,84,89,58,15,19,13,28" hai3="132,95,74,25,133,66,31,17,122,77,112,5,69"/><T54/><D118/><U47/><E135/><N who="3" m="51786" /><G17/><T124/><D123/><U91/><E68/><V96/><F71/><W3/><G95/><T86/><D124/><U94/><E107/><V102/><F28/><W128/><G112/><T34/><D34/><U134/><E29/><V99/><F15/><W48/><G48/><T65/><D37/><U22/><E134/><V51/><F96/><W127/><G128/><T6/><D41/><U130/><E130/><V10/><F10/><N who="3" m="2367" /><G77/><T42/><D42/><U93/><E94/><N who="2" m="58743" /><F59/><W21/><G74/><T75/><D75/><U87/><E12/><V121/><F121/><W40/><G40/><T62/><D98/><U35/><E4/><V110/><F110/><W33/><G122/><T115/><D115/><U18/><E35/><V125/><F125/><W26/><G127/><T120/><D120/><U43/><E22/><V104/><F104/><W45/><G45/><T79/><D9/><U38/><E18/><V108/><F108/><W2/><G69/><T100/><D100/><U106/><E106/><V44/><F58/><W70/><G2/><T0/><D0/><U11/><E11/><V23/><F20/><W56/><G70/><T105/><D105/><U113/><E113/><V73/><F73/><W80/><G33/><T88/><D79/><U27/><E76/><V103/><F103/><W1/><G1/><T30/><D30/><U129/><E129/><V63/><F63/><N who="0" m="24106" /><D65/><N who="1" m="39087" /><E27/><V116/><F116/><W50/><G66/><T117/><D117/><U52/><E43/><AGARI ba="0,0" hai="13,19,23,43,44,51,64,67,84,89,92" m="58743" machi="43" ten="30,2000,0" yaku="8,1,52,1" doraHai="97" who="2" fromWho="1" sc="185,0,256,-20,342,20,217,0" /><INIT seed="5,0,0,4,0,128" ten="185,236,362,217" oya="1" hai0="96,91,85,118,88,24,23,6,100,62,12,115,18" hai1="28,97,124,33,113,132,61,55,34,66,116,99,11" hai2="114,121,54,45,42,70,65,49,9,22,27,38,39" hai3="29,84,76,119,56,44,67,3,52,102,122,4,17"/><U93/><E113/><V110/><F110/><W25/><G122/><T5/><D118/><U106/><E116/><V41/><F121/><W2/><G119/><T90/><D115/><U133/><E28/><V36/><F114/><W58/><G102/><T75/><D75/><U109/><E109/><V77/><F77/><W35/><G17/><T111/><D111/><U125/><E55/><V64/><F9/><W19/><G19/><T87/><D62/><U79/><E79/><V59/><F22/><W46/><G58/><T95/><REACH who="0" step="1"/><D12/><REACH who="0" ten="175,236,362,217" step="2"/><U20/><E61/><N who="2" m="40207" /><F27/><W92/><G3/><T74/><D74/><U94/><E20/><V130/><F130/><W32/><G32/><T126/><D126/><N who="1" m="48747" /><E11/><V103/><F103/><W60/><G2/><T40/><D40/><U117/><E117/><V83/><F42/><W68/><G35/><T112/><D112/><U63/><E34/><V57/><F41/><W131/><G131/><T129/><D129/><U26/><E33/><V13/><F13/><W98/><G25/><T51/><D51/><U72/><E26/><V16/><F49/><W0/><G0/><T15/><D15/><U14/><E14/><V7/><F39/><W134/><G60/><T73/><D73/><U89/><E72/><V43/><F38/><W80/><G67/><T105/><D105/><U53/><E106/><V81/><F36/><W86/><G52/><T78/><D78/><U71/><E53/><V31/><F54/><W69/><G76/><T101/><D101/><AGARI ba="0,1" hai="63,66,71,89,93,94,97,99,101,132,133" m="48747" machi="101" ten="30,5800,0" yaku="18,1,52,2" doraHai="128" who="1" fromWho="0" sc="175,-58,236,68,362,0,217,0" /><INIT seed="5,1,0,2,0,71" ten="117,304,362,217" oya="1" hai0="63,77,5,82,6,74,37,104,96,75,111,55,107" hai1="58,43,12,0,51,49,99,56,127,90,29,45,20" hai2="84,101,116,7,33,36,106,62,79,59,4,65,130" hai3="70,39,97,110,67,102,2,129,21,27,98,118,48"/><U86/><E0/><V109/><F109/><W10/><G110/><T73/><D111/><U53/><E127/><V42/><F116/><W122/><G122/><T50/><D63/><U105/><E105/><V92/><F33/><W115/><G115/><T131/><D131/><U1/><E1/><V9/><F106/><W114/><G114/><T100/><D107/><U93/><E29/><V81/><F7/><W123/><G123/><T47/><REACH who="0" step="1"/><D37/><REACH who="0" ten="107,304,362,217" step="2"/><U25/><E49/><V11/><F36/><W91/><G39/><T16/><D16/><N who="1" m="10247" /><E43/><V134/><F42/><W35/><G48/><T64/><D64/><U87/><E25/><V52/><F65/><W120/><G67/><T40/><D40/><U66/><E66/><V128/><F62/><W61/><G61/><T3/><D3/><U78/><E78/><V80/><F79/><W19/><G120/><T32/><D32/><U95/><E87/><AGARI ba="1,1" hai="5,6,47,50,55,73,74,75,77,82,87,96,100,104" machi="87" ten="40,1300,0" yaku="1,1,53,0" doraHai="71" doraHaiUra="108" who="0" fromWho="1" sc="107,26,304,-16,362,0,217,0" /><INIT seed="6,0,0,3,5,31" ten="133,288,362,217" oya="2" hai0="74,14,46,35,126,72,135,57,89,82,3,17,79" hai1="85,65,8,64,30,117,100,40,99,16,49,66,93" hai2="39,91,112,95,113,120,83,77,21,121,12,26,108" hai3="110,103,128,106,55,5,84,86,56,127,125,13,98"/><V102/><F39/><W115/><G110/><T62/><D3/><U122/><E117/><V88/><F12/><W27/><G128/><T32/><D126/><N who="3" m="48137" /><G27/><T101/><D135/><U68/><E122/><V50/><F50/><N who="3" m="30839" /><G115/><N who="2" m="44105" /><F108/><W73/><G73/><T19/><D74/><U34/><E68/><V45/><F45/><W105/><G105/><T15/><D101/><U114/><E85/><N who="2" m="48367" /><F102/><W132/><G132/><T18/><D89/><N who="2" m="34378" /><F95/><W133/><G133/><T96/><D96/><U20/><E114/><V51/><F51/><W7/><G13/><T2/><D2/><U24/><E49/><V70/><F70/><W48/><G48/><T44/><D15/><U119/><E40/><V78/><F78/><W111/><G111/><T61/><D14/><U4/><E65/><V92/><F92/><W52/><G52/><T1/><D1/><N who="1" m="15" /><E64/><V42/><F42/><W76/><G76/><T97/><D97/><U107/><E66/><V81/><F81/><W54/><G54/><T124/><D124/><U22/><E93/><V118/><F118/><W11/><G11/><T28/><D57/><U43/><E43/><V75/><F75/><W41/><G41/><T59/><D46/><U33/><E119/><V69/><F69/><W131/><G131/><T109/><D44/><U80/><E80/><V60/><F60/><N who="0" m="23146" /><D59/><U71/><E71/><V130/><F130/><W116/><G116/><T87/><D72/><U36/><E36/><V25/><F25/><W29/><G86/><T47/><D47/><U63/><E63/><V38/><F38/><W58/><G84/><T90/><D87/><RYUUKYOKU ba="0,0" sc="133,-15,288,15,362,15,217,-15" hai1="16,20,22,24,30,33,34,99,100,107" hai2="21,26,120,121" /><INIT seed="6,1,0,3,1,50" ten="118,303,377,202" oya="2" hai0="12,8,42,58,94,114,52,119,96,10,6,48,22" hai1="120,36,81,121,38,21,83,30,65,39,31,66,41" hai2="78,132,5,46,35,117,13,54,82,89,110,71,9" hai3="75,85,24,60,27,64,67,124,63,61,70,16,11"/><V25/><F117/><W134/><G75/><T112/><D119/><U87/><E41/><V86/><F132/><W14/><G134/><T103/><D42/><U45/><E45/><V133/><F133/><W17/><G124/><T130/><D130/><U109/><E21/><V125/><F125/><W3/><G3/><T113/><D10/><U84/><E109/><V15/><F71/><W108/><G108/><T59/><D22/><U129/><E38/><V105/><F105/><W33/><G33/><T100/><D59/><U7/><E7/><V37/><F37/><W128/><G128/><AGARI ba="1,0" hai="30,31,36,39,65,66,81,83,84,87,120,121,128,129" machi="128" ten="25,1600,0" yaku="22,2" doraHai="50" who="1" fromWho="3" sc="118,0,303,19,377,0,202,-19" /><INIT seed="7,0,0,1,0,55" ten="118,322,377,183" oya="3" hai0="57,4,52,70,101,32,89,9,50,80,15,14,21" hai1="78,53,74,104,91,3,115,58,66,26,38,117,75" hai2="16,2,113,122,51,54,47,123,12,110,6,48,127" hai3="87,69,100,28,82,79,49,85,67,105,97,88,56"/><W41/><G69/><T39/><D32/><U96/><E115/><V71/><F110/><W0/><G0/><T133/><D70/><U121/><E121/><V62/><F113/><W135/><G135/><T103/><D133/><U63/><E38/><V33/><F33/><W108/><G28/><T59/><D39/><U10/><E78/><V118/><F118/><W31/><G31/><T68/><D68/><U102/><E91/><V13/><F2/><W35/><G35/><T92/><D80/><U81/><E81/><V95/><F6/><W37/><G37/><T42/><D42/><U114/><E114/><V107/><F107/><W25/><G25/><T116/><D116/><U1/><E1/><V44/><F12/><W98/><G108/><T112/><D112/><U40/><E40/><V19/><F19/><W34/><G34/><T22/><D59/><U36/><E36/><V131/><F71/><W128/><G128/><T43/><D43/><U109/><E109/><V76/><F131/><W46/><G105/><T130/><D130/><U106/><E106/><V73/><F13/><W17/><G100/><T77/><D77/><U125/><E3/><V64/><F123/><W99/><G17/><N who="0" m="10423" /><D22/><U124/><E117/><V7/><F7/><W65/><REACH who="3" step="1"/><G56/><REACH who="3" ten="118,322,377,173" step="2"/><T27/><D27/><U61/><E26/><V18/><F18/><W86/><G86/><AGARI ba="0,1" hai="4,9,15,50,52,57,86,89,92,101,103" m="10423" machi="86" ten="30,7700,0" yaku="25,1,8,1,52,1,54,1" doraHai="55" who="0" fromWho="3" sc="118,87,322,0,377,0,173,-77" owari="205,-19.0,322,12.0,377,47.0,96,-40.0" /></mjloggm>