<mjloggm ver="2.3"><GO type="41" lobby="0"/><UN n0="%E3%82%8D%E3%82%93%E6%B0%8F" n1="%5A%61%6D" n2="%E2%93%9D%53%75%70%68%78" n3="%E6%AD%A9%E5%85%B5%E3%81%8F%E3%82%93" dan="13,14,18,15" rate="2041.19,1929.24,2074.92,2084.74" sx="M,M,M,M"/><TAIKYOKU oya="0"/><INIT seed="0,0,0,2,5,68" ten="250,250,250,250" oya="0" hai0="134,29,49,102,55,44,34,15,36,95,87,116,131" hai1="18,109,122,107,119,80,43,96,75,10,37,42,66" hai2="13,26,3,129,54,93,31,27,21,63,47,74,81" hai3="69,64,94,48,59,39,77,72,67,84,106,14,62"/><T108/><D116/><U113/><E122/><V60/><F3/><W45/><G106/><T11/><D131/><U9/><E119/><V111/><F111/><W7/><G72/><T6/><D108/><U53/><E109/><V105/><F105/><W124/><G124/><T35/><D134/><U110/><E110/><V135/><F129/><W128/><G128/><T2/><D2/><U121/><E121/><V98/><F27/><W61/><G77/><T33/><D87/><U123/><E66/><V40/><F54/><W65/><G94/><T58/><D95/><U71/><E71/><V50/><F135/><W24/><G24/><T90/><D90/><U114/><E53/><V85/><F13/><W86/><G67/><T46/><D102/><N who="1" m="62919" /><E43/><V20/><F20/><W112/><G112/><N who="1" m="43114" /><E18/><V82/><F74/><W0/><G0/><T101/><D101/><U25/><E25/><V1/><F1/><W41/><REACH who="3" step="1"/><G48/><REACH who="3" ten="250,250,250,240" step="2"/><T52/><D29/><U22/><E123/><V78/><REACH who="2" step="1"/><F82/><REACH who="2" ten="250,250,240,240" step="2"/><W125/><G125/><T118/><D118/><U79/><E22/><V8/><F8/><AGARI ba="0,2" hai="7,8,14,39,41,45,59,61,62,64,65,69,84,86" machi="8" ten="40,2600,0" yaku="1,1,52,1,53,0" doraHai="68" doraHaiUra="132" who="3" fromWho="2" sc="250,0,250,0,240,-26,240,46" /><INIT seed="1,0,0,3,4,48" ten="250,250,214,286" oya="1" hai0="36,78,101,46,107,122,127,114,129,43,50,95,39" hai1="97,102,56,131,103,7,63,27,44,68,109,20,82" hai2="123,37,29,100,25,45,88,67,10,26,118,77,71" hai3="18,110,5,93,0,54,55,22,13,90,134,69,104"/><U91/><E68/><V9/><F118/><W24/><G104/><T120/><D107/><U16/><E7/><V57/><F71/><W34/><G69/><T58/><D78/><U33/><E33/><V8/><F123/><N who="0" m="47146" /><D101/><U38/><E131/><V72/><F100/><W121/><G121/><T11/><D11/><U2/><E2/><V135/><F135/><W84/><G134/><T52/><D95/><N who="1" m="56575" /><E109/><V130/><F77/><W66/><G110/><T73/><D73/><U94/><E82/><V99/><F130/><W31/><G66/><T21/><D21/><U19/><E44/><V133/><F45/><W42/><G42/><T62/><D129/><U115/><E38/><N who="0" m="14377" /><D127/><U125/><E125/><V80/><F133/><W126/><G126/><T83/><D83/><U128/><E128/><V117/><F80/><W12/><G12/><T59/><D58/><U113/><E19/><V79/><F72/><W106/><G106/><T4/><D4/><U51/><E51/><V53/><F37/><W14/><G13/><T28/><D28/><U96/><E103/><V70/><F29/><W105/><G105/><T17/><D17/><U35/><E35/><V40/><F70/><W61/><G61/><T47/><D47/><U15/><E15/><V116/><F116/><W60/><G60/><T30/><D30/><U111/><E111/><V75/><F117/><W65/><G65/><T124/><D124/><U74/><E74/><V132/><F132/><W85/><G85/><T92/><D92/><U108/><E108/><V119/><F119/><W32/><G32/><T87/><D87/><RYUUKYOKU ba="0,0" sc="250,10,250,10,214,-30,286,10" hai0="43,46,50,52,59,62,114" hai1="16,20,27,56,63,94,96,102,113,115" hai3="0,5,14,18,22,24,31,34,54,55,84,90,93" /><INIT seed="1,1,0,1,4,134" ten="260,260,184,296" oya="1" hai0="22,116,49,101,46,4,121,73,40,87,8,67,131" hai1="14,91,93,119,39,53,128,66,127,64,135,70,0" hai2="112,85,120,28,132,122,74,86,79,125,16,54,19" hai3="106,27,103,50,114,29,18,118,102,95,23,44,71"/><U41/><E119/><V7/><F28/><W15/><G118/><T78/><D121/><U100/><E135/><V77/><F132/><W92/><G71/><T99/><D116/><U107/><E0/><V80/><F7/><W52/><G114/><T126/><D73/><U24/><E127/><V61/><F74/><W110/><G110/><T109/><D109/><U13/><E128/><V12/><F112/><W88/><G95/><T81/><D131/><U30/><E53/><V124/><F54/><W48/><G48/><T57/><D22/><U98/><E41/><V34/><F61/><W68/><G106/><T55/><D67/><U2/><E2/><V133/><F133/><W9/><REACH who="3" step="1"/><G68/><REACH who="3" ten="260,260,184,286" step="2"/><T31/><D126/><N who="2" m="48746" /><F34/><W58/><G58/><T84/><D57/><U72/><E39/><V89/><F79/><W26/><G26/><T108/><D108/><U38/><E38/><V37/><F37/><W20/><G20/><T51/><D78/><U105/><E105/><V69/><F69/><W47/><G47/><T65/><D46/><U35/><E72/><V117/><F117/><W60/><G60/><T43/><D49/><U63/><REACH who="1" step="1"/><E66/><REACH who="1" ten="260,250,184,286" step="2"/><V5/><F122/><W6/><G6/><T115/><D65/><U113/><E113/><V104/><F104/><W42/><G42/><T17/><D40/><U62/><E62/><V130/><F120/><W96/><AGARI ba="1,2" hai="9,15,18,23,27,29,44,50,52,88,92,96,102,103" machi="96" ten="20,12000,2" yaku="1,1,0,1,7,1,8,1,54,2,53,1" doraHai="134" doraHaiUra="90" who="3" fromWho="3" sc="260,-31,250,-61,184,-31,286,143" /><INIT seed="2,0,0,5,3,129" ten="229,189,153,429" oya="2" hai0="48,16,119,68,41,21,50,27,35,22,130,116,42" hai1="113,84,92,98,45,118,13,20,122,47,37,18,100" hai2="102,59,34,134,135,33,23,29,114,61,127,79,1" hai3="91,101,3,63,103,7,124,17,25,54,126,53,83"/><V112/><F79/><W93/><G83/><T133/><D68/><U97/><E118/><N who="0" m="45097" /><D130/><U38/><E113/><N who="2" m="43627" /><F102/><N who="3" m="38923" /><G63/><T46/><D133/><N who="2" m="50698" /><F1/><W90/><G7/><T108/><D108/><U56/><E98/><V40/><F40/><N who="0" m="15466" /><D35/><N who="2" m="13322" /><F127/><W105/><G3/><T86/><D86/><U85/><E122/><V30/><F23/><W117/><G126/><T28/><D46/><U66/><E47/><V131/><F131/><W110/><G124/><T15/><AGARI ba="0,0" hai="15,16,21,22,27,28,48,50" m="15466,45097" machi="15" ten="30,2000,0" yaku="12,1,54,1" doraHai="129" who="0" fromWho="0" sc="229,20,189,-5,153,-10,429,-5" /><INIT seed="3,0,0,5,3,108" ten="249,184,143,424" oya="3" hai0="37,114,75,97,127,49,59,34,67,84,105,128,61" hai1="44,77,42,94,36,103,107,21,19,106,57,1,8" hai2="2,87,9,39,56,113,27,132,3,120,85,76,72" hai3="51,40,65,80,31,17,10,35,71,121,30,33,60"/><W52/><G121/><T115/><D34/><U86/><E57/><V109/><F109/><W6/><G17/><T28/><D28/><U20/><E103/><V14/><F39/><W89/><G35/><T81/><D75/><U99/><E21/><V96/><F132/><W11/><G33/><T135/><D135/><U46/><E46/><V53/><F72/><W66/><G40/><T22/><D37/><U32/><E32/><V95/><F113/><N who="0" m="43018" /><D127/><U112/><E112/><V129/><F129/><W92/><G80/><T73/><D73/><U90/><E77/><V58/><F76/><W29/><G6/><T12/><D49/><U93/><E93/><V125/><F95/><W26/><G66/><T83/><D84/><U69/><E69/><V7/><F87/><W117/><G117/><T18/><D128/><U98/><E8/><V133/><F125/><W116/><G116/><T101/><AGARI ba="0,0" hai="12,18,22,59,61,67,81,83,97,101,105" m="43018" machi="101" ten="30,7900,0" yaku="11,1,52,3" doraHai="108" who="0" fromWho="0" sc="249,79,184,-20,143,-20,424,-39" /><INIT seed="4,0,0,1,5,27" ten="328,164,123,385" oya="0" hai0="76,110,24,130,104,88,25,22,3,31,71,0,20" hai1="7,45,9,117,58,89,94,68,15,28,37,83,112" hai2="10,105,106,127,103,113,119,79,111,62,11,16,122" hai3="90,13,53,46,135,44,29,121,116,36,40,23,42"/><T65/><D104/><U55/><E68/><V101/><F122/><W67/><G116/><T72/><D76/><U125/><E83/><V80/><F111/><W129/><G121/><T73/><D110/><U99/><E117/><V51/><F119/><W39/><G135/><T43/><D43/><U92/><E92/><V18/><F62/><W91/><G129/><T26/><D130/><U74/><E74/><V61/><F61/><W48/><G67/><T126/><D65/><U128/><E128/><V14/><F127/><W41/><G41/><T12/><D71/><U115/><E45/><V59/><F113/><N who="1" m="43593" /><E37/><V81/><F59/><W102/><G102/><T30/><D126/><U114/><N who="1" m="43601" /><U82/><DORA hai="34" /><E82/><V75/><F51/><W35/><G35/><N who="0" m="20935" /><D88/><U17/><E125/><V124/><F124/><W54/><G48/><T1/><D72/><U84/><E99/><V57/><F57/><W86/><G91/><T4/><D73/><U69/><E69/><V78/><F75/><W8/><G86/><T87/><D87/><U108/><E108/><V47/><REACH who="2" step="1"/><F14/><REACH who="2" ten="328,164,113,385" step="2"/><W6/><G36/><T2/><D12/><N who="1" m="5183" /><E58/><V49/><F49/><W100/><G39/><T123/><D123/><U21/><E55/><V56/><F56/><W19/><G54/><T5/><D0/><U96/><E84/><V77/><F77/><W38/><G53/><T70/><D70/><U64/><E64/><V134/><F134/><W95/><G38/><T118/><D118/><U93/><E93/><V107/><F107/><W52/><G52/><T32/><D32/><U97/><E97/><RYUUKYOKU ba="0,1" sc="328,10,164,10,113,10,385,-30" hai0="1,2,3,4,5,20,22,25,26,31" hai1="15,17,21,28,89,94,96" hai2="10,11,16,18,47,78,79,80,81,101,103,105,106" /><INIT seed="4,1,1,4,4,118" ten="338,174,123,355" oya="0" hai0="51,59,38,99,76,71,124,46,120,119,6,58,33" hai1="101,90,36,63,37,83,50,93,100,89,18,4,39" hai2="81,70,61,40,42,78,44,30,69,96,68,9,108" hai3="8,60,57,114,86,27,56,135,66,14,28,22,131"/><T2/><D119/><U15/><E4/><V122/><F108/><W129/><G135/><T84/><D71/><U54/><E63/><V67/><F42/><W103/><G114/><T85/><D33/><U31/><E31/><V0/><F96/><W32/><G103/><T128/><D38/><U1/><E1/><V94/><F94/><W11/><G86/><T24/><D24/><U25/><E25/><V45/><F45/><W88/><G88/><T105/><D6/><U13/><E89/><V112/><F112/><W7/><G8/><T130/><D2/><U19/><E15/><V117/><F30/><W111/><G111/><T82/><D124/><U113/><E19/><V47/><F47/><W79/><G79/><T107/><D85/><U20/><E83/><V62/><F117/><W98/><G98/><T106/><D99/><U3/><E3/><V10/><F122/><W115/><G115/><T134/><D134/><U29/><E29/><V64/><F70/><W125/><G125/><T72/><D72/><U73/><E73/><V102/><F102/><W12/><G57/><T132/><D132/><U109/><E109/><V49/><REACH who="2" step="1"/><F0/><REACH who="2" ten="338,174,113,355" step="2"/><W80/><G28/><T123/><D59/><N who="1" m="33239" /><E113/><V48/><F48/><W110/><G56/><T77/><D58/><U127/><E127/><V75/><AGARI ba="1,2" hai="9,10,40,44,49,61,62,64,67,68,69,75,78,81" machi="75" ten="20,8000,1" yaku="1,1,0,1,7,1,9,1,53,1" doraHai="118" doraHaiUra="41" who="2" fromWho="2" sc="338,-41,174,-21,113,103,355,-21" /><INIT seed="5,0,0,4,3,41" ten="297,153,216,334" oya="1" hai0="119,74,129,112,95,73,86,17,113,32,109,33,22" hai1="116,57,99,106,63,24,83,117,34,70,38,47,49" hai2="105,29,78,110,37,60,9,46,131,82,19,0,108" hai3="52,28,35,27,65,123,122,76,104,135,4,85,66"/><U84/><E38/><V67/><F105/><W50/><G104/><T101/><D109/><U53/><E70/><V111/><F29/><W90/><G76/><T62/><D119/><U127/><E127/><V64/><F131/><W89/><G135/><T31/><D129/><U43/><E34/><V14/><F0/><W2/><G90/><T115/><D62/><U45/><E24/><V124/><F124/><W30/><G30/><T48/><D48/><U18/><E18/><V26/><F26/><W58/><G4/><T130/><D130/><U126/><E126/><V36/><F67/><W79/><G79/><T100/><D31/><U118/><E99/><V91/><F91/><W16/><G2/><T40/><D40/><U88/><E106/><V71/><REACH who="2" step="1"/><F46/><REACH who="2" ten="297,153,206,334" step="2"/><W92/><G66/><T121/><D33/><U55/><REACH who="1" step="1"/><E47/><REACH who="1" ten="297,143,206,334" step="2"/><V96/><F96/><W13/><REACH who="3" step="1"/><G65/><AGARI ba="0,2" hai="43,45,49,53,55,57,63,65,83,84,88,116,117,118" machi="65" ten="40,12000,1" yaku="1,1,2,1,52,1,54,1,53,0" doraHai="41" doraHaiUra="12" who="1" fromWho="3" sc="297,0,143,140,206,0,334,-120" /><INIT seed="5,1,0,3,2,54" ten="297,283,206,214" oya="1" hai0="114,1,124,113,79,111,34,32,12,96,102,103,101" hai1="119,72,33,49,71,81,135,123,118,4,51,61,68" hai2="20,18,40,97,23,117,19,39,133,75,31,108,83" hai3="3,66,13,60,5,42,115,116,77,50,11,112,90"/><U73/><E33/><V22/><F117/><W45/><G116/><T55/><D111/><U2/><E123/><V121/><F108/><W105/><G105/><T67/><D67/><U84/><E135/><V95/><F121/><W27/><G77/><T78/><D1/><U104/><E104/><V70/><F70/><W126/><G126/><T86/><D96/><U132/><E132/><V107/><F107/><W29/><G90/><T129/><D129/><U37/><E37/><V48/><F39/><W52/><G42/><T134/><D134/><U69/><E61/><V122/><F31/><W59/><REACH who="3" step="1"/><G3/><REACH who="3" ten="297,283,206,204" step="2"/><T92/><D124/><U0/><E0/><V89/><F122/><W10/><G10/><T93/><D78/><U58/><E119/><V98/><F133/><W74/><G74/><T56/><D79/><U8/><E118/><V44/><F75/><W26/><G26/><T38/><D103/><U128/><E73/><V28/><F83/><W110/><G110/><T64/><D102/><U82/><E72/><V47/><F28/><W25/><G25/><T24/><D24/><U88/><E82/><V15/><F15/><W100/><G100/><T41/><D12/><U125/><E125/><V6/><F89/><W91/><G91/><T65/><D101/><U63/><REACH who="1" step="1"/><E128/><REACH who="1" ten="297,273,206,204" step="2"/><V109/><F109/><W76/><G76/><T106/><D106/><U57/><E57/><V62/><F95/><W30/><G30/><T35/><D92/><U53/><AGARI ba="1,2" hai="2,4,8,49,51,53,58,63,68,69,71,81,84,88" machi="53" ten="30,11700,0" yaku="1,1,0,1,52,1,54,1,53,0" doraHai="54" doraHaiUra="130" who="1" fromWho="1" sc="297,-40,273,140,206,-40,204,-40" /><INIT seed="5,2,0,2,0,51" ten="257,413,166,164" oya="1" hai0="133,32,111,42,79,77,70,4,78,120,56,76,102" hai1="129,10,93,69,63,30,44,96,128,39,132,64,2" hai2="125,83,54,80,5,92,117,109,6,119,33,14,12" hai3="108,23,135,62,1,113,34,43,95,28,21,94,24"/><U3/><E30/><V65/><F65/><W115/><G108/><T110/><D70/><U9/><E132/><V123/><F92/><N who="3" m="35371" /><G135/><T19/><D32/><U45/><E3/><V7/><F33/><W106/><G1/><T17/><D133/><U53/><E44/><V74/><F109/><W121/><G106/><T97/><D42/><U8/><E2/><V59/><F125/><W13/><G121/><T67/><D120/><U91/><E39/><V89/><F123/><W55/><G43/><T15/><D79/><U27/><E27/><V75/><F89/><W48/><G62/><N who="0" m="38343" /><D110/><U35/><E35/><V46/><F46/><N who="3" m="28055" /><G13/><N who="2" m="5225" /><F59/><W84/><G84/><T25/><D25/><U116/><E116/><N who="2" m="44619" /><F75/><W31/><G31/><T90/><D102/><U124/><E124/><V81/><F74/><W68/><G68/><T118/><D111/><U86/><E86/><V101/><F101/><W130/><G130/><T85/><D97/><U37/><E37/><V29/><F29/><W99/><G99/><T38/><D38/><U49/><AGARI ba="2,0" hai="8,9,10,45,49,53,63,64,69,91,93,96,128,129" machi="49" ten="30,3000,0" yaku="0,1,52,1" doraHai="51" who="1" fromWho="1" sc="257,-12,413,36,166,-12,164,-12" /><INIT seed="5,3,0,5,4,93" ten="245,449,154,152" oya="1" hai0="102,31,121,118,26,42,131,53,25,84,115,89,73" hai1="43,129,72,90,83,91,46,67,112,13,20,1,12" hai2="6,47,63,109,62,19,48,127,37,28,122,106,3" hai3="4,51,88,113,116,81,111,120,92,34,77,59,55"/><U38/><E67/><V94/><F106/><W76/><G34/><T41/><D73/><U52/><E129/><V97/><F109/><W56/><G111/><T98/><D118/><U35/><E35/><V61/><F37/><W135/><G116/><T9/><D9/><U21/><E112/><V7/><F127/><W134/><G113/><T11/><D115/><U110/><E110/><V79/><F122/><W64/><G120/><T49/><D11/><U101/><E101/><V117/><F28/><W103/><G4/><T15/><D15/><U105/><E1/><V44/><F79/><W58/><G103/><T78/><D78/><U130/><E105/><V30/><F30/><W60/><G59/><T0/><D0/><U71/><E71/><V65/><F47/><W36/><G36/><T123/><D131/><U18/><E130/><V69/><F117/><W108/><G108/><T75/><D75/><U80/><E72/><V22/><F65/><W10/><G10/><T126/><D126/><U107/><E107/><V95/><F95/><W45/><G45/><N who="0" m="27823" /><D123/><U104/><E104/><V2/><F69/><W5/><G5/><T29/><D29/><U74/><E52/><N who="2" m="29703" /><F3/><W39/><G39/><T33/><D121/><U68/><E68/><V50/><F2/><W70/><G70/><T133/><D133/><N who="3" m="50697" /><G81/><N who="0" m="49295" /><D25/><U17/><E83/><V114/><F114/><W54/><G64/><T99/><D102/><U85/><E74/><V125/><F125/><W24/><G24/><T8/><D8/><U119/><E119/><V27/><F50/><W32/><G32/><T100/><D100/><AGARI ba="3,0" hai="6,7,19,22,27,61,62,63,94,97,100" m="29703" machi="100" ten="30,7700,0" yaku="6,1,8,1,52,1,54,1" doraHai="93" who="2" fromWho="0" sc="245,-86,449,0,154,86,152,0" /><INIT seed="6,0,0,5,1,113" ten="159,449,240,152" oya="2" hai0="127,27,34,94,42,62,92,96,2,83,30,51,12" hai1="8,16,39,3,14,61,9,84,134,50,88,23,89" hai2="57,44,106,32,82,123,87,46,25,20,40,115,37" hai3="21,24,108,45,102,77,75,48,85,101,122,103,22"/><V0/><F123/><W18/><G122/><T130/><D2/><U98/><E39/><V86/><F32/><W55/><G75/><T53/><D130/><U91/><E134/><V132/><F106/><W74/><G74/><T52/><D127/><U90/><E3/><V59/><F115/><W43/><G108/><T1/><D1/><U126/><E126/><V117/><F87/><W104/><G104/><T67/><D83/><U119/><E119/><V81/><F81/><W69/><G69/><T33/><D33/><U26/><E61/><V60/><F117/><W114/><G114/><T131/><D131/><U64/><E64/><V95/><F95/><W71/><G71/><T65/><D12/><U66/><E66/><V19/><F46/><W73/><G73/><T135/><D135/><U110/><E110/><V116/><F116/><W6/><G6/><T10/><D10/><U80/><E50/><V78/><F0/><W121/><G121/><T68/><D67/><U79/><E9/><V17/><F132/><W118/><G118/><T70/><D70/><U13/><E8/><V36/><F36/><W97/><G97/><T99/><D96/><U93/><AGARI ba="0,0" hai="13,14,16,23,26,79,80,84,88,89,90,91,93,98" machi="93" ten="30,7900,0" yaku="0,1,8,1,54,2" doraHai="113" who="1" fromWho="1" sc="159,-20,449,79,240,-39,152,-20" /><INIT seed="7,0,0,0,0,110" ten="139,528,201,132" oya="3" hai0="43,134,76,123,17,101,54,135,91,96,71,117,121" hai1="88,1,31,73,105,12,106,2,11,85,42,38,7" hai2="132,65,51,61,90,66,23,119,116,70,14,3,118" hai3="126,60,52,20,86,112,78,107,80,69,59,5,125"/><W19/><G107/><T41/><D71/><U102/><E73/><V34/><F3/><W29/><G69/><T25/><D91/><U103/><E31/><V87/><F34/><W89/><G29/><T26/><D76/><U13/><E38/><V63/><F132/><N who="0" m="50730" /><D54/><U57/><E42/><N who="0" m="15881" /><D117/><U10/><E57/><V46/><F66/><W16/><G5/><T81/><D81/><U74/><E74/><V15/><F65/><W35/><G35/><T94/><D17/><U8/><E85/><V50/><F87/><W0/><G0/><T22/><D22/><U27/><E27/><AGARI ba="0,0" hai="25,26,27,94,96,101,121,123" m="15881,50730" machi="27" ten="30,1000,0" yaku="20,1" doraHai="110" who="0" fromWho="1" sc="139,10,528,-10,201,0,132,0" owari="149,-25.0,518,62.0,201,0.0,132,-37.0" /></mjloggm>