<mjloggm ver="2.3"><GO type="41" lobby="0"/><UN n0="%E3%82%A6%E3%83%AD%E5%90%89" n1="%E2%93%9D%53%75%70%68%78" n2="%73%68%65%72%61%68" n3="%E5%90%89%E6%88%90%E5%89%9B" dan="14,18,13,15" rate="1960.45,2068.05,1927.28,2084.00" sx="M,M,M,M"/><TAIKYOKU oya="0"/><INIT seed="0,0,0,2,3,94" ten="250,250,250,250" oya="0" hai0="9,105,5,111,122,3,26,131,13,75,92,30,50" hai1="20,119,108,78,100,118,96,44,91,10,67,86,2" hai2="55,74,40,65,16,12,68,116,52,76,56,37,90" hai3="79,57,132,6,83,73,88,97,69,99,129,98,124"/><T120/><D75/><U18/><E108/><V71/><F116/><W64/><G69/><T58/><D111/><U28/><E78/><V127/><F127/><W23/><G6/><T59/><D105/><U27/><E67/><V7/><F7/><W72/><G23/><T89/><D131/><U62/><E62/><V8/><F74/><W84/><G57/><T48/><D3/><U24/><E44/><V130/><F130/><W95/><G64/><T106/><D106/><U47/><E47/><V70/><F76/><W121/><G129/><T29/><D120/><U39/><E39/><V134/><F134/><W61/><G61/><T117/><D117/><U54/><E54/><V112/><F112/><W81/><G132/><T43/><D122/><U115/><E115/><V109/><F109/><W34/><G34/><T32/><D29/><U101/><E101/><V60/><F37/><W45/><G45/><T14/><D14/><U31/><E2/><V46/><F40/><W133/><G133/><T19/><D5/><U53/><E53/><V102/><F46/><W93/><G124/><T22/><D32/><U1/><E119/><V114/><F114/><W80/><G121/><T42/><D59/><U128/><E118/><V87/><REACH who="2" step="1"/><F102/><REACH who="2" ten="250,250,240,250" step="2"/><W77/><AGARI ba="0,1" hai="72,73,77,79,80,81,83,84,88,93,95,97,98,99" machi="77" ten="30,24000,4" yaku="0,1,9,1,35,6,52,3,54,1" doraHai="94" who="3" fromWho="3" sc="250,-120,250,-60,240,-60,250,250" /><INIT seed="1,0,0,3,5,41" ten="130,190,180,500" oya="1" hai0="68,102,55,106,27,130,13,96,83,0,89,22,21" hai1="69,4,66,119,74,1,24,122,80,37,3,73,44" hai2="120,5,36,54,59,10,87,57,121,113,114,118,20" hai3="79,93,15,107,28,134,133,125,16,42,78,9,112"/><U62/><E119/><V12/><F118/><W38/><G107/><T88/><D130/><U124/><E122/><V86/><F36/><W23/><G112/><N who="2" m="43113" /><F20/><W103/><G125/><T135/><D135/><N who="3" m="51721" /><G28/><T95/><D68/><U67/><E67/><V72/><F72/><W126/><G126/><T51/><D0/><U14/><E14/><V6/><F6/><W65/><G65/><T33/><D33/><U40/><E124/><V105/><F105/><W110/><G110/><T97/><D13/><U39/><E39/><V7/><F7/><W29/><G29/><T100/><D83/><U58/><E24/><V71/><F71/><W45/><G23/><T131/><D131/><U63/><E80/><V52/><F57/><W64/><G64/><T82/><D82/><U99/><E4/><V111/><F111/><W2/><G2/><T19/><REACH who="0" step="1"/><D21/><REACH who="0" ten="120,190,180,500" step="2"/><U34/><E34/><V76/><F121/><W92/><G103/><T50/><D50/><U132/><E132/><V53/><F120/><W90/><G93/><T128/><D128/><U116/><E116/><V81/><F86/><AGARI ba="0,1" hai="9,15,16,38,42,45,78,79,86,90,92" m="51721" machi="86" ten="30,3900,0" yaku="20,1,52,1,54,1" doraHai="41" who="3" fromWho="2" sc="120,0,190,0,180,-39,500,49" /><INIT seed="2,0,0,4,5,83" ten="120,190,141,549" oya="2" hai0="119,75,0,110,53,26,45,122,102,12,39,114,126" hai1="73,43,95,93,40,80,71,16,104,52,120,90,109" hai2="57,98,41,74,118,106,30,46,44,23,51,68,8" hai3="92,116,7,107,29,86,87,22,14,50,127,111,78"/><V58/><F118/><W84/><G107/><T69/><RYUUKYOKU type="yao9" ba="0,0" sc="120,0,190,0,141,0,549,0" hai0="0,12,26,39,45,53,69,75,102,110,114,119,122,126" /><INIT seed="2,1,0,0,5,5" ten="120,190,141,549" oya="2" hai0="13,24,47,89,97,7,115,12,93,76,33,96,29" hai1="107,50,110,18,121,36,69,106,39,75,45,61,81" hai2="28,134,62,119,132,90,46,135,63,83,3,15,126" hai3="60,31,21,54,102,34,10,52,124,44,35,19,8"/><V66/><F119/><W70/><G124/><T41/><D115/><U84/><E75/><V32/><F126/><W20/><G102/><T125/><D125/><U49/><E110/><V113/><F113/><W68/><G19/><T112/><D112/><U14/><E50/><V128/><F128/><W25/><G60/><T74/><D97/><U55/><E121/><V104/><F104/><W86/><G86/><T79/><D74/><U108/><E108/><V73/><F3/><W22/><G44/><T23/><D33/><N who="3" m="12297" /><G25/><T91/><D91/><U105/><E61/><V40/><F66/><W117/><G31/><T87/><D96/><U118/><E69/><N who="3" m="26730" /><G117/><T57/><D57/><U85/><E85/><N who="2" m="50495" /><F73/><W16/><G16/><T37/><REACH who="0" step="1"/><D13/><REACH who="0" ten="110,190,141,549" step="2"/><U67/><E118/><V120/><F120/><W64/><G64/><T129/><D129/><U56/><E67/><V116/><F116/><W42/><G42/><T131/><D131/><U9/><REACH who="1" step="1"/><E56/><REACH who="1" ten="110,180,141,549" step="2"/><V17/><F32/><W77/><G77/><AGARI ba="1,2" hai="9,14,18,36,39,45,49,55,77,81,84,105,106,107" machi="77" ten="40,5200,0" yaku="1,1,2,1,52,1,53,0" doraHai="5" doraHaiUra="130" who="1" fromWho="3" sc="110,0,180,75,141,0,549,-55" /><INIT seed="3,0,0,5,4,8" ten="110,255,141,494" oya="3" hai0="18,35,14,15,117,10,109,16,43,28,95,64,33" hai1="122,38,6,120,105,106,20,42,71,31,39,54,93" hai2="21,127,129,135,82,119,98,25,2,48,27,67,88" hai3="130,51,44,78,30,128,110,24,92,73,36,80,46"/><W47/><G36/><T134/><D43/><U103/><E6/><V32/><F119/><W83/><G110/><T115/><D117/><U124/><E93/><V91/><F129/><W87/><G92/><T1/><D109/><U79/><E79/><V4/><F135/><W68/><G68/><T52/><D134/><U84/><E20/><V56/><F127/><W99/><G99/><T86/><D64/><U57/><E31/><V61/><F32/><W102/><G102/><T55/><D115/><U101/><E57/><V22/><F2/><W34/><REACH who="3" step="1"/><G51/><REACH who="3" ten="110,255,141,484" step="2"/><T29/><D1/><U121/><E103/><V81/><F48/><W50/><G50/><T19/><D95/><U5/><E101/><V53/><F98/><W11/><G11/><T60/><D60/><U72/><E39/><V65/><F4/><W23/><G23/><T132/><D132/><U59/><E38/><V45/><F21/><W63/><G63/><T49/><D49/><U26/><E5/><V114/><F114/><W123/><G123/><T116/><D116/><U62/><E122/><V85/><F22/><W12/><G12/><T75/><D10/><U90/><E121/><V76/><F45/><W126/><G126/><T125/><D125/><U112/><E124/><V7/><F7/><W97/><G97/><T96/><D96/><U89/><E112/><V77/><F61/><W41/><G41/><T17/><D17/><U40/><E40/><V13/><F13/><W9/><G9/><T0/><D19/><U108/><E120/><V104/><F81/><W133/><G133/><T37/><D0/><RYUUKYOKU ba="0,1" sc="110,-10,255,-10,141,-10,484,30" hai3="24,30,34,44,46,47,73,78,80,83,87,128,130" /><INIT seed="3,1,1,0,1,5" ten="100,245,131,514" oya="3" hai0="26,17,15,114,22,65,25,46,128,116,131,69,42" hai1="32,92,102,135,71,98,18,83,41,58,4,134,57" hai2="90,44,127,14,53,95,60,132,101,78,125,19,27" hai3="2,120,11,8,52,12,40,59,85,81,74,118,63"/><W45/><G118/><T51/><D116/><U86/><E71/><V13/><F132/><N who="1" m="50729" /><E32/><V73/><F101/><W21/><G74/><T38/><D114/><U33/><E33/><V109/><F109/><W108/><G120/><T3/><D3/><U64/><E4/><V84/><F73/><W24/><G2/><T123/><D123/><U70/><E41/><V36/><F78/><W31/><G12/><T111/><D111/><U55/><E18/><V48/><F36/><W43/><G108/><T28/><D69/><U80/><E55/><V89/><F60/><W105/><G105/><T49/><D65/><U124/><E124/><N who="2" m="47691" /><F89/><W133/><G133/><T107/><D107/><U62/><E83/><V129/><F129/><N who="0" m="49738" /><D26/><U35/><E35/><AGARI ba="1,1" hai="15,17,22,25,28,35,38,42,46,49,51" m="49738" machi="35" ten="30,1000,0" yaku="19,1" doraHai="5" who="0" fromWho="1" sc="100,23,245,-13,131,0,514,0" /><INIT seed="4,0,0,0,1,93" ten="123,232,131,514" oya="0" hai0="86,4,58,129,22,69,16,0,132,20,118,54,60" hai1="100,104,62,119,78,128,108,30,53,47,111,107,74" hai2="46,98,127,84,27,110,70,90,66,102,88,39,36" hai3="43,79,75,21,65,133,67,8,49,40,125,57,64"/><T59/><D118/><U120/><E30/><V56/><F110/><W5/><G125/><T6/><D129/><U131/><E47/><V32/><F127/><W61/><G133/><T103/><D132/><U114/><E53/><V29/><F46/><W55/><G79/><T115/><D69/><U50/><E50/><V135/><F135/><W122/><G75/><T72/><D72/><U35/><E62/><N who="2" m="40279" /><F56/><W76/><G76/><T34/><D34/><U99/><E35/><V28/><F28/><W106/><G106/><T97/><D86/><U7/><E7/><V126/><F126/><W42/><G21/><T18/><D0/><U92/><E120/><V105/><F90/><W95/><G95/><AGARI ba="0,0" hai="27,29,32,36,39,84,88,95,98,102,105" m="40279" machi="95" ten="30,3900,0" yaku="25,1,52,1,54,1" doraHai="93" who="2" fromWho="3" sc="123,0,232,0,131,39,514,-39" /><INIT seed="5,0,0,5,1,93" ten="123,232,170,475" oya="1" hai0="37,31,101,118,100,80,28,127,103,109,24,102,104" hai1="13,105,1,26,112,5,107,106,134,71,52,25,73" hai2="69,11,74,81,76,38,61,65,47,2,108,50,62" hai3="51,60,111,46,122,19,79,20,120,53,30,23,78"/><U131/><E73/><V48/><F108/><W18/><G111/><T129/><D37/><U125/><E1/><V0/><F62/><W42/><G30/><T39/><D39/><U49/><E71/><V68/><F68/><W88/><G122/><T98/><D109/><U84/><E131/><V113/><F113/><W21/><G120/><T75/><D129/><U43/><E134/><V99/><F99/><W27/><G88/><T86/><D31/><U95/><E125/><V6/><REACH who="2" step="1"/><F0/><REACH who="2" ten="123,232,160,475" step="2"/><W10/><G60/><T59/><D127/><U67/><E112/><V63/><F63/><W94/><G10/><T66/><D118/><U85/><E67/><V124/><F124/><W114/><G114/><T7/><D75/><U17/><E85/><V54/><F54/><W89/><G53/><T132/><D132/><U29/><E84/><V40/><AGARI ba="0,1" hai="2,6,11,38,40,47,48,50,61,65,69,74,76,81" machi="40" ten="30,7900,0" yaku="1,1,0,1,25,2,53,0" doraHai="93" doraHaiUra="12" who="2" fromWho="2" sc="123,-20,232,-39,160,89,475,-20" /><INIT seed="6,0,0,2,2,110" ten="103,193,249,455" oya="2" hai0="4,119,105,79,30,86,127,61,90,82,14,109,96" hai1="29,46,53,10,27,51,97,34,21,84,36,3,94" hai2="114,83,87,7,44,48,74,131,2,89,116,5,125" hai3="18,112,11,73,64,23,78,95,59,40,100,32,77"/><V20/><F116/><W134/><G32/><T118/><D109/><U103/><E36/><V63/><F131/><W65/><G40/><T115/><D61/><U71/><E71/><V17/><F125/><W128/><G73/><T15/><D30/><U98/><E34/><V104/><F104/><W66/><G11/><T121/><D4/><U45/><E3/><V62/><F114/><W122/><G122/><T42/><D42/><U50/><E10/><V25/><F74/><W106/><G106/><T37/><D37/><U28/><E98/><V16/><F17/><W9/><G9/><T92/><D15/><U58/><E29/><V43/><F2/><W60/><G112/><T101/><D14/><U107/><E107/><V120/><F120/><W0/><G0/><T39/><D121/><U35/><E35/><V111/><F111/><W41/><G41/><T47/><D127/><U33/><E33/><V69/><F69/><W26/><G134/><T57/><D57/><U81/><REACH who="1" step="1"/><E51/><REACH who="1" ten="103,183,249,455" step="2"/><V1/><F1/><W22/><G128/><T129/><D129/><U56/><E56/><V99/><F99/><N who="3" m="59519" /><G23/><T133/><D47/><U132/><E132/><V67/><F67/><AGARI ba="0,1" hai="18,22,26,59,60,64,65,66,67,77,78" m="59519" machi="67" ten="30,1000,0" yaku="8,1" doraHai="110" who="3" fromWho="2" sc="103,0,183,0,249,-10,455,20" /><INIT seed="7,0,0,2,2,121" ten="103,183,239,475" oya="3" hai0="87,55,20,78,2,79,22,62,108,18,47,11,91" hai1="31,129,15,117,90,135,57,107,101,133,66,29,46" hai2="10,49,1,58,7,3,88,32,44,4,127,112,104" hai3="84,70,124,48,61,34,77,8,67,89,43,12,0"/><W126/><G77/><T114/><D114/><U13/><E129/><V16/><F112/><W125/><G34/><T115/><D115/><U27/><E46/><V75/><F127/><W69/><G0/><T113/><D113/><U17/><E101/><V68/><F68/><W110/><G110/><T51/><D2/><U73/><E107/><V92/><F104/><W86/><G69/><T118/><D118/><U56/><E90/><V76/><F32/><W30/><G30/><T98/><D98/><U85/><E85/><V72/><F58/><W64/><G64/><T132/><D132/><U60/><E73/><V52/><F76/><W81/><G84/><T71/><D108/><U50/><E117/><V59/><F59/><W131/><G131/><T38/><D38/><U82/><E82/><V54/><F54/><W19/><G48/><T94/><D71/><U80/><E80/><V5/><F75/><W105/><G43/><T106/><D106/><AGARI ba="0,0" hai="8,12,19,61,67,70,81,86,89,105,106,124,125,126" machi="106" ten="40,2000,0" yaku="18,1" doraHai="121" who="3" fromWho="0" sc="103,-20,183,0,239,0,475,20" owari="83,-42.0,183,-22.0,239,4.0,495,60.0" /></mjloggm>