<mjloggm ver="2.3"><GO type="41" lobby="0"/><UN n0="%6B%6F%64%6F%4F%6A%69" n1="%E5%8F%A4%E7%B7%8F" n2="%4E%E3%83%84%E3%83%81%E3%82%A4" n3="%E2%93%9D%53%75%70%68%78" dan="14,14,14,16" rate="1907.82,1897.37,1955.65,2092.73" sx="F,M,M,M"/><TAIKYOKU oya="0"/><INIT seed="0,0,0,4,1,94" ten="250,250,250,250" oya="0" hai0="130,129,46,23,28,121,3,110,85,19,108,84,88" hai1="119,40,1,135,2,45,79,112,24,21,102,58,6" hai2="20,26,104,29,117,93,114,53,36,115,22,27,49" hai3="50,78,90,98,4,33,70,59,61,13,126,9,71"/><T92/><D3/><U118/><E135/><V38/><F117/><W82/><G33/><T91/><D28/><U73/><E112/><V99/><F104/><W60/><G126/><T106/><D106/><U81/><E58/><V111/><F111/><N who="0" m="42538" /><D46/><U74/><E74/><V17/><F115/><W134/><G134/><T105/><D105/><U133/><E102/><V67/><F67/><W32/><G32/><T116/><D116/><U101/><E101/><V80/><F80/><W31/><G31/><T54/><D54/><U8/><E1/><V127/><F127/><W42/><G71/><T75/><D75/><U12/><E12/><V77/><F77/><W72/><G70/><T15/><D121/><U68/><E68/><V52/><F114/><W11/><G42/><T35/><D35/><U87/><E87/><N who="0" m="33353" /><D92/><U97/><E97/><V120/><F120/><W0/><G98/><T131/><AGARI ba="0,0" hai="15,19,23,88,91,129,130,131" m="33353,42538" machi="131" ten="40,12000,1" yaku="19,1,14,1,10,1,54,1" doraHai="94" who="0" fromWho="0" sc="250,120,250,-40,250,-40,250,-40" /><INIT seed="0,1,0,0,0,122" ten="370,210,210,210" oya="0" hai0="54,17,49,22,31,55,56,110,1,38,114,0,21" hai1="124,16,48,50,132,95,12,135,11,40,71,3,116" hai2="36,34,47,75,83,20,119,13,80,99,93,39,7" hai3="98,131,73,115,77,96,81,126,4,118,25,70,105"/><T45/><D114/><U18/><E116/><V64/><F119/><W37/><G37/><T129/><D129/><U35/><E71/><V23/><F34/><W85/><G4/><T28/><D38/><U59/><E3/><V121/><F121/><W130/><G25/><T58/><D110/><U61/><E35/><V29/><F64/><W86/><G70/><T125/><D125/><U51/><E95/><V100/><F20/><W52/><G52/><T84/><D45/><U2/><E2/><V103/><F103/><W108/><G118/><T15/><D31/><U97/><E97/><N who="3" m="37482" /><G126/><T8/><D84/><N who="3" m="32361" /><G105/><T104/><D104/><U109/><E18/><V32/><F32/><W26/><G26/><N who="0" m="16463" /><D0/><U41/><E124/><V42/><F39/><W68/><G68/><T123/><D1/><U89/><E89/><V24/><REACH who="2" step="1"/><F75/><REACH who="2" ten="370,210,200,210" step="2"/><W133/><G115/><T102/><D123/><U19/><E135/><V106/><F106/><W74/><G74/><T67/><D67/><U27/><E132/><V82/><F82/><W44/><G133/><T107/><D107/><U134/><E134/><V92/><F92/><W43/><G131/><T128/><D128/><U79/><E11/><AGARI ba="1,1" hai="7,11,13,23,24,29,36,42,47,80,83,93,99,100" machi="11" ten="40,1300,0" yaku="1,1,53,0" doraHai="122" doraHaiUra="33" who="2" fromWho="1" sc="370,0,210,-16,200,26,210,0" /><INIT seed="1,0,0,0,1,8" ten="370,194,226,210" oya="1" hai0="32,72,66,134,28,58,9,17,120,94,73,16,35" hai1="63,7,79,115,23,105,107,77,59,113,22,0,124" hai2="10,109,62,20,30,74,48,61,50,102,26,125,51" hai3="92,34,96,108,40,4,75,117,122,19,87,24,100"/><U110/><E0/><V127/><F109/><W112/><G122/><T1/><D134/><U3/><E3/><V39/><F39/><W128/><G75/><T121/><D94/><U49/><E7/><V104/><F74/><W82/><G112/><T27/><D73/><U114/><E49/><V98/><REACH who="2" step="1"/><F10/><REACH who="2" ten="370,194,216,210" step="2"/><W18/><G108/><T25/><D72/><U76/><E110/><V101/><F101/><W15/><G100/><T93/><D121/><U2/><E2/><V29/><F29/><W111/><G111/><T57/><D120/><U47/><E124/><AGARI ba="0,1" hai="20,26,30,48,50,51,61,62,98,102,104,124,125,127" machi="124" ten="40,5200,0" yaku="1,1,18,1,53,1" doraHai="8" doraHaiUra="95" who="2" fromWho="1" sc="370,0,194,-52,216,62,210,0" /><INIT seed="2,0,0,2,4,115" ten="370,142,278,210" oya="2" hai0="16,79,108,99,5,39,68,1,131,111,102,9,44" hai1="65,130,60,103,135,0,54,13,76,100,128,20,95" hai2="27,31,17,62,129,91,132,15,107,89,2,121,134" hai3="33,45,75,72,3,118,94,86,12,19,14,6,11"/><V58/><F121/><W80/><G33/><T83/><D131/><N who="1" m="50219" /><E0/><V18/><F2/><W66/><G66/><T41/><D68/><U133/><E76/><V48/><F129/><W74/><G94/><T125/><D125/><U4/><E54/><V87/><F107/><W57/><G57/><T55/><D55/><U34/><E34/><V92/><F48/><W90/><G3/><T56/><D56/><N who="1" m="36999" /><E95/><V69/><F91/><W71/><G71/><T23/><D99/><U101/><E20/><V29/><F69/><W78/><G45/><T124/><D102/><U61/><E61/><V50/><F50/><W105/><G105/><T117/><D117/><U47/><E47/><V112/><F112/><W46/><G46/><T85/><REACH who="0" step="1"/><D124/><REACH who="0" ten="360,142,278,210" step="2"/><U123/><E123/><V81/><F132/><W116/><REACH who="3" step="1"/><G90/><REACH who="3" ten="360,142,278,200" step="2"/><T126/><D126/><U106/><E106/><V38/><F89/><W77/><G77/><T93/><D93/><U84/><E135/><V8/><F58/><W30/><G30/><T40/><D40/><U67/><E133/><V110/><F31/><W51/><G51/><T104/><D104/><U127/><E127/><V70/><F29/><W114/><G114/><T42/><D42/><U82/><E67/><V28/><F92/><W109/><G109/><T59/><D59/><U53/><E82/><V49/><F81/><W35/><G35/><T52/><D52/><U88/><E53/><V32/><F28/><W22/><AGARI ba="0,2" hai="6,11,12,14,19,22,72,74,75,78,80,86,116,118" machi="22" ten="30,7900,0" yaku="1,1,0,1,52,2,53,0" doraHai="115" doraHaiUra="98" who="3" fromWho="3" sc="360,-20,142,-20,278,-39,200,99" /><INIT seed="3,0,0,2,3,14" ten="340,122,239,299" oya="3" hai0="64,96,15,58,85,6,16,2,10,77,89,17,106" hai1="107,114,110,23,127,130,78,11,103,47,53,56,109" hai2="86,125,97,45,116,119,68,66,105,29,133,126,69" hai3="43,83,88,79,28,104,0,5,42,102,74,46,111"/><W4/><G43/><T128/><D128/><U90/><E114/><V94/><F29/><W99/><G111/><T71/><D71/><U30/><E78/><V22/><F22/><W21/><G0/><T40/><D40/><U121/><E121/><V1/><F1/><W24/><REACH who="3" step="1"/><G88/><REACH who="3" ten="340,122,239,289" step="2"/><T91/><D2/><U19/><E90/><V132/><F119/><W9/><G9/><T95/><D106/><U55/><E11/><V108/><F116/><W84/><G84/><T26/><D77/><U32/><E107/><V80/><F105/><W49/><AGARI ba="0,1" hai="4,5,21,24,28,42,46,49,74,79,83,99,102,104" machi="49" ten="20,7800,0" yaku="1,1,0,1,7,1,53,1" doraHai="14" doraHaiUra="38" who="3" fromWho="3" sc="340,-26,122,-26,239,-26,289,88" /><INIT seed="3,1,0,2,1,78" ten="314,96,213,377" oya="3" hai0="40,60,42,6,92,57,112,132,41,134,116,33,47" hai1="84,72,90,88,13,114,32,122,118,127,113,124,135" hai2="37,104,68,100,28,5,19,80,67,55,109,35,20" hai3="83,24,108,61,15,95,129,71,65,91,81,106,103"/><W56/><G129/><T25/><D116/><U43/><E32/><V53/><F37/><W79/><G106/><T121/><D6/><U105/><E13/><V16/><F5/><W51/><G103/><T86/><D121/><U74/><E43/><V63/><F109/><W102/><G102/><T131/><D131/><U2/><E2/><V58/><F35/><W59/><G79/><T115/><D86/><U26/><E26/><V96/><F55/><N who="3" m="31871" /><G71/><T111/><D92/><N who="1" m="54279" /><E122/><V133/><F133/><N who="0" m="51306" /><D111/><U3/><E3/><V119/><F119/><W101/><G101/><T30/><D47/><U110/><E118/><V130/><F130/><W4/><G24/><T54/><AGARI ba="1,0" hai="25,30,33,40,41,42,54,57,60,112,115" m="51306" machi="54" ten="40,1500,0" yaku="20,1" doraHai="78" who="0" fromWho="0" sc="314,18,96,-5,213,-5,377,-8" /><INIT seed="4,0,0,1,5,74" ten="332,91,208,369" oya="0" hai0="36,58,54,25,122,116,20,108,26,106,120,14,77" hai1="38,29,42,0,51,121,75,82,68,4,65,76,112" hai2="48,40,78,109,30,22,90,80,55,56,81,19,95" hai3="99,69,134,46,97,115,1,124,114,28,128,41,16"/><T103/><D116/><U88/><E51/><V57/><F109/><W9/><G69/><T101/><D36/><U94/><E29/><V59/><F30/><W71/><G71/><T125/><D108/><U50/><E50/><V23/><F40/><W33/><G134/><T132/><D125/><U2/><E121/><V96/><F81/><W105/><G128/><T60/><D132/><U3/><E65/><V126/><F126/><W8/><G1/><T32/><D32/><U73/><E73/><V131/><F131/><W89/><G105/><T17/><D106/><U27/><E27/><N who="0" m="10249" /><D122/><U10/><E68/><V6/><F6/><W85/><G33/><T127/><D127/><U83/><E83/><V47/><REACH who="2" step="1"/><F19/><REACH who="2" ten="332,91,198,369" step="2"/><W24/><G28/><T7/><D120/><U91/><E112/><V53/><F53/><W66/><G115/><T86/><D7/><U93/><E42/><V35/><F35/><W31/><G114/><T123/><D123/><U107/><E38/><V49/><F49/><W13/><G124/><T45/><D45/><U111/><E111/><V21/><F21/><W62/><G46/><T98/><D17/><U34/><E34/><V64/><F64/><W100/><G31/><T70/><D20/><U92/><REACH who="1" step="1"/><E107/><REACH who="1" ten="332,81,198,369" step="2"/><V63/><F63/><W79/><G62/><T113/><D60/><U11/><E11/><V133/><F133/><W61/><G9/><T12/><D113/><U15/><AGARI ba="0,2" hai="0,2,3,4,10,15,75,76,82,88,91,92,93,94" machi="15" ten="40,8000,1" yaku="1,1,0,1,52,1,54,1,53,0" doraHai="74" doraHaiUra="67" who="1" fromWho="1" sc="332,-40,81,100,198,-20,369,-20" /><INIT seed="5,0,0,5,2,131" ten="292,181,178,349" oya="1" hai0="129,67,12,72,130,3,22,113,51,35,7,49,71" hai1="45,11,96,123,28,36,85,92,15,100,24,66,21" hai2="94,133,101,104,88,58,16,13,126,0,86,134,9" hai3="8,97,117,118,89,82,77,55,64,135,93,42,57"/><U128/><E128/><N who="0" m="49257" /><D72/><U17/><E123/><V79/><F126/><W39/><G64/><T107/><D107/><U98/><E66/><V90/><F0/><W60/><G8/><N who="0" m="2175" /><D35/><U32/><E36/><V59/><F79/><W108/><G108/><T54/><D113/><U110/><E110/><V127/><F127/><W37/><G42/><T18/><D54/><U87/><E45/><V91/><F90/><W53/><G53/><T34/><D34/><U109/><E109/><V20/><F91/><W6/><G6/><T19/><D19/><U112/><E112/><V26/><F104/><W47/><G47/><T73/><D73/><U33/><E98/><V120/><F101/><W119/><G135/><N who="2" m="51721" /><F120/><W2/><G2/><T30/><D30/><AGARI ba="0,0" hai="9,13,16,20,26,30,58,59,86,88,94" m="51721" machi="30" ten="30,12000,2" yaku="20,1,52,3,54,2" doraHai="131" who="2" fromWho="0" sc="292,-120,181,0,178,120,349,0" /><INIT seed="6,0,0,3,2,117" ten="172,181,298,349" oya="2" hai0="83,127,22,21,129,37,92,66,68,134,59,46,11" hai1="69,49,10,27,131,93,39,64,29,13,72,2,71" hai2="67,133,23,43,104,124,55,132,30,47,8,82,45" hai3="57,89,14,76,74,108,103,5,87,130,135,105,100"/><V63/><F104/><W17/><G108/><T111/><D111/><U118/><E118/><V98/><F124/><W62/><G130/><T119/><D119/><U81/><E39/><V120/><F120/><W102/><G135/><N who="2" m="51785" /><F8/><W121/><G121/><T3/><D127/><U126/><E131/><V109/><F98/><W20/><G74/><T70/><D134/><U54/><E2/><V44/><F109/><W123/><G123/><T95/><D129/><U25/><E64/><V116/><F82/><N who="3" m="47559" /><G105/><T6/><D83/><U115/><E115/><V90/><F90/><W79/><G79/><T0/><D0/><U73/><E27/><N who="2" m="16767" /><F55/><N who="3" m="34111" /><G89/><T96/><D96/><U91/><E126/><V112/><F112/><W84/><G84/><T34/><D34/><U61/><E73/><V16/><F16/><W53/><G53/><T107/><D107/><U28/><E28/><V58/><F116/><W31/><G31/><T65/><D70/><U4/><E71/><V80/><F80/><W41/><G5/><T75/><D68/><U101/><E69/><V52/><F67/><W24/><G41/><AGARI ba="0,0" hai="41,43,44,45,47,52,58,63" m="16767,51785" machi="41" ten="30,2900,0" yaku="20,1,54,1" doraHai="117" who="2" fromWho="3" sc="172,0,181,0,298,29,349,-29" /><INIT seed="6,1,0,0,1,90" ten="172,181,327,320" oya="2" hai0="80,8,83,95,52,1,59,3,0,131,55,120,48" hai1="63,70,99,100,106,6,92,10,37,58,69,5,94" hai2="88,110,82,73,79,57,30,66,50,71,45,2,24" hai3="113,33,72,116,60,85,64,86,81,7,133,31,135"/><V12/><F110/><W26/><G116/><T34/><D120/><U91/><E37/><V42/><F2/><W65/><G7/><T43/><D131/><U23/><E23/><V51/><F71/><N who="3" m="42375" /><G65/><T118/><D118/><U28/><E28/><V13/><F88/><N who="3" m="51247" /><G86/><T54/><D34/><U107/><E70/><V49/><F66/><W25/><G25/><T62/><D43/><U124/><E124/><V68/><F68/><W109/><G109/><T56/><D8/><U97/><E69/><V114/><F114/><W123/><G123/><T76/><D76/><U89/><E100/><V74/><F74/><W121/><G121/><T98/><REACH who="0" step="1"/><D55/><REACH who="0" ten="162,181,327,320" step="2"/><U129/><E129/><V75/><F42/><W67/><G67/><T102/><AGARI ba="1,1" hai="0,1,3,48,52,54,56,59,62,80,83,95,98,102" machi="102" ten="30,12000,2" yaku="1,1,2,1,0,1,52,1,54,1,53,1" doraHai="90" doraHaiUra="93" who="0" fromWho="0" sc="162,133,181,-31,327,-61,320,-31" /><INIT seed="7,0,0,3,3,42" ten="295,150,266,289" oya="3" hai0="5,119,23,38,108,97,49,82,19,74,61,80,75" hai1="30,111,95,99,133,21,57,66,3,17,77,87,48" hai2="28,126,44,40,115,34,35,85,93,72,53,54,6" hai3="14,129,96,69,25,0,51,31,123,22,109,62,121"/><W86/><G0/><T20/><D119/><U118/><E111/><V71/><F71/><W15/><G109/><T103/><D108/><U47/><E3/><V37/><F72/><W89/><G129/><T13/><D38/><U16/><E133/><V114/><F126/><W68/><G96/><T127/><D127/><U78/><E118/><V63/><F6/><W43/><G69/><T128/><D128/><U79/><E87/><V94/><F94/><W132/><G132/><T58/><D5/><U2/><E2/><V112/><F63/><W73/><G73/><T117/><D117/><U29/><E57/><V32/><F28/><N who="1" m="10857" /><E21/><V91/><AGARI ba="0,0" hai="32,34,35,37,40,44,53,54,85,91,93,112,114,115" machi="91" ten="40,5200,0" yaku="0,1,15,1,52,1" doraHai="42" who="2" fromWho="2" sc="295,-13,150,-13,266,52,289,-26" owari="282,8.0,137,-36.0,318,42.0,263,-14.0" /></mjloggm>