<mjloggm ver="2.3"><GO type="41" lobby="0"/><UN n0="%E3%81%8A%E3%82%82%E3%81%A1%E8%88%B9%E9%95%B7" n1="%6B%5F%72%6F%64%32%35" n2="%76%41%63%74" n3="%E2%93%9D%53%75%70%68%78" dan="14,15,14,18" rate="1933.36,1930.50,1960.98,2093.67" sx="M,M,M,M"/><TAIKYOKU oya="0"/><INIT seed="0,0,0,4,3,129" ten="250,250,250,250" oya="0" hai0="38,115,93,25,28,36,41,109,21,127,20,64,33" hai1="0,52,87,60,53,81,95,14,46,99,79,134,128" hai2="131,74,97,10,125,72,116,112,113,65,88,103,32" hai3="62,108,121,82,8,61,84,43,18,107,133,26,75"/><T73/><D115/><U6/><E128/><V55/><F131/><W22/><G107/><T47/><D38/><U85/><E0/><V17/><F32/><W114/><G75/><T120/><D120/><U94/><E134/><V4/><F65/><W5/><G108/><T110/><D73/><U3/><E3/><V66/><F66/><W77/><G114/><T71/><D127/><U92/><E60/><V83/><F112/><W101/><G101/><T29/><D93/><U117/><E117/><V118/><F113/><W68/><G68/><T70/><D29/><U35/><E35/><V76/><F72/><W80/><G80/><T11/><D11/><N who="1" m="4471" /><E87/><V59/><F125/><W7/><G43/><T27/><D27/><U58/><E46/><V15/><F4/><N who="3" m="1611" /><G121/><T102/><D102/><N who="1" m="60775" /><E58/><V100/><F116/><W37/><G37/><T106/><D106/><U1/><E1/><V91/><F118/><W130/><G130/><T30/><D30/><U50/><E50/><V34/><F34/><W57/><G57/><T63/><REACH who="0" step="1"/><D70/><REACH who="0" ten="240,250,250,250" step="2"/><U12/><E12/><V104/><REACH who="2" step="1"/><F103/><REACH who="2" ten="240,250,240,250" step="2"/><W42/><G26/><T78/><D78/><U126/><E126/><V105/><F105/><W135/><G77/><T86/><D86/><N who="1" m="48447" /><E95/><V132/><F132/><W98/><G135/><T67/><D67/><U9/><E9/><V124/><F124/><W123/><G133/><T69/><D69/><U39/><E39/><V90/><F90/><AGARI ba="0,2" hai="52,53,85,90,94" m="48447,60775,4471" machi="90" ten="30,2000,0" yaku="8,1,54,1" doraHai="129" who="1" fromWho="2" sc="240,0,250,40,240,-20,250,0" /><INIT seed="1,0,0,3,2,31" ten="240,290,220,250" oya="1" hai0="92,12,1,25,33,131,94,78,130,50,95,64,44" hai1="54,135,59,104,79,119,116,98,99,42,83,125,66" hai2="65,132,89,14,110,109,26,17,53,9,67,22,6" hai3="2,111,16,63,93,61,60,23,45,118,49,96,57"/><U38/><E125/><V85/><F53/><W76/><G111/><T127/><D1/><U29/><E135/><V35/><F132/><W32/><G2/><T41/><D78/><U10/><E66/><V69/><F35/><W19/><G32/><T68/><D127/><U121/><E121/><V115/><F115/><W133/><G118/><T101/><D101/><U82/><E29/><V46/><F46/><W114/><G76/><T80/><D80/><U27/><E27/><V7/><F7/><W108/><G108/><N who="2" m="41577" /><F69/><W28/><G114/><T105/><D105/><U113/><E42/><V102/><F102/><W117/><G117/><T55/><D12/><U128/><E54/><V77/><F77/><W122/><G122/><T126/><D126/><U73/><E79/><V18/><F17/><W20/><G28/><N who="0" m="19599" /><D68/><U112/><E104/><V40/><F40/><N who="3" m="24743" /><G133/><T87/><D64/><U56/><E10/><V129/><F129/><N who="0" m="49162" /><D41/><U43/><E43/><V11/><F9/><W13/><G19/><T91/><AGARI ba="0,0" hai="44,50,55,87,91,92,94,95" m="49162,19599" machi="91" ten="30,2000,0" yaku="19,1,52,1" doraHai="31" who="0" fromWho="0" sc="240,20,290,-10,220,-5,250,-5" /><INIT seed="2,0,0,1,2,48" ten="260,280,215,245" oya="2" hai0="89,30,106,58,12,107,120,32,126,92,85,75,119" hai1="87,51,47,67,22,10,96,93,15,43,94,52,104" hai2="46,118,29,64,116,99,42,127,11,2,21,19,78" hai3="55,31,125,73,91,113,130,45,123,70,114,57,37"/><V60/><F29/><W38/><G73/><T7/><D120/><U18/><E67/><V117/><F127/><W124/><G31/><T90/><D126/><N who="3" m="48745" /><G91/><T28/><D75/><U41/><E104/><V13/><F78/><W88/><G88/><N who="0" m="53263" /><D106/><U63/><E87/><V65/><F99/><W112/><G130/><T3/><D3/><U27/><E63/><V72/><F72/><W122/><G70/><T4/><D107/><U97/><E97/><V100/><F100/><W79/><G79/><T98/><D32/><U66/><E66/><V9/><F2/><W14/><G14/><T24/><D28/><U115/><E115/><V82/><F82/><W69/><G69/><T20/><D90/><N who="1" m="55351" /><E94/><V16/><F19/><AGARI ba="0,0" hai="10,15,18,19,22,27,41,43,47,51,52" m="55351" machi="19" ten="30,3900,0" yaku="8,1,52,1,54,1" doraHai="48" who="1" fromWho="2" sc="260,0,280,39,215,-39,245,0" /><INIT seed="3,0,0,5,1,58" ten="260,319,176,245" oya="3" hai0="130,69,107,50,19,3,8,2,110,94,118,38,4" hai1="83,59,123,10,101,14,115,62,5,92,34,26,45" hai2="44,28,74,99,49,66,126,78,86,135,91,76,73" hai3="25,80,108,105,113,54,30,119,127,100,77,125,64"/><W6/><G54/><T61/><D118/><U18/><E115/><V72/><F66/><W20/><G113/><T57/><D38/><U9/><E123/><V27/><F126/><N who="3" m="48139" /><G119/><T70/><D107/><U129/><E129/><V116/><F99/><N who="3" m="61599" /><G6/><T131/><D19/><U11/><E45/><V95/><F135/><W55/><G55/><T85/><D3/><U68/><E68/><V47/><F116/><W35/><G64/><T43/><D43/><U132/><E132/><V98/><F98/><W84/><G108/><T102/><D110/><U32/><E83/><V82/><F49/><W60/><G20/><T67/><D50/><U81/><E34/><V13/><F13/><W120/><G120/><T122/><D102/><U0/><E32/><V36/><F36/><W104/><G104/><T42/><D42/><U16/><E26/><V39/><F39/><W133/><G133/><T48/><D48/><U24/><E24/><V79/><REACH who="2" step="1"/><F95/><REACH who="2" ten="260,319,166,245" step="2"/><W128/><G128/><N who="0" m="49195" /><D122/><U134/><E134/><V96/><F96/><W90/><G90/><AGARI ba="0,1" hai="2,4,8,57,61,67,69,70,85,90,94" m="49195" machi="90" ten="30,2000,0" yaku="19,1,52,1" doraHai="58" who="0" fromWho="3" sc="260,30,319,0,166,0,245,-20" /><INIT seed="4,0,0,5,2,34" ten="290,319,166,225" oya="0" hai0="134,5,74,21,30,107,62,27,91,81,98,132,0" hai1="84,47,66,10,7,22,1,109,117,118,76,101,16" hai2="89,94,15,110,3,77,24,87,70,23,33,122,126" hai3="103,44,20,8,4,12,125,51,108,50,31,112,17"/><T133/><D62/><U92/><E109/><V37/><F122/><W113/><G108/><T18/><D107/><U11/><E66/><V63/><F110/><W46/><G103/><T65/><D65/><U102/><E11/><V124/><F37/><W58/><G58/><T13/><D98/><U6/><E6/><V96/><F33/><W114/><G31/><T64/><D64/><U28/><E28/><V60/><F15/><W79/><G79/><T116/><D116/><U55/><E102/><V86/><F70/><W41/><G125/><N who="2" m="48233" /><F3/><W90/><G90/><T45/><D45/><U48/><E101/><V127/><N who="2" m="48241" /><V39/><DORA hai="115" /><F39/><W99/><G99/><T38/><D38/><U121/><E121/><V57/><F77/><W49/><REACH who="3" step="1"/><G41/><REACH who="3" ten="290,319,166,215" step="2"/><T59/><D59/><U29/><E29/><N who="2" m="17567" /><F63/><W88/><G88/><T43/><D91/><U26/><REACH who="1" step="1"/><E92/><REACH who="1" ten="290,309,166,215" step="2"/><V82/><F82/><AGARI ba="0,2" hai="1,7,10,16,22,26,47,48,55,76,82,84,117,118" machi="82" ten="40,12000,2" yaku="1,1,2,1,52,3,54,1,53,0" doraHai="34,115" doraHaiUra="105,68" who="1" fromWho="2" sc="290,0,309,140,166,-120,215,0" /><INIT seed="5,0,0,1,3,81" ten="290,449,46,215" oya="1" hai0="48,74,34,99,52,111,84,97,100,105,17,101,107" hai1="44,9,61,32,68,37,20,88,103,71,104,46,94" hai2="18,21,60,102,87,27,89,16,39,6,31,72,129" hai3="43,69,49,5,126,80,35,63,123,109,134,124,57"/><U25/><E9/><V82/><F129/><W40/><G35/><T10/><D74/><U19/><E32/><V65/><F39/><W73/><G5/><T7/><D34/><U116/><E116/><V4/><F72/><W42/><G80/><T66/><D111/><U79/><E79/><V51/><F102/><W2/><G2/><T91/><D66/><U15/><E103/><V0/><F51/><W86/><G86/><T70/><D70/><U78/><E78/><V127/><F127/><N who="3" m="48683" /><G134/><T90/><D17/><U28/><E104/><V67/><F67/><N who="3" m="41215" /><G73/><T8/><D8/><U36/><E71/><V98/><F98/><W33/><G33/><T112/><D112/><U83/><E83/><V119/><F119/><W108/><G123/><T54/><D54/><AGARI ba="0,0" hai="40,42,43,49,54,57,108,109" m="41215,48683" machi="54" ten="30,3900,0" yaku="18,1,34,2" doraHai="81" who="3" fromWho="0" sc="290,-39,449,0,46,0,215,39" /><INIT seed="6,0,0,2,5,18" ten="251,449,46,254" oya="2" hai0="78,5,45,2,49,103,37,122,46,92,59,111,120" hai1="113,11,109,118,75,74,102,24,19,95,87,71,32" hai2="82,36,68,89,44,73,123,61,41,130,9,69,99" hai3="57,85,60,126,8,53,101,90,67,97,84,76,72"/><V98/><F123/><W1/><G126/><T50/><D37/><U121/><E109/><V62/><F130/><W105/><G85/><T42/><D78/><U64/><E118/><V104/><F9/><W34/><G34/><T4/><D111/><U77/><E113/><V91/><F99/><W116/><G116/><T128/><D59/><U17/><E102/><V96/><F98/><W40/><G40/><T81/><D81/><U15/><E64/><V43/><F43/><W20/><G8/><T134/><D134/><U133/><E71/><V21/><F69/><W117/><G1/><T110/><D110/><U33/><E133/><V47/><F47/><W100/><G100/><T129/><D42/><U31/><E33/><V51/><F36/><W125/><G125/><T52/><D103/><U114/><E114/><V23/><F91/><W131/><G131/><T70/><D70/><U55/><E121/><V112/><F112/><W35/><G35/><T115/><D115/><U22/><E55/><V63/><F68/><W124/><G124/><T12/><D12/><U56/><E56/><V106/><F73/><W13/><G72/><T94/><D2/><U108/><E108/><V7/><F7/><W3/><G3/><T39/><D39/><U79/><E79/><V14/><F14/><W58/><G76/><T0/><D0/><U25/><E77/><V86/><REACH who="2" step="1"/><F96/><REACH who="2" ten="251,449,36,254" step="2"/><W66/><G117/><T26/><D26/><U80/><E75/><V83/><F83/><N who="3" m="49439" /><G58/><T27/><D27/><U10/><E74/><V30/><F30/><W88/><G88/><T65/><D65/><RYUUKYOKU ba="0,1" sc="251,10,449,-30,36,10,254,10" hai0="4,5,45,46,49,50,52,92,94,120,122,128,129" hai2="21,23,41,44,51,61,62,63,82,86,89,104,106" hai3="13,20,53,57,60,66,67,97,101,105" /><INIT seed="6,1,1,3,4,68" ten="261,419,46,264" oya="2" hai0="72,6,0,41,77,111,36,78,58,123,121,59,28" hai1="69,26,92,13,2,125,9,98,42,95,15,47,39" hai2="130,43,8,34,88,22,79,16,73,108,100,96,29" hai3="82,37,81,54,112,133,106,52,33,45,71,135,74"/><V113/><F34/><W127/><G106/><T14/><D111/><U35/><E69/><V134/><F108/><W25/><G71/><T114/><D14/><U57/><E125/><V89/><F43/><N who="3" m="22767" /><G127/><T64/><D114/><U110/><E110/><V12/><F113/><W124/><G124/><T115/><D28/><U70/><E70/><V46/><F46/><W65/><G65/><T50/><D115/><U19/><E57/><N who="0" m="21513" /><D50/><U60/><E60/><V56/><F134/><N who="3" m="51211" /><G112/><T90/><D78/><U80/><E80/><N who="3" m="30826" /><G74/><T116/><D64/><U61/><E61/><V20/><F79/><W67/><G67/><T97/><D72/><U53/><E53/><V126/><F73/><W129/><G129/><T131/><D77/><U24/><E2/><V102/><F126/><W76/><G76/><T75/><D75/><U4/><E35/><V63/><F130/><W10/><G10/><N who="0" m="2375" /><D131/><U31/><E31/><AGARI ba="1,1" hai="25,31,33,52,54" m="30826,51211,22767" machi="31" ten="30,3900,0" yaku="20,1,52,1,54,1" doraHai="68" who="3" fromWho="1" sc="261,0,419,-42,46,0,264,52" /><INIT seed="7,0,0,4,5,14" ten="261,377,46,316" oya="3" hai0="129,118,76,57,96,112,7,16,91,94,6,84,54" hai1="108,53,34,110,83,72,133,4,101,103,13,48,10" hai2="128,111,104,61,62,27,52,29,20,3,44,134,119" hai3="17,98,120,126,18,71,24,127,64,58,125,105,38"/><W67/><G120/><T45/><D118/><U68/><E68/><V49/><F29/><W99/><G38/><T0/><D0/><U109/><E34/><V95/><F27/><W22/><G71/><T56/><D112/><U41/><E41/><V12/><F20/><N who="3" m="13327" /><G58/><T63/><D129/><U89/><E133/><V116/><F12/><N who="3" m="9543" /><G99/><T79/><D45/><U106/><E106/><V87/><F95/><W33/><G33/><T132/><D132/><U32/><E32/><V74/><F87/><W97/><G97/><T43/><D43/><U36/><E36/><V88/><F88/><W78/><G78/><N who="0" m="29739" /><D57/><U59/><E72/><V46/><F52/><W113/><G113/><T86/><D86/><U65/><E65/><V130/><F49/><W70/><G70/><T73/><D73/><U92/><E83/><V26/><F62/><W107/><G107/><T80/><D80/><U8/><E8/><V135/><F61/><W85/><G85/><T25/><D84/><U40/><E40/><V81/><F81/><W93/><G105/><T19/><D19/><U15/><E15/><V39/><F46/><W9/><G9/><T117/><D117/><U30/><E30/><V1/><F44/><W77/><G77/><T114/><D114/><U82/><E82/><V23/><F23/><AGARI ba="0,0" hai="6,7,16,23,25,54,56,63,91,94,96" m="29739" machi="23" ten="30,7700,0" yaku="25,1,8,1,52,1,54,1" doraHai="14" who="0" fromWho="2" sc="261,77,377,0,46,-77,316,0" owari="338,14.0,377,47.0,-31,-53.0,316,-8.0" /></mjloggm>