<mjloggm ver="2.3"><GO type="41" lobby="0"/><UN n0="%47%55%54" n1="%E3%81%9F%E3%81%8B%E3%81%9F%E3%81%8B%E3%81%9F%30%30%37" n2="%E2%93%9D%53%75%70%68%78" n3="%E3%83%AA%E3%83%BC%E3%83%81%E8%A3%8F%33%E8%B6%85%E4%BA%BA" dan="14,15,18,14" rate="1942.42,1998.03,2123.45,1925.72" sx="M,M,M,M"/><TAIKYOKU oya="0"/><INIT seed="0,0,0,1,1,106" ten="250,250,250,250" oya="0" hai0="38,126,104,91,59,25,9,50,43,5,16,84,49" hai1="61,87,42,125,31,34,108,76,82,107,64,100,77" hai2="10,75,52,86,11,109,35,2,92,3,90,73,48" hai3="133,113,120,57,103,74,44,12,68,83,115,94,29"/><T63/><D104/><U124/><E42/><V99/><F35/><W17/><G68/><T6/><D38/><U20/><E108/><V72/><F109/><W19/><G133/><T32/><D32/><U22/><E77/><V135/><F135/><W4/><G29/><T37/><D37/><U27/><E22/><V18/><F99/><W89/><G103/><T112/><D112/><U53/><E53/><V13/><REACH who="2" step="1"/><F11/><REACH who="2" ten="250,250,240,250" step="2"/><W118/><G113/><T119/><D119/><U56/><E34/><V98/><F98/><W47/><G115/><T116/><D116/><U88/><REACH who="1" step="1"/><E76/><REACH who="1" ten="250,240,240,250" step="2"/><V122/><F122/><W110/><G120/><T71/><D126/><U51/><E51/><V97/><F97/><AGARI ba="0,2" hai="20,27,31,56,61,64,82,87,88,97,100,107,124,125" machi="97" ten="40,2600,0" yaku="1,1,54,1,53,0" doraHai="106" doraHaiUra="129" who="1" fromWho="2" sc="250,0,240,46,240,-26,250,0" /><INIT seed="1,0,0,1,2,24" ten="250,286,214,250" oya="1" hai0="12,106,45,105,63,65,95,22,4,79,53,35,62" hai1="47,109,28,114,116,30,100,64,72,111,135,113,119" hai2="0,121,25,6,107,123,43,7,129,76,104,54,61" hai3="42,131,122,15,33,96,26,49,50,23,126,60,98"/><U18/><E72/><V55/><F25/><W32/><G122/><T40/><D35/><U5/><E64/><V39/><F43/><W86/><G131/><T112/><D112/><N who="1" m="43115" /><E100/><V13/><F13/><W93/><G126/><T99/><D79/><U14/><E47/><V8/><F76/><W120/><G120/><T48/><D40/><U94/><E94/><V57/><F129/><W128/><G128/><T82/><D82/><U71/><E5/><V127/><F127/><W31/><G86/><T97/><D97/><U19/><E71/><V16/><F57/><W115/><G115/><T117/><D117/><N who="1" m="45131" /><E135/><V84/><F84/><W125/><G125/><T10/><D62/><U59/><E59/><V102/><F61/><W80/><G80/><T78/><D78/><U9/><E18/><V67/><F16/><W89/><G98/><T46/><D46/><U101/><E101/><V91/><F102/><W77/><G77/><T27/><D95/><U134/><E134/><V69/><F69/><W21/><G60/><T66/><D99/><U58/><E58/><V51/><F123/><W75/><G75/><T29/><D66/><U90/><E90/><V85/><F121/><W83/><G83/><T81/><D81/><U124/><E124/><V88/><F67/><W108/><G42/><T11/><D11/><U92/><E92/><V56/><F85/><W52/><G50/><T36/><D36/><U87/><E87/><V73/><F39/><W3/><G96/><T38/><D38/><U74/><E74/><V110/><F73/><W133/><G93/><T70/><AGARI ba="0,0" hai="4,10,12,22,27,29,45,48,53,63,65,70,105,106" machi="70" ten="20,5200,0" yaku="5,1,0,1,7,1,52,1" doraHai="24" who="0" fromWho="0" sc="250,52,286,-26,214,-13,250,-13" /><INIT seed="2,0,0,4,0,82" ten="302,260,201,237" oya="2" hai0="14,15,94,77,70,79,3,55,42,98,32,23,60" hai1="13,67,103,4,6,39,127,41,1,54,12,134,73" hai2="24,115,76,74,31,21,106,19,111,52,43,100,126" hai3="89,50,99,84,48,90,63,59,35,34,86,30,0"/><V58/><F115/><W53/><G0/><T118/><D3/><U88/><E73/><V109/><F43/><W7/><G7/><T113/><D32/><U124/><E67/><V72/><F126/><W83/><G99/><T114/><D118/><U40/><E103/><V75/><F76/><W46/><G30/><T64/><D42/><U10/><E54/><V33/><F100/><W91/><G50/><T37/><D37/><U97/><E134/><V107/><F31/><W26/><G26/><T129/><D55/><U95/><E1/><V128/><F128/><W20/><G20/><T68/><D129/><U66/><E66/><V25/><F25/><W44/><G44/><T133/><D133/><U2/><E2/><V8/><F8/><W78/><REACH who="3" step="1"/><G86/><REACH who="3" ten="302,260,201,227" step="2"/><T57/><D113/><U93/><E97/><V18/><F18/><W38/><G38/><T92/><D114/><U119/><E39/><V121/><F33/><W116/><G116/><T123/><D15/><U117/><E10/><V102/><F121/><W27/><G27/><T132/><D132/><U130/><E130/><V101/><F101/><W96/><G96/><T45/><D45/><U9/><E9/><V87/><F87/><W110/><G110/><N who="2" m="41993" /><F102/><W105/><G105/><T104/><D123/><U36/><E36/><V61/><AGARI ba="0,1" hai="19,21,24,52,58,61,72,74,75,106,107" m="41993" machi="61" ten="40,7800,0" yaku="14,1,10,1,54,1" doraHai="82" who="2" fromWho="2" sc="302,-26,260,-26,201,88,227,-26" /><INIT seed="2,1,0,4,4,0" ten="276,234,289,201" oya="2" hai0="134,37,83,77,113,119,114,124,88,52,97,15,87" hai1="51,20,105,115,22,81,57,36,132,102,110,67,109" hai2="54,76,66,38,25,14,49,95,127,128,96,34,64" hai3="35,72,3,92,61,69,28,78,4,48,122,121,40"/><V31/><F38/><W18/><G72/><T60/><D37/><U6/><E36/><V7/><F127/><W131/><G78/><T104/><D124/><U71/><E115/><V123/><F128/><W47/><G131/><T10/><D119/><U107/><E71/><V9/><F76/><W74/><G74/><T30/><D30/><U39/><E39/><V56/><REACH who="2" step="1"/><F123/><REACH who="2" ten="276,234,279,201" step="2"/><W125/><G125/><T24/><D134/><U75/><E75/><V103/><AGARI ba="1,1" hai="7,9,14,25,31,34,49,54,56,64,66,95,96,103" machi="103" ten="20,12000,1" yaku="1,1,2,1,0,1,7,1,52,1,53,0" doraHai="0" doraHaiUra="112" who="2" fromWho="2" sc="276,-41,234,-41,279,133,201,-41" /><INIT seed="2,2,0,3,0,1" ten="235,193,412,160" oya="2" hai0="93,42,104,105,79,77,20,14,112,27,18,108,88" hai1="6,63,44,78,66,113,49,19,127,53,48,121,125" hai2="54,3,131,30,10,15,62,89,40,120,71,11,75" hai3="55,35,96,22,133,95,101,7,17,85,81,124,59"/><V52/><F120/><W5/><G133/><T45/><D104/><U98/><E121/><V116/><F116/><W36/><G35/><T92/><D105/><U41/><E113/><V73/><F40/><W109/><G109/><T134/><D108/><U58/><E19/><V106/><F131/><W47/><G47/><T38/><D134/><U115/><E78/><V25/><F106/><W132/><G36/><T76/><D112/><U107/><E115/><V130/><F3/><W29/><G29/><T65/><D65/><U39/><E6/><V94/><F11/><W123/><G124/><N who="1" m="47690" /><E98/><V4/><F130/><W50/><G123/><T111/><D111/><U56/><E107/><V8/><F8/><W46/><G46/><T74/><D74/><U87/><E87/><V43/><F75/><W128/><G128/><T72/><D72/><U86/><E86/><V21/><F73/><W84/><G84/><T83/><D83/><U99/><E99/><V118/><F118/><W69/><G69/><T67/><D88/><U34/><E34/><V60/><F71/><W61/><G61/><AGARI ba="2,0" hai="39,41,44,48,49,53,56,58,61,63,66" m="47690" machi="61" ten="30,3900,0" yaku="18,1,34,2" doraHai="1" who="1" fromWho="3" sc="235,0,193,45,412,0,160,-45" /><INIT seed="3,0,0,3,4,87" ten="235,238,412,115" oya="3" hai0="101,63,105,133,20,80,53,100,77,122,67,91,62" hai1="38,130,84,124,123,3,17,134,43,14,21,28,51" hai2="41,108,35,12,98,92,102,54,110,99,107,6,90" hai3="113,120,2,76,47,15,19,115,118,81,39,129,42"/><W50/><G118/><T32/><D32/><U132/><E38/><V24/><F41/><W37/><G120/><T52/><D122/><U125/><E123/><V70/><F70/><W126/><G126/><N who="1" m="48746" /><E84/><V95/><F54/><N who="0" m="21098" /><D105/><U96/><E96/><V93/><F12/><W16/><G129/><T18/><D77/><U46/><E130/><V69/><F6/><W127/><G127/><T34/><D34/><U121/><E121/><V117/><F69/><W4/><G19/><T0/><D0/><U26/><E3/><V104/><F117/><W11/><G39/><T78/><D78/><U13/><E13/><V85/><F24/><W44/><G44/><T94/><D80/><U88/><E88/><N who="2" m="53263" /><F35/><AGARI ba="0,0" hai="14,17,21,26,28,35,43,46,51,132,134" m="48746" machi="35" ten="30,1000,0" yaku="18,1" doraHai="87" who="1" fromWho="2" sc="235,0,238,10,412,-10,115,0" /><INIT seed="4,0,0,1,5,91" ten="235,248,402,115" oya="0" hai0="30,4,53,107,0,38,116,119,72,14,46,79,11" hai1="103,106,131,25,86,110,111,39,3,50,58,128,90" hai2="16,64,32,56,54,89,51,7,130,77,118,134,87" hai3="101,124,31,81,88,28,123,65,68,19,75,76,112"/><T132/><D107/><U78/><E39/><V42/><F32/><W8/><G112/><T34/><D53/><N who="1" m="32055" /><E3/><V133/><F130/><N who="1" m="49705" /><E78/><V70/><F118/><W24/><G124/><T27/><D14/><U108/><E103/><V109/><F109/><W74/><G123/><T45/><D45/><U83/><E25/><V104/><F77/><W93/><G101/><T96/><D96/><U36/><E36/><V41/><F41/><W37/><G37/><T23/><D23/><U95/><E106/><V113/><F42/><W71/><G75/><T9/><D9/><U63/><E63/><V85/><F104/><W6/><G19/><T55/><D55/><U57/><E57/><V1/><F56/><W17/><G17/><T60/><D60/><U102/><E102/><V115/><F16/><W10/><G65/><T122/><D122/><U105/><E105/><V125/><F64/><W99/><G10/><T2/><D2/><U67/><E67/><V13/><F54/><W73/><G73/><T84/><D84/><U12/><E12/><V15/><F87/><W29/><REACH who="3" step="1"/><G24/><REACH who="3" ten="235,248,402,105" step="2"/><T121/><D121/><U135/><E135/><V114/><F134/><W22/><G22/><T40/><D132/><U5/><E5/><V98/><F7/><W82/><G82/><AGARI ba="0,1" hai="82,83,86,90,95,108,110,111" m="49705,32055" machi="82" ten="40,2600,0" yaku="19,1,52,1" doraHai="91" who="1" fromWho="3" sc="235,0,248,36,402,0,105,-26" /><INIT seed="5,0,0,2,3,35" ten="235,284,402,79" oya="1" hai0="115,17,86,14,41,100,113,54,128,38,50,30,110" hai1="58,51,130,18,97,98,59,34,5,71,95,16,92" hai2="64,48,119,39,135,68,103,53,96,94,89,33,36" hai3="106,79,107,0,62,29,102,27,26,112,93,19,55"/><U123/><E123/><V1/><F119/><W121/><G121/><T56/><D30/><U80/><E34/><V74/><F74/><W90/><G79/><T120/><D110/><U109/><E109/><V52/><F1/><W10/><G112/><T25/><D120/><U131/><E80/><V44/><F135/><W67/><G55/><T105/><D25/><U42/><E51/><V3/><F3/><W82/><G82/><T2/><D86/><U81/><E81/><V87/><F33/><W63/><G63/><T127/><D128/><U101/><E5/><V43/><F64/><W61/><G61/><T99/><D127/><U15/><E42/><V21/><F68/><W129/><G129/><N who="1" m="49162" /><E71/><V57/><F21/><W32/><G102/><T28/><D28/><U23/><E18/><V118/><F118/><W117/><G117/><T78/><D78/><U46/><E46/><V85/><F39/><W88/><G90/><AGARI ba="0,0" hai="15,16,23,58,59,90,92,95,97,98,101" m="49162" machi="90" ten="30,2900,0" yaku="19,1,54,1" doraHai="35" who="1" fromWho="3" sc="235,0,284,29,402,0,79,-29" /><INIT seed="5,1,0,0,5,6" ten="235,313,402,50" oya="1" hai0="121,135,75,83,52,94,98,3,118,0,46,45,111" hai1="89,129,115,28,56,107,44,116,105,17,62,23,22" hai2="64,114,95,11,73,24,68,72,88,50,117,51,29" hai3="13,96,47,123,15,12,37,126,60,48,131,14,99"/><U93/><E116/><V71/><F117/><W20/><G123/><T18/><D75/><U92/><E129/><V85/><F114/><W59/><G131/><T130/><D118/><U32/><E32/><V69/><F64/><W67/><G37/><T87/><D130/><U25/><E115/><V21/><REACH who="2" step="1"/><F11/><REACH who="2" ten="235,313,392,50" step="2"/><W33/><G126/><T36/><D111/><U53/><E44/><V78/><F78/><W54/><G33/><T91/><D121/><U5/><E5/><V81/><F81/><W120/><G120/><T134/><D36/><U1/><E1/><V132/><F132/><N who="0" m="50730" /><D3/><U10/><E10/><V133/><F133/><W55/><N who="3" m="3072" /><DORA hai="49" /><W122/><G122/><T79/><D0/><U74/><E74/><AGARI ba="1,1" hai="21,24,29,50,51,68,69,71,72,73,74,85,88,95" machi="74" ten="50,12000,2" yaku="1,1,54,1,53,4" doraHai="6,49" doraHaiUra="104,90" who="2" fromWho="1" sc="235,0,313,-123,392,133,50,0" /><INIT seed="6,0,0,2,1,10" ten="235,190,525,50" oya="2" hai0="40,99,2,27,16,17,24,34,32,94,122,75,33" hai1="98,66,31,89,7,14,11,49,67,95,120,0,50" hai2="22,63,81,52,57,117,41,128,30,60,1,77,58" hai3="79,83,54,121,55,131,134,88,133,45,76,90,102"/><V118/><F1/><W5/><G121/><T38/><D75/><U126/><E120/><V96/><F128/><W82/><G102/><T86/><D122/><U84/><E126/><V9/><F41/><W6/><REACH who="3" step="1"/><G45/><REACH who="3" ten="235,190,525,40" step="2"/><T56/><D2/><U111/><E0/><V65/><F118/><W123/><G123/><T132/><D132/><U28/><E111/><V21/><F117/><W101/><G101/><T78/><D38/><U3/><E3/><V42/><F58/><W68/><G68/><T70/><D70/><U51/><E98/><V135/><F57/><W43/><G43/><T74/><D40/><U53/><E53/><V109/><F52/><W129/><AGARI ba="0,1" hai="5,6,54,55,76,79,82,83,88,90,129,131,133,134" machi="129" ten="25,8000,1" yaku="1,1,0,1,22,2,54,1,53,0" doraHai="10" doraHaiUra="12" who="3" fromWho="3" sc="235,-20,190,-20,525,-40,40,90" /><INIT seed="7,0,0,5,4,39" ten="215,170,485,130" oya="3" hai0="98,117,124,107,60,64,29,89,123,63,18,88,20" hai1="4,45,70,25,56,7,42,101,6,103,0,73,104" hai2="94,86,84,75,114,53,90,10,31,93,80,121,67" hai3="112,1,40,27,120,23,44,59,87,52,81,30,130"/><W47/><G120/><T78/><D29/><U82/><E70/><V133/><F114/><W77/><G112/><T106/><D123/><U128/><E0/><V21/><F133/><W99/><G130/><T105/><D78/><U58/><E128/><V74/><F67/><W28/><G1/><T48/><D117/><U57/><E104/><V66/><F66/><W76/><G99/><T22/><D98/><U92/><E92/><V55/><F10/><W50/><G47/><T43/><D124/><U132/><E132/><V113/><F21/><W19/><REACH who="3" step="1"/><G77/><REACH who="3" ten="215,170,485,120" step="2"/><T17/><D64/><U95/><E95/><V131/><F113/><W110/><G110/><T102/><D106/><U32/><E73/><V126/><F75/><W54/><G54/><T85/><D85/><U14/><E82/><V5/><F74/><W11/><G11/><T26/><D105/><U129/><E129/><V9/><F121/><W13/><G13/><T36/><D107/><U91/><E14/><V49/><F131/><W111/><G111/><T51/><D26/><U2/><E2/><V127/><F55/><W34/><G34/><T100/><D36/><AGARI ba="0,1" hai="19,23,27,28,30,36,40,44,50,52,59,76,81,87" machi="36" ten="30,12000,1" yaku="1,1,7,1,52,1,54,1,53,1" doraHai="39" doraHaiUra="68" who="3" fromWho="0" sc="215,-120,170,0,485,0,120,130" /><INIT seed="7,1,0,4,3,15" ten="95,170,485,250" oya="3" hai0="43,80,59,36,7,102,19,8,128,134,31,135,16" hai1="133,121,129,22,108,52,99,106,38,3,48,69,84" hai2="30,32,1,27,77,94,127,35,11,6,70,91,119" hai3="71,89,13,87,131,123,25,34,51,86,132,103,95"/><W37/><G123/><T28/><D102/><U101/><E121/><V55/><F127/><W14/><G37/><T75/><D59/><U2/><E108/><V49/><F119/><W53/><G71/><T81/><D128/><U20/><E129/><V85/><F77/><W114/><G131/><T105/><D105/><U24/><E38/><V124/><F124/><W96/><G114/><T66/><D66/><U76/><E133/><N who="0" m="50697" /><D31/><U23/><E69/><V60/><F60/><W117/><G117/><T78/><D28/><U33/><E24/><V88/><F91/><W93/><G132/><T68/><D68/><U12/><E33/><V92/><F70/><W72/><G34/><T120/><D120/><U39/><E39/><V118/><F35/><W64/><G64/><T115/><D115/><U109/><E109/><V45/><F118/><W126/><G126/><T61/><D61/><U100/><E100/><V113/><F113/><W18/><G87/><T65/><D65/><U29/><E29/><V62/><F62/><W0/><G72/><T26/><D26/><U21/><N who="1" m="5120" /><DORA hai="5" /><U130/><E130/><V79/><F79/><W107/><G107/><T4/><D81/><AGARI ba="1,0" hai="1,6,11,27,30,32,45,49,55,81,85,88,92,94" machi="81" ten="30,3900,0" yaku="7,1,52,1,54,1" doraHai="15,5" who="2" fromWho="0" sc="95,-42,170,0,485,42,250,0" owari="53,-45.0,170,-23.0,527,63.0,250,5.0" /></mjloggm>