<mjloggm ver="2.3"><GO type="41" lobby="0"/><UN n0="%73%68%69%66%74" n1="%E3%81%A1%E3%82%87%E3%81%84%E3%81%A1%E3%82%87%E3%81%84" n2="%E3%83%95%E3%82%A9%E3%83%BC%E3%83%9D%E3%82%A4%E3%83%B3%E3%83%88" n3="%E2%93%9D%53%75%70%68%78" dan="13,15,13,18" rate="1845.07,1955.72,1866.85,2101.33" sx="F,F,M,M"/><TAIKYOKU oya="0"/><INIT seed="0,0,0,1,1,132" ten="250,250,250,250" oya="0" hai0="33,9,95,116,128,18,123,42,72,3,21,65,43" hai1="0,98,11,41,17,99,79,39,49,19,125,120,51" hai2="74,36,59,1,106,5,114,130,103,85,68,119,69" hai3="78,89,40,134,124,100,54,24,70,46,105,23,90"/><T25/><D116/><U52/><E120/><V87/><F119/><W29/><G70/><T117/><D117/><U126/><E79/><V60/><F114/><W101/><G134/><T133/><D133/><U84/><E39/><V131/><F74/><W48/><G78/><T76/><D123/><U75/><E75/><V32/><F32/><W127/><G40/><T91/><D128/><U30/><E84/><V63/><F36/><W55/><G55/><T93/><D65/><U92/><E30/><V82/><F1/><W8/><G8/><T37/><D33/><U94/><E41/><V107/><F5/><W112/><G112/><T129/><D129/><U20/><E0/><V13/><F13/><W47/><G47/><N who="0" m="24015" /><D91/><N who="3" m="34825" /><G105/><T135/><D43/><U57/><E11/><V97/><F107/><W58/><G46/><T10/><D10/><U118/><E118/><V12/><F12/><W83/><G83/><N who="0" m="45447" /><D135/><U73/><E73/><V26/><F130/><W14/><G14/><T34/><D34/><U61/><E61/><V4/><F131/><W115/><G115/><T77/><D77/><U27/><E49/><V16/><F63/><W45/><G45/><T96/><D96/><N who="1" m="36907" /><E17/><V56/><F16/><W102/><G102/><T111/><D111/><U22/><E20/><V66/><F103/><W7/><G7/><AGARI ba="0,0" hai="3,7,9,18,21,25,93,95" m="45447,24015" machi="7" ten="30,1500,0" yaku="25,1" doraHai="132" who="0" fromWho="3" sc="250,15,250,0,250,0,250,-15" /><INIT seed="0,1,0,0,0,62" ten="265,250,250,235" oya="0" hai0="83,101,106,52,71,44,31,78,73,119,22,58,16" hai1="134,21,89,26,2,18,65,125,69,124,23,126,25" hai2="99,100,131,92,88,63,132,94,41,66,36,42,76" hai3="127,7,47,60,117,107,123,98,61,27,1,28,109"/><T115/><D119/><U29/><E134/><V43/><F36/><W118/><G109/><T121/><D115/><U74/><E74/><V110/><F132/><W10/><G127/><T122/><D71/><U57/><E2/><V80/><F110/><W120/><G61/><T46/><D31/><U82/><E69/><V20/><F131/><W9/><G47/><T19/><D44/><U86/><E57/><V70/><F20/><W129/><G60/><T3/><D3/><U97/><E97/><V67/><F67/><AGARI ba="1,0" hai="18,21,23,25,26,29,65,67,82,86,89,124,125,126" machi="67" ten="40,5200,0" yaku="18,1,52,2" doraHai="62" who="1" fromWho="2" sc="265,0,250,55,250,-55,235,0" /><INIT seed="1,0,0,3,4,94" ten="265,305,195,235" oya="1" hai0="113,43,84,135,76,13,80,95,106,91,3,116,129" hai1="51,75,5,46,119,54,131,100,121,83,90,53,17" hai2="58,66,81,125,77,45,34,70,89,65,118,23,31" hai3="1,78,21,86,64,12,61,72,52,41,102,107,55"/><U38/><E121/><V69/><F118/><W114/><G1/><T123/><D116/><U22/><E119/><V96/><F34/><W122/><G72/><T115/><D123/><U11/><E38/><V36/><F125/><W99/><G114/><T128/><D3/><U79/><E131/><N who="0" m="50249" /><D43/><U117/><E117/><V2/><F2/><W111/><G111/><T35/><D35/><U82/><E100/><V7/><F7/><W28/><G41/><T103/><D13/><U112/><E112/><V6/><F6/><W68/><G122/><T26/><D26/><U126/><E126/><V10/><F10/><W19/><REACH who="3" step="1"/><G28/><REACH who="3" ten="265,305,195,225" step="2"/><T105/><D135/><U104/><E75/><V18/><F31/><W37/><G37/><T93/><D113/><U88/><E5/><V71/><F36/><W63/><G63/><T24/><D115/><U42/><E11/><V109/><F109/><W14/><G14/><T25/><D25/><U130/><E42/><V59/><F18/><W92/><G92/><T74/><D24/><U57/><E104/><V67/><F71/><W8/><G8/><T97/><AGARI ba="0,1" hai="74,76,80,84,91,93,95,97,103,105,106" m="50249" machi="97" ten="30,7900,0" yaku="19,1,34,2,52,1" doraHai="94" who="0" fromWho="0" sc="265,89,305,-39,195,-20,225,-20" /><INIT seed="2,0,0,5,2,95" ten="354,266,175,205" oya="2" hai0="94,133,25,56,68,70,37,30,77,99,81,87,18" hai1="61,7,74,29,123,107,62,44,86,46,66,45,28" hai2="59,71,23,117,34,134,35,58,49,47,13,131,69" hai3="80,67,128,135,115,31,129,82,40,96,72,3,63"/><V15/><F117/><W20/><G3/><T55/><D37/><U11/><E74/><V92/><F134/><W39/><G135/><T26/><D133/><U1/><E107/><V78/><F78/><W125/><G125/><T112/><D112/><U6/><E123/><V16/><F131/><W38/><G40/><T27/><D18/><U22/><E7/><V42/><F71/><W79/><G82/><T36/><D36/><U88/><E22/><V109/><F69/><W76/><G76/><T75/><D75/><U116/><E116/><V0/><F0/><W106/><G115/><T50/><REACH who="0" step="1"/><D30/><REACH who="0" ten="344,266,175,205" step="2"/><U83/><REACH who="1" step="1"/><E62/><REACH who="1" ten="344,256,175,205" step="2"/><V124/><F124/><W98/><G63/><T97/><D97/><U9/><E9/><V17/><F109/><W54/><G98/><T119/><D119/><U126/><E126/><V48/><F17/><W120/><G96/><T4/><D4/><U41/><E41/><V24/><F42/><W104/><G129/><T2/><D2/><U65/><E65/><V14/><F16/><W53/><G67/><T60/><D60/><U8/><E8/><V84/><F84/><W32/><G72/><T21/><D21/><U108/><E108/><V113/><F23/><W52/><G128/><T85/><D85/><U43/><E43/><V111/><F111/><W64/><G64/><T5/><D5/><U122/><E122/><V132/><F132/><W12/><G120/><T57/><D57/><AGARI ba="0,2" hai="1,6,11,28,29,44,45,46,57,61,66,83,86,88" machi="57" ten="40,2600,0" yaku="1,1,54,1,53,0" doraHai="95" doraHaiUra="110" who="1" fromWho="0" sc="344,-26,256,46,175,0,205,0" /><INIT seed="3,0,0,3,2,7" ten="318,302,175,205" oya="3" hai0="69,49,122,61,5,22,132,24,103,59,25,8,39" hai1="72,94,54,11,42,36,87,50,106,14,107,71,134" hai2="23,26,83,27,20,124,2,43,60,109,88,66,99" hai3="51,0,10,89,100,3,86,111,118,40,93,1,55"/><W9/><G118/><T125/><D122/><U97/><E72/><V68/><F109/><W30/><G111/><T82/><D39/><U33/><E71/><V29/><F124/><W67/><G40/><T13/><D125/><U77/><E33/><V112/><F112/><W34/><G67/><T135/><D69/><U117/><E117/><V28/><F2/><W128/><G128/><T19/><D49/><U123/><E36/><V57/><F43/><W32/><G100/><T129/><D129/><U98/><E42/><V108/><F108/><W64/><G64/><T16/><D82/><U70/><E70/><V101/><F68/><W38/><G38/><T79/><D79/><U95/><E134/><N who="0" m="51241" /><D103/><U37/><E37/><V31/><F83/><W58/><REACH who="3" step="1"/><G30/><REACH who="3" ten="318,302,175,195" step="2"/><N who="0" m="17687" /><D25/><U46/><E123/><V63/><F31/><W104/><G104/><T62/><D62/><U116/><E116/><V41/><F63/><W52/><G52/><AGARI ba="0,1" hai="5,8,13,16,19,52,59,61" m="17687,51241" machi="52" ten="30,7700,0" yaku="20,1,52,1,54,2" doraHai="7" who="0" fromWho="3" sc="318,87,302,0,175,0,195,-77" /><INIT seed="4,0,0,2,3,119" ten="405,302,175,118" oya="0" hai0="16,98,20,122,51,134,8,52,46,132,68,45,85" hai1="121,15,7,31,103,3,33,47,30,6,62,102,97" hai2="108,0,127,128,26,64,86,84,77,34,123,109,59" hai3="120,18,57,135,82,100,70,125,24,50,95,112,14"/><T91/><D68/><U133/><E133/><N who="0" m="51305" /><D98/><U88/><E121/><V67/><F0/><W37/><G112/><T81/><D122/><U104/><E3/><V93/><F123/><W124/><G37/><T22/><D45/><U49/><E62/><V72/><F72/><W63/><G70/><T43/><D43/><U71/><E71/><V54/><F128/><W58/><G24/><T5/><D5/><N who="1" m="1547" /><E33/><V113/><F127/><W29/><G58/><T89/><D89/><U94/><E104/><V66/><F113/><W9/><G50/><T99/><D99/><U55/><E15/><AGARI ba="0,0" hai="8,15,16,20,22,46,51,52,81,85,91" m="51305" machi="15" ten="30,11600,0" yaku="25,1,20,1,54,2" doraHai="119" who="0" fromWho="1" sc="405,116,302,-116,175,0,118,0" /><INIT seed="4,1,0,4,5,133" ten="521,186,175,118" oya="0" hai0="134,32,31,113,45,22,36,84,77,80,70,20,131" hai1="71,102,112,66,15,111,96,56,50,114,2,69,62" hai2="3,8,16,98,19,129,43,115,132,11,67,24,40" hai3="46,85,28,38,9,47,30,39,27,29,122,106,65"/><T94/><D134/><U88/><E2/><V97/><F132/><W58/><G106/><T21/><D113/><N who="1" m="43627" /><E111/><V25/><F115/><W120/><G27/><T51/><D131/><U6/><E50/><V35/><F129/><W105/><G105/><T41/><D70/><U73/><E73/><V75/><F75/><W125/><G9/><T78/><D36/><N who="3" m="13865" /><G85/><T81/><D84/><U48/><E48/><V82/><F82/><W101/><G101/><T68/><D51/><U13/><E102/><V92/><F92/><W49/><G125/><T110/><D80/><U121/><E121/><N who="3" m="46698" /><G49/><T124/><D124/><U60/><E6/><V53/><F35/><W44/><G58/><T37/><D32/><U12/><E60/><V52/><F3/><W59/><G59/><T5/><D5/><U126/><E126/><V109/><REACH who="2" step="1"/><F67/><AGARI ba="1,0" hai="28,29,30,44,46,47,65,67" m="46698,13865" machi="67" ten="40,5200,0" yaku="28,2,13,1" doraHai="133" who="3" fromWho="2" sc="521,0,186,0,175,-55,118,55" /><INIT seed="5,0,0,1,1,85" ten="521,186,120,173" oya="1" hai0="122,82,119,106,49,103,64,121,120,110,108,113,74" hai1="86,115,67,9,26,51,47,68,128,131,70,42,46" hai2="7,34,126,88,15,24,105,32,73,37,52,135,39" hai3="40,78,101,4,60,25,102,107,134,76,81,127,31"/><U100/><E100/><V111/><F111/><N who="0" m="42538" /><D119/><U112/><E26/><V0/><F0/><W83/><G134/><T43/><D113/><N who="1" m="43595" /><E9/><V71/><F135/><W96/><G40/><T95/><D64/><U33/><E33/><V84/><F105/><W59/><G127/><T61/><D106/><U92/><E67/><V29/><F71/><N who="1" m="27177" /><E92/><V63/><F34/><W50/><G4/><T132/><D103/><U58/><E86/><V19/><F73/><W6/><G6/><T69/><D74/><U118/><E118/><V17/><F7/><W75/><G102/><T5/><D5/><U18/><E18/><V27/><F27/><W23/><G75/><T116/><D95/><U21/><E21/><V36/><F126/><W98/><G107/><T93/><D93/><U53/><E47/><V2/><F2/><W1/><G101/><T114/><D116/><U65/><E65/><V77/><F77/><W99/><G78/><T79/><D79/><U3/><E3/><V125/><F125/><W41/><G76/><T109/><D109/><U57/><E57/><V123/><F123/><W94/><G1/><T20/><D114/><U44/><E44/><V56/><REACH who="2" step="1"/><F15/><REACH who="2" ten="521,186,110,173" step="2"/><W124/><G124/><T80/><D69/><U91/><E91/><V130/><F130/><W48/><G25/><T97/><D120/><U104/><E104/><V12/><F12/><W62/><G99/><T89/><D121/><U129/><E129/><V54/><F54/><W72/><G98/><T38/><D89/><U13/><E13/><V22/><F22/><W14/><G23/><T28/><D20/><RYUUKYOKU ba="0,1" sc="521,-15,186,15,110,15,173,-15" hai1="42,46,51,53,58,128,131" hai2="17,19,24,29,32,36,37,39,52,56,63,84,88" /><INIT seed="5,1,1,1,0,101" ten="506,201,125,158" oya="1" hai0="44,33,122,116,6,118,111,68,17,69,115,119,78" hai1="34,110,76,100,29,27,28,24,132,108,37,85,51" hai2="14,75,97,32,113,7,130,95,55,104,21,83,128" hai3="80,90,98,3,96,45,12,18,23,36,19,35,134"/><U38/><E132/><V103/><F32/><W40/><G35/><T60/><D111/><N who="1" m="42539" /><E51/><V25/><F113/><W43/><G3/><T16/><D33/><N who="1" m="20615" /><E100/><V94/><F7/><W67/><G134/><T8/><D6/><U74/><E85/><V5/><F55/><W31/><G31/><T70/><D115/><U42/><E42/><V87/><F14/><W22/><G67/><T91/><D116/><U66/><E66/><V50/><F50/><W84/><REACH who="3" step="1"/><G43/><REACH who="3" ten="506,201,125,148" step="2"/><T11/><D118/><U4/><E4/><V135/><F135/><W63/><G63/><T46/><D60/><U123/><E123/><V93/><F5/><W56/><G56/><T114/><D119/><U71/><E71/><V13/><F13/><AGARI ba="1,2" hai="12,13,18,19,22,23,36,40,45,80,84,90,96,98" machi="13" ten="30,3900,0" yaku="1,1,7,1,9,1,53,0" doraHai="101" doraHaiUra="2" who="3" fromWho="2" sc="506,0,201,0,125,-42,148,62" /><INIT seed="6,0,0,2,0,96" ten="506,201,83,210" oya="2" hai0="79,19,121,67,115,29,102,23,50,61,18,39,28" hai1="2,59,7,65,73,131,119,17,128,22,40,72,84" hai2="43,129,42,87,125,51,114,70,126,117,132,62,63" hai3="135,37,33,110,107,31,133,4,99,95,54,103,130"/><V127/><F117/><W13/><G110/><T5/><D121/><U35/><E119/><V69/><F87/><W53/><G37/><T38/><D5/><U122/><E35/><V1/><F1/><W58/><G130/><N who="1" m="49706" /><E40/><N who="2" m="15403" /><F129/><W11/><G107/><T6/><D6/><U25/><E122/><V116/><F116/><W45/><G45/><T78/><D115/><U75/><E84/><V14/><F114/><W46/><G46/><T3/><D3/><U93/><E7/><V113/><F113/><W92/><G92/><T94/><D38/><U91/><E2/><V21/><F132/><N who="3" m="50763" /><G58/><T20/><D39/><U98/><E59/><V89/><F89/><W10/><G10/><T77/><D77/><U24/><E65/><V108/><F108/><W120/><G120/><T104/><D67/><U105/><E105/><V83/><F83/><W27/><AGARI ba="0,0" hai="4,11,13,27,31,33,53,54,95,99,103" m="50763" machi="27" ten="30,2000,0" yaku="20,1,52,1" doraHai="96" who="3" fromWho="3" sc="506,-5,201,-5,83,-10,210,20" /><INIT seed="7,0,0,1,0,12" ten="501,196,73,230" oya="3" hai0="44,131,80,10,15,13,59,65,56,97,27,109,47" hai1="77,52,126,25,70,50,92,121,87,2,132,14,114" hai2="79,104,0,55,36,81,119,20,116,64,133,103,127" hai3="31,98,108,83,90,128,66,18,125,51,6,71,118"/><W100/><G118/><T69/><D109/><U40/><E121/><V24/><F0/><W94/><G6/><T63/><D131/><U122/><E132/><V28/><F36/><W45/><G125/><T134/><D134/><U30/><E122/><V129/><F127/><W61/><G31/><T29/><D80/><U75/><E2/><V41/><F129/><W48/><G108/><T101/><D56/><U16/><E70/><V105/><F133/><W42/><G128/><T89/><D89/><N who="1" m="53311" /><E75/><V110/><F110/><W43/><G83/><T76/><D76/><U73/><E73/><V4/><F4/><W85/><G43/><T19/><D13/><U34/><E77/><V91/><F64/><W68/><G68/><T38/><D38/><U7/><E126/><V107/><F41/><W35/><G35/><N who="0" m="20927" /><D59/><N who="1" m="33175" /><E114/><V88/><F103/><W32/><G100/><T26/><D26/><U72/><E72/><V120/><F120/><W74/><G74/><T96/><D96/><U53/><E53/><V135/><F135/><W5/><G98/><T86/><D86/><U99/><E99/><V95/><F55/><W67/><G85/><T111/><D111/><U46/><E7/><V22/><F119/><W11/><G5/><T117/><D117/><U57/><E57/><V78/><F116/><W8/><G71/><T93/><D93/><U3/><E3/><V112/><F112/><W102/><G94/><T33/><D33/><U130/><E130/><V17/><F95/><W54/><G32/><T1/><D1/><U58/><E58/><V84/><F79/><W21/><G54/><RYUUKYOKU ba="0,0" sc="501,15,196,-15,73,15,230,-15" hai0="10,15,19,44,47,63,65,69,97,101" hai2="17,20,22,24,28,78,81,84,88,91,104,105,107" owari="516,61.0,181,-22.0,88,-41.0,215,2.0" /></mjloggm>