<mjloggm ver="2.3"><GO type="41" lobby="0"/><UN n0="%E3%82%84%E3%81%BC%E3%82%93%E3%81%A1" n1="%E7%AC%A6%E8%A8%88%E7%AE%97%E5%A9%A6%E8%AD%A6%E3%81%95%E3%82%93%E2%99%82" n2="%6D%61%74%73%75%62%61%6E" n3="%E2%93%9D%53%75%70%68%78" dan="14,14,14,18" rate="1975.40,1916.59,1852.74,2135.78" sx="M,M,M,M"/><TAIKYOKU oya="0"/><INIT seed="0,0,0,4,2,39" ten="250,250,250,250" oya="0" hai0="48,75,59,45,67,69,118,76,34,122,35,52,31" hai1="21,105,82,28,104,97,9,131,20,77,117,17,81" hai2="10,88,91,94,26,92,0,106,32,133,71,60,22" hai3="2,38,114,8,120,74,79,40,125,126,127,27,124"/><T119/><D122/><U111/><E117/><V95/><F106/><W112/><G127/><T18/><D69/><U1/><E131/><V37/><F37/><W63/><G27/><T89/><D89/><U68/><E68/><V70/><F32/><W62/><G8/><T109/><D18/><U113/><E113/><N who="3" m="43626" /><G2/><T130/><D130/><U15/><E111/><V42/><F42/><W115/><G115/><T96/><D96/><U41/><E1/><V108/><F133/><W90/><G90/><T46/><D46/><U51/><E97/><V86/><F108/><W128/><G128/><T14/><D14/><U23/><E28/><V123/><F123/><W80/><G120/><T19/><D19/><U83/><REACH who="1" step="1"/><E77/><REACH who="1" ten="250,240,250,250" step="2"/><V33/><F70/><W13/><G13/><T25/><D109/><U44/><AGARI ba="0,1" hai="9,15,17,20,21,23,41,44,51,81,82,83,104,105" machi="44" ten="40,8000,1" yaku="1,1,2,1,0,1,52,1,53,0" doraHai="39" doraHaiUra="49" who="1" fromWho="1" sc="250,-40,240,90,250,-20,250,-20" /><INIT seed="1,0,0,0,1,82" ten="210,330,230,230" oya="1" hai0="67,85,88,59,91,48,43,41,104,96,16,50,133" hai1="114,132,51,31,26,90,44,112,13,76,40,24,87" hai2="28,61,35,18,102,134,135,97,68,19,79,126,128" hai3="86,38,75,57,130,80,62,92,107,21,117,116,15"/><U45/><E132/><V1/><F1/><W124/><G38/><T100/><D133/><N who="2" m="50698" /><F79/><W29/><G107/><T77/><D104/><U53/><E76/><V127/><F128/><W30/><G75/><T46/><D100/><U32/><E13/><V81/><F81/><W36/><G36/><T33/><D33/><U17/><E26/><N who="2" m="18839" /><F61/><W65/><G124/><N who="2" m="47657" /><F68/><W99/><G130/><T10/><D67/><U129/><E17/><V12/><F12/><W22/><G15/><N who="0" m="7287" /><D96/><U89/><E129/><V6/><F6/><W74/><G74/><T7/><D7/><U0/><E0/><V106/><AGARI ba="0,0" hai="18,19,97,102,106" m="47657,18839,50698" machi="106" ten="30,2000,0" yaku="20,1,18,1" doraHai="82" who="2" fromWho="2" sc="210,-5,330,-10,230,20,230,-5" /><INIT seed="2,0,0,4,4,26" ten="205,320,250,225" oya="2" hai0="10,37,70,53,56,20,108,109,49,88,61,33,5" hai1="4,35,125,29,110,122,14,85,51,114,93,99,31" hai2="124,43,54,92,127,65,78,80,6,104,123,68,44" hai3="55,67,128,84,94,64,102,113,28,81,126,107,111"/><V134/><F123/><W21/><G107/><T129/><D37/><U95/><E114/><V87/><F134/><W112/><G111/><T32/><D20/><U135/><E122/><V97/><F104/><W63/><G128/><T57/><D70/><U18/><E135/><V17/><F6/><W72/><G72/><T103/><D103/><U7/><E125/><V39/><F68/><W23/><G126/><T59/><D129/><U47/><E110/><N who="0" m="42601" /><D88/><N who="1" m="55719" /><E85/><V115/><F65/><W45/><G23/><T13/><D61/><U75/><E35/><AGARI ba="0,0" hai="5,10,13,32,33,35,49,53,56,57,59" m="42601" machi="35" ten="30,1000,0" yaku="14,1" doraHai="26" who="0" fromWho="1" sc="205,10,320,-10,250,0,225,0" /><INIT seed="3,0,0,3,4,64" ten="215,310,250,225" oya="3" hai0="107,121,39,124,87,95,27,43,21,130,19,113,63" hai1="90,36,48,108,131,54,116,51,110,44,89,2,7" hai2="33,83,123,117,38,103,29,129,46,96,86,78,72" hai3="84,100,58,80,125,133,135,75,115,45,55,20,59"/><W47/><G75/><T34/><D121/><U119/><E36/><V76/><F117/><N who="1" m="45129" /><E7/><V104/><F33/><W118/><G118/><T68/><D107/><U111/><E2/><V17/><F29/><W69/><G100/><T77/><D124/><U82/><E82/><V70/><F38/><W105/><G105/><T101/><D130/><U53/><E90/><V49/><F17/><W99/><G115/><T57/><D101/><U97/><E97/><V10/><F10/><W35/><G99/><T120/><D77/><U61/><E89/><V94/><F123/><W14/><G125/><T6/><D6/><U32/><E32/><V22/><F22/><W85/><G35/><T62/><D120/><U42/><E131/><V31/><F31/><W11/><G20/><T4/><D4/><U102/><E102/><V122/><F129/><W114/><G114/><T56/><D95/><U52/><E61/><V40/><F122/><W3/><G3/><T12/><D62/><U88/><E88/><N who="2" m="53527" /><F76/><W92/><G92/><T71/><D113/><U41/><E51/><V16/><F16/><W81/><G11/><T74/><D19/><U24/><E24/><V93/><F93/><W18/><G18/><T26/><D27/><U112/><E112/><V106/><F106/><W79/><G79/><T66/><D26/><U127/><E127/><V9/><F9/><W109/><G81/><T25/><D39/><U98/><E98/><V37/><F37/><W0/><G80/><T30/><D25/><U91/><E91/><V23/><F23/><W67/><G0/><T60/><D34/><RYUUKYOKU ba="0,0" sc="215,-15,310,15,250,15,225,-15" hai1="41,42,44,48,52,53,54,108,110,111" hai2="40,46,49,70,72,78,83,96,103,104" /><INIT seed="4,1,0,3,2,113" ten="200,325,265,210" oya="0" hai0="106,37,75,53,89,13,67,1,70,62,48,63,47" hai1="94,0,131,91,76,27,105,46,5,6,117,111,54" hai2="128,120,39,134,33,17,98,8,7,31,96,4,82" hai3="34,3,126,114,9,78,112,69,103,21,129,116,88"/><T43/><D1/><U38/><E105/><V92/><F39/><W124/><G69/><T41/><D75/><U86/><E111/><V29/><F120/><W59/><G103/><T100/><D89/><U125/><E125/><N who="3" m="48234" /><G78/><T25/><D13/><U52/><E131/><V95/><F82/><W16/><G59/><N who="0" m="33191" /><D25/><U49/><E76/><V65/><F128/><W99/><G34/><T118/><D100/><U119/><E38/><V83/><F83/><W74/><G74/><T87/><D87/><U132/><E132/><V10/><F17/><W93/><G129/><T110/><D106/><U28/><E54/><V58/><F58/><W123/><G123/><T32/><D32/><U109/><E109/><V81/><F33/><W101/><G101/><T130/><D130/><U84/><E84/><V77/><F81/><W35/><G35/><T51/><D110/><U11/><E6/><V57/><F77/><W22/><G116/><T80/><D80/><U55/><E55/><V122/><F57/><W79/><G79/><T44/><D62/><U85/><E85/><V102/><F122/><W40/><G40/><T73/><D73/><U121/><E121/><V12/><F102/><W90/><G90/><T14/><D14/><U68/><E68/><V66/><F12/><N who="3" m="7183" /><G3/><T56/><D118/><U2/><E2/><V19/><F134/><W20/><AGARI ba="1,0" hai="20,21,22,88,93,99,112,114" m="7183,48234" machi="20" ten="40,5200,0" yaku="18,1,54,2" doraHai="113" who="3" fromWho="3" sc="200,-27,325,-14,265,-14,210,55" /><INIT seed="5,0,0,5,0,120" ten="173,311,251,265" oya="1" hai0="102,57,39,8,33,64,127,114,88,19,132,29,86" hai1="22,35,93,37,65,108,107,118,52,104,116,77,55" hai2="63,56,46,23,59,129,113,106,105,66,122,2,51" hai3="26,10,41,73,110,75,131,81,61,101,18,134,123"/><U67/><E37/><V69/><F2/><W40/><G123/><T87/><D39/><U17/><E35/><V5/><F5/><W90/><G101/><T4/><D114/><U45/><E77/><V82/><F113/><W130/><G61/><T119/><D119/><U0/><E0/><V34/><F34/><W72/><G134/><T103/><D132/><U124/><E124/><V62/><F129/><N who="3" m="49163" /><G110/><T32/><D127/><U117/><E93/><V21/><F82/><W38/><G38/><T99/><D86/><U54/><E45/><V53/><F122/><W83/><G90/><T3/><D19/><U78/><E78/><V95/><F95/><W58/><G58/><T91/><D91/><U7/><E7/><V9/><F9/><W135/><G135/><T13/><D3/><U71/><E71/><V109/><F109/><W98/><G98/><T79/><D79/><U27/><REACH who="1" step="1"/><E108/><REACH who="1" ten="173,301,251,265" step="2"/><V24/><F106/><AGARI ba="0,1" hai="17,22,27,52,54,55,65,67,104,106,107,116,117,118" machi="106" ten="50,9600,0" yaku="1,1,2,1,54,1,53,0" doraHai="120" doraHaiUra="6" who="1" fromWho="2" sc="173,0,301,106,251,-96,265,0" /><INIT seed="5,1,0,3,3,95" ten="173,407,155,265" oya="1" hai0="114,23,14,17,83,6,135,125,5,88,0,84,72" hai1="31,100,121,9,80,96,85,52,29,68,59,113,120" hai2="77,126,10,12,61,104,25,82,27,71,109,73,101" hai3="118,105,67,108,99,76,36,110,50,79,131,26,107"/><U86/><E68/><V119/><F119/><W56/><G36/><T78/><D114/><U106/><E113/><V43/><F109/><W60/><G131/><T98/><D125/><U112/><E112/><V116/><F126/><W69/><G118/><T11/><D135/><U8/><E8/><V129/><F43/><W89/><G107/><T94/><REACH who="0" step="1"/><D6/><REACH who="0" ten="163,407,155,265" step="2"/><U32/><E121/><V92/><F129/><W1/><G110/><T40/><D40/><U66/><E120/><V18/><F116/><W133/><G133/><T124/><D124/><U35/><E35/><V64/><REACH who="2" step="1"/><F104/><REACH who="2" ten="163,407,145,265" step="2"/><W44/><G105/><T24/><D24/><U63/><E106/><V128/><F128/><W123/><G26/><T65/><D65/><U122/><E66/><V103/><F103/><W49/><G67/><T13/><D13/><U90/><E100/><V45/><F45/><W75/><G44/><T57/><D57/><U22/><E59/><V130/><F130/><W132/><G56/><T15/><D15/><U19/><E122/><V47/><F47/><W30/><G123/><T39/><D39/><U91/><E32/><V62/><F62/><W58/><G60/><T54/><D54/><U81/><E52/><V134/><F134/><W70/><G132/><T21/><D21/><U42/><E63/><V115/><F115/><W97/><G108/><T28/><D28/><U53/><E42/><V41/><F41/><W117/><G117/><T7/><D7/><U16/><E53/><V38/><F38/><W127/><G127/><T20/><D20/><U33/><E22/><V34/><F34/><RYUUKYOKU ba="1,2" sc="163,15,407,-15,145,15,265,-15" hai0="0,5,11,14,17,23,72,78,83,84,88,94,98" hai2="10,12,18,25,27,61,64,71,73,77,82,92,101" /><INIT seed="6,2,2,0,0,102" ten="178,392,160,250" oya="2" hai0="115,30,31,37,38,101,130,72,6,23,106,87,68" hai1="63,123,9,44,48,133,2,39,19,80,51,24,3" hai2="56,121,34,109,67,58,28,82,100,4,40,53,97" hai3="73,83,127,64,122,66,21,65,92,41,13,114,16"/><V5/><F121/><W46/><G122/><T12/><D72/><U128/><E123/><V124/><F109/><W118/><G118/><T113/><D68/><U35/><E133/><V112/><F124/><W88/><G127/><T78/><D130/><U116/><E128/><V11/><F112/><N who="0" m="43082" /><D101/><U32/><E116/><V89/><F40/><W77/><G114/><T95/><D106/><U104/><E104/><V75/><F34/><W7/><G7/><T45/><D45/><U81/><E39/><N who="0" m="14857" /><D6/><U27/><E63/><V126/><F126/><W1/><G1/><T103/><D103/><U120/><E44/><V84/><F75/><W59/><G59/><T60/><D60/><U50/><E120/><V20/><F11/><W55/><G41/><T70/><D70/><U61/><E61/><N who="2" m="38311" /><F97/><W33/><G46/><T132/><D132/><U98/><E98/><V36/><F36/><W86/><REACH who="3" step="1"/><G55/><REACH who="3" ten="178,392,160,240" step="2"/><T43/><D43/><U14/><E3/><V69/><F69/><W71/><G71/><T117/><D117/><U110/><E2/><V29/><F4/><W107/><G107/><T74/><D31/><U47/><E110/><V93/><F5/><W10/><G10/><T8/><D30/><U105/><E47/><V15/><F29/><W49/><G49/><T111/><D8/><U91/><E105/><V54/><F28/><W62/><G62/><T90/><D111/><U129/><E129/><V76/><F53/><W79/><G79/><T57/><D78/><U85/><E51/><N who="2" m="31071" /><F76/><W25/><G25/><T94/><D23/><U52/><E27/><V99/><F20/><RYUUKYOKU ba="2,3" sc="178,-15,392,-15,160,15,240,15" hai2="15,82,84,89,93,99,100" hai3="13,16,21,33,64,65,66,73,77,83,86,88,92" /><INIT seed="6,3,3,4,1,2" ten="163,377,175,255" oya="2" hai0="76,36,113,122,107,84,80,64,81,10,48,82,3" hai1="87,44,9,22,126,116,112,54,15,65,114,60,92" hai2="135,86,78,71,77,97,57,89,61,28,30,16,88" hai3="49,101,133,53,35,94,45,20,33,91,12,90,66"/><V93/><F135/><W39/><G39/><T19/><D36/><U26/><E116/><V124/><F124/><W68/><G133/><T120/><D107/><U125/><E44/><V128/><F128/><W34/><G68/><T75/><D120/><U119/><E54/><V62/><F71/><W95/><G66/><T50/><D122/><U0/><E0/><V17/><F57/><W102/><G20/><T42/><D75/><U21/><E119/><V5/><F5/><W127/><G12/><N who="0" m="7575" /><D3/><U73/><E73/><V115/><F115/><N who="1" m="44073" /><E92/><V74/><F74/><W69/><G69/><T4/><D113/><U29/><E87/><V51/><F51/><N who="0" m="19498" /><D42/><U52/><E22/><V83/><F97/><W104/><G104/><T7/><D64/><U31/><E31/><V105/><F105/><W40/><G127/><T96/><D96/><U24/><E24/><V58/><F58/><W11/><G40/><T43/><D43/><U6/><E52/><V13/><F13/><W47/><G47/><T123/><D123/><U59/><AGARI ba="3,3" hai="6,9,15,21,26,29,59,60,65,125,126" m="44073" machi="59" ten="30,2000,0" yaku="15,1,52,1" doraHai="2" who="1" fromWho="1" sc="163,-8,377,59,175,-13,255,-8" /><INIT seed="7,0,0,2,5,127" ten="155,436,162,247" oya="3" hai0="39,86,110,78,43,100,75,134,125,52,24,13,124" hai1="62,17,10,54,76,8,67,111,4,11,104,31,107" hai2="33,96,36,23,89,132,71,64,20,34,84,56,5" hai3="117,120,81,58,25,61,90,122,29,59,121,38,108"/><W57/><G117/><T83/><D110/><U131/><E111/><V37/><F71/><W95/><G108/><T60/><D134/><U128/><E54/><V133/><F96/><W27/><G81/><T47/><D100/><U26/><E76/><V53/><F5/><W12/><G12/><T93/><D24/><U114/><E17/><V22/><F64/><W18/><G38/><T21/><D21/><U103/><E114/><V42/><F42/><W109/><G109/><T88/><REACH who="0" step="1"/><D13/><REACH who="0" ten="145,436,162,247" step="2"/><U70/><E4/><V94/><F36/><W40/><G27/><T15/><D15/><U51/><E26/><V74/><F37/><W6/><G25/><T55/><D55/><U28/><E31/><V1/><F1/><W126/><G29/><T130/><D130/><U0/><E28/><V85/><F74/><W79/><G122/><T101/><D101/><U44/><E0/><V14/><F14/><W19/><G121/><T16/><D16/><U115/><E115/><V69/><F69/><W98/><G19/><T3/><D3/><U77/><E103/><V97/><F132/><W46/><G18/><T106/><D106/><U80/><E107/><V123/><F133/><W91/><G120/><T129/><D129/><N who="1" m="49739" /><E104/><V105/><F105/><W112/><G6/><T45/><D45/><U65/><E65/><V92/><F123/><W102/><G102/><T82/><D82/><U135/><E135/><V50/><F94/><W9/><G95/><T66/><D66/><U30/><E30/><V87/><AGARI ba="0,1" hai="20,22,23,33,34,50,53,56,84,85,87,89,92,97" machi="87" ten="30,1100,0" yaku="0,1" doraHai="127" who="2" fromWho="2" sc="145,-3,436,-3,162,21,247,-5" owari="142,-36.0,433,54.0,183,-22.0,242,4.0" /></mjloggm>