<mjloggm ver="2.3"><GO type="41" lobby="0"/><UN n0="%EF%BC%A0%E3%81%BF%E3%81%A1" n1="%E2%93%9D%53%75%70%68%78" n2="%E5%A4%A9%E6%89%8D%E3%82%A4%E3%83%99%E3%83%AA%E3%82%B3%E8%B1%9A" n3="%52%65%5F%6C%75%6E%61" dan="15,17,15,13" rate="2004.85,2042.14,1929.33,1877.22" sx="M,M,F,F"/><TAIKYOKU oya="0"/><INIT seed="0,0,0,5,0,102" ten="250,250,250,250" oya="0" hai0="62,59,44,30,83,63,33,134,71,76,104,111,8" hai1="15,2,43,22,94,98,75,128,120,70,66,49,107" hai2="84,21,0,89,29,121,1,19,110,11,13,45,26" hai3="93,42,106,116,125,14,23,101,69,17,78,35,46"/><T124/><D124/><U100/><E120/><V32/><F121/><W96/><G125/><T67/><D134/><U10/><E75/><V57/><F110/><W36/><G116/><T79/><D111/><U130/><E2/><V61/><F45/><W41/><G35/><T40/><D33/><U28/><E66/><V39/><F39/><W108/><G108/><T50/><D30/><U88/><E70/><V25/><F25/><W54/><G69/><T129/><D129/><N who="1" m="49771" /><E49/><V4/><F0/><W97/><G78/><T109/><D109/><U3/><E43/><V53/><F84/><W86/><G86/><T127/><D127/><U12/><E22/><V90/><AGARI ba="0,0" hai="1,4,11,13,19,21,26,29,32,53,57,61,89,90" machi="90" ten="30,4000,0" yaku="0,1,24,2" doraHai="102" who="2" fromWho="2" sc="250,-20,250,-10,250,40,250,-10" /><INIT seed="1,0,0,2,4,65" ten="230,240,290,240" oya="1" hai0="17,37,122,111,99,43,125,128,93,104,94,86,42" hai1="117,134,5,0,23,40,89,24,108,74,57,22,116" hai2="103,31,16,107,56,85,96,102,132,18,20,59,6" hai3="91,26,77,54,69,41,64,129,63,48,4,21,80"/><U135/><E74/><V34/><F132/><N who="1" m="50729" /><E40/><V84/><F34/><W9/><G129/><T29/><D29/><U120/><E57/><N who="2" m="22091" /><F107/><W38/><G38/><T15/><D104/><U13/><E89/><V27/><F6/><W106/><G106/><T62/><D37/><U58/><E58/><V121/><F121/><W110/><G110/><T8/><D111/><U127/><E108/><V7/><F7/><W1/><G91/><T109/><D109/><U28/><E127/><V47/><F47/><W119/><G119/><N who="1" m="45642" /><E120/><V118/><F118/><W25/><G41/><T101/><D125/><U10/><E23/><V114/><F114/><W123/><G123/><T97/><D122/><U78/><E78/><V3/><F96/><W113/><G113/><T36/><D36/><U76/><E76/><V44/><F44/><W79/><G79/><T130/><D86/><U115/><E115/><V133/><F85/><W112/><G112/><T50/><D62/><U49/><E49/><V60/><F84/><W126/><G126/><T30/><D30/><U14/><AGARI ba="0,0" hai="0,5,10,13,14,22,24,28" m="45642,50729" machi="14" ten="40,7800,0" yaku="20,1,34,2" doraHai="65" who="1" fromWho="1" sc="230,-26,240,78,290,-26,240,-26" /><INIT seed="1,1,0,0,5,79" ten="204,318,264,214" oya="1" hai0="99,52,44,1,103,72,93,29,129,30,134,19,83" hai1="54,68,70,118,97,49,64,109,82,8,17,27,55" hai2="105,124,4,41,75,133,31,123,25,7,102,108,88" hai3="53,45,113,86,3,40,111,62,112,12,115,24,96"/><U87/><E118/><V78/><F123/><W119/><G3/><T38/><D129/><U9/><E109/><V95/><F108/><W71/><G119/><T20/><D134/><U100/><E55/><V128/><F128/><W122/><G122/><T5/><D1/><U69/><E64/><V89/><F124/><W73/><G73/><T94/><D5/><U37/><E37/><V47/><F133/><W39/><G24/><T92/><D38/><U36/><E36/><V13/><F105/><W107/><G111/><T18/><D18/><U101/><E27/><V130/><F89/><W50/><G12/><T34/><D34/><U22/><E22/><V91/><F91/><W51/><G86/><T127/><D127/><U59/><E17/><V80/><F102/><W135/><G135/><T120/><D120/><U126/><E101/><V32/><F13/><W43/><G96/><T67/><D67/><U125/><E125/><V57/><F130/><W48/><G107/><T23/><D23/><U61/><E61/><V74/><F74/><W10/><G10/><T110/><D110/><U90/><REACH who="1" step="1"/><E126/><REACH who="1" ten="204,308,264,214" step="2"/><V2/><F2/><W14/><G40/><T77/><D30/><U66/><E66/><V116/><F116/><W0/><G0/><T121/><D29/><U117/><E117/><V76/><F25/><W58/><G14/><N who="0" m="9335" /><D121/><U6/><E6/><V84/><F7/><W65/><AGARI ba="1,1" hai="39,43,45,48,50,51,53,58,62,65,71,112,113,115" machi="65" ten="40,12000,2" yaku="0,1,24,2,34,3" doraHai="79" who="3" fromWho="3" sc="204,-31,308,-61,264,-31,214,133" /><INIT seed="2,0,0,2,0,0" ten="173,247,233,347" oya="2" hai0="25,28,129,67,46,94,111,115,76,12,49,95,116" hai1="72,48,44,37,5,73,91,50,132,126,9,24,64" hai2="105,66,6,33,101,63,90,79,117,75,82,112,11" hai3="17,131,109,58,71,110,60,81,56,14,78,86,93"/><V121/><F117/><W127/><G127/><T99/><D115/><U123/><E126/><V65/><F121/><W103/><G131/><T133/><D129/><U85/><E132/><V34/><F112/><W7/><G7/><T52/><D133/><U19/><E37/><V35/><F90/><W74/><G71/><T40/><D116/><U59/><E123/><V69/><F66/><W70/><G70/><T106/><D67/><U102/><E102/><V43/><F43/><W108/><G60/><T10/><D76/><U21/><E50/><V30/><F30/><W42/><G42/><T88/><D111/><U18/><E18/><V41/><F41/><W31/><G31/><T118/><D118/><U128/><E59/><V122/><F122/><W36/><G36/><T130/><D130/><U26/><E26/><V113/><F113/><W92/><G103/><T96/><D106/><U62/><E62/><V51/><F51/><W100/><G100/><T2/><D2/><U68/><E128/><V47/><F47/><W39/><G39/><T89/><D40/><U23/><E64/><V54/><F54/><W38/><G38/><T97/><D97/><U4/><E68/><V15/><F101/><W32/><G32/><T114/><D114/><U53/><E23/><V16/><REACH who="2" step="1"/><F105/><REACH who="2" ten="173,247,223,347" step="2"/><W61/><G61/><T3/><D28/><U57/><E44/><V13/><F13/><W22/><G109/><T124/><D3/><U119/><E119/><V98/><F98/><W135/><G110/><T45/><D124/><U77/><E48/><V134/><F134/><W104/><G108/><RYUUKYOKU ba="0,1" sc="173,-10,247,-10,223,30,347,-10" hai2="6,11,15,16,33,34,35,63,65,69,75,79,82" /><INIT seed="2,1,1,4,5,98" ten="163,237,253,337" oya="2" hai0="84,58,74,38,2,117,27,94,42,39,8,19,80" hai1="51,123,119,14,96,53,73,30,124,46,65,104,47" hai2="76,78,45,131,18,70,21,12,112,36,59,34,32" hai3="100,33,134,62,130,106,92,43,25,135,4,87,99"/><V60/><F112/><W113/><G113/><T110/><D110/><U52/><E73/><V95/><F131/><W93/><G130/><T26/><D74/><U79/><E119/><V115/><F115/><W126/><G126/><T85/><D39/><U0/><E0/><V16/><F70/><W86/><G43/><T28/><D38/><U44/><E79/><V31/><F31/><W15/><G62/><T102/><D42/><U132/><E132/><N who="3" m="50730" /><G4/><T50/><D2/><U29/><E65/><V6/><F6/><W37/><G37/><T105/><D105/><U109/><E109/><V3/><F3/><W69/><G69/><T11/><D28/><U13/><E123/><V17/><F17/><W118/><G118/><T66/><D66/><U48/><E47/><V24/><F34/><W64/><G64/><T67/><D67/><U89/><E124/><V1/><F32/><W10/><G33/><T83/><D117/><U107/><E89/><V57/><F45/><W81/><G25/><T91/><D50/><U122/><E122/><V77/><F36/><W120/><G120/><T68/><D58/><N who="2" m="22026" /><F60/><W55/><G55/><T82/><D68/><U75/><E75/><V72/><F72/><W128/><G128/><T121/><D121/><U22/><E22/><V20/><F1/><W9/><G9/><N who="0" m="3659" /><D27/><U127/><E127/><V114/><F114/><W103/><G10/><T88/><D26/><U41/><E41/><V5/><F5/><W61/><G61/><T133/><D133/><U7/><E7/><V116/><F116/><W101/><G15/><T71/><D71/><RYUUKYOKU ba="1,1" sc="163,-15,237,15,253,15,337,-15" hai1="13,14,29,30,44,46,48,51,52,53,96,104,107" hai2="12,16,18,20,21,24,76,77,78,95" /><INIT seed="2,2,1,3,4,57" ten="148,252,268,322" oya="2" hai0="89,84,70,96,92,134,135,25,42,67,15,98,81" hai1="65,60,16,95,131,26,99,87,108,121,22,74,63" hai2="78,80,34,85,125,6,101,21,31,82,103,53,86" hai3="133,28,13,77,35,55,18,40,50,128,12,4,61"/><V23/><F125/><W43/><G133/><T24/><D42/><U0/><E74/><V20/><F6/><W117/><G117/><T116/><D116/><U2/><E108/><V39/><F39/><W91/><G128/><T109/><D109/><U115/><E115/><V45/><F34/><W132/><G132/><N who="0" m="50731" /><D70/><U37/><E37/><V83/><F31/><W79/><G35/><T19/><D67/><U114/><E114/><V46/><F46/><W1/><G28/><T68/><D68/><U129/><E87/><N who="2" m="33291" /><F78/><W124/><G1/><N who="1" m="618" /><E65/><V62/><F45/><W30/><G124/><T113/><D113/><U126/><E121/><V32/><F32/><W93/><G30/><T100/><D98/><U69/><E69/><V64/><F64/><W123/><G123/><T111/><D111/><U52/><E126/><V71/><F71/><W120/><G120/><T75/><D75/><U10/><E10/><AGARI ba="2,1" hai="10,15,19,24,25,81,84,89,92,96,100" m="50731" machi="10" ten="30,1000,0" yaku="20,1" doraHai="57" who="0" fromWho="1" sc="148,26,252,-16,268,0,322,0" /><INIT seed="3,0,0,0,4,109" ten="174,236,268,322" oya="3" hai0="2,56,111,22,8,125,122,95,62,112,85,104,21" hai1="25,94,52,66,121,37,44,128,106,19,98,70,53" hai2="50,36,114,20,103,86,80,4,18,126,84,123,127" hai3="51,16,43,3,65,120,7,105,23,54,34,73,134"/><W97/><G120/><T78/><D104/><U38/><E106/><V55/><F36/><W49/><G134/><T102/><D122/><U74/><E74/><V81/><F123/><W6/><G73/><T29/><D111/><U79/><E79/><V96/><F4/><W33/><G3/><T107/><D107/><U28/><E128/><V17/><F96/><W39/><G65/><T87/><D2/><U58/><E19/><V113/><F103/><W64/><G64/><T35/><D35/><U30/><E70/><V24/><F18/><W91/><G34/><T12/><D125/><N who="2" m="47626" /><F81/><W63/><G39/><T116/><D116/><U124/><E38/><V129/><F129/><W59/><G33/><T1/><D1/><U83/><E83/><V110/><F110/><W41/><G105/><T75/><D75/><U135/><E135/><V27/><F24/><N who="3" m="14439" /><G43/><T132/><D132/><U118/><E118/><V31/><F31/><W9/><G9/><T48/><D29/><U77/><E30/><V82/><F82/><W133/><G133/><T115/><D48/><N who="3" m="18505" /><G41/><T101/><D78/><U26/><E77/><N who="2" m="46095" /><F86/><N who="0" m="32778" /><D102/><U68/><E124/><V130/><F130/><W89/><G89/><T88/><D101/><U13/><E121/><V93/><F93/><AGARI ba="0,0" hai="6,7,54,59,63,91,93,97" m="18505,14439" machi="93" ten="30,5800,0" yaku="25,1,8,1,54,1" doraHai="109" who="3" fromWho="2" sc="174,0,236,0,268,-58,322,58" /><INIT seed="3,1,0,4,0,104" ten="174,236,210,380" oya="3" hai0="94,99,107,117,2,57,110,95,1,39,113,35,62" hai1="54,109,132,66,88,13,80,65,34,37,68,130,16" hai2="42,122,27,3,92,71,18,11,76,97,19,15,7" hai3="128,77,50,134,108,73,43,106,33,24,56,70,101"/><W6/><G128/><T52/><D117/><U75/><E34/><V55/><F122/><W8/><G134/><T49/><D35/><U69/><E37/><V111/><F111/><W135/><G135/><T20/><D39/><U23/><E132/><V29/><F71/><W58/><G70/><T51/><D110/><U120/><E120/><V98/><F42/><W9/><G9/><T32/><D32/><U72/><E109/><V25/><F25/><W14/><G108/><T21/><D107/><U87/><E130/><V131/><F131/><W48/><G48/><T127/><D127/><U61/><E54/><V41/><F41/><W82/><G43/><T40/><D113/><U26/><REACH who="1" step="1"/><E26/><REACH who="1" ten="174,226,210,380" step="2"/><V100/><F55/><W124/><G33/><T79/><D40/><U116/><E116/><V38/><F27/><W133/><G24/><T44/><D44/><U67/><E67/><V31/><F38/><W30/><G133/><T0/><D79/><U115/><E115/><V129/><F76/><W17/><G124/><T4/><D4/><U102/><E102/><V5/><F129/><W96/><G6/><T81/><D52/><U90/><E90/><N who="2" m="55447" /><F5/><W103/><G101/><T91/><D91/><U63/><AGARI ba="1,1" hai="13,16,23,61,63,65,66,68,69,72,75,80,87,88" machi="63" ten="30,12000,2" yaku="1,1,0,1,9,1,52,2,54,2,53,0" doraHai="104" doraHaiUra="36" who="1" fromWho="1" sc="174,-31,226,133,210,-31,380,-61" /><INIT seed="4,0,0,2,1,20" ten="143,359,179,319" oya="0" hai0="53,54,49,109,86,25,116,96,94,103,101,131,31" hai1="122,100,123,39,35,117,60,108,120,95,24,92,33" hai2="64,111,6,78,41,113,19,107,88,22,110,14,15" hai3="5,32,56,43,29,76,50,73,124,74,10,46,105"/><T40/><D116/><U99/><E117/><V132/><F113/><W63/><G105/><T48/><D131/><U128/><E108/><V7/><F107/><W126/><G76/><T106/><D109/><U45/><E128/><V104/><F104/><W55/><G32/><T93/><D106/><U13/><E13/><V102/><F102/><W114/><G114/><T42/><D86/><U65/><E95/><V4/><F78/><W82/><G29/><T130/><D130/><U47/><E39/><V34/><F34/><W17/><G17/><T36/><D36/><U72/><E72/><V11/><F41/><W66/><G82/><T67/><D67/><U26/><E35/><V77/><F77/><W85/><G85/><T129/><D129/><U70/><REACH who="1" step="1"/><E33/><REACH who="1" ten="143,349,179,319" step="2"/><V75/><F75/><W59/><G74/><T16/><D31/><U27/><AGARI ba="0,1" hai="24,26,27,45,47,60,65,70,92,99,100,120,122,123" machi="27" ten="40,12000,2" yaku="1,1,2,1,0,1,52,3,53,0" doraHai="20" doraHaiUra="80" who="1" fromWho="1" sc="143,-60,349,130,179,-30,319,-30" /><INIT seed="5,0,0,2,4,41" ten="83,479,149,289" oya="1" hai0="101,3,37,56,77,90,68,84,109,74,69,29,107" hai1="6,126,130,26,96,83,28,18,8,104,132,12,39" hai2="91,94,35,58,7,62,116,95,115,120,43,25,14" hai3="31,71,47,5,1,36,125,40,21,93,99,23,123"/><U22/><E130/><V82/><F116/><W133/><G123/><T38/><D3/><U42/><E132/><V65/><F120/><W24/><G71/><T81/><D109/><U117/><E126/><V106/><F106/><W75/><G75/><T105/><D29/><U19/><E83/><V129/><F129/><W79/><G79/><T55/><D69/><U88/><E117/><V2/><F2/><W44/><G133/><T0/><D0/><U61/><E61/><V89/><F82/><W111/><G111/><T119/><D119/><U131/><E131/><V70/><F115/><W100/><G125/><T102/><D68/><U60/><E60/><V87/><F43/><W135/><G135/><T98/><D102/><U4/><E104/><V78/><F78/><W128/><G128/><T57/><D107/><U46/><REACH who="1" step="1"/><E6/><REACH who="1" ten="83,469,149,289" step="2"/><V67/><F7/><W72/><G5/><T103/><D103/><U118/><E118/><V97/><F67/><W121/><G121/><T86/><D86/><U27/><E27/><V66/><F65/><W11/><G72/><T122/><D122/><U15/><E15/><V32/><F14/><W33/><G1/><T30/><D30/><U50/><E50/><V110/><F110/><W34/><G24/><T63/><REACH who="0" step="1"/><D57/><REACH who="0" ten="73,469,149,289" step="2"/><U13/><E13/><V59/><F58/><W76/><G31/><T108/><D108/><U53/><E53/><V45/><F59/><W127/><G127/><T92/><AGARI ba="0,2" hai="37,38,55,56,63,74,77,81,84,90,92,98,101,105" machi="92" ten="20,12000,2" yaku="1,1,0,1,7,1,24,2,53,1" doraHai="41" doraHaiUra="85" who="0" fromWho="0" sc="73,140,469,-60,149,-30,289,-30" /><INIT seed="6,0,0,5,5,72" ten="213,409,119,259" oya="2" hai0="33,88,38,133,16,89,25,111,86,9,97,119,135" hai1="22,41,76,65,78,14,37,45,46,105,42,98,56" hai2="66,12,132,95,87,34,84,118,54,106,85,50,53" hai3="28,96,116,23,21,35,55,64,36,115,59,68,11"/><V67/><F118/><W91/><G116/><T5/><D38/><U93/><E105/><V128/><F106/><W125/><G125/><T1/><D111/><U120/><E120/><V7/><F132/><N who="0" m="50762" /><D119/><U82/><E82/><V58/><F34/><W62/><G115/><T121/><D121/><U29/><E56/><V13/><F128/><W17/><G36/><T134/><N who="0" m="50770" /><T74/><DORA hai="77" /><D74/><U18/><E65/><N who="2" m="24587" /><F95/><W20/><G35/><T44/><D44/><U110/><E110/><V73/><F73/><W107/><G107/><T8/><D97/><U124/><E29/><V101/><F101/><W130/><G130/><T109/><D109/><U40/><E124/><V6/><F54/><W61/><G28/><N who="0" m="19599" /><D86/><N who="2" m="22018" /><V126/><DORA hai="131" /><F126/><W127/><G127/><T71/><D71/><U103/><E42/><V52/><F53/><W113/><G113/><T57/><D57/><U19/><E41/><V51/><F51/><W92/><REACH who="3" step="1"/><G11/><REACH who="3" ten="213,409,119,249" step="2"/><T24/><D9/><U80/><E37/><V102/><F102/><W30/><G30/><T27/><D27/><AGARI ba="0,1" hai="17,20,21,23,27,55,59,61,62,64,68,91,92,96" machi="27" ten="30,7700,0" yaku="1,1,7,1,25,2,53,0" doraHai="72,77,131" doraHaiUra="31,123,83" who="3" fromWho="0" sc="213,-77,409,0,119,0,249,87" /><INIT seed="7,0,0,3,5,104" ten="136,409,119,336" oya="3" hai0="72,123,86,95,77,82,41,62,103,105,32,40,27" hai1="16,83,10,98,96,45,66,93,58,121,125,25,51" hai2="112,71,70,14,26,47,119,126,39,92,49,2,50" hai3="7,46,11,38,44,37,120,101,0,31,56,110,131"/><W1/><G120/><T90/><D123/><U135/><E135/><V3/><F119/><W133/><G133/><T33/><D62/><N who="1" m="38231" /><E125/><V108/><F108/><W134/><G134/><T22/><D22/><N who="1" m="13511" /><E121/><V67/><F126/><W61/><G131/><T118/><D118/><U29/><E29/><V35/><F112/><W78/><G110/><T13/><D13/><U122/><E122/><V6/><F39/><W80/><G101/><T12/><D12/><U100/><E98/><V111/><F111/><W20/><G0/><T113/><D113/><U85/><E10/><V79/><F2/><W59/><G56/><T84/><D84/><U73/><E73/><V8/><F3/><W48/><G44/><T76/><D27/><U54/><E85/><V21/><F35/><N who="0" m="13386" /><D77/><U18/><E18/><V102/><F79/><W106/><G106/><T42/><D42/><U68/><E68/><V24/><F24/><W53/><G31/><T109/><D109/><U64/><E64/><V65/><F70/><W52/><REACH who="3" step="1"/><G20/><REACH who="3" ten="136,409,119,326" step="2"/><T91/><D105/><U114/><E114/><V128/><F71/><W36/><G36/><T127/><D127/><U81/><AGARI ba="0,1" hai="45,51,54,81,83,93,96,100" m="13511,38231" machi="81" ten="30,2000,0" yaku="8,1,54,1" doraHai="104" who="1" fromWho="1" sc="136,-5,409,30,119,-5,326,-10" owari="131,-27.0,439,54.0,114,-39.0,316,12.0" /></mjloggm>