<mjloggm ver="2.3"><GO type="41" lobby="0"/><UN n0="%6B%6F%73%75%31%32%33%33" n1="%E8%B6%85%E5%AE%99%E5%A4%AA" n2="%66%75%6B%61%74%61%6B%75" n3="%E2%93%9D%53%75%70%68%78" dan="14,14,14,18" rate="2027.17,1879.05,1917.90,2133.93" sx="M,M,M,M"/><TAIKYOKU oya="0"/><INIT seed="0,0,0,5,3,43" ten="250,250,250,250" oya="0" hai0="115,75,77,112,132,135,127,72,70,8,25,51,59" hai1="29,27,76,109,61,23,35,130,107,121,52,71,28" hai2="114,7,56,120,86,73,2,9,40,50,85,30,31" hai3="68,47,11,128,63,34,101,81,22,110,13,100,66"/><T122/><D70/><U39/><E107/><V96/><F114/><N who="0" m="43562" /><D122/><U125/><E121/><V118/><F73/><N who="0" m="28234" /><D77/><U94/><E39/><V41/><F120/><W78/><G34/><T10/><D25/><U111/><E76/><V129/><F41/><W116/><G128/><T33/><D33/><U26/><E130/><V6/><F129/><W103/><G116/><T62/><D51/><U18/><E125/><V49/><F118/><W21/><G110/><N who="1" m="41994" /><E94/><V98/><F40/><W102/><N who="3" m="25856" /><DORA hai="32" /><W48/><G81/><T106/><D106/><U54/><E29/><V87/><F56/><W17/><REACH who="3" step="1"/><G78/><REACH who="3" ten="250,250,250,240" step="2"/><T45/><D127/><U3/><E3/><V69/><F98/><W82/><G82/><T80/><D80/><U24/><E24/><V19/><F96/><W88/><G88/><T123/><D123/><U105/><E105/><V119/><F87/><W83/><G83/><T12/><D135/><U117/><E117/><V58/><F86/><W42/><AGARI ba="0,1" hai="11,13,17,21,22,42,47,48,63,66,68" m="25856" machi="42" ten="40,8000,1" yaku="1,1,0,1,52,1,53,2" doraHai="43,32" doraHaiUra="14,46" who="3" fromWho="3" sc="250,-40,250,-20,250,-20,240,90" /><INIT seed="1,0,0,3,0,19" ten="210,230,230,330" oya="1" hai0="26,89,80,83,55,0,100,34,85,44,51,114,133" hai1="17,99,24,16,72,109,59,64,27,18,118,1,132" hai2="4,70,75,35,53,49,97,5,13,46,12,76,110" hai3="14,45,33,74,112,129,38,28,31,43,29,65,81"/><U113/><E118/><V47/><F70/><W6/><G112/><T124/><D0/><U7/><E72/><V15/><F35/><W73/><G129/><T119/><D114/><U57/><E113/><V104/><F110/><W41/><G33/><T37/><D37/><U102/><E109/><V92/><F104/><W48/><G65/><T127/><D119/><U3/><E132/><V10/><F75/><W91/><G38/><T130/><D100/><U128/><E128/><V30/><F30/><W88/><G74/><T131/><D83/><U117/><E117/><V58/><F76/><W69/><G69/><T87/><D87/><U86/><E86/><V60/><F47/><W71/><G71/><T94/><D80/><U39/><E39/><V82/><F82/><W134/><G134/><T52/><D55/><U135/><E135/><V96/><F5/><W21/><G43/><T62/><D62/><U54/><E64/><V101/><REACH who="2" step="1"/><F97/><REACH who="2" ten="210,230,220,330" step="2"/><W23/><G73/><T66/><D133/><U63/><E7/><V2/><F2/><W25/><G81/><T11/><D130/><U61/><E1/><V36/><F36/><W98/><G98/><T108/><D131/><U126/><E3/><V116/><F116/><W121/><G6/><T50/><D108/><U90/><E126/><V115/><F115/><W107/><G107/><T95/><D127/><U122/><E122/><V9/><F9/><W77/><G121/><T67/><D124/><U120/><E120/><V78/><F78/><W103/><G77/><T32/><D32/><U125/><E125/><V123/><F123/><RYUUKYOKU ba="0,1" sc="210,-10,230,-10,220,30,330,-10" hai2="4,10,12,13,15,46,49,53,58,60,92,96,101" /><INIT seed="2,1,1,0,1,132" ten="200,220,250,320" oya="2" hai0="110,16,14,71,95,1,109,27,35,79,128,125,80" hai1="84,34,60,46,37,31,114,113,42,41,23,21,93" hai2="20,29,56,115,25,120,43,119,66,90,69,24,98" hai3="123,70,116,111,38,51,65,0,50,104,10,18,77"/><V91/><F119/><W7/><G123/><T102/><D71/><U26/><E41/><V88/><F115/><W52/><G38/><T103/><D1/><U67/><E114/><V76/><F120/><W2/><G104/><T130/><D35/><U32/><E113/><V5/><F76/><W82/><G51/><T96/><D27/><U97/><E84/><V75/><F75/><W9/><G111/><N who="0" m="42507" /><D103/><U55/><E55/><V44/><F5/><W100/><G100/><T135/><D135/><U99/><E21/><V12/><F12/><W85/><G116/><T112/><D112/><U4/><E4/><V30/><F69/><W73/><G73/><N who="0" m="43119" /><D125/><U86/><E86/><V47/><F98/><W15/><G70/><T118/><D118/><U108/><E99/><V134/><F134/><W117/><G117/><T11/><AGARI ba="1,1" hai="11,14,16,95,96,102,128,130" m="43119,42507" machi="11" ten="30,2000,0" yaku="14,1,54,1" doraHai="132" who="0" fromWho="0" sc="200,33,220,-6,250,-11,320,-6" /><INIT seed="3,0,0,1,4,88" ten="233,214,239,314" oya="3" hai0="52,86,70,9,53,99,42,11,81,74,105,115,78" hai1="5,128,46,62,93,43,36,7,12,84,77,100,59" hai2="114,133,130,18,116,14,25,91,68,120,31,8,24" hai3="79,29,124,104,75,108,23,64,32,6,15,121,45"/><W71/><G121/><T1/><D70/><U20/><E128/><V72/><F72/><W39/><G104/><T33/><D33/><U26/><E77/><V134/><F68/><W30/><G32/><T34/><D34/><U103/><E12/><V58/><F120/><W98/><G124/><T125/><D125/><U16/><E103/><V96/><F130/><W3/><G98/><T126/><D126/><U2/><E2/><V49/><F114/><W54/><G54/><T61/><D115/><U69/><E69/><V83/><F116/><W13/><G108/><T37/><D86/><U122/><E122/><V107/><F107/><W50/><G50/><T63/><D63/><U92/><E100/><V41/><F41/><W112/><G23/><T111/><D61/><U4/><REACH who="1" step="1"/><E84/><REACH who="1" ten="233,204,239,314" step="2"/><V127/><F127/><W22/><G3/><T65/><D111/><U38/><E38/><V80/><F134/><W57/><G39/><T44/><D65/><AGARI ba="0,1" hai="4,5,7,16,20,26,36,43,46,59,62,65,92,93" machi="65" ten="40,8000,1" yaku="1,1,52,2,54,1,53,0" doraHai="88" doraHaiUra="117" who="1" fromWho="0" sc="233,-80,204,90,239,0,314,0" /><INIT seed="4,0,0,5,5,103" ten="153,294,239,314" oya="0" hai0="107,29,135,120,26,116,91,20,33,54,13,5,118" hai1="131,2,130,101,126,40,41,22,57,94,122,133,30" hai2="119,52,10,72,25,68,69,127,51,46,123,114,59" hai3="128,49,110,125,79,112,32,106,88,93,45,24,97"/><T83/><D120/><U111/><E122/><V42/><F123/><W75/><G110/><T50/><D135/><U108/><E2/><V74/><F74/><W115/><G125/><T73/><D107/><U87/><E133/><V7/><F72/><W8/><G128/><N who="1" m="49194" /><E126/><V82/><F127/><W92/><G92/><T86/><D73/><U47/><E57/><V56/><F114/><N who="3" m="43563" /><G8/><T66/><D66/><U43/><E47/><V134/><F134/><W9/><G9/><T62/><D62/><U14/><E14/><V85/><F25/><W71/><G71/><T81/><D81/><U84/><E22/><V113/><F59/><W18/><G79/><T132/><D132/><U0/><E30/><V38/><F113/><W3/><G3/><T60/><D60/><U70/><E70/><V23/><F23/><N who="3" m="13431" /><G32/><T76/><D76/><U12/><E12/><V98/><F119/><W21/><G21/><T99/><D99/><N who="1" m="59639" /><E0/><V37/><F98/><W19/><G19/><T1/><D1/><U27/><E27/><V102/><F102/><W48/><G75/><T95/><D83/><U89/><E84/><V64/><F38/><W35/><G35/><T67/><D67/><U53/><E87/><V121/><F121/><W61/><G61/><T77/><D77/><U96/><E96/><V17/><F17/><W78/><G78/><T63/><D63/><U34/><E34/><V55/><F64/><W31/><G31/><T90/><D90/><U39/><E89/><N who="2" m="51383" /><F55/><N who="3" m="30095" /><G49/><T129/><D129/><U15/><E39/><V58/><F58/><W109/><G109/><N who="1" m="42058" /><E15/><V11/><F11/><RYUUKYOKU ba="0,0" sc="153,-30,294,10,239,10,314,10" hai1="40,41,43,53" hai2="7,10,37,42,46,51,52,56,68,69" hai3="88,93,97,106" /><INIT seed="5,1,0,5,1,118" ten="123,304,249,324" oya="1" hai0="125,2,89,116,67,71,72,36,109,42,117,115,0" hai1="41,74,20,124,77,13,128,30,25,16,43,34,76" hai2="49,134,63,12,119,94,57,26,33,78,92,99,127" hai3="86,59,102,9,90,29,14,106,5,51,84,23,91"/><U88/><E128/><V108/><F119/><N who="0" m="45642" /><D89/><N who="3" m="33801" /><G106/><T61/><D72/><U47/><E124/><V58/><F108/><W133/><G133/><T132/><D0/><U101/><E101/><V75/><F134/><W87/><G102/><T69/><D2/><U19/><E74/><V48/><F75/><W10/><G10/><T15/><D15/><U131/><E131/><V97/><F12/><W70/><G70/><N who="0" m="42351" /><D132/><U52/><E19/><V39/><F39/><W55/><G23/><T6/><D6/><U104/><E104/><V79/><F63/><W100/><G100/><T93/><D93/><U4/><E4/><V82/><F82/><W83/><G29/><T44/><D109/><U68/><E68/><N who="0" m="26185" /><D115/><U126/><E126/><AGARI ba="1,0" hai="36,42,44,125,126" m="26185,42351,45642" machi="126" ten="40,5200,0" yaku="23,1,34,2" doraHai="118" who="0" fromWho="1" sc="123,55,304,-55,249,0,324,0" /><INIT seed="6,0,0,3,5,35" ten="178,249,249,324" oya="2" hai0="49,90,57,121,82,54,67,92,22,56,118,61,69" hai1="8,129,70,14,117,42,107,3,73,102,37,125,134" hai2="72,79,106,6,120,133,126,131,4,99,7,10,23" hai3="78,2,89,18,31,17,55,51,32,19,94,9,13"/><V80/><F120/><W105/><G105/><T33/><D33/><U43/><RYUUKYOKU type="yao9" ba="0,0" sc="178,0,249,0,249,0,324,0" hai1="3,8,14,37,42,43,70,73,102,107,117,125,129,134" /><INIT seed="6,1,0,4,3,17" ten="178,249,249,324" oya="2" hai0="124,127,29,61,112,49,88,103,102,23,107,80,52" hai1="19,89,106,26,10,74,56,120,15,83,39,34,41" hai2="70,30,82,68,121,90,48,35,92,44,134,8,27" hai3="128,24,40,51,69,122,123,81,111,37,109,108,36"/><V132/><F121/><N who="3" m="46091" /><G81/><T100/><D107/><U95/><E106/><V57/><F82/><W85/><G85/><N who="0" m="50215" /><D61/><U43/><E120/><V87/><F57/><W21/><G21/><T131/><D131/><U96/><E39/><N who="3" m="14922" /><G24/><N who="0" m="16543" /><D112/><U3/><E3/><V133/><REACH who="2" step="1"/><F8/><REACH who="2" ten="178,249,239,324" step="2"/><W1/><G111/><T45/><D127/><U50/><E83/><V46/><F46/><W6/><G109/><T94/><D124/><U104/><E74/><V79/><F79/><W60/><G108/><T13/><D13/><U11/><E11/><V125/><F125/><W110/><G110/><T9/><D9/><U12/><E12/><V28/><F28/><W20/><G1/><T58/><D58/><U67/><E10/><V63/><F63/><W115/><G60/><T31/><D31/><U18/><E15/><V32/><F32/><W16/><G115/><T77/><D77/><U55/><E34/><V126/><F126/><W5/><G128/><T130/><D130/><U64/><E18/><V97/><F97/><AGARI ba="1,1" hai="45,49,52,94,97,100,102,103" m="16543,50215" machi="97" ten="30,7700,0" yaku="8,1,52,1,54,2" doraHai="17" who="0" fromWho="2" sc="178,90,249,0,239,-80,324,0" /><INIT seed="7,0,0,5,4,119" ten="268,249,159,324" oya="3" hai0="86,71,0,100,75,57,37,92,132,34,21,46,113" hai1="74,30,5,19,80,101,91,31,51,11,104,84,126" hai2="22,1,70,14,64,95,3,67,35,10,41,114,88" hai3="82,59,122,128,125,97,107,33,4,89,28,66,68"/><W32/><G122/><T115/><D71/><U106/><E126/><V78/><F35/><W79/><G4/><T124/><D34/><U47/><E74/><V29/><F114/><N who="0" m="43530" /><D0/><U96/><E19/><V27/><F3/><W93/><G128/><T49/><D37/><U2/><REACH who="1" step="1"/><E104/><REACH who="1" ten="268,239,159,324" step="2"/><V111/><F1/><W9/><G107/><T40/><D124/><U90/><E90/><V76/><F111/><W43/><G89/><T81/><D75/><U110/><E110/><V36/><F36/><W7/><G125/><T12/><D100/><U16/><E16/><V62/><F41/><AGARI ba="0,1" hai="2,5,11,30,31,41,47,51,80,84,91,96,101,106" machi="41" ten="30,2000,0" yaku="1,1,7,1,53,0" doraHai="119" doraHaiUra="129" who="1" fromWho="2" sc="268,0,239,30,159,-20,324,0" owari="268,-13.0,269,7.0,139,-36.0,324,42.0" /></mjloggm>