<mjloggm ver="2.3"><GO type="41" lobby="0"/><UN n0="%E6%AE%B2%E6%98%9F%E8%89%A6%E5%B1%B1%E5%9F%8E%E6%94%B9%E4%BA%8C" n1="%67%64%61%75%6B%68%62" n2="%E2%93%9D%53%75%70%68%78" n3="%E3%82%8F%E3%81%B3%E5%A4%AA%E9%83%8E" dan="15,14,16,13" rate="1979.35,1930.12,2083.39,1831.46" sx="M,M,M,M"/><TAIKYOKU oya="0"/><INIT seed="0,0,0,4,4,45" ten="250,250,250,250" oya="0" hai0="6,132,36,116,75,15,22,31,67,23,37,49,72" hai1="30,26,52,55,13,106,62,95,14,101,117,104,119" hai2="91,48,135,12,127,130,102,3,124,96,114,100,76" hai3="103,73,50,7,87,42,18,68,24,134,120,89,53"/><T86/><D116/><U133/><E133/><V27/><F3/><W98/><G68/><T113/><D113/><U85/><E119/><V60/><F114/><W105/><G134/><T17/><D132/><U128/><E128/><V8/><F76/><W112/><G120/><T40/><D6/><U90/><E117/><V11/><F60/><W70/><G70/><T38/><D67/><U57/><E55/><V33/><F130/><W35/><G73/><T41/><D86/><U97/><REACH who="1" step="1"/><E106/><REACH who="1" ten="250,240,250,250" step="2"/><V84/><F135/><W28/><G112/><T79/><D40/><U108/><E108/><V110/><F110/><W93/><G42/><T25/><REACH who="0" step="1"/><D79/><REACH who="0" ten="240,240,250,250" step="2"/><U125/><E125/><V129/><F127/><W71/><G53/><T61/><D61/><U34/><AGARI ba="0,2" hai="13,14,26,30,34,52,57,62,85,90,95,97,101,104" machi="34" ten="20,5200,0" yaku="1,1,0,1,7,1,54,1,53,0" doraHai="45" doraHaiUra="122" who="1" fromWho="1" sc="240,-26,240,72,250,-13,250,-13" /><INIT seed="1,0,0,2,3,122" ten="214,312,237,237" oya="1" hai0="14,42,97,109,3,124,43,17,82,31,4,98,64" hai1="25,13,19,134,103,135,123,54,30,45,66,113,110" hai2="74,112,35,11,1,36,93,0,60,40,67,108,23" hai3="70,89,24,119,72,76,80,21,16,95,51,46,75"/><U59/><E123/><V62/><F35/><W38/><G70/><T102/><D124/><U132/><E113/><V8/><F74/><W106/><G106/><T84/><D31/><U7/><E45/><V55/><F23/><W68/><G68/><T71/><D97/><U33/><E66/><V73/><F73/><W58/><G119/><T94/><D4/><U41/><E41/><V79/><F93/><W52/><G75/><T90/><D3/><U10/><E103/><V56/><F79/><W61/><G38/><T125/><D125/><U49/><E7/><V34/><F34/><W20/><G20/><T5/><D5/><U104/><E104/><V50/><F62/><W105/><G105/><T126/><D126/><U133/><N who="1" m="33792" /><DORA hai="28" /><U32/><REACH who="1" step="1"/><E33/><REACH who="1" ten="214,302,237,237" step="2"/><V2/><F112/><W127/><G127/><T78/><D64/><U129/><E129/><V69/><F2/><W18/><G24/><T77/><D43/><U130/><E130/><V107/><F107/><W44/><G46/><T115/><D42/><U15/><E15/><V53/><F1/><W111/><G21/><T92/><D115/><U96/><E96/><V12/><F0/><W39/><G39/><T88/><D14/><U29/><E29/><V37/><F37/><W91/><G91/><T63/><D102/><U120/><E120/><V86/><F36/><W101/><G101/><T48/><D98/><U121/><E121/><V128/><F40/><W100/><G100/><T131/><D90/><U85/><E85/><V116/><F128/><W27/><G27/><T47/><D84/><U9/><E9/><RYUUKYOKU ba="0,1" sc="214,-10,302,30,237,-10,237,-10" hai1="10,13,19,25,30,32,49,54,59,110" /><INIT seed="1,1,1,3,0,95" ten="204,332,227,227" oya="1" hai0="116,83,135,110,84,39,7,87,124,37,66,78,104" hai1="40,81,34,127,11,29,10,94,80,73,65,51,53" hai2="55,82,76,59,119,96,69,126,130,106,97,102,115" hai3="125,36,52,109,131,18,21,14,63,90,58,86,117"/><U43/><E127/><V129/><F69/><W46/><G109/><T122/><D110/><U75/><E65/><V56/><F119/><W42/><G131/><N who="2" m="50185" /><F126/><W23/><G117/><T3/><D124/><U6/><E34/><V22/><F115/><W15/><G125/><T133/><D116/><U4/><E29/><V134/><F134/><N who="0" m="51210" /><D104/><U60/><E60/><N who="2" m="35871" /><F22/><W9/><REACH who="3" step="1"/><G15/><REACH who="3" ten="204,332,227,217" step="2"/><T5/><D122/><U89/><E75/><N who="2" m="43295" /><F59/><W61/><G61/><T50/><D3/><U121/><E73/><V0/><F0/><W24/><G24/><T16/><D66/><U13/><E121/><V44/><F44/><W72/><G72/><T92/><D39/><U132/><E132/><V71/><F71/><W47/><G47/><T88/><D37/><U128/><E128/><V123/><F123/><W20/><G20/><T111/><D111/><U31/><E11/><V103/><F106/><W107/><G107/><T38/><D38/><U12/><E13/><V32/><F32/><W1/><G1/><T91/><D50/><U112/><E112/><V57/><F57/><W2/><G2/><T19/><D78/><U77/><E77/><V28/><F28/><W114/><G114/><T74/><D74/><U113/><E31/><V120/><F120/><W67/><G67/><T48/><D48/><U108/><E113/><V30/><F30/><W85/><G85/><T93/><D84/><U49/><E108/><V118/><F118/><W41/><G41/><T27/><D87/><U101/><E49/><V62/><F62/><W68/><G68/><T79/><D79/><U100/><E43/><RYUUKYOKU ba="1,2" sc="204,-15,332,-15,227,15,217,15" hai2="96,97,102,103" hai3="9,14,18,21,23,36,42,46,52,58,63,86,90" /><INIT seed="2,2,2,0,2,69" ten="189,317,242,232" oya="2" hai0="86,76,70,132,43,14,15,40,84,101,38,119,120" hai1="36,66,56,1,27,109,62,67,112,113,83,78,122" hai2="89,24,0,34,19,95,9,91,126,134,111,107,63" hai3="133,39,103,49,64,52,116,48,18,127,8,31,90"/><V12/><F107/><W72/><G116/><T124/><D119/><U32/><E1/><V79/><F134/><W54/><G72/><T131/><D120/><U99/><E122/><V59/><F126/><W10/><G39/><T42/><D132/><U44/><E99/><V22/><F111/><W104/><G133/><T50/><D124/><U135/><E109/><V20/><F34/><W82/><G127/><T60/><D131/><U100/><E100/><V33/><F33/><W130/><G130/><T57/><D70/><U129/><E129/><V92/><F79/><W23/><G31/><T68/><D68/><U81/><E81/><V108/><F0/><W105/><G104/><T5/><D101/><U51/><E67/><N who="2" m="39423" /><F108/><W29/><G29/><T25/><D38/><U41/><E51/><N who="3" m="19530" /><G64/><N who="0" m="38927" /><D25/><U117/><E117/><V11/><F95/><W4/><G103/><T85/><D5/><U58/><E58/><V106/><F106/><W121/><G4/><T30/><D30/><U61/><E61/><V125/><F125/><W16/><G105/><T93/><D76/><U88/><E135/><V96/><F91/><W98/><G121/><T26/><D26/><U87/><E78/><V114/><F114/><W71/><G71/><T35/><D35/><U123/><REACH who="1" step="1"/><E123/><REACH who="1" ten="189,307,242,232" step="2"/><V37/><F37/><W17/><G98/><T28/><D50/><U6/><E6/><V118/><F118/><W97/><G97/><T94/><D28/><AGARI ba="2,3" hai="27,28,32,36,41,44,56,62,66,83,87,88,112,113" machi="28" ten="40,5200,0" yaku="1,1,52,1,54,1,53,0" doraHai="69" doraHaiUra="7" who="1" fromWho="0" sc="189,-58,307,88,242,0,232,0" /><AGARI ba="2,0" hai="9,11,12,19,20,22,24,28,89,92,96" m="39423" machi="28" ten="30,1500,0" yaku="8,1" doraHai="69" who="2" fromWho="0" sc="131,-15,395,0,242,15,232,0" /><INIT seed="2,3,0,4,4,10" ten="116,395,257,232" oya="2" hai0="98,82,121,104,5,42,94,63,61,43,8,1,69" hai1="12,45,106,111,68,131,134,91,18,39,62,53,67" hai2="87,56,126,86,55,125,110,122,127,7,123,46,31" hai3="124,13,73,90,24,23,47,100,129,102,115,22,57"/><V19/><F31/><W0/><G73/><T9/><D121/><N who="2" m="46090" /><F7/><W130/><G0/><T38/><D104/><U99/><E134/><V52/><F110/><W97/><G124/><T92/><D69/><U65/><E111/><V26/><F46/><W114/><G47/><T28/><D28/><U84/><E67/><V51/><F55/><W49/><G49/><T58/><D38/><U3/><E3/><V77/><F77/><W74/><G74/><T113/><D113/><N who="3" m="43017" /><G57/><T16/><D82/><U21/><E21/><BYE who="1" /><AGARI ba="3,0" hai="19,21,26,51,52,56,86,87,125,126,127" m="46090" machi="21" ten="40,3900,0" yaku="18,1,54,1" doraHai="10" who="2" fromWho="1" sc="116,0,395,-48,257,48,232,0" /><UN n1="%67%64%61%75%6B%68%62" /><INIT seed="2,4,0,3,4,76" ten="116,347,305,232" oya="2" hai0="107,113,105,1,96,100,120,43,124,127,13,103,97" hai1="111,64,48,68,4,18,30,44,59,21,66,15,135" hai2="134,95,0,121,90,84,77,45,89,32,28,122,118" hai3="46,40,62,82,79,93,33,102,70,34,31,53,11"/><V73/><F0/><W10/><G102/><N who="0" m="38955" /><D1/><U85/><E111/><V14/><F32/><W125/><G125/><N who="0" m="48203" /><D43/><U60/><E60/><V24/><BYE who="1" /><F118/><UN n1="%67%64%61%75%6B%68%62" /><W117/><G117/><T56/><D13/><U86/><E135/><V29/><F134/><W98/><G31/><T54/><D56/><U110/><E110/><V108/><F108/><W25/><G25/><T123/><D54/><U109/><E109/><V38/><BYE who="1" /><F14/><UN n1="%67%64%61%75%6B%68%62" /><W49/><G33/><T2/><D2/><U128/><E128/><V69/><BYE who="1" /><F69/><UN n1="%67%64%61%75%6B%68%62" /><W81/><G34/><T26/><D26/><U130/><E130/><V61/><BYE who="1" /><F24/><W115/><G115/><T88/><D113/><U65/><E65/><V23/><F45/><W133/><G133/><T74/><D74/><U3/><E3/><V41/><F41/><W126/><G126/><T129/><D129/><U55/><E55/><V20/><F73/><W17/><G17/><T6/><D6/><U101/><E101/><V67/><F67/><W58/><G70/><T27/><D27/><U80/><E80/><N who="3" m="30826" /><G79/><T87/><D87/><U119/><E119/><V75/><F77/><W8/><G8/><T47/><D47/><U106/><E106/><N who="0" m="40457" /><D88/><U131/><E131/><V99/><F90/><N who="3" m="55607" /><G40/><T132/><D132/><U91/><E91/><V92/><F89/><W7/><G7/><T12/><D12/><U72/><E72/><V36/><F75/><W39/><G39/><T52/><D52/><U116/><E116/><V63/><F84/><W71/><G71/><T112/><D112/><U114/><E114/><V94/><F94/><W22/><G22/><RYUUKYOKU ba="4,0" sc="116,10,347,-30,305,10,232,10" hai0="96,97,120,123" hai2="20,23,28,29,36,38,61,63,92,95,99,121,122" hai3="10,11,46,49,53,58,62" /><INIT seed="2,5,0,1,2,4" ten="126,317,315,242" oya="2" hai0="18,24,104,31,62,45,23,108,121,81,116,94,72" hai1="102,1,17,70,12,42,9,27,127,13,88,97,79" hai2="63,15,52,99,93,46,47,98,135,11,69,106,26" hai3="19,91,90,65,10,133,115,95,86,61,48,77,96"/><V3/><F3/><W76/><G133/><T82/><D121/><U32/><E32/><V37/><F135/><W128/><G128/><T89/><D116/><U30/><E30/><V100/><F37/><W28/><G115/><T78/><D104/><U124/><E124/><V57/><F69/><W122/><G28/><T50/><D108/><U75/><E75/><V87/><F87/><W107/><G107/><T2/><D2/><U67/><E67/><V73/><F73/><W130/><G48/><T6/><D81/><U41/><E41/><V20/><F99/><W14/><G130/><T101/><D101/><U54/><E54/><V114/><F106/><W68/><REACH who="3" step="1"/><G122/><REACH who="3" ten="126,317,315,232" step="2"/><T120/><D120/><U80/><E80/><AGARI ba="5,1" hai="10,14,19,61,65,68,76,77,80,86,90,91,95,96" machi="80" ten="30,7700,0" yaku="1,1,2,1,7,1,52,1,53,0" doraHai="4" doraHaiUra="125" who="3" fromWho="1" sc="126,0,317,-92,315,0,232,102" /><INIT seed="3,0,0,5,3,108" ten="126,225,315,334" oya="3" hai0="36,12,112,110,73,6,52,16,84,95,33,111,97" hai1="54,133,47,15,4,50,109,106,77,30,90,25,56" hai2="74,129,55,78,134,132,29,92,99,83,88,82,13" hai3="130,122,69,63,59,62,41,91,64,42,23,102,40"/><W96/><G122/><T10/><D36/><U127/><E127/><V107/><F29/><W22/><G91/><T126/><D33/><U103/><E103/><V37/><F37/><W17/><G130/><T75/><D126/><U39/><E39/><V1/><F1/><W21/><G69/><T24/><D84/><U113/><E113/><V114/><F13/><W26/><REACH who="3" step="1"/><G63/><REACH who="3" ten="126,225,315,324" step="2"/><T60/><D60/><U66/><E66/><V11/><F129/><W123/><G123/><T35/><D112/><U124/><E124/><V61/><F114/><W115/><G115/><T68/><D68/><U7/><E7/><V8/><F61/><W81/><G81/><T100/><D6/><U44/><E44/><V43/><F83/><W135/><G135/><T85/><D100/><U14/><E14/><V38/><F134/><W0/><G0/><T5/><D5/><U67/><E67/><V93/><F132/><W28/><G28/><T65/><D65/><U9/><E9/><V72/><F11/><W34/><G34/><T2/><D35/><U53/><E53/><V3/><F55/><W128/><G128/><T70/><D2/><U76/><E76/><V94/><F8/><W125/><G125/><T98/><D70/><U31/><E31/><V86/><F3/><W58/><G58/><T45/><D52/><U51/><E51/><V57/><F57/><W80/><G80/><T27/><D45/><U32/><E32/><V79/><F79/><W49/><G49/><T116/><D10/><U19/><E19/><V131/><F131/><W118/><G118/><T104/><D116/><RYUUKYOKU ba="0,1" sc="126,-10,225,-10,315,-10,324,30" hai3="17,21,22,23,26,40,41,42,59,62,64,96,102" /><INIT seed="3,1,1,0,1,46" ten="116,215,305,354" oya="3" hai0="128,81,18,41,109,90,34,82,96,48,124,133,78" hai1="24,28,33,20,130,97,110,67,60,26,50,106,111" hai2="101,57,13,71,31,73,122,62,38,95,74,75,113" hai3="68,43,64,5,69,27,93,123,86,92,23,65,6"/><W87/><G43/><T105/><D109/><U121/><E121/><V119/><F113/><W1/><G23/><T85/><D128/><U131/><E131/><V37/><F71/><W108/><G108/><T14/><D133/><U45/><E45/><V55/><F119/><W80/><G80/><T40/><D124/><U29/><E29/><V83/><F31/><W129/><G129/><T104/><D34/><U125/><E125/><V21/><F83/><W118/><G27/><T91/><D41/><U79/><E79/><V51/><F122/><W89/><G89/><T35/><D35/><U126/><E126/><V98/><REACH who="2" step="1"/><F62/><REACH who="2" ten="116,215,295,354" step="2"/><W56/><G123/><T132/><D81/><U4/><E4/><V0/><F0/><W134/><G118/><T120/><D82/><U72/><E72/><V9/><F9/><W11/><G134/><T44/><D132/><U8/><E8/><V49/><F49/><W102/><G11/><T7/><D120/><U58/><E58/><V53/><F53/><W61/><G56/><T115/><D48/><U30/><E30/><V3/><F3/><W127/><G127/><T16/><D115/><U39/><E39/><V66/><F66/><W47/><G1/><T112/><D112/><U100/><E100/><V22/><F22/><W63/><G47/><T103/><D78/><U32/><E32/><V36/><F36/><W2/><G2/><T84/><D103/><AGARI ba="1,2" hai="5,6,61,63,64,65,68,69,86,87,92,93,102,103" machi="103" ten="25,2400,0" yaku="22,2" doraHai="46" who="3" fromWho="0" sc="116,-27,215,0,295,0,354,47" /><INIT seed="3,2,0,3,4,39" ten="89,215,295,401" oya="3" hai0="9,76,65,38,26,74,62,90,4,49,86,126,66" hai1="22,80,15,11,19,134,41,133,97,56,132,14,63" hai2="92,111,64,28,131,102,123,79,108,60,45,114,25" hai3="2,112,17,115,47,75,78,84,68,12,54,106,40"/><W32/><G2/><T130/><D130/><U93/><E93/><V95/><F114/><W43/><G68/><T124/><D38/><U81/><E81/><V73/><F131/><W10/><G32/><T7/><D26/><U0/><E0/><V69/><F123/><W3/><G3/><T129/><D129/><U27/><E27/><V34/><F79/><W94/><G106/><T42/><D74/><U51/><E51/><V59/><F73/><W36/><G36/><T113/><D113/><U72/><E72/><V120/><F120/><W99/><G75/><T5/><D76/><U117/><E117/><V125/><F125/><N who="0" m="48234" /><D9/><U33/><E33/><V67/><F45/><W57/><G47/><N who="0" m="25847" /><D62/><U24/><E24/><V30/><F30/><W85/><G112/><T87/><D87/><N who="3" m="33353" /><G78/><T105/><D105/><U121/><E121/><V98/><F34/><W8/><G8/><T37/><D37/><U100/><E100/><V128/><F128/><W89/><G115/><T70/><D70/><U6/><E6/><N who="0" m="1537" /><T35/><DORA hai="104" /><D35/><U44/><E44/><V55/><F69/><W119/><G119/><T96/><D96/><U82/><E82/><AGARI ba="2,0" hai="65,66,82,86,90" m="1537,25847,48234" machi="82" ten="40,2600,0" yaku="18,1,52,1" doraHai="39,104" who="0" fromWho="1" sc="89,32,215,-32,295,0,401,0" /><INIT seed="4,0,0,0,4,59" ten="121,183,295,401" oya="0" hai0="82,133,126,23,115,111,103,55,54,79,75,20,26" hai1="41,92,96,72,4,35,114,64,104,128,132,122,101" hai2="52,102,48,29,25,130,74,9,107,71,135,44,38" hai3="50,32,15,99,69,53,113,66,61,36,97,78,46"/><T93/><D115/><U120/><E120/><V87/><F74/><W31/><G113/><T77/><D133/><U33/><E33/><V17/><F130/><W10/><G78/><T65/><D126/><U124/><E124/><V129/><F129/><W76/><G76/><T94/><D65/><U16/><E16/><V68/><F38/><W37/><G36/><T86/><D75/><U2/><E2/><V91/><F102/><W21/><G32/><T3/><D3/><U73/><E73/><V28/><F107/><W85/><G85/><T7/><D111/><U6/><E6/><V125/><F135/><W43/><G21/><N who="0" m="8267" /><D7/><U40/><E40/><V22/><F125/><W34/><G31/><T39/><D39/><U95/><E95/><N who="0" m="36361" /><D26/><U106/><E106/><V11/><F71/><W49/><G34/><T14/><D103/><U12/><E12/><V62/><F29/><W116/><G49/><T127/><D127/><U57/><E57/><N who="2" m="35111" /><F68/><W80/><G80/><N who="0" m="47375" /><D14/><U47/><E47/><V105/><F105/><W19/><G116/><T1/><D1/><U83/><E83/><N who="2" m="49663" /><F28/><W5/><REACH who="3" step="1"/><G5/><REACH who="3" ten="121,183,295,391" step="2"/><T134/><D134/><U131/><E131/><V123/><F123/><W84/><G84/><T112/><D112/><U45/><E45/><AGARI ba="0,1" hai="10,15,19,37,43,45,46,50,53,61,66,69,97,99" machi="45" ten="30,3900,0" yaku="1,1,7,1,52,1,53,0" doraHai="59" doraHaiUra="121" who="3" fromWho="1" sc="121,0,183,-39,295,0,391,49" /><INIT seed="5,0,0,1,1,71" ten="121,144,295,440" oya="1" hai0="70,68,120,106,33,23,30,109,108,21,15,52,11" hai1="82,26,36,4,2,134,77,5,38,126,51,58,84" hai2="18,90,132,35,60,54,78,94,89,49,29,91,50" hai3="128,100,88,105,131,3,61,86,41,34,13,0,39"/><U133/><E133/><V45/><F132/><W42/><G34/><T37/><D120/><U125/><E125/><V101/><F35/><W64/><G13/><T130/><D106/><U110/><E110/><V31/><F78/><W66/><G100/><T85/><D37/><U117/><E117/><V16/><F60/><W111/><G105/><T27/><D130/><U9/><E9/><V69/><F69/><W122/><G111/><T95/><D108/><U59/><E59/><V73/><F73/><W87/><G61/><T102/><D109/><U74/><E74/><V107/><F107/><W1/><G3/><T25/><D33/><U76/><E76/><V28/><F50/><W22/><G22/><T83/><D95/><U17/><E17/><V72/><F72/><W129/><G128/><T47/><D102/><U123/><E123/><V62/><F62/><W12/><G12/><T8/><D8/><U115/><E115/><V44/><F44/><W114/><G122/><T81/><D81/><U104/><E104/><V43/><F54/><W14/><G14/><T55/><D47/><U97/><E97/><AGARI ba="0,0" hai="16,18,28,29,31,43,45,49,89,90,91,94,97,101" machi="97" ten="40,2600,0" yaku="8,1,54,1" doraHai="71" who="2" fromWho="1" sc="121,0,144,-26,295,26,440,0" /><INIT seed="6,0,0,4,4,80" ten="121,118,321,440" oya="2" hai0="60,124,15,23,8,14,3,111,92,50,11,32,31" hai1="17,81,66,34,113,45,26,103,123,24,18,77,115" hai2="54,88,96,90,95,37,108,82,125,65,44,87,58" hai3="119,53,109,49,105,89,130,5,20,72,78,38,74"/><V101/><F125/><W129/><G38/><T133/><D111/><U94/><E94/><V13/><F108/><W114/><G105/><T135/><D124/><U71/><E71/><V27/><F65/><W128/><G109/><T63/><D50/><U70/><E70/><V76/><F27/><W85/><G78/><T59/><D92/><U42/><E42/><V6/><F37/><W104/><G104/><T127/><D127/><U30/><E30/><V10/><REACH who="2" step="1"/><F44/><REACH who="2" ten="121,118,311,440" step="2"/><N who="3" m="27815" /><G119/><T132/><D135/><U68/><E68/><V116/><F116/><W131/><G128/><T117/><D132/><U43/><E43/><V64/><F64/><W102/><G129/><T41/><D133/><U107/><E107/><V4/><F4/><W19/><G5/><T62/><D41/><U2/><E2/><V112/><F112/><W69/><G114/><T7/><D3/><U33/><E33/><V36/><F36/><W100/><G130/><T98/><D32/><U0/><E0/><V122/><F122/><W35/><G35/><T67/><D7/><U86/><E86/><V56/><F56/><W84/><G69/><T121/><D59/><U118/><E118/><V9/><F9/><W51/><G85/><T25/><D67/><U16/><E16/><V93/><F93/><W97/><G131/><T46/><D117/><U126/><E126/><V47/><F47/><W134/><G134/><T1/><D46/><U52/><E52/><V120/><F120/><W110/><G19/><N who="0" m="8647" /><D1/><U55/><E55/><V12/><F12/><W48/><G72/><T106/><D121/><U91/><E91/><RYUUKYOKU ba="0,1" sc="121,-10,118,-10,311,30,440,-10" hai2="6,10,13,54,58,76,82,87,88,90,95,96,101" /><INIT seed="6,1,1,3,3,99" ten="111,108,341,430" oya="2" hai0="79,96,121,114,54,102,44,66,67,52,108,40,112" hai1="134,70,85,82,105,110,88,36,90,115,62,48,30" hai2="35,89,118,41,14,75,120,57,7,27,83,17,20" hai3="81,8,107,111,71,128,132,19,26,39,103,72,100"/><V1/><F118/><W59/><G39/><T133/><D121/><U21/><E21/><V53/><F120/><W5/><G111/><T47/><D108/><U38/><E38/><V56/><F41/><W97/><G71/><T106/><D79/><U95/><E95/><V9/><F53/><N who="0" m="20586" /><D133/><U11/><E11/><V101/><F101/><W94/><G128/><T76/><D76/><U33/><E33/><V15/><F15/><W4/><G59/><T123/><D123/><U93/><E93/><V109/><F109/><W6/><G132/><T46/><D40/><U113/><E113/><AGARI ba="1,1" hai="44,46,47,66,67,96,102,106,112,113,114" m="20586" machi="113" ten="30,3900,0" yaku="15,1,52,1,54,1" doraHai="99" who="0" fromWho="1" sc="111,52,108,-42,341,0,430,0" /><INIT seed="7,0,0,5,3,14" ten="163,66,341,430" oya="3" hai0="3,71,39,90,106,30,56,47,83,25,79,7,132" hai1="96,130,112,78,63,70,126,128,40,104,133,98,100" hai2="65,22,57,80,102,5,10,86,113,115,9,15,68" hai3="87,95,124,129,24,94,91,37,105,23,43,73,77"/><W66/><G105/><T29/><D106/><U122/><E122/><V135/><F68/><W2/><G2/><T45/><D71/><U46/><E46/><V114/><F102/><W127/><G129/><T0/><D132/><U131/><E131/><V72/><F72/><W67/><G77/><T58/><D39/><U6/><E6/><V49/><F135/><W59/><G73/><T32/><D90/><U101/><E101/><V75/><F75/><W84/><G59/><T62/><D29/><U85/><E85/><N who="3" m="32842" /><G43/><T17/><D58/><U35/><E35/><V81/><F10/><W48/><G48/><T118/><D118/><U134/><E134/><V51/><F81/><W52/><G52/><T69/><D69/><U93/><E93/><N who="3" m="35338" /><G91/><T33/><D3/><U60/><E60/><V19/><F65/><W121/><G37/><T109/><D0/><U125/><E125/><N who="3" m="48202" /><G121/><T99/><D56/><U8/><E8/><V123/><F123/><W54/><G54/><T74/><D62/><U117/><E117/><V82/><F82/><W36/><G36/><T16/><D74/><U26/><E26/><V111/><F111/><W12/><G12/><T53/><D83/><U120/><E120/><V92/><F92/><W4/><G4/><T108/><D79/><U103/><E103/><V116/><F116/><W38/><G38/><T64/><D7/><U50/><E50/><V76/><REACH who="2" step="1"/><F57/><REACH who="2" ten="163,66,331,430" step="2"/><W1/><G67/><T31/><D109/><U11/><E11/><V119/><F119/><W41/><G66/><T61/><D108/><U13/><E13/><AGARI ba="0,1" hai="5,9,13,15,19,22,49,51,76,80,86,113,114,115" machi="13" ten="40,5200,0" yaku="1,1,15,1,52,1,53,0" doraHai="14" doraHaiUra="55" who="2" fromWho="1" sc="163,0,66,-52,331,62,430,0" owari="163,-24.0,14,-49.0,393,19.0,430,54.0" /></mjloggm>