<mjloggm ver="2.3"><GO type="41" lobby="0"/><UN n0="%E3%81%97%E3%81%9F%E3%81%86%E3%81%91" n1="%E3%83%91%E3%83%96%E3%83%AD%E3%82%A2%E3%82%A4%E3%83%9E%E3%83%BC%E3%83%AB" n2="%E3%81%AF%E3%81%9F%E3%81%AA%E3%81%BE" n3="%E2%93%9D%53%75%70%68%78" dan="13,13,14,18" rate="1855.41,1842.89,1917.31,2135.94" sx="M,M,M,M"/><TAIKYOKU oya="0"/><INIT seed="0,0,0,4,0,41" ten="250,250,250,250" oya="0" hai0="33,70,85,24,88,110,83,128,68,97,4,112,90" hai1="59,57,91,34,37,7,6,89,132,8,122,56,92" hai2="116,121,49,25,130,51,3,0,27,124,102,131,82" hai3="15,119,54,100,36,105,113,118,14,28,99,29,58"/><T2/><D128/><U1/><E34/><V26/><F121/><W13/><G113/><T43/><D112/><U19/><E122/><V80/><F102/><W5/><G5/><T106/><D4/><U107/><E107/><V9/><F9/><W62/><REACH who="3" step="1"/><G36/><REACH who="3" ten="250,250,250,240" step="2"/><T77/><D2/><N who="2" m="554" /><F124/><W60/><G60/><T98/><D110/><U134/><E37/><V31/><F116/><AGARI ba="0,1" hai="13,14,15,28,29,54,58,62,99,100,105,116,118,119" machi="116" ten="40,1300,0" yaku="1,1,53,0" doraHai="41" doraHaiUra="46" who="3" fromWho="2" sc="250,0,250,0,250,-13,240,23" /><INIT seed="1,0,0,3,5,14" ten="250,250,237,263" oya="1" hai0="29,103,92,50,109,67,114,18,81,37,101,22,121" hai1="46,4,16,113,20,47,106,100,108,26,40,125,96" hai2="68,71,90,39,42,12,24,111,122,13,117,17,31" hai3="83,44,48,62,21,78,53,72,97,23,11,32,54"/><U87/><E113/><V93/><F117/><W118/><G32/><T130/><D37/><U99/><E125/><V7/><F122/><W104/><G118/><T127/><D109/><U102/><E4/><V34/><F111/><W135/><G135/><T1/><D1/><U80/><E108/><V75/><F75/><W124/><G124/><T128/><D127/><U133/><E133/><V76/><F76/><W69/><G11/><T5/><D5/><U51/><E47/><V33/><F34/><W79/><G79/><T9/><D9/><U115/><E115/><V0/><F0/><W45/><G69/><T84/><D29/><U43/><E43/><V19/><F7/><W131/><G131/><T49/><D67/><U57/><E57/><V63/><F39/><W60/><G104/><T116/><D116/><U64/><E64/><V73/><F42/><W107/><G97/><N who="0" m="59559" /><D103/><U110/><E110/><V41/><F73/><W74/><G107/><T25/><D121/><U61/><E61/><V119/><F63/><W82/><G78/><N who="0" m="46135" /><D114/><U123/><E123/><V134/><F134/><W66/><G66/><T15/><D25/><U98/><E102/><V77/><F41/><W129/><G129/><AGARI ba="0,0" hai="15,18,22,49,50,128,129,130" m="46135,59559" machi="129" ten="30,2000,0" yaku="19,1,52,1" doraHai="14" who="0" fromWho="3" sc="250,20,250,0,237,0,263,-20" /><INIT seed="2,0,0,0,2,99" ten="270,250,237,243" oya="2" hai0="105,53,9,32,98,130,45,100,86,84,2,18,123" hai1="89,44,90,107,62,42,11,24,135,112,63,93,122" hai2="12,60,51,118,66,88,6,85,82,104,0,8,22" hai3="52,80,16,59,46,97,15,65,131,35,92,69,70"/><V87/><F104/><W17/><G35/><T133/><D123/><U114/><E122/><V1/><F22/><W23/><G131/><T77/><D32/><U73/><E107/><V28/><F28/><W20/><G80/><T111/><D111/><U31/><E73/><V68/><F118/><W76/><G76/><T110/><D133/><U55/><E135/><V64/><F66/><W10/><G46/><T91/><D77/><U49/><E90/><V38/><F38/><W96/><G65/><T40/><D130/><U67/><E11/><V30/><F87/><W124/><G124/><T7/><D110/><U108/><E108/><V106/><F30/><W13/><G10/><T83/><D53/><U116/><E116/><V81/><F82/><W121/><G121/><T3/><D18/><U94/><E94/><V79/><F106/><W129/><G129/><T34/><D84/><U29/><E29/><V25/><F79/><W74/><G74/><T41/><D41/><U19/><E19/><V72/><F25/><W48/><G97/><T50/><REACH who="0" step="1"/><D34/><REACH who="0" ten="260,250,237,243" step="2"/><U54/><E114/><V75/><F72/><W14/><REACH who="3" step="1"/><G14/><AGARI ba="0,1" hai="2,3,7,9,14,40,45,50,83,86,91,98,100,105" machi="14" ten="30,8000,1" yaku="1,1,2,1,7,1,52,1,53,1" doraHai="99" doraHaiUra="47" who="0" fromWho="3" sc="260,90,250,0,237,0,243,-80" /><INIT seed="3,0,0,1,5,70" ten="350,250,237,163" oya="3" hai0="71,21,94,53,36,84,2,33,32,10,117,23,99" hai1="60,7,127,43,95,73,102,132,62,89,66,9,46" hai2="93,0,37,135,30,59,85,24,17,81,78,88,133" hai3="3,20,124,50,112,77,118,115,109,129,123,27,108"/><W47/><G77/><T11/><D84/><U86/><E132/><N who="2" m="50763" /><F0/><W58/><G3/><T69/><D94/><U111/><E73/><N who="2" m="43215" /><F17/><W49/><G123/><T14/><D14/><U101/><E111/><N who="3" m="42570" /><G118/><T51/><D51/><U28/><E28/><V116/><F116/><W52/><G124/><T91/><D91/><U38/><E127/><V107/><F107/><W76/><G76/><T134/><D134/><U113/><E113/><V18/><F18/><N who="3" m="12695" /><G129/><T48/><D48/><U4/><E4/><V56/><F37/><W29/><G29/><T6/><D6/><U65/><E62/><V104/><F104/><W120/><G120/><T54/><D2/><U68/><REACH who="1" step="1"/><E66/><REACH who="1" ten="350,240,237,163" step="2"/><V16/><F30/><W125/><G125/><T131/><D117/><U40/><E40/><AGARI ba="0,1" hai="40,47,49,50,52,58,112,115" m="12695,42570" machi="40" ten="30,5800,0" yaku="14,1,10,1,54,1" doraHai="70" who="3" fromWho="1" sc="350,0,240,-58,237,0,163,68" /><INIT seed="3,1,0,0,2,23" ten="350,182,237,231" oya="3" hai0="5,24,28,1,78,115,37,10,96,17,35,95,109" hai1="93,104,25,65,91,134,121,58,99,19,116,77,12" hai2="21,82,83,34,33,130,54,3,64,80,70,86,56" hai3="8,133,43,11,46,66,69,124,57,49,98,73,108"/><W6/><G73/><T15/><D37/><U32/><E121/><V53/><F3/><W102/><G133/><T38/><D38/><U122/><E122/><V51/><F130/><W90/><G124/><T110/><D78/><U119/><E134/><V67/><F21/><W27/><G69/><T42/><D42/><U112/><E112/><V113/><F86/><W26/><G108/><T61/><D61/><U114/><E114/><V126/><F113/><W30/><G90/><T22/><REACH who="0" step="1"/><D115/><REACH who="0" ten="340,182,237,231" step="2"/><U60/><E77/><V48/><F126/><W101/><G43/><T103/><AGARI ba="1,1" hai="1,5,10,15,17,22,24,28,35,95,96,103,109,110" machi="103" ten="30,12000,2" yaku="1,1,2,1,0,1,24,2,52,1,53,1" doraHai="23" doraHaiUra="0" who="0" fromWho="0" sc="340,133,182,-31,237,-31,231,-61" /><INIT seed="4,0,0,0,5,29" ten="473,151,206,170" oya="0" hai0="124,62,68,25,134,84,109,49,79,89,7,51,37" hai1="34,96,39,121,60,71,64,44,13,10,53,3,100" hai2="52,50,66,85,41,102,116,74,23,106,63,2,22" hai3="110,82,27,57,75,47,58,31,38,107,33,35,105"/><T15/><D37/><U61/><E121/><V117/><F74/><W91/><G110/><T24/><D124/><U43/><E3/><V114/><F2/><W127/><G127/><T21/><D79/><U78/><E78/><V4/><F4/><W92/><G82/><T20/><D68/><U129/><E129/><V101/><F114/><W17/><G75/><T76/><D76/><U132/><E132/><V32/><F41/><W14/><G35/><T122/><D134/><U86/><E86/><V69/><F85/><W77/><G107/><T111/><D62/><U0/><E0/><V42/><F42/><W12/><G105/><T9/><D122/><U46/><E46/><V30/><F106/><W40/><G14/><T72/><D72/><U95/><E34/><V80/><F80/><W93/><G93/><T99/><D99/><U16/><E60/><V115/><F115/><W55/><G55/><T67/><D67/><U90/><E53/><V119/><F102/><W128/><G128/><T118/><D118/><U54/><E54/><V70/><F69/><W26/><G26/><N who="0" m="10347" /><D111/><U123/><REACH who="1" step="1"/><E123/><REACH who="1" ten="473,141,206,170" step="2"/><V36/><F117/><W11/><REACH who="3" step="1"/><G77/><REACH who="3" ten="473,141,206,160" step="2"/><T125/><D109/><U19/><E19/><V133/><F119/><W28/><G28/><T6/><D125/><U56/><E56/><V83/><F30/><W97/><AGARI ba="0,2" hai="11,12,17,27,31,33,38,40,47,57,58,91,92,97" machi="97" ten="20,8000,1" yaku="1,1,0,1,7,1,52,1,53,1" doraHai="29" doraHaiUra="5" who="3" fromWho="3" sc="473,-40,141,-20,206,-20,160,100" /><INIT seed="5,0,0,3,4,41" ten="433,121,186,260" oya="1" hai0="11,55,9,102,83,109,75,13,21,71,132,134,46" hai1="128,76,81,56,44,5,85,95,117,74,114,97,35" hai2="58,49,38,34,16,86,18,92,112,94,64,98,77" hai3="57,127,54,37,32,63,118,111,66,91,0,1,52"/><U78/><E35/><V80/><F38/><W124/><G111/><T29/><D71/><U107/><E5/><V17/><F34/><W87/><G32/><T119/><D119/><U50/><E117/><V130/><F130/><W22/><G37/><T129/><D109/><U121/><E121/><V67/><F112/><W103/><G103/><T15/><D102/><U135/><E128/><V99/><F49/><W62/><G22/><T42/><D55/><U51/><E114/><V104/><F104/><W45/><G118/><T93/><D93/><U89/><E135/><N who="0" m="51753" /><D29/><U12/><E12/><N who="0" m="4681" /><D21/><U60/><E78/><V27/><F27/><W14/><G14/><T53/><D53/><U73/><E73/><V69/><F69/><W2/><G54/><T90/><D129/><U24/><E24/><V122/><F122/><W123/><G123/><T20/><D20/><U72/><E72/><V26/><F26/><W19/><G19/><T116/><D116/><U101/><E44/><V59/><F94/><W133/><G133/><T108/><D108/><U115/><REACH who="1" step="1"/><E115/><REACH who="1" ten="433,111,186,260" step="2"/><V100/><REACH who="2" step="1"/><F98/><REACH who="2" ten="433,111,176,260" step="2"/><W110/><G110/><T47/><D46/><U105/><E105/><V36/><F36/><W4/><G45/><T43/><D43/><U7/><E7/><V10/><F10/><W39/><G39/><N who="0" m="21983" /><D75/><U84/><E84/><AGARI ba="0,2" hai="9,11,83,84,90" m="21983,4681,51753" machi="84" ten="30,2000,0" yaku="20,1,52,1" doraHai="41" who="0" fromWho="1" sc="433,40,111,-20,176,0,260,0" /><INIT seed="6,0,0,1,4,4" ten="473,91,176,260" oya="2" hai0="78,2,47,61,88,60,19,81,40,56,79,43,123" hai1="74,49,11,109,130,76,21,135,92,9,50,118,44" hai2="12,54,36,103,97,90,31,114,42,100,18,34,39" hai3="101,115,8,1,111,63,7,51,121,71,68,82,91"/><V48/><F114/><W14/><G111/><T64/><D123/><U30/><E118/><V10/><F42/><W124/><G121/><T87/><D2/><U95/><E109/><V3/><F3/><W72/><G124/><T20/><D60/><U45/><E135/><V116/><F116/><W5/><G101/><T104/><D104/><U113/><E113/><V86/><F34/><W58/><G51/><N who="0" m="27111" /><D43/><U29/><E130/><V99/><F31/><W24/><G24/><AGARI ba="0,0" hai="19,20,24,56,61,64,78,79,81,87,88" m="27111" machi="24" ten="30,2000,0" yaku="8,1,54,1" doraHai="4" who="0" fromWho="3" sc="473,20,91,0,176,0,260,-20" /><INIT seed="7,0,0,2,5,76" ten="493,91,176,240" oya="3" hai0="77,31,133,2,40,0,128,17,69,132,89,105,96" hai1="123,42,50,43,23,35,22,55,113,109,45,79,26" hai2="135,38,25,91,111,75,71,88,3,95,30,129,124" hai3="93,67,127,92,1,62,68,131,118,74,52,59,72"/><W97/><G118/><T9/><D69/><U39/><E39/><V16/><F3/><W19/><G1/><T41/><D31/><U110/><E110/><V126/><F111/><W70/><G127/><N who="2" m="48681" /><F38/><W73/><G131/><T27/><D77/><U84/><E123/><V44/><F71/><W4/><G4/><T29/><D0/><U106/><E106/><V101/><F75/><W117/><G117/><T66/><D66/><U12/><E113/><V28/><F135/><N who="0" m="51786" /><D128/><U81/><E109/><V80/><F101/><W78/><G78/><T90/><D90/><U32/><E32/><V61/><F44/><W120/><G70/><T7/><D17/><U6/><E35/><V100/><F61/><W99/><G62/><T103/><D89/><U107/><E107/><V82/><F129/><W8/><G68/><T37/><D37/><U119/><E119/><V114/><F91/><W36/><G36/><T94/><D105/><U58/><E58/><V5/><F100/><W46/><G59/><T33/><AGARI ba="0,0" hai="2,7,9,27,29,33,40,41,94,96,103" m="51786" machi="33" ten="30,1100,0" yaku="20,1" doraHai="76" who="0" fromWho="0" sc="493,11,91,-3,176,-3,240,-5" owari="504,60.0,88,-41.0,173,-23.0,235,4.0" /></mjloggm>