<mjloggm ver="2.3"><GO type="41" lobby="0"/><UN n0="%E2%93%9D%53%75%70%68%78" n1="%E3%83%8F%E3%83%AB%E3%82%B8%E3%82%AA%E3%83%B3" n2="%59%6F%73%68%69%31%30%32" n3="%75%72%75%7A%37" dan="17,14,15,14" rate="2067.24,1982.80,1997.78,1942.17" sx="M,M,M,M"/><TAIKYOKU oya="0"/><INIT seed="0,0,0,4,5,56" ten="250,250,250,250" oya="0" hai0="109,33,39,111,92,12,65,42,95,89,17,34,11" hai1="103,26,76,3,4,102,66,0,50,117,129,29,70" hai2="118,52,37,69,127,112,75,53,28,116,18,41,45" hai3="35,1,115,99,98,38,46,31,83,9,84,94,79"/><T128/><D128/><U80/><E117/><N who="2" m="45163" /><F75/><W57/><G115/><T47/><D95/><U125/><E125/><V78/><F78/><W114/><G114/><T22/><D65/><U105/><E103/><V44/><F112/><W59/><G35/><T43/><D43/><U64/><E64/><V135/><F28/><W107/><G31/><T85/><REACH who="0" step="1"/><D22/><REACH who="0" ten="240,250,250,250" step="2"/><U13/><E66/><V121/><F127/><W7/><G107/><T61/><D61/><U27/><E105/><V100/><F41/><W123/><G94/><T48/><D48/><U25/><E50/><V72/><F37/><W14/><G38/><T87/><D87/><U32/><E32/><AGARI ba="0,1" hai="11,12,17,32,33,34,39,42,47,85,89,92,109,111" machi="32" ten="40,2000,0" yaku="1,1,53,0" doraHai="56" doraHaiUra="96" who="0" fromWho="1" sc="240,30,250,-20,250,0,250,0" /><INIT seed="0,1,0,2,3,36" ten="270,230,250,250" oya="0" hai0="45,101,43,133,0,40,135,123,110,91,108,47,61" hai1="122,2,60,20,33,21,94,124,23,134,29,51,81" hai2="22,9,16,128,103,132,77,89,92,17,8,4,97" hai3="49,59,63,64,6,31,13,130,79,106,109,37,71"/><T84/><D0/><U24/><E122/><V96/><F128/><W19/><G106/><T112/><D123/><U120/><E120/><V30/><F132/><N who="0" m="50762" /><D112/><U55/><E2/><V76/><F30/><W12/><G109/><N who="0" m="42091" /><D101/><U65/><E81/><V15/><F17/><W25/><G37/><T32/><D32/><U48/><E124/><V14/><REACH who="2" step="1"/><F8/><REACH who="2" ten="270,230,240,250" step="2"/><W127/><G19/><T62/><D47/><U90/><E134/><V66/><F66/><W73/><G64/><T116/><D116/><U78/><E33/><V86/><F86/><W67/><G67/><T44/><D44/><U125/><E125/><V7/><F7/><W83/><G6/><T69/><D45/><U119/><E119/><V99/><F99/><W54/><G127/><T85/><D85/><U28/><E29/><V115/><F115/><W11/><G31/><T57/><D69/><U80/><E28/><V117/><F117/><W129/><G71/><T27/><D27/><U102/><E24/><V58/><F58/><W82/><G25/><T114/><D114/><U42/><E23/><V1/><F1/><W46/><G46/><T107/><D57/><U100/><E21/><V18/><F18/><W56/><G59/><T50/><D84/><U68/><E20/><V26/><F26/><W52/><G11/><T41/><D41/><U72/><E65/><V3/><F3/><W70/><G70/><T38/><D43/><U111/><E68/><V87/><F87/><W10/><G10/><T74/><D40/><U5/><E111/><V126/><F126/><W95/><G56/><T121/><D121/><RYUUKYOKU ba="1,1" sc="270,-10,230,-10,240,30,250,-10" hai2="4,9,14,15,16,22,76,77,89,92,96,97,103" /><INIT seed="1,2,1,3,4,23" ten="260,220,270,240" oya="1" hai0="2,130,100,3,4,120,124,0,26,99,51,97,11" hai1="72,111,54,16,10,82,109,18,57,92,41,21,33" hai2="22,122,6,77,24,12,35,81,126,17,34,86,38" hai3="39,94,79,133,44,60,29,88,55,67,37,98,83"/><U113/><E113/><V132/><F122/><W129/><G133/><T89/><D130/><U131/><E33/><V48/><F132/><W90/><G129/><T28/><D124/><U96/><E41/><V49/><F38/><W45/><G90/><T110/><D110/><N who="1" m="41995" /><E131/><V134/><F134/><W135/><G135/><T31/><D31/><U56/><E10/><V78/><F78/><W128/><G128/><T73/><D73/><U47/><E47/><V68/><F68/><W50/><G29/><T116/><D116/><U8/><E8/><V40/><F126/><W30/><G30/><T76/><D76/><N who="1" m="44295" /><E54/><V42/><F35/><W63/><G45/><T19/><D120/><U125/><E125/><V95/><F34/><W112/><G112/><T105/><D19/><N who="1" m="7211" /><E21/><V70/><F40/><W61/><REACH who="3" step="1"/><G67/><REACH who="3" ten="260,220,270,230" step="2"/><T32/><D32/><U64/><E64/><V114/><F114/><W80/><G80/><T106/><D28/><U66/><E66/><V102/><F81/><W84/><AGARI ba="2,2" hai="37,39,44,50,55,60,61,63,79,83,84,88,94,98" machi="84" ten="30,4000,0" yaku="1,1,0,1,54,1,53,0" doraHai="23" doraHaiUra="36" who="3" fromWho="3" sc="260,-12,220,-22,270,-12,230,66" /><INIT seed="2,0,0,1,2,64" ten="248,198,258,296" oya="2" hai0="73,76,109,94,67,61,85,14,2,24,15,55,39" hai1="108,126,59,53,74,120,111,66,16,30,60,79,92" hai2="56,41,99,71,46,8,5,69,31,25,93,96,132" hai3="124,70,62,100,91,95,125,117,90,112,89,81,19"/><V43/><F56/><W36/><G36/><T3/><D39/><U37/><E37/><V6/><F132/><W82/><G19/><T38/><D73/><U130/><E30/><V102/><F99/><N who="3" m="59519" /><G62/><T107/><D109/><U122/><E92/><V80/><F80/><N who="3" m="30827" /><G70/><T18/><D107/><U48/><E79/><V97/><F97/><W35/><G35/><T106/><D106/><U84/><E84/><V87/><F87/><W42/><G42/><T1/><D76/><U4/><E74/><V34/><F5/><W50/><G50/><T128/><D38/><U98/><E98/><V123/><F123/><N who="1" m="47145" /><E4/><V127/><F127/><N who="3" m="48715" /><G117/><T65/><D65/><U129/><E16/><V114/><F114/><AGARI ba="0,0" hai="89,90,91,112,114" m="48715,30827,59519" machi="114" ten="40,5200,0" yaku="18,1,34,2" doraHai="64" who="3" fromWho="2" sc="248,0,198,0,258,-52,296,52" /><INIT seed="3,0,0,3,3,17" ten="248,198,206,348" oya="3" hai0="125,6,16,57,32,93,88,49,10,107,64,7,120" hai1="28,82,24,5,48,135,129,0,14,44,95,127,83" hai2="87,111,50,78,9,130,91,35,33,63,46,113,96" hai3="85,29,2,105,58,54,80,3,45,119,114,124,8"/><W38/><G114/><T92/><D107/><U97/><E0/><V51/><F113/><W76/><G119/><T25/><D120/><U20/><E135/><V55/><F111/><W133/><G105/><T71/><D71/><U132/><E132/><V128/><F63/><W66/><G124/><T34/><D93/><U42/><E129/><V30/><F30/><W67/><G3/><T22/><D125/><U131/><E131/><N who="2" m="50219" /><F78/><W106/><G106/><T126/><D126/><U89/><E127/><V68/><F68/><W74/><G85/><T43/><D34/><U13/><E5/><V116/><F96/><W77/><G77/><T108/><D32/><U52/><E42/><V117/><F117/><W86/><G29/><T118/><D108/><U4/><E4/><V37/><F37/><W69/><G69/><T56/><D7/><U12/><AGARI ba="0,0" hai="12,13,14,20,24,28,44,48,52,82,83,89,95,97" machi="12" ten="30,7900,0" yaku="0,1,8,1,52,1,54,1" doraHai="17" who="1" fromWho="1" sc="248,-20,198,79,206,-20,348,-39" /><INIT seed="4,0,0,5,1,2" ten="228,277,186,309" oya="0" hai0="12,105,76,122,7,35,125,68,121,4,106,1,69" hai1="83,38,60,15,41,28,94,111,16,101,82,126,57" hai2="128,87,22,97,112,33,63,27,17,70,6,32,10" hai3="61,62,66,64,14,58,48,45,109,103,104,132,116"/><T26/><D12/><U21/><E126/><V107/><F112/><W134/><G109/><T80/><D1/><U40/><E28/><V75/><F75/><W47/><G116/><T79/><D80/><U49/><E38/><V8/><F128/><W37/><G104/><T18/><D18/><U127/><E127/><V50/><F10/><W65/><G103/><T84/><D125/><U81/><E111/><V23/><F23/><W54/><G14/><T30/><D84/><U114/><E114/><V108/><F108/><W78/><G78/><T77/><D106/><U43/><E49/><V72/><F72/><W13/><G13/><T20/><D105/><U46/><E46/><V9/><F9/><W124/><G124/><T0/><D35/><U53/><E43/><V110/><F110/><W135/><G45/><T42/><D42/><AGARI ba="0,0" hai="37,42,47,48,54,58,61,62,64,65,66,132,134,135" machi="42" ten="50,8000,1" yaku="20,1,34,3" doraHai="2" who="3" fromWho="0" sc="228,-80,277,0,186,0,309,80" /><INIT seed="5,0,0,5,1,66" ten="148,277,186,389" oya="1" hai0="101,53,98,29,39,125,120,106,114,135,75,59,0" hai1="77,43,102,104,8,55,51,23,36,127,17,11,103" hai2="20,64,123,108,12,73,124,65,24,116,10,82,100" hai3="109,7,99,78,121,71,57,67,30,50,91,79,46"/><U90/><E127/><V83/><F116/><W33/><G109/><T61/><D125/><U28/><E28/><V132/><F124/><W16/><G7/><T72/><D114/><U34/><E34/><V21/><F123/><W2/><G2/><T4/><D135/><U18/><E77/><V76/><F108/><W80/><G30/><T131/><D131/><U130/><E43/><V44/><F100/><W31/><G31/><T3/><D39/><U92/><E36/><V96/><F96/><W94/><G57/><T119/><D119/><U111/><E130/><V81/><F132/><W93/><G33/><T52/><D120/><U68/><E68/><V89/><F44/><W40/><G79/><T41/><D41/><U56/><E18/><V74/><F24/><W15/><G121/><T38/><D38/><U118/><E118/><V115/><F115/><W54/><G40/><T62/><D29/><U70/><E70/><V35/><F35/><W129/><G129/><T128/><D128/><U5/><E104/><V133/><F133/><W14/><G16/><T6/><D6/><U87/><E111/><V63/><F76/><W97/><G71/><T49/><D4/><U122/><E122/><V134/><F134/><W27/><G78/><T25/><D25/><U117/><E117/><V22/><F89/><W110/><G27/><T42/><D42/><U60/><E60/><N who="0" m="23145" /><D53/><U48/><E48/><V84/><F63/><W126/><G126/><T19/><D19/><U13/><REACH who="1" step="1"/><E11/><REACH who="1" ten="148,267,186,389" step="2"/><V69/><F69/><W85/><G110/><T107/><D107/><U86/><E86/><RYUUKYOKU ba="0,1" sc="148,15,267,15,186,-15,389,-15" hai0="0,3,49,52,59,72,75,98,101,106" hai1="5,8,13,17,23,51,55,56,87,90,92,102,103" /><INIT seed="5,1,1,2,4,68" ten="163,282,171,374" oya="1" hai0="56,55,115,51,117,129,58,133,66,109,85,32,13" hai1="37,61,52,114,35,2,41,130,126,134,72,74,20" hai2="22,16,87,36,92,99,110,124,122,112,100,17,89" hai3="40,120,84,125,106,60,101,96,98,15,45,24,118"/><U63/><E114/><V21/><F110/><W12/><G120/><T44/><D32/><U53/><E35/><V76/><F122/><W38/><G125/><T93/><D109/><U62/><E2/><V75/><F124/><W79/><G118/><T23/><D117/><U119/><E119/><V25/><F112/><W97/><G97/><T104/><D104/><U47/><E126/><V116/><F116/><W94/><G24/><T50/><D129/><U102/><E134/><V70/><F70/><W49/><G60/><T59/><D133/><U3/><E3/><V9/><F9/><W69/><G69/><T57/><D115/><U107/><E130/><V29/><F36/><W111/><G49/><T33/><D33/><U71/><E71/><V128/><F128/><W113/><G111/><T42/><D66/><U27/><E102/><V10/><F10/><W90/><G113/><T48/><D48/><U39/><E107/><V18/><F75/><W54/><G54/><T131/><D131/><U82/><E39/><V28/><F76/><W77/><REACH who="3" step="1"/><G79/><REACH who="3" ten="163,282,171,364" step="2"/><T31/><D59/><U8/><E63/><V103/><F99/><W5/><G5/><T135/><D135/><U83/><E62/><V81/><F81/><AGARI ba="1,2" hai="12,15,38,40,45,77,81,84,90,94,96,98,101,106" machi="81" ten="40,2600,0" yaku="1,1,52,1,53,0" doraHai="68" doraHaiUra="0" who="3" fromWho="2" sc="163,0,282,0,171,-29,364,49" /><INIT seed="6,0,0,0,1,118" ten="163,282,142,413" oya="2" hai0="74,33,24,48,31,88,62,93,85,43,58,41,86" hai1="105,132,61,20,54,65,111,120,115,32,23,47,71" hai2="51,92,90,3,128,109,72,6,70,35,26,83,127" hai3="39,14,59,64,44,1,96,131,56,81,103,66,129"/><V99/><F70/><W79/><G1/><T40/><D74/><U121/><E105/><V69/><F69/><W22/><G39/><T123/><D123/><N who="1" m="47179" /><E32/><V87/><F127/><W124/><G44/><T15/><D15/><U21/><E111/><V108/><F128/><W78/><G124/><T9/><D9/><U73/><E73/><V104/><F3/><W100/><G14/><T135/><D135/><U38/><E115/><V114/><F6/><W46/><G46/><T2/><D2/><U112/><E112/><V28/><F114/><W122/><G122/><T130/><D130/><U106/><E106/><V4/><F4/><W27/><G22/><T89/><D48/><N who="1" m="28959" /><E38/><V50/><F109/><W19/><G131/><T77/><D77/><U29/><E29/><V82/><F108/><W119/><G78/><T97/><REACH who="0" step="1"/><D89/><REACH who="0" ten="153,282,142,413" step="2"/><U45/><E45/><V7/><F7/><W36/><G79/><T75/><D75/><U60/><E60/><V52/><F72/><W102/><G129/><T101/><D101/><U95/><E95/><V11/><F51/><W84/><G103/><T37/><D37/><U12/><E12/><V68/><F104/><W91/><G102/><T55/><AGARI ba="0,1" hai="24,31,33,40,41,43,55,58,62,85,86,88,93,97" machi="55" ten="30,4000,0" yaku="1,1,0,1,54,1,53,0" doraHai="118" doraHaiUra="18" who="0" fromWho="0" sc="153,50,282,-10,142,-20,413,-10" /><INIT seed="7,0,0,2,4,12" ten="203,272,122,403" oya="3" hai0="115,56,5,29,27,51,90,96,3,59,114,67,107" hai1="50,30,35,61,43,55,73,28,101,116,105,2,91" hai2="44,82,120,113,108,45,132,89,130,68,118,75,100" hai3="102,39,121,32,6,110,8,1,80,92,133,128,86"/><W42/><G121/><T38/><D38/><U26/><E73/><V23/><F44/><W31/><G128/><T122/><D122/><U36/><E2/><V124/><F45/><W16/><G42/><T7/><D3/><U135/><E30/><V81/><F23/><W40/><G40/><T14/><D67/><U104/><E43/><V78/><F100/><W53/><G133/><T99/><D90/><U18/><E36/><V15/><F15/><W83/><G110/><T46/><D46/><U97/><E116/><V70/><F89/><W98/><G32/><T54/><D107/><U87/><E61/><V21/><F21/><W134/><G134/><T62/><D14/><U13/><E135/><V65/><F65/><W63/><G31/><T11/><D11/><U71/><E71/><V49/><F49/><W33/><G33/><T58/><D51/><U117/><E117/><V77/><F82/><W48/><G83/><T109/><D109/><U127/><E127/><V9/><F9/><W24/><G63/><T79/><D62/><U129/><E129/><V69/><F81/><W94/><G94/><T10/><D10/><U84/><E104/><V76/><F76/><W111/><G80/><T64/><D79/><U103/><E103/><V125/><F78/><W25/><G102/><T19/><D64/><U17/><E13/><V66/><F77/><W106/><G106/><T72/><D72/><U126/><E126/><V88/><F66/><W131/><G39/><T37/><D37/><U4/><E105/><V47/><F88/><W57/><G131/><T123/><D123/><RYUUKYOKU ba="0,0" sc="203,0,272,0,122,0,403,0" owari="203,-20.0,272,7.0,122,-38.0,403,51.0" /></mjloggm>