<mjloggm ver="2.3"><GO type="41" lobby="0"/><UN n0="%E2%93%9D%53%75%70%68%78" n1="%59%41%4E%4D%45" n2="%6F%72%6B%67%61%6F%6B%67" n3="%E3%81%B2%E3%81%8B%E3%82%8B%E3%81%AE%E8%AA%A4%E3%83%9D%E3%83%B3" dan="18,14,14,14" rate="2129.83,1978.31,1909.27,2009.34" sx="M,M,M,M"/><TAIKYOKU oya="0"/><INIT seed="0,0,0,0,1,50" ten="250,250,250,250" oya="0" hai0="11,122,44,114,62,135,47,112,33,4,13,82,56" hai1="120,0,37,63,48,28,3,71,7,103,98,87,70" hai2="106,10,84,68,96,20,111,83,75,93,88,57,18" hai3="51,90,116,110,117,101,128,61,24,15,65,42,118"/><T45/><D122/><U100/><E37/><V36/><F68/><W49/><G101/><T59/><D33/><U21/><E120/><V92/><F36/><W22/><G15/><T58/><D135/><U99/><E7/><V27/><F111/><W131/><G90/><T109/><D109/><U39/><E39/><V43/><F43/><W17/><G110/><T130/><D130/><N who="3" m="49705" /><G42/><T102/><D102/><U14/><E48/><V34/><F75/><W25/><G24/><T66/><REACH who="0" step="1"/><D82/><REACH who="0" ten="240,250,250,250" step="2"/><U91/><E103/><V132/><F132/><W69/><AGARI ba="0,1" hai="17,22,25,49,51,61,65,69,116,117,118" m="49705" machi="69" ten="40,1500,0" yaku="19,1" doraHai="50" who="3" fromWho="3" sc="240,-7,250,-4,250,-4,250,25" /><INIT seed="1,0,0,5,4,81" ten="233,246,246,275" oya="1" hai0="40,49,93,57,132,75,92,72,134,103,8,34,67" hai1="97,52,0,113,33,101,38,32,87,79,108,31,16" hai2="100,45,80,47,24,56,63,3,44,91,114,2,109" hai3="85,41,15,118,94,74,106,10,25,107,30,117,54"/><U90/><E0/><V121/><F121/><W65/><G74/><T26/><D8/><U29/><E38/><V77/><F109/><W76/><G65/><T129/><D129/><U22/><E79/><V119/><F119/><W62/><G41/><T61/><D34/><U39/><E39/><V66/><F114/><W55/><G107/><T130/><D130/><U58/><E33/><V35/><F100/><W96/><G106/><T98/><D93/><N who="1" m="58543" /><E32/><V120/><F120/><W5/><G62/><T53/><D40/><U64/><E64/><V17/><F91/><W112/><G112/><T123/><D123/><U68/><E68/><V27/><F35/><W128/><G128/><T18/><D75/><U95/><E108/><V133/><F133/><W36/><G36/><T14/><D72/><U102/><E102/><V50/><F2/><W70/><G70/><T21/><REACH who="0" step="1"/><D26/><REACH who="0" ten="223,246,246,275" step="2"/><N who="1" m="14663" /><E113/><V20/><F27/><W124/><G118/><T131/><D131/><U46/><E46/><AGARI ba="0,1" hai="14,18,21,46,49,53,57,61,67,92,98,103,132,134" machi="46" ten="40,2600,0" yaku="1,1,53,1" doraHai="81" doraHaiUra="89" who="0" fromWho="1" sc="223,36,246,-26,246,0,275,0" /><INIT seed="2,0,0,1,0,106" ten="259,220,246,275" oya="2" hai0="44,71,63,48,75,39,67,82,70,109,120,30,32" hai1="1,130,104,125,95,9,124,2,126,107,0,57,65" hai2="128,19,49,127,134,14,119,72,116,102,36,37,135" hai3="69,20,23,40,3,31,114,5,85,132,64,88,78"/><V79/><F102/><W15/><G3/><T97/><D109/><U77/><E130/><V99/><F99/><W121/><G121/><T46/><D120/><U10/><E95/><V58/><F58/><W111/><G111/><T87/><D71/><U133/><E133/><N who="2" m="50699" /><F49/><W113/><G40/><T86/><D39/><N who="2" m="14922" /><F128/><W38/><G38/><T26/><D46/><U60/><REACH who="1" step="1"/><E77/><REACH who="1" ten="259,210,246,275" step="2"/><V56/><F127/><W11/><G78/><T28/><D97/><U35/><E35/><V84/><F116/><W18/><G132/><T112/><D32/><U129/><E129/><V16/><F119/><W94/><G31/><T27/><D30/><U45/><E45/><V90/><F56/><W98/><G98/><T110/><D110/><U4/><E4/><V73/><F79/><W33/><G33/><T74/><D28/><U17/><E17/><N who="2" m="6731" /><F14/><W68/><G23/><T91/><D44/><U93/><E93/><AGARI ba="0,1" hai="72,73,84,90,93" m="6731,14922,50699" machi="93" ten="30,11600,0" yaku="20,1,52,2,54,1" doraHai="106" who="2" fromWho="1" sc="259,0,210,-116,246,126,275,0" /><INIT seed="2,1,0,2,3,76" ten="259,94,372,275" oya="2" hai0="103,127,39,30,14,26,110,58,134,68,85,123,10" hai1="117,83,131,65,63,20,109,11,21,119,132,97,2" hai2="33,130,6,107,96,60,57,99,120,72,52,40,104" hai3="25,80,36,54,37,8,7,66,17,86,45,102,77"/><V129/><F120/><W98/><G66/><T27/><D68/><U116/><E109/><V118/><F118/><W5/><G25/><T46/><D134/><U28/><E131/><N who="2" m="50187" /><F33/><W24/><G24/><T12/><D127/><U61/><E132/><V84/><F72/><W108/><G108/><T105/><D105/><U91/><E28/><V41/><F6/><W56/><G17/><T101/><D39/><U100/><E63/><V55/><F55/><W53/><G53/><T87/><D46/><U1/><E1/><V31/><F31/><W75/><G75/><T74/><D74/><U19/><E2/><V49/><F60/><W94/><G45/><T79/><D123/><U135/><E135/><V78/><F104/><W44/><G44/><T22/><D110/><U92/><E11/><V111/><F111/><W133/><G133/><T113/><D10/><U59/><REACH who="1" step="1"/><E19/><REACH who="1" ten="259,84,372,275" step="2"/><V89/><F40/><W121/><G121/><T47/><D30/><U88/><E88/><V128/><F41/><W64/><G64/><T112/><D112/><U0/><E0/><V29/><F89/><W43/><G43/><T62/><D113/><U71/><E71/><V124/><F128/><W34/><G34/><T9/><D62/><U50/><E50/><V106/><F29/><W4/><REACH who="3" step="1"/><G8/><REACH who="3" ten="259,84,372,265" step="2"/><T69/><D9/><U42/><E42/><V122/><F122/><W67/><G67/><T23/><D23/><U93/><E93/><V70/><F107/><W38/><G38/><T81/><D22/><U16/><E16/><V32/><F106/><W35/><G35/><T126/><D69/><RYUUKYOKU ba="1,2" sc="259,-15,84,15,372,-15,265,15" hai1="20,21,59,61,65,83,91,92,97,100,116,117,119" hai3="4,5,7,36,37,54,56,77,80,86,94,98,102" /><INIT seed="3,2,2,5,1,81" ten="244,99,357,280" oya="3" hai0="89,24,21,122,66,49,48,2,96,63,118,83,18" hai1="32,90,82,14,0,9,38,43,58,5,52,36,79" hai2="123,33,115,40,23,116,100,26,86,46,56,93,106" hai3="22,44,114,88,97,69,45,124,13,84,131,73,130"/><W76/><G69/><T27/><D118/><U61/><E32/><V135/><F116/><W59/><G114/><T98/><D2/><U12/><E90/><V110/><F110/><W74/><G97/><T19/><D122/><U57/><E57/><V128/><F33/><W109/><G59/><N who="0" m="37247" /><D98/><U112/><E38/><V25/><F115/><W91/><G124/><T1/><D1/><U117/><E112/><V78/><F128/><N who="3" m="49195" /><G109/><T31/><D27/><U20/><E20/><V3/><F135/><W55/><G76/><T87/><D96/><U119/><E119/><V126/><F126/><W54/><G91/><T68/><D68/><U75/><E117/><V101/><F3/><W60/><G60/><T15/><D31/><U103/><REACH who="1" step="1"/><E103/><REACH who="1" ten="244,89,357,280" step="2"/><V92/><F100/><W37/><G37/><T108/><D108/><U104/><E104/><V120/><F56/><W77/><G77/><T6/><D6/><U94/><E94/><V125/><F93/><N who="3" m="54407" /><G44/><AGARI ba="2,3" hai="0,5,9,12,14,36,43,44,52,58,61,75,79,82" machi="44" ten="40,8000,1" yaku="1,1,25,2,54,1,53,1" doraHai="81" doraHaiUra="41" who="1" fromWho="3" sc="244,0,89,116,357,0,280,-86" /><INIT seed="4,0,0,3,4,119" ten="244,205,357,194" oya="0" hai0="124,47,76,33,123,132,11,126,1,18,114,31,10" hai1="131,65,80,38,30,26,107,43,73,15,66,127,34" hai2="91,6,3,56,21,0,90,23,74,86,48,111,4" hai3="24,101,105,46,135,50,14,28,67,37,97,129,113"/><T2/><D76/><U128/><E107/><V96/><F74/><W62/><G37/><T20/><D47/><U121/><E127/><N who="0" m="48681" /><D132/><U122/><E43/><V51/><F111/><W7/><G135/><T106/><D106/><U69/><E38/><V49/><F56/><W130/><G113/><T87/><D87/><U59/><E59/><V100/><F100/><W134/><G134/><T13/><D114/><U12/><E12/><V52/><F52/><W41/><G14/><T54/><D54/><U88/><E15/><V125/><F125/><W32/><REACH who="3" step="1"/><G7/><REACH who="3" ten="244,205,357,184" step="2"/><T120/><D11/><U81/><E73/><V102/><F0/><N who="0" m="106" /><D10/><U118/><E118/><V9/><F4/><W61/><G61/><T64/><D64/><N who="1" m="24683" /><E69/><AGARI ba="0,1" hai="24,28,32,41,46,50,62,67,69,97,101,105,129,130" machi="69" ten="40,5200,0" yaku="1,1,25,2,53,0" doraHai="119" doraHaiUra="19" who="3" fromWho="1" sc="244,0,205,-52,357,0,184,62" /><INIT seed="5,0,0,2,1,5" ten="244,153,357,246" oya="1" hai0="8,53,26,34,80,16,104,47,103,84,56,101,18" hai1="63,0,2,15,55,60,129,49,90,128,124,93,83" hai2="120,62,37,112,121,52,4,54,22,92,59,96,78" hai3="127,66,91,10,74,64,75,31,40,123,133,98,95"/><U86/><E124/><V126/><F37/><W134/><G40/><T42/><D104/><U72/><E0/><V102/><F126/><W23/><G123/><T28/><D103/><U29/><E2/><V44/><F112/><W57/><G57/><T87/><D101/><U73/><E29/><V51/><F78/><W113/><G113/><T82/><D87/><U110/><E110/><V20/><REACH who="2" step="1"/><F4/><REACH who="2" ten="244,153,347,246" step="2"/><W7/><G127/><T25/><D34/><U125/><E125/><V61/><F61/><W71/><G133/><T41/><D82/><U17/><E63/><V21/><AGARI ba="0,1" hai="20,21,22,44,51,52,54,59,62,92,96,102,120,121" machi="21" ten="30,4000,0" yaku="1,1,0,1,54,1,53,0" doraHai="5" doraHaiUra="38" who="2" fromWho="2" sc="244,-10,153,-20,347,50,246,-10" /><INIT seed="6,0,0,1,2,49" ten="234,133,397,236" oya="2" hai0="20,56,125,2,68,10,57,34,128,4,78,39,64" hai1="38,77,24,22,19,46,85,97,110,86,66,82,83" hai2="123,106,21,11,121,108,6,18,60,32,134,15,44" hai3="40,70,92,28,59,113,93,58,127,105,130,132,61"/><V102/><F32/><W118/><G105/><T133/><D34/><U41/><E110/><V9/><F106/><W109/><G28/><T7/><D39/><U13/><E66/><V107/><F107/><W52/><G93/><T75/><D128/><U99/><REACH who="1" step="1"/><E24/><REACH who="1" ten="234,123,397,236" step="2"/><V135/><F108/><W48/><G109/><T14/><D64/><U122/><E122/><V36/><F121/><W1/><G130/><T17/><D68/><U79/><AGARI ba="0,1" hai="13,19,22,38,41,46,77,79,82,83,85,86,97,99" machi="79" ten="20,5200,0" yaku="1,1,0,1,7,1,9,1,53,0" doraHai="49" doraHaiUra="47" who="1" fromWho="1" sc="234,-13,123,62,397,-26,236,-13" /><INIT seed="7,0,0,3,5,47" ten="221,185,371,223" oya="3" hai0="7,49,63,80,123,92,122,76,35,39,56,113,124" hai1="10,46,34,54,51,101,65,97,102,98,53,48,79" hai2="23,109,82,121,78,87,60,111,4,15,50,96,94" hai3="107,108,19,77,64,32,57,73,68,72,69,43,99"/><W85/><G32/><T84/><D39/><U1/><E34/><V37/><F37/><W33/><G33/><T103/><D35/><U91/><E1/><V128/><F121/><W131/><G43/><T14/><D124/><U104/><E79/><V66/><F128/><W59/><G19/><T27/><D113/><U117/><E65/><V120/><F50/><W55/><G85/><T40/><D27/><U31/><E31/><V114/><F114/><W13/><G131/><T5/><D123/><U17/><E91/><V129/><F129/><W3/><G3/><T29/><D29/><U125/><E125/><V74/><F120/><W52/><G64/><N who="0" m="39015" /><D14/><N who="1" m="7383" /><E104/><V9/><F23/><W127/><G77/><T62/><D122/><U132/><E132/><V18/><F18/><W112/><G127/><T22/><D22/><U135/><E117/><V20/><F20/><W12/><G112/><T0/><D0/><U2/><E2/><V134/><F134/><W83/><G107/><T116/><D116/><U30/><E30/><V88/><F74/><W86/><G108/><T118/><D118/><U106/><E106/><V44/><F44/><W42/><G69/><AGARI ba="0,0" hai="4,9,15,60,66,69,78,82,87,88,94,96,109,111" machi="69" ten="30,2000,0" yaku="7,1,54,1" doraHai="47" who="2" fromWho="3" sc="221,0,185,0,371,20,223,-20" owari="221,2.0,185,-31.0,391,49.0,203,-20.0" /></mjloggm>