<mjloggm ver="2.3"><GO type="41" lobby="0"/><UN n0="%E7%99%BD%E7%9F%B3%E9%BA%BB%E8%A1%A3%28%E6%9C%AC%E4%BA%BA%29" n1="%E2%93%9D%53%75%70%68%78" n2="%E4%BD%90%E8%97%A4%E8%A6%9A%E6%82%9F" n3="%E3%83%AB%E3%83%AA%E3%83%B2" dan="13,18,14,13" rate="1937.58,2160.62,1914.54,1864.70" sx="M,M,M,M"/><TAIKYOKU oya="0"/><INIT seed="0,0,0,3,1,35" ten="250,250,250,250" oya="0" hai0="85,128,107,58,42,20,75,29,81,47,36,127,68" hai1="15,24,69,77,8,89,96,109,4,72,45,13,84" hai2="16,131,27,67,101,82,37,2,46,94,5,73,103" hai3="17,134,51,0,133,132,10,118,135,30,93,56,98"/><T26/><D107/><U123/><E109/><V62/><F131/><W71/><G71/><T57/><D128/><U100/><E69/><V78/><F94/><W92/><G118/><T125/><D68/><U97/><E123/><V43/><F27/><W66/><G30/><T116/><D75/><U119/><E119/><V33/><F33/><W25/><G98/><T63/><D116/><U91/><E72/><V53/><F53/><N who="3" m="31807" /><G66/><T40/><D42/><U41/><E15/><V52/><F16/><W120/><G120/><T117/><D63/><U99/><E24/><V19/><F19/><W60/><G60/><T86/><D86/><U115/><E115/><V108/><F108/><W64/><G64/><T39/><D36/><U59/><E59/><N who="2" m="35175" /><F67/><W79/><G79/><T114/><D114/><U74/><E74/><V88/><F88/><W50/><G50/><T111/><D111/><U7/><E100/><V48/><F48/><W12/><N who="3" m="33792" /><DORA hai="22" /><W87/><G87/><T23/><D117/><U14/><E77/><V90/><F90/><W122/><G122/><T21/><D58/><U126/><E84/><V129/><F129/><W6/><G25/><T121/><D57/><U112/><E112/><V105/><F105/><W130/><G130/><T76/><REACH who="0" step="1"/><D121/><REACH who="0" ten="240,250,250,250" step="2"/><U49/><E49/><V1/><F37/><W104/><G104/><T3/><D3/><U65/><E65/><V106/><F106/><W28/><G28/><T80/><D80/><U55/><E55/><V11/><F2/><W38/><G38/><T61/><D61/><U95/><E95/><V110/><F110/><RYUUKYOKU ba="0,1" sc="240,10,250,-30,250,10,250,10" hai0="20,21,23,26,29,39,40,47,76,81,85,125,127" hai2="1,5,11,43,46,73,78,82,101,103" hai3="0,6,10,12,17,92,93" /><INIT seed="0,1,1,0,0,121" ten="250,220,260,260" oya="0" hai0="10,108,120,92,122,127,47,28,82,131,8,64,65" hai1="9,16,90,111,45,112,53,69,72,35,43,42,87" hai2="46,41,26,118,13,85,71,6,49,59,80,124,130" hai3="77,89,54,36,38,32,14,88,40,81,126,86,63"/><T18/><D28/><U20/><E72/><V2/><F130/><W117/><G117/><T116/><D116/><U22/><E35/><V114/><F124/><W19/><G32/><T66/><D131/><U56/><E69/><V55/><F114/><W27/><G126/><T11/><D127/><U62/><E111/><V39/><F2/><W21/><G38/><T52/><D92/><U110/><E110/><V60/><F26/><W106/><G106/><T132/><D18/><U83/><E112/><V24/><F24/><W102/><G102/><T50/><D108/><U96/><E96/><V3/><F3/><W113/><G36/><T1/><D1/><U101/><E101/><V15/><F6/><W105/><G105/><T134/><REACH who="0" step="1"/><D82/><REACH who="0" ten="240,220,260,260" step="2"/><U68/><E16/><V73/><F118/><W104/><G104/><T37/><D37/><U25/><E83/><V133/><F133/><AGARI ba="1,2" hai="8,10,11,47,50,52,64,65,66,120,122,132,133,134" machi="133" ten="50,9600,0" yaku="1,1,20,1,54,1,53,0" doraHai="121" doraHaiUra="115" who="0" fromWho="2" sc="240,119,220,0,260,-99,260,0" /><INIT seed="0,2,0,3,2,9" ten="359,220,161,260" oya="0" hai0="108,40,109,132,89,0,8,133,78,114,73,41,79" hai1="50,129,29,26,31,22,25,100,93,6,48,35,38" hai2="1,5,121,120,13,111,53,37,103,107,12,67,23" hai3="17,88,68,39,27,55,4,46,10,54,33,86,128"/><T72/><D114/><U122/><E38/><V97/><F37/><W126/><G68/><T74/><D0/><U117/><E117/><V119/><F119/><W118/><G118/><T134/><D89/><U130/><E122/><V30/><F111/><N who="0" m="42570" /><D8/><U106/><E106/><V96/><F1/><W102/><G128/><N who="1" m="49258" /><E6/><V83/><F5/><W81/><G126/><T32/><D32/><U71/><E71/><V21/><F67/><W99/><G39/><T94/><D94/><U64/><E64/><V135/><F135/><W45/><G33/><T112/><D112/><U20/><E35/><V127/><F53/><N who="3" m="19979" /><G99/><AGARI ba="2,0" hai="20,22,25,26,29,31,48,50,93,99,100" m="49258" machi="99" ten="30,1000,0" yaku="19,1" doraHai="9" who="1" fromWho="3" sc="359,0,220,16,161,0,260,-16" /><INIT seed="1,0,0,3,3,31" ten="359,236,161,244" oya="1" hai0="45,97,75,44,112,118,93,58,105,72,54,67,83" hai1="120,49,25,68,85,113,0,88,28,13,29,110,107" hai2="128,43,8,135,124,90,119,82,27,106,69,38,40" hai3="39,34,134,100,70,73,11,104,129,20,98,133,59"/><U19/><E113/><V24/><F119/><W14/><G73/><T92/><D118/><U77/><E120/><V16/><F106/><W9/><G39/><T7/><D67/><U6/><E107/><V62/><F124/><W116/><G116/><T10/><D92/><U65/><E77/><V111/><F111/><W41/><G41/><N who="2" m="15945" /><F69/><W23/><G129/><T47/><D83/><U122/><E122/><V37/><F128/><W132/><G70/><T35/><D35/><U109/><E49/><V1/><F1/><W52/><G34/><T95/><D95/><U36/><E36/><V125/><F125/><W66/><G66/><T121/><D112/><U102/><E102/><V89/><F135/><W17/><REACH who="3" step="1"/><G9/><REACH who="3" ten="359,236,161,234" step="2"/><T74/><D121/><U30/><E65/><V48/><F38/><W4/><G4/><T127/><D127/><U96/><E68/><V84/><F37/><W79/><G79/><T114/><D114/><U57/><E110/><V53/><F8/><W18/><G18/><T130/><D130/><U99/><E109/><V131/><F131/><W103/><G103/><T76/><D76/><U50/><E6/><V86/><F16/><W101/><G101/><N who="0" m="60591" /><D75/><U94/><E99/><V78/><F78/><W91/><G91/><T46/><D74/><U32/><E96/><V15/><F90/><W108/><G108/><T60/><D72/><U33/><E33/><V64/><F64/><W3/><G3/><N who="0" m="383" /><D105/><U42/><E0/><V63/><F89/><W71/><G71/><T12/><N who="0" m="11264" /><DORA hai="51" /><T61/><D54/><N who="1" m="31959" /><E42/><V22/><F53/><W80/><G80/><RYUUKYOKU ba="0,1" sc="359,-15,236,15,161,-15,234,15" hai1="13,19,25,28,29,30,32,85,88,94" hai3="11,14,17,20,23,52,59,98,100,104,132,133,134" /><INIT seed="1,1,1,3,0,0" ten="344,251,146,249" oya="1" hai0="45,88,52,114,90,59,41,126,97,131,87,80,74" hai1="44,82,20,15,62,103,96,113,13,89,123,91,69" hai2="27,2,21,100,4,75,133,29,104,32,5,33,65" hai3="17,106,127,70,30,83,125,130,46,38,36,43,23"/><U115/><E123/><V118/><F75/><W42/><G106/><T1/><D131/><U10/><E44/><V51/><F118/><W128/><G30/><T67/><D67/><U11/><E20/><V14/><F65/><W132/><G70/><T16/><D1/><U111/><E69/><V31/><F100/><W105/><G105/><T117/><D126/><N who="3" m="48137" /><G83/><T112/><D74/><U119/><E62/><V53/><F104/><W72/><G72/><T7/><D7/><N who="2" m="2634" /><F133/><W85/><G85/><T19/><D117/><U40/><E119/><V48/><F53/><W77/><G77/><T49/><D114/><U98/><E103/><V107/><F107/><W6/><G132/><T54/><D54/><U110/><E82/><V66/><F66/><W135/><G6/><T95/><D112/><U37/><E40/><N who="3" m="15402" /><G46/><T121/><REACH who="0" step="1"/><D121/><REACH who="0" ten="334,251,146,249" step="2"/><U57/><E115/><V34/><F2/><W63/><G135/><T76/><D76/><U129/><E113/><V26/><F51/><AGARI ba="1,2" hai="16,19,41,45,49,51,52,59,80,87,88,90,95,97" machi="51" ten="30,12000,2" yaku="1,1,7,1,8,1,54,3,53,0" doraHai="0" doraHaiUra="120" who="0" fromWho="2" sc="334,143,251,0,146,-123,249,0" /><INIT seed="2,0,0,5,5,102" ten="477,251,23,249" oya="2" hai0="37,39,99,104,11,29,106,105,90,94,12,109,54" hai1="20,75,121,114,92,49,80,44,116,68,79,61,17" hai2="40,123,122,48,70,124,130,71,65,36,32,23,91" hai3="7,135,5,72,1,24,30,6,28,97,15,56,120"/><V69/><F32/><W2/><G120/><N who="2" m="46121" /><F23/><W16/><G72/><T96/><D29/><N who="3" m="11369" /><G135/><T134/><D134/><U27/><E114/><V45/><F91/><W52/><G97/><T47/><D99/><U112/><E116/><V73/><F73/><W60/><G2/><T64/><D64/><U14/><E112/><V22/><F22/><N who="3" m="13383" /><G1/><T111/><D54/><U10/><E121/><V42/><F130/><W101/><G101/><T86/><D96/><U25/><E25/><V103/><F103/><W19/><G19/><N who="0" m="8607" /><D47/><U66/><E27/><V55/><F124/><W77/><G77/><T82/><D82/><U4/><E17/><V115/><F115/><W38/><G38/><T84/><D84/><U133/><E133/><V131/><F131/><W78/><G78/><T128/><D128/><U33/><E75/><V76/><F76/><W8/><AGARI ba="0,0" hai="5,6,7,8,15,52,56,60" m="13383,11369" machi="8" ten="30,4000,0" yaku="8,1,54,2" doraHai="102" who="3" fromWho="3" sc="477,-10,251,-10,23,-20,249,40" /><INIT seed="3,0,0,0,2,135" ten="467,241,3,289" oya="3" hai0="13,36,84,117,93,104,71,112,128,24,103,91,61" hai1="3,35,40,99,57,111,100,79,116,72,63,108,118" hai2="97,10,17,95,82,28,77,81,126,19,124,70,129" hai3="66,133,46,83,44,123,120,98,107,130,27,121,34"/><W18/><G133/><T59/><D36/><U113/><E3/><V43/><F70/><W14/><G130/><T12/><D117/><N who="1" m="45163" /><E35/><V20/><F129/><W69/><G83/><T73/><D103/><U102/><E40/><V85/><F43/><W16/><G14/><T8/><D104/><N who="1" m="63519" /><E113/><V50/><F82/><W87/><G87/><T41/><D73/><U1/><E1/><V49/><F10/><W106/><G98/><T122/><D122/><U53/><E102/><N who="2" m="60735" /><F28/><W90/><G66/><T80/><D41/><U21/><E21/><V7/><F7/><W62/><G62/><T67/><D112/><U30/><E30/><V60/><F60/><W4/><G69/><T89/><D71/><U119/><E119/><V114/><F114/><W125/><G123/><T5/><D24/><U110/><E79/><V94/><F94/><W131/><G107/><T56/><D56/><U105/><E105/><V26/><F17/><W51/><G106/><T9/><D9/><U31/><E31/><V64/><F64/><W32/><G131/><T74/><D74/><AGARI ba="0,0" hai="53,57,63,72,74,108,110,111" m="63519,45163" machi="74" ten="40,2600,0" yaku="14,1,12,1" doraHai="135" who="1" fromWho="0" sc="467,-26,241,26,3,0,289,0" /><INIT seed="4,0,0,3,5,29" ten="441,267,3,289" oya="0" hai0="22,53,17,66,35,83,25,114,118,119,46,102,86" hai1="94,87,90,58,24,36,70,4,14,121,82,115,6" hai2="129,18,72,63,30,116,47,93,133,52,41,117,75" hai3="5,81,49,122,111,84,79,126,67,33,97,19,120"/><T7/><D102/><U3/><E121/><N who="3" m="46698" /><G111/><T128/><D66/><U64/><E70/><V0/><F0/><W130/><G130/><T124/><D114/><U2/><E36/><V15/><F129/><W34/><G126/><T109/><D109/><U55/><E64/><V74/><F133/><W104/><G5/><T127/><D7/><U39/><E39/><V73/><N who="2" m="18432" /><DORA hai="40" /><V38/><F93/><W96/><G67/><T71/><D71/><U51/><E115/><V10/><F30/><W57/><G19/><T21/><D21/><U88/><E3/><V134/><F134/><W99/><G104/><T105/><D35/><U108/><E108/><V23/><F23/><W76/><G79/><N who="0" m="46463" /><D105/><U31/><E2/><V91/><F91/><W62/><G49/><N who="0" m="28855" /><D128/><U125/><E125/><AGARI ba="0,0" hai="17,22,25,118,119,124,125,127" m="28855,46463" machi="125" ten="30,2900,0" yaku="18,1,52,1" doraHai="29,40" who="0" fromWho="1" sc="441,29,267,-29,3,0,289,0" /><INIT seed="4,1,0,2,0,87" ten="470,238,3,289" oya="0" hai0="19,48,4,76,8,56,3,2,22,71,86,95,32" hai1="23,53,111,52,40,117,16,39,12,94,134,135,118" hai2="64,50,44,43,21,47,30,27,106,33,83,29,14" hai3="109,122,99,24,65,13,104,128,49,20,15,11,34"/><T103/><D71/><U54/><E111/><V75/><F106/><W92/><G122/><T31/><D76/><U93/><E40/><V41/><F64/><W37/><G109/><T58/><D3/><U82/><E82/><V132/><F132/><N who="1" m="50729" /><E39/><V121/><F121/><W73/><G73/><T10/><D10/><U85/><E85/><V100/><F100/><W6/><G104/><T59/><D103/><U110/><E110/><V35/><F30/><W45/><G37/><T46/><D32/><U26/><E26/><V62/><F62/><W112/><G112/><T90/><D31/><U129/><E129/><V101/><F101/><N who="3" m="60647" /><G34/><T79/><D79/><U17/><E17/><V5/><F75/><W25/><G65/><T67/><D67/><U102/><BYE who="0" /><E102/><V91/><F91/><W28/><G128/><T74/><D74/><U80/><E80/><V131/><F83/><W51/><G24/><T60/><D60/><U9/><E23/><V115/><F131/><W61/><G61/><T108/><D108/><U42/><E42/><V97/><F97/><UN n0="%E7%99%BD%E7%9F%B3%E9%BA%BB%E8%A1%A3%28%E6%9C%AC%E4%BA%BA%29" /><W123/><G123/><T63/><D63/><U72/><E72/><V113/><F43/><N who="3" m="24767" /><G51/><T1/><D2/><U81/><E81/><V126/><F47/><W84/><G84/><T89/><D46/><U98/><E98/><V57/><F126/><W68/><G68/><T36/><D48/><U116/><AGARI ba="1,0" hai="9,12,16,52,53,54,93,94,116,117,118" m="50729" machi="116" ten="40,5200,0" yaku="20,1,54,2" doraHai="87" who="1" fromWho="1" sc="470,-27,238,55,3,-14,289,-14" owari="443,54.0,293,9.0,-11,-51.0,275,-12.0" /></mjloggm>