<mjloggm ver="2.3"><GO type="41" lobby="0"/><UN n0="%62%6F%6E%63%68%75" n1="%E3%82%88%E3%81%97%E9%BA%BF" n2="%E8%8E%9E" n3="%E2%93%9D%53%75%70%68%78" dan="13,13,13,18" rate="1943.13,1843.72,1900.20,2092.82" sx="M,M,M,M"/><TAIKYOKU oya="0"/><INIT seed="0,0,0,0,4,11" ten="250,250,250,250" oya="0" hai0="35,110,100,89,56,49,39,55,133,76,102,32,48" hai1="29,27,124,61,31,17,90,22,125,92,46,84,44" hai2="111,72,30,38,45,3,7,60,99,88,65,51,9" hai3="42,4,58,85,68,0,73,122,23,135,6,119,126"/><T114/><D114/><U96/><E61/><V66/><F72/><W132/><G119/><T12/><D133/><U107/><E31/><V118/><F118/><W86/><G42/><T87/><D39/><U52/><E107/><V13/><F111/><W77/><G126/><N who="1" m="48746" /><E96/><V123/><F123/><W19/><G68/><T105/><D76/><U78/><E78/><V117/><F38/><W112/><G0/><T1/><D1/><U98/><E98/><V129/><F117/><W67/><G112/><T10/><D110/><U113/><E113/><V101/><F129/><W63/><G73/><T5/><D49/><N who="1" m="28711" /><E29/><V130/><F130/><W36/><G122/><T33/><REACH who="0" step="1"/><D105/><REACH who="0" ten="240,250,250,250" step="2"/><U71/><E71/><V128/><F3/><W79/><G36/><T57/><D57/><U134/><E46/><V80/><F128/><W43/><G135/><AGARI ba="0,1" hai="17,22,27,84,90,92,134,135" m="28711,48746" machi="135" ten="30,2000,0" yaku="18,1,54,1" doraHai="11" who="1" fromWho="3" sc="240,0,250,30,250,0,250,-20" /><INIT seed="1,0,0,2,5,85" ten="240,280,250,230" oya="1" hai0="46,9,68,2,121,103,74,120,135,94,39,47,19" hai1="132,101,25,79,76,104,116,134,90,13,44,21,45" hai2="48,3,26,72,66,110,69,78,15,57,71,77,98" hai3="12,32,124,59,18,55,20,35,63,52,128,97,127"/><U125/><E116/><V111/><F3/><W17/><G128/><T123/><D68/><U62/><E104/><V99/><F26/><W40/><G40/><T56/><D74/><U83/><E101/><V64/><F15/><W31/><G31/><T88/><D135/><N who="1" m="51755" /><E13/><V7/><F48/><W11/><G55/><T43/><D56/><U130/><E130/><V50/><F50/><W133/><G133/><T38/><D103/><U36/><E36/><N who="0" m="13865" /><D43/><U28/><E125/><N who="3" m="48202" /><G97/><N who="0" m="57543" /><D2/><U115/><E115/><V53/><F57/><W37/><G37/><T8/><D8/><U102/><E102/><V118/><F7/><W33/><G11/><T117/><D117/><U105/><E105/><V58/><F58/><W0/><G0/><T22/><D9/><U131/><E131/><V70/><F70/><W114/><G114/><T92/><D92/><U51/><E62/><V109/><F118/><W100/><G100/><T67/><D67/><N who="2" m="25642" /><F53/><W80/><G63/><T27/><AGARI ba="0,0" hai="19,22,27,46,47,120,121,123" m="57543,13865" machi="27" ten="40,5200,0" yaku="13,1,52,1,54,1" doraHai="85" who="0" fromWho="0" sc="240,52,280,-26,250,-13,230,-13" /><INIT seed="2,0,0,4,2,118" ten="292,254,237,217" oya="2" hai0="124,25,58,106,49,15,45,22,26,66,4,135,73" hai1="2,68,87,105,117,125,92,71,82,89,91,104,40" hai2="127,18,37,50,30,103,98,107,94,60,6,46,116" hai3="61,112,44,111,109,36,29,43,110,12,59,28,21"/><V80/><F116/><W23/><G112/><T1/><D73/><U34/><E34/><V65/><F127/><W113/><G113/><T78/><D106/><U132/><E2/><V14/><F37/><W130/><G130/><T38/><D78/><U67/><E117/><V64/><F6/><W7/><G7/><T69/><D1/><U85/><E125/><V19/><F30/><N who="3" m="11883" /><G12/><T41/><D135/><U63/><E132/><V76/><F107/><W62/><G62/><N who="0" m="40151" /><D124/><U10/><E40/><V79/><F80/><W51/><G36/><T3/><D3/><U84/><E10/><V42/><F19/><W9/><G9/><N who="0" m="4519" /><D22/><U72/><E72/><V121/><F121/><W57/><G57/><T100/><D100/><U133/><E133/><V81/><F81/><W120/><G120/><T31/><D31/><U8/><E8/><V101/><F101/><W119/><G119/><T48/><D48/><U16/><E71/><V32/><F32/><W108/><G108/><T83/><D83/><U27/><REACH who="1" step="1"/><E87/><REACH who="1" ten="292,244,237,217" step="2"/><V123/><F123/><W39/><G39/><T0/><D0/><U129/><E129/><V90/><F65/><AGARI ba="0,1" hai="21,23,43,44,51,59,61,65,109,110,111" m="11883" machi="65" ten="30,1000,0" yaku="14,1" doraHai="118" who="3" fromWho="2" sc="292,0,244,0,237,-10,217,20" /><INIT seed="3,0,0,4,3,21" ten="292,244,227,237" oya="3" hai0="79,25,104,29,120,117,8,82,72,24,131,76,134" hai1="69,2,61,31,112,83,1,66,55,81,51,19,93" hai2="10,13,27,17,129,48,80,5,110,74,33,123,115" hai3="35,77,39,52,101,14,41,91,118,53,87,88,113"/><W126/><G113/><T6/><D117/><U102/><E112/><V97/><F115/><W108/><G118/><T4/><D120/><U86/><E31/><V7/><F123/><W119/><G119/><T107/><D131/><U125/><E125/><V109/><F129/><W124/><G101/><T58/><D134/><U127/><E127/><N who="3" m="48682" /><G35/><T62/><D29/><U23/><E83/><V26/><F97/><W40/><G108/><N who="2" m="41577" /><F48/><W64/><G64/><T30/><D79/><U56/><E93/><V103/><F103/><W95/><G77/><T49/><D49/><U114/><E102/><V116/><F116/><W34/><G34/><T78/><D78/><U133/><E133/><V20/><F80/><N who="3" m="49255" /><G14/><T18/><D18/><U85/><E85/><V38/><F38/><W99/><G39/><T111/><D111/><U46/><E114/><V0/><F74/><W42/><AGARI ba="0,0" hai="40,41,42,52,53,91,95,99" m="49255,48682" machi="42" ten="30,6000,0" yaku="18,1,54,2" doraHai="21" who="3" fromWho="3" sc="292,-20,244,-20,227,-20,237,60" /><INIT seed="3,1,0,0,0,51" ten="272,224,207,297" oya="3" hai0="25,64,120,110,5,22,2,4,126,121,82,11,99" hai1="39,34,47,85,43,114,118,83,127,19,20,45,69" hai2="113,46,57,77,32,12,86,17,129,3,123,50,65" hai3="6,62,116,18,73,75,74,133,109,29,107,38,106"/><W71/><G18/><T58/><D110/><U0/><E0/><V23/><F3/><W93/><G93/><T101/><D126/><U27/><E69/><V111/><F113/><W68/><G116/><T112/><D112/><U30/><E127/><V42/><F32/><W128/><G128/><T76/><D5/><U56/><E118/><V28/><F123/><W24/><G133/><T135/><D135/><U95/><E114/><V59/><F129/><W91/><G91/><T7/><D7/><U16/><E95/><V78/><F111/><W131/><G131/><T88/><D64/><U44/><E56/><V66/><F28/><W90/><G90/><T60/><D76/><N who="2" m="29290" /><F86/><W49/><G38/><T97/><D101/><U33/><E33/><V94/><F94/><W122/><G122/><T52/><D99/><U55/><E19/><V9/><F9/><W31/><G6/><T67/><D67/><AGARI ba="1,0" hai="12,17,23,42,46,50,57,59,65,66,67" m="29290" machi="67" ten="30,1000,0" yaku="8,1" doraHai="51" who="2" fromWho="0" sc="272,-13,224,0,207,13,297,0" /><INIT seed="4,0,0,2,3,12" ten="259,224,220,297" oya="0" hai0="130,90,125,109,126,21,65,103,81,60,102,26,78" hai1="120,28,112,15,64,11,74,98,80,6,47,104,122" hai2="121,14,45,0,135,77,86,87,93,117,44,88,97" hai3="23,29,66,48,75,3,24,62,19,72,32,84,53"/><T133/><D130/><U8/><E112/><V56/><F0/><W110/><G110/><T76/><D109/><U128/><E128/><V68/><F68/><W49/><G3/><T118/><D118/><U95/><E28/><V59/><F121/><W123/><G49/><T33/><D33/><U55/><E104/><V10/><F135/><W85/><G75/><T50/><D133/><U58/><E64/><V22/><F22/><W54/><G72/><T9/><D9/><U83/><E74/><V30/><F30/><W5/><G54/><T13/><D13/><N who="1" m="5271" /><E47/><N who="2" m="17995" /><F77/><N who="0" m="29802" /><D50/><N who="1" m="31095" /><E122/><V71/><F71/><W52/><G123/><T114/><D90/><N who="1" m="55671" /><E120/><V116/><F116/><W17/><G32/><T101/><D81/><U34/><E34/><V124/><F124/><N who="0" m="47722" /><D114/><U70/><E70/><V43/><F43/><W16/><G48/><T7/><D7/><AGARI ba="0,0" hai="7,11,15,80,83" m="55671,31095,5271" machi="7" ten="30,1000,0" yaku="8,1" doraHai="12" who="1" fromWho="0" sc="259,-10,224,10,220,0,297,0" /><INIT seed="5,0,0,2,2,85" ten="249,234,220,297" oya="1" hai0="79,91,50,121,83,77,88,24,18,48,133,23,119" hai1="114,89,36,61,70,2,4,25,76,11,22,41,33" hai2="112,62,128,74,66,10,87,81,126,12,64,102,124" hai3="101,0,122,31,103,45,132,84,28,118,75,14,40"/><U69/><E76/><N who="0" m="29257" /><D119/><U73/><E73/><V90/><F74/><W86/><G0/><T1/><D1/><U16/><E114/><V29/><F29/><W49/><G132/><T58/><D133/><U72/><E72/><V30/><F30/><N who="3" m="11307" /><G122/><T5/><D5/><U37/><E41/><V54/><F102/><N who="3" m="38923" /><G75/><T96/><D121/><U92/><E37/><V106/><F106/><W63/><G118/><T9/><D9/><U19/><E36/><V35/><F35/><W111/><G111/><T38/><D38/><U67/><E33/><V32/><F32/><W55/><G14/><T6/><D6/><U129/><E129/><V34/><F34/><W100/><G100/><T130/><D130/><U117/><E117/><V109/><F109/><W94/><G94/><N who="0" m="56391" /><D58/><AGARI ba="0,0" hai="40,45,49,55,58,63,84,86" m="38923,11307" machi="58" ten="30,1000,0" yaku="8,1" doraHai="85" who="3" fromWho="0" sc="249,-10,234,0,220,0,297,10" /><INIT seed="6,0,0,5,2,111" ten="239,234,220,307" oya="2" hai0="121,19,118,130,30,6,108,1,72,101,100,25,12" hai1="97,132,60,102,125,39,59,33,31,70,11,45,5" hai2="35,24,80,21,37,129,46,96,63,81,76,117,64" hai3="99,43,127,61,47,71,115,2,38,55,116,98,49"/><V10/><F117/><W53/><G2/><T22/><D108/><U16/><E125/><V48/><F129/><W57/><G116/><T94/><D121/><U109/><E109/><V120/><F37/><W126/><G99/><T112/><D130/><U44/><E132/><V135/><F120/><W86/><G86/><T27/><D118/><U82/><E70/><V131/><F131/><W107/><G98/><T92/><D72/><U34/><E31/><V56/><F135/><W15/><G15/><T67/><D67/><U0/><E39/><V65/><F35/><W85/><G85/><T123/><D123/><U54/><E82/><V7/><F96/><W88/><G88/><T23/><D112/><U77/><E77/><V134/><F134/><W110/><G107/><T36/><D36/><U79/><E79/><V106/><F106/><W87/><G87/><T68/><D68/><U74/><E74/><V41/><F65/><N who="3" m="41391" /><G110/><T26/><D26/><U50/><E44/><V32/><F32/><W95/><G95/><T124/><D124/><N who="3" m="47657" /><G55/><T73/><D73/><U133/><E16/><N who="2" m="12327" /><F76/><W83/><G83/><N who="2" m="31817" /><F10/><W119/><G119/><T52/><D1/><U122/><E122/><V29/><F29/><W62/><G38/><T58/><D101/><U28/><E28/><V114/><F7/><W90/><G90/><T113/><D100/><U13/><E0/><V14/><F14/><W103/><G103/><T75/><D75/><U40/><REACH who="1" step="1"/><E133/><REACH who="1" ten="239,224,220,307" step="2"/><V51/><F51/><W3/><G3/><T84/><D30/><U42/><E42/><V105/><F105/><AGARI ba="0,1" hai="5,11,13,33,34,40,45,50,54,59,60,97,102,105" machi="105" ten="30,3900,0" yaku="1,1,7,1,53,1" doraHai="111" doraHaiUra="4" who="1" fromWho="2" sc="239,0,224,49,220,-39,307,0" /><INIT seed="7,0,0,5,2,19" ten="239,273,181,307" oya="3" hai0="132,73,56,10,44,7,98,25,123,6,76,97,16" hai1="66,83,3,133,88,22,0,114,49,37,79,8,27" hai2="78,126,33,107,92,47,39,5,90,28,94,127,108" hai3="117,4,80,17,64,63,52,125,26,32,128,46,113"/><W112/><G125/><T119/><D119/><U129/><E37/><V71/><F71/><W120/><G128/><T12/><D123/><U24/><E129/><V70/><F70/><W95/><G4/><T124/><D124/><N who="2" m="47658" /><F107/><W50/><G95/><T109/><D109/><U69/><E133/><V99/><F5/><W57/><G120/><T102/><D132/><U77/><E114/><N who="3" m="44138" /><G80/><T21/><D44/><U23/><E69/><V74/><F108/><W9/><G9/><T110/><D110/><U106/><E106/><V38/><F28/><N who="3" m="19479" /><G17/><T59/><D6/><U111/><E111/><V122/><F33/><W104/><G104/><T42/><D42/><U35/><E66/><V135/><F122/><W48/><G48/><T58/><REACH who="0" step="1"/><D102/><REACH who="0" ten="229,273,181,307" step="2"/><U75/><E3/><V86/><F135/><W36/><G36/><T40/><D40/><U20/><E0/><V53/><F78/><W55/><G117/><T89/><D89/><U100/><E88/><N who="2" m="55751" /><F74/><W101/><G101/><T82/><AGARI ba="0,1" hai="7,10,12,16,21,25,56,58,59,73,76,82,97,98" machi="82" ten="30,7900,0" yaku="1,1,0,1,52,1,54,1,53,0" doraHai="19" doraHaiUra="115" who="0" fromWho="0" sc="229,89,273,-20,181,-20,307,-39" owari="318,42.0,253,-15.0,161,-34.0,268,7.0" /></mjloggm>