<mjloggm ver="2.3"><GO type="41" lobby="0"/><UN n0="%68%61%6D%74%61%72%6F%75" n1="%E6%A0%B9%E5%B2%B8" n2="%E3%81%BC%E3%81%84%E3%82%89%E3%83%BC%E3%82%B2%E3%83%B3%E3%82%B2" n3="%E2%93%9D%53%75%70%68%78" dan="14,13,15,17" rate="1910.94,1871.74,1965.29,1997.41" sx="M,M,M,M"/><TAIKYOKU oya="0"/><INIT seed="0,0,0,1,2,83" ten="250,250,250,250" oya="0" hai0="134,25,73,133,105,92,35,19,1,59,118,88,112" hai1="15,62,11,44,135,4,10,85,113,16,24,58,123" hai2="0,117,7,67,8,12,116,95,101,99,77,75,69" hai3="55,102,110,91,107,97,100,37,2,103,106,18,66"/><T49/><D118/><N who="2" m="45674" /><F75/><W70/><G2/><T109/><D112/><U60/><E123/><V32/><F77/><W94/><G55/><N who="0" m="32239" /><D105/><N who="3" m="39945" /><G18/><T5/><D73/><U126/><E126/><V114/><F114/><W63/><G63/><T86/><D109/><U41/><E135/><N who="0" m="51721" /><D5/><U128/><E113/><V6/><F32/><W38/><G66/><T115/><D115/><U65/><E128/><V56/><F56/><W36/><G70/><T29/><D19/><U129/><E129/><V98/><F98/><W61/><G61/><T80/><D80/><U46/><E24/><V104/><F104/><W48/><G97/><T68/><D1/><U96/><E96/><V52/><F52/><W27/><G110/><T84/><D68/><U130/><E130/><V108/><F108/><W111/><G111/><T124/><D124/><U9/><E41/><V23/><F6/><W93/><G93/><T74/><D74/><U31/><E31/><V121/><F0/><W120/><G120/><T50/><D50/><U82/><E60/><N who="2" m="40167" /><F121/><W34/><G48/><T20/><D20/><AGARI ba="0,0" hai="7,8,12,20,23,95,99,101" m="40167,45674" machi="20" ten="30,1000,0" yaku="12,1" doraHai="83" who="2" fromWho="0" sc="250,-10,250,0,250,10,250,0" /><INIT seed="1,0,0,5,1,72" ten="240,250,260,250" oya="1" hai0="15,1,82,24,100,114,35,71,45,80,76,87,131" hai1="65,108,92,96,62,86,58,55,118,125,51,4,66" hai2="135,64,67,36,21,105,120,42,70,2,73,57,17" hai3="26,47,106,129,98,79,90,33,103,56,50,88,31"/><U84/><E118/><V126/><F120/><W20/><G129/><T10/><D114/><U0/><E125/><V14/><F105/><W99/><G33/><T104/><D71/><U74/><E74/><V81/><F2/><W102/><G56/><T13/><D131/><U113/><E113/><V95/><F135/><W93/><REACH who="3" step="1"/><G79/><REACH who="3" ten="240,250,260,240" step="2"/><T19/><D35/><U39/><E108/><V134/><F57/><W97/><G97/><T54/><D76/><U85/><E39/><V130/><F130/><W22/><G22/><T43/><D10/><U11/><REACH who="1" step="1"/><E62/><REACH who="1" ten="240,240,260,240" step="2"/><V16/><F36/><W111/><G111/><T68/><D68/><U23/><E23/><V60/><F60/><W38/><G38/><T116/><D116/><U18/><E18/><V46/><F17/><W69/><G69/><T63/><D19/><U40/><E40/><AGARI ba="0,2" hai="20,26,31,40,47,50,88,90,93,98,99,102,103,106" machi="40" ten="30,3900,0" yaku="1,1,7,1,54,1,53,0" doraHai="72" doraHaiUra="77" who="3" fromWho="1" sc="240,0,240,-39,260,0,240,59" /><INIT seed="2,0,0,3,1,68" ten="240,201,260,299" oya="2" hai0="115,95,70,0,131,58,13,119,102,129,12,92,85" hai1="73,109,111,127,37,94,84,2,97,130,9,27,50" hai2="43,22,63,82,45,123,35,80,15,114,56,23,59" hai3="1,44,21,93,30,61,135,134,14,53,117,91,49"/><V126/><F114/><W34/><G1/><T52/><D115/><U31/><E73/><V40/><F126/><W87/><G34/><T96/><D70/><U89/><E127/><V41/><F35/><W88/><G117/><T33/><D0/><U10/><E130/><N who="0" m="49673" /><D33/><U39/><E50/><V79/><F123/><W110/><G110/><N who="1" m="41994" /><E97/><V24/><F45/><W55/><G91/><N who="0" m="53359" /><D119/><U83/><E83/><N who="2" m="31787" /><F79/><W67/><G55/><T54/><D54/><U132/><E132/><V128/><F128/><W11/><G135/><T66/><D66/><U71/><E71/><V103/><F103/><W38/><G134/><T116/><D116/><U105/><E105/><V124/><F124/><W26/><G67/><T64/><D64/><U106/><E106/><V121/><F63/><AGARI ba="0,0" hai="12,13,52,58,63,95,96,102" m="53359,49673" machi="63" ten="30,2000,0" yaku="19,1,54,1" doraHai="68" who="0" fromWho="2" sc="240,20,201,0,260,-20,299,0" /><INIT seed="3,0,0,0,5,68" ten="260,201,240,299" oya="3" hai0="105,114,24,46,61,82,60,120,128,119,80,73,33" hai1="94,50,3,14,107,39,112,87,75,86,67,11,63" hai2="97,91,77,27,110,20,111,113,49,28,131,16,5" hai3="92,43,88,45,48,19,62,102,2,55,101,118,71"/><W44/><G118/><T116/><D120/><U72/><E112/><V124/><F113/><W106/><G2/><T66/><D105/><U12/><E107/><V74/><F124/><W22/><G106/><T117/><D114/><U108/><E108/><N who="2" m="41515" /><F131/><W125/><G71/><T57/><D128/><U35/><E35/><V26/><F5/><W64/><G64/><T23/><D33/><U90/><E86/><V32/><F77/><W0/><G0/><T121/><D121/><U36/><E3/><V104/><F74/><W51/><G62/><T70/><D73/><U34/><E50/><V10/><F10/><W78/><G78/><T18/><REACH who="0" step="1"/><D46/><REACH who="0" ten="250,201,240,299" step="2"/><U133/><E34/><V42/><F32/><W129/><G129/><T69/><D69/><U29/><E29/><V17/><F28/><W52/><G125/><T38/><D38/><U85/><E133/><V126/><F126/><W79/><G43/><T40/><D40/><U127/><E127/><V130/><F130/><W31/><G31/><T123/><D123/><U76/><E39/><V4/><F42/><W53/><G79/><T132/><D132/><U58/><E36/><V134/><F134/><W81/><G81/><T135/><D135/><U54/><E67/><AGARI ba="0,1" hai="18,23,24,57,60,61,66,67,70,80,82,116,117,119" machi="67" ten="40,1300,0" yaku="1,1,53,0" doraHai="68" doraHaiUra="95" who="0" fromWho="1" sc="250,23,201,-13,240,0,299,0" /><INIT seed="4,0,0,3,1,72" ten="273,188,240,299" oya="0" hai0="29,17,34,41,84,124,59,47,99,24,135,35,22" hai1="92,46,121,43,7,130,107,53,55,101,27,3,129" hai2="125,104,87,131,127,79,69,26,114,60,83,91,23" hai3="123,40,78,1,14,76,93,117,71,73,61,67,119"/><T77/><D135/><U45/><E121/><V44/><F114/><W19/><G1/><T80/><D124/><N who="2" m="47690" /><F131/><W12/><G73/><T48/><D99/><U37/><E107/><V5/><F104/><W75/><G75/><T120/><D120/><U0/><E27/><V90/><F5/><W100/><G40/><T66/><REACH who="0" step="1"/><D29/><REACH who="0" ten="263,188,240,299" step="2"/><U42/><E101/><V88/><F44/><W134/><G123/><T64/><D64/><U52/><E92/><V95/><F95/><W11/><G134/><T9/><D9/><U85/><E85/><V30/><F91/><W15/><G11/><T112/><D112/><U132/><E132/><V105/><F105/><W128/><G128/><T118/><D118/><U111/><E111/><V126/><F126/><W86/><G119/><T113/><D113/><U20/><E20/><V65/><AGARI ba="0,1" hai="23,26,30,60,65,69,79,83,87,88,90" m="47690" machi="65" ten="30,4000,0" yaku="18,1,52,1,54,1" doraHai="72" who="2" fromWho="2" sc="263,-20,188,-10,240,50,299,-10" /><INIT seed="5,0,0,4,2,109" ten="243,178,290,289" oya="1" hai0="56,49,39,101,117,128,70,47,21,81,80,33,108" hai1="87,22,69,99,74,0,18,131,41,57,30,66,106" hai2="84,73,91,7,23,12,46,27,93,44,19,72,111" hai3="59,79,85,58,112,43,11,20,25,24,95,15,77"/><U92/><E74/><V42/><F111/><W10/><G43/><T127/><D117/><U113/><E0/><V17/><F7/><W121/><G121/><T48/><D70/><U94/><E69/><V40/><F42/><W134/><G134/><T110/><D33/><U3/><E3/><V105/><F105/><W123/><G112/><T97/><D39/><U52/><E30/><V125/><F125/><W129/><G129/><T115/><D115/><U96/><E106/><V8/><F44/><W65/><G123/><T82/><D128/><U31/><E113/><V83/><F93/><W67/><G95/><T122/><D127/><U14/><E131/><V71/><F71/><W50/><G50/><AGARI ba="0,0" hai="8,12,17,19,23,27,40,46,50,72,73,83,84,91" machi="50" ten="30,1000,0" yaku="7,1" doraHai="109" who="2" fromWho="3" sc="243,0,178,0,290,10,289,-10" /><INIT seed="6,0,0,1,4,108" ten="243,178,300,279" oya="2" hai0="85,20,116,51,87,106,120,70,4,110,46,40,134" hai1="123,23,16,64,31,63,52,133,89,103,83,117,36" hai2="100,124,80,21,97,17,72,115,39,55,38,86,129" hai3="33,14,125,73,99,102,81,54,13,3,15,60,42"/><V78/><F115/><W105/><G3/><T119/><D110/><U76/><E117/><N who="0" m="45129" /><D120/><U79/><E36/><V92/><F124/><W93/><G33/><T135/><D106/><U43/><E123/><V45/><F129/><W49/><G125/><T111/><D111/><U95/><E43/><V71/><F71/><W74/><G105/><T114/><D114/><U84/><E103/><V121/><F121/><W22/><G42/><T57/><D70/><U88/><E133/><N who="0" m="50697" /><D4/><U61/><E31/><V69/><F69/><W58/><G74/><T56/><D20/><U118/><E118/><V131/><F131/><W107/><G107/><T7/><D7/><U10/><E10/><V104/><F55/><W112/><G112/><T8/><D8/><U24/><E64/><V91/><F45/><W77/><REACH who="3" step="1"/><G22/><REACH who="3" ten="243,178,300,269" step="2"/><T18/><D18/><U12/><E24/><AGARI ba="0,1" hai="17,21,24,38,39,72,78,80,86,91,92,97,100,104" machi="24" ten="30,5800,0" yaku="7,1,24,2" doraHai="108" who="2" fromWho="1" sc="243,0,178,-58,300,68,269,0" /><INIT seed="6,1,0,4,0,122" ten="243,120,368,269" oya="2" hai0="103,102,44,79,17,73,98,18,118,110,21,68,54" hai1="36,16,67,41,97,55,85,120,117,58,81,45,11" hai2="33,126,86,35,80,39,115,9,6,57,10,70,27" hai3="84,61,131,111,59,25,83,107,66,121,62,32,112"/><V46/><F70/><W135/><G111/><T93/><D68/><U74/><E117/><V90/><F115/><W78/><G121/><T43/><D118/><U124/><E120/><V12/><F126/><W0/><G0/><T64/><D64/><U51/><E124/><V133/><F133/><W89/><G131/><T100/><D110/><U7/><E74/><V1/><F27/><W23/><G107/><T129/><D129/><U65/><E97/><V94/><F57/><W109/><G32/><T116/><D116/><U63/><E7/><V37/><F37/><W128/><G109/><T56/><D73/><U125/><E125/><V95/><F95/><W50/><G135/><T22/><D79/><U60/><E60/><V76/><F46/><W130/><G112/><T123/><D21/><U14/><REACH who="1" step="1"/><E36/><REACH who="1" ten="243,110,368,269" step="2"/><V72/><F39/><W48/><G62/><T31/><D123/><U82/><E82/><V75/><F72/><W2/><G130/><T49/><D98/><U71/><E71/><V3/><F1/><W101/><G2/><T47/><D93/><U15/><E15/><V105/><F105/><W40/><G128/><T99/><D99/><U119/><E119/><V96/><F75/><W113/><G113/><T127/><D127/><U91/><AGARI ba="1,1" hai="11,14,16,41,45,51,55,58,63,65,67,81,85,91" machi="91" ten="20,12000,2" yaku="1,1,0,1,7,1,8,1,54,1,53,1" doraHai="122" doraHaiUra="52" who="1" fromWho="1" sc="243,-31,110,133,368,-61,269,-31" /><INIT seed="7,0,0,4,4,78" ten="212,243,307,238" oya="3" hai0="41,22,95,26,74,123,118,48,129,120,119,87,3" hai1="1,25,57,92,63,121,80,84,8,130,83,111,69" hai2="6,122,36,18,134,27,14,58,24,116,89,100,7" hai3="101,16,2,15,65,98,50,91,38,31,81,30,104"/><W82/><G38/><T73/><D3/><U70/><E111/><V19/><F116/><W113/><G2/><T103/><D41/><U71/><E121/><N who="0" m="46665" /><D48/><U62/><E130/><V124/><F124/><W77/><G113/><T34/><D34/><U102/><E25/><N who="2" m="9803" /><F134/><W131/><G131/><T126/><D129/><U68/><N who="1" m="17408" /><DORA hai="20" /><U107/><E107/><V67/><F122/><W108/><G65/><T127/><D26/><U46/><E46/><V64/><F100/><W79/><G91/><N who="0" m="53759" /><D22/><U85/><E1/><V99/><F18/><W35/><G108/><T56/><D56/><U96/><E8/><V128/><F64/><W40/><G35/><T42/><D42/><U37/><E37/><V112/><F112/><W4/><G31/><T97/><D118/><U5/><E5/><V12/><F12/><W51/><G30/><T94/><D119/><U52/><REACH who="1" step="1"/><E62/><REACH who="1" ten="212,233,307,238" step="2"/><N who="2" m="38359" /><F36/><W66/><G4/><T90/><D103/><U53/><E53/><V135/><F128/><W75/><G40/><T45/><D45/><U21/><E21/><N who="2" m="11511" /><F135/><W133/><G133/><T13/><D13/><U115/><E115/><V29/><F29/><W60/><G15/><T9/><D9/><U55/><E55/><V109/><F109/><W0/><G0/><T110/><D110/><U59/><E59/><V33/><F33/><W32/><G32/><T125/><AGARI ba="0,1" hai="73,74,90,94,97,125,126,127" m="53759,46665" machi="125" ten="40,5200,0" yaku="18,1,34,2" doraHai="78,20" who="0" fromWho="0" sc="212,62,233,-13,307,-13,238,-26" /><INIT seed="8,0,0,2,5,60" ten="274,220,294,212" oya="0" hai0="0,12,30,29,28,33,103,100,133,129,128,117,83" hai1="72,91,20,120,24,119,13,14,55,16,66,102,111" hai2="113,76,56,67,19,80,121,31,86,101,123,42,82" hai3="4,95,118,23,73,89,135,107,105,51,44,79,71"/><T47/><D0/><U68/><E111/><V46/><F113/><W114/><G114/><T92/><D117/><U69/><E120/><V38/><F101/><W3/><G71/><T97/><D33/><U77/><E102/><V6/><F6/><W10/><G118/><T34/><D34/><U90/><E119/><V40/><F31/><W98/><G135/><T52/><D133/><U61/><E68/><V126/><F126/><W49/><G49/><N who="0" m="28735" /><D83/><U84/><E55/><V112/><F112/><W57/><G57/><T7/><D103/><U37/><E37/><V64/><F40/><W62/><G62/><T94/><D94/><U50/><E50/><V15/><F80/><W130/><G130/><N who="0" m="50283" /><D12/><U85/><E77/><V96/><F56/><W59/><G59/><T108/><D7/><U36/><E36/><V99/><F121/><W39/><G39/><T32/><D32/><U8/><E72/><V124/><F124/><W65/><G73/><T2/><D2/><U109/><E109/><AGARI ba="0,0" hai="28,29,30,92,97,100,108,109" m="50283,28735" machi="109" ten="40,3900,0" yaku="19,1,54,1" doraHai="60" who="0" fromWho="1" sc="274,39,220,-39,294,0,212,0" owari="313,42.0,181,-32.0,294,9.0,212,-19.0" /></mjloggm>