<mjloggm ver="2.3"><GO type="41" lobby="0"/><UN n0="%E9%BA%BB%E9%9B%80%E7%B7%B4%E7%BF%92%E7%94%9F" n1="%41%4E%41%4E%54%41" n2="%E2%93%9D%53%75%70%68%78" n3="%E3%81%AA%E3%81%97%E4%B8%B8" dan="15,14,19,15" rate="2047.66,1933.99,2156.27,2004.77" sx="M,M,M,M"/><TAIKYOKU oya="0"/><INIT seed="0,0,0,0,2,28" ten="250,250,250,250" oya="0" hai0="130,70,119,57,22,105,114,21,29,95,103,127,63" hai1="106,94,129,110,82,111,30,64,17,71,118,55,90" hai2="50,62,68,8,35,31,72,124,33,79,47,16,132" hai3="89,23,39,0,122,41,123,6,109,116,73,102,18"/><T9/><D114/><U46/><E106/><V69/><F31/><W5/><G73/><T113/><D119/><U92/><E118/><V13/><F132/><W98/><G116/><T85/><D70/><U76/><E129/><V88/><F124/><W135/><G109/><T101/><D130/><U2/><E2/><V115/><F115/><W91/><G41/><T78/><D105/><U58/><E46/><V126/><F126/><W19/><G39/><T77/><D113/><U99/><E92/><V26/><F26/><W87/><G135/><T48/><D9/><U32/><E17/><V56/><F79/><W11/><G6/><T15/><D48/><U83/><E64/><V27/><F27/><W44/><G44/><T97/><D103/><U25/><E71/><V104/><F72/><W80/><G89/><T128/><D128/><U1/><E1/><V125/><F104/><N who="3" m="63575" /><G23/><T61/><D127/><U93/><E93/><V14/><F69/><W10/><G11/><T120/><D120/><AGARI ba="0,0" hai="0,5,10,18,19,80,87,91,120,122,123" m="63575" machi="120" ten="30,1000,0" yaku="13,1" doraHai="28" who="3" fromWho="0" sc="250,-10,250,0,250,0,250,10" /><INIT seed="1,0,0,4,2,104" ten="240,250,250,260" oya="1" hai0="9,12,8,37,81,102,113,97,125,116,64,18,47" hai1="55,72,52,46,19,100,63,117,84,74,61,94,28" hai2="25,24,79,26,111,21,76,71,126,69,51,1,83" hai3="7,67,3,85,119,59,93,80,16,43,62,103,95"/><U54/><E117/><V99/><F1/><W73/><G119/><T133/><D113/><U120/><E120/><V22/><F111/><W23/><G43/><T13/><D116/><U49/><E28/><V14/><F126/><W130/><G130/><T27/><D133/><U91/><E100/><V58/><F99/><W40/><G40/><T30/><D125/><U33/><E33/><V75/><F79/><W11/><G103/><T122/><D122/><U86/><E19/><V66/><F14/><W127/><G127/><T57/><D47/><U92/><E46/><V82/><F82/><W121/><G73/><N who="1" m="28266" /><E49/><V123/><F123/><W68/><G59/><T36/><D81/><U50/><E50/><V41/><F51/><W109/><G121/><T15/><D57/><U108/><E91/><V48/><F41/><W31/><G31/><T132/><D64/><U115/><E115/><V106/><F66/><W44/><G44/><T17/><D15/><U56/><E56/><V87/><F58/><W20/><G16/><T45/><D45/><U89/><E89/><V4/><F48/><W112/><G112/><T129/><D129/><U135/><E135/><V0/><F71/><W38/><G68/><T77/><D132/><U107/><E107/><V78/><F106/><W101/><G101/><T34/><REACH who="0" step="1"/><D77/><REACH who="0" ten="230,250,250,260" step="2"/><U60/><E108/><V90/><F69/><W128/><G128/><T70/><D70/><U53/><N who="1" m="13312" /><DORA hai="88" /><U98/><E98/><V35/><F75/><W131/><G131/><T29/><D29/><U2/><E63/><V124/><F124/><W65/><G62/><RYUUKYOKU ba="0,1" sc="230,30,250,-10,250,-10,260,-10" hai0="8,9,12,13,17,18,27,30,34,36,37,97,102" /><INIT seed="2,1,1,4,4,132" ten="260,240,240,250" oya="2" hai0="82,23,80,12,24,127,68,11,112,30,109,78,29" hai1="98,41,74,59,55,7,50,90,56,8,53,134,9" hai2="92,70,48,77,118,94,17,44,0,84,60,27,61" hai3="100,19,79,33,111,28,32,113,39,58,35,64,73"/><V87/><F118/><W102/><G39/><T26/><D112/><U95/><E134/><V15/><F0/><W46/><G46/><T37/><D68/><U97/><E74/><V1/><F1/><W91/><G28/><T65/><D65/><U101/><E41/><V66/><F27/><W115/><G111/><T119/><D37/><U49/><REACH who="1" step="1"/><E7/><REACH who="1" ten="260,230,240,250" step="2"/><V22/><F61/><W86/><G73/><T69/><D109/><U114/><E114/><V52/><REACH who="2" step="1"/><F87/><REACH who="2" ten="260,230,230,250" step="2"/><W122/><G86/><T18/><D119/><U133/><E133/><V51/><F51/><W4/><G115/><T135/><D135/><U99/><E99/><V130/><F130/><W116/><G113/><T120/><D120/><U62/><E62/><V42/><F42/><W21/><G122/><T45/><D26/><U72/><E72/><V93/><F93/><AGARI ba="1,3" hai="8,9,49,50,53,55,56,59,90,93,95,97,98,101" machi="93" ten="30,7700,0" yaku="1,1,7,1,9,1,8,1,53,0" doraHai="132" doraHaiUra="2" who="1" fromWho="2" sc="260,0,230,110,230,-80,250,0" /><INIT seed="3,0,0,0,1,83" ten="260,340,150,250" oya="3" hai0="94,47,127,131,121,86,58,3,65,30,117,104,79" hai1="16,128,11,132,109,113,103,61,126,24,48,56,80" hai2="26,93,118,37,107,102,35,6,81,120,18,19,73" hai3="134,33,49,13,78,1,43,55,85,38,25,129,74"/><W4/><G1/><T88/><D117/><U63/><E113/><V12/><F107/><W44/><G74/><T108/><D121/><U97/><E109/><V8/><F37/><W52/><G129/><T36/><D108/><U66/><E126/><V22/><F118/><W54/><G134/><T9/><D127/><U122/><E122/><V20/><F120/><W50/><G33/><T84/><D104/><U71/><E128/><V114/><F114/><W98/><G25/><T0/><D30/><U5/><E48/><V116/><F116/><W82/><REACH who="3" step="1"/><G98/><REACH who="3" ten="260,340,150,240" step="2"/><T41/><D131/><U91/><E24/><V77/><F35/><W76/><G76/><T130/><D130/><U14/><E132/><V112/><F112/><W27/><G27/><T10/><D0/><U70/><E97/><V21/><F26/><W115/><G115/><T53/><D3/><U23/><E14/><V87/><REACH who="2" step="1"/><F73/><REACH who="2" ten="260,340,140,240" step="2"/><W60/><G60/><T135/><D135/><U15/><E63/><V17/><F17/><W32/><G32/><T125/><D125/><U90/><E61/><V101/><F101/><W57/><G57/><T2/><D58/><U95/><E103/><V100/><F100/><W75/><G75/><T29/><D29/><U96/><E56/><V133/><F133/><W69/><G69/><T111/><D111/><U119/><E119/><V34/><F34/><W28/><G28/><T123/><D123/><U99/><E70/><V59/><F59/><W67/><G67/><T31/><D65/><U39/><E66/><V89/><F89/><W40/><G40/><T72/><D72/><RYUUKYOKU ba="0,2" sc="260,-15,340,-15,140,15,240,15" hai2="6,8,12,18,19,20,21,22,77,81,87,93,102" hai3="4,13,38,43,44,49,50,52,54,55,78,82,85" /><INIT seed="3,1,2,4,3,88" ten="245,325,155,255" oya="3" hai0="79,55,47,112,62,81,85,29,28,2,37,74,57" hai1="44,100,16,92,91,14,84,43,4,56,89,17,59" hai2="105,95,121,97,104,10,93,12,113,32,53,66,48" hai3="49,64,101,110,114,86,18,130,24,33,76,13,52"/><W120/><G114/><T67/><D112/><U117/><E117/><V98/><F32/><W109/><G120/><T46/><D2/><U63/><E100/><V27/><F113/><W135/><G64/><T77/><D77/><U90/><E4/><V21/><F66/><W11/><G130/><T61/><D74/><U69/><E69/><V94/><F121/><W42/><G135/><T128/><D128/><U124/><E124/><V23/><F105/><W71/><G42/><T80/><D80/><U15/><E15/><V83/><F83/><W72/><G101/><T60/><D37/><U131/><E131/><V7/><F104/><W6/><G86/><T107/><D107/><U99/><E90/><V39/><F39/><W58/><G76/><T51/><REACH who="0" step="1"/><D67/><REACH who="0" ten="235,325,155,255" step="2"/><U129/><E129/><V3/><F3/><W45/><G72/><T127/><D127/><U111/><E111/><V75/><F75/><W70/><G110/><T122/><D122/><U41/><E63/><V5/><F5/><W106/><G106/><T133/><D133/><U22/><E17/><N who="2" m="12719" /><F23/><N who="3" m="13431" /><G33/><T132/><D132/><U25/><E25/><V102/><F102/><W126/><G126/><T19/><D19/><U123/><E123/><V116/><F116/><W82/><G82/><T8/><D8/><U40/><REACH who="1" step="1"/><E44/><AGARI ba="1,3" hai="7,10,12,44,48,53,93,94,95,97,98" m="12719" machi="44" ten="30,7700,0" yaku="8,1,52,3" doraHai="88" who="2" fromWho="1" sc="235,0,325,-80,155,110,255,0" /><AGARI ba="1,0" hai="28,29,44,46,47,51,55,57,60,61,62,79,81,85" machi="44" ten="40,2600,0" yaku="1,1,8,1,53,0" doraHai="88" doraHaiUra="119" who="0" fromWho="1" sc="235,26,245,-26,265,0,255,0" /><INIT seed="4,0,0,5,4,131" ten="261,219,265,255" oya="0" hai0="3,88,84,114,81,7,19,112,15,17,43,54,132" hai1="25,23,18,27,83,65,30,94,92,28,104,123,119" hai2="78,115,117,68,64,12,120,111,128,69,79,105,35" hai3="49,36,102,26,126,38,76,122,41,0,34,1,8"/><T135/><D3/><U16/><E104/><V99/><F120/><W45/><G102/><T127/><D127/><U48/><E123/><V14/><F35/><W53/><G122/><T31/><D31/><U107/><E107/><V74/><F105/><W77/><G36/><T85/><D43/><U124/><E119/><V134/><F64/><W73/><G126/><T87/><D7/><U37/><E37/><V13/><F99/><W118/><G118/><T66/><D66/><U93/><E124/><V75/><F117/><W50/><G50/><T46/><D84/><U6/><E6/><V10/><F10/><W130/><G130/><T4/><D4/><U96/><E83/><V60/><F60/><W110/><G110/><T108/><D108/><U106/><E48/><V11/><F11/><W51/><G53/><T5/><D5/><U97/><E65/><V32/><F32/><W116/><G116/><T86/><D54/><U82/><E82/><V98/><F111/><W71/><G71/><T101/><D46/><U22/><REACH who="1" step="1"/><E96/><REACH who="1" ten="261,209,265,255" step="2"/><V42/><F98/><W125/><G125/><T67/><D67/><U121/><E121/><V113/><F128/><W80/><G1/><T55/><D55/><U63/><E63/><V61/><F61/><W129/><G129/><T133/><D101/><AGARI ba="0,1" hai="16,18,22,23,25,27,28,30,92,93,94,97,101,106" machi="101" ten="40,5200,0" yaku="1,1,9,1,54,1,53,0" doraHai="131" doraHaiUra="57" who="1" fromWho="0" sc="261,-52,209,62,265,0,255,0" /><INIT seed="5,0,0,2,1,63" ten="209,271,265,255" oya="1" hai0="28,129,128,102,67,72,38,44,14,33,87,5,36" hai1="56,30,89,71,45,98,66,53,40,31,3,61,132" hai2="34,8,58,79,1,114,59,103,122,57,105,123,20" hai3="62,41,100,43,113,42,86,118,96,74,90,46,121"/><U6/><E3/><V91/><F34/><W78/><G121/><T2/><D72/><U16/><E6/><V65/><F79/><W39/><G113/><T69/><D87/><U112/><E112/><V18/><F114/><W51/><G39/><T97/><D14/><U35/><E35/><V48/><F105/><W54/><G118/><T92/><D5/><U133/><E16/><V85/><F103/><W104/><G62/><N who="0" m="40183" /><D2/><U49/><E89/><V23/><F123/><W70/><G70/><T111/><D44/><U37/><REACH who="1" step="1"/><E98/><REACH who="1" ten="209,261,265,255" step="2"/><V119/><F122/><W82/><REACH who="3" step="1"/><G41/><REACH who="3" ten="209,261,265,245" step="2"/><T106/><D129/><U135/><AGARI ba="0,2" hai="30,31,37,40,45,49,53,56,61,66,71,132,133,135" machi="135" ten="30,24000,3" yaku="1,1,2,1,0,1,24,2,20,1,52,1,53,1" doraHai="63" doraHaiUra="64" who="1" fromWho="1" sc="209,-80,261,260,265,-80,245,-80" /><INIT seed="5,1,0,4,0,76" ten="129,521,185,165" oya="1" hai0="31,56,21,95,18,121,115,135,81,27,40,108,9" hai1="42,7,47,127,84,82,70,33,78,1,71,86,51" hai2="72,100,62,105,97,68,22,34,113,54,79,60,77" hai3="23,90,123,80,125,74,65,4,104,119,0,117,36"/><U58/><E33/><V122/><F122/><W6/><G123/><T114/><D108/><U110/><E1/><V85/><F34/><W53/><G104/><T49/><D49/><U96/><E7/><V43/><F43/><W3/><G36/><T109/><D109/><U2/><E2/><N who="3" m="554" /><G65/><T24/><D121/><U98/><E98/><V26/><F72/><W116/><G125/><T29/><D40/><U48/><E127/><V20/><F113/><W99/><G53/><T92/><D56/><U93/><E86/><V101/><F68/><W52/><G74/><T91/><D9/><U103/><REACH who="1" step="1"/><E110/><REACH who="1" ten="129,511,185,165" step="2"/><V129/><F85/><N who="3" m="50471" /><G99/><T12/><D114/><U25/><E25/><V134/><F26/><W19/><G6/><T59/><D115/><U35/><E35/><V89/><F97/><W41/><G4/><T94/><D27/><U55/><AGARI ba="1,1" hai="42,47,48,51,55,58,70,71,78,82,84,93,96,103" machi="55" ten="30,6000,0" yaku="1,1,0,1,52,1,53,0" doraHai="76" doraHaiUra="5" who="1" fromWho="1" sc="129,-21,511,73,185,-21,165,-21" /><INIT seed="5,2,0,3,3,33" ten="108,584,164,144" oya="1" hai0="55,37,48,30,73,34,99,80,24,87,98,130,42" hai1="76,51,26,102,9,20,71,60,135,2,89,13,25" hai2="29,38,12,6,83,68,128,75,11,108,65,39,126" hai3="106,133,94,7,109,45,4,19,52,131,23,5,86"/><U27/><E76/><V78/><F108/><W79/><G106/><T120/><D130/><U122/><E122/><V46/><F126/><W66/><G133/><T124/><D73/><U64/><E135/><V101/><F128/><W56/><G109/><T105/><D124/><U81/><E102/><V31/><F101/><W67/><G45/><T3/><D120/><U62/><E62/><V82/><F65/><W14/><G131/><T17/><D42/><U110/><E110/><V134/><F68/><W91/><G79/><T117/><D37/><U70/><E70/><V121/><F83/><W61/><AGARI ba="2,0" hai="4,5,7,14,19,23,52,56,61,66,67,86,91,94" machi="61" ten="30,4000,0" yaku="0,1,8,1,54,1" doraHai="33" who="3" fromWho="3" sc="108,-12,584,-22,164,-12,144,46" /><INIT seed="6,0,0,1,1,0" ten="96,562,152,190" oya="2" hai0="25,135,69,95,105,81,20,4,54,52,43,83,67" hai1="120,117,49,103,68,92,27,29,58,35,76,39,86" hai2="18,3,121,88,70,89,12,99,111,44,42,26,11" hai3="40,91,33,56,113,96,119,36,84,28,9,30,14"/><V37/><F121/><W90/><G119/><T85/><D105/><U128/><E68/><V62/><F111/><W133/><G33/><T19/><D135/><U79/><E39/><V109/><F109/><W98/><G133/><T134/><D134/><U57/><E117/><V108/><F108/><W32/><G32/><T63/><D43/><U34/><E34/><V101/><F3/><W13/><G40/><T124/><D124/><U64/><E58/><V82/><F82/><W15/><G9/><T41/><D41/><U126/><E128/><V7/><F18/><W93/><G36/><T72/><D4/><U74/><E74/><V75/><F26/><W71/><G71/><T61/><D61/><U51/><E51/><V110/><F75/><W112/><G56/><T131/><D131/><U94/><E57/><V38/><F110/><W60/><G60/><T21/><D95/><U66/><E94/><V8/><F8/><W129/><G129/><T100/><D100/><U77/><E103/><V80/><F80/><N who="3" m="49415" /><G96/><T46/><D46/><U102/><E102/><V55/><F38/><W115/><AGARI ba="0,0" hai="13,14,15,28,30,91,93,98,112,113,115" m="49415" machi="115" ten="40,2700,0" yaku="15,1,11,1" doraHai="0" who="3" fromWho="3" sc="96,-7,562,-7,152,-13,190,27" /><INIT seed="7,0,0,5,1,120" ten="89,555,139,217" oya="3" hai0="126,22,61,103,65,20,73,4,18,56,85,110,8" hai1="55,82,105,35,31,29,10,106,129,30,107,66,116" hai2="96,32,123,45,58,54,135,112,60,87,102,91,1" hai3="76,131,48,83,47,134,36,19,79,71,52,89,28"/><W108/><G71/><T114/><D73/><U77/><E66/><V51/><F1/><W41/><G131/><T39/><D39/><U95/><E35/><V69/><F32/><W124/><G124/><T132/><D126/><U44/><E95/><V27/><F112/><W24/><G134/><T84/><D132/><U74/><E10/><V14/><F135/><W5/><G5/><T97/><D114/><U63/><E63/><V118/><F118/><W11/><G108/><T64/><D64/><U50/><E116/><V43/><F27/><W75/><G19/><T128/><D128/><U46/><E129/><V70/><F14/><W33/><G11/><T115/><D115/><U125/><E125/><V42/><F123/><W98/><G75/><T53/><D65/><U13/><E13/><V92/><REACH who="2" step="1"/><F43/><REACH who="2" ten="89,555,129,217" step="2"/><W90/><G98/><T78/><D110/><U104/><E74/><V25/><F25/><W68/><G68/><T21/><D18/><U57/><E31/><V113/><F113/><W67/><G67/><T59/><D78/><U12/><E77/><V26/><F26/><W130/><G130/><T62/><D4/><U117/><E30/><V15/><F15/><W86/><REACH who="3" step="1"/><G76/><REACH who="3" ten="89,555,129,207" step="2"/><T17/><D8/><U119/><E119/><V38/><F38/><W37/><G37/><T99/><D17/><U3/><E117/><V121/><F121/><W9/><G9/><T88/><D22/><U6/><E6/><V49/><F49/><W93/><G93/><AGARI ba="0,2" hai="42,45,51,54,58,60,69,70,87,91,92,93,96,102" machi="93" ten="30,2000,0" yaku="1,1,7,1,53,0" doraHai="120" doraHaiUra="100" who="2" fromWho="3" sc="89,0,555,0,129,40,207,-20" owari="89,-41.0,555,65.0,169,-23.0,187,-1.0" /></mjloggm>