<mjloggm ver="2.3"><GO type="41" lobby="0"/><UN n0="%E2%93%9D%53%75%70%68%78" n1="%E6%9D%B1%E6%B5%B7%E4%B8%AD%E9%80%80" n2="%73%68%69%66%74" n3="%48%49%52%41" dan="17,13,14,13" rate="2033.98,1849.74,1983.12,1808.36" sx="M,M,M,M"/><TAIKYOKU oya="0"/><INIT seed="0,0,0,5,5,93" ten="250,250,250,250" oya="0" hai0="130,126,23,69,7,63,46,81,99,50,128,17,134" hai1="110,132,34,15,117,83,86,20,48,5,41,9,68" hai2="56,82,16,124,72,51,24,100,14,106,91,77,116" hai3="107,11,88,89,39,54,26,36,98,97,95,21,52"/><T42/><D7/><U64/><E34/><V103/><F116/><W53/><G107/><T8/><D8/><U0/><E132/><V30/><F124/><W60/><G60/><T133/><D81/><U43/><E110/><V57/><F57/><W22/><G11/><T96/><D69/><U32/><E32/><V79/><F79/><W49/><G49/><T118/><D118/><U131/><E131/><N who="0" m="50217" /><D63/><U37/><E37/><V135/><F135/><N who="0" m="51722" /><D126/><U59/><E68/><V6/><F6/><W55/><N who="3" m="13312" /><DORA hai="111" /><W1/><G1/><T119/><D119/><U29/><E117/><V38/><F51/><W102/><G21/><T58/><D58/><U113/><E48/><V78/><F38/><W61/><G61/><T13/><AGARI ba="0,0" hai="13,17,23,42,46,50,96,99" m="51722,50217" machi="13" ten="30,11700,0" yaku="19,1,20,1,52,2" doraHai="93,111" who="0" fromWho="0" sc="250,117,250,-39,250,-39,250,-39" /><INIT seed="0,1,0,2,0,87" ten="367,211,211,211" oya="0" hai0="129,6,22,7,49,51,53,122,128,81,88,60,102" hai1="132,0,9,13,8,115,5,130,39,123,135,45,86" hai2="106,19,36,12,80,93,28,105,95,77,40,104,50" hai3="94,10,44,54,92,126,134,133,72,52,32,61,99"/><T63/><D102/><U103/><E123/><V31/><F36/><W111/><G72/><T20/><D122/><U65/><E130/><V27/><F31/><W33/><G126/><T30/><D30/><U35/><E35/><V66/><F66/><W101/><G111/><T76/><D76/><U120/><E120/><V109/><F109/><W55/><G61/><T46/><D81/><U107/><E115/><V14/><F14/><W18/><G44/><T118/><D46/><U41/><E65/><V125/><F125/><W48/><G48/><T38/><D38/><U117/><E117/><V4/><F4/><W3/><G92/><T34/><D53/><U113/><E113/><V15/><F15/><N who="3" m="7543" /><G3/><T59/><D59/><U11/><E86/><V24/><F24/><W64/><G64/><T90/><REACH who="0" step="1"/><D34/><REACH who="0" ten="357,211,211,211" step="2"/><U75/><E103/><V110/><F110/><W2/><G2/><T83/><D83/><U23/><E0/><V119/><F119/><AGARI ba="1,1" hai="6,7,20,22,49,51,60,63,88,90,118,119,128,129" machi="119" ten="25,18000,2" yaku="1,1,22,2,52,2,54,1,53,0" doraHai="87" doraHaiUra="26" who="0" fromWho="2" sc="357,193,211,0,211,-183,211,0" /><INIT seed="0,2,0,4,2,11" ten="550,211,28,211" oya="0" hai0="0,17,55,15,95,102,85,56,44,38,39,101,71" hai1="8,45,66,28,22,49,2,99,40,21,31,128,68" hai2="12,67,116,75,133,72,123,52,23,65,129,103,50" hai3="79,82,26,98,111,60,110,34,92,132,106,130,81"/><T6/><D0/><U10/><E128/><V120/><F116/><W107/><G130/><T118/><D6/><U5/><E10/><V19/><F129/><W25/><G132/><T124/><D71/><U64/><E68/><V14/><F133/><W114/><G114/><T53/><D124/><U42/><E99/><V105/><F105/><W91/><G60/><T1/><D1/><U43/><E49/><V93/><F103/><W84/><G34/><T7/><D7/><U59/><E45/><V69/><F93/><W4/><G4/><T74/><D74/><U90/><E90/><V115/><F115/><W122/><G26/><T29/><D29/><U77/><E77/><V86/><F86/><N who="3" m="50639" /><G25/><T89/><D118/><U13/><E2/><V20/><F69/><W27/><G27/><T117/><D39/><U83/><E83/><V87/><F87/><W96/><G122/><T76/><D76/><U127/><E127/><V97/><F97/><N who="3" m="37483" /><G92/><T47/><D38/><U46/><E31/><V131/><F131/><W126/><G126/><T73/><D73/><U121/><E121/><V30/><F30/><W9/><G9/><N who="0" m="6383" /><D117/><U88/><E28/><V16/><F50/><W58/><G58/><T24/><D24/><U112/><E112/><V113/><F113/><W119/><G119/><T94/><D94/><U80/><E59/><V104/><F104/><AGARI ba="2,0" hai="79,82,84,104,106,107,110,111" m="37483,50639" machi="104" ten="30,2000,0" yaku="34,2" doraHai="11" who="3" fromWho="2" sc="550,0,211,0,28,-26,211,26" /><INIT seed="1,0,0,0,3,28" ten="550,211,2,237" oya="1" hai0="29,14,23,37,43,110,57,108,40,91,97,18,53" hai1="107,65,17,19,116,94,102,86,62,5,41,99,103" hai2="63,64,32,75,83,92,6,50,93,3,125,82,72" hai3="85,69,76,77,80,79,56,42,34,131,60,112,68"/><U123/><E123/><V39/><F39/><W20/><G112/><T33/><D37/><U47/><E116/><V11/><F125/><W117/><G117/><T126/><D126/><U8/><E107/><V78/><F32/><W35/><G68/><T114/><D114/><U130/><E103/><V13/><F50/><W7/><G69/><T27/><D91/><U124/><E130/><V46/><F46/><W121/><G121/><T1/><D1/><U0/><E86/><V16/><F75/><W38/><G7/><T109/><D97/><U88/><E102/><V59/><F83/><W73/><G73/><T106/><REACH who="0" step="1"/><D106/><REACH who="0" ten="540,211,2,237" step="2"/><U2/><E2/><V71/><F71/><W67/><G38/><T70/><D70/><U9/><E124/><V15/><F15/><W58/><G131/><T52/><D52/><U98/><E41/><V10/><AGARI ba="0,1" hai="3,6,10,11,13,16,59,63,64,72,78,82,92,93" machi="10" ten="20,2700,0" yaku="0,1,7,1,54,1" doraHai="28" who="2" fromWho="2" sc="540,-7,211,-13,2,37,237,-7" /><INIT seed="2,0,0,1,5,49" ten="533,198,39,230" oya="2" hai0="5,46,98,116,81,45,43,23,71,58,42,101,14" hai1="16,8,28,32,55,100,134,94,86,53,135,89,36" hai2="97,66,20,111,3,39,1,104,114,18,12,102,88" hai3="56,108,62,6,75,24,40,131,119,52,120,73,59"/><V110/><F114/><W77/><G119/><T34/><D34/><U11/><E36/><V22/><F39/><W105/><G120/><T74/><D71/><U64/><E64/><V124/><F124/><W57/><G105/><T27/><D74/><U87/><E100/><V130/><F130/><W133/><G131/><T35/><D35/><U51/><E51/><V10/><F66/><W106/><G106/><T72/><D72/><U44/><E44/><V117/><F117/><W26/><G133/><N who="1" m="50698" /><E86/><V70/><F70/><W69/><G69/><T2/><D2/><U132/><N who="1" m="50706" /><U68/><DORA hai="125" /><E68/><V121/><F121/><W78/><G75/><T128/><D27/><N who="3" m="10281" /><G73/><T13/><D43/><U0/><E0/><V83/><F3/><W37/><G37/><T122/><D42/><U25/><E8/><V54/><F1/><W30/><G40/><T41/><D41/><U4/><E4/><V129/><F129/><W84/><G6/><T82/><D5/><U103/><E103/><V29/><F29/><W15/><G15/><AGARI ba="0,0" hai="11,15,16,25,28,32,53,55,87,89,94" m="50706" machi="15" ten="40,8000,1" yaku="20,1,52,2,54,1" doraHai="49,125" who="1" fromWho="3" sc="533,0,198,80,39,0,230,-80" /><INIT seed="3,0,0,2,1,64" ten="533,278,39,150" oya="3" hai0="11,62,55,10,108,42,132,91,16,92,98,6,65" hai1="87,54,99,8,125,58,85,81,17,78,96,113,60" hai2="97,32,80,66,107,130,101,112,100,89,116,27,57" hai3="77,21,36,44,70,40,49,123,0,119,38,88,30"/><W35/><G119/><T104/><D108/><U114/><E125/><V126/><F116/><W43/><G123/><T67/><D132/><U127/><E127/><V59/><F126/><W15/><G35/><T20/><D104/><U22/><E8/><N who="0" m="3113" /><D42/><U47/><E114/><V48/><F112/><W56/><G0/><T26/><D6/><U33/><E33/><V93/><F130/><W120/><G70/><T1/><D1/><U133/><E133/><V50/><F107/><W103/><G103/><T39/><D39/><U4/><E4/><V31/><F80/><W72/><G77/><T84/><D84/><U53/><E87/><V74/><F74/><W122/><G72/><T37/><D37/><U3/><E3/><V7/><F7/><W19/><G30/><T28/><D28/><U110/><E110/><V45/><F59/><AGARI ba="0,0" hai="16,20,26,55,59,62,65,67,91,92,98" m="3113" machi="59" ten="30,3900,0" yaku="25,1,8,1,54,1" doraHai="64" who="0" fromWho="2" sc="533,39,278,0,39,-39,150,0" /><INIT seed="4,0,0,4,2,6" ten="572,278,0,150" oya="0" hai0="75,105,25,85,115,116,8,11,2,78,90,96,125" hai1="22,98,109,28,131,46,106,65,70,43,24,92,103" hai2="133,9,124,87,77,76,53,36,119,69,100,44,121" hai3="128,91,51,95,31,23,32,113,52,40,29,112,114"/><T19/><D115/><U1/><E109/><V3/><F121/><W73/><G32/><T66/><D125/><U118/><E131/><V123/><F124/><W97/><G40/><T55/><D2/><U83/><E92/><V63/><F123/><W37/><G37/><T102/><D116/><U120/><E120/><V122/><F119/><W110/><G110/><T72/><D66/><U135/><E135/><V41/><F122/><W68/><G68/><T71/><D55/><U26/><E26/><V94/><F133/><W101/><G73/><T18/><D71/><U127/><E127/><V129/><F129/><W134/><G134/><T89/><D78/><U59/><E59/><V47/><F69/><W57/><G128/><T88/><D85/><U80/><E118/><V126/><F126/><W17/><G101/><T130/><D130/><U108/><E1/><V132/><F132/><W117/><G117/><T27/><D27/><AGARI ba="0,0" hai="17,23,27,29,31,51,52,57,91,95,97,112,113,114" machi="27" ten="40,2600,0" yaku="15,1,54,1" doraHai="6" who="3" fromWho="0" sc="572,-26,278,0,0,0,150,26" /><INIT seed="5,0,0,2,3,83" ten="546,278,0,176" oya="1" hai0="7,15,57,126,74,65,22,75,106,24,105,108,12" hai1="23,92,31,5,118,33,119,56,96,88,53,116,73" hai2="26,58,45,123,131,67,135,59,121,102,16,2,3" hai3="111,124,128,49,86,60,20,77,90,42,19,29,130"/><U13/><E73/><V110/><F110/><W21/><G111/><T87/><D126/><U68/><E33/><V85/><F102/><W107/><G107/><T27/><D65/><U95/><E68/><V10/><F45/><W122/><G124/><T39/><D7/><U129/><E129/><N who="3" m="49770" /><G77/><T61/><D57/><U109/><E109/><V28/><F131/><W43/><G29/><T63/><D108/><U47/><E47/><V62/><F3/><W94/><G60/><T99/><D22/><N who="3" m="8809" /><G122/><T14/><D14/><U54/><E95/><V72/><F72/><W48/><G19/><T120/><D99/><U112/><E112/><V133/><F59/><W46/><G49/><T52/><D39/><U69/><E69/><V44/><F44/><W0/><G0/><T113/><D113/><U81/><E81/><V55/><F67/><W117/><G42/><T104/><D104/><U76/><E76/><V4/><F85/><W35/><G35/><T134/><D87/><U98/><E5/><V89/><F89/><W125/><G125/><T66/><D66/><U132/><E132/><N who="2" m="50763" /><F16/><W114/><G114/><T50/><D134/><U64/><E98/><V97/><F97/><W36/><G36/><T127/><D127/><U11/><E11/><V32/><AGARI ba="0,0" hai="2,4,10,26,28,32,55,58,62,121,123" m="50763" machi="32" ten="30,1100,0" yaku="20,1" doraHai="83" who="2" fromWho="2" sc="546,-3,278,-5,0,11,176,-3" /><INIT seed="6,0,0,1,0,6" ten="543,273,11,173" oya="2" hai0="119,58,96,113,122,77,87,45,115,80,5,2,93" hai1="133,104,19,94,103,47,26,117,53,57,82,111,50" hai2="34,88,81,121,120,18,62,31,70,126,41,23,55" hai3="33,25,130,72,123,42,63,39,98,74,76,124,118"/><V38/><F126/><W73/><G124/><T7/><D122/><U12/><E104/><V61/><F31/><W125/><G123/><T15/><D2/><U86/><E111/><V84/><F34/><W90/><G125/><T29/><D119/><U43/><E133/><V35/><F35/><W100/><G118/><T27/><D58/><U32/><E117/><V110/><F110/><W24/><G76/><T106/><D106/><U44/><E32/><V49/><F62/><W131/><G90/><T75/><D45/><U134/><E26/><V52/><F41/><W17/><G42/><T89/><D15/><U46/><E134/><V135/><F38/><W127/><G39/><T37/><D37/><U66/><E66/><V21/><F21/><W68/><G17/><T51/><D51/><U132/><E132/><V56/><F135/><W112/><G127/><T114/><D75/><U128/><E128/><N who="3" m="49194" /><G112/><T54/><D54/><U109/><E109/><V83/><F70/><W92/><G33/><AGARI ba="0,0" hai="5,7,27,29,33,77,80,87,89,93,96,113,114,115" machi="33" ten="40,1300,0" yaku="15,1" doraHai="6" who="0" fromWho="3" sc="543,13,273,0,11,0,173,-13" /><INIT seed="7,0,0,1,2,5" ten="556,273,11,160" oya="3" hai0="102,105,115,18,7,17,70,53,119,94,116,61,38" hai1="126,103,44,87,79,3,36,1,43,109,80,16,99" hai2="60,10,121,95,124,11,13,50,132,27,34,93,101" hai3="114,113,130,12,106,64,57,129,24,14,128,108,4"/><W110/><G106/><T45/><D115/><N who="3" m="44041" /><G64/><T23/><D105/><U74/><E126/><V63/><F121/><W69/><G57/><T2/><D7/><U62/><E109/><N who="3" m="42090" /><G69/><T26/><D2/><U73/><E62/><V81/><F124/><W92/><G92/><T72/><D72/><U82/><E16/><V33/><F132/><W90/><G90/><T134/><D18/><U29/><E29/><V127/><F127/><W71/><G71/><T49/><D134/><U86/><E86/><V30/><F34/><W131/><N who="3" m="32768" /><DORA hai="123" /><W42/><G42/><T52/><D70/><U88/><E73/><V104/><F104/><AGARI ba="0,0" hai="1,3,36,43,44,74,79,80,82,87,88,99,103,104" machi="104" ten="30,2000,0" yaku="7,1,54,1" doraHai="5,123" who="1" fromWho="2" sc="556,0,273,20,11,-20,160,0" owari="556,66.0,293,9.0,-9,-51.0,160,-24.0" /></mjloggm>