<mjloggm ver="2.3"><GO type="41" lobby="0"/><UN n0="%E3%81%95%E3%82%93%E3%81%94%E3%81%A1%E3%82%83%E3%82%93" n1="%6E%75%75%38" n2="%E3%83%90%E3%82%BF%E3%83%BC%E3%81%8F%E3%82%93" n3="%E2%93%9D%53%75%70%68%78" dan="14,13,14,16" rate="1913.35,1853.36,2033.36,2090.09" sx="M,M,M,M"/><TAIKYOKU oya="0"/><INIT seed="0,0,0,2,0,135" ten="250,250,250,250" oya="0" hai0="123,106,10,127,45,121,132,133,7,93,33,0,111" hai1="26,68,50,29,39,70,103,86,11,87,71,31,32" hai2="60,107,66,20,62,90,40,112,48,27,130,41,54" hai3="98,19,110,36,17,4,85,83,1,59,99,77,22"/><T80/><D106/><U124/><E39/><V119/><F107/><W8/><G110/><T12/><D33/><U114/><E11/><V53/><F112/><W25/><G36/><T120/><D45/><U89/><E114/><V118/><F90/><W24/><REACH who="3" step="1"/><G59/><REACH who="3" ten="250,250,250,240" step="2"/><T125/><D111/><U126/><E50/><V46/><F130/><W35/><G35/><T38/><D38/><U37/><E37/><V100/><F119/><W6/><G6/><T23/><D93/><U113/><E113/><V129/><F118/><W75/><G75/><T63/><D63/><U108/><E108/><V3/><F129/><W105/><G105/><T109/><D109/><U78/><E31/><V42/><F60/><W128/><G128/><T104/><D104/><U47/><E47/><V16/><F3/><W96/><G96/><T94/><D94/><U34/><E34/><V64/><F100/><W21/><AGARI ba="0,1" hai="1,4,8,17,19,21,22,24,25,77,83,85,98,99" machi="21" ten="30,4000,0" yaku="1,1,0,1,9,1,53,0" doraHai="135" doraHaiUra="117" who="3" fromWho="3" sc="250,-20,250,-10,250,-10,240,50" /><INIT seed="1,0,0,0,1,101" ten="230,240,240,290" oya="1" hai0="66,110,89,42,22,83,105,54,79,34,80,102,52" hai1="86,113,72,85,73,43,11,132,44,13,114,131,48" hai2="45,59,97,50,39,0,29,115,106,96,68,53,21" hai3="20,94,126,130,90,104,67,108,75,58,78,77,92"/><U10/><E132/><V82/><F0/><W121/><G121/><T33/><D42/><U61/><E131/><V87/><F115/><W135/><G126/><T28/><D66/><U70/><E11/><V7/><F68/><W81/><G20/><T107/><D89/><U129/><E129/><V60/><F39/><W99/><G58/><T16/><D102/><U5/><E86/><V84/><F7/><W57/><G57/><T88/><D110/><U127/><E127/><V63/><F63/><W69/><G67/><T71/><D71/><U6/><E6/><V109/><F109/><W76/><G69/><T40/><D40/><U1/><E1/><V14/><F106/><W2/><G2/><T23/><D88/><U27/><E70/><V36/><F36/><W118/><G118/><T100/><D100/><U38/><E61/><V35/><F35/><W62/><G62/><T46/><D28/><U8/><E38/><V19/><F29/><W91/><G135/><T32/><D32/><U134/><E134/><V12/><F14/><W56/><G108/><T116/><D79/><N who="3" m="30217" /><G56/><T9/><D9/><U31/><E10/><V26/><F26/><W124/><G124/><T103/><D103/><U30/><E85/><N who="2" m="32843" /><F82/><W117/><G117/><T3/><D3/><U120/><E120/><V128/><F128/><W64/><G64/><AGARI ba="0,0" hai="12,19,21,45,50,53,59,60,64,96,97" m="32843" machi="64" ten="30,1000,0" yaku="8,1" doraHai="101" who="2" fromWho="3" sc="230,0,240,0,240,10,290,-10" /><INIT seed="2,0,0,0,3,130" ten="230,240,250,280" oya="2" hai0="59,19,90,125,115,95,39,16,91,2,37,32,44" hai1="110,116,67,121,50,117,76,100,119,40,133,89,74" hai2="22,101,0,29,49,12,18,92,38,129,126,122,9" hai3="112,7,107,113,80,65,45,72,47,4,17,70,118"/><V26/><F122/><W99/><G118/><T27/><D2/><U6/><E121/><V84/><F38/><W36/><G17/><T124/><D115/><N who="3" m="44105" /><G65/><T56/><D44/><N who="3" m="16969" /><G70/><T134/><D32/><U55/><E40/><V69/><F69/><W11/><G36/><T28/><D27/><U57/><E67/><V111/><F129/><W1/><G7/><T135/><D95/><U86/><E100/><V97/><F126/><W131/><G131/><T106/><D28/><U87/><E74/><V35/><F49/><W48/><G48/><T10/><D10/><U85/><E6/><N who="2" m="1223" /><F84/><W93/><G107/><AGARI ba="0,0" hai="16,19,37,39,56,59,90,91,106,107,124,125,134,135" machi="107" ten="25,8000,1" yaku="22,2,52,2,54,1" doraHai="130" who="0" fromWho="3" sc="230,80,240,0,250,0,280,-80" /><INIT seed="3,0,0,5,0,15" ten="310,240,250,200" oya="3" hai0="57,73,42,34,33,31,111,38,63,21,40,101,26" hai1="113,98,121,5,128,60,23,110,87,3,35,25,107" hai2="89,114,37,92,120,41,115,79,27,112,103,51,134" hai3="105,100,95,86,48,76,123,78,88,47,12,131,22"/><W6/><G123/><T49/><D111/><U96/><E113/><V118/><F37/><W82/><G131/><T81/><D38/><U55/><E121/><V52/><F41/><W104/><G104/><T102/><D73/><U44/><E35/><V122/><F118/><W16/><G105/><T91/><D34/><U62/><E128/><V19/><F103/><N who="0" m="39434" /><D33/><U77/><E110/><V64/><F64/><W97/><G6/><T71/><D49/><N who="1" m="29095" /><E5/><V74/><F79/><W70/><G70/><T119/><D71/><U67/><E3/><V43/><F43/><AGARI ba="0,0" hai="12,16,22,43,47,48,76,78,82,86,88,95,97,100" machi="43" ten="30,12000,1" yaku="7,1,8,1,52,1,54,2" doraHai="15" who="3" fromWho="2" sc="310,0,240,0,250,-120,200,120" /><INIT seed="3,1,0,4,3,104" ten="310,240,130,320" oya="3" hai0="105,65,96,8,23,13,107,47,71,39,77,35,70" hai1="7,33,78,56,122,14,91,83,61,120,85,25,1" hai2="86,125,132,127,133,97,26,95,121,117,37,48,113" hai3="20,40,15,131,22,58,93,119,62,28,55,49,42"/><W63/><G131/><T123/><D35/><U4/><E1/><V80/><F37/><W130/><G119/><T73/><D123/><U82/><E122/><V72/><F121/><W29/><G130/><T17/><D96/><U53/><E14/><V90/><F26/><W115/><G115/><T54/><D65/><U64/><E64/><V118/><F113/><W41/><G93/><T57/><D23/><N who="3" m="8745" /><G15/><T129/><D129/><U27/><E120/><V10/><F10/><W128/><G128/><T9/><D9/><U110/><E110/><V92/><F92/><W99/><G99/><T0/><D0/><U100/><E100/><V108/><F72/><W94/><G94/><T3/><D3/><U18/><E18/><V50/><F50/><W5/><G5/><T6/><D6/><U101/><E101/><V36/><F48/><W109/><G109/><T45/><D107/><U67/><E67/><V76/><F36/><W68/><G68/><T31/><D105/><U19/><E19/><V2/><F2/><W81/><G81/><N who="0" m="45231" /><D31/><AGARI ba="1,0" hai="28,29,31,40,41,42,49,55,58,62,63" m="8745" machi="31" ten="30,1500,0" yaku="8,1" doraHai="104" who="3" fromWho="0" sc="310,-18,240,0,130,0,320,18" /><INIT seed="3,2,0,4,5,74" ten="292,240,130,338" oya="3" hai0="86,81,21,24,124,113,127,107,122,18,42,101,117" hai1="102,20,3,48,125,100,90,57,88,4,78,135,36" hai2="54,73,33,96,114,79,6,12,76,23,119,5,126" hai3="26,56,38,50,46,98,51,85,118,55,93,75,17"/><W95/><G75/><T22/><D122/><U110/><E36/><V44/><F33/><W25/><G38/><T35/><D117/><U108/><E125/><N who="0" m="48201" /><D42/><U8/><E135/><V53/><F73/><W71/><G71/><T116/><D116/><U69/><E69/><V9/><F114/><W15/><G118/><T14/><D35/><U72/><E20/><V43/><F6/><W41/><G95/><T0/><D0/><U59/><E102/><V92/><F119/><W31/><G31/><N who="0" m="17807" /><D101/><U134/><E134/><V2/><F2/><W45/><G45/><T112/><D107/><U49/><E100/><N who="2" m="60423" /><F23/><N who="3" m="11711" /><G98/><T84/><D84/><U131/><E59/><V128/><F128/><W16/><G16/><T34/><D34/><U11/><E11/><V63/><F126/><W7/><G7/><T106/><D106/><U13/><E3/><V83/><F83/><W132/><G132/><T121/><D121/><U30/><E131/><V87/><F87/><W133/><G133/><T61/><D61/><U104/><E104/><V52/><F63/><W120/><G120/><T99/><D99/><U130/><E130/><V77/><F43/><W39/><G39/><T70/><D70/><U60/><E48/><AGARI ba="2,0" hai="5,9,12,44,48,52,53,54,76,77,79" m="60423" machi="48" ten="30,8000,1" yaku="8,1,52,3,54,1" doraHai="74" who="2" fromWho="1" sc="292,0,240,-86,130,86,338,0" /><INIT seed="4,0,0,0,3,11" ten="292,154,216,338" oya="0" hai0="105,12,58,2,63,17,65,115,44,51,20,39,3" hai1="49,135,50,47,35,132,126,86,28,19,78,124,89" hai2="131,118,48,15,108,83,71,21,4,109,111,6,85" hai3="22,99,127,96,5,97,134,52,79,1,74,119,110"/><T88/><D105/><U16/><E78/><V98/><F71/><W104/><G110/><T72/><D115/><U37/><E35/><V114/><F114/><W55/><G119/><T128/><D39/><U87/><E28/><V129/><F118/><W38/><G134/><N who="1" m="51242" /><E37/><V54/><F98/><W29/><G127/><N who="1" m="48682" /><E47/><V27/><F54/><W82/><G104/><T34/><D34/><U45/><E89/><V112/><F48/><N who="1" m="18537" /><E45/><V23/><F85/><AGARI ba="0,0" hai="16,19,85,86,87" m="18537,48682,51242" machi="85" ten="40,8000,1" yaku="28,2,20,1,18,1,54,1" doraHai="11" who="1" fromWho="2" sc="292,0,154,80,216,-80,338,0" /><INIT seed="5,0,0,5,0,111" ten="292,234,136,338" oya="1" hai0="13,30,4,42,34,88,35,65,57,110,119,63,52" hai1="39,80,36,5,82,56,92,17,121,78,76,97,105" hai2="127,40,33,60,29,101,54,18,3,95,72,66,103" hai3="67,23,27,87,6,46,128,12,132,47,8,70,79"/><U91/><E121/><V106/><F72/><W126/><G128/><T69/><D110/><U1/><E105/><V107/><F3/><W84/><G132/><T98/><D119/><U93/><E17/><V51/><F40/><W124/><G67/><T85/><D42/><U100/><E1/><V19/><F127/><N who="3" m="48683" /><G70/><T112/><D98/><U130/><E5/><V16/><F29/><N who="3" m="17663" /><G79/><T41/><D41/><U104/><E56/><V102/><F95/><N who="1" m="36425" /><E39/><V108/><F33/><W86/><AGARI ba="0,0" hai="6,8,12,46,47,84,86,87" m="17663,48683" machi="86" ten="30,1100,0" yaku="18,1" doraHai="111" who="3" fromWho="3" sc="292,-3,234,-5,136,-3,338,11" /><INIT seed="6,0,0,2,0,108" ten="289,229,133,349" oya="2" hai0="47,58,1,50,0,102,83,105,20,4,125,85,72" hai1="11,132,41,77,79,54,129,135,130,52,19,119,73" hai2="23,2,113,44,14,33,66,106,48,103,128,94,53" hai3="21,61,110,9,43,116,32,131,13,104,71,122,107"/><V12/><F33/><W86/><G116/><T93/><D125/><U126/><E119/><V118/><F2/><W101/><G131/><N who="1" m="50186" /><E41/><V26/><F106/><W109/><G107/><T5/><D72/><U69/><E69/><V6/><F118/><W56/><G122/><T22/><D105/><U98/><E98/><N who="2" m="59863" /><F128/><W99/><G21/><T24/><D102/><U134/><E11/><V121/><F121/><W42/><G32/><T84/><D58/><U28/><E28/><N who="2" m="17503" /><F113/><W45/><G71/><T115/><D115/><U123/><E19/><V133/><F133/><W35/><G110/><T60/><D1/><U38/><E38/><V117/><F117/><W59/><G35/><T46/><D0/><U81/><E123/><V49/><F66/><W100/><G109/><T10/><D10/><U17/><E17/><V39/><F39/><W29/><G29/><T67/><D93/><U111/><E111/><V97/><F97/><W74/><G99/><T57/><D22/><U75/><E126/><V36/><F36/><W31/><G31/><N who="0" m="17799" /><D85/><U55/><E81/><V63/><F63/><W25/><G61/><T30/><D30/><U40/><E40/><N who="2" m="24583" /><F6/><N who="0" m="2666" /><D50/><U127/><E127/><V96/><F96/><W90/><G104/><T120/><D120/><U3/><E3/><V112/><F112/><W34/><G34/><T70/><D70/><U8/><E8/><V68/><F68/><W82/><G9/><T16/><D16/><U91/><E91/><AGARI ba="0,0" hai="46,47,57,60,67,83,84,91" m="2666,17799" machi="91" ten="30,1000,0" yaku="8,1" doraHai="108" who="0" fromWho="1" sc="289,10,229,-10,133,0,349,0" /><INIT seed="7,0,0,1,0,0" ten="299,219,133,349" oya="3" hai0="4,54,34,110,73,80,11,41,21,16,26,18,134" hai1="114,10,2,6,35,132,62,71,12,82,109,1,118" hai2="87,112,67,84,61,20,120,93,74,44,14,85,55" hai3="57,115,64,131,75,104,125,50,63,48,5,98,91"/><W42/><G115/><T30/><D134/><U103/><E109/><V8/><F74/><W88/><G5/><T43/><D110/><U66/><E132/><V78/><F112/><W7/><G7/><T133/><D133/><U25/><E114/><V29/><F120/><W96/><G125/><T95/><D34/><U46/><E82/><V90/><F29/><W40/><G131/><T24/><D24/><U36/><E118/><V126/><F20/><W59/><G75/><T9/><D9/><U65/><E65/><V53/><F126/><W15/><G15/><N who="0" m="5607" /><D73/><U123/><E123/><V106/><F106/><W60/><G104/><T116/><D116/><U101/><E1/><V70/><F78/><W28/><G28/><T32/><D32/><U92/><E2/><V19/><F53/><W76/><G76/><T38/><D38/><U113/><E113/><V69/><F70/><W68/><G64/><T31/><D80/><U49/><E36/><V105/><F105/><W108/><G108/><T102/><D54/><U39/><E39/><V79/><F79/><W128/><G128/><T51/><D51/><U129/><E129/><V117/><F117/><W89/><G89/><T52/><D52/><U107/><E107/><V111/><F111/><W97/><G50/><T81/><D81/><U124/><E124/><V121/><F121/><W83/><G83/><T86/><D31/><U33/><E25/><V130/><REACH who="2" step="1"/><F130/><REACH who="2" ten="299,219,123,349" step="2"/><W100/><G68/><T27/><D27/><U58/><E71/><V13/><F13/><W99/><G59/><T23/><D23/><U17/><E58/><RYUUKYOKU ba="0,1" sc="299,-10,219,-10,123,30,349,-10" hai2="8,14,19,44,55,61,67,69,84,85,87,90,93" owari="289,9.0,209,-19.0,153,-35.0,349,45.0" /></mjloggm>