<mjloggm ver="2.3"><GO type="41" lobby="0"/><UN n0="%E9%A6%AC%E4%B8%A6%E3%81%AA%E3%81%AE%E3%81%AD%EF%BD%9E%E2%99%AA" n1="%E3%81%B2%E3%81%93%EF%BC%A0" n2="%E3%82%86%E3%81%86%E3%81%8D%E3%81%B4%E3%82%93" n3="%E2%93%9D%53%75%70%68%78" dan="13,14,15,18" rate="1872.84,1934.46,2003.71,2137.22" sx="F,M,M,M"/><TAIKYOKU oya="0"/><INIT seed="0,0,0,2,1,87" ten="250,250,250,250" oya="0" hai0="21,70,86,108,35,51,31,129,109,99,95,9,55" hai1="106,20,54,80,118,10,49,45,85,128,60,16,84" hai2="38,107,47,19,27,79,43,135,112,100,48,30,82" hai3="7,71,123,90,22,33,34,5,6,102,113,61,37"/><T57/><D129/><U97/><E118/><V17/><F112/><W32/><G37/><T69/><D35/><U127/><E128/><V2/><F2/><W42/><G42/><T117/><D86/><U62/><E127/><V18/><F135/><W26/><G102/><T44/><D9/><U114/><E114/><V58/><F100/><W111/><G71/><T24/><D117/><U65/><E10/><V15/><F107/><W13/><G61/><T83/><D83/><U23/><E23/><V91/><F79/><W0/><G90/><N who="0" m="55799" /><D44/><U29/><E29/><V115/><F115/><W105/><G105/><T77/><D77/><U1/><E1/><V28/><F27/><W66/><G123/><T12/><D12/><U39/><E39/><V116/><F116/><W124/><G124/><T40/><D40/><U11/><E11/><V125/><F125/><W103/><G13/><T3/><D3/><U64/><E84/><N who="2" m="50583" /><F38/><W96/><G0/><T36/><D36/><U46/><E46/><V121/><F121/><W50/><G113/><T75/><D75/><U8/><E8/><V134/><F134/><W119/><G7/><T131/><D131/><U110/><E106/><V98/><F98/><W4/><G96/><T78/><D78/><N who="1" m="46231" /><E97/><V92/><F15/><W104/><G119/><T68/><D68/><U14/><E110/><V122/><F122/><W133/><G111/><N who="0" m="42571" /><D70/><U25/><E14/><V89/><F58/><W94/><G104/><T74/><D69/><U56/><E56/><V59/><F59/><W52/><G6/><T132/><D132/><U76/><E76/><RYUUKYOKU ba="0,0" sc="250,10,250,10,250,10,250,-30" hai0="21,24,31,51,55,57,74" hai1="16,20,25,45,49,54,60,62,64,65" hai2="17,18,19,28,30,43,47,48,89,92" /><INIT seed="0,1,0,1,4,121" ten="260,260,260,220" oya="0" hai0="122,88,114,50,92,47,105,23,58,106,9,24,127" hai1="82,5,101,27,81,131,64,19,73,16,134,95,39" hai2="2,79,89,53,108,32,115,132,125,120,44,30,41" hai3="43,36,46,3,80,37,109,42,14,90,68,40,78"/><T118/><D122/><U63/><E134/><V77/><F2/><W7/><G68/><T98/><D118/><U69/><E131/><V21/><F32/><W70/><G70/><T74/><D114/><U20/><E39/><V67/><F67/><W71/><G71/><T119/><D119/><U111/><E111/><V128/><F115/><W59/><G14/><T87/><D127/><U26/><E5/><V129/><F120/><W48/><G90/><T25/><D74/><U18/><E73/><V130/><F89/><W28/><G28/><T38/><D58/><U12/><E19/><V22/><F53/><W56/><G109/><T96/><D9/><U15/><E27/><N who="2" m="16751" /><F125/><W91/><G91/><T54/><D38/><U86/><E26/><V61/><F61/><W62/><G37/><T1/><D1/><U85/><E101/><V100/><F100/><W35/><G35/><T107/><REACH who="0" step="1"/><D24/><REACH who="0" ten="250,260,260,220" step="2"/><U6/><E6/><V52/><F132/><W57/><G36/><T8/><D8/><U99/><E12/><V116/><F116/><W45/><G3/><T84/><D84/><U93/><E85/><V126/><F126/><W49/><G7/><T10/><D10/><U55/><E86/><V34/><F130/><W123/><G123/><T124/><D124/><U94/><E99/><V51/><F129/><W103/><G62/><T33/><D33/><U104/><E15/><V13/><F34/><W110/><G110/><T75/><D75/><U65/><E63/><V76/><F108/><W17/><G49/><T102/><D102/><U0/><E0/><V97/><F128/><RYUUKYOKU ba="1,1" sc="250,30,260,-10,260,-10,220,-10" hai0="23,25,47,50,54,87,88,92,96,98,105,106,107" /><INIT seed="0,2,1,5,2,114" ten="280,250,250,210" oya="0" hai0="56,33,86,2,115,4,127,71,65,116,9,19,131" hai1="88,111,7,96,87,134,11,59,98,123,10,62,38" hai2="81,54,103,118,125,70,32,126,105,66,39,29,13" hai3="25,63,99,22,102,31,97,121,49,113,0,52,79"/><T110/><D115/><U35/><E123/><V58/><F81/><W37/><G113/><T51/><D131/><U36/><E134/><V43/><F13/><W74/><G37/><T20/><D127/><N who="2" m="48650" /><F29/><W28/><G0/><T27/><D71/><U6/><E35/><V55/><F32/><W69/><G121/><T133/><D133/><U50/><E111/><V44/><F103/><W18/><G74/><T47/><D110/><U48/><E38/><V60/><F105/><W89/><G79/><T100/><D100/><U82/><E36/><V34/><F34/><W128/><G128/><T8/><D86/><U77/><E10/><V16/><F16/><W92/><G69/><T3/><D56/><U106/><E106/><V83/><F83/><W46/><REACH who="3" step="1"/><G63/><REACH who="3" ten="280,250,250,200" step="2"/><T75/><D75/><U108/><E108/><V104/><F104/><AGARI ba="2,2" hai="18,22,25,28,31,46,49,52,89,92,97,99,102,104" machi="104" ten="30,7700,0" yaku="1,1,2,1,7,1,54,1,53,0" doraHai="114" doraHaiUra="129" who="3" fromWho="2" sc="280,0,250,0,250,-83,200,103" /><INIT seed="1,0,0,3,5,46" ten="280,250,167,303" oya="1" hai0="79,60,90,11,59,101,14,78,92,20,58,94,122" hai1="1,55,4,68,40,67,31,135,95,41,107,87,37" hai2="114,123,49,130,51,29,7,5,93,66,131,21,32" hai3="120,70,13,89,76,33,6,133,71,23,132,28,91"/><U109/><E107/><V82/><F32/><W74/><G33/><T105/><D105/><U113/><E113/><V27/><F123/><W65/><G120/><T26/><D122/><U81/><E135/><N who="3" m="51786" /><G76/><T127/><D101/><U129/><E129/><N who="2" m="49163" /><F114/><W8/><G74/><T50/><D127/><U19/><E109/><V61/><F82/><W30/><G65/><T118/><D118/><U108/><E31/><N who="3" m="11818" /><G23/><T83/><D20/><U42/><E108/><V126/><F126/><W35/><G35/><T99/><D26/><U117/><E95/><V116/><F116/><W88/><AGARI ba="0,0" hai="6,8,13,70,71,88,89,91" m="11818,51786" machi="88" ten="40,2700,0" yaku="20,1,54,1" doraHai="46" who="3" fromWho="3" sc="280,-7,250,-13,167,-7,303,27" /><INIT seed="2,0,0,4,2,113" ten="273,237,160,330" oya="2" hai0="95,55,74,22,81,101,132,114,117,100,29,76,75" hai1="18,78,68,108,104,89,123,20,40,135,36,105,45" hai2="34,126,49,59,30,31,33,90,119,91,94,44,17" hai3="10,23,61,27,43,86,9,121,85,0,6,41,2"/><V96/><F126/><W25/><G61/><T109/><D109/><U102/><E108/><V11/><F59/><W128/><G23/><T58/><D114/><U24/><E135/><V28/><F119/><W42/><G128/><T50/><D132/><U69/><E123/><V5/><F17/><W115/><G115/><T51/><D75/><U14/><E78/><V37/><F37/><W80/><G121/><T13/><D95/><U39/><E39/><V71/><F71/><W99/><G99/><T124/><D124/><U15/><E69/><V122/><F122/><W66/><G66/><T87/><D74/><U32/><E68/><V62/><F62/><W88/><G86/><T7/><D117/><U19/><E89/><V3/><REACH who="2" step="1"/><F90/><REACH who="2" ten="273,237,150,330" step="2"/><W103/><G103/><T133/><D133/><U98/><E18/><V35/><F35/><W93/><G80/><T131/><D131/><U57/><E32/><V92/><F92/><W67/><G67/><T73/><D101/><U120/><E120/><V47/><F47/><W54/><G93/><T46/><D100/><U8/><E57/><V83/><F83/><W63/><G63/><T118/><D81/><U112/><E112/><V84/><F84/><W72/><G72/><T82/><D73/><U134/><E134/><V97/><F97/><W130/><G130/><T106/><D87/><U110/><E110/><V79/><F79/><W52/><G85/><T107/><D82/><U21/><E105/><V65/><F65/><W125/><G125/><T38/><D76/><U116/><E116/><V12/><F12/><W53/><G88/><RYUUKYOKU ba="0,1" sc="273,-15,237,-15,150,15,330,15" hai2="3,5,11,28,30,31,33,34,44,49,91,94,96" hai3="0,2,6,9,10,25,27,41,42,43,52,53,54" /><INIT seed="2,1,1,0,1,123" ten="258,222,165,345" oya="2" hai0="116,87,61,27,59,82,4,75,107,30,41,73,85" hai1="121,98,13,111,46,54,115,2,60,65,109,118,7" hai2="36,29,18,89,122,0,106,16,102,128,11,88,119" hai3="97,23,114,81,80,8,130,125,120,14,70,22,96"/><V132/><F36/><W100/><G70/><T72/><D116/><U37/><E118/><V33/><F122/><W55/><G130/><T19/><D107/><U44/><E115/><V20/><F119/><W3/><G3/><T15/><D4/><U42/><E2/><V38/><F38/><W79/><G125/><T101/><D41/><U9/><E121/><V126/><F126/><W21/><G114/><T53/><D101/><U127/><E127/><V94/><F128/><W83/><G120/><T105/><D105/><U124/><E124/><V131/><F131/><W77/><G55/><T67/><D53/><U91/><E98/><N who="3" m="37994" /><G100/><T69/><D69/><U1/><E91/><N who="2" m="34891" /><F106/><W57/><G57/><T43/><D43/><U58/><E1/><V62/><F132/><W110/><G110/><N who="1" m="41994" /><E46/><V134/><F134/><W92/><G92/><T63/><D63/><U103/><E103/><V86/><F102/><W133/><G133/><T24/><D82/><U10/><E10/><V47/><F47/><W112/><G112/><T71/><D71/><U25/><E25/><N who="2" m="16551" /><F62/><W5/><AGARI ba="1,1" hai="5,8,14,21,22,23,77,79,80,81,83" m="37994" machi="5" ten="40,1500,0" yaku="8,1" doraHai="123" who="3" fromWho="3" sc="258,-5,222,-5,165,-8,345,28" /><INIT seed="3,0,0,2,2,121" ten="253,217,157,373" oya="3" hai0="113,50,133,123,35,42,57,51,81,67,105,118,80" hai1="10,66,5,47,14,110,60,117,79,132,88,114,126" hai2="109,98,68,33,101,7,32,8,124,9,127,115,11" hai3="89,36,75,111,122,30,77,43,104,41,97,6,130"/><W59/><G122/><T78/><D123/><U39/><E114/><V63/><F115/><W82/><G130/><T125/><D118/><U56/><E126/><N who="2" m="48171" /><F68/><W86/><G30/><T31/><D105/><U134/><E117/><V19/><F63/><W49/><G6/><T25/><D125/><U93/><E79/><V53/><F53/><W72/><G36/><T37/><D113/><U55/><E110/><V96/><F101/><W116/><G111/><T100/><D100/><U99/><REACH who="1" step="1"/><E66/><REACH who="1" ten="253,207,157,373" step="2"/><V3/><F109/><W29/><G77/><T21/><D67/><U102/><E102/><V112/><F112/><W15/><G116/><T107/><D78/><U73/><E73/><V70/><F70/><W17/><G75/><T48/><D133/><U85/><E85/><V95/><F98/><W44/><G97/><T131/><D131/><U24/><E24/><V120/><F96/><W71/><G71/><T13/><D107/><U83/><E83/><V22/><F120/><W23/><G72/><T64/><D64/><U69/><E69/><V61/><F95/><W103/><G103/><T18/><REACH who="0" step="1"/><D57/><REACH who="0" ten="243,207,157,373" step="2"/><U91/><E91/><V1/><F1/><W54/><G104/><T40/><D40/><AGARI ba="0,2" hai="5,10,14,39,40,47,55,56,60,88,93,99,132,134" machi="40" ten="40,2600,0" yaku="1,1,54,1,53,0" doraHai="121" doraHaiUra="34" who="1" fromWho="0" sc="243,-26,207,46,157,0,373,0" /><INIT seed="4,0,0,2,5,108" ten="217,253,157,373" oya="0" hai0="124,47,39,96,69,23,85,13,52,115,82,80,104" hai1="40,32,78,123,95,131,37,109,42,11,48,18,128" hai2="6,27,51,84,120,91,59,64,2,8,43,119,62" hai3="4,57,121,22,41,86,21,90,125,25,133,55,36"/><T87/><D69/><U132/><E109/><V99/><F119/><W79/><G133/><T19/><D124/><U118/><E32/><V92/><F120/><W68/><G79/><T56/><D104/><U126/><E126/><V0/><F0/><W35/><G41/><T44/><D96/><U127/><E127/><V75/><F75/><W1/><G36/><T30/><D30/><U14/><E37/><V71/><F71/><W67/><G67/><T88/><D39/><U100/><E132/><V33/><F33/><W7/><G22/><T34/><D34/><U105/><E105/><V38/><F38/><W116/><G1/><T135/><D115/><U72/><E123/><V76/><F27/><W83/><G116/><T94/><D135/><U15/><E118/><V107/><F43/><W65/><G65/><T111/><D111/><U113/><E113/><V28/><F28/><W29/><G68/><T110/><D110/><U26/><E128/><V54/><F107/><W45/><G45/><N who="0" m="17483" /><D87/><U117/><E72/><V12/><F2/><W17/><G121/><T114/><D114/><U106/><E131/><V130/><F130/><W66/><G66/><T24/><D24/><U77/><E106/><V81/><F64/><W98/><G125/><T89/><D89/><U93/><E117/><V129/><F129/><W97/><G29/><T112/><D112/><U50/><E26/><V73/><F73/><W20/><G35/><T61/><AGARI ba="0,0" hai="13,19,23,52,56,61,80,82,85,88,94" m="17483" machi="61" ten="30,6000,0" yaku="8,1,54,2" doraHai="108" who="0" fromWho="0" sc="217,60,253,-20,157,-20,373,-20" /><INIT seed="4,1,0,1,0,38" ten="277,233,137,353" oya="0" hai0="51,74,18,120,22,99,0,69,5,94,115,34,14" hai1="55,27,26,122,40,68,123,58,125,88,113,11,86" hai2="25,67,118,105,19,128,90,33,103,130,89,73,3" hai3="8,100,121,111,77,106,101,24,98,28,32,70,9"/><T36/><D115/><U13/><E68/><V84/><F3/><W91/><G111/><T59/><D120/><U62/><E113/><V44/><F118/><W37/><G101/><T81/><D69/><U57/><E125/><V124/><F67/><W56/><G37/><T21/><D34/><U71/><E71/><V12/><F73/><W92/><G77/><T48/><D36/><U97/><E97/><V65/><F65/><W53/><G121/><T63/><D0/><U39/><E123/><V102/><F124/><W61/><REACH who="3" step="1"/><G70/><REACH who="3" ten="277,233,137,343" step="2"/><T114/><D114/><U129/><E122/><V6/><F103/><W15/><G15/><T31/><D74/><U50/><E39/><V7/><F102/><W135/><G135/><T29/><D5/><U119/><E119/><V60/><F7/><W66/><G66/><N who="0" m="39295" /><D81/><U131/><E131/><V96/><F6/><W42/><G42/><T54/><D51/><U45/><E129/><V52/><F128/><W41/><G41/><T133/><D133/><U104/><E104/><V93/><F105/><W64/><G64/><T43/><D43/><U127/><E127/><V126/><F126/><W1/><G1/><T47/><D21/><U46/><E26/><V109/><F130/><W80/><G80/><T132/><D132/><U75/><E27/><V35/><F25/><W4/><G4/><T78/><D78/><U79/><E79/><V49/><F60/><W76/><G76/><T107/><D107/><U23/><E75/><V134/><F134/><W82/><G82/><T30/><D94/><N who="1" m="54551" /><E23/><N who="2" m="11751" /><F109/><W87/><AGARI ba="1,1" hai="8,9,24,28,32,53,56,61,87,91,92,98,100,106" machi="87" ten="20,2700,0" yaku="1,1,0,1,7,1,53,0" doraHai="38" doraHaiUra="16" who="3" fromWho="3" sc="277,-14,233,-8,137,-8,343,40" /><INIT seed="5,0,0,2,0,101" ten="263,225,129,383" oya="1" hai0="57,90,43,112,79,98,121,16,12,94,125,69,119" hai1="26,10,11,66,124,118,87,14,81,63,97,123,82" hai2="117,54,74,104,130,95,122,77,78,134,4,46,127" hai3="62,45,49,41,76,48,129,106,31,71,17,75,72"/><U58/><E124/><V24/><F117/><W84/><G106/><T67/><D119/><U5/><E123/><V39/><F122/><W19/><G31/><T61/><D121/><U30/><E118/><V73/><F127/><W21/><G19/><T135/><D125/><U8/><E97/><V22/><F4/><W88/><G76/><T92/><D135/><U108/><E108/><V80/><F134/><W133/><G129/><T23/><D112/><U65/><E65/><V25/><F130/><W103/><G49/><T113/><D113/><U35/><REACH who="1" step="1"/><E81/><REACH who="1" ten="263,215,129,383" step="2"/><V13/><F80/><W105/><G133/><T47/><D69/><U111/><E111/><V110/><F74/><W36/><G75/><T55/><D67/><U52/><E52/><V86/><F54/><W131/><G72/><T128/><D128/><U60/><E60/><V9/><F73/><W3/><G62/><T99/><D79/><AGARI ba="0,1" hai="5,8,10,11,14,26,30,35,58,63,66,79,82,87" machi="79" ten="30,2900,0" yaku="1,1,7,1,53,0" doraHai="101" doraHaiUra="89" who="1" fromWho="0" sc="263,-29,215,39,129,0,383,0" /><INIT seed="5,1,0,0,0,135" ten="234,254,129,383" oya="1" hai0="116,112,89,35,109,98,74,81,67,61,9,100,15" hai1="17,36,93,37,20,33,78,85,96,118,130,91,18" hai2="129,47,27,132,90,23,110,92,48,51,125,52,55" hai3="19,86,134,31,120,70,63,108,22,72,16,56,80"/><U25/><E118/><V101/><F132/><W41/><G108/><T87/><D109/><U107/><E130/><V13/><F110/><W24/><G72/><T38/><D112/><U69/><E69/><V113/><F113/><W10/><G70/><T53/><D35/><U133/><E133/><V21/><F129/><W75/><G75/><T119/><D38/><U94/><E107/><V66/><F101/><W28/><G41/><T7/><D74/><U45/><E33/><V14/><F66/><N who="3" m="39271" /><G120/><T103/><D53/><U82/><E45/><V99/><F125/><W111/><G111/><T71/><REACH who="0" step="1"/><D103/><REACH who="0" ten="224,254,129,383" step="2"/><U59/><E59/><V44/><REACH who="2" step="1"/><F23/><REACH who="2" ten="224,254,119,383" step="2"/><N who="3" m="13415" /><G134/><T49/><D49/><U60/><E60/><V6/><F6/><W131/><G131/><T127/><D127/><U42/><E36/><V2/><F2/><W8/><G22/><T4/><D4/><U105/><E37/><V64/><F64/><W126/><G126/><T123/><D123/><U57/><E20/><V117/><F117/><W30/><G19/><AGARI ba="1,2" hai="13,14,19,21,27,44,47,48,51,52,55,90,92,99" machi="19" ten="30,8000,1" yaku="1,1,7,1,9,1,8,1,54,1,53,0" doraHai="135" doraHaiUra="76" who="2" fromWho="3" sc="224,0,254,0,119,103,383,-83" /><INIT seed="6,0,0,4,1,61" ten="224,254,222,300" oya="2" hai0="86,55,54,117,123,25,14,72,2,18,73,130,31" hai1="76,29,70,84,9,42,68,56,114,74,124,17,60" hai2="101,109,82,64,81,78,75,1,87,110,40,135,121" hai3="52,65,115,128,103,112,47,116,127,98,96,62,94"/><V38/><F1/><W105/><G116/><T113/><D123/><U95/><E124/><V85/><F121/><W118/><G118/><T27/><D117/><U24/><E74/><V26/><F26/><W53/><G128/><T13/><D113/><N who="3" m="43593" /><G47/><T92/><D130/><U49/><E114/><V34/><F34/><W132/><G132/><T35/><D2/><U21/><E42/><V59/><F135/><W30/><G30/><T91/><D27/><U23/><E49/><V66/><F59/><N who="3" m="37087" /><G127/><T93/><D93/><U0/><E9/><V133/><F133/><W134/><G134/><T10/><REACH who="0" step="1"/><D14/><REACH who="0" ten="214,254,222,300" step="2"/><U7/><E0/><V19/><F75/><AGARI ba="0,1" hai="10,13,18,25,31,35,54,55,72,73,75,86,91,92" machi="75" ten="40,2600,0" yaku="1,1,2,1,53,0" doraHai="61" doraHaiUra="3" who="0" fromWho="2" sc="214,36,254,0,222,-26,300,0" /><INIT seed="7,0,0,0,1,24" ten="250,254,196,300" oya="3" hai0="17,75,68,30,10,110,100,80,52,27,71,127,20" hai1="51,120,131,133,35,43,34,12,13,9,91,38,77" hai2="41,47,11,26,106,96,53,69,37,87,59,103,86" hai3="111,58,107,105,90,67,122,25,72,132,62,61,8"/><W125/><G122/><T98/><D110/><U94/><E38/><V109/><F69/><W97/><G132/><T50/><D127/><U18/><E131/><V44/><F109/><W76/><G76/><T21/><D75/><U73/><E133/><V104/><F106/><W95/><G72/><T101/><D80/><U39/><E39/><V74/><F74/><W78/><G78/><T88/><D10/><U5/><E120/><V128/><F128/><W93/><G125/><T114/><D114/><U0/><E77/><V92/><F11/><W118/><G118/><T89/><D71/><U33/><E73/><V64/><F64/><W57/><G8/><T116/><D68/><U66/><E66/><V55/><F104/><W117/><G117/><T54/><D116/><U6/><E0/><V42/><F26/><W84/><G25/><N who="0" m="14479" /><D54/><U16/><E43/><V1/><F1/><W60/><G111/><T49/><D49/><U115/><E51/><V28/><F28/><W108/><G108/><T3/><D3/><U81/><E81/><V22/><F22/><W129/><G129/><T79/><D79/><U85/><E115/><V83/><F83/><W121/><G121/><T135/><D135/><U14/><REACH who="1" step="1"/><E9/><REACH who="1" ten="250,244,196,300" step="2"/><V36/><REACH who="2" step="1"/><F55/><REACH who="2" ten="250,244,186,300" step="2"/><N who="3" m="33855" /><G62/><AGARI ba="0,2" hai="36,37,41,42,44,47,53,59,62,86,87,92,96,103" machi="62" ten="30,3900,0" yaku="1,1,7,1,9,1,53,0" doraHai="24" doraHaiUra="31" who="2" fromWho="3" sc="250,0,244,0,186,59,300,-39" /><INIT seed="8,0,0,0,1,6" ten="250,244,245,261" oya="0" hai0="59,40,18,106,48,41,76,74,81,9,75,73,52" hai1="69,124,53,129,1,134,111,128,27,11,19,54,120" hai2="38,71,26,96,23,84,7,49,87,107,127,131,24" hai3="20,47,113,35,39,63,30,28,95,72,125,17,44"/><T123/><D123/><U4/><E120/><V12/><F71/><W21/><G72/><T10/><D106/><U117/><E111/><V65/><F38/><W15/><G35/><T88/><D88/><U79/><E69/><V110/><F110/><W85/><G125/><T33/><D33/><U93/><E79/><V82/><F65/><W8/><G113/><T13/><REACH who="0" step="1"/><D9/><REACH who="0" ten="240,244,245,261" step="2"/><U130/><E124/><V135/><F127/><W66/><G8/><T50/><D50/><U51/><E51/><V64/><F49/><W77/><G39/><T98/><D98/><U0/><E134/><V83/><F96/><W70/><G21/><T97/><D97/><U114/><E114/><V90/><F107/><W60/><G20/><T5/><D5/><U101/><E117/><V55/><F7/><W116/><G116/><T3/><D3/><U58/><E0/><V102/><F23/><W29/><G95/><T92/><D92/><U46/><E93/><V86/><F135/><W89/><G89/><T99/><D99/><U61/><E101/><V32/><F90/><W22/><REACH who="3" step="1"/><G63/><REACH who="3" ten="240,244,245,251" step="2"/><T57/><D57/><U14/><E46/><V37/><F37/><W109/><G109/><T108/><D108/><U80/><E80/><AGARI ba="0,2" hai="15,17,22,28,29,30,44,47,60,66,70,77,80,85" machi="80" ten="40,1300,0" yaku="1,1,53,0" doraHai="6" doraHaiUra="36" who="3" fromWho="1" sc="240,0,244,-13,245,0,251,33" /><INIT seed="9,0,0,0,1,47" ten="240,231,245,284" oya="1" hai0="69,100,15,134,135,26,53,7,97,68,49,132,40" hai1="17,52,111,12,66,4,5,60,77,79,96,114,80" hai2="16,117,39,126,106,59,57,20,104,125,9,131,61" hai3="24,71,98,28,102,121,74,18,45,86,6,120,34"/><U50/><E114/><V108/><F39/><W95/><G74/><T92/><D26/><U67/><E96/><V70/><F117/><W78/><G71/><T2/><D40/><U46/><E111/><V91/><F9/><W122/><G6/><N who="1" m="2666" /><E60/><V14/><F131/><W87/><G78/><N who="1" m="29706" /><E80/><V127/><F108/><W36/><REACH who="3" step="1"/><G18/><REACH who="3" ten="240,231,245,274" step="2"/><T128/><D128/><U11/><AGARI ba="0,1" hai="11,12,17,46,50,52,66,67" m="29706,2666" machi="11" ten="30,6000,0" yaku="8,1,52,1,54,1" doraHai="47" who="1" fromWho="1" sc="240,-20,231,70,245,-20,274,-20" owari="220,-28.0,301,40.0,225,-17.0,254,5.0" /></mjloggm>