<mjloggm ver="2.3"><GO type="41" lobby="0"/><UN n0="%E3%83%AA%E3%83%83%E3%83%97%E3%83%AB%E3%83%A9%E3%83%83%E3%83%97%E3%83%AB" n1="%E2%93%9D%53%75%70%68%78" n2="%EF%BC%88%2E%5F%2E%EF%BC%89" n3="%69%64%E5%A4%B1%E5%8A%B9%E3%81%97%E3%81%9F" dan="14,17,13,15" rate="1959.85,2082.87,1873.75,2002.18" sx="M,M,F,M"/><TAIKYOKU oya="0"/><INIT seed="0,0,0,3,5,45" ten="250,250,250,250" oya="0" hai0="51,132,4,18,124,35,1,27,32,99,63,112,104" hai1="80,110,79,90,24,74,119,120,95,129,88,10,26" hai2="31,61,69,116,122,15,36,86,125,13,127,67,135" hai3="111,113,52,82,56,102,6,100,33,60,34,107,75"/><T11/><D112/><U39/><E119/><V9/><F122/><W21/><G113/><T92/><D132/><U96/><E120/><V128/><F36/><W117/><G117/><T53/><D124/><N who="2" m="47690" /><F116/><W94/><G111/><T48/><D104/><U101/><E110/><V134/><F128/><W41/><G107/><T123/><D123/><U114/><E114/><V130/><F130/><W66/><G6/><T109/><D35/><U84/><E129/><V78/><F31/><W22/><G41/><T44/><D32/><U57/><E39/><V97/><F97/><W76/><G102/><T17/><D109/><U38/><E38/><V115/><F115/><W133/><G133/><N who="2" m="50697" /><F9/><W5/><G34/><T126/><D63/><U71/><E10/><V118/><F118/><W28/><G28/><T55/><D27/><U29/><E24/><V3/><F3/><W87/><G33/><T106/><D106/><U50/><E26/><V42/><F42/><W47/><G75/><T59/><D126/><U83/><E29/><V58/><F69/><W37/><G37/><T70/><D70/><U121/><E71/><V49/><F49/><N who="3" m="28735" /><G5/><T7/><D7/><U23/><E121/><V16/><F16/><W43/><G43/><T40/><REACH who="0" step="1"/><D40/><REACH who="0" ten="240,250,250,250" step="2"/><U12/><E50/><V72/><F72/><W81/><G81/><AGARI ba="0,1" hai="13,15,58,61,67,78,81,86" m="50697,47690" machi="81" ten="30,2000,0" yaku="18,1,20,1" doraHai="45" who="2" fromWho="3" sc="240,0,250,0,250,30,250,-20" /><INIT seed="1,0,0,3,4,65" ten="240,250,280,230" oya="1" hai0="92,15,35,62,38,13,106,1,118,91,52,33,113" hai1="81,109,85,101,56,120,108,55,77,69,73,89,100" hai2="58,80,132,12,14,5,36,71,9,8,86,6,29" hai3="3,119,11,49,98,72,34,2,63,135,79,116,50"/><U112/><E120/><V39/><F58/><W66/><G135/><T99/><D113/><U23/><E112/><V124/><F132/><W28/><G98/><T25/><D118/><N who="3" m="45097" /><G34/><T84/><D1/><N who="3" m="9" /><G28/><T130/><D38/><U4/><E4/><V48/><F124/><W22/><G22/><T57/><D130/><U82/><E23/><V32/><F48/><W43/><G11/><T125/><D125/><U64/><E55/><V41/><F41/><W127/><G43/><T46/><D46/><U53/><E53/><V19/><F19/><W78/><G127/><T95/><D106/><U17/><E56/><V68/><F29/><W67/><G67/><T0/><D0/><U94/><E17/><V26/><F26/><W83/><G78/><T122/><D122/><U7/><E7/><V97/><F97/><W111/><G111/><N who="1" m="42570" /><E81/><V133/><F133/><W110/><G110/><T47/><D47/><U134/><E134/><V10/><F32/><W37/><G37/><T87/><D33/><U121/><E121/><V40/><F10/><W60/><G60/><AGARI ba="0,0" hai="60,64,69,73,77,82,85,89,94,100,101" m="42570" machi="60" ten="30,5800,0" yaku="14,1,10,1,52,1" doraHai="65" who="1" fromWho="3" sc="240,0,250,58,280,0,230,-58" /><INIT seed="1,1,0,4,5,43" ten="240,308,280,172" oya="1" hai0="91,122,111,36,106,70,24,42,52,129,87,118,125" hai1="117,92,82,71,12,101,119,75,135,104,68,105,126" hai2="3,13,94,113,109,61,44,97,5,49,8,47,108" hai3="50,84,116,102,115,39,16,93,9,110,79,46,78"/><U17/><E126/><V112/><F61/><W127/><G115/><N who="2" m="44105" /><F3/><W22/><G110/><N who="2" m="42601" /><F49/><W89/><G127/><T72/><D125/><U1/><E1/><V62/><F62/><W58/><G116/><T19/><D118/><U38/><E38/><V80/><F80/><W55/><G39/><T6/><D36/><U100/><E82/><V37/><F37/><W69/><G69/><T134/><D70/><U23/><E71/><V128/><F128/><W95/><G9/><T83/><D83/><U124/><E68/><V53/><F53/><W90/><G102/><AGARI ba="1,0" hai="5,8,13,44,47,94,97,102" m="42601,44105" machi="102" ten="30,7700,0" yaku="11,1,14,1,52,2" doraHai="43" who="2" fromWho="3" sc="240,0,308,0,280,80,172,-80" /><INIT seed="2,0,0,3,3,25" ten="240,308,360,92" oya="2" hai0="31,50,19,112,79,46,24,70,100,18,1,81,3" hai1="59,128,36,88,78,51,133,121,49,54,47,130,32" hai2="124,55,72,34,83,53,111,108,99,0,48,22,97" hai3="77,91,106,63,45,107,30,89,23,64,26,75,134"/><V11/><F34/><W126/><G126/><T10/><D112/><U71/><E78/><N who="2" m="44487" /><F124/><W84/><G134/><T33/><D100/><U40/><E32/><V44/><F55/><W7/><G7/><T93/><D93/><U76/><E76/><V65/><F65/><W123/><G123/><T73/><D70/><U14/><E14/><V5/><F22/><W67/><G67/><T61/><D61/><U56/><E88/><V43/><F43/><W15/><G15/><T95/><D95/><U17/><E17/><V90/><F90/><W105/><G45/><T6/><REACH who="0" step="1"/><D1/><REACH who="0" ten="230,308,360,92" step="2"/><U109/><E71/><V21/><F0/><W125/><G125/><T87/><D87/><U85/><E85/><V104/><F104/><W135/><G84/><T114/><D114/><U39/><E121/><V103/><F103/><W62/><G62/><T35/><D35/><U2/><E2/><V118/><F99/><W20/><G107/><T132/><D132/><U12/><E133/><V98/><F97/><W127/><G135/><T58/><D58/><U8/><E59/><V115/><F98/><W68/><G106/><T116/><D116/><U42/><E56/><V37/><F118/><W66/><G105/><T113/><D113/><U74/><E74/><V41/><F115/><W13/><G127/><T94/><D94/><U28/><E47/><V122/><F122/><W60/><G68/><T82/><D82/><U69/><E69/><V38/><F44/><W131/><G63/><T101/><D101/><U120/><E120/><V27/><F111/><W96/><G60/><T102/><D102/><RYUUKYOKU ba="0,1" sc="230,30,308,-10,360,-10,92,-10" hai0="3,6,10,18,19,24,31,33,46,50,73,79,81" /><INIT seed="3,1,1,4,5,28" ten="260,298,350,82" oya="3" hai0="32,86,114,9,22,61,10,135,55,4,93,77,90" hai1="5,15,63,116,99,97,131,6,56,44,102,78,57" hai2="103,68,72,46,109,104,40,89,117,23,14,71,2" hai3="73,127,126,38,8,122,41,47,12,29,132,62,7"/><W94/><G122/><T101/><D135/><U84/><E131/><V66/><F117/><W54/><G73/><T65/><D114/><U85/><E44/><V11/><F109/><W83/><G132/><T123/><D123/><U74/><E74/><V130/><F130/><W60/><G54/><T98/><D32/><U76/><E15/><V37/><F89/><W30/><G83/><T108/><D108/><U111/><E111/><V133/><F133/><W50/><G38/><T107/><D55/><U118/><REACH who="1" step="1"/><E63/><REACH who="1" ten="260,288,350,82" step="2"/><N who="3" m="24106" /><G94/><T75/><D4/><U80/><E80/><V49/><F72/><W39/><G39/><T95/><D95/><U24/><E24/><V27/><F37/><W26/><G26/><T69/><REACH who="0" step="1"/><D22/><REACH who="0" ten="250,288,350,82" step="2"/><U105/><E105/><V53/><F104/><W120/><G120/><T121/><D121/><U34/><E34/><V82/><F23/><W35/><G35/><T91/><D91/><U81/><E81/><AGARI ba="1,3" hai="9,10,61,65,69,75,77,81,86,90,93,98,101,107" machi="81" ten="40,5200,0" yaku="1,1,24,2,53,0" doraHai="28" doraHaiUra="42" who="0" fromWho="1" sc="250,85,288,-55,350,0,82,0" /><INIT seed="4,0,0,4,4,81" ten="335,233,350,82" oya="0" hai0="5,0,73,85,98,30,9,53,135,61,84,68,50" hai1="4,37,40,88,25,93,129,127,23,13,1,91,134" hai2="75,46,54,15,82,29,77,65,45,52,105,11,2" hai3="128,99,33,43,56,27,51,76,8,111,63,100,108"/><T104/><D73/><U16/><E127/><V118/><F105/><W123/><G128/><T19/><D135/><U86/><E129/><V10/><F2/><W116/><G116/><T72/><D72/><U49/><E37/><V35/><F118/><W70/><G76/><T103/><D30/><U130/><E130/><V18/><F65/><W26/><G26/><T32/><D32/><U132/><E1/><V115/><F115/><W14/><G123/><T95/><D19/><U31/><E4/><V48/><F29/><W119/><G119/><T34/><D34/><U109/><E109/><V97/><F97/><W125/><G125/><T120/><D120/><U60/><E60/><V17/><F35/><W12/><G12/><T89/><D61/><U92/><E49/><V83/><F75/><W55/><G27/><T67/><D67/><U71/><E40/><V106/><F106/><W3/><G33/><T21/><D21/><U39/><E39/><V117/><F117/><W42/><G3/><T78/><D78/><U58/><E58/><V80/><F77/><W122/><G122/><T22/><D22/><U110/><E71/><V59/><F54/><W24/><G24/><T126/><D68/><U36/><E36/><V124/><F124/><W131/><G131/><T112/><D126/><U87/><E110/><N who="3" m="42026" /><G70/><T44/><D112/><U133/><E133/><V41/><F41/><W20/><G20/><AGARI ba="0,0" hai="13,16,20,23,25,31,86,87,88,91,92,93,132,134" machi="20" ten="40,8000,1" yaku="9,1,52,2,54,2" doraHai="81" who="1" fromWho="3" sc="335,0,233,80,350,0,82,-80" /><INIT seed="5,0,0,0,2,21" ten="335,313,350,2" oya="1" hai0="81,123,55,39,110,8,9,125,70,84,14,97,11" hai1="101,7,31,103,32,17,18,72,67,116,10,45,15" hai2="5,105,2,82,27,23,47,59,68,26,1,118,80" hai3="52,22,133,4,88,19,109,104,50,95,49,25,98"/><U33/><E72/><V87/><F68/><W107/><G109/><T96/><D110/><U77/><E77/><V79/><F105/><W131/><G107/><T120/><D39/><U41/><E67/><V71/><F71/><W24/><G104/><T64/><D125/><U44/><E116/><V94/><F118/><W69/><G69/><T100/><D55/><U91/><E91/><V93/><F5/><W0/><G0/><T66/><D14/><U114/><E114/><V115/><F115/><W38/><G38/><T121/><D70/><U126/><E126/><V130/><F130/><W135/><G131/><T29/><D29/><U28/><E15/><V57/><F23/><N who="3" m="13439" /><G4/><T111/><D111/><U124/><E124/><V16/><F47/><W20/><G20/><T132/><D132/><N who="3" m="50761" /><G52/><T3/><D3/><U61/><E7/><V78/><F87/><W119/><G119/><T6/><D6/><U62/><REACH who="1" step="1"/><E41/><REACH who="1" ten="335,303,350,2" step="2"/><V106/><F1/><W85/><G85/><T53/><D53/><U40/><E40/><V54/><F2/><W74/><G74/><T122/><N who="0" m="30720" /><DORA hai="63" /><T83/><D100/><U117/><E117/><V113/><F113/><W34/><G34/><T51/><D84/><U76/><E76/><V127/><F127/><W129/><G129/><T73/><D73/><U102/><E102/><V30/><F54/><W108/><G108/><T58/><D66/><U56/><E56/><V99/><F78/><W60/><G60/><T36/><D64/><U35/><E35/><V48/><F79/><W42/><G42/><T134/><D134/><U128/><E128/><RYUUKYOKU ba="0,1" sc="335,-15,303,15,350,-15,2,15" hai1="10,17,18,28,31,32,33,44,45,61,62,101,103" hai3="22,25,49,50,88,95,98" /><INIT seed="5,1,1,5,4,35" ten="320,318,335,17" oya="1" hai0="64,53,109,123,24,16,108,63,20,4,36,14,56" hai1="32,76,6,0,80,103,49,31,70,132,26,105,117" hai2="100,60,90,5,79,73,52,111,127,61,91,113,54" hai3="102,17,40,27,74,68,37,44,126,75,133,7,1"/><U92/><E117/><V71/><F111/><W83/><G102/><T34/><D123/><U19/><E92/><V130/><F100/><W22/><G74/><T18/><D36/><U10/><E49/><V30/><F30/><W112/><G112/><T135/><D135/><U23/><E70/><V48/><F113/><W38/><G126/><T115/><D115/><U118/><E118/><V42/><F127/><W12/><G133/><T107/><D107/><U81/><E132/><V43/><F130/><W57/><G57/><T33/><D4/><U65/><E65/><V29/><F29/><W21/><G68/><T93/><D34/><U2/><E2/><V85/><F5/><W67/><G67/><T87/><D33/><U62/><E62/><N who="2" m="24171" /><F73/><W124/><G124/><T86/><D64/><U41/><E41/><N who="2" m="15371" /><F71/><W125/><G125/><T51/><D51/><U95/><E105/><V89/><F48/><W46/><G46/><T122/><D122/><U9/><E76/><V116/><F116/><W77/><G37/><T45/><D45/><U59/><E59/><V72/><F72/><W50/><G50/><T3/><D3/><U110/><E110/><V28/><F28/><W128/><G128/><T88/><D87/><U134/><E134/><V114/><F114/><W101/><G101/><T131/><D131/><U69/><E69/><V66/><F66/><W121/><G121/><T119/><D119/><U94/><E103/><V39/><F39/><W96/><G1/><T15/><D18/><U58/><E58/><V99/><F99/><W25/><G96/><T129/><D129/><RYUUKYOKU ba="1,1" sc="320,15,318,-15,335,15,17,-15" hai0="14,15,16,20,24,53,56,63,86,88,93,108,109" hai2="52,54,79,85,89,90,91" /><INIT seed="6,2,1,5,2,18" ten="335,303,350,2" oya="2" hai0="84,64,25,34,97,104,59,40,55,95,13,103,115" hai1="135,2,17,41,48,32,75,126,118,86,7,134,131" hai2="16,51,122,57,26,30,24,76,116,56,71,27,23" hai3="83,10,70,33,117,65,73,123,105,20,36,98,80"/><V111/><F116/><W121/><G117/><T61/><D40/><U108/><E118/><V106/><F122/><W11/><G33/><T100/><D115/><U120/><E75/><V28/><F71/><W81/><G81/><T35/><D103/><U45/><E108/><V89/><F106/><W87/><G87/><T129/><D129/><U60/><E32/><V12/><F111/><W114/><G65/><T39/><D39/><U109/><E109/><V62/><F76/><W101/><G70/><T22/><D13/><U43/><E131/><V90/><F51/><W68/><G68/><T4/><D4/><U8/><E126/><V46/><F46/><W47/><G47/><T79/><D55/><U110/><E110/><V128/><F128/><W91/><G91/><N who="2" m="34825" /><F56/><W21/><G114/><T5/><D5/><U125/><E125/><V85/><F85/><W112/><G112/><T92/><D92/><U38/><E86/><V37/><F37/><W130/><G130/><T63/><D104/><U44/><E120/><V102/><F102/><W67/><G36/><T52/><D84/><U113/><E113/><V9/><F9/><W78/><G67/><AGARI ba="2,1" hai="12,16,23,24,26,27,28,30,57,62,67" m="34825" machi="67" ten="30,5800,0" yaku="8,1,52,1,54,1" doraHai="18" who="2" fromWho="3" sc="335,0,303,0,350,74,2,-64" owari="335,14.0,303,-10.0,424,52.0,-62,-56.0" /></mjloggm>