<mjloggm ver="2.3"><GO type="41" lobby="0"/><UN n0="%E2%93%9D%53%75%70%68%78" n1="%73%73%73%31%39%33%33" n2="%E3%82%89%E3%83%BB%E3%81%9B%E3%83%BB%E3%82%89%E2%99%AA" n3="%E3%81%84%E3%81%A4" dan="17,15,13,15" rate="2048.99,1997.84,1904.92,2110.23" sx="M,F,M,F"/><TAIKYOKU oya="0"/><INIT seed="0,0,0,1,4,83" ten="250,250,250,250" oya="0" hai0="58,126,110,93,97,73,35,38,69,76,104,42,65" hai1="41,39,95,77,91,98,26,51,61,128,87,70,85" hai2="37,79,125,33,31,21,46,36,82,107,2,22,94" hai3="121,13,14,72,60,44,92,122,50,62,124,71,130"/><T43/><D126/><U48/><E128/><V101/><F125/><W45/><G124/><T68/><D35/><U25/><E39/><V3/><F94/><W88/><G130/><T106/><D58/><U0/><E0/><V10/><F3/><W115/><G115/><T102/><D110/><U80/><E70/><V59/><F59/><W53/><G72/><T28/><D28/><U19/><E61/><N who="3" m="23658" /><G71/><T105/><D65/><U113/><E113/><V57/><F57/><N who="3" m="32951" /><G121/><T63/><D63/><U100/><E19/><V11/><F33/><W120/><G120/><T30/><D30/><U123/><E123/><V131/><F131/><W17/><G122/><T117/><D117/><U112/><E112/><V108/><F108/><W8/><G13/><T96/><D69/><U20/><E20/><V67/><F67/><W55/><G55/><T119/><D68/><U99/><E99/><AGARI ba="0,0" hai="8,14,17,44,45,88,92,99" m="32951,23658" machi="99" ten="30,2000,0" yaku="8,1,54,1" doraHai="83" who="3" fromWho="1" sc="250,0,250,-20,250,0,250,20" /><INIT seed="1,0,0,2,0,121" ten="250,230,250,270" oya="1" hai0="37,28,104,31,129,84,60,120,40,45,57,95,70" hai1="77,118,133,92,75,38,20,47,63,68,36,34,52" hai2="13,46,54,59,130,71,22,25,93,69,24,2,26" hai3="98,30,15,5,85,61,14,123,53,87,79,83,29"/><U62/><E34/><V96/><F2/><W109/><G123/><T0/><D104/><U16/><E118/><V19/><F130/><W4/><G98/><T7/><D70/><U89/><E133/><V35/><F46/><W78/><G53/><T88/><D129/><U131/><E131/><V116/><F116/><W82/><REACH who="3" step="1"/><G61/><REACH who="3" ten="250,230,250,260" step="2"/><T115/><D120/><U97/><E63/><V18/><F35/><W112/><G112/><T67/><REACH who="0" step="1"/><D115/><REACH who="0" ten="240,230,250,260" step="2"/><U48/><E68/><V72/><F71/><W86/><G86/><T27/><D27/><U106/><E106/><V111/><F69/><W9/><G9/><AGARI ba="0,2" hai="0,7,9,28,31,37,40,45,57,60,67,84,88,95" machi="9" ten="40,2600,0" yaku="1,1,54,1,53,0" doraHai="121" doraHaiUra="17" who="0" fromWho="3" sc="240,46,230,0,250,0,260,-26" /><INIT seed="2,0,0,0,1,32" ten="286,230,250,234" oya="2" hai0="126,112,122,62,22,21,89,68,105,40,129,6,35" hai1="30,3,84,60,75,128,107,5,102,43,16,0,15" hai2="130,42,85,12,104,90,81,124,53,18,41,52,106" hai3="7,88,57,44,127,125,91,119,133,58,109,113,67"/><V33/><F33/><W121/><G119/><T54/><D105/><U99/><E75/><V110/><F106/><W25/><G121/><T108/><D112/><U97/><E128/><V1/><F130/><W55/><G113/><T117/><D126/><N who="3" m="48137" /><G109/><T20/><D40/><U28/><E5/><V9/><F124/><W132/><G25/><T101/><D101/><U66/><E43/><V95/><F110/><W29/><G29/><T74/><D74/><U45/><E45/><V92/><F104/><W13/><G44/><T86/><D35/><U76/><E99/><V82/><F42/><W14/><G67/><T59/><D122/><U46/><E46/><V73/><F41/><W27/><G27/><T100/><D117/><U78/><E30/><V116/><F116/><W70/><G70/><T48/><D68/><U134/><E28/><V111/><F111/><W2/><G13/><T123/><D123/><U131/><E134/><N who="3" m="51818" /><G14/><T23/><D129/><U37/><E131/><V98/><F1/><W83/><G83/><T118/><D118/><U8/><E37/><V103/><REACH who="2" step="1"/><F82/><REACH who="2" ten="286,230,240,234" step="2"/><W26/><G26/><T71/><D108/><U69/><REACH who="1" step="1"/><E84/><REACH who="1" ten="286,220,240,234" step="2"/><V39/><F39/><W50/><G57/><T114/><D59/><U4/><E4/><V72/><F72/><W47/><G47/><T51/><D6/><U64/><E64/><V135/><F135/><W96/><G96/><T65/><D65/><U11/><E11/><AGARI ba="0,2" hai="2,7,11,50,55,58,88,91" m="51818,48137" machi="11" ten="30,7700,0" yaku="18,1,20,1,52,1,54,1" doraHai="32" who="3" fromWho="1" sc="286,0,220,-77,240,0,234,97" /><INIT seed="3,0,0,3,0,124" ten="286,143,240,331" oya="3" hai0="88,3,57,9,34,18,64,43,65,106,104,48,127" hai1="56,25,68,81,117,40,2,92,62,133,19,5,55" hai2="114,21,70,59,131,49,102,27,11,74,38,119,69" hai3="125,13,91,132,17,45,128,107,75,121,98,52,35"/><W84/><G121/><T108/><D34/><U118/><E68/><V110/><F38/><W79/><G125/><T93/><D108/><U96/><E133/><V105/><F110/><W76/><G35/><T77/><D77/><U54/><E40/><V30/><F114/><W26/><G132/><T100/><D100/><U115/><E115/><V22/><F74/><W73/><G73/><T58/><D3/><U95/><E81/><V12/><F119/><N who="1" m="45577" /><E2/><V130/><F22/><W37/><G75/><T122/><D122/><U6/><E55/><V86/><F86/><W99/><G37/><T101/><D101/><N who="1" m="60551" /><E95/><V46/><F102/><W85/><G98/><T0/><D0/><U120/><E120/><V7/><F105/><W50/><G99/><T36/><D106/><U94/><E94/><V1/><F1/><W20/><G84/><T82/><D104/><U87/><E87/><V80/><F80/><N who="3" m="49575" /><G107/><T29/><D82/><U89/><E89/><V97/><F97/><W33/><G33/><T47/><D127/><U83/><E83/><V116/><F116/><W15/><G128/><N who="2" m="49193" /><F59/><W31/><G76/><T53/><D58/><U126/><E126/><V113/><F113/><W135/><G135/><T129/><D129/><U111/><E111/><V123/><F123/><W78/><G78/><T16/><D93/><U103/><E103/><V41/><AGARI ba="0,0" hai="7,11,12,21,27,30,41,46,49,69,70" m="49193" machi="41" ten="30,7900,0" yaku="19,1,52,3" doraHai="124" who="2" fromWho="2" sc="286,-20,143,-20,240,79,331,-39" /><INIT seed="4,0,0,1,5,88" ten="266,123,319,292" oya="0" hai0="62,65,1,120,28,80,21,50,102,131,98,33,10" hai1="90,72,53,13,110,106,64,60,7,38,119,67,109" hai2="9,112,44,128,70,91,87,71,35,59,127,99,22" hai3="121,3,39,66,97,101,34,122,41,58,47,96,63"/><T83/><D120/><N who="3" m="46185" /><G34/><T23/><D131/><U56/><E106/><V37/><F35/><W36/><G3/><T75/><D50/><U73/><E119/><V26/><F128/><W86/><G86/><T124/><D124/><U49/><E38/><V105/><F127/><W134/><G134/><T30/><D10/><U111/><E67/><V54/><F9/><W52/><G36/><T115/><D115/><U42/><E42/><V24/><F112/><W17/><G17/><T81/><D75/><U18/><E7/><V61/><F37/><W89/><G89/><T104/><D1/><U32/><E90/><V8/><F8/><W116/><G116/><T48/><D48/><U78/><E78/><V79/><F79/><W74/><G74/><T27/><REACH who="0" step="1"/><D30/><REACH who="0" ten="256,123,319,292" step="2"/><U14/><E73/><V4/><F4/><W51/><G101/><T19/><D19/><U29/><E72/><V93/><F44/><AGARI ba="0,1" hai="39,41,44,47,51,52,58,63,66,96,97" m="46185" machi="44" ten="30,2000,0" yaku="13,1,54,1" doraHai="88" who="3" fromWho="2" sc="256,0,123,0,319,-20,292,30" /><INIT seed="5,0,0,0,4,18" ten="256,123,299,322" oya="1" hai0="115,101,46,54,68,62,38,119,3,64,57,80,88" hai1="73,59,35,47,114,33,52,0,63,86,109,120,67" hai2="124,22,32,95,87,81,53,25,74,105,90,110,51" hai3="42,14,93,58,91,37,85,24,41,56,28,131,70"/><U76/><E120/><V20/><F110/><W135/><G70/><T99/><D3/><U111/><E73/><V34/><F105/><W127/><G127/><T50/><D115/><U69/><E114/><V43/><F43/><N who="3" m="16395" /><G37/><T94/><D119/><U97/><E47/><V48/><F124/><W107/><G107/><T61/><D38/><U121/><E121/><V123/><F123/><W77/><G131/><T2/><D2/><U89/><E0/><V79/><F51/><W134/><G14/><T132/><D132/><N who="3" m="50729" /><G77/><T122/><D122/><U84/><E97/><V31/><REACH who="2" step="1"/><F34/><AGARI ba="0,0" hai="24,28,34,56,58,85,91,93" m="50729,16395" machi="34" ten="30,1000,0" yaku="20,1" doraHai="18" who="3" fromWho="2" sc="256,0,123,0,299,-10,322,10" /><INIT seed="6,0,0,0,3,46" ten="256,123,289,332" oya="2" hai0="76,67,78,99,14,6,114,134,48,128,102,4,111" hai1="15,116,65,79,34,25,26,81,124,23,37,52,74" hai2="93,94,68,47,80,20,103,16,105,41,31,132,104" hai3="33,17,12,135,18,24,32,63,126,11,77,130,108"/><V100/><F68/><W84/><G108/><T122/><D111/><U83/><E37/><V40/><F31/><W21/><G126/><T13/><D122/><U129/><E116/><V30/><F30/><W72/><G130/><T73/><D73/><U2/><E124/><V70/><F70/><W69/><G72/><T59/><D134/><U22/><E2/><V29/><F29/><W87/><G135/><T125/><D114/><U113/><E113/><V5/><F5/><W43/><G43/><T51/><D128/><U112/><E112/><V45/><F80/><W118/><G118/><T3/><D3/><U49/><E129/><V39/><F132/><W119/><G119/><T88/><D102/><U86/><E65/><V131/><F131/><W91/><G77/><N who="0" m="29803" /><D125/><U10/><E34/><V56/><F56/><W36/><G36/><T106/><D106/><U90/><E26/><V121/><F121/><W60/><G69/><T38/><D38/><U98/><E98/><V53/><F53/><W96/><G32/><T35/><D35/><U55/><E55/><V50/><F105/><W109/><G33/><T8/><D14/><U89/><E89/><V85/><F104/><W7/><G7/><T64/><D6/><U27/><E27/><V54/><F40/><W97/><G109/><T82/><D99/><N who="3" m="37961" /><G84/><N who="0" m="50199" /><D67/><U58/><REACH who="1" step="1"/><E25/><REACH who="1" ten="256,113,289,332" step="2"/><V61/><F39/><W19/><G24/><T107/><D107/><U115/><E115/><V75/><F41/><W117/><G117/><T110/><D110/><U71/><E71/><V120/><F120/><W66/><G66/><T92/><D92/><RYUUKYOKU ba="0,1" sc="256,15,113,15,289,-15,332,-15" hai0="4,8,13,48,51,59,64" hai1="10,15,22,23,49,52,58,74,79,81,83,86,90" /><INIT seed="7,1,1,5,2,11" ten="271,128,274,317" oya="3" hai0="19,4,16,124,58,87,56,92,10,108,100,23,84" hai1="101,65,102,85,54,20,72,111,31,97,5,95,30" hai2="134,122,93,34,110,135,32,26,74,6,96,132,83" hai3="13,35,18,21,9,43,52,48,91,36,50,116,28"/><W59/><G116/><T113/><D108/><U2/><E111/><V7/><F110/><W79/><G36/><T14/><D124/><U64/><E72/><V73/><F122/><W125/><G125/><T60/><D113/><U38/><E38/><V55/><F74/><W63/><G35/><N who="2" m="13353" /><F55/><W127/><G127/><T57/><D19/><U17/><E2/><V128/><F26/><N who="3" m="16463" /><G79/><T24/><D60/><U39/><E5/><V0/><F0/><W40/><G91/><T44/><D44/><U76/><E39/><V103/><F128/><W78/><G78/><AGARI ba="1,1" hai="6,7,73,78,83,93,96,103,132,134,135" m="13353" machi="78" ten="40,1300,0" yaku="20,1" doraHai="11" who="2" fromWho="3" sc="271,0,128,0,274,26,317,-16" owari="271,-13.0,128,-37.0,300,10.0,301,40.0" /></mjloggm>