<mjloggm ver="2.3"><GO type="41" lobby="0"/><UN n0="%E8%92%B8%E3%81%97%E3%82%BF%E3%82%AA%E3%83%AB" n1="%E3%83%86%E3%83%83%E3%83%9A%E3%82%A4" n2="%E2%93%9D%53%75%70%68%78" n3="%E3%82%8C%E3%81%99%E3%81%93" dan="14,15,19,15" rate="1918.73,1965.90,2150.11,2056.12" sx="M,M,M,F"/><TAIKYOKU oya="0"/><INIT seed="0,0,0,3,3,100" ten="250,250,250,250" oya="0" hai0="124,9,47,51,133,101,78,117,116,105,90,45,20" hai1="25,118,23,11,110,36,121,57,115,10,98,48,1" hai2="94,50,21,82,62,132,27,18,107,2,74,67,52" hai3="49,24,41,69,73,76,65,5,55,26,4,130,31"/><T134/><D124/><U123/><E36/><V97/><F2/><W12/><G41/><T102/><D78/><U8/><E118/><V106/><F132/><N who="0" m="50794" /><D9/><U126/><E126/><V86/><F74/><W44/><G130/><T19/><D90/><U112/><E110/><V81/><F81/><W113/><G113/><N who="1" m="43594" /><E98/><V15/><F27/><W22/><G12/><N who="0" m="9319" /><D47/><U75/><E75/><V61/><F67/><W99/><G65/><T79/><D79/><U93/><E93/><V64/><F64/><W83/><G69/><T34/><D34/><U16/><E1/><V77/><F62/><W128/><G128/><T28/><D28/><U14/><E57/><V108/><F108/><W68/><G68/><T38/><D38/><U46/><E48/><V80/><F61/><W91/><G26/><T0/><D0/><U30/><E46/><V95/><F82/><W6/><G91/><T7/><D7/><U54/><E54/><V53/><F53/><W111/><G111/><T43/><D101/><U71/><E71/><V89/><F95/><W59/><G44/><AGARI ba="0,0" hai="15,18,21,44,50,52,77,80,86,89,94,97,106,107" machi="44" ten="30,7700,0" yaku="7,1,52,2,54,1" doraHai="100" who="2" fromWho="3" sc="250,0,250,0,250,77,250,-77" /><INIT seed="1,0,0,5,0,121" ten="250,250,327,173" oya="1" hai0="127,8,102,133,116,100,79,3,107,2,16,95,59" hai1="36,97,51,128,54,10,84,117,63,105,92,62,129" hai2="55,99,75,0,4,6,88,40,24,87,96,7,39" hai3="44,47,122,132,12,93,71,76,90,123,20,23,15"/><U32/><E32/><V98/><F75/><W29/><G71/><T18/><D116/><U34/><E34/><V106/><F106/><W115/><G115/><T118/><D118/><U124/><E117/><V17/><F39/><W104/><G104/><T82/><D133/><U111/><E36/><V108/><F108/><W37/><G132/><T14/><D127/><U45/><E111/><V77/><F40/><W119/><G119/><T68/><D68/><U38/><E124/><V130/><F130/><N who="1" m="50281" /><E38/><V113/><F77/><W43/><G76/><T60/><D107/><U26/><E26/><V28/><F0/><W85/><G44/><T22/><D95/><U31/><E31/><V112/><F55/><W5/><G29/><T49/><D49/><U74/><E74/><V67/><F67/><W66/><G66/><T9/><D3/><U110/><E110/><V78/><F78/><W42/><G42/><T56/><D2/><U27/><E27/><V69/><F69/><W125/><G125/><T101/><D56/><U1/><E84/><V65/><F65/><W50/><G37/><T33/><D33/><U58/><E105/><V83/><REACH who="2" step="1"/><F17/><REACH who="2" ten="250,250,317,173" step="2"/><N who="3" m="10279" /><G123/><T109/><D18/><U46/><E46/><V126/><F126/><W120/><G122/><T13/><D109/><U91/><E45/><V135/><F135/><W53/><G120/><T35/><D16/><U114/><E114/><V94/><F94/><W64/><G64/><T57/><D79/><U86/><E1/><V19/><F19/><N who="3" m="10751" /><G43/><T80/><D8/><U25/><E10/><V21/><AGARI ba="0,1" hai="4,6,7,21,24,28,83,87,88,96,98,99,112,113" machi="21" ten="40,5200,0" yaku="1,1,0,1,54,1,53,0" doraHai="121" doraHaiUra="131" who="2" fromWho="2" sc="250,-13,250,-26,317,62,173,-13" /><INIT seed="2,0,0,2,2,129" ten="237,224,379,160" oya="2" hai0="102,58,65,29,71,84,126,17,83,72,8,92,108" hai1="79,122,98,133,77,121,34,96,40,93,18,55,25" hai2="44,33,24,19,9,16,43,66,117,119,11,38,134" hai3="111,107,75,15,52,128,35,60,91,67,82,51,125"/><V116/><F66/><W47/><G128/><T114/><D114/><U73/><E40/><V113/><F113/><W90/><G111/><T46/><D108/><U48/><E98/><V23/><F33/><W110/><G110/><T3/><D126/><U135/><E18/><V20/><REACH who="2" step="1"/><F134/><REACH who="2" ten="237,224,369,160" step="2"/><N who="1" m="51209" /><E34/><V49/><F49/><W80/><G35/><T28/><D65/><U115/><E115/><V100/><F100/><W76/><G125/><T13/><D102/><N who="1" m="60687" /><E25/><AGARI ba="0,1" hai="9,11,16,19,20,23,24,25,38,43,44,116,117,119" machi="25" ten="40,7700,0" yaku="1,1,9,1,54,1,53,0" doraHai="129" doraHaiUra="57" who="2" fromWho="1" sc="237,0,224,-77,369,87,160,0" /><INIT seed="2,1,0,1,1,46" ten="237,147,456,160" oya="2" hai0="9,78,19,5,58,52,76,93,51,0,79,115,25" hai1="47,17,40,23,55,60,131,3,10,16,110,132,97" hai2="64,48,87,15,129,100,75,85,70,57,120,99,80" hai3="122,104,105,54,32,20,77,34,26,86,88,91,42"/><V92/><F129/><W127/><G122/><T82/><D115/><U62/><E131/><V133/><F133/><W101/><G127/><T38/><D38/><U72/><E132/><V11/><F75/><W18/><G42/><T130/><D130/><U96/><E110/><V22/><F70/><W66/><G66/><T53/><D93/><U30/><E72/><V43/><F22/><W117/><G117/><T124/><D124/><U111/><E111/><V39/><F39/><W2/><G2/><T7/><D7/><U31/><E3/><V67/><F87/><W12/><G77/><T94/><D94/><U6/><E6/><V24/><F24/><W1/><G1/><T135/><D135/><U41/><E10/><V126/><F120/><W14/><G34/><T95/><D95/><U13/><E17/><V28/><F28/><N who="1" m="10793" /><E55/><N who="2" m="31975" /><F43/><N who="1" m="16457" /><E47/><V98/><F98/><AGARI ba="1,0" hai="13,16,23,60,62,96,97,98" m="16457,10793" machi="98" ten="30,2000,0" yaku="8,1,54,1" doraHai="46" who="1" fromWho="2" sc="237,0,147,23,456,-23,160,0" /><INIT seed="3,0,0,5,3,103" ten="237,170,433,160" oya="3" hai0="43,59,115,12,5,40,37,120,130,128,22,20,74" hai1="18,62,88,6,109,132,95,70,90,61,2,47,23" hai2="0,33,3,75,38,7,19,97,87,16,28,55,11" hai3="54,64,41,21,126,124,13,63,80,27,72,108,4"/><W65/><G41/><T102/><D120/><U25/><E132/><V30/><F87/><W94/><G108/><T101/><D115/><U118/><E109/><V58/><F75/><W14/><G94/><T106/><D74/><U57/><E118/><V49/><F38/><W84/><G72/><T48/><D37/><U93/><E70/><V123/><F3/><W50/><G4/><T113/><D113/><U29/><E2/><V114/><F114/><W85/><G63/><T26/><D59/><U86/><E6/><V76/><F76/><W53/><G50/><T44/><D43/><U67/><E61/><V82/><F82/><W81/><REACH who="3" step="1"/><G21/><REACH who="3" ten="237,170,433,150" step="2"/><T8/><D22/><U15/><E47/><V52/><F49/><W83/><G83/><T79/><D20/><U105/><E105/><V89/><F7/><W39/><G39/><T134/><D106/><U45/><E45/><V66/><F123/><W32/><G32/><T77/><D134/><U24/><REACH who="1" step="1"/><E29/><REACH who="1" ten="237,160,433,150" step="2"/><V111/><F30/><W127/><G127/><T129/><D44/><U121/><E121/><V9/><F28/><W34/><G34/><T100/><D129/><U35/><E35/><V104/><F33/><W78/><G78/><T92/><D128/><U31/><E31/><V99/><F104/><W96/><G96/><AGARI ba="0,2" hai="15,18,23,24,25,57,62,67,86,88,90,93,95,96" machi="96" ten="30,7700,0" yaku="1,1,7,1,8,1,54,1,53,0" doraHai="103" doraHaiUra="125" who="1" fromWho="3" sc="237,0,160,97,433,0,150,-77" /><INIT seed="4,0,0,5,4,102" ten="237,257,433,73" oya="0" hai0="37,29,7,25,55,23,70,63,62,78,75,100,129" hai1="72,99,85,1,18,116,122,11,126,89,12,97,52" hai2="71,80,49,90,35,117,17,134,34,8,42,130,10" hai3="28,67,104,133,56,27,93,33,43,111,82,32,101"/><T95/><D37/><U31/><E122/><V106/><F106/><W105/><G111/><T114/><D114/><U73/><E116/><V36/><F134/><W87/><G133/><T103/><D129/><U86/><E126/><V46/><F71/><W16/><G33/><T40/><D40/><U48/><E1/><V123/><F90/><W96/><G43/><T108/><D108/><U84/><E31/><V92/><F92/><W65/><G65/><T4/><D78/><U59/><REACH who="1" step="1"/><E89/><REACH who="1" ten="237,247,433,73" step="2"/><V74/><F117/><W13/><G67/><T30/><D29/><U109/><E109/><V94/><F123/><W79/><REACH who="3" step="1"/><G56/><REACH who="3" ten="237,247,433,63" step="2"/><T119/><D70/><U47/><E47/><V77/><F46/><W58/><G58/><T120/><D119/><U88/><E88/><V19/><F130/><W60/><G60/><T115/><D63/><U83/><E83/><V121/><F80/><W64/><G64/><T51/><D62/><U81/><E81/><V57/><F57/><W53/><G53/><T3/><D55/><U91/><E91/><V2/><F121/><W44/><G44/><T66/><D66/><U135/><E135/><V15/><F42/><W14/><G14/><T54/><D54/><U26/><E26/><V20/><F15/><W118/><G118/><T22/><D25/><U98/><AGARI ba="0,2" hai="11,12,18,48,52,59,72,73,84,85,86,97,98,99" machi="98" ten="30,7900,0" yaku="1,1,0,1,54,1,53,1" doraHai="102" doraHaiUra="6" who="1" fromWho="1" sc="237,-39,247,99,433,-20,63,-20" /><INIT seed="5,0,0,4,3,37" ten="198,346,413,43" oya="1" hai0="68,86,0,62,40,49,8,95,135,129,18,85,39" hai1="45,19,131,78,21,55,74,17,48,24,90,132,101" hai2="46,117,27,96,43,22,106,71,113,99,57,123,2" hai3="130,66,13,87,63,100,25,4,26,29,91,112,103"/><U115/><E132/><V76/><F117/><W79/><G112/><T1/><D39/><U12/><E115/><V10/><F113/><W67/><G130/><T50/><D129/><U121/><E131/><V56/><F123/><W15/><G79/><T107/><D107/><U38/><E121/><V88/><F71/><W82/><G25/><T102/><D135/><U122/><E122/><V41/><F2/><W34/><G67/><T77/><D102/><U54/><E38/><V80/><F10/><W104/><G4/><T51/><D62/><U89/><E101/><V134/><F46/><W36/><G103/><T94/><D68/><U7/><E7/><V30/><F106/><W14/><G36/><T59/><D59/><N who="2" m="22602" /><F76/><W119/><G119/><T11/><D51/><N who="1" m="29039" /><E78/><V5/><F5/><W3/><G3/><T28/><D77/><U23/><E74/><V42/><F134/><W9/><G100/><T110/><D110/><U65/><E65/><V108/><F108/><W61/><G104/><T126/><D126/><U75/><E75/><V32/><F32/><W72/><G72/><T60/><D60/><U70/><E70/><V73/><F73/><W98/><G66/><T6/><D6/><U47/><AGARI ba="0,0" hai="12,17,19,21,23,24,47,48,55,89,90" m="29039" machi="47" ten="30,1500,0" yaku="8,1" doraHai="37" who="1" fromWho="1" sc="198,-5,346,15,413,-5,43,-5" /><INIT seed="5,1,0,2,4,115" ten="193,361,408,38" oya="1" hai0="110,53,38,7,134,135,37,82,113,2,61,65,107" hai1="16,90,8,22,9,89,68,132,73,18,105,31,104" hai2="10,94,96,43,58,106,0,76,47,25,70,60,11" hai3="81,4,98,130,50,24,127,111,41,86,122,21,1"/><U120/><E68/><V54/><F106/><W30/><G111/><T75/><D107/><U29/><E22/><V40/><F70/><W19/><G122/><T28/><D28/><U116/><E73/><V74/><F0/><W6/><G130/><T66/><D82/><U100/><E100/><V3/><F3/><W80/><G127/><T78/><D78/><U67/><E67/><V133/><F133/><N who="0" m="50698" /><D75/><U87/><E87/><V123/><F123/><W124/><G124/><T91/><D91/><U49/><E132/><V57/><F76/><W12/><G1/><T85/><D85/><U88/><E89/><V131/><F131/><W83/><G98/><T64/><D7/><U48/><E120/><V55/><F25/><W35/><REACH who="3" step="1"/><G86/><REACH who="3" ten="193,361,408,28" step="2"/><T72/><D2/><U109/><E116/><V95/><F74/><W125/><G125/><T77/><D110/><AGARI ba="1,1" hai="8,9,16,18,29,31,48,49,88,90,104,105,109,110" machi="110" ten="25,9600,0" yaku="22,2,54,2" doraHai="115" who="1" fromWho="0" sc="193,-99,361,109,408,0,28,0" /><INIT seed="5,2,0,4,3,77" ten="94,470,408,28" oya="1" hai0="91,121,63,68,83,95,81,40,74,44,96,55,66" hai1="135,75,62,61,122,67,94,76,2,97,71,69,72" hai2="93,92,0,85,16,58,111,50,27,133,3,84,21" hai3="59,30,42,65,29,48,107,78,46,24,82,39,54"/><U113/><E122/><V11/><F111/><W20/><G107/><T132/><D132/><U33/><E135/><V127/><F133/><W6/><G6/><T32/><D121/><U89/><E113/><V101/><F127/><W35/><G65/><T90/><D32/><U131/><E131/><V79/><F3/><W51/><G35/><T15/><D74/><U26/><E2/><V70/><F70/><W115/><G115/><T4/><D55/><U25/><E25/><V17/><F0/><W110/><G110/><T49/><REACH who="0" step="1"/><D90/><REACH who="0" ten="84,470,408,28" step="2"/><U38/><E75/><V125/><F125/><W23/><G23/><T106/><D106/><U31/><E72/><V100/><F79/><W102/><G102/><T5/><D5/><U134/><E76/><V14/><F101/><W19/><REACH who="3" step="1"/><G39/><REACH who="3" ten="84,470,408,18" step="2"/><T28/><D28/><U53/><E38/><V112/><F112/><W99/><G99/><T8/><AGARI ba="2,2" hai="4,8,15,40,44,49,63,66,68,81,83,91,95,96" machi="8" ten="30,8000,1" yaku="1,1,0,1,52,2,53,1" doraHai="77" doraHaiUra="88" who="0" fromWho="0" sc="84,106,470,-42,408,-22,18,-22" owari="190,-21.0,428,52.0,386,19.0,-4,-50.0" /></mjloggm>