<mjloggm ver="2.3"><GO type="41" lobby="0"/><UN n0="%E6%89%8B%E8%A1%93%E3%81%AF%E6%AC%A1%E3%81%A7%EF%BC%96%E5%9B%9E%E7%9B%AE" n1="%E3%81%BE%E3%83%BC%E3%81%93" n2="%6B%6F%75%72%69%6E%30%33" n3="%E2%93%9D%53%75%70%68%78" dan="15,13,14,18" rate="1984.87,1822.97,1981.09,2112.62" sx="M,M,M,M"/><TAIKYOKU oya="0"/><INIT seed="0,0,0,0,5,128" ten="250,250,250,250" oya="0" hai0="58,107,45,66,121,124,5,80,28,25,95,91,97" hai1="61,116,55,12,119,8,72,109,22,134,131,92,35" hai2="65,108,75,32,26,110,2,103,130,21,106,114,77" hai3="94,70,30,20,83,17,4,112,125,34,10,16,98"/><T117/><D124/><U51/><E72/><V41/><F32/><W44/><G70/><T47/><D121/><U84/><E35/><V59/><F2/><W76/><G112/><T0/><D107/><U96/><E131/><V102/><F114/><W123/><G34/><T67/><D117/><U49/><E109/><V6/><F6/><W82/><G125/><T29/><D5/><U46/><E61/><V93/><F106/><W43/><G30/><T13/><D0/><U57/><E84/><V127/><F41/><W64/><G64/><T69/><D69/><U100/><E22/><V38/><F38/><W89/><G123/><T74/><D13/><U27/><E27/><V50/><F130/><W9/><G17/><T62/><D66/><U87/><E87/><V78/><F127/><W81/><G76/><T122/><D29/><U129/><E129/><V99/><F103/><W15/><REACH who="3" step="1"/><G4/><REACH who="3" ten="250,250,250,240" step="2"/><T18/><D122/><U132/><E116/><V73/><F77/><W79/><G79/><T90/><D18/><U54/><REACH who="1" step="1"/><E119/><REACH who="1" ten="250,240,250,240" step="2"/><V120/><F120/><W48/><AGARI ba="0,2" hai="9,10,15,16,20,43,44,48,81,82,83,89,94,98" machi="48" ten="30,8000,1" yaku="1,1,0,1,8,1,54,1,53,1" doraHai="128" doraHaiUra="86" who="3" fromWho="3" sc="250,-40,240,-20,250,-20,240,100" /><INIT seed="1,0,0,3,4,65" ten="210,220,230,340" oya="1" hai0="18,13,42,46,110,10,106,56,62,17,119,59,131" hai1="82,32,109,120,78,84,37,117,92,5,36,102,75" hai2="122,29,38,57,121,26,54,68,7,114,127,128,49" hai3="89,31,40,58,77,111,60,105,126,83,28,124,76"/><U41/><E117/><V97/><F38/><W8/><G111/><T0/><D110/><U96/><E32/><V125/><F7/><W130/><G105/><T43/><D106/><U20/><E109/><V44/><F97/><W25/><G40/><T53/><D0/><U23/><E120/><V72/><F72/><W11/><G89/><T52/><D131/><U103/><E5/><V70/><F128/><W116/><G130/><T19/><D119/><U135/><E135/><V93/><F93/><W99/><G99/><T95/><D95/><U33/><E33/><V55/><F26/><W94/><G94/><T80/><D80/><U61/><E103/><V16/><F16/><N who="0" m="6250" /><D46/><U101/><E102/><V90/><F90/><W63/><G116/><T73/><D73/><U79/><E79/><V104/><F29/><W35/><G35/><T15/><D15/><U71/><E75/><V108/><F104/><W134/><G83/><T9/><D9/><U133/><E133/><V14/><F14/><W115/><G134/><T67/><D67/><U118/><E118/><V2/><F2/><W129/><G129/><T3/><D3/><U113/><E113/><V85/><F85/><W64/><G64/><T86/><D86/><U21/><REACH who="1" step="1"/><E41/><REACH who="1" ten="210,210,230,340" step="2"/><V132/><F132/><W22/><G115/><T69/><D69/><N who="2" m="26730" /><F114/><W123/><G123/><N who="2" m="47113" /><F108/><W91/><G77/><T98/><D98/><U24/><E24/><V50/><AGARI ba="0,1" hai="44,49,50,54,55,57,125,127" m="47113,26730" machi="50" ten="40,8000,1" yaku="34,2,52,3" doraHai="65" who="2" fromWho="2" sc="210,-20,210,-40,230,90,340,-20" /><INIT seed="2,0,0,5,2,79" ten="190,170,320,320" oya="2" hai0="125,75,41,10,57,50,27,76,0,114,32,113,23" hai1="101,61,2,1,104,48,90,115,53,100,59,126,131" hai2="11,67,123,82,109,42,102,118,21,54,56,128,91" hai3="7,14,92,87,105,3,72,4,25,34,13,93,38"/><V74/><F118/><W64/><G105/><T95/><D32/><U43/><E115/><V62/><F123/><W85/><G72/><T37/><D125/><U55/><E126/><V12/><F128/><W133/><G64/><T8/><D8/><U130/><E43/><V111/><F102/><W69/><G25/><T47/><D95/><U58/><E104/><V30/><F42/><W68/><G34/><T73/><D57/><U83/><E101/><V45/><F21/><W94/><G133/><T107/><D73/><U121/><E121/><V5/><F30/><W44/><G44/><T88/><D50/><U134/><E100/><V86/><F74/><W18/><G18/><T28/><D88/><U127/><E134/><V98/><F98/><W51/><G51/><T110/><D110/><N who="2" m="41994" /><F45/><W46/><G46/><T71/><D71/><U70/><E70/><V24/><F24/><W96/><G96/><T124/><D107/><U97/><E127/><V17/><F5/><W81/><G7/><N who="0" m="1383" /><D124/><U9/><E9/><V135/><F135/><W120/><G4/><T40/><D40/><U106/><E106/><V35/><F35/><W15/><G120/><T129/><D129/><N who="1" m="49163" /><E97/><V39/><F39/><W80/><G38/><T36/><D37/><U132/><E132/><V119/><F119/><W122/><G122/><T89/><D89/><U49/><E61/><V22/><F11/><W20/><G20/><T19/><D19/><U66/><E66/><AGARI ba="0,0" hai="12,17,22,54,56,62,66,67,82,86,91" m="41994" machi="66" ten="30,5800,0" yaku="14,1,10,1,52,1" doraHai="79" who="2" fromWho="1" sc="190,0,170,-58,320,58,320,0" /><INIT seed="2,1,0,3,3,54" ten="190,112,378,320" oya="2" hai0="103,122,17,85,120,66,27,76,29,46,1,130,135" hai1="10,47,24,55,35,119,64,102,129,28,72,115,127" hai2="58,126,23,84,21,31,92,69,11,83,105,125,65" hai3="2,37,36,82,15,110,79,124,109,57,112,34,20"/><V26/><F105/><W7/><G34/><T80/><D130/><U100/><E115/><V99/><F69/><W87/><G2/><T70/><D135/><U18/><E119/><V98/><F21/><W97/><G124/><N who="2" m="47721" /><F11/><W9/><G112/><T93/><D1/><U104/><E127/><V44/><F44/><W91/><G20/><T118/><D17/><U25/><E72/><V40/><F40/><W49/><G97/><T38/><D118/><U86/><E129/><V5/><F5/><W4/><G4/><T131/><D131/><U75/><E75/><V132/><F132/><W114/><G114/><T45/><D46/><U134/><E134/><V13/><F13/><W51/><G37/><T41/><D66/><U59/><E64/><V81/><F99/><W108/><G36/><T117/><D70/><U68/><E68/><V30/><F84/><W62/><REACH who="3" step="1"/><G79/><REACH who="3" ten="190,112,378,310" step="2"/><T94/><D117/><U61/><E104/><V73/><F31/><W14/><G14/><T63/><D120/><U16/><E25/><V42/><F23/><W74/><G74/><T43/><D122/><U95/><E10/><V77/><F77/><W48/><G48/><T96/><D76/><U123/><E123/><V78/><F78/><W88/><G88/><T33/><D38/><U133/><E133/><V60/><F73/><W32/><G32/><T56/><D33/><U3/><E3/><V67/><F26/><W0/><G0/><T71/><D27/><U128/><E128/><V6/><F6/><W53/><AGARI ba="1,1" hai="7,9,15,49,51,53,57,62,82,87,91,108,109,110" machi="53" ten="30,8000,1" yaku="1,1,0,1,14,1,52,1,53,1" doraHai="54" doraHaiUra="50" who="3" fromWho="3" sc="190,-21,112,-21,378,-41,310,93" /><INIT seed="3,0,0,5,4,64" ten="169,91,337,403" oya="3" hai0="84,21,135,27,31,106,37,127,54,117,110,96,91" hai1="87,19,4,122,68,69,44,45,35,70,14,52,60" hai2="100,76,108,125,90,57,61,103,95,9,105,11,118" hai3="0,94,29,109,66,86,36,53,30,78,22,49,67"/><W114/><G114/><T130/><D110/><U8/><E35/><V16/><F118/><W83/><G36/><T28/><D117/><U51/><E122/><V102/><F108/><W112/><G0/><T131/><D37/><U115/><E115/><V12/><F125/><W26/><G112/><T62/><D96/><U34/><E34/><V129/><F129/><W25/><G109/><T119/><D106/><U104/><E104/><V82/><F105/><W124/><G124/><T59/><D119/><U92/><E45/><V93/><F11/><W132/><G132/><T39/><D39/><U20/><E92/><V98/><F93/><W88/><G26/><T73/><D73/><U107/><E107/><V99/><F98/><W75/><REACH who="3" step="1"/><G30/><REACH who="3" ten="169,91,337,393" step="2"/><T38/><D38/><U42/><E87/><V18/><F18/><W48/><G48/><T40/><D127/><U32/><E32/><V126/><F126/><W121/><G121/><T65/><D135/><U74/><E74/><V120/><F120/><W5/><G5/><T15/><D31/><U46/><E46/><AGARI ba="0,1" hai="22,25,29,46,49,53,66,67,75,78,83,86,88,94" machi="46" ten="30,5800,0" yaku="1,1,7,1,54,1,53,0" doraHai="64" doraHaiUra="133" who="3" fromWho="1" sc="169,0,91,-58,337,0,393,68" /><INIT seed="3,1,0,5,3,99" ten="169,33,337,461" oya="3" hai0="33,16,88,132,127,124,52,86,62,54,29,112,57" hai1="69,68,9,34,25,66,128,27,41,133,44,35,53" hai2="101,91,121,67,28,109,102,30,42,93,125,24,96" hai3="15,116,64,104,10,115,37,129,39,134,20,61,45"/><W6/><G115/><T12/><D132/><U105/><E133/><V118/><F118/><W7/><G104/><T92/><D29/><N who="2" m="11370" /><F109/><W56/><G116/><T126/><D33/><U59/><E105/><V123/><F125/><W80/><G129/><T47/><D112/><U84/><E128/><V32/><F24/><W90/><G7/><T71/><D71/><U78/><E9/><V85/><F32/><W2/><G45/><T81/><D47/><U119/><E119/><V77/><F42/><W21/><G134/><T76/><D54/><U73/><E73/><V72/><F72/><W94/><G80/><T70/><D70/><U130/><E130/><V111/><F111/><W38/><REACH who="3" step="1"/><G2/><REACH who="3" ten="169,33,337,451" step="2"/><T8/><REACH who="0" step="1"/><D124/><REACH who="0" ten="159,33,337,451" step="2"/><U98/><E35/><V17/><F123/><W14/><G14/><T5/><D5/><U106/><E34/><V75/><F121/><W19/><G19/><T1/><D1/><U49/><E27/><V48/><F17/><W95/><G95/><T110/><D110/><U122/><E25/><V60/><F75/><AGARI ba="1,2" hai="8,12,16,52,57,62,75,76,81,86,88,92,126,127" machi="75" ten="40,8000,1" yaku="1,1,54,3,53,0" doraHai="99" doraHaiUra="3" who="0" fromWho="2" sc="159,103,33,0,337,-83,451,0" /><INIT seed="4,0,0,2,2,80" ten="262,33,254,451" oya="0" hai0="54,9,63,15,7,22,127,0,50,77,44,135,14" hai1="10,110,122,8,124,84,25,93,134,113,125,79,62" hai2="104,45,119,72,120,75,43,114,64,73,32,88,52" hai3="131,5,91,2,66,98,27,6,103,3,117,106,37"/><T47/><D127/><N who="1" m="48715" /><E122/><V133/><F120/><W18/><G131/><T81/><D135/><U132/><E110/><V42/><F32/><W1/><G117/><T89/><D89/><N who="1" m="53415" /><E62/><V39/><F133/><N who="1" m="51305" /><E25/><V53/><F119/><W87/><G66/><T129/><D129/><U95/><E113/><V56/><F104/><W74/><G27/><T118/><D118/><U99/><E79/><V115/><F43/><W82/><G3/><T17/><D0/><U97/><E97/><V31/><F31/><W58/><G98/><T48/><D63/><U49/><E49/><V28/><F28/><W11/><G2/><T67/><D67/><U90/><AGARI ba="0,0" hai="8,10,90,95,99" m="51305,53415,48715" machi="90" ten="30,4000,0" yaku="18,1,20,1,52,1" doraHai="80" who="1" fromWho="1" sc="262,-20,33,40,254,-10,451,-10" /><INIT seed="5,0,0,1,1,24" ten="242,73,244,441" oya="1" hai0="40,48,104,20,61,107,112,113,109,98,49,68,129" hai1="71,5,12,92,29,110,46,19,72,28,85,54,99" hai2="94,91,60,37,73,7,124,42,34,102,53,131,2" hai3="69,23,56,74,115,93,97,81,89,122,27,11,108"/><U78/><E71/><V114/><F34/><W70/><G108/><T3/><D109/><U18/><E72/><V127/><F73/><W62/><G115/><N who="0" m="44107" /><D3/><U43/><E110/><V111/><F111/><W31/><G122/><T75/><D75/><U65/><E65/><V45/><F114/><W36/><G36/><T135/><D129/><U35/><E35/><V96/><F131/><W17/><G11/><T66/><D135/><U4/><E54/><V59/><F7/><N who="1" m="2633" /><E78/><V14/><F2/><W105/><G105/><N who="0" m="40523" /><D98/><U38/><E85/><V79/><F79/><N who="3" m="44279" /><G70/><T119/><D119/><U130/><E38/><V13/><REACH who="2" step="1"/><F102/><REACH who="2" ten="242,73,234,441" step="2"/><W8/><G89/><T123/><D123/><U76/><E130/><V39/><F39/><W41/><G97/><T101/><D101/><N who="1" m="60647" /><E76/><V26/><F26/><W67/><G27/><T80/><D68/><U128/><E128/><V82/><F82/><W33/><G69/><N who="0" m="42191" /><D80/><U10/><E18/><V116/><F116/><W51/><G17/><T103/><D103/><U50/><AGARI ba="0,1" hai="10,12,19,28,29,43,46,50" m="60647,2633" machi="50" ten="30,6000,0" yaku="8,1,52,2" doraHai="24" who="1" fromWho="1" sc="242,-20,73,70,234,-20,441,-20" /><INIT seed="5,1,0,1,4,134" ten="222,143,214,421" oya="1" hai0="26,103,2,72,56,75,101,43,85,116,131,16,41" hai1="37,24,21,73,5,102,79,62,10,130,109,76,7" hai2="17,0,15,53,83,112,19,129,81,48,45,110,107" hai3="69,82,29,127,9,46,3,74,96,34,57,123,113"/><U86/><E37/><V91/><F110/><W1/><G127/><T132/><D2/><U27/><E109/><V44/><F0/><W8/><G113/><T11/><D116/><U51/><E130/><V36/><F129/><W18/><G57/><T78/><D132/><U133/><E133/><V108/><F108/><W106/><G96/><T55/><D75/><U122/><E122/><V38/><F107/><W28/><G82/><N who="0" m="47319" /><D72/><U25/><E73/><V70/><F70/><W120/><G18/><T98/><D98/><U117/><E117/><V121/><F121/><W124/><G46/><T14/><D26/><N who="1" m="10347" /><E102/><N who="0" m="38921" /><D131/><U97/><E97/><V125/><F112/><W22/><G74/><T100/><N who="0" m="38929" /><T23/><DORA hai="59" /><D23/><U63/><E51/><AGARI ba="1,0" hai="11,14,16,41,43,51,55,56" m="38929,47319" machi="51" ten="30,2000,0" yaku="8,1,54,1" doraHai="134,59" who="0" fromWho="1" sc="222,23,143,-23,214,0,421,0" /><INIT seed="6,0,0,0,2,42" ten="245,120,214,421" oya="2" hai0="122,65,53,5,132,36,49,29,106,74,4,69,95" hai1="77,102,81,25,112,55,97,26,62,108,82,124,91" hai2="10,131,109,75,110,48,129,7,12,54,0,107,2" hai3="3,59,79,111,23,120,58,86,99,6,70,118,39"/><V28/><F75/><W104/><G111/><N who="2" m="42505" /><F107/><W30/><G120/><T8/><D36/><U125/><E112/><V123/><F123/><W128/><G128/><N who="2" m="49225" /><F54/><W34/><G104/><T52/><D74/><U24/><E108/><V96/><F96/><W92/><G99/><T83/><D106/><U89/><E62/><V46/><F48/><W117/><G39/><T115/><D49/><U130/><E55/><V63/><F46/><W66/><G86/><T127/><D52/><U72/><E130/><V16/><F63/><W84/><G84/><T13/><D53/><U90/><E102/><V11/><F28/><W105/><G30/><T78/><D29/><U9/><E97/><V67/><F67/><W47/><G66/><T80/><D65/><U93/><E93/><V135/><F135/><W37/><G92/><T40/><D95/><U101/><E101/><V27/><F27/><W116/><G105/><T61/><D61/><U88/><N who="1" m="22528" /><DORA hai="98" /><U134/><E134/><V35/><F35/><W85/><G34/><T50/><D50/><U20/><E9/><V114/><F114/><W133/><G133/><T43/><D8/><U21/><REACH who="1" step="1"/><E81/><REACH who="1" ten="245,110,214,421" step="2"/><V1/><AGARI ba="0,1" hai="0,1,2,7,10,11,12,16" m="49225,42505" machi="1" ten="40,12000,1" yaku="10,1,19,1,34,2,54,1" doraHai="42,98" who="2" fromWho="2" sc="245,-40,110,-40,214,130,421,-40" /><INIT seed="6,1,0,1,3,88" ten="205,70,344,381" oya="2" hai0="128,98,34,7,95,15,103,8,134,123,129,27,113" hai1="76,51,78,100,132,81,23,124,52,36,13,107,86" hai2="19,71,120,131,58,30,39,32,50,92,72,84,18" hai3="74,116,109,9,127,102,111,46,37,25,61,89,119"/><V47/><F120/><W43/><G89/><T55/><D123/><U2/><E2/><V121/><F121/><W73/><G102/><T22/><D113/><U125/><E36/><V68/><F72/><N who="3" m="27755" /><G9/><T26/><D34/><U117/><E117/><N who="3" m="45130" /><G25/><T133/><D55/><U31/><E132/><N who="0" m="50793" /><D22/><U1/><E1/><V65/><F131/><AGARI ba="1,0" hai="7,8,15,26,27,95,98,103,128,129,131" m="50793" machi="131" ten="30,3900,0" yaku="19,1,20,1,52,1" doraHai="88" who="0" fromWho="2" sc="205,42,70,0,344,-42,381,0" /><INIT seed="7,0,0,0,5,120" ten="247,70,302,381" oya="3" hai0="117,68,119,75,10,130,115,108,125,113,56,18,36" hai1="28,4,70,3,29,48,73,93,51,53,23,46,90" hai2="87,109,135,95,122,12,79,24,81,14,63,31,65" hai3="15,40,13,80,58,96,2,104,88,128,60,59,6"/><W57/><G2/><T19/><D56/><U71/><E73/><V52/><F122/><W39/><G128/><T17/><D10/><U102/><E3/><V7/><F135/><W72/><G39/><T101/><D101/><U77/><E4/><V49/><F109/><W69/><G40/><T54/><D54/><U97/><E77/><V98/><F7/><W32/><G32/><T91/><D91/><U106/><E106/><V43/><F43/><W107/><G69/><T132/><D17/><U25/><E70/><V116/><F116/><W37/><G60/><T44/><D44/><U66/><E66/><V121/><F63/><W127/><G127/><T123/><D18/><U38/><E38/><V100/><F65/><W86/><G37/><T8/><D19/><U55/><E71/><V45/><REACH who="2" step="1"/><F121/><REACH who="2" ten="247,70,292,381" step="2"/><W5/><G5/><T42/><D119/><U47/><REACH who="1" step="1"/><E28/><REACH who="1" ten="247,60,292,381" step="2"/><V129/><F129/><W20/><G6/><T16/><D130/><U76/><E76/><V26/><F26/><W112/><G15/><T114/><D117/><U35/><E35/><AGARI ba="0,2" hai="12,14,24,31,35,45,49,52,79,81,87,95,98,100" machi="35" ten="30,3900,0" yaku="1,1,7,1,54,1,53,0" doraHai="120" doraHaiUra="118" who="2" fromWho="1" sc="247,0,60,-39,292,59,381,0" owari="247,-15.0,21,-48.0,351,15.0,381,48.0" /></mjloggm>