<mjloggm ver="2.3"><GO type="41" lobby="0"/><UN n0="%E3%83%88%E3%83%A2%E3%81%B7%E3%81%85%EF%BD%9E" n1="%E2%93%9D%53%75%70%68%78" n2="%E5%A5%B3%E7%A5%9E%E9%99%8D%E8%87%A8" n3="%E3%83%94%E3%83%AD%E3%81%8D%E3%81%A1" dan="16,17,13,15" rate="2093.33,2037.85,1805.61,2008.43" sx="M,M,F,M"/><TAIKYOKU oya="0"/><INIT seed="0,0,0,2,2,56" ten="250,250,250,250" oya="0" hai0="79,75,49,7,72,133,53,37,89,126,103,74,17" hai1="84,42,100,64,92,82,99,131,10,88,125,115,33" hai2="24,78,1,14,93,101,58,44,52,94,6,47,19" hai3="11,23,0,134,5,124,13,96,97,80,91,119,129"/><T121/><D121/><U123/><E123/><V114/><F114/><W120/><G124/><T35/><D126/><U54/><E125/><V12/><F1/><W86/><G120/><T20/><D133/><U66/><E33/><V113/><F113/><W9/><G119/><T60/><D37/><U26/><E131/><V71/><F71/><W36/><G36/><T65/><D35/><U111/><E111/><V116/><F116/><W104/><G129/><T135/><D135/><U130/><E42/><V48/><F78/><W40/><G40/><T3/><D103/><U41/><E41/><V45/><F24/><W128/><G128/><T109/><D109/><U106/><E130/><V87/><F6/><W98/><G134/><T28/><D28/><U8/><E106/><V63/><F14/><W4/><REACH who="3" step="1"/><G23/><REACH who="3" ten="250,250,250,240" step="2"/><T81/><D89/><U69/><E115/><V22/><F101/><AGARI ba="0,1" hai="0,4,5,9,11,13,80,86,91,96,97,98,101,104" machi="101" ten="40,8000,1" yaku="1,1,2,1,53,2" doraHai="56" doraHaiUra="2" who="3" fromWho="2" sc="250,0,250,0,250,-80,240,90" /><INIT seed="1,0,0,0,5,62" ten="250,250,170,330" oya="1" hai0="34,40,17,54,58,18,85,125,45,38,93,82,98" hai1="50,96,42,116,120,71,83,4,14,15,128,86,23" hai2="49,63,52,114,9,135,46,22,87,78,118,81,104" hai3="107,24,65,39,13,56,102,130,26,31,75,27,20"/><U25/><E116/><V37/><F118/><W32/><G130/><T0/><D34/><U105/><E120/><V90/><F104/><W3/><G39/><T123/><D0/><U106/><E71/><V127/><F37/><W55/><G75/><T1/><D1/><U33/><E33/><V134/><F127/><W21/><G3/><T29/><D29/><U77/><E128/><V121/><F114/><W36/><G36/><T76/><D125/><U88/><E106/><V5/><F121/><W84/><G107/><T119/><D119/><U64/><E64/><V30/><F22/><W16/><G102/><T70/><D70/><U109/><E109/><V44/><F30/><W53/><G84/><T100/><REACH who="0" step="1"/><D123/><REACH who="0" ten="240,250,170,330" step="2"/><U57/><E4/><V2/><F135/><W60/><G32/><T48/><AGARI ba="0,1" hai="17,18,38,40,45,48,54,58,76,82,85,93,98,100" machi="48" ten="20,12000,2" yaku="1,1,2,1,0,1,7,1,53,2" doraHai="62" doraHaiUra="12" who="0" fromWho="0" sc="240,130,250,-60,170,-30,330,-30" /><INIT seed="2,0,0,3,1,82" ten="370,190,140,300" oya="2" hai0="92,40,128,50,18,127,111,114,131,112,16,45,105" hai1="108,93,52,14,81,19,102,98,78,99,103,79,115" hai2="65,90,27,67,31,91,30,6,116,43,75,23,63" hai3="70,72,126,7,130,51,121,33,129,1,86,122,107"/><V106/><F75/><W36/><RYUUKYOKU type="yao9" ba="0,0" sc="370,0,190,0,140,0,300,0" hai3="1,7,33,36,51,70,72,86,107,121,122,126,129,130" /><INIT seed="2,1,0,2,3,12" ten="370,190,140,300" oya="2" hai0="92,87,84,51,54,30,7,9,73,112,52,26,100" hai1="75,97,128,66,106,55,28,18,23,43,68,125,1" hai2="4,60,76,133,29,72,104,33,114,107,59,83,102" hai3="49,103,78,20,101,89,13,126,98,81,19,96,77"/><V57/><F114/><W123/><G126/><T61/><D73/><U44/><E1/><V127/><F4/><W95/><G123/><T79/><D112/><U24/><E75/><V131/><F127/><W110/><G110/><T39/><D39/><U21/><E128/><V134/><F131/><W38/><G38/><T64/><D79/><U135/><E135/><N who="2" m="51723" /><F59/><W37/><G37/><T48/><D48/><U8/><E8/><V69/><F69/><W70/><G70/><T40/><D40/><U3/><E3/><V129/><F129/><W117/><G117/><T132/><D132/><U31/><E125/><V41/><F41/><W53/><G81/><T58/><D100/><N who="3" m="38473" /><G98/><T63/><D63/><U16/><E43/><V115/><F115/><W32/><G32/><T99/><D99/><U15/><E97/><N who="2" m="61519" /><F107/><W65/><G65/><T22/><D92/><U121/><E106/><V10/><F10/><W119/><G119/><T122/><D122/><U67/><E121/><V56/><F60/><W118/><G118/><T5/><D5/><U111/><E68/><V0/><F0/><W11/><G11/><T130/><D130/><U14/><E111/><V36/><F36/><W74/><G74/><T85/><REACH who="0" step="1"/><D51/><REACH who="0" ten="360,190,140,300" step="2"/><N who="1" m="29159" /><E24/><AGARI ba="1,1" hai="24,29,33,56,57,72,76,83" m="61519,51723" machi="24" ten="30,1500,0" yaku="20,1" doraHai="12" who="2" fromWho="1" sc="360,0,190,-18,140,28,300,0" /><INIT seed="2,2,0,0,5,44" ten="360,172,168,300" oya="2" hai0="9,109,125,100,33,47,52,87,67,57,127,123,101" hai1="82,21,20,116,50,121,93,74,46,12,43,130,76" hai2="112,131,86,89,36,106,61,59,79,3,28,17,7" hai3="102,30,94,19,98,97,0,58,48,26,118,115,53"/><V2/><F112/><W99/><G118/><T54/><D123/><U83/><E116/><V124/><F106/><W69/><G69/><T95/><D33/><U85/><E130/><V73/><F124/><N who="0" m="47690" /><D9/><U133/><E133/><V60/><F131/><W15/><G0/><T68/><D109/><U56/><E121/><V29/><F36/><W32/><REACH who="3" step="1"/><G115/><REACH who="3" ten="360,172,168,290" step="2"/><T103/><D68/><U16/><E56/><V23/><F3/><W1/><G1/><T5/><D5/><U113/><E113/><V11/><F2/><W4/><G4/><T13/><D13/><U126/><E126/><V72/><F7/><W22/><AGARI ba="2,1" hai="15,19,22,26,30,32,48,53,58,94,97,98,99,102" machi="22" ten="20,8000,1" yaku="1,1,0,1,7,1,52,1,53,1" doraHai="44" doraHaiUra="88" who="3" fromWho="3" sc="360,-22,172,-22,168,-42,290,96" /><INIT seed="3,0,0,5,5,93" ten="338,150,126,386" oya="3" hai0="68,55,73,26,0,80,103,95,112,84,87,101,30" hai1="115,13,99,86,71,56,18,129,74,3,53,54,105" hai2="109,58,25,12,48,50,119,45,33,29,130,38,111" hai3="7,88,132,57,69,124,35,66,52,9,47,72,46"/><W116/><G72/><T120/><D120/><U63/><E115/><V135/><F119/><W76/><G35/><T28/><D112/><U78/><E3/><V100/><F130/><W125/><G76/><T134/><D134/><U15/><E74/><V51/><F135/><W96/><G116/><T16/><D0/><U37/><E37/><V8/><F100/><W133/><G66/><T34/><D68/><U77/><E71/><V43/><REACH who="2" step="1"/><F58/><REACH who="2" ten="338,150,116,386" step="2"/><W62/><G69/><T6/><D101/><U128/><E128/><V118/><F118/><W24/><G132/><T23/><D103/><U89/><E129/><V22/><F22/><W21/><G133/><T81/><D23/><U49/><E105/><V107/><F107/><W79/><G79/><T42/><D34/><U92/><E78/><V114/><F114/><W108/><G108/><T11/><D30/><U14/><E77/><V20/><F20/><W98/><G125/><T65/><D28/><U31/><E31/><V32/><F32/><W44/><G124/><T131/><D131/><U91/><E18/><AGARI ba="0,1" hai="8,12,18,25,29,33,38,43,45,48,50,51,109,111" machi="18" ten="40,1300,0" yaku="1,1,53,0" doraHai="93" doraHaiUra="17" who="2" fromWho="1" sc="338,0,150,-13,116,23,386,0" /><INIT seed="4,0,0,0,4,76" ten="338,137,139,386" oya="0" hai0="130,15,73,2,61,32,60,37,103,55,41,57,52" hai1="33,79,25,24,72,1,14,56,7,121,4,16,26" hai2="22,107,28,104,58,63,111,19,13,92,50,101,3" hai3="30,80,128,119,108,53,42,34,51,127,112,8,69"/><T81/><D2/><U100/><E100/><V122/><F111/><W99/><G112/><T29/><D130/><U131/><E56/><V133/><F122/><W77/><G108/><T115/><D115/><U9/><E79/><V6/><F133/><W96/><G119/><T31/><D103/><U39/><E39/><V43/><F28/><W62/><G128/><T123/><D123/><U87/><E87/><V47/><F3/><W120/><G127/><T135/><D135/><U40/><E40/><V109/><F6/><N who="1" m="2089" /><E72/><V75/><F109/><W117/><G117/><T11/><D32/><U78/><E78/><V116/><F75/><W85/><G120/><T44/><D73/><U132/><E131/><V12/><F12/><W70/><G8/><T114/><D81/><U21/><E132/><V110/><F116/><W64/><G70/><T10/><D114/><U97/><E97/><V98/><REACH who="2" step="1"/><F110/><REACH who="2" ten="338,137,129,386" step="2"/><W94/><G30/><T49/><D15/><N who="1" m="7279" /><E121/><V48/><F48/><W38/><G34/><T46/><D31/><N who="1" m="19687" /><E1/><V106/><F106/><W86/><G38/><T113/><D113/><U88/><E88/><V18/><F18/><AGARI ba="0,1" hai="14,18,21,25,26" m="19687,7279,2089" machi="18" ten="30,12000,2" yaku="35,5,54,1" doraHai="76" who="1" fromWho="2" sc="338,0,137,130,129,-120,386,0" /><INIT seed="5,0,0,3,2,132" ten="338,267,9,386" oya="1" hai0="12,70,79,5,19,120,112,35,62,106,50,32,73" hai1="42,81,130,58,33,124,133,46,14,47,20,86,39" hai2="6,77,41,36,135,40,0,44,98,15,94,7,123" hai3="64,118,82,60,52,114,65,2,134,99,63,116,131"/><U76/><E33/><V117/><F123/><W87/><G2/><T27/><D112/><U111/><E133/><V17/><F117/><N who="3" m="45163" /><G134/><T97/><D120/><U119/><E119/><V74/><F135/><W126/><G114/><T49/><D5/><U100/><E130/><V22/><F41/><W18/><G131/><T103/><D79/><U108/><E100/><V102/><F0/><W30/><G30/><N who="0" m="19551" /><D73/><U53/><E47/><V84/><F74/><W24/><G99/><T85/><D85/><U25/><E14/><V43/><F43/><W8/><G126/><T105/><D105/><U90/><E76/><V88/><F77/><N who="3" m="46543" /><G8/><N who="0" m="6535" /><D35/><U95/><E81/><AGARI ba="0,0" hai="6,7,15,17,22,36,40,44,81,84,88,94,98,102" machi="81" ten="30,2000,0" yaku="7,1,54,1" doraHai="132" who="2" fromWho="1" sc="338,0,267,-20,9,20,386,0" /><INIT seed="6,0,0,0,3,26" ten="338,247,29,386" oya="2" hai0="23,15,75,25,3,125,51,134,116,12,135,106,87" hai1="113,20,41,9,7,88,55,121,34,118,108,46,61" hai2="111,93,100,71,44,95,92,62,94,30,14,21,131" hai3="36,109,112,68,114,85,99,66,77,128,56,124,29"/><V91/><F71/><W22/><G36/><T104/><D75/><U69/><E34/><V47/><F131/><W38/><G38/><T130/><D3/><U82/><E113/><V52/><F111/><W97/><G68/><T57/><D130/><U48/><E118/><V132/><F100/><W103/><G109/><T43/><D87/><U50/><E121/><V80/><F132/><N who="0" m="50730" /><D116/><U64/><E20/><V67/><F67/><W126/><G128/><T119/><D119/><U4/><E108/><V54/><F80/><N who="3" m="47247" /><G66/><T33/><D33/><U13/><E82/><V58/><F54/><W17/><G56/><T40/><D125/><N who="3" m="48233" /><G29/><N who="0" m="17599" /><D57/><U83/><E83/><V8/><F8/><W101/><G17/><T31/><D31/><U27/><E69/><V53/><F53/><W37/><G37/><T115/><D115/><N who="3" m="44073" /><G22/><T78/><D78/><U63/><E64/><V59/><F59/><W49/><G49/><T24/><D51/><U122/><E50/><V42/><F42/><W1/><G1/><T35/><D43/><U96/><E41/><V76/><F76/><W89/><G99/><T60/><D40/><U90/><E48/><V133/><F133/><W70/><G70/><T73/><D60/><U102/><E63/><V65/><F65/><W84/><G97/><T39/><D39/><U74/><E61/><V32/><F32/><W79/><G79/><T81/><D35/><U16/><E55/><V28/><F44/><W110/><G110/><T0/><D0/><U2/><E46/><V6/><F47/><W72/><G72/><T10/><D73/><U120/><E74/><RYUUKYOKU ba="0,0" sc="338,-10,247,-10,29,-10,386,30" hai3="84,89,101,103" /><INIT seed="7,1,0,0,1,115" ten="328,237,19,416" oya="3" hai0="127,86,7,47,24,112,22,33,111,65,75,108,83" hai1="120,73,106,71,61,30,35,69,131,70,60,101,51" hai2="12,29,2,97,25,53,57,132,0,85,95,62,103" hai3="18,102,77,44,125,50,82,107,56,119,84,78,117"/><W98/><G125/><T8/><D127/><U49/><E73/><V14/><F132/><W64/><G77/><T92/><D112/><U99/><E131/><V52/><F2/><W16/><G64/><T118/><D33/><U39/><E120/><V63/><F0/><W68/><G56/><T74/><D65/><U1/><E1/><V113/><F85/><W116/><REACH who="3" step="1"/><G68/><REACH who="3" ten="328,237,19,406" step="2"/><T104/><D108/><U105/><E71/><V129/><F113/><W40/><AGARI ba="1,1" hai="16,18,40,44,50,78,82,84,98,102,107,116,117,119" machi="40" ten="30,18000,2" yaku="1,1,2,1,0,1,52,3,54,1,53,0" doraHai="115" doraHaiUra="134" who="3" fromWho="3" sc="328,-61,237,-61,19,-61,406,193" owari="267,7.0,176,-22.0,-42,-54.0,599,69.0" /></mjloggm>