<mjloggm ver="2.3"><GO type="41" lobby="0"/><UN n0="%E8%B5%A4%E6%9C%A8%E6%9D%B1%E4%BA%9C" n1="%E2%93%9D%53%75%70%68%78" n2="%41%49%4F" n3="%E3%81%A6%E3%82%93%E3%81%8F%E3%81%86" dan="13,16,14,14" rate="1842.50,2040.67,1902.93,1900.08" sx="M,M,M,M"/><TAIKYOKU oya="0"/><INIT seed="0,0,0,1,4,87" ten="250,250,250,250" oya="0" hai0="50,86,128,104,1,68,9,89,135,56,57,62,44" hai1="47,32,14,113,130,63,27,74,84,60,101,51,53" hai2="42,75,126,85,65,103,83,36,134,13,35,45,131" hai3="100,61,97,30,117,72,81,88,99,43,39,67,5"/><T17/><D135/><U116/><E74/><V114/><F114/><W52/><G117/><T119/><D119/><U37/><E130/><V64/><F35/><W38/><G5/><T0/><D104/><U21/><E37/><V33/><F33/><W98/><G30/><T110/><D110/><U18/><E113/><V25/><F131/><W31/><G31/><T10/><D128/><U93/><E116/><V96/><F25/><W2/><G2/><T127/><D127/><U3/><E3/><V7/><F75/><W48/><G43/><T109/><D109/><U77/><E32/><V112/><F112/><W118/><G100/><T132/><D132/><U94/><E94/><V105/><F126/><W120/><G72/><T19/><D68/><U22/><E77/><V111/><F111/><W78/><G78/><T107/><D107/><U59/><E47/><V129/><F129/><W12/><G12/><T34/><D34/><U115/><E115/><V20/><F134/><W106/><G106/><T108/><D108/><U58/><E58/><N who="0" m="22633" /><D62/><U15/><E15/><V23/><F23/><W8/><G8/><N who="0" m="3179" /><D1/><U73/><E73/><V124/><F124/><W80/><G120/><T92/><D0/><U82/><E63/><V102/><F102/><W26/><G118/><T133/><D133/><U69/><E69/><V41/><F7/><W121/><G121/><T49/><D49/><U28/><E60/><V125/><F125/><W11/><G61/><T95/><D95/><U16/><E93/><V76/><F105/><W6/><G48/><T66/><D66/><U29/><E101/><RYUUKYOKU ba="0,0" sc="250,15,250,15,250,-15,250,-15" hai0="17,19,44,50,86,89,92" hai1="14,16,18,21,22,27,28,29,51,53,59,82,84" /><INIT seed="0,1,0,5,5,114" ten="265,265,235,235" oya="0" hai0="95,4,119,82,29,128,61,109,36,93,129,15,58" hai1="102,106,120,3,2,60,7,25,16,133,127,40,131" hai2="18,13,134,53,73,74,26,10,107,5,111,67,57" hai3="38,24,110,12,30,49,47,132,43,65,56,125,48"/><T72/><D109/><U112/><E40/><V121/><F121/><W41/><G110/><T21/><D36/><U71/><E131/><N who="0" m="50249" /><D72/><U8/><E127/><V62/><F107/><W126/><G132/><T68/><D68/><U97/><E120/><V70/><F111/><W108/><G108/><T32/><D82/><U105/><E133/><V124/><F134/><W84/><G84/><T31/><D32/><U52/><E112/><V81/><F124/><N who="3" m="47723" /><G12/><T34/><D34/><U45/><E3/><V101/><F101/><W44/><G24/><T104/><D104/><U28/><E106/><V83/><F83/><W54/><G30/><T42/><D119/><U122/><E122/><V0/><F26/><W50/><G65/><N who="0" m="39095" /><D42/><U113/><E113/><V86/><F67/><W78/><G78/><T99/><D95/><U9/><E105/><V117/><F117/><W55/><G55/><T35/><D35/><U17/><E52/><V19/><F70/><W77/><G77/><T80/><D80/><U135/><E135/><V23/><F19/><W118/><G118/><T39/><D39/><AGARI ba="1,0" hai="38,39,41,43,44,47,48,49,50,54,56" m="47723" machi="39" ten="30,3900,0" yaku="18,1,34,2" doraHai="114" who="3" fromWho="0" sc="265,-42,265,0,235,0,235,42" /><INIT seed="1,0,0,3,0,43" ten="223,265,235,277" oya="1" hai0="60,115,21,73,38,45,97,85,82,100,131,37,63" hai1="9,27,10,42,48,67,128,124,69,102,87,26,116" hai2="68,135,18,74,108,91,80,99,134,39,75,49,17" hai3="130,58,53,95,34,14,54,77,51,46,22,12,44"/><U41/><E116/><V56/><F68/><W122/><G34/><T71/><D115/><U52/><E128/><V16/><F39/><W98/><G130/><T15/><D131/><U90/><E102/><V125/><F108/><W101/><G122/><T5/><D73/><U92/><E124/><V123/><F123/><W114/><G114/><T106/><D71/><U66/><E69/><V111/><F111/><W31/><G77/><T28/><D28/><U105/><E105/><V30/><F125/><W36/><G36/><T4/><D4/><U117/><E117/><V25/><F56/><N who="3" m="32831" /><G31/><T103/><D103/><U127/><E127/><V113/><F113/><W2/><G2/><T7/><D7/><U126/><E42/><V35/><F49/><N who="3" m="31055" /><G22/><T19/><D5/><U33/><E41/><V133/><F80/><W112/><G112/><T61/><REACH who="0" step="1"/><D45/><AGARI ba="0,0" hai="12,14,44,45,46,95,98,101" m="31055,32831" machi="45" ten="30,7700,0" yaku="8,1,52,3" doraHai="43" who="3" fromWho="0" sc="223,-77,265,0,235,0,277,77" /><INIT seed="2,0,0,1,2,126" ten="146,265,235,354" oya="2" hai0="35,55,47,29,81,39,9,90,118,135,57,124,25" hai1="30,105,26,0,40,91,106,95,44,23,7,112,28" hai2="132,43,53,82,125,45,130,122,63,86,101,78,15" hai3="20,69,111,129,70,71,16,134,99,98,127,42,21"/><V104/><F122/><W41/><G127/><T87/><D118/><U1/><E112/><V17/><F125/><W77/><G77/><T37/><D124/><U102/><E30/><V34/><F34/><W116/><G116/><T8/><D135/><U54/><E54/><V83/><F132/><W120/><G134/><T72/><D72/><U68/><E68/><V119/><F119/><W65/><G120/><T108/><D108/><U123/><E102/><V22/><F101/><W67/><G111/><T94/><D47/><U56/><E56/><N who="2" m="35215" /><F104/><W103/><G103/><T32/><D39/><U10/><E1/><V50/><F130/><W4/><G4/><T13/><D37/><U74/><E74/><V61/><F61/><W6/><G6/><T31/><D81/><AGARI ba="0,0" hai="15,17,22,43,45,50,78,81,82,83,86" m="35215" machi="81" ten="30,1500,0" yaku="8,1" doraHai="126" who="2" fromWho="0" sc="146,-15,265,0,235,15,354,0" /><INIT seed="2,1,0,4,5,20" ten="131,265,250,354" oya="2" hai0="66,88,75,93,125,47,107,104,15,28,114,76,113" hai1="97,117,133,101,115,73,127,61,80,81,29,130,102" hai2="48,40,64,19,100,65,123,16,35,44,91,14,1" hai3="109,99,37,92,135,72,41,110,53,36,129,46,45"/><V38/><F123/><W94/><G72/><T34/><D125/><U89/><E29/><V13/><F1/><W11/><G11/><T63/><D113/><U58/><E130/><V122/><F122/><W87/><G135/><T24/><D114/><U112/><E58/><V60/><F35/><W57/><G129/><T25/><D47/><U83/><E61/><V124/><F100/><W111/><G87/><T74/><D25/><U9/><E9/><V108/><F124/><W0/><G0/><T56/><D15/><N who="2" m="5642" /><F38/><W6/><G6/><T121/><D121/><U18/><E18/><N who="2" m="6699" /><F108/><W98/><G46/><T86/><REACH who="0" step="1"/><D76/><REACH who="0" ten="121,265,250,354" step="2"/><U67/><E127/><V27/><F27/><W118/><G45/><T39/><D39/><U70/><E115/><V103/><F103/><N who="3" m="60871" /><G41/><T78/><D78/><U128/><E128/><V71/><F91/><N who="3" m="55775" /><G118/><T21/><D21/><U79/><E112/><V77/><F77/><W55/><G37/><T31/><D31/><U95/><E117/><V84/><F44/><W2/><G36/><T33/><D33/><U17/><E102/><V105/><F40/><W3/><G3/><T50/><D50/><U119/><E119/><V23/><F48/><N who="3" m="30887" /><G2/><T30/><D30/><U59/><E79/><V132/><F23/><W4/><G4/><T22/><D22/><U131/><E131/><V42/><F42/><W10/><G10/><T120/><D120/><U85/><E17/><V7/><F7/><W82/><G110/><T69/><D69/><U32/><E70/><V49/><F71/><W26/><G111/><T8/><D8/><U54/><E32/><RYUUKYOKU ba="1,1" sc="121,30,265,-10,250,-10,354,-10" hai0="24,28,34,56,63,66,74,75,86,88,93,104,107" /><INIT seed="3,2,1,4,0,42" ten="151,255,240,344" oya="3" hai0="93,90,65,66,22,33,96,77,102,113,58,70,108" hai1="24,29,132,35,94,121,68,95,129,4,126,43,103" hai2="99,97,63,114,16,72,13,79,49,69,50,87,56" hai3="128,67,86,74,92,84,64,18,122,8,112,9,60"/><W39/><G112/><T61/><D108/><U131/><E121/><V19/><F114/><W2/><G122/><T135/><D33/><U115/><E115/><V110/><F72/><W28/><G74/><T40/><D135/><U54/><E68/><V26/><F69/><W21/><G39/><T98/><D113/><U100/><E43/><V116/><F116/><W85/><G128/><N who="1" m="49226" /><E126/><V118/><F118/><W14/><G92/><N who="1" m="35370" /><E4/><V38/><F38/><W34/><G60/><T80/><D70/><U78/><E78/><V41/><F110/><W45/><G45/><T124/><D124/><U44/><E132/><V133/><F133/><W106/><G106/><T11/><D11/><U73/><E73/><V36/><F36/><W53/><G53/><T7/><D7/><U32/><E32/><V82/><F26/><N who="3" m="18711" /><G9/><T62/><D40/><U83/><E83/><V105/><F105/><W30/><G30/><T52/><D22/><U10/><E10/><N who="2" m="6199" /><F19/><W20/><G20/><T47/><D47/><U59/><E44/><N who="2" m="25743" /><F50/><AGARI ba="2,1" hai="24,29,35,50,54,59,100,103" m="35370,49226" machi="50" ten="30,1000,0" yaku="19,1" doraHai="42" who="1" fromWho="2" sc="151,0,255,26,240,-16,344,0" /><INIT seed="4,0,0,0,0,75" ten="151,281,224,344" oya="0" hai0="97,115,83,109,103,61,21,112,86,70,111,18,74" hai1="30,38,7,100,105,36,102,15,9,69,120,66,96" hai2="79,24,55,81,94,39,52,16,98,108,91,11,53" hai3="8,1,84,129,44,60,73,62,119,127,113,46,71"/><T22/><D74/><U26/><E102/><V132/><F108/><N who="0" m="41546" /><D70/><U92/><E92/><V35/><F39/><W130/><G73/><T89/><D61/><U134/><E134/><V64/><F132/><W25/><G25/><T107/><D18/><U99/><E99/><V37/><F37/><W45/><G119/><T57/><D57/><U76/><E120/><V58/><F35/><W124/><G113/><AGARI ba="0,0" hai="21,22,83,86,89,97,103,107,112,113,115" m="41546" machi="113" ten="30,2900,0" yaku="15,1,10,1" doraHai="75" who="0" fromWho="3" sc="151,29,281,0,224,0,344,-29" /><INIT seed="4,1,0,4,4,19" ten="180,281,224,315" oya="0" hai0="4,114,84,17,64,82,13,87,43,76,30,116,69" hai1="61,23,106,36,109,6,118,103,3,128,8,100,92" hai2="95,71,91,55,83,90,78,59,72,15,40,16,11" hai3="93,86,27,132,50,33,111,98,10,131,77,1,57"/><T101/><D116/><U65/><E109/><V46/><F71/><W134/><G111/><T48/><D114/><U97/><E128/><V54/><F91/><W45/><G131/><T117/><D117/><U32/><E32/><V29/><F29/><N who="3" m="19647" /><G57/><T39/><D39/><U108/><E36/><V102/><F102/><W115/><G115/><T122/><D122/><U62/><E108/><V14/><F59/><W60/><G60/><T119/><D119/><U99/><E118/><V53/><F40/><W44/><G44/><T18/><D30/><U125/><E125/><V107/><F46/><W21/><G21/><T26/><D64/><U52/><E52/><V49/><F49/><W126/><G86/><N who="0" m="48455" /><D69/><U56/><E62/><V129/><F129/><W66/><G77/><T113/><D113/><U31/><E31/><V124/><F124/><W9/><G1/><T110/><D110/><U5/><E5/><V81/><F81/><W7/><G7/><T47/><D101/><U89/><E103/><V37/><F37/><W0/><G0/><T79/><D26/><U25/><REACH who="1" step="1"/><E25/><REACH who="1" ten="180,271,224,315" step="2"/><V12/><F55/><N who="3" m="30159" /><G126/><T127/><D127/><U68/><E68/><V135/><F54/><W22/><G66/><T63/><D63/><U74/><E74/><V130/><F53/><W94/><G134/><T112/><D112/><U75/><E75/><V41/><F72/><W70/><G132/><T121/><D121/><U96/><E96/><V20/><F130/><W35/><G98/><T2/><D2/><U123/><E123/><V34/><F135/><W28/><G35/><T104/><D4/><RYUUKYOKU ba="1,1" sc="180,-10,271,30,224,-10,315,-10" hai1="3,6,8,23,56,61,65,89,92,97,99,100,106" /><INIT seed="5,2,1,2,2,105" ten="170,301,214,305" oya="1" hai0="89,32,61,7,46,76,33,43,60,127,90,13,11" hai1="51,80,21,130,74,3,83,86,39,59,84,41,73" hai2="53,57,94,35,96,128,131,110,14,68,67,102,45" hai3="47,111,36,122,44,22,27,55,109,30,115,101,107"/><U118/><E118/><V104/><F110/><W12/><G122/><T56/><D127/><U62/><E39/><V97/><F35/><W52/><G115/><T1/><D33/><U112/><E3/><V19/><F45/><W24/><G107/><T106/><D106/><U2/><E2/><V4/><F4/><W113/><G101/><T108/><D32/><U114/><E21/><V135/><F135/><W15/><G22/><T81/><D108/><U132/><E51/><V116/><F116/><W63/><G63/><T5/><D5/><U85/><E41/><V71/><F67/><W125/><G30/><T121/><D121/><U42/><E42/><V70/><F97/><W78/><G78/><T58/><D58/><U65/><E130/><N who="2" m="49707" /><F104/><W18/><G18/><T134/><D134/><U72/><E132/><V133/><F71/><W29/><G29/><T100/><D100/><U54/><E65/><V98/><F98/><W93/><G93/><T48/><D1/><U119/><E119/><V6/><F6/><W20/><G20/><T38/><D38/><U99/><E99/><V117/><F117/><W66/><G66/><T124/><D124/><U95/><E95/><V88/><F102/><W120/><G120/><T37/><D37/><U91/><E91/><N who="0" m="34825" /><D56/><U77/><E77/><V31/><F133/><W75/><G36/><T40/><D40/><U69/><E69/><V34/><F34/><W17/><G125/><T82/><D82/><U8/><E8/><N who="2" m="6599" /><F31/><W23/><G111/><T87/><AGARI ba="2,1" hai="7,11,13,43,46,48,60,61,76,81,87" m="34825" machi="87" ten="30,2000,0" yaku="25,1,8,1" doraHai="105" who="0" fromWho="0" sc="170,36,301,-12,214,-7,305,-7" /><INIT seed="6,0,0,0,5,105" ten="206,289,207,298" oya="2" hai0="21,74,82,22,85,49,13,100,11,8,132,50,52" hai1="40,61,2,31,63,64,27,30,109,45,135,90,62" hai2="134,33,43,79,44,96,29,81,47,119,54,120,14" hai3="127,116,23,10,88,122,12,72,4,35,67,15,58"/><V3/><F119/><W112/><G116/><T78/><D132/><U26/><E2/><V17/><F120/><W110/><G110/><T36/><D36/><U16/><E109/><V89/><F134/><W7/><G35/><T125/><D125/><U57/><E135/><V48/><F3/><W103/><G103/><T91/><D100/><U92/><E45/><V83/><F33/><W130/><G130/><T71/><D71/><U37/><E40/><V111/><F111/><W76/><G112/><T9/><D50/><U39/><E39/><V55/><F29/><N who="1" m="10761" /><E27/><V117/><F117/><W38/><G38/><T102/><D102/><U80/><E80/><N who="2" m="30795" /><F79/><W101/><G76/><T19/><D74/><U97/><E37/><V28/><F28/><W56/><G72/><T25/><D78/><U60/><E60/><V93/><F47/><W6/><G127/><T86/><D86/><U66/><E57/><V123/><F123/><W18/><G58/><T99/><D99/><U87/><E97/><V65/><F65/><W104/><G104/><T129/><D129/><U1/><E1/><V106/><F106/><W124/><G124/><T133/><D133/><U128/><E128/><V114/><F114/><W108/><G108/><T42/><D42/><U69/><E69/><V5/><F5/><N who="3" m="3151" /><G122/><T77/><D77/><U51/><E66/><V73/><F73/><W95/><G67/><T115/><D115/><U70/><E70/><V107/><F107/><W131/><G131/><T34/><D34/><U20/><E64/><V126/><F126/><W24/><G56/><N who="0" m="32783" /><D8/><AGARI ba="0,0" hai="8,14,17,43,44,48,54,55,89,93,96" m="30795" machi="8" ten="30,1500,0" yaku="8,1" doraHai="105" who="2" fromWho="0" sc="206,-15,289,0,207,15,298,0" /><INIT seed="6,1,0,0,3,118" ten="191,289,222,298" oya="2" hai0="35,92,70,51,113,125,86,52,133,20,102,89,17" hai1="10,29,7,60,72,34,24,45,87,106,104,74,114" hai2="128,38,14,83,76,3,11,58,100,126,16,80,62" hai3="61,124,108,6,73,93,121,5,117,56,99,43,48"/><V127/><F38/><W85/><G73/><T46/><D113/><U84/><E84/><V120/><F128/><W26/><G117/><T23/><D125/><N who="2" m="47626" /><F3/><W13/><G124/><T90/><D133/><U15/><E87/><N who="2" m="48519" /><F83/><W135/><G108/><T44/><D70/><U94/><E114/><V36/><F36/><W71/><G71/><T129/><D129/><U110/><E110/><V68/><F68/><W131/><G135/><T66/><D66/><U75/><E94/><V33/><F33/><W96/><G93/><T1/><D1/><U123/><E106/><V27/><F100/><W130/><G130/><T82/><D35/><U28/><E104/><V105/><F105/><W31/><G99/><T111/><D111/><U41/><E29/><V4/><F27/><W97/><G97/><T12/><D102/><U79/><E79/><V109/><F109/><W64/><G96/><T50/><D92/><U91/><E91/><V59/><F120/><W47/><G121/><T32/><D32/><U77/><E77/><V81/><F81/><W132/><G85/><T69/><D69/><U54/><E123/><V112/><F112/><W37/><G132/><T22/><D90/><U0/><E0/><N who="2" m="391" /><F62/><W30/><G131/><T67/><D67/><U134/><E134/><V40/><F40/><AGARI ba="1,0" hai="12,17,20,22,23,40,44,46,50,51,52,82,86,89" machi="40" ten="30,3900,0" yaku="7,1,8,1,54,1" doraHai="118" who="0" fromWho="2" sc="191,42,289,0,222,-42,298,0" /><INIT seed="7,0,0,4,3,39" ten="233,289,180,298" oya="3" hai0="91,93,102,52,76,132,103,114,51,20,68,11,111" hai1="134,53,78,21,81,30,29,33,131,16,43,115,72" hai2="22,25,117,84,123,75,104,92,18,26,124,94,86" hai3="5,116,19,59,61,119,49,34,66,121,48,77,113"/><W89/><G121/><T8/><D111/><U126/><E33/><V0/><F123/><W37/><G37/><T106/><D68/><U110/><E110/><V46/><F117/><W99/><G34/><T7/><D132/><U31/><E43/><V133/><F104/><W122/><G122/><T35/><D35/><U47/><E131/><V85/><F75/><W82/><G113/><T17/><D106/><U6/><E6/><V23/><F133/><W80/><G5/><T120/><D120/><U100/><E126/><V42/><F124/><W79/><G19/><T40/><D114/><U95/><E115/><V36/><F0/><W10/><G10/><N who="0" m="3627" /><D76/><N who="3" m="29257" /><G119/><T118/><D118/><U90/><E134/><V83/><F83/><N who="3" m="31787" /><G116/><T2/><D2/><U64/><E72/><V109/><F109/><W127/><G127/><T69/><D69/><U13/><E78/><V9/><F9/><W74/><G74/><T112/><D112/><U56/><E81/><V130/><F130/><W98/><G98/><N who="0" m="57663" /><D40/><U50/><E31/><V87/><N who="2" m="21504" /><DORA hai="125" /><V55/><REACH who="2" step="1"/><F55/><REACH who="2" ten="233,289,170,298" step="2"/><W128/><G128/><T97/><D97/><N who="1" m="57591" /><E53/><V101/><F101/><W32/><G32/><T1/><D1/><U105/><E100/><V14/><F14/><W70/><G70/><T129/><D129/><U96/><E96/><V88/><F88/><W4/><G4/><T57/><D7/><U65/><E13/><AGARI ba="0,1" hai="13,17,20,51,52,57,102,103" m="57663,3627" machi="13" ten="30,2000,0" yaku="8,1,54,1" doraHai="39,125" who="0" fromWho="1" sc="233,30,289,-20,170,0,298,0" /><INIT seed="8,0,0,1,0,88" ten="263,269,170,298" oya="0" hai0="87,132,84,73,118,89,5,86,39,29,27,37,100" hai1="122,131,34,109,69,64,123,25,83,74,77,17,59" hai2="53,54,6,62,70,135,15,72,48,97,94,41,85" hai3="30,112,36,22,127,107,103,115,49,61,63,57,23"/><T42/><D118/><U24/><E109/><V96/><F72/><W51/><G36/><T128/><D73/><U19/><E69/><V67/><F135/><W26/><G127/><T104/><D132/><U44/><E131/><V125/><F125/><W102/><G57/><T58/><D128/><U35/><E44/><V119/><F119/><W90/><G90/><T81/><D5/><U28/><E64/><V45/><F97/><W21/><G21/><T116/><D116/><U43/><E43/><V12/><F85/><W2/><G26/><T18/><D18/><U1/><E59/><V124/><F124/><W32/><G32/><T8/><D8/><U126/><E1/><V11/><REACH who="2" step="1"/><F15/><REACH who="2" ten="263,269,160,298" step="2"/><W130/><G130/><T56/><D87/><U7/><E126/><V0/><F0/><W129/><G129/><T47/><D86/><U38/><E74/><V82/><F82/><W9/><G2/><T79/><D27/><U13/><E25/><V50/><F50/><W4/><G51/><T33/><D39/><U76/><E38/><V65/><F65/><W55/><G49/><T114/><D114/><U91/><E24/><V106/><F106/><W40/><G107/><T120/><D120/><U75/><E75/><V68/><F68/><W10/><G115/><T133/><D133/><U66/><E123/><V93/><F93/><W52/><G112/><T92/><D92/><U98/><E122/><V31/><F31/><W105/><G105/><T20/><D104/><U16/><E28/><V14/><F14/><W46/><G30/><T108/><D29/><U113/><E113/><RYUUKYOKU ba="0,1" sc="263,-10,269,-10,160,30,298,-10" hai2="6,11,12,41,45,48,53,54,62,67,70,94,96" /><INIT seed="9,1,1,5,1,97" ten="253,259,190,288" oya="1" hai0="130,44,15,95,121,72,26,126,50,46,131,30,83" hai1="105,104,63,70,29,34,87,54,51,40,100,74,120" hai2="113,12,114,118,33,71,58,66,82,85,69,96,75" hai3="24,73,90,110,98,56,108,81,10,31,115,88,109"/><U65/><E74/><V102/><F118/><W8/><G115/><N who="2" m="44041" /><F33/><W36/><G36/><T124/><D121/><U93/><E40/><V128/><F75/><W62/><G98/><T76/><D15/><U78/><E120/><V129/><F12/><W47/><G47/><T92/><D50/><U84/><E78/><N who="2" m="46295" /><F58/><W19/><G19/><T28/><D26/><N who="1" m="18743" /><E105/><N who="2" m="63687" /><F66/><W37/><G37/><T41/><D41/><U42/><E42/><V106/><F106/><W0/><G0/><T7/><D72/><U135/><E104/><V67/><F67/><W23/><G62/><T103/><D7/><U18/><E63/><V55/><F55/><W64/><G64/><T27/><D27/><U133/><E65/><V2/><F2/><W38/><G56/><T111/><D111/><U32/><E32/><V48/><F48/><W86/><G38/><T4/><D4/><U52/><E54/><V117/><F117/><W35/><G73/><T125/><D125/><U3/><E3/><V1/><F1/><W59/><G59/><T68/><D68/><AGARI ba="1,1" hai="68,69,71,128,129" m="63687,46295,44041" machi="68" ten="30,2000,0" yaku="11,1,52,1" doraHai="97" who="2" fromWho="0" sc="253,-23,259,0,190,33,288,0" /><INIT seed="10,0,0,3,2,53" ten="230,259,223,288" oya="2" hai0="66,134,104,22,14,15,3,40,110,74,47,98,20" hai1="99,42,57,1,71,102,88,86,111,80,33,32,46" hai2="8,128,92,122,75,123,28,25,50,114,126,93,35" hai3="5,7,56,81,116,4,59,10,37,68,115,34,103"/><V117/><F75/><W78/><G68/><T106/><D3/><U43/><E71/><V67/><F114/><W44/><G34/><T18/><D134/><U131/><E111/><V79/><F79/><W73/><G115/><T48/><D110/><U58/><E1/><V23/><F67/><W129/><G103/><T76/><D66/><U100/><E131/><V96/><F128/><W89/><G116/><T82/><D98/><U9/><E33/><V27/><F117/><W60/><G59/><N who="1" m="22538" /><E32/><V63/><F63/><W51/><G89/><T90/><REACH who="0" step="1"/><D90/><REACH who="0" ten="220,259,223,288" step="2"/><N who="1" m="51527" /><E102/><V19/><F122/><W91/><G129/><T6/><D6/><U77/><E100/><V95/><F123/><W70/><G7/><T130/><D130/><U29/><E99/><V38/><F96/><W11/><G5/><T31/><D31/><U36/><E29/><V61/><F28/><W118/><G4/><T112/><D112/><U85/><E88/><V49/><F61/><W41/><G91/><T21/><D21/><U84/><E9/><V65/><F8/><W13/><G118/><T121/><D121/><U105/><E77/><V135/><F65/><N who="3" m="39047" /><G11/><T54/><D54/><U52/><E52/><V30/><F135/><W62/><G10/><T83/><D83/><U0/><E0/><V97/><F97/><W119/><G119/><T109/><D109/><U108/><E108/><V55/><F55/><W26/><G81/><T12/><D12/><U87/><E105/><V101/><F101/><W64/><G13/><T127/><D127/><U16/><E16/><AGARI ba="0,1" hai="14,15,16,18,20,22,40,47,48,74,76,82,104,106" machi="16" ten="40,5200,0" yaku="1,1,9,1,54,1,53,0" doraHai="53" doraHaiUra="2" who="0" fromWho="1" sc="220,62,259,-52,223,0,288,0" /><INIT seed="11,0,0,0,3,135" ten="282,207,223,288" oya="3" hai0="33,117,101,5,61,35,121,96,13,64,74,73,91" hai1="14,59,40,99,34,84,80,69,19,57,0,63,92" hai2="85,100,112,65,7,62,97,120,130,133,125,83,82" hai3="22,17,106,26,111,58,81,55,104,118,79,129,29"/><W90/><G129/><T107/><D121/><U116/><E0/><V131/><F112/><W114/><G114/><T23/><D117/><U53/><E34/><V87/><F133/><W110/><G118/><T48/><D48/><U86/><E69/><V89/><F120/><W128/><G128/><N who="2" m="49193" /><F7/><W21/><G90/><T28/><D91/><U56/><E40/><V12/><F12/><N who="3" m="9383" /><G55/><T77/><D77/><U95/><E116/><V67/><F62/><W8/><G8/><T109/><D109/><N who="3" m="41481" /><G58/><N who="1" m="22026" /><E99/><V94/><F125/><W16/><G29/><T132/><D132/><U18/><E18/><V4/><F4/><W108/><G108/><T119/><D119/><U43/><E43/><V78/><AGARI ba="0,0" hai="65,67,78,82,83,85,87,89,94,97,100" m="49193" machi="78" ten="30,1100,0" yaku="19,1" doraHai="135" who="2" fromWho="2" sc="282,-3,207,-3,223,11,288,-5" owari="279,8.0,204,-30.0,234,-17.0,283,39.0" /></mjloggm>