<mjloggm ver="2.3"><GO type="41" lobby="0"/><UN n0="%E3%83%8F%E3%83%AB%E3%82%B8%E3%82%AA%E3%83%B3" n1="%E3%82%BD%E3%83%AB%E3%83%88%23" n2="%50%61%69%67%6F%77" n3="%E2%93%9D%53%75%70%68%78" dan="14,14,14,18" rate="1944.68,1857.07,1930.17,2146.68" sx="M,M,F,M"/><TAIKYOKU oya="0"/><INIT seed="0,0,0,5,2,39" ten="250,250,250,250" oya="0" hai0="134,76,102,60,100,5,68,112,86,15,53,90,26" hai1="107,124,129,27,34,28,73,35,64,78,21,109,113" hai2="92,131,79,128,22,103,127,48,122,45,44,11,98" hai3="17,19,58,70,88,104,82,75,84,37,118,81,47"/><T49/><D112/><U71/><E109/><V52/><F122/><W95/><G70/><T40/><D134/><U121/><E124/><V18/><F127/><W135/><G104/><T3/><D3/><U85/><E73/><V54/><F79/><W57/><G118/><T32/><D76/><U114/><E129/><N who="2" m="49739" /><F11/><W116/><G116/><T99/><D60/><N who="1" m="40327" /><E107/><V91/><F103/><W108/><G108/><T125/><D68/><U16/><E28/><V133/><F133/><W97/><G75/><T77/><D77/><U42/><E42/><N who="2" m="24599" /><F45/><W105/><G47/><T83/><D125/><U13/><E13/><AGARI ba="0,0" hai="13,18,22,52,54,91,92,98" m="24599,49739" machi="13" ten="30,3900,0" yaku="19,1,52,1,54,1" doraHai="39" who="2" fromWho="1" sc="250,0,250,-39,250,39,250,0" /><INIT seed="1,0,0,0,2,4" ten="250,211,289,250" oya="1" hai0="99,9,60,5,129,13,118,110,21,38,80,79,40" hai1="63,53,98,20,45,74,27,117,134,59,75,2,56" hai2="65,23,11,90,127,115,31,83,116,44,97,18,121" hai3="58,88,61,62,39,93,86,130,132,72,15,17,67"/><U107/><E117/><V10/><F116/><W81/><G130/><T49/><D38/><U16/><E134/><V112/><F121/><W100/><G132/><T33/><D33/><U76/><E2/><V28/><F127/><W35/><G35/><T89/><D129/><U113/><E113/><N who="2" m="43595" /><F65/><W78/><G39/><T101/><D89/><U135/><E135/><V105/><F44/><W103/><REACH who="3" step="1"/><G62/><REACH who="3" ten="250,211,289,240" step="2"/><T43/><D118/><U120/><E120/><V124/><F124/><W3/><G3/><T77/><D60/><U94/><E107/><V36/><F36/><W19/><G19/><T109/><D109/><U96/><E45/><V50/><F105/><W68/><G68/><T51/><D110/><U133/><E133/><V122/><F122/><W69/><G69/><T125/><D125/><U91/><E96/><V57/><F97/><W85/><G85/><T8/><D99/><U95/><E95/><V7/><F28/><W55/><G55/><T24/><D43/><U82/><REACH who="1" step="1"/><E56/><REACH who="1" ten="250,201,289,240" step="2"/><V114/><F57/><W108/><G108/><T0/><D0/><U131/><E131/><V47/><F47/><W102/><G102/><T52/><D101/><U87/><AGARI ba="0,2" hai="16,20,27,53,59,63,74,75,76,82,87,91,94,98" machi="87" ten="20,18000,2" yaku="1,1,0,1,7,1,25,2,54,1,53,0" doraHai="4" doraHaiUra="126" who="1" fromWho="1" sc="250,-60,201,200,289,-60,240,-60" /><INIT seed="1,1,0,1,2,23" ten="190,401,229,180" oya="1" hai0="132,66,24,28,107,95,6,98,124,40,15,129,12" hai1="58,125,60,53,29,100,3,83,20,120,4,134,32" hai2="39,44,131,42,46,57,27,65,5,130,50,121,105" hai3="9,41,43,72,55,110,31,103,118,96,45,115,17"/><U71/><E120/><V128/><F105/><W34/><G115/><T85/><D132/><U69/><E32/><V92/><F5/><W84/><G72/><T14/><D129/><U76/><E134/><V119/><F121/><W56/><G110/><T108/><D108/><U78/><E78/><V102/><F119/><W19/><G84/><T22/><D124/><U133/><E133/><V127/><F127/><W73/><G73/><T74/><D107/><U122/><E122/><V68/><F102/><W90/><G90/><T61/><D40/><U81/><E81/><V1/><F1/><W54/><G31/><T135/><D85/><U111/><E125/><V67/><F92/><W104/><G34/><T64/><D64/><N who="2" m="24650" /><F27/><W37/><G118/><T26/><D26/><U38/><E4/><V70/><F57/><W62/><G43/><AGARI ba="1,0" hai="39,42,43,44,46,50,68,70,128,130,131" m="24650" machi="43" ten="40,5200,0" yaku="19,1,34,2" doraHai="23" who="2" fromWho="3" sc="190,0,401,0,229,55,180,-55" /><INIT seed="2,0,0,1,3,128" ten="190,401,284,125" oya="2" hai0="57,89,81,10,107,130,35,53,109,13,4,110,22" hai1="5,26,93,119,12,90,74,38,72,31,44,82,132" hai2="66,92,60,80,98,50,48,70,125,14,116,39,112" hai3="101,114,85,20,84,1,69,64,115,37,113,118,33"/><V129/><F129/><W106/><G20/><T83/><D107/><U87/><E132/><V49/><F112/><W58/><G58/><T24/><D35/><U96/><E119/><V124/><F116/><W27/><G118/><T95/><D130/><U43/><E12/><V8/><F80/><W77/><G37/><T45/><D45/><U91/><REACH who="1" step="1"/><E5/><REACH who="1" ten="190,391,284,125" step="2"/><V135/><F135/><W18/><G115/><T61/><D110/><U36/><E36/><V62/><F39/><W54/><G114/><T71/><D109/><U11/><E11/><V34/><F14/><W102/><G113/><T52/><D71/><U2/><E2/><V7/><F8/><W103/><G69/><T28/><REACH who="0" step="1"/><D53/><REACH who="0" ten="180,391,284,125" step="2"/><U15/><E15/><V108/><F108/><W133/><G54/><T67/><D67/><U47/><E47/><V88/><F66/><W51/><G64/><T104/><D104/><U16/><E16/><V23/><F70/><W55/><G106/><T123/><D123/><U19/><E19/><V59/><F59/><W120/><G18/><T99/><AGARI ba="0,2" hai="4,10,13,22,24,28,52,57,61,81,83,89,95,99" machi="99" ten="20,8000,1" yaku="1,1,0,1,7,1,8,1,54,1,53,0" doraHai="128" doraHaiUra="131" who="0" fromWho="0" sc="180,100,391,-20,284,-40,125,-20" /><INIT seed="3,0,0,3,3,50" ten="280,371,244,105" oya="3" hai0="100,0,130,75,69,30,102,61,29,13,60,87,89" hai1="117,45,72,59,82,56,12,71,81,5,132,1,98" hai2="64,126,94,84,83,119,109,15,74,7,133,31,46" hai3="22,104,96,48,90,33,97,47,44,79,110,107,58"/><W26/><G33/><T123/><D75/><U62/><E1/><V135/><F119/><W86/><G110/><T131/><D0/><U34/><E34/><V18/><F109/><W65/><G79/><T129/><D123/><U25/><E25/><V19/><F126/><W49/><G65/><T73/><D73/><U121/><E132/><N who="2" m="50763" /><F64/><W93/><G58/><T99/><D13/><U78/><E71/><V53/><F31/><N who="0" m="11786" /><D69/><U55/><E121/><V36/><F36/><W125/><G125/><T124/><D124/><U112/><E112/><V40/><F40/><W115/><G115/><T134/><D134/><U11/><E82/><V105/><F105/><W63/><G107/><N who="0" m="63903" /><D102/><U95/><E45/><V111/><F111/><W28/><G63/><T122/><D122/><U37/><E37/><V91/><F74/><W88/><G104/><T35/><D35/><U16/><E5/><V3/><F3/><W32/><G32/><T17/><D17/><U4/><E4/><V42/><F42/><N who="3" m="24599" /><G90/><T21/><D21/><U43/><E43/><AGARI ba="0,0" hai="22,26,28,43,47,49,86,88,93,96,97" m="24599" machi="43" ten="30,2900,0" yaku="8,1,54,1" doraHai="50" who="3" fromWho="1" sc="280,0,371,-29,244,0,105,29" /><INIT seed="3,1,0,0,3,123" ten="280,342,244,134" oya="3" hai0="112,48,69,23,35,84,21,0,74,42,3,10,34" hai1="61,47,90,16,37,96,119,77,117,113,82,68,99" hai2="131,95,106,39,14,25,7,93,80,124,31,130,65" hai3="67,29,111,13,64,132,127,71,19,86,121,133,76"/><W79/><G121/><T129/><D69/><U11/><E113/><V81/><F106/><W28/><G127/><T58/><D74/><U59/><E68/><V89/><F124/><W49/><G49/><T126/><D126/><U100/><E90/><V75/><F39/><W12/><G71/><T105/><D105/><U51/><E37/><V20/><F65/><W62/><G19/><T125/><D125/><U1/><E1/><V44/><F44/><W41/><G86/><T110/><D84/><U17/><E11/><N who="2" m="4479" /><F75/><W53/><G53/><T134/><D58/><U101/><E82/><N who="2" m="31851" /><F89/><W56/><G56/><T114/><D48/><U109/><E77/><V116/><F116/><W55/><G55/><T9/><D42/><U98/><E59/><V108/><F108/><W103/><G103/><T97/><D97/><U45/><E61/><V63/><F63/><W40/><G62/><T2/><D2/><U26/><E99/><V4/><F4/><W73/><G73/><T57/><D57/><U120/><E51/><V78/><F78/><W52/><G52/><T104/><D104/><U5/><E5/><V118/><F118/><W43/><G43/><T83/><D83/><U24/><E120/><V85/><F85/><W27/><G27/><T32/><D32/><U46/><E45/><V50/><F50/><W70/><G70/><T91/><D91/><U88/><E88/><V66/><F66/><W72/><G72/><T33/><D33/><U38/><E38/><V22/><F20/><W54/><G54/><T94/><D35/><U8/><E8/><V87/><F87/><RYUUKYOKU ba="1,0" sc="280,-30,342,10,244,10,134,10" hai1="16,17,24,26,46,47,96,98,100,101,109,117,119" hai2="22,25,31,93,95,130,131" hai3="12,13,28,29,40,41,64,67,76,79,111,132,133" /><INIT seed="3,2,0,2,4,103" ten="250,352,254,144" oya="3" hai0="125,21,106,20,77,85,105,96,72,5,37,51,98" hai1="35,99,73,36,79,23,128,102,52,45,54,107,74" hai2="33,59,97,76,114,71,104,6,109,126,17,112,1" hai3="27,94,108,117,133,118,50,123,120,88,60,4,134"/><W68/><G4/><T28/><D37/><U80/><E35/><V127/><F17/><W87/><G50/><T14/><D14/><U30/><E128/><V32/><F76/><W26/><G68/><T101/><D5/><U9/><E74/><V70/><F59/><W116/><G60/><T15/><D15/><U92/><E9/><V3/><F6/><W82/><G108/><T132/><D51/><U46/><E46/><V91/><F91/><W90/><G27/><T42/><D42/><U66/><E66/><V135/><F97/><W40/><G26/><T29/><D85/><U89/><E30/><V13/><F13/><W49/><G49/><T41/><D41/><U130/><E23/><V34/><F109/><W86/><G40/><T56/><D56/><U131/><E36/><V83/><F83/><W10/><REACH who="3" step="1"/><G10/><REACH who="3" ten="250,352,254,134" step="2"/><T2/><D29/><U12/><E12/><V31/><F31/><W113/><G113/><T65/><D28/><U16/><E16/><V93/><F32/><W111/><G111/><T67/><D65/><U53/><REACH who="1" step="1"/><E45/><REACH who="1" ten="250,342,254,134" step="2"/><V11/><F11/><W61/><G61/><T0/><D67/><U62/><E62/><V55/><F33/><W121/><AGARI ba="2,2" hai="82,86,87,88,90,94,116,117,118,120,121,123,133,134" machi="121" ten="40,18000,2" yaku="1,1,0,1,34,3,54,1,53,0" doraHai="103" doraHaiUra="43" who="3" fromWho="3" sc="250,-62,342,-62,254,-62,134,206" /><INIT seed="3,3,0,3,2,62" ten="188,280,192,340" oya="3" hai0="118,65,132,72,2,88,34,57,12,106,68,23,82" hai1="80,36,124,114,25,123,111,39,74,56,122,11,44" hai2="37,97,98,91,6,131,117,60,38,26,24,101,127" hai3="77,27,50,128,100,125,19,29,22,46,70,96,59"/><W107/><G128/><T33/><D68/><U3/><E114/><V103/><F131/><W87/><G70/><T17/><D106/><U119/><E119/><V13/><F117/><W99/><G125/><T58/><D132/><U18/><E111/><V112/><F112/><W126/><G126/><T115/><D115/><U121/><E124/><V129/><F129/><W81/><G99/><T8/><D118/><U47/><E56/><V15/><F127/><W1/><G1/><T110/><D110/><U69/><E69/><V41/><F60/><W67/><G59/><T86/><D72/><U54/><E25/><V51/><F51/><W20/><G67/><T108/><D108/><U90/><E54/><V30/><F6/><W7/><G7/><T4/><REACH who="0" step="1"/><D58/><REACH who="0" ten="178,280,192,340" step="2"/><U71/><E71/><V10/><F30/><W31/><REACH who="3" step="1"/><G22/><REACH who="3" ten="178,280,192,330" step="2"/><T40/><D40/><AGARI ba="3,2" hai="19,20,27,29,31,40,46,50,77,81,87,96,100,107" machi="40" ten="30,11600,0" yaku="1,1,2,1,7,1,53,1" doraHai="62" doraHaiUra="73" who="3" fromWho="0" sc="178,-125,280,0,192,0,330,145" /><INIT seed="3,4,0,0,3,1" ten="53,280,192,475" oya="3" hai0="95,132,129,6,93,20,27,48,16,103,128,32,55" hai1="85,76,4,12,92,122,19,42,94,3,29,125,35" hai2="68,70,33,51,114,113,69,24,37,110,58,124,97" hai3="2,75,102,74,28,80,50,47,11,86,91,61,106"/><W131/><G131/><N who="0" m="50251" /><D132/><U90/><E122/><V63/><F97/><W77/><G28/><T52/><D32/><U127/><E42/><V88/><F33/><W56/><G106/><T25/><D25/><N who="1" m="18863" /><E76/><V36/><F24/><W100/><G75/><T98/><D95/><U121/><E121/><V64/><F88/><W134/><G74/><T82/><D82/><U53/><E53/><N who="0" m="20553" /><D48/><U123/><E92/><V62/><F110/><W49/><G49/><T89/><D89/><U108/><E108/><V23/><F23/><W118/><G50/><T9/><D9/><N who="1" m="2207" /><E123/><V44/><F124/><W111/><G111/><T96/><D96/><U10/><E10/><V26/><F26/><W104/><G11/><T21/><D21/><U60/><E60/><N who="2" m="37911" /><F113/><W22/><G22/><T34/><D34/><U107/><E107/><V66/><F114/><W0/><G104/><T119/><D119/><U8/><E8/><V115/><F115/><W133/><G118/><T81/><D81/><U65/><E19/><V101/><F101/><W5/><G102/><T40/><D40/><U13/><E65/><N who="2" m="41015" /><F69/><W15/><G100/><T135/><D135/><U105/><E105/><V126/><F126/><AGARI ba="4,0" hai="12,13,85,90,94,125,126,127" m="2207,18863" machi="126" ten="30,2000,0" yaku="18,1,52,1" doraHai="1" who="1" fromWho="2" sc="53,0,280,32,192,-32,475,0" /><INIT seed="4,0,0,3,1,114" ten="53,312,160,475" oya="0" hai0="87,101,115,126,57,4,68,125,104,133,67,97,83" hai1="132,16,73,75,116,109,127,94,51,80,36,46,11" hai2="110,2,9,71,90,89,44,23,70,82,19,7,5" hai3="26,123,25,79,37,20,32,18,81,85,62,108,95"/><T93/><D68/><U100/><E109/><V98/><F110/><W117/><G117/><T42/><D42/><U76/><E132/><V54/><F5/><W53/><G37/><T102/><D4/><U99/><E36/><V60/><F89/><W105/><G105/><T45/><D45/><U111/><E127/><N who="0" m="48649" /><D57/><U130/><E130/><V113/><F113/><W77/><G123/><T120/><D67/><U119/><E75/><V74/><F74/><W10/><G62/><T86/><D120/><U112/><E112/><V41/><F41/><W121/><G53/><T22/><D22/><U33/><E33/><V56/><F44/><W59/><G32/><T91/><D115/><U58/><E58/><V103/><F103/><W17/><G121/><T27/><D27/><U84/><E73/><V31/><F31/><W43/><G26/><T61/><D61/><U134/><E134/><V55/><F55/><W30/><G108/><T72/><D72/><U49/><E111/><V24/><REACH who="2" step="1"/><F82/><REACH who="2" ten="53,312,150,475" step="2"/><W92/><G43/><T106/><D133/><U1/><E46/><V128/><F128/><W69/><G30/><T52/><D52/><U12/><REACH who="1" step="1"/><E1/><REACH who="1" ten="53,302,150,475" step="2"/><V39/><F39/><W28/><G59/><T63/><D63/><U65/><E65/><V47/><F47/><W34/><G69/><T3/><D3/><U129/><E129/><V8/><F8/><W14/><G10/><T135/><D135/><U107/><E107/><N who="0" m="41001" /><D87/><U29/><E29/><V38/><F38/><W48/><G28/><T15/><D15/><U50/><AGARI ba="0,2" hai="11,12,16,49,50,51,76,80,84,94,99,100,116,119" machi="50" ten="30,12000,2" yaku="1,1,0,1,52,2,54,1,53,1" doraHai="114" doraHaiUra="78" who="1" fromWho="1" sc="53,-60,302,140,150,-30,475,-30" owari="-7,-51.0,442,24.0,120,-28.0,445,55.0" /></mjloggm>