<mjloggm ver="2.3"><GO type="41" lobby="0"/><UN n0="%E2%93%9D%53%75%70%68%78" n1="%62%61%6C%6C%72%6F%6F%6D" n2="%53%54%4E" n3="%74%61%6B%65%33" dan="18,13,15,15" rate="2071.18,1846.24,1982.89,2093.30" sx="M,M,F,M"/><TAIKYOKU oya="0"/><INIT seed="0,0,0,5,3,18" ten="250,250,250,250" oya="0" hai0="99,104,121,132,64,59,34,119,122,78,51,71,7" hai1="50,109,61,36,56,90,28,11,22,52,32,133,69" hai2="88,42,73,58,54,30,107,45,123,116,3,68,44" hai3="67,0,2,110,76,102,120,31,1,80,38,33,131"/><T15/><D119/><U91/><E133/><V125/><F123/><W124/><G38/><T95/><D104/><U117/><E117/><V49/><F3/><W108/><G102/><T72/><D34/><U24/><E109/><V77/><F116/><W53/><G53/><T84/><D71/><U16/><E36/><V23/><F107/><W4/><G67/><T126/><D126/><U46/><E69/><V98/><F125/><W37/><G37/><T75/><D132/><U130/><E130/><V74/><F68/><W20/><G80/><T93/><D51/><U70/><E70/><V114/><F77/><W10/><G76/><T79/><D15/><N who="1" m="7295" /><E32/><V105/><F114/><W118/><G118/><T85/><D7/><U12/><E12/><V86/><F98/><W47/><G47/><T40/><D99/><U21/><E21/><V43/><F105/><W27/><G124/><T57/><REACH who="0" step="1"/><D64/><AGARI ba="0,0" hai="22,24,28,46,50,52,56,61,64,90,91" m="7295" machi="64" ten="30,7700,0" yaku="8,1,52,1,54,2" doraHai="18" who="1" fromWho="0" sc="250,-77,250,77,250,0,250,0" /><INIT seed="1,0,0,4,2,96" ten="173,327,250,250" oya="1" hai0="56,125,76,13,95,31,131,108,114,55,1,44,82" hai1="133,129,120,62,74,88,87,35,90,29,6,68,8" hai2="85,71,11,83,23,128,25,109,47,93,86,63,36" hai3="92,134,50,121,22,48,52,118,119,43,24,98,126"/><U0/><E120/><V53/><F109/><W110/><G121/><T66/><D1/><U73/><E133/><V3/><F128/><W20/><G110/><T84/><D125/><U102/><E102/><V27/><F27/><W115/><G115/><T9/><D131/><U103/><E103/><V12/><F3/><W4/><G126/><T14/><D114/><U97/><E129/><V46/><F36/><W26/><G4/><T91/><D31/><U104/><E90/><V49/><F93/><W28/><G134/><T42/><D66/><U30/><E30/><N who="2" m="17727" /><F71/><W39/><G39/><T38/><D9/><U101/><E29/><V58/><F83/><W78/><G78/><T41/><D41/><U21/><E21/><V123/><F46/><W122/><G122/><T107/><D107/><U67/><REACH who="1" step="1"/><E35/><REACH who="1" ten="173,317,250,250" step="2"/><V37/><F123/><W89/><G20/><T79/><D108/><U113/><E113/><V69/><F69/><W16/><G28/><T17/><D79/><U72/><E72/><V70/><F70/><W45/><REACH who="3" step="1"/><G26/><REACH who="3" ten="173,317,250,240" step="2"/><T65/><D76/><U32/><E32/><V2/><F11/><W5/><G5/><T132/><D132/><U106/><E106/><V77/><F77/><W80/><G80/><AGARI ba="0,2" hai="0,6,8,62,67,68,73,74,80,87,88,97,101,104" machi="80" ten="30,11600,0" yaku="1,1,7,1,52,1,54,1,53,0" doraHai="96" doraHaiUra="54" who="1" fromWho="3" sc="173,0,317,136,250,0,240,-116" /><INIT seed="1,1,0,0,0,11" ten="173,453,250,124" oya="1" hai0="52,106,45,17,92,15,117,75,33,131,7,41,134" hai1="16,22,115,63,110,72,31,85,122,91,43,74,55" hai2="50,102,80,109,73,126,97,64,24,118,98,28,10" hai3="96,65,58,89,111,101,67,82,119,29,23,104,0"/><U123/><E115/><V70/><F118/><W133/><G0/><T128/><D106/><U88/><E43/><V9/><F109/><W6/><G111/><T95/><D33/><U34/><E34/><V39/><F39/><W38/><G38/><T108/><D7/><U42/><E42/><V26/><F126/><W49/><G133/><T21/><D75/><U84/><E31/><V100/><F50/><W56/><G6/><T94/><D108/><U60/><E110/><V79/><F64/><W37/><G37/><T53/><D117/><U32/><E32/><V113/><F70/><W135/><G135/><T86/><D86/><U51/><E74/><V114/><F28/><W107/><G107/><T59/><D134/><U13/><E72/><V121/><F121/><W129/><G129/><N who="0" m="49739" /><D59/><U35/><E35/><V27/><F98/><W5/><G5/><T130/><N who="0" m="49747" /><T90/><DORA hai="76" /><D90/><U44/><E123/><V36/><F36/><AGARI ba="1,0" hai="15,17,21,36,41,45,52,53,92,94,95" m="49747" machi="36" ten="40,5200,0" yaku="19,1,52,1,54,1" doraHai="11,76" who="0" fromWho="2" sc="173,55,453,0,250,-55,124,0" /><INIT seed="2,0,0,0,1,118" ten="228,453,195,124" oya="2" hai0="24,63,125,40,87,23,74,93,110,9,14,124,16" hai1="131,2,50,45,0,59,20,33,72,85,130,77,79" hai2="133,121,67,86,15,29,111,17,76,106,13,12,114" hai3="117,5,35,28,100,3,109,105,22,103,119,128,80"/><V135/><F114/><W38/><G109/><T53/><D74/><U64/><E33/><V81/><F106/><W27/><G100/><T54/><D40/><U82/><E72/><V108/><F67/><W57/><G128/><N who="1" m="49194" /><E77/><V129/><F29/><W56/><G56/><T7/><D110/><N who="2" m="42026" /><F129/><W122/><G57/><T102/><D63/><N who="1" m="38015" /><E20/><V32/><F32/><W51/><G22/><T94/><D94/><U91/><E79/><V25/><F121/><W89/><G122/><T134/><D134/><N who="2" m="51210" /><F25/><W132/><G132/><T83/><D125/><U19/><E19/><AGARI ba="0,0" hai="12,13,15,17,19,76,81,86" m="51210,42026" machi="19" ten="40,7700,0" yaku="14,1,10,1,20,1" doraHai="118" who="2" fromWho="1" sc="228,0,453,-77,195,77,124,0" /><INIT seed="2,1,0,4,0,32" ten="228,376,272,124" oya="2" hai0="21,114,63,29,134,132,118,88,122,97,36,68,101" hai1="112,135,125,86,99,79,17,123,131,11,64,12,8" hai2="74,44,76,6,87,9,2,28,3,34,31,7,113" hai3="49,26,73,126,14,90,81,1,104,0,66,100,115"/><V110/><F113/><W56/><G26/><T58/><D114/><U98/><E123/><V22/><F87/><W105/><G115/><T59/><D36/><U121/><E121/><V33/><F44/><W50/><G14/><T27/><D122/><U48/><E112/><V19/><F76/><W119/><G119/><T94/><D118/><U69/><E135/><N who="0" m="51753" /><D101/><U42/><E131/><V80/><F80/><W67/><G100/><T60/><D60/><U51/><E125/><V65/><F65/><AGARI ba="1,0" hai="21,27,29,58,59,63,65,68,88,94,97" m="51753" machi="65" ten="30,2000,0" yaku="20,1,54,1" doraHai="32" who="0" fromWho="2" sc="228,23,376,0,272,-23,124,0" /><INIT seed="3,0,0,2,5,78" ten="251,376,249,124" oya="3" hai0="53,91,11,41,21,64,55,75,23,88,87,2,3" hai1="82,38,56,121,39,131,8,31,51,70,133,73,54" hai2="72,67,100,94,15,134,127,33,110,49,128,45,93" hai3="19,123,90,10,117,13,103,30,32,12,107,120,26"/><W34/><G107/><T89/><D75/><U57/><E121/><V116/><F116/><W17/><G103/><T105/><D105/><U71/><E31/><V130/><F110/><W25/><G90/><T1/><D41/><U101/><E101/><V115/><F115/><W85/><G85/><T126/><D64/><U52/><E8/><V113/><F113/><W129/><G129/><N who="2" m="49769" /><F33/><W132/><G132/><T92/><D11/><U7/><E7/><V28/><F28/><N who="3" m="19471" /><G117/><T62/><D126/><U124/><E124/><V119/><F119/><W24/><G24/><T29/><D29/><U61/><E131/><V46/><F127/><W104/><G104/><T44/><D91/><U68/><E133/><V22/><F134/><W83/><G83/><T125/><D125/><U84/><REACH who="1" step="1"/><E73/><REACH who="1" ten="251,366,249,124" step="2"/><V50/><F72/><W9/><AGARI ba="0,1" hai="9,10,12,13,17,19,26,30,34,120,123" m="19471" machi="9" ten="30,3000,0" yaku="34,2" doraHai="78" who="3" fromWho="3" sc="251,-10,366,-10,249,-10,124,40" /><INIT seed="3,1,0,5,5,103" ten="241,356,239,164" oya="3" hai0="57,43,109,2,72,84,46,24,101,121,37,95,54" hai1="20,21,62,108,29,74,67,119,104,131,133,22,47" hai2="81,10,105,112,53,45,113,88,78,63,85,92,128" hai3="41,36,59,50,79,18,34,115,134,100,111,31,97"/><W116/><G115/><T73/><D2/><U40/><E119/><V70/><F128/><W9/><G116/><T91/><D121/><U25/><E74/><V16/><F105/><W76/><G36/><T82/><D109/><U42/><E108/><V52/><F70/><W33/><G111/><T39/><D39/><U93/><E131/><V64/><F64/><W28/><G134/><T61/><D101/><U15/><E133/><V35/><F35/><W7/><G18/><T23/><REACH who="0" step="1"/><D82/><REACH who="0" ten="231,356,239,164" step="2"/><U19/><E104/><V27/><F112/><W6/><G100/><T107/><D107/><U90/><E42/><V87/><F113/><W3/><G41/><T122/><D122/><U126/><E126/><V129/><F129/><W38/><G38/><T4/><D4/><U11/><E40/><V5/><F63/><W14/><G3/><T51/><D51/><U8/><E47/><V58/><F45/><W0/><G0/><T110/><D110/><U75/><E8/><V135/><F135/><W32/><G6/><T60/><D60/><U44/><E44/><V132/><F132/><W65/><G50/><T69/><D69/><U17/><E11/><V94/><F5/><W56/><G56/><T89/><D89/><U102/><E90/><N who="2" m="53327" /><F58/><W13/><G59/><T96/><D96/><U71/><E62/><V120/><F120/><W123/><G123/><T48/><D48/><U106/><E71/><V49/><F49/><W98/><G65/><T80/><D80/><U127/><E67/><V99/><F10/><W125/><G125/><T68/><D68/><U30/><E102/><RYUUKYOKU ba="1,1" sc="231,15,356,-15,239,15,164,-15" hai0="23,24,37,43,46,54,57,61,72,73,84,91,95" hai2="16,27,52,53,78,81,87,88,94,99" /><INIT seed="4,2,1,2,3,16" ten="246,341,254,149" oya="0" hai0="78,127,61,76,107,92,80,124,93,38,132,68,6" hai1="35,97,126,5,23,88,60,121,25,27,2,100,29" hai2="56,64,102,118,32,81,71,20,7,28,75,109,17" hai3="91,15,101,34,90,24,62,53,45,82,112,50,135"/><T130/><D38/><U115/><E115/><V73/><F109/><W9/><G112/><T79/><D6/><U3/><E121/><V131/><F131/><W69/><G135/><T108/><D68/><U117/><E117/><V63/><F118/><W72/><G101/><T66/><D61/><U52/><E126/><N who="0" m="48169" /><D66/><U19/><E5/><V31/><F102/><W42/><G69/><T123/><D123/><U57/><E100/><V26/><F7/><W99/><G34/><T54/><D54/><U22/><E35/><V49/><F31/><W94/><G72/><T116/><D116/><U111/><E111/><V65/><F81/><W44/><G24/><T129/><D108/><U43/><E43/><V85/><F85/><W106/><G106/><T10/><D10/><U122/><E122/><V41/><F65/><W11/><G62/><T74/><D107/><U36/><E36/><V125/><F125/><W21/><G44/><T120/><D132/><U134/><E134/><V77/><F77/><N who="0" m="29802" /><D120/><U47/><E47/><V30/><F30/><W39/><G39/><T114/><D114/><U55/><E55/><N who="2" m="31855" /><F41/><W89/><G42/><T98/><D98/><U104/><E104/><V128/><F128/><AGARI ba="2,1" hai="74,79,80,92,93,128,129,130" m="29802,48169" machi="128" ten="30,11600,0" yaku="19,1,18,1,34,2" doraHai="16" who="0" fromWho="2" sc="246,132,341,0,254,-122,149,0" /><INIT seed="4,3,0,2,0,124" ten="378,341,132,149" oya="0" hai0="48,76,100,52,37,62,49,121,66,27,24,58,104" hai1="25,67,86,32,15,45,41,3,106,95,23,22,99" hai2="107,97,29,83,51,33,131,103,11,65,108,92,12" hai3="5,114,14,91,126,87,13,16,84,101,127,8,68"/><T117/><D117/><U59/><E3/><V0/><F0/><W77/><G68/><T39/><D76/><U7/><E7/><V44/><F108/><W74/><G101/><T63/><D100/><U50/><E106/><V88/><F65/><W72/><G114/><T135/><D27/><U75/><E75/><V71/><F71/><W128/><G77/><T34/><D104/><U30/><E86/><V47/><F47/><W40/><G40/><T130/><D24/><U123/><E123/><V132/><F132/><W79/><G79/><T109/><D34/><U80/><E80/><V4/><F29/><W82/><G87/><T105/><D105/><U133/><E133/><V64/><F33/><W54/><G54/><T96/><D96/><U57/><E15/><V120/><F64/><W46/><G46/><T55/><D121/><U90/><E59/><V112/><F120/><W94/><G94/><T28/><D28/><U125/><E125/><N who="3" m="47626" /><G128/><T115/><D130/><U56/><E56/><V81/><F112/><W69/><G69/><N who="0" m="42199" /><D109/><U111/><E111/><V119/><F131/><W122/><G122/><T20/><D115/><U38/><E38/><N who="0" m="14345" /><D135/><U6/><E6/><V110/><F119/><W35/><G35/><T10/><D55/><U2/><E2/><V129/><F110/><W89/><G89/><T78/><D78/><U42/><E42/><N who="2" m="24983" /><F129/><W36/><G36/><T70/><D70/><U61/><AGARI ba="3,0" hai="22,23,25,30,32,41,45,50,57,61,67,90,95,99" machi="61" ten="30,1100,0" yaku="0,1" doraHai="124" who="1" fromWho="1" sc="378,-8,341,20,132,-6,149,-6" /><INIT seed="5,0,0,2,0,52" ten="370,361,126,143" oya="1" hai0="34,29,21,75,38,20,135,115,61,102,99,15,59" hai1="13,129,109,0,16,122,11,73,86,46,64,12,95" hai2="30,125,25,6,23,8,14,40,49,118,60,94,98" hai3="111,79,100,18,51,84,10,134,120,107,114,116,47"/><U27/><E122/><V50/><F125/><W7/><G111/><T67/><D38/><U92/><E73/><V19/><F118/><W119/><G120/><T37/><D37/><U36/><E109/><V117/><F117/><W78/><G114/><T44/><D135/><U108/><E108/><V88/><F40/><W9/><G134/><T132/><D132/><U104/><E104/><V81/><F81/><W87/><G107/><T55/><D75/><U82/><E0/><V103/><F103/><W101/><G51/><T1/><D1/><U2/><E2/><V112/><F112/><W24/><G24/><T127/><D34/><U62/><E129/><V93/><F93/><W17/><REACH who="3" step="1"/><G47/><REACH who="3" ten="370,361,126,133" step="2"/><T72/><D44/><U22/><E46/><V106/><F106/><W3/><G3/><T31/><D115/><U126/><E36/><V91/><F60/><W63/><G63/><T4/><D61/><U42/><E126/><V121/><F121/><W123/><G123/><T56/><D127/><U28/><E13/><V69/><F69/><W32/><G32/><T35/><D15/><U68/><E42/><V89/><REACH who="2" step="1"/><F30/><REACH who="2" ten="370,361,116,133" step="2"/><W110/><G110/><T53/><D31/><U54/><REACH who="1" step="1"/><E54/><REACH who="1" ten="370,351,116,133" step="2"/><V74/><F74/><W33/><G33/><T130/><D35/><U65/><E65/><V45/><F45/><W90/><G90/><AGARI ba="0,3" hai="11,12,16,22,27,28,62,64,68,82,86,90,92,95" machi="90" ten="30,11600,0" yaku="1,1,7,1,54,1,53,1" doraHai="52" doraHaiUra="85" who="1" fromWho="3" sc="370,0,351,146,116,0,133,-116" /><INIT seed="5,1,0,1,0,106" ten="370,497,116,17" oya="1" hai0="2,99,65,129,113,79,111,44,6,22,120,60,63" hai1="62,54,53,59,81,121,98,33,127,57,26,19,56" hai2="123,103,3,0,78,96,102,38,69,122,67,108,20" hai3="36,126,11,58,43,25,82,7,101,119,48,124,109"/><U18/><E121/><V31/><F108/><W93/><G109/><T41/><D111/><U131/><E131/><V27/><F38/><W21/><G119/><T12/><D2/><U80/><E127/><V29/><F103/><W110/><G110/><T125/><D113/><U116/><E116/><V117/><F117/><W104/><G104/><T37/><D125/><U75/><E98/><V105/><F122/><W84/><G36/><T52/><D79/><U40/><E40/><V73/><F31/><W87/><G126/><T90/><D129/><U13/><E75/><V42/><F42/><W77/><G124/><T86/><D99/><U89/><E59/><V95/><F105/><W23/><G101/><T100/><D65/><U50/><E33/><V32/><F32/><W24/><G24/><T5/><D100/><U74/><E74/><V94/><F94/><W88/><G25/><T17/><D120/><U8/><E89/><V118/><F123/><W1/><REACH who="3" step="1"/><G58/><REACH who="3" ten="370,497,116,7" step="2"/><T134/><D37/><U83/><E26/><V70/><F118/><W10/><G10/><T55/><D22/><U115/><E115/><V107/><F107/><W9/><G9/><T92/><D44/><AGARI ba="1,1" hai="1,7,11,21,23,43,44,48,77,82,84,87,88,93" machi="44" ten="40,5200,0" yaku="1,1,54,1,53,1" doraHai="106" doraHaiUra="76" who="3" fromWho="0" sc="370,-55,497,0,116,0,7,65" /><INIT seed="6,0,0,1,4,99" ten="315,497,116,72" oya="2" hai0="88,80,37,78,117,3,107,83,21,14,38,112,67" hai1="111,130,58,23,121,24,94,18,13,69,12,75,43" hai2="56,42,98,92,90,109,116,134,113,135,27,65,120" hai3="63,126,82,97,0,110,49,131,64,68,19,44,31"/><V127/><F116/><W50/><G110/><T17/><D3/><U133/><E111/><V59/><F120/><W91/><G0/><T4/><D4/><U53/><E75/><V16/><F109/><W119/><G119/><T129/><D107/><U72/><E72/><V5/><F113/><W36/><G31/><T2/><D129/><U70/><E121/><V1/><F42/><W52/><G131/><T15/><D2/><U10/><E130/><V100/><F127/><W76/><G126/><T6/><D67/><U114/><E114/><V115/><F115/><W39/><G19/><T79/><D112/><U101/><E43/><V104/><F65/><W11/><G11/><T34/><D34/><U95/><E13/><V87/><F5/><W22/><G22/><T47/><D47/><U108/><E133/><N who="2" m="50699" /><F1/><W54/><G91/><T28/><D88/><U86/><E69/><V123/><F123/><W81/><G97/><T26/><D6/><U41/><E41/><V66/><F66/><W25/><G25/><T29/><D26/><U102/><E70/><V8/><F27/><W55/><G55/><T103/><D117/><U77/><E108/><V73/><F73/><W118/><G118/><T122/><D122/><U7/><E95/><V106/><F106/><W93/><G93/><T57/><D15/><AGARI ba="0,0" hai="8,15,16,56,59,87,90,92,98,100,104" m="50699" machi="15" ten="30,5800,0" yaku="20,1,52,1,54,1" doraHai="99" who="2" fromWho="0" sc="315,-58,497,0,116,58,72,0" /><INIT seed="6,1,0,3,3,6" ten="257,497,174,72" oya="2" hai0="104,18,10,63,8,28,90,74,89,118,76,0,29" hai1="66,2,1,77,21,32,65,113,58,78,92,24,100" hai2="42,111,64,60,120,103,40,115,56,67,19,35,41" hai3="16,114,69,23,38,26,81,91,62,84,99,57,128"/><V61/><F120/><W48/><G38/><T75/><D104/><U59/><E32/><V130/><F35/><W106/><G128/><T83/><D0/><U44/><E113/><V13/><F115/><W27/><G114/><T121/><D63/><U50/><E100/><V109/><F103/><W54/><G106/><T124/><D18/><U97/><E97/><V55/><F130/><W102/><G69/><T88/><D124/><U72/><E72/><V46/><F19/><W133/><G133/><T53/><D53/><U108/><E92/><V43/><F13/><W82/><G82/><T126/><D118/><U5/><E108/><N who="2" m="41547" /><F61/><W123/><G123/><T25/><D126/><U110/><E110/><V45/><F45/><W22/><G102/><T119/><D119/><U85/><E5/><V125/><F125/><W101/><G101/><T131/><D131/><U71/><E2/><V95/><F95/><W135/><G135/><T79/><D121/><U49/><E1/><V4/><F4/><W33/><G33/><T14/><D14/><U52/><E71/><V132/><F132/><W80/><G99/><T39/><D29/><U86/><E44/><V20/><F20/><W68/><G80/><T93/><D93/><U30/><E66/><V15/><F15/><W107/><G107/><T34/><D39/><AGARI ba="1,0" hai="39,40,41,42,43,46,55,56,60,64,67" m="41547" machi="39" ten="30,5800,0" yaku="10,1,34,2" doraHai="6" who="2" fromWho="0" sc="257,-61,497,0,174,61,72,0" /><INIT seed="6,2,0,3,5,105" ten="196,497,235,72" oya="2" hai0="116,60,27,37,91,23,120,129,65,89,82,48,84" hai1="28,125,53,75,69,78,106,54,38,8,92,13,19" hai2="101,98,80,29,7,40,61,21,86,67,83,71,39" hai3="74,42,130,30,20,87,41,118,66,109,88,18,95"/><V0/><F83/><W112/><G109/><T1/><D120/><U44/><E69/><V24/><F7/><W52/><G118/><T115/><D37/><U68/><E68/><V123/><F0/><W128/><G66/><T25/><D115/><U102/><E106/><V113/><F113/><W135/><G112/><T14/><D129/><N who="3" m="49769" /><G30/><T10/><D1/><U114/><E114/><V100/><F123/><W45/><G135/><T56/><D116/><U85/><E28/><V117/><F117/><W133/><G133/><T108/><D108/><U46/><E38/><V64/><F64/><W26/><G74/><T81/><D48/><AGARI ba="2,0" hai="18,20,26,41,42,45,48,52,87,88,95" m="49769" machi="48" ten="30,3900,0" yaku="19,1,54,2" doraHai="105" who="3" fromWho="0" sc="196,-45,497,0,235,0,72,45" /><INIT seed="7,0,0,5,5,69" ten="151,497,235,117" oya="3" hai0="133,72,49,26,129,8,64,60,71,110,33,34,128" hai1="126,83,41,55,84,45,134,28,27,61,23,29,47" hai2="13,7,65,5,32,114,118,70,39,113,96,25,30" hai3="68,88,36,4,12,76,107,125,15,43,80,42,54"/><W95/><G107/><T99/><D110/><U17/><E134/><V102/><F118/><W6/><G68/><T109/><D109/><U20/><E126/><V22/><F39/><W115/><G125/><T1/><D72/><U73/><E73/><V117/><F117/><W90/><G115/><N who="2" m="44041" /><F65/><W121/><G121/><T63/><D63/><U50/><E61/><V92/><F70/><W11/><G54/><T82/><D82/><U2/><E2/><V101/><F101/><W89/><G95/><T0/><D133/><U21/><E17/><AGARI ba="0,0" hai="5,7,13,17,22,25,30,32,92,96,102" m="44041" machi="17" ten="30,1000,0" yaku="15,1" doraHai="69" who="2" fromWho="1" sc="151,0,497,-10,235,10,117,0" owari="151,-25.0,487,58.0,245,5.0,117,-38.0" /></mjloggm>