<mjloggm ver="2.3"><GO type="41" lobby="0"/><UN n0="%E3%81%9F%E3%81%91%E3%81%A7%E3%82%93" n1="%E3%83%8A%E3%82%A4%E3%83%96%E3%83%AB" n2="%E2%93%9D%53%75%70%68%78" n3="%77%69%67%68%74%65%72" dan="15,13,18,14" rate="1961.69,1876.03,2115.47,1952.35" sx="M,M,M,M"/><TAIKYOKU oya="0"/><INIT seed="0,0,0,5,4,94" ten="250,250,250,250" oya="0" hai0="40,25,110,0,14,50,51,101,120,128,48,133,9" hai1="70,54,44,62,106,2,96,72,78,43,53,95,130" hai2="127,16,119,10,42,124,117,26,99,102,47,116,36" hai3="19,31,71,88,76,58,52,61,33,79,34,3,20"/><T84/><D120/><U132/><E106/><N who="2" m="63839" /><F10/><W85/><G3/><T66/><D0/><U28/><E2/><V55/><F55/><W24/><G71/><T17/><D84/><U65/><E28/><V57/><F57/><W30/><G30/><T29/><D101/><U67/><E67/><V46/><F46/><W74/><G74/><T89/><D89/><U22/><E54/><V77/><F77/><W45/><G45/><T113/><D113/><U103/><E53/><V115/><F115/><W134/><G134/><T21/><D133/><U69/><E132/><V123/><F123/><W111/><G111/><T83/><D83/><U104/><E22/><AGARI ba="0,0" hai="16,22,26,36,42,47,116,117,119,124,127" m="63839" machi="22" ten="40,5200,0" yaku="12,1,52,1,54,1" doraHai="94" who="2" fromWho="1" sc="250,0,250,-52,250,52,250,0" /><INIT seed="1,0,0,3,3,64" ten="250,198,302,250" oya="1" hai0="19,59,51,34,114,60,98,13,55,72,103,48,20" hai1="29,85,112,17,113,3,73,6,120,102,26,90,83" hai2="127,22,16,125,14,124,23,79,61,121,116,63,68" hai3="111,96,35,81,122,128,78,99,47,94,106,27,44"/><U49/><E120/><V76/><F121/><W30/><G122/><T77/><D34/><U131/><E73/><V130/><F116/><W88/><G111/><T93/><D72/><U126/><E131/><V109/><F109/><W67/><G128/><T0/><D0/><U31/><E126/><V57/><F130/><W133/><G133/><T82/><D114/><U2/><E102/><V56/><F23/><W21/><G35/><T70/><D70/><U100/><E31/><V42/><F42/><W58/><G106/><T129/><D129/><U43/><E100/><V54/><REACH who="2" step="1"/><F68/><REACH who="2" ten="250,198,292,250" step="2"/><W65/><G96/><T91/><D77/><U80/><E113/><V41/><F41/><W46/><REACH who="3" step="1"/><G58/><REACH who="3" ten="250,198,292,240" step="2"/><T118/><D118/><U107/><E112/><V28/><F28/><W7/><G7/><T8/><D59/><U66/><E6/><V105/><F105/><W87/><AGARI ba="0,2" hai="21,27,30,44,46,47,65,67,78,81,87,88,94,99" machi="87" ten="30,7900,0" yaku="1,1,0,1,8,1,54,1,53,0" doraHai="64" doraHaiUra="10" who="3" fromWho="3" sc="250,-20,198,-39,292,-20,240,99" /><INIT seed="2,0,0,5,1,73" ten="230,159,272,339" oya="2" hai0="12,56,91,103,112,98,45,38,92,95,76,57,85" hai1="27,100,78,64,60,68,75,135,17,35,41,128,123" hai2="120,40,66,22,6,25,16,2,101,119,99,36,14" hai3="31,69,93,63,121,80,81,83,43,59,19,42,34"/><V72/><F119/><W94/><G121/><T114/><D38/><U109/><E123/><V86/><F72/><W32/><G69/><T82/><D114/><U134/><E128/><V33/><F120/><W8/><G31/><T108/><D108/><U96/><E109/><V71/><F40/><N who="3" m="15403" /><G32/><T29/><D45/><U47/><E17/><V77/><F36/><W0/><G0/><T102/><D29/><U44/><E47/><V54/><F54/><N who="3" m="34295" /><G34/><T62/><D112/><U117/><E117/><V23/><F2/><W88/><G88/><N who="0" m="55559" /><D12/><AGARI ba="0,0" hai="8,12,19,80,81,83,93,94" m="34295,15403" machi="12" ten="30,1000,0" yaku="8,1" doraHai="73" who="3" fromWho="0" sc="230,-10,159,0,272,0,339,10" /><INIT seed="3,0,0,5,1,68" ten="220,159,272,349" oya="3" hai0="30,76,96,130,56,9,7,62,102,66,43,69,58" hai1="113,19,60,13,45,114,18,39,27,52,33,117,8" hai2="53,4,119,78,44,77,48,36,35,74,34,41,21" hai3="0,26,11,91,92,87,71,100,133,115,107,20,125"/><W51/><G115/><T84/><D130/><U86/><E117/><V16/><F119/><W95/><G71/><T72/><D30/><U85/><E33/><V65/><F4/><W59/><G125/><T88/><D43/><U82/><E85/><V10/><F10/><W47/><G59/><T112/><D112/><U80/><E80/><V17/><F17/><W118/><G133/><T131/><D131/><U90/><E27/><V81/><F65/><W126/><G126/><T50/><D76/><U108/><E19/><V97/><F97/><N who="3" m="59431" /><G107/><T49/><D72/><U120/><E120/><V55/><F78/><W79/><G0/><T46/><D50/><U89/><E89/><V121/><F121/><W70/><G70/><T1/><D49/><U28/><E28/><V3/><F3/><W134/><G134/><T15/><D46/><U109/><E114/><V5/><F5/><W63/><G63/><T122/><D1/><U129/><E129/><V127/><F127/><W64/><G64/><T61/><D122/><U40/><REACH who="1" step="1"/><E113/><REACH who="1" ten="220,149,272,349" step="2"/><V67/><F35/><W128/><G128/><T83/><REACH who="0" step="1"/><D61/><REACH who="0" ten="210,149,272,349" step="2"/><U94/><E94/><AGARI ba="0,2" hai="7,9,15,56,58,62,66,69,83,84,88,94,96,102" machi="94" ten="30,7700,0" yaku="1,1,2,1,7,1,54,1,53,0" doraHai="68" doraHaiUra="105" who="0" fromWho="1" sc="210,97,149,-77,272,0,349,0" /><INIT seed="4,0,0,0,0,42" ten="307,72,272,349" oya="0" hai0="44,96,74,100,135,71,99,89,125,9,56,64,25" hai1="115,28,4,63,47,67,105,91,5,35,45,26,109" hai2="57,20,50,132,107,17,3,98,19,6,48,68,0" hai3="12,104,114,16,95,69,38,93,82,123,90,32,37"/><T106/><D74/><U18/><E109/><V102/><F68/><W10/><G104/><T46/><D125/><U30/><E105/><V54/><F132/><W97/><G69/><T61/><D135/><U41/><E30/><V27/><F6/><W121/><G32/><T58/><D9/><U52/><E115/><V31/><REACH who="2" step="1"/><F50/><REACH who="2" ten="307,72,262,349" step="2"/><W21/><G114/><T110/><D110/><U73/><E5/><V122/><F122/><W36/><G123/><T60/><D71/><U22/><E4/><V79/><F79/><W112/><G121/><T78/><D78/><U117/><E117/><V55/><F55/><W49/><G49/><T86/><D25/><U120/><E120/><V14/><F14/><W59/><G112/><T129/><D129/><U85/><E67/><V131/><F131/><W113/><G113/><T118/><D118/><U51/><E41/><V1/><AGARI ba="0,1" hai="0,1,3,17,19,20,27,31,48,54,57,98,102,107" machi="1" ten="30,2000,0" yaku="1,1,0,1,53,0" doraHai="42" doraHaiUra="116" who="2" fromWho="2" sc="307,-10,72,-5,262,30,349,-5" /><INIT seed="5,0,0,0,0,18" ten="297,67,292,344" oya="1" hai0="95,23,6,72,60,92,31,106,108,58,57,26,13" hai1="55,39,86,63,14,127,126,5,90,52,25,103,89" hai2="68,118,76,121,69,96,40,101,2,83,130,42,59" hai3="54,9,87,53,79,109,3,48,93,100,21,80,119"/><U134/><E39/><V78/><F118/><W124/><G109/><T47/><D106/><U19/><E134/><V131/><F2/><W12/><G119/><T7/><D72/><U24/><E103/><V85/><F59/><W16/><G124/><N who="1" m="47658" /><E5/><N who="0" m="1545" /><D13/><U37/><E37/><V49/><F121/><W70/><G70/><N who="2" m="27241" /><F49/><W44/><G3/><T99/><D108/><U71/><E90/><V114/><F78/><W94/><G100/><N who="0" m="60519" /><D60/><U30/><E71/><V64/><F101/><W135/><G135/><T132/><D132/><U43/><E43/><V122/><F42/><W128/><G128/><T35/><D35/><N who="1" m="20935" /><E25/><V51/><F131/><W98/><G98/><T10/><D10/><N who="1" m="6615" /><E63/><V117/><F130/><W66/><G9/><T36/><D36/><U84/><E84/><V11/><F85/><W110/><G110/><T88/><D47/><U120/><E120/><V62/><F122/><W15/><G15/><T27/><D27/><U46/><E46/><V123/><F123/><W116/><G116/><T50/><D50/><U107/><E107/><V102/><F117/><W125/><G125/><T67/><D67/><U56/><E56/><V113/><F64/><W91/><G66/><T32/><D32/><U41/><E41/><V4/><F40/><N who="3" m="24583" /><G79/><T112/><D112/><U73/><E73/><N who="2" m="43407" /><F51/><W111/><G111/><T129/><D129/><U97/><E97/><AGARI ba="0,0" hai="23,26,31,57,58,88,95,97" m="60519,1545" machi="97" ten="30,3900,0" yaku="8,1,52,1,54,1" doraHai="18" who="0" fromWho="1" sc="297,39,67,-39,292,0,344,0" /><INIT seed="6,0,0,2,0,125" ten="336,28,292,344" oya="2" hai0="53,36,69,103,54,45,14,79,86,99,120,2,111" hai1="90,105,9,65,21,133,89,12,78,6,38,106,33" hai2="62,23,101,30,92,76,77,91,80,4,107,25,32" hai3="74,61,115,8,19,35,135,130,104,123,75,20,28"/><V73/><F77/><W96/><G123/><T71/><D2/><U66/><E33/><V31/><F4/><W126/><G126/><T41/><D120/><U113/><E38/><V117/><F117/><W26/><G135/><T93/><D111/><U100/><E133/><V40/><F40/><W83/><G115/><T116/><D116/><U47/><E113/><V29/><F62/><W134/><G134/><T109/><D109/><U121/><E78/><V129/><F129/><W118/><G118/><T127/><D127/><U3/><E121/><V7/><F7/><W13/><G130/><T131/><D131/><U112/><E47/><V10/><F10/><W97/><G83/><T49/><D69/><U87/><E89/><V132/><F132/><W56/><G8/><T55/><D71/><U63/><E100/><V82/><F82/><W50/><G50/><T108/><D14/><U94/><E66/><V39/><F39/><W110/><G110/><T84/><D108/><U44/><E44/><V72/><F72/><W58/><G58/><T43/><D79/><U98/><E98/><N who="3" m="37994" /><G104/><T15/><D15/><U128/><E112/><V0/><F0/><W24/><G13/><T60/><D60/><U57/><E128/><V64/><F32/><W85/><G85/><T59/><D43/><U67/><E67/><V68/><F107/><W11/><G11/><T5/><D5/><U1/><E1/><V16/><F101/><W22/><G35/><T34/><D34/><U42/><E42/><V51/><F51/><W18/><G28/><T114/><D114/><U124/><E124/><RYUUKYOKU ba="0,0" sc="336,10,28,10,292,-30,344,10" hai0="36,41,45,49,53,54,55,59,84,86,93,99,103" hai1="3,6,9,12,21,57,63,65,87,90,94,105,106" hai3="18,19,20,22,24,26,56,61,74,75" /><INIT seed="7,1,0,2,1,36" ten="346,38,262,354" oya="3" hai0="42,10,5,23,26,94,54,9,121,55,11,24,71" hai1="91,110,12,53,44,125,90,13,132,63,46,75,49" hai2="33,100,126,77,79,40,48,81,22,62,107,57,116" hai3="113,83,73,50,92,135,14,39,95,98,41,123,28"/><W114/><G123/><T102/><D71/><U66/><E75/><V31/><F116/><W103/><G39/><T108/><D108/><U115/><E110/><V80/><F33/><W17/><G28/><N who="0" m="17439" /><D121/><U130/><E115/><N who="3" m="44042" /><G135/><T21/><D42/><U89/><E132/><V69/><F126/><W86/><G73/><T51/><D5/><U59/><E125/><V58/><F69/><W67/><G67/><T87/><D51/><U65/><E130/><V93/><F107/><N who="3" m="63991" /><G50/><T118/><D118/><U127/><E127/><V104/><F104/><W56/><G56/><T19/><D102/><U105/><E105/><V120/><F58/><W82/><G41/><T15/><D26/><U112/><E112/><V35/><F35/><W64/><G64/><T32/><D32/><U61/><E46/><V133/><F133/><W7/><G7/><T109/><D109/><U85/><REACH who="1" step="1"/><E85/><REACH who="1" ten="346,28,262,354" step="2"/><V43/><F120/><W37/><G37/><T101/><D87/><U84/><E84/><V25/><F79/><N who="3" m="46431" /><G83/><T60/><D60/><U27/><E27/><V52/><F81/><W70/><G70/><AGARI ba="1,1" hai="12,13,44,49,53,59,61,63,65,66,70,89,90,91" machi="70" ten="40,1300,0" yaku="1,1,53,0" doraHai="36" doraHaiUra="30" who="1" fromWho="3" sc="346,0,28,26,262,0,354,-16" owari="346,45.0,54,-45.0,262,-14.0,338,14.0" /></mjloggm>