<mjloggm ver="2.3"><GO type="41" lobby="0"/><UN n0="%E3%82%A4%E3%83%81%E3%83%AD%E3%82%AF%E3%82%B6%E3%83%B3%E3%83%8B%E6%94%B9" n1="%62%6D%30%31" n2="%E2%93%9D%53%75%70%68%78" n3="%5A%45%4E%49%54%48" dan="15,15,17,14" rate="2044.95,1974.65,2055.85,1943.40" sx="M,M,M,M"/><TAIKYOKU oya="0"/><INIT seed="0,0,0,2,1,50" ten="250,250,250,250" oya="0" hai0="57,20,95,58,105,69,102,21,44,30,12,40,65" hai1="83,28,5,107,133,98,41,134,38,15,128,34,126" hai2="96,48,120,127,88,3,123,89,39,109,55,22,108" hai3="121,80,99,118,9,16,46,94,111,45,66,92,33"/><T82/><D105/><U27/><E41/><V84/><F39/><W130/><G118/><T10/><D69/><U32/><E38/><V14/><F3/><W116/><G116/><T13/><D82/><U23/><E83/><V117/><F117/><W11/><G121/><T129/><D129/><U42/><E42/><V56/><F127/><W91/><G130/><T131/><D131/><U62/><E128/><V125/><F96/><W67/><G33/><T70/><D70/><U49/><E49/><V112/><F112/><W76/><G111/><N who="2" m="42569" /><F125/><W18/><G92/><T37/><D65/><U68/><E62/><V60/><F60/><W106/><G106/><T51/><D30/><U35/><E68/><V97/><F97/><W7/><G67/><T73/><D73/><U2/><E98/><V86/><F86/><W85/><G66/><T53/><D58/><U36/><E36/><V52/><F55/><W25/><G9/><T72/><D72/><U81/><E81/><N who="2" m="49167" /><F89/><W59/><G59/><T19/><D102/><U93/><E93/><V63/><F63/><W24/><G46/><T54/><D95/><U78/><E78/><V4/><F22/><W115/><G45/><T43/><D21/><U8/><E107/><V110/><F110/><W29/><G115/><T135/><D135/><N who="1" m="51723" /><E126/><V79/><F79/><W113/><G113/><T122/><D122/><U100/><E100/><V17/><F17/><AGARI ba="0,0" hai="2,5,8,15,17,23,27,28,32,34,35" m="51723" machi="17" ten="30,7700,0" yaku="24,1,20,1,34,2" doraHai="50" who="1" fromWho="2" sc="250,0,250,77,250,-77,250,0" /><INIT seed="1,0,0,0,4,79" ten="250,327,173,250" oya="1" hai0="47,36,58,123,116,65,19,74,38,127,44,93,128" hai1="80,39,92,41,4,13,34,75,66,57,96,42,107" hai2="72,131,117,86,103,71,10,27,24,82,69,102,56" hai3="16,83,40,61,53,122,106,113,21,78,37,90,89"/><U28/><E39/><N who="0" m="14889" /><D19/><U130/><E130/><V43/><F72/><W63/><G122/><T9/><D93/><U7/><E107/><V111/><F117/><W126/><G113/><T6/><D9/><U51/><E28/><V91/><F111/><W115/><G115/><T3/><D6/><U23/><E34/><V26/><F131/><W124/><G106/><T109/><D3/><U64/><E75/><V99/><F43/><N who="1" m="16393" /><E80/><V70/><F56/><N who="3" m="34959" /><G63/><N who="0" m="38135" /><D74/><U98/><E98/><V85/><F99/><W104/><G40/><T30/><D30/><U29/><E29/><V133/><F133/><W5/><G5/><N who="1" m="2122" /><E13/><V50/><F10/><W77/><G77/><T97/><D97/><U17/><E17/><V119/><F119/><W68/><G68/><T67/><D116/><U105/><E23/><V125/><F86/><N who="3" m="48503" /><G104/><T134/><D128/><U1/><E1/><V14/><F14/><N who="3" m="9367" /><G37/><T60/><D109/><U11/><E11/><V87/><F87/><W54/><G54/><T100/><D123/><U18/><E18/><V33/><F85/><W12/><G12/><T108/><D108/><U15/><E15/><V2/><F2/><W45/><G45/><T73/><D73/><U20/><E20/><V121/><F121/><W8/><G8/><T120/><D120/><U81/><E81/><V22/><F22/><W114/><G114/><T129/><D129/><U135/><E105/><V94/><F82/><W101/><G101/><T59/><D134/><U31/><E135/><V48/><F103/><W35/><G35/><T46/><D100/><N who="1" m="60423" /><E31/><N who="2" m="19687" /><F102/><W84/><G84/><T118/><D118/><RYUUKYOKU ba="0,0" sc="250,10,327,10,173,-30,250,10" hai0="44,46,47,59,60,67,127" hai1="51,57,64,66" hai3="89,90,124,126" /><INIT seed="1,1,0,3,1,62" ten="260,337,143,260" oya="1" hai0="122,104,92,53,7,84,66,28,22,97,94,131,65" hai1="11,111,124,60,24,72,49,67,61,16,107,47,43" hai2="121,48,29,36,123,73,86,108,6,87,114,96,64" hai3="81,93,105,90,5,119,54,32,89,4,35,101,33"/><U38/><E107/><V9/><F73/><W45/><G119/><T37/><D37/><U99/><E124/><V76/><F36/><W69/><G105/><T46/><D131/><U106/><E72/><V117/><F29/><W63/><G101/><T95/><D122/><U110/><E38/><V3/><F117/><W77/><G89/><N who="0" m="53287" /><D104/><U125/><E125/><V42/><F108/><N who="1" m="41513" /><E61/><V31/><F114/><W50/><G69/><T85/><D7/><U15/><E106/><V10/><F123/><W2/><G63/><T88/><D28/><U40/><E24/><V132/><F121/><W68/><G68/><T115/><D115/><U1/><E1/><V17/><F3/><W135/><G135/><T51/><D22/><U74/><E74/><V75/><F75/><W126/><G126/><T128/><D128/><U127/><E127/><V41/><F132/><W70/><G70/><T12/><D12/><U57/><E99/><V8/><F96/><W0/><G0/><T109/><D109/><U116/><E116/><V113/><F113/><W100/><G2/><T82/><D95/><U56/><E56/><V18/><F10/><W80/><G93/><T25/><D25/><U20/><E20/><V103/><F9/><W27/><G27/><T44/><D44/><U58/><E58/><V133/><F8/><W79/><G33/><T129/><D129/><U130/><E130/><V13/><F133/><W30/><G35/><T118/><D118/><U134/><E134/><V34/><F34/><W78/><G32/><T23/><D23/><U83/><E83/><V112/><F112/><RYUUKYOKU ba="1,0" sc="260,15,337,15,143,-15,260,-15" hai0="46,51,53,65,66,82,85,88,94,97" hai1="11,15,16,40,43,47,49,57,60,67" /><INIT seed="1,2,0,0,4,127" ten="275,352,128,245" oya="1" hai0="70,91,133,78,77,41,16,134,93,45,3,117,22" hai1="67,35,8,66,36,47,59,0,44,123,96,48,98" hai2="89,74,49,101,31,32,54,109,5,64,76,116,11" hai3="65,135,9,119,61,103,55,121,30,40,39,37,60"/><U51/><E35/><V20/><F116/><W128/><G121/><T88/><D3/><U50/><E123/><V95/><F32/><W85/><G119/><T72/><D70/><U24/><E24/><V130/><F109/><W4/><G135/><N who="0" m="51723" /><D117/><U27/><E27/><V97/><F64/><W58/><G103/><T21/><D21/><U43/><E59/><V104/><F31/><W23/><G40/><T100/><D100/><U108/><E108/><V19/><F76/><N who="0" m="29290" /><D93/><U10/><E0/><V94/><F74/><W18/><G85/><T110/><D72/><U107/><E107/><V132/><F104/><W62/><G30/><T113/><D113/><U17/><E17/><V2/><F132/><W83/><G83/><T80/><D80/><U75/><E75/><V105/><F105/><W115/><G115/><T34/><D34/><U52/><E36/><V12/><F95/><W126/><G37/><N who="0" m="21679" /><D110/><U122/><E122/><V102/><REACH who="2" step="1"/><F130/><REACH who="2" ten="275,352,118,245" step="2"/><W92/><G128/><T13/><AGARI ba="2,1" hai="13,16,22,88,91" m="21679,29290,51723" machi="13" ten="30,4000,0" yaku="20,1,54,2" doraHai="127" who="0" fromWho="0" sc="275,56,352,-22,118,-12,245,-12" /><INIT seed="2,0,0,2,3,114" ten="331,330,106,233" oya="2" hai0="58,63,21,132,67,121,81,17,103,68,88,119,37" hai1="109,95,31,101,26,102,93,122,25,35,107,44,108" hai2="11,45,24,9,116,90,128,133,129,131,106,82,71" hai3="5,33,48,32,3,83,40,16,98,55,127,29,72"/><V70/><F106/><W123/><G123/><T89/><D121/><U38/><E122/><V46/><F24/><W130/><G40/><T110/><D37/><U111/><E107/><V66/><F133/><W51/><G130/><T19/><D110/><U99/><E25/><V62/><F82/><W113/><G113/><T0/><D0/><U91/><E95/><V14/><F90/><W97/><G127/><T92/><D132/><U135/><E135/><V20/><F20/><W10/><G48/><T30/><D68/><U59/><E59/><V50/><F71/><W105/><G105/><T65/><D119/><U57/><E57/><V112/><F112/><W8/><G72/><T64/><D81/><U120/><E120/><V77/><F77/><W43/><G43/><AGARI ba="0,0" hai="26,31,35,38,43,44,91,93,99,101,102,108,109,111" machi="43" ten="40,1300,0" yaku="14,1" doraHai="114" who="1" fromWho="3" sc="331,0,330,13,106,0,233,-13" /><INIT seed="3,0,0,0,0,80" ten="331,343,106,220" oya="3" hai0="94,44,14,87,15,113,11,43,92,20,133,54,25" hai1="69,40,89,76,41,13,84,106,16,74,46,30,88" hai2="27,66,96,86,123,48,114,1,67,0,10,63,22" hai3="121,107,110,49,128,38,126,115,127,9,72,132,19"/><W70/><RYUUKYOKU type="yao9" ba="0,0" sc="331,0,343,0,106,0,220,0" hai3="9,19,38,49,70,72,107,110,115,121,126,127,128,132" /><INIT seed="3,1,0,0,4,127" ten="331,343,106,220" oya="3" hai0="115,109,112,26,38,107,82,105,103,98,108,19,7" hai1="31,70,80,9,1,30,55,10,69,34,124,66,131" hai2="5,90,21,102,123,128,60,17,12,67,4,79,37" hai3="113,54,16,52,120,81,44,84,8,50,106,13,61"/><W18/><G120/><T78/><D38/><U114/><E124/><V62/><F37/><W96/><G113/><N who="0" m="43595" /><D7/><U97/><E114/><V11/><F123/><W35/><G35/><T2/><D26/><U111/><E111/><N who="0" m="42569" /><D19/><U14/><E1/><V3/><F79/><W42/><G18/><T65/><D65/><U49/><E34/><V110/><F102/><W117/><G117/><T118/><D2/><U133/><E133/><V36/><F36/><W68/><G68/><T72/><D118/><U73/><E66/><V53/><F5/><W56/><G106/><AGARI ba="1,0" hai="72,78,82,98,103,105,106,107" m="42569,43595" machi="106" ten="30,8000,1" yaku="11,1,14,1,23,1,34,2" doraHai="127" who="0" fromWho="3" sc="331,83,343,0,106,0,220,-83" /><INIT seed="4,0,0,4,5,1" ten="414,343,106,137" oya="0" hai0="16,4,121,27,12,107,5,78,22,74,81,39,55" hai1="110,28,45,8,69,104,103,73,41,57,68,18,26" hai2="79,58,52,85,15,117,129,134,102,6,118,113,125" hai3="112,95,23,34,38,130,10,127,13,124,100,84,9"/><T2/><D2/><U123/><E110/><V75/><F75/><W109/><G112/><T32/><D121/><U80/><E123/><V51/><F113/><W82/><G109/><T93/><D107/><U108/><E108/><V62/><F129/><W97/><G34/><T50/><D39/><U77/><E57/><V59/><F134/><W87/><G38/><T98/><D27/><U17/><E17/><V83/><F102/><W71/><G71/><T72/><D32/><U94/><E94/><V101/><F101/><W99/><G130/><T37/><D37/><N who="1" m="21679" /><E18/><V60/><F125/><W114/><G114/><T40/><D40/><U35/><E8/><V92/><F92/><W29/><G97/><AGARI ba="0,0" hai="26,28,35,68,69,73,77,80,97,103,104" m="21679" machi="97" ten="30,2000,0" yaku="33,2" doraHai="1" who="1" fromWho="3" sc="414,0,343,20,106,0,137,-20" /><INIT seed="5,0,0,3,4,62" ten="414,363,106,117" oya="1" hai0="69,39,67,78,33,19,105,53,132,59,112,66,117" hai1="12,63,91,54,73,64,118,95,51,45,43,134,86" hai2="135,30,8,89,119,14,97,6,76,70,16,41,2" hai3="81,21,125,46,22,29,115,38,13,127,25,94,7"/><U18/><E134/><V27/><F119/><W60/><G115/><T36/><D33/><U93/><E73/><V11/><F135/><W47/><G81/><T61/><D105/><U48/><E118/><V79/><F70/><W130/><G94/><T82/><D132/><U85/><E93/><V128/><F128/><W87/><G87/><T123/><D117/><U131/><E131/><V44/><F89/><W35/><G130/><T56/><D112/><U124/><E124/><N who="3" m="47690" /><G38/><N who="0" m="14379" /><D19/><U3/><E3/><V24/><F97/><W114/><G114/><T116/><D82/><U57/><E86/><V102/><F102/><W75/><G75/><T15/><D15/><U111/><E111/><V109/><F109/><W110/><G110/><T58/><D78/><U74/><E74/><V88/><F88/><W108/><G108/><T126/><D126/><U120/><E120/><V40/><F27/><W104/><G104/><T37/><D116/><U42/><REACH who="1" step="1"/><E51/><REACH who="1" ten="414,353,106,117" step="2"/><V90/><F2/><W122/><G122/><T83/><D37/><U101/><E101/><V49/><F90/><W103/><G103/><T99/><D123/><U20/><AGARI ba="0,1" hai="12,18,20,42,43,45,48,54,57,63,64,85,91,95" machi="20" ten="20,18000,2" yaku="1,1,0,1,7,1,8,1,52,1,53,1" doraHai="62" doraHaiUra="10" who="1" fromWho="1" sc="414,-60,353,190,106,-60,117,-60" /><INIT seed="5,1,0,3,0,132" ten="354,543,46,57" oya="1" hai0="4,42,0,2,32,114,93,131,55,52,88,120,124" hai1="30,99,57,122,92,72,33,17,95,28,74,65,50" hai2="135,51,1,37,87,100,38,103,10,89,73,126,31" hai3="60,64,5,35,80,36,91,14,40,113,97,8,94"/><U15/><E122/><V98/><F73/><W121/><G121/><T62/><D32/><U105/><E105/><V3/><F31/><W79/><G113/><T47/><D120/><U118/><E118/><V18/><F135/><W45/><G35/><T20/><D114/><U117/><E117/><V58/><F58/><W81/><REACH who="3" step="1"/><G79/><REACH who="3" ten="354,543,46,47" step="2"/><T107/><D131/><U43/><E33/><V82/><F126/><W69/><AGARI ba="1,1" hai="5,8,14,36,40,45,60,64,69,80,81,91,94,97" machi="69" ten="20,5200,0" yaku="1,1,2,1,0,1,7,1,53,0" doraHai="132" doraHaiUra="108" who="3" fromWho="3" sc="354,-14,543,-27,46,-14,47,65" /><INIT seed="6,0,0,0,0,45" ten="340,516,32,112" oya="2" hai0="123,46,89,68,132,33,91,108,106,54,14,47,58" hai1="73,59,36,101,109,119,74,0,8,118,50,88,71" hai2="38,127,52,94,85,79,7,80,103,120,34,27,61" hai3="124,15,135,116,69,125,28,53,114,55,16,41,10"/><V18/><F120/><W115/><G116/><T75/><D75/><U37/><E50/><V130/><F38/><W100/><G41/><T35/><D108/><U72/><E59/><V26/><F130/><W25/><G69/><T21/><D68/><U67/><E109/><V17/><F7/><W49/><G135/><T24/><D106/><U82/><E101/><V95/><F127/><N who="3" m="48715" /><G100/><T111/><D111/><U13/><E0/><V63/><F34/><N who="3" m="20751" /><G55/><T134/><D14/><U44/><E44/><AGARI ba="0,0" hai="10,15,16,44,49,53,114,115" m="20751,48715" machi="44" ten="30,3900,0" yaku="18,1,52,1,54,1" doraHai="45" who="3" fromWho="1" sc="340,0,516,-39,32,0,112,39" /><INIT seed="7,0,0,5,1,97" ten="340,477,32,151" oya="3" hai0="50,122,76,22,126,15,124,36,53,129,57,117,34" hai1="24,80,87,103,66,119,52,3,48,2,5,69,25" hai2="62,61,121,6,100,9,102,127,60,67,20,131,13" hai3="89,42,29,12,59,32,38,113,111,56,109,107,88"/><W39/><G107/><T92/><D117/><U90/><E119/><V64/><F127/><N who="0" m="48682" /><D129/><U135/><E135/><V65/><F131/><W55/><G12/><T91/><D122/><U112/><E112/><V115/><F115/><W8/><G8/><T98/><D34/><U78/><E78/><V77/><F121/><W37/><G113/><T19/><D76/><U93/><E66/><V58/><F77/><W84/><G42/><T41/><D41/><U123/><E69/><V26/><REACH who="2" step="1"/><F58/><REACH who="2" ten="340,477,22,151" step="2"/><N who="3" m="22059" /><G111/><T130/><D36/><U74/><E123/><V105/><F105/><W14/><G109/><T108/><D130/><U82/><E82/><V63/><N who="2" m="15872" /><DORA hai="94" /><V132/><F132/><W104/><G104/><T70/><D70/><U99/><E74/><V35/><F35/><W110/><G110/><AGARI ba="0,1" hai="15,19,22,50,53,57,91,92,98,108,110" m="48682" machi="110" ten="30,2000,0" yaku="18,1,52,1" doraHai="97,94" who="0" fromWho="3" sc="340,30,477,0,22,0,151,-20" owari="370,17.0,477,58.0,22,-48.0,131,-27.0" /></mjloggm>