<mjloggm ver="2.3"><GO type="41" lobby="0"/><UN n0="%EF%BC%A3%EF%BC%B5%EF%BC%B2%EF%BC%B2%EF%BC%B9" n1="%E2%93%9D%53%75%70%68%78" n2="%E3%83%A9%E3%82%AA%E3%82%B5%E3%83%90%E3%82%AA" n3="%E3%82%BB%E3%83%A9%E3%83%95%E3%82%A3%E3%83%A0" dan="14,18,13,14" rate="1897.19,2108.57,1810.03,1844.24" sx="M,M,M,M"/><TAIKYOKU oya="0"/><INIT seed="0,0,0,2,3,85" ten="250,250,250,250" oya="0" hai0="84,118,129,107,99,120,112,100,95,7,22,102,27" hai1="101,21,125,3,96,113,79,59,54,41,52,104,69" hai2="111,67,42,45,53,17,58,92,126,26,121,135,127" hai3="124,40,81,47,106,93,24,115,62,103,5,37,78"/><T43/><D112/><U32/><E32/><V71/><F121/><W20/><G106/><T91/><D118/><U1/><E69/><V98/><F111/><W117/><G115/><T10/><D129/><U82/><E113/><V38/><F135/><W105/><G105/><T108/><D108/><U39/><E54/><V44/><F45/><W131/><G131/><T60/><D102/><U130/><E125/><V74/><F74/><W89/><G103/><T49/><D120/><U83/><E83/><V51/><F17/><W18/><G124/><T2/><D60/><U87/><E130/><V55/><F26/><W77/><G5/><T70/><D70/><U65/><E65/><V12/><F12/><W33/><G33/><T123/><D123/><U6/><E6/><V128/><F128/><W116/><G62/><T86/><D86/><U122/><E122/><V46/><F92/><W57/><G57/><T56/><D56/><U31/><E39/><V25/><F25/><W109/><G109/><T90/><D90/><U76/><E76/><V15/><F98/><W30/><G30/><T61/><D61/><U97/><E97/><V9/><F15/><W110/><G78/><T66/><D66/><U14/><E31/><V68/><F9/><W134/><G110/><T64/><D64/><U36/><E36/><V13/><F13/><W63/><G63/><T35/><D35/><U48/><E41/><N who="2" m="24975" /><F71/><W19/><G19/><N who="0" m="12767" /><D43/><U73/><REACH who="1" step="1"/><E73/><REACH who="1" ten="250,240,250,250" step="2"/><V94/><F68/><W75/><G134/><T11/><D99/><AGARI ba="0,1" hai="18,20,24,37,40,47,75,77,81,89,93,99,116,117" machi="99" ten="30,2000,0" yaku="7,1,52,1" doraHai="85" who="3" fromWho="0" sc="250,-20,240,0,250,0,250,30" /><INIT seed="1,0,0,4,1,20" ten="230,240,250,280" oya="1" hai0="40,32,46,14,119,98,94,105,110,56,8,13,129" hai1="6,81,85,53,83,118,115,27,48,97,57,84,104" hai2="16,103,19,92,121,49,39,41,112,24,43,117,12" hai3="63,116,15,114,22,36,51,1,17,96,82,67,31"/><U131/><E115/><V2/><F112/><W102/><G116/><T100/><D119/><U75/><E75/><V106/><F106/><W60/><G36/><T126/><D110/><U28/><E131/><V93/><F2/><W71/><G1/><T125/><D129/><U130/><E130/><V45/><F121/><W9/><G51/><N who="0" m="27079" /><D56/><U11/><E118/><V86/><F39/><W69/><G82/><T50/><D50/><U90/><E104/><V10/><F93/><W0/><G0/><T44/><D44/><U23/><E97/><V123/><F123/><W109/><G109/><T122/><D122/><U55/><E55/><V80/><F92/><N who="3" m="58631" /><G63/><T30/><D94/><U35/><E35/><V42/><F103/><W113/><G69/><T52/><D52/><U33/><E33/><V89/><F117/><W3/><G71/><T135/><D135/><U101/><E101/><V111/><F111/><W54/><G54/><T127/><D8/><U26/><E23/><AGARI ba="0,0" hai="10,12,16,19,23,24,41,42,43,45,49,80,86,89" machi="23" ten="40,5200,0" yaku="8,1,52,1,54,1" doraHai="20" who="2" fromWho="1" sc="230,0,240,-52,250,52,280,0" /><INIT seed="2,0,0,4,3,75" ten="230,188,302,280" oya="2" hai0="40,66,10,23,88,57,86,12,67,3,58,111,37" hai1="11,53,54,80,1,32,48,98,18,113,99,103,8" hai2="134,109,130,84,22,41,128,112,59,127,0,60,7" hai3="71,129,68,122,85,89,69,105,76,62,133,19,50"/><V61/><F112/><W94/><G122/><T47/><D111/><U73/><E32/><V83/><F109/><W92/><G105/><T6/><D57/><U101/><E113/><V38/><F134/><W100/><G129/><N who="2" m="49769" /><F127/><W33/><G33/><T121/><D121/><U107/><E1/><V114/><F114/><W34/><G34/><T9/><D23/><U39/><E39/><V31/><F41/><W36/><G36/><T124/><D58/><U135/><E135/><V116/><F116/><W24/><G50/><T104/><D104/><U42/><E42/><V110/><F110/><W132/><G62/><T29/><D29/><U56/><E18/><V93/><F93/><W2/><G2/><T43/><D124/><U55/><E48/><V14/><F0/><W95/><G100/><T25/><D25/><U63/><E55/><V125/><F125/><W27/><G19/><T77/><D77/><U4/><E54/><V51/><F51/><W118/><G76/><T49/><D37/><U78/><REACH who="1" step="1"/><E4/><REACH who="1" ten="230,178,302,280" step="2"/><V26/><F7/><W52/><G52/><T17/><REACH who="0" step="1"/><D40/><REACH who="0" ten="220,178,302,280" step="2"/><U87/><E87/><V81/><F38/><W21/><G118/><T91/><D91/><U79/><E79/><V96/><F84/><W16/><G27/><T119/><D119/><U46/><E46/><V20/><F26/><W72/><G72/><T117/><D117/><U70/><E70/><V74/><F74/><W102/><G102/><T30/><D30/><U5/><E5/><V126/><F31/><W65/><G65/><T44/><D44/><U15/><E15/><V106/><F14/><RYUUKYOKU ba="0,2" sc="220,10,178,10,302,-30,280,10" hai0="3,6,9,10,12,17,43,47,49,66,67,86,88" hai1="8,11,53,56,63,73,78,80,98,99,101,103,107" hai3="16,21,24,68,69,71,85,89,92,94,95,132,133" /><INIT seed="3,1,2,1,3,20" ten="230,188,272,290" oya="3" hai0="62,91,26,37,125,118,32,45,133,123,80,95,76" hai1="8,38,104,54,103,79,85,6,41,21,86,66,18" hai2="34,14,55,78,12,117,102,30,4,63,10,130,106" hai3="77,19,96,74,15,29,116,113,31,87,65,84,68"/><W42/><G113/><T5/><D125/><U39/><E66/><V44/><F117/><W57/><G68/><T99/><D133/><U2/><E54/><V67/><F130/><W134/><G74/><T36/><D118/><U11/><E11/><V121/><F78/><W115/><G115/><T60/><D5/><U132/><E132/><V124/><F124/><W35/><G116/><T59/><D45/><U16/><E18/><V101/><F101/><W100/><G42/><T23/><D32/><U94/><E104/><V0/><F121/><W131/><G131/><T43/><D43/><U17/><E17/><V1/><F55/><W90/><G77/><T105/><D105/><U88/><E103/><V71/><F44/><W126/><G84/><T61/><D59/><U127/><E41/><V112/><F112/><W109/><G35/><T122/><D36/><U108/><E108/><V97/><F0/><W89/><G89/><T70/><D70/><U83/><REACH who="1" step="1"/><E127/><REACH who="1" ten="230,178,272,290" step="2"/><V82/><REACH who="2" step="1"/><F82/><REACH who="2" ten="230,178,262,290" step="2"/><W13/><G126/><T93/><D80/><U33/><E33/><V58/><F58/><W28/><G134/><T92/><D123/><U53/><E53/><V110/><F110/><W7/><G109/><T120/><D120/><U24/><AGARI ba="1,4" hai="2,6,8,16,21,24,38,39,79,83,85,86,88,94" machi="24" ten="20,12000,2" yaku="1,1,0,1,7,1,52,1,54,2,53,1" doraHai="20" doraHaiUra="22" who="1" fromWho="1" sc="230,-31,178,163,262,-31,290,-61" /><INIT seed="4,0,0,0,4,32" ten="199,341,231,229" oya="0" hai0="86,24,6,63,132,79,17,4,57,78,113,74,37" hai1="89,90,87,93,67,33,18,25,85,108,114,134,50" hai2="70,21,51,38,103,56,135,96,75,45,39,34,16" hai3="102,133,112,125,107,126,30,55,118,0,69,122,110"/><T83/><D113/><U131/><E108/><V71/><F75/><W98/><G55/><T59/><D132/><U13/><E131/><V23/><F34/><W72/><G30/><T68/><D37/><U11/><E134/><V36/><F135/><W20/><G20/><T94/><D68/><U119/><E119/><V124/><F124/><W8/><G8/><T27/><D57/><U66/><E114/><V76/><F76/><W19/><G19/><T58/><D58/><U109/><E109/><V77/><F56/><W40/><G40/><T64/><D17/><U43/><E33/><V35/><F77/><W47/><G47/><T54/><D64/><U104/><E104/><V121/><F35/><W65/><G65/><T31/><D31/><U12/><E25/><V49/><F121/><W120/><G98/><T95/><D79/><U97/><E13/><V48/><F45/><W106/><G102/><T5/><D74/><U128/><E128/><V62/><F62/><W105/><G106/><T99/><REACH who="0" step="1"/><D94/><REACH who="0" ten="189,341,231,229" step="2"/><N who="1" m="54575" /><E67/><V88/><F16/><W123/><G122/><T52/><D52/><U82/><E66/><V61/><F61/><W84/><G72/><T42/><D42/><U15/><E43/><V28/><F28/><W129/><G133/><T91/><AGARI ba="0,1" hai="4,5,6,24,27,54,59,63,78,83,86,91,95,99" machi="91" ten="30,6000,0" yaku="1,1,0,1,8,1,53,0" doraHai="32" doraHaiUra="115" who="0" fromWho="0" sc="189,70,341,-20,231,-20,229,-20" /><INIT seed="4,1,0,3,5,127" ten="259,321,211,209" oya="0" hai0="73,101,30,113,7,20,115,55,125,121,107,51,34" hai1="42,128,66,94,134,29,10,114,44,102,71,60,103" hai2="77,85,84,80,65,5,109,32,123,48,112,17,92" hai3="86,45,116,62,124,131,33,104,117,23,120,47,3"/><T97/><D121/><U31/><E134/><V21/><F123/><W28/><G33/><T53/><D125/><U96/><E114/><V110/><F112/><N who="0" m="43082" /><D73/><U78/><E103/><V39/><F32/><W72/><G124/><T105/><D34/><U100/><E100/><V59/><F39/><W22/><G104/><N who="0" m="63535" /><D7/><U79/><E128/><V35/><F5/><W57/><G3/><T130/><D130/><U2/><E2/><V16/><F35/><W36/><G72/><T69/><D69/><U6/><E79/><V9/><F17/><W89/><G131/><T27/><D55/><U13/><REACH who="1" step="1"/><E78/><REACH who="1" ten="259,311,211,209" step="2"/><V25/><F109/><W54/><G120/><T38/><D38/><AGARI ba="1,1" hai="6,10,13,29,31,38,42,44,60,66,71,94,96,102" machi="38" ten="30,7700,0" yaku="1,1,2,1,7,1,53,1" doraHai="127" doraHaiUra="95" who="1" fromWho="0" sc="259,-80,311,90,211,0,209,0" /><INIT seed="5,0,0,5,4,32" ten="179,401,211,209" oya="1" hai0="18,73,95,28,117,60,105,94,48,5,119,8,122" hai1="6,44,37,90,3,11,92,50,47,53,40,39,120" hai2="82,23,106,15,93,57,66,22,49,126,64,116,76" hai3="135,13,51,55,109,24,17,97,41,46,78,85,108"/><U0/><E120/><V111/><F116/><N who="0" m="44618" /><D94/><U100/><E100/><V54/><F111/><W26/><G135/><T98/><D95/><U65/><E65/><V62/><F106/><W61/><G108/><T107/><D98/><U112/><E112/><V86/><F64/><W27/><G109/><T67/><D73/><U102/><E102/><V113/><F113/><W45/><G97/><T132/><D105/><U69/><E69/><V83/><F93/><W99/><G99/><T125/><D107/><U59/><E47/><V35/><F35/><W58/><G78/><T56/><D18/><U130/><E130/><V68/><F126/><W4/><G4/><T52/><D8/><U134/><E134/><V123/><F123/><W1/><G85/><T127/><D5/><U16/><E16/><V9/><REACH who="2" step="1"/><F83/><REACH who="2" ten="179,401,201,209" step="2"/><W115/><G115/><T72/><D28/><U34/><E34/><V36/><F36/><W30/><G45/><N who="0" m="27663" /><D72/><U101/><E101/><V25/><F25/><W75/><G75/><T79/><D79/><U129/><E39/><V77/><F77/><W74/><G74/><T19/><D19/><AGARI ba="0,1" hai="9,15,19,22,23,49,54,57,62,66,68,76,82,86" machi="19" ten="30,2000,0" yaku="1,1,7,1,53,0" doraHai="32" doraHaiUra="128" who="2" fromWho="0" sc="179,-20,401,0,201,30,209,0" /><INIT seed="6,0,0,3,2,62" ten="159,401,231,209" oya="2" hai0="59,86,106,72,51,40,19,64,17,54,125,28,76" hai1="9,132,70,104,35,105,83,6,99,11,36,47,13" hai2="18,71,39,43,30,131,128,135,52,96,134,97,12" hai3="42,53,8,119,94,73,2,78,118,29,92,31,79"/><V100/><F30/><W50/><G73/><T10/><D125/><U102/><E132/><N who="2" m="50731" /><F71/><W84/><G42/><T116/><D72/><U45/><E35/><V46/><F100/><W33/><G33/><T37/><D106/><U68/><E36/><V63/><F63/><W114/><G2/><T91/><D76/><U130/><E105/><V81/><F81/><W107/><G107/><T113/><D113/><U38/><E38/><V126/><F52/><W88/><G118/><T77/><D77/><N who="3" m="29193" /><G119/><T133/><D116/><U75/><E70/><V16/><F18/><N who="0" m="6666" /><D37/><U74/><E68/><V61/><F61/><W34/><G34/><T25/><D133/><U57/><E75/><V26/><F26/><W66/><G8/><T93/><D10/><U121/><E11/><N who="2" m="6175" /><F126/><W89/><G114/><T24/><D40/><U82/><E74/><V27/><F27/><N who="0" m="10314" /><D28/><N who="3" m="10825" /><G66/><AGARI ba="0,0" hai="51,54,59,64,66,86,91,93" m="10314,6666" machi="66" ten="30,3900,0" yaku="8,1,52,2" doraHai="62" who="0" fromWho="3" sc="159,39,401,0,231,0,209,-39" /><INIT seed="7,0,0,1,3,45" ten="198,401,231,170" oya="3" hai0="117,9,118,63,114,35,132,83,39,68,51,10,55" hai1="66,0,127,110,58,90,31,88,115,13,61,52,50" hai2="4,123,53,109,78,124,108,64,122,130,46,106,85" hai3="15,105,74,76,34,37,77,19,70,69,43,44,89"/><W111/><G34/><T96/><D35/><U82/><E110/><V65/><F106/><W47/><G105/><T21/><D39/><U107/><E115/><V128/><F4/><W14/><G111/><N who="2" m="42569" /><F85/><W94/><G14/><T126/><D118/><U84/><E127/><V112/><F112/><W103/><G103/><T23/><D117/><U75/><E75/><V79/><F124/><W33/><G33/><T18/><D114/><U17/><E0/><V87/><F87/><W99/><G44/><T12/><D126/><U102/><E31/><V57/><F46/><W131/><G131/><N who="2" m="50217" /><F79/><W91/><G91/><T41/><D83/><U134/><E134/><V11/><F11/><W1/><G1/><T7/><D41/><U133/><E133/><V93/><F93/><W27/><G27/><T54/><D96/><U73/><E73/><V80/><F80/><W48/><G37/><T49/><D54/><U2/><E2/><V6/><F6/><W42/><G42/><T129/><D132/><U104/><E104/><V16/><F16/><W29/><G29/><T8/><D129/><U67/><E107/><V92/><F92/><W71/><REACH who="3" step="1"/><G74/><REACH who="3" ten="198,401,231,160" step="2"/><T113/><D113/><U125/><E125/><V60/><F78/><W100/><G100/><T24/><D7/><U5/><E102/><V81/><F81/><W121/><G121/><AGARI ba="0,1" hai="53,57,60,64,65,121,122,123" m="50217,42569" machi="121" ten="40,8000,1" yaku="13,1,19,1,34,2" doraHai="45" who="2" fromWho="3" sc="198,0,401,0,231,90,160,-80" owari="198,-20.0,401,50.0,321,12.0,80,-42.0" /></mjloggm>