<mjloggm ver="2.3"><GO type="41" lobby="0"/><UN n0="%E2%93%9D%53%75%70%68%78" n1="%E3%81%93%E3%81%86%E3%82%B7%E3%83%A3%E3%83%B3" n2="%E6%BC%82%E3%81%86" n3="%E3%83%97%E3%83%AD%E3%81%BC%E3%81%A3%E3%81%A1" dan="17,14,15,14" rate="2070.17,1871.47,2055.54,2017.87" sx="M,M,M,M"/><TAIKYOKU oya="0"/><INIT seed="0,0,0,3,0,132" ten="250,250,250,250" oya="0" hai0="103,14,84,93,120,92,55,122,42,115,131,117,51" hai1="96,102,111,80,15,90,82,123,38,63,74,91,41" hai2="110,64,88,114,100,116,97,25,118,105,104,17,68" hai3="37,12,34,99,43,71,16,52,81,124,46,60,79"/><T21/><D115/><U54/><E38/><V23/><F110/><W28/><G34/><T133/><D117/><N who="2" m="45162" /><F114/><W48/><G28/><T72/><D131/><U69/><E41/><V26/><F104/><W112/><G112/><T47/><D72/><U94/><E123/><V22/><F88/><W58/><G99/><T113/><D133/><U106/><E91/><V5/><F5/><W45/><G124/><T40/><D113/><U75/><E75/><V13/><F23/><W8/><G71/><T126/><D126/><U24/><E111/><V7/><F7/><W2/><G2/><T53/><D122/><U66/><E54/><V77/><F77/><W31/><G31/><T30/><D55/><U10/><E74/><V39/><F39/><W0/><G0/><T18/><D120/><U107/><E107/><V4/><F4/><W29/><G29/><T128/><D128/><U27/><E82/><V109/><F109/><W101/><G101/><T130/><D130/><U56/><E69/><V83/><F83/><W9/><G9/><T108/><D108/><U127/><E127/><V3/><F3/><W65/><G81/><T70/><D70/><U89/><E89/><V98/><F97/><W57/><G79/><T121/><D121/><U135/><E135/><V36/><F36/><W32/><G32/><T1/><D1/><U49/><E49/><V19/><F19/><W85/><G85/><T78/><D30/><U76/><E106/><V87/><F87/><W73/><G73/><T125/><D125/><U33/><E33/><V6/><F6/><W95/><G95/><RYUUKYOKU ba="0,0" sc="250,-15,250,-15,250,15,250,15" hai2="13,17,22,25,26,64,68,98,100,105" hai3="8,12,16,37,43,45,46,48,52,57,58,60,65" /><INIT seed="1,1,0,1,2,116" ten="235,235,265,265" oya="1" hai0="2,55,39,77,128,115,87,97,52,131,117,29,61" hai1="38,82,1,11,103,94,96,28,9,44,13,50,111" hai2="93,40,30,95,26,53,88,24,75,135,84,3,5" hai3="119,47,72,43,71,74,8,15,54,70,123,66,25"/><U27/><E111/><V79/><F40/><W4/><G119/><T85/><D117/><U107/><E38/><V56/><F75/><W113/><G113/><T106/><D2/><U112/><E1/><V83/><F3/><W109/><G109/><T89/><D39/><U132/><E132/><V81/><F5/><W67/><G25/><T108/><D29/><U124/><E124/><V114/><F114/><W62/><G54/><T68/><D115/><U105/><E11/><V100/><F135/><W78/><G78/><T110/><D68/><U46/><E46/><V122/><F122/><W6/><G6/><T104/><D77/><U14/><E14/><V35/><F26/><W48/><REACH who="3" step="1"/><G123/><REACH who="3" ten="235,235,265,255" step="2"/><T51/><D110/><U36/><E112/><V80/><F79/><W125/><G125/><T99/><D108/><U73/><E27/><V19/><F19/><W12/><G12/><T102/><D55/><U90/><E28/><V41/><F41/><W126/><G126/><T23/><D52/><U59/><E13/><V76/><F76/><W60/><AGARI ba="1,1" hai="4,8,15,43,47,48,60,62,66,67,70,71,72,74" machi="60" ten="30,4000,0" yaku="1,1,0,1,9,1,53,0" doraHai="116" doraHaiUra="22" who="3" fromWho="3" sc="235,-11,235,-21,265,-11,255,53" /><INIT seed="2,0,0,5,2,17" ten="224,214,254,308" oya="2" hai0="89,54,20,10,127,104,73,58,25,52,92,98,0" hai1="99,15,50,109,70,1,69,26,129,126,82,9,133" hai2="51,100,46,121,67,18,95,21,24,81,96,59,122" hai3="37,11,112,14,47,105,65,93,131,116,6,128,23"/><V12/><F81/><W119/><G105/><T125/><D73/><U85/><E109/><V110/><F110/><W111/><G111/><T29/><D104/><U49/><E1/><V34/><F34/><W134/><G134/><T135/><D135/><U57/><E126/><N who="0" m="48137" /><D58/><U53/><E129/><N who="3" m="49738" /><G65/><T118/><D118/><U63/><E133/><V39/><F39/><W113/><G93/><T106/><D106/><U74/><E74/><V68/><F68/><W102/><G102/><T45/><D45/><U16/><E70/><V55/><F67/><W83/><G83/><T3/><D10/><U32/><E69/><V72/><F72/><W42/><G23/><T76/><D76/><U123/><E99/><V62/><REACH who="2" step="1"/><F24/><REACH who="2" ten="224,214,244,308" step="2"/><W22/><G119/><T31/><D31/><U28/><REACH who="1" step="1"/><E123/><REACH who="1" ten="224,204,244,308" step="2"/><V44/><F44/><W41/><G116/><T120/><D120/><U43/><E43/><V84/><F84/><W4/><G42/><T87/><D87/><U88/><AGARI ba="0,2" hai="9,15,16,26,28,32,49,50,53,57,63,82,85,88" machi="88" ten="20,8000,1" yaku="1,1,0,1,7,1,54,2,53,0" doraHai="17" doraHaiUra="61" who="1" fromWho="1" sc="224,-20,204,100,244,-40,308,-20" /><INIT seed="3,0,0,0,2,123" ten="204,304,204,288" oya="3" hai0="10,80,13,72,29,56,26,129,108,53,19,32,74" hai1="120,107,126,77,46,51,62,100,68,114,118,97,66" hai2="48,93,67,101,44,125,36,78,25,95,73,6,21" hai3="121,85,50,4,91,130,16,40,0,34,106,131,110"/><W75/><G121/><T52/><D129/><U58/><E120/><V11/><F36/><W119/><G119/><T104/><D104/><U134/><E114/><V102/><F73/><W63/><G106/><T113/><D113/><U81/><E118/><V60/><F78/><W133/><G133/><T92/><D53/><U45/><E126/><V83/><F83/><W116/><G34/><T98/><D80/><U43/><E134/><V59/><F125/><W42/><G75/><T70/><D70/><U135/><E135/><V132/><F132/><W31/><G31/><T127/><D108/><U9/><E9/><V82/><F82/><W38/><G63/><T39/><D39/><U17/><E17/><V103/><F11/><N who="3" m="2439" /><G50/><T24/><D127/><U124/><E124/><V61/><F6/><W8/><G116/><T96/><D96/><U14/><E14/><V1/><F61/><W23/><G8/><T18/><D18/><U90/><E90/><V33/><F33/><W87/><G87/><T3/><D3/><U12/><E12/><V76/><F1/><W28/><G28/><T27/><D74/><U30/><E30/><N who="2" m="17711" /><F76/><W5/><G5/><T109/><D72/><N who="1" m="43175" /><E46/><V88/><F44/><W22/><G22/><T41/><D29/><U49/><E68/><V89/><F48/><W111/><G38/><T79/><D32/><U15/><E51/><V86/><F86/><W20/><G20/><T84/><D84/><U122/><E122/><V112/><F112/><W99/><G85/><T2/><D79/><U128/><E15/><V94/><AGARI ba="0,0" hai="59,60,67,88,89,93,94,95,101,102,103" m="17711" machi="94" ten="30,2000,0" yaku="8,1,54,1" doraHai="123" who="2" fromWho="2" sc="204,-5,304,-5,204,20,288,-10" /><INIT seed="4,0,0,0,2,103" ten="199,299,224,278" oya="0" hai0="35,6,79,100,115,41,117,9,99,89,82,94,0" hai1="13,116,119,123,45,59,24,101,30,73,125,86,21" hai2="5,77,33,118,80,78,49,96,55,65,90,56,84" hai3="88,67,87,52,48,71,11,19,131,25,2,12,40"/><T134/><D115/><U17/><E73/><V132/><F33/><W111/><G111/><T76/><D117/><U95/><E123/><V75/><F75/><W68/><G131/><T60/><D134/><U58/><E125/><V36/><F36/><W129/><G129/><T83/><D35/><U92/><E119/><V10/><F118/><W64/><G40/><T93/><D41/><U39/><E116/><V23/><F132/><W34/><G2/><T97/><REACH who="0" step="1"/><D60/><REACH who="0" ten="189,299,224,278" step="2"/><U130/><E130/><V15/><F49/><W54/><G48/><T122/><D122/><U63/><E39/><V106/><F55/><W74/><G54/><T16/><D16/><U18/><E63/><V38/><F38/><W114/><G52/><T46/><D46/><U4/><E45/><V22/><F65/><W51/><G51/><T127/><D127/><U91/><E18/><V98/><F5/><W135/><G114/><T107/><D107/><U69/><E4/><V110/><F106/><W20/><G34/><T1/><D1/><U72/><E69/><V3/><F110/><W81/><G135/><T121/><D121/><U47/><E47/><V26/><F3/><W37/><G37/><T108/><D108/><U62/><E62/><V105/><F105/><W112/><G112/><T85/><D85/><U120/><E120/><V70/><F70/><N who="3" m="26667" /><G74/><T14/><D14/><U29/><E72/><V109/><F109/><W28/><G67/><T31/><D31/><N who="1" m="11787" /><E13/><V104/><F104/><W128/><G64/><T53/><D53/><U43/><E43/><V133/><F133/><W57/><G128/><RYUUKYOKU ba="0,1" sc="189,10,299,10,224,-30,278,10" hai0="0,6,9,76,79,82,83,89,93,94,97,99,100" hai1="17,21,24,58,59,86,91,92,95,101" hai3="11,12,19,20,25,28,57,81,87,88" /><INIT seed="4,1,1,0,0,105" ten="199,309,194,288" oya="0" hai0="116,18,50,113,1,34,21,20,32,117,24,33,42" hai1="52,57,27,67,61,83,48,103,130,73,93,63,43" hai2="87,90,72,71,2,91,112,114,35,92,97,54,122" hai3="99,107,106,68,101,129,12,45,89,13,120,127,135"/><T3/><D42/><U31/><E130/><V115/><F71/><W109/><G68/><T111/><D50/><U74/><E83/><V75/><F35/><W98/><G109/><T70/><D70/><U102/><E43/><V28/><F28/><W16/><G127/><T133/><D111/><U125/><E125/><V88/><F2/><N who="0" m="522" /><D113/><U104/><E63/><V124/><F124/><W39/><G135/><T81/><D81/><U56/><E104/><V119/><F122/><W123/><G129/><T17/><D133/><U132/><E132/><V25/><F25/><AGARI ba="1,1" hai="17,18,20,21,24,25,32,33,34,116,117" m="522" machi="25" ten="40,3900,0" yaku="34,2" doraHai="105" who="0" fromWho="2" sc="199,52,309,0,194,-42,288,0" /><INIT seed="4,2,0,5,1,18" ten="251,309,152,288" oya="0" hai0="58,39,51,112,9,29,71,5,60,3,57,46,134" hai1="72,31,25,104,119,35,15,106,76,91,113,88,12" hai2="6,74,24,90,17,127,75,11,117,37,22,41,81" hai3="40,47,123,78,80,118,130,132,101,64,54,7,103"/><T32/><D112/><U33/><E119/><V8/><F117/><W109/><G109/><T111/><D111/><U89/><E113/><V28/><F127/><W128/><G118/><T14/><D39/><U115/><E115/><V79/><F75/><W87/><G132/><T97/><D134/><U105/><E76/><V100/><F100/><W121/><G54/><T107/><D3/><U110/><E72/><V59/><F90/><W122/><G64/><T4/><D4/><U70/><E110/><V133/><F133/><W27/><G7/><T66/><D32/><U2/><E2/><V129/><F129/><N who="3" m="49771" /><G27/><T38/><D29/><U43/><E43/><V131/><F131/><W85/><G85/><T65/><D65/><U73/><E73/><V84/><F74/><W61/><G61/><T30/><D30/><U1/><E1/><V0/><F11/><W68/><G68/><T53/><REACH who="0" step="1"/><D38/><AGARI ba="2,0" hai="38,40,47,78,80,87,101,103,121,122,123" m="49771" machi="38" ten="40,2600,0" yaku="13,1,19,1" doraHai="18" who="3" fromWho="0" sc="251,-32,309,0,152,0,288,32" /><INIT seed="5,0,0,0,2,87" ten="219,309,152,320" oya="1" hai0="9,94,65,18,21,14,31,113,100,95,33,101,122" hai1="44,99,62,46,135,98,81,104,111,13,86,43,17" hai2="60,0,53,133,92,76,69,127,77,7,115,39,126" hai3="64,24,22,51,118,67,105,112,93,61,96,50,129"/><U56/><E111/><V35/><F35/><W36/><G112/><T19/><D113/><U84/><E135/><V47/><F115/><W54/><G36/><T15/><D122/><U49/><E104/><V123/><F123/><W32/><G129/><T52/><D65/><U97/><E46/><V117/><F117/><W79/><G32/><T11/><D33/><U121/><E121/><V85/><F133/><W3/><G3/><T82/><D82/><U27/><E27/><V30/><F30/><W57/><G105/><T134/><D134/><U63/><E86/><V55/><F39/><W130/><G79/><N who="2" m="30281" /><F47/><W66/><G130/><T83/><D83/><U120/><E56/><V25/><F25/><W29/><G118/><T131/><D131/><U132/><E132/><V75/><F75/><W38/><G38/><T16/><D31/><U42/><E42/><V78/><F78/><W26/><G24/><T70/><D70/><U68/><E68/><V34/><F34/><W89/><AGARI ba="0,0" hai="22,26,29,50,51,54,57,61,64,66,67,89,93,96" machi="89" ten="30,4000,0" yaku="0,1,8,1,52,1" doraHai="87" who="3" fromWho="3" sc="219,-10,309,-20,152,-10,320,40" /><INIT seed="6,0,0,1,0,34" ten="209,289,142,360" oya="2" hai0="36,84,92,38,25,48,42,10,59,89,28,122,102" hai1="85,50,47,135,100,98,53,82,66,24,128,109,112" hai2="69,0,103,119,91,123,64,63,14,90,21,23,6" hai3="8,9,95,39,118,93,104,132,18,130,117,97,120"/><V45/><F119/><W56/><G39/><T62/><D122/><U110/><E109/><V75/><F123/><W58/><G120/><T96/><D10/><U46/><E110/><V57/><F75/><W125/><G104/><T55/><D42/><U7/><E112/><V3/><F103/><W30/><G30/><T31/><D31/><U78/><E128/><V26/><F45/><W1/><G125/><T15/><D15/><U19/><E135/><V44/><F44/><W40/><G40/><T77/><D77/><U131/><E131/><V101/><F101/><W27/><G132/><T68/><D68/><U51/><E66/><V41/><F41/><W80/><G80/><T16/><D62/><U111/><E111/><V22/><F26/><W108/><G108/><T87/><D87/><U99/><E7/><V13/><F69/><W113/><G130/><T32/><REACH who="0" step="1"/><D16/><REACH who="0" ten="199,289,142,360" step="2"/><U121/><E121/><V12/><REACH who="2" step="1"/><F6/><REACH who="2" ten="199,289,132,360" step="2"/><W49/><G118/><T2/><D2/><AGARI ba="0,2" hai="0,2,3,12,13,14,21,22,23,57,63,64,90,91" machi="2" ten="50,12000,1" yaku="1,1,2,1,52,3,53,0" doraHai="34" doraHaiUra="20" who="2" fromWho="0" sc="199,-120,289,0,132,140,360,0" /><INIT seed="6,1,0,0,2,64" ten="79,289,272,360" oya="2" hai0="115,131,112,6,78,57,18,17,7,81,100,51,13" hai1="10,127,105,128,75,45,11,47,130,107,29,125,53" hai2="25,71,121,68,62,108,80,58,60,30,114,44,92" hai3="93,32,119,19,28,56,102,23,12,46,1,134,50"/><V8/><F121/><W79/><G119/><T104/><D104/><U20/><E29/><V74/><F74/><W96/><G1/><T117/><D100/><U49/><E20/><V101/><F80/><W103/><G134/><T54/><D131/><N who="1" m="50219" /><E75/><V31/><F8/><N who="1" m="3113" /><E47/><V135/><F135/><W48/><G79/><T86/><D117/><U59/><E45/><V65/><F44/><W2/><G2/><T83/><D115/><U16/><E16/><V89/><F114/><W67/><G32/><T113/><D113/><U66/><E66/><V15/><F108/><W41/><G28/><T94/><D112/><U0/><E0/><V4/><F30/><W87/><G87/><T42/><D42/><U90/><E90/><V5/><F15/><W40/><G40/><T85/><D18/><U129/><N who="1" m="50227" /><U106/><AGARI ba="1,0" hai="49,53,59,105,106,107,125,127" m="3113,50227" machi="106" ten="50,3200,0" yaku="4,1,19,1" doraHai="64" who="1" fromWho="1" sc="79,-9,289,35,272,-17,360,-9" /><INIT seed="7,0,0,3,2,41" ten="70,324,255,351" oya="3" hai0="87,90,46,17,128,8,13,93,99,35,39,26,5" hai1="130,117,22,85,83,108,55,102,47,110,60,66,23" hai2="30,67,77,28,37,73,72,16,74,97,125,103,89" hai3="126,10,104,1,14,19,6,98,51,52,33,49,92"/><W101/><G33/><T42/><D128/><U112/><E130/><V124/><F37/><W18/><G126/><N who="2" m="48745" /><F67/><W21/><G104/><T81/><D35/><U25/><E112/><V84/><F16/><W118/><G118/><T62/><D62/><U119/><E102/><V44/><F44/><W78/><G78/><T4/><REACH who="0" step="1"/><D26/><REACH who="0" ten="60,324,255,351" step="2"/><U9/><E110/><V3/><F3/><W0/><G0/><T123/><D123/><U114/><E108/><V36/><F36/><W38/><G38/><T111/><D111/><U131/><E114/><V95/><F30/><W71/><G71/><T64/><D64/><U129/><E131/><V24/><F28/><W29/><G29/><T15/><D15/><U80/><E129/><V68/><F24/><W88/><G1/><T132/><D132/><U12/><E66/><V7/><F68/><W27/><G27/><T106/><D106/><U127/><E60/><V82/><F7/><W115/><G115/><T20/><D20/><U34/><E127/><V79/><AGARI ba="0,1" hai="72,73,74,77,79,82,84,89,95,97,103" m="48745" machi="79" ten="40,5200,0" yaku="18,1,34,2" doraHai="41" who="2" fromWho="2" sc="60,-13,324,-13,255,62,351,-26" owari="47,-45.0,311,-9.0,317,12.0,325,42.0" /></mjloggm>