<mjloggm ver="2.3"><GO type="41" lobby="0"/><UN n0="%E6%97%A5%E7%AB%8B%E5%8F%B0" n1="%70%70%67%75%6E" n2="%58%59%5A%2D%4D" n3="%E2%93%9D%53%75%70%68%78" dan="15,15,15,18" rate="1988.70,2054.10,2038.73,2028.92" sx="F,M,M,M"/><TAIKYOKU oya="0"/><INIT seed="0,0,0,1,4,108" ten="250,250,250,250" oya="0" hai0="126,101,113,36,19,59,54,3,47,33,80,87,132" hai1="48,13,100,99,120,42,127,64,77,98,53,90,103" hai2="21,78,46,11,123,102,91,56,88,9,0,6,97" hai3="29,61,112,79,121,70,89,72,17,27,7,122,85"/><T37/><D113/><U31/><E120/><N who="3" m="46186" /><G7/><T133/><D126/><U26/><E127/><V57/><F123/><W109/><G17/><T96/><D3/><U4/><E42/><V130/><F130/><W67/><G109/><T93/><D33/><U15/><E77/><V118/><F118/><W14/><G14/><T43/><D19/><U81/><E64/><V124/><F124/><W20/><G79/><T40/><D40/><U125/><E125/><V94/><F78/><W38/><G38/><T49/><REACH who="0" step="1"/><D36/><REACH who="0" ten="240,250,250,250" step="2"/><U24/><E4/><V95/><F0/><W50/><G112/><T22/><D22/><U66/><E31/><V83/><F6/><W107/><G20/><T41/><D41/><U34/><E34/><V110/><F21/><W119/><G29/><T129/><D129/><U60/><E24/><V2/><F2/><W106/><G27/><T86/><D86/><U105/><E26/><V111/><F97/><W35/><G35/><T45/><D45/><U115/><E115/><V1/><F1/><W65/><G85/><T82/><D82/><U76/><E81/><V75/><F83/><W12/><G12/><T74/><D74/><U30/><E13/><V23/><F23/><W18/><G72/><T58/><D58/><U104/><E15/><V131/><F131/><W117/><G18/><T52/><D52/><U51/><E53/><V5/><F5/><W55/><G55/><T134/><D134/><U135/><E30/><V68/><F75/><W28/><G28/><T62/><D62/><U69/><E135/><V114/><F114/><W73/><G73/><RYUUKYOKU ba="0,1" sc="240,30,250,-10,250,-10,250,-10" hai0="37,43,47,49,54,59,80,87,93,96,101,132,133" /><INIT seed="0,1,1,2,0,1" ten="270,240,240,240" oya="0" hai0="112,91,79,87,92,60,72,71,134,22,119,3,58" hai1="14,122,48,34,16,73,127,80,70,101,117,135,31" hai2="84,26,7,131,17,37,29,107,130,125,132,115,66" hai3="43,55,15,39,90,86,18,74,93,13,47,36,123"/><T100/><D112/><U78/><E117/><V95/><F115/><W50/><G74/><T20/><D119/><U21/><E122/><V44/><F107/><W124/><G124/><T121/><D134/><U85/><E127/><V113/><F113/><W108/><G108/><T65/><D121/><U51/><E135/><V12/><F125/><W54/><G123/><T126/><D126/><U6/><E70/><V106/><F106/><W5/><G39/><T19/><D3/><U2/><E101/><V59/><F132/><W46/><G55/><T110/><D110/><U24/><E73/><V63/><F37/><W9/><REACH who="3" step="1"/><G15/><REACH who="3" ten="270,240,240,230" step="2"/><T61/><D72/><U42/><REACH who="1" step="1"/><E42/><REACH who="1" ten="270,230,240,230" step="2"/><V33/><F130/><W128/><G128/><T77/><D100/><U109/><E109/><V99/><F131/><W62/><G62/><T96/><D61/><U105/><E105/><V75/><F75/><W129/><G129/><T11/><D71/><U133/><E133/><V23/><F63/><W28/><G28/><T57/><D60/><U82/><E82/><V40/><F29/><W118/><G118/><T45/><D65/><U69/><E69/><V68/><F68/><W98/><G98/><T38/><D96/><U25/><E25/><V27/><F66/><W56/><G56/><T104/><D58/><U88/><E88/><V76/><F59/><W89/><G89/><T94/><D57/><U64/><E64/><V81/><F99/><W10/><G10/><AGARI ba="1,3" hai="2,6,10,14,16,21,24,31,34,48,51,78,80,85" machi="10" ten="40,8000,1" yaku="1,1,24,2,52,1,54,1,53,0" doraHai="1" doraHaiUra="120" who="1" fromWho="3" sc="270,0,230,113,240,0,230,-83" /><INIT seed="1,0,0,1,2,25" ten="270,343,240,147" oya="1" hai0="119,14,39,84,37,34,41,51,35,85,44,93,104" hai1="118,77,71,132,111,5,131,120,81,0,83,73,72" hai2="74,24,76,66,33,91,65,75,78,17,135,113,107" hai3="1,52,2,31,62,117,40,79,8,11,134,98,38"/><U133/><E118/><V100/><F135/><N who="1" m="51785" /><E120/><V69/><F113/><W130/><G134/><T7/><D119/><U64/><E131/><V57/><F57/><W49/><G117/><T12/><D104/><U53/><E53/><V18/><F91/><W50/><G79/><T61/><D61/><N who="1" m="40335" /><E111/><V103/><F24/><W48/><G130/><T23/><D12/><U70/><E70/><V122/><F122/><W6/><G38/><T63/><D63/><U125/><E125/><V16/><F33/><W86/><G40/><T32/><D37/><U126/><E126/><V28/><F18/><W46/><G62/><T59/><D59/><U27/><E27/><V21/><F21/><W4/><G86/><T58/><D58/><U3/><E5/><V105/><F69/><W56/><G56/><T128/><D128/><U108/><E108/><V129/><F129/><W95/><REACH who="3" step="1"/><G31/><AGARI ba="0,0" hai="16,17,28,31,65,66,74,75,76,78,100,103,105,107" machi="31" ten="25,8000,1" yaku="22,2,52,2,54,1" doraHai="25" who="2" fromWho="3" sc="270,0,343,0,240,80,147,-80" /><INIT seed="2,0,0,1,0,65" ten="270,343,320,67" oya="2" hai0="55,59,85,8,6,118,17,119,28,14,81,98,49" hai1="83,9,34,45,104,48,107,56,82,4,102,47,1" hai2="38,66,41,75,106,84,127,11,7,57,126,24,62" hai3="99,46,79,12,134,33,3,61,80,77,53,72,39"/><V30/><F75/><W19/><G33/><T0/><D28/><U18/><E34/><V122/><F122/><W89/><G3/><T91/><REACH who="0" step="1"/><D98/><REACH who="0" ten="260,343,320,67" step="2"/><U27/><E107/><V86/><F106/><W108/><G99/><T90/><D90/><U35/><E104/><V16/><F38/><W129/><G89/><T70/><D70/><U69/><E69/><V74/><F30/><W130/><G39/><T121/><D121/><U87/><E102/><V37/><F37/><W100/><G100/><T109/><D109/><U5/><E35/><V32/><F32/><W36/><G108/><T105/><D105/><U103/><E103/><V123/><F123/><W13/><G36/><T132/><D132/><U78/><E78/><V64/><F126/><W112/><G79/><T125/><D125/><U51/><E1/><V114/><F127/><W115/><G134/><T124/><D124/><U40/><E87/><V26/><F84/><W68/><G68/><T120/><D120/><U21/><E82/><V93/><F86/><W23/><G80/><T94/><D94/><U54/><E83/><V101/><F93/><W133/><G133/><T110/><D110/><U10/><E4/><V31/><F101/><W88/><G88/><T42/><D42/><N who="1" m="24695" /><E5/><V116/><F41/><W63/><G77/><T95/><D95/><U44/><E40/><V50/><F31/><W113/><G72/><T71/><D71/><U131/><E18/><V117/><F7/><W2/><G2/><T15/><D15/><U92/><E92/><V58/><F74/><W67/><G13/><T25/><D25/><RYUUKYOKU ba="0,1" sc="260,30,343,-10,320,-10,67,-10" hai0="0,6,8,14,17,49,55,59,81,85,91,118,119" /><INIT seed="3,1,1,0,2,127" ten="290,333,310,57" oya="3" hai0="129,104,2,52,85,34,103,21,16,98,70,102,69" hai1="75,58,114,78,97,49,19,100,96,80,94,101,5" hai2="31,15,26,29,61,27,45,12,4,107,11,132,120" hai3="92,42,65,40,36,71,89,10,88,3,117,8,106"/><W125/><G106/><T134/><D134/><U24/><E114/><V39/><F107/><W63/><G117/><T108/><D108/><U68/><E68/><V47/><F39/><W79/><G125/><T91/><D2/><U74/><E5/><V6/><F61/><W20/><G79/><T66/><D34/><U41/><E75/><V38/><F38/><W112/><G112/><T18/><D18/><U51/><E41/><V46/><F132/><W116/><G116/><T48/><D129/><U62/><E19/><V130/><F130/><W37/><G20/><T118/><D66/><U33/><E24/><N who="2" m="9259" /><F120/><W128/><G128/><T54/><D102/><U30/><E30/><N who="2" m="11275" /><F11/><W115/><G115/><T99/><D99/><U28/><E28/><V90/><F90/><W84/><G89/><T43/><D43/><U64/><REACH who="1" step="1"/><E33/><REACH who="1" ten="290,323,310,57" step="2"/><V126/><F126/><W110/><G110/><T22/><D118/><U82/><E82/><V95/><F95/><AGARI ba="1,2" hai="49,51,58,62,64,74,78,80,94,95,96,97,100,101" machi="95" ten="30,3900,0" yaku="1,1,7,1,9,1,53,0" doraHai="127" doraHaiUra="86" who="1" fromWho="2" sc="290,0,323,62,310,-42,57,0" /><INIT seed="4,0,0,1,2,56" ten="290,385,268,57" oya="0" hai0="16,60,116,121,23,10,115,73,55,44,113,94,59" hai1="12,15,26,135,106,72,103,97,20,38,32,117,96" hai2="85,67,68,89,128,124,64,47,101,48,7,122,120" hai3="110,31,95,66,133,53,0,61,86,80,123,36,107"/><T4/><D73/><U74/><E32/><V105/><F124/><W43/><G110/><T40/><D121/><U11/><E117/><V41/><F128/><W109/><G109/><T114/><D116/><U127/><E38/><V22/><F68/><W35/><G0/><T71/><D71/><U98/><E127/><V58/><F105/><W76/><G133/><T37/><D94/><U52/><E135/><V126/><F101/><W27/><G123/><T130/><D130/><U14/><E11/><V119/><F119/><W17/><G53/><T111/><D111/><U92/><E52/><V13/><F126/><W125/><G107/><T104/><D104/><U28/><E97/><V5/><F5/><W108/><G108/><T65/><D65/><U90/><AGARI ba="0,0" hai="12,14,15,20,26,28,72,74,90,92,96,98,103,106" machi="90" ten="30,1100,0" yaku="0,1" doraHai="56" who="1" fromWho="1" sc="290,-5,385,11,268,-3,57,-3" /><INIT seed="5,0,0,1,1,51" ten="285,396,265,54" oya="1" hai0="117,67,48,94,0,12,70,32,37,49,80,22,4" hai1="23,61,97,34,112,122,78,3,81,121,47,5,104" hai2="89,7,73,132,102,36,19,88,95,85,16,63,40" hai3="134,127,82,125,26,2,64,31,65,66,84,108,9"/><U57/><E34/><V10/><F132/><W6/><G108/><T59/><D117/><U44/><E112/><V56/><F73/><W8/><G134/><T1/><D37/><U107/><E5/><V77/><F77/><W25/><G9/><T90/><D32/><U28/><E3/><V42/><F102/><W54/><G31/><T38/><D38/><U46/><E97/><V119/><F119/><W20/><G20/><T15/><D70/><U68/><E68/><V11/><F36/><W69/><G69/><T79/><D0/><U110/><E110/><V87/><F7/><W17/><G17/><N who="2" m="6729" /><F11/><W30/><G30/><T129/><D129/><U105/><E23/><V130/><F130/><W35/><G35/><T133/><D133/><U93/><E93/><N who="2" m="54447" /><F10/><W83/><G83/><T116/><D116/><U86/><REACH who="1" step="1"/><E28/><REACH who="1" ten="285,386,265,54" step="2"/><V72/><F72/><W126/><G2/><T24/><D4/><U115/><E115/><V74/><F74/><W76/><G6/><T103/><D1/><U101/><E101/><V123/><F123/><W14/><G8/><T21/><D103/><U43/><E43/><V92/><F92/><W135/><G135/><T109/><D109/><U60/><E60/><V29/><F29/><W55/><REACH who="3" step="1"/><G14/><REACH who="3" ten="285,386,265,44" step="2"/><T13/><D21/><U62/><E62/><V45/><F40/><W106/><G106/><T100/><D12/><U58/><E58/><V75/><F42/><W128/><G128/><T52/><D13/><U111/><E111/><V118/><F118/><W91/><G91/><T124/><D15/><U39/><E39/><V33/><F88/><RYUUKYOKU ba="0,2" sc="285,-15,386,15,265,-15,44,15" hai1="44,46,47,57,61,78,81,86,104,105,107,121,122" hai3="25,26,54,55,64,65,66,76,82,84,125,126,127" /><INIT seed="5,1,2,5,2,72" ten="270,401,250,59" oya="1" hai0="110,39,104,71,70,8,5,83,36,131,4,11,73" hai1="125,134,105,35,112,26,120,53,124,85,9,40,21" hai2="20,95,86,91,58,126,64,128,3,99,1,89,79" hai3="122,17,97,66,14,116,56,67,2,84,59,81,87"/><U82/><E120/><V50/><F126/><N who="1" m="48745" /><E35/><V41/><F128/><W24/><G122/><T60/><D110/><U113/><E134/><V75/><F3/><W106/><G2/><N who="0" m="23" /><D131/><U43/><E9/><V13/><F1/><W135/><G106/><T101/><D60/><U19/><E53/><V119/><F119/><W34/><G34/><T130/><D130/><U55/><E55/><V15/><F64/><W30/><G67/><T117/><D117/><U102/><E102/><V7/><F7/><W45/><G66/><T61/><D61/><U114/><E105/><V54/><F41/><W28/><G135/><T33/><D33/><U25/><E26/><V100/><F20/><W78/><G24/><T32/><D32/><U46/><E46/><V65/><F65/><W29/><G116/><T108/><D108/><U22/><E21/><V47/><F47/><W129/><G129/><T88/><D88/><AGARI ba="1,2" hai="19,22,25,40,43,82,85,88,112,113,114" m="48745" machi="88" ten="40,7700,0" yaku="15,1,18,1,54,1" doraHai="72" who="1" fromWho="0" sc="270,-80,401,100,250,0,59,0" /><INIT seed="5,2,0,4,3,87" ten="190,501,250,59" oya="1" hai0="134,0,25,94,57,46,78,128,37,21,130,119,54" hai1="30,125,38,47,80,35,32,69,43,114,31,3,84" hai2="61,10,28,5,60,64,7,66,27,89,121,8,36" hai3="105,26,68,122,109,123,85,13,23,15,55,108,100"/><U127/><E3/><V20/><F121/><W112/><G68/><T88/><D119/><U81/><E69/><V11/><F36/><W72/><G72/><T50/><D134/><U2/><E2/><V44/><F44/><W101/><G85/><T33/><D0/><U24/><E114/><V111/><F111/><W16/><G55/><T9/><D9/><U104/><E104/><V48/><F48/><W117/><G105/><T19/><D33/><U96/><E96/><V14/><F61/><W4/><G101/><T17/><D78/><U22/><E81/><V97/><F14/><W98/><G98/><T74/><D74/><U6/><E6/><V95/><REACH who="2" step="1"/><F64/><REACH who="2" ten="190,501,240,59" step="2"/><W116/><G112/><T53/><D37/><U131/><E47/><V79/><F79/><W41/><G41/><T18/><D128/><U39/><E43/><V126/><F126/><W107/><G123/><T92/><D130/><U124/><E131/><V65/><F65/><W99/><G122/><T34/><D34/><N who="1" m="12843" /><E38/><V42/><F42/><W135/><G135/><T40/><D40/><U120/><E39/><V73/><F73/><W102/><G102/><T29/><D46/><U82/><E120/><V70/><AGARI ba="2,1" hai="5,7,8,10,11,20,27,28,60,66,70,89,95,97" machi="70" ten="30,7900,0" yaku="1,1,0,1,52,1,53,1" doraHai="87" doraHaiUra="67" who="2" fromWho="2" sc="190,-22,501,-41,240,95,59,-22" /><INIT seed="6,0,0,4,3,17" ten="168,460,335,37" oya="2" hai0="33,35,44,74,101,77,79,96,21,86,115,43,100" hai1="68,36,106,26,121,92,4,55,14,124,111,30,69" hai2="107,83,73,108,41,81,60,112,7,19,93,89,24" hai3="58,57,53,66,39,125,6,88,119,12,29,133,97"/><V131/><F112/><W31/><G119/><T78/><D33/><U5/><E106/><V16/><F131/><W82/><G39/><T110/><D35/><U95/><E111/><V20/><F107/><W56/><G133/><T22/><D110/><U76/><E36/><V104/><F104/><W109/><G125/><T118/><D118/><U90/><E76/><V117/><F117/><W9/><G109/><T15/><D115/><U62/><E124/><V11/><F41/><W37/><G37/><T45/><D74/><U67/><E68/><V47/><F47/><W126/><G66/><T102/><D15/><U80/><E80/><V2/><F73/><W13/><G126/><T99/><D86/><U120/><E92/><V98/><F108/><W127/><G127/><T42/><D42/><U8/><E55/><V64/><REACH who="2" step="1"/><F19/><REACH who="2" ten="168,460,325,37" step="2"/><W27/><G31/><T135/><D135/><U72/><E72/><V103/><F103/><W134/><G134/><T59/><D59/><AGARI ba="0,1" hai="2,7,11,16,20,24,59,60,64,81,83,89,93,98" machi="59" ten="30,11600,0" yaku="1,1,7,1,52,1,54,1,53,0" doraHai="17" doraHaiUra="48" who="2" fromWho="0" sc="168,-116,460,0,325,126,37,0" /><INIT seed="6,1,0,4,1,14" ten="52,460,451,37" oya="2" hai0="126,105,10,128,55,129,118,120,58,85,72,86,116" hai1="59,93,4,66,77,36,6,74,19,50,99,103,134" hai2="22,57,121,42,78,20,5,130,122,23,38,49,43" hai3="69,113,53,125,108,30,91,112,95,135,1,119,63"/><V29/><F130/><N who="0" m="50282" /><D72/><U124/><E36/><V34/><F5/><W8/><G119/><N who="0" m="45611" /><D105/><U92/><E93/><V75/><F38/><W98/><G108/><T65/><D120/><U45/><E124/><V15/><F75/><W111/><G111/><T0/><D126/><U33/><E33/><V123/><F78/><W96/><G125/><T80/><D65/><U84/><E74/><V44/><F15/><W61/><G135/><T70/><D70/><U73/><E73/><V101/><F101/><W117/><G117/><T82/><D10/><U127/><E134/><V133/><F57/><W47/><G69/><T79/><D0/><U27/><E59/><V56/><F56/><W81/><G8/><T62/><D79/><U40/><E66/><V68/><F68/><W24/><G1/><T89/><D89/><U97/><E127/><V12/><F12/><W88/><G81/><AGARI ba="1,0" hai="55,58,62,80,81,82,85,86" m="45611,50282" machi="81" ten="30,2000,0" yaku="19,1,12,1" doraHai="14" who="0" fromWho="3" sc="52,23,460,0,451,0,37,-23" /><INIT seed="7,0,0,1,2,55" ten="75,460,451,14" oya="3" hai0="125,116,23,80,2,114,126,108,92,42,123,134,85" hai1="121,86,41,13,63,110,0,57,70,68,19,98,32" hai2="39,15,37,60,67,100,133,120,47,65,3,88,130" hai3="9,45,1,16,74,117,30,34,82,6,61,71,53"/><W95/><G117/><T62/><D108/><U89/><E110/><V90/><F130/><W91/><G34/><T58/><D116/><U83/><E0/><V17/><F133/><W129/><G30/><T127/><D123/><U44/><E98/><V75/><F75/><W94/><G129/><T66/><D134/><U36/><E32/><V99/><F3/><W24/><G71/><T105/><D2/><U118/><E121/><V64/><F120/><W93/><G74/><T38/><D105/><U7/><E7/><V111/><F111/><W76/><G76/><T48/><D92/><U79/><E79/><V96/><F60/><W56/><G45/><N who="0" m="25655" /><D114/><U29/><E29/><V33/><F33/><W131/><G131/><T102/><D102/><U122/><E118/><V97/><F100/><W69/><G69/><T25/><D38/><U113/><E113/><V128/><F128/><W109/><G109/><T35/><D35/><U106/><E106/><V31/><F31/><W20/><REACH who="3" step="1"/><G82/><REACH who="3" ten="75,460,451,4" step="2"/><T11/><D80/><U14/><E122/><V10/><REACH who="2" step="1"/><F47/><REACH who="2" ten="75,460,441,4" step="2"/><W4/><G4/><T26/><D127/><U119/><E119/><V103/><F103/><W27/><G27/><T8/><D26/><U132/><E132/><V12/><F12/><W40/><G40/><T112/><D126/><U77/><E13/><V84/><F84/><AGARI ba="0,2" hai="1,6,9,16,20,24,53,56,61,84,91,93,94,95" machi="84" ten="30,12000,1" yaku="1,1,7,1,52,1,54,1,53,1" doraHai="55" doraHaiUra="5" who="3" fromWho="2" sc="75,0,460,0,441,-120,4,140" /><INIT seed="7,1,0,1,3,121" ten="75,460,321,144" oya="3" hai0="18,4,88,80,44,36,122,93,27,5,13,12,51" hai1="108,17,106,135,113,57,83,30,131,32,61,119,109" hai2="28,92,70,112,33,45,132,65,74,111,100,105,54" hai3="98,53,20,96,47,130,2,19,129,69,110,29,58"/><W115/><G115/><T124/><D122/><U35/><E119/><V31/><F112/><W8/><G69/><T15/><D124/><U128/><E113/><V104/><F74/><W41/><G29/><T16/><D36/><U56/><E135/><V125/><F125/><W38/><G8/><T89/><D80/><U22/><E106/><V60/><F92/><W117/><G2/><T62/><D62/><U114/><E114/><V120/><F120/><W81/><G81/><T99/><D89/><U9/><E83/><V91/><F91/><W118/><G110/><T78/><D78/><U43/><E43/><V86/><F86/><W127/><G127/><T11/><D27/><U134/><E9/><V48/><F31/><W10/><G10/><T46/><D46/><U1/><E1/><V85/><F85/><W73/><G73/><T94/><D94/><U133/><E30/><V87/><F87/><W0/><G0/><T67/><D67/><U24/><E57/><V123/><F105/><W84/><G84/><T102/><D102/><U42/><E42/><V23/><F23/><W21/><G21/><N who="0" m="11399" /><D13/><U103/><E103/><V101/><F101/><W66/><G118/><T75/><D75/><U7/><E7/><V14/><F14/><W50/><G117/><T116/><D116/><U97/><E97/><N who="2" m="61455" /><F132/><N who="1" m="50793" /><E32/><V76/><F76/><W34/><G34/><T71/><D71/><U37/><E37/><V40/><F40/><W77/><G77/><T49/><D49/><U59/><E35/><V3/><F3/><W72/><G72/><T26/><D26/><U6/><E24/><RYUUKYOKU ba="1,0" sc="75,30,460,-10,321,-10,144,-10" hai0="4,5,11,15,18,44,51,88,93,99" owari="105,-39.0,450,55.0,311,11.0,134,-27.0" /></mjloggm>