<mjloggm ver="2.3"><GO type="41" lobby="0"/><UN n0="%79%6F%7A%6F%72%61" n1="%65%6D%6D%6D%2E%2E%2E" n2="%E2%93%9D%53%75%70%68%78" n3="%E7%9C%9F%E6%AD%8C" dan="13,15,17,14" rate="1954.76,1944.08,2049.11,2093.84" sx="M,M,M,F"/><TAIKYOKU oya="0"/><INIT seed="0,0,0,0,5,18" ten="250,250,250,250" oya="0" hai0="83,98,29,81,86,110,58,85,122,104,93,15,28" hai1="5,129,32,101,72,78,19,80,12,76,73,100,121" hai2="126,46,33,0,74,134,124,22,99,90,41,77,13" hai3="108,96,24,95,40,38,17,91,21,31,65,64,109"/><T16/><D122/><U62/><E32/><V112/><F33/><W115/><G115/><T132/><D104/><U89/><E121/><V97/><F0/><W7/><G7/><T128/><D128/><U6/><E129/><V10/><F134/><W75/><G75/><T69/><D69/><U25/><E25/><V27/><F112/><W131/><G131/><T87/><D132/><U39/><E39/><V113/><F77/><W8/><G40/><T130/><D130/><U105/><E105/><V23/><F74/><W118/><G38/><T88/><D58/><U102/><E89/><V71/><F71/><W34/><G8/><N who="0" m="6247" /><D110/><N who="3" m="42601" /><G118/><T125/><D125/><N who="2" m="48234" /><F27/><AGARI ba="0,0" hai="17,21,24,27,31,34,64,65,91,95,96" m="42601" machi="27" ten="30,2000,0" yaku="14,1,52,1" doraHai="18" who="3" fromWho="2" sc="250,0,250,0,250,-20,250,20" /><INIT seed="1,0,0,2,0,29" ten="250,250,230,270" oya="1" hai0="26,58,23,82,96,65,99,14,63,42,37,108,7" hai1="94,116,10,68,12,43,111,24,118,93,119,98,5" hai2="117,64,44,105,48,129,38,47,25,77,40,115,86" hai3="30,70,80,132,52,79,59,45,8,97,6,60,91"/><U34/><E68/><V114/><F105/><W32/><G70/><T83/><D108/><U113/><E113/><N who="2" m="43019" /><F86/><W126/><G126/><T134/><D134/><U11/><E43/><N who="2" m="22647" /><F25/><W19/><G132/><T85/><D37/><U71/><E71/><V9/><F9/><W41/><G19/><T33/><D42/><U57/><E111/><V53/><F77/><W75/><G97/><T15/><D33/><U124/><E124/><V51/><F64/><W125/><G125/><T46/><D46/><U13/><E98/><N who="0" m="37417" /><D7/><U127/><E127/><V92/><F92/><W110/><G91/><N who="0" m="51639" /><D83/><U20/><E93/><V87/><F87/><W61/><G110/><T103/><D103/><U55/><E94/><V16/><F16/><AGARI ba="0,0" hai="14,15,16,23,26,58,63,65" m="51639,37417" machi="16" ten="30,2000,0" yaku="8,1,54,1" doraHai="29" who="0" fromWho="2" sc="250,20,250,0,230,-20,270,0" /><INIT seed="2,0,0,5,2,53" ten="270,250,210,270" oya="2" hai0="26,109,30,65,124,104,76,73,131,132,66,133,86" hai1="9,41,62,113,33,15,37,134,43,110,3,6,42" hai2="31,20,102,12,2,129,4,50,34,83,14,135,36" hai3="45,8,48,90,72,121,125,55,79,74,46,28,70"/><V92/><F36/><W80/><G121/><T39/><D109/><U58/><E113/><V97/><F129/><W115/><G115/><T21/><D131/><U52/><E110/><V101/><F135/><N who="0" m="51786" /><D124/><U47/><E134/><V106/><F34/><W122/><G122/><T93/><D104/><U98/><E33/><V96/><F2/><W95/><G125/><T120/><D120/><U40/><REACH who="1" step="1"/><E98/><REACH who="1" ten="270,240,210,270" step="2"/><V89/><F97/><W114/><G114/><T117/><D117/><U51/><E51/><V123/><F123/><W71/><G48/><T111/><D111/><U88/><E88/><V77/><F50/><W118/><G118/><T18/><D39/><U56/><E56/><V67/><F89/><W130/><G90/><N who="0" m="53463" /><D30/><U60/><E60/><V69/><F31/><W116/><G28/><T108/><D108/><U38/><E38/><V17/><F102/><W105/><G116/><T78/><D78/><U7/><E7/><V57/><F4/><W44/><G79/><T64/><D76/><U27/><E27/><V82/><F77/><W127/><G130/><T25/><D25/><U94/><E94/><V59/><F92/><W24/><G95/><T13/><D26/><U0/><AGARI ba="0,1" hai="0,3,6,9,15,37,40,41,42,43,47,52,58,62" machi="0" ten="30,7900,0" yaku="1,1,0,1,52,1,54,1,53,0" doraHai="53" doraHaiUra="75" who="1" fromWho="1" sc="270,-20,240,89,210,-39,270,-20" /><INIT seed="3,0,0,5,0,23" ten="250,329,171,250" oya="3" hai0="92,95,44,88,1,11,85,9,17,13,71,30,72" hai1="133,45,74,37,109,54,96,12,8,90,47,80,119" hai2="94,103,21,25,52,36,68,131,63,130,7,28,126" hai3="42,81,122,135,65,120,33,115,84,20,113,77,19"/><W105/><G33/><T78/><D71/><U104/><E37/><V98/><F36/><W111/><G105/><T3/><D30/><U123/><E123/><V40/><F40/><W16/><G42/><T102/><D44/><U112/><E112/><V22/><F126/><W97/><G135/><T79/><D72/><U0/><E0/><V121/><F7/><W56/><G111/><T128/><D128/><N who="2" m="49194" /><F121/><W61/><G120/><T89/><D102/><U29/><E109/><V57/><F68/><W75/><G122/><T132/><D132/><U35/><E133/><V73/><F73/><W49/><G97/><T41/><D41/><U4/><E54/><V62/><F22/><W93/><G49/><AGARI ba="0,0" hai="21,25,28,49,52,57,62,63,94,98,103" m="49194" machi="49" ten="30,3900,0" yaku="19,1,52,1,54,1" doraHai="23" who="2" fromWho="3" sc="250,0,329,0,171,39,250,-39" /><INIT seed="4,0,0,4,5,19" ten="250,329,210,211" oya="0" hai0="73,115,6,27,96,48,57,98,78,102,79,2,41" hai1="88,10,101,65,121,125,69,28,118,109,44,39,16" hai2="40,7,71,36,90,100,12,60,61,83,95,93,31" hai3="131,116,20,33,15,49,32,76,50,43,119,11,0"/><T108/><D115/><U13/><E118/><V26/><F36/><W132/><G76/><T67/><D108/><U55/><E109/><V110/><F40/><W52/><G132/><T82/><D79/><U30/><E101/><V124/><F71/><W72/><G72/><T62/><D27/><U97/><E125/><V3/><F3/><W35/><G131/><T77/><D77/><U84/><E97/><V85/><F124/><W17/><G43/><T74/><D74/><U37/><E121/><V135/><F135/><W120/><G49/><T5/><D2/><U63/><E55/><V58/><F61/><W133/><G120/><T29/><D29/><U34/><E34/><V64/><F110/><W75/><G75/><T47/><REACH who="0" step="1"/><D96/><REACH who="0" ten="240,329,210,211" step="2"/><U107/><E30/><V126/><F126/><W103/><G133/><T59/><D59/><U1/><E28/><V129/><F129/><W92/><G0/><T127/><D127/><U89/><E1/><V134/><F134/><W23/><G116/><T9/><D9/><U70/><E70/><V113/><F113/><W81/><G119/><T66/><D66/><U117/><E69/><V86/><F31/><W112/><G112/><T8/><D8/><U42/><E10/><V53/><F64/><W4/><G17/><T22/><D22/><U38/><E65/><V56/><F56/><W21/><G32/><T54/><D54/><U51/><E117/><V14/><F53/><W87/><G52/><T24/><D24/><U80/><E16/><V111/><F111/><W18/><G18/><T94/><AGARI ba="0,1" hai="5,6,41,47,48,57,62,67,73,78,82,94,98,102" machi="94" ten="20,3900,0" yaku="1,1,0,1,7,1,53,0" doraHai="19" doraHaiUra="122" who="0" fromWho="0" sc="240,49,329,-13,210,-13,211,-13" /><INIT seed="4,1,0,4,2,104" ten="289,316,197,198" oya="0" hai0="58,45,65,9,91,100,12,35,59,79,84,10,97" hai1="129,83,75,106,57,3,27,128,16,110,42,116,89" hai2="92,40,125,21,132,53,131,93,94,30,7,135,46" hai3="96,43,102,113,120,82,62,0,73,95,88,86,51"/><T20/><D35/><U34/><E106/><V23/><F131/><N who="1" m="50249" /><E3/><V85/><F53/><W5/><G120/><T119/><D119/><U29/><E116/><V123/><F123/><W127/><G127/><T68/><D79/><N who="1" m="44543" /><E42/><V39/><F125/><W37/><G113/><T108/><D108/><U63/><E89/><V60/><F7/><W50/><G5/><T90/><D68/><U114/><E110/><V55/><F85/><W81/><G0/><T78/><D78/><U25/><E114/><V33/><F33/><W111/><G111/><T122/><D122/><U11/><E27/><V47/><F30/><W6/><G6/><T117/><D117/><U71/><E71/><V69/><F69/><W72/><G62/><T14/><D91/><U19/><E11/><V61/><F61/><W124/><G124/><T99/><D100/><U105/><E105/><V49/><REACH who="2" step="1"/><F60/><REACH who="2" ten="289,316,187,198" step="2"/><W80/><G72/><T101/><D84/><U76/><E76/><V38/><F38/><W67/><G73/><T32/><D32/><U15/><E15/><V4/><F4/><W112/><G112/><T13/><D13/><U41/><E41/><V48/><F48/><N who="3" m="18475" /><G37/><T126/><D126/><U8/><E8/><V70/><F70/><W36/><G36/><T24/><D9/><U134/><E134/><AGARI ba="1,1" hai="21,23,39,40,46,47,49,55,92,93,94,132,134,135" machi="134" ten="40,2600,0" yaku="1,1,20,1,53,0" doraHai="104" doraHaiUra="22" who="2" fromWho="1" sc="289,0,316,-29,187,39,198,0" /><INIT seed="5,0,0,4,0,20" ten="289,287,226,198" oya="1" hai0="35,132,45,133,71,116,31,84,9,42,131,69,21" hai1="58,110,88,104,105,5,16,90,17,100,109,99,80" hai2="41,114,115,64,94,33,32,4,89,13,14,62,74" hai3="6,107,59,72,79,134,97,112,44,43,66,128,113"/><U75/><E5/><V60/><F74/><W122/><G122/><T19/><D116/><U50/><E104/><V111/><F41/><W40/><G134/><N who="0" m="51819" /><D131/><U108/><E58/><V121/><F111/><W123/><G123/><T61/><D61/><N who="2" m="23658" /><F4/><W26/><G128/><T77/><D9/><U135/><E135/><V117/><F64/><W120/><G120/><T18/><D31/><U126/><E50/><V78/><F78/><W67/><G6/><T65/><D35/><N who="2" m="13386" /><F117/><W91/><G66/><T101/><D101/><U34/><E34/><V119/><F119/><W103/><G67/><T3/><D3/><U12/><E126/><V39/><F39/><W47/><G40/><T85/><D65/><U55/><E55/><V118/><F118/><W8/><G103/><T68/><D77/><N who="1" m="44095" /><E17/><N who="0" m="6153" /><D21/><AGARI ba="0,0" hai="12,16,21,88,90,99,100,105,108,109,110" m="44095" machi="21" ten="30,5800,0" yaku="10,1,54,2" doraHai="20" who="1" fromWho="0" sc="289,-58,287,58,226,0,198,0" /><INIT seed="5,1,0,5,1,30" ten="231,345,226,198" oya="1" hai0="14,79,107,69,53,87,109,93,23,58,111,104,106" hai1="33,29,11,45,90,16,91,89,110,84,94,81,128" hai2="41,15,37,99,5,80,119,78,27,65,38,57,35" hai3="40,115,52,97,96,123,50,77,66,95,28,71,64"/><U88/><E128/><V17/><F119/><W51/><G123/><T62/><D69/><U72/><E110/><V4/><F99/><W83/><G115/><T117/><D117/><U49/><E72/><V129/><F129/><W67/><G71/><T118/><D118/><U76/><E29/><V54/><F65/><W60/><G28/><T3/><D3/><U25/><E33/><V134/><F134/><W12/><G12/><T92/><D79/><U98/><E76/><V105/><F105/><W82/><G96/><T43/><D43/><N who="1" m="24767" /><E25/><V132/><F132/><W8/><G8/><T113/><D113/><U20/><E20/><V44/><F38/><W18/><G18/><T100/><D100/><U10/><E10/><V125/><F27/><W124/><G124/><T70/><D70/><U48/><E48/><N who="3" m="18474" /><G77/><T21/><D14/><AGARI ba="1,0" hai="11,14,16,81,84,88,89,90,91,94,98" m="24767" machi="14" ten="30,5800,0" yaku="8,1,54,2" doraHai="30" who="1" fromWho="0" sc="231,-61,345,61,226,0,198,0" /><INIT seed="5,2,0,2,4,0" ten="170,406,226,198" oya="1" hai0="51,119,52,118,72,74,117,102,104,123,76,50,34" hai1="69,112,81,83,134,13,66,14,106,68,78,3,82" hai2="11,64,98,59,6,114,115,100,62,122,26,85,35" hai3="32,24,17,46,63,130,28,124,37,8,36,88,60"/><U15/><E106/><V42/><F122/><W113/><G130/><T31/><D123/><U90/><E3/><V49/><F85/><W44/><G113/><N who="2" m="43017" /><F42/><W87/><G124/><T25/><D76/><U71/><E112/><V40/><F40/><W80/><G36/><T133/><D133/><U67/><E90/><V5/><F11/><W93/><G37/><T58/><REACH who="0" step="1"/><D50/><REACH who="0" ten="160,406,226,198" step="2"/><U109/><E134/><V16/><F49/><W75/><G60/><T73/><D73/><U91/><E78/><V54/><F64/><N who="1" m="24617" /><E91/><V126/><F126/><W108/><G63/><T84/><D84/><U132/><E132/><V9/><F35/><W92/><G75/><T86/><D86/><U4/><E109/><V2/><F2/><W127/><G108/><T56/><D56/><U1/><E1/><V23/><F9/><W105/><G127/><T41/><D41/><U120/><E120/><V48/><F48/><W99/><G44/><T7/><D7/><AGARI ba="2,1" hai="4,7,13,14,15,68,69,71,81,82,83" m="24617" machi="7" ten="40,18000,2" yaku="29,2,28,2,52,2" doraHai="0" who="1" fromWho="0" sc="160,-186,406,196,226,0,198,0" owari="-26,-53.0,602,70.0,226,3.0,198,-20.0" /></mjloggm>