<mjloggm ver="2.3"><GO type="41" lobby="0"/><UN n0="%E3%81%8D%E3%81%8F%E3%81%BE%E3%81%95" n1="%4D%61%79%75%6D%69%6E" n2="%E6%98%AF%E6%94%BF%E3%81%AE%E5%A4%95%E9%99%BD" n3="%E2%93%9D%53%75%70%68%78" dan="16,15,14,17" rate="2035.42,1989.66,1959.78,2060.72" sx="M,F,M,M"/><TAIKYOKU oya="0"/><INIT seed="0,0,0,2,5,63" ten="250,250,250,250" oya="0" hai0="101,124,125,98,45,83,115,106,21,53,122,102,131" hai1="76,34,52,71,94,35,30,64,58,132,5,86,61" hai2="22,7,91,95,130,4,80,57,60,51,37,72,0" hai3="116,135,18,82,133,46,20,84,31,78,70,81,89"/><T32/><D32/><U128/><E128/><V111/><F111/><W134/><G116/><T88/><D122/><U107/><E132/><V36/><F130/><W67/><G31/><T69/><D69/><U3/><E107/><V99/><F51/><W119/><G119/><T41/><D131/><U24/><E34/><V9/><F7/><W74/><G46/><T6/><D102/><U73/><E73/><V29/><F72/><W92/><G70/><T56/><D6/><U44/><E44/><V16/><F80/><W118/><G118/><T49/><D115/><U25/><E25/><V13/><REACH who="2" step="1"/><F29/><REACH who="2" ten="250,250,240,250" step="2"/><W68/><G82/><T17/><D83/><U15/><E3/><V2/><F2/><W1/><G1/><T97/><D41/><U87/><E76/><V39/><F39/><W105/><G74/><T48/><D48/><U85/><E5/><V104/><F104/><W79/><G105/><T47/><D47/><U114/><E114/><V54/><AGARI ba="0,1" hai="0,4,9,13,16,22,36,37,54,57,60,91,95,99" machi="54" ten="20,5200,0" yaku="1,1,0,1,7,1,54,1,53,0" doraHai="63" doraHaiUra="42" who="2" fromWho="2" sc="250,-26,250,-13,240,62,250,-13" /><INIT seed="1,0,0,3,1,81" ten="224,237,302,237" oya="1" hai0="41,53,91,77,98,123,32,65,112,13,39,71,55" hai1="109,9,128,21,135,59,31,121,131,92,87,122,30" hai2="29,93,62,125,99,51,52,54,10,15,134,20,104" hai3="72,58,111,67,7,1,75,47,70,64,132,106,101"/><U26/><E135/><V33/><F104/><W119/><G58/><T8/><D32/><U46/><E46/><V103/><F125/><W100/><G111/><T74/><D112/><U126/><E126/><V48/><F134/><W49/><G132/><T90/><D123/><U73/><E73/><V60/><F33/><W110/><G7/><T120/><D77/><U63/><E9/><V61/><F20/><W97/><G1/><T2/><D74/><U37/><E37/><V78/><F29/><W35/><G110/><T42/><D2/><U3/><E3/><V44/><F78/><W83/><G119/><T88/><D98/><U86/><E31/><V28/><F28/><W40/><G101/><T22/><D22/><U108/><E108/><V116/><F116/><W129/><G129/><N who="1" m="49738" /><E92/><V84/><F84/><N who="1" m="32297" /><E109/><V80/><F80/><W69/><G83/><T11/><D120/><U14/><E14/><V36/><F36/><W113/><G75/><T94/><D94/><U66/><AGARI ba="0,0" hai="21,26,30,59,63,66,121,122" m="32297,49738" machi="66" ten="30,11700,0" yaku="19,1,52,3" doraHai="81" who="1" fromWho="1" sc="224,-39,237,117,302,-39,237,-39" /><INIT seed="1,1,0,3,2,15" ten="185,354,263,198" oya="1" hai0="100,28,68,3,134,42,4,24,107,67,22,70,89" hai1="94,35,129,84,92,57,111,78,34,56,119,122,7" hai2="43,115,74,29,102,66,38,58,133,130,13,55,23" hai3="51,11,20,98,117,6,53,5,16,106,108,123,18"/><U37/><E119/><V47/><F74/><W79/><G123/><T87/><D134/><U25/><E37/><V44/><F133/><W8/><G108/><T124/><D124/><U31/><E122/><V40/><F130/><W30/><G79/><T9/><D42/><U97/><E129/><V49/><F102/><W105/><G117/><T59/><D100/><U52/><E7/><N who="3" m="2570" /><G106/><T61/><REACH who="0" step="1"/><D107/><REACH who="0" ten="175,354,263,198" step="2"/><U125/><E125/><V104/><F104/><W48/><G105/><T112/><D112/><U62/><E111/><V120/><F120/><W76/><G76/><T90/><D90/><U10/><E78/><V110/><F110/><W32/><G32/><T113/><D113/><U103/><E35/><V19/><F115/><W1/><G1/><T39/><D39/><U73/><E73/><V82/><F38/><W64/><G64/><T101/><D101/><U12/><E103/><V91/><F66/><W83/><G53/><T127/><D127/><U41/><E41/><V65/><F65/><W36/><G36/><T46/><D46/><U121/><E121/><V72/><F47/><W26/><G98/><T118/><D118/><U69/><E97/><V54/><F54/><W99/><G99/><T45/><D45/><U93/><E69/><V95/><F44/><W131/><G131/><T14/><D14/><U75/><E75/><V96/><F43/><W60/><G26/><T71/><D71/><U81/><E57/><V2/><F2/><W77/><G77/><T132/><D132/><U27/><E27/><N who="2" m="16639" /><F40/><W85/><G85/><T128/><D128/><U109/><E109/><RYUUKYOKU ba="1,1" sc="175,30,354,-10,263,-10,198,-10" hai0="3,4,9,22,24,28,59,61,67,68,70,87,89" /><INIT seed="2,2,1,1,2,100" ten="205,344,253,188" oya="2" hai0="89,101,118,57,23,35,99,104,59,110,70,58,131" hai1="50,116,52,102,113,55,7,65,38,3,26,15,108" hai2="72,56,96,117,4,97,17,87,29,128,98,88,42" hai3="124,91,37,30,74,6,14,47,107,20,106,135,22"/><V121/><F121/><W62/><G74/><T19/><D70/><U13/><E38/><V64/><F128/><W112/><G135/><T92/><D35/><U61/><E116/><V40/><F72/><W114/><G124/><T48/><D131/><U86/><E113/><N who="3" m="43626" /><G91/><T82/><D110/><U84/><E108/><V129/><F129/><W51/><G37/><T1/><D1/><U10/><E102/><V69/><F69/><W81/><G81/><T123/><D123/><U11/><E26/><V39/><F117/><W119/><G62/><T133/><D133/><U44/><E55/><V0/><F39/><W94/><G94/><T122/><D122/><U132/><E3/><V103/><F103/><W111/><G30/><T5/><D5/><U2/><E2/><V95/><F29/><W68/><G68/><T27/><D82/><U32/><E32/><V93/><F4/><W46/><G46/><T25/><D25/><U73/><E73/><V43/><F0/><W67/><G67/><T130/><D130/><U105/><E132/><V76/><F76/><W134/><G111/><T21/><D118/><U28/><E28/><V53/><F17/><N who="3" m="10295" /><G6/><T78/><D78/><U16/><E105/><N who="3" m="39946" /><G134/><T83/><D83/><U8/><E61/><N who="2" m="35983" /><F64/><W60/><G119/><T31/><D104/><U9/><E65/><V45/><F45/><W115/><G115/><T24/><D101/><U127/><E127/><V34/><F34/><W63/><G22/><AGARI ba="2,1" hai="7,8,9,10,11,13,15,16,22,44,50,52,84,86" machi="22" ten="40,5200,0" yaku="8,1,54,2" doraHai="100" who="1" fromWho="3" sc="205,0,344,68,253,0,188,-58" /><INIT seed="3,0,0,0,5,24" ten="205,412,253,130" oya="3" hai0="105,7,102,19,118,111,22,57,45,31,100,67,95" hai1="2,92,52,34,11,133,58,3,48,106,49,90,96" hai2="36,97,12,50,114,91,44,123,1,9,62,122,13" hai3="75,5,80,82,87,42,70,74,39,78,104,18,14"/><W73/><G70/><T134/><D111/><U109/><E109/><V51/><F114/><W20/><G104/><T120/><D105/><U115/><E115/><V27/><F1/><W47/><REACH who="3" step="1"/><G5/><REACH who="3" ten="205,412,253,120" step="2"/><T26/><D7/><U126/><E106/><V55/><F123/><W71/><G71/><T116/><D120/><U72/><E72/><V89/><F122/><W101/><G101/><T110/><D110/><U127/><E133/><V121/><F121/><W33/><G33/><T99/><D134/><U0/><E34/><V98/><F36/><W69/><G69/><T16/><D116/><U76/><E76/><AGARI ba="0,1" hai="14,18,20,39,42,47,73,74,75,76,78,80,82,87" machi="76" ten="30,2900,0" yaku="1,1,7,1,53,0" doraHai="24" doraHaiUra="113" who="3" fromWho="1" sc="205,0,412,-29,253,0,120,39" /><INIT seed="3,1,0,2,5,95" ten="205,383,253,159" oya="3" hai0="56,11,125,126,48,105,78,92,35,81,103,69,8" hai1="85,1,98,86,38,10,4,21,9,99,14,130,87" hai2="0,27,68,25,88,62,113,31,63,109,24,131,20" hai3="72,40,44,43,135,13,112,32,115,116,22,2,66"/><W15/><G32/><T82/><D35/><U100/><E38/><V75/><F109/><W70/><G72/><T102/><D69/><U91/><E21/><V45/><F113/><W107/><G2/><T89/><D56/><U104/><E130/><V118/><F131/><W83/><G107/><T54/><D54/><U76/><E76/><V124/><F124/><N who="0" m="47722" /><D48/><U23/><E23/><V46/><F118/><W97/><G66/><T96/><D82/><U12/><E1/><V129/><F75/><W7/><G83/><T37/><D37/><U64/><E64/><V133/><F133/><W53/><G70/><T74/><D103/><U36/><E36/><V5/><F129/><W80/><G80/><T19/><D19/><U114/><E114/><V132/><F132/><W58/><G135/><T49/><D49/><U71/><E71/><V134/><F68/><W61/><G115/><T51/><D51/><U123/><E123/><V127/><F134/><W52/><G112/><T128/><D128/><U120/><E120/><V84/><F0/><W34/><G34/><T79/><D79/><U16/><E99/><AGARI ba="1,0" hai="8,11,74,78,81,89,92,96,99,102,105" m="47722" machi="99" ten="30,3900,0" yaku="18,1,52,2" doraHai="95" who="0" fromWho="1" sc="205,42,383,-42,253,0,159,0" /><INIT seed="4,0,0,0,3,60" ten="247,341,253,159" oya="0" hai0="70,97,130,62,78,46,126,109,125,121,63,4,48" hai1="33,68,23,27,52,6,103,5,50,80,0,96,25" hai2="128,32,53,57,56,100,84,36,44,29,115,16,120" hai3="76,59,9,112,69,114,30,135,41,82,58,28,101"/><T7/><D121/><U3/><E68/><V47/><F128/><W74/><G69/><T102/><D78/><U22/><E80/><V65/><F32/><W87/><G41/><T26/><D26/><U37/><E37/><V11/><F29/><W90/><G9/><T21/><D21/><U8/><E33/><V92/><F36/><W71/><G71/><T64/><D63/><U49/><E8/><V77/><F115/><N who="3" m="44075" /><G135/><T72/><D72/><U124/><E124/><N who="0" m="47721" /><D130/><U95/><E95/><V40/><F40/><W94/><G30/><T85/><D85/><U2/><E96/><N who="2" m="59399" /><F84/><W83/><G28/><T42/><D109/><U116/><E103/><V99/><F77/><N who="3" m="44343" /><G101/><T89/><D89/><U132/><E132/><V129/><F99/><AGARI ba="0,0" hai="58,59,76,83,87,90,94,99" m="44343,44075" machi="99" ten="30,1000,0" yaku="15,1" doraHai="60" who="3" fromWho="2" sc="247,0,341,0,253,-10,159,10" /><INIT seed="5,0,0,4,0,103" ten="247,341,243,169" oya="1" hai0="104,111,8,34,102,107,133,22,86,129,92,2,88" hai1="23,44,35,41,21,1,30,80,115,10,93,113,90" hai2="121,20,32,120,110,49,58,122,46,38,52,106,42" hai3="71,63,15,95,126,73,45,100,94,40,62,76,5"/><U54/><E54/><V85/><F32/><W77/><G126/><T84/><D34/><U55/><E55/><V125/><F106/><N who="0" m="40490" /><D2/><U72/><E35/><V79/><F79/><W81/><G77/><T26/><D102/><U91/><E30/><V25/><F85/><W31/><G31/><N who="0" m="17879" /><D111/><U9/><E9/><V98/><F125/><W135/><G135/><T19/><D86/><U47/><E47/><V118/><F98/><W29/><G100/><T128/><D133/><U132/><E132/><V48/><F118/><W70/><G29/><T14/><D14/><U0/><E0/><V101/><F101/><W123/><G123/><T57/><D57/><U78/><E91/><V4/><F110/><W89/><G89/><T87/><D87/><U11/><E11/><V6/><REACH who="2" step="1"/><F38/><REACH who="2" ten="247,341,233,169" step="2"/><W75/><G75/><T33/><D33/><U127/><E127/><V61/><F61/><W59/><G63/><T36/><D36/><U17/><E78/><V69/><F69/><W68/><G68/><T97/><D97/><U56/><E72/><V96/><F96/><W112/><G71/><T28/><D84/><U53/><E80/><V64/><F64/><N who="3" m="39007" /><G70/><T37/><D37/><U16/><E90/><V66/><F66/><W24/><G73/><T117/><D117/><U18/><E93/><V67/><F67/><W50/><G95/><T109/><D109/><U51/><E51/><V13/><F13/><W83/><G94/><T60/><D92/><U105/><E105/><V99/><F99/><W7/><G76/><T43/><D88/><U74/><E74/><V3/><F3/><RYUUKYOKU ba="0,1" sc="247,-10,341,-10,233,30,169,-10" hai2="4,6,20,25,42,46,48,49,52,58,120,121,122" /><INIT seed="6,1,1,2,2,103" ten="237,331,263,159" oya="2" hai0="130,81,49,48,31,132,55,54,118,46,113,84,119" hai1="79,82,90,24,38,60,112,14,45,39,80,86,76" hai2="114,30,61,124,8,6,41,36,16,93,116,0,57" hai3="22,33,47,10,126,122,97,18,5,95,94,64,11"/><V21/><F114/><W133/><G122/><T1/><D1/><U102/><E112/><V106/><F124/><W37/><G33/><T27/><D113/><U115/><E115/><V128/><F128/><W29/><G126/><T17/><D17/><U58/><E90/><V67/><F116/><W66/><G133/><T23/><D132/><U85/><E102/><V4/><F4/><W52/><G29/><T100/><D100/><U78/><E24/><V75/><F75/><W109/><G109/><T131/><D84/><U92/><E92/><V15/><F106/><W123/><G37/><T65/><D65/><N who="3" m="25193" /><G5/><T108/><D81/><U26/><E79/><V91/><F30/><W63/><G123/><T87/><D87/><U111/><E111/><V99/><F41/><W35/><G35/><T44/><REACH who="0" step="1"/><D108/><REACH who="0" ten="227,331,263,159" step="2"/><U42/><E86/><V12/><REACH who="2" step="1"/><F36/><REACH who="2" ten="227,331,253,159" step="2"/><W117/><G117/><AGARI ba="1,3" hai="23,27,31,44,46,48,49,54,55,117,118,119,130,131" machi="117" ten="40,8000,1" yaku="1,1,2,1,9,1,12,1,53,0" doraHai="103" doraHaiUra="34" who="0" fromWho="3" sc="227,113,331,0,253,0,159,-83" /><INIT seed="7,0,0,3,3,15" ten="340,331,253,76" oya="3" hai0="96,70,45,14,84,110,134,111,101,48,13,41,67" hai1="125,49,66,1,39,71,76,65,63,85,97,128,105" hai2="20,83,16,7,17,6,89,100,27,42,9,34,36" hai3="5,99,44,61,46,108,69,64,47,118,80,73,130"/><W117/><G5/><N who="2" m="1545" /><F36/><W53/><G99/><T124/><D124/><U54/><E1/><V11/><F34/><W28/><G28/><T131/><D131/><U102/><E39/><V116/><F116/><N who="3" m="44651" /><G80/><T23/><D14/><U32/><E66/><V50/><F100/><W56/><G73/><T98/><D98/><U60/><E60/><V19/><F42/><W35/><G35/><T59/><D70/><U115/><E128/><V79/><F50/><N who="3" m="30775" /><G130/><T33/><D33/><U55/><E55/><V127/><F127/><W88/><G88/><T24/><D13/><U123/><E123/><V38/><F38/><W31/><G31/><N who="0" m="17823" /><D84/><U109/><E109/><AGARI ba="0,0" hai="44,46,47,61,64,69,108,109" m="30775,44651" machi="109" ten="40,3900,0" yaku="34,2" doraHai="15" who="3" fromWho="1" sc="340,0,331,-39,253,0,76,39" /><INIT seed="7,1,0,4,3,4" ten="340,292,253,115" oya="3" hai0="12,111,114,10,78,35,6,36,5,40,13,22,41" hai1="101,51,42,45,121,84,39,23,18,53,107,16,33" hai2="126,90,21,117,1,87,44,83,88,106,74,134,72" hai3="130,73,3,120,2,54,133,26,108,85,32,102,98"/><W125/><G120/><T20/><D35/><U58/><E121/><V9/><F117/><W94/><G73/><T66/><D111/><U28/><E33/><V123/><F123/><W132/><G108/><T57/><D114/><U122/><E122/><V93/><F106/><W69/><G69/><T30/><D78/><U104/><E28/><V56/><F126/><W89/><G125/><T99/><D36/><U77/><E18/><V128/><F134/><N who="3" m="51819" /><G54/><T34/><D34/><U71/><E101/><V38/><F128/><W65/><G65/><T116/><D116/><U48/><E48/><V59/><F74/><W52/><G130/><T109/><D109/><U115/><E115/><V43/><F21/><W95/><G52/><T15/><D99/><U47/><E47/><V60/><F60/><W46/><G46/><T61/><D22/><U25/><E77/><N who="2" m="44455" /><F90/><W92/><G92/><T67/><D67/><U112/><E112/><V105/><F105/><W86/><G86/><T17/><D30/><AGARI ba="1,0" hai="2,3,26,30,32,85,89,94,95,98,102" m="51819" machi="30" ten="30,1500,0" yaku="20,1" doraHai="4" who="3" fromWho="0" sc="340,-18,292,0,253,0,115,18" /><INIT seed="7,2,0,4,0,32" ten="322,292,253,133" oya="3" hai0="82,84,105,62,71,122,23,21,2,64,106,101,7" hai1="97,132,30,44,98,49,65,4,33,80,35,118,83" hai2="39,47,36,87,116,25,123,130,18,13,79,131,28" hai3="94,125,3,91,73,57,6,37,119,104,11,40,99"/><W121/><G125/><T126/><D126/><U24/><E118/><V17/><F116/><W56/><G119/><T55/><D122/><U127/><E127/><V109/><F123/><W53/><G121/><T48/><D7/><U93/><E35/><V26/><F47/><W10/><G73/><T78/><D2/><U46/><E46/><V89/><F79/><W68/><G68/><T115/><D115/><U90/><E132/><V88/><F87/><W124/><G124/><T69/><D69/><U102/><E4/><V108/><F13/><W128/><G128/><T51/><D51/><U63/><E49/><V60/><F60/><W134/><G134/><T22/><REACH who="0" step="1"/><D101/><REACH who="0" ten="312,292,253,133" step="2"/><U86/><E44/><AGARI ba="2,1" hai="21,22,23,44,48,55,62,64,71,78,82,84,105,106" machi="44" ten="40,2600,0" yaku="1,1,2,1,53,0" doraHai="32" doraHaiUra="31" who="0" fromWho="1" sc="312,42,292,-32,253,0,133,0" owari="354,46.0,260,6.0,253,-15.0,133,-37.0" /></mjloggm>