<mjloggm ver="2.3"><GO type="41" lobby="0"/><UN n0="%E2%93%9D%53%75%70%68%78" n1="%E5%8C%97%E5%8D%81%E5%AD%97%E3%82%AB%E3%82%B1%E3%83%AB" n2="%E3%80%8E%E6%99%82%E9%9B%A8%E3%80%8F" n3="%E3%81%8E%E3%82%83" dan="18,14,15,13" rate="2064.93,1966.24,2165.27,1944.17" sx="M,M,F,M"/><TAIKYOKU oya="0"/><INIT seed="0,0,0,3,3,15" ten="250,250,250,250" oya="0" hai0="49,121,19,42,26,22,64,45,41,77,112,83,120" hai1="56,0,20,58,17,131,82,36,70,84,47,85,1" hai2="11,63,9,102,122,106,60,51,99,30,107,126,10" hai3="132,92,66,68,103,65,127,87,86,12,21,135,5"/><T8/><D112/><U91/><E131/><V94/><F122/><W118/><G127/><T130/><D130/><U50/><E70/><V74/><F126/><W100/><G118/><T128/><D128/><U24/><E36/><V113/><F113/><W95/><G5/><T7/><D64/><U134/><E134/><N who="3" m="51242" /><G68/><T18/><D42/><U54/><E1/><V57/><F74/><W35/><G12/><T61/><D61/><U32/><E32/><V13/><F106/><W109/><G109/><T23/><D8/><N who="2" m="3178" /><F107/><W37/><G37/><T6/><D121/><U31/><E0/><V133/><F30/><W73/><G21/><T62/><D62/><U69/><E31/><V78/><F78/><W98/><G35/><T44/><D44/><U90/><E69/><V52/><F133/><W33/><G33/><T72/><D120/><U75/><E75/><V39/><F39/><W4/><G4/><AGARI ba="0,0" hai="4,11,13,51,52,57,60,63,94,99,102" m="3178" machi="4" ten="30,2000,0" yaku="8,1,54,1" doraHai="15" who="2" fromWho="3" sc="250,0,250,0,250,20,250,-20" /><INIT seed="1,0,0,2,2,50" ten="250,250,270,230" oya="1" hai0="101,18,121,41,49,92,84,45,77,133,104,91,33" hai1="62,113,111,125,17,20,10,98,107,87,21,36,19" hai2="131,29,44,83,109,11,86,110,55,51,97,66,52" hai3="73,3,23,82,94,90,65,135,134,122,64,99,67"/><U6/><E113/><V89/><F131/><W60/><G3/><T58/><D133/><N who="3" m="50697" /><G122/><T24/><D121/><U69/><E36/><V115/><F115/><W100/><G23/><N who="1" m="8778" /><E87/><V4/><F29/><W2/><G2/><T79/><D104/><U38/><E62/><V34/><F34/><W7/><G7/><T126/><D126/><U30/><E98/><V43/><F66/><W53/><G73/><T119/><D119/><U76/><E69/><V48/><F97/><W105/><G82/><T114/><D114/><U14/><E38/><V8/><F43/><W15/><G15/><T117/><D117/><U63/><E76/><V78/><F78/><W39/><G39/><T16/><D79/><U118/><E63/><V70/><F70/><W47/><G60/><T112/><D112/><U40/><E40/><V12/><REACH who="2" step="1"/><F8/><REACH who="2" ten="250,250,260,230" step="2"/><W103/><G67/><T46/><D77/><U35/><E118/><V37/><F37/><W74/><G74/><T71/><D71/><U106/><E125/><V26/><F26/><W132/><G132/><T68/><D24/><N who="1" m="18887" /><E106/><V54/><F54/><W57/><G47/><AGARI ba="0,1" hai="4,11,12,44,47,48,51,52,55,83,86,89,109,110" machi="47" ten="40,8000,1" yaku="1,1,9,1,52,2,54,1,53,0" doraHai="50" doraHaiUra="61" who="2" fromWho="3" sc="250,0,250,0,260,90,230,-80" /><INIT seed="2,0,0,2,5,17" ten="250,250,350,150" oya="2" hai0="93,54,50,9,110,132,84,113,21,7,121,80,97" hai1="107,91,86,42,126,22,48,125,105,79,70,40,13" hai2="120,1,2,76,92,117,115,32,34,51,16,63,53" hai3="131,77,108,25,82,134,88,19,31,90,20,24,15"/><V59/><F115/><W55/><G108/><T8/><D132/><U62/><E79/><V44/><F117/><W30/><G134/><T130/><D130/><U74/><E74/><V71/><F120/><W18/><G131/><T103/><D110/><U111/><E111/><V104/><F104/><W133/><G133/><T56/><D121/><U46/><E42/><V64/><F76/><W5/><G5/><T23/><D113/><U114/><E114/><V33/><F92/><W3/><G3/><T81/><D81/><U12/><E12/><V41/><REACH who="2" step="1"/><F16/><REACH who="2" ten="250,250,340,150" step="2"/><W135/><G135/><T47/><D7/><U39/><E105/><V129/><F129/><W67/><G67/><T101/><D101/><U106/><E107/><V72/><F72/><W14/><G55/><T118/><D118/><U96/><E106/><V60/><AGARI ba="0,1" hai="1,2,32,33,34,41,44,51,53,59,60,63,64,71" machi="60" ten="40,3900,0" yaku="1,1,0,1,53,0" doraHai="17" doraHaiUra="85" who="2" fromWho="2" sc="250,-13,250,-13,340,49,150,-13" /><INIT seed="2,1,0,3,3,9" ten="237,237,389,137" oya="2" hai0="35,107,131,36,109,133,28,85,121,81,80,89,92" hai1="14,55,2,97,73,21,37,71,29,108,64,68,126" hai2="22,60,45,42,128,120,59,33,66,113,61,86,30" hai3="52,96,124,39,87,69,4,82,3,50,99,5,13"/><V10/><F113/><W53/><G39/><T6/><D36/><U84/><E108/><V24/><F128/><W105/><G69/><T127/><D6/><U1/><E21/><V122/><F33/><W27/><G124/><T106/><D28/><U93/><E55/><V32/><F32/><W117/><G117/><T16/><D35/><U94/><E97/><V19/><F60/><W18/><G27/><T43/><D43/><U44/><E84/><V103/><F103/><W83/><G53/><T72/><D16/><U38/><E44/><V74/><F74/><W130/><G130/><T40/><D40/><U79/><E79/><V75/><F75/><W26/><G26/><T51/><D121/><U135/><E135/><V114/><F114/><W134/><G134/><T111/><D51/><U95/><E95/><V88/><F30/><W8/><G3/><T34/><D34/><U118/><E73/><V90/><F10/><W116/><G116/><T110/><D127/><U101/><E29/><V20/><F20/><W0/><G105/><N who="0" m="39947" /><D133/><U17/><E17/><V67/><F67/><W65/><G65/><T70/><D131/><U104/><E104/><V102/><F120/><W41/><G83/><N who="0" m="31819" /><D72/><U125/><E64/><V15/><F24/><W115/><G115/><T98/><D70/><U46/><E46/><V91/><F122/><W78/><G41/><T77/><D77/><U132/><E132/><V23/><F23/><N who="3" m="11727" /><G4/><T63/><D63/><U58/><E58/><V31/><F31/><W25/><G25/><T57/><D57/><U54/><E54/><V100/><F19/><RYUUKYOKU ba="1,0" sc="237,15,237,-15,389,-15,137,15" hai0="85,89,92,98,109,110,111" hai3="0,5,8,50,52,78,82,87,96,99" /><INIT seed="3,2,0,4,3,54" ten="252,222,374,152" oya="3" hai0="133,131,116,127,134,65,37,99,102,20,15,125,71" hai1="5,3,63,38,88,122,117,59,111,82,10,13,97" hai2="101,132,75,77,70,106,16,39,104,53,112,18,94" hai3="118,30,21,6,44,58,121,72,78,91,84,40,11"/><W50/><G121/><T119/><D15/><U90/><E111/><V42/><F112/><W95/><G118/><N who="0" m="45099" /><D20/><U49/><E122/><V103/><F70/><W73/><G78/><T89/><D37/><U81/><E38/><V26/><F53/><W57/><G73/><T46/><D46/><U74/><E49/><V4/><F26/><N who="3" m="16719" /><G72/><T17/><D17/><U100/><E3/><V24/><F24/><W115/><G115/><T27/><D27/><U33/><E74/><V87/><F104/><W41/><G41/><T76/><D76/><U92/><E33/><V22/><F22/><W108/><G108/><T52/><D131/><U64/><REACH who="1" step="1"/><E117/><REACH who="1" ten="252,212,374,152" step="2"/><V67/><F39/><W12/><AGARI ba="2,1" hai="6,11,12,40,44,50,57,58,84,91,95" m="16719" machi="12" ten="30,6000,0" yaku="8,1,52,2" doraHai="54" who="3" fromWho="3" sc="252,-22,212,-22,374,-22,152,76" /><INIT seed="3,3,0,4,2,129" ten="230,190,352,228" oya="3" hai0="35,60,25,113,50,104,130,76,32,65,74,95,105" hai1="135,43,55,82,53,33,57,88,39,126,75,0,19" hai2="58,97,92,24,86,6,26,112,41,101,93,122,42" hai3="84,7,85,118,56,125,13,103,30,66,48,90,109"/><W133/><G118/><T2/><D95/><U49/><E126/><V52/><F112/><W21/><G125/><T12/><D12/><U8/><E33/><N who="0" m="12873" /><D50/><U117/><E135/><V63/><F6/><W77/><G103/><T98/><D25/><N who="2" m="9834" /><F122/><W27/><G133/><T132/><D98/><U131/><E131/><V36/><F36/><W64/><G109/><T23/><D23/><U111/><E111/><V87/><F87/><N who="3" m="33355" /><G77/><T31/><D31/><U67/><E67/><V51/><F51/><W116/><G90/><AGARI ba="3,0" hai="41,42,52,58,63,86,90,92,93,97,101" m="9834" machi="90" ten="30,2000,0" yaku="8,1,54,1" doraHai="129" who="2" fromWho="3" sc="230,0,190,0,352,29,228,-29" /><INIT seed="4,0,0,4,1,125" ten="230,190,381,199" oya="0" hai0="116,41,34,1,5,18,79,105,76,25,10,28,73" hai1="52,118,42,29,86,19,9,134,26,70,50,107,129" hai2="8,120,135,65,95,39,37,99,54,133,106,78,91" hai3="59,68,58,45,67,110,14,92,87,36,97,126,64"/><T22/><D116/><U84/><E107/><V80/><F120/><W101/><G126/><T130/><D105/><U96/><E134/><N who="2" m="51211" /><F65/><W15/><G110/><T104/><D104/><U13/><E129/><V61/><F106/><W122/><G122/><T32/><D130/><U53/><E70/><V48/><F61/><W100/><G100/><T115/><D115/><U117/><E96/><V109/><F8/><W112/><G112/><T127/><D127/><U17/><E117/><V71/><F71/><W90/><G36/><T3/><D41/><U0/><E0/><V124/><F109/><W27/><G27/><T49/><D3/><U56/><E42/><V20/><F20/><W123/><G123/><T94/><D34/><U93/><E19/><V44/><F124/><W81/><G68/><T85/><D73/><AGARI ba="0,0" hai="37,39,44,48,54,73,78,80,91,95,99" m="51211" machi="73" ten="30,1000,0" yaku="20,1" doraHai="125" who="2" fromWho="0" sc="230,-10,190,0,381,10,199,0" /><INIT seed="5,0,0,4,2,15" ten="220,190,391,199" oya="1" hai0="11,9,73,72,30,6,75,21,112,128,54,5,114" hai1="2,26,131,63,107,3,80,8,69,45,127,79,98" hai2="76,55,34,64,66,65,68,12,122,31,67,41,47" hai3="36,110,117,95,106,111,14,50,39,91,49,44,56"/><U108/><E131/><V92/><F122/><W78/><G106/><T94/><D128/><U113/><E127/><V121/><F121/><W53/><G117/><T16/><D30/><U0/><E113/><N who="0" m="43625" /><D54/><U62/><E108/><V96/><F64/><W77/><G36/><T43/><D43/><U103/><E45/><V88/><F55/><W82/><G39/><T115/><D94/><U10/><E69/><V135/><F135/><W126/><G126/><T118/><D115/><U33/><E63/><V93/><F68/><W4/><G82/><T20/><D118/><U40/><E62/><V70/><F70/><W134/><G134/><T28/><D28/><U35/><E40/><V100/><F76/><W61/><G50/><T101/><D101/><U19/><E10/><N who="0" m="3593" /><D21/><U116/><E116/><V133/><F41/><W51/><G51/><T59/><D59/><U46/><E46/><V130/><F47/><W38/><G38/><T86/><D86/><U99/><E99/><V83/><F133/><W27/><G111/><T42/><D42/><U132/><E132/><V57/><F57/><W84/><G110/><T89/><D89/><U97/><E97/><V104/><F92/><W123/><G123/><T17/><D20/><N who="1" m="13599" /><E8/><V120/><F130/><W13/><G61/><T7/><AGARI ba="0,0" hai="5,6,7,16,17,72,73,75" m="3593,43625" machi="7" ten="40,12000,2" yaku="28,2,15,1,52,2,54,1" doraHai="15" who="0" fromWho="0" sc="220,120,190,-60,391,-30,199,-30" /><INIT seed="6,0,0,0,4,29" ten="340,130,361,169" oya="2" hai0="118,62,36,12,119,82,76,1,53,79,125,105,94" hai1="128,57,55,86,87,135,19,92,45,60,49,131,33" hai2="77,4,2,120,63,124,90,113,115,46,22,10,114" hai3="8,39,42,37,106,48,18,16,30,74,27,35,61"/><V72/><F120/><W34/><G74/><T110/><D1/><U40/><E135/><V95/><F124/><W81/><G106/><T116/><D36/><U38/><E33/><V5/><F5/><W112/><G112/><T75/><D12/><U134/><E134/><V127/><F127/><W133/><G133/><T20/><D125/><U52/><E19/><V7/><F7/><W59/><G81/><T98/><D20/><U41/><E92/><V58/><F22/><W26/><G48/><T66/><D53/><U111/><E87/><V50/><F72/><W31/><G39/><T44/><D44/><N who="1" m="23575" /><E86/><V6/><F6/><W69/><G69/><T108/><D79/><U21/><E21/><V99/><F77/><W28/><G28/><T15/><D15/><U56/><E111/><V71/><F71/><W54/><G8/><T3/><D3/><U14/><E14/><V84/><F84/><W91/><G91/><N who="0" m="55647" /><D105/><U107/><E107/><V104/><F104/><W67/><G67/><T101/><D101/><U51/><AGARI ba="0,0" hai="41,45,49,51,52,55,56,57,60,128,131" m="23575" machi="51" ten="30,4000,0" yaku="34,2,54,1" doraHai="29" who="1" fromWho="1" sc="340,-10,130,40,361,-20,169,-10" /><INIT seed="7,0,0,2,2,135" ten="330,170,341,159" oya="3" hai0="92,16,20,110,125,8,105,15,76,121,12,102,114" hai1="119,101,127,93,80,24,83,9,7,67,75,44,26" hai2="60,126,84,35,22,10,113,50,120,69,32,74,65" hai3="41,70,62,28,29,106,72,46,57,94,63,59,34"/><W100/><G106/><T89/><D110/><U111/><E111/><V103/><F74/><W55/><G72/><T61/><D121/><U124/><E119/><V31/><F120/><W42/><G70/><T33/><D33/><U99/><E67/><V23/><F113/><W17/><G17/><N who="0" m="8327" /><D125/><N who="1" m="48203" /><E44/><V37/><F126/><W88/><G34/><T82/><D105/><U71/><E71/><V91/><F32/><W3/><G100/><T134/><D134/><U85/><E75/><V39/><F103/><W52/><G3/><T108/><D108/><U68/><E68/><V5/><F35/><W1/><G1/><T14/><D114/><U95/><E95/><V97/><F31/><W2/><G2/><T78/><D61/><U133/><E133/><V77/><F60/><W49/><REACH who="3" step="1"/><G42/><REACH who="3" ten="330,170,341,149" step="2"/><T4/><D102/><U27/><E85/><AGARI ba="0,1" hai="28,29,41,46,49,52,55,57,59,62,63,85,88,94" machi="85" ten="30,18000,2" yaku="1,1,2,1,7,1,9,1,8,1,54,2,53,0" doraHai="135" doraHaiUra="130" who="3" fromWho="1" sc="330,0,170,-180,341,0,149,190" owari="330,-7.0,-10,-51.0,341,44.0,339,14.0" /></mjloggm>