<mjloggm ver="2.3"><GO type="41" lobby="0"/><UN n0="%73%6A%6E%6D%70%30%30%31" n1="%79%75%6B%61%6C%76" n2="%E2%93%9D%53%75%70%68%78" n3="%44%72%61%67%6F%6E%37" dan="15,14,17,14" rate="1986.99,1975.39,2034.55,1928.16" sx="M,M,M,M"/><TAIKYOKU oya="0"/><INIT seed="0,0,0,5,3,38" ten="250,250,250,250" oya="0" hai0="31,88,135,66,62,77,2,5,63,108,68,48,52" hai1="28,96,72,59,65,134,125,86,24,116,115,89,112" hai2="12,27,128,30,107,76,33,102,29,14,91,99,1" hai3="81,93,131,46,118,42,97,132,17,34,106,98,44"/><T109/><D135/><U26/><E72/><V37/><F1/><W10/><G34/><T43/><D77/><U54/><E134/><V100/><F128/><W75/><G118/><T110/><D31/><U35/><E116/><V104/><F91/><W56/><G106/><T8/><D63/><U11/><E65/><V120/><F120/><W121/><G121/><T114/><D114/><U41/><E96/><V113/><F37/><W127/><G127/><T105/><D105/><U73/><E125/><V19/><F76/><W124/><G124/><T18/><D18/><U111/><E73/><V117/><F117/><W60/><G132/><T0/><D0/><U74/><E74/><V71/><F71/><W70/><G70/><T101/><D101/><U16/><E111/><V82/><F82/><W129/><G46/><T25/><D25/><U80/><E112/><V13/><F30/><W6/><G17/><T15/><D2/><U23/><E11/><V47/><F47/><W95/><G81/><T64/><D64/><U69/><E69/><V49/><F113/><W40/><G44/><T32/><D32/><U78/><E78/><V53/><F102/><W122/><G122/><T130/><D130/><N who="3" m="49673" /><G75/><T50/><D88/><U133/><E133/><V87/><F107/><W126/><G126/><T67/><D67/><U83/><E83/><V3/><F19/><W57/><G98/><T94/><D94/><N who="3" m="35849" /><G97/><T58/><D50/><N who="1" m="31191" /><E115/><V4/><F49/><W103/><G103/><T79/><D79/><U55/><E55/><V20/><F53/><N who="3" m="33807" /><G57/><T22/><D22/><N who="1" m="13383" /><E35/><V9/><F33/><RYUUKYOKU ba="0,0" sc="250,0,250,0,250,0,250,0" hai0="5,8,15,43,48,52,58,62,66,68,108,109,110" hai1="23,26,28,41,80,86,89" hai2="3,4,9,12,13,14,20,27,29,87,99,100,104" hai3="6,10,40,42" /><INIT seed="0,1,0,4,0,62" ten="250,250,250,250" oya="0" hai0="46,58,74,132,124,117,42,26,125,49,32,17,120" hai1="94,107,88,14,110,50,31,39,111,5,18,112,70" hai2="129,56,24,81,20,121,102,127,38,86,105,21,47" hai3="60,104,0,13,23,61,103,4,10,45,2,115,90"/><T128/><D120/><U99/><E39/><V133/><F129/><W7/><G115/><T3/><D117/><U57/><E112/><V36/><F133/><W87/><G103/><T11/><D128/><U91/><E70/><V1/><F1/><W71/><G104/><T79/><D132/><U89/><E107/><V52/><F21/><W77/><G77/><T22/><D32/><U55/><E5/><V85/><F127/><W30/><G45/><T64/><D79/><U116/><E31/><V83/><F102/><W113/><G113/><T131/><D74/><U92/><E116/><V34/><F34/><W134/><G134/><T67/><D131/><U44/><E44/><V97/><F97/><W114/><G114/><T119/><D119/><U130/><E130/><V108/><F108/><W8/><G71/><T75/><D75/><U28/><E28/><V118/><F105/><W93/><REACH who="3" step="1"/><G30/><REACH who="3" ten="250,250,250,240" step="2"/><T106/><D106/><U82/><E82/><V66/><F83/><W43/><G43/><T68/><D68/><U51/><E91/><V25/><F118/><W29/><G29/><T95/><D58/><U69/><E69/><V73/><F56/><W80/><G80/><T9/><D95/><U63/><E111/><V19/><F81/><W16/><AGARI ba="1,1" hai="0,2,4,7,8,10,13,16,23,60,61,87,90,93" machi="16" ten="30,7900,0" yaku="1,1,0,1,9,1,54,1,53,0" doraHai="62" doraHaiUra="65" who="3" fromWho="3" sc="250,-40,250,-21,250,-21,240,92" /><INIT seed="1,0,0,0,1,131" ten="210,229,229,332" oya="1" hai0="122,16,24,7,104,38,105,113,92,36,91,69,28" hai1="27,54,115,81,64,15,17,59,32,68,119,39,2" hai2="112,12,45,70,41,134,47,108,30,133,127,106,76" hai3="72,65,34,66,8,67,11,58,55,89,78,121,125"/><U0/><E39/><V79/><F108/><W96/><G34/><T19/><D122/><U90/><E119/><V43/><F70/><W62/><G121/><T116/><D116/><U110/><E115/><V77/><F106/><W50/><G125/><T97/><D113/><U109/><E64/><V21/><F112/><W132/><G78/><T31/><D69/><U52/><E68/><V5/><F5/><W22/><G72/><T74/><D74/><U71/><E54/><V87/><F87/><W101/><G89/><T63/><D63/><U73/><E71/><V46/><F127/><W18/><G132/><N who="2" m="50793" /><F12/><W83/><G83/><T85/><D7/><U9/><E73/><V20/><F30/><W57/><G101/><T100/><D104/><U51/><E32/><V4/><F4/><W128/><G128/><T103/><D103/><U95/><E27/><V61/><F61/><W135/><G135/><T86/><D86/><U82/><E2/><V118/><F118/><W80/><G80/><T99/><D85/><N who="1" m="52687" /><E0/><V117/><F117/><W114/><G114/><T120/><D120/><U126/><E126/><V37/><F37/><W88/><G62/><T123/><D123/><U33/><E33/><V44/><N who="2" m="11520" /><DORA hai="56" /><V84/><F84/><W25/><G58/><T23/><D31/><U60/><E60/><V111/><F111/><AGARI ba="0,0" hai="9,15,17,51,52,59,81,82,109,110,111" m="52687" machi="111" ten="30,5800,0" yaku="14,1,10,1,54,1" doraHai="131,56" who="1" fromWho="2" sc="210,0,229,58,229,-58,332,0" /><INIT seed="1,1,0,2,0,85" ten="210,287,171,332" oya="1" hai0="21,39,36,108,32,92,52,34,114,47,119,129,58" hai1="13,69,33,23,25,22,97,86,87,75,135,5,96" hai2="27,82,56,71,81,112,73,50,12,78,117,31,74" hai3="68,103,30,105,40,60,44,28,80,70,4,43,76"/><U38/><E75/><V53/><F117/><W15/><G43/><T107/><D119/><U118/><E118/><V46/><F71/><W89/><G89/><T134/><D114/><U11/><E69/><V100/><F112/><W102/><G70/><T41/><D108/><U61/><E38/><V17/><F100/><W84/><G60/><T127/><D134/><U79/><E33/><V6/><F6/><W101/><G105/><T123/><D123/><U126/><E135/><V1/><F1/><W35/><G35/><T51/><D129/><U94/><E23/><V19/><F12/><W57/><G57/><T48/><D107/><U29/><E97/><V110/><F110/><W113/><G68/><T83/><D127/><U130/><E126/><V59/><F59/><W24/><G24/><T88/><D83/><U14/><E14/><V133/><F133/><W9/><G113/><T45/><D21/><U62/><E130/><V2/><F2/><W65/><G65/><T7/><D7/><U124/><E124/><V120/><F120/><W95/><G95/><T99/><D39/><U104/><E104/><V77/><REACH who="2" step="1"/><F56/><REACH who="2" ten="210,287,161,332" step="2"/><W128/><G128/><T131/><D131/><U26/><E26/><V91/><F91/><W93/><G93/><T98/><REACH who="0" step="1"/><D99/><REACH who="0" ten="200,287,161,332" step="2"/><U16/><E5/><V3/><F3/><W66/><REACH who="3" step="1"/><G66/><REACH who="3" ten="200,287,161,322" step="2"/><T90/><D90/><N who="1" m="55383" /><E79/><V122/><F122/><W18/><G18/><T10/><D10/><U64/><E64/><V54/><F54/><AGARI ba="1,3" hai="32,34,36,41,45,47,48,51,52,54,58,88,92,98" machi="54" ten="30,8000,1" yaku="1,1,7,1,52,1,54,2,53,0" doraHai="85" doraHaiUra="0" who="0" fromWho="2" sc="200,113,287,0,161,-83,322,0" /><INIT seed="2,0,0,2,1,57" ten="313,287,78,322" oya="2" hai0="52,53,107,98,32,74,134,105,41,29,31,118,127" hai1="47,3,78,54,94,5,89,13,117,10,50,110,123" hai2="64,84,128,93,99,131,79,70,40,63,72,33,38" hai3="60,92,9,66,88,39,109,51,82,30,27,114,68"/><V61/><F33/><W37/><G109/><T22/><D118/><U124/><E110/><V96/><F72/><W83/><G114/><T62/><D74/><U42/><E117/><V28/><F28/><W76/><G51/><T24/><D134/><U18/><E123/><V122/><F122/><W34/><G9/><T7/><D127/><U69/><E124/><V48/><F38/><W11/><G11/><T104/><D7/><U106/><E106/><V45/><F63/><W0/><G0/><T14/><D41/><U87/><E69/><V112/><F112/><W75/><REACH who="3" step="1"/><G82/><REACH who="3" ten="313,287,78,312" step="2"/><T17/><D107/><U116/><E116/><V130/><REACH who="2" step="1"/><F93/><REACH who="2" ten="313,287,68,312" step="2"/><W113/><G113/><T56/><D104/><U67/><E3/><V125/><F125/><W35/><G35/><T102/><D31/><U36/><E5/><V95/><F95/><W1/><G1/><T97/><D32/><U103/><E94/><V132/><F132/><W121/><G121/><T77/><D29/><U46/><E36/><V23/><F23/><W135/><G135/><T44/><D22/><U25/><E10/><V49/><F49/><W26/><G26/><T65/><D24/><U120/><E50/><V80/><AGARI ba="0,2" hai="40,45,48,61,64,70,79,80,84,96,99,128,130,131" machi="80" ten="40,12000,1" yaku="1,1,0,1,19,1,52,1,53,1" doraHai="57" doraHaiUra="81" who="2" fromWho="2" sc="313,-40,287,-40,68,140,312,-40" /><INIT seed="2,1,0,4,0,37" ten="273,247,208,272" oya="2" hai0="87,104,127,42,40,14,75,101,74,5,45,57,125" hai1="31,41,120,21,23,50,82,94,80,133,109,91,89" hai2="95,29,30,128,81,52,56,4,47,9,92,28,102" hai3="70,86,129,12,124,78,7,59,26,130,13,103,2"/><V60/><F128/><N who="3" m="49259" /><G70/><T100/><D45/><U72/><E120/><V18/><F18/><W61/><G103/><N who="0" m="39499" /><D57/><U73/><E31/><V32/><F32/><W111/><G111/><T114/><D114/><U53/><E109/><V110/><F110/><W71/><G71/><T77/><D104/><U113/><E113/><V98/><F81/><N who="3" m="47415" /><G26/><T22/><D22/><U19/><E94/><V6/><F95/><W17/><G124/><N who="0" m="47691" /><D87/><U62/><E19/><V3/><F6/><W15/><G7/><T10/><D77/><U105/><E105/><V66/><REACH who="2" step="1"/><F47/><REACH who="2" ten="273,247,198,272" step="2"/><W48/><G2/><T63/><D63/><U116/><E116/><V65/><AGARI ba="1,1" hai="3,4,9,28,29,30,52,56,60,65,66,92,98,102" machi="65" ten="30,11700,0" yaku="1,1,2,1,0,1,54,1,53,0" doraHai="37" doraHaiUra="134" who="2" fromWho="2" sc="273,-40,247,-40,198,130,272,-40" /><INIT seed="2,2,0,0,0,42" ten="233,207,328,232" oya="2" hai0="101,2,53,56,123,113,86,111,109,114,36,130,60" hai1="94,135,104,132,14,50,82,98,105,129,107,18,68" hai2="91,81,29,1,51,62,115,35,19,89,77,41,49" hai3="21,134,17,116,10,133,15,93,63,44,52,124,125"/><V85/><F115/><N who="0" m="44042" /><D2/><U70/><E82/><V34/><F1/><W16/><G116/><T76/><D101/><U117/><E117/><V40/><F29/><W31/><G93/><T47/><D86/><U112/><E112/><V87/><F62/><W73/><G73/><T61/><D76/><U97/><E50/><V39/><F19/><W128/><G31/><T131/><D123/><U3/><E3/><V4/><F4/><W23/><G128/><N who="0" m="49195" /><D61/><U119/><E119/><V121/><F77/><W64/><G64/><T100/><D100/><U122/><E122/><V67/><F67/><W22/><G63/><T20/><D20/><U66/><E129/><V48/><F121/><W102/><G102/><T28/><D28/><U83/><E83/><V38/><F51/><N who="3" m="28775" /><G17/><T127/><D127/><AGARI ba="2,0" hai="10,15,16,21,22,23,124,125,127,133,134" m="28775" machi="127" ten="30,7700,0" yaku="18,1,52,1,54,2" doraHai="42" who="3" fromWho="0" sc="233,-83,207,0,328,0,232,83" /><INIT seed="3,0,0,3,0,75" ten="150,207,328,315" oya="3" hai0="120,46,29,102,87,67,83,85,74,64,73,84,32" hai1="88,122,49,35,66,3,78,53,96,61,109,125,58" hai2="48,108,90,1,82,126,65,131,116,135,101,7,23" hai3="12,71,91,5,18,45,127,62,111,13,118,34,117"/><W51/><G34/><T106/><D120/><U14/><E35/><V42/><F135/><W124/><G71/><T10/><D32/><U8/><E3/><V36/><F131/><W77/><G62/><T21/><D106/><U100/><E122/><V0/><F126/><N who="3" m="48171" /><G91/><T43/><D102/><U105/><E125/><V93/><F116/><N who="3" m="44651" /><G5/><T133/><D133/><U72/><E109/><V56/><F108/><W107/><G107/><T25/><D10/><U4/><E88/><V94/><F90/><W9/><G111/><T89/><D74/><U15/><E15/><V132/><F7/><W95/><G95/><T110/><D110/><U92/><E105/><V40/><F94/><W6/><G77/><T19/><D29/><U97/><E97/><V63/><F93/><W76/><G76/><T50/><D73/><U119/><E119/><V31/><F132/><W59/><G59/><T112/><D112/><U130/><E130/><V134/><F56/><W54/><G18/><T103/><D103/><U113/><E113/><V11/><F101/><W115/><G115/><T44/><D44/><U20/><E20/><V86/><F134/><W81/><G81/><T22/><D22/><U121/><E121/><V17/><F82/><W129/><G12/><T16/><D19/><U39/><E39/><V80/><F36/><W52/><G54/><T41/><D43/><U26/><E26/><V128/><F42/><W27/><G27/><T2/><D2/><U79/><E72/><V30/><F1/><W114/><G114/><T38/><D38/><U69/><AGARI ba="0,0" hai="4,8,14,49,53,58,61,66,69,78,79,92,96,100" machi="69" ten="20,5200,0" yaku="0,1,7,1,52,2" doraHai="75" who="1" fromWho="1" sc="150,-13,207,52,328,-13,315,-26" /><INIT seed="4,0,0,1,2,107" ten="137,259,315,289" oya="0" hai0="13,4,101,17,50,42,15,131,98,92,86,105,2" hai1="133,3,55,104,130,40,48,14,78,85,18,57,31" hai2="46,89,134,29,19,7,32,11,82,124,83,25,121" hai3="110,135,116,129,128,30,87,108,94,80,113,115,93"/><T117/><D117/><U47/><E104/><V75/><F121/><W74/><G30/><T36/><D131/><N who="3" m="50249" /><G116/><T49/><D2/><U96/><E3/><V26/><F134/><W54/><G54/><T95/><D36/><U44/><E133/><V62/><F124/><W24/><G24/><T9/><D105/><U45/><E31/><V16/><F62/><W132/><G74/><T58/><D42/><U123/><E96/><V1/><F26/><W68/><G68/><T71/><D71/><U120/><E130/><V5/><F5/><W34/><G34/><T33/><D33/><U106/><E106/><V79/><REACH who="2" step="1"/><F46/><REACH who="2" ten="137,259,305,289" step="2"/><W70/><G135/><T100/><D58/><U126/><E126/><V0/><F0/><W127/><G127/><T23/><D101/><U63/><E123/><V91/><F91/><AGARI ba="0,1" hai="4,9,13,15,17,23,49,50,86,91,92,95,98,100" machi="91" ten="40,2000,0" yaku="8,1" doraHai="107" who="0" fromWho="2" sc="137,30,259,0,305,-20,289,0" /><INIT seed="4,1,0,0,5,120" ten="167,259,285,289" oya="0" hai0="12,68,128,47,37,64,123,114,73,46,31,34,11" hai1="67,19,35,106,29,10,0,97,6,24,110,102,127" hai2="9,58,50,54,112,8,14,89,131,129,45,2,74" hai3="85,51,99,21,42,132,44,98,125,103,122,119,18"/><T66/><D123/><U115/><E19/><V101/><F74/><W1/><G119/><T72/><D114/><U48/><E48/><V95/><F101/><W65/><G1/><T87/><D34/><U88/><E115/><V15/><F112/><W4/><G122/><T59/><D31/><U70/><E127/><V94/><F2/><W17/><G132/><T82/><D68/><U90/><E110/><V93/><F89/><W83/><G4/><T3/><D3/><U105/><REACH who="1" step="1"/><E106/><REACH who="1" ten="167,249,285,289" step="2"/><V108/><F108/><W118/><G125/><T91/><D128/><U5/><E5/><V43/><F131/><W81/><G118/><T113/><D113/><U25/><E25/><V22/><F129/><W69/><G51/><T135/><D135/><U130/><E130/><V104/><F104/><W30/><G18/><T13/><D37/><U52/><E52/><V57/><F54/><W20/><G17/><T56/><D11/><U16/><E16/><N who="2" m="10519" /><F9/><W76/><G42/><T117/><D117/><U26/><E26/><V107/><F107/><W77/><G30/><T62/><D91/><U84/><E84/><V53/><F53/><W39/><G85/><T86/><D82/><U38/><E38/><V124/><F124/><W79/><G39/><T49/><D49/><U96/><E96/><V111/><F111/><W75/><G75/><T121/><D121/><U116/><E116/><V41/><F41/><W78/><G99/><T80/><D80/><U40/><E40/><V7/><AGARI ba="1,1" hai="7,8,15,43,45,50,57,58,93,94,95" m="10519" machi="7" ten="30,2000,0" yaku="8,1,54,1" doraHai="120" who="2" fromWho="2" sc="167,-11,249,-6,285,33,289,-6" /><INIT seed="5,0,0,2,0,3" ten="156,243,318,283" oya="1" hai0="115,22,109,129,60,91,24,73,105,39,78,124,28" hai1="101,67,116,135,33,114,74,85,94,43,42,4,0" hai2="7,108,47,37,75,134,41,44,45,13,68,71,97" hai3="127,92,128,130,96,19,111,25,55,103,107,2,118"/><U133/><E74/><V69/><F75/><W93/><G111/><T77/><D115/><U81/><E33/><V58/><F97/><W99/><G55/><T40/><D124/><U26/><E114/><V21/><F21/><W57/><G57/><T9/><D129/><U29/><E116/><V123/><F13/><W36/><G36/><T87/><D109/><U106/><E106/><V113/><F7/><W82/><G19/><T1/><D105/><U31/><E67/><V27/><F27/><W112/><G25/><T70/><D39/><U16/><E101/><V32/><F32/><W30/><G30/><N who="1" m="11274" /><E94/><V131/><F123/><W83/><G2/><T76/><D40/><U120/><E120/><V5/><F41/><N who="1" m="15369" /><E0/><V38/><F108/><W15/><G15/><T132/><D132/><N who="1" m="50763" /><E26/><V110/><F134/><W65/><G65/><T49/><D73/><U80/><E85/><V52/><F110/><W56/><G112/><T59/><D49/><U10/><E4/><V62/><F5/><W11/><G118/><T86/><D91/><U100/><E100/><V121/><F113/><W53/><G103/><T8/><D1/><U125/><E125/><V84/><F121/><W117/><G117/><T46/><D46/><U95/><E95/><V63/><F38/><W126/><G107/><T14/><D14/><AGARI ba="0,0" hai="10,14,16,80,81" m="50763,15369,11274" machi="14" ten="30,2900,0" yaku="20,1,54,1" doraHai="3" who="1" fromWho="0" sc="156,-29,243,29,318,0,283,0" /><INIT seed="5,1,0,5,3,101" ten="127,272,318,283" oya="1" hai0="117,42,17,110,14,132,43,26,35,86,62,1,133" hai1="45,74,126,36,121,60,77,127,16,87,93,103,71" hai2="30,57,61,134,15,22,131,12,109,48,119,63,21" hai3="8,27,3,85,6,99,33,18,122,111,13,88,120"/><U78/><E121/><V107/><F109/><W113/><G111/><T58/><D117/><U53/><E74/><V70/><F107/><W28/><G99/><T76/><D110/><U114/><E71/><V83/><F134/><W116/><G116/><T7/><D132/><U108/><E108/><V59/><F131/><W65/><G65/><T54/><D133/><U19/><E36/><V104/><F104/><W47/><G47/><T25/><D1/><U89/><E103/><V75/><F48/><W90/><G113/><T40/><D7/><U52/><E114/><V44/><F44/><W51/><G51/><T105/><D105/><U2/><E2/><V67/><F70/><W56/><G56/><T31/><D26/><U72/><E72/><V95/><F83/><W5/><G5/><T79/><REACH who="0" step="1"/><D86/><REACH who="0" ten="117,272,318,283" step="2"/><U24/><E24/><V92/><F75/><W112/><G112/><T66/><D66/><U84/><E84/><V20/><F119/><W130/><G130/><T124/><D124/><U0/><E0/><V80/><F67/><W115/><G115/><T41/><N who="0" m="10240" /><DORA hai="46" /><T128/><D128/><U68/><E127/><V81/><F15/><W98/><G85/><T91/><D91/><U129/><E129/><V82/><F12/><W29/><G90/><T10/><AGARI ba="1,1" hai="10,14,17,25,31,35,54,58,62,76,79" m="10240" machi="10" ten="40,12000,2" yaku="1,1,0,1,53,4" doraHai="101,46" doraHaiUra="135,39" who="0" fromWho="0" sc="117,133,272,-61,318,-31,283,-31" /><INIT seed="6,0,0,4,1,1" ten="250,211,287,252" oya="2" hai0="39,20,121,34,84,15,135,18,100,35,12,70,102" hai1="9,67,55,62,3,27,61,32,41,47,90,30,77" hai2="122,65,106,112,23,33,79,131,13,31,44,64,21" hai3="88,50,51,110,98,17,43,89,66,111,96,105,114"/><V45/><F106/><W58/><G66/><T76/><D121/><U69/><E62/><V6/><F33/><W38/><G58/><T94/><D39/><U109/><E55/><V116/><F131/><W16/><G43/><T71/><D135/><U127/><E90/><V37/><F112/><W7/><G7/><T42/><D42/><U101/><E77/><V130/><F116/><W29/><G29/><T63/><D76/><U104/><E109/><V133/><F130/><W95/><G95/><T28/><D28/><U82/><E82/><V93/><F122/><W68/><G105/><T108/><D108/><U118/><E118/><V132/><F93/><W83/><G83/><T126/><D126/><U75/><E75/><V103/><F31/><W128/><G128/><T22/><D94/><U59/><E59/><V92/><F92/><W91/><G38/><T134/><D134/><U0/><E9/><V52/><F37/><W87/><G91/><T129/><D129/><U120/><E127/><V125/><F125/><W56/><G56/><T25/><D84/><U57/><E57/><V81/><F133/><W78/><G78/><T19/><D63/><U2/><E120/><V24/><F79/><W73/><G87/><T119/><D25/><U48/><REACH who="1" step="1"/><E0/><REACH who="1" ten="250,201,287,252" step="2"/><V124/><F132/><W40/><G73/><T53/><D53/><U80/><E80/><V97/><F124/><W113/><G40/><T123/><D123/><U4/><E4/><V86/><F81/><W8/><G8/><T85/><D119/><U26/><E26/><V72/><F72/><W46/><G46/><RYUUKYOKU ba="0,1" sc="250,10,201,10,287,-30,252,10" hai0="12,15,18,19,20,22,34,35,70,71,85,100,102" hai1="2,3,27,30,32,41,47,48,61,67,69,101,104" hai3="16,17,50,51,68,88,89,96,98,110,111,113,114" /><INIT seed="7,1,1,3,0,105" ten="260,211,257,262" oya="3" hai0="83,37,32,80,48,7,123,109,98,59,8,128,79" hai1="84,14,129,88,130,23,16,78,85,33,66,21,75" hai2="61,51,106,5,135,36,104,19,116,18,131,113,2" hai3="13,89,63,34,127,102,43,0,20,6,96,103,108"/><W52/><G34/><T26/><D123/><U56/><E33/><V53/><F116/><W132/><G0/><T64/><D37/><U68/><E68/><V110/><F110/><W29/><G108/><T117/><D117/><U124/><E23/><V28/><F36/><W15/><G43/><T45/><D83/><U107/><E107/><V94/><F131/><W62/><G62/><T54/><D98/><U82/><E85/><V77/><F28/><W39/><G39/><T57/><D128/><U121/><E121/><V58/><F106/><W70/><G70/><T49/><D64/><U27/><E27/><V95/><F104/><W111/><G111/><T9/><D9/><U86/><E86/><V115/><F135/><W10/><G127/><T41/><D26/><U87/><E87/><V93/><F77/><W125/><G125/><T97/><D97/><U3/><E3/><V91/><F91/><W100/><G132/><T50/><D32/><U69/><E69/><V65/><F5/><W114/><G114/><N who="2" m="43529" /><F2/><W17/><G29/><T30/><D30/><U122/><E122/><V134/><F134/><W101/><G89/><T118/><D118/><U55/><E124/><V99/><F99/><W44/><G96/><T46/><D109/><U126/><E126/><V76/><F76/><W119/><G119/><T73/><D48/><N who="1" m="30823" /><E66/><V1/><F1/><AGARI ba="1,1" hai="1,7,8,41,45,46,49,50,54,57,59,73,79,80" machi="1" ten="30,2000,0" yaku="7,1,52,1" doraHai="105" who="0" fromWho="2" sc="260,33,211,0,257,-23,262,0" /><INIT seed="8,0,0,5,3,66" ten="293,211,234,262" oya="0" hai0="104,41,32,81,44,120,88,16,19,30,24,18,8" hai1="109,23,134,107,42,27,91,115,127,85,6,114,52" hai2="76,74,57,69,73,40,101,7,37,110,54,100,75" hai3="39,112,58,60,43,133,38,98,119,49,93,71,35"/><T123/><D104/><U56/><E107/><V22/><F110/><W79/><G112/><T5/><D81/><U28/><E109/><V48/><F76/><W51/><G35/><T95/><D95/><U4/><E42/><V10/><F22/><W111/><G111/><T102/><D102/><U3/><E134/><V122/><F122/><W72/><G72/><T13/><REACH who="0" step="1"/><D88/><REACH who="0" ten="283,211,234,262" step="2"/><U0/><E127/><V121/><F101/><W17/><G93/><T105/><D105/><U80/><E115/><V26/><F100/><W94/><G94/><T135/><D135/><U106/><E106/><V53/><F121/><W21/><G133/><T12/><D12/><U125/><E125/><V103/><F103/><W116/><G79/><T84/><D84/><U45/><E114/><V70/><F75/><W68/><G98/><T64/><D64/><U77/><E77/><V33/><F74/><W97/><G97/><T29/><D29/><U117/><E117/><V36/><F73/><W89/><G89/><T131/><D131/><U96/><E96/><V78/><F78/><W124/><G124/><T31/><D31/><U63/><E3/><V14/><F14/><N who="3" m="9399" /><G119/><T126/><D126/><U130/><E0/><V9/><F26/><W92/><G92/><T50/><AGARI ba="0,1" hai="5,8,13,16,18,19,24,30,32,41,44,50,120,123" machi="50" ten="30,6000,0" yaku="1,1,0,1,54,1,53,0" doraHai="66" doraHaiUra="62" who="0" fromWho="0" sc="283,70,211,-20,234,-20,262,-20" owari="353,46.0,191,-31.0,214,-19.0,242,4.0" /></mjloggm>