<mjloggm ver="2.3"><GO type="41" lobby="0"/><UN n0="%E3%83%90%E3%83%96%E3%83%AB%E3%82%B9%34%34" n1="%E2%93%9D%53%75%70%68%78" n2="%E3%83%81%E3%83%A7%E3%83%B3%E3%83%9C%E3%81%8A%E3%81%98%E3%81%95%E3%82%93" n3="%E8%97%A4%E5%8E%9F%E3%81%98%E3%82%85%E3%82%8A" dan="15,18,14,15" rate="1952.25,2090.59,2050.07,1920.75" sx="M,M,M,M"/><TAIKYOKU oya="0"/><INIT seed="0,0,0,2,0,2" ten="250,250,250,250" oya="0" hai0="117,94,84,13,109,82,79,60,122,69,9,105,28" hai1="25,111,24,5,54,26,99,127,114,50,130,85,75" hai2="118,42,20,48,18,108,88,36,123,67,73,87,37" hai3="93,65,121,80,135,22,91,27,83,55,119,74,33"/><T100/><D122/><U134/><E75/><V52/><F123/><W23/><G121/><T104/><D117/><U19/><E111/><V98/><F118/><W62/><G119/><T90/><D28/><U3/><E127/><V14/><F73/><W8/><G33/><T34/><D34/><U31/><E130/><V30/><F108/><W101/><G135/><T53/><D109/><U15/><E114/><V96/><F67/><W61/><G55/><T17/><D100/><U7/><E3/><V6/><F30/><W77/><G83/><T115/><D115/><U71/><E71/><V113/><F113/><W64/><G8/><T107/><D69/><U106/><E99/><V10/><F42/><W29/><G101/><T70/><D70/><U112/><E106/><V11/><F11/><W35/><G64/><T92/><D79/><U124/><E124/><V39/><F20/><W68/><REACH who="3" step="1"/><G62/><REACH who="3" ten="250,250,250,240" step="2"/><T86/><D60/><U97/><E134/><V38/><N who="2" m="9216" /><DORA hai="43" /><V57/><REACH who="2" step="1"/><F18/><REACH who="2" ten="250,250,240,240" step="2"/><W49/><G49/><T40/><D40/><U56/><E112/><V21/><F21/><W4/><G4/><T58/><D53/><U1/><E7/><V125/><F125/><W102/><G102/><T81/><D58/><U95/><E5/><V12/><F12/><W128/><G128/><T89/><AGARI ba="0,2" hai="9,13,17,81,82,84,86,89,90,92,94,104,105,107" machi="89" ten="40,3900,0" yaku="0,1,9,1" doraHai="2,43" who="0" fromWho="0" sc="250,59,250,-13,240,-13,240,-13" /><INIT seed="0,1,0,1,1,43" ten="309,237,227,227" oya="0" hai0="133,109,97,111,19,37,1,58,50,38,80,106,57" hai1="107,86,22,14,89,127,79,74,126,94,113,33,28" hai2="56,108,130,34,102,30,11,82,90,3,16,88,20" hai3="135,66,60,65,78,77,17,84,117,131,51,75,85"/><T123/><D1/><U10/><E33/><V100/><F108/><W114/><G114/><T116/><D116/><U93/><E28/><V35/><F130/><W54/><G117/><T68/><D123/><U91/><E22/><V2/><F82/><W69/><G131/><T67/><D106/><U23/><E23/><V125/><F56/><W103/><G135/><T110/><D97/><U124/><E14/><V27/><F125/><W8/><G66/><T12/><D133/><U112/><E107/><V52/><F35/><W39/><G39/><N who="0" m="14859" /><D80/><N who="1" m="45175" /><E10/><V70/><F70/><W62/><G62/><N who="0" m="40055" /><D19/><U121/><E121/><V92/><F90/><W36/><G17/><T71/><D12/><U118/><E118/><V132/><F132/><W81/><G8/><T96/><D96/><AGARI ba="1,0" hai="86,89,91,93,94,96,112,113,124,126,127" m="45175" machi="96" ten="30,3900,0" yaku="18,1,34,2" doraHai="43" who="1" fromWho="0" sc="309,-42,237,42,227,0,227,0" /><INIT seed="1,0,0,3,5,29" ten="267,279,227,227" oya="1" hai0="18,25,115,99,32,50,126,82,39,42,63,77,122" hai1="51,114,104,101,130,120,19,123,43,41,45,46,15" hai2="118,76,87,85,88,105,55,56,4,112,102,135,133" hai3="2,57,65,110,24,86,127,95,81,75,53,83,54"/><U68/><E114/><V23/><F118/><W6/><G110/><T92/><D122/><U5/><E130/><V89/><F4/><W103/><G127/><T61/><D126/><U14/><E68/><V40/><F40/><W132/><G132/><T113/><D39/><U7/><E101/><V84/><F23/><W52/><G75/><T3/><D3/><U109/><E104/><V44/><F44/><W62/><G2/><T1/><D1/><U72/><E72/><V124/><F124/><W111/><G111/><T59/><D115/><U11/><E109/><V128/><F112/><W37/><G6/><T134/><D134/><N who="2" m="51210" /><F76/><W49/><G37/><T116/><D116/><U64/><E64/><V74/><F74/><W129/><G129/><T107/><D107/><U117/><E117/><V34/><F34/><W28/><G49/><T69/><D69/><U108/><E108/><V10/><F10/><W70/><G70/><T67/><D63/><U30/><E30/><V100/><F128/><W48/><G48/><T125/><D125/><U96/><E7/><V66/><F66/><W13/><G13/><T16/><D50/><U22/><E123/><V20/><F20/><N who="3" m="15367" /><G86/><T47/><D47/><U21/><E120/><V0/><F0/><W38/><G38/><T94/><D42/><U97/><E22/><V9/><F9/><W31/><G31/><T36/><D36/><AGARI ba="0,0" hai="5,11,14,15,19,21,36,41,43,45,46,51,96,97" machi="36" ten="30,1500,0" yaku="7,1" doraHai="29" who="1" fromWho="0" sc="267,-15,279,15,227,0,227,0" /><INIT seed="1,1,0,5,4,66" ten="252,294,227,227" oya="1" hai0="93,120,92,119,89,113,122,50,75,41,26,7,126" hai1="35,82,87,100,74,99,88,107,55,62,114,19,11" hai2="17,1,61,118,80,33,45,123,130,21,2,37,49" hai3="109,38,125,23,25,95,30,104,52,108,77,128,79"/><U5/><E114/><V54/><F123/><W57/><G128/><T102/><D75/><U129/><E129/><V4/><F118/><W67/><G125/><T76/><D76/><U47/><E35/><V117/><F117/><W36/><G104/><T131/><D7/><U124/><E124/><V51/><F130/><W96/><G67/><T28/><D131/><U53/><E19/><V68/><F33/><W90/><G79/><T12/><D113/><U134/><E134/><V34/><F34/><W91/><G91/><T10/><D126/><U121/><E121/><V86/><F37/><W59/><G59/><T15/><D119/><U29/><E29/><V8/><F51/><W103/><G77/><T48/><D122/><U9/><E74/><V84/><F1/><W72/><G72/><T78/><D78/><U14/><E11/><V60/><F86/><W70/><G70/><T0/><D0/><U110/><E110/><N who="3" m="42602" /><G103/><T40/><D102/><U132/><E132/><V16/><F68/><W13/><G13/><T27/><D120/><U71/><REACH who="1" step="1"/><E47/><REACH who="1" ten="252,284,227,227" step="2"/><V135/><F135/><W116/><G116/><T94/><D10/><U106/><E106/><V20/><F45/><W133/><G133/><T6/><D28/><U22/><E22/><V105/><F21/><W83/><G83/><T24/><D6/><U98/><E98/><V112/><F20/><W31/><G30/><T43/><REACH who="0" step="1"/><D89/><REACH who="0" ten="242,284,227,227" step="2"/><U101/><E101/><V44/><F112/><W97/><G97/><T64/><D64/><AGARI ba="1,2" hai="5,9,14,53,55,62,64,71,82,87,88,99,100,107" machi="64" ten="40,7700,0" yaku="1,1,52,1,54,1,53,0" doraHai="66" doraHaiUra="69" who="1" fromWho="0" sc="242,-80,284,100,227,0,227,0" /><INIT seed="1,2,0,2,0,130" ten="162,384,227,227" oya="1" hai0="133,34,11,73,3,20,127,4,48,54,71,96,45" hai1="88,65,77,121,60,135,75,63,103,55,44,111,85" hai2="67,78,23,95,128,28,91,81,64,74,94,101,1" hai3="41,21,33,32,46,106,7,66,92,70,29,122,58"/><U0/><E0/><V36/><F1/><W82/><G122/><T120/><D120/><U15/><E121/><V112/><F36/><W16/><G106/><T116/><D71/><U119/><E119/><V61/><F128/><W57/><G70/><T42/><D34/><U27/><E75/><V37/><F37/><W10/><G92/><T22/><D127/><U86/><E103/><V80/><F112/><W12/><G82/><T24/><D116/><U105/><E111/><V31/><F81/><W8/><G8/><T53/><D73/><U5/><E27/><V68/><F64/><W49/><G66/><T99/><D22/><U134/><E105/><V118/><F118/><W38/><G38/><T131/><D131/><U109/><E109/><V59/><F68/><W117/><G117/><T72/><D72/><U40/><E77/><V113/><F113/><W47/><G47/><T62/><D54/><U83/><E86/><V6/><F6/><W104/><G104/><T108/><D108/><U30/><E30/><V19/><F101/><W79/><G79/><T89/><D89/><U14/><E5/><V102/><F95/><W98/><G98/><T87/><D87/><U107/><E107/><V56/><F102/><W76/><G76/><T25/><D25/><U125/><E125/><V123/><F123/><W51/><G29/><T17/><D133/><N who="1" m="50699" /><E55/><V97/><F59/><N who="3" m="22539" /><G51/><T93/><D93/><U90/><E90/><V132/><F132/><W114/><G114/><T39/><D62/><N who="1" m="23595" /><E65/><V2/><F2/><N who="3" m="375" /><G33/><T43/><D43/><U50/><AGARI ba="2,0" hai="14,15,40,44,50,83,85,88" m="23595,50699" machi="50" ten="30,12000,1" yaku="20,1,52,3,54,1" doraHai="130" who="1" fromWho="1" sc="162,-42,384,126,227,-42,227,-42" /><INIT seed="1,3,0,0,1,101" ten="120,510,185,185" oya="1" hai0="22,14,54,81,135,20,45,1,131,97,110,84,2" hai1="17,79,88,55,51,126,13,123,50,58,36,115,102" hai2="29,130,59,31,68,71,104,47,3,96,113,114,6" hai3="41,48,23,39,25,7,107,10,105,37,8,82,63"/><U93/><E123/><V19/><F130/><W12/><G63/><T108/><D131/><U44/><E126/><V5/><F59/><W70/><G70/><T85/><D135/><U100/><E36/><V33/><F19/><W111/><G111/><T95/><D1/><U60/><E79/><V9/><F6/><W132/><G132/><T28/><D2/><U64/><E115/><N who="2" m="44043" /><F47/><W67/><G67/><T75/><D75/><U86/><REACH who="1" step="1"/><E51/><REACH who="1" ten="120,500,185,185" step="2"/><V92/><F68/><W0/><G39/><T26/><D110/><U77/><E77/><V65/><F71/><W119/><G37/><T106/><D108/><U109/><E109/><V34/><F65/><W118/><G48/><T72/><D72/><U124/><E124/><V73/><F73/><W35/><G118/><T57/><D45/><U38/><E38/><V16/><F34/><W128/><G119/><T66/><D66/><U98/><E98/><V117/><F33/><W53/><G35/><T11/><D106/><U134/><E134/><V46/><F104/><W18/><G128/><T80/><D85/><U15/><E15/><V40/><F117/><W120/><G120/><T121/><D121/><U127/><E127/><V4/><F96/><W24/><G107/><T116/><D116/><U43/><E43/><V56/><F46/><W76/><G41/><T52/><D84/><U91/><E91/><V49/><F40/><W62/><G105/><T42/><D42/><U30/><E30/><V99/><F31/><W74/><G23/><AGARI ba="3,1" hai="13,17,23,44,50,55,58,60,64,86,88,93,100,102" machi="23" ten="30,11600,0" yaku="1,1,7,1,8,1,54,1,53,0" doraHai="101" doraHaiUra="125" who="1" fromWho="3" sc="120,0,500,135,185,0,185,-125" /><INIT seed="1,4,0,3,0,8" ten="120,635,185,60" oya="1" hai0="88,113,30,14,92,55,35,10,99,60,123,75,81" hai1="46,6,68,132,117,21,83,128,39,29,124,15,27" hai2="116,126,41,58,50,0,100,11,54,12,127,64,106" hai3="104,42,135,16,67,111,103,87,1,48,133,47,61"/><U74/><E132/><V97/><F116/><W102/><G111/><T101/><D123/><U98/><E124/><V79/><F0/><W129/><G129/><T65/><D113/><U114/><E68/><V66/><F79/><W33/><G33/><T110/><D110/><U109/><E74/><V89/><F89/><W73/><G73/><T7/><D35/><U22/><E39/><V5/><REACH who="2" step="1"/><F41/><REACH who="2" ten="120,635,175,60" step="2"/><W44/><G1/><T72/><D30/><U122/><E117/><V56/><F56/><W131/><G133/><T17/><D101/><U4/><E109/><V134/><F134/><W121/><G135/><T107/><D107/><U24/><E29/><V130/><F130/><W23/><G131/><T84/><D55/><U63/><E128/><V25/><F25/><W78/><G104/><T62/><D75/><U93/><E27/><V3/><F3/><W28/><G121/><T80/><D72/><U105/><E24/><V9/><F9/><W13/><G28/><T108/><D108/><U37/><E105/><V40/><F40/><W77/><G47/><T86/><D65/><AGARI ba="4,1" hai="5,11,12,50,54,58,64,65,66,97,100,106,126,127" machi="65" ten="40,2600,0" yaku="1,1,52,1,53,0" doraHai="8" doraHaiUra="59" who="2" fromWho="0" sc="120,-38,635,0,175,48,60,0" /><INIT seed="2,0,0,1,2,129" ten="82,635,223,60" oya="2" hai0="135,104,24,33,88,66,55,103,110,97,9,28,68" hai1="78,81,37,31,109,27,11,92,75,17,54,39,14" hai2="133,32,134,90,26,108,102,122,34,47,44,57,126" hai3="70,63,77,98,87,35,76,69,99,124,123,85,21"/><V3/><F122/><W105/><G123/><T22/><D110/><U93/><E109/><V6/><F108/><W29/><G124/><T4/><D55/><U71/><E71/><V100/><F126/><W41/><G35/><N who="2" m="13353" /><F26/><W132/><G41/><T116/><D22/><U50/><E31/><V64/><F90/><W121/><G121/><T73/><D116/><U95/><REACH who="1" step="1"/><E27/><REACH who="1" ten="82,625,223,60" step="2"/><V52/><F64/><W8/><G70/><T5/><D66/><U43/><E43/><V45/><F102/><W59/><G69/><T16/><D68/><U83/><E83/><V62/><F100/><W125/><G29/><T13/><D73/><U84/><E84/><V42/><F42/><W15/><G87/><T112/><D112/><U94/><N who="1" m="23552" /><DORA hai="60" /><U30/><E30/><V72/><F72/><W91/><G85/><T46/><D24/><U49/><E49/><V61/><F62/><W117/><G63/><T111/><D28/><U1/><E1/><V0/><F6/><W56/><G125/><T2/><D33/><U101/><E101/><V113/><F113/><W106/><G105/><T18/><D2/><U7/><E7/><V107/><F107/><W89/><G106/><T10/><D111/><U40/><E40/><V120/><F120/><W130/><G99/><T48/><D104/><U20/><E20/><V114/><F114/><W86/><G21/><T128/><D103/><U23/><E23/><V131/><F131/><W53/><G86/><T36/><D97/><U119/><E119/><V79/><F79/><W58/><G77/><T74/><D128/><U67/><E67/><RYUUKYOKU ba="0,1" sc="82,-15,625,15,223,15,60,-15" hai1="11,14,17,37,39,50,54,75,78,81" hai2="0,3,44,45,47,52,57,61,133,134" /><INIT seed="2,1,1,2,2,38" ten="67,640,238,45" oya="2" hai0="80,126,44,56,58,64,47,99,26,91,79,102,87" hai1="65,131,116,101,18,25,68,90,105,73,133,74,52" hai2="100,112,118,32,72,119,3,59,77,51,49,67,28" hai3="76,93,69,4,17,9,22,108,88,60,117,61,84"/><V82/><F3/><W94/><G117/><T10/><D126/><U85/><E133/><V71/><F112/><W33/><G33/><T78/><D10/><U81/><E131/><V130/><F130/><W55/><G108/><T70/><D70/><U23/><E116/><V115/><F115/><W21/><G69/><T14/><D14/><U103/><E105/><V104/><F51/><W120/><G120/><T57/><D64/><U95/><E74/><V50/><F49/><W89/><G76/><T11/><D11/><U98/><E73/><V8/><F8/><W42/><G42/><T125/><D125/><U132/><E132/><V24/><F50/><W54/><G17/><T0/><D0/><U110/><E110/><V129/><F59/><W31/><G31/><T128/><D128/><U48/><E65/><V15/><F15/><W75/><G75/><T13/><D13/><U34/><E34/><V43/><F43/><W30/><G30/><T40/><D26/><U63/><E68/><V27/><F27/><W16/><G9/><T123/><D123/><U2/><E2/><V29/><F29/><W37/><G37/><T6/><D6/><U134/><E134/><V46/><F46/><W86/><G16/><T106/><REACH who="0" step="1"/><D47/><REACH who="0" ten="57,640,238,45" step="2"/><N who="1" m="27679" /><E63/><N who="2" m="40447" /><F129/><W92/><G92/><T114/><D114/><U66/><E66/><V121/><F121/><W53/><G53/><T19/><D19/><U41/><E41/><V62/><F62/><W36/><G36/><AGARI ba="1,2" hai="36,40,44,56,57,58,78,79,80,87,91,99,102,106" machi="36" ten="40,2600,0" yaku="1,1,52,1,53,0" doraHai="38" doraHaiUra="20" who="0" fromWho="3" sc="57,49,640,0,238,0,45,-29" /><INIT seed="3,0,0,0,1,80" ten="106,640,238,16" oya="3" hai0="105,62,31,43,50,5,23,4,109,75,60,114,132" hai1="51,26,92,101,111,135,112,74,73,70,87,120,18" hai2="85,59,103,86,6,21,56,47,9,115,110,118,8" hai3="22,35,61,94,29,129,30,25,128,14,12,121,113"/><W81/><G61/><T39/><D105/><U125/><E135/><V41/><F118/><W67/><G67/><T27/><D75/><U90/><E125/><V93/><F115/><W64/><G64/><T36/><D114/><U100/><E111/><V57/><F110/><W124/><G113/><T33/><D132/><U15/><E120/><V82/><F21/><W0/><G94/><T72/><D72/><U108/><E26/><V78/><F103/><W13/><G81/><T127/><D127/><U42/><E70/><V79/><F93/><W66/><G66/><T98/><D109/><U102/><E112/><V54/><F54/><W40/><G40/><T1/><D1/><U97/><E108/><V104/><F104/><W45/><G45/><T119/><D119/><U34/><E34/><V55/><F55/><W69/><G69/><T123/><D123/><U76/><E76/><N who="2" m="29227" /><F6/><W134/><G134/><T48/><D33/><U63/><E63/><V10/><F82/><W24/><G121/><T2/><D2/><U131/><E74/><V52/><F41/><W106/><G106/><T3/><D3/><U68/><E68/><V133/><F133/><W89/><G89/><T20/><D39/><U46/><E73/><V58/><N who="2" m="14336" /><DORA hai="71" /><V83/><F83/><W91/><G124/><T19/><D36/><U53/><E42/><V122/><F122/><W7/><G91/><T96/><D43/><U28/><E102/><V65/><F65/><W88/><G88/><T107/><D107/><N who="1" m="63887" /><E101/><V11/><N who="2" m="2048" /><DORA hai="117" /><V126/><F126/><W38/><G38/><T77/><D4/><RYUUKYOKU ba="0,0" sc="106,-15,640,-15,238,15,16,15" hai2="47,52,85,86" hai3="0,7,12,13,14,22,24,25,29,30,35,128,129" /><INIT seed="3,1,0,2,2,46" ten="91,625,253,31" oya="3" hai0="101,59,3,20,29,126,112,135,74,19,131,108,87" hai1="4,56,63,70,30,37,81,11,50,133,14,125,47" hai2="53,7,57,34,64,90,44,16,32,96,86,92,60" hai3="124,27,111,17,129,65,83,106,72,10,102,23,31"/><W22/><G129/><T134/><D74/><U100/><E133/><V78/><F7/><W39/><G124/><T80/><D3/><U55/><E125/><V1/><F1/><W45/><G111/><T75/><D75/><U85/><E37/><V51/><F78/><W35/><G65/><T24/><D108/><U38/><E38/><V9/><F96/><W41/><G106/><T119/><D119/><U103/><E30/><V76/><F76/><W91/><G102/><T58/><D126/><U95/><E95/><V13/><AGARI ba="1,0" hai="9,13,16,32,34,44,51,53,57,60,64,86,90,92" machi="13" ten="30,4000,0" yaku="0,1,52,1,54,1" doraHai="46" who="2" fromWho="2" sc="91,-11,625,-11,253,43,31,-21" /><INIT seed="4,0,0,4,4,11" ten="80,614,296,10" oya="0" hai0="45,127,17,18,129,112,19,113,74,35,135,99,14" hai1="131,50,0,12,101,85,23,58,73,84,116,87,48" hai2="130,42,52,122,62,13,60,53,79,109,9,8,2" hai3="90,77,103,115,57,38,120,6,110,96,125,49,36"/><T134/><D74/><U20/><E0/><V107/><F109/><W102/><G110/><T65/><D65/><U123/><E131/><V124/><F107/><W97/><G115/><N who="0" m="44107" /><D35/><U33/><E73/><V105/><F105/><W54/><G120/><T128/><D45/><U82/><E116/><V68/><F130/><N who="0" m="50282" /><D99/><U81/><E87/><V88/><F68/><W4/><G125/><T25/><D25/><U106/><E85/><V67/><F124/><W93/><G77/><T92/><D92/><U95/><E95/><V37/><F79/><W39/><REACH who="3" step="1"/><G90/><REACH who="3" ten="80,614,296,0" step="2"/><T41/><D127/><U21/><E123/><V132/><F88/><W78/><G78/><T28/><D28/><U114/><E114/><V126/><F122/><W63/><G63/><T108/><D108/><U7/><E82/><V47/><F62/><W71/><G71/><T94/><D94/><AGARI ba="0,1" hai="4,6,36,38,39,49,54,57,93,94,96,97,102,103" machi="94" ten="40,8000,1" yaku="1,1,9,1,53,3" doraHai="11" doraHaiUra="70" who="3" fromWho="0" sc="80,-80,614,0,296,0,0,90" /><INIT seed="5,0,0,0,0,8" ten="0,614,296,90" oya="1" hai0="24,101,16,122,44,111,85,95,60,4,130,82,54" hai1="100,0,84,22,131,63,64,117,31,71,48,109,56" hai2="27,81,40,37,38,36,47,43,79,20,35,61,74" hai3="6,124,58,3,108,75,7,57,49,33,132,12,25"/><U39/><E117/><V77/><F77/><W105/><G108/><T104/><D111/><U72/><E131/><V80/><F80/><W45/><G75/><T126/><D126/><U5/><E39/><V86/><F43/><W18/><G105/><T94/><D130/><U89/><E0/><V1/><F1/><W97/><G132/><T30/><D122/><U17/><E5/><V42/><F42/><W53/><G124/><T66/><D104/><U23/><E71/><V28/><F86/><W102/><G33/><T50/><D4/><N who="3" m="1577" /><G25/><T52/><D101/><U34/><E48/><V96/><F20/><W73/><G73/><T103/><D103/><U90/><E31/><V87/><F87/><W114/><G114/><T107/><D54/><U99/><E23/><V9/><F9/><N who="3" m="6415" /><G3/><T51/><D51/><U55/><E34/><V65/><F96/><W78/><G78/><T125/><D125/><U123/><E123/><V69/><AGARI ba="0,0" hai="27,28,35,36,37,38,40,47,61,65,69,74,79,81" machi="69" ten="20,8000,1" yaku="0,1,7,1,33,3" doraHai="8" who="2" fromWho="2" sc="0,-20,614,-40,296,80,90,-20" owari="-20,-52.0,574,67.0,376,18.0,70,-33.0" /></mjloggm>