<mjloggm ver="2.3"><GO type="41" lobby="0"/><UN n0="%E3%83%89%E3%83%A9%E3%82%AF%E3%83%AD%E3%82%A2" n1="%E2%93%9D%53%75%70%68%78" n2="%E5%A4%A9%E6%89%8D%E9%BA%BB%E5%B0%87%E5%8A%A0%E5%A5%88" n3="%E3%83%94%E3%83%BC%E3%83%94%E3%83%BC%E3%82%AC%E3%82%A6%E3%83%87%E3%82%A3" dan="14,17,15,13" rate="1902.99,2037.57,2019.20,1842.84" sx="M,M,M,M"/><TAIKYOKU oya="0"/><INIT seed="0,0,0,5,3,71" ten="250,250,250,250" oya="0" hai0="126,43,0,33,19,129,120,104,73,27,132,48,32" hai1="70,102,29,51,38,7,6,108,99,127,21,87,20" hai2="100,112,42,103,57,39,81,84,58,35,10,83,113" hai3="15,37,77,135,121,22,41,95,125,8,134,25,4"/><T45/><D19/><U65/><E108/><V17/><F35/><W117/><G117/><T128/><D27/><U110/><E127/><V97/><F17/><W91/><G125/><T133/><D126/><U3/><E110/><V34/><F34/><N who="0" m="13418" /><D73/><U92/><E51/><V9/><F42/><W1/><G77/><T61/><D104/><U28/><E70/><V88/><F97/><W62/><G62/><T64/><D0/><U79/><E65/><V114/><F39/><W55/><G55/><T89/><D89/><U54/><E54/><V44/><F44/><N who="3" m="23599" /><G121/><T31/><D31/><N who="1" m="11851" /><E38/><V53/><F53/><W67/><G67/><T130/><D120/><U131/><E79/><V23/><F23/><W40/><G40/><T11/><D11/><U90/><E21/><V101/><REACH who="2" step="1"/><F81/><REACH who="2" ten="250,250,240,250" step="2"/><W105/><G22/><T5/><D5/><U13/><E7/><V123/><F123/><W68/><G4/><T118/><D118/><U119/><E119/><V124/><F124/><W66/><G8/><AGARI ba="0,1" hai="8,9,10,57,58,83,84,88,100,101,103,112,113,114" machi="8" ten="50,8000,1" yaku="1,1,54,1,53,3" doraHai="71" doraHaiUra="111" who="2" fromWho="3" sc="250,0,250,0,240,90,250,-80" /><INIT seed="1,0,0,0,0,70" ten="250,250,330,170" oya="1" hai0="128,37,5,59,49,130,21,30,89,94,76,72,23" hai1="7,28,80,46,55,103,120,119,24,6,118,91,108" hai2="11,75,57,2,100,122,111,43,125,40,16,29,4" hai3="90,35,107,41,61,60,20,0,97,113,1,10,116"/><U85/><E120/><V68/><F68/><W8/><G113/><T33/><D5/><U52/><E108/><V56/><F122/><W129/><G35/><T71/><D71/><U133/><E133/><V134/><F75/><W112/><G112/><T17/><D17/><U22/><E103/><V131/><F111/><W48/><G129/><T126/><D76/><U54/><REACH who="1" step="1"/><E46/><REACH who="1" ten="250,240,330,170" step="2"/><V34/><F134/><W66/><G116/><AGARI ba="0,1" hai="6,7,22,24,28,52,54,55,80,85,91,116,118,119" machi="116" ten="40,7700,0" yaku="1,1,2,1,54,1,53,0" doraHai="70" doraHaiUra="117" who="1" fromWho="3" sc="250,0,240,87,330,0,170,-77" /><INIT seed="1,1,0,3,4,88" ten="250,327,330,93" oya="1" hai0="99,41,45,74,117,37,111,98,107,131,34,85,76" hai1="46,53,39,66,109,79,104,58,50,89,42,52,33" hai2="17,1,124,91,125,120,96,54,67,24,105,130,92" hai3="123,11,60,135,87,110,26,14,9,55,100,57,35"/><U114/><E104/><V95/><F120/><W49/><G123/><T2/><D85/><U15/><E33/><V23/><F1/><W116/><G116/><T73/><D98/><U113/><E79/><V10/><F10/><W68/><G110/><T48/><D48/><U78/><E78/><V77/><F67/><W28/><G135/><T132/><D117/><U27/><E27/><V20/><F130/><W133/><G133/><T128/><D132/><U6/><E15/><V82/><F105/><W0/><G0/><T29/><D111/><U101/><E101/><V102/><F23/><W13/><G100/><N who="0" m="62879" /><D2/><U134/><E89/><V3/><F3/><W61/><G68/><T72/><D76/><U47/><E6/><V75/><REACH who="2" step="1"/><F54/><REACH who="2" ten="250,327,320,93" step="2"/><W63/><G9/><T118/><D118/><U80/><E109/><V25/><F25/><AGARI ba="1,1" hai="25,29,34,37,41,45,72,73,74,128,131" m="62879" machi="25" ten="40,1300,0" yaku="23,1" doraHai="88" who="0" fromWho="2" sc="250,26,327,0,320,-16,93,0" /><INIT seed="2,0,0,3,4,77" ten="276,327,304,93" oya="2" hai0="45,91,114,76,63,120,66,17,61,103,130,118,69" hai1="81,8,101,24,84,122,14,7,54,53,30,128,80" hai2="29,34,72,2,26,46,82,92,73,108,64,47,129" hai3="110,126,33,27,85,74,131,49,124,107,22,28,9"/><V95/><F2/><W100/><G74/><T115/><D120/><U32/><E128/><V0/><F0/><W105/><G110/><T6/><D118/><U87/><E122/><V111/><F73/><W16/><G131/><T11/><D130/><U40/><E40/><V56/><F129/><W31/><G9/><T67/><D103/><U35/><E35/><V57/><F64/><W10/><G10/><T58/><D17/><U116/><E101/><V112/><F112/><W102/><G49/><T134/><D134/><U71/><E71/><V89/><F56/><W48/><G48/><T123/><D123/><U93/><E93/><N who="2" m="35915" /><F57/><W119/><G119/><T99/><D91/><U1/><E116/><V97/><F72/><W62/><G62/><T88/><D88/><U23/><E32/><V12/><F12/><N who="3" m="9479" /><G85/><N who="1" m="32842" /><E1/><V125/><F111/><W135/><G28/><T15/><D99/><U38/><E38/><V4/><F108/><W5/><G5/><T70/><D76/><U109/><E109/><V78/><F4/><W94/><G135/><T79/><D79/><U42/><E42/><V3/><F3/><W127/><G102/><T132/><D132/><U75/><E75/><N who="2" m="43359" /><F89/><W43/><G43/><T121/><D121/><U37/><E37/><V60/><F97/><AGARI ba="0,0" hai="27,31,33,94,97,100,105,107,124,126,127" m="9479" machi="97" ten="30,2000,0" yaku="18,1,54,1" doraHai="77" who="3" fromWho="2" sc="276,0,327,0,304,-20,93,20" /><INIT seed="3,0,0,5,1,91" ten="276,327,284,113" oya="3" hai0="133,130,34,106,45,131,20,27,95,102,85,124,51" hai1="29,33,22,80,49,121,117,75,60,107,35,48,135" hai2="109,36,40,67,116,122,44,63,13,2,55,129,42" hai3="100,21,28,104,15,64,127,9,81,90,31,59,54"/><W65/><G127/><T24/><D106/><U47/><E107/><V128/><F2/><W71/><G71/><T26/><D34/><U4/><E4/><V18/><F116/><W73/><G104/><T101/><D20/><U58/><E135/><V19/><F109/><W93/><G100/><T66/><D133/><U0/><E0/><V79/><F79/><W10/><G73/><T88/><D66/><N who="3" m="25705" /><G81/><T82/><D124/><U119/><E80/><V57/><F122/><W39/><G39/><T11/><D11/><N who="3" m="4105" /><G15/><T125/><D125/><U115/><E75/><V68/><F40/><W83/><G21/><T112/><D112/><U12/><E115/><V113/><F113/><W56/><G83/><T110/><D110/><U132/><E132/><V7/><F7/><W1/><G1/><T16/><D16/><N who="2" m="6186" /><F13/><W76/><G76/><T96/><REACH who="0" step="1"/><D102/><REACH who="0" ten="266,327,284,113" step="2"/><U111/><E111/><V92/><F128/><W70/><G70/><T43/><AGARI ba="0,1" hai="24,26,27,43,45,51,82,85,88,95,96,101,130,131" machi="43" ten="30,8000,1" yaku="1,1,2,1,0,1,52,1,54,1,53,0" doraHai="91" doraHaiUra="103" who="0" fromWho="0" sc="266,90,327,-20,284,-20,113,-40" /><INIT seed="4,0,0,0,1,84" ten="356,307,264,73" oya="0" hai0="73,102,24,11,75,119,3,122,77,30,8,68,133" hai1="29,26,49,4,124,51,89,35,109,31,130,90,44" hai2="2,81,110,85,46,105,43,40,39,66,22,129,86" hai3="60,95,113,0,13,118,128,96,99,59,63,17,56"/><T101/><D68/><U83/><E109/><V32/><F32/><W65/><G118/><T79/><D119/><U28/><E130/><V5/><F105/><W48/><G128/><T10/><D24/><U104/><E104/><V72/><F129/><W114/><G0/><T41/><D30/><U52/><E124/><V120/><F120/><W64/><G48/><T71/><D41/><U91/><E4/><V76/><F110/><W132/><G132/><T93/><D71/><U117/><E117/><V70/><F43/><W16/><G113/><T53/><D53/><U42/><REACH who="1" step="1"/><E83/><REACH who="1" ten="356,297,264,73" step="2"/><V98/><F5/><W97/><G114/><T107/><D107/><U20/><E20/><V34/><F22/><W50/><G50/><T19/><D93/><U111/><E111/><V15/><F81/><W94/><G17/><T131/><D131/><U88/><N who="1" m="22784" /><DORA hai="45" /><U23/><E23/><AGARI ba="0,1" hai="13,16,23,56,59,60,63,64,65,94,95,96,97,99" machi="23" ten="40,5200,0" yaku="9,1,8,1,54,1" doraHai="84,45" who="3" fromWho="1" sc="356,0,297,-52,264,0,73,62" /><INIT seed="5,0,0,2,3,89" ten="356,245,264,135" oya="1" hai0="30,22,62,76,83,48,45,116,34,51,117,125,96" hai1="4,88,128,31,8,99,95,131,67,109,1,23,6" hai2="110,69,82,38,129,73,91,63,28,121,70,90,77" hai3="29,127,57,12,108,37,84,107,0,7,100,50,53"/><U13/><E109/><V102/><F110/><W65/><G108/><T11/><D125/><U85/><E67/><V41/><F121/><W44/><G0/><T78/><D34/><U79/><E6/><V87/><F129/><N who="1" m="49737" /><E79/><V72/><F28/><W43/><G127/><T36/><D51/><U81/><E31/><V122/><F102/><W25/><G84/><T39/><D78/><N who="1" m="46263" /><E23/><V47/><F122/><W86/><G86/><T61/><D36/><U106/><E106/><V10/><F10/><W105/><G100/><T92/><D39/><U124/><E124/><V113/><F91/><W112/><G112/><T101/><D11/><U5/><E5/><V133/><F113/><W24/><G65/><T132/><D132/><U54/><E54/><V3/><F133/><W52/><G53/><T74/><D116/><U104/><E104/><V9/><F90/><W46/><G7/><T126/><D117/><U33/><E33/><V27/><F73/><W111/><G111/><T119/><D119/><U18/><E18/><V103/><F72/><W114/><G114/><T120/><D120/><U64/><E64/><V130/><F130/><W58/><G12/><AGARI ba="0,0" hai="1,4,8,12,13,88,95,99" m="46263,49737" machi="12" ten="30,5800,0" yaku="19,1,52,1,54,1" doraHai="89" who="1" fromWho="3" sc="356,0,245,58,264,0,135,-58" /><INIT seed="5,1,0,1,0,115" ten="356,303,264,77" oya="1" hai0="41,107,89,28,128,5,8,97,2,13,96,79,4" hai1="86,124,88,122,94,87,1,18,99,33,53,55,104" hai2="117,84,25,112,71,106,39,24,95,135,70,17,129" hai3="74,130,92,91,34,131,20,35,132,16,90,83,119"/><U118/><E122/><V64/><F106/><W48/><G132/><T75/><D128/><N who="3" m="49193" /><G48/><T26/><D41/><U58/><E33/><N who="3" m="12298" /><G119/><T78/><D75/><U9/><E124/><V134/><F129/><W50/><G50/><T105/><D96/><U29/><E29/><V47/><F112/><W102/><G102/><T49/><D49/><U66/><E118/><V52/><F39/><W113/><G113/><T77/><D4/><U69/><E69/><V37/><F37/><W7/><G7/><T19/><D89/><U38/><E38/><V27/><F117/><W54/><G54/><N who="1" m="20490" /><E1/><V67/><F70/><W126/><G126/><T109/><D109/><U73/><E73/><V42/><F71/><W21/><G92/><T60/><D60/><N who="1" m="38167" /><E104/><V31/><F42/><W45/><G45/><T133/><D133/><U85/><E9/><V121/><F135/><W82/><G74/><T40/><D107/><U0/><E0/><V30/><F134/><W125/><G125/><T56/><D2/><U110/><E110/><V68/><F68/><W15/><G21/><T14/><D105/><U80/><E18/><V123/><F17/><W22/><G22/><T10/><D19/><U12/><E12/><V61/><F123/><W100/><G100/><AGARI ba="1,0" hai="80,85,86,87,88,94,99,100" m="38167,20490" machi="100" ten="30,2900,0" yaku="8,1,54,1" doraHai="115" who="1" fromWho="3" sc="356,0,303,32,264,0,77,-32" /><INIT seed="5,2,0,5,3,12" ten="356,335,264,45" oya="1" hai0="120,127,22,79,73,119,16,46,88,89,8,77,98" hai1="36,61,75,122,112,134,57,69,9,54,60,87,132" hai2="109,43,44,38,35,107,7,49,53,114,45,104,74" hai3="110,59,96,29,78,91,94,27,108,20,37,14,34"/><U116/><E75/><V135/><F109/><W86/><G37/><T102/><D119/><U92/><E116/><V52/><F35/><W32/><G32/><T25/><D127/><U21/><E9/><V70/><F74/><W93/><G59/><T99/><D120/><U30/><E122/><V81/><F70/><W18/><REACH who="3" step="1"/><G78/><REACH who="3" ten="356,335,264,35" step="2"/><T48/><D77/><U125/><E36/><V103/><F38/><W133/><G133/><T123/><D79/><U68/><E134/><V129/><F135/><W4/><G4/><T47/><D123/><U10/><E132/><V56/><F7/><W95/><G95/><T106/><D46/><U80/><E92/><V126/><F44/><W131/><G131/><T111/><D111/><U101/><E69/><V62/><F129/><W6/><G6/><T0/><D73/><U121/><E68/><V42/><F56/><W2/><G2/><T71/><D71/><U55/><E57/><V72/><F45/><W41/><G41/><T1/><D1/><U11/><E121/><V63/><F72/><W118/><G118/><T19/><D0/><U58/><E58/><V23/><F42/><W24/><G24/><T39/><D39/><U51/><E55/><V65/><F53/><W100/><AGARI ba="2,1" hai="14,18,20,27,29,34,86,91,93,94,96,100,108,110" machi="100" ten="20,5200,0" yaku="1,1,0,1,7,1,52,1,53,0" doraHai="12" doraHaiUra="5" who="3" fromWho="3" sc="356,-15,335,-28,264,-15,35,68" /><INIT seed="6,0,0,1,1,116" ten="341,307,249,103" oya="2" hai0="91,37,64,97,106,5,14,105,120,2,41,4,58" hai1="47,26,72,8,107,52,21,81,42,61,68,123,9" hai2="130,99,66,36,51,60,102,70,43,88,3,89,39" hai3="56,128,28,96,65,62,11,115,17,101,84,7,78"/><V34/><F3/><W6/><G115/><T114/><D2/><U93/><E107/><V10/><F130/><W119/><G128/><T126/><D120/><U124/><E124/><V92/><F10/><W22/><G119/><T73/><D73/><U82/><E68/><V50/><F34/><W129/><G129/><T63/><D114/><U12/><E72/><V27/><F27/><W131/><G131/><T19/><D126/><U86/><E123/><V67/><F67/><W35/><G35/><T55/><D105/><U29/><E9/><V85/><F89/><W83/><G11/><T23/><D41/><U30/><E30/><V104/><REACH who="2" step="1"/><F43/><REACH who="2" ten="341,307,239,103" step="2"/><W122/><G122/><T109/><D64/><U118/><E118/><V13/><F13/><W75/><G28/><T134/><D91/><N who="1" m="53495" /><E42/><V111/><F111/><W108/><G108/><T0/><D109/><U121/><E121/><V53/><F53/><W46/><G6/><T69/><D55/><U31/><E31/><V48/><AGARI ba="0,1" hai="36,39,48,50,51,60,66,70,85,88,92,99,102,104" machi="48" ten="30,11700,0" yaku="1,1,0,1,54,1,53,1" doraHai="116" doraHaiUra="87" who="2" fromWho="2" sc="341,-39,307,-39,239,127,103,-39" /><INIT seed="6,1,0,0,0,111" ten="302,268,366,64" oya="2" hai0="11,124,80,132,90,23,59,68,19,135,106,16,24" hai1="60,5,108,9,67,50,57,30,0,77,64,74,78" hai2="112,49,6,22,13,107,20,86,72,127,129,31,18" hai3="45,15,79,95,88,33,71,134,104,58,102,98,99"/><V69/><F72/><W121/><G71/><T116/><D106/><U92/><E108/><V101/><F69/><W81/><G33/><T85/><D68/><U39/><E39/><V91/><F129/><W96/><G58/><T8/><D124/><U21/><E74/><V34/><F49/><W128/><G15/><T103/><D103/><U42/><E67/><V26/><F127/><W12/><G12/><T118/><D59/><U28/><E92/><V94/><F6/><W70/><G45/><T52/><D52/><U114/><E114/><V119/><F112/><W56/><G56/><T115/><D115/><U37/><E37/><V14/><F119/><W131/><G70/><T125/><D125/><U25/><REACH who="1" step="1"/><E30/><REACH who="1" ten="302,258,366,64" step="2"/><V113/><F113/><W32/><G32/><T126/><D126/><U2/><E2/><V29/><F29/><W89/><G121/><T110/><D110/><U1/><E1/><V46/><F34/><W62/><G62/><T130/><D130/><N who="3" m="49705" /><G134/><T83/><D132/><U61/><E61/><V7/><F31/><W53/><G53/><T36/><D36/><U10/><E10/><V65/><F65/><W43/><G43/><T109/><D135/><U63/><E63/><V17/><F20/><W73/><G96/><T41/><D41/><U120/><E120/><V66/><F66/><W44/><G44/><AGARI ba="1,1" hai="0,5,9,21,25,28,42,44,50,57,60,64,77,78" machi="44" ten="40,1300,0" yaku="1,1,53,0" doraHai="111" doraHaiUra="105" who="1" fromWho="3" sc="302,0,258,26,366,0,64,-16" /><INIT seed="7,0,0,4,4,95" ten="302,284,366,48" oya="3" hai0="102,8,106,61,67,104,80,103,99,37,26,14,71" hai1="78,63,19,45,10,111,130,133,90,101,43,119,48" hai2="91,68,52,12,59,53,49,97,96,125,23,115,41" hai3="92,50,131,31,9,75,84,105,128,83,134,88,120"/><W13/><G120/><T70/><D37/><U15/><E111/><V108/><F108/><W44/><G134/><T74/><D26/><U76/><E133/><V33/><F33/><W118/><G118/><T4/><D74/><U0/><E130/><V5/><F68/><W39/><G39/><T3/><D80/><U85/><E119/><V64/><F115/><W25/><G105/><T62/><D14/><U51/><E0/><V110/><F110/><W55/><G75/><T113/><D113/><U93/><E63/><N who="2" m="38015" /><F125/><W18/><REACH who="3" step="1"/><G92/><REACH who="3" ten="302,284,366,38" step="2"/><T11/><D104/><U107/><REACH who="1" step="1"/><E51/><REACH who="1" ten="302,274,366,38" step="2"/><V87/><F49/><W123/><G123/><T47/><D61/><U77/><E77/><V79/><F79/><W27/><G27/><T127/><D62/><U29/><E29/><V30/><F30/><W35/><AGARI ba="0,2" hai="9,13,18,25,31,35,44,50,55,83,84,88,128,131" machi="35" ten="30,18000,2" yaku="1,1,0,1,25,2,54,1,53,1" doraHai="95" doraHaiUra="81" who="3" fromWho="3" sc="302,-60,274,-60,366,-60,38,200" /><INIT seed="7,1,0,1,4,99" ten="242,214,306,238" oya="3" hai0="7,15,94,102,82,100,48,58,116,92,24,131,69" hai1="121,130,119,38,97,56,132,72,29,61,34,90,134" hai2="127,124,30,112,66,8,14,110,64,125,28,3,111" hai3="6,65,120,133,70,114,21,53,126,89,123,51,54"/><W106/><G106/><T47/><D69/><U40/><E121/><V52/><F3/><W118/><G118/><T115/><D116/><U20/><E119/><V84/><F112/><W39/><G114/><T13/><D115/><U46/><E72/><V33/><F84/><W78/><G78/><T81/><D131/><U98/><E34/><V11/><F52/><N who="3" m="20075" /><G21/><T0/><D0/><U79/><E79/><V59/><F11/><W107/><G89/><T87/><D24/><U22/><E130/><V44/><F44/><W71/><G6/><T108/><D108/><N who="2" m="41514" /><F59/><W101/><G101/><N who="0" m="39019" /><D58/><U5/><E5/><N who="2" m="3343" /><F30/><W86/><G107/><T74/><D74/><U75/><E75/><V135/><F135/><N who="1" m="51753" /><E29/><V26/><AGARI ba="1,0" hai="26,28,33,64,66,124,125,127" m="3343,41514" machi="26" ten="40,1500,0" yaku="18,1" doraHai="99" who="2" fromWho="2" sc="242,-5,214,-5,306,18,238,-8" owari="237,4.0,209,-29.0,324,42.0,230,-17.0" /></mjloggm>