<mjloggm ver="2.3"><GO type="41" lobby="0"/><UN n0="%E6%82%A0%E3%80%85%2E" n1="%E3%82%81%E3%81%97%E3%81%84%E3%81%9A%E3%81%BF" n2="%E2%93%9D%53%75%70%68%78" n3="%6B%61%69%6E" dan="15,14,18,14" rate="1970.86,1878.98,2089.72,1864.76" sx="M,M,M,M"/><TAIKYOKU oya="0"/><INIT seed="0,0,0,2,0,118" ten="250,250,250,250" oya="0" hai0="70,16,11,122,8,34,53,107,50,110,31,15,7" hai1="123,86,135,5,101,109,57,113,131,114,43,45,26" hai2="62,93,4,66,94,55,134,1,103,119,106,79,121" hai3="97,75,133,23,91,30,47,90,78,83,42,116,64"/><T40/><D107/><U48/><E101/><V32/><F134/><W54/><G116/><T82/><D70/><U85/><E5/><V33/><F55/><W129/><G64/><T37/><D122/><U95/><E131/><V51/><F51/><W130/><G133/><T3/><D110/><U13/><E135/><V10/><F79/><W35/><G54/><T69/><D69/><U132/><E109/><V112/><F112/><N who="1" m="43113" /><E132/><V72/><F72/><W104/><G35/><T44/><D82/><U38/><E13/><V128/><F121/><W102/><G23/><T105/><D105/><U22/><E123/><V120/><F128/><N who="3" m="49259" /><G30/><T76/><D76/><U12/><E12/><V18/><F120/><W127/><G127/><T0/><D0/><U46/><E57/><V126/><F126/><W125/><G125/><T68/><D68/><U77/><E95/><V80/><F94/><W29/><G29/><T58/><REACH who="0" step="1"/><D31/><REACH who="0" ten="240,250,250,250" step="2"/><N who="1" m="17879" /><E77/><V63/><F119/><W9/><G9/><T99/><D99/><U124/><E124/><V19/><F10/><W65/><G104/><T108/><D108/><U27/><E27/><V100/><F106/><W88/><G97/><T21/><D21/><U74/><E74/><V61/><F33/><AGARI ba="0,1" hai="3,7,8,11,15,16,33,34,37,40,44,50,53,58" machi="33" ten="40,7700,0" yaku="1,1,54,1,53,1" doraHai="118" doraHaiUra="49" who="0" fromWho="2" sc="240,87,250,0,250,-77,250,0" /><INIT seed="0,1,0,5,4,57" ten="327,250,173,250" oya="0" hai0="47,89,45,25,33,123,21,119,62,78,4,49,11" hai1="10,87,82,69,27,18,37,6,76,48,110,40,29" hai2="16,106,75,73,107,36,96,84,98,93,120,70,39" hai3="131,67,19,63,124,133,90,17,111,129,31,54,115"/><T7/><D123/><U83/><E69/><V2/><F70/><W86/><G115/><T126/><D119/><U122/><E122/><V105/><F2/><W65/><G31/><T59/><D33/><U60/><E110/><V92/><F120/><W58/><G111/><T132/><D78/><U64/><E37/><N who="2" m="14411" /><F16/><N who="3" m="6219" /><G133/><T61/><D126/><U12/><E83/><V5/><F5/><N who="0" m="2122" /><D11/><U13/><E27/><V100/><F84/><W56/><G124/><T38/><D38/><U68/><E29/><V50/><F50/><W20/><G20/><T42/><D47/><N who="1" m="25703" /><E18/><V109/><F109/><W9/><G9/><T121/><D59/><N who="1" m="36895" /><E13/><V94/><F100/><W85/><G56/><T14/><D14/><U3/><E3/><V79/><F79/><W0/><G0/><T99/><D132/><U8/><E68/><V103/><F103/><W72/><G72/><AGARI ba="1,0" hai="72,73,75,92,93,94,96,98,105,106,107" m="14411" machi="72" ten="40,2600,0" yaku="28,2" doraHai="57" who="2" fromWho="3" sc="327,0,250,0,173,29,250,-29" /><INIT seed="1,0,0,3,3,91" ten="327,250,202,221" oya="1" hai0="14,70,87,25,97,113,27,51,83,92,112,48,37" hai1="134,73,126,31,125,86,30,102,34,58,64,124,107" hai2="22,106,53,109,3,120,21,101,35,50,54,132,82" hai3="127,135,23,84,130,13,52,33,44,110,119,72,78"/><U24/><E134/><V96/><F120/><W76/><G33/><T7/><D37/><U71/><E58/><V115/><F3/><W131/><G119/><T105/><D70/><U5/><E31/><V80/><F35/><W39/><G76/><T29/><D105/><U55/><E86/><V129/><F129/><W32/><G72/><T81/><D29/><U65/><E5/><V45/><F109/><W63/><G32/><T95/><D14/><U108/><E55/><V89/><F115/><W46/><G39/><T2/><D87/><U104/><E65/><V12/><F132/><W122/><G110/><T36/><D36/><U94/><E73/><V1/><F1/><W26/><G13/><T103/><D2/><U57/><E71/><V28/><F89/><W100/><G100/><T17/><D17/><U133/><E133/><V111/><F111/><W56/><G135/><T11/><D11/><U10/><E10/><V98/><F28/><W66/><G122/><T128/><D97/><N who="1" m="59703" /><E108/><V20/><F98/><W38/><G66/><T118/><D103/><U62/><AGARI ba="0,0" hai="24,30,34,57,62,64,104,107,124,125,126" m="59703" machi="62" ten="40,3900,0" yaku="18,1,52,1" doraHai="91" who="1" fromWho="1" sc="327,-13,250,39,202,-13,221,-13" /><INIT seed="1,1,0,5,0,10" ten="314,289,189,208" oya="1" hai0="75,125,20,71,41,17,38,89,49,16,28,127,3" hai1="92,51,84,61,110,42,12,43,130,106,27,114,98" hai2="13,58,124,90,99,7,36,30,102,108,26,47,60" hai3="44,112,73,15,40,115,64,6,132,118,134,56,101"/><U104/><E114/><V103/><F108/><W2/><G73/><T34/><D71/><U126/><E126/><V31/><F124/><W50/><G101/><T121/><D75/><U21/><E12/><V14/><F36/><W59/><G2/><T11/><D38/><U66/><E110/><V68/><F68/><W39/><G118/><T123/><D89/><U116/><E84/><V82/><F47/><N who="3" m="23967" /><G6/><N who="0" m="1503" /><D17/><U45/><E43/><V97/><F7/><W8/><G64/><T95/><D95/><U109/><E116/><V111/><F111/><W55/><G8/><T57/><D57/><N who="3" m="22089" /><G15/><N who="2" m="5641" /><F103/><W37/><G37/><T67/><D123/><U48/><E48/><V80/><F102/><W94/><G94/><T128/><D49/><U131/><E109/><V19/><F82/><W78/><G78/><T77/><D77/><U33/><E33/><V100/><F100/><W23/><G23/><T120/><D20/><U129/><E92/><N who="2" m="56471" /><F80/><W105/><G105/><T119/><D34/><U65/><E98/><V135/><F99/><W96/><G96/><T0/><D121/><U93/><E93/><V72/><F72/><W22/><G22/><T1/><D120/><U70/><REACH who="1" step="1"/><E66/><REACH who="1" ten="314,279,189,208" step="2"/><N who="2" m="39191" /><F135/><AGARI ba="1,1" hai="44,50,55,112,115,132,134,135" m="22089,23967" machi="135" ten="30,3900,0" yaku="20,1,34,2" doraHai="10" who="3" fromWho="2" sc="314,0,279,0,189,-42,208,52" /><INIT seed="2,0,0,5,5,116" ten="314,279,147,260" oya="2" hai0="126,44,40,6,79,19,16,58,66,95,3,59,32" hai1="72,48,125,111,108,57,130,127,33,135,37,63,1" hai2="13,91,103,36,56,28,83,31,120,119,101,98,61" hai3="109,131,102,39,0,8,106,18,15,92,55,69,11"/><V84/><F119/><W60/><G39/><T86/><D32/><U112/><E33/><V75/><F36/><W27/><G106/><T94/><D126/><N who="1" m="48139" /><E1/><V47/><F75/><W51/><G109/><N who="1" m="42058" /><E72/><V34/><F120/><W133/><G27/><T49/><D6/><U124/><E124/><V42/><F34/><W110/><G110/><T134/><D3/><U78/><E78/><V30/><F13/><W71/><G60/><N who="0" m="38167" /><D59/><U107/><E107/><V104/><F103/><W29/><G71/><T52/><D40/><U21/><E21/><V80/><F42/><W114/><G69/><T115/><D134/><U99/><E99/><V89/><F47/><W82/><G133/><T9/><D19/><U17/><E17/><V20/><F20/><W93/><G29/><T122/><D95/><U4/><E4/><V65/><REACH who="2" step="1"/><F83/><REACH who="2" ten="314,279,137,260" step="2"/><W76/><G82/><T62/><D44/><U23/><E23/><V14/><F14/><W74/><G15/><T118/><D118/><U22/><E22/><V128/><F128/><W113/><G131/><T41/><D41/><U10/><E10/><V53/><F53/><W85/><G55/><T100/><D52/><N who="1" m="34215" /><E37/><V7/><F7/><W90/><G11/><T117/><D9/><U121/><E135/><V97/><F97/><W46/><G8/><T105/><D117/><U43/><E130/><V50/><F50/><W35/><G51/><T68/><D49/><U88/><E121/><V132/><F132/><W12/><G35/><T129/><D122/><U54/><E112/><V45/><F45/><W77/><G46/><T2/><D115/><RYUUKYOKU ba="0,1" sc="314,-10,279,-10,137,30,260,-10" hai2="28,30,31,56,61,65,80,84,89,91,98,101,104" /><INIT seed="2,1,1,4,3,89" ten="304,269,167,250" oya="2" hai0="96,42,15,10,112,22,37,94,18,7,34,58,118" hai1="106,31,71,129,102,110,9,19,92,14,49,12,50" hai2="116,108,72,104,2,115,87,105,46,100,44,79,68" hai3="113,45,103,5,62,35,121,81,28,25,78,38,39"/><V40/><F115/><W33/><G121/><T97/><D118/><U30/><E71/><V90/><F116/><W3/><G35/><T131/><D131/><U124/><E106/><V56/><F68/><W55/><G103/><T48/><D34/><U21/><E129/><V119/><F119/><W1/><G5/><T54/><D112/><U75/><E75/><V64/><F2/><W132/><G132/><T57/><D57/><U126/><E110/><V117/><F117/><W0/><G113/><T74/><D74/><U59/><E50/><V111/><F64/><W65/><G55/><T133/><D133/><U17/><E126/><V63/><F79/><W120/><G120/><T51/><D94/><U109/><E109/><N who="2" m="42059" /><F72/><W127/><G127/><T36/><D36/><U95/><E124/><V123/><F100/><W85/><REACH who="3" step="1"/><G45/><REACH who="3" ten="304,269,167,240" step="2"/><N who="2" m="17513" /><F123/><W16/><G16/><T82/><D18/><U70/><E102/><V130/><F130/><W76/><G76/><T6/><D42/><U43/><E70/><AGARI ba="1,2" hai="0,1,3,25,28,33,38,39,62,65,70,78,81,85" machi="70" ten="40,2600,0" yaku="1,1,53,1" doraHai="89" doraHaiUra="67" who="3" fromWho="1" sc="304,0,269,-29,167,0,240,49" /><INIT seed="3,0,0,3,2,26" ten="304,240,167,289" oya="3" hai0="74,43,116,108,4,42,64,6,123,113,83,56,115" hai1="77,129,54,101,22,66,50,37,133,92,58,49,94" hai2="84,121,86,119,18,5,12,29,53,122,79,96,95" hai3="124,82,51,40,85,120,35,91,126,127,118,131,73"/><W11/><G120/><N who="2" m="46185" /><F5/><W23/><G118/><T17/><D108/><U93/><E37/><V111/><F119/><W109/><G35/><T28/><D123/><U20/><E129/><V105/><F53/><W90/><G131/><T128/><D128/><U76/><E133/><V72/><F18/><W45/><G109/><T130/><D130/><U69/><E101/><N who="2" m="62631" /><F12/><W57/><G73/><T33/><D74/><U98/><E69/><V112/><F29/><W31/><G11/><T52/><D17/><U19/><E98/><V38/><F38/><W48/><G57/><T8/><D52/><N who="1" m="32015" /><E22/><V65/><F65/><W2/><G51/><T75/><D56/><N who="1" m="32855" /><E66/><V55/><F55/><W117/><G117/><T27/><D64/><U59/><E59/><V0/><F111/><W25/><G2/><N who="0" m="23" /><D6/><U1/><E1/><V61/><F0/><W106/><REACH who="3" step="1"/><G106/><REACH who="3" ten="304,240,167,279" step="2"/><T15/><D116/><U70/><E70/><V60/><F72/><W78/><AGARI ba="0,1" hai="23,25,31,40,45,48,78,82,85,90,91,124,126,127" machi="78" ten="30,18000,2" yaku="1,1,2,1,0,1,18,1,52,1,53,1" doraHai="26" doraHaiUra="24" who="3" fromWho="3" sc="304,-60,240,-60,167,-60,279,190" /><INIT seed="3,1,0,2,4,82" ten="244,180,107,469" oya="3" hai0="92,126,79,101,131,35,32,63,129,96,132,52,114" hai1="128,73,51,10,42,97,77,25,99,103,109,23,122" hai2="36,125,40,48,28,30,12,104,69,74,76,86,116" hai3="78,45,62,135,83,71,17,50,34,13,24,88,29"/><W57/><G135/><T54/><D132/><U11/><E122/><V6/><F116/><W18/><G71/><T70/><D126/><U115/><E115/><V134/><F104/><W44/><G18/><T102/><D102/><U117/><E117/><V124/><F74/><W127/><G127/><N who="2" m="48713" /><F36/><W64/><G50/><T14/><D79/><U58/><E128/><N who="0" m="49225" /><D14/><U41/><E109/><V85/><F76/><W53/><G64/><N who="0" m="41247" /><D114/><U107/><E99/><V66/><F134/><W112/><G112/><T80/><D80/><U123/><E73/><V119/><F119/><W20/><REACH who="3" step="1"/><G88/><REACH who="3" ten="244,180,107,459" step="2"/><T67/><D67/><U15/><E77/><V38/><F66/><W105/><G105/><T68/><D68/><U9/><E123/><V130/><F130/><W47/><G47/><T22/><D54/><U39/><E39/><V72/><F38/><W55/><G55/><T16/><D52/><U8/><E42/><V46/><F69/><W108/><G108/><T21/><D16/><N who="1" m="12519" /><E107/><V75/><F40/><W113/><G113/><T110/><D110/><U49/><E58/><V26/><F46/><W59/><G59/><T7/><D7/><N who="1" m="3487" /><E41/><V91/><F6/><W43/><G43/><T31/><D31/><U60/><E60/><V94/><F30/><W100/><G100/><T133/><D133/><U120/><E120/><V90/><F28/><W56/><G56/><T98/><D98/><U33/><E33/><AGARI ba="1,1" hai="21,22,32,33,35,92,96,101" m="41247,49225" machi="33" ten="30,1000,0" yaku="19,1" doraHai="82" who="0" fromWho="1" sc="244,23,180,-13,107,0,459,0" /><INIT seed="4,0,0,5,2,92" ten="267,167,107,459" oya="0" hai0="113,110,28,36,12,4,115,33,11,107,10,128,3" hai1="9,42,76,56,111,106,17,48,85,30,24,67,8" hai2="25,62,73,87,14,32,127,109,77,51,105,34,54" hai3="75,70,64,96,50,74,47,125,93,59,114,44,121"/><T104/><D36/><U71/><E106/><V68/><F109/><W31/><G121/><T2/><D110/><U135/><E71/><V69/><F127/><W53/><G70/><T97/><D128/><U116/><E116/><V112/><F73/><W101/><G125/><T45/><D45/><U22/><E135/><V86/><F105/><N who="0" m="40522" /><D97/><U57/><E111/><V46/><F14/><W84/><G84/><T134/><D134/><U90/><E76/><V18/><F112/><N who="0" m="43082" /><D10/><U91/><E91/><V20/><F69/><W16/><G74/><T41/><D41/><U99/><E99/><V35/><REACH who="2" step="1"/><F77/><REACH who="2" ten="267,167,97,459" step="2"/><W66/><G75/><T95/><D3/><U124/><E124/><V82/><F82/><W120/><G114/><T29/><D2/><U52/><E42/><V49/><F49/><W23/><G50/><T40/><D40/><U122/><E122/><V1/><F1/><W19/><G120/><T100/><D12/><U131/><E131/><V94/><F94/><W5/><G93/><T132/><D95/><U102/><E102/><V21/><F21/><W0/><G23/><T79/><D79/><U80/><E30/><V133/><F133/><W108/><G31/><N who="0" m="11851" /><D132/><U26/><E26/><V60/><F60/><AGARI ba="0,1" hai="8,9,17,22,24,48,52,56,57,60,67,80,85,90" machi="60" ten="40,2600,0" yaku="8,1,54,1" doraHai="92" who="1" fromWho="2" sc="267,0,167,36,97,-26,459,0" /><INIT seed="5,0,0,5,4,94" ten="267,203,71,459" oya="1" hai0="63,40,20,129,44,1,109,106,12,110,127,135,32" hai1="64,25,77,31,35,100,4,83,36,90,0,86,29" hai2="97,60,78,67,57,34,122,27,41,128,13,73,124" hai3="101,75,119,88,95,46,5,133,22,49,121,55,81"/><U50/><E36/><V116/><F122/><W52/><G121/><T98/><D20/><U105/><E31/><V6/><F116/><W123/><G5/><T28/><D12/><U65/><E4/><V54/><F128/><W87/><G123/><T19/><D19/><U74/><E0/><V26/><F124/><W79/><G133/><T80/><D135/><U17/><E17/><V18/><F73/><W107/><G119/><T62/><D80/><U56/><E50/><V8/><F78/><W45/><G107/><T132/><D132/><U89/><E56/><V130/><F130/><W61/><G101/><N who="0" m="62775" /><D62/><U59/><E90/><V9/><F34/><W10/><G10/><T114/><D63/><U11/><E11/><V58/><F41/><W66/><G22/><T72/><D72/><U131/><E59/><V117/><F117/><W2/><G2/><T99/><D114/><U16/><E131/><V96/><F27/><W102/><G102/><T93/><D1/><U112/><E16/><V37/><F37/><W125/><G125/><T15/><D15/><U92/><REACH who="1" step="1"/><E112/><REACH who="1" ten="267,193,71,459" step="2"/><V23/><REACH who="2" step="1"/><F9/><REACH who="2" ten="267,193,61,459" step="2"/><W82/><G49/><AGARI ba="0,2" hai="6,8,13,18,23,26,49,54,57,58,60,67,96,97" machi="49" ten="30,12000,2" yaku="1,1,2,1,7,1,8,1,52,2,53,0" doraHai="94" doraHaiUra="70" who="2" fromWho="3" sc="267,0,193,0,61,140,459,-120" /><INIT seed="6,0,0,0,0,115" ten="267,193,201,339" oya="2" hai0="29,60,124,30,86,98,77,117,36,105,70,135,68" hai1="78,87,13,134,40,15,84,50,28,42,9,8,14" hai2="31,56,74,22,45,111,125,53,92,75,102,12,128" hai3="46,107,59,1,2,20,106,47,113,114,19,51,16"/><V67/><F128/><W49/><G20/><T90/><D36/><U110/><E110/><V122/><F122/><W131/><REACH who="3" step="1"/><G59/><REACH who="3" ten="267,193,201,329" step="2"/><T81/><D70/><U37/><E37/><V39/><F39/><W133/><G133/><T69/><D69/><U80/><E134/><V120/><F56/><W94/><G94/><T104/><D68/><U33/><E33/><V116/><F92/><W32/><G32/><T93/><D135/><U101/><E101/><V18/><F102/><W3/><G3/><T99/><D105/><U76/><E28/><V72/><F31/><W41/><G41/><T73/><D30/><U109/><E109/><V21/><F111/><W34/><G34/><T126/><D29/><U24/><E24/><V48/><F22/><W54/><G54/><T25/><D25/><U65/><E65/><V103/><F67/><W88/><G88/><T4/><D90/><U97/><E97/><V52/><F103/><W132/><G132/><T91/><D99/><U85/><E80/><V5/><F53/><W62/><G62/><T71/><D98/><U58/><E58/><V27/><F120/><W112/><G112/><T17/><D104/><U0/><E0/><V7/><F27/><W61/><G61/><T26/><D60/><U100/><E100/><V6/><REACH who="2" step="1"/><F125/><REACH who="2" ten="267,193,191,329" step="2"/><W82/><G82/><N who="0" m="45359" /><D126/><U79/><REACH who="1" step="1"/><E50/><REACH who="1" ten="267,183,191,329" step="2"/><V57/><F57/><W118/><G118/><AGARI ba="0,3" hai="5,6,7,12,18,21,45,48,52,72,74,75,116,118" machi="118" ten="50,12000,1" yaku="1,1,52,2,54,1,53,1" doraHai="115" doraHaiUra="11" who="2" fromWho="3" sc="267,0,183,0,191,150,329,-120" /><INIT seed="6,1,0,2,1,47" ten="267,183,341,209" oya="2" hai0="92,98,27,40,88,74,82,95,89,59,26,101,21" hai1="33,113,63,35,14,85,107,115,9,118,25,122,36" hai2="66,76,80,111,3,29,58,53,5,52,123,69,130" hai3="32,60,43,121,50,62,34,22,116,131,100,41,16"/><V20/><F123/><W10/><G121/><T103/><D40/><U134/><E36/><V109/><F130/><W51/><G116/><T120/><D120/><U56/><E107/><V6/><F69/><W28/><G32/><T78/><D59/><U23/><E85/><V106/><F106/><W24/><G34/><N who="1" m="12810" /><E122/><V65/><F20/><N who="3" m="15367" /><G100/><T127/><D127/><U68/><E56/><V54/><F29/><W125/><G10/><T61/><D61/><N who="3" m="23657" /><G131/><T135/><D21/><U75/><E63/><V133/><F58/><W4/><G4/><N who="2" m="1641" /><F3/><W45/><G125/><T102/><D26/><U17/><E75/><V79/><F133/><W19/><G22/><T117/><D27/><U7/><E68/><V99/><F99/><W114/><G114/><N who="1" m="43530" /><E134/><V108/><F80/><W44/><AGARI ba="1,0" hai="16,19,41,43,44,45,50,51" m="23657,15367" machi="44" ten="30,7900,0" yaku="8,1,52,2,54,1" doraHai="47" who="3" fromWho="3" sc="267,-21,183,-21,341,-40,209,82" /><INIT seed="7,0,0,0,5,13" ten="246,162,301,291" oya="3" hai0="14,59,86,3,84,62,48,21,94,99,66,40,34" hai1="67,5,49,76,68,35,53,57,95,60,30,107,45" hai2="28,85,27,78,73,103,127,98,56,121,134,106,91" hai3="20,110,75,118,133,4,10,89,23,132,19,50,102"/><W26/><G118/><T52/><D34/><U8/><E107/><V36/><F36/><W37/><G37/><T64/><D3/><U9/><E35/><V24/><F134/><N who="3" m="51819" /><G75/><T100/><D40/><U61/><E30/><V79/><F127/><W122/><G102/><T16/><D66/><U123/><E123/><V81/><F121/><W41/><G110/><T33/><D33/><U117/><E117/><V135/><F135/><W32/><G32/><T69/><AGARI ba="0,0" hai="14,16,21,48,52,59,62,64,69,84,86,94,99,100" machi="69" ten="20,8000,1" yaku="0,1,7,1,52,1,54,2" doraHai="13" who="0" fromWho="0" sc="246,80,162,-20,301,-20,291,-40" owari="326,43.0,142,-36.0,281,8.0,251,-15.0" /></mjloggm>