<mjloggm ver="2.3"><GO type="41" lobby="0"/><UN n0="%E7%99%BD%E7%AB%9C" n1="%41%72%64%62%65%47" n2="%E2%93%9D%53%75%70%68%78" n3="%E3%81%BE%E3%82%8A%E3%81%82%E3%80%82" dan="13,15,19,13" rate="1879.09,2023.04,2081.88,1864.00" sx="M,M,M,F"/><TAIKYOKU oya="0"/><INIT seed="0,0,0,4,3,44" ten="250,250,250,250" oya="0" hai0="112,105,32,2,92,24,102,87,84,132,37,127,25" hai1="57,134,122,39,54,79,16,120,91,40,71,83,6" hai2="77,18,98,130,23,31,0,42,117,82,56,128,38" hai3="135,100,28,53,36,13,7,78,58,76,64,95,11"/><T62/><D112/><U93/><E71/><V72/><F31/><W124/><G36/><T126/><D132/><U19/><E6/><V63/><F0/><W55/><G135/><T66/><D2/><U8/><E134/><V21/><F117/><W61/><G124/><N who="0" m="47659" /><D37/><U68/><E68/><V27/><F23/><W29/><G76/><T69/><D92/><U114/><E114/><V103/><F42/><W129/><G78/><T67/><D67/><U119/><E119/><V51/><F38/><W131/><G131/><T111/><D111/><U41/><E39/><V35/><F35/><W113/><G113/><T14/><D14/><U3/><E3/><V5/><F5/><W65/><G129/><T86/><D32/><U81/><E79/><V74/><F74/><W110/><G110/><T47/><D47/><U99/><E122/><V33/><F33/><W104/><G104/><T43/><D43/><N who="1" m="16459" /><E120/><V80/><F130/><W22/><G65/><T52/><D52/><U10/><E10/><V115/><F128/><W70/><G70/><T88/><D88/><N who="1" m="55719" /><E8/><V59/><F115/><W45/><G45/><T121/><D121/><U49/><E91/><V50/><F77/><W4/><G4/><T133/><D133/><U26/><E26/><V89/><F89/><W94/><G94/><T34/><D34/><U20/><E20/><V108/><F108/><W60/><G60/><T116/><D116/><U125/><E125/><V123/><F123/><W101/><G29/><T106/><D106/><U48/><E48/><V1/><F63/><W109/><G109/><T30/><D30/><RYUUKYOKU ba="0,0" sc="250,15,250,15,250,-15,250,-15" hai0="24,25,62,66,69,84,86,87,102,105" hai1="16,19,49,54,57,81,83" /><INIT seed="0,1,0,3,0,56" ten="265,265,235,235" oya="0" hai0="128,31,44,90,93,97,111,64,107,36,96,15,0" hai1="67,77,117,35,101,41,29,62,18,110,19,82,43" hai2="95,106,45,37,3,9,4,71,124,127,23,129,53" hai3="69,48,125,32,122,25,112,51,16,70,7,5,12"/><T55/><D0/><U85/><E110/><V98/><F106/><W100/><G100/><T61/><D128/><U60/><E117/><V65/><F129/><W50/><G112/><T123/><D123/><U33/><E101/><V27/><F53/><W88/><G122/><T94/><D111/><U59/><E33/><V120/><F120/><W42/><G42/><N who="1" m="15882" /><E35/><V89/><F45/><W58/><G125/><T28/><D107/><U78/><E29/><V99/><F99/><W86/><G25/><T132/><D132/><U75/><E75/><V10/><F10/><W13/><G32/><T119/><D119/><U87/><E59/><V74/><F74/><W11/><G5/><T38/><D15/><U131/><E67/><V6/><F6/><W22/><G69/><T52/><D44/><U115/><E115/><V130/><F37/><W39/><G70/><T81/><D81/><N who="1" m="47279" /><E131/><V114/><F130/><W76/><G76/><T68/><D36/><U113/><E113/><V83/><F114/><W66/><G39/><T135/><D135/><U20/><E18/><V84/><F71/><W1/><G1/><T126/><D126/><U118/><E118/><V121/><F121/><W116/><G116/><T92/><D38/><U109/><E109/><V57/><F65/><W73/><G73/><T24/><D90/><U49/><E49/><V103/><REACH who="2" step="1"/><F57/><REACH who="2" ten="265,265,225,235" step="2"/><W17/><G7/><T133/><D133/><U91/><E78/><V46/><F46/><W72/><G72/><T63/><D68/><U40/><E40/><V102/><F102/><W21/><G11/><T34/><D64/><RYUUKYOKU ba="1,1" sc="265,-15,265,15,225,15,235,-15" hai1="19,20,60,62,82,87,91" hai2="3,4,9,23,27,83,84,89,95,98,103,124,127" /><INIT seed="1,2,1,0,3,134" ten="250,280,240,220" oya="1" hai0="92,20,119,95,111,85,109,50,24,126,26,40,39" hai1="28,52,44,27,107,34,2,4,82,129,69,48,98" hai2="110,54,5,73,93,13,22,18,127,108,77,125,100" hai3="131,1,83,89,47,112,43,120,102,118,21,32,75"/><U61/><E129/><V35/><F35/><W130/><G32/><T117/><D39/><U122/><E122/><V87/><F5/><W133/><G120/><T36/><D36/><U6/><E82/><N who="2" m="45359" /><F54/><W96/><G47/><T94/><D85/><U30/><E2/><V14/><F14/><W10/><G43/><T106/><D106/><U19/><E19/><V17/><F17/><W53/><G53/><T11/><D11/><U62/><E62/><V8/><F22/><W51/><G51/><T123/><D123/><U113/><E30/><V64/><F64/><W3/><G21/><T45/><D20/><U72/><E72/><V66/><F66/><W16/><G118/><T121/><D121/><U70/><E70/><V65/><F65/><W31/><G31/><T41/><D41/><U12/><E12/><V9/><F9/><W116/><G116/><T55/><D40/><U103/><E113/><V99/><F87/><W135/><G112/><T71/><D71/><U74/><E74/><V101/><F101/><W128/><G16/><T25/><REACH who="0" step="1"/><D126/><AGARI ba="2,1" hai="8,13,18,93,99,100,108,110,125,126,127" m="45359" machi="126" ten="30,7700,0" yaku="18,1,52,3" doraHai="134" who="2" fromWho="0" sc="250,-83,280,0,240,93,220,0" /><INIT seed="2,0,0,2,1,40" ten="167,280,333,220" oya="2" hai0="15,36,37,42,134,52,101,70,0,10,39,3,35" hai1="12,18,24,103,75,104,22,79,58,113,72,122,7" hai2="100,55,106,5,87,29,56,120,31,34,62,41,51" hai3="114,73,65,32,125,96,116,76,123,85,26,38,133"/><V68/><F120/><W27/><G32/><T130/><D134/><U23/><E113/><V9/><F34/><W54/><G123/><T94/><D130/><U43/><E122/><V105/><F105/><W128/><G116/><T66/><D35/><U95/><E104/><V98/><F87/><W117/><G73/><T99/><D70/><U20/><E79/><V84/><F84/><W19/><G38/><T97/><D66/><U135/><E20/><V33/><F33/><W14/><G117/><T83/><D83/><U71/><E7/><V4/><F4/><W17/><G114/><T127/><D127/><U112/><E71/><V11/><F11/><W126/><G125/><T111/><D111/><U1/><E1/><V53/><F41/><W49/><G126/><T92/><D42/><U129/><E112/><V2/><REACH who="2" step="1"/><F68/><REACH who="2" ten="167,280,323,220" step="2"/><W88/><G133/><T132/><D132/><U30/><E135/><V102/><F102/><W91/><G128/><T50/><D0/><U46/><E129/><V80/><F80/><W81/><G65/><T61/><D3/><U90/><E103/><V89/><F89/><W8/><G76/><T67/><D67/><U77/><E77/><V124/><F124/><W59/><G19/><T93/><D101/><U28/><E28/><V25/><F25/><W121/><G121/><T78/><D78/><U107/><E107/><V21/><F21/><W74/><G74/><T118/><D118/><U16/><E30/><V110/><F110/><W48/><G48/><T60/><D10/><U108/><E108/><V82/><F82/><W115/><G115/><RYUUKYOKU ba="0,1" sc="167,-15,280,-15,323,15,220,15" hai2="2,5,9,29,31,51,53,55,56,62,98,100,106" hai3="8,14,17,26,27,49,54,59,81,85,88,91,96" /><INIT seed="2,1,1,0,4,5" ten="152,265,338,235" oya="2" hai0="67,4,82,42,39,60,24,69,130,10,55,106,92" hai1="76,7,53,104,103,18,111,28,124,45,75,84,40" hai2="30,94,72,86,78,85,6,129,77,81,91,17,26" hai3="62,102,58,8,41,83,33,122,70,66,16,3,107"/><V79/><F129/><W56/><G41/><T89/><D130/><U25/><E75/><V50/><F6/><W87/><G122/><T20/><D106/><U47/><E7/><V123/><F123/><W90/><G3/><T49/><D82/><U19/><E124/><V134/><F134/><W11/><G33/><T132/><D132/><U80/><E111/><V23/><F72/><W99/><G70/><T54/><D39/><U93/><E104/><V32/><REACH who="2" step="1"/><F50/><REACH who="2" ten="152,265,328,235" step="2"/><W110/><G110/><T9/><D4/><U131/><E131/><V126/><F126/><W109/><G109/><T96/><D42/><U108/><E40/><V1/><F1/><W133/><G133/><T48/><D49/><U51/><E108/><V135/><F135/><W12/><REACH who="3" step="1"/><G56/><REACH who="3" ten="152,265,328,225" step="2"/><T2/><D2/><U71/><E71/><V21/><F21/><AGARI ba="1,3" hai="8,11,12,16,21,58,62,66,83,87,90,99,102,107" machi="21" ten="30,12000,2" yaku="1,1,2,1,7,1,52,2,54,1,53,0" doraHai="5" doraHaiUra="0" who="3" fromWho="2" sc="152,0,265,0,328,-123,225,153" /><INIT seed="3,0,0,0,4,99" ten="152,265,205,378" oya="3" hai0="102,75,42,62,106,30,38,17,63,115,70,104,71" hai1="19,56,90,3,53,68,48,88,121,4,13,126,40" hai2="81,109,11,27,20,61,78,21,108,44,54,128,25" hai3="14,107,29,91,67,134,8,26,1,89,28,49,74"/><W35/><G74/><T77/><D115/><U79/><E121/><V45/><F11/><W82/><G134/><T0/><D30/><U65/><E79/><V131/><F61/><W24/><G82/><T111/><D17/><U47/><E126/><V23/><F54/><W129/><G67/><T73/><D0/><U41/><E41/><V57/><F57/><W55/><G129/><N who="2" m="49737" /><F81/><W59/><G1/><T37/><D111/><N who="2" m="42570" /><F78/><W100/><G14/><T33/><D77/><U60/><E4/><V43/><F43/><W80/><G80/><T18/><D18/><U85/><E3/><V76/><F76/><W2/><G2/><T122/><D122/><U51/><REACH who="1" step="1"/><E85/><REACH who="1" ten="152,255,205,378" step="2"/><V124/><F124/><W103/><G8/><AGARI ba="0,1" hai="8,13,19,40,47,48,51,53,56,60,65,68,88,90" machi="8" ten="30,7700,0" yaku="1,1,2,1,7,1,54,1,53,0" doraHai="99" doraHaiUra="110" who="1" fromWho="3" sc="152,0,255,87,205,0,378,-77" /><INIT seed="4,0,0,2,4,84" ten="152,342,205,301" oya="0" hai0="113,36,133,68,13,11,20,83,32,126,93,87,59" hai1="35,95,53,128,110,41,90,47,111,46,55,29,94" hai2="132,8,109,119,40,22,64,16,125,42,38,43,78" hai3="98,103,79,82,67,112,134,17,25,57,66,102,116"/><T23/><D68/><U118/><E118/><V104/><F109/><W105/><G103/><T49/><D36/><U58/><E35/><V30/><F104/><W28/><G116/><T2/><D32/><U127/><E29/><V131/><F119/><W51/><G134/><T61/><D133/><U50/><E128/><V101/><F125/><W37/><G112/><T1/><D126/><U3/><E3/><V115/><F78/><W135/><G37/><T69/><D69/><U100/><E127/><V39/><F101/><W7/><G135/><T85/><D113/><U71/><E71/><V21/><F64/><W75/><G7/><T86/><D49/><U34/><E34/><V108/><F108/><W5/><G5/><N who="0" m="3311" /><D1/><U14/><E14/><V80/><F131/><W26/><G17/><T19/><D2/><U60/><E95/><V124/><F124/><W74/><G75/><T77/><D93/><U18/><E100/><V4/><F39/><W92/><G51/><T56/><D56/><U33/><E33/><V81/><F38/><W99/><G57/><T97/><D97/><U24/><E46/><V106/><F106/><W48/><G48/><T52/><D20/><N who="1" m="13335" /><E111/><V88/><F115/><W89/><G26/><AGARI ba="0,0" hai="19,23,26,52,59,61,77,83,85,86,87" m="3311" machi="26" ten="30,2900,0" yaku="8,1,54,1" doraHai="84" who="0" fromWho="3" sc="152,29,342,0,205,0,301,-29" /><INIT seed="4,1,0,5,3,76" ten="181,342,205,272" oya="0" hai0="135,5,14,27,93,120,133,72,89,40,79,88,119" hai1="65,62,43,83,92,97,39,64,55,51,116,70,42" hai2="15,68,111,71,9,33,56,107,81,106,118,77,132" hai3="96,63,73,31,124,38,67,123,26,113,82,29,32"/><T61/><D119/><U46/><E116/><V90/><F118/><W74/><G31/><T17/><D120/><U2/><E2/><V100/><F111/><W24/><G24/><T57/><D40/><U3/><E3/><V117/><F33/><W134/><G123/><T85/><D72/><U35/><E35/><V75/><F132/><N who="0" m="50762" /><D79/><U59/><E64/><V99/><F107/><W34/><G134/><T80/><D5/><U127/><E127/><V108/><F108/><W20/><G124/><T84/><D27/><U54/><E54/><V104/><F104/><W30/><G113/><T110/><D110/><U105/><E105/><V126/><F126/><W69/><G38/><T53/><D14/><U47/><E47/><V49/><F117/><W7/><G7/><T86/><D17/><U44/><E44/><V16/><REACH who="2" step="1"/><F90/><REACH who="2" ten="181,342,195,272" step="2"/><W58/><G32/><T50/><D85/><U130/><E42/><V1/><F1/><W4/><G34/><T95/><D95/><U131/><E92/><V87/><F87/><W121/><G121/><T28/><D28/><U114/><E114/><V8/><F8/><W109/><G30/><T37/><D37/><U60/><E97/><V94/><F94/><W98/><G109/><T122/><D122/><U45/><E39/><V78/><F78/><W12/><G96/><T25/><D25/><U21/><E43/><V6/><F6/><W13/><G98/><T48/><AGARI ba="1,1" hai="48,50,53,57,61,80,84,86,88,89,93" m="50762" machi="48" ten="30,6000,0" yaku="20,1,52,1,54,1" doraHai="76" who="0" fromWho="0" sc="181,73,342,-21,195,-21,272,-21" /><INIT seed="4,2,0,4,4,108" ten="254,321,174,251" oya="0" hai0="28,29,68,117,112,107,15,90,79,70,106,66,131" hai1="9,115,126,5,127,3,76,59,82,95,58,8,36" hai2="109,38,48,23,102,78,2,56,111,57,0,97,116" hai3="6,67,119,30,13,35,33,73,52,129,25,40,54"/><T71/><D117/><U84/><E36/><V60/><F38/><W123/><G73/><T101/><D66/><U65/><E65/><V44/><F78/><W100/><G119/><T20/><D79/><U12/><E95/><V17/><F116/><W45/><G123/><T134/><D90/><U87/><E87/><V121/><F121/><W43/><G33/><T4/><D4/><U110/><E110/><V104/><F111/><W89/><G100/><T1/><D1/><U34/><E34/><V61/><F109/><W92/><G67/><T98/><D107/><U26/><E26/><V22/><F48/><W64/><G64/><T88/><D134/><U50/><E50/><V31/><F44/><W83/><G129/><T132/><D132/><U53/><E53/><V55/><F31/><W47/><G83/><T96/><D131/><U32/><E32/><V118/><F118/><W24/><G13/><T133/><D133/><U39/><E39/><V80/><F80/><W19/><G6/><T49/><D49/><U69/><E69/><V16/><F57/><W91/><G35/><T10/><D20/><U72/><E72/><V27/><REACH who="2" step="1"/><F61/><REACH who="2" ten="254,321,164,251" step="2"/><W135/><G135/><T51/><D51/><U37/><E59/><V85/><F85/><W86/><G86/><T41/><D29/><U7/><E58/><V130/><F130/><W128/><G30/><T125/><D28/><U75/><E84/><V94/><F94/><W74/><G128/><T14/><D70/><U99/><E37/><V21/><F21/><W122/><G122/><T11/><D71/><U113/><E99/><RYUUKYOKU ba="2,1" sc="254,-15,321,15,164,15,251,-15" hai1="3,5,7,8,9,12,75,76,82,113,115,126,127" hai2="0,2,16,17,22,23,27,55,56,60,97,102,104" /><INIT seed="5,3,1,5,1,62" ten="239,336,179,236" oya="1" hai0="101,61,94,58,53,85,66,15,126,51,112,65,29" hai1="16,135,125,69,56,6,116,117,18,24,88,87,79" hai2="73,77,9,84,21,93,89,31,83,105,71,34,25" hai3="120,23,50,86,113,127,27,102,107,98,128,4,33"/><U67/><E69/><V119/><F119/><W54/><G33/><T49/><D112/><U42/><E6/><V38/><F38/><W130/><G113/><T80/><D126/><U76/><E125/><V36/><F36/><W48/><G120/><T11/><D29/><U57/><E42/><V104/><F71/><W122/><G122/><T55/><D101/><U68/><E68/><V110/><F110/><W60/><G127/><T82/><D94/><U64/><E117/><V1/><REACH who="2" step="1"/><F34/><REACH who="2" ten="239,336,169,236" step="2"/><W22/><G4/><AGARI ba="3,2" hai="1,4,9,21,25,31,73,77,83,84,89,93,104,105" machi="4" ten="40,2600,0" yaku="1,1,2,1,53,0" doraHai="62" doraHaiUra="99" who="2" fromWho="3" sc="239,0,336,0,169,55,236,-35" /><INIT seed="6,0,0,2,1,103" ten="239,336,224,201" oya="2" hai0="119,31,132,73,116,63,112,37,62,34,79,104,4" hai1="48,13,129,110,1,58,88,90,16,6,71,100,51" hai2="69,14,81,108,80,94,131,89,53,86,5,33,78" hai3="123,52,17,12,24,134,20,11,42,41,97,57,60"/><V19/><F131/><W46/><G46/><T77/><D4/><U15/><E110/><V85/><F108/><W118/><G123/><T56/><D37/><U93/><E71/><V59/><F33/><W54/><G118/><T75/><D56/><U117/><E1/><V105/><F69/><W35/><G54/><T9/><D9/><N who="1" m="4279" /><E117/><N who="0" m="45129" /><D31/><U68/><E68/><V135/><F135/><W124/><G124/><T22/><D22/><N who="1" m="11551" /><E129/><V70/><F70/><W84/><G134/><T107/><D112/><U92/><E100/><V28/><F28/><W101/><G84/><T82/><D34/><U111/><E111/><V50/><F5/><W95/><REACH who="3" step="1"/><G35/><REACH who="3" ten="239,336,224,191" step="2"/><T36/><D132/><U32/><E32/><V87/><F87/><W55/><G55/><T126/><D126/><U18/><E58/><V7/><F81/><W45/><G45/><T83/><D36/><U49/><E18/><AGARI ba="0,1" hai="11,12,17,18,20,24,41,42,52,57,60,95,97,101" machi="18" ten="30,7700,0" yaku="1,1,7,1,8,1,54,1,53,0" doraHai="103" doraHaiUra="127" who="3" fromWho="1" sc="239,0,336,-77,224,0,191,87" /><INIT seed="7,0,0,0,1,61" ten="239,259,224,278" oya="3" hai0="2,23,4,63,99,119,75,56,116,11,112,47,133" hai1="109,134,38,45,77,8,80,19,62,102,101,48,128" hai2="46,126,40,68,86,118,51,124,94,135,74,76,5" hai3="106,43,10,113,39,12,30,90,37,91,107,7,28"/><W52/><G43/><T125/><D133/><U131/><E109/><V3/><F118/><W58/><G113/><T114/><D125/><N who="2" m="48234" /><F68/><W44/><G39/><T36/><D75/><U72/><E38/><V33/><F33/><W21/><G37/><T105/><D23/><U100/><E134/><V129/><F135/><W93/><G107/><T13/><D2/><U97/><E8/><N who="2" m="2111" /><F74/><W115/><G106/><T73/><D73/><U65/><E19/><V42/><F129/><N who="1" m="49737" /><E97/><V32/><F32/><W64/><G115/><N who="0" m="44075" /><D105/><U1/><E1/><V26/><F26/><N who="3" m="16463" /><G30/><T82/><D82/><U67/><E62/><V89/><F76/><W17/><G7/><T0/><D0/><U117/><E117/><V83/><F83/><W50/><G93/><T85/><D36/><U69/><E69/><V103/><F103/><W92/><G92/><T110/><D110/><U35/><E35/><V55/><AGARI ba="0,0" hai="40,42,46,51,55,86,89,94" m="2111,48234" machi="55" ten="30,1100,0" yaku="18,1" doraHai="61" who="2" fromWho="2" sc="239,-3,259,-3,224,11,278,-5" /><INIT seed="8,0,0,4,1,121" ten="236,256,235,273" oya="0" hai0="52,68,69,85,104,58,83,126,79,135,54,131,127" hai1="119,39,130,66,55,106,64,88,30,1,72,115,21" hai2="9,50,33,65,44,96,129,117,26,80,91,17,45" hai3="15,13,37,63,107,11,95,3,40,93,56,53,102"/><T28/><D104/><U116/><E130/><V97/><F129/><W92/><G3/><T23/><D131/><U84/><E72/><V62/><F117/><N who="1" m="45129" /><E1/><V99/><F33/><W61/><G107/><T109/><D135/><U101/><E39/><V2/><F2/><W111/><G37/><T16/><D28/><U32/><E32/><V105/><F105/><W108/><G40/><T42/><D42/><U48/><E101/><V35/><F35/><W74/><G74/><T38/><D38/><U47/><E115/><V98/><F50/><W20/><G102/><T4/><D4/><U71/><E71/><V6/><F6/><W43/><G43/><T46/><D46/><U57/><E57/><V18/><F45/><W59/><G20/><T134/><D134/><U49/><E49/><V82/><F44/><W78/><G78/><T31/><D31/><U114/><E114/><V12/><F18/><W87/><G87/><T60/><D54/><U76/><E76/><V118/><F118/><W132/><G132/><T125/><D109/><N who="3" m="42057" /><G11/><T70/><D70/><U90/><E90/><V123/><F123/><W77/><G77/><T36/><D36/><U51/><E51/><V41/><F41/><W67/><G67/><T112/><D112/><U75/><E75/><V34/><F91/><W94/><N who="3" m="23552" /><DORA hai="14" /><W19/><G19/><T27/><AGARI ba="0,0" hai="16,23,27,52,58,60,68,69,79,83,85,125,126,127" machi="27" ten="30,12000,1" yaku="0,1,18,1,52,1,54,2" doraHai="121,14" who="0" fromWho="0" sc="236,120,256,-40,235,-40,273,-40" owari="356,45.0,216,-18.0,195,-30.0,233,3.0" /></mjloggm>