<mjloggm ver="2.3"><GO type="41" lobby="0"/><UN n0="%E3%82%B9%E3%83%AD%E3%83%BC%E3%82%B9" n1="%4F%74%74%6F%6B%6F" n2="%32%77%69%6E%67%73" n3="%E2%93%9D%53%75%70%68%78" dan="14,13,14,17" rate="1931.49,1883.95,1877.30,2065.64" sx="F,M,M,M"/><TAIKYOKU oya="0"/><INIT seed="0,0,0,5,1,11" ten="250,250,250,250" oya="0" hai0="99,19,103,56,72,80,106,48,119,62,102,59,22" hai1="41,116,108,88,85,97,130,124,32,69,93,115,28" hai2="24,35,26,36,89,67,50,53,113,4,13,70,44" hai3="73,10,60,46,12,126,91,37,107,0,81,43,52"/><T84/><D119/><U71/><E41/><V45/><F113/><W95/><G107/><T49/><D103/><U6/><E28/><V74/><F74/><W15/><G126/><T94/><D106/><U42/><E42/><V20/><F36/><W8/><G0/><T57/><D62/><U66/><E6/><V5/><F13/><W117/><G117/><T96/><D96/><U9/><E9/><V27/><F35/><W68/><G81/><T51/><D72/><U47/><E47/><V2/><F20/><W104/><G104/><T21/><REACH who="0" step="1"/><D19/><REACH who="0" ten="240,250,250,250" step="2"/><U75/><E97/><V129/><F70/><W114/><G73/><T31/><D31/><U14/><E116/><V7/><F67/><W132/><G68/><T118/><D118/><U76/><E66/><V33/><F2/><W90/><G114/><T55/><D55/><U34/><E115/><V77/><F53/><W121/><G52/><T135/><D135/><U112/><E112/><V78/><F33/><W92/><G132/><T17/><D17/><U54/><E34/><V110/><F4/><W87/><G60/><T63/><D63/><U82/><E71/><V25/><F5/><W122/><G122/><T18/><D18/><U29/><E69/><V98/><F7/><W100/><G100/><T134/><D134/><U3/><E32/><V64/><F98/><N who="3" m="57623" /><G121/><T83/><D83/><U123/><E82/><V79/><F64/><W1/><G1/><T111/><D111/><U133/><E108/><V65/><F65/><W39/><G39/><T105/><D105/><U86/><E123/><V40/><F110/><RYUUKYOKU ba="0,1" sc="240,15,250,-15,250,-15,250,15" hai0="21,22,48,49,51,56,57,59,80,84,94,99,102" hai3="8,10,12,15,37,43,46,87,91,95" /><INIT seed="0,1,1,5,3,95" ten="255,235,235,265" oya="0" hai0="134,121,18,35,93,20,119,21,8,31,132,104,60" hai1="133,42,110,103,96,85,17,68,100,88,16,117,131" hai2="6,66,49,13,54,72,115,56,29,38,24,97,34" hai3="46,5,129,2,4,26,98,125,45,57,105,76,91"/><T111/><D104/><U122/><E68/><V101/><F115/><W23/><G76/><T7/><D60/><U71/><E71/><V81/><F38/><W11/><G129/><T116/><D93/><U120/><E42/><V12/><F66/><W89/><G125/><T78/><D78/><U44/><E44/><V52/><F6/><W113/><G113/><T114/><D114/><U83/><E131/><V126/><F126/><W61/><G5/><T30/><D121/><U43/><E117/><N who="0" m="45129" /><D35/><U62/><E43/><V90/><F54/><W135/><G135/><N who="0" m="51755" /><D111/><U77/><E133/><V47/><F47/><W82/><G46/><T80/><D80/><U59/><E110/><V37/><F37/><W27/><G45/><T39/><D39/><U63/><E122/><V32/><F32/><W3/><G82/><T19/><D19/><N who="1" m="7243" /><E120/><V94/><REACH who="2" step="1"/><F72/><REACH who="2" ten="255,235,225,265" step="2"/><W84/><G4/><T28/><D18/><U58/><E63/><V55/><F55/><W127/><G61/><T69/><D69/><U123/><E123/><V118/><F118/><W106/><G127/><T86/><D86/><AGARI ba="1,2" hai="12,13,24,29,34,49,52,56,81,86,90,94,97,101" machi="86" ten="40,5200,0" yaku="1,1,52,1,54,1,53,0" doraHai="95" doraHaiUra="15" who="2" fromWho="0" sc="255,-55,235,0,225,75,265,0" /><INIT seed="1,0,0,3,2,83" ten="200,235,300,265" oya="1" hai0="113,66,110,81,37,77,124,128,94,13,109,19,33" hai1="86,87,63,35,25,0,38,56,111,18,32,52,105" hai2="6,47,114,50,23,40,112,11,129,36,120,3,125" hai3="59,99,119,55,75,64,118,102,117,101,60,133,126"/><U71/><E0/><V29/><F120/><W65/><G133/><T88/><D33/><U53/><E105/><V22/><F125/><W9/><G75/><T46/><D66/><U8/><E38/><V107/><F107/><W74/><G74/><T43/><D113/><N who="2" m="43626" /><F129/><W135/><G135/><T20/><D124/><U89/><E71/><V131/><F131/><W76/><G76/><T80/><D128/><U10/><E111/><N who="0" m="42505" /><D77/><U4/><E89/><V2/><F2/><W1/><G102/><T54/><D54/><U17/><E35/><V5/><F5/><N who="3" m="1199" /><G126/><T123/><D123/><U95/><E95/><AGARI ba="0,0" hai="55,59,60,64,65,95,99,101,117,118,119" m="1199" machi="95" ten="30,1000,0" yaku="12,1" doraHai="83" who="3" fromWho="1" sc="200,0,235,-10,300,0,265,10" /><INIT seed="2,0,0,4,2,60" ten="200,225,300,275" oya="2" hai0="110,19,28,31,129,116,59,85,101,55,102,23,2" hai1="8,64,125,133,44,127,134,32,38,17,22,69,88" hai2="47,67,6,5,27,1,117,9,49,15,65,25,94" hai3="86,52,123,120,77,35,56,36,100,107,114,92,0"/><V103/><F117/><W30/><G0/><T97/><D116/><U130/><E32/><V108/><F108/><W45/><G107/><T113/><D110/><U126/><E8/><V4/><F1/><W131/><G131/><T62/><D2/><U115/><E115/><V91/><F103/><W76/><G114/><T51/><D113/><U41/><E88/><V54/><F27/><W106/><G106/><T111/><D85/><U93/><E93/><V112/><F25/><W42/><G30/><T105/><D102/><U70/><E22/><V118/><F118/><W40/><G40/><T39/><D39/><U95/><E95/><V50/><F112/><W104/><G35/><T21/><D21/><U124/><E124/><V132/><F132/><N who="1" m="50793" /><E17/><N who="2" m="8431" /><F50/><W87/><G104/><T73/><D73/><U46/><E46/><V12/><F12/><W58/><G100/><T122/><D129/><U68/><E64/><N who="2" m="24651" /><F4/><W63/><G123/><T24/><D122/><U26/><E26/><V99/><AGARI ba="0,0" hai="5,6,47,49,54,91,94,99" m="24651,8431" machi="99" ten="30,11700,0" yaku="8,1,52,3" doraHai="60" who="2" fromWho="2" sc="200,-39,225,-39,300,117,275,-39" /><INIT seed="2,1,0,4,0,30" ten="161,186,417,236" oya="2" hai0="59,9,100,122,63,23,62,116,85,29,50,135,83" hai1="71,42,78,69,98,105,36,119,76,58,22,131,97" hai2="60,47,11,15,2,99,101,94,123,70,67,84,31" hai3="75,86,130,55,93,49,125,35,37,61,4,54,74"/><V81/><F123/><W20/><G37/><T33/><D122/><U24/><E119/><V90/><F31/><W64/><G4/><T68/><D116/><U51/><E131/><V126/><F126/><W106/><G106/><T124/><D135/><U129/><E129/><V108/><F108/><W12/><G55/><T3/><D100/><U72/><E36/><V120/><F120/><W102/><G35/><T38/><D23/><U95/><E105/><V110/><F110/><W53/><G53/><T8/><D38/><U5/><E5/><V45/><REACH who="2" step="1"/><F2/><REACH who="2" ten="161,186,407,236" step="2"/><W96/><G125/><T52/><D124/><U103/><E72/><V34/><F34/><W28/><G75/><T32/><D29/><U133/><E133/><V57/><F57/><W111/><G74/><T1/><D68/><U87/><E71/><V13/><F13/><W107/><G111/><T73/><D73/><U10/><E69/><V118/><F118/><W77/><G130/><T19/><D3/><U56/><E56/><V79/><F79/><W115/><G77/><T26/><D1/><U65/><E58/><V91/><F91/><W27/><G12/><T109/><D109/><U127/><E127/><V104/><F104/><W113/><G107/><T43/><D33/><U0/><E0/><V89/><F89/><W16/><G28/><T121/><D32/><U128/><E128/><V40/><F40/><W46/><G86/><T134/><D121/><U132/><E87/><V66/><F66/><W48/><G64/><T14/><D43/><U17/><E65/><V80/><F80/><W6/><G54/><RYUUKYOKU ba="1,1" sc="161,-10,186,-10,407,30,236,-10" hai2="11,15,45,47,60,67,70,81,84,90,94,99,101" /><INIT seed="2,2,1,5,1,129" ten="151,176,437,226" oya="2" hai0="18,77,72,80,29,93,57,23,124,120,110,85,38" hai1="81,55,96,43,132,108,135,6,130,119,88,60,125" hai2="36,17,33,112,8,76,90,78,32,21,34,99,106" hai3="100,15,53,5,1,25,109,59,26,134,46,111,79"/><V51/><F36/><W31/><G1/><T87/><D38/><U68/><E119/><V89/><F112/><W52/><G79/><T121/><D110/><N who="3" m="41993" /><G100/><T45/><D29/><U133/><E6/><V95/><F8/><N who="3" m="4495" /><G134/><T63/><D45/><U131/><E43/><V104/><F89/><W123/><G123/><T37/><D37/><U12/><E12/><V24/><REACH who="2" step="1"/><F51/><REACH who="2" ten="151,176,427,226" step="2"/><N who="3" m="28791" /><G31/><T40/><D121/><U16/><E108/><V4/><F4/><W42/><G42/><T19/><D40/><U28/><E28/><V102/><F102/><W97/><G97/><T91/><D120/><U105/><E96/><V50/><F50/><AGARI ba="2,2" hai="25,26,50,53,59" m="28791,4495,41993" machi="50" ten="30,2000,0" yaku="14,1,54,1" doraHai="129" who="3" fromWho="2" sc="151,0,176,0,427,-26,226,46" /><INIT seed="3,0,0,4,3,69" ten="151,176,401,272" oya="3" hai0="76,48,104,132,133,70,77,5,51,20,134,116,9" hai1="10,32,79,72,11,7,121,26,88,127,66,33,124" hai2="44,46,115,19,59,90,62,71,60,2,114,128,119" hai3="106,30,27,6,83,75,22,65,17,93,25,29,103"/><W45/><G106/><T0/><D70/><U84/><E121/><V56/><F2/><W15/><G65/><T112/><D104/><U68/><E68/><V94/><F119/><W89/><G103/><T91/><D116/><U86/><E66/><V40/><F128/><W107/><G107/><T52/><D51/><U85/><E72/><V31/><F71/><W54/><G6/><T18/><D91/><U82/><E26/><N who="3" m="9738" /><G83/><T122/><D122/><U78/><E7/><V109/><F115/><W49/><G75/><T97/><D97/><AGARI ba="0,0" hai="15,17,22,29,30,45,49,54,89,93,97" m="9738" machi="97" ten="30,1500,0" yaku="8,1" doraHai="69" who="3" fromWho="0" sc="151,-15,176,0,401,0,272,15" /><INIT seed="3,1,0,3,2,77" ten="136,176,401,287" oya="3" hai0="93,38,108,62,22,126,119,4,68,125,120,48,104" hai1="117,75,7,47,44,20,73,49,131,118,53,97,29" hai2="9,123,70,122,64,86,55,105,61,115,132,10,59" hai3="17,98,8,31,101,69,78,18,13,27,130,45,23"/><W42/><G130/><T32/><D32/><U74/><E131/><V57/><F115/><W135/><G135/><T106/><D119/><U58/><E7/><V110/><F132/><W15/><G69/><T91/><D120/><N who="2" m="46122" /><F110/><W24/><G78/><T89/><D38/><U99/><E20/><V65/><F105/><W40/><G45/><T94/><D48/><U82/><E29/><V50/><F86/><W79/><G79/><T43/><D43/><U28/><E28/><V102/><F102/><W3/><G3/><T60/><D22/><U103/><E103/><V35/><F35/><W113/><G113/><T112/><D4/><U26/><E26/><V0/><F0/><W66/><G66/><T39/><D39/><U128/><E128/><V25/><F25/><W63/><G63/><AGARI ba="1,0" hai="9,10,50,55,57,59,61,63,64,65,70" m="46122" machi="63" ten="30,1000,0" yaku="13,1" doraHai="77" who="2" fromWho="3" sc="136,0,176,0,401,13,287,-13" /><INIT seed="4,0,0,4,2,75" ten="136,176,414,274" oya="0" hai0="134,19,109,71,97,73,107,118,96,81,89,20,70" hai1="42,130,68,122,110,44,72,103,53,49,129,102,16" hai2="84,50,135,98,126,10,104,5,25,23,90,45,62" hai3="4,14,111,119,54,17,91,24,11,114,80,35,123"/><T79/><D118/><U3/><E122/><V18/><F135/><W60/><G114/><T64/><D134/><U85/><E110/><V59/><F126/><W58/><G111/><T57/><D109/><U1/><E72/><V56/><F104/><W121/><G119/><T48/><D97/><U117/><E117/><V108/><F108/><W125/><G125/><T99/><D99/><U132/><E132/><V12/><F98/><W22/><G91/><T43/><D43/><U83/><E68/><V21/><F21/><W15/><G80/><T40/><D40/><U128/><E3/><V76/><F76/><W65/><G35/><T63/><D48/><U106/><E1/><V33/><F33/><W47/><G47/><T51/><D51/><U115/><E115/><V7/><F7/><W9/><REACH who="3" step="1"/><G65/><REACH who="3" ten="136,176,414,264" step="2"/><T66/><D66/><U101/><E42/><V69/><F45/><W38/><G38/><T26/><REACH who="0" step="1"/><D89/><REACH who="0" ten="126,176,414,264" step="2"/><N who="1" m="51391" /><E106/><V36/><F90/><W31/><AGARI ba="0,2" hai="4,9,11,14,15,17,22,24,31,54,58,60,121,123" machi="31" ten="30,2000,0" yaku="1,1,0,1,53,0" doraHai="75" doraHaiUra="92" who="3" fromWho="3" sc="126,-10,176,-5,414,-5,264,40" /><INIT seed="5,0,0,1,1,95" ten="116,171,409,304" oya="1" hai0="14,23,108,37,124,26,70,134,127,2,13,59,47" hai1="61,5,100,77,53,78,72,67,50,56,94,73,115" hai2="107,7,31,74,48,19,96,112,63,30,52,3,135" hai3="80,54,130,4,88,66,17,121,18,40,65,114,69"/><U84/><E115/><V38/><F112/><W82/><G114/><T42/><D70/><U89/><E5/><V55/><F38/><W99/><G130/><T122/><D108/><U98/><E73/><V118/><F118/><W120/><G4/><T33/><D33/><U22/><E22/><V87/><F74/><W92/><G40/><T71/><D71/><U133/><E133/><V106/><F106/><W24/><G69/><T9/><D134/><U93/><REACH who="1" step="1"/><E72/><REACH who="1" ten="116,161,409,304" step="2"/><V36/><F7/><W97/><G121/><T21/><D122/><U16/><E16/><V25/><F19/><W44/><G18/><T132/><D132/><U104/><E104/><V41/><F107/><W39/><G120/><T85/><D23/><U116/><E116/><V128/><F135/><W49/><G17/><T34/><D34/><U57/><AGARI ba="0,1" hai="50,53,56,57,61,67,77,78,84,89,93,94,98,100" machi="57" ten="20,12000,1" yaku="1,1,0,1,7,1,8,1,52,1,53,0" doraHai="95" doraHaiUra="32" who="1" fromWho="1" sc="116,-40,161,130,409,-40,304,-40" /><INIT seed="5,1,0,1,0,135" ten="76,291,369,264" oya="1" hai0="39,94,17,102,132,49,2,53,14,40,100,62,131" hai1="34,38,75,106,55,118,129,110,42,85,89,91,79" hai2="63,35,123,90,60,128,126,67,25,120,29,23,73" hai3="117,3,13,9,98,84,1,134,32,4,111,78,15"/><U6/><E34/><V44/><F128/><W104/><G111/><T68/><D2/><U30/><E30/><V58/><F73/><W130/><G130/><T92/><D131/><U133/><E129/><V70/><F126/><W59/><G134/><T107/><D132/><U28/><E28/><V69/><F35/><W46/><G117/><T71/><D71/><U115/><E110/><V31/><F31/><W125/><G59/><T103/><D107/><U93/><E118/><V77/><F77/><W97/><G104/><T82/><D82/><U64/><E133/><V99/><F44/><W16/><G125/><T121/><D121/><U5/><E64/><V10/><F10/><W61/><G61/><T11/><D39/><U76/><E38/><V105/><F70/><W50/><G3/><T96/><D40/><U47/><E115/><V33/><F23/><N who="3" m="11663" /><G1/><T51/><D94/><U95/><E106/><V72/><F72/><W0/><G0/><T8/><D8/><U20/><E20/><V86/><F99/><W109/><G32/><T65/><REACH who="0" step="1"/><D49/><REACH who="0" ten="66,291,369,264" step="2"/><N who="1" m="29119" /><E42/><V57/><F105/><W37/><G37/><T43/><D43/><U101/><E101/><V83/><F69/><W66/><G109/><T24/><D24/><U74/><E74/><V116/><F116/><W7/><G9/><T21/><D21/><U18/><E75/><V41/><F41/><W19/><G50/><T112/><D112/><U36/><E36/><V48/><F48/><W80/><G80/><T56/><AGARI ba="1,1" hai="11,14,17,51,53,56,62,65,68,92,96,100,102,103" machi="56" ten="20,2700,0" yaku="1,1,0,1,7,1,53,0" doraHai="135" doraHaiUra="114" who="0" fromWho="0" sc="66,40,291,-14,369,-8,264,-8" /><INIT seed="6,0,0,1,4,59" ten="106,277,361,256" oya="2" hai0="31,132,61,64,101,73,45,129,1,0,130,119,52" hai1="42,11,87,134,7,70,10,76,113,37,28,133,69" hai2="62,40,117,23,46,88,79,65,118,74,29,63,106" hai3="75,108,4,49,127,123,15,98,44,116,67,9,125"/><V17/><F29/><W128/><G108/><T39/><D73/><U51/><E37/><V80/><F106/><W94/><G75/><T5/><D31/><U14/><E28/><V27/><F88/><W109/><G109/><T16/><D5/><U36/><E36/><V2/><F2/><W19/><G128/><N who="0" m="49259" /><D101/><U126/><E126/><V22/><F22/><W25/><G123/><T13/><D119/><U12/><E113/><V115/><F115/><W97/><G116/><T100/><D100/><U57/><E57/><V86/><F74/><W85/><G127/><T120/><D132/><U71/><E14/><V92/><F92/><W82/><G67/><T38/><D120/><U41/><E11/><V68/><REACH who="2" step="1"/><F63/><REACH who="2" ten="106,277,351,256" step="2"/><W95/><G125/><T84/><D84/><U81/><E42/><V18/><F18/><W24/><G19/><T53/><D1/><U99/><E99/><V33/><F33/><W131/><G131/><T56/><D0/><U35/><E35/><V30/><F30/><W91/><G98/><T93/><D93/><U26/><E26/><V6/><F6/><W54/><REACH who="3" step="1"/><G95/><REACH who="3" ten="106,277,351,246" step="2"/><T50/><D38/><AGARI ba="0,2" hai="17,23,27,38,40,46,62,65,68,79,80,86,117,118" machi="38" ten="30,11600,0" yaku="1,1,7,1,52,1,53,1" doraHai="59" doraHaiUra="58" who="2" fromWho="0" sc="106,-116,277,0,351,136,246,0" owari="-10,-51.0,277,8.0,487,58.0,246,-15.0" /></mjloggm>