<mjloggm ver="2.3"><GO type="41" lobby="0"/><UN n0="%E6%B1%9D%E6%9C%89%E4%BD%95%E7%96%91" n1="%6A%6D%64%74%66" n2="%E2%93%9D%53%75%70%68%78" n3="%E5%85%83%E7%99%92%E9%A2%A8%E4%BC%9A%E5%93%A1" dan="14,13,17,14" rate="1962.92,1877.92,2063.84,1914.86" sx="M,M,M,M"/><TAIKYOKU oya="0"/><INIT seed="0,0,0,0,2,81" ten="250,250,250,250" oya="0" hai0="114,132,83,107,25,30,68,103,51,88,71,100,12" hai1="99,82,44,120,10,75,60,2,29,42,23,85,89" hai2="116,18,31,122,94,79,36,117,32,104,129,57,91" hai3="93,6,121,19,72,20,27,49,125,50,124,87,123"/><T70/><D114/><U127/><E120/><N who="3" m="46154" /><G72/><T128/><D128/><U54/><E127/><N who="3" m="48714" /><G6/><T16/><D132/><U40/><E75/><V110/><F36/><W78/><G78/><T13/><D51/><U119/><E119/><V102/><F104/><W63/><G63/><T53/><D53/><U21/><E21/><V131/><BYE who="1" /><F79/><W74/><G74/><T56/><D56/><U101/><E101/><V67/><F102/><W90/><AGARI ba="0,0" hai="19,20,27,49,50,87,90,93" m="48714,46154" machi="90" ten="40,5200,0" yaku="13,1,18,1,52,1" doraHai="81" who="3" fromWho="3" sc="250,-26,250,-13,250,-13,250,52" /><INIT seed="1,0,0,0,5,117" ten="224,237,237,302" oya="1" hai0="49,84,114,0,89,14,19,88,25,20,80,113,66" hai1="119,40,70,50,65,131,22,1,79,111,35,44,34" hai2="94,72,121,31,28,129,29,112,98,106,37,133,43" hai3="5,110,41,9,130,135,32,127,81,42,30,18,8"/><U56/><E56/><V100/><F72/><W23/><G110/><T86/><D0/><U77/><E77/><V75/><F75/><W36/><G135/><T16/><D66/><U122/><E122/><V59/><F129/><W60/><G130/><T123/><D49/><UN n1="%6A%6D%64%74%66" /><U7/><E119/><V107/><F133/><W124/><G60/><T87/><D123/><U103/><E131/><V83/><F121/><W64/><G64/><T78/><D78/><U91/><E111/><V63/><F83/><W132/><G132/><T102/><D102/><U45/><E103/><V39/><F112/><W76/><G36/><T74/><D74/><U10/><E79/><V90/><F43/><W17/><G32/><T15/><D86/><U58/><E70/><V120/><F120/><W125/><G30/><T115/><REACH who="0" step="1"/><D19/><REACH who="0" ten="214,237,237,302" step="2"/><U62/><E91/><V21/><F39/><W55/><G17/><T73/><D73/><U118/><E118/><V71/><F37/><W97/><G18/><T61/><D61/><U12/><E50/><V116/><F116/><W46/><G76/><T48/><D48/><U38/><E38/><V108/><F108/><W27/><G124/><T53/><D53/><U68/><E1/><V3/><F3/><W96/><G127/><T99/><D99/><U2/><E2/><V6/><F100/><W126/><G96/><T51/><D51/><U104/><E62/><V47/><F63/><W93/><G97/><T101/><D101/><U24/><E65/><V105/><F98/><W92/><G126/><T26/><D26/><U69/><E24/><V11/><F90/><RYUUKYOKU ba="0,1" sc="214,30,237,-10,237,-10,302,-10" hai0="14,15,16,20,25,80,84,87,88,89,113,114,115" /><INIT seed="2,1,1,1,1,77" ten="244,227,227,292" oya="2" hai0="64,39,120,130,46,57,7,122,134,72,30,127,102" hai1="22,31,50,36,25,113,111,129,65,47,91,106,94" hai2="69,16,18,48,23,27,92,41,109,13,38,132,52" hai3="73,84,114,82,34,89,40,59,121,3,45,61,126"/><V93/><F69/><W124/><G3/><T103/><D127/><U8/><E113/><V9/><F132/><W54/><G34/><T117/><D134/><U88/><E111/><V67/><F67/><W5/><G5/><T56/><D130/><U97/><E129/><V14/><F109/><W115/><G121/><T118/><D72/><U2/><E36/><V86/><F38/><W128/><G73/><T1/><D30/><U74/><E74/><V99/><F41/><W28/><G28/><T66/><D7/><U110/><E110/><V24/><F86/><W62/><G62/><T80/><D1/><U42/><E106/><V100/><F93/><W15/><G15/><T53/><D39/><U32/><E65/><N who="0" m="25193" /><D80/><U83/><E32/><V112/><F112/><N who="3" m="43051" /><G128/><T63/><D46/><AGARI ba="1,1" hai="9,13,14,16,18,23,24,27,46,48,52,92,99,100" machi="46" ten="30,11600,0" yaku="7,1,8,1,54,2" doraHai="77" who="2" fromWho="0" sc="244,-119,227,0,227,129,292,0" /><INIT seed="2,2,0,4,2,8" ten="125,227,356,292" oya="2" hai0="110,117,7,103,114,85,50,59,74,25,94,75,122" hai1="39,35,31,1,15,133,4,36,119,87,13,60,79" hai2="20,132,55,29,10,6,120,108,41,19,77,64,118" hai3="66,21,113,111,23,73,127,76,58,53,9,63,67"/><V126/><F118/><W47/><G111/><T46/><D122/><U16/><E119/><V124/><F41/><W54/><G113/><T125/><D114/><U45/><E133/><V91/><F77/><W106/><G106/><T99/><D117/><U2/><E60/><V61/><F120/><W101/><G101/><T90/><D110/><U65/><E65/><V135/><F55/><W78/><G73/><T57/><D125/><N who="2" m="48234" /><F91/><W109/><G109/><T44/><D7/><U33/><E79/><V72/><F29/><W80/><G127/><T98/><D25/><U32/><E31/><V0/><F72/><W93/><G93/><T100/><D85/><U115/><E87/><V48/><F48/><W130/><G130/><T71/><D71/><U128/><E115/><V12/><F108/><W30/><G30/><T24/><D24/><U121/><E121/><V89/><F89/><W129/><G129/><T22/><D22/><U62/><E128/><V40/><F40/><W131/><G131/><T68/><D68/><AGARI ba="2,0" hai="0,6,10,12,19,20,61,64,68,132,135" m="48234" machi="68" ten="30,2900,0" yaku="18,1,52,1" doraHai="8" who="2" fromWho="0" sc="125,-35,227,0,356,35,292,0" /><INIT seed="2,3,0,0,1,90" ten="90,227,391,292" oya="2" hai0="15,2,115,84,74,80,43,111,60,48,64,105,116" hai1="37,135,113,4,131,87,42,69,79,72,20,85,73" hai2="103,98,8,62,57,110,25,11,9,129,18,34,94" hai3="91,36,77,128,50,45,118,71,134,5,21,14,40"/><V106/><F129/><W26/><G71/><T121/><D115/><U59/><E113/><V35/><F110/><W97/><G118/><T12/><D121/><U51/><E131/><V125/><F125/><W65/><G65/><T22/><D111/><U17/><E135/><V53/><REACH who="2" step="1"/><F106/><REACH who="2" ten="90,227,381,292" step="2"/><W123/><G128/><T126/><D105/><U100/><E69/><V13/><F13/><W56/><G123/><T89/><D126/><U93/><E37/><V7/><F7/><W0/><G14/><T114/><D114/><U86/><E4/><V41/><F41/><W55/><G5/><T32/><D116/><U132/><E132/><V16/><F16/><W102/><G0/><T101/><D2/><U10/><E42/><V38/><F38/><W19/><G134/><T127/><D127/><U83/><E17/><V124/><F124/><W61/><G36/><T39/><D39/><U95/><E10/><V108/><F108/><W31/><G31/><T30/><D12/><U122/><E122/><V109/><F109/><W99/><G77/><T58/><D15/><U76/><E76/><V68/><F68/><W27/><G26/><T96/><D43/><U107/><E107/><V24/><F24/><W120/><G120/><T104/><D104/><U1/><E1/><V92/><F92/><W66/><G40/><T6/><D6/><U78/><E78/><V23/><AGARI ba="3,1" hai="8,9,11,18,23,25,34,35,53,57,62,94,98,103" machi="23" ten="30,6000,0" yaku="1,1,0,1,52,1,53,0" doraHai="90" doraHaiUra="70" who="2" fromWho="2" sc="90,-23,227,-23,381,79,292,-23" /><INIT seed="2,4,0,1,2,34" ten="67,204,460,269" oya="2" hai0="71,14,54,24,101,57,89,37,53,62,78,49,13" hai1="108,25,29,103,65,50,33,55,82,7,135,51,117" hai2="116,20,70,67,9,2,94,42,68,100,86,130,6" hai3="99,134,28,132,129,84,125,11,77,107,87,92,31"/><V56/><F116/><W110/><G110/><T12/><D37/><U119/><E108/><V91/><F130/><W40/><G40/><T111/><D111/><U16/><E135/><V109/><F109/><W5/><G129/><T52/><D101/><U115/><E115/><V128/><F128/><W23/><G125/><T97/><D71/><U10/><E65/><V122/><F122/><W46/><G46/><T18/><D78/><U123/><E123/><V32/><F32/><W104/><G77/><T121/><D121/><U66/><E66/><V112/><F112/><W75/><G75/><T105/><D105/><U4/><E103/><V17/><F42/><W15/><G107/><T59/><D54/><U133/><E133/><N who="3" m="51306" /><G104/><T58/><D58/><U26/><E50/><V72/><F72/><W35/><G35/><T8/><REACH who="0" step="1"/><D24/><REACH who="0" ten="57,204,460,269" step="2"/><U126/><E25/><V48/><F100/><W47/><G47/><T22/><D22/><U0/><E26/><V95/><F67/><W81/><G23/><T114/><D114/><U127/><E55/><V27/><F70/><W69/><G69/><T36/><D36/><U30/><E33/><V102/><F68/><W85/><G81/><T106/><D106/><U90/><E82/><V131/><F131/><W45/><G45/><T74/><D74/><U39/><E39/><V118/><F102/><AGARI ba="4,1" hai="5,11,15,28,31,84,85,87,92,99,102" m="51306" machi="102" ten="30,1000,0" yaku="20,1" doraHai="34" who="3" fromWho="2" sc="57,0,204,0,460,-22,269,32" /><INIT seed="3,0,0,0,5,97" ten="57,204,438,301" oya="3" hai0="85,70,13,22,19,100,78,132,25,27,107,3,122" hai1="61,6,131,29,63,9,45,24,86,102,31,26,39" hai2="66,11,16,84,62,88,44,72,81,1,67,98,50" hai3="114,76,93,41,34,92,65,2,14,74,135,46,32"/><W121/><G121/><T60/><D122/><U95/><E131/><V40/><F72/><W77/><G2/><T4/><D132/><U124/><E124/><V35/><F35/><W64/><G114/><T75/><D75/><U101/><E39/><V118/><F118/><W68/><G135/><T52/><D3/><U105/><E105/><V130/><F130/><W89/><G74/><T21/><D4/><U73/><E73/><V96/><F67/><W57/><G68/><T129/><D129/><U71/><E71/><V79/><F79/><W80/><G80/><N who="0" m="47255" /><D107/><U43/><E63/><V99/><F1/><W91/><G14/><T23/><D70/><U113/><E61/><V127/><F127/><W38/><G57/><N who="0" m="34855" /><D100/><N who="1" m="38507" /><E113/><V28/><F62/><W30/><G30/><N who="1" m="11274" /><E95/><BYE who="1" /><V58/><F66/><W53/><G53/><T133/><D133/><U110/><E110/><V5/><F28/><W134/><G134/><T37/><D37/><U106/><E106/><V54/><F54/><W18/><G38/><T0/><D0/><U48/><E48/><V7/><F58/><W82/><G82/><T119/><D119/><U59/><E59/><V47/><F47/><W112/><G46/><T116/><D116/><U42/><E42/><V55/><F40/><W83/><G83/><T87/><D87/><U15/><E15/><AGARI ba="0,0" hai="5,7,11,15,16,44,50,55,81,84,88,96,98,99" machi="15" ten="40,8000,1" yaku="25,2,8,1,54,2" doraHai="97" who="2" fromWho="1" sc="57,0,204,-80,438,80,301,0" /><INIT seed="4,0,0,1,0,68" ten="57,124,518,301" oya="0" hai0="90,21,43,49,117,134,79,61,42,98,81,69,107" hai1="58,51,70,39,123,87,86,9,40,101,48,97,0" hai2="35,132,25,84,20,56,36,130,59,96,71,126,17" hai3="75,26,1,121,64,89,8,65,128,22,76,100,109"/><T72/><D117/><U99/><E99/><V105/><F36/><W31/><G109/><T2/><D134/><U73/><E73/><V10/><F130/><W4/><G100/><T16/><D2/><U120/><E120/><V95/><F126/><W7/><G121/><T38/><D38/><UN n1="%6A%6D%64%74%66" /><U52/><E123/><V60/><F105/><W93/><G128/><T91/><D107/><U114/><E51/><V54/><F71/><W32/><G4/><T110/><D110/><U12/><E0/><V41/><F41/><W34/><G34/><T3/><D3/><U63/><E114/><V47/><F47/><W30/><G30/><T124/><D124/><U11/><E11/><V28/><F84/><W19/><G76/><T103/><D43/><U104/><E39/><V111/><F59/><W133/><G75/><T14/><D103/><U57/><E70/><V82/><F82/><W77/><G77/><T127/><D127/><U66/><E40/><V116/><F116/><W24/><G133/><T118/><D98/><AGARI ba="0,0" hai="1,7,8,19,22,24,26,31,32,64,65,89,93,98" machi="98" ten="30,1000,0" yaku="7,1" doraHai="68" who="3" fromWho="0" sc="57,-10,124,0,518,0,301,10" /><INIT seed="5,0,0,5,1,2" ten="47,124,518,311" oya="1" hai0="51,79,11,38,60,86,114,42,124,70,14,98,109" hai1="15,20,40,76,97,111,28,106,104,92,132,10,26" hai2="68,83,13,130,134,63,59,43,23,115,93,90,110" hai3="119,53,116,80,123,33,12,0,55,32,47,69,120"/><U52/><E132/><V117/><F110/><W82/><G0/><T8/><D109/><U99/><E111/><V35/><F115/><W41/><G69/><T131/><D114/><U56/><E40/><V129/><F117/><N who="3" m="45131" /><G12/><T57/><D124/><U4/><E76/><V78/><F93/><W73/><G73/><T37/><D131/><U31/><E99/><V108/><F90/><W7/><G47/><T25/><D70/><U122/><E28/><V102/><F102/><W5/><G41/><T29/><D98/><U85/><E85/><V89/><F63/><W54/><G82/><T71/><D71/><U21/><E21/><V88/><F59/><W72/><G80/><T19/><D8/><U1/><E1/><V121/><F121/><N who="3" m="46667" /><G72/><T94/><D79/><U24/><E24/><V75/><F108/><W27/><G27/><T105/><D105/><U3/><E3/><V22/><F68/><W61/><G61/><T113/><D113/><U58/><E58/><V81/><F43/><W65/><G65/><T49/><D42/><U36/><E36/><V66/><F66/><W64/><G64/><T126/><D38/><U100/><REACH who="1" step="1"/><E122/><REACH who="1" ten="47,114,518,311" step="2"/><V133/><F78/><W107/><G107/><T101/><D37/><U16/><E16/><V9/><F75/><W118/><G118/><T67/><D25/><U6/><E6/><AGARI ba="0,1" hai="5,6,7,32,33,53,54,55" m="46667,45131" machi="6" ten="40,12000,2" yaku="28,2,12,1,52,3" doraHai="2" who="3" fromWho="1" sc="47,0,114,-120,518,0,311,130" owari="47,-35.0,-6,-51.0,518,62.0,441,24.0" /></mjloggm>