<mjloggm ver="2.3"><GO type="41" lobby="0"/><UN n0="%E6%94%BE%E9%8A%83%E8%A2%AB%E5%AE%B3%E8%80%85%E3%81%AE%E4%BC%9A" n1="%E2%93%9D%53%75%70%68%78" n2="%E2%98%86%E5%A4%A9%E5%85%83%E7%AA%81%E7%A0%B4%E2%98%86" n3="%31%31%32%30%68%61%72%75" dan="13,18,14,13" rate="1897.80,2137.83,1926.44,1818.30" sx="M,M,M,M"/><TAIKYOKU oya="0"/><INIT seed="0,0,0,4,4,25" ten="250,250,250,250" oya="0" hai0="29,41,0,28,88,51,112,134,27,92,52,24,79" hai1="119,83,32,133,56,101,61,90,68,91,114,44,98" hai2="81,15,110,64,48,6,94,2,73,55,93,49,116" hai3="117,135,33,127,5,108,123,14,71,16,70,59,26"/><T66/><D112/><U18/><E119/><V3/><F2/><W62/><G117/><T58/><D0/><U54/><E133/><V118/><F3/><W35/><G135/><T34/><D134/><U121/><E121/><V104/><F104/><W42/><G123/><T124/><D124/><U107/><E68/><V128/><F49/><W46/><G127/><T9/><D79/><U106/><E32/><V43/><F43/><W7/><G35/><T113/><D113/><U125/><E107/><V100/><F64/><W72/><G108/><T37/><D9/><U131/><E131/><V132/><F110/><W10/><G72/><T22/><D66/><U21/><E114/><V1/><F132/><W11/><G59/><T75/><D75/><U89/><E125/><V84/><F73/><W23/><G62/><T115/><D115/><U103/><E103/><V47/><F1/><W12/><G33/><T109/><D109/><U38/><E38/><AGARI ba="0,0" hai="5,7,10,11,12,14,16,23,26,38,42,46,70,71" machi="38" ten="30,3900,0" yaku="7,1,9,1,54,1" doraHai="25" who="3" fromWho="1" sc="250,0,250,-39,250,0,250,39" /><INIT seed="1,0,0,5,0,56" ten="250,211,250,289" oya="1" hai0="34,67,78,43,23,61,107,60,101,49,94,32,12" hai1="125,122,76,112,88,77,75,120,66,21,19,74,27" hai2="29,103,53,6,64,127,51,0,45,1,100,98,71" hai3="54,13,72,8,81,118,68,95,89,85,30,91,106"/><U79/><E112/><V90/><F29/><W124/><G106/><T10/><D107/><U105/><E105/><V111/><F111/><W97/><G124/><T7/><D78/><U44/><E125/><V11/><F127/><W26/><G118/><T5/><D67/><U59/><E44/><V84/><F0/><W57/><G68/><T17/><D34/><U52/><E66/><V87/><F87/><W130/><G130/><T114/><D32/><U28/><E28/><V3/><F3/><W31/><G72/><T131/><D131/><U99/><E75/><V80/><REACH who="2" step="1"/><F98/><REACH who="2" ten="250,211,240,289" step="2"/><W123/><G123/><T108/><D108/><U65/><E74/><V15/><F15/><W133/><G31/><T86/><D114/><U110/><E110/><V126/><F126/><W129/><G129/><T92/><D86/><U69/><E122/><V33/><F33/><W116/><G30/><T2/><D2/><U128/><E128/><V63/><AGARI ba="0,1" hai="1,6,11,45,51,53,63,64,71,80,84,90,100,103" machi="63" ten="30,4000,0" yaku="1,1,0,1,52,1,53,0" doraHai="56" doraHaiUra="16" who="2" fromWho="2" sc="250,-10,211,-20,240,50,289,-10" /><INIT seed="2,0,0,5,3,11" ten="240,191,290,279" oya="2" hai0="128,112,124,106,96,35,120,18,82,76,105,75,70" hai1="41,98,15,99,4,39,86,87,64,50,29,26,84" hai2="118,62,10,108,16,74,61,132,49,133,135,58,1" hai3="91,0,134,47,38,23,125,127,2,52,95,110,90"/><V55/><F118/><W59/><G110/><T67/><D120/><U121/><E39/><V122/><F122/><W72/><G72/><T109/><D112/><U21/><E121/><V54/><F74/><W80/><G134/><T12/><D109/><U43/><E64/><V107/><F107/><W19/><G38/><T102/><D124/><N who="3" m="47689" /><G47/><T57/><D70/><U6/><E50/><N who="2" m="31095" /><F1/><W81/><G91/><T34/><D128/><U65/><E65/><V7/><F7/><W123/><G123/><T111/><D111/><U83/><E83/><V71/><F71/><W126/><G81/><T63/><REACH who="0" step="1"/><D106/><REACH who="0" ten="230,191,290,279" step="2"/><U42/><E6/><V115/><F115/><W119/><G126/><T48/><D48/><U32/><E4/><V101/><F108/><W114/><G114/><T113/><D113/><U36/><E36/><V24/><F132/><W51/><G119/><T13/><D13/><U79/><E79/><V27/><F133/><W88/><G80/><T117/><D117/><U44/><E44/><V131/><F135/><W69/><G69/><T73/><D73/><U9/><E9/><AGARI ba="0,1" hai="9,12,18,34,35,57,63,67,75,76,82,96,102,105" machi="9" ten="30,7700,0" yaku="1,1,7,1,52,1,53,1" doraHai="11" doraHaiUra="14" who="0" fromWho="1" sc="230,87,191,-77,290,0,279,0" /><INIT seed="3,0,0,4,0,113" ten="317,114,290,279" oya="3" hai0="53,30,112,19,34,97,131,82,109,84,114,90,45" hai1="12,18,36,5,44,101,4,125,77,27,26,104,81" hai2="52,111,21,117,41,35,24,80,54,92,58,13,95" hai3="130,10,15,23,47,7,96,70,3,57,76,1,50"/><W25/><G70/><T115/><D109/><U132/><E132/><V103/><F117/><W93/><G130/><T43/><D131/><U79/><E125/><V59/><F41/><W98/><G57/><T22/><D97/><U49/><E36/><V17/><F80/><W64/><G64/><T134/><D134/><U128/><E104/><V40/><F40/><W129/><G129/><T56/><D30/><U106/><E106/><V71/><F71/><W83/><G1/><T29/><D29/><U91/><E101/><V28/><F103/><W20/><G3/><T121/><D34/><U48/><E128/><V86/><F111/><W85/><G25/><N who="0" m="14559" /><D56/><U60/><E27/><V62/><REACH who="2" step="1"/><F86/><REACH who="2" ten="317,114,280,279" step="2"/><W37/><G37/><T135/><D135/><U66/><E81/><V123/><F123/><W102/><REACH who="3" step="1"/><G96/><REACH who="3" ten="317,114,280,269" step="2"/><T72/><D112/><U107/><E66/><V14/><F14/><W42/><AGARI ba="0,2" hai="7,10,15,20,23,42,47,50,76,83,85,93,98,102" machi="42" ten="20,18000,2" yaku="1,1,2,1,0,1,7,1,25,2,8,1,53,0" doraHai="113" doraHaiUra="65" who="3" fromWho="3" sc="317,-60,114,-60,280,-60,269,200" /><INIT seed="3,1,0,3,1,32" ten="257,54,220,469" oya="3" hai0="51,123,115,60,103,56,69,5,48,25,92,134,30" hai1="19,131,113,130,44,107,87,111,40,45,54,0,8" hai2="75,29,84,132,108,22,120,88,76,37,23,112,1" hai3="15,28,13,72,39,61,26,106,7,63,24,57,11"/><W135/><G39/><T125/><D123/><U74/><E107/><V4/><F112/><W128/><G72/><T38/><D38/><U36/><E113/><V18/><F120/><W89/><G106/><T16/><D115/><U119/><E87/><V41/><F132/><W42/><G42/><T104/><D134/><U109/><E19/><V121/><F29/><W50/><G135/><T96/><D125/><U83/><E54/><V127/><F18/><W110/><G110/><N who="1" m="41994" /><E45/><N who="2" m="23727" /><F127/><W33/><G26/><T9/><D69/><U14/><E14/><V66/><F66/><W10/><G89/><T34/><D104/><U85/><E85/><V53/><F53/><W80/><G80/><T43/><D43/><U129/><E119/><V21/><F121/><W2/><G50/><T94/><D16/><U65/><E65/><V27/><F27/><W55/><G15/><T116/><D116/><U122/><E122/><V93/><F23/><W100/><G100/><T58/><D34/><U102/><E102/><V95/><F95/><W73/><G55/><T105/><D92/><U31/><E31/><V59/><F59/><W67/><G67/><T97/><D105/><U78/><E131/><V99/><F99/><W91/><G33/><N who="0" m="20687" /><D96/><U77/><E77/><V70/><F70/><W124/><G28/><T114/><D114/><U126/><E126/><V47/><F47/><W49/><G124/><T101/><D58/><U90/><E90/><V6/><F108/><W79/><G57/><T46/><D103/><U81/><E81/><N who="2" m="45215" /><F6/><AGARI ba="1,0" hai="0,6,8,36,40,44,74,78,83,129,130" m="41994" machi="6" ten="30,7700,0" yaku="25,1,14,1,23,1,52,1" doraHai="32" who="1" fromWho="2" sc="257,0,54,80,220,-80,469,0" /><INIT seed="4,0,0,0,1,75" ten="257,134,140,469" oya="0" hai0="74,48,82,110,107,49,39,45,95,123,14,108,100" hai1="50,70,79,121,43,73,38,13,126,46,11,44,85" hai2="131,103,69,53,25,115,62,86,109,58,0,60,19" hai3="130,3,28,24,20,112,91,102,26,12,61,18,119"/><T118/><D123/><U134/><E121/><V67/><F109/><N who="0" m="42090" /><D118/><U40/><E73/><V78/><F0/><W116/><G102/><T94/><D39/><U117/><E126/><V71/><F103/><W32/><G61/><T47/><D14/><U93/><E134/><V120/><F120/><W125/><G125/><T21/><D21/><U59/><E70/><V128/><F115/><W77/><G112/><T129/><D129/><U17/><E59/><V87/><F71/><W90/><G130/><N who="2" m="49705" /><F78/><W36/><G36/><T133/><D133/><U84/><E117/><V55/><F55/><W2/><G77/><N who="0" m="44343" /><D107/><U54/><E79/><V76/><F76/><W98/><G119/><T57/><D57/><U122/><E122/><V22/><AGARI ba="0,0" hai="19,22,25,53,58,60,62,67,69,86,87" m="49705" machi="22" ten="30,1100,0" yaku="19,1" doraHai="75" who="2" fromWho="2" sc="257,-5,134,-3,140,11,469,-3" /><INIT seed="5,0,0,0,5,76" ten="252,131,151,466" oya="1" hai0="23,36,34,93,112,102,49,12,14,50,55,38,62" hai1="52,39,109,68,20,132,129,35,101,24,60,58,45" hai2="99,83,28,82,131,71,21,116,59,111,69,0,110" hai3="1,100,84,121,120,106,15,91,66,104,92,127,53"/><U118/><E118/><V54/><F0/><W89/><G1/><T10/><D34/><U75/><E129/><V17/><F116/><W67/><G15/><T31/><D112/><U86/><E75/><V11/><F131/><W3/><G3/><T96/><D36/><U48/><E132/><V73/><F73/><W124/><G53/><T56/><D38/><U122/><E35/><V57/><F99/><N who="3" m="59495" /><G67/><T70/><D70/><U44/><E122/><V103/><F103/><W97/><G66/><T46/><D46/><U8/><E109/><V4/><F28/><W77/><G97/><T90/><D102/><U115/><E115/><V85/><F85/><W135/><G135/><T87/><D87/><U78/><E8/><V130/><F130/><W29/><G29/><T6/><REACH who="0" step="1"/><D12/><REACH who="0" ten="242,131,151,466" step="2"/><U113/><E113/><V128/><F128/><W107/><G121/><T2/><D2/><U26/><E101/><V74/><F74/><W94/><G120/><T80/><D80/><N who="2" m="30762" /><F71/><W88/><G77/><T105/><D105/><U61/><E78/><V47/><F69/><W65/><G84/><T33/><D33/><U95/><E68/><V13/><F111/><W79/><G79/><T125/><D125/><U5/><E86/><V119/><F110/><W19/><G127/><T51/><D51/><U7/><E39/><V18/><F119/><W22/><G124/><T16/><D16/><N who="2" m="6250" /><F21/><W43/><G22/><T117/><D117/><U114/><E114/><V72/><F72/><W40/><G107/><T98/><D98/><U134/><E20/><V32/><F32/><W37/><G106/><RYUUKYOKU ba="0,1" sc="242,15,131,-15,151,15,466,-15" hai0="6,10,14,23,31,49,50,55,56,62,90,93,96" hai2="4,11,13,47,54,57,59" /><INIT seed="6,1,1,1,4,16" ten="257,116,166,451" oya="2" hai0="50,56,11,59,6,91,128,4,76,64,53,55,13" hai1="104,51,135,90,54,123,81,26,95,18,119,127,98" hai2="130,72,35,121,48,12,105,32,31,23,78,107,124" hai3="87,92,122,28,115,60,40,120,38,114,73,88,129"/><V77/><F121/><W133/><G73/><T52/><D128/><U111/><E111/><V93/><F35/><W96/><G129/><T2/><D76/><U71/><E119/><V57/><F32/><W44/><G133/><T34/><D34/><U27/><E71/><V17/><F130/><W113/><G28/><T117/><D117/><U86/><E127/><V43/><F72/><W116/><G116/><T82/><D2/><U69/><E69/><V10/><F105/><W20/><G60/><N who="0" m="37895" /><D4/><U24/><E104/><V41/><F107/><W42/><G40/><N who="2" m="15433" /><F93/><W106/><G106/><T84/><AGARI ba="1,1" hai="6,11,13,50,52,53,55,59,82,84,91" m="37895" machi="84" ten="30,2000,0" yaku="8,1,54,1" doraHai="16" who="0" fromWho="0" sc="257,33,116,-6,166,-11,451,-6" /><INIT seed="7,0,0,2,1,87" ten="290,110,155,445" oya="3" hai0="88,30,119,80,61,90,25,104,92,132,22,106,47" hai1="26,9,54,118,122,120,46,125,77,23,130,74,18" hai2="72,93,16,14,52,53,83,111,24,131,75,35,64" hai3="45,110,56,135,129,107,19,0,123,39,48,126,38"/><W21/><G123/><T11/><D132/><U99/><E130/><V31/><F111/><W85/><G135/><T78/><D119/><U71/><E71/><V59/><F131/><W97/><G129/><T94/><D61/><U5/><E118/><V7/><F7/><W98/><G0/><T91/><D106/><U40/><E54/><V114/><F114/><W115/><G115/><T121/><D121/><U105/><E125/><V27/><F27/><W113/><G113/><T127/><D127/><U66/><E66/><V42/><F42/><W108/><G126/><T32/><D32/><U63/><E63/><V124/><F124/><W57/><G85/><N who="0" m="48279" /><D104/><U102/><E77/><V13/><F13/><W20/><G107/><T33/><D33/><U134/><E74/><V2/><F2/><W36/><G48/><T116/><D116/><U100/><E100/><V3/><F3/><W12/><G45/><T6/><D47/><U43/><E134/><V51/><F64/><W68/><G68/><T103/><D103/><U49/><REACH who="1" step="1"/><E43/><REACH who="1" ten="290,100,155,445" step="2"/><V67/><F67/><W10/><G110/><T8/><D6/><U37/><E37/><V70/><F70/><W58/><G108/><T112/><D112/><U4/><E4/><V50/><F75/><W34/><G34/><T17/><D94/><U79/><E79/><V109/><F93/><W69/><G69/><T62/><D92/><U86/><E86/><V1/><F109/><W133/><G133/><T82/><D62/><U76/><E76/><V81/><F72/><W128/><G128/><T96/><D96/><U84/><E84/><RYUUKYOKU ba="0,1" sc="290,-15,100,15,155,-15,445,15" hai1="5,9,18,23,26,40,46,49,99,102,105,120,122" hai3="10,12,19,20,21,36,38,39,56,57,58,97,98" owari="275,8.0,115,-38.0,140,-26.0,470,56.0" /></mjloggm>