<mjloggm ver="2.3"><GO type="41" lobby="0"/><UN n0="%E8%8F%9C%E3%81%AE%E8%8A%B1%E3%81%AE%E5%A4%A9%E3%81%B7%E3%82%89" n1="%6E%75%75%38" n2="%E2%93%9D%53%75%70%68%78" n3="%E3%81%BE%E3%81%95%E3%81%A3%E3%81%A1%E3%82%83%E3%82%93" dan="13,14,18,15" rate="1818.75,1872.93,2080.16,1989.04" sx="F,M,M,M"/><TAIKYOKU oya="0"/><INIT seed="0,0,0,5,1,117" ten="250,250,250,250" oya="0" hai0="0,85,109,112,63,83,76,79,21,69,27,40,75" hai1="22,104,54,62,81,99,15,101,132,48,87,38,37" hai2="36,124,111,84,86,92,33,80,74,7,113,106,5" hai3="52,50,59,19,107,77,16,118,39,100,93,67,49"/><T35/><D112/><U18/><E62/><V133/><F36/><W95/><G118/><T134/><D134/><U116/><E132/><V47/><F33/><W41/><G39/><T71/><D0/><U127/><E127/><V122/><F106/><W98/><G77/><T3/><D3/><U105/><E105/><V61/><F111/><W29/><G29/><T72/><D109/><U53/><E53/><V32/><F74/><W24/><G67/><T91/><D40/><U78/><REACH who="1" step="1"/><E116/><REACH who="1" ten="250,240,250,250" step="2"/><V97/><F61/><W66/><G66/><T13/><D63/><U28/><E28/><V56/><F124/><W103/><G107/><T94/><D72/><U45/><AGARI ba="0,1" hai="15,18,22,37,38,45,48,54,78,81,87,99,101,104" machi="45" ten="20,2700,0" yaku="1,1,0,1,7,1,53,0" doraHai="117" doraHaiUra="25" who="1" fromWho="1" sc="250,-13,240,37,250,-7,250,-7" /><INIT seed="1,0,0,5,5,134" ten="237,277,243,243" oya="1" hai0="109,45,131,17,23,2,33,28,60,68,89,103,56" hai1="14,73,107,29,71,83,70,114,39,129,21,78,13" hai2="7,1,34,92,40,95,9,38,61,119,62,124,58" hai3="52,42,25,113,74,37,81,116,30,108,8,35,99"/><U111/><E114/><V104/><F104/><W126/><G113/><T77/><D109/><U55/><E129/><V36/><F34/><W12/><G108/><T51/><D131/><U16/><E39/><V66/><F119/><W120/><G120/><T125/><D2/><U50/><E107/><V122/><F122/><W3/><G116/><T97/><D68/><U101/><E101/><V102/><F124/><W85/><G99/><T27/><D77/><U98/><E98/><V18/><F18/><W5/><G126/><T94/><D125/><U53/><E53/><V112/><F112/><W49/><G74/><T22/><D103/><U0/><E0/><V67/><F102/><W80/><G3/><T46/><D23/><U100/><E100/><V43/><F38/><W106/><G106/><T88/><D89/><U123/><E123/><V54/><F54/><W130/><G130/><T128/><D128/><U84/><E29/><V41/><REACH who="2" step="1"/><F36/><REACH who="2" ten="237,277,233,243" step="2"/><W87/><G37/><T91/><D17/><U15/><E111/><V19/><F19/><W57/><REACH who="3" step="1"/><G42/><REACH who="3" ten="237,277,233,233" step="2"/><T72/><D33/><U135/><E135/><V79/><F79/><W26/><G26/><T48/><D27/><U47/><REACH who="1" step="1"/><E73/><REACH who="1" ten="237,267,233,233" step="2"/><V115/><F115/><W132/><G132/><T4/><D72/><U20/><E20/><V86/><F86/><AGARI ba="0,3" hai="5,8,12,25,30,35,49,52,57,80,81,85,86,87" machi="86" ten="40,2600,0" yaku="1,1,54,1,53,0" doraHai="134" doraHaiUra="65" who="3" fromWho="2" sc="237,0,267,0,233,-26,233,56" /><INIT seed="2,0,0,3,0,27" ten="237,267,207,289" oya="2" hai0="102,98,78,95,9,17,64,47,106,22,128,100,110" hai1="134,92,0,82,132,31,71,5,15,11,85,103,51" hai2="16,32,75,21,69,46,118,77,36,99,109,50,114" hai3="7,3,112,56,125,1,40,129,86,119,131,2,65"/><V70/><F114/><W105/><G119/><T73/><D110/><U111/><E71/><V76/><F118/><W49/><G105/><T37/><D128/><N who="3" m="49225" /><G125/><T55/><D64/><U108/><E0/><V42/><F32/><W113/><G7/><T80/><D9/><U26/><E51/><V104/><F109/><N who="1" m="42057" /><E92/><V54/><F75/><W101/><G101/><T67/><D67/><U126/><E103/><V13/><F104/><W39/><G39/><T88/><D106/><U62/><E62/><V84/><F99/><W60/><G86/><T28/><D28/><U45/><E45/><AGARI ba="0,0" hai="1,2,3,40,45,49,56,60,65,112,113" m="49225" machi="45" ten="40,1300,0" yaku="19,1" doraHai="27" who="3" fromWho="1" sc="237,0,267,-13,207,0,289,13" /><INIT seed="3,0,0,5,1,34" ten="237,254,207,302" oya="3" hai0="108,68,127,50,37,30,16,57,58,17,48,27,43" hai1="10,110,124,112,19,85,133,63,95,134,119,98,49" hai2="123,126,71,132,81,120,39,8,105,121,44,107,41" hai3="45,88,46,76,73,114,61,28,51,72,60,11,116"/><W4/><G114/><T69/><D108/><U103/><E112/><V36/><F132/><N who="1" m="50793" /><E110/><V87/><F126/><W100/><G116/><T84/><D127/><U21/><E124/><V47/><F71/><W14/><G100/><T82/><D37/><U83/><E63/><V80/><F8/><W94/><G28/><T128/><D128/><U22/><E49/><V15/><F15/><W12/><G76/><T97/><D97/><U20/><E10/><V9/><F9/><W52/><G46/><T109/><D109/><U29/><E29/><V96/><F96/><W5/><G73/><T79/><D68/><U40/><E40/><V0/><F87/><N who="3" m="52511" /><G72/><T54/><D69/><U31/><E31/><V106/><REACH who="2" step="1"/><F0/><REACH who="2" ten="237,254,197,302" step="2"/><W104/><G104/><T66/><D43/><AGARI ba="0,1" hai="36,39,41,43,44,47,80,81,105,106,107,120,121,123" machi="43" ten="50,8000,1" yaku="1,1,2,1,9,1,13,1,53,0" doraHai="34" doraHaiUra="65" who="2" fromWho="0" sc="237,-80,254,0,197,90,302,0" /><INIT seed="4,0,0,3,2,6" ten="157,254,287,302" oya="0" hai0="20,107,5,47,75,37,104,132,86,18,19,131,76" hai1="119,33,95,128,21,40,66,38,70,29,25,52,71" hai2="27,55,130,60,35,110,15,96,16,88,59,134,74" hai3="113,77,89,135,63,123,62,8,105,84,45,56,12"/><T109/><D132/><U120/><E119/><V9/><F74/><W10/><G105/><T92/><D75/><U73/><E73/><V103/><F130/><W90/><G113/><T13/><D131/><U124/><E128/><V58/><F110/><W34/><G34/><T94/><D109/><U26/><E124/><V97/><F134/><W14/><G135/><T81/><D5/><U87/><E66/><V114/><F114/><W115/><G115/><T91/><D37/><U127/><E127/><V3/><F3/><W68/><G68/><T61/><D47/><U122/><E38/><V85/><F103/><W43/><G123/><T22/><D61/><N who="3" m="23049" /><G56/><T54/><D54/><U82/><E40/><V50/><F27/><W32/><G32/><T64/><D64/><U121/><E95/><N who="2" m="54671" /><F35/><W46/><G77/><T7/><D7/><U101/><E101/><V24/><F24/><W67/><G67/><AGARI ba="0,0" hai="9,15,16,50,55,58,59,60,67,96,97" m="54671" machi="67" ten="30,7700,0" yaku="8,1,52,1,54,2" doraHai="6" who="2" fromWho="3" sc="157,0,254,0,287,77,302,-77" /><INIT seed="5,0,0,3,5,127" ten="157,254,364,225" oya="1" hai0="0,107,17,65,10,88,8,43,48,53,52,134,13" hai1="39,38,74,87,91,121,115,4,5,56,96,119,24" hai2="93,59,122,118,64,125,97,49,132,98,62,41,71" hai3="28,16,117,75,111,44,114,79,67,47,18,30,128"/><U126/><E119/><V108/><F108/><W27/><G111/><T69/><D107/><U23/><E121/><V68/><F98/><W34/><G114/><T129/><D134/><U35/><E35/><V82/><F125/><W1/><G1/><T72/><D72/><U2/><E74/><V130/><F82/><W32/><G117/><T12/><D0/><U77/><E126/><V133/><F130/><W99/><G67/><T83/><D129/><U94/><E115/><V106/><F106/><W55/><G99/><T95/><D83/><U89/><E77/><V33/><F33/><W116/><G116/><T42/><D65/><U131/><E56/><V124/><F122/><W104/><G104/><T7/><D69/><U20/><E20/><V86/><F86/><W103/><G103/><T54/><REACH who="0" step="1"/><D48/><REACH who="0" ten="147,254,364,225" step="2"/><U120/><E120/><V90/><F124/><W25/><G75/><T31/><D31/><U84/><E131/><V60/><F118/><W15/><G128/><T76/><D76/><U105/><E2/><V29/><F29/><W110/><G110/><T45/><D45/><U58/><E105/><V50/><F71/><W109/><G109/><T135/><D135/><U6/><E58/><V70/><F70/><W101/><G79/><T40/><D40/><U112/><E112/><V37/><F133/><W85/><G101/><T36/><D36/><U57/><E57/><V14/><F132/><W51/><G47/><T3/><D3/><U78/><E78/><V46/><F37/><N who="1" m="13833" /><E91/><V123/><F123/><W80/><G80/><T21/><D21/><U26/><E23/><RYUUKYOKU ba="0,1" sc="147,15,254,15,364,-15,225,-15" hai0="7,8,10,12,13,17,42,43,52,53,54,88,95" hai1="4,5,6,24,26,84,87,89,94,96" /><INIT seed="5,1,1,1,0,119" ten="162,269,349,210" oya="1" hai0="40,111,38,134,65,101,19,61,74,6,87,113,45" hai1="64,69,7,118,59,21,10,88,71,22,1,99,27" hai2="42,26,76,90,32,3,63,67,116,58,37,91,73" hai3="94,9,55,112,97,72,75,127,131,107,8,0,51"/><U120/><E120/><V109/><F109/><W100/><G112/><T89/><D111/><U18/><E118/><V57/><F3/><W28/><G127/><T96/><D113/><U35/><E21/><V128/><F128/><W13/><G131/><T124/><D74/><U78/><E78/><V36/><F42/><W80/><G28/><T5/><D134/><U24/><E59/><V62/><F116/><W82/><G107/><T56/><D124/><U49/><E49/><V132/><F132/><W104/><G104/><T92/><REACH who="0" step="1"/><D19/><REACH who="0" ten="152,269,349,210" step="2"/><U79/><E18/><V44/><F73/><W23/><G75/><T81/><AGARI ba="1,2" hai="5,6,38,40,45,56,61,65,81,87,89,92,96,101" machi="81" ten="20,5200,0" yaku="1,1,2,1,0,1,7,1,53,0" doraHai="119" doraHaiUra="115" who="0" fromWho="0" sc="152,75,269,-27,349,-14,210,-14" /><INIT seed="6,0,0,3,5,38" ten="227,242,335,196" oya="2" hai0="55,106,108,78,66,11,111,34,81,62,79,68,54" hai1="115,14,112,71,63,74,19,84,87,59,126,98,105" hai2="127,36,45,61,101,7,80,40,69,9,0,52,31" hai3="27,91,28,70,6,95,125,8,24,39,128,23,56"/><V116/><F116/><W33/><G70/><T92/><D106/><U94/><E126/><V88/><F101/><W77/><G125/><T10/><D34/><U47/><E74/><V2/><F31/><W51/><G128/><T122/><D122/><U49/><E71/><V60/><F2/><W20/><G39/><T117/><D117/><U65/><E105/><V44/><F69/><W123/><G123/><T15/><D92/><U83/><E83/><V102/><F102/><W76/><G33/><T32/><D32/><U41/><E115/><V22/><F22/><W110/><G110/><T109/><D78/><U42/><E112/><V131/><F131/><W46/><G56/><T50/><D15/><U58/><E58/><V35/><F35/><W114/><G114/><T1/><D1/><U13/><E13/><V99/><F127/><W37/><G37/><T30/><D30/><U118/><E118/><V120/><F120/><W17/><G8/><T48/><D48/><U16/><E41/><V134/><F134/><W18/><G6/><T86/><REACH who="0" step="1"/><D55/><REACH who="0" ten="217,242,335,196" step="2"/><U89/><REACH who="1" step="1"/><E19/><REACH who="1" ten="217,232,335,196" step="2"/><V29/><F0/><W113/><G113/><T75/><D75/><U132/><E132/><V85/><F29/><W21/><G28/><T121/><D121/><U107/><E107/><V5/><F5/><W72/><G72/><T133/><D133/><U96/><E96/><V93/><F99/><N who="3" m="57855" /><G23/><AGARI ba="0,2" hai="14,16,23,42,47,49,59,63,65,84,87,89,94,98" machi="23" ten="30,8000,1" yaku="1,1,7,1,8,1,52,1,54,1,53,0" doraHai="38" doraHaiUra="104" who="1" fromWho="3" sc="217,0,232,100,335,0,196,-80" /><INIT seed="7,0,0,2,0,105" ten="217,332,335,116" oya="3" hai0="42,115,108,34,98,35,117,90,67,20,125,49,11" hai1="106,32,132,23,104,17,73,100,26,88,74,110,33" hai2="15,4,55,9,111,128,66,36,65,1,40,96,48" hai3="94,63,29,126,109,92,124,81,103,85,14,97,31"/><W8/><G109/><T37/><D117/><U7/><E110/><V93/><F111/><W99/><G63/><T69/><D108/><U119/><E7/><V134/><F128/><W53/><G53/><T28/><D37/><U27/><E88/><N who="2" m="55335" /><F1/><W16/><G126/><T112/><D125/><U113/><E17/><N who="2" m="8431" /><F36/><W5/><G124/><T77/><D77/><U70/><E70/><V10/><F134/><W6/><G6/><T120/><D120/><U101/><E23/><V45/><F40/><W2/><G2/><T118/><D118/><U19/><E19/><V116/><F116/><W3/><G3/><T56/><D69/><U18/><E18/><V76/><F76/><N who="3" m="46247" /><G5/><T43/><D43/><U60/><E119/><V61/><F61/><W87/><G87/><T82/><D42/><U121/><E60/><V38/><F38/><W84/><G84/><N who="0" m="50455" /><D98/><U130/><E121/><V123/><F123/><W62/><G62/><N who="0" m="38343" /><D49/><U135/><E113/><N who="0" m="43593" /><D11/><U46/><E46/><V86/><F86/><W68/><G68/><T47/><D47/><U41/><E41/><V0/><F66/><W51/><G51/><T79/><D79/><U91/><E91/><AGARI ba="0,0" hai="8,14,16,29,31,91,92,94,97,99,103" m="46247" machi="91" ten="30,2900,0" yaku="8,1,54,1" doraHai="105" who="3" fromWho="1" sc="217,0,332,-29,335,0,116,29" /><INIT seed="7,1,0,4,1,1" ten="217,303,335,145" oya="3" hai0="114,5,135,21,133,109,132,130,79,123,29,99,116" hai1="73,36,9,101,90,97,37,129,82,0,94,89,63" hai2="60,40,17,30,11,84,14,48,2,100,35,31,78" hai3="64,124,46,117,105,120,76,58,53,15,125,92,51"/><W32/><G105/><T131/><D79/><U50/><E63/><V13/><F2/><W86/><G120/><T107/><D107/><U43/><E129/><N who="0" m="49161" /><D99/><U34/><E34/><V55/><F35/><W96/><G117/><T70/><D70/><U57/><E90/><V102/><F40/><W39/><G32/><T26/><D116/><U119/><E119/><V134/><F60/><W91/><G64/><T65/><D65/><U121/><E121/><V95/><F134/><W72/><G72/><T93/><D93/><U98/><E73/><V10/><F78/><W88/><G76/><T110/><D123/><U69/><E82/><V104/><F104/><W108/><G108/><N who="0" m="41579" /><D114/><U111/><E69/><V118/><F118/><W54/><G15/><T47/><D47/><U122/><E122/><V3/><F3/><W6/><G6/><AGARI ba="1,0" hai="5,6,21,26,29,132,133,135" m="41579,49161" machi="6" ten="40,12000,2" yaku="20,1,19,1,34,2,52,2" doraHai="1" who="0" fromWho="3" sc="217,123,303,0,335,0,145,-123" owari="340,44.0,303,-10.0,335,14.0,22,-48.0" /></mjloggm>