<mjloggm ver="2.3"><GO type="41" lobby="0"/><UN n0="%43%72%65%73%70%6F%39" n1="%73%79%6F%6B%75%6E%6F%75" n2="%E2%93%9D%53%75%70%68%78" n3="%E3%82%A6%E3%83%8A%E3%82%AE%E3%83%8D%E3%82%B3" dan="15,13,18,16" rate="2029.00,1937.01,2107.68,2043.44" sx="M,M,M,M"/><TAIKYOKU oya="0"/><INIT seed="0,0,0,0,5,1" ten="250,250,250,250" oya="0" hai0="39,29,105,44,90,115,15,56,75,124,133,17,134" hai1="71,25,13,131,76,33,77,6,46,57,68,28,95" hai2="41,109,37,94,4,69,86,63,120,106,65,47,78" hai3="123,64,16,53,38,45,32,92,2,43,30,128,19"/><T58/><D115/><U116/><E116/><V21/><F109/><W93/><G2/><T35/><D105/><U135/><E135/><N who="0" m="51721" /><D75/><U111/><E131/><V84/><F120/><W82/><G128/><T132/><D132/><U51/><E111/><V36/><F36/><W98/><G123/><T89/><D124/><U129/><E129/><V34/><F34/><W102/><G64/><T130/><D130/><U72/><E57/><N who="0" m="22121" /><D29/><U9/><E95/><V20/><F106/><W18/><G82/><T99/><D35/><U81/><REACH who="1" step="1"/><E76/><REACH who="1" ten="250,240,250,250" step="2"/><V91/><F78/><W10/><G92/><T118/><D118/><U62/><E62/><V70/><F70/><W87/><G87/><T79/><D79/><U122/><E122/><V119/><F119/><W22/><G93/><T7/><D99/><U117/><E117/><V67/><F86/><W12/><G98/><T108/><D108/><U8/><E8/><V14/><REACH who="2" step="1"/><F67/><REACH who="2" ten="250,240,240,250" step="2"/><W100/><G100/><T42/><D90/><U74/><E74/><V55/><F55/><AGARI ba="0,2" hai="6,9,13,25,28,33,46,51,55,68,71,72,77,81" machi="55" ten="30,3900,0" yaku="1,1,7,1,52,1,53,0" doraHai="1" doraHaiUra="125" who="1" fromWho="2" sc="250,0,240,59,240,-39,250,0" /><INIT seed="1,0,0,4,2,106" ten="250,299,201,250" oya="1" hai0="53,44,135,37,38,116,48,5,79,72,12,1,99" hai1="31,109,130,61,22,41,24,30,21,91,10,102,96" hai2="45,29,2,117,9,55,32,94,39,18,103,17,132" hai3="67,129,33,64,73,83,57,34,87,77,93,97,80"/><U11/><E41/><V133/><F117/><W113/><G113/><T112/><D112/><U84/><E130/><V70/><F70/><W23/><G129/><T69/><D116/><U118/><E118/><V0/><F94/><W107/><G107/><T92/><D69/><U81/><E109/><V74/><F103/><W42/><G42/><T50/><D135/><N who="2" m="51786" /><F55/><W58/><G33/><T123/><D123/><U20/><E20/><V126/><F45/><W28/><G34/><T15/><D1/><N who="2" m="618" /><F74/><W121/><G121/><T71/><D71/><U131/><E131/><V76/><F76/><W36/><G36/><T120/><D50/><U104/><E61/><V14/><F39/><W26/><G83/><T114/><D114/><U46/><E46/><V75/><F75/><W105/><G105/><T56/><D44/><U43/><E43/><V89/><F89/><W124/><G73/><T19/><D72/><U4/><E4/><N who="2" m="3367" /><F126/><W65/><G124/><T27/><D79/><U66/><REACH who="1" step="1"/><E66/><REACH who="1" ten="250,289,201,250" step="2"/><V134/><F134/><W110/><G110/><T98/><D38/><U59/><E59/><V86/><F86/><W127/><G127/><T90/><D37/><U3/><E3/><V88/><F32/><W85/><G87/><T125/><D125/><U8/><E8/><V62/><F62/><W122/><G122/><T7/><D120/><U78/><E78/><V63/><F63/><W6/><G58/><T68/><D68/><U111/><E111/><V128/><F128/><W13/><G57/><T51/><D56/><U25/><AGARI ba="0,1" hai="10,11,21,22,24,25,30,31,81,84,91,96,102,104" machi="25" ten="30,12000,1" yaku="1,1,0,1,9,1,53,2" doraHai="106" doraHaiUra="16" who="1" fromWho="1" sc="250,-40,289,130,201,-40,250,-40" /><INIT seed="1,1,0,2,3,96" ten="210,419,161,210" oya="1" hai0="81,98,87,6,84,11,29,75,5,132,24,115,93" hai1="65,79,134,42,8,2,34,107,103,71,60,108,39" hai2="121,120,119,62,64,46,68,51,86,61,59,25,15" hai3="117,50,114,88,105,47,17,10,31,57,12,43,66"/><U69/><E79/><V109/><F15/><W85/><G105/><T44/><D115/><U38/><E71/><V113/><F25/><W45/><G117/><T70/><D70/><U52/><E134/><V128/><F86/><W19/><G114/><T131/><D132/><U133/><E133/><V101/><F101/><W77/><G77/><T13/><D131/><U80/><E80/><V63/><F113/><W100/><G31/><T102/><D75/><U55/><E34/><V94/><F94/><W116/><G116/><T122/><D122/><N who="2" m="47210" /><F109/><W41/><G19/><T95/><D5/><U124/><E124/><V92/><F92/><W67/><G57/><T32/><D44/><U3/><E108/><V110/><F110/><W16/><G17/><T9/><D9/><U35/><E35/><V118/><F128/><W37/><REACH who="3" step="1"/><G100/><REACH who="3" ten="210,419,161,200" step="2"/><T99/><D81/><AGARI ba="1,1" hai="10,12,16,37,41,43,45,47,50,66,67,81,85,88" machi="81" ten="30,8000,1" yaku="1,1,2,1,7,1,54,2,53,0" doraHai="96" doraHaiUra="54" who="3" fromWho="0" sc="210,-83,419,0,161,0,200,93" /><INIT seed="2,0,0,3,2,48" ten="127,419,161,293" oya="2" hai0="40,47,14,45,91,6,87,79,129,107,92,67,10" hai1="60,95,44,70,55,64,84,122,131,12,25,114,85" hai2="125,102,111,104,109,133,11,16,23,36,61,49,53" hai3="126,22,97,21,7,135,81,39,9,106,118,29,37"/><V50/><F36/><W51/><G118/><T116/><D107/><U15/><E114/><V127/><F11/><W123/><G123/><T2/><D116/><U32/><E122/><V1/><F1/><W34/><G135/><T98/><D129/><U99/><E131/><V42/><F133/><W120/><G126/><N who="2" m="48137" /><F42/><W77/><G120/><T30/><D30/><U134/><E134/><V74/><F74/><W86/><G22/><T46/><D67/><U59/><E44/><N who="2" m="27815" /><F50/><W89/><G21/><T78/><D40/><U52/><E70/><V82/><F82/><W3/><G51/><T33/><D33/><U28/><E15/><N who="2" m="9631" /><F61/><W5/><G7/><T121/><D121/><U72/><E72/><V124/><F124/><W130/><G130/><T38/><D38/><U119/><E12/><V93/><F104/><W54/><G39/><T88/><REACH who="0" step="1"/><D2/><REACH who="0" ten="117,419,161,293" step="2"/><U76/><E119/><V19/><F19/><W4/><G37/><T101/><D101/><U117/><E117/><V69/><F69/><W27/><G106/><T68/><D68/><U108/><E28/><V17/><F17/><W18/><G18/><T13/><D13/><U75/><E32/><V100/><F100/><W58/><G5/><T110/><D110/><U56/><E108/><V26/><F26/><W66/><G27/><T31/><D31/><U57/><E25/><V90/><F102/><W132/><G29/><T105/><D105/><U62/><E64/><V94/><F94/><AGARI ba="0,1" hai="6,10,14,45,46,47,78,79,87,88,91,92,94,98" machi="94" ten="40,5200,0" yaku="1,1,8,1,54,1,53,0" doraHai="48" doraHaiUra="35" who="0" fromWho="2" sc="117,62,419,0,161,-52,293,0" /><INIT seed="3,0,0,5,5,110" ten="179,419,109,293" oya="3" hai0="121,53,38,117,1,115,119,46,69,21,104,45,133" hai1="54,59,103,134,6,71,42,12,112,9,78,83,13" hai2="93,91,113,22,8,127,28,41,70,120,39,86,30" hai3="31,95,105,25,118,43,101,126,67,62,0,82,49"/><W124/><G0/><T3/><D121/><U66/><E71/><V98/><F127/><N who="3" m="48683" /><G118/><T131/><D21/><U108/><E108/><V84/><F70/><N who="3" m="42359" /><G82/><T128/><D53/><U125/><E125/><V26/><F120/><W18/><G18/><T107/><D69/><U40/><E134/><V34/><F113/><W33/><G95/><T48/><D48/><U88/><E112/><V129/><F129/><W96/><G49/><T64/><D64/><U32/><E32/><V81/><F34/><W35/><G35/><T57/><D57/><U51/><E66/><V60/><F30/><W79/><G43/><T4/><D4/><U50/><E103/><V24/><F41/><W55/><G79/><T37/><D133/><U5/><E78/><V23/><F39/><W130/><G55/><T14/><REACH who="0" step="1"/><D14/><REACH who="0" ten="169,419,109,293" step="2"/><U97/><E51/><V47/><F60/><W122/><G122/><T111/><D111/><U17/><E6/><V109/><F109/><W89/><G130/><T10/><D10/><U94/><REACH who="1" step="1"/><E83/><REACH who="1" ten="169,409,109,293" step="2"/><V132/><F81/><W2/><G2/><T11/><D11/><AGARI ba="0,2" hai="5,9,11,12,13,17,40,42,50,54,59,88,94,97" machi="11" ten="30,8000,1" yaku="1,1,2,1,7,1,8,1,54,1,53,0" doraHai="110" doraHaiUra="114" who="1" fromWho="0" sc="169,-80,409,100,109,0,293,0" /><INIT seed="4,0,0,4,3,27" ten="89,509,109,293" oya="0" hai0="15,120,114,29,123,56,45,97,11,135,71,74,101" hai1="79,128,26,133,105,116,36,25,86,51,107,122,53" hai2="87,55,115,13,4,34,52,59,41,30,91,12,73" hai3="50,83,89,106,60,63,64,14,62,5,17,67,65"/><T111/><D71/><U121/><E36/><V33/><F73/><W118/><G106/><T92/><D114/><U61/><E116/><V85/><F115/><W131/><G131/><T103/><D74/><U132/><E61/><V98/><F41/><W20/><G118/><T70/><D70/><U8/><E26/><V42/><F42/><W1/><G1/><T75/><D75/><U125/><E8/><V57/><F98/><W88/><G5/><T49/><D135/><N who="1" m="51787" /><E25/><V46/><F46/><W69/><G69/><T78/><D78/><U19/><E19/><V104/><F91/><W43/><G83/><T117/><D117/><U68/><E68/><V126/><F4/><W37/><G37/><T32/><D56/><U72/><E72/><V2/><F104/><W38/><G38/><T134/><D134/><U127/><E51/><V10/><F10/><W81/><G81/><T130/><D130/><U44/><E44/><AGARI ba="0,0" hai="14,17,20,43,44,50,60,62,63,64,65,67,88,89" machi="44" ten="40,2600,0" yaku="8,1,54,1" doraHai="27" who="3" fromWho="1" sc="89,0,509,-26,109,0,293,26" /><INIT seed="5,0,0,1,5,18" ten="89,483,109,319" oya="1" hai0="46,85,108,53,62,134,130,54,48,49,125,112,84" hai1="35,60,32,31,25,14,27,111,28,33,128,70,67" hai2="41,50,63,123,0,37,16,38,23,135,36,99,68" hai3="65,75,102,81,20,90,120,82,8,92,5,44,30"/><U76/><E128/><V66/><F123/><W80/><G120/><T127/><D108/><U34/><E76/><V29/><F0/><W121/><G121/><T56/><D85/><U95/><E111/><V19/><F135/><W78/><G65/><N who="0" m="39111" /><D84/><U97/><REACH who="1" step="1"/><E14/><REACH who="1" ten="89,473,109,319" step="2"/><V83/><F38/><W122/><G122/><T86/><D130/><U24/><E24/><V10/><F37/><W117/><G117/><T105/><D112/><U61/><E61/><V106/><F63/><W103/><G78/><T98/><D134/><U118/><E118/><V131/><F36/><W79/><G79/><T55/><D105/><U17/><E17/><V110/><F19/><W1/><G75/><T64/><D86/><U100/><AGARI ba="0,1" hai="25,27,28,31,32,33,34,35,60,67,70,95,97,100" machi="100" ten="20,7800,0" yaku="1,1,0,1,7,1,9,1,53,0" doraHai="18" doraHaiUra="126" who="1" fromWho="1" sc="89,-26,473,88,109,-26,319,-26" /><INIT seed="5,1,0,5,0,40" ten="63,561,83,293" oya="1" hai0="22,15,85,101,30,20,112,109,18,5,63,69,81" hai1="124,76,82,28,37,21,27,7,70,129,51,104,65" hai2="16,95,58,36,68,12,102,78,1,48,49,62,134" hai3="6,110,52,56,131,84,33,92,98,105,130,120,44"/><U123/><E37/><V83/><F1/><W106/><G120/><T132/><D109/><U121/><E104/><V42/><F68/><W31/><G110/><T53/><D112/><U133/><E133/><V60/><F134/><W13/><G84/><T2/><D132/><U74/><E129/><V47/><F62/><W71/><G71/><T4/><D101/><U97/><E124/><V55/><F95/><W135/><G31/><T29/><D69/><U96/><E7/><N who="0" m="2633" /><D2/><U93/><E97/><V66/><F66/><W39/><G33/><T73/><D73/><U90/><E65/><V89/><F89/><W46/><G39/><T125/><D125/><U88/><E70/><V108/><F102/><N who="3" m="60743" /><G135/><T122/><D122/><U23/><E90/><V3/><F3/><W32/><G32/><T41/><D41/><U111/><E111/><V14/><F14/><W75/><G75/><T119/><D20/><U72/><E72/><V8/><F108/><W34/><G34/><T38/><D38/><U57/><E21/><V11/><F11/><N who="3" m="4343" /><G106/><T100/><D100/><U116/><E116/><V10/><F10/><W50/><G105/><T103/><D103/><U54/><AGARI ba="1,0" hai="23,27,28,51,54,57,74,76,82,88,93,96,121,123" machi="54" ten="30,3000,0" yaku="0,1,54,1" doraHai="40" who="1" fromWho="1" sc="63,-11,561,33,83,-11,293,-11" /><INIT seed="5,2,0,2,4,29" ten="52,594,72,282" oya="1" hai0="134,22,24,69,26,106,93,85,5,38,63,99,132" hai1="89,31,133,84,67,71,46,92,116,17,3,65,64" hai2="60,41,115,74,16,111,87,102,80,100,7,96,11" hai3="123,55,23,45,83,58,124,86,129,43,6,130,36"/><U25/><E133/><V33/><F111/><W88/><G123/><T27/><D38/><U50/><E116/><V61/><F74/><W62/><G124/><T135/><D85/><U121/><E121/><V1/><F41/><W117/><G117/><T28/><D5/><U0/><E71/><V101/><F33/><W4/><REACH who="3" step="1"/><G23/><REACH who="3" ten="52,594,72,272" step="2"/><T82/><D82/><U78/><E78/><V118/><F118/><W110/><G110/><T107/><D107/><U37/><E37/><V108/><F108/><W79/><G79/><T56/><D106/><U125/><E125/><V105/><F115/><W21/><G21/><T19/><D69/><U59/><E67/><V32/><F32/><W34/><G34/><T81/><D81/><U15/><E65/><V42/><F105/><W12/><G12/><T48/><D48/><U30/><E64/><V66/><F66/><W8/><G8/><T72/><D72/><U126/><E15/><V51/><F61/><W127/><G127/><T128/><D24/><U94/><E3/><V47/><F60/><W97/><G97/><T131/><D27/><U91/><E0/><V98/><REACH who="2" step="1"/><F16/><REACH who="2" ten="52,594,62,272" step="2"/><W104/><G104/><T76/><D19/><U73/><E17/><V109/><F109/><W49/><G49/><T9/><D135/><U112/><E50/><V114/><F114/><W52/><G52/><N who="0" m="34183" /><D134/><U40/><E126/><V119/><F119/><W54/><G54/><T103/><D132/><U77/><E112/><V14/><F14/><W10/><G10/><T2/><D9/><U68/><E25/><V53/><F53/><W70/><G70/><RYUUKYOKU ba="2,2" sc="52,-15,594,-15,62,15,272,15" hai2="1,7,11,42,47,51,80,87,96,98,100,101,102" hai3="4,6,36,43,45,55,58,62,83,86,88,129,130" /><INIT seed="6,3,2,0,5,39" ten="37,579,77,287" oya="2" hai0="77,85,35,17,122,107,67,14,33,37,76,54,135" hai1="78,55,30,34,18,70,132,31,41,87,52,6,4" hai2="43,125,134,21,32,118,69,1,22,71,123,116,121" hai3="40,5,88,83,105,49,79,9,29,91,3,120,127"/><V63/><F32/><W60/><G120/><N who="2" m="46153" /><F1/><W24/><G127/><T124/><D122/><U47/><E70/><N who="2" m="26635" /><F125/><W130/><G60/><T112/><D124/><U7/><E34/><V104/><F104/><W13/><G130/><T27/><D107/><U10/><E132/><V56/><F22/><W111/><G105/><T26/><D135/><U51/><E18/><V113/><F21/><W126/><G126/><T8/><D35/><U110/><E110/><V23/><F23/><W119/><G111/><T74/><D74/><U45/><E10/><V99/><F99/><W92/><G119/><N who="2" m="45609" /><F113/><W80/><G3/><T50/><D112/><U28/><E87/><V75/><F75/><W42/><G24/><N who="0" m="9259" /><D33/><U64/><E78/><V36/><F134/><W73/><G29/><T0/><D0/><U114/><E114/><V108/><F108/><W20/><G20/><T66/><D85/><U129/><E31/><V16/><F16/><N who="3" m="8239" /><G79/><N who="0" m="30283" /><D37/><U93/><E30/><V12/><F12/><W109/><G5/><T100/><D100/><U128/><E28/><V86/><F86/><N who="3" m="52247" /><G109/><T97/><D97/><U81/><E129/><V103/><F103/><W53/><G73/><T11/><D8/><U101/><E128/><V72/><F72/><W106/><G106/><T131/><D131/><U62/><E7/><V65/><F36/><W68/><G91/><T15/><D15/><U57/><E6/><V61/><F61/><W82/><G68/><T90/><D90/><U115/><E62/><V48/><F48/><W25/><G25/><T89/><D89/><U117/><E51/><V2/><F2/><RYUUKYOKU ba="3,2" sc="37,10,579,-30,77,10,287,10" hai0="11,14,17,50,54,66,67" hai2="43,56,63,65" hai3="40,42,49,53,80,82,83" /><INIT seed="6,4,2,0,0,57" ten="47,549,87,297" oya="2" hai0="106,96,38,131,101,73,12,91,99,70,116,20,68" hai1="61,135,93,6,104,39,83,74,97,64,110,10,17" hai2="82,33,50,81,60,58,130,55,89,25,132,42,112" hai3="121,119,56,43,94,21,7,103,40,37,86,41,8"/><V111/><F112/><W65/><G121/><T100/><D38/><U51/><E39/><V54/><F132/><W134/><G37/><T128/><D12/><U47/><E135/><V98/><F130/><N who="0" m="49706" /><BYE who="3" /><D20/><U30/><E110/><UN n3="%E3%82%A6%E3%83%8A%E3%82%AE%E3%83%8D%E3%82%B3" /><V59/><F111/><W79/><G21/><T129/><N who="0" m="49714" /><T95/><DORA hai="26" /><D70/><U31/><E17/><V118/><F118/><W115/><G115/><T85/><D68/><U18/><E18/><V48/><F42/><W36/><G36/><T77/><D116/><U78/><E104/><V52/><F33/><W71/><G71/><T63/><D63/><U87/><E74/><V76/><F25/><W35/><G35/><T102/><D96/><U117/><E117/><V49/><F76/><W29/><G134/><T34/><D34/><U23/><E23/><V4/><F4/><W114/><G114/><T27/><D27/><U122/><E122/><V2/><F2/><W22/><G22/><T62/><D62/><U125/><E125/><V16/><F16/><W14/><G56/><N who="2" m="21545" /><F60/><W3/><G65/><T124/><D124/><U0/><E61/><V46/><F46/><W123/><G123/><T92/><D92/><AGARI ba="4,2" hai="48,49,50,52,54,55,81,82,89,92,98" m="21545" machi="92" ten="40,3900,0" yaku="8,1,54,1" doraHai="57,26" who="2" fromWho="0" sc="47,-51,549,0,87,71,297,0" owari="-4,-50.0,549,64.0,158,-24.0,297,10.0" /></mjloggm>