<mjloggm ver="2.3"><GO type="41" lobby="0"/><UN n0="%E2%93%9D%53%75%70%68%78" n1="%E3%81%A8%E3%81%97%E3%81%A3%E3%81%A1" n2="%E9%89%84%E9%AA%A8%33%34%39%35" n3="%50%61%79%46%6F%72" dan="17,14,14,15" rate="2050.90,1978.22,1853.31,2004.77" sx="M,M,M,M"/><TAIKYOKU oya="0"/><INIT seed="0,0,0,1,3,119" ten="250,250,250,250" oya="0" hai0="51,116,94,131,5,1,19,114,49,121,60,109,87" hai1="70,37,39,113,99,30,97,57,135,108,25,90,69" hai2="31,106,132,41,40,118,58,2,130,124,0,59,65" hai3="123,36,6,47,42,91,83,134,78,52,44,55,56"/><T79/><D114/><U72/><E108/><V125/><F106/><W45/><G6/><T63/><D116/><U117/><E117/><V12/><F118/><W33/><G33/><T46/><D131/><U14/><E135/><V38/><F31/><W27/><G91/><T34/><D34/><U26/><E72/><V86/><F38/><W13/><G27/><T10/><D51/><U115/><E90/><V100/><F100/><W107/><G107/><T102/><D121/><U22/><E57/><V120/><F86/><W28/><G28/><T98/><D19/><U84/><E84/><V81/><F81/><W82/><G13/><T53/><REACH who="0" step="1"/><D109/><REACH who="0" ten="240,250,250,250" step="2"/><U133/><E113/><V88/><F130/><W48/><G134/><T89/><D89/><U15/><E115/><V61/><F88/><W75/><G123/><T23/><D23/><U74/><E133/><V93/><F120/><W73/><REACH who="3" step="1"/><G55/><REACH who="3" ten="240,250,250,240" step="2"/><T71/><D71/><U3/><E69/><V20/><F132/><W77/><AGARI ba="0,2" hai="36,42,44,45,47,48,52,56,73,75,77,78,82,83" machi="77" ten="30,12000,2" yaku="1,1,2,1,0,1,9,1,54,1,53,2" doraHai="119" doraHaiUra="105" who="3" fromWho="3" sc="240,-60,250,-30,250,-30,240,140" /><INIT seed="1,0,0,2,1,76" ten="180,220,220,380" oya="1" hai0="129,32,126,109,82,77,22,64,72,59,81,60,34" hai1="96,134,80,24,48,90,110,118,68,52,35,67,37" hai2="119,70,105,112,42,92,21,117,1,46,75,44,79" hai3="86,78,73,61,41,2,57,128,36,87,27,69,98"/><U38/><E118/><V58/><F105/><W114/><G2/><T56/><D109/><U88/><E134/><V63/><F70/><W30/><G69/><T121/><D129/><U25/><E110/><V13/><F1/><W43/><G114/><T93/><D126/><U17/><E35/><V18/><F112/><W66/><G128/><T85/><D121/><U101/><E37/><V122/><F122/><W62/><G73/><T47/><D93/><N who="1" m="56359" /><E101/><V50/><F92/><W100/><G61/><T3/><D3/><U89/><E38/><V135/><F79/><W28/><G28/><T23/><D47/><N who="1" m="27679" /><E90/><V124/><F135/><W123/><G123/><T10/><D34/><U107/><E107/><V7/><F75/><W51/><G36/><T39/><D32/><U26/><E68/><V127/><F117/><W19/><G19/><T132/><D39/><U130/><E130/><V65/><F119/><W113/><G113/><T104/><D104/><U133/><E133/><V15/><REACH who="2" step="1"/><F46/><REACH who="2" ten="180,220,210,380" step="2"/><W31/><G78/><T5/><D132/><U55/><E67/><V53/><F53/><W84/><G66/><T102/><D64/><U108/><E108/><V120/><F120/><W91/><G43/><T29/><D72/><U94/><E55/><V12/><F12/><W49/><G41/><T40/><D40/><U103/><E94/><V106/><F106/><W83/><G27/><T45/><D45/><U74/><E74/><V125/><F125/><W115/><G115/><T54/><D54/><U116/><E116/><V9/><AGARI ba="0,1" hai="7,9,13,15,18,21,42,44,50,58,63,65,124,127" machi="9" ten="30,7900,0" yaku="1,1,0,1,53,2" doraHai="76" doraHaiUra="8" who="2" fromWho="2" sc="180,-20,220,-39,210,89,380,-20" /><INIT seed="2,0,0,1,4,85" ten="160,181,299,360" oya="2" hai0="84,104,105,43,28,59,33,79,46,9,118,83,96" hai1="72,129,108,70,14,89,67,130,53,61,131,109,27" hai2="69,62,81,100,99,55,19,56,49,107,37,45,26" hai3="60,75,22,127,126,6,54,98,65,57,124,71,117"/><V10/><F81/><W95/><G75/><T24/><D118/><U68/><E72/><V93/><F26/><W122/><G122/><T2/><D59/><U115/><E115/><V121/><F10/><W97/><G6/><T52/><D96/><U102/><E102/><V64/><F19/><W35/><G35/><T110/><D110/><U128/><E68/><V36/><F121/><W123/><G123/><T15/><D2/><U63/><E14/><V114/><F114/><W50/><G117/><T44/><D44/><U106/><E106/><V39/><REACH who="2" step="1"/><F107/><REACH who="2" ten="160,181,289,360" step="2"/><W47/><G22/><T132/><D105/><U12/><E27/><V73/><F73/><W78/><G78/><T90/><D104/><U120/><E120/><V77/><F77/><W66/><G95/><T92/><D9/><U7/><E130/><V17/><F17/><W48/><G98/><T113/><D113/><U29/><E108/><V4/><F4/><W8/><G97/><T134/><D79/><U51/><E109/><V25/><F25/><W133/><G8/><T31/><D31/><U38/><E131/><V76/><F76/><W86/><G86/><T1/><D83/><U101/><E129/><V111/><F111/><W112/><G112/><T42/><D28/><U125/><E29/><V32/><F32/><W103/><G126/><T0/><D24/><U58/><E125/><V11/><F11/><W74/><G127/><T34/><D34/><U87/><E7/><V94/><F94/><W21/><G124/><T82/><D33/><U80/><E128/><V3/><F3/><W135/><G21/><RYUUKYOKU ba="0,1" sc="160,-10,181,-10,289,30,360,-10" hai2="36,37,39,45,49,55,56,62,64,69,93,99,100" /><INIT seed="2,1,1,4,2,13" ten="150,171,319,350" oya="2" hai0="15,105,89,31,39,88,73,19,46,91,27,120,82" hai1="77,111,54,97,3,101,9,55,83,25,133,60,110" hai2="70,75,112,65,80,63,34,92,6,17,95,74,72" hai3="108,107,4,36,78,130,103,18,21,85,134,29,22"/><V40/><F34/><W102/><G36/><T94/><D105/><U43/><E133/><V28/><F28/><W30/><G134/><T76/><D120/><U118/><E118/><V0/><F112/><W57/><G108/><N who="1" m="41514" /><E43/><V106/><F106/><W121/><G121/><T122/><D122/><U119/><E25/><V125/><F0/><W16/><G107/><T109/><D109/><U20/><E20/><V127/><F6/><W58/><G4/><T5/><D5/><N who="1" m="1215" /><E60/><V61/><F40/><W59/><G130/><T26/><D39/><U126/><E126/><N who="2" m="48139" /><F63/><W42/><G42/><T14/><D46/><U66/><E66/><V87/><F61/><W90/><G78/><T49/><D49/><U33/><E33/><V100/><F65/><W114/><G114/><T115/><D115/><U32/><E32/><V44/><F70/><W99/><G99/><T135/><D135/><U62/><E62/><V37/><F37/><W23/><G30/><T7/><D31/><U113/><E113/><V116/><F116/><W12/><G29/><T117/><D117/><U47/><E47/><V128/><F44/><W96/><G96/><T64/><D64/><U48/><E48/><V10/><F128/><W131/><G131/><T84/><D7/><U50/><E50/><V56/><F56/><W11/><REACH who="3" step="1"/><G18/><REACH who="3" ten="150,171,319,340" step="2"/><T93/><D19/><U79/><E119/><V52/><F17/><W129/><G129/><T71/><D71/><U8/><E77/><V35/><F35/><W67/><G67/><T124/><D124/><U24/><E79/><V123/><F123/><W51/><G51/><RYUUKYOKU ba="1,2" sc="150,-10,171,-10,319,-10,340,30" hai3="11,12,16,21,22,23,57,58,59,85,90,102,103" /><INIT seed="3,2,2,4,3,17" ten="140,161,309,370" oya="3" hai0="77,33,100,96,31,58,72,127,110,6,98,99,112" hai1="73,63,28,36,108,102,95,48,132,67,93,21,12" hai2="16,23,90,60,8,134,20,9,56,45,131,81,41" hai3="106,10,128,46,91,43,115,70,50,38,57,78,30"/><W71/><G106/><T129/><D6/><U15/><E36/><V1/><F1/><W35/><G115/><T69/><D69/><U19/><E73/><V111/><F111/><W103/><G103/><T105/><D110/><U13/><E108/><V101/><F101/><W121/><G121/><T68/><D68/><U120/><E120/><V116/><F116/><W25/><G78/><T133/><D129/><U66/><E28/><V88/><F131/><W61/><G128/><T7/><D7/><U86/><E132/><V126/><F126/><W47/><G91/><N who="2" m="34857" /><F81/><W124/><G124/><T5/><D5/><U37/><E37/><V82/><F82/><W125/><G10/><N who="2" m="4201" /><F16/><W34/><G125/><T122/><D133/><U135/><E135/><V51/><F134/><W26/><G26/><T24/><D122/><U123/><E123/><V84/><F84/><W62/><G35/><T87/><D87/><U53/><E86/><V32/><F32/><W114/><G114/><T4/><D4/><U119/><E119/><V92/><F92/><N who="1" m="35401" /><E102/><V42/><F42/><W54/><REACH who="3" step="1"/><G62/><REACH who="3" ten="140,161,309,360" step="2"/><T59/><D127/><U64/><E63/><V118/><F118/><W89/><G89/><T29/><D112/><U2/><E2/><V117/><F117/><W39/><G39/><T40/><D100/><U27/><E27/><V22/><F22/><W80/><G80/><N who="0" m="45095" /><D24/><U75/><E75/><V55/><AGARI ba="2,3" hai="20,23,41,45,51,55,56,60" m="4201,34857" machi="55" ten="30,7900,0" yaku="8,1,52,2,54,1" doraHai="17" who="2" fromWho="2" sc="140,-22,161,-22,309,115,360,-41" /><INIT seed="4,0,0,5,2,71" ten="118,139,424,319" oya="0" hai0="43,37,10,109,88,53,64,59,49,3,78,67,42" hai1="5,126,80,14,29,52,110,127,128,39,9,2,40" hai2="36,26,97,18,115,84,45,23,7,68,94,90,17" hai3="55,92,104,102,41,95,66,89,22,34,62,72,70"/><T123/><D78/><U122/><E110/><V6/><F68/><W76/><G34/><T77/><D77/><U56/><E122/><V121/><F121/><W87/><G41/><T100/><D100/><U15/><E80/><V24/><F24/><W1/><G1/><T83/><D123/><U8/><E29/><V46/><F36/><W85/><G55/><T134/><D134/><U106/><E106/><V20/><F20/><W112/><G112/><T63/><D109/><U21/><E21/><V81/><F18/><W73/><G22/><T103/><D103/><U25/><E25/><V58/><F58/><W32/><G32/><T12/><D3/><U116/><E128/><V4/><REACH who="2" step="1"/><F115/><REACH who="2" ten="118,139,414,319" step="2"/><W44/><G44/><N who="0" m="27815" /><D37/><U120/><E120/><V133/><F133/><W74/><G70/><T114/><D114/><U60/><E39/><V0/><F0/><W16/><G16/><N who="0" m="8215" /><D67/><U33/><E2/><V19/><F19/><W93/><G66/><T11/><D11/><U57/><E9/><V47/><F47/><W119/><G119/><T27/><D27/><U30/><E8/><V79/><AGARI ba="0,1" hai="4,6,7,17,23,26,45,46,79,81,84,90,94,97" machi="79" ten="30,4000,0" yaku="1,1,0,1,8,1,53,0" doraHai="71" doraHaiUra="132" who="2" fromWho="2" sc="118,-20,139,-10,414,50,319,-10" /><INIT seed="5,0,0,1,4,47" ten="98,129,464,309" oya="1" hai0="110,26,39,130,68,21,101,82,108,12,61,74,55" hai1="76,51,112,3,4,128,99,6,17,57,34,78,1" hai2="43,7,64,52,36,106,45,109,23,63,31,96,131" hai3="105,90,117,0,125,97,120,35,69,88,67,100,49"/><U15/><E112/><V29/><F109/><W98/><G0/><T91/><D39/><U122/><E122/><V135/><F7/><N who="1" m="2601" /><E34/><V123/><F131/><W83/><G35/><T62/><D130/><U59/><E1/><V75/><F75/><W85/><G120/><T127/><D127/><U41/><E3/><V30/><F135/><W95/><G125/><T111/><D101/><U14/><E99/><V86/><F96/><N who="3" m="61575" /><G49/><T44/><D68/><U133/><E133/><V13/><F106/><W79/><G67/><T118/><D118/><U25/><E25/><V60/><F123/><W104/><G69/><T9/><D111/><U77/><E128/><V24/><F13/><N who="1" m="4617" /><E17/><V71/><F30/><W33/><G33/><T73/><D110/><U28/><E28/><V124/><F31/><W119/><G104/><T94/><D108/><U37/><E37/><V50/><F124/><W116/><G98/><T8/><D8/><U102/><E102/><AGARI ba="0,0" hai="79,83,85,88,90,95,97,102,116,117,119" m="61575" machi="102" ten="30,7700,0" yaku="12,1,34,2,54,1" doraHai="47" who="3" fromWho="1" sc="98,0,129,-77,464,0,309,77" /><INIT seed="6,0,0,2,1,91" ten="98,52,464,386" oya="2" hai0="18,52,5,89,65,123,39,118,125,128,93,75,36" hai1="54,78,120,110,94,15,45,107,43,119,14,67,114" hai2="70,16,82,86,63,49,40,3,11,47,20,80,59" hai3="22,79,38,58,34,53,103,12,66,122,24,51,83"/><V132/><F70/><W19/><G38/><T105/><D123/><U10/><E110/><V92/><F3/><W0/><G0/><T13/><D105/><U29/><E119/><V28/><F28/><W104/><G122/><T6/><D75/><U41/><E107/><V2/><F2/><W69/><G69/><T8/><D65/><U68/><E120/><V106/><F106/><W116/><G66/><T121/><D128/><U113/><E29/><V115/><F11/><W88/><G116/><T62/><D125/><U9/><E78/><V37/><F37/><W97/><G34/><T42/><D121/><U124/><E67/><V108/><F132/><W50/><G88/><T95/><D42/><U48/><E68/><V71/><F71/><W57/><G57/><N who="0" m="35111" /><D39/><U102/><E124/><V60/><F60/><W72/><REACH who="3" step="1"/><G24/><REACH who="3" ten="98,52,464,376" step="2"/><T130/><D36/><U111/><E111/><V32/><F108/><W61/><AGARI ba="0,1" hai="12,19,22,50,51,53,58,61,72,79,83,97,103,104" machi="61" ten="20,5200,0" yaku="1,1,2,1,0,1,7,1,53,0" doraHai="91" doraHaiUra="26" who="3" fromWho="3" sc="98,-13,52,-13,464,-26,376,62" /><INIT seed="7,0,0,3,1,63" ten="85,39,438,438" oya="3" hai0="83,58,107,11,76,59,132,108,78,135,39,31,119" hai1="45,97,90,53,68,129,6,13,1,128,80,21,72" hai2="106,74,71,114,34,49,30,4,77,36,43,102,104" hai3="38,0,98,88,54,10,115,47,103,66,125,96,86"/><W28/><G115/><T82/><D39/><U120/><E120/><V42/><F36/><W5/><G125/><T46/><D107/><U126/><E126/><V24/><F4/><W56/><G28/><T117/><D46/><U51/><E68/><V89/><F49/><N who="3" m="28991" /><G38/><T105/><D105/><U23/><E72/><V87/><F71/><W65/><G103/><T70/><D70/><U18/><E21/><V75/><F106/><W50/><G0/><T118/><D31/><U12/><E1/><V67/><F75/><W113/><G10/><T25/><D11/><U123/><E123/><V116/><F77/><W35/><G5/><T57/><D25/><U100/><E6/><V81/><F74/><W64/><G35/><T41/><D41/><U124/><E124/><V110/><F114/><W37/><G37/><T62/><D108/><U48/><E48/><V101/><F110/><W85/><G113/><T134/><D62/><U29/><E29/><V32/><F32/><W61/><G50/><T95/><D95/><U99/><E12/><V91/><F104/><W33/><G33/><T14/><D14/><U16/><E18/><V9/><F9/><W79/><G79/><AGARI ba="0,0" hai="57,58,59,76,78,79,82,83,117,118,119,132,134,135" machi="79" ten="60,8000,1" yaku="29,2,28,2,20,1" doraHai="63" who="0" fromWho="3" sc="85,80,39,0,438,0,438,-80" owari="165,-23.0,39,-46.0,438,53.0,358,16.0" /></mjloggm>