<mjloggm ver="2.3"><GO type="41" lobby="0"/><UN n0="%5A%65%72%6F%62%75%39" n1="%E2%93%9D%53%75%70%68%78" n2="%E7%A8%B2%E5%A6%BB%E9%87%8E%E9%83%8E" n3="%6A%6A%6A%6A%37%37%32%32" dan="13,18,15,15" rate="1846.53,2087.76,1989.96,2125.37" sx="M,M,M,M"/><TAIKYOKU oya="0"/><INIT seed="0,0,0,2,4,63" ten="250,250,250,250" oya="0" hai0="129,8,90,72,37,5,125,49,52,131,97,23,100" hai1="21,96,27,99,88,10,112,53,103,38,22,54,3" hai2="109,61,104,48,73,43,14,30,65,39,4,113,94" hai3="1,59,36,98,66,18,68,67,9,124,102,33,6"/><T91/><D125/><U50/><E38/><V42/><F109/><W116/><G68/><T110/><D72/><U105/><E112/><V79/><F104/><W34/><G36/><T64/><D37/><U119/><E119/><V35/><F113/><W12/><G124/><T118/><D118/><U121/><E121/><V56/><F48/><W62/><G116/><T81/><D110/><U133/><E133/><V13/><F94/><W80/><G80/><T92/><D23/><U89/><E10/><V108/><F108/><W60/><G6/><T69/><D81/><U2/><E50/><V84/><F73/><W55/><G1/><T127/><D127/><U71/><E71/><V19/><F4/><W46/><G46/><T130/><D69/><U111/><E111/><V15/><F84/><W76/><G76/><T117/><D64/><U31/><E31/><V135/><F79/><W45/><G45/><N who="0" m="27695" /><D117/><U101/><REACH who="1" step="1"/><E27/><REACH who="1" ten="250,240,250,250" step="2"/><V83/><F135/><W24/><G24/><T87/><D87/><U122/><E122/><V85/><F39/><W28/><G28/><T95/><D95/><U74/><E74/><V93/><F30/><W78/><G62/><T29/><D29/><U20/><E20/><V26/><F93/><N who="3" m="58703" /><G34/><T17/><D17/><U75/><E75/><V41/><F35/><W25/><G33/><T0/><AGARI ba="0,1" hai="0,5,8,90,91,92,97,100,129,130,131" m="27695" machi="0" ten="30,3000,0" yaku="19,1,54,1" doraHai="63" who="0" fromWho="0" sc="250,40,240,-10,250,-10,250,-10" /><INIT seed="0,1,0,1,3,27" ten="290,230,240,240" oya="0" hai0="120,53,31,114,26,43,104,41,106,29,32,16,22" hai1="14,69,83,73,118,72,40,79,128,49,86,80,38" hai2="132,133,12,70,30,59,126,85,19,71,130,67,33" hai3="36,9,95,96,4,47,100,84,44,112,81,37,135"/><T15/><D114/><U122/><E118/><V111/><F111/><W66/><G112/><T46/><D120/><U97/><E69/><V3/><F3/><W10/><G135/><T123/><D123/><U58/><E38/><V60/><F130/><W61/><G10/><T88/><D31/><U65/><E128/><V25/><F126/><W68/><G37/><T24/><D24/><U77/><E122/><V42/><F42/><W5/><G36/><T107/><REACH who="0" step="1"/><D88/><REACH who="0" ten="280,230,240,240" step="2"/><U13/><E79/><V63/><F133/><W90/><REACH who="3" step="1"/><G4/><REACH who="3" ten="280,230,240,230" step="2"/><T92/><D92/><U119/><E119/><V17/><F132/><W76/><G76/><T131/><D131/><U8/><E77/><V39/><F25/><W23/><G23/><T52/><D52/><U20/><E20/><V94/><F33/><W35/><G35/><T121/><D121/><U78/><E78/><V105/><F67/><W91/><G91/><T129/><D129/><U93/><E65/><V108/><F108/><W2/><AGARI ba="1,2" hai="2,5,9,44,47,61,66,68,81,84,90,95,96,100" machi="2" ten="20,2700,0" yaku="1,1,0,1,7,1,53,0" doraHai="27" doraHaiUra="109" who="3" fromWho="3" sc="280,-14,230,-8,240,-8,230,50" /><INIT seed="1,0,0,3,2,83" ten="266,222,232,280" oya="1" hai0="7,58,14,112,44,125,20,10,110,124,81,21,122" hai1="126,123,94,98,114,101,105,12,6,33,100,38,41" hai2="19,90,30,120,13,99,5,111,88,80,70,92,131" hai3="116,42,25,31,78,65,46,27,75,11,133,35,26"/><U84/><E123/><V45/><F111/><W104/><G104/><T121/><D112/><U103/><E33/><V76/><F131/><W39/><G133/><T77/><D58/><U15/><E114/><V66/><F120/><N who="0" m="46186" /><D44/><U36/><E126/><N who="0" m="48745" /><D110/><U50/><E38/><V113/><F5/><W82/><G116/><T72/><AGARI ba="0,0" hai="7,10,14,20,21,72,77,81" m="48745,46186" machi="72" ten="30,2000,0" yaku="13,1,18,1" doraHai="83" who="0" fromWho="0" sc="266,20,222,-10,232,-5,280,-5" /><INIT seed="2,0,0,5,4,127" ten="286,212,227,275" oya="2" hai0="98,112,64,111,90,99,52,56,134,11,132,45,97" hai1="87,68,10,65,16,113,104,121,12,2,110,46,69" hai2="30,96,107,130,75,18,44,108,119,33,22,26,109" hai3="71,47,63,91,102,67,21,80,129,118,133,86,126"/><V72/><F119/><W105/><G118/><T120/><D120/><U131/><E113/><V51/><F130/><W93/><G126/><T73/><D112/><U95/><E104/><V116/><F116/><W7/><G133/><N who="0" m="51307" /><D111/><N who="2" m="42570" /><F96/><W115/><G115/><T43/><D64/><U48/><E2/><V24/><F107/><W57/><G129/><T114/><D114/><U81/><E110/><V35/><F35/><W15/><G105/><T0/><D73/><U9/><E121/><V123/><F123/><W17/><G71/><T59/><D59/><U117/><BYE who="0" /><E117/><UN n0="%5A%65%72%6F%62%75%39" /><V83/><F83/><W25/><G47/><T128/><D128/><U54/><E131/><V88/><F88/><N who="3" m="51271" /><G102/><T55/><D90/><U124/><E124/><V13/><F13/><W62/><G62/><T76/><D76/><U39/><E69/><V4/><F4/><W84/><G7/><N who="0" m="1511" /><D56/><U38/><E68/><V27/><F27/><AGARI ba="0,0" hai="15,17,21,25,27,57,63,67,84,91,93" m="51271" machi="27" ten="30,2000,0" yaku="8,1,54,1" doraHai="127" who="3" fromWho="2" sc="286,0,212,0,227,-20,275,20" /><INIT seed="3,0,0,0,0,95" ten="286,212,207,295" oya="3" hai0="54,71,128,121,77,4,68,72,49,27,23,33,60" hai1="25,74,75,86,84,42,125,15,0,5,57,70,132" hai2="52,78,37,104,48,129,65,50,38,18,26,44,41" hai3="120,55,130,112,40,8,17,85,69,115,111,81,58"/><W21/><G120/><T103/><D121/><U133/><E70/><V102/><F129/><W92/><G69/><T14/><D128/><U106/><E42/><V20/><F78/><W107/><G107/><T94/><D33/><U90/><E15/><V135/><F135/><N who="1" m="51785" /><E25/><V29/><F65/><W24/><G130/><T101/><D101/><U113/><E57/><V116/><F116/><W73/><G40/><T1/><D1/><U61/><E61/><V46/><REACH who="2" step="1"/><F29/><REACH who="2" ten="286,212,197,295" step="2"/><W93/><G115/><T59/><D77/><U12/><E113/><V10/><F10/><W76/><G112/><T2/><D72/><U96/><E75/><V91/><F91/><W119/><G119/><T3/><D71/><U43/><E90/><V35/><F35/><W123/><G123/><T51/><D68/><U83/><E74/><V108/><F108/><W97/><G111/><T87/><D103/><U127/><E127/><V32/><F32/><W117/><G117/><T63/><D2/><U79/><E0/><V109/><F109/><W16/><G8/><T89/><D3/><U6/><E125/><V19/><F19/><W11/><G73/><T36/><D4/><U67/><E6/><V28/><F28/><W31/><G11/><T80/><D89/><U64/><E64/><V126/><F126/><W134/><G134/><T62/><D23/><U124/><E67/><V82/><F82/><W34/><G34/><T22/><D80/><U9/><E124/><V110/><F110/><W88/><G76/><T114/><D22/><U98/><E83/><V100/><F100/><N who="3" m="60455" /><G81/><T99/><D114/><RYUUKYOKU ba="0,1" sc="286,-15,212,-15,197,15,295,15" hai2="18,20,26,37,38,41,44,46,48,50,52,102,104" hai3="16,17,21,24,31,55,58,85,88,93" /><INIT seed="3,1,1,0,5,14" ten="271,197,212,310" oya="3" hai0="96,3,107,26,61,19,77,29,38,47,35,37,2" hai1="31,130,110,109,41,63,74,126,103,33,66,8,44" hai2="40,34,9,68,25,6,54,89,121,12,122,28,76" hai3="73,36,62,86,123,87,88,118,72,43,82,92,84"/><W111/><G36/><T55/><D77/><U113/><E74/><N who="3" m="28778" /><G62/><T135/><D135/><U22/><E113/><V32/><F32/><W52/><G52/><T48/><D61/><U115/><E115/><V56/><F68/><W24/><G24/><T27/><D38/><U60/><E103/><V11/><F40/><W128/><G43/><T67/><D67/><U108/><E130/><V90/><F76/><N who="3" m="46151" /><G123/><T97/><D37/><U105/><E33/><V20/><F121/><W5/><G5/><T71/><D71/><U15/><E63/><V64/><F64/><W129/><G118/><T7/><D107/><U83/><E105/><V120/><F120/><W114/><G111/><T13/><D26/><U79/><E60/><V59/><F59/><W85/><G114/><T10/><REACH who="0" step="1"/><D3/><REACH who="0" ten="261,197,212,310" step="2"/><U18/><E66/><V53/><F25/><W99/><AGARI ba="1,2" hai="85,86,87,88,92,99,128,129" m="46151,28778" machi="99" ten="40,7800,0" yaku="34,2,54,1" doraHai="14" who="3" fromWho="3" sc="261,-27,197,-27,212,-27,310,101" /><INIT seed="3,2,0,4,5,115" ten="234,170,185,411" oya="3" hai0="48,111,26,40,60,13,99,131,50,92,133,9,23" hai1="7,66,101,98,91,33,93,37,0,19,108,6,28" hai2="102,104,96,71,45,132,130,22,97,68,39,88,59" hai3="29,20,113,112,89,15,121,72,65,53,84,4,3"/><W74/><G121/><T82/><D111/><U129/><E37/><V49/><F130/><W70/><G3/><T118/><D118/><U85/><E129/><V51/><F132/><W83/><G70/><T52/><D131/><U63/><E108/><V17/><F39/><W117/><G65/><T54/><D133/><U80/><E0/><V62/><F96/><W43/><G117/><T128/><D128/><U47/><E47/><V57/><F88/><W135/><G43/><T75/><D75/><U134/><E134/><V69/><F62/><W44/><G29/><T5/><D82/><U127/><E127/><V34/><F34/><W2/><G2/><T32/><D32/><U120/><E120/><V38/><F38/><W36/><G135/><T94/><D60/><U95/><E19/><V87/><F87/><W42/><G53/><N who="0" m="20587" /><D40/><U18/><E18/><V25/><REACH who="2" step="1"/><F51/><REACH who="2" ten="234,170,175,411" step="2"/><N who="0" m="19498" /><D99/><U1/><E33/><V126/><F126/><W14/><G74/><T78/><D78/><U106/><E63/><V30/><F30/><AGARI ba="2,1" hai="5,9,13,23,26,30,92,94" m="19498,20587" machi="30" ten="30,2000,0" yaku="8,1,54,1" doraHai="115" who="0" fromWho="2" sc="234,36,170,0,175,-26,411,0" /><INIT seed="4,0,0,4,2,78" ten="270,170,149,411" oya="0" hai0="80,40,21,66,62,97,90,61,88,43,86,51,30" hai1="87,84,47,29,130,11,65,54,117,81,74,0,126" hai2="45,69,58,56,52,121,63,111,32,16,77,129,114" hai3="7,44,70,76,119,50,106,134,132,25,89,3,22"/><T4/><D4/><U35/><E117/><V64/><F114/><W67/><G119/><T15/><D51/><U83/><E74/><V5/><F111/><W27/><G106/><T104/><D104/><U127/><E65/><V42/><F129/><W39/><G39/><T59/><D62/><U116/><E116/><V128/><F128/><W36/><G36/><T41/><D97/><U10/><E130/><V103/><F121/><W94/><G76/><N who="0" m="46343" /><D30/><U8/><E0/><V122/><F122/><W99/><G7/><T105/><D105/><U68/><E68/><V71/><F32/><W55/><G3/><T113/><D113/><U57/><E47/><V18/><F103/><W49/><G22/><T31/><D15/><U120/><E29/><V112/><F5/><W9/><G50/><T28/><D28/><U73/><E35/><V13/><F112/><W98/><G9/><T100/><D100/><U92/><E120/><V26/><F26/><AGARI ba="0,0" hai="21,26,31,40,41,43,59,61,66,88,90" m="46343" machi="26" ten="30,5800,0" yaku="8,1,52,1,54,1" doraHai="78" who="0" fromWho="2" sc="270,58,170,0,149,-58,411,0" /><INIT seed="4,1,0,0,5,128" ten="328,170,91,411" oya="0" hai0="123,48,77,78,89,19,11,84,5,92,96,115,4" hai1="35,132,73,100,119,8,66,36,114,20,31,108,107" hai2="79,47,126,46,68,129,21,95,44,0,130,49,3" hai3="120,38,98,12,76,26,93,53,110,57,117,7,67"/><T63/><D123/><U50/><E119/><V34/><F68/><W18/><G110/><T9/><D115/><U40/><E20/><V87/><F34/><W25/><G117/><T85/><D63/><U6/><E50/><V81/><F126/><W133/><G38/><T113/><D113/><U58/><E58/><V135/><F49/><W69/><G76/><T111/><D111/><U116/><E66/><V56/><F56/><W2/><G67/><T74/><D74/><U127/><E127/><V91/><F21/><W106/><G106/><T70/><D70/><U16/><E16/><V72/><REACH who="2" step="1"/><F135/><REACH who="2" ten="328,170,81,411" step="2"/><W90/><G133/><T71/><D71/><U22/><E22/><V109/><F109/><W15/><G57/><T30/><D48/><U60/><E132/><V121/><F121/><W94/><G69/><T99/><D11/><U102/><E108/><V59/><F59/><W14/><G120/><T45/><D9/><U124/><E124/><V54/><F54/><W62/><G53/><T125/><D125/><U65/><E114/><V33/><F33/><W101/><G62/><T28/><D45/><U122/><E122/><V105/><F105/><W10/><G18/><T1/><D19/><U82/><E116/><V112/><F112/><W42/><G42/><T24/><D4/><U13/><E107/><V97/><F97/><W75/><G98/><T51/><D5/><U61/><E61/><V17/><F17/><W104/><G104/><T37/><D96/><U41/><E60/><V131/><AGARI ba="1,1" hai="0,3,44,46,47,72,79,81,87,91,95,129,130,131" machi="131" ten="40,5200,0" yaku="1,1,0,1,19,1,53,0" doraHai="128" doraHaiUra="55" who="2" fromWho="2" sc="328,-27,170,-14,81,65,411,-14" /><INIT seed="5,0,0,2,4,117" ten="301,156,146,397" oya="1" hai0="115,89,55,119,56,6,66,49,95,26,129,78,85" hai1="118,0,5,74,19,24,87,36,94,133,100,105,69" hai2="86,58,122,99,37,17,73,4,39,88,1,127,134" hai3="38,65,14,101,121,31,23,91,125,82,80,108,21"/><U107/><E118/><V3/><F73/><W62/><G108/><T109/><D119/><U75/><E69/><V42/><F134/><W35/><G35/><T67/><D109/><U8/><E36/><V34/><F34/><W46/><G125/><T9/><D115/><U103/><E133/><V11/><F127/><W113/><G113/><T30/><D129/><U20/><E87/><V131/><F131/><W50/><G121/><T97/><D78/><U70/><E70/><V112/><F112/><W2/><G2/><T60/><D97/><U84/><E84/><V81/><F122/><W32/><G101/><T76/><D76/><U83/><E94/><V15/><F3/><W110/><G32/><T13/><REACH who="0" step="1"/><D60/><REACH who="0" ten="291,156,146,397" step="2"/><U40/><E75/><V123/><F99/><W130/><G62/><T25/><D25/><U114/><E114/><V44/><F123/><W57/><G110/><T7/><D7/><U102/><E74/><V77/><F77/><W10/><G130/><T47/><D47/><U59/><E107/><V51/><REACH who="2" step="1"/><F58/><REACH who="2" ten="291,156,136,397" step="2"/><W61/><G57/><T22/><AGARI ba="0,2" hai="6,9,13,22,26,30,49,55,56,66,67,85,89,95" machi="22" ten="20,5200,0" yaku="1,1,0,1,7,1,8,1,53,0" doraHai="117" doraHaiUra="68" who="0" fromWho="0" sc="291,72,156,-26,136,-13,397,-13" /><INIT seed="6,0,0,3,1,96" ten="363,130,123,384" oya="2" hai0="59,90,18,87,114,44,86,56,48,24,62,16,131" hai1="7,106,51,67,36,21,19,98,126,103,112,129,130" hai2="77,113,101,122,34,22,28,124,41,9,76,97,38" hai3="6,118,133,102,72,50,121,3,95,135,128,11,74"/><V66/><F113/><W111/><G111/><T63/><D114/><U10/><E112/><V57/><F122/><W73/><G121/><T100/><D131/><N who="1" m="50187" /><E36/><V79/><F124/><W49/><G128/><T125/><D125/><U31/><E126/><V1/><F34/><W107/><G118/><T93/><D86/><U78/><E31/><V14/><F1/><W109/><G95/><T99/><D24/><N who="1" m="14399" /><E67/><V108/><F108/><W82/><G109/><T119/><D119/><U69/><E51/><V46/><F28/><W35/><G82/><N who="0" m="49527" /><D59/><U13/><E78/><V52/><F66/><W110/><G35/><T55/><D63/><U30/><E30/><V91/><F22/><W88/><G88/><T71/><D71/><AGARI ba="0,0" hai="7,10,13,69,71,98,103,106" m="14399,50187" machi="71" ten="30,2000,0" yaku="19,1,52,1" doraHai="96" who="1" fromWho="0" sc="363,-20,130,20,123,0,384,0" /><INIT seed="7,0,0,3,1,13" ten="343,150,123,384" oya="3" hai0="37,104,97,120,41,11,55,67,18,30,59,28,116" hai1="135,34,133,122,21,132,92,111,46,74,60,27,20" hai2="84,64,2,4,89,63,86,134,1,131,118,83,103" hai3="87,112,25,93,23,88,61,39,44,17,22,8,95"/><W45/><G112/><T12/><D120/><U128/><E122/><V35/><F118/><W47/><G8/><T102/><D116/><U7/><E111/><V107/><F131/><W99/><G39/><T57/><D67/><U29/><E74/><V6/><F134/><W78/><G61/><T124/><D124/><U58/><E128/><V79/><F35/><W76/><G23/><T90/><D90/><AGARI ba="0,0" hai="17,22,25,44,45,47,76,78,87,88,90,93,95,99" machi="90" ten="40,7700,0" yaku="8,1,52,1,54,1" doraHai="13" who="3" fromWho="0" sc="343,-77,150,0,123,0,384,77" owari="266,7.0,150,-25.0,123,-38.0,461,56.0" /></mjloggm>