<mjloggm ver="2.3"><GO type="41" lobby="0"/><UN n0="%E2%93%9D%53%75%70%68%78" n1="%E3%81%8B%E3%82%81%E3%81%98%E3%82%8D%E3%81%86" n2="%E7%88%86%E8%A3%82%E7%8B%82%E6%83%A0%E6%83%A0" n3="%E3%83%9E%E3%82%AD%E3%82%B7%E3%83%9E%E3%83%A0%E3%82%B6%E6%82%A0%E5%90%9B" dan="18,15,14,16" rate="2072.28,2071.68,1917.35,2104.12" sx="M,M,M,M"/><TAIKYOKU oya="0"/><INIT seed="0,0,0,3,5,31" ten="250,250,250,250" oya="0" hai0="16,4,49,27,23,108,22,65,60,39,107,103,38" hai1="85,9,79,109,125,53,68,25,86,116,44,95,30" hai2="92,13,129,100,88,34,133,45,14,99,113,28,73" hai3="128,15,94,52,72,118,70,48,112,0,84,3,78"/><T26/><D108/><U75/><E116/><V131/><F113/><W1/><G70/><T7/><D49/><U17/><E109/><V121/><F121/><W111/><G112/><T90/><D90/><U106/><E106/><V71/><F71/><W11/><G128/><N who="2" m="49225" /><F73/><W102/><G72/><T66/><D107/><U63/><E125/><V119/><F133/><W91/><G118/><T80/><D80/><U42/><E95/><N who="2" m="58495" /><F45/><W56/><G102/><T130/><D130/><U115/><E115/><V5/><F5/><W101/><G101/><T61/><D103/><U58/><E68/><V59/><F59/><W51/><G78/><T64/><D64/><U36/><E17/><AGARI ba="0,0" hai="4,7,16,17,22,23,26,27,38,39,60,61,65,66" machi="17" ten="25,4800,0" yaku="22,2,54,1" doraHai="31" who="0" fromWho="1" sc="250,48,250,-48,250,0,250,0" /><INIT seed="0,1,0,3,0,61" ten="298,202,250,250" oya="0" hai0="64,111,90,79,99,12,52,7,133,34,122,77,66" hai1="81,118,27,8,45,115,39,4,59,48,85,29,89" hai2="36,3,86,120,15,106,55,71,129,67,31,1,78" hai3="33,94,76,14,97,65,56,20,80,23,124,26,16"/><T47/><D122/><U10/><E118/><V49/><F120/><W128/><G124/><T123/><D34/><U22/><E115/><V84/><F106/><W114/><G128/><T83/><D123/><U19/><E39/><V17/><F36/><W21/><G33/><T69/><D69/><U60/><E29/><V57/><F31/><W41/><G41/><T107/><D133/><U38/><E38/><V112/><F112/><W25/><G114/><T35/><D111/><U28/><E28/><V42/><F42/><W24/><G80/><T135/><D35/><U62/><E62/><V68/><F68/><W32/><G76/><N who="0" m="29259" /><D107/><U116/><E116/><V70/><F70/><W103/><G32/><T53/><D135/><U110/><E110/><V88/><F129/><W92/><G94/><N who="0" m="56791" /><D83/><U96/><E96/><V58/><F71/><W117/><G117/><T74/><D74/><U82/><E82/><N who="2" m="47191" /><F1/><W73/><G73/><T125/><D125/><U0/><E0/><V51/><F3/><W98/><G97/><T46/><D46/><U126/><E126/><V119/><F119/><W72/><G72/><T37/><D37/><U18/><E45/><V108/><F108/><W40/><G40/><T130/><D130/><U2/><E2/><V102/><F102/><W9/><G56/><T109/><D109/><U11/><E59/><V75/><F75/><W121/><G121/><T101/><D101/><U54/><E81/><N who="2" m="49231" /><F49/><W5/><G5/><T6/><D6/><U105/><E105/><V113/><F113/><W13/><G13/><T100/><D100/><U87/><E4/><RYUUKYOKU ba="1,0" sc="298,-10,202,-10,250,-10,250,30" hai3="9,14,16,20,21,23,24,25,26,65,92,98,103" /><INIT seed="1,2,0,1,0,45" ten="288,192,240,280" oya="1" hai0="27,102,16,21,5,59,78,62,18,93,128,41,91" hai1="10,105,103,22,115,123,53,47,24,74,49,111,17" hai2="95,37,70,6,85,109,25,116,61,29,3,104,38" hai3="57,84,46,112,94,13,83,1,88,68,65,56,135"/><U69/><E115/><V26/><F116/><W133/><G1/><T120/><D128/><U127/><E123/><V33/><F109/><W19/><G112/><T51/><D120/><U113/><E113/><V79/><F26/><W14/><G68/><T117/><D117/><U58/><E69/><V2/><F95/><W9/><G46/><N who="0" m="26063" /><D5/><U106/><E74/><V30/><F30/><W72/><G65/><N who="0" m="39135" /><D78/><U77/><E127/><V129/><F85/><W28/><G28/><N who="0" m="17519" /><D102/><U124/><E124/><V12/><F129/><W81/><G13/><T42/><D42/><U0/><E111/><V32/><F32/><W110/><G110/><T11/><D11/><U52/><E77/><V73/><F12/><W108/><G108/><T44/><D44/><U132/><E103/><V15/><F15/><W101/><G101/><T122/><D122/><U87/><E132/><V96/><F6/><W125/><G125/><T75/><D75/><U23/><E23/><V55/><F79/><W76/><G81/><T86/><AGARI ba="2,0" hai="16,18,86,91,93" m="17519,39135,26063" machi="86" ten="30,4000,0" yaku="8,1,52,1,54,1" doraHai="45" who="0" fromWho="0" sc="288,46,192,-22,240,-12,280,-12" /><INIT seed="2,0,0,3,2,103" ten="334,170,228,268" oya="2" hai0="58,50,97,90,67,124,60,41,14,69,118,105,91" hai1="64,102,31,48,128,6,20,8,134,2,55,46,38" hai2="81,119,133,63,7,123,93,10,104,79,76,86,115" hai3="42,35,26,75,47,34,18,106,28,71,130,27,30"/><V116/><F63/><W78/><G130/><T32/><D124/><U22/><E128/><V54/><F115/><W11/><G18/><T40/><D118/><U111/><E111/><V132/><F54/><W126/><G11/><T56/><D32/><U16/><E134/><N who="2" m="51819" /><F10/><W59/><G59/><T80/><D14/><U88/><E38/><V131/><F7/><W1/><G1/><T120/><D120/><U65/><E31/><V87/><F131/><W19/><G19/><T37/><D58/><U39/><E39/><V45/><F45/><W43/><G71/><T95/><D37/><U85/><E22/><V101/><F123/><W98/><G126/><T5/><D5/><U99/><E20/><V73/><F93/><W21/><G21/><T74/><D69/><U107/><REACH who="1" step="1"/><E16/><REACH who="1" ten="334,160,228,268" step="2"/><V9/><F9/><W125/><G125/><T109/><D109/><U83/><AGARI ba="0,1" hai="2,6,8,46,48,55,64,65,83,85,88,99,102,107" machi="83" ten="20,12000,2" yaku="1,1,2,1,0,1,7,1,52,1,54,1,53,0" doraHai="103" doraHaiUra="52" who="1" fromWho="1" sc="334,-30,160,130,228,-60,268,-30" /><INIT seed="3,0,0,5,0,38" ten="304,290,168,238" oya="3" hai0="73,28,46,128,1,84,50,130,102,14,118,63,83" hai1="56,135,32,109,79,82,106,75,131,117,78,19,105" hai2="112,119,80,51,54,92,22,120,48,90,107,37,5" hai3="91,41,34,24,59,31,44,6,35,113,60,26,2"/><W64/><G113/><T133/><D1/><U71/><E19/><V99/><F120/><W36/><G2/><T12/><D73/><U17/><E17/><V96/><F119/><W129/><G129/><N who="0" m="49771" /><D133/><U88/><E56/><V81/><F112/><W111/><G111/><T76/><D102/><U94/><E32/><V16/><F37/><W15/><G91/><T108/><D118/><U58/><E71/><V65/><F65/><W13/><REACH who="3" step="1"/><G6/><REACH who="3" ten="304,290,168,228" step="2"/><T101/><D108/><U89/><E109/><V77/><F5/><W55/><G55/><T85/><D101/><U74/><E131/><V10/><F77/><W123/><G123/><T115/><D115/><U52/><E117/><V8/><F54/><W42/><G42/><T126/><D76/><U69/><E135/><V9/><F107/><W47/><G47/><T30/><D46/><U97/><E89/><V20/><F90/><W7/><G7/><T23/><D126/><U3/><E3/><V39/><F39/><W110/><G110/><T134/><D134/><U116/><E116/><V70/><F70/><W67/><G67/><T57/><D57/><U68/><E69/><V95/><REACH who="2" step="1"/><F8/><REACH who="2" ten="304,290,158,228" step="2"/><W49/><G49/><T0/><D50/><N who="1" m="30999" /><E68/><V40/><F40/><W125/><G125/><T27/><D63/><U93/><E93/><V122/><F122/><W100/><G100/><T29/><D83/><N who="1" m="45527" /><E105/><V124/><F124/><W114/><G114/><T87/><D0/><U66/><E106/><V33/><F33/><W11/><G11/><T104/><D104/><U18/><E66/><V62/><F62/><W61/><G61/><RYUUKYOKU ba="0,2" sc="304,0,290,0,158,0,228,0" hai0="12,14,23,27,28,29,30,84,85,87" hai1="18,75,79,82,88,94,97" hai2="9,10,16,20,22,48,51,80,81,92,95,96,99" hai3="13,15,24,26,31,34,35,36,41,44,59,60,64" /><INIT seed="3,1,2,3,0,63" ten="304,290,158,228" oya="3" hai0="90,70,106,37,112,91,56,89,127,60,65,97,50" hai1="8,36,115,87,102,40,31,48,113,2,62,105,44" hai2="45,117,53,93,69,84,28,25,104,1,46,72,128" hai3="22,122,42,125,130,59,96,55,16,29,21,0,52"/><W54/><G122/><T6/><D127/><U14/><E2/><V71/><F1/><W20/><G125/><T121/><D121/><U74/><E74/><V57/><F117/><W23/><G130/><T67/><D37/><U120/><E120/><V27/><F104/><W61/><G0/><T11/><D112/><U94/><E105/><V47/><F72/><W17/><G42/><T131/><D131/><U7/><E36/><V123/><F123/><W3/><G3/><T88/><D70/><U18/><E31/><V85/><F128/><W126/><G126/><T110/><D110/><U81/><E18/><N who="3" m="7274" /><G96/><T76/><D76/><N who="1" m="46503" /><E62/><V66/><F93/><W134/><G134/><T32/><D32/><U107/><E107/><V51/><F71/><W77/><G77/><T34/><D34/><U26/><E26/><AGARI ba="1,2" hai="20,21,22,23,26,29,52,54,55,59,61" m="7274" machi="26" ten="30,5800,0" yaku="8,1,54,2" doraHai="63" who="3" fromWho="1" sc="304,0,290,-61,158,0,228,81" /><INIT seed="3,2,0,0,4,54" ten="304,229,158,309" oya="3" hai0="83,59,34,7,16,70,96,134,114,57,18,111,81" hai1="127,60,104,98,78,125,29,88,30,101,50,21,103" hai2="123,48,84,118,75,115,131,14,36,108,9,64,5" hai3="62,92,126,100,8,129,68,74,22,2,24,63,77"/><W23/><G126/><N who="1" m="48138" /><E78/><V25/><F115/><W135/><G129/><T6/><D70/><U35/><E35/><V93/><F118/><W107/><G135/><T10/><D34/><U17/><E103/><V41/><F108/><W46/><G107/><T121/><D121/><U94/><E50/><V26/><F131/><W86/><G23/><T39/><D39/><U109/><E109/><V124/><F124/><W122/><G74/><T45/><D45/><U43/><E43/><V52/><F75/><W133/><G68/><T58/><D134/><U40/><E40/><V82/><F123/><W4/><G122/><T110/><D96/><N who="1" m="57415" /><E60/><V106/><F106/><W87/><G46/><T20/><D114/><U91/><E91/><V37/><F64/><W1/><G1/><T49/><D49/><U27/><AGARI ba="2,0" hai="17,21,27,29,30,98,101,104" m="57415,48138" machi="27" ten="30,2000,0" yaku="18,1,54,1" doraHai="54" who="1" fromWho="1" sc="304,-7,229,26,158,-7,309,-12" /><INIT seed="4,0,0,4,0,107" ten="297,255,151,297" oya="0" hai0="94,111,52,122,125,38,99,131,81,79,0,80,48" hai1="12,102,32,76,71,37,65,77,84,49,50,96,23" hai2="89,60,4,112,28,87,114,92,118,1,8,86,25" hai3="82,16,83,85,19,130,40,47,123,100,91,2,55"/><T95/><D122/><U110/><E32/><V88/><F118/><W128/><G2/><T17/><D38/><U67/><E37/><V113/><F60/><W59/><G100/><T75/><D0/><U116/><E110/><V57/><F57/><W43/><G83/><T106/><D131/><N who="3" m="50217" /><G123/><T115/><D125/><U18/><E116/><V10/><F10/><W117/><G117/><T93/><D115/><U69/><E69/><V72/><F72/><W58/><G58/><T66/><D66/><N who="1" m="25099" /><E71/><V56/><F56/><W78/><G91/><T44/><D81/><N who="1" m="47143" /><E77/><V24/><REACH who="2" step="1"/><F28/><REACH who="2" ten="297,255,141,297" step="2"/><W3/><G59/><T51/><D111/><U90/><E102/><V42/><F42/><W63/><G63/><T30/><D30/><U98/><E90/><V109/><F109/><W31/><G40/><T9/><D79/><U33/><E33/><V21/><F21/><W119/><G31/><T36/><D75/><U14/><E23/><V6/><F6/><W13/><G43/><T97/><D9/><U64/><E64/><V5/><F5/><W26/><G78/><T126/><D52/><U105/><E18/><V120/><F120/><W68/><G16/><T104/><D17/><U34/><E34/><V45/><F45/><W108/><G47/><T54/><D44/><U74/><E74/><V22/><F22/><W129/><G19/><T132/><D54/><U70/><E70/><V29/><F29/><W62/><G55/><T135/><D126/><U121/><E121/><V39/><F39/><W35/><N who="3" m="50225" /><W127/><DORA hai="53" /><G68/><T61/><D36/><U11/><E11/><RYUUKYOKU ba="0,1" sc="297,-10,255,-10,141,30,297,-10" hai2="1,4,8,24,25,86,87,88,89,92,112,113,114" /><INIT seed="5,1,1,1,0,7" ten="287,245,171,287" oya="1" hai0="135,133,90,60,102,41,1,100,31,22,35,20,70" hai1="13,74,17,53,81,115,96,99,94,89,77,54,42" hai2="91,116,45,29,112,38,101,63,0,124,103,25,21" hai3="52,123,40,80,92,75,107,12,79,56,126,23,28"/><U128/><E115/><V39/><F116/><W43/><G107/><T134/><D1/><U15/><E128/><V104/><F124/><W8/><G126/><T55/><D41/><U121/><E121/><V36/><F104/><W30/><G123/><T66/><D90/><U24/><E42/><V117/><F117/><W109/><G40/><T68/><D55/><U10/><E24/><V118/><F118/><W122/><G43/><T59/><D35/><U33/><E33/><V48/><F0/><W9/><G92/><T51/><D51/><U130/><E130/><V108/><F108/><W11/><G109/><T131/><D131/><U106/><REACH who="1" step="1"/><E15/><REACH who="1" ten="287,235,171,287" step="2"/><V119/><F119/><W47/><G122/><T44/><D135/><U97/><E97/><V114/><F36/><W62/><G12/><T110/><D110/><U57/><E57/><V125/><F38/><W78/><G47/><T5/><D44/><U120/><E120/><V18/><F39/><W87/><G28/><T86/><D31/><U6/><E6/><V37/><F37/><W32/><G32/><T61/><D5/><U76/><E76/><V73/><F29/><W72/><G79/><T58/><D66/><U50/><E50/><V127/><F127/><W84/><G75/><T132/><D132/><U16/><E16/><V69/><F125/><W71/><G71/><T2/><D2/><U129/><E129/><V105/><F69/><W26/><AGARI ba="1,2" hai="8,9,11,23,26,30,52,56,62,72,78,80,84,87" machi="26" ten="30,8000,1" yaku="0,1,52,3,54,1" doraHai="7" who="3" fromWho="3" sc="287,-21,235,-41,171,-21,287,103" /><INIT seed="6,0,0,0,3,83" ten="266,194,150,390" oya="2" hai0="79,77,106,117,38,51,30,48,53,49,80,55,56" hai1="69,107,86,26,13,16,1,125,52,132,67,36,74" hai2="68,85,14,100,39,6,123,94,28,12,22,127,29" hai3="112,57,54,43,73,23,110,76,15,115,7,75,113"/><V21/><F39/><W96/><G110/><T71/><D106/><U8/><E74/><V116/><F68/><W122/><G122/><T66/><D30/><N who="2" m="11882" /><F123/><W102/><G43/><T78/><D117/><U99/><E36/><V19/><F116/><W34/><G34/><T81/><D38/><U40/><E40/><V119/><F119/><W41/><G41/><T25/><D25/><U129/><E125/><V84/><F127/><W133/><G76/><T50/><D71/><U92/><E129/><V105/><F105/><W101/><G101/><T3/><D3/><U31/><E132/><V87/><F6/><W47/><G47/><T58/><D66/><U63/><E1/><V104/><F104/><N who="3" m="63559" /><G133/><T135/><D135/><U35/><E52/><N who="0" m="20041" /><D51/><U91/><REACH who="1" step="1"/><E107/><REACH who="1" ten="266,184,150,390" step="2"/><V109/><F109/><W89/><G75/><T5/><D5/><U131/><E131/><V93/><F100/><W61/><G73/><T88/><D88/><U59/><E59/><AGARI ba="0,1" hai="48,49,50,56,58,59,77,78,79,80,81" m="20041" machi="59" ten="40,8000,1" yaku="28,2,8,1,54,1" doraHai="83" who="0" fromWho="1" sc="266,90,184,-80,150,0,390,0" /><INIT seed="7,0,0,1,4,3" ten="356,104,150,390" oya="3" hai0="66,128,59,76,10,39,85,88,49,132,115,61,22" hai1="12,35,45,11,58,7,64,77,63,34,122,129,135" hai2="53,130,55,133,44,36,9,91,78,46,5,24,105" hai3="114,89,86,75,28,102,79,95,13,123,26,4,32"/><W69/><G69/><T96/><D39/><U110/><E110/><V19/><F105/><W106/><G123/><T50/><D128/><U43/><E122/><V42/><F133/><W27/><G27/><T74/><D132/><U107/><E135/><V104/><F104/><W1/><G1/><T8/><D74/><U101/><E129/><V97/><F130/><W29/><G29/><T23/><D115/><U15/><E107/><V134/><F134/><W92/><G92/><T120/><D76/><U65/><E101/><V30/><F19/><W125/><G114/><T108/><D96/><U116/><E116/><V25/><F25/><W109/><G125/><T60/><D120/><U48/><E65/><V90/><F78/><W81/><G109/><T68/><D108/><U127/><E127/><V100/><F44/><W84/><G84/><T94/><D68/><U83/><REACH who="1" step="1"/><E15/><REACH who="1" ten="356,94,150,390" step="2"/><N who="2" m="5551" /><F100/><W17/><G102/><T99/><D99/><U112/><E112/><V18/><F97/><W82/><G106/><T16/><D61/><U87/><AGARI ba="0,1" hai="7,11,12,34,35,43,45,48,58,63,64,77,83,87" machi="87" ten="20,12000,2" yaku="1,1,0,1,7,1,25,2,52,1,53,0" doraHai="3" doraHaiUra="111" who="1" fromWho="1" sc="356,-30,94,130,150,-30,390,-60" owari="326,13.0,224,-18.0,120,-38.0,330,43.0" /></mjloggm>