<mjloggm ver="2.3"><GO type="41" lobby="0"/><UN n0="%E3%82%B3%E3%83%AD%E3%83%8A%E3%82%A6%E3%82%A4%E3%83%AB%E3%82%B9%E2%98%85" n1="%E2%93%9D%53%75%70%68%78" n2="%E6%AD%A3%E6%96%B9%E5%BD%A2%E6%A3%92%E5%AD%90" n3="%68%65%79%74%61%78%69" dan="14,18,14,14" rate="2063.57,2116.97,1926.91,1934.91" sx="M,M,M,M"/><TAIKYOKU oya="0"/><INIT seed="0,0,0,5,4,58" ten="250,250,250,250" oya="0" hai0="83,82,51,104,61,40,70,39,4,55,50,59,6" hai1="125,18,80,134,108,36,29,56,120,32,21,107,17" hai2="87,43,95,97,130,13,3,77,112,30,46,99,109" hai3="127,123,114,131,7,91,8,110,66,117,53,1,90"/><T16/><D104/><U2/><E36/><V84/><F3/><W63/><G114/><T12/><D39/><U10/><E107/><V133/><F112/><W34/><G117/><T128/><D128/><U135/><E80/><N who="0" m="30761" /><D70/><U124/><E56/><V92/><F109/><W35/><G110/><T102/><D102/><U113/><E108/><V22/><F133/><N who="1" m="50697" /><E113/><V14/><F22/><W42/><G131/><T60/><D6/><N who="1" m="1367" /><E120/><V94/><F30/><W19/><G123/><T47/><D4/><U65/><E65/><V116/><F77/><W129/><G129/><T79/><D79/><U23/><E32/><V96/><F116/><W81/><G53/><T118/><D118/><U93/><E93/><V49/><F130/><W69/><G81/><T76/><D76/><U28/><E28/><V98/><N who="2" m="24576" /><DORA hai="57" /><V132/><REACH who="2" step="1"/><F132/><REACH who="2" ten="250,250,240,250" step="2"/><W75/><G75/><T38/><D38/><U33/><E29/><V101/><F101/><W89/><G127/><N who="1" m="48714" /><E33/><V74/><F74/><W103/><G103/><T64/><D64/><U73/><E73/><V0/><F0/><W106/><G106/><T24/><D24/><U119/><E119/><V68/><F68/><W54/><G42/><T9/><AGARI ba="0,1" hai="9,12,16,40,47,50,51,55,59,60,61" m="30761" machi="9" ten="30,18000,2" yaku="8,1,52,4,54,1" doraHai="58,57" who="0" fromWho="0" sc="250,190,250,-60,240,-60,250,-60" /><INIT seed="0,1,0,4,3,23" ten="440,190,180,190" oya="0" hai0="128,102,20,132,0,80,77,44,10,22,62,111,50" hai1="127,135,29,103,53,83,45,90,48,99,76,37,108" hai2="85,79,88,123,112,82,32,3,12,16,9,68,121" hai3="18,109,72,39,7,64,65,117,129,38,49,92,43"/><T60/><D128/><U47/><E108/><V115/><F68/><W130/><G117/><T41/><D132/><U42/><E127/><V100/><F32/><W74/><G7/><T58/><D62/><U15/><E135/><V63/><F3/><W116/><G116/><T126/><D126/><U8/><E29/><V5/><F100/><W11/><G109/><T73/><D111/><U52/><E90/><V106/><F106/><W75/><G92/><T17/><D102/><U13/><E53/><V124/><F124/><W34/><G34/><T28/><D28/><U125/><E8/><V91/><F63/><W67/><G49/><T120/><D120/><U33/><E33/><V107/><F107/><W93/><G93/><T69/><D69/><U19/><E19/><V97/><F5/><W56/><G56/><T71/><D71/><U31/><E31/><V25/><F25/><W95/><G95/><T119/><D119/><U27/><E27/><V70/><F70/><W46/><G11/><T36/><D50/><U118/><E118/><V35/><F35/><W78/><G18/><T122/><D122/><N who="2" m="46602" /><F97/><W133/><G133/><T96/><D96/><U59/><E59/><V84/><F79/><W89/><G89/><T14/><REACH who="0" step="1"/><D0/><REACH who="0" ten="430,190,180,190" step="2"/><U30/><E30/><V2/><F2/><W134/><G134/><T21/><D21/><U98/><E125/><V81/><F115/><W24/><G38/><T51/><D51/><U104/><REACH who="1" step="1"/><E99/><REACH who="1" ten="430,180,180,190" step="2"/><V113/><F112/><W26/><REACH who="3" step="1"/><G78/><REACH who="3" ten="430,180,180,180" step="2"/><T1/><D1/><U94/><E94/><V87/><F113/><W105/><G105/><RYUUKYOKU ba="1,3" sc="430,0,180,0,180,0,180,0" hai0="10,14,17,20,22,36,41,44,58,60,73,77,80" hai1="13,15,37,42,45,47,48,52,76,83,98,103,104" hai2="9,12,16,81,82,84,85,87,88,91" hai3="24,26,39,43,46,64,65,67,72,74,75,129,130" /><INIT seed="0,2,3,2,5,36" ten="430,180,180,180" oya="0" hai0="90,77,57,94,125,75,71,100,110,93,114,1,79" hai1="72,132,66,8,60,23,89,49,130,19,124,98,111" hai2="56,133,106,53,122,120,80,107,9,37,78,105,109" hai3="95,81,69,3,101,13,45,82,44,14,31,11,20"/><T48/><D71/><U84/><E72/><V65/><F109/><W12/><G69/><T58/><D114/><U41/><E111/><V25/><F65/><W70/><G70/><T127/><D1/><U16/><E130/><V74/><F133/><W92/><G3/><T76/><D110/><U83/><E124/><V42/><F25/><N who="3" m="16807" /><G11/><T129/><D129/><U47/><E132/><V2/><F53/><W35/><G35/><T102/><D48/><U128/><E128/><V97/><F56/><N who="0" m="21610" /><D90/><U108/><E108/><V40/><F97/><N who="3" m="59583" /><G92/><N who="0" m="35435" /><D75/><U73/><E73/><V87/><F87/><W121/><G121/><T22/><D22/><U27/><E98/><V117/><F117/><W59/><G59/><T61/><D61/><U33/><E33/><V34/><F34/><W68/><G68/><T67/><D67/><U0/><E66/><V112/><F112/><W28/><G28/><T91/><D91/><U32/><E32/><V55/><F55/><W134/><G134/><T135/><D135/><U85/><E85/><V62/><F62/><W30/><G30/><T88/><D88/><U39/><E60/><V118/><F118/><W116/><G116/><T50/><D50/><U26/><E49/><V123/><REACH who="2" step="1"/><F37/><REACH who="2" ten="430,180,170,180" step="2"/><W21/><G21/><T24/><D24/><N who="1" m="14439" /><E39/><V18/><F18/><W46/><AGARI ba="2,4" hai="12,13,14,44,45,46,81,82" m="59583,16807" machi="46" ten="30,1100,0" yaku="8,1" doraHai="36" who="3" fromWho="3" sc="430,-7,180,-5,170,-5,180,57" /><INIT seed="1,0,0,5,5,97" ten="423,175,165,237" oya="1" hai0="8,91,18,84,120,102,37,101,16,125,64,129,135" hai1="6,133,22,43,42,30,48,53,33,110,36,122,124" hai2="52,126,96,26,59,57,123,87,75,47,114,108,38" hai3="88,9,67,104,106,51,11,77,1,94,17,70,89"/><U21/><E122/><V35/><F123/><W12/><G77/><T76/><D37/><U29/><E33/><V95/><F75/><W20/><G1/><T83/><D120/><U32/><E32/><V55/><F108/><W130/><G130/><T56/><D125/><U2/><E2/><V40/><F126/><W19/><G70/><T62/><D129/><U15/><E36/><V49/><F114/><W127/><G127/><T46/><D46/><U93/><E133/><V109/><F109/><W3/><G67/><T113/><D113/><U99/><E110/><V118/><F118/><W24/><G3/><T82/><D135/><U79/><E79/><V105/><F105/><W23/><G89/><T54/><D64/><U7/><E124/><V44/><F87/><W128/><G128/><T81/><D18/><U131/><E131/><V134/><F134/><W4/><G4/><N who="1" m="1578" /><E15/><V111/><F111/><W14/><G51/><T58/><D58/><N who="1" m="33063" /><E30/><V10/><F10/><W121/><G121/><T68/><D68/><U66/><E66/><V69/><F69/><W34/><G34/><T116/><D116/><U61/><E61/><V85/><F35/><W115/><G115/><T27/><D27/><N who="1" m="16623" /><E22/><V90/><F26/><W31/><G23/><T60/><D60/><U5/><E5/><V107/><REACH who="2" step="1"/><F55/><REACH who="2" ten="423,175,155,237" step="2"/><W132/><G132/><T98/><D76/><U119/><E119/><V80/><F80/><N who="0" m="30826" /><D98/><AGARI ba="0,1" hai="9,11,12,14,17,19,20,24,31,88,94,98,104,106" machi="98" ten="30,3900,0" yaku="7,1,9,1,54,1" doraHai="97" who="3" fromWho="0" sc="423,-39,175,0,155,0,237,49" /><INIT seed="2,0,0,0,2,66" ten="384,175,155,286" oya="2" hai0="86,58,48,77,72,105,55,114,23,108,10,20,80" hai1="36,102,30,84,124,28,74,85,19,34,115,103,33" hai2="49,32,75,0,82,42,27,125,111,113,106,26,134" hai3="61,45,70,50,133,100,118,1,93,44,76,52,129"/><V107/><F113/><W128/><G1/><T29/><D114/><U37/><E115/><V123/><F123/><W5/><G5/><T81/><D105/><U64/><E64/><V88/><F0/><W4/><G4/><T101/><D101/><U17/><REACH who="1" step="1"/><E74/><REACH who="1" ten="384,165,155,286" step="2"/><V16/><F75/><W89/><G118/><T130/><D72/><U35/><E35/><V8/><F32/><W99/><G133/><T24/><D130/><N who="3" m="50281" /><G76/><T104/><D77/><U65/><E65/><V38/><F134/><W95/><G61/><T6/><D6/><U120/><E120/><V73/><F73/><W117/><G117/><T67/><D67/><U47/><E47/><N who="2" m="25847" /><F125/><AGARI ba="0,1" hai="17,19,28,30,33,34,36,37,84,85,102,103,124,125" machi="125" ten="25,3200,0" yaku="1,1,22,2,53,0" doraHai="66" doraHaiUra="63" who="1" fromWho="2" sc="384,0,165,42,155,-32,286,0" /><INIT seed="3,0,0,1,2,24" ten="384,207,123,286" oya="3" hai0="4,40,6,134,54,34,112,38,63,33,58,7,11" hai1="62,102,118,93,48,85,80,59,20,115,56,30,129" hai2="99,103,135,37,0,128,35,39,8,126,64,73,71" hai3="101,87,14,98,110,52,57,45,111,133,122,109,130"/><W82/><G122/><T50/><D134/><U23/><E129/><V84/><F135/><W3/><G3/><T89/><D112/><U79/><E115/><V120/><F128/><W100/><G133/><T29/><D38/><U83/><E118/><V22/><F120/><W106/><G45/><T94/><D29/><U66/><E83/><V25/><F126/><W60/><G100/><T78/><D78/><U61/><E48/><V53/><F84/><W91/><REACH who="3" step="1"/><G14/><REACH who="3" ten="384,207,123,276" step="2"/><N who="0" m="5479" /><D34/><U18/><E102/><V69/><F35/><W97/><G97/><N who="0" m="57551" /><D33/><U92/><E23/><V47/><F0/><W107/><G107/><T113/><D113/><U9/><E9/><V96/><F8/><W32/><G32/><T125/><D125/><U131/><E131/><AGARI ba="0,1" hai="52,57,60,82,87,91,98,101,106,109,110,111,130,131" machi="131" ten="50,12000,1" yaku="1,1,14,1,10,1,54,1,53,0" doraHai="24" doraHaiUra="16" who="3" fromWho="1" sc="384,0,207,-120,123,0,276,130" /><INIT seed="3,1,0,5,1,71" ten="384,87,123,406" oya="3" hai0="81,132,74,127,2,88,46,104,101,25,22,97,131" hai1="8,41,108,34,113,109,38,49,39,1,100,107,61" hai2="48,6,12,59,42,36,47,15,54,14,5,94,30" hai3="31,83,120,77,67,105,58,121,32,106,103,17,116"/><W99/><G116/><T122/><D122/><U56/><E34/><V44/><F30/><W40/><G106/><T125/><D2/><U85/><E85/><V114/><F114/><W93/><G17/><T10/><D10/><U19/><E113/><V24/><F24/><W50/><G93/><T60/><D60/><U87/><E87/><V51/><REACH who="2" step="1"/><F94/><REACH who="2" ten="384,87,113,406" step="2"/><W98/><G31/><T118/><D118/><U102/><E107/><V68/><F68/><W57/><G32/><T89/><D127/><U53/><E102/><V7/><F7/><W86/><G98/><T65/><D125/><U26/><E100/><V43/><AGARI ba="1,1" hai="5,6,12,14,15,36,42,43,44,47,48,51,54,59" machi="43" ten="30,8000,1" yaku="1,1,0,1,52,1,53,2" doraHai="71" doraHaiUra="37" who="2" fromWho="2" sc="384,-21,87,-21,113,93,406,-41" /><INIT seed="4,0,0,4,2,90" ten="363,66,206,365" oya="0" hai0="104,2,102,98,83,23,14,30,77,103,66,134,131" hai1="16,75,108,39,33,125,36,79,69,107,72,5,63" hai2="133,44,120,35,21,46,70,94,43,29,59,101,49" hai3="53,48,64,34,41,57,110,28,45,51,114,109,26"/><T89/><D2/><U19/><E108/><V32/><F120/><W15/><G114/><T18/><D131/><U56/><E33/><V3/><F3/><W10/><REACH who="3" step="1"/><G64/><REACH who="3" ten="363,66,206,355" step="2"/><T92/><D134/><U82/><E125/><V124/><F124/><W73/><G73/><T61/><D104/><U84/><E107/><V123/><F133/><W100/><G100/><T130/><D130/><U112/><E75/><V91/><F101/><W128/><G128/><T97/><D30/><U24/><E72/><V111/><F111/><W67/><G67/><T0/><D0/><U65/><E112/><V85/><F123/><W95/><G95/><T54/><D103/><U40/><E69/><V81/><F70/><W6/><AGARI ba="0,1" hai="6,10,15,26,28,34,41,45,48,51,53,57,109,110" machi="6" ten="20,5200,0" yaku="1,1,0,1,7,1,53,1" doraHai="90" doraHaiUra="4" who="3" fromWho="3" sc="363,-26,66,-13,206,-13,355,62" /><INIT seed="5,0,0,1,1,55" ten="337,53,193,417" oya="1" hai0="43,135,68,88,56,54,38,9,67,80,42,35,94" hai1="121,132,93,76,30,33,64,117,65,118,50,10,78" hai2="47,90,46,81,0,99,128,12,120,115,133,66,62" hai3="14,6,70,89,52,124,79,85,41,25,23,18,116"/><U96/><E121/><V16/><F120/><W2/><G70/><T102/><D35/><U44/><E132/><V22/><F0/><W86/><G116/><T114/><D135/><U108/><E108/><V63/><F133/><W48/><G41/><T45/><D114/><U87/><E33/><V73/><F128/><W106/><G106/><T13/><D43/><U101/><E30/><V27/><F115/><W91/><G2/><T20/><D20/><U40/><E118/><V69/><F63/><W71/><G71/><T58/><D102/><U98/><E117/><V26/><F73/><W110/><G110/><T7/><D80/><U51/><E98/><V24/><REACH who="2" step="1"/><F99/><REACH who="2" ten="337,53,183,417" step="2"/><W107/><G124/><T61/><D54/><U74/><E74/><V3/><F3/><W17/><G79/><N who="1" m="30250" /><E87/><AGARI ba="0,1" hai="12,16,22,24,26,27,46,47,62,66,69,81,87,90" machi="87" ten="40,2600,0" yaku="1,1,54,1,53,0" doraHai="55" doraHaiUra="37" who="2" fromWho="1" sc="337,0,53,-26,183,36,417,0" /><AGARI ba="0,0" hai="7,9,13,38,42,45,56,58,61,67,68,87,88,94" machi="87" ten="30,7700,0" yaku="7,1,52,2,54,1" doraHai="55" who="0" fromWho="1" sc="337,77,27,-77,219,0,417,0" owari="414,21.0,-50,-55.0,219,-18.0,417,52.0" /></mjloggm>