<mjloggm ver="2.3"><GO type="41" lobby="0"/><UN n0="%6D%75%75%6D%75%72%61" n1="%E5%85%83%E8%BB%8D%E4%BA%BA%E3%82%A2%E3%83%9D%E3%83%AD" n2="%E2%93%9D%53%75%70%68%78" n3="%E3%81%9F%E3%81%91%E3%81%97%E3%81%91%E3%81%9F" dan="15,15,18,14" rate="1994.88,2024.39,2077.29,1998.25" sx="F,M,M,M"/><TAIKYOKU oya="0"/><INIT seed="0,0,0,2,3,90" ten="250,250,250,250" oya="0" hai0="53,122,9,118,128,93,83,13,30,62,72,99,18" hai1="109,40,29,45,57,110,15,32,77,129,22,97,34" hai2="112,27,43,130,126,61,24,64,123,31,74,42,59" hai3="20,107,39,79,81,16,120,49,111,101,87,96,91"/><T108/><D122/><U125/><E125/><V47/><F123/><W131/><G131/><T63/><D118/><U51/><E129/><V5/><F130/><W10/><G111/><T124/><D128/><U86/><E57/><V7/><F74/><W1/><G39/><T68/><D124/><U116/><E116/><V76/><F112/><W106/><G120/><T12/><D108/><U121/><E121/><V4/><F126/><W14/><G106/><T8/><D30/><U95/><E109/><V114/><F114/><W17/><G49/><T0/><D0/><U135/><E135/><V65/><F76/><W80/><G1/><T98/><D68/><U66/><E66/><V127/><F127/><W89/><REACH who="3" step="1"/><G80/><REACH who="3" ten="250,250,250,240" step="2"/><T2/><D2/><U48/><E51/><V21/><F47/><W70/><G70/><T37/><D37/><U102/><E110/><V56/><F27/><AGARI ba="0,1" hai="10,14,16,17,20,27,79,81,87,89,91,96,101,107" machi="27" ten="30,3900,0" yaku="1,1,7,1,54,1,53,0" doraHai="90" doraHaiUra="104" who="3" fromWho="2" sc="250,0,250,0,250,-39,240,49" /><INIT seed="1,0,0,1,1,8" ten="250,250,211,289" oya="1" hai0="70,26,60,90,35,73,103,17,33,72,5,118,93" hai1="123,125,77,84,32,45,51,52,59,62,58,63,107" hai2="24,124,127,57,13,3,121,102,20,40,69,92,61" hai3="95,128,12,9,28,122,76,67,25,27,36,41,21"/><U10/><E123/><V2/><F69/><W129/><G67/><T119/><D5/><U132/><E107/><V98/><F40/><W30/><G76/><T113/><D113/><U78/><E32/><V105/><F105/><W83/><G83/><T23/><D103/><U48/><E132/><V31/><F121/><W22/><G122/><T126/><D126/><N who="2" m="48170" /><F13/><W11/><G95/><T49/><D33/><U29/><E29/><V114/><F114/><W68/><G68/><T86/><D35/><U56/><E125/><V88/><F102/><W94/><G94/><T7/><D7/><U82/><E78/><V50/><F50/><W115/><G115/><T19/><D49/><U134/><E134/><V6/><F6/><W66/><G66/><AGARI ba="0,0" hai="2,3,20,24,31,57,61,66,88,92,98" m="48170" machi="66" ten="30,2000,0" yaku="18,1,54,1" doraHai="8" who="2" fromWho="3" sc="250,0,250,0,211,20,289,-20" /><INIT seed="2,0,0,3,1,14" ten="250,250,231,269" oya="2" hai0="119,28,78,100,65,105,115,93,27,101,18,53,109" hai1="97,116,98,82,47,60,126,43,73,92,77,10,103" hai2="31,111,84,3,127,81,62,134,45,132,23,12,120" hai3="104,91,15,69,19,74,75,96,83,57,35,63,24"/><V114/><F114/><W102/><G91/><T70/><D115/><U64/><E116/><V26/><F120/><W80/><G83/><T20/><D119/><U44/><E126/><V7/><F127/><W125/><G125/><T90/><D109/><U56/><E43/><V54/><F3/><W39/><G39/><T21/><D78/><U58/><E10/><V112/><F112/><W48/><G48/><T79/><D79/><U55/><REACH who="1" step="1"/><E98/><REACH who="1" ten="250,240,231,269" step="2"/><V85/><F111/><W50/><G96/><T86/><D105/><U2/><E2/><V66/><F134/><W36/><G36/><T61/><REACH who="0" step="1"/><D53/><REACH who="0" ten="240,240,231,269" step="2"/><U59/><E59/><V41/><F54/><W68/><G57/><T38/><D38/><U40/><E40/><V34/><F41/><W51/><G69/><T131/><D131/><U128/><E128/><V95/><F132/><W0/><G68/><T25/><AGARI ba="0,2" hai="18,20,21,25,27,28,61,65,70,86,90,93,100,101" machi="25" ten="20,12000,2" yaku="1,1,0,1,7,1,52,1,53,2" doraHai="14" doraHaiUra="22" who="0" fromWho="0" sc="240,140,240,-30,231,-60,269,-30" /><INIT seed="3,0,0,0,3,111" ten="380,210,171,239" oya="3" hai0="117,62,119,134,41,27,63,76,78,100,97,99,91" hai1="30,11,58,133,39,82,104,126,55,47,123,67,48" hai2="125,33,75,130,121,0,51,35,115,61,116,7,131" hai3="9,25,26,42,6,57,118,114,17,68,113,31,77"/><W8/><G68/><T80/><D41/><U44/><E123/><V49/><F116/><W93/><G42/><T89/><D27/><U45/><E104/><V98/><F75/><W21/><G77/><N who="0" m="29803" /><D62/><U2/><E30/><V70/><F98/><N who="0" m="37386" /><D63/><U14/><E82/><V52/><F125/><W38/><G93/><T129/><D80/><U88/><E2/><V15/><F0/><W64/><G38/><T103/><D129/><N who="2" m="49162" /><F121/><W20/><G118/><N who="0" m="45067" /><D134/><U1/><E133/><V37/><F51/><W106/><G106/><T10/><D10/><U92/><E126/><V53/><F37/><W90/><G90/><AGARI ba="0,0" hai="89,90,91,100,103" m="45067,37386,29803" machi="90" ten="30,7700,0" yaku="28,2,34,2" doraHai="111" who="0" fromWho="3" sc="380,77,210,0,171,0,239,-77" /><INIT seed="4,0,0,1,4,62" ten="457,210,171,162" oya="0" hai0="83,114,86,61,55,106,41,85,72,92,48,98,67" hai1="69,111,120,102,51,100,108,77,37,13,31,26,22" hai2="117,74,115,12,17,113,66,50,49,84,47,130,43" hai3="93,63,97,78,128,79,76,58,122,29,52,87,118"/><T21/><D114/><N who="2" m="43530" /><F74/><W2/><G2/><T42/><D21/><U53/><E37/><V7/><F7/><W96/><G118/><T33/><D33/><U16/><E120/><V34/><F34/><W27/><G128/><T71/><D106/><U89/><E69/><V38/><F130/><W125/><G125/><T90/><D72/><U75/><E108/><V32/><F32/><W126/><G126/><T127/><D127/><U60/><E111/><V4/><F4/><W135/><G135/><T0/><D0/><U5/><E5/><V131/><F131/><W124/><G122/><T15/><D15/><U68/><E75/><V119/><F84/><W82/><G124/><T6/><D86/><U28/><E77/><V132/><F132/><W94/><G27/><T134/><D6/><U73/><E73/><V107/><F107/><W35/><G29/><T39/><D39/><U88/><E28/><V9/><F66/><W8/><G8/><T56/><REACH who="0" step="1"/><D134/><REACH who="0" ten="447,210,171,162" step="2"/><U45/><E13/><V104/><F104/><W123/><G35/><T116/><D116/><AGARI ba="0,1" hai="9,12,17,38,43,47,49,50,116,117,119" m="43530" machi="116" ten="30,2000,0" yaku="12,1,15,1" doraHai="62" who="2" fromWho="0" sc="447,-20,210,0,171,30,162,0" /><INIT seed="5,0,0,0,5,118" ten="427,210,201,162" oya="1" hai0="92,42,18,95,69,43,5,50,111,2,21,55,59" hai1="107,44,30,134,90,26,116,67,99,135,68,34,102" hai2="88,128,127,100,130,78,37,52,86,80,29,27,62" hai3="109,36,133,105,119,71,45,56,22,48,40,58,87"/><U51/><E116/><V74/><F37/><W110/><G105/><T47/><D111/><N who="3" m="42505" /><G22/><T113/><D113/><U91/><E91/><V60/><F100/><W8/><G8/><T79/><D69/><U104/><E104/><V1/><F1/><W41/><G87/><T75/><D2/><U82/><E90/><V112/><F127/><W114/><G119/><T115/><D5/><U96/><E99/><V53/><F112/><W49/><G114/><T64/><D115/><U23/><E82/><V70/><F62/><W24/><G24/><T120/><D120/><U108/><E108/><V101/><F101/><W122/><G71/><T81/><D64/><U13/><E13/><V10/><F10/><W25/><G25/><T17/><D43/><U19/><E19/><V46/><F70/><W103/><G103/><T132/><D17/><U93/><E93/><N who="2" m="54423" /><F60/><W3/><G3/><T121/><D121/><U4/><E4/><V32/><F46/><N who="3" m="25671" /><G133/><T98/><D132/><U66/><E23/><V31/><F31/><W84/><G84/><T7/><D7/><U97/><E97/><V0/><F0/><W131/><G122/><T72/><D98/><U35/><E35/><V57/><F57/><N who="3" m="22123" /><G131/><AGARI ba="0,0" hai="27,29,32,52,53,74,78,80,128,130,131" m="54423" machi="131" ten="30,3900,0" yaku="19,1,54,2" doraHai="118" who="2" fromWho="3" sc="427,0,210,0,201,39,162,-39" /><INIT seed="6,0,0,4,3,11" ten="427,210,240,123" oya="2" hai0="71,104,103,125,4,72,23,123,25,54,63,29,55" hai1="31,120,7,79,10,45,74,0,34,62,42,121,78" hai2="95,26,85,100,33,48,122,93,35,88,75,1,46" hai3="65,133,60,56,81,32,126,21,94,20,108,51,38"/><V12/><F1/><W8/><G108/><T73/><D123/><U114/><E114/><V134/><F75/><W76/><G133/><T115/><D115/><U49/><E62/><V24/><F122/><N who="1" m="47209" /><E74/><V44/><F134/><W68/><G32/><T39/><D39/><U14/><E0/><V69/><F69/><W17/><G38/><T27/><D4/><U43/><E42/><V117/><F117/><W116/><G126/><T19/><D125/><U96/><E96/><V129/><F129/><W127/><G116/><T135/><D135/><U80/><E80/><V109/><F35/><W98/><G51/><T64/><D54/><U61/><E61/><V97/><F33/><W3/><G68/><T128/><D128/><U110/><E110/><V119/><F119/><W9/><G21/><T112/><D112/><U87/><E87/><V22/><F109/><W13/><G3/><T111/><D111/><U105/><E105/><V77/><F77/><W99/><G99/><N who="0" m="61567" /><D55/><U57/><E57/><V28/><F48/><W124/><G127/><T130/><D130/><U89/><E89/><V47/><F28/><W118/><G118/><T40/><D40/><U106/><E106/><V70/><F70/><W37/><G37/><T50/><D50/><U113/><E113/><V30/><F30/><W86/><REACH who="3" step="1"/><G124/><REACH who="3" ten="427,210,240,113" step="2"/><T16/><D23/><U59/><E59/><V6/><F22/><W15/><G15/><T132/><D132/><U5/><E34/><V2/><F2/><W83/><G83/><T67/><D71/><U90/><E49/><V66/><F97/><W84/><G84/><RYUUKYOKU ba="0,1" sc="427,-10,210,-10,240,-10,113,30" hai3="8,9,13,17,20,56,60,65,76,81,86,94,98" /><INIT seed="7,1,1,4,5,94" ten="417,200,230,143" oya="3" hai0="97,39,11,110,111,30,65,38,17,12,74,6,2" hai1="84,54,29,0,88,83,92,50,4,103,57,129,21" hai2="19,101,3,123,124,77,9,45,131,22,117,116,37" hai3="23,27,62,69,105,68,107,80,59,18,106,52,56"/><W102/><G80/><T121/><D121/><U64/><E0/><V76/><F131/><W70/><REACH who="3" step="1"/><G59/><REACH who="3" ten="417,200,230,133" step="2"/><T132/><D111/><U87/><E129/><V26/><F117/><W53/><G53/><T49/><D110/><U89/><E64/><V1/><F116/><W41/><G41/><T98/><D65/><U135/><E135/><V33/><F123/><W34/><G34/><T96/><D132/><U20/><E103/><AGARI ba="1,2" hai="18,23,27,52,56,62,68,69,70,102,103,105,106,107" machi="103" ten="50,4800,0" yaku="1,1,54,1,53,0" doraHai="94" doraHaiUra="120" who="3" fromWho="1" sc="417,0,200,-51,230,0,133,71" /><INIT seed="7,2,0,2,5,29" ten="417,149,230,204" oya="3" hai0="119,128,63,65,75,33,8,101,105,130,126,36,125" hai1="58,11,21,35,37,28,133,53,106,48,9,98,5" hai2="0,107,120,26,81,38,43,68,94,102,71,97,16" hai3="50,78,79,3,86,67,19,12,115,60,88,24,17"/><W4/><G115/><T15/><D119/><U14/><E37/><V123/><F0/><W135/><G3/><T40/><D75/><U109/><E109/><V80/><F43/><W91/><G135/><T76/><D76/><U27/><E133/><V13/><F26/><W59/><G91/><T6/><D33/><U42/><E42/><V90/><F38/><W96/><G96/><N who="0" m="61607" /><D36/><U85/><E85/><N who="2" m="52559" /><F71/><W114/><G114/><T1/><D40/><U83/><E83/><V61/><F61/><W74/><G74/><T72/><D72/><U92/><E106/><V117/><F68/><W52/><G4/><T31/><D31/><U110/><E110/><V73/><F117/><W47/><G24/><T118/><D118/><U84/><E84/><V44/><F44/><W7/><G7/><T34/><D34/><U103/><REACH who="1" step="1"/><E9/><REACH who="1" ten="417,139,230,204" step="2"/><N who="2" m="6191" /><F81/><N who="3" m="49231" /><G19/><T70/><D1/><U22/><AGARI ba="2,1" hai="5,11,14,21,22,27,28,35,48,53,58,92,98,103" machi="22" ten="30,7900,0" yaku="1,1,0,1,52,1,53,1" doraHai="29" doraHaiUra="46" who="1" fromWho="1" sc="417,-22,139,95,230,-22,204,-41" owari="395,50.0,234,3.0,208,-19.0,163,-34.0" /></mjloggm>