<mjloggm ver="2.3"><GO type="41" lobby="0"/><UN n0="%E2%93%9D%53%75%70%68%78" n1="%E9%A6%AC%E4%B8%8A%E6%9C%89%E9%8A%AD" n2="%70%72%6F%6E%61%72%69" n3="%46%4B%35%30%36" dan="18,15,14,14" rate="2120.65,2024.72,1951.57,1916.92" sx="M,M,M,F"/><TAIKYOKU oya="0"/><INIT seed="0,0,0,5,3,20" ten="250,250,250,250" oya="0" hai0="71,117,74,100,2,63,73,112,62,1,110,7,48" hai1="130,81,39,76,103,124,119,69,52,12,8,14,42" hai2="131,91,54,10,58,17,28,34,53,82,80,15,101" hai3="88,107,55,84,60,57,33,5,99,83,105,30,24"/><T49/><D100/><U92/><E69/><V70/><F131/><W32/><G32/><T22/><D22/><U75/><E119/><V108/><F108/><W23/><G5/><T113/><D7/><U78/><E78/><V29/><F70/><W116/><G116/><T68/><REACH who="0" step="1"/><D117/><REACH who="0" ten="240,250,250,250" step="2"/><U25/><E103/><V115/><F101/><W98/><G33/><T44/><D44/><U120/><E130/><V4/><F115/><W123/><G123/><T121/><D121/><U46/><E120/><V66/><F34/><W126/><G126/><T86/><D86/><U21/><E124/><V56/><F4/><W125/><G125/><T135/><D135/><U27/><E21/><V109/><F109/><AGARI ba="0,1" hai="1,2,48,49,62,63,68,71,73,74,109,110,112,113" machi="109" ten="25,4800,0" yaku="1,1,22,2,53,0" doraHai="20" doraHaiUra="40" who="0" fromWho="2" sc="240,58,250,0,250,-48,250,0" /><INIT seed="0,1,0,3,0,71" ten="298,250,202,250" oya="0" hai0="32,11,84,5,114,19,25,14,75,43,51,120,17" hai1="42,62,67,63,72,81,105,27,59,37,133,85,26" hai2="98,86,10,6,35,36,100,39,94,22,116,121,7" hai3="55,128,117,134,44,24,78,46,1,47,123,111,125"/><T127/><D75/><U135/><E105/><V126/><F121/><W68/><G123/><T21/><D120/><U96/><E96/><V112/><F112/><W124/><G1/><T115/><D84/><U83/><E72/><V70/><F35/><W49/><G78/><T80/><D80/><U90/><E81/><V74/><F126/><N who="3" m="48747" /><G24/><T66/><D66/><U119/><E63/><V12/><F116/><W102/><G102/><T132/><D51/><U2/><E2/><V89/><F74/><W20/><G20/><T8/><D43/><U50/><E50/><V28/><F70/><W57/><G117/><T122/><D127/><U38/><E42/><V15/><F28/><W87/><G87/><T79/><D79/><U30/><E26/><V118/><F118/><W53/><G111/><T129/><D122/><U61/><E61/><V34/><F34/><W48/><G68/><T23/><D129/><U45/><E45/><N who="3" m="17514" /><G128/><T109/><D109/><U130/><E130/><V9/><REACH who="2" step="1"/><F22/><REACH who="2" ten="298,250,192,250" step="2"/><W88/><G134/><N who="1" m="51210" /><E119/><V52/><F52/><W108/><G108/><T58/><D132/><U41/><E41/><V3/><F3/><W69/><G69/><T18/><D32/><AGARI ba="1,1" hai="27,30,32,37,38,59,62,67,83,85,90" m="51210" machi="32" ten="30,3900,0" yaku="20,1,52,2" doraHai="71" who="1" fromWho="0" sc="298,-42,250,52,192,0,250,0" /><INIT seed="1,0,0,3,1,56" ten="256,302,192,250" oya="1" hai0="95,35,36,41,4,77,47,37,15,73,119,42,108" hai1="21,39,110,34,10,63,130,68,43,103,0,66,90" hai2="80,99,131,135,133,5,124,51,116,112,69,26,25" hai3="127,109,31,8,61,27,54,121,62,49,7,16,23"/><U134/><E34/><V50/><F116/><W6/><G121/><T58/><D35/><U132/><E103/><V9/><F124/><W75/><G75/><T48/><D108/><U84/><E130/><V55/><F131/><W102/><G109/><T89/><D119/><U32/><E32/><V98/><F80/><W97/><G127/><T1/><D15/><U86/><E86/><V92/><F69/><W33/><G7/><T114/><D114/><U13/><E21/><V104/><F104/><W65/><G65/><T72/><D58/><U107/><E0/><V76/><F76/><W2/><G54/><T82/><D73/><U30/><E30/><V24/><F51/><W28/><G49/><T93/><D48/><U129/><E107/><V67/><F67/><W46/><G46/><N who="0" m="23847" /><D89/><U79/><E79/><V87/><F87/><W40/><G40/><T115/><D115/><U113/><E129/><V18/><F112/><W96/><G28/><T85/><D85/><U105/><E105/><V38/><F38/><W118/><G118/><T111/><D111/><U78/><E78/><V117/><F18/><W71/><G71/><T17/><D17/><U81/><E110/><V100/><F99/><N who="3" m="37963" /><G102/><T57/><D57/><U74/><E74/><V101/><F100/><W3/><G3/><T29/><D29/><U44/><REACH who="1" step="1"/><E113/><REACH who="1" ten="256,292,192,250" step="2"/><V52/><F117/><W53/><G33/><T91/><D91/><U126/><E126/><V123/><F123/><W11/><G31/><T59/><D72/><U70/><E70/><V20/><F20/><W128/><G128/><T94/><D77/><RYUUKYOKU ba="0,1" sc="256,-10,292,30,192,-10,250,-10" hai1="10,13,39,43,44,63,66,68,81,84,90,132,134" /><INIT seed="1,1,1,0,2,105" ten="246,322,182,240" oya="1" hai0="81,25,20,110,77,19,133,65,75,91,67,10,101" hai1="37,55,35,94,7,68,127,34,134,116,66,60,61" hai2="117,79,124,92,51,128,87,111,29,36,70,104,112" hai3="88,56,5,119,39,40,76,48,13,96,62,122,115"/><U12/><E116/><V18/><F117/><W16/><G119/><T83/><D110/><U15/><E37/><V120/><F36/><W71/><G71/><T49/><D133/><U113/><E113/><V45/><F104/><W103/><G122/><T58/><D101/><U33/><E127/><V30/><F120/><W85/><G39/><T80/><D10/><U135/><E94/><V47/><F70/><W32/><G32/><T46/><D91/><U27/><E27/><V72/><F128/><W86/><G5/><T107/><D107/><U99/><E99/><V73/><F111/><W9/><G76/><T54/><REACH who="0" step="1"/><D67/><REACH who="0" ten="236,322,182,240" step="2"/><U108/><E108/><V26/><F112/><W8/><G9/><T78/><D78/><U89/><E89/><V21/><F124/><W90/><G90/><T95/><D95/><U23/><E7/><V102/><F102/><W132/><G103/><T121/><D121/><U1/><E134/><V6/><F6/><W93/><G132/><T3/><D3/><U4/><E4/><V38/><F92/><W44/><G115/><T24/><D24/><U126/><E1/><V52/><F79/><W64/><AGARI ba="1,2" hai="8,13,16,40,44,48,56,62,64,85,86,88,93,96" machi="64" ten="20,8000,1" yaku="0,1,7,1,8,1,54,2" doraHai="105" who="3" fromWho="3" sc="236,-21,322,-41,182,-21,240,103" /><INIT seed="2,0,0,3,1,6" ten="215,281,161,343" oya="2" hai0="117,9,93,68,52,59,91,37,38,40,96,23,67" hai1="31,132,55,30,115,113,62,56,122,63,116,22,33" hai2="41,29,112,94,110,44,120,35,121,133,47,36,26" hai3="78,88,65,77,27,75,69,80,32,103,107,124,74"/><V24/><F112/><W109/><G124/><T131/><D131/><U16/><E116/><V48/><F133/><W100/><G109/><T105/><D117/><U127/><E122/><V42/><F110/><W108/><G108/><T20/><D105/><U97/><E127/><V79/><F79/><W50/><G50/><T70/><D67/><U18/><E132/><V135/><F135/><W125/><G125/><T2/><D70/><U89/><E18/><V28/><REACH who="2" step="1"/><F94/><REACH who="2" ten="215,281,151,343" step="2"/><W114/><G114/><T76/><D76/><U128/><E115/><V60/><F60/><W58/><G78/><T123/><D123/><U92/><E128/><V34/><AGARI ba="0,1" hai="24,26,28,29,34,35,36,41,42,44,47,48,120,121" machi="34" ten="20,7800,0" yaku="1,1,0,1,7,1,9,1,53,0" doraHai="6" doraHaiUra="64" who="2" fromWho="2" sc="215,-26,281,-26,151,88,343,-26" /><INIT seed="2,1,0,5,2,75" ten="189,255,239,317" oya="2" hai0="22,29,108,61,112,104,130,56,129,12,39,15,81" hai1="134,76,99,11,13,64,4,50,74,66,43,132,33" hai2="78,30,107,58,131,79,71,85,53,51,77,72,125" hai3="10,113,102,116,16,92,38,114,73,48,0,117,1"/><V100/><F131/><N who="0" m="50186" /><D104/><U14/><E33/><V25/><F71/><W105/><G105/><T115/><D81/><N who="1" m="45207" /><E99/><V128/><F128/><W40/><G38/><T90/><D90/><U55/><E43/><V35/><F125/><W34/><G34/><T60/><D39/><U3/><E14/><N who="0" m="5161" /><D56/><U52/><E55/><V18/><F18/><W31/><G73/><T62/><D108/><U109/><E3/><V91/><F72/><W32/><G1/><T7/><D7/><U86/><E86/><V65/><F65/><W118/><G0/><T59/><D59/><N who="1" m="33175" /><E109/><V21/><F35/><W9/><G40/><T28/><D22/><U6/><E6/><V127/><F127/><W106/><G106/><T133/><D133/><AGARI ba="1,0" hai="4,11,13,64,66,132,133,134" m="33175,45207" machi="133" ten="30,3900,0" yaku="20,1,52,1,54,1" doraHai="75" who="1" fromWho="0" sc="189,-42,255,42,239,0,317,0" /><INIT seed="3,0,0,0,2,52" ten="147,297,239,317" oya="3" hai0="99,47,26,42,50,3,104,37,114,107,93,94,66" hai1="72,10,12,18,56,17,45,30,51,90,36,97,61" hai2="88,84,23,112,25,121,73,103,6,1,82,39,59" hai3="86,74,126,44,20,83,48,105,96,43,134,100,2"/><W101/><G126/><T27/><D3/><U119/><E72/><V109/><F112/><W122/><G122/><T77/><D114/><U31/><E36/><V55/><F109/><W91/><G2/><T28/><D77/><U68/><E68/><V53/><F121/><W49/><G134/><T106/><D94/><N who="1" m="56535" /><E18/><V95/><F39/><W16/><G101/><T92/><D92/><U132/><E132/><V111/><F111/><W110/><G110/><T9/><D9/><U22/><E10/><V124/><F124/><W80/><G49/><T79/><D79/><U35/><E35/><V57/><F1/><W89/><G74/><T98/><D37/><U65/><E119/><V34/><F6/><W64/><G64/><T78/><D78/><U41/><AGARI ba="0,0" hai="12,17,22,30,31,41,45,51,56,61,65" m="56535" machi="41" ten="30,2000,0" yaku="8,1,52,1" doraHai="52" who="1" fromWho="1" sc="147,-5,297,20,239,-5,317,-10" /><INIT seed="4,0,0,3,0,38" ten="142,317,234,307" oya="0" hai0="85,25,35,39,5,94,21,126,67,41,27,121,16" hai1="40,34,4,82,105,115,118,131,17,117,99,88,8" hai2="56,86,64,78,20,120,9,53,71,3,91,124,29" hai3="32,13,45,55,133,62,60,127,47,57,51,48,119"/><T24/><D121/><U42/><E34/><V125/><F120/><W76/><G32/><T44/><D126/><N who="2" m="48746" /><F78/><W46/><G127/><T98/><D67/><U96/><E131/><V54/><F71/><W69/><G76/><T10/><D85/><U102/><E17/><V1/><F64/><N who="3" m="41095" /><G13/><T73/><D73/><U22/><E22/><V63/><F54/><N who="3" m="29967" /><G133/><T61/><D61/><U106/><E115/><V50/><F50/><W43/><G119/><T37/><D37/><U36/><E36/><V26/><F9/><W19/><G19/><T12/><REACH who="0" step="1"/><D35/><REACH who="0" ten="132,317,234,307" step="2"/><U135/><E118/><V14/><F14/><W87/><G87/><T84/><D84/><U104/><E117/><V6/><F6/><W112/><G112/><T75/><D75/><U103/><E135/><V101/><F101/><AGARI ba="0,1" hai="5,10,12,16,21,24,25,27,39,41,44,94,98,101" machi="101" ten="30,11600,0" yaku="1,1,7,1,52,1,54,1,53,0" doraHai="38" doraHaiUra="129" who="0" fromWho="2" sc="132,126,317,0,234,-116,307,0" /><INIT seed="4,1,0,2,3,87" ten="258,317,118,307" oya="0" hai0="126,110,40,17,86,1,108,79,6,124,29,64,55" hai1="34,68,43,45,69,13,42,89,33,95,16,47,3" hai2="118,75,28,38,131,80,94,37,74,99,21,88,0" hai3="60,39,115,105,109,58,135,81,14,128,96,23,73"/><T63/><D29/><U78/><E3/><V2/><F131/><W65/><G109/><N who="0" m="42091" /><D17/><U129/><E78/><V102/><F118/><W49/><G39/><T50/><D86/><U72/><E72/><V134/><F134/><W12/><G128/><T66/><D6/><U112/><E112/><V77/><F75/><W83/><G73/><T57/><D79/><U70/><E129/><V121/><F121/><W32/><G32/><T90/><D90/><U76/><E76/><V106/><F0/><W56/><G135/><T116/><D1/><U133/><E133/><V4/><F4/><W22/><G105/><T91/><D91/><U8/><E34/><V30/><F2/><W27/><G96/><T101/><D101/><U98/><REACH who="1" step="1"/><E33/><REACH who="1" ten="258,307,118,307" step="2"/><V48/><F48/><W7/><G115/><T31/><D116/><U54/><E54/><V130/><F130/><W9/><G49/><T20/><D40/><AGARI ba="1,1" hai="8,13,16,40,42,43,45,47,68,69,70,89,95,98" machi="40" ten="40,5200,0" yaku="1,1,52,1,54,1,53,0" doraHai="87" doraHaiUra="62" who="1" fromWho="0" sc="258,-55,307,65,118,0,307,0" /><INIT seed="5,0,0,1,5,13" ten="203,372,118,307" oya="1" hai0="129,9,116,27,22,18,2,50,113,8,53,106,88" hai1="99,79,48,104,69,77,35,51,62,97,59,15,23" hai2="11,102,39,96,52,91,49,74,100,114,43,111,112" hai3="84,63,61,118,108,7,31,135,58,87,133,128,109"/><U134/><E35/><V42/><F111/><N who="3" m="42571" /><G7/><T26/><D116/><U117/><E69/><V103/><F74/><W25/><G128/><T47/><D106/><U16/><E134/><N who="3" m="51210" /><G118/><T85/><D113/><N who="2" m="43626" /><F39/><W110/><G110/><T44/><D129/><U57/><E117/><V36/><F36/><W121/><G121/><T1/><D1/><U30/><E30/><V67/><F67/><N who="3" m="39351" /><G63/><T98/><D2/><U93/><E104/><V37/><F37/><W82/><G82/><T94/><D27/><U120/><E120/><V29/><F29/><W38/><G38/><T55/><D98/><U20/><E99/><V119/><F119/><W105/><G105/><T68/><D68/><U127/><E77/><V83/><F11/><W40/><G40/><T64/><D64/><U90/><E79/><V60/><F60/><W124/><G124/><T70/><D70/><U45/><E127/><V78/><F78/><W65/><G65/><T32/><D32/><AGARI ba="0,0" hai="25,31,32,84,87" m="39351,51210,42571" machi="32" ten="30,1000,0" yaku="20,1" doraHai="13" who="3" fromWho="0" sc="203,-10,372,0,118,0,307,10" /><INIT seed="6,0,0,1,4,2" ten="193,372,118,317" oya="2" hai0="25,134,52,135,93,36,68,74,103,14,13,101,78" hai1="27,45,18,90,46,42,48,76,80,5,127,38,109" hai2="58,132,59,41,121,37,95,98,129,10,82,77,116" hai3="122,51,55,61,34,83,70,0,19,86,62,57,106"/><V81/><F116/><W111/><G111/><T105/><D36/><U88/><E127/><V115/><F121/><W73/><G106/><T64/><D105/><U47/><E47/><V35/><F35/><W107/><G107/><T104/><D104/><U50/><E38/><V108/><F108/><W22/><G73/><T29/><D64/><U71/><E71/><V1/><F115/><W130/><G122/><T69/><D78/><U17/><E5/><V94/><F132/><N who="0" m="50730" /><D74/><U100/><E100/><N who="0" m="38473" /><D93/><U123/><E123/><V114/><F114/><W40/><G34/><N who="0" m="20783" /><D52/><U65/><E65/><V33/><F95/><W54/><G70/><AGARI ba="0,0" hai="13,14,68,69,70" m="20783,38473,50730" machi="70" ten="30,1000,0" yaku="20,1" doraHai="2" who="0" fromWho="3" sc="193,10,372,0,118,0,317,-10" /><INIT seed="7,0,0,4,3,56" ten="203,372,118,307" oya="3" hai0="34,74,100,134,46,7,113,38,129,29,112,91,62" hai1="35,2,80,122,3,26,99,126,105,1,60,9,42" hai2="41,39,77,85,104,132,33,116,131,92,44,81,27" hai3="98,20,48,107,67,86,55,115,17,123,43,28,102"/><W117/><G117/><T5/><D74/><U12/><E126/><V36/><F116/><W58/><G123/><T101/><D129/><U94/><E105/><V125/><F131/><W90/><G115/><N who="0" m="44107" /><D91/><U30/><E42/><V59/><F104/><W110/><G110/><T49/><D38/><U75/><E60/><V11/><F132/><W95/><G28/><T31/><D62/><U124/><E124/><V114/><F114/><W16/><G43/><T120/><D120/><U96/><E96/><V61/><F125/><W103/><G103/><N who="0" m="39499" /><D134/><U88/><E122/><V45/><F92/><W32/><G32/><T14/><D14/><U18/><E75/><V15/><F44/><W65/><G17/><T69/><D69/><U22/><E80/><V37/><F27/><AGARI ba="0,0" hai="16,20,27,48,55,58,65,67,86,90,95,98,102,107" machi="27" ten="30,2900,0" yaku="7,1,54,1" doraHai="56" who="3" fromWho="2" sc="203,0,372,0,118,-29,307,29" /><INIT seed="7,1,0,4,0,61" ten="203,372,89,336" oya="3" hai0="87,57,121,44,125,65,28,120,101,134,107,95,83" hai1="1,50,109,124,56,47,5,97,54,52,98,8,69" hai2="103,84,40,105,118,67,48,71,42,63,78,29,9" hai3="20,106,2,49,58,128,74,81,27,41,14,7,26"/><W85/><G74/><T15/><D107/><U22/><E69/><V16/><F118/><W127/><G2/><T129/><D125/><U24/><E109/><V51/><F78/><W66/><G106/><T113/><D129/><U30/><E124/><V21/><F84/><W53/><G127/><T100/><D134/><U60/><AGARI ba="1,0" hai="1,5,8,22,24,30,47,50,52,54,56,60,97,98" machi="60" ten="20,2700,0" yaku="0,1,7,1,54,1" doraHai="61" who="1" fromWho="1" sc="203,-8,372,30,89,-8,336,-14" owari="195,-20.0,402,50.0,81,-42.0,322,12.0" /></mjloggm>