<mjloggm ver="2.3"><GO type="41" lobby="0"/><UN n0="%E3%81%8A%E3%81%BE%E3%81%A1%E3%81%8A" n1="%67%67%67%61" n2="%E2%93%9D%53%75%70%68%78" n3="%E9%9B%AA%E8%90%BD" dan="14,14,17,14" rate="1881.17,1836.53,2058.07,1997.13" sx="M,F,M,F"/><TAIKYOKU oya="0"/><INIT seed="0,0,0,2,1,6" ten="250,250,250,250" oya="0" hai0="28,23,57,5,51,116,77,107,50,102,46,12,130" hai1="21,129,91,114,76,96,8,83,61,73,133,35,33" hai2="60,69,117,104,122,55,18,98,79,47,131,41,32" hai3="108,84,101,63,45,27,89,13,31,126,128,112,54"/><T66/><D116/><U86/><E129/><V0/><F122/><W34/><G112/><T85/><D130/><U113/><E133/><V70/><F32/><W20/><G128/><T64/><D107/><U111/><E111/><V22/><F0/><W62/><G108/><T40/><D102/><U3/><E61/><V38/><F79/><W94/><G126/><T105/><D105/><U2/><E21/><V92/><F104/><W134/><G134/><T49/><D28/><U97/><E3/><V1/><F1/><W106/><G106/><T9/><D23/><U120/><E120/><V36/><F36/><W124/><G124/><T58/><D57/><U16/><E2/><V7/><F7/><W132/><G101/><T43/><D58/><U110/><E110/><V67/><F55/><W87/><G132/><T17/><D17/><U15/><E35/><V29/><F29/><W10/><G84/><T90/><D77/><U4/><E4/><V81/><F117/><W103/><G103/><T127/><D127/><U95/><REACH who="1" step="1"/><E33/><REACH who="1" ten="250,240,250,250" step="2"/><V42/><F131/><W99/><G34/><T25/><D25/><U121/><E121/><V80/><F22/><W14/><G14/><T93/><REACH who="0" step="1"/><D43/><REACH who="0" ten="240,240,250,250" step="2"/><U30/><E30/><V71/><F42/><W52/><G20/><T88/><D88/><U123/><E123/><V26/><F26/><W48/><G27/><T44/><D44/><U82/><E82/><V125/><F125/><W56/><G31/><T115/><D115/><AGARI ba="0,2" hai="8,15,16,73,76,83,86,91,95,96,97,113,114,115" machi="115" ten="40,8000,1" yaku="1,1,11,1,52,1,54,1,53,0" doraHai="6" doraHaiUra="119" who="1" fromWho="0" sc="240,-80,240,100,250,0,250,0" /><INIT seed="1,0,0,4,2,19" ten="160,340,250,250" oya="1" hai0="85,44,87,48,94,67,50,17,97,75,81,96,116" hai1="103,36,13,62,117,59,22,111,73,99,72,76,127" hai2="61,95,23,82,25,34,5,118,133,16,10,100,65" hai3="3,29,56,128,90,115,1,79,109,78,14,105,88"/><U83/><E117/><V33/><F118/><W114/><G105/><T135/><D116/><U110/><E36/><V102/><F133/><W134/><G134/><T54/><D135/><U38/><E38/><V27/><F82/><W60/><G14/><T55/><D67/><U30/><E127/><V120/><F120/><W130/><G56/><T70/><D70/><U21/><E13/><V41/><F41/><W129/><G60/><T37/><D37/><U15/><E15/><V131/><F131/><W68/><G68/><T11/><D75/><U125/><E125/><V123/><F123/><W35/><G29/><T46/><D94/><U108/><E30/><V47/><F47/><W124/><G124/><T57/><D57/><U69/><E73/><V43/><F43/><W40/><G40/><T39/><D39/><U80/><E80/><V6/><F95/><W64/><G64/><T77/><D87/><U113/><E113/><N who="3" m="43018" /><G35/><T98/><D11/><U63/><E69/><V91/><F10/><W20/><G20/><N who="1" m="7786" /><E59/><V7/><F34/><W9/><G109/><T106/><D17/><U93/><AGARI ba="0,0" hai="62,63,72,76,83,93,99,103,108,110,111" m="7786" machi="93" ten="40,12000,1" yaku="14,1,10,1,52,3" doraHai="19" who="1" fromWho="1" sc="160,-40,340,120,250,-40,250,-40" /><INIT seed="1,1,0,4,0,126" ten="120,460,210,210" oya="1" hai0="86,83,24,23,65,33,32,56,16,50,21,19,35" hai1="90,117,47,13,26,131,60,107,103,81,92,27,88" hai2="76,61,2,66,25,15,97,120,36,135,133,68,72" hai3="69,100,94,40,123,114,62,73,125,49,30,84,5"/><U70/><E117/><V124/><F15/><W53/><G114/><T57/><D65/><U22/><E47/><V105/><F120/><W45/><G123/><T31/><D50/><U9/><E81/><V98/><F98/><W78/><G125/><T109/><D109/><U28/><E107/><V64/><F64/><W122/><G122/><T11/><D57/><U43/><E43/><V29/><F2/><W132/><G132/><T54/><D54/><U121/><E121/><V8/><F8/><W96/><G73/><T14/><D56/><U67/><E26/><V116/><F124/><W17/><G30/><T118/><D118/><U46/><E46/><V93/><F36/><W111/><G111/><T106/><D106/><U41/><E41/><V91/><F116/><W44/><G5/><T101/><D101/><U52/><E52/><V38/><F38/><W128/><G128/><T12/><D86/><U10/><E131/><V1/><F1/><W77/><G69/><T48/><D48/><U42/><E42/><V71/><F71/><W95/><G62/><T99/><D99/><U3/><E3/><V58/><F105/><W112/><G112/><T115/><D83/><U119/><E119/><V4/><F68/><W34/><G34/><T129/><D115/><U20/><E103/><V87/><F72/><W37/><G17/><T127/><D127/><U82/><E82/><N who="2" m="47559" /><F4/><W104/><G104/><T130/><AGARI ba="1,0" hai="11,12,14,16,19,21,23,24,31,32,33,35,129,130" machi="130" ten="40,12000,2" yaku="0,1,34,3,52,2,54,1" doraHai="126" who="0" fromWho="0" sc="120,123,460,-61,210,-31,210,-31" /><INIT seed="2,0,0,0,5,66" ten="243,399,179,179" oya="2" hai0="52,98,89,134,60,5,41,55,19,2,113,82,133" hai1="23,34,102,96,68,88,32,91,111,110,128,63,3" hai2="31,84,117,49,77,101,78,108,70,25,29,54,93" hai3="57,135,43,127,126,22,115,28,118,92,64,83,104"/><V76/><F117/><W119/><G104/><T37/><D113/><U4/><E23/><V20/><F108/><N who="1" m="41513" /><E128/><V9/><F70/><W18/><G115/><T79/><D19/><U109/><E4/><V103/><F31/><W90/><G28/><T94/><D37/><U112/><E3/><V100/><F9/><W72/><G43/><T26/><D41/><U71/><E112/><V85/><REACH who="2" step="1"/><F93/><REACH who="2" ten="243,399,169,179" step="2"/><W46/><G92/><T35/><D35/><U39/><E109/><V16/><F16/><W30/><G18/><T120/><D5/><U105/><E71/><V130/><F130/><W24/><G118/><T53/><D120/><U21/><E34/><V40/><F40/><W0/><G30/><T131/><D2/><U121/><E121/><V124/><F124/><W36/><G0/><T7/><D7/><U6/><E6/><V106/><F106/><W50/><G126/><T129/><D26/><U125/><E125/><V1/><F1/><W116/><G24/><T97/><D129/><U65/><E32/><V12/><F12/><W10/><G10/><T59/><D131/><U27/><E39/><V8/><F8/><W95/><G36/><T81/><D98/><U45/><E27/><V114/><F114/><W75/><G116/><T14/><D14/><U80/><E105/><V107/><F107/><W47/><G95/><T42/><D42/><U122/><E122/><V87/><F87/><W33/><G33/><T48/><D134/><U15/><E96/><V17/><F17/><W44/><G119/><T99/><D133/><U11/><E15/><V51/><F51/><RYUUKYOKU ba="0,1" sc="243,-10,399,-10,169,30,179,-10" hai2="20,25,29,49,54,76,77,78,84,85,100,101,103" /><INIT seed="2,1,1,0,4,59" ten="233,389,199,169" oya="2" hai0="32,5,91,135,10,134,94,39,81,88,9,71,37" hai1="3,2,85,51,55,73,80,82,12,20,49,119,25" hai2="107,13,67,54,103,97,83,115,64,126,40,44,92" hai3="27,86,113,105,29,57,96,43,34,11,78,65,22"/><V131/><F115/><W111/><G113/><T70/><D32/><U6/><E119/><V124/><F131/><W42/><G111/><T132/><D81/><U95/><E73/><V84/><F54/><W30/><G34/><T72/><D72/><U0/><E95/><V1/><F1/><W108/><G108/><T122/><D122/><U45/><E12/><V109/><F107/><W133/><G133/><T26/><D26/><U58/><E6/><V77/><F109/><W90/><G11/><N who="0" m="4107" /><D5/><U17/><E85/><V127/><REACH who="2" step="1"/><F13/><REACH who="2" ten="233,389,189,169" step="2"/><W110/><G105/><T116/><D116/><U35/><E3/><V28/><F28/><W38/><G29/><T74/><D74/><U63/><E2/><V21/><F21/><W56/><G30/><T69/><D94/><U8/><E35/><V125/><N who="2" m="32256" /><DORA hai="31" /><V102/><F102/><W123/><G110/><T7/><D7/><U98/><E0/><V18/><F18/><W104/><G104/><T79/><D79/><U61/><E20/><V46/><F46/><W16/><G22/><T89/><AGARI ba="1,2" hai="37,39,69,70,71,88,89,91,132,134,135" m="4107" machi="89" ten="50,12000,2" yaku="29,2,28,2,20,1,54,1" doraHai="59,31" who="0" fromWho="0" sc="233,143,389,-31,189,-61,169,-31" /><INIT seed="3,0,0,4,1,86" ten="376,358,128,138" oya="3" hai0="121,44,132,54,87,117,106,109,64,17,119,96,123" hai1="104,115,84,39,23,111,19,33,30,83,48,133,37" hai2="129,60,77,26,97,11,69,9,40,112,82,122,56" hai3="76,38,8,63,22,125,3,43,46,34,135,35,99"/><W98/><G125/><T18/><D64/><U89/><E115/><V36/><F112/><W12/><G63/><T13/><D54/><U61/><E133/><V6/><F129/><W114/><G114/><T110/><D44/><U116/><E111/><N who="0" m="42505" /><D132/><U90/><E104/><V31/><F69/><W68/><G135/><T100/><D87/><U7/><E7/><V102/><F122/><N who="0" m="46602" /><D18/><U108/><E108/><V75/><F40/><W71/><G43/><T127/><D127/><U32/><E48/><V113/><F36/><W21/><G38/><T24/><D24/><U10/><E61/><V53/><F113/><W80/><G46/><T72/><D72/><U27/><E116/><V66/><F53/><W74/><G74/><T62/><D62/><U79/><E39/><V73/><F73/><W103/><G68/><T51/><D51/><U95/><E37/><V28/><F28/><W124/><G124/><T45/><D45/><U94/><E33/><V78/><F78/><W65/><G76/><T50/><D50/><U49/><E32/><V59/><F59/><W128/><G71/><T41/><D41/><U130/><E49/><V101/><F56/><W93/><G65/><T1/><D1/><U92/><E130/><V16/><F66/><W134/><G128/><T55/><D55/><U42/><E42/><V14/><F60/><W52/><G52/><T120/><N who="0" m="46610" /><T70/><DORA hai="57" /><D70/><U5/><E19/><V126/><F126/><W85/><G34/><T81/><D81/><U67/><E67/><V15/><F97/><W0/><G98/><T29/><D29/><RYUUKYOKU ba="0,0" sc="376,10,358,10,128,10,138,-30" hai0="13,17,96,100,106,117,119" hai1="5,10,23,27,30,79,83,84,89,90,92,94,95" hai2="6,9,11,14,15,16,26,31,75,77,82,101,102" /><INIT seed="4,1,0,5,0,53" ten="386,368,138,108" oya="0" hai0="86,23,81,93,129,85,19,112,120,99,114,18,41" hai1="42,100,82,95,108,4,32,98,51,13,61,14,9" hai2="44,71,56,87,122,75,2,24,91,46,84,89,62" hai3="17,25,106,77,76,63,59,101,0,15,126,38,30"/><T104/><D120/><U111/><E32/><V79/><F71/><W68/><G0/><T67/><D104/><U58/><E82/><N who="2" m="47199" /><F2/><W12/><G38/><T22/><D129/><U119/><E119/><V72/><F72/><W116/><G116/><T50/><D67/><U113/><E113/><N who="0" m="43625" /><D50/><U134/><E134/><V109/><F75/><W103/><G68/><T110/><D41/><U49/><E49/><V47/><F109/><W11/><G126/><T97/><D110/><U3/><E51/><V7/><F7/><W73/><G73/><T117/><D117/><U52/><E42/><V83/><F24/><W69/><G69/><T48/><D48/><U60/><E60/><V34/><F34/><W133/><G133/><T124/><D124/><U80/><E80/><V28/><F28/><W33/><G12/><N who="0" m="9543" /><D93/><U121/><E121/><V94/><F122/><W105/><G105/><T135/><D135/><U36/><E36/><V65/><F94/><W128/><G128/><T57/><D57/><U127/><E127/><V55/><F65/><W96/><REACH who="3" step="1"/><G101/><REACH who="3" ten="386,368,138,98" step="2"/><T39/><D39/><U92/><E3/><V88/><AGARI ba="1,1" hai="44,46,47,55,56,62,83,87,88,89,91" m="47199" machi="88" ten="30,4000,0" yaku="8,1,52,1,54,1" doraHai="53" who="2" fromWho="2" sc="386,-21,368,-11,138,53,98,-11" /><INIT seed="5,0,0,3,5,135" ten="365,357,191,87" oya="1" hai0="53,36,0,20,8,103,130,14,126,38,39,129,84" hai1="16,110,52,123,22,27,67,102,85,9,73,57,10" hai2="28,98,75,114,93,104,44,112,43,108,63,61,46" hai3="26,62,1,4,6,81,119,7,21,37,86,89,117"/><U74/><E123/><V131/><F104/><W71/><G37/><T41/><D103/><U35/><E35/><V83/><F108/><W66/><REACH who="3" step="1"/><G1/><REACH who="3" ten="365,357,191,77" step="2"/><T19/><D41/><U118/><E110/><V116/><F43/><W122/><G122/><T132/><D38/><U45/><E118/><V97/><F116/><W134/><G134/><T13/><D39/><U30/><E74/><V121/><F121/><W124/><G124/><T31/><D36/><U77/><E73/><V109/><F109/><W42/><G42/><T105/><D126/><U59/><E102/><V72/><F72/><W15/><G15/><T49/><D0/><U101/><E101/><V3/><F3/><W33/><G33/><T17/><D132/><U99/><E30/><AGARI ba="0,1" hai="4,6,7,21,26,30,62,66,71,81,86,89,117,119" machi="30" ten="40,1300,0" yaku="1,1,53,0" doraHai="135" doraHaiUra="34" who="3" fromWho="1" sc="365,0,357,-13,191,0,77,23" /><INIT seed="6,0,0,1,1,31" ten="365,344,191,100" oya="2" hai0="54,52,1,62,45,95,86,135,4,79,64,24,118" hai1="44,104,114,123,134,97,119,106,37,75,2,96,89" hai2="63,15,26,53,71,39,0,87,80,68,81,38,107" hai3="11,30,13,84,111,12,130,113,108,103,109,6,8"/><V18/><F107/><N who="1" m="41001" /><E44/><V14/><F0/><W83/><G83/><T100/><D135/><U59/><E59/><V131/><F131/><W56/><G56/><T40/><D118/><U58/><E58/><V27/><F18/><W98/><G84/><T121/><D1/><U73/><E37/><V101/><F87/><W3/><G103/><T65/><D4/><U57/><E57/><V82/><F101/><W90/><G98/><N who="1" m="37994" /><E2/><V19/><F19/><W128/><G90/><T7/><D7/><U88/><E119/><V16/><F16/><N who="3" m="8199" /><G3/><T105/><D24/><U116/><E116/><V132/><F82/><W9/><G9/><T92/><D105/><U110/><E110/><V74/><F132/><W61/><G61/><T93/><D100/><U125/><E125/><V43/><F63/><W124/><G124/><T47/><D121/><U67/><E67/><N who="0" m="25673" /><D62/><U5/><E5/><V112/><F81/><W10/><G10/><T77/><D86/><U28/><E28/><V127/><F127/><W49/><G49/><N who="0" m="26791" /><D47/><U115/><E123/><V42/><F39/><W29/><G113/><N who="1" m="43018" /><E134/><V41/><F38/><W60/><G60/><T51/><D51/><U129/><E129/><AGARI ba="0,0" hai="6,11,13,29,30,108,109,111,128,129,130" m="8199" machi="129" ten="40,8000,1" yaku="19,1,34,2,54,1" doraHai="31" who="3" fromWho="1" sc="365,0,344,-80,191,0,100,80" /><INIT seed="7,0,0,5,3,17" ten="365,264,191,180" oya="3" hai0="30,102,50,99,41,59,8,53,94,36,70,103,87" hai1="2,18,32,112,5,62,56,111,123,58,19,9,90" hai2="25,54,37,26,133,97,52,6,13,85,122,33,38" hai3="89,72,88,106,3,81,95,73,49,100,4,80,0"/><W60/><G60/><T92/><D70/><U75/><E75/><N who="3" m="28746" /><G49/><T134/><D134/><U63/><E32/><V113/><F133/><W98/><G4/><T115/><D115/><U121/><E111/><V130/><F113/><W132/><G0/><T57/><D30/><U67/><E90/><N who="3" m="34922" /><G3/><T109/><D109/><U7/><E112/><V10/><F122/><W116/><G132/><T125/><D125/><U82/><E82/><N who="3" m="31850" /><G116/><T31/><D31/><U84/><E84/><V65/><F85/><W35/><G35/><T14/><D87/><U12/><E7/><V119/><F119/><W117/><G117/><T96/><D41/><U78/><E18/><V66/><F33/><W61/><G61/><T43/><D43/><U40/><E40/><V77/><F38/><W124/><G124/><T47/><D36/><U68/><E68/><V104/><F37/><W15/><G15/><T71/><D71/><U22/><E121/><V118/><F118/><W105/><AGARI ba="0,0" hai="95,98,100,105,106" m="31850,34922,28746" machi="105" ten="40,18000,2" yaku="35,5,54,1" doraHai="17" who="3" fromWho="3" sc="365,-60,264,-60,191,-60,180,180" owari="305,11.0,204,-20.0,131,-37.0,360,46.0" /></mjloggm>