<mjloggm ver="2.3"><GO type="41" lobby="0"/><UN n0="%67%69%6B%6B%75%72%69%35" n1="%CE%BC%E8%94%B5%E8%B0%B7%E4%BF%8A%E5%85%8B" n2="%E2%93%9D%53%75%70%68%78" n3="%E8%B5%A4%E3%82%8F%E3%81%9F%E3%81%82%E3%82%81" dan="13,15,18,14" rate="1880.82,2014.11,2071.42,1922.73" sx="M,M,M,M"/><TAIKYOKU oya="0"/><INIT seed="0,0,0,3,1,59" ten="250,250,250,250" oya="0" hai0="51,11,103,65,80,88,123,87,86,73,91,109,46" hai1="135,128,131,39,115,77,9,113,94,10,68,13,49" hai2="76,56,69,134,112,48,28,78,6,31,40,102,107" hai3="38,30,21,90,7,16,84,52,64,8,130,63,121"/><T42/><D123/><U118/><E68/><V120/><F112/><N who="1" m="43081" /><E39/><V44/><F134/><W34/><G130/><N who="1" m="49706" /><E77/><V35/><F6/><W74/><G74/><T133/><D133/><U5/><E94/><V45/><F69/><W92/><G38/><T43/><D73/><U33/><E49/><V32/><F107/><W71/><G30/><T29/><D109/><U3/><E135/><V129/><F48/><W55/><G34/><T70/><D103/><U105/><E105/><V22/><F129/><W57/><G71/><T101/><D101/><U19/><E33/><V53/><F102/><W50/><G121/><T81/><D29/><U25/><E25/><V119/><F120/><W37/><G37/><T99/><D99/><U17/><E118/><V93/><F119/><W97/><G84/><T100/><D100/><U106/><E106/><V110/><F35/><W104/><G104/><T96/><D96/><U127/><E127/><V66/><F32/><W47/><G64/><T126/><D126/><U0/><E19/><V79/><F31/><W62/><G62/><T12/><D70/><U20/><E20/><V41/><F22/><W14/><G21/><T72/><D72/><U125/><E125/><V23/><F23/><W26/><G26/><T98/><D98/><U132/><E132/><V82/><F28/><W24/><G24/><T122/><D122/><U124/><E124/><V117/><F117/><W67/><G67/><T54/><D65/><U85/><E85/><V61/><F66/><W2/><G2/><AGARI ba="0,0" hai="0,2,3,5,9,10,13,17" m="49706,43081" machi="2" ten="30,7700,0" yaku="11,1,19,1,34,2" doraHai="59" who="1" fromWho="3" sc="250,0,250,77,250,0,250,-77" /><INIT seed="1,0,0,0,4,114" ten="250,327,250,173" oya="1" hai0="92,27,90,17,6,40,35,95,75,16,56,132,29" hai1="96,59,113,25,130,85,30,69,129,15,111,28,105" hai2="106,82,49,51,20,48,123,2,116,32,58,91,133" hai3="44,76,60,9,46,107,33,74,88,10,121,34,131"/><U86/><E113/><V70/><F32/><W67/><G121/><T57/><D75/><U124/><E69/><V98/><F2/><W50/><G107/><T125/><D132/><U122/><E122/><V104/><F70/><W61/><G131/><N who="1" m="50186" /><E124/><V128/><F133/><W55/><G76/><T53/><D125/><U41/><E41/><V0/><F0/><W26/><G74/><T64/><D40/><U37/><E37/><V89/><F123/><W110/><G110/><T21/><D6/><U79/><E79/><V13/><F106/><W11/><G44/><T68/><D95/><U73/><E73/><V38/><F38/><W18/><G60/><T4/><D4/><U101/><E28/><V127/><F104/><W97/><G18/><T63/><D68/><U19/><E59/><V135/><F58/><W100/><G88/><T31/><D35/><N who="1" m="20943" /><E111/><V80/><F135/><W66/><G66/><T52/><D17/><U119/><E119/><V42/><F116/><W71/><G26/><T112/><D112/><U1/><E1/><V103/><F42/><W36/><G36/><T126/><D126/><U84/><E84/><V72/><F128/><W93/><AGARI ba="0,0" hai="9,10,11,33,34,46,50,55,61,67,71,93,97,100" machi="93" ten="30,1100,0" yaku="0,1" doraHai="114" who="3" fromWho="3" sc="250,-3,327,-5,250,-3,173,11" /><INIT seed="2,0,0,1,3,87" ten="247,322,247,184" oya="2" hai0="98,116,95,76,29,67,30,114,100,46,58,90,15" hai1="83,133,113,52,55,56,112,21,8,26,101,34,80" hai2="28,18,0,125,31,117,105,24,109,19,9,85,39" hai3="57,65,69,40,99,122,128,54,2,35,42,38,96"/><V6/><F105/><W72/><G2/><T70/><D114/><U110/><E34/><V41/><F41/><W47/><G35/><T63/><D116/><U45/><E110/><V12/><F39/><W36/><G72/><T62/><D76/><U48/><E133/><V16/><F85/><W129/><G99/><T27/><D46/><U71/><E71/><V108/><F117/><W32/><G32/><T43/><D43/><U107/><E107/><V97/><F97/><W131/><G96/><T50/><D50/><U78/><E101/><V44/><F44/><N who="3" m="23559" /><G122/><T93/><D15/><U68/><E68/><V60/><F60/><N who="3" m="35895" /><G69/><T74/><D74/><U115/><E8/><N who="2" m="2119" /><F125/><W102/><G102/><T5/><D5/><U59/><E78/><V49/><F49/><W64/><AGARI ba="0,0" hai="38,42,47,64,65,128,129,131" m="35895,23559" machi="64" ten="40,5200,0" yaku="19,1,34,2" doraHai="87" who="3" fromWho="3" sc="247,-13,322,-13,247,-26,184,52" /><INIT seed="3,0,0,4,1,51" ten="234,309,221,236" oya="3" hai0="32,47,6,77,72,13,84,76,110,21,96,103,134" hai1="58,68,135,11,75,104,24,62,41,117,120,90,79" hai2="78,123,98,112,42,81,4,102,57,38,94,0,60" hai3="133,91,83,15,121,128,101,111,53,69,45,35,125"/><W108/><G121/><T16/><D110/><N who="3" m="42025" /><G69/><T92/><D32/><U100/><E41/><V1/><F112/><W74/><G35/><T89/><D134/><U80/><E135/><V67/><F123/><W18/><G133/><T12/><D72/><U73/><E73/><V115/><F115/><W99/><G128/><T93/><D47/><U129/><E68/><V85/><F38/><W70/><G70/><T86/><D84/><U55/><E117/><V23/><F42/><W2/><G2/><T66/><D66/><U97/><E129/><V87/><F4/><W127/><G74/><T48/><D48/><U20/><E11/><AGARI ba="0,0" hai="6,11,12,13,16,21,76,77,86,89,92,93,96,103" machi="11" ten="40,2600,0" yaku="8,1,54,1" doraHai="51" who="0" fromWho="1" sc="234,26,309,-26,221,0,236,0" /><INIT seed="4,0,0,3,2,64" ten="260,283,221,236" oya="0" hai0="98,63,77,130,15,126,8,60,10,53,108,85,48" hai1="86,93,59,101,55,67,35,28,52,54,56,17,123" hai2="105,82,6,29,30,72,44,57,95,43,79,84,78" hai3="90,69,14,88,31,25,89,92,49,94,112,118,12"/><T131/><D10/><U46/><E123/><V97/><F57/><W45/><G118/><T116/><D116/><U32/><E46/><V117/><F117/><W115/><G69/><T40/><D40/><U24/><E32/><V114/><F114/><N who="3" m="43563" /><G14/><T39/><D39/><U132/><E132/><V103/><F6/><W109/><G12/><T70/><D126/><U66/><E17/><V113/><F113/><W76/><G76/><T37/><D37/><U102/><E66/><V27/><F79/><W135/><G109/><T96/><D108/><U36/><E36/><V120/><F120/><W125/><G125/><T134/><D134/><U0/><E0/><V121/><F121/><W99/><G135/><T106/><D96/><U26/><E24/><V65/><F65/><W104/><G104/><T71/><D63/><U23/><E35/><V2/><F2/><W33/><G99/><T5/><D60/><N who="1" m="38279" /><E59/><V73/><F27/><W91/><N who="3" m="22528" /><DORA hai="81" /><W18/><G18/><T61/><D61/><U75/><E75/><V38/><REACH who="2" step="1"/><F105/><REACH who="2" ten="260,283,211,236" step="2"/><W51/><G51/><T58/><D106/><U22/><E101/><V127/><F127/><W1/><G1/><T19/><D5/><U133/><E102/><V50/><F50/><W74/><G74/><AGARI ba="0,1" hai="29,30,38,43,44,72,73,74,78,82,84,95,97,103" machi="74" ten="40,8000,1" yaku="1,1,52,1,53,2" doraHai="64,81" doraHaiUra="68,42" who="2" fromWho="3" sc="260,0,283,0,211,90,236,-80" /><INIT seed="5,0,0,5,1,23" ten="260,283,301,156" oya="1" hai0="17,135,73,129,92,124,12,89,104,28,58,53,74" hai1="11,21,39,61,5,70,59,97,80,112,127,31,33" hai2="43,90,72,36,62,35,2,69,9,133,64,100,75" hai3="126,65,26,125,24,34,47,46,60,134,120,87,83"/><U1/><E112/><V49/><F90/><W116/><G120/><T94/><D104/><U7/><E127/><N who="3" m="48650" /><G34/><T48/><D124/><U44/><E70/><V122/><F49/><W20/><G20/><T0/><D0/><U57/><E7/><N who="2" m="1271" /><F133/><W14/><G14/><T55/><D135/><U37/><E33/><V68/><F68/><W77/><G116/><T107/><D107/><U88/><E44/><N who="3" m="16938" /><G134/><T85/><D129/><U16/><E31/><V52/><F35/><W54/><G54/><T81/><D55/><U106/><E106/><V113/><F52/><W111/><G111/><T114/><D114/><U119/><E119/><V78/><F122/><W71/><AGARI ba="0,0" hai="24,26,60,65,71,77,83,87" m="16938,48650" machi="71" ten="30,4000,0" yaku="18,1,52,2" doraHai="23" who="3" fromWho="3" sc="260,-10,283,-20,301,-10,156,40" /><INIT seed="6,0,0,5,0,12" ten="250,263,291,196" oya="2" hai0="49,132,24,32,100,124,112,25,67,29,77,99,89" hai1="65,14,10,62,64,117,120,8,66,58,35,55,96" hai2="94,114,17,30,76,84,109,47,73,95,79,78,31" hai3="104,2,18,82,70,34,16,23,93,121,87,90,133"/><V42/><F73/><W48/><G121/><T119/><D112/><U9/><E120/><V41/><F114/><W33/><G2/><T3/><D3/><U36/><E36/><V74/><F74/><W15/><G104/><T116/><D89/><U108/><E35/><V91/><F109/><W80/><G70/><T88/><D77/><U105/><E108/><V71/><F71/><W4/><G4/><T6/><D6/><U63/><E117/><V81/><F17/><W130/><G130/><T106/><D124/><U57/><E105/><V134/><F134/><W54/><G133/><T125/><D125/><U0/><E0/><V107/><F107/><W1/><G1/><T59/><D132/><U113/><E113/><V37/><REACH who="2" step="1"/><F42/><REACH who="2" ten="250,263,281,196" step="2"/><W61/><G61/><T135/><D135/><U86/><E96/><V21/><F21/><N who="3" m="11423" /><G33/><T26/><D119/><U20/><E86/><V131/><F131/><W43/><G43/><T45/><D116/><U22/><E22/><V128/><F128/><W27/><G34/><T129/><D129/><U110/><E110/><V68/><F68/><W118/><G118/><T50/><D32/><U102/><E102/><V56/><F56/><AGARI ba="0,1" hai="18,23,27,48,54,56,80,82,87,90,93" m="11423" machi="56" ten="30,8000,1" yaku="25,1,8,1,52,2,54,1" doraHai="12" who="3" fromWho="2" sc="250,0,263,0,281,-80,196,90" /><INIT seed="7,0,0,2,1,122" ten="250,263,201,286" oya="3" hai0="92,19,132,24,42,18,35,25,13,79,55,29,119" hai1="34,28,63,49,112,68,71,62,14,65,115,60,9" hai2="107,118,36,120,31,44,80,48,67,78,15,101,111" hai3="116,126,16,66,129,59,39,83,109,58,57,2,37"/><W121/><G116/><T93/><D119/><U17/><E34/><V21/><F118/><W4/><G121/><T32/><D132/><U69/><E28/><V127/><F120/><W117/><G117/><T131/><D79/><U52/><REACH who="1" step="1"/><E65/><REACH who="1" ten="250,253,201,286" step="2"/><V46/><F67/><W3/><G66/><T56/><D131/><U23/><E23/><V30/><F30/><W128/><G126/><T125/><D125/><U50/><E50/><V84/><F127/><W134/><G134/><T0/><D29/><U1/><E1/><V12/><F36/><W10/><G3/><T100/><D0/><U11/><E11/><V96/><F111/><W61/><G109/><T106/><D35/><U20/><E20/><V114/><F114/><W45/><G61/><T53/><D32/><U89/><E89/><V73/><F46/><AGARI ba="0,1" hai="9,14,17,46,49,52,60,62,63,68,69,71,112,115" machi="46" ten="50,3200,0" yaku="1,1,54,1,53,0" doraHai="122" doraHaiUra="133" who="1" fromWho="2" sc="250,0,253,42,201,-32,286,0" /><INIT seed="8,0,0,3,0,107" ten="250,295,169,286" oya="0" hai0="7,70,93,134,125,13,87,82,6,18,69,131,55" hai1="45,17,91,36,23,88,133,9,105,63,38,35,100" hai2="117,1,108,121,73,19,113,94,106,120,99,68,118" hai3="21,135,54,67,5,81,127,116,79,78,26,57,22"/><T14/><D125/><U71/><E35/><V128/><RYUUKYOKU type="yao9" ba="0,0" sc="250,0,295,0,169,0,286,0" hai2="1,19,68,73,94,99,106,108,113,117,118,120,121,128" /><INIT seed="8,1,0,0,1,135" ten="250,295,169,286" oya="0" hai0="125,112,17,39,134,33,19,116,83,26,23,62,60" hai1="89,66,5,129,118,30,3,0,18,43,25,87,41" hai2="132,109,93,63,102,6,54,9,68,24,120,12,98" hai3="56,31,48,114,72,1,90,34,79,73,99,36,58"/><T8/><D116/><U96/><E118/><V71/><F132/><W95/><G36/><T76/><D134/><U2/><E5/><V97/><F120/><W91/><G1/><T105/><D112/><U103/><E18/><V74/><F74/><W106/><G114/><T82/><D39/><U55/><E55/><V101/><F109/><W110/><G110/><T124/><D33/><U113/><E113/><V77/><F77/><W104/><G34/><T14/><D105/><U107/><E66/><V10/><F24/><W59/><G31/><T121/><D121/><U84/><E129/><V51/><F63/><W81/><G73/><T28/><D28/><U53/><E53/><V32/><F32/><W115/><G115/><T38/><D38/><U123/><E123/><V111/><F111/><W94/><REACH who="3" step="1"/><G48/><REACH who="3" ten="250,295,169,276" step="2"/><T117/><D117/><U29/><E29/><V21/><F21/><W13/><G13/><T75/><REACH who="0" step="1"/><D83/><REACH who="0" ten="240,295,169,276" step="2"/><U50/><E30/><V57/><REACH who="2" step="1"/><F10/><REACH who="2" ten="240,295,159,276" step="2"/><W45/><G45/><T133/><D133/><U85/><E50/><V16/><F16/><W11/><G11/><T20/><D20/><U61/><E61/><AGARI ba="1,3" hai="8,14,17,19,23,26,60,61,62,75,76,82,124,125" machi="61" ten="40,7700,0" yaku="1,1,52,2,53,0" doraHai="135" doraHaiUra="126" who="0" fromWho="1" sc="240,110,295,-80,159,0,276,0" owari="350,44.0,215,-18.0,159,-34.0,276,8.0" /></mjloggm>