<mjloggm ver="2.3"><GO type="41" lobby="0"/><UN n0="%54%36%38" n1="%E2%93%9D%53%75%70%68%78" n2="%E3%81%93%E3%81%AD%E3%81%A3%E3%81%93" n3="%E3%81%99%E3%83%BC%E3%81%AB%E3%82%83" dan="15,17,15,13" rate="1976.29,2040.36,1949.44,1815.19" sx="F,M,M,F"/><TAIKYOKU oya="0"/><INIT seed="0,0,0,4,4,54" ten="250,250,250,250" oya="0" hai0="109,85,2,123,19,60,79,30,128,16,38,105,65" hai1="7,31,95,82,73,75,110,55,122,4,21,124,72" hai2="64,53,11,47,119,77,97,28,114,26,84,127,58" hai3="111,29,50,0,25,33,113,132,86,15,1,52,99"/><T44/><D123/><U93/><E122/><V37/><F114/><W125/><G111/><T81/><D109/><U20/><E110/><V35/><F119/><W24/><G132/><T131/><D2/><U135/><E82/><V68/><F127/><W27/><G113/><T61/><D105/><U133/><E55/><V46/><F97/><W102/><G125/><T116/><D30/><U63/><E63/><V104/><F104/><W108/><G108/><T40/><D116/><U92/><E31/><V70/><F11/><W121/><G121/><T83/><D61/><U59/><E59/><V45/><F37/><W103/><G103/><T17/><REACH who="0" step="1"/><D83/><REACH who="0" ten="240,250,250,250" step="2"/><U51/><E124/><V117/><F117/><W9/><G0/><T115/><D115/><U76/><E135/><V3/><F3/><W91/><G1/><T57/><AGARI ba="0,1" hai="16,17,19,38,40,44,57,60,65,79,81,85,128,131" machi="57" ten="30,11700,0" yaku="1,1,0,1,52,1,54,1,53,0" doraHai="54" doraHaiUra="66" who="0" fromWho="0" sc="240,127,250,-39,250,-39,250,-39" /><INIT seed="0,1,0,1,5,47" ten="367,211,211,211" oya="0" hai0="128,119,73,57,18,3,50,81,116,134,29,126,55" hai1="61,11,91,35,108,53,75,23,80,1,109,41,31" hai2="15,65,49,7,90,78,36,37,96,8,25,86,115" hai3="70,30,38,56,98,54,10,39,68,62,95,13,48"/><T94/><D126/><U66/><E35/><V102/><F115/><W85/><G30/><T99/><D128/><U2/><E41/><V45/><F65/><W122/><G122/><T0/><D134/><U20/><E53/><V43/><F25/><W64/><G70/><T27/><D18/><U79/><E91/><V125/><F125/><W130/><G85/><T118/><D81/><U58/><E11/><V123/><F123/><W88/><REACH who="3" step="1"/><G130/><REACH who="3" ten="367,211,211,201" step="2"/><T26/><D73/><U107/><E31/><V133/><F133/><W76/><G76/><T6/><D29/><U103/><E75/><V51/><F78/><W132/><G132/><T74/><D74/><U71/><E71/><V60/><F36/><W40/><G40/><T114/><D114/><U46/><E79/><V24/><F60/><W19/><AGARI ba="1,1" hai="10,13,19,38,39,48,54,56,62,64,68,88,95,98" machi="19" ten="20,8000,1" yaku="1,1,0,1,7,1,52,1,54,1,53,0" doraHai="47" doraHaiUra="16" who="3" fromWho="3" sc="367,-41,211,-21,211,-21,201,93" /><INIT seed="1,0,0,0,0,134" ten="326,190,190,294" oya="1" hai0="101,48,29,99,35,105,59,114,123,51,19,124,8" hai1="11,85,56,109,49,4,21,6,112,88,39,46,119" hai2="45,31,71,23,32,83,63,94,113,78,118,53,107" hai3="87,47,40,133,97,135,103,52,67,12,66,122,126"/><U15/><E112/><V64/><F107/><W10/><G122/><T0/><D114/><U50/><E119/><V65/><F113/><W116/><G126/><T104/><D123/><U81/><E109/><V16/><F118/><W20/><G116/><T102/><D124/><U38/><E6/><V1/><F1/><W72/><G87/><T37/><D37/><U75/><E75/><V90/><F32/><W42/><G20/><T82/><D82/><U69/><E69/><V13/><F31/><W3/><G3/><T55/><D51/><U7/><E7/><V117/><F117/><W115/><G115/><T95/><D0/><U132/><E132/><N who="3" m="50762" /><G72/><T125/><D125/><U30/><E50/><V131/><F131/><W22/><G22/><T26/><D101/><U98/><E56/><V70/><F64/><N who="3" m="24619" /><G52/><T93/><D104/><U24/><REACH who="1" step="1"/><E98/><REACH who="1" ten="326,180,190,294" step="2"/><V92/><F71/><W43/><G47/><T62/><D48/><U9/><E9/><V80/><F45/><W33/><G97/><T84/><D84/><U100/><E100/><V96/><F53/><AGARI ba="0,1" hai="4,11,15,21,24,30,38,39,46,49,53,81,85,88" machi="53" ten="30,5800,0" yaku="1,1,7,1,54,1,53,0" doraHai="134" doraHaiUra="54" who="1" fromWho="2" sc="326,0,180,68,190,-58,294,0" /><INIT seed="1,1,0,1,5,18" ten="326,248,132,294" oya="1" hai0="113,125,109,115,57,37,128,133,75,62,101,10,19" hai1="134,95,3,38,39,99,117,16,108,97,135,7,4" hai2="50,114,96,45,107,13,82,119,23,54,129,43,122" hai3="81,49,79,124,58,123,51,70,32,60,66,34,69"/><U48/><E117/><V46/><F114/><W74/><G123/><T111/><D75/><U106/><E48/><V105/><F129/><W6/><G124/><T15/><D128/><U9/><E108/><N who="0" m="41545" /><D125/><U1/><E106/><V56/><F119/><W84/><G6/><T130/><D130/><U90/><E16/><V55/><F122/><W72/><G72/><T131/><D131/><U17/><E17/><N who="2" m="10671" /><F107/><W98/><G74/><T29/><D133/><N who="1" m="50699" /><E99/><V44/><F105/><W52/><G70/><T88/><D101/><U41/><E41/><V31/><F31/><W5/><G5/><N who="1" m="2122" /><E9/><V53/><F96/><W12/><G98/><T33/><D37/><AGARI ba="1,0" hai="1,3,37,38,39,90,95,97" m="2122,50699" machi="37" ten="30,1500,0" yaku="20,1" doraHai="18" who="1" fromWho="0" sc="326,-18,248,18,132,0,294,0" /><INIT seed="1,2,0,1,2,33" ten="308,266,132,294" oya="1" hai0="92,30,114,123,46,102,78,91,56,41,29,128,134" hai1="68,43,59,50,121,22,34,118,76,79,27,132,97" hai2="55,98,16,28,44,60,32,5,130,26,131,31,19" hai3="82,45,42,99,111,14,7,15,20,107,37,75,95"/><U1/><E118/><V49/><F98/><W70/><G70/><T112/><D134/><U4/><E121/><V18/><F60/><W65/><G65/><T101/><D128/><U39/><E34/><V64/><F64/><W87/><G111/><T9/><D123/><U124/><E124/><V11/><REACH who="2" step="1"/><F31/><REACH who="2" ten="308,266,122,294" step="2"/><W89/><G107/><T61/><D30/><U80/><E97/><V103/><F103/><W23/><G75/><T58/><D29/><U6/><E132/><V40/><F40/><W35/><G35/><T108/><D101/><U67/><E67/><V88/><F88/><W13/><REACH who="3" step="1"/><G7/><REACH who="3" ten="308,266,122,284" step="2"/><T54/><D108/><U126/><E6/><V90/><F90/><AGARI ba="2,2" hai="13,14,15,20,23,37,42,45,82,87,89,90,95,99" machi="90" ten="40,2600,0" yaku="1,1,2,1,53,0" doraHai="33" doraHaiUra="133" who="3" fromWho="2" sc="308,0,266,0,122,-32,284,52" /><INIT seed="2,0,0,5,5,22" ten="308,266,90,336" oya="2" hai0="78,128,23,52,41,84,72,95,32,134,59,108,111" hai1="0,125,42,99,115,39,63,5,2,24,60,51,77" hai2="17,127,74,123,67,36,56,97,19,98,48,102,116" hai3="3,55,113,12,46,16,90,31,85,80,27,7,4"/><V40/><F74/><W66/><G3/><T82/><D32/><U104/><E115/><V92/><F116/><W107/><G107/><T131/><D134/><U83/><E51/><V81/><F123/><W114/><G66/><T93/><D41/><U47/><E125/><V109/><F109/><N who="0" m="42058" /><D23/><U34/><E63/><V68/><F127/><W73/><G73/><T118/><D118/><U119/><E60/><V29/><F36/><W69/><G69/><T76/><D76/><U91/><E91/><V1/><F1/><W38/><G38/><T61/><D72/><N who="1" m="43431" /><E5/><V124/><F68/><W18/><G18/><T105/><D105/><U50/><E50/><V88/><F124/><W135/><G135/><T28/><D28/><N who="1" m="19719" /><E119/><V45/><F29/><W35/><G55/><T20/><D20/><U101/><AGARI ba="0,0" hai="0,2,39,42,47,99,101,104" m="19719,43431" machi="101" ten="30,4000,0" yaku="33,2,52,1" doraHai="22" who="1" fromWho="1" sc="308,-10,266,40,90,-20,336,-10" /><INIT seed="3,0,0,5,2,89" ten="298,306,70,326" oya="3" hai0="46,134,121,112,51,132,81,115,79,54,80,92,99" hai1="119,21,61,101,34,59,38,4,114,104,23,96,26" hai2="58,67,120,78,129,24,74,70,11,48,107,103,118" hai3="76,19,6,106,86,116,124,43,45,64,88,131,100"/><W111/><G116/><T49/><D121/><U27/><E114/><N who="0" m="43561" /><D51/><U94/><E34/><V122/><F11/><W16/><G131/><T105/><D105/><U52/><E38/><V77/><F48/><W28/><G124/><T90/><D80/><U18/><E119/><V33/><F58/><W5/><G28/><T109/><D109/><U126/><E126/><V1/><F118/><W2/><G64/><T117/><D117/><U25/><E4/><V12/><F12/><W71/><G71/><T102/><D90/><U29/><E104/><V113/><F113/><W97/><G76/><T68/><D68/><U85/><E85/><AGARI ba="0,0" hai="46,49,54,79,81,85,92,99,102,132,134" m="43561" machi="85" ten="30,2000,0" yaku="11,1,52,1" doraHai="89" who="0" fromWho="1" sc="298,20,306,-20,70,0,326,0" /><INIT seed="4,0,0,4,5,45" ten="318,286,70,326" oya="0" hai0="6,18,95,8,121,51,86,78,70,29,129,112,113" hai1="85,133,15,77,21,76,57,99,91,83,97,104,28" hai2="126,73,46,9,69,90,135,44,72,107,42,30,14" hai3="3,0,36,59,67,114,109,35,37,102,120,134,84"/><T132/><D121/><U41/><E133/><V111/><F69/><W123/><G109/><T55/><D132/><U38/><E38/><V61/><F107/><W58/><G114/><N who="0" m="44139" /><D70/><U12/><E41/><V47/><F111/><W20/><G134/><T56/><D29/><U52/><E104/><V49/><F135/><W110/><G110/><T19/><D129/><U93/><E77/><V100/><F30/><W5/><G35/><T131/><D131/><U89/><E99/><V64/><F126/><W32/><G32/><T108/><D108/><U66/><E66/><V34/><F34/><W101/><G67/><T11/><D11/><U98/><E98/><V43/><F100/><W103/><G84/><T115/><D115/><U27/><REACH who="1" step="1"/><E76/><REACH who="1" ten="318,276,70,326" step="2"/><V53/><F90/><W87/><G36/><T63/><D78/><U26/><E26/><V13/><F73/><W50/><G37/><T122/><D122/><U65/><E65/><V124/><F124/><W94/><G123/><T117/><D86/><U79/><E79/><V80/><F72/><W68/><G87/><T82/><D82/><U106/><E106/><V92/><F80/><W130/><G130/><T81/><D81/><U31/><E31/><V74/><F74/><W127/><G127/><T17/><D95/><U119/><E119/><V96/><F42/><W24/><G94/><T16/><D117/><U25/><E25/><V75/><F75/><W128/><G24/><T60/><N who="0" m="4096" /><DORA hai="1" /><T23/><D23/><U88/><E88/><N who="2" m="55303" /><F43/><W62/><G128/><T22/><D22/><U7/><E7/><N who="2" m="3263" /><F14/><AGARI ba="0,1" hai="6,8,14,51,55,56,60,63" m="4096,44139" machi="14" ten="40,12000,1" yaku="15,1,52,2,54,1" doraHai="45,1" who="0" fromWho="2" sc="318,130,276,0,70,-120,326,0" owari="448,54.0,276,-12.0,-50,-55.0,326,13.0" /></mjloggm>