<mjloggm ver="2.3"><GO type="41" lobby="0"/><UN n0="%E3%81%BE%E3%81%A3%E3%81%B4%E3%83%BC%E2%98%85" n1="%7A%61%6B%62%72%6E%31%34" n2="%E2%93%9D%53%75%70%68%78" n3="%73%75%6D%69%79%61" dan="13,14,18,13" rate="1866.29,1951.95,2155.61,1878.79" sx="M,M,M,M"/><TAIKYOKU oya="0"/><INIT seed="0,0,0,2,0,104" ten="250,250,250,250" oya="0" hai0="5,10,115,102,66,85,60,94,132,71,29,23,58" hai1="76,11,33,6,15,59,110,119,0,4,95,53,69" hai2="12,129,109,35,84,87,125,88,91,55,92,25,83" hai3="31,123,41,50,97,81,74,108,134,98,86,70,112"/><T90/><D132/><U135/><E69/><V73/><F109/><W121/><G112/><T22/><D115/><U117/><E110/><V43/><F129/><W106/><G70/><T120/><D120/><U56/><E33/><V18/><F125/><W82/><G108/><T14/><D29/><U44/><E44/><V34/><F43/><W75/><G31/><T36/><D36/><U47/><E47/><V38/><F38/><W64/><G50/><T42/><D42/><U24/><E24/><V114/><F114/><W40/><G64/><T39/><D39/><U63/><E135/><V80/><F25/><W124/><G134/><T48/><D102/><U1/><E95/><V78/><REACH who="2" step="1"/><F55/><REACH who="2" ten="250,250,240,250" step="2"/><W68/><G124/><T116/><D116/><U79/><E53/><V99/><F99/><W65/><G65/><T19/><D71/><U61/><E15/><V45/><F45/><W101/><G68/><T128/><D128/><U131/><E131/><V130/><F130/><W32/><G97/><T127/><D127/><U107/><E117/><V52/><F52/><W93/><G40/><T51/><REACH who="0" step="1"/><D23/><AGARI ba="0,1" hai="12,18,23,34,35,73,78,80,83,84,87,88,91,92" machi="23" ten="30,7700,0" yaku="1,1,7,1,52,1,54,1,53,0" doraHai="104" doraHaiUra="133" who="2" fromWho="0" sc="250,-77,250,0,240,87,250,0" /><INIT seed="1,0,0,2,2,132" ten="173,250,327,250" oya="1" hai0="47,21,104,31,2,62,34,49,73,9,76,41,10" hai1="97,84,119,129,101,124,86,117,19,1,33,51,54" hai2="85,0,7,22,103,37,42,56,32,130,17,61,48" hai3="112,55,70,27,63,126,5,115,122,8,75,120,108"/><U65/><E33/><V107/><F130/><W93/><G75/><T64/><D104/><U83/><E1/><V59/><F37/><W118/><G93/><T78/><D34/><U114/><E129/><V90/><F32/><W26/><G70/><T87/><D73/><U60/><E114/><V67/><F7/><W29/><G55/><T77/><D2/><U74/><E74/><V109/><F109/><W20/><G63/><T15/><D87/><U121/><E121/><V24/><F0/><W50/><G50/><T99/><D99/><U98/><E98/><V18/><F107/><W110/><G118/><T38/><D38/><U28/><E28/><V80/><F103/><W45/><G45/><T123/><D123/><N who="3" m="47145" /><G27/><T89/><D89/><U96/><E96/><V116/><F116/><W95/><G95/><T92/><D92/><N who="1" m="58535" /><E19/><V105/><F105/><W14/><G126/><T4/><D9/><U131/><E124/><V6/><F6/><W111/><AGARI ba="0,0" hai="5,8,14,20,26,29,108,110,111,112,115" m="47145" machi="111" ten="40,5200,0" yaku="14,1,34,2" doraHai="132" who="3" fromWho="3" sc="173,-13,250,-26,327,-13,250,52" /><INIT seed="2,0,0,0,2,45" ten="160,224,314,302" oya="2" hai0="38,117,44,63,33,111,95,14,50,76,9,16,86" hai1="47,104,126,77,112,135,118,82,85,4,36,131,80" hai2="96,102,7,79,132,89,103,32,94,28,125,107,84" hai3="97,56,10,51,99,74,23,100,22,75,39,68,120"/><V70/><F7/><W42/><G68/><T119/><D38/><U133/><E104/><V21/><F32/><W55/><G120/><T30/><D111/><U29/><E29/><V101/><F70/><W26/><G39/><T5/><D63/><U58/><E112/><V134/><F21/><W61/><G97/><T127/><D127/><U34/><E34/><V41/><F41/><W78/><G22/><T25/><D95/><U40/><E118/><V12/><F12/><W1/><G78/><T54/><REACH who="0" step="1"/><D5/><REACH who="0" ten="150,224,314,302" step="2"/><U2/><E126/><V130/><F125/><W90/><G61/><T105/><D105/><U122/><E122/><V129/><F28/><W64/><G64/><T87/><D87/><U53/><E4/><V116/><F116/><W0/><G74/><T52/><D52/><U93/><E53/><V27/><F107/><W121/><G75/><T123/><D123/><U24/><E36/><V3/><F84/><W11/><G42/><T17/><D17/><U113/><E40/><V83/><F94/><W37/><G37/><T62/><D62/><U8/><E85/><V46/><F96/><W106/><G121/><T65/><D65/><U60/><E60/><V81/><F130/><W6/><G0/><T18/><D18/><U92/><E2/><V48/><F3/><W59/><G1/><T110/><D110/><U57/><E131/><V108/><F108/><W31/><G6/><T73/><D73/><U49/><E93/><V66/><F129/><W109/><G109/><T13/><D13/><U124/><E92/><V98/><F66/><W91/><G106/><RYUUKYOKU ba="0,1" sc="150,30,224,-10,314,-10,302,-10" hai0="9,14,16,25,30,33,44,50,54,76,86,117,119" /><INIT seed="3,1,1,1,3,13" ten="180,214,304,292" oya="3" hai0="77,110,0,96,4,123,37,107,129,39,75,34,102" hai1="11,79,118,30,101,3,64,135,60,21,97,85,5" hai2="10,59,100,1,69,134,16,120,19,95,127,126,67" hai3="24,106,20,42,73,55,23,112,41,89,52,45,115"/><W49/><G73/><T53/><D123/><U38/><E135/><V103/><F69/><W131/><G131/><T15/><D129/><U72/><E118/><V2/><F134/><W114/><G106/><T86/><D110/><U116/><E116/><V76/><F76/><W66/><G66/><T82/><D34/><U62/><E62/><N who="2" m="38367" /><F120/><W14/><G89/><T93/><D0/><N who="2" m="106" /><F10/><W84/><G84/><T27/><D27/><U33/><E85/><V109/><F109/><W104/><G104/><T111/><D111/><U40/><E21/><V56/><F56/><W63/><G14/><T50/><D15/><U124/><E97/><N who="2" m="59455" /><F103/><W83/><G83/><T26/><D4/><U43/><E101/><V105/><F105/><W132/><G20/><T8/><D8/><U121/><E121/><V88/><F88/><W99/><G99/><T54/><D54/><U113/><E113/><V130/><F130/><W36/><G132/><T119/><D119/><U25/><E43/><V117/><F117/><W90/><G90/><N who="0" m="53463" /><D37/><U61/><E61/><V31/><F31/><W125/><G36/><T35/><D39/><U6/><E6/><V22/><F22/><W128/><G128/><T18/><D35/><U108/><E108/><V65/><F65/><W7/><G7/><T58/><D26/><U51/><E51/><V70/><F70/><W48/><G24/><T94/><D94/><U29/><E29/><V91/><F91/><W17/><G23/><T47/><D58/><N who="1" m="36887" /><E38/><V32/><F32/><W133/><G133/><T57/><D57/><U71/><E71/><V78/><F78/><RYUUKYOKU ba="1,1" sc="180,15,214,-15,304,15,292,-15" hai0="18,47,50,53,75,77,82,96,102,107" hai2="16,19,126,127" /><INIT seed="4,2,1,3,5,62" ten="195,199,319,277" oya="0" hai0="52,20,79,94,11,47,92,7,75,19,76,99,66" hai1="74,86,90,64,6,4,107,127,123,98,17,125,51" hai2="69,109,31,124,63,83,89,104,101,22,34,50,59" hai3="8,106,60,18,3,117,21,110,126,61,113,14,0"/><T32/><D32/><U30/><E30/><V12/><F109/><W102/><G110/><T48/><D75/><U57/><E74/><V134/><F134/><W10/><G117/><T36/><D36/><U33/><E33/><V91/><F124/><N who="1" m="47689" /><E17/><V112/><F112/><W116/><G116/><T9/><D92/><U111/><E111/><V103/><F69/><W15/><G106/><T42/><D42/><U39/><E39/><V81/><F50/><W120/><G102/><N who="2" m="38921" /><F34/><W67/><G61/><T96/><D7/><N who="1" m="2603" /><E123/><V115/><F115/><W56/><G126/><T37/><D37/><U16/><E107/><V128/><F128/><W70/><G113/><T133/><D133/><U41/><E98/><N who="0" m="37417" /><D94/><N who="1" m="54615" /><E41/><V119/><F104/><W29/><G70/><T1/><D1/><U84/><E84/><V77/><F119/><W35/><G120/><T105/><D105/><U25/><E51/><V44/><F31/><W121/><G121/><T2/><D2/><U49/><E49/><V82/><F82/><W122/><G122/><T114/><D114/><U54/><E54/><N who="2" m="34295" /><F83/><W131/><G131/><T53/><D53/><U130/><E130/><V95/><F95/><W108/><G108/><T78/><D9/><U27/><E16/><N who="2" m="10503" /><F81/><W24/><G35/><T28/><D11/><U45/><E45/><V97/><F97/><W72/><G72/><T58/><D28/><U87/><E87/><V43/><F44/><W135/><G135/><T46/><D46/><U93/><E93/><V23/><F43/><W5/><AGARI ba="2,1" hai="0,3,5,8,10,14,15,18,21,24,29,56,60,67" machi="5" ten="20,2700,0" yaku="0,1,7,1,52,1" doraHai="62" who="3" fromWho="3" sc="195,-15,199,-9,319,-9,277,43" /><INIT seed="5,0,0,0,1,38" ten="180,190,310,320" oya="1" hai0="5,4,20,10,21,125,9,36,88,64,13,100,35" hai1="82,47,87,61,126,99,48,11,76,117,68,122,101" hai2="29,3,17,81,98,78,60,109,19,91,59,8,44" hai3="132,133,103,65,119,28,52,85,37,128,15,50,51"/><U130/><E122/><V131/><F109/><W23/><G37/><T129/><D36/><U92/><E126/><V105/><F131/><W41/><G128/><T27/><D129/><U127/><E130/><V18/><F29/><W79/><G103/><T54/><D100/><U66/><E127/><V110/><F110/><W120/><G65/><T62/><D125/><U16/><E117/><V134/><F134/><N who="3" m="51819" /><G120/><T90/><D54/><U42/><E11/><V114/><F114/><W55/><G119/><T39/><D39/><U56/><E68/><V71/><F71/><W84/><G28/><T58/><D35/><U70/><E70/><V69/><F69/><W22/><G15/><T14/><REACH who="0" step="1"/><D21/><REACH who="0" ten="170,190,310,320" step="2"/><U77/><E77/><V26/><F78/><W135/><G135/><T45/><D45/><U83/><E83/><V108/><F44/><N who="3" m="25871" /><G55/><T73/><D73/><U49/><E49/><V94/><F108/><W86/><G79/><T80/><D80/><U102/><E102/><V34/><F81/><W53/><G53/><T115/><D115/><U32/><E32/><V113/><F113/><W106/><G106/><T107/><D107/><U12/><E12/><V57/><F105/><W93/><G93/><T25/><D25/><U43/><E43/><V118/><F118/><W121/><G121/><T95/><D95/><U0/><E0/><V24/><F34/><W63/><G63/><T74/><D74/><U111/><E111/><V75/><F75/><W30/><G30/><AGARI ba="0,1" hai="4,5,9,10,13,14,20,27,30,58,62,64,88,90" machi="30" ten="30,12000,2" yaku="1,1,7,1,9,1,8,1,54,1,53,2" doraHai="38" doraHaiUra="6" who="0" fromWho="3" sc="170,130,190,0,310,0,320,-120" /><INIT seed="6,0,0,5,0,122" ten="300,190,310,200" oya="2" hai0="49,62,52,90,129,46,51,102,112,48,77,88,44" hai1="0,59,37,84,132,57,10,87,6,63,26,113,61" hai2="31,127,30,24,22,64,3,41,82,28,125,92,85" hai3="95,103,38,43,128,78,98,35,47,115,104,120,21"/><V111/><F3/><W4/><G120/><T130/><D112/><U100/><E113/><V29/><F41/><W69/><G35/><T8/><D102/><U133/><E37/><V126/><F64/><W33/><G33/><T45/><D77/><U20/><E100/><V66/><F66/><W75/><G69/><T96/><D8/><U13/><E0/><V109/><F92/><W23/><G128/><N who="0" m="49259" /><D96/><U5/><E20/><V99/><F99/><W94/><G94/><T2/><D2/><U110/><E13/><V101/><F101/><W80/><G115/><T17/><D17/><U18/><E18/><V34/><F34/><W107/><G107/><T86/><D86/><U121/><E26/><V106/><F106/><W81/><G81/><T42/><D62/><U71/><E10/><V40/><F40/><AGARI ba="0,0" hai="40,42,44,45,46,48,49,51,52,88,90" m="49259" machi="40" ten="30,3900,0" yaku="19,1,54,2" doraHai="122" who="0" fromWho="2" sc="300,39,190,0,310,-39,200,0" /><INIT seed="7,0,0,4,1,135" ten="339,190,271,200" oya="3" hai0="99,37,34,71,40,0,1,130,76,118,127,12,114" hai1="38,108,107,49,125,90,54,2,28,92,58,56,7" hai2="59,47,115,30,22,89,52,55,98,80,77,63,19" hai3="82,101,8,20,86,123,17,133,10,42,111,45,93"/><W13/><G123/><T70/><D76/><U41/><E107/><V4/><F115/><W74/><G133/><T27/><D118/><U62/><E108/><V9/><F30/><W24/><G74/><T25/><D114/><U109/><E109/><V85/><F47/><W100/><G111/><T81/><D81/><U113/><E113/><V97/><F55/><W122/><G8/><T102/><D130/><U35/><E35/><V46/><F46/><W126/><G126/><T33/><D12/><U110/><E110/><V69/><F69/><W117/><G93/><T18/><D18/><U16/><E28/><V5/><F9/><W131/><G131/><T112/><D112/><U3/><E7/><N who="2" m="2635" /><F77/><W65/><G65/><T48/><D48/><U51/><E125/><V68/><F68/><W83/><G83/><T87/><D87/><N who="1" m="52319" /><E38/><V66/><F66/><W124/><G122/><T96/><D127/><U106/><E106/><V39/><F39/><W128/><G128/><T61/><D37/><U119/><E119/><V43/><F43/><W11/><G11/><T15/><D40/><U94/><E41/><V116/><F116/><W64/><G64/><T132/><D132/><U57/><E51/><V91/><F91/><N who="3" m="51671" /><G117/><T67/><D67/><N who="1" m="39367" /><E58/><V36/><F36/><W72/><G72/><T21/><D61/><U129/><E129/><V88/><F89/><W105/><G105/><T23/><D70/><U103/><E16/><V104/><F104/><W120/><G120/><T60/><D71/><U95/><E103/><V50/><F63/><W134/><G124/><T53/><D60/><RYUUKYOKU ba="0,0" sc="339,-15,190,15,271,15,200,-15" hai1="2,3,49,54,57,94,95" hai2="19,22,50,52,59,80,85,88,97,98" owari="324,41.0,205,-19.0,286,9.0,185,-31.0" /></mjloggm>