<mjloggm ver="2.3"><GO type="41" lobby="0"/><UN n0="%E2%93%9D%53%75%70%68%78" n1="%6B%6B%32%32" n2="%CE%B5%CE%B3%CE%B2%E3%83%BB%EF%BD%96%E3%83%BB%E2%98%86" n3="%71%32%37%31%38%32%38" dan="18,14,15,14" rate="2097.02,1927.72,1965.76,1824.82" sx="M,M,M,M"/><TAIKYOKU oya="0"/><INIT seed="0,0,0,4,2,81" ten="250,250,250,250" oya="0" hai0="92,70,84,28,96,34,132,33,83,60,94,108,123" hai1="87,106,51,104,111,1,43,76,88,9,69,133,63" hai2="112,78,18,50,77,119,4,5,44,95,124,115,57" hai3="24,74,53,120,54,105,72,14,22,110,130,23,3"/><T27/><D123/><U55/><E111/><V36/><F119/><W79/><G110/><T128/><D108/><U21/><E133/><V42/><F124/><W25/><G3/><T121/><D121/><U41/><E76/><V49/><F18/><W47/><G105/><T97/><D128/><U85/><E104/><V12/><F95/><W7/><G120/><T17/><D132/><U131/><E106/><V116/><F116/><W32/><G32/><T82/><D82/><U19/><E131/><V45/><F57/><W37/><G130/><T31/><D17/><U58/><E1/><V2/><F2/><W73/><G79/><T67/><D94/><N who="1" m="54543" /><E9/><V68/><F68/><W16/><G37/><T93/><D93/><U29/><E29/><V86/><F36/><W125/><G125/><T113/><D113/><U80/><E69/><V126/><F126/><W103/><G103/><T61/><D92/><U135/><E63/><V26/><F26/><W91/><G91/><T8/><D61/><U10/><E10/><V134/><F134/><W39/><G39/><T11/><D11/><U127/><E127/><V71/><F71/><W100/><G100/><T129/><D8/><U30/><E30/><V117/><F117/><W102/><G102/><T20/><D129/><U48/><E48/><V56/><F77/><W38/><G38/><T62/><D62/><U15/><E135/><V90/><F115/><W66/><G66/><T109/><D109/><U0/><E0/><V107/><F112/><W118/><G118/><T46/><D34/><U99/><E99/><V52/><F107/><RYUUKYOKU ba="0,0" sc="250,-10,250,30,250,-10,250,-10" hai1="15,19,21,41,43,51,55,58,80,87" /><INIT seed="1,1,0,0,5,47" ten="240,280,240,240" oya="1" hai0="27,101,79,39,72,28,83,58,0,132,130,133,17" hai1="127,106,49,57,63,4,65,114,14,118,36,92,134" hai2="84,8,13,3,129,2,6,119,122,131,93,11,41" hai3="35,71,109,85,62,26,67,76,69,94,53,113,108"/><U96/><E114/><V77/><F122/><W10/><G113/><T23/><D39/><U5/><E118/><V126/><F119/><W97/><G71/><T121/><D0/><U22/><E36/><V40/><F93/><W60/><G10/><T82/><D130/><N who="2" m="49674" /><F84/><W9/><G9/><T68/><D68/><U37/><E37/><V128/><N who="2" m="49682" /><V86/><DORA hai="91" /><F126/><W43/><G43/><N who="2" m="16457" /><F11/><W123/><G123/><T48/><D83/><AGARI ba="1,0" hai="2,3,6,8,13,77,83,86" m="16457,49682" machi="83" ten="40,1300,0" yaku="19,1" doraHai="47,91" who="2" fromWho="0" sc="240,-16,280,0,240,16,240,0" /><INIT seed="2,0,0,0,3,40" ten="224,280,256,240" oya="2" hai0="115,80,8,19,20,85,18,66,111,65,22,60,13" hai1="84,129,33,45,108,57,34,110,70,91,134,73,39" hai2="37,96,94,133,69,15,82,53,95,51,7,99,58" hai3="32,117,88,42,67,59,124,38,81,14,9,127,23"/><V4/><F37/><W48/><G117/><T89/><D111/><N who="1" m="42539" /><E73/><V92/><F69/><W103/><G32/><T30/><D115/><U113/><E113/><V50/><F133/><W71/><G71/><T26/><REACH who="0" step="1"/><D60/><REACH who="0" ten="214,280,256,240" step="2"/><U119/><E134/><V47/><F82/><W74/><G127/><T5/><D5/><N who="2" m="2122" /><F15/><AGARI ba="0,1" hai="8,13,15,18,19,20,22,26,30,65,66,80,85,89" machi="15" ten="30,3900,0" yaku="1,1,7,1,8,1,53,0" doraHai="40" doraHaiUra="132" who="0" fromWho="2" sc="214,49,280,0,256,-39,240,0" /><INIT seed="3,0,0,3,5,56" ten="263,280,217,240" oya="3" hai0="83,75,103,69,67,45,43,10,68,2,92,114,70" hai1="79,44,122,102,72,93,31,98,7,35,96,133,95" hai2="101,18,48,74,71,12,108,60,13,117,42,57,4" hai3="1,39,0,131,61,16,23,134,111,30,28,33,58"/><W127/><G131/><T105/><D92/><U20/><E133/><V129/><F117/><W89/><G134/><T63/><D114/><U52/><E122/><V104/><F129/><W5/><G127/><T76/><D103/><U94/><E35/><V99/><F74/><W34/><G39/><N who="0" m="21759" /><D105/><U41/><E41/><V65/><F108/><W112/><G112/><T62/><D62/><U25/><E7/><AGARI ba="0,0" hai="2,7,10,63,67,68,69,70,75,76,83" m="21759" machi="7" ten="30,7700,0" yaku="25,1,33,2,52,1" doraHai="56" who="0" fromWho="1" sc="263,77,280,-77,217,0,240,0" /><INIT seed="4,0,0,4,0,45" ten="340,203,217,240" oya="0" hai0="119,61,109,52,57,22,18,84,26,14,48,50,3" hai1="116,107,104,43,65,129,89,32,103,100,105,2,71" hai2="131,90,73,117,55,68,0,132,115,67,108,40,36" hai3="60,101,44,28,128,30,106,23,102,111,76,74,86"/><T19/><D119/><U134/><E116/><V41/><F90/><W59/><G128/><T123/><D123/><U34/><E129/><V64/><F55/><W92/><G111/><T113/><D113/><U56/><E134/><V54/><F54/><W72/><G106/><T4/><D109/><U114/><E114/><V81/><F41/><W77/><G44/><T95/><D4/><U24/><E43/><V87/><F40/><W83/><G30/><T7/><D7/><U17/><E2/><V31/><F87/><W51/><G51/><N who="0" m="19499" /><D3/><U10/><E10/><V78/><F64/><W9/><G9/><N who="0" m="6479" /><D84/><U21/><E71/><V49/><F117/><W125/><G86/><T135/><D135/><U38/><E38/><V66/><F36/><W79/><G125/><T62/><D95/><U33/><E56/><V58/><F58/><W42/><G92/><T16/><D62/><U37/><E37/><V13/><F115/><W110/><G110/><T63/><D63/><U93/><E65/><V75/><F66/><W94/><G94/><T112/><D112/><U6/><E6/><V85/><F67/><W99/><G60/><T25/><D19/><U11/><E93/><V47/><F108/><W12/><G72/><T97/><D97/><U91/><E11/><V118/><F132/><W5/><G74/><T20/><D20/><U127/><E127/><V15/><F73/><W70/><G99/><T133/><D133/><U98/><E98/><V46/><F75/><W53/><G70/><T120/><D120/><U130/><E130/><V80/><F131/><W39/><G39/><RYUUKYOKU ba="0,0" sc="340,15,203,15,217,-15,240,-15" hai0="16,22,25,26,52,57,61" hai1="17,21,24,32,33,34,89,91,100,103,104,105,107" /><INIT seed="4,1,0,1,2,27" ten="355,218,202,225" oya="0" hai0="109,75,86,19,10,35,104,34,90,68,71,80,88" hai1="25,37,108,21,59,54,53,122,117,18,65,107,94" hai2="120,23,41,46,66,111,114,47,1,6,24,101,50" hai3="20,8,39,70,45,62,85,14,99,22,123,130,95"/><T32/><D104/><U113/><E117/><V81/><F111/><W48/><G39/><T133/><D75/><U9/><E108/><V84/><F114/><W76/><G123/><T74/><D109/><U132/><E132/><V49/><F120/><W103/><G130/><T110/><D74/><U91/><E122/><V82/><F101/><W56/><G70/><T7/><D110/><U131/><E131/><V135/><F135/><W2/><G2/><T98/><D19/><U128/><E128/><V61/><F6/><N who="3" m="3351" /><G85/><T87/><D98/><U63/><E107/><V36/><F1/><W64/><G76/><T51/><D51/><U11/><E37/><V40/><F84/><W17/><G17/><T55/><D55/><AGARI ba="1,0" hai="20,22,45,48,55,56,62,64,95,99,103" m="3351" machi="55" ten="30,1000,0" yaku="8,1" doraHai="27" who="3" fromWho="0" sc="355,-13,218,0,202,0,225,13" /><INIT seed="5,0,0,4,1,110" ten="342,218,202,238" oya="1" hai0="133,21,121,122,65,125,43,71,31,20,89,123,14" hai1="106,19,131,36,16,108,11,27,135,17,47,118,22" hai2="45,41,60,102,61,100,2,120,72,12,13,29,88" hai3="58,99,103,113,115,49,63,75,95,7,93,76,54"/><U53/><E118/><V30/><F120/><W91/><G7/><T32/><D133/><U42/><E135/><V62/><F2/><W25/><G75/><T6/><D43/><U124/><E124/><V28/><F72/><W90/><G76/><T40/><D40/><U46/><E108/><V85/><F13/><W96/><G25/><N who="0" m="18543" /><D89/><U104/><E131/><V44/><F12/><W5/><G5/><T0/><D125/><U1/><E1/><V116/><F116/><W51/><G103/><N who="2" m="39465" /><F41/><W57/><G63/><N who="2" m="16129" /><V77/><DORA hai="9" /><F77/><W50/><G57/><T132/><D132/><U111/><E111/><V94/><AGARI ba="0,0" hai="28,29,30,44,45,85,88,94" m="16129,39465" machi="94" ten="40,2700,0" yaku="8,1,54,1" doraHai="110,9" who="2" fromWho="2" sc="342,-7,218,-13,202,27,238,-7" /><INIT seed="6,0,0,0,1,10" ten="335,205,229,231" oya="2" hai0="12,18,62,98,5,22,13,119,63,117,1,29,69" hai1="14,58,120,107,11,55,47,44,90,49,127,45,94" hai2="32,53,76,26,41,19,111,106,110,97,95,122,86" hai3="131,99,52,112,81,3,75,38,105,135,109,116,101"/><V102/><F122/><W23/><RYUUKYOKU type="yao9" ba="0,0" sc="335,0,205,0,229,0,231,0" hai3="3,23,38,52,75,81,99,101,105,109,112,116,131,135" /><INIT seed="6,1,0,3,3,5" ten="335,205,229,231" oya="2" hai0="79,108,75,99,9,69,6,45,107,66,105,4,83" hai1="49,18,42,68,51,113,0,111,78,82,87,115,123" hai2="116,58,104,36,110,122,20,55,86,50,17,65,21" hai3="2,101,25,81,80,29,31,32,35,121,102,3,38"/><V90/><F104/><W27/><REACH who="3" step="1"/><G38/><REACH who="3" ten="335,205,229,221" step="2"/><T14/><D108/><U16/><E111/><V92/><F110/><W67/><G67/><T119/><D66/><U8/><E113/><V47/><F36/><W1/><G1/><T7/><D69/><U26/><E115/><V98/><F65/><W64/><G64/><T40/><D119/><U88/><E68/><V15/><F116/><W131/><G131/><T46/><D107/><U133/><E123/><AGARI ba="1,1" hai="2,3,25,27,29,31,32,35,80,81,101,102,121,123" machi="123" ten="25,6400,0" yaku="21,2,22,2,53,0" doraHai="5" doraHaiUra="132" who="3" fromWho="1" sc="335,0,205,-67,229,0,221,77" /><INIT seed="7,0,0,1,2,37" ten="335,138,229,298" oya="3" hai0="32,56,72,129,111,10,76,12,36,21,95,117,20" hai1="69,18,28,109,16,5,128,82,93,4,119,44,81" hai2="66,35,124,101,39,133,104,125,78,126,89,77,59" hai3="90,100,123,75,53,83,0,58,47,49,17,71,7"/><W1/><G123/><T8/><D111/><U122/><E109/><V31/><F39/><W92/><G71/><T51/><D32/><U134/><E122/><V68/><F59/><W85/><G75/><T118/><D36/><U132/><E69/><V61/><F89/><W2/><G17/><T99/><D129/><U112/><E28/><V127/><F133/><W110/><G110/><T27/><D76/><U103/><E103/><V115/><F115/><W41/><G100/><T60/><D51/><U46/><E93/><V48/><F48/><W113/><G113/><T121/><D72/><U84/><E84/><V19/><F19/><W64/><G64/><T106/><D106/><U15/><E15/><V25/><N who="2" m="31744" /><DORA hai="97" /><V23/><F23/><W50/><REACH who="3" step="1"/><G83/><REACH who="3" ten="335,138,229,288" step="2"/><T73/><D121/><U29/><E112/><V79/><F101/><W22/><G22/><T3/><D21/><U96/><E29/><V70/><F70/><W91/><G91/><T94/><D20/><U40/><E96/><V13/><F104/><W130/><G130/><T74/><D99/><U65/><E65/><V135/><F135/><W87/><G87/><T33/><D74/><U43/><REACH who="1" step="1"/><E128/><REACH who="1" ten="335,128,229,288" step="2"/><V45/><F68/><W120/><G120/><T57/><D73/><U86/><E86/><V67/><F66/><W131/><G131/><T80/><D118/><AGARI ba="0,2" hai="4,5,16,18,40,43,44,46,81,82,118,119,132,134" machi="118" ten="25,12000,2" yaku="1,1,22,2,52,2,54,1,53,0" doraHai="37,97" doraHaiUra="11,107" who="1" fromWho="0" sc="335,-120,128,140,229,0,288,0" /><INIT seed="8,0,0,1,5,10" ten="215,268,229,288" oya="0" hai0="20,57,41,92,135,34,70,12,121,127,128,2,97" hai1="118,71,40,85,75,32,33,68,52,88,130,79,31" hai2="39,53,101,45,3,113,104,58,18,102,80,93,109" hai3="73,90,9,29,89,72,6,14,124,87,30,117,35"/><T98/><D121/><U15/><E118/><V28/><F109/><W0/><G117/><T103/><D70/><U36/><E71/><V8/><F113/><W132/><G132/><T133/><D2/><U48/><E68/><V5/><F104/><W129/><G129/><T54/><D34/><U96/><E33/><V17/><F28/><W46/><G124/><T47/><D98/><U16/><E130/><V11/><F80/><W119/><G119/><T27/><D128/><U65/><E65/><V63/><F93/><W67/><G67/><T25/><D127/><U110/><E75/><V4/><F101/><W122/><G122/><T114/><D114/><U44/><E110/><V60/><F102/><W1/><G46/><T21/><D47/><N who="1" m="27679" /><E31/><V50/><F63/><W82/><G89/><T123/><D41/><U126/><E126/><V105/><F105/><W62/><G62/><N who="0" m="36151" /><D123/><U83/><E32/><V19/><F39/><W100/><G100/><T125/><D125/><U59/><E59/><V69/><F69/><W64/><G64/><T56/><D56/><U84/><E96/><V81/><F3/><W24/><G30/><N who="0" m="17703" /><D135/><U107/><E107/><V37/><F37/><W26/><G26/><T91/><D133/><U61/><E61/><V94/><F60/><W38/><G38/><T78/><D103/><U95/><E36/><V7/><F58/><W22/><G0/><T120/><D120/><U131/><E131/><V74/><F74/><W112/><G112/><T108/><D108/><U111/><E111/><V76/><F45/><W49/><G49/><T23/><D97/><RYUUKYOKU ba="0,0" sc="215,-10,268,-10,229,-10,288,30" hai3="1,6,9,14,22,24,29,35,72,73,82,87,90" owari="205,-29.0,258,6.0,219,-18.0,318,41.0" /></mjloggm>