<mjloggm ver="2.3"><GO type="41" lobby="0"/><UN n0="%E6%88%91%E5%B0%B1%E5%98%B4%E8%87%AD" n1="%E3%83%9D%E3%83%BC%E3%82%B8%E3%83%BC" n2="%E2%93%9D%53%75%70%68%78" n3="%E3%83%AA%E3%82%BD%E3%83%83%E3%83%89" dan="15,13,16,13" rate="2054.28,1878.84,2043.02,1914.37" sx="M,M,M,M"/><TAIKYOKU oya="0"/><INIT seed="0,0,0,0,5,115" ten="250,250,250,250" oya="0" hai0="48,103,32,39,108,112,61,76,130,56,66,70,121" hai1="14,126,86,31,87,3,42,8,36,109,15,77,107" hai2="111,69,106,105,49,131,134,84,128,47,117,83,29" hai3="113,93,114,135,116,96,2,59,6,4,110,124,44"/><T40/><D32/><U5/><E126/><V9/><F69/><W100/><G135/><T21/><D112/><U82/><E109/><V119/><F29/><W12/><G110/><T33/><D108/><U79/><E107/><N who="2" m="40971" /><F111/><W24/><G124/><T74/><D33/><U72/><E31/><V0/><F9/><W92/><G24/><T102/><D121/><U30/><E30/><V34/><F0/><W91/><G2/><T133/><D130/><N who="2" m="49706" /><F34/><W62/><G44/><N who="0" m="23583" /><D21/><U55/><E55/><N who="2" m="30143" /><F134/><W127/><G127/><T41/><D133/><U53/><E53/><V23/><F23/><W43/><G43/><T104/><D41/><U38/><E38/><V97/><F97/><W20/><G20/><T95/><D104/><U54/><E54/><V19/><F19/><W58/><G12/><T64/><D64/><U13/><REACH who="1" step="1"/><E79/><AGARI ba="0,0" hai="79,83,84,117,119" m="30143,49706,40971" machi="79" ten="30,3900,0" yaku="19,1,52,2" doraHai="115" who="2" fromWho="1" sc="250,0,250,-39,250,39,250,0" /><INIT seed="1,0,0,3,5,59" ten="250,211,289,250" oya="1" hai0="58,63,20,82,80,87,130,128,7,27,81,92,118" hai1="74,122,111,11,99,39,44,61,34,57,98,85,2" hai2="125,93,132,50,40,110,77,62,13,21,84,60,6" hai3="46,12,30,37,19,5,126,105,86,22,41,88,55"/><U83/><E122/><V17/><F110/><W18/><G126/><T124/><D118/><U127/><E127/><V53/><F132/><W133/><G133/><T69/><D69/><U89/><E111/><V54/><F125/><W116/><G116/><T24/><D7/><U108/><E108/><V10/><F40/><W73/><G5/><T47/><D47/><U43/><E74/><V51/><F51/><W120/><G105/><T66/><D124/><U114/><E114/><V95/><F54/><W104/><G104/><T31/><D27/><U3/><E34/><V65/><F65/><W15/><G73/><T121/><D121/><U35/><E35/><V97/><F95/><W25/><G120/><T64/><D64/><U100/><E11/><V72/><F72/><W0/><G55/><T101/><D87/><U117/><E117/><V28/><F28/><W67/><G67/><T102/><D102/><U129/><E129/><V52/><F53/><W33/><G0/><T94/><D92/><U91/><E91/><N who="2" m="53479" /><F77/><W70/><G19/><T48/><REACH who="0" step="1"/><D48/><REACH who="0" ten="240,211,289,250" step="2"/><U135/><E135/><V123/><F123/><W106/><G106/><T76/><D76/><U75/><E75/><V32/><F97/><AGARI ba="0,1" hai="20,24,31,58,63,66,80,81,82,94,97,101,128,130" machi="97" ten="40,8000,1" yaku="1,1,25,2,52,1,53,0" doraHai="59" doraHaiUra="4" who="0" fromWho="2" sc="240,90,211,0,289,-80,250,0" /><INIT seed="2,0,0,1,5,29" ten="330,211,209,250" oya="2" hai0="42,102,79,19,22,109,104,90,3,26,125,39,80" hai1="133,122,83,131,43,98,63,110,126,89,88,132,18" hai2="97,30,5,105,121,95,51,81,130,6,134,54,107" hai3="77,25,67,2,74,87,117,49,45,58,128,23,116"/><V28/><F121/><W52/><G128/><T38/><D109/><U12/><E122/><V36/><F36/><W111/><G111/><T59/><D3/><U13/><E126/><V41/><F41/><W7/><G74/><T71/><D71/><U50/><E110/><V33/><F134/><N who="1" m="51817" /><E131/><V27/><F130/><W61/><G7/><T46/><D39/><U56/><E43/><V72/><F30/><W48/><G2/><T55/><D125/><U91/><E50/><V24/><F24/><W123/><G123/><T57/><D90/><N who="1" m="34923" /><E18/><V113/><F113/><W73/><G73/><T32/><D32/><U118/><E118/><V1/><F72/><W120/><G120/><T101/><D59/><U0/><E0/><V21/><F33/><W85/><G49/><T82/><D104/><U40/><E40/><V75/><F107/><W15/><G15/><T16/><D82/><U68/><E68/><V108/><F105/><W135/><G135/><T65/><D19/><U94/><E83/><V44/><F108/><W96/><G25/><T9/><D65/><AGARI ba="0,0" hai="12,13,56,63,65,91,94,98" m="34923,51817" machi="65" ten="30,2000,0" yaku="20,1,54,1" doraHai="29" who="1" fromWho="0" sc="330,-20,211,20,209,0,250,0" /><INIT seed="3,0,0,2,3,51" ten="310,231,209,250" oya="3" hai0="100,33,16,7,26,36,113,105,88,108,20,49,118" hai1="41,87,89,6,124,94,60,117,48,12,52,123,57" hai2="17,54,42,122,32,78,96,72,93,132,126,35,120" hai3="39,61,112,84,55,114,91,44,4,131,30,98,97"/><W62/><G131/><T22/><D36/><U127/><E123/><N who="2" m="47147" /><F42/><W18/><G4/><T50/><D108/><U31/><E31/><V11/><F132/><W130/><G130/><T82/><D33/><U2/><E2/><V80/><F126/><N who="1" m="48169" /><E117/><V66/><F66/><W23/><G30/><T28/><D7/><U125/><N who="1" m="48177" /><U95/><DORA hai="14" /><E41/><V45/><F93/><W116/><G116/><T104/><D118/><U70/><E70/><V134/><F96/><W29/><G29/><T0/><D0/><U27/><E27/><V53/><F45/><W71/><G39/><T19/><D28/><U119/><E119/><V90/><F90/><W15/><G114/><T109/><D113/><U121/><E121/><V59/><F59/><W83/><G112/><T58/><D109/><U110/><E110/><V129/><F134/><W8/><G23/><T47/><D58/><U115/><E115/><V133/><F133/><W64/><G62/><T135/><D135/><U68/><E68/><V34/><F129/><W73/><G73/><T9/><D9/><N who="1" m="4151" /><E60/><V46/><F46/><W77/><G77/><T85/><D50/><AGARI ba="0,0" hai="8,15,18,44,50,55,61,64,71,83,84,91,97,98" machi="50" ten="40,12000,1" yaku="25,2,52,2" doraHai="51,14" who="3" fromWho="0" sc="310,-120,231,0,209,0,250,120" /><INIT seed="3,1,0,1,4,98" ten="190,231,209,370" oya="3" hai0="90,124,108,27,20,14,89,40,41,115,101,128,23" hai1="7,31,94,3,71,39,105,102,49,44,6,106,96" hai2="4,48,132,38,95,77,34,92,24,93,52,88,57" hai3="36,82,66,130,51,121,67,54,80,59,12,9,133"/><W114/><G121/><T43/><D108/><U10/><E71/><V33/><F38/><W134/><G36/><T126/><D128/><U58/><E39/><V107/><F107/><W111/><G130/><T99/><D115/><U64/><E31/><V70/><F70/><W47/><G111/><T32/><D32/><U100/><E6/><V85/><F132/><N who="3" m="50795" /><G114/><T1/><D1/><U120/><E120/><V15/><F77/><W61/><G66/><T125/><D14/><U8/><E8/><V50/><F34/><W112/><G112/><T72/><D72/><U81/><E81/><V78/><F78/><W63/><G63/><T109/><D109/><U29/><E29/><V123/><F123/><W11/><G11/><T16/><D23/><U110/><E110/><V79/><F79/><W55/><G55/><T76/><D76/><U127/><E127/><V60/><F33/><W68/><G68/><T37/><D37/><U2/><E2/><V65/><F24/><W104/><G104/><AGARI ba="1,0" hai="16,20,27,40,41,43,89,90,99,101,104,124,125,126" machi="104" ten="50,6400,0" yaku="18,1,52,1,54,1" doraHai="98" who="0" fromWho="3" sc="190,67,231,0,209,0,370,-67" /><INIT seed="4,0,0,0,5,133" ten="257,231,209,303" oya="0" hai0="41,84,37,107,32,130,83,36,18,53,90,121,131" hai1="85,110,9,119,115,57,46,111,21,63,122,127,67" hai2="56,54,31,80,61,69,94,134,71,22,78,95,66" hai3="106,113,132,25,135,55,104,33,89,43,99,72,23"/><T116/><D107/><U87/><E122/><V112/><F134/><N who="3" m="51243" /><G33/><T118/><D121/><U49/><E119/><N who="0" m="45609" /><D32/><U52/><E115/><V10/><F112/><W124/><G72/><T102/><D102/><U24/><E127/><V92/><F10/><W51/><G43/><T82/><D41/><U97/><E97/><V129/><F129/><N who="0" m="49162" /><D83/><U88/><E9/><V17/><F31/><N who="3" m="17855" /><G124/><T16/><D53/><U60/><E60/><V91/><F91/><W77/><G77/><T128/><N who="0" m="49170" /><T4/><DORA hai="100" /><D4/><U125/><E125/><V35/><F35/><W98/><G113/><T76/><D76/><U108/><REACH who="1" step="1"/><E88/><REACH who="1" ten="257,221,209,303" step="2"/><V73/><REACH who="2" step="1"/><F66/><REACH who="2" ten="257,221,199,303" step="2"/><W12/><G89/><T26/><D26/><AGARI ba="0,2" hai="17,22,26,54,56,61,69,71,73,78,80,92,94,95" machi="26" ten="40,8000,1" yaku="1,1,2,1,53,3" doraHai="133,100" doraHaiUra="74,64" who="2" fromWho="0" sc="257,-80,221,0,199,100,303,0" /><INIT seed="5,0,0,4,4,129" ten="177,221,299,303" oya="1" hai0="8,38,9,65,52,84,44,23,63,5,19,53,54" hai1="126,95,21,79,125,119,131,43,45,127,33,17,67" hai2="91,10,1,59,4,47,62,70,110,114,115,96,132" hai3="101,37,64,41,14,120,3,71,121,90,133,124,50"/><U39/><E119/><V97/><F110/><W123/><G14/><T81/><D38/><U0/><E0/><V60/><F132/><W103/><G90/><T6/><D44/><U18/><E131/><V85/><F70/><W34/><G101/><T40/><D40/><U111/><E33/><V87/><F47/><N who="3" m="23983" /><G103/><T72/><D72/><U118/><E118/><V80/><F87/><W55/><G34/><T66/><D66/><U25/><E111/><V15/><F1/><W13/><G13/><T11/><D23/><U56/><E79/><V20/><F20/><W28/><G28/><T99/><D99/><N who="2" m="37962" /><F59/><N who="3" m="33271" /><G3/><T58/><REACH who="0" step="1"/><D19/><REACH who="0" ten="167,221,299,303" step="2"/><N who="1" m="12479" /><E95/><V122/><F122/><W51/><G51/><T117/><D117/><U100/><E100/><V12/><F115/><W42/><G42/><T76/><AGARI ba="0,1" hai="5,6,8,9,11,52,53,54,58,63,65,76,81,84" machi="76" ten="30,12000,2" yaku="1,1,0,1,8,1,54,1,53,3" doraHai="129" doraHaiUra="48" who="0" fromWho="0" sc="167,130,221,-60,299,-30,303,-30" /><INIT seed="6,0,0,4,0,33" ten="297,161,269,273" oya="2" hai0="55,109,125,56,116,120,58,48,32,134,105,44,34" hai1="129,3,36,4,77,90,86,13,92,88,40,11,119" hai2="0,69,118,15,75,103,28,95,130,50,25,73,42" hai3="64,80,37,21,7,87,8,57,121,81,59,89,91"/><V68/><F118/><W9/><G37/><T29/><D105/><U123/><E123/><V128/><F15/><W62/><G121/><T46/><D120/><U19/><E129/><N who="2" m="49771" /><F50/><W84/><G21/><T132/><D109/><U98/><E119/><V41/><F95/><W79/><G79/><T113/><D116/><U99/><E77/><V53/><F53/><W110/><G110/><T101/><D113/><U124/><E124/><V112/><F103/><W108/><G108/><T24/><D125/><U61/><E61/><V115/><F25/><W2/><REACH who="3" step="1"/><G9/><REACH who="3" ten="297,161,269,263" step="2"/><T106/><D34/><U133/><E133/><N who="0" m="51305" /><D46/><U127/><E127/><V14/><F115/><W78/><G78/><T43/><D43/><U17/><E40/><V60/><F42/><W65/><G65/><T85/><D106/><U107/><E36/><V35/><F41/><W111/><G111/><T26/><D26/><U71/><E107/><V117/><F112/><W94/><G94/><T1/><D24/><U52/><E71/><AGARI ba="0,1" hai="2,7,8,57,59,62,64,71,80,81,84,87,89,91" machi="71" ten="30,7700,0" yaku="1,1,7,1,9,1,52,1,53,0" doraHai="33" doraHaiUra="74" who="3" fromWho="1" sc="297,0,161,-77,269,0,263,87" /><INIT seed="7,0,0,2,4,7" ten="297,84,269,350" oya="3" hai0="17,64,98,119,22,39,109,129,48,71,83,113,3" hai1="36,19,61,126,99,73,102,23,20,107,67,45,32" hai2="34,47,93,30,118,78,122,25,110,94,134,66,57" hai3="55,100,70,82,85,90,53,29,9,54,15,75,2"/><W24/><G70/><T63/><D39/><U121/><E126/><V95/><F110/><W116/><G116/><T86/><D109/><U8/><E121/><V117/><F122/><W14/><G75/><T40/><D119/><U60/><E73/><V88/><F78/><W111/><G111/><T16/><D3/><U125/><E125/><V76/><F76/><W87/><G100/><T92/><D129/><U4/><E61/><V84/><F134/><W77/><G2/><T120/><D120/><U51/><E36/><V103/><F47/><W46/><G9/><T123/><D123/><U52/><E32/><V44/><F44/><W124/><G46/><T13/><D17/><U26/><E20/><V89/><F103/><W28/><G124/><T91/><D113/><U81/><E81/><V49/><F95/><W80/><G24/><T56/><D71/><U69/><REACH who="1" step="1"/><E4/><REACH who="1" ten="297,74,269,350" step="2"/><V104/><F118/><W105/><G82/><T72/><D72/><U31/><E31/><V128/><F117/><W59/><G29/><T6/><D6/><U112/><E112/><V42/><F30/><W101/><G80/><T33/><D33/><U62/><E62/><V131/><F34/><W5/><G28/><T106/><D106/><U65/><E65/><V35/><F104/><W38/><G5/><T41/><REACH who="0" step="1"/><D48/><REACH who="0" ten="287,74,269,350" step="2"/><U1/><E1/><V18/><F35/><W96/><G38/><T130/><D130/><U133/><E133/><V58/><F131/><W10/><G105/><T74/><D74/><U68/><E68/><V127/><F127/><W97/><G77/><AGARI ba="0,2" hai="13,16,22,40,41,56,63,64,77,83,86,91,92,98" machi="77" ten="30,7700,0" yaku="1,1,7,1,8,1,54,1,53,0" doraHai="7" doraHaiUra="132" who="0" fromWho="3" sc="287,97,74,0,269,0,350,-77" owari="384,49.0,74,-43.0,269,-13.0,273,7.0" /></mjloggm>