<mjloggm ver="2.3"><GO type="41" lobby="0"/><UN n0="%E3%82%A2%E3%82%AB%E3%83%AB%E3%83%88%E3%82%B7%E3%82%B9%E3%83%86%E3%83%A0" n1="%E2%93%9D%53%75%70%68%78" n2="%E3%82%84%E3%81%BE%E3%81%95%E3%81%B3" n3="%6B%6C%6F%75%64" dan="14,17,15,13" rate="1979.05,2000.25,2008.16,1903.57" sx="F,M,M,F"/><TAIKYOKU oya="0"/><INIT seed="0,0,0,2,0,13" ten="250,250,250,250" oya="0" hai0="53,96,133,117,107,51,71,10,58,130,70,5,80" hai1="84,11,33,16,4,34,66,65,56,112,23,15,2" hai2="100,74,28,104,44,118,102,79,32,29,94,73,36" hai3="1,35,7,30,41,103,61,25,114,111,50,126,82"/><T97/><D117/><U88/><E112/><V54/><F94/><W113/><G50/><T116/><D116/><U31/><E56/><V76/><F118/><W92/><G82/><T27/><D130/><U108/><E108/><V26/><F26/><W59/><G41/><T24/><D133/><U21/><E21/><V62/><F62/><W18/><G111/><T95/><D107/><U106/><E106/><V134/><F104/><W131/><G131/><T45/><D97/><U81/><REACH who="1" step="1"/><E31/><REACH who="1" ten="250,240,250,250" step="2"/><V68/><F134/><W52/><G113/><T9/><D71/><U109/><E109/><V122/><F68/><W135/><G114/><T132/><D70/><U46/><E46/><V105/><F105/><W64/><G135/><T17/><D132/><U129/><E129/><V19/><F44/><W120/><G120/><T101/><D80/><U42/><E42/><V43/><F43/><W86/><G64/><AGARI ba="0,1" hai="2,4,11,15,16,23,33,34,64,65,66,81,84,88" machi="64" ten="40,8000,1" yaku="1,1,52,1,54,2,53,0" doraHai="13" doraHaiUra="37" who="1" fromWho="3" sc="250,0,240,90,250,0,250,-80" /><INIT seed="1,0,0,1,1,91" ten="250,330,250,170" oya="1" hai0="38,18,22,21,59,89,83,4,129,108,28,57,17" hai1="61,23,30,34,99,48,60,14,116,6,101,82,80" hai2="51,100,87,37,88,40,9,123,58,44,81,15,119" hai3="3,41,72,96,0,36,111,103,85,131,35,102,11"/><U12/><E34/><V73/><F119/><W33/><G111/><T133/><D108/><U25/><E116/><V135/><F123/><W68/><G131/><T31/><D38/><U98/><E48/><V130/><F130/><W54/><G54/><T1/><D129/><U7/><E25/><V56/><F135/><W20/><G85/><N who="0" m="50367" /><D4/><U118/><E118/><V24/><F73/><W43/><G20/><N who="0" m="7787" /><D1/><U122/><E23/><V42/><F24/><W109/><G109/><T92/><D133/><U19/><E101/><V49/><F100/><W127/><G127/><T107/><D107/><U67/><E67/><V125/><F125/><W105/><G43/><T5/><D5/><U124/><E124/><V66/><F66/><W84/><G84/><T104/><D104/><U113/><E122/><V128/><F128/><W45/><G103/><T106/><D92/><U10/><E30/><N who="0" m="11305" /><D106/><U53/><E7/><N who="2" m="3519" /><F37/><W93/><G68/><T97/><D97/><U74/><E99/><V32/><F32/><W64/><G64/><T8/><D8/><U94/><E98/><V126/><F126/><W114/><G0/><T95/><D95/><U65/><E94/><V117/><F117/><W69/><G93/><T86/><D86/><U46/><E65/><V75/><F75/><W79/><G114/><T70/><D70/><U47/><E113/><V63/><F63/><W110/><G69/><T90/><D90/><U55/><E74/><V112/><F112/><W39/><G39/><T26/><D26/><U13/><E6/><V132/><F132/><W120/><G110/><T76/><D76/><RYUUKYOKU ba="0,0" sc="250,15,330,-15,250,15,170,-15" hai0="17,18,57,59" hai2="40,42,44,49,51,56,58,81,87,88" /><INIT seed="2,1,0,4,2,55" ten="265,315,265,155" oya="2" hai0="0,68,18,51,9,19,42,101,39,41,108,94,5" hai1="65,93,21,92,82,89,97,28,123,43,112,125,66" hai2="104,36,1,26,37,6,79,83,61,70,106,80,86" hai3="88,7,84,73,131,32,116,67,16,85,23,11,20"/><V115/><F115/><W35/><G116/><T22/><D108/><U15/><E112/><V38/><F26/><W27/><G73/><T17/><D68/><U14/><E125/><V71/><F83/><W34/><G67/><T132/><D132/><U4/><E43/><V122/><F122/><W107/><G107/><T95/><D39/><U78/><E123/><V40/><F40/><W63/><G63/><T77/><D77/><U45/><E45/><V10/><REACH who="2" step="1"/><F71/><REACH who="2" ten="265,315,255,155" step="2"/><W3/><G131/><T30/><D42/><U121/><E82/><V81/><F81/><W50/><G23/><T53/><D41/><U133/><E21/><V128/><F128/><W58/><G84/><T29/><D22/><U54/><E121/><V74/><F74/><W12/><G35/><T96/><REACH who="0" step="1"/><D95/><REACH who="0" ten="255,315,255,155" step="2"/><U119/><E93/><V127/><F127/><W49/><G34/><T60/><D60/><U72/><E92/><V69/><F69/><W117/><G117/><T99/><D99/><U90/><E97/><V130/><F130/><W52/><G32/><T46/><AGARI ba="1,2" hai="0,5,9,17,18,19,29,30,46,51,53,94,96,101" machi="46" ten="30,2000,0" yaku="1,1,0,1,53,0" doraHai="55" doraHaiUra="102" who="0" fromWho="0" sc="255,43,315,-6,255,-11,155,-6" /><INIT seed="3,0,0,5,4,101" ten="298,309,244,149" oya="3" hai0="85,70,122,75,88,11,55,50,66,0,102,106,132" hai1="114,57,33,32,12,64,128,44,74,77,94,92,113" hai2="123,96,93,2,133,110,83,59,67,107,1,9,97" hai3="7,8,35,61,46,104,4,119,39,84,80,78,108"/><W22/><G119/><T91/><D122/><U13/><E44/><V100/><F123/><W38/><G35/><T121/><D121/><U15/><E77/><V81/><F110/><W125/><G7/><T111/><D111/><U90/><E74/><V116/><F116/><W73/><G108/><T24/><D132/><U99/><E128/><V71/><F71/><W49/><G22/><T6/><D75/><U68/><E68/><V36/><F36/><W19/><G19/><T30/><D66/><U23/><E23/><V126/><F133/><W40/><G125/><T37/><D37/><U31/><E94/><V62/><F126/><W95/><G104/><T131/><D70/><U124/><E124/><V63/><F63/><W34/><G61/><T65/><D65/><U42/><E42/><V18/><F1/><W3/><REACH who="3" step="1"/><G34/><REACH who="3" ten="298,309,244,139" step="2"/><T26/><D131/><U76/><E33/><V43/><F18/><W54/><G54/><T103/><D106/><U105/><E105/><V87/><F43/><W115/><G115/><T127/><D127/><U5/><E114/><V60/><F62/><W29/><G29/><T130/><D130/><U98/><E31/><V118/><F118/><W112/><G112/><T52/><D55/><U53/><E32/><V51/><F60/><W86/><G86/><T41/><D41/><U47/><E113/><V20/><F67/><W69/><G69/><T28/><D28/><U58/><E64/><V89/><F107/><W16/><G16/><T79/><D30/><U14/><E53/><N who="2" m="32191" /><F20/><W17/><G17/><T109/><D109/><U45/><E5/><RYUUKYOKU ba="0,1" sc="298,-10,309,-10,244,-10,139,30" hai3="3,4,8,38,39,40,46,49,73,78,80,84,95" /><INIT seed="3,1,1,1,1,27" ten="288,299,234,169" oya="3" hai0="114,11,36,18,60,34,71,9,133,14,49,6,101" hai1="63,47,100,113,119,62,59,28,40,29,93,132,56" hai2="89,72,76,87,112,79,98,42,70,48,21,0,67" hai3="120,1,122,52,116,25,121,80,95,111,39,66,45"/><W74/><G116/><T86/><D36/><U103/><E113/><V15/><F0/><W50/><G66/><T64/><D114/><U129/><E129/><V58/><F72/><W126/><G126/><T128/><D128/><U61/><E132/><V3/><F3/><W53/><G95/><T43/><D133/><U83/><E83/><V96/><F70/><W24/><G111/><T90/><D101/><N who="1" m="38987" /><E119/><V107/><F107/><W78/><G1/><T5/><D34/><U105/><E93/><N who="2" m="54463" /><F42/><W41/><REACH who="3" step="1"/><G53/><REACH who="3" ten="288,299,234,159" step="2"/><T110/><D110/><U106/><E106/><V69/><F67/><W102/><G102/><T109/><D109/><U31/><E105/><V7/><F112/><W10/><G10/><T12/><D43/><U99/><E99/><V108/><F108/><W17/><G17/><T135/><D135/><U134/><E134/><V84/><F98/><W46/><AGARI ba="1,2" hai="24,25,39,41,45,46,50,52,74,78,80,120,121,122" machi="46" ten="40,7800,0" yaku="1,1,0,1,54,1,53,0" doraHai="27" doraHaiUra="123" who="3" fromWho="3" sc="288,-27,299,-27,234,-27,159,101" /><INIT seed="3,2,0,2,0,19" ten="261,272,207,260" oya="3" hai0="63,106,22,20,41,100,16,89,47,128,17,134,53" hai1="108,113,46,115,77,73,15,102,99,56,31,81,1" hai2="11,84,5,12,35,58,23,64,29,126,40,86,59" hai3="0,14,109,95,3,132,34,122,51,61,76,4,94"/><W114/><G76/><T93/><D106/><U91/><E1/><N who="3" m="586" /><G94/><T74/><D128/><U44/><E108/><V27/><F40/><W135/><G95/><T90/><D134/><N who="3" m="51241" /><G61/><T85/><D74/><U119/><E119/><V72/><F72/><W101/><G51/><N who="0" m="27119" /><D100/><U111/><E111/><V52/><F64/><W87/><G87/><T45/><D90/><U103/><E103/><V75/><F59/><W33/><G101/><T120/><D120/><U107/><E91/><V24/><F75/><W18/><G114/><T118/><D118/><U26/><E56/><V50/><REACH who="2" step="1"/><F126/><REACH who="2" ten="261,272,197,260" step="2"/><W78/><G122/><T37/><D37/><U133/><E133/><V6/><F6/><W131/><G109/><T21/><D63/><U105/><E115/><V70/><F70/><W71/><G71/><T69/><D69/><U48/><E113/><V57/><F57/><W82/><G4/><T68/><D68/><U129/><E107/><V62/><F62/><W49/><G49/><AGARI ba="2,1" hai="16,17,20,21,22,45,49,53,85,89,93" m="27119" machi="49" ten="30,8000,1" yaku="8,1,52,3,54,1" doraHai="19" who="0" fromWho="3" sc="261,96,272,0,197,0,260,-86" /><INIT seed="4,0,0,1,5,5" ten="357,272,197,174" oya="0" hai0="102,115,33,105,76,126,23,125,20,60,131,133,64" hai1="68,99,10,113,70,4,87,9,59,108,61,128,35" hai2="48,26,73,91,80,132,98,135,56,84,2,19,12" hai3="129,78,58,52,50,29,127,118,124,114,17,67,24"/><T93/><D33/><U8/><E108/><V62/><F2/><W69/><G118/><T25/><D105/><U1/><E35/><V28/><F73/><W100/><G78/><T42/><D115/><U18/><E128/><V109/><F48/><W21/><G129/><T90/><D131/><U82/><E113/><V0/><F0/><W74/><G74/><T47/><D76/><U32/><E32/><V111/><F26/><W112/><G100/><T121/><D102/><U30/><E30/><V6/><F6/><W110/><G110/><T38/><D121/><U95/><E70/><V40/><F40/><W107/><G107/><T86/><D133/><N who="2" m="51274" /><F28/><W134/><G134/><T3/><D3/><U66/><E18/><V94/><F56/><W43/><G69/><T53/><D53/><U104/><E68/><V116/><F62/><W14/><G67/><T65/><D65/><U77/><E104/><V75/><F75/><W97/><G97/><T85/><D85/><U27/><E27/><V51/><F51/><W41/><G114/><T119/><D119/><U63/><E63/><V15/><F116/><W39/><G112/><T37/><D37/><U11/><E11/><N who="2" m="6559" /><F15/><W16/><G17/><T54/><D54/><U81/><E81/><V49/><F49/><W130/><G130/><T106/><D106/><U22/><E22/><N who="0" m="8233" /><D25/><U83/><E83/><V96/><F96/><W120/><G120/><T36/><D36/><U101/><AGARI ba="0,0" hai="1,4,8,9,10,59,61,66,77,82,87,95,99,101" machi="101" ten="20,8000,1" yaku="0,1,7,1,52,3" doraHai="5" who="1" fromWho="1" sc="357,-40,272,80,197,-20,174,-20" /><INIT seed="5,0,0,4,3,28" ten="317,352,177,154" oya="1" hai0="94,26,119,68,123,133,18,131,80,126,29,93,42" hai1="61,90,64,38,44,25,69,114,120,36,50,130,41" hai2="108,39,101,106,54,34,128,117,23,9,13,100,1" hai3="66,20,122,37,70,11,105,127,19,75,58,81,118"/><U113/><E90/><V10/><F39/><N who="1" m="14889" /><E25/><V74/><F74/><W85/><G105/><T72/><D80/><U95/><E95/><V59/><F117/><W63/><G127/><T53/><D72/><U2/><E2/><V129/><F34/><W35/><G122/><T115/><D126/><U33/><E33/><V86/><F86/><W3/><G37/><T14/><D26/><U12/><E12/><V22/><F1/><W49/><G75/><T77/><D77/><U27/><E27/><V62/><F9/><W82/><G35/><T135/><D29/><U16/><E16/><N who="2" m="8247" /><F108/><W60/><G118/><T43/><D18/><U31/><E31/><V0/><F0/><W51/><G11/><T4/><D14/><U47/><E120/><V40/><F40/><W125/><G82/><T45/><D119/><U98/><E98/><N who="2" m="61719" /><F101/><W121/><G125/><T71/><D4/><U92/><E92/><V104/><F104/><W17/><G3/><T96/><D123/><U67/><E130/><AGARI ba="0,0" hai="22,23,54,59,62,128,129,130" m="61719,8247" machi="130" ten="30,2000,0" yaku="19,1,54,1" doraHai="28" who="2" fromWho="1" sc="317,0,352,-20,177,20,154,0" /><INIT seed="6,0,0,4,4,84" ten="317,332,197,154" oya="2" hai0="38,106,64,27,55,123,24,21,130,133,30,128,125" hai1="92,12,101,10,48,94,9,61,75,78,134,90,95" hai2="65,98,57,79,67,127,8,33,73,58,70,46,121" hai3="91,54,45,110,63,74,62,80,32,3,43,11,17"/><V77/><F33/><W97/><G32/><T39/><D123/><U14/><E75/><V20/><F121/><W107/><G110/><T114/><D106/><U15/><E78/><N who="2" m="29707" /><F70/><W129/><G129/><N who="0" m="49771" /><D114/><U131/><E134/><V52/><F127/><W60/><G74/><T132/><D125/><U76/><E76/><V83/><F83/><W82/><G107/><T56/><D64/><N who="2" m="24650" /><F8/><N who="1" m="3177" /><E61/><V109/><F109/><W135/><G135/><N who="0" m="51787" /><D27/><U99/><E131/><V86/><F86/><W23/><G11/><T42/><D42/><U35/><E35/><V71/><F71/><W88/><G3/><T105/><D105/><U37/><E15/><V47/><F73/><W5/><G5/><T13/><D13/><U111/><E14/><V40/><F40/><W7/><G7/><T22/><D22/><U31/><E111/><V6/><F6/><W103/><G103/><T89/><D89/><N who="3" m="34377" /><G97/><T100/><D100/><U2/><E101/><V96/><F96/><W36/><G36/><T118/><D118/><U66/><E37/><V19/><F98/><W69/><G43/><T29/><D29/><U117/><E31/><V18/><F19/><W122/><G122/><T93/><D93/><U112/><E95/><V115/><F115/><W49/><G69/><T87/><D87/><U53/><E94/><V119/><F119/><W116/><G116/><T25/><D25/><AGARI ba="0,0" hai="17,23,25,45,49,54,60,62,63,80,82" m="34377" machi="25" ten="30,8000,1" yaku="8,1,52,3,54,1" doraHai="84" who="3" fromWho="0" sc="317,-80,332,0,197,0,154,80" /><INIT seed="7,0,0,4,4,40" ten="237,332,197,234" oya="3" hai0="103,85,30,62,119,13,116,105,121,77,44,86,22" hai1="84,92,19,60,79,12,37,18,45,115,35,39,112" hai2="71,2,25,43,134,6,53,75,95,90,54,65,9" hai3="110,69,10,56,113,52,36,41,135,108,107,28,106"/><W70/><G28/><T125/><D121/><U101/><E45/><V5/><F134/><W34/><G135/><T80/><D125/><U24/><E60/><V104/><F104/><N who="3" m="39979" /><G10/><T82/><D62/><U51/><E51/><V32/><F6/><W93/><G93/><T11/><D105/><U38/><E79/><V89/><F71/><N who="3" m="27147" /><G113/><N who="1" m="43594" /><E12/><V78/><F65/><W126/><G126/><T67/><D103/><U73/><E73/><V100/><F100/><W63/><G41/><T96/><D67/><U111/><E111/><N who="3" m="42538" /><G36/><T20/><D30/><N who="1" m="19911" /><E101/><V97/><F43/><W74/><G74/><T124/><D124/><U17/><E39/><V130/><F32/><AGARI ba="0,0" hai="32,34,52,56,63" m="42538,27147,39979" machi="32" ten="40,3900,0" yaku="10,1,54,1" doraHai="40" who="3" fromWho="2" sc="237,0,332,0,197,-39,234,39" /><INIT seed="7,1,0,3,3,34" ten="237,332,158,273" oya="3" hai0="42,52,66,81,128,97,91,55,18,115,44,127,26" hai1="39,27,65,24,41,19,114,22,3,95,87,23,51" hai2="93,75,132,74,45,123,120,108,73,94,82,8,13" hai3="21,131,1,11,133,49,79,86,62,28,117,68,17"/><W61/><G131/><T113/><D128/><U35/><E3/><V98/><F45/><W99/><G28/><T101/><D66/><U56/><E35/><V60/><F60/><W64/><G49/><N who="0" m="26775" /><D127/><U109/><E114/><N who="0" m="43529" /><D91/><N who="1" m="53759" /><E109/><V54/><F54/><N who="0" m="20522" /><D81/><U103/><E39/><V14/><F108/><W90/><G117/><T40/><D40/><U135/><E41/><V77/><F8/><W2/><G62/><T106/><D26/><U0/><E65/><V83/><F13/><W33/><G33/><T126/><D126/><U46/><E27/><V48/><F14/><W76/><G133/><T25/><D25/><U88/><E24/><V134/><F48/><W29/><G29/><T38/><D38/><U63/><E135/><N who="2" m="51755" /><F83/><W72/><G72/><N who="2" m="27753" /><F98/><W122/><G122/><AGARI ba="1,0" hai="75,77,82,93,94,120,122,123" m="27753,51755" machi="122" ten="40,8000,1" yaku="13,1,20,1,34,2" doraHai="34" who="2" fromWho="3" sc="237,0,332,0,158,83,273,-83" owari="237,-16.0,332,43.0,241,4.0,190,-31.0" /></mjloggm>