<mjloggm ver="2.3"><GO type="41" lobby="0"/><UN n0="%64%65%62" n1="%E3%81%84%E3%81%8B%E3%82%89%E3%81%95" n2="%E2%93%9D%53%75%70%68%78" n3="%E3%82%A8%E3%83%83%E3%83%95%E3%82%A7%E3%83%AB%E5%A1%94" dan="14,13,18,15" rate="1937.08,1992.64,2171.56,2035.10" sx="M,M,M,M"/><TAIKYOKU oya="0"/><INIT seed="0,0,0,4,1,42" ten="250,250,250,250" oya="0" hai0="106,58,65,95,122,103,55,124,102,7,74,78,83" hai1="10,64,53,91,85,112,109,73,98,48,18,90,29" hai2="40,43,1,24,8,54,19,111,47,66,72,23,41" hai3="17,15,69,60,116,133,135,14,121,22,71,75,96"/><T44/><D122/><U16/><E73/><V100/><F111/><W25/><G116/><T4/><D124/><U62/><E109/><V21/><F72/><W104/><G75/><T76/><D106/><U28/><E112/><V128/><F128/><W118/><G118/><T114/><D114/><U32/><E32/><V37/><F66/><W115/><G115/><T68/><D78/><U82/><E98/><V52/><F100/><W46/><G121/><T117/><D117/><U38/><E38/><V80/><F80/><W63/><G96/><T0/><D95/><U125/><E91/><V89/><F89/><W33/><G33/><T36/><D65/><U2/><E2/><V67/><F67/><W88/><G88/><T108/><D68/><U105/><E105/><V59/><F23/><W9/><G104/><T26/><D26/><U126/><E125/><V127/><F54/><W77/><G77/><T50/><D7/><U123/><E18/><V27/><F27/><W84/><G17/><T131/><D108/><U51/><E51/><V81/><F81/><W87/><G25/><T3/><D3/><U61/><E123/><V99/><F99/><W56/><G22/><T6/><D6/><U49/><E49/><N who="2" m="31119" /><F127/><W30/><G71/><T107/><D131/><U129/><E129/><V119/><F119/><W86/><G69/><T45/><D107/><U39/><E39/><V20/><F20/><W92/><G30/><N who="1" m="11882" /><E64/><V94/><F94/><W101/><G92/><T5/><D36/><U35/><E126/><V134/><F134/><W132/><G133/><T79/><D0/><RYUUKYOKU ba="0,0" sc="250,-10,250,-10,250,30,250,-10" hai2="1,8,19,21,24,37,40,41,43,47" /><INIT seed="1,1,0,4,5,50" ten="240,240,280,240" oya="1" hai0="71,135,36,18,51,13,33,14,130,11,123,37,74" hai1="81,114,25,118,99,113,92,105,46,16,32,98,78" hai2="60,79,97,59,12,91,69,5,6,127,68,131,115" hai3="62,126,9,102,22,4,38,94,1,85,122,61,100"/><U19/><E118/><V56/><F131/><W106/><G122/><T28/><D74/><U121/><E121/><V2/><F2/><W57/><G106/><T75/><D75/><U86/><E105/><V89/><F79/><W83/><G126/><T112/><D123/><U44/><E32/><V124/><F12/><W96/><G38/><T107/><D112/><U23/><E19/><V133/><F60/><W120/><G120/><T132/><D71/><U48/><E99/><V125/><F97/><W55/><G22/><T40/><D107/><U21/><E44/><V84/><F84/><W101/><REACH who="3" step="1"/><G62/><REACH who="3" ten="240,240,280,230" step="2"/><T111/><D130/><U58/><E23/><V47/><F127/><W119/><G119/><T108/><D37/><U116/><E116/><V15/><F125/><W87/><G87/><T103/><D36/><U7/><E7/><V63/><F63/><W52/><G52/><T129/><D129/><U93/><E113/><V43/><F124/><W66/><G66/><T54/><D54/><N who="1" m="32071" /><E114/><V20/><F6/><W109/><G109/><T73/><D111/><U104/><E104/><V76/><F5/><W17/><G17/><T27/><D108/><U39/><E98/><V49/><F115/><W35/><G35/><T88/><D73/><U80/><E80/><V65/><F20/><W30/><G30/><T10/><D28/><U3/><E3/><V77/><F65/><W128/><G128/><T29/><D29/><U90/><E78/><AGARI ba="1,1" hai="1,4,9,55,57,61,78,83,85,94,96,100,101,102" machi="78" ten="30,3900,0" yaku="1,1,7,1,52,1,53,0" doraHai="50" doraHaiUra="45" who="3" fromWho="1" sc="240,0,240,-42,280,0,230,52" /><INIT seed="2,0,0,2,4,105" ten="240,198,280,282" oya="2" hai0="109,78,11,92,45,64,128,133,88,25,111,35,112" hai1="47,121,127,116,70,0,49,9,71,96,3,31,93" hai2="36,67,14,33,55,1,129,65,99,91,89,122,102" hai3="56,113,117,42,73,2,76,19,126,17,95,23,119"/><V32/><F122/><W114/><G2/><T15/><D112/><U40/><E121/><V39/><F1/><W84/><G126/><T81/><D128/><U22/><E127/><V50/><F14/><W125/><G125/><T34/><D133/><U41/><E116/><V58/><F129/><W29/><G42/><T97/><D64/><U5/><E0/><V86/><F67/><W130/><G29/><T74/><D45/><U107/><E107/><V26/><F65/><W72/><G56/><T118/><D118/><U13/><E41/><V123/><F91/><W85/><G95/><T108/><REACH who="0" step="1"/><D25/><REACH who="0" ten="230,198,280,282" step="2"/><U135/><E135/><V51/><F26/><W6/><G130/><T28/><D28/><U124/><E124/><V100/><F123/><W18/><G119/><T44/><D44/><U61/><E31/><V59/><F59/><W110/><G117/><T37/><D37/><U62/><E70/><V115/><F39/><W52/><G114/><T21/><D21/><U66/><E71/><V68/><F36/><W134/><G23/><T57/><D57/><U12/><E66/><V90/><F68/><W104/><G113/><T8/><D8/><U120/><E120/><V106/><F115/><W80/><G134/><T60/><D60/><N who="1" m="23147" /><E22/><V63/><F63/><W98/><G19/><AGARI ba="0,1" hai="11,15,19,34,35,74,78,81,88,92,97,108,109,111" machi="19" ten="40,12000,2" yaku="1,1,14,1,52,1,54,1,53,2" doraHai="105" doraHaiUra="30" who="0" fromWho="3" sc="230,130,198,0,280,0,282,-120" /><INIT seed="3,0,0,0,3,7" ten="360,198,280,162" oya="3" hai0="1,33,93,32,45,76,31,104,57,4,127,87,78" hai1="63,15,112,0,83,89,37,67,14,95,71,2,80" hai2="119,100,129,20,58,21,109,41,12,86,53,77,131" hai3="11,43,85,10,98,55,49,66,101,8,79,133,75"/><W96/><G75/><T106/><D45/><U135/><E37/><V121/><F119/><W118/><G118/><T27/><D57/><U22/><E112/><V64/><F109/><W82/><G133/><T25/><D4/><U56/><E135/><V81/><F100/><W91/><G66/><T92/><D127/><U13/><E71/><V36/><F64/><W88/><G43/><T6/><D6/><U40/><E40/><V65/><F65/><W114/><G114/><T28/><REACH who="0" step="1"/><D87/><REACH who="0" ten="350,198,280,162" step="2"/><U110/><E110/><V130/><F130/><W29/><G29/><T23/><D23/><U116/><E116/><V62/><F21/><W16/><G16/><T128/><D128/><U74/><E74/><V51/><F131/><W61/><G61/><T9/><D9/><U108/><E108/><V115/><F62/><W26/><G26/><T17/><D17/><U94/><E0/><AGARI ba="0,1" hai="0,1,25,27,28,31,32,33,76,78,92,93,104,106" machi="0" ten="25,8000,1" yaku="1,1,22,2,53,2" doraHai="7" doraHaiUra="24" who="0" fromWho="1" sc="350,90,198,-80,280,0,162,0" /><INIT seed="4,0,0,5,4,125" ten="440,118,280,162" oya="0" hai0="78,60,77,118,121,63,71,128,14,57,29,31,44" hai1="107,0,124,103,129,43,45,38,95,15,91,116,46" hai2="54,74,16,120,76,52,109,108,10,9,58,19,23" hai3="131,28,53,51,115,11,5,82,97,2,34,89,86"/><T50/><D118/><U42/><E124/><V1/><F120/><W25/><G115/><T47/><D121/><U127/><E116/><V87/><F74/><W110/><G110/><T83/><D128/><U100/><E127/><V7/><F54/><W68/><G97/><T55/><D14/><U88/><E0/><V69/><F69/><W64/><G64/><T119/><D119/><U27/><E27/><V114/><F114/><W20/><G68/><T48/><D71/><U93/><E15/><V32/><F32/><W30/><G131/><T18/><D18/><U96/><E129/><V22/><F109/><W67/><G67/><T70/><D70/><U133/><E133/><V123/><F123/><W3/><G3/><T61/><D57/><U35/><E35/><V113/><F113/><W84/><G84/><T98/><D98/><U104/><REACH who="1" step="1"/><E96/><REACH who="1" ten="440,108,280,162" step="2"/><V62/><F108/><W134/><G134/><T40/><REACH who="0" step="1"/><D78/><REACH who="0" ten="430,108,280,162" step="2"/><U4/><E4/><V85/><F76/><W90/><G5/><T66/><D66/><U12/><E12/><V39/><F7/><W105/><G2/><T37/><D37/><AGARI ba="0,2" hai="37,38,42,43,45,46,88,91,93,95,100,103,104,107" machi="37" ten="25,6400,0" yaku="1,1,22,2,54,1,53,0" doraHai="125" doraHaiUra="132" who="1" fromWho="0" sc="430,-64,108,84,280,0,162,0" /><INIT seed="5,0,0,5,5,108" ten="366,192,280,162" oya="1" hai0="34,2,85,26,28,88,79,96,74,125,131,82,6" hai1="90,3,1,76,39,32,59,68,112,126,51,50,62" hai2="31,84,124,86,135,11,114,101,33,115,134,83,95" hai3="19,60,61,104,5,103,52,111,119,71,120,63,127"/><U100/><E32/><V92/><F11/><W130/><G5/><T8/><D125/><U129/><E126/><V110/><F124/><W69/><G127/><T47/><D131/><U27/><E39/><V38/><F38/><W55/><G19/><T72/><D47/><U36/><E36/><V97/><F110/><W9/><G9/><T67/><D67/><U21/><E129/><V122/><F122/><W133/><G111/><T41/><D41/><U16/><E100/><V89/><F31/><W23/><G23/><T107/><REACH who="0" step="1"/><D88/><REACH who="0" ten="356,192,280,162" step="2"/><U43/><E90/><N who="2" m="51487" /><F33/><W128/><G130/><T40/><D40/><U78/><E43/><V80/><F95/><W13/><G128/><T87/><D87/><U25/><E68/><V105/><F92/><W46/><G46/><T4/><D4/><U123/><E123/><V48/><F48/><N who="1" m="18473" /><E1/><V113/><AGARI ba="0,1" hai="80,86,89,97,101,105,113,114,115,134,135" m="51487" machi="113" ten="40,12000,2" yaku="15,1,11,1,34,2,52,3" doraHai="108" who="2" fromWho="2" sc="356,-30,192,-60,280,130,162,-30" /><INIT seed="6,0,0,0,0,32" ten="326,132,410,132" oya="2" hai0="92,135,29,104,118,102,21,4,94,117,1,48,10" hai1="99,91,16,67,126,93,132,72,43,19,111,45,116" hai2="25,69,83,121,31,7,123,9,105,61,112,2,78" hai3="82,39,40,50,65,130,22,74,107,27,84,8,100"/><V14/><F112/><W75/><G39/><T23/><D135/><U52/><E72/><V57/><F105/><W12/><G130/><T49/><D104/><U28/><E132/><V96/><F96/><W51/><G65/><T26/><D23/><U41/><E116/><N who="0" m="44649" /><D102/><U17/><E111/><V34/><F69/><W38/><G38/><T66/><D66/><U73/><E73/><V60/><F60/><W35/><G35/><T58/><D58/><U114/><E114/><V63/><F63/><W119/><G100/><T42/><D49/><N who="1" m="28719" /><E126/><V77/><F77/><W64/><G64/><T30/><D30/><U106/><E106/><V120/><F61/><W131/><G22/><T124/><D124/><U36/><E36/><V128/><F57/><W0/><G51/><T129/><D129/><U90/><E67/><V79/><F128/><W6/><G50/><T20/><D20/><U68/><E68/><V56/><F56/><W110/><G131/><T13/><D13/><U115/><E115/><V55/><F55/><W15/><G12/><T108/><D108/><U46/><E46/><AGARI ba="0,0" hai="1,4,10,21,26,29,42,46,48,92,94" m="44649" machi="46" ten="30,2000,0" yaku="12,1,52,1" doraHai="32" who="0" fromWho="1" sc="326,20,132,-20,410,0,132,0" /><INIT seed="7,0,0,5,3,58" ten="346,112,410,132" oya="3" hai0="127,15,62,33,73,35,47,0,105,32,48,56,98" hai1="37,39,24,118,120,50,60,16,109,68,79,80,44" hai2="103,20,28,133,101,61,113,34,96,81,5,110,64" hai3="72,43,69,2,29,130,55,107,54,66,42,94,83"/><W135/><G107/><T122/><D127/><U90/><E120/><V67/><F110/><W45/><G2/><T51/><D122/><U108/><E118/><V106/><F67/><W86/><G72/><T92/><D105/><U30/><E90/><V18/><F113/><W14/><G94/><T6/><D73/><U1/><E1/><V121/><F133/><W91/><G135/><T124/><D0/><U36/><E16/><V65/><F65/><W82/><G29/><T13/><D6/><U88/><E68/><V115/><F115/><W104/><G104/><T87/><D87/><U71/><E71/><V52/><F103/><W74/><G14/><T46/><D51/><U3/><E3/><V112/><F112/><W10/><G10/><T26/><D26/><U59/><E88/><V11/><F28/><W21/><G21/><T99/><D47/><U85/><E50/><V40/><F34/><W119/><G119/><T63/><D56/><U93/><E44/><V19/><F20/><W126/><G126/><T89/><D99/><U38/><N who="1" m="9216" /><DORA hai="27" /><U134/><E134/><V75/><F96/><W17/><G74/><T76/><D76/><U128/><E93/><V22/><F75/><W4/><G83/><T132/><D124/><U77/><E77/><V111/><F81/><W70/><G4/><T125/><D132/><U49/><E49/><V97/><F106/><W31/><G31/><T102/><D125/><U100/><E100/><V84/><F101/><W129/><G70/><T41/><D102/><U123/><E123/><V12/><F121/><W78/><G69/><RYUUKYOKU ba="0,0" sc="346,30,112,-10,410,-10,132,-10" hai0="13,15,32,33,35,41,46,48,62,63,89,92,98" owari="376,18.0,102,-40.0,400,50.0,122,-28.0" /></mjloggm>