<mjloggm ver="2.3"><GO type="41" lobby="0"/><UN n0="%E2%93%9D%53%75%70%68%78" n1="%E3%81%8A%E3%81%A3%E3%81%A1%E3%83%BC" n2="%64%65%6E%6F%73%75%6B%65" n3="%4D%61%72%7A%7A%79%34%38" dan="18,15,15,13" rate="2130.11,1999.94,2002.94,1890.02" sx="M,M,M,M"/><TAIKYOKU oya="0"/><INIT seed="0,0,0,3,0,98" ten="250,250,250,250" oya="0" hai0="33,6,78,110,49,30,76,7,75,10,119,32,11" hai1="12,28,87,132,128,71,124,50,9,88,73,123,91" hai2="47,40,103,3,122,85,127,60,22,42,93,2,105" hai3="34,37,54,94,125,52,14,66,135,89,58,111,126"/><T26/><D75/><U121/><E73/><V129/><F122/><W64/><G37/><T20/><D49/><U84/><E71/><V90/><F129/><W77/><G34/><N who="0" m="13419" /><D78/><U95/><E28/><V99/><F127/><N who="3" m="48651" /><G77/><T79/><D79/><U116/><E128/><V57/><F22/><W130/><G130/><T97/><D97/><U74/><E74/><V63/><F42/><W17/><G135/><T15/><D76/><U67/><E132/><V39/><REACH who="2" step="1"/><F60/><REACH who="2" ten="250,250,240,250" step="2"/><N who="3" m="35911" /><G111/><T108/><D119/><U65/><E124/><V134/><F134/><W68/><G68/><T38/><D38/><U45/><E116/><V35/><F35/><W1/><G54/><AGARI ba="0,1" hai="2,3,39,40,47,54,57,63,85,90,93,99,103,105" machi="54" ten="30,3900,0" yaku="1,1,7,1,52,1,53,0" doraHai="98" doraHaiUra="109" who="2" fromWho="3" sc="250,0,250,0,240,49,250,-39" /><INIT seed="1,0,0,3,2,107" ten="250,250,289,211" oya="1" hai0="69,126,36,61,85,62,63,6,102,110,105,92,95" hai1="106,34,94,28,121,64,33,77,91,104,90,128,44" hai2="49,54,31,32,57,39,4,96,27,3,74,29,24" hai3="37,5,84,47,116,89,0,40,9,113,134,117,38"/><U46/><E121/><V129/><F39/><W10/><G113/><T11/><D36/><U65/><E94/><V25/><F129/><W20/><G134/><T2/><D110/><U67/><E77/><V15/><F96/><W112/><G112/><T48/><D126/><U71/><E71/><V78/><F15/><W120/><G120/><T127/><D127/><U124/><E124/><V114/><F114/><W41/><G10/><T42/><D69/><U19/><E19/><V1/><F4/><W109/><G109/><T58/><D105/><N who="1" m="40555" /><E28/><V21/><REACH who="2" step="1"/><F27/><REACH who="2" ten="250,250,279,211" step="2"/><W22/><G38/><T100/><D6/><U75/><E128/><V111/><F111/><W16/><G41/><T12/><D42/><U8/><E8/><V98/><F98/><W50/><G37/><T125/><D125/><U59/><E34/><V103/><F103/><W79/><G79/><T23/><D102/><U101/><E33/><V76/><F76/><W99/><G99/><T52/><D100/><U118/><E101/><V55/><F55/><W131/><G131/><T66/><D11/><U70/><E118/><N who="3" m="45674" /><G16/><N who="0" m="10631" /><D2/><U86/><E91/><V83/><AGARI ba="0,1" hai="1,3,21,24,25,29,31,32,49,54,57,74,78,83" machi="83" ten="30,4000,0" yaku="1,1,0,1,52,1,53,0" doraHai="107" doraHaiUra="82" who="2" fromWho="2" sc="250,-10,250,-20,279,50,211,-10" /><INIT seed="2,0,0,0,0,68" ten="240,230,329,201" oya="2" hai0="132,114,121,48,19,38,76,84,70,29,24,58,97" hai1="72,116,124,21,66,133,17,61,77,80,82,117,69" hai2="88,55,127,73,31,112,95,60,135,12,39,91,122" hai3="52,47,100,3,57,64,14,65,63,113,32,4,71"/><V7/><F122/><W86/><G32/><T36/><D70/><U104/><E104/><V30/><F112/><W18/><G113/><T99/><D114/><U35/><E35/><V15/><F73/><W85/><G100/><T37/><D19/><U0/><E0/><V111/><F135/><W74/><G74/><T83/><D121/><U87/><E124/><V115/><F115/><W92/><G3/><T98/><D132/><U8/><E8/><V20/><F127/><W34/><G34/><T105/><D48/><U94/><E94/><V123/><F39/><W27/><G4/><T130/><D58/><U54/><E54/><V81/><F123/><W42/><G27/><T93/><D130/><U2/><E2/><V62/><F111/><W102/><G85/><T41/><D105/><U101/><E101/><V50/><F15/><W129/><G129/><T125/><D125/><U118/><E133/><V108/><F108/><W44/><G44/><T89/><REACH who="0" step="1"/><D41/><REACH who="0" ten="230,230,329,201" step="2"/><U13/><REACH who="1" step="1"/><E116/><REACH who="1" ten="230,220,329,201" step="2"/><V134/><F134/><W67/><G71/><T43/><D43/><U110/><E110/><V6/><F6/><W46/><G42/><T16/><D16/><U23/><E23/><AGARI ba="0,2" hai="23,24,29,36,37,38,76,83,84,89,93,97,98,99" machi="23" ten="40,8000,1" yaku="1,1,52,3,53,1" doraHai="68" doraHaiUra="75" who="0" fromWho="1" sc="230,100,220,-80,329,0,201,0" /><INIT seed="3,0,0,0,3,64" ten="330,140,329,201" oya="3" hai0="14,68,130,63,72,97,115,3,88,31,36,94,46" hai1="79,102,86,33,57,15,12,93,52,134,76,116,24" hai2="117,100,17,135,7,54,81,38,104,110,66,125,91" hai3="55,58,44,74,41,103,98,75,0,65,61,22,128"/><W37/><G128/><T101/><D3/><U9/><E116/><V1/><F110/><W20/><G0/><T11/><D72/><U32/><E134/><V83/><F117/><W27/><G22/><T60/><D115/><U19/><E15/><V48/><F38/><W2/><G2/><T111/><D111/><U73/><E73/><V99/><F135/><W56/><G56/><T109/><D68/><U13/><E13/><V78/><F125/><W119/><G119/><T126/><D126/><U69/><E69/><V50/><F1/><W18/><REACH who="3" step="1"/><G55/><REACH who="3" ten="330,140,329,191" step="2"/><T4/><D130/><U26/><E33/><V40/><F54/><W45/><G45/><T114/><D109/><U124/><E32/><V71/><F40/><W25/><G25/><T132/><D132/><U8/><E124/><V131/><F131/><W92/><AGARI ba="0,1" hai="18,20,27,37,41,44,58,61,65,74,75,92,98,103" machi="92" ten="20,3900,0" yaku="1,1,0,1,7,1,53,0" doraHai="64" doraHaiUra="129" who="3" fromWho="3" sc="330,-13,140,-13,329,-13,191,49" /><INIT seed="3,1,0,3,0,108" ten="317,127,316,240" oya="3" hai0="5,84,110,80,78,56,65,31,19,129,33,26,37" hai1="17,55,27,14,113,63,123,47,4,18,69,135,81" hai2="102,70,38,106,86,91,66,119,6,107,99,8,104" hai3="117,29,49,12,96,3,79,62,93,32,40,87,22"/><W30/><G3/><T39/><D110/><U35/><E123/><V44/><F119/><W116/><G32/><T48/><D129/><U82/><E135/><V71/><F86/><W54/><G117/><T75/><D5/><U122/><E122/><V134/><F91/><W97/><G116/><T50/><D75/><U73/><E4/><V125/><F125/><W11/><G40/><T76/><D76/><U59/><E69/><V121/><F121/><W128/><G128/><T95/><D19/><U42/><E113/><V7/><F7/><W61/><G96/><T25/><D25/><U16/><E14/><V53/><F53/><W36/><G36/><T98/><D50/><U130/><E130/><V112/><F134/><W1/><G1/><T34/><D34/><U115/><E115/><V92/><F112/><W51/><G51/><T109/><D109/><U118/><E118/><V133/><F133/><W68/><G87/><T15/><D15/><U131/><E131/><V20/><F20/><W105/><G105/><N who="2" m="40553" /><F92/><W100/><G79/><T57/><D39/><U64/><E73/><V24/><F24/><N who="3" m="16535" /><G30/><T43/><D37/><U85/><E64/><V74/><F74/><W13/><G68/><T90/><REACH who="0" step="1"/><D65/><REACH who="0" ten="307,127,316,240" step="2"/><U60/><E60/><N who="3" m="23146" /><G11/><T101/><D101/><U103/><E103/><V88/><F66/><W83/><G83/><T28/><D28/><N who="1" m="19871" /><E85/><V126/><F71/><W21/><G21/><T2/><D2/><U94/><E94/><V120/><F70/><W45/><AGARI ba="1,1" hai="12,13,45,49,54,93,97,100" m="23146,16535" machi="45" ten="30,1500,0" yaku="8,1" doraHai="108" who="3" fromWho="3" sc="307,-6,127,-6,316,-6,240,28" /><INIT seed="3,2,0,3,0,15" ten="301,121,310,268" oya="3" hai0="74,120,13,40,38,17,37,2,64,1,104,108,32" hai1="49,124,4,14,80,50,88,45,82,130,89,67,118" hai2="44,56,7,30,24,110,19,121,60,95,33,23,71" hai3="100,18,16,29,84,117,5,78,69,57,41,27,28"/><W51/><G69/><T11/><D120/><U112/><E112/><V25/><F110/><W73/><G73/><T9/><D104/><U105/><E105/><V128/><F71/><W109/><G117/><T62/><D32/><U122/><E122/><V86/><F128/><W48/><G109/><T132/><D108/><U94/><E130/><V96/><F7/><W8/><G100/><T111/><D132/><U66/><E124/><V101/><F121/><W59/><G5/><T126/><D74/><U61/><E118/><V3/><F3/><W52/><G8/><T116/><D111/><U81/><E61/><V85/><F44/><N who="3" m="25615" /><G59/><T119/><D126/><U70/><E70/><V10/><F10/><W53/><G53/><AGARI ba="2,0" hai="19,23,24,25,30,33,53,56,60,85,86,95,96,101" machi="53" ten="30,2000,0" yaku="7,1,52,1" doraHai="15" who="2" fromWho="3" sc="301,0,121,0,310,26,268,-26" /><INIT seed="4,0,0,0,3,124" ten="301,121,336,242" oya="0" hai0="127,87,128,105,62,72,77,54,112,39,73,2,90" hai1="64,45,82,21,97,98,114,133,58,100,78,57,115" hai2="47,120,4,59,34,81,85,88,109,36,56,129,53" hai3="26,55,89,19,75,43,30,33,108,8,61,130,9"/><T99/><D2/><U24/><E133/><V12/><F34/><W126/><G75/><T92/><D39/><U16/><E45/><V106/><F109/><W29/><G108/><T20/><D127/><U37/><E37/><V6/><F106/><W51/><G126/><T83/><D112/><N who="1" m="43051" /><E64/><V10/><F120/><W13/><G43/><T35/><D35/><U110/><E110/><V84/><F36/><W104/><G104/><T23/><D128/><U116/><E116/><V63/><F129/><W119/><G130/><T135/><D135/><U94/><E98/><V5/><F47/><W67/><G30/><T48/><D62/><U74/><AGARI ba="0,0" hai="16,21,24,57,58,74,78,82,94,97,100" m="43051" machi="74" ten="30,4000,0" yaku="15,1,11,1,54,1" doraHai="124" who="1" fromWho="1" sc="301,-20,121,40,336,-10,242,-10" /><INIT seed="5,0,0,1,4,124" ten="281,161,326,232" oya="1" hai0="52,85,133,14,87,73,106,2,123,129,89,13,91" hai1="117,27,31,71,6,70,81,101,19,125,80,28,36" hai2="45,1,110,97,22,100,69,33,48,92,34,121,107" hai3="102,135,119,84,72,59,37,54,67,55,128,132,65"/><U122/><E117/><V96/><F1/><W88/><G72/><T53/><D73/><U127/><E122/><V61/><F110/><W12/><G119/><T75/><D75/><U7/><E36/><V116/><F116/><W93/><G37/><T114/><D106/><U126/><E101/><V103/><F121/><W79/><G79/><T29/><D2/><U17/><E125/><V49/><F22/><W11/><G102/><T20/><D133/><N who="3" m="51273" /><G55/><T120/><D20/><U74/><E74/><V112/><F112/><W63/><G128/><T82/><D29/><U15/><E15/><V98/><F98/><W4/><AGARI ba="0,0" hai="4,11,12,54,59,63,65,67,84,88,93" m="51273" machi="4" ten="30,2000,0" yaku="20,1,54,1" doraHai="124" who="3" fromWho="3" sc="281,-5,161,-10,326,-5,232,20" /><INIT seed="6,0,0,5,3,18" ten="276,151,321,252" oya="2" hai0="116,113,91,15,5,60,69,28,130,122,54,80,81" hai1="23,55,95,131,25,134,50,87,43,88,120,61,97" hai2="17,78,42,30,56,47,89,0,70,38,21,100,74" hai3="133,94,124,52,129,63,19,64,59,41,20,99,127"/><V72/><F30/><W65/><G133/><T12/><D122/><U118/><E118/><V2/><F100/><W111/><G111/><T96/><D113/><U31/><E134/><V37/><F70/><W4/><G4/><T105/><D130/><U93/><E120/><V7/><F89/><N who="3" m="55759" /><G41/><T11/><D105/><U75/><E75/><V73/><F56/><W102/><G102/><T6/><D28/><U110/><E110/><V117/><F78/><W79/><G79/><T108/><D116/><U10/><E131/><V53/><F53/><W32/><G32/><T98/><D69/><U3/><E3/><V77/><F77/><W29/><G29/><T109/><D54/><U48/><E10/><V107/><F107/><W121/><G121/><T13/><D11/><U34/><E34/><V39/><F117/><W26/><G129/><T68/><D68/><U45/><E61/><V84/><F84/><W125/><AGARI ba="0,0" hai="19,20,26,52,59,63,64,65,124,125,127" m="55759" machi="125" ten="30,7900,0" yaku="25,1,18,1,52,1,54,1" doraHai="18" who="3" fromWho="3" sc="276,-20,151,-20,321,-39,252,79" /><INIT seed="7,0,0,1,4,13" ten="256,131,282,331" oya="3" hai0="66,19,113,24,40,115,9,132,87,52,33,97,100" hai1="15,67,83,37,82,61,5,64,69,32,46,123,77" hai2="116,35,110,120,17,101,81,86,129,78,51,124,44" hai3="98,0,76,63,68,127,31,108,39,58,89,88,38"/><W105/><G0/><T22/><D40/><U80/><E123/><V2/><F110/><W3/><G3/><T59/><D132/><U53/><E32/><V85/><F116/><W60/><G108/><T45/><D33/><U65/><E77/><V56/><F2/><W104/><G76/><T130/><D130/><U117/><E117/><V43/><F35/><W79/><G79/><T26/><D66/><U107/><E107/><V6/><F6/><W8/><G31/><T84/><D45/><U11/><E37/><V71/><F71/><W27/><G27/><T55/><D9/><U90/><E90/><V94/><F124/><W73/><G8/><T57/><D97/><U92/><E92/><V25/><F129/><W1/><G1/><T112/><D100/><U111/><E111/><V4/><F4/><W36/><G98/><T121/><D26/><U7/><E69/><V134/><F134/><W103/><G103/><T72/><D72/><U118/><E118/><V133/><F133/><W93/><G93/><T106/><D106/><U128/><E128/><V12/><F25/><W135/><G73/><T99/><D99/><U16/><REACH who="1" step="1"/><E46/><REACH who="1" ten="256,121,282,331" step="2"/><V34/><F34/><W102/><G105/><T30/><D121/><U126/><E126/><V14/><F120/><W49/><G127/><T114/><D114/><U70/><E70/><V95/><F56/><AGARI ba="0,1" hai="5,7,11,15,16,53,56,61,64,65,67,80,82,83" machi="56" ten="40,8000,1" yaku="1,1,8,1,52,1,54,1,53,0" doraHai="13" doraHaiUra="91" who="1" fromWho="2" sc="256,0,121,90,282,-80,331,0" owari="256,6.0,211,-19.0,202,-30.0,331,43.0" /></mjloggm>