<mjloggm ver="2.3"><GO type="41" lobby="0"/><UN n0="%E5%B9%B3%E6%89%93%E3%81%A1" n1="%E2%93%9D%53%75%70%68%78" n2="%E3%83%94%E3%83%8E%E3%82%AD%E3%83%B2" n3="%73%63%61%74%74%61%72%6F" dan="14,17,14,13" rate="2021.46,2031.64,1936.99,1912.08" sx="M,M,F,M"/><TAIKYOKU oya="0"/><INIT seed="0,0,0,0,5,42" ten="250,250,250,250" oya="0" hai0="4,65,119,35,34,76,78,8,15,80,45,70,93" hai1="122,114,53,26,50,100,111,135,2,72,19,101,13" hai2="127,44,55,116,18,91,83,133,67,84,37,28,17" hai3="124,46,60,117,0,121,106,90,41,107,56,126,85"/><T98/><D119/><U74/><E2/><V132/><F67/><W75/><G117/><T82/><D70/><U32/><E122/><V99/><F116/><W103/><G121/><T105/><D105/><U112/><E111/><V24/><F99/><W129/><G75/><T102/><D65/><U118/><E135/><V62/><F127/><N who="3" m="48683" /><G103/><T9/><D9/><U7/><E7/><V63/><F18/><W48/><G0/><T5/><D5/><U69/><E101/><V11/><F17/><W30/><G30/><T64/><D64/><U92/><E74/><V71/><F71/><W61/><G129/><T97/><D97/><U47/><E72/><V40/><F11/><W22/><G22/><T68/><D68/><U104/><E104/><N who="3" m="39978" /><G56/><T57/><D57/><U128/><E128/><V79/><F55/><W16/><G16/><T52/><D76/><U20/><E118/><V109/><F109/><W134/><G134/><N who="2" m="51817" /><F79/><W59/><G59/><T51/><REACH who="0" step="1"/><D80/><AGARI ba="0,0" hai="41,46,48,60,61,80,85,90" m="39978,48683" machi="80" ten="30,2000,0" yaku="18,1,52,1" doraHai="42" who="3" fromWho="0" sc="250,-20,250,0,250,0,250,20" /><INIT seed="1,0,0,2,2,65" ten="230,250,250,270" oya="1" hai0="21,134,116,19,135,24,13,71,55,104,130,52,6" hai1="88,120,122,45,117,64,87,84,80,99,56,114,86" hai2="57,100,77,3,42,60,30,70,82,36,31,108,111" hai3="90,76,97,0,132,40,105,46,50,22,81,115,44"/><U66/><E114/><V95/><F3/><W113/><G0/><T49/><D104/><U20/><E117/><V15/><F36/><W133/><G22/><T5/><D116/><U126/><E126/><V93/><F42/><W33/><G33/><T118/><D118/><U37/><E37/><V41/><F41/><W14/><G14/><T51/><D130/><U35/><E35/><V47/><F47/><W9/><G9/><T58/><D71/><U26/><E45/><V12/><F70/><W10/><G10/><T53/><D13/><U125/><E125/><V96/><F95/><W28/><G28/><T39/><D39/><U128/><E128/><V48/><F48/><W16/><G46/><T131/><D131/><U59/><E122/><V98/><F98/><W89/><G89/><T85/><D85/><N who="1" m="32843" /><E99/><V74/><F31/><W94/><G105/><T63/><D5/><U61/><E120/><V54/><REACH who="2" step="1"/><F30/><REACH who="2" ten="230,250,240,270" step="2"/><W72/><REACH who="3" step="1"/><G16/><REACH who="3" ten="230,250,240,260" step="2"/><T27/><D6/><U92/><E92/><V112/><F112/><AGARI ba="0,2" hai="40,44,50,72,76,81,90,94,97,112,113,115,132,133" machi="112" ten="40,5200,0" yaku="1,1,2,1,53,1" doraHai="65" doraHaiUra="107" who="3" fromWho="2" sc="230,0,250,0,240,-52,260,72" /><INIT seed="2,0,0,1,2,12" ten="230,250,188,332" oya="2" hai0="71,43,102,29,42,53,92,83,14,82,105,48,38" hai1="76,45,98,10,54,50,119,127,135,3,16,116,75" hai2="51,84,94,79,7,21,96,104,62,114,19,36,33" hai3="60,63,1,39,99,113,132,18,87,123,115,28,65"/><V133/><F114/><N who="3" m="43531" /><G123/><T40/><D71/><U106/><E127/><V44/><F33/><W49/><G39/><T27/><D38/><U37/><E135/><V93/><F36/><W35/><G132/><T9/><D105/><U72/><E3/><V23/><F133/><W52/><G1/><T117/><D117/><U22/><E10/><V108/><F108/><W86/><G99/><T90/><D102/><U31/><E31/><V112/><F112/><W91/><G18/><T6/><D27/><U26/><E37/><V74/><F74/><W128/><G128/><T95/><D29/><U59/><E76/><V122/><F122/><W107/><G107/><T129/><D129/><U134/><E134/><V64/><F7/><W100/><G100/><T32/><D32/><U69/><E69/><V88/><F79/><W61/><G91/><T77/><D77/><U67/><E106/><V120/><F120/><W55/><G65/><T121/><D121/><U89/><E119/><V73/><F73/><W47/><G55/><T70/><D70/><U110/><E110/><V41/><F104/><W25/><AGARI ba="0,0" hai="25,28,35,47,49,52,60,61,63,86,87" m="43531" machi="25" ten="40,2700,0" yaku="11,1,54,1" doraHai="12" who="3" fromWho="3" sc="230,-7,250,-7,188,-13,332,27" /><INIT seed="3,0,0,5,5,46" ten="223,243,175,359" oya="3" hai0="77,11,124,54,90,129,104,31,47,29,88,42,112" hai1="63,118,101,58,135,56,14,17,57,4,69,5,40" hai2="6,122,7,78,92,51,27,114,49,44,126,75,3" hai3="2,130,21,85,83,55,64,41,50,89,65,99,125"/><W71/><G2/><T68/><D68/><U97/><E135/><V106/><F114/><W132/><G132/><T12/><D104/><U30/><E118/><V36/><F106/><W81/><G41/><T121/><D121/><U73/><E73/><V113/><F113/><W111/><G130/><T70/><D70/><U26/><E40/><V105/><F105/><W128/><G128/><T82/><D112/><U0/><E0/><V66/><F126/><W53/><G125/><T48/><D129/><U45/><E45/><V120/><F66/><W119/><G119/><T9/><D124/><U22/><E69/><V67/><F67/><N who="3" m="25675" /><G71/><T62/><D11/><U23/><REACH who="1" step="1"/><E63/><REACH who="1" ten="223,233,175,359" step="2"/><V18/><F3/><W110/><G55/><T86/><D62/><U52/><E52/><V87/><F75/><W94/><G21/><T16/><D54/><U102/><E102/><V10/><F44/><N who="3" m="27847" /><G99/><T134/><D134/><U33/><E33/><V60/><F60/><W24/><G24/><T103/><D103/><U108/><E108/><AGARI ba="0,1" hai="81,83,85,89,94,108,110,111" m="27847,25675" machi="108" ten="30,5800,0" yaku="14,1,10,1,52,1" doraHai="46" who="3" fromWho="1" sc="223,0,233,-58,175,0,359,68" /><INIT seed="3,1,0,5,3,135" ten="223,175,175,427" oya="3" hai0="125,39,70,96,60,97,14,105,31,98,30,82,117" hai1="121,20,54,58,44,13,1,77,28,81,22,23,115" hai2="57,72,78,50,29,83,132,94,0,75,49,130,25" hai3="9,128,47,131,108,67,11,86,69,73,84,65,56"/><W92/><G73/><T101/><D39/><U103/><E121/><V10/><F132/><W2/><G69/><T35/><D117/><U107/><E1/><V134/><F134/><W38/><G92/><T114/><D114/><U32/><E115/><V116/><F116/><W127/><G56/><T95/><D82/><U91/><E44/><V17/><F130/><W80/><G80/><T51/><D51/><U111/><E111/><V112/><F112/><W53/><G47/><T118/><D118/><U4/><E91/><V106/><F106/><W36/><G53/><T120/><D120/><U85/><E32/><V24/><F75/><W99/><G99/><T109/><D109/><U55/><E28/><V119/><F119/><W18/><G108/><T6/><D31/><U64/><E103/><V89/><F0/><W21/><G2/><T124/><D96/><U68/><E68/><V27/><F29/><W16/><G21/><T33/><D30/><U76/><E76/><V61/><F10/><W74/><G74/><T42/><D42/><U3/><E3/><V46/><F17/><W66/><G66/><N who="0" m="41287" /><D97/><U104/><E64/><V123/><F123/><W19/><G18/><T40/><D40/><U41/><E41/><V52/><REACH who="2" step="1"/><F46/><REACH who="2" ten="223,175,165,427" step="2"/><W48/><G48/><T110/><D110/><U100/><E107/><V71/><F71/><W90/><G90/><T59/><D105/><U102/><E104/><V5/><F5/><W45/><G45/><T8/><D59/><U79/><E58/><V126/><F126/><AGARI ba="1,1" hai="9,11,16,19,36,38,65,67,84,86,126,127,128,131" machi="126" ten="25,12000,1" yaku="22,2,52,2,54,1" doraHai="135" who="3" fromWho="2" sc="223,0,175,0,165,-123,427,133" /><AGARI ba="1,0" hai="6,8,14,33,35,95,98,101,124,125,126" m="41287" machi="126" ten="30,7700,0" yaku="18,1,52,3" doraHai="135" who="0" fromWho="2" sc="223,77,175,0,42,-77,560,0" owari="300,10.0,175,-22.0,-35,-54.0,560,66.0" /></mjloggm>