<mjloggm ver="2.3"><GO type="41" lobby="0"/><UN n0="%E9%96%83%E5%85%89" n1="%E3%83%A8%E3%82%B7%E3%82%B9%E3%83%88%E3%82%A5%E3%83%BC%E3%82%BF" n2="%E3%82%BF%E3%83%83%E3%83%84%E3%83%B3%EF%BC%A0%E3%83%A6%E3%83%BC%E3%82%BA" n3="%E2%93%9D%53%75%70%68%78" dan="16,14,15,18" rate="2100.37,1871.44,2073.43,2127.46" sx="M,M,M,M"/><TAIKYOKU oya="0"/><INIT seed="0,0,0,1,4,107" ten="250,250,250,250" oya="0" hai0="132,34,124,73,82,101,87,54,24,11,52,67,2" hai1="102,93,75,51,27,71,46,118,70,8,30,122,0" hai2="28,85,7,129,76,115,61,16,63,98,113,33,12" hai3="99,78,26,64,18,128,120,53,127,111,92,123,80"/><T35/><D124/><U44/><E75/><V62/><F129/><W104/><G64/><T94/><D132/><U60/><E122/><N who="3" m="46634" /><G53/><T86/><D67/><U38/><E38/><V72/><F7/><W48/><G48/><T17/><D73/><U96/><E44/><V74/><F98/><W79/><G18/><T56/><D54/><U114/><E60/><V121/><F121/><W88/><G26/><T1/><D35/><U65/><E65/><V39/><F39/><W41/><G41/><T57/><D57/><U100/><E118/><V36/><F36/><W134/><G111/><T22/><D34/><U106/><E114/><V126/><F126/><W45/><G45/><T133/><D133/><U110/><E110/><V5/><F5/><W83/><G128/><T95/><D101/><U69/><E106/><V13/><F13/><W125/><G104/><T135/><D135/><U20/><E8/><V84/><F115/><W59/><G59/><T32/><D32/><U55/><REACH who="1" step="1"/><E0/><REACH who="1" ten="250,240,250,250" step="2"/><V68/><F113/><W81/><G134/><T108/><D108/><U130/><E130/><V90/><F68/><W15/><G15/><T9/><D2/><U119/><E119/><V131/><F131/><W49/><G49/><N who="0" m="30735" /><D1/><U42/><E42/><V10/><F61/><W91/><G127/><T40/><D40/><U43/><E43/><V109/><F62/><W103/><G125/><T31/><D11/><U3/><E3/><V58/><F10/><W50/><G50/><T4/><D9/><U97/><E97/><V25/><F33/><W47/><G47/><T37/><D37/><RYUUKYOKU ba="0,1" sc="250,-15,240,15,250,-15,250,15" hai1="20,27,30,46,51,55,69,70,71,93,96,100,102" hai3="78,79,80,81,83,88,91,92,99,103" /><INIT seed="1,1,1,5,2,127" ten="235,255,235,265" oya="1" hai0="57,106,114,1,85,27,6,25,32,2,37,132,26" hai1="120,44,68,123,11,16,86,101,108,9,18,22,130" hai2="40,48,69,46,45,78,36,93,125,105,19,29,102" hai3="110,12,47,33,63,82,15,80,43,24,13,111,73"/><U92/><E68/><V30/><F69/><W113/><G113/><T56/><D106/><U131/><E108/><N who="3" m="41514" /><G73/><T104/><D104/><U71/><E71/><V55/><F105/><W52/><G33/><T49/><D114/><U58/><E18/><V10/><F125/><W133/><G24/><T23/><D37/><U35/><E35/><V42/><F78/><W115/><G133/><T17/><D132/><U79/><E44/><V75/><F75/><W0/><G0/><T28/><D85/><U34/><E34/><V70/><F70/><W117/><G117/><T60/><D26/><U122/><E58/><V31/><F40/><W116/><G116/><T119/><D119/><U77/><E101/><V103/><F93/><W100/><G100/><T95/><D95/><U135/><E135/><V94/><F94/><W41/><G115/><T8/><D49/><U54/><E54/><V83/><F83/><N who="3" m="31787" /><G63/><T134/><D134/><U89/><E9/><V66/><F66/><W51/><AGARI ba="1,1" hai="12,13,15,41,43,47,51,52" m="31787,41514" machi="51" ten="40,2700,0" yaku="14,1,54,1" doraHai="127" who="3" fromWho="3" sc="235,-8,255,-14,235,-8,265,40" /><INIT seed="2,0,0,3,0,4" ten="227,241,227,305" oya="2" hai0="102,118,56,44,82,112,45,33,55,0,98,17,110" hai1="42,70,6,2,9,88,20,96,50,123,66,68,92" hai2="135,18,71,103,101,26,79,117,90,60,51,65,40" hai3="36,11,5,8,23,57,1,104,3,77,43,15,49"/><V100/><F117/><W91/><G104/><T121/><D110/><U107/><E123/><V73/><F135/><W119/><G119/><T63/><D112/><U116/><E116/><V19/><F90/><W80/><G91/><T69/><D121/><U111/><E66/><V89/><F89/><W74/><G23/><T122/><D122/><U41/><E41/><V62/><F62/><W24/><G24/><T83/><D33/><U85/><E111/><V13/><F26/><W27/><G27/><T61/><D0/><U14/><E96/><V109/><F109/><W97/><G97/><T47/><D118/><U39/><E39/><V132/><F132/><W22/><G22/><T120/><D120/><U52/><E42/><V67/><F67/><W127/><G127/><T76/><D17/><U99/><E14/><V128/><F128/><W25/><G25/><T78/><D69/><U133/><E20/><V64/><F64/><W114/><G114/><T21/><D63/><U37/><E37/><V28/><F28/><W94/><G94/><T54/><D54/><U30/><E30/><V58/><F71/><W32/><G32/><T106/><D21/><U130/><E130/><V134/><F134/><W29/><G29/><T126/><D126/><U34/><E34/><V59/><F13/><W105/><G105/><T10/><D10/><U131/><E131/><V81/><REACH who="2" step="1"/><F40/><REACH who="2" ten="227,241,217,305" step="2"/><W35/><G43/><T46/><D61/><U124/><E124/><V113/><F113/><W31/><G31/><T86/><D78/><U84/><E133/><V16/><F16/><W38/><G35/><RYUUKYOKU ba="0,1" sc="227,-10,241,-10,217,30,305,-10" hai2="18,19,51,58,59,60,65,73,79,81,100,101,103" /><INIT seed="2,1,1,5,2,100" ten="217,231,247,295" oya="2" hai0="7,111,63,1,31,83,113,84,40,89,80,110,76" hai1="91,135,96,74,37,120,36,13,112,128,29,102,125" hai2="81,77,62,92,22,41,56,28,101,17,94,44,12" hai3="75,39,55,116,64,67,23,118,52,69,33,65,24"/><V5/><F101/><W104/><G75/><T6/><D113/><U90/><E36/><V38/><F28/><W71/><G33/><T54/><D40/><U34/><E34/><V59/><F5/><W3/><G3/><T117/><D117/><N who="3" m="45161" /><G23/><T88/><D31/><U86/><E37/><V99/><F99/><W121/><G24/><T32/><D32/><U25/><E13/><V0/><F0/><W134/><G104/><T27/><D27/><U108/><E29/><V68/><F68/><N who="3" m="26187" /><G134/><T19/><D19/><U133/><E25/><V43/><F43/><W21/><G21/><T45/><D89/><U93/><E112/><V124/><F124/><W87/><G87/><T131/><D1/><U78/><E120/><V50/><F38/><W58/><G39/><T127/><D127/><U115/><E115/><V57/><REACH who="2" step="1"/><F62/><REACH who="2" ten="217,231,237,295" step="2"/><N who="3" m="36167" /><G121/><T47/><D7/><U85/><E125/><V114/><F114/><W66/><G66/><T49/><D6/><U123/><E123/><V2/><F2/><W53/><AGARI ba="1,2" hai="53,55,64,65,67" m="36167,26187,45161" machi="53" ten="40,5200,0" yaku="34,2,54,1" doraHai="100" who="3" fromWho="3" sc="217,-14,231,-14,237,-27,295,75" /><INIT seed="3,0,0,1,5,44" ten="203,217,210,370" oya="3" hai0="101,97,103,127,64,19,59,128,119,126,8,38,67" hai1="109,34,6,114,53,118,86,81,14,89,134,102,98" hai2="63,49,78,0,29,105,56,33,52,1,121,106,96" hai3="24,84,21,5,32,23,7,83,87,51,46,120,133"/><W74/><G120/><T36/><D119/><U66/><E34/><V69/><F121/><W26/><G32/><T17/><D59/><U92/><E109/><V2/><F78/><W68/><G74/><T65/><D8/><U18/><E114/><V94/><F29/><W15/><G133/><T117/><D97/><U55/><E134/><V90/><F33/><W42/><G68/><T57/><D57/><U47/><E6/><N who="3" m="2058" /><G15/><T93/><D93/><U115/><E115/><V125/><REACH who="2" step="1"/><F125/><REACH who="2" ten="203,217,200,370" step="2"/><W76/><G87/><T82/><D117/><U39/><E118/><V3/><N who="2" m="0" /><DORA hai="9" /><V37/><F37/><W12/><G23/><T27/><D38/><U95/><E39/><V110/><F110/><W116/><G116/><T11/><D36/><U77/><E66/><AGARI ba="0,1" hai="49,52,56,63,66,69,90,94,96,105,106" m="0" machi="66" ten="70,8000,1" yaku="1,1,52,1,54,1,53,0" doraHai="44,9" doraHaiUra="131,20" who="2" fromWho="1" sc="203,0,217,-80,200,90,370,0" /><INIT seed="4,0,0,4,4,92" ten="203,137,290,370" oya="0" hai0="125,101,42,122,69,104,133,53,111,94,75,15,90" hai1="31,96,126,93,107,28,16,81,10,103,100,77,59" hai2="40,135,109,130,30,49,102,14,63,106,11,87,36" hai3="8,88,99,71,120,26,105,89,73,32,24,7,97"/><T64/><D122/><U38/><E38/><V98/><F109/><W25/><G73/><T47/><D111/><U128/><E128/><V46/><F135/><W83/><G71/><T4/><D133/><U35/><E35/><V79/><F130/><W45/><G105/><T116/><D75/><U0/><E0/><V20/><F63/><W76/><G32/><T95/><D116/><U127/><E103/><V29/><F36/><W119/><G119/><T18/><D125/><U51/><E107/><V132/><F20/><W70/><G70/><T44/><D4/><U110/><E110/><V43/><F43/><W68/><G68/><T13/><D104/><U48/><E48/><V1/><F1/><W54/><G76/><T123/><D123/><U22/><E10/><V9/><F9/><W23/><G23/><T19/><D64/><U56/><E56/><V21/><F21/><W3/><G120/><T115/><D69/><U2/><E2/><V129/><F129/><W74/><G74/><T121/><D121/><U52/><E127/><V84/><F84/><W50/><REACH who="3" step="1"/><G83/><REACH who="3" ten="203,137,290,360" step="2"/><T27/><D115/><U86/><REACH who="1" step="1"/><E126/><REACH who="1" ten="203,127,290,360" step="2"/><V17/><F132/><W67/><G67/><T33/><D33/><U72/><E72/><V113/><F113/><W6/><G6/><T66/><D66/><U65/><E65/><V62/><F106/><W114/><G114/><T124/><D124/><U118/><E118/><V82/><F11/><W80/><G80/><T134/><D134/><U58/><E58/><V131/><F82/><W5/><G5/><T12/><D47/><U117/><E117/><RYUUKYOKU ba="0,2" sc="203,-15,127,15,290,-15,360,15" hai1="16,22,28,31,51,52,59,77,81,86,93,96,100" hai3="3,7,8,24,25,26,45,50,54,88,89,97,99" /><INIT seed="5,1,2,4,2,83" ten="188,142,275,375" oya="1" hai0="60,96,17,121,64,43,20,70,131,33,73,75,62" hai1="80,97,105,115,4,123,13,39,110,129,52,81,37" hai2="23,72,134,99,36,30,42,35,135,103,79,122,78" hai3="106,132,38,41,124,65,109,7,27,47,51,6,104"/><U95/><E123/><V100/><F35/><W68/><G109/><T59/><D121/><U84/><E110/><V89/><F36/><W55/><G132/><N who="2" m="50729" /><F42/><W98/><G124/><T130/><D33/><U44/><E81/><N who="2" m="45255" /><F23/><W56/><G27/><T49/><D96/><U9/><E105/><N who="3" m="40554" /><G98/><T2/><D2/><U54/><E129/><N who="0" m="49161" /><D49/><U50/><E115/><V126/><F30/><W3/><G3/><T22/><D43/><U14/><E14/><V16/><F16/><W11/><G11/><T87/><D87/><U15/><E15/><V21/><F21/><N who="0" m="8298" /><D17/><U69/><E69/><V58/><F58/><W127/><G127/><T5/><D5/><U40/><E37/><V85/><F126/><W92/><G7/><T114/><D114/><U88/><REACH who="1" step="1"/><E39/><REACH who="1" ten="188,132,275,375" step="2"/><V128/><F122/><W28/><G38/><T113/><D113/><U46/><E46/><V48/><F128/><W107/><G47/><T91/><D91/><AGARI ba="1,3" hai="4,9,13,40,44,50,52,54,80,84,88,91,95,97" machi="91" ten="30,18000,2" yaku="1,1,7,1,8,1,52,1,54,2,53,0" doraHai="83" doraHaiUra="101" who="1" fromWho="0" sc="188,-183,132,213,275,0,375,0" /><INIT seed="5,2,0,0,0,129" ten="5,345,275,375" oya="1" hai0="28,77,96,120,111,17,4,62,117,56,6,52,108" hai1="74,99,31,43,125,54,25,33,112,75,21,94,61" hai2="100,84,64,103,135,131,70,29,69,83,44,98,51" hai3="115,18,80,101,40,1,34,42,58,130,49,123,26"/><U16/><E112/><V45/><F29/><W3/><G123/><T122/><D77/><U60/><E125/><V105/><F131/><W127/><G101/><T72/><D72/><U104/><E104/><V113/><F103/><W47/><G42/><T124/><D28/><U35/><E61/><V134/><F113/><W132/><G127/><T13/><D124/><U106/><E106/><V41/><F44/><W92/><G92/><T89/><D117/><U32/><E43/><V30/><F30/><W37/><G34/><T19/><D96/><U86/><E86/><V7/><F7/><W10/><G37/><T50/><D89/><U76/><E76/><N who="2" m="46183" /><F64/><W97/><G115/><T107/><D107/><U65/><E54/><V55/><F55/><W36/><G40/><T78/><D78/><U133/><E31/><V63/><F63/><W27/><G36/><T88/><D88/><U8/><E8/><V95/><F95/><W87/><G10/><T121/><D62/><U102/><REACH who="1" step="1"/><E133/><AGARI ba="2,0" hai="41,45,51,69,70,98,100,105,133,134,135" m="46183" machi="133" ten="30,7700,0" yaku="20,1,52,3" doraHai="129" who="2" fromWho="1" sc="5,0,345,-83,275,83,375,0" /><INIT seed="6,0,0,1,5,39" ten="5,262,358,375" oya="2" hai0="33,85,63,6,70,61,93,19,92,84,131,99,107" hai1="29,88,2,17,1,94,101,14,32,20,31,115,38" hai2="57,91,25,73,120,76,11,7,5,72,56,109,62" hai3="18,129,67,121,110,34,53,37,119,80,45,126,128"/><V134/><F120/><W79/><G110/><T132/><D6/><U82/><E38/><V41/><F109/><W27/><G126/><T106/><D33/><U49/><E115/><V133/><F91/><W90/><G67/><T26/><D70/><U81/><E81/><V52/><F41/><N who="3" m="22703" /><G53/><T77/><D26/><U66/><E66/><V111/><F111/><W30/><G119/><T127/><D19/><U9/><E101/><V114/><F114/><W135/><G135/><N who="2" m="51721" /><F76/><W12/><G90/><T64/><D132/><U102/><E102/><V100/><F100/><W35/><G121/><T69/><D64/><U74/><E74/><N who="2" m="28779" /><F11/><W105/><G105/><T8/><D8/><U58/><E82/><V125/><F125/><W89/><G89/><T15/><D69/><U103/><E103/><V123/><F123/><W71/><G71/><T118/><D127/><U86/><E32/><V13/><F13/><W83/><G35/><T130/><D15/><U50/><E50/><N who="2" m="30743" /><F25/><W42/><G79/><T16/><D77/><U47/><E58/><V23/><F23/><W44/><G83/><T28/><D118/><U87/><E87/><V24/><F24/><W116/><G80/><T36/><D36/><U117/><E117/><V112/><F112/><W95/><G116/><T0/><D99/><U21/><E21/><V78/><F78/><W40/><G95/><T98/><D98/><U65/><E65/><V54/><AGARI ba="0,0" hai="5,7,54,57,62" m="30743,28779,51721" machi="54" ten="30,3000,0" yaku="20,1,54,1" doraHai="39" who="2" fromWho="2" sc="5,-10,262,-10,358,30,375,-10" owari="-5,-51.0,252,-15.0,388,49.0,365,17.0" /></mjloggm>