<mjloggm ver="2.3"><GO type="41" lobby="0"/><UN n0="%E3%81%84%E3%81%A8%E3%81%A1%E3%82%83" n1="%E2%93%9D%53%75%70%68%78" n2="%E3%82%A4%E3%83%B3%E3%83%87%E3%82%A3%E3%82%B4%E3%83%96%E3%83%AB%E3%83%BC" n3="%4B%41%53%59%41%39%30%31" dan="15,17,14,14" rate="2020.16,2049.75,1868.92,1920.23" sx="M,M,M,M"/><TAIKYOKU oya="0"/><INIT seed="0,0,0,0,2,48" ten="250,250,250,250" oya="0" hai0="100,110,103,60,26,43,39,27,16,14,3,46,76" hai1="67,117,25,15,44,105,70,102,29,61,106,80,86" hai2="53,40,120,99,22,65,42,90,17,64,88,45,83" hai3="135,69,7,54,47,0,118,12,28,122,8,116,10"/><T126/><D3/><U4/><E117/><V84/><F120/><W131/><G69/><T78/><D126/><U97/><E44/><V24/><F99/><W113/><G113/><T74/><D110/><U21/><E4/><V1/><F1/><W31/><G131/><T98/><D100/><U119/><E15/><V107/><F107/><W5/><G135/><T19/><D19/><U9/><E9/><V95/><F95/><W18/><G122/><T57/><D27/><U75/><E119/><V59/><F90/><W112/><G112/><T38/><D26/><U56/><E75/><V63/><REACH who="2" step="1"/><F42/><REACH who="2" ten="250,250,240,250" step="2"/><W72/><G118/><T11/><D74/><U108/><E108/><V87/><F87/><W2/><G116/><T129/><D129/><U77/><REACH who="1" step="1"/><E70/><REACH who="1" ten="250,240,240,250" step="2"/><V121/><F121/><W133/><G72/><T20/><D39/><AGARI ba="0,2" hai="17,22,24,39,40,45,53,59,63,64,65,83,84,88" machi="39" ten="30,8000,1" yaku="1,1,7,1,52,1,54,1,53,1" doraHai="48" doraHaiUra="58" who="2" fromWho="0" sc="250,-80,240,0,240,100,250,0" /><INIT seed="1,0,0,5,5,107" ten="170,240,340,250" oya="1" hai0="33,71,119,67,73,102,6,106,112,58,89,39,126" hai1="24,64,128,20,82,101,65,121,135,50,87,15,94" hai2="17,42,16,26,43,12,98,81,18,100,61,37,118" hai3="85,44,34,57,45,117,134,60,47,133,23,40,99"/><U0/><E121/><V31/><F118/><W38/><G34/><T62/><D89/><U59/><E0/><V84/><F37/><W93/><G117/><T120/><D6/><U25/><E128/><V97/><F61/><W66/><G85/><T90/><D90/><U22/><E135/><N who="3" m="51722" /><G23/><T1/><D58/><U86/><E15/><V130/><F130/><W91/><AGARI ba="0,0" hai="38,40,44,45,47,57,60,66,91,93,99" m="51722" machi="91" ten="30,1100,0" yaku="20,1" doraHai="107" who="3" fromWho="3" sc="170,-3,240,-5,340,-3,250,11" /><INIT seed="2,0,0,2,1,10" ten="167,235,337,261" oya="2" hai0="16,9,126,108,112,76,1,114,62,96,55,92,98" hai1="48,90,45,88,61,82,31,2,122,113,109,35,11" hai2="131,20,97,86,42,84,110,85,134,99,91,66,115" hai3="65,79,13,33,34,3,60,0,17,43,135,130,89"/><V5/><F115/><W47/><G135/><T51/><D1/><U120/><E113/><V8/><F134/><W46/><G130/><T80/><D108/><U106/><E106/><V100/><F131/><W54/><G3/><T77/><D126/><U41/><E109/><V72/><F72/><W121/><G0/><T38/><D38/><U25/><E61/><V14/><F110/><W111/><G121/><N who="1" m="46698" /><E82/><V39/><F66/><W107/><G107/><T102/><D98/><U19/><E19/><V132/><F20/><W50/><G79/><T125/><D62/><U18/><E18/><V63/><F63/><W40/><G111/><T73/><D77/><U93/><E93/><V70/><F70/><W44/><G89/><T53/><D125/><U94/><E94/><V21/><F21/><W36/><G47/><T117/><D117/><U75/><E75/><V81/><F97/><W49/><G36/><T28/><D28/><U67/><E67/><V69/><F69/><W116/><G54/><T105/><D55/><U128/><E128/><V59/><F59/><W37/><G37/><T101/><D101/><U6/><AGARI ba="0,0" hai="2,6,11,25,31,35,41,45,48,88,90" m="46698" machi="6" ten="30,2000,0" yaku="13,1,54,1" doraHai="10" who="1" fromWho="1" sc="167,-5,235,20,337,-10,261,-5" /><INIT seed="3,0,0,3,5,25" ten="162,255,327,256" oya="3" hai0="118,108,79,15,135,58,19,54,64,72,13,99,86" hai1="75,22,38,119,48,133,12,87,116,101,28,121,81" hai2="74,9,71,32,24,39,18,122,117,105,4,11,51" hai3="7,1,102,16,132,127,49,29,113,83,21,43,36"/><W62/><G113/><T45/><D108/><U131/><E38/><V8/><F117/><N who="1" m="45129" /><E131/><V95/><F74/><W61/><G127/><T14/><D72/><U34/><E133/><V27/><F71/><W3/><G132/><T114/><D118/><U50/><E34/><V126/><F105/><W91/><G36/><T33/><D135/><U129/><E129/><V78/><F78/><W84/><G102/><T110/><D110/><U89/><E121/><V35/><F95/><W44/><G29/><T97/><D33/><N who="2" m="12874" /><F51/><W6/><G3/><T30/><D114/><U96/><E75/><V59/><F59/><W107/><G107/><T98/><D45/><U104/><E12/><N who="0" m="4713" /><D64/><U47/><E47/><V73/><F73/><W103/><G103/><T92/><D79/><U134/><E134/><V94/><F94/><W52/><G43/><T31/><D86/><U66/><E66/><V46/><F46/><W70/><G70/><T90/><D90/><U111/><E111/><V17/><F39/><W128/><G128/><T2/><D2/><U65/><E65/><V55/><F55/><W69/><G69/><T40/><D40/><U100/><E100/><V77/><F77/><W115/><G115/><T20/><D92/><U53/><E53/><V68/><F68/><W109/><G109/><T123/><D123/><U125/><E125/><V112/><F112/><W120/><G120/><T26/><N who="0" m="4721" /><T10/><DORA hai="37" /><D10/><N who="2" m="4202" /><F126/><W41/><G41/><T106/><D106/><U57/><E57/><V88/><F88/><W80/><G80/><T5/><D5/><N who="3" m="1545" /><G1/><T130/><D130/><RYUUKYOKU ba="0,0" sc="162,10,255,10,327,-30,256,10" hai0="19,20,26,30,31,54,58,97,98,99" hai1="22,28,48,50,81,87,89,96,101,104" hai3="16,21,44,49,52,61,62,83,84,91" /><INIT seed="3,1,0,4,5,135" ten="172,265,297,266" oya="3" hai0="2,134,103,41,81,24,102,94,83,18,85,91,119" hai1="101,13,114,50,121,55,90,51,67,127,110,71,122" hai2="39,11,33,10,49,78,15,0,60,29,31,128,74" hai3="125,25,100,113,8,98,6,69,1,118,43,108,133"/><W34/><G118/><T124/><D2/><U86/><E101/><N who="0" m="38409" /><D41/><U26/><E26/><V37/><F128/><W4/><G113/><T64/><D64/><U129/><E13/><V130/><F130/><W99/><G133/><T76/><D18/><U22/><E22/><V63/><F49/><W120/><G120/><T62/><D24/><U5/><E5/><V54/><F78/><W70/><G6/><T126/><D62/><U84/><E90/><V46/><F74/><W27/><G99/><N who="0" m="57823" /><D119/><U42/><E67/><V56/><F46/><W132/><G132/><T57/><D57/><U92/><E42/><V19/><F60/><W95/><G108/><T111/><D134/><U89/><E51/><V112/><F112/><W47/><G125/><N who="0" m="48235" /><D83/><U21/><E127/><V14/><F0/><W88/><G100/><T72/><D111/><U79/><E110/><V93/><F56/><W82/><G82/><T23/><D23/><U68/><E21/><V38/><F63/><W30/><REACH who="3" step="1"/><G27/><REACH who="3" ten="172,265,297,256" step="2"/><T17/><D17/><U115/><E115/><V48/><F19/><W59/><G59/><T20/><D20/><U35/><E114/><V107/><F11/><W123/><G123/><T9/><D9/><U73/><E122/><V66/><F10/><W77/><G77/><T75/><AGARI ba="1,1" hai="72,75,76,81,85" m="48235,57823,38409" machi="75" ten="30,12000,2" yaku="18,1,34,2,52,3" doraHai="135" who="0" fromWho="0" sc="172,133,265,-31,297,-31,256,-61" /><INIT seed="4,0,0,3,2,81" ten="305,234,266,195" oya="0" hai0="109,100,124,94,116,5,66,13,54,95,133,28,12" hai1="9,32,77,30,114,61,49,97,70,87,85,1,34" hai2="121,45,58,55,35,84,88,74,102,62,132,33,82" hai3="31,72,68,65,14,37,122,96,23,110,105,108,125"/><T40/><D116/><U60/><E77/><V130/><F121/><W16/><G125/><T117/><D117/><U129/><E129/><V118/><F132/><W131/><G131/><T56/><D133/><U69/><E49/><V25/><F130/><W18/><G122/><T76/><D124/><U112/><E97/><V0/><F0/><W22/><G72/><T128/><D128/><U47/><E47/><V2/><F2/><W86/><G37/><T57/><D76/><U42/><E30/><V99/><F74/><W93/><G31/><T52/><D40/><U83/><E83/><V127/><F127/><W78/><G65/><T26/><D66/><U135/><E42/><V75/><F75/><W27/><G68/><N who="1" m="26218" /><E9/><V120/><F120/><W7/><G7/><T10/><D109/><U21/><E21/><V11/><F11/><W63/><G63/><N who="1" m="24138" /><E1/><V101/><F45/><W6/><G6/><T43/><D43/><U20/><E20/><V104/><F101/><W91/><REACH who="3" step="1"/><G78/><REACH who="3" ten="305,234,266,185" step="2"/><T50/><D5/><U4/><E4/><V73/><F73/><W134/><G134/><T111/><D28/><U107/><E135/><V48/><F118/><W71/><G71/><T36/><D111/><U126/><E126/><V113/><F113/><N who="1" m="43625" /><E107/><V44/><REACH who="2" step="1"/><F25/><REACH who="2" ten="305,234,256,185" step="2"/><W80/><G80/><T38/><D26/><U39/><E39/><V79/><F79/><W67/><G67/><AGARI ba="0,2" hai="33,35,44,48,55,58,62,67,82,84,88,99,102,104" machi="67" ten="30,8000,1" yaku="1,1,7,1,52,1,54,1,53,1" doraHai="81" doraHaiUra="53" who="2" fromWho="3" sc="305,0,234,0,256,100,185,-80" /><INIT seed="5,0,0,5,0,25" ten="305,234,356,105" oya="1" hai0="55,75,95,32,28,112,68,85,109,73,37,113,0" hai1="74,100,115,117,35,77,26,47,60,7,121,91,61" hai2="70,97,108,83,65,2,76,54,72,80,103,17,82" hai3="43,119,126,10,105,8,98,27,51,48,128,53,99"/><U130/><E117/><V18/><F108/><W14/><G128/><T21/><D37/><U110/><E121/><V50/><F2/><W122/><G126/><T39/><D39/><U62/><E115/><V64/><F72/><W30/><G122/><T57/><D68/><U107/><E7/><V38/><F76/><W135/><G135/><T59/><D0/><U9/><E9/><V20/><F38/><W81/><G119/><T6/><D32/><U92/><E47/><V89/><F89/><W106/><G81/><T111/><D6/><U4/><E4/><V93/><F70/><W90/><G43/><T29/><D21/><U94/><E130/><V86/><F86/><W44/><G10/><T125/><D85/><U118/><E110/><N who="0" m="41993" /><D95/><U120/><E94/><V124/><F124/><W123/><G123/><T129/><D55/><U41/><E41/><V24/><F18/><W79/><G79/><T56/><D125/><U84/><E118/><V16/><F17/><W52/><G8/><T78/><D78/><U96/><E120/><V127/><F127/><W19/><G14/><T134/><D134/><U1/><E1/><V66/><REACH who="2" step="1"/><F80/><REACH who="2" ten="305,234,346,105" step="2"/><W34/><G19/><T40/><D129/><U88/><E91/><V116/><F116/><W36/><G90/><T132/><D132/><U49/><E77/><V131/><F131/><W133/><G36/><T31/><D40/><U102/><E74/><AGARI ba="0,1" hai="28,29,31,56,57,59,73,74,75,112,113" m="41993" machi="74" ten="40,8000,1" yaku="28,2,52,3" doraHai="25" who="0" fromWho="1" sc="305,90,234,-80,346,0,105,0" /><INIT seed="6,0,0,4,4,106" ten="395,154,346,105" oya="2" hai0="50,79,9,36,87,81,39,70,117,69,100,30,49" hai1="55,107,101,21,112,82,33,124,17,64,15,90,41" hai2="13,65,74,118,123,66,23,78,45,19,94,7,130" hai3="46,85,128,40,91,4,71,88,105,60,109,51,24"/><V56/><F123/><W62/><G109/><T1/><D100/><U3/><E3/><V126/><F118/><W111/><G111/><T119/><D30/><U11/><E33/><V116/><F116/><N who="0" m="44618" /><D9/><U14/><E112/><V22/><F126/><W31/><G128/><T115/><D1/><U120/><E41/><V104/><F130/><W102/><G4/><T29/><D29/><U2/><E64/><V8/><F104/><W54/><G105/><T95/><D95/><U125/><E2/><V131/><F45/><W114/><G102/><T92/><D92/><U63/><E101/><V18/><F56/><W99/><G114/><T59/><D59/><U53/><E120/><V34/><F94/><W35/><G71/><N who="0" m="27147" /><D115/><U84/><E107/><V110/><F131/><W58/><G99/><T67/><D67/><U28/><E28/><V127/><F127/><N who="1" m="48713" /><E63/><V83/><F34/><W47/><G62/><T133/><D133/><U61/><E61/><V57/><F57/><W103/><G103/><T121/><D121/><U44/><E44/><V27/><REACH who="2" step="1"/><F110/><REACH who="2" ten="395,154,336,105" step="2"/><W32/><G32/><T122/><D122/><U108/><E108/><V37/><F37/><AGARI ba="0,1" hai="36,37,39,49,50,79,81,87" m="27147,44618" machi="37" ten="40,1300,0" yaku="12,1" doraHai="106" who="0" fromWho="2" sc="395,23,154,0,336,-13,105,0" /><INIT seed="7,0,0,3,3,59" ten="418,154,323,105" oya="3" hai0="91,126,77,110,92,112,83,13,75,107,66,50,26" hai1="23,96,54,16,73,79,63,99,123,114,58,125,2" hai2="35,42,98,3,67,85,15,46,44,124,102,48,93" hai3="20,86,97,95,104,22,39,31,60,4,133,84,131"/><W115/><G39/><T101/><D110/><U81/><E123/><V55/><F3/><W80/><G133/><T11/><D26/><U76/><E2/><V47/><F124/><W128/><G104/><T18/><D126/><U25/><E125/><V87/><F35/><W12/><G115/><T36/><D36/><U122/><E122/><V113/><F113/><W108/><G108/><T129/><D129/><N who="3" m="49737" /><G80/><T69/><D50/><U61/><E114/><V53/><F67/><W94/><G31/><T9/><D112/><U134/><E134/><V49/><REACH who="2" step="1"/><F15/><REACH who="2" ten="418,154,313,105" step="2"/><W17/><G4/><T27/><D66/><U116/><E116/><V56/><F56/><W106/><G106/><T52/><D69/><U41/><E58/><V109/><F109/><W120/><G120/><T117/><D13/><U14/><E14/><V19/><F19/><N who="3" m="10343" /><G60/><T8/><D117/><U28/><E63/><V111/><F111/><W30/><G30/><T34/><D34/><U127/><E28/><V132/><F132/><W7/><G7/><T40/><D107/><U62/><E127/><V90/><F90/><N who="3" m="55543" /><G94/><T5/><D92/><U88/><E62/><V100/><F100/><W64/><G64/><T21/><D101/><U32/><E61/><V38/><AGARI ba="0,1" hai="38,42,44,46,47,48,49,53,55,85,87,93,98,102" machi="38" ten="20,12000,2" yaku="1,1,0,1,7,1,9,1,53,2" doraHai="59" doraHaiUra="82" who="2" fromWho="2" sc="418,-30,154,-30,313,130,105,-60" owari="388,19.0,124,-28.0,443,54.0,45,-45.0" /></mjloggm>