<mjloggm ver="2.3"><GO type="41" lobby="0"/><UN n0="%E6%8C%AF%E3%82%8A%E8%BE%BC%E3%81%BF%E3%83%9E%E3%82%B8%E3%83%B3%E3%82%AC" n1="%E2%93%9D%53%75%70%68%78" n2="%E3%80%8C%E3%83%92%E3%83%AD%E3%80%8D%34%30" n3="%72%69%6B%69%72%69%6B%69" dan="15,18,15,13" rate="1952.42,2166.01,1971.32,1881.83" sx="M,M,M,M"/><TAIKYOKU oya="0"/><INIT seed="0,0,0,4,1,47" ten="250,250,250,250" oya="0" hai0="85,12,61,46,45,40,109,72,79,48,110,52,97" hai1="43,122,98,126,51,53,106,10,129,77,25,103,86" hai2="105,64,112,0,113,94,73,107,111,16,116,114,38" hai3="89,118,36,128,31,100,20,108,22,132,28,82,50"/><T115/><D72/><U26/><E122/><V55/><F0/><W60/><G36/><N who="0" m="21639" /><D97/><U87/><E129/><V90/><F73/><W27/><G118/><T84/><D12/><U29/><E43/><V102/><F116/><W41/><G128/><T33/><D33/><U11/><E126/><V117/><F117/><W3/><G3/><T44/><D79/><U24/><E29/><V9/><F38/><W78/><G108/><N who="0" m="41579" /><D115/><U17/><E77/><V81/><F111/><W39/><G39/><T71/><D44/><U134/><E87/><N who="0" m="33353" /><D61/><U96/><E86/><V80/><F113/><W92/><G132/><T42/><D71/><U57/><E134/><V95/><F107/><W83/><G100/><T123/><D42/><U99/><E106/><V93/><F105/><W66/><G78/><T75/><D75/><U101/><E11/><V88/><F9/><W56/><G41/><T30/><D123/><U120/><E120/><V49/><F114/><W1/><G1/><T14/><D14/><AGARI ba="0,0" hai="10,14,17,24,25,26,51,53,57,96,98,99,101,103" machi="14" ten="40,2600,0" yaku="8,1,52,1" doraHai="47" who="1" fromWho="0" sc="250,-26,250,26,250,0,250,0" /><INIT seed="1,0,0,2,1,110" ten="224,276,250,250" oya="1" hai0="36,133,13,32,134,72,42,16,0,105,40,29,123" hai1="33,12,74,48,28,24,54,27,126,101,22,115,1" hai2="53,88,97,113,65,66,61,95,128,34,73,38,6" hai3="76,31,125,81,15,90,55,52,119,75,108,39,107"/><U10/><E74/><V96/><F128/><W51/><G39/><T41/><D0/><U94/><E126/><V60/><F73/><W91/><G125/><T100/><D72/><U71/><E71/><V118/><F118/><W58/><G108/><T121/><D32/><U104/><E104/><V62/><F34/><W19/><G119/><T21/><D29/><U83/><E83/><V99/><F38/><W47/><G107/><T44/><D100/><U64/><E64/><N who="2" m="24683" /><F113/><W127/><G127/><T17/><D17/><U132/><E132/><N who="0" m="50793" /><D105/><U30/><E1/><V92/><F6/><W120/><G120/><AGARI ba="0,0" hai="13,16,21,36,40,41,42,44,120,121,123" m="50793" machi="120" ten="30,3900,0" yaku="13,1,20,1,54,1" doraHai="110" who="0" fromWho="3" sc="224,39,276,0,250,0,250,-39" /><INIT seed="2,0,0,5,3,97" ten="263,276,250,211" oya="2" hai0="84,47,40,7,95,45,30,71,35,13,102,44,51" hai1="67,56,25,92,66,132,110,0,2,38,28,104,60" hai2="99,113,5,17,41,15,27,16,122,128,77,58,75" hai3="125,20,23,107,12,89,81,127,80,4,29,69,14"/><V26/><F122/><W59/><G69/><T46/><D71/><U31/><E104/><V55/><F113/><W85/><G107/><T134/><D134/><U36/><E110/><V131/><F41/><W124/><G4/><T6/><D35/><U120/><E92/><V52/><F5/><W130/><G130/><N who="2" m="49705" /><F99/><W126/><N who="3" m="31744" /><DORA hai="96" /><W68/><G68/><T115/><D30/><U111/><E111/><V88/><F88/><W57/><G29/><T105/><D115/><U109/><E109/><V86/><F86/><W10/><G10/><T114/><D105/><U49/><E120/><V133/><F133/><W62/><G59/><T70/><D70/><U76/><E56/><V11/><F17/><W21/><REACH who="3" step="1"/><G81/><REACH who="3" ten="263,276,250,201" step="2"/><T32/><D114/><U72/><E132/><V53/><F58/><W1/><G1/><T79/><D6/><U61/><E2/><V33/><F33/><W34/><G34/><T83/><D32/><U22/><E0/><V135/><F135/><W87/><G87/><T94/><D7/><U119/><E31/><V64/><F64/><AGARI ba="0,1" hai="12,14,20,21,23,57,62,64,80,85,89" m="31744" machi="64" ten="70,4500,0" yaku="1,1,18,1,53,0" doraHai="97,96" doraHaiUra="73,90" who="3" fromWho="2" sc="263,0,276,0,250,-45,201,55" /><INIT seed="3,0,0,0,5,132" ten="263,276,205,256" oya="3" hai0="29,23,73,34,18,120,21,114,64,128,52,26,17" hai1="54,107,130,69,116,46,67,50,86,7,59,55,15" hai2="40,82,31,28,70,89,95,4,97,93,19,38,92" hai3="39,75,14,127,94,76,1,41,65,60,43,66,119"/><W117/><G1/><T33/><D73/><U72/><E107/><V27/><F70/><W63/><G94/><T103/><D64/><N who="3" m="24681" /><G14/><T126/><D103/><U115/><E130/><V121/><F121/><W91/><G91/><T6/><D52/><U131/><E115/><V2/><F19/><W105/><G105/><T42/><D42/><N who="3" m="15881" /><G76/><T99/><D99/><U62/><E131/><V122/><F28/><W47/><G75/><T9/><D128/><U96/><E72/><V85/><F4/><W5/><G5/><T118/><D118/><N who="3" m="45065" /><G127/><T44/><D126/><U10/><E116/><V124/><F2/><W102/><G102/><T98/><D98/><U24/><E96/><V129/><F124/><W77/><G77/><T35/><D35/><U32/><E86/><V37/><F97/><W48/><G39/><T13/><D34/><U25/><REACH who="1" step="1"/><E32/><REACH who="1" ten="263,266,205,256" step="2"/><V57/><F85/><W20/><G20/><N who="0" m="11311" /><D33/><U79/><E79/><V100/><F129/><W101/><G101/><T125/><D21/><U90/><E90/><V61/><F89/><W3/><G3/><T12/><D125/><U112/><E112/><V45/><F100/><W0/><G0/><T22/><D114/><U88/><E88/><V68/><F38/><W108/><G108/><T109/><D109/><U16/><E16/><V83/><F37/><W56/><G47/><T104/><D44/><U106/><E106/><V87/><F45/><W30/><G30/><N who="0" m="17751" /><D104/><U110/><E110/><V53/><F87/><W84/><G84/><T71/><D29/><U78/><E78/><V111/><F111/><W113/><G113/><RYUUKYOKU ba="0,1" sc="263,-15,266,15,205,-15,256,15" hai1="7,10,15,24,25,46,50,54,55,59,62,67,69" hai3="48,56,60,63" /><INIT seed="3,1,1,1,1,85" ten="248,281,190,271" oya="3" hai0="130,41,46,47,11,48,58,86,78,90,79,98,117" hai1="6,112,77,45,72,76,9,67,30,104,134,109,69" hai2="102,26,49,7,42,100,14,70,93,56,64,108,51" hai3="10,101,126,33,54,15,107,68,128,96,63,61,27"/><W92/><G126/><T43/><D117/><U74/><E109/><V60/><F108/><W23/><G128/><T1/><D130/><U19/><E19/><V105/><F105/><W8/><G33/><T113/><D113/><U2/><E134/><V65/><F26/><W16/><G107/><T3/><D98/><U29/><E112/><V115/><F115/><W87/><G68/><T124/><D58/><U110/><E110/><V111/><F111/><W135/><G135/><T38/><D124/><U91/><E104/><V121/><F121/><W53/><G8/><T106/><D106/><U103/><E103/><V88/><F65/><W32/><G32/><T50/><D38/><U18/><E18/><V123/><F123/><W83/><G63/><T114/><D114/><U13/><E13/><V75/><F75/><W71/><G71/><T122/><D122/><U120/><E74/><V94/><F94/><W66/><G66/><T35/><D35/><U73/><E73/><V119/><F119/><W36/><G36/><T81/><REACH who="0" step="1"/><D11/><REACH who="0" ten="238,281,190,271" step="2"/><U89/><E120/><V57/><F57/><W129/><G129/><T34/><D34/><U20/><E69/><V12/><F70/><W55/><G61/><T40/><D40/><U59/><E59/><V84/><F42/><W80/><REACH who="3" step="1"/><G87/><REACH who="3" ten="238,281,190,261" step="2"/><T118/><D118/><U127/><E72/><V22/><F60/><W0/><G0/><AGARI ba="1,3" hai="0,1,3,41,43,46,47,48,50,78,79,81,86,90" machi="0" ten="40,5200,0" yaku="1,1,9,1,52,1,53,0" doraHai="85" doraHaiUra="17" who="0" fromWho="3" sc="238,85,281,0,190,0,261,-55" /><INIT seed="4,0,0,3,1,55" ten="323,281,190,206" oya="0" hai0="62,1,127,106,15,89,124,60,59,10,13,134,118" hai1="120,11,129,75,78,95,30,12,126,20,117,22,111" hai2="88,38,108,99,63,130,105,83,46,116,33,128,67" hai3="103,133,74,65,70,100,51,80,23,50,43,3,91"/><T96/><D134/><U35/><E75/><V77/><F108/><W86/><G133/><T48/><D118/><U121/><E78/><V18/><F116/><W9/><G74/><T47/><D1/><U61/><E95/><V42/><F33/><W113/><G113/><T6/><D15/><U110/><E61/><V25/><F105/><W24/><G70/><T92/><D106/><U101/><E101/><V34/><F77/><W71/><G71/><T72/><D72/><U76/><E76/><V7/><F7/><W119/><G119/><T44/><D48/><U53/><E53/><V8/><F8/><W5/><G65/><T52/><REACH who="0" step="1"/><D62/><REACH who="0" ten="313,281,190,206" step="2"/><U26/><E117/><V40/><F63/><W94/><G51/><T102/><D102/><U104/><E104/><V115/><F130/><W73/><G50/><T17/><D17/><U79/><E129/><V58/><F18/><W29/><G43/><T21/><D21/><U132/><E22/><V64/><F42/><W4/><G4/><T56/><D56/><U87/><E20/><V97/><F58/><W123/><G123/><T2/><D2/><U69/><E132/><V93/><F128/><W82/><G73/><T16/><D16/><N who="1" m="8223" /><E69/><V57/><F40/><W81/><AGARI ba="0,1" hai="3,5,9,23,24,29,80,81,82,86,91,94,100,103" machi="81" ten="30,1100,0" yaku="0,1" doraHai="55" who="3" fromWho="3" sc="313,-5,281,-3,190,-3,206,21" /><INIT seed="5,0,0,3,4,79" ten="308,278,187,227" oya="1" hai0="87,88,42,135,114,98,133,113,56,134,118,62,57" hai1="90,61,128,59,6,126,92,15,40,38,18,81,23" hai2="60,106,93,95,53,76,69,58,64,121,75,34,112" hai3="55,26,107,103,4,32,21,115,8,84,127,104,28"/><U132/><E128/><V20/><F121/><W41/><G115/><N who="0" m="44043" /><D118/><U116/><E132/><V120/><F112/><W117/><G127/><T72/><D72/><U129/><E129/><V130/><F120/><W54/><G117/><T63/><D98/><U14/><E126/><V44/><F34/><W109/><G109/><T80/><D42/><U45/><E116/><V66/><F106/><W10/><G10/><T83/><D80/><U67/><E6/><V123/><F123/><W73/><G73/><T122/><D122/><U131/><E131/><V124/><F124/><W16/><G84/><T77/><D77/><U43/><E43/><V119/><F119/><W70/><G70/><T39/><D39/><U101/><E101/><V108/><F108/><W22/><G41/><T17/><D17/><U31/><E31/><V49/><F66/><W0/><G22/><T78/><D78/><U86/><REACH who="1" step="1"/><E92/><REACH who="1" ten="308,268,187,227" step="2"/><V102/><F95/><W65/><G107/><T97/><D97/><U100/><E100/><V74/><F93/><W125/><G125/><T30/><D30/><U111/><E111/><V94/><F94/><W99/><REACH who="3" step="1"/><G65/><REACH who="3" ten="308,268,187,217" step="2"/><N who="0" m="39111" /><D135/><U5/><E5/><V89/><F130/><W11/><G11/><T35/><D35/><U29/><E29/><V1/><F102/><W9/><G9/><T2/><D2/><U36/><E36/><V91/><F1/><W47/><G47/><T110/><D110/><U96/><E96/><V51/><F44/><W50/><G50/><T13/><D134/><U19/><E19/><V25/><F51/><W105/><G105/><T3/><D133/><RYUUKYOKU ba="0,2" sc="308,-15,268,15,187,-15,217,15" hai1="14,15,18,23,38,40,45,59,61,67,81,86,90" hai3="0,4,8,16,21,26,28,32,54,55,99,103,104" /><INIT seed="5,1,2,4,2,18" ten="293,283,172,232" oya="1" hai0="81,69,114,49,8,34,77,84,103,42,2,119,104" hai1="20,108,37,45,39,113,60,96,131,50,128,11,101" hai2="61,22,106,109,89,78,82,16,123,48,56,30,95" hai3="4,59,70,116,98,26,135,25,90,99,53,58,100"/><U87/><E113/><V74/><F109/><W10/><G70/><T3/><D119/><U62/><E11/><V121/><F106/><W23/><G116/><T88/><D34/><U35/><E35/><V15/><F30/><W65/><G135/><T97/><D114/><U32/><E87/><V85/><REACH who="2" step="1"/><F48/><REACH who="2" ten="293,283,162,232" step="2"/><W71/><G71/><T93/><D104/><U57/><E108/><V29/><F29/><W0/><G65/><AGARI ba="1,3" hai="15,16,22,56,61,65,74,78,82,85,89,95,121,123" machi="65" ten="30,7700,0" yaku="1,1,7,1,52,1,54,1,53,0" doraHai="18" doraHaiUra="66" who="2" fromWho="3" sc="293,0,283,0,162,110,232,-80" /><INIT seed="6,0,0,5,1,104" ten="293,283,272,152" oya="2" hai0="22,84,78,83,39,102,123,116,69,97,8,115,58" hai1="109,80,48,81,134,106,41,68,7,89,100,118,66" hai2="25,119,127,59,76,1,15,98,12,86,73,96,79" hai3="101,6,65,87,54,82,117,11,55,91,75,131,126"/><V72/><F1/><W92/><G117/><T77/><D69/><U108/><E7/><V33/><F119/><W31/><G126/><T63/><D116/><U42/><E118/><V57/><F86/><W132/><G131/><T16/><D115/><U62/><E89/><V121/><F33/><W5/><G132/><T45/><D123/><U125/><E81/><V113/><F25/><W114/><G114/><T23/><D39/><U120/><E80/><V20/><F20/><W122/><G122/><T18/><D45/><U32/><E32/><V46/><F46/><W21/><G65/><N who="0" m="39159" /><D77/><U14/><E134/><V13/><F13/><W52/><G75/><T60/><D60/><U34/><E14/><V47/><F47/><W29/><G21/><N who="0" m="7691" /><D8/><U43/><E120/><V3/><F3/><W135/><G135/><T0/><D0/><U70/><E70/><V111/><F121/><W19/><G19/><T133/><D133/><U37/><E37/><V129/><F111/><W95/><G101/><T40/><D40/><U74/><E109/><V56/><F56/><W93/><REACH who="3" step="1"/><G11/><REACH who="3" ten="293,283,272,142" step="2"/><T50/><D18/><U35/><E108/><V107/><F113/><W10/><G10/><T38/><D16/><U103/><E35/><V128/><F107/><W90/><G90/><N who="0" m="51487" /><D102/><U110/><E110/><V27/><F27/><W2/><G2/><T88/><D88/><U17/><E103/><V4/><F127/><W53/><N who="3" m="13312" /><DORA hai="67" /><W9/><G9/><T24/><D24/><U26/><E125/><V51/><F4/><AGARI ba="0,1" hai="4,5,6,29,31,82,87,91,92,93,95" m="13312" machi="4" ten="60,7700,0" yaku="1,1,8,1,54,1,53,0" doraHai="104,67" doraHaiUra="28,71" who="3" fromWho="2" sc="293,0,283,0,272,-77,142,87" /><INIT seed="7,0,0,0,4,93" ten="293,283,195,229" oya="3" hai0="29,62,53,131,37,81,135,14,90,111,58,35,23" hai1="28,45,33,68,15,49,97,39,89,107,106,41,102" hai2="96,19,120,55,43,76,2,47,91,59,36,115,65" hai3="99,113,31,64,52,50,79,5,77,44,74,80,66"/><W86/><G113/><T95/><D111/><U71/><E107/><V1/><F115/><W108/><G108/><T70/><D37/><U118/><E49/><V123/><F76/><W63/><G74/><T110/><D35/><U4/><E89/><V21/><F65/><W124/><G124/><T92/><D70/><U83/><E15/><V60/><F1/><W46/><G5/><T94/><D131/><U27/><E118/><V88/><F2/><W72/><G72/><T0/><D135/><U117/><E117/><V73/><F73/><W132/><G132/><T24/><D0/><U3/><E83/><V10/><F10/><AGARI ba="0,0" hai="3,4,10,27,28,33,39,41,45,68,71,97,102,106" machi="10" ten="40,8000,1" yaku="33,3,52,1" doraHai="93" who="1" fromWho="2" sc="293,0,283,80,195,-80,229,0" owari="293,9.0,363,46.0,115,-38.0,229,-17.0" /></mjloggm>