<mjloggm ver="2.3"><GO type="41" lobby="0"/><UN n0="%E3%82%B0%E3%83%A9%E3%82%B9%E6%9C%80%E5%BC%B7" n1="%E3%81%9F%E3%81%8B%E3%81%BC%E3%82%93%E2%98%85" n2="%E2%93%9D%53%75%70%68%78" n3="%E3%81%B7%E3%82%89%E3%81%84%E3%82%84%E3%83%BC" dan="14,14,18,13" rate="1883.00,1917.88,2099.89,2094.78" sx="M,M,M,M"/><TAIKYOKU oya="0"/><INIT seed="0,0,0,2,4,21" ten="250,250,250,250" oya="0" hai0="64,28,22,128,58,98,37,110,67,114,109,65,13" hai1="131,133,35,78,23,134,118,32,132,38,106,48,45" hai2="71,62,73,96,36,12,61,75,7,27,135,130,47" hai3="15,1,119,0,104,82,50,120,116,77,92,11,3"/><T9/><D37/><U89/><E106/><V93/><F130/><W113/><G104/><T102/><D114/><U52/><E118/><V2/><F2/><W8/><G92/><T108/><D128/><U39/><E131/><V54/><F135/><W42/><G113/><T117/><D117/><U57/><E78/><V107/><F71/><W26/><G120/><T56/><D28/><U4/><E4/><V43/><F107/><W72/><G11/><T68/><D68/><U74/><E74/><V16/><F7/><W70/><G70/><T40/><D40/><U55/><E89/><V125/><F125/><W41/><G41/><T14/><D22/><U79/><E79/><V105/><F105/><W127/><G127/><T84/><D84/><U124/><E23/><N who="2" m="13799" /><F62/><W94/><G94/><N who="0" m="58711" /><D13/><U53/><E124/><V34/><F34/><N who="1" m="12841" /><E57/><N who="2" m="34999" /><F12/><W76/><G15/><T51/><D51/><U30/><E30/><V100/><F75/><W63/><G72/><T44/><D44/><U126/><E126/><V111/><F73/><W88/><G116/><T103/><D103/><U115/><E115/><V19/><F100/><W81/><G119/><T123/><D123/><U49/><E45/><V46/><F46/><W86/><G0/><T112/><D112/><U69/><E69/><V6/><F47/><W59/><G1/><T10/><D10/><U24/><E39/><V60/><F36/><W33/><G3/><T83/><D83/><U97/><E38/><V17/><F43/><W5/><G42/><T91/><D91/><U18/><E97/><V101/><F96/><W90/><G77/><RYUUKYOKU ba="0,0" sc="250,15,250,15,250,-15,250,-15" hai0="9,14,56,58,64,65,67,108,109,110" hai1="18,24,48,49,52,53,55,132,133,134" /><INIT seed="0,1,0,4,1,65" ten="265,265,235,235" oya="0" hai0="114,102,29,78,135,55,6,30,108,72,1,13,54" hai1="57,82,90,31,9,46,7,47,62,111,129,106,88" hai2="91,44,2,66,49,104,8,118,70,38,119,79,134" hai3="110,64,121,24,4,76,115,124,17,56,25,51,10"/><T11/><D114/><U26/><E106/><V69/><F104/><W33/><G115/><T122/><D122/><U3/><E111/><V27/><F79/><W21/><G76/><T48/><D102/><U87/><E90/><V130/><F27/><W132/><G64/><T81/><D135/><U107/><E107/><V20/><F20/><W67/><G67/><T35/><D108/><U109/><E129/><V61/><F91/><W80/><G51/><T23/><D35/><U98/><E98/><V22/><F22/><W12/><G56/><T94/><D94/><U123/><E123/><V43/><F8/><W112/><G80/><T86/><D72/><U74/><E74/><V84/><F2/><N who="3" m="279" /><G121/><T101/><D101/><U45/><E109/><V60/><F84/><W5/><G112/><T120/><D120/><U58/><REACH who="1" step="1"/><E62/><REACH who="1" ten="265,255,235,235" step="2"/><N who="2" m="24171" /><F130/><W89/><G89/><T18/><REACH who="0" step="1"/><D54/><REACH who="0" ten="255,255,235,235" step="2"/><U103/><E103/><V116/><F66/><W14/><G110/><T100/><D100/><U97/><E97/><V37/><F134/><W73/><G73/><T117/><D117/><U0/><E0/><V131/><F131/><W32/><G132/><T96/><D96/><U92/><E92/><V127/><F127/><W99/><G99/><T63/><D63/><U93/><E93/><V113/><F113/><W16/><G124/><T41/><D41/><U59/><E59/><AGARI ba="1,2" hai="1,6,11,13,18,23,29,30,48,55,59,78,81,86" machi="59" ten="30,5800,0" yaku="1,1,7,1,53,1" doraHai="65" doraHaiUra="34" who="0" fromWho="1" sc="255,81,255,-61,235,0,235,0" /><INIT seed="0,2,0,2,0,128" ten="336,194,235,235" oya="0" hai0="100,74,9,11,77,26,83,96,54,93,109,27,106" hai1="87,117,79,121,65,30,60,66,37,47,59,135,72" hai2="46,51,13,21,31,113,76,102,20,127,8,6,36" hai3="108,95,10,57,12,62,126,90,67,105,56,133,63"/><T81/><D109/><U104/><E117/><V58/><F113/><W7/><G126/><T122/><D122/><U32/><E104/><V125/><F36/><W35/><G105/><T45/><D106/><U130/><E121/><V112/><F112/><W4/><G35/><T88/><D100/><U111/><E111/><V61/><F76/><W42/><G108/><T91/><D83/><U2/><E87/><V25/><F102/><W70/><G42/><T24/><D91/><U78/><E66/><V53/><REACH who="2" step="1"/><F21/><REACH who="2" ten="336,194,225,235" step="2"/><W23/><G23/><T16/><D9/><U19/><E79/><V49/><F49/><W33/><G33/><T80/><D11/><U94/><E72/><V103/><F103/><W120/><G120/><T119/><D119/><U75/><E75/><V73/><F73/><W110/><G110/><T15/><D74/><U85/><E78/><V118/><F118/><W86/><G10/><N who="0" m="6263" /><D77/><U89/><E32/><V5/><F5/><W50/><G50/><AGARI ba="2,1" hai="24,26,27,45,50,54,80,81,88,93,96" m="6263" machi="50" ten="30,5800,0" yaku="8,1,54,2" doraHai="128" who="0" fromWho="3" sc="336,74,194,0,225,0,235,-64" /><INIT seed="0,3,0,5,5,125" ten="410,194,225,171" oya="0" hai0="76,6,14,110,22,80,5,33,43,133,103,100,41" hai1="37,108,86,20,9,77,111,120,73,57,50,85,82" hai2="0,63,29,98,46,115,17,60,81,127,118,25,107" hai3="42,53,67,130,1,88,94,35,97,61,69,13,109"/><T106/><D33/><U3/><E120/><V123/><F0/><W11/><G109/><N who="1" m="42058" /><E37/><V55/><F115/><W84/><G35/><T131/><D133/><U117/><E117/><V114/><F127/><W51/><G1/><T92/><D110/><U75/><E20/><V32/><F114/><W132/><G132/><T116/><D106/><U128/><E86/><V34/><F17/><W90/><G42/><T70/><D70/><U122/><E122/><V8/><F8/><W23/><G130/><T93/><D80/><U96/><E96/><V124/><F81/><W24/><G24/><T58/><D22/><U48/><E128/><V79/><F98/><W113/><G113/><T68/><D58/><U36/><E36/><V18/><F34/><W78/><G78/><T64/><D14/><U102/><E102/><V66/><F79/><W74/><G74/><N who="1" m="28170" /><E57/><V62/><F124/><W87/><G23/><T30/><D76/><U134/><E134/><V26/><F118/><W65/><G65/><T7/><D116/><U105/><E105/><V126/><F107/><W10/><G90/><T119/><D119/><U27/><E27/><V16/><F26/><W135/><G135/><T40/><D131/><U59/><E59/><N who="2" m="37151" /><F123/><W121/><G121/><T49/><D64/><U28/><E28/><V39/><F126/><W4/><REACH who="3" step="1"/><G10/><REACH who="3" ten="410,194,225,161" step="2"/><T89/><D40/><U45/><E45/><AGARI ba="3,1" hai="4,11,13,45,51,53,61,67,69,84,87,88,94,97" machi="45" ten="30,7700,0" yaku="1,1,2,1,7,1,54,1,53,0" doraHai="125" doraHaiUra="71" who="3" fromWho="1" sc="410,0,194,-86,225,0,161,96" /><INIT seed="1,0,0,1,0,92" ten="410,108,225,257" oya="1" hai0="129,52,51,39,0,76,63,98,4,105,29,35,38" hai1="88,28,91,34,90,84,68,50,41,106,101,62,48" hai2="33,116,131,64,107,126,44,66,121,8,46,123,108" hai3="96,40,19,25,57,2,23,73,32,133,61,65,97"/><U122/><E122/><V89/><F107/><W1/><G73/><T99/><D76/><U72/><E72/><V71/><F8/><W135/><G32/><T117/><D117/><U45/><E84/><V9/><F9/><W42/><G1/><T15/><D0/><U5/><E5/><V77/><F89/><W130/><G2/><T24/><D4/><U86/><E86/><V102/><F102/><W3/><G3/><T37/><D105/><U132/><E132/><N who="3" m="50762" /><G130/><T113/><D113/><U6/><E6/><V13/><F13/><W67/><G67/><T127/><D15/><U134/><E134/><V124/><F33/><W16/><G19/><T85/><D129/><U103/><E103/><V59/><F77/><W95/><G97/><T94/><D63/><U26/><E45/><V118/><F131/><W43/><G43/><T70/><D70/><U49/><E41/><V119/><F71/><W69/><G69/><T31/><D31/><U18/><E18/><V109/><F119/><W104/><G104/><T10/><D10/><U17/><E17/><V100/><F100/><AGARI ba="0,0" hai="16,23,25,40,42,57,61,65,95,96,100" m="50762" machi="100" ten="30,3900,0" yaku="20,1,52,1,54,1" doraHai="92" who="3" fromWho="2" sc="410,0,108,0,225,-39,257,39" /><INIT seed="2,0,0,2,4,46" ten="410,108,186,296" oya="2" hai0="85,96,10,42,79,28,92,29,114,84,0,125,102" hai1="15,74,128,82,26,72,63,34,121,43,50,60,35" hai2="5,110,77,95,36,13,62,109,44,126,47,88,130" hai3="40,78,20,7,25,122,16,4,18,56,94,1,11"/><V90/><F130/><W51/><G122/><T8/><D114/><U68/><E128/><V67/><F77/><W89/><G78/><T39/><D125/><U131/><E131/><V58/><F126/><W112/><G112/><T31/><D39/><U21/><E15/><V97/><F90/><W65/><G65/><T53/><D42/><U76/><E74/><V61/><F61/><W9/><G18/><T73/><D73/><U124/><E124/><V66/><F66/><W115/><G115/><T91/><D79/><U98/><E121/><V119/><F119/><W103/><G103/><T6/><D8/><U86/><E98/><V100/><F100/><W57/><G40/><T32/><D32/><U129/><E72/><V81/><F81/><W52/><G56/><T69/><D69/><U30/><E68/><V135/><F135/><W106/><G106/><T2/><D2/><U54/><E43/><V38/><F38/><W83/><G83/><T101/><D85/><U105/><E105/><V48/><F36/><W75/><G75/><T24/><D24/><U113/><E113/><V27/><F27/><W55/><G55/><T64/><D64/><U17/><E129/><V120/><F120/><W41/><G41/><T118/><D118/><U12/><REACH who="1" step="1"/><E35/><REACH who="1" ten="410,98,186,296" step="2"/><V14/><F14/><W80/><G1/><T108/><D96/><U59/><AGARI ba="0,1" hai="12,17,21,26,30,34,50,54,59,60,63,76,82,86" machi="59" ten="20,8000,1" yaku="1,1,2,1,0,1,7,1,52,1,53,0" doraHai="46" doraHaiUra="71" who="1" fromWho="1" sc="410,-20,98,90,186,-40,296,-20" /><INIT seed="3,0,0,4,5,22" ten="390,188,146,276" oya="3" hai0="112,123,89,80,94,111,91,17,110,75,84,124,37" hai1="60,24,46,42,49,93,31,44,71,50,125,77,43" hai2="59,101,57,122,103,51,73,79,106,113,68,116,95" hai3="69,35,99,58,81,105,19,64,30,11,129,16,20"/><W26/><G129/><T107/><D37/><U48/><E125/><V109/><F68/><W82/><G11/><T83/><D17/><U4/><E4/><V134/><F106/><W92/><G105/><T78/><D123/><U132/><E132/><V6/><F79/><W0/><G0/><T63/><D63/><U88/><E77/><V127/><F73/><W29/><G69/><T128/><D107/><U10/><E10/><V61/><F109/><N who="0" m="41482" /><D128/><U130/><E130/><V53/><F113/><W114/><G114/><T52/><D52/><N who="1" m="29703" /><E71/><V5/><F116/><W8/><G8/><T117/><D112/><U47/><E60/><V3/><F134/><W120/><G120/><T102/><D117/><U121/><E121/><V87/><F127/><W56/><G30/><T9/><D9/><U12/><E12/><V27/><F3/><W74/><G74/><T7/><D7/><U135/><E135/><V45/><F6/><W55/><G64/><T18/><D18/><N who="3" m="6697" /><G35/><T96/><D124/><U34/><E34/><V62/><F5/><W1/><G1/><T2/><D2/><U33/><E33/><V36/><F122/><W133/><G133/><T86/><D75/><U23/><E93/><V108/><F95/><W25/><G81/><T15/><D15/><U70/><E70/><V104/><F108/><W32/><G82/><T85/><D85/><U54/><E54/><V41/><F104/><W72/><G55/><T38/><D38/><U118/><E118/><V100/><F36/><W98/><G72/><T13/><D13/><U119/><E119/><V115/><F115/><RYUUKYOKU ba="0,0" sc="390,15,188,15,146,-15,276,-15" hai0="78,80,83,84,86,89,91,94,96,102" hai1="23,24,31,42,43,46,47,49,50,88" /><INIT seed="4,1,0,5,4,23" ten="405,203,131,261" oya="0" hai0="37,69,102,63,76,115,22,120,61,104,126,100,82" hai1="24,134,74,34,124,43,40,64,32,122,42,66,10" hai2="36,128,91,26,89,68,75,4,129,112,38,56,93" hai3="96,20,21,80,17,28,107,88,97,92,60,18,62"/><T41/><D120/><U95/><E74/><V81/><F68/><W65/><G28/><T135/><D22/><U90/><E122/><V29/><F4/><W47/><G107/><T87/><D115/><U70/><E134/><V35/><F112/><W16/><G47/><T125/><D69/><U15/><E124/><N who="0" m="47721" /><D104/><U94/><E70/><V117/><F56/><N who="3" m="36999" /><G62/><N who="0" m="23563" /><D135/><U72/><E72/><V83/><F117/><W14/><G80/><N who="2" m="30793" /><F75/><W53/><G53/><T39/><D41/><U9/><E15/><V7/><F7/><W73/><G73/><T11/><D11/><U113/><E113/><V123/><F123/><W131/><G131/><N who="2" m="50249" /><F93/><N who="3" m="56359" /><G14/><T101/><AGARI ba="1,0" hai="37,39,76,82,87,100,101,102" m="23563,47721" machi="101" ten="40,2100,0" yaku="18,1" doraHai="23" who="0" fromWho="0" sc="405,24,203,-8,131,-8,261,-8" /><INIT seed="4,2,0,2,5,43" ten="429,195,123,253" oya="0" hai0="59,60,35,47,103,131,107,49,12,72,74,115,55" hai1="9,97,27,2,121,130,76,38,29,65,81,15,75" hai2="32,22,102,88,93,90,123,30,120,6,117,37,64" hai3="80,128,87,71,48,101,69,18,124,116,24,100,11"/><T62/><D115/><U105/><E121/><V34/><F37/><W33/><G116/><T68/><D35/><U14/><E130/><V122/><F6/><W56/><G128/><T21/><D131/><U1/><E65/><V112/><F112/><W98/><G124/><T119/><D119/><U114/><E114/><V17/><F117/><W41/><G100/><T79/><D79/><U109/><E109/><V8/><F8/><W133/><G133/><T16/><D107/><U113/><E113/><V94/><F102/><W134/><G134/><T10/><D103/><U46/><E2/><V85/><F30/><W66/><G66/><T57/><D68/><U51/><E38/><V129/><F129/><W26/><G33/><T39/><D39/><U25/><E97/><V13/><REACH who="2" step="1"/><F64/><REACH who="2" ten="429,195,113,253" step="2"/><W54/><G11/><T99/><D10/><U19/><E105/><V125/><F125/><W5/><G5/><T126/><D126/><U77/><E29/><V4/><F4/><W50/><G18/><T118/><D118/><U73/><E1/><V108/><F108/><W53/><G71/><T89/><D74/><U82/><E15/><V110/><F110/><W67/><G67/><T52/><D72/><U63/><REACH who="1" step="1"/><E63/><REACH who="1" ten="429,185,113,253" step="2"/><V106/><F106/><W70/><G69/><T104/><D104/><U95/><E95/><V0/><F0/><W78/><G70/><T45/><D62/><U61/><E61/><V40/><F40/><AGARI ba="2,2" hai="9,14,19,25,27,40,46,51,73,75,76,77,81,82" machi="40" ten="30,12000,2" yaku="1,1,7,1,9,1,52,1,53,2" doraHai="43" doraHaiUra="20" who="1" fromWho="2" sc="429,0,185,146,113,-126,253,0" owari="429,53.0,331,13.0,-13,-51.0,253,-15.0" /></mjloggm>