<mjloggm ver="2.3"><GO type="41" lobby="0"/><UN n0="%73%65%61%73%74%6F%72%79" n1="%E2%93%9D%53%75%70%68%78" n2="%E3%83%9F%E3%82%B9%E3%82%A8%E3%82%A4" n3="%E3%81%95%E3%81%8B%E3%82%82%E3%81%A8%E3%82%84%E3%81%99%E3%81%9F%E3%81%8B" dan="15,18,14,15" rate="2006.37,2123.60,1887.01,1937.53" sx="M,M,M,M"/><TAIKYOKU oya="0"/><INIT seed="0,0,0,1,5,99" ten="250,250,250,250" oya="0" hai0="105,32,43,80,14,68,11,37,5,36,27,16,82" hai1="72,112,84,62,26,106,131,81,73,115,30,6,15" hai2="0,67,116,133,130,124,55,100,109,101,56,28,78" hai3="86,8,18,69,65,96,135,83,51,118,2,31,64"/><T50/><D68/><U71/><E131/><V122/><F122/><W54/><G118/><T123/><D123/><U119/><E119/><V74/><F0/><W75/><G75/><T63/><D63/><U128/><E128/><V107/><F116/><W76/><G135/><T45/><D105/><U49/><E49/><V1/><F130/><W58/><G31/><T42/><D32/><U4/><E106/><V61/><F1/><W95/><G69/><T108/><D108/><U47/><E47/><V92/><F107/><W113/><G113/><N who="1" m="43594" /><E15/><V17/><F133/><W13/><REACH who="3" step="1"/><G2/><REACH who="3" ten="250,250,250,240" step="2"/><T121/><D121/><U53/><E73/><V52/><F28/><W127/><G127/><T44/><D50/><U70/><E72/><V88/><F109/><W7/><G7/><T24/><REACH who="0" step="1"/><D5/><REACH who="0" ten="240,250,250,240" step="2"/><U110/><E6/><V46/><F124/><W23/><G23/><T89/><D89/><AGARI ba="0,2" hai="8,13,18,51,54,58,64,65,76,83,86,89,95,96" machi="89" ten="30,3900,0" yaku="1,1,7,1,8,1,53,0" doraHai="99" doraHaiUra="104" who="3" fromWho="0" sc="240,-39,250,0,250,0,240,59" /><INIT seed="1,0,0,1,4,34" ten="201,250,250,299" oya="1" hai0="35,63,60,96,112,50,107,123,51,40,86,127,77" hai1="113,32,73,57,20,47,99,62,45,11,48,42,115" hai2="85,134,111,55,100,130,72,125,31,61,44,70,38" hai3="24,39,6,10,91,1,131,103,64,119,82,9,27"/><U46/><E32/><V94/><F72/><W75/><G131/><T80/><D112/><U109/><E73/><V108/><F130/><W12/><G119/><T65/><D35/><U2/><E20/><V69/><F134/><W81/><G64/><T14/><D123/><U74/><E74/><V88/><F125/><W56/><G103/><T68/><D127/><U122/><E99/><V19/><F31/><W17/><G56/><T41/><D63/><U98/><E98/><V124/><F124/><W58/><G58/><T36/><D14/><U78/><E78/><V18/><F100/><W121/><G121/><T4/><D4/><U83/><E83/><V104/><F104/><W101/><G101/><T59/><D36/><U25/><E25/><V76/><F76/><W33/><G33/><T49/><REACH who="0" step="1"/><D68/><REACH who="0" ten="191,250,250,299" step="2"/><U22/><E122/><V129/><F129/><W15/><G39/><T110/><D110/><U105/><E109/><V5/><F5/><W8/><G27/><T37/><D37/><U97/><E115/><V23/><F38/><W29/><G6/><T21/><D21/><U117/><E22/><V120/><F120/><W43/><G15/><T7/><D7/><N who="1" m="1527" /><E113/><V126/><F126/><W13/><G13/><T71/><D71/><N who="2" m="27146" /><F23/><N who="3" m="15519" /><G12/><T3/><D3/><U79/><E117/><V52/><F111/><W106/><G1/><T84/><D84/><U114/><E114/><V92/><F108/><W95/><G75/><T0/><D0/><U116/><E116/><V90/><F61/><W89/><G10/><T133/><D133/><U16/><E62/><V30/><F85/><RYUUKYOKU ba="0,1" sc="191,30,250,-10,250,-10,299,-10" hai0="40,41,49,50,51,59,60,65,77,80,86,96,107" /><INIT seed="2,1,1,2,0,42" ten="221,240,240,289" oya="2" hai0="131,73,79,89,109,135,68,41,116,3,37,35,60" hai1="15,67,127,2,38,117,57,1,132,110,97,121,6" hai2="118,33,87,46,108,52,17,70,83,64,98,40,20" hai3="49,80,23,7,119,21,44,78,85,112,99,18,45"/><V81/><F118/><W12/><G119/><T14/><RYUUKYOKU type="yao9" ba="1,1" sc="221,0,240,0,240,0,289,0" hai0="3,14,35,37,41,60,68,73,79,89,109,116,131,135" /><INIT seed="2,2,1,1,3,62" ten="221,240,240,289" oya="2" hai0="80,14,50,117,130,83,45,91,102,79,41,1,92" hai1="87,19,35,73,4,5,126,30,13,120,115,9,24" hai2="51,86,47,124,72,119,98,132,54,63,42,77,81" hai3="84,127,56,112,12,25,109,69,48,46,3,29,97"/><V53/><F119/><W95/><G109/><T28/><D1/><U101/><E73/><V26/><F124/><W22/><G69/><T123/><D123/><U113/><E101/><V96/><F132/><W60/><G127/><T104/><D117/><U82/><E126/><V90/><F26/><W0/><G84/><T122/><D122/><U37/><E37/><V31/><F31/><W108/><G108/><T27/><D130/><U116/><E116/><V99/><REACH who="2" step="1"/><F63/><REACH who="2" ten="221,240,230,289" step="2"/><W76/><G29/><T57/><D27/><U33/><E120/><V38/><F38/><W11/><G25/><T75/><D28/><U52/><E35/><V111/><F111/><W67/><G112/><T32/><D32/><U70/><E115/><V66/><F66/><W8/><G67/><T18/><D104/><U20/><E113/><V89/><F89/><W110/><G60/><T40/><D102/><U94/><E33/><V2/><F2/><W78/><G0/><T88/><D91/><U135/><E135/><V105/><F105/><W134/><G3/><T34/><D34/><U133/><E133/><V114/><F114/><W85/><G134/><T103/><D103/><U58/><E30/><V6/><F6/><W65/><G65/><T121/><D121/><U93/><E5/><V74/><F74/><W16/><G110/><T128/><D75/><U131/><E131/><V10/><F10/><W106/><G106/><T55/><D128/><U39/><E39/><V100/><F100/><W15/><G8/><T59/><D88/><N who="1" m="51319" /><E70/><V21/><F21/><N who="3" m="11399" /><G15/><T71/><D71/><U23/><E23/><RYUUKYOKU ba="2,2" sc="221,-15,240,15,230,15,289,-15" hai1="4,9,13,19,20,24,52,58,93,94" hai2="42,47,51,53,54,72,77,81,86,90,96,98,99" /><INIT seed="2,3,2,0,4,10" ten="206,255,245,274" oya="2" hai0="131,81,96,92,53,76,6,106,13,64,129,57,67" hai1="55,133,7,79,56,73,19,132,49,14,31,50,94" hai2="45,100,35,16,1,30,21,123,102,52,48,71,84" hai3="119,109,66,122,121,36,40,69,128,61,63,62,41"/><V29/><F123/><N who="3" m="47115" /><G119/><T20/><D106/><U26/><E7/><V90/><F71/><W3/><G3/><T105/><D105/><U117/><E117/><V25/><F1/><W9/><G9/><N who="0" m="4279" /><D20/><U107/><E107/><V91/><F91/><W88/><G88/><N who="0" m="55303" /><D81/><U108/><E94/><N who="2" m="54599" /><F35/><W89/><G89/><T44/><D44/><U34/><E34/><V59/><F45/><W46/><G109/><T130/><D76/><U24/><E108/><V77/><F77/><W116/><G116/><T74/><D74/><U98/><E73/><V75/><F75/><W83/><G83/><T8/><D8/><U2/><E79/><V15/><F25/><W101/><G101/><AGARI ba="3,2" hai="15,16,21,29,30,48,52,59,100,101,102" m="54599" machi="101" ten="30,12000,1" yaku="25,1,8,1,52,1,54,2" doraHai="10" who="2" fromWho="3" sc="206,0,255,0,245,149,274,-129" /><INIT seed="2,4,0,1,3,32" ten="206,255,394,145" oya="2" hai0="35,24,40,26,43,74,102,106,66,114,38,91,135" hai1="36,125,104,63,25,80,77,21,23,3,8,110,2" hai2="62,70,120,123,0,56,108,41,129,68,73,50,27" hai3="134,4,20,116,87,101,85,117,19,109,39,57,131"/><V75/><F0/><W105/><G109/><T52/><D114/><U127/><E104/><V90/><F27/><W112/><G39/><T107/><D74/><U65/><E36/><V42/><F108/><W124/><G112/><T6/><D66/><U13/><E110/><V53/><F90/><W86/><G124/><N who="1" m="47690" /><E13/><V96/><F96/><W95/><G105/><T47/><D6/><N who="1" m="1111" /><E3/><V121/><F75/><W88/><G4/><T99/><D135/><U46/><E46/><N who="2" m="27863" /><F73/><W17/><G134/><T28/><D107/><U18/><E18/><V113/><F113/><W48/><G19/><T16/><D91/><U133/><E25/><V71/><F129/><W83/><G131/><T61/><D38/><U1/><E1/><V97/><F97/><N who="3" m="59583" /><G117/><T10/><D10/><U51/><E51/><V45/><F45/><W78/><G116/><T92/><D106/><U94/><E94/><V64/><AGARI ba="4,0" hai="41,42,56,62,64,68,70,71,120,121,123" m="27863" machi="64" ten="40,3900,0" yaku="34,2" doraHai="32" who="2" fromWho="2" sc="206,-17,255,-17,394,51,145,-17" /><INIT seed="2,5,0,5,1,11" ten="189,238,445,128" oya="2" hai0="126,0,24,42,112,4,88,111,16,12,95,63,8" hai1="72,125,48,39,27,105,98,40,85,75,91,23,118" hai2="117,97,114,109,65,19,55,33,51,52,25,120,99" hai3="26,35,92,34,1,53,60,22,113,102,36,45,46"/><V82/><F117/><W31/><G1/><T122/><D112/><U13/><E39/><V29/><F120/><W81/><G113/><T62/><D122/><U83/><E125/><V96/><F114/><W101/><G35/><T32/><D126/><U79/><E118/><V43/><F109/><W41/><G34/><T130/><D42/><U2/><E2/><V74/><F74/><W80/><G101/><T93/><D111/><U9/><E105/><V7/><F82/><W115/><G115/><T38/><D38/><U104/><E104/><V107/><F107/><W67/><G53/><T15/><D95/><U54/><E40/><V131/><F131/><W70/><G46/><T6/><D130/><U71/><E71/><V108/><F7/><W14/><G102/><T73/><D73/><U56/><E98/><V49/><F65/><W69/><G69/><T47/><D47/><U57/><E57/><V58/><F108/><W20/><REACH who="3" step="1"/><G92/><REACH who="3" ten="189,238,445,118" step="2"/><T94/><D94/><U50/><E54/><V3/><F3/><W132/><G132/><T84/><D0/><U77/><E56/><N who="2" m="32879" /><F43/><W89/><G89/><T103/><D103/><U127/><E91/><V133/><F133/><W68/><G68/><T124/><D32/><U5/><E127/><V135/><F135/><W37/><G37/><T106/><D124/><U59/><E59/><V116/><F116/><W17/><AGARI ba="5,1" hai="14,17,20,22,26,31,36,41,45,60,67,70,80,81" machi="17" ten="30,7900,0" yaku="1,1,0,1,52,1,53,1" doraHai="11" doraHaiUra="61" who="3" fromWho="3" sc="189,-25,238,-25,445,-44,118,104" /><INIT seed="3,0,0,4,0,130" ten="164,213,401,222" oya="3" hai0="39,63,20,106,131,77,104,17,51,12,114,115,47" hai1="74,103,91,35,128,97,90,24,129,31,4,133,10" hai2="14,54,7,113,124,27,70,21,92,80,1,23,55" hai3="15,6,44,68,50,25,123,41,81,34,98,93,87"/><W59/><G123/><T109/><D131/><N who="1" m="50251" /><E74/><V46/><F70/><W108/><G68/><T43/><D109/><U111/><E111/><V64/><F113/><W102/><G108/><T48/><D77/><U42/><E42/><V8/><F64/><W117/><G117/><T11/><D63/><U58/><E58/><V5/><F124/><W105/><G34/><T112/><D11/><U73/><E73/><V85/><F92/><W86/><G25/><T95/><D95/><N who="1" m="58815" /><E133/><V40/><F5/><W79/><G59/><T60/><D60/><U119/><E119/><V75/><F1/><AGARI ba="0,0" hai="1,4,10,24,31,35,90,91" m="58815,50251" machi="1" ten="30,1000,0" yaku="19,1" doraHai="130" who="1" fromWho="2" sc="164,0,213,10,401,-10,222,0" /><INIT seed="4,0,0,1,5,16" ten="164,223,391,222" oya="0" hai0="132,121,107,129,57,134,83,15,101,10,98,41,2" hai1="118,116,0,94,64,37,99,22,131,43,103,7,21" hai2="13,110,49,61,89,96,93,39,85,54,9,8,67" hai3="66,4,30,79,72,117,106,36,127,50,109,24,11"/><T115/><D121/><U1/><E131/><V104/><F39/><W65/><G109/><T112/><D129/><U114/><E64/><V82/><F110/><W6/><G36/><T35/><D35/><U23/><E114/><N who="0" m="43561" /><D2/><U76/><E76/><V78/><F104/><W84/><G72/><T18/><D41/><U48/><E37/><V100/><F78/><W113/><G4/><T47/><D47/><U62/><E62/><V69/><REACH who="2" step="1"/><F13/><REACH who="2" ten="164,223,381,222" step="2"/><W68/><G113/><T90/><D57/><AGARI ba="0,1" hai="8,9,49,54,57,61,67,69,82,85,89,93,96,100" machi="57" ten="30,3900,0" yaku="1,1,2,1,7,1,53,0" doraHai="16" doraHaiUra="31" who="2" fromWho="0" sc="164,-39,223,0,381,49,222,0" /><INIT seed="5,0,0,2,2,60" ten="125,223,430,222" oya="1" hai0="68,53,26,106,76,131,16,93,114,36,33,20,28" hai1="66,48,61,95,101,11,62,97,112,14,23,133,87" hai2="15,77,30,63,115,72,73,116,55,4,99,120,84" hai3="39,81,58,107,90,124,122,32,64,44,79,117,126"/><U88/><E112/><V91/><F116/><W7/><G122/><T9/><D106/><U10/><E62/><V24/><F120/><W83/><G117/><T128/><D36/><U127/><E133/><V109/><F109/><W132/><G32/><T8/><D114/><U98/><E127/><N who="3" m="48682" /><G107/><T102/><D76/><U100/><E48/><V80/><F115/><W22/><G7/><T17/><D68/><U113/><E113/><V103/><F4/><W13/><G90/><T43/><D43/><U6/><E23/><V21/><F15/><W111/><G83/><T50/><D102/><N who="1" m="39531" /><E11/><N who="0" m="4169" /><D93/><U78/><E78/><V65/><F55/><W67/><G58/><AGARI ba="0,0" hai="6,10,14,58,61,66,87,88,95,97,98" m="39531" machi="58" ten="30,5800,0" yaku="8,1,52,1,54,1" doraHai="60" who="1" fromWho="3" sc="125,0,223,58,430,0,222,-58" /><INIT seed="5,1,0,4,3,7" ten="125,281,430,164" oya="1" hai0="32,73,63,80,116,88,29,82,95,55,22,84,107" hai1="54,1,135,120,99,37,21,44,39,43,114,65,47" hai2="33,81,16,87,53,38,36,41,14,83,105,72,2" hai3="90,8,48,112,56,51,74,9,30,71,4,45,61"/><U75/><E75/><V106/><F2/><W123/><G123/><T102/><D116/><U118/><E1/><V76/><F33/><W111/><G111/><T128/><D32/><U35/><E35/><V28/><F28/><W60/><G74/><T86/><D128/><U117/><E21/><V26/><F26/><W23/><G71/><T122/><D122/><U34/><E99/><V40/><F53/><W93/><G4/><T131/><D131/><U109/><E34/><V121/><F121/><W113/><G60/><T52/><D107/><U101/><E101/><V25/><F25/><N who="3" m="16703" /><G112/><T17/><D29/><U100/><E100/><V129/><F129/><W3/><G3/><T77/><D63/><U57/><E114/><V98/><F38/><W78/><G78/><T108/><D108/><U124/><E109/><V103/><F106/><W132/><G113/><T15/><D102/><U126/><E120/><V130/><F130/><W50/><G45/><T110/><D110/><U24/><E24/><V66/><F36/><W64/><G132/><T133/><D133/><U31/><E31/><V97/><F66/><W96/><AGARI ba="1,0" hai="8,9,48,50,51,56,61,64,90,93,96" m="16703" machi="96" ten="30,4000,0" yaku="8,1,52,2" doraHai="7" who="3" fromWho="3" sc="125,-11,281,-21,430,-11,164,43" /><INIT seed="6,0,0,2,1,36" ten="114,260,419,207" oya="2" hai0="132,10,83,90,13,89,86,118,104,112,103,117,54" hai1="123,22,72,23,98,76,68,100,8,37,46,126,51" hai2="119,50,44,95,32,121,134,52,0,47,31,93,12" hai3="64,56,131,122,17,124,107,74,66,115,73,15,88"/><V87/><F121/><W63/><G124/><T120/><D120/><U81/><E37/><V101/><F0/><W43/><G122/><T19/><D132/><U53/><E68/><V109/><F119/><W62/><G131/><T55/><D112/><U18/><E126/><V24/><F134/><W57/><G107/><T85/><D118/><U5/><E18/><V71/><F71/><W7/><G7/><T108/><D108/><U9/><E9/><V45/><F109/><W1/><G1/><T16/><D117/><U125/><E125/><V21/><F95/><W4/><G4/><T25/><D103/><U3/><REACH who="1" step="1"/><E123/><REACH who="1" ten="114,250,419,207" step="2"/><V91/><F101/><W75/><G115/><T128/><D128/><U48/><E48/><V49/><F49/><W79/><G63/><T127/><D127/><U110/><E110/><V41/><F50/><W78/><G62/><T116/><D116/><U113/><E113/><V114/><F114/><W106/><G66/><T34/><D104/><AGARI ba="0,1" hai="3,5,8,22,23,46,51,53,72,76,81,98,100,104" machi="104" ten="30,2000,0" yaku="1,1,7,1,53,0" doraHai="36" doraHaiUra="67" who="1" fromWho="0" sc="114,-20,250,30,419,0,207,0" /><INIT seed="7,0,0,5,2,33" ten="94,280,419,207" oya="3" hai0="122,32,55,1,35,124,118,72,106,81,7,90,87" hai1="97,88,108,51,76,112,5,114,73,129,123,13,38" hai2="39,17,83,61,47,6,116,66,49,74,132,63,22" hai3="104,24,86,115,75,40,98,28,12,60,59,11,18"/><W43/><G115/><N who="1" m="44074" /><E38/><V125/><F116/><W9/><G75/><T107/><D118/><U3/><E13/><V56/><F39/><W26/><G26/><T54/><D122/><U8/><E129/><V110/><F110/><W52/><G11/><T19/><D124/><U45/><E123/><V21/><F132/><W0/><G0/><T46/><D72/><U10/><E10/><V68/><F125/><W15/><G15/><T62/><D35/><U80/><E108/><V29/><F6/><W99/><G86/><T57/><D32/><U42/><E97/><N who="3" m="36874" /><G104/><T119/><D119/><U65/><E65/><V16/><F74/><W67/><G67/><T71/><D71/><U41/><E88/><V4/><F4/><W37/><G37/><T131/><D131/><U111/><E111/><V100/><F100/><W70/><G70/><T92/><D92/><U101/><E101/><V93/><F93/><W77/><G77/><T20/><D46/><U120/><E120/><V31/><F68/><W121/><G121/><T134/><D55/><AGARI ba="0,0" hai="3,5,8,41,42,45,51,55,73,76,80" m="44074" machi="55" ten="30,2000,0" yaku="15,1,52,1" doraHai="33" who="1" fromWho="0" sc="94,-20,280,20,419,0,207,0" owari="74,-43.0,300,10.0,419,52.0,207,-19.0" /></mjloggm>