<mjloggm ver="2.3"><GO type="41" lobby="0"/><UN n0="%E9%9B%80%E3%82%B4%E3%83%AD%49%53" n1="%E2%93%9D%53%75%70%68%78" n2="%E8%B1%9A" n3="%E3%82%82%E3%82%93%E3%82%82%E3%82%93" dan="13,18,15,15" rate="1821.33,2104.54,2005.60,1995.78" sx="M,M,F,M"/><TAIKYOKU oya="0"/><INIT seed="0,0,0,2,0,73" ten="250,250,250,250" oya="0" hai0="103,7,61,115,81,2,24,10,102,111,34,68,91" hai1="89,71,16,116,58,37,134,105,70,122,120,113,100" hai2="125,65,26,98,88,123,55,32,114,93,72,104,95" hai3="85,20,128,121,29,82,108,64,21,6,56,124,76"/><T9/><D115/><U66/><E100/><V27/><F123/><W106/><G106/><T101/><D10/><U8/><E105/><V118/><F125/><W107/><G107/><T119/><D119/><U17/><E37/><V35/><F114/><W112/><G112/><T47/><D111/><U79/><E113/><V67/><F72/><W126/><G108/><T39/><D39/><U53/><E134/><V135/><F104/><W12/><G121/><T87/><D47/><U60/><E89/><V57/><F135/><W22/><G128/><T99/><D99/><U69/><E116/><V44/><F44/><W48/><G126/><T15/><D24/><N who="2" m="9258" /><F32/><W117/><G117/><T80/><D34/><U38/><E38/><V52/><F35/><W25/><G124/><T40/><D40/><U90/><E122/><V3/><F3/><W30/><G25/><T49/><D49/><U50/><E90/><N who="2" m="55607" /><F118/><W92/><G92/><T63/><D68/><U96/><E96/><N who="2" m="57447" /><F55/><N who="3" m="31847" /><G64/><T45/><D2/><U51/><E120/><V0/><F0/><W109/><G109/><T31/><D45/><U41/><E41/><V78/><F78/><W75/><G75/><T18/><D31/><U36/><E36/><V5/><F5/><W62/><G30/><T43/><D7/><U11/><E79/><V28/><F28/><W33/><G29/><T130/><D43/><U54/><E54/><V1/><F1/><W133/><G33/><T110/><D110/><U74/><E74/><V23/><F23/><N who="3" m="8779" /><G133/><T131/><D80/><U84/><E53/><V132/><F132/><W97/><G6/><RYUUKYOKU ba="0,0" sc="250,15,250,-15,250,15,250,-15" hai0="9,15,18,61,63,81,87,91,101,102,103,130,131" hai2="52,57,65,67" /><INIT seed="0,1,0,5,3,67" ten="265,235,265,235" oya="0" hai0="1,54,39,87,135,33,79,11,15,77,41,106,32" hai1="84,101,115,96,60,9,98,82,3,70,120,71,89" hai2="50,34,118,109,38,78,13,12,52,85,59,91,117" hai3="131,81,47,35,30,105,130,125,55,57,69,42,76"/><T5/><D135/><U92/><E120/><V44/><F34/><W102/><G125/><T45/><D106/><U107/><E115/><V132/><F109/><W68/><G35/><T94/><D77/><U88/><REACH who="1" step="1"/><E60/><REACH who="1" ten="265,225,265,235" step="2"/><V20/><F132/><W62/><G131/><T129/><D129/><U99/><E99/><V133/><F133/><W127/><G130/><T16/><D54/><U113/><E113/><V110/><F110/><W63/><G63/><T114/><D114/><U108/><E108/><V58/><F117/><W134/><G134/><T75/><D75/><U36/><E36/><V95/><F38/><W6/><G62/><T40/><D40/><U27/><E27/><V73/><F118/><W43/><G55/><T90/><REACH who="0" step="1"/><D79/><REACH who="0" ten="255,225,265,235" step="2"/><U121/><E121/><V111/><F111/><W123/><G76/><T64/><D64/><U46/><E46/><V53/><F73/><W18/><G47/><T8/><AGARI ba="1,2" hai="1,5,8,11,15,16,32,33,39,41,45,87,90,94" machi="8" ten="20,7800,0" yaku="1,1,0,1,7,1,54,1,53,0" doraHai="67" doraHaiUra="56" who="0" fromWho="0" sc="255,101,225,-27,265,-27,235,-27" /><INIT seed="0,2,0,1,3,72" ten="356,198,238,208" oya="0" hai0="118,49,14,114,28,8,117,129,113,99,94,125,80" hai1="17,12,115,112,37,45,130,10,100,134,59,86,132" hai2="31,92,21,62,104,126,91,30,85,2,106,43,22" hai3="96,79,7,29,120,84,41,123,23,60,58,51,103"/><T44/><D129/><U75/><E75/><V61/><F126/><W108/><G108/><T0/><D0/><U46/><E100/><V47/><F2/><W107/><G7/><T110/><D125/><U69/><E69/><V64/><F22/><W87/><G41/><T74/><D74/><U35/><E35/><V131/><F131/><W32/><G32/><T71/><D71/><U57/><E86/><V95/><F95/><W102/><G51/><T128/><D128/><U76/><E130/><V68/><F62/><W78/><G103/><T1/><D1/><U82/><E37/><V42/><F42/><W54/><G87/><T19/><D110/><U119/><E119/><V66/><F66/><W27/><REACH who="3" step="1"/><G84/><REACH who="3" ten="356,198,238,198" step="2"/><T109/><D109/><U127/><E127/><V4/><F4/><W111/><G111/><T16/><D118/><U81/><E115/><V34/><F34/><W25/><G25/><T52/><D117/><U121/><E112/><V124/><F124/><W101/><G101/><T65/><D114/><U48/><E48/><V11/><F43/><W26/><G26/><T33/><D113/><U97/><E97/><V40/><F40/><W3/><G3/><T50/><D33/><U133/><E133/><V73/><F73/><W105/><G105/><T5/><D50/><U93/><E134/><V18/><F104/><W9/><G9/><T63/><D99/><U24/><E132/><V88/><F11/><W70/><G70/><T53/><D8/><U90/><E10/><V39/><F106/><W36/><G36/><T20/><D5/><U122/><E24/><RYUUKYOKU ba="2,1" sc="356,-10,198,-10,238,-10,198,30" hai3="23,27,29,54,58,60,78,79,96,102,107,120,123" /><INIT seed="1,3,1,0,4,15" ten="346,188,228,228" oya="1" hai0="120,85,114,28,128,47,74,119,91,21,61,126,110" hai1="46,84,87,65,103,79,116,101,104,125,19,38,72" hai2="27,112,115,3,18,16,52,2,25,56,70,10,48" hai3="36,26,44,100,129,127,132,20,42,55,51,99,62"/><U117/><E65/><V93/><F70/><W58/><G129/><T39/><D61/><U107/><E46/><V31/><F93/><W134/><G127/><T17/><D28/><U54/><E54/><V66/><F66/><W63/><G134/><T78/><D47/><U133/><E38/><V0/><F27/><W45/><G45/><T49/><D49/><U50/><E50/><V69/><F69/><W108/><G108/><T67/><D67/><U22/><E22/><V113/><F10/><W60/><G132/><T35/><D21/><AGARI ba="3,1" hai="0,2,3,16,18,21,25,31,48,52,56,112,113,115" machi="21" ten="50,8000,1" yaku="11,1,52,2,54,2" doraHai="15" who="2" fromWho="0" sc="346,-89,188,0,228,99,228,0" /><INIT seed="2,0,0,5,3,10" ten="257,188,327,228" oya="2" hai0="54,51,76,87,122,128,40,117,39,46,77,109,110" hai1="86,59,11,42,20,121,1,17,34,31,89,105,35" hai2="115,80,106,96,100,108,12,6,112,72,56,57,16" hai3="91,47,111,14,94,61,83,75,32,84,66,30,65"/><V38/><F38/><W88/><G111/><N who="0" m="42507" /><D122/><U0/><E105/><V132/><F108/><W95/><G47/><T33/><D33/><U43/><E59/><V64/><F6/><W68/><G65/><T81/><D117/><U19/><E89/><V27/><F27/><W103/><G103/><T9/><D9/><U74/><E86/><V7/><F7/><W60/><G60/><T58/><D128/><U3/><E74/><V8/><F132/><W99/><G75/><T52/><D54/><U118/><E43/><V49/><F49/><W79/><G30/><T126/><D126/><U4/><E42/><V130/><F130/><W73/><REACH who="3" step="1"/><G32/><REACH who="3" ten="257,188,327,218" step="2"/><N who="1" m="12330" /><E121/><V15/><F64/><W116/><G116/><T13/><D77/><U25/><E118/><V98/><F57/><W48/><G48/><T131/><D131/><U67/><E67/><V127/><F56/><W5/><G5/><T41/><D41/><U135/><E135/><V93/><F127/><W21/><G21/><T53/><D53/><U124/><E124/><V24/><F72/><W26/><G26/><T36/><D36/><U129/><E129/><V23/><F24/><W125/><G125/><T85/><D46/><U97/><E97/><V69/><F98/><W107/><G107/><T120/><D40/><U62/><E62/><V50/><F50/><W101/><G101/><T29/><D39/><U28/><E28/><V92/><F106/><W114/><G114/><T133/><D29/><U119/><E119/><V90/><F100/><W2/><G2/><AGARI ba="0,1" hai="0,1,2,3,4,11,17,19,20,25,31" m="12330" machi="2" ten="40,8000,1" yaku="35,5" doraHai="10" who="1" fromWho="3" sc="257,0,188,90,327,0,218,-80" /><INIT seed="3,0,0,3,3,13" ten="257,278,327,138" oya="3" hai0="121,44,124,9,101,113,19,90,107,56,97,85,117" hai1="60,5,29,74,17,35,96,40,129,33,134,39,6" hai2="28,52,93,95,68,73,105,51,81,11,126,59,83" hai3="66,98,76,108,135,130,55,58,128,23,106,32,47"/><W20/><G32/><T3/><D121/><U30/><E74/><V1/><F126/><W99/><G135/><T54/><D117/><U109/><E60/><V57/><F105/><W41/><G66/><T36/><D124/><U15/><E96/><N who="3" m="36906" /><G106/><T49/><D113/><U111/><E40/><V115/><F68/><W133/><G76/><T116/><D116/><U8/><E39/><V84/><F115/><W94/><G94/><T103/><D103/><U18/><E129/><N who="3" m="49770" /><G108/><N who="1" m="41546" /><E134/><V78/><F28/><N who="1" m="10857" /><E6/><V87/><F73/><W88/><G88/><T119/><D119/><U38/><E38/><V120/><F120/><W122/><G122/><T50/><D36/><U69/><E69/><V16/><F1/><W132/><G132/><T100/><D3/><U89/><E89/><N who="2" m="51343" /><F59/><W62/><G133/><T72/><D100/><U53/><E53/><V127/><F127/><W131/><N who="3" m="49778" /><W86/><DORA hai="37" /><G86/><T24/><D72/><U125/><E125/><V112/><F112/><W110/><G110/><T10/><D90/><U31/><E35/><V82/><F82/><W63/><G63/><T102/><D85/><U43/><E43/><V61/><F61/><W4/><G4/><T91/><D91/><U48/><E48/><AGARI ba="0,0" hai="20,23,41,47,48,55,58,62" m="49778,36906" machi="48" ten="40,3900,0" yaku="19,1,52,1" doraHai="13,37" who="3" fromWho="1" sc="257,0,278,-39,327,0,138,39" /><INIT seed="3,1,0,4,1,131" ten="257,239,327,177" oya="3" hai0="97,6,113,82,60,88,121,4,117,50,42,52,125" hai1="11,25,102,39,26,87,18,13,49,80,61,19,135" hai2="70,59,54,56,41,51,86,16,55,89,91,2,9" hai3="34,45,8,20,57,67,62,37,94,48,78,69,17"/><W30/><G78/><T130/><D121/><U65/><E39/><V66/><F70/><W107/><G107/><T84/><D117/><U31/><E102/><V5/><F66/><W1/><G94/><T134/><D130/><U101/><E101/><V105/><F105/><W29/><G34/><T123/><D123/><U112/><E112/><V98/><F41/><W28/><G1/><T38/><D113/><U0/><E0/><V115/><F98/><W44/><G8/><T32/><D32/><U110/><E110/><V71/><F71/><W104/><G104/><T68/><D38/><U36/><E36/><V43/><F43/><W81/><G81/><T116/><D116/><U58/><E31/><V118/><F118/><W10/><G10/><T103/><D42/><U124/><E124/><V133/><F133/><W7/><G7/><T72/><D134/><U12/><E49/><V47/><F55/><W23/><G37/><T122/><D122/><U129/><E135/><V40/><F54/><N who="3" m="31943" /><G17/><T128/><D72/><U3/><E3/><V73/><F73/><W22/><G45/><T85/><D128/><U126/><E126/><V106/><F106/><W132/><G44/><T21/><D125/><U15/><E129/><V99/><F16/><N who="1" m="6185" /><E11/><V64/><F115/><W120/><G120/><T77/><D4/><U53/><E53/><V33/><F33/><W93/><G132/><T14/><D6/><U76/><AGARI ba="1,0" hai="12,13,15,25,26,58,61,65,76,80,87" m="6185" machi="76" ten="30,2000,0" yaku="8,1,54,1" doraHai="131" who="1" fromWho="1" sc="257,-6,239,23,327,-6,177,-11" /><INIT seed="4,0,0,5,2,129" ten="251,262,321,166" oya="0" hai0="45,46,38,85,107,118,120,62,15,113,17,57,99" hai1="73,5,112,82,91,106,125,20,90,26,123,28,88" hai2="25,110,92,95,30,59,96,119,117,121,39,67,35" hai3="58,60,8,47,3,77,133,52,69,114,1,122,80"/><T55/><D120/><U18/><E123/><V102/><F39/><W126/><G122/><T51/><D118/><N who="2" m="45066" /><F110/><W29/><G114/><T53/><D113/><U48/><E106/><N who="2" m="63815" /><F121/><W101/><G126/><T19/><D85/><U4/><E112/><V36/><F36/><W21/><G101/><T130/><D130/><U31/><E125/><V14/><F14/><W40/><G69/><T0/><D0/><U41/><E73/><V42/><F42/><W111/><G111/><T87/><D107/><U10/><E82/><V54/><F67/><W16/><G133/><T131/><D131/><U97/><E97/><V76/><F76/><W9/><G29/><N who="1" m="11338" /><E10/><V27/><F25/><W116/><G3/><T63/><D99/><U32/><E32/><V7/><F7/><W98/><G1/><T72/><D72/><U109/><E109/><V13/><F13/><W66/><G66/><T135/><D135/><U43/><E43/><V11/><F11/><W93/><G93/><T68/><D68/><U23/><E23/><V22/><F22/><W33/><G98/><T128/><D128/><U24/><E24/><V6/><F6/><W50/><G33/><T56/><D38/><U44/><AGARI ba="0,0" hai="4,5,18,20,26,41,44,48,88,90,91" m="11338" machi="44" ten="30,2000,0" yaku="8,1,54,1" doraHai="129" who="1" fromWho="1" sc="251,-10,262,20,321,-5,166,-5" /><INIT seed="5,0,0,4,3,62" ten="241,282,316,161" oya="1" hai0="51,37,42,67,53,46,44,32,23,133,31,132,92" hai1="75,105,24,55,111,69,99,103,2,65,108,57,113" hai2="14,130,82,64,66,117,134,61,10,47,11,41,58" hai3="131,89,27,91,90,107,81,1,70,40,74,78,13"/><U22/><E75/><V38/><F117/><W0/><G107/><T9/><D32/><U96/><E2/><V119/><F119/><W33/><G40/><T95/><D9/><U124/><E113/><V123/><F123/><W120/><G120/><T80/><D80/><U15/><E15/><V118/><F118/><W135/><G135/><T56/><D31/><U126/><E99/><V125/><F134/><N who="0" m="51818" /><D23/><U28/><E69/><V54/><F125/><N who="1" m="48233" /><E55/><V127/><F130/><W17/><G70/><T43/><D95/><U59/><E65/><V100/><F127/><W114/><G114/><T20/><D20/><U85/><E85/><V104/><F11/><W49/><G131/><T109/><D92/><U102/><E102/><V35/><F35/><W93/><G93/><T52/><D109/><AGARI ba="0,0" hai="22,24,28,57,59,96,103,105,108,109,111" m="48233" machi="109" ten="30,2900,0" yaku="10,1,18,1" doraHai="62" who="1" fromWho="0" sc="241,-29,282,29,316,0,161,0" /><INIT seed="5,1,0,4,5,124" ten="212,311,316,161" oya="1" hai0="75,4,133,25,49,0,45,95,126,79,90,101,88" hai1="120,35,134,40,15,112,56,123,63,12,78,18,57" hai2="34,83,28,46,135,73,104,98,96,80,2,47,27" hai3="54,81,30,97,7,42,89,21,16,103,70,129,52"/><U132/><E35/><V64/><F135/><N who="1" m="51753" /><E78/><V125/><F125/><W10/><G129/><T82/><D133/><U106/><E106/><V17/><F2/><W37/><G70/><T43/><D126/><U1/><E1/><V59/><F73/><W121/><G30/><T115/><D115/><U66/><E112/><V76/><F104/><W69/><G69/><T33/><D33/><U31/><E31/><V114/><F83/><W108/><G108/><T36/><D25/><U130/><E40/><V19/><F114/><W39/><G121/><N who="1" m="46666" /><E57/><V9/><F59/><W93/><G42/><T24/><D49/><U13/><E18/><V11/><F19/><W20/><G39/><T113/><D24/><U84/><E84/><V105/><F64/><W5/><G37/><T74/><D74/><U62/><E62/><V122/><F122/><W26/><G7/><T116/><D116/><U94/><E94/><V32/><F32/><W14/><G20/><T58/><D58/><U22/><E22/><V100/><F96/><W44/><G44/><T29/><D29/><U60/><E60/><V50/><F17/><W119/><G119/><T68/><D68/><U87/><E87/><AGARI ba="1,0" hai="5,10,14,16,21,26,52,54,81,87,89,93,97,103" machi="87" ten="40,5200,0" yaku="8,1,54,2" doraHai="124" who="3" fromWho="1" sc="212,0,311,-55,316,0,161,55" /><INIT seed="6,0,0,4,5,120" ten="212,256,316,216" oya="2" hai0="82,15,66,70,9,98,78,67,118,73,117,105,59" hai1="75,51,18,50,116,36,26,65,124,0,92,123,102" hai2="4,57,63,100,19,129,35,1,99,29,62,5,10" hai3="109,30,104,60,32,111,84,96,88,122,77,72,93"/><V106/><F129/><W107/><G122/><T43/><D43/><U134/><E116/><N who="0" m="44649" /><D70/><U31/><E0/><V81/><F5/><W22/><G32/><T44/><D44/><U94/><E134/><V68/><F68/><W79/><G60/><T61/><D105/><N who="3" m="40521" /><G30/><T86/><D98/><U56/><E124/><V87/><F19/><W3/><G22/><T11/><D11/><U46/><E46/><V28/><F35/><W34/><G3/><T7/><D67/><U41/><E65/><V6/><F6/><W40/><G34/><T47/><D47/><U115/><E123/><V90/><REACH who="2" step="1"/><F63/><REACH who="2" ten="212,256,306,216" step="2"/><W14/><G40/><T91/><D73/><U108/><E75/><V69/><F69/><W20/><G14/><T103/><D103/><U24/><E102/><V135/><F135/><W27/><G27/><T54/><D66/><AGARI ba="0,1" hai="1,4,10,28,29,57,62,66,81,87,90,99,100,106" machi="66" ten="30,2900,0" yaku="1,1,7,1,53,0" doraHai="120" doraHaiUra="16" who="2" fromWho="0" sc="212,-29,256,0,306,39,216,0" /><INIT seed="6,1,0,5,3,52" ten="183,256,345,216" oya="2" hai0="87,76,54,63,57,14,101,11,106,58,79,4,107" hai1="135,36,28,103,118,75,29,40,48,80,12,102,50" hai2="43,55,72,90,130,0,70,73,117,64,19,65,6" hai3="33,38,82,51,37,66,115,98,59,60,91,47,7"/><V23/><F117/><W124/><G33/><T134/><D134/><U128/><E128/><V112/><F112/><W108/><G108/><T46/><D46/><U92/><E36/><V53/><F43/><W88/><G7/><T45/><D45/><U13/><E75/><V100/><F100/><W93/><G115/><T71/><D71/><U126/><E126/><V83/><F6/><W42/><REACH who="3" step="1"/><G124/><REACH who="3" ten="183,256,345,206" step="2"/><T62/><D107/><U78/><E118/><V35/><F35/><W116/><G116/><T77/><D106/><U8/><E135/><V132/><F132/><W125/><G125/><T32/><D32/><U99/><E29/><V16/><F130/><W30/><G30/><T27/><D27/><U114/><E28/><V86/><F19/><W20/><G20/><T44/><D44/><U95/><E114/><V85/><F16/><W17/><G17/><T121/><D121/><U39/><E8/><V2/><F23/><W41/><G41/><T127/><D127/><U74/><E40/><V1/><F1/><W69/><G69/><T5/><D5/><U22/><E22/><V24/><F70/><W3/><G3/><T61/><D101/><U49/><E39/><V111/><F24/><W84/><AGARI ba="1,1" hai="37,38,42,47,51,59,60,66,82,84,88,91,93,98" machi="84" ten="30,7900,0" yaku="1,1,0,1,52,1,54,1,53,0" doraHai="52" doraHaiUra="96" who="3" fromWho="3" sc="183,-21,256,-21,345,-40,206,92" /><INIT seed="7,0,0,3,2,93" ten="162,235,305,298" oya="3" hai0="84,58,48,34,122,18,108,102,30,53,134,45,43" hai1="87,23,121,117,106,63,38,40,17,123,79,77,32" hai2="41,57,68,75,70,90,5,61,25,46,60,20,0" hai3="76,113,67,6,95,119,1,124,82,16,64,100,11"/><W65/><G119/><T49/><D122/><U69/><E32/><V103/><F103/><W28/><G113/><T13/><D108/><U27/><E117/><V66/><F75/><W94/><G124/><T54/><D134/><U88/><E106/><V135/><F135/><W101/><G28/><T120/><D120/><U89/><E123/><V31/><F90/><W81/><G81/><T44/><D34/><U99/><E38/><V56/><F5/><W36/><G36/><T129/><D129/><U62/><E40/><V115/><F0/><W128/><G128/><T83/><D30/><U24/><E69/><V19/><F19/><W98/><G16/><T42/><D102/><U52/><E27/><V111/><F115/><W39/><G39/><T125/><D58/><N who="1" m="35143" /><E63/><V130/><F130/><W7/><G7/><T21/><REACH who="0" step="1"/><D125/><REACH who="0" ten="152,235,305,298" step="2"/><U14/><E121/><V80/><F111/><W78/><G101/><T15/><D15/><U112/><E14/><V55/><F70/><W97/><G100/><T118/><D118/><U91/><E112/><V96/><F68/><W47/><G1/><T10/><D10/><U116/><E116/><V51/><F57/><W109/><G11/><T127/><D127/><U35/><E35/><V29/><F29/><W86/><G109/><T59/><D59/><U74/><E74/><V114/><F114/><W9/><G9/><T104/><D104/><U12/><E12/><V107/><F61/><W133/><G133/><T33/><D33/><U37/><E87/><V73/><F107/><W105/><G105/><T3/><D3/><U110/><E110/><RYUUKYOKU ba="0,1" sc="152,30,235,-10,305,-10,298,-10" hai0="13,18,21,42,43,44,45,48,49,53,54,83,84" /><INIT seed="8,1,1,3,0,135" ten="182,225,295,288" oya="0" hai0="116,112,133,64,79,134,120,88,96,74,41,107,84" hai1="49,65,50,22,20,32,63,28,68,127,118,109,26" hai2="6,18,93,31,124,13,105,4,10,30,125,94,9" hai3="2,38,126,59,89,5,17,123,40,130,7,119,129"/><T15/><D64/><U37/><E109/><V101/><F105/><W58/><G126/><N who="2" m="48745" /><F18/><W77/><G119/><T67/><D41/><U54/><E127/><V121/><F121/><W25/><G123/><T110/><D67/><U83/><E37/><V113/><F113/><W45/><G77/><T66/><D66/><U103/><E50/><V1/><F101/><W46/><G89/><T11/><D120/><U14/><E118/><V34/><F34/><W100/><G100/><N who="0" m="62855" /><D116/><U8/><E103/><V111/><F111/><W91/><G91/><T95/><D112/><U90/><E90/><V44/><F44/><W33/><G46/><T108/><D15/><U98/><E98/><V21/><F21/><N who="3" m="13487" /><G33/><T70/><D11/><U117/><E117/><V12/><F1/><W115/><G115/><T72/><D70/><U86/><E32/><V73/><F73/><N who="0" m="28266" /><D79/><U97/><E68/><V76/><F76/><W36/><G36/><T122/><D122/><U69/><E69/><V131/><F131/><N who="3" m="50187" /><G2/><T29/><D29/><AGARI ba="1,1" hai="4,6,9,10,12,13,29,30,31,93,94" m="48745" machi="29" ten="30,7700,0" yaku="18,1,52,3" doraHai="135" who="2" fromWho="0" sc="182,-80,225,0,295,90,288,0" owari="102,-40.0,225,-17.0,385,48.0,288,9.0" /></mjloggm>