<mjloggm ver="2.3"><GO type="41" lobby="0"/><UN n0="%E2%93%9D%53%75%70%68%78" n1="%E3%83%AA%E3%83%A5%E3%82%A6%E3%82%AA%E3%82%A6" n2="%44%4A%41%4E%47%4F" n3="%E5%A4%A9%E4%B8%8B%E7%84%A1%E5%8F%8C" dan="18,13,15,14" rate="2099.21,1855.33,1989.78,1925.73" sx="M,M,M,M"/><TAIKYOKU oya="0"/><INIT seed="0,0,0,0,5,123" ten="250,250,250,250" oya="0" hai0="12,63,135,13,55,40,57,127,19,74,103,38,35" hai1="79,92,86,119,20,62,29,77,23,27,11,110,33" hai2="128,111,131,117,109,5,133,106,72,45,8,48,112" hai3="7,42,93,43,78,36,10,25,102,67,87,39,70"/><T3/><D3/><U75/><E119/><V120/><F120/><W134/><G134/><T84/><D74/><U97/><E75/><V21/><F112/><W9/><G25/><T83/><D35/><U73/><E73/><V4/><F72/><W118/><G118/><T64/><D127/><U101/><E11/><V56/><F117/><W121/><G121/><T51/><D135/><U14/><E33/><V52/><F106/><W89/><G102/><T65/><D103/><U114/><E114/><V88/><F133/><W47/><G78/><T69/><D65/><U108/><E62/><N who="2" m="36103" /><F21/><W82/><G82/><T125/><D125/><U44/><E44/><V2/><F88/><W96/><G96/><T50/><D50/><U59/><E59/><V94/><F94/><W46/><REACH who="3" step="1"/><G7/><REACH who="3" ten="250,250,250,240" step="2"/><T49/><D83/><U60/><E79/><V85/><F5/><W115/><G115/><T68/><D84/><U58/><E77/><V95/><F85/><W61/><AGARI ba="0,1" hai="9,10,36,39,42,43,46,47,61,67,70,87,89,93" machi="61" ten="30,4000,0" yaku="1,1,0,1,9,1,53,0" doraHai="123" doraHaiUra="100" who="3" fromWho="3" sc="250,-20,250,-10,250,-10,240,50" /><INIT seed="1,0,0,5,1,26" ten="230,240,240,290" oya="1" hai0="102,79,1,58,53,85,56,100,5,110,16,111,36" hai1="87,125,114,37,74,133,93,120,78,72,92,25,88" hai2="38,57,121,0,91,103,119,82,54,99,55,34,18" hai3="42,130,20,40,24,97,63,69,107,105,76,89,77"/><U33/><E37/><V51/><F121/><W101/><G130/><T71/><D71/><U118/><E118/><V43/><F119/><W126/><G126/><T17/><D36/><U45/><E120/><V52/><F0/><W47/><G107/><T127/><D5/><U90/><E114/><V4/><F4/><W7/><G7/><T70/><D70/><U128/><E128/><V22/><F34/><W68/><G89/><T75/><D85/><U3/><E3/><V13/><F82/><W19/><G42/><T106/><D1/><U115/><E115/><V31/><F91/><W46/><G46/><T96/><D79/><U28/><E133/><V116/><F31/><W98/><G98/><T129/><D75/><U95/><E125/><V108/><F108/><N who="0" m="41514" /><D102/><U124/><E124/><V112/><F112/><W11/><G11/><T50/><D129/><U41/><E78/><V64/><F64/><W59/><G69/><T62/><D127/><U10/><E10/><V12/><F12/><W21/><G21/><T2/><D2/><U83/><REACH who="1" step="1"/><E90/><REACH who="1" ten="230,230,240,290" step="2"/><V132/><F116/><W67/><REACH who="3" step="1"/><G68/><REACH who="3" ten="230,230,240,280" step="2"/><T113/><D113/><U81/><E81/><V14/><F132/><W32/><G32/><T30/><D100/><U48/><AGARI ba="0,2" hai="25,28,33,41,45,48,72,74,83,87,88,92,93,95" machi="48" ten="30,11700,0" yaku="1,1,0,1,52,1,54,1,53,0" doraHai="26" doraHaiUra="61" who="1" fromWho="1" sc="230,-39,230,137,240,-39,280,-39" /><INIT seed="1,1,0,2,4,32" ten="191,367,201,241" oya="1" hai0="84,132,121,135,17,33,61,133,49,88,76,107,45" hai1="108,22,23,70,4,63,6,62,1,122,29,131,13" hai2="66,78,116,71,54,9,11,102,73,10,105,113,47" hai3="79,90,35,95,111,48,91,15,36,134,50,55,40"/><U96/><E122/><V16/><F116/><W104/><G104/><T3/><D33/><U120/><E120/><V81/><F113/><W103/><G111/><T38/><D121/><U12/><E131/><V31/><F31/><W128/><G134/><T39/><D76/><U123/><E123/><V117/><F117/><W5/><G128/><T64/><D17/><U130/><E130/><V34/><F34/><W82/><G35/><T80/><D107/><U129/><E129/><V67/><F71/><W72/><G36/><T106/><D3/><U60/><E70/><V43/><F54/><W109/><G109/><T68/><REACH who="0" step="1"/><D106/><REACH who="0" ten="181,367,201,241" step="2"/><U2/><E108/><V18/><F67/><W126/><G79/><T56/><D56/><U30/><E63/><V25/><F66/><W58/><G58/><T89/><D89/><U37/><E96/><V27/><F27/><W53/><G91/><T75/><D75/><U125/><E37/><V20/><F18/><W77/><G90/><T74/><D74/><U52/><E125/><V26/><F26/><W57/><G72/><T93/><D93/><U119/><E119/><V87/><F73/><W92/><G92/><T59/><D59/><U118/><E118/><V7/><F105/><W65/><G95/><T28/><D28/><U83/><E83/><V124/><F124/><W24/><G82/><T114/><D114/><U69/><E69/><V94/><F94/><W14/><G77/><T51/><D51/><U127/><E127/><V112/><F112/><W46/><G126/><T41/><AGARI ba="1,1" hai="38,39,41,45,49,61,64,68,80,84,88,132,133,135" machi="41" ten="30,7900,0" yaku="1,1,0,1,20,1,54,1,53,0" doraHai="32" doraHaiUra="99" who="0" fromWho="0" sc="181,92,367,-40,201,-21,241,-21" /><INIT seed="2,0,0,3,1,115" ten="273,327,180,220" oya="2" hai0="54,25,51,72,91,83,30,108,75,8,126,50,65" hai1="14,68,44,77,114,122,20,81,109,39,1,93,46" hai2="96,26,7,40,56,76,95,106,78,10,67,34,5" hai3="80,97,105,43,47,89,124,133,102,15,121,3,29"/><V19/><F106/><W92/><G3/><T42/><D108/><U118/><E68/><V22/><F40/><W88/><G121/><T73/><D65/><U90/><E109/><V38/><F38/><W87/><G133/><T4/><D126/><U33/><E1/><V113/><F113/><W36/><G124/><T131/><D131/><U6/><E33/><V24/><F34/><W107/><G29/><T98/><D42/><U125/><E122/><V100/><F26/><W130/><G130/><T120/><D120/><U55/><E125/><V116/><F116/><W23/><REACH who="3" step="1"/><G102/><REACH who="3" ten="273,327,180,210" step="2"/><T49/><D30/><U2/><E114/><V101/><F101/><W0/><G0/><T45/><D75/><U58/><E2/><V31/><F19/><AGARI ba="0,1" hai="15,19,23,36,43,47,80,87,88,89,92,97,105,107" machi="19" ten="40,5200,0" yaku="1,1,54,1,53,1" doraHai="115" doraHaiUra="12" who="3" fromWho="2" sc="273,0,327,0,180,-52,210,62" /><INIT seed="3,0,0,2,2,113" ten="273,327,128,272" oya="3" hai0="124,2,0,128,54,12,25,101,60,102,104,98,89" hai1="114,27,130,107,1,64,117,52,29,28,32,77,80" hai2="118,43,67,56,96,84,31,82,48,58,21,47,121" hai3="105,59,68,112,23,61,53,111,129,66,5,83,50"/><W109/><G105/><T45/><D128/><U65/><E107/><V33/><F33/><W119/><G5/><T15/><D124/><U71/><E1/><V16/><F121/><W17/><G112/><T37/><D25/><U131/><E114/><V46/><F31/><W70/><G129/><N who="1" m="49162" /><E29/><V100/><F67/><N who="1" m="25673" /><E71/><V133/><F118/><W75/><G119/><T81/><D2/><U123/><E123/><V108/><F108/><N who="3" m="41547" /><G83/><T134/><D81/><U85/><E52/><V110/><F46/><N who="3" m="27863" /><G75/><T7/><D104/><U11/><E11/><V38/><F38/><W74/><G74/><T127/><D37/><U73/><E73/><V40/><F40/><W90/><G90/><T39/><D89/><U44/><E44/><V8/><F133/><W99/><G99/><T94/><D98/><U6/><E6/><V42/><F42/><W49/><G49/><T13/><D134/><U62/><E62/><V79/><F110/><W92/><G92/><T115/><D94/><U20/><E117/><V93/><REACH who="2" step="1"/><F8/><REACH who="2" ten="273,327,118,272" step="2"/><W19/><G23/><AGARI ba="0,1" hai="20,23,27,28,32,77,80,85" m="25673,49162" machi="23" ten="30,1000,0" yaku="19,1" doraHai="113" who="1" fromWho="3" sc="273,0,327,20,118,0,272,-10" /><INIT seed="4,0,0,0,0,123" ten="273,347,118,262" oya="0" hai0="94,103,100,53,133,55,49,76,105,37,8,119,40" hai1="75,42,3,19,66,65,126,115,113,95,67,108,85" hai2="62,70,125,5,117,44,9,14,114,128,12,20,135" hai3="31,58,43,59,116,132,4,73,29,77,7,32,98"/><T68/><D105/><U39/><E3/><V6/><F44/><W131/><G116/><T10/><D68/><U92/><E75/><V1/><F70/><W52/><G131/><T11/><D119/><U93/><E126/><V54/><F62/><W129/><G132/><T69/><D69/><U13/><E42/><V104/><F117/><W33/><G129/><T122/><D37/><U38/><E85/><V27/><F104/><W81/><G43/><T102/><D122/><U118/><E118/><V120/><F128/><W60/><G59/><T51/><D133/><U83/><E83/><V34/><F135/><W101/><G31/><T111/><D111/><U86/><E108/><V106/><F106/><W0/><G0/><T127/><D127/><U23/><REACH who="1" step="1"/><E86/><REACH who="1" ten="273,337,118,262" step="2"/><V18/><F120/><W45/><G73/><T28/><D40/><U80/><E80/><V74/><F74/><W71/><G81/><T90/><D76/><U112/><AGARI ba="0,1" hai="13,19,23,38,39,65,66,67,92,93,95,112,113,115" machi="112" ten="40,12000,2" yaku="1,1,0,1,29,2,15,1,11,1,53,0" doraHai="123" doraHaiUra="84" who="1" fromWho="1" sc="273,-60,337,130,118,-30,262,-30" /><INIT seed="5,0,0,2,3,125" ten="213,467,88,232" oya="1" hai0="101,90,27,22,34,32,0,57,13,81,19,18,40" hai1="117,41,6,119,100,96,51,109,10,7,105,128,39" hai2="73,75,108,84,61,38,44,86,71,110,42,1,106" hai3="17,35,135,116,87,56,63,113,47,28,83,131,68"/><U65/><E109/><V89/><F106/><W36/><G113/><T67/><D0/><U53/><E65/><V92/><F1/><W49/><G135/><T2/><D2/><U114/><E114/><V115/><F115/><W14/><G116/><T16/><D40/><U31/><E31/><V70/><F108/><W9/><G68/><T60/><D101/><U82/><E6/><V30/><F110/><W76/><G131/><T24/><D34/><U95/><E128/><V118/><F118/><W111/><G36/><T37/><D37/><U3/><E82/><V121/><F121/><W93/><G93/><T107/><D107/><U64/><E64/><V122/><F122/><W88/><G35/><T130/><D130/><U126/><E126/><V21/><F84/><W69/><G69/><T5/><D32/><U46/><REACH who="1" step="1"/><E105/><REACH who="1" ten="213,457,88,232" step="2"/><V58/><F71/><W120/><G28/><T103/><D5/><U45/><AGARI ba="0,1" hai="3,7,10,39,41,45,46,51,53,95,96,100,117,119" machi="45" ten="20,7800,0" yaku="1,1,2,1,0,1,7,1,53,0" doraHai="125" doraHaiUra="74" who="1" fromWho="1" sc="213,-26,457,88,88,-26,232,-26" /><INIT seed="5,1,0,4,2,41" ten="187,545,62,206" oya="1" hai0="22,60,88,100,27,66,116,52,33,16,20,86,132" hai1="83,14,43,21,56,105,12,129,24,59,135,6,101" hai2="54,63,87,77,11,26,15,75,93,131,40,133,42" hai3="31,39,32,7,113,121,108,89,19,134,96,74,4"/><U124/><E124/><V107/><F107/><W45/><G108/><T80/><D116/><U57/><E135/><V73/><F133/><W61/><G121/><T102/><D33/><U34/><E129/><V103/><F131/><W118/><G113/><T44/><D132/><U84/><E34/><V99/><F75/><W94/><G118/><T25/><D66/><U78/><E101/><V109/><F109/><W10/><G74/><T13/><D27/><U62/><E105/><V115/><F115/><W23/><G61/><T117/><D117/><U97/><E97/><V91/><F26/><W125/><G125/><T47/><D102/><U64/><E43/><V130/><F130/><W53/><G39/><T76/><D76/><U58/><REACH who="1" step="1"/><E6/><REACH who="1" ten="187,535,62,206" step="2"/><V2/><F2/><W30/><G4/><T0/><D0/><U38/><E38/><V104/><F54/><W114/><G53/><T18/><D100/><U106/><E106/><V1/><F1/><W48/><G32/><T50/><D60/><U71/><E71/><V90/><F63/><W72/><G7/><T69/><D69/><U82/><E82/><V95/><F95/><W55/><G94/><T8/><D22/><U123/><E123/><V37/><F37/><W110/><G23/><T9/><D9/><U120/><E120/><V36/><F36/><W51/><G10/><T92/><D92/><U81/><E81/><N who="2" m="45231" /><F90/><W29/><G89/><T65/><D65/><U122/><E122/><V35/><F35/><W119/><G134/><T67/><D67/><U5/><E5/><AGARI ba="1,1" hai="5,11,15,40,42,87,91,93,99,103,104" m="45231" machi="5" ten="30,1000,0" yaku="24,1" doraHai="41" who="2" fromWho="1" sc="187,0,535,-13,62,23,206,0" /><INIT seed="6,0,0,3,5,26" ten="187,522,85,206" oya="2" hai0="84,25,109,78,99,38,110,135,7,114,117,104,95" hai1="80,66,116,4,90,33,88,86,13,34,81,134,59" hai2="52,101,122,93,53,14,70,89,22,47,20,46,19" hai3="40,128,68,41,120,75,30,102,103,71,124,57,15"/><V49/><F122/><W79/><G120/><T65/><D38/><U6/><E134/><V44/><F70/><W126/><G128/><T28/><D135/><U62/><E116/><V74/><F74/><W96/><G79/><T21/><D114/><U23/><E34/><V87/><F101/><W123/><G75/><T85/><D104/><U94/><E81/><V72/><F72/><W121/><G57/><T83/><D117/><U112/><E33/><V69/><F69/><W64/><G15/><T106/><D106/><U115/><E23/><V9/><F53/><W51/><G51/><T12/><D65/><U73/><E13/><V107/><F107/><W63/><G96/><T2/><D2/><U105/><E73/><V43/><REACH who="2" step="1"/><F44/><REACH who="2" ten="187,522,75,206" step="2"/><W130/><G64/><T92/><D110/><U127/><E105/><V118/><F118/><W42/><G121/><T8/><D109/><U24/><E115/><V17/><F17/><W100/><G123/><T39/><D39/><AGARI ba="0,1" hai="9,14,19,20,22,39,43,46,47,49,52,87,89,93" machi="39" ten="30,5800,0" yaku="1,1,7,1,54,1,53,0" doraHai="26" doraHaiUra="125" who="2" fromWho="0" sc="187,-58,522,0,75,68,206,0" /><INIT seed="6,1,0,2,5,5" ten="129,522,143,206" oya="2" hai0="12,14,41,83,10,99,51,27,4,132,73,68,2" hai1="118,25,9,37,97,109,77,106,30,21,79,58,20" hai2="84,52,85,67,6,40,71,39,101,126,72,23,22" hai3="13,60,32,112,56,92,57,69,78,49,100,93,135"/><V44/><F72/><W48/><G135/><T98/><D68/><U75/><E37/><V89/><F126/><W33/><G69/><T122/><D122/><U128/><E109/><V81/><F101/><W17/><G78/><T63/><D132/><U45/><E128/><V15/><F71/><W90/><G112/><T54/><D41/><U42/><E75/><V121/><F67/><W8/><G93/><T82/><D63/><U95/><E106/><V105/><F105/><W111/><G100/><T3/><D27/><U64/><E118/><V61/><F84/><W108/><G33/><T0/><D14/><U130/><E20/><V19/><F6/><W123/><G32/><T46/><REACH who="0" step="1"/><D73/><REACH who="0" ten="119,522,143,206" step="2"/><U134/><E134/><V110/><F121/><W107/><G123/><T96/><AGARI ba="1,1" hai="0,2,3,4,10,12,46,51,54,82,83,96,98,99" machi="96" ten="40,12000,2" yaku="1,1,2,1,0,1,52,1,53,3" doraHai="5" doraHaiUra="94" who="0" fromWho="0" sc="119,133,522,-31,143,-61,206,-31" /><INIT seed="7,0,0,3,5,120" ten="252,491,82,175" oya="3" hai0="130,10,47,76,99,57,15,48,64,38,73,35,1" hai1="70,106,131,12,5,9,62,22,132,100,40,33,96" hai2="116,61,103,19,25,29,74,16,42,71,113,129,65" hai3="83,2,36,51,126,52,53,46,43,109,11,60,14"/><W127/><G2/><T79/><D35/><U4/><E33/><V56/><F116/><W68/><G83/><T59/><D1/><U34/><E34/><V98/><F74/><W75/><G75/><T108/><D108/><U95/><E132/><V124/><F113/><W27/><G27/><T94/><D130/><U101/><E131/><V107/><F129/><W50/><G14/><T69/><D69/><U89/><E40/><V97/><F124/><N who="3" m="47659" /><G11/><T123/><D38/><U87/><E101/><V122/><F122/><W92/><G92/><T3/><D3/><U112/><E112/><V54/><F42/><W55/><G109/><T67/><D123/><U118/><E118/><V20/><REACH who="2" step="1"/><F97/><REACH who="2" ten="252,491,72,175" step="2"/><W125/><G125/><T133/><D99/><U77/><E96/><V58/><F58/><N who="3" m="34887" /><G68/><T0/><D73/><U23/><E70/><V93/><F93/><W78/><G78/><T6/><D79/><U39/><E77/><V66/><F66/><W111/><G111/><T26/><D67/><U49/><E95/><V30/><F30/><W90/><G90/><T41/><D64/><U7/><E89/><V85/><F85/><W8/><G43/><T81/><D94/><U121/><E12/><V28/><F28/><W44/><G55/><T31/><D0/><U72/><E9/><V18/><F18/><W45/><G8/><T135/><D76/><U115/><E72/><V63/><AGARI ba="0,1" hai="16,19,20,25,29,54,56,61,63,65,71,98,103,107" machi="63" ten="20,5200,0" yaku="1,1,0,1,7,1,54,1,53,0" doraHai="120" doraHaiUra="104" who="2" fromWho="2" sc="252,-13,491,-13,72,62,175,-26" owari="239,4.0,478,58.0,134,-37.0,149,-25.0" /></mjloggm>