<mjloggm ver="2.3"><GO type="41" lobby="0"/><UN n0="%E3%82%B9%E3%83%88%E3%83%83%E3%82%AF%EF%BC%91%EF%BC%99%EF%BC%99%EF%BC%98" n1="%E2%98%86%E3%81%8A%E3%81%95%E3%81%A1%E3%82%80%E2%98%86" n2="%E3%83%9E%E3%82%B9%E3%82%BF%E3%83%BC%E3%83%93%E3%83%BC%E3%83%AB" n3="%E2%93%9D%53%75%70%68%78" dan="15,14,14,18" rate="1938.29,1894.65,1946.69,2126.45" sx="M,M,M,M"/><TAIKYOKU oya="0"/><INIT seed="0,0,0,2,5,129" ten="250,250,250,250" oya="0" hai0="24,37,135,126,46,90,112,128,68,86,74,92,109" hai1="127,132,63,57,105,122,124,95,61,12,118,91,53" hai2="16,21,40,45,17,107,78,62,49,0,52,108,43" hai3="88,111,133,83,38,66,94,10,134,47,59,60,23"/><T44/><D112/><U110/><E122/><V39/><F108/><W104/><G104/><T20/><D135/><N who="3" m="51721" /><G111/><T114/><D114/><U19/><E132/><V67/><F107/><W119/><G10/><T28/><D128/><U76/><E110/><V96/><F0/><W75/><G23/><T99/><D126/><N who="1" m="48171" /><E118/><V3/><F3/><W30/><G30/><T1/><D109/><U27/><E76/><V121/><F78/><N who="3" m="44511" /><G47/><T7/><D74/><U18/><E105/><V13/><F121/><W42/><G42/><T85/><D68/><U97/><E27/><V58/><F39/><W73/><G73/><T69/><D69/><U123/><E123/><V14/><REACH who="2" step="1"/><F96/><REACH who="2" ten="250,250,240,250" step="2"/><N who="3" m="57415" /><G38/><T35/><D37/><U116/><E116/><AGARI ba="0,1" hai="59,60,66,116,119" m="57415,44511,51721" machi="116" ten="30,8000,1" yaku="20,1,52,3,54,1" doraHai="129" who="3" fromWho="1" sc="250,0,250,-80,240,0,250,90" /><INIT seed="1,0,0,5,4,117" ten="250,170,240,340" oya="1" hai0="103,90,9,28,92,124,41,83,86,50,5,135,45" hai1="71,22,102,114,2,62,60,48,122,109,68,25,61" hai2="127,112,0,81,29,46,97,119,59,40,20,36,3" hai3="43,31,47,30,78,27,125,6,4,84,38,120,10"/><U58/><E114/><V115/><F119/><W12/><G125/><T63/><D124/><U32/><E32/><V57/><F127/><W73/><G120/><T51/><D135/><U113/><E113/><N who="2" m="43595" /><F97/><W15/><G84/><T91/><D28/><U67/><E2/><N who="2" m="555" /><F81/><W26/><G78/><T126/><D126/><U80/><E122/><V130/><F130/><W34/><G73/><T7/><D63/><U121/><E121/><V24/><AGARI ba="0,0" hai="20,24,29,36,40,46,57,59" m="555,43595" machi="24" ten="40,1500,0" yaku="11,1" doraHai="117" who="2" fromWho="2" sc="250,-4,170,-7,240,15,340,-4" /><INIT seed="2,0,0,4,4,113" ten="246,163,255,336" oya="2" hai0="90,78,16,14,97,37,2,9,6,34,85,118,91" hai1="70,96,125,109,121,51,38,114,32,130,49,53,31" hai2="134,36,98,27,112,13,66,77,57,29,62,99,129" hai3="7,3,73,4,79,108,76,22,12,15,87,52,132"/><V43/><F112/><W11/><G73/><T58/><D37/><U117/><E96/><V0/><F0/><W40/><G108/><T19/><D34/><U103/><E103/><V89/><F129/><W23/><G40/><T104/><D118/><U116/><E31/><V133/><F77/><W67/><G67/><T65/><D78/><U17/><E17/><V115/><F115/><W124/><G124/><T61/><D104/><U127/><E51/><V102/><F43/><W86/><G3/><T24/><D24/><U35/><E49/><V25/><F36/><W47/><G132/><N who="2" m="50793" /><F13/><W120/><G120/><T55/><D97/><U92/><E92/><N who="2" m="56591" /><F29/><W81/><G15/><T83/><D65/><U122/><E53/><V68/><F68/><W64/><G64/><T74/><D74/><U63/><E63/><V131/><F131/><W59/><G7/><T56/><D56/><U72/><E121/><V126/><F126/><W60/><G47/><T41/><D41/><U21/><E21/><V84/><F84/><W54/><G54/><T135/><D135/><U26/><E26/><V94/><AGARI ba="0,0" hai="25,27,57,62,66,94,99,102" m="56591,50793" machi="94" ten="30,1500,0" yaku="20,1" doraHai="113" who="2" fromWho="2" sc="246,-5,163,-5,255,15,336,-5" /><INIT seed="2,1,0,5,4,118" ten="241,158,270,331" oya="2" hai0="103,53,88,100,10,42,73,1,75,13,49,131,25" hai1="23,79,80,66,61,76,15,59,34,82,51,0,90" hai2="122,127,38,87,21,35,119,101,5,105,69,33,77" hai3="111,41,57,9,65,106,50,117,116,44,135,124,11"/><V109/><F119/><W128/><G106/><T86/><D131/><U91/><E34/><V74/><F69/><W121/><G11/><T4/><D25/><U113/><E113/><V81/><F38/><W64/><G9/><T104/><D104/><U36/><E36/><V68/><F68/><W93/><G93/><T95/><D42/><U83/><E0/><V94/><F5/><W115/><G135/><T16/><D73/><U45/><E90/><N who="2" m="53599" /><F21/><W18/><G115/><T70/><D75/><U54/><E91/><V108/><F127/><W58/><G124/><T2/><D70/><U120/><E120/><V28/><F28/><W129/><G18/><AGARI ba="1,0" hai="15,18,23,45,51,54,59,61,66,76,79,80,82,83" machi="18" ten="40,1300,0" yaku="8,1" doraHai="118" who="1" fromWho="3" sc="241,0,158,16,270,0,331,-16" /><INIT seed="3,0,0,5,4,115" ten="241,174,270,315" oya="3" hai0="16,68,80,17,55,89,37,123,96,127,7,129,21" hai1="40,59,92,98,48,26,42,61,31,34,125,122,102" hai2="3,54,109,5,51,32,58,8,108,41,99,101,87" hai3="120,113,116,107,67,52,23,128,20,43,39,132,78"/><W65/><G107/><T57/><D123/><U130/><E122/><V18/><F32/><W2/><G120/><T25/><D129/><U134/><E130/><V117/><F41/><W103/><G103/><T46/><D127/><U1/><E125/><V0/><F87/><W91/><G2/><T15/><D68/><U118/><E1/><V90/><F90/><W110/><G132/><T100/><D7/><U70/><E134/><V135/><F135/><W53/><G110/><N who="2" m="42601" /><F18/><W19/><G43/><T79/><D89/><U22/><E34/><V104/><F3/><W85/><G39/><T69/><D69/><U112/><E112/><V50/><F50/><W121/><G91/><T44/><D37/><U111/><E111/><V114/><F114/><W83/><G128/><T36/><D36/><U33/><E33/><V29/><F29/><W72/><G121/><T66/><D66/><U81/><E118/><AGARI ba="0,0" hai="0,5,8,51,54,58,99,101,104,117,118" m="42601" machi="118" ten="30,3900,0" yaku="14,1,52,2" doraHai="115" who="2" fromWho="1" sc="241,0,174,-39,270,39,315,0" /><INIT seed="4,0,0,3,0,61" ten="241,135,309,315" oya="0" hai0="25,133,108,40,7,33,42,85,100,122,99,113,27" hai1="124,77,129,98,48,83,46,75,37,57,112,134,89" hai2="17,71,109,14,72,62,55,39,20,111,131,101,110" hai3="49,24,81,54,128,35,8,115,6,68,121,13,10"/><T79/><D122/><U118/><E37/><V76/><F131/><W59/><G68/><T135/><D113/><U11/><E118/><V123/><F39/><W2/><G115/><T84/><D108/><U41/><E112/><V23/><F123/><W19/><G121/><T117/><D117/><U127/><E129/><V94/><F76/><W125/><G128/><T66/><D7/><U60/><E134/><N who="0" m="51209" /><D79/><U43/><E43/><N who="0" m="16425" /><D33/><U126/><E11/><V106/><F23/><W12/><G125/><T87/><D66/><U1/><E1/><V69/><F20/><W28/><REACH who="3" step="1"/><G81/><REACH who="3" ten="241,135,309,305" step="2"/><T52/><D52/><N who="1" m="33831" /><E98/><V74/><F55/><W47/><G47/><T0/><D0/><AGARI ba="0,1" hai="0,2,6,8,10,12,13,19,24,28,35,49,54,59" machi="0" ten="40,1300,0" yaku="1,1,53,0" doraHai="61" doraHaiUra="88" who="3" fromWho="0" sc="241,-13,135,0,309,0,305,23" /><INIT seed="5,0,0,3,4,34" ten="228,135,309,328" oya="1" hai0="95,117,4,91,80,38,2,7,100,15,53,19,98" hai1="123,60,37,120,41,135,81,49,64,101,66,17,50" hai2="77,82,124,73,54,116,103,79,6,119,28,97,52" hai3="130,133,12,3,72,121,114,126,10,8,132,129,134"/><U89/><E101/><V122/><F122/><W65/><G121/><N who="1" m="46666" /><E17/><V21/><F79/><W68/><G114/><T105/><D117/><U70/><E89/><V90/><F124/><W42/><G42/><T18/><D38/><U111/><E81/><V63/><F90/><W36/><G36/><T74/><D53/><U24/><E24/><V23/><F6/><N who="3" m="1119" /><G72/><T32/><D32/><U9/><E9/><V55/><F63/><N who="3" m="39999" /><G126/><T39/><D39/><U128/><E111/><V35/><F35/><W45/><G45/><T75/><D75/><U57/><E135/><V44/><F44/><W26/><G26/><T61/><D61/><N who="1" m="40271" /><E128/><V87/><F73/><W83/><G83/><T51/><D51/><N who="1" m="19467" /><E37/><V102/><F102/><W118/><G118/><T115/><D105/><U46/><E46/><V107/><F23/><W106/><G106/><T40/><D40/><AGARI ba="0,0" hai="40,41,57,60,64" m="19467,40271,46666" machi="40" ten="30,2900,0" yaku="34,2" doraHai="34" who="1" fromWho="0" sc="228,-29,135,29,309,0,328,0" /><INIT seed="5,1,0,1,0,90" ten="199,164,309,328" oya="1" hai0="8,17,110,100,111,75,12,27,91,123,63,135,93" hai1="21,22,15,96,115,43,112,113,81,103,55,120,116" hai2="74,13,5,60,121,42,56,20,132,131,109,106,118" hai3="77,33,32,14,4,41,34,114,62,24,3,16,54"/><U61/><E120/><V29/><F106/><W46/><G77/><T88/><D123/><U102/><E116/><V1/><F74/><W10/><G114/><T70/><D75/><U122/><E122/><V126/><F1/><W69/><G54/><T128/><D128/><U84/><E43/><V37/><F37/><W97/><G97/><T18/><D135/><U65/><E55/><V49/><F49/><W64/><G24/><T38/><D38/><U67/><E15/><V66/><F20/><N who="1" m="7785" /><E61/><V0/><F60/><W80/><G80/><T9/><D100/><N who="1" m="38443" /><E96/><V40/><F0/><W86/><G3/><T36/><D36/><U50/><E50/><V92/><F42/><W79/><G41/><T85/><D91/><AGARI ba="1,0" hai="65,67,81,84,91,112,113,115" m="38443,7785" machi="91" ten="40,2000,0" yaku="15,1" doraHai="90" who="1" fromWho="0" sc="199,-23,164,23,309,0,328,0" /><INIT seed="5,2,0,2,5,111" ten="176,187,309,328" oya="1" hai0="44,116,34,0,15,47,68,78,32,93,12,98,38" hai1="131,74,135,49,82,23,35,117,17,119,114,27,70" hai2="85,55,58,120,6,107,71,29,14,75,99,101,64" hai3="126,45,79,13,53,133,19,8,30,128,66,41,33"/><U80/><E70/><V91/><F120/><W130/><G126/><T2/><D78/><U57/><E35/><V52/><F75/><W11/><G133/><T22/><D68/><U43/><E135/><V100/><F100/><W95/><G66/><T72/><D72/><U26/><E131/><N who="3" m="50218" /><G53/><T51/><D116/><U5/><E5/><V63/><F29/><W88/><G79/><T121/><D121/><U112/><E27/><V97/><F97/><N who="3" m="57575" /><G30/><T94/><D51/><U42/><E74/><V96/><F96/><W105/><G33/><T129/><D98/><U20/><E57/><V67/><F67/><W31/><G31/><T106/><D129/><U104/><E104/><V50/><F55/><W37/><G105/><T125/><D22/><AGARI ba="2,0" hai="8,11,13,19,22,37,41,45" m="57575,50218" machi="22" ten="30,2000,0" yaku="19,1,54,1" doraHai="111" who="3" fromWho="0" sc="176,-26,187,0,309,0,328,26" /><INIT seed="6,0,0,1,1,127" ten="150,187,309,354" oya="2" hai0="119,35,118,107,4,125,51,38,6,22,114,67,108" hai1="37,7,3,70,77,81,82,124,17,47,46,21,73" hai2="24,61,133,0,71,91,16,112,63,75,126,50,89" hai3="103,94,111,123,86,76,5,52,96,122,14,87,88"/><V33/><F75/><W129/><G129/><T1/><D107/><U62/><E124/><V8/><F133/><W53/><G111/><T36/><D108/><U105/><E105/><V31/><F112/><W60/><G123/><T65/><D125/><U10/><E82/><V84/><F126/><W116/><G116/><T2/><D22/><U48/><E48/><V95/><F71/><W40/><G40/><T66/><D51/><U134/><E134/><V117/><F50/><W97/><G122/><T25/><D25/><U59/><E70/><V109/><F117/><N who="0" m="44554" /><D35/><U72/><E72/><V54/><F54/><N who="3" m="21099" /><G60/><T45/><D45/><U100/><E100/><V85/><F109/><W56/><G56/><T55/><D55/><U57/><E62/><V18/><F63/><W43/><G43/><T30/><D30/><U78/><E78/><V93/><F61/><W9/><G103/><T23/><D23/><U12/><E46/><V98/><REACH who="2" step="1"/><F98/><REACH who="2" ten="150,187,299,354" step="2"/><W68/><G68/><T79/><D114/><U58/><E58/><V113/><F113/><W64/><G64/><T15/><D66/><U44/><E44/><V19/><F19/><W83/><AGARI ba="0,1" hai="5,9,14,76,83,86,87,88,94,96,97" m="21099" machi="83" ten="30,4000,0" yaku="8,1,54,2" doraHai="127" who="3" fromWho="3" sc="150,-10,187,-10,299,-20,354,50" /><INIT seed="7,0,0,0,2,11" ten="140,177,279,404" oya="3" hai0="70,124,101,110,78,21,75,18,116,61,99,77,72" hai1="49,117,109,40,47,103,27,19,127,69,112,62,65" hai2="80,24,81,135,122,25,89,38,73,130,31,102,100" hai3="123,26,82,83,71,104,16,59,111,96,58,132,43"/><W53/><G132/><T133/><D116/><U57/><E109/><V42/><F89/><W68/><G43/><T10/><D133/><U90/><E117/><V39/><F31/><W128/><G128/><T93/><D110/><U63/><E112/><V8/><F8/><W105/><G96/><T54/><D124/><U120/><E127/><V85/><F85/><W48/><G26/><T134/><D134/><U12/><E120/><V29/><F29/><W55/><G48/><T84/><D72/><U5/><E27/><V125/><F42/><W114/><G111/><T33/><D33/><U76/><E76/><V30/><F30/><W91/><G91/><T66/><D75/><U3/><E3/><V106/><F106/><W52/><G55/><T2/><D84/><U79/><E79/><V86/><F86/><W126/><G126/><T7/><REACH who="0" step="1"/><D54/><REACH who="0" ten="130,177,279,404" step="2"/><U4/><E4/><V56/><F73/><W87/><G87/><T118/><D118/><U32/><E32/><V46/><F125/><W113/><G123/><T74/><D74/><U35/><E35/><V95/><F122/><W115/><G115/><T37/><D37/><U36/><E36/><V64/><F39/><W88/><G114/><T13/><AGARI ba="0,1" hai="2,7,10,13,18,21,61,66,70,77,78,93,99,101" machi="13" ten="20,5200,0" yaku="1,1,0,1,7,1,52,1,53,0" doraHai="11" doraHaiUra="131" who="0" fromWho="0" sc="130,62,177,-13,279,-13,404,-26" owari="192,-21.0,164,-34.0,266,7.0,378,48.0" /></mjloggm>