<mjloggm ver="2.3"><GO type="41" lobby="0"/><UN n0="%E2%93%9D%53%75%70%68%78" n1="%E4%BA%95%E6%89%8B%E3%81%9F%E3%81%84%E3%81%97%E3%82%87%E3%83%BC" n2="%53%61%6E%64%43%61%74" n3="%6B%6B%6B%6B%30%37%35%31" dan="18,13,14,15" rate="2113.92,1889.28,1966.48,1940.48" sx="M,M,M,M"/><TAIKYOKU oya="0"/><INIT seed="0,0,0,2,5,11" ten="250,250,250,250" oya="0" hai0="34,10,26,37,45,117,20,60,35,41,67,62,97" hai1="120,51,50,73,59,25,129,40,57,55,134,92,54" hai2="128,23,42,71,39,111,79,131,127,107,103,94,8" hai3="116,52,84,133,24,27,53,58,63,93,125,122,106"/><T100/><D117/><U130/><E73/><V69/><F79/><W46/><G106/><T85/><D62/><U72/><E72/><V66/><F94/><W15/><G116/><T3/><D85/><U12/><E25/><V104/><F23/><W77/><G122/><T56/><D3/><U121/><E92/><V81/><F81/><W96/><G133/><T36/><D10/><U17/><E134/><V135/><F104/><W83/><G125/><T118/><D37/><U0/><E0/><V22/><F22/><W4/><G46/><T74/><D74/><U113/><E113/><V32/><F8/><N who="3" m="4487" /><G53/><T91/><D91/><AGARI ba="0,0" hai="24,27,52,58,63,77,83,84,91,93,96" m="4487" machi="91" ten="30,3900,0" yaku="8,1,52,1,54,1" doraHai="11" who="3" fromWho="0" sc="250,-39,250,0,250,0,250,39" /><INIT seed="1,0,0,4,5,118" ten="211,250,250,289" oya="1" hai0="4,71,58,31,113,16,32,61,87,76,70,132,135" hai1="110,35,6,15,80,10,96,66,107,127,104,100,40" hai2="21,106,73,56,42,68,84,53,86,45,93,98,29" hai3="112,130,14,120,7,19,64,114,108,23,89,17,62"/><U60/><E127/><V77/><F68/><W50/><G130/><T49/><D4/><U125/><E125/><V27/><F106/><W105/><G108/><T117/><D31/><U65/><E107/><V38/><F77/><W1/><G105/><T126/><D32/><U24/><E110/><V74/><F74/><W131/><G131/><T2/><D2/><U39/><E80/><V34/><F34/><W46/><G1/><T3/><D3/><U25/><E65/><V63/><REACH who="2" step="1"/><F73/><REACH who="2" ten="211,250,240,289" step="2"/><W20/><G114/><T13/><D71/><U128/><E128/><V26/><F26/><W54/><G112/><T95/><D70/><U119/><E119/><V72/><F72/><W33/><G33/><T88/><D117/><U115/><E115/><V22/><F22/><W55/><G23/><T67/><D126/><U9/><E9/><V37/><F37/><W83/><G20/><T28/><D113/><U81/><E35/><V92/><F92/><W57/><G83/><T12/><D76/><U0/><E25/><V90/><AGARI ba="0,1" hai="21,27,29,38,42,45,53,56,63,84,86,90,93,98" machi="90" ten="20,2700,0" yaku="1,1,0,1,7,1,53,0" doraHai="118" doraHaiUra="129" who="2" fromWho="2" sc="211,-7,250,-13,240,37,289,-7" /><INIT seed="2,0,0,3,0,119" ten="204,237,277,282" oya="2" hai0="2,123,37,11,23,59,110,6,90,71,33,113,101" hai1="17,31,84,54,32,87,58,133,112,135,132,63,72" hai2="12,127,46,76,61,100,29,134,111,41,121,126,79" hai3="50,122,78,89,68,86,96,18,114,115,43,28,70"/><V40/><F134/><W14/><G28/><T74/><D113/><U47/><E72/><V39/><F41/><W15/><G78/><T124/><D124/><U30/><E112/><N who="3" m="43050" /><G96/><T60/><D110/><U108/><E108/><V125/><F111/><W99/><G99/><T51/><D37/><U19/><E47/><V83/><F100/><W82/><G122/><T104/><D33/><U103/><E103/><V21/><F61/><W80/><G82/><T0/><D104/><U105/><E105/><V107/><F107/><W7/><G7/><T129/><D6/><U36/><E36/><V118/><F118/><W131/><G131/><T26/><D129/><U16/><E32/><V35/><F79/><W116/><G116/><T65/><D101/><U8/><REACH who="1" step="1"/><E8/><REACH who="1" ten="204,227,277,282" step="2"/><V25/><F35/><W67/><G43/><T88/><D11/><U85/><AGARI ba="0,1" hai="16,17,19,30,31,54,58,63,84,85,87,132,133,135" machi="85" ten="40,16000,3" yaku="1,1,2,1,0,1,29,2,20,1,54,1,53,3" doraHai="119" doraHaiUra="130" who="1" fromWho="1" sc="204,-40,227,170,277,-80,282,-40" /><INIT seed="3,0,0,4,0,61" ten="164,397,197,242" oya="3" hai0="98,121,130,70,13,16,107,109,59,99,100,86,122" hai1="58,80,35,87,73,14,12,42,79,113,49,60,0" hai2="27,36,20,134,135,26,29,25,33,119,17,105,127" hai3="102,62,11,39,3,75,91,120,82,77,52,55,5"/><W97/><G120/><T51/><D70/><U104/><E0/><V54/><F105/><W95/><G39/><T89/><D109/><U106/><E35/><V30/><F36/><W126/><G126/><T114/><D130/><U110/><E113/><V47/><F47/><W9/><G9/><T101/><D114/><U24/><E24/><V125/><F54/><W63/><G63/><T129/><D129/><U2/><E2/><V1/><F1/><W34/><G34/><T32/><D32/><U94/><E73/><V88/><F88/><W69/><REACH who="3" step="1"/><G102/><REACH who="3" ten="164,397,197,232" step="2"/><T46/><D122/><U116/><E60/><V10/><F119/><W21/><G21/><T90/><D121/><U132/><E116/><V40/><F40/><W23/><G23/><T18/><D101/><U111/><E110/><V85/><F33/><W128/><G128/><T76/><D100/><U84/><E111/><V6/><F85/><W81/><G81/><T4/><D86/><U68/><E87/><V41/><F41/><W64/><AGARI ba="0,1" hai="3,5,11,52,55,62,64,69,75,77,82,91,95,97" machi="64" ten="30,11700,0" yaku="1,1,0,1,52,1,54,1,53,0" doraHai="61" doraHaiUra="44" who="3" fromWho="3" sc="164,-39,397,-39,197,-39,232,127" /><INIT seed="3,1,0,5,1,36" ten="125,358,158,359" oya="3" hai0="122,59,27,111,118,66,57,9,106,1,0,119,48" hai1="72,100,74,126,92,82,60,18,7,97,17,45,43" hai2="116,22,113,133,121,61,81,3,129,8,108,21,20" hai3="98,96,95,51,35,115,55,89,109,91,31,114,28"/><W127/><G127/><T38/><D106/><U120/><E120/><V58/><F116/><W37/><G37/><T128/><D38/><U65/><E7/><V5/><F121/><W26/><G28/><T29/><D122/><U42/><E126/><V41/><F113/><W104/><G109/><T132/><D66/><U50/><E43/><V93/><F108/><W88/><G104/><T102/><D111/><U13/><E82/><V47/><F129/><W11/><G11/><T130/><D102/><U134/><E134/><V53/><F133/><W90/><REACH who="3" step="1"/><G98/><REACH who="3" ten="125,358,158,349" step="2"/><T54/><D9/><U39/><E39/><V15/><F3/><W135/><G135/><T112/><D132/><U62/><E18/><V23/><F81/><W83/><G83/><T94/><D1/><U68/><E62/><V73/><F73/><W105/><G105/><T78/><D0/><U10/><AGARI ba="1,1" hai="10,13,17,42,45,50,60,65,68,72,74,92,97,100" machi="10" ten="20,2700,0" yaku="0,1,7,1,52,1" doraHai="36" who="1" fromWho="1" sc="125,-8,358,40,158,-8,349,-14" /><INIT seed="4,0,0,1,3,21" ten="117,398,150,335" oya="0" hai0="17,134,12,133,54,40,64,28,8,6,59,85,109" hai1="57,91,98,26,24,87,50,19,120,80,43,27,90" hai2="60,101,76,111,102,53,114,99,88,129,97,18,83" hai3="117,93,126,86,67,69,33,79,49,110,123,25,62"/><T2/><D40/><U7/><E120/><V72/><F111/><W23/><G110/><T3/><D64/><U103/><E7/><V1/><F1/><W92/><G33/><T65/><D65/><U47/><E57/><V9/><F114/><W77/><G126/><T42/><D42/><U89/><REACH who="1" step="1"/><E19/><REACH who="1" ten="117,388,150,335" step="2"/><V39/><F18/><W131/><G123/><T66/><D109/><U48/><E48/><V41/><F39/><W46/><G117/><T52/><D66/><U45/><E45/><V130/><F41/><W32/><G131/><T29/><D54/><U116/><E116/><V78/><F53/><W124/><G124/><T125/><D125/><U68/><E68/><V0/><F60/><W37/><G49/><T135/><D3/><U104/><AGARI ba="0,1" hai="24,26,27,43,47,50,80,87,89,90,91,98,103,104" machi="104" ten="30,8000,1" yaku="1,1,0,1,52,3,53,0" doraHai="21" doraHaiUra="70" who="1" fromWho="1" sc="117,-40,388,90,150,-20,335,-20" /><INIT seed="5,0,0,4,2,90" ten="77,478,130,315" oya="1" hai0="107,81,132,96,4,28,110,97,63,65,108,123,129" hai1="34,66,82,2,21,50,46,111,99,29,9,109,88" hai2="45,104,114,12,18,76,87,117,39,105,106,20,59" hai3="15,23,53,131,93,119,35,42,134,71,44,22,120"/><U61/><E34/><V73/><F117/><W125/><G35/><T84/><D4/><U62/><E2/><V6/><F114/><W69/><G120/><T37/><D37/><U116/><E9/><V1/><F59/><W85/><G134/><T8/><D28/><U3/><E3/><V52/><F73/><W32/><G32/><T91/><D8/><U7/><E7/><V118/><F118/><W19/><G131/><T68/><D132/><U33/><E33/><V100/><F100/><W13/><G125/><T48/><D129/><U89/><E62/><V130/><F130/><W101/><G53/><T95/><D123/><U75/><E75/><V43/><F6/><W135/><G119/><T94/><D107/><U57/><E82/><V58/><F1/><W70/><G135/><T31/><D31/><U64/><E64/><V121/><F121/><W55/><G55/><T113/><D48/><U74/><E74/><V72/><F72/><W16/><G71/><T40/><D40/><N who="1" m="24903" /><E116/><V60/><F106/><W127/><G127/><T38/><D38/><U124/><E124/><V54/><F54/><W47/><G47/><T83/><D113/><U78/><E78/><V79/><F79/><W56/><G56/><T17/><D83/><U128/><E128/><V24/><F24/><W115/><G115/><T98/><REACH who="0" step="1"/><D17/><REACH who="0" ten="67,478,130,315" step="2"/><U133/><E133/><V49/><F39/><W11/><G11/><T25/><D25/><U77/><E29/><V26/><F26/><W67/><G16/><T92/><AGARI ba="0,1" hai="63,65,68,81,84,91,92,94,95,96,97,98,108,110" machi="92" ten="30,8000,1" yaku="1,1,0,1,52,3,53,0" doraHai="90" doraHaiUra="5" who="0" fromWho="0" sc="67,90,478,-40,130,-20,315,-20" /><INIT seed="6,0,0,0,4,1" ten="157,438,110,295" oya="2" hai0="39,67,88,43,92,117,27,16,59,129,8,134,9" hai1="42,103,32,125,51,105,29,24,122,101,18,69,95" hai2="0,28,40,3,130,76,20,121,55,126,6,106,94" hai3="62,34,131,133,110,52,84,124,47,38,75,17,91"/><V4/><F106/><W98/><G75/><T80/><D129/><U50/><E69/><V100/><F130/><W109/><G34/><T120/><D120/><U19/><E105/><V44/><F121/><W53/><G131/><T33/><D134/><U65/><E122/><V85/><F126/><W48/><G133/><T54/><D67/><U7/><E65/><V58/><F28/><W87/><G124/><T115/><D115/><U26/><E95/><V74/><F74/><W68/><G98/><T36/><D43/><U113/><E42/><V96/><F20/><W93/><G87/><T10/><D80/><U14/><E14/><V71/><F71/><W57/><G17/><T25/><D117/><U12/><E12/><V135/><F3/><W13/><G13/><T90/><D33/><U82/><E82/><N who="2" m="47303" /><F0/><W56/><G68/><T114/><D114/><U104/><E104/><V66/><F66/><W99/><G38/><T89/><D92/><U60/><E29/><V61/><F135/><W46/><REACH who="3" step="1"/><G99/><REACH who="3" ten="157,438,110,285" step="2"/><T79/><D39/><U83/><E32/><V31/><F31/><W78/><G78/><T37/><D79/><U23/><E23/><V73/><F73/><W5/><G5/><T132/><D132/><U108/><E125/><V119/><F119/><W21/><G21/><N who="0" m="13479" /><D37/><U11/><E113/><V86/><F86/><W127/><G127/><T63/><D36/><U41/><E24/><AGARI ba="0,1" hai="8,9,10,24,27,54,59,63,88,89,90" m="13479" machi="24" ten="30,3900,0" yaku="8,1,54,2" doraHai="1" who="0" fromWho="1" sc="157,49,438,-39,110,0,285,0" /><INIT seed="7,0,0,2,3,31" ten="206,399,110,285" oya="3" hai0="70,52,73,4,10,116,134,111,71,20,87,49,74" hai1="16,113,96,25,29,97,110,55,81,15,57,37,65" hai2="126,44,17,106,100,101,66,27,79,30,24,60,14" hai3="105,53,39,51,114,108,54,28,45,18,99,94,135"/><W34/><G105/><T36/><D111/><U98/><E37/><V47/><F126/><W85/><G108/><T11/><D36/><U88/><E110/><V86/><F86/><W76/><G39/><T120/><D116/><U8/><E65/><V107/><F79/><W21/><G135/><T19/><D120/><U80/><E113/><V13/><F13/><W84/><G114/><T90/><D134/><U117/><E117/><V26/><F101/><W92/><G28/><T109/><D109/><U46/><E46/><V78/><F78/><W33/><G54/><T59/><D74/><U67/><E67/><V32/><F106/><W42/><G92/><T63/><D73/><U0/><E0/><V112/><F112/><W131/><G131/><T77/><D77/><U127/><E127/><V91/><F91/><W48/><G84/><T35/><D35/><U5/><E5/><V89/><F89/><W40/><G85/><T9/><D63/><N who="1" m="36287" /><E88/><V38/><F38/><W3/><G76/><T125/><D125/><U68/><E68/><V43/><F43/><W129/><G3/><T75/><D75/><U103/><E103/><V61/><F61/><W119/><G42/><T124/><D124/><U121/><E121/><V128/><F128/><W72/><G72/><T82/><REACH who="0" step="1"/><D4/><REACH who="0" ten="196,399,110,285" step="2"/><U64/><E64/><V122/><F122/><W62/><G129/><T1/><D1/><U132/><E132/><V69/><F47/><N who="3" m="25703" /><G119/><T56/><D56/><U133/><E133/><V58/><F58/><W102/><G62/><T6/><D6/><U123/><E123/><V12/><F44/><RYUUKYOKU ba="0,1" sc="196,10,399,10,110,-30,285,10" hai0="9,10,11,19,20,49,52,59,70,71,82,87,90" hai1="8,15,16,25,29,80,81,96,97,98" hai3="18,21,33,34,45,51,53,94,99,102" /><INIT seed="7,1,1,2,1,106" ten="206,409,80,295" oya="3" hai0="129,127,133,28,35,103,93,115,63,15,19,47,76" hai1="43,61,90,117,80,122,62,107,49,109,57,37,121" hai2="51,98,1,4,52,110,131,31,12,65,87,46,50" hai3="91,96,60,71,22,70,113,45,69,42,2,21,78"/><W104/><G2/><T83/><D129/><U17/><E107/><V3/><F131/><W77/><G113/><T108/><D108/><U101/><E101/><V20/><F110/><W120/><G120/><T55/><D133/><U119/><E109/><V41/><F3/><W25/><G60/><N who="1" m="23146" /><E37/><V105/><F105/><W85/><G22/><T26/><D127/><U33/><E33/><V5/><F65/><W58/><G58/><T132/><D132/><U30/><E30/><V123/><F1/><W34/><G34/><T118/><D118/><N who="1" m="45067" /><E17/><V86/><F123/><W124/><G96/><T94/><D115/><U48/><E48/><V8/><F98/><W112/><G104/><T79/><D103/><U32/><E32/><V23/><F5/><W88/><G91/><T18/><D18/><U81/><E81/><V134/><F134/><W126/><G112/><T95/><D83/><U39/><E39/><V74/><F74/><W44/><G77/><T66/><D79/><U99/><E57/><V100/><F100/><W67/><G78/><T56/><D76/><U9/><E9/><V6/><F6/><W14/><G14/><T36/><D36/><U0/><E0/><V68/><F68/><W13/><G13/><T128/><D128/><U59/><E59/><V135/><F135/><W64/><G67/><T10/><D66/><U84/><E99/><V38/><F38/><N who="3" m="21591" /><G45/><AGARI ba="1,1" hai="43,45,49,80,84,90,121,122" m="45067,23146" machi="45" ten="30,1000,0" yaku="12,1" doraHai="106" who="1" fromWho="3" sc="206,0,409,23,80,0,295,-13" owari="206,-19.0,432,53.0,80,-42.0,282,8.0" /></mjloggm>