<mjloggm ver="2.3"><GO type="41" lobby="0"/><UN n0="%E2%93%9D%53%75%70%68%78" n1="%E7%A7%8B%E3%81%AE%E5%A4%A9%E7%84%B6%E6%B0%B4" n2="%E3%81%93%E3%81%AD%E3%81%A3%E3%81%93" n3="%68%61%72%64" dan="17,13,15,15" rate="2039.01,1887.08,2001.47,2164.99" sx="M,M,M,F"/><TAIKYOKU oya="0"/><INIT seed="0,0,0,2,2,22" ten="250,250,250,250" oya="0" hai0="61,3,81,75,0,120,111,116,134,66,19,11,54" hai1="106,70,44,133,128,35,34,113,86,82,49,127,41" hai2="73,65,135,20,59,5,56,9,84,50,32,52,102" hai3="112,122,40,89,17,15,104,18,92,95,76,132,23"/><T87/><D116/><U10/><E133/><V80/><F73/><W124/><G112/><T79/><D120/><U103/><E113/><V58/><F32/><W99/><G132/><T57/><D134/><U30/><E128/><V42/><F135/><W125/><G122/><T108/><D75/><U36/><E127/><N who="3" m="48714" /><G76/><T110/><REACH who="0" step="1"/><D66/><REACH who="0" ten="240,250,250,250" step="2"/><U14/><E70/><V94/><F65/><W121/><G121/><T100/><D100/><U25/><E103/><V98/><F42/><W28/><G40/><T16/><D16/><U12/><E106/><V130/><F130/><W96/><G17/><T21/><D21/><U129/><E129/><V105/><F20/><W37/><G104/><T31/><D31/><U101/><E101/><V77/><REACH who="2" step="1"/><F105/><REACH who="2" ten="240,250,240,250" step="2"/><W97/><G28/><T123/><D123/><U74/><E30/><V91/><F91/><W2/><G89/><T69/><D69/><U39/><E41/><V64/><F64/><W60/><G23/><T47/><D47/><U1/><E35/><V24/><F24/><W7/><G18/><T83/><D83/><U13/><E25/><V55/><F55/><W93/><G93/><T126/><D126/><U27/><E27/><V45/><F45/><W118/><G92/><T8/><D8/><U114/><E34/><V119/><F119/><W6/><G118/><T63/><D63/><U29/><E10/><V53/><F53/><W85/><G60/><T67/><D67/><U26/><E26/><V62/><F62/><W78/><G95/><T43/><D43/><U46/><E46/><V88/><F88/><W51/><G78/><RYUUKYOKU ba="0,2" sc="240,15,250,-15,240,15,250,-15" hai0="0,3,11,19,54,57,61,79,81,87,108,110,111" hai2="5,9,50,52,56,58,59,77,80,84,94,98,102" /><INIT seed="0,1,2,4,4,23" ten="255,235,255,235" oya="0" hai0="12,91,89,67,7,35,34,124,73,11,68,118,86" hai1="51,106,114,70,84,113,55,25,135,52,99,2,6" hai2="77,127,36,94,97,93,120,47,40,83,112,28,78" hai3="111,76,27,98,87,22,31,90,33,88,45,63,14"/><T101/><D73/><U102/><E135/><V85/><F112/><N who="1" m="43113" /><E70/><V81/><F120/><W29/><G111/><T19/><D118/><U18/><E51/><V10/><F127/><W9/><G63/><T50/><D101/><U21/><E84/><V8/><F28/><W122/><G122/><T39/><D39/><U108/><E108/><V134/><F134/><W0/><G0/><T54/><D124/><U100/><E100/><V17/><F17/><W131/><G131/><T57/><D91/><U104/><E104/><V30/><F30/><W95/><G29/><T58/><D68/><U132/><E132/><V92/><REACH who="2" step="1"/><F97/><REACH who="2" ten="255,235,245,235" step="2"/><W3/><G98/><T41/><D19/><U72/><E72/><AGARI ba="1,3" hai="8,10,36,40,47,72,77,78,81,83,85,92,93,94" machi="72" ten="40,2600,0" yaku="1,1,2,1,53,0" doraHai="23" doraHaiUra="103" who="2" fromWho="1" sc="255,0,235,-29,245,59,235,0" /><INIT seed="1,0,0,1,1,74" ten="255,206,304,235" oya="1" hai0="60,27,109,53,2,108,61,117,3,105,31,58,76" hai1="29,82,13,63,115,12,90,55,11,4,78,52,47" hai2="0,121,102,84,8,101,83,95,93,127,116,28,6" hai3="56,98,128,15,77,36,71,21,119,57,37,75,126"/><U42/><E115/><V113/><F116/><W79/><G119/><T18/><D105/><U88/><E29/><V64/><F121/><W19/><G71/><T30/><D117/><U94/><E13/><V97/><F113/><W91/><G128/><T107/><D107/><U86/><E63/><V39/><F39/><W92/><G75/><T10/><D18/><U89/><REACH who="1" step="1"/><E94/><REACH who="1" ten="255,196,304,235" step="2"/><V85/><F95/><W44/><G126/><T123/><D31/><U38/><AGARI ba="0,1" hai="4,11,12,38,42,47,52,55,78,82,86,88,89,90" machi="38" ten="30,18000,2" yaku="1,1,2,1,0,1,52,1,54,2,53,0" doraHai="74" doraHaiUra="103" who="1" fromWho="1" sc="255,-60,196,190,304,-60,235,-60" /><INIT seed="1,1,0,2,3,87" ten="195,386,244,175" oya="1" hai0="86,135,134,98,56,89,121,12,65,10,63,108,64" hai1="102,109,104,70,53,93,126,59,117,39,94,19,29" hai2="81,115,79,73,96,116,58,101,133,80,20,99,23" hai3="75,54,17,9,57,83,111,118,66,6,52,114,129"/><U46/><E117/><V49/><F116/><W45/><G118/><T113/><D113/><U50/><E126/><V35/><F35/><W130/><G114/><T85/><D108/><U68/><E29/><V32/><F32/><W119/><G119/><T55/><D121/><U112/><E112/><V69/><F69/><W110/><G17/><T95/><D135/><U43/><E109/><N who="3" m="41482" /><G66/><N who="0" m="25707" /><D134/><U106/><E19/><AGARI ba="1,0" hai="10,12,19,55,56,63,85,86,89,95,98" m="25707" machi="19" ten="30,2000,0" yaku="8,1,52,1" doraHai="87" who="0" fromWho="1" sc="195,23,386,-23,244,0,175,0" /><INIT seed="2,0,0,5,5,2" ten="218,363,244,175" oya="2" hai0="27,66,58,10,38,120,94,59,25,102,133,22,50" hai1="82,86,118,13,122,36,103,129,11,9,12,28,99" hai2="42,21,84,40,69,80,3,15,54,64,4,26,24" hai3="47,32,1,45,90,17,135,37,97,62,57,6,31"/><V81/><F3/><W91/><G135/><T29/><D120/><U68/><E122/><V78/><F69/><W35/><G17/><T46/><D38/><U52/><E118/><V8/><F64/><W5/><G1/><T33/><D133/><U43/><E129/><V60/><F80/><W131/><G131/><T121/><D121/><U30/><E68/><V44/><F26/><W126/><G126/><T134/><D134/><U119/><E119/><V55/><F60/><W48/><G37/><T104/><D104/><U76/><E43/><N who="2" m="16427" /><F44/><N who="3" m="16971" /><G32/><T39/><D39/><U109/><E109/><V51/><F51/><W79/><G35/><T73/><D33/><U56/><E36/><V67/><F67/><N who="3" m="39375" /><G31/><AGARI ba="0,0" hai="4,8,15,21,24,31,54,55,78,81,84" m="16427" machi="31" ten="30,2900,0" yaku="8,1,52,1" doraHai="2" who="2" fromWho="3" sc="218,0,363,0,244,29,175,-29" /><INIT seed="2,1,0,5,4,28" ten="218,363,273,146" oya="2" hai0="4,32,85,48,51,69,1,112,14,47,109,108,50" hai1="97,107,129,71,3,130,18,20,81,119,120,49,87" hai2="80,25,53,0,134,34,117,126,83,76,10,8,57" hai3="59,111,124,110,92,58,94,35,42,74,16,15,65"/><V6/><F117/><W31/><G74/><T17/><D69/><U122/><E119/><V113/><F113/><W82/><G82/><T86/><D112/><U118/><E71/><V127/><F134/><W75/><G75/><T123/><D123/><N who="1" m="47147" /><E3/><V39/><F39/><W132/><G132/><T12/><D47/><U100/><E118/><V54/><F10/><W41/><G124/><N who="2" m="47657" /><F76/><W27/><G41/><T67/><D67/><U7/><E7/><V26/><F54/><W64/><G42/><T45/><D45/><U115/><E49/><N who="2" m="30895" /><F25/><W116/><G116/><T103/><D4/><U2/><E2/><V73/><F73/><W133/><G133/><T63/><D1/><U79/><E115/><V23/><F34/><W38/><G38/><T89/><D32/><U60/><E60/><V70/><F70/><W11/><G64/><T40/><D63/><U13/><AGARI ba="1,0" hai="13,18,20,79,81,87,97,100,107,129,130" m="47147" machi="13" ten="30,1100,0" yaku="13,1" doraHai="28" who="1" fromWho="1" sc="218,-4,363,14,273,-6,146,-4" /><INIT seed="3,0,0,2,0,94" ten="214,377,267,142" oya="3" hai0="87,66,50,26,130,109,84,90,11,12,81,80,114" hai1="65,121,106,7,13,61,95,14,71,83,89,41,15" hai2="85,103,36,101,82,133,44,30,96,3,64,62,42" hai3="120,56,91,16,122,100,110,125,116,9,35,49,45"/><W53/><G116/><T126/><D109/><U69/><E121/><V38/><F3/><W8/><G110/><T112/><D130/><U78/><E106/><V18/><F133/><W32/><G125/><T129/><D129/><U34/><E34/><V37/><F103/><W25/><G100/><T119/><D119/><U47/><E71/><V24/><F18/><W111/><G111/><T88/><D126/><U5/><E83/><V22/><F85/><W86/><G120/><T2/><D2/><U33/><E33/><V73/><F82/><W54/><G122/><T113/><D26/><U134/><E134/><V70/><REACH who="2" step="1"/><F73/><REACH who="2" ten="214,377,257,142" step="2"/><W104/><G104/><AGARI ba="0,1" hai="22,24,30,36,37,38,42,44,62,64,70,96,101,104" machi="104" ten="30,7700,0" yaku="1,1,2,1,7,1,52,1,53,0" doraHai="94" doraHaiUra="10" who="2" fromWho="3" sc="214,0,377,0,257,87,142,-77" /><INIT seed="4,0,0,5,2,17" ten="214,377,344,65" oya="0" hai0="50,101,112,133,51,90,23,134,71,119,124,58,3" hai1="98,6,7,88,16,43,135,118,102,68,93,5,59" hai2="45,64,114,55,123,75,60,53,41,28,122,91,115" hai3="47,116,97,35,26,65,127,103,18,4,36,92,25"/><T111/><D3/><U61/><E135/><N who="0" m="51721" /><D101/><U56/><E118/><V95/><F75/><W105/><G4/><T9/><D9/><U79/><E79/><V57/><F28/><W38/><G116/><T69/><D90/><U84/><E43/><V94/><F91/><W126/><G92/><T13/><D119/><U32/><E32/><V42/><F95/><W20/><G65/><T10/><D124/><U49/><E68/><N who="0" m="26185" /><D112/><N who="2" m="43050" /><F94/><W21/><G35/><T85/><D111/><U37/><E7/><V128/><F128/><W52/><G126/><T108/><D108/><U86/><E102/><V99/><F99/><W78/><G78/><T73/><D73/><U72/><E72/><V19/><F19/><W48/><REACH who="3" step="1"/><G127/><REACH who="3" ten="214,377,344,55" step="2"/><T125/><D125/><U33/><E93/><V87/><F123/><W77/><G77/><T8/><D85/><U100/><E86/><V24/><F87/><W132/><G132/><T89/><D89/><U30/><E88/><V27/><F122/><W40/><G40/><T44/><D10/><U120/><E84/><V107/><F42/><W117/><G117/><T29/><D8/><U109/><E109/><V130/><F130/><W63/><G63/><T62/><D62/><U31/><E61/><V83/><F107/><W15/><G15/><T131/><D13/><U96/><E120/><V76/><F76/><W74/><G74/><T14/><D14/><U1/><E98/><V46/><F41/><W34/><G34/><T67/><D131/><U80/><E96/><V82/><F64/><W66/><G66/><T113/><D113/><U0/><E33/><RYUUKYOKU ba="0,1" sc="214,-10,377,-10,344,-10,55,30" hai3="18,20,21,25,26,36,38,47,48,52,97,103,105" /><INIT seed="5,1,1,3,0,127" ten="204,367,334,85" oya="1" hai0="53,26,117,89,84,43,111,79,4,125,101,56,44" hai1="129,98,124,33,10,48,61,16,38,126,64,27,5" hai2="108,113,29,72,115,36,128,69,52,131,135,40,122" hai3="18,51,60,41,7,93,97,96,63,46,81,19,55"/><U28/><E129/><N who="2" m="49739" /><F72/><W68/><G7/><T9/><D111/><U76/><E38/><V66/><F29/><W42/><G68/><T14/><D117/><U105/><E76/><V49/><F122/><W92/><G81/><T20/><D101/><U11/><E48/><V82/><F82/><W34/><G34/><T104/><D104/><U123/><E123/><V50/><F108/><W78/><G78/><T102/><D102/><U95/><E105/><V8/><F8/><W24/><G55/><T31/><D125/><N who="1" m="48235" /><E16/><N who="3" m="6186" /><G24/><T85/><D79/><U132/><E5/><V17/><F17/><W1/><G1/><T88/><D26/><U32/><E132/><V75/><F75/><W130/><G130/><T118/><D4/><U100/><E33/><V67/><F135/><W116/><G46/><T65/><D44/><U59/><AGARI ba="1,1" hai="10,11,27,28,32,59,61,64,95,98,100" m="48235" machi="59" ten="30,1500,0" yaku="18,1" doraHai="127" who="1" fromWho="1" sc="204,-6,367,28,334,-6,85,-6" /><INIT seed="5,2,0,4,3,44" ten="198,395,328,79" oya="1" hai0="21,82,78,81,132,102,20,61,10,37,104,64,40" hai1="55,134,99,69,29,135,131,30,42,24,59,63,83" hai2="36,127,28,118,41,117,4,110,43,96,27,53,84" hai3="107,115,93,75,79,0,121,47,111,52,109,9,23"/><U119/><E119/><V100/><F36/><W48/><G121/><T25/><D132/><N who="1" m="50731" /><E131/><V16/><F110/><W123/><G123/><T113/><D113/><U68/><E83/><V72/><F72/><W11/><G115/><T38/><D104/><U76/><E76/><V86/><F127/><W60/><G107/><T54/><D40/><U56/><E42/><V88/><F4/><W77/><G109/><T14/><D102/><U17/><E17/><V51/><F118/><W129/><G111/><T13/><D38/><U19/><E19/><V70/><F70/><W71/><G129/><T8/><D37/><U95/><E29/><V80/><F86/><W74/><G93/><T49/><D82/><U112/><E112/><V26/><F117/><W94/><G94/><T62/><D81/><U33/><E59/><V101/><F27/><W73/><G23/><T7/><D78/><U22/><E33/><V32/><F16/><W39/><G39/><T116/><D21/><U130/><E130/><V15/><F15/><W133/><G133/><T87/><D20/><U124/><E124/><V5/><F5/><W97/><G0/><T122/><D122/><U50/><E63/><V90/><F90/><AGARI ba="2,0" hai="22,24,30,50,55,56,68,69,90,95,99" m="50731" machi="90" ten="30,2900,0" yaku="20,1,52,1" doraHai="44" who="1" fromWho="2" sc="198,0,395,35,328,-35,79,0" /><INIT seed="5,3,0,5,4,119" ten="198,430,293,79" oya="1" hai0="123,86,34,84,102,25,4,132,87,45,2,126,33" hai1="133,17,50,108,12,31,90,96,1,35,37,109,103" hai2="68,49,100,135,115,92,40,52,73,47,6,69,38" hai3="71,21,112,81,127,63,72,134,42,10,58,67,3"/><U111/><E37/><V75/><F6/><W16/><G127/><T65/><D126/><U5/><E133/><V80/><F135/><W120/><G134/><T94/><D132/><U7/><E50/><V43/><F73/><W117/><G117/><T9/><D65/><U77/><E77/><V89/><F115/><W46/><G112/><T74/><D74/><U19/><E90/><V66/><F43/><W101/><G101/><T18/><D45/><U59/><E59/><V98/><F75/><W24/><G72/><T128/><D128/><U113/><E96/><V28/><F28/><W122/><G81/><T44/><D44/><U26/><E103/><V124/><F124/><W129/><G129/><T79/><D79/><U60/><E60/><V14/><F14/><W13/><G3/><T78/><D78/><U15/><E113/><V99/><F80/><W62/><G71/><T53/><D102/><U0/><E0/><V107/><REACH who="2" step="1"/><F66/><REACH who="2" ten="198,430,283,79" step="2"/><W30/><REACH who="3" step="1"/><G62/><REACH who="3" ten="198,430,283,69" step="2"/><T55/><D2/><U131/><E131/><V39/><F39/><AGARI ba="3,2" hai="10,13,16,21,24,30,39,42,46,58,63,67,120,122" machi="39" ten="30,12000,2" yaku="1,1,2,1,7,1,52,2,54,1,53,1" doraHai="119" doraHaiUra="61" who="3" fromWho="2" sc="198,0,430,0,283,-129,69,149" /><INIT seed="6,0,0,5,1,3" ten="198,430,154,218" oya="2" hai0="99,121,55,13,94,135,132,0,58,112,75,65,15" hai1="96,4,98,71,81,120,12,37,108,44,82,2,128" hai2="5,102,60,53,47,95,131,119,90,9,42,34,51" hai3="89,101,130,61,92,110,63,97,22,116,40,27,113"/><V38/><F119/><W70/><G116/><T134/><D121/><U10/><E108/><V57/><F34/><W7/><G110/><T43/><D0/><U54/><E120/><V118/><F118/><W8/><G130/><T67/><D43/><U56/><E128/><V104/><F131/><W127/><G127/><T33/><D75/><U85/><E71/><V30/><F30/><W78/><G113/><T105/><D105/><U48/><E2/><V133/><F133/><W124/><G124/><T62/><D33/><U36/><E36/><V59/><F104/><W29/><G78/><T103/><D112/><U83/><E37/><V88/><F59/><W52/><G40/><T17/><REACH who="0" step="1"/><D15/><REACH who="0" ten="188,430,154,218" step="2"/><U66/><E98/><N who="2" m="59743" /><F38/><W87/><G97/><T114/><D114/><U115/><E96/><V69/><F69/><W19/><G70/><T23/><AGARI ba="0,1" hai="13,17,23,55,58,62,65,67,94,99,103,132,134,135" machi="23" ten="30,4000,0" yaku="1,1,0,1,20,1,53,0" doraHai="3" doraHaiUra="6" who="0" fromWho="0" sc="188,50,430,-10,154,-20,218,-10" /><INIT seed="7,0,0,3,4,73" ten="238,420,134,208" oya="3" hai0="92,79,3,107,0,106,17,34,85,101,122,110,47" hai1="82,27,13,87,83,127,21,77,71,12,90,133,57" hai2="115,134,48,67,111,14,19,53,130,93,78,44,4" hai3="29,105,102,81,35,37,62,59,30,124,72,123,6"/><W98/><G123/><T113/><D34/><U128/><E128/><V69/><F111/><W76/><G124/><T116/><D110/><U41/><E127/><V119/><F119/><W75/><G37/><T7/><D7/><U61/><E71/><V1/><F130/><W89/><G72/><T131/><D107/><U104/><E133/><V5/><F134/><W80/><G35/><T64/><D113/><U114/><E104/><V49/><F115/><W91/><G6/><T8/><D106/><U99/><E114/><V100/><F1/><W84/><REACH who="3" step="1"/><G89/><REACH who="3" ten="238,420,134,198" step="2"/><T120/><D120/><U50/><E90/><V108/><F108/><W58/><G58/><T66/><D122/><U97/><E57/><V18/><F69/><W126/><G126/><T88/><D88/><U36/><E36/><V33/><F33/><W70/><G70/><T132/><D132/><U121/><E121/><V26/><F4/><W25/><G25/><T86/><D131/><U56/><E56/><V24/><F5/><W96/><G96/><T43/><D3/><U129/><E99/><V118/><F118/><W63/><G63/><T94/><D0/><U60/><E97/><V74/><F74/><W54/><AGARI ba="0,1" hai="29,30,54,59,62,75,76,80,81,84,91,98,102,105" machi="54" ten="20,12000,1" yaku="1,1,0,1,7,1,52,1,53,1" doraHai="73" doraHaiUra="103" who="3" fromWho="3" sc="238,-40,420,-40,134,-40,198,130" /><INIT seed="7,1,0,0,0,6" ten="198,380,94,328" oya="3" hai0="117,29,43,98,10,85,103,108,18,81,1,45,69" hai1="82,65,57,113,94,14,60,92,71,73,19,83,106" hai2="110,122,127,80,121,33,50,35,86,115,95,76,114" hai3="135,22,4,32,77,11,5,109,41,88,123,112,75"/><W27/><G123/><N who="2" m="47113" /><F50/><W63/><G112/><N who="2" m="43049" /><F35/><W7/><G135/><T119/><D108/><U55/><E113/><V59/><F59/><W46/><G32/><T101/><D69/><U36/><E106/><V61/><F33/><W54/><G109/><T23/><D29/><U38/><E38/><V133/><F61/><W84/><G75/><T68/><D68/><U96/><E73/><V28/><F28/><N who="3" m="17527" /><G77/><T78/><D119/><U53/><E36/><V93/><F110/><W126/><G126/><T21/><D117/><U99/><E71/><V125/><F133/><W47/><G41/><T100/><D43/><U24/><E24/><V66/><F66/><W124/><G124/><N who="2" m="47689" /><F95/><N who="3" m="54663" /><G63/><T67/><D67/><U132/><E132/><V52/><F93/><W44/><G54/><T2/><D45/><U26/><E26/><V64/><F64/><W37/><G37/><T9/><D78/><U70/><E70/><V105/><F52/><W12/><AGARI ba="1,0" hai="4,5,7,11,12,44,46,47" m="54663,17527" machi="12" ten="30,6000,0" yaku="8,1,52,1,54,1" doraHai="6" who="3" fromWho="3" sc="198,-21,380,-21,94,-21,328,63" owari="177,-22.0,359,16.0,73,-43.0,391,49.0" /></mjloggm>