<mjloggm ver="2.3"><GO type="41" lobby="0"/><UN n0="%48%41%4C%4C%55%58" n1="%E2%93%9D%53%75%70%68%78" n2="%66%75%74%75%67%6F" n3="%79%75%73%68%69%2A%2A" dan="14,18,16,15" rate="1967.07,2080.40,1988.89,2016.61" sx="M,M,M,M"/><TAIKYOKU oya="0"/><INIT seed="0,0,0,5,1,106" ten="250,250,250,250" oya="0" hai0="51,42,129,34,72,44,128,22,88,115,99,32,109" hai1="8,29,70,132,116,23,76,67,9,10,95,4,56" hai2="108,37,98,74,68,94,96,50,113,75,103,11,19" hai3="133,45,122,66,121,54,31,40,118,49,30,97,112"/><T101/><D115/><U63/><E116/><V26/><F37/><W124/><G66/><T134/><D134/><U46/><E132/><V92/><F68/><W111/><G133/><T93/><D22/><U71/><E4/><V130/><F113/><W16/><G112/><T17/><D17/><U131/><E131/><N who="0" m="50249" /><D101/><U120/><E120/><N who="3" m="46186" /><G118/><T57/><D109/><U117/><E117/><V53/><F108/><W6/><G111/><T18/><D18/><U79/><E71/><V14/><F26/><W87/><G6/><T43/><D57/><U77/><E70/><V82/><F82/><W127/><G97/><T15/><D15/><U38/><E56/><V47/><REACH who="2" step="1"/><F130/><REACH who="2" ten="250,250,240,250" step="2"/><W24/><G87/><T69/><D69/><U2/><E38/><V119/><F119/><W13/><G40/><T36/><D36/><U7/><E7/><V104/><F104/><W58/><G45/><T20/><D42/><U62/><E46/><V86/><F86/><W91/><G91/><AGARI ba="0,1" hai="11,14,19,47,50,53,74,75,91,92,94,96,98,103" machi="91" ten="30,7700,0" yaku="1,1,7,1,52,2,53,0" doraHai="106" doraHaiUra="33" who="2" fromWho="3" sc="250,0,250,0,240,87,250,-77" /><INIT seed="1,0,0,3,4,95" ten="250,250,327,173" oya="1" hai0="10,6,40,8,54,29,57,45,65,122,28,27,92" hai1="1,97,67,88,20,83,131,96,121,50,103,22,120" hai2="84,124,51,25,85,82,75,91,127,133,0,114,52" hai3="132,36,74,17,58,107,38,53,35,106,34,32,117"/><U81/><E1/><V31/><F133/><W61/><G74/><T111/><D111/><U94/><E131/><V60/><F75/><W134/><G117/><T15/><D122/><U76/><E67/><V64/><F0/><W5/><G5/><T128/><D128/><U18/><E22/><V68/><F85/><W9/><G9/><T55/><D65/><U33/><E33/><V16/><F114/><W126/><G126/><T63/><D8/><U109/><E109/><V108/><F108/><W77/><G77/><T4/><D92/><N who="1" m="56327" /><E50/><V3/><F16/><W119/><G119/><T62/><D4/><U66/><E66/><V78/><F3/><W93/><G17/><T104/><D104/><U135/><E20/><V70/><F70/><W86/><G107/><T44/><D27/><U49/><E49/><V118/><F118/><W42/><G106/><T101/><D101/><U39/><E39/><V80/><F127/><W41/><G38/><T116/><D116/><U59/><E135/><N who="3" m="51754" /><G36/><T69/><D69/><U71/><E71/><V90/><F124/><W37/><G37/><T89/><D40/><U14/><E76/><V19/><F78/><W125/><G125/><T110/><D110/><U113/><E113/><V79/><F79/><W26/><G26/><T99/><D28/><U13/><E121/><V98/><F25/><W130/><G130/><T46/><D29/><U48/><E120/><V7/><F64/><W112/><G112/><T23/><D23/><N who="1" m="11727" /><E14/><V123/><F68/><W2/><G2/><T72/><D72/><U87/><E87/><V100/><F123/><RYUUKYOKU ba="0,0" sc="250,-15,250,15,327,-15,173,15" hai1="48,59,81,83,94,97,103" hai3="32,34,35,41,42,53,58,61,86,93" /><INIT seed="1,1,0,0,1,6" ten="235,265,312,188" oya="1" hai0="43,69,121,112,26,20,29,118,44,2,22,110,21" hai1="122,123,78,79,96,56,108,89,47,128,54,86,83" hai2="62,50,17,131,58,63,80,66,23,134,101,85,4" hai3="97,109,0,94,104,11,68,61,34,48,87,51,46"/><U59/><E128/><V67/><F131/><W72/><G34/><T100/><D69/><U125/><E125/><V52/><F134/><W129/><G72/><T82/><D118/><U93/><E108/><V70/><F101/><W40/><G129/><T133/><D110/><U16/><E59/><V71/><F4/><W8/><G109/><T103/><D133/><U76/><E47/><V92/><F92/><W65/><G0/><T12/><D112/><U30/><E30/><V42/><F42/><W18/><G18/><T111/><D2/><U116/><E116/><V14/><F85/><W106/><G51/><T55/><D55/><U77/><REACH who="1" step="1"/><E16/><REACH who="1" ten="235,255,312,188" step="2"/><V132/><F132/><W99/><G87/><T19/><D111/><U24/><E24/><V39/><F39/><W32/><G32/><T33/><D121/><U35/><E35/><V73/><F73/><W90/><REACH who="3" step="1"/><G99/><REACH who="3" ten="235,255,312,178" step="2"/><T7/><D7/><U107/><E107/><AGARI ba="1,2" hai="8,11,40,46,48,61,65,68,90,94,97,104,106,107" machi="107" ten="40,8000,1" yaku="1,1,2,1,52,2,53,0" doraHai="6" doraHaiUra="9" who="3" fromWho="1" sc="235,0,255,-83,312,0,178,103" /><INIT seed="2,0,0,0,4,59" ten="235,172,312,281" oya="2" hai0="26,40,24,25,36,117,60,35,17,100,132,18,114" hai1="20,56,27,33,73,135,131,118,41,11,42,3,125" hai2="53,37,31,50,21,97,8,106,4,54,68,2,7" hai3="44,108,86,14,88,107,104,63,101,103,128,45,15"/><V78/><F37/><W65/><G86/><T122/><D114/><U38/><E118/><V51/><F68/><W96/><G128/><T13/><D122/><U5/><E131/><V77/><F106/><W57/><G108/><T129/><D129/><U121/><E73/><V112/><F112/><W55/><G65/><T22/><D132/><U12/><E38/><V69/><F69/><W30/><G30/><T105/><D117/><U84/><E125/><V62/><F97/><W120/><G120/><T19/><D100/><U87/><E135/><V80/><F7/><W113/><G113/><T71/><D105/><U76/><E121/><V48/><F78/><W23/><G23/><T29/><D40/><U110/><E110/><V99/><F99/><W64/><G64/><T34/><D36/><U58/><E3/><V32/><F32/><N who="0" m="12330" /><D60/><U116/><E33/><V95/><F95/><W28/><G28/><N who="0" m="17431" /><D71/><U61/><E116/><V83/><F83/><W49/><G49/><T79/><D79/><U111/><E111/><V85/><REACH who="2" step="1"/><F62/><REACH who="2" ten="235,172,302,281" step="2"/><W119/><G119/><T46/><D46/><U66/><E76/><V6/><F6/><W134/><G134/><T98/><D98/><U16/><E58/><V10/><F10/><W1/><G1/><T124/><D124/><U81/><E81/><V123/><F123/><W70/><G70/><T47/><D47/><U9/><E9/><V82/><F82/><W90/><G57/><T52/><D52/><U109/><E109/><V133/><F133/><W72/><G96/><T94/><D94/><U115/><E115/><V127/><F127/><RYUUKYOKU ba="0,1" sc="235,-15,172,15,302,15,281,-15" hai1="5,11,12,16,20,27,41,42,56,61,66,84,87" hai2="2,4,8,21,31,48,50,51,53,54,77,80,85" /><INIT seed="2,1,1,4,5,66" ten="220,187,317,266" oya="2" hai0="129,101,4,36,31,71,5,109,6,20,13,30,121" hai1="81,29,114,17,126,23,127,1,91,98,50,94,134" hai2="106,123,108,122,131,130,3,102,55,120,49,97,96" hai3="83,105,46,73,22,75,27,48,65,110,111,52,43"/><V38/><F3/><W11/><G105/><T95/><D36/><U112/><E29/><V68/><F38/><W62/><G11/><T42/><D42/><U44/><E134/><V118/><F118/><W133/><G83/><T67/><D121/><U85/><E1/><V76/><F76/><W28/><G43/><T78/><D78/><U82/><E50/><V103/><F108/><N who="3" m="41515" /><G133/><T2/><D109/><U58/><E58/><AGARI ba="1,1" hai="22,27,28,46,48,52,58,62,65,73,75" m="41515" machi="58" ten="30,2000,0" yaku="14,1,54,1" doraHai="66" who="3" fromWho="1" sc="220,0,187,-23,317,0,266,33" /><INIT seed="3,0,0,4,0,119" ten="220,164,317,299" oya="3" hai0="113,5,87,125,1,3,31,43,65,104,105,97,51" hai1="21,45,82,71,58,28,35,67,16,63,57,23,110" hai2="2,133,15,93,33,89,60,68,64,132,25,129,27" hai3="69,74,39,76,117,99,46,124,96,49,26,75,24"/><W102/><G39/><T122/><D122/><U86/><E110/><V111/><F2/><W14/><G117/><T101/><D125/><U131/><E131/><V91/><F111/><W12/><G69/><T127/><D127/><U81/><E35/><V77/><F77/><W37/><G37/><T52/><D31/><U92/><E45/><V130/><F15/><W30/><G124/><T116/><D116/><U106/><E106/><V120/><F120/><W9/><G76/><T32/><D32/><U61/><E71/><V22/><F33/><W98/><G102/><T80/><D65/><U78/><E92/><V123/><F123/><W10/><G46/><T83/><D43/><U50/><E50/><V18/><F27/><N who="3" m="10283" /><G49/><T13/><D105/><U79/><E28/><V41/><F41/><W72/><G30/><T66/><D66/><U84/><REACH who="1" step="1"/><E16/><REACH who="1" ten="220,154,317,299" step="2"/><V40/><F93/><W8/><AGARI ba="0,1" hai="8,9,10,12,14,72,74,75,96,98,99" m="10283" machi="8" ten="40,12000,1" yaku="29,2,28,2" doraHai="119" who="3" fromWho="3" sc="220,-40,154,-40,317,-40,299,130" /><INIT seed="3,1,0,1,4,134" ten="180,114,277,429" oya="3" hai0="25,78,106,31,4,107,11,108,42,43,89,5,105" hai1="79,28,37,9,70,82,64,68,17,61,0,16,109" hai2="13,83,32,50,14,119,38,10,30,104,80,39,45" hai3="67,90,46,115,60,18,12,53,66,94,100,126,52"/><W3/><G3/><T71/><D108/><U72/><E109/><V21/><F32/><W97/><G115/><T77/><D71/><U8/><E28/><V40/><F104/><W112/><G112/><T123/><D123/><U118/><E118/><V84/><F119/><W26/><G26/><T101/><D101/><U27/><E37/><V124/><F83/><W58/><G100/><T114/><D114/><U76/><E76/><V99/><F99/><W81/><G81/><T131/><D131/><U34/><E70/><V15/><F10/><N who="3" m="6423" /><G126/><T23/><D89/><U35/><E9/><V122/><F124/><W96/><G96/><T85/><D85/><U20/><REACH who="1" step="1"/><E17/><REACH who="1" ten="180,104,277,429" step="2"/><V22/><F30/><W130/><G130/><T55/><D78/><U19/><E19/><V87/><F39/><W135/><G135/><T113/><D77/><U2/><E2/><V111/><F38/><W121/><G121/><T48/><D113/><U93/><E93/><V125/><F122/><W132/><G132/><T56/><REACH who="0" step="1"/><D4/><AGARI ba="1,1" hai="0,4,8,16,20,27,34,35,61,64,68,72,79,82" machi="4" ten="40,2600,0" yaku="1,1,54,1,53,0" doraHai="134" doraHaiUra="44" who="1" fromWho="0" sc="180,-29,104,39,277,0,429,0" /><INIT seed="4,0,0,4,2,116" ten="151,143,277,429" oya="0" hai0="113,81,47,53,46,130,66,18,14,73,105,74,30" hai1="4,35,92,21,24,28,42,9,8,34,94,72,96" hai2="64,100,76,59,7,58,99,45,15,0,49,90,77" hai3="119,122,125,85,129,124,2,103,107,118,25,79,114"/><T17/><D105/><U61/><E72/><V65/><F0/><W126/><G2/><T112/><D130/><U27/><E42/><V69/><F69/><W38/><G38/><T19/><D19/><BYE who="0" /><U62/><E21/><V109/><F90/><W56/><G129/><T68/><D68/><U3/><E3/><V54/><F109/><W102/><G114/><T13/><D13/><U135/><E96/><V106/><F59/><W23/><G56/><T78/><D78/><U37/><E37/><V67/><REACH who="2" step="1"/><F58/><REACH who="2" ten="151,143,267,429" step="2"/><W1/><G1/><T128/><D128/><U75/><E135/><V93/><F93/><W6/><G6/><T36/><D36/><U26/><E4/><V31/><F31/><N who="3" m="17855" /><G107/><T80/><D80/><U51/><E28/><V60/><F60/><W50/><G50/><T110/><D110/><U98/><E51/><V134/><F134/><W12/><G12/><T88/><D88/><U71/><E71/><UN n0="%48%41%4C%4C%55%58" /><V91/><F91/><W133/><G133/><T70/><D113/><U115/><E115/><V33/><F33/><W48/><G48/><T5/><D112/><U20/><E35/><V83/><F83/><N who="3" m="47359" /><G122/><T32/><D32/><U22/><E34/><V101/><F101/><AGARI ba="0,1" hai="101,102,103,118,119,124,125,126" m="47359,17855" machi="101" ten="30,1000,0" yaku="18,1" doraHai="116" who="3" fromWho="2" sc="151,0,143,0,267,-10,429,20" /><INIT seed="5,0,0,4,1,121" ten="151,143,257,449" oya="1" hai0="24,117,125,88,30,119,13,53,82,9,99,10,62" hai1="100,50,31,8,91,40,38,78,22,101,87,108,47" hai2="118,15,1,107,129,16,26,55,27,81,102,98,72" hai3="54,94,131,4,44,130,59,103,32,73,124,61,110"/><U29/><E38/><V111/><F118/><W28/><G73/><T33/><D125/><U84/><E108/><V43/><F1/><W23/><G32/><T2/><D9/><U135/><E135/><V18/><F18/><W19/><G28/><N who="1" m="10826" /><E22/><V14/><F14/><W109/><G4/><T105/><D105/><U128/><E128/><N who="3" m="49194" /><G44/><T97/><D97/><U36/><E36/><V85/><F72/><W83/><G83/><T115/><D115/><U74/><E74/><V6/><F6/><W34/><G34/><T48/><D62/><U112/><E112/><V64/><F111/><N who="3" m="42507" /><G94/><T69/><D69/><U5/><E5/><V90/><F129/><W133/><G103/><T7/><D2/><U80/><E8/><V132/><F132/><W89/><G89/><T41/><D41/><U0/><E0/><V127/><F43/><W79/><G79/><T77/><D77/><BYE who="0" /><U56/><E101/><V93/><F107/><W39/><G39/><T75/><D75/><UN n0="%48%41%4C%4C%55%58" /><U95/><E100/><V20/><F127/><W17/><G124/><T46/><D82/><N who="1" m="47191" /><E95/><V116/><F116/><W92/><G92/><T126/><D126/><U120/><E120/><V60/><REACH who="2" step="1"/><F55/><REACH who="2" ten="151,143,247,449" step="2"/><N who="3" m="34047" /><G133/><T11/><D119/><U68/><E91/><V113/><F113/><W49/><G23/><T123/><D117/><U21/><E21/><V12/><F12/><W52/><G49/><T58/><D123/><U51/><E51/><V42/><F42/><W25/><G25/><T122/><D122/><U67/><E40/><V66/><F66/><W96/><G96/><T104/><D104/><U134/><E134/><RYUUKYOKU ba="0,1" sc="151,-15,143,-15,247,15,449,15" hai2="15,16,20,26,27,60,64,81,85,90,93,98,102" hai3="17,19,52,54" /><INIT seed="6,1,1,0,0,84" ten="136,128,262,464" oya="2" hai0="16,48,11,8,97,2,25,52,90,128,54,12,92" hai1="41,135,14,27,66,72,100,60,88,13,132,79,80" hai2="113,91,83,81,19,101,17,114,120,15,34,110,133" hai3="61,4,5,30,117,20,23,55,122,46,37,104,96"/><V59/><F34/><W29/><G37/><T24/><D128/><U69/><E100/><V49/><F120/><W31/><G122/><T109/><D109/><U35/><E41/><V76/><F133/><N who="1" m="51273" /><E35/><V1/><F1/><W57/><G117/><T115/><D115/><N who="2" m="44042" /><F101/><W38/><G38/><T51/><D2/><U39/><E39/><V68/><F68/><W98/><G104/><T129/><D129/><U130/><E27/><N who="0" m="10313" /><D8/><U7/><E130/><V40/><F110/><W47/><G98/><T99/><D97/><U53/><E7/><N who="3" m="2634" /><G96/><T78/><D78/><U107/><E107/><V36/><F36/><W86/><G86/><T3/><D3/><U62/><E79/><V94/><F76/><W111/><G111/><T112/><D112/><U10/><E10/><N who="2" m="6391" /><F19/><W121/><G121/><T71/><D71/><U50/><E72/><V93/><F93/><W118/><G118/><T87/><D99/><U70/><E70/><V95/><F95/><W75/><G75/><T64/><D64/><U126/><E66/><V45/><F59/><W65/><G65/><T73/><D73/><U127/><E69/><V85/><AGARI ba="1,1" hai="40,45,49,81,83,85,91,94" m="6391,44042" machi="85" ten="30,3000,0" yaku="15,1,52,1" doraHai="84" who="2" fromWho="2" sc="136,-11,128,-11,262,43,464,-11" /><INIT seed="6,2,0,2,2,47" ten="125,117,305,453" oya="2" hai0="19,61,83,117,25,113,21,60,115,69,26,2,22" hai1="74,6,122,10,5,88,35,51,104,100,54,87,126" hai2="102,0,72,71,40,50,134,86,65,16,81,101,90" hai3="135,68,31,62,78,32,84,48,99,49,56,45,121"/><V67/><F0/><W112/><G68/><T59/><D117/><U4/><E74/><V123/><F123/><W28/><G121/><T33/><D2/><U106/><E122/><V70/><F134/><W76/><G32/><T109/><D109/><U11/><E35/><V24/><F72/><W36/><G36/><T29/><D69/><U77/><E77/><N who="3" m="29802" /><G135/><T41/><D41/><U39/><E39/><V133/><F133/><W38/><G38/><T111/><D111/><U13/><E126/><V95/><F70/><W116/><G116/><T52/><D83/><U55/><E100/><N who="2" m="38507" /><F95/><W105/><G105/><T30/><D61/><U20/><E106/><V9/><F71/><W42/><G112/><N who="0" m="43083" /><D33/><U82/><E104/><V3/><F3/><W93/><G84/><T92/><D92/><U85/><E85/><V131/><F131/><W118/><G118/><T12/><D12/><U23/><E13/><N who="2" m="7215" /><F24/><W44/><G93/><T129/><D129/><U57/><E11/><V103/><F103/><W98/><G98/><T43/><D43/><U15/><REACH who="1" step="1"/><E55/><REACH who="1" ten="125,107,305,453" step="2"/><V80/><F80/><W114/><G99/><T96/><D96/><U27/><E27/><V75/><F75/><W58/><G114/><T79/><D79/><U8/><E8/><V89/><F81/><W14/><G14/><T128/><D128/><U119/><E119/><V46/><F86/><W110/><G110/><T91/><D91/><AGARI ba="2,1" hai="40,46,50,65,67,89,90,91" m="7215,38507" machi="91" ten="30,5800,0" yaku="8,1,52,1,54,1" doraHai="47" who="2" fromWho="0" sc="125,-64,107,0,305,74,453,0" /><INIT seed="6,3,0,1,3,8" ten="61,107,379,453" oya="2" hai0="124,83,35,116,48,21,19,10,69,30,117,7,96" hai1="68,64,59,78,91,11,52,46,73,5,105,127,133" hai2="104,101,13,28,99,132,112,134,15,53,135,25,98" hai3="95,42,56,120,113,50,80,94,37,118,128,1,54"/><V2/><F2/><W131/><G1/><N who="0" m="367" /><D69/><U88/><E105/><V82/><F112/><W114/><G120/><T90/><D48/><U12/><E133/><V119/><F119/><N who="0" m="45642" /><D83/><U65/><E127/><V87/><F53/><W93/><G118/><T89/><D96/><U85/><E73/><V75/><F99/><W103/><G103/><T47/><D47/><U34/><E34/><V111/><F111/><W77/><G37/><T41/><D41/><U58/><E68/><V107/><F107/><W20/><G20/><T14/><D124/><U125/><E125/><V81/><F75/><N who="3" m="43071" /><G42/><T122/><D122/><U71/><E71/><V97/><F97/><W92/><G92/><T61/><D61/><N who="1" m="37943" /><E46/><V22/><REACH who="2" step="1"/><F82/><REACH who="2" ten="61,107,369,453" step="2"/><W129/><AGARI ba="3,1" hai="50,54,56,93,94,95,113,114,128,129,131" m="43071" machi="129" ten="40,1500,0" yaku="19,1" doraHai="8" who="3" fromWho="3" sc="61,-7,107,-7,369,-10,453,34" /><INIT seed="7,0,0,2,4,56" ten="54,100,359,487" oya="3" hai0="106,70,32,59,107,43,99,105,91,23,21,96,52" hai1="97,42,51,94,75,104,128,38,62,109,74,126,68" hai2="8,44,71,14,86,10,124,18,46,111,108,67,100" hai3="30,22,61,26,25,130,89,27,29,12,85,1,50"/><W80/><G1/><T83/><D32/><U81/><E109/><V57/><F124/><W92/><G130/><T45/><D70/><U132/><E51/><V55/><F71/><W98/><G50/><T3/><D3/><U31/><E132/><V102/><F67/><W39/><G39/><T15/><D45/><U78/><E31/><V93/><F111/><W110/><G110/><T121/><D43/><U37/><E94/><V131/><F131/><W5/><G5/><T49/><D121/><U129/><E75/><V19/><F102/><N who="3" m="60743" /><G61/><T119/><D119/><U101/><E126/><V87/><F87/><W58/><G58/><T112/><D112/><U69/><E69/><V133/><F133/><W20/><G12/><T60/><D49/><U84/><E84/><V79/><F108/><W135/><G135/><T115/><D115/><U77/><E129/><V120/><F120/><W76/><G27/><T9/><D83/><N who="1" m="45495" /><E42/><V16/><F10/><W63/><G63/><T7/><REACH who="0" step="1"/><D91/><AGARI ba="0,0" hai="20,22,25,26,29,30,76,80,85,89,91" m="60743" machi="91" ten="30,1500,0" yaku="8,1" doraHai="56" who="3" fromWho="0" sc="54,-15,100,0,359,0,487,15" owari="39,-46.0,100,-30.0,359,16.0,502,60.0" /></mjloggm>