<mjloggm ver="2.3"><GO type="41" lobby="0"/><UN n0="%E7%8C%AA%E7%8B%A9%E5%AE%88" n1="%6D%61%6A%75%6E%69%61" n2="%E2%93%9D%53%75%70%68%78" n3="%E3%83%81%E3%83%A3%E3%83%83%E3%83%88%E3%83%A2%E3%83%B3%E3%82%AD%E3%83%BC" dan="14,15,18,13" rate="1999.81,2018.44,2129.02,1881.86" sx="M,M,M,M"/><TAIKYOKU oya="0"/><INIT seed="0,0,0,4,5,62" ten="250,250,250,250" oya="0" hai0="74,117,71,128,96,81,25,39,30,42,79,109,24" hai1="80,89,99,52,115,119,18,121,26,104,86,5,72" hai2="54,93,102,65,120,103,131,70,37,108,123,56,44" hai3="34,101,76,38,112,51,77,78,36,22,13,116,46"/><T118/><D128/><U66/><E119/><V11/><F103/><W58/><G34/><T55/><D24/><U106/><E121/><V41/><F102/><W0/><G116/><T40/><D40/><U97/><E5/><V28/><F93/><W135/><G0/><T130/><D130/><U27/><E72/><V85/><F85/><W23/><G135/><T21/><D109/><U100/><E115/><V53/><F11/><W49/><G49/><T47/><BYE who="3" /><D96/><UN n3="%E3%83%81%E3%83%A3%E3%83%83%E3%83%88%E3%83%A2%E3%83%B3%E3%82%AD%E3%83%BC" /><U33/><E104/><V125/><F28/><W35/><G35/><T73/><D73/><U133/><E99/><V29/><F29/><W82/><G101/><T45/><D55/><N who="2" m="21002" /><F125/><W10/><G82/><T122/><D47/><U92/><E133/><V134/><F108/><W91/><G91/><T67/><REACH who="0" step="1"/><D122/><REACH who="0" ten="240,250,250,250" step="2"/><U19/><E27/><V64/><F131/><W107/><G107/><T75/><D75/><U88/><E26/><V50/><F134/><W110/><G110/><T87/><D87/><U113/><E113/><V95/><F123/><W126/><G112/><T14/><D14/><U57/><E33/><V3/><F120/><W111/><G111/><T83/><D83/><U32/><E32/><V31/><F41/><W114/><G114/><T129/><D129/><U20/><E80/><V1/><F1/><W9/><G13/><T12/><D12/><U6/><E97/><V68/><F3/><W132/><G46/><T63/><AGARI ba="0,1" hai="21,25,30,39,42,45,63,67,71,74,79,81,117,118" machi="63" ten="30,11700,0" yaku="1,1,0,1,52,1,53,1" doraHai="62" doraHaiUra="61" who="0" fromWho="0" sc="240,127,250,-39,250,-39,250,-39" /><INIT seed="0,1,0,2,2,38" ten="367,211,211,211" oya="0" hai0="42,15,125,111,75,22,18,1,109,120,14,3,71" hai1="84,112,29,33,113,27,53,117,131,89,47,62,51" hai2="23,50,91,58,100,57,129,93,94,67,133,95,65" hai3="98,17,77,10,59,130,31,12,9,60,124,103,43"/><T45/><D75/><U69/><E117/><V63/><F129/><W76/><G124/><T119/><D119/><U56/><E131/><V83/><F133/><W85/><G130/><T55/><D120/><U6/><E6/><V81/><F100/><W68/><G68/><T8/><D55/><U80/><REACH who="1" step="1"/><E69/><REACH who="1" ten="367,201,211,211" step="2"/><V28/><F67/><AGARI ba="1,1" hai="27,29,33,47,51,53,56,62,67,80,84,89,112,113" machi="67" ten="40,5200,0" yaku="1,1,2,1,53,1" doraHai="38" doraHaiUra="21" who="1" fromWho="2" sc="367,0,201,65,211,-55,211,0" /><INIT seed="1,0,0,1,4,6" ten="367,266,156,211" oya="1" hai0="66,102,60,53,33,116,11,31,7,15,129,108,122" hai1="103,40,106,25,68,95,13,2,36,69,1,130,47" hai2="18,104,135,48,5,67,27,14,38,94,61,65,30" hai3="125,107,89,101,93,97,10,55,81,63,57,51,37"/><U127/><E130/><V52/><F104/><W86/><G37/><T72/><D108/><U76/><E127/><V90/><F38/><W35/><G35/><T8/><D116/><U41/><E106/><V82/><F5/><W0/><G125/><T91/><D72/><U118/><E118/><V114/><F135/><W32/><G32/><T87/><D102/><U121/><E121/><V26/><F82/><W71/><G0/><T112/><D112/><U84/><E1/><V75/><F75/><W123/><G123/><T3/><D129/><U119/><E41/><V46/><F30/><W73/><G10/><T120/><D31/><U50/><E2/><V100/><F100/><W28/><G28/><T96/><D96/><U74/><E74/><V56/><F67/><W12/><G12/><T79/><D33/><U110/><E110/><V88/><F90/><W132/><G132/><T126/><D79/><U4/><E36/><V113/><F113/><W43/><G43/><T98/><D98/><N who="1" m="59871" /><E25/><V124/><F114/><W92/><G71/><T24/><D24/><U78/><E78/><V85/><F124/><W128/><G128/><T54/><D126/><U59/><E59/><V49/><F49/><W117/><G117/><T83/><D122/><U29/><E29/><V9/><AGARI ba="0,0" hai="9,14,18,26,27,46,48,52,56,61,65,85,88,94" machi="9" ten="20,12000,2" yaku="0,1,7,1,8,1,52,1,54,2" doraHai="6" who="2" fromWho="2" sc="367,-30,266,-60,156,120,211,-30" /><INIT seed="2,0,0,4,0,87" ten="337,206,276,181" oya="2" hai0="51,13,134,104,94,125,78,100,84,89,70,114,14" hai1="67,30,52,59,28,24,40,64,90,21,103,37,102" hai2="99,128,122,31,106,2,61,58,55,46,101,17,25" hai3="92,97,54,1,107,105,93,35,80,7,4,27,68"/><V57/><F128/><W32/><G68/><T108/><D108/><U121/><E121/><V118/><F122/><W83/><G27/><T63/><D114/><U81/><E40/><V71/><F118/><W62/><G62/><T130/><D134/><U41/><E41/><V8/><F46/><W126/><G54/><T42/><D125/><U88/><E37/><V6/><F17/><W26/><G26/><T132/><D132/><U120/><E30/><V133/><F133/><W34/><G97/><T96/><D130/><U91/><E81/><V95/><F95/><W85/><G85/><T11/><D78/><U73/><E73/><V15/><F2/><W12/><G12/><T48/><D42/><U10/><E10/><V33/><REACH who="2" step="1"/><F55/><REACH who="2" ten="337,206,266,181" step="2"/><W38/><G1/><T79/><D14/><U129/><E129/><V29/><F29/><W135/><G135/><T53/><D53/><U77/><E120/><V50/><F50/><W69/><G38/><T19/><REACH who="0" step="1"/><D79/><REACH who="0" ten="327,206,266,181" step="2"/><U119/><E77/><V111/><F111/><W113/><G113/><T45/><D45/><U9/><E119/><V44/><F44/><W23/><G126/><T66/><AGARI ba="0,2" hai="11,13,19,48,51,63,66,70,84,89,94,96,100,104" machi="66" ten="30,4000,0" yaku="1,1,0,1,52,1,53,0" doraHai="87" doraHaiUra="127" who="0" fromWho="0" sc="327,60,206,-10,266,-20,181,-10" /><INIT seed="3,0,0,1,1,57" ten="387,196,246,171" oya="3" hai0="109,50,23,131,80,110,45,32,127,48,14,118,64" hai1="130,115,85,79,112,19,17,24,49,53,15,67,89" hai2="8,124,132,52,41,60,16,84,72,58,93,125,126" hai3="111,74,12,134,129,61,114,27,5,33,92,102,55"/><W39/><G114/><T46/><D118/><U28/><E130/><V83/><F132/><W105/><G39/><T133/><D32/><U35/><E79/><V54/><F41/><W4/><G105/><T63/><D23/><U9/><E19/><V56/><F93/><W13/><G129/><T62/><D14/><N who="3" m="5737" /><G74/><T71/><D80/><U90/><E67/><V0/><F72/><W20/><G33/><T21/><D21/><U120/><E120/><V73/><F73/><W47/><G134/><T11/><D11/><U22/><E35/><V106/><F106/><W3/><G3/><T87/><D87/><U119/><E119/><V104/><F104/><W99/><G111/><N who="0" m="42507" /><D133/><U116/><E116/><V40/><F40/><W117/><G117/><T97/><D97/><U38/><E38/><V86/><F83/><W122/><G47/><N who="0" m="17931" /><D131/><U51/><E90/><V18/><F0/><W70/><G70/><N who="0" m="42263" /><D127/><U10/><E10/><V98/><F8/><W65/><G122/><T29/><D29/><U107/><E107/><V68/><F68/><W44/><G44/><T82/><D82/><U26/><E9/><V96/><F126/><W25/><G25/><T113/><D113/><U1/><E1/><V88/><F88/><W30/><G65/><AGARI ba="0,0" hai="48,50,63,65,71" m="42263,17931,42507" machi="65" ten="30,8000,1" yaku="14,1,34,2,52,2" doraHai="57" who="0" fromWho="3" sc="387,80,196,0,246,0,171,-80" /><INIT seed="4,0,0,3,5,8" ten="467,196,246,91" oya="0" hai0="58,99,97,33,4,128,119,91,36,19,94,21,5" hai1="74,123,96,13,75,69,38,83,101,121,89,31,70" hai2="40,25,133,42,28,87,88,86,72,109,9,103,68" hai3="108,26,95,60,32,6,17,66,77,61,50,81,49"/><T124/><D119/><U22/><E38/><V111/><F72/><W12/><G6/><T134/><D33/><U126/><E126/><V104/><F68/><W78/><G95/><T65/><D124/><U98/><E83/><V51/><F133/><W93/><G93/><N who="0" m="56511" /><D36/><U117/><E89/><V102/><F104/><W0/><G0/><T110/><D128/><U48/><E48/><V112/><F112/><W39/><G39/><T120/><D120/><U11/><E11/><V82/><F111/><W107/><G107/><T27/><D134/><U46/><E22/><V30/><F109/><W18/><G81/><T80/><D80/><U63/><E101/><V100/><F87/><W1/><G1/><T79/><D79/><U92/><E92/><V29/><F25/><W56/><G26/><T73/><D73/><U105/><E105/><V41/><REACH who="2" step="1"/><F9/><REACH who="2" ten="467,196,236,91" step="2"/><W132/><G108/><T59/><D110/><U2/><E121/><V10/><F10/><W90/><G132/><T135/><D135/><U67/><E123/><V85/><F85/><W127/><G127/><T35/><D27/><U115/><E74/><V130/><F130/><W15/><G32/><T106/><D35/><U84/><E75/><V62/><F62/><W23/><G61/><T116/><D116/><U118/><E63/><V52/><F52/><W122/><G122/><T54/><D106/><U37/><E70/><V114/><F114/><W24/><G24/><N who="0" m="14399" /><D54/><U3/><E115/><V7/><F7/><W16/><G23/><T57/><D65/><U76/><E118/><V64/><F64/><W55/><G60/><RYUUKYOKU ba="0,1" sc="467,15,196,-15,236,15,91,-15" hai0="4,5,57,58,59,94,99" hai2="28,29,30,40,41,42,51,82,86,88,100,102,103" /><INIT seed="4,1,1,5,5,43" ten="482,181,251,76" oya="0" hai0="77,67,126,133,62,15,42,50,56,17,130,61,112" hai1="128,68,124,85,24,81,36,72,119,99,78,40,23" hai2="13,11,59,97,135,118,2,12,18,122,51,46,89" hai3="114,69,83,109,10,84,58,117,129,19,113,0,134"/><T25/><D112/><U20/><E119/><V70/><F70/><W38/><G10/><T100/><D130/><U21/><E124/><V31/><F2/><W79/><G19/><T75/><D133/><U14/><E128/><V74/><F74/><W104/><G58/><T52/><D126/><U6/><E68/><V60/><F122/><W35/><G84/><T47/><D100/><U16/><E72/><V37/><F37/><W111/><G83/><T115/><D115/><U39/><E99/><V41/><F31/><W54/><G54/><T92/><D75/><U33/><E39/><V110/><F110/><W22/><G22/><T57/><D77/><U76/><E76/><V66/><F135/><W105/><G79/><T80/><D80/><U91/><E78/><V102/><F118/><W103/><G103/><T5/><D92/><U9/><REACH who="1" step="1"/><E33/><REACH who="1" ten="482,171,251,76" step="2"/><V34/><F34/><W123/><G113/><T27/><D5/><U48/><E48/><V87/><F97/><W28/><G109/><T49/><D50/><U131/><E131/><V63/><F51/><W4/><G4/><T94/><D94/><U1/><E1/><V90/><F87/><W32/><G32/><T29/><D29/><U96/><E96/><V106/><F18/><W26/><G117/><T45/><D45/><AGARI ba="1,2" hai="6,9,14,16,20,21,23,24,36,40,45,81,85,91" machi="45" ten="40,5200,0" yaku="1,1,52,1,54,1,53,0" doraHai="43" doraHaiUra="53" who="1" fromWho="0" sc="482,-55,171,75,251,0,76,0" /><INIT seed="5,0,0,0,2,60" ten="427,246,251,76" oya="1" hai0="47,46,26,73,7,75,79,17,1,133,103,107,90" hai1="127,77,14,85,86,99,0,44,134,21,45,97,3" hai2="38,29,94,113,129,100,16,120,74,126,122,89,80" hai3="18,109,70,66,61,69,53,24,55,125,76,78,130"/><U64/><E127/><V33/><F38/><W105/><G109/><T117/><D117/><U32/><E32/><V28/><F33/><W30/><G125/><T51/><D133/><U84/><E134/><V106/><F126/><W83/><G130/><T57/><D1/><N who="1" m="587" /><E21/><V59/><F59/><W35/><G76/><T8/><D107/><U34/><E34/><V13/><F113/><W128/><G69/><T27/><D103/><U6/><E14/><V115/><F115/><W15/><G105/><T9/><D79/><U25/><E25/><V119/><F119/><W118/><G118/><T43/><D57/><U31/><E31/><V71/><F29/><W123/><G123/><T124/><D124/><U108/><E77/><V62/><F28/><W92/><G92/><T58/><D58/><U88/><E6/><V63/><F129/><W102/><G102/><T110/><D110/><U52/><E108/><V135/><F135/><W39/><G39/><T101/><D101/><U50/><E88/><V22/><F100/><W23/><REACH who="3" step="1"/><G128/><REACH who="3" ten="427,246,251,66" step="2"/><T48/><D90/><U19/><E99/><N who="2" m="57807" /><F106/><W42/><G42/><T114/><D43/><U10/><E97/><V104/><F104/><W98/><G98/><T91/><D91/><U37/><E37/><V68/><F122/><W54/><G54/><T131/><D131/><U65/><E52/><V121/><F121/><W20/><G20/><T116/><D116/><U72/><E72/><AGARI ba="0,1" hai="15,18,23,24,30,35,53,55,61,66,70,72,78,83" machi="72" ten="30,3900,0" yaku="1,1,7,1,52,1,53,0" doraHai="60" doraHaiUra="93" who="3" fromWho="1" sc="427,0,246,-39,251,0,66,49" /><INIT seed="6,0,0,5,1,67" ten="427,207,251,115" oya="2" hai0="7,98,65,10,45,71,104,47,96,20,95,43,116" hai1="128,70,82,77,4,42,15,127,86,28,63,113,57" hai2="6,24,46,90,130,31,117,2,68,35,106,129,83" hai3="14,62,120,101,103,88,112,44,91,17,72,41,5"/><V111/><F117/><W9/><G120/><T23/><D116/><U114/><E128/><N who="2" m="49259" /><F90/><W13/><G72/><T133/><D47/><U29/><E127/><V53/><F83/><W124/><G124/><T108/><D108/><U105/><E105/><V11/><F53/><W115/><G62/><T25/><D71/><U50/><E42/><V59/><F59/><W49/><G103/><T81/><D65/><N who="1" m="41279" /><E50/><V78/><F78/><W55/><G101/><T37/><D81/><U66/><E66/><V76/><F76/><W121/><G121/><T27/><D98/><U110/><E57/><V22/><F46/><W74/><G74/><T100/><D133/><U135/><E110/><V109/><F106/><W26/><G26/><T33/><D104/><U97/><E97/><V38/><F68/><W84/><G84/><T39/><D39/><U48/><E48/><V131/><F38/><W102/><G102/><T40/><D43/><U1/><E1/><V75/><F75/><W79/><G79/><T94/><D95/><U73/><E135/><V89/><F131/><W32/><G32/><T60/><D33/><U99/><E99/><V54/><F54/><W122/><G122/><T107/><D107/><U85/><E85/><V118/><F118/><W36/><G36/><T119/><D119/><U18/><E73/><V21/><F89/><N who="3" m="34379" /><G41/><T64/><D25/><U3/><E77/><V56/><F56/><W92/><G92/><T132/><D27/><U19/><E82/><V52/><F52/><W8/><G115/><T61/><D132/><U69/><E114/><V87/><F87/><RYUUKYOKU ba="0,0" sc="427,-15,207,-15,251,15,115,15" hai2="2,6,11,21,22,24,31,35,109,111" hai3="5,8,9,13,14,17,44,49,55,112" /><INIT seed="6,1,0,3,0,94" ten="412,192,266,130" oya="2" hai0="64,15,48,104,11,79,71,17,57,85,1,31,102" hai1="42,52,27,118,34,127,133,135,61,73,18,21,86" hai2="103,22,84,110,20,8,38,76,106,126,83,29,72" hai3="74,121,41,129,47,55,78,101,128,65,114,62,97"/><V99/><F126/><W95/><G121/><T112/><D31/><U33/><E127/><V2/><F110/><W10/><G55/><T77/><D112/><U89/><E73/><V36/><F22/><W82/><G114/><T67/><D1/><U23/><E42/><V69/><F69/><W13/><G65/><N who="0" m="25163" /><D104/><U9/><E118/><V19/><F29/><W32/><G62/><T59/><D102/><U3/><E21/><V98/><F98/><W51/><REACH who="3" step="1"/><G32/><REACH who="3" ten="412,192,266,120" step="2"/><T134/><D134/><U91/><E34/><V124/><F124/><W39/><G39/><T30/><D71/><U81/><E33/><V0/><F38/><W122/><G122/><T111/><D111/><U119/><E119/><V113/><F36/><W16/><AGARI ba="1,1" hai="10,13,16,41,47,51,74,78,82,95,97,101,128,129" machi="16" ten="30,8000,1" yaku="1,1,0,1,52,1,54,1,53,1" doraHai="94" doraHaiUra="107" who="3" fromWho="3" sc="412,-21,192,-21,266,-41,120,93" /><INIT seed="7,0,0,1,5,82" ten="391,171,225,213" oya="3" hai0="134,66,50,51,47,124,89,75,46,103,127,87,76" hai1="63,90,119,128,115,102,100,112,22,83,10,106,85" hai2="55,98,56,9,116,52,80,43,35,67,99,1,108" hai3="71,104,14,34,113,16,117,13,40,109,135,91,24"/><W23/><G117/><T122/><D122/><U49/><E49/><V4/><F35/><W125/><G71/><T105/><D66/><U5/><E63/><V48/><F108/><W44/><G104/><T73/><D134/><U0/><E119/><V129/><F129/><W2/><G135/><T17/><D103/><U8/><E128/><V41/><F67/><W126/><G91/><T74/><D17/><U31/><E10/><V88/><F116/><W70/><G70/><T77/><D105/><U93/><E106/><V39/><F55/><W97/><G97/><T79/><D87/><U69/><E69/><V78/><F39/><W68/><G68/><T42/><D89/><U61/><E61/><V12/><F1/><W27/><G113/><T110/><D110/><U59/><E59/><V21/><F21/><W132/><G132/><T7/><D7/><U45/><E45/><V84/><F99/><W11/><G109/><T120/><D120/><U92/><E92/><AGARI ba="0,0" hai="4,9,12,41,43,48,52,56,78,80,84,88,92,98" machi="92" ten="40,8000,1" yaku="8,1,52,1,54,2" doraHai="82" who="2" fromWho="1" sc="391,0,171,-80,225,80,213,0" owari="391,49.0,91,-41.0,305,11.0,213,-19.0" /></mjloggm>