<mjloggm ver="2.3"><GO type="41" lobby="0"/><UN n0="%E9%BB%84%E9%BE%8D%E7%8E%8B%E3%81%97%E3%81%92%35%37" n1="%E3%82%BF%E3%82%B3%E4%B8%AD%E3%81%AE%E3%82%BF%E3%82%B3" n2="%E3%81%8A%E3%81%BE%E3%81%99%E3%81%91" n3="%E2%93%9D%53%75%70%68%78" dan="13,14,15,18" rate="1870.27,1938.77,2014.58,2076.73" sx="M,M,M,M"/><TAIKYOKU oya="0"/><INIT seed="0,0,0,0,2,60" ten="250,250,250,250" oya="0" hai0="39,112,96,71,6,51,62,31,132,42,10,120,99" hai1="102,128,0,24,135,53,121,61,119,129,37,114,115" hai2="50,68,100,54,64,29,117,85,25,52,26,33,76" hai3="15,19,67,130,13,82,18,74,11,116,109,70,105"/><T1/><D120/><U46/><E0/><V123/><F123/><W89/><G109/><T101/><D112/><N who="1" m="43051" /><E121/><V66/><F117/><W124/><G130/><N who="1" m="50282" /><E102/><V16/><F68/><W23/><G124/><T97/><D132/><U77/><E77/><V36/><F36/><W2/><G2/><T125/><D125/><U111/><E24/><V94/><F54/><W3/><G3/><T45/><D31/><U27/><E27/><V92/><F76/><W113/><G105/><T32/><D32/><U88/><E88/><V41/><F41/><W75/><G116/><T57/><D71/><U43/><E119/><V38/><F38/><W134/><G134/><T126/><D126/><U5/><E5/><V12/><F26/><W78/><G113/><T40/><D39/><U72/><E72/><V59/><F94/><W49/><G75/><T103/><REACH who="0" step="1"/><D42/><REACH who="0" ten="240,250,250,250" step="2"/><U4/><E135/><V22/><F100/><W55/><G70/><T56/><D56/><N who="1" m="34959" /><E4/><V30/><F29/><W104/><G19/><T20/><D20/><U107/><E107/><V84/><F85/><W98/><G104/><T17/><D17/><U108/><AGARI ba="0,1" hai="37,43,46,108,111" m="34959,50282,43051" machi="108" ten="40,8000,1" yaku="11,1,19,1,34,2" doraHai="60" who="1" fromWho="1" sc="240,-40,250,90,250,-20,250,-20" /><INIT seed="1,0,0,1,1,44" ten="200,340,230,230" oya="1" hai0="12,123,5,26,102,131,60,19,4,6,80,116,93" hai1="100,3,53,46,15,40,132,134,117,108,70,95,54" hai2="129,118,69,115,94,58,109,48,92,59,130,121,133" hai3="57,56,9,28,135,75,31,25,86,114,65,29,125"/><U36/><E3/><V99/><F69/><W82/><G114/><T49/><D123/><U89/><E117/><V61/><F118/><W20/><G75/><T106/><D106/><U52/><E100/><V10/><F121/><W11/><G135/><N who="1" m="51754" /><E15/><V91/><F115/><W87/><G125/><T88/><D116/><U38/><E89/><V107/><F107/><W35/><G35/><T8/><D131/><U113/><E95/><V23/><F10/><N who="3" m="3595" /><G65/><T30/><D102/><U74/><E74/><V119/><F109/><W124/><G124/><T68/><D80/><U47/><E113/><V110/><F110/><W39/><G39/><N who="1" m="14890" /><E108/><V41/><F119/><W128/><G128/><T127/><D127/><U67/><E40/><V1/><F41/><W122/><G122/><T22/><D68/><U85/><E85/><N who="3" m="32266" /><G82/><T71/><D71/><U83/><E83/><V97/><F133/><W51/><G57/><T45/><D60/><AGARI ba="0,0" hai="46,47,52,53,54,60,67,70" m="14890,51754" machi="60" ten="40,12000,1" yaku="20,1,34,2,54,1" doraHai="44" who="1" fromWho="0" sc="200,-120,340,120,230,0,230,0" /><INIT seed="1,1,0,0,5,19" ten="80,460,230,230" oya="1" hai0="119,46,55,126,69,113,13,133,123,99,22,107,86" hai1="98,104,73,56,88,33,38,44,90,93,20,5,12" hai2="37,128,57,111,77,72,34,32,94,101,17,40,10" hai3="118,47,14,80,28,76,129,3,35,63,41,125,1"/><U58/><E33/><V112/><F57/><N who="1" m="22121" /><E73/><V61/><F61/><W18/><G129/><T8/><D69/><U51/><E104/><V50/><F50/><W92/><G125/><T84/><D126/><U83/><E38/><V108/><F40/><W43/><G92/><T106/><D119/><U75/><E75/><V59/><F59/><W115/><G115/><T95/><D113/><U116/><E116/><V6/><F37/><W85/><G43/><T64/><D123/><U105/><E105/><V87/><F94/><W135/><G135/><T25/><D107/><U11/><E83/><V30/><F87/><W74/><G63/><T65/><D133/><U121/><E121/><V68/><F77/><W45/><G74/><T97/><D106/><U117/><E117/><V109/><F101/><W102/><G102/><N who="0" m="60735" /><D99/><U36/><E36/><V132/><F68/><W24/><G118/><T53/><D86/><U89/><E20/><V110/><F72/><W78/><G78/><T67/><D84/><U62/><E62/><V54/><F132/><W15/><G76/><T134/><D134/><U48/><E48/><V82/><F112/><W31/><G85/><T39/><D39/><U0/><E0/><V120/><F120/><W23/><G3/><T81/><D81/><U114/><E114/><V122/><F122/><W52/><G1/><T124/><D124/><U21/><E21/><V42/><F110/><W130/><G80/><T26/><D22/><U4/><E4/><V29/><F109/><W96/><G23/><T79/><D79/><U60/><E60/><V9/><F108/><RYUUKYOKU ba="1,0" sc="80,-10,460,30,230,-10,230,-10" hai1="5,11,12,44,51,88,89,90,93,98" /><INIT seed="1,2,0,5,1,13" ten="70,490,220,220" oya="1" hai0="15,22,35,84,95,134,118,66,37,85,122,51,44" hai1="25,12,127,1,71,52,32,46,10,123,11,130,4" hai2="5,54,19,132,9,103,60,97,96,20,131,90,59" hai3="121,23,111,61,101,27,114,67,112,105,110,93,86"/><U89/><E71/><V73/><F131/><W88/><G121/><T107/><D122/><U62/><E123/><V129/><F129/><W70/><G101/><T7/><D107/><U17/><E127/><V91/><F132/><W81/><G105/><T98/><D134/><U21/><E130/><V104/><F73/><W109/><REACH who="3" step="1"/><G93/><REACH who="3" ten="70,490,220,210" step="2"/><T47/><D118/><U24/><E32/><V108/><F108/><W126/><G126/><T57/><D35/><U75/><E75/><V102/><F102/><W45/><G45/><T116/><D116/><U42/><E89/><V36/><F103/><W128/><G128/><T3/><D37/><U79/><E79/><V41/><F104/><W33/><G33/><T6/><D47/><U94/><E94/><V50/><F36/><W48/><G48/><T18/><D44/><U43/><E46/><N who="2" m="25935" /><F90/><W56/><G56/><T106/><D106/><U53/><E62/><V26/><F91/><W2/><G2/><T117/><D3/><U135/><E135/><V40/><F40/><W77/><G77/><T82/><D117/><U16/><REACH who="1" step="1"/><E25/><REACH who="1" ten="70,480,220,210" step="2"/><V80/><F26/><W38/><G38/><T76/><D51/><U133/><E133/><V74/><F60/><W68/><G68/><T63/><REACH who="0" step="1"/><D85/><REACH who="0" ten="60,480,220,210" step="2"/><U29/><E29/><AGARI ba="2,3" hai="23,27,29,61,67,70,81,86,88,109,110,111,112,114" machi="29" ten="40,5200,0" yaku="1,1,14,1,54,1,53,0" doraHai="13" doraHaiUra="92" who="3" fromWho="1" sc="60,0,480,-58,220,0,210,88" /><INIT seed="2,0,0,3,0,77" ten="60,422,220,298" oya="2" hai0="117,79,112,65,94,17,55,133,60,76,126,120,129" hai1="22,128,87,85,37,64,115,89,81,100,84,92,122" hai2="52,35,72,24,62,111,38,28,69,19,36,80,50" hai3="42,131,118,130,53,83,82,73,48,21,132,135,103"/><V56/><F111/><W104/><G42/><T95/><D117/><U119/><E122/><V41/><F19/><W47/><G73/><T59/><D120/><U110/><E119/><V5/><F5/><W20/><G118/><T40/><D112/><U11/><E37/><V121/><F121/><W134/><G103/><T63/><D126/><U54/><E115/><V10/><F10/><W33/><G104/><T26/><D129/><N who="3" m="49161" /><G33/><T86/><D133/><U61/><E128/><V29/><F29/><W68/><G68/><T108/><D40/><U27/><E110/><V12/><F12/><W124/><G124/><T25/><D108/><U44/><E11/><V93/><F93/><W98/><G98/><T32/><D32/><U0/><E0/><V66/><REACH who="2" step="1"/><F41/><REACH who="2" ten="60,422,210,298" step="2"/><W30/><G30/><T75/><D95/><U57/><E92/><V16/><F16/><W3/><G3/><T46/><D17/><U102/><E102/><V1/><F1/><W113/><G113/><T34/><D26/><U43/><E100/><V14/><F14/><W49/><G49/><T114/><D25/><U18/><E43/><V91/><F91/><W106/><G106/><T88/><D114/><U67/><E67/><V116/><F116/><W7/><G7/><T97/><D34/><U99/><E99/><V9/><F9/><W58/><G21/><T105/><D105/><U2/><E2/><V13/><F13/><W31/><G20/><T51/><D97/><U125/><E125/><V70/><F70/><W127/><G127/><T8/><D8/><U4/><E4/><V123/><F123/><RYUUKYOKU ba="0,1" sc="60,-15,422,15,210,15,298,-15" hai1="18,22,27,44,54,57,61,64,81,84,85,87,89" hai2="24,28,35,36,38,50,52,56,62,66,69,72,80" /><INIT seed="2,1,1,0,2,133" ten="45,437,225,283" oya="2" hai0="50,104,62,43,36,10,49,35,105,130,119,8,54" hai1="65,53,37,12,98,11,74,96,32,1,80,75,131" hai2="90,126,68,41,40,72,22,103,17,85,21,128,56" hai3="16,132,106,108,19,38,64,9,91,92,109,7,111"/><V4/><F68/><W20/><G106/><T113/><D35/><U45/><E1/><V52/><F72/><W107/><G107/><T18/><D36/><U48/><E32/><V84/><F128/><W82/><G132/><T124/><D130/><U114/><E114/><V57/><F103/><W27/><G38/><T97/><D113/><U121/><E121/><V61/><F4/><W42/><G42/><T94/><D105/><U122/><E122/><V24/><F126/><W15/><G64/><T13/><D104/><U81/><E131/><V86/><F90/><W58/><G58/><T69/><D124/><U34/><E34/><V89/><F89/><W44/><G44/><T70/><D119/><U110/><E110/><V59/><F59/><W101/><G101/><T60/><D70/><U66/><E37/><V55/><REACH who="2" step="1"/><F22/><REACH who="2" ten="45,437,215,283" step="2"/><W23/><G82/><T129/><D69/><U112/><E112/><V115/><F115/><W116/><G116/><T83/><D129/><U33/><E75/><V100/><F100/><W135/><G135/><T2/><D2/><U125/><E125/><V120/><F120/><W127/><G127/><T77/><D83/><U5/><E33/><V51/><AGARI ba="1,2" hai="17,21,24,40,41,51,52,55,56,57,61,84,85,86" machi="51" ten="30,12000,1" yaku="1,1,0,1,8,1,54,1,53,1" doraHai="133" doraHaiUra="47" who="2" fromWho="2" sc="45,-41,437,-41,215,143,283,-41" /><INIT seed="2,2,0,2,4,123" ten="4,396,358,242" oya="2" hai0="48,135,70,128,11,64,96,68,116,98,61,17,43" hai1="16,129,120,132,37,18,49,52,34,10,5,19,9" hai2="3,22,112,109,6,114,26,85,101,32,110,99,21" hai3="131,29,51,108,30,38,72,124,104,8,118,121,24"/><V28/><F85/><W2/><RYUUKYOKU type="yao9" ba="2,0" sc="4,0,396,0,358,0,242,0" hai3="2,8,24,29,30,38,51,72,104,108,118,121,124,131" /><INIT seed="2,3,0,4,5,67" ten="4,396,358,242" oya="2" hai0="105,73,95,42,120,97,133,15,110,84,106,39,20" hai1="43,87,113,78,127,49,27,94,52,11,69,5,115" hai2="33,51,48,45,100,77,24,102,92,117,62,53,83" hai3="101,118,36,0,44,6,121,123,86,107,2,88,126"/><V10/><F117/><W19/><G118/><T134/><D73/><U81/><E127/><V31/><F62/><W26/><G126/><T114/><D114/><U35/><E69/><V21/><F33/><W61/><G101/><T47/><D120/><U29/><E94/><V59/><F10/><W65/><G107/><T132/><D110/><U30/><E30/><V124/><F92/><W96/><G96/><T82/><D20/><U119/><E119/><V130/><F130/><W18/><G6/><T129/><D15/><N who="1" m="5615" /><E52/><V46/><F59/><W89/><G44/><AGARI ba="3,0" hai="27,29,35,43,44,49,78,81,87,113,115" m="5615" machi="44" ten="30,1000,0" yaku="25,1" doraHai="67" who="1" fromWho="3" sc="4,0,396,19,358,0,242,-19" /><INIT seed="3,0,0,0,5,112" ten="4,415,358,223" oya="3" hai0="40,1,25,98,83,26,84,125,57,43,65,36,64" hai1="72,67,38,111,61,107,80,51,131,79,59,18,126" hai2="92,31,54,82,19,23,21,33,42,105,45,29,87" hai3="39,12,5,44,134,128,74,32,7,60,35,20,114"/><W103/><G74/><T81/><D1/><U17/><E38/><V110/><F105/><W118/><G114/><T34/><D125/><U8/><E107/><V76/><F110/><W73/><G73/><T86/><D36/><U102/><E111/><V66/><F66/><W16/><G103/><T70/><D34/><U50/><E126/><V93/><F21/><W94/><G128/><T13/><D70/><U116/><E116/><V88/><F54/><W106/><G106/><T100/><D98/><U90/><E131/><V56/><F56/><W95/><G134/><T53/><D100/><U121/><E121/><V63/><F63/><W75/><G75/><T41/><D13/><U127/><E127/><V15/><F93/><W37/><G118/><T2/><D2/><U24/><E102/><V123/><F33/><W22/><G60/><T129/><D129/><U69/><E90/><V85/><REACH who="2" step="1"/><F123/><REACH who="2" ten="4,415,348,223" step="2"/><W47/><G12/><T91/><D57/><U120/><E120/><V101/><F101/><W108/><G108/><T78/><D53/><U46/><E69/><V77/><F77/><W132/><G132/><T130/><D130/><U30/><E8/><V48/><AGARI ba="0,1" hai="15,19,23,29,31,42,45,48,76,82,85,87,88,92" machi="48" ten="20,8000,1" yaku="1,1,0,1,7,1,8,1,54,1,53,0" doraHai="112" doraHaiUra="115" who="2" fromWho="2" sc="4,-20,415,-20,348,90,223,-40" owari="-16,-52.0,395,20.0,438,54.0,183,-22.0" /></mjloggm>