<mjloggm ver="2.3"><GO type="41" lobby="0"/><UN n0="%E2%93%9D%53%75%70%68%78" n1="%72%79%6F%2D" n2="%79%75%73%75%6B%65%6A%70" n3="%E6%89%8B%E3%81%94%E3%81%AD%E9%BA%BB%E9%9B%80" dan="18,15,14,13" rate="2157.54,1957.07,1986.48,1864.57" sx="M,F,M,M"/><TAIKYOKU oya="0"/><INIT seed="0,0,0,0,2,118" ten="250,250,250,250" oya="0" hai0="122,13,47,21,96,99,26,60,97,70,15,28,109" hai1="79,43,27,56,36,129,19,92,10,74,52,50,23" hai2="123,103,45,113,128,0,126,32,101,57,86,30,12" hai3="5,110,24,119,121,106,20,77,82,95,132,135,102"/><T87/><D109/><U44/><E129/><V51/><F30/><W16/><G106/><T3/><D3/><U49/><E79/><V105/><F105/><W42/><G119/><T107/><D107/><U63/><E74/><V130/><F32/><W100/><G42/><T116/><D116/><U91/><REACH who="1" step="1"/><E10/><REACH who="1" ten="250,240,250,250" step="2"/><V80/><F128/><W88/><G110/><T65/><D122/><U17/><E17/><V55/><F123/><W58/><G121/><T14/><D87/><AGARI ba="0,1" hai="19,23,27,36,43,44,49,50,52,56,63,87,91,92" machi="87" ten="30,3900,0" yaku="1,1,7,1,54,1,53,0" doraHai="118" doraHaiUra="117" who="1" fromWho="0" sc="250,-39,240,49,250,0,250,0" /><INIT seed="1,0,0,4,2,110" ten="211,289,250,250" oya="1" hai0="15,59,48,62,54,98,97,26,24,127,6,122,82" hai1="2,37,10,60,49,57,70,27,64,74,108,121,17" hai2="131,50,106,58,30,67,92,120,103,53,18,115,41" hai3="81,46,132,22,7,39,72,101,16,25,69,9,75"/><U128/><E121/><V87/><F120/><W20/><G69/><T4/><D127/><U83/><E128/><V78/><F131/><W8/><G132/><T51/><D122/><U111/><E37/><V91/><F30/><W80/><G101/><T43/><D82/><U94/><E2/><V90/><F78/><W73/><G39/><T5/><D15/><U84/><E74/><V65/><F115/><W12/><G46/><T76/><D76/><U105/><E105/><V116/><F116/><W126/><G126/><T52/><D43/><U77/><E94/><V32/><F32/><W1/><REACH who="3" step="1"/><G22/><REACH who="3" ten="211,289,250,240" step="2"/><T45/><REACH who="0" step="1"/><D62/><REACH who="0" ten="201,289,250,240" step="2"/><U124/><E60/><V95/><F106/><W68/><G68/><T33/><D33/><U14/><E70/><V86/><F103/><W109/><G109/><T79/><D79/><U100/><E124/><V38/><F38/><W99/><G99/><AGARI ba="0,2" hai="4,5,6,24,26,45,48,51,52,54,59,97,98,99" machi="99" ten="40,8000,1" yaku="1,1,8,1,54,1,53,2" doraHai="110" doraHaiUra="44" who="0" fromWho="3" sc="201,100,289,0,250,0,240,-80" /><INIT seed="2,0,0,1,4,119" ten="301,289,250,160" oya="2" hai0="105,15,12,83,44,31,42,67,17,16,72,56,69" hai1="38,86,3,1,53,111,77,88,130,34,112,92,74" hai2="132,10,116,18,26,79,89,127,135,33,115,75,30" hai3="93,106,55,19,107,76,118,21,117,71,108,100,29"/><V39/><F39/><W122/><G71/><T87/><D72/><U32/><E112/><V65/><F65/><W102/><G29/><T59/><D105/><U7/><E38/><V134/><F79/><W120/><G55/><T64/><D31/><U60/><E130/><V23/><F75/><W96/><G19/><T131/><D131/><U5/><E74/><V8/><F89/><W123/><G21/><T36/><D69/><U80/><E111/><V63/><F63/><W81/><G108/><T78/><D67/><U73/><E7/><V50/><F50/><W48/><G48/><T101/><D101/><U49/><E60/><V14/><F116/><N who="3" m="44651" /><G102/><T82/><D82/><U133/><E133/><V43/><F43/><W124/><G124/><T128/><D128/><U95/><E95/><V61/><F61/><W46/><G46/><T97/><D64/><U22/><E22/><V11/><REACH who="2" step="1"/><F127/><REACH who="2" ten="301,289,240,160" step="2"/><W121/><G123/><T45/><D42/><U9/><REACH who="1" step="1"/><E1/><REACH who="1" ten="301,279,240,160" step="2"/><V99/><F99/><W47/><G47/><AGARI ba="0,2" hai="3,5,9,32,34,47,49,53,73,77,80,86,88,92" machi="47" ten="30,7700,0" yaku="1,1,2,1,7,1,54,1,53,0" doraHai="119" doraHaiUra="109" who="1" fromWho="3" sc="301,0,279,97,240,0,160,-77" /><INIT seed="3,0,0,1,2,40" ten="301,376,240,83" oya="3" hai0="67,22,23,107,112,64,62,2,92,27,44,35,88" hai1="18,3,124,4,81,99,57,34,16,13,69,130,75" hai2="32,54,70,105,31,127,119,25,103,84,60,74,85" hai3="135,94,19,12,79,63,90,118,82,109,20,28,6"/><W117/><G135/><T100/><D2/><U68/><E34/><V95/><F74/><W49/><G109/><T61/><D107/><U21/><E124/><V24/><F119/><W7/><G118/><T113/><D100/><U59/><E130/><V126/><F24/><W91/><G117/><T104/><D35/><U98/><E3/><V37/><F37/><W1/><G1/><T45/><D104/><U71/><E4/><V15/><F15/><W30/><G63/><N who="0" m="24075" /><D23/><U87/><E75/><V128/><F128/><W122/><G122/><T36/><D36/><U131/><E131/><V120/><F120/><W108/><G108/><T47/><D113/><U89/><REACH who="1" step="1"/><E18/><REACH who="1" ten="301,366,240,83" step="2"/><V93/><F54/><W66/><G66/><T134/><D134/><U73/><E73/><V110/><F110/><W129/><G129/><T58/><D112/><U46/><E46/><V33/><F33/><W133/><G133/><T5/><D5/><U115/><E115/><V50/><F32/><W38/><G7/><T8/><D58/><AGARI ba="0,1" hai="13,16,21,57,58,59,68,69,71,81,87,89,98,99" machi="58" ten="40,2600,0" yaku="1,1,54,1,53,0" doraHai="40" doraHaiUra="26" who="1" fromWho="0" sc="301,-26,366,36,240,0,83,0" /><INIT seed="4,0,0,5,1,59" ten="275,402,240,83" oya="0" hai0="70,79,120,69,91,20,9,117,31,43,4,39,67" hai1="28,34,48,103,76,78,77,30,54,74,23,90,66" hai2="51,2,99,110,72,81,129,40,128,45,111,85,63" hai3="15,112,26,32,6,86,27,1,14,116,16,102,93"/><T88/><D117/><U101/><E74/><V12/><F2/><W38/><G38/><T3/><D120/><U133/><E133/><V100/><F72/><W135/><G116/><T37/><D79/><U73/><E73/><V18/><F110/><W19/><G135/><T75/><D75/><U98/><E34/><V53/><F111/><W114/><G102/><N who="1" m="38922" /><E66/><V29/><F29/><N who="3" m="19511" /><G93/><T58/><D43/><U13/><E98/><V121/><F121/><W123/><G86/><T46/><D46/><N who="1" m="27927" /><E90/><V107/><F85/><W95/><G95/><T50/><D39/><U36/><E36/><V33/><F81/><W83/><G83/><T132/><D37/><U92/><E92/><V8/><F33/><W125/><G125/><T55/><D132/><U122/><E122/><V25/><F25/><W35/><G123/><T104/><D104/><U115/><E115/><N who="3" m="44074" /><G1/><T82/><D82/><U42/><E42/><V94/><F107/><W17/><G6/><T10/><D91/><U62/><E62/><V41/><F41/><W65/><G65/><T24/><D88/><U21/><E13/><N who="3" m="4618" /><G35/><T134/><D134/><U11/><E78/><V113/><F113/><W124/><G124/><T68/><D67/><U71/><E71/><V49/><F49/><W97/><G97/><T84/><D84/><U106/><E106/><V96/><F96/><W126/><G126/><T105/><D105/><U0/><E77/><V60/><REACH who="2" step="1"/><F40/><REACH who="2" ten="275,402,230,83" step="2"/><W80/><G80/><T7/><D3/><U5/><E76/><V109/><F109/><W118/><G118/><T61/><D50/><U87/><E87/><RYUUKYOKU ba="0,1" sc="275,0,402,0,230,0,83,0" hai0="4,7,9,10,20,24,31,55,58,61,68,69,70" hai1="0,5,11,21,23,28,30" hai2="8,12,18,45,51,53,60,63,94,99,100,128,129" hai3="16,17,19,27" /><INIT seed="4,1,1,0,2,100" ten="275,402,230,83" oya="0" hai0="49,22,76,101,4,20,2,62,113,39,108,117,65" hai1="34,47,6,88,135,57,95,125,36,18,74,102,63" hai2="98,26,96,60,33,70,72,42,121,40,43,128,61" hai3="111,17,97,84,112,83,120,41,127,23,123,51,126"/><T119/><D39/><U37/><E74/><V19/><F70/><W25/><G111/><T12/><D2/><U105/><E34/><V134/><F72/><W122/><G112/><T27/><D76/><U106/><E6/><V30/><F134/><W59/><G97/><T67/><D113/><U58/><E102/><V15/><F128/><W35/><G35/><T110/><D49/><U53/><E135/><V32/><F32/><W21/><G21/><T16/><D67/><U79/><E79/><V46/><F46/><N who="3" m="26063" /><G59/><T115/><D115/><U38/><E125/><V50/><F50/><W85/><G85/><T118/><D101/><U133/><E133/><V45/><F45/><W75/><G75/><T81/><D81/><U92/><E92/><V93/><F121/><W24/><G24/><T77/><D77/><AGARI ba="1,1" hai="17,23,25,77,83,84,120,122,123,126,127" m="26063" machi="77" ten="30,1000,0" yaku="13,1" doraHai="100" who="3" fromWho="0" sc="275,-13,402,0,230,0,83,23" /><INIT seed="5,0,0,0,5,69" ten="262,402,230,106" oya="1" hai0="93,6,46,30,48,101,111,123,75,67,80,124,70" hai1="62,38,125,87,17,72,106,59,16,82,34,132,60" hai2="92,66,95,107,91,109,39,104,108,5,51,112,79" hai3="97,14,19,127,40,64,54,78,81,27,58,113,23"/><U68/><E72/><V11/><F66/><W102/><G113/><T90/><D124/><U114/><E34/><V1/><F92/><W83/><G127/><T117/><D117/><U98/><E125/><V61/><F61/><W31/><G64/><T105/><D111/><U76/><E114/><V24/><F112/><W43/><G54/><T57/><D6/><U84/><E132/><V41/><F107/><W89/><G58/><T134/><D30/><U22/><E68/><V65/><F65/><W133/><G89/><T115/><D123/><U55/><E38/><V119/><F104/><W7/><G7/><T50/><D50/><U103/><E62/><V131/><F131/><W128/><G128/><T52/><D134/><U116/><E116/><V129/><F129/><W9/><G133/><T56/><D115/><U12/><E87/><V29/><F51/><W99/><G99/><N who="0" m="61631" /><D70/><U35/><E35/><V96/><F79/><W32/><G32/><T126/><D67/><U130/><E17/><V120/><F120/><W18/><G18/><T88/><D90/><U121/><E130/><V28/><F28/><W3/><G3/><T42/><D126/><U45/><E121/><V71/><F71/><W122/><G122/><T15/><D75/><U86/><E84/><V4/><F4/><W25/><G25/><T20/><D80/><N who="3" m="30793" /><G78/><T73/><D73/><U33/><E33/><N who="2" m="20647" /><F119/><W26/><G26/><T77/><D77/><U0/><E0/><V74/><F74/><W36/><G36/><T49/><D57/><U10/><E45/><N who="2" m="23743" /><F109/><W135/><G135/><T110/><D110/><RYUUKYOKU ba="0,0" sc="262,-30,402,10,230,10,106,10" hai1="10,12,16,22,55,59,60,76,82,86,98,103,106" hai2="1,5,11,91,95,96,108" hai3="9,14,19,23,27,31,40,43,97,102" /><INIT seed="5,1,0,3,5,100" ten="232,412,240,116" oya="1" hai0="49,30,34,126,112,108,101,114,89,45,19,25,76" hai1="127,122,124,68,109,73,113,69,83,47,31,118,57" hai2="50,35,82,64,58,63,29,65,22,92,36,20,56" hai3="17,80,24,40,54,88,121,26,8,42,16,129,120"/><U117/><E31/><V13/><F36/><W95/><G129/><T123/><D108/><U55/><E73/><V71/><F71/><N who="1" m="27209" /><E83/><V7/><F82/><W115/><G115/><T75/><D126/><N who="1" m="48171" /><E122/><V41/><F35/><W46/><G120/><T18/><D123/><U21/><E21/><V107/><F107/><W38/><G121/><T87/><D76/><U131/><E131/><V102/><F41/><W14/><G80/><T70/><D75/><U104/><E104/><V51/><F7/><W86/><G40/><T33/><D33/><U72/><E72/><V11/><F11/><W90/><G54/><T81/><D114/><U27/><E27/><N who="2" m="16615" /><F13/><W23/><G90/><T74/><D89/><U99/><E99/><N who="2" m="59751" /><F22/><W135/><REACH who="3" step="1"/><G26/><REACH who="3" ten="232,412,240,106" step="2"/><T130/><D130/><U132/><E113/><V9/><F65/><W53/><G53/><T79/><D112/><U84/><E109/><V77/><F64/><W5/><G5/><T116/><D81/><U1/><E118/><V61/><F77/><W43/><G43/><T134/><D116/><U4/><E4/><V78/><F78/><W2/><G2/><T6/><D6/><U28/><E1/><V111/><F111/><W3/><G3/><T128/><D128/><U106/><E55/><V97/><F58/><W62/><G62/><T85/><D79/><U10/><E57/><V125/><F56/><W91/><G91/><T110/><D110/><U119/><E119/><V98/><F61/><W133/><AGARI ba="1,1" hai="8,14,16,17,23,24,38,42,46,86,88,95,133,135" machi="133" ten="30,7900,0" yaku="1,1,0,1,54,2,53,0" doraHai="100" doraHaiUra="103" who="3" fromWho="3" sc="232,-21,412,-40,240,-21,106,92" /><INIT seed="6,0,0,2,1,6" ten="211,372,219,198" oya="2" hai0="35,97,37,45,101,111,93,129,34,127,109,112,69" hai1="11,118,13,89,17,62,3,81,20,83,15,1,38" hai2="58,119,117,108,106,33,74,72,77,25,132,19,114" hai3="63,92,16,32,110,113,22,105,50,36,5,9,14"/><V88/><F106/><W8/><G110/><T82/><D69/><U30/><E38/><V46/><F108/><W48/><G36/><T59/><D111/><U84/><E118/><V54/><F114/><W121/><G32/><T102/><D109/><U49/><E30/><V44/><F132/><W104/><G121/><T42/><D129/><U31/><E49/><N who="3" m="19050" /><G105/><T12/><D127/><U43/><E43/><V78/><F33/><W51/><G104/><T71/><D71/><U123/><E123/><V52/><F25/><N who="3" m="14535" /><G113/><T87/><D102/><U94/><E31/><V73/><F19/><W128/><G128/><T122/><D122/><U116/><E116/><V80/><F74/><W24/><G24/><T61/><D112/><U126/><E126/><V86/><F58/><W18/><N who="3" m="19058" /><W70/><DORA hai="2" /><G70/><T29/><D29/><U0/><REACH who="1" step="1"/><E62/><REACH who="1" ten="211,362,219,198" step="2"/><V131/><F131/><W125/><G125/><T75/><D37/><U99/><E99/><V21/><F119/><W53/><G53/><T79/><D35/><U90/><E90/><V39/><F117/><W134/><G134/><T120/><D120/><U55/><E55/><V40/><F54/><W23/><G63/><T103/><D34/><U27/><E27/><V28/><F77/><W47/><G47/><T68/><D45/><U98/><E98/><V65/><F78/><W64/><G64/><N who="0" m="40975" /><D79/><U56/><E56/><V96/><F65/><W26/><G26/><T41/><D59/><U115/><E115/><V133/><F96/><W91/><G5/><AGARI ba="0,1" hai="0,1,3,5,11,13,15,17,20,81,83,84,89,94" machi="5" ten="40,5200,0" yaku="1,1,52,2,53,0" doraHai="6,2" doraHaiUra="67,124" who="1" fromWho="3" sc="211,0,362,62,219,0,198,-52" /><INIT seed="7,0,0,4,0,85" ten="211,424,219,146" oya="3" hai0="98,1,83,100,71,6,135,38,21,121,134,16,18" hai1="92,67,129,31,28,93,39,117,52,20,84,40,11" hai2="25,15,49,94,116,120,91,113,123,10,46,118,122" hai3="34,51,69,24,62,79,111,61,66,14,74,0,75"/><W87/><G111/><T126/><D121/><U112/><E112/><V80/><F80/><W89/><G0/><T86/><D38/><U78/><E129/><V119/><F25/><W64/><G79/><T2/><D71/><U22/><E117/><V72/><F113/><W90/><G14/><T82/><D126/><U19/><E67/><V109/><F72/><W130/><G130/><T56/><D56/><U55/><E39/><V36/><F36/><W7/><G7/><T41/><D41/><U88/><E40/><N who="2" m="24775" /><F109/><W73/><G51/><T33/><D33/><U42/><E42/><V60/><F60/><W57/><REACH who="3" step="1"/><G87/><REACH who="3" ten="211,424,219,136" step="2"/><T44/><D86/><U4/><E78/><V104/><F119/><W23/><G23/><T43/><D21/><U96/><E22/><V124/><F124/><W32/><G32/><T97/><D6/><U17/><E20/><V81/><F118/><W95/><G95/><T63/><D2/><U99/><E84/><N who="2" m="50575" /><F94/><W125/><G125/><T128/><D128/><U8/><E4/><N who="2" m="3527" /><F116/><W45/><G45/><T115/><D44/><U102/><E102/><V54/><F104/><W48/><G48/><T132/><D115/><U58/><E93/><V30/><F30/><AGARI ba="0,1" hai="24,30,34,57,61,62,64,66,69,73,74,75,89,90" machi="30" ten="40,7700,0" yaku="1,1,52,2,53,0" doraHai="85" doraHaiUra="114" who="3" fromWho="2" sc="211,0,424,0,219,-77,136,87" /><INIT seed="7,1,0,3,4,13" ten="211,424,142,223" oya="3" hai0="39,108,118,130,101,37,56,96,6,102,85,127,64" hai1="82,35,107,134,87,22,50,52,135,78,34,42,106" hai2="76,111,59,47,5,61,51,23,48,43,33,8,115" hai3="103,89,10,122,3,36,83,93,55,92,91,41,60"/><W105/><G122/><T26/><D108/><U125/><E42/><V17/><F33/><W66/><G55/><T70/><D70/><U113/><E35/><V75/><F111/><W19/><G105/><T72/><D72/><U79/><E34/><V53/><F115/><W27/><G103/><T18/><D6/><U128/><E113/><V15/><F76/><W98/><G83/><T25/><D130/><U131/><E125/><V68/><F75/><W46/><G3/><T119/><D85/><U21/><E79/><V126/><F126/><W58/><G10/><T16/><D127/><U77/><E77/><V2/><REACH who="2" step="1"/><F68/><REACH who="2" ten="211,424,132,223" step="2"/><W31/><G31/><T112/><D112/><U28/><E107/><V65/><F65/><W67/><G67/><T49/><D64/><U121/><E106/><V120/><F120/><W100/><REACH who="3" step="1"/><G93/><REACH who="3" ten="211,424,132,213" step="2"/><T74/><D119/><U86/><E121/><V57/><F57/><W123/><G123/><T124/><D118/><U38/><E28/><V14/><F14/><W0/><G0/><T109/><D124/><U20/><E131/><V62/><AGARI ba="1,2" hai="2,5,8,15,17,23,43,47,48,51,53,59,61,62" machi="62" ten="30,4000,0" yaku="1,1,0,1,52,1,53,0" doraHai="13" doraHaiUra="116" who="2" fromWho="2" sc="211,-11,424,-11,132,63,213,-21" owari="200,0.0,413,51.0,195,-20.0,192,-31.0" /></mjloggm>