<mjloggm ver="2.3"><GO type="41" lobby="0"/><UN n0="%E2%93%9D%53%75%70%68%78" n1="%62%6F%77%69%65%3B%5F%3B" n2="%E3%81%B3%E3%81%B3%E3%81%B4%E3%82%87%E3%82%93" n3="%38%38%37%37%38%38%37%37" dan="17,14,13,13" rate="2105.62,1910.07,1820.61,1820.13" sx="M,M,M,M"/><TAIKYOKU oya="0"/><INIT seed="0,0,0,3,4,124" ten="250,250,250,250" oya="0" hai0="118,7,31,37,12,71,101,63,90,130,80,110,11" hai1="93,62,76,65,112,88,106,24,64,29,96,92,57" hai2="95,122,70,109,10,17,40,129,16,81,35,84,100" hai3="78,133,44,126,98,4,119,73,125,134,107,30,5"/><T94/><D118/><U127/><E127/><N who="3" m="48650" /><G30/><T9/><D37/><U53/><E112/><V38/><F122/><W67/><G67/><T23/><D110/><U18/><E106/><V14/><F109/><W39/><G119/><T47/><D71/><U34/><E76/><V103/><F70/><W120/><G120/><T132/><D132/><N who="3" m="50793" /><G44/><T75/><D47/><U113/><E113/><V68/><F68/><W58/><G58/><T77/><D31/><U55/><E18/><V82/><F35/><W79/><G39/><T19/><D63/><U111/><E111/><V13/><F38/><W22/><G22/><T74/><D11/><U115/><E115/><V6/><F40/><W87/><G87/><T1/><D75/><U66/><E92/><V27/><F84/><W25/><G25/><T123/><D123/><U8/><E8/><V135/><F27/><W43/><G43/><T51/><D51/><U117/><E55/><V72/><F135/><W121/><G121/><T104/><D23/><U116/><AGARI ba="0,0" hai="24,29,34,53,57,62,64,65,66,88,93,96,116,117" machi="116" ten="30,2000,0" yaku="0,1,54,1" doraHai="124" who="1" fromWho="1" sc="250,-10,250,20,250,-5,250,-5" /><INIT seed="1,0,0,3,5,0" ten="240,270,245,245" oya="1" hai0="29,2,35,99,69,133,56,113,49,72,98,53,22" hai1="42,21,115,80,38,34,118,47,116,20,11,25,103" hai2="87,67,31,5,102,44,54,64,135,7,114,110,32" hai3="86,77,4,117,40,76,15,8,85,82,127,120,70"/><U13/><E115/><V100/><F114/><W88/><G120/><T48/><D113/><U101/><E34/><V97/><F32/><W59/><G70/><T55/><D69/><U91/><E21/><V130/><F31/><W81/><G127/><T23/><D72/><U132/><E132/><V10/><F135/><W105/><G105/><T123/><D133/><U131/><E131/><V78/><F130/><W121/><G121/><T94/><D2/><U134/><E134/><V96/><F110/><W119/><G59/><T30/><D35/><U62/><E62/><V58/><F44/><W112/><G112/><T125/><D123/><U124/><E124/><V89/><F78/><W107/><G107/><T41/><D125/><U63/><E63/><N who="2" m="36311" /><F10/><W12/><G40/><T84/><D41/><U36/><E36/><V45/><F45/><W26/><G26/><T61/><D61/><U19/><E91/><V122/><F122/><W68/><G68/><T128/><D128/><U106/><E80/><N who="2" m="49383" /><F102/><W109/><G109/><T51/><D49/><U16/><REACH who="1" step="1"/><E106/><REACH who="1" ten="240,260,245,245" step="2"/><V71/><F71/><W79/><G119/><AGARI ba="0,1" hai="11,13,16,19,20,25,38,42,47,101,103,116,118,119" machi="119" ten="40,12000,1" yaku="1,1,2,1,54,1,53,2" doraHai="0" doraHaiUra="14" who="1" fromWho="3" sc="240,0,260,130,245,0,245,-120" /><INIT seed="1,1,0,2,1,115" ten="240,390,245,125" oya="1" hai0="20,46,135,60,14,117,100,47,112,42,53,93,92" hai1="57,35,71,44,119,22,110,127,7,108,80,106,5" hai2="90,12,39,49,55,116,98,41,36,37,124,128,132" hai3="114,0,111,6,68,99,52,79,105,51,85,113,118"/><U73/><E35/><V109/><F12/><W87/><G68/><T34/><D112/><U8/><E119/><V72/><F72/><W125/><G111/><N who="1" m="42538" /><E71/><V74/><F74/><W18/><G125/><T26/><D135/><U103/><E127/><V48/><F124/><W15/><G0/><T24/><D34/><U122/><E122/><V76/><F76/><W3/><G3/><T54/><D14/><U131/><E131/><V86/><F98/><W25/><G118/><T38/><D117/><U40/><E57/><V69/><F69/><W123/><G123/><T45/><D38/><N who="1" m="21527" /><E22/><V10/><F109/><W23/><G114/><T29/><D42/><U126/><E126/><V96/><F41/><W101/><G113/><T67/><D26/><U83/><E73/><V21/><F21/><W84/><G79/><T62/><D67/><U31/><E31/><V58/><F116/><W56/><REACH who="3" step="1"/><G6/><REACH who="3" ten="240,390,245,115" step="2"/><T77/><D77/><U82/><E7/><V16/><F128/><W66/><G66/><T65/><D65/><U91/><E5/><V130/><F130/><W11/><G11/><T43/><D43/><U134/><E8/><V33/><F39/><W81/><G81/><T129/><D129/><U13/><E82/><V133/><F37/><W32/><G32/><T30/><D53/><U2/><E83/><V75/><F36/><W97/><G97/><N who="0" m="59439" /><D54/><U27/><E80/><V17/><F75/><W70/><G70/><T61/><D29/><U9/><E9/><V104/><F10/><W59/><G59/><T95/><AGARI ba="1,1" hai="20,24,30,45,46,47,60,61,62,92,95" m="59439" machi="95" ten="40,1500,0" yaku="8,1" doraHai="115" who="0" fromWho="0" sc="240,28,390,-8,245,-5,115,-5" /><INIT seed="2,0,0,0,0,105" ten="268,382,240,110" oya="2" hai0="85,93,68,27,69,56,83,33,121,8,116,42,18" hai1="15,112,49,43,14,67,45,84,63,82,54,128,98" hai2="44,6,30,106,29,47,75,110,28,52,26,126,90" hai3="87,21,92,80,88,62,58,133,71,32,100,78,16"/><V125/><F106/><W81/><G32/><T41/><D121/><U4/><E112/><V19/><F6/><W66/><G133/><T53/><D116/><U55/><E128/><V103/><F103/><W60/><G100/><T135/><D68/><U102/><E67/><V95/><F110/><W70/><G81/><T101/><D69/><U7/><E7/><V99/><F75/><W117/><G62/><T130/><D33/><U129/><E129/><V113/><F113/><W118/><G118/><T124/><D124/><N who="2" m="47722" /><F52/><N who="1" m="20009" /><E63/><V10/><F10/><W79/><G79/><T40/><D135/><U131/><E4/><V46/><F19/><W107/><G107/><T115/><D130/><U120/><E120/><V50/><F50/><W104/><G104/><T12/><D115/><U91/><E131/><V51/><F51/><W73/><REACH who="3" step="1"/><G117/><REACH who="3" ten="268,382,240,100" step="2"/><T96/><D101/><U17/><E102/><V9/><F9/><W77/><G77/><T25/><D8/><U48/><E82/><V35/><AGARI ba="0,1" hai="26,28,29,30,35,44,46,47,90,95,99" m="47722" machi="35" ten="30,1500,0" yaku="18,1" doraHai="105" who="2" fromWho="2" sc="268,-5,382,-5,240,25,100,-5" /><INIT seed="2,1,0,3,1,104" ten="263,377,265,95" oya="2" hai0="2,0,29,91,107,32,1,108,35,124,19,20,43" hai1="36,79,21,102,123,130,4,95,47,63,38,129,132" hai2="103,101,44,11,135,7,12,26,77,112,61,114,46" hai3="106,39,64,22,125,73,76,120,30,83,34,86,33"/><V40/><F135/><W42/><G120/><T59/><D107/><U6/><E132/><V31/><F61/><W89/><G125/><T88/><D124/><U96/><E123/><V57/><F57/><W109/><G64/><T70/><D108/><U110/><E110/><V53/><F53/><W87/><G109/><T80/><D70/><U15/><E79/><V45/><F40/><W127/><G106/><T134/><D29/><U116/><E116/><V115/><REACH who="2" step="1"/><F77/><REACH who="2" ten="263,377,255,95" step="2"/><W52/><G42/><T56/><D43/><N who="1" m="23015" /><E130/><V49/><F49/><W17/><G39/><T27/><D134/><U121/><E129/><V119/><F119/><W16/><G127/><T66/><D59/><U50/><E50/><V54/><F54/><W78/><G52/><T113/><D56/><U48/><E48/><V72/><F72/><W62/><G62/><T84/><D66/><U58/><E121/><V111/><F111/><W25/><G78/><T37/><D37/><U60/><E38/><V75/><F75/><W94/><REACH who="3" step="1"/><G87/><REACH who="3" ten="263,377,255,85" step="2"/><T8/><D84/><U82/><E63/><V105/><F105/><W9/><G9/><T85/><D8/><U97/><E60/><V10/><F10/><W126/><G126/><T3/><D85/><U99/><E58/><V131/><F131/><W133/><G133/><T14/><D80/><U74/><E82/><V65/><F65/><W117/><G117/><T23/><D113/><U90/><E74/><V92/><F92/><W51/><G51/><T100/><D2/><U28/><E95/><V13/><F13/><W81/><G81/><T118/><D0/><RYUUKYOKU ba="1,2" sc="263,-15,377,-15,255,15,85,15" hai2="7,11,12,26,31,44,45,46,101,103,112,114,115" hai3="16,17,22,25,30,33,34,73,76,83,86,89,94" /><INIT seed="2,2,2,4,3,78" ten="248,362,270,100" oya="2" hai0="35,3,134,115,72,20,117,92,38,58,37,118,131" hai1="106,46,14,130,60,56,19,59,26,7,126,127,132" hai2="36,11,15,90,57,53,71,30,79,21,18,82,49" hai3="70,40,68,93,77,8,29,32,9,89,119,34,0"/><V101/><F71/><W66/><G119/><N who="0" m="45579" /><D115/><U99/><E130/><V86/><F36/><N who="0" m="13930" /><D131/><U75/><E132/><V104/><F104/><W73/><G66/><T102/><D35/><U5/><E75/><V133/><F133/><W108/><G108/><T107/><D134/><U112/><E112/><V61/><F101/><W42/><G93/><T98/><D3/><U39/><E26/><N who="2" m="16719" /><F61/><W33/><G29/><T125/><D72/><U41/><E99/><V100/><F100/><W128/><G128/><T113/><D113/><U45/><E45/><V1/><F1/><W62/><G89/><AGARI ba="2,2" hai="11,15,18,49,53,57,79,82,86,89,90" m="16719" machi="89" ten="30,2900,0" yaku="8,1,52,1" doraHai="78" who="2" fromWho="3" sc="248,0,362,0,270,55,100,-35" /><INIT seed="2,3,0,0,0,88" ten="248,362,325,65" oya="2" hai0="24,53,54,111,44,117,15,127,84,106,130,68,101" hai1="1,120,60,123,86,28,57,105,132,16,4,76,23" hai2="69,2,35,7,11,45,41,122,128,100,63,72,79" hai3="47,107,65,0,109,52,51,39,14,134,10,87,118"/><V99/><F122/><N who="1" m="46633" /><E105/><N who="2" m="63647" /><F128/><W31/><G109/><T21/><D68/><U126/><E126/><V104/><F104/><W91/><G118/><T85/><D111/><U70/><E70/><V33/><F63/><W78/><G107/><T5/><D127/><U8/><E132/><V30/><F30/><W13/><G31/><T133/><D130/><U75/><E75/><V62/><F62/><W19/><G65/><T90/><D101/><U40/><E40/><V37/><F69/><W116/><G116/><T135/><D106/><U25/><E86/><V83/><AGARI ba="3,0" hai="2,7,11,33,35,37,41,45,72,79,83" m="63647" machi="83" ten="30,6000,0" yaku="25,1,33,2" doraHai="88" who="2" fromWho="2" sc="248,-23,362,-23,325,69,65,-23" /><INIT seed="2,4,0,4,1,6" ten="225,339,394,42" oya="2" hai0="57,101,84,5,114,96,55,37,46,50,8,135,12" hai1="20,77,34,19,29,105,69,0,61,99,81,11,26" hai2="85,133,87,43,62,47,58,130,75,71,3,88,48" hai3="56,80,51,86,15,93,123,25,111,128,118,2,49"/><V129/><F75/><W73/><G118/><T76/><D135/><U9/><E0/><V126/><F85/><W22/><G123/><T120/><D114/><U116/><E116/><V70/><F3/><W64/><G2/><T1/><D120/><U39/><E39/><V18/><F133/><W66/><G73/><T59/><D37/><U24/><E81/><V100/><F100/><W32/><G32/><T45/><D1/><U33/><E33/><V27/><F126/><W21/><G111/><T95/><REACH who="0" step="1"/><D46/><REACH who="0" ten="215,339,394,42" step="2"/><U122/><E122/><V131/><F131/><W121/><G121/><T23/><D23/><U104/><E104/><V53/><F130/><W42/><G21/><T63/><D63/><U91/><E77/><V127/><F129/><W90/><G128/><T125/><D125/><U60/><E60/><V112/><F127/><W107/><G42/><T74/><D74/><U79/><E79/><V134/><F134/><W16/><G107/><T14/><D14/><U52/><E105/><V17/><F112/><W13/><G49/><T54/><D54/><U28/><E34/><V115/><F115/><W132/><G132/><T78/><D78/><U68/><E26/><V82/><F27/><W65/><G80/><AGARI ba="4,1" hai="5,8,12,45,50,55,57,59,76,80,84,95,96,101" machi="80" ten="40,5200,0" yaku="1,1,8,1,52,1,53,0" doraHai="6" doraHaiUra="109" who="0" fromWho="3" sc="215,74,339,0,394,0,42,-64" owari="289,-11.0,339,14.0,394,49.0,-22,-52.0" /></mjloggm>