<mjloggm ver="2.3"><GO type="41" lobby="0"/><UN n0="%E3%81%AE%E3%82%89%E7%8C%AB%E7%8E%8B" n1="%34%35%33%36%7A" n2="%6D%61%6A%75%6E%69%61" n3="%E2%93%9D%53%75%70%68%78" dan="13,14,15,17" rate="1934.17,1921.09,2034.72,2064.44" sx="M,M,M,M"/><TAIKYOKU oya="0"/><INIT seed="0,0,0,1,4,92" ten="250,250,250,250" oya="0" hai0="83,23,9,76,105,25,64,16,100,3,75,10,69" hai1="62,103,24,125,43,59,31,50,55,39,56,116,28" hai2="54,109,93,106,124,82,47,134,70,58,91,120,121" hai3="22,114,118,49,60,4,34,71,90,101,21,52,119"/><T27/><D69/><U65/><E125/><V73/><F70/><W130/><G114/><T30/><D64/><U72/><E72/><V128/><F106/><W84/><G34/><T80/><D3/><U86/><E116/><V87/><F124/><W108/><G108/><T117/><D117/><U115/><E115/><V74/><F109/><W13/><G130/><T8/><D80/><U81/><E103/><V89/><F134/><W15/><G101/><T29/><REACH who="0" step="1"/><D25/><REACH who="0" ten="240,250,250,250" step="2"/><U67/><E67/><V77/><F128/><W14/><G119/><T46/><D46/><U95/><E24/><V5/><F47/><W66/><G118/><T42/><D42/><U36/><E43/><V61/><F120/><W40/><G40/><T41/><D41/><U129/><E129/><V44/><F121/><W2/><G2/><T11/><N who="0" m="2048" /><DORA hai="98" /><T97/><AGARI ba="0,1" hai="16,23,27,29,30,75,76,83,97,100,105" m="2048" machi="97" ten="40,18000,2" yaku="1,1,4,1,0,1,52,2,54,1,53,0" doraHai="92,98" doraHaiUra="110,68" who="0" fromWho="0" sc="240,190,250,-60,250,-60,250,-60" /><INIT seed="0,1,0,4,1,33" ten="430,190,190,190" oya="0" hai0="7,125,120,40,104,27,28,34,123,112,88,97,45" hai1="111,12,62,107,79,122,78,119,124,94,36,116,82" hai2="115,5,6,42,57,77,73,95,59,4,21,129,37" hai3="32,64,72,70,84,39,66,44,23,76,30,14,41"/><T65/><D112/><U58/><E36/><V29/><F115/><W1/><G84/><T55/><D125/><U52/><E107/><V92/><F129/><W8/><G14/><T38/><D65/><U13/><E124/><V86/><F73/><W106/><G23/><T69/><D69/><U109/><E122/><V85/><F37/><W93/><G93/><N who="2" m="35913" /><F42/><W80/><G106/><T19/><D88/><U89/><E12/><V25/><F77/><N who="1" m="29193" /><E13/><V63/><F59/><W128/><G128/><T135/><D135/><U90/><E82/><V53/><AGARI ba="1,0" hai="4,5,6,21,25,29,53,57,63,85,86" m="35913" machi="53" ten="30,1100,0" yaku="8,1" doraHai="33" who="2" fromWho="2" sc="430,-6,190,-4,190,14,190,-4" /><INIT seed="1,0,0,3,0,22" ten="424,186,204,186" oya="1" hai0="84,38,63,34,47,48,93,8,0,118,52,68,65" hai1="78,66,132,126,95,120,73,74,27,10,5,99,44" hai2="89,58,115,43,128,2,21,14,113,56,3,127,57" hai3="53,69,76,60,86,6,15,101,133,134,103,102,30"/><U61/><E120/><V72/><F127/><W125/><G125/><T111/><D111/><U7/><E132/><N who="3" m="50794" /><G30/><T122/><D118/><U75/><E126/><V32/><F128/><W83/><G53/><T121/><D34/><U4/><E44/><V81/><F32/><W33/><G33/><T98/><D84/><U108/><E108/><V25/><F14/><W110/><G110/><T13/><D38/><U49/><E49/><V88/><F43/><W55/><G55/><T29/><D29/><U46/><E46/><V135/><F135/><W17/><G6/><T90/><REACH who="0" step="1"/><D0/><REACH who="0" ten="414,186,204,186" step="2"/><N who="2" m="42" /><F72/><W39/><G39/><T77/><D77/><U59/><E78/><V123/><F123/><W106/><G76/><T42/><D42/><U107/><E107/><V35/><F35/><W131/><G106/><T130/><D130/><U129/><E129/><V28/><F81/><W12/><G131/><T92/><D92/><U105/><E105/><V82/><F82/><W91/><G17/><AGARI ba="0,1" hai="8,13,17,47,48,52,63,65,68,90,93,98,121,122" machi="17" ten="40,2600,0" yaku="1,1,54,1,53,0" doraHai="22" doraHaiUra="54" who="0" fromWho="3" sc="414,36,186,0,204,0,186,-26" /><INIT seed="2,0,0,5,3,127" ten="450,186,204,160" oya="2" hai0="92,24,2,109,102,40,122,95,66,107,113,103,44" hai1="85,106,110,11,60,65,54,73,22,80,5,1,55" hai2="31,130,91,99,126,70,61,34,118,69,88,20,23" hai3="14,12,112,52,59,67,45,42,97,38,39,116,104"/><V94/><F126/><W51/><G116/><T26/><D122/><U114/><E106/><V98/><F118/><W129/><G112/><T7/><D113/><U133/><E73/><V58/><F34/><W36/><G129/><T79/><D109/><U83/><E133/><V28/><F58/><W30/><G30/><T68/><D79/><U111/><E22/><V101/><F61/><W35/><G35/><T121/><D68/><U115/><E55/><V6/><F94/><W75/><G75/><T87/><D66/><U132/><E54/><V100/><REACH who="2" step="1"/><F6/><REACH who="2" ten="450,186,194,160" step="2"/><W90/><G67/><T78/><D92/><U135/><E115/><V128/><AGARI ba="0,1" hai="20,23,28,31,69,70,88,91,98,99,100,101,128,130" machi="128" ten="25,24000,3" yaku="1,1,2,1,0,1,22,2,52,2,54,1,53,0" doraHai="127" doraHaiUra="131" who="2" fromWho="2" sc="450,-80,186,-80,194,250,160,-80" /><INIT seed="2,1,0,1,2,44" ten="370,106,444,80" oya="2" hai0="27,26,116,60,38,89,53,23,21,51,41,57,113" hai1="105,135,99,36,95,75,102,24,30,107,119,126,1" hai2="2,117,14,71,61,47,62,77,35,20,18,6,79" hai3="78,80,85,69,125,134,81,7,48,43,86,70,9"/><V115/><F115/><W49/><G134/><T123/><D123/><U29/><E36/><V114/><F114/><W54/><G125/><T52/><D113/><U22/><E1/><V58/><F117/><W98/><G98/><T34/><D116/><U83/><E119/><V111/><F111/><W46/><G70/><T8/><D38/><U25/><E135/><V110/><F35/><W68/><G68/><T17/><D41/><U16/><E126/><V11/><F110/><W73/><G69/><T5/><D34/><U40/><E40/><V3/><F3/><W56/><REACH who="3" step="1"/><G81/><REACH who="3" ten="370,106,444,70" step="2"/><T64/><D89/><U131/><E131/><V87/><F71/><W104/><G104/><T120/><D120/><U72/><E83/><V124/><F124/><W59/><G59/><T130/><D130/><U93/><E105/><V39/><F58/><W91/><G91/><T92/><D92/><U118/><E118/><V15/><F47/><W88/><G88/><T32/><D32/><U28/><REACH who="1" step="1"/><E25/><REACH who="1" ten="370,96,444,70" step="2"/><V13/><F77/><W76/><G76/><T63/><D27/><U82/><E82/><V65/><F79/><W50/><G50/><T67/><D51/><U66/><E66/><V97/><F65/><W94/><G94/><AGARI ba="1,2" hai="16,22,24,28,29,30,72,75,93,94,95,99,102,107" machi="94" ten="40,2600,0" yaku="1,1,54,1,53,0" doraHai="44" doraHaiUra="109" who="1" fromWho="3" sc="370,0,96,49,444,0,70,-29" /><INIT seed="3,0,0,5,2,8" ten="370,145,444,41" oya="3" hai0="86,66,94,123,127,33,43,106,52,40,78,44,122" hai1="48,69,74,49,81,0,98,46,6,79,61,38,3" hai2="87,34,100,102,103,53,80,85,134,88,65,1,17" hai3="64,23,41,97,132,133,135,96,120,67,9,56,72"/><W128/><G120/><T93/><D106/><U117/><E117/><V28/><F1/><W105/><G72/><T16/><D127/><U60/><E98/><N who="3" m="37994" /><G105/><T15/><D33/><U55/><E38/><V26/><F65/><N who="3" m="25163" /><G56/><T124/><D124/><U71/><E49/><V115/><F134/><W18/><G9/><T82/><D123/><U59/><E61/><V125/><F125/><W112/><G41/><N who="0" m="15947" /><D66/><U32/><E32/><V7/><F7/><W36/><G128/><T95/><D122/><U84/><E74/><V13/><F115/><W14/><G112/><T70/><D70/><U68/><REACH who="1" step="1"/><E6/><REACH who="1" ten="370,135,444,41" step="2"/><V76/><F53/><AGARI ba="0,1" hai="0,3,46,48,53,55,59,60,68,69,71,79,81,84" machi="53" ten="40,2600,0" yaku="1,1,2,1,53,0" doraHai="8" doraHaiUra="107" who="1" fromWho="2" sc="370,0,135,36,444,-26,41,0" /><INIT seed="4,0,0,5,5,43" ten="370,171,418,41" oya="0" hai0="95,132,9,27,93,35,5,1,122,115,6,48,74" hai1="134,114,49,20,97,75,83,2,116,11,77,71,101" hai2="129,135,123,128,46,124,18,26,21,100,45,66,39" hai3="24,109,121,54,47,3,25,125,65,15,103,50,41"/><T12/><D122/><U96/><E116/><V108/><F108/><W119/><G3/><T67/><D115/><U76/><E71/><V38/><F123/><W105/><G109/><T44/><D132/><U80/><E134/><V73/><F135/><W89/><G119/><T58/><D74/><U31/><E114/><V104/><F73/><W36/><G125/><T110/><D110/><U133/><E133/><V56/><F124/><W7/><G121/><T78/><D78/><U17/><E31/><V22/><F100/><W33/><G33/><T120/><D120/><U10/><E49/><V85/><F85/><W111/><G65/><T55/><D1/><U94/><E2/><V86/><F86/><W53/><G111/><T118/><D118/><U127/><E127/><V99/><F99/><W79/><G79/><T14/><D27/><U52/><E96/><V62/><F22/><W84/><G105/><T63/><D35/><U113/><E113/><V29/><F29/><W102/><G25/><T90/><D90/><U59/><E77/><V106/><F104/><W130/><G24/><T92/><REACH who="0" step="1"/><D14/><REACH who="0" ten="360,171,418,41" step="2"/><N who="1" m="9271" /><E76/><V40/><REACH who="2" step="1"/><F106/><REACH who="2" ten="360,171,408,41" step="2"/><W8/><G103/><T117/><D117/><U57/><E75/><V16/><F16/><AGARI ba="0,2" hai="5,6,9,12,16,44,48,55,58,63,67,92,93,95" machi="16" ten="40,12000,1" yaku="1,1,8,1,52,1,54,1,53,0" doraHai="43" doraHaiUra="70" who="0" fromWho="2" sc="360,140,171,0,408,-120,41,0" /><INIT seed="4,1,0,0,0,54" ten="500,171,288,41" oya="0" hai0="133,26,105,6,10,1,102,94,86,38,121,39,13" hai1="67,117,2,21,47,116,103,59,4,122,27,0,74" hai2="115,50,65,91,22,17,127,100,29,49,31,78,98" hai3="33,120,107,24,80,64,88,56,40,45,32,125,104"/><T126/><D121/><U109/><E74/><V9/><F127/><W93/><G125/><T79/><D126/><U42/><E109/><V8/><F115/><W114/><G114/><T96/><D133/><U44/><E122/><V81/><F91/><W5/><G120/><T111/><D111/><U129/><E129/><V113/><F65/><W43/><G5/><T52/><D26/><U41/><E103/><V99/><F113/><W124/><G124/><T85/><D1/><U73/><E73/><V15/><F8/><W68/><G68/><T20/><D20/><U63/><E4/><V108/><F108/><W25/><G80/><T110/><D110/><U71/><E71/><V95/><F99/><W119/><G45/><T101/><D105/><U92/><E92/><V97/><F98/><W112/><G112/><T132/><D102/><U16/><E0/><V37/><F37/><W83/><G83/><T131/><D132/><U70/><E70/><V11/><F11/><W12/><G12/><T62/><D131/><U3/><E3/><V77/><F9/><W28/><G119/><T135/><D135/><U82/><E82/><V60/><F60/><N who="3" m="37895" /><G107/><T58/><REACH who="0" step="1"/><D79/><REACH who="0" ten="490,171,288,41" step="2"/><U128/><E2/><V130/><F78/><W84/><G104/><T34/><D34/><U106/><E106/><V123/><F130/><W66/><G33/><T19/><D19/><U61/><E128/><V89/><F77/><W87/><G25/><T118/><D118/><U30/><E117/><V57/><F17/><W69/><G87/><AGARI ba="1,1" hai="6,10,13,38,39,52,58,62,85,86,87,94,96,101" machi="87" ten="40,7700,0" yaku="1,1,52,1,54,1,53,0" doraHai="54" doraHaiUra="72" who="0" fromWho="3" sc="490,90,171,0,288,0,41,-80" owari="580,68.0,171,-23.0,288,9.0,-39,-54.0" /></mjloggm>