<mjloggm ver="2.3"><GO type="41" lobby="0"/><UN n0="%E2%93%9D%53%75%70%68%78" n1="%E3%81%8D%E3%81%B3%E3%81%A0%E3%82%93%E3%81%94%CE%B1" n2="%E3%81%91%E3%81%A4%E4%B8%B8%E5%87%BA%E3%81%97%E4%B8%B8" n3="%6B%61%73%68%69%61" dan="18,13,14,16" rate="2114.07,1820.66,1934.92,2031.58" sx="M,M,M,M"/><TAIKYOKU oya="0"/><INIT seed="0,0,0,1,3,135" ten="250,250,250,250" oya="0" hai0="58,23,54,134,113,107,16,119,87,44,42,29,11" hai1="33,3,52,98,53,88,133,7,51,80,43,67,75" hai2="110,72,57,71,14,62,90,100,27,1,50,64,77" hai3="31,84,91,121,128,36,34,86,41,108,92,68,116"/><T48/><D134/><U8/><E133/><V131/><F1/><W82/><G116/><T49/><D119/><U129/><E33/><V69/><F100/><W132/><G132/><T35/><D107/><U102/><E67/><V79/><F110/><W117/><G68/><T38/><D113/><U78/><E129/><V39/><F27/><W22/><G34/><T118/><D118/><U56/><E43/><V21/><F72/><W60/><G108/><T114/><D114/><U112/><E112/><V6/><F6/><W106/><G106/><T13/><D35/><U66/><E66/><V109/><F39/><W12/><G128/><T0/><D87/><U47/><E88/><V96/><F50/><W45/><G121/><T76/><D76/><U25/><E25/><V105/><F90/><W97/><G86/><T70/><D70/><U2/><E2/><V26/><F14/><W61/><G31/><T65/><D65/><U4/><E4/><V85/><F85/><W83/><G83/><T20/><D0/><U95/><REACH who="1" step="1"/><E53/><REACH who="1" ten="250,240,250,250" step="2"/><V74/><F131/><W30/><G117/><T93/><D29/><U103/><E103/><N who="2" m="62695" /><F109/><W19/><G30/><T123/><D123/><U73/><E73/><V127/><F74/><W94/><G92/><T120/><D120/><U101/><E101/><AGARI ba="0,1" hai="12,19,22,36,41,45,60,61,82,84,91,94,97,101" machi="101" ten="30,1000,0" yaku="7,1" doraHai="135" who="3" fromWho="1" sc="250,0,240,-10,250,0,250,20" /><INIT seed="1,0,0,2,4,34" ten="250,230,250,270" oya="1" hai0="124,128,42,54,16,92,84,100,14,106,13,94,107" hai1="85,67,35,83,105,93,8,59,91,19,101,17,61" hai2="20,102,121,50,89,36,52,75,24,62,44,30,120" hai3="10,110,118,47,90,123,39,82,6,58,26,3,88"/><U79/><E35/><V116/><F116/><W21/><G123/><T132/><D42/><U122/><E122/><V56/><F75/><W41/><G118/><T99/><D128/><U81/><E81/><V46/><F89/><W28/><G110/><T133/><D14/><U40/><E40/><V125/><F125/><W135/><G135/><N who="0" m="51787" /><D54/><U127/><E127/><V9/><F102/><W113/><G113/><T33/><D33/><U63/><E8/><V1/><F44/><W74/><G58/><T7/><D7/><U22/><E63/><V96/><F96/><W12/><G12/><T69/><D69/><U51/><E51/><V103/><F103/><W77/><AGARI ba="0,0" hai="3,6,10,21,26,28,39,41,47,74,77,82,88,90" machi="77" ten="30,8000,1" yaku="0,1,25,2,52,1,54,1" doraHai="34" who="3" fromWho="3" sc="250,-20,230,-40,250,-20,270,80" /><INIT seed="2,0,0,3,2,0" ten="230,190,230,350" oya="2" hai0="62,128,13,30,115,44,56,52,34,86,60,113,95" hai1="64,133,104,119,47,14,31,100,27,127,40,116,36" hai2="92,48,11,21,67,9,1,106,28,59,79,66,131" hai3="29,16,105,49,74,107,90,37,15,96,87,94,17"/><V18/><F106/><W43/><G37/><T84/><D128/><U73/><E14/><V91/><F131/><W19/><G74/><T42/><D34/><N who="1" m="20863" /><E127/><V45/><F28/><W2/><G2/><T110/><D110/><U54/><E54/><V129/><F129/><W118/><G118/><T65/><D30/><U75/><E64/><V41/><F79/><W58/><G29/><T63/><D115/><U121/><E133/><V85/><F59/><W12/><G107/><T101/><D113/><U6/><E6/><V46/><F46/><N who="3" m="25823" /><G105/><T10/><D65/><U80/><E121/><V69/><F69/><W134/><G134/><T25/><D25/><U88/><E88/><V109/><F109/><W98/><G58/><T78/><D78/><N who="1" m="44111" /><E75/><V122/><F122/><W111/><G111/><T83/><D63/><U61/><E61/><V112/><F112/><W57/><G57/><T81/><D62/><U26/><E26/><V132/><F132/><W102/><G102/><T103/><D103/><U23/><E119/><V7/><REACH who="2" step="1"/><F11/><REACH who="2" ten="230,190,220,350" step="2"/><W99/><AGARI ba="0,1" hai="12,15,16,17,19,87,90,94,96,98,99" m="25823" machi="99" ten="30,2000,0" yaku="8,1,54,1" doraHai="0" who="3" fromWho="3" sc="230,-5,190,-5,220,-10,350,30" /><INIT seed="3,0,0,5,3,124" ten="225,185,210,380" oya="3" hai0="22,60,32,50,56,86,72,135,24,23,101,36,1" hai1="73,96,0,107,41,108,97,11,100,28,48,52,134" hai2="49,127,83,17,5,53,38,54,80,88,74,6,7" hai3="29,128,92,116,68,130,13,71,82,10,129,84,66"/><W33/><G116/><T70/><D72/><U45/><E108/><V120/><F38/><W77/><G66/><T117/><D1/><U39/><E134/><V12/><F127/><W27/><REACH who="3" step="1"/><G92/><REACH who="3" ten="225,185,210,370" step="2"/><T65/><D65/><U87/><E73/><V118/><F118/><W19/><AGARI ba="0,1" hai="10,13,19,27,29,33,68,71,77,82,84,128,129,130" machi="19" ten="30,24000,3" yaku="1,1,2,1,0,1,19,1,52,3,53,3" doraHai="124" doraHaiUra="126" who="3" fromWho="3" sc="225,-80,185,-80,210,-80,370,250" /><INIT seed="3,1,0,4,0,51" ten="145,105,130,620" oya="3" hai0="98,3,80,33,75,59,61,129,76,77,88,20,85" hai1="29,15,73,92,7,128,57,58,38,89,115,135,126" hai2="19,72,120,100,99,79,12,46,2,44,36,32,1" hai3="18,84,71,121,90,104,53,74,133,66,28,21,117"/><W127/><G117/><T54/><D33/><U23/><E38/><V94/><F32/><W8/><G74/><T47/><D3/><U93/><E73/><V82/><F120/><W123/><G104/><T70/><D129/><U134/><E115/><V96/><F46/><W60/><G127/><T41/><D70/><U102/><E128/><V91/><F44/><W4/><G28/><T108/><D108/><U45/><E45/><V39/><F36/><W68/><G133/><N who="1" m="50698" /><E7/><V97/><F97/><W63/><G71/><T0/><D0/><U6/><E6/><V22/><REACH who="2" step="1"/><F39/><REACH who="2" ten="145,105,120,620" step="2"/><W17/><G121/><T105/><D47/><U16/><E126/><V10/><F10/><W50/><G123/><T119/><D41/><U64/><E102/><V62/><F62/><W52/><G63/><T118/><D118/><U86/><E23/><V109/><F109/><W103/><G103/><T132/><D132/><U42/><E42/><V65/><F65/><W114/><G21/><T37/><D37/><U110/><E64/><V124/><F124/><W78/><G8/><T55/><D20/><U11/><E11/><V131/><F131/><W25/><G66/><N who="0" m="39231" /><D119/><U31/><E110/><V106/><AGARI ba="1,1" hai="1,2,12,19,22,72,79,82,91,94,96,99,100,106" machi="106" ten="20,2700,0" yaku="1,1,0,1,7,1,53,0" doraHai="51" doraHaiUra="5" who="2" fromWho="2" sc="145,-8,105,-8,120,40,620,-14" /><INIT seed="4,0,0,1,4,29" ten="137,97,160,606" oya="0" hai0="112,69,11,105,36,118,59,75,5,26,76,20,115" hai1="70,66,79,34,72,15,129,53,16,84,27,114,97" hai2="92,39,100,131,83,106,13,55,86,81,2,22,0" hai3="7,50,134,110,23,133,46,90,80,63,82,113,33"/><T93/><D105/><U123/><E72/><V31/><F39/><W126/><G113/><N who="0" m="43595" /><D69/><U98/><E123/><V60/><F106/><W40/><G110/><T9/><D36/><U48/><E114/><V58/><F131/><W44/><G126/><T54/><D118/><U88/><E79/><V111/><F111/><W116/><G44/><T130/><D130/><U4/><E4/><V122/><F122/><W32/><G116/><T49/><D93/><U91/><E66/><V12/><F2/><W103/><G103/><T62/><D5/><U6/><E6/><V43/><F43/><W56/><G23/><T85/><D85/><U119/><E70/><V95/><F0/><W37/><G7/><T102/><D102/><U132/><E132/><N who="3" m="50794" /><G37/><T71/><D76/><U17/><E129/><V99/><F92/><W120/><G120/><T78/><D78/><U18/><E91/><V3/><F3/><W73/><G90/><T87/><D87/><U19/><E119/><V128/><F128/><W127/><G127/><T121/><D75/><U57/><E97/><V65/><F55/><N who="3" m="34207" /><G73/><T64/><D121/><U28/><E98/><V104/><F104/><W74/><G74/><T38/><D38/><U109/><E109/><V107/><F107/><W21/><G21/><T10/><D20/><U25/><E25/><AGARI ba="0,0" hai="9,10,11,25,26,49,54,59,62,64,71" m="43595" machi="25" ten="30,1500,0" yaku="15,1" doraHai="29" who="0" fromWho="1" sc="137,15,97,-15,160,0,606,0" /><INIT seed="4,1,0,2,1,24" ten="152,82,160,606" oya="0" hai0="66,108,54,120,28,132,68,80,131,77,117,106,35" hai1="38,112,51,75,111,58,88,109,36,119,12,100,89" hai2="39,101,47,121,45,90,102,99,55,57,48,44,49" hai3="127,63,6,40,19,122,103,1,79,105,113,3,96"/><T2/><RYUUKYOKU type="yao9" ba="1,0" sc="152,0,82,0,160,0,606,0" hai0="2,28,35,54,66,68,77,80,106,108,117,120,131,132" /><INIT seed="4,2,0,0,4,112" ten="152,82,160,606" oya="0" hai0="62,114,130,94,17,33,131,66,15,27,56,59,122" hai1="9,89,78,107,39,20,90,49,99,30,119,79,102" hai2="61,117,83,113,24,55,35,43,68,67,118,72,95" hai3="84,60,71,37,34,87,111,82,105,134,115,11,86"/><T63/><D114/><U106/><E39/><V129/><F113/><W0/><G115/><T45/><D122/><U22/><E107/><V6/><F43/><W28/><G37/><T48/><D94/><U10/><E30/><V127/><F127/><W64/><G134/><T8/><D33/><U14/><E49/><V120/><F120/><W81/><G105/><T13/><D27/><U92/><E90/><V2/><F129/><W96/><G96/><T126/><D15/><U74/><E79/><N who="2" m="44519" /><F55/><W3/><G111/><T32/><D32/><U53/><E53/><V57/><F95/><W77/><G11/><T125/><D48/><U70/><E70/><V93/><F93/><W69/><G69/><T40/><D45/><U51/><E51/><V26/><F57/><W16/><G16/><T133/><D40/><U101/><E101/><V121/><F121/><W76/><G86/><T91/><D91/><U116/><E10/><N who="2" m="2391" /><F24/><AGARI ba="2,0" hai="0,3,24,28,34,60,64,71,76,77,81,82,84,87" machi="24" ten="40,1300,0" yaku="9,1" doraHai="112" who="3" fromWho="2" sc="152,0,82,0,160,-19,606,19" /><INIT seed="5,0,0,5,4,76" ten="152,82,141,625" oya="1" hai0="105,114,47,34,110,33,125,123,56,98,97,69,41" hai1="77,25,58,45,87,126,65,81,106,32,39,99,89" hai2="59,134,22,55,5,9,135,43,102,104,116,37,60" hai3="107,124,40,14,83,35,108,111,66,118,71,6,46"/><U38/><E126/><V80/><F116/><W79/><G124/><T20/><D110/><U21/><E32/><V1/><F22/><W51/><G107/><T7/><D69/><U16/><E45/><V100/><F43/><W120/><G120/><T86/><D114/><U26/><E26/><V29/><F37/><W78/><G78/><T28/><D7/><U129/><E129/><V3/><F3/><W17/><G35/><T93/><D105/><U64/><E64/><V61/><F29/><W84/><G118/><T119/><D34/><U0/><E0/><V4/><F4/><W122/><G122/><T53/><D33/><U128/><E128/><V54/><F80/><W24/><G24/><T50/><D123/><U36/><E106/><V15/><F15/><W42/><G42/><T44/><D119/><U23/><E23/><V94/><F94/><W67/><G67/><T19/><D28/><U117/><E117/><V113/><F113/><W74/><G74/><T85/><D125/><U131/><E131/><V48/><F61/><N who="3" m="40399" /><G17/><T13/><D47/><U12/><E25/><V75/><F75/><W90/><G90/><N who="0" m="53455" /><D86/><U27/><E27/><V49/><F60/><AGARI ba="0,0" hai="13,19,20,41,44,50,53,56,60,97,98" m="53455" machi="60" ten="30,1000,0" yaku="8,1" doraHai="76" who="0" fromWho="2" sc="152,10,82,0,141,-10,625,0" /><INIT seed="6,0,0,2,0,103" ten="162,82,131,625" oya="2" hai0="61,50,111,116,91,73,84,81,80,124,16,95,45" hai1="123,108,8,31,93,33,37,20,38,0,67,94,89" hai2="76,97,18,34,107,112,78,48,75,126,44,135,104" hai3="63,59,100,1,74,127,119,129,14,11,47,87,115"/><V21/><F34/><W118/><G74/><T22/><D111/><U51/><E108/><V41/><F112/><W88/><G115/><T106/><D106/><U102/><E67/><V28/><F28/><W53/><G127/><T62/><D124/><U71/><E71/><V36/><F126/><W125/><G125/><T69/><D116/><U96/><E33/><V42/><F135/><W29/><G129/><T55/><D69/><U133/><E123/><V17/><F97/><W57/><G1/><T113/><D113/><U24/><E51/><V5/><F5/><W49/><G100/><T7/><D7/><U79/><E79/><V114/><F114/><W105/><G105/><T64/><D73/><U65/><E65/><V4/><F4/><W131/><G57/><N who="0" m="36911" /><D62/><U109/><E0/><V25/><F17/><N who="3" m="8415" /><G131/><T35/><D35/><U132/><E8/><V82/><REACH who="2" step="1"/><F76/><REACH who="2" ten="162,82,121,625" step="2"/><W40/><G119/><T110/><D110/><U77/><E77/><V6/><F6/><W32/><G118/><T130/><D130/><U54/><E109/><V43/><F43/><W66/><G32/><T9/><D9/><U120/><E120/><V90/><F90/><W86/><G29/><T2/><D2/><U15/><E89/><V70/><F70/><W128/><G128/><T12/><AGARI ba="0,1" hai="12,16,22,45,50,55,80,81,84,91,95" m="36911" machi="12" ten="30,2000,0" yaku="8,1,54,1" doraHai="103" who="0" fromWho="0" sc="162,30,82,-5,121,-10,625,-5" /><INIT seed="7,0,0,2,0,65" ten="192,77,111,620" oya="3" hai0="57,115,73,72,129,43,5,118,44,37,62,8,134" hai1="124,77,28,109,48,80,33,47,99,107,27,95,97" hai2="36,133,82,29,125,84,61,64,127,116,49,96,51" hai3="23,120,16,101,26,100,30,13,25,55,10,121,131"/><W50/><G131/><T122/><D118/><U52/><E124/><N who="2" m="47691" /><F36/><W126/><G126/><T12/><D134/><U85/><E109/><V21/><F116/><W53/><G121/><T40/><D115/><U112/><E112/><V18/><F29/><W35/><G120/><T19/><D43/><U135/><E135/><V111/><F96/><W91/><G53/><T86/><D86/><U130/><E130/><V79/><F111/><W46/><G91/><T66/><D122/><U132/><E132/><V14/><F133/><W68/><G68/><AGARI ba="0,0" hai="14,18,21,49,51,61,64,68,79,82,84" m="47691" machi="68" ten="30,2000,0" yaku="18,1,52,1" doraHai="65" who="2" fromWho="3" sc="192,0,77,0,111,20,620,-20" owari="192,-1.0,77,-42.0,131,-27.0,600,70.0" /></mjloggm>