<mjloggm ver="2.3"><GO type="41" lobby="0"/><UN n0="%E6%A3%AE%E5%A1%9A%E9%A7%BF" n1="%47%47%47%47%5A%5A%5A%5A" n2="%58%49%41%4F%4D%45%49" n3="%E2%93%9D%53%75%70%68%78" dan="13,15,13,17" rate="1878.73,2000.51,1812.49,2043.96" sx="M,M,M,M"/><TAIKYOKU oya="0"/><INIT seed="0,0,0,4,0,20" ten="250,250,250,250" oya="0" hai0="131,14,91,58,57,45,52,3,36,19,11,62,9" hai1="80,18,61,39,93,120,35,65,77,60,68,88,103" hai2="87,122,104,97,84,46,107,44,69,32,113,48,76" hai3="117,30,110,25,79,75,114,100,101,0,89,106,8"/><T40/><D131/><U118/><E120/><V34/><F113/><W10/><G114/><T98/><D58/><U135/><E118/><V21/><F122/><W64/><G117/><T124/><D124/><U95/><E39/><V78/><F69/><W56/><G110/><T119/><D119/><U51/><E135/><V125/><F21/><W132/><G89/><T26/><D3/><U123/><E123/><V4/><F125/><W53/><G64/><T63/><D9/><U17/><E35/><V73/><F4/><W92/><G92/><T71/><D71/><U109/><E95/><V134/><F97/><W38/><G38/><T86/><D98/><U23/><E51/><V5/><F48/><W12/><G106/><T2/><D2/><U96/><E60/><V15/><F5/><W133/><G79/><T81/><REACH who="0" step="1"/><D26/><REACH who="0" ten="240,250,250,250" step="2"/><U16/><E109/><V29/><F15/><W28/><G12/><T94/><D94/><U13/><REACH who="1" step="1"/><E103/><REACH who="1" ten="240,240,250,250" step="2"/><V105/><F134/><W54/><G101/><T67/><D67/><U33/><E33/><V24/><F34/><W31/><G100/><T126/><D126/><U99/><E99/><V42/><F32/><W72/><G133/><T128/><D128/><U83/><E83/><V127/><F127/><W74/><G132/><T47/><D47/><U55/><E55/><V121/><F46/><W1/><G54/><T129/><D129/><U22/><E22/><V27/><F44/><W70/><G53/><T50/><AGARI ba="0,2" hai="11,14,19,36,40,45,50,52,57,62,63,81,86,91" machi="50" ten="20,7800,0" yaku="1,1,0,1,7,1,54,1,53,0" doraHai="20" doraHaiUra="90" who="0" fromWho="0" sc="240,98,240,-26,250,-26,250,-26" /><INIT seed="0,1,0,2,4,57" ten="338,214,224,224" oya="0" hai0="50,53,6,0,16,52,113,46,123,73,15,134,127" hai1="84,74,104,79,35,130,112,65,71,81,93,102,97" hai2="133,114,41,56,99,128,24,124,82,83,37,27,64" hai3="26,18,4,131,61,13,17,1,125,44,119,32,106"/><T39/><D123/><U116/><E116/><V108/><F114/><W76/><G106/><T29/><D113/><U92/><E112/><V117/><F117/><W5/><G76/><T103/><D134/><U20/><E130/><V72/><F133/><W33/><G61/><T121/><D121/><U38/><E38/><V7/><F108/><W2/><G44/><T96/><D127/><U55/><E55/><V70/><F124/><W68/><G68/><T30/><D73/><U43/><E43/><V49/><F70/><W89/><G89/><T107/><D39/><U59/><E59/><V115/><F115/><W85/><G85/><T40/><D40/><U129/><E20/><V23/><F37/><W110/><G125/><T78/><D78/><U8/><E8/><V122/><F122/><W63/><G63/><T58/><D6/><N who="3" m="2665" /><G110/><T54/><D0/><N who="3" m="105" /><G131/><T111/><D111/><U87/><E129/><V9/><F128/><W98/><G98/><T91/><D91/><U135/><E135/><V36/><F72/><W19/><G119/><T95/><D107/><U90/><E65/><V3/><F36/><W105/><G105/><T28/><REACH who="0" step="1"/><D46/><REACH who="0" ten="328,214,224,224" step="2"/><U118/><E118/><V42/><F3/><W22/><G13/><T66/><D66/><U51/><E104/><V100/><F64/><W94/><G94/><T88/><D88/><U14/><E93/><V109/><F109/><W67/><G67/><T21/><AGARI ba="1,1" hai="15,16,21,28,29,30,50,52,53,54,58,95,96,103" machi="21" ten="30,12000,1" yaku="1,1,0,1,8,1,54,2,53,0" doraHai="57" doraHaiUra="86" who="0" fromWho="0" sc="328,133,214,-41,224,-41,224,-41" /><INIT seed="0,2,0,2,5,32" ten="461,173,183,183" oya="0" hai0="15,93,94,134,88,120,36,10,53,69,82,99,58" hai1="40,54,3,119,122,6,27,21,83,135,45,125,29" hai2="75,92,35,39,130,68,86,132,104,71,16,67,77" hai3="7,4,55,11,41,62,110,48,103,52,51,90,64"/><T63/><D120/><U9/><E119/><V128/><F104/><W59/><G110/><T37/><D134/><U0/><E122/><V72/><F39/><W34/><G34/><T44/><D69/><U60/><E135/><V8/><F35/><W113/><G113/><T105/><D105/><U2/><E83/><V5/><F132/><W131/><G131/><N who="2" m="50217" /><F5/><W85/><G103/><T76/><D44/><U108/><E125/><V129/><F129/><W50/><G41/><T80/><D94/><U13/><E108/><V30/><F30/><W57/><G11/><T91/><D91/><U126/><E126/><V97/><F86/><W84/><G84/><T31/><D31/><U100/><E100/><V65/><F77/><W81/><REACH who="3" step="1"/><G51/><REACH who="3" ten="461,173,183,173" step="2"/><T127/><D127/><U123/><E123/><V107/><F8/><W14/><G14/><T78/><D36/><U47/><REACH who="1" step="1"/><E40/><REACH who="1" ten="461,163,183,173" step="2"/><V101/><F107/><W79/><G79/><T17/><D78/><U24/><E24/><V70/><F72/><W106/><G106/><T25/><D76/><U18/><E18/><V73/><F75/><W22/><G22/><T56/><D25/><U133/><E133/><V96/><F73/><W111/><G111/><T74/><D74/><U46/><E46/><AGARI ba="2,2" hai="4,7,46,48,50,52,55,57,59,62,64,81,85,90" machi="46" ten="30,7700,0" yaku="1,1,7,1,8,1,54,1,53,0" doraHai="32" doraHaiUra="28" who="3" fromWho="1" sc="461,0,163,-83,183,0,173,103" /><INIT seed="1,0,0,0,2,34" ten="461,80,183,276" oya="1" hai0="118,125,82,13,76,19,6,88,42,9,111,48,27" hai1="109,115,24,135,37,131,114,2,69,28,33,130,70" hai2="41,107,102,44,128,134,16,124,71,100,108,10,97" hai3="121,38,120,122,117,57,81,95,11,20,18,90,5"/><U110/><E37/><V98/><F108/><N who="1" m="41577" /><E135/><V101/><F128/><N who="1" m="49193" /><E2/><V15/><F124/><W99/><G117/><T60/><D111/><U45/><E45/><V92/><F71/><AGARI ba="0,0" hai="24,28,33,69,70,71,114,115" m="49193,41577" machi="71" ten="40,12000,1" yaku="14,1,10,1,19,1,23,1" doraHai="34" who="1" fromWho="2" sc="461,0,80,120,183,-120,276,0" /><INIT seed="1,1,0,3,2,52" ten="461,200,63,276" oya="1" hai0="109,81,23,84,6,98,121,83,46,27,77,31,119" hai1="29,3,39,90,49,134,91,62,100,118,75,97,63" hai2="5,42,34,126,104,112,113,11,115,12,60,69,7" hai3="0,133,13,66,9,45,61,35,72,80,108,59,114"/><U87/><E118/><V131/><F104/><W51/><G114/><T53/><D119/><U38/><E3/><V73/><F34/><W16/><G108/><T28/><D109/><U116/><E116/><V48/><F73/><W79/><G35/><T96/><D6/><U37/><E75/><V111/><F111/><W74/><G133/><T107/><D107/><U68/><E134/><V88/><F131/><W125/><G125/><T30/><D121/><U15/><E49/><V41/><F126/><W25/><G25/><T10/><D10/><U67/><E29/><N who="0" m="11369" /><D83/><U110/><E110/><V132/><F132/><W123/><G0/><T17/><N who="0" m="11377" /><T54/><DORA hai="99" /><D54/><U65/><E15/><V85/><F7/><W102/><G123/><T129/><D129/><U117/><E87/><V22/><F22/><W70/><G74/><T130/><D130/><U127/><E117/><V1/><F1/><W33/><G33/><T19/><D19/><U86/><E86/><V78/><F78/><W55/><REACH who="3" step="1"/><G102/><REACH who="3" ten="461,200,63,266" step="2"/><T57/><D46/><AGARI ba="1,1" hai="9,13,16,45,46,51,55,59,61,66,70,72,79,80" machi="46" ten="40,12000,2" yaku="1,1,2,1,52,1,54,1,53,2" doraHai="52,99" doraHaiUra="58,76" who="3" fromWho="0" sc="461,-123,200,0,63,0,266,133" /><INIT seed="2,0,0,3,2,7" ten="338,200,63,399" oya="2" hai0="109,72,89,19,100,50,1,4,9,87,82,121,69" hai1="105,44,3,83,49,124,37,11,21,60,2,43,25" hai2="36,22,101,86,42,63,98,68,80,15,35,38,17" hai3="127,30,113,61,78,10,108,123,112,126,128,91,130"/><V79/><F35/><W52/><G78/><T20/><D121/><U24/><E105/><V12/><F42/><W93/><G30/><T129/><D109/><U116/><E116/><V40/><F40/><W73/><G10/><T122/><D122/><U84/><E124/><N who="3" m="47658" /><G123/><T110/><D110/><U34/><E60/><V104/><F68/><W74/><G52/><T103/><D129/><N who="3" m="49769" /><G61/><T55/><D69/><U119/><E34/><V31/><F63/><W106/><G106/><T46/><REACH who="0" step="1"/><D72/><REACH who="0" ten="328,200,63,399" step="2"/><N who="3" m="27753" /><G108/><T5/><D5/><U48/><E119/><V67/><F67/><W57/><G57/><T29/><D29/><U27/><E37/><V65/><F65/><W125/><G125/><T51/><D51/><U118/><E48/><V53/><F38/><W47/><G47/><T96/><D96/><AGARI ba="0,1" hai="91,93,96,112,113" m="27753,49769,47658" machi="96" ten="40,8000,1" yaku="18,1,19,1,34,2" doraHai="7" who="3" fromWho="0" sc="328,-80,200,0,63,0,399,90" /><INIT seed="3,0,0,4,1,8" ten="248,200,63,489" oya="3" hai0="32,22,128,36,71,116,96,129,101,19,90,70,64" hai1="118,27,80,16,52,91,99,83,30,37,87,25,77" hai2="28,35,111,134,11,31,102,50,62,130,110,7,54" hai3="34,127,23,20,17,133,72,60,114,13,107,9,41"/><W124/><G114/><T131/><D116/><U86/><E37/><V125/><F134/><W38/><G72/><T88/><D36/><U104/><E118/><V14/><F125/><N who="3" m="48203" /><G107/><T74/><D74/><U3/><E3/><V61/><F130/><W81/><G34/><T113/><D113/><U108/><E108/><N who="2" m="41515" /><F102/><W44/><G133/><T0/><D0/><U6/><E6/><V112/><F112/><W73/><G60/><N who="2" m="23145" /><F35/><W94/><G94/><N who="0" m="58519" /><D32/><U75/><E27/><V21/><F21/><W135/><G135/><T84/><D64/><U53/><E75/><V29/><F31/><W126/><G126/><T43/><D43/><U109/><E109/><V24/><F24/><W121/><G121/><T51/><D51/><U15/><E99/><V59/><AGARI ba="0,0" hai="7,11,14,28,29,50,54,59" m="23145,41515" machi="59" ten="30,2000,0" yaku="14,1,52,1" doraHai="8" who="2" fromWho="2" sc="248,-5,200,-5,63,20,489,-10" /><INIT seed="4,0,0,0,0,64" ten="243,195,83,479" oya="0" hai0="104,102,79,13,4,123,105,36,127,72,97,131,14" hai1="49,7,11,53,68,125,29,99,83,60,78,25,70" hai2="33,107,37,52,0,85,82,129,126,55,35,10,24" hai3="65,94,110,76,118,1,31,38,21,5,109,71,91"/><T39/><D123/><U47/><E125/><V117/><F126/><W112/><G112/><T6/><D127/><U103/><E60/><V80/><F129/><W67/><G118/><T88/><D131/><U128/><E128/><V134/><F107/><W51/><G67/><T18/><D105/><U121/><E121/><V135/><F37/><W92/><G92/><T27/><D27/><U48/><E49/><V69/><F69/><W22/><G71/><T95/><D4/><U63/><E63/><V46/><F117/><W28/><G76/><T106/><D106/><U101/><E25/><V19/><F46/><W54/><G1/><T50/><D50/><U114/><E29/><V56/><F0/><W98/><G65/><T89/><D89/><U119/><E114/><V100/><F100/><W32/><G32/><T62/><D62/><U17/><E17/><V73/><F73/><W77/><G77/><T44/><D44/><U12/><E119/><V81/><F85/><W74/><G5/><T90/><D90/><U20/><E20/><V2/><F2/><W30/><G74/><T61/><D61/><U93/><REACH who="1" step="1"/><E101/><REACH who="1" ten="243,185,83,479" step="2"/><V124/><F124/><W87/><G22/><T42/><D102/><U41/><E41/><V34/><F24/><W16/><G21/><N who="0" m="11471" /><D42/><U45/><E45/><V66/><F66/><W130/><G130/><T23/><D23/><U122/><E122/><V132/><F56/><W9/><G51/><T116/><D116/><U8/><E8/><V58/><F58/><W120/><G120/><T133/><D39/><U108/><E108/><V43/><F43/><RYUUKYOKU ba="0,1" sc="243,-15,185,15,83,15,479,-15" hai1="7,11,12,47,48,53,68,70,78,83,93,99,103" hai2="10,19,33,34,35,52,55,80,81,82,132,134,135" /><INIT seed="5,1,1,5,2,41" ten="228,200,98,464" oya="1" hai0="92,27,58,89,46,18,132,66,75,77,53,69,6" hai1="78,57,40,54,71,97,121,134,122,112,129,86,118" hai2="15,73,117,5,21,109,19,61,12,103,106,23,38" hai3="76,79,4,120,94,98,108,11,135,90,14,42,67"/><U55/><E118/><V127/><F117/><W48/><G108/><T115/><D115/><U68/><E97/><V22/><F109/><W130/><G130/><T113/><D113/><U88/><E112/><V93/><F106/><W124/><G135/><T49/><D132/><U125/><E134/><V33/><F73/><W128/><G124/><T13/><D77/><U3/><E3/><V36/><F33/><W52/><G120/><T7/><D75/><U87/><E40/><V2/><F127/><W105/><G128/><T102/><D102/><U64/><E125/><V100/><F61/><W16/><G67/><T50/><D69/><U56/><E129/><V45/><F2/><W60/><G105/><T37/><D37/><U99/><E99/><V30/><F5/><W32/><G32/><T34/><D34/><U96/><E96/><V28/><F93/><W83/><G83/><T35/><D35/><U24/><E64/><V1/><F1/><W84/><G98/><N who="0" m="57615" /><D27/><U111/><E111/><V114/><F114/><W10/><G42/><N who="0" m="24791" /><D66/><U123/><E24/><V80/><F80/><W133/><G133/><T131/><D131/><U81/><E71/><V85/><F85/><W63/><G79/><T20/><AGARI ba="1,1" hai="6,7,13,18,20,50,53,58" m="24791,57615" machi="20" ten="30,2000,0" yaku="8,1,52,1" doraHai="41" who="0" fromWho="0" sc="228,33,200,-11,98,-6,464,-6" /><INIT seed="6,0,0,3,1,77" ten="261,189,92,458" oya="2" hai0="69,12,0,93,35,27,23,113,53,120,73,17,87" hai1="67,55,50,68,37,117,94,14,59,135,111,79,66" hai2="84,116,129,8,124,126,75,86,90,48,92,62,88" hai3="134,31,56,22,16,29,63,102,64,119,99,52,26"/><V43/><F75/><W122/><G134/><T131/><D120/><U9/><E111/><V21/><F116/><W38/><G38/><T19/><D131/><U51/><E37/><V58/><F129/><W71/><G122/><T10/><D113/><U33/><E33/><V25/><F8/><W110/><G110/><T100/><D69/><U130/><E117/><V127/><F48/><W97/><G97/><T34/><D0/><U1/><E1/><V98/><F43/><W118/><G118/><T20/><D73/><U54/><E68/><V15/><F15/><W47/><G47/><T89/><D100/><U123/><E135/><V82/><F90/><W105/><G119/><T85/><D85/><U28/><E28/><V80/><F86/><W60/><AGARI ba="0,0" hai="16,22,26,29,31,52,56,60,63,64,71,99,102,105" machi="60" ten="20,5200,0" yaku="0,1,7,1,54,2" doraHai="77" who="3" fromWho="3" sc="261,-13,189,-13,92,-26,458,52" /><INIT seed="7,0,0,2,3,90" ten="248,176,66,510" oya="3" hai0="111,71,65,56,2,58,41,123,94,27,96,35,78" hai1="36,19,92,86,134,22,8,75,30,59,105,37,70" hai2="54,135,52,47,62,17,87,68,42,53,83,116,61" hai3="129,119,109,45,120,80,3,73,11,67,113,95,132"/><W43/><G129/><T7/><D123/><U130/><E105/><V29/><F29/><W18/><G132/><T72/><D111/><U0/><E70/><V32/><F17/><W38/><G113/><T124/><D124/><U102/><E75/><V10/><F10/><W108/><G119/><T39/><D27/><U79/><E130/><V14/><F14/><W117/><G67/><T69/><D35/><U131/><E134/><V5/><F5/><W15/><G117/><T133/><D133/><U81/><E131/><V28/><F28/><W118/><G95/><T103/><D65/><U88/><E102/><V50/><F87/><W57/><G57/><T66/><D66/><U21/><E59/><V60/><F83/><W51/><G51/><T4/><D58/><U16/><E30/><V49/><F32/><W25/><G45/><N who="0" m="23743" /><D56/><U46/><E46/><N who="2" m="25815" /><F135/><W63/><G43/><T121/><D121/><U74/><E8/><V64/><F116/><W91/><G118/><T89/><D89/><U125/><E125/><V97/><F97/><W31/><G91/><T40/><D40/><AGARI ba="0,0" hai="40,47,50,52,53,54,60,61,62,64,68" m="25815" machi="40" ten="30,12000,2" yaku="35,5,54,1" doraHai="90" who="2" fromWho="0" sc="248,-120,176,0,66,120,510,0" owari="128,-37.0,176,-22.0,186,-1.0,510,60.0" /></mjloggm>