<mjloggm ver="2.3"><GO type="41" lobby="0"/><UN n0="%33%30%38%50" n1="%E7%94%9F%E4%BD%93%E3%81%AE%E6%A7%8B%E9%80%A0%31" n2="%E2%93%9D%53%75%70%68%78" n3="%6C%61%6E%67%75%69%64" dan="15,15,17,14" rate="1974.84,2013.85,2067.93,1976.63" sx="M,M,M,M"/><TAIKYOKU oya="0"/><INIT seed="0,0,0,0,4,120" ten="250,250,250,250" oya="0" hai0="68,112,33,62,91,124,126,90,20,0,4,131,27" hai1="37,24,125,84,127,85,88,130,132,98,30,80,119" hai2="122,51,109,14,103,60,86,102,25,21,8,59,128" hai3="79,46,55,65,38,17,89,7,52,105,36,12,29"/><T23/><D112/><U66/><E119/><V54/><F128/><W64/><G105/><T6/><D68/><U97/><E37/><V121/><F121/><W19/><G29/><N who="0" m="19647" /><D62/><U56/><E130/><V92/><F109/><W93/><G79/><T26/><D131/><U3/><E3/><V87/><F122/><W116/><G7/><N who="0" m="2603" /><D0/><U9/><E9/><V32/><F32/><W133/><G116/><T96/><D96/><U63/><E132/><V70/><F70/><W15/><G46/><T83/><D83/><U134/><E134/><V117/><F60/><W31/><G31/><N who="0" m="17863" /><D23/><U73/><E73/><V129/><F129/><W118/><G118/><T135/><D135/><U106/><E85/><V48/><F87/><W16/><G133/><T34/><D34/><N who="1" m="20807" /><E106/><V110/><F117/><W53/><G93/><T49/><D49/><U11/><E11/><V58/><F51/><W47/><G47/><T18/><D18/><U43/><E43/><V115/><F92/><W104/><G104/><T1/><D1/><U2/><E2/><V57/><F86/><W69/><G69/><T114/><D114/><U101/><E101/><V42/><F103/><W75/><G75/><T99/><D99/><U72/><E72/><V94/><F115/><W100/><G100/><T35/><D35/><U108/><E98/><V71/><F102/><W28/><G28/><T81/><D81/><U107/><E97/><V61/><F94/><W67/><G89/><T44/><D44/><U113/><E107/><V78/><F71/><W111/><G111/><T45/><D45/><U13/><E108/><RYUUKYOKU ba="0,0" sc="250,15,250,-15,250,-15,250,15" hai0="90,91,124,126" hai3="12,15,16,17,19,36,38,52,53,55,64,65,67" /><INIT seed="0,1,0,0,0,99" ten="265,235,235,265" oya="0" hai0="120,12,89,63,84,75,103,135,111,51,125,134,48" hai1="41,88,66,122,65,20,42,55,62,115,35,87,113" hai2="52,70,7,18,97,68,94,131,46,118,101,95,11" hai3="15,56,92,0,17,82,81,40,2,130,133,112,32"/><T29/><D120/><U31/><E122/><V33/><F33/><W67/><G112/><N who="1" m="43082" /><E35/><V38/><F131/><W85/><G32/><T96/><D75/><U19/><E31/><V58/><F118/><W5/><G130/><T127/><D29/><U102/><E55/><V4/><F18/><W73/><G133/><N who="0" m="50699" /><D63/><U54/><E54/><V126/><F126/><N who="0" m="48138" /><D12/><N who="1" m="9319" /><E102/><V24/><F24/><W39/><G40/><N who="1" m="15466" /><E62/><V14/><F70/><W64/><G39/><T76/><D76/><U59/><E59/><V45/><F68/><W128/><G56/><T83/><D111/><U36/><E36/><V117/><F38/><W26/><G67/><T25/><D25/><U98/><E98/><V79/><F79/><W10/><G64/><T53/><D53/><U91/><E91/><V49/><F58/><W61/><G26/><T1/><D1/><U43/><N who="1" m="15474" /><U116/><DORA hai="8" /><E116/><V78/><F117/><W30/><G61/><T72/><D72/><U86/><E86/><V121/><F121/><W104/><G85/><T106/><AGARI ba="1,0" hai="48,51,83,84,89,96,103,106" m="48138,50699" machi="106" ten="30,6000,0" yaku="20,1,18,1,52,1" doraHai="99,8" who="0" fromWho="0" sc="265,63,235,-21,235,-21,265,-21" /><INIT seed="0,2,0,1,2,100" ten="328,214,214,244" oya="0" hai0="81,102,76,23,117,85,101,89,106,0,27,35,45" hai1="110,7,50,44,78,51,46,61,119,34,113,20,6" hai2="11,19,97,28,77,8,10,14,88,122,58,73,104" hai3="69,124,91,16,96,107,75,31,66,62,80,3,17"/><T41/><D0/><U59/><E119/><V60/><F122/><W131/><G3/><T29/><D117/><U87/><E34/><V22/><F73/><W108/><G108/><T48/><D35/><U74/><E74/><V12/><F77/><W67/><G131/><T127/><D127/><U65/><E110/><V84/><F28/><W47/><G124/><T33/><D33/><U56/><E113/><V5/><F97/><W123/><G123/><T30/><D30/><U114/><E114/><V4/><F104/><W134/><G134/><T63/><D106/><U115/><E59/><V32/><F32/><W15/><G67/><T36/><D36/><U112/><E115/><V24/><F11/><W99/><G47/><T2/><D2/><U109/><E109/><V70/><F70/><W40/><G40/><T26/><D26/><U135/><E135/><V125/><F125/><W83/><G31/><T57/><REACH who="0" step="1"/><D76/><REACH who="0" ten="318,214,214,244" step="2"/><U64/><E112/><V90/><REACH who="2" step="1"/><F84/><REACH who="2" ten="318,214,204,244" step="2"/><W53/><G107/><T72/><D72/><U130/><E87/><V55/><AGARI ba="2,2" hai="4,5,8,10,12,14,19,22,24,55,58,60,88,90" machi="55" ten="20,12000,2" yaku="1,1,2,1,0,1,7,1,9,1,8,1,54,1,53,0" doraHai="100" doraHaiUra="116" who="2" fromWho="2" sc="318,-62,214,-32,204,146,244,-32" /><INIT seed="1,0,0,3,3,80" ten="256,182,350,212" oya="1" hai0="127,63,59,130,10,68,33,91,39,35,66,36,103" hai1="79,90,31,13,97,120,44,89,38,83,86,57,6" hai2="108,98,96,75,21,37,100,3,71,118,93,52,34" hai3="49,102,76,41,72,61,124,112,122,104,12,28,85"/><U95/><E120/><V55/><F118/><W26/><G122/><T88/><D130/><U110/><E110/><V113/><F75/><W69/><G112/><T45/><D127/><U126/><E126/><V4/><F34/><W22/><G124/><T73/><D73/><U46/><E31/><V48/><F71/><W27/><G72/><T111/><D103/><U106/><E106/><V43/><F37/><W0/><G0/><T128/><D128/><U70/><E70/><V25/><F108/><W9/><G102/><T17/><D111/><U119/><E119/><V109/><F4/><W24/><G104/><T53/><D35/><U135/><E135/><V67/><F67/><W94/><G61/><T58/><D33/><U62/><E38/><V99/><F3/><W105/><G105/><T64/><D64/><U125/><E125/><V134/><F113/><W40/><G69/><T11/><D11/><N who="1" m="4343" /><E79/><V51/><F43/><N who="3" m="16459" /><G49/><N who="2" m="19017" /><F134/><W117/><G117/><T77/><D77/><U121/><E121/><V32/><F32/><W87/><G76/><T82/><D39/><U131/><E131/><V20/><F109/><W114/><G114/><T23/><D36/><U101/><E101/><V65/><F65/><AGARI ba="0,0" hai="44,46,57,62,65,83,86,89,90,95,97" m="4343" machi="65" ten="30,2900,0" yaku="8,1,52,1" doraHai="80" who="1" fromWho="2" sc="256,0,182,29,350,-29,212,0" /><INIT seed="1,1,0,2,1,20" ten="256,211,321,212" oya="1" hai0="128,132,88,27,123,35,109,37,127,106,98,92,7" hai1="117,30,13,76,129,63,49,91,126,77,56,113,40" hai2="53,68,135,61,122,19,34,90,36,66,9,8,70" hai3="116,29,18,134,124,59,58,74,133,43,112,84,48"/><U97/><E113/><V104/><F122/><W67/><G74/><T103/><D109/><U79/><E117/><V10/><F36/><W105/><G105/><T62/><D123/><U120/><E120/><V93/><F104/><W69/><G112/><T80/><D127/><U6/><E129/><V3/><F135/><N who="3" m="51723" /><G29/><N who="0" m="19903" /><D128/><U50/><E30/><V44/><F70/><W11/><G124/><T89/><D7/><U60/><E126/><V52/><F34/><W83/><G116/><T115/><D115/><U96/><E40/><V1/><F19/><W64/><G11/><T108/><D108/><U5/><E13/><V65/><F65/><W51/><G18/><T2/><D2/><U72/><E72/><V26/><F44/><W32/><G32/><T28/><D28/><U119/><E119/><V107/><F107/><W22/><G22/><T125/><D125/><U55/><E49/><V54/><REACH who="2" step="1"/><F26/><REACH who="2" ten="256,211,311,212" step="2"/><W38/><G38/><T100/><D37/><U14/><E5/><V121/><F121/><W130/><G69/><T111/><D111/><U21/><E6/><V23/><F23/><W45/><G67/><T81/><D132/><U102/><E21/><V73/><F73/><W33/><G33/><T17/><D17/><U46/><E46/><V75/><F75/><W101/><G64/><T78/><D106/><U99/><E14/><V82/><F82/><W16/><G16/><T0/><D81/><U39/><E39/><V94/><F94/><W12/><G12/><T15/><D15/><U41/><E56/><V85/><AGARI ba="1,1" hai="1,3,8,9,10,52,53,54,61,66,68,85,90,93" machi="85" ten="30,4000,0" yaku="1,1,0,1,54,1,53,0" doraHai="20" doraHaiUra="31" who="2" fromWho="2" sc="256,-11,211,-21,311,53,212,-11" /><INIT seed="2,0,0,4,2,27" ten="245,190,364,201" oya="2" hai0="97,63,75,65,43,131,122,91,3,62,108,40,133" hai1="34,35,24,32,99,66,45,61,54,119,47,46,18" hai2="69,16,105,51,85,117,41,107,48,15,25,102,58" hai3="6,96,1,19,82,106,100,22,14,21,53,28,73"/><V81/><F117/><W10/><G53/><T87/><D108/><U26/><E119/><V115/><F115/><W44/><G44/><T109/><D109/><U12/><E54/><V116/><F69/><W42/><G42/><T30/><D133/><U129/><E129/><V95/><F107/><W38/><G38/><T90/><D75/><U33/><N who="1" m="8192" /><DORA hai="67" /><U49/><E49/><V39/><F105/><W79/><REACH who="3" step="1"/><G28/><REACH who="3" ten="245,190,364,191" step="2"/><T83/><D30/><U4/><E46/><V93/><F116/><W104/><G104/><T118/><D118/><U80/><E47/><V57/><F39/><W5/><G5/><T113/><D131/><U132/><E45/><V127/><F41/><W111/><G111/><T70/><D43/><U78/><E4/><V72/><F51/><W101/><G101/><T114/><D40/><U128/><E128/><V2/><F102/><W31/><G31/><T103/><D103/><U77/><E132/><V20/><F48/><W0/><G0/><T120/><D3/><U89/><E66/><V76/><F2/><W134/><G134/><T52/><D52/><U130/><E130/><V55/><F55/><W86/><G86/><T125/><D87/><U112/><E112/><V29/><F85/><W37/><G37/><T124/><D65/><U9/><E61/><V71/><F29/><W60/><G60/><T123/><D114/><U121/><E121/><V36/><F36/><W13/><G13/><T94/><D113/><U17/><E26/><V56/><F25/><W23/><AGARI ba="0,1" hai="1,6,10,14,19,21,22,23,73,79,82,96,100,106" machi="23" ten="20,2700,0" yaku="1,1,0,1,7,1,53,0" doraHai="27,67" doraHaiUra="64,110" who="3" fromWho="3" sc="245,-7,190,-7,364,-13,191,37" /><INIT seed="3,0,0,4,2,19" ten="238,183,351,228" oya="3" hai0="24,53,76,50,45,124,117,130,74,52,104,64,60" hai1="65,15,16,119,109,14,23,128,115,10,30,87,89" hai2="36,102,46,131,63,125,111,82,39,35,31,84,118" hai3="90,20,48,28,97,88,105,72,62,129,123,40,51"/><W101/><G123/><T79/><D130/><U113/><E109/><V54/><F125/><W94/><G129/><T135/><D124/><U103/><E128/><V134/><F134/><W93/><G72/><T106/><D117/><U17/><E119/><V27/><F111/><W73/><G73/><T18/><D135/><U43/><E103/><V1/><F1/><W38/><G38/><T6/><D6/><U91/><E65/><V41/><F102/><W133/><G133/><T33/><D106/><U3/><E3/><V80/><F39/><W107/><G40/><T83/><D104/><U8/><E43/><V2/><F2/><W120/><G120/><T112/><D112/><U34/><E34/><V69/><F118/><W85/><G62/><T42/><D79/><U110/><E110/><V77/><F82/><N who="3" m="49463" /><G107/><T32/><D32/><U29/><REACH who="1" step="1"/><E87/><REACH who="1" ten="238,173,351,228" step="2"/><V98/><F131/><W61/><G105/><T116/><D116/><U92/><E92/><V127/><F127/><W9/><G94/><T44/><D33/><U21/><AGARI ba="0,1" hai="8,10,14,15,16,17,21,23,29,30,89,91,113,115" machi="21" ten="25,12000,2" yaku="1,1,0,1,22,2,52,2,54,1,53,0" doraHai="19" doraHaiUra="71" who="1" fromWho="1" sc="238,-30,173,130,351,-30,228,-60" /><INIT seed="4,0,0,4,5,39" ten="208,303,321,168" oya="0" hai0="32,8,90,7,15,106,135,33,63,34,118,59,132" hai1="72,25,128,43,74,3,50,131,109,38,103,26,42" hai2="88,130,121,56,81,61,76,22,0,110,97,4,54" hai3="14,27,13,51,60,70,115,127,101,1,55,119,5"/><T66/><D118/><U68/><E109/><V94/><F130/><N who="1" m="49705" /><E3/><V102/><F121/><W41/><G119/><T129/><D129/><U126/><E68/><V79/><F110/><W77/><G115/><T18/><D90/><U133/><E38/><V114/><F114/><W49/><G101/><T117/><D117/><U12/><E126/><V86/><REACH who="2" step="1"/><F22/><REACH who="2" ten="208,303,311,168" step="2"/><W62/><G127/><T122/><D122/><U37/><E133/><N who="0" m="51273" /><D106/><U112/><E112/><V67/><F67/><W46/><G70/><T75/><D75/><U28/><E74/><V84/><F84/><W65/><G65/><T108/><D108/><U73/><E72/><V91/><F91/><W71/><G71/><T96/><D96/><U120/><E73/><V111/><F111/><W21/><G77/><T47/><D47/><U29/><E120/><V87/><F87/><W53/><G21/><T95/><D95/><U123/><E103/><V2/><F2/><W107/><G1/><N who="0" m="111" /><D34/><U45/><E123/><V64/><F64/><W52/><G46/><T134/><N who="0" m="51281" /><T85/><DORA hai="82" /><D85/><U48/><E45/><V23/><F23/><AGARI ba="0,1" hai="15,18,23,32,33,59,63,66" m="111,51281" machi="23" ten="40,2000,0" yaku="20,1" doraHai="39,82" who="0" fromWho="2" sc="208,30,303,0,311,-20,168,0" /><INIT seed="4,1,0,1,0,11" ten="238,303,291,168" oya="0" hai0="100,114,21,84,115,90,29,94,42,3,118,34,37" hai1="121,30,46,26,119,105,60,107,61,59,25,91,36" hai2="127,104,8,87,129,116,97,95,41,98,14,86,130" hai3="112,89,17,4,54,79,74,76,128,96,47,57,31"/><T18/><D118/><U132/><E119/><V49/><F127/><W23/><G112/><T109/><D109/><U40/><E121/><V50/><F116/><W2/><G128/><N who="2" m="49257" /><F104/><W102/><G31/><T53/><D3/><U78/><E132/><V28/><F28/><W83/><G47/><T73/><D73/><U9/><E78/><V38/><F38/><W56/><G4/><T110/><D110/><U123/><E123/><V103/><F98/><W134/><G2/><T77/><D77/><U24/><E30/><V124/><F124/><W72/><G134/><T93/><D29/><U117/><E117/><V35/><F35/><W81/><G89/><T92/><D34/><U52/><E91/><V7/><F41/><W0/><G54/><T99/><D53/><U67/><REACH who="1" step="1"/><E9/><REACH who="1" ten="238,293,291,168" step="2"/><V88/><F87/><W1/><G1/><T12/><D115/><U66/><E66/><V6/><F6/><W44/><G0/><T5/><D114/><U69/><AGARI ba="1,1" hai="24,25,26,36,40,46,52,59,60,61,67,69,105,107" machi="69" ten="30,4000,0" yaku="1,1,0,1,54,1,53,0" doraHai="11" doraHaiUra="85" who="1" fromWho="1" sc="238,-21,293,53,291,-11,168,-11" /><INIT seed="5,0,0,3,5,127" ten="217,346,280,157" oya="1" hai0="101,69,90,134,65,121,111,20,18,78,124,22,4" hai1="60,72,32,44,84,25,19,10,56,59,9,126,41" hai2="21,116,79,119,58,133,52,8,114,28,110,67,46" hai3="92,49,43,130,31,91,1,36,55,0,131,30,106"/><U120/><E120/><V117/><F79/><W7/><G106/><T75/><D134/><U38/><E72/><V85/><F8/><W113/><G113/><T105/><D4/><U129/><E126/><V29/><F85/><W47/><G30/><T80/><D111/><U64/><E129/><N who="3" m="49162" /><G31/><T27/><D121/><U83/><E59/><V88/><F110/><W94/><G7/><T132/><D132/><U108/><E108/><V112/><F133/><W34/><G34/><T104/><D101/><U97/><E97/><V12/><F29/><W24/><G24/><T61/><D124/><U98/><E32/><V93/><F28/><W33/><G33/><T35/><D35/><U86/><E86/><V74/><F74/><W37/><G37/><T109/><D109/><U87/><E87/><N who="2" m="52383" /><F114/><W81/><G81/><T14/><D90/><U128/><E128/><V77/><F112/><W39/><G39/><T102/><D102/><U48/><E98/><V135/><F135/><W76/><G76/><T54/><D22/><N who="1" m="13535" /><E38/><V51/><F77/><AGARI ba="0,0" hai="9,10,41,44,48,56,60,64,77,83,84" m="13535" machi="77" ten="30,1500,0" yaku="8,1" doraHai="127" who="1" fromWho="2" sc="217,0,346,15,280,-15,157,0" /><INIT seed="5,1,0,2,2,72" ten="217,361,265,157" oya="1" hai0="49,3,4,29,52,35,43,14,102,108,32,53,55" hai1="74,95,10,20,42,129,130,80,57,16,126,19,109" hai2="118,91,135,28,76,78,30,1,125,56,107,121,88" hai3="0,119,39,41,60,21,117,85,133,69,79,6,63"/><U75/><E126/><V51/><F107/><W77/><G133/><T12/><D108/><U90/><E109/><V124/><F1/><W9/><G41/><T93/><D3/><U87/><E42/><V67/><F121/><W114/><G39/><T36/><D36/><U101/><E10/><V94/><F118/><N who="3" m="45067" /><G114/><T120/><D120/><U83/><E19/><V25/><F135/><W59/><G69/><T8/><D14/><U65/><E74/><V123/><F123/><W46/><G46/><T134/><D134/><U33/><E33/><V71/><F71/><W13/><G85/><T89/><D102/><U24/><E101/><V61/><F51/><W92/><G92/><T11/><D11/><U122/><E122/><V113/><F113/><W104/><G104/><T96/><REACH who="0" step="1"/><D29/><REACH who="0" ten="207,361,265,157" step="2"/><U18/><E130/><V116/><F30/><W100/><G100/><T73/><D73/><U103/><E75/><V110/><F110/><W86/><G86/><T66/><D66/><U48/><E103/><V81/><F116/><W99/><G99/><T54/><N who="0" m="13312" /><DORA hai="27" /><T5/><D5/><U45/><E129/><V105/><F105/><W38/><G38/><T31/><D31/><U2/><E2/><V23/><F125/><W115/><G115/><T58/><D58/><U15/><E57/><V128/><F128/><W44/><G44/><AGARI ba="1,1" hai="4,8,12,32,35,43,44,49,89,93,96" m="13312" machi="44" ten="50,3200,0" yaku="1,1,54,1,53,0" doraHai="72,27" doraHaiUra="131,70" who="0" fromWho="3" sc="207,45,361,0,265,0,157,-35" /><INIT seed="6,0,0,5,2,24" ten="252,361,265,122" oya="2" hai0="48,34,71,11,31,52,110,35,2,119,101,109,39" hai1="3,116,29,106,30,72,53,90,12,99,96,70,133" hai2="38,46,64,97,13,80,10,107,33,94,123,124,120" hai3="78,26,128,9,104,44,126,8,59,4,129,98,108"/><V68/><F107/><W82/><G108/><T17/><D39/><U122/><E116/><V84/><F33/><W85/><G126/><T130/><D71/><U113/><E3/><V89/><F124/><W51/><G59/><T66/><D66/><U95/><E72/><V121/><F68/><W81/><G81/><T25/><D101/><U16/><E70/><V86/><F64/><W135/><G135/><T88/><D130/><U49/><E113/><V50/><F38/><W69/><G69/><T0/><D0/><U114/><E114/><V15/><F86/><W112/><G112/><T103/><D103/><U61/><E61/><V73/><F73/><W63/><G63/><T32/><D32/><U134/><E122/><V27/><F27/><W20/><G104/><T117/><D35/><U118/><E118/><N who="0" m="45065" /><D88/><U131/><E99/><V79/><REACH who="2" step="1"/><F10/><REACH who="2" ten="252,361,255,122" step="2"/><W23/><G98/><T5/><D17/><U18/><E106/><V37/><F37/><W43/><G9/><T36/><D36/><U102/><E131/><N who="3" m="50250" /><G26/><T47/><AGARI ba="0,1" hai="2,5,11,25,31,34,47,48,52,109,110" m="45065" machi="47" ten="30,4000,0" yaku="12,1,52,1,54,1" doraHai="24" who="0" fromWho="0" sc="252,50,361,-10,255,-20,122,-10" /><INIT seed="7,0,0,0,0,10" ten="302,351,235,112" oya="3" hai0="57,59,110,132,90,121,84,44,16,15,73,19,134" hai1="107,67,8,95,21,92,104,96,40,45,26,14,2" hai2="18,33,47,113,131,13,69,7,5,34,35,49,127" hai3="68,87,91,82,29,93,50,25,52,53,70,80,55"/><W119/><G119/><T54/><D110/><U111/><E2/><V120/><F69/><W114/><G114/><T3/><D3/><U63/><E111/><V106/><F106/><W17/><G17/><T116/><D116/><U9/><E9/><V51/><F127/><W66/><G50/><N who="0" m="28999" /><D73/><U60/><E107/><V28/><F51/><W126/><G126/><T65/><D65/><U46/><E104/><V41/><F131/><W88/><G66/><T135/><D19/><N who="1" m="12607" /><E40/><V74/><F74/><W64/><G64/><T11/><D121/><U32/><E32/><V12/><F113/><W86/><REACH who="3" step="1"/><G93/><REACH who="3" ten="302,351,235,102" step="2"/><T85/><D85/><U94/><E67/><V122/><F18/><W115/><G115/><T81/><AGARI ba="0,1" hai="11,15,16,57,59,81,84,90,132,134,135" m="28999" machi="81" ten="30,7900,0" yaku="25,1,20,1,52,1,54,1" doraHai="10" who="0" fromWho="0" sc="302,89,351,-20,235,-20,102,-39" owari="391,49.0,331,13.0,215,-18.0,63,-44.0" /></mjloggm>