<mjloggm ver="2.3"><GO type="41" lobby="0"/><UN n0="%E3%83%95%E3%83%BC%E3%82%BF%E3%83%AD%E3%82%B9" n1="%E2%93%9D%53%75%70%68%78" n2="%E5%91%82%E4%BB%81" n3="%54%4B%44%32%30%31%37" dan="14,18,13,13" rate="1812.70,2073.32,1855.58,1915.09" sx="M,M,M,M"/><TAIKYOKU oya="0"/><INIT seed="0,0,0,2,2,19" ten="250,250,250,250" oya="0" hai0="133,26,100,116,122,121,119,74,20,53,22,114,30" hai1="18,35,27,36,46,63,3,80,4,106,45,12,123" hai2="75,42,103,130,134,77,76,28,29,104,115,82,31" hai3="2,67,1,91,56,47,127,111,70,32,90,99,60"/><T85/><D74/><U57/><E106/><V102/><F115/><W38/><G32/><T65/><D65/><U87/><E36/><V93/><F42/><W71/><G38/><T21/><D100/><U110/><E110/><V108/><F108/><W39/><G111/><T129/><D53/><U105/><E105/><V132/><F130/><W34/><G34/><N who="0" m="20823" /><D85/><U83/><E123/><N who="0" m="47113" /><D114/><U55/><E83/><N who="2" m="45471" /><F104/><W118/><G47/><T44/><D44/><U107/><E107/><V15/><F15/><W79/><G79/><T54/><D54/><U69/><E46/><V78/><F93/><W51/><G91/><T23/><N who="0" m="5120" /><DORA hai="5" /><T37/><D37/><U112/><E45/><V131/><F131/><W58/><G90/><T88/><D88/><U96/><E55/><V48/><F48/><W124/><G99/><T16/><D129/><U13/><E112/><V109/><F109/><W94/><G94/><T98/><D98/><U92/><E96/><V6/><F78/><W17/><G51/><T86/><D86/><U117/><E87/><V135/><F102/><W50/><G50/><T81/><D81/><U73/><E80/><V120/><F103/><W89/><G89/><T41/><D41/><U14/><E73/><N who="2" m="43311" /><F120/><W113/><G60/><T95/><D95/><U72/><E72/><V11/><F132/><W8/><G67/><T101/><D101/><U43/><E43/><V128/><F128/><W61/><G61/><T9/><D133/><U84/><E92/><V62/><F62/><W68/><G39/><T59/><D59/><U7/><E63/><V24/><F135/><RYUUKYOKU ba="0,0" sc="250,30,250,-10,250,-10,250,-10" hai0="9,16,116,119" /><INIT seed="0,1,0,1,2,118" ten="280,240,240,240" oya="0" hai0="116,34,114,5,95,127,41,107,75,121,53,65,29" hai1="62,72,91,76,25,99,52,78,42,32,129,130,26" hai2="106,18,120,2,22,10,50,73,93,126,13,123,70" hai3="102,44,132,58,83,48,104,124,97,61,103,67,108"/><T110/><D5/><U35/><E42/><V90/><F106/><W9/><G108/><T38/><D53/><U12/><E12/><V71/><F73/><W64/><G132/><T92/><D92/><U112/><E72/><V45/><F126/><W100/><G124/><T88/><D95/><U131/><E91/><V28/><F71/><W134/><G134/><T7/><D88/><U37/><E37/><V113/><F113/><W101/><G83/><T3/><D7/><U68/><E99/><V77/><F77/><N who="1" m="29801" /><E68/><V125/><F70/><W51/><G9/><T105/><D29/><U20/><E112/><V57/><F57/><W15/><G15/><T86/><D86/><U49/><E62/><V111/><F111/><W119/><G119/><T54/><D54/><U133/><E133/><V94/><F94/><W80/><G80/><T122/><D65/><U96/><E96/><V85/><F125/><W98/><G67/><T46/><D46/><N who="1" m="27703" /><E26/><V63/><F63/><W82/><G82/><T31/><D31/><AGARI ba="1,0" hai="20,25,31,32,35,129,130,131" m="27703,29801" machi="31" ten="30,2000,0" yaku="19,1,54,1" doraHai="118" who="1" fromWho="0" sc="280,-23,240,23,240,0,240,0" /><INIT seed="1,0,0,1,4,68" ten="257,263,240,240" oya="1" hai0="52,109,44,20,135,134,47,65,64,66,46,17,119" hai1="102,133,131,23,78,93,89,74,114,21,106,110,22" hai2="31,26,116,49,127,123,37,63,77,43,56,54,8" hai3="45,3,75,103,104,117,53,16,88,29,90,76,55"/><U24/><E114/><V101/><F116/><W87/><G3/><T108/><D17/><U70/><E70/><V40/><F127/><W81/><G117/><T132/><D20/><U25/><E131/><V27/><F123/><W85/><G29/><T9/><D9/><U6/><E133/><V60/><F77/><W99/><G45/><T94/><D94/><U30/><E110/><N who="0" m="42601" /><D119/><U118/><E6/><V41/><F101/><W34/><G34/><T84/><D84/><U2/><E2/><V86/><F26/><W126/><G126/><T115/><D115/><U1/><E1/><V80/><F8/><W38/><G38/><T48/><AGARI ba="0,0" hai="44,46,47,48,52,64,65,66,132,134,135" m="42601" machi="48" ten="40,8000,1" yaku="20,1,14,1,34,2,54,1" doraHai="68" who="0" fromWho="0" sc="257,80,263,-40,240,-20,240,-20" /><INIT seed="2,0,0,2,2,129" ten="337,223,220,220" oya="2" hai0="109,46,119,14,54,130,90,73,132,57,88,123,52" hai1="63,38,35,117,10,94,112,100,81,68,40,49,72" hai2="77,12,95,105,28,128,22,115,19,122,23,55,74" hai3="86,65,118,16,64,21,92,121,110,126,45,107,41"/><V99/><F128/><W0/><G0/><T20/><D73/><U17/><E112/><V79/><F122/><W127/><G107/><T71/><D71/><U87/><E35/><V15/><F115/><W120/><G92/><T70/><D70/><U48/><E38/><V62/><F105/><W104/><G86/><T85/><D109/><U51/><E72/><V82/><F77/><W59/><G104/><T61/><D119/><U53/><E40/><V80/><F79/><W134/><G118/><T108/><D108/><U75/><E75/><V24/><F12/><W102/><G102/><T13/><D132/><U84/><E68/><V9/><F9/><W133/><G110/><T56/><D130/><U34/><E34/><V33/><F33/><W43/><G16/><N who="0" m="10255" /><D46/><U29/><E29/><V97/><F74/><W93/><G21/><T83/><D14/><N who="1" m="7383" /><E117/><V124/><F124/><N who="3" m="47659" /><G93/><T66/><D123/><N who="3" m="47177" /><G59/><N who="0" m="37183" /><D90/><U4/><E100/><N who="2" m="60479" /><F99/><W60/><G60/><T98/><D98/><U114/><E63/><V67/><F67/><N who="3" m="25675" /><G41/><T113/><D113/><U89/><E114/><V5/><F5/><W37/><AGARI ba="0,0" hai="37,43,45,133,134" m="25675,47177,47659" machi="37" ten="40,8000,1" yaku="18,1,34,2,52,2" doraHai="129" who="3" fromWho="3" sc="337,-20,223,-20,220,-40,220,80" /><INIT seed="3,0,0,5,3,92" ten="317,203,180,300" oya="3" hai0="51,106,35,88,89,113,116,132,63,44,121,65,6" hai1="0,126,130,134,85,93,75,79,12,24,107,1,83" hai2="31,73,90,43,72,50,11,120,39,109,123,122,16" hai3="102,135,38,87,74,119,114,68,61,66,117,33,32"/><W29/><G87/><T67/><D116/><U27/><E130/><V3/><F39/><W100/><G114/><T8/><D121/><U26/><E134/><V56/><F109/><W105/><G102/><T48/><D35/><U71/><E71/><V77/><F31/><W53/><G53/><T13/><D106/><U127/><E12/><V7/><F90/><N who="0" m="34922" /><D132/><U125/><E107/><V103/><F103/><W81/><G33/><T42/><D113/><U124/><N who="1" m="32256" /><DORA hai="110" /><U5/><E5/><V84/><F84/><W30/><G30/><T23/><D23/><U82/><REACH who="1" step="1"/><E93/><REACH who="1" ten="317,193,180,300" step="2"/><V129/><F120/><W19/><G135/><T101/><D101/><U128/><E128/><V108/><F129/><W54/><G105/><T36/><D36/><U49/><E49/><V28/><F50/><W131/><G38/><T104/><D51/><U52/><E52/><V98/><F123/><W25/><G54/><T58/><D104/><U4/><E4/><V99/><F7/><W37/><G37/><T64/><AGARI ba="0,1" hai="6,8,13,42,44,48,58,63,64,65,67" m="34922" machi="64" ten="30,2000,0" yaku="8,1,54,1" doraHai="92,110" who="0" fromWho="0" sc="317,30,193,-5,180,-5,300,-10" /><INIT seed="4,0,0,0,5,20" ten="347,188,175,290" oya="0" hai0="10,134,63,49,114,70,111,41,73,71,57,69,33" hai1="7,130,26,112,27,122,103,32,99,90,115,102,116" hai2="106,2,6,16,36,84,12,43,31,72,86,21,117" hai3="58,64,19,82,110,55,0,23,53,28,46,93,83"/><T22/><D73/><U118/><E32/><V105/><F72/><W3/><G110/><T133/><D33/><U121/><E7/><V35/><F117/><N who="1" m="45161" /><E130/><V15/><F36/><W30/><G64/><T98/><D98/><U97/><E90/><V107/><F43/><W17/><G23/><T67/><D10/><U45/><E45/><V44/><F44/><W65/><G46/><N who="0" m="25807" /><D22/><U80/><E80/><V95/><F12/><W125/><G93/><T127/><D127/><U124/><E124/><V42/><F42/><W52/><G125/><T8/><D8/><U76/><E76/><V92/><F95/><W74/><G74/><T126/><D126/><U1/><E1/><V79/><F79/><W75/><G75/><T91/><D91/><U51/><E51/><V135/><F92/><W62/><G0/><T101/><D101/><N who="1" m="38411" /><E99/><V68/><F68/><W61/><G3/><T66/><D66/><U4/><E4/><V89/><F135/><N who="0" m="51722" /><D111/><U48/><E97/><V14/><F14/><W94/><G94/><T119/><D119/><U88/><E88/><V81/><F107/><W109/><G109/><T120/><D120/><N who="1" m="46187" /><E48/><V34/><F34/><W39/><G39/><T113/><AGARI ba="0,0" hai="57,63,67,69,70,71,113,114" m="51722,25807" machi="113" ten="40,7800,0" yaku="20,1,34,2" doraHai="20" who="0" fromWho="0" sc="347,78,188,-26,175,-26,290,-26" /><INIT seed="4,1,0,4,5,8" ten="425,162,149,264" oya="0" hai0="69,115,124,72,94,47,78,23,105,52,120,7,85" hai1="133,77,118,96,25,71,62,113,127,17,56,24,16" hai2="65,103,116,11,125,66,19,70,30,122,100,74,46" hai3="121,22,57,42,0,55,67,15,21,12,6,102,68"/><T134/><D105/><U60/><E118/><V20/><F122/><W33/><G33/><T59/><D69/><U63/><E71/><V117/><F125/><W84/><G0/><T34/><D34/><U92/><E133/><V109/><F74/><W129/><G6/><T99/><D120/><U126/><E77/><V114/><F109/><W119/><G119/><N who="2" m="45641" /><F114/><W53/><G68/><T32/><D32/><U93/><E56/><V106/><F70/><W91/><G42/><T88/><D72/><U4/><E4/><V45/><F30/><W112/><G112/><T83/><D134/><U28/><E113/><V18/><F11/><W29/><G129/><T135/><D135/><U3/><E28/><V31/><F31/><W39/><G39/><T50/><D124/><N who="1" m="47659" /><E96/><N who="2" m="61703" /><F103/><W38/><G102/><T48/><D7/><U90/><E3/><V37/><F37/><W101/><G101/><T49/><D115/><U86/><E93/><V132/><F132/><W110/><G38/><T108/><D108/><U87/><E87/><V98/><F98/><W27/><G22/><T1/><D1/><U14/><E17/><N who="2" m="6155" /><F20/><AGARI ba="1,0" hai="14,16,20,24,25,60,62,63,86,90,92" m="47659" machi="20" ten="30,3900,0" yaku="18,1,52,1,54,1" doraHai="8" who="1" fromWho="2" sc="425,0,162,42,149,-42,264,0" /><INIT seed="5,0,0,4,3,81" ten="425,204,107,264" oya="1" hai0="118,97,121,102,88,49,77,119,38,62,131,117,54" hai1="93,63,67,66,85,29,99,9,25,68,34,71,65" hai2="116,74,104,84,48,123,37,2,107,100,115,8,96" hai3="50,60,113,16,26,13,79,27,36,86,57,61,120"/><U105/><E9/><V101/><F48/><W83/><G113/><T14/><D38/><U132/><E132/><V111/><F37/><W112/><G112/><T17/><D77/><U4/><E4/><V87/><F8/><W69/><G36/><T28/><D28/><U133/><E133/><V19/><F2/><W127/><G127/><T47/><D131/><U22/><E22/><V0/><F19/><W42/><G120/><T43/><D121/><U10/><E10/><V82/><F0/><W108/><G108/><T24/><D24/><N who="3" m="9257" /><G69/><T110/><D110/><U55/><E55/><V135/><F123/><W129/><G129/><T11/><D88/><N who="1" m="53391" /><E71/><V134/><F111/><W40/><G50/><T91/><D91/><U21/><E21/><V51/><F51/><W92/><G92/><T18/><D18/><U76/><E76/><N who="2" m="44311" /><F115/><W70/><G70/><T122/><D122/><U3/><E3/><V89/><F116/><W33/><G33/><T31/><D31/><U78/><E78/><V114/><F114/><W1/><G1/><T90/><D90/><U46/><E46/><V12/><F12/><W58/><G58/><T53/><D62/><N who="3" m="24169" /><G57/><T7/><REACH who="0" step="1"/><D7/><REACH who="0" ten="415,204,107,264" step="2"/><U103/><AGARI ba="0,1" hai="25,29,34,63,65,66,67,68,99,103,105" m="53391" machi="103" ten="30,6000,0" yaku="25,1,52,1,54,1" doraHai="81" who="1" fromWho="1" sc="415,-20,204,70,107,-20,264,-20" /><INIT seed="5,1,0,1,3,17" ten="395,274,87,244" oya="1" hai0="130,37,97,20,34,75,40,93,39,55,31,1,88" hai1="58,84,63,98,76,47,62,11,38,24,82,41,30" hai2="33,109,134,22,127,135,66,48,32,16,50,10,96" hai3="74,70,94,125,14,9,122,56,60,78,91,4,117"/><U123/><E123/><V0/><F109/><W51/><G70/><T67/><D75/><U105/><E11/><V114/><F66/><W113/><G122/><T100/><D1/><U5/><E5/><N who="2" m="1319" /><F127/><W23/><G125/><T79/><D34/><N who="2" m="13418" /><F114/><W52/><G113/><T124/><D124/><U101/><REACH who="1" step="1"/><E58/><REACH who="1" ten="395,264,87,244" step="2"/><V77/><F77/><W115/><G115/><T111/><D79/><U57/><E57/><V90/><F50/><W43/><G117/><T8/><D111/><U13/><E13/><N who="2" m="9487" /><F48/><W69/><G69/><T108/><D108/><U118/><E118/><V26/><F96/><W121/><G121/><T53/><D39/><U73/><E73/><V89/><F26/><W44/><G78/><T36/><D37/><U46/><E46/><V87/><F87/><N who="3" m="52607" /><G74/><T59/><D36/><U95/><E95/><V71/><F71/><W86/><G86/><T18/><D59/><U3/><E3/><V116/><F116/><W45/><G44/><T19/><D97/><U6/><E6/><V131/><F131/><W27/><G27/><T107/><D130/><U7/><E7/><V15/><F15/><W126/><G126/><T12/><D12/><U85/><E85/><V102/><F102/><W28/><G45/><T29/><D100/><U119/><E119/><V80/><F80/><W103/><G103/><T21/><D93/><U83/><E83/><V68/><F68/><W128/><G128/><T104/><D40/><U25/><E25/><V106/><F106/><W120/><G120/><T35/><D104/><U81/><E81/><V64/><F64/><W132/><G43/><RYUUKYOKU ba="1,1" sc="395,-15,264,15,87,15,244,-15" hai1="24,30,38,41,47,62,63,76,82,84,98,101,105" hai2="89,90,134,135" /><INIT seed="5,2,1,1,3,95" ten="380,279,102,229" oya="1" hai0="93,104,38,117,96,119,0,37,77,58,44,62,73" hai1="14,65,4,40,99,25,22,28,41,45,86,24,90" hai2="66,102,78,67,131,115,33,1,100,2,21,17,79" hai3="56,74,47,94,116,70,98,114,48,101,13,132,11"/><U8/><E65/><V82/><F33/><W29/><G70/><T97/><D0/><U126/><E126/><V91/><F131/><W125/><G74/><T63/><D104/><U124/><E124/><V55/><F79/><W128/><G125/><T106/><D106/><U31/><E45/><V122/><F122/><W110/><G110/><T113/><D113/><U68/><E68/><V12/><F91/><W135/><G114/><T127/><D127/><U83/><REACH who="1" step="1"/><E99/><REACH who="1" ten="380,269,102,229" step="2"/><V59/><F115/><W130/><G116/><T27/><D44/><U129/><E129/><N who="3" m="49770" /><G56/><T80/><D58/><U108/><E108/><V23/><F66/><W64/><G64/><T133/><D97/><U84/><E84/><V46/><F67/><W15/><G29/><T105/><D105/><U103/><E103/><V72/><F46/><W26/><G26/><T85/><D27/><U10/><E10/><V5/><F102/><W76/><G76/><T51/><D73/><U18/><E18/><V57/><F100/><W34/><G34/><AGARI ba="2,2" hai="4,8,14,22,24,25,28,31,34,40,41,83,86,90" machi="34" ten="30,2900,0" yaku="1,1,7,1,53,0" doraHai="95" doraHaiUra="32" who="1" fromWho="3" sc="380,0,269,55,102,0,229,-35" /><INIT seed="5,3,0,3,4,12" ten="380,324,102,194" oya="1" hai0="87,111,56,6,74,132,90,23,120,75,28,130,122" hai1="55,43,109,25,106,22,126,113,103,41,32,31,66" hai2="40,112,45,9,27,1,61,71,72,2,131,60,52" hai3="59,38,82,14,26,37,108,88,35,129,19,47,53"/><U57/><E113/><V20/><F131/><W121/><G108/><T83/><D111/><U118/><E118/><V95/><F112/><W69/><G69/><T30/><D132/><U135/><E109/><V79/><F95/><W94/><G129/><T67/><D6/><U70/><E126/><V64/><F79/><W100/><G121/><N who="0" m="46699" /><D130/><U110/><E135/><V86/><F72/><N who="0" m="27690" /><D23/><U68/><E110/><V36/><F86/><W80/><G26/><T8/><D8/><U42/><E66/><V65/><F9/><W124/><G35/><T10/><D10/><U18/><E103/><V104/><F104/><W4/><G4/><T3/><D3/><U114/><E106/><V76/><F76/><W63/><G124/><T5/><D5/><U102/><E102/><V51/><F64/><W97/><G100/><T119/><D119/><U116/><E116/><V125/><F60/><AGARI ba="3,0" hai="28,30,56,60,67,83,87,90" m="27690,46699" machi="60" ten="30,1000,0" yaku="13,1" doraHai="12" who="0" fromWho="2" sc="380,19,324,0,102,-19,194,0" /><INIT seed="6,0,0,5,5,62" ten="399,324,83,194" oya="2" hai0="11,6,95,47,8,49,120,75,127,133,19,124,78" hai1="125,0,36,116,105,76,98,111,121,112,23,90,122" hai2="52,106,10,96,126,39,59,13,16,67,118,119,58" hai3="57,81,89,53,85,17,50,3,14,1,51,103,83"/><V31/><F39/><W38/><G38/><T2/><D120/><U5/><E23/><V40/><F126/><N who="0" m="48170" /><D133/><U101/><E5/><V114/><F40/><W64/><G103/><T108/><D108/><U109/><E0/><V107/><F31/><W129/><G129/><T61/><D95/><U44/><E44/><V74/><F74/><W123/><G123/><N who="1" m="47114" /><E36/><V131/><F131/><W48/><G1/><T28/><D28/><U24/><E24/><V54/><F114/><W55/><G3/><T102/><D102/><U71/><E71/><V12/><F96/><W134/><G83/><N who="0" m="45535" /><D11/><U33/><E33/><V22/><F67/><W88/><G89/><T65/><D19/><U60/><E125/><V87/><F87/><W77/><G77/><T110/><D110/><U73/><E112/><V29/><F29/><W93/><G81/><T86/><D86/><U34/><E34/><V80/><F80/><W27/><G27/><T30/><D30/><U79/><E73/><V43/><F43/><W46/><G134/><T15/><D2/><U84/><E111/><V63/><F106/><W92/><G92/><T91/><D91/><U68/><E109/><V42/><F107/><W9/><G51/><T117/><D117/><U32/><E116/><V18/><F42/><W100/><G100/><T132/><D132/><U135/><E32/><V21/><F10/><W37/><G37/><T69/><D47/><U56/><E135/><V128/><F128/><W97/><G85/><T35/><D35/><U7/><E84/><V26/><F26/><W20/><G9/><T70/><D70/><RYUUKYOKU ba="0,0" sc="399,10,324,-30,83,10,194,10" hai0="6,8,15,49,61,65,69" hai2="12,13,16,18,21,22,52,54,58,59,63,118,119" hai3="14,17,20,46,48,50,53,55,57,64,88,93,97" /><INIT seed="6,1,0,4,0,76" ten="409,294,93,204" oya="2" hai0="69,131,16,17,118,10,110,61,7,85,77,75,5" hai1="117,121,126,25,45,30,103,127,82,31,90,98,37" hai2="130,34,68,48,41,125,53,116,35,11,113,19,80" hai3="120,99,115,86,26,28,40,73,29,81,79,63,18"/><V38/><F116/><W83/><G120/><T22/><D75/><U106/><E117/><V94/><F130/><W14/><G40/><T6/><D110/><U104/><E121/><V84/><F68/><W107/><G115/><T123/><D131/><U109/><E109/><V60/><F125/><N who="1" m="47625" /><E106/><V102/><F113/><W43/><G43/><T8/><D69/><U0/><E0/><V3/><F38/><W128/><G128/><T50/><D61/><U57/><E57/><V39/><F39/><W111/><G111/><T72/><D72/><U13/><E13/><V42/><F34/><W66/><G99/><T55/><D123/><U33/><E31/><V87/><F35/><W15/><G107/><T52/><D55/><U1/><E1/><V65/><F60/><W27/><G29/><T92/><D92/><U20/><E33/><V74/><F65/><W67/><G67/><T4/><D4/><U133/><E133/><V56/><F74/><W44/><G44/><N who="0" m="27719" /><D17/><U71/><E71/><V23/><F3/><W21/><G14/><N who="0" m="9495" /><D118/><U135/><E135/><V96/><F11/><W122/><G28/><T132/><D132/><U32/><E32/><V49/><F49/><W134/><G134/><T46/><D46/><U59/><E45/><V62/><F62/><W12/><G12/><T105/><D105/><U51/><E37/><V97/><F97/><W89/><G122/><T95/><D10/><U100/><E104/><V88/><F84/><W70/><AGARI ba="1,0" hai="15,18,21,26,27,63,66,70,73,79,81,83,86,89" machi="70" ten="20,5200,0" yaku="0,1,7,1,52,2" doraHai="76" who="3" fromWho="3" sc="409,-14,294,-14,93,-27,204,55" /><INIT seed="7,0,0,1,2,55" ten="395,280,66,259" oya="3" hai0="121,120,116,70,94,81,5,28,33,84,34,42,12" hai1="119,15,53,39,14,103,82,25,41,43,52,85,92" hai2="73,100,114,107,11,49,54,61,78,135,75,60,6" hai3="88,3,105,32,59,26,7,111,68,58,2,131,117"/><W30/><G117/><T134/><D70/><U36/><E119/><V64/><F135/><W95/><G68/><T122/><D134/><U127/><E127/><V67/><F114/><W29/><G105/><T37/><D94/><U8/><E25/><V45/><F75/><W51/><G30/><T62/><D28/><U132/><E132/><V1/><F78/><W27/><G27/><T126/><D126/><U22/><E39/><V123/><F123/><W104/><G104/><T13/><D42/><N who="1" m="15883" /><E36/><V57/><F73/><W125/><G125/><T128/><D37/><U72/><E72/><V17/><F107/><W89/><G51/><T113/><D128/><U40/><E40/><V133/><F133/><W19/><G19/><T48/><D113/><U101/><E22/><V24/><F100/><N who="1" m="38473" /><E92/><V110/><F110/><W0/><G131/><T16/><D5/><N who="1" m="3343" /><E15/><V31/><F17/><W109/><G7/><T9/><D13/><U112/><E112/><V69/><F24/><W91/><REACH who="3" step="1"/><G95/><REACH who="3" ten="395,280,66,249" step="2"/><T90/><D48/><U97/><E97/><V106/><F106/><W4/><G4/><T86/><D116/><U108/><E108/><AGARI ba="0,1" hai="0,2,3,26,29,32,58,59,88,89,91,108,109,111" machi="108" ten="50,12000,1" yaku="1,1,10,1,52,2,54,1,53,0" doraHai="55" doraHaiUra="44" who="3" fromWho="1" sc="395,0,280,-120,66,0,249,130" /><INIT seed="7,1,0,4,2,60" ten="395,160,66,379" oya="3" hai0="42,126,129,99,123,25,22,57,134,131,46,116,102" hai1="5,38,108,120,23,59,18,115,54,121,111,124,7" hai2="107,84,119,66,90,89,11,73,91,65,101,61,125" hai3="48,103,104,28,43,79,95,34,16,40,36,26,85"/><W113/><G104/><T17/><D116/><U94/><E94/><V20/><F119/><W51/><G113/><T1/><D1/><U13/><E38/><V92/><F125/><W21/><G36/><T31/><D134/><U114/><E54/><V100/><F73/><W10/><G10/><T117/><D123/><N who="1" m="47179" /><E59/><V130/><F130/><N who="0" m="49674" /><D126/><U27/><E124/><V14/><F20/><N who="3" m="15431" /><G79/><T56/><D31/><U83/><E83/><N who="2" m="49311" /><F61/><W88/><G103/><N who="2" m="39497" /><F107/><W58/><G34/><T132/><D132/><U71/><E115/><V110/><F110/><N who="1" m="42025" /><E114/><V37/><F37/><W109/><G109/><T39/><D117/><U112/><E112/><V50/><F50/><N who="3" m="18987" /><G58/><T41/><D41/><U55/><E71/><V33/><F33/><W3/><G3/><T35/><D35/><U0/><E0/><V78/><F78/><W98/><G85/><T53/><D53/><U105/><E55/><V96/><F91/><W122/><G122/><T63/><D63/><U69/><E105/><AGARI ba="1,0" hai="17,22,25,39,42,46,56,57,99,102,105" m="49674" machi="105" ten="30,1000,0" yaku="19,1" doraHai="60" who="0" fromWho="1" sc="395,13,160,-13,66,0,379,0" owari="408,50.0,147,-25.0,66,-43.0,379,18.0" /></mjloggm>