<mjloggm ver="2.3"><GO type="41" lobby="0"/><UN n0="%4D%52%46" n1="%E9%88%B4%E6%9C%A8%E3%83%9D%E3%83%B3%E5%A4%9A" n2="%E3%83%9E%E3%83%83%E3%83%89%E3%83%BB%E3%82%AF%E3%83%83%E3%82%AD%E3%82%A3" n3="%E2%93%9D%53%75%70%68%78" dan="15,14,15,18" rate="2027.67,1909.98,1970.78,2175.15" sx="M,M,M,M"/><TAIKYOKU oya="0"/><INIT seed="0,0,0,5,2,97" ten="250,250,250,250" oya="0" hai0="86,10,115,77,71,94,22,96,83,6,27,0,76" hai1="95,35,47,46,21,91,67,89,93,7,16,32,44" hai2="5,54,39,37,80,100,11,109,70,110,118,98,9" hai3="129,122,88,79,19,124,127,130,12,92,18,120,34"/><T8/><D115/><U62/><E7/><V131/><F70/><W61/><G79/><T55/><D71/><U113/><E113/><V63/><F80/><W1/><G61/><T51/><D77/><U99/><E62/><V53/><F131/><N who="3" m="50187" /><G1/><T25/><D22/><U49/><E67/><V15/><F118/><W121/><G34/><T102/><REACH who="0" step="1"/><D10/><REACH who="0" ten="240,250,250,250" step="2"/><U85/><E35/><V20/><F20/><N who="3" m="11335" /><G19/><T75/><D75/><U26/><REACH who="1" step="1"/><E32/><REACH who="1" ten="240,240,250,250" step="2"/><V43/><F110/><W52/><G122/><T108/><D108/><U125/><E125/><N who="3" m="48202" /><G52/><AGARI ba="0,2" hai="16,21,26,44,46,47,49,52,85,89,91,93,95,99" machi="52" ten="30,8000,1" yaku="1,1,7,1,8,1,54,2,53,0" doraHai="97" doraHaiUra="106" who="1" fromWho="3" sc="240,0,240,100,250,0,250,-80" /><INIT seed="1,0,0,2,2,107" ten="240,340,250,170" oya="1" hai0="131,115,11,106,28,2,68,105,25,112,14,93,72" hai1="37,101,74,100,77,119,7,82,20,76,46,29,90" hai2="51,54,53,35,64,129,47,132,88,117,18,125,69" hai3="97,4,45,43,52,17,89,104,87,13,108,57,66"/><U9/><E119/><V103/><F117/><W40/><G108/><T78/><D93/><U116/><E116/><V58/><F35/><W84/><G4/><N who="0" m="1431" /><D14/><U16/><E76/><V48/><F103/><W60/><G104/><N who="0" m="40043" /><D68/><U22/><E29/><V12/><F132/><W39/><G43/><T44/><D44/><U6/><E90/><V59/><F129/><W38/><G38/><T110/><D110/><U128/><E128/><V111/><F125/><W21/><REACH who="3" step="1"/><G66/><REACH who="3" ten="240,340,250,160" step="2"/><T120/><D131/><U95/><E7/><V23/><F111/><W113/><G113/><T34/><D120/><U114/><E114/><V19/><F64/><W98/><G98/><T81/><AGARI ba="0,1" hai="25,28,34,72,78,81,112,115" m="40043,1431" machi="81" ten="30,2000,0" yaku="23,1,52,1" doraHai="107" who="0" fromWho="0" sc="240,30,340,-10,250,-5,160,-5" /><INIT seed="2,0,0,4,2,3" ten="270,330,245,155" oya="2" hai0="48,19,81,64,82,103,17,102,101,104,68,4,96" hai1="61,22,109,108,13,80,34,84,79,39,76,36,11" hai2="24,112,98,59,43,55,74,10,95,105,51,135,115" hai3="99,2,32,18,0,26,54,77,78,47,50,28,41"/><V89/><F74/><W122/><G122/><T27/><D82/><U69/><E34/><V100/><F135/><W83/><G78/><T57/><D68/><U111/><E76/><V114/><F43/><W40/><G18/><T113/><D113/><U46/><E22/><V119/><F119/><W42/><REACH who="3" step="1"/><G99/><REACH who="3" ten="270,330,245,145" step="2"/><T116/><D19/><N who="1" m="8639" /><E46/><V31/><F10/><W94/><G94/><T127/><D17/><U63/><E69/><V130/><F130/><W120/><G120/><T92/><D92/><U87/><E84/><AGARI ba="0,1" hai="0,2,26,28,32,40,41,42,47,50,54,77,83,84" machi="84" ten="40,1300,0" yaku="1,1,53,0" doraHai="3" doraHaiUra="106" who="3" fromWho="1" sc="270,0,330,-13,245,0,145,23" /><INIT seed="3,0,0,3,3,82" ten="270,317,245,168" oya="3" hai0="112,92,40,0,14,120,68,70,105,83,16,134,86" hai1="32,99,76,125,52,110,77,9,114,73,78,15,31" hai2="51,115,122,127,39,53,27,33,48,59,132,81,25" hai3="50,60,66,58,85,5,116,7,8,74,56,36,69"/><W6/><G74/><T111/><D105/><U29/><E114/><V18/><F115/><W46/><G116/><T107/><D107/><U108/><E125/><V121/><F127/><W65/><G36/><T130/><D120/><N who="2" m="46186" /><F132/><W67/><G8/><T124/><D112/><U101/><E73/><V61/><F39/><W104/><G104/><T95/><D124/><U35/><E52/><N who="2" m="34023" /><F33/><W4/><N who="3" m="1280" /><DORA hai="72" /><W26/><G26/><T97/><D0/><U24/><E15/><V49/><F81/><W44/><G85/><T17/><D111/><N who="1" m="42539" /><E9/><V93/><F93/><W129/><G129/><T119/><D119/><U28/><E24/><N who="2" m="9291" /><F18/><W42/><G69/><T123/><D123/><U47/><E47/><AGARI ba="0,0" hai="47,48,49,51,53" m="9291,34023,46186" machi="47" ten="30,2000,0" yaku="13,1,54,1" doraHai="82,72" who="2" fromWho="1" sc="270,0,317,-20,245,20,168,0" /><INIT seed="4,0,0,4,5,23" ten="270,297,265,168" oya="0" hai0="33,85,111,77,47,9,94,104,16,61,17,22,73" hai1="74,46,124,51,44,80,35,26,42,87,14,121,114" hai2="79,52,53,54,112,11,107,65,1,15,27,108,97" hai3="134,129,71,30,95,126,13,57,88,63,82,32,19"/><T68/><D104/><U120/><E74/><V83/><F108/><W106/><G106/><T122/><D33/><U45/><E124/><V55/><F1/><W28/><G126/><T75/><D122/><U12/><E121/><V90/><F112/><W131/><G71/><T6/><D111/><U78/><E120/><V92/><F65/><W84/><G134/><T70/><D47/><N who="1" m="26103" /><E35/><V101/><N who="2" m="13312" /><DORA hai="128" /><V76/><F27/><W64/><G32/><T37/><D37/><U110/><E114/><V127/><F127/><W105/><G105/><T31/><D31/><U116/><E110/><V113/><F113/><W86/><G131/><T5/><D22/><U133/><E116/><V10/><F83/><W43/><G43/><T135/><D94/><U89/><E133/><V4/><REACH who="2" step="1"/><F11/><REACH who="2" ten="270,297,255,168" step="2"/><W130/><G130/><T38/><D9/><U103/><E26/><V18/><F18/><W69/><G129/><T99/><D16/><U8/><E103/><V109/><F109/><W48/><G69/><T40/><D68/><U21/><E21/><V62/><F62/><W93/><G30/><T25/><D61/><U29/><E29/><V24/><F24/><W41/><G28/><T34/><D25/><U132/><E132/><V56/><F56/><W36/><G57/><T119/><D70/><U125/><E125/><V59/><F59/><W60/><G60/><T102/><D135/><U50/><E14/><V2/><F2/><W66/><G63/><T0/><D0/><U117/><E117/><V49/><F49/><W123/><G123/><T3/><D119/><U7/><E50/><RYUUKYOKU ba="0,1" sc="270,-15,297,15,255,15,168,-15" hai1="7,8,12,44,45,46,78,80,87,89" hai2="4,10,15,76,79,90,92,97,101,107" /><INIT seed="5,1,1,5,1,105" ten="255,312,270,153" oya="1" hai0="95,111,39,97,25,4,82,38,102,40,31,11,108" hai1="63,85,47,106,84,3,55,29,100,51,6,126,67" hai2="77,14,103,45,124,18,52,71,33,96,59,44,113" hai3="131,101,91,80,60,116,117,5,114,129,62,41,57"/><U49/><E126/><V107/><F71/><W135/><G5/><T68/><D68/><U115/><E115/><V123/><F124/><W17/><G101/><T58/><D39/><U43/><E106/><V42/><F113/><W12/><G114/><T120/><D120/><U48/><E100/><V125/><F125/><W86/><G41/><T94/><D94/><U8/><E29/><V10/><F33/><W32/><G32/><T88/><D58/><U65/><E67/><V81/><F123/><W30/><G30/><T26/><D40/><U66/><E65/><V75/><REACH who="2" step="1"/><F42/><REACH who="2" ten="255,312,260,153" step="2"/><W61/><G135/><T122/><D122/><U1/><E43/><V0/><F0/><W79/><G57/><T21/><D38/><U78/><E1/><V20/><F20/><W112/><G112/><T83/><D111/><U64/><E3/><V90/><F90/><W56/><G56/><T13/><D108/><U87/><E78/><V15/><F15/><W53/><G53/><T46/><D46/><U134/><E134/><V93/><F93/><W99/><G91/><T35/><REACH who="0" step="1"/><D102/><REACH who="0" ten="245,312,260,153" step="2"/><U73/><E47/><V132/><F132/><W22/><REACH who="3" step="1"/><G99/><REACH who="3" ten="245,312,260,143" step="2"/><T24/><D24/><U110/><E110/><V127/><F127/><W119/><AGARI ba="1,4" hai="12,17,22,60,61,62,79,80,86,116,117,119,129,131" machi="119" ten="40,8000,1" yaku="1,1,2,1,0,1,12,1,53,0" doraHai="105" doraHaiUra="104" who="3" fromWho="3" sc="245,-21,312,-41,260,-21,143,123" /><INIT seed="6,0,0,1,3,57" ten="224,271,239,266" oya="2" hai0="33,88,21,61,73,32,36,72,38,68,75,134,113" hai1="135,10,103,14,17,120,89,62,87,80,74,104,114" hai2="71,105,67,102,6,4,27,42,24,55,115,0,93" hai3="99,28,69,9,46,43,50,54,12,121,70,40,116"/><V58/><F105/><W39/><G116/><T95/><D113/><U48/><E114/><V78/><F115/><W1/><G1/><T76/><D76/><U94/><E120/><V52/><F71/><W5/><G121/><T56/><D68/><U117/><E117/><V16/><F0/><W90/><G28/><T25/><D134/><U59/><E135/><V118/><F118/><W30/><G30/><T60/><D38/><U64/><E104/><V65/><F42/><W23/><G23/><T126/><D36/><U45/><E74/><V112/><F112/><W2/><G2/><T122/><D126/><U22/><E22/><N who="2" m="13383" /><F78/><W132/><G132/><T110/><D110/><U53/><E94/><V100/><F27/><W82/><G70/><T20/><D122/><U127/><E127/><V3/><F3/><W83/><G69/><T79/><D79/><U133/><E133/><V26/><F26/><W97/><G39/><T86/><D21/><U125/><E125/><V66/><F55/><W101/><G43/><T96/><D32/><U119/><E119/><V13/><F93/><N who="3" m="58543" /><G40/><T47/><D33/><U35/><E35/><V108/><F108/><W15/><G15/><T49/><D75/><U7/><E103/><N who="2" m="39467" /><F13/><W131/><G83/><N who="0" m="49247" /><D73/><U109/><E109/><V34/><F34/><W63/><G82/><T111/><D72/><U124/><E124/><V11/><F11/><W128/><G12/><T44/><D111/><U18/><AGARI ba="0,0" hai="7,10,14,17,18,45,48,53,59,62,64,80,87,89" machi="18" ten="30,4000,0" yaku="0,1,8,1,52,1" doraHai="57" who="1" fromWho="1" sc="224,-10,271,40,239,-20,266,-10" /><INIT seed="7,0,0,3,0,36" ten="214,311,219,256" oya="3" hai0="82,43,22,94,107,21,125,97,101,131,57,115,39" hai1="5,28,37,56,105,78,44,135,45,127,58,122,87" hai2="31,89,16,60,96,69,83,118,46,71,133,128,120" hai3="10,67,93,130,70,99,59,74,40,7,109,61,117"/><W129/><G117/><T90/><D115/><U62/><E105/><V26/><F118/><W80/><G109/><T6/><D131/><N who="3" m="50185" /><G80/><T84/><D125/><U38/><E122/><V41/><F128/><W121/><G74/><T110/><D110/><U32/><E127/><V112/><F112/><W86/><G86/><T91/><D6/><U15/><E135/><V49/><F133/><W79/><G79/><T132/><D132/><U119/><E119/><V124/><F124/><W27/><G27/><T23/><D57/><U20/><E32/><V11/><F120/><W42/><G70/><T104/><REACH who="0" step="1"/><D101/><REACH who="0" ten="204,311,219,256" step="2"/><U106/><E58/><V3/><F71/><W76/><G121/><T24/><D24/><U77/><E56/><V88/><F69/><W72/><G72/><T14/><D14/><U81/><E15/><N who="2" m="7295" /><F3/><N who="3" m="383" /><G76/><T29/><D29/><U116/><E77/><V113/><F113/><W35/><G35/><T47/><AGARI ba="0,1" hai="21,22,23,39,43,47,82,84,90,91,94,97,104,107" machi="47" ten="30,7900,0" yaku="1,1,0,1,52,1,53,1" doraHai="36" doraHaiUra="92" who="0" fromWho="0" sc="204,89,311,-20,219,-20,256,-39" /><INIT seed="8,0,0,0,0,98" ten="293,291,199,217" oya="0" hai0="99,13,23,15,26,16,103,24,33,121,80,75,32" hai1="109,110,0,55,18,130,76,28,30,44,85,120,56" hai2="69,48,17,127,101,64,124,86,66,41,117,113,104" hai3="100,84,20,114,67,128,81,82,125,119,39,5,10"/><T36/><D36/><U58/><E0/><V14/><F113/><W105/><G114/><T71/><D71/><U34/><E120/><V102/><F117/><W57/><G39/><T12/><D121/><U93/><E110/><V74/><F74/><W89/><G128/><T73/><D26/><U118/><E34/><V54/><F41/><W77/><G125/><N who="2" m="48201" /><F104/><W22/><G119/><T49/><D75/><U46/><E118/><V9/><F86/><W7/><G7/><T108/><D108/><U131/><E109/><V107/><F107/><W60/><G100/><N who="2" m="38505" /><F69/><W68/><G68/><T29/><D73/><U65/><E18/><V3/><F3/><W21/><G105/><T27/><D32/><U53/><E131/><V61/><F61/><W79/><REACH who="3" step="1"/><G82/><REACH who="3" ten="293,291,199,207" step="2"/><T122/><D80/><N who="1" m="47239" /><E130/><V72/><F72/><W78/><G78/><T116/><D116/><U19/><E93/><V96/><F96/><W126/><G126/><T135/><D99/><U11/><E65/><V90/><F90/><W134/><G134/><T63/><D135/><U59/><E30/><V62/><F62/><W6/><G6/><T115/><D63/><U83/><E28/><V45/><AGARI ba="0,1" hai="9,14,17,45,48,54,64,66" m="38505,48201" machi="45" ten="30,7900,0" yaku="18,1,52,3" doraHai="98" who="2" fromWho="2" sc="293,-39,291,-20,199,89,207,-20" /><INIT seed="9,0,0,3,3,135" ten="254,271,288,187" oya="1" hai0="133,53,25,14,93,127,44,96,8,83,18,71,92" hai1="66,85,86,4,24,116,124,49,101,13,40,38,52" hai2="113,79,15,114,55,102,9,88,73,109,119,65,117" hai3="21,87,103,63,108,61,99,69,84,43,100,75,45"/><U36/><E116/><N who="2" m="44619" /><F109/><W33/><G33/><T31/><D71/><U19/><E101/><V132/><F132/><W134/><G75/><T98/><D133/><U72/><E72/><V64/><F102/><W130/><G134/><T59/><D44/><U29/><E66/><N who="2" m="25707" /><F73/><W32/><G32/><T7/><D83/><U12/><E40/><V94/><F79/><W22/><G130/><T74/><D74/><U46/><E38/><V111/><F55/><W76/><G76/><T112/><D112/><U122/><E36/><V105/><F105/><W10/><G108/><T68/><D68/><U39/><E39/><V41/><F41/><W95/><G69/><T34/><D7/><U115/><E122/><V5/><F111/><W42/><G45/><T81/><D81/><U77/><E115/><V57/><F57/><W16/><G95/><T121/><D121/><U118/><E118/><V78/><F78/><W70/><G70/><T126/><D93/><U97/><E77/><V37/><F37/><W2/><G2/><T120/><D120/><U54/><E54/><V82/><F82/><W80/><G80/><T91/><REACH who="0" step="1"/><D98/><AGARI ba="0,0" hai="5,9,15,88,94,98,113,114" m="25707,44619" machi="98" ten="30,2000,0" yaku="16,1,54,1" doraHai="135" who="2" fromWho="0" sc="254,-20,271,0,288,20,187,0" owari="234,-17.0,271,7.0,308,41.0,187,-31.0" /></mjloggm>