<mjloggm ver="2.3"><GO type="41" lobby="0"/><UN n0="%E2%93%9D%53%75%70%68%78" n1="%E5%A0%95%E5%A7%AB" n2="%E7%A5%9E%E5%9F%9F%E3%81%AE%E9%97%98%E7%89%8C" n3="%42%6C%61%73%74%37" dan="18,15,15,15" rate="2132.25,2055.34,2020.23,1987.37" sx="M,F,M,M"/><TAIKYOKU oya="0"/><INIT seed="0,0,0,2,0,79" ten="250,250,250,250" oya="0" hai0="23,66,40,86,9,83,46,90,30,77,97,41,35" hai1="22,131,68,6,61,123,134,62,107,37,39,52,135" hai2="60,17,67,108,125,14,54,126,71,57,101,119,49" hai3="124,10,93,45,51,99,130,94,53,84,85,89,19"/><T36/><D35/><U121/><E6/><V44/><F108/><W109/><G109/><T103/><D41/><U72/><E107/><V50/><F101/><W113/><G113/><T105/><D66/><N who="1" m="41039" /><E72/><V96/><F96/><W34/><G34/><T98/><D9/><U91/><E22/><V63/><F14/><W78/><G124/><N who="2" m="47721" /><F17/><W128/><G78/><T43/><D43/><U111/><E111/><V5/><F5/><W18/><G84/><T117/><D117/><U15/><E15/><V102/><F102/><W65/><G65/><T21/><REACH who="0" step="1"/><D30/><REACH who="0" ten="240,250,250,250" step="2"/><U0/><E121/><V114/><F119/><W70/><G10/><T110/><D110/><U16/><E123/><V129/><F114/><W88/><REACH who="3" step="1"/><G70/><REACH who="3" ten="240,250,250,240" step="2"/><T59/><D59/><U106/><E134/><V55/><F129/><AGARI ba="0,2" hai="18,19,45,51,53,85,88,89,93,94,99,128,129,130" machi="129" ten="40,8000,1" yaku="1,1,2,1,19,1,54,1,53,0" doraHai="79" doraHaiUra="29" who="3" fromWho="2" sc="240,0,250,0,250,-80,240,100" /><INIT seed="1,0,0,0,4,16" ten="240,250,170,340" oya="1" hai0="29,117,106,125,102,42,8,59,110,6,85,107,62" hai1="44,0,28,92,48,11,72,79,111,73,123,116,134" hai2="18,51,41,60,13,37,49,55,3,69,15,56,21" hai3="75,96,100,1,47,76,53,86,105,64,35,82,17"/><U70/><E116/><V38/><F3/><W22/><G35/><T99/><D117/><U43/><E123/><V90/><F90/><W133/><G133/><T40/><D110/><U135/><E70/><V32/><F32/><W95/><G1/><T119/><D107/><U57/><E111/><V66/><F41/><W9/><G9/><T12/><D125/><U5/><E92/><V130/><F130/><W68/><G64/><T65/><D119/><U58/><E28/><V33/><F33/><W127/><G68/><T88/><REACH who="0" step="1"/><D29/><REACH who="0" ten="230,250,170,340" step="2"/><U77/><E134/><V84/><F49/><W87/><G127/><T120/><D120/><U112/><E135/><V126/><F126/><W128/><G128/><T93/><AGARI ba="0,1" hai="6,8,12,40,42,59,62,65,85,88,93,99,102,106" machi="93" ten="20,5200,0" yaku="1,1,0,1,7,1,54,1,53,0" doraHai="16" doraHaiUra="30" who="0" fromWho="0" sc="230,62,250,-26,170,-13,340,-13" /><INIT seed="2,0,0,4,2,120" ten="292,224,157,327" oya="2" hai0="64,128,100,67,51,52,60,127,85,19,8,36,126" hai1="15,83,29,26,116,103,106,42,11,80,9,98,44" hai2="99,104,90,45,110,73,40,41,37,12,119,58,125" hai3="68,16,97,35,72,93,61,87,91,122,121,94,17"/><V56/><F119/><W28/><G72/><T74/><D74/><U95/><E116/><V129/><F73/><W114/><G114/><T135/><D100/><U78/><E106/><V63/><F129/><W53/><G35/><T132/><D85/><U86/><E80/><V25/><F40/><W49/><G28/><T113/><D19/><U22/><REACH who="1" step="1"/><E15/><REACH who="1" ten="292,214,157,327" step="2"/><V65/><F12/><W131/><G131/><T133/><D128/><U112/><E112/><V0/><F0/><W24/><G121/><T32/><D113/><U10/><E10/><V20/><F104/><W81/><G122/><T111/><D8/><U102/><E102/><V101/><F101/><W31/><G94/><T4/><D135/><U46/><E46/><V75/><F125/><W55/><G81/><T27/><D127/><U13/><E13/><V70/><F75/><W76/><G93/><T39/><D126/><U92/><E92/><V3/><F3/><W50/><G24/><T134/><D27/><U38/><AGARI ba="0,1" hai="9,11,22,26,29,38,42,44,78,83,86,95,98,103" machi="38" ten="20,2700,0" yaku="1,1,0,1,7,1,53,0" doraHai="120" doraHaiUra="14" who="1" fromWho="1" sc="292,-7,214,37,157,-13,327,-7" /><INIT seed="3,0,0,5,5,10" ten="285,251,144,320" oya="3" hai0="33,108,49,47,109,133,125,107,36,96,60,14,28" hai1="24,52,31,85,67,25,101,94,102,26,95,43,117" hai2="114,37,100,38,121,116,71,84,68,78,74,17,41" hai3="79,7,22,91,72,104,88,73,132,65,12,61,82"/><W53/><G132/><T40/><D125/><U112/><E112/><V15/><F114/><W134/><G134/><T128/><D133/><U23/><E117/><V66/><F116/><W87/><G104/><T115/><D115/><U75/><E75/><V30/><F100/><N who="1" m="38505" /><E43/><V55/><F74/><W5/><G72/><T4/><D128/><U62/><E67/><V120/><F30/><W45/><G45/><T113/><D113/><U54/><E62/><V80/><F55/><N who="1" m="21033" /><E85/><V98/><F98/><W6/><G53/><T27/><D60/><U34/><E34/><V105/><F105/><W44/><G44/><T2/><D96/><U126/><E126/><V70/><F66/><W93/><G91/><T127/><D127/><U50/><E50/><V69/><N who="2" m="17408" /><DORA hai="8" /><V90/><F90/><W122/><G122/><N who="2" m="47209" /><F41/><W39/><G39/><T16/><D107/><U92/><AGARI ba="0,0" hai="23,24,25,26,31,92,94,95" m="21033,38505" machi="92" ten="30,2000,0" yaku="8,1,54,1" doraHai="10,8" who="1" fromWho="1" sc="285,-5,251,20,144,-5,320,-10" /><INIT seed="4,0,0,2,4,117" ten="280,271,139,310" oya="0" hai0="86,38,95,118,97,99,15,51,66,9,92,71,47" hai1="21,53,120,60,93,57,5,64,79,70,28,59,75" hai2="20,3,101,77,63,73,18,29,102,84,39,50,111" hai3="46,62,36,2,40,109,129,48,52,94,121,16,112"/><T81/><D38/><U26/><E70/><V122/><F111/><W33/><G109/><T113/><D113/><U78/><E75/><V107/><F39/><W124/><G2/><T61/><D118/><U41/><E41/><V58/><F73/><W83/><G112/><T87/><D95/><U14/><E120/><V116/><F3/><W43/><G124/><T72/><D72/><U32/><E32/><V105/><F29/><W69/><G33/><T49/><D87/><U114/><E114/><V30/><F30/><W133/><G133/><T85/><D85/><U24/><E24/><V74/><F74/><W96/><G129/><T82/><D82/><U10/><REACH who="1" step="1"/><E93/><REACH who="1" ten="280,261,139,310" step="2"/><V22/><F116/><W23/><G121/><T126/><D92/><U128/><E128/><V17/><F122/><W8/><G36/><T4/><D126/><U0/><E0/><V11/><F105/><W110/><G110/><T80/><D80/><U88/><E88/><V108/><F107/><W35/><G35/><T65/><D65/><U134/><E134/><V125/><F108/><W103/><G83/><T25/><D25/><U7/><E7/><V54/><F125/><W91/><G103/><T19/><D4/><U1/><E1/><V68/><F68/><W13/><G69/><T104/><D104/><U56/><E56/><N who="2" m="32855" /><F101/><W45/><G45/><T135/><D135/><U55/><E55/><N who="2" m="34271" /><F102/><W37/><G37/><T89/><D47/><U34/><E34/><V42/><F42/><N who="3" m="15915" /><G62/><AGARI ba="0,1" hai="5,10,14,21,26,28,53,57,59,60,62,64,78,79" machi="62" ten="30,3900,0" yaku="1,1,7,1,8,1,53,0" doraHai="117" doraHaiUra="67" who="1" fromWho="3" sc="280,0,261,49,139,0,310,-39" /><INIT seed="5,0,0,5,5,8" ten="280,310,139,271" oya="1" hai0="131,44,129,96,85,75,15,50,64,3,114,33,67" hai1="79,84,62,35,92,74,12,123,46,31,120,47,10" hai2="93,43,39,28,82,134,86,101,32,100,56,26,45" hai3="51,112,9,122,65,17,103,97,127,29,2,23,91"/><U58/><E74/><V54/><F134/><W88/><G122/><T7/><D3/><U76/><E120/><V133/><F133/><W1/><G127/><T36/><D75/><U125/><E123/><V126/><F126/><W52/><G112/><T59/><D33/><U53/><E125/><V55/><F93/><W4/><G1/><T20/><D36/><U38/><E35/><V24/><F24/><W49/><G65/><T0/><D0/><U130/><E130/><N who="0" m="49673" /><D59/><U94/><E31/><V106/><F106/><W27/><G29/><T60/><D60/><U113/><E113/><V108/><F108/><W48/><REACH who="3" step="1"/><G52/><REACH who="3" ten="280,310,139,261" step="2"/><T19/><D67/><U41/><E46/><V72/><F55/><W61/><G61/><T78/><D64/><U81/><REACH who="1" step="1"/><E76/><REACH who="1" ten="280,300,139,261" step="2"/><V135/><F135/><W98/><G98/><T69/><D96/><U111/><E111/><V105/><F45/><W18/><G18/><AGARI ba="0,2" hai="10,12,18,38,41,47,53,58,62,79,81,84,92,94" machi="18" ten="30,5800,0" yaku="1,1,7,1,52,1,53,0" doraHai="8" doraHaiUra="121" who="1" fromWho="3" sc="280,0,300,78,139,0,261,-58" /><INIT seed="5,1,0,4,0,56" ten="280,378,139,203" oya="1" hai0="117,86,5,80,73,3,52,18,79,102,7,10,114" hai1="94,4,92,33,41,103,31,6,38,37,70,0,99" hai2="77,120,106,105,93,62,122,119,82,111,128,27,55" hai3="9,68,60,81,115,89,64,2,113,75,32,36,47"/><U72/><E72/><V23/><F111/><W58/><G58/><T116/><D114/><U85/><E70/><V88/><F119/><W26/><G89/><T134/><D134/><U91/><E0/><V16/><F128/><W101/><G101/><T39/><D7/><U46/><REACH who="1" step="1"/><E37/><REACH who="1" ten="280,368,139,203" step="2"/><V42/><F120/><W61/><G36/><T49/><D39/><U57/><E57/><N who="2" m="35135" /><F122/><W15/><G2/><T100/><D73/><U28/><E28/><V30/><F30/><N who="3" m="19543" /><G75/><T20/><D117/><U76/><E76/><V74/><F42/><W130/><G130/><T133/><D116/><U135/><E135/><V67/><F67/><W95/><G68/><T44/><REACH who="0" step="1"/><D133/><REACH who="0" ten="270,368,139,203" step="2"/><U131/><E131/><V65/><F65/><W112/><G64/><T25/><AGARI ba="1,2" hai="3,5,10,18,20,25,44,49,52,79,80,86,100,102" machi="25" ten="20,12000,2" yaku="1,1,2,1,0,1,7,1,54,1,53,1" doraHai="56" doraHaiUra="17" who="0" fromWho="0" sc="270,143,368,-61,139,-31,203,-31" /><INIT seed="6,0,0,2,2,32" ten="413,307,108,172" oya="2" hai0="58,4,22,94,120,116,61,35,33,103,47,52,110" hai1="124,123,44,65,131,36,31,85,76,88,74,125,2" hai2="25,72,0,49,75,5,108,111,112,105,43,102,9" hai3="1,99,71,11,38,83,69,30,14,126,29,64,86"/><V67/><F112/><W50/><G38/><T13/><D110/><N who="2" m="42026" /><F67/><W16/><G126/><N who="1" m="48746" /><E131/><V42/><F25/><W132/><G132/><T63/><D35/><U17/><E123/><V128/><F128/><W37/><G37/><T10/><D116/><U93/><E65/><V45/><F105/><W127/><G127/><T73/><D73/><N who="2" m="28234" /><F102/><W55/><G99/><T107/><D33/><U122/><E122/><V114/><F114/><W18/><G18/><T6/><D107/><U109/><E109/><V84/><F84/><W117/><G117/><T34/><D34/><U8/><E31/><V26/><F26/><W119/><G119/><T100/><D100/><U21/><E74/><V39/><F39/><W3/><G29/><T134/><D103/><U81/><E36/><V135/><F135/><W79/><G30/><T95/><D134/><U48/><E17/><V28/><F28/><W27/><G27/><T78/><D120/><U60/><E21/><V53/><AGARI ba="0,0" hai="0,5,9,42,43,45,49,53" m="28234,42026" machi="53" ten="30,3000,0" yaku="10,1,52,1" doraHai="32" who="2" fromWho="2" sc="413,-10,307,-10,108,30,172,-10" /><INIT seed="6,1,0,0,1,41" ten="403,297,138,162" oya="2" hai0="28,69,112,67,52,62,117,113,98,108,110,63,87" hai1="127,9,121,132,74,128,51,111,22,29,122,40,76" hai2="14,101,19,130,129,46,49,54,23,97,115,88,70" hai3="1,91,123,26,42,66,107,92,13,118,25,44,79"/><V58/><F70/><W37/><G1/><T85/><D28/><U43/><E111/><N who="0" m="42537" /><D98/><U39/><E127/><V124/><F124/><W134/><G123/><N who="1" m="47114" /><E132/><V27/><F115/><N who="0" m="44106" /><D117/><U120/><E128/><N who="2" m="49259" /><F88/><W3/><G66/><N who="0" m="41175" /><D52/><U99/><E120/><V94/><F27/><W82/><G26/><T84/><D84/><U72/><E72/><V73/><F73/><W48/><G25/><T65/><D65/><U4/><E74/><V45/><AGARI ba="1,0" hai="14,19,23,45,46,49,54,58,94,97,101" m="49259" machi="45" ten="30,6000,0" yaku="19,1,52,2" doraHai="41" who="2" fromWho="2" sc="403,-21,297,-21,138,63,162,-21" /><INIT seed="6,2,0,4,2,128" ten="382,276,201,141" oya="2" hai0="111,31,0,120,76,98,71,68,57,93,52,35,121" hai1="15,67,65,56,131,92,22,116,125,70,50,45,106" hai2="21,118,104,23,129,3,40,29,47,6,7,12,95" hai3="5,17,89,79,32,34,85,84,16,91,127,13,103"/><V24/><F118/><W112/><G127/><T135/><D111/><U74/><E116/><V28/><F104/><W54/><G112/><T27/><D0/><U108/><E108/><V117/><F117/><W96/><G79/><T90/><D135/><U100/><E125/><V25/><F3/><W51/><G5/><T86/><D76/><U83/><E131/><V41/><F129/><W80/><G32/><T4/><D4/><U38/><E106/><V107/><F107/><W30/><G30/><T97/><D71/><U105/><E105/><V59/><F59/><W134/><G34/><T58/><D58/><U69/><E74/><V123/><F123/><W87/><G17/><T42/><D42/><U72/><E72/><V20/><F95/><N who="3" m="58783" /><G134/><T124/><D68/><U44/><E83/><V48/><F41/><W75/><G75/><T37/><D124/><U10/><E22/><V60/><F60/><W43/><G43/><T39/><D121/><U73/><E69/><V99/><F99/><W130/><G130/><T132/><D132/><U78/><E56/><V113/><F113/><W2/><G91/><T88/><D98/><U94/><E44/><V46/><F47/><N who="3" m="28031" /><G2/><T81/><D120/><U19/><E92/><V133/><F133/><W8/><AGARI ba="2,0" hai="8,13,16,80,84,85,87,89" m="28031,58783" machi="8" ten="30,4000,0" yaku="25,1,8,1,54,1" doraHai="128" who="3" fromWho="3" sc="382,-12,276,-12,201,-22,141,46" /><INIT seed="7,0,0,0,5,73" ten="370,264,179,187" oya="3" hai0="21,90,17,26,120,62,101,25,69,72,9,41,123" hai1="131,53,80,65,112,111,126,117,39,42,113,104,37" hai2="55,6,33,3,36,105,95,1,2,99,84,121,100" hai3="66,60,81,22,68,47,96,135,115,82,16,102,29"/><W124/><G115/><N who="1" m="44106" /><E111/><V57/><F121/><W88/><G135/><T125/><D125/><U70/><E126/><V23/><F33/><W19/><G124/><T71/><D41/><U75/><E117/><V31/><F36/><N who="1" m="13897" /><E42/><V44/><F44/><W27/><G47/><T45/><D72/><U85/><E131/><V24/><F84/><W54/><G54/><T8/><D17/><U93/><E104/><V98/><F6/><W97/><G97/><T46/><D21/><U108/><E108/><V119/><F119/><W0/><G0/><T30/><D30/><U51/><E93/><V43/><F43/><W5/><G5/><T67/><D123/><U15/><E53/><V18/><F31/><W38/><G38/><T132/><D132/><U14/><E51/><V116/><F116/><W13/><G88/><T49/><D90/><N who="1" m="51495" /><E75/><V7/><F7/><W86/><G86/><T28/><D49/><U35/><E35/><V78/><F78/><W110/><G110/><T74/><D74/><U34/><E34/><V107/><REACH who="2" step="1"/><F99/><REACH who="2" ten="370,264,169,187" step="2"/><W63/><G19/><T91/><D120/><U134/><E134/><V118/><F118/><W77/><G77/><T130/><D28/><U58/><E70/><V122/><F122/><W11/><REACH who="3" step="1"/><G63/><AGARI ba="0,1" hai="14,15,58,63,65" m="51495,13897,44106" machi="63" ten="30,1000,0" yaku="15,1" doraHai="73" who="1" fromWho="3" sc="370,0,264,20,169,0,187,-10" /><AGARI ba="0,0" hai="1,2,3,18,23,24,55,57,63,95,98,100,105,107" machi="63" ten="40,1300,0" yaku="1,1,53,0" doraHai="73" doraHaiUra="61" who="2" fromWho="3" sc="370,0,284,0,169,13,177,-13" owari="370,48.0,284,8.0,182,-22.0,164,-34.0" /></mjloggm>