<mjloggm ver="2.3"><GO type="41" lobby="0"/><UN n0="%E7%A0%82%E7%B3%96%E7%BE%8A" n1="%66%53" n2="%E3%83%9E%E3%83%AC%E3%83%BC%E3%83%90%E3%82%AF" n3="%E2%93%9D%53%75%70%68%78" dan="15,15,13,17" rate="1979.70,1991.95,1852.77,2066.93" sx="M,M,M,M"/><TAIKYOKU oya="0"/><INIT seed="0,0,0,2,1,40" ten="250,250,250,250" oya="0" hai0="62,6,10,36,134,114,97,4,9,86,131,19,31" hai1="106,18,37,34,102,42,23,30,121,87,109,118,135" hai2="59,47,126,110,85,104,132,99,82,48,123,75,12" hai3="39,112,28,24,117,90,15,78,27,61,77,57,96"/><T69/><D134/><U74/><E74/><V113/><F110/><W25/><G39/><T80/><D131/><U95/><E109/><V93/><F113/><W84/><G117/><T103/><D31/><U43/><E121/><V38/><F123/><W56/><G56/><T53/><D36/><U65/><E118/><V89/><F38/><W76/><G96/><T128/><D128/><U49/><E106/><V129/><F126/><W130/><G112/><T60/><D114/><U29/><E65/><V115/><F115/><W2/><G2/><T17/><D69/><U116/><E34/><V68/><F59/><W0/><G0/><T94/><D10/><U5/><E5/><N who="0" m="2153" /><D9/><U127/><E127/><V16/><F68/><W55/><G15/><T20/><D53/><U119/><E37/><V122/><F122/><W41/><G41/><T100/><D100/><U11/><E135/><V92/><F132/><W1/><G1/><T107/><D107/><U101/><E11/><V63/><F129/><W120/><G130/><T32/><D32/><U46/><E42/><V81/><F104/><W51/><G120/><T8/><D8/><U133/><E133/><V108/><F108/><W21/><REACH who="3" step="1"/><G61/><REACH who="3" ten="250,250,250,240" step="2"/><N who="0" m="23659" /><D20/><U3/><E3/><V33/><F63/><W50/><G50/><T35/><D35/><U13/><E116/><V22/><F33/><W105/><G105/><T64/><D64/><U14/><E119/><V7/><F7/><W52/><G52/><T72/><D72/><U79/><E13/><V73/><F75/><W58/><G58/><T125/><D125/><U91/><E79/><AGARI ba="0,1" hai="17,19,79,80,86,94,97,103" m="23659,2153" machi="79" ten="30,2900,0" yaku="6,1,8,1" doraHai="40" who="0" fromWho="1" sc="250,39,250,-29,250,0,240,0" /><INIT seed="0,1,0,2,3,0" ten="289,221,250,240" oya="0" hai0="11,23,30,103,89,38,65,93,90,6,129,24,70" hai1="72,134,66,37,73,52,80,133,85,32,121,64,16" hai2="67,81,96,18,46,54,69,132,51,28,13,97,74" hai3="104,1,49,44,62,87,78,57,110,130,95,8,29"/><T107/><D129/><U120/><E37/><V25/><F132/><N who="1" m="50793" /><E32/><V79/><F67/><N who="1" m="25641" /><E52/><V100/><F69/><W10/><G110/><T50/><D38/><U31/><E31/><V21/><REACH who="2" step="1"/><F100/><REACH who="2" ten="289,221,240,240" step="2"/><W22/><G130/><T127/><D127/><U101/><E101/><V55/><F55/><W75/><G57/><T47/><D103/><U41/><E41/><V116/><F116/><W15/><G44/><T135/><D135/><U126/><E126/><V12/><F12/><W106/><G15/><T91/><D107/><U83/><E120/><V40/><F40/><W125/><G106/><T71/><D65/><U42/><E42/><V63/><F63/><W45/><G62/><T60/><D60/><U82/><E121/><V94/><F94/><W68/><G95/><T56/><D71/><U59/><E59/><V124/><F124/><W118/><G104/><T58/><D70/><U36/><E36/><V98/><F98/><W122/><G68/><T26/><D26/><U5/><E85/><V2/><F2/><W117/><G87/><T53/><REACH who="0" step="1"/><D93/><REACH who="0" ten="279,221,240,240" step="2"/><U88/><E72/><V43/><F43/><W114/><G125/><T61/><D61/><U86/><E73/><V27/><F27/><W77/><G75/><T108/><D108/><U19/><E80/><V131/><F131/><W92/><G92/><T17/><D17/><N who="1" m="6731" /><E83/><V14/><F14/><AGARI ba="1,2" hai="6,11,14,23,24,30,47,50,53,56,58,89,90,91" machi="14" ten="40,18000,2" yaku="1,1,8,1,52,1,53,3" doraHai="0" doraHaiUra="84" who="0" fromWho="2" sc="279,203,221,0,240,-183,240,0" /><INIT seed="0,2,0,5,2,12" ten="482,221,57,240" oya="0" hai0="34,22,3,71,125,53,129,113,109,54,75,66,31" hai1="60,18,4,87,115,28,74,83,131,63,41,21,89" hai2="62,105,116,69,23,110,1,84,123,93,85,56,67" hai3="121,68,92,44,103,6,29,108,50,79,26,30,132"/><T124/><D3/><U33/><E131/><V106/><F110/><W88/><G68/><T46/><D75/><U91/><E115/><V111/><F111/><W112/><G112/><T100/><D109/><U86/><E74/><V19/><F123/><W47/><G132/><T40/><D113/><U0/><E41/><V32/><F1/><W114/><G103/><T25/><D129/><U57/><E33/><V13/><F32/><W59/><G6/><T104/><D22/><U42/><E28/><V120/><F120/><W78/><G121/><T52/><D40/><U43/><E4/><V80/><F116/><W77/><G114/><T17/><D17/><U27/><E60/><V73/><F73/><W45/><G26/><T9/><D9/><U134/><E134/><V61/><F85/><N who="3" m="52239" /><G108/><T97/><D46/><N who="3" m="17449" /><G59/><T16/><D16/><U99/><E0/><V135/><F93/><W10/><G10/><T127/><D54/><AGARI ba="2,0" hai="29,30,45,50,54,77,78,79" m="17449,52239" machi="54" ten="30,2000,0" yaku="8,1,54,1" doraHai="12" who="3" fromWho="0" sc="482,-26,221,0,57,0,240,26" /><INIT seed="1,0,0,1,1,92" ten="456,221,57,266" oya="1" hai0="65,76,51,134,124,52,129,49,19,82,81,99,71" hai1="8,130,41,102,53,127,21,36,33,34,14,115,74" hai2="57,64,119,1,42,126,86,43,2,122,40,132,89" hai3="3,91,38,59,72,113,67,111,83,30,20,123,0"/><U114/><E74/><V47/><F119/><W135/><G113/><T84/><D124/><U70/><E127/><V17/><F126/><W109/><G123/><T120/><D134/><U98/><E130/><V117/><F122/><W55/><G67/><T94/><D129/><U35/><E70/><V101/><F101/><W118/><G38/><T87/><D120/><U22/><E53/><V95/><F117/><W12/><G135/><T31/><D31/><U16/><E41/><V69/><F69/><W116/><G91/><T37/><D37/><U80/><E80/><V11/><F47/><W93/><G93/><T9/><D65/><U25/><E36/><V26/><F132/><W131/><G83/><T97/><D71/><U32/><N who="1" m="8192" /><DORA hai="128" /><U5/><REACH who="1" step="1"/><E22/><REACH who="1" ten="456,211,57,266" step="2"/><V104/><F11/><W107/><G131/><T96/><D52/><U44/><E44/><V79/><F64/><W85/><G118/><T46/><D46/><U54/><E54/><V90/><F57/><W24/><G116/><T125/><D125/><U112/><E112/><V39/><F39/><W77/><G59/><T110/><D82/><U18/><E18/><V13/><F43/><W88/><G55/><T4/><D19/><U75/><E75/><V62/><F42/><W100/><G72/><T105/><D4/><U58/><E58/><V10/><F40/><W48/><G20/><T6/><D6/><U106/><AGARI ba="0,1" hai="5,8,14,16,21,25,98,102,106,114,115" m="8192" machi="106" ten="60,18000,2" yaku="1,1,0,1,52,1,54,1,53,2" doraHai="92,128" doraHaiUra="133,108" who="1" fromWho="1" sc="456,-60,211,190,57,-60,266,-60" owari="396,20.0,401,49.0,-3,-50.0,206,-19.0" /></mjloggm>