<mjloggm ver="2.3"><GO type="41" lobby="0"/><UN n0="%4E%69%79%61%63%63%68%69" n1="%72%79%6F%31%37" n2="%E3%81%99%E3%81%AE%E3%81%A4%E3%81%8F%E4%BA%BA" n3="%E2%93%9D%53%75%70%68%78" dan="13,15,15,16" rate="1866.25,1947.60,1994.73,2028.86" sx="M,M,M,M"/><TAIKYOKU oya="0"/><INIT seed="0,0,0,3,0,109" ten="250,250,250,250" oya="0" hai0="124,89,100,101,39,57,15,32,55,73,80,34,38" hai1="1,26,117,58,42,95,50,20,84,14,23,17,67" hai2="120,129,28,134,119,90,88,108,48,33,68,131,64" hai3="123,97,116,104,65,71,112,114,51,78,103,126,19"/><T77/><D124/><U30/><E117/><V107/><F107/><W59/><G116/><T91/><D15/><U21/><E1/><V66/><F108/><W60/><G126/><T110/><D110/><U76/><E42/><V111/><F111/><W54/><G123/><T122/><D122/><U70/><E70/><V102/><F102/><W31/><G78/><T127/><D127/><U75/><E75/><V9/><F134/><W10/><REACH who="3" step="1"/><G31/><REACH who="3" ten="250,250,250,240" step="2"/><T16/><D77/><U135/><E76/><V44/><F119/><W106/><G106/><T46/><D73/><U94/><E135/><V5/><F120/><W25/><G25/><T128/><D128/><U0/><E30/><V85/><F28/><W96/><G96/><T24/><D24/><U99/><E99/><V22/><F131/><W83/><G83/><T4/><D80/><U7/><E26/><V13/><F129/><W79/><G79/><T12/><D32/><U37/><E95/><V56/><F33/><W98/><G98/><T40/><D34/><U62/><E94/><V6/><F85/><W53/><G53/><T118/><D118/><U45/><E84/><V81/><F81/><W72/><G72/><T27/><D27/><U115/><E67/><V113/><F66/><W61/><G61/><N who="0" m="36031" /><D4/><U49/><E7/><V82/><F6/><W18/><G18/><T29/><D29/><U121/><E17/><V74/><F5/><W87/><G87/><T52/><D52/><U133/><E121/><V125/><F125/><W93/><G93/><T63/><D63/><U92/><E133/><V11/><F74/><RYUUKYOKU ba="0,1" sc="250,-10,250,-10,250,-10,240,30" hai3="10,19,51,54,59,60,65,71,97,103,104,112,114" /><INIT seed="1,1,1,0,5,2" ten="240,240,240,270" oya="1" hai0="126,104,135,106,73,77,57,16,105,10,0,46,80" hai1="129,62,44,79,116,98,6,69,26,122,75,27,5" hai2="37,113,76,8,91,74,35,85,114,15,34,101,130" hai3="21,96,121,82,56,93,54,66,9,103,131,112,22"/><U95/><E122/><V67/><F37/><W71/><G121/><T28/><D126/><U133/><E116/><V88/><F67/><W53/><G112/><N who="2" m="43113" /><F101/><W39/><G131/><T29/><D135/><U89/><E129/><V25/><F74/><W109/><G109/><T20/><D57/><U1/><E133/><V33/><F130/><W14/><G71/><T125/><D125/><U24/><E1/><V48/><F48/><W86/><G66/><T45/><D28/><U90/><E69/><V23/><F76/><W38/><G38/><T111/><D111/><U55/><E75/><V58/><F58/><W61/><G54/><T134/><D29/><U17/><E79/><V78/><F78/><N who="3" m="46423" /><G39/><T3/><D3/><U118/><E118/><V18/><F85/><W132/><G132/><T47/><D134/><U59/><E44/><V84/><F84/><W123/><G123/><T32/><D32/><U100/><E17/><AGARI ba="1,1" hai="8,15,17,18,23,25,33,34,35,88,91" m="43113" machi="17" ten="40,2600,0" yaku="11,1,54,1" doraHai="2" who="2" fromWho="1" sc="240,0,240,-29,240,39,270,0" /><AGARI ba="1,0" hai="9,14,17,21,22,53,56,61,93,96,103" m="46423" machi="17" ten="30,1000,0" yaku="8,1" doraHai="2" who="3" fromWho="1" sc="240,0,211,-10,279,0,270,10" /><INIT seed="2,0,0,2,1,109" ten="240,201,279,280" oya="2" hai0="43,118,14,36,15,1,97,0,60,104,117,59,6" hai1="11,124,57,29,99,8,26,18,28,123,46,61,50" hai2="132,125,30,83,35,48,130,71,53,16,12,87,78" hai3="44,133,65,107,52,122,33,66,94,5,116,27,91"/><V68/><F125/><W119/><G107/><T41/><D104/><U73/><E73/><V103/><F130/><W135/><G5/><T128/><D97/><U22/><E124/><V100/><F132/><N who="3" m="50763" /><G33/><T51/><D51/><U72/><E72/><V31/><F35/><W92/><G27/><T56/><D60/><U55/><E123/><V54/><F71/><W129/><G122/><T110/><D110/><U90/><E29/><N who="2" m="10763" /><F68/><W49/><G94/><T58/><D36/><U80/><E28/><V77/><F77/><W21/><G21/><T17/><D17/><U67/><E80/><V24/><F24/><W101/><G101/><N who="2" m="38985" /><F48/><W10/><G129/><T32/><D128/><U23/><E23/><AGARI ba="0,0" hai="12,16,23,53,54,78,83,87" m="38985,10763" machi="23" ten="30,2900,0" yaku="8,1,54,1" doraHai="109" who="2" fromWho="1" sc="240,0,201,-29,279,29,280,0" /><INIT seed="2,1,0,4,5,30" ten="240,172,308,280" oya="2" hai0="37,9,73,3,0,52,75,98,61,127,85,79,130" hai1="43,72,129,65,68,66,81,48,107,117,102,63,28" hai2="64,67,91,35,87,36,39,100,46,18,42,110,105" hai3="128,93,1,8,88,56,34,54,131,2,31,7,125"/><V133/><F133/><W17/><G125/><T22/><D130/><N who="3" m="49705" /><G17/><T89/><D127/><U33/><E129/><V76/><F39/><W26/><G56/><T27/><D37/><U114/><E114/><V25/><F76/><W71/><G54/><T112/><D112/><U6/><E117/><V103/><F110/><W15/><G71/><T10/><D98/><AGARI ba="1,0" hai="1,2,7,8,15,26,31,34,88,93,98" m="49705" machi="98" ten="30,3900,0" yaku="19,1,52,1,54,1" doraHai="30" who="3" fromWho="0" sc="240,-42,172,0,308,0,280,42" /><INIT seed="3,0,0,3,0,124" ten="198,172,308,322" oya="3" hai0="24,89,91,65,100,18,96,103,109,3,119,10,32" hai1="75,19,6,13,23,72,44,37,46,82,47,92,112" hai2="29,93,31,117,53,17,21,94,84,134,78,99,8" hai3="50,101,95,118,30,57,59,48,130,71,85,12,25"/><W77/><G71/><T70/><D109/><U20/><E112/><V9/><F134/><W106/><G106/><T39/><D39/><U40/><E6/><V56/><F117/><W122/><G122/><T35/><D119/><U61/><E61/><V7/><F9/><W113/><G113/><T133/><D133/><U55/><E55/><V62/><F78/><W28/><G12/><T2/><D18/><U127/><E127/><V43/><F43/><W34/><G34/><T83/><D83/><U69/><E69/><V58/><F56/><W4/><G4/><T108/><D108/><U129/><E23/><V14/><F84/><W22/><G30/><T104/><D10/><U102/><E82/><V26/><F94/><W132/><G118/><T125/><D125/><U107/><E107/><V38/><REACH who="2" step="1"/><F38/><REACH who="2" ten="198,172,298,322" step="2"/><W36/><G36/><T126/><D126/><U110/><E110/><V90/><AGARI ba="0,1" hai="7,8,14,17,21,26,29,31,53,58,62,90,93,99" machi="90" ten="20,16000,3" yaku="1,1,2,1,0,1,7,1,25,2,8,1,53,1" doraHai="124" doraHaiUra="0" who="2" fromWho="2" sc="198,-40,172,-40,298,170,322,-80" /><INIT seed="4,0,0,3,1,129" ten="158,132,468,242" oya="0" hai0="121,15,79,73,124,63,80,3,2,23,75,68,4" hai1="131,52,18,60,20,94,95,87,57,66,91,93,46" hai2="12,28,25,88,119,34,16,76,38,48,116,26,8" hai3="97,65,106,50,77,118,103,85,59,72,92,86,99"/><T107/><D121/><U42/><E66/><V19/><F38/><W127/><G50/><T10/><D124/><U14/><REACH who="1" step="1"/><E131/><REACH who="1" ten="158,122,468,242" step="2"/><V112/><F112/><W70/><G65/><T56/><D68/><U135/><E135/><V47/><F119/><W22/><G70/><T82/><D107/><U53/><E53/><V41/><F116/><W9/><G106/><T33/><D33/><U49/><AGARI ba="0,1" hai="14,18,20,42,46,49,52,57,60,87,91,93,94,95" machi="49" ten="20,8000,1" yaku="1,1,0,1,7,1,8,1,54,1,53,0" doraHai="129" doraHaiUra="134" who="1" fromWho="1" sc="158,-40,122,90,468,-20,242,-20" /><INIT seed="5,0,0,3,3,72" ten="118,212,448,222" oya="1" hai0="58,36,1,38,22,42,46,23,132,101,111,37,29" hai1="62,103,65,53,106,39,86,115,47,107,74,114,94" hai2="124,98,45,12,56,102,43,66,33,31,89,128,57" hai3="93,44,84,92,95,91,119,78,25,55,13,21,73"/><U16/><E74/><V7/><F124/><W9/><G119/><T34/><D111/><U49/><E39/><V41/><F33/><W19/><G73/><T18/><D132/><U59/><E16/><V71/><F31/><W70/><G70/><T125/><D125/><U120/><E120/><V26/><F26/><W79/><G44/><T100/><D1/><U35/><E35/><V4/><F71/><W134/><G55/><T87/><D34/><U129/><E129/><V76/><F76/><N who="3" m="29227" /><G134/><T130/><D130/><U64/><E64/><V127/><F45/><W121/><G121/><T113/><D113/><N who="1" m="43019" /><E86/><V60/><F66/><W10/><G10/><T24/><D58/><U30/><E30/><AGARI ba="0,0" hai="9,13,19,21,25,30,84,91,92,93,95" m="29227" machi="30" ten="30,7700,0" yaku="8,1,52,3" doraHai="72" who="3" fromWho="1" sc="118,0,212,-77,448,0,222,77" /><INIT seed="6,0,0,3,5,110" ten="118,135,448,299" oya="2" hai0="20,117,91,49,47,68,72,129,66,75,62,86,1" hai1="81,102,112,10,95,125,105,97,26,19,135,41,8" hai2="12,24,46,32,7,131,132,30,111,120,31,45,22" hai3="35,74,51,90,29,13,64,109,70,85,116,108,122"/><V37/><F120/><W104/><G116/><T57/><D129/><U60/><E135/><V107/><F107/><W114/><G74/><T63/><D117/><U16/><E125/><V123/><F123/><W36/><G36/><T11/><D1/><U42/><E105/><V93/><F131/><W44/><G35/><T113/><D11/><U94/><E81/><V128/><F128/><W96/><G29/><T79/><D79/><U6/><E60/><V67/><F67/><W124/><G70/><T18/><D113/><U106/><E106/><V73/><F132/><W78/><G114/><T50/><D72/><U65/><E65/><V126/><F73/><W130/><G124/><T80/><D75/><U127/><E127/><V40/><F111/><W34/><G34/><T33/><D33/><U17/><E112/><V53/><F93/><W103/><G78/><T121/><D121/><U101/><E26/><V71/><F71/><W2/><G2/><T43/><D68/><U77/><E77/><V56/><F46/><W25/><G122/><T59/><D66/><U3/><E10/><N who="2" m="4191" /><F32/><W48/><G109/><T9/><D9/><U14/><E3/><V76/><F76/><W98/><G104/><T134/><D134/><U55/><E55/><V54/><F54/><W87/><G64/><T23/><D23/><U99/><AGARI ba="0,0" hai="6,8,14,16,17,19,41,42,94,95,97,99,101,102" machi="99" ten="30,7900,0" yaku="0,1,9,1,8,1,54,1" doraHai="110" who="1" fromWho="1" sc="118,-20,135,79,448,-39,299,-20" /><INIT seed="7,0,0,0,0,84" ten="98,214,409,279" oya="3" hai0="30,45,126,51,53,117,116,7,54,9,42,120,20" hai1="99,23,79,107,46,92,31,24,19,26,73,90,83" hai2="14,25,114,106,44,13,113,8,65,39,1,71,0" hai3="32,63,103,16,15,52,22,78,49,68,48,94,110"/><W47/><G32/><T87/><D120/><U38/><E107/><V98/><F25/><W135/><G135/><T130/><D117/><U72/><E72/><V33/><F33/><W109/><G78/><T12/><D116/><U108/><E108/><N who="3" m="41578" /><G49/><T3/><D126/><U35/><E46/><V88/><F14/><W77/><G77/><T81/><D130/><U60/><E60/><N who="2" m="40359" /><F44/><W119/><G119/><T91/><REACH who="0" step="1"/><D3/><REACH who="0" ten="88,214,409,279" step="2"/><U6/><E38/><V105/><F1/><W124/><G124/><T80/><D80/><U62/><E62/><V118/><F0/><W95/><G103/><T89/><D89/><U4/><AGARI ba="0,1" hai="4,6,19,23,24,26,31,35,73,79,83,90,92,99" machi="4" ten="30,2000,0" yaku="0,1,52,1" doraHai="84" who="1" fromWho="1" sc="88,-5,214,30,409,-5,279,-10" owari="83,-42.0,244,-16.0,404,51.0,269,7.0" /></mjloggm>