<mjloggm ver="2.3"><GO type="41" lobby="0"/><UN n0="%E6%B0%B8%E9%81%A0%E3%80%81%32%30%32%31" n1="%E3%83%89%E3%83%AD%E3%83%89%E3%83%AD" n2="%E2%93%9D%53%75%70%68%78" n3="%E3%81%88%E3%81%A6%E3%81%93%E3%81%86%6E" dan="14,15,19,15" rate="1875.48,2062.80,2084.11,2021.20" sx="M,M,M,F"/><TAIKYOKU oya="0"/><INIT seed="0,0,0,0,4,69" ten="250,250,250,250" oya="0" hai0="71,34,121,44,109,120,128,135,24,54,62,113,89" hai1="27,86,106,20,8,5,79,84,33,73,53,112,14" hai2="74,97,23,35,28,48,111,51,10,66,134,3,7" hai3="1,29,70,68,105,37,63,80,129,102,92,110,16"/><T64/><D113/><U57/><E106/><V56/><F74/><W83/><G105/><T126/><D109/><U114/><E33/><V93/><F35/><W122/><G1/><T85/><D126/><U26/><E26/><V42/><F134/><W130/><G29/><T99/><D135/><U43/><E43/><V40/><F111/><W50/><G50/><T18/><D128/><U32/><E32/><V100/><F51/><W61/><G92/><T22/><D34/><U116/><E116/><V45/><F42/><W0/><G110/><T19/><D99/><U4/><E5/><V6/><F10/><W131/><G102/><T119/><D119/><U30/><E73/><V82/><F82/><W78/><G122/><T107/><D107/><U9/><E9/><V58/><F58/><W65/><G0/><T115/><D115/><N who="1" m="44075" /><E79/><V38/><F3/><W118/><G118/><T123/><D54/><U72/><E72/><V60/><F38/><W31/><G31/><T124/><D44/><U132/><E132/><V52/><F40/><W12/><G37/><T95/><D124/><U41/><E41/><V13/><REACH who="2" step="1"/><F13/><REACH who="2" ten="250,250,240,250" step="2"/><W88/><G83/><T49/><D49/><AGARI ba="0,1" hai="4,8,14,20,27,30,49,53,57,84,86" m="44075" machi="49" ten="30,1000,0" yaku="11,1" doraHai="69" who="1" fromWho="0" sc="250,-10,250,20,240,0,250,0" /><INIT seed="1,0,0,2,0,131" ten="240,270,240,250" oya="1" hai0="130,95,82,42,117,19,39,135,59,53,132,35,101" hai1="125,109,13,77,63,58,127,43,85,110,44,6,113" hai2="71,67,94,100,79,29,75,128,9,123,134,103,126" hai3="51,68,40,34,89,87,54,69,112,83,48,3,98"/><U120/><E77/><V5/><F123/><W119/><G3/><T20/><D117/><U81/><E81/><V27/><F126/><N who="1" m="48137" /><E85/><V105/><F94/><W11/><G34/><T97/><D35/><U129/><E13/><V25/><F25/><W2/><G119/><T115/><D115/><U33/><E6/><V72/><F103/><W50/><G40/><T111/><D111/><N who="1" m="42507" /><E33/><V74/><F79/><W122/><G112/><T1/><D1/><U47/><E113/><V31/><F75/><W96/><G122/><T18/><D130/><U23/><E23/><V80/><F74/><W108/><G54/><T84/><D42/><U62/><E129/><V37/><F72/><W91/><G108/><T114/><D39/><N who="1" m="21631" /><E120/><V121/><F5/><W36/><G98/><T86/><D114/><U14/><E14/><V49/><F121/><W73/><G96/><T26/><D18/><U28/><E28/><V90/><F31/><W61/><G73/><T65/><D65/><N who="1" m="39127" /><E63/><V70/><F29/><W32/><G61/><N who="0" m="36079" /><D82/><U17/><E17/><V15/><F80/><W8/><G83/><T52/><D52/><U133/><E47/><V0/><F128/><W45/><G45/><T93/><D93/><U55/><E55/><V118/><F118/><W92/><G87/><T99/><D99/><U7/><E7/><V21/><F67/><W106/><G32/><T78/><D78/><U102/><E102/><V41/><F100/><W38/><G8/><T60/><D60/><U107/><E107/><V116/><F116/><W24/><G106/><T57/><D57/><U10/><E10/><RYUUKYOKU ba="0,0" sc="240,15,270,15,240,-15,250,-15" hai0="19,20,26,84,86,95,97,101,132,135" hai1="133" /><INIT seed="1,1,0,3,4,6" ten="255,285,225,235" oya="1" hai0="1,67,48,11,16,83,43,114,12,111,77,39,9" hai1="42,19,53,69,88,106,94,93,126,8,45,61,63" hai2="90,35,116,30,60,128,122,104,74,29,117,0,15" hai3="134,84,50,22,133,73,101,125,58,40,66,132,71"/><U127/><E106/><V57/><F122/><W123/><G73/><T37/><D114/><U103/><E69/><V121/><F121/><W99/><G123/><T64/><D111/><U72/><E72/><V95/><F0/><W110/><G22/><T89/><D89/><U2/><E94/><V82/><F128/><W46/><G84/><T5/><D39/><U65/><E103/><V100/><F35/><W81/><G81/><T105/><D105/><U96/><E53/><V86/><F15/><W109/><G101/><T24/><D24/><U26/><E26/><V28/><F104/><W54/><G99/><T85/><D37/><U87/><E87/><V56/><F56/><W18/><G18/><T14/><D1/><U44/><E44/><AGARI ba="1,0" hai="5,9,11,12,14,16,43,44,48,64,67,77,83,85" machi="44" ten="40,12000,2" yaku="25,2,8,1,52,2,54,1" doraHai="6" who="0" fromWho="1" sc="255,123,285,-123,225,0,235,0" /><INIT seed="2,0,0,4,2,57" ten="378,162,225,235" oya="2" hai0="124,99,58,78,130,122,114,128,7,93,95,47,66" hai1="104,28,3,37,113,30,38,103,41,19,31,106,40" hai2="121,49,68,77,44,55,131,53,80,86,71,50,74" hai3="34,75,39,118,84,52,126,123,20,88,46,132,83"/><V94/><F121/><W4/><G123/><T17/><D122/><U100/><E100/><V1/><BYE who="1" /><F1/><W115/><G118/><T79/><D114/><U65/><E65/><V42/><F131/><N who="0" m="50218" /><D124/><U87/><E87/><V54/><F74/><W35/><G126/><T0/><D47/><UN n1="%E3%83%89%E3%83%AD%E3%83%89%E3%83%AD" /><U25/><E25/><V112/><F112/><W127/><G75/><T13/><D7/><U70/><E103/><V60/><F94/><N who="0" m="35850" /><D99/><U91/><E91/><V8/><F50/><W92/><G132/><T125/><D0/><U116/><E70/><V105/><F105/><N who="1" m="40553" /><E3/><V61/><REACH who="2" step="1"/><F8/><REACH who="2" ten="378,162,215,235" step="2"/><W119/><G115/><T51/><D125/><U97/><E113/><V63/><AGARI ba="0,1" hai="42,44,49,53,54,55,60,61,63,68,71,77,80,86" machi="63" ten="30,18000,2" yaku="1,1,2,1,0,1,52,3,53,0" doraHai="57" doraHaiUra="107" who="2" fromWho="2" sc="378,-60,162,-60,215,190,235,-60" /><INIT seed="2,1,0,0,3,112" ten="318,102,405,175" oya="2" hai0="60,109,130,125,99,68,104,120,121,18,122,23,97" hai1="13,9,36,128,66,96,44,26,116,92,127,64,103" hai2="38,49,29,34,100,63,19,48,71,83,4,8,0" hai3="50,55,81,91,134,94,53,33,95,2,88,46,72"/><V5/><F38/><W11/><G33/><T62/><D109/><U80/><E127/><V24/><F5/><W42/><G134/><T123/><D125/><U57/><E128/><V61/><F100/><W40/><G72/><T1/><D1/><U56/><E116/><V45/><F49/><W98/><G81/><T20/><D104/><U89/><E26/><V87/><F71/><W21/><G40/><T132/><D68/><U111/><E36/><V69/><F69/><W39/><G39/><T75/><D75/><U37/><E37/><V12/><F0/><W78/><G78/><T76/><D132/><U85/><E44/><V126/><F126/><W105/><G105/><T115/><D115/><U86/><E111/><V59/><F59/><W82/><G82/><T10/><D130/><U84/><E84/><V131/><F131/><W31/><G11/><T79/><D10/><U124/><E124/><V35/><F35/><W43/><G43/><T51/><D51/><U118/><E118/><V28/><F28/><W17/><G31/><T3/><D3/><U25/><E25/><V113/><F4/><W6/><G6/><T90/><D90/><U30/><E30/><V106/><F106/><W14/><G2/><T16/><D123/><U67/><REACH who="1" step="1"/><E86/><AGARI ba="1,0" hai="14,17,21,42,46,50,53,55,86,88,91,94,95,98" machi="86" ten="30,3900,0" yaku="7,1,8,1,54,1" doraHai="112" who="3" fromWho="1" sc="318,0,102,-42,405,0,175,42" /><INIT seed="3,0,0,3,1,16" ten="318,60,405,217" oya="3" hai0="99,98,66,37,93,18,47,67,45,29,123,70,31" hai1="127,113,101,51,10,135,133,103,116,69,124,2,7" hai2="86,108,58,79,0,40,77,91,134,80,50,121,107" hai3="26,84,83,44,106,19,111,90,21,3,92,43,75"/><W38/><G3/><T105/><D123/><U25/><E69/><V88/><F108/><W72/><G106/><T118/><D105/><U117/><E113/><V34/><F34/><W85/><REACH who="3" step="1"/><G111/><REACH who="3" ten="318,60,405,207" step="2"/><T73/><D118/><N who="1" m="45675" /><E51/><V62/><F0/><W22/><G22/><T15/><D37/><U74/><E74/><V27/><F50/><W94/><G94/><T56/><D73/><U76/><E76/><AGARI ba="0,1" hai="19,21,26,38,43,44,72,75,76,83,84,85,90,92" machi="76" ten="30,11600,0" yaku="1,1,7,1,52,1,53,1" doraHai="16" doraHaiUra="20" who="3" fromWho="1" sc="318,0,60,-116,405,0,207,126" owari="318,-8.0,-56,-56.0,405,51.0,333,13.0" /></mjloggm>