<mjloggm ver="2.3"><GO type="41" lobby="0"/><UN n0="%E3%81%97%E3%82%89%E3%81%84%E3%81%97%E3%81%BE%E3%81%84" n1="%E3%81%97%E3%81%9F%E3%81%86%E3%81%91" n2="%E2%93%9D%53%75%70%68%78" n3="%E3%81%82%E3%83%BC%E3%82%8B%E3%81%97%E3%81%A6%E3%83%BC" dan="16,13,18,15" rate="2110.90,1905.31,2081.56,1979.50" sx="M,M,M,M"/><TAIKYOKU oya="0"/><INIT seed="0,0,0,5,1,2" ten="250,250,250,250" oya="0" hai0="131,49,73,80,122,40,63,12,91,65,3,115,104" hai1="71,27,84,128,92,32,74,28,123,48,8,116,99" hai2="86,118,47,90,82,132,133,81,54,18,117,51,53" hai3="129,124,22,87,50,67,69,121,97,79,135,98,125"/><T9/><D122/><U66/><E74/><V100/><F100/><W10/><G121/><T77/><D131/><U25/><E116/><N who="2" m="44651" /><F18/><W56/><G69/><T41/><D115/><U13/><E25/><V103/><F103/><W20/><G129/><T60/><D104/><U16/><E128/><V89/><F54/><N who="3" m="31831" /><G67/><T61/><D3/><U31/><E31/><V88/><F82/><N who="3" m="47583" /><G10/><T105/><D105/><U1/><E84/><V42/><F53/><W110/><G110/><T26/><D65/><U75/><E75/><V62/><F62/><W85/><G85/><T108/><D108/><U15/><E66/><V70/><F70/><W72/><G72/><T24/><D91/><AGARI ba="0,0" hai="42,47,51,81,86,88,89,90,91,132,133" m="44651" machi="91" ten="30,2000,0" yaku="12,1,54,1" doraHai="2" who="2" fromWho="0" sc="250,-20,250,0,250,20,250,0" /><INIT seed="1,0,0,2,5,65" ten="230,250,270,250" oya="1" hai0="66,99,70,57,106,87,47,16,50,83,108,39,33" hai1="14,75,2,94,132,51,72,93,43,60,23,59,114" hai2="131,41,1,84,116,20,98,79,61,118,90,7,112" hai3="76,35,129,91,109,58,122,8,67,104,78,18,34"/><U125/><E114/><V120/><F120/><W36/><G36/><T124/><D33/><U107/><E2/><V127/><F41/><W40/><G122/><T48/><D108/><U100/><E107/><V73/><F20/><W85/><G104/><T95/><D106/><U24/><E14/><V0/><F61/><W88/><G129/><T29/><D29/><U80/><E125/><V63/><F63/><W135/><G135/><T102/><D124/><U4/><E4/><V37/><F37/><W113/><G113/><T68/><D39/><U42/><E72/><V9/><F131/><W97/><G40/><T56/><D56/><U134/><E93/><V13/><F79/><W45/><G45/><T30/><D30/><U17/><E80/><V26/><F73/><W10/><G109/><T82/><D82/><U22/><E22/><V12/><F1/><W3/><G3/><T81/><D83/><U89/><E75/><V105/><F112/><W130/><G130/><T53/><D16/><U21/><E21/><V115/><F127/><W52/><G67/><T74/><D74/><U111/><E100/><N who="2" m="62615" /><F115/><W119/><G119/><T6/><D6/><U123/><E123/><V133/><F133/><N who="1" m="51305" /><E51/><V54/><F118/><W110/><G110/><T126/><D126/><U31/><E31/><V46/><F116/><W32/><G18/><T15/><D15/><U27/><E27/><V28/><F26/><W128/><G128/><T64/><D70/><U44/><E111/><V62/><F28/><W11/><G78/><N who="0" m="46519" /><D68/><U101/><E24/><V77/><F77/><W25/><G76/><RYUUKYOKU ba="0,0" sc="230,30,250,-10,270,-10,250,-10" hai0="47,48,50,53,57,64,66,95,99,102" /><INIT seed="2,1,0,0,4,16" ten="260,240,260,240" oya="2" hai0="42,100,7,0,74,79,82,14,49,23,89,121,88" hai1="130,70,50,116,33,101,61,95,108,115,29,91,56" hai2="69,17,78,12,2,41,36,117,19,38,66,94,37" hai3="87,51,96,48,18,92,127,6,62,119,104,107,63"/><V97/><F2/><W106/><G119/><T40/><D121/><U31/><E116/><V84/><F117/><W72/><G72/><T99/><D0/><U24/><E115/><V81/><F69/><W43/><G127/><T15/><D15/><U58/><E130/><V46/><F66/><W109/><G109/><T110/><D110/><U103/><E70/><V47/><F19/><W55/><G43/><T27/><D14/><U129/><E129/><V8/><REACH who="2" step="1"/><F47/><REACH who="2" ten="260,240,250,240" step="2"/><W118/><G18/><T120/><D7/><U125/><E108/><V22/><F22/><W83/><G6/><T93/><D120/><U114/><E114/><V34/><F34/><W105/><G118/><T77/><D77/><U76/><E76/><V131/><F131/><W111/><G111/><T57/><D57/><U32/><E33/><V11/><F11/><W35/><G35/><T128/><D128/><U85/><E125/><V132/><F132/><W52/><G63/><T30/><D42/><U126/><E126/><V71/><F71/><W25/><N who="3" m="26624" /><DORA hai="112" /><W60/><G62/><T90/><D40/><U53/><REACH who="1" step="1"/><E31/><REACH who="1" ten="260,230,250,240" step="2"/><V124/><F124/><W68/><G68/><T80/><D30/><U65/><AGARI ba="1,2" hai="24,29,32,50,53,56,58,61,65,85,91,95,101,103" machi="65" ten="20,8000,1" yaku="1,1,2,1,0,1,7,1,53,1" doraHai="16,112" doraHaiUra="86,4" who="1" fromWho="1" sc="260,-21,230,103,250,-41,240,-21" /><INIT seed="3,0,0,4,0,90" ten="239,333,209,219" oya="3" hai0="2,126,5,16,9,111,124,1,38,128,18,15,48" hai1="60,76,53,31,89,81,26,59,73,92,106,20,118" hai2="30,122,71,133,24,4,3,55,120,47,123,34,50" hai3="13,23,95,105,44,94,107,117,66,82,84,80,36"/><W33/><G33/><T119/><D38/><U96/><REACH who="1" step="1"/><E106/><REACH who="1" ten="239,323,209,219" step="2"/><V56/><F133/><W74/><G107/><T51/><D111/><U72/><E72/><V14/><F71/><W85/><G105/><T86/><D128/><U19/><E19/><V11/><REACH who="2" step="1"/><F56/><REACH who="2" ten="239,323,199,219" step="2"/><W121/><G121/><T116/><D119/><AGARI ba="0,2" hai="20,26,31,53,59,60,73,76,81,89,92,96,118,119" machi="119" ten="40,5200,0" yaku="21,2,52,1,53,0" doraHai="90" doraHaiUra="101" who="1" fromWho="0" sc="239,-52,323,72,199,0,219,0" /><INIT seed="4,0,0,4,1,109" ten="187,395,199,219" oya="0" hai0="61,108,84,45,64,6,80,40,49,71,93,22,114" hai1="19,1,44,89,66,16,30,130,112,41,88,47,131" hai2="98,68,128,96,94,51,132,67,18,124,0,116,12" hai3="65,54,63,70,75,56,117,59,28,102,43,23,119"/><T110/><D6/><U126/><E1/><V122/><F122/><W123/><G75/><T121/><D121/><U3/><E3/><V118/><F0/><W103/><G123/><T69/><D93/><U21/><E66/><V24/><F128/><N who="1" m="49193" /><E126/><V99/><F132/><W58/><G43/><T95/><D95/><U15/><E30/><V87/><F24/><W48/><G28/><T52/><D114/><U26/><E112/><V27/><F27/><W104/><G23/><T97/><D97/><U73/><E73/><V134/><F134/><W8/><G8/><T113/><D113/><U7/><E7/><V135/><F124/><W2/><G2/><T10/><D10/><N who="1" m="6647" /><E47/><V91/><F135/><W11/><G11/><T55/><D22/><U4/><E4/><V100/><F67/><W81/><G81/><T36/><D71/><U129/><E129/><V127/><F68/><W57/><G104/><T32/><D32/><U14/><E26/><V72/><F72/><W31/><REACH who="3" step="1"/><G31/><REACH who="3" ten="187,395,199,209" step="2"/><T74/><D74/><U37/><AGARI ba="0,1" hai="14,16,21,37,41,44,88,89" m="6647,49193" machi="37" ten="30,4000,0" yaku="19,1,54,2" doraHai="109" who="1" fromWho="1" sc="187,-20,395,50,199,-10,209,-10" /><INIT seed="5,0,0,0,4,30" ten="167,445,189,199" oya="1" hai0="132,125,133,89,97,10,27,43,25,78,42,18,116" hai1="1,95,9,5,101,72,45,39,24,52,44,51,74" hai2="50,107,118,114,49,76,38,115,87,64,17,109,13" hai3="8,127,123,98,58,37,81,77,86,131,69,79,11"/><U0/><E0/><V56/><F38/><W33/><G69/><T6/><D78/><U2/><E2/><V126/><F109/><W63/><G123/><T15/><D116/><U119/><E119/><V111/><F107/><W23/><G37/><T32/><D89/><U40/><E101/><V83/><F126/><W54/><G127/><T102/><D125/><U67/><E67/><V75/><F111/><W57/><G33/><T100/><D6/><U22/><REACH who="1" step="1"/><E95/><REACH who="1" ten="167,435,189,199" step="2"/><V3/><F3/><W16/><G131/><T128/><D128/><U112/><E112/><V117/><F117/><W71/><G71/><T121/><D102/><U12/><E12/><V93/><F118/><W73/><G73/><T31/><D121/><U4/><E4/><V96/><F75/><W47/><G47/><T61/><D15/><U46/><E46/><V130/><F130/><W124/><G124/><T105/><D100/><U60/><E60/><N who="2" m="37895" /><F115/><W120/><G120/><T82/><D61/><U84/><E84/><V110/><F114/><W20/><G57/><T62/><D62/><U85/><E85/><V41/><F110/><W21/><G98/><T35/><D97/><U53/><E53/><V106/><F106/><W88/><G16/><AGARI ba="0,1" hai="1,5,9,16,22,24,39,40,44,45,51,52,72,74" machi="16" ten="30,18000,2" yaku="1,1,7,1,54,2,53,2" doraHai="30" doraHaiUra="104" who="1" fromWho="3" sc="167,0,435,190,189,0,199,-180" /><INIT seed="5,1,0,5,5,81" ten="167,625,189,19" oya="1" hai0="57,42,45,107,30,115,91,61,84,20,35,93,10" hai1="106,26,89,1,131,129,121,78,40,8,68,67,86" hai2="134,18,117,109,34,2,72,73,7,36,70,75,108" hai3="66,4,41,126,33,54,55,27,88,77,44,99,135"/><U85/><E121/><V11/><F18/><W32/><G135/><T38/><D107/><U120/><E106/><V64/><F117/><W112/><G112/><T63/><D115/><U24/><E40/><V48/><F48/><W60/><G126/><T65/><D35/><U104/><E104/><V92/><F92/><W124/><G124/><T25/><D10/><U114/><E114/><V69/><F134/><W105/><G105/><T3/><D3/><U16/><E67/><V113/><F113/><W97/><G77/><T119/><REACH who="0" step="1"/><D63/><REACH who="0" ten="157,625,189,19" step="2"/><U62/><E62/><N who="2" m="40087" /><F34/><W130/><G130/><T31/><D31/><U43/><E1/><V118/><F118/><AGARI ba="1,1" hai="20,25,30,38,42,45,57,61,65,84,91,93,118,119" machi="118" ten="40,2600,0" yaku="1,1,52,1,53,0" doraHai="81" doraHaiUra="100" who="0" fromWho="2" sc="157,39,625,0,189,-29,19,0" /><INIT seed="6,0,0,3,1,65" ten="196,625,160,19" oya="2" hai0="38,62,106,118,59,108,96,68,22,122,134,6,3" hai1="77,87,98,90,43,57,81,95,64,69,55,89,28" hai2="78,14,133,61,20,33,104,130,50,25,24,94,51" hai3="125,5,0,39,102,41,66,100,21,23,46,12,4"/><V117/><F104/><W132/><G132/><T126/><RYUUKYOKU type="yao9" ba="0,0" sc="196,0,625,0,160,0,19,0" hai0="3,6,22,38,59,62,68,96,106,108,118,122,126,134" /><INIT seed="6,1,0,3,5,106" ten="196,625,160,19" oya="2" hai0="93,49,2,24,84,23,88,43,32,64,131,35,1" hai1="29,15,126,118,130,100,102,13,109,86,14,0,76" hai2="41,57,10,75,90,122,120,11,79,42,72,8,12" hai3="129,34,115,19,61,128,36,50,9,4,5,77,125"/><V65/><F79/><W69/><G36/><T63/><D1/><U127/><E118/><V7/><F90/><W21/><G34/><T33/><D2/><U112/><E0/><V55/><F65/><W81/><G125/><N who="1" m="47626" /><E109/><V3/><F11/><W25/><G115/><T73/><D73/><U47/><E130/><N who="3" m="50282" /><G50/><T78/><D78/><U28/><E112/><V16/><F42/><W67/><G9/><T114/><D114/><U119/><E119/><V22/><F41/><W68/><G68/><T66/><D131/><U95/><E47/><V48/><REACH who="2" step="1"/><F10/><REACH who="2" ten="196,625,150,19" step="2"/><W31/><G31/><N who="1" m="11850" /><E76/><V54/><F54/><W116/><G116/><T62/><D66/><U111/><E111/><V105/><F105/><W101/><G101/><T85/><D64/><U18/><E18/><V27/><F27/><W87/><AGARI ba="1,1" hai="4,5,19,21,25,61,67,69,77,81,87" m="50282" machi="87" ten="30,1100,0" yaku="19,1" doraHai="106" who="3" fromWho="3" sc="196,-4,625,-4,150,-6,19,24" /><INIT seed="7,0,0,2,4,105" ten="192,621,144,43" oya="3" hai0="30,77,88,26,18,73,46,123,23,52,68,43,98" hai1="50,84,110,70,104,65,134,126,24,15,51,72,3" hai2="53,111,125,49,107,69,60,133,42,13,14,25,124" hai3="56,135,12,64,40,96,2,117,55,47,17,21,80"/><W106/><G117/><T48/><D68/><U4/><E72/><V6/><F111/><W132/><G2/><T81/><D123/><U39/><E50/><V128/><F107/><W99/><G64/><T91/><D98/><U45/><E51/><V1/><F133/><N who="3" m="51275" /><G80/><T10/><D10/><U11/><E45/><V85/><F1/><W62/><G106/><T54/><D54/><U127/><E84/><V71/><F71/><W38/><AGARI ba="0,0" hai="12,17,21,38,40,47,55,56,62,96,99" m="51275" machi="38" ten="30,1500,0" yaku="20,1" doraHai="105" who="3" fromWho="3" sc="192,-5,621,-5,144,-5,43,15" /><INIT seed="7,1,0,1,5,1" ten="187,616,139,58" oya="3" hai0="111,82,38,55,69,132,100,122,20,119,7,74,98" hai1="12,70,30,127,115,53,61,126,125,2,17,57,83" hai2="131,42,78,51,31,39,84,109,48,16,9,14,86" hai3="56,87,54,3,47,29,79,63,101,27,96,89,104"/><W60/><G3/><T21/><D111/><U64/><E2/><V24/><F109/><W134/><G134/><T36/><D69/><U121/><E121/><V13/><F131/><W8/><G79/><T75/><D119/><U22/><E115/><V11/><F39/><W133/><G133/><T93/><D7/><U124/><E124/><V49/><F42/><W91/><G8/><T76/><D75/><U80/><E30/><V59/><F59/><W6/><G6/><T77/><D77/><U103/><E103/><V62/><F62/><AGARI ba="1,0" hai="12,17,22,53,57,61,62,64,70,80,83,125,126,127" machi="62" ten="40,1300,0" yaku="18,1" doraHai="1" who="1" fromWho="2" sc="187,0,616,16,139,-16,58,0" owari="187,-1.0,632,73.0,123,-28.0,58,-44.0" /></mjloggm>