<mjloggm ver="2.3"><GO type="41" lobby="0"/><UN n0="%E3%81%B1%E3%81%A3%E3%81%9F%E3%82%93" n1="%59%75%6E%67%79%75%6E%67" n2="%E3%81%97%E3%81%8A%E3%81%BD%E3%82%93%E3%81%9A" n3="%E2%93%9D%53%75%70%68%78" dan="14,13,14,18" rate="1930.20,1889.95,1947.80,2049.56" sx="M,M,M,M"/><TAIKYOKU oya="0"/><INIT seed="0,0,0,4,0,62" ten="250,250,250,250" oya="0" hai0="63,48,32,0,128,24,69,89,29,42,70,30,129" hai1="31,37,73,80,7,110,95,51,87,2,40,12,33" hai2="56,25,49,52,21,85,43,96,124,13,14,65,118" hai3="132,53,67,61,36,81,64,112,135,27,10,8,105"/><T84/><D0/><U106/><E37/><V97/><F124/><W39/><G105/><T130/><D29/><U54/><E40/><V71/><F118/><W86/><G112/><T4/><D4/><U115/><E2/><V15/><F71/><W59/><G39/><T75/><D75/><U5/><E115/><V119/><F119/><W17/><G36/><T19/><D19/><U66/><E106/><V47/><F85/><W82/><G82/><T46/><REACH who="0" step="1"/><D63/><REACH who="0" ten="240,250,250,250" step="2"/><U78/><E33/><V79/><F79/><N who="3" m="46399" /><G135/><T131/><N who="0" m="32768" /><DORA hai="45" /><T44/><D44/><U109/><E31/><N who="2" m="17839" /><F43/><W1/><G1/><T133/><D133/><U18/><E66/><N who="3" m="25130" /><G132/><T9/><D9/><U23/><E73/><V55/><F65/><W104/><G104/><T114/><D114/><U94/><E110/><V117/><F117/><W6/><G6/><N who="1" m="2058" /><E109/><V41/><F41/><W74/><G74/><T93/><AGARI ba="0,1" hai="24,30,32,42,46,48,69,70,84,89,93" m="32768" machi="93" ten="60,12000,1" yaku="1,1,0,1,19,1,52,1,53,1" doraHai="62,45" doraHaiUra="16,88" who="0" fromWho="0" sc="240,130,250,-40,250,-40,250,-40" /><INIT seed="0,1,0,5,3,95" ten="370,210,210,210" oya="0" hai0="17,103,13,38,10,60,12,73,124,80,69,79,48" hai1="90,125,86,78,115,77,40,54,25,8,46,98,59" hai2="53,121,96,57,45,117,23,129,81,52,68,32,82" hai3="16,14,94,93,29,51,126,30,4,114,127,44,84"/><T100/><D38/><U133/><E133/><V58/><F121/><W65/><G4/><T89/><D124/><N who="3" m="47657" /><G65/><T71/><D48/><N who="1" m="26695" /><E125/><V19/><F32/><W118/><G114/><T5/><D89/><U123/><E123/><V74/><F68/><W9/><G118/><T33/><D33/><U76/><E115/><V104/><F129/><W91/><G94/><T27/><D27/><U109/><E109/><V55/><F117/><W132/><G132/><T75/><D75/><U108/><E108/><V102/><F74/><W49/><G49/><T15/><D15/><U22/><E8/><V42/><F57/><W28/><G28/><T6/><D60/><N who="1" m="35959" /><E25/><V107/><F58/><W105/><G105/><T34/><D34/><U122/><E122/><V66/><F66/><W64/><G64/><T11/><REACH who="0" step="1"/><D17/><REACH who="0" ten="360,210,210,210" step="2"/><U119/><E119/><V18/><F18/><W128/><G128/><T87/><D87/><U88/><E22/><V41/><F19/><W43/><AGARI ba="1,1" hai="9,14,16,29,30,43,44,51,84,91,93" m="47657" machi="43" ten="30,2000,0" yaku="18,1,54,1" doraHai="95" who="3" fromWho="3" sc="360,-11,210,-6,210,-6,210,33" /><INIT seed="1,0,0,3,2,23" ten="349,204,204,243" oya="1" hai0="131,38,13,96,21,117,20,60,41,18,72,57,19" hai1="90,34,53,0,39,86,49,2,93,15,113,119,120" hai2="125,97,32,14,3,29,73,128,31,133,50,65,43" hai3="27,74,84,80,25,135,7,104,134,37,115,54,89"/><U33/><E119/><V100/><F3/><W9/><G115/><T12/><D117/><U63/><E39/><V17/><F73/><W79/><G54/><T132/><D72/><U98/><E120/><V91/><F128/><W124/><G104/><T67/><D131/><U107/><E113/><V68/><F125/><W8/><G37/><T69/><D132/><N who="3" m="50729" /><G124/><T108/><D108/><U4/><E63/><V123/><F123/><W5/><G9/><T45/><REACH who="0" step="1"/><D96/><REACH who="0" ten="339,204,204,243" step="2"/><U102/><E0/><V82/><F97/><W16/><G74/><T70/><AGARI ba="0,1" hai="12,13,18,19,20,21,38,41,45,57,60,67,69,70" machi="70" ten="30,8000,1" yaku="1,1,2,1,0,1,9,1,53,1" doraHai="23" doraHaiUra="71" who="0" fromWho="0" sc="339,90,204,-40,204,-20,243,-20" /><INIT seed="2,0,0,5,1,19" ten="429,164,184,223" oya="2" hai0="5,135,90,9,98,54,97,88,129,45,38,130,94" hai1="31,77,132,16,6,42,7,23,1,46,29,67,107" hai2="56,127,93,113,64,80,119,43,30,3,51,62,124" hai3="76,103,48,12,121,74,82,20,96,11,114,59,41"/><V28/><F3/><W75/><G121/><T47/><D135/><U49/><E107/><V4/><F4/><N who="1" m="1577" /><E1/><V33/><F33/><W44/><G114/><T25/><D25/><N who="1" m="14567" /><E132/><V101/><F113/><W123/><G123/><T32/><D32/><U87/><E67/><V15/><F119/><W66/><G66/><T58/><D38/><U95/><E77/><V81/><F15/><W106/><G59/><T79/><D79/><U27/><E27/><V126/><F43/><W17/><REACH who="3" step="1"/><G11/><REACH who="3" ten="429,164,184,213" step="2"/><T118/><D118/><U36/><E36/><V22/><F64/><W0/><G0/><T91/><D9/><U115/><E115/><V131/><F126/><W2/><G2/><T55/><D5/><U128/><E128/><V69/><F131/><W50/><G50/><T112/><D112/><U61/><E61/><V83/><F51/><W89/><G89/><AGARI ba="0,1" hai="29,31,42,46,49,87,89,95" m="14567,1577" machi="89" ten="30,3900,0" yaku="8,1,52,1,54,1" doraHai="19" who="1" fromWho="3" sc="429,0,164,49,184,0,213,-39" /><INIT seed="3,0,0,0,0,112" ten="429,213,184,174" oya="3" hai0="96,31,70,102,51,94,60,71,109,99,116,45,83" hai1="24,35,68,12,93,25,20,98,30,110,3,57,6" hai2="17,52,8,74,38,53,111,18,42,34,55,104,90" hai3="87,115,130,64,124,122,50,28,11,22,103,117,4"/><W114/><G103/><T118/><D109/><U78/><E68/><V135/><F111/><W49/><G122/><T47/><D31/><U29/><E110/><V46/><F135/><W79/><G64/><T126/><D126/><U106/><E106/><V36/><F36/><W108/><G108/><T69/><D83/><U32/><E78/><V59/><F34/><N who="1" m="12841" /><E57/><V86/><F104/><W101/><G101/><T40/><D60/><U121/><E98/><V133/><F133/><W72/><G124/><T7/><D7/><U67/><E93/><V65/><F65/><W63/><G63/><T1/><D1/><U91/><E67/><V62/><F74/><W128/><G87/><T120/><D120/><U81/><E91/><V58/><F8/><W134/><G79/><T21/><D96/><U105/><E81/><V10/><F10/><W61/><G61/><T48/><REACH who="0" step="1"/><D21/><REACH who="0" ten="419,213,184,174" step="2"/><N who="1" m="15503" /><E105/><V84/><F62/><W56/><G134/><T73/><D73/><U26/><E121/><V82/><F86/><W92/><G72/><T43/><AGARI ba="0,1" hai="40,43,45,47,48,51,69,70,71,94,99,102,116,118" machi="43" ten="30,8000,1" yaku="1,1,0,1,9,1,52,2,53,0" doraHai="112" doraHaiUra="80" who="0" fromWho="0" sc="419,90,213,-20,184,-20,174,-40" /><INIT seed="4,0,0,0,4,129" ten="509,193,164,134" oya="0" hai0="13,56,33,62,29,52,101,39,109,27,74,80,99" hai1="2,92,107,114,95,123,24,26,61,7,87,77,85" hai2="66,47,0,133,115,118,40,20,32,124,19,50,130" hai3="102,105,122,60,37,31,79,81,8,127,41,46,131"/><T30/><D39/><U49/><E123/><V58/><F115/><W70/><G131/><T117/><D117/><U9/><E107/><V42/><F130/><W43/><G43/><T75/><D109/><U65/><E114/><V135/><F118/><W110/><G127/><T51/><D29/><U18/><E49/><V112/><F112/><W120/><G8/><T103/><D103/><U5/><E77/><V83/><F124/><W16/><G16/><T36/><D36/><U68/><E7/><V38/><F32/><W116/><G116/><T73/><D13/><U63/><E63/><N who="2" m="38263" /><F0/><W21/><G110/><T111/><D111/><U72/><E72/><V91/><F91/><W90/><G90/><T106/><REACH who="0" step="1"/><D62/><REACH who="0" ten="499,193,164,134" step="2"/><U53/><E26/><V71/><F38/><W11/><G60/><T25/><D25/><U86/><E53/><V64/><F40/><W132/><G41/><T23/><D23/><U94/><E24/><V125/><F125/><W6/><G21/><T121/><D121/><U104/><E104/><V17/><F20/><W44/><G122/><T67/><D67/><U98/><REACH who="1" step="1"/><E18/><REACH who="1" ten="499,183,164,134" step="2"/><V22/><F17/><W3/><G120/><T45/><D45/><U78/><E78/><AGARI ba="0,2" hai="27,30,33,51,52,56,73,74,75,78,80,99,101,106" machi="78" ten="40,3900,0" yaku="1,1,54,1,53,0" doraHai="129" doraHaiUra="34" who="0" fromWho="1" sc="499,59,183,-39,164,0,134,0" /><INIT seed="4,1,0,2,3,24" ten="558,144,164,134" oya="0" hai0="80,66,17,135,133,70,49,62,34,4,40,36,114" hai1="15,96,108,6,54,104,37,110,115,16,82,2,27" hai2="119,25,91,75,11,111,68,56,43,131,78,126,58" hai3="90,87,60,41,3,121,97,84,69,0,38,20,89"/><T31/><D4/><U32/><E37/><V57/><F111/><W124/><G124/><T67/><D114/><U48/><E115/><V98/><F68/><W109/><G109/><T8/><D80/><U77/><E96/><V125/><F131/><W21/><G97/><T72/><D72/><U120/><E104/><V73/><F119/><W118/><G41/><T129/><D129/><U61/><E61/><V7/><F43/><W95/><G38/><T134/><D66/><U39/><E39/><V116/><F116/><W47/><G47/><T101/><D101/><U71/><E71/><V117/><F117/><W107/><G107/><T35/><D31/><N who="1" m="19583" /><E120/><V30/><F91/><W55/><G121/><T50/><D50/><U128/><E128/><V5/><F98/><W85/><G118/><T113/><D113/><U22/><E82/><V23/><F7/><W102/><G102/><T76/><D76/><U64/><E64/><V19/><F19/><W106/><G106/><T45/><D36/><U88/><E77/><V52/><F52/><W33/><G55/><T92/><D92/><U44/><E88/><V59/><N who="2" m="14336" /><DORA hai="65" /><V132/><F132/><W99/><G90/><T14/><AGARI ba="1,0" hai="8,14,17,34,35,40,45,49,62,67,70,133,134,135" machi="14" ten="40,7800,0" yaku="0,1,20,1,52,1" doraHai="24,65" who="0" fromWho="0" sc="558,81,144,-27,164,-27,134,-27" /><INIT seed="4,2,0,1,0,127" ten="639,117,137,107" oya="0" hai0="44,74,8,132,117,131,69,89,97,100,54,108,19" hai1="129,128,64,109,45,102,41,48,51,5,104,112,86" hai2="12,103,83,53,16,116,6,90,91,80,76,120,4" hai3="14,35,113,95,72,122,85,0,43,49,71,20,124"/><T123/><D123/><U13/><E109/><V27/><F120/><W46/><G122/><T56/><D117/><U68/><E112/><V50/><F27/><W99/><G0/><T22/><D74/><U92/><E104/><V105/><F103/><W133/><G35/><T107/><D108/><U126/><E126/><V70/><F70/><W115/><G124/><T81/><D69/><U2/><E2/><V125/><F105/><W121/><G133/><T78/><D132/><U32/><E32/><V31/><F31/><W135/><G72/><T42/><D8/><N who="1" m="4239" /><E68/><V88/><F125/><W34/><G34/><T60/><D89/><N who="1" m="53303" /><E102/><V93/><F93/><W106/><G135/><T9/><D9/><U98/><E64/><V37/><F37/><W7/><G121/><T62/><D62/><U3/><E3/><V119/><F116/><W101/><G71/><T30/><D30/><U110/><E110/><V40/><F40/><W134/><G134/><T38/><D81/><N who="2" m="31306" /><F76/><W25/><G106/><T77/><REACH who="0" step="1"/><D131/><REACH who="0" ten="629,117,137,107" step="2"/><N who="1" m="50251" /><E98/><V66/><F119/><W57/><G115/><T47/><D47/><U24/><E24/><AGARI ba="2,1" hai="19,22,24,38,42,44,54,56,60,77,78,97,100,107" machi="24" ten="30,5800,0" yaku="1,1,7,1,53,1" doraHai="127" doraHaiUra="21" who="0" fromWho="1" sc="629,74,117,-64,137,0,107,0" /><INIT seed="4,3,0,4,2,4" ten="703,53,137,107" oya="0" hai0="19,9,109,2,102,118,106,37,79,66,34,108,12" hai1="74,122,125,42,96,117,20,36,53,6,52,72,73" hai2="49,111,100,40,75,14,47,77,57,84,116,48,132" hai3="123,28,98,76,90,50,54,26,59,99,39,60,63"/><T105/><D37/><U32/><E122/><V101/><F111/><W56/><G39/><T0/><D66/><U107/><E32/><V124/><F75/><W46/><G123/><T135/><D79/><U70/><E117/><V131/><F132/><W126/><G126/><T128/><D118/><U119/><E119/><V45/><F124/><W94/><G76/><T31/><D135/><U25/><E125/><V110/><F131/><W27/><G99/><T112/><D112/><U43/><E70/><V113/><F113/><W86/><G98/><T21/><D102/><U121/><E121/><V91/><F116/><W35/><G27/><N who="0" m="18815" /><D105/><U87/><E87/><V11/><F77/><W83/><G83/><T130/><D106/><U78/><E6/><N who="2" m="3447" /><F57/><W13/><G59/><T10/><D10/><U68/><E68/><V8/><F8/><W58/><G58/><T18/><D128/><U85/><E85/><V22/><F22/><W103/><G56/><T97/><D97/><U93/><E107/><V115/><F110/><N who="0" m="42602" /><D130/><U88/><E78/><V62/><F62/><W65/><G63/><T51/><D51/><U17/><REACH who="1" step="1"/><E43/><REACH who="1" ten="703,43,137,107" step="2"/><N who="2" m="24639" /><F115/><W33/><G60/><T29/><D29/><U23/><E23/><V5/><F5/><W104/><G28/><T114/><D114/><U89/><E89/><V16/><F91/><W64/><G35/><T120/><D120/><U15/><E15/><AGARI ba="3,1" hai="0,2,9,12,15,18,19,21" m="42602,18815" machi="15" ten="30,11600,0" yaku="10,1,34,2,52,1" doraHai="4" who="0" fromWho="1" sc="703,135,43,-125,137,0,107,0" owari="838,93.0,-82,-58.0,137,-6.0,107,-29.0" /></mjloggm>