<mjloggm ver="2.3"><GO type="41" lobby="0"/><UN n0="%E2%93%9D%53%75%70%68%78" n1="%47%53" n2="%E3%83%98%E3%83%AB%E3%82%B7%E3%82%A2%E9%BA%BB%E9%9B%80" n3="%E5%B0%8F%E5%80%89%E5%AD%9D%EF%BC%88%E4%BB%AE%EF%BC%89" dan="18,13,13,14" rate="2166.46,1867.95,1843.53,1982.08" sx="M,M,M,M"/><TAIKYOKU oya="0"/><INIT seed="0,0,0,5,0,1" ten="250,250,250,250" oya="0" hai0="48,64,36,45,46,10,92,100,4,37,90,44,29" hai1="38,54,129,42,14,74,124,111,39,20,33,27,102" hai2="25,126,56,53,81,107,93,119,125,79,120,98,0" hai3="118,51,114,104,17,65,21,43,69,116,77,78,49"/><T41/><D100/><U59/><E74/><V58/><F0/><W83/><G104/><T47/><D29/><U103/><E111/><V127/><F107/><W32/><G114/><T5/><D64/><U80/><E124/><V11/><F11/><W82/><G32/><T121/><D121/><U91/><E129/><V128/><F128/><W96/><G96/><T62/><D62/><U105/><E33/><V95/><F119/><W24/><G43/><T94/><D94/><U112/><E112/><V26/><F120/><W76/><G116/><T31/><D31/><U40/><E14/><V135/><F95/><W34/><G34/><T60/><D60/><U6/><E6/><V89/><F135/><W115/><G115/><T30/><D30/><U117/><E117/><V9/><F9/><W15/><G65/><T61/><D61/><U12/><E12/><V106/><F106/><W13/><G69/><T2/><REACH who="0" step="1"/><D5/><REACH who="0" ten="240,250,250,250" step="2"/><U109/><E103/><V110/><F110/><W134/><G134/><T68/><D68/><U55/><E102/><V84/><REACH who="2" step="1"/><F53/><REACH who="2" ten="240,250,240,250" step="2"/><W97/><G118/><T70/><D70/><U101/><E55/><V23/><F23/><W130/><G21/><T52/><D52/><U73/><E54/><V35/><F35/><W132/><G130/><T87/><AGARI ba="0,2" hai="2,4,10,36,37,41,44,45,46,47,48,87,90,92" machi="87" ten="30,11700,0" yaku="1,1,0,1,52,1,53,1" doraHai="1" doraHaiUra="85" who="0" fromWho="0" sc="240,137,250,-39,240,-39,250,-39" /><INIT seed="0,1,0,4,0,127" ten="377,211,201,211" oya="0" hai0="101,133,88,53,126,14,89,128,72,45,114,8,135" hai1="121,74,10,15,113,108,7,42,4,103,63,132,1" hai2="87,68,124,116,49,43,23,77,129,54,11,35,79" hai3="0,109,26,20,84,112,97,16,123,111,96,110,21"/><T69/><D114/><U31/><E121/><V17/><F35/><W134/><G123/><T29/><D72/><U40/><E108/><V80/><F116/><W46/><G112/><T122/><D69/><U95/><E74/><V36/><F68/><W41/><G0/><T27/><D101/><U71/><E113/><V131/><F124/><W13/><G84/><T81/><D126/><U100/><E132/><N who="0" m="50761" /><D81/><U61/><E71/><V85/><F11/><W44/><G134/><T55/><D128/><N who="2" m="49226" /><F36/><W98/><REACH who="3" step="1"/><G41/><REACH who="3" ten="377,211,201,201" step="2"/><T115/><D122/><U18/><E40/><V130/><F43/><W83/><G83/><T19/><D115/><U105/><E42/><V2/><F2/><W32/><G32/><N who="0" m="20543" /><D45/><U57/><E1/><V6/><F6/><W9/><G9/><T48/><D48/><U22/><E4/><V52/><N who="2" m="49234" /><V56/><DORA hai="107" /><F87/><W37/><G37/><T94/><D89/><U125/><E7/><V76/><F54/><W60/><G60/><T106/><D55/><U5/><E63/><V117/><F117/><W28/><AGARI ba="1,1" hai="13,16,20,21,26,28,44,46,96,97,98,109,110,111" machi="28" ten="40,8000,1" yaku="1,1,0,1,14,1,54,1,53,0" doraHai="127,107" doraHaiUra="39,38" who="3" fromWho="3" sc="377,-41,211,-21,201,-21,201,93" /><INIT seed="1,0,0,1,3,68" ten="336,190,180,294" oya="1" hai0="89,105,115,86,30,73,55,37,129,13,131,80,123" hai1="71,78,26,116,33,29,75,54,9,117,58,35,52" hai2="67,44,77,49,16,10,34,79,101,103,120,84,134" hai3="7,125,45,22,60,56,32,122,38,108,83,61,53"/><U74/><E71/><V11/><F34/><W27/><G32/><T126/><D115/><U111/><E35/><V59/><F134/><W69/><G122/><T64/><D126/><U18/><E54/><V36/><F36/><W63/><G69/><T43/><D105/><U12/><E111/><V23/><F67/><W25/><G25/><T65/><D73/><U6/><E75/><V94/><F59/><W57/><G7/><T39/><D30/><U98/><E98/><N who="2" m="59607" /><F103/><W112/><G112/><T46/><D123/><U66/><E66/><N who="0" m="25705" /><D13/><U62/><E78/><N who="2" m="29707" /><F84/><W91/><G125/><T110/><D55/><U124/><E74/><V121/><F120/><W8/><G108/><T100/><D100/><U14/><REACH who="1" step="1"/><E124/><REACH who="1" ten="336,180,180,294" step="2"/><V106/><F121/><W127/><G53/><T132/><D110/><U21/><AGARI ba="0,1" hai="6,9,12,14,18,21,26,29,33,52,58,62,116,117" machi="21" ten="20,18000,2" yaku="1,1,2,1,0,1,7,1,54,1,53,2" doraHai="68" doraHaiUra="114" who="1" fromWho="1" sc="336,-60,180,190,180,-60,294,-60" /><INIT seed="1,1,0,5,0,46" ten="276,370,120,234" oya="1" hai0="127,29,62,93,3,115,4,17,57,11,108,8,76" hai1="74,24,89,87,125,105,85,104,111,26,65,84,48" hai2="90,22,130,31,67,102,128,23,69,13,41,129,97" hai3="75,131,33,100,103,120,55,122,112,132,52,88,123"/><U27/><E74/><V53/><F41/><W83/><G112/><T6/><D115/><U58/><E89/><V56/><F69/><W36/><G36/><T15/><D108/><U66/><E111/><V77/><F67/><W101/><G33/><T72/><D127/><U44/><E125/><V70/><F70/><W98/><G132/><T86/><D29/><U73/><E73/><V43/><F43/><W25/><G25/><T110/><D110/><U9/><E9/><V37/><F37/><W94/><REACH who="3" step="1"/><G131/><REACH who="3" ten="276,370,120,224" step="2"/><N who="2" m="33537" /><V18/><DORA hai="40" /><F31/><W19/><G19/><T16/><D17/><U117/><E117/><V59/><F77/><AGARI ba="1,1" hai="52,55,75,77,83,88,94,98,100,101,103,120,122,123" machi="77" ten="50,12000,2" yaku="1,1,54,2,53,3" doraHai="46,40" doraHaiUra="99,7" who="3" fromWho="2" sc="276,0,370,0,120,-123,224,133" owari="276,-12.0,370,46.0,-3,-50.0,357,16.0" /></mjloggm>