<mjloggm ver="2.3"><GO type="41" lobby="0"/><UN n0="%52%79%75%30%38%31%32" n1="%37%65%6D%6E" n2="%4E%69%79%61%63%63%68%69" n3="%E2%93%9D%53%75%70%68%78" dan="15,14,13,16" rate="1944.15,1892.47,1857.28,2020.56" sx="M,M,M,M"/><TAIKYOKU oya="0"/><INIT seed="0,0,0,2,2,12" ten="250,250,250,250" oya="0" hai0="97,101,33,93,100,132,42,69,50,87,26,121,85" hai1="70,38,37,68,67,22,30,135,25,115,71,131,17" hai2="117,86,130,52,62,40,61,134,80,91,28,47,128" hai3="84,36,107,88,7,44,65,105,29,110,51,133,118"/><T113/><D113/><U66/><E115/><V79/><F28/><W77/><G118/><T76/><D69/><U95/><E131/><N who="2" m="50219" /><F134/><W119/><G119/><T92/><D33/><U81/><E135/><V94/><F117/><W57/><G110/><T34/><D34/><U96/><E81/><V8/><F8/><W78/><G36/><T18/><D121/><U11/><E11/><V39/><F52/><W129/><G107/><T27/><D132/><U63/><E66/><V49/><F39/><W4/><G105/><T59/><D76/><U112/><E112/><V124/><F124/><W24/><G129/><T6/><D6/><U45/><E38/><V99/><AGARI ba="0,0" hai="40,47,49,61,62,79,80,86,91,94,99" m="50219" machi="99" ten="30,1100,0" yaku="19,1" doraHai="12" who="2" fromWho="2" sc="250,-5,250,-3,250,11,250,-3" /><INIT seed="1,0,0,5,2,77" ten="245,247,261,247" oya="1" hai0="124,113,130,59,26,94,102,127,105,129,132,0,84" hai1="85,36,116,14,29,117,119,90,1,109,112,103,61" hai2="49,106,128,65,4,104,37,68,92,47,64,123,46" hai3="5,110,100,82,50,18,97,33,11,35,121,107,80"/><U34/><E1/><V16/><F123/><W122/><G18/><T126/><D0/><U70/><E36/><V79/><F128/><N who="0" m="49258" /><D26/><U125/><E112/><V115/><F115/><W114/><G114/><T99/><D113/><U48/><E125/><V111/><F111/><W56/><G110/><T55/><D84/><U53/><E109/><V95/><F4/><W24/><G24/><T38/><D38/><U39/><E39/><V71/><F37/><W81/><G56/><T63/><D105/><U101/><E14/><V40/><F40/><W12/><REACH who="3" step="1"/><G50/><REACH who="3" ten="245,247,261,237" step="2"/><T41/><D41/><U72/><E29/><V22/><F49/><W131/><G131/><T135/><AGARI ba="0,1" hai="55,59,63,94,99,102,124,126,127,132,135" m="49258" machi="135" ten="40,8000,1" yaku="30,2,18,1,19,1" doraHai="77" who="0" fromWho="0" sc="245,90,247,-40,261,-20,237,-20" /><INIT seed="2,0,0,4,3,69" ten="335,207,241,217" oya="2" hai0="51,90,101,133,94,45,44,39,118,33,75,55,87" hai1="89,49,35,57,131,58,70,62,82,2,40,14,47" hai2="71,16,27,8,135,93,52,61,116,134,128,24,127" hai3="117,1,64,132,97,130,66,60,59,10,63,25,28"/><V53/><F116/><W13/><G130/><T15/><D33/><U18/><E2/><V68/><F93/><W104/><G132/><N who="2" m="50729" /><F128/><W56/><G1/><T50/><D133/><U54/><E35/><V72/><F72/><W123/><G123/><T21/><D75/><U125/><E125/><V67/><F71/><W110/><G110/><T124/><D124/><U31/><E70/><V102/><F102/><W0/><G0/><T99/><D118/><U38/><E31/><V111/><F127/><W12/><G117/><T100/><D39/><U76/><E89/><V7/><F7/><W95/><G104/><T112/><D112/><U6/><E6/><V107/><F107/><W65/><G65/><T106/><D106/><U30/><E30/><V19/><F111/><W88/><REACH who="3" step="1"/><G10/><REACH who="3" ten="335,207,241,207" step="2"/><T108/><D108/><U80/><E131/><V73/><F73/><W84/><G84/><T109/><D109/><U11/><REACH who="1" step="1"/><E76/><REACH who="1" ten="335,197,241,207" step="2"/><V121/><F121/><W83/><G83/><T36/><D94/><U46/><E46/><V79/><F79/><W5/><G5/><T48/><D44/><U126/><E126/><V113/><F113/><W34/><AGARI ba="0,2" hai="12,13,25,28,34,56,59,60,63,64,66,88,95,97" machi="34" ten="20,8000,1" yaku="1,1,0,1,7,1,9,1,54,1,53,0" doraHai="69" doraHaiUra="119" who="3" fromWho="3" sc="335,-20,197,-20,241,-40,207,100" /><BYE who="0" /><INIT seed="3,0,0,3,1,67" ten="315,177,201,307" oya="3" hai0="34,65,33,53,15,95,104,108,69,112,59,28,88" hai1="134,130,122,110,60,13,38,135,12,103,27,62,43" hai2="109,39,16,0,37,131,30,126,45,91,82,101,6" hai3="47,114,1,113,124,56,87,18,89,11,21,76,125"/><W25/><G76/><T129/><D129/><U100/><E122/><UN n0="%52%79%75%30%38%31%32" /><V81/><F131/><W80/><G56/><T120/><D104/><U92/><E130/><V127/><F30/><W84/><G47/><T55/><D120/><U86/><E110/><V49/><F109/><W40/><G40/><T42/><D112/><U19/><E27/><V20/><F101/><W24/><G87/><T77/><D77/><U48/><E38/><V51/><F6/><N who="3" m="1487" /><G25/><T32/><D108/><U94/><E86/><V115/><F0/><W78/><G89/><T106/><D42/><U73/><E43/><V61/><F61/><W116/><G116/><T35/><D106/><U41/><E41/><N who="2" m="24751" /><F51/><W22/><G22/><T58/><D58/><U133/><E48/><V107/><F107/><W74/><G84/><T10/><D59/><U50/><E50/><V75/><F75/><W99/><G99/><T79/><D79/><U44/><E44/><V102/><F102/><N who="1" m="38953" /><E73/><V83/><F91/><W71/><G114/><T85/><N who="0" m="8192" /><DORA hai="54" /><T118/><D118/><U8/><E12/><N who="2" m="9223" /><F115/><W5/><G113/><T105/><D105/><U72/><E72/><V68/><F39/><W97/><G74/><T64/><D64/><U17/><E17/><V123/><F37/><W36/><G36/><T3/><D65/><U4/><E19/><V29/><F29/><W31/><G31/><T119/><D28/><U90/><E90/><V52/><F123/><W132/><G78/><T121/><D119/><U98/><E98/><V66/><F52/><N who="0" m="20042" /><D121/><U96/><E96/><V9/><F9/><W14/><G97/><RYUUKYOKU ba="0,0" sc="315,-15,177,15,201,15,307,-15" hai1="4,8,13,60,62,92,94,133,134,135" hai2="66,68,81,82,83,126,127" /><INIT seed="4,1,0,3,4,61" ten="300,192,216,292" oya="0" hai0="77,8,131,102,88,20,19,28,47,59,25,104,55" hai1="24,39,45,57,92,35,17,108,2,79,0,126,42" hai2="56,15,112,80,128,127,41,54,85,68,120,89,134" hai3="122,82,105,12,133,31,125,81,118,75,84,11,6"/><T132/><D77/><U93/><E108/><V73/><F120/><W4/><G118/><T113/><D113/><U97/><E126/><V30/><F112/><W86/><G75/><T26/><D131/><U18/><E79/><V52/><F68/><W69/><G105/><T23/><D132/><U116/><E116/><V36/><F127/><W63/><G31/><T130/><D130/><U78/><E78/><V129/><F73/><W37/><G37/><T51/><D104/><U96/><E35/><V72/><F72/><W101/><G101/><T14/><D102/><U60/><E24/><V48/><F30/><W115/><G133/><T53/><D53/><U7/><E7/><V76/><F76/><W49/><G6/><T123/><D123/><U3/><E93/><V58/><F15/><W9/><G122/><T83/><D20/><U124/><E97/><V66/><F134/><W65/><G11/><T21/><D21/><U94/><E94/><V98/><F98/><W91/><G115/><T135/><D135/><U121/><E124/><V62/><REACH who="2" step="1"/><F54/><REACH who="2" ten="300,192,206,292" step="2"/><W67/><G125/><T90/><D25/><U119/><E121/><V70/><F70/><W107/><G69/><T13/><D13/><U27/><E119/><V10/><F10/><W103/><G12/><T87/><D90/><U50/><E27/><V109/><F109/><W111/><G91/><T114/><D114/><U34/><E34/><V16/><F16/><W71/><G111/><T5/><D5/><U38/><E18/><V43/><F43/><W106/><G4/><T1/><D1/><U44/><E17/><RYUUKYOKU ba="1,1" sc="300,15,192,-15,206,15,292,-15" hai0="8,14,19,23,26,28,47,51,55,59,83,87,88" hai2="36,41,48,52,56,58,62,66,80,85,89,128,129" /><INIT seed="4,2,1,4,4,62" ten="315,177,221,277" oya="0" hai0="104,132,4,1,13,38,22,69,134,93,76,64,100" hai1="67,109,43,57,90,89,36,85,37,81,131,50,87" hai2="113,28,120,108,92,98,84,103,115,102,51,31,129" hai3="11,17,91,130,126,20,59,107,23,79,83,78,128"/><T101/><D38/><U7/><E109/><V33/><F108/><W96/><G126/><T60/><D104/><U47/><E131/><N who="3" m="50218" /><G59/><T44/><D76/><N who="3" m="29225" /><G11/><N who="0" m="2447" /><D44/><U99/><E99/><V41/><F41/><W118/><G118/><T94/><D13/><U97/><E97/><V55/><F120/><W125/><G17/><T116/><D22/><U119/><E119/><V135/><F129/><W82/><G125/><T8/><D8/><U46/><E7/><V25/><F28/><W24/><G23/><T26/><D26/><U74/><E74/><V27/><F27/><W53/><G53/><T58/><D69/><U124/><E124/><V40/><F40/><W10/><G10/><T6/><D6/><U56/><E47/><V80/><F55/><W12/><G12/><T121/><D116/><U15/><E15/><V39/><F51/><W30/><G91/><T122/><D121/><U19/><E19/><V61/><F61/><W9/><G9/><T49/><D49/><U42/><E42/><V105/><F39/><W32/><G20/><T70/><D70/><U16/><E16/><V88/><F103/><AGARI ba="2,1" hai="24,30,32,82,83,96,103,107" m="29225,50218" machi="103" ten="30,1000,0" yaku="19,1" doraHai="62" who="3" fromWho="2" sc="315,0,177,0,221,-16,277,26" /><INIT seed="5,0,0,0,4,66" ten="315,177,205,303" oya="1" hai0="105,95,13,94,16,45,55,104,65,49,46,99,107" hai1="103,113,11,83,50,54,47,53,3,117,110,129,22" hai2="32,6,120,67,35,75,79,29,44,33,51,74,41" hai3="57,112,80,70,56,109,59,76,135,91,86,87,125"/><U68/><E113/><V108/><F108/><W20/><G109/><T14/><D14/><U17/><E117/><V2/><F120/><W121/><G121/><T15/><D15/><U130/><E110/><V134/><F134/><W114/><G135/><T71/><D45/><U25/><E103/><V73/><F67/><W1/><G1/><T88/><D95/><U21/><E83/><V133/><F133/><W39/><G39/><T100/><D65/><U58/><E68/><V10/><F10/><W102/><G125/><T85/><REACH who="0" step="1"/><D71/><REACH who="0" ten="305,177,205,303" step="2"/><U36/><E36/><V101/><F2/><W28/><G70/><T116/><D116/><U42/><E42/><V98/><F6/><W122/><G122/><T62/><D62/><U7/><REACH who="1" step="1"/><E22/><AGARI ba="0,1" hai="13,16,22,46,49,55,85,88,94,99,100,104,105,107" machi="22" ten="30,7700,0" yaku="1,1,7,1,54,2,53,0" doraHai="66" doraHaiUra="127" who="0" fromWho="1" sc="305,87,177,-77,205,0,303,0" /><INIT seed="6,0,0,0,3,125" ten="392,100,205,303" oya="2" hai0="76,94,79,16,99,62,88,46,45,96,44,1,75" hai1="14,101,6,12,81,2,60,97,59,9,31,92,70" hai2="10,18,40,64,128,11,61,55,37,83,8,85,130" hai3="82,32,42,5,104,107,90,50,72,22,113,78,122"/><V91/><F37/><W108/><G32/><T38/><D1/><U52/><E70/><V49/><F40/><W48/><G108/><T56/><D38/><U54/><E31/><V67/><F18/><W135/><G122/><T129/><D129/><N who="2" m="49770" /><F61/><W133/><G113/><T51/><D75/><U123/><E123/><V124/><F124/><W34/><G50/><T28/><D51/><U39/><E39/><V21/><F21/><W111/><G22/><T110/><D110/><U106/><E106/><V109/><F109/><W77/><G107/><T84/><D28/><U117/><E117/><V20/><F20/><W116/><G104/><T35/><D35/><U57/><REACH who="1" step="1"/><E81/><REACH who="1" ten="392,90,205,303" step="2"/><V103/><F103/><W43/><G82/><T15/><D76/><U30/><E30/><V26/><F26/><W126/><G78/><T58/><D79/><U27/><E27/><V132/><F132/><W105/><G135/><T98/><D62/><AGARI ba="0,1" hai="2,6,9,12,14,52,54,57,59,60,62,92,97,101" machi="62" ten="30,7700,0" yaku="1,1,7,1,9,1,54,1,53,0" doraHai="125" doraHaiUra="115" who="1" fromWho="0" sc="392,-77,90,87,205,0,303,0" /><INIT seed="7,0,0,3,1,45" ten="315,177,205,303" oya="3" hai0="4,51,33,122,40,89,106,96,1,12,69,14,127" hai1="95,0,103,81,113,98,115,6,94,112,118,84,82" hai2="27,7,38,37,123,126,5,79,116,56,86,88,17" hai3="72,83,35,70,105,121,135,125,10,85,55,102,114"/><W107/><G35/><T133/><D122/><U26/><E0/><V42/><F116/><W24/><G70/><T78/><D33/><U93/><E6/><V71/><F71/><W19/><G72/><T128/><D78/><U48/><E48/><V58/><F123/><W90/><G121/><T50/><D1/><U120/><E26/><V68/><F68/><W124/><G114/><T87/><D40/><U59/><E59/><N who="2" m="22571" /><F37/><W52/><G135/><T108/><D133/><U11/><E11/><V66/><F38/><W25/><G25/><T132/><D108/><U31/><E31/><V22/><F42/><W44/><G102/><T99/><D132/><U3/><E3/><V46/><F46/><W77/><G77/><T9/><D106/><N who="3" m="40457" /><G44/><T2/><D2/><U13/><E13/><V63/><F79/><W53/><G24/><T18/><D69/><U43/><E43/><V65/><F63/><W73/><G73/><T67/><D67/><N who="2" m="25610" /><F126/><N who="3" m="48747" /><G55/><T76/><D127/><U130/><E120/><V100/><F100/><W20/><G20/><T117/><D76/><N who="1" m="46119" /><E82/><AGARI ba="0,0" hai="5,7,17,22,27,82,86,88" m="25610,22571" machi="82" ten="30,2000,0" yaku="8,1,54,1" doraHai="45" who="2" fromWho="1" sc="315,0,177,-20,205,20,303,0" owari="315,41.0,157,-34.0,225,-17.0,303,10.0" /></mjloggm>