<mjloggm ver="2.3"><GO type="41" lobby="0"/><UN n0="%E5%84%84%E4%B8%87%E7%AC%91%E8%80%85" n1="%E2%93%9D%53%75%70%68%78" n2="%66%75%6E%61%69" n3="%E3%81%93%E3%82%93%E3%81%AB%E3%82%83%E3%81%8F%E5%A4%A7%E8%87%A3" dan="14,18,14,13" rate="1947.57,2064.01,1931.50,1847.57" sx="M,M,M,M"/><TAIKYOKU oya="0"/><INIT seed="0,0,0,2,0,57" ten="250,250,250,250" oya="0" hai0="78,82,103,27,113,2,53,124,21,115,131,128,20" hai1="107,28,112,105,43,55,130,29,72,134,87,104,65" hai2="10,22,135,33,31,1,95,120,61,102,7,77,34" hai3="109,38,88,108,121,52,51,116,75,106,4,93,26"/><T89/><D2/><U101/><E43/><V35/><F120/><W81/><G106/><T122/><D122/><U62/><E72/><V46/><F135/><W86/><G121/><T71/><D71/><U90/><E130/><N who="0" m="49705" /><D53/><U67/><E101/><V76/><F46/><N who="3" m="27767" /><G116/><T25/><D89/><U63/><E55/><V23/><F61/><N who="1" m="23049" /><E90/><V13/><F23/><N who="0" m="8778" /><D103/><U6/><E6/><V16/><REACH who="2" step="1"/><F31/><REACH who="2" ten="250,250,240,250" step="2"/><N who="1" m="11849" /><E134/><V50/><F50/><W111/><G38/><T54/><D124/><U84/><E112/><V0/><F0/><W37/><G37/><T69/><D113/><U8/><E8/><V127/><F127/><W19/><G26/><T74/><D27/><U98/><E98/><AGARI ba="0,1" hai="1,7,10,13,16,22,33,34,35,76,77,95,98,102" machi="98" ten="40,2600,0" yaku="1,1,54,1,53,0" doraHai="57" doraHaiUra="129" who="2" fromWho="1" sc="250,0,250,-26,240,36,250,0" /><INIT seed="1,0,0,1,0,33" ten="250,224,276,250" oya="1" hai0="78,115,28,97,56,129,99,43,93,135,20,109,89" hai1="85,23,26,10,122,0,94,70,67,1,57,79,107" hai2="46,96,123,98,112,77,92,22,25,130,50,128,83" hai3="111,9,104,119,116,39,108,49,44,118,74,24,15"/><U101/><E70/><V84/><F123/><W30/><G104/><T40/><D115/><U63/><E122/><V87/><F112/><W114/><G74/><T81/><D129/><N who="2" m="49770" /><F87/><W35/><G114/><T4/><D109/><N who="3" m="42057" /><G39/><T6/><D135/><U8/><E107/><V113/><F113/><W45/><G49/><T60/><D97/><N who="1" m="59575" /><E79/><V134/><F134/><W133/><G133/><T68/><D68/><U76/><E76/><V14/><F14/><W29/><G45/><T91/><D91/><U124/><E124/><V110/><F110/><W34/><G44/><T2/><D43/><U53/><E53/><N who="2" m="29911" /><F92/><W51/><G51/><T100/><D40/><U105/><E105/><V3/><F3/><N who="1" m="1097" /><E85/><V66/><F66/><W117/><N who="3" m="29696" /><DORA hai="75" /><W132/><G132/><T102/><D2/><U31/><AGARI ba="0,0" hai="8,10,23,26,31,57,63,67" m="1097,59575" machi="31" ten="30,11700,0" yaku="25,1,52,3" doraHai="33,75" who="1" fromWho="1" sc="250,-39,224,117,276,-39,250,-39" /><INIT seed="1,1,0,3,5,100" ten="211,341,237,211" oya="1" hai0="30,43,111,86,36,40,125,124,25,69,120,80,10" hai1="42,132,83,18,82,21,79,4,121,50,52,41,57" hai2="112,46,116,1,27,23,73,91,118,32,99,58,20" hai3="51,49,97,87,62,128,131,28,95,110,64,22,85"/><U107/><E121/><V109/><F1/><W108/><G28/><T38/><D111/><N who="3" m="42537" /><G22/><T76/><D10/><U94/><E107/><V98/><F109/><W127/><G51/><T14/><D14/><U126/><E132/><V8/><F73/><W59/><G49/><T17/><D17/><U2/><E126/><N who="0" m="48745" /><D69/><U6/><E94/><V15/><F112/><W88/><G127/><T134/><D120/><U101/><E101/><V78/><F78/><W55/><G64/><T29/><D134/><U5/><E2/><V119/><F32/><W34/><G34/><N who="0" m="20783" /><D30/><U71/><E71/><V96/><F91/><W113/><G113/><T123/><D123/><U129/><E129/><AGARI ba="1,0" hai="55,59,62,85,87,88,95,97,128,129,131" m="42537" machi="129" ten="30,3900,0" yaku="19,1,14,1,54,1" doraHai="100" who="3" fromWho="1" sc="211,0,341,-42,237,0,211,42" /><INIT seed="2,0,0,1,1,29" ten="211,299,237,253" oya="2" hai0="77,42,81,60,11,46,51,121,99,132,3,102,62" hai1="97,55,30,73,2,56,22,108,5,80,26,50,115" hai2="33,85,131,0,69,93,82,34,35,17,94,86,76" hai3="52,110,95,105,71,133,66,120,61,125,53,107,100"/><V13/><F0/><W75/><G120/><T47/><D121/><U67/><E115/><V117/><F117/><W122/><G122/><T78/><D132/><U88/><E108/><V27/><F69/><W15/><G110/><T109/><D109/><U28/><E73/><V64/><F64/><W4/><G75/><T84/><D78/><U32/><E2/><V116/><F116/><W39/><G39/><T72/><D47/><U130/><E130/><V68/><F68/><W111/><G111/><T79/><D79/><U38/><E5/><V24/><F131/><W112/><G133/><T113/><D113/><U12/><E38/><V31/><F24/><W101/><G112/><T129/><D129/><U20/><E30/><V114/><F114/><W40/><G40/><T63/><D3/><U87/><E12/><V14/><F14/><W45/><G125/><T127/><D127/><U58/><REACH who="1" step="1"/><E97/><REACH who="1" ten="211,289,237,253" step="2"/><V70/><F70/><W41/><G15/><T65/><D72/><U118/><E118/><V9/><REACH who="2" step="1"/><F85/><REACH who="2" ten="211,289,227,253" step="2"/><W96/><G4/><T74/><D84/><U123/><E123/><V54/><F54/><W16/><G53/><T106/><D11/><U92/><E92/><AGARI ba="0,2" hai="9,13,17,27,31,33,34,35,76,82,86,92,93,94" machi="92" ten="40,12000,1" yaku="1,1,52,3,53,0" doraHai="29" doraHaiUra="37" who="2" fromWho="1" sc="211,0,289,-120,227,140,253,0" /><INIT seed="2,1,0,0,1,1" ten="211,169,367,253" oya="2" hai0="135,6,114,128,18,89,129,93,125,9,132,74,119" hai1="106,72,108,57,131,80,43,102,62,52,46,10,13" hai2="95,20,26,67,73,118,100,29,130,21,104,56,112" hai3="54,50,70,66,61,28,90,40,121,39,69,110,33"/><V15/><F118/><W2/><G121/><T32/><D32/><U113/><E108/><V91/><F112/><W19/><G110/><T5/><D74/><U134/><E131/><N who="0" m="50249" /><D93/><U65/><E134/><N who="0" m="51241" /><D89/><U117/><E113/><V17/><F130/><W24/><G2/><T86/><D86/><U109/><E109/><V58/><F73/><W94/><G19/><T81/><D81/><U41/><E117/><V47/><F100/><W133/><G133/><T116/><D114/><U11/><E11/><V55/><F104/><W27/><G27/><T101/><D101/><U51/><E106/><V14/><F14/><W60/><G90/><T96/><D96/><U97/><E72/><V115/><F115/><W111/><G111/><T105/><D105/><U44/><E80/><V122/><F95/><W98/><G98/><T31/><D125/><U16/><E102/><V107/><F91/><W34/><G94/><T78/><D78/><U4/><E97/><V85/><F85/><W126/><G126/><T45/><D31/><U103/><E103/><V71/><F107/><W88/><G88/><T82/><D82/><U3/><REACH who="1" step="1"/><E46/><REACH who="1" ten="211,159,367,253" step="2"/><V77/><F47/><W49/><G39/><T59/><D45/><U48/><E48/><V64/><F77/><W68/><G49/><T0/><D59/><U83/><E83/><V53/><F56/><W7/><G70/><T76/><D76/><U35/><E35/><V42/><F58/><W127/><G34/><T123/><D123/><U84/><E84/><V23/><F71/><W79/><G69/><T99/><D99/><U120/><E120/><RYUUKYOKU ba="1,1" sc="211,-10,159,30,367,-10,253,-10" hai1="3,4,10,13,16,41,43,44,51,52,57,62,65" /><INIT seed="3,2,1,5,1,0" ten="201,189,357,243" oya="3" hai0="54,51,38,78,69,36,127,59,115,50,100,22,79" hai1="80,61,132,41,49,24,109,67,90,83,71,92,52" hai2="10,72,82,70,121,77,32,129,91,14,93,46,20" hai3="128,104,66,57,130,12,112,99,18,111,39,116,5"/><W31/><G116/><T53/><D127/><U45/><E109/><V43/><F32/><W56/><G112/><T9/><D69/><U42/><E132/><V25/><F70/><W27/><G39/><T73/><D115/><U86/><E24/><V60/><F121/><W81/><G81/><T101/><D36/><U120/><E120/><V110/><F110/><W118/><G118/><T84/><D38/><U88/><REACH who="1" step="1"/><E83/><REACH who="1" ten="201,179,357,243" step="2"/><V74/><F25/><W96/><G111/><T125/><D125/><U40/><E40/><V6/><F43/><W105/><G105/><T114/><D114/><U58/><E58/><N who="3" m="22634" /><G104/><T30/><D59/><U17/><E17/><V117/><F117/><W119/><G119/><T8/><D30/><U48/><E48/><V103/><F82/><W122/><G122/><T64/><D51/><U102/><E102/><V95/><F103/><W65/><G65/><T16/><D50/><U15/><E15/><V4/><F14/><W87/><G66/><T63/><D64/><U94/><E94/><V28/><F93/><W3/><G3/><T113/><D113/><U131/><E131/><N who="3" m="50218" /><G18/><T134/><D16/><U89/><E89/><V108/><F129/><W47/><G47/><T124/><D100/><U7/><E7/><V44/><F4/><W135/><G135/><T13/><D101/><U123/><E123/><V126/><F46/><W2/><G2/><T29/><D134/><U21/><E21/><V19/><F44/><W37/><G37/><T33/><D124/><U34/><E34/><V1/><F126/><W85/><G12/><T76/><D13/><RYUUKYOKU ba="2,2" sc="201,-10,179,30,357,-10,243,-10" hai1="41,42,45,49,52,61,67,71,80,86,88,90,92" /><INIT seed="4,3,2,1,2,22" ten="191,209,347,233" oya="0" hai0="84,0,80,117,89,50,105,131,60,115,10,20,12" hai1="64,99,67,18,31,57,1,30,23,82,125,97,102" hai2="128,124,85,109,37,123,11,107,44,25,19,36,47" hai3="27,132,26,135,77,118,93,100,24,76,4,112,83"/><T46/><D117/><U48/><E1/><V103/><F123/><W58/><G118/><T29/><D0/><U2/><E2/><V119/><F109/><W74/><G112/><T79/><D115/><U111/><E125/><V78/><F119/><W35/><G4/><T38/><D38/><U5/><E5/><V15/><F124/><W116/><G116/><T134/><D105/><U92/><E82/><V73/><F73/><W61/><G77/><T63/><D131/><U72/><E72/><V122/><F128/><W133/><G93/><T87/><D134/><U28/><E99/><V51/><F122/><W113/><G113/><T91/><D20/><U32/><E32/><V56/><F107/><W130/><G100/><T127/><D29/><U40/><E111/><V62/><F103/><W90/><G90/><T14/><D127/><U55/><REACH who="1" step="1"/><E40/><REACH who="1" ten="191,199,347,233" step="2"/><V104/><F85/><W96/><G96/><T21/><D79/><U88/><E88/><V13/><F78/><W70/><G130/><T75/><D75/><U106/><E106/><V45/><F104/><W52/><G70/><T6/><D89/><U17/><E17/><V34/><F34/><AGARI ba="3,3" hai="24,26,27,34,35,52,58,61,74,76,83,132,133,135" machi="34" ten="50,8000,1" yaku="20,1,52,3,54,1" doraHai="22" who="3" fromWho="2" sc="191,0,199,0,347,-89,233,119" /><INIT seed="5,0,0,2,1,131" ten="191,199,258,352" oya="1" hai0="54,125,50,115,109,1,33,86,29,112,124,61,11" hai1="85,113,35,81,102,18,106,63,79,73,14,126,69" hai2="51,15,111,121,47,40,135,90,12,64,71,123,19" hai3="134,84,55,80,75,7,32,34,114,23,20,59,48"/><U5/><E35/><V58/><F111/><W53/><G75/><T68/><D29/><U65/><E113/><N who="0" m="43593" /><D33/><U116/><E126/><N who="0" m="48745" /><D1/><U31/><E116/><V127/><F127/><W101/><G114/><T91/><D11/><U62/><E31/><V120/><F71/><W66/><G66/><N who="0" m="41039" /><D86/><U39/><E5/><V100/><F100/><W133/><G101/><T97/><D97/><U95/><E85/><V82/><F135/><N who="3" m="51723" /><G34/><T74/><D74/><U70/><E73/><V87/><REACH who="2" step="1"/><F19/><REACH who="2" ten="191,199,248,352" step="2"/><W77/><G7/><T110/><D91/><U130/><E102/><V122/><N who="2" m="30720" /><DORA hai="76" /><V60/><AGARI ba="0,1" hai="12,15,40,47,51,58,60,64,82,87,90" m="30720" machi="60" ten="60,8000,1" yaku="1,1,4,1,0,1,52,1,53,1" doraHai="131,76" doraHaiUra="103,52" who="2" fromWho="2" sc="191,-20,199,-40,248,90,352,-20" /><INIT seed="6,0,0,2,5,24" ten="171,159,338,332" oya="2" hai0="103,87,46,120,83,33,86,4,125,122,85,106,95" hai1="7,133,47,61,5,78,40,68,16,110,17,73,99" hai2="71,38,97,112,123,37,80,18,12,100,49,135,90" hai3="108,57,22,82,35,72,56,70,115,117,13,116,130"/><V36/><F123/><N who="0" m="47146" /><D33/><U128/><E110/><V69/><F135/><W102/><G108/><T81/><D4/><U127/><E133/><V20/><F112/><W88/><G70/><T74/><D46/><U84/><E73/><V119/><F119/><W98/><G35/><T109/><D109/><U94/><E128/><V9/><F49/><W45/><G130/><T65/><D65/><U21/><E127/><V1/><F80/><W26/><G45/><T54/><D54/><U34/><E34/><V134/><F134/><W29/><G115/><T41/><D41/><U124/><E17/><V19/><F90/><W0/><G0/><T118/><D118/><U39/><E124/><V66/><F66/><W76/><G117/><T132/><D125/><U15/><E68/><V129/><F129/><W60/><G60/><T51/><D51/><U2/><E2/><V126/><F126/><W111/><G111/><T131/><D131/><U62/><E62/><V42/><F42/><W3/><G3/><T89/><D132/><U27/><E61/><V55/><F55/><W31/><G13/><T67/><D67/><U44/><E15/><V96/><F1/><W64/><G64/><T53/><D53/><U25/><E47/><V75/><F75/><W79/><G31/><T92/><D106/><U30/><E84/><N who="0" m="32361" /><D74/><U104/><E104/><V6/><F6/><W14/><G14/><T8/><D8/><U28/><E78/><V105/><F96/><AGARI ba="0,0" hai="81,83,87,89,92,95,96,103" m="32361,47146" machi="96" ten="30,2000,0" yaku="34,2" doraHai="24" who="0" fromWho="2" sc="171,20,159,0,338,-20,332,0" /><INIT seed="7,0,0,1,1,44" ten="191,159,318,332" oya="3" hai0="22,116,84,72,134,26,112,98,48,77,10,105,124" hai1="4,29,129,17,13,128,107,119,96,92,71,91,55" hai2="49,127,85,114,5,100,135,47,3,58,93,106,70" hai3="108,133,19,132,120,86,0,35,111,64,14,7,68"/><W31/><G120/><T97/><D116/><U101/><E29/><V99/><F127/><W122/><G122/><T110/><D124/><U40/><E4/><V115/><F70/><W54/><G86/><T38/><D38/><U42/><E71/><V1/><F135/><N who="3" m="51787" /><G7/><T63/><D110/><N who="3" m="42025" /><G0/><T61/><D105/><U73/><E73/><V62/><F5/><W57/><G64/><T109/><D109/><U104/><E119/><V37/><F37/><W123/><G123/><T94/><D72/><U118/><E118/><V59/><F1/><W103/><G103/><T9/><D134/><U56/><E107/><V21/><F3/><W75/><G75/><T69/><D69/><U12/><E12/><V60/><F21/><W131/><G131/><T81/><D112/><N who="2" m="43050" /><F85/><W34/><G31/><T90/><D98/><U113/><E113/><V65/><F106/><W78/><G78/><T88/><D77/><U24/><E104/><V28/><F28/><W2/><G2/><T74/><D74/><U11/><E101/><V18/><F18/><W6/><G6/><T41/><D10/><U80/><E80/><V25/><F25/><W126/><G126/><T82/><D9/><U102/><E102/><V125/><F125/><W43/><G43/><T76/><D81/><U45/><E24/><V121/><F121/><W27/><G27/><T8/><D76/><U52/><E42/><N who="2" m="24823" /><F65/><W15/><G68/><T67/><D67/><U83/><E83/><V23/><F23/><N who="3" m="11767" /><G15/><T53/><D8/><U51/><E40/><V16/><F16/><W39/><G39/><T66/><D66/><RYUUKYOKU ba="0,0" sc="191,-30,159,10,318,10,332,10" hai1="11,13,17,45,51,52,55,56,91,92,96,128,129" hai2="58,59,60,62,93,99,100" hai3="34,35,54,57" owari="161,-34.0,169,-23.0,328,13.0,342,44.0" /></mjloggm>