<mjloggm ver="2.3"><GO type="41" lobby="0"/><UN n0="%E2%93%9D%53%75%70%68%78" n1="%E6%B5%B7%E5%B1%B1%E9%88%8D" n2="%E5%A5%B3%E7%A5%9E%E9%99%8D%E8%87%A8" n3="%55%28%E3%83%A6%E3%82%A6%29" dan="17,14,13,14" rate="2048.32,1963.52,1825.56,1989.93" sx="M,M,F,M"/><TAIKYOKU oya="0"/><INIT seed="0,0,0,4,0,22" ten="250,250,250,250" oya="0" hai0="0,134,11,115,37,69,9,33,104,77,109,38,51" hai1="15,4,129,82,17,21,67,12,121,92,30,1,118" hai2="24,123,28,72,39,88,101,93,73,110,111,3,126" hai3="120,130,133,84,85,56,59,13,62,61,79,23,132"/><T97/><D115/><U54/><E67/><V18/><F123/><W53/><G120/><T94/><D104/><U45/><E121/><V86/><F3/><W75/><G75/><T113/><D113/><U112/><E112/><V63/><F126/><W52/><G130/><T80/><D134/><U100/><E129/><V68/><F39/><W117/><G117/><T70/><D51/><U25/><E118/><V14/><F101/><W122/><G122/><T36/><D33/><U95/><E82/><V71/><F73/><W2/><G2/><T48/><D48/><U47/><E1/><V49/><F49/><W7/><G79/><T40/><D40/><U128/><E128/><V105/><F105/><W27/><G132/><T64/><D109/><N who="2" m="41482" /><F63/><W119/><G133/><T19/><D0/><U116/><E4/><V135/><F135/><W87/><G119/><T43/><D43/><U91/><E100/><V103/><F103/><W29/><G85/><T6/><D38/><U34/><E12/><V26/><F72/><W98/><G98/><T83/><D97/><U58/><E95/><V60/><F60/><W89/><G89/><T96/><D96/><U99/><REACH who="1" step="1"/><E116/><REACH who="1" ten="250,240,250,250" step="2"/><V127/><F127/><W35/><G7/><T78/><D6/><U16/><E16/><AGARI ba="0,1" hai="13,16,23,27,29,35,52,53,56,59,61,62,84,87" machi="16" ten="40,8000,1" yaku="9,1,52,1,54,2" doraHai="22" who="3" fromWho="1" sc="250,0,240,-80,250,0,250,90" /><INIT seed="1,0,0,2,4,116" ten="250,160,250,340" oya="1" hai0="2,30,1,133,28,61,0,84,6,71,64,74,96" hai1="105,115,13,109,70,80,85,119,86,39,7,12,118" hai2="94,117,91,34,53,44,99,129,73,110,60,131,57" hai3="125,100,95,101,22,16,103,92,50,38,51,47,11"/><U82/><E7/><V49/><F117/><N who="1" m="44553" /><E39/><V21/><F110/><W3/><G125/><T33/><D133/><U75/><E70/><V87/><F34/><W56/><G38/><T17/><D74/><U24/><E24/><V113/><F73/><W69/><G69/><T98/><D6/><U58/><E58/><V124/><F113/><W104/><G104/><T41/><D33/><U45/><E45/><V78/><F124/><W54/><G11/><T76/><D30/><U83/><E75/><V35/><F35/><W72/><G3/><T10/><D28/><U31/><E31/><V43/><F21/><W27/><REACH who="3" step="1"/><G72/><REACH who="3" ten="250,160,250,330" step="2"/><T23/><D10/><U62/><E105/><V88/><REACH who="2" step="1"/><F78/><REACH who="2" ten="250,160,240,330" step="2"/><W26/><G26/><T63/><D76/><U8/><E109/><V122/><F122/><W77/><G77/><T107/><D2/><U102/><E115/><V106/><F106/><W90/><G90/><T111/><D1/><U121/><E121/><V25/><F25/><W14/><G14/><T59/><D0/><U4/><E13/><V134/><F134/><W67/><G67/><T112/><D64/><U18/><E102/><V29/><F29/><W93/><G93/><AGARI ba="0,2" hai="43,44,49,53,57,60,87,88,91,93,94,99,129,131" machi="93" ten="40,8000,1" yaku="1,1,54,1,53,2" doraHai="116" doraHaiUra="126" who="2" fromWho="3" sc="250,0,160,0,240,100,330,-80" /><INIT seed="2,0,0,5,1,33" ten="250,160,340,250" oya="2" hai0="43,102,24,9,22,72,117,93,89,132,78,60,97" hai1="14,49,70,87,124,19,36,77,75,95,94,115,6" hai2="73,100,1,108,71,15,27,5,20,111,48,122,79" hai3="133,129,7,67,40,58,63,37,13,69,2,98,65"/><V32/><F71/><W31/><G31/><T51/><D132/><U4/><E36/><V29/><F100/><W18/><G98/><T11/><D117/><U109/><E75/><V126/><F48/><W52/><G133/><T55/><D72/><U44/><E70/><V80/><F126/><W62/><G129/><T61/><D78/><U16/><E124/><V123/><F122/><W3/><G7/><T127/><D43/><U110/><E115/><V91/><F91/><W120/><G120/><T125/><D125/><U34/><E34/><V121/><F121/><W46/><G65/><T38/><D38/><U135/><E135/><V42/><F42/><W59/><G69/><T74/><D74/><U82/><E6/><V99/><F99/><W116/><G116/><T119/><D102/><U85/><E85/><V118/><F118/><W96/><G96/><T47/><D119/><U88/><E4/><V113/><F113/><W92/><G92/><T103/><D103/><U41/><E19/><N who="2" m="10367" /><F123/><W130/><G130/><T17/><REACH who="0" step="1"/><D127/><REACH who="0" ten="240,160,340,250" step="2"/><U114/><E114/><V39/><F39/><W64/><G64/><T107/><D107/><U54/><E41/><V57/><F73/><W10/><AGARI ba="0,1" hai="2,3,10,13,18,37,40,46,52,58,59,62,63,67" machi="10" ten="20,8000,1" yaku="0,1,7,1,52,2,54,1" doraHai="33" who="3" fromWho="3" sc="240,-20,160,-20,340,-40,250,90" /><INIT seed="3,0,0,3,2,12" ten="220,140,300,340" oya="3" hai0="58,135,19,108,16,13,5,83,44,50,26,98,21" hai1="39,9,101,105,41,30,64,90,89,127,73,14,29" hai2="75,113,3,122,107,52,116,63,87,131,126,123,72" hai3="28,40,48,57,32,49,100,33,112,69,117,104,125"/><W6/><G112/><T60/><D108/><U54/><E73/><V106/><F3/><W88/><G117/><T115/><D135/><U96/><E127/><V4/><F116/><W129/><G69/><T76/><D115/><U66/><E39/><V84/><F4/><W11/><G104/><N who="2" m="39977" /><F126/><W79/><G100/><T94/><D5/><U91/><E41/><V56/><F113/><W46/><G79/><T22/><D83/><U93/><E105/><V102/><F102/><W109/><G125/><T34/><D34/><U82/><E82/><V62/><F62/><W103/><G103/><N who="0" m="60887" /><D76/><U121/><E54/><V17/><F17/><W128/><G109/><T2/><D2/><U35/><E35/><V132/><F132/><W31/><G32/><T92/><D92/><U10/><E10/><V24/><F24/><W15/><G33/><T86/><D86/><N who="2" m="32810" /><F131/><W134/><G134/><T20/><D20/><U36/><E121/><AGARI ba="0,0" hai="52,56,63,72,75,121,122,123" m="32810,39977" machi="121" ten="30,2000,0" yaku="13,1,54,1" doraHai="12" who="2" fromWho="1" sc="220,0,140,-20,300,20,340,0" /><INIT seed="4,0,0,1,4,30" ten="220,120,320,340" oya="0" hai0="44,101,21,59,5,46,104,65,130,36,69,68,127" hai1="26,35,71,57,63,27,124,56,53,19,4,129,70" hai2="23,54,88,108,16,94,58,106,24,67,50,1,62" hai3="87,80,118,51,125,52,89,32,7,17,93,47,98"/><T66/><D5/><U12/><E129/><V28/><F108/><W116/><G125/><T132/><D21/><U8/><E124/><V42/><F106/><W111/><G111/><T78/><D78/><U85/><E85/><V18/><F1/><W84/><G7/><T109/><D101/><U10/><E27/><V39/><F42/><W73/><G73/><T74/><D104/><U77/><E77/><V22/><F22/><W131/><G131/><T49/><D74/><U55/><E10/><V45/><F39/><W61/><G32/><T0/><D0/><U112/><E112/><V102/><F102/><W90/><G17/><T76/><D76/><U29/><REACH who="1" step="1"/><E4/><REACH who="1" ten="220,110,320,340" step="2"/><V13/><F13/><W123/><G118/><T2/><D2/><U60/><AGARI ba="0,1" hai="8,12,19,26,29,35,53,55,56,57,60,63,70,71" machi="60" ten="20,12000,2" yaku="1,1,2,1,0,1,7,1,9,1,52,1,53,0" doraHai="30" doraHaiUra="135" who="1" fromWho="1" sc="220,-60,110,130,320,-30,340,-30" /><INIT seed="5,0,0,0,5,96" ten="160,240,290,310" oya="1" hai0="47,13,110,133,24,56,37,106,75,91,29,92,86" hai1="54,88,120,101,131,77,62,104,64,107,12,78,119" hai2="97,82,116,122,67,59,95,66,25,60,19,4,99" hai3="26,83,129,10,63,70,15,89,87,84,48,69,126"/><U123/><E119/><V27/><F122/><W40/><G126/><T22/><D133/><U41/><E41/><V72/><F116/><W51/><G129/><T111/><D75/><U94/><E131/><V135/><F135/><W49/><G26/><T36/><D106/><N who="1" m="40491" /><E12/><V112/><F112/><W39/><G39/><T85/><D111/><U1/><E54/><V46/><F4/><W57/><G40/><T6/><D110/><U32/><E1/><V113/><F113/><W90/><G69/><T17/><D6/><U35/><E62/><V43/><F67/><W103/><G70/><T7/><D7/><U115/><E64/><V23/><F72/><W14/><G10/><T0/><D0/><U93/><E115/><V80/><F99/><W55/><REACH who="3" step="1"/><G103/><REACH who="3" ten="160,240,290,300" step="2"/><T65/><D37/><U45/><E120/><V34/><F25/><W73/><G73/><T114/><D114/><U50/><E123/><V134/><F134/><W128/><G128/><T121/><D121/><U53/><E101/><N who="2" m="60607" /><F34/><W124/><G124/><T31/><D36/><U130/><E130/><V132/><F132/><W5/><G5/><T61/><D24/><U105/><E35/><V100/><F100/><W98/><G98/><T71/><D71/><U42/><E32/><V81/><F43/><W21/><G21/><T44/><REACH who="0" step="1"/><D86/><REACH who="0" ten="150,240,290,300" step="2"/><U76/><E42/><V28/><F28/><AGARI ba="0,2" hai="13,17,22,28,29,31,44,47,56,61,65,85,91,92" machi="28" ten="40,8000,1" yaku="1,1,2,1,8,1,53,1" doraHai="96" doraHaiUra="16" who="0" fromWho="2" sc="150,100,240,0,290,-80,300,0" /><INIT seed="6,0,0,5,4,129" ten="250,240,210,300" oya="2" hai0="102,2,37,87,27,29,0,132,52,70,3,131,49" hai1="125,81,112,94,12,106,100,89,31,21,78,26,88" hai2="124,90,30,57,8,54,64,92,10,19,59,5,101" hai3="13,76,128,23,98,93,111,109,104,28,34,41,105"/><V47/><F124/><W110/><G41/><T73/><D73/><U61/><E125/><V83/><F30/><W33/><G76/><T14/><D37/><U120/><E120/><V44/><F83/><W126/><G126/><T118/><D70/><U65/><E112/><V79/><F79/><W9/><G128/><T46/><D131/><U45/><E45/><V77/><F77/><W107/><G23/><T17/><D102/><U130/><E130/><V72/><F72/><W85/><G85/><T25/><D118/><U42/><E42/><V97/><F101/><W1/><G1/><T74/><D74/><U115/><E115/><V108/><F108/><W18/><REACH who="3" step="1"/><G28/><REACH who="3" ten="250,240,210,290" step="2"/><T69/><D87/><N who="1" m="48567" /><E106/><V39/><F39/><W56/><G56/><T62/><D29/><U4/><E4/><V86/><F59/><W68/><G68/><T40/><D69/><U60/><E12/><N who="2" m="5135" /><F86/><W116/><G116/><T119/><D119/><U50/><E50/><N who="2" m="30935" /><F64/><W96/><G96/><T6/><D3/><U15/><E15/><AGARI ba="0,1" hai="10,15,19,44,47,90,92,97" m="30935,5135" machi="15" ten="30,1500,0" yaku="8,1" doraHai="129" who="2" fromWho="1" sc="250,0,240,-15,210,25,290,0" /><INIT seed="6,1,0,5,2,96" ten="250,225,235,290" oya="2" hai0="32,119,125,45,105,62,73,128,117,30,18,112,59" hai1="110,120,17,126,113,108,131,12,7,53,72,44,104" hai2="68,57,82,40,87,101,50,9,5,106,46,89,65" hai3="122,133,4,43,111,35,37,2,56,22,74,55,121"/><V29/><F68/><W88/><G111/><T14/><D73/><U21/><E72/><V8/><F29/><W130/><G35/><T10/><D112/><U34/><E104/><V60/><REACH who="2" step="1"/><F5/><REACH who="2" ten="250,225,225,290" step="2"/><W77/><G4/><T107/><D30/><U98/><E7/><V66/><F66/><W42/><G122/><T118/><D118/><U51/><E108/><V100/><F100/><W94/><G121/><T15/><D119/><U41/><E110/><V79/><F79/><W76/><G77/><T129/><D117/><U132/><E120/><V103/><F103/><W92/><G76/><T116/><D116/><U54/><E113/><V114/><F114/><W67/><G67/><T58/><D129/><U97/><E131/><V80/><F80/><W39/><G130/><T115/><D128/><U91/><E132/><V38/><F38/><W47/><G133/><T83/><D83/><U20/><E126/><V95/><F95/><W49/><G92/><T3/><D115/><U26/><E34/><V134/><F134/><W25/><G39/><T86/><D107/><U69/><E69/><V19/><F19/><W48/><G37/><T84/><D105/><U123/><E123/><V36/><F36/><W75/><G94/><T81/><D32/><U102/><E91/><V28/><F28/><W93/><G93/><T135/><D125/><U23/><E102/><V71/><F71/><W0/><G88/><T70/><D70/><U63/><E17/><V27/><F27/><W85/><G25/><T11/><D135/><U109/><E26/><V78/><F78/><W13/><G75/><RYUUKYOKU ba="1,1" sc="250,-10,225,-10,225,30,290,-10" hai2="8,9,40,46,50,57,60,65,82,87,89,101,106" /><INIT seed="6,2,1,4,4,127" ten="240,215,255,280" oya="2" hai0="25,94,48,41,13,69,57,98,31,81,51,80,18" hai1="118,9,133,44,62,52,42,126,28,116,66,78,61" hai2="0,102,39,47,95,35,10,27,36,84,135,125,130" hai3="56,73,79,46,87,128,108,60,103,65,121,22,50"/><V93/><F125/><W33/><G108/><T114/><D69/><U43/><E28/><V129/><F135/><W77/><G121/><T8/><D114/><U64/><E78/><V53/><F93/><W100/><G33/><T15/><D15/><U132/><E9/><V2/><F39/><W109/><G73/><T123/><D123/><U63/><E126/><V74/><F74/><W59/><G109/><T112/><D112/><U24/><E24/><V75/><F75/><W88/><G128/><N who="2" m="49257" /><F35/><W68/><G22/><N who="0" m="15799" /><D41/><N who="1" m="15371" /><E52/><V71/><F71/><W17/><G68/><T32/><D32/><U120/><E44/><V70/><F70/><W89/><G56/><T122/><D122/><U26/><E26/><V96/><F36/><W124/><G124/><T72/><D72/><U49/><E49/><N who="0" m="19017" /><D57/><U20/><E20/><V106/><F27/><W1/><G59/><T86/><D86/><U85/><E85/><V4/><F47/><W76/><G46/><T40/><D40/><U54/><E54/><V5/><F53/><W99/><G50/><T107/><D107/><U19/><E19/><V34/><F34/><W3/><G17/><T83/><D83/><U91/><E91/><AGARI ba="2,1" hai="8,13,18,80,81,91,94,98" m="19017,15799" machi="91" ten="30,1000,0" yaku="8,1" doraHai="127" who="0" fromWho="1" sc="240,26,215,-16,255,0,280,0" /><INIT seed="7,0,0,2,5,97" ten="266,199,255,280" oya="3" hai0="5,0,87,110,6,125,109,18,10,21,131,4,51" hai1="96,62,130,14,63,80,103,54,24,94,7,113,2" hai2="69,91,90,22,74,116,123,101,31,38,13,61,33" hai3="64,88,82,32,11,56,121,65,59,42,67,60,128"/><W114/><G121/><T133/><D51/><U9/><E130/><V28/><F116/><W127/><G32/><T57/><D57/><U39/><E39/><V79/><F38/><W75/><G128/><T95/><D87/><U77/><E113/><V45/><F33/><W98/><G114/><T99/><D131/><U93/><E2/><V118/><F118/><W66/><G127/><T126/><D95/><U86/><E54/><V44/><F123/><W104/><G42/><T43/><D99/><U134/><E134/><V120/><F120/><W29/><G29/><N who="2" m="11337" /><F74/><W35/><G35/><T129/><D43/><U78/><E24/><V111/><F79/><W89/><G59/><T23/><D129/><U3/><E94/><V47/><F111/><N who="0" m="42506" /><D133/><U107/><E107/><V135/><F135/><W55/><G104/><T30/><D30/><U112/><E112/><V25/><F13/><W105/><G105/><T48/><D48/><U132/><E132/><V8/><F8/><W70/><G70/><T16/><D10/><U73/><E78/><V27/><F69/><W106/><G11/><T68/><D68/><U122/><E122/><V12/><F61/><W41/><G41/><T76/><D76/><U108/><E108/><V46/><N who="2" m="11264" /><DORA hai="19" /><V50/><F101/><N who="3" m="62775" /><G75/><T117/><D0/><U84/><REACH who="1" step="1"/><E3/><REACH who="1" ten="266,189,255,280" step="2"/><V72/><F27/><W36/><G36/><T102/><D117/><U15/><E15/><V85/><F12/><W49/><G67/><T17/><D102/><U115/><E115/><V20/><F25/><W92/><G66/><T34/><D34/><U37/><E37/><RYUUKYOKU ba="0,1" sc="266,15,189,15,255,-15,280,-15" hai0="4,5,6,16,17,18,21,23,125,126" hai1="7,9,14,62,63,73,77,80,84,86,93,96,103" /><INIT seed="8,1,1,0,5,58" ten="281,204,240,265" oya="0" hai0="15,93,26,92,61,84,128,117,71,55,45,35,5" hai1="3,27,49,23,135,16,98,115,113,10,82,108,101" hai2="57,37,97,131,130,32,126,77,65,20,129,62,21" hai3="19,52,90,44,96,125,70,112,66,107,72,76,48"/><T94/><D117/><U102/><E108/><V116/><F32/><W7/><G112/><N who="1" m="43082" /><E82/><V50/><F37/><W34/><G125/><T114/><D128/><U42/><E135/><V100/><F116/><W110/><G110/><T103/><D114/><U64/><E64/><V111/><F111/><W25/><G7/><T4/><D103/><U1/><E101/><V95/><F126/><W47/><G19/><T127/><D127/><U24/><E10/><V122/><F122/><W124/><G124/><T85/><D71/><U88/><E27/><V28/><F77/><W36/><G76/><T118/><D26/><U14/><E24/><V121/><F121/><W133/><G72/><T120/><D120/><U134/><E134/><V30/><REACH who="2" step="1"/><F50/><REACH who="2" ten="281,204,230,265" step="2"/><W132/><G36/><T63/><D35/><U91/><E49/><V67/><F67/><W119/><G119/><T78/><D78/><U29/><E42/><V80/><F80/><W12/><G132/><T39/><D118/><U8/><E29/><AGARI ba="1,2" hai="20,21,28,29,30,57,62,65,95,97,100,129,130,131" machi="29" ten="40,5200,0" yaku="1,1,19,1,52,1,53,0" doraHai="58" doraHaiUra="6" who="2" fromWho="1" sc="281,0,204,-55,230,75,265,0" owari="281,8.0,149,-35.0,305,40.0,265,-13.0" /></mjloggm>