<mjloggm ver="2.3"><GO type="41" lobby="0"/><UN n0="%61%31%32%33%34%35%36%37" n1="%E3%81%9D%E3%82%8C%E3%81%AF%E3%82%A2%E3%82%A6%E3%83%88%EF%BC%81" n2="%E2%93%9D%53%75%70%68%78" n3="%50%61%6C%69%6F%74%6F%6C" dan="14,14,18,14" rate="1944.21,1937.51,2067.49,1987.78" sx="M,M,M,M"/><TAIKYOKU oya="0"/><INIT seed="0,0,0,4,0,46" ten="250,250,250,250" oya="0" hai0="115,29,10,104,52,93,101,95,30,11,43,80,55" hai1="99,53,76,134,135,96,98,113,88,19,22,33,24" hai2="131,21,105,62,36,2,34,120,12,112,71,128,16" hai3="69,122,130,9,94,18,4,92,42,100,72,0,38"/><T44/><D115/><U57/><E33/><V82/><F112/><W83/><G69/><T90/><D104/><U64/><E64/><V78/><F36/><W121/><G18/><T123/><D123/><U87/><E76/><V102/><F2/><W70/><G70/><T74/><D101/><U66/><E66/><V67/><F34/><W54/><G54/><T56/><D74/><U15/><E113/><V77/><F120/><N who="3" m="46187" /><G100/><T117/><D117/><U126/><E126/><V91/><F91/><W125/><G125/><T132/><D132/><U106/><E106/><V116/><F116/><W110/><G110/><T109/><D109/><U85/><E85/><V48/><F102/><W81/><G130/><N who="2" m="49705" /><F105/><W73/><G83/><T50/><D55/><U5/><E5/><V118/><F118/><W63/><G63/><N who="0" m="36231" /><D80/><U23/><E135/><V114/><F114/><W31/><G31/><N who="0" m="11787" /><D95/><N who="3" m="36393" /><G81/><T3/><D3/><U108/><E134/><V37/><F78/><W1/><G0/><T86/><AGARI ba="0,0" hai="10,11,43,44,50,86,90,93" m="11787,36231" machi="86" ten="30,6000,0" yaku="8,1,52,1,54,1" doraHai="46" who="0" fromWho="0" sc="250,60,250,-20,250,-20,250,-20" /><INIT seed="0,1,0,1,3,68" ten="310,230,230,230" oya="0" hai0="66,26,105,58,128,50,35,56,102,127,18,36,76" hai1="94,73,93,90,32,59,13,104,124,98,95,41,34" hai2="30,23,1,119,16,74,64,87,89,91,92,53,27" hai3="103,63,25,99,4,54,106,67,80,82,61,15,51"/><T21/><D127/><U114/><E73/><V0/><F74/><W101/><G103/><T62/><D128/><U130/><E130/><V42/><F119/><W29/><G4/><T113/><D113/><U116/><E116/><V112/><F112/><W11/><G63/><T45/><D35/><U14/><E104/><V33/><F64/><W47/><G15/><T97/><D76/><U37/><E114/><V9/><F42/><W10/><G82/><T57/><REACH who="0" step="1"/><D36/><REACH who="0" ten="300,230,230,230" step="2"/><U132/><E124/><V108/><F33/><W70/><G80/><T8/><D8/><U129/><E34/><AGARI ba="1,1" hai="10,11,25,29,34,47,51,54,61,67,70,99,101,106" machi="34" ten="30,3900,0" yaku="7,1,25,2" doraHai="68" who="3" fromWho="1" sc="300,0,230,-42,230,0,230,52" /><INIT seed="1,0,0,1,2,71" ten="300,188,230,282" oya="1" hai0="21,102,7,97,100,82,49,19,64,125,130,55,70" hai1="35,2,20,31,39,87,65,67,52,0,73,129,84" hai2="29,98,38,34,96,89,131,101,90,95,11,107,99" hai3="72,8,74,124,91,22,37,44,24,4,128,32,93"/><U40/><E73/><V115/><F131/><W15/><G128/><T53/><D125/><U117/><E129/><V85/><F115/><W127/><G32/><T42/><D130/><U66/><E35/><V50/><F38/><W69/><G69/><T61/><D7/><U135/><E117/><V103/><F11/><W79/><G79/><T10/><D10/><U28/><E20/><V1/><F50/><W75/><G44/><T9/><D9/><U120/><E120/><V3/><F29/><N who="1" m="11337" /><E40/><V109/><F34/><W26/><G22/><T112/><D112/><U56/><E56/><V27/><F27/><W54/><G54/><T123/><D123/><U106/><E106/><V43/><F43/><W5/><G5/><T111/><D82/><U33/><E33/><V41/><F41/><W57/><G57/><T17/><D21/><U113/><E113/><V6/><F6/><W86/><REACH who="3" step="1"/><G37/><REACH who="3" ten="300,188,230,272" step="2"/><T116/><D70/><U76/><E76/><V121/><F121/><W81/><G81/><T83/><D83/><U132/><E52/><V62/><F3/><N who="1" m="1065" /><E39/><V133/><F1/><W25/><AGARI ba="0,1" hai="4,8,15,24,25,26,72,74,75,86,91,93,124,127" machi="25" ten="40,2700,0" yaku="1,1,0,1,53,0" doraHai="71" doraHaiUra="122" who="3" fromWho="3" sc="300,-7,188,-13,230,-7,272,37" /><INIT seed="2,0,0,1,5,93" ten="293,175,223,309" oya="2" hai0="5,22,98,128,115,119,130,0,42,92,71,135,83" hai1="72,108,43,17,14,30,100,59,129,106,78,87,52" hai2="94,96,19,86,3,4,46,101,75,116,9,11,45" hai3="63,82,26,103,131,8,69,90,132,60,89,36,97"/><V99/><F116/><W74/><G36/><T35/><D115/><U84/><E43/><V53/><F75/><W124/><G132/><T12/><D35/><U76/><E30/><V79/><F53/><W91/><G124/><T2/><D135/><U41/><E41/><V110/><F110/><W56/><G69/><T49/><D71/><U61/><E108/><V27/><F79/><W15/><G26/><T70/><D70/><U44/><E44/><V73/><F73/><W123/><G123/><T113/><D113/><U18/><E129/><N who="0" m="49769" /><D83/><U40/><E40/><V62/><F62/><W66/><G63/><T29/><D29/><U1/><E1/><V111/><F111/><W47/><G47/><N who="0" m="25847" /><D119/><U77/><E72/><V109/><F109/><W6/><G131/><T118/><D118/><U64/><E18/><V13/><F86/><W32/><G32/><T24/><D24/><U107/><E107/><V67/><F67/><W51/><G51/><T121/><D121/><U133/><E133/><V28/><REACH who="2" step="1"/><F99/><REACH who="2" ten="293,175,213,309" step="2"/><W122/><G122/><T112/><D112/><U33/><E64/><V80/><F80/><W21/><G74/><T114/><D114/><U95/><E84/><V81/><F81/><W105/><G82/><T48/><D98/><U65/><E87/><V58/><F58/><W127/><G127/><T88/><D92/><U85/><E95/><V10/><F10/><W16/><G6/><T39/><D5/><U23/><E76/><V20/><AGARI ba="0,1" hai="3,4,9,11,13,19,20,27,28,45,46,94,96,101" machi="20" ten="20,7800,0" yaku="1,1,0,1,7,1,52,1,53,0" doraHai="93" doraHaiUra="38" who="2" fromWho="2" sc="293,-26,175,-26,213,88,309,-26" /><INIT seed="2,1,0,1,1,49" ten="267,149,301,283" oya="2" hai0="21,125,16,13,55,74,25,10,103,62,94,17,15" hai1="113,104,19,2,12,111,51,123,63,18,54,52,8" hai2="85,46,99,132,34,35,90,124,135,1,95,121,102" hai3="39,98,27,101,105,28,81,77,93,68,31,43,127"/><V128/><F1/><W14/><G68/><T107/><D125/><U42/><E104/><V40/><F121/><W64/><G64/><T60/><D74/><U122/><E113/><V41/><F128/><W83/><G127/><T91/><D107/><U26/><E2/><V92/><F124/><W33/><G28/><T109/><D103/><U47/><E111/><V133/><REACH who="2" step="1"/><F41/><REACH who="2" ten="267,149,291,283" step="2"/><W106/><G43/><T22/><D109/><U112/><E112/><V120/><F120/><N who="1" m="46121" /><E63/><V73/><F73/><W80/><G39/><AGARI ba="1,1" hai="34,35,39,40,46,85,90,92,95,99,102,132,133,135" machi="39" ten="40,3900,0" yaku="1,1,20,1,53,0" doraHai="49" doraHaiUra="79" who="2" fromWho="3" sc="267,0,149,0,291,52,283,-42" /><INIT seed="2,2,0,4,2,94" ten="267,149,343,241" oya="2" hai0="100,18,41,91,88,75,121,67,48,90,3,124,31" hai1="123,53,71,9,32,115,30,29,82,33,13,114,25" hai2="22,87,73,50,39,38,127,44,112,5,92,42,116" hai3="79,132,129,102,120,77,12,6,64,66,119,65,15"/><V104/><F104/><W78/><G120/><T34/><D121/><U125/><E71/><V4/><F73/><W20/><G119/><T47/><D124/><U111/><E123/><V81/><F112/><W74/><G74/><T16/><D3/><U27/><E125/><V117/><F127/><W56/><G129/><T2/><D2/><U45/><E82/><V96/><F39/><W69/><G69/><T128/><D128/><U43/><E53/><V80/><F80/><W63/><G132/><T101/><D67/><U84/><E84/><V130/><F38/><W68/><G68/><T131/><D131/><U110/><E45/><V133/><F133/><W62/><G102/><T93/><D75/><U37/><E37/><V58/><F130/><W8/><G56/><T14/><D34/><U28/><E28/><V7/><F22/><W109/><G109/><N who="1" m="41482" /><E43/><V61/><F87/><W76/><N who="3" m="19456" /><DORA hai="118" /><W54/><G54/><T107/><D31/><U89/><E89/><N who="0" m="34409" /><D107/><U35/><E33/><V59/><F81/><W60/><REACH who="3" step="1"/><G20/><REACH who="3" ten="267,149,343,231" step="2"/><N who="0" m="11287" /><D18/><AGARI ba="2,1" hai="9,13,18,25,27,29,30,32,35,114,115" m="41482" machi="18" ten="30,3900,0" yaku="14,1,34,2" doraHai="94,118" who="1" fromWho="0" sc="267,-45,149,55,343,0,231,0" /><INIT seed="3,0,0,1,5,132" ten="222,204,343,231" oya="3" hai0="84,31,109,61,9,52,68,107,15,43,50,87,12" hai1="76,119,120,125,77,70,25,110,104,75,98,1,71" hai2="93,103,44,21,135,123,112,35,113,69,4,8,72" hai3="18,106,100,14,124,49,5,37,58,108,13,46,89"/><W62/><G37/><T3/><D109/><U97/><E25/><V122/><F72/><W24/><G108/><T117/><D107/><U17/><E110/><V96/><F69/><W130/><G130/><T51/><D117/><U30/><E30/><V82/><F35/><W101/><G106/><T29/><D3/><U60/><E17/><V128/><F82/><W54/><G124/><T66/><D43/><U115/><E115/><V102/><F44/><W22/><G89/><T83/><D50/><U48/><E48/><V19/><F103/><W118/><G118/><T6/><D15/><U95/><E1/><N who="2" m="15" /><F135/><W129/><G129/><T10/><D10/><U81/><E119/><V85/><F85/><W40/><G14/><T2/><D87/><U42/><E120/><N who="2" m="46123" /><F128/><W80/><G80/><T67/><D2/><U32/><E32/><V91/><F102/><W134/><G134/><T0/><D0/><U28/><E71/><V34/><F34/><W23/><REACH who="3" step="1"/><G5/><REACH who="3" ten="222,204,343,221" step="2"/><T38/><D38/><U16/><E104/><V74/><F113/><W111/><G111/><T41/><D83/><U131/><E81/><V7/><F7/><W56/><G56/><T47/><D68/><U20/><E70/><V57/><F57/><W53/><G53/><T45/><D52/><U90/><E131/><V133/><F133/><W73/><G73/><T78/><D6/><U33/><E75/><V121/><F74/><W114/><G114/><T79/><D45/><U126/><E90/><N who="2" m="55351" /><F112/><W65/><G65/><T36/><D67/><U94/><E77/><V64/><F121/><W26/><G26/><RYUUKYOKU ba="0,1" sc="222,-10,204,-10,343,-10,221,30" hai3="13,18,22,23,24,40,46,49,54,58,62,100,101" /><INIT seed="3,1,1,0,1,91" ten="212,194,333,251" oya="3" hai0="82,49,29,42,100,75,121,125,51,5,61,73,122" hai1="132,63,71,72,85,74,96,116,69,9,26,129,45" hai2="107,106,38,68,58,92,113,133,25,0,95,126,112" hai3="102,43,130,20,33,111,10,48,40,34,128,103,15"/><W44/><G20/><T76/><D125/><U23/><E116/><V19/><F68/><W16/><G43/><T66/><D73/><U1/><E129/><N who="3" m="49770" /><G111/><T17/><D5/><U37/><E132/><V90/><F38/><W88/><G88/><T83/><D29/><U115/><E115/><V65/><F133/><W57/><G57/><T104/><D82/><U56/><E85/><V35/><F58/><W22/><G22/><T118/><D17/><U131/><E71/><V97/><F19/><W6/><G6/><T41/><D118/><U4/><E69/><V39/><F39/><W135/><G135/><T81/><D81/><U18/><E131/><V2/><F90/><W80/><G80/><T36/><D42/><U11/><E11/><V79/><F113/><W108/><G108/><T117/><D36/><U3/><E3/><V120/><F112/><W7/><G7/><T14/><D41/><U12/><E1/><V89/><F89/><W54/><G40/><T28/><D117/><U77/><E45/><V134/><F134/><W32/><AGARI ba="1,1" hai="10,15,16,32,33,34,44,48,54,102,103" m="49770" machi="32" ten="40,3900,0" yaku="19,1,54,1" doraHai="91" who="3" fromWho="3" sc="212,-14,194,-14,333,-14,251,52" /><INIT seed="3,2,0,1,1,133" ten="198,180,319,303" oya="3" hai0="41,70,134,53,117,14,7,5,76,65,130,69,13" hai1="33,55,8,52,21,1,125,132,92,115,10,107,87" hai2="59,122,0,34,135,106,74,71,43,64,15,121,49" hai3="89,56,109,44,54,129,6,20,120,131,12,123,42"/><W37/><G89/><T77/><D53/><U50/><E107/><V73/><F0/><W2/><G2/><T57/><D57/><U58/><E33/><V110/><F34/><W68/><G68/><T25/><D25/><U29/><E115/><V60/><F106/><W90/><G90/><T114/><D134/><U17/><E132/><V95/><F110/><W51/><G109/><T105/><D105/><U84/><E29/><V62/><F15/><W97/><G97/><T119/><D114/><U93/><E1/><V9/><F9/><W98/><G98/><T48/><D48/><U83/><E87/><V103/><F95/><N who="1" m="36425" /><E125/><V23/><F103/><W104/><G104/><T27/><D27/><N who="1" m="14767" /><E55/><V11/><F135/><W78/><G78/><AGARI ba="2,0" hai="8,10,50,52,58,78,83,84" m="14767,36425" machi="78" ten="30,2000,0" yaku="8,1,54,1" doraHai="133" who="1" fromWho="3" sc="198,0,180,26,319,0,303,-26" /><INIT seed="4,0,0,2,2,118" ten="198,206,319,277" oya="0" hai0="120,9,107,4,126,130,12,113,61,79,64,67,41" hai1="53,21,82,14,73,127,89,59,134,125,121,117,1" hai2="18,85,97,108,106,37,23,22,70,35,42,17,19" hai3="28,52,114,55,25,104,135,13,87,26,60,100,7"/><T86/><D120/><U110/><E1/><V43/><F35/><W83/><G114/><T101/><D113/><U98/><E110/><V44/><F70/><W99/><G135/><T122/><D126/><U123/><E117/><V56/><F108/><W74/><G74/><T77/><D130/><U72/><E134/><V27/><F43/><W66/><G26/><T69/><D67/><U24/><E14/><V80/><F56/><W16/><G7/><T38/><D107/><U95/><E73/><V29/><F97/><W115/><G115/><T105/><D105/><U50/><E82/><V63/><F63/><W33/><G87/><T71/><D101/><U94/><E94/><V3/><F3/><W30/><G30/><T129/><D71/><U0/><E0/><V11/><F11/><W15/><G15/><T131/><D122/><U93/><E95/><V46/><F46/><W62/><G83/><T20/><D20/><U103/><E103/><V91/><REACH who="2" step="1"/><F106/><REACH who="2" ten="198,206,309,277" step="2"/><W10/><G62/><T116/><D116/><U90/><E127/><V47/><F47/><W119/><G119/><T128/><D86/><U68/><E125/><V111/><F111/><W58/><AGARI ba="0,1" hai="10,13,16,25,28,33,52,55,58,60,66,99,100,104" machi="58" ten="20,5200,0" yaku="0,1,7,1,54,2" doraHai="118" who="3" fromWho="3" sc="198,-26,206,-13,309,-13,277,62" /><INIT seed="5,0,0,4,4,35" ten="172,193,296,339" oya="1" hai0="43,79,122,36,134,110,135,131,8,46,117,132,6" hai1="48,31,129,34,67,75,111,127,120,118,84,45,93" hai2="7,5,85,4,98,83,55,17,22,103,54,68,114" hai3="101,30,121,72,47,9,56,49,61,28,106,105,73"/><U41/><E75/><V12/><F68/><W88/><G121/><T89/><D122/><U99/><E120/><V95/><REACH who="2" step="1"/><F114/><REACH who="2" ten="172,193,286,339" step="2"/><W77/><G106/><T102/><D110/><U81/><E111/><V87/><F87/><W66/><G73/><T100/><D117/><U90/><E118/><V50/><F50/><W133/><G72/><T40/><D131/><U3/><E129/><V92/><F92/><W97/><G133/><T70/><D70/><U32/><E127/><V53/><F53/><W80/><G49/><T91/><D40/><U108/><E108/><V115/><F115/><W27/><G80/><T112/><D112/><U59/><E67/><V29/><F29/><W11/><G30/><T1/><REACH who="0" step="1"/><D79/><AGARI ba="0,1" hai="4,5,7,12,17,22,54,55,79,83,85,95,98,103" machi="79" ten="40,2600,0" yaku="1,1,8,1,53,0" doraHai="35" doraHaiUra="130" who="2" fromWho="0" sc="172,-26,193,0,286,36,339,0" /><INIT seed="6,0,0,0,0,36" ten="146,193,322,339" oya="2" hai0="25,124,28,40,64,108,59,114,9,63,29,12,128" hai1="103,72,7,50,96,84,132,91,101,86,68,23,94" hai2="2,129,66,76,20,34,115,1,30,57,42,69,54" hai3="60,26,67,70,19,74,37,126,93,21,118,35,97"/><V27/><F115/><W10/><G74/><T45/><D108/><U52/><E68/><V117/><F117/><W135/><G118/><T33/><D114/><U13/><E72/><V6/><F129/><W111/><G37/><T43/><D128/><U112/><E112/><V130/><F130/><W48/><G111/><T109/><D124/><U62/><E132/><V41/><F76/><W87/><G35/><T47/><D109/><U16/><E7/><V75/><F75/><W77/><G135/><T106/><D106/><U125/><E62/><V73/><F73/><W49/><G10/><T100/><D100/><N who="1" m="38475" /><E125/><V134/><F134/><W56/><G70/><T85/><D85/><U65/><E65/><V88/><F34/><W120/><G120/><T3/><D3/><U92/><E94/><V0/><F6/><W18/><G18/><T90/><D90/><U55/><E55/><V32/><F32/><W81/><G126/><T80/><D80/><U107/><E107/><V110/><F110/><W46/><G46/><AGARI ba="0,0" hai="13,16,23,46,50,52,84,86,91,92,96" m="38475" machi="46" ten="30,3900,0" yaku="8,1,54,2" doraHai="36" who="1" fromWho="3" sc="146,0,193,39,322,0,339,-39" /><INIT seed="7,0,0,1,5,117" ten="146,232,322,300" oya="3" hai0="88,26,96,129,130,65,134,86,41,48,82,3,87" hai1="43,39,49,5,52,23,73,59,79,38,81,40,74" hai2="106,57,115,37,2,47,119,127,8,56,46,99,107" hai3="66,58,92,0,122,33,124,133,118,93,50,54,7"/><W114/><G118/><T30/><D134/><U104/><E104/><V27/><F127/><W53/><G33/><T69/><D3/><U55/><E73/><V85/><F115/><W21/><G114/><T90/><D96/><U111/><E111/><V91/><F27/><W13/><G0/><T19/><D19/><U34/><E34/><V121/><F121/><W63/><G122/><T94/><D41/><U14/><E39/><V35/><F35/><W95/><G133/><T44/><D65/><U76/><E76/><V10/><F2/><W9/><G124/><T36/><D36/><U64/><E64/><V72/><F72/><W32/><G32/><T11/><D11/><U75/><E75/><V28/><F28/><W31/><G50/><T18/><D18/><U61/><E38/><V116/><F37/><W83/><G83/><T29/><D69/><U77/><E79/><V60/><F60/><W51/><G51/><T98/><D98/><U42/><E42/><V15/><F99/><W71/><G71/><T22/><D29/><U110/><E110/><V70/><F70/><W68/><G68/><T25/><D25/><AGARI ba="0,0" hai="7,9,13,21,25,31,53,54,58,63,66,92,93,95" machi="25" ten="40,2000,0" yaku="8,1" doraHai="117" who="3" fromWho="0" sc="146,-20,232,0,322,0,300,20" /><INIT seed="7,1,0,0,0,94" ten="126,232,322,320" oya="3" hai0="69,135,40,29,88,117,34,125,57,11,52,42,63" hai1="46,8,129,128,67,64,74,92,109,114,37,93,5" hai2="24,126,22,16,86,103,48,121,133,45,36,53,111" hai3="130,113,56,51,99,110,15,39,1,96,28,84,35"/><W6/><G39/><T87/><D117/><U12/><E74/><V25/><F111/><W112/><G110/><T115/><D125/><U97/><E109/><V20/><F133/><W101/><G1/><T65/><D135/><U76/><E76/><V116/><F116/><W18/><G6/><T14/><D115/><N who="3" m="44105" /><G130/><T30/><D34/><U38/><E114/><V70/><F70/><W134/><G134/><T80/><D40/><U7/><E46/><V4/><F121/><W41/><G84/><T100/><D42/><U33/><E33/><V118/><F126/><W127/><G127/><T81/><D81/><U91/><E12/><V79/><F36/><W132/><G132/><T47/><D100/><U120/><E120/><V78/><F118/><W2/><G2/><T82/><D82/><U55/><E8/><V58/><F4/><W60/><G101/><T66/><D66/><U75/><E75/><V131/><F103/><W105/><G105/><T72/><D72/><U27/><E27/><V26/><F131/><W13/><G15/><T102/><D102/><U123/><E123/><V23/><F86/><W89/><G89/><T108/><D108/><U124/><E91/><V49/><F16/><W90/><G90/><T98/><D98/><U68/><E124/><V122/><F122/><W107/><G107/><T85/><D85/><U54/><E68/><V17/><F17/><W95/><G95/><T62/><REACH who="0" step="1"/><D47/><REACH who="0" ten="116,232,322,320" step="2"/><U3/><E3/><V119/><F119/><W71/><G35/><T32/><D32/><U19/><E97/><V104/><F104/><W44/><G99/><RYUUKYOKU ba="1,1" sc="116,10,232,10,322,10,320,-30" hai0="11,14,29,30,52,57,62,63,65,69,80,87,88" hai1="5,7,19,37,38,54,55,64,67,92,93,128,129" hai2="20,22,23,24,25,26,45,48,49,53,58,78,79" owari="126,-37.0,242,-16.0,342,44.0,290,9.0" /></mjloggm>