<mjloggm ver="2.3"><GO type="41" lobby="0"/><UN n0="%E3%82%86%E3%81%85%E3%82%89%E3%81%81%E3%82%8A%E3%81%83" n1="%E3%81%BD%E3%83%BC%E3%81%BD%E3%81%A3%E3%81%BD%E3%82%8A%E3%83%BC" n2="%E3%83%97%E3%83%AD%E3%81%BC%E3%81%A3%E3%81%A1" n3="%E2%93%9D%53%75%70%68%78" dan="16,14,13,18" rate="2087.09,1898.59,2013.83,2068.82" sx="M,M,M,M"/><TAIKYOKU oya="0"/><INIT seed="0,0,0,2,0,121" ten="250,250,250,250" oya="0" hai0="52,58,19,79,15,63,125,127,116,102,67,3,96" hai1="88,30,119,83,5,76,91,120,45,110,114,131,93" hai2="11,29,81,108,68,60,132,33,50,97,87,134,1" hai3="135,59,51,56,117,92,104,74,133,54,31,106,99"/><T82/><D116/><U129/><E119/><V75/><F50/><W24/><G74/><T100/><D3/><U35/><E114/><V72/><F87/><W112/><G112/><T17/><D15/><U32/><E120/><V101/><F11/><W37/><G37/><T65/><D65/><U26/><E35/><V14/><F14/><W53/><G117/><T89/><D89/><U103/><E103/><V47/><F47/><W22/><G92/><T13/><D13/><U48/><E5/><V107/><F81/><W44/><G44/><T55/><D55/><U16/><E110/><V7/><F7/><W85/><G85/><T126/><D67/><U111/><E111/><V95/><F95/><W105/><REACH who="3" step="1"/><G99/><REACH who="3" ten="250,250,250,240" step="2"/><T123/><D123/><U86/><E129/><V42/><F72/><W118/><G118/><T23/><D96/><U49/><E131/><V94/><F75/><W124/><G124/><T20/><D126/><U4/><E45/><V64/><F94/><W25/><G25/><N who="0" m="14479" /><D125/><U61/><E93/><V46/><F108/><W78/><G78/><T113/><D113/><U77/><E76/><V18/><F97/><W43/><G43/><T69/><D127/><U9/><E77/><V62/><F42/><W109/><G109/><T122/><D122/><U115/><E115/><V38/><F38/><W39/><G39/><T128/><D128/><U21/><E26/><V2/><F132/><W0/><G0/><T57/><D79/><U73/><E86/><V41/><F134/><W40/><G40/><T130/><D130/><U28/><E73/><V66/><F1/><RYUUKYOKU ba="0,1" sc="250,-10,250,-10,250,-10,240,30" hai3="22,24,31,51,53,54,56,59,104,105,106,133,135" /><INIT seed="1,1,1,3,3,53" ten="240,240,240,270" oya="1" hai0="27,74,110,108,19,71,81,125,134,107,93,98,45" hai1="16,79,89,116,91,84,127,102,75,72,1,115,25" hai2="126,52,43,35,104,122,32,12,41,54,66,69,67" hai3="20,77,80,121,49,14,129,112,62,68,26,47,34"/><U130/><E116/><V123/><F12/><W38/><G112/><T22/><D107/><U51/><E115/><V46/><F46/><W118/><G38/><T30/><D71/><U111/><E1/><V78/><F78/><W83/><G129/><T44/><D125/><U59/><E130/><V13/><F13/><W57/><G68/><T113/><D113/><U128/><E128/><V60/><F104/><W23/><G34/><T82/><D134/><U17/><E127/><V86/><F86/><W58/><G121/><T42/><D30/><U101/><E79/><V55/><F126/><W106/><G62/><T3/><D3/><U117/><E117/><V87/><F87/><W73/><G106/><T40/><D74/><U64/><E84/><V63/><F54/><W15/><G23/><T133/><D133/><U39/><E25/><V48/><F48/><W120/><G120/><T21/><D21/><U4/><E51/><V103/><F103/><W85/><G83/><T124/><D124/><U97/><E4/><V11/><REACH who="2" step="1"/><F69/><REACH who="2" ten="240,240,230,270" step="2"/><W56/><G118/><T37/><D45/><U99/><E39/><V88/><F88/><W7/><G73/><T9/><D42/><U10/><E10/><AGARI ba="1,2" hai="10,11,32,35,41,43,52,55,60,63,66,67,122,123" machi="10" ten="25,6400,0" yaku="1,1,22,2,54,1,53,0" doraHai="53" doraHaiUra="0" who="2" fromWho="1" sc="240,0,240,-67,230,87,270,0" /><INIT seed="2,0,0,3,2,46" ten="240,173,317,270" oya="2" hai0="47,99,124,76,0,70,73,36,96,45,25,108,77" hai1="41,7,19,116,23,56,81,27,107,50,48,126,110" hai2="84,6,52,64,113,15,118,30,86,66,35,55,2" hai3="31,128,74,121,105,82,103,5,129,24,106,58,101"/><V28/><F118/><W9/><G58/><T83/><D70/><U79/><E116/><V122/><F122/><W4/><G121/><T32/><D108/><U125/><E107/><N who="3" m="40970" /><G9/><T54/><D124/><N who="1" m="47723" /><E110/><V80/><F113/><W100/><G82/><T44/><D77/><U94/><E7/><V12/><F2/><W97/><G74/><T42/><D47/><U53/><E94/><V89/><F35/><W20/><G97/><T93/><D0/><U98/><E98/><V104/><F104/><W26/><G20/><T63/><D93/><U59/><E41/><V51/><F55/><W112/><G31/><N who="2" m="11817" /><F86/><W111/><G111/><T33/><D25/><N who="3" m="9833" /><G112/><T135/><D33/><U109/><E109/><V134/><F134/><W16/><G16/><T18/><D135/><U85/><E56/><N who="2" m="32799" /><F6/><AGARI ba="0,0" hai="4,5,6,100,101,103,128,129" m="9833,40970" machi="6" ten="40,2600,0" yaku="28,2" doraHai="46" who="3" fromWho="2" sc="240,0,173,0,317,-26,270,26" /><INIT seed="3,0,0,3,2,88" ten="240,173,291,296" oya="3" hai0="122,33,94,19,91,42,54,106,63,76,45,4,86" hai1="89,114,124,40,34,105,102,43,99,115,5,56,15" hai2="50,47,123,117,61,65,108,110,116,57,35,36,85" hai3="132,121,64,92,52,100,13,96,66,84,30,12,17"/><W103/><G121/><T79/><D122/><U101/><E34/><V60/><F35/><W128/><G128/><T83/><D106/><U133/><E133/><V67/><F85/><W14/><G30/><T48/><D33/><U104/><E124/><V2/><F2/><W18/><G132/><T78/><D4/><U80/><E56/><N who="2" m="36999" /><F36/><W22/><G103/><T44/><D19/><U62/><E62/><V39/><F39/><W3/><G3/><T46/><D46/><U29/><E29/><V38/><F38/><W75/><G75/><T113/><D113/><U130/><E5/><V32/><F32/><W73/><G73/><T0/><D0/><U98/><E15/><N who="3" m="5706" /><G84/><T97/><REACH who="0" step="1"/><D63/><REACH who="0" ten="230,173,291,296" step="2"/><U21/><E21/><V107/><F107/><W93/><G18/><T112/><D112/><U82/><REACH who="1" step="1"/><E89/><REACH who="1" ten="230,163,291,296" step="2"/><V87/><F123/><W72/><G22/><T37/><AGARI ba="0,2" hai="37,42,44,45,48,54,76,78,79,83,86,91,94,97" machi="37" ten="20,5200,0" yaku="1,1,0,1,7,1,52,1,53,0" doraHai="88" doraHaiUra="109" who="0" fromWho="0" sc="230,72,163,-13,291,-13,296,-26" /><INIT seed="4,0,0,1,5,96" ten="302,150,278,270" oya="0" hai0="81,40,113,74,117,109,48,107,90,114,122,65,129" hai1="106,94,25,66,124,52,19,111,15,125,123,88,126" hai2="27,78,49,102,134,132,18,108,59,14,41,63,87" hai3="119,100,3,135,98,104,44,133,82,79,9,54,30"/><T64/><D117/><U46/><E111/><V2/><F108/><W36/><G30/><T16/><D109/><U24/><E123/><V61/><F2/><W5/><G54/><T84/><D122/><U116/><E106/><V55/><F27/><W68/><G68/><T22/><D129/><U10/><E66/><V35/><F35/><W118/><G118/><T58/><D107/><U121/><E121/><V53/><F41/><N who="3" m="22567" /><G119/><T85/><D74/><AGARI ba="0,0" hai="3,5,9,74,79,82,98,100,104,133,135" m="22567" machi="74" ten="30,3900,0" yaku="25,1,23,1,52,1" doraHai="96" who="3" fromWho="0" sc="302,-39,150,0,278,0,270,39" /><INIT seed="5,0,0,2,1,124" ten="263,150,278,309" oya="1" hai0="116,54,113,60,75,72,81,1,112,111,18,20,121" hai1="59,35,53,49,41,6,23,32,82,12,104,62,77" hai2="107,115,55,21,51,3,69,0,22,42,70,7,114" hai3="129,76,134,96,44,79,24,126,123,10,56,28,130"/><U36/><E104/><V101/><F42/><W63/><G123/><T102/><D111/><U13/><E36/><V105/><F7/><W52/><G126/><T92/><D116/><U97/><E97/><V131/><F51/><W93/><G10/><T25/><D1/><U86/><E13/><V47/><F55/><W33/><G134/><T100/><D121/><U106/><E106/><V127/><F127/><W95/><G95/><T71/><D81/><U91/><E91/><V120/><F120/><W16/><G16/><T84/><D84/><U103/><E103/><N who="0" m="39465" /><D92/><U29/><E29/><V46/><F101/><N who="3" m="60559" /><G44/><T125/><D125/><U122/><E23/><V80/><F80/><W87/><G87/><T117/><D117/><U58/><E122/><V50/><F50/><W40/><G40/><T128/><D128/><AGARI ba="0,0" hai="0,3,21,22,46,47,69,70,105,107,114,115,128,131" machi="128" ten="25,6400,0" yaku="22,2,52,2" doraHai="124" who="2" fromWho="0" sc="263,-64,150,0,278,64,309,0" /><AGARI ba="0,0" hai="24,28,33,52,56,63,76,79,128,129,130" m="60559" machi="128" ten="30,8000,1" yaku="19,1,52,3,54,1" doraHai="124" who="3" fromWho="0" sc="199,-80,150,0,342,0,309,80" /><INIT seed="6,0,0,0,1,132" ten="119,150,342,389" oya="2" hai0="19,78,125,130,97,40,7,118,106,30,5,128,22" hai1="67,11,85,53,131,18,104,51,47,0,24,64,54" hai2="120,6,15,109,108,105,116,12,16,62,36,95,50" hai3="124,92,29,44,41,80,4,21,13,91,37,52,117"/><V49/><F36/><W103/><G124/><T27/><D118/><U63/><E104/><V65/><F105/><W60/><G117/><T56/><D78/><U3/><E131/><N who="0" m="50217" /><D40/><U88/><E0/><V68/><F116/><W96/><G29/><T58/><D106/><U73/><E3/><V134/><F134/><W61/><G21/><T86/><D86/><U2/><E2/><V23/><F95/><W94/><G80/><T107/><D107/><U113/><E73/><V98/><F98/><W122/><G122/><T111/><D111/><N who="2" m="42570" /><F120/><W90/><G103/><T79/><D79/><U127/><E127/><V123/><F123/><W55/><G37/><T38/><D38/><U77/><E77/><V10/><AGARI ba="0,0" hai="6,10,12,15,16,23,49,50,62,65,68" m="42570" machi="10" ten="30,3000,0" yaku="10,1,54,1" doraHai="132" who="2" fromWho="2" sc="119,-10,150,-10,342,30,389,-10" /><INIT seed="6,1,0,1,1,46" ten="109,140,372,379" oya="2" hai0="39,88,50,113,84,2,128,107,122,129,124,59,118" hai1="108,11,48,83,100,61,42,91,58,125,41,131,30" hai2="52,15,71,76,26,99,28,97,3,7,109,101,123" hai3="117,77,82,74,116,89,75,5,17,68,21,127,85"/><V119/><F119/><W9/><G68/><T12/><D122/><U133/><E108/><V56/><F123/><W126/><G9/><T4/><D2/><U106/><E106/><V40/><F109/><W134/><G5/><T23/><D39/><U22/><E125/><N who="3" m="47626" /><G134/><T94/><D124/><U27/><E133/><V6/><F71/><W69/><G69/><T25/><D107/><U53/><E131/><N who="0" m="50249" /><D118/><N who="3" m="45673" /><G77/><T64/><D113/><U63/><E100/><V45/><F76/><W110/><G110/><T80/><D64/><U57/><E11/><N who="2" m="4599" /><F7/><W19/><G19/><N who="0" m="10727" /><D25/><AGARI ba="1,0" hai="17,21,25,74,75,82,85,89" m="45673,47626" machi="25" ten="30,1000,0" yaku="18,1" doraHai="46" who="3" fromWho="0" sc="109,-13,140,0,372,0,379,13" /><INIT seed="7,0,0,1,0,41" ten="96,140,372,392" oya="3" hai0="117,51,106,124,83,109,133,87,116,114,118,126,69" hai1="103,58,23,63,26,15,30,130,135,4,16,10,129" hai2="17,44,20,37,134,22,131,115,76,81,96,98,92" hai3="100,32,60,39,8,35,67,19,0,56,123,34,79"/><W31/><G123/><T82/><D69/><U11/><E103/><V86/><F115/><W127/><G39/><T93/><D51/><U112/><E63/><V113/><F113/><W42/><G42/><T13/><D13/><U48/><E58/><V27/><F134/><W78/><G31/><T52/><D52/><U57/><E48/><V73/><F73/><W1/><G100/><T18/><D18/><U21/><E57/><V36/><F131/><W71/><G127/><N who="0" m="48683" /><D114/><U65/><E65/><V55/><F98/><W72/><G72/><T9/><D9/><U25/><E112/><V3/><F3/><W28/><G28/><T12/><D12/><N who="1" m="5191" /><E135/><V53/><F22/><W62/><G19/><AGARI ba="0,0" hai="11,15,16,19,21,23,25,26,30,129,130" m="5191" machi="19" ten="30,3900,0" yaku="34,2,54,1" doraHai="41" who="1" fromWho="3" sc="96,0,140,39,372,0,392,-39" owari="96,-40.0,179,-22.0,372,47.0,353,15.0" /></mjloggm>