<mjloggm ver="2.3"><GO type="41" lobby="0"/><UN n0="%E3%81%A0%E3%81%84%E3%81%AF%E3%82%80%E3%82%B9%E3%83%86%E3%83%BC%E3%82%AD" n1="%E3%82%B8%E3%83%A7%E3%83%8B%E3%83%B2" n2="%E3%83%98%E3%83%A9%E3%82%AF%E3%83%AC%E3%82%B9" n3="%E2%93%9D%53%75%70%68%78" dan="14,15,15,18" rate="1954.74,2031.36,1973.15,2087.84" sx="M,M,M,M"/><TAIKYOKU oya="0"/><INIT seed="0,0,0,5,3,96" ten="250,250,250,250" oya="0" hai0="122,88,20,50,25,29,82,10,47,102,51,0,64" hai1="95,116,1,131,107,34,115,97,99,129,40,2,42" hai2="86,76,62,66,49,56,28,132,110,128,22,43,124" hai3="55,125,103,65,84,133,15,85,80,61,112,91,27"/><T45/><D122/><U92/><E34/><V41/><F124/><W23/><G133/><T73/><D64/><U14/><E14/><V109/><F128/><W77/><G112/><T123/><D123/><U26/><E26/><N who="2" m="16471" /><F76/><W67/><G15/><T83/><D73/><U38/><E107/><V31/><F31/><W98/><G125/><T108/><D0/><U17/><E17/><V81/><F132/><W113/><G113/><T6/><D108/><N who="2" m="41578" /><F49/><W104/><G55/><T53/><D102/><U69/><E115/><V7/><F7/><W121/><G121/><T75/><D75/><U101/><E69/><V48/><F48/><W63/><G67/><T126/><D126/><U11/><E38/><V87/><F81/><W21/><G63/><T60/><D60/><U94/><E116/><V4/><F4/><W127/><G127/><T5/><D82/><U54/><E54/><V134/><F134/><W33/><G33/><T90/><D83/><U30/><E30/><V71/><F71/><W52/><G65/><T58/><D58/><U46/><E46/><V9/><F9/><W130/><G130/><N who="1" m="49674" /><E11/><V119/><F119/><W100/><G23/><T59/><D59/><U78/><E78/><V68/><F68/><W72/><G21/><T111/><D111/><U16/><E16/><V18/><F18/><W79/><G79/><T114/><D114/><U74/><E74/><V44/><F44/><W93/><G72/><T57/><D57/><U70/><E70/><V32/><F32/><W12/><G77/><T118/><D118/><U37/><E37/><V35/><F35/><RYUUKYOKU ba="0,0" sc="250,-10,250,-10,250,30,250,-10" hai2="41,43,56,62,66,86,87" /><INIT seed="1,1,0,4,4,74" ten="240,240,280,240" oya="1" hai0="3,90,104,56,69,6,28,131,44,1,110,95,63" hai1="83,109,122,99,5,29,128,114,135,40,111,25,14" hai2="61,30,73,93,58,32,72,89,0,48,20,13,117" hai3="88,2,103,27,132,10,57,21,115,9,7,121,55"/><U123/><E135/><V37/><F37/><W98/><G121/><T54/><D104/><U60/><E40/><V91/><F0/><W35/><G115/><T47/><D110/><N who="1" m="41995" /><E128/><V71/><F32/><W33/><G10/><T120/><D131/><U130/><E130/><V77/><F89/><W75/><G75/><T127/><D28/><U18/><E114/><V68/><F72/><W65/><G65/><T133/><D127/><U112/><E112/><V22/><F48/><W46/><G46/><T12/><D69/><U49/><E49/><V108/><F108/><W96/><G132/><T11/><D120/><U43/><E43/><V78/><F73/><W15/><G2/><T64/><D133/><U24/><E5/><V66/><F68/><W16/><G98/><T62/><D3/><U126/><E126/><V94/><F117/><W80/><G103/><T81/><D1/><U97/><E60/><V124/><F94/><N who="3" m="56391" /><G80/><T4/><D81/><U19/><E83/><V8/><F71/><W34/><G34/><T118/><D118/><U105/><E105/><V79/><F30/><W129/><G129/><T67/><D6/><U42/><E42/><V45/><F45/><N who="0" m="17482" /><D63/><AGARI ba="1,0" hai="7,9,15,16,21,27,33,35,55,57,63" m="56391" machi="63" ten="30,3900,0" yaku="25,1,54,2" doraHai="74" who="3" fromWho="0" sc="240,-42,240,0,280,0,240,42" /><INIT seed="2,0,0,1,0,90" ten="198,240,280,282" oya="2" hai0="69,29,48,68,106,126,92,87,34,98,54,84,18" hai1="55,11,49,103,65,1,21,85,81,8,127,6,44" hai2="42,83,26,132,52,131,13,53,107,45,22,91,15" hai3="79,16,95,108,118,70,72,20,102,25,12,33,2"/><V94/><F132/><W43/><G118/><T123/><D126/><U0/><E127/><V109/><F131/><W104/><G104/><T71/><D123/><U24/><E65/><V27/><F107/><W77/><G70/><T38/><D38/><U74/><E103/><V62/><F83/><W31/><G108/><T78/><D106/><U7/><E74/><V119/><F119/><W88/><G102/><T105/><D105/><U125/><E125/><V80/><F80/><W5/><G43/><T111/><D78/><U76/><E21/><V97/><F26/><AGARI ba="0,0" hai="0,1,6,7,8,11,24,26,44,49,55,76,81,85" machi="26" ten="40,1300,0" yaku="9,1" doraHai="90" who="1" fromWho="2" sc="198,0,240,13,280,-13,282,0" /><INIT seed="3,0,0,5,4,68" ten="198,253,267,282" oya="3" hai0="88,113,41,108,111,126,48,35,109,2,1,99,129" hai1="100,30,12,130,86,84,124,52,25,40,116,94,134" hai2="21,127,42,78,117,14,29,128,50,36,133,49,18" hai3="16,120,80,77,97,93,54,3,118,123,38,104,28"/><W79/><G28/><T24/><D41/><U0/><E0/><N who="0" m="105" /><D48/><U107/><E116/><V39/><F117/><W31/><G31/><N who="0" m="19943" /><D126/><U66/><E107/><V114/><F114/><W27/><G104/><T43/><D43/><U121/><E66/><V60/><F128/><W135/><G3/><T115/><D88/><U65/><E65/><V57/><F133/><W4/><G54/><T5/><D99/><U33/><E40/><V8/><F127/><W53/><G53/><T9/><D129/><U45/><E124/><V72/><F49/><W92/><G97/><T102/><D102/><U87/><E134/><V10/><F10/><W64/><G64/><T46/><D46/><U44/><E130/><V132/><F132/><W32/><G118/><T11/><D5/><U20/><E52/><V131/><F131/><W55/><G4/><T51/><D51/><U96/><E45/><V59/><F59/><W17/><G55/><T74/><D74/><U47/><E47/><V63/><F63/><W112/><G135/><T37/><D37/><U122/><E44/><N who="2" m="25879" /><F57/><W58/><G58/><T13/><D13/><U101/><E101/><V34/><F60/><W15/><G15/><T75/><D75/><U76/><E76/><V83/><F34/><W23/><G32/><T119/><D119/><U82/><E82/><V103/><F103/><W62/><G62/><T19/><D19/><U56/><E56/><V22/><F36/><W73/><G38/><T61/><D61/><U67/><E67/><V6/><F39/><W105/><G73/><T69/><D69/><U70/><E70/><RYUUKYOKU ba="0,0" sc="198,15,253,15,267,-15,282,-15" hai0="9,11,108,109,111,113,115" hai1="12,20,25,30,33,84,86,87,94,96,100,121,122" /><INIT seed="4,1,0,3,5,40" ten="213,268,252,267" oya="0" hai0="79,59,81,112,124,55,75,47,95,103,16,39,14" hai1="90,66,84,25,94,86,36,33,43,130,24,17,12" hai2="110,11,20,48,133,73,85,76,121,53,7,35,50" hai3="128,134,80,104,93,56,2,101,37,111,69,71,57"/><T113/><D124/><U70/><E130/><V28/><F121/><W22/><G104/><T49/><D103/><U65/><E70/><V126/><F110/><W83/><G2/><T100/><D100/><U89/><E36/><V116/><F116/><W64/><G134/><T29/><D95/><U38/><E38/><V125/><F35/><W10/><G10/><T45/><D39/><U132/><E43/><V61/><F133/><W31/><G111/><T52/><D29/><U44/><E44/><N who="0" m="16969" /><D59/><U60/><E132/><V63/><F50/><W91/><G57/><T119/><D119/><U72/><E72/><V23/><F73/><W54/><G101/><T123/><D123/><U106/><E106/><V15/><F61/><W108/><G108/><T27/><D27/><N who="1" m="10315" /><E33/><V107/><F63/><W0/><G37/><T68/><D49/><U78/><E60/><V62/><F62/><W5/><G56/><T41/><D41/><U120/><E78/><V131/><F107/><W21/><G31/><T105/><D68/><U26/><E26/><V46/><F28/><W129/><G71/><T97/><D97/><U118/><E120/><V102/><F102/><W114/><G69/><T1/><D1/><U8/><E118/><V88/><F76/><W74/><G0/><T32/><D32/><U19/><E66/><V3/><F3/><W51/><G64/><T127/><D105/><U87/><E65/><V135/><F135/><W9/><G51/><T115/><D127/><N who="2" m="48650" /><F131/><W18/><G129/><T92/><D92/><AGARI ba="1,0" hai="7,11,15,20,23,46,48,53,85,88,92" m="48650" machi="92" ten="30,3900,0" yaku="18,1,52,1,54,1" doraHai="40" who="2" fromWho="0" sc="213,-42,268,0,252,42,267,0" /><INIT seed="5,0,0,2,1,61" ten="171,268,294,267" oya="1" hai0="67,0,116,9,51,60,48,40,117,32,74,119,4" hai1="70,129,78,123,106,18,50,15,132,76,47,95,82" hai2="28,27,17,126,96,77,131,10,35,42,98,43,52" hai3="88,99,37,101,105,2,62,65,34,128,63,122,49"/><U21/><E123/><V114/><F131/><W121/><G37/><T84/><D84/><U25/><E106/><V102/><F126/><W64/><G2/><T133/><D133/><U24/><E132/><V100/><F77/><W112/><G34/><T7/><D32/><U85/><E129/><V13/><F114/><W5/><G5/><T1/><D40/><U86/><E70/><V20/><F35/><W108/><G128/><T58/><REACH who="0" step="1"/><D74/><REACH who="0" ten="161,268,294,267" step="2"/><U80/><E95/><V135/><F135/><W29/><G122/><T103/><D103/><U104/><E104/><V89/><F43/><AGARI ba="0,1" hai="15,18,21,24,25,43,47,50,76,78,80,82,85,86" machi="43" ten="30,5800,0" yaku="7,1,9,1,8,1" doraHai="61" who="1" fromWho="2" sc="161,0,268,68,294,-58,267,0" /><INIT seed="5,1,0,1,4,24" ten="161,336,236,267" oya="1" hai0="69,27,23,99,65,95,97,51,62,102,133,124,93" hai1="66,15,85,78,10,21,50,81,46,91,72,129,2" hai2="54,76,114,57,94,45,64,118,110,101,55,14,82" hai3="1,40,35,75,68,87,17,90,43,115,34,103,109"/><U5/><E129/><V6/><F110/><W48/><G75/><T42/><D133/><U88/><E66/><V19/><F118/><W28/><G1/><T122/><D124/><U74/><E74/><V108/><F114/><W67/><G103/><T3/><D122/><U59/><E59/><V121/><F121/><W125/><G17/><T120/><D120/><U100/><E100/><V58/><F6/><W127/><G109/><T49/><D3/><U26/><E72/><V113/><F113/><W61/><G48/><T71/><D42/><N who="1" m="24919" /><E2/><V89/><F101/><W47/><G47/><T38/><D38/><U135/><E135/><V36/><F57/><W70/><G70/><T7/><D71/><U31/><AGARI ba="1,0" hai="5,10,15,21,26,31,78,81,85,88,91" m="24919" machi="31" ten="30,11700,0" yaku="25,1,8,1,52,1,54,1" doraHai="24" who="1" fromWho="1" sc="161,-40,336,120,236,-40,267,-40" /><INIT seed="5,2,0,4,4,124" ten="121,456,196,227" oya="1" hai0="65,59,78,56,111,7,68,49,37,120,62,128,75" hai1="77,20,122,123,11,21,104,84,83,45,10,36,71" hai2="66,0,24,118,19,17,18,99,52,95,3,61,43" hai3="112,102,4,23,48,103,113,98,6,107,12,58,106"/><U117/><E117/><V97/><F43/><W126/><G126/><T73/><D111/><U79/><E71/><V33/><F118/><W57/><G23/><T114/><D114/><N who="3" m="44137" /><G12/><T87/><D120/><U80/><E104/><N who="3" m="39978" /><G98/><T42/><D128/><U110/><E45/><V101/><F99/><W25/><G25/><T125/><D125/><U15/><E36/><V94/><F94/><W16/><G16/><T2/><D87/><U67/><E15/><V51/><F33/><W119/><G48/><T55/><D59/><N who="3" m="22537" /><G119/><T132/><D132/><U29/><E84/><V47/><REACH who="2" step="1"/><F24/><REACH who="2" ten="121,456,186,227" step="2"/><W70/><G70/><AGARI ba="2,1" hai="0,3,17,18,19,47,51,52,61,66,70,95,97,101" machi="70" ten="40,5200,0" yaku="1,1,2,1,54,1,53,0" doraHai="124" doraHaiUra="74" who="2" fromWho="3" sc="121,0,456,0,186,68,227,-58" /><INIT seed="6,0,0,0,1,61" ten="121,456,254,169" oya="2" hai0="53,97,34,89,82,24,46,69,63,73,50,0,114" hai1="58,64,121,86,106,66,10,9,76,16,19,88,109" hai2="116,108,2,68,13,98,122,6,129,120,11,41,78" hai3="54,92,95,40,125,22,56,117,18,111,110,123,20"/><V74/><F116/><W85/><G117/><T99/><D0/><U133/><E109/><V31/><F68/><W135/><G123/><T81/><D114/><U103/><E76/><V65/><F98/><W60/><G135/><T51/><D73/><U115/><E106/><V28/><F65/><N who="1" m="25193" /><E103/><V96/><F96/><W49/><G125/><T14/><D24/><U90/><E115/><V38/><F13/><W17/><G111/><T128/><D14/><U29/><E29/><V113/><F113/><W33/><G33/><T104/><D128/><U36/><E36/><V15/><F15/><W30/><G30/><N who="2" m="11305" /><F129/><W42/><G110/><T72/><D72/><U55/><E90/><V21/><F21/><W43/><G22/><T126/><D89/><U134/><E121/><V94/><F94/><W23/><G95/><T5/><D69/><U48/><E134/><V4/><F4/><W70/><G23/><T105/><D5/><U119/><E119/><V83/><F108/><W37/><G37/><T100/><D126/><U26/><E133/><V35/><F35/><W57/><G70/><T118/><D118/><U3/><E3/><V79/><F79/><W12/><G18/><N who="1" m="6698" /><E26/><V27/><F27/><W112/><G112/><T131/><D131/><U124/><E124/><V80/><F80/><AGARI ba="0,0" hai="9,10,48,55,58,80,86,88" m="6698,25193" machi="80" ten="30,12000,2" yaku="8,1,52,3,54,2" doraHai="61" who="1" fromWho="2" sc="121,0,456,120,254,-120,169,0" /><INIT seed="7,0,0,5,1,5" ten="121,576,134,169" oya="3" hai0="11,44,57,131,34,123,8,99,88,52,3,22,1" hai1="135,27,113,53,55,108,10,9,96,16,39,124,103" hai2="132,20,28,73,15,114,93,50,118,47,51,69,13" hai3="30,111,110,82,26,76,62,7,79,105,33,90,129"/><W125/><G105/><T106/><D123/><U70/><E108/><N who="3" m="41514" /><G125/><T126/><D34/><U54/><E124/><V68/><F118/><W31/><G129/><T75/><D126/><U6/><E70/><V2/><F73/><W67/><G7/><T21/><D75/><U97/><E39/><V29/><F2/><W0/><G0/><T121/><D121/><U45/><E113/><V14/><F114/><W35/><G90/><T42/><D131/><U81/><E135/><V133/><F93/><W56/><G82/><T37/><D106/><U107/><E81/><V48/><F47/><W71/><G71/><N who="2" m="27209" /><F20/><N who="0" m="7786" /><D3/><U80/><E27/><AGARI ba="0,0" hai="26,27,30,31,33,35,56,62,67,76,79" m="41514" machi="27" ten="30,1500,0" yaku="10,1" doraHai="5" who="3" fromWho="1" sc="121,0,576,-15,134,0,169,15" /><INIT seed="7,1,0,5,1,3" ten="121,561,134,184" oya="3" hai0="24,113,61,49,45,73,33,86,7,28,69,18,97" hai1="114,81,121,55,26,125,48,50,106,34,94,78,115" hai2="32,47,110,39,58,112,116,122,88,59,43,95,30" hai3="98,66,126,41,42,35,89,21,62,117,40,64,131"/><W9/><G35/><T118/><D73/><U134/><E121/><V133/><F110/><W29/><G126/><T123/><D118/><U20/><E106/><V76/><F116/><W109/><G131/><T57/><D123/><U84/><E134/><V77/><F122/><W44/><G9/><T124/><D124/><U87/><E34/><V107/><F107/><W6/><G44/><T25/><D69/><U111/><E111/><V93/><F112/><N who="1" m="43049" /><E55/><V105/><F105/><W12/><G42/><T99/><D113/><U80/><E94/><V135/><F95/><W14/><G41/><T92/><D25/><U52/><E52/><V72/><F32/><W90/><G40/><T74/><D74/><U46/><E46/><V53/><F30/><W96/><G29/><T75/><D75/><U56/><E56/><N who="2" m="21547" /><F53/><W5/><G109/><T8/><D18/><N who="1" m="12567" /><E125/><V11/><F72/><W63/><G117/><T103/><D97/><U2/><E2/><V128/><F128/><W27/><G27/><T127/><D127/><U83/><E83/><V4/><F135/><W68/><G68/><T119/><D119/><U37/><E37/><V38/><F39/><W132/><G132/><T19/><D19/><U0/><E0/><N who="2" m="391" /><F133/><W31/><G31/><T129/><D129/><U15/><E15/><V108/><F108/><W17/><G17/><T70/><D70/><U51/><E51/><V85/><F38/><W104/><G104/><T22/><D49/><U120/><E120/><V79/><F47/><W130/><G130/><T67/><D45/><U102/><E102/><V60/><F43/><RYUUKYOKU ba="1,0" sc="121,-30,561,10,134,10,184,10" hai1="48,50,78,80,81,84,87" hai2="60,76,77,79,85,88,93" hai3="5,6,12,14,21,62,63,64,66,89,90,96,98" /><INIT seed="7,2,0,2,1,7" ten="91,571,144,194" oya="3" hai0="87,109,78,45,12,41,74,3,53,64,105,103,52" hai1="4,108,16,92,21,84,124,90,130,34,62,24,96" hai2="8,75,77,128,9,98,112,57,120,25,85,50,23" hai3="81,27,1,115,48,38,14,18,46,6,71,94,28"/><W60/><G115/><T83/><D109/><U95/><E108/><V42/><F120/><W37/><G94/><T59/><D3/><U63/><E130/><V121/><F121/><W122/><G122/><T116/><D116/><U31/><E4/><V54/><F112/><W55/><G81/><T104/><D64/><U127/><E34/><V65/><F75/><W10/><G60/><T102/><D74/><U0/><E0/><V118/><F128/><W32/><REACH who="3" step="1"/><G71/><REACH who="3" ten="91,571,144,184" step="2"/><T35/><D105/><U33/><E63/><N who="2" m="38127" /><F118/><W100/><G100/><T73/><D104/><U39/><E62/><V11/><F98/><W123/><G123/><T58/><D73/><U107/><E107/><V134/><F134/><W101/><G101/><T132/><D132/><U30/><E95/><V13/><F85/><W17/><G17/><T15/><D35/><U79/><E33/><V114/><F114/><W2/><G2/><T93/><D102/><U70/><E70/><V29/><F77/><W20/><AGARI ba="2,1" hai="1,6,10,14,18,20,27,28,32,37,38,46,48,55" machi="20" ten="20,18000,2" yaku="1,1,0,1,7,1,24,2,52,1,53,0" doraHai="7" doraHaiUra="89" who="3" fromWho="3" sc="91,-62,571,-62,144,-62,184,196" /><INIT seed="7,3,0,2,0,19" ten="29,509,82,380" oya="3" hai0="100,120,86,128,59,133,121,54,52,88,17,6,42" hai1="38,119,105,114,81,125,41,72,9,22,26,14,75" hai2="65,97,24,44,58,30,98,43,127,126,5,104,40" hai3="67,74,70,49,131,95,57,13,66,130,61,28,12"/><W83/><G28/><T93/><D128/><N who="3" m="49193" /><G95/><T69/><D133/><U129/><E129/><V87/><F5/><W71/><G49/><T82/><D69/><N who="3" m="26121" /><G67/><T109/><D109/><U68/><E68/><V94/><F87/><W90/><G90/><T135/><D135/><U64/><E64/><V53/><F65/><W84/><G84/><T16/><D42/><U4/><E41/><V115/><F43/><W25/><G25/><T78/><D6/><U99/><E26/><V10/><F94/><W7/><G7/><T31/><D31/><U27/><E4/><V1/><F44/><W18/><G18/><N who="0" m="7275" /><D120/><U79/><E27/><V118/><F40/><W102/><G102/><T85/><D121/><U0/><E99/><V123/><F123/><W29/><G29/><T134/><D134/><U36/><E36/><V39/><F39/><W51/><G51/><N who="0" m="31135" /><D100/><U101/><E101/><V108/><F108/><W55/><G66/><T46/><D46/><U32/><E38/><V124/><F104/><W106/><G106/><T113/><D113/><U23/><E105/><V96/><F1/><W92/><G92/><T60/><D60/><U63/><E114/><V15/><F115/><W45/><G45/><T103/><D103/><U35/><E63/><N who="2" m="36303" /><F30/><W132/><G132/><T76/><D54/><U21/><E0/><V47/><F47/><W122/><G122/><T33/><D33/><U37/><E37/><V3/><F3/><W91/><G91/><AGARI ba="3,0" hai="76,78,82,85,86,88,91,93" m="31135,7275" machi="91" ten="30,7700,0" yaku="8,1,54,3" doraHai="19" who="0" fromWho="3" sc="29,86,509,0,82,0,380,-86" owari="115,-28.0,509,61.0,82,-42.0,294,9.0" /></mjloggm>