<mjloggm ver="2.3"><GO type="41" lobby="0"/><UN n0="%E3%82%A8%E3%82%B8%E3%83%AA%E3%82%BA%E3%83%A0" n1="%E3%82%A2%E3%82%A4%E3%82%B9%E3%83%86%E3%82%A3%E3%83%BC%E3%81%82%E3%81%B9" n2="%E2%93%9D%53%75%70%68%78" n3="%E4%BD%9C" dan="15,14,18,13" rate="2052.63,2040.22,2117.37,1969.07" sx="M,M,M,F"/><TAIKYOKU oya="0"/><INIT seed="0,0,0,3,0,9" ten="250,250,250,250" oya="0" hai0="78,3,47,106,121,55,111,90,35,30,50,86,99" hai1="63,48,59,102,24,5,118,27,127,123,132,91,117" hai2="110,34,94,95,135,122,14,105,100,54,10,109,22" hai3="128,66,80,89,43,11,64,8,75,40,39,29,85"/><T70/><D121/><U21/><E123/><V120/><F34/><W87/><G75/><T71/><D3/><U88/><E127/><V116/><F135/><W84/><G39/><T15/><D111/><N who="2" m="42506" /><F116/><W31/><G128/><T124/><D124/><U113/><E132/><V38/><F38/><W45/><G89/><T72/><D72/><U93/><E5/><N who="2" m="3407" /><F105/><W77/><G84/><T62/><D78/><U58/><E113/><V46/><F22/><W107/><G107/><T73/><D73/><U74/><E74/><V82/><F82/><W2/><G2/><T67/><D106/><U16/><E27/><V104/><F104/><W133/><G133/><T18/><D99/><N who="1" m="59759" /><E118/><V19/><F19/><W134/><G134/><T68/><D35/><U28/><E28/><V56/><F46/><W97/><G45/><T114/><D30/><U20/><E21/><V0/><F0/><W36/><G36/><T108/><D114/><U23/><E23/><V60/><F95/><W69/><G80/><N who="0" m="49479" /><D108/><U57/><E117/><V6/><F6/><W44/><G77/><T131/><D131/><U51/><E63/><V96/><AGARI ba="0,0" hai="54,56,60,94,96,100,120,122" m="3407,42506" machi="96" ten="30,2000,0" yaku="14,1,52,1" doraHai="9" who="2" fromWho="2" sc="250,-10,250,-5,250,20,250,-5" /><INIT seed="1,0,0,3,4,107" ten="240,245,270,245" oya="1" hai0="120,32,5,10,95,116,115,114,124,52,108,29,122" hai1="103,31,94,69,92,40,76,72,102,48,132,79,68" hai2="14,96,98,89,111,109,4,27,43,17,83,26,38" hai3="45,119,57,61,129,37,19,110,2,131,13,73,41"/><U117/><E117/><V47/><F4/><W123/><G119/><T135/><D95/><U128/><E31/><V97/><F89/><W42/><G2/><N who="0" m="311" /><D116/><U66/><E40/><V15/><F83/><W24/><G123/><N who="0" m="47147" /><D52/><U35/><E35/><V125/><F125/><W51/><G24/><N who="0" m="18471" /><D124/><U105/><E48/><V82/><F82/><W0/><G51/><T118/><D118/><U20/><E20/><V106/><F106/><W7/><G41/><T46/><D46/><U56/><E105/><V93/><F93/><W74/><G110/><N who="2" m="41993" /><F15/><W86/><G0/><T67/><D67/><U77/><E56/><V18/><F18/><W22/><G7/><T25/><D108/><U90/><E79/><V60/><F60/><W70/><G70/><T130/><D130/><N who="3" m="49673" /><G86/><T53/><D53/><AGARI ba="0,0" hai="13,19,22,37,42,45,53,57,61,73,74" m="49673" machi="53" ten="30,3900,0" yaku="19,1,52,2" doraHai="107" who="3" fromWho="0" sc="240,-39,245,0,270,0,245,39" /><INIT seed="2,0,0,4,4,129" ten="201,245,270,284" oya="2" hai0="117,94,107,95,102,115,113,106,45,15,29,99,56" hai1="22,123,87,28,58,21,34,65,108,61,64,40,131" hai2="60,132,82,13,116,12,97,25,77,18,100,88,134" hai3="55,96,71,122,9,128,43,66,17,49,130,54,80"/><V42/><F116/><W75/><G96/><T6/><D117/><U57/><E108/><V63/><F42/><W50/><G122/><T73/><D73/><U30/><E131/><N who="3" m="50218" /><G75/><T59/><D29/><U98/><E40/><V14/><F25/><W110/><G80/><T92/><D106/><U81/><E34/><V111/><F18/><W86/><G86/><T44/><D113/><U101/><E123/><V127/><F127/><W93/><G93/><T3/><D3/><U20/><E58/><V103/><F111/><W69/><G110/><T70/><D70/><N who="3" m="26633" /><G66/><T51/><D107/><U120/><E65/><V35/><F35/><W47/><G9/><T67/><D67/><U105/><REACH who="1" step="1"/><E120/><REACH who="1" ten="201,235,270,284" step="2"/><V89/><F63/><W112/><G112/><T26/><D59/><U104/><E104/><V91/><F60/><W5/><G5/><T62/><D6/><U118/><E118/><V68/><F68/><W109/><G109/><T7/><D62/><U27/><E27/><V8/><F8/><W0/><G0/><T85/><D26/><U2/><E2/><V84/><REACH who="2" step="1"/><F97/><REACH who="2" ten="201,235,260,284" step="2"/><W24/><G24/><T10/><D99/><U19/><E19/><V37/><F37/><N who="3" m="21999" /><G17/><T52/><D115/><U4/><E4/><V31/><F31/><W114/><G114/><T76/><D102/><AGARI ba="0,2" hai="12,13,14,77,82,84,88,89,91,100,102,103,132,134" machi="102" ten="50,12000,1" yaku="1,1,52,2,54,1,53,0" doraHai="129" doraHaiUra="36" who="2" fromWho="0" sc="201,-120,235,0,260,140,284,0" /><INIT seed="2,1,0,1,3,121" ten="81,235,400,284" oya="2" hai0="69,92,47,77,24,90,37,80,81,125,30,33,72" hai1="97,8,23,16,74,46,22,84,7,61,42,28,20" hai2="110,107,50,19,111,63,83,56,105,104,44,101,76" hai3="48,17,102,55,127,57,70,10,21,87,35,93,26"/><V40/><F101/><W65/><G127/><T41/><D125/><U88/><E74/><V114/><F19/><W112/><G112/><T122/><D122/><U75/><E75/><V108/><F114/><W52/><G35/><T49/><D80/><U118/><E118/><V100/><F100/><W18/><G70/><T106/><D106/><U51/><E97/><V58/><F63/><N who="3" m="38127" /><G48/><T3/><D3/><U82/><E28/><V131/><F131/><W128/><G128/><T103/><D69/><U12/><REACH who="1" step="1"/><E61/><REACH who="1" ten="81,225,400,284" step="2"/><V124/><F124/><W54/><G87/><AGARI ba="1,1" hai="40,44,50,56,58,76,83,87,104,105,107,108,110,111" machi="87" ten="50,12000,1" yaku="14,1,10,1,52,3" doraHai="121" who="2" fromWho="3" sc="81,0,225,0,400,133,284,-123" /><INIT seed="2,2,0,4,0,123" ten="81,225,533,161" oya="2" hai0="34,23,57,56,27,55,77,22,124,54,133,84,26" hai1="85,41,130,30,64,58,37,35,49,33,8,112,105" hai2="108,75,107,121,45,20,1,32,126,106,81,61,135" hai3="6,92,2,98,99,82,125,76,72,0,7,12,68"/><V19/><F135/><W15/><G68/><T65/><D124/><U131/><E112/><V13/><F1/><W29/><G125/><T114/><D133/><U86/><E105/><V5/><F5/><W113/><G113/><T3/><D3/><U39/><E8/><V89/><F32/><N who="1" m="12361" /><E30/><V62/><F121/><W119/><G29/><T38/><D34/><U117/><E117/><V116/><F75/><W127/><G127/><T50/><D38/><N who="1" m="14347" /><E64/><V18/><F107/><W48/><G119/><T44/><D65/><U52/><E41/><V42/><F106/><W103/><G0/><T24/><D114/><U102/><E102/><V11/><F116/><W134/><G2/><T67/><D67/><U59/><E58/><V96/><F42/><W120/><G120/><T110/><D44/><U128/><AGARI ba="2,0" hai="49,52,59,85,86,128,130,131" m="14347,12361" machi="128" ten="40,2700,0" yaku="19,1,54,1" doraHai="123" who="1" fromWho="1" sc="81,-9,225,33,533,-15,161,-9" /><INIT seed="3,0,0,2,4,6" ten="72,258,518,152" oya="3" hai0="23,134,117,96,101,73,126,0,64,131,108,53,90" hai1="19,61,128,69,110,89,29,105,88,92,31,94,121" hai2="7,84,97,135,20,41,71,26,42,10,119,129,83" hai3="87,47,114,79,12,2,98,133,100,68,116,40,8"/><W11/><G114/><T132/><D64/><U32/><E110/><V52/><F135/><W57/><G116/><T45/><D23/><U75/><E105/><V76/><F129/><W58/><G68/><T44/><D53/><U127/><E75/><V74/><F97/><W49/><G133/><T80/><D45/><U103/><E103/><V95/><F95/><N who="3" m="58463" /><G12/><T118/><D44/><U22/><E121/><V93/><F93/><W91/><G79/><T28/><D96/><N who="1" m="57351" /><E32/><V82/><F119/><W5/><G5/><T21/><D0/><U72/><E69/><V67/><F71/><W17/><G17/><T55/><D73/><U81/><E72/><V86/><F74/><W125/><G125/><T59/><D126/><U130/><E81/><V112/><F112/><W43/><G43/><T102/><D118/><U50/><E61/><V24/><F42/><W3/><G3/><T35/><D117/><U122/><E50/><V124/><F41/><W56/><G2/><T63/><D35/><U48/><E48/><V77/><F124/><W37/><G37/><T33/><D33/><U30/><E122/><V4/><F77/><W51/><G51/><T106/><D132/><U34/><E34/><V111/><F76/><W36/><G36/><T62/><D106/><U65/><E127/><V14/><F7/><W46/><G46/><T123/><D134/><U15/><E65/><V104/><F104/><W16/><G16/><T1/><D123/><U99/><E31/><V9/><F4/><W85/><G85/><T70/><D1/><U54/><E54/><V18/><F86/><RYUUKYOKU ba="0,0" sc="72,-15,258,15,518,-15,152,15" hai1="15,19,22,29,30,89,94,99,128,130" hai3="8,11,40,47,49,56,57,58,87,91" /><INIT seed="3,1,0,4,3,134" ten="57,273,503,167" oya="3" hai0="40,13,35,49,99,131,11,93,129,105,97,98,118" hai1="0,65,32,77,73,15,126,72,94,101,133,80,26" hai2="45,135,36,10,62,31,115,55,20,41,83,25,64" hai3="84,109,39,127,30,71,67,85,117,29,113,28,57"/><W116/><G113/><T68/><D118/><U52/><E0/><V21/><F115/><W124/><G39/><T78/><D105/><U3/><E3/><V14/><F135/><W50/><G71/><T82/><D68/><U22/><E65/><V130/><F130/><W123/><G123/><T128/><D35/><U17/><E133/><V56/><F83/><W106/><G106/><T88/><D49/><U60/><E73/><V95/><F95/><W18/><G109/><T104/><D40/><U63/><E126/><N who="3" m="48170" /><G18/><N who="0" m="8511" /><D104/><U112/><E112/><V91/><F36/><W48/><G48/><T42/><D42/><U38/><E38/><V43/><F43/><W51/><G51/><T12/><D12/><U92/><E101/><V8/><F41/><W121/><G121/><T74/><AGARI ba="1,0" hai="74,78,82,88,93,97,98,99,128,129,131" m="8511" machi="74" ten="30,2000,0" yaku="19,1,54,1" doraHai="134" who="0" fromWho="0" sc="57,23,273,-6,503,-6,167,-11" /><INIT seed="4,0,0,0,3,27" ten="80,267,497,156" oya="0" hai0="98,93,17,40,50,76,114,89,85,52,74,25,49" hai1="16,48,118,126,65,84,70,38,63,4,115,117,32" hai2="77,110,96,30,18,119,88,55,134,41,135,94,8" hai3="62,127,56,90,31,132,87,72,131,58,128,57,42"/><T107/><D114/><U64/><E38/><V86/><F110/><W13/><G72/><T47/><D74/><U54/><E126/><V109/><F109/><W130/><G127/><T1/><D1/><U53/><E32/><V66/><F119/><W103/><G132/><N who="2" m="50729" /><F30/><W100/><G42/><T116/><D116/><U102/><E4/><V106/><F66/><W7/><G62/><T124/><D124/><U120/><E102/><V6/><F18/><W39/><G39/><T105/><D76/><U121/><E84/><V112/><F55/><W10/><REACH who="3" step="1"/><G31/><REACH who="3" ten="80,267,497,146" step="2"/><T20/><REACH who="0" step="1"/><D85/><REACH who="0" ten="70,267,497,146" step="2"/><U51/><E118/><V67/><F86/><W33/><G33/><T43/><D43/><U29/><E117/><V5/><F41/><W80/><AGARI ba="0,2" hai="7,10,13,56,57,58,80,87,90,100,103,128,130,131" machi="80" ten="40,8000,1" yaku="1,1,0,1,19,1,53,2" doraHai="27" doraHaiUra="97" who="3" fromWho="3" sc="70,-40,267,-20,497,-20,146,100" /><INIT seed="5,0,0,3,1,81" ten="30,247,477,246" oya="1" hai0="40,33,57,7,135,29,54,46,5,79,16,37,87" hai1="18,90,56,52,78,108,62,66,2,126,20,0,74" hai2="80,75,118,101,134,13,82,72,68,120,26,23,49" hai3="131,24,25,41,27,35,11,19,43,71,97,86,77"/><U113/><E113/><V89/><F134/><W64/><G35/><T110/><D135/><U91/><E126/><V130/><F130/><W133/><G133/><T114/><D110/><U50/><E108/><V53/><F68/><W96/><G131/><T36/><D114/><U117/><E117/><V115/><F120/><W98/><G71/><T123/><D36/><U34/><E34/><V12/><F101/><W58/><G64/><T38/><D38/><U30/><E30/><V8/><F13/><N who="3" m="7615" /><G58/><T6/><D123/><U106/><E106/><V61/><F89/><W122/><G122/><T83/><D29/><U92/><E78/><V132/><F82/><AGARI ba="0,0" hai="24,25,27,41,43,77,82,86,96,97,98" m="7615" machi="82" ten="30,2000,0" yaku="8,1,52,1" doraHai="81" who="3" fromWho="2" sc="30,0,247,0,477,-20,246,20" /><INIT seed="6,0,0,4,4,120" ten="30,247,457,266" oya="2" hai0="95,78,84,19,126,35,101,122,133,119,96,74,77" hai1="106,37,46,103,67,61,20,25,63,118,104,94,15" hai2="36,26,56,10,23,130,128,50,43,49,110,135,14" hai3="16,105,81,86,80,121,99,31,132,79,27,93,71"/><V60/><F110/><W55/><G121/><T51/><D35/><U13/><E118/><V91/><F135/><W59/><G132/><T115/><D51/><U42/><E61/><V107/><F107/><W52/><G105/><T62/><D62/><U69/><E94/><V18/><F36/><W127/><G71/><T98/><D19/><U45/><E45/><V22/><F22/><N who="3" m="13767" /><G127/><T12/><D12/><U0/><E0/><V70/><F43/><W3/><G3/><T65/><D65/><U66/><E67/><V38/><F38/><W28/><G80/><T17/><D122/><U125/><E125/><V73/><F73/><W97/><G97/><T4/><D74/><U116/><E116/><V39/><F39/><W124/><G124/><T129/><D119/><U34/><E34/><V47/><F70/><W113/><G113/><T92/><D126/><U111/><E106/><V102/><F130/><W57/><G57/><T88/><D115/><U24/><E24/><V41/><F128/><W76/><G76/><N who="0" m="29291" /><D4/><U123/><E123/><V112/><F112/><W114/><G114/><T5/><D5/><U44/><E46/><V8/><F47/><W1/><G1/><T82/><D129/><U134/><E134/><V109/><F56/><W87/><G87/><T83/><D17/><N who="1" m="12431" /><E111/><V6/><F109/><W117/><G117/><T48/><D133/><U7/><E7/><V11/><F6/><W108/><G108/><T54/><D96/><N who="1" m="61543" /><E69/><V58/><F58/><W21/><G21/><T100/><D100/><U131/><E131/><V90/><F23/><W40/><G59/><AGARI ba="0,0" hai="48,54,59,82,83,84,88,92,95,98,101" m="29291" machi="59" ten="30,3900,0" yaku="6,1,8,1,54,1" doraHai="120" who="0" fromWho="3" sc="30,39,247,0,457,0,266,-39" /><INIT seed="7,0,0,4,2,50" ten="69,247,457,227" oya="3" hai0="31,67,113,51,7,38,81,105,128,41,97,119,22" hai1="103,56,48,33,122,108,111,57,135,66,2,3,35" hai2="82,92,117,58,39,32,64,15,91,52,6,0,77" hai3="55,126,118,73,83,40,94,53,27,134,116,110,23"/><W127/><G40/><T34/><D119/><U106/><E122/><V65/><F65/><W46/><G110/><T114/><D7/><U89/><E89/><V123/><F64/><W61/><G94/><T1/><D1/><U60/><E135/><V99/><F39/><W20/><G134/><T19/><D81/><U18/><E18/><V12/><F32/><W86/><G73/><T42/><D38/><U11/><E103/><V133/><F117/><N who="3" m="45163" /><G46/><T62/><D34/><U84/><E84/><V93/><F123/><W112/><G61/><T9/><D31/><U24/><E106/><V125/><F93/><W17/><G112/><T69/><D9/><U120/><E120/><V36/><F92/><W107/><G107/><T75/><D75/><U100/><E100/><V78/><F36/><W124/><G20/><T76/><D76/><AGARI ba="0,0" hai="17,23,27,53,55,76,83,86,124,126,127" m="45163" machi="76" ten="40,7700,0" yaku="18,1,52,2" doraHai="50" who="3" fromWho="0" sc="69,-77,247,0,457,0,227,77" owari="-8,-51.0,247,-15.0,457,56.0,304,10.0" /></mjloggm>