<mjloggm ver="2.3"><GO type="41" lobby="0"/><UN n0="%E2%93%9D%53%75%70%68%78" n1="%53%45%41%47%41%4C" n2="%E3%82%80%E3%82%89%E3%81%BC%E3%83%BC" n3="%E5%A4%A9%E6%B1%9F%E8%A1%A3" dan="17,13,13,13" rate="2078.91,1905.03,1885.67,1820.87" sx="M,M,M,F"/><TAIKYOKU oya="0"/><INIT seed="0,0,0,4,1,30" ten="250,250,250,250" oya="0" hai0="115,113,36,128,86,114,39,10,93,45,125,133,65" hai1="97,96,33,19,89,117,75,38,104,71,8,26,119" hai2="24,82,130,31,32,21,23,44,122,47,77,134,106" hai3="68,66,81,69,11,110,90,84,17,18,15,42,67"/><T40/><D10/><U135/><E135/><V62/><F122/><W121/><G121/><T91/><D133/><U2/><E89/><V37/><F106/><W34/><G110/><T120/><D120/><U58/><E96/><V57/><F130/><W74/><G74/><T14/><D128/><U118/><E58/><V123/><F134/><W48/><G34/><T111/><D125/><U3/><E19/><V50/><F37/><W54/><G42/><T103/><D111/><U102/><E38/><V80/><F44/><W105/><G105/><T22/><D65/><U63/><E8/><V76/><F76/><W43/><G43/><T4/><D36/><U64/><E75/><V99/><F99/><W41/><G41/><T29/><D4/><U116/><REACH who="1" step="1"/><E116/><REACH who="1" ten="250,240,250,250" step="2"/><V61/><F57/><W101/><G68/><T27/><D103/><U16/><E16/><N who="3" m="6250" /><G69/><T127/><D127/><U1/><E1/><V7/><F123/><W52/><G101/><T126/><D126/><U108/><E108/><V131/><F131/><W98/><G98/><T78/><D78/><U88/><E88/><V60/><F77/><W70/><G70/><T59/><D59/><U25/><E25/><V124/><F124/><W132/><G132/><T20/><REACH who="0" step="1"/><D14/><REACH who="0" ten="240,240,250,250" step="2"/><U87/><E87/><V129/><F129/><W95/><G15/><T13/><D13/><U79/><E79/><V56/><F56/><N who="3" m="32775" /><G11/><T100/><D100/><U6/><E6/><V92/><F7/><W49/><G81/><T73/><D73/><U85/><E85/><V28/><F82/><W9/><G9/><T109/><D109/><RYUUKYOKU ba="0,2" sc="240,10,240,10,250,-30,250,10" hai0="20,22,27,29,39,40,45,86,91,93,113,114,115" hai1="2,3,26,33,63,64,71,97,102,104,117,118,119" hai3="49,54,66,67,84,90,95" /><INIT seed="0,1,2,2,5,72" ten="250,250,220,260" oya="0" hai0="10,106,13,59,55,17,69,67,41,80,46,133,132" hai1="33,4,78,130,58,114,90,74,48,97,110,135,108" hai2="38,76,3,119,68,107,122,125,134,96,131,31,88" hai3="123,40,57,65,11,35,54,39,124,53,79,98,60"/><T75/><D106/><U116/><E116/><V89/><RYUUKYOKU type="yao9" ba="1,2" sc="250,0,250,0,220,0,260,0" hai2="3,31,38,68,76,88,89,96,107,119,122,125,131,134" /><INIT seed="0,2,2,3,3,69" ten="250,250,220,260" oya="0" hai0="19,10,108,89,28,129,121,73,113,114,48,40,60" hai1="59,72,49,62,29,65,90,77,79,100,35,23,41" hai2="37,94,31,111,33,81,39,86,126,42,96,119,67" hai3="22,52,0,98,92,88,95,2,102,43,87,50,120"/><T7/><D121/><U97/><E72/><V25/><F42/><W8/><G120/><T44/><D129/><U75/><E35/><V27/><F111/><W115/><G115/><T14/><D108/><U56/><E90/><V58/><F126/><W127/><G127/><T20/><D73/><U125/><E75/><V3/><F3/><W80/><G2/><T91/><D28/><U47/><E56/><V32/><F119/><W63/><G0/><T116/><D116/><U21/><E21/><V130/><F130/><W61/><G43/><T78/><D78/><U82/><E82/><V55/><F67/><W110/><G8/><T30/><D30/><U54/><E41/><V101/><F27/><W15/><G110/><T118/><D118/><U64/><E64/><V132/><F132/><W70/><G70/><T122/><D122/><U107/><E125/><V9/><F9/><W38/><G38/><T1/><REACH who="0" step="1"/><D60/><REACH who="0" ten="240,250,220,260" step="2"/><U133/><E133/><V93/><F33/><W109/><G109/><T5/><D5/><U13/><E29/><V16/><F16/><N who="3" m="10527" /><G80/><T104/><D104/><U68/><E107/><V53/><F32/><W26/><G26/><T51/><D51/><U99/><E77/><V74/><F74/><W76/><G76/><T57/><D57/><AGARI ba="2,3" hai="50,52,57,61,63,87,88,92,95,98,102" m="10527" machi="57" ten="30,8000,1" yaku="25,1,8,1,54,3" doraHai="69" who="3" fromWho="0" sc="240,-86,250,0,220,0,260,116" /><INIT seed="1,0,0,0,2,17" ten="154,250,220,376" oya="1" hai0="5,22,129,46,82,35,20,112,29,57,133,15,113" hai1="95,103,16,58,94,132,116,24,32,125,74,44,9" hai2="61,41,49,11,126,101,105,42,117,118,26,56,54" hai3="110,51,10,25,114,79,115,104,31,33,3,60,100"/><U1/><E116/><V27/><F101/><W72/><G110/><T48/><D57/><U111/><E74/><V77/><F105/><W66/><G51/><T14/><D82/><U86/><E111/><V97/><F97/><N who="3" m="61455" /><G10/><N who="0" m="4559" /><D48/><U80/><E32/><V23/><F11/><W130/><G3/><T99/><D99/><N who="1" m="59895" /><E1/><V13/><F126/><W40/><G40/><T76/><D76/><N who="1" m="46343" /><E125/><V96/><F96/><W128/><G79/><T75/><D75/><U84/><E44/><V70/><F77/><W127/><G72/><T55/><D46/><U59/><E132/><V50/><F70/><N who="3" m="42311" /><G127/><T108/><D133/><U43/><E43/><N who="2" m="16395" /><F117/><W37/><G37/><T68/><D108/><U73/><E73/><V53/><F118/><W71/><G71/><T30/><D68/><U89/><E9/><V39/><F39/><W120/><G120/><T65/><D112/><AGARI ba="0,0" hai="25,31,33,112,114,115,128,130" m="42311,61455" machi="112" ten="30,2000,0" yaku="25,1,23,1" doraHai="17" who="3" fromWho="0" sc="154,-20,250,0,220,0,376,20" /><INIT seed="2,0,0,1,4,70" ten="134,250,220,396" oya="2" hai0="124,8,30,135,9,65,10,79,106,37,132,12,104" hai1="41,15,120,77,94,76,105,116,42,99,113,59,62" hai2="49,20,4,85,3,80,84,81,60,97,58,121,73" hai3="18,48,39,27,25,126,33,115,102,66,24,130,108"/><V100/><F3/><W129/><G33/><T110/><D79/><U56/><E113/><V53/><F4/><W92/><G115/><T22/><D65/><U43/><E116/><V28/><F73/><W2/><G2/><T88/><D110/><U19/><E105/><V1/><F1/><W133/><G108/><T112/><D112/><U89/><E120/><V52/><F121/><W82/><G66/><T117/><D124/><U35/><E35/><V45/><F28/><W75/><G126/><T91/><D117/><U36/><E36/><V17/><F81/><W38/><G48/><T90/><D37/><N who="3" m="13833" /><G133/><N who="0" m="51275" /><D12/><U123/><E123/><V101/><F85/><W21/><G92/><T83/><D83/><U119/><E119/><V51/><F97/><W13/><G102/><T118/><D118/><U63/><E56/><V40/><F40/><W98/><G98/><T23/><D30/><U47/><E63/><V50/><F50/><W0/><G0/><T131/><D131/><N who="3" m="50185" /><G82/><T64/><D64/><N who="1" m="39007" /><E47/><V86/><F86/><W32/><G75/><T31/><D31/><U6/><E6/><V111/><F60/><W34/><AGARI ba="0,0" hai="13,18,21,24,25,27,32,34" m="50185,13833" machi="34" ten="40,8000,1" yaku="19,1,52,3" doraHai="70" who="3" fromWho="3" sc="134,-20,250,-20,220,-40,396,80" /><INIT seed="3,0,0,3,3,47" ten="114,230,180,476" oya="3" hai0="74,48,95,7,60,27,108,110,1,94,43,66,128" hai1="99,23,133,118,122,42,49,65,82,73,134,10,25" hai2="21,132,67,14,34,6,9,76,130,36,92,39,83" hai3="131,63,24,112,124,64,114,40,87,111,46,22,129"/><W107/><G107/><T18/><D74/><U28/><E122/><V2/><F132/><W33/><G33/><T3/><D128/><N who="3" m="49225" /><G87/><T84/><D7/><U15/><E65/><V72/><F67/><W45/><G124/><T62/><D66/><U127/><E99/><V17/><F130/><W117/><G117/><T115/><D84/><U11/><E118/><V69/><F69/><N who="3" m="42143" /><G24/><T70/><D27/><U61/><E61/><V35/><REACH who="2" step="1"/><F92/><REACH who="2" ten="114,230,170,476" step="2"/><W98/><G112/><T79/><D115/><U68/><E68/><V104/><F104/><W53/><G114/><T55/><D70/><U38/><E127/><V97/><F97/><W113/><G113/><T41/><D95/><U126/><E126/><V109/><F109/><W135/><G135/><T71/><D94/><U54/><E134/><V51/><F51/><N who="3" m="28919" /><G111/><T120/><D108/><U121/><E133/><V119/><F119/><W81/><G98/><T13/><D110/><U123/><E121/><V44/><F44/><W37/><G81/><T91/><D120/><U100/><E82/><V26/><F26/><W0/><G0/><T103/><D1/><U52/><E123/><V59/><F59/><W58/><G58/><T88/><D3/><U29/><E25/><V125/><F125/><W8/><G45/><T102/><D71/><U5/><E15/><V90/><F90/><W106/><G106/><T93/><D13/><U80/><E80/><V89/><F89/><W4/><G37/><AGARI ba="0,1" hai="2,6,9,14,17,21,34,35,36,37,39,72,76,83" machi="37" ten="40,5200,0" yaku="1,1,53,2" doraHai="47" doraHaiUra="30" who="2" fromWho="3" sc="114,0,230,0,170,62,476,-52" /><INIT seed="4,0,0,0,4,95" ten="114,230,232,424" oya="0" hai0="112,99,80,11,64,83,117,5,54,102,7,15,134" hai1="58,41,12,63,110,39,67,131,88,4,22,118,122" hai2="38,37,28,45,133,85,86,93,125,56,111,105,132" hai3="119,2,47,103,123,50,33,30,71,40,116,108,10"/><T87/><D117/><U130/><E118/><V114/><F105/><W75/><G75/><T129/><D112/><U23/><E122/><V34/><F111/><W100/><G123/><T96/><D129/><N who="1" m="49163" /><E110/><V25/><F114/><W128/><G108/><T66/><D134/><U26/><E41/><V115/><F115/><W59/><G71/><T98/><D102/><U81/><E39/><V43/><F38/><W91/><G128/><T1/><D1/><U104/><E104/><V65/><F125/><W84/><G116/><T52/><D5/><U135/><E135/><N who="2" m="51787" /><F93/><W9/><G2/><T62/><D80/><U120/><E120/><V61/><AGARI ba="0,0" hai="25,28,34,37,43,45,56,61,65,85,86" m="51787" machi="61" ten="30,1100,0" yaku="20,1" doraHai="95" who="2" fromWho="2" sc="114,-5,230,-3,232,11,424,-3" /><INIT seed="5,0,0,3,1,48" ten="109,227,243,421" oya="1" hai0="114,68,92,40,94,11,120,129,60,2,19,45,41" hai1="9,43,112,119,36,24,128,0,95,135,62,115,86" hai2="8,121,111,108,118,127,61,23,76,66,51,55,1" hai3="20,126,53,74,84,117,122,21,26,78,85,34,27"/><U16/><E119/><V113/><F23/><W17/><G117/><T109/><D109/><U98/><E135/><V83/><F118/><W56/><G34/><T73/><D114/><N who="1" m="43563" /><E128/><V10/><F113/><W38/><G38/><T131/><D73/><U134/><E86/><V123/><F127/><W110/><G126/><T58/><D68/><U25/><E62/><V124/><F124/><W104/><G104/><T28/><D120/><U15/><E0/><V49/><F1/><W6/><G6/><T63/><D2/><U57/><E57/><V132/><F132/><W80/><G110/><T30/><D58/><U91/><E134/><V5/><F5/><W72/><G72/><T77/><D45/><AGARI ba="0,0" hai="9,15,16,24,25,36,43,45,91,95,98" m="43563" machi="45" ten="30,2900,0" yaku="15,1,54,1" doraHai="48" who="1" fromWho="0" sc="109,-29,227,29,243,0,421,0" /><INIT seed="5,1,0,2,0,49" ten="80,256,243,421" oya="1" hai0="13,27,51,67,113,106,134,40,30,10,65,2,101" hai1="72,43,123,52,28,121,11,135,73,71,104,1,81" hai2="88,62,47,63,3,6,85,97,95,44,77,41,19" hai3="35,84,21,131,107,132,8,42,34,45,66,128,116"/><U55/><E135/><V23/><F3/><W87/><G107/><T127/><D2/><U96/><E43/><V92/><F6/><W18/><G132/><T126/><D134/><U103/><E71/><V117/><F117/><W115/><G116/><T20/><D101/><U100/><E28/><V14/><F47/><W50/><G115/><T98/><D98/><U69/><E69/><V36/><REACH who="2" step="1"/><F77/><REACH who="2" ten="80,256,233,421" step="2"/><W16/><G128/><T9/><D113/><U133/><E133/><V76/><F76/><W105/><G131/><T25/><D127/><U33/><E123/><V48/><F48/><W129/><G129/><T46/><D126/><U39/><E121/><V119/><F119/><W111/><G111/><T22/><D106/><U58/><E104/><V124/><F124/><W61/><G105/><T90/><D90/><AGARI ba="1,1" hai="14,19,23,36,41,44,62,63,85,88,90,92,95,97" machi="90" ten="30,7700,0" yaku="1,1,7,1,54,1,53,1" doraHai="49" doraHaiUra="37" who="2" fromWho="0" sc="80,-80,256,0,233,90,421,0" /><INIT seed="6,0,0,3,2,80" ten="0,256,323,421" oya="2" hai0="77,13,3,79,127,85,35,76,124,111,17,69,86" hai1="122,26,11,75,119,118,131,59,7,16,115,66,39" hai2="91,129,90,73,49,10,0,126,48,47,36,38,5" hai3="72,71,67,106,83,94,74,121,104,101,96,109,70"/><V58/><F73/><W123/><G109/><T95/><D3/><U1/><E122/><N who="3" m="46602" /><G67/><T110/><D35/><U29/><E131/><V37/><F126/><N who="0" m="48170" /><D69/><N who="3" m="26121" /><G94/><T63/><D63/><U125/><E115/><V130/><F58/><W65/><G65/><T62/><D62/><U18/><E59/><V25/><F25/><W43/><G43/><T23/><D95/><U42/><E66/><V52/><REACH who="2" step="1"/><F48/><REACH who="2" ten="0,256,313,421" step="2"/><W30/><G72/><T57/><D57/><U98/><E75/><V45/><F45/><W134/><G74/><T102/><D102/><U41/><E125/><V24/><F24/><W135/><G101/><T99/><D99/><U44/><E98/><V31/><F31/><W34/><G96/><T33/><D33/><U114/><E114/><V54/><F54/><W46/><G46/><T88/><D88/><AGARI ba="0,1" hai="0,5,10,36,37,38,47,49,52,88,90,91,129,130" machi="88" ten="50,9600,0" yaku="1,1,54,2,53,0" doraHai="80" doraHaiUra="64" who="2" fromWho="0" sc="0,-96,256,0,313,106,421,0" owari="-96,-60.0,256,-14.0,419,22.0,421,52.0" /></mjloggm>