<mjloggm ver="2.3"><GO type="41" lobby="0"/><UN n0="%E3%81%8F%E3%82%80%E3%81%8F%E3%82%80%32%33" n1="%E6%97%A5%E5%A5%B3%E5%84%AA%E3%81%AF%E5%81%89%E5%A4%A7%E3%81%A0" n2="%E2%93%9D%53%75%70%68%78" n3="%7A%61%77%61%63%6F" dan="13,14,18,15" rate="1830.57,1843.68,2140.61,1925.44" sx="M,M,M,M"/><TAIKYOKU oya="0"/><INIT seed="0,0,0,0,3,78" ten="250,250,250,250" oya="0" hai0="102,74,83,43,9,86,125,133,44,115,135,91,105" hai1="118,53,104,103,7,56,93,31,66,111,17,68,2" hai2="19,51,49,90,52,48,84,55,101,32,37,23,20" hai3="65,59,124,122,4,30,114,72,77,82,1,96,29"/><T22/><D115/><U33/><E118/><V39/><F32/><W21/><G114/><T60/><D125/><U25/><E111/><V123/><F101/><W107/><G124/><T35/><D35/><U129/><E129/><V47/><F123/><W132/><G132/><N who="0" m="50763" /><D60/><N who="1" m="40007" /><E17/><V18/><F39/><W0/><G122/><T89/><D74/><U131/><E93/><V69/><F37/><W36/><G36/><T99/><D22/><U5/><E131/><V120/><F69/><W73/><G73/><T10/><D91/><U106/><E106/><V42/><F120/><W126/><G21/><T40/><D40/><U14/><E2/><V119/><F119/><W121/><G0/><T64/><D64/><U71/><E14/><V94/><F42/><W62/><G121/><T85/><D86/><U79/><E79/><V27/><REACH who="2" step="1"/><F55/><REACH who="2" ten="250,250,240,250" step="2"/><W41/><G126/><T26/><D26/><AGARI ba="0,1" hai="18,19,20,23,26,27,47,48,49,51,52,84,90,94" machi="26" ten="30,12000,2" yaku="1,1,2,1,7,1,9,1,8,1,54,1,53,0" doraHai="78" doraHaiUra="3" who="2" fromWho="0" sc="250,-120,250,0,240,130,250,0" /><INIT seed="1,0,0,0,1,117" ten="130,250,370,250" oya="1" hai0="110,38,128,3,50,57,69,125,68,113,62,72,41" hai1="66,119,89,56,37,52,49,10,34,74,17,101,81" hai2="107,94,114,109,32,20,123,24,55,4,53,132,83" hai3="30,115,21,73,58,106,39,40,63,129,18,71,31"/><U98/><E119/><V8/><F109/><W76/><G115/><T102/><D72/><U27/><E37/><V131/><F107/><W91/><G71/><T70/><D110/><U82/><E66/><V44/><F131/><W112/><G112/><T54/><D113/><U9/><E89/><V5/><F132/><W6/><G129/><T121/><D102/><U133/><E133/><V42/><F32/><W16/><G106/><T124/><D3/><U7/><E7/><V61/><F123/><W88/><G6/><T111/><D111/><U116/><E116/><V36/><F5/><W93/><G76/><T134/><D128/><U79/><E82/><V103/><F61/><W122/><G122/><T23/><D23/><U64/><E64/><V33/><F33/><W86/><G73/><T47/><D134/><U97/><E97/><V51/><F36/><W80/><G40/><T75/><D75/><U78/><E78/><V77/><F94/><W87/><G39/><T46/><REACH who="0" step="1"/><D121/><REACH who="0" ten="120,250,370,250" step="2"/><U85/><E74/><V118/><F118/><W43/><G43/><AGARI ba="0,1" hai="38,41,43,46,47,50,54,57,62,68,69,70,124,125" machi="43" ten="50,16000,3" yaku="1,1,2,1,34,3,53,3" doraHai="117" doraHaiUra="65" who="0" fromWho="3" sc="120,170,250,0,370,0,250,-160" /><INIT seed="2,0,0,1,4,102" ten="290,250,370,90" oya="2" hai0="129,104,27,58,132,113,124,46,61,17,49,76,114" hai1="83,94,121,16,103,53,39,19,15,7,81,1,128" hai2="80,86,26,10,28,108,51,60,91,131,38,14,13" hai3="117,107,72,97,65,119,95,42,8,20,123,11,101"/><V23/><F131/><W66/><G123/><T62/><D124/><U2/><E128/><V116/><F116/><W135/><G135/><T35/><D129/><U29/><E121/><V98/><F38/><W44/><G72/><T4/><D132/><U133/><E39/><V73/><F73/><W22/><G95/><T84/><D4/><U55/><E133/><V6/><F108/><W78/><G78/><T64/><D62/><U112/><E29/><V109/><F109/><W57/><G117/><T59/><D59/><U115/><E7/><V3/><F51/><N who="3" m="27031" /><G119/><T127/><D127/><U75/><E94/><V87/><F98/><W126/><G126/><T47/><D104/><U93/><E93/><V52/><REACH who="2" step="1"/><F87/><REACH who="2" ten="290,250,360,90" step="2"/><W40/><G97/><T56/><D84/><U37/><E75/><V63/><F63/><W71/><G71/><T33/><D114/><U30/><E37/><V82/><F82/><W100/><G100/><T9/><D113/><U85/><E115/><V96/><F96/><W24/><G101/><T111/><D111/><U50/><E112/><V77/><F77/><W92/><G92/><T130/><D130/><U41/><E85/><V31/><F31/><W48/><G48/><T21/><D76/><U118/><E103/><V45/><F45/><W88/><G88/><T0/><D47/><U68/><E118/><V70/><F70/><W36/><G36/><T99/><D99/><U69/><E83/><V90/><F90/><W89/><G89/><T25/><D46/><U79/><E81/><V122/><F122/><W120/><G120/><T110/><D110/><RYUUKYOKU ba="0,1" sc="290,-10,250,-10,360,30,90,-10" hai2="3,6,10,13,14,23,26,28,52,60,80,86,91" /><INIT seed="2,1,1,5,0,9" ten="280,240,390,80" oya="2" hai0="62,2,10,95,72,13,111,109,96,63,87,86,98" hai1="97,26,7,31,118,21,37,100,77,1,40,67,134" hai2="19,70,58,91,99,16,101,48,119,84,14,59,41" hai3="45,29,25,4,18,69,104,68,50,61,24,27,39"/><V108/><F70/><W115/><G115/><T81/><D2/><U22/><E118/><V15/><F119/><W53/><G104/><T106/><D72/><U28/><E134/><V35/><F35/><W56/><G4/><T116/><D116/><U54/><E77/><V38/><F38/><W123/><G123/><T117/><D117/><U121/><E121/><V33/><F33/><W132/><G132/><T42/><D42/><U8/><E54/><V6/><F108/><N who="0" m="41546" /><D106/><U46/><E67/><V57/><F99/><N who="0" m="37930" /><D95/><U128/><E128/><V125/><F125/><W92/><G92/><T82/><D82/><U110/><E110/><V112/><F112/><W105/><G105/><T135/><D135/><U20/><REACH who="1" step="1"/><E26/><REACH who="1" ten="280,230,390,80" step="2"/><V133/><F133/><W129/><G129/><T65/><D65/><U73/><E73/><V5/><F41/><W103/><G24/><T83/><D63/><U30/><E30/><V114/><F114/><W12/><G61/><T34/><D62/><U120/><E120/><V79/><F79/><W130/><G53/><T126/><D126/><U55/><E55/><V11/><F101/><W43/><G130/><T122/><D122/><U52/><E52/><V80/><F48/><W78/><G50/><T3/><D3/><U124/><E124/><V51/><F51/><W74/><G74/><T64/><D64/><U66/><E66/><V44/><F44/><W0/><G45/><T71/><D71/><U107/><AGARI ba="1,2" hai="1,7,8,20,21,22,28,31,37,40,46,97,100,107" machi="107" ten="30,2000,0" yaku="1,1,0,1,53,0" doraHai="9" doraHaiUra="88" who="1" fromWho="1" sc="280,-6,230,43,390,-11,80,-6" /><INIT seed="3,0,0,0,1,121" ten="274,273,379,74" oya="3" hai0="122,37,133,61,74,93,29,108,89,42,117,98,104" hai1="44,69,63,125,45,64,47,134,59,105,6,41,100" hai2="4,87,31,15,129,24,39,65,0,26,51,27,58" hai3="11,131,50,33,82,81,72,90,116,109,32,18,132"/><W120/><G116/><T130/><D117/><U78/><E134/><V34/><F39/><W14/><G120/><T52/><D122/><U16/><E125/><V60/><F0/><W49/><G131/><T106/><D133/><U113/><E113/><V124/><F129/><W40/><G132/><T111/><D74/><U97/><E6/><V115/><F115/><W25/><G72/><T35/><D29/><U13/><E78/><V114/><F114/><W2/><G2/><T30/><D130/><U119/><E119/><V66/><F66/><W53/><G40/><T36/><D30/><U91/><E91/><V43/><F124/><W88/><G109/><N who="0" m="42059" /><D35/><U73/><E73/><V17/><F4/><W23/><G33/><T5/><D5/><U68/><REACH who="1" step="1"/><E41/><REACH who="1" ten="274,263,379,74" step="2"/><V79/><F43/><W135/><G135/><T62/><D42/><U57/><E57/><V84/><F58/><N who="3" m="33071" /><G32/><T67/><D36/><U12/><E12/><V112/><F15/><W76/><G50/><T127/><D37/><U86/><E86/><V3/><F87/><N who="3" m="48551" /><G82/><T8/><D127/><U48/><E48/><V1/><F112/><W54/><G54/><T70/><D8/><AGARI ba="0,1" hai="8,13,16,44,45,47,59,63,64,68,69,97,100,105" machi="8" ten="40,2600,0" yaku="1,1,54,1,53,0" doraHai="121" doraHaiUra="128" who="1" fromWho="0" sc="274,-26,263,36,379,0,74,0" /><INIT seed="4,0,0,1,4,106" ten="248,299,379,74" oya="0" hai0="25,19,33,95,44,69,3,97,133,109,5,74,7" hai1="102,88,50,105,58,124,4,62,49,71,38,84,28" hai2="24,85,135,13,6,30,0,63,96,48,73,15,55" hai3="86,68,112,8,125,104,115,89,114,59,127,91,119"/><T65/><D133/><U47/><E38/><V9/><F73/><W45/><G68/><T27/><D74/><U100/><E124/><N who="3" m="47690" /><G45/><T67/><D109/><U128/><E128/><V37/><F96/><W70/><G70/><T16/><D44/><U39/><E71/><V18/><F63/><W20/><G59/><T123/><D69/><U83/><E28/><V52/><F37/><W21/><G8/><T134/><D134/><U75/><E4/><V32/><F135/><W111/><G111/><T12/><D123/><U94/><E105/><V99/><F99/><W23/><G104/><T40/><D40/><U122/><E122/><V121/><F121/><W14/><G14/><T34/><D97/><U131/><E131/><V56/><F55/><W93/><G119/><T81/><D95/><U77/><E49/><V61/><F61/><W36/><G93/><T29/><D29/><U54/><REACH who="1" step="1"/><E39/><REACH who="1" ten="248,289,379,74" step="2"/><V90/><F18/><W43/><G36/><T130/><D130/><U126/><E126/><V76/><F76/><W41/><G86/><T98/><D3/><U42/><AGARI ba="0,1" hai="42,47,50,54,58,62,75,77,83,84,88,94,100,102" machi="42" ten="20,8000,1" yaku="1,1,0,1,7,1,52,1,54,1,53,0" doraHai="106" doraHaiUra="11" who="1" fromWho="1" sc="248,-40,289,90,379,-20,74,-20" /><INIT seed="5,0,0,1,5,82" ten="208,379,359,54" oya="1" hai0="112,53,40,58,134,76,123,23,127,129,1,93,7" hai1="11,90,2,130,54,17,37,83,73,117,29,46,21" hai2="14,104,44,26,9,80,95,122,121,19,119,28,86" hai3="52,16,69,13,63,49,74,75,113,41,107,65,22"/><U87/><E117/><V35/><F104/><W125/><G125/><T34/><D40/><U15/><E130/><V48/><F95/><W79/><G113/><T91/><D76/><U132/><E132/><V88/><REACH who="2" step="1"/><F119/><REACH who="2" ten="208,379,349,54" step="2"/><W33/><G107/><T47/><D112/><U6/><E29/><V105/><F105/><W131/><G131/><T72/><D129/><U81/><E73/><V55/><AGARI ba="0,1" hai="9,14,19,26,28,35,44,48,55,80,86,88,121,122" machi="55" ten="20,16000,3" yaku="1,1,0,1,7,1,25,2,52,1,54,1,53,1" doraHai="82" doraHaiUra="43" who="2" fromWho="2" sc="208,-40,379,-80,349,170,54,-40" /><INIT seed="6,0,0,3,5,35" ten="168,299,519,14" oya="2" hai0="73,70,102,107,2,69,123,65,42,43,13,61,57" hai1="48,131,106,112,18,60,114,101,90,81,122,80,84" hai2="47,135,66,20,26,29,98,56,97,124,91,27,113" hai3="11,68,41,62,23,16,0,134,96,46,30,44,21"/><V5/><F113/><W64/><G134/><T115/><D73/><U19/><E60/><V49/><F124/><W132/><G132/><T51/><D123/><U78/><E48/><V53/><F5/><W127/><G127/><T9/><D115/><U58/><E58/><V40/><F27/><W79/><G79/><T85/><D102/><U75/><E122/><V82/><F135/><W93/><G30/><T103/><D85/><U74/><E19/><V100/><F66/><W105/><G105/><T63/><D70/><U133/><E18/><V120/><F120/><W118/><G118/><T125/><D125/><U67/><E67/><V38/><F100/><W72/><G72/><T8/><D8/><U104/><E133/><V95/><F82/><W4/><G41/><T3/><D43/><U15/><E15/><V28/><F28/><W130/><G23/><T129/><D129/><U7/><E7/><V109/><F109/><W76/><G76/><T45/><D103/><U128/><E101/><V32/><F32/><W117/><G117/><T36/><D107/><U12/><E12/><V92/><F92/><W121/><G121/><T55/><REACH who="0" step="1"/><D63/><REACH who="0" ten="158,299,519,14" step="2"/><U33/><E104/><V89/><F40/><W54/><G130/><T94/><D94/><U22/><E106/><V83/><F95/><W126/><G126/><T50/><D50/><U116/><E114/><V59/><F49/><N who="3" m="28967" /><G46/><T110/><D110/><U86/><E112/><V34/><F47/><W31/><G31/><T111/><D111/><U37/><E131/><V10/><F29/><W6/><G6/><AGARI ba="0,1" hai="2,3,6,9,13,36,42,45,51,55,57,61,65,69" machi="6" ten="30,12000,2" yaku="1,1,7,1,24,2,52,2,53,1" doraHai="35" doraHaiUra="71" who="0" fromWho="3" sc="158,130,299,0,519,0,14,-120" owari="288,-11.0,299,10.0,519,62.0,-106,-61.0" /></mjloggm>