<mjloggm ver="2.3"><GO type="41" lobby="0"/><UN n0="%4E%6F%6E%61%6E" n1="%4A%55%4E%4B%49%45%53" n2="%E3%83%A9%E3%83%A0%E3%83%9E%E3%82%B8%E5%A4%A9%E4%BD%BF" n3="%E2%93%9D%53%75%70%68%78" dan="15,15,14,17" rate="2040.65,2002.29,1912.33,2062.73" sx="M,M,M,M"/><TAIKYOKU oya="0"/><INIT seed="0,0,0,0,2,77" ten="250,250,250,250" oya="0" hai0="0,61,42,94,16,34,81,99,10,114,29,100,88" hai1="120,97,90,51,30,48,84,101,110,123,18,52,33" hai2="71,72,128,82,15,129,39,92,85,98,124,46,69" hai3="119,37,73,6,5,132,45,14,1,135,104,117,76"/><T70/><D114/><U28/><E110/><V115/><F115/><W83/><G14/><T67/><D42/><U3/><E3/><V8/><F124/><W130/><G6/><T113/><D113/><U19/><E120/><V125/><F125/><W127/><G130/><N who="2" m="50281" /><F72/><W9/><G104/><T35/><D29/><N who="1" m="11371" /><E51/><V54/><F92/><W87/><G87/><T2/><D34/><U60/><E60/><V118/><F98/><W107/><G107/><T65/><D35/><U109/><E33/><V93/><F93/><W13/><G13/><N who="0" m="7223" /><D61/><U11/><E109/><V126/><F126/><W133/><G127/><T32/><D70/><U75/><E75/><V89/><F118/><W103/><G103/><T108/><D32/><U116/><E11/><V4/><F39/><W122/><G122/><T43/><D108/><U7/><E7/><V20/><F20/><W23/><G23/><T26/><D2/><U59/><E123/><V74/><F74/><W58/><G58/><T106/><D0/><U50/><E116/><V38/><F38/><W27/><G27/><T62/><D106/><U111/><E111/><V22/><F22/><W31/><G31/><T78/><D43/><AGARI ba="0,0" hai="1,5,9,37,43,45,73,76,83,117,119,132,133,135" machi="43" ten="40,12000,2" yaku="25,2,20,1,23,2,52,1" doraHai="77" who="3" fromWho="0" sc="250,-120,250,0,250,0,250,120" /><INIT seed="1,0,0,0,5,42" ten="130,250,250,370" oya="1" hai0="26,83,31,22,84,100,49,123,23,35,88,129,121" hai1="12,128,15,8,125,61,28,119,38,80,77,16,39" hai2="30,27,115,75,82,114,99,0,131,108,89,59,37" hai3="52,132,33,63,36,53,111,133,135,55,107,68,112"/><U58/><E119/><V60/><F108/><W10/><G33/><T25/><D129/><U96/><E125/><V113/><F131/><W130/><G130/><T95/><D49/><U98/><E128/><V19/><F0/><W93/><G107/><T40/><D40/><U85/><E28/><V18/><F37/><W134/><G112/><T51/><D51/><U102/><E39/><V54/><F75/><W116/><G111/><T57/><D57/><U3/><E3/><V74/><F74/><W71/><G93/><T9/><D9/><N who="1" m="6159" /><E38/><V46/><F46/><W24/><G116/><T118/><D118/><U103/><E98/><V79/><F79/><W66/><G24/><T109/><D109/><U32/><E96/><V110/><F110/><W78/><G78/><T11/><D11/><U48/><E48/><V5/><F5/><W91/><G10/><T41/><D41/><U101/><E32/><V4/><F4/><W67/><G135/><T73/><D100/><U34/><E34/><N who="2" m="20831" /><F99/><W122/><G36/><T14/><D14/><U106/><E106/><V76/><F76/><W105/><G105/><T104/><D104/><U72/><E72/><V56/><F59/><W81/><G134/><T6/><D6/><N who="1" m="3479" /><E103/><V69/><F69/><W13/><G133/><T86/><D73/><U2/><E2/><V7/><F7/><W120/><G132/><T92/><D35/><U94/><E94/><N who="0" m="35881" /><D84/><AGARI ba="0,0" hai="18,19,54,56,60,82,84,89,113,114,115" m="20831" machi="84" ten="30,1000,0" yaku="11,1" doraHai="42" who="2" fromWho="0" sc="130,-10,250,0,250,10,370,0" /><INIT seed="2,0,0,5,1,29" ten="120,250,260,370" oya="2" hai0="81,100,54,15,125,1,23,64,6,84,52,10,98" hai1="71,12,4,57,47,117,56,135,72,86,24,111,103" hai2="7,22,114,91,33,46,132,122,88,16,9,110,107" hai3="59,27,79,82,67,3,43,17,94,104,26,129,76"/><V42/><F114/><W134/><G3/><T112/><D125/><U123/><E111/><V85/><F122/><W34/><G104/><T106/><D112/><U80/><E72/><V11/><F110/><W90/><G43/><T116/><D116/><U62/><E71/><V19/><F132/><W25/><G129/><T53/><D64/><U39/><E117/><V120/><F120/><W95/><G34/><T74/><D74/><U50/><E123/><V36/><F107/><W58/><G17/><T40/><D40/><U45/><E103/><V131/><F131/><W78/><G134/><T18/><REACH who="0" step="1"/><D54/><REACH who="0" ten="110,250,260,370" step="2"/><U21/><E135/><V37/><F42/><W65/><G65/><T93/><D93/><N who="3" m="35337" /><G67/><T92/><D92/><U14/><E39/><V61/><F37/><W8/><G8/><T97/><D97/><U77/><E4/><V48/><F36/><W5/><G5/><T20/><D20/><U115/><E115/><V102/><F22/><W73/><G73/><T38/><D38/><U105/><E105/><V70/><F7/><W68/><G68/><T109/><D109/><U126/><E126/><V2/><F70/><W121/><G121/><T44/><D44/><U60/><E47/><V69/><F46/><W83/><G83/><T127/><D127/><U35/><E21/><V13/><F69/><W51/><G51/><T119/><D119/><U101/><E50/><V0/><F48/><W130/><G130/><T133/><D133/><U63/><E45/><V41/><F9/><W49/><G49/><T28/><D28/><U30/><E30/><V75/><F41/><RYUUKYOKU ba="0,1" sc="110,15,250,-15,260,-15,370,15" hai0="1,6,10,15,18,23,52,53,81,84,98,100,106" hai3="25,26,27,58,59,76,78,79,82,90" /><INIT seed="3,1,1,2,2,41" ten="125,235,245,385" oya="3" hai0="9,97,3,71,96,105,32,126,133,134,40,129,106" hai1="53,114,60,113,23,28,118,51,47,21,70,84,38" hai2="37,13,19,119,87,52,82,56,54,43,88,68,112" hai3="93,74,55,30,36,61,130,81,128,33,48,5,100"/><W77/><G36/><T2/><D9/><U117/><E28/><V11/><F112/><W123/><G123/><T83/><D40/><N who="1" m="22935" /><E23/><V26/><F119/><N who="1" m="45577" /><E84/><V132/><F132/><N who="0" m="50794" /><D71/><U24/><E24/><V62/><F68/><W107/><G5/><T65/><D65/><N who="1" m="41255" /><E21/><V34/><F34/><W108/><G30/><T135/><N who="0" m="50802" /><T92/><DORA hai="49" /><D32/><U50/><E50/><V45/><REACH who="2" step="1"/><F26/><REACH who="2" ten="125,235,235,385" step="2"/><W35/><G35/><T39/><D39/><U76/><E76/><V59/><F59/><AGARI ba="1,2" hai="51,53,59,113,114" m="41255,45577,22935" machi="59" ten="30,12000,2" yaku="24,1,12,1,34,2,52,2" doraHai="41,49" who="1" fromWho="2" sc="125,0,235,143,235,-123,385,0" /><INIT seed="4,0,0,3,4,93" ten="125,378,112,385" oya="0" hai0="130,110,2,126,26,125,6,74,122,65,51,1,131" hai1="4,52,92,61,11,30,67,3,70,129,106,91,34" hai2="132,111,31,71,113,41,22,101,66,12,59,86,39" hai3="135,69,25,120,58,103,115,63,49,64,107,29,76"/><T19/><D74/><U16/><E106/><V119/><F111/><W127/><G115/><T90/><D65/><U14/><E129/><N who="0" m="49161" /><D110/><U23/><E91/><V88/><F113/><W54/><G135/><T97/><D122/><U98/><E52/><V43/><F132/><W79/><G127/><N who="0" m="48651" /><D51/><U89/><E30/><V47/><F119/><W81/><G120/><T13/><D90/><U50/><REACH who="1" step="1"/><E50/><REACH who="1" ten="125,368,112,385" step="2"/><V32/><F88/><W133/><G133/><T95/><D95/><U75/><E75/><V0/><F31/><W104/><G104/><T62/><D62/><U85/><E85/><V80/><F86/><W5/><G107/><T134/><D134/><U102/><E102/><V57/><F101/><W72/><G103/><T73/><D73/><U20/><E20/><V15/><F22/><W28/><G72/><T118/><D118/><U116/><E116/><V124/><F124/><W17/><G49/><T44/><D44/><U36/><E36/><V100/><F47/><W84/><G84/><T128/><D128/><U21/><E21/><V53/><F39/><W99/><G63/><T18/><D26/><U77/><E77/><V78/><F78/><W40/><G25/><T108/><D108/><U68/><E68/><V33/><F71/><W94/><G69/><T56/><D56/><U82/><E82/><V42/><F57/><W87/><G79/><T35/><D35/><AGARI ba="0,1" hai="3,4,11,14,16,23,34,35,61,67,70,89,92,98" machi="35" ten="40,8000,1" yaku="1,1,52,1,54,1,53,1" doraHai="93" doraHaiUra="8" who="1" fromWho="0" sc="125,-80,368,90,112,0,385,0" /><INIT seed="5,0,0,4,3,104" ten="45,458,112,385" oya="1" hai0="133,19,26,109,110,126,86,45,30,115,91,53,15" hai1="75,102,123,112,121,46,37,59,114,2,56,83,18" hai2="87,65,101,43,117,36,54,93,96,78,40,70,66" hai3="130,12,51,79,33,82,20,50,25,52,35,131,1"/><U129/><E2/><V24/><F117/><W42/><G1/><T95/><D115/><N who="1" m="44075" /><E102/><V127/><F127/><W100/><G100/><T49/><D126/><U5/><E18/><V105/><F54/><W6/><G42/><T84/><D133/><U60/><E5/><V80/><F70/><W92/><G51/><T16/><D19/><U28/><E28/><V103/><F103/><W64/><G92/><T94/><D94/><U135/><E129/><N who="3" m="49162" /><G64/><N who="2" m="24681" /><F36/><W118/><G12/><T57/><D86/><U81/><E81/><V55/><F55/><W0/><G6/><T122/><D45/><U124/><E124/><V58/><F58/><N who="1" m="22057" /><E60/><V128/><F128/><W77/><G0/><T89/><D89/><U17/><E17/><V8/><F8/><W22/><G82/><T67/><D67/><U88/><E135/><V132/><F132/><W29/><G118/><T107/><D107/><U99/><E99/><V134/><F134/><W32/><G22/><T72/><D122/><U41/><E88/><N who="2" m="53407" /><F24/><W4/><G4/><T98/><D98/><U119/><E119/><V85/><F105/><W9/><G9/><T14/><D14/><U111/><E111/><V76/><F76/><AGARI ba="0,0" hai="37,41,46,75,76,83,121,123" m="22057,44075" machi="76" ten="30,2900,0" yaku="15,1,52,1" doraHai="104" who="1" fromWho="2" sc="45,0,458,29,112,-29,385,0" /><INIT seed="5,1,0,2,3,93" ten="45,487,83,385" oya="1" hai0="20,2,88,98,105,119,0,8,129,115,72,87,66" hai1="125,11,41,102,32,120,56,131,19,33,51,23,3" hai2="36,78,100,127,46,99,79,17,30,54,64,37,63" hai3="104,31,123,1,44,26,61,114,84,106,29,13,82"/><U128/><E120/><V39/><F127/><W73/><G1/><T69/><D119/><U83/><E125/><V49/><F30/><W21/><G73/><T124/><D115/><U112/><E83/><V80/><F17/><W126/><G123/><T40/><D72/><U94/><E112/><V95/><REACH who="2" step="1"/><F80/><REACH who="2" ten="45,487,73,385" step="2"/><W7/><G31/><T48/><D124/><U85/><E19/><V97/><F97/><W91/><G114/><T77/><D129/><U121/><E121/><V22/><F22/><W110/><G126/><T92/><D20/><U50/><E23/><V52/><F52/><W9/><G110/><T16/><D66/><U134/><E33/><V47/><F47/><W96/><G44/><T108/><D108/><U60/><E32/><V111/><F111/><W27/><G27/><T103/><D48/><U118/><E51/><V6/><F6/><W59/><G96/><T116/><D116/><U43/><E50/><V42/><F42/><W89/><REACH who="3" step="1"/><G89/><REACH who="3" ten="45,487,73,375" step="2"/><T53/><D40/><U101/><E43/><V70/><AGARI ba="1,2" hai="36,37,39,46,49,54,63,64,70,78,79,95,99,100" machi="70" ten="30,4000,0" yaku="1,1,0,1,52,1,53,0" doraHai="93" doraHaiUra="107" who="2" fromWho="2" sc="45,-11,487,-21,73,63,375,-11" /><INIT seed="6,0,0,1,4,23" ten="34,466,136,364" oya="2" hai0="67,107,106,119,135,114,115,42,35,103,40,68,1" hai1="117,53,51,13,98,94,71,45,113,100,46,134,8" hai2="95,14,128,76,34,109,22,21,57,108,83,12,91" hai3="86,56,70,121,30,110,82,0,93,44,123,92,122"/><V10/><F34/><W101/><G0/><T131/><D103/><U49/><E117/><V85/><F128/><W60/><G70/><T130/><D1/><U11/><E71/><V125/><F125/><W24/><G110/><N who="2" m="42601" /><F57/><W78/><G44/><T17/><D35/><U89/><E113/><N who="0" m="43017" /><D68/><U36/><E36/><V48/><F48/><W80/><G80/><T75/><D17/><U25/><E134/><V3/><F3/><W55/><REACH who="3" step="1"/><G101/><REACH who="3" ten="34,466,136,354" step="2"/><T5/><D135/><U133/><E133/><V69/><F69/><W26/><G26/><T54/><D119/><U58/><E25/><V4/><F14/><W43/><G43/><N who="0" m="16427" /><D75/><AGARI ba="0,1" hai="4,10,12,21,22,75,76,83,85,91,95" m="42601" machi="75" ten="30,1500,0" yaku="10,1" doraHai="23" who="2" fromWho="0" sc="34,-15,466,0,136,25,354,0" /><INIT seed="6,1,0,4,5,120" ten="19,466,161,354" oya="2" hai0="105,18,84,90,87,62,81,44,20,26,89,22,102" hai1="16,133,36,45,115,21,108,48,82,118,40,9,95" hai2="113,99,135,78,68,107,4,59,112,94,93,65,66" hai3="129,39,13,24,117,88,130,114,83,64,111,131,19"/><V27/><F107/><W30/><G39/><T134/><D134/><U58/><E108/><V35/><F135/><W46/><G117/><T53/><D105/><U57/><E118/><V69/><F4/><W61/><G46/><T132/><D132/><U98/><E9/><V97/><F59/><W91/><G114/><T86/><D102/><U0/><E0/><V109/><F27/><W15/><G83/><T2/><D2/><U14/><E115/><V37/><F37/><W103/><G103/><T5/><D5/><U76/><E36/><V122/><F78/><W121/><G121/><T8/><D62/><U56/><E133/><V96/><F122/><W110/><G30/><T3/><D3/><U70/><E70/><V92/><F109/><N who="3" m="41483" /><G24/><T31/><D8/><U116/><E116/><V12/><F12/><N who="3" m="4683" /><G19/><T127/><D127/><U67/><E82/><V123/><F123/><W29/><G29/><T42/><D53/><U125/><E76/><V47/><F47/><W6/><G6/><T32/><D84/><U11/><E125/><V71/><F35/><W50/><G50/><T75/><D75/><U28/><E28/><V60/><F60/><W33/><G33/><T124/><D124/><U23/><E67/><AGARI ba="1,0" hai="65,66,67,68,69,71,92,93,94,96,97,99,112,113" machi="67" ten="50,12000,1" yaku="29,2,28,2" doraHai="120" who="2" fromWho="1" sc="19,0,466,-123,161,123,354,0" /><INIT seed="6,2,0,4,5,95" ten="19,343,284,354" oya="2" hai0="64,80,33,10,15,32,125,90,66,88,42,35,54" hai1="1,31,123,7,78,20,133,87,49,69,46,58,25" hai2="75,56,21,8,126,97,99,131,84,128,52,12,6" hai3="30,129,27,3,36,83,81,63,51,39,50,24,103"/><V117/><F117/><W104/><G3/><T100/><D42/><U62/><E69/><V102/><F75/><W74/><G129/><N who="2" m="49737" /><F126/><W70/><G27/><T79/><D125/><U2/><E133/><V72/><F72/><W61/><G74/><T14/><D100/><U11/><E123/><V121/><F121/><W109/><G109/><T134/><D54/><U37/><E37/><V53/><F84/><W115/><G115/><T98/><D134/><U55/><E87/><V106/><F56/><W45/><G39/><T82/><D10/><U59/><E78/><V124/><F124/><W9/><G9/><T38/><D38/><U107/><E107/><N who="2" m="63951" /><F21/><W5/><G70/><T108/><D35/><U113/><E113/><V68/><F68/><W0/><G83/><T48/><D48/><U118/><E118/><V47/><F47/><W85/><G45/><T119/><D119/><U127/><E127/><V34/><F34/><W130/><G130/><T71/><D71/><U13/><REACH who="1" step="1"/><E59/><REACH who="1" ten="19,333,284,354" step="2"/><V26/><F26/><W96/><G24/><T120/><D120/><U28/><E28/><V112/><F112/><W86/><G30/><T29/><D29/><U94/><E94/><V22/><F22/><W92/><G92/><T101/><D101/><AGARI ba="2,1" hai="6,8,12,52,53,99,101,106" m="63951,49737" machi="101" ten="30,11600,0" yaku="19,1,52,2,54,1" doraHai="95" who="2" fromWho="0" sc="19,-122,333,0,284,132,354,0" owari="-103,-60.0,333,-7.0,416,52.0,354,15.0" /></mjloggm>