<mjloggm ver="2.3"><GO type="41" lobby="0"/><UN n0="%E2%93%9D%53%75%70%68%78" n1="%E3%83%9F%E3%82%B9%E3%82%A8%E3%82%A4" n2="%E3%83%9D%E3%83%B3%E3%82%B3%E3%83%84" n3="%63%7A%68" dan="18,14,13,14" rate="2124.76,1884.69,1875.78,1902.14" sx="M,M,M,M"/><TAIKYOKU oya="0"/><INIT seed="0,0,0,0,0,86" ten="250,250,250,250" oya="0" hai0="132,66,47,63,81,79,89,22,106,121,113,133,93" hai1="103,110,45,109,25,70,2,75,105,53,104,59,116" hai2="69,129,10,92,97,124,42,43,36,54,130,74,15" hai3="90,13,126,67,8,9,91,48,0,77,94,114,17"/><T49/><D113/><U24/><E70/><V123/><F69/><W127/><G114/><T14/><D106/><U32/><E116/><V73/><F123/><W34/><G77/><T101/><D101/><U20/><E2/><V87/><F87/><W38/><G38/><T82/><D121/><U29/><E75/><V98/><F54/><W122/><G122/><T128/><D128/><U1/><E1/><V27/><F27/><W61/><G34/><T30/><D30/><U18/><E45/><V46/><F124/><N who="3" m="47659" /><G48/><T56/><D22/><U96/><REACH who="1" step="1"/><E105/><REACH who="1" ten="250,240,250,250" step="2"/><V134/><F46/><W4/><G94/><T83/><D79/><U7/><E7/><V50/><F92/><W131/><G131/><T39/><D39/><U33/><E33/><V111/><F36/><W80/><G80/><T64/><D83/><U78/><E78/><V119/><F119/><W112/><G112/><T12/><D82/><U3/><E3/><V26/><F129/><W68/><AGARI ba="0,1" hai="0,4,8,9,13,17,61,67,68,90,91" m="47659" machi="68" ten="30,4000,0" yaku="18,1,52,2" doraHai="86" who="3" fromWho="3" sc="250,-20,240,-10,250,-10,250,50" /><INIT seed="1,0,0,3,0,55" ten="230,230,240,300" oya="1" hai0="84,18,82,86,48,104,2,88,107,15,42,112,27" hai1="79,40,22,69,24,12,109,67,75,26,129,117,64" hai2="127,44,77,130,23,70,11,134,65,46,123,102,115" hai3="133,74,0,60,47,111,4,32,85,13,30,105,17"/><U59/><E117/><V3/><F123/><W110/><G74/><T103/><D2/><U9/><E69/><V8/><F102/><W41/><G133/><T52/><D112/><U81/><E129/><V49/><F134/><W122/><G122/><T56/><D103/><U10/><E109/><N who="3" m="41482" /><G105/><T76/><D27/><U95/><E40/><V37/><F115/><W5/><G60/><T58/><D42/><U99/><E26/><V125/><F37/><W118/><G0/><T91/><D58/><U93/><E93/><V108/><F23/><N who="3" m="11695" /><G118/><T29/><D29/><N who="1" m="17559" /><E12/><V71/><F3/><W114/><G114/><T120/><D120/><U78/><E67/><V25/><F108/><W54/><G54/><T35/><D35/><U1/><E79/><V72/><F25/><N who="3" m="18511" /><G85/><T51/><D51/><AGARI ba="0,0" hai="4,5,41,47,51" m="18511,11695,41482" machi="51" ten="30,1000,0" yaku="14,1" doraHai="55" who="3" fromWho="0" sc="230,-10,230,0,240,0,300,10" /><INIT seed="2,0,0,0,1,52" ten="220,230,240,310" oya="2" hai0="109,132,65,92,85,91,29,9,13,112,105,20,5" hai1="31,14,123,63,79,127,56,131,39,17,125,77,87" hai2="81,119,51,15,89,12,68,36,49,118,128,11,46" hai3="126,35,74,2,3,84,99,8,124,67,45,103,133"/><V80/><F68/><W10/><G74/><T113/><D109/><U16/><E39/><V90/><F36/><W70/><G70/><T95/><BYE who="3" /><D105/><U7/><E31/><V107/><F11/><W28/><G28/><T22/><D132/><U94/><E94/><BYE who="1" /><V48/><F128/><W1/><G1/><T72/><D72/><U111/><E111/><V21/><F107/><W82/><G82/><T100/><D65/><U55/><E55/><V53/><F53/><W69/><G69/><T37/><D37/><U116/><E116/><V98/><F48/><W120/><G120/><T23/><REACH who="0" step="1"/><D29/><REACH who="0" ten="210,230,240,310" step="2"/><U64/><E64/><V18/><F118/><UN n1="%E3%83%9F%E3%82%B9%E3%82%A8%E3%82%A4" /><W73/><G73/><T134/><D134/><U6/><E6/><V86/><BYE who="1" /><F119/><W27/><G27/><T135/><D135/><U38/><E38/><V54/><F49/><W97/><G97/><AGARI ba="0,1" hai="5,9,13,20,22,23,85,91,92,95,97,100,112,113" machi="97" ten="40,1300,0" yaku="1,1,53,0" doraHai="52" doraHaiUra="122" who="0" fromWho="3" sc="210,23,230,0,240,0,310,-13" /><INIT seed="3,0,0,3,2,82" ten="233,230,240,297" oya="3" hai0="70,53,24,48,116,54,64,8,30,46,115,23,66" hai1="0,110,86,14,13,1,25,95,126,135,55,105,12" hai2="9,124,35,42,28,69,97,130,40,108,133,43,67" hai3="58,72,83,59,2,84,129,123,51,89,76,71,92"/><W15/><G15/><T91/><D116/><U29/><E29/><V32/><F124/><W16/><G16/><T100/><D115/><U10/><E10/><V85/><F130/><W4/><G4/><T36/><D36/><U19/><E19/><V11/><F85/><W81/><G81/><T134/><D134/><U125/><E125/><V44/><F133/><W132/><G132/><T37/><D37/><U101/><E101/><V77/><F97/><W121/><G121/><T120/><D70/><U90/><E90/><V114/><F77/><W21/><G21/><T87/><D100/><U102/><E102/><V127/><F114/><W7/><G7/><T17/><D54/><U109/><E109/><V117/><F127/><W62/><G62/><T94/><REACH who="0" step="1"/><D120/><REACH who="0" ten="223,230,240,297" step="2"/><U128/><E128/><V107/><F117/><W96/><G96/><T68/><D68/><U18/><E18/><V119/><F69/><W93/><G93/><T34/><D34/><U104/><E104/><V106/><F32/><W98/><G98/><T61/><D61/><U39/><E39/><V78/><F119/><W27/><G27/><T74/><D74/><U112/><E112/><V65/><F35/><W47/><G47/><T49/><D49/><U26/><E26/><V22/><F106/><W20/><G20/><T73/><D73/><U88/><E88/><V79/><F22/><W31/><G31/><T41/><D41/><U33/><E33/><V60/><F107/><W56/><G56/><T122/><D122/><U113/><E113/><V75/><F42/><W111/><G111/><T50/><D50/><RYUUKYOKU ba="0,1" sc="223,30,230,-10,240,-10,297,-10" hai0="8,17,23,24,30,46,48,53,64,66,87,91,94" /><INIT seed="4,1,1,5,0,66" ten="253,220,230,287" oya="0" hai0="19,57,75,79,133,30,54,6,126,110,107,17,86" hai1="81,100,83,22,53,121,10,74,80,4,98,127,101" hai2="84,36,16,50,27,40,120,103,70,14,42,134,102" hai3="72,130,5,15,7,114,131,104,92,62,24,76,122"/><T12/><D107/><U52/><E52/><V59/><F120/><W108/><G108/><T77/><D75/><U0/><E0/><V3/><F134/><W93/><G93/><T28/><D126/><U124/><E124/><V128/><F3/><W68/><G68/><T112/><D112/><UN n1="%E3%83%9F%E3%82%B9%E3%82%A8%E3%82%A4" /><U2/><E127/><V48/><F128/><W20/><G20/><T33/><D33/><U64/><E121/><V90/><F36/><W129/><G129/><T46/><D46/><U38/><E38/><V58/><F27/><W65/><G65/><T116/><D116/><U97/><E64/><V109/><F109/><W25/><G25/><T99/><D99/><U44/><E74/><V118/><F103/><W78/><G78/><N who="0" m="29707" /><D133/><U23/><E98/><V51/><F102/><W71/><G71/><T45/><D45/><U89/><E89/><V123/><F70/><W29/><G29/><N who="0" m="11371" /><D86/><U49/><REACH who="1" step="1"/><E100/><REACH who="1" ten="253,210,230,287" step="2"/><V85/><F123/><W105/><G105/><AGARI ba="1,2" hai="2,4,10,22,23,44,49,53,80,81,83,97,101,105" machi="105" ten="40,2600,0" yaku="1,1,2,1,53,0" doraHai="66" doraHaiUra="67" who="1" fromWho="3" sc="253,0,210,49,230,0,287,-29" /><INIT seed="5,0,0,3,0,115" ten="253,259,230,258" oya="1" hai0="14,9,65,76,1,96,55,43,103,98,130,104,27" hai1="63,38,89,124,107,12,21,31,39,33,119,112,94" hai2="26,56,5,111,29,79,58,97,92,85,109,86,48" hai3="82,116,71,49,62,47,54,41,60,32,23,53,102"/><U3/><E107/><V68/><F68/><W77/><G77/><T24/><D1/><U36/><E3/><V125/><F5/><W117/><G117/><T73/><D130/><U87/><E33/><V108/><F125/><W59/><G59/><T120/><D43/><U93/><E119/><V129/><F129/><W118/><G118/><T11/><D65/><U50/><E112/><V51/><F79/><W83/><G83/><T75/><D76/><U30/><E124/><V46/><F51/><W20/><G20/><T121/><D55/><U105/><E105/><V13/><F13/><W133/><G133/><T100/><D104/><U16/><E63/><V90/><F85/><W61/><G61/><T88/><D14/><U2/><E2/><V74/><F74/><W25/><G25/><T34/><D34/><U91/><REACH who="1" step="1"/><E50/><REACH who="1" ten="253,249,230,258" step="2"/><V99/><F108/><W106/><G106/><T42/><D42/><U66/><E66/><V52/><F109/><W122/><G122/><T114/><D114/><U0/><E0/><V37/><F111/><W7/><G7/><T28/><D28/><U80/><E80/><V101/><F37/><W44/><G44/><T127/><D127/><U132/><E132/><V22/><F99/><AGARI ba="0,1" hai="12,16,21,30,31,36,38,39,87,89,91,93,94,99" machi="99" ten="40,3900,0" yaku="1,1,54,1,53,0" doraHai="115" doraHaiUra="135" who="1" fromWho="2" sc="253,0,249,49,230,-39,258,0" /><INIT seed="5,1,0,2,0,96" ten="253,298,191,258" oya="1" hai0="4,122,110,45,89,124,70,34,17,65,97,16,64" hai1="35,32,42,36,62,3,8,71,51,106,0,99,75" hai2="123,37,130,53,55,84,72,86,24,118,18,69,79" hai3="31,78,19,117,61,15,50,29,101,63,104,47,66"/><U107/><E51/><V33/><F123/><W121/><G121/><T120/><D34/><N who="1" m="12843" /><E75/><V135/><F69/><W13/><G13/><T7/><D97/><U82/><E82/><V6/><F130/><W39/><G39/><T111/><D89/><U127/><E127/><V27/><F37/><W90/><G90/><T20/><D20/><U125/><E125/><V2/><F118/><W108/><G108/><T26/><D124/><U49/><E49/><V44/><F135/><W128/><G128/><T43/><D26/><U114/><E114/><V22/><F33/><W80/><G80/><T134/><D70/><U95/><E95/><V81/><F27/><W60/><G60/><T48/><D48/><U10/><E10/><V132/><F132/><W105/><G105/><N who="1" m="39946" /><E8/><V5/><F53/><W54/><G54/><T131/><D134/><U83/><E83/><V85/><F55/><W12/><G12/><T98/><D131/><U102/><E102/><V11/><REACH who="2" step="1"/><F6/><REACH who="2" ten="253,298,181,258" step="2"/><W74/><G74/><T92/><D122/><U94/><E71/><V126/><F126/><W93/><G93/><T28/><D92/><U76/><E94/><V103/><F103/><W30/><G30/><T40/><D120/><U133/><E133/><V119/><F119/><W68/><G68/><T73/><D73/><U77/><E36/><V100/><F100/><W59/><G59/><T91/><D28/><U14/><E42/><V21/><F21/><W57/><G57/><T87/><D43/><U113/><E113/><V38/><F38/><W41/><G41/><T88/><D40/><U58/><E58/><RYUUKYOKU ba="1,1" sc="253,-10,298,-10,181,30,258,-10" hai2="2,5,11,18,22,24,44,72,79,81,84,85,86" /><INIT seed="6,2,1,2,3,107" ten="243,288,211,248" oya="2" hai0="21,72,55,108,4,97,130,65,44,126,113,88,129" hai1="67,10,104,17,38,66,94,43,103,58,117,9,19" hai2="96,47,63,105,13,83,124,11,33,2,57,3,61" hai3="80,91,85,8,32,42,30,133,70,123,50,118,59"/><V101/><F33/><W40/><G40/><T16/><D108/><U64/><E104/><V62/><F124/><W71/><G71/><T60/><D4/><U100/><E117/><V69/><F47/><W98/><G98/><T24/><D72/><U53/><E43/><V5/><F83/><W45/><G45/><T27/><D113/><U93/><E38/><V132/><F132/><W28/><G28/><T115/><D115/><U111/><E111/><V6/><F69/><W37/><G37/><T35/><D126/><U134/><E134/><V15/><REACH who="2" step="1"/><F57/><REACH who="2" ten="243,288,201,248" step="2"/><W119/><G119/><T48/><D35/><U82/><E58/><V12/><F12/><W36/><G36/><T49/><D130/><U26/><E82/><V114/><F114/><W135/><G135/><T77/><D129/><U39/><E39/><V23/><F23/><W109/><G109/><T92/><D77/><U99/><E10/><AGARI ba="2,2" hai="2,3,5,6,10,11,13,15,61,62,63,96,101,105" machi="10" ten="40,3900,0" yaku="1,1,9,1,53,0" doraHai="107" doraHaiUra="41" who="2" fromWho="1" sc="243,0,288,-45,201,65,248,0" /><INIT seed="6,3,0,5,3,17" ten="243,243,266,248" oya="2" hai0="101,99,121,81,130,7,105,2,74,50,34,44,51" hai1="112,78,79,14,16,12,49,10,131,119,59,115,13" hai2="3,86,77,57,95,129,55,73,128,41,58,125,87" hai3="106,104,68,113,45,133,8,65,39,32,9,26,11"/><V37/><F3/><W103/><G103/><T1/><D121/><U93/><E119/><V70/><F70/><W83/><G83/><T97/><D34/><U71/><E71/><V120/><F120/><W63/><G63/><T46/><D130/><N who="2" m="50282" /><F73/><W114/><G114/><N who="1" m="43562" /><E131/><V80/><F125/><W38/><G38/><T72/><D81/><U89/><E14/><V25/><F25/><W28/><G28/><T36/><D36/><U48/><E13/><V69/><F69/><W102/><G102/><T33/><D101/><U132/><E132/><V127/><F127/><W6/><G6/><T56/><D7/><U91/><E91/><N who="2" m="53751" /><F55/><W134/><G134/><T42/><D74/><U40/><E40/><V35/><F35/><W135/><G135/><T76/><D33/><U18/><E18/><V67/><F67/><W126/><G126/><T75/><D42/><U20/><E10/><V92/><F92/><W52/><G52/><T53/><D53/><N who="1" m="32167" /><E49/><V43/><F43/><W64/><G64/><T23/><D51/><U15/><E15/><V82/><F80/><W90/><G90/><T22/><D50/><U30/><E30/><V88/><F77/><W110/><G110/><T124/><D124/><U108/><E108/><V24/><F24/><W100/><G100/><T4/><D76/><U118/><E118/><V5/><F5/><W0/><G0/><T98/><D4/><U123/><E123/><V94/><F94/><W85/><G85/><AGARI ba="3,0" hai="12,16,20,78,79,85,89,93" m="32167,43562" machi="85" ten="30,7700,0" yaku="25,1,15,1,52,1,54,1" doraHai="17" who="1" fromWho="3" sc="243,0,243,86,266,0,248,-86" /><INIT seed="7,0,0,3,4,7" ten="243,329,266,162" oya="3" hai0="134,99,131,78,112,14,43,89,57,86,101,127,98" hai1="67,64,18,58,126,29,24,106,110,53,11,59,52" hai2="114,87,22,84,1,103,81,76,23,16,119,4,104" hai3="71,90,10,113,37,0,121,105,80,31,85,12,123"/><W120/><G120/><T62/><D131/><U28/><E110/><V20/><F119/><W8/><G8/><T60/><D134/><U15/><E106/><V19/><F114/><W50/><G50/><T48/><D127/><U125/><E125/><V102/><F104/><W74/><G74/><T129/><D78/><U26/><E126/><V128/><F128/><W72/><G72/><T40/><D129/><U132/><E132/><V55/><F84/><W42/><G42/><T122/><D101/><U82/><E82/><V109/><F109/><W111/><G111/><T88/><D122/><U6/><E6/><V9/><REACH who="2" step="1"/><F55/><REACH who="2" ten="243,329,256,162" step="2"/><W41/><G41/><T36/><D112/><U63/><E67/><V116/><F116/><W73/><G73/><T130/><D130/><U32/><E59/><V95/><F95/><W124/><G124/><T51/><D57/><U133/><E133/><V25/><F25/><W27/><G27/><T108/><D108/><U100/><E100/><AGARI ba="0,1" hai="1,4,9,16,19,20,22,23,76,81,87,100,102,103" machi="100" ten="40,5200,0" yaku="1,1,52,1,54,1,53,0" doraHai="7" doraHaiUra="68" who="2" fromWho="1" sc="243,0,329,-52,256,62,162,0" owari="243,-16.0,277,8.0,318,42.0,162,-34.0" /></mjloggm>