<mjloggm ver="2.3"><GO type="41" lobby="0"/><UN n0="%68%61%79%6F%73%69%74%65" n1="%41%70%73%61%72%61" n2="%E2%93%9D%53%75%70%68%78" n3="%E7%94%9F%E3%81%8D%E3%81%9F%E3%81%84" dan="13,13,18,14" rate="1874.22,1923.89,2152.79,1999.02" sx="M,M,M,M"/><TAIKYOKU oya="0"/><INIT seed="0,0,0,5,3,94" ten="250,250,250,250" oya="0" hai0="126,19,68,95,12,111,61,32,132,125,124,14,56" hai1="114,100,62,38,113,30,76,121,101,45,2,92,59" hai2="71,13,110,17,23,117,84,116,6,106,98,7,115" hai3="89,60,69,81,77,82,20,83,72,118,11,24,135"/><T127/><D32/><U47/><E2/><V122/><F115/><W134/><G118/><N who="2" m="45673" /><F110/><W74/><G11/><T131/><D111/><U48/><E121/><V104/><F122/><W40/><G40/><T90/><D68/><U64/><E76/><V102/><F71/><W5/><G5/><N who="2" m="1545" /><F84/><W39/><G39/><T53/><N who="0" m="31744" /><DORA hai="25" /><T0/><D0/><U119/><E119/><V58/><F58/><W86/><G60/><T21/><D132/><U99/><E101/><V80/><F80/><W93/><G69/><T130/><D14/><U128/><E128/><V78/><F78/><W10/><G10/><T46/><D46/><U54/><E45/><V75/><F106/><W103/><G20/><T36/><D36/><U35/><REACH who="1" step="1"/><E38/><REACH who="1" ten="250,240,250,250" step="2"/><V55/><F75/><W41/><G74/><T129/><D95/><U105/><E105/><V8/><F104/><W29/><G93/><T85/><D85/><U97/><E97/><V15/><F98/><W65/><G72/><T88/><AGARI ba="0,1" hai="12,19,21,53,56,61,88,90,129,130,131" m="31744" machi="88" ten="70,12000,1" yaku="0,1,19,1,18,1,54,1" doraHai="94,25" who="0" fromWho="0" sc="250,130,240,-40,250,-40,250,-40" /><INIT seed="0,1,0,1,4,126" ten="380,200,210,210" oya="0" hai0="40,109,93,118,13,20,99,14,86,35,6,58,61" hai1="96,21,125,44,0,121,124,47,135,84,87,12,7" hai2="34,88,24,67,52,25,91,80,75,79,17,57,102" hai3="51,77,29,115,41,71,60,36,4,48,105,107,10"/><T83/><D118/><U76/><E121/><V110/><F110/><W95/><G115/><T113/><D35/><U72/><E0/><V27/><F67/><W134/><G134/><T64/><D113/><U129/><E135/><V28/><F102/><W31/><G105/><T38/><D109/><U122/><E122/><V19/><F27/><W108/><G107/><T63/><D38/><U11/><E96/><V73/><F73/><W33/><G33/><T132/><D40/><U98/><E98/><V78/><F78/><W15/><G36/><T32/><D32/><U5/><E21/><V69/><F69/><W53/><G95/><T46/><D46/><U42/><E72/><V65/><F65/><W119/><G119/><T120/><D120/><U55/><E76/><V26/><F26/><W54/><G71/><T89/><D132/><U59/><E7/><V133/><F133/><W16/><G60/><N who="0" m="37911" /><D14/><U2/><E2/><V117/><F117/><W50/><G41/><T68/><D68/><U127/><E42/><V128/><F25/><W101/><G101/><N who="0" m="60655" /><D20/><U45/><REACH who="1" step="1"/><E129/><REACH who="1" ten="380,190,210,210" step="2"/><V8/><F128/><W114/><G108/><T70/><D70/><U94/><E94/><V116/><F116/><W43/><G114/><T22/><D22/><U130/><E130/><V66/><F34/><W23/><G43/><T106/><D106/><U92/><E92/><V49/><F75/><W62/><G77/><T1/><D1/><U97/><E97/><V90/><F79/><W74/><G74/><T85/><D85/><U131/><E131/><V103/><F103/><W18/><G4/><RYUUKYOKU ba="1,1" sc="380,15,190,15,210,-15,210,-15" hai0="6,13,61,63,83,86,89" hai1="5,11,12,44,45,47,55,59,84,87,124,125,127" /><INIT seed="0,2,1,1,0,104" ten="395,205,195,195" oya="0" hai0="100,5,57,59,37,60,67,33,93,95,74,80,32" hai1="21,70,118,97,103,124,125,20,7,55,43,12,75" hai2="88,36,92,122,114,3,131,106,85,115,83,123,128" hai3="49,48,1,26,42,24,96,54,119,81,117,45,50"/><T129/><D37/><U108/><E70/><V78/><F3/><W15/><G1/><T132/><D5/><U14/><E43/><V99/><F106/><W47/><G119/><T79/><D132/><U22/><E118/><V102/><F102/><W25/><G117/><T71/><D129/><N who="2" m="49738" /><F36/><W0/><G0/><T18/><D18/><U90/><E108/><V19/><F19/><W16/><G49/><T116/><D116/><U46/><E90/><V110/><F110/><W27/><N who="3" m="6144" /><DORA hai="52" /><W113/><G113/><AGARI ba="2,1" hai="78,83,85,88,92,99,113,114,115,122,123" m="49738" machi="113" ten="30,7700,0" yaku="19,1,34,2,54,1" doraHai="104,52" who="2" fromWho="3" sc="395,0,205,0,195,93,195,-83" /><INIT seed="1,0,0,3,1,40" ten="395,205,288,112" oya="1" hai0="3,47,123,94,25,95,91,50,26,36,13,27,92" hai1="0,48,20,65,54,113,42,114,66,73,37,86,104" hai2="45,68,70,124,84,49,106,15,8,41,88,115,85" hai3="18,112,16,97,101,98,120,17,99,132,30,119,117"/><U100/><E73/><V64/><F124/><W125/><G125/><T34/><D3/><U69/><E0/><V62/><F115/><W29/><G112/><T108/><D108/><U122/><E122/><V111/><F111/><W19/><N who="3" m="4096" /><DORA hai="77" /><W118/><G120/><T55/><D34/><U58/><E20/><V75/><F75/><W72/><G72/><T56/><D123/><U103/><E104/><V44/><F106/><W80/><G80/><T126/><D126/><U22/><E22/><V102/><F102/><W61/><G61/><N who="0" m="35999" /><D36/><U39/><E86/><V87/><F70/><W83/><G83/><T116/><D13/><U28/><E28/><N who="3" m="10858" /><G132/><T7/><D7/><U127/><E127/><V43/><F15/><W21/><G21/><T60/><D116/><U35/><E35/><V33/><F33/><W11/><G11/><T129/><D60/><N who="1" m="40135" /><E100/><AGARI ba="0,0" hai="97,98,99,100,101,117,118,119" m="10858,4096" machi="100" ten="60,12000,2" yaku="29,2,28,2,12,1,54,1" doraHai="40,77" who="3" fromWho="1" sc="395,0,205,-120,288,0,112,120" /><INIT seed="2,0,0,0,1,13" ten="395,85,288,232" oya="2" hai0="134,120,88,80,70,78,51,31,1,92,89,124,83" hai1="75,99,72,58,50,9,76,43,64,68,116,10,91" hai2="127,73,7,131,66,118,135,62,3,17,71,4,59" hai3="74,107,11,125,28,77,33,67,114,106,65,98,81"/><V129/><F73/><W96/><G28/><T6/><D70/><U12/><E116/><V101/><F118/><W128/><G33/><T113/><D120/><U121/><E121/><V104/><F127/><W79/><G11/><T103/><D113/><U54/><E10/><V37/><F37/><W94/><G65/><T5/><D1/><U108/><E108/><V48/><F135/><W85/><G67/><T46/><D124/><U53/><E76/><V97/><F3/><W20/><G20/><T60/><D31/><U112/><E112/><V15/><F48/><W39/><G39/><T57/><D134/><U110/><E110/><V32/><F32/><W69/><G69/><T14/><D103/><U130/><E130/><N who="2" m="49675" /><F71/><W36/><G36/><T126/><D126/><U38/><E54/><V84/><F84/><W26/><G26/><T27/><D27/><U18/><E99/><V40/><F40/><W16/><G125/><T95/><D14/><U19/><E91/><N who="0" m="34889" /><D78/><U100/><E100/><V132/><F132/><W122/><G128/><T56/><D60/><N who="1" m="39943" /><E75/><V21/><AGARI ba="0,0" hai="4,7,15,17,21,59,62,66,97,101,104" m="49675" machi="21" ten="30,3000,0" yaku="19,1,52,1" doraHai="13" who="2" fromWho="2" sc="395,-10,85,-10,288,30,232,-10" /><INIT seed="2,1,0,2,5,119" ten="385,75,318,222" oya="2" hai0="38,27,91,109,23,98,54,58,11,21,0,117,116" hai1="121,70,132,59,106,128,94,114,118,97,76,129,20" hai2="127,108,45,67,115,75,62,7,40,26,80,1,65" hai3="78,71,48,84,61,113,66,104,44,46,53,79,102"/><V111/><F115/><W2/><G113/><T9/><D38/><U107/><E70/><V68/><F67/><W19/><G2/><T81/><D109/><N who="2" m="42058" /><F26/><W14/><G104/><T49/><D0/><U90/><E59/><V29/><F29/><W124/><G102/><T133/><D133/><U72/><E20/><N who="0" m="7753" /><D27/><U36/><E36/><N who="2" m="21639" /><F127/><W51/><G84/><N who="0" m="50575" /><D98/><U5/><E5/><V57/><F57/><W55/><REACH who="3" step="1"/><G124/><REACH who="3" ten="385,75,318,212" step="2"/><T8/><D117/><U99/><E114/><V87/><F1/><W39/><G39/><T50/><D116/><U103/><E118/><V32/><F75/><W41/><G41/><T28/><D28/><U92/><E132/><V122/><F87/><W31/><G31/><T16/><D50/><U86/><E121/><V10/><F122/><W18/><G18/><AGARI ba="1,1" hai="8,9,11,16,18,49,54,58" m="50575,7753" machi="18" ten="30,2000,0" yaku="8,1,54,1" doraHai="119" who="0" fromWho="3" sc="385,33,75,0,318,0,212,-23" /><INIT seed="3,0,0,1,1,93" ten="418,75,318,189" oya="3" hai0="78,121,81,18,101,24,72,85,20,45,21,99,1" hai1="124,48,25,39,116,132,27,67,83,43,47,89,12" hai2="19,84,115,117,110,88,135,51,37,92,70,104,65" hai3="118,86,96,61,8,2,23,63,9,54,33,4,3"/><W58/><G118/><T126/><D1/><U11/><E116/><V14/><F115/><W35/><G86/><T128/><D128/><U28/><E132/><V36/><F104/><W64/><G23/><T32/><D32/><U17/><E124/><V130/><F110/><W90/><G8/><T41/><D126/><U57/><E28/><V29/><F130/><W76/><G2/><T111/><D121/><U80/><E39/><V69/><F29/><W46/><G76/><T66/><D111/><U106/><E106/><V113/><F113/><W38/><G38/><T71/><D21/><U82/><REACH who="1" step="1"/><E89/><REACH who="1" ten="418,65,318,189" step="2"/><V131/><F37/><W50/><REACH who="3" step="1"/><G63/><AGARI ba="0,1" hai="11,12,17,25,27,43,47,48,57,63,67,80,82,83" machi="63" ten="40,8000,1" yaku="1,1,2,1,8,1,53,1" doraHai="93" doraHaiUra="42" who="1" fromWho="3" sc="418,0,65,90,318,0,189,-80" /><INIT seed="4,0,0,0,0,35" ten="418,155,318,109" oya="0" hai0="112,46,20,122,45,8,4,84,79,131,33,108,61" hai1="51,29,28,128,44,31,7,95,90,11,41,114,32" hai2="59,70,17,133,10,71,99,117,135,107,53,57,38" hai3="73,134,66,126,24,91,49,21,55,97,121,125,2"/><T74/><D33/><U123/><E123/><V6/><F17/><W85/><G73/><T65/><D122/><U102/><E128/><V22/><F22/><W92/><G121/><T39/><D131/><U100/><E114/><V115/><F38/><W83/><G134/><N who="2" m="51209" /><F59/><W15/><G66/><T89/><D20/><U119/><E119/><V12/><F115/><W42/><G42/><N who="0" m="22751" /><D46/><U64/><E64/><V5/><F5/><W58/><G15/><T113/><D108/><U94/><E32/><V40/><F40/><W62/><G49/><T116/><D84/><U19/><E19/><V9/><F9/><W75/><G75/><T76/><D76/><U78/><E78/><V104/><F99/><W96/><G96/><T47/><D47/><U88/><E94/><V52/><F53/><W23/><G23/><T56/><D89/><U1/><REACH who="1" step="1"/><E90/><REACH who="1" ten="418,145,318,109" step="2"/><V98/><F117/><W132/><G132/><T120/><D116/><U68/><E68/><V34/><F34/><W118/><G118/><T110/><D120/><U77/><E77/><V130/><F130/><W18/><REACH who="3" step="1"/><G2/><REACH who="3" ten="418,145,318,99" step="2"/><N who="0" m="23" /><D110/><U37/><E37/><V69/><F98/><AGARI ba="0,2" hai="1,7,11,28,29,31,41,44,51,88,95,98,100,102" machi="98" ten="40,5200,0" yaku="1,1,52,1,54,1,53,0" doraHai="35" doraHaiUra="129" who="1" fromWho="2" sc="418,0,145,72,318,-52,99,0" /><INIT seed="5,0,0,5,5,76" ten="418,217,266,99" oya="1" hai0="18,130,0,1,88,49,104,105,48,34,112,79,90" hai1="115,31,62,66,37,135,78,94,134,10,16,107,120" hai2="72,119,73,89,19,65,63,43,8,126,12,26,123" hai3="110,3,95,81,38,28,24,45,125,30,93,58,46"/><U109/><E120/><V27/><F119/><W22/><G3/><N who="0" m="1099" /><D79/><U7/><E107/><N who="0" m="41033" /><D18/><U111/><E37/><V40/><F126/><W102/><G125/><T127/><D127/><U52/><E31/><V86/><F73/><W20/><G110/><N who="1" m="41994" /><E115/><V13/><F72/><W54/><G38/><T100/><D100/><U11/><E94/><V44/><F13/><W113/><G113/><T56/><D56/><N who="1" m="35079" /><E66/><V75/><F123/><W103/><G58/><T14/><D14/><N who="1" m="7263" /><E78/><V71/><F75/><W70/><G54/><T114/><D34/><U36/><E36/><V69/><F69/><W96/><G70/><T41/><D41/><U118/><E118/><V67/><F67/><W108/><G108/><T4/><D4/><U77/><E77/><V5/><F5/><W133/><G133/><T82/><D82/><U74/><E74/><V17/><F43/><W9/><G9/><T128/><D114/><U106/><E106/><V68/><F68/><W124/><G124/><T15/><D112/><U59/><E59/><V35/><F71/><W80/><G24/><T117/><D15/><AGARI ba="0,0" hai="7,10,15,134,135" m="7263,35079,41994" machi="15" ten="30,5800,0" yaku="10,1,54,2" doraHai="76" who="1" fromWho="0" sc="418,-58,217,58,266,0,99,0" /><INIT seed="5,1,0,1,4,129" ten="360,275,266,99" oya="1" hai0="3,34,28,82,96,72,74,111,90,78,73,97,114" hai1="76,8,27,53,55,75,77,4,0,128,122,120,46" hai2="56,26,54,21,66,123,59,84,36,44,91,99,38" hai3="103,69,124,119,83,5,102,130,9,87,110,95,37"/><U48/><E128/><V126/><F123/><W65/><G130/><T49/><D28/><U10/><E27/><V30/><F126/><W113/><G124/><T13/><D49/><U22/><E22/><V15/><F99/><N who="0" m="37962" /><D13/><U133/><E133/><V33/><F66/><W98/><G37/><T61/><D34/><U100/><E100/><V47/><F59/><W134/><G119/><T51/><D61/><U24/><E24/><V35/><F38/><W64/><G110/><T19/><D51/><U71/><E71/><V63/><F36/><W68/><G113/><T94/><D19/><U92/><E92/><V121/><F121/><W109/><G109/><T101/><D3/><U31/><E31/><V39/><F39/><W6/><G102/><T17/><D111/><U52/><E10/><V43/><F43/><W104/><G5/><T7/><D17/><U89/><E89/><V16/><REACH who="2" step="1"/><F35/><REACH who="2" ten="360,275,256,99" step="2"/><W50/><G64/><T2/><D114/><U32/><E32/><V57/><F57/><W14/><G65/><T58/><D58/><U106/><E122/><V107/><F107/><W25/><G68/><T131/><D131/><U108/><E106/><V1/><F1/><W79/><G69/><T132/><D2/><U67/><E120/><V85/><F85/><W42/><G104/><T12/><D74/><U88/><E108/><V40/><F40/><W125/><G125/><T86/><D73/><U81/><E67/><V115/><F115/><W62/><G62/><T70/><D70/><U11/><E75/><V29/><F29/><W41/><G41/><T45/><D72/><RYUUKYOKU ba="1,1" sc="360,-10,275,-10,256,30,99,-10" hai2="15,16,21,26,30,33,44,47,54,56,63,84,91" /><INIT seed="6,2,1,5,1,111" ten="350,265,286,89" oya="2" hai0="101,109,38,127,59,24,121,103,34,116,27,2,28" hai1="122,70,88,117,67,12,23,3,18,128,118,90,110" hai2="72,102,48,120,80,44,106,93,131,108,76,85,9" hai3="49,98,94,77,104,50,81,1,19,61,82,15,91"/><V114/><F120/><W113/><G1/><T107/><D121/><U55/><E122/><V89/><F108/><W73/><G104/><T129/><D109/><U84/><E110/><V25/><F131/><W63/><G82/><T125/><D38/><U54/><E128/><V11/><F25/><W32/><G32/><T43/><D129/><U92/><E3/><V75/><F75/><W22/><G113/><T33/><D43/><U69/><E69/><V97/><REACH who="2" step="1"/><F114/><REACH who="2" ten="350,265,276,89" step="2"/><W124/><G124/><N who="0" m="47691" /><D116/><U21/><E117/><V52/><AGARI ba="2,2" hai="9,11,44,48,52,72,76,80,85,89,93,97,102,106" machi="52" ten="20,18000,2" yaku="1,1,0,1,7,1,24,2,54,1,53,0" doraHai="111" doraHaiUra="57" who="2" fromWho="2" sc="350,-62,265,-62,276,206,89,-62" /><INIT seed="6,3,0,3,2,84" ten="288,203,482,27" oya="2" hai0="111,35,34,118,49,126,24,94,46,50,1,119,130" hai1="39,88,122,89,41,37,3,121,18,63,107,114,99" hai2="66,25,22,105,4,20,17,70,132,79,83,117,91" hai3="8,60,124,59,97,92,54,53,45,127,100,68,5"/><V78/><F132/><W74/><G74/><T10/><D94/><U33/><E33/><N who="0" m="12297" /><D46/><U95/><E3/><V110/><F117/><N who="0" m="44554" /><D50/><U101/><E114/><V40/><F110/><W86/><G68/><T108/><D49/><U90/><E63/><V115/><F105/><W36/><G53/><T109/><D24/><U135/><E135/><V23/><F23/><W30/><G30/><T55/><D55/><U134/><E134/><V103/><F22/><W129/><G129/><T80/><D80/><U87/><E18/><V69/><F17/><W98/><G98/><T48/><D48/><U12/><E12/><V131/><F83/><W125/><G86/><T77/><D77/><U67/><E67/><V102/><F66/><W133/><G133/><T123/><D130/><U58/><E58/><V6/><F25/><W15/><REACH who="3" step="1"/><G45/><REACH who="3" ten="288,203,482,17" step="2"/><T116/><N who="0" m="44562" /><T64/><DORA hai="106" /><D64/><U13/><E87/><V82/><F131/><W112/><G112/><T0/><D10/><U85/><E85/><V43/><F115/><W104/><G104/><T31/><D31/><U76/><E107/><V62/><F79/><W75/><G75/><T21/><D21/><U14/><E76/><V52/><F20/><W11/><G11/><T2/><D123/><U96/><E122/><V19/><F78/><W28/><G28/><T7/><D7/><U26/><E121/><V38/><F6/><W47/><G47/><T120/><D120/><U93/><E99/><V73/><F4/><W81/><G81/><T32/><D32/><U42/><E96/><V9/><F82/><W51/><G51/><RYUUKYOKU ba="3,1" sc="288,15,203,-15,482,-15,17,15" hai0="0,1,2,108,109,111,126" hai3="5,8,15,36,54,59,60,92,97,100,124,125,127" /><INIT seed="7,4,1,1,3,35" ten="303,188,467,32" oya="3" hai0="112,79,83,61,34,33,32,21,122,55,97,115,102" hai1="48,113,132,36,19,4,66,76,119,38,65,118,51" hai2="54,94,126,41,101,106,31,16,24,130,120,12,67" hai3="40,116,23,88,74,49,133,43,114,86,47,129,91"/><W50/><G116/><N who="1" m="44586" /><E4/><V69/><F130/><W44/><G74/><N who="0" m="43511" /><D21/><U72/><E19/><V80/><F126/><W62/><G129/><T37/><D55/><U10/><E10/><V2/><F106/><W1/><G133/><T81/><D81/><N who="1" m="45191" /><E132/><V100/><F120/><W109/><G109/><T125/><D61/><U11/><E11/><V96/><F101/><W18/><G114/><N who="0" m="43563" /><D122/><U42/><E113/><V123/><F96/><W75/><G75/><T73/><D73/><U105/><E105/><V63/><F123/><W25/><G1/><T0/><D0/><U124/><E124/><V87/><F2/><W92/><G91/><T56/><D56/><U90/><E90/><V103/><F103/><W3/><G3/><T99/><D125/><U135/><E135/><V78/><F100/><W104/><G104/><N who="0" m="63567" /><D99/><U82/><E82/><V93/><F80/><W27/><G62/><T39/><AGARI ba="4,1" hai="32,33,34,37,39" m="63567,43563,43511" machi="39" ten="40,5200,0" yaku="15,1,11,1,23,1" doraHai="35" who="0" fromWho="0" sc="303,74,188,-17,467,-17,32,-30" owari="377,18.0,171,-23.0,450,55.0,2,-50.0" /></mjloggm>