<mjloggm ver="2.3"><GO type="41" lobby="0"/><UN n0="%E2%93%9D%53%75%70%68%78" n1="%E7%9F%B3%E4%B8%B8%E9%9B%BB%E5%8C%96" n2="%E9%AB%98%E6%9C%A8%E7%B4%97%E5%8F%8B%E5%B8%8C" n3="%E3%81%AA%E3%81%BF%E3%81%9F%E3%82%8D%E3%81%86" dan="17,14,14,13" rate="2063.25,1966.90,1952.74,1852.36" sx="M,M,F,M"/><TAIKYOKU oya="0"/><INIT seed="0,0,0,0,0,58" ten="250,250,250,250" oya="0" hai0="41,113,110,54,71,38,134,4,61,123,94,127,93" hai1="1,37,45,108,63,49,124,75,130,8,42,120,95" hai2="57,13,116,111,97,32,53,67,125,62,133,76,36" hai3="19,89,47,18,129,51,15,83,25,88,104,28,105"/><T114/><D4/><U65/><E120/><V21/><F32/><W12/><G129/><T78/><D78/><U11/><E108/><V55/><F111/><W135/><G135/><T101/><D110/><U103/><E124/><V87/><F125/><W46/><G51/><T117/><D101/><U50/><E75/><V102/><F116/><W128/><G83/><T106/><D106/><U3/><E130/><V99/><F36/><W40/><G25/><T24/><D94/><U92/><E37/><V39/><F39/><W64/><G128/><T59/><D93/><U77/><E77/><V2/><F2/><W91/><G64/><T34/><D123/><U20/><E20/><V85/><F76/><W7/><G28/><T109/><D117/><U68/><E49/><V96/><F102/><W16/><G40/><T60/><D109/><U9/><REACH who="1" step="1"/><E92/><REACH who="1" ten="250,240,250,250" step="2"/><V84/><F133/><W10/><REACH who="3" step="1"/><G15/><REACH who="3" ten="250,240,250,240" step="2"/><T56/><D134/><U82/><E82/><V44/><F13/><W98/><G98/><AGARI ba="0,2" hai="1,3,8,9,11,42,45,50,63,65,68,95,98,103" machi="98" ten="40,2600,0" yaku="1,1,52,1,53,0" doraHai="58" doraHaiUra="22" who="1" fromWho="3" sc="250,0,240,46,250,0,240,-26" /><INIT seed="1,0,0,3,3,89" ten="250,286,250,214" oya="1" hai0="26,63,114,46,85,35,5,73,134,92,1,9,4" hai1="51,20,30,34,6,45,72,64,128,121,41,32,58" hai2="38,23,95,83,21,115,66,82,118,101,61,81,130" hai3="132,50,43,125,111,131,7,120,57,18,98,103,14"/><U119/><E119/><V17/><F38/><W122/><G111/><T109/><D73/><U108/><E121/><V110/><F110/><W48/><G132/><T87/><D109/><U74/><E108/><V55/><F130/><W99/><G131/><T84/><D114/><U12/><E128/><V25/><F118/><W113/><G113/><T80/><D5/><U100/><E100/><V24/><F55/><W112/><G112/><T86/><D63/><U126/><E126/><V40/><F40/><W11/><G125/><T97/><D46/><U67/><E32/><V129/><F129/><W102/><G50/><T70/><D70/><U107/><E107/><V127/><F127/><W75/><G75/><T2/><D2/><U8/><E34/><V47/><F47/><W49/><G49/><T60/><D60/><U76/><E76/><V33/><F33/><W106/><G18/><T62/><D62/><U69/><E69/><V56/><F115/><W135/><G135/><T133/><D26/><N who="1" m="16711" /><E74/><V19/><F101/><W36/><G36/><T78/><REACH who="0" step="1"/><D35/><REACH who="0" ten="240,286,250,214" step="2"/><U37/><E72/><V91/><REACH who="2" step="1"/><F82/><REACH who="2" ten="240,286,240,214" step="2"/><W44/><REACH who="3" step="1"/><G57/><REACH who="3" ten="240,286,240,204" step="2"/><T124/><D124/><U116/><E58/><V77/><F77/><W94/><AGARI ba="0,3" hai="7,11,14,43,44,48,94,98,99,102,103,106,120,122" machi="94" ten="20,8000,1" yaku="1,1,2,1,0,1,7,1,52,1,53,0" doraHai="89" doraHaiUra="53" who="3" fromWho="3" sc="240,-20,286,-40,240,-20,204,110" /><INIT seed="2,0,0,5,1,79" ten="220,246,220,314" oya="2" hai0="31,76,23,22,45,37,39,95,70,114,127,88,56" hai1="49,26,81,11,16,94,58,40,28,64,21,96,93" hai2="60,120,89,116,42,77,27,6,2,65,15,117,62" hai3="98,61,71,124,8,63,44,90,20,113,35,106,52"/><V32/><F120/><W100/><G124/><T91/><D70/><U33/><E11/><V34/><F42/><W10/><G35/><T115/><D76/><U78/><E94/><V4/><F77/><W3/><G3/><T123/><D56/><U36/><E36/><V55/><F55/><W1/><G1/><T83/><D95/><U66/><E58/><V101/><F101/><W105/><G105/><T110/><D31/><U135/><E49/><V48/><F48/><W25/><G63/><T86/><D110/><U75/><E40/><V122/><F122/><W92/><G71/><T133/><D133/><U67/><E135/><V73/><F73/><W121/><G113/><T118/><D123/><U29/><REACH who="1" step="1"/><E33/><REACH who="1" ten="220,236,220,314" step="2"/><V30/><F34/><W19/><G121/><T0/><D115/><U9/><E9/><V69/><F32/><W134/><G134/><T74/><D114/><U87/><E87/><V125/><F69/><W111/><G111/><T57/><D86/><U131/><E131/><V82/><F2/><W68/><G68/><T84/><D0/><U72/><E72/><V109/><F109/><W43/><G43/><T47/><D74/><U126/><E126/><V132/><F125/><W103/><G103/><AGARI ba="0,1" hai="16,21,26,28,29,64,66,67,75,78,81,93,96,103" machi="103" ten="40,8000,1" yaku="1,1,52,1,54,1,53,1" doraHai="79" doraHaiUra="99" who="1" fromWho="3" sc="220,0,236,90,220,0,314,-80" /><INIT seed="3,0,0,2,3,111" ten="220,326,220,234" oya="3" hai0="63,22,103,64,86,26,124,36,57,72,66,10,114" hai1="135,56,58,91,3,42,131,71,44,41,37,38,79" hai2="48,24,74,90,39,0,133,65,125,93,78,1,101" hai3="12,73,17,127,75,85,67,59,81,116,52,15,126"/><W50/><G116/><T55/><D72/><U46/><E3/><V84/><F39/><W62/><G12/><T35/><D35/><U132/><E79/><V18/><F125/><W5/><G5/><T77/><D36/><U61/><E91/><V105/><F133/><N who="1" m="51273" /><E131/><V92/><F65/><AGARI ba="0,0" hai="37,38,41,42,44,46,56,58,61,65,71" m="51273" machi="65" ten="30,3900,0" yaku="20,1,34,2" doraHai="111" who="1" fromWho="2" sc="220,0,326,39,220,-39,234,0" /><INIT seed="4,0,0,2,3,8" ten="220,365,181,234" oya="0" hai0="12,117,119,125,41,134,131,15,57,83,78,32,91" hai1="76,70,2,120,22,30,69,121,23,43,92,36,127" hai2="59,101,52,132,79,107,108,54,40,11,3,124,102" hai3="9,122,61,84,53,109,60,4,27,123,114,19,48"/><T86/><D32/><U94/><E2/><V110/><F79/><W75/><G75/><T14/><D131/><U50/><E36/><V62/><F40/><W87/><G109/><T98/><D134/><U103/><E127/><V1/><F124/><W116/><G116/><T113/><D113/><U66/><E76/><V65/><F132/><W100/><G100/><T6/><D125/><U73/><E73/><V88/><F3/><W104/><G104/><T72/><D6/><U38/><E38/><V47/><F1/><W115/><G27/><T99/><D41/><U89/><E89/><V21/><F11/><W111/><G19/><T10/><D10/><U135/><E50/><N who="2" m="28767" /><F107/><W58/><G84/><T45/><D45/><U85/><E85/><V63/><F21/><W16/><G87/><T106/><D57/><U7/><E43/><V80/><F110/><W129/><G4/><T44/><D44/><U20/><E7/><V74/><F74/><W34/><G34/><T49/><D49/><U13/><E30/><V18/><F18/><W55/><G129/><T128/><D128/><U35/><E23/><V31/><F31/><W82/><G82/><T90/><D106/><U130/><E130/><V96/><F80/><W28/><G111/><T25/><D25/><U93/><E135/><V56/><F108/><W133/><G133/><T112/><D112/><N who="3" m="43049" /><G28/><T95/><D72/><U118/><E35/><V77/><F77/><W67/><G16/><T64/><D64/><U26/><E66/><V0/><F0/><W5/><G5/><T24/><D24/><U46/><E103/><RYUUKYOKU ba="0,0" sc="220,15,365,-15,181,15,234,-15" hai0="12,14,15,78,83,86,90,91,95,98,99,117,119" hai2="54,56,59,62,63,65,88,96,101,102" /><INIT seed="4,1,0,5,3,112" ten="235,350,196,219" oya="0" hai0="116,104,46,86,90,71,11,45,129,16,61,110,48" hai1="57,12,0,115,103,55,22,40,96,69,6,35,51" hai2="81,133,27,37,72,113,135,43,126,67,118,79,117" hai3="102,5,19,94,53,87,44,91,106,114,128,77,68"/><T28/><D104/><U111/><E35/><V23/><F67/><W24/><G68/><T88/><D116/><N who="2" m="44650" /><F113/><W83/><G114/><T52/><D129/><U13/><E0/><V30/><F43/><W50/><G5/><T75/><D75/><U124/><E69/><V100/><F100/><W39/><G39/><T95/><D28/><U66/><E111/><V125/><F37/><W56/><G128/><T47/><D110/><U17/><E124/><AGARI ba="1,0" hai="23,27,30,72,79,81,124,125,126,133,135" m="44650" machi="124" ten="30,8000,1" yaku="18,1,12,1,52,3" doraHai="112" who="2" fromWho="1" sc="235,0,350,-83,196,83,219,0" /><INIT seed="5,0,0,0,1,64" ten="235,267,279,219" oya="1" hai0="96,85,11,33,56,73,31,78,50,13,3,57,55" hai1="47,88,117,79,92,21,17,100,25,121,60,4,16" hai2="22,37,52,101,122,36,102,44,133,107,131,71,134" hai3="30,1,20,43,84,130,94,83,29,39,97,120,110"/><U65/><E117/><V132/><F122/><W7/><G110/><T28/><D73/><U53/><E121/><V35/><F35/><W105/><G130/><T18/><D3/><U81/><E100/><N who="2" m="38507" /><F107/><W12/><G105/><T0/><D0/><U91/><E4/><V46/><F22/><W9/><G120/><T69/><D69/><U77/><E17/><V14/><F71/><W93/><G43/><T67/><D96/><U8/><E8/><V99/><F99/><W58/><G39/><N who="2" m="14921" /><F14/><W116/><G58/><T128/><D128/><U86/><E53/><V112/><F131/><W123/><G123/><T41/><D33/><U49/><E49/><N who="2" m="28711" /><F46/><W66/><G66/><T40/><D67/><U38/><E47/><V76/><F76/><W27/><G116/><T6/><D57/><N who="1" m="37007" /><E38/><V90/><F90/><W119/><G119/><T62/><D41/><U127/><E127/><V54/><F54/><W75/><G75/><T74/><D74/><U23/><E23/><V80/><F80/><W98/><G97/><AGARI ba="0,0" hai="16,21,25,77,79,81,86,88,91,92,97" m="37007" machi="97" ten="30,5800,0" yaku="8,1,54,2" doraHai="64" who="1" fromWho="3" sc="235,0,267,58,279,0,219,-58" /><INIT seed="5,1,0,0,3,18" ten="235,325,279,161" oya="1" hai0="97,132,92,26,129,19,102,75,110,93,61,107,77" hai1="47,49,27,67,45,58,16,131,99,86,68,59,96" hai2="85,28,32,29,115,24,6,124,130,22,1,10,125" hai3="118,11,66,80,21,0,23,109,69,7,9,53,104"/><U44/><E131/><V90/><F130/><W51/><G109/><T126/><D129/><U52/><E68/><V54/><F54/><W72/><G118/><T95/><D110/><U70/><E70/><V76/><F76/><W25/><G104/><T62/><D132/><U37/><E37/><V63/><F63/><W106/><G106/><T60/><D126/><N who="2" m="48746" /><F115/><W50/><G50/><T87/><D75/><U48/><E86/><V8/><F8/><W38/><G38/><T128/><D128/><U56/><E67/><V12/><F1/><W42/><G42/><T112/><D112/><U15/><E27/><N who="2" m="18495" /><F85/><W135/><G135/><T5/><D5/><U74/><E74/><V89/><AGARI ba="1,0" hai="6,10,12,22,24,28,89,90" m="18495,48746" machi="89" ten="30,2000,0" yaku="18,1,52,1" doraHai="18" who="2" fromWho="2" sc="235,-6,325,-11,279,23,161,-6" /><INIT seed="6,0,0,1,5,114" ten="229,314,302,155" oya="2" hai0="40,55,54,128,100,63,44,38,88,73,21,127,13" hai1="76,131,34,85,12,6,91,105,37,58,10,102,16" hai2="126,57,1,78,74,59,26,79,81,119,18,101,70" hai3="82,20,52,49,46,9,25,41,107,30,29,96,93"/><V129/><F70/><W3/><G107/><T15/><D73/><U80/><E37/><V135/><F1/><W115/><G115/><T66/><D100/><U72/><E34/><V98/><F129/><W118/><G118/><T123/><D123/><U33/><E33/><V113/><F119/><W90/><G3/><T94/><D127/><U7/><E131/><V68/><F68/><W132/><G132/><T106/><D106/><U62/><E102/><V108/><F126/><W112/><G112/><T130/><D130/><U111/><E111/><V121/><F121/><W89/><G9/><T124/><D124/><U103/><E103/><V0/><F0/><W87/><REACH who="3" step="1"/><G41/><REACH who="3" ten="229,314,302,145" step="2"/><T5/><D128/><U69/><E105/><V117/><F135/><W104/><G104/><T51/><D5/><U95/><E69/><V48/><F117/><W56/><G56/><T47/><D55/><AGARI ba="0,1" hai="6,7,10,12,16,55,58,62,72,76,80,85,91,95" machi="55" ten="30,2000,0" yaku="7,1,54,1" doraHai="114" who="1" fromWho="0" sc="229,-20,314,30,302,0,145,0" /><INIT seed="7,0,0,0,5,63" ten="209,344,302,145" oya="3" hai0="2,12,117,28,48,75,55,119,53,118,96,70,23" hai1="112,62,81,67,68,108,128,14,78,1,84,9,121" hai2="72,38,46,21,132,98,66,126,71,102,86,116,35" hai3="52,61,57,93,110,134,99,129,85,130,40,29,97"/><W80/><G134/><T65/><D75/><U69/><E108/><V120/><F120/><W77/><G110/><T131/><D2/><U133/><E128/><N who="3" m="49258" /><G29/><T115/><D131/><U26/><E112/><V49/><F72/><W113/><G113/><T11/><D115/><U16/><E133/><V44/><F132/><W109/><G109/><T54/><D96/><U114/><E121/><V42/><F126/><W5/><G5/><T89/><D89/><U95/><E95/><V8/><F116/><W101/><G99/><T17/><D28/><U13/><E26/><V24/><F35/><W36/><G40/><T124/><D124/><U127/><E1/><V125/><F125/><W43/><G43/><T82/><D82/><U51/><E127/><V22/><F8/><W90/><G36/><T34/><D34/><U10/><E51/><V45/><F38/><W94/><G94/><T15/><D48/><U3/><E3/><V122/><F122/><W92/><G92/><T123/><D123/><U58/><E114/><V32/><F86/><W30/><G30/><T7/><D119/><U25/><E25/><V60/><F32/><W73/><G73/><T104/><D104/><U20/><E9/><V111/><F21/><W64/><G101/><T47/><D47/><U37/><E37/><V0/><F111/><W6/><G6/><AGARI ba="0,0" hai="6,10,13,14,16,20,58,62,67,68,69,78,81,84" machi="6" ten="30,3900,0" yaku="7,1,52,1,54,1" doraHai="63" who="1" fromWho="3" sc="209,0,344,39,302,0,145,-39" owari="209,-19.0,383,48.0,302,10.0,106,-39.0" /></mjloggm>