<mjloggm ver="2.3"><GO type="41" lobby="0"/><UN n0="%4A%2D%48%4F%50%45" n1="%72%40%69%6E%62%6F%77" n2="%6A%75%6E%37%32" n3="%E2%93%9D%53%75%70%68%78" dan="15,15,13,18" rate="1980.21,1994.22,1891.34,2101.07" sx="F,M,M,M"/><TAIKYOKU oya="0"/><INIT seed="0,0,0,3,4,3" ten="250,250,250,250" oya="0" hai0="53,25,118,128,36,110,84,85,6,76,10,63,60" hai1="26,21,65,30,130,34,117,112,92,113,111,80,64" hai2="56,43,107,91,49,24,59,99,61,86,1,127,31" hai3="115,71,114,20,28,47,57,77,96,109,23,101,41"/><T78/><D118/><U129/><E80/><V12/><F127/><W95/><G71/><T32/><D36/><U79/><E79/><V62/><F1/><W0/><G109/><T135/><D135/><U73/><E73/><V106/><F99/><W120/><G0/><T124/><D124/><U38/><E38/><V82/><F49/><W67/><G23/><T27/><D32/><U13/><E92/><V7/><F43/><W103/><G103/><T33/><D33/><U108/><E65/><V68/><F68/><W29/><G120/><T98/><D98/><U93/><E93/><V125/><F125/><W22/><G22/><T16/><D128/><N who="1" m="49259" /><E64/><V70/><F70/><W55/><G67/><T104/><D104/><U105/><E105/><V15/><F82/><W133/><G77/><T94/><D94/><U119/><E13/><V72/><F72/><W5/><G133/><T52/><D78/><U50/><E50/><V75/><F75/><W126/><G126/><T48/><D76/><U8/><E8/><V37/><F37/><W123/><G95/><T74/><D48/><U40/><E40/><V17/><F24/><W89/><G41/><T122/><D74/><U19/><E19/><V44/><F17/><W54/><G96/><T9/><D16/><U83/><E83/><V2/><F2/><W97/><G97/><T69/><D69/><U45/><E45/><V58/><F107/><W100/><G47/><T14/><D14/><U131/><N who="1" m="49267" /><U18/><DORA hai="4" /><E119/><V46/><F106/><W90/><G101/><T121/><D110/><N who="1" m="42027" /><E117/><V66/><F46/><RYUUKYOKU ba="0,0" sc="250,15,250,15,250,-15,250,-15" hai0="6,9,10,25,27,52,53,60,63,84,85,121,122" hai1="18,21,26,30,34,112,113" /><INIT seed="0,1,0,5,0,110" ten="265,265,235,235" oya="0" hai0="120,13,72,94,104,54,46,79,1,134,37,11,12" hai1="132,31,23,30,20,97,96,56,93,86,124,19,99" hai2="74,106,118,78,98,128,88,70,33,34,38,51,18" hai3="123,17,82,27,126,112,131,32,5,26,127,68,101"/><T9/><D120/><U109/><E109/><V90/><F128/><W103/><G68/><T53/><D104/><U116/><E116/><V15/><F70/><W89/><G5/><N who="0" m="1199" /><D94/><U71/><E71/><V44/><F38/><W41/><G41/><N who="0" m="22831" /><D134/><U125/><E132/><V45/><F45/><W14/><G131/><T87/><D87/><U61/><E23/><V24/><F24/><W28/><G27/><T108/><D108/><U135/><E135/><V115/><F118/><W122/><G89/><T4/><D13/><U36/><E36/><V84/><F90/><W49/><G82/><AGARI ba="1,0" hai="4,11,12,53,54,72,79,82" m="22831,1199" machi="82" ten="30,1500,0" yaku="25,1" doraHai="110" who="0" fromWho="3" sc="265,18,265,0,235,0,235,-18" /><INIT seed="0,2,0,1,0,77" ten="283,265,235,217" oya="0" hai0="100,107,119,10,12,2,124,15,75,19,69,73,37" hai1="132,22,90,32,59,60,134,57,87,131,43,102,11" hai2="38,112,44,66,31,91,62,4,21,40,83,135,52" hai3="116,105,103,120,114,85,55,20,110,86,104,25,71"/><T53/><D119/><U117/><E32/><V67/><F135/><W113/><G71/><T56/><D69/><U49/><E117/><V28/><F112/><W122/><G55/><T24/><D37/><U89/><E131/><V123/><F4/><W72/><G20/><T97/><D124/><U106/><E106/><N who="3" m="41066" /><G25/><T18/><D24/><U118/><E102/><V45/><F123/><N who="3" m="47147" /><G116/><T27/><D27/><U30/><E90/><V51/><F21/><W108/><G72/><T101/><D2/><U125/><E118/><V23/><F23/><W133/><G103/><T127/><D101/><U98/><E11/><V35/><F35/><W64/><G64/><T65/><D65/><U121/><E57/><V46/><F67/><W61/><G61/><T8/><REACH who="0" step="1"/><D127/><REACH who="0" ten="273,265,235,217" step="2"/><U94/><E125/><V128/><F128/><W82/><G133/><T76/><D76/><U84/><E121/><V54/><F38/><W41/><G114/><T96/><D96/><U81/><E134/><V74/><F74/><W5/><G113/><T99/><D99/><U92/><E98/><V68/><F28/><W79/><G79/><T36/><D36/><U26/><E132/><V95/><F31/><W80/><G86/><T111/><D111/><U1/><E1/><V130/><F66/><W34/><G85/><T7/><D7/><U29/><E29/><V3/><F3/><W58/><G110/><T129/><D129/><U48/><E87/><V126/><F68/><W16/><G108/><T88/><D88/><U78/><E78/><V33/><F130/><W17/><G5/><T9/><D9/><RYUUKYOKU ba="2,1" sc="273,30,265,-10,235,-10,217,-10" hai0="8,10,12,15,18,19,53,56,73,75,97,100,107" /><INIT seed="0,3,1,5,5,49" ten="303,255,225,207" oya="0" hai0="32,125,78,62,128,45,39,111,38,36,85,1,115" hai1="116,81,10,72,54,101,34,21,112,109,135,79,57" hai2="94,113,20,107,82,8,46,96,102,63,43,73,93" hai3="59,95,104,77,124,100,75,44,86,26,33,131,5"/><T97/><D115/><U65/><E116/><V23/><F113/><W47/><G5/><T117/><D117/><U134/><E112/><V105/><F63/><W29/><G131/><T121/><D121/><U9/><E34/><V119/><F119/><W98/><G124/><T67/><D1/><U15/><E109/><V12/><F105/><W58/><G58/><T6/><D6/><U2/><E65/><V19/><F94/><W11/><G11/><T83/><D32/><U18/><E101/><V0/><F0/><W91/><REACH who="3" step="1"/><G59/><REACH who="3" ten="303,255,225,197" step="2"/><T127/><D128/><U35/><E2/><V48/><F107/><W51/><G51/><T41/><D127/><U53/><E35/><V87/><REACH who="2" step="1"/><F73/><REACH who="2" ten="303,255,215,197" step="2"/><W7/><G7/><T24/><D125/><U114/><E114/><V60/><F60/><W103/><G103/><T130/><D62/><U69/><E69/><V14/><F14/><W89/><G89/><AGARI ba="3,3" hai="8,12,19,20,23,43,46,48,82,87,89,93,96,102" machi="89" ten="30,7700,0" yaku="1,1,7,1,8,1,53,1" doraHai="49" doraHaiUra="88" who="2" fromWho="3" sc="303,0,255,0,215,116,197,-86" /><INIT seed="1,0,0,4,0,74" ten="303,255,331,111" oya="1" hai0="12,83,128,129,85,95,135,1,24,60,38,56,14" hai1="11,109,3,66,96,73,65,19,5,106,45,107,116" hai2="91,27,102,70,28,9,120,125,51,71,21,10,131" hai3="112,6,26,89,84,82,53,77,92,103,99,98,127"/><U18/><E116/><V122/><F131/><N who="0" m="50250" /><D1/><U87/><E73/><V86/><F125/><W130/><G130/><T39/><D135/><U79/><E109/><V69/><F102/><W132/><G6/><T20/><D95/><U46/><E96/><V113/><F113/><W47/><G127/><T22/><D22/><U36/><E36/><V15/><F51/><W90/><G112/><T124/><D124/><U62/><E87/><V67/><F67/><W104/><G26/><T31/><D12/><U97/><E97/><V4/><REACH who="2" step="1"/><F9/><REACH who="2" ten="303,255,321,111" step="2"/><W134/><G53/><T101/><D101/><U50/><E50/><V37/><F37/><W64/><G64/><N who="0" m="38919" /><D14/><U32/><E11/><V115/><F115/><W119/><G119/><T121/><D121/><U23/><E3/><V78/><F78/><AGARI ba="0,1" hai="20,24,31,38,39,78,83,85" m="38919,50250" machi="78" ten="30,2000,0" yaku="19,1,52,1" doraHai="74" who="0" fromWho="2" sc="303,30,255,0,321,-20,111,0" /><INIT seed="2,0,0,5,3,51" ten="333,255,301,111" oya="2" hai0="92,43,102,18,53,115,122,10,45,11,111,74,46" hai1="24,20,1,107,97,134,91,62,9,64,29,94,68" hai2="48,89,93,0,131,50,8,7,88,132,58,119,40" hai3="49,135,87,99,22,42,13,5,60,67,104,76,28"/><V33/><F132/><W126/><G126/><T124/><D122/><U121/><E134/><V14/><F131/><W117/><G117/><T85/><D74/><U52/><E121/><V106/><F33/><W84/><G104/><T96/><D115/><U56/><E107/><V38/><F106/><W27/><G99/><T47/><D124/><U133/><E133/><V36/><F0/><W2/><G2/><T25/><D111/><U123/><E123/><V105/><F105/><W103/><G103/><T98/><D98/><U61/><E1/><V125/><F89/><W16/><G5/><T35/><D35/><U114/><REACH who="1" step="1"/><E9/><REACH who="1" ten="333,245,301,111" step="2"/><V78/><F119/><W34/><G135/><T112/><D10/><U116/><E116/><V32/><F125/><W19/><G76/><T57/><D11/><U110/><E110/><V90/><F78/><W15/><G42/><T71/><D43/><U66/><E66/><V120/><F120/><W86/><G67/><T83/><D112/><AGARI ba="0,1" hai="20,24,29,52,56,61,62,64,68,91,94,97,112,114" machi="112" ten="40,5200,0" yaku="1,1,52,1,54,1,53,0" doraHai="51" doraHaiUra="41" who="1" fromWho="0" sc="333,-52,245,62,301,0,111,0" /><INIT seed="3,0,0,0,0,21" ten="281,307,301,111" oya="3" hai0="25,112,10,38,134,102,47,61,53,72,68,19,92" hai1="100,31,80,118,58,4,14,1,96,64,27,76,60" hai2="124,70,8,111,11,63,12,129,105,26,62,2,71" hai3="15,24,48,6,81,85,108,17,78,73,122,114,120"/><W82/><G114/><T49/><D72/><U18/><E118/><V125/><F111/><W56/><G108/><T130/><D112/><U44/><E44/><V55/><F105/><W83/><G6/><T103/><D134/><U16/><E4/><V74/><F12/><W0/><G0/><T20/><D130/><U128/><E1/><V40/><F40/><W115/><G115/><T77/><D77/><U34/><E14/><V127/><F2/><W99/><G99/><T98/><D38/><U66/><E66/><V91/><F74/><W46/><G56/><T33/><D33/><U32/><E32/><V110/><F110/><W50/><G50/><T28/><D68/><U29/><E29/><V67/><F91/><W9/><G83/><T116/><D116/><U119/><E128/><V39/><F39/><W106/><G106/><T90/><D61/><U75/><E119/><V123/><F123/><W41/><REACH who="3" step="1"/><G24/><REACH who="3" ten="281,307,301,101" step="2"/><T101/><D10/><N who="2" m="3626" /><F129/><W121/><G121/><T113/><D113/><U37/><E37/><V95/><F95/><AGARI ba="0,1" hai="16,18,27,31,34,58,60,64,75,76,80,95,96,100" machi="95" ten="30,3900,0" yaku="7,1,52,1,54,1" doraHai="21" who="1" fromWho="2" sc="281,0,307,49,301,-39,101,0" /><INIT seed="4,0,0,0,0,121" ten="281,356,262,101" oya="0" hai0="77,26,49,126,81,46,25,55,135,123,107,0,102" hai1="91,9,75,117,98,74,113,18,60,44,101,13,41" hai2="33,27,134,1,79,124,19,5,20,105,118,38,82" hai3="103,45,114,119,127,61,14,93,53,42,40,112,115"/><T111/><D123/><U72/><E117/><V106/><F118/><W24/><G14/><T8/><D135/><U65/><E113/><V109/><F134/><W104/><G104/><T10/><D126/><U133/><E91/><V86/><F124/><W23/><G127/><T122/><D122/><U96/><E133/><V15/><F109/><W58/><G119/><T129/><D129/><U99/><E101/><V132/><F38/><W73/><G73/><T108/><D107/><U63/><REACH who="1" step="1"/><E65/><REACH who="1" ten="281,346,262,101" step="2"/><V39/><F132/><W32/><G103/><T97/><D102/><U89/><E89/><V68/><F68/><W56/><G93/><T71/><D97/><U22/><E22/><V17/><F39/><AGARI ba="0,1" hai="9,13,18,39,41,44,60,63,72,74,75,96,98,99" machi="39" ten="50,6400,0" yaku="1,1,53,2" doraHai="121" doraHaiUra="57" who="1" fromWho="2" sc="281,0,346,74,262,-64,101,0" /><INIT seed="5,0,0,4,5,68" ten="281,420,198,101" oya="1" hai0="83,121,55,12,71,31,123,97,122,26,63,65,10" hai1="60,50,108,40,52,47,93,18,105,35,81,112,126" hai2="76,21,61,1,30,7,6,74,84,56,39,82,86" hai3="98,48,3,13,132,43,14,127,67,89,11,92,120"/><U79/><E105/><V62/><F1/><W77/><G120/><T87/><D97/><U130/><E112/><V44/><F44/><W49/><G132/><T90/><D55/><U107/><E107/><V111/><F111/><W24/><G127/><T22/><D12/><U128/><E126/><V2/><F2/><W118/><G3/><T103/><REACH who="0" step="1"/><D10/><REACH who="0" ten="271,420,198,101" step="2"/><U99/><E108/><V91/><F74/><W131/><G14/><T106/><D106/><U66/><E52/><V64/><F62/><W95/><G13/><T96/><D96/><U8/><E99/><V28/><F7/><W32/><G98/><T17/><D17/><U46/><E8/><V33/><F6/><W59/><G11/><T36/><D36/><U38/><E18/><V54/><F39/><W78/><G49/><T134/><D134/><U125/><E50/><V100/><F100/><AGARI ba="0,1" hai="22,26,31,63,65,71,83,87,90,100,103,121,122,123" machi="100" ten="40,2600,0" yaku="1,1,13,1,53,0" doraHai="68" doraHaiUra="133" who="0" fromWho="2" sc="271,36,420,0,198,-26,101,0" /><INIT seed="6,0,0,0,2,94" ten="307,420,172,101" oya="2" hai0="71,83,108,95,80,5,93,44,19,20,41,40,25" hai1="39,57,120,117,53,2,90,88,7,113,46,12,118" hai2="92,122,14,51,37,72,110,109,50,48,106,102,124" hai3="96,115,87,105,75,64,56,9,125,58,6,85,70"/><V63/><F37/><W81/><G75/><T131/><D108/><N who="2" m="41578" /><F122/><W76/><G125/><T112/><D71/><U28/><E2/><V133/><F133/><W16/><G115/><T121/><D112/><U114/><E120/><V18/><F72/><W135/><G135/><T66/><D131/><U128/><E128/><V31/><F92/><W54/><G70/><T26/><D5/><U38/><E28/><V84/><F84/><W33/><G33/><T22/><D66/><U134/><E134/><V47/><F63/><W103/><G64/><T74/><D74/><U86/><E86/><V97/><F31/><W55/><G87/><T100/><D95/><U52/><E57/><V8/><F124/><W42/><G42/><AGARI ba="0,0" hai="8,14,18,42,47,48,50,51,97,102,106" m="41578" machi="42" ten="30,2900,0" yaku="10,1,52,1" doraHai="94" who="2" fromWho="3" sc="307,0,420,0,172,29,101,-29" /><INIT seed="6,1,0,3,3,96" ten="307,420,201,72" oya="2" hai0="108,38,62,78,111,119,82,19,33,116,47,68,72" hai1="65,17,71,0,117,79,131,63,58,23,51,126,32" hai2="48,84,107,10,44,100,18,109,5,13,26,115,57" hai3="66,45,89,6,24,75,106,80,29,12,43,77,104"/><V27/><F115/><W129/><G129/><T55/><D33/><U30/><E117/><N who="0" m="45129" /><D19/><U128/><E0/><V37/><F109/><W91/><G66/><N who="0" m="41047" /><D55/><U122/><E122/><V56/><F84/><W21/><G106/><T90/><D90/><U40/><E126/><V52/><F37/><W135/><G135/><T70/><D70/><U92/><E79/><V20/><REACH who="2" step="1"/><F27/><REACH who="2" ten="307,420,191,72" step="2"/><W46/><G24/><T34/><D111/><U35/><E131/><V133/><F133/><W114/><G114/><T31/><D38/><U132/><E128/><V60/><F60/><W16/><G75/><T113/><D113/><U125/><E63/><V22/><F22/><W1/><G21/><T76/><D72/><U85/><E23/><V118/><F118/><W73/><G73/><T105/><D108/><U87/><E87/><V127/><F127/><W41/><G77/><T49/><D76/><U3/><E85/><V121/><F121/><W36/><G36/><T53/><D78/><U59/><E35/><V95/><F95/><W97/><G104/><T102/><D34/><U101/><E92/><V28/><F28/><W103/><G29/><T50/><D31/><U124/><E30/><V54/><F54/><W120/><G120/><T86/><D86/><U69/><E32/><V2/><F2/><W81/><G1/><T112/><D112/><U74/><E3/><V11/><F11/><W39/><G39/><T130/><D130/><U123/><E74/><V83/><F83/><W94/><G81/><T15/><D105/><U88/><E123/><V25/><F25/><W110/><G110/><RYUUKYOKU ba="1,1" sc="307,-10,420,-10,191,30,72,-10" hai2="5,10,13,18,20,26,44,48,52,56,57,100,107" /><INIT seed="6,2,1,2,2,17" ten="297,410,221,62" oya="2" hai0="132,46,64,45,116,87,133,32,78,28,113,125,119" hai1="33,135,67,6,108,55,7,29,92,42,16,54,82" hai2="12,63,4,107,105,20,99,128,61,24,70,1,115" hai3="13,56,62,90,58,97,101,38,118,37,72,96,74"/><V59/><F115/><W73/><G118/><N who="0" m="45099" /><D125/><U0/><E108/><V93/><F128/><W104/><G13/><T65/><D32/><U76/><E135/><N who="0" m="51785" /><D28/><U120/><E0/><V57/><F1/><W36/><G90/><T77/><D87/><U89/><E42/><V41/><F70/><W40/><G40/><T121/><D121/><U47/><E67/><N who="0" m="25673" /><D113/><U123/><E29/><N who="2" m="17543" /><F41/><W2/><G2/><T26/><D26/><U111/><E33/><V51/><F51/><W71/><G71/><T109/><D109/><U103/><E103/><N who="2" m="60911" /><F107/><W25/><G62/><N who="2" m="23561" /><F105/><W49/><G49/><T79/><AGARI ba="2,1" hai="45,46,77,78,79" m="25673,51785,45099" machi="79" ten="40,8000,1" yaku="28,2,12,1,20,1" doraHai="17" who="0" fromWho="0" sc="297,96,410,-22,221,-42,62,-22" /><INIT seed="7,0,0,4,5,72" ten="393,388,179,40" oya="3" hai0="19,101,22,62,88,5,6,130,16,40,102,112,122" hai1="65,114,26,48,38,8,75,117,119,83,11,49,96" hai2="109,58,103,70,31,99,28,59,90,113,118,52,61" hai3="128,80,14,129,79,39,9,42,25,47,33,134,105"/><W21/><G105/><T93/><D122/><U126/><E114/><V13/><F109/><W68/><G68/><T81/><D130/><N who="3" m="50281" /><G33/><T106/><D106/><U57/><E126/><V108/><F113/><W41/><G134/><T132/><D132/><U85/><E38/><V91/><F108/><W60/><G60/><T20/><D40/><U27/><E75/><V121/><F118/><N who="1" m="45065" /><E96/><V56/><F121/><W115/><G115/><T110/><D110/><U125/><E125/><V29/><F70/><W30/><G47/><T32/><D32/><U23/><E27/><V10/><F103/><N who="0" m="39434" /><D62/><N who="1" m="38095" /><E49/><V87/><F99/><W34/><G34/><T86/><D112/><U94/><E94/><N who="2" m="54623" /><F91/><W133/><G39/><T95/><D95/><U3/><E48/><V35/><F35/><W92/><G92/><T46/><D46/><U107/><E3/><V127/><F127/><W63/><G63/><T43/><D93/><U44/><E44/><V124/><F124/><W66/><G66/><T18/><D43/><U131/><E107/><V17/><AGARI ba="0,0" hai="10,13,17,28,29,31,52,56,58,59,61" m="54623" machi="17" ten="30,2000,0" yaku="8,1,54,1" doraHai="72" who="2" fromWho="2" sc="393,-5,388,-5,179,20,40,-10" owari="388,49.0,383,18.0,199,-20.0,30,-47.0" /></mjloggm>