<mjloggm ver="2.3"><GO type="41" lobby="0"/><UN n0="%E2%93%9D%53%75%70%68%78" n1="%E2%93%9D%4E%41%47%41%32%35" n2="%E3%81%AE%E3%81%AF%E3%81%A3%E3%81%A1" n3="%E3%81%AB%E3%82%83%E3%82%93%E3%81%B1%E3%81%8F" dan="18,17,15,13" rate="2083.40,2104.03,2024.04,1883.63" sx="M,F,M,M"/><TAIKYOKU oya="0"/><INIT seed="0,0,0,4,3,24" ten="250,250,250,250" oya="0" hai0="131,116,56,29,37,43,90,21,117,10,134,75,79" hai1="82,133,60,86,69,132,67,15,3,34,72,121,42" hai2="45,30,107,20,6,23,47,32,99,53,101,68,127" hai3="0,4,1,26,78,130,27,73,89,19,58,49,110"/><T41/><D131/><U14/><E121/><V70/><F127/><W71/><G130/><T81/><D134/><N who="1" m="51819" /><E3/><V46/><F6/><W100/><G110/><T112/><D112/><U2/><E2/><V109/><F109/><W54/><G100/><T88/><D10/><U119/><E119/><V59/><F32/><W76/><G71/><T80/><D56/><U12/><E34/><V36/><F36/><W111/><G111/><T51/><D51/><U103/><E103/><V104/><F104/><W102/><G26/><T77/><D21/><U92/><E42/><V114/><F114/><W105/><G4/><T97/><D37/><U87/><E92/><V98/><F20/><W16/><G89/><T44/><D44/><U62/><E62/><V38/><F38/><W123/><G123/><T61/><D61/><U91/><E87/><V28/><F99/><W7/><G7/><T50/><D50/><U65/><E65/><V40/><F23/><W108/><G108/><T83/><D83/><U25/><E25/><V31/><REACH who="2" step="1"/><F40/><REACH who="2" ten="250,250,240,250" step="2"/><W8/><G8/><T5/><D5/><U22/><E22/><V106/><F106/><W128/><G0/><T74/><D97/><U135/><E135/><V129/><F129/><W13/><G1/><T93/><D93/><U118/><E118/><V125/><F125/><W122/><G105/><T39/><D39/><U115/><E115/><V18/><F18/><W66/><G19/><T120/><D120/><U95/><E95/><V33/><F33/><W48/><G128/><T57/><D29/><U17/><E17/><V11/><F11/><RYUUKYOKU ba="0,1" sc="250,10,250,10,240,10,250,-30" hai0="41,43,57,74,75,77,79,80,81,88,90,116,117" hai1="12,14,15,60,67,69,72,82,86,91" hai2="28,30,31,45,46,47,53,59,68,70,98,101,107" /><INIT seed="0,1,1,5,2,134" ten="260,260,250,220" oya="0" hai0="4,87,56,79,48,115,17,106,25,101,80,120,37" hai1="32,86,36,72,38,39,118,26,77,114,98,54,43" hai2="6,23,124,21,1,8,116,33,94,52,83,81,11" hai3="93,127,104,57,67,12,16,49,69,126,66,82,22"/><T105/><D120/><U55/><E118/><V13/><F33/><W27/><G104/><T65/><D37/><U50/><E72/><V88/><F124/><N who="3" m="47659" /><G69/><T0/><D115/><U84/><E114/><V60/><F116/><W70/><G70/><T75/><D4/><U20/><E32/><V51/><F60/><W41/><G93/><T15/><D0/><U89/><E43/><V42/><F42/><W119/><G119/><T129/><D129/><U121/><E121/><V102/><F102/><W113/><G113/><T64/><D106/><U97/><E77/><V74/><F74/><W30/><G82/><T29/><D101/><U91/><E20/><V107/><F107/><W35/><G57/><T123/><D123/><U7/><E7/><V47/><F83/><W96/><G96/><T2/><D105/><U122/><E26/><V112/><F81/><W58/><G58/><T68/><D68/><U62/><E122/><V19/><REACH who="2" step="1"/><F112/><REACH who="2" ten="260,260,240,220" step="2"/><W90/><G90/><T53/><D75/><U73/><E73/><V128/><F128/><W109/><G109/><T135/><D80/><U63/><E39/><V14/><F14/><W117/><G117/><T61/><D15/><U99/><E38/><V92/><F92/><W46/><AGARI ba="1,2" hai="12,16,22,27,30,35,41,46,49,66,67" m="47659" machi="46" ten="30,8000,1" yaku="18,1,52,3,54,1" doraHai="134" who="3" fromWho="3" sc="260,-41,260,-21,240,-21,220,103" /><INIT seed="1,0,0,0,5,23" ten="219,239,219,323" oya="1" hai0="102,81,25,129,38,46,131,16,88,17,54,115,128" hai1="52,1,48,62,130,113,42,29,89,76,119,74,117" hai2="84,51,124,32,43,135,111,40,0,122,92,10,105" hai3="5,41,133,49,24,44,65,103,118,21,61,72,14"/><U91/><E113/><V67/><F122/><W59/><G133/><T58/><D102/><U28/><E1/><V33/><F105/><W66/><G118/><T37/><D115/><U121/><E121/><V86/><F67/><W64/><G72/><T82/><D46/><U11/><E130/><V56/><F56/><W78/><G78/><T75/><D75/><U19/><E42/><V110/><F92/><W90/><G103/><T85/><D82/><U112/><E62/><V68/><F51/><W18/><G90/><T87/><D87/><U114/><E74/><V9/><F124/><W127/><G127/><T116/><D116/><U4/><E19/><N who="0" m="7241" /><D25/><U100/><E100/><V134/><REACH who="2" step="1"/><F0/><REACH who="2" ten="219,239,209,323" step="2"/><W35/><G35/><T94/><D94/><U13/><E119/><V132/><F132/><W7/><G66/><T101/><D101/><U45/><E117/><V104/><F104/><W3/><G65/><T26/><D26/><U22/><E114/><V79/><F79/><W27/><G3/><T15/><D15/><N who="1" m="5607" /><E112/><V125/><F125/><W55/><G27/><T73/><D73/><U60/><E76/><V71/><AGARI ba="0,1" hai="9,10,32,33,40,43,68,71,84,86,110,111,134,135" machi="71" ten="25,6400,0" yaku="1,1,0,1,22,2,53,0" doraHai="23" doraHaiUra="98" who="2" fromWho="2" sc="219,-16,239,-32,209,74,323,-16" /><INIT seed="2,0,0,5,2,24" ten="203,207,283,307" oya="2" hai0="111,31,69,72,15,71,10,43,132,115,83,67,44" hai1="65,36,42,131,9,80,5,51,108,104,20,99,13" hai2="3,27,22,34,87,88,122,16,84,58,90,73,129" hai3="116,38,59,133,63,102,0,56,107,18,12,106,127"/><V62/><F129/><W4/><G116/><T14/><D111/><U29/><E108/><V1/><F122/><W30/><G38/><T8/><D132/><U119/><E119/><V117/><F73/><W33/><G102/><T54/><D54/><U57/><E131/><V52/><F117/><W26/><G127/><T21/><D67/><U35/><E35/><V130/><F130/><W17/><G17/><T68/><D115/><U28/><E36/><V100/><F100/><W85/><G133/><T7/><D83/><U70/><E70/><V103/><F103/><W25/><G25/><T47/><D72/><U40/><E104/><V95/><F34/><W6/><G85/><T55/><D55/><N who="1" m="31999" /><E65/><V82/><AGARI ba="0,0" hai="1,3,16,22,27,52,58,62,82,84,87,88,90,95" machi="82" ten="20,12000,1" yaku="0,1,7,1,54,3" doraHai="24" who="2" fromWho="2" sc="203,-40,207,-40,283,120,307,-40" /><INIT seed="2,1,0,5,5,14" ten="163,167,403,267" oya="2" hai0="30,26,67,61,36,87,37,97,20,1,4,31,95" hai1="17,133,40,10,103,130,39,88,96,21,85,11,8" hai2="72,124,100,132,60,59,34,13,128,117,68,90,127" hai3="94,51,109,123,134,44,78,38,6,3,43,63,5"/><V111/><F117/><W41/><G123/><T126/><D126/><U135/><E130/><V62/><F34/><W118/><G118/><T92/><D31/><U64/><E64/><V89/><F72/><W42/><G134/><N who="1" m="51210" /><E40/><V23/><F132/><W74/><G109/><T86/><D1/><U113/><E39/><V35/><F35/><W98/><G38/><T122/><D4/><U80/><E113/><V46/><F128/><W125/><G125/><T102/><D122/><U2/><E2/><V0/><F0/><W48/><G48/><T28/><D28/><U106/><E11/><V9/><F111/><W76/><G63/><T104/><D104/><U22/><E22/><V52/><F23/><W115/><G115/><T93/><D37/><U49/><E49/><V83/><F127/><W54/><G74/><T15/><D36/><U24/><AGARI ba="1,0" hai="8,10,17,21,24,80,85,88,96,103,106" m="51210" machi="24" ten="30,4000,0" yaku="20,1,52,1,54,1" doraHai="14" who="1" fromWho="1" sc="163,-11,167,43,403,-21,267,-11" /><INIT seed="3,0,0,2,4,109" ten="152,210,382,256" oya="3" hai0="1,133,123,13,104,126,97,118,134,14,26,36,21" hai1="115,59,94,79,90,27,116,99,7,85,78,64,70" hai2="4,8,10,45,40,33,91,22,76,39,19,105,120" hai3="112,30,43,93,101,2,42,52,89,67,5,63,25"/><W107/><G2/><T0/><D97/><U83/><E70/><V84/><F120/><W92/><G5/><T121/><D104/><U87/><E116/><V50/><F105/><W54/><G112/><T128/><D36/><U61/><E7/><V124/><F124/><W71/><G92/><T82/><D82/><U108/><E108/><V51/><F33/><W41/><G101/><T98/><D98/><U131/><E131/><V127/><F76/><W135/><G107/><T32/><D118/><U69/><E69/><V132/><F132/><N who="0" m="50794" /><D32/><U48/><E48/><V62/><F62/><W117/><G117/><T20/><D128/><U130/><E130/><V12/><F127/><W73/><G73/><T75/><D75/><U44/><E44/><V17/><F17/><W81/><G81/><T58/><D58/><U23/><E115/><V86/><F86/><W106/><G106/><T96/><D96/><U56/><E56/><V49/><REACH who="2" step="1"/><F4/><REACH who="2" ten="152,210,372,256" step="2"/><W47/><G135/><T34/><D126/><U122/><E122/><N who="0" m="46601" /><D34/><U72/><REACH who="1" step="1"/><E79/><REACH who="1" ten="152,200,372,256" step="2"/><V53/><F53/><W11/><G54/><T66/><D66/><U16/><AGARI ba="0,2" hai="16,23,27,59,61,64,72,78,83,85,87,90,94,99" machi="16" ten="20,8000,1" yaku="1,1,2,1,0,1,7,1,54,1,53,0" doraHai="109" doraHaiUra="31" who="1" fromWho="1" sc="152,-20,200,100,372,-20,256,-40" /><INIT seed="4,0,0,1,2,73" ten="132,300,352,216" oya="0" hai0="113,64,119,70,19,32,108,102,50,96,97,69,59" hai1="90,42,105,116,124,7,123,24,9,79,48,110,26" hai2="31,12,30,88,11,75,128,101,67,117,131,4,22" hai3="130,98,41,122,126,118,103,36,125,76,111,14,81"/><T112/><D32/><U80/><E110/><V47/><F101/><W43/><G14/><T51/><D108/><U66/><E116/><V133/><F75/><W13/><G13/><T99/><D102/><U92/><E105/><V121/><F121/><W33/><G33/><T58/><D64/><U82/><E123/><V120/><F120/><W53/><G122/><T18/><REACH who="0" step="1"/><D99/><REACH who="0" ten="122,300,352,216" step="2"/><U40/><E66/><V115/><F67/><W93/><G111/><T27/><D27/><U60/><E26/><V84/><F131/><W28/><G118/><AGARI ba="0,1" hai="18,19,50,51,58,59,69,70,96,97,112,113,118,119" machi="118" ten="25,4800,0" yaku="1,1,22,2,53,0" doraHai="73" doraHaiUra="85" who="0" fromWho="3" sc="122,58,300,0,352,0,216,-48" /><INIT seed="4,1,0,2,3,34" ten="180,300,352,168" oya="0" hai0="8,6,104,106,93,129,22,27,128,123,29,97,68" hai1="109,1,82,17,78,95,74,111,50,60,35,130,48" hai2="99,43,55,19,10,56,5,121,37,28,126,108,84" hai3="67,40,57,107,45,49,21,131,71,63,9,66,58"/><T31/><D68/><U44/><E35/><V105/><F108/><W18/><G107/><T38/><D38/><U72/><E130/><N who="0" m="50281" /><D31/><U103/><E74/><V102/><F121/><W15/><G131/><T25/><D25/><U92/><E60/><V120/><F120/><W125/><G125/><T33/><D33/><U4/><E17/><V24/><F126/><W42/><G42/><T133/><D133/><U91/><E103/><V65/><F84/><W59/><G67/><T100/><D123/><U76/><E76/><V2/><F65/><W36/><G36/><T118/><D118/><U94/><E91/><V26/><F19/><W12/><REACH who="3" step="1"/><G71/><REACH who="3" ten="180,300,352,158" step="2"/><T39/><D39/><U86/><E111/><V110/><F110/><W79/><G79/><T7/><D7/><AGARI ba="1,1" hai="7,9,12,15,18,21,40,45,49,57,58,59,63,66" machi="7" ten="30,3900,0" yaku="1,1,7,1,8,1,53,0" doraHai="34" doraHaiUra="85" who="3" fromWho="0" sc="180,-42,300,0,352,0,158,52" /><INIT seed="5,0,0,3,2,80" ten="138,300,352,210" oya="1" hai0="134,29,93,47,23,85,120,68,50,38,79,8,83" hai1="101,32,41,129,5,125,52,64,34,1,123,122,6" hai2="73,114,66,110,28,132,77,11,49,76,78,55,96" hai3="69,63,2,56,25,36,127,75,95,16,24,135,113"/><U15/><E41/><V35/><F110/><W103/><G113/><T74/><D134/><U18/><E64/><V45/><F132/><W3/><G135/><T81/><D68/><U94/><E101/><V91/><F73/><W87/><G127/><T39/><D120/><N who="1" m="46123" /><E94/><V82/><F114/><W42/><G75/><T31/><D93/><U130/><E52/><V62/><F35/><N who="1" m="13353" /><E1/><V37/><F37/><W10/><G69/><T115/><D115/><U124/><E18/><V131/><F28/><W17/><G2/><T108/><D108/><U99/><E99/><V33/><F33/><W53/><G3/><T27/><D31/><U57/><E57/><V30/><F30/><W89/><G42/><T19/><D29/><U121/><E121/><V20/><F62/><W9/><G36/><T107/><D107/><U116/><E116/><V109/><F66/><W67/><G67/><T133/><D133/><U112/><E112/><V54/><F54/><W61/><G61/><T44/><D39/><U0/><E15/><V92/><F109/><W88/><G103/><T58/><D38/><U98/><E98/><V72/><F72/><W70/><G70/><T97/><D97/><U128/><E0/><V26/><F92/><W119/><G119/><T12/><D58/><U84/><E84/><N who="2" m="50583" /><F96/><W117/><G117/><T4/><REACH who="0" step="1"/><D50/><REACH who="0" ten="128,300,352,210" step="2"/><U102/><E102/><V22/><F49/><W14/><G95/><T100/><D100/><U43/><E43/><V21/><F45/><W104/><G104/><T7/><D7/><AGARI ba="0,1" hai="5,6,7,124,125,128,129,130" m="13353,46123" machi="7" ten="40,12000,1" yaku="28,2,19,1,34,2" doraHai="80" who="1" fromWho="0" sc="128,-120,300,130,352,0,210,0" /><INIT seed="5,1,0,4,2,34" ten="8,430,352,210" oya="1" hai0="51,84,76,96,26,123,80,32,126,71,12,97,22" hai1="6,130,95,28,134,15,1,25,124,101,41,19,94" hai2="64,21,18,115,111,33,72,78,112,89,42,119,118" hai3="87,110,109,68,67,81,75,106,13,5,29,10,121"/><U120/><E120/><V77/><F42/><W93/><G121/><T104/><D126/><U58/><E124/><V50/><F50/><W113/><G113/><N who="2" m="43593" /><F64/><W63/><G106/><T117/><D117/><N who="2" m="44554" /><F33/><W88/><G29/><N who="0" m="17623" /><D71/><U54/><E41/><V36/><F36/><W86/><REACH who="3" step="1"/><G75/><REACH who="3" ten="8,430,352,200" step="2"/><T135/><D104/><U90/><E28/><V46/><F72/><W55/><G55/><T122/><D122/><U44/><E54/><V31/><F31/><W74/><G74/><T83/><D123/><U98/><E130/><V56/><F111/><W4/><G4/><T70/><D32/><U48/><E6/><V92/><F18/><W43/><G43/><T9/><D135/><U125/><E134/><V38/><F78/><AGARI ba="1,1" hai="5,10,13,63,67,68,78,81,86,87,88,93,109,110" machi="78" ten="30,3900,0" yaku="1,1,7,1,54,1,53,0" doraHai="34" doraHaiUra="131" who="3" fromWho="2" sc="8,0,430,0,352,-42,200,52" /><INIT seed="6,0,0,4,0,50" ten="8,430,310,252" oya="2" hai0="80,60,19,131,10,69,85,15,111,99,33,101,73" hai1="63,29,100,34,116,42,11,13,32,68,91,24,96" hai2="106,8,0,104,120,52,90,103,36,125,97,6,62" hai3="3,102,127,61,77,134,48,95,92,9,51,71,83"/><V59/><F125/><W107/><G127/><T88/><D131/><U26/><E116/><V5/><F120/><W41/><G107/><T14/><D33/><U123/><E123/><V37/><F106/><W133/><G3/><T86/><D73/><U121/><E121/><V76/><F76/><W40/><G9/><T49/><D111/><U35/><E42/><N who="3" m="16490" /><G102/><T43/><D69/><U94/><E26/><V109/><F109/><W31/><G31/><T2/><D2/><U66/><E100/><V18/><F6/><AGARI ba="0,0" hai="6,11,13,24,29,32,34,35,63,66,68,91,94,96" machi="6" ten="30,1000,0" yaku="7,1" doraHai="50" who="1" fromWho="2" sc="8,0,430,10,310,-10,252,0" /><INIT seed="7,0,0,4,5,133" ten="8,440,300,252" oya="3" hai0="78,58,44,39,82,57,7,14,49,79,54,52,70" hai1="61,107,2,5,134,31,119,80,135,17,3,106,92" hai2="77,1,33,102,60,13,72,56,40,20,123,125,32" hai3="21,67,10,120,105,41,36,22,108,114,29,110,111"/><W65/><G105/><T127/><D7/><U24/><E119/><V90/><F1/><N who="1" m="9" /><E5/><V126/><F123/><W103/><G120/><T121/><D14/><U74/><E17/><N who="2" m="10287" /><F102/><W76/><G103/><T66/><D82/><U23/><E92/><V27/><F40/><W115/><G76/><T18/><D18/><U87/><E61/><V130/><F130/><W16/><G10/><T28/><D28/><U15/><E15/><V83/><F90/><W117/><G117/><T101/><D101/><U99/><E99/><V122/><F27/><N who="3" m="16631" /><G41/><T104/><D79/><N who="1" m="46495" /><E74/><V12/><F12/><N who="3" m="9351" /><G36/><T19/><D19/><U8/><E8/><V55/><F122/><W69/><G69/><T91/><D78/><U9/><E9/><V45/><F45/><W48/><G48/><T38/><D91/><U34/><E34/><V131/><F131/><W64/><AGARI ba="0,0" hai="64,65,67,108,110,111,114,115" m="9351,16631" machi="64" ten="40,3900,0" yaku="10,1,54,1" doraHai="133" who="3" fromWho="3" sc="8,-13,440,-13,300,-13,252,39" owari="-5,-51.0,427,53.0,287,-11.0,291,9.0" /></mjloggm>