<mjloggm ver="2.3"><GO type="41" lobby="0"/><UN n0="%E7%B3%B8%E8%A5%BF%E7%BE%BD%E9%BB%92" n1="%E2%93%9D%53%75%70%68%78" n2="%E3%83%9F%E3%82%B9%E3%83%86%E3%82%A3%E3%82%B3" n3="%E3%82%82%E3%81%A3%E3%81%95" dan="13,18,13,15" rate="1833.16,2126.51,1891.80,1976.42" sx="M,M,M,M"/><TAIKYOKU oya="0"/><INIT seed="0,0,0,4,2,33" ten="250,250,250,250" oya="0" hai0="4,14,60,77,57,65,30,66,34,54,70,129,22" hai1="37,132,99,73,84,114,27,19,116,93,126,88,29" hai2="44,26,20,41,10,17,12,42,96,51,130,52,92" hai3="61,123,5,1,112,102,45,108,124,120,3,74,109"/><T21/><D129/><U38/><E116/><V31/><REACH who="2" step="1"/><F130/><REACH who="2" ten="250,250,240,250" step="2"/><W23/><G112/><T110/><D34/><U53/><E114/><V81/><F81/><W134/><G134/><T64/><D110/><U111/><E132/><V115/><F115/><W75/><G124/><T122/><D122/><U82/><E126/><V106/><F106/><W94/><G109/><T127/><D127/><U46/><E111/><V121/><F121/><W50/><G108/><T18/><D4/><U35/><E73/><V13/><F13/><W56/><G5/><T15/><D77/><U62/><E19/><V117/><F117/><W79/><G75/><T85/><D85/><U39/><E62/><V87/><F87/><W28/><G79/><T107/><D107/><U83/><REACH who="1" step="1"/><E84/><REACH who="1" ten="250,240,240,250" step="2"/><V11/><F11/><W95/><G74/><T16/><REACH who="0" step="1"/><D70/><REACH who="0" ten="240,240,240,250" step="2"/><U9/><E9/><V63/><F63/><W8/><G8/><T113/><D113/><U133/><E133/><V119/><F119/><W97/><G120/><T55/><D55/><U103/><E103/><AGARI ba="0,3" hai="10,12,17,20,26,31,41,42,44,51,52,92,96,103" machi="103" ten="30,12000,2" yaku="21,2,7,1,8,1,54,1,53,1" doraHai="33" doraHaiUra="47" who="2" fromWho="1" sc="240,0,240,-120,240,150,250,0" /><INIT seed="1,0,0,0,5,48" ten="240,120,390,250" oya="1" hai0="83,111,23,30,41,134,59,75,18,31,126,27,72" hai1="10,89,43,92,67,15,4,93,21,6,45,84,121" hai2="33,64,119,14,65,56,70,54,109,99,98,17,7" hai3="12,1,78,113,102,68,60,114,58,128,94,117,79"/><U106/><E106/><V100/><F119/><W13/><G68/><T2/><D111/><U28/><E121/><V36/><F109/><W125/><G1/><T76/><D134/><U104/><E104/><V135/><F33/><W24/><G24/><T35/><D126/><U42/><E67/><V115/><F36/><W0/><G0/><T103/><D2/><U127/><E127/><V91/><F7/><W131/><G117/><T52/><D41/><U105/><E105/><V51/><F135/><W11/><G125/><T16/><D103/><U77/><E77/><N who="3" m="29194" /><G94/><T124/><D124/><U29/><E6/><V132/><F70/><W63/><G102/><T130/><D130/><N who="3" m="49705" /><G60/><T49/><REACH who="0" step="1"/><D72/><REACH who="0" ten="230,120,390,250" step="2"/><U71/><E43/><V5/><F132/><W66/><G13/><T38/><D38/><U112/><E112/><V47/><F115/><W34/><G34/><T88/><D88/><U25/><E71/><V120/><F91/><W9/><G9/><T96/><D96/><U87/><E87/><V44/><F99/><W57/><G113/><T110/><D110/><U129/><E129/><V39/><F98/><W26/><G114/><T50/><D50/><N who="1" m="26935" /><E93/><V69/><F120/><W123/><G123/><T108/><D108/><U97/><E97/><V32/><F100/><W80/><G80/><T122/><D122/><U116/><E116/><V73/><F39/><W46/><G11/><T95/><D95/><U22/><E22/><N who="2" m="11575" /><F73/><W81/><G81/><T118/><D118/><U62/><E62/><V74/><F69/><W40/><G63/><T86/><D86/><U82/><E92/><RYUUKYOKU ba="0,1" sc="230,15,120,15,390,-15,250,-15" hai0="16,18,23,27,30,31,35,49,52,59,75,76,83" hai1="4,10,15,21,25,28,29,82,84,89" /><INIT seed="1,1,1,5,2,13" ten="245,135,375,235" oya="1" hai0="121,53,14,118,37,83,43,61,131,86,63,101,80" hai1="48,52,3,65,25,81,127,115,59,58,130,128,71" hai2="124,60,4,92,106,111,27,67,19,68,32,88,135" hai3="20,134,50,66,34,11,16,105,87,132,36,108,64"/><U56/><E3/><V46/><F106/><W10/><G36/><T72/><D118/><U40/><E81/><V113/><F113/><W18/><G34/><T125/><D125/><U51/><E115/><V77/><F124/><W95/><G105/><T22/><D131/><N who="1" m="50219" /><E25/><V117/><F4/><W42/><G108/><T129/><D129/><U23/><E23/><V17/><F111/><W84/><G50/><N who="1" m="18986" /><E40/><V47/><F77/><W73/><G42/><T15/><D121/><U6/><E6/><V102/><F117/><W38/><G38/><T49/><D37/><U26/><E26/><V41/><F102/><W109/><G109/><T39/><D39/><U112/><E112/><V100/><F100/><W89/><G73/><T85/><D43/><U1/><E1/><V30/><F46/><W8/><G20/><T96/><D72/><U21/><E21/><V70/><F47/><W57/><G57/><N who="0" m="32943" /><D101/><U120/><E127/><V114/><F41/><W133/><G87/><N who="0" m="33291" /><D96/><U93/><E120/><V99/><F114/><W116/><G116/><T78/><D78/><U54/><E93/><V98/><F98/><W9/><N who="3" m="2048" /><DORA hai="104" /><W79/><REACH who="3" step="1"/><G79/><REACH who="3" ten="245,135,375,225" step="2"/><T55/><D22/><U97/><E97/><V122/><F32/><W0/><G0/><T62/><D55/><N who="1" m="21035" /><E71/><V33/><F70/><W75/><G75/><T12/><AGARI ba="1,2" hai="12,14,15,61,62,63,80,83" m="33291,32943" machi="12" ten="40,1500,0" yaku="8,1" doraHai="13,104" who="0" fromWho="0" sc="245,38,135,-8,375,-5,225,-5" /><INIT seed="2,0,0,1,5,39" ten="283,127,370,220" oya="2" hai0="64,95,19,104,89,126,21,49,35,8,58,87,100" hai1="6,33,118,108,82,68,25,40,7,135,75,15,0" hai2="109,22,76,46,41,71,20,132,122,88,80,70,91" hai3="90,113,86,10,128,119,13,9,59,18,129,133,26"/><V42/><F122/><W65/><G119/><T134/><D35/><U114/><E68/><V11/><F132/><W53/><G65/><T93/><D134/><U83/><E114/><V37/><F109/><W47/><G26/><T74/><D126/><U63/><E118/><V96/><F22/><W99/><G99/><N who="0" m="59503" /><D74/><U92/><E63/><V85/><F20/><W124/><G124/><T110/><D104/><U43/><E0/><V98/><F70/><W72/><G72/><T117/><D117/><U105/><E105/><V55/><F71/><W84/><G113/><T2/><D2/><U123/><E108/><V111/><F111/><W112/><G112/><T62/><D110/><U78/><E123/><V102/><F11/><W29/><G29/><T61/><D8/><U130/><E130/><N who="3" m="50282" /><G9/><T31/><D61/><U17/><E135/><V120/><F37/><W107/><G107/><T56/><D56/><U81/><E75/><V54/><F46/><W32/><G32/><T77/><D49/><U23/><E33/><V115/><F115/><W36/><G133/><T45/><D45/><U24/><E78/><V28/><F28/><W127/><G127/><T94/><D77/><U27/><REACH who="1" step="1"/><E92/><REACH who="1" ten="283,117,370,220" step="2"/><N who="2" m="58695" /><F120/><W66/><G66/><T125/><D125/><U1/><E1/><V131/><F131/><W34/><G34/><T44/><D44/><U60/><E60/><V103/><F76/><W67/><G67/><T3/><D3/><U52/><E52/><N who="2" m="20011" /><F103/><W106/><G106/><T97/><D62/><U12/><E12/><V4/><F4/><AGARI ba="0,1" hai="4,6,7,15,17,23,24,25,27,40,43,81,82,83" machi="4" ten="40,12000,2" yaku="1,1,8,1,52,2,53,3" doraHai="39" doraHaiUra="79" who="1" fromWho="2" sc="283,0,117,130,370,-120,220,0" /><INIT seed="3,0,0,1,1,88" ten="283,247,250,220" oya="3" hai0="97,14,11,86,129,57,26,65,135,61,73,24,111" hai1="29,87,90,32,39,117,38,30,131,132,68,124,69" hai2="92,77,123,130,70,121,99,15,112,33,35,43,0" hai3="75,49,113,84,36,27,74,50,127,40,100,22,103"/><W6/><G113/><T4/><D73/><U16/><E131/><V2/><F43/><W8/><G36/><T119/><D129/><U56/><E132/><V125/><F130/><W107/><G127/><T81/><D119/><U23/><E32/><N who="2" m="12363" /><F77/><W28/><G84/><T62/><D135/><U17/><E56/><V45/><F70/><W3/><G50/><T67/><D111/><U85/><E90/><V37/><F112/><W133/><G133/><T72/><D72/><U19/><E23/><V9/><F125/><W122/><G122/><N who="2" m="46601" /><F45/><W116/><G116/><T101/><D62/><U80/><E124/><V60/><F60/><W41/><G41/><T114/><D65/><U105/><E117/><V118/><F37/><W52/><G40/><T34/><D34/><U104/><REACH who="1" step="1"/><E19/><REACH who="1" ten="283,237,250,220" step="2"/><N who="2" m="8687" /><F118/><W71/><G71/><T120/><D114/><U128/><E128/><V78/><F78/><W46/><REACH who="3" step="1"/><G100/><AGARI ba="0,1" hai="0,2,92,99,100" m="8687,46601,12363" machi="100" ten="30,2000,0" yaku="13,1,52,1" doraHai="88" who="2" fromWho="3" sc="283,0,237,0,250,30,220,-20" /><INIT seed="4,0,0,1,4,79" ten="283,237,280,200" oya="0" hai0="110,75,58,17,122,66,89,32,39,36,34,53,95" hai1="124,87,109,85,115,18,46,11,21,131,8,14,86" hai2="56,62,70,23,123,134,91,80,52,73,44,1,82" hai3="103,93,20,83,113,88,133,104,42,50,59,74,30"/><T120/><D75/><U67/><E109/><V15/><F1/><W10/><G113/><T19/><D66/><U100/><E131/><V121/><F70/><W12/><G104/><T84/><D110/><U13/><E124/><V29/><F73/><W107/><G107/><T57/><D84/><U92/><E115/><V7/><F134/><W99/><G133/><T37/><D95/><U101/><E67/><V135/><F135/><W114/><G114/><T51/><D89/><U71/><E71/><V45/><F123/><N who="0" m="47146" /><D53/><U77/><E21/><V108/><F108/><W72/><G20/><T76/><D76/><U127/><E127/><V47/><F121/><W16/><G30/><T55/><D55/><U61/><E61/><V129/><F129/><W90/><G59/><N who="0" m="22539" /><D51/><U38/><E92/><V69/><F69/><W68/><G68/><T49/><D49/><U130/><E130/><V48/><F91/><W117/><G117/><T54/><D54/><U65/><E65/><N who="2" m="39111" /><F29/><W63/><G63/><T33/><AGARI ba="0,0" hai="17,19,32,33,34,36,37,39" m="22539,47146" machi="33" ten="50,4800,0" yaku="28,2" doraHai="79" who="0" fromWho="0" sc="283,48,237,-16,280,-16,200,-16" /><INIT seed="4,1,0,4,4,122" ten="331,221,264,184" oya="0" hai0="7,70,134,125,49,31,16,18,78,129,13,14,27" hai1="98,69,50,57,113,110,22,2,121,33,87,17,76" hai2="111,0,116,35,109,37,29,59,133,26,46,48,92" hai3="36,43,80,115,25,64,52,39,102,68,86,63,82"/><T124/><D70/><U117/><E117/><V88/><F0/><W1/><G115/><T30/><D78/><U73/><E121/><V119/><F37/><W66/><G1/><T4/><D49/><U83/><E33/><V91/><F59/><W61/><G102/><T15/><D134/><U74/><E69/><V94/><F133/><W19/><G43/><T103/><D103/><U101/><E2/><V5/><F5/><N who="0" m="2122" /><D129/><U24/><E113/><V106/><F106/><W97/><G97/><T96/><D96/><U105/><REACH who="1" step="1"/><E110/><REACH who="1" ten="331,211,264,184" step="2"/><V132/><F119/><W126/><G68/><T62/><D62/><U99/><E99/><V20/><F35/><W38/><G63/><T120/><D120/><U32/><E32/><V107/><F132/><W58/><G126/><N who="0" m="48747" /><D27/><U34/><E34/><V114/><F116/><W112/><G112/><T71/><D71/><U79/><E79/><V44/><F114/><W108/><G108/><T131/><D131/><U100/><E100/><V128/><F128/><W60/><G60/><T42/><D42/><U40/><E40/><V93/><F26/><W81/><G86/><T12/><D12/><U28/><E28/><AGARI ba="1,1" hai="13,14,15,16,18,28,30,31" m="48747,2122" machi="28" ten="40,18000,2" yaku="28,2,18,1,34,2,54,1" doraHai="122" who="0" fromWho="1" sc="331,193,211,-183,264,0,184,0" /><INIT seed="4,2,0,2,0,102" ten="524,28,264,184" oya="0" hai0="103,124,121,13,96,119,68,27,4,35,57,73,60" hai1="101,105,76,22,20,111,9,117,133,69,25,10,109" hai2="12,86,88,112,134,99,100,81,66,79,28,65,6" hai3="38,113,61,39,14,128,34,77,107,118,126,83,98"/><T33/><D121/><U55/><E76/><V44/><F134/><W108/><G113/><T104/><D119/><U30/><E69/><V50/><F112/><W67/><G108/><T51/><D124/><U1/><E55/><V106/><F28/><W37/><G128/><T49/><D73/><U70/><E70/><V123/><F123/><W114/><G114/><T8/><D68/><U54/><E54/><V130/><F130/><W56/><G126/><T26/><D26/><U91/><E91/><V11/><F79/><W90/><G34/><T42/><D42/><AGARI ba="2,0" hai="6,11,12,42,44,50,65,66,81,86,88,99,100,106" machi="42" ten="30,3900,0" yaku="7,1,52,1,54,1" doraHai="102" who="2" fromWho="0" sc="524,-45,28,0,264,45,184,0" /><INIT seed="5,0,0,1,0,25" ten="479,28,309,184" oya="1" hai0="100,103,117,125,129,31,88,32,26,57,8,112,77" hai1="82,63,99,14,53,95,51,105,41,12,62,42,16" hai2="18,76,43,64,4,67,119,49,72,52,93,133,34" hai3="75,37,126,60,101,131,36,59,24,86,104,58,28"/><U134/><E105/><V108/><F119/><W2/><G75/><T47/><D117/><U23/><E134/><V113/><F108/><W10/><G131/><T40/><D129/><U27/><E82/><V17/><F133/><W56/><G126/><T135/><D125/><U84/><E84/><V127/><F43/><W66/><G86/><T106/><D135/><U35/><E42/><V116/><F4/><W114/><G114/><T97/><D112/><U15/><E35/><V90/><F34/><W89/><G89/><T6/><D77/><U55/><E41/><V50/><F116/><W13/><G2/><T130/><D130/><U74/><E74/><V61/><F72/><W91/><G91/><T128/><D128/><U109/><E109/><V132/><F76/><W115/><G115/><T30/><D88/><N who="1" m="55783" /><E55/><V102/><F102/><W78/><G78/><T70/><D70/><U1/><E1/><V98/><F132/><W9/><G9/><T19/><D103/><U96/><E96/><V111/><F111/><W21/><G101/><T94/><D57/><AGARI ba="0,0" hai="12,14,15,16,23,27,51,53,57,62,63" m="55783" machi="57" ten="30,5800,0" yaku="8,1,54,2" doraHai="25" who="1" fromWho="0" sc="479,-58,28,58,309,0,184,0" /><INIT seed="5,1,0,0,0,27" ten="421,86,309,184" oya="1" hai0="118,71,7,49,44,58,43,11,127,115,54,117,55" hai1="59,135,32,61,79,131,78,128,98,21,1,84,97" hai2="14,35,19,73,81,112,30,29,6,18,69,110,89" hai3="53,95,94,88,67,80,111,8,124,91,28,15,75"/><U46/><E32/><V56/><F69/><W90/><G111/><T116/><D11/><U113/><E1/><V12/><F110/><W65/><G75/><T133/><D7/><U5/><E5/><V87/><F73/><W64/><G80/><T105/><D105/><U108/><E108/><V119/><F6/><N who="3" m="3479" /><G124/><T10/><D10/><U39/><E135/><V26/><F119/><W130/><G130/><N who="1" m="49706" /><E113/><V62/><F112/><W82/><G82/><T16/><D16/><N who="2" m="6186" /><F26/><W68/><G68/><T63/><D115/><U50/><E39/><V100/><F35/><W25/><G53/><N who="0" m="19979" /><D127/><U129/><N who="1" m="49714" /><U37/><DORA hai="121" /><E37/><V3/><F3/><W83/><G83/><T52/><D133/><U51/><E21/><AGARI ba="1,0" hai="21,25,28,64,65,67,88,90,91,94,95" m="3479" machi="21" ten="30,3900,0" yaku="8,1,52,1,54,1" doraHai="27,121" who="3" fromWho="1" sc="421,0,86,-42,309,0,184,42" /><INIT seed="6,0,0,0,5,85" ten="421,44,309,226" oya="2" hai0="33,125,128,23,35,56,38,64,83,106,118,73,11" hai1="66,43,41,88,18,110,60,10,65,133,34,75,21" hai2="28,25,102,26,76,134,44,111,36,68,29,40,19" hai3="104,0,24,49,57,20,2,37,92,109,52,82,12"/><V31/><F111/><W46/><G104/><T4/><D38/><U126/><E110/><V98/><F68/><W69/><G69/><T105/><D128/><U96/><E75/><V1/><F1/><W122/><G122/><T84/><D125/><U135/><E34/><V8/><F76/><W51/><G37/><T22/><D118/><U59/><E10/><V99/><F134/><W93/><G82/><T6/><D73/><U79/><E79/><V5/><F99/><W90/><G12/><T131/><D131/><U48/><E126/><V62/><F19/><W9/><G93/><T30/><D84/><U81/><E66/><V14/><REACH who="2" step="1"/><F62/><REACH who="2" ten="421,44,299,226" step="2"/><W42/><G109/><T27/><D106/><AGARI ba="0,1" hai="5,8,14,25,26,28,29,31,36,40,44,98,102,106" machi="106" ten="40,7700,0" yaku="1,1,2,1,53,1" doraHai="85" doraHaiUra="100" who="2" fromWho="0" sc="421,-77,44,0,299,87,226,0" /><INIT seed="6,1,0,3,1,16" ten="344,44,386,226" oya="2" hai0="42,32,35,78,58,14,48,22,131,97,38,51,29" hai1="69,82,37,104,5,43,2,61,11,110,31,30,27" hai2="84,25,7,50,34,86,122,36,79,132,60,54,90" hai3="67,17,130,57,80,9,133,101,112,129,59,46,72"/><V94/><F122/><W73/><G101/><T40/><D131/><U45/><E31/><V119/><F36/><W20/><G133/><T114/><D38/><U8/><E8/><V74/><F74/><W4/><G46/><T99/><D78/><U98/><E110/><V88/><F119/><W55/><G67/><T76/><D76/><U0/><E82/><V126/><F79/><W62/><G112/><T23/><D29/><U71/><E2/><V52/><F7/><W39/><G80/><T41/><D14/><U95/><E61/><V56/><F132/><W134/><G39/><T118/><D118/><U106/><E95/><N who="2" m="54663" /><F34/><N who="0" m="12842" /><D114/><U13/><E13/><V92/><F126/><W127/><G59/><T128/><D58/><U53/><E53/><V102/><F25/><N who="3" m="14479" /><G127/><T100/><D100/><U113/><E113/><V21/><F102/><W70/><G70/><T28/><D28/><U135/><E135/><V47/><F94/><W77/><G77/><T10/><D10/><U6/><E71/><V103/><F103/><W68/><G68/><T96/><D128/><N who="3" m="49257" /><G134/><T3/><D3/><AGARI ba="1,0" hai="3,4,9,55,57,62,72,73" m="49257,14479" machi="3" ten="30,2000,0" yaku="19,1,52,1" doraHai="16" who="3" fromWho="0" sc="344,-23,44,0,386,0,226,23" /><INIT seed="7,0,0,5,4,31" ten="321,44,386,249" oya="3" hai0="40,45,96,105,23,99,35,14,86,125,122,43,33" hai1="79,0,76,49,98,28,101,13,108,62,36,54,19" hai2="77,124,39,88,115,104,58,93,66,18,4,111,134" hai3="117,38,128,87,53,120,109,72,48,57,7,68,24"/><W135/><G117/><T97/><D122/><U83/><E108/><V75/><F104/><W3/><G120/><T71/><D105/><U12/><E0/><V116/><F111/><W47/><G72/><T52/><D71/><U114/><E114/><V100/><F39/><W20/><G109/><T90/><D125/><U6/><E36/><V81/><F116/><W102/><G68/><T1/><D1/><U50/><E28/><V132/><F100/><W64/><G135/><T9/><D23/><U127/><E127/><V42/><F42/><W121/><G121/><T46/><D43/><U82/><E62/><V129/><F124/><W15/><G3/><T119/><D119/><U37/><E37/><V110/><F110/><W95/><G38/><T67/><D67/><U41/><E41/><V65/><F4/><W133/><G128/><T30/><D30/><U29/><E29/><V56/><F129/><W78/><G78/><T70/><D70/><U44/><E6/><V130/><F130/><W27/><G133/><N who="2" m="51305" /><F18/><N who="3" m="10335" /><G7/><T89/><D40/><U17/><E101/><V103/><F103/><W34/><G34/><T113/><D113/><U11/><E98/><N who="2" m="57639" /><F115/><W5/><G5/><T69/><D69/><U22/><E79/><V85/><F75/><W2/><G2/><T32/><D52/><U16/><E76/><V118/><F118/><W80/><G80/><T107/><D107/><U26/><REACH who="1" step="1"/><E50/><REACH who="1" ten="321,34,386,249" step="2"/><V112/><F112/><W94/><G102/><T84/><D9/><AGARI ba="0,1" hai="9,11,12,13,16,17,19,22,26,44,49,54,82,83" machi="9" ten="30,12000,2" yaku="1,1,2,1,7,1,9,1,8,1,54,1,53,0" doraHai="31" doraHaiUra="106" who="1" fromWho="0" sc="321,-120,34,130,386,0,249,0" owari="201,-20.0,164,-34.0,386,49.0,249,5.0" /></mjloggm>