<mjloggm ver="2.3"><GO type="41" lobby="0"/><UN n0="%E2%93%9D%53%75%70%68%78" n1="%6D%61%6C%61%72%69%79%61" n2="%E5%B0%8F%E7%86%8A%E7%8C%AB" n3="%74%74%66%66%67%67" dan="17,13,14,15" rate="2033.18,1868.42,1955.18,1963.57" sx="M,F,M,M"/><TAIKYOKU oya="0"/><INIT seed="0,0,0,0,4,114" ten="250,250,250,250" oya="0" hai0="103,124,4,44,31,59,39,64,67,115,26,107,48" hai1="101,126,77,119,34,15,69,1,55,56,13,25,84" hai2="36,40,68,104,93,102,38,133,18,42,14,61,91" hai3="41,29,96,33,123,72,127,122,6,60,65,63,130"/><T53/><D115/><U75/><E55/><V118/><F133/><W10/><G72/><T94/><D107/><U98/><E56/><V30/><F30/><W58/><G41/><T62/><D124/><U81/><E84/><V108/><F108/><W32/><G127/><T85/><D4/><U90/><E15/><V135/><F135/><W2/><G130/><T87/><D39/><U47/><E90/><V125/><F125/><W128/><G128/><T27/><D67/><U52/><E13/><V43/><F102/><W66/><G96/><T74/><D74/><U78/><E78/><V21/><F104/><W131/><G131/><T16/><D27/><U19/><E19/><V45/><F118/><W79/><G79/><T20/><D16/><U88/><E88/><V121/><F121/><N who="3" m="46091" /><G29/><T0/><D0/><U12/><E12/><V117/><F117/><W110/><G110/><T9/><D9/><U111/><E52/><V28/><F28/><W97/><G97/><AGARI ba="0,0" hai="20,26,31,44,48,53,59,62,64,85,87,94,97,103" machi="97" ten="40,7700,0" yaku="25,2,8,1" doraHai="114" who="0" fromWho="3" sc="250,77,250,0,250,0,250,-77" /><INIT seed="0,1,0,4,0,47" ten="327,250,250,173" oya="0" hai0="26,95,55,8,28,21,125,59,83,122,50,46,93" hai1="63,119,75,42,19,131,43,113,78,133,45,135,13" hai2="65,15,5,54,134,37,92,108,23,0,117,14,109" hai3="89,29,91,130,127,66,94,106,123,121,64,1,33"/><T2/><D122/><U18/><E78/><V38/><F134/><N who="1" m="51209" /><E75/><V88/><F117/><W124/><G1/><T4/><D125/><N who="3" m="48201" /><G106/><T20/><D83/><U69/><E13/><V72/><F65/><N who="3" m="25195" /><G130/><T86/><D86/><U103/><E103/><V31/><F72/><W111/><G111/><N who="2" m="42569" /><F0/><W102/><G102/><T120/><D120/><N who="3" m="46153" /><G94/><T11/><D11/><U34/><E131/><V67/><F67/><W3/><G3/><T85/><D85/><U115/><E34/><V52/><F5/><W30/><G33/><T84/><D84/><U82/><E119/><V129/><F129/><W77/><G77/><T79/><D79/><U114/><E82/><V126/><F126/><W101/><G101/><T99/><D99/><U32/><E32/><V17/><F14/><W74/><G74/><T6/><D6/><U100/><E100/><V68/><F31/><AGARI ba="1,0" hai="29,30,31,89,91" m="46153,25195,48201" machi="31" ten="40,8000,1" yaku="28,2,18,1,13,1" doraHai="47" who="3" fromWho="2" sc="327,0,250,0,250,-83,173,83" /><INIT seed="1,0,0,0,1,19" ten="327,250,167,256" oya="1" hai0="121,77,61,29,53,59,10,93,16,31,118,133,32" hai1="116,86,127,114,3,126,63,119,73,101,21,79,97" hai2="83,74,115,100,25,44,22,82,1,71,45,42,112" hai3="67,129,13,20,124,81,36,109,70,27,105,132,14"/><U111/><E21/><V106/><F1/><W68/><G36/><T80/><D118/><N who="1" m="45099" /><E63/><V0/><F0/><W12/><G105/><T48/><D133/><U134/><E3/><V125/><F71/><W6/><G132/><T17/><D121/><U51/><E51/><V28/><F44/><W15/><G70/><T49/><D32/><U91/><E134/><V113/><F74/><W26/><G26/><T52/><D93/><N who="1" m="54519" /><E114/><V122/><F122/><W23/><G68/><T128/><D128/><U40/><E40/><V96/><REACH who="2" step="1"/><F125/><REACH who="2" ten="327,250,157,256" step="2"/><W57/><G124/><T66/><D59/><U108/><E73/><V55/><F55/><W135/><G129/><T18/><D53/><U76/><E126/><V90/><F90/><W87/><G135/><T47/><D52/><U35/><E127/><V98/><F98/><W50/><G67/><T33/><D66/><U56/><E56/><V131/><F131/><W94/><G57/><T46/><D46/><U123/><E123/><V92/><F92/><W120/><G94/><T130/><D47/><U102/><E97/><V5/><F5/><W58/><G120/><T43/><D130/><U7/><E7/><V65/><F65/><W30/><G6/><T60/><D43/><U88/><E88/><V99/><F99/><W39/><G39/><AGARI ba="0,1" hai="22,25,28,39,42,45,82,83,96,100,106,112,113,115" machi="39" ten="40,5200,0" yaku="1,1,11,1,52,1,53,0" doraHai="19" doraHaiUra="9" who="2" fromWho="3" sc="327,0,250,0,157,62,256,-52" /><INIT seed="2,0,0,2,2,28" ten="327,250,219,204" oya="2" hai0="99,65,77,34,54,96,89,13,91,102,50,97,19" hai1="109,21,16,11,67,117,80,133,108,59,87,20,94" hai2="84,68,44,79,10,130,55,57,134,27,106,14,33" hai3="2,72,49,70,74,122,52,53,29,40,62,104,93"/><V125/><F68/><W90/><G104/><T17/><D34/><U56/><E133/><V124/><F134/><W24/><G2/><T35/><D35/><U41/><E117/><V92/><F106/><W73/><G122/><T135/><D77/><U113/><E113/><V45/><F130/><W9/><G9/><T1/><D1/><U78/><E41/><V123/><F123/><W88/><G90/><T63/><D19/><U4/><E94/><V8/><F45/><W0/><G0/><T126/><D126/><U81/><E81/><V95/><F44/><W39/><G39/><T61/><D102/><U119/><E67/><V110/><F110/><N who="1" m="42601" /><E119/><V86/><F79/><W25/><G25/><T98/><D65/><U115/><E115/><V101/><F101/><W129/><G129/><T26/><D26/><N who="1" m="14599" /><E21/><V118/><F118/><W83/><G83/><T132/><D132/><U51/><E51/><V43/><F43/><W48/><G40/><T18/><D50/><U23/><E23/><V71/><F33/><W5/><G48/><T114/><D114/><U69/><E69/><V22/><F22/><W105/><G105/><T47/><D135/><U66/><E66/><V32/><F32/><W7/><G70/><T120/><D120/><U75/><E75/><V6/><F71/><W37/><G24/><T46/><D63/><U64/><E64/><V107/><F27/><W112/><G112/><T60/><D60/><U128/><E128/><V36/><F107/><W85/><G37/><T76/><D61/><U82/><E82/><V100/><F36/><W127/><G62/><RYUUKYOKU ba="0,0" sc="327,-10,250,30,219,-10,204,-10" hai1="4,11,56,59,78,80,87" /><INIT seed="3,1,0,0,3,128" ten="317,280,209,194" oya="3" hai0="14,7,95,50,34,18,47,100,99,91,1,48,61" hai1="119,4,82,122,115,123,117,67,106,42,70,68,65" hai2="81,53,52,11,96,3,130,116,105,101,12,58,88" hai3="90,75,71,19,46,133,80,76,44,94,74,124,114"/><W126/><G71/><N who="1" m="27178" /><E106/><V57/><F130/><W131/><G131/><T22/><D34/><U120/><E82/><V59/><F116/><N who="1" m="44617" /><E4/><V56/><F3/><W55/><G114/><T5/><D61/><U112/><E42/><V16/><N who="2" m="14336" /><DORA hai="113" /><V40/><REACH who="2" step="1"/><F40/><REACH who="2" ten="317,280,199,194" step="2"/><W49/><G46/><T69/><D47/><U86/><E86/><AGARI ba="1,1" hai="11,12,16,52,53,81,86,88,96,101,105" m="14336" machi="86" ten="50,8000,1" yaku="1,1,2,1,54,3,53,0" doraHai="128,113" doraHaiUra="39,43" who="2" fromWho="1" sc="317,0,280,-83,199,93,194,0" /><INIT seed="4,0,0,2,2,26" ten="317,197,292,194" oya="0" hai0="86,34,122,88,38,37,92,42,110,46,31,62,9" hai1="118,79,82,12,48,64,108,56,130,127,128,10,2" hai2="8,54,125,124,76,99,83,24,69,97,22,0,35" hai3="131,18,126,70,66,107,96,47,123,77,116,67,100"/><T59/><D122/><U1/><E118/><V3/><F35/><W7/><G116/><T55/><D110/><U109/><E48/><V98/><F54/><W33/><G123/><T90/><D9/><U6/><E56/><V20/><F69/><W94/><G7/><T44/><D90/><U72/><E64/><V4/><F0/><W112/><G112/><T43/><D34/><U74/><E127/><V29/><REACH who="2" step="1"/><F22/><REACH who="2" ten="317,197,282,194" step="2"/><W103/><G126/><T16/><D31/><U102/><E102/><V60/><F60/><W105/><G70/><T11/><D11/><U53/><E53/><V13/><F13/><W89/><G33/><T63/><D16/><U17/><E74/><AGARI ba="0,1" hai="3,4,8,20,24,29,74,76,83,97,98,99,124,125" machi="74" ten="40,2600,0" yaku="1,1,52,1,53,0" doraHai="26" doraHaiUra="80" who="2" fromWho="1" sc="317,0,197,-26,282,36,194,0" /><INIT seed="5,0,0,1,1,90" ten="317,171,318,194" oya="1" hai0="92,81,125,36,3,46,85,48,66,99,19,102,135" hai1="62,70,116,27,107,105,14,59,91,87,60,49,33" hai2="110,26,22,114,119,64,72,0,124,10,42,89,71" hai3="120,79,100,78,122,20,13,111,83,31,133,38,134"/><U24/><E116/><V57/><F110/><W44/><G100/><T123/><D3/><U55/><E33/><V50/><F72/><W41/><G111/><T34/><D36/><U52/><E14/><V130/><F130/><W108/><G108/><T84/><D135/><U88/><E87/><V129/><F124/><W8/><G20/><T5/><D5/><U32/><E32/><V132/><F114/><W80/><G31/><T43/><D123/><U109/><E49/><V56/><F132/><W47/><G47/><T11/><D66/><U23/><E23/><V45/><F129/><W75/><G133/><T9/><D125/><U112/><E112/><V16/><F119/><W35/><G35/><T7/><D34/><U96/><E96/><V76/><F76/><W126/><G126/><T106/><D106/><U15/><E15/><V93/><F64/><W95/><G134/><T86/><D7/><U21/><E21/><V101/><F101/><W12/><G12/><N who="0" m="7567" /><D11/><U118/><E118/><V4/><F71/><W98/><G78/><AGARI ba="0,0" hai="43,46,48,78,81,84,85,86,92,99,102" m="7567" machi="78" ten="30,2000,0" yaku="8,1,52,1" doraHai="90" who="0" fromWho="3" sc="317,20,171,0,318,0,194,-20" /><INIT seed="6,0,0,3,4,55" ten="337,171,318,174" oya="2" hai0="84,123,81,15,29,27,60,62,77,118,85,119,106" hai1="17,53,130,12,131,49,111,39,18,6,132,112,20" hai2="76,38,59,50,124,52,45,3,89,40,70,36,95" hai3="8,19,105,129,133,107,30,64,31,82,120,91,88"/><V9/><F124/><W83/><G120/><T25/><D123/><U65/><E39/><V7/><F70/><W58/><G129/><N who="1" m="49162" /><E65/><V73/><F76/><W94/><G133/><T34/><D106/><U32/><E53/><V44/><F73/><W1/><G1/><T74/><D15/><N who="1" m="9279" /><E49/><V10/><F10/><W13/><G107/><T98/><D98/><U69/><E69/><V37/><REACH who="2" step="1"/><F44/><REACH who="2" ten="337,171,308,174" step="2"/><W121/><G121/><T90/><D74/><U122/><E122/><V2/><F2/><W116/><G116/><T43/><D119/><U14/><E111/><V21/><F21/><W117/><G117/><T54/><D118/><U93/><E112/><V97/><AGARI ba="0,1" hai="3,7,9,36,37,38,40,45,50,52,59,89,95,97" machi="97" ten="20,18000,2" yaku="1,1,0,1,7,1,52,1,54,1,53,1" doraHai="55" doraHaiUra="42" who="2" fromWho="2" sc="337,-60,171,-60,308,190,174,-60" /><INIT seed="6,1,0,3,0,23" ten="277,111,498,114" oya="2" hai0="104,122,121,49,129,82,55,5,35,102,92,103,36" hai1="80,24,31,48,61,105,111,37,77,130,94,128,71" hai2="114,43,11,14,15,109,120,116,64,18,115,53,72" hai3="29,78,41,67,113,47,22,91,75,97,21,33,19"/><V32/><F72/><W89/><G33/><T98/><D129/><N who="1" m="49771" /><E105/><V63/><F32/><W110/><G110/><T42/><D42/><U132/><E111/><V93/><F109/><W30/><G67/><T60/><D5/><U124/><E124/><V25/><F120/><W1/><G1/><T51/><D82/><U112/><E112/><V26/><F116/><W9/><G113/><N who="2" m="43017" /><F43/><W88/><G97/><T79/><D98/><U100/><E132/><V54/><F93/><W59/><G59/><T34/><D92/><U17/><E17/><N who="2" m="8415" /><F53/><W38/><G78/><T135/><D79/><U13/><E13/><V69/><F54/><W119/><G75/><T74/><D74/><N who="1" m="43063" /><E37/><V62/><F62/><W70/><G70/><T65/><D36/><U20/><E48/><V0/><F0/><W131/><G119/><T12/><D51/><U27/><E94/><V8/><AGARI ba="1,0" hai="8,15,18,25,26,63,64,69" m="8415,43017" machi="8" ten="30,6000,0" yaku="15,1,52,2" doraHai="23" who="2" fromWho="2" sc="277,-21,111,-21,498,63,114,-21" /><INIT seed="6,2,0,1,2,97" ten="256,90,561,93" oya="2" hai0="62,129,38,24,90,52,131,123,0,103,17,107,126" hai1="31,49,95,3,14,124,71,35,101,98,13,18,1" hai2="25,23,69,9,26,45,19,51,68,96,48,65,27" hai3="110,12,58,87,85,41,106,47,122,130,80,53,111"/><V44/><F9/><W54/><G122/><T114/><D126/><U99/><E71/><V120/><F120/><W7/><G130/><T84/><D114/><U93/><E124/><V121/><F121/><W89/><G106/><T70/><D0/><U88/><E14/><V63/><F69/><W102/><G53/><T11/><D38/><U134/><E134/><V64/><F64/><W112/><G112/><T61/><D107/><U34/><E35/><V21/><F96/><W36/><G85/><T22/><D103/><U92/><E92/><V117/><F117/><W8/><G102/><T86/><D86/><U76/><E76/><V113/><F113/><W78/><G89/><T50/><D11/><U66/><E66/><V81/><F81/><W6/><G6/><T15/><D24/><U29/><E34/><V4/><F4/><W55/><G55/><T37/><D37/><U79/><E79/><V105/><F105/><W83/><G83/><N who="0" m="49439" /><D70/><U33/><E33/><V133/><F133/><W60/><AGARI ba="2,0" hai="7,8,12,36,41,47,54,58,60,78,80,87,110,111" machi="60" ten="20,1500,0" yaku="0,1,7,1" doraHai="97" who="3" fromWho="3" sc="256,-6,90,-6,561,-9,93,21" /><INIT seed="7,0,0,1,1,124" ten="250,84,552,114" oya="3" hai0="122,113,114,76,123,40,80,119,131,75,102,50,110" hai1="42,108,68,43,54,22,10,2,72,104,25,106,62" hai2="115,14,71,133,100,81,90,52,41,30,88,126,47" hai3="64,53,9,15,91,27,51,93,7,111,67,77,128"/><W85/><G111/><T82/><D40/><U24/><E54/><V99/><F71/><W48/><G77/><T6/><D50/><U89/><E62/><V8/><F30/><W45/><G128/><T69/><D6/><U34/><E22/><V21/><F21/><W94/><G94/><T130/><D69/><U5/><E108/><V31/><F31/><W105/><G105/><T55/><D55/><U26/><E34/><V37/><F115/><N who="0" m="44042" /><D119/><U46/><E68/><V66/><F81/><W109/><G109/><T92/><D82/><U19/><E89/><V29/><F90/><W120/><G120/><N who="0" m="46123" /><D110/><U86/><E86/><V61/><F88/><W16/><G51/><T3/><D3/><U20/><E43/><V23/><F99/><AGARI ba="0,0" hai="75,76,80,92,99,102,130,131" m="46123,44042" machi="99" ten="40,12000,2" yaku="15,1,11,1,34,2,52,2" doraHai="124" who="0" fromWho="2" sc="250,120,84,0,552,-120,114,0" owari="370,17.0,84,-42.0,432,54.0,114,-29.0" /></mjloggm>