<mjloggm ver="2.3"><GO type="41" lobby="0"/><UN n0="%E3%81%AE%E3%82%89%E3%81%BC%E3%81%86" n1="%39%32%34%37%38%35%36%31" n2="%E2%93%9D%53%75%70%68%78" n3="%E3%81%95%E3%82%89%E3%81%9B%E3%81%99%E3%81%84%E3%81%A1%E3%82%85%E3%81%AA" dan="14,14,17,14" rate="1913.28,1925.98,2084.99,1974.09" sx="M,M,M,M"/><TAIKYOKU oya="0"/><INIT seed="0,0,0,4,3,8" ten="250,250,250,250" oya="0" hai0="51,94,34,54,91,75,95,132,105,113,82,92,55" hai1="31,17,66,44,46,107,116,67,1,76,70,11,79" hai2="38,78,129,127,6,60,114,36,104,120,27,135,123" hai3="2,0,18,33,112,99,109,50,69,81,43,7,130"/><T72/><D34/><U122/><E107/><V98/><F78/><W121/><G69/><T106/><D113/><U29/><E116/><V77/><F77/><W37/><G33/><T57/><D132/><U45/><E122/><V85/><F129/><W26/><G37/><T49/><D106/><U90/><E1/><V52/><F127/><W35/><G81/><T41/><D41/><U32/><E70/><V19/><F6/><W84/><G84/><T9/><D105/><U30/><E32/><V101/><F114/><W102/><G50/><T133/><D133/><U59/><E90/><V115/><F115/><W63/><G63/><T10/><D75/><U119/><E119/><V73/><F73/><W13/><G7/><T12/><D72/><U16/><E59/><V128/><F128/><W58/><G58/><T124/><D124/><U93/><E93/><V126/><F126/><W62/><G0/><T22/><D22/><U108/><E108/><V64/><F135/><W23/><G2/><T96/><D82/><U47/><N who="1" m="11264" /><DORA hai="40" /><U20/><E11/><V88/><F38/><W89/><G109/><T80/><D80/><U39/><E39/><V21/><F36/><W97/><G35/><T25/><D25/><N who="1" m="14471" /><E17/><V86/><F123/><W53/><G18/><N who="0" m="8463" /><D10/><U42/><E42/><V14/><F120/><W110/><G43/><T100/><D91/><U65/><AGARI ba="0,0" hai="29,30,31,65,66,67,76,79" m="14471,11264" machi="65" ten="50,16000,3" yaku="29,2,8,1,52,4,54,1" doraHai="8,40" who="1" fromWho="1" sc="250,-80,250,160,250,-40,250,-40" /><INIT seed="1,0,0,3,1,63" ten="170,410,210,210" oya="1" hai0="12,53,32,135,111,85,5,121,28,27,10,55,59" hai1="7,91,25,78,99,117,123,129,51,13,81,20,131" hai2="43,17,89,41,126,100,69,127,49,33,45,24,83" hai3="60,34,66,40,84,61,112,124,44,110,88,30,118"/><U39/><E39/><V56/><F100/><W97/><G112/><T48/><D121/><U87/><E117/><V73/><F69/><W21/><G110/><T57/><D111/><U82/><E123/><V23/><F33/><W26/><G124/><N who="2" m="47657" /><F56/><W115/><G115/><T107/><D135/><U128/><E51/><V52/><F89/><W132/><G132/><T3/><D107/><U125/><E125/><V65/><F65/><W47/><G118/><T130/><D130/><U96/><E13/><V80/><F80/><W4/><G4/><T29/><D29/><U31/><REACH who="1" step="1"/><E7/><REACH who="1" ten="170,400,210,210" step="2"/><V92/><F43/><W0/><G0/><T93/><D3/><U37/><E37/><V116/><F41/><W62/><G40/><T95/><REACH who="0" step="1"/><D85/><AGARI ba="0,1" hai="20,25,31,78,81,82,85,87,91,96,99,128,129,131" machi="85" ten="40,3900,0" yaku="1,1,19,1,53,0" doraHai="63" doraHaiUra="120" who="1" fromWho="0" sc="170,-39,400,49,210,0,210,0" /><INIT seed="1,1,0,2,0,9" ten="131,449,210,210" oya="1" hai0="54,65,77,92,18,48,86,110,97,4,108,24,61" hai1="123,14,94,122,5,106,117,121,131,15,60,73,102" hai2="25,31,76,33,114,103,30,58,11,12,37,78,8" hai3="66,98,133,62,36,125,23,74,135,90,104,27,6"/><U120/><E117/><V57/><F37/><W132/><G36/><T53/><D4/><U82/><E106/><V39/><F39/><W34/><G74/><T68/><D77/><U84/><E73/><V17/><F114/><W42/><G42/><T45/><D86/><U116/><E116/><V26/><F103/><W49/><G125/><T112/><D112/><U134/><E5/><V19/><F33/><W47/><G6/><T124/><D124/><U52/><E131/><V113/><F113/><W109/><G109/><T87/><D87/><U75/><E134/><V96/><F96/><W81/><G34/><T35/><D54/><U119/><E119/><V0/><F0/><W50/><G47/><T80/><D80/><U22/><E75/><V70/><F70/><W91/><G104/><T40/><D40/><U46/><E22/><V115/><F115/><W89/><G81/><T10/><D10/><U126/><E126/><V83/><F83/><W20/><G98/><T85/><D85/><U79/><N who="1" m="30720" /><DORA hai="2" /><U51/><REACH who="1" step="1"/><E60/><REACH who="1" ten="131,439,210,210" step="2"/><V128/><F128/><W13/><G20/><T7/><D7/><U21/><E21/><V59/><F11/><W72/><G72/><T3/><D110/><U16/><E16/><V93/><F19/><N who="3" m="10735" /><G27/><T1/><D108/><U64/><E64/><V28/><F26/><W118/><G118/><T111/><D111/><U127/><E127/><V88/><F25/><W32/><G32/><T129/><D129/><U105/><E105/><V56/><N who="2" m="14848" /><DORA hai="44" /><V100/><F17/><W29/><G29/><N who="0" m="19879" /><D18/><U43/><E43/><V130/><F31/><RYUUKYOKU ba="1,1" sc="131,10,439,10,210,-30,210,10" hai0="1,3,45,48,53,61,65,68,92,97" hai1="14,15,46,51,52,79,82,84,94,102" hai3="49,50,62,66,89,90,91,132,133,135" /><INIT seed="1,2,1,5,5,56" ten="141,449,180,220" oya="1" hai0="91,10,71,114,96,26,1,15,3,30,107,133,47" hai1="29,77,34,135,13,103,113,131,52,14,60,123,109" hai2="85,53,28,87,39,42,40,38,116,63,130,101,0" hai3="12,110,89,23,32,100,57,97,120,98,2,18,73"/><U83/><E113/><V66/><F0/><W93/><G110/><T55/><D114/><U104/><E123/><V112/><F28/><W6/><G120/><T76/><D133/><U127/><E135/><V22/><F101/><W24/><G73/><T20/><D71/><U118/><E118/><V72/><F22/><W62/><G2/><T58/><D76/><U9/><E131/><V16/><F72/><W4/><G32/><T17/><D47/><U105/><E127/><V19/><F53/><W86/><G12/><T21/><D10/><U80/><E109/><V11/><F11/><W43/><G43/><T45/><D45/><U44/><E13/><V111/><F111/><W117/><G117/><T64/><D64/><U54/><E54/><V79/><F66/><W115/><G115/><T88/><D91/><U50/><E103/><V61/><F112/><W121/><G121/><T84/><D107/><U126/><E126/><V82/><F116/><W99/><REACH who="3" step="1"/><G100/><REACH who="3" ten="141,449,180,210" step="2"/><T7/><D7/><U65/><E34/><V46/><F130/><W134/><G134/><T49/><REACH who="0" step="1"/><D96/><REACH who="0" ten="131,449,180,210" step="2"/><U36/><E9/><V74/><F42/><W25/><G25/><T68/><D68/><U59/><E14/><V128/><F128/><W31/><G31/><T41/><D41/><N who="1" m="22567" /><E29/><V95/><F40/><W124/><G124/><T70/><D70/><N who="1" m="42279" /><E77/><V78/><F74/><W81/><G81/><AGARI ba="2,3" hai="1,3,15,17,20,21,26,30,49,55,58,81,84,88" machi="81" ten="30,3900,0" yaku="1,1,7,1,54,1,53,0" doraHai="56" doraHaiUra="119" who="0" fromWho="3" sc="131,75,449,0,180,0,210,-45" /><AGARI ba="2,0" hai="50,52,59,80,81,83,104,105" m="42279,22567" machi="81" ten="30,5800,0" yaku="24,1,52,1,54,1" doraHai="56" who="1" fromWho="3" sc="206,0,449,58,180,0,165,-58" /><INIT seed="1,3,0,0,2,5" ten="206,507,180,107" oya="1" hai0="64,82,134,67,2,88,89,125,54,24,86,111,25" hai1="35,31,95,0,28,98,100,118,84,22,11,69,115" hai2="8,32,49,93,107,10,78,21,52,60,16,120,106" hai3="110,135,37,62,124,81,15,17,103,59,33,127,63"/><U75/><E75/><V34/><F120/><W122/><G37/><T48/><D111/><U40/><E115/><V130/><F130/><W70/><G122/><T117/><D117/><U123/><E69/><V20/><F78/><W36/><G36/><T56/><D134/><U14/><E0/><V46/><F107/><W116/><G33/><T80/><D125/><U129/><E35/><V101/><F106/><W132/><G103/><T61/><D2/><U77/><E129/><V30/><F34/><W90/><G70/><T128/><D128/><U104/><E118/><V73/><F73/><W68/><G68/><T44/><D64/><U4/><E40/><V39/><F32/><W72/><G110/><T126/><REACH who="0" step="1"/><D126/><REACH who="0" ten="196,507,180,107" step="2"/><U23/><E123/><V29/><F39/><W74/><G116/><T94/><D94/><U65/><E95/><V87/><F60/><W66/><G124/><T97/><D97/><U58/><E98/><N who="2" m="59599" /><F87/><AGARI ba="3,1" hai="24,25,44,48,54,56,61,67,80,82,86,87,88,89" machi="87" ten="40,8000,1" yaku="1,1,9,1,8,1,54,1,53,0" doraHai="5" doraHaiUra="13" who="0" fromWho="2" sc="196,99,507,0,180,-89,107,0" /><INIT seed="2,0,0,1,4,8" ten="295,507,91,107" oya="2" hai0="77,37,31,119,99,15,92,50,107,87,19,91,10" hai1="110,16,130,100,86,14,135,48,21,29,80,97,1" hai2="39,133,25,103,79,75,13,68,108,74,41,66,36" hai3="35,106,59,84,45,5,49,56,63,65,121,81,78"/><V61/><F133/><W70/><G121/><T101/><D119/><U113/><E110/><V71/><F108/><W73/><G106/><T88/><D37/><U0/><E113/><V7/><F103/><W12/><G35/><T26/><D77/><U34/><E130/><V24/><F79/><W116/><G73/><T128/><D128/><U67/><E67/><V43/><F7/><W126/><G126/><T132/><D132/><U6/><E29/><V4/><F4/><W122/><G122/><T72/><D72/><U89/><E34/><V105/><F66/><W55/><G116/><T58/><D107/><U17/><E6/><V115/><F105/><W23/><G23/><N who="0" m="15839" /><D87/><U102/><E135/><V95/><F61/><W134/><G134/><T120/><D120/><U76/><E48/><V123/><F123/><W32/><G32/><T44/><D58/><U27/><E76/><V2/><F95/><W114/><G114/><T40/><AGARI ba="0,0" hai="10,15,19,40,44,50,88,91,92,99,101" m="15839" machi="40" ten="30,4000,0" yaku="8,1,52,1,54,1" doraHai="8" who="0" fromWho="0" sc="295,40,507,-10,91,-20,107,-10" /><INIT seed="3,0,0,5,3,1" ten="335,497,71,97" oya="3" hai0="129,52,80,67,76,94,87,71,9,100,15,28,35" hai1="102,12,50,98,25,109,18,104,131,6,84,59,135" hai2="3,10,57,48,130,29,101,33,58,110,79,60,81" hai3="16,61,83,132,49,66,88,99,127,64,56,27,90"/><W19/><G127/><T122/><D122/><U41/><E109/><V37/><F37/><W86/><G132/><T4/><D129/><U114/><E114/><V43/><F130/><W116/><G116/><T34/><D71/><U95/><E135/><V8/><F101/><W119/><G119/><T45/><D67/><U26/><E104/><V38/><F38/><W5/><G5/><T107/><D107/><U120/><E120/><V47/><F110/><W68/><G27/><T73/><D28/><U118/><E118/><V75/><F58/><W55/><G66/><T126/><D126/><U54/><E41/><V113/><F113/><W117/><G117/><T91/><REACH who="0" step="1"/><D100/><REACH who="0" ten="325,497,71,97" step="2"/><U115/><E131/><V72/><F29/><W85/><REACH who="3" step="1"/><G99/><REACH who="3" ten="325,497,71,87" step="2"/><T22/><D22/><U105/><E115/><V134/><F134/><W92/><AGARI ba="0,2" hai="16,19,49,55,56,61,64,68,83,85,86,88,90,92" machi="92" ten="20,18000,2" yaku="1,1,2,1,0,1,7,1,54,2,53,0" doraHai="1" doraHaiUra="125" who="3" fromWho="3" sc="325,-60,497,-60,71,-60,87,200" /><INIT seed="3,1,0,2,3,117" ten="265,437,11,287" oya="3" hai0="93,32,86,95,29,111,89,23,18,91,26,103,5" hai1="17,135,22,97,20,31,13,63,74,132,80,50,113" hai2="87,83,36,123,73,71,133,114,42,109,116,68,121" hai3="25,21,15,115,107,61,78,118,38,12,57,3,51"/><W60/><G118/><T88/><D111/><U90/><E113/><V127/><RYUUKYOKU type="yao9" ba="1,0" sc="265,0,437,0,11,0,287,0" hai2="36,42,68,71,73,83,87,109,114,116,121,123,127,133" /><INIT seed="3,2,0,2,5,9" ten="265,437,11,287" oya="3" hai0="33,89,11,65,70,111,32,113,47,117,6,62,52" hai1="120,15,126,5,44,129,14,104,79,99,97,13,64" hai2="134,86,135,92,102,69,101,83,34,48,96,60,42" hai3="25,110,131,98,20,108,0,63,49,95,90,109,84"/><W28/><G0/><T4/><D117/><U43/><E120/><V66/><F34/><W105/><G131/><T57/><D111/><U23/><E126/><V61/><F102/><W93/><G105/><T133/><D133/><U80/><E64/><V10/><F61/><W41/><G63/><T40/><D113/><U77/><E77/><V125/><F125/><W53/><G41/><T30/><D30/><U22/><E129/><V72/><F72/><W85/><REACH who="3" step="1"/><G95/><REACH who="3" ten="265,437,11,277" step="2"/><T106/><D106/><U7/><E104/><V58/><F42/><W26/><G26/><T130/><D130/><U1/><E1/><V29/><F135/><W71/><G71/><T24/><D24/><U127/><E127/><V74/><F69/><W103/><G103/><T123/><D123/><U115/><E43/><V78/><F134/><W116/><G116/><T128/><D128/><U39/><E115/><V88/><F48/><W45/><AGARI ba="2,1" hai="20,25,28,45,49,53,84,85,90,93,98,108,109,110" machi="45" ten="30,12000,1" yaku="1,1,0,1,14,1,10,1,53,1" doraHai="9" doraHaiUra="94" who="3" fromWho="3" sc="265,-42,437,-42,11,-42,277,136" owari="223,-18.0,395,20.0,-31,-53.0,413,51.0" /></mjloggm>