<mjloggm ver="2.3"><GO type="41" lobby="0"/><UN n0="%E3%81%BB%E3%82%8A%E3%81%82%E3%81%9F%E3%82%8B" n1="%E3%81%BB%E3%81%B0%E3%81%A6%E3%81%83" n2="%E6%84%9F%E5%8B%95%E3%81%AE%E3%83%BC%E3%81%A8%E2%99%AA" n3="%E2%93%9D%53%75%70%68%78" dan="15,14,15,18" rate="1921.81,1997.27,1967.52,2144.51" sx="F,M,M,M"/><TAIKYOKU oya="0"/><INIT seed="0,0,0,0,3,56" ten="250,250,250,250" oya="0" hai0="131,17,21,50,101,15,88,35,129,91,30,108,71" hai1="111,133,61,6,65,38,109,47,10,116,3,115,41" hai2="16,68,26,39,19,118,11,112,23,27,63,52,134" hai3="98,12,37,67,83,42,94,124,57,51,127,125,34"/><T89/><D71/><N who="1" m="42415" /><E116/><V107/><F112/><W75/><G34/><T77/><D77/><U32/><E115/><V76/><F118/><W122/><G122/><T4/><D4/><U102/><E102/><V0/><F134/><W95/><G37/><T123/><D123/><U121/><E121/><V92/><F107/><W8/><G42/><T104/><D30/><U126/><E32/><V114/><F39/><W13/><G83/><T7/><D7/><U84/><E84/><V36/><F36/><W25/><G25/><T105/><D35/><U14/><E14/><V72/><F114/><W100/><G75/><T64/><D101/><U74/><E74/><V99/><F0/><W117/><G117/><T5/><D5/><U128/><E128/><N who="0" m="49225" /><D108/><N who="1" m="41547" /><E126/><V70/><F76/><W45/><G100/><T132/><D132/><AGARI ba="0,0" hai="3,6,10,38,41,47,132,133" m="41547,42415" machi="132" ten="30,3900,0" yaku="14,1,23,1,52,1" doraHai="56" who="1" fromWho="0" sc="250,-39,250,39,250,0,250,0" /><INIT seed="1,0,0,1,1,82" ten="211,289,250,250" oya="1" hai0="19,90,43,100,118,94,108,99,20,55,116,91,86" hai1="71,4,73,104,134,123,109,111,1,95,81,70,101" hai2="6,89,13,113,128,75,38,26,3,74,127,131,107" hai3="10,31,130,72,14,51,62,0,96,15,39,129,36"/><U66/><E123/><V133/><F3/><W37/><G72/><T50/><D108/><N who="1" m="41547" /><E134/><V35/><F113/><W64/><G31/><T27/><D43/><U17/><E104/><V112/><F112/><W34/><G34/><T65/><D65/><U121/><E121/><V7/><F133/><W12/><G51/><T47/><REACH who="0" step="1"/><D91/><REACH who="0" ten="201,289,250,250" step="2"/><U18/><E66/><V135/><F89/><W5/><REACH who="3" step="1"/><G96/><REACH who="3" ten="201,289,250,240" step="2"/><T105/><AGARI ba="0,2" hai="19,20,27,47,50,55,86,90,94,99,100,105,116,118" machi="105" ten="20,8000,1" yaku="1,1,2,1,0,1,7,1,52,1,53,0" doraHai="82" doraHaiUra="9" who="0" fromWho="0" sc="201,100,289,-40,250,-20,240,-20" /><INIT seed="2,0,0,1,2,13" ten="301,249,230,220" oya="2" hai0="77,127,76,132,38,108,37,112,79,73,90,111,12" hai1="96,33,47,70,94,45,91,63,125,117,3,25,62" hai2="69,103,78,134,109,129,92,64,48,95,83,17,4" hai3="57,11,31,135,46,0,80,101,21,99,114,9,61"/><V93/><F129/><W32/><G32/><T10/><D112/><U120/><E117/><V72/><F134/><W66/><G114/><T113/><D113/><U106/><E125/><V100/><F109/><N who="0" m="42058" /><D132/><U87/><E3/><V27/><F4/><W105/><G135/><T52/><D127/><U89/><E120/><V121/><F121/><W5/><G11/><T2/><D2/><U51/><E70/><V30/><F48/><W23/><G31/><T35/><D35/><U67/><E67/><V54/><F54/><W98/><G98/><T110/><D73/><U56/><E56/><V130/><F130/><W68/><G68/><T60/><D90/><U29/><E47/><V39/><F39/><W133/><G133/><T18/><N who="0" m="42066" /><T43/><DORA hai="53" /><D43/><U14/><E14/><V75/><F72/><W118/><G118/><T8/><D8/><U1/><E106/><V122/><F122/><W74/><REACH who="3" step="1"/><G46/><REACH who="3" ten="301,249,230,210" step="2"/><T131/><D131/><U22/><E33/><V84/><F30/><W88/><G88/><T81/><D81/><U26/><E1/><V6/><F83/><W123/><G123/><T20/><D10/><U119/><E119/><V41/><F69/><W115/><G115/><T97/><D97/><U16/><E91/><V116/><F116/><W42/><G42/><T19/><D38/><U71/><E71/><V36/><F41/><W15/><G15/><T34/><D37/><U82/><E82/><V107/><F36/><W58/><G58/><N who="0" m="34887" /><D34/><N who="1" m="20783" /><E96/><V24/><F103/><W55/><G55/><T128/><D128/><U28/><E28/><V7/><F100/><RYUUKYOKU ba="0,1" sc="301,10,249,10,230,-30,210,10" hai0="12,18,19,20,76,77,79" hai1="16,22,26,45,51,62,63,87,89,94" hai3="0,5,9,21,23,57,61,66,74,80,99,101,105" /><INIT seed="3,1,1,5,2,78" ten="311,259,200,220" oya="3" hai0="35,81,26,97,101,126,103,80,58,65,107,20,2" hai1="77,48,60,108,70,1,63,92,33,110,13,22,16" hai2="86,129,79,18,25,14,130,59,7,88,75,61,32" hai3="27,76,121,42,55,72,106,40,8,94,62,124,6"/><W30/><G106/><T50/><D2/><U68/><E33/><V85/><F7/><W67/><G121/><T127/><D103/><U73/><E1/><V0/><F0/><W12/><G124/><N who="0" m="47659" /><D35/><U98/><E48/><V9/><F75/><W11/><G55/><N who="0" m="32119" /><D65/><U41/><E41/><V64/><F79/><W49/><G11/><T38/><D38/><U82/><E70/><V17/><F86/><W10/><G10/><T43/><D43/><U71/><E71/><V90/><F90/><W96/><G49/><T44/><D44/><U23/><E68/><V69/><F69/><W116/><G116/><T93/><D107/><U87/><E73/><V104/><F104/><W95/><G95/><T117/><D117/><U51/><E51/><V66/><F66/><W109/><G67/><T122/><D122/><U31/><E31/><AGARI ba="1,1" hai="20,26,31,80,81,93,97,101" m="32119,47659" machi="31" ten="30,3900,0" yaku="18,1,52,2" doraHai="78" who="0" fromWho="1" sc="311,52,259,-42,200,0,220,0" /><INIT seed="4,0,0,1,3,27" ten="363,217,200,220" oya="0" hai0="17,0,44,25,122,88,37,90,81,16,85,6,86" hai1="28,24,124,96,39,71,102,66,36,107,104,92,14" hai2="101,18,93,126,35,5,118,106,48,131,89,50,98" hai3="84,65,59,13,125,49,12,54,11,20,97,30,115"/><T127/><D122/><U40/><E124/><V67/><F126/><W60/><G115/><T79/><D127/><U41/><E39/><V10/><F131/><W23/><G125/><T73/><D6/><U56/><E71/><V119/><F67/><W134/><G134/><T110/><D0/><U31/><E36/><V112/><F112/><W8/><G97/><T103/><D103/><U75/><E75/><V116/><F18/><W53/><G84/><T1/><D1/><U72/><E72/><V55/><F35/><W58/><G65/><T80/><D25/><U114/><E114/><V74/><F74/><W42/><G42/><T15/><D110/><U123/><E123/><V108/><F55/><W21/><REACH who="3" step="1"/><G30/><REACH who="3" ten="363,217,200,210" step="2"/><T32/><D86/><U83/><E66/><V87/><REACH who="2" step="1"/><F108/><REACH who="2" ten="363,217,190,210" step="2"/><W33/><G33/><T99/><D32/><U19/><E19/><V34/><F34/><W22/><N who="3" m="5120" /><DORA hai="94" /><W3/><G3/><AGARI ba="0,2" hai="3,5,10,48,50,87,89,93,98,101,106,116,118,119" machi="3" ten="40,8000,1" yaku="1,1,12,1,52,1,53,1" doraHai="27,94" doraHaiUra="4,77" who="2" fromWho="3" sc="363,0,217,0,190,100,210,-80" /><INIT seed="5,0,0,1,4,49" ten="363,217,290,130" oya="1" hai0="48,135,0,74,51,68,94,71,78,119,70,27,67" hai1="108,116,4,103,13,10,44,112,117,7,6,118,84" hai2="83,16,26,95,120,128,41,42,66,9,102,85,87" hai3="59,81,22,97,111,32,110,47,19,25,124,29,5"/><U90/><E112/><V45/><F120/><W92/><G124/><T38/><D0/><U31/><E108/><V55/><F128/><W61/><G5/><T91/><D38/><U8/><E103/><V28/><F66/><W79/><G47/><T46/><D67/><U113/><E113/><V58/><F9/><W131/><G131/><T76/><D74/><U24/><E44/><V122/><F16/><W2/><G2/><T130/><D130/><U53/><E53/><V37/><F42/><W36/><G36/><T35/><D46/><U50/><E50/><V18/><F18/><W72/><G32/><T80/><D71/><U93/><REACH who="1" step="1"/><E8/><REACH who="1" ten="363,207,290,130" step="2"/><V3/><F55/><W12/><G111/><T126/><D51/><U33/><AGARI ba="0,1" hai="4,6,7,10,13,24,31,33,84,90,93,116,117,118" machi="33" ten="30,6000,0" yaku="1,1,2,1,0,1,53,0" doraHai="49" doraHaiUra="56" who="1" fromWho="1" sc="363,-20,207,70,290,-20,130,-20" /><INIT seed="5,1,0,4,2,91" ten="343,277,270,110" oya="1" hai0="3,108,7,84,94,21,9,12,0,129,16,128,115" hai1="47,54,35,45,111,90,79,41,27,81,20,29,119" hai2="61,50,112,62,110,74,80,58,48,109,75,107,6" hai3="86,118,11,56,69,51,77,4,23,114,70,67,32"/><U96/><E119/><V104/><F6/><W63/><G32/><T33/><D115/><U40/><E111/><V120/><F112/><W126/><G114/><T15/><D108/><U71/><E71/><V134/><F80/><W98/><G126/><T64/><D64/><U95/><E35/><V39/><F58/><W1/><G118/><T22/><D33/><U49/><REACH who="1" step="1"/><E45/><REACH who="1" ten="343,267,270,110" step="2"/><V117/><F117/><W28/><G70/><T17/><D0/><U55/><E55/><V52/><F52/><W106/><G69/><T31/><D31/><U78/><E78/><V66/><F110/><W92/><G77/><T101/><D3/><U132/><E132/><V65/><F134/><W18/><G28/><T72/><D129/><U26/><E26/><V14/><F109/><W73/><G67/><T59/><D128/><U135/><E135/><V100/><F66/><W93/><G1/><T133/><D133/><U87/><AGARI ba="1,1" hai="20,27,29,40,41,47,49,54,79,81,87,90,95,96" machi="87" ten="20,12000,1" yaku="1,1,0,1,7,1,8,1,52,1,53,0" doraHai="91" doraHaiUra="10" who="1" fromWho="1" sc="343,-41,267,133,270,-41,110,-41" /><INIT seed="5,2,0,1,1,59" ten="302,400,229,69" oya="1" hai0="60,17,29,124,20,11,4,105,63,42,57,22,25" hai1="126,18,38,81,71,56,134,10,76,119,55,26,53" hai2="19,111,77,31,117,37,96,92,86,98,72,122,125" hai3="101,39,97,62,46,21,73,118,88,93,61,82,40"/><U99/><E119/><V3/><F111/><W48/><G118/><T49/><D105/><U87/><E71/><V33/><F122/><W50/><G39/><T85/><D124/><U133/><E126/><V121/><F121/><W116/><G116/><T43/><D85/><U44/><E99/><V120/><F120/><W90/><G73/><T28/><D28/><U109/><E109/><V68/><F72/><W89/><G82/><T114/><D114/><U129/><E129/><V34/><F3/><W52/><REACH who="3" step="1"/><G21/><REACH who="3" ten="302,400,229,59" step="2"/><T131/><D22/><N who="1" m="13655" /><E38/><V115/><F37/><W8/><G8/><T15/><D131/><U106/><E10/><V107/><F117/><W128/><G128/><T0/><D0/><U113/><E81/><V45/><F115/><W58/><AGARI ba="2,1" hai="40,46,48,50,52,58,61,62,88,89,90,93,97,101" machi="58" ten="30,12000,2" yaku="1,1,0,1,8,1,52,2,54,2,53,0" doraHai="59" doraHaiUra="30" who="3" fromWho="3" sc="302,-32,400,-62,229,-32,59,136" /><INIT seed="6,0,0,4,2,115" ten="270,338,197,195" oya="2" hai0="92,75,4,44,59,66,27,117,57,77,85,9,56" hai1="76,80,99,89,0,52,26,33,113,5,41,74,6" hai2="16,95,55,37,126,36,88,107,28,119,69,38,64" hai3="103,79,42,63,86,53,40,29,67,70,45,13,8"/><V19/><F107/><W21/><G103/><T62/><D75/><U123/><E123/><V10/><F119/><W91/><G79/><T100/><D117/><U17/><E41/><V12/><F126/><W129/><G129/><T133/><D133/><U94/><E0/><V43/><F28/><W98/><G98/><T121/><D121/><U14/><E113/><V124/><F124/><W120/><G120/><T84/><D44/><U71/><E71/><V97/><F55/><W73/><G73/><T87/><D27/><U22/><E33/><V78/><F78/><W135/><G135/><T1/><REACH who="0" step="1"/><D77/><REACH who="0" ten="260,338,197,195" step="2"/><U20/><E52/><V132/><F132/><W125/><G125/><T34/><D34/><U46/><E46/><V32/><F32/><W106/><G53/><T127/><D127/><U104/><E104/><V15/><F43/><W30/><G106/><T58/><D58/><U93/><E93/><V111/><F111/><W108/><G108/><T122/><D122/><U109/><E109/><V102/><F69/><W112/><G112/><T50/><D50/><U128/><E128/><V47/><F47/><W105/><G105/><T68/><D68/><U23/><E74/><V131/><F131/><W65/><G42/><T3/><D3/><U51/><E51/><V25/><F25/><W54/><G40/><T11/><D11/><U48/><E48/><V83/><F64/><W130/><G67/><T60/><D60/><U35/><E26/><V82/><REACH who="2" step="1"/><F102/><REACH who="2" ten="260,338,187,195" step="2"/><W110/><G130/><T101/><D101/><U2/><E35/><V81/><F81/><N who="3" m="49615" /><G110/><T134/><D134/><RYUUKYOKU ba="0,2" sc="260,15,338,-15,187,15,195,-15" hai0="1,4,9,56,57,59,62,66,84,85,87,92,100" hai2="10,12,15,16,19,36,37,38,82,83,88,95,97" /><INIT seed="6,1,2,4,2,86" ten="275,323,202,180" oya="2" hai0="77,39,120,99,122,53,35,83,14,27,15,6,30" hai1="52,4,134,48,23,9,96,25,89,87,75,34,102" hai2="126,59,72,12,113,37,13,10,49,19,85,123,128" hai3="92,133,29,16,97,26,100,117,20,79,8,56,68"/><V135/><F123/><W47/><G68/><T5/><D39/><U130/><E134/><V38/><F72/><W36/><G117/><T121/><D99/><U125/><E130/><V71/><F71/><W108/><G133/><T22/><D53/><U118/><E125/><V76/><F135/><W45/><G108/><T58/><D58/><U124/><E124/><V119/><F119/><W61/><G36/><T81/><D77/><U55/><E34/><V69/><F69/><W2/><G79/><T0/><D83/><U11/><E75/><V101/><F128/><W24/><G2/><T17/><D81/><U51/><E4/><N who="0" m="1641" /><D15/><U103/><E96/><V73/><F73/><W43/><G43/><T66/><D66/><U62/><E62/><V54/><F101/><N who="1" m="38409" /><E55/><V46/><F126/><W57/><G57/><T95/><D95/><N who="1" m="54719" /><E51/><V88/><F76/><W44/><G8/><T110/><D110/><U18/><E118/><V65/><F12/><W3/><G3/><AGARI ba="1,2" hai="0,3,14,17,22,27,30,35,120,121,122" m="1641" machi="3" ten="40,2600,0" yaku="34,2" doraHai="86" who="0" fromWho="3" sc="275,49,323,0,202,0,180,-29" /><INIT seed="7,0,0,3,2,1" ten="324,323,202,151" oya="3" hai0="84,52,132,23,13,16,100,117,39,71,40,115,24" hai1="119,59,110,63,93,53,31,131,32,103,135,79,56" hai2="128,68,37,77,109,57,47,125,55,48,111,86,126" hai3="64,96,29,95,27,5,35,62,87,101,92,133,80"/><W3/><G133/><T89/><D71/><U38/><E110/><V99/><F128/><W49/><G49/><T28/><D117/><U122/><E122/><V14/><F68/><W42/><G42/><T105/><D100/><U11/><E135/><V65/><F99/><W17/><G17/><T130/><D105/><U91/><E38/><V26/><F26/><W0/><G95/><T67/><D67/><U4/><E103/><V58/><F14/><W129/><G129/><T33/><D130/><U78/><E59/><N who="2" m="22539" /><F65/><W15/><G64/><T108/><D108/><U46/><E46/><V98/><F98/><W10/><REACH who="3" step="1"/><G62/><REACH who="3" ten="324,323,202,141" step="2"/><T20/><D40/><U107/><E131/><V74/><F37/><W94/><G94/><T90/><D39/><U61/><E61/><V51/><F51/><W30/><G30/><T21/><D132/><U9/><E119/><V72/><F111/><W82/><G82/><T123/><D28/><U36/><E36/><V120/><F109/><W112/><G112/><T22/><D115/><U34/><E31/><V76/><F120/><W75/><G75/><T69/><D123/><U45/><E63/><V54/><F48/><W25/><G25/><T121/><D24/><U127/><E93/><V124/><F74/><W8/><G8/><T70/><D121/><U114/><E11/><V83/><F72/><W81/><G81/><T12/><D16/><U116/><E9/><V88/><F83/><W102/><G102/><T66/><D66/><U6/><E116/><V104/><F126/><W18/><G18/><T134/><N who="0" m="5120" /><DORA hai="106" /><T43/><D134/><RYUUKYOKU ba="0,1" sc="324,-10,323,-10,202,-10,141,30" hai3="0,3,5,10,15,27,29,35,80,87,92,96,101" /><INIT seed="7,1,1,3,5,23" ten="314,313,192,171" oya="3" hai0="12,133,94,125,61,83,117,5,81,123,16,122,103" hai1="45,90,38,87,72,59,109,42,4,132,86,52,39" hai2="60,107,8,47,27,68,20,128,1,25,106,92,89" hai3="131,96,76,3,13,71,64,108,62,135,67,102,74"/><W28/><G3/><T22/><D117/><U56/><E109/><V58/><F68/><W124/><G108/><T84/><D5/><U111/><E111/><V105/><F128/><W93/><G131/><T88/><D133/><U69/><E72/><V14/><F1/><W70/><G135/><T10/><D125/><U33/><E69/><V31/><F47/><W66/><G124/><T17/><D61/><U120/><E120/><V26/><F14/><W15/><G28/><T110/><D110/><U54/><E4/><V98/><REACH who="2" step="1"/><F8/><REACH who="2" ten="314,313,182,171" step="2"/><W121/><G121/><T36/><D123/><U46/><E132/><V91/><F91/><W115/><G115/><T21/><D10/><U78/><E90/><V40/><F40/><W35/><G35/><T112/><D12/><U53/><E42/><V37/><F37/><W2/><G2/><T65/><D36/><U32/><E53/><AGARI ba="1,2" hai="20,25,26,27,31,53,58,60,89,92,98,105,106,107" machi="53" ten="40,8000,1" yaku="1,1,52,3,53,0" doraHai="23" doraHaiUra="29" who="2" fromWho="1" sc="314,0,313,-83,182,103,171,0" owari="314,41.0,230,-17.0,285,9.0,171,-33.0" /></mjloggm>