<mjloggm ver="2.3"><GO type="41" lobby="0"/><UN n0="%4A%4A%53" n1="%E3%81%8D%E3%81%95%E3%82%89%E3%81%8E%E9%A7%85" n2="%E3%83%9E%E3%83%AA%E3%83%83%E3%82%B5%E3%82%AF%E3%83%BC%E3%83%91%E3%83%BC" n3="%E2%93%9D%53%75%70%68%78" dan="14,14,14,17" rate="1941.49,1907.40,2000.58,2078.81" sx="M,M,M,M"/><TAIKYOKU oya="0"/><INIT seed="0,0,0,0,3,135" ten="250,250,250,250" oya="0" hai0="55,120,45,65,87,72,12,9,95,19,123,133,98" hai1="64,107,2,35,127,119,1,54,41,77,33,17,49" hai2="73,88,132,125,118,100,108,114,18,129,63,128,15" hai3="24,27,46,76,103,79,57,32,59,130,66,4,26"/><T53/><D72/><U93/><E107/><V38/><F114/><W22/><G32/><T7/><D133/><U68/><E35/><V71/><F132/><W67/><G4/><T0/><D65/><N who="3" m="24585" /><G46/><T29/><D29/><U34/><E34/><V58/><F71/><W70/><G130/><N who="2" m="50281" /><F108/><W104/><G104/><T36/><D87/><U8/><E33/><V50/><F118/><W85/><G103/><T80/><D80/><U115/><E2/><V39/><F100/><W81/><G70/><T62/><D62/><U31/><E68/><V96/><F73/><W44/><G44/><T86/><D36/><U124/><E64/><N who="2" m="39031" /><F39/><W47/><G47/><T11/><D86/><U28/><E119/><V83/><F38/><W116/><G116/><T30/><D45/><N who="1" m="27951" /><E41/><V90/><F50/><W117/><G117/><T52/><REACH who="0" step="1"/><D30/><REACH who="0" ten="240,250,250,250" step="2"/><U23/><E31/><V105/><F83/><W89/><G57/><T14/><D14/><U134/><E28/><V3/><F3/><W21/><G59/><T43/><D43/><U25/><E134/><V106/><F96/><W20/><AGARI ba="0,1" hai="20,21,22,24,26,27,76,79,81,85,89" m="24585" machi="20" ten="40,1500,0" yaku="8,1" doraHai="135" who="3" fromWho="3" sc="240,-7,250,-4,250,-4,250,25" /><INIT seed="1,0,0,1,2,30" ten="233,246,246,275" oya="1" hai0="89,125,57,14,44,2,8,70,129,22,9,11,124" hai1="114,26,55,64,54,112,50,90,86,103,127,68,45" hai2="28,91,130,94,4,49,35,25,6,63,123,81,51" hai3="41,135,134,98,117,32,77,101,66,53,10,105,82"/><U115/><E127/><V88/><F123/><W17/><G41/><T62/><D2/><U39/><E39/><V36/><F130/><W75/><G66/><T52/><D129/><U67/><E103/><V120/><F120/><W12/><G117/><T1/><D1/><U58/><E68/><V33/><F36/><W13/><G53/><T23/><D70/><U71/><E26/><V29/><F63/><W100/><G100/><T19/><D125/><U131/><E71/><V31/><F81/><W87/><G32/><N who="2" m="12361" /><F94/><W92/><G12/><T47/><D124/><U107/><E107/><V48/><F25/><W18/><G18/><T61/><D61/><U121/><E121/><V40/><F40/><W59/><G59/><T7/><D89/><AGARI ba="0,0" hai="4,6,28,29,31,48,49,51,88,89,91" m="12361" machi="89" ten="40,12000,2" yaku="28,2,52,3,54,1" doraHai="30" who="2" fromWho="0" sc="233,-120,246,0,246,120,275,0" /><AGARI ba="0,0" hai="10,13,17,75,77,82,87,89,92,98,101,105,134,135" machi="89" ten="40,2600,0" yaku="24,2" doraHai="30" who="3" fromWho="0" sc="113,-26,246,0,366,0,275,26" /><INIT seed="2,0,0,3,1,74" ten="87,246,366,301" oya="2" hai0="87,68,106,99,92,112,79,93,63,75,47,66,62" hai1="135,88,13,3,49,103,16,17,21,132,104,86,102" hai2="121,127,91,43,41,69,7,19,110,5,8,94,100" hai3="126,51,9,65,33,70,53,48,24,1,125,36,34"/><V28/><F121/><W2/><G36/><T123/><D112/><U10/><E104/><V118/><F118/><W77/><G65/><T56/><D123/><U115/><E115/><V78/><F127/><N who="3" m="48651" /><G70/><T40/><D75/><U129/><E129/><V0/><F110/><W85/><G24/><T12/><D106/><U58/><E3/><N who="3" m="1034" /><G9/><T31/><D31/><U80/><E135/><V25/><F69/><W20/><G20/><T54/><D99/><U83/><E83/><V76/><F7/><W61/><G61/><T26/><D26/><N who="1" m="14639" /><E132/><V11/><F100/><W27/><G27/><T30/><D30/><U57/><E57/><V46/><F19/><W95/><G95/><T98/><D98/><U89/><E89/><V59/><F11/><W37/><G37/><T105/><D105/><U50/><E50/><N who="3" m="18986" /><G53/><AGARI ba="0,0" hai="10,13,16,49,53,58,80,86,88,102,103" m="14639" machi="53" ten="30,3900,0" yaku="8,1,54,2" doraHai="74" who="1" fromWho="3" sc="87,0,246,39,366,0,301,-39" /><INIT seed="3,0,0,5,1,71" ten="87,285,366,262" oya="3" hai0="42,103,34,47,60,0,97,11,76,106,89,114,21" hai1="92,124,65,64,29,74,59,131,15,113,57,20,12" hai2="67,101,82,3,14,86,63,54,16,58,90,121,26" hai3="91,83,27,132,66,24,35,38,23,1,115,43,53"/><W68/><G115/><T25/><D34/><U7/><E74/><V75/><F121/><W128/><G1/><T78/><D89/><U46/><E113/><V39/><F3/><W30/><G128/><T13/><D60/><U5/><E131/><V99/><F39/><W44/><G132/><T61/><D61/><U108/><E124/><V134/><F134/><W80/><G66/><T55/><D55/><U117/><E117/><V93/><F75/><W17/><G68/><T32/><D32/><U126/><E126/><V98/><F26/><W51/><REACH who="3" step="1"/><G91/><REACH who="3" ten="87,285,366,252" step="2"/><T45/><D0/><U100/><E65/><V69/><F69/><W56/><AGARI ba="0,1" hai="17,23,24,27,30,35,38,43,44,51,53,56,80,83" machi="56" ten="20,12000,1" yaku="1,1,2,1,0,1,7,1,52,1,53,0" doraHai="71" doraHaiUra="127" who="3" fromWho="3" sc="87,-40,285,-40,366,-40,252,130" /><INIT seed="3,1,0,3,2,65" ten="47,245,326,382" oya="3" hai0="111,36,129,61,109,52,49,120,2,18,82,71,80" hai1="90,68,101,105,25,53,13,74,104,58,128,62,42" hai2="121,130,21,11,116,85,135,32,97,77,1,102,95" hai3="19,133,134,96,73,114,83,57,86,60,46,115,31"/><W118/><G31/><T50/><D36/><U8/><E128/><V103/><F116/><W10/><G73/><T29/><D2/><U64/><E74/><V78/><F130/><W131/><G131/><T34/><D129/><U14/><E101/><V22/><F135/><N who="3" m="51723" /><G96/><T91/><D120/><U63/><E42/><V0/><F121/><W47/><G19/><T35/><D18/><U59/><E25/><V20/><F32/><W41/><G10/><T43/><D43/><U54/><E90/><V55/><F55/><N who="3" m="33855" /><G118/><T23/><D23/><U24/><E24/><V5/><F0/><W81/><G46/><T92/><D29/><U125/><E125/><V117/><F117/><W100/><G100/><T37/><D37/><U15/><REACH who="1" step="1"/><E8/><REACH who="1" ten="47,235,326,382" step="2"/><V98/><REACH who="2" step="1"/><F85/><REACH who="2" ten="47,235,316,382" step="2"/><W126/><G86/><T40/><D40/><U6/><E6/><V106/><AGARI ba="1,2" hai="1,5,11,20,21,22,77,78,95,97,98,102,103,106" machi="106" ten="30,4000,0" yaku="1,1,2,1,0,1,53,0" doraHai="65" doraHaiUra="48" who="2" fromWho="2" sc="47,-11,235,-11,316,63,382,-21" /><INIT seed="4,0,0,5,2,130" ten="36,224,379,361" oya="0" hai0="54,40,18,91,52,42,118,41,23,58,95,110,93" hai1="51,27,126,17,103,114,131,3,19,31,33,135,101" hai2="46,61,50,99,20,92,4,35,109,44,69,9,11" hai3="106,82,10,100,107,63,81,86,123,122,0,88,59"/><T62/><D110/><U25/><E131/><V60/><F109/><W76/><G0/><T113/><D113/><U83/><E126/><V96/><F35/><W57/><G10/><T72/><D72/><U79/><E3/><V48/><F20/><W108/><G59/><T53/><D118/><U112/><E51/><V77/><F77/><W89/><G108/><T73/><D73/><U132/><E103/><V70/><F92/><W84/><G57/><T30/><D30/><N who="1" m="19663" /><E101/><V85/><F4/><W80/><G63/><T102/><D102/><U38/><E38/><V104/><REACH who="2" step="1"/><F85/><REACH who="2" ten="36,224,369,361" step="2"/><N who="3" m="50215" /><G100/><T71/><D95/><U68/><E79/><V116/><F116/><W21/><G21/><T2/><D2/><U121/><E121/><AGARI ba="0,1" hai="76,81,82,84,86,89,106,107,121,122,123" m="50215" machi="121" ten="30,7700,0" yaku="13,1,34,2,54,1" doraHai="130" who="3" fromWho="1" sc="36,0,224,-77,369,0,361,87" /><INIT seed="5,0,0,5,3,28" ten="36,147,369,448" oya="1" hai0="115,78,46,30,98,40,130,62,47,126,113,76,91" hai1="33,37,124,22,27,31,38,118,59,66,107,4,133" hai2="50,58,89,93,61,3,122,87,6,135,67,10,32" hai3="2,82,36,131,95,109,52,51,111,92,102,48,104"/><U49/><E107/><V128/><F135/><W0/><G82/><T35/><D62/><U21/><E118/><V123/><F128/><W129/><G104/><T85/><D98/><U26/><E33/><V110/><F110/><W56/><G36/><T13/><D13/><U116/><E116/><V127/><F127/><W94/><G102/><T39/><D47/><U117/><E117/><V54/><REACH who="2" step="1"/><F32/><REACH who="2" ten="36,147,359,448" step="2"/><W53/><G109/><T97/><D126/><U86/><E124/><V25/><F25/><W8/><G111/><T69/><D130/><N who="3" m="49673" /><G8/><T45/><D115/><U42/><E133/><V83/><F83/><W68/><G68/><AGARI ba="0,1" hai="3,6,10,50,54,58,61,67,68,87,89,93,122,123" machi="68" ten="30,2000,0" yaku="1,1,7,1,53,0" doraHai="28" doraHaiUra="72" who="2" fromWho="3" sc="36,0,147,0,359,30,448,-20" /><INIT seed="6,0,0,5,0,47" ten="36,147,389,428" oya="2" hai0="129,2,0,11,122,30,91,82,93,84,75,59,40" hai1="10,105,110,76,108,70,132,12,61,85,6,125,33" hai2="64,95,78,113,23,68,123,26,111,104,77,81,49" hai3="121,80,45,88,35,1,48,65,96,112,56,15,31"/><V87/><F123/><W102/><G1/><T90/><D129/><U79/><E125/><V101/><F113/><W18/><G35/><T54/><D30/><U83/><E132/><V69/><F111/><W16/><G31/><T100/><D100/><U128/><E128/><V60/><F104/><W127/><G121/><T55/><D55/><U99/><E33/><V117/><F117/><W118/><G127/><T73/><D122/><U58/><E70/><V115/><F115/><W53/><G118/><T8/><D40/><U50/><E76/><V62/><F77/><W74/><G74/><T66/><D66/><U4/><E4/><V86/><F49/><W131/><G131/><T27/><D75/><U36/><E36/><V126/><F126/><W20/><G18/><T114/><D27/><U5/><E5/><V52/><F52/><W135/><G135/><T130/><D130/><U97/><E105/><V89/><F101/><W92/><G112/><T24/><D24/><U3/><E3/><V14/><F14/><W120/><G120/><T94/><D0/><U103/><E103/><V37/><F37/><W13/><G13/><T57/><D2/><U38/><E38/><V41/><F41/><W17/><G17/><T9/><D114/><U46/><E108/><V67/><REACH who="2" step="1"/><F26/><REACH who="2" ten="36,147,379,428" step="2"/><W116/><G116/><T34/><D54/><N who="1" m="34007" /><E110/><V7/><F7/><W22/><G102/><T133/><D133/><U98/><E50/><V106/><F106/><W39/><G39/><T72/><D72/><U109/><E109/><V29/><F29/><W119/><G119/><T19/><D73/><RYUUKYOKU ba="0,1" sc="36,-15,147,15,379,15,428,-15" hai1="6,10,12,46,79,83,85,97,98,99" hai2="23,60,62,64,67,68,69,78,81,86,87,89,95" /><INIT seed="6,1,1,0,5,27" ten="21,162,394,413" oya="2" hai0="79,58,44,77,15,13,89,28,22,33,118,3,122" hai1="75,62,83,81,42,97,52,134,126,110,54,96,98" hai2="67,128,7,36,24,104,25,71,64,20,95,130,114" hai3="2,4,43,76,73,9,105,59,57,11,127,10,129"/><V65/><F114/><W135/><G105/><T29/><D3/><U35/><E110/><V132/><F132/><W112/><G135/><T116/><D33/><U39/><E134/><V5/><F104/><W30/><G129/><N who="2" m="49769" /><F36/><W107/><G127/><T49/><D58/><U66/><E35/><V99/><F71/><W100/><G43/><T84/><D122/><U63/><E75/><V94/><F25/><W111/><G111/><T14/><D22/><U23/><E39/><V117/><F117/><W108/><G108/><T47/><D89/><U90/><E42/><V82/><F82/><W18/><G107/><T121/><D84/><U85/><E81/><V109/><F109/><W113/><G73/><T21/><D21/><U19/><E126/><V0/><F0/><W125/><G2/><T88/><D88/><U26/><REACH who="1" step="1"/><E63/><REACH who="1" ten="21,152,394,413" step="2"/><V68/><F68/><AGARI ba="1,2" hai="19,23,26,52,54,62,66,68,83,85,90,96,97,98" machi="68" ten="40,5200,0" yaku="1,1,2,1,54,1,53,0" doraHai="27" doraHaiUra="34" who="1" fromWho="2" sc="21,0,152,75,394,-55,413,0" /><INIT seed="7,0,0,4,3,24" ten="21,227,339,413" oya="3" hai0="78,20,71,36,97,1,48,109,62,19,108,13,117" hai1="42,68,83,28,115,120,15,46,74,32,47,103,80" hai2="25,23,101,31,126,44,56,95,85,22,114,104,9" hai3="132,81,105,12,43,37,112,125,6,0,135,30,89"/><W38/><G112/><T91/><D36/><U4/><E115/><V130/><F114/><W50/><G125/><T134/><D117/><U79/><E120/><V106/><F126/><W55/><G105/><T116/><D1/><U73/><E68/><V121/><F130/><W29/><G0/><T60/><D116/><U111/><E111/><V61/><F121/><W124/><G124/><T8/><D134/><N who="3" m="51241" /><G43/><T76/><D71/><U11/><E103/><V94/><F9/><N who="3" m="4151" /><G89/><T123/><D123/><U122/><E122/><V98/><F44/><N who="3" m="28103" /><G81/><T129/><D129/><U26/><REACH who="1" step="1"/><E42/><REACH who="1" ten="21,217,339,413" step="2"/><V49/><F49/><W72/><G72/><T133/><D109/><U35/><E35/><V87/><F106/><W39/><AGARI ba="0,1" hai="29,30,37,38,39" m="28103,4151,51241" machi="39" ten="40,7800,0" yaku="20,1,52,2" doraHai="24" who="3" fromWho="3" sc="21,-26,217,-26,339,-26,413,88" owari="-5,-51.0,191,-21.0,313,11.0,501,61.0" /></mjloggm>