<mjloggm ver="2.3"><GO type="41" lobby="0"/><UN n0="%E3%81%9D%E3%82%88%E9%A2%A8%E3%81%AE%E5%BE%AE%E7%AC%91%E3%81%BF" n1="%E7%90%86%E7%94%B1%E3%81%A8%E4%BA%BA%E6%A0%BC" n2="%E2%93%9D%53%75%70%68%78" n3="%E6%9C%AA%E5%8B%9D%E5%88%A9%E5%B0%82" dan="15,13,17,14" rate="2015.91,1831.53,2085.48,1971.19" sx="M,M,M,M"/><TAIKYOKU oya="0"/><INIT seed="0,0,0,5,1,20" ten="250,250,250,250" oya="0" hai0="115,48,104,14,68,40,33,85,135,37,12,122,63" hai1="88,17,95,107,4,83,87,77,3,118,65,126,19" hai2="76,79,21,78,58,109,52,113,67,89,44,134,62" hai3="110,129,24,11,45,128,82,27,16,123,97,51,34"/><T101/><D122/><U39/><E118/><V7/><F113/><W1/><G110/><T92/><D115/><U120/><E120/><V114/><F114/><W25/><G123/><T61/><D37/><U99/><E39/><V50/><F109/><W70/><G70/><T23/><D33/><U47/><E126/><V80/><F134/><W111/><G111/><T9/><D68/><U60/><E47/><V102/><F102/><W35/><G97/><T74/><D74/><U119/><E119/><V105/><F105/><W93/><G93/><T64/><D104/><U127/><E127/><V32/><F32/><W72/><G82/><T55/><D64/><U38/><E38/><V84/><F21/><W5/><G72/><T36/><D40/><U103/><E4/><AGARI ba="0,0" hai="4,7,44,50,52,58,62,67,76,78,79,80,84,89" machi="4" ten="40,2600,0" yaku="8,1,54,1" doraHai="20" who="2" fromWho="1" sc="250,0,250,-26,250,26,250,0" /><INIT seed="1,0,0,5,3,93" ten="250,224,276,250" oya="1" hai0="6,70,97,76,22,20,126,82,9,87,3,43,24" hai1="118,48,58,101,18,52,15,23,34,65,40,95,96" hai2="128,88,111,51,41,81,127,42,60,80,83,63,67" hai3="71,73,68,30,1,130,104,11,109,106,17,16,64"/><U2/><E118/><V49/><F111/><W26/><G109/><T120/><D70/><U114/><E114/><V27/><F128/><W79/><G130/><T125/><D120/><U116/><E116/><V131/><F131/><W129/><G71/><T134/><D43/><N who="2" m="16394" /><F27/><W13/><G1/><T98/><D134/><U29/><E2/><V103/><F103/><W5/><G73/><T94/><D94/><U122/><E122/><V57/><F127/><N who="0" m="48650" /><D22/><U33/><E29/><AGARI ba="0,0" hai="3,6,9,20,24,29,76,82,87,97,98" m="48650" machi="29" ten="30,3900,0" yaku="18,1,52,2" doraHai="93" who="0" fromWho="1" sc="250,39,224,-39,276,0,250,0" /><INIT seed="2,0,0,0,4,103" ten="289,185,276,250" oya="2" hai0="51,84,121,35,22,47,131,124,46,53,108,92,64" hai1="19,28,132,77,114,36,80,79,73,120,109,11,96" hai2="95,17,3,71,106,89,39,1,94,74,86,2,40" hai3="31,6,99,7,50,21,75,125,34,105,81,13,26"/><V56/><F71/><W41/><G75/><T14/><D35/><U128/><E114/><V9/><F74/><W134/><G134/><T102/><D121/><U133/><E36/><V127/><F127/><W38/><G38/><T43/><D124/><U68/><E68/><V61/><F40/><W130/><G81/><T4/><D108/><U113/><E113/><V129/><F129/><W57/><G130/><T126/><D131/><U5/><E128/><V70/><F70/><W20/><G34/><T112/><D126/><U45/><E45/><V98/><F39/><W59/><G125/><T123/><D112/><U82/><E28/><V110/><F110/><W83/><G83/><T111/><D111/><U42/><E42/><V12/><F106/><W63/><G50/><T100/><D123/><U49/><E49/><V118/><F118/><W24/><G59/><N who="0" m="33215" /><D64/><U15/><E109/><V18/><F18/><W23/><G41/><T78/><D78/><U58/><E58/><V93/><REACH who="2" step="1"/><F98/><REACH who="2" ten="289,185,266,250" step="2"/><W10/><G99/><T52/><D43/><U27/><E120/><V29/><F29/><N who="3" m="17543" /><G105/><T76/><D47/><U60/><E96/><V119/><F119/><W66/><G7/><T85/><D4/><U67/><E5/><V33/><F33/><W62/><G6/><T88/><D84/><U97/><E97/><V69/><F69/><W8/><G63/><T32/><D32/><U122/><E122/><V25/><F25/><W55/><G66/><AGARI ba="0,1" hai="1,2,3,9,12,17,56,61,66,86,89,93,94,95" machi="66" ten="40,2000,0" yaku="1,1,53,0" doraHai="103" doraHaiUra="115" who="2" fromWho="3" sc="289,0,185,0,266,30,250,-20" /><INIT seed="2,1,0,3,4,50" ten="289,185,296,230" oya="2" hai0="73,125,57,116,31,119,55,54,51,11,80,110,97" hai1="28,52,22,76,45,14,3,4,15,100,122,67,104" hai2="41,133,99,10,53,118,7,106,101,112,115,102,62" hai3="68,132,81,46,23,85,94,124,33,130,5,59,9"/><V123/><F118/><N who="0" m="45098" /><D110/><U26/><E122/><V34/><F123/><W87/><G33/><T32/><D32/><U91/><E67/><V47/><F101/><W93/><G68/><T13/><D31/><U17/><E76/><V8/><F133/><W108/><G108/><T63/><D97/><U38/><E38/><V96/><F96/><W74/><G124/><T127/><D80/><U113/><E113/><V35/><F10/><W60/><G130/><T49/><D73/><U121/><E121/><V24/><F34/><W89/><G74/><T58/><D13/><U25/><E104/><V2/><F24/><W120/><G120/><T77/><D77/><U29/><E100/><V69/><F35/><W40/><G23/><T79/><D79/><U44/><E44/><V16/><F16/><W21/><G21/><T92/><D92/><U12/><E91/><V30/><F30/><W105/><G105/><T39/><D39/><U90/><E90/><V56/><REACH who="2" step="1"/><F69/><REACH who="2" ten="289,185,286,230" step="2"/><W88/><G9/><T126/><D11/><N who="1" m="4199" /><E3/><V71/><F71/><W135/><G5/><T42/><D42/><U20/><E17/><V0/><F0/><W86/><G81/><T19/><D19/><U83/><E83/><V134/><F134/><W111/><G111/><T27/><D27/><U109/><E109/><V18/><F18/><W84/><G132/><T75/><D75/><U128/><E128/><V6/><F6/><W107/><G135/><T131/><D131/><U36/><E36/><AGARI ba="1,1" hai="2,7,8,36,41,47,53,56,62,99,102,106,112,115" machi="36" ten="30,5800,0" yaku="1,1,7,1,52,1,53,0" doraHai="50" doraHaiUra="66" who="2" fromWho="1" sc="289,0,185,-61,286,71,230,0" /><INIT seed="2,2,0,5,0,39" ten="289,124,357,230" oya="2" hai0="33,7,122,65,86,37,20,95,32,9,57,58,92" hai1="94,8,55,14,87,76,77,134,101,80,127,63,88" hai2="29,3,6,123,36,82,113,60,27,124,129,89,5" hai3="102,105,120,98,78,21,43,34,133,47,22,2,16"/><V41/><F113/><W74/><G34/><T54/><D37/><U11/><E127/><V96/><F123/><W18/><G133/><T52/><D122/><U0/><E134/><V130/><F124/><W4/><G120/><T131/><D131/><N who="2" m="50186" /><F60/><W114/><G114/><T135/><D135/><U115/><E115/><V35/><F3/><W99/><G78/><T93/><D65/><U69/><E0/><V119/><F119/><W13/><G74/><T132/><D132/><U62/><E69/><V42/><F36/><W79/><G79/><T109/><D109/><U26/><E26/><V108/><F108/><W23/><G99/><T111/><D111/><U84/><E101/><V50/><F50/><W118/><G118/><T128/><D20/><U83/><E55/><V38/><F38/><W112/><G2/><T49/><D128/><U24/><E24/><V15/><F15/><W45/><G112/><T90/><D32/><U12/><REACH who="1" step="1"/><E94/><REACH who="1" ten="289,114,357,230" step="2"/><N who="2" m="56399" /><F82/><W59/><G13/><N who="0" m="5311" /><D33/><U64/><E64/><V51/><F51/><AGARI ba="2,1" hai="49,51,52,54,57,58,86,90,92,93,95" m="5311" machi="51" ten="30,2000,0" yaku="8,1,54,1" doraHai="39" who="0" fromWho="2" sc="289,36,114,0,357,-26,230,0" /><INIT seed="3,0,0,4,4,109" ten="325,114,331,230" oya="3" hai0="120,105,124,0,110,47,107,59,79,1,133,4,86" hai1="9,127,129,118,39,89,24,27,125,58,88,5,99" hai2="40,108,94,44,14,85,91,103,100,78,123,52,122" hai3="51,45,92,104,90,98,55,112,106,70,37,83,6"/><W13/><G70/><T73/><D110/><U60/><E39/><V17/><F78/><W121/><G121/><N who="2" m="46089" /><F108/><W28/><G28/><T64/><D120/><U66/><E129/><V114/><F114/><W65/><G65/><T82/><D64/><U80/><E118/><V48/><F40/><W69/><G69/><T102/><D59/><U35/><E35/><V36/><F36/><W38/><G112/><T54/><D54/><U23/><E99/><V74/><F74/><W18/><G6/><T33/><D33/><U128/><E128/><V130/><F130/><W53/><G53/><T131/><D131/><U126/><E80/><V56/><F56/><W134/><G134/><T41/><D133/><U119/><E119/><V62/><F62/><W96/><G83/><T101/><D86/><U67/><E67/><V26/><F26/><W93/><G38/><N who="0" m="21943" /><D102/><U42/><E42/><V16/><F17/><W75/><G75/><T81/><D82/><U15/><REACH who="1" step="1"/><E24/><REACH who="1" ten="325,104,331,230" step="2"/><V3/><F3/><W8/><REACH who="3" step="1"/><G37/><REACH who="3" ten="325,104,331,220" step="2"/><T7/><D1/><U87/><E87/><V115/><F115/><W31/><G31/><AGARI ba="0,2" hai="5,9,15,23,27,31,58,60,66,88,89,125,126,127" machi="31" ten="40,8000,1" yaku="1,1,18,1,54,1,53,1" doraHai="109" doraHaiUra="21" who="1" fromWho="3" sc="325,0,104,100,331,0,220,-80" /><INIT seed="4,0,0,4,3,131" ten="325,204,331,140" oya="0" hai0="93,116,40,32,74,6,60,81,97,100,38,78,1" hai1="45,43,119,72,92,134,82,41,27,118,113,36,123" hai2="75,83,103,133,19,20,130,126,8,109,63,89,125" hai3="88,84,30,114,16,110,124,102,46,105,52,57,120"/><T51/><D116/><U53/><E123/><V37/><F109/><W73/><G110/><T122/><D32/><U10/><E113/><V112/><F37/><W61/><G73/><T127/><D51/><U33/><E41/><V50/><F130/><W65/><G114/><T67/><D122/><U26/><E134/><V2/><F103/><W15/><G30/><T39/><D127/><N who="2" m="48650" /><F50/><W94/><G124/><T80/><D80/><U28/><E26/><V68/><F89/><W115/><G115/><T5/><D40/><U121/><E121/><V34/><F34/><W12/><G120/><T44/><D44/><U79/><E53/><V7/><F112/><W55/><G12/><T117/><D117/><U91/><REACH who="1" step="1"/><E10/><REACH who="1" ten="325,194,331,140" step="2"/><V101/><F133/><W54/><G46/><T98/><D39/><U14/><E14/><V9/><F8/><N who="3" m="6247" /><G105/><T49/><D38/><U35/><E35/><V23/><F9/><W13/><G13/><T104/><D1/><U108/><E108/><V87/><F2/><W99/><G102/><T0/><D0/><U64/><E64/><V69/><F101/><W17/><G17/><T77/><D6/><U62/><E62/><V106/><F63/><W47/><G47/><T11/><D49/><U48/><E48/><V90/><F7/><W59/><G59/><T85/><D11/><U18/><E18/><V95/><F19/><W111/><G111/><T21/><D5/><U4/><E4/><V25/><F25/><W71/><G71/><N who="2" m="27209" /><F106/><W76/><G76/><AGARI ba="0,1" hai="20,23,75,76,83,87,90,95" m="27209,48650" machi="76" ten="30,1000,0" yaku="18,1" doraHai="131" who="2" fromWho="3" sc="325,0,194,0,331,20,140,-10" /><INIT seed="5,0,0,3,1,68" ten="325,194,351,130" oya="1" hai0="48,59,52,60,123,84,92,117,54,78,29,15,83" hai1="99,2,105,55,38,132,135,51,67,88,34,116,95" hai2="22,87,113,93,4,47,50,76,112,111,66,49,114" hai3="16,119,46,109,23,128,24,37,75,12,86,101,53"/><U69/><E116/><V125/><F111/><W58/><G75/><T129/><D117/><U104/><E2/><V42/><F125/><W120/><G109/><T85/><D129/><U31/><E69/><V121/><F121/><W110/><G110/><T133/><D123/><U27/><E67/><V25/><F4/><W43/><G128/><T11/><D133/><N who="1" m="51275" /><E38/><N who="2" m="21975" /><F66/><W124/><G124/><T131/><D131/><U45/><AGARI ba="0,0" hai="27,31,34,45,51,55,88,95,99,104,105" m="51275" machi="45" ten="30,3000,0" yaku="20,1,54,1" doraHai="68" who="1" fromWho="1" sc="325,-10,194,30,351,-10,130,-10" /><INIT seed="5,1,0,3,4,17" ten="315,224,341,120" oya="1" hai0="67,73,130,51,39,102,122,30,26,105,44,56,129" hai1="22,128,15,11,133,118,77,1,119,101,135,45,88" hai2="81,84,13,43,50,31,89,116,41,115,47,55,59" hai3="29,72,131,92,103,16,99,113,134,9,93,54,110"/><U106/><E77/><V10/><F116/><W66/><G110/><T49/><D73/><U109/><E128/><N who="0" m="49257" /><D105/><U123/><E123/><V24/><F115/><W108/><G131/><T114/><D102/><U46/><E109/><V21/><REACH who="2" step="1"/><F47/><REACH who="2" ten="315,224,331,120" step="2"/><W3/><G113/><T85/><D114/><U97/><E118/><V23/><F23/><W65/><G108/><T107/><D122/><U68/><E119/><V34/><F34/><W8/><G134/><N who="1" m="51210" /><E22/><V78/><F78/><W125/><G125/><T124/><D124/><U96/><E68/><V42/><F42/><W38/><G9/><T94/><D107/><U64/><E64/><V104/><F104/><W0/><G66/><T48/><D67/><U127/><E127/><V53/><F53/><W86/><G65/><T58/><D44/><U25/><E1/><V12/><F12/><W40/><G3/><T75/><D75/><U37/><E25/><V126/><F126/><W95/><G72/><T6/><D39/><U19/><E37/><V87/><F87/><W132/><G132/><T83/><D58/><U121/><E121/><V100/><F100/><W52/><G38/><T27/><D56/><U82/><E96/><V79/><F79/><W32/><G40/><T70/><D27/><U28/><E28/><V63/><F63/><W14/><G0/><T98/><D70/><U117/><E117/><V74/><F74/><W36/><G36/><T90/><D26/><U35/><E35/><V4/><AGARI ba="1,1" hai="4,10,13,21,24,31,41,43,50,55,59,81,84,89" machi="4" ten="20,8000,1" yaku="1,1,0,1,7,1,8,1,52,1,53,0" doraHai="17" doraHaiUra="62" who="2" fromWho="2" sc="315,-21,224,-41,331,93,120,-21" /><INIT seed="6,0,0,1,5,133" ten="294,183,424,99" oya="2" hai0="44,34,53,121,123,131,99,109,15,120,125,92,16" hai1="98,21,67,65,20,30,52,31,38,57,73,75,116" hai2="76,24,97,37,77,33,70,93,88,127,85,48,22" hai3="105,40,11,43,66,80,64,7,117,4,39,42,122"/><V35/><F37/><W49/><G39/><T61/><D109/><U5/><E116/><V72/><F70/><W68/><G117/><T130/><D34/><U28/><E38/><V115/><F127/><W106/><G68/><T8/><D61/><U101/><E5/><V128/><F115/><W23/><G80/><T135/><D135/><U126/><E126/><V12/><F128/><N who="0" m="49194" /><D44/><U45/><E45/><V104/><F12/><W10/><G23/><T118/><D118/><U27/><E73/><V60/><F48/><W0/><G49/><T108/><D108/><U29/><E75/><V55/><F33/><W94/><G94/><T41/><D41/><U1/><E1/><V17/><F35/><W46/><G46/><T107/><D107/><U69/><E69/><V111/><F72/><W95/><G95/><T2/><D2/><U87/><E87/><V129/><F111/><W47/><G47/><T103/><D53/><U83/><E83/><V36/><F36/><W19/><G19/><T110/><D110/><U84/><E84/><V9/><F129/><W58/><G58/><T81/><D81/><U132/><E132/><V89/><F104/><W78/><G78/><T32/><D32/><U79/><E79/><V54/><F76/><W82/><G82/><T26/><D26/><U90/><E90/><V124/><F77/><W113/><G0/><T112/><D112/><U3/><E3/><V102/><F89/><W74/><G74/><T62/><D62/><N who="1" m="36135" /><E21/><V56/><F22/><W96/><G113/><T114/><D114/><U63/><E63/><V13/><F60/><RYUUKYOKU ba="0,0" sc="294,15,183,15,424,-15,99,-15" hai0="8,15,16,92,99,103,120,121,123,125" hai1="20,27,28,29,30,31,65,67,98,101" /><INIT seed="7,1,0,5,0,79" ten="309,198,409,84" oya="3" hai0="63,17,85,9,105,70,15,53,50,80,99,49,57" hai1="87,12,5,83,98,91,6,31,1,130,68,107,46" hai2="72,102,89,0,114,41,96,4,65,75,77,74,73" hai3="10,100,86,3,133,93,117,76,64,8,30,23,123"/><W28/><G117/><T92/><D105/><U135/><E68/><V24/><F65/><W37/><G37/><T39/><D39/><U21/><E1/><V42/><F89/><W19/><G133/><T54/><D70/><U122/><E122/><V40/><F72/><W18/><G123/><T32/><D32/><U62/><E135/><V111/><F114/><W67/><G3/><T116/><D116/><U129/><E46/><V115/><F111/><W52/><G100/><T22/><D22/><U101/><E62/><V81/><F24/><W20/><G76/><T132/><D132/><U35/><E35/><V60/><F60/><W44/><G93/><T84/><D84/><U127/><E127/><V128/><F128/><N who="1" m="49257" /><E31/><V134/><F115/><W59/><G86/><T110/><D110/><U109/><E109/><V48/><F134/><W2/><G2/><T55/><D63/><U51/><E51/><V58/><F48/><W106/><G106/><T108/><D108/><U29/><E29/><N who="3" m="11370" /><G44/><T11/><D11/><N who="3" m="4137" /><G67/><T66/><D66/><U97/><E97/><V131/><F131/><W13/><G64/><T120/><D120/><U47/><E47/><V43/><F0/><W71/><G71/><T119/><D119/><U56/><E56/><V61/><F58/><W45/><G45/><T126/><D126/><U113/><E113/><V125/><F125/><W33/><G33/><T82/><D85/><U16/><AGARI ba="1,0" hai="5,6,12,16,21,83,87,91,98,101,107" m="49257" machi="16" ten="30,4000,0" yaku="19,1,52,1,54,1" doraHai="79" who="1" fromWho="1" sc="309,-11,198,43,409,-11,84,-21" owari="298,10.0,241,-16.0,398,50.0,63,-44.0" /></mjloggm>