<mjloggm ver="2.3"><GO type="41" lobby="0"/><UN n0="%E2%93%9D%53%75%70%68%78" n1="%4D%72%2E%E3%82%AD%E3%83%B3%E8%82%89%E6%98%9F" n2="%E3%83%9F%E3%83%BC%E3%82%A2%6B" n3="%E4%BA%88%E5%82%99%E6%A0%A1%E7%94%9F%43%41%4E" dan="17,13,14,15" rate="2075.33,1808.35,1850.24,1923.89" sx="M,M,M,M"/><TAIKYOKU oya="0"/><INIT seed="0,0,0,0,3,46" ten="250,250,250,250" oya="0" hai0="56,87,129,108,134,8,44,96,95,15,122,74,16" hai1="58,78,126,120,28,24,29,32,5,26,80,70,31" hai2="39,45,60,127,34,107,61,30,14,130,36,49,40" hai3="91,117,47,33,64,21,101,82,20,106,51,109,18"/><T77/><D122/><U123/><E70/><V115/><F107/><W54/><G117/><T111/><D134/><U38/><E38/><N who="2" m="14379" /><F14/><W52/><G33/><T25/><D129/><U4/><E126/><V62/><F30/><N who="1" m="11881" /><E58/><V0/><F34/><W116/><G116/><T73/><D44/><U124/><E80/><V113/><F0/><W128/><G128/><T119/><D119/><U103/><E78/><V69/><F130/><W110/><G64/><T1/><D1/><U132/><E103/><V12/><F12/><W76/><G54/><T9/><D25/><N who="1" m="18543" /><E124/><V55/><F127/><W92/><G106/><T67/><D87/><U118/><E118/><V37/><F69/><W42/><G42/><T75/><D77/><U68/><E68/><V135/><F135/><W112/><G112/><T83/><D83/><U90/><E90/><V27/><F27/><N who="1" m="10281" /><E132/><V72/><F72/><W94/><G101/><T22/><D67/><U84/><E84/><V100/><F100/><W66/><G66/><T13/><D56/><AGARI ba="0,0" hai="37,40,45,49,55,56,60,61,62,113,115" m="14379" machi="56" ten="30,3900,0" yaku="34,2,52,1" doraHai="46" who="2" fromWho="0" sc="250,-39,250,0,250,39,250,0" /><INIT seed="1,0,0,5,4,100" ten="211,250,289,250" oya="1" hai0="104,39,46,32,16,7,42,84,2,50,29,126,10" hai1="40,132,8,130,49,116,56,15,18,81,80,21,35" hai2="119,52,45,103,114,23,12,11,59,90,95,115,77" hai3="87,96,14,88,128,72,121,67,27,74,61,60,63"/><U78/><E116/><V26/><F119/><W31/><G121/><T124/><D84/><U34/><E130/><V66/><F103/><W120/><G120/><T36/><D16/><U93/><E132/><V99/><F77/><W0/><G0/><T110/><D110/><U48/><E93/><V117/><F117/><W131/><G96/><T82/><D82/><U127/><E127/><N who="0" m="48681" /><D50/><U68/><E68/><V129/><F129/><N who="3" m="49739" /><G14/><T25/><D39/><U105/><E105/><AGARI ba="0,0" hai="2,7,10,25,29,32,36,42,46,104,105" m="48681" machi="105" ten="30,7700,0" yaku="18,1,23,1,52,2" doraHai="100" who="0" fromWho="1" sc="211,77,250,-77,289,0,250,0" /><INIT seed="2,0,0,5,2,52" ten="288,173,289,250" oya="2" hai0="38,55,67,17,79,72,10,68,134,42,103,128,20" hai1="96,110,16,91,64,29,104,123,74,87,99,118,35" hai2="32,4,86,85,19,94,51,8,57,12,88,25,37" hai3="48,36,1,124,119,44,46,115,0,83,31,92,33"/><V122/><F37/><W90/><G119/><T105/><D128/><U24/><E74/><V127/><F122/><W15/><G124/><T101/><D134/><U3/><E3/><V61/><F127/><W77/><G115/><T41/><D10/><U66/><E118/><V11/><F51/><W34/><G36/><T78/><D67/><U132/><E132/><V71/><F71/><W89/><G15/><T49/><D68/><U93/><E123/><V27/><F32/><W80/><G48/><T97/><D103/><U59/><E104/><V58/><F85/><W109/><G92/><T21/><D21/><U7/><E7/><V47/><F47/><W111/><REACH who="3" step="1"/><G77/><REACH who="3" ten="288,173,289,240" step="2"/><T129/><D79/><U95/><E110/><V113/><F113/><W112/><G112/><T133/><D38/><U114/><E114/><V54/><F57/><W73/><G73/><T6/><D78/><U70/><E70/><V30/><F30/><AGARI ba="0,1" hai="0,1,30,31,33,34,44,46,80,83,89,90,109,111" machi="30" ten="25,8000,1" yaku="1,1,22,2,53,2" doraHai="52" doraHaiUra="84" who="3" fromWho="2" sc="288,0,173,0,289,-80,240,90" /><INIT seed="3,0,0,4,5,112" ten="288,173,209,330" oya="3" hai0="124,41,70,79,88,58,99,66,37,118,80,4,69" hai1="86,19,82,125,135,14,65,111,62,20,75,83,91" hai2="45,78,9,84,54,42,10,101,35,2,87,7,44" hai3="71,108,0,39,105,97,25,93,48,47,102,110,60"/><W13/><G0/><T17/><D124/><U31/><E125/><V95/><F35/><W46/><G39/><T63/><D4/><U74/><E111/><N who="3" m="42538" /><G13/><T21/><D118/><U130/><E130/><V92/><F10/><W81/><G81/><T6/><D6/><U120/><E120/><V117/><F117/><W51/><G25/><T133/><D133/><U113/><E113/><V77/><F54/><W40/><G71/><T38/><D41/><U94/><E135/><V73/><F45/><W26/><G26/><T116/><D70/><U103/><E83/><V131/><F131/><W132/><G132/><T67/><D116/><U119/><E119/><V89/><F101/><W126/><G60/><T33/><D33/><U76/><E103/><V36/><REACH who="2" step="1"/><F73/><REACH who="2" ten="288,173,199,330" step="2"/><W22/><G22/><T134/><D21/><U127/><E127/><V49/><F49/><W59/><G126/><T52/><D38/><U55/><E55/><V27/><F27/><W1/><G105/><T109/><D109/><U85/><REACH who="1" step="1"/><E31/><REACH who="1" ten="288,163,199,330" step="2"/><V121/><F121/><W28/><G28/><T98/><D134/><U3/><E3/><V23/><F23/><W61/><G1/><T115/><D115/><U53/><E53/><V68/><F68/><AGARI ba="0,2" hai="14,19,20,62,65,68,74,75,76,82,85,86,91,94" machi="68" ten="30,2000,0" yaku="1,1,7,1,53,0" doraHai="112" doraHaiUra="34" who="1" fromWho="2" sc="288,0,163,40,199,-20,330,0" /><INIT seed="4,0,0,2,5,0" ten="288,203,179,330" oya="0" hai0="34,38,106,112,121,96,20,13,4,54,77,107,45" hai1="70,51,132,58,22,120,3,37,5,108,76,31,16" hai2="47,67,128,87,27,15,90,94,99,25,52,2,118" hai3="28,124,123,97,98,88,93,102,49,36,135,59,111"/><T95/><D121/><U109/><E70/><V26/><F2/><W89/><G111/><T41/><D34/><U69/><E69/><V35/><F128/><W32/><G36/><T9/><D112/><U101/><E120/><V131/><F131/><W117/><G123/><T75/><D54/><U62/><E37/><V73/><F73/><W60/><G117/><T116/><D116/><U64/><E132/><V103/><F67/><W7/><G135/><T127/><D127/><U105/><E76/><V114/><F114/><W134/><G134/><T78/><D20/><U23/><E31/><V11/><F118/><W61/><G124/><T53/><D53/><U71/><E23/><V40/><F40/><W6/><G32/><T33/><D33/><U81/><E81/><V91/><F90/><N who="3" m="34923" /><G28/><T82/><REACH who="0" step="1"/><D78/><REACH who="0" ten="278,203,179,330" step="2"/><U130/><E130/><V46/><F35/><W44/><G97/><T1/><D1/><U43/><E109/><V92/><REACH who="2" step="1"/><F52/><REACH who="2" ten="278,203,169,330" step="2"/><N who="3" m="33895" /><G61/><T74/><D74/><U84/><E108/><V79/><F79/><W122/><G122/><T119/><D119/><U110/><E110/><V68/><F68/><W133/><G133/><T65/><D65/><U50/><E71/><V66/><F66/><W19/><G44/><T129/><D129/><U125/><E64/><V100/><F100/><AGARI ba="0,2" hai="4,9,13,38,41,45,75,77,82,95,96,100,106,107" machi="100" ten="30,5800,0" yaku="1,1,7,1,52,1,53,0" doraHai="0" doraHaiUra="86" who="0" fromWho="2" sc="278,78,203,0,169,-58,330,0" /><INIT seed="4,1,0,1,0,124" ten="356,203,111,330" oya="0" hai0="38,2,103,59,85,120,0,79,46,28,109,13,69" hai1="49,91,32,21,134,84,36,8,114,40,90,66,119" hai2="128,58,105,70,96,123,39,22,117,53,83,82,27" hai3="50,11,81,131,104,51,74,43,10,31,125,3,94"/><T108/><D69/><U34/><E119/><V99/><F39/><W56/><G125/><T113/><D120/><U63/><E134/><V57/><F123/><W130/><G104/><T92/><D28/><U89/><E36/><V93/><F70/><W4/><G11/><T37/><D113/><U54/><E114/><V95/><F105/><W23/><G94/><T30/><D30/><U76/><E40/><V48/><F58/><W44/><G56/><T52/><D13/><U111/><E111/><N who="0" m="42569" /><D79/><U115/><E115/><V7/><F7/><W5/><G5/><T55/><D55/><U135/><E135/><V133/><F133/><W73/><G31/><T67/><D67/><U75/><E75/><V78/><F78/><N who="3" m="44239" /><G23/><T87/><D87/><U20/><E76/><V12/><F12/><W106/><G106/><T110/><D85/><U100/><E100/><V112/><F112/><W62/><G62/><N who="0" m="36199" /><D110/><U102/><E102/><V68/><F68/><W118/><G118/><T14/><D14/><U121/><E34/><V6/><F6/><W25/><G25/><T24/><D24/><U116/><E32/><V127/><F27/><W15/><G15/><T35/><D35/><U97/><E116/><V17/><F117/><W132/><G132/><T107/><D107/><U86/><E121/><V1/><F53/><W18/><G74/><T19/><D19/><U16/><E97/><V101/><F17/><W88/><G18/><T126/><D126/><U41/><E16/><V122/><F127/><W71/><G71/><T64/><D64/><U129/><E66/><V42/><F122/><RYUUKYOKU ba="1,0" sc="356,0,203,0,111,0,330,0" /><INIT seed="5,2,0,0,4,8" ten="356,203,111,330" oya="1" hai0="54,110,69,92,19,127,71,72,108,123,124,93,35" hai1="96,134,51,61,59,98,88,10,40,118,5,102,50" hai2="58,81,90,133,14,55,101,107,13,60,53,129,117" hai3="24,83,94,76,43,75,34,103,79,48,115,11,65"/><U105/><E118/><V132/><F129/><W77/><G115/><T41/><D35/><U100/><E134/><N who="2" m="51819" /><F117/><W91/><G65/><T125/><D123/><U22/><E40/><V49/><F81/><W74/><G34/><T16/><D41/><U126/><E126/><V3/><F3/><W25/><G103/><T113/><D54/><U17/><E100/><V121/><F121/><W122/><G122/><T15/><D72/><U109/><E109/><N who="0" m="42089" /><D113/><U31/><E31/><V111/><F111/><W33/><G33/><T120/><D19/><U97/><E105/><V27/><F27/><W86/><G11/><N who="0" m="6271" /><D120/><U114/><E114/><V104/><F90/><W119/><G119/><T6/><D6/><U116/><E102/><V39/><F39/><W82/><G76/><T95/><AGARI ba="2,0" hai="69,71,92,93,95,124,125,127" m="6271,42089" machi="95" ten="40,5200,0" yaku="18,1,52,1,54,1" doraHai="8" who="0" fromWho="0" sc="356,58,203,-28,111,-15,330,-15" /><INIT seed="6,0,0,2,4,127" ten="414,175,96,315" oya="2" hai0="20,44,82,103,97,38,77,14,68,31,66,119,6" hai1="7,58,95,61,30,85,126,24,88,36,116,46,27" hai2="96,73,79,71,50,98,63,56,134,135,17,65,45" hai3="83,129,86,93,8,29,48,107,32,117,84,3,76"/><V37/><F17/><W80/><G117/><T90/><D68/><U118/><E126/><V128/><F79/><W91/><G3/><T110/><D66/><U133/><E133/><N who="2" m="50699" /><F73/><W87/><G32/><T18/><D110/><U78/><E78/><V114/><F98/><W124/><G124/><T67/><D67/><U122/><E122/><V72/><F96/><W11/><G29/><T26/><D38/><U70/><E70/><V54/><F72/><W60/><G129/><T41/><D6/><U49/><E36/><V15/><F15/><W81/><G60/><T121/><D121/><U12/><E118/><V34/><F34/><W64/><G64/><T62/><D62/><U5/><E116/><V35/><F35/><W111/><G111/><T57/><D14/><U2/><E2/><V47/><F114/><W13/><G107/><T52/><D18/><U123/><E123/><V100/><F100/><W10/><G48/><T131/><D103/><U130/><E130/><V16/><F16/><N who="3" m="8231" /><G76/><T59/><D131/><U40/><E12/><V106/><F106/><W105/><G105/><T43/><D119/><U113/><E113/><V51/><F128/><W89/><G84/><N who="0" m="50455" /><D97/><U4/><REACH who="1" step="1"/><E30/><REACH who="1" ten="414,165,96,315" step="2"/><V102/><F102/><W19/><G19/><T125/><D125/><U39/><E39/><V21/><F21/><W55/><G10/><T94/><D77/><U69/><E69/><V92/><F37/><W28/><G11/><T22/><D22/><U42/><E42/><N who="2" m="24887" /><F92/><N who="3" m="54327" /><G28/><T99/><D31/><U23/><E23/><V53/><F71/><W101/><G101/><T108/><D20/><RYUUKYOKU ba="0,1" sc="414,-30,165,10,96,10,315,10" hai1="4,5,7,24,27,40,46,49,58,61,85,88,95" hai2="47,51,53,54,56,63,65" hai3="55,80,81,83,87,91,93" /><INIT seed="6,1,1,0,3,124" ten="384,175,106,325" oya="2" hai0="4,62,96,82,81,49,36,61,50,74,114,135,37" hai1="0,25,85,116,2,97,121,24,71,45,131,112,23" hai2="72,14,6,123,113,66,65,109,3,73,34,76,69" hai3="83,60,48,133,118,84,93,125,44,15,41,31,10"/><V103/><F34/><W9/><G118/><T38/><D4/><U5/><E121/><V57/><F123/><W64/><G125/><T8/><D8/><U70/><E116/><V111/><F3/><W75/><G75/><T115/><D96/><U7/><E112/><N who="0" m="43049" /><D135/><U17/><E71/><V102/><F113/><W120/><G120/><T87/><D74/><N who="2" m="28778" /><F76/><W33/><G133/><T46/><D82/><U117/><E70/><V98/><F57/><W59/><G93/><T12/><D12/><U100/><E117/><V129/><F69/><W47/><G33/><T53/><D50/><U90/><E131/><V130/><F14/><W51/><G31/><T77/><AGARI ba="1,1" hai="36,37,38,46,49,53,61,62,77,81,87" m="43049" machi="77" ten="40,1500,0" yaku="15,1" doraHai="124" who="0" fromWho="0" sc="384,28,175,-5,106,-8,325,-5" /><INIT seed="7,0,0,2,2,82" ten="412,170,98,320" oya="3" hai0="68,109,93,15,4,48,27,95,24,26,51,56,134" hai1="124,71,67,16,34,103,6,128,65,47,12,69,46" hai2="44,18,20,104,74,41,31,50,119,79,115,2,87" hai3="122,64,100,60,98,106,35,131,105,89,94,45,101"/><W88/><G35/><T0/><D109/><U130/><E34/><V91/><F115/><W125/><G122/><T118/><D0/><U113/><E6/><V33/><F119/><W132/><G125/><T9/><D68/><U39/><E103/><V126/><F104/><W77/><G45/><T19/><D134/><U36/><E12/><V107/><F107/><W63/><G132/><T10/><D118/><U30/><E30/><V49/><F126/><W42/><G42/><T111/><D111/><U59/><E16/><V8/><F79/><W116/><G116/><T81/><D81/><U53/><E124/><V135/><F74/><W110/><G110/><T17/><D56/><U80/><E80/><V23/><F135/><W61/><G131/><T11/><D4/><U85/><E85/><V86/><F2/><W28/><G77/><T40/><D40/><U75/><E75/><V1/><F1/><W92/><G28/><T5/><D5/><U14/><E14/><N who="2" m="7495" /><F33/><W123/><G64/><T121/><D121/><U112/><REACH who="1" step="1"/><E59/><REACH who="1" ten="412,160,98,320" step="2"/><V84/><F31/><W3/><G3/><T52/><D15/><U54/><AGARI ba="0,1" hai="36,39,46,47,53,54,65,67,69,71,112,113,128,130" machi="54" ten="25,16000,3" yaku="1,1,2,1,0,1,22,2,34,3,53,0" doraHai="82" doraHaiUra="83" who="1" fromWho="1" sc="412,-40,160,170,98,-40,320,-80" owari="372,47.0,330,13.0,58,-44.0,240,-16.0" /></mjloggm>