<mjloggm ver="2.3"><GO type="41" lobby="0"/><UN n0="%E3%83%AA%E3%83%A5%E3%82%A6%E3%83%AD%E3%83%93" n1="%E3%81%98%E3%82%85%E3%83%BC%E3%81%9E%E3%83%BC" n2="%E2%93%9D%53%75%70%68%78" n3="%E3%81%82%E3%81%B0%E3%81%B0%E3%83%BC" dan="14,14,18,15" rate="1964.76,1878.08,2129.95,1991.44" sx="F,M,M,M"/><TAIKYOKU oya="0"/><INIT seed="0,0,0,2,1,126" ten="250,250,250,250" oya="0" hai0="64,12,73,50,32,56,107,109,128,49,6,28,79" hai1="47,18,133,33,78,42,84,7,88,117,43,45,10" hai2="61,70,23,134,101,41,37,34,29,60,82,93,100" hai3="39,65,76,95,62,30,90,66,57,106,36,8,122"/><T123/><D123/><U124/><E117/><V110/><F34/><W48/><G106/><T11/><D107/><U68/><E124/><V27/><F110/><W19/><G122/><T105/><D105/><U20/><E68/><V5/><F134/><W46/><G76/><T26/><D109/><U58/><E33/><V96/><F101/><W75/><G75/><T13/><D73/><U115/><E78/><V25/><F5/><W114/><G114/><T97/><D79/><U87/><E58/><V31/><F82/><W16/><G65/><T130/><D97/><U55/><E55/><V118/><F118/><W121/><G121/><T81/><D81/><N who="1" m="49167" /><E87/><V3/><F3/><W103/><G30/><T44/><D13/><N who="1" m="5343" /><E133/><V129/><F70/><W59/><G103/><T1/><D1/><U135/><E115/><V131/><F41/><N who="1" m="15369" /><E135/><V17/><F37/><W52/><G59/><T119/><D119/><U111/><E111/><V51/><F51/><W108/><G108/><T4/><D4/><U83/><E83/><V89/><F100/><W38/><REACH who="3" step="1"/><G8/><REACH who="3" ten="250,250,250,240" step="2"/><T86/><D44/><U2/><E2/><V71/><F71/><W72/><G72/><T80/><D64/><U14/><AGARI ba="0,1" hai="14,18,20,45,47" m="15369,5343,49167" machi="14" ten="30,2000,0" yaku="8,1,54,1" doraHai="126" who="1" fromWho="1" sc="250,-10,250,30,250,-5,240,-5" /><INIT seed="1,0,0,0,1,21" ten="240,280,245,235" oya="1" hai0="69,121,103,101,31,119,66,71,63,52,114,118,131" hai1="123,88,124,96,67,134,50,59,30,61,40,3,58" hai2="92,41,125,48,104,85,78,47,15,120,99,27,38" hai3="17,89,14,129,76,106,28,42,105,39,130,112,132"/><U26/><E123/><V98/><F125/><W135/><G42/><T2/><D114/><U100/><E3/><V16/><F120/><W68/><G39/><T94/><D2/><U127/><E134/><N who="3" m="51242" /><G68/><T10/><D121/><U57/><E40/><V33/><F104/><W107/><G28/><T13/><D131/><N who="3" m="50185" /><G17/><T87/><D31/><U34/><E50/><V8/><F38/><W91/><G14/><T60/><D118/><U65/><E65/><V20/><F33/><W113/><G76/><T37/><D119/><U18/><E18/><N who="2" m="8551" /><F92/><W80/><G80/><AGARI ba="0,0" hai="16,20,27,41,47,48,78,80,85,98,99" m="8551" machi="80" ten="30,3900,0" yaku="8,1,52,1,54,1" doraHai="21" who="2" fromWho="3" sc="240,0,280,0,245,39,235,-39" /><INIT seed="2,0,0,5,0,17" ten="240,280,284,196" oya="2" hai0="19,51,29,74,15,123,103,32,105,134,88,43,111" hai1="31,64,60,104,14,4,135,124,77,89,56,50,91" hai2="96,58,102,46,9,10,116,38,52,107,108,12,18" hai3="5,1,117,109,30,57,8,66,83,20,35,40,93"/><V54/><F116/><W55/><G117/><T67/><D123/><U21/><E104/><V119/><F119/><W87/><G109/><T94/><D111/><U118/><E118/><V112/><F108/><W0/><G0/><T59/><D74/><U49/><E77/><V86/><F112/><W81/><G40/><T129/><D134/><U92/><E135/><V90/><F10/><W71/><G35/><T69/><D129/><U16/><E124/><V98/><F98/><W61/><G93/><T125/><D125/><U25/><E4/><V73/><F73/><W106/><G106/><T95/><D105/><U100/><E100/><V36/><F46/><W47/><G47/><T97/><D69/><U53/><E64/><V99/><F99/><W132/><G132/><T113/><D113/><U115/><E115/><V121/><F121/><W131/><G131/><T26/><D43/><U41/><E41/><V70/><F70/><W76/><G81/><T65/><D51/><N who="1" m="19467" /><E92/><V28/><F28/><W82/><G82/><T130/><D59/><U37/><E37/><V114/><F114/><W33/><G33/><T44/><D44/><U63/><E60/><V122/><F122/><W84/><G84/><T120/><D120/><U128/><E128/><V3/><F3/><W24/><REACH who="3" step="1"/><G55/><BYE who="3" /><REACH who="3" ten="240,280,284,186" step="2"/><T101/><D130/><U7/><E7/><V22/><F54/><W39/><G39/><T126/><D126/><U75/><E75/><V11/><F38/><W80/><G80/><T85/><REACH who="0" step="1"/><D103/><REACH who="0" ten="230,280,284,186" step="2"/><U13/><E53/><V23/><F36/><W79/><G79/><T34/><D34/><RYUUKYOKU ba="0,2" sc="230,15,280,-15,284,-15,186,15" hai0="15,19,26,29,32,65,67,85,88,94,95,97,101" hai3="1,5,8,20,24,30,57,61,66,71,76,83,87" /><UN n3="%E3%81%82%E3%81%B0%E3%81%B0%E3%83%BC" /><INIT seed="3,1,2,5,5,84" ten="245,265,269,201" oya="3" hai0="100,55,94,18,65,64,111,129,99,98,11,36,31" hai1="2,97,1,135,51,45,14,17,85,96,93,108,0" hai2="22,83,81,116,32,21,6,33,86,48,122,109,62" hai3="118,20,68,70,40,115,128,132,102,54,57,30,75"/><W82/><G118/><T47/><D129/><U114/><E114/><V104/><F104/><W50/><G115/><T110/><D31/><U90/><E108/><N who="0" m="41513" /><D99/><U53/><REACH who="1" step="1"/><E135/><REACH who="1" ten="245,255,269,201" step="2"/><V61/><F109/><W37/><G128/><T78/><D78/><U88/><E88/><V130/><F130/><W10/><G102/><T125/><D125/><U28/><E28/><V41/><F116/><W89/><G132/><T120/><D120/><U107/><E107/><V9/><F122/><W79/><G89/><T106/><D106/><U59/><E59/><V112/><F112/><W43/><G70/><T72/><D72/><U42/><E42/><V105/><F41/><W103/><G68/><T52/><D36/><U16/><E16/><V119/><F105/><W23/><G103/><T34/><D34/><U77/><E77/><V92/><F33/><W58/><G58/><T56/><D47/><U126/><E126/><V101/><F32/><W19/><G37/><T73/><D73/><U123/><E123/><V5/><F101/><W67/><G67/><N who="0" m="25675" /><D56/><U27/><E27/><V124/><F124/><W66/><G66/><T63/><D63/><U3/><N who="1" m="0" /><DORA hai="69" /><U26/><E26/><V46/><F119/><W8/><G30/><T80/><D80/><U38/><E38/><V133/><F133/><W131/><G131/><T95/><D95/><U4/><E4/><V29/><F29/><W127/><G127/><T71/><D71/><U25/><E25/><V87/><F92/><W134/><G134/><T76/><D76/><U12/><E12/><AGARI ba="1,3" hai="11,12,18,52,55,94,98,100" m="25675,41513" machi="12" ten="30,2000,0" yaku="14,1,54,1" doraHai="84,69" who="0" fromWho="1" sc="245,53,255,-23,269,0,201,0" /><INIT seed="4,0,0,4,4,6" ten="298,232,269,201" oya="0" hai0="49,109,93,106,37,40,114,131,121,46,129,135,133" hai1="55,70,91,60,35,19,79,16,38,3,111,128,50" hai2="104,71,23,68,127,18,65,63,115,30,14,43,78" hai3="34,20,83,29,118,41,119,54,36,80,24,59,1"/><T123/><D106/><U85/><E111/><V39/><F115/><W87/><G34/><T73/><D73/><U25/><E128/><N who="0" m="49225" /><D93/><U74/><E3/><V84/><F127/><W122/><G122/><T44/><D114/><U98/><E38/><V103/><F71/><W116/><G1/><T125/><D109/><U52/><E98/><V112/><F112/><W57/><G80/><T28/><D28/><U117/><E117/><V13/><F30/><W120/><G120/><N who="0" m="46155" /><D125/><U130/><E130/><V11/><F103/><W47/><REACH who="3" step="1"/><G54/><AGARI ba="0,0" hai="37,40,44,46,49,54,133,135" m="46155,49225" machi="54" ten="30,5800,0" yaku="19,1,34,2" doraHai="6" who="0" fromWho="3" sc="298,58,232,0,269,0,201,-58" /><INIT seed="4,1,0,0,2,117" ten="356,232,269,143" oya="0" hai0="115,108,109,104,82,75,47,28,96,23,93,98,10" hai1="125,128,21,64,24,4,87,27,44,120,92,40,69" hai2="124,49,102,56,127,42,84,31,7,85,66,72,32" hai3="81,76,68,54,89,48,135,116,36,16,107,37,26"/><T63/><D115/><U110/><E110/><N who="0" m="42601" /><D10/><U53/><E128/><V134/><F72/><W2/><G116/><T45/><D63/><U111/><E125/><V5/><F134/><W58/><G107/><T118/><D118/><U22/><E4/><V25/><F102/><W13/><G2/><T130/><D104/><U29/><E53/><N who="2" m="31791" /><F42/><W38/><G135/><T91/><D98/><U33/><E111/><V67/><F7/><W95/><G26/><N who="0" m="16479" /><D130/><U121/><E64/><N who="2" m="24619" /><F5/><W101/><G68/><T41/><D41/><U123/><E69/><V126/><AGARI ba="1,0" hai="25,31,32,84,85,124,126,127" m="24619,31791" machi="126" ten="40,1500,0" yaku="18,1" doraHai="117" who="2" fromWho="2" sc="356,-8,232,-5,269,18,143,-5" /><INIT seed="5,0,0,0,4,120" ten="348,227,287,138" oya="1" hai0="9,69,63,1,117,105,34,60,67,85,50,21,94" hai1="23,28,95,108,12,130,111,131,32,41,109,129,101" hai2="76,132,124,30,37,54,127,49,19,77,72,73,26" hai3="8,128,11,79,48,2,20,84,36,27,133,123,115"/><U45/><E32/><V43/><F19/><W59/><G36/><T110/><D105/><U88/><E101/><V98/><F43/><W55/><G123/><T61/><D117/><U78/><E78/><N who="2" m="30315" /><F98/><W102/><G115/><T74/><D74/><U16/><E28/><V82/><F82/><W121/><G121/><T13/><D34/><U3/><E3/><V51/><F132/><W112/><G112/><T4/><D110/><U65/><E65/><V38/><F26/><W58/><G2/><T35/><D35/><U96/><E130/><V42/><F42/><W91/><G133/><T99/><D85/><U17/><E17/><V114/><F54/><W113/><G128/><T107/><D107/><U62/><E62/><V126/><F30/><W14/><G79/><T44/><D21/><U57/><E57/><V46/><F46/><W52/><G102/><T134/><D1/><U15/><E15/><V106/><F106/><W53/><G113/><T25/><D25/><U122/><E122/><V29/><F29/><W64/><G64/><T22/><D22/><U7/><E7/><V80/><F80/><W66/><G66/><T33/><D33/><U71/><E71/><V39/><F114/><W5/><G11/><T135/><D134/><U0/><E0/><V100/><F100/><W118/><G118/><T56/><D69/><U87/><E96/><V86/><F86/><W40/><G40/><N who="0" m="24839" /><D135/><U10/><E10/><V31/><F31/><N who="3" m="17895" /><G48/><AGARI ba="0,0" hai="12,16,23,41,45,48,87,88,95,108,109,111,129,131" machi="48" ten="40,18000,2" yaku="10,1,52,3,54,2" doraHai="120" who="1" fromWho="3" sc="348,0,227,180,287,0,138,-180" /><AGARI ba="0,0" hai="37,38,39,48,49,51,72,73,124,126,127" m="30315" machi="48" ten="40,5200,0" yaku="28,2,18,1" doraHai="120" who="2" fromWho="3" sc="348,0,407,0,287,52,-42,-52" owari="348,15.0,407,50.0,339,-6.0,-94,-59.0" /></mjloggm>