<mjloggm ver="2.3"><GO type="41" lobby="0"/><UN n0="%E3%82%AF%E3%83%BC%E3%83%A9%33%30" n1="%E3%83%A6%E3%82%BF%E6%A7%98" n2="%E2%93%9D%53%75%70%68%78" n3="%E3%81%8A%E3%81%B2%E3%81%95%E3%81%BE%E3%81%AA%E3%82%8B%E3%81%A8%E3%82%93" dan="13,14,16,13" rate="1834.13,1956.09,2069.54,1833.07" sx="M,M,M,M"/><TAIKYOKU oya="0"/><INIT seed="0,0,0,5,4,135" ten="250,250,250,250" oya="0" hai0="60,110,120,32,7,34,15,12,99,95,119,108,53" hai1="52,28,31,77,40,16,66,23,94,113,19,1,0" hai2="68,130,96,78,84,21,37,14,6,51,22,38,55" hai3="106,85,56,54,126,18,27,92,102,8,20,134,70"/><T80/><D119/><U65/><E77/><V69/><F130/><W33/><G134/><T10/><D120/><U111/><E40/><V74/><F74/><W117/><G117/><T25/><D80/><U30/><E111/><N who="0" m="42537" /><D12/><U71/><E113/><V105/><F96/><W91/><G70/><T63/><D25/><U101/><E19/><V124/><F14/><W125/><G8/><T36/><D36/><U132/><E132/><V48/><F78/><W50/><G33/><N who="0" m="12907" /><D53/><U9/><E0/><V45/><F55/><W127/><G102/><AGARI ba="0,0" hai="7,10,15,60,63,95,99,102" m="12907,42537" machi="102" ten="30,2900,0" yaku="14,1,10,1" doraHai="135" who="0" fromWho="3" sc="250,29,250,0,250,0,250,-29" /><INIT seed="0,1,0,4,4,129" ten="279,250,250,221" oya="0" hai0="84,126,98,83,31,72,124,135,36,132,109,44,7" hai1="119,26,25,58,96,11,64,103,87,134,2,73,70" hai2="81,28,82,55,5,104,91,40,29,21,30,0,53" hai3="107,41,114,56,27,14,133,52,6,68,95,93,47"/><T79/><D31/><U121/><E119/><V49/><F104/><W78/><G114/><T39/><D7/><U24/><E121/><V8/><F40/><W20/><G107/><T101/><D44/><U32/><E73/><V23/><F55/><W111/><G68/><T62/><D62/><U122/><E122/><V86/><REACH who="2" step="1"/><F82/><REACH who="2" ten="279,250,240,221" step="2"/><W16/><G41/><T65/><D65/><U60/><E64/><V38/><F38/><N who="0" m="14378" /><D109/><U54/><E32/><V46/><AGARI ba="1,1" hai="0,5,8,21,23,28,29,30,46,49,53,81,86,91" machi="46" ten="30,2000,0" yaku="1,1,0,1,53,0" doraHai="129" doraHaiUra="125" who="2" fromWho="2" sc="279,-11,250,-6,240,33,221,-6" /><INIT seed="1,0,0,4,2,10" ten="268,244,273,215" oya="1" hai0="17,110,72,112,76,50,59,89,77,70,122,117,5" hai1="58,36,16,22,61,15,1,49,12,131,62,41,42" hai2="0,90,26,33,74,54,99,95,83,29,23,93,105" hai3="7,125,127,66,121,84,111,78,18,40,120,85,75"/><U34/><E1/><V67/><F0/><W124/><G7/><T57/><D112/><U25/><E34/><V79/><F67/><W135/><G40/><N who="1" m="15466" /><E131/><V103/><F54/><W80/><G66/><T39/><D39/><U129/><E129/><V35/><REACH who="2" step="1"/><F95/><REACH who="2" ten="268,244,263,215" step="2"/><W32/><G135/><T107/><D117/><U19/><E36/><V94/><F94/><W8/><G32/><T132/><D132/><U13/><E19/><V92/><F92/><W98/><G111/><T91/><D110/><U86/><E86/><AGARI ba="0,1" hai="23,26,29,33,35,74,79,83,86,90,93,99,103,105" machi="86" ten="30,7700,0" yaku="1,1,7,1,24,2,53,0" doraHai="10" doraHaiUra="130" who="2" fromWho="1" sc="268,0,244,-77,263,87,215,0" /><INIT seed="2,0,0,5,5,66" ten="268,167,350,215" oya="2" hai0="6,4,17,77,80,21,57,24,30,83,65,71,1" hai1="9,79,117,37,114,53,61,39,100,43,124,84,93" hai2="91,45,104,90,135,112,18,111,32,73,107,110,14" hai3="89,106,58,26,130,128,105,40,123,54,64,38,23"/><V94/><F32/><W72/><G123/><T55/><D83/><U98/><E114/><V50/><F112/><W47/><G72/><T74/><D1/><U31/><E117/><V126/><F73/><W41/><G41/><T92/><D92/><U56/><E31/><V129/><F129/><W63/><G89/><T52/><D17/><U108/><E108/><N who="2" m="41515" /><F126/><W68/><G128/><T116/><D116/><U27/><E124/><V33/><F33/><W0/><G0/><T62/><REACH who="0" step="1"/><D55/><REACH who="0" ten="258,167,350,215" step="2"/><U122/><E122/><V101/><F94/><W76/><G130/><T87/><D87/><U99/><E84/><V44/><F107/><W131/><G131/><T85/><D85/><U5/><E79/><V28/><F104/><W96/><G76/><T3/><D3/><U75/><E75/><V7/><F18/><W46/><G96/><T119/><D119/><U95/><E43/><V35/><F7/><W8/><G106/><T97/><D97/><U25/><E98/><V29/><F29/><W51/><G105/><T10/><D10/><U118/><E95/><V127/><F28/><W78/><G78/><T133/><D133/><U81/><E118/><V49/><F135/><W22/><G8/><T115/><D115/><U59/><E81/><V86/><F86/><W12/><G54/><T11/><D11/><U120/><E120/><V134/><F134/><W15/><G40/><T132/><D132/><U103/><E9/><V16/><F127/><W70/><G64/><T67/><D67/><N who="1" m="39335" /><E5/><V60/><F16/><W102/><G102/><T113/><D113/><U125/><E125/><RYUUKYOKU ba="0,1" sc="258,30,167,-10,350,-10,215,-10" hai0="4,6,21,24,30,52,57,62,65,71,74,77,80" /><INIT seed="3,1,1,0,5,97" ten="288,157,340,205" oya="3" hai0="120,86,31,81,121,68,38,56,125,40,102,135,28" hai1="37,73,124,7,134,25,36,41,105,88,61,101,70" hai2="65,21,110,91,67,64,66,133,62,63,29,8,2" hai3="78,53,98,15,128,20,46,39,4,84,109,79,122"/><W71/><G122/><T118/><D118/><U23/><E73/><V16/><F110/><W80/><G71/><T111/><D68/><U94/><E7/><V116/><F116/><W52/><G128/><T30/><D111/><U0/><E0/><V10/><F133/><W32/><G32/><T14/><D135/><U113/><E134/><V48/><F29/><W93/><G78/><T45/><D125/><U13/><E113/><V1/><F48/><W33/><G33/><T72/><D72/><U119/><E119/><V17/><F91/><W107/><G107/><T85/><D85/><U57/><E124/><V130/><F67/><W100/><G109/><T75/><D75/><U99/><E13/><V89/><F89/><W103/><G103/><T3/><D3/><U11/><E11/><V83/><F21/><W51/><G39/><T6/><D56/><U54/><E70/><V123/><F66/><W60/><G60/><T34/><D34/><U19/><REACH who="1" step="1"/><E41/><REACH who="1" ten="288,147,340,205" step="2"/><V114/><F114/><W42/><G20/><T104/><D14/><U77/><E77/><V12/><F12/><W131/><G131/><T87/><D6/><U59/><E59/><V26/><F130/><W24/><G24/><T82/><D121/><U69/><E69/><V50/><F26/><W43/><G42/><T90/><D120/><U49/><E49/><V55/><F50/><W117/><G117/><T92/><REACH who="0" step="1"/><D87/><AGARI ba="1,2" hai="19,23,25,36,37,54,57,61,87,88,94,99,101,105" machi="87" ten="30,7700,0" yaku="1,1,7,1,52,1,54,1,53,0" doraHai="97" doraHaiUra="27" who="1" fromWho="0" sc="288,-80,147,100,340,0,205,0" /><INIT seed="4,0,0,3,4,119" ten="208,247,340,205" oya="0" hai0="85,42,104,64,18,52,49,68,120,135,62,51,6" hai1="75,125,116,83,132,94,58,5,27,102,21,55,134" hai2="115,69,76,88,36,82,121,19,38,39,133,103,28" hai3="101,40,56,79,48,118,80,107,41,110,90,10,43"/><T45/><D104/><U20/><E116/><V84/><F121/><W113/><G118/><T126/><D6/><U14/><E125/><V32/><F69/><W44/><G113/><T67/><D126/><U86/><E75/><V63/><F133/><W11/><G110/><T66/><D18/><U128/><E128/><V98/><F63/><W95/><G107/><T2/><D2/><U47/><E47/><V25/><F115/><W127/><G101/><T16/><D135/><N who="1" m="51755" /><E102/><V114/><F114/><W0/><G56/><N who="0" m="32783" /><D85/><U109/><E94/><V33/><F19/><W24/><G24/><T122/><D16/><N who="1" m="10263" /><E5/><V26/><F26/><W111/><G111/><T99/><D99/><U53/><E58/><V87/><F33/><W81/><G127/><T57/><D68/><U108/><E109/><V23/><F32/><W100/><G100/><T22/><D22/><U77/><E108/><V89/><REACH who="2" step="1"/><F87/><REACH who="2" ten="208,247,330,205" step="2"/><W7/><G79/><T29/><D29/><AGARI ba="0,1" hai="21,27,29,53,55,77,83,86" m="10263,51755" machi="29" ten="30,2000,0" yaku="20,1,54,1" doraHai="119" who="1" fromWho="0" sc="208,-20,247,30,330,0,205,0" /><INIT seed="5,0,0,4,1,33" ten="188,277,330,205" oya="1" hai0="61,109,79,57,37,113,120,78,88,12,128,3,63" hai1="83,89,42,70,76,69,9,108,1,18,82,112,91" hai2="95,125,25,44,2,116,26,66,35,20,54,93,94" hai3="53,99,117,48,72,130,32,36,23,104,110,75,31"/><U47/><E112/><V97/><F2/><W68/><G110/><T13/><D109/><U58/><E108/><V41/><F116/><W126/><G36/><T24/><D128/><U30/><E30/><V101/><F125/><W27/><G117/><T135/><D135/><U86/><E58/><V5/><F5/><W87/><G126/><T50/><D113/><U121/><E121/><V17/><F66/><W90/><G130/><T105/><D105/><U0/><E91/><V59/><F35/><W85/><G68/><T71/><D37/><U134/><E134/><V77/><F77/><W60/><G60/><T106/><D24/><U15/><E69/><V133/><F26/><W6/><G87/><T67/><D50/><U16/><E70/><V39/><F133/><W84/><G84/><T19/><D106/><U55/><E55/><V118/><F118/><W8/><G104/><T4/><D13/><U129/><E129/><V65/><F65/><W114/><G99/><T132/><D132/><U10/><E10/><V124/><F124/><W111/><G32/><T96/><D3/><U11/><E11/><V49/><AGARI ba="0,0" hai="17,20,25,39,41,44,49,54,59,93,94,95,97,101" machi="49" ten="20,1500,0" yaku="0,1,7,1" doraHai="33" who="2" fromWho="2" sc="188,-4,277,-7,330,15,205,-4" /><INIT seed="6,0,0,4,1,134" ten="184,270,345,201" oya="2" hai0="6,8,38,37,108,62,43,45,114,11,91,119,102" hai1="65,110,87,40,99,41,68,79,77,1,32,94,51" hai2="73,113,125,116,44,9,70,60,92,46,13,15,96" hai3="105,2,130,90,24,49,34,88,3,16,12,131,133"/><V29/><F116/><W0/><G105/><T22/><D114/><U35/><E110/><V56/><F70/><W64/><G64/><T42/><D108/><U106/><E1/><V54/><F73/><W58/><G133/><T66/><D102/><U39/><E39/><V128/><F128/><N who="3" m="49195" /><G34/><T55/><D119/><U14/><E106/><V53/><F15/><W98/><G24/><T80/><D22/><U18/><E68/><V126/><F29/><W83/><G83/><T30/><D30/><U74/><E65/><V86/><F86/><W123/><G123/><T82/><D55/><U81/><E77/><V75/><F54/><N who="3" m="32079" /><G98/><T117/><D117/><U115/><E74/><V10/><F113/><W7/><G7/><T84/><D82/><U127/><E115/><V85/><F75/><W21/><AGARI ba="0,0" hai="0,2,3,12,16,21,88,90" m="32079,49195" machi="21" ten="40,5200,0" yaku="19,1,54,2" doraHai="134" who="3" fromWho="3" sc="184,-13,270,-13,345,-26,201,52" /><INIT seed="7,0,0,1,3,44" ten="171,257,319,253" oya="3" hai0="91,120,124,19,66,127,42,110,64,63,16,119,93" hai1="56,27,96,38,114,31,35,9,90,58,5,52,80" hai2="106,10,130,103,11,25,73,15,37,57,20,36,89" hai3="47,76,83,40,113,48,100,51,99,87,50,69,54"/><W18/><G69/><T68/><D110/><U116/><E38/><V86/><F73/><W75/><G75/><T98/><D119/><U0/><E116/><V132/><F11/><W79/><G79/><T133/><D120/><U29/><E114/><V82/><F130/><W4/><G113/><T34/><D34/><U108/><E108/><V43/><F132/><W94/><G4/><T26/><D133/><U118/><E118/><V41/><F37/><W62/><G18/><T8/><D64/><U67/><E29/><V28/><F36/><W135/><G135/><T97/><D97/><U59/><E67/><V134/><F106/><W23/><G23/><T122/><D122/><U123/><E123/><V72/><F103/><W61/><G51/><T1/><D42/><U125/><E125/><V70/><F72/><W129/><REACH who="3" step="1"/><G129/><REACH who="3" ten="171,257,319,243" step="2"/><T85/><D85/><U24/><E27/><V131/><F70/><W3/><G3/><T71/><D71/><U39/><E39/><V21/><F131/><W17/><G17/><T13/><REACH who="0" step="1"/><D1/><REACH who="0" ten="161,257,319,243" step="2"/><U60/><REACH who="1" step="1"/><E96/><REACH who="1" ten="161,247,319,243" step="2"/><V95/><F134/><W12/><G12/><T126/><D126/><U45/><E45/><AGARI ba="0,3" hai="40,45,47,48,50,54,61,62,76,83,87,94,99,100" machi="45" ten="30,12000,1" yaku="1,1,7,1,8,1,52,2,53,0" doraHai="44" doraHaiUra="107" who="3" fromWho="1" sc="161,0,247,-120,319,0,243,150" owari="161,-24.0,127,-37.0,319,12.0,393,49.0" /></mjloggm>