<mjloggm ver="2.3"><GO type="41" lobby="0"/><UN n0="%E3%83%88%E3%83%A2%E3%81%B7%E3%81%85%EF%BD%9E" n1="%E5%8B%9D%E6%97%A9%E6%A1%9C%31%31" n2="%E3%81%97%E3%82%83%E3%81%97%E3%82%83%E3%81%8D" n3="%E2%93%9D%53%75%70%68%78" dan="17,14,15,18" rate="2088.64,1885.96,1995.31,2091.47" sx="M,M,M,M"/><TAIKYOKU oya="0"/><INIT seed="0,0,0,4,3,122" ten="250,250,250,250" oya="0" hai0="100,43,133,82,57,69,16,61,96,105,35,38,10" hai1="23,1,13,25,48,0,56,129,19,108,102,47,70" hai2="66,112,114,32,42,33,15,126,9,53,63,119,109" hai3="64,21,74,128,118,73,65,130,106,62,86,79,121"/><T60/><D133/><U91/><E70/><V29/><F126/><W41/><G106/><T132/><D132/><U27/><E129/><N who="3" m="49770" /><G118/><T127/><D127/><U52/><E102/><V55/><F119/><W85/><G41/><T49/><D35/><U111/><E91/><V117/><F117/><W124/><G79/><T125/><D125/><U81/><E81/><V14/><F42/><W17/><G124/><T134/><D134/><U45/><E45/><V18/><F29/><W93/><G93/><T26/><D38/><U59/><E59/><V6/><F66/><N who="3" m="25707" /><G62/><T115/><D115/><U7/><E47/><V44/><F44/><W113/><G113/><T28/><D69/><U2/><REACH who="1" step="1"/><E7/><REACH who="1" ten="250,240,250,250" step="2"/><V24/><F6/><W97/><G121/><T72/><D57/><U46/><E46/><V98/><F112/><W101/><G101/><T107/><D43/><U20/><E20/><V75/><F114/><W95/><G21/><T92/><D107/><U103/><E103/><V76/><F33/><W99/><G95/><T37/><D105/><U58/><E58/><V3/><F32/><W131/><G131/><T88/><D100/><U135/><E135/><V39/><F39/><W83/><G83/><T123/><D37/><U4/><E4/><V90/><F90/><W110/><G74/><T67/><D72/><U87/><E87/><V94/><F75/><W84/><G73/><T104/><D104/><U12/><E12/><V71/><F15/><W116/><G116/><T31/><D88/><U22/><E22/><V77/><F94/><W80/><G80/><T89/><D82/><RYUUKYOKU ba="0,1" sc="250,-10,240,30,250,-10,250,-10" hai1="0,1,2,13,19,23,25,27,48,52,56,108,111" /><INIT seed="1,1,1,4,4,21" ten="240,270,240,240" oya="1" hai0="76,90,130,85,103,6,16,64,52,30,9,47,62" hai1="131,29,120,114,115,12,10,59,97,34,77,105,67" hai2="56,132,51,5,133,125,126,122,118,40,32,89,84" hai3="100,109,70,13,31,23,14,79,83,73,24,107,66"/><U43/><E43/><V80/><BYE who="1" /><F32/><W74/><G109/><T20/><D130/><UN n1="%E5%8B%9D%E6%97%A9%E6%A1%9C%31%31" /><U72/><E120/><V27/><F118/><W82/><G107/><T38/><D30/><U71/><E131/><V69/><F69/><W117/><G100/><T58/><D103/><U48/><E72/><V17/><F5/><W119/><G66/><T35/><D35/><U68/><E77/><V134/><F122/><W50/><G70/><T44/><D76/><U92/><E105/><V65/><F40/><W110/><G110/><T8/><D38/><U127/><E127/><BYE who="1" /><N who="2" m="48651" /><F65/><W19/><G50/><N who="0" m="28743" /><D47/><UN n1="%E5%8B%9D%E6%97%A9%E6%A1%9C%31%31" /><U96/><E96/><V104/><BYE who="1" /><F104/><UN n1="%E5%8B%9D%E6%97%A9%E6%A1%9C%31%31" /><W33/><G14/><N who="0" m="9239" /><D6/><U4/><E114/><V93/><F56/><W42/><G42/><T101/><D101/><U1/><E115/><V124/><F124/><W57/><G57/><T81/><AGARI ba="1,1" hai="8,9,58,62,64,81,85,90" m="9239,28743" machi="81" ten="30,4000,0" yaku="8,1,54,2" doraHai="21" who="0" fromWho="0" sc="240,53,270,-21,240,-11,240,-11" /><INIT seed="2,0,0,3,1,57" ten="293,249,229,229" oya="2" hai0="1,29,134,98,72,5,127,68,30,133,37,25,49" hai1="86,117,114,6,13,135,67,24,128,109,11,44,64" hai2="81,82,130,43,18,33,0,8,129,2,113,110,23" hai3="97,131,88,58,75,123,99,80,91,48,42,36,56"/><V47/><F113/><W46/><G123/><T94/><D37/><U40/><E114/><V41/><F33/><W119/><G119/><T12/><D72/><U77/><E109/><V87/><F110/><W93/><G131/><N who="2" m="50185" /><F41/><W4/><G4/><T66/><D1/><N who="2" m="618" /><F8/><W90/><G36/><T122/><D122/><U62/><E135/><V61/><F87/><W74/><G74/><T51/><D5/><U21/><E128/><V112/><F61/><W7/><G7/><T132/><D51/><U124/><E124/><V125/><F125/><W76/><REACH who="3" step="1"/><G99/><REACH who="3" ten="293,249,229,219" step="2"/><T3/><D98/><U52/><E117/><V105/><F112/><W69/><G69/><T59/><D68/><U63/><E77/><V34/><F34/><W92/><G92/><T55/><D94/><U78/><E86/><V10/><F105/><W83/><G83/><T16/><D133/><U115/><E115/><V108/><F108/><W35/><G35/><T28/><D134/><U96/><E96/><V85/><F85/><W107/><G107/><T102/><D132/><U121/><E121/><V100/><F82/><W104/><G104/><T60/><D127/><U50/><E78/><V73/><F81/><W101/><AGARI ba="0,1" hai="42,46,48,56,58,75,76,80,88,90,91,93,97,101" machi="101" ten="30,4000,0" yaku="1,1,0,1,54,1,53,0" doraHai="57" doraHaiUra="22" who="3" fromWho="3" sc="293,-10,249,-10,229,-20,219,50" /><INIT seed="3,0,0,2,5,113" ten="283,239,209,269" oya="3" hai0="89,4,108,92,51,84,93,99,14,37,133,102,121" hai1="28,64,87,61,122,1,112,36,30,19,29,38,11" hai2="98,63,74,115,97,16,70,118,125,111,25,100,62" hai3="79,126,65,35,39,135,40,110,131,117,47,106,5"/><W8/><G126/><T127/><D37/><U123/><E112/><V13/><F115/><W43/><G43/><T77/><D127/><U58/><E36/><V21/><F74/><W86/><G131/><T96/><D121/><U50/><E38/><V130/><F111/><W67/><G106/><N who="0" m="63815" /><D51/><U76/><E1/><V27/><F130/><W72/><G86/><N who="0" m="52279" /><D14/><U68/><E68/><V34/><F125/><W124/><G135/><T81/><D4/><U20/><E11/><V9/><F70/><W83/><G124/><T42/><D42/><U24/><E76/><V119/><F34/><W114/><G110/><T59/><D59/><U69/><E69/><V48/><F48/><W0/><G114/><T103/><D108/><U80/><REACH who="1" step="1"/><E50/><REACH who="1" ten="283,229,209,269" step="2"/><V66/><F9/><W26/><G117/><T101/><D133/><U12/><E12/><V120/><F13/><W54/><REACH who="3" step="1"/><G54/><REACH who="3" ten="283,229,209,259" step="2"/><T134/><D134/><U95/><E95/><V128/><F118/><W23/><G23/><T49/><D49/><U31/><N who="1" m="7168" /><DORA hai="3" /><U116/><E116/><V75/><F119/><W32/><G32/><T91/><AGARI ba="0,2" hai="77,81,84,91,93,99,101,103" m="52279,63815" machi="91" ten="30,8000,1" yaku="35,5" doraHai="113,3" who="0" fromWho="0" sc="283,100,229,-20,209,-20,259,-40" /><INIT seed="4,0,0,0,1,111" ten="383,209,189,219" oya="0" hai0="42,78,22,46,129,86,11,121,130,75,110,63,8" hai1="80,40,19,45,37,119,69,91,106,70,13,101,4" hai2="120,88,61,16,127,24,79,5,51,123,3,117,36" hai3="30,50,112,108,33,47,135,21,27,100,126,56,87"/><T113/><D121/><U96/><E119/><V102/><F36/><W98/><G108/><T72/><D110/><U1/><E1/><V15/><F117/><W9/><G135/><T92/><D22/><U41/><E41/><V52/><F127/><W26/><G126/><T2/><D63/><U84/><REACH who="1" step="1"/><E4/><REACH who="1" ten="383,199,189,219" step="2"/><V74/><F5/><W109/><G109/><T132/><D2/><U81/><E81/><V59/><F3/><W83/><G83/><T43/><D43/><U90/><E90/><V55/><F120/><W133/><G133/><T39/><D42/><U107/><E107/><V118/><F123/><W12/><G100/><T44/><D132/><U20/><AGARI ba="0,1" hai="13,19,20,37,40,45,69,70,80,84,91,96,101,106" machi="20" ten="20,2700,0" yaku="1,1,0,1,7,1,53,0" doraHai="111" doraHaiUra="29" who="1" fromWho="1" sc="383,-13,199,37,189,-7,219,-7" /><INIT seed="5,0,0,1,2,25" ten="370,236,182,212" oya="1" hai0="133,73,15,10,3,56,116,14,39,99,126,8,107" hai1="115,2,1,135,108,79,123,46,62,57,81,20,64" hai2="17,63,113,71,82,89,67,52,80,69,68,6,134" hai3="45,95,129,128,23,110,34,37,26,125,84,9,85"/><U105/><E115/><V87/><F134/><W74/><G74/><T83/><D39/><U93/><E123/><V30/><F113/><W117/><G34/><T70/><D70/><U31/><E105/><V124/><F124/><W44/><G110/><T98/><D116/><U12/><E108/><V86/><F6/><W13/><G125/><T75/><D126/><U7/><E135/><V32/><F17/><W114/><G117/><T42/><D133/><U53/><E93/><V60/><F60/><W94/><G37/><T33/><D33/><U48/><E7/><V96/><F96/><W0/><G0/><T112/><D3/><U102/><E102/><V121/><F121/><W127/><G114/><T27/><D112/><U38/><E38/><V47/><F47/><N who="3" m="17995" /><G95/><T18/><D83/><U131/><E131/><N who="3" m="50250" /><G94/><T16/><D56/><U11/><E11/><V103/><F103/><W58/><G58/><T101/><D42/><U19/><REACH who="1" step="1"/><E31/><REACH who="1" ten="370,226,182,212" step="2"/><V132/><F132/><W36/><G36/><T130/><D130/><U59/><E59/><V61/><F30/><N who="3" m="17759" /><G127/><T122/><D122/><U29/><E29/><V78/><F32/><W40/><G40/><T111/><D111/><U55/><E55/><V51/><F71/><W41/><G41/><T72/><D99/><U77/><E77/><V97/><F97/><W5/><AGARI ba="0,1" hai="5,9,13,84,85" m="17759,50250,17995" machi="5" ten="30,2000,0" yaku="19,1,52,1" doraHai="25" who="3" fromWho="3" sc="370,-5,226,-10,182,-5,212,30" /><INIT seed="6,0,0,3,1,19" ten="365,216,177,242" oya="2" hai0="85,72,44,109,111,27,46,86,32,13,65,55,66" hai1="135,57,132,5,30,23,52,88,22,104,71,117,76" hai2="54,119,90,53,97,62,68,37,103,82,129,48,133" hai3="134,33,94,79,26,96,131,28,115,118,121,130,17"/><V39/><F119/><W35/><G118/><T60/><D72/><U126/><E71/><V21/><F129/><N who="3" m="49163" /><G121/><T43/><D13/><U70/><E70/><V69/><F133/><N who="1" m="51273" /><E104/><V110/><F110/><W14/><G79/><T107/><D27/><N who="1" m="16759" /><E76/><V11/><F11/><N who="3" m="6367" /><G134/><T89/><D86/><U116/><E126/><V42/><F42/><W92/><G115/><T58/><D107/><U16/><E5/><V123/><F123/><W78/><G78/><T7/><D7/><U45/><E45/><V6/><F6/><W24/><G96/><T122/><D32/><U127/><E127/><V128/><F128/><W63/><G63/><T113/><D60/><N who="1" m="35879" /><E88/><V3/><F3/><W40/><G35/><T4/><D122/><U1/><E1/><V124/><F124/><W61/><G33/><T18/><D89/><U77/><E77/><V106/><F69/><W0/><G0/><T114/><D85/><U98/><E98/><V80/><F90/><W125/><G125/><T8/><D111/><U67/><E67/><N who="2" m="41079" /><F82/><W49/><G94/><T50/><D109/><U56/><E56/><V29/><F80/><W25/><G92/><T10/><D66/><U101/><E101/><V75/><F75/><W105/><G105/><T31/><D65/><U81/><E81/><V41/><F41/><W91/><G91/><T20/><D43/><U93/><E93/><V100/><F100/><W108/><G108/><T2/><D2/><U9/><E9/><V87/><F87/><W120/><G120/><T64/><D64/><U38/><E38/><N who="2" m="14347" /><F48/><W99/><G49/><T73/><D4/><RYUUKYOKU ba="0,0" sc="365,-15,216,15,177,15,242,-15" hai1="16,23,116,117" hai2="21,29,53,54,97,103,106" /><INIT seed="6,1,0,4,2,56" ten="350,231,192,227" oya="2" hai0="62,135,71,36,52,78,87,82,9,124,5,114,21" hai1="63,102,14,115,54,25,118,122,103,53,108,96,23" hai2="80,95,16,47,111,130,123,109,132,8,51,88,3" hai3="86,65,20,7,31,119,12,39,92,90,75,99,134"/><V94/><F123/><W6/><G75/><T55/><D36/><U35/><E108/><N who="2" m="41547" /><F130/><W89/><G39/><T28/><D114/><U116/><E115/><V58/><F132/><W120/><G119/><T44/><D135/><U112/><E112/><V4/><F58/><W69/><G120/><T0/><D124/><U101/><E122/><V128/><F128/><W79/><G79/><T43/><D28/><U85/><E85/><N who="2" m="50215" /><F16/><W91/><G134/><T57/><D71/><U45/><E96/><V64/><F64/><W107/><G65/><T2/><D21/><U125/><E125/><V106/><F106/><W19/><G69/><T127/><D127/><U66/><E35/><V22/><F22/><W59/><G107/><T60/><D5/><N who="3" m="1545" /><G31/><T37/><D9/><U113/><E113/><V110/><N who="2" m="41555" /><V24/><DORA hai="1" /><F24/><W32/><G32/><T15/><D57/><U68/><E14/><V131/><F131/><W74/><G74/><T93/><D15/><U42/><E118/><V26/><F26/><W72/><G72/><T13/><D13/><U34/><E34/><V100/><F100/><N who="3" m="60519" /><G59/><T10/><D0/><U70/><E70/><V73/><F73/><W84/><AGARI ba="1,0" hai="12,19,20,84,86,89,90,91" m="60519,1545" machi="84" ten="30,7900,0" yaku="8,1,52,3" doraHai="56,1" who="3" fromWho="3" sc="350,-21,231,-21,192,-40,227,82" /><INIT seed="7,0,0,3,4,7" ten="329,210,152,309" oya="3" hai0="134,64,128,4,24,124,135,65,16,107,101,88,105" hai1="100,127,44,61,3,92,117,39,36,118,73,89,95" hai2="68,54,46,14,133,121,5,79,98,96,0,42,52" hai3="41,31,82,78,70,59,38,56,85,110,58,21,34"/><W18/><G70/><T63/><D124/><U132/><E73/><V91/><F133/><N who="0" m="50698" /><D128/><U71/><E3/><V77/><F121/><W17/><G34/><T11/><D88/><U97/><E44/><V23/><F68/><W83/><G110/><T32/><D101/><U129/><E61/><V125/><F0/><W37/><G41/><T6/><D6/><U60/><E60/><V33/><F33/><W10/><G31/><N who="0" m="19559" /><D16/><U9/><E39/><V90/><F125/><W49/><G49/><T27/><D27/><U119/><E36/><V12/><F5/><W28/><G28/><T43/><D43/><U103/><E9/><V93/><F42/><W67/><G67/><N who="0" m="25675" /><D63/><U19/><E19/><V126/><F126/><W15/><REACH who="3" step="1"/><G83/><REACH who="3" ten="329,210,152,299" step="2"/><T84/><D84/><N who="1" m="52263" /><E71/><V25/><F46/><W22/><G22/><T29/><D29/><U47/><E132/><V131/><F23/><W57/><G57/><T123/><D123/><U104/><E127/><V76/><F76/><W13/><AGARI ba="0,1" hai="10,13,15,17,18,21,37,38,56,58,59,78,82,85" machi="13" ten="30,6000,0" yaku="1,1,0,1,52,1,53,0" doraHai="7" doraHaiUra="87" who="3" fromWho="3" sc="329,-20,210,-20,152,-20,299,70" owari="309,11.0,190,-21.0,132,-37.0,369,47.0" /></mjloggm>