<mjloggm ver="2.3"><GO type="41" lobby="0"/><UN n0="%E2%93%9D%53%75%70%68%78" n1="%E3%81%99%E3%81%B1%E3%81%93%E3%83%BC" n2="%E3%81%AF%E3%83%BC%E3%82%80" n3="%E3%81%B0%E3%81%AA%E3%81%AA%E3%81%BE%E3%82%8B%E3%81%BE%E3%82%8B" dan="18,14,14,14" rate="2024.09,1957.31,1936.69,1991.00" sx="M,M,M,M"/><TAIKYOKU oya="0"/><INIT seed="0,0,0,3,2,23" ten="250,250,250,250" oya="0" hai0="122,99,113,45,70,26,115,52,108,43,15,57,59" hai1="5,74,73,71,116,20,4,3,37,14,63,110,104" hai2="119,44,51,88,38,112,21,107,128,30,105,123,95" hai3="16,94,81,132,103,40,98,11,121,75,28,66,86"/><T65/><D15/><U77/><E116/><V76/><F38/><W83/><G132/><T31/><D99/><U18/><E37/><V9/><F123/><W7/><G121/><T61/><D122/><U117/><E117/><V101/><F119/><W2/><G40/><T78/><D78/><U17/><E110/><V114/><F128/><W39/><G39/><N who="0" m="21759" /><D108/><U19/><E104/><V29/><F76/><W90/><G66/><T46/><D26/><U47/><E47/><V80/><F80/><W36/><G36/><T82/><D31/><U62/><E71/><V129/><F129/><W120/><G120/><T60/><D82/><U97/><E97/><V64/><F64/><W89/><G75/><T100/><D100/><U84/><E20/><V102/><F9/><W56/><G56/><N who="0" m="34823" /><D46/><U55/><E14/><V69/><F102/><W48/><G28/><T58/><AGARI ba="0,0" hai="57,58,59,61,65,70,113,115" m="34823,21759" machi="58" ten="30,6000,0" yaku="34,2,54,1" doraHai="23" who="0" fromWho="0" sc="250,60,250,-20,250,-20,250,-20" /><INIT seed="0,1,0,2,1,25" ten="310,230,230,230" oya="0" hai0="72,117,13,2,14,64,68,4,36,5,51,21,19" hai1="81,119,90,112,10,6,125,58,115,135,18,74,39" hai2="38,75,120,69,111,89,31,9,93,116,0,102,7" hai3="29,43,122,71,57,30,47,132,56,129,32,54,34"/><T50/><D36/><U15/><E39/><V99/><F120/><W55/><G122/><T124/><D72/><U11/><E119/><V94/><F116/><W8/><G71/><T133/><D117/><U3/><E125/><V128/><F128/><W41/><G129/><T44/><D2/><U35/><E135/><V22/><F75/><W61/><G132/><T52/><D133/><U103/><E103/><V84/><F38/><W59/><G8/><T78/><D78/><U63/><E35/><N who="3" m="13354" /><G61/><T70/><D124/><U23/><E90/><V33/><F69/><W79/><G79/><T106/><D106/><U108/><E108/><V66/><F66/><W65/><G47/><T83/><D83/><U76/><REACH who="1" step="1"/><E11/><REACH who="1" ten="310,220,230,230" step="2"/><V130/><F130/><W100/><G100/><T24/><D70/><U121/><E121/><V27/><REACH who="2" step="1"/><F111/><REACH who="2" ten="310,220,220,230" step="2"/><W16/><G65/><AGARI ba="1,2" hai="3,6,10,15,18,23,58,63,65,74,76,81,112,115" machi="65" ten="40,1300,0" yaku="1,1,53,0" doraHai="25" doraHaiUra="48" who="1" fromWho="3" sc="310,0,220,36,220,0,230,-16" /><INIT seed="1,0,0,5,5,59" ten="310,256,220,214" oya="1" hai0="35,47,15,128,95,28,120,92,97,82,66,7,26" hai1="115,14,38,121,69,20,91,96,53,2,84,55,122" hai2="30,65,88,37,98,118,40,24,106,54,108,34,56" hai3="29,13,135,50,6,90,127,11,12,83,114,16,80"/><U63/><E115/><V71/><F118/><W19/><G127/><T43/><D128/><U48/><E2/><V4/><F108/><W117/><G135/><T81/><D95/><U111/><E38/><V58/><F4/><W79/><G114/><T67/><D120/><U93/><E111/><V52/><F40/><W0/><G117/><T33/><D33/><U25/><E14/><V134/><F37/><W49/><G29/><T109/><D109/><U99/><E121/><V1/><F1/><W124/><G124/><T101/><D67/><U10/><E10/><V23/><F134/><W87/><G0/><T61/><D15/><U100/><E122/><V18/><F58/><W72/><REACH who="3" step="1"/><G6/><REACH who="3" ten="310,256,220,204" step="2"/><T21/><D7/><U31/><E100/><N who="2" m="62743" /><F56/><W119/><G119/><T5/><D5/><U60/><E69/><V64/><F64/><W126/><G126/><T42/><D35/><U107/><E107/><V133/><F133/><W129/><G129/><T45/><D45/><N who="1" m="27791" /><E55/><V85/><F18/><W41/><G41/><N who="0" m="15371" /><D47/><U104/><E104/><V77/><F23/><AGARI ba="0,1" hai="11,12,13,16,19,23,49,50,72,79,80,83,87,90" machi="23" ten="30,3900,0" yaku="1,1,7,1,54,1,53,0" doraHai="59" doraHaiUra="112" who="3" fromWho="2" sc="310,0,256,0,220,-39,204,49" /><INIT seed="2,0,0,2,5,55" ten="310,256,181,253" oya="2" hai0="110,61,17,129,90,28,73,43,18,116,74,14,119" hai1="8,52,115,48,91,84,60,45,106,63,98,96,33" hai2="87,135,16,83,67,57,9,54,72,114,97,38,32" hai3="27,69,3,99,93,49,75,19,89,79,118,10,77"/><V30/><F114/><W70/><G118/><N who="0" m="45099" /><D110/><U132/><E115/><V103/><F72/><W71/><G75/><T101/><D28/><U58/><E132/><V35/><F135/><W1/><G1/><T86/><D18/><U111/><E111/><V104/><F38/><W125/><G125/><T81/><D129/><U130/><E130/><V59/><F30/><W37/><G37/><T85/><D101/><U0/><E33/><V80/><F80/><W64/><G64/><T53/><D43/><U65/><E106/><V62/><F16/><W40/><G3/><T123/><D86/><U124/><E124/><V76/><REACH who="2" step="1"/><F9/><REACH who="2" ten="310,256,171,253" step="2"/><W82/><G10/><N who="0" m="6359" /><D123/><U25/><E8/><V126/><F126/><W107/><G19/><T109/><D109/><U117/><E117/><V100/><F100/><W34/><G82/><T22/><D22/><U122/><E122/><V95/><F95/><W112/><G93/><T113/><D113/><U6/><E6/><V128/><F128/><W127/><G112/><T88/><D90/><U31/><E0/><V29/><F29/><N who="3" m="19775" /><G89/><T21/><D21/><U11/><E11/><V121/><F121/><W12/><G127/><T15/><D15/><U39/><E31/><V4/><F4/><W92/><G12/><T68/><D74/><U44/><E25/><V24/><F24/><W108/><G108/><T133/><D73/><U42/><REACH who="1" step="1"/><E63/><AGARI ba="0,1" hai="32,35,54,57,59,62,63,67,76,83,87,97,103,104" machi="63" ten="30,12000,1" yaku="1,1,7,1,52,2,53,1" doraHai="55" doraHaiUra="50" who="2" fromWho="1" sc="310,0,256,-120,171,130,253,0" /><INIT seed="2,1,0,3,5,108" ten="310,136,301,253" oya="2" hai0="83,7,76,119,94,85,88,6,36,48,50,113,30" hai1="49,2,135,23,133,46,54,8,39,62,93,65,5" hai2="100,114,107,73,74,42,90,111,17,68,116,56,126" hai3="4,80,64,0,125,127,106,87,61,103,95,44,124"/><V53/><F116/><W104/><G0/><T109/><D36/><U25/><E93/><V117/><F117/><W96/><G4/><T32/><D119/><U21/><E39/><V34/><F34/><W51/><G51/><T1/><D109/><U132/><REACH who="1" step="1"/><E25/><REACH who="1" ten="310,126,301,253" step="2"/><V121/><F111/><W89/><REACH who="3" step="1"/><G44/><REACH who="3" ten="310,126,301,243" step="2"/><T27/><D1/><U128/><E128/><V71/><F121/><W10/><G10/><T63/><D7/><U99/><E99/><V52/><F126/><W97/><G97/><T72/><D6/><U102/><E102/><V112/><F100/><W24/><G24/><T134/><D27/><U75/><E75/><V130/><F130/><W31/><G31/><T131/><D30/><U92/><E92/><V37/><F37/><W101/><G101/><T81/><D94/><U91/><E91/><V3/><F74/><W43/><G43/><T12/><D72/><U9/><E9/><V38/><F42/><W115/><G115/><T33/><D113/><U16/><E16/><V84/><F73/><W98/><G98/><T67/><D131/><U13/><E13/><V129/><F38/><W41/><G41/><T20/><D12/><U69/><AGARI ba="1,2" hai="2,5,8,21,23,46,49,54,62,65,69,132,133,135" machi="69" ten="30,4000,0" yaku="1,1,0,1,20,1,53,0" doraHai="108" doraHaiUra="77" who="1" fromWho="1" sc="310,-11,126,63,301,-21,243,-11" /><INIT seed="3,0,0,1,3,74" ten="299,189,280,232" oya="3" hai0="75,17,45,103,41,44,34,55,114,117,107,104,87" hai1="131,43,111,65,48,12,67,28,9,89,133,31,32" hai2="96,27,66,122,120,84,61,5,112,88,23,57,24" hai3="49,63,13,46,56,82,1,25,130,40,99,132,110"/><W4/><G130/><T105/><D75/><U128/><E111/><V69/><F112/><W18/><G132/><T113/><D103/><U108/><E108/><V73/><F73/><W6/><G110/><T81/><D34/><U77/><E133/><V35/><F5/><W0/><G1/><T91/><D117/><U115/><E115/><N who="0" m="44041" /><D55/><U10/><E89/><V14/><F96/><W36/><G0/><T54/><D54/><U127/><E127/><V79/><F79/><W50/><G36/><T3/><D3/><U83/><E48/><V129/><F129/><N who="1" m="49737" /><E43/><V68/><F35/><W19/><G49/><T98/><D98/><U72/><E10/><V85/><F84/><W93/><G82/><T60/><D60/><U126/><E126/><V135/><F69/><W47/><G47/><N who="0" m="17995" /><D17/><N who="1" m="8335" /><E32/><V80/><F68/><W2/><G19/><T92/><D41/><U16/><E16/><N who="2" m="10647" /><F135/><W33/><G33/><T118/><D118/><U121/><E121/><AGARI ba="0,0" hai="24,27,57,61,66,80,85,88,120,121,122" m="10647" machi="121" ten="30,3900,0" yaku="13,1,54,2" doraHai="74" who="2" fromWho="1" sc="299,0,189,-39,280,39,232,0" /><INIT seed="4,0,0,1,5,76" ten="299,150,319,232" oya="0" hai0="119,134,105,111,54,30,121,11,93,132,86,67,114" hai1="62,78,108,12,124,83,128,21,115,131,68,106,32" hai2="63,77,112,87,10,37,48,120,79,135,36,49,41" hai3="33,52,60,109,96,29,126,16,116,13,28,104,129"/><T35/><D119/><U92/><E108/><V100/><F120/><W31/><G109/><T39/><D111/><U50/><E32/><V113/><F135/><W61/><G116/><T4/><D105/><U3/><E106/><V80/><F100/><W95/><G104/><T45/><D67/><N who="1" m="41079" /><E3/><V34/><F34/><W51/><G129/><N who="1" m="49738" /><E124/><V9/><F63/><W14/><G33/><T94/><D114/><N who="2" m="44138" /><F77/><W97/><G14/><T46/><D121/><U99/><E50/><N who="2" m="19563" /><F41/><W64/><G126/><T57/><D134/><U56/><E56/><V59/><F59/><N who="3" m="33183" /><G64/><T89/><D57/><U74/><E21/><V27/><F27/><W85/><G85/><T107/><D86/><U73/><E12/><V17/><F17/><W53/><G97/><T102/><D132/><U71/><E71/><V88/><F79/><W7/><G7/><T8/><D4/><U24/><E24/><V38/><AGARI ba="0,0" hai="9,10,36,37,38,80,87,88" m="19563,44138" machi="38" ten="40,5200,0" yaku="15,1,52,1,54,1" doraHai="76" who="2" fromWho="2" sc="299,-26,150,-13,319,52,232,-13" /><INIT seed="5,0,0,0,4,77" ten="273,137,371,219" oya="1" hai0="87,94,122,38,121,84,63,62,24,30,105,129,117" hai1="68,64,126,120,17,2,16,98,115,31,127,32,13" hai2="106,42,78,100,130,104,96,113,29,95,131,51,107" hai3="9,85,61,109,76,89,26,41,20,133,55,99,25"/><U60/><E115/><V70/><F70/><W80/><G109/><T15/><D105/><U72/><E120/><N who="0" m="46185" /><D129/><N who="2" m="49162" /><F29/><W45/><G133/><T4/><D38/><U66/><E2/><V35/><F35/><W14/><G61/><N who="0" m="23051" /><D94/><U12/><E64/><V23/><F23/><W39/><G55/><T5/><D117/><U75/><E98/><V90/><F78/><W88/><G99/><T124/><D124/><N who="1" m="47659" /><E31/><V18/><F18/><N who="1" m="7273" /><E32/><V65/><F65/><W119/><G119/><T8/><D5/><U79/><E72/><V21/><F21/><AGARI ba="0,0" hai="4,8,15,21,24,30,84,87" m="23051,46185" machi="21" ten="30,1000,0" yaku="13,1" doraHai="77" who="0" fromWho="2" sc="273,10,137,0,371,-10,219,0" /><INIT seed="6,0,0,2,2,91" ten="283,137,361,219" oya="2" hai0="57,1,85,32,70,134,130,28,102,127,30,37,7" hai1="52,97,19,113,103,50,82,93,135,118,67,24,128" hai2="44,131,15,10,106,115,132,63,84,53,69,17,4" hai3="126,117,116,92,65,8,20,62,14,94,35,33,0"/><V111/><F106/><W71/><G126/><T60/><D37/><U72/><E113/><V101/><F115/><W89/><G0/><T77/><D70/><U90/><E128/><V98/><F131/><W112/><G112/><T46/><D134/><U21/><E135/><V5/><F111/><W56/><G71/><T83/><D32/><U45/><E118/><V26/><F132/><W123/><G123/><T79/><D102/><U76/><REACH who="1" step="1"/><E67/><REACH who="1" ten="283,127,361,219" step="2"/><V87/><F69/><W6/><G116/><T36/><D130/><U125/><E125/><V99/><F63/><W25/><G117/><T23/><D60/><U133/><E133/><V51/><F26/><W54/><G65/><T9/><D127/><U47/><E47/><V41/><F41/><W120/><G120/><T122/><D46/><U40/><E40/><V100/><F44/><W55/><G55/><T48/><D122/><U108/><E108/><V34/><F53/><W80/><G54/><T86/><D57/><U88/><AGARI ba="0,1" hai="19,21,24,45,50,52,72,76,82,88,90,93,97,103" machi="88" ten="30,8000,1" yaku="1,1,0,1,52,1,54,2,53,0" doraHai="91" doraHaiUra="109" who="1" fromWho="1" sc="283,-20,127,90,361,-40,219,-20" /><INIT seed="7,0,0,1,3,107" ten="263,217,321,199" oya="3" hai0="10,74,22,25,50,59,88,73,113,126,31,130,58" hai1="29,32,69,71,81,108,46,119,104,37,63,98,131" hai2="33,23,132,11,40,79,60,89,41,95,109,6,36" hai3="28,54,103,5,77,19,82,53,91,51,0,90,65"/><W114/><G114/><T99/><D130/><U2/><E108/><V80/><F33/><W123/><G123/><T27/><D126/><U48/><E119/><V21/><F109/><W121/><G121/><T83/><D10/><U118/><E118/><V26/><F132/><W86/><G103/><T78/><D74/><U42/><E131/><V55/><F36/><W4/><G65/><T116/><D116/><U112/><E112/><V106/><F23/><W35/><G19/><T97/><D113/><U45/><E2/><V111/><F11/><W70/><G70/><T117/><D117/><U62/><E63/><V20/><F6/><N who="3" m="2667" /><G35/><T96/><D27/><N who="1" m="18495" /><E48/><V24/><F20/><W14/><G0/><T66/><D66/><U49/><E49/><V67/><F21/><W100/><G28/><T85/><REACH who="0" step="1"/><D50/><REACH who="0" ten="253,217,321,199" step="2"/><U16/><E37/><V12/><F67/><W56/><G100/><T115/><D115/><U134/><E134/><V124/><F111/><W72/><G72/><T102/><D102/><U120/><E120/><V43/><F124/><W17/><G54/><T84/><D84/><U3/><E3/><V61/><F55/><W125/><G125/><T7/><D7/><U93/><E62/><V1/><F60/><W76/><G76/><T30/><D30/><U94/><E16/><V39/><F61/><W87/><G86/><T75/><D75/><U47/><E71/><V133/><F133/><W64/><G64/><T38/><D38/><U57/><E69/><V68/><F39/><W92/><G92/><AGARI ba="0,1" hai="22,25,31,58,59,73,78,83,85,88,92,96,97,99" machi="92" ten="40,5200,0" yaku="1,1,52,1,54,1,53,0" doraHai="107" doraHaiUra="13" who="0" fromWho="3" sc="253,62,217,0,321,0,199,-52" owari="315,12.0,217,-18.0,321,41.0,147,-35.0" /></mjloggm>