<mjloggm ver="2.3"><GO type="41" lobby="0"/><UN n0="%E2%93%9D%53%75%70%68%78" n1="%E3%81%84%E3%81%A3%E3%81%A4%E9%9B%80%E3%81%9F%E3%81%84%E3%82%80%21" n2="%E3%81%B6%E3%82%93%E3%81%B6%E3%82%93%E8%A6%AA%E5%88%86%E3%81%B6%E3%82%93" n3="%41%65%43%4B%4C" dan="18,14,14,13" rate="2085.02,1911.95,1839.70,1900.09" sx="M,M,M,M"/><TAIKYOKU oya="0"/><INIT seed="0,0,0,0,3,25" ten="250,250,250,250" oya="0" hai0="23,39,85,99,116,96,83,58,49,72,56,82,102" hai1="30,11,94,40,38,43,134,7,118,115,86,125,46" hai2="77,1,68,126,28,17,112,129,44,6,51,111,123" hai3="60,24,57,91,78,133,29,2,132,9,114,124,80"/><T31/><D39/><U76/><E118/><V4/><F68/><W97/><G114/><T20/><D116/><U103/><E125/><V27/><F77/><W135/><G124/><T14/><D72/><U69/><E69/><V127/><F51/><W5/><G97/><T61/><D49/><U37/><E134/><V88/><F44/><W3/><G3/><T19/><D58/><U107/><E107/><V66/><F66/><W81/><G91/><T33/><D33/><U73/><E115/><V121/><F112/><W95/><G95/><N who="0" m="58655" /><D99/><U52/><E103/><V48/><F48/><W75/><G80/><T21/><D31/><U34/><E94/><V92/><F126/><W79/><G78/><N who="0" m="46295" /><D83/><U108/><E73/><V8/><F127/><W122/><G122/><T71/><D71/><U63/><E76/><V98/><F123/><W117/><G57/><T74/><D74/><U130/><E30/><V87/><F121/><W47/><G47/><T59/><D59/><U35/><E34/><N who="2" m="20767" /><F1/><W113/><G60/><T101/><D101/><U45/><E35/><V26/><F98/><W105/><G113/><T54/><AGARI ba="0,0" hai="14,19,20,21,23,54,56,61" m="46295,58655" machi="54" ten="30,1500,0" yaku="8,1" doraHai="25" who="0" fromWho="0" sc="250,15,250,-5,250,-5,250,-5" /><INIT seed="0,1,0,1,4,62" ten="265,245,245,245" oya="0" hai0="83,119,69,116,75,108,57,80,58,103,121,61,21" hai1="107,8,37,95,39,126,81,63,28,111,90,92,88" hai2="105,124,134,73,115,106,48,70,84,16,2,23,98" hai3="6,85,132,94,44,112,96,47,76,42,24,52,27"/><T41/><D121/><U128/><E111/><V30/><F2/><W34/><G112/><T131/><D103/><U87/><E107/><V55/><F73/><W5/><G132/><T122/><D122/><U74/><E128/><V18/><F115/><W35/><G76/><T33/><D33/><U29/><E126/><V77/><F30/><W56/><G85/><T7/><D7/><U50/><E74/><V113/><F18/><W25/><G35/><T129/><D41/><U43/><E8/><V10/><F10/><W67/><G67/><N who="0" m="41199" /><D21/><U123/><E123/><V11/><F11/><W120/><G120/><T54/><D108/><U125/><E125/><V46/><F124/><W109/><G109/><T60/><D83/><U66/><E39/><V12/><F134/><W32/><G32/><T14/><D14/><U0/><E0/><V133/><F113/><W71/><G71/><T101/><D101/><U135/><E135/><V51/><F70/><W117/><G117/><N who="0" m="45131" /><D80/><U100/><E81/><N who="2" m="47151" /><F133/><W26/><G42/><T53/><D75/><U91/><E37/><V19/><F98/><W118/><G118/><T82/><D82/><U13/><E13/><N who="2" m="9615" /><F51/><AGARI ba="1,0" hai="51,53,54,57,58,60,129,131" m="45131,41199" machi="51" ten="30,5800,0" yaku="34,2,52,1" doraHai="62" who="0" fromWho="2" sc="265,61,245,0,245,-61,245,0" /><INIT seed="0,2,0,1,0,107" ten="326,245,184,245" oya="0" hai0="126,119,106,57,26,1,76,100,121,32,67,93,15" hai1="18,44,2,117,133,62,4,22,135,115,45,102,101" hai2="6,111,90,8,65,94,79,131,31,19,127,104,112" hai3="56,78,37,96,92,118,84,95,89,129,75,132,48"/><T17/><D119/><U110/><E117/><V53/><F104/><W54/><G37/><T64/><D1/><U134/><E110/><V97/><F111/><W39/><G118/><T60/><D121/><U41/><E115/><V40/><F65/><W14/><G132/><T70/><D126/><U55/><E2/><V0/><F40/><W85/><G39/><T105/><D76/><U5/><E45/><V11/><F31/><W98/><G129/><T68/><D93/><U88/><E101/><V47/><F131/><W28/><G28/><T49/><D49/><U38/><E102/><V10/><F112/><W81/><G14/><T116/><D116/><U124/><E124/><V12/><F79/><W35/><REACH who="3" step="1"/><G35/><REACH who="3" ten="326,245,184,235" step="2"/><T63/><D32/><U59/><REACH who="1" step="1"/><E88/><AGARI ba="2,1" hai="48,54,56,75,78,81,84,85,88,89,92,95,96,98" machi="88" ten="30,12000,2" yaku="1,1,2,1,7,1,9,1,52,1,54,1,53,0" doraHai="107" doraHaiUra="123" who="3" fromWho="1" sc="326,0,245,-126,184,0,235,136" /><INIT seed="1,0,0,1,2,125" ten="326,119,184,371" oya="1" hai0="20,19,55,102,36,92,79,110,112,16,105,5,117" hai1="48,32,1,6,15,45,27,59,54,106,107,103,8" hai2="134,12,24,46,35,21,53,43,96,126,0,31,94" hai3="47,30,64,133,135,25,14,70,123,33,86,69,13"/><U88/><E32/><V131/><F0/><W52/><G123/><T74/><D112/><U78/><E78/><V67/><F67/><W118/><G86/><T51/><D105/><U108/><E108/><V4/><F126/><W85/><G85/><T65/><D36/><U23/><E1/><V42/><F134/><N who="3" m="51211" /><G64/><T56/><D5/><U41/><E103/><V10/><F35/><W81/><G81/><T76/><D117/><U84/><E107/><V28/><F28/><W60/><G60/><T119/><D110/><U49/><E106/><V57/><F46/><W29/><G118/><T75/><D75/><U26/><REACH who="1" step="1"/><E23/><REACH who="1" ten="326,109,184,371" step="2"/><V115/><F115/><W9/><G33/><T17/><D119/><U44/><E44/><V121/><F121/><W93/><G93/><AGARI ba="0,1" hai="6,8,15,26,27,41,45,48,49,54,59,84,88,93" machi="93" ten="30,11600,0" yaku="1,1,7,1,8,1,54,1,53,0" doraHai="125" doraHaiUra="72" who="1" fromWho="3" sc="326,0,109,126,184,0,371,-116" /><INIT seed="1,1,0,4,2,97" ten="326,235,184,255" oya="1" hai0="73,84,103,40,79,90,27,122,5,65,39,74,93" hai1="63,98,107,106,124,49,54,30,12,16,72,130,121" hai2="71,119,21,94,123,1,53,34,25,47,110,8,35" hai3="114,26,60,77,109,131,22,86,6,46,14,28,10"/><U43/><E72/><V105/><F110/><W64/><G109/><T23/><D122/><U68/><E121/><V87/><F71/><W104/><G131/><T45/><D65/><U24/><E124/><V101/><F119/><W29/><G114/><T7/><D103/><U126/><E126/><V52/><F105/><W133/><G133/><T48/><D39/><U61/><E130/><V62/><F53/><W134/><G134/><T111/><D111/><U0/><E0/><V18/><F123/><W91/><G104/><T120/><D120/><U118/><E118/><V113/><F87/><W80/><G29/><T20/><D20/><U92/><E68/><V128/><F8/><W36/><G36/><T99/><D74/><U81/><E81/><V96/><F1/><W56/><G46/><T69/><D73/><U41/><E107/><V57/><F128/><W82/><REACH who="3" step="1"/><G82/><REACH who="3" ten="326,235,184,245" step="2"/><N who="0" m="47199" /><D69/><U4/><E106/><V75/><F113/><W89/><AGARI ba="1,1" hai="6,10,14,22,26,28,56,60,64,77,80,86,89,91" machi="89" ten="30,7900,0" yaku="1,1,0,1,8,1,53,1" doraHai="97" doraHaiUra="58" who="3" fromWho="3" sc="326,-21,235,-40,184,-21,245,92" /><INIT seed="2,0,0,3,2,1" ten="305,195,163,337" oya="2" hai0="80,92,98,75,84,24,113,14,103,89,101,17,72" hai1="35,29,48,96,129,44,3,23,108,53,121,64,70" hai2="110,95,8,67,116,69,94,57,88,85,93,2,21" hai3="34,135,25,83,27,55,41,104,118,40,59,91,18"/><V106/><F106/><W54/><G118/><T112/><D24/><U52/><E3/><V131/><F116/><W109/><G109/><T127/><D17/><U47/><E35/><V12/><F69/><W114/><G135/><T61/><D14/><U10/><E108/><V134/><F110/><W132/><G132/><T124/><D61/><U123/><E10/><V60/><F131/><W15/><G104/><T90/><D113/><U117/><E117/><V65/><F65/><W130/><G130/><T37/><D37/><U6/><E129/><V97/><F134/><W28/><G27/><T22/><D22/><U51/><E6/><N who="2" m="3095" /><F2/><W120/><G55/><T68/><D68/><U39/><E39/><V86/><F21/><W100/><G100/><N who="0" m="38475" /><D112/><U102/><E70/><V76/><F86/><W49/><G120/><T38/><D38/><U58/><E23/><V125/><F125/><AGARI ba="0,0" hai="72,75,80,84,89,90,92,98,124,125,127" m="38475" machi="125" ten="30,3900,0" yaku="18,1,34,2" doraHai="1" who="0" fromWho="2" sc="305,39,195,0,163,-39,337,0" /><INIT seed="3,0,0,1,2,1" ten="344,195,124,337" oya="3" hai0="81,133,18,42,47,93,84,117,56,8,72,11,45" hai1="113,68,101,83,79,88,14,48,6,71,30,122,16" hai2="120,107,13,97,114,19,90,106,41,61,65,34,32" hai3="85,0,66,23,58,130,10,92,103,12,5,40,75"/><W2/><G75/><T104/><D104/><U129/><E113/><V24/><F114/><W118/><G118/><T115/><D72/><U39/><E39/><V87/><F41/><W69/><G69/><T51/><D133/><U91/><E129/><V7/><F120/><W70/><G70/><T82/><D117/><U37/><E37/><V46/><F46/><W111/><G130/><T49/><D56/><U52/><E71/><V9/><F97/><W124/><G124/><T80/><D18/><U55/><E68/><V63/><F24/><W100/><G40/><N who="0" m="24743" /><D115/><U131/><E30/><V74/><F74/><W98/><G103/><T89/><AGARI ba="0,0" hai="8,11,42,47,51,80,81,82,84,89,93" m="24743" machi="89" ten="30,1100,0" yaku="8,1" doraHai="1" who="0" fromWho="0" sc="344,11,195,-3,124,-3,337,-5" /><INIT seed="4,0,0,3,4,44" ten="355,192,121,332" oya="0" hai0="90,124,36,73,110,18,79,34,126,131,115,102,65" hai1="22,132,105,69,13,58,96,54,80,122,3,42,121" hai2="94,11,35,117,46,12,66,83,37,0,17,133,47" hai3="123,130,104,63,8,32,41,28,86,52,48,15,75"/><T9/><D115/><U38/><E3/><V95/><F35/><W51/><G75/><T81/><D36/><U56/><E69/><V82/><F133/><W20/><G104/><T53/><D34/><U31/><E132/><V135/><F0/><W99/><G32/><T88/><D65/><U97/><E80/><V89/><F95/><W33/><G33/><T98/><D53/><U40/><E38/><V106/><F106/><W55/><G41/><T93/><D131/><U64/><E54/><N who="3" m="20522" /><G130/><T114/><D114/><U49/><E22/><V119/><F66/><W85/><G99/><T14/><REACH who="0" step="1"/><D110/><REACH who="0" ten="345,192,121,332" step="2"/><U60/><E64/><V120/><F135/><W100/><G123/><T45/><D45/><N who="2" m="16906" /><F37/><W23/><G63/><T1/><D1/><U112/><E60/><V84/><F120/><W5/><G100/><T77/><D77/><U30/><E112/><V111/><F111/><W24/><G23/><T10/><D10/><U7/><E105/><V103/><F119/><W21/><G20/><T101/><D101/><U67/><E67/><V50/><F117/><W129/><G129/><T87/><D87/><AGARI ba="0,1" hai="5,8,15,21,24,28,48,51,85,86,87" m="20522" machi="87" ten="30,7700,0" yaku="8,1,52,2,54,1" doraHai="44" who="3" fromWho="0" sc="345,-77,192,0,121,0,332,87" /><INIT seed="5,0,0,3,2,109" ten="268,192,121,419" oya="1" hai0="61,46,21,101,4,81,96,34,100,103,124,53,25" hai1="47,48,2,134,91,69,43,17,122,51,6,89,5" hai2="24,78,121,105,114,79,108,68,110,12,37,76,29" hai3="128,88,1,98,117,0,9,63,49,44,32,20,8"/><U75/><E69/><V86/><F105/><W74/><G32/><T58/><D34/><U116/><E122/><V113/><F68/><W123/><G74/><T11/><D124/><U54/><E116/><V31/><F37/><W10/><G117/><T87/><D46/><U19/><E75/><V111/><F121/><W3/><G123/><T120/><D120/><U7/><E134/><V73/><F73/><W70/><G128/><T40/><D40/><U90/><E2/><V22/><F86/><W26/><G70/><T97/><D11/><U41/><E54/><V106/><F106/><W129/><G63/><T102/><D4/><U28/><E28/><V132/><F132/><W45/><G49/><N who="1" m="19018" /><E47/><V85/><F85/><W15/><G15/><T77/><N who="0" m="25856" /><DORA hai="66" /><T55/><REACH who="0" step="1"/><D55/><REACH who="0" ten="258,192,121,419" step="2"/><U133/><E133/><V64/><F64/><W94/><REACH who="3" step="1"/><G129/><REACH who="3" ten="258,192,121,409" step="2"/><T67/><D67/><U93/><E93/><V127/><F127/><W52/><G52/><T39/><D39/><U84/><E84/><V42/><F42/><AGARI ba="0,2" hai="5,6,7,17,19,41,42,43,89,90,91" m="19018" machi="42" ten="40,7700,0" yaku="28,2,8,1" doraHai="109,66" who="1" fromWho="2" sc="258,0,192,97,121,-77,409,0" /><INIT seed="5,1,0,4,0,124" ten="258,289,44,409" oya="1" hai0="135,79,4,11,95,16,48,105,62,116,78,94,132" hai1="67,53,65,61,39,38,46,32,69,28,114,8,130" hai2="129,3,92,6,101,13,0,45,21,83,96,111,18" hai3="80,35,88,34,110,15,40,71,73,68,125,44,37"/><U43/><E32/><N who="3" m="12330" /><G15/><T123/><D105/><U63/><E28/><V64/><F111/><W36/><G88/><T9/><D62/><N who="1" m="40119" /><E8/><V54/><F64/><W97/><G125/><T17/><D48/><N who="1" m="26719" /><E130/><V30/><F83/><W102/><G110/><T51/><D51/><U107/><E107/><V109/><F109/><W58/><G58/><T31/><D31/><U104/><E104/><V106/><F30/><W5/><G37/><T19/><D19/><U126/><E126/><V117/><F117/><W75/><G80/><T55/><D4/><U133/><E133/><V127/><F127/><W121/><G121/><T33/><D33/><U91/><E91/><V7/><F92/><W131/><G5/><T98/><D116/><U52/><E114/><V122/><F122/><W108/><G108/><T56/><D123/><U60/><E67/><V128/><F6/><W100/><G100/><T77/><D77/><U23/><E23/><V57/><F45/><W89/><G89/><T112/><D112/><U84/><E84/><V119/><F119/><W86/><G86/><T76/><D76/><U81/><E81/><V59/><F59/><W134/><G131/><N who="2" m="50249" /><F7/><W115/><G115/><T99/><D56/><U1/><E1/><V49/><AGARI ba="1,0" hai="0,3,13,18,21,49,54,57,96,101,106" m="50249" machi="49" ten="30,7900,0" yaku="19,1,52,3" doraHai="124" who="2" fromWho="2" sc="258,-21,289,-40,44,82,409,-21" /><INIT seed="6,0,0,4,4,42" ten="237,249,126,388" oya="2" hai0="13,90,94,51,68,81,79,24,36,131,17,125,39" hai1="43,31,113,8,117,104,132,76,129,69,22,127,9" hai2="74,59,60,103,106,46,98,32,93,45,116,88,124" hai3="80,19,111,29,92,30,34,48,77,100,107,133,83"/><V73/><F116/><W44/><G107/><T16/><D68/><U26/><E117/><V58/><F32/><W2/><G111/><T85/><D131/><U70/><E127/><V130/><F124/><W118/><G2/><T6/><D125/><U86/><E129/><V3/><F3/><W120/><G34/><T14/><D24/><U41/><E132/><V115/><F59/><W96/><G120/><T108/><D6/><U52/><E104/><V65/><F130/><W21/><G133/><T97/><D108/><U1/><E70/><V62/><F62/><W28/><G77/><T63/><D63/><U38/><E69/><V54/><F115/><W33/><G33/><T27/><D27/><U87/><E113/><V126/><F126/><W49/><G49/><T47/><D39/><U7/><E9/><V11/><F11/><W84/><G84/><T57/><D57/><U99/><E99/><V121/><F121/><W55/><G118/><T66/><D36/><U12/><E1/><V23/><F23/><W50/><G48/><T91/><D66/><U102/><E102/><V135/><F135/><W112/><G112/><T35/><D35/><U15/><E15/><AGARI ba="0,0" hai="15,19,21,28,29,30,44,50,55,80,83,92,96,100" machi="15" ten="40,2600,0" yaku="8,1,52,1" doraHai="42" who="3" fromWho="1" sc="237,0,249,-26,126,0,388,26" /><INIT seed="7,0,0,0,0,74" ten="237,223,126,414" oya="3" hai0="108,61,12,28,60,51,39,24,35,8,71,112,52" hai1="16,111,118,76,125,14,85,44,58,124,0,66,98" hai2="29,15,56,100,53,132,122,94,110,81,50,63,72" hai3="31,135,126,117,7,70,30,96,121,134,23,73,33"/><W48/><G70/><T78/><D108/><U62/><E111/><V68/><F110/><W107/><G73/><T40/><D112/><U106/><E0/><V93/><F29/><W20/><G33/><T27/><D39/><U43/><E118/><V104/><F104/><W130/><G48/><T19/><D40/><U67/><E67/><V17/><F132/><W55/><G55/><T38/><D38/><U89/><E76/><V9/><F122/><W32/><G96/><T105/><D105/><U128/><E128/><V1/><F1/><W86/><G107/><T22/><D78/><U49/><E98/><V116/><F100/><W131/><G86/><T36/><D71/><U99/><E99/><V77/><REACH who="2" step="1"/><F116/><REACH who="2" ten="237,223,116,414" step="2"/><W5/><G117/><T113/><D113/><U42/><E106/><V133/><F133/><W95/><G95/><T34/><D34/><U21/><REACH who="1" step="1"/><E43/><REACH who="1" ten="237,213,116,414" step="2"/><V79/><F79/><W47/><G135/><T129/><D129/><U2/><E2/><V64/><AGARI ba="0,2" hai="9,15,17,50,53,56,63,64,68,72,77,81,93,94" machi="64" ten="30,7900,0" yaku="1,1,0,1,52,1,53,1" doraHai="74" doraHaiUra="65" who="2" fromWho="2" sc="237,-20,213,-20,116,99,414,-39" owari="217,2.0,193,-31.0,215,-18.0,375,47.0" /></mjloggm>