<mjloggm ver="2.3"><GO type="41" lobby="0"/><UN n0="%E3%83%9E%E3%83%AA%E3%83%8A" n1="%E3%81%91%E3%82%93%E3%81%9A" n2="%E4%B9%B1%E5%88%87%E3%82%8A" n3="%E2%93%9D%53%75%70%68%78" dan="14,13,15,16" rate="1987.89,2008.69,2016.14,2049.55" sx="F,M,M,M"/><TAIKYOKU oya="0"/><INIT seed="0,0,0,0,2,62" ten="250,250,250,250" oya="0" hai0="12,0,87,67,43,92,75,54,70,71,129,9,10" hai1="90,109,38,74,16,104,40,60,46,39,91,26,128" hai2="66,8,27,20,119,25,89,132,126,28,59,124,83" hai3="1,103,14,134,127,122,95,13,100,45,31,6,32"/><T86/><D75/><U88/><E74/><V69/><F132/><W65/><G127/><N who="2" m="48681" /><F119/><W68/><G1/><T24/><D43/><U130/><E109/><V94/><F8/><W30/><G45/><T29/><D129/><N who="1" m="49771" /><E104/><V99/><F69/><W85/><G32/><T73/><D73/><U42/><E60/><N who="2" m="38175" /><F25/><W102/><G122/><T96/><D71/><U97/><E97/><V93/><F93/><W133/><G95/><T51/><D9/><U113/><E113/><V5/><F5/><W48/><G6/><T11/><D0/><U44/><E26/><V57/><F57/><W34/><G68/><T61/><D10/><U18/><AGARI ba="0,0" hai="16,18,38,39,40,42,44,46,88,90,91" m="49771" machi="18" ten="40,5200,0" yaku="19,1,54,2" doraHai="62" who="1" fromWho="1" sc="250,-26,250,52,250,-13,250,-13" /><INIT seed="1,0,0,1,1,65" ten="224,302,237,237" oya="1" hai0="102,78,108,9,117,6,119,95,22,92,87,12,79" hai1="69,36,24,39,30,106,129,13,123,43,81,70,104" hai2="49,29,80,47,91,94,72,60,21,5,89,107,8" hai3="125,77,76,63,34,110,53,59,23,83,44,122,114"/><U7/><E123/><V93/><F107/><N who="1" m="41001" /><E81/><V67/><F29/><W16/><G114/><T131/><D131/><U58/><E58/><V75/><F21/><W50/><G110/><T97/><D108/><U132/><E13/><V26/><F26/><W38/><G125/><T19/><D119/><U101/><E101/><V105/><F105/><W103/><G38/><N who="1" m="14378" /><E43/><V37/><F37/><W127/><G127/><T126/><D117/><U98/><E98/><V68/><F80/><W128/><G128/><T14/><D126/><U4/><E129/><V57/><F57/><W1/><G103/><T11/><D22/><U0/><E132/><V46/><F46/><W27/><G122/><T61/><D61/><U62/><E62/><V66/><F66/><W56/><G56/><T113/><D113/><U99/><E99/><V118/><F118/><W135/><G135/><T109/><D109/><U48/><E48/><V82/><F82/><W121/><G121/><T100/><D100/><U41/><E41/><V2/><F93/><W90/><G83/><T35/><D95/><U55/><E55/><V124/><F124/><W54/><G54/><T18/><D87/><U134/><E134/><V96/><F91/><W20/><G90/><T112/><D112/><U88/><E88/><V116/><F116/><W45/><G63/><T86/><D86/><U111/><E111/><V85/><F85/><W71/><G53/><AGARI ba="0,0" hai="2,5,8,47,49,53,60,67,68,72,75,89,94,96" machi="53" ten="30,2000,0" yaku="7,1,52,1" doraHai="65" who="2" fromWho="3" sc="224,0,302,0,237,20,237,-20" /><INIT seed="2,0,0,5,0,84" ten="224,302,257,217" oya="2" hai0="37,100,68,65,122,80,32,38,116,34,115,69,86" hai1="2,48,79,16,97,51,64,5,118,1,63,41,131" hai2="109,98,46,57,88,19,92,36,50,85,113,7,20" hai3="35,67,82,29,17,11,125,132,119,73,76,22,78"/><V77/><F113/><W135/><G119/><T70/><D115/><U129/><E79/><V101/><F109/><W94/><G35/><T18/><D116/><U105/><E118/><V96/><F36/><W54/><G67/><T3/><D122/><U110/><E110/><V120/><F120/><W53/><G29/><T112/><D112/><U74/><E74/><V121/><F121/><W117/><G11/><T31/><D65/><U21/><E41/><V134/><F134/><N who="3" m="51243" /><G125/><T43/><D3/><U25/><E5/><V71/><F71/><W126/><G78/><T14/><D100/><U10/><E10/><V95/><F7/><W0/><G0/><T61/><D31/><U108/><E108/><V28/><F28/><W103/><G126/><T30/><D30/><U123/><E123/><V89/><F57/><W47/><G47/><T91/><D61/><U128/><E97/><V33/><F33/><W75/><G75/><T44/><REACH who="0" step="1"/><D38/><REACH who="0" ten="214,302,257,217" step="2"/><U106/><E1/><V4/><F4/><W124/><G124/><T107/><D107/><N who="1" m="40971" /><E2/><V27/><F77/><W9/><G117/><T39/><D39/><U114/><E114/><V40/><F101/><W6/><G6/><T60/><D60/><U66/><E66/><V24/><F85/><W87/><G73/><T42/><D42/><U93/><E64/><V111/><F111/><W56/><G103/><T72/><D72/><U83/><E63/><V58/><F58/><W62/><G62/><T8/><AGARI ba="0,1" hai="8,14,18,32,34,37,43,44,68,69,70,80,86,91" machi="8" ten="30,7900,0" yaku="1,1,0,1,52,1,53,1" doraHai="84" doraHaiUra="81" who="0" fromWho="0" sc="214,89,302,-20,257,-39,217,-20" /><INIT seed="3,0,0,0,5,68" ten="303,282,218,197" oya="3" hai0="134,79,123,41,13,74,26,61,7,97,59,133,30" hai1="39,57,91,51,12,101,75,115,89,120,54,105,32" hai2="72,112,102,103,135,81,130,0,88,98,49,106,8" hai3="53,6,119,100,90,63,86,22,85,56,122,126,131"/><W2/><G119/><T127/><D123/><U116/><E32/><V109/><F109/><W62/><G122/><T64/><D74/><U82/><E120/><V45/><F135/><W36/><G131/><T47/><D79/><U71/><E115/><V23/><F112/><W35/><G35/><T52/><D97/><U20/><E71/><V27/><F130/><W114/><G126/><T3/><D3/><U24/><E12/><V78/><F0/><W11/><G114/><T43/><D43/><U38/><E91/><V129/><F8/><W18/><G100/><T121/><D121/><U104/><E104/><V124/><F124/><W5/><G36/><N who="0" m="21927" /><D127/><U19/><E75/><V48/><F129/><W1/><G86/><T66/><D13/><U34/><E34/><V93/><F45/><W65/><G2/><T132/><D7/><U73/><E73/><V117/><F117/><W14/><G6/><T92/><D92/><U99/><REACH who="1" step="1"/><E116/><REACH who="1" ten="303,272,218,197" step="2"/><V96/><REACH who="2" step="1"/><F103/><REACH who="2" ten="303,272,208,197" step="2"/><W4/><G1/><T76/><D76/><U21/><E21/><AGARI ba="0,2" hai="21,26,30,52,59,61,64,66,132,133,134" m="21927" machi="21" ten="30,3900,0" yaku="20,1,52,1,54,1" doraHai="68" who="0" fromWho="1" sc="303,59,272,-39,208,0,197,0" /><INIT seed="4,0,0,2,1,83" ten="362,233,208,197" oya="0" hai0="109,95,61,108,134,10,75,66,106,35,101,52,69" hai1="3,81,47,5,59,78,23,131,32,104,0,112,20" hai2="67,60,72,125,55,31,64,99,29,118,79,89,130" hai3="117,48,37,87,41,123,62,33,102,44,70,38,22"/><T86/><D75/><U129/><E104/><V49/><F125/><W120/><G33/><T80/><D35/><U119/><E32/><V100/><F130/><W88/><G102/><T27/><D106/><U97/><E97/><V15/><F118/><W127/><G117/><T91/><D27/><U135/><E47/><V36/><F36/><W51/><G22/><T121/><D121/><N who="3" m="46665" /><G127/><T58/><D10/><U82/><E59/><V103/><F79/><W50/><G38/><T26/><D134/><U28/><E78/><V21/><F72/><W76/><G76/><T18/><D101/><U43/><E43/><V116/><F116/><W126/><G126/><T14/><D95/><U74/><E119/><V13/><F21/><W16/><G16/><T73/><D26/><U42/><E74/><V133/><F133/><W9/><G9/><T92/><D73/><U11/><E135/><V90/><F55/><W34/><G34/><T45/><D92/><U40/><E28/><V25/><F25/><W53/><G53/><T54/><D54/><U17/><E11/><V2/><F2/><W57/><G57/><T115/><D45/><U111/><E17/><V105/><F105/><W7/><G7/><T12/><D18/><U63/><E5/><V24/><F24/><W85/><G88/><T122/><D122/><U93/><E93/><V113/><F99/><W71/><G71/><T4/><D4/><U124/><E124/><V56/><F56/><W1/><G1/><T6/><D6/><U19/><E0/><V110/><F103/><W65/><AGARI ba="0,0" hai="37,41,44,48,50,51,62,65,70,85,87" m="46665" machi="65" ten="40,5200,0" yaku="13,1,52,2" doraHai="83" who="3" fromWho="3" sc="362,-26,233,-13,208,-13,197,52" /><INIT seed="5,0,0,2,0,130" ten="336,220,195,249" oya="1" hai0="52,99,94,116,63,27,117,81,82,64,93,109,0" hai1="127,120,56,2,16,6,100,35,72,31,9,62,128" hai2="54,121,76,104,87,55,79,85,3,132,13,119,70" hai3="29,47,113,88,53,124,60,48,98,92,22,8,37"/><U111/><E72/><V1/><F119/><W7/><G113/><T68/><D109/><U125/><E120/><V110/><F121/><W58/><G124/><N who="1" m="47690" /><E100/><V83/><F110/><W108/><G37/><T118/><D0/><U84/><E84/><V131/><F131/><W101/><G108/><T78/><D27/><N who="1" m="18943" /><E111/><V14/><F83/><W42/><G22/><T39/><D39/><U90/><E90/><V20/><F20/><W135/><G29/><T80/><D78/><U114/><E62/><V23/><F23/><W77/><G77/><T49/><REACH who="0" step="1"/><D99/><REACH who="0" ten="326,220,195,249" step="2"/><U61/><E128/><V4/><F79/><W32/><G32/><T91/><D91/><U33/><E114/><V65/><F76/><W40/><G101/><T34/><D34/><U57/><E33/><V50/><F1/><W18/><G98/><T74/><D74/><U24/><E61/><V5/><F3/><W103/><G103/><T41/><D41/><U71/><E71/><V28/><F70/><W30/><G42/><T106/><D106/><U44/><E44/><AGARI ba="0,1" hai="44,49,52,63,64,68,80,81,82,93,94,116,117,118" machi="44" ten="50,3200,0" yaku="1,1,54,1,53,0" doraHai="130" doraHaiUra="97" who="0" fromWho="1" sc="326,42,220,-32,195,0,249,0" /><INIT seed="6,0,0,3,4,84" ten="368,188,195,249" oya="2" hai0="44,87,69,101,0,132,125,68,65,70,1,8,28" hai1="4,35,29,96,25,51,11,19,54,32,41,18,13" hai2="14,78,75,73,130,100,31,127,112,74,71,62,66" hai3="121,90,34,7,50,37,49,98,39,86,17,97,72"/><V128/><F112/><W45/><G72/><T99/><D125/><U15/><E41/><V23/><F127/><W16/><G34/><N who="1" m="12842" /><E54/><V83/><F100/><W110/><G7/><T12/><D28/><U47/><E51/><V104/><F104/><W81/><G110/><T48/><D132/><U59/><E59/><V106/><F106/><W21/><G121/><T93/><D65/><U113/><E47/><V55/><F55/><W27/><G39/><T77/><D77/><U131/><E96/><N who="3" m="36970" /><G37/><T115/><D87/><U114/><E131/><N who="2" m="50219" /><F14/><N who="1" m="5129" /><E114/><V85/><F23/><N who="3" m="13799" /><G45/><T116/><D115/><U91/><E91/><V3/><F3/><W24/><AGARI ba="0,0" hai="17,21,24,49,50,81,86,90" m="13799,36970" machi="24" ten="30,4000,0" yaku="8,1,52,1,54,1" doraHai="84" who="3" fromWho="3" sc="368,-10,188,-10,195,-20,249,40" /><INIT seed="7,0,0,4,4,62" ten="358,178,175,289" oya="3" hai0="90,71,54,18,115,86,24,82,127,64,89,37,72" hai1="16,45,98,57,36,77,47,12,11,120,116,128,63" hai2="75,20,28,96,17,40,93,58,79,7,61,133,73" hai3="103,124,59,1,117,126,8,34,88,44,100,42,102"/><W80/><G34/><T43/><D127/><N who="3" m="48681" /><G59/><T19/><D72/><U35/><E120/><V135/><F40/><W104/><G117/><T2/><D2/><U134/><E77/><V107/><F107/><W83/><G104/><T112/><D54/><U27/><E134/><N who="2" m="51211" /><F7/><N who="3" m="1135" /><G88/><T39/><D90/><U10/><E128/><V99/><F28/><W49/><AGARI ba="0,0" hai="42,44,49,80,83,100,102,103" m="1135,48681" machi="49" ten="30,1500,0" yaku="18,1" doraHai="62" who="3" fromWho="3" sc="358,-5,178,-5,175,-5,289,15" /><INIT seed="7,1,0,5,4,106" ten="353,173,170,304" oya="3" hai0="49,11,22,118,126,77,9,130,116,133,45,80,134" hai1="75,120,124,59,95,78,89,60,25,65,55,46,3" hai2="132,115,18,0,123,44,41,72,103,102,114,74,90" hai3="108,50,4,27,117,26,13,28,33,56,112,54,88"/><W40/><G117/><T70/><D70/><U29/><E3/><V93/><F132/><N who="0" m="50794" /><D126/><U15/><E120/><V7/><F123/><W57/><G112/><N who="2" m="43049" /><F18/><W125/><G125/><T20/><D22/><U111/><E111/><V66/><F66/><W1/><G108/><T82/><D82/><U100/><E100/><N who="2" m="38443" /><F7/><W14/><G40/><N who="0" m="24743" /><D20/><U104/><E104/><V122/><F0/><W85/><G27/><T8/><D130/><U67/><E15/><V52/><F52/><W94/><REACH who="3" step="1"/><G57/><REACH who="3" ten="353,173,170,294" step="2"/><T62/><D62/><U68/><E124/><V87/><F122/><W128/><G128/><T105/><D105/><U107/><E107/><V31/><F31/><W43/><G43/><T53/><D53/><U131/><E131/><V73/><F73/><AGARI ba="1,1" hai="8,9,11,73,77,80,116,118" m="24743,50794" machi="73" ten="30,2000,0" yaku="20,1,52,1" doraHai="106" who="0" fromWho="2" sc="353,33,173,0,170,-23,294,0" owari="386,49.0,173,-23.0,147,-35.0,294,9.0" /></mjloggm>