<mjloggm ver="2.3"><GO type="41" lobby="0"/><UN n0="%E5%BA%84%E5%8F%B8%E5%81%A5%E5%A4%AA%E6%9C%97" n1="%E2%93%9D%53%75%70%68%78" n2="%E3%82%A8%E3%82%B9" n3="%E9%89%84%E4%B8%B8" dan="13,18,13,15" rate="1840.83,2097.54,1829.66,1989.47" sx="M,M,M,M"/><TAIKYOKU oya="0"/><INIT seed="0,0,0,1,5,41" ten="250,250,250,250" oya="0" hai0="10,26,58,8,0,37,29,38,51,135,70,121,115" hai1="3,83,78,73,109,126,45,6,34,16,85,89,96" hai2="62,133,130,36,55,24,128,31,57,27,56,75,123" hai3="119,68,102,11,9,95,84,112,67,4,131,111,25"/><T39/><D115/><U65/><E34/><V48/><F75/><W40/><G112/><T122/><D70/><U61/><E109/><V100/><F100/><W18/><G119/><T86/><D135/><U97/><E126/><V94/><F123/><W35/><G131/><T54/><D86/><U7/><E3/><V87/><F36/><W44/><G68/><T50/><D0/><U125/><E125/><V30/><F133/><W110/><G67/><T64/><D64/><U23/><E45/><V132/><F132/><W79/><G102/><T113/><D113/><U124/><E124/><V2/><F2/><W42/><G42/><T32/><D10/><U74/><E74/><V120/><F120/><W28/><G18/><T69/><D69/><U53/><E53/><V47/><F130/><W20/><G20/><T93/><D8/><U80/><E97/><V117/><F117/><W72/><G72/><T33/><D33/><U129/><E96/><V104/><F104/><W13/><G9/><T103/><D103/><U127/><E129/><V71/><F71/><W66/><G66/><T21/><D93/><U99/><E99/><V1/><F1/><W15/><G15/><T14/><D32/><U81/><E81/><V88/><F128/><W19/><G19/><T106/><D106/><U92/><E83/><V118/><F118/><W5/><G5/><T43/><REACH who="0" step="1"/><D14/><REACH who="0" ten="240,250,250,250" step="2"/><N who="1" m="9623" /><E127/><V12/><F12/><W107/><G107/><T116/><D116/><U22/><E22/><N who="2" m="15639" /><F62/><W76/><G111/><T90/><D90/><U52/><E65/><V77/><F77/><W134/><G110/><RYUUKYOKU ba="0,1" sc="240,10,250,10,250,10,250,-30" hai0="21,26,29,37,38,39,43,50,51,54,58,121,122" hai1="6,7,52,61,73,78,80,85,89,92" hai2="27,31,47,48,55,56,57,87,88,94" /><INIT seed="0,1,1,4,3,87" ten="250,260,260,220" oya="0" hai0="112,68,60,59,100,4,5,18,101,96,134,42,83" hai1="51,54,32,30,97,109,66,29,88,21,56,105,62" hai2="108,24,49,103,111,122,2,36,102,39,115,110,10" hai3="3,25,117,19,118,131,89,69,33,55,52,53,7"/><T8/><D112/><U65/><E32/><V48/><F115/><W94/><G131/><T82/><D68/><U72/><E72/><V128/><F122/><W93/><G69/><T71/><D71/><U40/><E109/><V114/><F114/><W35/><G3/><T119/><D134/><U86/><E105/><V47/><F128/><W107/><G7/><T64/><D101/><N who="2" m="38410" /><F24/><W79/><G107/><T1/><D5/><U38/><E97/><V45/><F2/><W26/><G79/><T78/><D42/><U92/><E38/><N who="2" m="14379" /><F10/><W13/><G55/><T44/><D44/><AGARI ba="1,1" hai="44,45,47,48,49,108,110,111" m="14379,38410" machi="44" ten="40,5200,0" yaku="28,2,14,1" doraHai="87" who="2" fromWho="0" sc="250,-55,260,0,260,65,220,0" /><INIT seed="1,0,0,0,5,119" ten="195,260,325,220" oya="1" hai0="36,75,47,101,94,103,2,20,17,112,80,73,5" hai1="97,72,74,33,102,38,45,15,106,13,77,46,19" hai2="14,79,22,40,113,66,69,39,129,76,108,91,99" hai3="27,63,71,49,35,134,30,43,120,92,78,86,3"/><U111/><E33/><V88/><F113/><W124/><G124/><T9/><D103/><U64/><E64/><V117/><F117/><W105/><G134/><T90/><D101/><U82/><E111/><V55/><F69/><W116/><G3/><T93/><D112/><U130/><E130/><V4/><F66/><W61/><G105/><T44/><D44/><U98/><E98/><V131/><F39/><W24/><G120/><T31/><D31/><U122/><E122/><V115/><F40/><W48/><G116/><T32/><D32/><U29/><E29/><V85/><F115/><W60/><G27/><T128/><D128/><N who="2" m="49226" /><F55/><W58/><G71/><T84/><D94/><U95/><E74/><V118/><F118/><W28/><G28/><T125/><D125/><U10/><E38/><V83/><F4/><W12/><G12/><T121/><D121/><U65/><E65/><V123/><F123/><W68/><G68/><T110/><D110/><U126/><E126/><V87/><F14/><W0/><G0/><T56/><D36/><U81/><E106/><V11/><F11/><W18/><G43/><T57/><D47/><U67/><E67/><V89/><F22/><W41/><G41/><T62/><D57/><U100/><E100/><V8/><F8/><W127/><G127/><T16/><D80/><U107/><E107/><V133/><F133/><W52/><G18/><N who="0" m="7275" /><D20/><N who="1" m="11375" /><E82/><N who="2" m="47303" /><F108/><W135/><G135/><T104/><D104/><U59/><E59/><V42/><F42/><W114/><G114/><T70/><D70/><U1/><E15/><V34/><F34/><W25/><G35/><RYUUKYOKU ba="0,0" sc="195,10,260,10,325,10,220,-30" hai0="2,5,9,56,62,73,75,84,90,93" hai1="1,10,45,46,72,77,81,95,97,102" hai2="79,83,87,88,89,91,99" /><INIT seed="1,1,0,3,2,8" ten="205,270,335,190" oya="1" hai0="117,53,75,33,76,35,44,37,24,128,20,11,55" hai1="49,4,21,70,73,78,133,135,81,98,114,14,91" hai2="131,59,121,96,113,97,22,12,40,41,54,66,125" hai3="93,101,47,134,46,79,60,109,7,87,51,74,15"/><U115/><E70/><V89/><F121/><W30/><G109/><T88/><D117/><U0/><E0/><V5/><F113/><W45/><G134/><N who="1" m="51210" /><E49/><V27/><F66/><W58/><G74/><T118/><D118/><U119/><E119/><V19/><F131/><W84/><G30/><T100/><D100/><U6/><E91/><V26/><F125/><W65/><G79/><T110/><D110/><U3/><E3/><V56/><F5/><N who="1" m="2153" /><E98/><N who="2" m="37995" /><F89/><W90/><G101/><T122/><D122/><U57/><E57/><N who="2" m="22091" /><F54/><N who="3" m="30079" /><G84/><T2/><D2/><U69/><E69/><V83/><F83/><W82/><G82/><T61/><D75/><U23/><E23/><V77/><F77/><W64/><G64/><T52/><D128/><U38/><E38/><V50/><F50/><W29/><G29/><T104/><D76/><U103/><E103/><V85/><F85/><W129/><G129/><T106/><D35/><U31/><E31/><V71/><F71/><W127/><G127/><T112/><D33/><U25/><E115/><V107/><F107/><W86/><G86/><T123/><D112/><U95/><E114/><V102/><F102/><W63/><G60/><T13/><D61/><U132/><E132/><V39/><F39/><W72/><G72/><T32/><D32/><U111/><E111/><V34/><F34/><W10/><AGARI ba="1,0" hai="7,10,15,45,46,58,63,65,87,90,93" m="30079" machi="10" ten="30,2000,0" yaku="8,1,52,1" doraHai="8" who="3" fromWho="3" sc="205,-6,270,-11,335,-6,190,23" /><INIT seed="2,0,0,5,4,133" ten="199,259,329,213" oya="2" hai0="110,49,20,36,11,91,33,99,64,97,23,17,55" hai1="93,132,94,104,67,77,134,82,30,109,100,19,29" hai2="40,12,34,107,70,127,1,118,122,24,53,88,48" hai3="90,51,135,80,87,124,66,27,65,96,81,129,62"/><V123/><F107/><W79/><G135/><N who="1" m="51754" /><E67/><V60/><F1/><W74/><G129/><T117/><D36/><U35/><E19/><V112/><F112/><W61/><G51/><T47/><D33/><U68/><E68/><V130/><F118/><W52/><G96/><T21/><D110/><U128/><E35/><V45/><F127/><W38/><G124/><T63/><D117/><U43/><E43/><V10/><F130/><W108/><G38/><T28/><D28/><N who="1" m="10859" /><E109/><V13/><F13/><W76/><G108/><T98/><D11/><U8/><E8/><V120/><F34/><W54/><G27/><T115/><D115/><U106/><E128/><V57/><F24/><W3/><G3/><T84/><D17/><U92/><E100/><V15/><F10/><W111/><G111/><T22/><N who="0" m="5120" /><DORA hai="102" /><T16/><D16/><U114/><E114/><V46/><F70/><W4/><G4/><T86/><REACH who="0" step="1"/><D91/><REACH who="0" ten="189,259,329,213" step="2"/><U58/><E58/><AGARI ba="0,1" hai="47,49,55,58,63,64,84,86,97,98,99" m="5120" machi="58" ten="50,8000,1" yaku="1,1,2,1,8,1,53,1" doraHai="133,102" doraHaiUra="78,59" who="0" fromWho="1" sc="189,90,259,-80,329,0,213,0" /><INIT seed="3,0,0,4,1,16" ten="279,179,329,213" oya="3" hai0="68,118,134,128,57,29,45,38,6,129,27,42,33" hai1="105,9,40,110,72,83,63,124,56,122,71,106,108" hai2="66,125,55,89,91,70,1,49,130,95,39,22,58" hai3="114,74,93,34,100,17,4,44,15,10,75,113,133"/><W80/><G133/><T88/><D68/><U123/><E9/><V20/><F1/><W60/><G34/><T12/><D118/><U86/><E40/><V0/><F0/><W54/><G114/><T78/><D134/><U94/><E56/><V62/><F130/><W77/><G113/><T111/><D111/><N who="1" m="42539" /><E63/><V46/><F125/><W81/><G81/><T67/><D78/><N who="1" m="44487" /><E71/><V43/><F91/><W121/><G121/><N who="1" m="46090" /><E124/><V52/><F55/><W126/><G126/><T13/><D67/><U11/><E11/><V50/><REACH who="2" step="1"/><F49/><REACH who="2" ten="279,179,319,213" step="2"/><W41/><G54/><T119/><D88/><AGARI ba="0,1" hai="86,88,94,105,106" m="46090,44487,42539" machi="88" ten="30,7700,0" yaku="14,1,34,2,54,1" doraHai="16" who="1" fromWho="0" sc="279,-77,179,87,319,0,213,0" /><INIT seed="4,0,0,3,4,55" ten="202,266,319,213" oya="0" hai0="115,80,77,113,106,65,92,31,95,41,30,70,103" hai1="48,43,18,135,3,20,68,45,96,88,101,44,8" hai2="57,127,71,84,29,66,78,33,91,100,22,76,14" hai3="36,13,58,52,7,122,104,23,49,12,6,61,98"/><T39/><D39/><U27/><E68/><V35/><F71/><W4/><G36/><T5/><D41/><U99/><E135/><V97/><F127/><W51/><G122/><T28/><D5/><U108/><E108/><V63/><F35/><W16/><G104/><T19/><D106/><U126/><E126/><V42/><F42/><W87/><G98/><T62/><D19/><U74/><E74/><V25/><F33/><W26/><G87/><T120/><D120/><U0/><E45/><V46/><F46/><W60/><G60/><T102/><D95/><U81/><E8/><V111/><F14/><AGARI ba="0,0" hai="4,6,7,12,13,14,16,23,26,49,51,52,58,61" machi="14" ten="40,8000,1" yaku="8,1,52,1,54,2" doraHai="55" who="3" fromWho="2" sc="202,0,266,0,319,-80,213,80" /><INIT seed="5,0,0,1,4,89" ten="202,266,239,293" oya="1" hai0="29,2,51,57,41,33,92,47,4,73,100,104,126" hai1="56,120,10,77,107,34,75,68,101,81,28,25,78" hai2="95,97,69,64,6,53,114,14,67,134,42,103,74" hai3="46,20,18,12,122,1,39,3,31,0,45,102,8"/><U90/><E120/><V80/><F42/><W17/><G122/><T93/><D73/><U118/><E118/><V15/><F134/><W22/><G102/><T76/><D126/><U30/><E78/><V110/><F110/><W84/><G84/><T70/><D70/><U58/><E30/><V88/><F69/><W48/><G39/><T86/><D104/><U108/><E108/><V113/><F53/><W98/><G98/><T32/><D100/><U24/><E24/><V71/><F71/><W72/><G72/><T59/><D33/><U27/><E27/><V55/><F55/><W16/><G46/><T123/><D123/><U5/><E90/><V115/><F6/><W133/><G133/><T130/><D32/><U111/><E68/><V49/><F49/><W87/><G87/><T129/><D29/><U66/><E66/><N who="2" m="25131" /><F103/><W44/><G44/><T105/><D105/><U131/><E111/><V13/><F74/><W94/><G31/><T79/><D2/><U117/><E117/><V11/><F80/><W125/><G125/><T85/><D4/><U121/><E121/><V9/><AGARI ba="0,0" hai="9,11,13,14,15,88,95,97,113,114,115" m="25131" machi="9" ten="40,8000,1" yaku="15,1,11,1,52,1,54,1" doraHai="89" who="2" fromWho="2" sc="202,-20,266,-40,239,80,293,-20" /><INIT seed="6,0,0,1,0,134" ten="182,226,319,273" oya="2" hai0="37,65,32,18,125,16,53,115,46,20,67,25,1" hai1="41,117,104,130,47,128,120,70,80,31,40,59,103" hai2="38,79,123,36,92,10,24,78,6,29,109,11,83" hai3="97,132,116,73,14,112,118,22,90,55,102,17,28"/><V13/><F123/><W111/><G111/><T81/><D115/><U0/><E0/><V54/><F109/><W119/><G73/><T61/><D32/><U66/><E80/><V126/><F79/><W84/><G132/><T98/><D1/><U60/><E31/><V75/><F126/><W23/><G112/><T71/><D67/><U122/><E103/><V19/><F54/><W133/><G133/><T107/><D81/><U114/><E104/><V42/><F92/><W3/><G3/><T68/><D125/><U77/><E77/><V43/><F38/><W94/><G55/><T21/><D71/><U9/><E9/><V45/><F43/><N who="1" m="16457" /><E117/><V34/><F11/><W27/><REACH who="3" step="1"/><G119/><REACH who="3" ten="182,226,319,263" step="2"/><T85/><D53/><N who="1" m="33903" /><E114/><V33/><F6/><W89/><G89/><T100/><D37/><U127/><E127/><V56/><REACH who="2" step="1"/><F56/><REACH who="2" ten="182,226,309,263" step="2"/><W129/><G129/><N who="1" m="49770" /><E47/><V8/><F8/><W49/><G49/><T2/><D46/><U50/><E50/><V4/><F4/><W12/><G12/><T48/><D48/><U106/><E106/><AGARI ba="0,2" hai="14,17,22,23,27,28,84,90,94,97,102,106,116,118" machi="106" ten="30,2000,0" yaku="1,1,7,1,53,0" doraHai="134" doraHaiUra="39" who="3" fromWho="1" sc="182,0,226,-20,309,0,263,40" /><INIT seed="7,0,0,3,4,72" ten="182,206,309,303" oya="3" hai0="134,67,94,56,43,46,79,82,120,23,119,20,32" hai1="84,99,129,100,76,78,65,77,103,38,34,42,135" hai2="133,73,132,86,8,44,13,61,131,45,71,33,127" hai3="113,59,74,27,6,24,126,7,50,115,17,108,51"/><W3/><G74/><T98/><D119/><U106/><E34/><V92/><F33/><W124/><G108/><T75/><D120/><U11/><E65/><V21/><F73/><W118/><G118/><T22/><D32/><U110/><E110/><V12/><F131/><W1/><G17/><T52/><D67/><U95/><E38/><V53/><F127/><W81/><G59/><T96/><D134/><N who="2" m="51818" /><F71/><W87/><G87/><T130/><D130/><U123/><E42/><V14/><F21/><W93/><G93/><T122/><D122/><U89/><E11/><V16/><F45/><W111/><G111/><T114/><D114/><U88/><E135/><V29/><F29/><W121/><G81/><T25/><D25/><U36/><E36/><V5/><F5/><W128/><G121/><T101/><D98/><N who="1" m="61719" /><E123/><V37/><F37/><W9/><G9/><T40/><REACH who="0" step="1"/><D46/><REACH who="0" ten="172,206,309,303" step="2"/><U31/><E129/><AGARI ba="0,1" hai="1,3,6,7,24,27,50,51,113,115,124,126,128,129" machi="129" ten="25,2400,0" yaku="22,2" doraHai="72" who="3" fromWho="1" sc="172,0,206,-24,309,0,303,34" owari="172,-33.0,182,-22.0,309,11.0,337,44.0" /></mjloggm>