<mjloggm ver="2.3"><GO type="41" lobby="0"/><UN n0="%E3%81%8A%EF%BD%90%EF%BD%94" n1="%48%65%69%68%65%69%30%35" n2="%6B%75%73%6F%E6%AD%A3%E5%AE%97" n3="%E2%93%9D%53%75%70%68%78" dan="14,16,15,16" rate="1898.12,2080.11,2032.02,2032.12" sx="M,M,M,M"/><TAIKYOKU oya="0"/><INIT seed="0,0,0,0,5,59" ten="250,250,250,250" oya="0" hai0="29,132,47,51,22,83,21,69,135,10,73,68,106" hai1="40,17,25,15,11,128,31,50,0,71,114,118,121" hai2="113,1,33,43,34,4,119,56,70,108,62,57,66" hai3="30,124,87,27,90,127,14,53,77,65,16,78,126"/><T80/><D106/><U89/><E118/><V125/><F113/><W95/><G65/><T85/><D73/><U111/><E71/><V12/><F119/><W42/><G42/><T3/><D3/><U58/><E111/><V103/><F1/><W107/><G107/><T26/><D10/><U37/><E37/><V41/><F103/><W39/><G53/><T84/><D51/><U123/><E128/><V44/><F43/><W72/><G39/><T7/><D47/><U13/><E0/><V18/><F4/><W91/><G91/><T105/><D105/><U134/><E134/><N who="0" m="51241" /><D7/><U8/><E114/><V104/><F104/><W46/><G46/><T93/><D93/><U54/><E40/><V75/><F75/><W100/><G100/><T112/><D112/><U36/><E36/><V92/><F92/><W60/><G72/><T61/><D21/><U2/><E2/><V122/><F44/><W86/><G86/><N who="0" m="33387" /><D69/><U102/><E89/><V19/><F41/><W110/><G110/><T6/><D6/><U64/><E102/><V96/><F108/><W130/><G130/><T82/><D68/><U133/><E133/><V23/><F70/><W120/><G127/><T63/><AGARI ba="0,0" hai="22,26,29,61,63,80,82,83" m="33387,51241" machi="63" ten="40,7800,0" yaku="20,1,52,2" doraHai="59" who="0" fromWho="0" sc="250,78,250,-26,250,-26,250,-26" /><INIT seed="0,1,0,1,5,130" ten="328,224,224,224" oya="0" hai0="67,120,3,15,61,85,124,131,118,111,11,117,2" hai1="52,121,9,43,55,40,12,81,44,50,24,21,38" hai2="28,110,23,127,113,98,51,78,126,82,34,66,114" hai3="4,94,30,74,13,48,88,125,39,107,90,0,8"/><T65/><D120/><U18/><E121/><V102/><F34/><W80/><G107/><T79/><D131/><U1/><E1/><V42/><F66/><W59/><G39/><T19/><D124/><N who="2" m="47658" /><F28/><W132/><G125/><T86/><D111/><U115/><E115/><V128/><F23/><W106/><G106/><T31/><D31/><U76/><E38/><V122/><F122/><W64/><G0/><T99/><D99/><U41/><E55/><V53/><F42/><W47/><G74/><T84/><D79/><U91/><E76/><V83/><F110/><W105/><G105/><T69/><REACH who="0" step="1"/><D67/><REACH who="0" ten="318,224,224,224" step="2"/><U129/><E129/><V70/><F128/><W87/><G30/><T77/><D77/><U36/><E36/><V57/><F78/><W71/><G64/><T56/><D56/><U45/><E45/><V5/><F114/><W96/><G59/><T97/><D97/><U100/><E100/><V109/><F109/><W22/><G71/><T46/><D46/><U14/><E91/><V32/><F70/><W133/><REACH who="3" step="1"/><G22/><REACH who="3" ten="318,224,224,214" step="2"/><T135/><D135/><U17/><E81/><V116/><F113/><W6/><G6/><T37/><D37/><U89/><E89/><V123/><F123/><W62/><G62/><T68/><D68/><U101/><E101/><V10/><F83/><W63/><G63/><T103/><D103/><U54/><E54/><AGARI ba="1,2" hai="4,8,13,47,48,54,80,87,88,90,94,96,132,133" machi="54" ten="40,8000,1" yaku="1,1,52,2,54,1,53,1" doraHai="130" doraHaiUra="93" who="3" fromWho="1" sc="318,0,224,-83,224,0,214,103" /><INIT seed="1,0,0,3,5,29" ten="318,141,224,317" oya="1" hai0="23,39,40,46,128,3,25,52,123,55,43,90,7" hai1="57,130,32,66,67,83,93,134,84,105,122,5,36" hai2="6,45,26,88,124,16,91,132,10,92,53,63,64" hai3="56,82,106,135,114,38,109,104,61,111,79,19,30"/><U94/><E105/><V20/><F124/><W110/><G114/><T107/><D128/><U51/><E122/><V108/><F108/><W85/><G38/><T34/><D34/><U21/><E36/><V48/><F132/><W71/><G71/><T121/><D107/><U119/><E119/><V35/><F35/><W120/><G120/><N who="0" m="46155" /><D43/><U13/><E134/><V0/><REACH who="2" step="1"/><F92/><REACH who="2" ten="318,141,214,317" step="2"/><W28/><G135/><T76/><D39/><U129/><E32/><V70/><AGARI ba="0,1" hai="0,6,10,16,20,26,45,48,53,63,64,70,88,91" machi="70" ten="20,12000,2" yaku="1,1,2,1,0,1,7,1,54,2,53,0" doraHai="29" doraHaiUra="31" who="2" fromWho="2" sc="318,-30,141,-60,214,130,317,-30" /><INIT seed="2,0,0,4,1,46" ten="288,81,344,287" oya="2" hai0="47,96,19,116,60,24,74,51,121,110,120,125,63" hai1="76,72,101,119,113,85,94,25,49,28,7,13,68" hai2="78,42,75,131,17,109,38,54,105,98,41,83,99" hai3="64,0,11,130,135,14,10,23,95,3,50,100,52"/><V66/><F131/><W37/><G37/><T69/><D74/><U89/><E68/><V40/><F38/><W32/><G32/><T102/><D110/><U126/><E119/><V44/><F66/><W77/><G135/><T114/><D116/><U62/><E113/><V21/><F109/><W4/><G130/><T45/><D45/><U103/><E126/><V118/><F118/><W5/><G64/><T104/><D125/><U31/><E62/><V124/><F105/><W81/><G95/><T106/><D106/><U107/><E107/><V34/><F34/><W123/><G100/><T87/><D114/><U82/><E28/><V112/><F124/><W86/><G23/><T22/><D87/><U36/><E36/><V91/><F91/><W6/><G123/><T57/><D69/><U132/><E132/><V117/><F112/><W70/><G70/><T8/><D8/><U12/><E12/><V108/><F108/><W80/><G80/><T59/><D63/><U122/><E122/><V29/><F29/><W129/><G129/><T43/><REACH who="0" step="1"/><D59/><REACH who="0" ten="278,81,344,287" step="2"/><U33/><E72/><V79/><F117/><W92/><G92/><T27/><D27/><U30/><E94/><V18/><F75/><W16/><G3/><T65/><AGARI ba="0,1" hai="19,22,24,43,47,51,57,60,65,96,102,104,120,121" machi="65" ten="20,8000,1" yaku="1,1,0,1,7,1,52,1,53,1" doraHai="46" doraHaiUra="39" who="0" fromWho="0" sc="278,90,81,-20,344,-40,287,-20" /><INIT seed="3,0,0,0,5,44" ten="368,61,304,267" oya="3" hai0="92,63,37,9,46,105,13,66,18,120,135,48,27" hai1="75,58,112,83,1,97,132,38,101,72,31,113,80" hai2="103,115,32,82,65,133,114,128,119,68,88,70,93" hai3="110,96,116,61,129,51,25,35,71,121,59,131,29"/><W20/><G116/><T54/><D135/><U42/><E31/><V33/><F119/><W26/><G121/><T8/><D120/><U64/><E64/><V6/><F133/><W30/><G71/><T69/><D105/><U36/><E58/><V43/><F128/><W14/><G110/><T49/><D27/><U89/><E132/><V3/><F103/><W52/><G14/><T40/><D92/><U91/><E42/><V107/><F82/><W84/><G84/><T50/><REACH who="0" step="1"/><D8/><REACH who="0" ten="358,61,304,267" step="2"/><U7/><E1/><V0/><F107/><W60/><REACH who="3" step="1"/><G96/><REACH who="3" ten="358,61,304,257" step="2"/><T19/><D19/><U108/><E97/><N who="2" m="57511" /><F3/><W10/><G10/><T2/><D2/><U45/><E108/><V124/><F0/><W95/><G95/><T56/><AGARI ba="0,2" hai="9,13,18,37,40,46,48,49,50,54,56,63,66,69" machi="56" ten="20,16000,3" yaku="1,1,0,1,7,1,24,2,52,3,53,0" doraHai="44" doraHaiUra="79" who="0" fromWho="0" sc="358,180,61,-40,304,-40,257,-80" /><INIT seed="4,0,0,5,1,58" ten="538,21,264,177" oya="0" hai0="5,70,130,131,65,128,92,61,16,6,49,56,120" hai1="88,43,35,69,10,26,53,91,79,115,100,20,2" hai2="28,34,45,111,134,135,116,96,86,108,104,99,0" hai3="11,47,113,121,95,62,15,9,101,31,93,119,109"/><T73/><D73/><U124/><E69/><V126/><F0/><W125/><G113/><T23/><D92/><U89/><E35/><V60/><F28/><W37/><G125/><T107/><D107/><U14/><E124/><V50/><F34/><W84/><G109/><T17/><D120/><U24/><E115/><V90/><F126/><W55/><G119/><T40/><D17/><U117/><E117/><V57/><F116/><W105/><G37/><T39/><D39/><U106/><E79/><V27/><F27/><W112/><G11/><T3/><D3/><U102/><E2/><V12/><F12/><W59/><G105/><T80/><D80/><U85/><E106/><V54/><F111/><W33/><G121/><T4/><D70/><U68/><E68/><V63/><F108/><W13/><G13/><N who="0" m="9615" /><D4/><N who="1" m="3399" /><E43/><V41/><F104/><W75/><G75/><T82/><D82/><N who="1" m="49335" /><E53/><V44/><F135/><W97/><G112/><T98/><D98/><N who="2" m="37418" /><F134/><W127/><G127/><T129/><N who="0" m="32768" /><DORA hai="38" /><T46/><AGARI ba="0,0" hai="5,6,40,46,49,56,61,65" m="32768,9615" machi="46" ten="60,12000,1" yaku="4,1,19,1,52,2,54,1" doraHai="58,38" who="0" fromWho="0" sc="538,120,21,-40,264,-40,177,-40" owari="658,76.0,-19,-52.0,224,2.0,137,-26.0" /></mjloggm>