<mjloggm ver="2.3"><GO type="41" lobby="0"/><UN n0="%E4%BA%BA%E5%8F%82%E5%BD%B9%E8%80%85%E3%81%8F%E3%82%93" n1="%E3%81%8D%E3%82%83%E3%83%BC%E3%82%8D%E3%82%93" n2="%E2%93%9D%53%75%70%68%78" n3="%E3%83%AC%E3%82%AA%E3%83%B3%E3%83%8F%E3%83%AB%E3%83%88" dan="14,15,18,15" rate="1998.54,2032.29,2157.32,2027.62" sx="M,M,M,M"/><TAIKYOKU oya="0"/><INIT seed="0,0,0,1,0,32" ten="250,250,250,250" oya="0" hai0="53,55,84,126,97,3,38,99,121,44,65,131,120" hai1="11,68,79,60,93,13,62,50,30,25,35,69,72" hai2="71,33,66,109,122,24,78,90,81,117,134,75,9" hai3="130,59,87,40,135,113,127,0,31,108,86,95,91"/><T23/><D131/><U100/><E72/><V101/><F122/><W74/><G31/><T7/><D65/><U119/><E79/><V110/><F134/><W29/><G29/><T5/><D126/><U26/><E119/><V129/><F90/><W15/><G15/><T98/><D84/><U102/><E50/><V64/><F101/><W116/><G59/><T54/><D23/><U20/><E69/><V115/><F115/><W76/><G40/><T67/><D67/><U46/><E46/><V58/><F129/><W12/><G12/><T49/><D38/><U82/><E82/><V43/><F43/><W1/><G91/><T106/><D106/><U47/><E47/><V80/><F117/><W111/><G95/><T45/><D3/><U4/><E68/><V2/><F58/><W41/><G41/><T85/><D85/><U133/><E133/><V27/><F33/><W114/><G116/><T6/><REACH who="0" step="1"/><D49/><REACH who="0" ten="240,250,250,250" step="2"/><U128/><E128/><V57/><F66/><W118/><G130/><T77/><D77/><U48/><E48/><V51/><F51/><W28/><G118/><T8/><D8/><U94/><E20/><V112/><F78/><W14/><G76/><T52/><N who="0" m="13312" /><DORA hai="19" /><T73/><D73/><U105/><E105/><V37/><F75/><W42/><G74/><T107/><D107/><U56/><E11/><V17/><F64/><W61/><G42/><T16/><D16/><U10/><E10/><V88/><F17/><W125/><G135/><T103/><D103/><U104/><E102/><V21/><F9/><W132/><G132/><T36/><D36/><RYUUKYOKU ba="0,1" sc="240,30,250,-10,250,-10,250,-10" hai0="5,6,7,44,45,97,98,99,120,121" /><INIT seed="0,1,1,0,0,111" ten="270,240,240,240" oya="0" hai0="54,10,86,63,88,59,0,3,108,128,132,9,69" hai1="20,48,2,91,77,17,14,100,110,6,120,34,52" hai2="135,13,101,106,51,95,18,62,61,93,67,28,19" hai3="99,80,85,65,66,56,47,117,1,131,84,58,97"/><T39/><D132/><U29/><E110/><V125/><F106/><W92/><G117/><T114/><D108/><U122/><E77/><V60/><F125/><W82/><G1/><T129/><D39/><U98/><E91/><V36/><F36/><W104/><G104/><T72/><D72/><U37/><E37/><V75/><F75/><W103/><G47/><T26/><D26/><U105/><E29/><V94/><F28/><W119/><G119/><T112/><D69/><U109/><E34/><V11/><F135/><W64/><G131/><N who="0" m="50251" /><D10/><U30/><E109/><V57/><F101/><W133/><G133/><T121/><D121/><U87/><E30/><V55/><REACH who="2" step="1"/><F19/><REACH who="2" ten="270,240,230,240" step="2"/><W118/><G118/><T31/><D31/><U73/><E73/><V27/><F27/><W35/><G35/><T46/><D46/><AGARI ba="1,2" hai="11,13,18,46,51,55,57,60,61,62,67,93,94,95" machi="46" ten="40,2600,0" yaku="1,1,8,1,53,0" doraHai="111" doraHaiUra="123" who="2" fromWho="0" sc="270,-29,240,0,230,49,240,0" /><INIT seed="1,0,0,3,2,128" ten="241,240,279,240" oya="1" hai0="101,113,8,49,23,77,109,68,56,61,12,64,133" hai1="20,97,27,42,135,66,81,71,92,88,130,93,14" hai2="118,84,48,3,91,43,57,125,59,54,107,39,108" hai3="90,53,75,76,4,30,1,19,15,10,89,41,100"/><U55/><E130/><V134/><F3/><W132/><G100/><T106/><D109/><U110/><E110/><V117/><F107/><W34/><G41/><T31/><D113/><U105/><E42/><V24/><F125/><W99/><G99/><T131/><D77/><U127/><E105/><V16/><F108/><W46/><G76/><T65/><D131/><U98/><E81/><V94/><F59/><W102/><G102/><T60/><D49/><U121/><E121/><V45/><REACH who="2" step="1"/><F134/><REACH who="2" ten="241,240,269,240" step="2"/><W6/><G1/><T78/><D133/><U63/><E135/><V82/><F82/><W111/><G111/><T114/><D56/><U69/><E127/><V28/><F28/><W18/><G30/><T120/><D31/><U0/><E0/><V11/><F11/><W86/><G10/><T2/><D8/><U70/><E14/><V115/><F115/><W62/><G15/><T80/><D114/><U85/><E85/><V7/><F7/><W129/><G4/><T58/><D106/><U35/><E35/><V37/><F37/><W126/><G6/><T74/><D12/><U22/><E22/><AGARI ba="0,1" hai="16,22,24,39,43,45,48,54,57,84,91,94,117,118" machi="22" ten="40,5200,0" yaku="1,1,54,1,53,1" doraHai="128" doraHaiUra="21" who="2" fromWho="1" sc="241,0,240,-52,269,62,240,0" /><INIT seed="2,0,0,1,4,127" ten="241,188,331,240" oya="2" hai0="35,71,89,85,45,5,111,59,113,12,50,99,24" hai1="3,70,112,108,38,114,101,105,81,61,133,34,66" hai2="16,98,121,60,100,67,122,90,44,125,80,77,0" hai3="42,102,91,17,39,97,14,23,75,47,55,132,72"/><V118/><F118/><W54/><G132/><T109/><D71/><U52/><E3/><V56/><F0/><W2/><G2/><T15/><D99/><N who="1" m="61631" /><E52/><V131/><F90/><W6/><G6/><T22/><D59/><U9/><E9/><V84/><F125/><W87/><G72/><T31/><D113/><N who="1" m="43627" /><E81/><V92/><F131/><W36/><G36/><T65/><D65/><U40/><E108/><N who="0" m="41545" /><D5/><U53/><E53/><V46/><F122/><W82/><REACH who="3" step="1"/><G75/><REACH who="3" ten="241,188,331,230" step="2"/><T21/><D35/><U43/><E133/><V28/><F121/><W119/><G119/><T32/><D32/><U110/><E34/><V74/><F74/><W25/><G25/><T93/><D22/><U95/><E110/><V88/><F28/><W62/><G62/><T117/><D117/><U20/><E20/><V29/><F29/><W4/><G4/><T13/><D13/><U69/><E61/><V124/><F124/><W11/><G11/><T123/><D123/><U64/><E38/><V41/><F16/><W1/><G1/><T78/><D15/><U79/><E70/><V129/><F60/><W94/><AGARI ba="0,1" hai="14,17,23,39,42,47,54,55,82,87,91,94,97,102" machi="94" ten="20,5200,0" yaku="1,1,0,1,7,1,53,1" doraHai="127" doraHaiUra="37" who="3" fromWho="3" sc="241,-13,188,-13,331,-26,230,62" /><INIT seed="3,0,0,4,3,107" ten="228,175,305,292" oya="3" hai0="117,37,106,60,19,93,32,8,16,11,99,127,24" hai1="34,88,82,57,87,92,42,129,94,10,84,78,51" hai2="64,0,135,4,28,90,66,40,3,111,124,79,109" hai3="21,17,18,112,126,31,30,83,67,61,50,5,131"/><W58/><G112/><T1/><D117/><U33/><E129/><V6/><F40/><W62/><G131/><T104/><D37/><U74/><E10/><V76/><F28/><W69/><G126/><T14/><D127/><U7/><E7/><N who="2" m="2603" /><F90/><W121/><G121/><T43/><D43/><U65/><E65/><N who="2" m="25195" /><F135/><W55/><G62/><T26/><D1/><N who="2" m="586" /><F124/><W38/><G5/><T89/><D60/><U53/><E42/><V72/><F72/><W23/><G38/><T70/><D70/><U46/><E57/><V12/><F12/><W134/><G134/><T105/><D32/><U68/><E68/><V75/><F75/><W103/><G103/><T52/><D52/><U86/><REACH who="1" step="1"/><E94/><REACH who="1" ten="228,165,305,292" step="2"/><V119/><F119/><W91/><G69/><T116/><D116/><U39/><E39/><V56/><F56/><W45/><G67/><T71/><D71/><U15/><E15/><AGARI ba="0,1" hai="8,11,14,15,16,19,24,26,89,93,99,104,105,106" machi="15" ten="40,2600,0" yaku="9,1,54,1" doraHai="107" who="0" fromWho="1" sc="228,36,165,-26,305,0,292,0" /><INIT seed="4,0,0,4,3,106" ten="264,139,305,292" oya="0" hai0="7,67,25,29,121,48,117,93,6,14,5,119,1" hai1="52,50,107,55,3,71,65,66,59,44,56,63,34" hai2="108,124,110,54,85,19,23,57,122,77,120,109,61" hai3="45,81,78,2,49,10,98,100,11,21,46,35,70"/><T31/><D67/><N who="1" m="41471" /><E107/><V115/><F115/><W94/><G35/><T91/><D121/><U27/><E3/><V22/><F124/><W113/><G113/><T126/><D126/><U39/><E27/><V43/><F43/><W47/><G70/><T15/><D48/><N who="1" m="30823" /><E34/><V53/><F23/><W125/><G125/><T73/><D73/><U88/><E88/><V134/><F134/><W83/><G49/><T123/><D123/><U102/><E102/><V101/><F101/><W32/><G32/><T111/><D111/><U58/><E58/><V133/><F133/><W79/><G21/><N who="0" m="15535" /><D91/><U16/><E16/><V127/><F127/><W0/><G2/><T105/><D93/><U33/><E33/><V87/><F122/><W74/><REACH who="3" step="1"/><G0/><REACH who="3" ten="264,139,305,282" step="2"/><T114/><D1/><U103/><E103/><V60/><F120/><W42/><G42/><AGARI ba="0,1" hai="39,42,44,50,52,59,65,66" m="30823,41471" machi="42" ten="30,12000,2" yaku="24,1,35,5,54,1" doraHai="106" who="1" fromWho="3" sc="264,0,139,130,305,0,282,-120" /><INIT seed="5,0,0,0,2,132" ten="264,269,305,162" oya="1" hai0="97,126,40,117,105,1,67,103,56,91,22,24,10" hai1="45,87,82,94,0,107,4,31,129,128,81,109,85" hai2="133,64,121,23,96,26,44,2,130,8,102,11,7" hai3="20,48,65,114,47,71,90,83,135,60,112,15,41"/><U14/><E0/><V16/><F121/><W116/><G83/><T127/><D117/><U27/><E107/><V76/><F133/><W88/><G135/><T89/><D40/><U19/><E4/><V38/><F130/><N who="1" m="50281" /><E45/><V39/><F64/><W57/><G116/><T106/><D106/><U42/><E42/><V50/><F76/><W122/><G122/><T68/><D68/><U63/><E63/><V53/><REACH who="2" step="1"/><F11/><REACH who="2" ten="264,269,295,162" step="2"/><W111/><G111/><T115/><D10/><N who="1" m="6615" /><E109/><V33/><F33/><W93/><G71/><T54/><D67/><U72/><E72/><V62/><F62/><W77/><G77/><T78/><D78/><U43/><E43/><V118/><F118/><W49/><G49/><T134/><D134/><U30/><E30/><V74/><F74/><W55/><G41/><T5/><D54/><U70/><E70/><V99/><F99/><W84/><G114/><T119/><D115/><U13/><E87/><V75/><F75/><W18/><G112/><T120/><D119/><U36/><E36/><V32/><F32/><W113/><G113/><T29/><D120/><U35/><E13/><V100/><F100/><W59/><G84/><T95/><D1/><U25/><E25/><V66/><F66/><W86/><G65/><T61/><D61/><U110/><E110/><V46/><F46/><W6/><G60/><T104/><D97/><U79/><E79/><V131/><F131/><W37/><G37/><T108/><D108/><U92/><E85/><V52/><F52/><W3/><G90/><T17/><D91/><U98/><E98/><V21/><F21/><RYUUKYOKU ba="0,1" sc="264,-30,269,10,295,10,162,10" hai1="27,31,35,81,82,92,94" hai2="2,7,8,16,23,26,38,39,44,50,53,96,102" hai3="3,6,15,18,20,47,48,55,57,59,86,88,93" /><INIT seed="5,1,1,3,5,109" ten="234,279,305,172" oya="1" hai0="7,56,10,114,57,4,101,3,85,65,25,43,80" hai1="111,46,130,115,30,106,74,59,103,24,95,41,0" hai2="9,27,120,12,79,119,122,94,128,133,82,70,34" hai3="49,99,129,20,58,38,33,32,22,77,39,19,105"/><U15/><E0/><V68/><F119/><W102/><G129/><T110/><D110/><U17/><E74/><V14/><F94/><W47/><G77/><T89/><D7/><U96/><E111/><V63/><F128/><W93/><G105/><T11/><D11/><U135/><E135/><V21/><F34/><W90/><G102/><T64/><D43/><U84/><E130/><V131/><F131/><W52/><G22/><T100/><D25/><U112/><E59/><V88/><F88/><W26/><REACH who="3" step="1"/><G47/><REACH who="3" ten="234,279,305,162" step="2"/><T5/><D5/><U66/><E106/><V98/><F21/><W45/><G45/><T37/><D100/><U6/><E46/><V54/><F79/><W42/><G42/><T72/><D101/><U121/><E41/><V1/><F133/><W92/><G92/><T53/><D72/><U126/><E95/><V75/><F75/><W123/><G123/><T60/><D37/><AGARI ba="1,2" hai="19,20,26,32,33,37,38,39,49,52,58,90,93,99" machi="37" ten="40,2600,0" yaku="1,1,54,1,53,0" doraHai="109" doraHaiUra="134" who="3" fromWho="0" sc="234,-29,279,0,305,0,162,49" /><INIT seed="6,0,0,5,3,111" ten="205,279,305,211" oya="2" hai0="2,21,14,58,103,98,34,16,82,26,81,106,65" hai1="104,62,11,30,72,10,97,24,57,56,79,45,28" hai2="131,69,135,54,122,108,84,76,105,127,73,49,110" hai3="46,88,114,5,29,116,15,94,75,40,95,134,120"/><V59/><F105/><W96/><G116/><T3/><D3/><U77/><E72/><V19/><F73/><W101/><G120/><T4/><D58/><U47/><E24/><V20/><F131/><W86/><G75/><T112/><D112/><U55/><E55/><V107/><F135/><W43/><G134/><T123/><D123/><U70/><E97/><V33/><F127/><W87/><G29/><T44/><D44/><U64/><E70/><V53/><F107/><W133/><G133/><T115/><D115/><U126/><E104/><V37/><F37/><W78/><G114/><T1/><D1/><U60/><REACH who="1" step="1"/><E64/><REACH who="1" ten="205,269,305,211" step="2"/><V51/><F54/><W90/><G40/><T125/><D65/><U63/><E63/><V61/><F61/><W13/><G43/><T52/><D52/><U124/><AGARI ba="0,1" hai="10,11,28,30,45,47,56,57,60,62,77,79,124,126" machi="124" ten="25,6400,0" yaku="1,1,0,1,22,2,53,0" doraHai="111" doraHaiUra="92" who="1" fromWho="1" sc="205,-16,269,74,305,-32,211,-16" /><INIT seed="7,0,0,5,1,81" ten="189,343,273,195" oya="3" hai0="41,71,94,77,59,113,85,18,118,83,129,122,28" hai1="4,16,49,126,123,116,76,23,14,107,89,9,46" hai2="7,39,67,128,119,64,99,96,43,58,127,78,36" hai3="105,79,104,26,22,27,40,106,42,11,110,133,1"/><W12/><G133/><T111/><D111/><U30/><E107/><V98/><F119/><W135/><G135/><T102/><D118/><U20/><E123/><V56/><F7/><W124/><G110/><T62/><D122/><U87/><E126/><V5/><F5/><W121/><G121/><T0/><D0/><U13/><E76/><V3/><F78/><W65/><G124/><T75/><D71/><U88/><E87/><V95/><F43/><W66/><G79/><T93/><D75/><U44/><E44/><V115/><F128/><W74/><G1/><T92/><D129/><U109/><E109/><V97/><F115/><W38/><G74/><T60/><D113/><U24/><E116/><V130/><F3/><W82/><G82/><T134/><D134/><U19/><E30/><V31/><F31/><W61/><G38/><T91/><D28/><U114/><E114/><V48/><F130/><W120/><G120/><T50/><D18/><U34/><E34/><V8/><F39/><W117/><G117/><T80/><D62/><U54/><AGARI ba="0,0" hai="4,9,13,14,16,19,20,23,24,46,49,54,88,89" machi="54" ten="20,8000,1" yaku="0,1,7,1,8,1,54,2" doraHai="81" who="1" fromWho="1" sc="189,-20,343,80,273,-20,195,-40" owari="169,-23.0,423,52.0,253,5.0,155,-34.0" /></mjloggm>