<mjloggm ver="2.3"><GO type="41" lobby="0"/><UN n0="%E9%9B%AA%E4%B8%B8" n1="%E2%93%9D%53%75%70%68%78" n2="%E3%83%9F%E3%83%89%E3%82%AC%E3%83%AD%E3%83%B3" n3="%E3%81%94%E3%81%8D%E3%82%89%E3%81%8F%E3%81%8F%E3%82%8B%E3%81%8F%E3%82%8B" dan="15,18,14,14" rate="2020.32,2095.52,1940.39,1926.04" sx="M,M,M,M"/><TAIKYOKU oya="0"/><INIT seed="0,0,0,1,0,116" ten="250,250,250,250" oya="0" hai0="28,89,48,12,8,123,37,96,92,75,13,115,117" hai1="57,104,77,56,23,29,83,44,59,85,40,106,68" hai2="11,62,134,70,78,4,35,132,110,38,87,30,69" hai3="91,54,124,52,14,7,2,3,24,55,103,45,95"/><T119/><D37/><U16/><E68/><V60/><F38/><W74/><G74/><T63/><D115/><U19/><E29/><V76/><F35/><W90/><G124/><T114/><D114/><U42/><E19/><V88/><F30/><W43/><G2/><T1/><D75/><U100/><E100/><V17/><F17/><W135/><G3/><T97/><D1/><U101/><E101/><V82/><F70/><W49/><G135/><N who="2" m="51753" /><F110/><W10/><G24/><T126/><D126/><U31/><E31/><V46/><F46/><W98/><AGARI ba="0,0" hai="7,10,14,43,45,49,52,54,55,90,91,95,98,103" machi="98" ten="30,4000,0" yaku="0,1,8,1,54,1" doraHai="116" who="3" fromWho="3" sc="250,-20,250,-10,250,-10,250,40" /><INIT seed="1,0,0,4,4,102" ten="230,240,240,290" oya="1" hai0="41,130,66,122,93,135,76,68,128,78,115,51,10" hai1="7,77,95,65,5,30,84,1,35,99,126,124,21" hai2="85,59,58,72,82,44,28,22,110,129,64,80,125" hai3="134,9,70,127,109,50,49,53,37,62,46,23,56"/><U118/><E35/><V0/><F0/><W38/><G9/><T45/><D115/><U73/><E73/><V52/><F72/><W11/><G23/><T96/><D135/><U86/><E65/><V4/><F110/><W29/><G29/><T16/><D122/><U71/><E71/><V69/><F69/><W67/><G11/><T26/><D68/><U74/><E74/><V101/><F4/><N who="1" m="1609" /><E77/><V91/><F101/><W92/><G92/><T3/><D66/><U33/><E33/><V25/><F129/><N who="0" m="49770" /><D3/><U94/><E118/><V81/><F125/><N who="1" m="48233" /><E1/><V47/><F64/><W19/><G19/><T48/><D76/><U88/><E95/><N who="2" m="54767" /><F59/><W12/><G12/><T31/><D78/><U105/><E105/><V103/><F103/><W34/><G34/><T18/><D10/><U90/><E90/><V119/><F119/><W63/><G127/><T116/><D116/><U108/><E108/><V17/><F28/><W106/><G106/><T132/><D132/><U20/><E30/><V107/><F107/><W27/><G109/><T123/><D123/><U24/><E24/><V97/><F97/><W55/><G27/><T40/><D93/><U60/><E60/><AGARI ba="0,0" hai="17,22,25,44,47,52,58,60,80,81,82" m="54767" machi="60" ten="30,2000,0" yaku="8,1,54,1" doraHai="102" who="2" fromWho="1" sc="230,0,240,-20,240,20,290,0" /><INIT seed="2,0,0,3,4,26" ten="230,220,260,290" oya="2" hai0="9,106,43,2,67,86,77,58,113,130,54,135,124" hai1="22,100,18,117,76,122,71,73,30,59,92,89,94" hai2="66,120,28,80,5,108,88,62,111,109,110,3,8" hai3="6,85,16,134,27,123,127,49,11,114,128,55,132"/><V118/><N who="2" m="27648" /><DORA hai="7" /><V72/><F120/><W40/><G123/><T68/><D106/><U121/><E71/><V46/><F118/><W57/><G114/><T65/><D113/><U125/><E125/><V39/><F72/><W4/><G127/><T33/><D124/><U119/><E76/><V82/><F28/><W81/><G128/><T36/><D130/><U75/><E18/><V105/><F105/><W101/><G101/><T29/><D135/><U93/><E100/><V45/><F39/><W42/><G4/><T34/><D67/><U35/><E35/><V133/><F133/><W63/><G134/><T25/><D86/><U32/><E32/><V37/><F37/><W115/><G115/><T31/><D65/><U14/><E75/><V24/><F24/><W116/><G116/><T102/><D68/><U10/><E73/><V20/><F20/><W0/><G63/><T70/><D70/><U38/><E38/><V131/><F131/><W50/><G50/><T60/><D77/><U69/><E69/><N who="2" m="42199" /><F80/><W53/><G132/><T1/><D31/><U103/><E119/><V15/><F3/><W129/><G129/><T23/><D1/><U83/><E117/><V19/><F5/><W44/><G27/><T98/><D2/><U95/><E122/><V107/><F107/><W51/><REACH who="3" step="1"/><G16/><REACH who="3" ten="230,220,260,280" step="2"/><T52/><D25/><U97/><E121/><V84/><AGARI ba="0,1" hai="8,15,19,45,46,82,84,88" m="42199,27648" machi="84" ten="60,12000,1" yaku="14,1,10,1,52,1,54,1" doraHai="26,7" who="2" fromWho="2" sc="230,-40,220,-40,260,130,280,-40" /><INIT seed="2,1,0,4,2,96" ten="190,180,390,240" oya="2" hai0="13,24,10,91,134,67,5,61,85,55,0,19,20" hai1="36,114,27,3,56,40,120,125,75,99,87,90,16" hai2="33,53,83,106,17,117,123,28,12,26,84,132,133" hai3="113,122,112,54,116,47,82,50,118,60,18,8,98"/><V76/><F123/><W115/><G122/><T94/><D134/><U69/><E75/><V37/><F117/><W128/><G128/><T81/><D55/><U78/><E3/><V52/><F37/><W79/><G60/><T51/><D51/><U102/><E69/><V41/><F41/><W34/><G34/><T95/><REACH who="0" step="1"/><D0/><REACH who="0" ten="180,180,390,240" step="2"/><U71/><E120/><V59/><F53/><W103/><G118/><T1/><D1/><U121/><E121/><V70/><F70/><AGARI ba="1,1" hai="5,10,13,19,20,24,61,67,70,81,85,91,94,95" machi="70" ten="30,2000,0" yaku="1,1,7,1,53,0" doraHai="96" doraHaiUra="119" who="0" fromWho="2" sc="180,33,180,0,390,-23,240,0" /><INIT seed="3,0,0,1,3,115" ten="213,180,367,240" oya="3" hai0="31,116,14,11,98,107,126,85,65,59,81,129,9" hai1="19,68,89,84,97,114,74,113,27,47,86,54,105" hai2="7,103,95,30,76,10,43,66,22,37,72,32,45" hai3="35,67,13,122,42,12,64,83,130,23,82,28,48"/><W119/><G122/><T77/><D129/><U8/><E74/><V78/><F66/><W96/><G35/><T135/><D135/><U49/><E68/><V3/><F22/><W52/><G130/><T56/><D126/><U91/><E105/><V44/><F44/><W133/><G119/><T118/><D31/><U20/><E97/><V26/><F78/><W55/><G96/><T128/><D9/><U29/><E114/><V57/><F57/><W41/><G23/><T88/><D128/><U134/><E134/><V70/><F95/><W109/><G109/><T110/><D110/><U61/><E61/><V60/><F103/><W6/><G133/><T108/><D108/><U34/><E113/><V25/><F25/><W62/><G62/><T111/><D111/><U132/><E132/><V51/><F51/><W102/><G48/><T36/><D36/><U131/><E131/><V15/><F15/><W90/><G90/><N who="1" m="34314" /><E34/><V75/><F75/><W58/><G102/><T46/><D107/><U21/><E8/><V123/><F123/><W50/><G50/><T87/><D98/><U94/><E94/><V73/><F76/><W71/><G58/><T92/><D46/><U100/><E100/><V4/><F4/><W33/><G33/><T104/><D104/><U2/><E2/><V18/><F18/><W39/><G39/><T124/><D124/><U38/><E38/><V127/><F127/><W24/><G71/><T101/><D101/><U17/><E29/><V40/><F40/><W69/><G69/><T79/><D65/><U120/><E120/><V99/><F99/><RYUUKYOKU ba="0,0" sc="213,-15,180,15,367,15,240,-15" hai1="17,19,20,21,27,47,49,54,84,86" hai2="3,7,10,26,30,32,37,43,45,60,70,72,73" /><INIT seed="4,1,0,5,0,18" ten="198,195,382,225" oya="0" hai0="84,66,90,61,85,36,94,130,115,80,112,132,124" hai1="46,68,44,17,126,59,101,45,23,14,96,91,70" hai2="4,34,60,92,55,125,129,7,102,123,8,72,77" hai3="12,134,9,24,110,118,111,67,28,48,98,128,53"/><T117/><D36/><U83/><E126/><V13/><F123/><W11/><G118/><T69/><D117/><U26/><E59/><V64/><F125/><W56/><G128/><T95/><D124/><U99/><E99/><V65/><F34/><W105/><G134/><T113/><D130/><U127/><E127/><V1/><F129/><W131/><G9/><T42/><D132/><U93/><REACH who="1" step="1"/><E26/><REACH who="1" ten="198,185,382,225" step="2"/><V119/><F119/><W73/><G131/><T43/><REACH who="0" step="1"/><D95/><REACH who="0" ten="188,185,382,225" step="2"/><U15/><E15/><V133/><F92/><W32/><G111/><T82/><D82/><U135/><E135/><V76/><F13/><W2/><G110/><T6/><D6/><U40/><E40/><V16/><F7/><W74/><G2/><T21/><D21/><U103/><E103/><V10/><F102/><W100/><G67/><T62/><D62/><U104/><E104/><V109/><F64/><W97/><G97/><T30/><D30/><U38/><E38/><V0/><F65/><W47/><G56/><T29/><D29/><U33/><E33/><V49/><F60/><W25/><G24/><T19/><D19/><AGARI ba="1,2" hai="11,12,19,25,28,32,47,48,53,73,74,98,100,105" machi="19" ten="30,1000,0" yaku="7,1" doraHai="18" who="3" fromWho="0" sc="188,-13,185,0,382,0,225,33" /><INIT seed="5,0,0,5,0,101" ten="175,185,382,258" oya="1" hai0="37,50,2,85,79,89,34,22,56,67,25,86,16" hai1="8,63,30,116,15,35,126,128,4,97,123,48,45" hai2="47,118,104,83,72,90,133,69,36,76,39,100,108" hai3="105,55,65,26,81,44,130,71,107,91,66,52,74"/><U24/><E128/><V27/><F108/><W64/><G71/><T29/><D37/><U14/><E126/><V122/><F122/><W40/><G130/><T12/><D2/><U51/><E123/><V103/><F118/><W113/><G26/><T129/><D129/><U33/><E116/><V84/><F69/><W6/><G55/><T21/><D79/><U61/><E35/><V135/><F27/><W132/><G113/><T58/><D86/><U96/><E51/><V53/><F100/><W42/><G52/><T80/><D67/><U131/><E131/><V127/><F53/><W134/><G6/><T68/><D68/><U73/><E73/><V31/><F31/><W38/><G40/><T17/><REACH who="0" step="1"/><D50/><REACH who="0" ten="165,185,382,258" step="2"/><U87/><E87/><V110/><F110/><W28/><G74/><T93/><D93/><U75/><E75/><V98/><F127/><W18/><G81/><T121/><D121/><U60/><REACH who="1" step="1"/><E15/><AGARI ba="0,1" hai="12,15,16,17,21,22,25,29,34,56,58,80,85,89" machi="15" ten="30,8000,1" yaku="1,1,7,1,9,1,54,1,53,1" doraHai="101" doraHaiUra="77" who="0" fromWho="1" sc="165,90,185,-80,382,0,258,0" /><INIT seed="6,0,0,3,2,74" ten="255,105,382,258" oya="2" hai0="124,20,85,76,125,81,49,78,35,112,130,117,54" hai1="52,9,3,58,129,86,2,113,6,10,60,36,120" hai2="110,12,71,132,61,64,131,72,77,63,133,33,127" hai3="0,97,15,40,16,135,134,116,4,29,27,95,13"/><V101/><F33/><W128/><G40/><T18/><D35/><U68/><E113/><V75/><F131/><W17/><G116/><T87/><D117/><U84/><E129/><V39/><F39/><W108/><G108/><T5/><D5/><U65/><E120/><V107/><F110/><W99/><G128/><T55/><D130/><U92/><E36/><V106/><F127/><N who="0" m="48714" /><D112/><U94/><E86/><N who="0" m="32777" /><D81/><U122/><E122/><V67/><F12/><W123/><G123/><T96/><D96/><U103/><E103/><V114/><F114/><W22/><G99/><T69/><D69/><U21/><E21/><V93/><F93/><W109/><G109/><T26/><D54/><U7/><REACH who="1" step="1"/><E84/><REACH who="1" ten="255,95,382,258" step="2"/><V59/><F101/><W111/><G111/><T34/><D34/><U51/><AGARI ba="0,1" hai="2,3,6,7,9,10,51,52,58,60,65,68,92,94" machi="51" ten="20,12000,2" yaku="1,1,2,1,0,1,7,1,9,1,54,1,53,0" doraHai="74" doraHaiUra="98" who="1" fromWho="1" sc="255,-30,95,130,382,-60,258,-30" /><INIT seed="7,0,0,0,4,42" ten="225,225,322,228" oya="3" hai0="124,5,59,101,125,126,60,12,95,113,0,21,28" hai1="76,85,74,58,81,32,80,90,115,50,49,120,132" hai2="94,121,91,118,3,40,47,130,110,82,2,27,99" hai3="34,64,30,128,129,66,45,22,79,105,25,92,114"/><W4/><G105/><T103/><D113/><U63/><E120/><V83/><F110/><W104/><G104/><T39/><D39/><U109/><E109/><V33/><F118/><W98/><G79/><T54/><D0/><U11/><E32/><V73/><F121/><W65/><G4/><T134/><D134/><U84/><E115/><V8/><F130/><N who="3" m="50283" /><G114/><T13/><D5/><U97/><E132/><V68/><F68/><W123/><G123/><T100/><D95/><N who="1" m="56567" /><E11/><V44/><F44/><W133/><G133/><T31/><D21/><U9/><E9/><V41/><F41/><W18/><G45/><T111/><D111/><U51/><E74/><V14/><F2/><W102/><G18/><T93/><D93/><U86/><E76/><V112/><F3/><W16/><G64/><AGARI ba="0,0" hai="49,50,51,58,63,64,80,81,84,85,86" m="56567" machi="64" ten="30,1000,0" yaku="8,1" doraHai="42" who="1" fromWho="3" sc="225,0,225,10,322,0,228,-10" owari="225,-17.0,235,4.0,322,41.0,218,-28.0" /></mjloggm>