<mjloggm ver="2.3"><GO type="41" lobby="0"/><UN n0="%E3%82%BF%E3%83%90%E3%82%B3%E9%A0%82%E6%88%B4" n1="%E2%93%9D%53%75%70%68%78" n2="%E3%81%9F%E3%81%BE%E3%81%93" n3="%64%65%6E%6F%73%75%6B%65" dan="15,18,13,14" rate="1995.03,2124.22,1838.69,1957.88" sx="M,M,F,M"/><TAIKYOKU oya="0"/><INIT seed="0,0,0,1,5,117" ten="250,250,250,250" oya="0" hai0="92,46,24,75,85,32,5,115,124,82,91,71,65" hai1="50,103,57,126,53,12,43,135,97,108,95,72,47" hai2="36,84,27,73,45,4,60,11,99,35,17,19,74" hai3="121,54,58,127,128,1,15,62,18,118,113,70,41"/><T51/><D115/><U76/><E126/><V131/><F131/><W101/><BYE who="2" /><G1/><T33/><D124/><U81/><E135/><V22/><F22/><W79/><G118/><T87/><D75/><U20/><E108/><V123/><F123/><W100/><G113/><T56/><D71/><U39/><E20/><V29/><F29/><W44/><G79/><UN n2="%E3%81%9F%E3%81%BE%E3%81%93" /><T102/><D24/><U40/><E12/><V37/><F35/><W42/><G128/><T9/><D56/><U111/><E111/><V69/><F27/><W77/><G77/><T107/><D65/><U106/><REACH who="1" step="1"/><E43/><REACH who="1" ten="250,240,250,250" step="2"/><V129/><F129/><W49/><G42/><N who="0" m="25047" /><D33/><U10/><E10/><V88/><F37/><W86/><G127/><T6/><D32/><U7/><E7/><V105/><F36/><W3/><G3/><T130/><D130/><U55/><E55/><V122/><F11/><W25/><G41/><T90/><D6/><U2/><E2/><V83/><F4/><W30/><G15/><N who="0" m="5551" /><D107/><AGARI ba="0,1" hai="39,40,47,50,53,57,72,76,81,95,97,103,106,107" machi="107" ten="40,2600,0" yaku="1,1,53,1" doraHai="117" doraHaiUra="96" who="1" fromWho="0" sc="250,-26,240,36,250,0,250,0" /><INIT seed="1,0,0,0,5,107" ten="224,276,250,250" oya="1" hai0="50,78,85,61,37,103,18,86,63,8,126,14,113" hai1="19,127,25,39,40,56,74,87,96,12,27,93,11" hai2="98,33,80,135,1,5,114,76,77,134,89,31,69" hai3="116,108,30,35,36,48,23,38,44,7,34,101,84"/><U54/><E127/><V97/><F69/><W132/><G108/><T123/><D37/><U13/><E74/><V104/><F33/><W112/><G132/><N who="2" m="50729" /><F31/><W46/><G112/><T24/><D113/><U111/><E111/><V0/><F5/><W109/><G109/><T91/><D103/><U53/><E40/><V110/><F110/><W26/><G7/><T2/><D2/><U66/><E87/><V130/><F1/><W118/><G101/><T60/><D126/><U59/><E66/><V9/><F9/><W81/><G44/><T88/><D24/><U117/><E117/><N who="3" m="45162" /><G38/><T64/><D123/><U70/><E70/><V119/><F0/><W57/><G57/><T6/><D6/><U22/><E39/><V102/><F119/><W71/><G36/><T129/><D129/><U4/><E59/><V124/><F114/><W106/><G106/><T21/><D64/><U65/><E65/><V133/><F130/><W41/><G71/><T51/><D78/><AGARI ba="0,0" hai="23,26,30,34,35,41,46,48,78,81,84" m="45162" machi="78" ten="30,1000,0" yaku="12,1" doraHai="107" who="3" fromWho="0" sc="224,-10,276,0,250,0,250,10" /><INIT seed="2,0,0,5,2,11" ten="214,276,250,260" oya="2" hai0="128,23,59,83,131,92,12,4,29,26,1,65,0" hai1="124,102,13,114,46,95,109,60,15,70,63,111,73" hai2="71,31,2,91,19,110,76,135,25,93,57,125,8" hai3="22,87,43,38,30,69,130,54,47,48,80,49,55"/><V86/><F71/><W107/><G107/><T132/><D83/><U21/><E114/><V41/><F41/><W88/><G130/><N who="0" m="49707" /><D92/><U37/><E73/><V20/><F135/><W127/><G127/><T50/><D50/><U79/><E79/><V14/><F125/><W16/><G69/><T75/><D75/><U39/><E21/><V119/><F119/><W103/><G103/><T99/><D99/><U105/><E124/><V116/><F116/><W129/><G129/><T134/><D59/><U56/><E105/><V97/><F110/><N who="1" m="41993" /><E46/><V62/><F76/><W27/><G38/><N who="1" m="14346" /><E70/><V101/><F2/><N who="0" m="1130" /><D65/><N who="1" m="39047" /><E63/><V32/><F32/><W9/><G49/><T18/><D4/><U85/><E85/><V51/><F51/><W67/><G67/><T61/><D61/><U64/><E64/><V17/><F31/><W96/><G96/><AGARI ba="0,0" hai="13,15,95,96,102" m="39047,14346,41993" machi="96" ten="30,3900,0" yaku="14,1,52,2" doraHai="11" who="1" fromWho="3" sc="214,0,276,39,250,0,260,-39" /><INIT seed="3,0,0,2,4,104" ten="214,315,250,221" oya="3" hai0="121,125,113,41,42,91,33,100,30,59,87,119,5" hai1="43,117,1,127,106,108,4,85,14,61,76,64,131" hai2="7,86,74,92,51,40,84,70,54,77,135,75,102" hai3="46,12,52,71,8,60,11,28,122,57,101,29,10"/><W56/><G122/><T68/><D68/><U82/><E108/><V115/><F70/><W110/><G71/><T112/><D121/><U25/><E106/><V20/><F115/><N who="0" m="44106" /><D119/><U16/><E131/><V66/><F66/><W118/><G118/><T93/><D5/><U124/><E43/><N who="0" m="16393" /><D59/><U44/><E44/><V26/><F7/><W96/><G110/><T6/><D6/><U38/><E38/><V48/><F40/><W62/><G46/><T89/><D125/><U18/><E117/><V94/><F48/><W128/><G128/><T31/><D100/><U80/><E1/><V111/><F111/><W9/><N who="3" m="2048" /><DORA hai="24" /><W95/><G12/><T90/><D33/><U116/><E116/><V103/><F77/><W17/><G17/><T27/><D27/><U0/><E25/><V55/><F94/><W39/><G39/><T120/><D120/><U53/><E18/><V114/><F114/><W65/><AGARI ba="0,0" hai="28,29,52,56,57,60,62,65,95,96,101" m="2048" machi="65" ten="40,12000,1" yaku="0,1,8,1,52,2,54,1" doraHai="104,24" who="3" fromWho="3" sc="214,-40,315,-40,250,-40,221,120" /><INIT seed="3,1,0,4,2,54" ten="174,275,210,341" oya="3" hai0="128,76,31,44,6,5,55,38,127,1,132,125,58" hai1="61,28,82,97,18,62,87,42,14,102,33,77,99" hai2="84,53,0,75,47,109,111,123,83,110,57,26,2" hai3="19,36,101,131,66,85,25,63,68,13,113,118,100"/><W98/><G36/><T7/><D31/><U39/><E99/><V59/><F75/><W116/><G113/><T41/><D76/><U69/><E69/><V108/><N who="2" m="27648" /><DORA hai="90" /><V17/><F123/><W21/><G131/><T4/><D128/><U49/><E39/><V71/><F71/><W114/><G114/><T73/><D73/><U12/><E12/><V95/><F95/><W119/><G85/><T9/><REACH who="0" step="1"/><D132/><REACH who="0" ten="164,275,210,341" step="2"/><U126/><E28/><V45/><F26/><W48/><G119/><T124/><D124/><U15/><E77/><N who="2" m="46191" /><F17/><W133/><G133/><T70/><D70/><U78/><E18/><V121/><F121/><W52/><G116/><T24/><D24/><U30/><E30/><V112/><F112/><W89/><G118/><T46/><D46/><N who="2" m="17418" /><F53/><W129/><G129/><T130/><D130/><U93/><E126/><V23/><F23/><W115/><G115/><T37/><D37/><U43/><E78/><V22/><F22/><W105/><G25/><T16/><D16/><U8/><E43/><V40/><F40/><W135/><G135/><T80/><D80/><U120/><E82/><V60/><F60/><AGARI ba="1,1" hai="1,4,5,6,7,9,38,41,44,55,58,60,125,127" machi="60" ten="40,2600,0" yaku="1,1,52,1,53,0" doraHai="54,90" doraHaiUra="103,67" who="0" fromWho="2" sc="164,39,275,0,210,-29,341,0" /><INIT seed="4,0,0,4,0,16" ten="203,275,181,341" oya="0" hai0="45,49,77,55,118,47,19,42,71,107,104,105,70" hai1="43,66,13,29,23,79,127,121,103,0,31,75,17" hai2="14,94,92,67,113,35,22,117,53,74,69,46,6" hai3="80,63,116,41,99,24,25,50,78,60,15,109,114"/><T18/><D118/><U125/><E103/><V81/><F35/><W93/><G109/><T126/><D77/><U36/><E66/><V106/><F106/><W111/><G111/><T7/><D7/><U62/><E62/><V61/><F117/><W130/><G130/><T38/><D126/><N who="1" m="48139" /><E0/><V135/><F135/><W134/><G114/><T28/><D28/><U39/><E121/><V8/><F113/><W100/><G134/><T108/><REACH who="0" step="1"/><D108/><REACH who="0" ten="193,275,181,341" step="2"/><U86/><E31/><V5/><F5/><W1/><G116/><T37/><D37/><U51/><E29/><V64/><F74/><W30/><G30/><T123/><D123/><U54/><E75/><V98/><F81/><W95/><G80/><T87/><D87/><U32/><E32/><V12/><F98/><W26/><G78/><T82/><D82/><N who="1" m="47455" /><E43/><V91/><F94/><W124/><G95/><T89/><D89/><U76/><E76/><V48/><F92/><W120/><G120/><T83/><D83/><U44/><AGARI ba="0,1" hai="13,17,23,36,39,44,51,54" m="47455,48139" machi="44" ten="30,2000,0" yaku="18,1,52,1" doraHai="16" who="1" fromWho="1" sc="193,-10,275,30,181,-5,341,-5" /><INIT seed="5,0,0,3,5,99" ten="183,305,176,336" oya="1" hai0="121,42,36,22,128,132,65,114,2,70,56,91,96" hai1="131,10,34,135,79,89,62,87,94,98,11,95,82" hai2="55,57,92,21,74,106,111,122,18,5,45,117,134" hai3="107,118,80,108,51,100,67,84,7,58,64,109,12"/><U102/><E34/><V113/><F111/><W130/><G118/><T75/><D91/><U78/><E131/><V63/><F117/><W43/><G130/><T28/><D22/><U17/><E135/><V110/><F122/><W32/><G32/><T73/><D56/><U37/><E37/><V85/><F134/><W20/><G109/><T33/><D96/><N who="1" m="59671" /><E62/><V29/><F106/><W104/><G104/><T66/><D66/><U19/><E79/><V69/><F74/><W71/><G71/><T0/><D65/><U90/><E78/><V116/><F116/><W30/><G67/><T23/><D23/><U24/><E24/><V129/><F129/><W25/><G64/><T46/><D121/><U54/><E54/><V101/><F110/><W38/><G38/><T52/><D52/><U127/><E127/><V123/><F123/><W60/><G60/><T120/><D120/><U1/><E1/><V41/><F69/><W26/><G26/><N who="0" m="18583" /><D128/><U105/><E105/><V44/><F29/><W124/><G124/><T133/><D114/><U15/><E11/><V35/><F35/><W16/><G108/><T97/><D70/><U13/><E13/><V59/><F41/><W9/><G30/><T93/><D133/><U53/><E53/><V83/><F5/><AGARI ba="0,0" hai="5,10,15,17,19,82,87,89,90,95,98" m="59671" machi="5" ten="30,2900,0" yaku="8,1,52,1" doraHai="99" who="1" fromWho="2" sc="183,0,305,29,176,-29,336,0" /><INIT seed="5,1,0,2,2,88" ten="183,334,147,336" oya="1" hai0="81,3,87,127,28,97,14,34,42,133,18,93,15" hai1="85,110,104,21,11,13,118,130,102,22,25,58,9" hai2="54,43,121,69,37,35,115,100,50,113,83,20,19" hai3="4,45,78,98,49,111,59,76,131,105,122,99,0"/><U44/><E118/><V31/><F69/><W57/><G111/><T123/><D133/><U125/><E104/><V79/><F121/><W132/><G122/><T95/><D3/><U75/><E75/><V74/><F37/><W120/><G131/><T6/><D123/><U1/><E125/><V134/><F43/><W68/><G68/><T23/><D34/><U103/><E44/><V26/><F134/><W12/><G0/><T108/><D108/><U41/><E41/><V128/><F128/><W112/><G112/><N who="2" m="43081" /><F100/><W70/><G70/><T40/><D28/><U80/><E103/><V8/><F8/><W119/><G105/><T38/><D38/><U2/><E102/><V77/><F77/><N who="3" m="29803" /><G119/><T126/><D97/><N who="3" m="36873" /><G120/><T51/><D40/><U101/><E101/><V10/><F10/><N who="3" m="4167" /><G132/><T96/><D96/><U135/><E2/><V27/><F50/><W107/><G107/><T46/><D126/><U39/><E39/><V62/><F62/><W94/><G94/><N who="0" m="35851" /><D127/><U86/><E1/><V82/><F82/><W72/><G72/><T29/><D29/><U65/><E80/><V71/><F71/><W36/><G36/><T90/><D6/><U64/><E135/><V67/><F67/><W55/><AGARI ba="1,0" hai="45,49,55,57,59" m="4167,36873,29803" machi="55" ten="30,1100,0" yaku="8,1" doraHai="88" who="3" fromWho="3" sc="183,-4,334,-6,147,-4,336,14" /><INIT seed="6,0,0,2,1,96" ten="179,328,143,350" oya="2" hai0="90,18,26,94,81,63,129,19,126,110,75,33,76" hai1="128,11,86,111,15,6,98,29,24,42,32,79,103" hai2="100,131,89,17,13,31,10,133,36,35,117,71,84" hai3="67,54,88,16,28,114,68,105,48,69,135,95,30"/><V60/><F117/><W132/><G105/><T85/><D110/><U52/><E128/><V7/><F36/><W122/><G122/><T44/><D129/><U120/><E120/><V61/><F131/><W41/><G41/><T22/><D126/><U8/><E42/><V57/><F71/><W53/><G114/><T38/><D33/><U2/><E111/><V21/><F133/><N who="3" m="51275" /><G67/><T55/><D38/><U73/><E86/><V23/><F35/><W14/><G30/><T109/><D109/><U58/><E79/><V102/><F31/><W40/><G28/><T43/><D43/><U62/><E73/><V118/><F118/><W92/><G92/><T51/><D63/><N who="2" m="24138" /><F57/><N who="3" m="32935" /><G54/><T9/><D9/><U83/><E83/><N who="2" m="49311" /><F23/><N who="3" m="11671" /><G40/><T50/><D50/><U104/><REACH who="1" step="1"/><E11/><REACH who="1" ten="179,318,143,350" step="2"/><V65/><F65/><W39/><G39/><T112/><D112/><U101/><E101/><N who="2" m="39019" /><F21/><W130/><G130/><T127/><D127/><U77/><E77/><V34/><F34/><W87/><AGARI ba="0,1" hai="68,69,87,88,95" m="11671,32935,51275" machi="87" ten="30,7900,0" yaku="25,1,20,1,54,2" doraHai="96" who="3" fromWho="3" sc="179,-20,318,-20,143,-39,350,89" /><INIT seed="7,0,0,3,0,124" ten="159,298,104,439" oya="3" hai0="63,99,104,121,105,26,25,115,17,45,73,51,101" hai1="94,80,90,33,28,59,24,116,31,134,6,11,92" hai2="35,89,60,96,98,27,84,123,14,117,67,19,39" hai3="40,5,76,38,23,30,57,107,2,44,128,81,42"/><W85/><G128/><T122/><D73/><U133/><E59/><V32/><F117/><W56/><G107/><T34/><D105/><U65/><E65/><V61/><F39/><W78/><G42/><T54/><D115/><U86/><E31/><V72/><F72/><W8/><REACH who="3" step="1"/><G78/><REACH who="3" ten="159,298,104,429" step="2"/><T36/><D104/><U22/><E116/><V132/><F123/><W9/><G9/><T70/><D121/><U20/><E134/><V46/><F132/><W82/><G82/><T130/><D130/><U75/><E133/><V93/><F35/><W129/><G129/><T113/><D34/><U87/><E75/><V4/><F4/><W111/><G111/><T49/><D122/><U47/><E11/><V108/><F108/><W50/><G50/><T53/><D49/><U64/><E6/><V1/><F1/><W41/><G41/><T119/><D51/><U15/><E33/><V66/><F46/><W0/><G0/><T13/><D45/><U135/><E135/><V48/><F48/><W7/><G7/><T16/><D119/><U103/><E47/><V52/><F32/><W102/><G102/><T10/><D101/><U3/><E103/><V106/><F106/><W88/><G88/><T68/><D36/><U100/><E100/><V77/><F77/><W91/><G91/><T109/><D109/><U83/><E3/><V131/><F131/><W126/><G126/><T62/><D10/><U118/><E118/><V120/><F120/><W97/><G97/><T55/><D99/><U58/><E90/><V29/><F98/><W71/><G71/><T37/><D70/><RYUUKYOKU ba="0,1" sc="159,-10,298,-10,104,-10,429,30" hai3="2,5,8,23,30,38,40,44,56,57,76,81,85" owari="149,-25.0,288,9.0,94,-41.0,469,57.0" /></mjloggm>