<mjloggm ver="2.3"><GO type="41" lobby="0"/><UN n0="%E3%81%A1%E3%82%87%E3%81%84%E3%81%A1%E3%82%87%E3%81%84" n1="%6D%6F%73%61%47" n2="%E7%8C%AA%E6%89%8B%E6%8B%9B%E5%AE%9D" n3="%E2%93%9D%53%75%70%68%78" dan="14,14,13,17" rate="1890.81,1956.13,1874.37,2080.74" sx="F,M,M,M"/><TAIKYOKU oya="0"/><INIT seed="0,0,0,1,1,69" ten="250,250,250,250" oya="0" hai0="3,54,51,87,10,44,1,89,108,39,32,134,49" hai1="116,25,60,47,68,37,115,58,77,31,63,122,0" hai2="64,121,20,86,55,7,88,124,67,52,45,72,132" hai3="57,117,114,46,91,112,113,11,36,35,34,81,33"/><T48/><D134/><U82/><E116/><V66/><F121/><W71/><G117/><T16/><D32/><U130/><E0/><V75/><F132/><W13/><G71/><T129/><D129/><U80/><E122/><V24/><F7/><W21/><G57/><T18/><D108/><U135/><E130/><V65/><F65/><W109/><G109/><T94/><D39/><U8/><E135/><V76/><F124/><W97/><G21/><T22/><D3/><U4/><E68/><V92/><F72/><W125/><G125/><T85/><D85/><U27/><E27/><V104/><F104/><W110/><G110/><T119/><D119/><U40/><E82/><V62/><F62/><W84/><G97/><T5/><REACH who="0" step="1"/><D18/><REACH who="0" ten="240,250,250,250" step="2"/><U100/><E115/><V43/><F75/><W56/><G114/><T111/><D111/><U98/><E31/><N who="2" m="17799" /><F76/><W90/><G112/><T42/><D42/><U73/><E25/><AGARI ba="0,1" hai="1,5,10,16,22,25,44,48,49,51,54,87,89,94" machi="25" ten="30,5800,0" yaku="1,1,7,1,54,1,53,0" doraHai="69" doraHaiUra="107" who="0" fromWho="1" sc="240,68,250,-58,250,0,250,0" /><INIT seed="0,1,0,4,0,15" ten="308,192,250,250" oya="0" hai0="114,16,72,86,54,25,58,41,89,17,128,133,117" hai1="4,50,119,107,124,81,122,37,123,7,13,59,61" hai2="36,6,69,79,60,77,32,90,126,55,112,73,71" hai3="109,68,97,1,93,64,28,26,74,103,120,76,49"/><T116/><D72/><U40/><E37/><V111/><F112/><W95/><G1/><T2/><D114/><U30/><E119/><V46/><F32/><W12/><G109/><T24/><D133/><U78/><E107/><V9/><F111/><W82/><G120/><T102/><D2/><U66/><E30/><V27/><F27/><W57/><G68/><T8/><D128/><U67/><E67/><V115/><F115/><W18/><G49/><T29/><D102/><U45/><E124/><V75/><F90/><W100/><G64/><T87/><D41/><U125/><E125/><V0/><F55/><W22/><G57/><T23/><D87/><U113/><E113/><V127/><F60/><W110/><G110/><T14/><D25/><U20/><E4/><V42/><F77/><W43/><G43/><T131/><D131/><U35/><E35/><V108/><F108/><W101/><REACH who="3" step="1"/><G93/><REACH who="3" ten="308,192,250,240" step="2"/><N who="0" m="54455" /><D117/><U106/><E106/><V65/><F65/><W38/><G38/><T80/><D116/><U62/><E62/><V52/><F52/><W53/><G53/><T19/><D80/><U129/><E129/><V99/><F126/><W5/><G5/><T63/><AGARI ba="1,1" hai="8,14,16,17,19,23,24,29,54,58,63" m="54455" machi="63" ten="30,12000,1" yaku="8,1,52,3,54,1" doraHai="15" who="0" fromWho="0" sc="308,133,192,-41,250,-41,240,-41" /><INIT seed="0,2,0,2,5,111" ten="441,151,209,199" oya="0" hai0="48,50,103,10,18,63,24,104,58,81,97,83,57" hai1="98,6,27,11,37,15,101,34,3,2,26,100,123" hai2="90,61,95,76,78,4,59,79,64,12,92,69,99" hai3="119,109,33,28,114,52,39,41,0,44,122,20,9"/><T31/><D83/><U89/><E37/><V56/><REACH who="2" step="1"/><F92/><REACH who="2" ten="441,151,199,199" step="2"/><W126/><G109/><T94/><D104/><U105/><E105/><V8/><AGARI ba="2,1" hai="4,8,12,56,59,61,64,69,76,78,79,90,95,99" machi="8" ten="30,7900,0" yaku="21,2,2,1,0,1,53,0" doraHai="111" doraHaiUra="19" who="2" fromWho="2" sc="441,-41,151,-22,199,95,199,-22" /><INIT seed="1,0,0,2,2,120" ten="400,129,294,177" oya="1" hai0="43,88,28,73,29,64,108,52,71,0,134,129,61" hai1="21,50,39,113,74,9,114,103,37,119,5,33,45" hai2="7,19,110,55,94,11,46,12,60,27,35,15,49" hai3="124,20,63,56,130,84,16,54,81,107,8,41,106"/><U82/><E33/><V67/><F35/><W4/><G124/><T83/><D108/><U105/><E119/><V36/><F36/><W26/><G130/><T80/><D134/><U135/><E135/><V118/><F118/><W109/><G41/><T96/><D0/><U23/><E103/><V77/><F77/><W2/><REACH who="3" step="1"/><G109/><REACH who="3" ten="400,129,294,167" step="2"/><T131/><D43/><U70/><E105/><V104/><F104/><W72/><G72/><T90/><D73/><U126/><E126/><V22/><F110/><W123/><G123/><T59/><D131/><U116/><E116/><V58/><REACH who="2" step="1"/><F94/><REACH who="2" ten="400,129,284,167" step="2"/><W121/><G121/><T99/><D129/><U86/><E37/><V69/><F69/><W1/><G1/><AGARI ba="0,2" hai="1,7,11,12,15,19,22,27,46,49,55,58,60,67" machi="1" ten="30,2000,0" yaku="1,1,7,1,53,0" doraHai="120" doraHaiUra="92" who="2" fromWho="3" sc="400,0,129,0,284,40,167,-20" /><INIT seed="2,0,0,5,1,95" ten="400,129,324,147" oya="2" hai0="81,41,104,63,85,69,94,133,105,12,76,24,18" hai1="130,21,33,78,100,50,17,37,119,135,26,125,13" hai2="42,46,8,64,92,2,39,40,129,22,111,87,3" hai3="5,56,124,0,127,27,93,86,72,16,32,36,34"/><V23/><F129/><W48/><G72/><T55/><D133/><U57/><E37/><V19/><F64/><W1/><G36/><T132/><D132/><U58/><E119/><V108/><F42/><W43/><G86/><T102/><D41/><U112/><E112/><V62/><F62/><W123/><G93/><T90/><D24/><U65/><E135/><V128/><F128/><W66/><G66/><T71/><D69/><U59/><E130/><V75/><F75/><W117/><G56/><T15/><D102/><U6/><E78/><V14/><F87/><W98/><G48/><T96/><D15/><U28/><E125/><N who="3" m="48202" /><G98/><T122/><D122/><U126/><E126/><V121/><F92/><W109/><G43/><T29/><D29/><U68/><E100/><V114/><F114/><W97/><G97/><T131/><D131/><U51/><REACH who="1" step="1"/><E6/><REACH who="1" ten="400,119,324,147" step="2"/><V11/><F121/><W79/><G79/><T31/><D76/><U84/><E84/><V49/><F39/><W74/><G123/><T99/><D85/><U7/><E7/><N who="2" m="1143" /><F3/><N who="3" m="1099" /><G117/><T89/><D89/><U61/><AGARI ba="0,1" hai="13,17,21,26,28,33,50,51,57,58,59,61,65,68" machi="61" ten="30,2000,0" yaku="1,1,0,1,53,0" doraHai="95" doraHaiUra="115" who="1" fromWho="1" sc="400,-5,119,30,324,-10,147,-5" /><INIT seed="3,0,0,2,1,47" ten="395,149,314,142" oya="3" hai0="17,30,76,109,89,121,112,105,50,132,38,56,64" hai1="13,46,37,21,36,51,106,57,15,4,62,115,122" hai2="95,98,45,35,128,90,42,7,87,94,3,80,135" hai3="28,120,91,66,126,72,29,20,9,100,107,130,77"/><W74/><G120/><T10/><D121/><U16/><E115/><V99/><F35/><W75/><G77/><T5/><D109/><U12/><E106/><V101/><F3/><W23/><G130/><T6/><D132/><U131/><E131/><V108/><F128/><W125/><G66/><T113/><D105/><U14/><E122/><V32/><F7/><W111/><G9/><T116/><D38/><U53/><REACH who="1" step="1"/><E4/><REACH who="1" ten="395,139,314,142" step="2"/><V0/><F135/><W31/><G111/><T133/><D6/><U25/><E25/><V70/><F0/><W102/><G107/><T8/><D133/><U49/><E49/><V127/><F108/><W33/><G33/><T117/><D5/><U41/><AGARI ba="0,1" hai="12,13,14,15,16,21,36,37,41,46,51,53,57,62" machi="41" ten="30,7900,0" yaku="1,1,0,1,52,1,54,1,53,0" doraHai="47" doraHaiUra="123" who="1" fromWho="1" sc="395,-20,139,89,314,-20,142,-39" /><INIT seed="4,0,0,2,2,86" ten="375,228,294,103" oya="0" hai0="4,94,129,5,123,115,17,45,31,65,30,67,80" hai1="99,59,50,43,118,53,84,42,130,110,108,111,2" hai2="60,104,15,91,114,38,77,63,89,113,26,68,46" hai3="101,96,22,9,57,27,13,35,70,90,18,66,7"/><T74/><D123/><U106/><E2/><V55/><F104/><W121/><G70/><T16/><D129/><U56/><E118/><V44/><F77/><W83/><G121/><T58/><D115/><N who="2" m="44042" /><F26/><W24/><G35/><T47/><D80/><U10/><E130/><V116/><F116/><W120/><G120/><T117/><D58/><U52/><E10/><V32/><F32/><W92/><G83/><T122/><D122/><U6/><E6/><V93/><F93/><W1/><REACH who="3" step="1"/><G101/><REACH who="3" ten="375,228,294,93" step="2"/><T95/><D117/><U14/><E108/><V76/><F68/><W134/><G134/><T37/><D74/><U64/><E110/><V97/><F76/><W82/><G82/><T107/><D107/><U25/><E111/><V102/><F102/><W29/><G29/><T20/><D37/><U62/><E106/><V36/><F36/><W100/><G100/><T88/><REACH who="0" step="1"/><D20/><REACH who="0" ten="365,228,294,93" step="2"/><U78/><E59/><V85/><F38/><W75/><G75/><T41/><D41/><U124/><E42/><V12/><F44/><W126/><G126/><T103/><D103/><U109/><E43/><V127/><F127/><W28/><G28/><T39/><D39/><U132/><E56/><V49/><F46/><W61/><AGARI ba="0,2" hai="1,7,9,13,18,22,24,27,57,61,66,90,92,96" machi="61" ten="30,4000,0" yaku="1,1,0,1,52,1,53,0" doraHai="86" doraHaiUra="105" who="3" fromWho="3" sc="365,-20,228,-10,294,-10,93,60" /><INIT seed="5,0,0,4,1,56" ten="345,218,284,153" oya="1" hai0="26,116,6,45,44,68,48,11,123,61,20,70,93" hai1="99,22,39,113,49,96,19,75,35,59,97,104,126" hai2="125,100,86,73,92,13,107,130,53,101,121,115,82" hai3="80,134,132,71,23,119,124,122,74,9,98,90,120"/><U62/><E39/><V24/><F121/><N who="3" m="46699" /><G23/><T34/><D34/><U109/><E75/><V87/><F24/><W77/><G9/><T47/><D116/><U79/><E35/><V18/><F130/><W103/><G71/><T64/><D123/><U135/><E79/><V95/><F53/><W46/><G46/><T110/><D110/><U129/><E109/><V88/><F125/><W17/><G17/><T54/><D93/><U83/><E129/><V117/><F13/><W94/><G124/><T38/><D70/><U7/><E126/><V105/><F18/><W69/><G69/><T81/><D81/><U40/><E83/><V133/><F133/><N who="3" m="51307" /><G119/><T106/><D106/><N who="2" m="40458" /><F117/><W32/><G32/><T118/><D38/><U131/><E135/><V127/><F127/><W8/><G8/><T67/><D67/><U89/><E104/><V51/><F51/><W12/><G12/><T112/><D112/><U76/><E113/><V78/><F115/><W42/><G42/><T16/><D118/><U21/><E7/><V43/><F43/><W65/><G65/><T58/><D68/><U66/><E76/><V128/><F128/><W25/><G25/><T102/><D102/><AGARI ba="0,0" hai="74,77,80,90,94,98,102,103" m="51307,46699" machi="102" ten="30,3900,0" yaku="20,1,34,2" doraHai="56" who="3" fromWho="0" sc="345,-39,218,0,284,0,153,39" /><INIT seed="6,0,0,4,2,73" ten="306,218,284,192" oya="2" hai0="67,16,40,46,131,12,64,134,104,82,45,33,66" hai1="72,25,111,9,65,30,21,35,43,126,6,18,87" hai2="71,83,29,94,116,123,62,53,120,79,89,121,7" hai3="107,39,113,11,100,80,19,0,47,59,22,86,13"/><V27/><F116/><W110/><G110/><T99/><D33/><U124/><E111/><V49/><F7/><W117/><G117/><T60/><D134/><U24/><E72/><V20/><F71/><W81/><G107/><T128/><D104/><U28/><E65/><V102/><F62/><W119/><G119/><T76/><D99/><U58/><E58/><V50/><F102/><W48/><G39/><T44/><D60/><U55/><E55/><V41/><F53/><W10/><G113/><T8/><REACH who="0" step="1"/><D40/><REACH who="0" ten="296,218,284,192" step="2"/><U14/><E43/><V135/><F41/><W34/><G34/><T4/><D4/><U91/><REACH who="1" step="1"/><E6/><REACH who="1" ten="296,208,284,192" step="2"/><V101/><F135/><W78/><G59/><T106/><D106/><U5/><E5/><V32/><F123/><W36/><G0/><T17/><D17/><U37/><E37/><V84/><F121/><W52/><G36/><T70/><D70/><U56/><E56/><V69/><F69/><W108/><G108/><T103/><D103/><U2/><E2/><V97/><F120/><W95/><G100/><T15/><D15/><U125/><E125/><V26/><F101/><W105/><G105/><T96/><D96/><U74/><E74/><AGARI ba="0,2" hai="8,12,16,44,45,46,64,66,67,74,76,82,128,131" machi="74" ten="40,5200,0" yaku="1,1,52,1,54,1,53,0" doraHai="73" doraHaiUra="92" who="0" fromWho="1" sc="296,72,208,-52,284,0,192,0" /><INIT seed="7,0,0,3,3,34" ten="368,156,284,192" oya="3" hai0="87,14,10,2,130,43,104,57,124,52,135,93,58" hai1="103,131,31,5,62,61,122,107,53,98,78,100,73" hai2="76,129,17,22,105,69,45,101,68,51,96,18,54" hai3="41,109,117,38,110,56,134,125,16,1,97,3,35"/><W67/><G117/><T70/><D70/><U84/><E122/><V74/><F129/><W108/><G134/><T114/><D104/><U30/><E100/><V40/><F74/><W106/><G125/><T66/><D124/><U9/><E131/><V126/><F76/><W4/><G4/><T116/><D116/><U0/><E62/><V49/><F17/><W72/><G72/><T80/><D114/><U65/><E53/><V39/><F126/><W92/><G35/><T89/><D2/><N who="3" m="521" /><G106/><T81/><D43/><U123/><E123/><V6/><F6/><W27/><G41/><T82/><D135/><U23/><E73/><V132/><F132/><W7/><G7/><N who="0" m="3423" /><D130/><U11/><E11/><V29/><F29/><W127/><G127/><T75/><D75/><U19/><E84/><V128/><F128/><W15/><G27/><T8/><D8/><U95/><E78/><V115/><F115/><W88/><G38/><T118/><D118/><U46/><E46/><V64/><F64/><W36/><G36/><T59/><D66/><U94/><E94/><V85/><F85/><W47/><G47/><T99/><D52/><U91/><E107/><V28/><F28/><W48/><G67/><T83/><D83/><U79/><E79/><AGARI ba="0,0" hai="57,58,59,79,80,81,82,87,89,93,99" m="3423" machi="79" ten="30,1000,0" yaku="8,1" doraHai="34" who="0" fromWho="1" sc="368,10,156,-10,284,0,192,0" owari="378,48.0,146,-35.0,284,8.0,192,-21.0" /></mjloggm>