<mjloggm ver="2.3"><GO type="41" lobby="0"/><UN n0="%E2%93%9D%53%75%70%68%78" n1="%E5%A4%A7%E6%A8%AA%E7%B6%B1" n2="%41%49%52%2D%47" n3="%E5%80%9F%E3%82%8A%E6%9A%AE%E3%82%89%E3%81%97%E3%81%AE%E7%8C%AB" dan="17,14,15,15" rate="2036.07,1890.00,1922.16,2226.55" sx="M,M,M,M"/><TAIKYOKU oya="0"/><INIT seed="0,0,0,2,2,86" ten="250,250,250,250" oya="0" hai0="114,62,73,20,110,63,13,131,115,33,57,109,106" hai1="37,91,116,3,61,85,6,72,22,1,8,75,48" hai2="59,60,102,15,117,16,96,32,78,10,24,92,56" hai3="18,35,5,53,113,132,119,39,127,79,36,70,52"/><T104/><D33/><U65/><E116/><V30/><F117/><W11/><G119/><T7/><D73/><U21/><E37/><V83/><REACH who="2" step="1"/><F60/><REACH who="2" ten="250,250,240,250" step="2"/><W124/><G113/><T101/><D63/><U44/><E72/><AGARI ba="0,1" hai="10,15,16,24,30,32,56,59,72,78,83,92,96,102" machi="72" ten="30,8000,1" yaku="1,1,2,1,7,1,54,1,53,1" doraHai="86" doraHaiUra="25" who="2" fromWho="1" sc="250,0,250,-80,240,90,250,0" /><INIT seed="1,0,0,4,0,98" ten="250,170,330,250" oya="1" hai0="51,25,48,105,106,15,134,16,92,30,103,80,107" hai1="87,93,114,135,104,19,37,112,46,67,77,119,6" hai2="131,115,31,34,20,133,21,60,102,53,89,110,120" hai3="99,83,84,35,88,58,24,39,49,3,45,97,17"/><U59/><E119/><V43/><F120/><W79/><G3/><T73/><D134/><U82/><E104/><V126/><F43/><W91/><G39/><T14/><D14/><U12/><E6/><V75/><F34/><W125/><G58/><T40/><D73/><U69/><E69/><V22/><F31/><W66/><G66/><T129/><D80/><U124/><E135/><V4/><F22/><N who="3" m="13391" /><G35/><T36/><D129/><U96/><E124/><V2/><F21/><W127/><G97/><T111/><D111/><U32/><E32/><V52/><F20/><W132/><G132/><T113/><D113/><U123/><E123/><V108/><F60/><W28/><G28/><T50/><D36/><U74/><E74/><V61/><F61/><W55/><G99/><T57/><D40/><U26/><E26/><V47/><F47/><W10/><G10/><T62/><D25/><U70/><E70/><V38/><F38/><W63/><G63/><T11/><D30/><U54/><E67/><V118/><F75/><W85/><G84/><T90/><D107/><U121/><E121/><V128/><F2/><W64/><G64/><N who="0" m="38991" /><D106/><U13/><E13/><V41/><F108/><W5/><G5/><T71/><D105/><U117/><E117/><V94/><F110/><W33/><G33/><T101/><D71/><U72/><E37/><V100/><F118/><W1/><G1/><T95/><D90/><N who="3" m="34345" /><G127/><T68/><D68/><U78/><E114/><V81/><F126/><W7/><G125/><T44/><D44/><U56/><E46/><V116/><F133/><W109/><G109/><RYUUKYOKU ba="0,0" sc="250,15,170,-15,330,-15,250,15" hai0="11,15,16,48,50,51,92,95,101,103" hai3="7,45,49,55,79,83,85" /><INIT seed="2,1,0,4,3,26" ten="265,155,315,265" oya="2" hai0="74,18,1,86,35,65,40,75,115,47,50,7,103" hai1="14,30,25,20,67,107,60,72,6,84,51,13,23" hai2="19,117,12,77,22,21,17,124,29,128,39,73,113" hai3="55,83,96,36,118,106,68,127,87,5,126,10,0"/><V121/><F117/><W57/><G68/><T88/><D115/><U8/><E107/><V62/><F121/><W11/><G36/><T34/><D103/><U9/><E72/><V130/><F113/><W97/><G11/><T122/><D122/><U52/><E84/><V49/><F39/><W94/><G106/><T48/><D65/><U80/><E80/><V59/><F49/><W61/><G118/><T133/><D133/><U69/><E25/><V102/><F102/><W46/><G46/><T79/><D18/><U38/><E38/><V125/><F77/><W95/><G95/><T71/><D71/><U123/><E123/><V135/><F73/><W24/><G24/><T93/><D75/><U53/><E53/><V42/><F29/><W92/><G92/><T112/><D112/><U108/><E108/><V37/><F42/><W120/><G120/><T2/><D50/><U116/><E116/><V63/><F37/><W100/><REACH who="3" step="1"/><G97/><REACH who="3" ten="265,155,315,255" step="2"/><T56/><D47/><U58/><REACH who="1" step="1"/><E30/><REACH who="1" ten="265,145,315,255" step="2"/><V104/><F104/><W98/><G98/><T27/><D27/><U33/><E33/><V111/><F111/><W134/><G134/><T90/><D35/><U82/><E82/><V109/><F109/><W43/><G43/><T105/><D34/><U78/><E78/><AGARI ba="1,2" hai="0,5,10,55,57,61,78,83,87,94,96,100,126,127" machi="78" ten="40,1300,0" yaku="1,1,53,0" doraHai="26" doraHaiUra="110" who="3" fromWho="1" sc="265,0,145,-16,315,0,255,36" /><INIT seed="3,0,0,3,1,11" ten="265,129,315,291" oya="3" hai0="9,119,86,57,76,127,81,64,52,50,56,37,58" hai1="48,114,66,118,67,88,87,45,36,65,68,35,40" hai2="41,80,99,117,89,29,130,131,30,3,135,51,28" hai3="82,109,6,43,134,44,113,83,123,0,85,49,20"/><W75/><G123/><T39/><D119/><U79/><E35/><V63/><F117/><W17/><G113/><T84/><D127/><U23/><E114/><V95/><F3/><W106/><G106/><T24/><D39/><U98/><E79/><V5/><F5/><W129/><G129/><T15/><D37/><U7/><E98/><V42/><F63/><W33/><G33/><T55/><D24/><U90/><E68/><V101/><F135/><W128/><G128/><T47/><D86/><U70/><E70/><V69/><F69/><W121/><G121/><T125/><D125/><U94/><E118/><V110/><F110/><W31/><G31/><T93/><D93/><U126/><E126/><V97/><F131/><W19/><G134/><T53/><D64/><U27/><E7/><AGARI ba="0,0" hai="7,9,15,47,50,52,53,55,56,57,58,76,81,84" machi="7" ten="40,5200,0" yaku="8,1,52,1,54,1" doraHai="11" who="0" fromWho="1" sc="265,52,129,-52,315,0,291,0" /><INIT seed="4,0,0,4,5,109" ten="317,77,315,291" oya="0" hai0="64,117,52,100,57,83,85,29,107,0,14,4,74" hai1="27,129,30,18,82,108,112,5,111,8,3,113,99" hai2="46,55,53,21,120,65,132,96,35,1,33,81,13" hai3="19,45,94,118,17,2,121,10,125,128,66,78,40"/><T36/><D117/><U70/><E70/><V43/><F1/><W63/><G118/><T25/><D36/><U79/><E129/><V60/><F120/><W67/><G128/><T103/><D74/><N who="1" m="43383" /><E18/><V37/><F35/><W90/><G125/><T61/><D0/><U31/><E99/><V115/><F33/><W84/><G121/><T92/><D107/><U122/><E122/><V75/><F96/><W23/><G78/><T77/><D92/><U44/><E44/><V41/><F41/><W131/><G131/><T11/><REACH who="0" step="1"/><D64/><REACH who="0" ten="307,77,315,291" step="2"/><U95/><E95/><V68/><F65/><W9/><G66/><T80/><D80/><U76/><E76/><V123/><F81/><W116/><G116/><T62/><D62/><U126/><E126/><V51/><F75/><W58/><G2/><T87/><D87/><U97/><E97/><V71/><F60/><W49/><REACH who="3" step="1"/><G19/><REACH who="3" ten="307,77,315,281" step="2"/><T135/><D135/><U54/><E31/><V130/><F132/><W88/><G88/><T50/><D50/><U127/><E127/><V89/><F51/><W114/><G114/><N who="1" m="44138" /><E54/><V7/><F55/><W119/><G119/><T38/><D38/><U105/><E105/><V28/><F37/><W42/><G42/><T106/><D106/><U134/><E134/><V102/><F43/><W104/><G104/><T73/><D73/><U34/><AGARI ba="0,2" hai="3,5,8,27,30,34,108,111" m="44138,43383" machi="34" ten="30,12000,2" yaku="15,1,11,1,23,1,52,3" doraHai="109" who="1" fromWho="1" sc="307,-60,77,140,315,-30,281,-30" /><INIT seed="5,0,0,1,2,118" ten="247,217,285,251" oya="1" hai0="70,38,84,63,61,40,32,23,41,56,66,53,107" hai1="60,90,112,27,131,44,21,28,71,54,76,133,135" hai2="105,81,19,49,57,93,109,132,5,37,4,119,20" hai3="128,100,94,77,16,46,50,9,65,11,8,48,74"/><U62/><E112/><V120/><F37/><W92/><G128/><T33/><D107/><U64/><E131/><V45/><F105/><W39/><G39/><T13/><D84/><U99/><E76/><V0/><F0/><W26/><G74/><T116/><D116/><U80/><E80/><V14/><F119/><W124/><G77/><T7/><D38/><U67/><E54/><V103/><F109/><W127/><G65/><T58/><D70/><U29/><E44/><V114/><F132/><N who="1" m="50761" /><E90/><V123/><F5/><W106/><G106/><T36/><D36/><U2/><E2/><V96/><F4/><W30/><G100/><T89/><D89/><U68/><E99/><V47/><F47/><W59/><G59/><T25/><D33/><U129/><E129/><V35/><F35/><N who="3" m="20951" /><G92/><T122/><D32/><U111/><E111/><V43/><F114/><W87/><G87/><T3/><D3/><U88/><E29/><V125/><F125/><N who="3" m="48203" /><G94/><T1/><D1/><U101/><E88/><V91/><F91/><W42/><G50/><T134/><D134/><U95/><E95/><V22/><F81/><W113/><G113/><T102/><D102/><AGARI ba="0,0" hai="21,27,28,60,62,64,67,68,71,101,102" m="50761" machi="102" ten="30,1500,0" yaku="20,1" doraHai="118" who="1" fromWho="0" sc="247,-15,217,15,285,0,251,0" /><INIT seed="5,1,0,5,4,44" ten="232,232,285,251" oya="1" hai0="92,114,72,74,55,123,88,81,35,75,122,86,10" hai1="124,77,56,21,60,40,128,11,104,116,109,45,85" hai2="57,106,12,63,79,111,42,27,49,38,54,59,126" hai3="80,132,61,4,108,8,46,120,3,9,7,101,66"/><U83/><E116/><V94/><F106/><W121/><G108/><T76/><D35/><U113/><E104/><V105/><F105/><W110/><G110/><T16/><D55/><U22/><E109/><V99/><F126/><W91/><G101/><T134/><D134/><U15/><E128/><V130/><F130/><W62/><G132/><T47/><D47/><U23/><E113/><V20/><F79/><W50/><G80/><T39/><D39/><U102/><E102/><V70/><F70/><W0/><G91/><T5/><D16/><N who="1" m="8319" /><E124/><V82/><F82/><W119/><G119/><T37/><D37/><U14/><E14/><V112/><F12/><W117/><G117/><T118/><D118/><U58/><E60/><V18/><F112/><W67/><G46/><T2/><REACH who="0" step="1"/><D114/><REACH who="0" ten="222,232,285,251" step="2"/><U129/><E129/><V41/><F38/><W53/><G53/><T33/><D33/><U17/><E17/><V133/><F133/><W6/><G6/><T28/><D28/><U95/><E45/><V1/><F111/><W31/><G31/><T97/><AGARI ba="1,1" hai="2,5,10,72,74,75,76,81,86,88,92,97,122,123" machi="97" ten="40,5200,0" yaku="1,1,0,1,54,1,53,0" doraHai="44" doraHaiUra="13" who="0" fromWho="0" sc="222,65,232,-27,285,-14,251,-14" /><INIT seed="6,0,0,2,1,43" ten="287,205,271,237" oya="2" hai0="60,41,134,122,127,34,103,25,52,86,75,92,115" hai1="71,87,80,90,51,20,96,63,110,62,46,54,91" hai2="30,102,74,131,107,98,95,40,18,78,28,130,59" hai3="7,1,85,22,31,26,68,128,109,3,72,45,42"/><V124/><F124/><W77/><G109/><T76/><D122/><U35/><E35/><V117/><F117/><W57/><G128/><N who="2" m="49193" /><F18/><W108/><G68/><T32/><D41/><U37/><E37/><V9/><F9/><W12/><G108/><T65/><D115/><U58/><E71/><V29/><F59/><W89/><G57/><T84/><D134/><U13/><E110/><V133/><F133/><W126/><G126/><T81/><D65/><N who="1" m="39127" /><E63/><V6/><F6/><W36/><G77/><T105/><D105/><U49/><E96/><V66/><F66/><W73/><G12/><T135/><D60/><U0/><E0/><V94/><F40/><W123/><G123/><T125/><D135/><U47/><E20/><V2/><F2/><W101/><G101/><T97/><D34/><U48/><E13/><V8/><F8/><W113/><G113/><T82/><D127/><U119/><E119/><V67/><F67/><W93/><REACH who="3" step="1"/><G1/><REACH who="3" ten="287,205,271,227" step="2"/><T16/><D125/><U17/><E17/><V100/><F100/><W56/><G56/><T61/><D16/><U104/><E104/><V24/><F24/><W23/><G23/><T27/><D27/><U106/><E106/><V14/><F14/><W50/><G50/><T70/><D25/><U38/><E38/><V116/><F116/><W83/><G83/><AGARI ba="0,1" hai="28,29,30,74,78,83,94,95,98,102,107" m="49193" machi="83" ten="30,1500,0" yaku="19,1" doraHai="43" who="2" fromWho="3" sc="287,0,205,0,271,25,227,-15" /><INIT seed="6,1,0,1,0,115" ten="287,205,296,212" oya="2" hai0="55,34,73,95,92,53,20,102,47,7,14,3,91" hai1="11,67,46,48,50,58,23,52,101,98,105,27,10" hai2="83,39,17,29,106,38,89,127,22,104,66,6,94" hai3="33,99,75,125,1,81,121,120,51,36,79,107,15"/><V114/><F114/><W26/><G125/><T108/><D34/><U9/><E67/><V19/><F6/><W100/><G15/><T68/><D73/><U25/><REACH who="1" step="1"/><E23/><REACH who="1" ten="287,195,296,212" step="2"/><V0/><F66/><W86/><G120/><T28/><D20/><U124/><E124/><V56/><F22/><W8/><G121/><T13/><D108/><U122/><E122/><V71/><F127/><W35/><G36/><T60/><D28/><U5/><E5/><V40/><F29/><W49/><G75/><T117/><D7/><U113/><E113/><V88/><F39/><W54/><G33/><T63/><D68/><U70/><E70/><V82/><F38/><W62/><G35/><T133/><D133/><U43/><AGARI ba="1,1" hai="9,10,11,25,27,43,46,48,50,52,58,98,101,105" machi="43" ten="30,4000,0" yaku="1,1,0,1,54,1,53,0" doraHai="115" doraHaiUra="24" who="1" fromWho="1" sc="287,-11,195,53,296,-21,212,-11" /><INIT seed="7,0,0,5,0,95" ten="276,248,275,201" oya="3" hai0="18,52,82,17,109,9,68,113,64,123,78,44,98" hai1="4,30,54,106,122,8,60,6,116,5,100,105,69" hai2="90,35,31,89,97,28,50,26,67,11,53,133,84" hai3="94,92,27,34,58,38,120,128,51,131,91,99,57"/><W65/><G38/><T24/><D109/><U101/><E122/><V111/><F111/><W63/><G120/><T135/><D123/><U42/><E116/><V19/><F133/><W124/><G124/><T56/><D68/><U88/><E42/><V86/><F97/><N who="3" m="57503" /><G34/><T20/><D113/><U62/><E8/><V55/><F67/><W23/><G51/><T14/><D98/><U102/><E30/><V29/><F35/><W21/><G58/><T39/><D135/><U3/><E3/><V45/><F55/><W129/><G27/><T75/><D64/><U76/><E76/><V130/><F130/><N who="3" m="33283" /><W43/><DORA hai="103" /><G43/><T127/><D127/><U104/><E69/><V47/><F47/><W25/><G25/><T112/><D112/><U83/><REACH who="1" step="1"/><E54/><REACH who="1" ten="276,238,275,201" step="2"/><V125/><F125/><W2/><G2/><T71/><D71/><U121/><E121/><V77/><F28/><W73/><G73/><T72/><D72/><U85/><AGARI ba="0,1" hai="4,5,6,60,62,83,85,88,100,101,102,104,105,106" machi="85" ten="40,24000,4" yaku="1,1,0,1,29,2,52,3,54,1,53,3" doraHai="95,103" doraHaiUra="13,0" who="1" fromWho="1" sc="276,-60,238,250,275,-60,201,-120" owari="216,2.0,488,58.0,215,-18.0,81,-42.0" /></mjloggm>