<mjloggm ver="2.3"><GO type="41" lobby="0"/><UN n0="%E2%93%9D%53%75%70%68%78" n1="%E3%82%A8%E3%82%A4%E3%83%92%E3%83%AC" n2="%E7%A9%82%E5%AE%89" n3="%E5%89%8D%E6%96%B9%E8%BB%A2%E8%BA%AB" dan="18,16,16,14" rate="2077.49,2025.54,1999.17,1994.25" sx="M,M,M,M"/><TAIKYOKU oya="0"/><INIT seed="0,0,0,0,5,72" ten="250,250,250,250" oya="0" hai0="35,64,20,30,123,121,76,128,127,104,41,75,3" hai1="115,14,102,36,54,71,112,100,67,34,88,32,94" hai2="18,116,108,23,97,106,1,25,33,7,125,81,40" hai3="50,31,65,21,38,95,46,60,58,9,126,29,69"/><T124/><D20/><U15/><E36/><V113/><F113/><N who="1" m="43593" /><E54/><V103/><F108/><W99/><G9/><T68/><D41/><U8/><E67/><V82/><F125/><N who="0" m="48202" /><D128/><U114/><E71/><V59/><F116/><W47/><G47/><T62/><D3/><U134/><N who="1" m="43601" /><U96/><DORA hai="91" /><E134/><V92/><F40/><W45/><G45/><T44/><D44/><U110/><E110/><V105/><F105/><W78/><G21/><T61/><D61/><U4/><E15/><V55/><F33/><AGARI ba="0,0" hai="4,8,14,32,33,34,88,94,96,100,102" m="43601" machi="33" ten="40,5200,0" yaku="11,1,52,1,54,1" doraHai="72,91" who="1" fromWho="2" sc="250,0,250,52,250,-52,250,0" /><INIT seed="1,0,0,2,5,105" ten="250,302,198,250" oya="1" hai0="100,110,27,128,35,10,41,4,19,33,7,37,53" hai1="66,104,77,97,61,1,89,75,92,54,60,127,55" hai2="47,121,23,6,82,69,34,108,94,98,96,36,70" hai3="106,50,58,74,113,64,43,135,13,30,5,18,107"/><U72/><E1/><V79/><F34/><W48/><G113/><T134/><D53/><U115/><E115/><V109/><F121/><W102/><G30/><T26/><D41/><U46/><E127/><V132/><F132/><W24/><G24/><T3/><D100/><U62/><E104/><V9/><F23/><W122/><G122/><T76/><D76/><U40/><E66/><V91/><F96/><W14/><G102/><T112/><D37/><U133/><E133/><V28/><F28/><W124/><G74/><T71/><D71/><U99/><E99/><V101/><F101/><W12/><G5/><T21/><D112/><U17/><E17/><V45/><F69/><W59/><G43/><T86/><D86/><U32/><E32/><N who="0" m="12361" /><D128/><U131/><E131/><V2/><F70/><W119/><G119/><T120/><D110/><N who="2" m="42602" /><F36/><W52/><G64/><T103/><D103/><U114/><E114/><V38/><F38/><W87/><G87/><AGARI ba="0,0" hai="2,6,9,45,47,79,82,87,91,94,98" m="42602" machi="87" ten="30,1000,0" yaku="14,1" doraHai="105" who="2" fromWho="3" sc="250,0,302,0,198,10,250,-10" /><INIT seed="2,0,0,5,0,69" ten="250,302,208,240" oya="2" hai0="0,127,60,97,52,28,114,22,122,102,106,7,30" hai1="110,44,33,2,47,17,11,99,34,98,8,94,93" hai2="116,119,135,61,43,38,124,67,85,50,101,48,109" hai3="132,35,26,103,91,12,10,63,19,96,3,41,107"/><V125/><F101/><W112/><G132/><T42/><D122/><U111/><REACH who="1" step="1"/><E17/><REACH who="1" ten="250,292,208,240" step="2"/><V68/><F135/><W133/><G133/><T6/><D114/><U76/><E76/><V27/><F109/><W54/><G19/><T113/><D113/><U14/><E14/><V92/><F27/><W134/><G112/><T86/><D7/><U129/><E129/><V83/><F116/><W32/><G134/><T36/><D6/><U88/><E88/><V120/><F119/><W25/><G91/><T49/><D0/><AGARI ba="0,1" hai="0,2,8,11,33,34,44,47,93,94,98,99,110,111" machi="0" ten="25,6400,0" yaku="21,2,22,2,53,0" doraHai="69" doraHaiUra="71" who="1" fromWho="0" sc="250,-64,292,74,208,0,240,0" /><INIT seed="3,0,0,4,0,93" ten="186,366,208,240" oya="3" hai0="80,73,86,54,92,123,119,45,97,10,132,90,74" hai1="78,18,118,50,11,62,15,1,60,84,113,57,20" hai2="126,96,4,53,81,116,27,25,16,28,58,98,14" hai3="21,103,134,34,120,112,76,12,24,22,33,129,121"/><W26/><G103/><T71/><D71/><U102/><E113/><V19/><F116/><W47/><G76/><T38/><D119/><U108/><E118/><V117/><F117/><W55/><G55/><T29/><D123/><N who="3" m="47177" /><G47/><T106/><D132/><U114/><E114/><V91/><F126/><W130/><G112/><T122/><D29/><U56/><E1/><V41/><F41/><W82/><G82/><T69/><D69/><U79/><E50/><V109/><F109/><W89/><G89/><T107/><D122/><U127/><E108/><V9/><F81/><W88/><G88/><T100/><D10/><U61/><E127/><V99/><F91/><W13/><G134/><T65/><D65/><U30/><E102/><V72/><F72/><W8/><G8/><T95/><D54/><U131/><E84/><V36/><F36/><W68/><G68/><T40/><REACH who="0" step="1"/><D95/><REACH who="0" ten="176,366,208,240" step="2"/><U70/><E70/><V37/><F37/><W52/><G52/><T115/><D115/><U77/><E11/><V2/><F28/><W110/><G110/><T17/><D17/><N who="2" m="6730" /><F2/><W63/><G63/><AGARI ba="0,1" hai="4,9,14,25,27,53,58,63,96,98,99" m="6730" machi="63" ten="30,8000,1" yaku="8,1,52,3,54,1" doraHai="93" who="2" fromWho="3" sc="176,0,366,0,208,90,240,-80" /><INIT seed="4,0,0,1,4,34" ten="176,366,298,160" oya="0" hai0="39,112,100,66,132,52,69,4,41,80,127,78,40" hai1="56,131,49,82,64,99,61,54,94,62,7,116,68" hai2="36,95,106,28,109,63,10,122,48,21,5,105,108" hai3="126,24,60,70,32,104,30,128,114,86,18,74,115"/><T27/><D112/><N who="3" m="43049" /><G74/><T23/><D127/><U59/><E116/><V107/><F122/><W47/><G104/><T111/><D132/><U133/><E133/><V57/><F36/><W96/><G126/><T71/><D100/><U0/><E131/><V58/><F48/><W101/><G86/><T12/><D111/><U75/><E75/><V72/><F72/><W124/><G47/><T37/><D66/><U123/><E123/><V16/><F28/><W117/><G18/><T14/><D4/><U90/><E82/><V65/><F58/><W8/><G8/><T55/><D80/><U73/><E73/><V79/><F79/><W83/><G83/><T134/><D134/><U22/><E22/><V118/><F118/><W110/><G110/><T19/><D23/><U67/><E7/><V119/><F119/><W38/><G38/><T88/><D19/><U2/><AGARI ba="0,0" hai="0,2,49,54,56,59,61,62,64,67,68,90,94,99" machi="2" ten="30,4000,0" yaku="0,1,52,2" doraHai="34" who="1" fromWho="1" sc="176,-20,366,40,298,-10,160,-10" /><INIT seed="5,0,0,5,1,77" ten="156,406,288,150" oya="1" hai0="113,17,67,60,49,84,9,134,109,70,62,100,83" hai1="64,107,72,43,128,28,3,0,85,57,44,42,76" hai2="19,117,135,48,108,13,105,80,87,90,106,119,129" hai3="15,73,59,95,47,126,24,6,46,16,124,88,37"/><U61/><E107/><V101/><F108/><W26/><G73/><T7/><D109/><U29/><E128/><V32/><F135/><W54/><G6/><T52/><D134/><U112/><E112/><V5/><F32/><W38/><G38/><T25/><D113/><U33/><E43/><V81/><F129/><W45/><G37/><T36/><D36/><U91/><E29/><V40/><F5/><W58/><G124/><T115/><D100/><U34/><E34/><V93/><F119/><W23/><G126/><T51/><D115/><U41/><E41/><V66/><F66/><W56/><G54/><T55/><D25/><U22/><E33/><V71/><F71/><W97/><AGARI ba="0,0" hai="15,16,23,24,26,45,46,47,56,58,59,88,95,97" machi="97" ten="30,7900,0" yaku="0,1,8,1,54,2" doraHai="77" who="3" fromWho="3" sc="156,-20,406,-39,288,-20,150,79" /><INIT seed="6,0,0,0,3,77" ten="136,367,268,229" oya="2" hai0="89,25,38,126,42,30,64,34,43,107,39,81,135" hai1="11,61,109,50,41,82,46,125,31,118,40,28,58" hai2="73,18,85,4,69,8,47,127,67,5,65,133,117" hai3="79,104,22,129,88,115,37,78,9,56,59,83,13"/><V29/><F73/><W86/><G37/><T114/><D126/><U74/><E125/><V51/><F127/><W131/><G104/><T97/><D114/><U27/><E109/><V106/><F117/><W105/><G22/><T62/><D135/><U1/><E118/><V108/><F106/><W66/><G105/><T3/><D43/><U84/><E74/><V96/><F133/><W52/><G66/><N who="2" m="25097" /><F69/><W75/><G115/><T123/><D42/><U122/><E122/><V70/><F70/><W12/><G75/><T14/><D3/><U124/><E40/><N who="2" m="25063" /><F108/><W90/><G90/><T87/><D14/><N who="3" m="5737" /><G9/><T36/><D123/><U19/><E124/><V35/><F35/><W2/><G59/><T134/><D134/><U54/><E1/><V113/><F113/><W10/><G10/><T100/><REACH who="0" step="1"/><D39/><REACH who="0" ten="126,367,268,229" step="2"/><U98/><E11/><V0/><F0/><W24/><G2/><T23/><D23/><U76/><E41/><V128/><F8/><W68/><G24/><T132/><D132/><U93/><E27/><V7/><F7/><W103/><G68/><AGARI ba="0,1" hai="25,30,34,36,38,62,64,68,81,87,89,97,100,107" machi="68" ten="30,12000,2" yaku="1,1,7,1,25,2,52,1,53,1" doraHai="77" doraHaiUra="60" who="0" fromWho="3" sc="126,130,367,0,268,0,229,-120" /><INIT seed="7,0,0,5,4,71" ten="256,367,268,109" oya="3" hai0="118,132,36,110,33,18,119,105,55,79,99,100,7" hai1="93,15,46,87,131,122,106,112,45,108,128,89,11" hai2="97,123,1,43,17,42,20,6,3,98,24,83,14" hai3="75,44,76,80,70,103,67,48,32,8,82,16,60"/><W127/><G32/><T69/><D18/><U73/><E108/><V95/><F123/><W91/><G103/><T38/><D55/><U49/><E122/><V51/><F83/><W2/><G127/><T4/><D110/><U30/><E106/><V117/><F117/><N who="0" m="44554" /><D7/><U94/><E73/><V114/><F114/><W81/><G91/><T92/><D92/><U47/><E112/><V124/><F98/><W86/><G75/><T52/><D52/><N who="1" m="29743" /><E30/><V58/><F124/><W64/><G64/><T53/><D53/><U125/><E125/><V54/><F1/><W113/><G113/><T5/><D5/><N who="1" m="3567" /><E93/><V121/><F121/><W115/><G115/><T109/><D109/><U22/><E22/><V78/><F3/><W88/><G76/><T19/><D19/><U59/><E59/><V0/><F0/><W10/><G10/><T66/><D4/><U21/><E21/><N who="2" m="11447" /><F78/><W104/><G104/><T96/><D96/><U84/><E84/><V129/><F6/><W61/><G61/><N who="0" m="40143" /><D79/><U120/><E120/><V25/><F25/><W107/><G107/><T57/><D57/><U62/><E62/><V135/><F135/><W85/><G85/><T102/><D102/><U72/><E72/><V12/><F12/><N who="3" m="7175" /><G2/><T101/><D101/><U37/><E87/><V65/><F65/><W29/><G29/><T23/><D132/><U13/><E13/><V126/><F126/><W31/><G31/><T68/><D68/><U34/><E89/><V28/><F97/><W9/><G9/><T77/><D77/><U50/><E94/><V40/><F95/><W56/><G70/><RYUUKYOKU ba="0,0" sc="256,-15,367,-15,268,15,109,15" hai2="20,24,28,40,42,43,51,54,58,129" hai3="44,48,56,60,67,80,81,82,86,88" /><INIT seed="7,1,0,0,0,21" ten="241,352,283,124" oya="3" hai0="44,128,13,19,114,65,31,37,117,135,105,85,95" hai1="68,116,0,26,115,66,17,97,49,67,102,27,94" hai2="57,109,113,72,43,47,76,124,99,70,3,73,20" hai3="53,35,42,96,18,56,129,12,91,29,127,100,112"/><W134/><G112/><T77/><D117/><U48/><E0/><V131/><F109/><W45/><G134/><T104/><D65/><N who="1" m="24587" /><E68/><V80/><F70/><W118/><G118/><T89/><D128/><U40/><E115/><V41/><F113/><W132/><G132/><T82/><D31/><U119/><E119/><V46/><F3/><W24/><G91/><T101/><D114/><U51/><E116/><V22/><F131/><W103/><G129/><T71/><D71/><U33/><E33/><V2/><F2/><W34/><G34/><T14/><D14/><U1/><E1/><V75/><F57/><W6/><G6/><T84/><D135/><U62/><E62/><V90/><F124/><W36/><G96/><T25/><D101/><U98/><E98/><V11/><F11/><W64/><G64/><T78/><D78/><U61/><E61/><V122/><F122/><W38/><G38/><T30/><D37/><U16/><E40/><V74/><F90/><W108/><G108/><T59/><D59/><U60/><E60/><V126/><F126/><W5/><G5/><T9/><REACH who="0" step="1"/><D44/><REACH who="0" ten="231,352,283,124" step="2"/><U15/><E15/><V39/><F46/><W130/><G130/><T8/><D8/><U28/><E28/><V7/><F47/><W4/><G127/><T32/><AGARI ba="1,1" hai="9,13,19,25,30,32,77,82,84,85,89,95,104,105" machi="32" ten="20,5200,0" yaku="1,1,0,1,7,1,52,1,53,0" doraHai="21" doraHaiUra="107" who="0" fromWho="0" sc="231,65,352,-14,283,-14,124,-27" owari="296,10.0,338,43.0,269,-13.0,97,-40.0" /></mjloggm>