<mjloggm ver="2.3"><GO type="41" lobby="0"/><UN n0="%E5%BC%81%E5%BD%93%E7%AE%B1" n1="%E2%93%9D%53%75%70%68%78" n2="%7A%69%7A%69%70%70%65%72" n3="%54%6F%6D%6D%79%35%30%30" dan="14,18,13,13" rate="1901.22,2091.10,1843.58,1888.01" sx="M,M,M,M"/><TAIKYOKU oya="0"/><INIT seed="0,0,0,1,3,106" ten="250,250,250,250" oya="0" hai0="97,102,126,118,8,52,15,61,38,67,51,65,95" hai1="16,49,119,76,96,124,43,31,78,10,68,134,111" hai2="14,113,121,26,116,58,1,84,33,72,123,40,101" hai3="12,70,7,103,129,122,109,3,25,23,64,0,80"/><T48/><D38/><U9/><E119/><V20/><F1/><W66/><G109/><T79/><D126/><U4/><E68/><V135/><F113/><W127/><G129/><T115/><D115/><U100/><E31/><V90/><F101/><W82/><G127/><T74/><D118/><U108/><E134/><V89/><F116/><W91/><G122/><T39/><D39/><U63/><E63/><V112/><F112/><W85/><G103/><T56/><D51/><U11/><E4/><V24/><F33/><W117/><G117/><T32/><D32/><U120/><E120/><V46/><F135/><W19/><G70/><T73/><D79/><U114/><E124/><V36/><F123/><W69/><G69/><T71/><D67/><U34/><E34/><V45/><F45/><W75/><G3/><T54/><D54/><U86/><E86/><V6/><F58/><W27/><G0/><T83/><D83/><U47/><E114/><V87/><F121/><W132/><G132/><T59/><D71/><U62/><E62/><V99/><F99/><W13/><G12/><T41/><D41/><U110/><REACH who="1" step="1"/><E16/><AGARI ba="0,0" hai="8,15,16,48,52,56,59,61,65,73,74,95,97,102" machi="16" ten="30,12000,1" yaku="7,1,52,2,54,2" doraHai="106" who="0" fromWho="1" sc="250,120,250,-120,250,0,250,0" /><INIT seed="0,1,0,3,4,104" ten="370,130,250,250" oya="0" hai0="113,98,33,22,11,7,64,81,10,109,72,122,83" hai1="96,97,56,34,103,65,78,35,26,15,106,84,38" hai2="121,13,133,58,5,76,115,63,45,79,44,60,99" hai3="37,66,12,128,82,1,110,86,130,127,77,27,62"/><T117/><D113/><U6/><E38/><V108/><F115/><W21/><G1/><T28/><D122/><U95/><E65/><V51/><F121/><W70/><G37/><T134/><D117/><U118/><E118/><V131/><F99/><W89/><G110/><T75/><D33/><U18/><E6/><V107/><F107/><W55/><G127/><T59/><D98/><U29/><E35/><V3/><F3/><W25/><G12/><T48/><D64/><U129/><E129/><V85/><F108/><W8/><G8/><T54/><D109/><U20/><E56/><V120/><F120/><W90/><G27/><T132/><D22/><U53/><E53/><V24/><F24/><W14/><G14/><T123/><D28/><U9/><E78/><V101/><F131/><N who="3" m="50219" /><G55/><T112/><D112/><U43/><E43/><V17/><F5/><W73/><G86/><T39/><D39/><U100/><E84/><V80/><F85/><W124/><G124/><T88/><D88/><U42/><E42/><V16/><F101/><W23/><G23/><T67/><D67/><U46/><E34/><V31/><F31/><AGARI ba="1,0" hai="21,25,31,62,66,70,73,77,82,89,90" m="50219" machi="31" ten="30,2000,0" yaku="19,1,52,1" doraHai="104" who="3" fromWho="2" sc="370,0,130,0,250,-23,250,23" /><INIT seed="1,0,0,3,0,61" ten="370,130,227,273" oya="1" hai0="48,103,1,34,113,84,32,78,97,107,135,36,52" hai1="96,55,98,108,24,90,99,16,47,126,2,115,3" hai2="27,7,18,38,0,85,59,117,114,26,121,53,15" hai3="127,22,73,58,45,100,67,82,4,50,81,39,9"/><U109/><E115/><V12/><F117/><W60/><G127/><T63/><D113/><U14/><E24/><V88/><F114/><W128/><G128/><T118/><D36/><U72/><E72/><V19/><F38/><W10/><G73/><T95/><D1/><U133/><E126/><V91/><F7/><W101/><G39/><T6/><D6/><U37/><E90/><V106/><F106/><W69/><G69/><T40/><D135/><U62/><E133/><V28/><F0/><W57/><G22/><T20/><D20/><U134/><E134/><V25/><F28/><W122/><G58/><T56/><D118/><U42/><E55/><V5/><F5/><W33/><G33/><T79/><D107/><U74/><E74/><V75/><F75/><W65/><G65/><N who="0" m="39143" /><D32/><U68/><E62/><N who="2" m="36207" /><F121/><W49/><G49/><T102/><D34/><U54/><E54/><V51/><F51/><W23/><G23/><T119/><D40/><U105/><E105/><V64/><F64/><W124/><G122/><T93/><D119/><U112/><E68/><V11/><F85/><W21/><G21/><AGARI ba="0,0" hai="11,12,15,18,19,21,25,26,27,88,91" m="36207" machi="21" ten="30,2000,0" yaku="8,1,54,1" doraHai="61" who="2" fromWho="3" sc="370,0,130,0,227,20,273,-20" /><INIT seed="2,0,0,5,1,133" ten="370,130,247,253" oya="2" hai0="60,65,33,28,22,78,124,108,44,58,112,7,64" hai1="92,106,77,79,75,31,55,21,45,42,6,96,89" hai2="126,115,52,20,70,63,11,9,35,111,125,110,57" hai3="39,5,10,72,121,61,135,123,26,46,118,97,114"/><V36/><F35/><W47/><G26/><T29/><D112/><U1/><E106/><V127/><F115/><W131/><G47/><T8/><D33/><U66/><E66/><N who="2" m="41311" /><F36/><W93/><G93/><T30/><D108/><N who="2" m="41514" /><F20/><W32/><G97/><T16/><D78/><U134/><E134/><V119/><F119/><W88/><G61/><AGARI ba="0,0" hai="9,11,52,57,61,125,126,127" m="41514,41311" machi="61" ten="40,18000,2" yaku="18,1,14,1,10,1,52,3,54,1" doraHai="133" who="2" fromWho="3" sc="370,0,130,0,247,180,253,-180" /><INIT seed="2,1,0,2,0,42" ten="370,130,427,73" oya="2" hai0="49,109,123,112,43,46,110,106,76,40,129,48,114" hai1="111,60,8,22,93,26,64,44,21,13,10,70,61" hai2="56,89,95,128,66,62,124,73,69,74,84,91,37" hai3="19,100,108,87,82,132,25,105,90,35,55,131,15"/><V68/><F37/><W34/><G108/><N who="0" m="41579" /><D106/><U18/><E111/><V103/><F103/><W134/><G131/><T39/><D76/><U57/><E93/><V59/><F128/><W77/><G25/><T99/><D99/><U7/><E10/><V117/><F117/><W75/><G55/><T9/><D9/><U126/><E126/><V104/><F104/><W0/><G0/><T38/><D129/><U96/><E96/><V80/><F124/><W67/><G67/><T3/><D3/><U107/><E107/><V30/><F30/><W32/><G100/><T63/><D63/><U121/><E121/><V4/><F4/><W86/><G105/><T41/><D123/><U11/><E11/><V29/><F29/><W120/><G120/><T53/><D49/><U6/><E22/><V79/><F73/><W31/><G31/><T102/><D102/><U47/><REACH who="1" step="1"/><E7/><REACH who="1" ten="370,120,427,73" step="2"/><V119/><F119/><W118/><G118/><T113/><AGARI ba="1,1" hai="38,39,40,41,43,46,48,53,112,113,114" m="41579" machi="113" ten="40,8000,1" yaku="14,1,34,2,52,1" doraHai="42" who="0" fromWho="0" sc="370,93,120,-21,427,-41,73,-21" /><INIT seed="3,0,0,4,5,81" ten="463,99,386,52" oya="3" hai0="71,15,106,58,37,1,7,88,45,14,5,19,76" hai1="111,73,94,108,60,40,107,56,82,77,12,48,134" hai2="100,39,3,0,110,36,95,93,117,103,79,97,34" hai3="25,26,122,66,70,68,18,75,67,109,125,127,105"/><W131/><G122/><T44/><D106/><U104/><E134/><V24/><F117/><W35/><G105/><T84/><D71/><N who="3" m="27177" /><G75/><T69/><D69/><U11/><E94/><V10/><F110/><N who="1" m="42025" /><E48/><V13/><F79/><W80/><G109/><T116/><D37/><U91/><E91/><V74/><F74/><W23/><G80/><N who="0" m="49159" /><D116/><U21/><E21/><V4/><F0/><W78/><G78/><T59/><D1/><U51/><E51/><V123/><F123/><W33/><G131/><T99/><D76/><U129/><E40/><V112/><F112/><W87/><G87/><T124/><D124/><N who="3" m="47689" /><G26/><T83/><D83/><U102/><E129/><V86/><F86/><W120/><G120/><T17/><D99/><U63/><E107/><V38/><F97/><W52/><G52/><T96/><D96/><N who="1" m="61511" /><E56/><N who="0" m="21545" /><D5/><AGARI ba="0,0" hai="5,11,12,60,63,73,77,82" m="61511,42025" machi="5" ten="30,1000,0" yaku="14,1" doraHai="81" who="1" fromWho="0" sc="463,-10,99,10,386,0,52,0" /><INIT seed="4,0,0,0,5,6" ten="453,109,386,52" oya="0" hai0="133,94,56,109,92,105,120,30,91,79,132,53,12" hai1="117,113,107,41,128,69,90,84,106,61,130,93,110" hai2="78,68,131,48,121,42,64,89,21,54,70,26,46" hai3="39,65,126,52,14,103,73,7,80,124,22,33,44"/><T50/><D105/><U47/><E117/><V51/><F121/><W13/><G33/><T31/><D120/><U99/><E69/><V32/><F32/><W35/><G35/><T10/><D79/><U104/><E61/><V108/><F108/><W25/><G65/><T37/><D37/><U38/><E110/><V122/><F122/><W57/><G103/><T72/><D72/><U114/><REACH who="1" step="1"/><E99/><REACH who="1" ten="453,99,386,52" step="2"/><V102/><F68/><W11/><G126/><T66/><D109/><U9/><E9/><V100/><F70/><W34/><G124/><T3/><D66/><U63/><E63/><V101/><F64/><W18/><G34/><T74/><D74/><U27/><E27/><V67/><F67/><W2/><G73/><T118/><D118/><U71/><E71/><V1/><F26/><W82/><G25/><T135/><D3/><U112/><AGARI ba="0,1" hai="38,41,47,84,90,93,104,106,107,112,113,114,128,130" machi="112" ten="40,8000,1" yaku="1,1,0,1,15,1,11,1,53,0" doraHai="6" doraHaiUra="96" who="1" fromWho="1" sc="453,-40,99,90,386,-20,52,-20" /><INIT seed="5,0,0,5,3,122" ten="413,189,366,32" oya="1" hai0="124,2,125,85,29,80,55,106,70,58,130,4,63" hai1="36,112,67,116,120,117,114,107,44,134,103,45,52" hai2="37,89,22,28,40,49,56,99,72,31,128,30,115" hai3="42,51,13,69,75,39,7,61,127,53,110,100,12"/><U123/><E103/><V23/><F72/><W19/><G75/><T65/><D106/><U14/><E107/><V108/><F108/><W97/><G127/><N who="0" m="48715" /><D29/><U48/><E14/><V119/><F119/><N who="1" m="45641" /><E67/><V1/><F1/><W57/><G110/><T25/><D25/><U47/><E134/><V11/><F37/><W78/><G78/><N who="0" m="46231" /><D4/><U16/><E16/><V0/><F0/><W34/><G34/><T82/><D2/><U87/><E87/><V90/><F11/><W3/><G3/><T92/><D82/><U94/><E94/><V129/><F99/><W35/><G35/><T64/><D130/><N who="2" m="50282" /><F40/><W66/><G7/><T135/><D135/><U132/><E132/><V88/><F115/><N who="1" m="44073" /><E36/><V24/><F24/><W86/><G86/><T43/><D92/><U102/><E102/><V18/><F18/><W71/><G19/><T121/><D43/><U59/><AGARI ba="0,0" hai="44,45,47,48,52,59,120,123" m="44073,45641" machi="59" ten="40,12000,1" yaku="15,1,34,2,54,1" doraHai="122" who="1" fromWho="1" sc="413,-40,189,120,366,-40,32,-40" owari="373,47.0,309,-9.0,326,13.0,-8,-51.0" /></mjloggm>