<mjloggm ver="2.3"><GO type="41" lobby="0"/><UN n0="%E3%81%B3%E3%83%BC%E3%81%A1%E3%82%87%E3%81%86" n1="%E3%82%AD%E3%83%A5%E3%82%A2%E3%81%B6%E3%81%A3%E3%81%8F%CE%B1" n2="%E2%93%9D%53%75%70%68%78" n3="%E3%83%9F%E3%83%8D%E3%83%A9%E3%83%AB" dan="15,14,17,13" rate="1957.74,1890.88,2034.97,1925.70" sx="M,M,M,M"/><TAIKYOKU oya="0"/><INIT seed="0,0,0,3,5,82" ten="250,250,250,250" oya="0" hai0="3,36,77,6,74,86,100,134,42,132,15,37,89" hai1="24,22,19,33,56,107,95,102,111,40,4,38,99" hai2="79,113,105,131,118,87,106,59,29,65,88,12,27" hai3="121,43,25,51,96,50,57,47,41,26,1,85,54"/><T23/><D100/><U108/><E4/><V46/><F113/><W17/><G1/><T9/><D23/><U129/><E129/><V124/><F79/><W8/><G121/><T80/><D15/><U117/><E117/><V93/><F124/><W128/><G128/><T31/><D31/><U55/><E33/><V78/><F78/><W104/><G104/><T5/><D5/><U116/><E116/><V72/><F72/><W81/><G96/><T97/><D97/><U70/><E70/><V71/><F71/><W32/><G32/><T66/><D66/><U61/><E38/><V2/><F2/><W110/><G110/><N who="1" m="42026" /><E40/><V35/><F131/><W94/><G94/><AGARI ba="0,0" hai="19,22,24,55,56,61,94,95,99,102,107" m="42026" machi="94" ten="30,1000,0" yaku="14,1" doraHai="82" who="1" fromWho="3" sc="250,0,250,10,250,0,250,-10" /><INIT seed="1,0,0,4,3,44" ten="250,260,250,240" oya="1" hai0="116,40,97,64,26,62,14,73,88,74,133,43,29" hai1="58,30,102,27,47,2,132,89,67,129,28,11,118" hai2="79,37,105,60,106,4,18,126,13,84,110,135,32" hai3="93,68,121,78,48,131,111,25,114,45,38,85,83"/><U54/><E118/><V8/><F37/><W117/><G114/><T112/><D133/><U61/><E132/><V86/><F32/><W113/><G113/><T55/><D112/><U9/><E129/><V90/><F110/><W96/><G68/><T81/><D116/><U87/><E102/><V123/><F126/><W53/><G117/><T91/><D74/><U108/><E108/><V65/><F123/><W0/><G111/><T39/><D73/><U12/><E2/><V51/><F79/><W24/><G121/><T15/><D39/><U21/><E30/><V92/><F86/><W103/><G131/><T66/><D66/><U125/><E125/><V104/><F135/><W122/><G122/><T46/><D97/><U120/><E120/><V99/><F4/><W80/><G0/><T98/><D91/><U95/><REACH who="1" step="1"/><E12/><REACH who="1" ten="250,250,250,240" step="2"/><V16/><F106/><W130/><G130/><T70/><D14/><U33/><E33/><V124/><F105/><W17/><G38/><T42/><D15/><U10/><E10/><V134/><F124/><W34/><G34/><T101/><D101/><U119/><E119/><V7/><F134/><W50/><G17/><T77/><D29/><U5/><E5/><V49/><F18/><W59/><REACH who="3" step="1"/><G83/><REACH who="3" ten="250,250,250,230" step="2"/><T6/><D81/><U36/><E36/><V20/><F7/><W71/><G71/><T82/><D70/><U100/><E100/><N who="2" m="62495" /><F8/><W19/><G19/><T76/><D6/><U1/><E1/><V72/><F72/><W75/><G75/><T128/><D82/><U31/><E31/><V94/><F94/><W56/><G56/><AGARI ba="0,2" hai="13,16,20,49,51,56,60,65,84,90,92" m="62495" machi="56" ten="30,7700,0" yaku="6,1,52,2,54,1" doraHai="44" who="2" fromWho="3" sc="250,0,250,0,250,97,230,-77" /><INIT seed="2,0,0,3,0,91" ten="250,250,347,153" oya="2" hai0="122,111,35,33,10,120,78,83,80,94,11,64,61" hai1="107,96,21,36,129,89,30,131,1,19,52,115,66" hai2="100,128,127,76,46,2,49,105,112,44,29,133,130" hai3="71,60,74,72,90,85,39,125,22,103,38,55,63"/><V124/><F2/><W15/><G125/><N who="2" m="48201" /><F76/><W47/><G103/><T73/><D111/><U13/><E1/><V40/><F29/><W27/><G39/><T6/><D83/><U117/><E117/><V116/><F100/><W26/><G71/><T45/><D11/><U87/><E107/><V24/><F24/><W9/><G38/><T18/><D18/><U56/><E96/><V102/><F102/><W17/><G27/><T88/><D45/><U51/><E115/><V53/><F105/><W119/><G119/><T16/><D33/><U12/><E30/><V8/><F8/><W132/><G132/><T95/><D35/><U101/><E101/><V54/><F116/><W28/><G74/><T3/><D95/><U106/><E106/><V114/><F133/><W98/><G98/><T41/><D41/><U42/><E13/><V25/><F25/><W81/><G72/><T84/><D16/><U79/><E79/><V123/><F123/><W109/><REACH who="3" step="1"/><G109/><REACH who="3" ten="250,250,347,143" step="2"/><T65/><D65/><U108/><E66/><V82/><F114/><W134/><G134/><T135/><D135/><U7/><E108/><V97/><F97/><W104/><G104/><T48/><D122/><U121/><E121/><V43/><F112/><W5/><G5/><T126/><D120/><U14/><E7/><V20/><F130/><W118/><G118/><T67/><D126/><U62/><E131/><V113/><F128/><W99/><G99/><T23/><D73/><U50/><E129/><V93/><F113/><W75/><G75/><T69/><D69/><U59/><E36/><V37/><F37/><RYUUKYOKU ba="0,1" sc="250,-10,250,-10,347,-10,143,30" hai3="9,15,17,22,26,28,47,55,60,63,81,85,90" /><INIT seed="3,1,1,2,3,101" ten="240,240,337,173" oya="3" hai0="17,107,51,125,79,59,86,22,133,15,63,123,109" hai1="3,57,14,72,129,93,91,124,52,43,6,11,110" hai2="78,56,8,16,41,122,40,61,83,84,127,18,112" hai3="130,7,92,97,46,113,47,88,39,69,120,76,95"/><W90/><G113/><T81/><D123/><U58/><E72/><V70/><F112/><W21/><G130/><T111/><D125/><U82/><E124/><V135/><F70/><W27/><G120/><T24/><D51/><U54/><E82/><V102/><F135/><W55/><G69/><T23/><D133/><U29/><E43/><V87/><F102/><W32/><G32/><T117/><D117/><U98/><E129/><V30/><F30/><W85/><G39/><T4/><D4/><U66/><E110/><V38/><F38/><W2/><G2/><T37/><D107/><U80/><E80/><V36/><F87/><W105/><G7/><T62/><D37/><U28/><E3/><V94/><F94/><W45/><G76/><T64/><REACH who="0" step="1"/><D63/><REACH who="0" ten="230,240,337,173" step="2"/><N who="1" m="36263" /><E66/><V134/><F36/><W116/><G116/><T0/><D0/><U5/><E5/><V53/><F134/><W68/><G68/><T42/><D42/><U25/><E25/><V126/><F122/><W132/><G132/><T115/><D115/><U31/><E31/><AGARI ba="1,2" hai="15,17,22,23,24,31,59,62,64,79,81,86,109,111" machi="31" ten="40,2600,0" yaku="1,1,53,1" doraHai="101" doraHaiUra="10" who="0" fromWho="1" sc="230,49,240,-29,337,0,173,0" /><INIT seed="4,0,0,1,5,56" ten="279,211,337,173" oya="0" hai0="44,60,40,31,59,121,97,77,130,116,24,66,4" hai1="112,6,95,23,81,87,92,37,63,16,11,78,18" hai2="58,120,7,89,94,104,114,61,90,68,76,32,49" hai3="12,98,45,96,100,35,88,3,118,103,135,110,93"/><T111/><D116/><U34/><E34/><V67/><F104/><W9/><G118/><T109/><D77/><U84/><E37/><V106/><F106/><W17/><G110/><N who="0" m="41995" /><D121/><U46/><E112/><V26/><F7/><W15/><G135/><T1/><D97/><U75/><E75/><V36/><F36/><W113/><G113/><T74/><D74/><U79/><E46/><V125/><F125/><W70/><G70/><T72/><D72/><U64/><E18/><V131/><F131/><W107/><G35/><N who="0" m="20967" /><D4/><U122/><E122/><V2/><F76/><W62/><G3/><T126/><D1/><U128/><E128/><V82/><F2/><W133/><G133/><T21/><D21/><U129/><E129/><V117/><F114/><W25/><G103/><T22/><D22/><U41/><E41/><V10/><F32/><W42/><G25/><T20/><D20/><U39/><E39/><V8/><F26/><W38/><REACH who="3" step="1"/><G15/><REACH who="3" ten="279,211,337,163" step="2"/><T86/><D130/><U43/><E79/><V5/><F117/><W73/><G73/><T124/><D86/><U134/><E87/><V48/><F120/><W27/><G27/><T0/><D0/><U99/><E134/><V101/><F101/><W30/><G30/><T50/><AGARI ba="0,1" hai="40,44,50,59,60,66,124,126" m="20967,41995" machi="50" ten="30,3000,0" yaku="10,1,52,1" doraHai="56" who="0" fromWho="0" sc="279,40,211,-10,337,-10,163,-10" /><INIT seed="4,1,0,2,0,23" ten="319,201,327,153" oya="0" hai0="97,121,124,108,42,56,110,82,29,53,72,101,54" hai1="24,116,7,88,106,93,115,69,128,122,59,134,84" hai2="49,96,119,74,85,33,10,92,78,95,102,94,45" hai3="3,58,126,90,34,35,79,135,111,91,60,61,4"/><T100/><D121/><U55/><E69/><V39/><F39/><W130/><G111/><T20/><D42/><U17/><E106/><V107/><F33/><W81/><G135/><T109/><D124/><U36/><E116/><V40/><F119/><W44/><G126/><T26/><D53/><U6/><E122/><V37/><F37/><W104/><G104/><T66/><D66/><U46/><E134/><V118/><F118/><W76/><G44/><T15/><D15/><U75/><E75/><V30/><F30/><W16/><G130/><T98/><D72/><U120/><E120/><V14/><F74/><W13/><G3/><T83/><D98/><U5/><E128/><V47/><F47/><W80/><G13/><T28/><D28/><U0/><E0/><V114/><F114/><W11/><G58/><T2/><D2/><U68/><E68/><V48/><F48/><W25/><G11/><T77/><D77/><U89/><E115/><V62/><F62/><W123/><G123/><T99/><D99/><U21/><E89/><V32/><F32/><W31/><G31/><T52/><D54/><U12/><E46/><V125/><F125/><W9/><G9/><T73/><D73/><U38/><REACH who="1" step="1"/><E12/><REACH who="1" ten="319,191,327,153" step="2"/><V117/><F117/><W19/><REACH who="3" step="1"/><G4/><REACH who="3" ten="319,191,327,143" step="2"/><T67/><D108/><U127/><E127/><V71/><F107/><W87/><G87/><T43/><D109/><U51/><AGARI ba="1,2" hai="5,6,7,17,21,24,36,38,51,55,59,84,88,93" machi="51" ten="30,7900,0" yaku="1,1,0,1,52,1,54,1,53,0" doraHai="23" doraHaiUra="63" who="1" fromWho="1" sc="319,-40,191,102,327,-21,143,-21" /><INIT seed="5,0,0,4,3,101" ten="279,293,306,122" oya="1" hai0="13,63,81,92,56,108,120,127,50,78,0,30,46" hai1="37,12,14,40,80,130,91,90,53,116,8,102,54" hai2="100,44,18,93,86,84,134,68,49,88,39,3,23" hai3="69,111,109,20,7,98,34,36,32,117,104,83,47"/><U21/><E116/><V43/><F68/><W75/><G117/><T64/><D0/><U17/><E130/><V42/><F134/><W33/><G20/><T124/><D108/><U61/><E37/><V58/><F3/><W129/><G129/><T131/><D30/><U110/><E40/><V82/><F39/><W96/><G96/><T60/><D131/><U24/><E110/><V119/><F119/><W9/><G69/><T125/><D92/><U5/><E61/><V77/><F100/><N who="3" m="62487" /><G9/><T41/><D13/><U15/><E102/><V66/><F66/><W72/><G7/><T115/><D120/><U87/><REACH who="1" step="1"/><E91/><REACH who="1" ten="279,283,306,122" step="2"/><V89/><F43/><N who="3" m="23015" /><G75/><T99/><D60/><U122/><E122/><V22/><F89/><W27/><G111/><T35/><D124/><U19/><E19/><V126/><F126/><W65/><G109/><T1/><D125/><U132/><E132/><V103/><F103/><W105/><G65/><T57/><D64/><U31/><E31/><V79/><F18/><W52/><G52/><AGARI ba="0,1" hai="5,8,12,14,15,17,21,24,52,53,54,80,87,90" machi="52" ten="40,7700,0" yaku="1,1,8,1,54,1,53,0" doraHai="101" doraHaiUra="70" who="1" fromWho="3" sc="279,0,283,87,306,0,122,-77" /><INIT seed="5,1,0,2,1,30" ten="279,370,306,45" oya="1" hai0="118,107,116,83,77,106,53,65,11,40,24,34,25" hai1="2,64,45,62,82,86,91,128,67,100,95,124,5" hai2="47,66,4,20,127,121,94,48,126,87,72,15,111" hai3="134,10,99,55,19,28,42,80,14,1,96,130,112"/><U103/><E128/><V46/><F111/><W88/><G130/><T8/><D40/><U132/><E124/><N who="2" m="47659" /><F72/><W63/><G112/><T74/><D65/><U37/><E67/><V17/><F121/><W93/><G134/><T60/><D107/><U3/><E132/><V50/><F4/><W89/><G1/><T85/><D106/><U7/><E3/><V36/><F66/><W6/><G28/><T44/><D24/><U105/><E105/><V32/><F32/><W122/><G122/><T23/><D34/><U75/><E103/><V18/><F18/><W57/><G42/><T90/><D118/><U78/><E100/><V0/><F0/><W76/><G6/><T104/><D104/><U31/><E31/><V84/><F36/><W21/><G10/><T114/><D114/><U133/><E133/><V125/><F94/><W16/><G19/><T22/><D11/><U120/><E120/><V69/><F69/><W79/><G80/><T9/><D9/><U38/><E2/><V59/><F59/><W27/><G14/><T33/><D33/><U54/><E37/><V68/><F68/><W117/><G117/><T52/><D8/><U41/><REACH who="1" step="1"/><E54/><REACH who="1" ten="279,360,306,45" step="2"/><N who="2" m="29975" /><F125/><W113/><REACH who="3" step="1"/><G113/><REACH who="3" ten="279,360,306,35" step="2"/><T26/><D116/><U109/><E109/><V58/><F17/><W61/><G61/><T92/><D60/><U39/><E39/><V71/><F50/><W110/><G110/><T12/><D53/><U135/><E135/><V49/><F49/><W35/><G35/><T43/><D52/><U70/><AGARI ba="1,2" hai="5,7,38,41,45,62,64,70,75,78,82,86,91,95" machi="70" ten="20,3900,0" yaku="1,1,0,1,7,1,53,0" doraHai="30" doraHaiUra="129" who="1" fromWho="1" sc="279,-14,360,62,306,-14,35,-14" /><INIT seed="5,2,0,4,3,99" ten="265,422,292,21" oya="1" hai0="29,129,69,27,60,82,121,33,3,75,95,14,127" hai1="92,26,130,11,115,38,51,128,62,76,133,34,68" hai2="70,45,110,118,102,111,112,89,101,40,108,114,107" hai3="66,77,61,67,10,6,20,59,81,44,93,43,79"/><U87/><E38/><V90/><F70/><W113/><G113/><N who="2" m="43625" /><F107/><W103/><G20/><T13/><D127/><U30/><E115/><V24/><F118/><W1/><G67/><T8/><D8/><U39/><E39/><N who="2" m="21663" /><F24/><W7/><G7/><T57/><D69/><U124/><E124/><V25/><F25/><W74/><G79/><T105/><D3/><U31/><E31/><V47/><F47/><W100/><REACH who="3" step="1"/><G93/><REACH who="3" ten="265,422,292,11" step="2"/><T132/><D121/><U119/><E76/><V53/><F53/><W41/><G41/><T71/><D105/><U35/><E92/><V73/><F73/><W97/><G97/><T5/><D95/><U117/><E119/><V9/><F9/><W16/><G16/><T18/><D18/><U46/><E117/><V94/><F90/><W63/><G63/><T15/><D5/><U17/><E62/><V88/><F89/><W2/><G2/><T131/><D75/><U98/><E17/><V125/><F125/><W84/><G84/><AGARI ba="2,1" hai="84,88,94,101,102,108,110,111" m="21663,43625" machi="84" ten="40,8000,1" yaku="15,1,11,1,52,2,54,1" doraHai="99" who="2" fromWho="3" sc="265,0,422,0,292,96,11,-86" owari="265,-13.0,422,52.0,388,19.0,-75,-58.0" /></mjloggm>