<mjloggm ver="2.3"><GO type="41" lobby="0"/><UN n0="%E2%93%9D%53%75%70%68%78" n1="%6B%61%74%65%72" n2="%33%37%34%31" n3="%E3%81%B2%E3%83%BC%E3%81%95%E3%82%93%33%30" dan="18,14,13,14" rate="2105.11,1919.18,1828.63,1968.42" sx="M,M,M,M"/><TAIKYOKU oya="0"/><INIT seed="0,0,0,3,0,76" ten="250,250,250,250" oya="0" hai0="33,74,129,126,29,65,27,62,98,34,28,44,11" hai1="112,121,17,77,30,79,107,119,19,64,104,132,48" hai2="2,73,86,25,47,9,117,103,56,15,127,39,81" hai3="7,85,89,93,21,43,106,95,63,116,37,32,84"/><T124/><D129/><U88/><E119/><V0/><F117/><W59/><G116/><T53/><D74/><U101/><E121/><V111/><F73/><W61/><G32/><T12/><D53/><U23/><E132/><V6/><F111/><W60/><G106/><T125/><D44/><U134/><E134/><V50/><F127/><W1/><G37/><T75/><D75/><U45/><E112/><V66/><F103/><W68/><G43/><T105/><D98/><U135/><E135/><V14/><F25/><W130/><G130/><T96/><D29/><U42/><E64/><V58/><F15/><W54/><G68/><T18/><D96/><U36/><E36/><V52/><F39/><W24/><G7/><T49/><D49/><U109/><E109/><V35/><F35/><W90/><REACH who="3" step="1"/><G1/><REACH who="3" ten="250,250,250,240" step="2"/><T87/><D34/><U122/><E122/><V4/><F4/><W3/><G3/><T94/><D105/><U70/><E104/><V78/><REACH who="2" step="1"/><F56/><REACH who="2" ten="250,250,240,240" step="2"/><W128/><G128/><T131/><D131/><U133/><E70/><V69/><F69/><W120/><G120/><T22/><D33/><U10/><E133/><V83/><F83/><W113/><G113/><T110/><D110/><U72/><E45/><V31/><F31/><AGARI ba="0,2" hai="21,24,31,54,59,60,61,63,84,85,89,90,93,95" machi="31" ten="30,12000,2" yaku="1,1,7,1,9,1,8,1,53,3" doraHai="76" doraHaiUra="57" who="3" fromWho="2" sc="250,0,250,0,240,-120,240,140" /><INIT seed="1,0,0,5,0,134" ten="250,250,120,380" oya="1" hai0="77,103,26,5,109,50,46,79,92,129,21,72,58" hai1="125,116,135,52,65,69,62,71,118,39,100,10,112" hai2="57,128,11,31,127,106,86,81,131,108,91,73,61" hai3="49,20,30,40,94,115,74,104,89,96,60,22,85"/><U35/><E35/><V98/><F31/><W14/><G115/><T59/><D109/><U82/><E112/><V18/><F11/><W13/><G74/><T64/><D129/><N who="2" m="49738" /><F18/><W123/><G123/><T28/><D72/><U75/><E135/><V0/><F0/><W130/><G130/><T133/><D5/><U67/><E100/><N who="2" m="62743" /><F108/><W132/><G132/><T105/><D105/><U3/><E39/><V16/><F73/><W24/><G60/><T48/><D133/><U53/><E3/><V25/><F25/><W15/><G104/><T107/><D107/><U8/><E75/><V38/><F38/><W2/><G2/><T34/><D34/><U121/><E62/><V80/><F80/><W124/><G96/><T56/><D50/><U95/><E121/><V54/><F16/><W101/><G101/><T78/><D103/><U42/><E82/><V4/><F4/><W27/><G49/><T47/><D48/><U84/><E42/><V17/><F17/><W66/><G40/><T63/><REACH who="0" step="1"/><D92/><REACH who="0" ten="240,250,120,380" step="2"/><U76/><E95/><V1/><F1/><W6/><G6/><T55/><D55/><U120/><E120/><V93/><F93/><W102/><G102/><T19/><D19/><U32/><E32/><V113/><F113/><W37/><G37/><T99/><D99/><U111/><E111/><V9/><F9/><W114/><G114/><T126/><D126/><AGARI ba="0,1" hai="54,57,61,81,86,91,126,127" m="62743,49738" machi="126" ten="30,3900,0" yaku="19,1,52,2" doraHai="134" who="2" fromWho="0" sc="240,-39,250,0,120,49,380,0" /><INIT seed="2,0,0,0,2,63" ten="201,250,169,380" oya="2" hai0="10,74,66,64,102,114,24,57,82,116,40,117,91" hai1="83,5,108,71,80,34,22,79,7,33,23,27,123" hai2="128,115,93,119,78,29,88,107,3,21,118,120,58" hai3="100,87,13,126,42,89,86,61,35,95,6,60,109"/><V112/><F3/><W48/><G109/><T38/><D114/><N who="2" m="43562" /><F58/><W53/><G126/><T92/><D102/><U72/><E108/><V12/><F29/><W113/><G113/><T54/><D40/><U14/><E123/><V121/><F21/><W41/><G35/><T51/><D38/><U39/><E39/><V16/><F12/><W11/><G100/><T135/><D135/><U30/><E71/><V26/><F16/><W20/><G87/><N who="0" m="52351" /><D10/><U70/><E70/><V101/><F26/><W122/><G122/><N who="2" m="47209" /><F78/><W76/><G76/><N who="0" m="44311" /><D24/><U98/><E34/><V19/><F19/><W134/><G134/><T36/><D36/><U132/><E132/><V68/><F68/><W32/><G32/><T56/><D56/><U25/><E14/><V127/><F127/><W59/><G60/><T43/><D43/><U45/><E45/><V85/><F128/><W129/><G129/><T103/><D103/><U52/><E23/><V17/><F17/><N who="3" m="10287" /><G61/><T105/><D105/><U110/><E110/><V65/><F65/><W77/><G77/><T73/><D73/><U47/><E33/><V133/><F133/><W62/><G62/><T50/><D66/><U55/><E27/><V106/><F101/><W46/><G46/><T131/><D64/><U124/><E47/><V4/><F4/><W104/><G104/><AGARI ba="0,0" hai="85,88,93,104,106,107,118,119" m="47209,43562" machi="104" ten="40,7700,0" yaku="34,2,54,1" doraHai="63" who="2" fromWho="3" sc="201,0,250,0,169,77,380,-77" /><INIT seed="2,1,0,2,3,9" ten="201,250,246,303" oya="2" hai0="24,118,83,79,126,63,114,26,7,16,109,103,56" hai1="51,94,31,97,40,38,27,124,99,32,21,15,121" hai2="78,25,76,92,110,58,5,112,60,68,8,122,85" hai3="41,98,117,87,131,135,91,19,20,90,73,18,43"/><V130/><F112/><W88/><G117/><T100/><D109/><U64/><E38/><V133/><F122/><W14/><G135/><T17/><D126/><U50/><E124/><V49/><F68/><W77/><G131/><T69/><D69/><U3/><E121/><V42/><F130/><W125/><G73/><T34/><D7/><U2/><E64/><V101/><F133/><W72/><G72/><T67/><D114/><U115/><E115/><V45/><F25/><N who="0" m="9834" /><D34/><U71/><E71/><V80/><F110/><W0/><G0/><T29/><D29/><U12/><E97/><V59/><F78/><W102/><G125/><T1/><D1/><U107/><E107/><V57/><F101/><N who="0" m="38986" /><D118/><U95/><E32/><V129/><F129/><W47/><G19/><N who="0" m="7243" /><D83/><U96/><E2/><V54/><F92/><N who="1" m="35369" /><E3/><AGARI ba="1,0" hai="3,5,8,42,45,49,54,57,58,59,60,76,80,85" machi="3" ten="30,1500,0" yaku="7,1" doraHai="9" who="2" fromWho="1" sc="201,0,250,-18,246,18,303,0" /><INIT seed="2,2,0,0,2,39" ten="201,232,264,303" oya="2" hai0="55,6,30,105,4,120,41,34,48,62,22,130,52" hai1="49,72,125,32,45,77,101,99,115,114,54,57,46" hai2="28,24,78,10,36,27,118,119,69,42,94,131,7" hai3="122,40,73,90,47,26,44,100,56,96,3,16,58"/><V31/><F69/><W81/><G122/><T5/><D34/><U67/><E125/><V134/><F131/><W103/><G3/><T43/><D105/><U33/><E77/><V124/><F124/><W86/><G73/><T59/><D130/><U113/><E72/><V66/><F78/><W129/><G47/><N who="0" m="27679" /><D120/><U93/><E67/><V117/><F134/><W50/><G129/><T133/><D133/><U53/><REACH who="1" step="1"/><E45/><REACH who="1" ten="201,222,264,303" step="2"/><V9/><F66/><W63/><G58/><T23/><D30/><U116/><E116/><V84/><F31/><W8/><G96/><T18/><D23/><U14/><E14/><AGARI ba="2,1" hai="4,5,6,14,18,22,41,43,55,59,62" m="27679" machi="14" ten="30,7700,0" yaku="8,1,52,2,54,1" doraHai="39" who="0" fromWho="1" sc="201,93,222,-83,264,0,303,0" /><INIT seed="3,0,0,5,0,126" ten="294,139,264,303" oya="3" hai0="77,103,99,84,74,87,101,104,35,93,64,12,112" hai1="49,11,90,100,95,65,67,37,68,119,57,134,5" hai2="56,121,1,38,39,133,48,47,20,73,58,94,127" hai3="52,83,4,33,109,0,42,9,25,26,89,76,63"/><W86/><G109/><T111/><D35/><U132/><E37/><V80/><F1/><W3/><G3/><T14/><D14/><U128/><E100/><V2/><F2/><W97/><G33/><T88/><D64/><U45/><E119/><V98/><F127/><W71/><G42/><T81/><D12/><U116/><E116/><V16/><F133/><N who="1" m="51305" /><E68/><V53/><F121/><W115/><G115/><T62/><D62/><U131/><E11/><V70/><F70/><W7/><G7/><T130/><D111/><U129/><E5/><V34/><F34/><W69/><G69/><T114/><D130/><U107/><E57/><V50/><F73/><W117/><G117/><T10/><D10/><U29/><E29/><V36/><F80/><W102/><G76/><T18/><D18/><U82/><E82/><V51/><F47/><W118/><G118/><T17/><D17/><U22/><E107/><V44/><F44/><W59/><REACH who="3" step="1"/><G71/><REACH who="3" ten="294,139,264,293" step="2"/><T28/><D114/><U19/><E19/><V15/><REACH who="2" step="1"/><F53/><REACH who="2" ten="294,139,254,293" step="2"/><W61/><G61/><T135/><D135/><U96/><E22/><V92/><F92/><AGARI ba="0,2" hai="0,4,9,25,26,52,59,63,83,86,89,92,97,102" machi="92" ten="30,5800,0" yaku="1,1,7,1,54,1,53,0" doraHai="126" doraHaiUra="43" who="3" fromWho="2" sc="294,0,139,0,254,-58,293,78" /><INIT seed="3,1,0,4,3,119" ten="294,139,196,371" oya="3" hai0="74,133,106,21,46,6,4,77,13,20,49,3,96" hai1="66,102,7,123,95,130,16,5,14,103,75,1,39" hai2="93,101,15,69,64,50,23,121,118,85,126,104,51" hai3="37,38,91,107,83,2,61,43,31,44,58,65,35"/><W110/><G107/><T105/><D3/><U78/><E39/><V115/><F118/><W98/><G2/><T109/><D109/><U22/><E130/><V27/><F115/><W12/><G110/><T54/><D133/><U116/><E116/><V86/><F126/><W57/><G12/><T84/><D74/><U108/><E108/><V94/><F15/><W30/><G37/><T100/><D106/><U73/><E66/><V82/><F104/><W117/><G117/><T53/><D53/><U24/><E1/><V81/><F69/><W34/><G58/><T134/><D134/><U90/><E75/><V88/><F64/><W56/><G57/><T42/><D54/><U111/><E111/><V76/><F121/><W72/><G98/><T26/><D6/><U122/><E7/><V17/><F94/><W11/><G11/><N who="0" m="4327" /><D26/><U0/><E0/><V68/><F68/><W125/><G125/><T48/><D48/><U32/><E73/><V67/><F67/><W33/><REACH who="3" step="1"/><G72/><REACH who="3" ten="294,139,196,361" step="2"/><T129/><D129/><U124/><E124/><V79/><F101/><W45/><G45/><T99/><D99/><AGARI ba="1,1" hai="17,23,27,50,51,76,79,81,82,85,86,88,93,99" machi="99" ten="30,7700,0" yaku="7,1,9,1,8,1,54,1" doraHai="119" who="2" fromWho="0" sc="294,-80,139,0,196,90,361,0" /><INIT seed="4,0,0,0,4,63" ten="214,139,286,361" oya="0" hai0="30,4,127,125,117,110,72,88,112,119,73,17,18" hai1="47,62,101,89,128,105,24,83,48,25,111,37,130" hai2="59,3,12,44,121,115,29,80,52,69,67,129,21" hai3="133,85,6,104,5,70,46,103,76,15,131,122,90"/><T123/><D123/><U84/><E111/><V64/><F121/><W86/><G122/><T19/><D110/><U118/><E118/><N who="0" m="45065" /><D4/><U68/><E37/><V13/><F3/><W2/><G2/><T61/><D30/><U74/><E74/><N who="0" m="28777" /><D61/><U14/><E101/><V82/><F69/><W28/><G70/><T106/><D106/><U35/><E105/><V126/><F115/><W65/><G28/><T27/><D27/><U109/><E109/><V102/><F102/><W33/><G33/><T8/><D8/><U32/><E14/><N who="2" m="5739" /><F129/><N who="1" m="49769" /><E32/><V26/><F126/><N who="0" m="48138" /><D88/><U54/><E35/><V20/><F44/><W113/><G46/><T49/><D49/><U124/><E124/><V40/><F40/><W60/><G103/><T50/><D50/><U39/><E39/><V11/><F11/><W97/><G104/><T43/><D43/><U95/><E83/><N who="2" m="31787" /><F21/><W16/><G131/><T93/><D93/><U7/><E7/><V57/><F57/><W10/><G5/><T0/><D0/><U53/><E68/><V99/><F99/><W56/><G6/><T75/><D75/><U77/><E24/><V135/><F135/><W134/><G97/><T42/><D42/><U31/><E25/><V108/><F108/><W36/><G36/><T71/><D71/><U92/><E31/><V23/><F23/><W58/><G58/><T98/><D98/><U41/><E92/><V96/><F96/><W45/><G133/><T22/><D22/><U79/><E62/><AGARI ba="0,0" hai="20,26,29,52,59,62,64,67" m="31787,5739" machi="62" ten="30,7700,0" yaku="8,1,52,2,54,1" doraHai="63" who="2" fromWho="1" sc="214,0,139,-77,286,77,361,0" /><INIT seed="5,0,0,2,4,96" ten="214,62,363,361" oya="1" hai0="37,23,15,68,7,42,31,54,59,79,91,131,92" hai1="77,115,94,109,134,100,121,25,29,102,56,88,19" hai2="113,87,66,48,112,1,43,57,33,22,71,73,21" hai3="51,63,45,82,132,65,60,72,14,44,103,127,98"/><U41/><E121/><V10/><F33/><W58/><G127/><T124/><D68/><U123/><E123/><V35/><F35/><W3/><G132/><T106/><D106/><U81/><E134/><V30/><F73/><W46/><G3/><T105/><D105/><U110/><E41/><V55/><F43/><W90/><G63/><T6/><D131/><U40/><E40/><V122/><F122/><W12/><G51/><T24/><D79/><U61/><E19/><V78/><F30/><W11/><G72/><T67/><D67/><N who="1" m="39335" /><E115/><N who="2" m="44107" /><F66/><W18/><G12/><T119/><D119/><U13/><E13/><V97/><F71/><W16/><G18/><T86/><D124/><U99/><E81/><N who="2" m="47543" /><F97/><W38/><G38/><T95/><D42/><U39/><E77/><V28/><F28/><W17/><G17/><T108/><D37/><U70/><E70/><V20/><F10/><W64/><G64/><T32/><D32/><N who="1" m="20527" /><E39/><V120/><F120/><W62/><G60/><T2/><D15/><U133/><E133/><V104/><F104/><W5/><G5/><T80/><D7/><U85/><E99/><V126/><F126/><W75/><G75/><T9/><D6/><U52/><E52/><V50/><F1/><W89/><REACH who="3" step="1"/><G82/><REACH who="3" ten="214,62,363,351" step="2"/><T130/><D2/><U128/><E128/><V76/><F50/><W74/><G74/><T125/><D130/><U135/><E135/><V4/><F4/><W83/><G83/><T111/><D125/><U129/><E129/><V36/><F36/><W114/><G114/><T118/><D80/><U26/><E26/><V49/><F49/><RYUUKYOKU ba="0,1" sc="214,-30,62,10,363,10,351,10" hai1="85,88,94,100,102,109,110" hai2="20,21,22,48,55,57,76" hai3="11,14,16,44,45,46,58,62,65,89,90,98,103" /><INIT seed="5,1,1,1,0,71" ten="184,72,373,361" oya="1" hai0="9,19,125,126,44,50,64,85,111,128,33,103,43" hai1="51,120,74,87,108,53,59,113,27,39,83,131,72" hai2="16,10,94,41,62,95,107,127,97,92,121,4,14" hai3="68,76,99,69,31,1,93,66,67,57,117,122,78"/><U6/><E120/><V18/><F121/><W123/><G1/><T55/><D33/><U133/><E133/><V80/><F127/><N who="0" m="48650" /><D103/><U130/><E113/><V36/><F80/><W12/><G31/><T119/><D111/><U100/><E108/><V3/><F62/><W38/><G93/><T45/><D128/><N who="1" m="49195" /><E6/><V82/><F82/><W84/><G84/><T32/><D32/><U102/><E27/><V63/><F63/><W88/><G57/><T47/><D64/><U17/><E17/><V25/><F25/><W118/><G12/><N who="0" m="7567" /><D119/><U34/><E34/><V104/><F97/><W2/><G2/><T29/><D29/><U30/><E30/><V28/><F28/><W90/><REACH who="3" step="1"/><G99/><REACH who="3" ten="184,72,373,351" step="2"/><T40/><D85/><U73/><E39/><AGARI ba="1,2" hai="38,39,66,67,68,69,76,78,88,90,117,118,122,123" machi="39" ten="25,12000,2" yaku="1,1,2,1,22,2,52,2,54,1,53,0" doraHai="71" doraHaiUra="42" who="3" fromWho="1" sc="184,0,72,-123,373,0,351,143" owari="184,-22.0,-51,-55.0,373,17.0,494,60.0" /></mjloggm>