<mjloggm ver="2.3"><GO type="41" lobby="0"/><UN n0="%E5%B7%A6%E8%84%9A%30%32" n1="%E3%81%97%E3%82%8D%E3%81%BE%E3%82%81" n2="%58%65%6E%61" n3="%E2%93%9D%53%75%70%68%78" dan="14,14,14,18" rate="1900.64,1855.96,1962.47,2073.08" sx="M,M,M,M"/><TAIKYOKU oya="0"/><INIT seed="0,0,0,2,3,103" ten="250,250,250,250" oya="0" hai0="30,121,87,86,110,23,58,19,5,18,119,122,50" hai1="14,101,27,68,107,126,97,116,130,61,43,57,54" hai2="42,52,59,73,46,118,74,108,76,32,0,26,85" hai3="69,1,120,48,25,128,92,11,38,51,70,24,78"/><T31/><D119/><U62/><E116/><V115/><F118/><W124/><G38/><T135/><D135/><U133/><E133/><V33/><F0/><W8/><G92/><T39/><D39/><U106/><E43/><V41/><F115/><W35/><G78/><T77/><D5/><U99/><E126/><V102/><F108/><W93/><G93/><T67/><D110/><U109/><E109/><V112/><F112/><W10/><G1/><T64/><D23/><U104/><E99/><V131/><F131/><W3/><G3/><T80/><D50/><U94/><E130/><V129/><F85/><W81/><G81/><T100/><D100/><U4/><E27/><V44/><F102/><W96/><G128/><T6/><D6/><U34/><E34/><V17/><F33/><W21/><G96/><T75/><D58/><U82/><E82/><V127/><F32/><W16/><G120/><T60/><D80/><U37/><E37/><V111/><F76/><W114/><G114/><T36/><D36/><U15/><REACH who="1" step="1"/><E4/><REACH who="1" ten="250,240,250,250" step="2"/><V72/><F111/><W49/><REACH who="3" step="1"/><G124/><REACH who="3" ten="250,240,250,240" step="2"/><T91/><D77/><U28/><E28/><AGARI ba="0,2" hai="8,10,11,16,21,24,25,28,35,48,49,51,69,70" machi="28" ten="40,5200,0" yaku="1,1,2,1,54,1,53,0" doraHai="103" doraHaiUra="123" who="3" fromWho="1" sc="250,0,240,-52,250,0,240,72" /><INIT seed="1,0,0,0,1,48" ten="250,188,250,312" oya="1" hai0="27,45,44,117,66,23,86,98,13,103,95,65,113" hai1="79,64,77,1,127,97,4,41,17,25,12,105,101" hai2="46,89,91,111,110,16,93,88,47,124,32,130,58" hai3="55,84,7,63,75,36,49,19,37,69,39,135,123"/><U68/><E127/><V26/><F32/><W90/><G75/><T70/><D117/><U56/><E68/><V50/><F124/><W128/><G7/><T20/><D113/><U102/><E101/><V78/><F78/><W125/><G135/><T121/><D121/><U30/><E41/><V14/><F26/><W119/><G128/><T132/><D132/><U83/><E83/><V114/><F114/><W33/><G33/><T80/><D13/><U53/><E64/><V96/><F130/><W62/><G123/><T67/><D70/><U76/><E4/><V2/><F2/><W40/><G40/><T82/><D82/><U6/><E6/><V11/><F58/><W15/><G119/><T42/><D42/><U5/><E5/><V118/><F118/><W10/><G69/><T74/><D74/><U57/><E56/><V87/><F87/><W61/><G125/><T131/><D131/><U100/><E102/><V133/><F133/><W9/><G9/><T115/><D115/><U3/><E12/><V8/><F8/><W18/><G18/><T21/><REACH who="0" step="1"/><D27/><REACH who="0" ten="240,188,250,312" step="2"/><U54/><E3/><V22/><F110/><W81/><REACH who="3" step="1"/><G39/><REACH who="3" ten="240,188,250,302" step="2"/><T116/><D116/><U109/><E1/><V0/><F111/><W29/><G29/><T92/><D92/><U120/><E109/><V24/><F0/><W129/><G129/><T38/><D38/><U107/><E120/><V122/><F122/><W106/><G106/><T126/><D126/><U112/><E105/><V104/><F104/><W94/><G94/><T31/><D31/><U43/><E112/><V108/><F108/><RYUUKYOKU ba="0,2" sc="240,15,188,-15,250,-15,302,15" hai0="20,21,23,44,45,65,66,67,80,86,95,98,103" hai3="10,15,19,36,37,49,55,61,62,63,81,84,90" /><INIT seed="2,1,2,3,0,23" ten="255,173,235,317" oya="2" hai0="64,96,17,80,5,57,87,99,84,40,27,33,0" hai1="55,11,36,10,95,30,38,69,29,105,53,133,67" hai2="1,4,49,89,119,102,81,32,90,101,74,129,76" hai3="97,125,7,50,70,41,42,117,59,82,107,16,94"/><V2/><F119/><W124/><G70/><T20/><D40/><U88/><E133/><V91/><F129/><W100/><G7/><T52/><D64/><U75/><E75/><V79/><F32/><W58/><G117/><T93/><D33/><U78/><E78/><V18/><F49/><W109/><G109/><T48/><D0/><U128/><E128/><V103/><F18/><W13/><G107/><T37/><D37/><U71/><E67/><V92/><F4/><W132/><G82/><T63/><D5/><U114/><E114/><V77/><F2/><W134/><G42/><T56/><D80/><U130/><E130/><V127/><F1/><W122/><G122/><T120/><D120/><U51/><E51/><V6/><F6/><W54/><G59/><T126/><D126/><N who="3" m="48745" /><G41/><T116/><D116/><U121/><E121/><V25/><F25/><W12/><G12/><T39/><D39/><U21/><E21/><AGARI ba="1,2" hai="13,16,21,50,54,58,94,97,100,132,134" m="48745" machi="21" ten="30,2000,0" yaku="18,1,54,1" doraHai="23" who="3" fromWho="1" sc="255,0,173,-23,235,0,317,43" /><INIT seed="3,0,0,4,0,108" ten="255,150,235,360" oya="3" hai0="106,58,80,115,27,121,8,127,99,18,49,55,30" hai1="129,102,38,10,101,104,4,96,113,52,41,128,46" hai2="11,81,75,119,82,14,17,86,5,98,39,124,7" hai3="48,45,0,94,19,71,59,117,92,72,77,131,109"/><W44/><G117/><T51/><D121/><U112/><E101/><V24/><F124/><W130/><G0/><T26/><D127/><U9/><E52/><V35/><F119/><W79/><G71/><T90/><D106/><U123/><E123/><V110/><F39/><W15/><G59/><T29/><D115/><N who="1" m="44107" /><E9/><V56/><F56/><W120/><G72/><T133/><D8/><U13/><E13/><V76/><F110/><W103/><G103/><T116/><D116/><U100/><E102/><V34/><F98/><W20/><G109/><T60/><D80/><U47/><E46/><V74/><F24/><W28/><G45/><T63/><D63/><U57/><E57/><V66/><F66/><W12/><G12/><T16/><D27/><U85/><E85/><V50/><F50/><N who="0" m="18954" /><D133/><U69/><E69/><V36/><F36/><W31/><G48/><T134/><D134/><U125/><E125/><V70/><F70/><W53/><G120/><T73/><D73/><U32/><E32/><V95/><F86/><W43/><G44/><T23/><D18/><U40/><E41/><V132/><F35/><W83/><G43/><T105/><D105/><U6/><E4/><V21/><F34/><W3/><G19/><T135/><D135/><U126/><E126/><V84/><F5/><W25/><G53/><T2/><D2/><U33/><E33/><V67/><F132/><W62/><G3/><T61/><D61/><U87/><E87/><V93/><F7/><W122/><G62/><T89/><D89/><U54/><E54/><V64/><F84/><W88/><G122/><RYUUKYOKU ba="0,0" sc="255,15,150,15,235,-15,360,-15" hai0="16,23,26,29,30,55,58,60,90,99" hai1="6,10,38,40,47,96,100,104,128,129" /><INIT seed="4,1,0,3,3,26" ten="270,165,220,345" oya="0" hai0="29,81,129,89,132,130,55,65,118,52,45,134,133" hai1="125,33,115,34,135,78,128,131,120,57,10,85,95" hai2="22,37,51,122,93,41,18,124,116,5,109,44,3" hai3="13,70,101,4,20,68,119,23,35,69,110,102,80"/><T30/><D118/><U39/><E120/><V0/><F109/><W100/><G35/><T42/><D65/><U21/><E39/><V123/><F116/><W88/><G119/><T24/><D89/><U8/><E115/><V12/><F124/><W60/><G110/><T86/><D86/><U25/><E125/><V7/><F93/><W87/><REACH who="3" step="1"/><G60/><REACH who="3" ten="270,165,220,335" step="2"/><T112/><D112/><U14/><E34/><V67/><F122/><W38/><G38/><N who="0" m="21719" /><D81/><U56/><E33/><V15/><F37/><W105/><G105/><T91/><D91/><U94/><E131/><N who="0" m="50185" /><D29/><U106/><E128/><V127/><F123/><W75/><G75/><T49/><D49/><U72/><E106/><V43/><F127/><W64/><G64/><T47/><D47/><U126/><E72/><V66/><F51/><W59/><G59/><T9/><D9/><AGARI ba="1,1" hai="4,9,13,20,23,68,69,70,80,87,88,100,101,102" machi="9" ten="50,8000,1" yaku="1,1,54,1,53,3" doraHai="26" doraHaiUra="97" who="3" fromWho="0" sc="270,-83,165,0,220,0,335,93" /><INIT seed="5,0,0,4,1,17" ten="187,165,220,428" oya="1" hai0="90,78,68,44,134,110,1,67,103,85,72,121,32" hai1="50,111,65,10,52,39,33,3,80,69,47,30,28" hai2="118,112,76,101,46,117,92,43,38,102,104,124,123" hai3="37,22,4,34,61,31,7,71,84,129,95,82,51"/><U73/><E39/><V74/><F123/><W113/><G129/><T107/><D44/><U62/><E33/><V6/><F124/><W132/><G132/><T35/><D67/><U89/><E111/><V91/><F6/><W125/><G113/><T130/><D90/><U116/><E116/><V108/><F108/><W54/><G95/><T12/><D85/><U45/><E47/><V25/><F112/><W5/><G34/><T127/><D12/><U99/><E3/><V59/><F59/><W75/><G75/><T109/><D103/><U24/><E10/><V64/><F64/><W29/><G61/><T106/><D78/><U79/><REACH who="1" step="1"/><E24/><REACH who="1" ten="187,155,220,428" step="2"/><V96/><F25/><W83/><G37/><T41/><D35/><U131/><E131/><V26/><F26/><W55/><G125/><T9/><D9/><U88/><E88/><V115/><F115/><W93/><G7/><T60/><D110/><U133/><E133/><V21/><F91/><W63/><G5/><T19/><D19/><U2/><E2/><V20/><F117/><W70/><G4/><T13/><D13/><U56/><E56/><V48/><F118/><W87/><G71/><T126/><D126/><U128/><E128/><V49/><F38/><W97/><G70/><T8/><D8/><U40/><E40/><V14/><F43/><W16/><G16/><T119/><D41/><U58/><E58/><V135/><F46/><W105/><G31/><T0/><D0/><U120/><E120/><V66/><F14/><W98/><G29/><T94/><D119/><U114/><E114/><V122/><F135/><RYUUKYOKU ba="0,1" sc="187,-10,155,30,220,-10,428,-10" hai1="28,30,45,50,52,62,65,69,73,79,80,89,99" /><INIT seed="5,1,1,2,1,28" ten="177,185,210,418" oya="1" hai0="31,61,6,94,126,113,87,39,19,72,112,46,51" hai1="70,77,43,110,91,104,101,11,127,54,114,1,102" hai2="62,36,2,82,78,90,40,128,8,25,52,103,118" hai3="10,57,106,13,56,100,80,74,9,24,59,33,71"/><U66/><E114/><V69/><F118/><W65/><G74/><T124/><D72/><U76/><E127/><N who="0" m="48681" /><D19/><U120/><E120/><V86/><F128/><W30/><G80/><T135/><D6/><U14/><E1/><V53/><F103/><W111/><G111/><T44/><D94/><U117/><E117/><V58/><F2/><W4/><G10/><T41/><D87/><U92/><E110/><V63/><F8/><W55/><G55/><N who="0" m="30183" /><D31/><U116/><E116/><V67/><F25/><W79/><G79/><T47/><D135/><U105/><E43/><V37/><F90/><W98/><G59/><T73/><D73/><U0/><E0/><V32/><F32/><W38/><G38/><T35/><D35/><U119/><E119/><V5/><F5/><W12/><G12/><T123/><D46/><U115/><E115/><N who="0" m="44105" /><D61/><AGARI ba="1,1" hai="4,9,13,24,30,33,56,57,61,65,71,98,100,106" machi="61" ten="40,5200,0" yaku="25,2,52,1" doraHai="28" who="3" fromWho="0" sc="177,-55,185,0,210,0,418,65" /><INIT seed="6,0,0,4,2,88" ten="122,185,210,483" oya="2" hai0="43,131,102,22,91,34,56,112,53,59,39,74,129" hai1="17,117,114,36,7,70,18,4,46,0,3,47,76" hai2="26,86,69,115,28,133,81,105,35,21,109,132,54" hai3="44,63,103,85,19,30,68,27,45,108,113,116,128"/><V64/><BYE who="0" /><F115/><W111/><G116/><T94/><D94/><U40/><E117/><V78/><F109/><W9/><G128/><T23/><D23/><U96/><E114/><V60/><F105/><W75/><G113/><T15/><D15/><U42/><E76/><V99/><F99/><W14/><G75/><T100/><D100/><U95/><E96/><V84/><F54/><W87/><G68/><T90/><D90/><U97/><E97/><V1/><F1/><W127/><G127/><T61/><D61/><U32/><E70/><V62/><F62/><W79/><G103/><T121/><D121/><U33/><E36/><V49/><F49/><W29/><G63/><T123/><D123/><U11/><E11/><V126/><F126/><W38/><G38/><T110/><D110/><U51/><E51/><V20/><REACH who="2" step="1"/><F84/><REACH who="2" ten="122,185,200,483" step="2"/><W24/><G87/><T83/><D83/><U98/><E98/><V10/><F10/><W31/><G111/><T73/><D73/><U12/><E12/><V104/><F104/><W119/><G108/><T124/><D124/><U135/><E135/><AGARI ba="0,1" hai="20,21,26,28,35,60,64,69,78,81,86,132,133,135" machi="135" ten="40,7700,0" yaku="1,1,20,1,53,1" doraHai="88" doraHaiUra="72" who="2" fromWho="1" sc="122,0,185,-77,200,87,483,0" /><INIT seed="6,1,0,3,0,98" ten="122,108,287,483" oya="2" hai0="90,84,56,94,16,101,69,120,73,60,72,132,32" hai1="110,37,55,86,130,122,81,23,10,47,83,54,116" hai2="115,65,106,35,118,64,36,41,11,117,123,31,7" hai3="27,102,19,26,25,104,131,111,126,42,133,3,39"/><V9/><F123/><W40/><G111/><T30/><D30/><U75/><E110/><V0/><F11/><W66/><G131/><T109/><D109/><U135/><E130/><V20/><F115/><W97/><G133/><T78/><D78/><U88/><E122/><V13/><F106/><W14/><G126/><T38/><D38/><U44/><E135/><V62/><F41/><W68/><G3/><T85/><D85/><U96/><E116/><V129/><F36/><W58/><G68/><T45/><D45/><U50/><E10/><V114/><F114/><W121/><G121/><T80/><D80/><U28/><E28/><V46/><F46/><W51/><G39/><T108/><D108/><U79/><E23/><V24/><F65/><W48/><G66/><T87/><D87/><U21/><E21/><V34/><F129/><W112/><G112/><T29/><D29/><U4/><E4/><V127/><F35/><W128/><G128/><T77/><D77/><U8/><E8/><V63/><F63/><W99/><G104/><T2/><D2/><U105/><E37/><V17/><REACH who="2" step="1"/><F127/><REACH who="2" ten="122,108,277,483" step="2"/><W125/><G42/><T70/><D70/><AGARI ba="1,1" hai="0,7,9,13,17,20,24,31,34,62,64,70,117,118" machi="70" ten="30,12000,1" yaku="1,1,2,1,7,1,24,2,53,0" doraHai="98" doraHaiUra="91" who="2" fromWho="0" sc="122,-123,108,0,277,133,483,0" owari="-1,-50.0,108,-29.0,410,21.0,483,58.0" /></mjloggm>