<mjloggm ver="2.3"><GO type="41" lobby="0"/><UN n0="%E3%82%AB%E3%82%A4%E3%83%8A%E3%83%83%E3%83%84%E3%82%A9%E4%BA%80%E5%B2%A1" n1="%4B%41%4E%59%45%E8%A5%BF" n2="%E2%93%9D%53%75%70%68%78" n3="%E9%89%84%E4%B8%B8" dan="14,14,18,15" rate="1824.90,1861.61,2081.47,2007.57" sx="M,M,M,M"/><TAIKYOKU oya="0"/><INIT seed="0,0,0,1,2,51" ten="250,250,250,250" oya="0" hai0="6,105,14,63,126,30,4,57,93,19,114,73,112" hai1="130,49,103,62,59,70,96,2,28,117,108,80,24" hai2="78,76,68,33,84,71,31,1,69,87,129,113,111" hai3="25,56,13,32,89,48,123,102,131,135,124,81,107"/><T134/><D105/><U38/><E117/><V36/><F113/><W17/><G124/><T44/><D73/><U122/><E122/><V95/><F36/><W110/><G110/><T3/><D126/><U41/><E108/><V94/><F111/><W54/><G135/><T0/><D134/><U109/><E109/><V20/><F20/><W21/><G131/><T101/><D30/><U100/><E2/><V121/><F31/><W67/><G123/><T125/><D125/><U119/><E119/><V7/><F7/><W120/><G120/><T15/><D44/><U64/><E80/><V46/><F46/><W53/><G107/><T106/><D106/><U60/><E130/><V85/><F33/><W118/><G102/><T91/><D101/><U97/><E97/><V98/><F1/><W8/><G32/><T115/><D15/><U72/><E72/><V47/><F47/><W104/><G104/><T83/><D83/><U22/><E38/><V55/><F129/><W133/><G133/><T37/><D37/><U66/><E96/><V45/><F121/><W90/><G118/><T12/><D12/><U75/><E75/><V92/><F98/><W42/><G42/><T74/><D74/><U86/><E86/><V58/><F45/><N who="3" m="27791" /><G67/><N who="0" m="39407" /><D3/><U127/><E127/><V16/><F16/><N who="3" m="8231" /><G81/><T27/><D0/><U43/><E103/><V10/><F10/><W116/><G116/><T23/><D27/><U40/><E100/><V128/><F128/><W39/><G39/><T29/><D29/><U77/><E77/><V18/><F18/><W9/><G9/><T5/><D115/><RYUUKYOKU ba="0,0" sc="250,0,250,0,250,0,250,0" hai0="4,5,6,14,19,23,91,93,112,114" hai1="22,24,28,40,41,43,49,59,60,62,64,66,70" hai2="55,58,68,69,71,76,78,84,85,87,92,94,95" hai3="17,21,25,54,56,89,90" /><INIT seed="0,1,0,4,5,110" ten="250,250,250,250" oya="0" hai0="126,6,129,25,122,108,3,77,114,92,134,121,68" hai1="127,93,104,106,80,32,52,5,78,72,43,84,130" hai2="120,67,36,88,29,12,10,27,40,24,57,117,15" hai3="71,39,66,132,46,85,26,59,115,69,49,34,14"/><T60/><D77/><U13/><E32/><V90/><F120/><N who="0" m="46186" /><D92/><U74/><E130/><V16/><F117/><W81/><G34/><T8/><D129/><U103/><E43/><V0/><F0/><W9/><G26/><N who="2" m="9769" /><F36/><W111/><G111/><T97/><D97/><U82/><E127/><V65/><F40/><W56/><G39/><T58/><D58/><U70/><E70/><V23/><F29/><W89/><G59/><T54/><D54/><U99/><E52/><V20/><F57/><W48/><G48/><T123/><D123/><U87/><E13/><V112/><F112/><W28/><G115/><T38/><D38/><U124/><E5/><N who="2" m="3151" /><F23/><W47/><G47/><T41/><D41/><U98/><E124/><V33/><F33/><W119/><G119/><T30/><D108/><U133/><E133/><V53/><F53/><W61/><G132/><T21/><D126/><U22/><E22/><V1/><F1/><W105/><G28/><T118/><D118/><U42/><E42/><V55/><F55/><W64/><G64/><AGARI ba="1,0" hai="15,16,20,64,65,67,88,90" m="3151,9769" machi="64" ten="30,3900,0" yaku="8,1,54,2" doraHai="110" who="2" fromWho="3" sc="250,0,250,0,250,42,250,-42" /><INIT seed="1,0,0,2,5,85" ten="250,250,292,208" oya="1" hai0="94,6,3,31,112,101,25,96,11,2,37,123,132" hai1="104,21,71,29,47,0,117,9,102,106,128,125,83" hai2="65,91,79,78,75,48,49,95,13,89,40,135,74" hai3="35,69,130,127,84,64,124,43,73,19,16,30,126"/><U54/><E117/><V38/><F38/><W18/><G73/><T67/><D112/><U121/><E121/><V60/><F135/><W1/><G1/><T17/><D37/><U68/><E125/><V58/><F75/><W59/><G130/><T93/><D132/><U100/><E128/><V34/><F34/><W114/><G114/><T70/><D123/><U61/><E83/><V15/><F74/><W82/><G43/><T45/><D45/><U109/><E109/><V12/><F95/><W66/><G69/><T14/><D67/><N who="3" m="25641" /><G59/><T111/><D111/><U87/><E87/><V63/><F63/><W80/><G80/><T92/><D70/><U99/><E47/><N who="2" m="25703" /><F49/><W57/><G57/><T134/><D134/><U97/><E54/><V88/><AGARI ba="0,0" hai="12,13,15,58,60,65,78,79,88,89,91" m="25703" machi="88" ten="30,8000,1" yaku="8,1,52,3,54,1" doraHai="85" who="2" fromWho="2" sc="250,-20,250,-40,292,80,208,-20" /><INIT seed="2,0,0,1,2,46" ten="230,210,372,188" oya="2" hai0="4,66,45,17,117,42,97,3,75,58,60,85,78" hai1="57,107,6,39,41,127,79,89,83,122,95,109,118" hai2="99,90,86,61,110,0,7,52,112,126,12,63,13" hai3="68,53,100,44,15,47,31,10,51,40,72,91,28"/><V24/><F112/><W59/><G72/><T35/><D35/><U50/><E118/><V32/><F0/><W130/><G130/><T25/><D117/><U71/><E122/><V111/><F99/><W5/><G68/><T132/><D132/><U82/><E109/><N who="2" m="41483" /><F126/><W62/><G100/><T116/><D75/><U37/><E127/><V131/><F7/><W29/><G91/><T102/><D116/><U94/><E107/><V115/><F115/><W81/><G81/><T121/><D121/><U129/><E71/><V128/><F24/><W69/><G69/><T124/><D124/><U34/><E34/><V33/><F33/><W54/><REACH who="3" step="1"/><G31/><REACH who="3" ten="230,210,372,178" step="2"/><T119/><D119/><U114/><E129/><V104/><F131/><W55/><G55/><T70/><D70/><U93/><E83/><V87/><F52/><W64/><G64/><T123/><D123/><U2/><E82/><V38/><F90/><W77/><G77/><T27/><D78/><U65/><E79/><V67/><F67/><W125/><G125/><T16/><D85/><U8/><E89/><V48/><F87/><W88/><G88/><T108/><D108/><U14/><E65/><V98/><F128/><W56/><G56/><T19/><D97/><U74/><E57/><V105/><F98/><W80/><G80/><T133/><D102/><U73/><E74/><V49/><F86/><W135/><G135/><T101/><D101/><U43/><E73/><V36/><F105/><W106/><G106/><T92/><D133/><U103/><E103/><V120/><F120/><W30/><G30/><T11/><D92/><RYUUKYOKU ba="0,1" sc="230,15,210,-15,372,-15,178,15" hai0="3,4,11,16,17,19,25,27,42,45,58,60,66" hai3="5,10,15,28,29,40,44,47,51,53,54,59,62" /><INIT seed="3,1,1,4,4,52" ten="245,195,357,193" oya="3" hai0="31,23,14,48,80,79,50,2,120,35,62,130,72" hai1="129,99,51,34,114,83,85,121,0,44,13,69,96" hai2="70,64,84,104,116,133,76,91,33,124,10,68,107" hai3="89,4,24,60,25,65,54,95,98,26,93,90,5"/><W45/><G45/><T77/><D120/><U61/><E121/><V3/><F33/><W30/><G30/><T15/><D79/><U37/><E114/><V132/><F76/><W29/><G29/><T113/><D113/><U11/><E129/><V123/><F124/><W22/><G22/><T38/><D38/><U46/><E0/><V112/><F116/><W8/><G54/><T106/><D106/><U20/><E34/><V78/><F78/><W125/><G8/><T88/><D130/><U56/><E69/><V122/><F112/><W55/><G55/><T7/><D2/><U102/><E37/><V43/><F43/><W111/><G111/><T135/><D135/><N who="2" m="51786" /><F70/><W41/><G41/><T81/><D7/><U118/><E118/><V32/><F32/><W110/><G110/><T36/><D36/><U21/><E46/><V6/><F123/><W67/><G125/><T27/><D35/><U109/><E109/><V9/><F9/><W92/><G92/><T94/><D62/><U87/><E61/><N who="2" m="39951" /><F122/><W1/><G1/><T16/><D14/><U82/><E13/><V66/><F66/><N who="3" m="25099" /><G60/><T100/><D100/><U49/><E102/><V18/><F18/><W73/><G73/><T71/><D71/><U28/><E11/><V105/><F105/><W57/><G57/><T47/><D47/><U39/><E56/><V131/><F131/><W74/><G74/><T63/><D77/><U12/><E12/><V40/><F40/><W58/><G58/><T117/><D72/><U134/><E134/><V86/><F91/><W97/><AGARI ba="1,1" hai="4,5,24,25,26,89,90,93,95,97,98" m="25099" machi="97" ten="30,1500,0" yaku="8,1" doraHai="52" who="3" fromWho="3" sc="245,-6,195,-6,357,-6,193,28" /><INIT seed="3,2,0,2,5,120" ten="239,189,351,221" oya="3" hai0="52,107,65,51,67,1,66,113,108,17,126,63,128" hai1="110,42,72,0,101,68,85,46,23,57,117,125,97" hai2="16,98,86,26,100,49,124,54,129,132,28,62,122" hai3="36,76,114,115,45,37,99,4,47,3,14,70,53"/><W64/><G3/><T20/><D107/><U134/><E110/><V69/><F129/><W78/><G99/><T75/><D75/><U118/><E125/><V50/><F132/><W123/><G4/><T22/><D126/><U25/><E134/><V9/><F122/><W59/><G14/><T29/><D1/><U79/><E72/><V109/><F109/><W131/><G123/><T21/><D108/><U77/><E68/><V119/><F119/><N who="1" m="45577" /><E0/><V18/><F50/><N who="3" m="31159" /><G76/><T10/><D113/><N who="3" m="43017" /><G78/><T34/><D128/><U94/><E85/><V74/><F86/><W127/><G127/><T60/><D34/><U12/><E57/><V55/><F74/><W30/><G30/><T116/><D116/><U2/><E12/><V32/><F124/><W87/><G87/><T56/><REACH who="0" step="1"/><D29/><REACH who="0" ten="229,189,351,221" step="2"/><N who="1" m="17599" /><E2/><V90/><F28/><W121/><G121/><T6/><D6/><U58/><E79/><V33/><F33/><W73/><G73/><T61/><D61/><U93/><E77/><V130/><F130/><W81/><G131/><T105/><D105/><U8/><E94/><V95/><F95/><W106/><G106/><T11/><D11/><U38/><E8/><V15/><F9/><W133/><G133/><T40/><D40/><U7/><E7/><V31/><F32/><W48/><G81/><T111/><D111/><U13/><E93/><V27/><F31/><W19/><G19/><T5/><D5/><U39/><E42/><V84/><F18/><W102/><G102/><T92/><D92/><U44/><E101/><V35/><F100/><W71/><G71/><T43/><D43/><RYUUKYOKU ba="2,1" sc="229,30,189,-10,351,-10,221,-10" hai0="10,17,20,21,22,51,52,56,60,63,65,66,67" /><INIT seed="4,3,1,0,0,70" ten="259,179,341,211" oya="0" hai0="7,50,91,24,60,53,37,127,35,36,16,79,77" hai1="57,52,88,46,48,56,128,134,23,2,63,95,114" hai2="84,86,62,125,76,111,74,1,3,13,104,123,49" hai3="102,51,14,19,93,69,67,120,113,65,133,25,129"/><T54/><D127/><U98/><E2/><V94/><F111/><W17/><G133/><T71/><D7/><U119/><E119/><V66/><F104/><W116/><G116/><T8/><D35/><U117/><E117/><V107/><F107/><W118/><G118/><T41/><D91/><U12/><E134/><V101/><F74/><W64/><G129/><T108/><D108/><U43/><E128/><V85/><F76/><W32/><G113/><T0/><D0/><U124/><E124/><V110/><F123/><W80/><G120/><T15/><D24/><U103/><E114/><V97/><F110/><W87/><G69/><T99/><D99/><U29/><E57/><V22/><F3/><W45/><G32/><T112/><D112/><U96/><E29/><V83/><F1/><W100/><G25/><T5/><D5/><U59/><E59/><N who="2" m="37215" /><F125/><W44/><G44/><T34/><D34/><U130/><E130/><V26/><F13/><W115/><G115/><T21/><D8/><U106/><E12/><V11/><F11/><N who="3" m="6367" /><G19/><T42/><D71/><U4/><E4/><V135/><F135/><W132/><G93/><T47/><D60/><U72/><E23/><V61/><F61/><W68/><G68/><T89/><D53/><U81/><E72/><V6/><F6/><W18/><G18/><T109/><D109/><U39/><REACH who="1" step="1"/><E81/><REACH who="1" ten="259,169,341,211" step="2"/><V82/><F82/><W31/><G31/><T90/><D15/><U28/><E28/><N who="2" m="17495" /><F83/><W58/><G58/><T121/><D21/><U131/><E131/><V27/><F27/><W105/><G132/><T9/><D9/><RYUUKYOKU ba="3,2" sc="259,-15,169,15,341,15,211,-15" hai1="39,43,46,48,52,56,63,88,95,96,98,103,106" hai2="49,84,85,86,94,97,101" /><INIT seed="5,4,2,1,2,20" ten="244,184,356,196" oya="1" hai0="134,39,114,35,4,71,96,72,75,70,38,76,13" hai1="10,90,118,124,32,132,26,34,67,82,48,45,12" hai2="69,68,88,65,127,110,58,3,97,54,73,107,1" hai3="64,6,87,36,128,56,95,91,43,83,116,53,133"/><U30/><E118/><V105/><F110/><W129/><G133/><T16/><D134/><U46/><E132/><V5/><F73/><W18/><G116/><T100/><D35/><U74/><E124/><V9/><F65/><W94/><G6/><T66/><D4/><U125/><E125/><V51/><F127/><W122/><G122/><T17/><D66/><U108/><E108/><V131/><F131/><N who="3" m="50251" /><G64/><T98/><D13/><U115/><E115/><V29/><F29/><W121/><G121/><T113/><REACH who="0" step="1"/><D76/><REACH who="0" ten="234,184,356,196" step="2"/><U84/><E67/><V117/><F117/><W60/><G18/><T31/><D31/><U22/><E74/><V52/><F3/><W85/><G85/><T0/><D0/><U21/><E34/><V55/><F69/><W78/><G78/><T119/><D119/><U57/><E32/><V25/><F68/><W40/><G36/><T130/><D130/><U47/><E22/><V79/><F79/><W101/><G101/><AGARI ba="4,3" hai="16,17,38,39,70,71,72,75,96,98,100,101,113,114" machi="101" ten="25,6400,0" yaku="1,1,22,2,54,1,53,0" doraHai="20" doraHaiUra="24" who="0" fromWho="3" sc="234,106,184,0,356,0,196,-76" /><INIT seed="6,0,0,4,3,59" ten="340,184,356,120" oya="2" hai0="58,117,20,102,35,81,77,6,48,128,14,111,86" hai1="55,91,100,60,83,70,115,127,50,37,29,25,3" hai2="89,9,99,88,110,41,33,8,80,17,32,67,108" hai3="133,19,75,12,45,13,114,101,121,21,63,26,39"/><V66/><F41/><W47/><G121/><T76/><D35/><U2/><E115/><V130/><F99/><W4/><G133/><T61/><D111/><U109/><E109/><V71/><F80/><W5/><G75/><T134/><D134/><U129/><E129/><V96/><F96/><W132/><G132/><T118/><D128/><U135/><E135/><V28/><F130/><W79/><G79/><N who="0" m="46399" /><D48/><U27/><E37/><V119/><F17/><W64/><G114/><T46/><D46/><U116/><E116/><N who="0" m="44649" /><D102/><U94/><E127/><V85/><F119/><W43/><G101/><T112/><D112/><U92/><E100/><V7/><F85/><W51/><G4/><T97/><D97/><U72/><E94/><V34/><F7/><W15/><G5/><T0/><D0/><U68/><E68/><V57/><F71/><W54/><REACH who="3" step="1"/><G26/><REACH who="3" ten="340,184,356,110" step="2"/><T24/><D6/><U65/><E27/><V82/><F110/><W73/><G73/><T126/><D126/><U74/><E74/><V16/><F108/><W90/><G90/><T69/><D24/><U1/><E72/><V49/><F89/><W113/><G113/><T78/><D78/><U103/><E103/><V30/><F88/><W53/><G53/><T62/><D77/><U120/><E120/><V11/><F34/><W105/><G105/><T36/><D76/><U125/><E125/><V122/><F33/><W31/><G31/><T42/><D42/><U98/><E29/><V93/><F30/><W95/><G95/><T40/><D40/><U22/><E92/><V38/><F93/><W124/><G124/><RYUUKYOKU ba="0,1" sc="340,-10,184,-10,356,-10,110,30" hai3="12,13,15,19,21,39,43,45,47,51,54,63,64" /><INIT seed="7,1,1,0,3,50" ten="330,174,346,140" oya="3" hai0="14,3,26,16,30,76,48,36,95,79,37,54,123" hai1="47,41,21,18,58,42,9,64,90,46,104,19,35" hai2="110,103,101,111,31,45,72,24,89,127,23,8,20" hai3="61,109,133,39,56,63,107,130,6,29,92,99,86"/><W53/><G39/><T32/><D123/><U100/><E35/><V2/><F72/><W4/><G133/><T43/><D3/><U49/><E104/><V106/><F106/><W83/><G130/><T113/><D113/><U96/><E100/><V94/><F127/><W91/><G107/><T134/><D95/><N who="1" m="56439" /><E9/><V27/><F45/><N who="1" m="16905" /><E19/><V117/><F117/><W55/><G109/><T114/><D43/><U78/><E78/><V51/><F111/><W38/><G38/><T12/><D12/><N who="1" m="9415" /><E64/><V34/><F34/><W80/><G29/><T81/><D79/><U98/><E98/><V93/><F110/><W77/><G83/><T73/><D134/><U11/><E11/><V75/><F8/><W121/><G121/><T129/><D129/><U15/><E15/><V60/><F2/><W22/><G22/><T108/><D108/><U0/><E0/><V1/><F1/><W128/><G128/><T132/><D132/><U52/><AGARI ba="1,1" hai="41,42,49,52,58" m="9415,16905,56439" machi="52" ten="30,4000,0" yaku="8,1,52,1,54,1" doraHai="50" who="1" fromWho="1" sc="330,-11,174,53,346,-11,140,-21" owari="319,12.0,227,-17.0,335,43.0,119,-38.0" /></mjloggm>