<mjloggm ver="2.3"><GO type="41" lobby="0"/><UN n0="%6C%61%35%73%6F" n1="%E2%93%9D%53%75%70%68%78" n2="%E3%82%8B%E3%82%8B%E3%81%8A" n3="%E3%81%BF%E3%81%AE%E3%82%8A%E9%80%A3" dan="16,16,14,14" rate="1999.03,2046.68,1934.93,1851.93" sx="M,M,F,M"/><TAIKYOKU oya="0"/><INIT seed="0,0,0,0,4,72" ten="250,250,250,250" oya="0" hai0="33,67,47,85,1,106,46,16,117,61,39,18,54" hai1="12,38,11,48,81,122,121,90,103,62,96,55,42" hai2="40,32,3,94,68,104,37,70,112,25,113,22,123" hai3="59,135,111,58,78,108,75,63,34,60,88,84,52"/><T126/><D106/><U45/><E62/><V57/><F123/><W105/><G34/><T116/><D1/><U92/><E38/><V86/><F104/><W76/><G105/><T125/><D33/><U17/><REACH who="1" step="1"/><E42/><REACH who="1" ten="250,240,250,250" step="2"/><V95/><F37/><W36/><G36/><T107/><D39/><U14/><E14/><V120/><F40/><W31/><G135/><T69/><D116/><U43/><E43/><V66/><F113/><W27/><G75/><T73/><D73/><U77/><E77/><N who="3" m="29802" /><G27/><T109/><D117/><U101/><E101/><V0/><F25/><W30/><G108/><T97/><D109/><U87/><AGARI ba="0,1" hai="11,12,17,45,48,55,81,87,90,92,96,103,121,122" machi="87" ten="30,8000,1" yaku="1,1,0,1,25,2,53,1" doraHai="72" doraHaiUra="13" who="1" fromWho="1" sc="250,-40,240,90,250,-20,250,-20" /><INIT seed="1,0,0,1,4,119" ten="210,330,230,230" oya="1" hai0="73,115,78,84,70,46,10,128,56,74,34,57,42" hai1="85,101,7,105,28,111,47,106,29,1,71,90,112" hai2="0,83,104,91,93,45,80,117,102,108,98,96,88" hai3="127,44,121,18,49,35,30,99,103,37,79,5,65"/><U21/><E112/><V25/><F0/><W43/><G127/><T69/><D34/><U123/><E71/><V63/><F45/><W8/><G79/><T17/><D115/><U66/><E66/><V14/><F14/><W72/><G72/><T97/><D128/><U12/><E101/><N who="2" m="60559" /><F63/><W24/><G18/><T86/><D97/><U116/><E111/><V2/><F25/><W59/><G49/><T48/><D78/><U67/><E116/><V114/><F2/><W130/><G130/><T9/><D46/><U107/><E67/><V32/><F32/><W129/><G129/><T15/><D15/><U55/><E1/><V51/><F51/><W54/><G59/><T13/><D13/><U77/><E55/><V39/><F39/><W19/><G54/><T134/><D48/><U58/><E58/><V64/><F64/><W87/><G19/><T23/><D17/><U81/><E47/><V113/><F117/><W89/><G65/><T75/><D75/><U92/><E21/><V4/><F4/><W122/><G87/><T27/><D23/><U61/><E61/><V41/><F41/><W94/><G89/><N who="2" m="34377" /><F108/><W76/><G76/><T100/><D27/><U11/><REACH who="1" step="1"/><E123/><REACH who="1" ten="210,320,230,230" step="2"/><V38/><F38/><W135/><G135/><T110/><D134/><U133/><E133/><V82/><AGARI ba="0,1" hai="80,82,83,98,102,104,113,114" m="34377,60559" machi="82" ten="30,4000,0" yaku="34,2,54,1" doraHai="119" who="2" fromWho="2" sc="210,-10,320,-20,230,50,230,-10" /><INIT seed="2,0,0,4,0,81" ten="200,300,280,220" oya="2" hai0="125,107,119,97,61,99,47,11,52,86,33,14,53" hai1="76,2,135,55,20,21,42,59,7,1,10,0,67" hai2="105,19,72,130,13,98,3,129,30,132,22,124,40" hai3="123,18,43,96,103,34,66,117,6,23,35,112,26"/><V62/><F3/><W102/><G123/><T5/><D33/><U80/><E67/><V89/><F72/><W17/><G117/><T121/><D121/><U122/><E135/><V39/><F132/><W82/><G112/><T4/><D119/><U24/><E42/><V90/><F124/><W28/><G43/><T60/><D5/><U78/><E78/><V74/><F74/><W116/><G66/><T29/><D29/><U69/><E69/><V15/><F62/><N who="0" m="24170" /><D107/><U127/><E127/><V44/><F30/><W133/><G116/><T31/><D31/><U37/><E37/><V38/><F13/><W115/><G133/><T83/><D125/><U92/><E92/><V48/><F38/><W95/><G115/><T109/><D109/><U36/><E36/><V106/><F39/><W77/><G103/><T85/><D47/><U45/><E45/><V25/><F25/><W50/><G6/><T94/><D99/><U120/><E120/><V12/><F12/><W57/><G35/><T64/><D64/><U118/><E118/><V63/><F63/><W110/><G110/><T41/><D41/><U71/><E71/><V131/><REACH who="2" step="1"/><F98/><REACH who="2" ten="200,300,270,220" step="2"/><W114/><G114/><T87/><D83/><U93/><E2/><V84/><F84/><N who="0" m="21506" /><T58/><DORA hai="75" /><D58/><U51/><E122/><V79/><F79/><W49/><G82/><T65/><D65/><U91/><E1/><V88/><AGARI ba="0,1" hai="15,19,22,40,44,48,88,89,90,105,106,129,130,131" machi="88" ten="40,12000,1" yaku="1,1,0,1,19,1,54,1,53,0" doraHai="81,75" doraHaiUra="134,54" who="2" fromWho="2" sc="200,-40,300,-40,270,130,220,-40" /><INIT seed="2,1,0,4,1,88" ten="160,260,400,180" oya="2" hai0="83,96,79,4,78,58,132,116,106,47,1,24,129" hai1="133,77,41,53,71,65,42,7,25,70,89,34,37" hai2="57,64,46,92,0,131,26,93,5,68,28,21,36" hai3="72,110,105,86,100,12,134,14,90,50,108,45,99"/><V127/><F68/><W55/><G134/><T38/><D132/><U43/><E77/><V82/><F131/><W130/><G130/><T97/><D79/><U104/><E7/><V125/><F82/><W94/><REACH who="3" step="1"/><G72/><REACH who="3" ten="160,260,400,170" step="2"/><T10/><D129/><U118/><E133/><V27/><F127/><W115/><G115/><T20/><D116/><U54/><E118/><V120/><F125/><W91/><G91/><T75/><D106/><U95/><E104/><V11/><F120/><W114/><G114/><T76/><D76/><U16/><E37/><V87/><F36/><W112/><G112/><T67/><D38/><U49/><E71/><V135/><F135/><W33/><G33/><T73/><D73/><U119/><E34/><V128/><F128/><W85/><G85/><T52/><D75/><U117/><E117/><V66/><F87/><W18/><G18/><T69/><D78/><U23/><E119/><V81/><F28/><W29/><G29/><T3/><D69/><U9/><E70/><V60/><F5/><W35/><G35/><T107/><D4/><U84/><E65/><V56/><F66/><W124/><G124/><T111/><D67/><U101/><E101/><V31/><F64/><W113/><G113/><T22/><D111/><AGARI ba="1,1" hai="12,14,45,50,55,86,90,94,99,100,105,108,110,111" machi="111" ten="40,5200,0" yaku="1,1,14,1,52,1,53,0" doraHai="88" doraHaiUra="74" who="3" fromWho="0" sc="160,-55,260,0,400,0,170,65" /><INIT seed="3,0,0,1,1,18" ten="105,260,400,235" oya="3" hai0="61,13,82,123,76,63,17,68,119,129,33,132,89" hai1="37,115,110,122,72,134,71,100,92,124,58,15,43" hai2="111,45,6,103,74,65,4,78,44,0,90,131,91" hai3="112,12,102,67,30,35,135,16,26,7,94,42,27"/><W98/><G112/><T113/><D119/><U54/><E72/><V14/><F111/><W69/><G42/><T47/><D33/><U50/><E100/><V75/><F0/><W83/><G83/><T20/><D123/><U117/><E92/><V104/><F65/><W8/><G135/><T41/><D129/><U87/><E124/><V52/><F104/><W95/><G95/><T125/><D125/><U57/><E15/><V127/><F103/><W49/><G49/><T24/><D132/><U36/><E87/><V105/><F105/><W70/><G67/><T88/><D113/><U97/><E97/><V40/><F131/><W101/><G101/><T66/><D61/><U1/><E1/><V5/><F14/><W22/><AGARI ba="0,0" hai="7,8,12,16,22,26,27,30,35,69,70,94,98,102" machi="22" ten="30,6000,0" yaku="0,1,52,1,54,1" doraHai="18" who="3" fromWho="3" sc="105,-20,260,-20,400,-20,235,60" /><INIT seed="3,1,0,5,2,84" ten="85,240,380,295" oya="3" hai0="92,85,36,77,24,67,56,54,119,69,111,53,127" hai1="103,98,101,30,40,61,94,63,126,55,0,122,128" hai2="27,62,48,132,41,8,14,117,21,33,95,110,91" hai3="50,57,39,118,45,131,106,99,1,70,116,108,79"/><W31/><G1/><T90/><D119/><U58/><E122/><V89/><F117/><N who="3" m="45163" /><G31/><T3/><D3/><U81/><E128/><V66/><F110/><W65/><G79/><T121/><D121/><U80/><E126/><V52/><F33/><W88/><G106/><T25/><D36/><U23/><E40/><V18/><F132/><W19/><G19/><T10/><D111/><U11/><E103/><V109/><F109/><W51/><G108/><T75/><D127/><U73/><E73/><V123/><F123/><W6/><G6/><T87/><D75/><U114/><E114/><V9/><F41/><W115/><G131/><T13/><D69/><U15/><E63/><V133/><F133/><W34/><G34/><T129/><D67/><U86/><E0/><V125/><F125/><W38/><G115/><T26/><D129/><U96/><E96/><V59/><F8/><W16/><G16/><N who="0" m="8247" /><D56/><U7/><REACH who="1" step="1"/><E86/><REACH who="1" ten="85,230,380,295" step="2"/><V83/><F95/><W12/><G99/><T20/><D20/><U82/><E82/><AGARI ba="1,1" hai="24,25,26,53,54,77,82,85,87,90,92" m="8247" machi="82" ten="30,3900,0" yaku="8,1,52,1,54,1" doraHai="84" who="0" fromWho="1" sc="85,52,230,-42,380,0,295,0" /><INIT seed="4,0,0,3,4,84" ten="137,188,380,295" oya="0" hai0="93,89,49,73,6,21,68,36,85,86,77,78,31" hai1="108,101,133,11,47,22,57,92,124,69,4,120,27" hai2="123,19,60,134,83,13,12,58,107,98,16,38,64" hai3="126,135,87,128,127,82,115,3,91,45,103,95,67"/><T54/><D36/><U53/><E108/><V76/><F38/><W96/><G3/><T80/><D68/><U28/><E69/><V37/><F37/><W52/><G67/><T114/><D114/><U24/><E133/><V110/><F110/><W118/><G115/><T34/><D77/><U1/><E124/><V35/><F35/><W116/><G135/><T59/><D34/><U48/><E120/><V46/><F134/><W79/><G45/><T41/><D6/><U119/><E119/><N who="3" m="45610" /><G52/><T0/><D0/><U75/><E75/><V100/><F46/><W129/><G79/><T105/><D105/><U32/><E101/><V56/><F56/><W117/><N who="3" m="45618" /><W29/><DORA hai="10" /><G29/><T62/><D73/><U125/><E125/><AGARI ba="0,0" hai="82,87,91,95,96,103,125,126,127,128,129" m="45618" machi="125" ten="50,8000,1" yaku="18,1,34,2,52,1" doraHai="84,10" who="3" fromWho="1" sc="137,0,188,-80,380,0,295,80" /><INIT seed="5,0,0,5,3,51" ten="137,108,380,375" oya="1" hai0="120,64,113,90,41,102,44,1,101,43,74,40,94" hai1="82,130,96,86,32,49,105,131,46,104,10,129,85" hai2="81,34,25,22,133,91,13,20,71,5,21,135,45" hai3="69,14,19,126,47,121,29,4,66,60,52,95,53"/><U92/><E32/><V27/><F71/><W33/><G121/><T107/><D74/><U15/><E92/><V8/><F45/><W50/><G126/><T30/><D1/><U117/><E117/><V28/><F91/><W118/><G118/><T17/><D120/><U115/><E115/><V76/><F76/><W125/><G125/><T62/><D113/><U114/><E114/><V97/><F81/><W63/><G4/><T88/><D30/><U123/><E123/><V84/><F84/><W16/><G95/><T12/><D107/><U128/><N who="1" m="33280" /><DORA hai="65" /><U23/><E23/><V24/><F97/><W38/><G38/><T68/><D44/><U110/><E110/><V80/><F80/><W108/><G108/><T54/><D54/><N who="1" m="30007" /><E96/><V56/><F56/><W3/><G3/><T73/><D73/><U26/><E26/><AGARI ba="0,0" hai="5,8,13,20,21,22,24,25,26,27,28,34,133,135" machi="26" ten="50,6400,0" yaku="34,3" doraHai="51,65" who="2" fromWho="1" sc="137,0,108,-64,380,64,375,0" /><INIT seed="6,0,0,0,1,10" ten="137,44,444,375" oya="2" hai0="70,125,131,111,114,7,53,38,42,87,71,95,98" hai1="52,9,30,16,26,130,48,82,127,40,104,59,123" hai2="78,124,41,73,110,21,112,37,80,3,117,89,12" hai3="50,31,46,135,58,39,63,122,109,15,55,29,91"/><V129/><F3/><W72/><G72/><T34/><D111/><U100/><E130/><V45/><F117/><W132/><G109/><T115/><D34/><U56/><E127/><V79/><F129/><W113/><G122/><T102/><D131/><U22/><E123/><V97/><F124/><W1/><G1/><T76/><D125/><U81/><E40/><V103/><F112/><N who="0" m="43050" /><D7/><U25/><E104/><V35/><F35/><W86/><G113/><T120/><D120/><U128/><E128/><V65/><F65/><W64/><G39/><T4/><D4/><U20/><E100/><V5/><F78/><W92/><REACH who="3" step="1"/><G15/><REACH who="3" ten="137,44,444,365" step="2"/><T75/><D75/><U47/><REACH who="1" step="1"/><E9/><REACH who="1" ten="137,34,444,365" step="2"/><V116/><F110/><W108/><G108/><T57/><D42/><U90/><E90/><V121/><F89/><W24/><G24/><T62/><D38/><U19/><E19/><V60/><F41/><W32/><G32/><T96/><D102/><U23/><E23/><V44/><F21/><W27/><G27/><T36/><D36/><U77/><E77/><V106/><F103/><W33/><G33/><T101/><D76/><U6/><E6/><V18/><F79/><W28/><AGARI ba="0,2" hai="28,29,31,46,50,55,58,63,64,86,91,92,132,135" machi="28" ten="30,2000,0" yaku="1,1,0,1,53,0" doraHai="10" doraHaiUra="66" who="3" fromWho="3" sc="137,-5,34,-5,444,-10,365,40" /><INIT seed="7,0,0,0,4,56" ten="132,29,434,405" oya="3" hai0="29,18,104,54,129,20,92,17,100,93,85,4,109" hai1="75,30,110,62,68,43,37,64,78,6,39,117,91" hai2="23,122,59,131,76,105,97,0,69,101,13,19,66" hai3="24,27,15,124,83,98,61,116,28,119,41,21,32"/><W126/><G83/><T102/><D104/><U42/><E91/><V67/><F0/><W90/><G41/><N who="1" m="15370" /><E30/><V26/><F131/><W45/><G45/><T79/><D4/><U49/><E6/><V115/><F115/><W130/><G90/><T70/><D100/><U1/><E78/><V40/><F122/><W132/><G98/><T135/><D102/><U128/><E75/><V38/><F69/><W108/><G61/><T12/><D29/><U120/><E1/><V87/><F38/><N who="1" m="14345" /><E110/><V8/><F40/><W58/><G58/><T35/><D109/><U107/><E107/><V112/><F59/><W2/><G108/><T103/><D35/><U133/><E133/><V71/><F71/><W14/><G2/><T52/><D18/><U99/><E99/><V121/><F121/><W88/><G88/><T81/><D135/><U33/><E33/><V125/><F125/><N who="3" m="48235" /><G132/><T63/><D103/><U50/><E120/><V11/><F112/><W77/><G77/><T22/><D79/><U84/><E84/><V47/><F47/><W57/><G57/><T72/><D85/><U118/><E128/><V73/><F73/><W3/><G3/><T51/><D72/><U48/><E118/><N who="3" m="45098" /><G130/><T53/><D129/><U106/><E106/><V10/><REACH who="2" step="1"/><F26/><REACH who="2" ten="132,29,424,405" step="2"/><W55/><G55/><T127/><D127/><U5/><E117/><V111/><F111/><W80/><G80/><AGARI ba="0,1" hai="8,10,11,13,19,23,66,67,76,80,87,97,101,105" machi="80" ten="40,1300,0" yaku="1,1,53,0" doraHai="56" doraHaiUra="113" who="2" fromWho="3" sc="132,0,29,0,424,23,405,-13" owari="132,-27.0,29,-47.0,447,55.0,392,19.0" /></mjloggm>