<mjloggm ver="2.3"><GO type="41" lobby="0"/><UN n0="%E2%93%9D%53%75%70%68%78" n1="%E3%83%AA%E3%83%88%E3%83%AB%E8%8B%A5%E6%9E%97" n2="%E6%9C%9D%E3%81%AE%E5%A4%9A%E3%80%85" n3="%79%6F%68%65%69%74" dan="18,13,13,13" rate="2073.20,1878.04,1835.32,1876.13" sx="M,M,M,M"/><TAIKYOKU oya="0"/><INIT seed="0,0,0,0,3,96" ten="250,250,250,250" oya="0" hai0="133,50,61,110,9,132,40,122,106,39,7,85,36" hai1="87,124,134,108,45,98,93,11,97,74,126,3,47" hai2="38,113,81,99,115,135,46,117,54,59,125,83,102" hai3="60,12,105,116,86,91,119,75,84,18,90,56,80"/><T6/><D122/><U27/><E74/><V101/><F38/><W49/><G105/><T111/><D106/><U92/><E27/><V72/><F72/><W95/><G75/><T19/><D19/><U64/><E108/><N who="0" m="41513" /><D85/><U88/><E134/><N who="0" m="51817" /><D61/><U109/><E109/><V127/><F46/><W52/><REACH who="3" step="1"/><G60/><REACH who="3" ten="250,250,250,240" step="2"/><T128/><D128/><U107/><E107/><V55/><F135/><W17/><G17/><T2/><D7/><U79/><E126/><V28/><F28/><W33/><G33/><T32/><D32/><U120/><E124/><N who="2" m="47691" /><F99/><W53/><G53/><N who="2" m="19977" /><F117/><W1/><G1/><T0/><D0/><U100/><E98/><V29/><F29/><W114/><G114/><N who="2" m="43529" /><F59/><W13/><G13/><T10/><D10/><AGARI ba="0,1" hai="10,12,18,49,52,56,80,84,86,90,91,95,116,119" machi="10" ten="30,7700,0" yaku="1,1,7,1,54,1,53,1" doraHai="96" doraHaiUra="44" who="3" fromWho="0" sc="250,-77,250,0,250,0,240,87" /><INIT seed="1,0,0,1,2,37" ten="173,250,250,327" oya="1" hai0="38,109,27,130,40,19,34,50,11,82,22,5,32" hai1="62,63,106,14,86,135,103,107,129,13,104,126,60" hai2="0,122,134,127,66,124,20,12,29,91,23,98,93" hai3="71,81,90,9,89,44,80,28,74,45,73,87,133"/><U30/><E135/><V61/><F122/><W46/><G133/><T4/><D38/><U123/><E123/><V25/><F0/><W1/><G71/><T26/><D82/><U78/><E30/><V7/><F134/><W110/><G110/><T113/><D50/><U64/><E103/><V118/><F118/><W99/><G28/><T59/><D59/><U101/><E101/><V119/><F119/><W17/><G99/><T112/><D40/><U47/><E47/><V88/><F7/><N who="0" m="2634" /><D130/><U16/><E126/><V65/><F12/><W83/><G1/><T117/><D117/><U128/><E64/><N who="2" m="24683" /><F61/><W115/><G115/><N who="0" m="44107" /><D109/><U43/><E43/><V105/><F105/><W108/><G108/><T49/><D49/><U36/><E36/><V70/><F70/><W3/><G3/><T131/><D131/><N who="1" m="50251" /><E13/><V2/><F2/><W51/><G83/><T55/><D55/><U56/><E56/><V114/><F114/><W69/><G51/><T132/><D132/><U116/><E116/><V111/><F111/><W97/><G69/><T21/><D11/><N who="1" m="6239" /><E107/><V75/><F75/><W102/><G74/><T94/><D94/><U52/><E52/><V58/><F58/><W85/><G73/><T77/><D34/><U39/><E39/><V84/><F23/><W48/><G48/><T125/><D32/><U6/><E6/><V8/><F8/><W18/><G9/><T41/><D41/><U15/><E15/><V35/><F35/><W72/><G72/><T95/><D22/><U68/><E68/><V121/><F121/><W42/><G42/><T10/><D10/><RYUUKYOKU ba="0,0" sc="173,-30,250,10,250,10,327,10" hai1="60,62,63,78,86,104,106" hai2="20,25,29,84,88,91,93,98,124,127" hai3="17,18,44,45,46,80,81,85,87,89,90,97,102" /><INIT seed="1,1,0,2,0,18" ten="143,260,260,337" oya="1" hai0="20,36,19,81,130,48,10,33,62,65,96,114,16" hai1="72,40,63,115,38,111,102,103,51,28,135,117,125" hai2="37,97,113,47,6,74,131,98,112,24,134,89,15" hai3="95,69,5,118,73,25,99,79,86,121,41,56,60"/><U8/><E63/><V9/><F74/><W27/><G121/><T1/><D114/><N who="2" m="44138" /><F134/><W54/><G69/><T123/><D36/><U12/><E72/><V71/><F71/><W58/><G73/><T90/><D33/><U26/><E117/><V108/><F108/><W127/><G41/><T29/><D130/><U82/><E38/><V133/><F133/><W77/><G5/><T100/><D48/><U67/><E67/><V42/><F131/><W104/><G127/><T66/><D123/><U2/><E125/><V107/><F107/><W110/><G110/><T35/><D35/><U0/><E135/><V13/><F13/><W75/><G75/><T32/><D32/><U91/><E111/><V50/><F50/><W22/><G104/><T119/><D119/><U93/><E82/><V120/><F120/><W85/><G118/><T45/><D66/><U4/><E0/><V84/><F24/><W21/><G60/><T39/><D1/><U116/><E2/><V106/><F106/><W94/><G54/><T11/><D65/><U129/><E129/><V7/><F7/><W43/><G43/><T78/><D62/><U61/><E61/><V57/><F57/><W53/><G53/><T80/><D39/><U44/><E116/><V3/><F3/><W31/><G99/><T46/><D96/><N who="1" m="57407" /><E115/><V88/><F89/><W76/><G76/><T124/><D90/><U23/><AGARI ba="1,0" hai="4,8,12,23,26,28,40,44,51,102,103" m="57407" machi="23" ten="30,3000,0" yaku="8,1,52,1" doraHai="18" who="1" fromWho="1" sc="143,-11,260,33,260,-11,337,-11" /><INIT seed="1,2,0,2,1,15" ten="132,293,249,326" oya="1" hai0="6,76,30,11,126,65,5,115,29,8,69,68,134" hai1="79,10,73,131,7,45,99,19,53,85,132,23,60" hai2="86,61,110,47,50,44,75,119,96,40,26,113,135" hai3="70,49,34,120,122,48,0,33,51,36,57,77,3"/><U116/><E73/><V80/><F75/><W17/><G77/><T62/><D76/><U94/><E116/><V123/><F119/><W58/><G70/><T74/><D74/><U104/><E104/><V25/><F123/><W97/><G97/><T41/><D41/><U63/><E131/><V90/><F113/><W78/><G51/><T24/><D134/><U52/><E132/><V128/><F135/><W55/><G78/><T92/><D92/><U37/><E37/><V14/><F128/><W59/><G59/><T43/><D43/><U88/><E53/><V125/><F125/><W127/><G36/><T117/><D117/><U101/><E79/><V21/><F47/><W35/><G35/><T83/><D83/><U56/><E63/><V54/><F96/><W28/><G28/><T91/><D115/><U129/><E45/><V102/><F102/><W13/><G13/><T118/><D118/><U2/><E129/><V89/><F90/><W130/><G130/><T82/><D91/><U106/><E10/><V121/><F121/><W72/><G72/><T42/><D42/><U109/><E109/><V46/><F110/><W18/><G55/><T111/><D111/><U1/><REACH who="1" step="1"/><E7/><REACH who="1" ten="132,283,249,326" step="2"/><V71/><F61/><W20/><G127/><T38/><D38/><U105/><E105/><V12/><F44/><W81/><G81/><T133/><D133/><U22/><E22/><AGARI ba="2,1" hai="0,3,17,18,20,22,33,34,48,49,57,58,120,122" machi="22" ten="25,6400,0" yaku="22,2,52,2" doraHai="15" who="3" fromWho="1" sc="132,0,283,-70,249,0,326,80" /><INIT seed="2,0,0,5,2,19" ten="132,213,249,406" oya="2" hai0="87,79,117,49,32,78,66,50,4,40,129,80,69" hai1="93,48,22,107,120,67,123,30,37,96,3,94,46" hai2="109,91,132,114,21,97,6,11,18,130,59,45,100" hai3="101,34,82,95,99,43,31,70,25,14,57,17,104"/><V20/><F114/><W51/><G70/><T5/><D32/><U47/><E3/><V111/><F91/><W83/><G104/><T88/><D129/><U131/><E67/><V65/><F130/><W10/><G43/><T116/><D69/><U42/><E131/><V12/><F45/><W112/><G112/><T62/><D62/><U52/><E107/><V77/><F77/><N who="0" m="29194" /><D66/><U2/><E2/><V13/><F132/><W63/><G51/><N who="0" m="19467" /><D40/><U125/><E125/><V54/><F65/><AGARI ba="0,0" hai="10,14,17,25,31,34,57,63,65,82,83,95,99,101" machi="65" ten="30,1000,0" yaku="7,1" doraHai="19" who="3" fromWho="2" sc="132,0,213,0,249,-10,406,10" /><INIT seed="3,0,0,0,5,2" ten="132,213,239,416" oya="3" hai0="47,12,66,74,131,80,89,92,10,77,16,102,6" hai1="73,56,116,36,110,60,81,40,64,29,125,76,133" hai2="68,61,105,26,70,17,52,71,46,58,108,20,94" hai3="1,121,50,39,45,93,38,48,99,23,100,86,54"/><W22/><G121/><T101/><D131/><U31/><E110/><V90/><F105/><W35/><G35/><T19/><D66/><U62/><E133/><V117/><F108/><W113/><G113/><T30/><D30/><U5/><E125/><V130/><F130/><W42/><G1/><T18/><REACH who="0" step="1"/><D47/><REACH who="0" ten="122,213,239,416" step="2"/><U59/><E31/><V9/><F46/><W127/><G127/><T0/><D0/><U55/><E29/><V84/><REACH who="2" step="1"/><F9/><REACH who="2" ten="122,213,229,416" step="2"/><W96/><G45/><T78/><D78/><U28/><E116/><AGARI ba="0,2" hai="17,20,26,52,58,61,68,70,71,84,90,94,116,117" machi="116" ten="40,5200,0" yaku="1,1,2,1,54,1,53,0" doraHai="2" doraHaiUra="24" who="2" fromWho="1" sc="122,0,213,-52,229,72,416,0" /><INIT seed="4,0,0,4,0,106" ten="122,161,301,416" oya="0" hai0="95,117,119,98,90,3,29,55,112,127,76,64,96" hai1="14,126,116,45,46,114,28,101,10,68,34,120,123" hai2="59,36,60,7,47,100,122,71,82,0,4,128,35" hai3="12,52,77,18,17,24,48,93,79,41,23,105,44"/><T85/><D3/><U69/><E116/><V66/><F122/><W39/><G105/><T49/><D112/><U33/><E126/><V84/><F35/><W83/><G93/><T26/><D127/><U135/><E28/><V15/><F15/><W109/><G109/><T58/><D64/><U56/><E56/><V91/><F0/><W78/><G83/><T57/><D57/><U16/><E135/><V40/><F128/><W21/><G78/><T67/><D67/><U111/><E14/><V37/><F37/><W129/><REACH who="3" step="1"/><G129/><REACH who="3" ten="122,161,301,406" step="2"/><T53/><D76/><U107/><E107/><V19/><F100/><W108/><G108/><T9/><D119/><U121/><E111/><V1/><F1/><W42/><G42/><T62/><D117/><U130/><E130/><V134/><F134/><W89/><G89/><T87/><D98/><U25/><E121/><V31/><F31/><W54/><G54/><T20/><D9/><U125/><E101/><V73/><F19/><W131/><G131/><T75/><D75/><U11/><E125/><V51/><F73/><W22/><G22/><T27/><REACH who="0" step="1"/><D27/><REACH who="0" ten="112,161,301,406" step="2"/><U115/><E25/><V118/><F118/><W61/><G61/><T92/><D92/><U97/><E97/><V72/><F72/><W86/><G86/><T50/><D50/><U110/><E110/><V6/><F6/><W104/><G104/><T43/><D43/><U32/><E120/><V124/><F124/><W88/><G88/><T81/><D81/><U132/><E123/><V113/><F113/><W133/><G133/><T2/><D2/><U102/><E115/><RYUUKYOKU ba="0,2" sc="112,10,161,-30,301,10,406,10" hai0="20,26,29,49,53,55,58,62,85,87,90,95,96" hai2="4,7,36,40,47,51,59,60,66,71,82,84,91" hai3="12,17,18,21,23,24,39,41,44,48,52,77,79" /><INIT seed="4,1,2,2,2,93" ten="122,131,311,416" oya="0" hai0="9,116,117,20,27,135,32,81,84,21,52,60,43" hai1="125,74,48,82,14,128,63,65,110,130,121,103,18" hai2="102,35,98,57,34,129,75,92,109,114,77,96,42" hai3="78,91,62,1,113,79,39,50,28,7,44,70,64"/><T47/><D135/><U58/><E121/><V53/><F109/><W133/><G133/><T10/><D32/><U104/><E110/><V16/><F42/><W124/><G28/><T15/><D117/><U11/><E125/><V30/><F30/><W12/><G1/><T97/><D116/><U17/><E74/><V37/><F37/><W69/><G124/><T66/><D97/><U45/><E82/><V51/><F75/><W31/><G31/><N who="0" m="17895" /><D66/><U134/><E134/><V8/><F77/><W106/><G106/><T33/><D33/><U115/><E115/><V41/><F41/><W111/><G39/><T54/><D60/><U118/><E118/><V101/><F129/><N who="1" m="49769" /><E103/><V76/><F76/><W23/><G113/><T127/><D21/><U83/><E104/><V38/><F38/><W99/><G23/><T24/><D24/><U2/><E2/><V90/><F90/><W40/><G111/><T86/><D127/><U29/><E29/><V123/><F123/><W132/><G132/><T61/><D61/><U4/><E83/><V105/><F114/><W122/><G122/><T55/><D81/><U56/><E58/><V67/><F67/><W36/><G36/><T119/><D119/><U112/><E112/><V5/><F5/><W19/><G7/><N who="0" m="3519" /><D10/><U89/><E89/><V95/><F105/><W73/><G64/><T87/><D43/><AGARI ba="1,2" hai="4,11,14,17,18,43,45,48,56,63,65" m="49769" machi="43" ten="30,1000,0" yaku="19,1" doraHai="93" who="1" fromWho="0" sc="122,-13,131,33,311,0,416,0" /><INIT seed="5,0,0,4,2,119" ten="109,164,311,416" oya="1" hai0="49,120,44,125,63,32,38,123,72,111,80,117,51" hai1="22,108,66,100,91,60,84,82,122,16,69,29,95" hai2="59,23,48,10,31,15,94,115,34,71,121,102,18" hai3="46,14,118,67,17,36,68,83,45,93,75,105,6"/><U96/><E108/><V130/><F71/><W133/><G105/><T58/><D32/><U47/><E47/><V86/><F34/><W81/><G6/><T131/><D117/><U127/><E127/><V26/><F130/><W113/><G118/><T7/><D7/><U78/><E29/><V126/><F102/><W54/><G113/><T4/><D4/><U97/><E122/><N who="0" m="46633" /><D131/><U27/><REACH who="1" step="1"/><E100/><REACH who="1" ten="109,154,311,416" step="2"/><V9/><F121/><W85/><G46/><T1/><D125/><U53/><E53/><N who="2" m="32167" /><F126/><W64/><G45/><T40/><D111/><U30/><E30/><V104/><F115/><W43/><G54/><N who="0" m="34263" /><D1/><U56/><E56/><V61/><F104/><W12/><G68/><T74/><D80/><U99/><AGARI ba="0,1" hai="16,22,27,60,66,69,78,82,84,91,95,96,97,99" machi="99" ten="20,7800,0" yaku="1,1,0,1,7,1,54,1,53,0" doraHai="119" doraHaiUra="70" who="1" fromWho="1" sc="109,-26,154,88,311,-26,416,-26" /><INIT seed="5,1,0,5,4,61" ten="83,242,285,390" oya="1" hai0="3,60,115,20,131,117,16,130,113,58,90,42,77" hai1="88,26,107,83,7,126,96,45,116,71,102,29,106" hai2="68,128,75,54,23,103,72,40,95,18,50,121,91" hai3="1,22,123,124,110,100,52,132,73,104,33,133,31"/><U74/><E126/><V105/><F121/><W111/><G123/><T21/><D77/><U35/><E7/><V80/><F68/><W44/><G1/><T118/><D90/><U89/><E107/><V85/><F128/><N who="0" m="49194" /><D42/><U134/><E134/><N who="3" m="51818" /><G33/><T0/><D58/><U93/><E116/><N who="0" m="44649" /><D60/><U70/><E89/><V38/><F38/><W112/><G73/><T17/><D21/><U27/><E27/><V81/><F40/><W87/><G87/><T12/><D17/><U108/><E108/><V56/><F75/><W64/><G100/><T53/><D53/><U2/><E45/><V119/><F72/><W125/><G104/><T67/><D67/><U15/><E71/><V36/><F36/><W99/><G99/><T135/><D135/><U51/><E70/><V129/><F119/><W28/><G64/><T62/><D62/><U47/><E74/><V59/><F59/><W120/><G52/><T11/><D20/><U69/><E69/><V30/><F30/><N who="3" m="11307" /><G44/><T10/><D3/><U6/><E2/><V19/><F19/><W24/><G120/><T114/><D0/><U41/><E106/><V13/><F129/><W109/><G112/><N who="0" m="28675" /><T5/><DORA hai="34" /><D11/><N who="1" m="4599" /><E102/><V94/><F105/><W82/><G82/><T76/><D76/><U9/><E83/><V79/><F79/><W57/><G57/><T127/><D5/><U4/><E4/><V86/><F103/><W37/><G37/><T8/><D8/><U122/><E9/><V14/><F14/><W25/><G22/><T84/><D84/><U43/><E41/><V97/><F97/><W39/><G39/><RYUUKYOKU ba="1,0" sc="83,0,242,0,285,0,390,0" hai0="10,12,16,127" hai1="26,29,35,43,47,51,88,93,96,122" hai2="13,18,23,50,54,56,80,81,85,86,91,94,95" hai3="24,25,109,110,111,124,125" /><INIT seed="5,2,0,3,2,69" ten="83,242,285,390" oya="1" hai0="13,15,124,62,101,98,110,8,34,44,129,9,57" hai1="23,96,46,72,14,27,49,92,58,112,131,2,93" hai2="125,71,45,80,29,104,77,53,68,47,12,1,84" hai3="4,33,89,95,99,78,116,21,118,126,7,40,63"/><U97/><E72/><V114/><F1/><W39/><G33/><T30/><D129/><U134/><E2/><V19/><F104/><W94/><G78/><T86/><D124/><U108/><E112/><V38/><F29/><W37/><G40/><T11/><D110/><U119/><E119/><N who="3" m="45610" /><G126/><T5/><D34/><U50/><E134/><V83/><F125/><W3/><G63/><T75/><D75/><U48/><E14/><V10/><F114/><W65/><G65/><T26/><D86/><U54/><E131/><V22/><F47/><W24/><G3/><T35/><D44/><U51/><E108/><V132/><F132/><W85/><G7/><T102/><D98/><N who="1" m="37995" /><E46/><V67/><F67/><W127/><G4/><T17/><REACH who="0" step="1"/><D11/><REACH who="0" ten="73,242,285,390" step="2"/><U55/><E54/><AGARI ba="2,1" hai="5,8,9,13,15,17,26,30,35,54,57,62,101,102" machi="54" ten="30,3900,0" yaku="1,1,2,1,7,1,53,0" doraHai="69" doraHaiUra="135" who="0" fromWho="1" sc="73,55,242,-45,285,0,390,0" /><INIT seed="6,0,0,0,0,14" ten="128,197,285,390" oya="2" hai0="101,129,103,75,98,2,40,76,47,21,71,44,121" hai1="1,73,22,65,74,60,3,35,28,114,49,85,99" hai2="17,124,38,26,72,56,132,30,13,105,125,32,91" hai3="5,123,27,10,100,84,134,81,50,33,53,95,16"/><V96/><F38/><W77/><G123/><T69/><D121/><U108/><E35/><V0/><F72/><W51/><G134/><T118/><D129/><U55/><E108/><V78/><F132/><W54/><G33/><T57/><D2/><U102/><E74/><V62/><F78/><W70/><G70/><T113/><D113/><U115/><E85/><V119/><F0/><W130/><G130/><T90/><D57/><U89/><E89/><V34/><F119/><W15/><G100/><T20/><D75/><U9/><E9/><N who="2" m="6319" /><F91/><W12/><G27/><T42/><D90/><U126/><E73/><V43/><F43/><W131/><G95/><T93/><D93/><U45/><E3/><V112/><F112/><W24/><G24/><T61/><D76/><U68/><E1/><V127/><F96/><W11/><G131/><T23/><D98/><U109/><E109/><V133/><F105/><W107/><G107/><T63/><REACH who="0" step="1"/><D23/><REACH who="0" ten="118,197,285,390" step="2"/><U86/><E115/><V19/><F133/><W6/><G6/><T29/><D29/><U7/><E114/><V39/><F30/><W83/><G83/><T128/><D128/><U82/><E28/><V37/><F34/><W8/><G8/><T97/><D97/><U117/><E22/><N who="2" m="13663" /><F32/><W58/><G58/><T67/><D67/><AGARI ba="0,1" hai="37,39,56,62,67,124,125,127" m="13663,6319" machi="67" ten="30,5800,0" yaku="18,1,52,2" doraHai="14" who="2" fromWho="0" sc="118,-58,197,0,285,68,390,0" /><INIT seed="6,1,0,5,5,34" ten="60,197,353,390" oya="2" hai0="133,103,81,74,12,17,66,98,1,118,72,50,73" hai1="13,108,14,90,22,88,63,124,51,93,55,128,75" hai2="53,119,96,123,97,47,49,82,106,113,44,85,11" hai3="83,3,68,23,95,4,48,59,24,45,78,109,87"/><V19/><F113/><W25/><G109/><T84/><D66/><U110/><E75/><V91/><F123/><W86/><G68/><T28/><D28/><U69/><E128/><V42/><F106/><W132/><G132/><T129/><D129/><U30/><E124/><V60/><F119/><W99/><G59/><T92/><D133/><U39/><E39/><V120/><F120/><W102/><G86/><T107/><D50/><U40/><E40/><V35/><F35/><W126/><G126/><T46/><D46/><U65/><E90/><V70/><F70/><W38/><G38/><T2/><D118/><U121/><E121/><V31/><F31/><W64/><G64/><T61/><D61/><U56/><E13/><N who="2" m="7615" /><F60/><W9/><REACH who="3" step="1"/><G23/><REACH who="3" ten="60,197,353,380" step="2"/><T76/><REACH who="0" step="1"/><D107/><REACH who="0" ten="50,197,353,380" step="2"/><U18/><REACH who="1" step="1"/><E30/><REACH who="1" ten="50,187,353,380" step="2"/><V43/><F43/><AGARI ba="1,3" hai="3,4,9,24,25,43,45,48,78,83,87,95,99,102" machi="43" ten="30,7700,0" yaku="1,1,2,1,7,1,52,1,53,0" doraHai="34" doraHaiUra="111" who="3" fromWho="2" sc="50,0,187,0,353,-80,380,110" /><INIT seed="7,0,0,5,2,17" ten="50,187,273,490" oya="3" hai0="8,3,129,30,101,51,76,63,33,36,134,9,130" hai1="109,83,98,38,100,77,125,124,26,115,90,15,102" hai2="19,47,120,108,71,29,13,18,22,57,50,88,11" hai3="135,103,35,10,66,119,131,21,114,99,104,44,7"/><W78/><G119/><T95/><D36/><U74/><E38/><V107/><F71/><W126/><G35/><T62/><D76/><U82/><E26/><N who="2" m="16599" /><F107/><W53/><G66/><T25/><D51/><U116/><E15/><V70/><F108/><W118/><G118/><T127/><D95/><U64/><E64/><V27/><F70/><W67/><G67/><T86/><D86/><U5/><E5/><V113/><F57/><W84/><G114/><T59/><D101/><U46/><E46/><V110/><F113/><W49/><G126/><N who="1" m="48746" /><E109/><V1/><F1/><W106/><G106/><T65/><D127/><U69/><E69/><V12/><F27/><W52/><G84/><T123/><D123/><U0/><E0/><V16/><F110/><W128/><G78/><T56/><D3/><U4/><E116/><V54/><F120/><W28/><G104/><T94/><D65/><U91/><E115/><V61/><F61/><W105/><G105/><T122/><D122/><U73/><E4/><N who="2" m="3175" /><F88/><N who="1" m="33833" /><E98/><V96/><F96/><W117/><G99/><T32/><D25/><U132/><E77/><V58/><F47/><W41/><G44/><T92/><REACH who="0" step="1"/><D30/><REACH who="0" ten="40,187,273,490" step="2"/><U75/><E132/><AGARI ba="0,1" hai="8,9,32,33,56,59,62,63,92,94,129,130,132,134" machi="132" ten="25,6400,0" yaku="1,1,2,1,22,2,53,0" doraHai="17" doraHaiUra="81" who="0" fromWho="1" sc="40,74,187,-64,273,0,490,0" owari="114,-39.0,123,-28.0,273,7.0,490,60.0" /></mjloggm>