<mjloggm ver="2.3"><GO type="41" lobby="0"/><UN n0="%E2%93%9D%53%75%70%68%78" n1="%74%61%6B%75%63%61%6E" n2="%E3%83%84%E3%82%AD%E3%83%8E%E3%81%A1%E3%82%83%E3%82%93" n3="%E5%A4%A9%E4%B8%8B%E7%84%A1%E5%8F%8C" dan="18,14,13,15" rate="2103.54,1830.95,1919.81,1954.25" sx="M,M,M,M"/><TAIKYOKU oya="0"/><INIT seed="0,0,0,2,0,110" ten="250,250,250,250" oya="0" hai0="11,22,78,70,36,54,27,96,59,82,103,63,32" hai1="132,29,129,131,61,72,6,57,16,1,58,108,89" hai2="88,86,100,47,45,92,94,98,52,130,31,0,113" hai3="116,133,43,40,81,48,68,71,109,26,64,90,56"/><T55/><D36/><U76/><E29/><V8/><F130/><W4/><G116/><T37/><D37/><U87/><E108/><V3/><F47/><W99/><G109/><T124/><D124/><U126/><E126/><V13/><F113/><W35/><G133/><T134/><D70/><U25/><E132/><V127/><F127/><W62/><G4/><T91/><D32/><U93/><E72/><V12/><F31/><W112/><G112/><T101/><D11/><U18/><E76/><V97/><F97/><W74/><G26/><T67/><D91/><U120/><E120/><V50/><REACH who="2" step="1"/><F13/><REACH who="2" ten="250,250,240,250" step="2"/><W34/><G99/><T84/><D134/><U114/><E114/><V28/><F28/><W111/><G111/><T65/><D103/><U77/><E129/><V42/><F42/><W19/><G43/><T118/><D118/><U2/><E131/><V10/><F10/><W79/><G40/><T128/><D128/><U73/><E73/><V60/><F60/><W41/><G62/><T33/><D33/><U53/><E25/><V49/><F49/><W44/><G48/><T125/><D125/><U85/><E2/><V102/><F102/><W38/><G44/><T46/><D46/><U106/><E58/><V122/><F122/><W117/><G56/><T7/><D27/><U15/><E1/><V20/><F20/><W51/><G41/><T9/><D22/><U23/><E23/><V135/><F135/><W119/><G51/><T14/><REACH who="0" step="1"/><D55/><REACH who="0" ten="240,250,240,250" step="2"/><U21/><E21/><V66/><F66/><W75/><G117/><T17/><D17/><AGARI ba="0,2" hai="0,3,8,12,17,45,50,52,86,88,92,94,98,100" machi="17" ten="30,8000,1" yaku="1,1,7,1,54,2,53,1" doraHai="110" doraHaiUra="95" who="2" fromWho="0" sc="240,-80,250,0,240,100,250,0" /><INIT seed="1,0,0,3,3,28" ten="160,250,340,250" oya="1" hai0="8,129,87,32,48,49,83,9,18,7,35,19,114" hai1="78,5,135,128,111,65,43,37,12,10,99,21,62" hai2="30,63,85,4,90,33,97,131,59,46,98,25,57" hai3="101,74,108,117,41,72,38,31,50,15,75,55,120"/><U36/><E135/><V94/><F131/><W2/><G2/><T119/><D114/><U93/><E128/><V17/><F59/><W109/><G120/><T84/><D129/><U115/><E115/><V22/><F46/><W6/><G117/><T96/><D96/><U100/><E43/><V1/><F1/><W23/><G101/><T86/><D83/><U76/><E111/><V53/><REACH who="2" step="1"/><F4/><REACH who="2" ten="160,250,330,250" step="2"/><W134/><G6/><T24/><D7/><U107/><E37/><V58/><F58/><W20/><G38/><T132/><D132/><U124/><E36/><V118/><F118/><W102/><G134/><T69/><D119/><U71/><E124/><V39/><F39/><W26/><G109/><T126/><D126/><U91/><REACH who="1" step="1"/><E21/><REACH who="1" ten="160,240,330,250" step="2"/><V92/><F92/><W79/><G23/><T47/><D9/><U40/><E40/><V27/><AGARI ba="0,2" hai="17,22,25,27,30,33,53,57,63,85,90,94,97,98" machi="27" ten="20,5200,0" yaku="1,1,0,1,7,1,52,1,53,0" doraHai="28" doraHaiUra="122" who="2" fromWho="2" sc="160,-13,240,-26,330,72,250,-13" /><INIT seed="2,0,0,3,5,30" ten="147,214,402,237" oya="2" hai0="64,113,102,93,79,0,23,43,45,132,52,56,59" hai1="15,90,42,114,22,28,17,123,127,133,105,8,89" hai2="24,100,116,48,110,104,112,80,119,85,16,19,12" hai3="74,88,11,10,61,99,26,124,103,62,25,122,117"/><V75/><F75/><W131/><G117/><T77/><D0/><U71/><E71/><V97/><F112/><W107/><G122/><T37/><D113/><U27/><E123/><V38/><F38/><W86/><G131/><T33/><D132/><U84/><E105/><V94/><F110/><W13/><G124/><T34/><D59/><U126/><E114/><V78/><F104/><W92/><G74/><T96/><D64/><U129/><E42/><V51/><F119/><W9/><REACH who="3" step="1"/><G13/><REACH who="3" ten="147,214,402,227" step="2"/><T60/><REACH who="0" step="1"/><D23/><REACH who="0" ten="137,214,402,227" step="2"/><U87/><E129/><V108/><F116/><W32/><G32/><AGARI ba="0,2" hai="32,33,34,37,43,45,52,56,60,77,79,93,96,102" machi="32" ten="40,12000,2" yaku="1,1,2,1,52,3,54,1,53,1" doraHai="30" doraHaiUra="95" who="0" fromWho="3" sc="137,140,214,0,402,0,227,-120" /><INIT seed="3,0,0,3,3,15" ten="277,214,402,107" oya="3" hai0="83,111,3,106,59,105,104,47,112,82,117,14,114" hai1="81,77,128,85,120,72,63,27,97,12,115,102,29" hai2="68,36,17,49,84,37,129,93,113,69,21,51,80" hai3="28,89,110,103,92,26,58,96,18,134,24,43,33"/><W54/><G134/><T23/><D3/><U108/><E120/><V65/><F113/><N who="0" m="43626" /><D59/><U122/><E122/><V4/><F129/><W64/><G110/><T123/><D123/><U73/><E115/><V60/><F93/><W79/><G79/><T50/><D117/><U100/><E100/><V87/><F68/><W48/><G43/><N who="0" m="24959" /><D111/><U76/><E128/><V126/><F4/><W66/><REACH who="3" step="1"/><G103/><REACH who="3" ten="277,214,402,97" step="2"/><T94/><D106/><U99/><E77/><V124/><F126/><W35/><G35/><T46/><D105/><U98/><E108/><V0/><F124/><W133/><G133/><T101/><D104/><U75/><E102/><V7/><F80/><W52/><G52/><T1/><D83/><U2/><E76/><V6/><F87/><W34/><G34/><T90/><D82/><U31/><E81/><V22/><F84/><W55/><G55/><T25/><D101/><U86/><E85/><V121/><F121/><W107/><G107/><T44/><D90/><U32/><E86/><V132/><F132/><W62/><G62/><T57/><D94/><U5/><E75/><V40/><F60/><W95/><G95/><T41/><D41/><U11/><E73/><V118/><F40/><W125/><G125/><T131/><D131/><U20/><E72/><V74/><F74/><W56/><G56/><T8/><D57/><U19/><E63/><V9/><F118/><W13/><G13/><T39/><D14/><U30/><AGARI ba="0,1" hai="2,5,11,12,19,20,27,29,30,31,32,97,98,99" machi="30" ten="30,7900,0" yaku="0,1,24,2,52,1" doraHai="15" who="1" fromWho="1" sc="277,-20,214,89,402,-20,97,-39" /><INIT seed="4,0,0,0,3,30" ten="257,303,382,58" oya="0" hai0="21,15,59,91,121,11,23,85,56,88,8,79,10" hai1="113,9,52,69,33,45,92,48,99,84,83,76,5" hai2="46,34,87,7,133,3,123,90,70,101,54,28,31" hai3="125,65,41,94,67,100,106,53,111,74,68,78,98"/><T119/><D119/><U36/><E69/><V1/><F123/><W81/><G111/><T105/><D105/><U50/><E113/><V40/><F70/><W126/><G41/><T122/><D79/><U75/><E36/><V55/><F133/><W130/><G130/><T66/><D15/><U97/><E75/><V115/><F31/><W19/><G53/><T102/><D102/><U49/><E99/><V60/><F115/><W103/><G19/><T72/><D72/><U71/><E71/><V51/><F101/><W93/><G67/><T62/><D59/><U13/><E33/><V29/><F29/><W104/><G65/><T73/><D73/><U109/><E109/><V95/><F3/><W0/><G0/><T57/><D57/><U32/><E32/><V43/><F60/><W89/><G68/><T12/><D91/><AGARI ba="0,0" hai="5,9,13,45,48,49,50,52,76,83,84,91,92,97" machi="91" ten="30,3900,0" yaku="7,1,8,1,54,1" doraHai="30" who="1" fromWho="0" sc="257,-39,303,39,382,0,58,0" /><INIT seed="5,0,0,3,2,134" ten="218,342,382,58" oya="1" hai0="84,104,57,117,41,24,135,62,82,111,70,60,52" hai1="32,59,58,75,31,92,118,101,91,48,4,5,133" hai2="103,44,71,114,30,122,13,110,108,125,127,131,113" hai3="98,2,1,20,56,36,121,115,109,40,0,76,43"/><U51/><E118/><V100/><F71/><W39/><G109/><N who="2" m="42089" /><F44/><W72/><G121/><T18/><D104/><U126/><E133/><V90/><F30/><W132/><G132/><T116/><D111/><U102/><E32/><V97/><F122/><W17/><G115/><N who="2" m="44041" /><F131/><W37/><G56/><T54/><D41/><U87/><E31/><V99/><F13/><W88/><G76/><T128/><D128/><U74/><E92/><N who="2" m="58471" /><F90/><W15/><REACH who="3" step="1"/><G72/><REACH who="3" ten="218,342,382,48" step="2"/><T50/><D135/><U78/><E75/><V9/><F9/><W12/><G12/><T80/><D117/><U79/><E74/><V93/><AGARI ba="0,1" hai="93,97,103,125,127" m="58471,44041,42089" machi="93" ten="40,12000,2" yaku="15,1,11,1,34,2,52,2" doraHai="134" who="2" fromWho="2" sc="218,-30,342,-60,382,130,48,-30" /><INIT seed="6,0,0,4,5,48" ten="188,282,512,18" oya="2" hai0="27,56,92,17,68,74,88,63,75,26,30,125,115" hai1="46,73,50,132,85,89,78,111,6,121,25,67,19" hai2="95,133,127,105,86,32,24,3,60,112,54,13,16" hai3="42,33,0,118,128,15,31,109,53,5,122,2,126"/><V37/><F133/><W11/><G118/><T66/><D115/><U14/><E121/><V10/><F3/><W84/><G122/><T94/><D125/><U106/><E106/><V116/><F112/><W108/><G126/><T20/><D94/><U119/><E119/><V1/><F127/><W131/><G42/><T113/><D113/><U124/><E124/><V43/><F116/><W129/><G84/><T70/><D70/><U103/><E103/><V117/><F105/><W76/><G76/><T65/><D68/><U41/><E67/><V90/><F117/><W82/><G82/><T79/><D66/><U130/><E111/><V34/><F1/><W55/><G0/><T49/><D49/><U57/><E6/><V100/><F24/><N who="3" m="18663" /><G2/><T62/><D62/><U104/><E104/><V12/><F12/><W47/><G47/><T91/><D79/><U123/><E123/><V51/><F60/><W69/><G69/><T107/><D107/><U64/><E78/><V135/><F135/><W39/><G39/><T134/><D134/><U71/><E71/><V81/><F81/><W21/><G21/><T40/><D40/><U61/><E73/><V44/><F100/><W29/><G29/><T110/><D110/><AGARI ba="0,0" hai="5,11,15,53,55,108,109,110,128,129,131" m="18663" machi="110" ten="40,5200,0" yaku="19,1,52,2" doraHai="48" who="3" fromWho="0" sc="188,-52,282,0,512,0,18,52" /><INIT seed="7,0,0,2,2,107" ten="136,282,512,70" oya="3" hai0="1,61,82,56,45,3,109,20,91,117,67,135,26" hai1="2,89,127,63,96,36,59,97,62,111,122,85,4" hai2="0,17,14,120,39,130,31,9,119,134,19,86,80" hai3="124,44,22,40,104,8,21,52,48,49,42,76,35"/><W103/><G35/><T7/><D109/><U53/><E36/><V51/><F39/><W68/><G124/><T128/><D117/><U55/><E122/><V30/><F0/><W50/><G68/><T90/><D128/><U34/><E34/><V72/><F130/><W13/><G76/><T41/><D135/><U75/><E75/><V65/><F72/><W43/><G103/><T84/><D7/><U6/><E111/><V108/><F119/><W131/><G104/><T100/><D100/><U15/><E2/><V46/><F108/><W18/><REACH who="3" step="1"/><G131/><REACH who="3" ten="136,282,512,60" step="2"/><T11/><D91/><U28/><E127/><V73/><F120/><W121/><G121/><T32/><D32/><U114/><E114/><V66/><F134/><W10/><G10/><T37/><D11/><U74/><E74/><V29/><F73/><W98/><G98/><T92/><D92/><U27/><E96/><V79/><F19/><AGARI ba="0,1" hai="1,3,19,20,26,37,41,45,56,61,67,82,84,90" machi="19" ten="30,1000,0" yaku="7,1" doraHai="107" who="0" fromWho="2" sc="136,20,282,0,512,-10,60,0" owari="156,-24.0,282,8.0,502,60.0,60,-44.0" /></mjloggm>