<mjloggm ver="2.3"><GO type="41" lobby="0"/><UN n0="%E3%83%A1%E3%82%AC%E3%83%95%E3%83%BC%E3%83%87%E3%82%A3%E3%83%B3" n1="%E2%93%9D%53%75%70%68%78" n2="%E3%82%AD%E3%83%AA%E3%83%B3%E3%83%AA%E3%82%AD%E5%BF%AB" n3="%6D%61%73%61%74%6F%6E" dan="14,18,15,13" rate="2045.49,2075.16,2065.78,1875.01" sx="F,M,M,M"/><TAIKYOKU oya="0"/><INIT seed="0,0,0,0,3,69" ten="250,250,250,250" oya="0" hai0="21,12,32,27,96,89,34,91,28,112,16,108,74" hai1="77,109,103,88,106,127,20,33,45,39,101,78,102" hai2="100,15,55,47,46,40,61,125,62,87,57,119,128" hai3="44,124,35,0,126,105,25,2,59,13,113,63,76"/><T60/><D112/><U30/><E33/><V116/><F100/><W129/><G76/><T65/><D74/><U31/><E106/><V80/><F128/><W67/><G105/><T135/><D135/><U122/><E109/><V53/><F125/><N who="3" m="48235" /><G129/><T43/><D108/><U54/><E122/><V110/><F110/><W118/><G118/><T75/><D75/><U10/><E10/><V36/><F15/><W114/><G13/><T95/><D43/><U98/><E127/><V66/><F87/><W83/><G83/><T6/><D6/><U97/><E20/><V1/><F80/><W52/><G25/><T134/><D134/><U104/><E104/><V49/><F1/><N who="3" m="619" /><G35/><T5/><D5/><U92/><E98/><V107/><F107/><W42/><G67/><T84/><D32/><U121/><E121/><V81/><F81/><W29/><G29/><T14/><D14/><U117/><E117/><V85/><F85/><W130/><G130/><T18/><D18/><U120/><E120/><V11/><F11/><W50/><AGARI ba="0,0" hai="42,44,50,52,59,63,113,114" m="619,48235" machi="50" ten="30,2000,0" yaku="18,1,54,1" doraHai="69" who="3" fromWho="3" sc="250,-10,250,-5,250,-5,250,20" /><INIT seed="1,0,0,0,4,58" ten="240,245,245,270" oya="1" hai0="56,36,95,120,91,49,21,9,52,1,60,81,46" hai1="79,72,33,67,42,83,7,26,68,134,132,119,62" hai2="128,23,32,34,131,27,92,48,41,109,25,65,4" hai3="103,98,126,112,14,17,94,121,55,8,118,37,123"/><U125/><E119/><V90/><F109/><W22/><G37/><T97/><D120/><U114/><E114/><V124/><F124/><W13/><G126/><T12/><D36/><U51/><E125/><V61/><F4/><W69/><G69/><T18/><D81/><U31/><REACH who="1" step="1"/><E7/><REACH who="1" ten="240,235,245,270" step="2"/><V135/><F131/><W111/><G112/><T57/><D1/><U44/><AGARI ba="0,1" hai="26,31,33,42,44,51,62,67,68,72,79,83,132,134" machi="44" ten="30,11700,0" yaku="1,1,2,1,0,1,52,1,53,0" doraHai="58" doraHaiUra="100" who="1" fromWho="1" sc="240,-39,235,127,245,-39,270,-39" /><INIT seed="1,1,0,5,1,100" ten="201,362,206,231" oya="1" hai0="14,49,65,61,103,118,126,70,20,106,81,48,68" hai1="57,7,16,13,39,23,69,133,97,110,90,113,36" hai2="91,109,63,33,128,11,122,15,119,42,79,64,46" hai3="121,56,124,51,89,34,21,74,40,1,31,78,2"/><U116/><E113/><V85/><F119/><W105/><G56/><T80/><D118/><U5/><E116/><V29/><F122/><W67/><G21/><T12/><D126/><U127/><E69/><V115/><F115/><W18/><G18/><T114/><D114/><U50/><E133/><V93/><F109/><W108/><G89/><T30/><D70/><U99/><E110/><V53/><F128/><W55/><G55/><T4/><D20/><U83/><E39/><V9/><F79/><W38/><G51/><T10/><D30/><U131/><E36/><V84/><F53/><W25/><G67/><T72/><D12/><U94/><E127/><V101/><F101/><W3/><G108/><T22/><D22/><U27/><E131/><V87/><F29/><W6/><G124/><T35/><D35/><U73/><E99/><V95/><F33/><W8/><G121/><T76/><REACH who="0" step="1"/><D81/><REACH who="0" ten="191,362,206,231" step="2"/><U134/><E13/><V132/><F15/><W32/><G32/><T88/><D88/><U130/><E130/><V24/><F24/><W54/><G54/><T102/><D102/><U43/><E27/><V58/><F132/><W75/><G105/><T129/><D129/><U71/><E134/><V19/><F19/><W107/><G107/><T125/><D125/><U120/><E16/><V104/><F104/><W82/><REACH who="3" step="1"/><G74/><REACH who="3" ten="191,362,206,221" step="2"/><T28/><D28/><U98/><E73/><V135/><F135/><W45/><AGARI ba="1,2" hai="1,2,3,6,8,25,31,34,38,40,45,75,78,82" machi="45" ten="30,16000,3" yaku="1,1,2,1,0,1,25,2,33,3,53,0" doraHai="100" doraHaiUra="86" who="3" fromWho="3" sc="191,-41,362,-81,206,-41,221,183" /><INIT seed="2,0,0,3,3,17" ten="150,281,165,404" oya="2" hai0="57,4,43,121,90,76,86,96,47,7,108,111,133" hai1="11,21,95,97,51,134,87,93,120,117,92,56,29" hai2="20,8,16,37,30,22,126,66,33,104,75,58,15" hai3="54,129,71,72,110,132,79,112,73,70,41,99,53"/><V52/><F126/><W65/><G110/><N who="0" m="42027" /><D121/><U128/><E128/><V84/><F75/><W94/><G132/><T68/><D68/><U59/><E117/><V114/><F114/><W67/><G129/><T18/><D133/><U44/><E11/><V35/><F104/><W46/><G112/><T98/><D57/><N who="1" m="22091" /><E120/><V48/><F37/><W23/><G79/><T34/><D34/><U27/><E87/><V122/><F122/><W127/><G127/><T106/><D76/><U74/><E74/><V101/><F101/><W80/><G80/><N who="0" m="49479" /><D18/><U9/><E9/><V63/><F84/><W81/><G81/><T91/><D91/><N who="1" m="55455" /><E134/><V0/><F0/><W82/><G82/><T36/><D106/><U85/><E85/><V124/><F124/><W28/><G70/><T12/><D12/><U115/><E115/><V69/><REACH who="2" step="1"/><F35/><REACH who="2" ten="150,281,155,404" step="2"/><W5/><G73/><T38/><D38/><U109/><E109/><V62/><F62/><W14/><G72/><T89/><D98/><U39/><E39/><V25/><AGARI ba="0,1" hai="8,15,16,20,22,25,30,33,48,52,58,63,66,69" machi="25" ten="30,18000,2" yaku="1,1,0,1,52,2,54,2,53,0" doraHai="17" doraHaiUra="123" who="2" fromWho="2" sc="150,-60,281,-60,155,190,404,-60" /><INIT seed="2,1,0,0,3,112" ten="90,221,345,344" oya="2" hai0="98,0,15,134,110,91,97,23,130,59,17,1,86" hai1="29,4,28,53,65,3,125,70,116,75,19,88,27" hai2="128,37,16,118,40,87,113,96,71,46,108,14,51" hai3="104,106,62,7,133,22,36,55,111,89,92,31,80"/><V54/><F113/><W126/><G36/><T73/><D110/><U32/><E75/><V124/><F108/><W90/><G111/><T109/><D109/><U82/><E125/><V47/><F124/><W20/><G133/><T25/><D130/><U93/><E82/><V79/><F128/><W119/><G7/><T85/><D73/><U66/><E116/><V26/><F118/><W114/><G114/><T72/><D72/><U127/><E29/><V132/><F132/><W77/><G104/><T50/><D134/><U99/><E70/><V38/><F71/><W61/><G106/><T69/><D69/><U101/><E127/><V57/><F26/><W39/><G39/><T107/><D85/><U24/><E53/><V123/><F123/><W63/><G55/><T60/><D50/><U44/><E44/><V52/><F96/><W105/><G105/><T43/><D43/><U74/><E74/><V34/><F34/><W102/><G126/><T18/><D0/><U117/><E117/><V115/><F115/><W5/><G5/><T10/><D1/><U84/><E4/><V56/><F37/><W64/><G31/><T135/><D135/><U95/><REACH who="1" step="1"/><E3/><REACH who="1" ten="90,211,345,344" step="2"/><V81/><REACH who="2" step="1"/><F54/><REACH who="2" ten="90,211,335,344" step="2"/><W58/><G119/><T35/><D35/><U6/><E6/><V131/><F131/><W129/><G129/><T9/><D107/><U68/><E68/><V13/><F13/><W49/><G64/><T48/><D15/><U11/><E11/><AGARI ba="1,2" hai="11,14,16,38,40,46,47,51,52,56,57,79,81,87" machi="11" ten="30,11600,0" yaku="1,1,7,1,54,2,53,0" doraHai="112" doraHaiUra="94" who="2" fromWho="1" sc="90,0,211,-119,335,139,344,0" /><INIT seed="2,2,0,5,0,124" ten="90,92,474,344" oya="2" hai0="104,44,39,59,80,73,47,41,64,120,15,57,70" hai1="83,131,92,101,99,91,51,13,122,14,132,105,74" hai2="100,119,42,134,62,35,86,117,52,22,43,110,23" hai3="45,19,54,112,133,33,113,128,61,46,79,90,89"/><V21/><F134/><W96/><G33/><T18/><D104/><U130/><E132/><V68/><F110/><W56/><G133/><T135/><D135/><U58/><E122/><V28/><F100/><W116/><G79/><T81/><D120/><U0/><E0/><V78/><F35/><W50/><G116/><T7/><D7/><U77/><E51/><V108/><F28/><W114/><G128/><N who="1" m="49194" /><E58/><V85/><F68/><W87/><G96/><AGARI ba="2,0" hai="13,14,74,77,83,91,92,96,99,101,105" m="49194" machi="96" ten="30,7700,0" yaku="19,1,52,3" doraHai="124" who="1" fromWho="3" sc="90,0,92,83,474,0,344,-83" /><INIT seed="3,0,0,5,4,32" ten="90,175,474,261" oya="3" hai0="96,24,108,125,128,112,40,22,1,113,82,75,8" hai1="86,100,91,64,25,133,55,10,129,87,67,123,89" hai2="56,4,31,135,2,94,79,102,98,48,39,104,68" hai3="116,53,17,3,16,0,77,38,69,37,28,54,15"/><W122/><G122/><T66/><D108/><U105/><E123/><V101/><F39/><W61/><G116/><T51/><D66/><U35/><E129/><V76/><F68/><W13/><G77/><T73/><D128/><U99/><E133/><V107/><F135/><W74/><G28/><T21/><D125/><U90/><E55/><V12/><F31/><W47/><G69/><T111/><D111/><U62/><E67/><V60/><F48/><W132/><G132/><T109/><D109/><U18/><E10/><V6/><F12/><W115/><G115/><T127/><D127/><U27/><E27/><V117/><F117/><W41/><G61/><T9/><D96/><U103/><E103/><V88/><F102/><W119/><G119/><T124/><D124/><U93/><E87/><V58/><F58/><W130/><G130/><T45/><D82/><U78/><E78/><V26/><F26/><W120/><G120/><T71/><D71/><N who="1" m="42391" /><E18/><V84/><F107/><W42/><REACH who="3" step="1"/><G47/><REACH who="3" ten="90,175,474,251" step="2"/><T95/><D112/><U50/><E50/><V118/><F118/><W5/><G5/><T33/><D113/><U30/><AGARI ba="0,1" hai="25,30,35,86,89,90,91,93,99,100,105" m="42391" machi="30" ten="30,1100,0" yaku="25,1" doraHai="32" who="1" fromWho="1" sc="90,-3,175,21,474,-3,251,-5" /><INIT seed="4,0,0,5,1,11" ten="87,196,471,246" oya="0" hai0="75,48,42,18,95,65,66,17,128,13,127,78,63" hai1="36,20,76,102,28,88,49,126,92,2,115,39,61" hai2="110,41,44,40,99,101,12,132,120,104,4,91,135" hai3="125,134,108,27,111,117,46,37,3,54,29,31,25"/><T52/><D127/><U26/><E2/><V43/><F110/><W118/><G54/><T81/><D128/><U22/><E126/><V86/><F120/><W103/><G46/><T0/><D0/><U97/><E76/><V68/><F68/><W57/><G57/><T77/><D18/><U55/><E115/><V72/><F72/><W114/><G37/><T129/><D129/><U80/><E61/><V122/><F122/><W84/><G84/><N who="0" m="48175" /><D78/><U90/><E22/><V45/><F12/><W79/><G79/><T10/><D75/><U59/><REACH who="1" step="1"/><E80/><REACH who="1" ten="87,186,471,246" step="2"/><V33/><F33/><W62/><G62/><T74/><D63/><U34/><E34/><V15/><F135/><W9/><G125/><T105/><D105/><U89/><AGARI ba="0,1" hai="20,26,28,36,39,49,55,59,88,89,90,92,97,102" machi="89" ten="30,4000,0" yaku="1,1,0,1,54,1,53,0" doraHai="11" doraHaiUra="35" who="1" fromWho="1" sc="87,-20,186,50,471,-10,246,-10" /><INIT seed="5,0,0,4,0,66" ten="67,236,461,236" oya="1" hai0="90,76,118,129,64,44,100,4,39,68,135,21,122" hai1="97,37,79,43,11,71,102,9,63,12,130,15,31" hai2="10,18,125,117,49,36,61,111,2,28,110,134,116" hai3="74,114,83,94,99,8,46,67,47,34,7,59,109"/><U96/><E130/><V23/><F36/><W113/><G34/><T16/><D118/><N who="2" m="45674" /><F49/><W72/><G109/><N who="2" m="41481" /><F61/><N who="3" m="38335" /><G83/><T65/><D129/><U48/><E31/><V87/><F87/><W115/><G74/><T32/><D32/><U131/><E131/><V103/><F103/><N who="3" m="60919" /><G72/><T77/><D135/><U26/><E37/><V35/><F134/><W101/><G101/><T5/><D122/><U91/><E102/><V132/><F132/><W126/><G126/><T86/><D100/><U93/><E97/><V22/><F125/><W41/><G41/><T95/><D44/><U98/><E98/><V24/><F18/><W88/><G88/><T106/><D106/><U1/><E91/><V62/><F62/><W78/><G78/><N who="0" m="30315" /><D39/><U92/><E79/><V25/><F25/><W105/><G105/><T128/><D128/><U120/><E26/><V29/><F29/><W89/><G89/><T0/><D90/><U124/><E124/><V14/><F14/><AGARI ba="0,0" hai="7,8,14,46,47,113,114,115" m="60919,38335" machi="14" ten="30,1000,0" yaku="15,1" doraHai="66" who="3" fromWho="2" sc="67,0,236,0,461,-10,236,10" /><INIT seed="6,0,0,4,5,55" ten="67,236,451,246" oya="2" hai0="13,5,31,33,16,43,106,120,77,18,82,34,78" hai1="76,121,36,24,128,95,111,72,108,96,125,67,70" hai2="89,30,99,15,80,98,0,7,19,133,71,83,60" hai3="56,68,32,48,104,97,90,54,6,79,135,12,109"/><V3/><F133/><W59/><G68/><T74/><D120/><U126/><E36/><V88/><F30/><W17/><G32/><T41/><D106/><U110/><E24/><V132/><F132/><W14/><G104/><T53/><D78/><U4/><E4/><V65/><F7/><W117/><G117/><T44/><D5/><U130/><E67/><V93/><F80/><W52/><G79/><T116/><D116/><U84/><E84/><V50/><F50/><N who="3" m="30743" /><G109/><T38/><D43/><U86/><E86/><V40/><F40/><W26/><G135/><T10/><D31/><U101/><E70/><V35/><F35/><W114/><G6/><T58/><REACH who="0" step="1"/><D18/><REACH who="0" ten="57,236,451,246" step="2"/><U75/><E121/><V87/><F19/><W134/><G134/><T103/><D103/><U127/><E76/><V105/><F105/><W113/><G113/><T2/><D2/><U27/><E27/><V122/><F0/><W9/><G114/><T107/><D107/><U118/><E118/><V85/><F3/><W22/><G9/><T1/><D1/><U11/><E11/><V39/><F122/><W94/><AGARI ba="0,1" hai="12,14,17,22,26,48,54,59,90,94,97" m="30743" machi="94" ten="30,7900,0" yaku="8,1,52,2,54,1" doraHai="55" who="3" fromWho="3" sc="57,-20,236,-20,451,-39,246,89" /><INIT seed="7,0,0,0,1,120" ten="37,216,412,335" oya="3" hai0="34,103,97,108,73,14,91,111,107,82,60,70,63" hai1="48,75,112,30,121,71,132,123,128,32,118,74,66" hai2="46,115,5,43,31,90,64,36,106,49,93,55,18" hai3="22,134,7,17,52,44,6,94,131,100,24,76,126"/><W102/><G126/><T77/><D14/><U133/><E30/><V54/><F106/><W56/><G131/><T86/><D34/><U124/><E32/><V62/><F115/><W39/><G134/><T78/><D60/><U85/><E48/><V130/><F130/><W110/><G76/><T41/><D41/><U2/><E66/><V3/><F31/><W1/><G1/><T8/><D8/><U33/><E33/><V9/><F18/><W0/><G0/><T37/><D37/><U57/><E57/><V67/><F36/><W35/><G35/><T69/><D63/><U80/><E71/><V20/><F20/><W51/><G110/><T99/><D69/><U105/><E2/><V50/><F62/><W117/><G117/><T58/><D58/><U10/><E10/><V127/><F127/><W119/><G119/><T104/><D70/><U84/><E118/><V114/><F114/><W101/><REACH who="3" step="1"/><G94/><REACH who="3" ten="37,216,412,325" step="2"/><T16/><D16/><U13/><E124/><V42/><F93/><W65/><G65/><T79/><REACH who="0" step="1"/><D73/><REACH who="0" ten="27,216,412,325" step="2"/><U81/><E128/><V59/><F3/><W125/><G125/><T88/><D88/><U47/><E75/><V12/><F90/><W61/><G61/><T89/><D89/><U68/><E74/><V53/><F67/><W19/><G19/><T28/><D28/><U87/><E68/><V38/><F64/><W129/><G129/><T95/><D95/><U27/><E112/><V135/><F5/><W15/><G15/><T26/><D26/><U109/><E27/><V29/><F12/><W113/><G113/><T45/><D45/><RYUUKYOKU ba="0,2" sc="27,15,216,-15,412,-15,325,15" hai0="77,78,79,82,86,91,97,99,103,104,107,108,111" hai3="6,7,17,22,24,39,44,51,52,56,100,101,102" /><INIT seed="7,1,2,5,4,110" ten="42,201,397,340" oya="3" hai0="19,55,106,15,87,41,133,134,98,112,33,104,42" hai1="113,129,38,46,35,11,107,115,130,91,28,53,131" hai2="128,25,8,103,71,6,69,47,24,5,37,56,52" hai3="61,26,12,45,14,72,127,96,1,135,125,58,50"/><W108/><G72/><T16/><D87/><U86/><E107/><V77/><F128/><W93/><G1/><T31/><D31/><U116/><E116/><V90/><F103/><N who="3" m="60815" /><G108/><T123/><D15/><U89/><E11/><V109/><F109/><W30/><G135/><T67/><D67/><U79/><E79/><V105/><F105/><W51/><G26/><T101/><D101/><U40/><E53/><V13/><F77/><W74/><G30/><T70/><D55/><U36/><E36/><V27/><F5/><W121/><G121/><T132/><D134/><U82/><E91/><V78/><F78/><W63/><G74/><T29/><D29/><U59/><E59/><V3/><F3/><W18/><G125/><T21/><D21/><U76/><E76/><V34/><F34/><W102/><G127/><T111/><D111/><U10/><E10/><V126/><F126/><W94/><G12/><T43/><D43/><U7/><E7/><V20/><F20/><N who="3" m="11351" /><G45/><T83/><D33/><U114/><E28/><V99/><F47/><W62/><G58/><T44/><D44/><U54/><E54/><V65/><F37/><W75/><G75/><T119/><D70/><U73/><E73/><V49/><F71/><W124/><G124/><T84/><D98/><AGARI ba="1,2" hai="50,51,61,62,63,94,98,102" m="11351,60815" machi="98" ten="30,1500,0" yaku="8,1" doraHai="110" who="3" fromWho="0" sc="42,-18,201,0,397,0,340,38" /><INIT seed="7,2,0,1,0,109" ten="24,201,397,378" oya="3" hai0="11,76,66,7,54,96,44,107,4,72,126,101,59" hai1="39,46,86,47,121,113,68,130,50,36,49,6,32" hai2="58,95,90,128,55,97,56,105,27,64,114,83,17" hai3="42,104,94,26,87,40,103,29,99,30,9,77,112"/><W116/><G112/><T117/><D126/><U125/><E6/><V84/><F114/><W13/><G116/><T120/><D117/><U23/><E32/><V1/><F128/><W10/><G104/><T135/><D135/><U38/><E86/><V43/><F1/><W41/><G26/><T133/><D133/><U63/><E23/><N who="2" m="13807" /><F105/><W15/><G87/><T35/><D120/><U51/><E113/><V53/><F43/><W8/><G77/><T52/><D107/><U31/><E31/><AGARI ba="2,0" hai="8,9,10,13,15,29,30,31,40,41,42,94,99,103" machi="31" ten="40,2000,0" yaku="8,1" doraHai="109" who="3" fromWho="1" sc="24,0,201,-26,397,0,378,26" owari="24,-48.0,175,-22.0,397,20.0,404,50.0" /></mjloggm>