<mjloggm ver="2.3"><GO type="41" lobby="0"/><UN n0="%E3%83%AA%E3%83%B3%E3%83%AA%E3%83%B3%EF%BC%86%E3%82%B4%E3%83%9E" n1="%E2%93%9D%53%75%70%68%78" n2="%73%68%69%67%65%72%75" n3="%54%4F%4D%4F%43%48%41%4E" dan="13,17,15,16" rate="1871.20,2028.43,1978.00,2061.82" sx="M,M,M,M"/><TAIKYOKU oya="0"/><INIT seed="0,0,0,5,3,111" ten="250,250,250,250" oya="0" hai0="82,25,113,15,128,38,21,94,69,42,48,27,122" hai1="54,5,20,115,114,76,60,78,121,9,23,74,110" hai2="33,55,44,133,103,123,56,126,67,84,4,10,45" hai3="12,47,59,134,97,95,98,24,96,71,40,135,1"/><T70/><D70/><U39/><E121/><V68/><F123/><W65/><G1/><T75/><D69/><U112/><E110/><V8/><F133/><W17/><G71/><T66/><D66/><U37/><E60/><V131/><F131/><W105/><G105/><T88/><D128/><U79/><E54/><V104/><F126/><W86/><G24/><T93/><D122/><U16/><E74/><V58/><F33/><W130/><G130/><T62/><D62/><U2/><E23/><V100/><F84/><W99/><G86/><T109/><D38/><U107/><E107/><V129/><F129/><W30/><G30/><T101/><D109/><U26/><AGARI ba="0,0" hai="2,5,9,16,20,26,37,39,76,78,79,112,114,115" machi="26" ten="40,12000,2" yaku="0,1,11,1,52,3,54,1" doraHai="111" who="1" fromWho="1" sc="250,-60,250,120,250,-30,250,-30" /><INIT seed="1,0,0,4,3,57" ten="190,370,220,220" oya="1" hai0="2,38,134,121,77,42,16,9,19,14,126,5,24" hai1="96,124,111,132,43,127,25,75,93,31,119,61,76" hai2="64,69,68,129,125,110,4,115,78,80,70,47,85" hai3="35,66,46,34,118,53,101,82,7,55,92,49,99"/><U48/><E119/><V100/><F110/><W106/><G118/><T128/><D121/><U116/><E116/><V90/><F129/><W117/><G117/><T54/><D128/><U72/><E132/><V45/><F125/><N who="1" m="48201" /><E76/><V135/><F135/><W112/><G112/><T36/><D126/><U120/><E48/><V60/><F4/><W28/><G7/><T98/><D134/><U8/><E43/><V12/><F100/><W13/><G13/><T131/><D131/><U65/><E8/><V62/><F12/><W94/><G28/><T51/><D77/><U123/><E111/><V1/><F1/><W37/><G37/><T122/><D122/><N who="1" m="46635" /><E93/><V3/><F3/><W0/><G0/><T44/><D38/><U133/><E96/><V109/><F109/><W84/><G66/><T73/><D73/><U91/><E91/><V130/><F130/><W20/><G20/><T67/><D67/><U95/><E95/><V15/><F64/><W71/><G71/><T40/><D36/><U113/><E113/><V63/><F115/><W86/><G86/><T23/><REACH who="0" step="1"/><D98/><REACH who="0" ten="180,370,220,220" step="2"/><U87/><E133/><V52/><F78/><W39/><G39/><T21/><AGARI ba="0,1" hai="2,5,9,14,16,19,21,23,24,40,42,44,51,54" machi="21" ten="20,8000,1" yaku="1,1,2,1,0,1,7,1,54,1,53,0" doraHai="57" doraHaiUra="79" who="0" fromWho="0" sc="180,90,370,-40,220,-20,220,-20" /><INIT seed="2,0,0,0,4,116" ten="270,330,200,200" oya="2" hai0="64,52,104,15,53,85,3,115,108,109,8,130,62" hai1="92,46,103,87,50,40,33,71,37,80,11,68,56" hai2="23,35,6,14,2,31,97,84,117,7,98,19,21" hai3="34,59,106,13,81,86,124,128,27,119,39,77,4"/><V129/><F117/><W51/><G39/><T111/><D115/><U47/><E33/><V122/><F84/><W57/><G106/><T24/><D130/><U101/><E56/><V44/><F44/><W22/><G119/><T73/><D104/><U91/><E11/><N who="2" m="2519" /><F97/><W30/><G124/><T10/><D73/><U123/><E123/><V131/><F98/><W74/><G128/><N who="2" m="49225" /><F35/><W114/><G114/><T32/><D3/><U28/><E92/><V16/><F31/><W112/><G112/><T41/><D41/><U29/><E29/><V83/><F83/><W43/><G34/><T67/><D85/><U5/><E28/><V82/><F82/><W63/><G74/><T125/><D125/><U89/><E89/><V133/><F133/><W94/><G94/><T120/><D120/><U60/><E103/><V20/><F122/><W48/><G59/><T49/><D24/><U72/><E101/><V105/><F105/><W121/><G121/><T38/><D38/><U55/><E72/><V79/><F79/><W88/><G77/><T69/><D32/><U42/><E5/><V113/><F113/><W118/><G118/><T126/><D126/><U96/><E96/><V110/><F110/><W132/><G132/><T134/><D134/><U58/><AGARI ba="0,0" hai="37,40,42,46,47,50,55,58,60,68,71,80,87,91" machi="58" ten="30,1100,0" yaku="0,1" doraHai="116" who="1" fromWho="1" sc="270,-3,330,11,200,-5,200,-3" /><INIT seed="3,0,0,3,4,88" ten="267,341,195,197" oya="3" hai0="54,86,85,61,23,55,74,30,4,6,67,131,66" hai1="70,10,44,1,134,17,39,64,14,103,32,107,60" hai2="133,22,94,124,13,20,9,19,59,53,80,35,57" hai3="127,2,130,121,5,82,43,100,108,42,75,31,46"/><W125/><G121/><T38/><D74/><U7/><E134/><V41/><F133/><W48/><G43/><T118/><D38/><U68/><E32/><V104/><F104/><W51/><G130/><T93/><D118/><U49/><E39/><V71/><F71/><W52/><G108/><T78/><D131/><U84/><E103/><V8/><F35/><W92/><G31/><T95/><D30/><U21/><E107/><V110/><F110/><W117/><G117/><T62/><REACH who="0" step="1"/><D23/><REACH who="0" ten="257,341,195,197" step="2"/><U102/><E21/><V101/><F22/><W16/><G75/><T105/><D105/><U129/><E129/><V83/><F41/><W18/><G127/><T73/><D73/><U90/><E70/><V37/><F37/><W81/><G125/><T132/><D132/><U116/><E116/><V15/><F124/><W25/><G5/><T69/><D69/><U24/><E7/><N who="2" m="3231" /><F20/><N who="3" m="13447" /><G18/><T111/><D111/><U72/><E72/><V97/><F59/><N who="3" m="33159" /><G2/><T33/><D33/><U122/><E1/><V91/><F101/><W34/><G34/><T96/><D96/><AGARI ba="0,1" hai="42,46,51,81,82,92,96,100" m="33159,13447" machi="96" ten="30,11600,0" yaku="8,1,52,1,54,2" doraHai="88" who="3" fromWho="0" sc="257,-116,341,0,195,0,197,126" /><INIT seed="3,1,0,3,0,120" ten="141,341,195,323" oya="3" hai0="14,0,135,5,34,57,13,23,131,88,49,132,76" hai1="90,10,66,104,93,98,82,105,102,108,45,122,128" hai2="39,68,2,110,11,55,8,16,121,126,27,26,61" hai3="41,29,65,80,97,32,111,18,75,106,103,19,17"/><W84/><G75/><T35/><D76/><U1/><E66/><V89/><F39/><W54/><G41/><T52/><D131/><U46/><E122/><V6/><F121/><W53/><G65/><T59/><D14/><U33/><E33/><V56/><F126/><W50/><G32/><T15/><D35/><U134/><E134/><N who="0" m="51241" /><D34/><U44/><E128/><V22/><F110/><W72/><G29/><T73/><D73/><U63/><E63/><V107/><F107/><W85/><G111/><T69/><D69/><U129/><E108/><V133/><F133/><W112/><G112/><T91/><D57/><U78/><E129/><V4/><F68/><W79/><REACH who="3" step="1"/><G54/><REACH who="3" ten="141,341,195,313" step="2"/><T101/><D101/><U28/><E28/><V38/><F38/><W7/><G7/><T99/><D5/><U40/><E40/><V9/><F2/><W95/><G95/><N who="0" m="56807" /><D0/><U127/><E102/><V58/><F58/><AGARI ba="1,1" hai="17,18,19,50,53,58,72,79,80,84,85,97,103,106" machi="58" ten="40,2000,0" yaku="1,1,53,0" doraHai="120" doraHaiUra="37" who="3" fromWho="2" sc="141,0,341,0,195,-23,313,33" /><INIT seed="3,2,0,4,5,99" ten="141,341,172,346" oya="3" hai0="25,19,2,35,24,9,18,3,123,102,95,76,111" hai1="4,68,106,13,34,59,84,41,79,45,96,97,21" hai2="114,101,105,132,116,31,125,86,28,32,64,110,107" hai3="38,89,103,119,80,49,36,94,90,40,88,91,83"/><W63/><G119/><T7/><D123/><U43/><E34/><V37/><F116/><W67/><G38/><T66/><D111/><U69/><E59/><V61/><F114/><W121/><G36/><T81/><D66/><U126/><E126/><V77/><F125/><W53/><G40/><T27/><D76/><U47/><E4/><V10/><F110/><W33/><G33/><T93/><D81/><U23/><E13/><V60/><F132/><W56/><N who="3" m="22528" /><DORA hai="65" /><W109/><G109/><T29/><D93/><U1/><E79/><V73/><F73/><W70/><REACH who="3" step="1"/><G121/><REACH who="3" ten="141,341,172,336" step="2"/><T72/><D72/><U39/><E39/><V12/><F37/><W11/><G11/><N who="0" m="2551" /><D95/><U78/><E43/><V26/><F10/><W122/><G122/><T100/><D100/><U62/><E41/><V115/><F101/><W128/><G128/><T22/><D102/><U54/><E97/><AGARI ba="2,1" hai="49,53,56,63,67,70,80,83,94,97,103" m="22528" machi="97" ten="50,12000,1" yaku="1,1,52,2,54,1,53,0" doraHai="99,65" doraHaiUra="135,82" who="3" fromWho="1" sc="141,0,341,-126,172,0,336,136" /><INIT seed="3,3,0,1,5,115" ten="141,215,172,472" oya="3" hai0="5,67,14,90,57,117,75,93,32,48,6,94,72" hai1="35,62,56,0,124,17,58,1,99,81,127,106,59" hai2="21,68,38,2,95,69,97,130,125,4,31,88,51" hai3="7,61,128,134,10,107,118,66,132,20,16,109,63"/><W135/><G107/><T44/><D32/><U3/><E35/><V53/><F38/><W102/><G102/><T83/><D117/><U15/><E81/><V39/><F39/><W133/><N who="3" m="33792" /><DORA hai="96" /><W84/><G128/><T122/><D122/><U22/><REACH who="1" step="1"/><E62/><REACH who="1" ten="141,205,172,472" step="2"/><V13/><F130/><W43/><G63/><N who="0" m="38383" /><D75/><U103/><AGARI ba="3,1" hai="0,1,3,15,17,22,56,58,59,99,103,106,124,127" machi="103" ten="40,12000,2" yaku="1,1,0,1,52,1,53,3" doraHai="115,96" doraHaiUra="78,52" who="1" fromWho="1" sc="141,-33,205,139,172,-33,472,-63" /><INIT seed="4,0,0,0,5,46" ten="108,344,139,409" oya="0" hai0="77,130,120,133,109,103,132,117,22,112,34,54,69" hai1="75,5,29,74,78,94,37,45,41,68,53,26,93" hai2="104,19,25,126,7,88,80,111,99,38,0,12,79" hai3="70,52,39,40,4,23,56,13,95,86,43,81,65"/><T106/><RYUUKYOKU type="yao9" ba="0,0" sc="108,0,344,0,139,0,409,0" hai0="22,34,54,69,77,103,106,109,112,117,120,130,132,133" /><INIT seed="4,1,0,1,1,73" ten="108,344,139,409" oya="0" hai0="33,75,37,59,77,43,86,44,49,96,27,78,131" hai1="30,39,97,32,85,6,89,45,36,51,31,79,8" hai2="47,87,93,116,129,48,28,15,128,4,106,108,81" hai3="35,102,95,13,57,25,20,21,109,74,118,60,105"/><T120/><D75/><U34/><E97/><V71/><F108/><W67/><G109/><T29/><D120/><U3/><E31/><V65/><F106/><W127/><G118/><T2/><D131/><N who="2" m="50250" /><F93/><W92/><G127/><T58/><D2/><U112/><E112/><V115/><F115/><W10/><G35/><T124/><D124/><U64/><E64/><V26/><F65/><W38/><G38/><T12/><D86/><U114/><E34/><V61/><F61/><W72/><G95/><T66/><D96/><U11/><E11/><N who="2" m="4583" /><F71/><W18/><G21/><T41/><D12/><U62/><E62/><V50/><F47/><W100/><G105/><T107/><D107/><U76/><E114/><V98/><F98/><N who="3" m="59463" /><G102/><T69/><D69/><U55/><E39/><V125/><F116/><W68/><G68/><T54/><REACH who="0" step="1"/><D43/><REACH who="0" ten="98,344,139,409" step="2"/><U53/><E3/><V83/><F125/><W130/><G130/><T88/><D88/><U9/><E89/><N who="2" m="51439" /><F83/><W104/><G104/><T101/><D101/><U117/><E117/><V14/><F14/><W91/><G91/><T119/><D119/><U80/><E80/><V135/><F135/><W52/><G72/><T17/><D17/><U1/><E1/><V63/><F63/><AGARI ba="1,1" hai="27,29,33,37,41,44,49,54,58,59,63,66,77,78" machi="63" ten="40,7700,0" yaku="1,1,52,2,53,0" doraHai="73" doraHaiUra="7" who="0" fromWho="2" sc="98,90,344,0,139,-80,409,0" /><INIT seed="4,2,0,0,1,56" ten="188,344,59,409" oya="0" hai0="60,5,103,94,28,99,78,114,19,87,7,83,26" hai1="35,9,89,113,12,93,117,67,81,108,84,50,121" hai2="59,129,106,8,115,79,88,58,70,61,124,13,20" hai3="42,109,91,23,130,22,64,21,6,135,24,49,123"/><T133/><D133/><U43/><E108/><V132/><F106/><W52/><G109/><T2/><D2/><U44/><E117/><V0/><F79/><W76/><G130/><T111/><D111/><U98/><E35/><V85/><F132/><W53/><G135/><T10/><D114/><U101/><E113/><V71/><F115/><W92/><G76/><T69/><D19/><U65/><REACH who="1" step="1"/><E121/><REACH who="1" ten="188,334,59,409" step="2"/><V119/><F119/><W102/><G123/><T63/><D69/><U112/><E112/><V54/><F129/><W40/><G24/><T73/><D73/><U97/><E97/><V86/><F71/><W74/><G74/><T110/><D110/><U125/><E125/><V90/><F70/><W107/><G6/><AGARI ba="2,1" hai="6,9,12,43,44,50,65,67,81,84,89,93,98,101" machi="6" ten="30,3900,0" yaku="1,1,7,1,8,1,53,0" doraHai="56" doraHaiUra="15" who="1" fromWho="3" sc="188,0,334,55,59,0,409,-45" /><INIT seed="5,0,0,1,5,82" ten="188,389,59,364" oya="1" hai0="93,31,38,66,70,119,71,49,102,57,36,67,48" hai1="100,54,132,86,55,65,35,107,76,50,84,68,130" hai2="94,23,123,52,13,111,85,108,77,106,92,64,131" hai3="60,25,10,126,59,73,104,7,41,11,128,87,30"/><U27/><E76/><V34/><F34/><W113/><G73/><T117/><D102/><U114/><E114/><V95/><F64/><N who="0" m="24618" /><D57/><U96/><E130/><V43/><F43/><W135/><G104/><T134/><D93/><U125/><E132/><V112/><F131/><W9/><G126/><T127/><D127/><U90/><E125/><V22/><F123/><W120/><G120/><T14/><D14/><U29/><E90/><V19/><F112/><W72/><G72/><T44/><D49/><U116/><E116/><N who="0" m="44617" /><D134/><U78/><E78/><V17/><F106/><W8/><G113/><T21/><D21/><U98/><E98/><V99/><F52/><N who="1" m="20009" /><E50/><V16/><F99/><W20/><G41/><N who="0" m="24591" /><D31/><U5/><E5/><V15/><REACH who="2" step="1"/><F19/><REACH who="2" ten="188,389,49,364" step="2"/><W109/><G135/><T115/><D115/><U101/><E101/><V61/><F61/><AGARI ba="0,1" hai="27,29,35,61,65,68,84,86,96,100,107" m="20009" machi="61" ten="30,11600,0" yaku="25,1,52,2,54,1" doraHai="82" who="1" fromWho="2" sc="188,0,389,126,49,-116,364,0" owari="188,-21.0,515,62.0,-67,-57.0,364,16.0" /></mjloggm>