<mjloggm ver="2.3"><GO type="41" lobby="0"/><UN n0="%6B%6B%6B%6B%30%37%35%31" n1="%E2%93%9D%53%75%70%68%78" n2="%E4%BA%95%E4%B8%8A%E5%86%86%E4%BA%86" n3="%E7%B5%B6%E5%AF%BE%E3%81%AE%E3%83%92%E3%82%AD%E5%BC%B1" dan="15,18,13,14" rate="1945.84,2126.56,1996.08,1923.50" sx="M,M,M,M"/><TAIKYOKU oya="0"/><INIT seed="0,0,0,0,4,44" ten="250,250,250,250" oya="0" hai0="27,132,112,40,96,62,56,69,24,21,126,57,26" hai1="123,50,22,66,133,59,54,1,5,90,76,121,10" hai2="33,122,16,100,6,8,9,117,42,102,131,49,134" hai3="124,29,68,110,17,39,58,0,119,7,38,65,109"/><T11/><D112/><U74/><E133/><V70/><F122/><W93/><G119/><T81/><D132/><U130/><E130/><V72/><F134/><W45/><G68/><T12/><D126/><U104/><E104/><V129/><F72/><W79/><G29/><T32/><D32/><U3/><E3/><V85/><F70/><W115/><G115/><T80/><D40/><U51/><E66/><V91/><F33/><W97/><G79/><T84/><D96/><U15/><E90/><V67/><F67/><W47/><G47/><T52/><D69/><U28/><E76/><V83/><F6/><W108/><G124/><T135/><D135/><U116/><E74/><V86/><F86/><W53/><G65/><T46/><D46/><U75/><E116/><V19/><F49/><N who="3" m="28847" /><G17/><N who="2" m="6729" /><F42/><W43/><G43/><T25/><D57/><U34/><E75/><V13/><F117/><W41/><G58/><T82/><N who="0" m="6144" /><DORA hai="64" /><T48/><D21/><U77/><E22/><V88/><F91/><N who="3" m="55487" /><G41/><T87/><REACH who="0" step="1"/><D62/><REACH who="0" ten="240,250,250,250" step="2"/><U113/><E113/><V118/><F118/><W37/><G39/><T36/><D36/><U127/><E127/><V99/><F99/><W103/><G38/><T78/><D78/><U98/><E77/><V73/><F73/><W106/><G37/><T125/><D125/><U2/><E34/><V105/><F131/><W31/><G31/><T120/><D120/><U101/><E28/><V14/><F129/><W107/><G103/><N who="2" m="39465" /><F105/><W63/><G63/><T94/><D94/><N who="1" m="58583" /><E51/><V92/><F92/><W23/><G23/><T60/><D60/><U18/><E18/><AGARI ba="0,1" hai="11,12,18,48,52,56,80,81,82,84,87" m="6144" machi="18" ten="50,18000,2" yaku="1,1,6,1,8,1,52,1,54,1,53,1" doraHai="44,64" doraHaiUra="30,4" who="0" fromWho="1" sc="240,190,250,-180,250,0,250,0" /><INIT seed="0,1,0,5,1,87" ten="430,70,250,250" oya="0" hai0="54,9,130,80,64,118,21,73,3,85,111,121,86" hai1="104,34,74,16,26,108,94,131,11,103,63,91,119" hai2="57,19,30,97,41,43,69,110,120,46,101,35,6" hai3="116,39,82,7,14,71,113,128,12,96,45,92,133"/><T5/><D118/><U76/><E119/><V33/><F120/><W109/><G116/><T8/><D121/><U72/><E131/><V40/><F69/><W114/><G128/><T79/><D130/><U135/><E108/><V28/><F110/><W47/><G109/><T112/><D111/><U49/><E135/><V100/><F6/><W44/><G71/><T56/><D112/><U52/><E63/><V124/><F124/><W77/><G133/><T0/><D64/><U32/><E103/><V84/><F57/><W18/><G7/><T22/><D21/><U20/><E104/><V107/><F100/><W36/><G36/><T127/><D127/><U29/><E76/><V60/><F60/><W78/><G39/><T10/><D0/><U115/><E115/><V25/><F19/><W99/><G47/><T23/><D23/><U66/><E66/><V31/><F84/><W75/><G92/><T58/><D56/><U93/><E93/><V4/><F4/><W1/><G18/><T132/><D132/><U65/><E65/><V24/><REACH who="2" step="1"/><F28/><REACH who="2" ten="430,70,240,250" step="2"/><W89/><G75/><T126/><D126/><U59/><E74/><V17/><F17/><W70/><G70/><T129/><D129/><U117/><E72/><V2/><F2/><W125/><G1/><T27/><D73/><U95/><E117/><V122/><F122/><W98/><G125/><T37/><D86/><U62/><E62/><V61/><F61/><W105/><G114/><T102/><D102/><U48/><E16/><V53/><F53/><W106/><G113/><T67/><D54/><U15/><E52/><RYUUKYOKU ba="1,1" sc="430,-10,70,-10,240,30,250,-10" hai2="24,25,30,31,33,35,40,41,43,46,97,101,107" /><INIT seed="1,2,1,2,5,96" ten="420,60,270,240" oya="1" hai0="129,14,100,69,13,84,123,74,112,66,11,67,10" hai1="133,94,70,38,107,127,80,46,75,31,90,59,117" hai2="131,42,132,49,4,15,73,30,65,93,44,63,68" hai3="21,97,56,113,89,125,79,39,3,53,23,72,54"/><U41/><E117/><V85/><F131/><W18/><G113/><T61/><D112/><U32/><E70/><V83/><F132/><W12/><G3/><T88/><D74/><U60/><E107/><V121/><F121/><W48/><G39/><T76/><D129/><U109/><E127/><V1/><F30/><W29/><G125/><T51/><D123/><U37/><E133/><V5/><F1/><W16/><G29/><T25/><D76/><U50/><E109/><V28/><F28/><W81/><G89/><T124/><D124/><U17/><E17/><V64/><F64/><W2/><G97/><T82/><D67/><U122/><E122/><V119/><F119/><W104/><G2/><T101/><D25/><U52/><E80/><V105/><F105/><W116/><G104/><T106/><D106/><U91/><E75/><V87/><F93/><W9/><G116/><T128/><D51/><U0/><E0/><V98/><F98/><W20/><REACH who="3" step="1"/><G54/><REACH who="3" ten="420,60,270,230" step="2"/><T26/><D128/><U8/><E91/><V40/><F40/><W35/><G35/><T78/><D78/><U58/><E31/><V36/><F36/><W99/><G99/><T103/><REACH who="0" step="1"/><D26/><AGARI ba="2,2" hai="9,12,16,18,20,21,23,26,48,53,56,72,79,81" machi="26" ten="30,7700,0" yaku="1,1,7,1,54,1,53,1" doraHai="96" doraHaiUra="77" who="3" fromWho="0" sc="420,-83,60,0,270,0,230,103" /><INIT seed="2,0,0,1,5,46" ten="337,60,270,333" oya="2" hai0="19,22,1,33,64,45,95,86,24,30,20,7,129" hai1="0,91,18,93,69,76,27,126,26,8,127,3,23" hai2="47,82,80,83,4,67,101,49,108,133,11,2,63" hai3="29,59,88,103,28,90,44,117,98,56,85,77,79"/><V92/><F133/><W132/><G132/><T42/><D64/><U48/><E76/><N who="3" m="29258" /><G117/><T130/><D95/><U123/><E69/><V9/><F9/><W35/><G35/><T96/><D96/><U81/><E81/><V5/><F5/><W112/><G112/><T97/><D97/><U21/><E48/><V52/><F108/><W65/><G44/><T66/><D66/><U118/><E91/><N who="3" m="34858" /><G85/><T125/><D86/><U14/><E93/><V107/><F92/><N who="3" m="58823" /><G65/><T89/><D125/><N who="1" m="47627" /><E118/><V40/><F101/><W105/><G105/><T119/><D119/><U102/><E102/><V74/><F107/><W99/><G99/><T110/><D110/><U121/><E23/><V41/><REACH who="2" step="1"/><F74/><REACH who="2" ten="337,60,260,333" step="2"/><W10/><G10/><T61/><D7/><N who="1" m="3359" /><E27/><V50/><F50/><W16/><G16/><T55/><D19/><U60/><E60/><V122/><F122/><AGARI ba="0,1" hai="0,3,18,21,26,121,122,123" m="3359,47627" machi="122" ten="30,7700,0" yaku="13,1,18,1,34,2" doraHai="46" who="1" fromWho="2" sc="337,0,60,87,260,-77,333,0" /><INIT seed="3,0,0,0,2,4" ten="337,147,183,333" oya="3" hai0="10,78,64,13,9,68,20,128,33,7,14,22,104" hai1="8,120,83,105,15,63,130,75,67,35,19,26,73" hai2="103,5,2,134,118,101,119,127,88,6,93,133,124" hai3="37,92,18,112,81,50,17,107,29,95,45,80,27"/><W65/><G107/><T106/><D78/><U116/><E120/><V58/><F58/><W121/><G37/><T56/><D33/><U44/><E130/><V135/><F2/><W12/><G112/><T41/><D68/><U52/><E105/><V99/><F6/><W70/><G121/><T117/><D117/><N who="2" m="44554" /><F5/><W66/><G70/><T54/><D106/><U21/><E35/><V49/><F49/><W60/><G60/><T96/><D128/><U62/><E116/><V94/><F94/><N who="3" m="35883" /><G29/><T129/><D129/><U3/><E3/><V34/><F34/><W74/><G27/><T31/><D64/><N who="3" m="24681" /><G74/><T47/><D31/><U38/><E38/><V48/><F48/><W123/><G123/><T79/><D79/><U36/><E36/><V61/><F61/><W100/><G100/><AGARI ba="0,0" hai="88,93,99,100,101,103,124,127,133,134,135" m="44554" machi="100" ten="40,8000,1" yaku="20,1,34,2,54,1" doraHai="4" who="2" fromWho="3" sc="337,0,147,0,183,80,333,-80" /><INIT seed="4,0,0,5,1,114" ten="337,147,263,253" oya="0" hai0="131,17,46,60,27,57,73,35,135,29,71,5,99" hai1="103,128,59,51,83,112,95,26,111,14,129,108,16" hai2="40,53,130,133,55,125,107,85,109,97,10,84,63" hai3="25,12,118,94,30,50,38,106,69,82,33,64,78"/><T67/><D73/><U96/><E26/><V80/><F109/><W113/><G38/><T4/><D135/><U32/><E32/><V124/><F133/><W66/><G106/><T134/><D131/><N who="1" m="50251" /><E83/><V93/><F130/><W101/><G113/><T72/><D72/><U127/><E112/><V115/><F107/><W88/><G101/><T56/><D134/><U121/><E121/><V81/><F40/><W34/><G34/><T9/><D46/><U105/><E127/><N who="2" m="48715" /><F115/><W75/><G118/><T1/><D4/><U100/><E100/><V0/><F10/><W65/><G50/><T122/><D122/><U28/><E28/><V36/><F36/><W92/><G92/><T117/><D117/><U54/><E105/><V89/><F0/><W104/><G104/><T44/><D99/><U11/><AGARI ba="0,0" hai="11,14,16,51,54,59,95,96,103,108,111" m="50251" machi="11" ten="30,2000,0" yaku="19,1,54,1" doraHai="114" who="1" fromWho="1" sc="337,-10,147,20,263,-5,253,-5" /><INIT seed="5,0,0,5,4,28" ten="327,167,258,248" oya="1" hai0="47,121,16,26,27,79,117,87,23,56,37,38,44" hai1="5,102,49,116,128,86,67,125,50,105,127,30,58" hai2="85,92,20,14,104,71,84,78,34,1,2,51,0" hai3="62,123,111,82,69,80,107,12,4,65,103,108,21"/><U6/><E116/><V8/><F104/><W100/><G123/><T88/><D117/><U54/><E67/><V17/><F71/><W106/><G106/><T134/><D121/><U57/><E128/><V115/><F115/><W61/><G61/><T48/><D134/><U39/><E39/><V60/><F60/><W131/><G131/><T135/><D135/><U43/><E86/><V72/><F72/><W90/><G107/><T40/><D79/><U97/><E30/><V10/><F84/><N who="3" m="50439" /><G82/><T76/><D76/><U33/><E33/><V96/><F34/><W83/><G83/><T7/><D7/><U99/><E43/><V52/><F85/><W124/><G124/><N who="1" m="47690" /><E105/><V120/><F78/><W129/><G129/><T68/><D68/><U19/><E19/><V32/><F32/><W101/><G4/><N who="1" m="1642" /><E102/><V130/><F120/><W132/><G132/><T29/><D56/><N who="1" m="21611" /><E54/><V73/><F130/><W74/><G74/><T55/><D38/><U64/><E64/><V94/><F73/><W98/><G98/><AGARI ba="0,0" hai="49,50,97,98,99" m="21611,1642,47690" machi="98" ten="30,5800,0" yaku="28,2,18,1" doraHai="28" who="1" fromWho="3" sc="327,0,167,58,258,0,248,-58" /><INIT seed="5,1,0,3,3,17" ten="327,225,258,190" oya="1" hai0="126,39,128,81,102,38,57,133,32,97,132,58,50" hai1="37,61,64,123,10,82,35,26,7,76,65,48,33" hai2="15,113,77,95,4,5,68,111,16,44,117,98,94" hai3="56,107,104,92,120,11,105,18,119,24,66,69,42"/><U3/><E123/><V25/><F111/><W31/><G120/><T83/><D32/><U27/><E48/><V124/><F117/><W121/><G69/><T106/><D126/><U85/><E37/><N who="0" m="13833" /><D50/><U54/><E54/><V40/><F68/><W49/><G121/><T13/><D128/><U46/><E46/><V29/><F77/><W84/><G119/><T110/><D110/><U59/><REACH who="1" step="1"/><E65/><REACH who="1" ten="327,215,258,190" step="2"/><V30/><F44/><W89/><G49/><T96/><D57/><U131/><E131/><V78/><F40/><W34/><G42/><T20/><D58/><U74/><E74/><V75/><F75/><W45/><G45/><T6/><D132/><U88/><E88/><V114/><F124/><W129/><G129/><T116/><D116/><U47/><E47/><V60/><F78/><W79/><G79/><T109/><D133/><U14/><E14/><V19/><F60/><W41/><G41/><T71/><D13/><U67/><E67/><V1/><F15/><W43/><G43/><T127/><D127/><U52/><E52/><V112/><F1/><W80/><G56/><T23/><D109/><U91/><E91/><V101/><F94/><W51/><G51/><T70/><D70/><U63/><E63/><V87/><F87/><W53/><G53/><T118/><D71/><U62/><E62/><V122/><F122/><W12/><G66/><T8/><D118/><U103/><E103/><V115/><N who="2" m="28672" /><DORA hai="125" /><V2/><F2/><W72/><REACH who="3" step="1"/><G72/><REACH who="3" ten="327,215,258,180" step="2"/><T135/><D135/><U22/><E22/><N who="2" m="15543" /><F30/><W93/><AGARI ba="1,2" hai="11,12,18,24,31,34,80,84,89,92,93,104,105,107" machi="93" ten="40,2700,0" yaku="1,1,0,1,53,0" doraHai="17,125" doraHaiUra="108,73" who="3" fromWho="3" sc="327,-8,215,-14,258,-8,180,50" /><INIT seed="6,0,0,5,4,91" ten="319,201,250,230" oya="2" hai0="134,27,68,69,47,113,28,45,99,15,53,116,36" hai1="131,89,132,133,95,88,124,78,3,38,20,57,32" hai2="106,48,19,101,86,62,66,96,129,67,83,112,6" hai3="40,39,79,92,97,12,29,10,5,11,14,107,100"/><V54/><F112/><W64/><G64/><T31/><D113/><U109/><E32/><V56/><F129/><W87/><G29/><T105/><D116/><U119/><E38/><V98/><F6/><W44/><G107/><T125/><D31/><U117/><E3/><V115/><F115/><W135/><G135/><N who="1" m="51786" /><E20/><V110/><F110/><W122/><G122/><T34/><D47/><U2/><E2/><V74/><F19/><W0/><G87/><T84/><D125/><U35/><E35/><V33/><F33/><W72/><G79/><T24/><D27/><U104/><E57/><V128/><F128/><W13/><REACH who="3" step="1"/><G11/><REACH who="3" ten="319,201,250,220" step="2"/><T85/><D84/><N who="1" m="52615" /><E131/><V46/><F74/><AGARI ba="0,1" hai="0,5,10,12,13,14,39,40,44,72,74,92,97,100" machi="74" ten="40,2600,0" yaku="1,1,52,1,53,0" doraHai="91" doraHaiUra="80" who="3" fromWho="2" sc="319,0,201,0,250,-26,220,36" /><INIT seed="7,0,0,0,2,89" ten="319,201,224,256" oya="3" hai0="83,54,4,128,81,65,52,22,76,19,109,43,18" hai1="38,23,103,105,118,132,124,44,59,116,61,16,37" hai2="77,78,41,42,70,51,96,15,9,57,31,95,27" hai3="117,80,82,48,34,75,36,134,84,104,47,68,45"/><W46/><G117/><N who="1" m="45162" /><E132/><V63/><F70/><W74/><G134/><T56/><D128/><U125/><E103/><V101/><F77/><W12/><G68/><T131/><D109/><U62/><E105/><V79/><F79/><W88/><G104/><T122/><D122/><U53/><E16/><N who="2" m="8303" /><F78/><W110/><G34/><T107/><D131/><U130/><E23/><N who="2" m="15871" /><F51/><W14/><G36/><N who="1" m="13930" /><E130/><V35/><F35/><W1/><G110/><T100/><D107/><U8/><E8/><V123/><F123/><W71/><G71/><T6/><D100/><U60/><E44/><V13/><F13/><W0/><G48/><AGARI ba="0,0" hai="48,53,59,60,61,62,124,125" m="13930,45162" machi="48" ten="40,5200,0" yaku="12,1,34,2" doraHai="89" who="1" fromWho="3" sc="319,0,201,52,224,0,256,-52" owari="319,43.0,253,5.0,224,-18.0,204,-30.0" /></mjloggm>