<mjloggm ver="2.3"><GO type="41" lobby="0"/><UN n0="%6D%65%74%61%6C%6B%65%6E" n1="%E3%80%87%E3%81%97%E3%81%BF%E3%82%8A%E3%82%87%E3%81%86%E3%80%87" n2="%28%E9%83%A8%E9%95%B7%29" n3="%E2%93%9D%53%75%70%68%78" dan="13,15,14,16" rate="1890.71,1959.78,2129.16,2034.08" sx="M,M,M,M"/><TAIKYOKU oya="0"/><INIT seed="0,0,0,5,4,56" ten="250,250,250,250" oya="0" hai0="43,16,125,69,90,34,32,5,74,21,112,27,119" hai1="4,102,66,88,103,99,33,50,12,2,113,77,49" hai2="129,64,92,11,62,38,132,71,114,47,58,40,53" hai3="134,44,14,57,15,7,81,83,31,116,22,93,23"/><T0/><D74/><U3/><E33/><V51/><F114/><W133/><G44/><T110/><D69/><U89/><E77/><V60/><F132/><W45/><G45/><T122/><D43/><U39/><E39/><V80/><F129/><W87/><G93/><T127/><D90/><U8/><E113/><V111/><F111/><W37/><G57/><T28/><D112/><U35/><E35/><V78/><F92/><W121/><G7/><T72/><D72/><U126/><E126/><N who="0" m="48137" /><D122/><U97/><E66/><V85/><REACH who="2" step="1"/><F11/><REACH who="2" ten="250,250,240,250" step="2"/><W26/><G134/><T9/><D110/><U135/><E135/><V61/><AGARI ba="0,1" hai="38,40,47,51,53,58,60,61,62,64,71,78,80,85" machi="61" ten="30,16000,3" yaku="1,1,2,1,0,1,24,2,52,3,53,0" doraHai="56" doraHaiUra="118" who="2" fromWho="2" sc="250,-80,250,-40,240,170,250,-40" /><INIT seed="1,0,0,4,4,85" ten="170,210,410,210" oya="1" hai0="81,59,75,121,128,124,103,122,14,118,97,109,129" hai1="9,88,57,95,21,41,89,32,60,12,46,55,68" hai2="37,13,101,117,36,30,16,87,66,56,82,1,91" hai3="86,106,93,58,116,130,43,31,48,10,67,74,134"/><U102/><E32/><V25/><F117/><W123/><G123/><N who="0" m="47115" /><D59/><U98/><E68/><V0/><F101/><W20/><G130/><N who="0" m="50283" /><D14/><U70/><E21/><V47/><F66/><W127/><G134/><T28/><D28/><U18/><REACH who="1" step="1"/><E70/><REACH who="1" ten="170,200,410,210" step="2"/><V49/><F37/><AGARI ba="0,1" hai="9,12,18,37,41,46,55,57,60,88,89,95,98,102" machi="37" ten="30,18000,2" yaku="1,1,2,1,7,1,52,2,54,1,53,0" doraHai="85" doraHaiUra="22" who="1" fromWho="2" sc="170,0,200,190,410,-180,210,0" /><INIT seed="1,1,0,5,3,41" ten="170,390,230,210" oya="1" hai0="37,134,72,127,73,31,126,60,77,26,9,120,122" hai1="90,16,98,14,22,74,71,132,0,76,56,110,102" hai2="91,65,23,24,6,66,27,50,78,70,10,131,100" hai3="59,97,44,8,63,4,87,107,75,99,52,53,106"/><U29/><E71/><V35/><F131/><W30/><G75/><T46/><D9/><U42/><E132/><V82/><F35/><W135/><G135/><T61/><D77/><U19/><E0/><V83/><F70/><W81/><G30/><T69/><D26/><U11/><E110/><V114/><F100/><W64/><G107/><T86/><D31/><U20/><E90/><V5/><F114/><W119/><G119/><T92/><D86/><U130/><E130/><V116/><F91/><W101/><G99/><T68/><D92/><U18/><E42/><V129/><F129/><W55/><G87/><T113/><D113/><U104/><E29/><V105/><F105/><W128/><G81/><T124/><D73/><U85/><E74/><V17/><F27/><W58/><G128/><T103/><D103/><U36/><E36/><V49/><F116/><W123/><G123/><N who="0" m="47147" /><D72/><U40/><E40/><V45/><F49/><W57/><REACH who="3" step="1"/><G44/><REACH who="3" ten="170,390,230,200" step="2"/><T115/><D134/><U118/><E118/><V21/><F83/><W25/><G25/><T39/><D46/><U48/><E85/><V108/><F82/><W111/><G111/><T51/><D115/><U32/><E32/><V62/><F108/><W79/><G79/><T67/><D51/><U84/><E84/><V34/><F78/><W121/><G121/><T15/><D15/><AGARI ba="1,1" hai="4,8,15,52,53,55,57,58,59,63,64,97,101,106" machi="15" ten="40,5200,0" yaku="1,1,54,1,53,1" doraHai="41" doraHaiUra="1" who="3" fromWho="0" sc="170,-55,390,0,230,0,200,65" /><INIT seed="2,0,0,5,5,102" ten="115,390,230,265" oya="2" hai0="94,117,89,41,95,37,75,0,24,109,17,130,119" hai1="113,21,15,45,111,16,64,61,92,124,29,81,126" hai2="28,8,50,70,12,52,97,82,101,71,108,31,40" hai3="88,48,56,91,67,10,59,46,47,99,134,13,121"/><V25/><F108/><W51/><G134/><T86/><D0/><U35/><E113/><V84/><F40/><W103/><G121/><T54/><D130/><U2/><E111/><V34/><F31/><W30/><G30/><T66/><D37/><U73/><E2/><V5/><F84/><W105/><G67/><T125/><D109/><U129/><E129/><V118/><F82/><W14/><G103/><T62/><D75/><U115/><E115/><V42/><F42/><W78/><G99/><T18/><D41/><U32/><E29/><V74/><F74/><W123/><G10/><T55/><D125/><N who="1" m="48235" /><E45/><V76/><F76/><W72/><G72/><T7/><D7/><U26/><E26/><V58/><REACH who="2" step="1"/><F118/><REACH who="2" ten="115,390,220,265" step="2"/><W110/><G110/><T9/><D119/><U39/><E39/><V4/><F4/><W107/><G123/><T63/><D117/><U128/><E128/><V114/><F114/><W44/><G44/><T22/><D18/><U19/><E19/><V100/><F100/><W60/><G60/><T11/><D63/><U53/><E81/><V65/><F65/><W27/><G27/><T133/><D133/><U93/><E73/><V49/><F49/><W98/><G98/><T6/><D6/><U68/><E53/><N who="0" m="19977" /><D62/><U33/><AGARI ba="0,1" hai="15,16,21,32,33,35,61,64,68,92,93" m="48235" machi="33" ten="40,2700,0" yaku="18,1,54,1" doraHai="102" who="1" fromWho="1" sc="115,-7,390,37,220,-13,265,-7" /><INIT seed="3,0,0,5,5,38" ten="108,427,207,258" oya="3" hai0="56,87,74,127,37,105,16,43,112,51,1,17,10" hai1="31,92,61,117,0,3,94,128,115,22,40,86,131" hai2="113,90,88,123,75,4,6,103,100,64,99,93,7" hai3="14,20,67,118,69,106,58,120,110,71,81,25,76"/><W104/><G118/><T73/><D105/><U33/><E33/><V98/><F113/><W135/><G120/><T34/><D34/><U27/><E115/><V109/><F123/><W35/><G135/><T96/><D112/><U65/><E117/><V78/><F109/><W9/><G35/><T68/><D68/><U28/><E28/><V15/><F64/><W48/><G110/><T80/><D37/><U126/><E126/><V47/><F75/><W55/><G67/><T114/><D114/><U42/><E0/><V84/><F47/><W11/><G11/><T24/><D1/><U77/><E3/><V97/><F78/><W121/><G121/><T41/><D74/><U45/><E45/><V62/><F62/><W125/><G125/><T116/><D73/><U119/><E119/><V21/><F21/><W29/><G71/><T63/><D51/><U49/><E49/><V82/><REACH who="2" step="1"/><F15/><REACH who="2" ten="108,427,197,258" step="2"/><W59/><G69/><T8/><D116/><U95/><E77/><V85/><AGARI ba="0,1" hai="4,6,7,82,84,85,88,90,93,97,98,99,100,103" machi="85" ten="40,8000,1" yaku="1,1,2,1,0,1,8,1,54,1,53,0" doraHai="38" doraHaiUra="12" who="2" fromWho="2" sc="108,-20,427,-20,197,90,258,-40" /><INIT seed="4,0,0,5,2,57" ten="88,407,287,218" oya="0" hai0="52,85,26,23,101,44,94,115,16,10,43,102,122" hai1="120,71,8,135,107,11,93,75,91,104,34,106,79" hai2="24,51,118,53,59,15,100,13,99,50,25,2,30" hai3="81,103,83,111,47,77,21,63,114,117,27,78,40"/><T96/><D115/><U124/><E120/><V69/><F2/><W22/><G117/><T17/><D122/><U39/><E39/><V56/><F69/><W112/><G103/><T108/><D108/><U110/><E34/><V131/><F131/><W12/><G12/><N who="0" m="7319" /><D85/><U80/><E110/><V9/><F118/><W18/><G111/><T45/><D43/><U33/><E33/><V68/><F68/><W65/><G22/><T7/><D7/><U6/><E135/><V109/><F15/><W98/><G98/><T126/><D126/><U31/><E31/><V90/><F90/><W54/><G54/><T95/><D95/><U127/><E71/><V125/><F125/><N who="1" m="48201" /><E6/><V113/><F113/><N who="3" m="43627" /><G83/><T14/><D102/><U61/><E61/><V29/><F29/><W4/><G81/><T37/><D37/><U88/><E91/><V0/><F0/><W86/><G4/><T92/><D92/><U35/><E35/><V134/><F134/><W48/><G86/><AGARI ba="0,0" hai="8,11,75,79,80,86,88,93,104,106,107" m="48201" machi="86" ten="40,2600,0" yaku="18,1,54,1" doraHai="57" who="1" fromWho="3" sc="88,0,407,26,287,0,218,-26" /><INIT seed="5,0,0,4,0,0" ten="88,433,287,192" oya="1" hai0="109,28,106,10,133,30,123,119,99,39,37,131,86" hai1="91,118,135,103,117,120,84,69,3,8,114,11,130" hai2="70,64,113,61,80,54,92,121,124,51,90,85,16" hai3="40,110,31,105,56,2,96,116,34,29,125,45,98"/><U63/><E120/><V87/><F121/><W44/><G110/><T25/><D30/><U50/><E114/><V102/><F124/><W38/><G2/><T52/><D123/><U73/><E130/><V111/><F111/><W48/><G125/><T94/><D109/><U7/><E135/><V81/><F113/><W134/><G134/><T107/><D133/><U32/><E32/><V21/><F102/><W76/><G76/><T93/><D119/><U58/><E73/><V17/><F21/><W42/><G116/><T65/><D65/><U33/><E33/><V68/><F68/><W24/><G105/><T101/><D131/><U43/><E103/><V62/><F62/><W95/><G31/><T115/><D115/><U59/><E69/><V5/><F5/><W53/><REACH who="3" step="1"/><G95/><REACH who="3" ten="88,433,287,182" step="2"/><T122/><D107/><U112/><E112/><V23/><F92/><W27/><G27/><T128/><D106/><U132/><E132/><V47/><REACH who="2" step="1"/><F23/><REACH who="2" ten="88,433,277,182" step="2"/><W129/><G129/><T36/><D128/><U67/><E118/><V35/><F35/><W72/><G72/><T100/><D122/><U127/><E117/><V49/><F49/><AGARI ba="0,2" hai="24,29,34,38,40,42,44,45,48,49,53,56,96,98" machi="49" ten="30,2000,0" yaku="1,1,7,1,53,0" doraHai="0" doraHaiUra="126" who="3" fromWho="2" sc="88,0,433,0,277,-20,182,40" /><INIT seed="6,0,0,5,3,37" ten="88,433,257,222" oya="2" hai0="46,85,33,21,47,135,110,119,54,15,42,49,19" hai1="111,96,70,89,124,39,107,130,11,80,10,106,24" hai2="65,41,97,12,57,127,27,69,48,83,123,101,76" hai3="112,8,32,121,61,18,126,52,81,79,108,14,13"/><V122/><F69/><W133/><G108/><T5/><D110/><U115/><E70/><V31/><F127/><W71/><G121/><T68/><D68/><U16/><E111/><V17/><F65/><W56/><G32/><T95/><D135/><U29/><E124/><V98/><F57/><W4/><G126/><T82/><D33/><U84/><E39/><V109/><F109/><W7/><G112/><T60/><D119/><U104/><E115/><V105/><F98/><W125/><G125/><T132/><D132/><U63/><E130/><V116/><F116/><W93/><G133/><T44/><D5/><U92/><E63/><V90/><F90/><W131/><G131/><T58/><REACH who="0" step="1"/><D95/><REACH who="0" ten="78,433,257,222" step="2"/><U118/><E118/><V120/><F123/><W22/><G71/><T40/><D40/><U3/><E92/><V114/><F122/><W72/><G93/><T6/><D6/><AGARI ba="0,1" hai="4,6,7,8,13,14,18,22,52,56,61,72,79,81" machi="6" ten="30,2000,0" yaku="7,1,54,1" doraHai="37" who="3" fromWho="0" sc="78,-20,433,0,257,0,222,30" /><INIT seed="7,0,0,0,1,121" ten="58,433,257,252" oya="3" hai0="90,19,31,82,133,97,108,9,48,78,93,46,26" hai1="42,119,115,74,29,68,77,60,132,44,117,6,14" hai2="84,35,110,75,109,86,69,38,24,8,10,57,53" hai3="80,16,126,100,131,56,1,112,81,87,83,49,101"/><W33/><G33/><T88/><D133/><U67/><E132/><V105/><F75/><W4/><G112/><T70/><D70/><U34/><E115/><V92/><F105/><W59/><G1/><T36/><D36/><N who="1" m="21575" /><E14/><V62/><F38/><W39/><G39/><T135/><D135/><U124/><E6/><V45/><F69/><W65/><G4/><T129/><D129/><U125/><E77/><V18/><F45/><W103/><G126/><N who="1" m="48746" /><E74/><V76/><F76/><W28/><G28/><T22/><D78/><U134/><E134/><V118/><F118/><W58/><G131/><T123/><D123/><U106/><E106/><V107/><F107/><W99/><G65/><T0/><D0/><U95/><E95/><V102/><F8/><W11/><G99/><T37/><D37/><U40/><E40/><V89/><F84/><W21/><G11/><T79/><D79/><U94/><E94/><V122/><F122/><W15/><REACH who="3" step="1"/><G49/><REACH who="3" ten="58,433,257,242" step="2"/><T5/><D5/><U50/><E50/><V2/><F35/><W64/><G64/><T130/><D130/><U30/><E34/><V96/><F2/><W116/><G116/><AGARI ba="0,1" hai="29,30,60,67,68,116,117,119" m="48746,21575" machi="116" ten="30,2000,0" yaku="12,1,18,1" doraHai="121" who="1" fromWho="3" sc="58,0,433,30,257,0,242,-20" owari="58,-44.0,463,56.0,257,6.0,222,-18.0" /></mjloggm>