<mjloggm ver="2.3"><GO type="41" lobby="0"/><UN n0="%54%2D%4D%45%54%41" n1="%E2%93%9D%53%75%70%68%78" n2="%68%6F%73%68%69%6E%65%6E" n3="%E8%A6%87%E8%BB%8D%E6%98%9F%E5%90%9B" dan="14,17,13,14" rate="1945.84,2000.34,1877.82,1962.47" sx="M,M,M,F"/><TAIKYOKU oya="0"/><INIT seed="0,0,0,2,5,112" ten="250,250,250,250" oya="0" hai0="19,34,49,91,87,118,129,48,4,64,123,43,59" hai1="92,42,52,70,7,29,41,44,65,8,86,103,104" hai2="12,33,133,131,25,21,28,111,73,97,79,3,32" hai3="61,105,56,5,77,135,90,1,98,46,125,40,94"/><T119/><D123/><U63/><E104/><V9/><F73/><W15/><G125/><T60/><D34/><U126/><E126/><V85/><F111/><W30/><G135/><T16/><D4/><U95/><E29/><V62/><F133/><W75/><G105/><T69/><D129/><U11/><E11/><V20/><F131/><W115/><G115/><T66/><D49/><U10/><E10/><V132/><F132/><W134/><G134/><T76/><D76/><U13/><E103/><V23/><F97/><W51/><G1/><T54/><D43/><U128/><E128/><V106/><F106/><W37/><G30/><T14/><D66/><U101/><E101/><V67/><F33/><W99/><G37/><T88/><D91/><U109/><E109/><V114/><F3/><W117/><G117/><T108/><D108/><U18/><E7/><V124/><F124/><W78/><G98/><T107/><D107/><U113/><E113/><V110/><F110/><W2/><G75/><T84/><D84/><U81/><E42/><V58/><F114/><W116/><G116/><T53/><D53/><U57/><E70/><V38/><F38/><W102/><G2/><T22/><D19/><U39/><REACH who="1" step="1"/><E65/><REACH who="1" ten="250,240,250,250" step="2"/><V80/><F32/><W68/><G68/><T45/><D69/><U17/><E17/><AGARI ba="0,1" hai="9,12,17,20,21,23,25,28,58,62,67,79,80,85" machi="17" ten="30,2000,0" yaku="7,1,8,1" doraHai="112" who="2" fromWho="1" sc="250,0,240,-20,250,30,250,0" /><INIT seed="1,0,0,4,1,95" ten="250,220,280,250" oya="1" hai0="96,4,77,89,126,69,113,72,35,34,5,58,10" hai1="91,108,109,6,65,115,135,19,103,3,55,129,112" hai2="98,79,105,111,124,37,32,41,45,118,51,120,53" hai3="70,50,130,97,132,75,49,23,38,1,30,110,62"/><U74/><E65/><V57/><F120/><W107/><G1/><T134/><D69/><U43/><E43/><V93/><F118/><W2/><G2/><T127/><D113/><U76/><E19/><V22/><F32/><W60/><G38/><T25/><D77/><U94/><E55/><V39/><F105/><W102/><G110/><N who="1" m="42602" /><E6/><V61/><F79/><W81/><G132/><T78/><D134/><U44/><E44/><V86/><F86/><W116/><G116/><T13/><D5/><U15/><E15/><V99/><F93/><W54/><G130/><T71/><D71/><U17/><E17/><V104/><F104/><W24/><G24/><T20/><BYE who="3" /><D78/><U40/><E40/><V123/><F123/><W92/><G92/><N who="0" m="56335" /><D72/><U131/><E3/><V80/><F39/><W68/><G68/><T46/><D58/><U14/><E14/><V21/><F37/><W128/><G128/><N who="1" m="49226" /><E103/><V84/><F111/><W122/><G122/><T121/><D46/><U52/><E135/><V85/><F45/><W88/><G88/><T73/><D73/><U28/><E28/><V11/><F57/><W59/><G59/><T56/><D121/><UN n3="%E8%A6%87%E8%BB%8D%E6%98%9F%E5%90%9B" /><U31/><E31/><V83/><F41/><W29/><G29/><N who="0" m="17575" /><D56/><U133/><E133/><V63/><F11/><W87/><G70/><T119/><D119/><U16/><E16/><V48/><F53/><W8/><G8/><BYE who="3" /><T42/><D42/><U47/><E52/><V12/><F12/><W36/><G36/><T117/><D117/><U64/><E47/><V125/><AGARI ba="0,0" hai="21,22,48,51,61,63,80,83,84,85,98,99,124,125" machi="125" ten="25,8000,1" yaku="0,1,22,2,52,2" doraHai="95" who="2" fromWho="2" sc="250,-20,220,-40,280,80,250,-20" /><INIT seed="2,0,0,5,2,8" ten="230,180,360,230" oya="2" hai0="34,97,77,108,21,32,89,99,66,18,28,125,121" hai1="120,45,17,60,88,118,20,82,92,103,69,27,65" hai2="107,23,7,39,37,84,95,38,0,25,134,76,35" hai3="75,106,86,94,30,9,131,81,29,113,4,53,40"/><V19/><F107/><W2/><G2/><T96/><D108/><U14/><E118/><V12/><F134/><W73/><G73/><T111/><D111/><U5/><E120/><V115/><F115/><W71/><G71/><T102/><D125/><U26/><E103/><V117/><F117/><W133/><G133/><T70/><D121/><U72/><E5/><V10/><F76/><W90/><G90/><T80/><D89/><U124/><E124/><V127/><F127/><W58/><G58/><T56/><D70/><U79/><REACH who="1" step="1"/><E45/><REACH who="1" ten="230,170,360,230" step="2"/><V130/><F130/><W62/><G62/><T54/><D102/><U126/><E126/><V91/><REACH who="2" step="1"/><F35/><REACH who="2" ten="230,170,350,230" step="2"/><W16/><G16/><T87/><D18/><U100/><E100/><V11/><F11/><W135/><G135/><T123/><D32/><U51/><E51/><V52/><F52/><W22/><G22/><T114/><D21/><UN n3="%E8%A6%87%E8%BB%8D%E6%98%9F%E5%90%9B" /><U105/><E105/><V64/><F64/><W129/><G106/><T50/><D66/><U44/><E44/><V122/><F122/><W110/><G129/><T48/><D34/><U49/><E49/><V47/><F47/><W15/><G131/><T46/><D123/><U109/><E109/><V63/><F63/><W67/><G67/><T31/><REACH who="0" step="1"/><D114/><REACH who="0" ten="220,170,350,230" step="2"/><U43/><E43/><AGARI ba="0,3" hai="28,31,43,46,48,50,54,56,77,80,87,96,97,99" machi="43" ten="40,8000,1" yaku="1,1,2,1,8,1,53,1" doraHai="8" doraHaiUra="42" who="0" fromWho="1" sc="220,110,170,-80,350,0,230,0" /><INIT seed="3,0,0,1,5,80" ten="330,90,350,230" oya="3" hai0="125,14,22,19,135,95,29,120,13,64,108,109,4" hai1="60,99,12,72,55,97,105,88,66,82,48,116,8" hai2="129,117,84,128,3,83,71,40,111,9,26,27,69" hai3="107,113,115,110,59,31,49,50,98,56,54,103,11"/><W124/><G124/><T21/><D64/><U119/><E72/><V91/><F117/><N who="1" m="45129" /><E105/><V93/><F111/><N who="0" m="42570" /><D120/><U33/><E33/><V126/><F126/><W130/><G110/><T132/><D125/><U28/><E28/><V0/><F40/><W15/><G130/><N who="2" m="50281" /><F27/><W134/><G31/><T127/><D127/><U133/><E133/><N who="0" m="51273" /><D95/><U100/><E100/><V81/><F26/><W76/><G134/><T51/><D51/><U104/><E104/><V67/><F67/><W79/><G113/><T43/><D43/><U65/><E65/><V39/><F39/><W42/><G115/><T86/><D86/><N who="1" m="50263" /><E66/><V18/><F69/><W89/><G103/><T90/><D90/><U30/><E30/><V53/><F53/><N who="3" m="31791" /><G42/><T20/><D29/><U92/><E60/><V23/><F71/><W131/><G107/><T101/><D101/><U77/><E92/><V121/><F121/><W16/><G131/><T74/><D74/><U62/><E62/><V96/><F81/><W25/><G25/><T58/><D58/><N who="1" m="33127" /><E77/><V78/><F9/><AGARI ba="0,0" hai="4,9,13,14,19,20,21,22" m="51273,42570" machi="9" ten="30,7700,0" yaku="14,1,20,1,34,2" doraHai="80" who="0" fromWho="2" sc="330,77,90,0,350,-77,230,0" /><INIT seed="4,0,0,1,5,107" ten="407,90,273,230" oya="0" hai0="49,63,75,33,48,124,95,65,128,103,17,5,53" hai1="114,123,111,13,82,47,34,105,16,93,25,50,80" hai2="96,77,24,109,112,45,1,51,66,106,97,37,58" hai3="23,72,117,27,4,110,121,7,43,83,42,52,127"/><T40/><D33/><U126/><E111/><V35/><F1/><W60/><G110/><T133/><D5/><U78/><E105/><V8/><F109/><W59/><G117/><T76/><D40/><U12/><E123/><V36/><F8/><W39/><G121/><T0/><D0/><U3/><E126/><V130/><F130/><W122/><G122/><T61/><D103/><U21/><E3/><V28/><F97/><W104/><G127/><T11/><D95/><U79/><E114/><V2/><F2/><W57/><G104/><T62/><D128/><U90/><E34/><V73/><F58/><W30/><G57/><T69/><D49/><U15/><E79/><V101/><F66/><W6/><REACH who="3" step="1"/><G39/><REACH who="3" ten="407,90,273,220" step="2"/><T86/><D124/><U67/><E67/><V132/><F112/><W81/><G81/><T68/><D65/><U135/><E135/><V115/><F132/><W71/><G71/><T74/><D68/><U92/><E82/><V38/><F115/><W113/><G113/><T19/><D69/><U102/><E102/><V46/><F37/><W108/><G108/><T26/><D133/><U56/><E56/><V119/><F119/><W54/><G54/><T44/><D53/><U129/><E129/><V118/><F118/><W99/><G99/><T70/><D70/><U18/><E93/><V9/><F38/><W41/><G41/><T125/><D125/><U31/><E92/><V100/><F106/><W29/><G29/><T22/><D62/><U32/><E90/><V64/><F36/><W14/><G14/><T134/><D134/><U94/><E94/><RYUUKYOKU ba="0,1" sc="407,-10,90,-10,273,-10,220,30" hai3="4,6,7,23,27,30,42,43,52,59,60,72,83" /><INIT seed="5,1,1,1,4,17" ten="397,80,263,250" oya="1" hai0="130,43,2,22,84,125,13,9,23,34,114,4,100" hai1="65,85,55,127,94,106,134,67,7,86,111,52,73" hai2="97,116,8,110,76,12,58,39,54,29,75,48,102" hai3="124,98,56,70,79,72,77,101,74,35,135,63,6"/><U92/><E73/><V83/><F116/><W38/><G35/><T133/><D34/><U28/><E106/><V115/><F110/><W121/><G121/><T120/><D2/><U36/><E36/><V88/><F39/><W119/><G119/><T68/><D68/><U27/><E7/><V82/><F29/><W14/><G38/><T91/><D100/><U60/><E134/><V123/><F115/><W21/><G70/><T105/><D105/><U131/><E131/><V33/><F33/><W99/><G135/><T51/><D133/><U87/><E127/><V107/><F123/><W5/><G124/><T24/><D24/><U93/><E111/><V57/><F57/><W128/><G128/><T0/><D0/><U25/><E60/><V19/><F83/><W20/><G101/><T30/><D30/><U44/><E44/><V95/><F107/><W81/><G81/><T16/><D130/><U69/><E69/><V32/><F32/><W96/><G72/><T71/><D71/><U104/><E104/><V15/><F15/><W89/><G89/><T50/><D125/><U112/><E112/><V49/><F102/><W41/><G41/><T11/><D43/><U132/><E132/><V78/><F76/><N who="3" m="29259" /><G74/><T126/><D114/><U37/><E37/><V47/><F47/><W61/><G61/><AGARI ba="1,1" hai="8,12,19,48,49,54,58,61,75,78,82,88,95,97" machi="61" ten="30,2000,0" yaku="7,1,54,1" doraHai="17" who="2" fromWho="3" sc="397,0,80,0,263,33,250,-23" /><INIT seed="6,0,0,4,3,107" ten="397,80,296,227" oya="2" hai0="27,125,16,129,97,65,80,94,111,76,66,45,74" hai1="71,83,105,98,28,73,112,89,21,14,85,57,124" hai2="35,101,75,68,34,13,48,54,123,128,49,46,99" hai3="29,86,77,4,127,7,82,126,109,116,96,58,37"/><V24/><F123/><W115/><G109/><T52/><D111/><U91/><E71/><V59/><F68/><W90/><G116/><T118/><D125/><N who="3" m="47625" /><G37/><T6/><D129/><U44/><E124/><V95/><F128/><W78/><G115/><T69/><D6/><N who="3" m="2089" /><G29/><T63/><D66/><U81/><E112/><V30/><F13/><W92/><G58/><T113/><D118/><U17/><E28/><V122/><F122/><W39/><G39/><T102/><D113/><U88/><E44/><V103/><F103/><AGARI ba="0,0" hai="77,78,82,86,90,92,96,103" m="2089,47625" machi="103" ten="30,1000,0" yaku="18,1" doraHai="107" who="3" fromWho="2" sc="397,0,80,0,296,-10,227,10" /><INIT seed="7,0,0,4,5,102" ten="397,80,286,237" oya="3" hai0="127,83,9,39,95,108,132,93,64,51,114,75,14" hai1="110,78,53,118,91,45,121,25,50,99,86,87,35" hai2="66,79,8,37,57,12,4,113,63,31,26,52,76" hai3="111,103,40,126,48,125,123,38,33,65,106,124,85"/><W3/><G123/><T10/><D108/><U69/><E121/><V23/><F113/><W41/><G111/><T107/><D39/><U88/><E110/><V68/><REACH who="2" step="1"/><F37/><REACH who="2" ten="397,80,276,237" step="2"/><W60/><G38/><T129/><D114/><U104/><E118/><V42/><F42/><W58/><G3/><T27/><D132/><U122/><E122/><V47/><F47/><W80/><G33/><T120/><D120/><U46/><E69/><V94/><F94/><W15/><G15/><T22/><D93/><U97/><E35/><V1/><F1/><W100/><G48/><AGARI ba="0,1" hai="4,8,12,23,26,31,48,52,57,63,66,68,76,79" machi="48" ten="30,7700,0" yaku="1,1,7,1,54,1,53,1" doraHai="102" doraHaiUra="5" who="2" fromWho="3" sc="397,0,80,0,276,87,237,-77" owari="397,50.0,80,-42.0,363,16.0,160,-24.0" /></mjloggm>