<mjloggm ver="2.3"><GO type="41" lobby="0"/><UN n0="%E3%82%AD%E3%83%A3%E3%83%83%E3%83%91" n1="%E2%93%9D%53%75%70%68%78" n2="%E3%83%9D%E3%82%AB%E3%83%AA%34%39%30" n3="%E3%83%80%E3%83%B4%E3%82%A3" dan="14,18,15,14" rate="1895.77,2149.99,1903.75,1871.95" sx="M,M,M,M"/><TAIKYOKU oya="0"/><INIT seed="0,0,0,5,3,93" ten="250,250,250,250" oya="0" hai0="79,33,29,9,16,45,44,71,108,100,103,82,109" hai1="116,12,57,76,91,105,107,83,123,61,1,36,69" hai2="50,126,104,92,13,89,125,55,19,63,31,15,119" hai3="74,120,66,17,11,64,127,7,51,133,27,34,96"/><T75/><D71/><U40/><E1/><V52/><F104/><W114/><G74/><T86/><D33/><U87/><E123/><V90/><F31/><W54/><G120/><T59/><D29/><U37/><E116/><V48/><F63/><W62/><G127/><T106/><D59/><U10/><E69/><V78/><F78/><W102/><G133/><T42/><D75/><U47/><E37/><V101/><F101/><W6/><G114/><T21/><D9/><U88/><E107/><V98/><F119/><W118/><G118/><T18/><D18/><U3/><E3/><V56/><F90/><W22/><G34/><T72/><D72/><U81/><E105/><V25/><F25/><W53/><G6/><T35/><D35/><U95/><E91/><V23/><REACH who="2" step="1"/><F13/><REACH who="2" ten="250,250,240,250" step="2"/><W8/><G62/><T65/><D106/><U128/><E76/><V121/><F121/><W99/><G102/><T38/><D45/><AGARI ba="0,1" hai="15,19,23,45,48,50,52,55,56,89,92,98,125,126" machi="45" ten="40,5200,0" yaku="1,1,52,1,54,1,53,0" doraHai="93" doraHaiUra="28" who="2" fromWho="0" sc="250,-52,250,0,240,62,250,0" /><INIT seed="1,0,0,1,4,36" ten="198,250,302,250" oya="1" hai0="130,77,25,26,69,44,13,121,2,109,56,75,60" hai1="14,27,83,74,67,116,1,66,51,73,41,32,102" hai2="8,45,85,135,89,33,88,24,82,0,34,48,9" hai3="40,72,65,23,97,47,86,98,57,55,12,79,112"/><U108/><E1/><V111/><F135/><W105/><G72/><T39/><D13/><U80/><E116/><V94/><F111/><W87/><G65/><T120/><D130/><U49/><E14/><V6/><F9/><W90/><G112/><T96/><D109/><U71/><E108/><V113/><F24/><W31/><G79/><T110/><D69/><U126/><E27/><V93/><F82/><W115/><G115/><T62/><D96/><U54/><E54/><V100/><F100/><W101/><G55/><T10/><D25/><U131/><E102/><V95/><F95/><W81/><G57/><T76/><D56/><U38/><E38/><V17/><F17/><W123/><G123/><T21/><D77/><U91/><E126/><V63/><F63/><W59/><G59/><T103/><D103/><U50/><E32/><V28/><F28/><W122/><G122/><N who="0" m="47211" /><D76/><U117/><E71/><V3/><F0/><W18/><G98/><T128/><D75/><U15/><E15/><V4/><F6/><W104/><G87/><T53/><D128/><U129/><E117/><V70/><F113/><W37/><REACH who="3" step="1"/><G31/><REACH who="3" ten="198,250,302,240" step="2"/><N who="0" m="17871" /><D53/><U19/><E131/><V118/><F70/><W68/><G68/><T16/><D110/><U46/><E129/><V52/><F118/><W11/><G11/><T124/><D124/><U58/><E74/><V119/><F119/><W64/><G64/><T30/><D30/><U133/><E67/><V22/><F22/><W132/><G132/><T20/><D10/><U107/><E66/><V7/><F7/><W106/><AGARI ba="0,1" hai="12,18,23,37,40,47,81,86,90,97,101,104,105,106" machi="106" ten="20,8000,1" yaku="1,1,0,1,7,1,52,1,53,1" doraHai="36" doraHaiUra="42" who="3" fromWho="3" sc="198,-20,250,-40,302,-20,240,90" /><INIT seed="2,0,0,1,1,78" ten="178,210,282,330" oya="2" hai0="122,126,45,16,32,2,25,62,130,68,51,41,88" hai1="7,96,118,120,48,129,107,102,23,39,72,97,109" hai2="104,43,12,111,124,74,87,27,94,46,61,81,49" hai3="89,6,93,133,66,135,29,65,91,76,31,56,44"/><V105/><F74/><W79/><G6/><T59/><D122/><U132/><E39/><V47/><F124/><W110/><G44/><T37/><D126/><U26/><E118/><V24/><F104/><W5/><G5/><T0/><D130/><U1/><E109/><V101/><F105/><W38/><G38/><T35/><D35/><U54/><E132/><V28/><F111/><W4/><G4/><T71/><D71/><U134/><E97/><V103/><F94/><W22/><G110/><T42/><D42/><U67/><E67/><V113/><F61/><W50/><G56/><T33/><D33/><U125/><E72/><V119/><F113/><W106/><G106/><T60/><D62/><U92/><E134/><V19/><F46/><W95/><REACH who="3" step="1"/><G22/><REACH who="3" ten="178,210,282,320" step="2"/><T123/><D123/><U8/><E107/><V63/><F119/><W3/><G3/><T83/><D0/><U90/><E120/><V36/><F36/><W9/><G9/><T85/><D2/><U30/><E125/><V77/><F63/><W98/><G98/><T108/><D108/><U69/><E69/><V34/><REACH who="2" step="1"/><F24/><REACH who="2" ten="178,210,272,320" step="2"/><W128/><G128/><T73/><D25/><U64/><E129/><V86/><F86/><W58/><G58/><T116/><D59/><U82/><E26/><V52/><F52/><W14/><G14/><T17/><D85/><N who="1" m="50487" /><E54/><V15/><F15/><W55/><G55/><T99/><D99/><U84/><E84/><V117/><F117/><W40/><G40/><T80/><D41/><U131/><E131/><V53/><F53/><W100/><G100/><T57/><D116/><RYUUKYOKU ba="0,2" sc="178,-15,210,-15,272,15,320,15" hai2="12,19,27,28,34,43,47,49,77,81,87,101,103" hai3="29,31,50,65,66,76,79,89,91,93,95,133,135" /><INIT seed="2,1,2,5,2,11" ten="163,195,287,335" oya="2" hai0="135,75,41,24,72,42,5,106,21,47,124,133,84" hai1="26,9,113,10,51,79,63,40,39,95,33,30,128" hai2="8,122,81,12,110,112,36,90,102,60,18,3,93" hai3="108,76,54,64,80,37,50,59,99,44,52,34,77"/><V56/><F112/><W48/><G34/><T70/><D106/><U0/><E113/><V100/><F122/><W25/><G25/><T66/><D124/><U114/><E114/><V96/><F36/><W129/><G129/><T62/><D5/><U120/><E39/><V85/><F3/><W88/><G37/><N who="0" m="21935" /><D42/><U73/><E128/><V131/><F131/><W32/><G32/><T22/><D84/><U49/><E120/><V20/><F110/><W105/><G108/><T74/><D24/><U134/><E134/><AGARI ba="1,2" hai="21,22,62,66,70,72,74,75,133,134,135" m="21935" machi="134" ten="40,1300,0" yaku="20,1" doraHai="11" who="0" fromWho="1" sc="163,36,195,-16,287,0,335,0" /><INIT seed="3,0,0,2,1,122" ten="199,179,287,335" oya="3" hai0="20,18,15,30,46,29,41,131,58,21,79,100,120" hai1="111,117,88,47,78,114,43,67,82,112,80,90,128" hai2="105,135,101,60,36,26,44,10,130,13,76,83,56" hai3="72,2,12,64,108,68,110,113,45,121,57,1,84"/><W74/><G45/><T99/><D120/><U39/><E128/><V89/><F130/><W116/><G121/><T66/><D79/><U5/><E117/><V48/><F36/><W23/><G57/><T69/><D131/><U106/><E106/><V97/><F135/><W7/><G12/><T129/><D129/><U27/><E67/><V3/><F3/><N who="3" m="1035" /><G7/><T70/><D30/><U104/><E104/><V115/><F26/><W123/><G23/><T16/><D29/><U95/><E5/><V134/><F134/><W53/><G53/><T132/><D58/><U24/><E47/><V96/><F115/><W55/><G55/><T34/><D66/><U103/><E43/><V65/><F96/><W50/><G50/><T98/><D34/><U0/><E0/><V22/><F22/><W52/><G52/><T107/><D98/><U102/><E78/><V91/><F48/><W126/><G123/><T109/><D132/><U8/><E95/><V71/><F44/><W49/><G49/><T6/><D6/><U85/><E85/><V35/><F35/><W33/><G84/><T59/><D59/><U133/><E133/><V118/><F56/><W125/><G33/><T38/><REACH who="0" step="1"/><D109/><REACH who="0" ten="189,179,287,335" step="2"/><N who="3" m="42089" /><G116/><T51/><D51/><U94/><E111/><V127/><F118/><W19/><G19/><T77/><D77/><U73/><E114/><V9/><F76/><W124/><G113/><T54/><D54/><U93/><E112/><V40/><F97/><W14/><G14/><AGARI ba="0,1" hai="14,15,16,18,20,21,38,41,46,69,70,99,100,107" machi="14" ten="30,7700,0" yaku="1,1,7,1,9,1,54,1,53,0" doraHai="122" doraHaiUra="62" who="0" fromWho="3" sc="189,87,179,0,287,0,335,-77" /><INIT seed="4,0,0,1,4,55" ten="276,179,287,258" oya="0" hai0="121,80,61,26,116,6,3,43,111,42,88,65,94" hai1="100,122,110,70,44,56,118,10,97,39,95,76,92" hai2="135,69,35,112,71,105,12,1,45,41,102,119,96" hai3="82,113,83,27,81,46,17,68,60,117,115,32,9"/><T77/><D116/><U79/><E70/><V75/><F119/><W24/><G46/><T53/><D121/><U134/><E118/><V57/><F1/><W21/><G117/><T29/><D6/><U28/><E110/><V131/><F35/><W58/><G68/><T38/><D3/><U123/><E134/><V85/><F75/><W125/><G125/><T40/><D53/><U90/><E28/><V13/><F135/><W99/><G99/><T107/><D107/><U109/><E109/><V22/><F12/><W132/><G132/><T0/><D0/><U108/><E108/><V59/><F69/><W11/><G32/><T62/><D38/><U16/><E44/><V20/><F20/><W78/><G78/><T127/><D127/><U37/><E37/><V103/><F71/><W106/><G106/><T104/><D65/><U91/><E39/><V73/><F73/><W74/><G74/><T114/><D104/><U2/><E2/><V48/><F103/><W47/><G47/><T130/><D111/><U98/><E100/><V66/><F66/><N who="3" m="39191" /><G24/><T129/><D62/><U87/><E87/><V72/><F72/><W101/><G101/><T124/><D61/><U120/><REACH who="1" step="1"/><E56/><REACH who="1" ten="276,169,287,258" step="2"/><V14/><F57/><W64/><G64/><T31/><D124/><U93/><E93/><V25/><F59/><W67/><G67/><T49/><D31/><U15/><AGARI ba="0,1" hai="10,15,16,76,79,90,91,92,95,97,98,120,122,123" machi="15" ten="40,8000,1" yaku="1,1,0,1,9,1,54,1,53,0" doraHai="55" doraHaiUra="50" who="1" fromWho="1" sc="276,-40,169,90,287,-20,258,-20" /><INIT seed="5,0,0,5,4,75" ten="236,259,267,238" oya="1" hai0="17,24,54,111,106,32,49,22,70,96,40,0,71" hai1="19,59,62,122,1,38,83,68,26,90,37,129,98" hai2="58,114,41,9,103,72,134,87,112,5,97,16,113" hai3="124,33,18,80,65,8,42,69,30,6,60,93,102"/><U10/><E122/><V64/><F72/><W109/><G42/><T21/><D0/><U120/><E68/><V39/><F134/><W78/><G33/><T57/><D111/><U133/><E129/><V91/><F39/><W101/><G30/><T94/><D106/><U126/><E126/><V56/><F41/><W100/><G109/><T76/><D32/><U46/><E120/><V55/><F64/><W2/><G124/><T107/><D40/><U4/><E46/><V84/><F58/><W50/><G50/><T79/><D71/><U29/><E19/><V104/><F91/><W81/><G81/><T82/><D82/><U99/><E133/><V135/><F135/><W121/><G121/><T52/><D107/><U51/><E51/><N who="2" m="30847" /><F16/><W28/><G28/><N who="0" m="17423" /><D54/><U108/><E108/><V67/><F67/><W105/><G105/><T88/><D70/><U45/><E38/><V53/><F53/><W128/><G128/><T14/><AGARI ba="0,0" hai="14,17,22,49,52,57,76,79,88,94,96" m="17423" machi="14" ten="30,8000,1" yaku="8,1,52,2,54,2" doraHai="75" who="0" fromWho="0" sc="236,80,259,-40,267,-20,238,-20" /><INIT seed="6,0,0,2,5,2" ten="316,219,247,218" oya="2" hai0="71,69,37,53,131,62,11,10,5,93,35,16,80" hai1="24,109,50,20,91,19,82,101,124,55,94,7,51" hai2="77,132,127,21,41,54,86,32,8,133,111,130,36" hai3="29,14,73,70,52,33,85,98,26,47,129,9,115"/><V74/><F32/><W40/><G73/><T99/><D35/><U112/><E109/><V61/><F74/><W75/><G75/><T117/><D37/><U110/><E112/><V134/><F111/><W45/><G115/><T121/><D121/><U23/><E124/><V64/><F36/><W27/><G27/><T49/><D80/><U128/><E128/><V79/><F41/><W116/><G129/><T123/><D123/><U34/><E34/><V42/><F42/><W97/><G70/><T90/><D62/><U57/><E110/><V39/><F39/><W0/><G0/><T4/><D131/><U48/><E7/><N who="0" m="2633" /><D69/><U30/><E82/><V72/><F72/><W100/><G40/><T1/><D71/><U13/><REACH who="1" step="1"/><E101/><REACH who="1" ten="316,209,247,218" step="2"/><V31/><F127/><W12/><G100/><T102/><D1/><U84/><AGARI ba="0,1" hai="13,19,20,23,24,30,48,50,51,55,57,84,91,94" machi="84" ten="20,12000,2" yaku="1,1,2,1,0,1,7,1,25,2,8,1,53,0" doraHai="2" doraHaiUra="43" who="1" fromWho="1" sc="316,-30,209,130,247,-60,218,-30" /><INIT seed="7,0,0,4,4,38" ten="286,339,187,188" oya="3" hai0="112,82,53,60,18,116,20,101,51,95,29,123,5" hai1="56,114,45,77,118,83,128,36,98,15,89,132,34" hai2="27,54,111,78,65,115,74,1,9,70,133,113,32" hai3="107,63,31,108,30,10,8,91,40,73,13,122,124"/><W129/><G73/><T6/><D116/><U72/><E34/><V81/><F111/><W92/><G108/><T126/><D123/><U69/><E69/><V134/><F54/><W102/><G122/><T117/><D126/><U80/><E132/><N who="2" m="50795" /><F65/><W39/><G124/><T84/><D60/><U50/><E114/><N who="2" m="43531" /><F70/><W105/><G63/><T35/><D29/><U67/><E128/><V64/><F64/><W127/><G129/><T52/><D35/><U46/><E67/><V130/><F130/><W75/><G127/><T26/><D53/><U21/><E118/><V119/><F119/><W99/><G10/><T94/><D112/><U42/><E56/><V7/><F27/><W48/><G39/><T97/><D95/><U25/><E36/><V44/><F44/><N who="3" m="25607" /><G105/><T109/><D109/><U100/><E46/><V93/><F93/><N who="3" m="58735" /><G75/><T85/><D117/><U49/><E72/><V106/><F32/><W2/><G2/><T125/><D125/><U61/><E45/><V58/><F58/><W59/><G59/><T135/><D135/><U41/><E61/><V14/><F1/><W131/><G131/><T28/><D82/><U3/><E83/><V17/><F106/><W104/><G104/><T22/><D85/><U121/><E3/><V4/><AGARI ba="0,0" hai="4,7,9,14,17,74,78,81" m="43531,50795" machi="4" ten="40,2700,0" yaku="20,1,15,1" doraHai="38" who="2" fromWho="2" sc="286,-7,339,-7,187,27,188,-13" owari="279,8.0,332,43.0,214,-19.0,175,-32.0" /></mjloggm>