<mjloggm ver="2.3"><GO type="41" lobby="0"/><UN n0="%28%3D%5E%CF%89%5E%3D%29" n1="%E2%93%9D%53%75%70%68%78" n2="%E7%99%BD%E3%83%9D%E3%83%83%E3%83%81" n3="%70%6C%69%75%79%74" dan="15,17,13,14" rate="1993.20,2061.87,1869.35,1844.22" sx="F,M,M,M"/><TAIKYOKU oya="0"/><INIT seed="0,0,0,3,2,132" ten="250,250,250,250" oya="0" hai0="125,128,59,74,93,9,109,0,95,108,31,18,4" hai1="42,107,5,54,40,48,61,80,26,104,127,24,17" hai2="45,85,27,41,118,102,81,39,32,121,89,133,115" hai3="52,88,53,75,126,134,68,25,114,94,117,57,49"/><T66/><D74/><U3/><E3/><V78/><F115/><W92/><G134/><T84/><D128/><U123/><E5/><V62/><F121/><W79/><G114/><T65/><D31/><U73/><E61/><V86/><F133/><W90/><G117/><T119/><D119/><U87/><E73/><V29/><F118/><W58/><G68/><T100/><D18/><U35/><E35/><V14/><F102/><W67/><G67/><T6/><D6/><U91/><E107/><V103/><F103/><W23/><G75/><T131/><D131/><U19/><E104/><V47/><F47/><W2/><G2/><T70/><D70/><U46/><E127/><V82/><F14/><W77/><G126/><T135/><D135/><U37/><E37/><V120/><F62/><W101/><G101/><T44/><D44/><U106/><E106/><V7/><F7/><W34/><G34/><T113/><D113/><U1/><E1/><V22/><REACH who="2" step="1"/><F120/><REACH who="2" ten="250,250,240,250" step="2"/><W99/><G25/><N who="1" m="9834" /><E123/><V111/><F111/><N who="0" m="42570" /><D125/><U10/><E19/><V60/><F60/><W43/><G23/><AGARI ba="0,1" hai="22,23,27,29,32,39,41,45,78,81,82,85,86,89" machi="23" ten="40,2600,0" yaku="1,1,53,1" doraHai="132" doraHaiUra="69" who="2" fromWho="3" sc="250,0,250,0,240,36,250,-26" /><INIT seed="1,0,0,1,2,61" ten="250,250,276,224" oya="1" hai0="59,78,0,74,113,56,11,10,81,13,94,53,128" hai1="82,103,42,88,36,91,73,47,120,58,122,3,32" hai2="62,131,69,132,21,14,72,9,106,18,107,89,130" hai3="4,84,116,102,24,71,117,51,109,67,19,68,121"/><U26/><E103/><V22/><F72/><W12/><G121/><T98/><D113/><U83/><E3/><V112/><F112/><W28/><G109/><T75/><D128/><N who="2" m="49194" /><F132/><W124/><G124/><T87/><D0/><U92/><E91/><V25/><F89/><W48/><G4/><T37/><D37/><U34/><E58/><V5/><F22/><W110/><G110/><T99/><D59/><U23/><E122/><V93/><F93/><W43/><G102/><T35/><D35/><U15/><E120/><V125/><F125/><W1/><G1/><T7/><D11/><U44/><E44/><V90/><F90/><W85/><G43/><T55/><D55/><U38/><E38/><V77/><F77/><W52/><G71/><T118/><D118/><N who="3" m="45673" /><G48/><T40/><D40/><U86/><E73/><V2/><F25/><W54/><G54/><T64/><D99/><U66/><E26/><V80/><F80/><W6/><G6/><T20/><D20/><U108/><E108/><V27/><F27/><W114/><G114/><T30/><D30/><U49/><E83/><V111/><F111/><W39/><G39/><T41/><D41/><U17/><E36/><V60/><F69/><W126/><G126/><T70/><D70/><U97/><REACH who="1" step="1"/><E66/><REACH who="1" ten="250,240,276,224" step="2"/><V96/><F107/><W33/><G67/><T101/><REACH who="0" step="1"/><D64/><REACH who="0" ten="240,240,276,224" step="2"/><U123/><E123/><V79/><F2/><W127/><G127/><T134/><D134/><U8/><E8/><V135/><F9/><N who="3" m="6543" /><G68/><T57/><D57/><AGARI ba="0,2" hai="24,28,33,51,52,57,84,85" m="6543,45673" machi="57" ten="30,2000,0" yaku="12,1,54,1" doraHai="61" who="3" fromWho="0" sc="240,-20,240,0,276,0,224,40" /><INIT seed="2,0,0,2,4,98" ten="220,240,276,264" oya="2" hai0="119,35,31,76,73,65,15,1,57,78,52,44,126" hai1="27,85,116,93,32,25,80,2,30,124,88,86,133" hai2="40,77,12,68,29,33,53,54,101,83,36,11,129" hai3="115,97,110,23,92,125,120,41,6,26,3,87,19"/><V22/><F68/><W55/><G110/><T127/><D1/><U100/><E116/><V72/><F129/><W79/><G120/><T81/><D119/><U75/><E2/><V18/><F33/><W59/><G41/><T131/><D131/><U50/><E75/><V94/><F40/><W66/><G66/><T70/><D78/><U91/><E133/><V104/><F36/><W135/><G135/><T38/><D15/><U99/><E27/><V64/><F64/><W42/><G42/><N who="0" m="22615" /><D31/><U105/><REACH who="1" step="1"/><E50/><REACH who="1" ten="220,230,276,264" step="2"/><V102/><F104/><W69/><G3/><T130/><D130/><U132/><E132/><V9/><F29/><W62/><G69/><T106/><D106/><U8/><E8/><V10/><REACH who="2" step="1"/><F94/><REACH who="2" ten="220,230,266,264" step="2"/><W95/><G115/><T71/><D71/><U122/><E122/><V121/><F121/><W117/><G117/><T103/><D70/><U112/><E112/><V5/><F5/><W134/><G134/><T14/><D127/><AGARI ba="0,2" hai="25,30,32,80,85,86,88,91,93,99,100,105,124,127" machi="127" ten="40,5200,0" yaku="1,1,52,1,54,1,53,0" doraHai="98" doraHaiUra="107" who="1" fromWho="0" sc="220,-52,230,72,266,0,264,0" /><INIT seed="3,0,0,1,5,108" ten="168,302,266,264" oya="3" hai0="89,63,14,117,84,114,78,131,85,87,2,109,61" hai1="73,125,128,91,74,65,10,24,1,76,75,17,26" hai2="132,120,13,118,86,68,11,55,100,104,7,134,47" hai3="79,33,88,29,122,41,19,23,58,9,77,93,44"/><W64/><G122/><T62/><D2/><U90/><E65/><V50/><F118/><W18/><G33/><T22/><D117/><U37/><E76/><V105/><F120/><W107/><G107/><T52/><D109/><U34/><E37/><V92/><F68/><W16/><G9/><T42/><D131/><U72/><E72/><V99/><REACH who="2" step="1"/><F86/><REACH who="2" ten="168,302,256,264" step="2"/><N who="3" m="52375" /><G41/><T51/><D42/><U49/><E75/><V36/><F36/><W27/><G44/><T121/><D121/><U96/><E74/><V129/><F129/><W35/><G35/><T127/><D127/><U130/><E34/><V60/><F60/><AGARI ba="0,1" hai="16,18,19,23,27,29,58,60,64,77,79" m="52375" machi="60" ten="30,5800,0" yaku="8,1,54,2" doraHai="108" who="3" fromWho="2" sc="168,0,302,0,256,-58,264,68" /><INIT seed="3,1,0,0,3,121" ten="168,302,198,332" oya="3" hai0="69,85,64,90,1,104,51,103,15,32,71,14,6" hai1="102,37,117,65,28,10,133,42,4,115,74,72,21" hai2="77,13,78,3,12,108,48,9,55,63,40,75,127" hai3="105,128,44,118,120,95,83,34,61,109,86,43,38"/><W84/><G105/><T24/><D1/><U41/><E115/><V131/><F3/><W30/><G120/><T89/><D51/><U99/><E65/><V66/><F131/><W58/><G118/><T0/><D0/><U92/><E133/><V129/><F129/><W56/><G128/><T130/><D130/><U5/><E117/><V22/><F127/><W20/><G34/><T11/><D15/><U91/><E74/><V123/><F123/><W98/><G109/><T46/><D46/><U111/><E72/><V73/><F108/><W116/><G116/><T110/><D110/><U7/><E37/><V18/><F40/><N who="1" m="15465" /><E111/><V49/><F49/><W35/><G35/><T67/><D67/><U47/><E47/><V39/><F39/><W112/><G112/><T17/><D64/><U60/><E60/><V19/><F75/><W31/><G20/><T29/><D6/><U68/><E68/><V76/><F73/><W50/><G38/><T106/><D90/><U16/><E28/><N who="3" m="10794" /><G83/><T107/><REACH who="0" step="1"/><D103/><REACH who="0" ten="158,302,198,332" step="2"/><U23/><E102/><V132/><F132/><W79/><G79/><T81/><AGARI ba="1,1" hai="11,14,17,24,29,32,69,71,81,85,89,104,106,107" machi="81" ten="30,7900,0" yaku="1,1,2,1,0,1,53,1" doraHai="121" doraHaiUra="26" who="0" fromWho="0" sc="158,92,302,-21,198,-21,332,-40" /><INIT seed="4,0,0,3,5,132" ten="250,281,177,292" oya="0" hai0="129,37,81,68,121,53,26,51,92,46,34,131,128" hai1="4,135,30,12,106,77,61,60,94,124,9,83,14" hai2="93,42,1,25,16,101,13,125,11,127,102,82,109" hai3="58,65,49,27,66,48,104,95,67,70,107,111,79"/><T33/><D121/><U22/><E106/><V115/><F109/><W69/><G111/><T57/><D68/><U18/><E135/><V24/><F115/><W41/><G79/><T133/><D133/><U117/><E117/><V3/><F42/><W7/><G7/><T97/><D81/><U91/><E124/><N who="2" m="47691" /><F82/><W87/><G27/><N who="2" m="10313" /><F93/><W36/><G104/><T75/><D75/><U35/><E35/><V90/><F90/><W98/><G107/><T0/><D0/><AGARI ba="0,0" hai="0,1,3,11,13,16,101,102" m="10313,47691" machi="0" ten="30,8000,1" yaku="18,1,52,3,54,1" doraHai="132" who="2" fromWho="0" sc="250,-80,281,0,177,80,292,0" /><INIT seed="5,0,0,1,0,49" ten="170,281,257,292" oya="1" hai0="26,128,29,105,1,87,32,69,57,7,38,36,73" hai1="48,10,130,6,24,61,120,81,19,72,122,112,102" hai2="91,134,90,95,115,33,56,125,16,70,126,50,103" hai3="8,129,101,75,93,123,118,58,11,106,88,113,59"/><U35/><E102/><V121/><F121/><W60/><G113/><T94/><D128/><U89/><E61/><V83/><F70/><W66/><G123/><T110/><D110/><U131/><E89/><V15/><F33/><W20/><G129/><N who="1" m="49162" /><E48/><V0/><F0/><W54/><G75/><T109/><D109/><U132/><E81/><V65/><F134/><W55/><G118/><T114/><D114/><U13/><E72/><V28/><F28/><W98/><G20/><T18/><D69/><U124/><E124/><N who="2" m="47723" /><F83/><W4/><G58/><T40/><D105/><U45/><E45/><V51/><F115/><W84/><G11/><T119/><D119/><U67/><E67/><V117/><F117/><W37/><G37/><T71/><D71/><U42/><E42/><V53/><F65/><W76/><G76/><T17/><D73/><U133/><E112/><V63/><F103/><W30/><G30/><T43/><D38/><U96/><E96/><N who="2" m="57463" /><F91/><W74/><G74/><T25/><D36/><U9/><E122/><V2/><F2/><AGARI ba="0,0" hai="2,4,8,54,55,59,60,66,84,88,93,98,101,106" machi="2" ten="30,7700,0" yaku="7,1,52,2,54,1" doraHai="49" who="3" fromWho="2" sc="170,0,281,0,257,-77,292,77" /><INIT seed="6,0,0,1,1,53" ten="170,281,180,369" oya="2" hai0="34,122,21,77,15,16,58,14,132,96,25,51,44" hai1="61,1,105,59,54,128,127,41,106,66,115,56,88" hai2="10,90,46,6,60,55,126,79,92,7,133,4,57" hai3="20,135,123,80,70,107,72,11,18,121,26,52,93"/><V69/><F133/><W81/><G70/><T131/><D122/><U40/><E1/><V30/><F126/><W83/><G107/><T117/><D132/><U19/><E115/><V71/><F79/><W129/><G135/><T32/><D131/><U112/><E112/><V118/><F118/><W36/><G36/><T22/><D117/><U27/><E106/><V119/><F119/><W23/><G129/><T114/><D114/><U86/><E105/><V82/><F30/><W29/><G72/><T73/><D96/><U9/><E127/><V104/><F104/><W87/><G11/><T113/><D113/><U91/><E91/><V62/><F82/><W13/><G93/><T64/><D77/><U63/><E128/><V101/><F101/><W74/><G74/><T5/><D73/><U94/><REACH who="1" step="1"/><E27/><REACH who="1" ten="170,271,180,369" step="2"/><V47/><F69/><W130/><G130/><T134/><D134/><U31/><E31/><V102/><F71/><W39/><G121/><T103/><D103/><U3/><E3/><V2/><F102/><W85/><G123/><T28/><D15/><AGARI ba="0,1" hai="9,15,19,40,41,54,56,59,61,63,66,86,88,94" machi="15" ten="40,8000,1" yaku="1,1,8,1,52,2,54,1,53,0" doraHai="53" doraHaiUra="42" who="1" fromWho="0" sc="170,-80,271,90,180,0,369,0" /><INIT seed="7,0,0,1,1,25" ten="90,361,180,369" oya="3" hai0="127,85,33,35,4,46,52,104,79,100,111,41,24" hai1="101,105,58,108,112,95,110,113,94,132,128,114,65" hai2="72,31,106,9,62,123,91,90,129,2,49,28,38" hai3="77,23,21,29,13,109,122,14,44,88,118,73,82"/><W96/><G122/><T57/><D111/><N who="1" m="42539" /><E132/><V0/><F129/><W45/><G109/><T120/><D120/><U81/><E128/><V32/><F38/><W64/><G118/><T66/><D127/><U60/><E81/><V117/><F117/><W30/><G64/><T93/><D66/><U98/><AGARI ba="0,0" hai="58,60,65,94,95,98,101,105,112,113,114" m="42539" machi="98" ten="40,1500,0" yaku="15,1" doraHai="25" who="1" fromWho="1" sc="90,-4,361,15,180,-4,369,-7" owari="86,-41.0,376,47.0,176,-22.0,362,16.0" /></mjloggm>