<mjloggm ver="2.3"><GO type="41" lobby="0"/><UN n0="%E3%81%AB%E3%83%BC%E3%82%88%E3%82%93%E3%81%BE%E3%82%8B" n1="%E3%82%B5%E3%83%BC%E3%83%A2%E3%83%B3%E3%81%AA%E3%81%AE%E3%81%8B" n2="%E2%93%9D%53%75%70%68%78" n3="%E5%AF%8C%E7%94%B0%E6%9D%BE%E7%94%B0" dan="14,14,18,14" rate="2018.42,1951.07,2109.94,1896.37" sx="M,M,M,M"/><TAIKYOKU oya="0"/><INIT seed="0,0,0,1,5,25" ten="250,250,250,250" oya="0" hai0="38,40,89,3,100,108,77,16,131,128,75,83,84" hai1="33,55,129,85,94,62,134,12,61,107,91,113,92" hai2="45,109,36,29,51,18,60,105,69,20,42,73,114" hai3="80,65,124,119,97,86,10,64,34,72,103,49,31"/><T104/><D3/><U82/><E113/><V21/><F114/><W37/><G37/><T121/><D121/><U8/><E129/><V57/><F73/><W102/><G119/><T13/><D38/><U106/><E33/><V127/><F105/><W81/><G124/><T4/><D40/><U120/><E134/><V59/><F109/><W90/><G10/><T63/><D4/><U22/><E120/><V41/><F127/><W95/><G103/><T32/><D32/><U19/><E107/><V98/><F98/><W110/><G110/><T6/><D6/><U44/><E106/><V116/><F59/><W71/><G49/><T24/><D24/><U126/><E126/><V130/><F130/><N who="0" m="49706" /><D63/><N who="1" m="24075" /><E22/><V52/><F116/><W123/><G123/><T122/><D122/><U111/><E111/><V35/><F35/><W14/><G14/><T117/><D108/><U76/><E76/><V27/><F69/><W9/><G71/><T15/><D117/><U88/><E91/><V26/><REACH who="2" step="1"/><F36/><REACH who="2" ten="250,250,240,250" step="2"/><W132/><G34/><T70/><D70/><U133/><E133/><V78/><F78/><W68/><G68/><T30/><D75/><U135/><E135/><V66/><AGARI ba="0,1" hai="18,20,21,26,27,29,41,42,45,51,52,57,60,66" machi="66" ten="20,12000,2" yaku="1,1,0,1,7,1,8,1,52,1,54,1,53,1" doraHai="25" doraHaiUra="50" who="2" fromWho="2" sc="250,-60,250,-30,240,130,250,-30" /><INIT seed="1,0,0,4,3,45" ten="190,220,370,220" oya="1" hai0="78,133,99,7,61,42,39,116,13,0,53,129,86" hai1="29,90,8,9,113,16,36,54,98,57,38,11,83" hai2="19,134,71,94,34,67,6,40,63,96,79,25,43" hai3="41,24,21,31,17,14,15,124,3,127,27,18,132"/><U32/><E113/><V131/><F131/><W50/><G41/><T130/><D0/><U52/><E32/><V82/><F134/><W107/><G107/><T20/><D116/><U23/><E29/><V80/><F6/><W51/><G3/><T26/><D133/><U66/><E66/><V37/><F82/><W119/><G132/><T44/><D99/><U4/><E4/><V35/><F37/><W122/><G119/><T97/><D97/><U58/><E38/><V109/><F109/><W105/><G105/><T89/><D78/><U84/><E98/><V72/><F35/><W92/><G92/><T60/><D13/><N who="1" m="9615" /><E36/><V117/><F117/><W59/><G59/><AGARI ba="0,0" hai="8,9,11,52,54,57,58,59,83,84,90" m="9615" machi="59" ten="30,5800,0" yaku="8,1,54,2" doraHai="45" who="1" fromWho="3" sc="190,0,220,58,370,0,220,-58" /><INIT seed="1,1,0,5,5,45" ten="190,278,370,162" oya="1" hai0="116,16,40,92,20,42,87,110,121,84,9,60,10" hai1="79,61,108,4,3,63,19,71,31,49,90,130,128" hai2="26,85,66,88,52,104,6,33,96,117,12,14,107" hai3="7,59,76,48,112,39,37,41,5,135,32,23,77"/><U38/><E38/><V70/><F117/><W28/><G112/><T62/><D110/><U56/><E79/><V68/><F66/><W106/><G106/><T89/><D116/><U21/><E3/><V113/><F113/><W111/><G32/><T22/><D121/><U46/><E4/><V18/><F6/><W58/><G28/><T95/><REACH who="0" step="1"/><D89/><REACH who="0" ten="180,278,370,162" step="2"/><U109/><E90/><V47/><F88/><W74/><G111/><N who="1" m="42570" /><E31/><V24/><F18/><AGARI ba="1,1" hai="9,10,16,18,20,22,40,42,60,62,84,87,92,95" machi="18" ten="25,8000,1" yaku="1,1,22,2,8,1,54,1,53,0" doraHai="45" doraHaiUra="65" who="0" fromWho="2" sc="180,93,278,0,370,-83,162,0" /><INIT seed="2,0,0,1,4,105" ten="273,278,287,162" oya="2" hai0="8,88,70,122,134,36,123,3,29,21,72,19,37" hai1="23,42,34,115,128,2,76,0,85,87,77,131,73" hai2="130,7,101,52,20,108,27,118,51,114,67,96,83" hai3="117,44,39,121,99,71,55,31,135,54,97,120,89"/><V127/><F114/><W92/><G117/><T46/><D70/><U32/><E42/><V59/><F118/><W133/><G31/><T111/><D29/><U45/><E45/><V91/><F130/><W107/><G71/><T103/><D103/><U132/><E132/><N who="3" m="50762" /><G39/><T110/><D8/><U93/><E93/><V82/><F127/><W24/><G24/><T124/><D3/><U26/><E23/><V30/><F108/><W80/><G44/><T40/><D124/><U84/><E26/><V98/><F7/><W9/><G9/><T64/><D64/><U79/><E73/><V4/><F4/><W16/><G16/><T53/><D53/><U41/><E41/><V61/><F91/><N who="3" m="55455" /><G55/><T66/><D66/><U25/><E25/><V125/><F125/><W75/><G54/><T58/><D72/><U69/><E69/><V65/><F65/><W94/><G107/><T100/><D58/><U1/><E115/><V15/><F15/><W18/><G18/><T68/><D68/><U38/><E38/><V6/><F6/><W86/><G75/><T10/><D10/><U116/><E116/><V102/><F102/><AGARI ba="0,0" hai="80,86,89,94,99,102,120,121" m="55455,50762" machi="102" ten="30,3900,0" yaku="20,1,34,2" doraHai="105" who="3" fromWho="2" sc="273,0,278,0,287,-39,162,39" /><INIT seed="3,0,0,4,2,123" ten="273,278,248,201" oya="3" hai0="7,107,18,119,113,68,27,1,63,8,58,17,78" hai1="97,45,64,120,91,57,116,87,9,65,103,132,21" hai2="2,104,72,131,12,106,82,29,41,43,32,62,76" hai3="52,108,38,46,22,66,90,85,122,20,135,54,99"/><W115/><G122/><T112/><D107/><U101/><E132/><V50/><F2/><W118/><G118/><T59/><D119/><U100/><E120/><V47/><F131/><W71/><G115/><N who="0" m="44107" /><D78/><U53/><E45/><V69/><F43/><W126/><G135/><T94/><D68/><U84/><E9/><V49/><F49/><W40/><G126/><T14/><D94/><U75/><E75/><V133/><F12/><W34/><G34/><T51/><D27/><U121/><E121/><V10/><F10/><W96/><G108/><T110/><D110/><U93/><E21/><V77/><F77/><W117/><G117/><T35/><D35/><U61/><E116/><V15/><F15/><W24/><G66/><AGARI ba="0,0" hai="53,57,61,64,65,66,84,87,91,93,97,100,101,103" machi="66" ten="40,1300,0" yaku="8,1" doraHai="123" who="1" fromWho="3" sc="273,0,278,13,248,0,201,-13" /><INIT seed="4,0,0,2,5,61" ten="273,291,248,188" oya="0" hai0="52,131,22,63,116,24,37,59,48,17,123,132,113" hai1="124,15,3,11,129,42,84,12,10,126,85,100,133" hai2="75,99,2,77,35,9,112,60,73,125,74,104,118" hai3="69,89,83,18,134,50,71,20,56,110,33,114,26"/><T98/><D116/><U120/><E100/><V78/><F35/><W88/><G110/><T31/><D131/><U19/><E120/><V62/><F112/><W117/><G117/><T0/><D113/><U39/><E39/><V29/><F29/><W111/><G111/><T41/><D132/><U53/><E42/><V93/><F9/><W30/><G114/><T105/><D123/><U122/><E122/><V90/><F62/><W4/><G134/><T76/><D76/><N who="2" m="29290" /><F60/><W79/><G4/><T80/><D80/><U109/><E109/><V55/><F55/><W6/><G6/><T86/><D86/><U14/><E133/><V106/><F2/><W21/><G71/><T81/><D81/><U8/><E53/><V64/><F64/><W7/><G7/><T94/><D105/><N who="2" m="40554" /><F125/><N who="1" m="48233" /><E129/><V25/><F25/><W119/><G69/><T72/><D72/><U82/><E82/><V101/><F118/><W23/><G18/><T51/><D0/><U103/><E19/><V108/><F108/><W36/><G36/><T13/><D37/><U47/><E47/><V65/><F65/><W44/><G56/><T49/><D41/><U107/><E3/><V5/><F5/><W95/><G119/><T128/><D128/><U68/><E68/><V91/><AGARI ba="0,0" hai="73,74,75,90,91,93,99,101" m="40554,29290" machi="91" ten="40,8000,1" yaku="35,5" doraHai="61" who="2" fromWho="2" sc="273,-40,291,-20,248,80,188,-20" /><INIT seed="5,0,0,3,1,4" ten="233,271,328,168" oya="1" hai0="25,54,10,24,94,106,112,113,126,130,122,16,92" hai1="69,57,39,50,116,98,118,102,99,78,14,110,47" hai2="44,87,31,132,0,52,9,67,53,117,115,62,83" hai3="18,107,1,134,97,38,26,7,5,121,72,49,82"/><U60/><E110/><V109/><F117/><W96/><G121/><T23/><D106/><U48/><E78/><V70/><F109/><W111/><G111/><T74/><D74/><U30/><E39/><V68/><F68/><W90/><G38/><T28/><D122/><U84/><E69/><V46/><F132/><W33/><G134/><T61/><D130/><U119/><E30/><V34/><F115/><N who="0" m="44106" /><D126/><U29/><E29/><V3/><F34/><W108/><G108/><T51/><D61/><U63/><E84/><V131/><F31/><W64/><G64/><T19/><D25/><U120/><E120/><V79/><F131/><W12/><G49/><T6/><D94/><U65/><E63/><V56/><F70/><W100/><G26/><T129/><D92/><U125/><E125/><V71/><F71/><W17/><G33/><T36/><D36/><U11/><E102/><V77/><F77/><W59/><G1/><N who="0" m="335" /><D129/><U58/><E57/><AGARI ba="0,0" hai="16,19,23,24,28,51,54,57" m="335,44106" machi="57" ten="30,3900,0" yaku="15,1,52,1,54,1" doraHai="4" who="0" fromWho="1" sc="233,39,271,-39,328,0,168,0" /><INIT seed="6,0,0,0,0,35" ten="272,232,328,168" oya="2" hai0="59,88,36,116,96,39,125,7,131,135,92,44,68" hai1="72,13,47,110,42,64,112,58,66,126,18,3,29" hai2="107,55,127,97,134,0,109,30,51,81,33,2,24" hai3="11,22,6,113,79,16,49,93,82,86,119,65,19"/><V102/><F127/><W21/><G119/><T95/><D68/><U122/><E72/><V15/><F134/><W53/><G113/><T45/><D116/><U133/><E112/><V108/><F15/><W94/><G65/><T54/><D131/><U89/><E126/><V106/><F106/><W28/><G28/><T130/><D130/><U103/><E3/><V62/><F81/><W80/><G80/><T100/><D7/><U73/><E29/><V75/><F75/><W34/><G34/><T12/><D135/><U23/><E110/><N who="2" m="42603" /><F62/><W99/><G6/><T117/><D117/><U128/><E128/><V32/><F32/><W31/><G11/><T10/><D39/><U78/><E122/><V67/><F67/><W121/><G121/><T74/><D36/><U1/><E133/><V50/><F50/><W118/><G118/><T115/><D74/><U105/><E66/><V8/><F8/><W61/><G61/><T40/><D40/><U48/><E73/><V129/><F129/><W83/><G83/><T4/><D125/><U84/><E64/><V114/><F114/><W17/><G31/><T9/><D9/><U69/><E69/><V5/><F5/><W124/><G124/><T123/><D123/><U37/><E105/><V87/><F87/><W27/><G94/><T101/><D115/><U104/><E78/><V98/><F98/><W70/><G22/><T43/><D43/><U14/><E14/><V38/><F38/><W26/><G21/><T85/><D101/><U25/><E37/><V77/><F77/><W20/><G20/><T56/><D54/><RYUUKYOKU ba="0,0" sc="272,15,232,-15,328,15,168,-15" hai0="4,10,12,44,45,56,59,85,88,92,95,96,100" hai2="0,2,24,30,33,51,55,97,102,107" /><INIT seed="6,1,0,0,5,35" ten="287,217,343,153" oya="2" hai0="72,13,88,4,122,57,5,114,26,66,96,100,127" hai1="82,19,17,47,51,71,18,29,58,7,126,9,80" hai2="133,109,60,91,77,83,105,76,56,101,1,87,90" hai3="111,75,134,132,74,102,119,123,54,116,43,99,3"/><V23/><F1/><W63/><G43/><T84/><D72/><N who="3" m="27689" /><G54/><T15/><D114/><U65/><E71/><V53/><F133/><N who="3" m="51307" /><G63/><T52/><D127/><U45/><E126/><V2/><F2/><W41/><G41/><T73/><D73/><U113/><E113/><V135/><F109/><W129/><G3/><T33/><D122/><U118/><E29/><V86/><F135/><W14/><G14/><T62/><D33/><U11/><E118/><N who="3" m="45098" /><G123/><T95/><D26/><U89/><E7/><N who="0" m="2633" /><D66/><U49/><E65/><V94/><F53/><W44/><G44/><N who="1" m="16970" /><E89/><V79/><F91/><W115/><G115/><T64/><D64/><U16/><N who="1" m="4096" /><DORA hai="107" /><U20/><E20/><V68/><F23/><W6/><G6/><T70/><D70/><U21/><E21/><V38/><F68/><W59/><G59/><T121/><D121/><U112/><E112/><V30/><F56/><W22/><G22/><T48/><D62/><U25/><E25/><V104/><F60/><W12/><G12/><T36/><D36/><U27/><E27/><V46/><F38/><W40/><G40/><T124/><D124/><U8/><E58/><V61/><F46/><W37/><G37/><T106/><D106/><U97/><E51/><V131/><F105/><N who="3" m="63711" /><G129/><T67/><D67/><U98/><E49/><V92/><F131/><W10/><G10/><T125/><D125/><U85/><E85/><V81/><F61/><W0/><G0/><T128/><D128/><U78/><E11/><V39/><F39/><W24/><G24/><T120/><D120/><U31/><E9/><V93/><F30/><RYUUKYOKU ba="1,0" sc="287,10,217,-30,343,10,153,10" hai0="13,15,48,52,57,84,88,95,96,100" hai2="76,77,79,81,83,86,87,90,92,93,94,101,104" hai3="111" /><INIT seed="6,2,0,3,2,123" ten="297,187,353,163" oya="2" hai0="76,58,8,30,92,27,118,93,2,78,29,127,63" hai1="121,134,117,62,83,22,104,70,12,9,61,17,60" hai2="69,68,75,28,16,57,94,36,26,90,33,72,129" hai3="1,31,89,46,113,4,112,133,44,110,106,109,11"/><V38/><F129/><W41/><G106/><T120/><D120/><U52/><E117/><V82/><F57/><W65/><G133/><T37/><D37/><U18/><E134/><V96/><F38/><W91/><G65/><T126/><D118/><U13/><E104/><V45/><F82/><W23/><G91/><T35/><D30/><U21/><E121/><V42/><REACH who="2" step="1"/><F16/><REACH who="2" ten="297,187,343,163" step="2"/><W81/><G81/><T88/><D8/><U43/><E70/><AGARI ba="2,1" hai="26,28,33,36,42,45,68,69,70,72,75,90,94,96" machi="70" ten="40,3900,0" yaku="1,1,2,1,53,0" doraHai="123" doraHaiUra="111" who="2" fromWho="1" sc="297,0,187,-45,343,55,163,0" /><INIT seed="6,3,0,3,4,73" ten="297,142,398,163" oya="2" hai0="90,131,33,7,49,130,14,10,111,16,13,68,95" hai1="129,72,39,36,37,115,54,104,5,125,61,93,134" hai2="128,126,55,117,20,35,15,51,100,132,24,124,114" hai3="66,57,121,31,43,47,2,85,135,70,118,26,75"/><V84/><F114/><W23/><G121/><T123/><D111/><U76/><E104/><V116/><F128/><W96/><G118/><T18/><D68/><U19/><E125/><N who="2" m="48235" /><F132/><W1/><G75/><T69/><D69/><U34/><E129/><V40/><F40/><W53/><G135/><T56/><D33/><U82/><E134/><V108/><F100/><W71/><G85/><T87/><D123/><U67/><E115/><V127/><F15/><W88/><G66/><T106/><D106/><U50/><E34/><V21/><F21/><W32/><G23/><T9/><D7/><U28/><E28/><V86/><F35/><W8/><G8/><T99/><D56/><U79/><E93/><V122/><F108/><W11/><G11/><T45/><REACH who="0" step="1"/><D99/><REACH who="0" ten="287,142,398,163" step="2"/><U94/><E5/><V74/><F127/><W97/><G97/><T62/><D62/><U25/><E61/><V63/><F63/><W60/><G71/><T77/><D77/><U102/><E79/><V38/><F122/><W65/><G70/><T17/><D17/><U89/><E67/><V109/><F109/><W133/><G65/><T6/><D6/><U112/><E112/><V81/><F117/><W119/><G133/><T48/><D48/><U42/><E19/><V103/><F51/><N who="3" m="27135" /><G119/><T30/><D30/><U59/><E39/><V91/><F38/><W44/><G60/><T29/><D29/><U110/><E110/><V22/><F116/><W120/><G120/><T83/><D83/><U80/><E37/><V105/><F81/><N who="1" m="31337" /><E36/><V98/><F105/><W27/><G57/><T92/><D92/><RYUUKYOKU ba="3,1" sc="287,30,142,-10,398,-10,163,-10" hai0="9,10,13,14,16,18,45,49,87,90,95,130,131" /><INIT seed="7,4,1,5,5,61" ten="317,132,388,153" oya="3" hai0="47,13,91,38,14,39,120,90,115,26,60,106,96" hai1="101,28,98,86,17,82,72,103,15,122,9,7,30" hai2="56,131,29,41,11,93,50,113,49,109,105,85,52" hai3="78,21,74,8,116,135,59,37,33,112,25,32,35"/><W128/><G116/><T87/><D120/><U31/><E72/><V3/><F109/><W124/><G37/><T12/><D115/><U51/><E122/><V117/><F105/><W27/><G74/><T83/><D106/><U58/><E7/><V70/><F131/><W69/><G69/><T4/><D39/><U123/><E123/><V6/><F70/><W71/><G71/><T43/><D26/><N who="3" m="9737" /><G78/><T102/><D91/><N who="1" m="51671" /><E98/><V125/><F125/><W114/><G124/><T79/><D79/><U46/><E58/><V36/><F113/><N who="3" m="43627" /><G128/><T95/><REACH who="0" step="1"/><D60/><REACH who="0" ten="307,132,388,153" step="2"/><U16/><E17/><V64/><F36/><W62/><G135/><T44/><D44/><U55/><AGARI ba="4,2" hai="9,15,16,28,30,31,46,51,55,101,103" m="51671" machi="55" ten="30,4000,0" yaku="25,1,8,1,54,1" doraHai="61" who="1" fromWho="1" sc="307,-14,132,72,388,-14,153,-24" owari="293,9.0,204,-20.0,374,48.0,129,-37.0" /></mjloggm>