<mjloggm ver="2.3"><GO type="41" lobby="0"/><UN n0="%E2%93%9D%53%75%70%68%78" n1="%E3%83%8A%E3%83%B3%E3%83%90%E3%83%BC%E3%82%8D%E3%81%8F" n2="%E3%83%97%E3%83%AD%E3%82%B7%E3%83%A5%E3%83%BC%E3%83%88" n3="%48%41%4C%4C%55%58" dan="17,14,15,14" rate="2075.66,2022.25,1978.69,1951.46" sx="M,M,M,M"/><TAIKYOKU oya="0"/><INIT seed="0,0,0,2,3,54" ten="250,250,250,250" oya="0" hai0="43,18,131,63,68,46,13,67,93,49,60,22,108" hai1="76,100,69,87,132,130,14,47,96,92,114,23,127" hai2="8,28,51,83,112,113,81,10,25,64,66,29,16" hai3="55,109,135,32,24,102,33,61,89,11,50,48,86"/><T134/><D131/><U39/><E69/><V73/><F25/><W77/><G109/><T116/><D134/><U125/><E130/><V42/><F51/><W58/><G135/><T75/><D75/><U118/><E118/><V133/><F133/><W119/><G119/><T20/><D116/><U85/><E132/><V91/><F91/><W37/><G37/><T126/><D126/><N who="1" m="48139" /><E76/><V98/><F42/><W106/><G77/><T4/><D108/><U35/><E35/><V12/><F12/><W1/><G48/><T115/><D115/><U123/><E123/><V17/><REACH who="2" step="1"/><F98/><REACH who="2" ten="250,250,240,250" step="2"/><W70/><G24/><T107/><D49/><U21/><E114/><V103/><F103/><W19/><G102/><T80/><D43/><N who="1" m="23039" /><E14/><V15/><F15/><W122/><G1/><T7/><D13/><U79/><E79/><V41/><F41/><W62/><G11/><T104/><D7/><U90/><E85/><V45/><F45/><W129/><G129/><T82/><D46/><U38/><E38/><V3/><F3/><W120/><G32/><T124/><D124/><U71/><E71/><V40/><F40/><W6/><G33/><T117/><D117/><U95/><AGARI ba="0,1" hai="21,23,87,90,92,95,96,100" m="23039,48139" machi="95" ten="30,1100,0" yaku="18,1" doraHai="54" who="1" fromWho="1" sc="250,-5,250,21,240,-3,250,-3" /><INIT seed="1,0,0,4,2,85" ten="245,271,237,247" oya="1" hai0="57,9,38,15,28,78,99,93,83,135,97,50,132" hai1="40,48,130,7,101,35,73,114,119,69,8,126,80" hai2="23,82,67,128,47,113,53,90,18,52,5,115,122" hai3="134,6,120,98,25,0,125,74,63,109,42,31,75"/><U17/><E114/><N who="2" m="43531" /><F122/><W12/><G63/><T56/><D38/><U19/><E119/><V14/><F67/><W110/><G98/><T49/><D28/><U30/><E69/><V81/><F128/><W70/><G42/><T32/><D32/><U44/><E130/><V65/><F65/><W87/><G87/><T39/><D39/><U22/><E126/><V26/><F47/><W79/><G70/><T105/><D105/><U29/><E101/><V71/><F71/><W96/><G96/><T131/><D131/><U68/><E68/><V77/><F82/><W94/><G94/><T60/><D99/><U3/><E19/><N who="2" m="12671" /><F5/><W127/><G79/><T123/><D57/><U24/><REACH who="1" step="1"/><E35/><REACH who="1" ten="245,261,237,247" step="2"/><V129/><F129/><W61/><G125/><T59/><D123/><U2/><E2/><V121/><F121/><W55/><G127/><T46/><D135/><U51/><E51/><V88/><F18/><W43/><G134/><T11/><D132/><U112/><E112/><V91/><F14/><W108/><G12/><T54/><D15/><U106/><E106/><V84/><AGARI ba="0,1" hai="52,53,77,81,84,88,90,91" m="12671,43531" machi="84" ten="30,12000,2" yaku="11,1,52,3,54,2" doraHai="85" who="2" fromWho="2" sc="245,-30,261,-60,237,130,247,-30" /><INIT seed="2,0,0,5,2,10" ten="215,201,367,217" oya="2" hai0="36,30,63,104,40,96,16,70,132,135,82,133,29" hai1="48,97,83,99,45,17,80,77,28,74,18,31,84" hai2="123,50,95,109,111,54,103,52,98,1,76,5,118" hai3="8,125,75,21,101,108,86,79,72,69,116,42,12"/><V43/><F118/><W107/><G116/><T32/><D82/><U61/><E61/><V131/><F131/><W39/><G69/><T88/><D32/><U81/><E74/><V94/><F123/><W27/><G42/><T20/><D40/><U26/><E84/><V47/><F76/><W6/><G39/><T53/><D36/><U4/><E4/><V19/><F1/><W15/><G101/><N who="0" m="62503" /><D88/><U7/><E7/><V112/><F5/><W66/><G107/><T51/><D63/><U87/><E87/><V55/><F112/><W60/><G125/><T23/><D23/><N who="1" m="15455" /><E31/><V129/><F129/><W46/><G46/><N who="0" m="27895" /><D70/><U41/><E77/><V0/><F0/><W120/><G120/><T44/><D44/><U9/><E18/><V62/><F19/><W124/><G124/><T22/><D22/><U73/><E73/><V3/><F3/><W106/><G106/><T93/><D93/><U130/><E130/><V90/><F62/><W65/><G75/><T92/><D92/><U11/><E11/><V110/><F95/><W117/><G72/><T114/><D114/><U59/><E59/><V68/><F68/><W25/><G117/><T134/><D134/><U105/><E105/><V24/><F24/><AGARI ba="0,0" hai="16,20,24,29,30,132,133,135" m="27895,62503" machi="24" ten="30,2000,0" yaku="20,1,54,1" doraHai="10" who="0" fromWho="2" sc="215,20,201,0,367,-20,217,0" /><INIT seed="3,0,0,1,1,133" ten="235,201,347,217" oya="3" hai0="103,128,120,53,3,7,50,54,5,39,95,4,28" hai1="112,86,108,16,119,94,132,23,88,99,32,24,131" hai2="67,60,34,22,37,71,126,13,31,33,21,102,107" hai3="77,85,35,25,41,62,18,125,79,52,45,92,84"/><W130/><G130/><T10/><D120/><U48/><E112/><V1/><F1/><W59/><G125/><T61/><D39/><U83/><E132/><V69/><F37/><W124/><G124/><T63/><D128/><U0/><E108/><V75/><F75/><W74/><G35/><T118/><D28/><U27/><E131/><V80/><F80/><W12/><G25/><T78/><D78/><U19/><E0/><V96/><F34/><W2/><G2/><T81/><D81/><U122/><E122/><V36/><F36/><W70/><G70/><T38/><D118/><U65/><E65/><V57/><F57/><W93/><G74/><T58/><D38/><U134/><E134/><V100/><F71/><W43/><G85/><T40/><D40/><N who="3" m="15433" /><G45/><T101/><D3/><U42/><E119/><V46/><F46/><W56/><G56/><T64/><D64/><U68/><E68/><V51/><F51/><W15/><G15/><T98/><D63/><U135/><E135/><V116/><F102/><W8/><G84/><T89/><REACH who="0" step="1"/><D10/><REACH who="0" ten="225,201,347,217" step="2"/><U29/><E42/><V117/><F117/><W90/><G90/><T20/><D20/><U105/><E48/><V97/><F116/><W113/><G113/><T72/><D72/><U87/><E32/><V123/><F123/><W17/><G79/><T26/><D26/><U47/><E27/><N who="2" m="18687" /><F22/><N who="3" m="11559" /><G77/><T66/><D66/><U129/><E129/><V55/><F126/><W6/><G8/><T110/><D110/><U115/><E115/><V104/><F55/><W114/><G114/><T76/><D76/><N who="1" m="46439" /><E47/><AGARI ba="0,1" hai="4,5,7,47,50,53,54,58,61,89,95,98,101,103" machi="47" ten="40,2600,0" yaku="1,1,8,1,53,0" doraHai="133" doraHaiUra="73" who="0" fromWho="1" sc="225,36,201,-26,347,0,217,0" /><INIT seed="4,0,0,2,1,97" ten="261,175,347,217" oya="0" hai0="111,87,45,114,36,132,34,98,18,28,129,62,12" hai1="27,37,95,50,44,54,99,94,5,126,77,66,14" hai2="3,63,42,47,84,43,61,11,86,19,78,133,13" hai3="70,105,109,68,8,103,22,104,2,107,96,110,48"/><T38/><D114/><U112/><E112/><V74/><F74/><W40/><G22/><T1/><D1/><U83/><E126/><V81/><F133/><W121/><G48/><T32/><D129/><U118/><E118/><V128/><F128/><W102/><G40/><T71/><D87/><U131/><E131/><V73/><F43/><W52/><G52/><T90/><D111/><N who="3" m="42505" /><G121/><T67/><D132/><U26/><E66/><V16/><F3/><W7/><G107/><T119/><D119/><U23/><E37/><V30/><F30/><W4/><G7/><T10/><D45/><U80/><E80/><V117/><F19/><W92/><G92/><T9/><D28/><U72/><E94/><V91/><F73/><W59/><G59/><T106/><D106/><U82/><E82/><V0/><F0/><W79/><G79/><T100/><D38/><U75/><E75/><V69/><F69/><W31/><G31/><T53/><D71/><U55/><E55/><V64/><F64/><W130/><G130/><T33/><D53/><U113/><E113/><V122/><F122/><W101/><G101/><T35/><D67/><U134/><E134/><V20/><F20/><W93/><G93/><T123/><D35/><U21/><E21/><V124/><F117/><W108/><N who="3" m="42513" /><W65/><DORA hai="46" /><G65/><T88/><D34/><U57/><E44/><V41/><F41/><W60/><G60/><T76/><D33/><U89/><REACH who="1" step="1"/><E23/><REACH who="1" ten="261,165,347,217" step="2"/><V58/><F81/><W135/><G135/><T39/><D32/><U6/><E6/><V17/><F47/><W85/><G85/><RYUUKYOKU ba="0,1" sc="261,-15,165,15,347,-15,217,15" hai1="5,14,26,27,50,54,57,72,77,83,89,95,99" hai3="2,4,8,68,70,96,102,103,104,105" /><INIT seed="5,1,1,0,0,44" ten="246,180,332,232" oya="1" hai0="52,39,51,15,72,7,4,114,104,24,2,29,130" hai1="94,9,86,108,84,40,38,116,43,42,119,10,74" hai2="122,62,47,45,77,58,14,20,59,30,89,17,107" hai3="70,126,115,88,82,75,73,46,113,131,23,19,13"/><U118/><E74/><V5/><F107/><W111/><G111/><T65/><D39/><U28/><E38/><V25/><F77/><W76/><G70/><T57/><D2/><U60/><E108/><V128/><F122/><W79/><G131/><T21/><D104/><U63/><E28/><V109/><F128/><W27/><G126/><T37/><D37/><U78/><E94/><V53/><F5/><W123/><G123/><T127/><D114/><N who="3" m="43529" /><G46/><T124/><D72/><N who="3" m="27721" /><G27/><T96/><D130/><U66/><E78/><V1/><F1/><W8/><G23/><T83/><D127/><U16/><E16/><V49/><F89/><W134/><G134/><T98/><D124/><U125/><E125/><V50/><F62/><N who="1" m="23593" /><E66/><V12/><F109/><W117/><G117/><T36/><D65/><U35/><E35/><V120/><F120/><W80/><G80/><T55/><D83/><U22/><E22/><N who="2" m="15671" /><F14/><W56/><G56/><N who="0" m="32799" /><D15/><U11/><AGARI ba="1,1" hai="9,10,11,40,42,43,84,86,116,118,119" m="23593" machi="11" ten="40,12000,1" yaku="29,2,28,2" doraHai="44" who="1" fromWho="1" sc="246,-41,180,133,332,-41,232,-41" /><INIT seed="5,2,0,3,2,40" ten="205,313,291,191" oya="1" hai0="16,62,98,74,35,75,12,47,125,95,21,44,80" hai1="25,92,113,66,114,46,128,10,30,15,79,54,32" hai2="38,69,101,110,6,133,72,19,115,37,52,45,131" hai3="9,64,99,87,103,90,60,91,36,85,17,100,129"/><U119/><E119/><V127/><F6/><W1/><G36/><T4/><D35/><U14/><E128/><V71/><F19/><W102/><G129/><T24/><D125/><U8/><E66/><V77/><F77/><W117/><G117/><T58/><D75/><U82/><E92/><V31/><F31/><W135/><G135/><T3/><D3/><U84/><E15/><V124/><F101/><W50/><G99/><T11/><D80/><U65/><E65/><V67/><F72/><W39/><G39/><N who="2" m="14857" /><F131/><W107/><G107/><T86/><D86/><U63/><E63/><N who="2" m="40191" /><F110/><W81/><G1/><T34/><D34/><U42/><E42/><V48/><F71/><W73/><G73/><T89/><D74/><U0/><E0/><V104/><F104/><W130/><G130/><T108/><D108/><U78/><E78/><V20/><F20/><W97/><G17/><T132/><D132/><U33/><E33/><V93/><F93/><W28/><G9/><T96/><D96/><U94/><E94/><V116/><F116/><W26/><G97/><T121/><D121/><U109/><E109/><V29/><F29/><W41/><G28/><T88/><D89/><U51/><E8/><V76/><F76/><W112/><G26/><T5/><D5/><U55/><E14/><V68/><F68/><N who="3" m="41991" /><G90/><T7/><D7/><U2/><E10/><V106/><F106/><W123/><G85/><T122/><D122/><U56/><E2/><V43/><F133/><W70/><G70/><T18/><D4/><U134/><E134/><V23/><F23/><W120/><G120/><RYUUKYOKU ba="2,0" sc="205,15,313,15,291,-15,191,-15" hai0="11,12,16,18,21,24,44,47,58,62,88,95,98" hai1="25,30,32,46,51,54,55,56,79,82,84,113,114" /><INIT seed="5,3,0,3,1,85" ten="220,328,276,176" oya="1" hai0="116,26,117,30,119,131,100,94,24,36,70,45,43" hai1="22,111,110,101,134,2,3,8,31,63,39,49,82" hai2="86,97,18,127,129,109,126,88,11,32,53,27,76" hai3="72,9,115,23,133,68,130,106,105,77,13,81,113"/><U93/><E39/><V104/><F109/><N who="1" m="41481" /><E134/><V89/><F32/><W61/><G133/><T29/><D70/><U135/><E135/><V62/><F129/><W98/><G130/><T103/><D131/><U56/><E49/><V21/><F11/><W4/><G23/><T58/><D58/><U14/><E82/><V60/><F104/><W6/><G6/><T7/><D7/><U33/><E33/><V38/><F38/><W51/><G51/><T15/><D15/><U52/><E101/><V69/><F62/><W84/><G84/><T34/><REACH who="0" step="1"/><D94/><REACH who="0" ten="210,328,276,176" step="2"/><U121/><E93/><N who="2" m="56487" /><F69/><W67/><REACH who="3" step="1"/><G98/><REACH who="3" ten="210,328,276,166" step="2"/><T71/><D71/><U57/><E121/><V80/><F76/><W42/><G42/><T16/><D16/><N who="1" m="8263" /><E57/><AGARI ba="3,2" hai="18,21,27,53,57,60,80,86,89,126,127" m="56487" machi="57" ten="30,7700,0" yaku="25,1,52,2,54,1" doraHai="85" who="2" fromWho="1" sc="210,0,328,-86,276,106,166,0" /><INIT seed="6,0,0,0,3,64" ten="210,242,382,166" oya="2" hai0="107,17,109,24,121,52,114,21,5,124,77,54,112" hai1="40,23,4,33,34,41,8,125,96,133,29,111,25" hai2="28,82,66,62,93,65,1,31,44,73,53,118,26" hai3="103,42,43,32,92,79,72,58,78,11,132,87,14"/><V57/><F118/><W55/><G32/><T48/><D109/><U116/><E111/><V61/><F1/><W129/><G72/><T134/><D121/><U13/><E116/><V7/><F7/><W115/><G132/><T98/><D134/><U113/><E133/><V71/><F44/><W95/><G129/><T123/><D123/><U16/><E113/><N who="0" m="43625" /><D124/><U120/><E125/><V97/><F82/><W46/><G115/><T105/><D77/><U68/><E68/><V75/><F66/><W56/><G103/><N who="0" m="62711" /><D107/><U104/><E120/><V99/><F99/><W3/><G3/><T9/><D48/><U59/><E59/><V102/><F31/><W10/><G55/><T67/><D67/><U86/><E86/><V81/><F81/><W70/><G46/><T85/><D85/><U89/><E34/><AGARI ba="0,0" hai="26,28,34,53,57,61,62,65,71,73,75,93,97,102" machi="34" ten="30,2900,0" yaku="7,1,52,1" doraHai="64" who="2" fromWho="1" sc="210,0,242,-29,382,29,166,0" /><INIT seed="6,1,0,5,5,101" ten="210,213,411,166" oya="2" hai0="130,131,118,62,91,35,133,43,109,100,65,23,89" hai1="121,32,22,97,103,123,31,19,126,112,104,116,82" hai2="95,56,33,55,84,102,96,74,53,40,86,78,76" hai3="108,0,67,38,48,83,64,70,54,106,135,46,34"/><V119/><F33/><W69/><G108/><T85/><D109/><U90/><E116/><V8/><F40/><W127/><G0/><T132/><D35/><U14/><E112/><V26/><F74/><W111/><G34/><T44/><D100/><U125/><E90/><N who="0" m="34313" /><D23/><U134/><E82/><V128/><F128/><N who="0" m="49194" /><D85/><U49/><E134/><V58/><F119/><W73/><G135/><T81/><D81/><U11/><E32/><V114/><F26/><W3/><G3/><T5/><D5/><U16/><E31/><V98/><F114/><W51/><G111/><T60/><D60/><U113/><E49/><V129/><F98/><W20/><G20/><T71/><D118/><U61/><E61/><V88/><F86/><W17/><G17/><T77/><D77/><N who="2" m="29802" /><F8/><W12/><G83/><T18/><D18/><U1/><E113/><V41/><F41/><N who="3" m="22839" /><G73/><T124/><D124/><N who="1" m="47723" /><E1/><V72/><F72/><W28/><G127/><T15/><D15/><AGARI ba="1,0" hai="11,14,15,16,19,22,97,103,104,121,123" m="47723" machi="15" ten="30,3900,0" yaku="18,1,52,1,54,1" doraHai="101" who="1" fromWho="0" sc="210,-42,213,42,411,0,166,0" /><INIT seed="7,0,0,5,1,78" ten="168,255,411,166" oya="3" hai0="22,79,124,73,121,10,89,104,23,25,117,113,103" hai1="115,128,96,56,105,86,60,95,3,85,57,35,40" hai2="8,9,125,108,26,132,19,134,24,41,114,76,44" hai3="2,7,5,1,31,6,34,37,52,70,109,110,102"/><W15/><G37/><T71/><D117/><U0/><E35/><V94/><F108/><N who="3" m="41579" /><G70/><T59/><D121/><U50/><E105/><V98/><F76/><W32/><G102/><T49/><D71/><U90/><E115/><V112/><F125/><W106/><G106/><T91/><D124/><U111/><E128/><V127/><F127/><W16/><G52/><N who="0" m="32143" /><D73/><U62/><E111/><V77/><F77/><W93/><G93/><T100/><D104/><U42/><E3/><N who="3" m="1034" /><G31/><N who="0" m="17847" /><D113/><U53/><E0/><V129/><F129/><W122/><G122/><T45/><D103/><U13/><E13/><N who="2" m="7599" /><F8/><AGARI ba="0,0" hai="5,6,7,8,15,16,32,34" m="1034,41579" machi="8" ten="40,12000,1" yaku="10,1,34,2,54,1" doraHai="78" who="3" fromWho="2" sc="168,0,255,0,411,-120,166,120" /><INIT seed="7,1,0,3,1,74" ten="168,255,291,286" oya="3" hai0="80,124,46,132,115,134,6,87,127,50,13,43,30" hai1="3,15,109,82,130,59,1,29,24,86,114,131,63" hai2="60,88,90,84,26,47,116,71,128,11,97,8,106" hai3="111,27,53,81,93,107,94,57,103,52,95,64,125"/><W73/><G125/><N who="0" m="48203" /><D30/><U133/><E109/><V9/><F116/><W41/><G107/><T55/><D87/><U79/><E114/><V102/><F128/><N who="1" m="49193" /><E133/><N who="0" m="51305" /><D80/><U121/><E15/><V112/><F112/><W101/><G73/><T7/><D13/><U76/><E121/><V135/><F47/><W58/><G81/><T23/><D23/><N who="1" m="15519" /><E76/><V100/><F102/><N who="3" m="38923" /><G27/><T122/><D7/><U92/><E92/><V54/><F84/><W38/><G38/><N who="0" m="21879" /><D6/><U5/><E5/><V40/><F26/><W119/><G119/><T104/><D104/><U10/><E10/><V85/><F85/><W70/><G111/><T105/><D105/><U18/><E18/><V12/><F12/><W91/><G41/><T65/><D115/><U66/><AGARI ba="1,0" hai="1,3,59,63,66,79,82,86" m="15519,49193" machi="66" ten="30,2000,0" yaku="19,1,52,1" doraHai="74" who="1" fromWho="1" sc="168,-6,255,23,291,-6,286,-11" /><INIT seed="8,0,0,5,3,131" ten="162,278,285,275" oya="0" hai0="117,77,89,33,56,57,3,63,42,40,55,11,95" hai1="43,90,123,38,13,8,64,60,120,18,126,32,29" hai2="99,10,28,2,70,102,116,105,109,81,35,82,15" hai3="36,26,79,118,121,49,66,83,1,94,54,7,27"/><T46/><D33/><U130/><E130/><V127/><F109/><W106/><G106/><T128/><D128/><U108/><E108/><V59/><F70/><W67/><G36/><T44/><D117/><U51/><E38/><V98/><F116/><W113/><G113/><T85/><D3/><U71/><E126/><V62/><F2/><W19/><G1/><T75/><D75/><U12/><E12/><V96/><F127/><W25/><G7/><T4/><D77/><U16/><E18/><V41/><F41/><W50/><G118/><T65/><D11/><U48/><E90/><V107/><F28/><W119/><G119/><T73/><D73/><U47/><REACH who="1" step="1"/><E51/><REACH who="1" ten="162,268,285,275" step="2"/><V114/><F114/><W111/><G49/><N who="0" m="30831" /><D4/><U124/><E124/><V0/><F0/><W97/><G19/><T61/><D61/><U78/><E78/><V110/><F110/><W101/><G111/><T30/><D30/><U22/><E22/><V68/><F35/><W135/><G121/><T84/><D84/><U20/><E20/><V34/><F34/><W100/><G100/><T5/><D5/><U88/><E88/><V69/><F102/><W39/><G39/><T21/><D21/><U9/><E9/><V24/><F24/><AGARI ba="0,1" hai="8,13,16,24,29,32,43,47,48,60,64,71,120,123" machi="24" ten="40,5200,0" yaku="1,1,54,1,53,1" doraHai="131" doraHaiUra="23" who="1" fromWho="2" sc="162,0,268,62,285,-52,275,0" owari="162,-34.0,330,43.0,233,-17.0,275,8.0" /></mjloggm>