<mjloggm ver="2.3"><GO type="41" lobby="0"/><UN n0="%E3%82%A4%E3%83%B3%E3%83%87%E3%82%A3%E3%82%B4%E3%83%96%E3%83%AB%E3%83%BC" n1="%4C%65%6D%6F%6E%6B%75%6E" n2="%E5%A4%A7%E5%B7%9D%E3%81%BE%E3%81%9F%E3%81%AF%E6%B8%A1%E8%BE%BA" n3="%E2%93%9D%53%75%70%68%78" dan="14,14,14,16" rate="1907.15,1937.83,1900.01,2093.06" sx="M,M,M,M"/><TAIKYOKU oya="0"/><INIT seed="0,0,0,4,3,8" ten="250,250,250,250" oya="0" hai0="104,36,116,64,59,57,105,127,47,7,115,9,133" hai1="80,56,73,99,120,89,108,96,95,60,55,37,65" hai2="63,114,24,42,18,1,16,123,31,86,128,98,10" hai3="0,84,134,21,93,46,54,92,33,6,67,19,25"/><T27/><D115/><U45/><E120/><V53/><F53/><W107/><BYE who="2" /><G107/><T122/><D116/><U132/><E132/><V106/><F106/><W85/><G33/><T22/><D122/><U48/><E108/><V125/><F125/><W11/><G67/><T68/><D127/><U39/><REACH who="1" step="1"/><E99/><REACH who="1" ten="250,240,250,250" step="2"/><V62/><F62/><W126/><G134/><T43/><D133/><U49/><E49/><V15/><F15/><W97/><G126/><T29/><D104/><U112/><E112/><V102/><F102/><W35/><G97/><T14/><REACH who="0" step="1"/><D105/><REACH who="0" ten="240,240,250,250" step="2"/><U77/><AGARI ba="0,2" hai="37,39,45,48,55,56,60,65,73,77,80,89,95,96" machi="77" ten="30,2000,0" yaku="1,1,0,1,53,0" doraHai="8" doraHaiUra="135" who="1" fromWho="1" sc="240,-10,240,40,250,-5,250,-5" /><INIT seed="1,0,0,0,0,135" ten="230,280,245,245" oya="1" hai0="81,51,17,104,1,133,46,26,120,33,42,55,18" hai1="30,125,24,109,65,43,112,92,130,83,57,97,134" hai2="105,124,93,78,5,29,45,75,15,61,38,60,69" hai3="28,47,128,132,63,118,9,22,95,117,68,49,126"/><U121/><E121/><UN n2="%E5%A4%A7%E5%B7%9D%E3%81%BE%E3%81%9F%E3%81%AF%E6%B8%A1%E8%BE%BA" /><V79/><F105/><W20/><G128/><T10/><D133/><U27/><E112/><V98/><F29/><W6/><G132/><T48/><D104/><U0/><E134/><V100/><F124/><W8/><G95/><T96/><D96/><U127/><E130/><V110/><F110/><W91/><G91/><T72/><D120/><U23/><E0/><V7/><F7/><W89/><G89/><T67/><D67/><U44/><E109/><V115/><F115/><W66/><G9/><T31/><D81/><U99/><E83/><V122/><F122/><W14/><G28/><T71/><D71/><U40/><E27/><V34/><F34/><W76/><G76/><T84/><D84/><U94/><E65/><V87/><F75/><W35/><G35/><T64/><D64/><U21/><E57/><V111/><F69/><W2/><G126/><N who="1" m="48138" /><E21/><V77/><F111/><W102/><G22/><T4/><D72/><U25/><E25/><V52/><F38/><W82/><G82/><T119/><D119/><U116/><E116/><V16/><F5/><W32/><G32/><T90/><D90/><N who="1" m="55447" /><E44/><AGARI ba="0,0" hai="1,4,10,17,18,26,31,33,42,44,46,48,51,55" machi="44" ten="30,1000,0" yaku="7,1" doraHai="135" who="0" fromWho="1" sc="230,10,280,-10,245,0,245,0" /><INIT seed="2,0,0,5,5,70" ten="240,270,245,245" oya="2" hai0="43,49,1,85,118,20,40,101,75,15,88,108,48" hai1="34,29,68,18,66,82,32,128,93,133,28,120,17" hai2="31,95,33,36,0,97,14,73,130,104,131,61,81" hai3="107,11,115,132,90,24,105,51,79,46,19,127,83"/><V37/><F0/><W117/><G117/><T27/><D108/><U12/><E68/><V22/><F33/><W122/><G122/><T38/><D75/><U56/><E120/><V52/><F104/><W91/><G127/><T86/><D1/><U121/><E121/><V124/><F124/><W109/><G132/><T77/><D101/><U87/><E133/><V119/><F119/><W5/><G115/><T106/><D106/><U65/><E128/><N who="2" m="49195" /><F73/><W47/><G109/><T9/><D38/><U89/><E34/><V99/><F81/><W25/><G83/><N who="0" m="49215" /><D86/><U35/><E35/><V58/><F99/><W84/><G84/><T125/><D77/><U135/><E135/><V123/><F123/><W67/><G107/><T41/><D125/><U98/><E32/><V71/><F71/><W92/><G105/><T44/><D44/><U69/><E69/><V102/><F14/><W134/><G134/><T45/><D45/><U53/><E29/><V76/><F76/><W55/><G79/><T116/><D116/><U129/><E28/><V62/><F62/><W42/><G47/><T60/><D60/><U113/><E113/><V126/><F126/><W80/><G46/><T30/><D118/><U7/><E129/><V6/><F6/><AGARI ba="0,0" hai="6,9,15,20,27,30,40,41,43,48,49" m="49215" machi="6" ten="30,2000,0" yaku="8,1,54,1" doraHai="70" who="0" fromWho="2" sc="240,20,270,0,245,-20,245,0" /><INIT seed="3,0,0,0,5,105" ten="260,270,225,245" oya="3" hai0="114,93,55,57,101,29,116,33,60,86,87,110,6" hai1="64,67,38,126,66,89,59,13,127,132,42,99,117" hai2="76,94,135,134,80,124,22,112,84,79,5,65,133" hai3="24,18,129,85,62,21,95,100,50,40,9,125,7"/><W61/><G125/><N who="1" m="47626" /><E13/><V128/><F124/><W16/><G129/><T73/><D110/><U39/><E99/><V104/><F65/><W108/><G108/><T46/><D116/><U122/><E89/><N who="2" m="53543" /><F5/><W44/><G18/><T15/><D114/><U118/><E122/><V78/><F22/><W27/><G27/><T4/><D73/><U25/><E25/><V74/><F112/><W106/><G106/><T45/><D33/><U30/><E30/><V48/><F48/><W41/><G41/><T109/><D29/><U82/><E82/><V121/><F121/><W34/><G34/><T0/><D0/><U115/><E115/><V120/><F120/><W69/><G69/><T111/><D111/><U51/><E132/><V20/><F20/><W2/><REACH who="3" step="1"/><G85/><REACH who="3" ten="260,270,225,235" step="2"/><N who="0" m="32267" /><D109/><U123/><E123/><V92/><F128/><W31/><G31/><T96/><D6/><U113/><E113/><V17/><F17/><W70/><G70/><T14/><D4/><U58/><E42/><V19/><F19/><W98/><AGARI ba="0,1" hai="2,7,9,16,21,24,40,44,50,61,62,95,98,100" machi="98" ten="30,11700,0" yaku="1,1,0,1,54,1,53,1" doraHai="105" doraHaiUra="91" who="3" fromWho="3" sc="260,-39,270,-39,225,-39,235,127" /><INIT seed="3,1,0,0,4,114" ten="221,231,186,362" oya="3" hai0="78,104,50,31,11,83,19,53,70,44,1,43,26" hai1="57,127,30,126,84,55,110,60,89,133,115,21,135" hai2="41,67,116,120,33,92,128,131,93,100,69,132,48" hai3="49,10,64,112,39,117,68,80,79,99,122,108,102"/><W22/><G117/><T6/><D104/><U4/><E4/><V9/><F33/><W124/><G124/><N who="1" m="47658" /><E30/><V118/><F120/><W18/><G108/><T119/><D119/><N who="2" m="45610" /><F69/><W12/><G39/><T47/><D70/><U72/><E72/><V13/><F67/><W77/><G112/><T35/><D19/><U20/><E115/><V32/><F32/><W75/><G79/><T8/><D6/><U87/><E110/><V134/><F100/><W113/><G122/><T66/><D66/><U86/><E89/><V40/><F48/><W29/><G49/><T81/><D81/><U130/><E130/><N who="2" m="49707" /><F13/><W74/><G68/><T17/><D1/><U85/><N who="1" m="21504" /><DORA hai="106" /><U95/><E95/><N who="2" m="36427" /><F9/><W62/><G10/><T2/><D2/><U107/><E107/><V0/><F0/><W51/><G113/><T65/><D65/><U24/><E24/><V16/><F16/><W82/><G18/><T42/><D17/><U61/><E61/><V129/><N who="2" m="49715" /><V109/><DORA hai="23" /><F109/><W121/><G12/><T88/><D11/><U54/><E54/><V96/><F96/><W3/><G99/><T97/><D8/><U105/><E105/><V58/><F58/><W45/><G64/><T101/><D53/><U56/><E56/><V71/><F71/><W27/><G3/><T36/><D101/><U111/><E111/><V37/><F37/><W15/><G102/><T7/><D97/><U91/><E91/><V34/><F34/><W38/><G38/><T123/><D123/><U90/><E90/><V59/><F59/><W125/><G121/><T52/><D88/><RYUUKYOKU ba="1,0" sc="221,-15,231,15,186,15,362,-15" hai1="20,21,55,57,60,133,135" hai2="40,41,132,134" /><INIT seed="4,2,0,3,2,94" ten="206,246,201,347" oya="0" hai0="14,123,122,119,4,58,16,30,25,8,33,133,92" hai1="57,99,111,78,43,116,61,108,109,85,134,46,91" hai2="56,75,132,84,90,82,26,21,66,1,67,24,69" hai3="13,70,87,106,45,113,62,96,41,126,121,68,88"/><T105/><D105/><U3/><E3/><V130/><F1/><W27/><G113/><T19/><D119/><U114/><E116/><V125/><F125/><W117/><G117/><T49/><D92/><U102/><E114/><V107/><F107/><W55/><G27/><N who="0" m="18655" /><D49/><U103/><E78/><V28/><F132/><W10/><G121/><N who="0" m="46091" /><D58/><U100/><E134/><V18/><F130/><W34/><G34/><T80/><D80/><U44/><E43/><V104/><F104/><W22/><G70/><T118/><D118/><U29/><E29/><V53/><F69/><W11/><G68/><T17/><D133/><U73/><E73/><V93/><F75/><W72/><G72/><T127/><D127/><U15/><E15/><V131/><F131/><W95/><G106/><T63/><D63/><U0/><E0/><V7/><F7/><W23/><G126/><T50/><D50/><U60/><E60/><V39/><F39/><W81/><G62/><T129/><D129/><U115/><E115/><V89/><F53/><W37/><G55/><T71/><D71/><U51/><E51/><V36/><F56/><W59/><G59/><T6/><D6/><U2/><E2/><V77/><F89/><W42/><G42/><T112/><D112/><U32/><E32/><V101/><F36/><W79/><G13/><T128/><D128/><U76/><E109/><V5/><F5/><W83/><G83/><T74/><D74/><U40/><E111/><V9/><F77/><W124/><G124/><T20/><AGARI ba="2,0" hai="4,8,14,16,17,19,20,25" m="46091,18655" machi="20" ten="30,6000,0" yaku="34,2,54,1" doraHai="94" who="0" fromWho="0" sc="206,66,246,-22,201,-22,347,-22" /><INIT seed="4,3,0,3,4,72" ten="272,224,179,325" oya="0" hai0="2,20,37,126,87,70,6,36,128,118,75,28,68" hai1="39,134,12,13,8,4,89,32,88,67,92,131,124" hai2="104,52,130,14,105,107,98,81,77,110,18,102,51" hai3="43,44,101,42,58,125,132,93,53,10,74,5,114"/><T54/><D54/><U49/><E39/><N who="0" m="14921" /><D87/><U21/><E32/><V96/><F96/><W11/><G125/><T33/><D20/><U1/><E124/><V16/><F110/><W117/><G74/><T3/><D126/><U63/><E134/><V120/><F120/><W66/><G117/><T60/><D118/><U86/><E131/><V40/><F40/><W45/><G43/><T15/><D15/><U50/><E1/><N who="0" m="9" /><D6/><U106/><E106/><V111/><F130/><W127/><G42/><T57/><D57/><U19/><REACH who="1" step="1"/><E89/><REACH who="1" ten="272,214,179,325" step="2"/><V115/><F111/><W103/><G127/><T123/><D128/><U30/><E30/><V62/><F107/><W84/><G132/><T80/><D123/><U9/><E9/><V34/><F105/><W38/><G11/><T17/><D60/><U133/><E133/><V55/><F34/><W56/><G10/><T79/><D17/><U46/><E46/><V129/><F129/><W109/><G45/><T85/><D85/><U64/><E64/><V22/><F18/><W78/><G44/><T100/><D100/><U69/><AGARI ba="3,1" hai="4,8,12,13,19,21,49,50,63,67,69,86,88,92" machi="69" ten="20,5200,0" yaku="1,1,0,1,7,1,54,1,53,0" doraHai="72" doraHaiUra="73" who="1" fromWho="1" sc="272,-29,214,71,179,-16,325,-16" /><INIT seed="5,0,0,4,4,107" ten="243,285,163,309" oya="1" hai0="25,35,45,124,122,26,39,126,63,135,3,2,103" hai1="47,8,97,77,67,62,116,78,76,66,23,32,73" hai2="85,115,69,40,17,100,20,68,4,104,56,19,74" hai3="75,79,15,111,84,98,71,6,89,128,118,94,46"/><U102/><E32/><V65/><F4/><W93/><G71/><T16/><D103/><U30/><E116/><V48/><F115/><W132/><G111/><T13/><D63/><U58/><E67/><V113/><F113/><W27/><G132/><T110/><D110/><U52/><E8/><V12/><F104/><W28/><G128/><T53/><D35/><U70/><E47/><V82/><F100/><W99/><G75/><T72/><D72/><U14/><E14/><V57/><F69/><W33/><G118/><T83/><D83/><U7/><E7/><V42/><F68/><W127/><G127/><N who="0" m="48683" /><D53/><U106/><E23/><V41/><F74/><W49/><G79/><T55/><D55/><U43/><E30/><V117/><F117/><W120/><G94/><T88/><D88/><U59/><E43/><V38/><F38/><W0/><G89/><T34/><D34/><U50/><REACH who="1" step="1"/><E70/><REACH who="1" ten="243,275,163,309" step="2"/><V90/><F19/><W112/><G28/><T36/><D45/><U121/><E121/><V130/><F130/><W10/><G120/><T18/><D13/><U123/><E123/><V29/><F29/><W9/><G112/><T60/><D18/><U22/><E22/><V5/><F5/><W92/><G33/><T101/><D16/><U81/><AGARI ba="0,1" hai="50,52,58,59,62,66,73,76,77,78,81,97,102,106" machi="81" ten="30,11700,0" yaku="1,1,0,1,52,1,54,1,53,0" doraHai="107" doraHaiUra="80" who="1" fromWho="1" sc="243,-39,275,127,163,-39,309,-39" /><INIT seed="5,1,0,2,3,9" ten="204,402,124,270" oya="1" hai0="60,21,64,67,127,108,11,35,19,104,51,17,116" hai1="126,135,128,15,81,124,20,42,58,18,96,92,101" hai2="34,97,54,8,105,36,103,79,25,123,10,68,80" hai3="115,77,84,22,65,73,23,16,82,71,45,69,111"/><U29/><E135/><V38/><F123/><W31/><G111/><T93/><D108/><U88/><E128/><V98/><F98/><W47/><G115/><T37/><D116/><U26/><E42/><V85/><F54/><W32/><G32/><T40/><D37/><U0/><E0/><V59/><F59/><W55/><G73/><T4/><D104/><U72/><E58/><V52/><F52/><W113/><G113/><T39/><D35/><U95/><E81/><V62/><F8/><W117/><G65/><T121/><D39/><U118/><E72/><V120/><F10/><W125/><G125/><N who="1" m="48234" /><E118/><V13/><F13/><N who="3" m="9487" /><G71/><T109/><D93/><N who="1" m="56359" /><E101/><V130/><F130/><W6/><G69/><T24/><D64/><U48/><E48/><V30/><REACH who="2" step="1"/><F120/><REACH who="2" ten="204,402,114,270" step="2"/><W110/><G117/><T14/><D121/><U63/><E63/><V122/><F122/><W7/><G110/><T50/><D40/><U94/><E15/><V131/><F131/><W53/><G53/><T133/><D127/><U5/><E5/><N who="3" m="1546" /><G55/><T112/><D109/><U86/><E86/><V134/><F134/><W100/><G100/><T129/><D129/><U119/><E119/><V102/><F102/><W3/><G3/><T46/><D133/><U78/><E95/><V91/><F91/><W2/><G2/><T87/><D4/><U76/><E94/><V114/><F114/><W33/><G84/><T89/><D112/><U99/><E92/><V56/><F56/><W41/><G41/><T61/><D67/><AGARI ba="1,1" hai="25,30,34,36,38,62,67,68,79,80,85,97,103,105" machi="67" ten="40,8000,1" yaku="1,1,25,2,53,1" doraHai="9" doraHaiUra="74" who="2" fromWho="0" sc="204,-83,402,0,114,93,270,0" /><INIT seed="6,0,0,2,2,58" ten="121,402,207,270" oya="2" hai0="8,100,15,48,96,130,123,26,40,42,64,79,126" hai1="37,51,23,6,11,120,87,71,99,35,62,31,118" hai2="91,84,43,50,74,34,36,88,101,5,53,132,124" hai3="111,77,82,1,93,102,114,32,103,39,80,72,65"/><V56/><F34/><W24/><G1/><T19/><D123/><U61/><E37/><V85/><F74/><W49/><G39/><T113/><D113/><U119/><E35/><V45/><F124/><W3/><G3/><T16/><D130/><U25/><E120/><V10/><F132/><W131/><G111/><T17/><D126/><U68/><E68/><V95/><F101/><W55/><G65/><T47/><D79/><U112/><E112/><V94/><F36/><W2/><G2/><T97/><D97/><U92/><E71/><V33/><F33/><W69/><G82/><T86/><D86/><U27/><E27/><V0/><REACH who="2" step="1"/><F56/><REACH who="2" ten="121,402,197,270" step="2"/><W29/><G69/><T54/><D64/><U106/><E119/><V133/><F133/><W116/><G116/><T4/><REACH who="0" step="1"/><D26/><REACH who="0" ten="111,402,197,270" step="2"/><U75/><E25/><V78/><F78/><W135/><G135/><T30/><D30/><U105/><E31/><V104/><F104/><AGARI ba="0,2" hai="4,8,15,16,17,19,40,42,47,48,54,96,100,104" machi="104" ten="40,2600,0" yaku="1,1,54,1,53,0" doraHai="58" doraHaiUra="63" who="0" fromWho="2" sc="111,46,402,0,197,-26,270,0" /><INIT seed="7,0,0,0,2,38" ten="157,402,171,270" oya="3" hai0="55,125,72,115,126,77,119,31,48,36,121,74,93" hai1="89,114,50,111,128,22,86,65,14,4,118,44,98" hai2="123,110,15,108,88,52,85,103,81,32,59,62,9" hai3="13,124,107,8,73,54,30,5,109,67,71,57,33"/><W80/><G124/><N who="0" m="47723" /><D119/><U94/><E111/><V75/><F32/><W35/><G107/><T63/><D121/><U64/><E118/><V66/><F123/><W39/><G109/><T45/><D77/><U104/><E114/><V28/><F28/><W105/><G105/><T37/><D31/><U7/><E128/><V79/><F103/><W87/><G73/><N who="0" m="28267" /><D115/><U68/><E65/><V129/><F129/><W34/><G67/><T95/><D63/><U132/><E68/><V84/><F75/><W1/><G30/><T21/><D21/><U56/><E104/><V102/><F102/><W97/><G35/><T76/><D76/><U91/><E64/><V24/><F24/><W17/><G34/><T100/><D100/><U41/><E56/><V112/><F112/><W117/><G57/><N who="0" m="32999" /><D37/><U96/><E22/><V53/><F110/><W0/><G39/><T127/><N who="0" m="47731" /><T18/><DORA hai="25" /><D18/><U99/><E91/><V135/><F135/><W10/><G17/><T61/><D61/><U11/><E132/><V134/><F134/><W27/><G33/><T51/><D36/><U60/><E60/><V90/><F108/><W26/><G117/><T42/><AGARI ba="0,0" hai="42,45,51,93,95" m="32999,28267,47731" machi="42" ten="50,3200,0" yaku="18,1,52,1" doraHai="38,25" who="0" fromWho="0" sc="157,32,402,-8,171,-8,270,-16" owari="189,-21.0,394,50.0,163,-34.0,254,5.0" /></mjloggm>