<mjloggm ver="2.3"><GO type="41" lobby="0"/><UN n0="%E5%A4%A9%E4%BA%95%E3%82%B9%E3%83%88%E3%83%83%E3%83%91%E3%83%BC" n1="%E2%93%9D%53%75%70%68%78" n2="%31%33%31%34" n3="%44%6F%63%74%6F%72" dan="15,18,15,14" rate="2000.47,2099.27,2012.28,1947.10" sx="F,M,F,M"/><TAIKYOKU oya="0"/><INIT seed="0,0,0,2,0,49" ten="250,250,250,250" oya="0" hai0="22,94,31,11,118,82,5,135,125,119,107,95,113" hai1="101,77,39,1,51,41,134,81,132,69,10,62,44" hai2="110,131,72,30,57,59,60,19,97,74,15,18,42" hai3="71,28,2,23,102,0,84,83,128,87,38,68,112"/><T46/><D107/><U47/><E101/><V53/><F110/><W98/><G112/><T13/><D113/><U50/><E1/><V93/><F131/><W3/><G128/><T6/><D135/><N who="1" m="51755" /><E10/><V133/><F133/><W14/><G38/><T63/><D125/><U122/><E81/><V104/><F104/><W91/><G84/><T37/><D5/><U34/><E34/><V99/><F30/><W124/><G124/><T106/><D106/><U9/><E9/><V65/><F42/><W25/><REACH who="3" step="1"/><G14/><REACH who="3" ten="250,250,250,240" step="2"/><T8/><D37/><U76/><E39/><V100/><F15/><W114/><G114/><T111/><D111/><U61/><E122/><V90/><F72/><W92/><AGARI ba="0,1" hai="0,2,3,23,25,28,68,71,83,87,91,92,98,102" machi="92" ten="30,4000,0" yaku="1,1,0,1,53,1" doraHai="49" doraHaiUra="17" who="3" fromWho="3" sc="250,-20,250,-10,250,-10,240,50" /><INIT seed="1,0,0,3,4,88" ten="230,240,240,290" oya="1" hai0="39,45,11,133,51,69,134,76,119,128,86,97,61" hai1="70,59,19,63,75,49,21,129,110,41,131,26,44" hai2="14,1,42,5,10,16,100,62,118,96,27,121,91" hai3="37,15,17,6,93,74,52,135,56,67,83,60,8"/><U31/><E75/><V53/><F121/><W9/><G135/><T20/><D119/><U124/><E70/><V90/><F118/><W92/><G37/><T87/><D39/><U40/><E124/><V58/><F42/><W125/><G125/><T78/><D11/><U73/><E73/><V98/><F98/><W36/><G36/><T115/><D115/><U38/><E110/><V102/><F1/><W25/><G67/><T18/><D128/><N who="1" m="49227" /><E41/><V13/><F27/><W23/><REACH who="3" step="1"/><G9/><REACH who="3" ten="230,240,240,280" step="2"/><T32/><D134/><U103/><E38/><V116/><F116/><W126/><G126/><T123/><D133/><U132/><E132/><V66/><F66/><W84/><G84/><T34/><D87/><U127/><E127/><V95/><F100/><W72/><G72/><T48/><D86/><U105/><E103/><V104/><F104/><W81/><G81/><T30/><D123/><U89/><E105/><V77/><F77/><AGARI ba="0,1" hai="6,8,15,17,23,25,52,56,60,74,77,83,92,93" machi="77" ten="40,8000,1" yaku="1,1,52,2,54,1,53,0" doraHai="88" doraHaiUra="80" who="3" fromWho="2" sc="230,0,240,0,240,-80,280,90" /><INIT seed="2,0,0,5,5,15" ten="230,240,160,370" oya="2" hai0="23,0,107,95,30,40,56,53,85,93,66,28,130" hai1="44,106,47,83,108,60,92,43,131,29,35,14,48" hai2="33,113,9,98,62,25,111,21,80,54,49,99,3" hai3="120,37,126,13,58,64,63,45,112,2,102,135,8"/><V82/><F113/><W96/><G120/><T4/><D107/><U122/><E106/><V78/><F33/><W105/><G112/><T42/><D130/><U129/><E108/><V24/><F111/><W89/><G135/><T73/><D73/><U68/><E92/><V16/><F62/><W121/><G121/><T124/><D124/><U10/><E122/><V79/><F3/><W22/><G126/><T104/><D104/><U50/><E83/><N who="2" m="31787" /><F9/><W20/><G89/><T70/><D66/><U100/><E100/><V46/><F24/><W57/><G2/><T87/><D70/><U26/><E60/><V32/><F32/><W132/><G132/><T67/><D67/><U84/><E84/><V97/><AGARI ba="0,0" hai="16,21,25,46,49,54,78,79,97,98,99" m="31787" machi="97" ten="30,6000,0" yaku="8,1,52,1,54,1" doraHai="15" who="2" fromWho="2" sc="230,-20,240,-20,160,60,370,-20" /><INIT seed="2,1,0,2,5,118" ten="210,220,220,350" oya="2" hai0="41,53,82,124,22,66,109,122,107,18,51,62,92" hai1="84,105,40,56,21,75,86,45,58,103,73,16,25" hai2="2,54,68,78,47,6,99,57,125,32,96,116,3" hai3="4,50,43,67,133,126,14,5,91,52,11,112,34"/><V119/><F68/><W64/><G133/><T79/><D107/><U46/><E105/><V9/><F32/><W90/><G126/><T69/><D124/><U115/><E103/><V110/><F125/><W71/><G34/><T108/><D41/><U123/><E115/><V65/><F2/><W49/><G112/><T35/><D35/><U104/><E104/><V15/><F3/><W98/><G5/><T59/><D92/><U37/><E46/><V48/><F110/><W1/><G1/><T72/><REACH who="0" step="1"/><D122/><REACH who="0" ten="200,220,220,350" step="2"/><U28/><E123/><V27/><F116/><W120/><G120/><T12/><AGARI ba="1,1" hai="12,18,22,51,53,59,62,66,69,72,79,82,108,109" machi="12" ten="30,4000,0" yaku="1,1,2,1,0,1,53,0" doraHai="118" doraHaiUra="113" who="0" fromWho="0" sc="200,53,220,-11,220,-21,350,-11" /><INIT seed="3,0,0,0,3,99" ten="253,209,199,339" oya="3" hai0="56,13,24,10,12,126,112,80,46,107,36,103,81" hai1="15,16,21,122,14,42,48,90,35,88,23,20,92" hai2="82,120,111,52,115,106,30,58,132,8,61,95,11" hai3="26,69,97,3,76,116,131,108,133,32,18,102,9"/><W117/><G133/><T53/><D126/><U124/><E35/><V73/><F115/><W49/><G131/><T1/><D112/><U33/><E33/><V40/><F132/><W98/><G98/><T34/><D36/><U2/><E2/><V45/><F106/><W96/><G96/><T78/><D46/><N who="1" m="25687" /><E122/><V127/><F120/><W129/><G129/><T60/><D80/><U19/><E124/><V0/><F127/><W105/><G108/><T55/><D1/><U59/><E59/><V114/><F114/><W72/><G69/><T119/><D119/><U25/><E92/><V135/><F135/><W68/><G68/><T100/><D55/><U66/><E66/><V70/><F111/><W28/><G49/><T62/><D62/><U54/><E54/><V109/><F109/><W4/><G18/><AGARI ba="0,0" hai="14,15,16,18,19,20,21,23,25,88,90" m="25687" machi="18" ten="30,3900,0" yaku="8,1,54,2" doraHai="99" who="1" fromWho="3" sc="253,0,209,39,199,0,339,-39" /><INIT seed="4,0,0,0,5,96" ten="253,248,199,300" oya="0" hai0="45,78,7,133,54,15,34,18,99,123,103,49,76" hai1="107,71,65,5,125,39,117,40,102,95,12,22,14" hai2="120,41,126,37,109,105,63,3,61,42,124,43,67" hai3="36,73,30,25,98,55,114,27,82,106,112,64,31"/><T59/><D133/><U52/><E107/><V11/><F105/><W100/><G64/><T80/><D34/><U101/><E117/><V69/><F3/><W128/><G128/><T26/><D123/><U110/><E110/><V56/><F11/><W72/><G36/><T58/><D26/><N who="3" m="9737" /><G55/><T1/><D7/><U75/><E75/><N who="3" m="28746" /><G82/><T77/><D80/><U57/><E125/><N who="2" m="48235" /><F120/><W119/><G119/><T44/><D59/><U118/><E118/><V33/><F33/><W97/><G97/><T85/><D85/><U92/><E71/><V17/><F17/><W60/><G60/><T134/><D134/><U16/><E39/><V113/><F109/><W88/><G88/><T19/><D1/><U66/><E66/><N who="2" m="41167" /><F37/><W86/><G86/><T115/><D18/><U79/><E65/><V93/><F93/><N who="1" m="35913" /><E79/><V53/><F67/><W81/><G81/><T87/><D77/><U127/><E127/><V51/><F63/><W116/><G116/><T94/><D78/><U121/><E121/><V46/><F56/><W9/><G9/><T10/><D76/><U104/><E104/><V38/><F38/><W83/><G83/><T74/><D74/><U4/><E4/><V111/><F111/><W24/><N who="3" m="9745" /><W48/><DORA hai="89" /><G48/><T90/><D49/><N who="1" m="30863" /><E40/><V32/><F32/><W35/><G35/><T84/><D54/><U13/><E5/><V68/><F68/><W131/><G131/><T91/><D58/><U50/><E50/><V108/><F108/><W0/><G0/><T20/><D90/><U21/><E16/><V122/><F122/><W29/><AGARI ba="0,0" hai="29,30,31,98,100,106,112,114" m="28746,9745" machi="29" ten="40,2700,0" yaku="5,1,52,1" doraHai="96,89" who="3" fromWho="3" sc="253,-13,248,-7,199,-7,300,27" /><INIT seed="5,0,0,5,2,43" ten="240,241,192,327" oya="1" hai0="94,108,59,53,13,56,21,65,69,121,58,133,25" hai1="116,62,72,74,31,27,17,66,64,135,55,132,71" hai2="96,4,48,33,129,99,61,103,122,134,118,0,26" hai3="91,109,2,41,85,79,18,35,32,7,39,60,49"/><U113/><E116/><V16/><F118/><W89/><G109/><T124/><D108/><U22/><E66/><V37/><F122/><W38/><G18/><T1/><D1/><U11/><E113/><V127/><F37/><W14/><G60/><T100/><D121/><U88/><E55/><V68/><F127/><W54/><G2/><T128/><D124/><U107/><E107/><V9/><F129/><W15/><G41/><T24/><D128/><U52/><E88/><V47/><F134/><N who="1" m="51241" /><E52/><V3/><F3/><W12/><G7/><T67/><D133/><U36/><E36/><V83/><F83/><W90/><G79/><T80/><D80/><U114/><E114/><V30/><F68/><W6/><G6/><T75/><D67/><U125/><E125/><V92/><F61/><W45/><REACH who="3" step="1"/><G85/><REACH who="3" ten="240,241,192,317" step="2"/><T111/><D111/><U106/><E62/><V131/><F131/><W34/><AGARI ba="0,1" hai="12,14,15,32,34,35,38,39,45,49,54,89,90,91" machi="34" ten="40,12000,2" yaku="1,1,2,1,0,1,29,2,52,1,53,0" doraHai="43" doraHaiUra="63" who="3" fromWho="3" sc="240,-30,241,-60,192,-30,317,130" /><INIT seed="6,0,0,4,1,116" ten="210,181,162,447" oya="2" hai0="27,40,19,84,98,118,22,74,101,6,94,7,15" hai1="77,102,131,123,25,103,3,21,115,82,65,35,20" hai2="32,14,60,38,132,127,86,18,104,105,30,90,54" hai3="122,110,28,121,12,114,96,33,91,112,92,48,39"/><V42/><F127/><W17/><G39/><T56/><D74/><U53/><E3/><V81/><F132/><W80/><G110/><T66/><D118/><U70/><E115/><N who="3" m="44074" /><G48/><T4/><D40/><U106/><E131/><V61/><F42/><W126/><G126/><T41/><D41/><U45/><E35/><V16/><F38/><W119/><G119/><T49/><D84/><U5/><E5/><V109/><F109/><W46/><G46/><T11/><D49/><U58/><E106/><V78/><F78/><W124/><G124/><T8/><D8/><U69/><E21/><V97/><F54/><W63/><G63/><AGARI ba="0,0" hai="4,6,7,11,15,19,22,27,56,63,66,94,98,101" machi="63" ten="40,1300,0" yaku="8,1" doraHai="116" who="0" fromWho="3" sc="210,13,181,0,162,0,447,-13" /><INIT seed="7,0,0,0,3,70" ten="223,181,162,434" oya="3" hai0="71,17,57,14,47,58,24,2,35,61,126,10,108" hai1="113,116,112,28,75,26,15,40,5,97,81,36,129" hai2="76,42,6,65,104,27,11,25,68,105,31,43,49" hai3="89,99,12,50,54,111,133,121,85,52,87,44,115"/><W107/><G121/><T0/><D108/><U33/><E129/><V48/><F76/><W23/><G111/><T114/><D126/><U38/><E40/><V32/><F68/><W128/><G128/><T95/><D71/><U56/><E116/><V131/><F131/><W3/><G3/><T66/><D114/><N who="1" m="44139" /><E97/><V59/><F65/><W51/><G115/><T18/><D58/><U125/><E125/><V67/><F67/><W1/><G1/><T22/><D47/><U55/><E15/><V103/><F103/><W83/><G133/><T37/><D37/><N who="1" m="14443" /><E5/><V120/><F120/><W19/><G85/><T110/><D110/><U53/><E56/><V30/><F59/><N who="3" m="33175" /><G107/><T100/><D0/><U79/><AGARI ba="0,0" hai="26,28,33,53,55,75,79,81" m="14443,44139" machi="79" ten="40,8000,1" yaku="15,1,52,3" doraHai="70" who="1" fromWho="1" sc="223,-20,181,80,162,-20,434,-40" owari="203,-20.0,261,6.0,142,-36.0,394,50.0" /></mjloggm>