<mjloggm ver="2.3"><GO type="41" lobby="0"/><UN n0="%E2%93%9D%53%75%70%68%78" n1="%50%43%65%6C%65%73%74%65" n2="%E3%81%84%E3%81%91%E3%81%AA%E3%81%84%E3%82%A6%E3%83%A9%E5%85%88%E7%94%9F" n3="%E5%A4%9A%E6%91%A9%E3%82%BD%E3%83%BC%E3%82%B8" dan="17,13,15,15" rate="2022.35,1888.50,2002.29,2032.37" sx="M,M,F,M"/><TAIKYOKU oya="0"/><INIT seed="0,0,0,5,2,49" ten="250,250,250,250" oya="0" hai0="7,134,10,105,61,62,48,125,35,75,50,101,129" hai1="33,13,86,41,104,23,45,64,24,128,115,133,30" hai2="20,27,22,121,40,29,54,18,99,108,103,84,57" hai3="123,85,72,25,88,38,14,83,11,100,71,51,78"/><T97/><D75/><U92/><E104/><V21/><F108/><W96/><G38/><T42/><D35/><U56/><E128/><V43/><F84/><W135/><G135/><T131/><D125/><U118/><E118/><V106/><F121/><W47/><G71/><T44/><D134/><U111/><E133/><V65/><F65/><W63/><G123/><T132/><D132/><U73/><E73/><V60/><REACH who="2" step="1"/><F21/><REACH who="2" ten="250,250,240,250" step="2"/><W82/><G25/><AGARI ba="0,1" hai="18,20,22,25,27,29,40,43,54,57,60,99,103,106" machi="25" ten="30,7700,0" yaku="1,1,2,1,7,1,52,1,53,0" doraHai="49" doraHaiUra="69" who="2" fromWho="3" sc="250,0,250,0,240,87,250,-77" /><INIT seed="1,0,0,1,5,112" ten="250,250,327,173" oya="1" hai0="116,105,135,5,79,125,85,66,13,110,58,71,8" hai1="16,83,55,41,113,130,50,59,15,84,81,10,51" hai2="88,11,54,49,3,92,43,47,131,114,134,65,25" hai3="106,56,67,108,40,128,33,62,21,64,9,82,45"/><U14/><E113/><V122/><F122/><W63/><G108/><T7/><D71/><U46/><E130/><V26/><F131/><W24/><G128/><T12/><D105/><U29/><E29/><V119/><F134/><W93/><G106/><T73/><D73/><U94/><REACH who="1" step="1"/><E15/><REACH who="1" ten="250,240,327,173" step="2"/><V89/><F114/><W57/><G33/><T111/><D13/><U118/><E118/><V2/><F2/><W28/><G9/><T124/><D116/><U75/><E75/><V39/><F119/><W20/><G20/><T120/><D12/><U36/><E36/><V53/><F39/><W72/><G93/><T121/><D8/><U117/><E117/><V97/><F3/><W18/><G72/><T102/><D121/><U103/><E103/><V87/><F11/><W132/><G132/><T115/><D115/><U107/><E107/><V80/><F25/><W100/><G100/><T127/><D135/><U69/><E69/><V90/><F26/><W91/><G28/><T48/><D102/><U61/><E61/><V44/><F92/><W27/><G27/><T68/><D120/><U17/><E17/><V42/><F97/><W38/><G82/><N who="0" m="47327" /><D111/><U4/><E4/><V133/><F133/><W0/><G0/><T77/><D110/><U86/><E86/><V70/><F87/><W101/><G101/><T98/><D98/><U35/><E35/><V123/><F80/><W99/><G99/><T78/><D7/><U96/><E96/><V60/><F123/><W37/><G37/><T32/><D32/><U22/><E22/><V126/><F70/><W23/><G23/><RYUUKYOKU ba="0,1" sc="250,-15,240,15,327,-15,173,15" hai1="10,14,16,41,46,50,51,55,59,81,83,84,94" hai3="18,21,24,38,40,45,56,57,62,63,64,67,91" /><INIT seed="1,1,1,4,1,52" ten="235,255,312,188" oya="1" hai0="91,128,69,114,6,101,9,61,43,124,0,14,2" hai1="37,24,45,39,82,76,25,109,66,42,48,27,96" hai2="38,34,41,100,46,58,133,95,16,90,62,92,65" hai3="88,84,12,110,122,129,68,108,103,117,57,105,107"/><U7/><E109/><N who="3" m="42090" /><G68/><T106/><D114/><U132/><E132/><V18/><F34/><W102/><G12/><T67/><D128/><U60/><E96/><V120/><F120/><W134/><G122/><T35/><D124/><U71/><REACH who="1" step="1"/><E7/><REACH who="1" ten="235,245,312,188" step="2"/><V85/><REACH who="2" step="1"/><F133/><REACH who="2" ten="235,245,302,188" step="2"/><W112/><G134/><T87/><D6/><U97/><E97/><AGARI ba="1,3" hai="16,18,38,41,46,58,62,65,85,90,92,95,97,100" machi="97" ten="40,8000,1" yaku="1,1,2,1,52,1,54,1,53,0" doraHai="52" doraHaiUra="131" who="2" fromWho="1" sc="235,0,245,-83,302,113,188,0" /><INIT seed="2,0,0,3,4,38" ten="235,162,415,188" oya="2" hai0="64,93,49,80,30,36,41,126,13,11,28,12,82" hai1="125,111,109,65,3,26,46,20,78,27,56,72,4" hai2="8,16,128,100,85,76,74,97,58,17,6,105,14" hai3="115,104,87,119,114,79,102,89,1,133,37,98,48"/><V55/><F128/><W123/><G37/><T63/><D36/><U52/><E125/><V57/><F74/><W106/><G119/><T15/><D11/><U91/><E91/><V95/><F105/><W122/><G1/><T134/><D134/><U42/><E65/><V5/><F5/><W110/><G48/><T7/><D7/><U69/><E69/><V44/><F44/><W34/><G34/><T45/><D93/><U92/><E92/><V10/><F76/><W99/><G133/><T51/><D51/><U32/><E32/><V53/><F85/><W84/><G79/><T9/><D9/><N who="1" m="2207" /><E20/><V130/><F130/><W33/><G33/><T23/><D126/><U116/><E78/><V112/><F112/><N who="3" m="43051" /><G110/><N who="1" m="41994" /><E72/><V113/><F113/><W18/><G18/><T35/><D35/><U121/><E121/><N who="3" m="46090" /><G89/><T47/><D30/><U39/><E116/><V54/><REACH who="2" step="1"/><F17/><REACH who="2" ten="235,162,405,188" step="2"/><W117/><G117/><T103/><D47/><U101/><E101/><AGARI ba="0,1" hai="84,87,98,99,101,102,104,106" m="46090,43051" machi="101" ten="30,3900,0" yaku="11,1,34,2" doraHai="38" who="3" fromWho="1" sc="235,0,162,-39,405,0,188,49" /><INIT seed="3,0,0,2,3,101" ten="235,123,405,237" oya="3" hai0="36,67,73,109,82,3,21,107,131,123,99,126,64" hai1="35,132,122,23,77,20,49,88,0,56,54,43,24" hai2="85,37,12,42,103,108,57,69,110,117,65,68,19" hai3="9,62,98,96,134,39,31,13,92,111,79,22,125"/><W7/><G134/><T60/><D123/><U120/><E0/><V1/><F1/><W44/><G125/><T61/><D36/><U10/><E132/><V55/><F117/><W70/><G111/><T53/><D3/><U29/><E77/><V28/><F28/><W102/><G79/><T72/><D53/><U14/><E43/><V59/><F85/><W83/><G83/><T38/><D38/><U25/><E88/><V119/><F119/><W104/><G70/><T71/><D131/><U50/><E50/><V30/><F30/><W116/><G116/><T130/><D109/><U74/><E74/><V114/><F103/><W91/><G62/><T106/><D99/><U115/><E115/><V48/><F19/><W84/><G98/><T124/><D21/><U133/><E133/><V66/><F12/><W27/><REACH who="3" step="1"/><G39/><REACH who="3" ten="235,123,405,227" step="2"/><T26/><D82/><U94/><E120/><V52/><F37/><W93/><G93/><T87/><D87/><U78/><E94/><V76/><F76/><W58/><G58/><T113/><D71/><U11/><E78/><V127/><F127/><W128/><G128/><T45/><D130/><U89/><E56/><V100/><F110/><W112/><G112/><T32/><D113/><U6/><E122/><V15/><F108/><W118/><G118/><T40/><D126/><U97/><E97/><V135/><F114/><W129/><G129/><T105/><D124/><U41/><E49/><V17/><F135/><W95/><G95/><T121/><D121/><U86/><E86/><V51/><F59/><W33/><G33/><T4/><D32/><RYUUKYOKU ba="0,1" sc="235,-10,123,-10,405,-10,227,30" hai3="7,9,13,22,27,31,44,84,91,92,96,102,104" /><INIT seed="3,1,1,0,5,71" ten="225,113,395,257" oya="3" hai0="82,107,131,2,47,0,7,53,121,84,18,41,44" hai1="128,45,86,130,126,132,134,9,116,124,133,106,123" hai2="63,3,21,108,66,39,110,34,10,51,72,67,109" hai3="135,5,16,58,102,93,62,50,80,64,42,43,98"/><W125/><G135/><T46/><D107/><U14/><E106/><V56/><F34/><W78/><G125/><N who="1" m="48234" /><E123/><V96/><F72/><W99/><G5/><T88/><D121/><U48/><E116/><V26/><F96/><W27/><G50/><T69/><D69/><U117/><E117/><V85/><F85/><N who="3" m="48279" /><G99/><T49/><D131/><N who="1" m="50219" /><E86/><V81/><F81/><W54/><G64/><T61/><D2/><U32/><E32/><V8/><F51/><W100/><G100/><T104/><D104/><U65/><E65/><V38/><F66/><W25/><G25/><T118/><D118/><U70/><E70/><V12/><F3/><W95/><G95/><T6/><D0/><U91/><E91/><V57/><F57/><W24/><G24/><T113/><D88/><U74/><E74/><V103/><F103/><W122/><G122/><T60/><D82/><U52/><E14/><V87/><F87/><W28/><G28/><T40/><D84/><U35/><E35/><V20/><F20/><AGARI ba="1,1" hai="16,20,27,42,43,54,58,62,93,98,102" m="48279" machi="20" ten="30,2900,0" yaku="8,1,54,1" doraHai="71" who="3" fromWho="2" sc="225,0,113,0,395,-32,257,42" /><INIT seed="3,2,0,3,2,97" ten="225,113,363,299" oya="3" hai0="32,96,121,135,111,125,103,11,129,132,66,2,27" hai1="75,34,67,106,85,81,73,30,119,120,12,123,116" hai2="33,13,37,94,55,72,9,82,7,8,17,92,91" hai3="62,98,54,28,31,77,133,24,60,43,39,95,35"/><W104/><G133/><N who="0" m="51275" /><D121/><U99/><E67/><V50/><F33/><W57/><G104/><N who="0" m="63591" /><D111/><U71/><E71/><V134/><F37/><W74/><G74/><N who="1" m="28170" /><E12/><V126/><F126/><W18/><G77/><T100/><D129/><U118/><E30/><V46/><F134/><W42/><G39/><T83/><D83/><U49/><E49/><V53/><F53/><W122/><G122/><T117/><D117/><U59/><E59/><V25/><F72/><W127/><G127/><T102/><D125/><U128/><E34/><V21/><F8/><W29/><G62/><T19/><D66/><U45/><E45/><V0/><F0/><W41/><REACH who="3" step="1"/><G18/><REACH who="3" ten="225,113,363,289" step="2"/><T105/><D105/><U80/><E128/><V38/><F38/><W6/><G6/><N who="0" m="1495" /><D19/><U107/><E81/><V113/><F113/><W63/><G63/><T131/><D131/><U20/><E20/><V93/><F82/><W76/><G76/><T90/><D90/><AGARI ba="2,1" hai="7,9,13,17,21,25,46,50,55,90,91,92,93,94" machi="90" ten="40,1300,0" yaku="8,1" doraHai="97" who="2" fromWho="0" sc="225,-19,113,0,363,29,289,0" /><AGARI ba="2,0" hai="24,28,29,31,35,41,42,43,54,57,60,90,95,98" machi="90" ten="40,2000,0" yaku="1,1,53,0" doraHai="97" doraHaiUra="16" who="3" fromWho="0" sc="206,-20,113,0,392,0,289,20" /><INIT seed="3,3,0,2,5,51" ten="186,113,392,309" oya="3" hai0="109,10,23,70,122,130,115,104,61,44,35,24,125" hai1="32,123,57,40,114,90,116,65,91,25,106,17,39" hai2="103,20,124,102,53,99,107,97,132,79,87,81,34" hai3="52,131,54,126,127,59,95,7,83,66,80,30,28"/><W18/><G131/><T111/><D104/><U69/><E123/><V58/><F34/><W134/><G134/><T29/><D122/><U86/><E114/><V121/><F121/><W19/><G7/><T101/><D101/><U13/><E106/><V105/><F124/><N who="3" m="47659" /><G66/><T49/><D125/><U27/><E69/><V118/><F118/><W85/><G95/><T71/><D115/><U9/><E116/><V11/><F20/><W78/><G83/><T22/><D10/><U21/><E32/><V119/><F119/><W42/><G42/><T47/><D35/><U76/><E76/><V60/><F11/><W5/><G5/><T88/><D71/><U77/><E77/><V84/><F132/><W92/><G92/><T46/><D130/><U63/><E86/><AGARI ba="3,0" hai="53,58,60,79,81,84,86,87,97,99,102,103,105,107" machi="86" ten="30,3900,0" yaku="7,1,9,1,52,1" doraHai="51" who="2" fromWho="1" sc="186,0,113,-48,392,48,309,0" /><INIT seed="4,0,0,4,5,36" ten="186,65,440,309" oya="0" hai0="135,63,56,107,125,4,122,95,47,117,78,6,133" hai1="70,3,71,51,7,29,15,31,121,103,88,108,21" hai2="58,115,43,5,32,132,93,81,118,59,82,98,109" hai3="106,34,39,85,52,116,30,74,19,68,41,79,0"/><T120/><D107/><U110/><E121/><V87/><F32/><W1/><G116/><T55/><D78/><U18/><E103/><V42/><F109/><W129/><G85/><T97/><D117/><U102/><E102/><V37/><F37/><W123/><G19/><T64/><D125/><U23/><E51/><V57/><F132/><N who="0" m="50762" /><D47/><U45/><E45/><V94/><F115/><W76/><G0/><T134/><D64/><U35/><E35/><V96/><F5/><N who="0" m="2154" /><D134/><U69/><E7/><V92/><F118/><W73/><G79/><T91/><AGARI ba="0,0" hai="55,56,63,91,95,97,120,122" m="2154,50762" machi="91" ten="30,1500,0" yaku="20,1" doraHai="36" who="0" fromWho="0" sc="186,15,65,-5,440,-5,309,-5" /><INIT seed="4,1,0,4,4,95" ten="201,60,435,304" oya="0" hai0="77,21,70,32,56,79,3,12,126,113,132,46,112" hai1="18,48,29,119,99,128,81,88,25,133,67,91,103" hai2="72,86,16,37,38,105,121,122,131,74,109,9,42" hai3="129,116,62,19,6,41,87,5,1,94,31,0,66"/><T10/><D70/><U49/><E119/><V118/><F109/><W26/><G116/><T39/><D32/><U135/><E128/><V76/><F105/><W13/><G41/><T28/><D3/><N who="3" m="1097" /><G94/><T110/><D132/><N who="1" m="50763" /><E18/><V102/><F16/><W71/><G87/><T100/><D126/><U111/><E67/><V107/><F42/><W63/><G63/><T65/><D65/><U97/><E103/><V54/><F54/><W85/><G85/><T17/><D100/><U73/><E111/><V75/><F107/><W7/><G62/><T20/><D110/><U30/><E91/><V130/><F102/><W127/><G71/><T47/><D39/><U40/><E30/><V93/><F93/><W89/><G89/><T68/><D68/><U124/><E124/><V115/><F86/><W27/><G66/><T11/><D28/><U83/><E83/><V98/><F98/><N who="1" m="37385" /><E40/><V50/><F76/><W117/><G129/><T90/><D90/><U24/><E88/><V15/><F74/><W58/><G117/><T78/><D78/><N who="1" m="44239" /><E25/><V23/><F118/><W92/><G27/><T43/><D43/><U33/><AGARI ba="1,0" hai="24,29,33,48,49" m="44239,37385,50763" machi="33" ten="30,7900,0" yaku="20,1,52,3" doraHai="95" who="1" fromWho="1" sc="201,-40,60,82,435,-21,304,-21" /><INIT seed="5,0,0,5,5,115" ten="161,142,414,283" oya="1" hai0="120,130,102,90,30,38,20,114,21,105,68,96,22" hai1="36,60,74,82,81,103,11,43,37,63,10,93,28" hai2="24,89,77,31,18,51,123,128,34,98,58,78,59" hai3="3,127,39,116,70,50,67,111,4,122,121,29,85"/><U107/><E107/><V101/><F128/><W61/><G111/><T48/><D38/><U83/><E74/><V91/><F123/><W0/><G127/><T26/><D114/><U118/><E28/><V64/><F18/><W99/><G39/><T17/><D130/><U27/><E27/><V13/><F13/><W8/><G0/><T126/><D68/><U129/><E129/><V104/><F59/><W25/><G85/><T16/><D126/><U79/><E79/><V44/><F89/><W92/><G50/><T32/><D120/><U86/><E118/><V100/><F100/><W41/><G41/><T35/><D35/><U42/><E83/><V57/><F57/><W19/><G19/><T9/><D48/><U49/><E49/><V87/><F58/><W88/><G116/><T1/><REACH who="0" step="1"/><D90/><REACH who="0" ten="151,142,414,283" step="2"/><U109/><E109/><V125/><F125/><W54/><G122/><T6/><AGARI ba="0,1" hai="1,6,9,16,17,20,21,22,26,30,32,96,102,105" machi="6" ten="30,7900,0" yaku="1,1,2,1,0,1,54,1,53,0" doraHai="115" doraHaiUra="52" who="0" fromWho="0" sc="151,89,142,-39,414,-20,283,-20" /><INIT seed="6,0,0,5,0,83" ten="240,103,394,263" oya="2" hai0="72,59,127,32,88,38,64,51,95,89,18,131,31" hai1="39,132,27,77,85,113,10,112,73,111,33,100,47" hai2="129,15,37,86,92,22,53,128,104,120,61,115,14" hai3="25,0,94,126,8,49,62,91,81,90,67,35,56"/><V80/><F104/><W6/><G126/><T124/><D38/><U69/><E111/><V48/><F37/><W74/><G35/><T1/><D72/><U17/><E132/><V84/><F120/><W75/><G25/><T79/><D79/><U71/><E73/><V116/><F116/><W122/><G122/><T110/><D1/><U45/><E100/><V30/><F61/><W114/><G114/><T108/><D18/><U26/><E39/><V57/><F115/><W82/><G82/><T21/><D131/><N who="2" m="50250" /><F92/><W134/><G134/><T66/><D32/><U55/><E33/><V87/><F80/><W117/><G117/><T13/><D95/><U70/><E77/><V16/><F30/><W2/><G2/><T78/><D31/><U105/><E105/><V123/><F123/><W7/><G7/><T76/><D51/><U119/><E119/><V109/><F109/><W58/><G58/><T3/><D59/><U93/><E10/><V68/><F68/><W41/><G49/><T9/><D9/><U60/><E60/><V130/><F130/><W99/><REACH who="3" step="1"/><G41/><REACH who="3" ten="240,103,394,253" step="2"/><T63/><D3/><U118/><E118/><V20/><F14/><W107/><G107/><T46/><D13/><U28/><E17/><V36/><F36/><W102/><G102/><T40/><D110/><U54/><E69/><V98/><F98/><W44/><G44/><T133/><D46/><U96/><E96/><V135/><F135/><W24/><G24/><T101/><D133/><U12/><E12/><V19/><F19/><W52/><G52/><T65/><D108/><U42/><E71/><RYUUKYOKU ba="0,1" sc="240,-15,103,-15,394,15,253,15" hai2="15,16,20,22,48,53,57,84,86,87" hai3="0,6,8,56,62,67,74,75,81,90,91,94,99" /><INIT seed="6,1,1,5,3,59" ten="225,88,409,268" oya="2" hai0="89,24,4,67,87,8,27,34,19,116,9,104,99" hai1="22,100,107,29,3,23,7,15,41,78,102,106,70" hai2="0,21,81,46,43,35,132,10,115,108,32,47,80" hai3="16,36,120,95,126,58,25,113,42,61,26,90,112"/><V125/><F108/><W17/><G120/><T1/><D116/><U105/><E41/><V52/><F115/><N who="3" m="44107" /><G126/><T72/><D72/><U64/><E15/><V12/><F132/><W13/><G36/><T71/><D34/><U85/><E7/><V73/><F125/><W133/><G133/><T119/><D119/><U109/><E109/><V57/><F0/><W39/><G39/><T128/><D128/><U60/><E3/><V65/><F65/><N who="3" m="39095" /><G42/><T122/><D122/><U82/><REACH who="1" step="1"/><E22/><REACH who="1" ten="225,78,409,268" step="2"/><V14/><F21/><N who="3" m="11407" /><G17/><T49/><D19/><U51/><E51/><V94/><F43/><W56/><G56/><T53/><D49/><U129/><E129/><V74/><F57/><W6/><G6/><T110/><D4/><U118/><E118/><V88/><F46/><W44/><G44/><T76/><D110/><U48/><E48/><V63/><F47/><W75/><G75/><T130/><D130/><U79/><E79/><V86/><F74/><W40/><G40/><T38/><D38/><U117/><E117/><V54/><F73/><W103/><G103/><T66/><D76/><U127/><E127/><V124/><F124/><W62/><G62/><T30/><D1/><U83/><E83/><V20/><F80/><W91/><G91/><T111/><D89/><U2/><E2/><V45/><F45/><W92/><G90/><T134/><D111/><U28/><E28/><V55/><F63/><W101/><G101/><T18/><D30/><U31/><E31/><V135/><F135/><W93/><AGARI ba="1,2" hai="25,26,92,93,95" m="11407,39095,44107" machi="93" ten="30,7900,0" yaku="15,1,11,1,52,1,54,1" doraHai="59" who="3" fromWho="3" sc="225,-21,78,-21,409,-40,268,102" /><INIT seed="7,0,0,5,1,52" ten="204,57,369,370" oya="3" hai0="97,74,111,47,24,80,71,17,64,79,82,131,132" hai1="66,22,23,3,42,86,61,108,73,102,12,77,40" hai2="68,115,94,58,7,55,72,6,29,101,25,127,35" hai3="46,39,113,122,9,34,54,36,135,48,105,88,0"/><W99/><G122/><T5/><D131/><U31/><E3/><V51/><F72/><W123/><G123/><T32/><D132/><U28/><E108/><V4/><F68/><W118/><G118/><T93/><D111/><U100/><E86/><V110/><F110/><W129/><G34/><T30/><D5/><U16/><E12/><V87/><F127/><W21/><G129/><T109/><D47/><U91/><E61/><V133/><F115/><W128/><G128/><T121/><D82/><U134/><E91/><V60/><F133/><W37/><G135/><T114/><D17/><U49/><E134/><V67/><F101/><W13/><G113/><T44/><D44/><U41/><E49/><V120/><F120/><W116/><G116/><T107/><D109/><U19/><E66/><V119/><F119/><W125/><G125/><T70/><D121/><U59/><E77/><V8/><F94/><W76/><G76/><T96/><D114/><U81/><E81/><V130/><F87/><W27/><G0/><T63/><D97/><U45/><E45/><V38/><F38/><W117/><G117/><T84/><D84/><U83/><E83/><V14/><F130/><W53/><G53/><T78/><D78/><U11/><E11/><V98/><F98/><W33/><G33/><T10/><D10/><U62/><E62/><V15/><F15/><W104/><G88/><T106/><D71/><U69/><E42/><V2/><F2/><W43/><G99/><T75/><REACH who="0" step="1"/><D75/><REACH who="0" ten="194,57,369,370" step="2"/><U103/><E73/><V65/><F65/><W89/><G46/><T26/><D26/><RYUUKYOKU ba="0,1" sc="194,15,57,-15,369,15,370,-15" hai0="24,30,32,63,64,70,74,79,80,93,96,106,107" hai2="4,6,7,8,14,25,29,35,51,55,58,60,67" owari="209,-19.0,42,-46.0,394,49.0,355,16.0" /></mjloggm>