<mjloggm ver="2.3"><GO type="41" lobby="0"/><UN n0="%E3%82%8D%E3%81%A3%E3%81%93%E3%81%86%E3%81%A0" n1="%E2%93%9D%53%75%70%68%78" n2="%63%6F%66%66%65%65%32%35" n3="%74%6F%6D%6F%6B%69%63%68" dan="14,18,13,13" rate="1928.88,2130.22,1848.94,1909.79" sx="M,M,M,M"/><TAIKYOKU oya="0"/><INIT seed="0,0,0,5,2,135" ten="250,250,250,250" oya="0" hai0="31,7,17,96,93,71,132,106,130,45,9,91,74" hai1="123,75,62,70,24,33,118,56,117,82,86,87,63" hai2="85,4,11,57,20,1,113,49,100,66,59,13,73" hai3="107,38,128,26,105,84,114,21,122,51,92,119,15"/><T72/><D71/><U0/><E0/><V64/><F73/><W2/><G119/><T110/><D132/><U40/><E75/><V23/><F113/><W116/><G38/><T111/><D17/><U47/><E87/><V6/><F100/><W125/><G2/><T69/><D69/><U81/><E81/><V103/><F103/><W80/><G114/><T90/><D106/><U19/><E123/><V120/><F120/><W77/><G15/><T48/><D31/><U95/><E95/><V109/><F109/><N who="0" m="41482" /><D130/><U134/><E70/><V30/><F30/><W14/><G128/><T133/><D91/><U35/><E19/><V32/><F32/><W3/><G3/><N who="0" m="255" /><D133/><U37/><E134/><V16/><F1/><W8/><G107/><T65/><D65/><N who="2" m="25194" /><F23/><W67/><G67/><T124/><D124/><U29/><E35/><V121/><F121/><W61/><G122/><T41/><AGARI ba="0,0" hai="41,45,48,72,74,90,93,96" m="255,41482" machi="41" ten="30,3000,0" yaku="14,1,10,1" doraHai="135" who="0" fromWho="0" sc="250,30,250,-10,250,-10,250,-10" /><INIT seed="0,1,0,2,0,68" ten="280,240,240,240" oya="0" hai0="19,31,73,120,105,43,39,40,20,123,33,72,113" hai1="103,81,84,41,65,99,48,44,1,117,128,17,93" hai2="61,27,64,76,11,59,108,129,29,116,101,32,91" hai3="69,18,90,132,50,60,15,37,5,85,78,38,47"/><T130/><D113/><U34/><E128/><V23/><F108/><W77/><G5/><T79/><D43/><U131/><E131/><V26/><F129/><W45/><G132/><T112/><D112/><U57/><E34/><V126/><F126/><W7/><G7/><T16/><D130/><U36/><E1/><V55/><F76/><W14/><G14/><T24/><D105/><U71/><E117/><V82/><F11/><W106/><G106/><T4/><D4/><U75/><E75/><V10/><F10/><W49/><G69/><T134/><D134/><U12/><E71/><V127/><F127/><W95/><G60/><T56/><D56/><U87/><E81/><V92/><F82/><W30/><G30/><T21/><D79/><U111/><E111/><V35/><F35/><W135/><G135/><T25/><D72/><U3/><E3/><V119/><F101/><W0/><G0/><T102/><D102/><U58/><E58/><V83/><F83/><W86/><G78/><T121/><D73/><U88/><E103/><V67/><F119/><W46/><G85/><T8/><D40/><U52/><E65/><V109/><F109/><W110/><G77/><T114/><D114/><U74/><E74/><V89/><F89/><W100/><G100/><T28/><D39/><U54/><E54/><V13/><F13/><W125/><G125/><T122/><N who="0" m="30720" /><DORA hai="94" /><T42/><D42/><U9/><AGARI ba="1,0" hai="9,12,17,36,41,44,48,52,57,84,87,88,93,99" machi="9" ten="20,12000,2" yaku="0,1,7,1,52,2,54,2" doraHai="68,94" who="1" fromWho="1" sc="280,-61,240,123,240,-31,240,-31" /><INIT seed="1,0,0,3,0,20" ten="219,363,209,209" oya="1" hai0="97,70,8,35,126,64,99,44,111,36,109,0,124" hai1="115,16,41,39,7,55,37,28,118,113,112,2,61" hai2="24,52,98,19,25,68,91,133,17,62,114,4,92" hai3="54,21,66,81,127,76,116,33,108,129,29,18,43"/><U53/><E28/><V1/><F114/><W49/><G66/><T101/><D97/><U128/><E7/><V88/><F133/><W106/><G106/><N who="0" m="63807" /><D8/><U58/><E2/><V134/><F134/><W27/><G108/><N who="0" m="41547" /><D0/><U51/><E16/><N who="2" m="6219" /><F68/><W96/><G96/><T50/><D50/><U42/><E128/><V34/><F34/><W119/><G129/><T57/><D57/><N who="1" m="32959" /><E118/><N who="3" m="45098" /><G127/><T110/><D35/><U60/><E60/><V32/><F32/><W10/><G43/><AGARI ba="0,0" hai="37,39,41,42,43,55,58,61,112,113,115" m="32959" machi="43" ten="30,2900,0" yaku="34,2" doraHai="20" who="1" fromWho="3" sc="219,0,363,29,209,0,209,-29" /><INIT seed="1,1,0,0,2,65" ten="219,392,209,180" oya="1" hai0="21,19,5,88,36,99,106,48,96,46,73,33,92" hai1="133,11,68,3,58,91,95,0,22,9,23,44,90" hai2="50,10,14,39,128,18,28,83,61,82,110,107,75" hai3="42,30,38,76,122,109,116,114,20,70,80,34,89"/><U126/><E58/><V24/><F110/><W60/><G109/><T93/><D33/><U85/><E133/><V77/><F39/><W55/><G114/><T135/><D135/><U94/><E44/><V79/><F107/><W127/><G34/><T31/><D73/><U25/><E126/><V98/><F98/><W56/><G122/><T121/><D106/><U86/><E25/><V72/><F128/><W111/><G111/><T51/><D5/><U37/><E37/><V13/><F13/><W104/><G104/><T102/><D121/><U120/><E120/><V134/><F134/><W40/><G89/><T49/><D31/><U62/><E62/><V26/><F28/><W67/><G127/><T71/><D71/><AGARI ba="1,0" hai="0,3,9,11,22,23,68,71,85,86,90,91,94,95" machi="71" ten="25,9600,0" yaku="22,2,52,2" doraHai="65" who="1" fromWho="0" sc="219,-99,392,99,209,0,180,0" /><INIT seed="1,2,0,4,1,20" ten="120,491,209,180" oya="1" hai0="64,5,19,50,9,91,57,81,111,102,52,125,47" hai1="97,92,132,48,131,35,135,109,51,14,11,120,133" hai2="74,24,113,2,103,18,58,76,96,49,53,129,83" hai3="114,12,101,80,128,60,43,22,59,1,37,110,88"/><U63/><E120/><V23/><F129/><W104/><G114/><T54/><D111/><U105/><E105/><V94/><REACH who="2" step="1"/><F2/><REACH who="2" ten="120,491,199,180" step="2"/><W123/><G128/><T21/><D125/><U6/><E131/><V93/><F93/><W40/><G123/><T115/><D115/><AGARI ba="2,1" hai="18,23,24,49,53,58,74,76,83,94,96,103,113,115" machi="115" ten="40,2600,0" yaku="1,1,52,1,53,0" doraHai="20" doraHaiUra="69" who="2" fromWho="0" sc="120,-32,491,0,199,42,180,0" /><INIT seed="2,0,0,0,5,104" ten="88,491,241,180" oya="2" hai0="50,45,122,0,15,42,54,44,28,124,129,19,61" hai1="64,77,120,41,100,46,116,16,34,135,49,83,131" hai2="98,31,9,113,29,114,127,117,32,74,85,14,76" hai3="10,70,94,91,128,55,60,84,108,12,52,80,24"/><V7/><F117/><W71/><G108/><T6/><D129/><U38/><E135/><V53/><F127/><W102/><G128/><T125/><D122/><U95/><E34/><V112/><F32/><W90/><G24/><T103/><D103/><U27/><E64/><V63/><F98/><W96/><G91/><T97/><D28/><U40/><E38/><V86/><F31/><W92/><G92/><T106/><D106/><U22/><E120/><V93/><F29/><W62/><G71/><T20/><D97/><U87/><E131/><V99/><F63/><N who="3" m="24107" /><G70/><T13/><D0/><U37/><E37/><V132/><F132/><W105/><G105/><T18/><D6/><AGARI ba="0,0" hai="6,10,12,52,55,80,84,90,94,96,102" m="24107" machi="6" ten="30,2000,0" yaku="8,1,54,1" doraHai="104" who="3" fromWho="0" sc="88,-20,491,0,241,0,180,20" /><INIT seed="3,0,0,4,0,100" ten="68,491,241,200" oya="3" hai0="45,15,115,112,51,52,134,20,85,11,37,22,34" hai1="97,101,57,94,12,70,16,71,79,80,106,14,4" hai2="43,8,35,124,132,104,3,84,5,116,55,76,1" hai3="75,95,38,64,122,90,125,13,123,126,78,128,40"/><W29/><G64/><T87/><D34/><U65/><E14/><V63/><F116/><W6/><G29/><T28/><D134/><U30/><E4/><V81/><F132/><W0/><G13/><T119/><D119/><U59/><E30/><V33/><F124/><N who="3" m="47723" /><G128/><T39/><D39/><U83/><E83/><V99/><F3/><W91/><G40/><T53/><D37/><U130/><E71/><V121/><F121/><W93/><G38/><T72/><D72/><U32/><E70/><V82/><F82/><N who="3" m="45407" /><G6/><T135/><D135/><U61/><E32/><V69/><F43/><W66/><G66/><T56/><D112/><U88/><E130/><V110/><F110/><W47/><G47/><T113/><D115/><U68/><E80/><V18/><F18/><W44/><G44/><T118/><D118/><U19/><E79/><V103/><REACH who="2" step="1"/><F55/><REACH who="2" ten="68,491,231,200" step="2"/><W89/><G0/><T41/><D113/><U86/><E19/><V131/><F131/><W50/><G50/><T114/><D53/><U10/><AGARI ba="0,1" hai="10,12,16,57,59,61,65,68,86,88,94,97,101,106" machi="10" ten="20,8000,1" yaku="0,1,7,1,52,1,54,2" doraHai="100" who="1" fromWho="1" sc="68,-20,491,90,231,-20,200,-40" /><INIT seed="4,0,0,3,0,58" ten="48,581,211,160" oya="0" hai0="103,26,134,120,3,46,27,62,102,117,52,91,25" hai1="34,41,50,107,93,73,36,66,65,7,16,37,24" hai2="31,83,42,61,135,49,15,14,104,101,115,51,81" hai3="9,132,6,10,123,54,126,48,22,13,17,108,124"/><T76/><D117/><U29/><E107/><V131/><F115/><W4/><G108/><T64/><D120/><U40/><E7/><N who="3" m="2602" /><G54/><T106/><D3/><U94/><E73/><V105/><F131/><W72/><G72/><T28/><D134/><U43/><E16/><V110/><F135/><W44/><G44/><T119/><D119/><U128/><E50/><V92/><F110/><W47/><G47/><T122/><D122/><U79/><E79/><V100/><F92/><W121/><G48/><N who="0" m="28695" /><D76/><U125/><E125/><N who="3" m="48234" /><G132/><T99/><D91/><U45/><E128/><V57/><F57/><W84/><G84/><T30/><D106/><U32/><E45/><V111/><F111/><W74/><G74/><T1/><D1/><U59/><E43/><V35/><F35/><W20/><G9/><T12/><D12/><U116/><E116/><V55/><F31/><N who="0" m="11818" /><D99/><U127/><E127/><V82/><F42/><W68/><G68/><T86/><D86/><U87/><E87/><V89/><F89/><W56/><G123/><T39/><D39/><U88/><E37/><V97/><F15/><W71/><G71/><T67/><D67/><U129/><E66/><V96/><F14/><W19/><G121/><T112/><D112/><U95/><E129/><V80/><N who="2" m="20480" /><DORA hai="8" /><V11/><F11/><W118/><G118/><T63/><D64/><U133/><E133/><V53/><F55/><W23/><G10/><T5/><D5/><U18/><E36/><V114/><F114/><W113/><G113/><T78/><D78/><U69/><E65/><V21/><F21/><W38/><G13/><RYUUKYOKU ba="0,0" sc="48,15,581,-15,211,15,160,-15" hai0="25,26,27,62,63,102,103" hai2="49,51,53,61,96,97,100,101,104,105" /><INIT seed="4,1,0,5,0,84" ten="63,566,226,145" oya="0" hai0="80,73,61,111,36,95,105,106,58,12,122,35,51" hai1="42,17,24,104,27,0,110,124,63,40,53,19,21" hai2="39,130,90,72,1,127,13,92,2,22,62,86,65" hai3="74,55,9,109,91,103,38,117,98,66,78,134,67"/><T88/><D35/><U43/><E110/><V108/><F108/><W3/><G109/><T121/><D111/><U93/><E0/><V64/><F130/><W16/><G38/><T76/><D36/><U10/><E104/><V28/><F127/><W71/><G55/><T30/><D106/><U129/><E124/><V100/><F39/><W41/><G41/><T34/><D105/><U50/><E63/><V26/><F64/><W8/><G67/><T7/><D51/><U135/><E135/><V114/><F72/><W33/><G33/><T102/><D102/><U69/><E69/><V18/><F114/><W23/><G66/><T25/><D7/><U56/><E93/><V131/><F100/><W70/><G117/><T97/><REACH who="0" step="1"/><D12/><REACH who="0" ten="53,566,226,145" step="2"/><N who="1" m="7319" /><E129/><V31/><F131/><W57/><G3/><T125/><D125/><U52/><E53/><AGARI ba="1,1" hai="25,30,34,53,58,61,73,76,80,88,95,97,121,122" machi="53" ten="30,11600,0" yaku="1,1,7,1,52,1,54,1,53,0" doraHai="84" doraHaiUra="96" who="0" fromWho="1" sc="53,129,566,-119,226,0,145,0" /><INIT seed="4,2,0,2,4,36" ten="182,447,226,145" oya="0" hai0="22,79,30,29,110,104,23,114,27,77,119,126,28" hai1="131,97,46,55,98,24,60,42,68,61,113,37,99" hai2="85,19,64,3,103,54,130,135,105,134,72,95,7" hai3="1,40,75,45,115,11,38,52,73,107,21,65,76"/><T9/><D104/><U93/><E131/><V70/><F130/><W118/><G107/><T94/><D114/><U5/><E5/><V67/><F72/><W84/><G118/><T116/><D126/><U109/><E109/><V51/><F70/><W89/><G65/><T124/><D124/><U96/><E113/><V69/><F69/><W12/><G1/><T50/><D50/><U62/><E24/><V25/><F105/><W31/><G115/><T133/><D133/><N who="2" m="50698" /><F7/><W80/><G89/><T14/><D94/><U56/><REACH who="1" step="1"/><E68/><REACH who="1" ten="182,437,226,145" step="2"/><V127/><F127/><W20/><G31/><T16/><D110/><U13/><E13/><V2/><F2/><W34/><G34/><T10/><D77/><U111/><E111/><V117/><F3/><W0/><G0/><T35/><D79/><U87/><E87/><V47/><F117/><W120/><G75/><T86/><D86/><U48/><E48/><V108/><F108/><W74/><G74/><T90/><D116/><U83/><E83/><V17/><F25/><W8/><G73/><T43/><D119/><U129/><E129/><V101/><F19/><W41/><G12/><T39/><D35/><U132/><E132/><V92/><F17/><W123/><G123/><T102/><D27/><U15/><E15/><V91/><F95/><W78/><G78/><T59/><D16/><U71/><E71/><V88/><F91/><AGARI ba="2,1" hai="37,42,46,55,56,60,61,62,91,93,96,97,98,99" machi="91" ten="40,2600,0" yaku="1,1,52,1,53,0" doraHai="36" doraHaiUra="112" who="1" fromWho="2" sc="182,0,437,42,226,-32,145,0" /><INIT seed="5,0,0,0,3,95" ten="182,479,194,145" oya="1" hai0="80,64,117,14,24,98,27,82,57,108,68,113,88" hai1="119,54,126,0,99,55,33,47,35,130,9,19,12" hai2="70,1,127,50,38,102,77,115,13,106,131,132,135" hai3="96,2,120,11,6,62,32,40,121,10,53,51,104"/><U31/><E126/><V20/><F1/><W43/><G32/><T65/><D108/><U118/><E130/><V84/><F38/><W46/><G121/><T73/><D68/><U93/><E0/><V22/><F70/><W69/><G120/><T58/><D117/><U44/><E31/><V116/><F116/><W17/><G17/><T66/><D113/><U72/><E72/><V124/><F115/><W87/><G87/><T103/><D73/><U49/><E119/><V5/><F50/><W91/><G11/><T52/><D14/><U81/><E81/><N who="0" m="31337" /><D103/><U111/><E111/><V16/><F5/><W94/><G104/><T36/><D36/><U134/><E134/><N who="2" m="51243" /><F84/><W107/><G107/><T59/><D52/><U101/><E118/><V110/><F77/><W125/><G125/><N who="2" m="48201" /><F110/><W42/><REACH who="3" step="1"/><G69/><REACH who="3" ten="182,479,194,135" step="2"/><T97/><D88/><U85/><E85/><V23/><F131/><W29/><G29/><T37/><D37/><U7/><E19/><V39/><F39/><W28/><G28/><T26/><AGARI ba="0,1" hai="24,26,27,57,58,59,64,65,66,97,98" m="31337" machi="26" ten="40,12000,2" yaku="29,2,28,2,8,1,52,2" doraHai="95" who="0" fromWho="0" sc="182,130,479,-60,194,-30,135,-30" /><INIT seed="6,0,0,4,2,130" ten="312,419,164,105" oya="2" hai0="97,45,12,67,25,38,16,121,127,74,2,71,60" hai1="103,95,86,30,59,44,123,33,116,53,26,126,36" hai2="84,81,29,98,108,35,8,58,134,83,78,128,23" hai3="96,41,42,9,124,15,105,37,122,18,118,133,4"/><V125/><F128/><W117/><G122/><T110/><D121/><U100/><E116/><V115/><F115/><W104/><G37/><T63/><D2/><U31/><E126/><V99/><F125/><W88/><G124/><T39/><D74/><U131/><E31/><V111/><F35/><W82/><G105/><T17/><D110/><N who="2" m="42026" /><F134/><W55/><G55/><T70/><D97/><U61/><E131/><V48/><F8/><W57/><G57/><T109/><D109/><U75/><E123/><V14/><F83/><W1/><G42/><T22/><D45/><U6/><E6/><V87/><F87/><W64/><G41/><T49/><D49/><U32/><E32/><V91/><F78/><W52/><G52/><T40/><D40/><U5/><E5/><V20/><F20/><W101/><G64/><T92/><D127/><U85/><E85/><V56/><F56/><W51/><G51/><T10/><D92/><U113/><E113/><V107/><F107/><W34/><G34/><T65/><AGARI ba="0,0" hai="10,12,16,17,22,25,38,39,60,63,65,67,70,71" machi="65" ten="30,4000,0" yaku="0,1,9,1,54,1" doraHai="130" who="0" fromWho="0" sc="312,40,419,-10,164,-20,105,-10" /><INIT seed="7,0,0,5,1,16" ten="352,409,144,95" oya="3" hai0="107,50,95,11,14,3,132,110,35,86,131,56,1" hai1="36,30,61,38,53,109,121,88,129,120,47,134,127" hai2="102,58,77,20,123,42,96,71,101,135,4,49,76" hai3="57,18,115,112,79,91,73,46,119,128,41,25,8"/><W83/><G119/><T48/><D110/><U2/><E30/><V111/><F71/><W44/><G128/><T97/><D35/><U59/><E2/><V31/><F111/><W89/><G57/><T13/><D131/><U87/><E109/><V103/><F135/><W85/><G46/><T6/><D132/><U9/><E127/><V28/><F123/><W70/><G70/><T51/><D107/><U15/><E134/><V69/><F69/><W34/><G73/><T39/><D39/><U45/><E129/><V12/><F77/><W72/><G34/><T106/><D86/><U55/><E38/><V113/><F76/><W65/><G65/><T100/><D106/><U43/><E47/><N who="2" m="25847" /><F58/><W108/><G108/><T130/><D56/><U122/><E55/><V0/><F0/><W10/><G10/><T126/><D126/><U124/><E124/><V80/><F80/><W74/><G74/><T22/><REACH who="0" step="1"/><D130/><REACH who="0" ten="342,409,144,95" step="2"/><U84/><REACH who="1" step="1"/><E88/><REACH who="1" ten="342,399,144,95" step="2"/><N who="3" m="33866" /><G72/><T40/><D40/><U92/><E92/><N who="2" m="58503" /><F113/><N who="3" m="43595" /><G41/><T7/><D7/><AGARI ba="0,2" hai="7,9,15,36,43,45,53,59,61,84,87,120,121,122" machi="7" ten="40,1300,0" yaku="1,1,53,0" doraHai="16" doraHaiUra="63" who="1" fromWho="0" sc="342,-13,399,33,144,0,95,0" owari="329,13.0,432,53.0,144,-26.0,95,-40.0" /></mjloggm>