<mjloggm ver="2.3"><GO type="41" lobby="0"/><UN n0="%E3%82%B7%E3%83%90%E3%82%BF" n1="%E2%93%9D%53%75%70%68%78" n2="%E3%82%86%E3%81%86%EF%BC%A0" n3="%E3%83%95%E3%82%A1%E3%83%B3%E3%83%90%E3%82%B9%E3%83%86%E3%83%B3" dan="14,18,14,15" rate="1851.48,2054.91,1941.24,2042.35" sx="M,M,M,M"/><TAIKYOKU oya="0"/><INIT seed="0,0,0,5,2,8" ten="250,250,250,250" oya="0" hai0="79,125,104,5,38,39,113,90,87,4,14,93,122" hai1="102,67,109,77,20,31,72,132,71,70,73,52,111" hai2="26,81,110,10,21,64,1,61,48,6,44,18,15" hai3="24,33,45,27,92,123,89,56,47,49,2,43,120"/><T57/><D122/><N who="3" m="46633" /><G2/><T97/><D113/><U22/><E102/><V65/><F110/><N who="1" m="41993" /><E67/><V129/><F129/><W11/><G33/><T25/><D125/><U80/><E132/><V114/><F114/><W36/><G56/><T130/><D130/><U121/><E121/><V95/><F95/><W124/><G11/><T37/><D25/><N who="1" m="16807" /><E73/><V134/><F134/><W133/><G124/><T29/><D29/><U51/><E22/><V35/><F81/><W116/><G116/><T42/><D42/><U135/><E135/><V86/><F86/><N who="3" m="52279" /><G133/><T32/><D32/><U30/><E30/><V0/><F35/><W83/><G83/><T101/><D79/><U50/><E50/><V55/><F64/><W54/><AGARI ba="0,0" hai="24,27,36,43,45,47,49,54" m="52279,46633" machi="54" ten="30,1100,0" yaku="13,1" doraHai="8" who="3" fromWho="3" sc="250,-5,250,-3,250,-3,250,11" /><INIT seed="1,0,0,5,1,135" ten="245,247,247,261" oya="1" hai0="3,9,40,14,21,45,46,110,15,59,39,49,1" hai1="86,72,95,111,62,94,104,31,43,106,22,114,0" hai2="33,126,18,70,16,127,116,41,92,89,73,109,2" hai3="82,64,102,38,75,108,77,27,37,112,50,35,7"/><U26/><E114/><V78/><F70/><W80/><G108/><T19/><D110/><U90/><E111/><V53/><F109/><W103/><G7/><T60/><D39/><U13/><E0/><V54/><F116/><W85/><G64/><T28/><D28/><U66/><E72/><V133/><F33/><W101/><G112/><T71/><D71/><U79/><E43/><V32/><F32/><W107/><G50/><T131/><D46/><U121/><E121/><V56/><F41/><W99/><G38/><T36/><D131/><U132/><E79/><V68/><F68/><W48/><G48/><T129/><D129/><U44/><E132/><V69/><F69/><W84/><G27/><T58/><D58/><U117/><E117/><V119/><F119/><W25/><G37/><T55/><D36/><U10/><E44/><V61/><F2/><W125/><G25/><T134/><REACH who="0" step="1"/><D134/><REACH who="0" ten="235,247,247,261" step="2"/><U130/><E130/><V120/><F133/><W87/><G35/><T11/><D11/><U63/><E66/><V34/><F34/><W124/><G82/><T123/><D123/><U23/><E23/><V74/><F120/><W93/><G107/><T115/><D115/><U105/><REACH who="1" step="1"/><E95/><REACH who="1" ten="235,237,247,261" step="2"/><V17/><F92/><W100/><AGARI ba="0,2" hai="75,77,80,84,85,87,93,99,100,101,102,103,124,125" machi="100" ten="40,12000,2" yaku="0,1,34,3,52,2" doraHai="135" who="3" fromWho="3" sc="235,-30,237,-60,247,-30,261,140" /><INIT seed="2,0,0,0,0,107" ten="205,177,217,401" oya="2" hai0="105,111,22,133,8,18,54,66,48,130,4,90,135" hai1="64,25,73,24,95,58,63,57,15,1,89,101,114" hai2="124,55,31,20,39,93,91,19,88,79,36,122,32" hai3="112,99,29,131,2,102,104,33,83,106,28,80,119"/><V115/><F124/><W87/><G2/><T85/><D111/><U10/><E114/><V71/><F115/><W52/><G119/><T84/><D105/><U30/><E1/><V65/><F122/><W23/><G33/><T76/><D66/><U127/><E127/><V113/><F91/><W77/><G106/><T0/><D76/><U41/><E41/><V14/><F113/><W27/><G131/><T56/><D130/><U38/><E38/><V16/><F19/><W92/><G83/><T78/><D78/><U134/><E134/><V11/><F32/><W5/><G5/><T3/><D3/><U67/><E73/><V97/><F79/><W132/><G104/><T61/><D61/><U50/><E101/><V103/><F103/><W120/><G120/><T53/><D53/><U44/><E30/><V94/><F94/><W96/><G96/><T46/><D46/><U35/><E35/><V17/><F31/><N who="3" m="17919" /><G132/><N who="0" m="50763" /><D90/><U51/><E44/><V13/><F55/><W100/><G100/><T42/><D42/><U47/><E47/><V116/><REACH who="2" step="1"/><F116/><REACH who="2" ten="205,177,207,401" step="2"/><W62/><G112/><T74/><D74/><U12/><E89/><V45/><F45/><W59/><AGARI ba="0,1" hai="28,29,52,59,62,77,80,87,92,99,102" m="17919" machi="59" ten="30,2000,0" yaku="8,1,54,1" doraHai="107" who="3" fromWho="3" sc="205,-5,177,-5,207,-10,401,30" /><INIT seed="3,0,0,4,1,125" ten="200,172,197,431" oya="3" hai0="27,99,93,17,135,102,0,110,2,59,45,95,90" hai1="127,65,121,19,31,109,81,86,98,66,77,120,53" hai2="40,9,26,100,71,41,21,16,34,56,35,38,131" hai3="130,123,87,50,46,129,48,79,80,128,114,133,36"/><W113/><G123/><T7/><D110/><U15/><E127/><V49/><F71/><W73/><G73/><T24/><D135/><U47/><E109/><V94/><F38/><W18/><G133/><T103/><D2/><U10/><E31/><V68/><F68/><W64/><G64/><T23/><D0/><U57/><E47/><V85/><F9/><W60/><G60/><T117/><D117/><U106/><E121/><V51/><F35/><W20/><G36/><T4/><D45/><U8/><E120/><V37/><F34/><W122/><G122/><T115/><D115/><N who="3" m="44041" /><G46/><T22/><D59/><U42/><E42/><V70/><F70/><W1/><G1/><T83/><D83/><U119/><E119/><V69/><F69/><W107/><G107/><T72/><D72/><U3/><E3/><V108/><F108/><W101/><G101/><T55/><D55/><U62/><REACH who="1" step="1"/><E10/><REACH who="1" ten="200,162,197,431" step="2"/><V61/><F37/><W52/><G52/><T111/><D111/><U54/><E54/><V13/><F41/><W63/><G63/><T12/><D12/><AGARI ba="0,1" hai="12,18,20,48,50,79,80,87,128,129,130" m="44041" machi="12" ten="40,12000,1" yaku="19,1,52,3" doraHai="125" who="3" fromWho="0" sc="200,-120,162,0,197,0,431,130" /><INIT seed="3,1,0,0,0,56" ten="80,162,197,561" oya="3" hai0="33,101,18,30,107,22,122,59,54,84,43,20,15" hai1="121,128,28,70,62,44,109,83,45,25,105,133,21" hai2="77,126,108,63,79,69,64,91,36,8,49,38,17" hai3="41,58,96,5,47,110,53,7,16,34,123,94,81"/><W116/><G34/><T35/><D122/><U97/><E121/><V131/><F126/><W24/><G116/><T113/><D113/><U119/><E109/><V57/><F108/><W55/><G81/><T3/><D3/><U68/><E128/><V11/><F131/><W13/><G24/><T46/><D107/><U9/><E133/><V125/><F125/><W111/><G123/><T42/><D101/><U99/><E9/><V51/><F91/><W73/><G73/><T124/><D124/><U71/><E119/><V4/><F17/><W74/><G74/><T39/><D43/><U135/><E135/><V6/><F57/><W89/><G111/><T50/><D84/><U65/><E83/><V26/><F26/><W130/><G55/><T98/><D98/><U19/><E99/><V61/><F64/><W10/><G130/><T48/><D39/><U127/><E127/><V27/><F27/><W80/><G80/><T92/><D92/><U85/><E85/><V12/><F12/><W95/><G95/><T76/><D76/><U32/><E71/><AGARI ba="1,0" hai="4,6,8,11,36,38,49,51,61,63,69,71,77,79" machi="71" ten="25,6400,0" yaku="22,2,52,2" doraHai="56" who="2" fromWho="1" sc="80,0,162,-67,197,67,561,0" /><INIT seed="4,0,0,1,3,52" ten="80,95,264,561" oya="0" hai0="121,12,72,92,47,113,126,17,63,32,71,19,73" hai1="105,38,84,55,30,117,68,135,114,4,13,104,48" hai2="36,89,66,83,25,9,34,133,62,24,112,43,3" hai3="124,41,56,111,7,122,61,134,115,57,58,123,102"/><T106/><D121/><N who="3" m="46089" /><G111/><T88/><D106/><U91/><E117/><V82/><F133/><W20/><G134/><T16/><D32/><U118/><E68/><V21/><F112/><W85/><G124/><T28/><D113/><U6/><E38/><V109/><F109/><W101/><G61/><T98/><D126/><U27/><E118/><V31/><F43/><W103/><G115/><T42/><D28/><U1/><E1/><V51/><F36/><W49/><G85/><T45/><D12/><U132/><E105/><V99/><F51/><W76/><G20/><T110/><D110/><U10/><E104/><V90/><F9/><W80/><G7/><T14/><D14/><U29/><E114/><V15/><F3/><W22/><G22/><T129/><D129/><U97/><E135/><V54/><F15/><W87/><G41/><T35/><D35/><U59/><E132/><V96/><F54/><AGARI ba="0,0" hai="49,54,56,57,58,76,80,87,101,102,103" m="46089" machi="54" ten="30,7700,0" yaku="13,1,52,3" doraHai="52" who="3" fromWho="2" sc="80,0,95,0,264,-77,561,77" /><INIT seed="5,0,0,3,2,96" ten="80,95,187,638" oya="1" hai0="36,50,92,67,10,52,111,59,35,17,74,110,44" hai1="25,64,19,127,16,66,83,41,128,21,12,122,75" hai2="23,112,32,129,39,113,34,82,29,117,2,100,79" hai3="126,105,60,76,15,48,53,40,33,86,37,115,102"/><U63/><E122/><V65/><F39/><W78/><G33/><T103/><D74/><U125/><E41/><V108/><F108/><W120/><G37/><T93/><D35/><U70/><E66/><V55/><F117/><W101/><G60/><T6/><D36/><U132/><E132/><V22/><F65/><W43/><G105/><T106/><D106/><U45/><E45/><V135/><F135/><W104/><G104/><T61/><D93/><U1/><E1/><V56/><F129/><W119/><G86/><T26/><D26/><U94/><E94/><V124/><F124/><N who="1" m="47689" /><E128/><V51/><F2/><W109/><G126/><T90/><D17/><N who="1" m="10407" /><E25/><V28/><F82/><W72/><G43/><T3/><REACH who="0" step="1"/><D90/><REACH who="0" ten="70,95,187,638" step="2"/><U24/><E24/><N who="2" m="16543" /><F28/><W123/><G123/><T114/><D114/><U14/><E14/><V87/><F34/><W131/><G15/><T118/><D118/><U95/><E95/><V73/><F32/><W9/><G119/><T80/><D80/><U4/><E4/><V5/><F73/><W88/><G120/><T30/><D30/><U7/><E7/><V46/><F5/><W98/><G131/><T121/><D121/><U47/><E47/><V57/><F113/><W68/><G115/><T49/><D49/><U84/><E75/><V13/><F112/><W54/><G72/><T97/><AGARI ba="0,1" hai="3,6,10,44,50,52,59,61,67,92,97,103,110,111" machi="97" ten="30,7900,0" yaku="1,1,0,1,52,1,54,1,53,0" doraHai="96" doraHaiUra="81" who="0" fromWho="0" sc="70,89,95,-39,187,-20,638,-20" /><INIT seed="6,0,0,4,4,9" ten="159,56,167,618" oya="2" hai0="82,25,64,80,10,52,7,130,76,12,65,38,134" hai1="68,135,113,14,107,39,31,125,57,67,36,58,124" hai2="100,24,72,98,127,23,16,50,116,35,2,77,122" hai3="94,48,20,0,79,53,26,131,59,95,119,81,66"/><V73/><F127/><N who="1" m="48713" /><E31/><V30/><F122/><W110/><G110/><T27/><D38/><N who="1" m="14379" /><E14/><V74/><F116/><W6/><G119/><T46/><D130/><U17/><E17/><V51/><F77/><W128/><G66/><N who="0" m="25707" /><D134/><U84/><E84/><V97/><F2/><W102/><G6/><T85/><D82/><U3/><E107/><V132/><F132/><W44/><G0/><T120/><D120/><U114/><E3/><V61/><F61/><W121/><G121/><T47/><D47/><U54/><E135/><V56/><F56/><N who="1" m="21609" /><E54/><V28/><F28/><W88/><G102/><T62/><D62/><AGARI ba="0,0" hai="62,67,68,113,114" m="21609,14379,48713" machi="62" ten="40,5200,0" yaku="18,1,34,2" doraHai="9" who="1" fromWho="0" sc="159,-52,56,52,167,0,618,0" /><INIT seed="7,0,0,2,0,14" ten="107,108,167,618" oya="3" hai0="9,6,20,56,55,132,75,25,117,10,18,62,76" hai1="131,114,4,17,96,44,48,28,57,127,130,109,88" hai2="29,119,52,16,27,68,24,85,21,97,104,8,3" hai3="120,64,22,93,124,60,51,49,47,50,128,94,116"/><W37/><G120/><T39/><D39/><U26/><E109/><V84/><F68/><W1/><G1/><T67/><D117/><U121/><E121/><V110/><F110/><W86/><G116/><T135/><D75/><U108/><E108/><V78/><F119/><W7/><G7/><T0/><D10/><U69/><E69/><V72/><F72/><W83/><G124/><T74/><D74/><U80/><E57/><V134/><F134/><N who="0" m="51242" /><D76/><U13/><E114/><V53/><F104/><W111/><G128/><N who="1" m="49194" /><E4/><V42/><F42/><W102/><G111/><T31/><D67/><U41/><E127/><V98/><F3/><W91/><G102/><T122/><D122/><U61/><E61/><V81/><F84/><W45/><G37/><T2/><D2/><U66/><E66/><V23/><F8/><W32/><G32/><T106/><D106/><U89/><E96/><AGARI ba="0,0" hai="16,21,23,24,27,29,52,53,78,81,85,96,97,98" machi="96" ten="40,8000,1" yaku="8,1,52,1,54,2" doraHai="14" who="2" fromWho="1" sc="107,0,108,-80,167,80,618,0" owari="107,-29.0,28,-47.0,247,5.0,618,71.0" /></mjloggm>