<mjloggm ver="2.3"><GO type="41" lobby="0"/><UN n0="%78%61%6D%62%6F%74%74%6F" n1="%41%52%44%45%4E" n2="%E3%82%B9%E3%82%AB%E3%83%AB%E3%83%9C%E3%83%BC%E3%82%A4" n3="%E2%93%9D%53%75%70%68%78" dan="15,14,13,18" rate="1935.18,1904.89,1980.07,2067.92" sx="M,F,M,M"/><TAIKYOKU oya="0"/><INIT seed="0,0,0,5,1,77" ten="250,250,250,250" oya="0" hai0="99,91,124,75,10,37,127,48,15,87,96,69,18" hai1="54,132,36,116,38,22,134,84,79,21,43,90,121" hai2="128,71,49,100,81,111,94,78,29,61,101,92,30" hai3="107,74,8,44,13,14,76,58,114,19,98,80,82"/><T39/><D69/><U41/><E121/><V57/><F71/><W52/><G114/><T110/><D75/><U70/><E116/><V93/><F111/><W64/><G64/><T115/><D115/><U60/><E79/><V135/><F135/><N who="1" m="51753" /><E21/><V95/><F49/><W122/><G122/><T45/><D110/><U40/><E22/><V53/><F128/><W117/><G117/><T104/><D104/><U86/><E90/><V56/><F56/><W119/><G119/><T3/><D3/><U88/><E84/><V59/><F59/><W50/><G14/><T25/><D25/><U113/><E113/><V129/><F129/><W28/><G28/><T34/><D34/><U0/><E0/><V1/><F1/><W32/><G32/><T109/><D109/><U68/><E54/><V123/><F123/><W11/><G11/><T102/><D102/><N who="2" m="39530" /><F95/><W9/><G9/><T26/><D26/><U47/><E47/><V133/><F133/><W112/><G112/><T12/><D15/><U4/><E4/><V120/><F120/><W33/><G33/><T35/><D35/><U125/><E125/><N who="0" m="48201" /><D99/><U126/><E126/><V20/><F20/><W42/><G98/><T105/><D96/><U6/><E6/><V65/><F65/><W2/><G2/><T103/><D103/><U66/><E70/><V5/><F5/><W83/><G107/><T97/><D97/><U131/><E131/><V55/><F53/><W85/><G74/><T51/><D105/><U118/><E118/><V16/><F16/><W73/><G73/><T89/><D10/><U62/><E62/><AGARI ba="0,0" hai="8,13,19,42,44,50,52,58,62,76,80,82,83,85" machi="62" ten="30,12000,2" yaku="6,1,7,1,8,1,52,3,54,1" doraHai="77" who="3" fromWho="1" sc="250,0,250,-120,250,0,250,120" /><INIT seed="1,0,0,0,1,84" ten="250,130,250,370" oya="1" hai0="47,107,85,10,9,70,1,110,23,7,44,27,76" hai1="109,90,4,86,45,33,54,36,46,24,41,115,58" hai2="39,64,101,80,15,105,29,106,135,56,82,62,60" hai3="108,61,21,122,94,130,53,73,114,116,88,63,66"/><U2/><E115/><V43/><F135/><W117/><G114/><T11/><D70/><U65/><E109/><V26/><F39/><W81/><G122/><T83/><D107/><U111/><E111/><V99/><F43/><W68/><G130/><T52/><D110/><U77/><E77/><V51/><F106/><W35/><G35/><T128/><D128/><U104/><E104/><V78/><F51/><W100/><G100/><T102/><D102/><U34/><E65/><V120/><F120/><W42/><G21/><T13/><D1/><U127/><E127/><V74/><F15/><W125/><G42/><T79/><D79/><U3/><E46/><N who="0" m="17449" /><D52/><U87/><E87/><V91/><F62/><W132/><G132/><T93/><D93/><U0/><E4/><V124/><F78/><W12/><G81/><T50/><D50/><U131/><E24/><V96/><F74/><W31/><G125/><T121/><D121/><U8/><E8/><V20/><F20/><W97/><G73/><T123/><D123/><U38/><E38/><V18/><F124/><W103/><G108/><T133/><D133/><U5/><E5/><V32/><REACH who="2" step="1"/><F18/><AGARI ba="0,0" hai="7,9,10,11,13,18,23,27,76,83,85" m="17449" machi="18" ten="30,1000,0" yaku="8,1" doraHai="84" who="0" fromWho="2" sc="250,10,130,0,250,-10,370,0" /><INIT seed="2,0,0,0,3,77" ten="260,130,240,370" oya="2" hai0="71,126,70,107,63,124,26,5,49,61,41,130,111" hai1="17,51,74,62,82,98,83,1,13,24,73,50,20" hai2="32,75,6,110,38,106,67,64,113,14,22,105,133" hai3="69,68,115,43,36,55,78,94,27,11,99,40,12"/><V112/><F32/><W16/><G115/><T42/><D107/><U127/><E1/><V97/><F38/><W84/><G69/><N who="0" m="26123" /><D26/><U104/><E127/><N who="0" m="48681" /><D5/><U122/><E122/><V128/><F75/><W91/><G68/><T0/><D0/><U8/><E73/><V103/><F128/><W44/><G27/><T3/><D3/><U109/><E74/><V88/><F133/><W19/><G36/><T15/><D15/><U95/><E104/><V129/><F129/><W54/><G19/><T4/><D4/><U66/><E109/><V56/><F106/><W35/><G35/><T80/><D80/><N who="1" m="30763" /><E66/><V76/><F76/><W135/><G135/><T48/><D130/><U46/><E62/><N who="0" m="23561" /><D111/><U33/><E33/><V18/><F6/><W37/><G78/><T25/><D25/><U34/><E34/><V2/><F2/><W81/><G43/><AGARI ba="0,0" hai="41,42,43,48,49" m="23561,48681,26123" machi="43" ten="40,8000,1" yaku="28,2,18,1,34,2" doraHai="77" who="0" fromWho="3" sc="260,80,130,0,240,0,370,-80" /><INIT seed="3,0,0,1,2,20" ten="340,130,240,290" oya="3" hai0="124,41,23,39,93,56,135,46,131,84,58,28,70" hai1="71,133,9,17,1,61,101,105,116,87,62,76,8" hai2="83,125,80,47,25,0,59,29,123,109,57,6,33" hai3="117,18,110,32,115,99,89,118,2,72,54,112,75"/><W4/><G54/><T31/><D131/><U90/><E116/><N who="3" m="44650" /><G18/><T30/><D135/><U73/><E133/><V60/><F109/><W103/><G4/><T94/><D124/><U10/><E1/><V95/><F125/><W43/><G43/><T120/><D70/><U111/><E111/><V128/><F128/><W107/><G32/><T92/><D120/><U91/><E73/><N who="3" m="28234" /><G2/><T26/><REACH who="0" step="1"/><D84/><REACH who="0" ten="330,130,240,290" step="2"/><U68/><E71/><V65/><F123/><W100/><G110/><T63/><D63/><U78/><E68/><V5/><F60/><W44/><G115/><T27/><D27/><U77/><E61/><V22/><F25/><W35/><G112/><T98/><D98/><U121/><E62/><V40/><F65/><W37/><G99/><T19/><AGARI ba="0,1" hai="19,23,26,28,30,31,39,41,46,56,58,92,93,94" machi="19" ten="30,4000,0" yaku="1,1,0,1,52,1,53,0" doraHai="20" doraHaiUra="82" who="0" fromWho="0" sc="330,50,130,-10,240,-10,290,-20" /><INIT seed="4,0,0,1,3,28" ten="380,120,230,270" oya="0" hai0="86,9,72,103,20,134,17,120,92,126,70,85,93" hai1="45,101,88,104,22,26,96,122,133,29,51,11,71" hai2="83,82,48,89,67,19,60,109,111,46,14,102,36" hai3="37,106,112,90,113,73,78,58,87,99,129,44,62"/><T59/><D70/><U15/><E122/><V81/><F36/><W130/><G44/><T110/><D72/><U97/><E71/><V2/><F2/><W7/><G7/><T127/><D120/><U43/><E133/><V5/><F5/><W30/><G30/><T1/><D134/><U0/><E0/><V47/><F102/><N who="3" m="62815" /><G58/><T18/><D59/><U27/><E27/><V135/><F135/><W123/><G62/><T56/><D56/><U25/><E25/><V80/><F111/><W119/><G37/><T39/><D39/><U6/><E104/><V79/><F89/><W10/><G10/><T65/><D110/><U91/><REACH who="1" step="1"/><E96/><REACH who="1" ten="380,110,230,270" step="2"/><V61/><F109/><W4/><G123/><T24/><D1/><U3/><E3/><V12/><F12/><W21/><G130/><T16/><D24/><U125/><E125/><V40/><F14/><W95/><G129/><T132/><D126/><U76/><E76/><V42/><F79/><W34/><G78/><T75/><D127/><U69/><E69/><V84/><F42/><W116/><G116/><T35/><D132/><U54/><E54/><V33/><F40/><W131/><G119/><T121/><D121/><U108/><E108/><V57/><F67/><W55/><G55/><T64/><D65/><U100/><E100/><V77/><F77/><W98/><G131/><T13/><D64/><U114/><E114/><V52/><F52/><W49/><G113/><T66/><D103/><U41/><E41/><V31/><F47/><W63/><G112/><T8/><D66/><U117/><E117/><V118/><F46/><RYUUKYOKU ba="0,1" sc="380,-10,110,30,230,-10,270,-10" hai1="6,11,15,22,26,29,43,45,51,88,91,97,101" /><INIT seed="5,1,1,0,5,98" ten="370,140,220,260" oya="1" hai0="43,54,4,2,77,7,74,110,22,70,6,66,68" hai1="91,105,118,18,113,121,10,106,56,25,93,78,9" hai2="26,13,102,55,103,95,100,61,12,39,111,69,128" hai3="11,52,58,104,64,92,14,41,130,89,42,80,21"/><U83/><E118/><V112/><F111/><W16/><G104/><T134/><D2/><U29/><E121/><V96/><F39/><W122/><G130/><T35/><D35/><U40/><E113/><V48/><F128/><W28/><G64/><T75/><D110/><U59/><E40/><V81/><F81/><W101/><G80/><T31/><D54/><U94/><E18/><V126/><F112/><W37/><G101/><N who="2" m="39017" /><F69/><W36/><G36/><T132/><D43/><U109/><E109/><V72/><F72/><W99/><G122/><T123/><D123/><U49/><E105/><V3/><F3/><W133/><G133/><T135/><D66/><U79/><E106/><V65/><F26/><N who="3" m="16463" /><G37/><T1/><D1/><U129/><E129/><V115/><F115/><W85/><G85/><T30/><D70/><U17/><E83/><V87/><F87/><W15/><G15/><N who="2" m="5705" /><F126/><W27/><G27/><T107/><D68/><U20/><E78/><V67/><F61/><AGARI ba="1,1" hai="11,14,16,41,42,52,58,61,89,92,99" m="16463" machi="61" ten="30,3900,0" yaku="8,1,54,2" doraHai="98" who="3" fromWho="2" sc="370,0,140,0,220,-42,260,52" /><INIT seed="6,0,0,4,2,25" ten="370,140,178,312" oya="2" hai0="53,59,40,13,114,56,105,1,95,129,26,84,82" hai1="23,98,24,121,107,90,116,21,57,112,10,58,115" hai2="51,117,20,50,49,99,128,64,106,123,17,89,81" hai3="12,27,80,96,65,134,2,54,43,124,32,45,22"/><V79/><F117/><W111/><G2/><T72/><D1/><U16/><E116/><V83/><F128/><W39/><G111/><T75/><D105/><U29/><E121/><V71/><F123/><W66/><G134/><T67/><D40/><U103/><E10/><V35/><F35/><W44/><G124/><T28/><D114/><N who="1" m="43563" /><E90/><V6/><F6/><W37/><G32/><T133/><D13/><AGARI ba="0,0" hai="13,16,21,23,24,29,57,58,98,103,107" m="43563" machi="13" ten="30,3900,0" yaku="15,1,52,1,54,1" doraHai="25" who="1" fromWho="0" sc="370,-39,140,39,178,0,312,0" /><INIT seed="7,0,0,2,5,71" ten="331,179,178,312" oya="3" hai0="75,1,111,105,52,72,108,87,42,125,10,69,54" hai1="61,62,44,117,128,113,29,66,6,116,0,132,74" hai2="60,15,48,110,16,28,115,86,81,133,3,63,83" hai3="32,130,89,135,120,26,38,41,7,96,134,122,14"/><W4/><G130/><T18/><D69/><U49/><E74/><V123/><F110/><W58/><G58/><T124/><D105/><U19/><E29/><V68/><F3/><W21/><G89/><T64/><D64/><U2/><E128/><V94/><F115/><W92/><G32/><T47/><D87/><U112/><E132/><N who="3" m="50730" /><G14/><N who="0" m="7511" /><D1/><N who="1" m="619" /><E19/><V102/><F133/><W107/><G107/><T37/><D75/><U85/><E85/><V76/><F123/><N who="3" m="47147" /><G92/><T8/><D72/><U90/><E90/><V65/><F28/><N who="3" m="17487" /><G96/><T25/><D8/><U43/><E112/><V106/><F106/><W46/><AGARI ba="0,0" hai="4,7,38,41,46" m="17487,47147,50730" machi="46" ten="40,3900,0" yaku="20,1,52,1" doraHai="71" who="3" fromWho="3" sc="331,-13,179,-13,178,-13,312,39" owari="318,12.0,166,-23.0,165,-33.0,351,44.0" /></mjloggm>