<mjloggm ver="2.3"><GO type="41" lobby="0"/><UN n0="%E5%A4%A7%E8%BE%BB" n1="%E2%93%9D%53%75%70%68%78" n2="%E3%83%AA%E3%83%A5%E3%82%A6%E3%82%AA%E3%82%A6" n3="%65%6C%75%64%65" dan="15,18,13,14" rate="2006.22,2101.69,1868.21,1847.81" sx="M,M,M,F"/><TAIKYOKU oya="0"/><INIT seed="0,0,0,5,0,26" ten="250,250,250,250" oya="0" hai0="84,57,45,24,78,104,51,55,71,64,62,95,90" hai1="123,5,108,68,127,22,32,44,20,75,131,41,39" hai2="19,21,115,15,67,60,46,124,128,106,98,100,73" hai3="17,86,4,10,74,132,58,2,89,126,83,28,31"/><T27/><D104/><U120/><E22/><V33/><F73/><W109/><G74/><T118/><D118/><U42/><E20/><V130/><F33/><W119/><G119/><T91/><D78/><U43/><E5/><V116/><F116/><W114/><G114/><T23/><D91/><U125/><E32/><V35/><F35/><W63/><G109/><T107/><D107/><U13/><E13/><V54/><F115/><W48/><G132/><T85/><D85/><U52/><E68/><V29/><F124/><N who="1" m="47689" /><E131/><N who="2" m="50219" /><F46/><W12/><G48/><T56/><REACH who="0" step="1"/><D27/><REACH who="0" ten="240,250,250,250" step="2"/><U110/><E75/><V37/><F37/><W99/><G126/><T87/><D87/><U133/><E133/><V69/><F106/><W3/><G99/><T40/><D40/><N who="1" m="15467" /><E52/><V50/><F98/><W121/><G121/><AGARI ba="0,1" hai="39,43,44,108,110,120,121,123" m="15467,47689" machi="121" ten="40,5200,0" yaku="18,1,34,2" doraHai="26" who="1" fromWho="3" sc="240,0,250,62,250,0,250,-52" /><INIT seed="1,0,0,2,0,1" ten="240,312,250,198" oya="1" hai0="78,23,52,19,124,50,14,119,132,118,55,91,126" hai1="36,121,40,26,24,28,113,53,57,73,87,13,37" hai2="58,115,100,2,79,61,88,9,102,131,68,51,16" hai3="111,108,5,54,112,128,105,90,94,4,117,69,33"/><U80/><E113/><V11/><F131/><W96/><G112/><T32/><D32/><U35/><E121/><V20/><F68/><W6/><G128/><T130/><D78/><U10/><E73/><V63/><F79/><W93/><G69/><T99/><D130/><U41/><E37/><V92/><F51/><W31/><G105/><T67/><D67/><U107/><E107/><V77/><F77/><W103/><G117/><T127/><D132/><U12/><E12/><V56/><F115/><W122/><G122/><T83/><D55/><U65/><E26/><N who="2" m="14599" /><F2/><W106/><G90/><T47/><REACH who="0" step="1"/><D99/><REACH who="0" ten="230,312,250,198" step="2"/><U98/><E98/><N who="2" m="57607" /><F102/><W21/><G33/><T3/><D3/><U120/><E120/><V49/><F100/><W15/><G54/><T62/><D62/><N who="2" m="23562" /><F49/><W17/><REACH who="3" step="1"/><G31/><REACH who="3" ten="230,312,250,188" step="2"/><T25/><D25/><U8/><E28/><V82/><F82/><W72/><G72/><T85/><AGARI ba="0,2" hai="14,19,23,47,50,52,83,85,91,118,119,124,126,127" machi="85" ten="40,8000,1" yaku="1,1,0,1,18,1,54,1,53,0" doraHai="1" doraHaiUra="97" who="0" fromWho="0" sc="230,100,312,-40,250,-20,188,-20" /><INIT seed="2,0,0,4,1,12" ten="330,272,230,168" oya="2" hai0="37,78,35,132,112,110,106,20,33,27,9,133,97" hai1="13,52,94,44,21,77,87,70,104,108,99,88,116" hai2="127,1,25,51,17,113,48,43,45,123,121,49,24" hai3="32,39,102,3,91,101,34,7,80,71,2,120,86"/><V62/><F1/><W64/><G120/><T55/><D112/><U96/><E70/><V30/><F113/><W73/><G39/><T40/><D78/><U105/><E108/><V74/><F74/><W67/><G73/><T76/><D76/><U26/><E116/><V16/><F127/><W93/><G2/><T114/><D114/><U8/><E105/><V81/><F81/><W83/><G83/><T130/><D110/><U117/><E104/><V100/><F100/><W84/><G102/><T122/><D122/><U50/><E117/><V82/><F82/><W58/><G71/><T42/><D9/><U89/><E89/><V68/><F123/><W128/><G128/><T98/><D106/><U111/><E111/><V75/><F75/><W119/><G119/><T6/><D55/><U135/><E135/><V31/><F62/><W4/><G3/><T18/><D6/><N who="1" m="3223" /><E77/><V28/><F68/><W56/><G34/><T115/><D115/><U125/><E125/><V90/><F90/><N who="3" m="53447" /><G101/><T47/><D130/><U118/><E118/><V11/><F11/><W85/><G32/><N who="0" m="12363" /><D40/><U38/><E38/><V22/><F121/><W124/><G124/><T36/><D36/><U15/><E15/><V72/><F72/><W29/><G86/><T107/><D107/><U61/><E61/><V126/><F126/><W109/><G109/><T53/><D53/><U59/><E59/><N who="3" m="22570" /><G29/><AGARI ba="0,0" hai="21,26,29,44,50,52,87,88,94,96,99" m="3223" machi="29" ten="30,3900,0" yaku="8,1,54,2" doraHai="12" who="1" fromWho="3" sc="330,0,272,39,230,0,168,-39" /><INIT seed="3,0,0,3,4,53" ten="330,311,230,129" oya="3" hai0="24,32,60,85,41,74,79,56,92,26,2,123,15" hai1="7,45,40,10,131,3,29,33,76,84,122,49,86" hai2="35,129,107,117,87,14,83,96,124,9,77,43,98" hai3="59,125,113,28,132,25,88,1,62,94,114,81,93"/><W80/><G1/><T82/><D2/><U44/><E122/><V36/><F35/><W54/><G125/><T16/><D32/><U105/><E105/><V18/><F124/><W119/><G132/><T38/><D123/><U72/><E131/><V91/><F117/><W90/><G119/><T6/><D6/><U21/><E33/><V128/><F107/><W39/><G39/><T37/><D37/><U121/><E121/><V58/><F43/><W20/><G114/><T64/><D38/><U68/><E68/><V23/><F36/><W100/><G100/><T31/><D41/><U22/><E45/><V48/><F77/><W66/><G66/><T55/><D31/><U51/><E51/><V78/><F78/><W69/><G69/><T110/><D110/><U101/><E101/><V17/><F129/><W71/><G71/><T42/><D42/><U95/><E72/><V109/><F109/><W89/><REACH who="3" step="1"/><G113/><REACH who="3" ten="330,311,230,119" step="2"/><T4/><D64/><U12/><E3/><V99/><F128/><W27/><G27/><T133/><D133/><U127/><E127/><V67/><F67/><W65/><G65/><T5/><D26/><U13/><E13/><N who="2" m="9647" /><F48/><W106/><G106/><T30/><D24/><U111/><E111/><V104/><F104/><W118/><G118/><T102/><D30/><U57/><E29/><V50/><F50/><W46/><G46/><T134/><D134/><U61/><E49/><V126/><F126/><W73/><G73/><T70/><D70/><U103/><E44/><V115/><F115/><W75/><G75/><T11/><D74/><U34/><E40/><RYUUKYOKU ba="0,1" sc="330,10,311,-30,230,10,119,10" hai0="4,5,11,15,16,55,56,60,79,82,85,92,102" hai2="9,14,18,58,83,87,91,96,98,99" hai3="20,25,28,54,59,62,80,81,88,89,90,93,94" /><INIT seed="3,1,1,1,4,72" ten="340,281,240,129" oya="3" hai0="76,39,129,44,89,14,111,1,54,13,50,82,120" hai1="133,27,35,48,112,104,30,115,26,19,99,81,77" hai2="110,63,102,135,16,9,80,88,73,116,61,67,29" hai3="97,47,24,40,17,103,117,56,12,11,31,83,86"/><W33/><G117/><T131/><D120/><U109/><E109/><V127/><F116/><W8/><G56/><T134/><D1/><U124/><E124/><V0/><F110/><W118/><G118/><T108/><D89/><U3/><E3/><V53/><F29/><W55/><G55/><T41/><D111/><U38/><E38/><V6/><F135/><W132/><G132/><T130/><D134/><U46/><E133/><V52/><F102/><W20/><G97/><T84/><REACH who="0" step="1"/><D108/><REACH who="0" ten="330,281,240,129" step="2"/><U32/><E115/><V85/><F127/><W114/><G114/><T98/><D98/><U10/><E99/><V96/><F96/><W51/><REACH who="3" step="1"/><G103/><REACH who="3" ten="330,281,240,119" step="2"/><T78/><D78/><AGARI ba="1,3" hai="8,11,12,17,20,24,31,33,40,47,51,78,83,86" machi="78" ten="30,11600,0" yaku="1,1,2,1,7,1,52,1,53,0" doraHai="72" doraHaiUra="68" who="3" fromWho="0" sc="330,-119,281,0,240,0,119,149" /><INIT seed="3,2,0,4,2,28" ten="211,281,240,268" oya="3" hai0="113,95,26,97,13,67,34,73,72,125,18,102,86" hai1="129,110,82,7,83,2,29,123,121,65,92,119,21" hai2="124,68,42,131,75,61,115,49,15,85,134,80,96" hai3="111,127,88,66,58,101,44,94,30,32,122,109,14"/><W77/><G122/><T79/><D125/><U128/><E65/><V57/><F75/><W106/><G127/><T43/><D113/><U93/><E7/><V19/><F115/><W54/><G66/><T50/><D67/><U76/><E21/><V23/><F68/><W25/><G77/><T41/><D73/><U100/><E29/><V126/><F134/><W87/><G44/><T135/><D135/><U6/><E6/><V48/><F131/><N who="1" m="50249" /><E2/><V1/><F1/><W70/><G70/><T118/><D118/><U84/><E110/><N who="3" m="41994" /><G101/><T10/><D72/><N who="1" m="43271" /><E119/><V112/><F112/><W8/><G106/><T47/><D26/><U130/><E130/><V78/><F126/><W98/><G14/><T55/><D34/><U38/><E38/><V133/><F133/><W90/><G8/><T56/><D56/><U5/><E5/><V12/><F124/><W114/><G114/><T63/><D63/><U116/><E116/><V53/><F42/><W120/><G120/><N who="1" m="46154" /><E100/><V24/><F24/><W46/><G46/><T37/><D37/><U69/><E69/><V117/><F117/><W33/><G58/><T52/><D55/><U64/><E64/><V99/><F12/><W9/><G9/><T17/><D17/><U40/><E40/><V108/><F108/><W36/><G36/><T27/><D27/><U39/><E39/><V62/><F49/><W132/><G132/><T81/><AGARI ba="2,0" hai="10,13,18,41,43,47,50,52,79,81,86,95,97,102" machi="81" ten="30,4000,0" yaku="0,1,8,1,54,1" doraHai="28" who="0" fromWho="0" sc="211,46,281,-12,240,-12,268,-22" /><INIT seed="4,0,0,3,2,68" ten="257,269,228,246" oya="0" hai0="131,89,117,59,21,82,86,39,114,101,119,53,110" hai1="124,61,51,107,97,73,27,134,58,41,42,19,123" hai2="9,132,100,10,128,55,36,67,7,99,66,109,62" hai3="112,35,81,57,34,115,78,22,133,2,88,70,14"/><T5/><D131/><U91/><E73/><V1/><F109/><W32/><G70/><T105/><D110/><U129/><E123/><V83/><F132/><W20/><G2/><T6/><D114/><N who="3" m="43561" /><G133/><T74/><D74/><U79/><E124/><V69/><F128/><W130/><G130/><T40/><D105/><U96/><E79/><V29/><F67/><W60/><G14/><T16/><D101/><U52/><E107/><V43/><F10/><W85/><G78/><T45/><D119/><U75/><E75/><V77/><F29/><W17/><G17/><T44/><D44/><U26/><E134/><V48/><F48/><W15/><G15/><T94/><D82/><U93/><E129/><V87/><F55/><AGARI ba="0,0" hai="20,22,32,34,35,55,57,60,81,85,88" m="43561" machi="55" ten="40,2600,0" yaku="15,1,54,1" doraHai="68" who="3" fromWho="2" sc="257,0,269,0,228,-26,246,26" /><INIT seed="5,0,0,1,1,125" ten="257,269,202,272" oya="1" hai0="83,71,30,131,64,25,14,5,47,82,16,100,28" hai1="24,117,133,90,124,61,107,12,121,101,9,37,80" hai2="123,135,48,3,57,51,44,89,72,112,49,128,88" hai3="92,122,63,74,103,94,58,32,36,106,85,132,2"/><U127/><E117/><V10/><F123/><W126/><G122/><T22/><D71/><U46/><E121/><V102/><F72/><W40/><G74/><T0/><D64/><U42/><E133/><V45/><F135/><W62/><G126/><N who="1" m="48170" /><E24/><V21/><F102/><W73/><G73/><T79/><D100/><U134/><E61/><V26/><F10/><W1/><G32/><T60/><D60/><U109/><E109/><V27/><F3/><W116/><G63/><T108/><D108/><U104/><E101/><V67/><F27/><W19/><G116/><T81/><D131/><U43/><E43/><V66/><F128/><W93/><G40/><T4/><D79/><U96/><E134/><V13/><F13/><W77/><G132/><T114/><D114/><U31/><E31/><N who="0" m="11817" /><D0/><U129/><E129/><V52/><F112/><W59/><G77/><T84/><D84/><N who="1" m="50439" /><E96/><V33/><F33/><W78/><G103/><T76/><D76/><U95/><E95/><V111/><F111/><W98/><G94/><T91/><D91/><N who="2" m="34890" /><F67/><W39/><G78/><T115/><D115/><U55/><E55/><V41/><F66/><W130/><G93/><T65/><D65/><U34/><E34/><V50/><F45/><W75/><G75/><T8/><D47/><U6/><AGARI ba="0,0" hai="6,9,12,37,42,46,104,107" m="50439,48170" machi="6" ten="30,1500,0" yaku="18,1" doraHai="125" who="1" fromWho="1" sc="257,-5,269,15,202,-5,272,-5" /><INIT seed="5,1,0,2,2,114" ten="252,284,197,267" oya="1" hai0="115,26,92,8,59,54,9,28,77,89,48,33,86" hai1="45,125,95,78,50,97,16,117,23,41,90,74,128" hai2="96,49,13,38,122,3,10,36,127,57,133,60,134" hai3="70,94,113,15,42,18,61,99,63,100,130,19,20"/><U64/><E128/><V80/><F3/><W17/><G113/><T79/><REACH who="0" step="1"/><D115/><REACH who="0" ten="242,284,197,267" step="2"/><U98/><E125/><V75/><F127/><W2/><G130/><T37/><D37/><U62/><E117/><V6/><F38/><W25/><G2/><T29/><D29/><U76/><E74/><V108/><F36/><W124/><G124/><T35/><D35/><U118/><E118/><V43/><F122/><W31/><G70/><T110/><D110/><U40/><E40/><V39/><F108/><W46/><G42/><T1/><D1/><U11/><E11/><AGARI ba="1,1" hai="8,9,11,26,28,33,48,54,59,77,79,86,89,92" machi="11" ten="40,8000,1" yaku="21,2,53,2" doraHai="114" doraHaiUra="73" who="0" fromWho="1" sc="242,93,284,-83,197,0,267,0" /><INIT seed="6,0,0,2,5,83" ten="335,201,197,267" oya="2" hai0="8,11,125,121,118,1,58,103,39,37,127,36,73" hai1="40,46,38,130,79,70,13,123,53,55,76,110,97" hai2="66,62,108,32,128,122,67,126,109,81,89,49,135" hai3="31,27,4,124,35,94,111,50,51,25,96,63,91"/><V48/><F32/><W54/><G111/><N who="2" m="42569" /><F122/><W56/><G124/><N who="0" m="47691" /><D73/><U134/><E130/><V57/><F126/><W99/><G4/><T42/><D121/><U0/><E134/><V34/><F34/><W14/><G14/><T86/><D118/><U106/><E0/><V17/><F135/><W82/><G82/><T65/><D103/><U20/><E123/><V119/><F128/><W90/><REACH who="3" step="1"/><G27/><REACH who="3" ten="335,201,197,257" step="2"/><T87/><D1/><U19/><E110/><V18/><F119/><W100/><G100/><T43/><D11/><U71/><E13/><V2/><F2/><W88/><G88/><T131/><D8/><U22/><E79/><V16/><F67/><W114/><G114/><T107/><D107/><U52/><E76/><V95/><F81/><W7/><G7/><T112/><D131/><U23/><E19/><V80/><F80/><W59/><G59/><T117/><D117/><U44/><REACH who="1" step="1"/><E44/><REACH who="1" ten="335,191,197,257" step="2"/><V116/><F116/><W21/><G21/><T129/><D129/><U64/><E64/><V115/><F115/><W84/><G84/><AGARI ba="0,2" hai="16,17,18,48,49,57,62,66,84,89,95" m="42569" machi="84" ten="30,5800,0" yaku="10,1,52,1,54,1" doraHai="83" who="2" fromWho="3" sc="335,0,191,0,197,78,257,-58" /><INIT seed="6,1,0,3,1,51" ten="335,191,275,199" oya="2" hai0="68,92,5,73,33,18,31,87,116,134,86,131,42" hai1="38,65,53,28,126,52,105,122,90,129,118,63,112" hai2="104,106,15,57,117,78,49,82,132,108,58,19,128" hai3="40,48,93,61,47,94,55,80,14,59,98,32,6"/><V103/><F117/><W3/><G3/><T89/><D68/><U0/><E118/><V99/><F132/><W50/><G32/><T119/><D73/><U54/><E105/><V35/><F35/><W84/><G61/><T79/><D5/><U114/><E0/><V74/><F128/><W1/><G1/><T101/><D101/><U69/><E129/><V70/><F70/><W39/><G39/><T45/><D134/><U64/><E126/><V127/><F108/><W96/><G6/><T77/><D131/><U10/><E65/><V25/><F25/><W4/><G94/><T110/><D110/><U102/><E102/><V121/><F121/><W26/><G26/><T16/><D119/><U13/><E38/><V120/><F127/><W88/><REACH who="3" step="1"/><G80/><REACH who="3" ten="335,191,275,189" step="2"/><N who="0" m="47375" /><D116/><U85/><E122/><V95/><F120/><W124/><G124/><T133/><D133/><U60/><E60/><V2/><F2/><W21/><G21/><T115/><D33/><U43/><E28/><V23/><F106/><W24/><G24/><T41/><D31/><U97/><E97/><V75/><F104/><W9/><AGARI ba="1,1" hai="4,9,14,40,47,48,50,55,59,84,88,93,96,98" machi="9" ten="30,8000,1" yaku="1,1,0,1,8,1,52,1,54,1,53,0" doraHai="51" doraHaiUra="111" who="3" fromWho="3" sc="335,-21,191,-21,275,-41,189,93" /><INIT seed="7,0,0,5,4,78" ten="314,170,234,282" oya="3" hai0="87,121,60,88,24,3,47,106,59,48,108,23,35" hai1="89,37,109,69,73,21,67,105,19,75,123,14,7" hai2="94,74,122,85,63,71,119,133,70,15,114,20,124" hai3="41,1,56,30,64,58,98,43,27,39,53,80,2"/><W72/><G1/><T26/><D3/><U93/><E109/><V129/><F71/><W82/><G2/><T28/><D106/><U76/><E123/><V50/><F50/><N who="3" m="30775" /><G72/><T46/><D108/><U61/><E105/><V4/><F119/><W97/><G39/><T66/><D121/><U131/><E131/><V77/><F74/><W40/><G30/><T54/><D26/><U55/><E37/><V18/><F122/><W79/><G27/><T31/><D35/><U113/><E113/><V32/><F114/><W115/><G115/><T102/><D102/><U52/><E7/><V10/><F32/><W29/><G29/><N who="0" m="17567" /><D46/><U132/><E132/><V92/><F133/><W103/><G79/><T0/><D0/><U99/><REACH who="1" step="1"/><E75/><REACH who="1" ten="314,160,234,282" step="2"/><V96/><F129/><W130/><G130/><T125/><D125/><U135/><E135/><V8/><F124/><W117/><G117/><T49/><D49/><U17/><E17/><V9/><F63/><N who="3" m="38007" /><G103/><T65/><D65/><U118/><E118/><V116/><F116/><W128/><G128/><T5/><D5/><U33/><E33/><V16/><F4/><W68/><G68/><T83/><AGARI ba="0,1" hai="28,31,47,48,54,59,60,66,83,87,88" m="17567" machi="83" ten="30,4000,0" yaku="8,1,52,1,54,1" doraHai="78" who="0" fromWho="0" sc="314,50,160,-10,234,-10,282,-20" owari="364,47.0,150,-35.0,224,-18.0,262,6.0" /></mjloggm>