<mjloggm ver="2.3"><GO type="41" lobby="0"/><UN n0="%E3%81%9F%E3%81%8B%E3%81%97%E3%81%B0%E3%81%84%E3%81%A4%E3%81%8D" n1="%E6%99%82%E9%96%93%E7%84%A1%E9%A7%84%E3%81%AB%E3%81%99%E3%82%8B%E3%81%AA" n2="%E2%93%9D%53%75%70%68%78" n3="%E5%A4%A7%E7%A9%BA%E5%AF%BA%E3%81%82%E3%82%86" dan="13,13,18,14" rate="1883.95,1904.04,2081.72,1935.78" sx="M,M,M,M"/><TAIKYOKU oya="0"/><INIT seed="0,0,0,5,2,72" ten="250,250,250,250" oya="0" hai0="21,30,50,31,80,20,7,126,115,125,4,122,46" hai1="41,131,48,40,89,133,97,102,78,128,121,55,129" hai2="91,114,54,19,79,73,87,103,93,110,0,16,109" hai3="11,104,74,95,94,85,117,24,59,107,84,70,35"/><T83/><D122/><U52/><E121/><V44/><F0/><W58/><G70/><T13/><D115/><U5/><E5/><V38/><F114/><W43/><G74/><T25/><D13/><U105/><E133/><V10/><F103/><W27/><G35/><T120/><D120/><U67/><E67/><V99/><F99/><W18/><G43/><N who="1" m="16458" /><E89/><V23/><F10/><W61/><G61/><T111/><D111/><N who="2" m="42506" /><F38/><W112/><G112/><T36/><D36/><U49/><E78/><V8/><F8/><W29/><G18/><T9/><D125/><U113/><E113/><V14/><F19/><W116/><REACH who="3" step="1"/><G11/><REACH who="3" ten="250,250,250,240" step="2"/><T60/><D126/><U65/><E65/><V127/><F127/><W42/><G42/><N who="0" m="24919" /><D60/><U39/><E39/><V90/><F73/><W15/><G15/><N who="0" m="5543" /><D7/><U57/><E55/><V63/><F63/><AGARI ba="0,1" hai="48,49,52,57,63,97,102,105,128,129,131" m="16458" machi="63" ten="30,2000,0" yaku="19,1,54,1" doraHai="72" who="1" fromWho="2" sc="250,0,250,30,250,-20,240,0" /><INIT seed="1,0,0,4,0,64" ten="250,280,230,240" oya="1" hai0="16,125,80,8,81,20,53,106,2,110,44,6,34" hai1="59,119,58,90,31,30,52,61,46,122,23,43,133" hai2="109,68,7,24,82,37,127,40,88,108,89,107,1" hai3="26,74,123,70,9,131,45,27,100,60,66,128,103"/><U51/><E122/><V62/><F107/><W0/><G123/><T112/><D106/><U86/><E119/><V94/><F127/><W32/><G45/><T92/><D34/><U135/><E59/><V4/><F40/><W85/><G74/><T21/><D112/><U17/><E133/><V54/><F37/><W126/><G126/><T98/><D125/><U67/><E135/><V84/><F24/><W120/><G120/><T97/><D20/><U96/><E96/><V11/><F7/><N who="3" m="1255" /><G85/><T69/><D69/><U130/><E130/><N who="3" m="49706" /><G27/><T95/><D110/><N who="2" m="42602" /><F54/><W134/><G134/><T57/><D44/><U39/><E39/><V114/><F114/><W12/><G12/><T48/><D97/><U49/><E67/><N who="2" m="41079" /><F94/><W13/><G13/><T25/><REACH who="0" step="1"/><D95/><REACH who="0" ten="240,280,230,240" step="2"/><N who="1" m="54743" /><E61/><V118/><F118/><W129/><G129/><T42/><D42/><U71/><E71/><V36/><F36/><W33/><G33/><T14/><D14/><AGARI ba="0,1" hai="14,17,23,30,31,43,46,49,51,52,58" m="54743" machi="14" ten="30,5800,0" yaku="25,1,8,1,54,1" doraHai="64" who="1" fromWho="0" sc="240,-58,280,68,230,0,240,0" /><INIT seed="1,1,0,2,1,68" ten="182,348,230,240" oya="1" hai0="105,88,31,87,9,47,20,39,122,41,42,85,81" hai1="46,77,56,120,52,62,94,111,35,78,60,70,110" hai2="121,23,82,109,6,32,55,17,25,129,4,15,131" hai3="128,66,112,37,107,50,59,7,49,127,18,83,93"/><U79/><E35/><V19/><F55/><W13/><G107/><T95/><D105/><U106/><E106/><V123/><F82/><W21/><G112/><T63/><D122/><N who="2" m="46602" /><F109/><N who="1" m="41481" /><E120/><V22/><F32/><W130/><G83/><T124/><D124/><U43/><E94/><V116/><F116/><W53/><G66/><T38/><D63/><N who="1" m="36231" /><E70/><V69/><F69/><W91/><G50/><AGARI ba="1,0" hai="43,46,50,60,62,77,78,79" m="36231,41481" machi="50" ten="30,5800,0" yaku="14,1,10,1,54,1" doraHai="68" who="1" fromWho="3" sc="182,0,348,61,230,0,240,-61" /><INIT seed="1,2,0,5,1,111" ten="182,409,230,179" oya="1" hai0="49,113,15,116,102,118,80,70,30,17,26,21,63" hai1="119,104,110,38,84,11,99,88,67,45,51,122,75" hai2="65,10,53,50,82,42,93,18,108,91,34,85,7" hai3="73,28,128,95,52,130,121,106,3,37,117,0,76"/><U64/><E122/><V87/><F34/><W105/><G28/><T132/><D102/><U58/><E75/><V126/><F126/><W123/><G95/><T83/><D132/><U131/><E131/><N who="3" m="50218" /><G52/><T2/><D2/><N who="3" m="553" /><G76/><T1/><D1/><U48/><E48/><V39/><F108/><W134/><G73/><T107/><D107/><N who="3" m="40969" /><G37/><T44/><D63/><U68/><E68/><V72/><F72/><W19/><G19/><T29/><D70/><U98/><E38/><V129/><F18/><W14/><G14/><T77/><D30/><U127/><E110/><V109/><F109/><W100/><G100/><T94/><D94/><U23/><E23/><V124/><F129/><W61/><G61/><T112/><D83/><U55/><E45/><V74/><F82/><W125/><G125/><T16/><D17/><U4/><E127/><V120/><F74/><W8/><G8/><T135/><D135/><U96/><E104/><V13/><F124/><W56/><G56/><T86/><D116/><U35/><E35/><V90/><F10/><W43/><G43/><T69/><D118/><U114/><E119/><V79/><F42/><W71/><G117/><T101/><D101/><U92/><E114/><V54/><F39/><W36/><G36/><T27/><D69/><U20/><REACH who="1" step="1"/><E20/><REACH who="1" ten="182,399,230,179" step="2"/><V32/><F32/><W62/><G134/><T22/><REACH who="0" step="1"/><D27/><REACH who="0" ten="172,399,230,179" step="2"/><U89/><E89/><V59/><F91/><W41/><G123/><T60/><D60/><U25/><E25/><V103/><F120/><W40/><G121/><T24/><D24/><U133/><E133/><V97/><F90/><RYUUKYOKU ba="2,2" sc="172,10,399,10,230,-30,179,10" hai0="15,16,21,22,26,29,44,49,77,80,86,112,113" hai1="4,11,51,55,58,64,67,84,88,92,96,98,99" hai3="40,41,62,71" /><INIT seed="1,3,2,2,0,129" ten="182,409,200,189" oya="1" hai0="0,39,84,2,52,51,92,123,135,46,110,42,24" hai1="56,82,35,55,65,5,12,76,30,105,64,45,133" hai2="95,4,60,28,9,27,127,62,43,74,53,59,44" hai3="18,70,37,91,17,83,8,10,107,32,98,108,38"/><U47/><E105/><V116/><F127/><W130/><G130/><T89/><D24/><U69/><E69/><V23/><F74/><W106/><G70/><T6/><D123/><U109/><E109/><V78/><F116/><W80/><G108/><T134/><D110/><U48/><E30/><V7/><F78/><W128/><G128/><T72/><D72/><U113/><E113/><V67/><F95/><W131/><G131/><T85/><D85/><U61/><E35/><V20/><F20/><W100/><G32/><T13/><D13/><U54/><E45/><V96/><F96/><W21/><G21/><T33/><D33/><U102/><E102/><V58/><REACH who="2" step="1"/><F9/><REACH who="2" ten="182,409,190,189" step="2"/><W71/><G98/><T111/><D111/><U124/><E124/><V81/><F81/><W49/><G71/><T112/><D112/><U97/><E97/><V120/><F120/><W1/><G1/><T75/><D75/><U68/><E82/><V3/><F3/><W22/><G22/><T118/><D118/><U114/><E114/><V19/><F19/><W86/><G86/><T57/><REACH who="0" step="1"/><D2/><REACH who="0" ten="172,409,190,189" step="2"/><U103/><E76/><V125/><F125/><W90/><G100/><T63/><D63/><U34/><E103/><V132/><F132/><W15/><G15/><T36/><D36/><AGARI ba="3,4" hai="4,7,23,27,28,36,43,44,53,58,59,60,62,67" machi="36" ten="30,2000,0" yaku="1,1,7,1,53,0" doraHai="129" doraHaiUra="11" who="2" fromWho="0" sc="172,-29,409,0,190,69,189,0" /><INIT seed="2,0,0,1,4,38" ten="143,409,259,189" oya="2" hai0="25,3,1,36,51,90,34,94,31,105,113,76,91" hai1="106,32,80,71,65,107,81,29,61,67,121,45,9" hai2="74,14,23,95,20,37,89,110,63,5,69,88,57" hai3="44,122,119,75,120,83,35,53,27,41,50,128,43"/><V96/><F69/><W26/><G75/><T101/><D36/><U114/><E114/><V15/><F74/><W22/><G35/><T129/><D113/><U49/><E9/><V135/><F135/><W98/><G119/><T55/><D76/><U117/><E117/><V13/><F37/><W109/><G109/><T47/><D129/><U93/><E93/><V123/><F123/><W124/><G128/><T78/><D78/><U16/><E16/><V21/><F110/><W39/><G39/><T103/><D105/><U125/><E125/><V85/><F5/><W30/><G122/><T17/><D17/><U2/><E2/><V70/><F70/><W79/><G120/><T92/><D3/><U73/><E65/><V134/><F134/><W111/><G124/><T116/><D116/><U52/><E121/><V68/><F68/><W42/><G111/><T66/><D66/><U82/><REACH who="1" step="1"/><E73/><REACH who="1" ten="143,399,259,189" step="2"/><V127/><F127/><W64/><G64/><T97/><REACH who="0" step="1"/><D1/><REACH who="0" ten="133,399,259,189" step="2"/><U59/><E59/><V40/><F57/><W108/><G108/><T112/><D112/><U0/><E0/><V104/><F104/><W133/><G133/><T62/><D62/><U18/><E18/><V7/><F63/><W56/><G56/><T10/><D10/><U130/><E130/><V118/><F118/><W115/><G115/><T86/><AGARI ba="0,2" hai="25,31,34,47,51,55,86,90,91,92,94,97,101,103" machi="86" ten="20,5200,0" yaku="1,1,0,1,7,1,53,1" doraHai="38" doraHaiUra="24" who="0" fromWho="0" sc="133,72,399,-13,259,-26,189,-13" /><INIT seed="3,0,0,3,1,130" ten="205,386,233,176" oya="3" hai0="94,11,82,72,131,97,67,18,39,107,28,115,44" hai1="71,38,8,123,13,34,23,126,81,0,78,33,41" hai2="98,80,45,127,83,102,84,128,29,96,104,114,68" hai3="77,70,79,90,69,66,9,61,118,100,119,5,4"/><W42/><G100/><T86/><D67/><U125/><E71/><V65/><F114/><W101/><G101/><T2/><D28/><U27/><E123/><V111/><F111/><W6/><G9/><T110/><D110/><U3/><E41/><V59/><F127/><N who="1" m="48649" /><E38/><V85/><F68/><W122/><G122/><T73/><D131/><U48/><E48/><V116/><F116/><W74/><G70/><T92/><D39/><U50/><E50/><V52/><F29/><W105/><G105/><T103/><D44/><U40/><E40/><V55/><F128/><W21/><G42/><T108/><D2/><N who="1" m="555" /><E81/><V26/><F45/><W95/><G21/><T19/><D11/><U56/><E56/><V89/><F59/><W17/><G17/><T47/><D18/><N who="1" m="8487" /><E78/><V51/><F51/><W62/><G62/><T75/><D47/><U31/><AGARI ba="0,0" hai="23,27,31,33,34" m="8487,555,48649" machi="31" ten="30,4000,0" yaku="18,1,34,2" doraHai="130" who="1" fromWho="1" sc="205,-10,386,40,233,-10,176,-20" /><INIT seed="4,0,0,4,2,110" ten="195,426,223,156" oya="0" hai0="122,26,1,0,14,134,99,39,101,90,13,24,29" hai1="135,85,114,117,113,106,47,60,91,42,128,112,36" hai2="38,46,51,80,77,116,104,100,56,7,126,121,102" hai3="66,108,30,25,68,94,132,63,28,130,44,55,35"/><T32/><D39/><U16/><E117/><V118/><F121/><W84/><G108/><T2/><D90/><U5/><E106/><V19/><F126/><W89/><G132/><T98/><D122/><U83/><E135/><V115/><F56/><W73/><G73/><T64/><D64/><U40/><E40/><V52/><F7/><W3/><G30/><N who="0" m="19527" /><D99/><U23/><E5/><V127/><F127/><W43/><G130/><T41/><D41/><U92/><E128/><V72/><F38/><W125/><G125/><T71/><D71/><U79/><E60/><V20/><F115/><W109/><G109/><T74/><D74/><U53/><E53/><V124/><F124/><W59/><G3/><T57/><D57/><U21/><E16/><V107/><F107/><W33/><G33/><N who="0" m="20663" /><D98/><AGARI ba="0,0" hai="21,23,36,42,47,79,83,85,91,92,98,112,113,114" machi="98" ten="40,8000,1" yaku="15,1,11,1,52,3" doraHai="110" who="1" fromWho="0" sc="195,-80,426,80,223,0,156,0" /><INIT seed="5,0,0,0,4,57" ten="115,506,223,156" oya="1" hai0="11,43,24,14,122,129,6,114,109,97,44,98,15" hai1="130,52,133,121,100,81,48,112,67,30,28,84,69" hai2="94,20,61,66,111,95,85,82,89,119,9,7,35" hai3="45,19,36,73,25,105,71,47,33,102,65,29,21"/><U39/><E39/><V18/><F35/><W116/><G116/><T50/><D109/><U70/><E121/><V8/><F119/><W38/><G73/><T31/><D129/><U83/><E83/><V2/><F9/><W23/><G23/><T51/><D122/><U131/><E100/><V103/><F103/><W55/><G45/><T17/><D114/><U134/><E112/><V37/><F37/><W56/><G47/><T92/><D51/><U46/><E28/><V34/><F34/><W53/><G53/><T123/><D123/><U107/><E107/><V13/><REACH who="2" step="1"/><F111/><REACH who="2" ten="115,506,213,156" step="2"/><W115/><G115/><T124/><D124/><U77/><E130/><V0/><F0/><W120/><G120/><T132/><D132/><U42/><E131/><V101/><F101/><W125/><G125/><T86/><D92/><U74/><E134/><V118/><F118/><W60/><G102/><T126/><D126/><U27/><E133/><V64/><F64/><W72/><G105/><T4/><D4/><U135/><E135/><V93/><F93/><W41/><G72/><T3/><D3/><U63/><E74/><V49/><F49/><W16/><G33/><T22/><REACH who="0" step="1"/><D86/><REACH who="0" ten="105,506,213,156" step="2"/><U88/><E84/><V127/><F127/><W87/><G87/><T104/><D104/><U10/><E81/><V108/><F108/><W117/><G117/><T40/><D40/><U80/><E42/><V79/><F79/><W5/><G38/><T58/><D58/><AGARI ba="0,2" hai="2,7,8,13,18,20,58,61,66,82,85,89,94,95" machi="58" ten="30,7700,0" yaku="1,1,7,1,52,1,53,1" doraHai="57" doraHaiUra="59" who="2" fromWho="0" sc="105,-77,506,0,213,97,156,0" /><INIT seed="6,0,0,2,5,27" ten="28,506,310,156" oya="2" hai0="121,16,45,1,99,92,71,33,21,111,61,17,44" hai1="53,57,46,56,67,128,69,115,30,64,10,28,103" hai2="93,39,134,96,80,7,55,14,23,101,3,135,132" hai3="102,60,104,58,25,12,77,131,40,130,78,38,95"/><V91/><F39/><W75/><G12/><T54/><D1/><U126/><E103/><V79/><F3/><W89/><G25/><T113/><D33/><U74/><E74/><V73/><F55/><W11/><G11/><T125/><D121/><U117/><E117/><V68/><F68/><W9/><G9/><T110/><D125/><U72/><E72/><V0/><F0/><W119/><G119/><T120/><D120/><U22/><E10/><V50/><F50/><W66/><G75/><T65/><D17/><U36/><E22/><V18/><F7/><W82/><G82/><T5/><D5/><U85/><E126/><V34/><F34/><W6/><G6/><T122/><D122/><U15/><E15/><V26/><F14/><W124/><G124/><T98/><D98/><U116/><E116/><V59/><F59/><W8/><G8/><T52/><D113/><U118/><E118/><V41/><F41/><W129/><G102/><AGARI ba="0,0" hai="18,23,26,73,79,80,91,93,96,101,102,132,134,135" machi="102" ten="40,2000,0" yaku="20,1" doraHai="27" who="2" fromWho="3" sc="28,0,506,0,310,20,156,-20" /><INIT seed="6,1,0,0,1,101" ten="28,506,330,136" oya="2" hai0="77,59,2,66,27,57,65,98,10,110,105,9,25" hai1="13,34,21,74,31,127,39,90,124,16,80,89,44" hai2="118,12,5,119,11,15,7,84,47,130,135,70,123" hai3="78,85,20,67,106,19,116,22,46,95,6,132,125"/><V23/><F70/><W128/><G116/><T100/><D77/><N who="1" m="44087" /><E31/><V3/><F84/><W54/><G125/><N who="1" m="48202" /><E34/><V131/><F47/><W0/><G132/><T107/><D110/><U103/><E103/><V83/><F83/><W94/><G67/><T93/><D100/><U68/><E68/><V111/><F111/><W52/><G128/><N who="2" m="49193" /><F123/><W92/><G0/><T113/><D2/><U120/><E120/><V41/><F41/><AGARI ba="1,0" hai="13,16,21,39,41,44,89,90" m="48202,44087" machi="41" ten="30,2000,0" yaku="18,1,54,1" doraHai="101" who="1" fromWho="2" sc="28,0,506,23,330,-23,136,0" /><INIT seed="7,0,0,0,1,45" ten="28,529,307,136" oya="3" hai0="55,77,2,90,48,41,127,14,83,81,96,86,67" hai1="71,52,118,11,32,37,76,39,131,74,102,98,95" hai2="133,109,18,104,4,73,91,47,46,111,30,122,99" hai3="25,1,126,0,40,17,34,93,63,26,88,28,112"/><W115/><G40/><T108/><D2/><N who="3" m="1129" /><G63/><T15/><D108/><U105/><E32/><V16/><F122/><W31/><G93/><T121/><D121/><U132/><E71/><V6/><F104/><W10/><G88/><T59/><D127/><U72/><E11/><V42/><F99/><W44/><G44/><T125/><D125/><U69/><E69/><V80/><F91/><W20/><G126/><T22/><D96/><U123/><E123/><V68/><F68/><W36/><G36/><T8/><D22/><U23/><E131/><V50/><F80/><W3/><N who="3" m="1137" /><W101/><DORA hai="82" /><G101/><T24/><D24/><U85/><E132/><V75/><F42/><W128/><G128/><T84/><D67/><U78/><E23/><V94/><F94/><W116/><G116/><T79/><D90/><U21/><E21/><V57/><F57/><W113/><G10/><T51/><D8/><U65/><E65/><V5/><F5/><W35/><G35/><T19/><D19/><AGARI ba="0,0" hai="17,19,20,25,26,28,31,34,112,113,115" m="1137" machi="19" ten="50,9600,0" yaku="15,1,34,2" doraHai="45,82" who="3" fromWho="0" sc="28,-96,529,0,307,0,136,96" owari="-68,-57.0,529,63.0,307,11.0,232,-17.0" /></mjloggm>