<mjloggm ver="2.3"><GO type="41" lobby="0"/><UN n0="%E3%83%A8%E3%82%B3%E3%83%86%E3%82%A3%E3%83%B3%40" n1="%74%6F%63%68%69%6D" n2="%E2%93%9D%53%75%70%68%78" n3="%E3%81%8A%E3%81%BF%E3%81%AB%E3%82%83%E3%82%93" dan="14,13,17,13" rate="1911.27,1905.76,2041.69,1882.80" sx="M,M,M,F"/><TAIKYOKU oya="0"/><INIT seed="0,0,0,3,3,101" ten="250,250,250,250" oya="0" hai0="58,67,30,68,82,47,46,111,10,44,6,87,119" hai1="69,72,53,130,50,14,100,76,45,107,84,0,62" hai2="97,75,36,33,61,94,35,132,37,134,123,90,108" hai3="29,80,128,48,16,11,41,71,124,103,112,89,2"/><T21/><D119/><U32/><E0/><V118/><F123/><W38/><G112/><T57/><D68/><U40/><E130/><V106/><F108/><W55/><G124/><T39/><D39/><N who="2" m="14922" /><F75/><W23/><G128/><T79/><D111/><U18/><E72/><V85/><F61/><W135/><G103/><T65/><D30/><U4/><E4/><V109/><F109/><W25/><G2/><T12/><REACH who="0" step="1"/><D21/><REACH who="0" ten="240,250,250,250" step="2"/><U95/><E32/><V122/><F118/><W98/><G71/><T105/><D105/><U129/><E129/><V92/><F106/><W102/><G38/><T7/><D7/><U52/><E107/><V70/><F70/><W66/><G11/><T83/><D83/><N who="1" m="47207" /><E69/><V43/><F35/><W88/><G29/><T20/><D20/><N who="1" m="11351" /><E62/><V133/><F33/><W54/><G80/><T77/><D77/><U59/><E59/><AGARI ba="0,1" hai="6,10,12,44,46,47,57,58,59,65,67,79,82,87" machi="59" ten="40,3900,0" yaku="1,1,8,1,53,0" doraHai="101" doraHaiUra="22" who="0" fromWho="1" sc="240,49,250,-39,250,0,250,0" /><INIT seed="0,1,0,4,1,135" ten="289,211,250,250" oya="0" hai0="129,97,26,37,41,90,54,15,119,91,40,114,58" hai1="75,21,39,111,104,43,76,122,0,85,84,62,81" hai2="18,73,4,7,79,11,107,88,1,115,70,133,28" hai3="134,109,31,25,24,17,47,95,27,101,96,59,89"/><T5/><D119/><U103/><E122/><V42/><F115/><W69/><G109/><T118/><D118/><U100/><E0/><V12/><F70/><W2/><G2/><T108/><D114/><U126/><E62/><V66/><F107/><W8/><G134/><T61/><D129/><U92/><E21/><V116/><F66/><W29/><G69/><T3/><D3/><U55/><E55/><V6/><F133/><W102/><G47/><T82/><D37/><U112/><E43/><V32/><F79/><W22/><G8/><N who="0" m="4495" /><D108/><U23/><E23/><V63/><F73/><W50/><G50/><T67/><D67/><U10/><E10/><V51/><F63/><W99/><G59/><T48/><D48/><U9/><E9/><V93/><F116/><W74/><G74/><T35/><D35/><U45/><E45/><V110/><F110/><W87/><G17/><T120/><D120/><U36/><E36/><V127/><F1/><W105/><REACH who="3" step="1"/><G29/><REACH who="3" ten="289,211,250,240" step="2"/><T14/><D41/><U46/><E111/><V60/><F51/><W64/><G64/><T65/><D40/><U83/><E39/><V131/><F42/><W86/><G86/><T117/><D65/><U16/><E112/><V49/><F49/><W34/><G34/><T44/><D44/><U68/><E46/><V19/><F32/><W80/><AGARI ba="1,1" hai="22,24,25,27,31,80,87,89,95,96,99,101,102,105" machi="80" ten="20,2700,0" yaku="1,1,0,1,7,1,53,0" doraHai="135" doraHaiUra="128" who="3" fromWho="3" sc="289,-14,211,-8,250,-8,240,40" /><INIT seed="1,0,0,5,3,69" ten="275,203,242,280" oya="1" hai0="135,115,20,79,10,87,83,16,88,59,64,122,75" hai1="114,27,120,9,103,66,48,60,81,38,22,101,46" hai2="61,74,50,119,34,31,109,19,54,63,3,106,131" hai3="82,112,12,39,130,47,33,57,71,53,134,105,116"/><U124/><E120/><V6/><F106/><W62/><G112/><T76/><D115/><U99/><E114/><V43/><F74/><W4/><G130/><T107/><D107/><U133/><E124/><V108/><F19/><W93/><G134/><T78/><D135/><U52/><E133/><V125/><F6/><W84/><G33/><T36/><D36/><U18/><E38/><V42/><F31/><W65/><G116/><T32/><D32/><U128/><E128/><V8/><F8/><W129/><G129/><T30/><D122/><U56/><E9/><V26/><F26/><W126/><G126/><T37/><D37/><U110/><E110/><N who="2" m="42603" /><F3/><W100/><G12/><N who="0" m="7191" /><D75/><U55/><E99/><V13/><F13/><W21/><G21/><T77/><D64/><U68/><E81/><V11/><F11/><W102/><G4/><T35/><D35/><U85/><REACH who="1" step="1"/><E85/><REACH who="1" ten="275,193,242,280" step="2"/><V51/><F131/><W104/><G104/><T113/><D113/><U7/><E7/><V44/><F125/><W95/><G105/><T0/><D83/><U94/><E94/><V92/><F92/><W111/><G93/><T14/><D87/><U24/><E24/><V45/><F119/><W86/><G95/><T49/><D0/><U73/><E73/><V90/><F34/><W127/><G127/><T91/><D14/><U23/><E23/><V15/><F15/><W41/><G84/><T5/><D5/><U2/><E2/><V25/><F25/><W67/><G111/><T80/><D80/><U97/><E97/><V96/><F96/><W70/><G82/><T28/><D20/><RYUUKYOKU ba="0,1" sc="275,-10,193,30,242,-10,280,-10" hai1="18,22,27,46,48,52,55,56,60,66,68,101,103" /><INIT seed="1,1,1,4,5,17" ten="265,223,232,270" oya="1" hai0="3,37,132,103,122,116,29,88,91,117,105,95,35" hai1="15,86,99,61,2,130,10,70,111,129,58,34,44" hai2="19,123,62,100,72,1,66,23,11,14,90,85,71" hai3="52,24,32,7,63,134,59,107,79,8,21,28,69"/><U31/><E2/><V77/><F123/><W13/><G134/><T45/><D132/><U110/><E70/><V4/><F100/><W30/><G107/><T38/><D3/><U57/><E86/><V115/><F115/><W119/><G79/><T67/><D105/><U106/><E44/><V12/><F77/><W5/><G69/><T83/><D122/><U49/><E31/><V124/><F124/><W118/><G5/><T46/><D29/><U39/><E39/><V135/><F135/><W126/><G126/><T113/><D83/><U82/><E34/><V26/><REACH who="2" step="1"/><F72/><REACH who="2" ten="265,223,222,270" step="2"/><W75/><G75/><T114/><D103/><N who="1" m="62847" /><E82/><AGARI ba="1,2" hai="1,4,11,12,14,19,23,26,62,66,71,82,85,90" machi="82" ten="30,3900,0" yaku="1,1,7,1,52,1,53,0" doraHai="17" doraHaiUra="47" who="2" fromWho="1" sc="265,0,223,-42,222,62,270,0" /><INIT seed="2,0,0,5,4,64" ten="265,181,284,270" oya="2" hai0="44,94,106,82,14,79,96,49,86,72,116,102,85" hai1="130,75,73,80,115,125,108,111,31,131,118,55,120" hai2="54,76,114,74,124,134,61,2,48,63,46,113,45" hai3="4,68,65,43,83,88,69,34,7,121,117,39,8"/><V101/><F2/><W11/><G117/><T58/><D116/><U104/><E118/><V42/><F101/><W18/><G34/><T50/><D58/><U128/><E31/><V93/><F93/><W53/><G121/><T33/><D33/><U71/><E71/><V107/><F76/><W67/><G18/><T57/><D57/><U99/><E55/><V40/><F107/><W123/><G123/><T98/><D14/><U70/><E70/><V0/><F74/><N who="1" m="28169" /><E120/><V91/><F91/><W81/><G88/><N who="0" m="53519" /><D96/><U30/><E30/><V132/><F0/><W21/><G53/><T89/><D44/><U1/><E1/><V19/><F19/><W59/><G59/><T22/><D22/><U12/><E12/><V52/><REACH who="2" step="1"/><F48/><REACH who="2" ten="265,181,274,270" step="2"/><W47/><G39/><T127/><D50/><U20/><E115/><V29/><F29/><W16/><G16/><T60/><D49/><U84/><E125/><AGARI ba="0,1" hai="40,42,45,46,52,54,61,63,113,114,124,125,132,134" machi="125" ten="25,18000,2" yaku="1,1,22,2,34,3,54,1,53,0" doraHai="64" doraHaiUra="15" who="2" fromWho="1" sc="265,0,181,-180,274,190,270,0" /><INIT seed="2,1,0,3,1,24" ten="265,1,464,270" oya="2" hai0="35,70,68,27,40,72,63,99,110,2,25,117,28" hai1="84,78,93,54,18,133,69,31,8,104,67,113,46" hai2="32,11,82,37,79,71,33,4,3,39,112,7,91" hai3="134,55,88,77,58,0,13,23,85,61,74,47,109"/><V124/><F91/><W6/><G109/><T21/><D2/><U17/><E104/><V52/><F52/><W120/><G134/><T103/><D72/><U59/><E113/><V108/><F7/><W76/><G120/><T119/><D110/><U92/><E133/><V118/><F124/><W121/><G121/><T56/><D40/><U36/><E36/><V89/><F89/><W45/><G0/><T129/><D129/><U29/><E69/><V96/><F96/><W51/><G74/><T122/><D122/><U128/><E128/><V43/><F118/><N who="0" m="45066" /><D27/><U130/><E130/><V5/><F5/><W80/><G45/><T30/><D35/><U102/><E67/><V94/><F94/><N who="1" m="36457" /><E102/><V116/><F112/><W34/><G34/><T75/><D75/><U86/><E46/><V106/><F116/><W1/><G1/><T15/><D15/><N who="1" m="7399" /><E18/><V87/><F108/><W125/><G125/><T131/><D131/><U19/><E19/><V101/><F39/><W90/><G76/><T83/><D83/><N who="1" m="47223" /><E86/><V12/><F3/><W16/><G6/><T95/><D70/><U100/><E100/><V50/><F71/><W14/><G13/><T44/><D44/><U22/><E22/><V135/><F135/><W127/><G127/><T107/><D68/><U64/><E64/><AGARI ba="1,0" hai="14,16,23,47,51,55,58,61,64,77,80,85,88,90" machi="64" ten="30,7700,0" yaku="7,1,8,1,54,2" doraHai="24" who="3" fromWho="1" sc="265,0,1,-80,464,0,270,80" owari="265,-13.0,-79,-58.0,464,56.0,350,15.0" /></mjloggm>