<mjloggm ver="2.3"><GO type="41" lobby="0"/><UN n0="%E3%83%8A%E3%82%AB%E3%83%A4%E3%83%9E%E3%82%BB%E3%83%B3%E3%82%BB%E3%82%A4" n1="%E2%93%9D%53%75%70%68%78" n2="%E3%82%B1%E3%83%B3%E3%82%B7%E3%83%AD%E3%83%BC" n3="%68%7A%63" dan="14,18,15,15" rate="1933.85,2080.56,2025.36,2040.38" sx="M,M,M,M"/><TAIKYOKU oya="0"/><INIT seed="0,0,0,3,0,50" ten="250,250,250,250" oya="0" hai0="55,79,97,15,52,104,108,25,101,75,100,66,134" hai1="0,8,112,84,82,127,17,18,77,92,128,7,85" hai2="90,35,48,33,73,10,6,38,21,16,119,129,110" hai3="24,102,1,78,126,98,49,58,71,96,80,117,114"/><T65/><D134/><U118/><E118/><V124/><F73/><W53/><G71/><T51/><D101/><U64/><E127/><V121/><F38/><W113/><G1/><T105/><D104/><U123/><E128/><V81/><F110/><W39/><G39/><T69/><D75/><U99/><E123/><V41/><F121/><W42/><G126/><T132/><D79/><U91/><E112/><V94/><F129/><W120/><G120/><T93/><D132/><U34/><E34/><V23/><F81/><W19/><G42/><T76/><D76/><U60/><REACH who="1" step="1"/><E99/><REACH who="1" ten="250,240,250,250" step="2"/><V36/><F124/><W40/><G98/><T88/><D108/><U20/><E20/><V5/><F119/><W29/><G117/><T26/><D69/><AGARI ba="0,1" hai="0,7,8,17,18,60,64,69,77,82,84,85,91,92" machi="69" ten="30,7700,0" yaku="1,1,7,1,53,2" doraHai="50" doraHaiUra="14" who="1" fromWho="0" sc="250,-77,240,87,250,0,250,0" /><INIT seed="1,0,0,0,2,52" ten="173,327,250,250" oya="1" hai0="117,9,113,80,55,12,56,15,97,86,28,114,51" hai1="71,85,126,91,83,107,95,38,8,108,53,120,20" hai2="84,10,13,64,67,50,122,26,82,54,81,112,29" hai3="62,90,30,134,16,41,34,24,106,4,61,33,42"/><U77/><E120/><V131/><F122/><W74/><G74/><T1/><D117/><U14/><E126/><V60/><F131/><W110/><G110/><T21/><D1/><U43/><E71/><V79/><F112/><W3/><G134/><T58/><D114/><U116/><E107/><V27/><F82/><W100/><G34/><T57/><D113/><U96/><E116/><V129/><F129/><W25/><G4/><N who="0" m="3111" /><D97/><U32/><E32/><V6/><F60/><W0/><G100/><T123/><D123/><U18/><E38/><V92/><F92/><W124/><G106/><T102/><D102/><U23/><E43/><V47/><REACH who="2" step="1"/><F26/><REACH who="2" ten="173,327,240,250" step="2"/><W66/><G62/><T75/><D75/><U133/><E133/><V130/><F130/><W93/><G25/><N who="0" m="16431" /><D15/><U73/><E108/><V11/><F11/><W105/><G105/><T36/><D36/><U37/><E37/><V5/><F5/><W101/><G3/><T125/><D125/><U69/><E73/><V49/><F49/><W45/><G0/><T94/><D94/><U72/><E72/><V127/><F127/><W59/><G124/><T35/><D35/><AGARI ba="0,1" hai="6,10,13,27,29,35,47,50,54,64,67,79,81,84" machi="35" ten="30,2000,0" yaku="1,1,7,1,53,0" doraHai="52" doraHaiUra="132" who="2" fromWho="0" sc="173,-20,327,0,240,30,250,0" /><INIT seed="2,0,0,2,3,107" ten="153,327,270,250" oya="2" hai0="58,59,101,124,0,130,51,94,64,34,36,135,29" hai1="15,122,103,109,68,118,111,132,102,41,38,72,77" hai2="66,87,88,65,84,39,21,89,32,11,100,98,55" hai3="19,70,131,27,50,54,13,92,74,53,3,85,47"/><V123/><F39/><W6/><G131/><T95/><D0/><U10/><E68/><V57/><F32/><W14/><G70/><T40/><D36/><U56/><E118/><V35/><F35/><W119/><G119/><T79/><D124/><U129/><E132/><V76/><F76/><W97/><G74/><T43/><D79/><U126/><E56/><V12/><F123/><W108/><G108/><N who="1" m="41546" /><E126/><V133/><F133/><W82/><G3/><T106/><D34/><U71/><E71/><V125/><F125/><W86/><G6/><T81/><D81/><N who="1" m="45223" /><E129/><V46/><F46/><W22/><G86/><N who="2" m="32809" /><F100/><W78/><REACH who="3" step="1"/><G54/><REACH who="3" ten="153,327,270,240" step="2"/><T73/><D130/><U9/><E122/><V115/><F115/><W7/><G7/><T62/><D135/><U93/><E41/><V1/><F1/><W8/><G8/><T28/><D64/><U23/><E10/><V44/><F66/><W83/><G83/><T42/><D42/><U128/><E9/><V49/><F65/><W30/><G30/><T80/><D80/><U5/><E5/><V134/><F134/><W114/><G114/><T67/><D67/><U116/><E116/><V120/><F11/><W127/><G127/><T96/><D43/><U2/><E2/><V117/><F117/><W4/><G4/><T104/><D29/><U48/><E128/><V20/><F120/><W26/><G26/><T110/><D28/><U61/><E15/><V45/><F12/><W113/><G113/><T99/><D110/><U37/><E37/><V33/><F33/><W17/><G17/><T112/><D112/><U63/><E38/><RYUUKYOKU ba="0,1" sc="153,-10,327,-10,270,-10,240,30" hai3="13,14,19,22,27,47,50,53,78,82,85,92,97" /><INIT seed="3,1,1,2,3,102" ten="143,317,260,270" oya="3" hai0="70,96,18,128,73,51,49,122,74,108,10,105,50" hai1="14,111,12,66,110,61,39,67,17,78,72,106,20" hai2="116,31,90,130,35,134,22,113,104,56,94,40,95" hai3="103,13,44,62,107,25,46,97,2,88,64,32,83"/><W38/><G2/><T100/><D108/><N who="1" m="41515" /><E39/><V9/><F116/><W30/><G38/><T63/><D122/><U120/><E120/><V19/><F113/><W132/><G132/><T59/><D70/><N who="1" m="42319" /><E67/><V117/><F117/><W115/><G115/><T118/><D128/><U33/><E33/><V85/><F40/><W114/><G114/><T112/><D112/><U125/><E125/><V3/><F130/><W93/><G13/><T81/><D81/><N who="1" m="45255" /><E14/><V98/><F134/><W75/><G83/><T54/><D118/><U55/><E55/><V53/><F35/><W68/><G75/><T0/><REACH who="0" step="1"/><D18/><REACH who="0" ten="133,317,260,270" step="2"/><U41/><E41/><V45/><F19/><W42/><G42/><T87/><D87/><AGARI ba="1,2" hai="25,30,32,44,46,62,64,68,87,88,93,97,103,107" machi="87" ten="30,12000,1" yaku="7,1,25,2,52,1,54,1" doraHai="102" who="3" fromWho="0" sc="133,-123,317,0,260,0,270,143" /><INIT seed="3,2,0,3,0,49" ten="10,317,260,413" oya="3" hai0="103,0,106,117,107,19,24,48,67,118,26,18,8" hai1="109,60,119,59,124,79,73,116,40,37,27,36,94" hai2="92,135,127,70,52,56,2,1,6,16,61,71,105" hai3="10,38,57,5,86,53,46,97,112,110,98,43,17"/><W4/><G112/><T55/><D67/><U101/><E79/><V51/><F105/><W11/><G110/><T100/><D0/><U126/><E27/><N who="0" m="10281" /><D107/><U89/><E101/><N who="0" m="38985" /><D106/><U64/><E73/><V134/><F127/><N who="1" m="48681" /><E109/><V23/><F92/><W42/><G17/><N who="0" m="6155" /><D118/><N who="1" m="45099" /><E40/><V78/><F78/><W77/><G43/><T121/><D121/><U45/><E45/><V22/><F6/><W132/><G77/><T125/><D125/><U81/><E81/><V82/><F82/><W31/><G4/><T133/><D133/><N who="2" m="50698" /><F1/><W131/><G5/><T84/><D117/><U120/><E120/><V35/><F2/><W68/><G42/><T111/><D111/><U123/><E123/><V96/><F35/><W69/><G46/><N who="0" m="28055" /><D8/><U39/><E39/><V58/><F96/><AGARI ba="2,0" hai="36,37,59,60,64,89,94,96" m="45099,48681" machi="96" ten="30,2000,0" yaku="18,1,12,1" doraHai="49" who="1" fromWho="2" sc="10,0,317,26,260,-26,413,0" /><INIT seed="4,0,0,1,4,78" ten="10,343,234,413" oya="0" hai0="120,24,38,8,1,43,98,113,45,110,91,109,29" hai1="18,81,40,44,51,82,33,128,47,63,83,131,27" hai2="85,22,17,115,68,3,13,127,59,135,60,61,95" hai3="104,16,125,52,111,102,37,97,123,72,6,70,2"/><T7/><D113/><U93/><E63/><V42/><F115/><W15/><G111/><N who="0" m="42507" /><D120/><U36/><E93/><V73/><F73/><W9/><G125/><T124/><D124/><U32/><E18/><V25/><F3/><W53/><G123/><T133/><D133/><U46/><E27/><V96/><F42/><W48/><G37/><T132/><D132/><U55/><REACH who="1" step="1"/><E47/><REACH who="1" ten="10,333,234,413" step="2"/><V112/><F135/><W28/><G28/><T92/><D24/><U50/><E50/><V80/><F127/><W23/><G70/><T57/><D57/><U116/><E116/><V118/><F68/><W76/><REACH who="3" step="1"/><G48/><REACH who="3" ten="10,333,234,403" step="2"/><T30/><AGARI ba="0,2" hai="1,7,8,29,30,38,43,45,91,92,98" m="42507" machi="30" ten="30,1500,0" yaku="10,1" doraHai="78" who="0" fromWho="0" sc="10,35,333,-5,234,-5,403,-5" /><INIT seed="4,1,0,1,0,31" ten="45,328,229,398" oya="0" hai0="78,74,36,128,105,118,121,84,29,133,44,125,58" hai1="10,130,110,85,134,94,1,124,79,82,101,114,95" hai2="60,73,97,65,115,20,103,126,106,120,99,109,16" hai3="70,32,104,45,117,123,63,80,131,22,37,59,92"/><T107/><D118/><U17/><E1/><V54/><F109/><W51/><G104/><T49/><D121/><U6/><E6/><V67/><F120/><W52/><G131/><T81/><D125/><U93/><E10/><V18/><F73/><W47/><G117/><T57/><D133/><U2/><E17/><V86/><F115/><W38/><G32/><T68/><D68/><U100/><E2/><V43/><F43/><N who="3" m="22767" /><G22/><T89/><D128/><U35/><E35/><V46/><F126/><W111/><G80/><T24/><D36/><U27/><E27/><V33/><F33/><W11/><G92/><N who="1" m="35370" /><E110/><V56/><F97/><W116/><G11/><T127/><D127/><U4/><E4/><V88/><F46/><N who="3" m="27767" /><G111/><T119/><D119/><U25/><E25/><V132/><F132/><W30/><G30/><T48/><D48/><U112/><E124/><V69/><F20/><W13/><G13/><T40/><D107/><U98/><E130/><V71/><F71/><W28/><G28/><T21/><REACH who="0" step="1"/><D105/><REACH who="0" ten="35,328,229,398" step="2"/><U41/><E134/><V96/><F106/><W39/><G116/><T75/><D75/><U90/><E41/><V12/><F69/><W135/><G135/><T77/><D77/><U87/><E98/><V34/><F99/><W83/><G123/><T113/><D113/><AGARI ba="1,1" hai="79,82,85,87,90,93,100,101,112,113,114" m="35370" machi="113" ten="30,7700,0" yaku="15,1,11,1,34,2" doraHai="31" who="1" fromWho="0" sc="35,-80,328,90,229,0,398,0" owari="-45,-55.0,418,52.0,229,-17.0,398,20.0" /></mjloggm>