<mjloggm ver="2.3"><GO type="41" lobby="0"/><UN n0="%53%74%6F%63%6B%E3%8C%A7" n1="%73%61%6B%61%6D%61" n2="%E3%83%9F%E3%83%9F%E3%83%AD%E3%83%AB" n3="%E2%93%9D%53%75%70%68%78" dan="13,15,14,18" rate="1895.35,1984.29,1982.56,2112.12" sx="M,M,F,M"/><TAIKYOKU oya="0"/><INIT seed="0,0,0,5,2,13" ten="250,250,250,250" oya="0" hai0="101,40,23,80,27,5,33,86,4,77,132,135,44" hai1="120,46,47,59,72,81,102,64,68,128,61,119,63" hai2="99,54,123,43,76,39,18,24,91,98,74,26,55" hai3="19,60,73,114,41,112,15,70,129,31,93,56,10"/><T124/><D33/><U130/><E102/><V48/><F39/><W75/><G70/><T34/><D34/><U97/><E97/><V53/><F74/><W14/><G129/><N who="1" m="49770" /><E81/><V92/><F76/><W66/><G31/><T125/><D101/><U110/><E72/><V1/><F1/><W85/><G41/><T38/><D4/><U111/><E119/><V62/><F62/><W57/><G75/><T69/><D5/><U8/><E8/><V21/><F123/><W126/><G126/><N who="0" m="48747" /><D69/><U84/><E84/><V100/><F43/><W116/><G116/><T131/><D131/><U95/><E95/><N who="2" m="58463" /><F26/><W96/><G73/><T45/><D44/><AGARI ba="0,0" hai="18,21,24,44,48,53,54,55,91,92,99" m="58463" machi="44" ten="30,2000,0" yaku="8,1,52,1" doraHai="13" who="2" fromWho="0" sc="250,-20,250,0,250,20,250,0" /><INIT seed="1,0,0,5,2,8" ten="230,250,270,250" oya="1" hai0="107,70,102,12,14,94,87,21,71,51,49,35,41" hai1="62,31,29,61,43,113,132,126,119,72,69,121,22" hai2="39,120,90,67,40,122,58,86,34,56,106,110,37" hai3="4,96,50,104,33,108,103,38,79,59,135,127,116"/><U117/><E72/><V47/><F34/><W27/><G38/><T0/><D0/><U73/><E73/><V112/><F106/><W89/><G108/><T118/><D35/><U13/><E43/><V123/><F110/><W130/><G130/><T66/><D107/><U105/><E105/><V16/><F39/><W133/><G127/><T7/><D118/><N who="1" m="45067" /><E61/><V3/><F3/><W36/><G79/><T111/><D111/><U93/><E93/><V53/><F67/><W91/><G36/><T81/><D66/><U23/><E62/><V129/><F129/><W15/><G116/><T63/><D63/><U30/><E69/><V98/><F98/><W97/><G97/><N who="0" m="59703" /><D71/><U57/><E57/><V20/><F53/><W84/><G59/><T109/><D109/><U85/><E85/><V25/><F112/><W82/><G50/><N who="0" m="18955" /><D70/><U17/><E113/><V77/><F77/><W2/><G2/><T48/><D7/><U74/><E74/><V19/><F19/><W9/><REACH who="3" step="1"/><G91/><REACH who="3" ten="230,250,270,240" step="2"/><N who="0" m="51695" /><D21/><N who="1" m="11439" /><E126/><V65/><F65/><W10/><G10/><T52/><D41/><U60/><E121/><V18/><F58/><AGARI ba="0,1" hai="12,14,48,52,58" m="51695,18955,59703" machi="58" ten="30,7700,0" yaku="8,1,52,2,54,1" doraHai="8" who="0" fromWho="2" sc="230,87,250,0,270,-77,240,0" /><INIT seed="2,0,0,3,0,32" ten="317,250,193,240" oya="2" hai0="106,3,79,11,17,83,48,31,87,129,100,81,104" hai1="96,95,50,98,86,90,53,18,128,80,93,43,62" hai2="45,51,134,46,113,6,69,72,126,108,70,14,2" hai3="0,76,23,52,99,41,127,105,38,74,82,58,135"/><V16/><F72/><W42/><G135/><T68/><D68/><U44/><E128/><V15/><F113/><W112/><G112/><T107/><D129/><U1/><E1/><V85/><F134/><W78/><G127/><T119/><D119/><U47/><E62/><V35/><F35/><W92/><G105/><T116/><D116/><U97/><REACH who="1" step="1"/><E18/><REACH who="1" ten="317,240,193,240" step="2"/><V36/><F2/><W71/><G0/><T121/><D17/><U73/><E73/><V120/><F126/><W22/><G71/><T123/><D31/><U130/><E130/><V10/><F70/><W103/><G78/><T39/><D121/><U21/><E21/><V12/><F69/><W111/><G23/><T84/><D123/><U5/><E5/><V132/><F120/><W24/><G111/><T33/><D33/><U8/><E8/><V66/><F108/><W122/><G122/><T13/><D3/><U40/><E40/><V57/><F6/><W88/><G38/><AGARI ba="0,1" hai="38,43,44,47,50,53,80,86,90,93,95,96,97,98" machi="38" ten="40,2600,0" yaku="1,1,53,1" doraHai="32" doraHaiUra="49" who="1" fromWho="3" sc="317,0,240,36,193,0,240,-26" /><INIT seed="3,0,0,1,3,13" ten="317,276,193,214" oya="3" hai0="6,26,23,42,11,41,49,19,38,7,55,129,113" hai1="2,66,70,54,61,59,107,44,45,24,82,92,64" hai2="122,68,86,108,96,40,1,47,58,101,30,123,103" hai3="104,80,34,14,94,72,75,81,126,27,105,22,128"/><W53/><G34/><T5/><D113/><U3/><E107/><V85/><F1/><W46/><G14/><N who="0" m="7647" /><D38/><U69/><E82/><V50/><F68/><W18/><G128/><T52/><D129/><U84/><E24/><V28/><F108/><W111/><G126/><T17/><D55/><U56/><E66/><V20/><F58/><AGARI ba="0,0" hai="5,6,7,17,23,26,41,42,49,52,58" m="7647" machi="58" ten="30,7700,0" yaku="8,1,52,2,54,1" doraHai="13" who="0" fromWho="2" sc="317,77,276,0,193,-77,214,0" /><INIT seed="4,0,0,1,0,128" ten="394,276,116,214" oya="0" hai0="46,38,81,133,114,11,39,7,44,12,63,116,60" hai1="59,123,66,124,99,83,37,34,85,126,111,22,106" hai2="2,15,79,31,17,16,54,132,24,30,89,105,110" hai3="76,26,92,62,108,98,107,53,47,88,28,64,13"/><T96/><D116/><U103/><E123/><V4/><F105/><W55/><G108/><T87/><D114/><U131/><E131/><V32/><F79/><W93/><G107/><T77/><D133/><U19/><E34/><V80/><F80/><W104/><G104/><T117/><D117/><U27/><E37/><V25/><F54/><W58/><G76/><T75/><D75/><U21/><E111/><V74/><F74/><W112/><G112/><T8/><D38/><U125/><E22/><N who="2" m="15639" /><F89/><W73/><G73/><T42/><D44/><U61/><E85/><V49/><F49/><W3/><G3/><T56/><D56/><U69/><REACH who="1" step="1"/><E83/><REACH who="1" ten="394,266,116,214" step="2"/><V68/><F110/><W118/><G118/><T29/><D96/><U119/><E119/><V51/><F68/><AGARI ba="0,1" hai="19,21,27,59,61,66,68,69,99,103,106,124,125,126" machi="68" ten="40,5200,0" yaku="1,1,18,1,53,1" doraHai="128" doraHaiUra="97" who="1" fromWho="2" sc="394,0,266,62,116,-52,214,0" /><INIT seed="5,0,0,3,3,21" ten="394,328,64,214" oya="1" hai0="57,113,52,125,77,25,90,102,19,51,89,98,68" hai1="28,100,109,31,6,130,120,73,5,32,45,50,63" hai2="59,81,115,131,15,121,74,48,55,86,0,95,129" hai3="88,76,60,85,11,103,56,24,128,105,18,67,96"/><U70/><E120/><V123/><F0/><W66/><G128/><T14/><D68/><U13/><E73/><V87/><F74/><W99/><G76/><T119/><D119/><U26/><E31/><V30/><F30/><W16/><G67/><T93/><D125/><U78/><E78/><V62/><F115/><W135/><G135/><T35/><D113/><U29/><E29/><V71/><F95/><W118/><G118/><T112/><D112/><U34/><E34/><V9/><F87/><W44/><G99/><T36/><D36/><U41/><E100/><V17/><F129/><W134/><G134/><T117/><D117/><U82/><E82/><V4/><F131/><W27/><G44/><T43/><D77/><U91/><E91/><N who="0" m="34825" /><D35/><U106/><E106/><V46/><F71/><W37/><G37/><T107/><D107/><U79/><E79/><V58/><F58/><W80/><REACH who="3" step="1"/><G11/><REACH who="3" ten="394,328,64,204" step="2"/><N who="0" m="6623" /><D43/><U101/><E130/><V53/><F121/><W84/><G84/><T49/><D98/><U54/><E41/><V124/><F124/><W47/><G47/><T61/><D102/><U108/><E45/><V122/><F122/><W133/><G133/><T20/><D93/><U40/><E101/><V114/><F114/><W92/><G92/><T23/><D23/><U69/><E40/><V75/><F75/><W110/><G110/><T33/><D33/><U127/><E32/><V94/><F94/><W39/><G39/><T97/><D97/><U38/><E109/><V111/><F111/><W2/><G2/><T12/><D12/><U8/><E108/><V83/><F123/><RYUUKYOKU ba="0,1" sc="394,15,328,-15,64,-15,204,15" hai0="20,25,49,51,52,57,61" hai3="16,18,24,27,56,60,66,80,85,88,96,103,105" /><INIT seed="6,1,1,2,5,22" ten="409,313,49,219" oya="2" hai0="56,91,106,87,103,101,74,122,116,21,111,107,47" hai1="83,69,68,102,13,60,110,82,100,46,54,8,71" hai2="105,30,89,32,90,126,10,41,93,17,113,64,117" hai3="76,97,72,25,133,1,61,15,2,26,53,19,40"/><V48/><F117/><W35/><G40/><T66/><D116/><U6/><E110/><V52/><F126/><W37/><G37/><T109/><D47/><U44/><E60/><V125/><F105/><N who="0" m="39946" /><D21/><U23/><E23/><V45/><F125/><W86/><G72/><T79/><D56/><U88/><E54/><V27/><F113/><W130/><G130/><T5/><D5/><U104/><E104/><V119/><F119/><W78/><G133/><T112/><D66/><U81/><REACH who="1" step="1"/><E88/><REACH who="1" ten="409,303,49,219" step="2"/><V73/><F64/><W9/><G53/><T67/><D67/><U57/><E57/><V20/><F10/><W58/><G58/><T120/><D112/><U29/><E29/><V49/><F73/><W124/><G124/><T3/><D79/><U80/><N who="1" m="20480" /><DORA hai="33" /><U16/><E16/><V18/><F32/><W118/><G118/><T94/><D74/><U42/><E42/><V36/><F89/><W92/><G35/><T128/><D109/><U75/><E75/><V12/><F12/><W131/><G78/><T98/><D111/><U114/><E114/><V14/><F14/><W51/><G76/><T108/><D108/><U65/><E65/><V43/><F41/><W50/><G15/><T62/><D62/><U129/><E129/><V63/><F63/><W7/><G61/><T85/><D128/><U127/><E127/><V134/><F134/><W34/><G131/><T123/><D3/><U39/><E39/><V31/><F36/><W115/><G2/><T59/><D59/><U0/><E0/><V77/><F31/><W132/><G115/><T28/><D28/><RYUUKYOKU ba="1,2" sc="409,15,303,15,49,-15,219,-15" hai0="85,87,91,94,98,101,103,120,122,123" hai1="6,8,13,44,46,68,69,71,100,102" /><INIT seed="7,2,2,1,0,17" ten="424,318,34,204" oya="3" hai0="19,39,104,65,57,115,112,127,130,99,34,1,31" hai1="63,102,38,106,30,120,55,73,6,61,5,15,25" hai2="49,27,22,24,78,131,41,23,133,11,100,40,105" hai3="113,10,56,121,128,111,87,8,126,74,43,85,28"/><W26/><G121/><T62/><D39/><U86/><E73/><V80/><F131/><W89/><G74/><T118/><D118/><U58/><E38/><V117/><F133/><W53/><G128/><T88/><D127/><U72/><E72/><V129/><F129/><W125/><G43/><T50/><D1/><U114/><E114/><N who="0" m="43561" /><D19/><U13/><E106/><V95/><F105/><W69/><G69/><T71/><D130/><U60/><E102/><V14/><F117/><W110/><G113/><T119/><D119/><U2/><E2/><V82/><F95/><W52/><G56/><T51/><D57/><U36/><E36/><V67/><F67/><W33/><G89/><T46/><D46/><U107/><E107/><V44/><F100/><W134/><G134/><T97/><D99/><U12/><E86/><V91/><F91/><W81/><G81/><T77/><D77/><U32/><E120/><V109/><F109/><N who="3" m="41483" /><G87/><T66/><D66/><U48/><AGARI ba="2,2" hai="5,6,12,13,15,25,30,32,48,55,58,60,61,63" machi="48" ten="30,1100,0" yaku="0,1" doraHai="17" who="1" fromWho="1" sc="424,-5,318,37,34,-5,204,-7" owari="419,51.0,355,16.0,29,-47.0,197,-20.0" /></mjloggm>