<mjloggm ver="2.3"><GO type="41" lobby="0"/><UN n0="%E3%83%A2%E3%82%A4%E3%83%92%E3%83%A3%E3%83%B3" n1="%E2%93%9D%53%75%70%68%78" n2="%48%46" n3="%E6%98%9F%E6%A2%A6" dan="15,17,13,15" rate="2007.41,2060.20,1903.52,2012.66" sx="M,M,M,F"/><TAIKYOKU oya="0"/><INIT seed="0,0,0,3,4,127" ten="250,250,250,250" oya="0" hai0="16,116,126,101,15,103,99,133,22,105,121,115,69" hai1="80,100,70,23,50,90,123,77,26,62,24,135,86" hai2="52,110,30,68,0,40,7,44,38,74,106,43,114" hai3="56,119,41,97,131,36,104,93,128,112,67,53,4"/><T19/><D126/><U27/><E135/><V57/><F114/><W33/><G112/><T92/><D115/><U21/><E123/><V31/><F68/><W95/><G119/><T59/><D133/><U39/><E39/><V55/><F74/><W1/><G33/><T76/><D116/><U9/><E100/><V96/><F110/><W13/><G67/><T60/><D121/><U109/><E109/><V3/><F40/><W17/><G1/><T134/><D134/><U132/><E132/><V25/><F55/><W18/><G104/><T47/><D76/><U108/><E108/><V28/><F25/><W32/><G32/><T98/><D69/><U75/><E50/><V102/><REACH who="2" step="1"/><F7/><REACH who="2" ten="250,250,240,250" step="2"/><W66/><G4/><T125/><D125/><U49/><E27/><V72/><F72/><W122/><G41/><T5/><D5/><U78/><E26/><V8/><F8/><W48/><G122/><T94/><D47/><U20/><E9/><V35/><F35/><W88/><G66/><T11/><D105/><U2/><E75/><V71/><F71/><W117/><G117/><T65/><REACH who="0" step="1"/><D19/><REACH who="0" ten="240,250,240,250" step="2"/><U113/><E113/><V118/><F118/><W120/><G17/><T85/><D85/><U84/><E84/><V6/><F6/><W91/><G120/><T46/><D46/><U42/><E70/><V63/><AGARI ba="0,2" hai="0,3,28,30,31,38,43,44,52,57,63,96,102,106" machi="63" ten="30,4000,0" yaku="1,1,0,1,54,1,53,0" doraHai="127" doraHaiUra="130" who="2" fromWho="2" sc="240,-20,250,-10,240,60,250,-10" /><INIT seed="1,0,0,5,1,82" ten="220,240,300,240" oya="1" hai0="77,49,74,45,7,17,64,50,3,115,95,42,90" hai1="122,14,87,12,20,116,105,59,34,104,78,39,103" hai2="131,92,56,106,81,117,55,135,67,11,41,114,2" hai3="129,107,46,112,79,15,65,54,43,47,130,60,35"/><U32/><E39/><V118/><F106/><W33/><G107/><T97/><D115/><U124/><E122/><V91/><F114/><W72/><G112/><T37/><D17/><U6/><E124/><V75/><F131/><N who="3" m="50187" /><G15/><T23/><D23/><U86/><E78/><V18/><F135/><W61/><G79/><T26/><D26/><U53/><E59/><V63/><F41/><W128/><G72/><T84/><D64/><U13/><E20/><V21/><F75/><W62/><N who="3" m="50195" /><W57/><DORA hai="73" /><G33/><T89/><D74/><U83/><E83/><V51/><F81/><W10/><G10/><T120/><D120/><U29/><E6/><V111/><F111/><W30/><G30/><T25/><D25/><U96/><E116/><V102/><F102/><W133/><G35/><T48/><D77/><U127/><E127/><V110/><F110/><W100/><G100/><T44/><D44/><N who="3" m="16937" /><G43/><T36/><D36/><U28/><E103/><V113/><F113/><W70/><G133/><T93/><REACH who="0" step="1"/><D7/><REACH who="0" ten="210,240,300,240" step="2"/><U5/><E5/><V9/><F11/><W27/><G27/><T1/><AGARI ba="0,1" hai="1,3,37,42,45,48,49,50,84,89,90,93,95,97" machi="1" ten="30,7900,0" yaku="1,1,2,1,0,1,52,1,53,0" doraHai="82,73" doraHaiUra="121,123" who="0" fromWho="0" sc="210,89,240,-39,300,-20,240,-20" /><INIT seed="2,0,0,4,2,131" ten="299,201,280,220" oya="2" hai0="96,123,126,69,13,73,21,32,91,58,134,43,97" hai1="76,75,22,110,50,51,15,117,133,4,82,54,49" hai2="63,37,94,121,19,45,27,78,64,11,10,95,40" hai3="98,44,124,41,86,16,62,115,71,25,105,31,119"/><V57/><F121/><W79/><G119/><T9/><D69/><U53/><E117/><V34/><F78/><W52/><G124/><T35/><D123/><U68/><E68/><V112/><F112/><W72/><G115/><T109/><D126/><U103/><E110/><V74/><F74/><W60/><G72/><T100/><D109/><U106/><E106/><V127/><F127/><W1/><G1/><T38/><D73/><U93/><E133/><V47/><F47/><W108/><G108/><T23/><D35/><U8/><REACH who="1" step="1"/><E22/><REACH who="1" ten="299,191,280,220" step="2"/><V122/><F122/><W24/><G71/><T66/><D32/><U5/><E5/><V120/><F120/><W67/><G105/><T80/><D23/><U30/><E30/><V65/><F34/><W101/><G31/><T89/><D21/><U48/><N who="1" m="12800" /><DORA hai="17" /><U70/><E70/><V14/><F10/><W107/><G107/><T132/><D43/><U46/><E46/><V85/><F27/><W3/><G24/><T7/><D38/><U39/><E39/><V130/><F130/><W128/><G128/><T33/><D33/><U29/><E29/><V6/><F6/><W129/><G129/><T55/><D134/><U92/><E92/><V87/><F95/><W84/><G44/><T102/><D132/><U20/><E20/><V118/><F118/><W59/><G41/><T26/><D26/><U114/><E114/><V18/><F18/><W135/><G25/><T56/><D7/><U99/><AGARI ba="0,1" hai="4,8,15,53,54,75,76,82,93,99,103" m="12800" machi="99" ten="40,5200,0" yaku="1,1,0,1,53,1" doraHai="131,17" doraHaiUra="113,77" who="1" fromWho="1" sc="299,-13,191,62,280,-26,220,-13" /><INIT seed="3,0,0,4,0,78" ten="286,253,254,207" oya="3" hai0="125,108,58,22,21,129,135,19,1,69,48,102,95" hai1="116,54,10,38,82,101,99,66,2,34,68,63,15" hai2="56,49,29,0,91,107,87,26,128,35,114,104,112" hai3="40,47,132,3,39,121,84,75,37,85,65,118,123"/><W105/><G118/><T72/><D69/><U45/><E116/><V24/><F0/><W25/><G105/><T134/><D1/><U59/><E34/><V64/><F128/><W32/><G3/><T11/><D72/><U96/><E2/><V20/><F112/><W90/><G75/><T41/><D129/><U53/><E68/><V17/><F114/><W133/><G65/><T76/><D76/><U110/><E110/><V92/><F49/><W81/><G37/><T127/><D108/><U115/><E115/><V8/><F8/><W130/><G130/><T111/><D11/><U73/><E38/><V52/><REACH who="2" step="1"/><F64/><REACH who="2" ten="286,253,244,207" step="2"/><W71/><G71/><T70/><D48/><U98/><E66/><V61/><AGARI ba="0,1" hai="17,20,24,26,29,35,52,56,61,87,91,92,104,107" machi="61" ten="20,12000,2" yaku="1,1,2,1,0,1,7,1,54,1,53,1" doraHai="78" doraHaiUra="50" who="2" fromWho="2" sc="286,-30,253,-30,244,130,207,-60" /><INIT seed="4,0,0,1,0,17" ten="256,223,374,147" oya="0" hai0="27,95,51,93,134,62,88,80,61,89,102,100,90" hai1="120,30,8,125,63,3,26,66,69,15,49,4,22" hai2="70,86,20,130,24,19,133,135,55,31,65,29,128" hai3="81,78,132,21,123,16,18,110,115,41,79,43,82"/><T97/><D134/><N who="2" m="51210" /><F55/><W76/><G132/><T10/><D102/><U109/><E125/><V101/><F101/><W48/><G110/><T121/><D121/><U77/><E109/><V117/><F86/><W12/><G123/><T119/><D119/><U64/><E120/><V91/><F91/><W1/><G115/><T94/><D80/><N who="3" m="30825" /><G1/><T53/><D10/><U32/><E66/><V36/><F36/><W75/><G75/><T56/><REACH who="0" step="1"/><D27/><REACH who="0" ten="246,223,374,147" step="2"/><U57/><E77/><N who="3" m="19714" /><W7/><DORA hai="14" /><G7/><T44/><D44/><U58/><E4/><V112/><F117/><W99/><G99/><T13/><D13/><U129/><E15/><V126/><F112/><W113/><G113/><T50/><D50/><U42/><E49/><V111/><F111/><W118/><G48/><T45/><D45/><U33/><E3/><V39/><F39/><W103/><G103/><T37/><D37/><U96/><E96/><V11/><F11/><N who="3" m="6175" /><G118/><T114/><D114/><U108/><E108/><V34/><F126/><W59/><G59/><T84/><D84/><U107/><E58/><V52/><F70/><W72/><G72/><T60/><AGARI ba="0,1" hai="51,53,56,60,61,62,88,89,90,93,94,95,97,100" machi="60" ten="30,11700,0" yaku="1,1,0,1,8,1,54,1,53,0" doraHai="17,14" doraHaiUra="23,6" who="0" fromWho="0" sc="246,127,223,-39,374,-39,147,-39" /><INIT seed="4,1,0,4,0,56" ten="373,184,335,108" oya="0" hai0="86,50,118,1,126,127,49,77,45,14,59,105,74" hai1="66,130,82,46,38,131,110,54,13,80,98,135,116" hai2="35,94,22,4,91,63,119,27,6,101,39,68,7" hai3="133,89,8,23,125,25,64,108,51,61,93,5,9"/><T104/><D1/><U43/><E110/><V30/><F119/><W100/><G108/><T115/><D118/><U92/><E116/><V52/><F39/><W107/><G125/><N who="0" m="47627" /><D74/><U84/><E135/><V69/><F101/><W112/><G133/><T73/><D73/><U95/><E54/><V97/><REACH who="2" step="1"/><F35/><REACH who="2" ten="373,184,325,108" step="2"/><W34/><G34/><T37/><D37/><U28/><E38/><V75/><F75/><W18/><G112/><T122/><D115/><U40/><E131/><V114/><F114/><W124/><G124/><T15/><D122/><U0/><E130/><V71/><F71/><W26/><G100/><T60/><D105/><U47/><E43/><V103/><F103/><W55/><G107/><T81/><D104/><U111/><E40/><V24/><F24/><W117/><G25/><T62/><D59/><AGARI ba="1,1" hai="4,6,7,22,27,30,52,59,63,68,69,91,94,97" machi="59" ten="40,5200,0" yaku="1,1,52,1,54,1,53,0" doraHai="56" doraHaiUra="10" who="2" fromWho="0" sc="373,-55,184,0,325,65,108,0" /><INIT seed="5,0,0,4,5,101" ten="318,184,390,108" oya="1" hai0="40,28,16,118,52,26,102,38,91,123,27,95,2" hai1="124,12,97,128,69,107,76,0,98,32,62,119,135" hai2="93,17,30,126,75,77,72,7,6,99,121,36,74" hai3="68,87,109,39,92,104,45,18,90,115,134,13,14"/><U8/><E119/><V71/><F121/><W41/><G109/><T106/><D118/><U19/><E128/><V82/><F71/><W86/><G115/><T64/><D123/><U31/><E135/><V56/><F36/><W25/><G134/><T67/><D2/><U120/><E124/><V78/><F126/><W59/><G68/><T80/><D80/><U50/><E76/><V105/><F105/><W73/><G73/><T100/><D38/><U55/><E0/><V57/><F30/><W66/><G86/><T132/><D40/><U47/><E120/><V34/><F34/><W1/><G1/><T117/><D132/><U4/><E4/><V89/><F17/><W35/><G35/><T53/><D117/><U10/><E10/><V133/><F133/><W112/><G112/><T116/><D116/><U23/><E32/><V5/><REACH who="2" step="1"/><F78/><REACH who="2" ten="318,184,380,108" step="2"/><W96/><G18/><T60/><D106/><U15/><E107/><V24/><F24/><W110/><G25/><T79/><D79/><U51/><E31/><V88/><F88/><W65/><G110/><T85/><D16/><U20/><E20/><V42/><F42/><W3/><G104/><T54/><D27/><U84/><E23/><V9/><F9/><W114/><G114/><T111/><D111/><U21/><E21/><V49/><F49/><W122/><G122/><T125/><D125/><U48/><E19/><V70/><F70/><W61/><G3/><T43/><D43/><U44/><E8/><V22/><F22/><W11/><G11/><T129/><D28/><U103/><E69/><V33/><F33/><RYUUKYOKU ba="0,1" sc="318,-10,184,-10,380,30,108,-10" hai2="5,6,7,56,57,72,74,75,77,82,89,93,99" /><INIT seed="6,1,1,3,0,101" ten="308,174,410,98" oya="2" hai0="6,46,28,113,15,58,67,19,117,33,94,121,122" hai1="135,70,127,27,83,103,12,64,81,109,0,74,34" hai2="69,72,95,90,110,40,38,62,9,17,116,98,49" hai3="45,3,50,24,14,125,102,84,124,133,123,114,75"/><V35/><F116/><W131/><G123/><T104/><D117/><U130/><E0/><V18/><F72/><W21/><G3/><T59/><D6/><U57/><E109/><V68/><F110/><W53/><G75/><T108/><D108/><U16/><E70/><V60/><F35/><W126/><G114/><T51/><D113/><U82/><E135/><V44/><F38/><W80/><G133/><T63/><D59/><U118/><E130/><V52/><F69/><W61/><G131/><T13/><D13/><U66/><E127/><V8/><F68/><W30/><G61/><N who="2" m="23657" /><F40/><W97/><G14/><T54/><D94/><U22/><E118/><V87/><F98/><W47/><G50/><T55/><D67/><U112/><E74/><V106/><F106/><W79/><REACH who="3" step="1"/><G53/><REACH who="3" ten="308,174,410,88" step="2"/><T71/><D121/><U77/><E112/><V132/><F132/><W48/><G48/><T43/><D122/><U134/><E134/><V39/><F39/><W29/><G29/><T111/><D111/><U2/><E2/><V100/><F9/><W11/><G11/><T85/><D71/><U5/><E66/><V23/><F8/><W56/><G56/><T86/><D58/><U128/><E128/><V25/><F18/><W96/><G96/><T1/><D19/><U88/><E64/><V26/><F26/><W20/><G20/><T119/><D1/><U32/><E27/><V41/><F41/><W78/><G78/><T120/><D120/><U129/><E129/><V7/><F7/><W65/><G65/><T37/><D37/><U31/><E5/><V99/><F99/><RYUUKYOKU ba="1,2" sc="308,-15,174,-15,410,15,88,15" hai2="17,23,25,44,49,52,87,90,95,100" hai3="21,24,30,45,47,79,80,84,97,102,124,125,126" /><INIT seed="6,2,2,0,2,72" ten="293,159,425,103" oya="2" hai0="86,51,29,50,27,15,35,75,76,74,100,58,6" hai1="129,65,44,59,67,90,8,36,128,14,130,99,134" hai2="71,1,117,80,79,119,84,120,3,26,88,62,42" hai3="47,64,22,133,96,127,55,70,68,104,4,56,12"/><V97/><F120/><W93/><G127/><T41/><D100/><U16/><E134/><V95/><F42/><W40/><G104/><T98/><D98/><U52/><E44/><V10/><F26/><W39/><G133/><T11/><D58/><U19/><E36/><V78/><F78/><W2/><G2/><T107/><D107/><U82/><E19/><V63/><F63/><W66/><G68/><T115/><D115/><U126/><E126/><V49/><F49/><W92/><G70/><T43/><D51/><N who="1" m="31135" /><E82/><V131/><F131/><W7/><G7/><T60/><D60/><U121/><E121/><V54/><F10/><W124/><G124/><T125/><D125/><U89/><E99/><V109/><F109/><W123/><G92/><T45/><D41/><U0/><E0/><V132/><F132/><W114/><G114/><T38/><D38/><U61/><E67/><V111/><F111/><W32/><G32/><T101/><D101/><U110/><E110/><V81/><F3/><W34/><G34/><T112/><D112/><U108/><E108/><V25/><F1/><W23/><G123/><T17/><D17/><U28/><E28/><V53/><F25/><W30/><G30/><T85/><D85/><U48/><E48/><V116/><F81/><AGARI ba="2,2" hai="6,11,15,27,29,35,43,45,50,74,75,76,81,86" machi="81" ten="40,5200,0" yaku="25,2,52,1" doraHai="72" who="0" fromWho="2" sc="293,78,159,0,425,-58,103,0" /><INIT seed="7,0,0,0,3,60" ten="371,159,367,103" oya="3" hai0="2,20,119,31,90,98,37,110,32,52,67,115,111" hai1="109,7,91,13,69,61,33,126,101,68,83,125,127" hai2="128,106,58,116,76,21,54,82,92,85,99,80,120" hai3="103,93,25,65,74,59,1,121,114,133,57,129,71"/><W105/><G121/><T87/><D37/><U134/><E109/><V94/><F116/><W28/><G1/><T41/><D119/><U112/><E112/><V47/><F120/><W102/><G114/><T9/><D115/><U12/><E134/><V23/><F128/><W44/><G133/><T18/><D41/><U124/><E33/><V131/><F131/><W73/><G129/><T88/><D67/><N who="1" m="41071" /><E69/><V6/><F6/><W97/><G44/><T11/><D98/><U4/><E101/><V72/><F47/><W122/><G122/><T63/><D90/><U0/><E127/><V38/><F38/><W30/><G93/><T39/><D39/><U34/><E34/><V75/><F106/><W27/><G71/><T78/><D78/><U77/><E91/><V42/><F42/><W79/><G79/><T86/><D86/><N who="1" m="48495" /><E7/><V8/><F8/><AGARI ba="0,0" hai="0,4,8,12,13,124,125,126" m="48495,41071" machi="8" ten="30,2000,0" yaku="18,1,52,1" doraHai="60" who="1" fromWho="2" sc="371,0,159,20,367,-20,103,0" owari="371,47.0,179,-22.0,347,15.0,103,-40.0" /></mjloggm>