<mjloggm ver="2.3"><GO type="41" lobby="0"/><UN n0="%7A%31%34%34" n1="%E2%93%9D%53%75%70%68%78" n2="%E3%83%95%E3%82%A9%E3%83%BC%E3%83%9D%E3%82%A4%E3%83%B3%E3%83%88" n3="%E5%85%89%E3%81%AE%E5%A6%82%E3%81%8D" dan="14,17,14,13" rate="1932.79,2071.40,1953.48,1890.24" sx="M,M,M,M"/><TAIKYOKU oya="0"/><INIT seed="0,0,0,1,5,5" ten="250,250,250,250" oya="0" hai0="70,133,58,82,123,57,39,114,9,108,40,68,8" hai1="81,91,44,59,85,106,48,90,2,74,95,84,42" hai2="98,132,135,78,26,36,77,35,75,17,130,134,126" hai3="89,117,56,20,32,29,54,21,125,87,104,61,99"/><T111/><D114/><U51/><E106/><V120/><F120/><W13/><G117/><T94/><D123/><U79/><E2/><V96/><F36/><W128/><G128/><T30/><D30/><U52/><REACH who="1" step="1"/><E91/><REACH who="1" ten="250,240,250,250" step="2"/><V22/><F130/><W41/><G104/><T71/><D133/><U50/><E50/><V46/><F126/><W86/><G125/><T67/><D39/><U109/><E109/><N who="0" m="42057" /><D40/><U80/><E80/><V38/><F38/><W16/><G41/><T53/><D82/><U97/><AGARI ba="0,1" hai="42,44,48,51,52,59,74,79,81,84,85,90,95,97" machi="97" ten="20,5200,0" yaku="1,1,0,1,7,1,54,1,53,0" doraHai="5" doraHaiUra="69" who="1" fromWho="1" sc="250,-26,240,62,250,-13,250,-13" /><INIT seed="1,0,0,0,1,115" ten="224,302,237,237" oya="1" hai0="34,1,117,67,98,23,84,54,30,123,99,22,32" hai1="90,106,78,85,44,46,62,103,69,43,100,37,39" hai2="25,17,88,86,124,97,79,31,73,16,93,82,20" hai3="72,74,55,91,68,105,66,51,109,63,120,126,11"/><U96/><E103/><V130/><F130/><W128/><G128/><T40/><D1/><U59/><E78/><V60/><F124/><W70/><G126/><T114/><D114/><U12/><E69/><V135/><F135/><W0/><G120/><T129/><D40/><U81/><E12/><V94/><REACH who="2" step="1"/><F60/><REACH who="2" ten="224,302,227,237" step="2"/><N who="3" m="40007" /><G70/><T101/><D129/><U77/><E39/><V35/><F35/><W42/><G63/><T118/><D34/><U132/><E132/><V104/><F104/><W53/><G105/><T36/><D32/><U13/><E37/><V18/><F18/><W65/><G65/><T3/><D67/><U47/><E43/><V80/><F80/><W121/><G121/><T50/><D36/><U102/><E106/><V5/><F5/><W125/><G125/><T131/><D131/><U111/><E62/><V27/><F27/><W24/><G24/><T6/><D6/><U33/><E33/><V41/><F41/><W45/><G42/><T127/><D127/><U61/><E61/><V64/><F64/><W52/><G51/><T19/><D50/><U56/><E81/><V95/><F95/><W76/><G45/><T14/><D123/><U49/><E49/><V4/><F4/><W38/><G38/><T9/><D19/><U58/><E47/><V57/><F57/><W134/><G134/><T26/><D26/><U89/><E59/><V75/><F75/><W8/><G74/><T133/><D133/><U107/><E58/><V2/><F2/><W110/><G72/><T92/><D3/><U7/><E46/><V108/><F108/><W21/><G0/><RYUUKYOKU ba="0,1" sc="224,-10,302,-10,227,30,237,-10" hai2="16,17,20,25,31,73,79,82,86,88,93,94,97" /><INIT seed="2,1,1,2,1,11" ten="214,292,257,227" oya="2" hai0="73,109,45,87,97,126,89,95,94,3,65,118,105" hai1="6,43,66,99,93,80,25,106,129,122,40,76,16" hai2="82,19,68,134,42,127,123,70,71,33,64,111,61" hai3="15,114,29,135,91,22,74,86,4,23,12,108,8"/><V2/><F123/><W51/><G74/><T131/><D3/><U121/><E106/><V52/><F33/><W79/><G135/><T48/><D65/><U34/><E6/><V113/><F113/><W102/><G108/><T14/><D109/><U119/><E66/><V37/><F2/><W120/><G120/><N who="1" m="46186" /><E129/><V30/><F30/><W101/><G114/><T100/><D131/><U72/><E119/><V60/><F111/><W18/><G79/><T133/><D133/><U24/><E24/><V75/><F134/><W115/><G115/><T85/><D126/><U7/><E7/><V36/><F127/><W53/><G29/><T10/><D118/><U0/><E0/><V38/><F82/><W57/><G22/><T67/><D67/><U41/><E34/><V81/><F81/><AGARI ba="1,1" hai="4,8,12,15,18,23,51,53,57,81,86,91,101,102" machi="81" ten="30,7700,0" yaku="7,1,8,1,52,2" doraHai="11" who="3" fromWho="2" sc="214,0,292,0,257,-80,227,90" /><INIT seed="3,0,0,0,0,16" ten="214,292,177,317" oya="3" hai0="119,31,13,41,10,125,3,88,37,128,109,67,0" hai1="115,78,127,42,111,98,20,124,7,54,9,118,74" hai2="49,95,130,68,120,44,1,117,56,92,86,134,28" hai3="96,48,14,76,89,39,63,110,58,101,51,100,6"/><W99/><G39/><T61/><D119/><U122/><E122/><V26/><F117/><W36/><G36/><T22/><D37/><U77/><E115/><V102/><F134/><W112/><G112/><T52/><D41/><U34/><E34/><V40/><F68/><W84/><G84/><T46/><D67/><U87/><E111/><V71/><F71/><W126/><G126/><T69/><D69/><U121/><E121/><V32/><F120/><W81/><G110/><T65/><D65/><U12/><E74/><V114/><F114/><W23/><G6/><T132/><D109/><U30/><E98/><N who="3" m="37418" /><G76/><T57/><D46/><U55/><E42/><V93/><F102/><N who="3" m="39531" /><G89/><T59/><D59/><U97/><E97/><V47/><F1/><W90/><G90/><T19/><D132/><U62/><E118/><V21/><F130/><W53/><G81/><T108/><D108/><U79/><E87/><V73/><F73/><W24/><G14/><T91/><D128/><U123/><E123/><V60/><F86/><W70/><G70/><T103/><D103/><U18/><E127/><V131/><F131/><W35/><G35/><T5/><D125/><U83/><E83/><V33/><REACH who="2" step="1"/><F47/><REACH who="2" ten="214,292,167,317" step="2"/><W107/><G107/><T27/><REACH who="0" step="1"/><D3/><REACH who="0" ten="204,292,167,317" step="2"/><N who="1" m="255" /><E124/><V113/><F113/><W2/><G2/><T104/><D104/><U43/><E79/><V25/><F25/><W106/><G106/><T75/><D75/><U94/><E78/><V38/><F38/><W29/><AGARI ba="0,2" hai="23,24,29,48,51,53,58,63" m="39531,37418" machi="29" ten="30,3000,0" yaku="8,1,52,1" doraHai="16" who="3" fromWho="3" sc="204,-10,292,-10,167,-10,317,50" /><INIT seed="3,1,0,2,3,9" ten="194,282,157,367" oya="3" hai0="27,111,132,125,99,1,17,50,65,95,35,47,16" hai1="57,15,105,70,39,49,122,110,104,44,67,33,91" hai2="96,115,26,23,113,72,6,74,13,123,79,121,77" hai3="100,34,7,12,127,59,103,107,8,73,101,28,71"/><W78/><G71/><T119/><D1/><U92/><E33/><V41/><F41/><W36/><G36/><T76/><D119/><U87/><E122/><V40/><F40/><W66/><G127/><T2/><D2/><U62/><E110/><V84/><F96/><W58/><G107/><T56/><D111/><U14/><E105/><V93/><F93/><W109/><G109/><T42/><D76/><U126/><E126/><V19/><F84/><W46/><G46/><T22/><D125/><U52/><E104/><V20/><F6/><W31/><G34/><T48/><D132/><U133/><E133/><V83/><F115/><W3/><G3/><T108/><D108/><U118/><E118/><V51/><F51/><W102/><N who="3" m="25600" /><DORA hai="130" /><W89/><G66/><T68/><D68/><U10/><E10/><V116/><F116/><W112/><G112/><T61/><D35/><U135/><E135/><V131/><F131/><W38/><G38/><T60/><D60/><U32/><E32/><V30/><REACH who="2" step="1"/><F113/><REACH who="2" ten="194,282,147,367" step="2"/><W90/><G73/><T86/><D86/><U29/><E29/><N who="3" m="11338" /><G78/><T53/><D50/><U88/><E91/><AGARI ba="1,1" hai="7,8,12,58,59,89,90,91" m="11338,25600" machi="91" ten="40,3900,0" yaku="8,1,52,1" doraHai="9,130" who="3" fromWho="1" sc="194,0,282,-42,147,0,367,52" /><INIT seed="3,2,0,2,2,121" ten="194,240,147,419" oya="3" hai0="3,32,29,4,129,22,18,60,58,92,114,42,112" hai1="78,54,17,46,39,80,134,125,113,116,133,45,88" hai2="101,14,30,50,89,71,68,11,36,102,106,83,51" hai3="35,10,93,64,120,119,132,75,97,122,16,63,55"/><W9/><G75/><T79/><D42/><U15/><E113/><V44/><F30/><W127/><G35/><T99/><D79/><U74/><E125/><V2/><F106/><W115/><G119/><T107/><D107/><U70/><E70/><V47/><F2/><W84/><G84/><T8/><D129/><U72/><E116/><V52/><F36/><W95/><G127/><T82/><D82/><U94/><E54/><V33/><F33/><W27/><G132/><N who="1" m="50794" /><E39/><V21/><F21/><N who="3" m="13735" /><G64/><T90/><D60/><U91/><E74/><V48/><F71/><W49/><G49/><T123/><D58/><U12/><E12/><V98/><F68/><W85/><G115/><T40/><D40/><U56/><E56/><V31/><F50/><W105/><G105/><T100/><D123/><U20/><E91/><V109/><F31/><W81/><G95/><T41/><D41/><U77/><E77/><V66/><F66/><W57/><G120/><T34/><D34/><U1/><E1/><V38/><F38/><W87/><G87/><AGARI ba="2,0" hai="15,17,20,45,46,72,78,80,87,88,94" m="50794" machi="87" ten="30,2000,0" yaku="20,1,54,1" doraHai="121" who="1" fromWho="3" sc="194,0,240,26,147,0,419,-26" /><INIT seed="4,0,0,4,4,12" ten="194,266,147,393" oya="0" hai0="21,48,95,28,51,23,84,13,3,19,5,122,105" hai1="49,62,120,82,32,91,36,117,123,63,7,85,15" hai2="79,61,67,41,55,101,44,113,75,39,130,66,27" hai3="89,78,83,1,111,81,128,108,47,127,17,131,126"/><T119/><D119/><U10/><E117/><V132/><F113/><W97/><G1/><T112/><D122/><U106/><E36/><V9/><F132/><W33/><G33/><T46/><D112/><U20/><E106/><V98/><F130/><N who="3" m="49707" /><G47/><T50/><D105/><U64/><E32/><V99/><F75/><W40/><G40/><T88/><D3/><U2/><E63/><V100/><F79/><W43/><G43/><N who="0" m="24671" /><D5/><U121/><E49/><N who="0" m="18441" /><D28/><U87/><E87/><V133/><F133/><W76/><G17/><T26/><D26/><U86/><E86/><V54/><F67/><W71/><G71/><T6/><D6/><U24/><E2/><V135/><F135/><W74/><G97/><T53/><D53/><U42/><E42/><V37/><F27/><W0/><G89/><T38/><D38/><U45/><E45/><V114/><F39/><W129/><G0/><T31/><D31/><U34/><E123/><V22/><F114/><W116/><G116/><T56/><D56/><U110/><E121/><V16/><F98/><W18/><G18/><T102/><D102/><U80/><E7/><V4/><F101/><W90/><G90/><T35/><D35/><U58/><E34/><V125/><F4/><W109/><N who="3" m="49715" /><W134/><DORA hai="68" /><G134/><T118/><D118/><U73/><E120/><V70/><F99/><W107/><G107/><T124/><D124/><N who="3" m="47657" /><G74/><T69/><D69/><U52/><E73/><V25/><F125/><W92/><G92/><T96/><D96/><U77/><E85/><V103/><F103/><W104/><G104/><T59/><D59/><RYUUKYOKU ba="0,0" sc="194,15,266,-15,147,-15,393,15" hai0="13,19,21,23,84,88,95" hai3="76,78,81,83,108,109,111" /><INIT seed="4,1,0,1,1,72" ten="209,251,132,408" oya="0" hai0="5,79,95,39,9,18,24,40,17,3,36,47,42" hai1="58,88,121,67,44,46,133,71,108,120,117,124,105" hai2="100,50,74,109,30,78,118,70,86,52,113,122,104" hai3="68,73,69,126,91,27,110,116,75,10,101,14,102"/><T134/><D134/><U115/><E105/><V29/><F122/><W60/><G116/><T13/><D95/><U7/><E7/><V76/><F118/><W22/><G110/><T90/><D90/><U57/><E88/><V23/><F109/><W41/><G126/><T135/><D135/><U107/><E107/><V16/><F70/><W20/><G41/><T66/><D66/><U45/><E108/><V93/><F104/><W51/><G51/><T34/><D34/><U43/><E117/><V132/><F132/><W87/><G22/><T112/><D112/><U83/><E83/><V61/><F61/><W35/><G35/><T123/><D123/><N who="1" m="47179" /><E133/><V82/><F74/><W77/><G75/><T89/><D89/><U131/><E131/><V54/><F54/><W130/><G130/><T119/><D119/><U80/><E80/><V59/><F113/><W99/><G101/><T48/><D79/><N who="2" m="30250" /><F100/><W62/><G69/><T63/><D63/><N who="1" m="40447" /><E115/><V127/><F127/><W64/><G62/><T49/><D24/><U103/><E103/><V53/><F93/><W19/><G73/><T92/><D92/><U111/><E111/><V11/><F11/><W25/><G102/><T1/><D13/><U114/><E124/><V65/><F65/><W21/><G99/><T128/><D3/><U85/><E114/><V98/><F98/><W12/><G77/><T4/><D128/><U8/><E8/><V106/><F106/><W2/><G91/><T28/><D28/><U6/><E85/><V56/><F82/><W96/><G87/><T33/><D33/><U15/><E43/><RYUUKYOKU ba="1,0" sc="209,-10,251,30,132,-10,408,-10" hai1="6,15,44,45,46,57,58" /><INIT seed="5,2,0,3,3,65" ten="199,281,122,398" oya="1" hai0="120,91,7,15,2,62,47,61,99,75,127,87,52" hai1="33,95,123,66,116,86,57,40,46,114,20,60,110" hai2="59,17,100,90,88,73,32,19,103,1,58,80,10" hai3="69,102,68,89,34,9,98,37,74,126,26,49,25"/><U23/><E116/><V24/><F73/><W4/><G74/><T22/><D75/><U14/><E33/><V118/><F118/><W29/><G37/><T101/><D2/><U112/><E123/><V92/><F32/><W119/><G119/><T97/><D127/><U56/><E110/><V5/><F80/><W18/><G126/><T83/><D120/><U41/><E57/><V48/><F90/><W134/><G89/><T13/><D13/><U94/><E41/><V105/><F105/><W53/><G134/><T54/><D101/><U121/><E121/><V30/><F59/><W93/><G18/><N who="0" m="10591" /><D7/><U82/><E95/><V70/><F70/><W51/><G26/><T28/><D28/><U0/><E94/><V31/><F31/><W111/><G51/><N who="0" m="28799" /><D54/><U21/><E0/><V81/><F81/><W115/><G115/><T106/><D106/><U85/><E14/><V107/><F107/><W96/><G96/><AGARI ba="2,0" hai="61,62,83,87,91,96,97,99" m="28799,10591" machi="96" ten="30,2000,0" yaku="8,1,54,1" doraHai="65" who="0" fromWho="3" sc="199,26,281,0,122,0,398,-26" /><INIT seed="6,0,0,0,3,93" ten="225,281,122,372" oya="2" hai0="126,49,45,74,38,56,123,128,17,82,58,91,122" hai1="7,10,12,47,52,78,98,89,67,6,33,79,34" hai2="88,1,39,16,25,103,99,43,101,85,31,102,124" hai3="70,36,112,48,13,133,60,29,26,24,134,110,42"/><V64/><F124/><W32/><G110/><T65/><D126/><U132/><E132/><N who="3" m="50794" /><G36/><T63/><D128/><U15/><E67/><V18/><F1/><W86/><G112/><T55/><D17/><U14/><E34/><V37/><F64/><N who="3" m="41223" /><G86/><T57/><D91/><U104/><E33/><V115/><F115/><W22/><G13/><N who="1" m="5194" /><E104/><V21/><F39/><W59/><G59/><T8/><D8/><U105/><E105/><V80/><F43/><W106/><G106/><T53/><D74/><U129/><E129/><V83/><F37/><W61/><G61/><T95/><D95/><N who="1" m="56687" /><E7/><V40/><F40/><W75/><G75/><T107/><D82/><U77/><E77/><V44/><F44/><N who="3" m="25623" /><G26/><T0/><D107/><U76/><E76/><V117/><F117/><W118/><G32/><T73/><D0/><U109/><E109/><V135/><F135/><W4/><G4/><T90/><D73/><U81/><E81/><V62/><F62/><W84/><G84/><T20/><D90/><U23/><E79/><V127/><F127/><W51/><G51/><T72/><D20/><U35/><E35/><V113/><F113/><W19/><G118/><T69/><D72/><U100/><E78/><V71/><F71/><W68/><G68/><T119/><D119/><U96/><E23/><V41/><F41/><W131/><G131/><T108/><D108/><U66/><E6/><V97/><F80/><W121/><G121/><N who="0" m="46091" /><D38/><U120/><E120/><V92/><F92/><W2/><G2/><T3/><D3/><U28/><E10/><V46/><F46/><W87/><G29/><RYUUKYOKU ba="0,0" sc="225,10,281,-30,122,10,372,10" hai0="45,49,53,55,56,57,58,63,65,69" hai2="16,18,21,25,31,83,85,88,97,99,101,102,103" hai3="19,22,24,87" /><INIT seed="6,1,0,0,1,28" ten="235,251,132,382" oya="2" hai0="93,18,62,97,5,114,17,126,89,116,92,75,68" hai1="103,85,8,83,14,74,33,131,15,19,73,41,113" hai2="57,48,2,79,24,10,46,49,101,13,133,7,25" hai3="51,111,52,47,21,128,53,112,64,108,106,59,88"/><V55/><F133/><W102/><G106/><T94/><D75/><U123/><E33/><V23/><F101/><W58/><G128/><T134/><D134/><U66/><E113/><V6/><F2/><W100/><G112/><T119/><D114/><U42/><E131/><V125/><F125/><W109/><G21/><T61/><D5/><U34/><E34/><V121/><F121/><W129/><G129/><T135/><D135/><U0/><E0/><V54/><F79/><W38/><G88/><N who="0" m="55431" /><D126/><U26/><E74/><V99/><F7/><W65/><G102/><T43/><D43/><U87/><E42/><V117/><F117/><N who="0" m="45130" /><D68/><U29/><E41/><V20/><REACH who="2" step="1"/><F99/><REACH who="2" ten="235,251,122,382" step="2"/><W9/><G100/><T27/><D27/><AGARI ba="1,1" hai="6,10,13,20,23,24,25,27,46,48,49,54,55,57" machi="27" ten="40,7700,0" yaku="1,1,2,1,8,1,53,0" doraHai="28" doraHaiUra="60" who="2" fromWho="0" sc="235,-80,251,0,122,90,382,0" /><INIT seed="6,2,0,3,5,98" ten="155,251,212,382" oya="2" hai0="126,84,62,31,38,12,72,14,111,102,107,52,59" hai1="99,0,18,101,64,132,33,51,27,15,105,125,118" hai2="129,63,43,82,85,67,28,70,96,79,110,135,26" hai3="81,36,90,55,80,106,134,120,121,128,37,46,1"/><V114/><F135/><W50/><G1/><T40/><D126/><U116/><E0/><V8/><F114/><W56/><G134/><T57/><D111/><U49/><E132/><V24/><F129/><W5/><G106/><T117/><D117/><U93/><E125/><V91/><F43/><W104/><G104/><T22/><D72/><U97/><E64/><V4/><F110/><W7/><G128/><T13/><D38/><U123/><E123/><V124/><F124/><W89/><G56/><T29/><D40/><U71/><E71/><V11/><F11/><W112/><G112/><T78/><D78/><U127/><E127/><V109/><F109/><W65/><G65/><T21/><D84/><U113/><E113/><V83/><F28/><W108/><G108/><T20/><REACH who="0" step="1"/><D59/><REACH who="0" ten="145,251,212,382" step="2"/><U53/><E118/><V94/><REACH who="2" step="1"/><F83/><REACH who="2" ten="145,251,202,382" step="2"/><W88/><G120/><T6/><D6/><U42/><E42/><V73/><F73/><W58/><G121/><T35/><D35/><U45/><E33/><V86/><F86/><W30/><G5/><T100/><D100/><U61/><E101/><V41/><F41/><W133/><G7/><T122/><D122/><U60/><E116/><V77/><F77/><W131/><G133/><T76/><D76/><U66/><E99/><AGARI ba="2,2" hai="12,13,14,20,21,22,29,31,52,57,62,99,102,107" machi="99" ten="40,5200,0" yaku="1,1,52,1,54,1,53,0" doraHai="98" doraHaiUra="34" who="0" fromWho="1" sc="145,78,251,-58,202,0,382,0" /><INIT seed="7,0,0,5,5,11" ten="223,193,202,382" oya="3" hai0="83,88,91,57,87,109,20,124,69,64,41,93,127" hai1="131,107,128,102,81,85,6,17,71,80,42,104,82" hai2="37,10,113,53,89,105,135,123,75,77,36,59,44" hai3="8,99,134,86,125,114,23,74,24,129,4,121,45"/><W12/><G121/><T118/><D109/><U126/><E6/><V66/><F113/><W78/><G134/><T26/><D118/><U62/><E42/><V120/><F105/><N who="1" m="40521" /><E17/><V112/><F112/><W9/><G129/><N who="1" m="49738" /><E126/><N who="0" m="48169" /><D69/><U67/><E102/><V28/><F135/><W51/><G125/><T38/><D38/><U58/><E71/><V132/><F132/><W5/><G74/><T18/><D41/><U115/><E115/><V55/><F89/><AGARI ba="0,0" hai="58,62,67,80,81,82,85,89" m="49738,40521" machi="89" ten="30,1000,0" yaku="19,1" doraHai="11" who="1" fromWho="2" sc="223,0,193,10,202,-10,382,0" owari="223,2.0,203,-20.0,192,-31.0,382,49.0" /></mjloggm>