<mjloggm ver="2.3"><GO type="41" lobby="0"/><UN n0="%E3%81%AF%E3%81%81%E3%81%BE%E3%81%98%E3%81%AF%E3%81%81" n1="%E2%93%9D%53%75%70%68%78" n2="%E3%81%A4%E3%81%A3%E3%81%97%E3%83%BC%E3%81%BE" n3="%E3%82%A2%E3%83%83%E3%83%86%E3%83%A0%E3%83%88" dan="14,18,14,15" rate="2025.46,2142.08,1959.36,1985.85" sx="M,M,M,F"/><TAIKYOKU oya="0"/><INIT seed="0,0,0,3,1,119" ten="250,250,250,250" oya="0" hai0="100,109,94,41,77,62,117,52,44,89,68,7,65" hai1="46,5,12,71,102,85,11,130,67,25,107,58,38" hai2="120,24,47,33,59,106,40,66,10,105,78,84,64" hai3="32,121,132,63,26,128,80,39,20,88,113,53,133"/><T90/><D117/><U15/><E71/><V92/><F120/><W82/><G113/><T129/><D129/><U6/><E107/><V13/><F105/><W28/><G128/><T104/><D104/><U14/><E130/><V126/><F106/><W45/><G121/><T54/><D77/><U125/><E125/><V1/><F1/><W112/><G112/><T134/><D134/><N who="3" m="51817" /><G32/><T50/><D100/><U30/><E102/><V31/><F126/><W2/><G2/><T95/><D109/><U4/><E85/><V3/><F3/><W124/><G124/><T123/><D123/><U48/><E38/><V116/><F59/><N who="3" m="35311" /><G88/><T86/><REACH who="0" step="1"/><D7/><REACH who="0" ten="240,250,250,250" step="2"/><U135/><E6/><V114/><F116/><W18/><G28/><T27/><D27/><U43/><E5/><V49/><F114/><W29/><G29/><T0/><D0/><U110/><E110/><V96/><F78/><W55/><G26/><T74/><D74/><U56/><E135/><V108/><F108/><W97/><G18/><T99/><AGARI ba="0,1" hai="41,44,50,52,54,62,65,68,86,89,90,94,95,99" machi="99" ten="20,7800,0" yaku="1,1,0,1,7,1,54,1,53,0" doraHai="119" doraHaiUra="111" who="0" fromWho="0" sc="240,88,250,-26,250,-26,250,-26" /><INIT seed="0,1,0,3,3,78" ten="328,224,224,224" oya="0" hai0="73,62,2,14,32,13,31,109,44,89,8,70,26" hai1="33,61,120,20,100,98,111,125,99,5,79,115,40" hai2="132,50,6,67,122,30,52,56,129,119,86,131,19" hai3="36,95,123,46,127,106,69,130,3,21,94,118,58"/><T39/><D73/><U71/><E120/><V74/><F122/><W128/><G3/><T102/><D102/><U25/><E111/><V121/><F121/><W42/><G123/><T68/><D68/><U90/><E40/><V23/><F74/><W66/><G106/><T4/><D39/><U64/><E125/><V84/><F132/><W1/><G1/><T18/><D44/><U107/><E5/><V11/><F30/><W96/><G118/><T124/><D124/><U16/><E79/><V110/><F67/><W9/><G9/><T117/><D117/><U113/><REACH who="1" step="1"/><E33/><REACH who="1" ten="328,214,224,224" step="2"/><V45/><F110/><W76/><G76/><T108/><D108/><U48/><E48/><V103/><F119/><W134/><G127/><T38/><D38/><U51/><E51/><V135/><F135/><W75/><G36/><T27/><D109/><U101/><E101/><V35/><F103/><W57/><G42/><T133/><D133/><U43/><E43/><V87/><F35/><W7/><G7/><T82/><D32/><U15/><E15/><V80/><F129/><W92/><G134/><T24/><D2/><U97/><E97/><V112/><F131/><W34/><G34/><T63/><D31/><U10/><E10/><V47/><F11/><W12/><G130/><T49/><D49/><U105/><E105/><V104/><F6/><W37/><G128/><T53/><D14/><U41/><E41/><V29/><F104/><W65/><G12/><T93/><D4/><U54/><E54/><V114/><F29/><W116/><G116/><T83/><D13/><U17/><E17/><RYUUKYOKU ba="1,1" sc="328,-10,214,30,224,-10,224,-10" hai1="16,20,25,61,64,71,90,98,99,100,107,113,115" /><INIT seed="1,2,1,4,4,34" ten="318,244,214,214" oya="1" hai0="101,43,50,108,75,0,90,63,120,115,78,130,32" hai1="131,65,42,16,39,19,93,107,99,85,68,135,88" hai2="132,119,1,55,124,95,27,77,31,100,41,6,11" hai3="10,64,61,58,134,129,67,76,133,40,59,69,74"/><U51/><E39/><V70/><F119/><W83/><G129/><T17/><D115/><U71/><E131/><V25/><F124/><W57/><G40/><T123/><D32/><U73/><E73/><V62/><F132/><N who="3" m="50795" /><G10/><T116/><D116/><U3/><E3/><V84/><F41/><W112/><G67/><T15/><D0/><U45/><E135/><V87/><F25/><W72/><G112/><T14/><D130/><U53/><E42/><V54/><F77/><W122/><G122/><T23/><D101/><U60/><REACH who="1" step="1"/><E71/><REACH who="1" ten="318,234,214,214" step="2"/><V2/><F2/><W9/><G9/><T111/><D43/><U121/><E121/><V52/><F70/><W26/><G74/><T80/><D75/><U28/><E28/><V29/><F31/><W82/><G72/><T110/><D120/><U96/><E96/><V46/><F84/><W103/><G69/><T37/><D37/><U13/><E13/><V102/><F87/><W47/><G26/><T22/><D123/><U89/><E89/><V128/><F27/><W20/><G76/><T81/><D78/><U56/><E56/><V66/><F29/><W5/><G59/><T86/><D15/><U113/><E113/><V21/><F128/><W104/><G58/><T127/><D14/><U126/><E126/><V97/><F102/><AGARI ba="2,2" hai="16,19,45,51,53,60,65,68,85,88,93,99,102,107" machi="102" ten="40,7700,0" yaku="1,1,54,2,53,0" doraHai="34" doraHaiUra="79" who="1" fromWho="2" sc="318,0,234,103,214,-83,214,0" /><INIT seed="1,3,0,5,0,69" ten="318,337,131,214" oya="1" hai0="14,49,25,63,66,82,98,40,107,54,103,72,97" hai1="7,83,129,75,70,44,24,74,43,96,71,114,126" hai2="53,88,133,104,52,91,86,84,110,65,51,30,108" hai3="41,90,31,92,42,35,73,39,60,37,134,2,19"/><U17/><E114/><V28/><F104/><W67/><G73/><T61/><D61/><U78/><E129/><V20/><F65/><W38/><G2/><T130/><D130/><U18/><E126/><V132/><F51/><W0/><G0/><T79/><D40/><U131/><E131/><V23/><AGARI ba="3,0" hai="20,23,28,30,52,53,84,86,88,91,108,110,132,133" machi="23" ten="25,8000,1" yaku="0,1,22,2,54,2" doraHai="69" who="2" fromWho="2" sc="318,-23,337,-43,131,89,214,-23" /><INIT seed="2,0,0,0,4,22" ten="295,294,220,191" oya="2" hai0="30,18,26,37,59,23,62,96,50,115,99,88,42" hai1="2,131,117,39,20,47,51,125,31,129,119,61,111" hai2="11,76,121,108,84,48,45,114,55,54,126,134,28" hai3="86,3,104,128,32,100,124,77,78,113,82,24,81"/><V27/><F114/><W105/><G3/><T85/><D37/><U12/><E2/><V94/><F121/><W92/><G113/><T123/><D123/><U53/><E12/><V70/><F70/><W71/><G71/><T83/><D115/><U97/><E97/><V46/><F134/><W40/><G40/><T118/><D118/><N who="1" m="45067" /><E20/><V41/><F126/><W102/><G32/><T16/><D50/><U36/><E31/><V132/><F132/><W127/><G24/><T9/><D42/><U14/><E14/><V74/><F108/><W1/><G1/><T35/><D35/><U95/><E95/><V5/><F74/><W116/><G116/><T80/><D80/><U112/><E112/><V91/><F76/><W17/><G17/><N who="0" m="6763" /><D9/><U56/><E125/><V8/><F5/><W57/><G92/><T122/><D122/><U65/><E111/><V68/><F68/><W38/><G86/><T60/><D60/><U98/><E98/><V69/><F69/><W33/><G33/><T120/><D120/><U135/><E135/><V7/><F7/><W19/><G19/><T107/><D107/><U130/><AGARI ba="0,0" hai="36,39,47,51,53,56,61,65,129,130,131" m="45067" machi="130" ten="40,5200,0" yaku="19,1,34,2" doraHai="22" who="1" fromWho="1" sc="295,-13,294,52,220,-26,191,-13" /><INIT seed="3,0,0,4,4,85" ten="282,346,194,178" oya="3" hai0="115,83,59,133,16,27,35,0,105,39,113,55,10" hai1="127,45,29,12,50,24,23,40,15,117,2,112,13" hai2="65,37,95,60,25,91,118,107,6,97,52,116,74" hai3="18,71,68,106,119,126,21,108,17,3,129,9,77"/><W73/><G119/><T31/><D105/><U103/><E2/><V87/><F37/><W89/><G126/><T94/><D39/><U19/><E112/><V86/><F6/><W63/><G129/><T44/><D44/><U38/><E127/><V61/><F74/><W124/><G124/><T62/><D133/><U81/><E117/><V90/><F25/><W51/><G106/><T121/><D121/><U88/><E103/><V47/><F107/><W93/><G108/><T70/><D70/><U54/><E38/><V123/><F123/><W104/><G104/><T76/><D94/><U28/><E40/><V82/><F97/><W43/><G77/><T67/><D0/><U125/><E125/><V109/><F109/><W34/><G34/><T42/><D42/><U14/><E24/><V84/><F84/><AGARI ba="0,0" hai="12,13,14,15,19,23,28,29,45,50,54,81,84,88" machi="84" ten="40,5200,0" yaku="8,1,52,1,54,1" doraHai="85" who="1" fromWho="2" sc="282,0,346,52,194,-52,178,0" /><INIT seed="4,0,0,4,0,37" ten="282,398,142,178" oya="0" hai0="34,2,15,57,93,129,32,12,45,80,22,26,96" hai1="111,5,72,36,107,74,58,40,108,49,98,71,135" hai2="52,90,88,101,124,75,7,89,10,28,104,65,30" hai3="31,132,81,116,134,110,42,126,73,115,56,0,102"/><T77/><D2/><U20/><E58/><V6/><F75/><W24/><G110/><T55/><D129/><U59/><E49/><V63/><F124/><W103/><G116/><T123/><D123/><U119/><E59/><V9/><F104/><W44/><G56/><T11/><D32/><U85/><E135/><N who="3" m="51754" /><G0/><T54/><D34/><U131/><E20/><V48/><F101/><W92/><G115/><T91/><D45/><U47/><E85/><V33/><F63/><W87/><G73/><N who="1" m="28266" /><E5/><V53/><F65/><W35/><G92/><T122/><D122/><U51/><E51/><V66/><F66/><W121/><G126/><T84/><D11/><N who="2" m="4106" /><F33/><W100/><G121/><T125/><D125/><U18/><E111/><V106/><F48/><N who="3" m="26647" /><G103/><T112/><D112/><U39/><E108/><V64/><F64/><W127/><G127/><T133/><D133/><U79/><E39/><V25/><F25/><W1/><G1/><T13/><REACH who="0" step="1"/><D57/><REACH who="0" ten="272,398,142,178" step="2"/><U86/><E47/><V46/><F46/><W70/><G70/><T8/><D8/><U17/><E71/><V128/><F128/><W82/><G82/><T105/><D105/><U62/><E107/><V67/><F106/><W130/><G130/><T3/><D3/><U68/><E68/><V38/><F67/><W95/><G95/><T117/><D117/><U4/><E119/><V27/><F38/><W29/><G29/><AGARI ba="0,1" hai="12,13,15,22,26,29,54,55,77,80,84,91,93,96" machi="29" ten="40,3900,0" yaku="1,1,8,1,53,0" doraHai="37" doraHaiUra="118" who="0" fromWho="3" sc="272,49,398,0,142,0,178,-39" /><INIT seed="4,1,0,0,2,110" ten="321,398,142,139" oya="0" hai0="104,74,18,23,122,102,38,43,125,7,78,106,8" hai1="71,26,14,22,129,126,73,90,12,72,59,68,85" hai2="58,119,47,44,53,114,27,66,36,10,64,107,91" hai3="117,42,121,41,65,118,120,100,84,57,2,69,95"/><T63/><D122/><N who="3" m="47209" /><G2/><T4/><D4/><U93/><E129/><V55/><F107/><W97/><G84/><T40/><D102/><U29/><E126/><V13/><F119/><N who="3" m="45579" /><G69/><T6/><D6/><U116/><E116/><V109/><F109/><W124/><G124/><T9/><D125/><U19/><E14/><V34/><F91/><W16/><G16/><T5/><D18/><U115/><E73/><V33/><F27/><W96/><G96/><T25/><D23/><U24/><E24/><V111/><F111/><W11/><G11/><T127/><D127/><U130/><E72/><V135/><F10/><W83/><G83/><T132/><D74/><U20/><E130/><V123/><F13/><W51/><G65/><T48/><D78/><U89/><E89/><V39/><F123/><W75/><G75/><T94/><D94/><U15/><E15/><V62/><F34/><W56/><G57/><T101/><D101/><U61/><E71/><V45/><F33/><W0/><G0/><T98/><D98/><U50/><E68/><V49/><F135/><W28/><G28/><T37/><D25/><U128/><E128/><V108/><F108/><W92/><G92/><T80/><D80/><U88/><E90/><V77/><F77/><W30/><G30/><T54/><D132/><U46/><E93/><V35/><F35/><W112/><G112/><T17/><D17/><U103/><E103/><V86/><F86/><W134/><G134/><T21/><D8/><U1/><E1/><V113/><F66/><W3/><G3/><T105/><D9/><U82/><E19/><RYUUKYOKU ba="1,0" sc="321,-10,398,-10,142,-10,139,30" hai3="41,42,51,56,95,97,100" /><INIT seed="5,2,0,1,4,53" ten="311,388,132,169" oya="1" hai0="82,28,98,61,36,52,115,117,0,105,106,122,67" hai1="86,43,39,90,73,12,32,114,125,75,13,112,41" hai2="129,80,15,54,25,38,50,3,40,81,10,42,101" hai3="107,5,1,131,21,34,103,111,128,45,62,49,11"/><U35/><E86/><V57/><F129/><N who="3" m="49739" /><G111/><T7/><D36/><U37/><REACH who="1" step="1"/><E90/><REACH who="1" ten="311,378,132,169" step="2"/><V85/><F85/><W29/><G34/><T76/><D117/><U132/><E132/><V79/><F101/><W124/><G103/><T94/><D122/><U14/><E14/><V109/><F3/><W9/><G1/><T64/><D0/><U71/><E71/><V92/><F79/><W116/><G116/><T118/><D118/><U77/><E77/><V31/><F109/><W16/><G124/><AGARI ba="2,1" hai="12,13,32,35,37,39,41,43,73,75,112,114,124,125" machi="124" ten="25,4800,0" yaku="1,1,22,2,53,0" doraHai="53" doraHaiUra="18" who="1" fromWho="3" sc="311,0,378,64,132,0,169,-54" /><INIT seed="5,3,0,1,1,130" ten="311,442,132,115" oya="1" hai0="49,125,77,48,128,7,106,25,99,66,123,60,72" hai1="23,65,14,110,119,3,57,129,87,4,109,102,90" hai2="52,88,46,13,28,132,26,103,18,29,27,95,108" hai3="131,118,55,126,36,31,104,74,12,37,92,105,67"/><U116/><E102/><V43/><F108/><N who="1" m="41577" /><E3/><V89/><F103/><W58/><G131/><T97/><D128/><U100/><E100/><V11/><F132/><W34/><G74/><T135/><D106/><U71/><E71/><V112/><F112/><W2/><G2/><T54/><D7/><U120/><E120/><V59/><F43/><W41/><G67/><T124/><D77/><U76/><E76/><V114/><F46/><W117/><G92/><T84/><D72/><U9/><E23/><V111/><F111/><W115/><G115/><T8/><D8/><U80/><E129/><V121/><F121/><W33/><G126/><T61/><D84/><U24/><E24/><V96/><F89/><W32/><G12/><T107/><D107/><U79/><E79/><V15/><F15/><W83/><G105/><T70/><D123/><U94/><E80/><V63/><F114/><W93/><G83/><T78/><D78/><U133/><E133/><V5/><F27/><W40/><G104/><T39/><D25/><U56/><E65/><V81/><F81/><W73/><G93/><T85/><D85/><U101/><E101/><V98/><F98/><W21/><G21/><AGARI ba="3,0" hai="5,11,13,18,21,26,28,29,52,59,63,88,95,96" machi="21" ten="40,8000,1" yaku="25,2,8,1,54,2" doraHai="130" who="2" fromWho="3" sc="311,0,442,0,132,89,115,-89" /><INIT seed="6,0,0,3,0,81" ten="311,442,221,26" oya="2" hai0="36,128,34,23,94,47,68,126,102,125,72,15,111" hai1="113,1,20,133,69,89,77,35,48,10,120,22,117" hai2="105,78,104,71,70,73,119,98,53,106,30,132,18" hai3="115,82,46,3,108,39,124,92,75,121,62,44,65"/><V37/><F119/><W100/><G121/><T112/><D111/><U74/><E113/><V21/><F132/><W79/><G108/><T24/><D68/><U27/><E77/><V56/><F37/><W31/><G124/><T91/><D112/><U135/><E74/><V54/><F30/><W0/><G115/><T2/><D2/><U26/><E35/><V67/><F98/><W76/><G31/><T17/><D72/><U93/><E10/><V8/><F8/><W41/><G76/><T19/><D128/><U109/><E1/><V7/><F7/><W122/><G122/><T16/><D102/><U63/><E48/><V114/><F114/><W43/><G92/><T97/><D34/><U6/><E117/><V45/><F45/><W134/><G100/><T80/><D80/><U130/><E130/><V60/><F73/><W29/><G29/><T66/><D66/><U12/><E109/><V28/><F28/><W32/><G32/><T85/><D97/><U116/><E116/><V64/><F78/><W49/><G134/><T96/><D96/><U87/><E120/><V83/><F83/><W107/><G107/><T101/><D101/><U118/><E135/><V14/><REACH who="2" step="1"/><F56/><AGARI ba="0,0" hai="0,3,39,41,43,44,46,49,56,62,65,75,79,82" machi="56" ten="30,1000,0" yaku="7,1" doraHai="81" who="3" fromWho="2" sc="311,0,442,0,221,-10,26,10" /><INIT seed="7,0,0,1,0,120" ten="311,442,211,36" oya="3" hai0="20,119,37,121,32,3,128,108,75,118,93,46,57" hai1="131,34,52,8,125,70,129,40,116,58,73,87,27" hai2="50,76,24,79,43,130,127,64,0,56,103,99,102" hai3="31,48,65,90,39,81,114,63,100,68,66,16,55"/><W29/><G114/><T4/><D93/><U135/><E125/><V82/><F0/><W124/><G39/><T26/><D57/><U112/><E135/><V10/><F130/><W107/><G124/><T18/><D46/><U53/><E116/><V98/><F10/><W71/><G107/><T133/><D18/><U92/><E73/><V47/><F24/><W28/><G100/><T44/><D44/><U110/><E70/><V33/><F33/><W101/><G101/><T74/><D20/><U59/><E40/><V5/><F5/><W61/><G16/><T54/><D54/><U104/><E53/><V42/><F127/><W22/><G22/><T62/><D62/><U21/><E112/><V25/><F25/><W41/><G41/><T69/><D26/><U6/><E104/><V122/><F122/><W17/><G17/><T91/><D91/><U23/><E52/><V88/><F42/><W45/><G90/><T123/><D4/><U38/><E6/><V109/><F109/><W7/><G7/><T49/><D49/><U78/><E110/><V89/><F82/><AGARI ba="0,0" hai="28,29,31,45,48,55,61,63,65,66,68,71,81,82" machi="82" ten="40,2000,0" yaku="9,1" doraHai="120" who="3" fromWho="2" sc="311,0,442,0,211,-20,36,20" /><INIT seed="7,1,0,0,5,104" ten="311,442,191,56" oya="3" hai0="113,85,46,76,50,115,109,78,86,135,61,14,10" hai1="13,43,31,55,5,119,95,116,73,133,90,28,102" hai2="52,9,124,33,131,17,80,24,20,112,134,26,122" hai3="58,107,81,99,59,111,56,8,35,37,57,103,97"/><W91/><G37/><T36/><D36/><U92/><E133/><V129/><F80/><W21/><G35/><T128/><D109/><U1/><E1/><V69/><F52/><W75/><G111/><T118/><D118/><N who="1" m="45099" /><E73/><V3/><F69/><W125/><G125/><T66/><D128/><N who="2" m="49226" /><F112/><W22/><N who="3" m="14336" /><DORA hai="42" /><W63/><G63/><T70/><D135/><U60/><E102/><V34/><F134/><W48/><G48/><T121/><D121/><U23/><E95/><V6/><F124/><W44/><G44/><T77/><D86/><U87/><E43/><V105/><F105/><W101/><G8/><T127/><D85/><U38/><E60/><V64/><F64/><W30/><G30/><T94/><D94/><U79/><E31/><N who="2" m="19687" /><F34/><W51/><G51/><T18/><D127/><U82/><E28/><V41/><F41/><W62/><G62/><T4/><D4/><U108/><E5/><V49/><F49/><W130/><G130/><T96/><D96/><U98/><E108/><V123/><AGARI ba="1,0" hai="3,6,9,17,20,26,122,123" m="19687,49226" machi="123" ten="30,4000,0" yaku="19,1,34,2" doraHai="104,42" who="2" fromWho="2" sc="311,-11,442,-11,191,43,56,-21" owari="300,10.0,431,53.0,234,-17.0,35,-46.0" /></mjloggm>