<mjloggm ver="2.3"><GO type="41" lobby="0"/><UN n0="%E3%83%A4%E3%83%9E%E3%83%A2%E3%83%88%E3%82%AD%E3%83%A8%E3%82%B7" n1="%E6%9C%9D%E9%9C%A7%E6%82%A0%E7%90%86" n2="%E8%84%82%E8%82%AA%E3%81%A1%E3%82%83%E3%82%93" n3="%E2%93%9D%53%75%70%68%78" dan="14,14,14,17" rate="1830.98,1957.78,1946.86,2051.42" sx="M,F,F,M"/><TAIKYOKU oya="0"/><INIT seed="0,0,0,3,4,27" ten="250,250,250,250" oya="0" hai0="60,127,88,55,52,63,59,16,25,116,126,17,85" hai1="89,62,99,31,106,56,28,5,1,129,26,107,87" hai2="110,51,91,21,22,73,78,38,43,15,57,135,134" hai3="131,20,100,30,8,114,77,124,12,32,130,122,64"/><T92/><D116/><U65/><E129/><N who="3" m="49162" /><G77/><T61/><D25/><U13/><E1/><V39/><F110/><W46/><G64/><T132/><D132/><N who="2" m="50730" /><F91/><W104/><G46/><T37/><D37/><N who="2" m="13834" /><F15/><W4/><G100/><T19/><REACH who="0" step="1"/><D59/><REACH who="0" ten="240,250,250,250" step="2"/><U109/><E26/><V90/><F57/><W54/><G122/><T117/><D117/><U10/><E109/><V120/><F120/><W111/><G111/><T80/><D80/><U119/><E119/><V72/><F72/><W36/><G36/><T11/><D11/><U118/><E118/><V35/><F73/><W58/><G58/><T44/><D44/><U123/><E123/><V103/><F35/><W108/><G32/><T40/><D40/><U101/><REACH who="1" step="1"/><E106/><REACH who="1" ten="240,240,250,250" step="2"/><V102/><F43/><W2/><G104/><T113/><D113/><U45/><E45/><V98/><F102/><W33/><G108/><T23/><D23/><U71/><E71/><V105/><F103/><W83/><G33/><T34/><D34/><U125/><E125/><AGARI ba="0,2" hai="16,17,19,52,55,60,61,63,85,88,92,125,126,127" machi="125" ten="50,18000,2" yaku="1,1,18,1,54,3,53,2" doraHai="27" doraHaiUra="48" who="0" fromWho="1" sc="240,200,240,-180,250,0,250,0" /><INIT seed="0,1,0,3,1,127" ten="440,60,250,250" oya="0" hai0="123,76,25,124,6,12,128,26,105,5,36,100,104" hai1="57,51,28,75,40,3,20,135,74,89,70,48,80" hai2="114,97,54,116,16,79,10,11,69,120,19,27,73" hai3="35,83,95,32,84,50,55,49,78,0,59,62,106"/><T9/><D123/><U131/><E70/><V102/><F114/><W121/><G106/><T115/><D36/><U38/><E135/><V58/><F69/><W37/><G37/><T134/><D115/><U85/><E3/><V77/><F120/><W53/><G0/><T94/><D134/><U31/><E38/><V47/><F116/><W45/><G121/><T44/><D124/><U65/><E74/><V23/><F47/><W103/><G103/><T56/><D76/><U118/><E118/><V24/><F73/><W91/><REACH who="3" step="1"/><G62/><REACH who="3" ten="440,60,250,240" step="2"/><T30/><D100/><U1/><E1/><V107/><F11/><W64/><G64/><T92/><D9/><U87/><E65/><V122/><F122/><W17/><G17/><T46/><D30/><U112/><E28/><V133/><F133/><W61/><G61/><T98/><D104/><U93/><E31/><V13/><REACH who="2" step="1"/><F27/><REACH who="2" ten="440,60,240,240" step="2"/><W15/><G15/><T108/><D12/><U90/><E112/><V126/><F126/><W29/><G29/><T67/><D26/><U39/><E39/><V88/><F88/><W41/><G41/><T130/><D25/><U14/><E14/><V110/><F110/><W129/><G129/><T96/><D108/><U72/><E131/><V4/><F4/><W113/><G113/><T42/><D42/><U111/><E111/><V43/><F43/><W66/><G66/><T125/><D67/><U82/><E40/><V60/><AGARI ba="1,2" hai="10,13,16,19,23,24,54,58,60,77,79,97,102,107" machi="60" ten="20,8000,1" yaku="1,1,0,1,7,1,54,1,53,1" doraHai="127" doraHaiUra="22" who="2" fromWho="2" sc="440,-41,60,-21,240,103,240,-21" /><INIT seed="1,0,0,3,1,91" ten="399,39,343,219" oya="1" hai0="73,107,4,131,114,46,29,40,18,49,126,119,112" hai1="37,25,108,113,96,100,1,111,27,36,89,115,128" hai2="6,68,23,28,22,21,70,39,31,88,7,98,38" hai3="104,48,135,94,45,83,69,86,105,72,3,99,117"/><U124/><E128/><V43/><F43/><W79/><G3/><T116/><D107/><U71/><E1/><V5/><F98/><W60/><G135/><T62/><D18/><U53/><E89/><V101/><F88/><W41/><G117/><N who="0" m="45131" /><D29/><N who="2" m="11338" /><F101/><W24/><G24/><N who="1" m="9290" /><E71/><AGARI ba="0,0" hai="5,6,7,21,22,23,38,39,68,70,71" m="11338" machi="71" ten="40,2600,0" yaku="28,2" doraHai="91" who="2" fromWho="1" sc="399,0,39,-26,343,26,219,0" /><INIT seed="2,0,0,4,3,54" ten="399,13,369,219" oya="2" hai0="21,9,87,110,102,122,108,32,73,91,85,4,83" hai1="111,61,99,58,128,76,66,15,96,77,119,107,1" hai2="31,20,72,47,10,89,40,132,49,84,94,26,127" hai3="81,70,23,50,17,67,11,101,69,134,100,44,55"/><V133/><F127/><W27/><G134/><T7/><D122/><U117/><E1/><V30/><F72/><W63/><G70/><T123/><D123/><U113/><E113/><V36/><F10/><W38/><G81/><T46/><D32/><U112/><E112/><V45/><REACH who="2" step="1"/><F31/><REACH who="2" ten="399,13,359,219" step="2"/><W14/><REACH who="3" step="1"/><G38/><REACH who="3" ten="399,13,359,209" step="2"/><T65/><D108/><U19/><E111/><V5/><F5/><AGARI ba="0,2" hai="5,11,14,17,23,27,44,50,55,63,67,69,100,101" machi="5" ten="30,3900,0" yaku="1,1,2,1,7,1,53,0" doraHai="54" doraHaiUra="24" who="3" fromWho="2" sc="399,0,13,0,359,-39,209,59" /><INIT seed="3,0,0,2,4,125" ten="399,13,320,268" oya="3" hai0="35,43,88,13,113,4,128,12,18,81,44,49,95" hai1="86,89,129,34,64,99,3,22,50,100,96,23,135" hai2="114,14,74,58,32,56,103,42,26,116,93,87,106" hai3="54,118,53,33,47,21,29,65,83,15,90,105,72"/><W133/><G118/><T122/><D35/><U130/><E34/><V7/><F74/><W92/><G105/><T38/><D122/><U39/><E39/><V102/><F114/><W131/><G33/><T67/><D67/><U57/><E3/><V69/><F69/><W108/><G133/><T62/><D62/><N who="1" m="37967" /><E135/><V48/><F116/><W55/><G108/><T9/><D81/><N who="1" m="49359" /><E50/><V82/><F106/><W101/><G65/><T59/><D18/><U127/><E127/><V110/><F110/><W24/><G72/><T70/><D70/><U107/><E96/><V46/><F32/><W30/><G30/><T119/><D119/><U8/><E8/><N who="2" m="4383" /><F26/><W27/><G27/><T78/><D78/><U1/><E1/><V117/><F117/><W61/><G61/><T85/><D113/><U0/><E0/><V25/><F25/><W132/><G132/><T121/><D121/><U41/><E41/><V109/><F109/><W120/><G120/><T94/><D13/><U11/><E11/><V63/><F93/><W73/><G15/><T66/><D95/><U37/><E37/><V79/><F58/><W124/><G124/><T68/><D68/><U76/><E76/><V80/><F80/><W40/><G83/><T115/><D115/><U28/><E28/><V134/><F134/><W98/><G73/><T5/><D5/><U20/><E20/><V16/><F16/><W104/><G104/><T51/><D38/><U17/><E17/><V77/><F77/><W6/><G6/><T126/><D126/><U2/><E2/><V36/><F36/><N who="3" m="21895" /><G90/><T31/><D88/><RYUUKYOKU ba="0,0" sc="399,-30,13,10,320,10,268,10" hai1="22,23,99,100,107,129,130" hai2="42,46,48,56,63,79,82,87,102,103" hai3="21,24,29,53,54,55,92,98,101,131" /><INIT seed="3,1,0,2,3,89" ten="369,23,330,278" oya="3" hai0="121,31,90,16,65,60,107,75,128,56,24,14,113" hai1="124,3,43,27,52,21,28,15,11,111,32,10,54" hai2="59,112,4,18,86,7,117,26,20,38,62,5,63" hai3="41,85,12,93,92,25,88,116,34,49,119,69,122"/><W97/><G122/><T51/><D121/><U8/><E111/><V39/><F112/><W13/><G69/><T129/><D75/><U106/><E106/><V36/><F117/><W115/><G115/><T84/><D107/><U102/><E124/><V0/><F0/><W23/><G34/><T22/><D113/><U58/><E43/><V76/><F76/><W78/><G119/><T2/><D2/><U70/><E70/><V57/><REACH who="2" step="1"/><F86/><REACH who="2" ten="369,23,320,278" step="2"/><W79/><G116/><T77/><D77/><N who="3" m="29193" /><G41/><T6/><D129/><U81/><E3/><V130/><F130/><W46/><G46/><T132/><D128/><U44/><E44/><V17/><F17/><N who="3" m="12527" /><G49/><T19/><D19/><U83/><E28/><V53/><F53/><W47/><G47/><T127/><D6/><U126/><E54/><V131/><F131/><W120/><G120/><T37/><D37/><U48/><E52/><V1/><F1/><W74/><G74/><T45/><D127/><U50/><E50/><V123/><F123/><W35/><G35/><T98/><D51/><U100/><E126/><V55/><F55/><W103/><AGARI ba="1,1" hai="12,13,85,88,92,93,97,103" m="12527,29193" machi="103" ten="30,11700,0" yaku="8,1,52,2,54,1" doraHai="89" who="3" fromWho="3" sc="369,-40,23,-40,320,-40,278,130" owari="329,13.0,-17,-52.0,280,-12.0,408,51.0" /></mjloggm>