<mjloggm ver="2.3"><GO type="41" lobby="0"/><UN n0="%E3%81%99%E3%81%A3%E3%81%8D%E3%82%8A%E6%A2%85%E9%85%92" n1="%E2%93%9D%53%75%70%68%78" n2="%6D%61%68%61%72%61%6A%61" n3="%74%6B%34%32" dan="15,18,13,13" rate="2066.76,2103.14,1824.27,1871.24" sx="M,M,M,M"/><TAIKYOKU oya="0"/><INIT seed="0,0,0,2,2,37" ten="250,250,250,250" oya="0" hai0="63,15,123,90,94,38,18,35,135,95,39,48,42" hai1="25,6,85,130,7,109,106,0,67,112,84,100,116" hai2="17,103,122,82,92,128,74,47,19,134,12,2,9" hai3="58,121,40,83,34,8,117,50,57,61,31,133,22"/><T23/><D123/><U60/><E116/><V62/><F122/><W52/><G121/><T111/><D35/><U127/><E109/><V44/><F128/><W93/><G133/><T33/><D33/><U81/><E127/><V26/><F134/><W78/><G117/><T89/><D135/><U21/><E85/><V4/><F62/><W70/><G70/><T69/><D111/><U56/><E0/><V113/><F113/><W102/><G34/><T28/><D28/><U68/><E112/><V110/><F110/><W30/><G8/><T13/><D63/><U105/><E68/><V119/><F19/><W75/><G22/><T76/><D69/><U59/><E59/><V46/><F2/><W3/><G3/><T66/><D76/><U71/><E71/><V107/><F74/><W41/><G102/><T24/><D66/><U91/><E130/><V86/><F107/><W131/><G93/><N who="0" m="35339" /><D39/><U120/><E120/><V125/><F125/><W14/><G14/><N who="0" m="5131" /><D38/><U54/><E67/><V29/><F29/><W114/><G114/><T11/><D11/><U77/><E77/><V108/><F108/><W126/><G131/><T99/><D99/><U96/><REACH who="1" step="1"/><E106/><REACH who="1" ten="250,240,250,250" step="2"/><V80/><F119/><W5/><G126/><T124/><D124/><U45/><E45/><AGARI ba="0,1" hai="18,23,24,42,45,48,89,90" m="5131,35339" machi="45" ten="30,2900,0" yaku="8,1,52,1" doraHai="37" who="0" fromWho="1" sc="250,39,240,-29,250,0,250,0" /><INIT seed="0,1,0,3,0,26" ten="289,211,250,250" oya="0" hai0="39,119,37,11,8,21,25,35,113,69,114,106,74" hai1="3,44,115,64,101,132,49,110,16,82,42,97,75" hai2="116,60,57,22,99,84,131,68,59,14,83,56,117" hai3="124,102,134,78,109,103,23,4,95,104,72,27,17"/><T55/><D119/><U98/><E3/><V89/><F131/><W105/><G109/><T13/><D69/><U38/><E110/><V91/><F68/><W10/><G134/><T65/><D65/><U135/><E115/><V62/><F99/><W70/><G70/><T40/><D106/><U111/><E111/><V54/><F59/><W0/><G124/><T58/><D74/><U29/><E64/><V33/><F33/><W50/><G72/><T41/><D39/><U61/><E61/><V73/><F73/><W96/><G78/><T125/><D125/><U93/><E29/><V92/><F22/><W107/><REACH who="3" step="1"/><G50/><REACH who="3" ten="289,211,250,240" step="2"/><T9/><D113/><U45/><E135/><V71/><F71/><W24/><G24/><T130/><D114/><U85/><E75/><V126/><F126/><W36/><G36/><T67/><D37/><U7/><E132/><V2/><F116/><W30/><G30/><T108/><D108/><U122/><E38/><V80/><F2/><W90/><AGARI ba="1,1" hai="0,4,10,17,23,27,90,95,96,102,103,104,105,107" machi="90" ten="30,2000,0" yaku="1,1,0,1,53,0" doraHai="26" doraHaiUra="53" who="3" fromWho="3" sc="289,-11,211,-6,250,-6,240,33" /><INIT seed="1,0,0,4,0,30" ten="278,205,244,273" oya="1" hai0="12,82,111,99,89,62,81,87,2,8,118,128,28" hai1="34,123,125,25,119,69,39,14,97,9,121,115,48" hai2="17,0,37,54,60,1,129,107,49,61,91,133,104" hai3="109,5,6,35,24,92,74,94,110,16,114,100,18"/><U75/><E75/><V27/><F129/><W43/><G74/><T63/><D118/><U42/><E119/><V20/><F37/><W88/><G43/><T23/><D2/><U124/><E48/><V132/><F91/><W86/><G114/><T7/><D111/><N who="3" m="42505" /><G100/><T90/><D128/><U64/><E97/><V83/><F83/><W67/><G67/><T77/><D99/><U56/><E56/><V53/><F27/><W55/><G55/><T93/><D82/><U41/><E115/><V66/><F66/><W52/><G94/><T84/><D77/><U46/><E42/><V116/><F49/><W45/><G6/><T11/><D11/><U40/><E40/><V21/><F17/><W71/><G71/><T78/><D78/><U51/><E51/><V117/><AGARI ba="0,0" hai="0,1,20,21,53,54,60,61,104,107,116,117,132,133" machi="117" ten="25,3200,0" yaku="0,1,22,2" doraHai="30" who="2" fromWho="2" sc="278,-8,205,-16,244,32,273,-8" /><INIT seed="2,0,0,0,1,57" ten="270,189,276,265" oya="2" hai0="60,112,75,92,97,83,2,89,8,123,6,25,107" hai1="93,73,18,24,106,128,0,68,47,49,20,21,114" hai2="22,31,27,56,64,124,82,7,81,94,99,63,62" hai3="88,36,131,29,120,46,108,10,65,28,74,42,44"/><V4/><F124/><W43/><G108/><T12/><D123/><U54/><E114/><V105/><F105/><W5/><G120/><T38/><D112/><U103/><E73/><V96/><F96/><W41/><G131/><T14/><D107/><U119/><E0/><V87/><F82/><W132/><G132/><T77/><D25/><U101/><E119/><V130/><F130/><W16/><G74/><T19/><D19/><U115/><E68/><V72/><F72/><W67/><G42/><T15/><D38/><U66/><E66/><V61/><F7/><W125/><G125/><T69/><REACH who="0" step="1"/><D2/><REACH who="0" ten="260,189,276,265" step="2"/><U126/><E128/><V134/><F134/><W109/><G16/><T37/><D37/><U71/><E106/><V50/><F4/><W76/><G36/><T135/><D135/><U95/><E115/><V98/><F99/><W102/><G5/><T30/><D30/><U122/><E122/><V91/><REACH who="2" step="1"/><F50/><REACH who="2" ten="260,189,266,265" step="2"/><W34/><G109/><T52/><D52/><U1/><E126/><V127/><F127/><W84/><G43/><T116/><D116/><U45/><E49/><V79/><AGARI ba="0,2" hai="22,27,31,56,61,62,63,64,79,81,87,91,94,98" machi="79" ten="20,18000,2" yaku="1,1,0,1,7,1,8,1,52,3,53,0" doraHai="57" doraHaiUra="104" who="2" fromWho="2" sc="260,-60,189,-60,266,200,265,-60" /><INIT seed="2,1,0,2,2,77" ten="200,129,466,205" oya="2" hai0="2,104,33,51,61,58,126,111,91,42,80,115,124" hai1="65,97,114,98,12,107,134,101,113,10,9,112,47" hai2="25,30,90,117,87,23,45,40,106,78,17,62,76" hai3="28,27,64,67,29,88,14,132,92,84,128,34,57"/><V89/><F117/><W135/><G128/><T5/><D33/><U43/><E134/><N who="3" m="51242" /><G29/><T11/><D104/><U73/><E65/><V105/><F106/><W48/><G14/><T100/><D100/><U68/><E68/><V52/><F105/><W108/><G108/><T36/><D36/><U102/><E73/><V83/><F30/><W71/><G71/><T4/><D4/><U19/><E10/><V49/><F90/><W20/><G34/><T86/><D111/><U123/><E123/><V95/><F40/><W103/><G103/><T125/><D115/><U82/><E102/><V41/><F95/><W118/><G118/><T38/><D38/><U46/><E98/><V1/><F1/><W56/><G48/><T110/><D110/><U13/><E13/><V32/><F32/><W63/><G56/><AGARI ba="1,0" hai="17,23,25,41,45,49,52,56,62,76,78,83,87,89" machi="56" ten="40,7700,0" yaku="8,1,52,1,54,1" doraHai="77" who="2" fromWho="3" sc="200,0,129,0,466,80,205,-80" /><INIT seed="2,2,0,0,3,93" ten="200,129,546,125" oya="2" hai0="36,33,1,111,129,70,39,95,82,130,127,46,13" hai1="79,19,104,118,67,88,49,128,123,75,66,102,31" hai2="105,54,32,90,109,53,78,29,22,27,84,81,92" hai3="77,94,65,52,5,113,51,50,117,103,21,7,24"/><V122/><F122/><W35/><G117/><T56/><D1/><U38/><E118/><V9/><F109/><W91/><G113/><T57/><D33/><U40/><E38/><V25/><F105/><W125/><G35/><T64/><D82/><U124/><E31/><V114/><F114/><W12/><G125/><T18/><D127/><U48/><E79/><V86/><F9/><W133/><G133/><T85/><D111/><U41/><E102/><V134/><F134/><W3/><G3/><T101/><D39/><U107/><E124/><V23/><F32/><W30/><G65/><T69/><D69/><U55/><E55/><V72/><F72/><W108/><G77/><T96/><D85/><U2/><E2/><V43/><F43/><W8/><G103/><T4/><D4/><U0/><E0/><V44/><F44/><W76/><G76/><T45/><D45/><U37/><E37/><V97/><F86/><W115/><G108/><T42/><D64/><U63/><E75/><V73/><F73/><W100/><G100/><T83/><D83/><U74/><E74/><V59/><F59/><N who="3" m="33175" /><G51/><T126/><D70/><U120/><E120/><V68/><F68/><W116/><G115/><T20/><REACH who="0" step="1"/><D126/><REACH who="0" ten="190,129,546,125" step="2"/><U11/><E123/><V112/><F112/><W135/><G135/><T58/><AGARI ba="2,1" hai="13,18,20,36,42,46,56,57,58,95,96,101,129,130" machi="58" ten="30,7900,0" yaku="1,1,2,1,0,1,52,1,53,0" doraHai="93" doraHaiUra="87" who="0" fromWho="0" sc="190,95,129,-22,546,-41,125,-22" /><INIT seed="3,0,0,3,5,50" ten="285,107,505,103" oya="3" hai0="89,63,54,45,47,26,61,69,71,38,59,34,42" hai1="19,14,100,0,58,110,74,41,79,82,114,57,85" hai2="132,60,11,13,1,77,128,67,99,46,44,126,52" hai3="127,107,27,101,62,119,33,117,12,40,22,37,70"/><W5/><G127/><T98/><D34/><U109/><E0/><V75/><F126/><W10/><G37/><N who="0" m="21711" /><D26/><U36/><E114/><V131/><F1/><W39/><G39/><T112/><D89/><U16/><E100/><V113/><F113/><W129/><G129/><T23/><D23/><U51/><E36/><V43/><F132/><W135/><G40/><N who="0" m="22935" /><D98/><U97/><E97/><V28/><F28/><N who="3" m="19615" /><G135/><T29/><D29/><U123/><E123/><V83/><F99/><N who="3" m="61887" /><G22/><T121/><D121/><U64/><E41/><V103/><F43/><W94/><G94/><T25/><D25/><U118/><E118/><V8/><F131/><W91/><G91/><T86/><D86/><U17/><E85/><V35/><F35/><W115/><G115/><T68/><D112/><U116/><E116/><V49/><F13/><W120/><G120/><T96/><D96/><U102/><E102/><V122/><F103/><W81/><G81/><T20/><D20/><U31/><E31/><V88/><F122/><W93/><G93/><T4/><D4/><U48/><E14/><V2/><F2/><W32/><G32/><T65/><AGARI ba="0,0" hai="54,59,61,63,65,68,69,71" m="22935,21711" machi="65" ten="30,12000,2" yaku="35,5,52,1" doraHai="50" who="0" fromWho="0" sc="285,120,107,-30,505,-30,103,-60" /><INIT seed="4,0,0,0,3,122" ten="405,77,475,43" oya="0" hai0="50,43,76,11,70,130,104,24,132,54,110,27,55" hai1="117,29,17,113,120,59,85,105,62,71,66,82,31" hai2="15,103,91,20,68,7,80,94,89,30,34,35,79" hai3="125,49,4,45,26,90,84,40,92,28,37,111,67"/><T119/><D119/><U60/><E120/><V96/><F68/><W93/><G125/><T100/><D70/><U81/><E105/><V69/><F35/><W13/><G67/><T86/><D104/><U74/><E117/><V36/><F36/><W106/><G106/><T42/><D100/><U115/><E17/><V1/><F1/><W19/><G4/><T87/><D130/><U112/><E74/><V134/><F34/><W18/><G111/><T108/><D11/><U65/><REACH who="1" step="1"/><E82/><REACH who="1" ten="405,67,475,43" step="2"/><V116/><F116/><W44/><G93/><T78/><D50/><U57/><E57/><V75/><F69/><W32/><REACH who="3" step="1"/><G13/><REACH who="3" ten="405,67,475,33" step="2"/><T33/><D132/><U41/><E41/><AGARI ba="0,2" hai="18,19,26,28,32,37,40,41,44,45,49,84,90,92" machi="41" ten="30,3900,0" yaku="1,1,2,1,7,1,53,0" doraHai="122" doraHaiUra="135" who="3" fromWho="1" sc="405,0,67,-39,475,0,33,59" /><INIT seed="5,0,0,4,2,101" ten="405,28,475,92" oya="1" hai0="22,113,133,16,131,85,117,87,12,47,83,36,114" hai1="103,24,99,21,59,95,25,20,71,61,105,6,66" hai2="84,82,88,93,128,124,97,31,64,134,81,112,79" hai3="4,28,54,70,53,5,69,72,90,67,76,1,119"/><U48/><E6/><V14/><F134/><W30/><G72/><T109/><D133/><U89/><E71/><V39/><F39/><W107/><G76/><T75/><D117/><U55/><E25/><V118/><F118/><W35/><G90/><T23/><D109/><U102/><E21/><V57/><F124/><W125/><G67/><T26/><D131/><U96/><E48/><V41/><F128/><W73/><G73/><T29/><D36/><U18/><REACH who="1" step="1"/><E103/><REACH who="1" ten="405,18,475,92" step="2"/><V123/><F31/><W65/><G30/><T98/><D23/><U51/><E51/><V38/><F38/><W115/><G28/><T33/><D22/><U52/><AGARI ba="0,1" hai="18,20,24,52,55,59,61,66,89,95,96,99,102,105" machi="52" ten="30,12000,1" yaku="1,1,0,1,52,1,54,1,53,1" doraHai="101" doraHaiUra="100" who="1" fromWho="1" sc="405,-40,18,130,475,-40,92,-40" /><INIT seed="5,1,0,5,4,17" ten="365,148,435,52" oya="1" hai0="5,64,19,100,108,21,80,130,6,87,95,88,15" hai1="60,31,39,22,40,103,91,68,67,59,111,114,63" hai2="20,85,1,44,96,81,51,25,58,110,78,84,128" hai3="41,76,57,125,52,82,93,0,11,109,83,120,66"/><U30/><E114/><V2/><F110/><W129/><G109/><T53/><D130/><U117/><E111/><V72/><F128/><W62/><G129/><T38/><D38/><U135/><E117/><V65/><F72/><W34/><G125/><T99/><D108/><U18/><E135/><V61/><F84/><W28/><G120/><T113/><D64/><U89/><E103/><V48/><F48/><W36/><G34/><T134/><D113/><U121/><E121/><V37/><F37/><W10/><G28/><T112/><D112/><U70/><E40/><V107/><F107/><W90/><G66/><T105/><D134/><U126/><E39/><V71/><F96/><W9/><G0/><T119/><D119/><U122/><E126/><V133/><F133/><W77/><G41/><T118/><D118/><U14/><E122/><V32/><F32/><W115/><G36/><T46/><D105/><U104/><E104/><V33/><F33/><W102/><G102/><T50/><AGARI ba="1,0" hai="5,6,15,19,21,46,50,53,80,87,88,95,99,100" machi="50" ten="30,7900,0" yaku="0,1,8,1,52,1,54,1" doraHai="17" who="0" fromWho="0" sc="365,82,148,-40,435,-21,52,-21" /><INIT seed="6,0,0,5,2,22" ten="447,108,414,31" oya="2" hai0="127,130,10,36,110,25,107,61,132,106,119,117,100" hai1="102,84,9,33,7,13,134,112,44,34,38,32,105" hai2="48,67,121,78,35,63,70,5,59,103,27,115,56" hai3="66,82,69,113,90,64,53,75,6,135,23,8,37"/><V131/><F121/><W28/><G37/><T60/><D110/><U50/><E38/><V46/><F78/><W47/><G135/><T86/><D132/><U85/><E134/><V76/><F131/><W31/><G75/><T18/><D36/><U24/><E112/><V65/><F76/><W72/><G72/><T93/><D61/><U116/><E116/><V99/><F65/><W128/><G69/><T52/><D127/><U124/><E124/><V45/><F45/><W57/><G47/><T79/><D100/><U125/><E125/><V14/><F115/><W83/><G31/><T20/><D10/><U74/><E74/><V129/><F129/><W21/><G23/><T114/><D114/><U122/><E122/><V16/><F5/><W2/><G113/><T30/><D30/><U87/><E102/><V58/><F70/><W92/><G128/><T71/><D130/><U120/><E105/><V77/><F77/><W95/><G95/><T29/><D29/><U111/><E111/><V133/><F133/><W11/><G11/><T109/><D109/><U104/><E104/><V39/><F39/><W15/><G66/><N who="0" m="41415" /><D52/><U98/><E120/><V41/><F103/><W19/><G28/><T17/><D17/><U62/><E34/><V42/><F35/><W49/><REACH who="3" step="1"/><G64/><REACH who="3" ten="447,108,414,21" step="2"/><T0/><D117/><U118/><E33/><V88/><F67/><W126/><G126/><T40/><D119/><U12/><E32/><V89/><F46/><W43/><G43/><T96/><D40/><U26/><E118/><V51/><F42/><W3/><G3/><T54/><D0/><RYUUKYOKU ba="0,1" sc="447,-10,108,-10,414,-10,21,30" hai3="2,6,8,15,19,21,49,53,57,82,83,90,92" /><INIT seed="7,1,1,3,2,66" ten="437,98,404,51" oya="3" hai0="25,107,55,71,38,103,102,83,26,62,132,17,60" hai1="99,118,74,58,11,31,8,84,47,45,15,105,85" hai2="22,34,75,106,29,112,20,36,52,35,128,98,77" hai3="93,4,28,12,16,65,14,51,95,90,110,109,7"/><W53/><G28/><T87/><D38/><U134/><E74/><V41/><F128/><W82/><G65/><T37/><D37/><U88/><E134/><V70/><F112/><W113/><G82/><T76/><D71/><U104/><E118/><V117/><F22/><W3/><G3/><T100/><D107/><U135/><E135/><V127/><F127/><W119/><G119/><T30/><D132/><U18/><E31/><V129/><F20/><N who="3" m="11271" /><G113/><T114/><D30/><U111/><E111/><N who="3" m="42506" /><G14/><T43/><D114/><U123/><E15/><V10/><F29/><W44/><G95/><T121/><D121/><U64/><E105/><V57/><F35/><W91/><G90/><T78/><D76/><U79/><E79/><V33/><F34/><W63/><G63/><T115/><D62/><U1/><E1/><V131/><F33/><W40/><G40/><T13/><D43/><U50/><E104/><V67/><F77/><W0/><G0/><T96/><D115/><U56/><E88/><V39/><F75/><W94/><G94/><N who="0" m="58391" /><D25/><U42/><E42/><V124/><F117/><W9/><G9/><N who="0" m="6319" /><D26/><U5/><E11/><V72/><F10/><W21/><G21/><T32/><D32/><U108/><E108/><V120/><F72/><W133/><G133/><T69/><D69/><U27/><E27/><V125/><F120/><W23/><G23/><T48/><D60/><U86/><E123/><V46/><F36/><W54/><G54/><T73/><D73/><U97/><E8/><V19/><F131/><W61/><G61/><T68/><D68/><U24/><E24/><RYUUKYOKU ba="1,1" sc="437,15,98,-15,404,-15,51,15" hai0="48,55,78,83,87,102,103" hai3="4,7,44,51,53,91,93" /><INIT seed="7,2,1,3,2,14" ten="452,83,389,66" oya="3" hai0="35,38,45,113,133,121,130,114,74,110,134,47,2" hai1="16,21,120,76,22,117,124,118,89,8,9,56,70" hai2="64,68,111,40,49,69,135,28,6,10,20,36,66" hai3="86,96,80,129,33,94,99,58,3,77,112,62,52"/><W101/><G112/><N who="0" m="43115" /><D110/><U25/><E70/><V81/><F36/><W85/><G129/><T54/><D121/><U46/><E120/><V78/><F135/><W104/><G33/><T29/><D2/><U102/><E76/><V73/><F69/><W75/><REACH who="3" step="1"/><G3/><REACH who="3" ten="452,83,389,56" step="2"/><T91/><D35/><U108/><E108/><V127/><F111/><W13/><G13/><T43/><D130/><U37/><E118/><V12/><F127/><W100/><AGARI ba="2,2" hai="52,58,62,75,77,80,85,86,94,96,99,100,101,104" machi="100" ten="20,12000,1" yaku="1,1,0,1,7,1,54,1,53,1" doraHai="14" doraHaiUra="88" who="3" fromWho="3" sc="452,-42,83,-42,389,-42,56,146" /><INIT seed="7,3,0,5,5,105" ten="410,41,347,202" oya="3" hai0="74,66,52,6,65,103,121,10,91,34,95,127,109" hai1="2,63,20,48,101,71,24,78,43,19,59,27,55" hai2="79,62,124,7,31,96,107,72,100,116,68,9,89" hai3="41,134,92,118,98,128,132,126,40,57,33,135,39"/><W120/><G118/><T61/><D74/><U53/><E2/><V85/><F116/><W37/><G33/><T81/><D109/><U67/><E101/><V106/><F124/><W112/><G120/><T77/><D121/><U26/><E55/><V64/><F107/><W125/><G112/><T3/><D103/><U82/><E43/><N who="3" m="16458" /><G92/><T35/><D52/><U13/><E82/><V73/><F79/><W30/><G30/><T133/><D133/><U99/><E78/><V93/><REACH who="2" step="1"/><F31/><REACH who="2" ten="410,41,337,202" step="2"/><W15/><G98/><T131/><D127/><N who="3" m="48649" /><G15/><AGARI ba="3,1" hai="7,9,15,62,64,68,72,73,85,89,93,96,100,106" machi="15" ten="30,8000,1" yaku="1,1,7,1,52,2,53,1" doraHai="105" doraHaiUra="86" who="2" fromWho="3" sc="410,0,41,0,337,99,202,-89" owari="410,21.0,41,-46.0,436,54.0,113,-29.0" /></mjloggm>