<mjloggm ver="2.3"><GO type="41" lobby="0"/><UN n0="%E7%99%BD%E7%99%BD%E7%99%BD%E7%99%BD" n1="%E3%81%99%E3%81%AC%E3%81%B2%E3%81%B5%E3%81%A6" n2="%E2%93%9D%53%75%70%68%78" n3="%E3%81%B6%E3%81%95%E3%81%AA%E3%82%8A%E3%81%B2" dan="15,15,17,14" rate="2029.83,2024.29,2051.66,1930.39" sx="M,M,M,M"/><TAIKYOKU oya="0"/><INIT seed="0,0,0,5,2,73" ten="250,250,250,250" oya="0" hai0="134,25,39,74,114,120,123,72,59,50,40,65,130" hai1="92,53,118,104,128,83,90,11,125,64,78,51,19" hai2="93,60,95,99,126,107,70,89,4,0,2,52,48" hai3="109,124,85,32,24,54,135,102,55,69,80,98,20"/><T75/><D114/><U12/><E118/><V103/><F126/><W106/><G109/><T3/><D3/><U18/><E128/><V37/><F37/><W129/><G135/><T63/><D130/><U56/><E125/><V22/><F107/><W121/><G121/><T43/><D134/><U100/><E104/><V133/><F133/><W44/><G124/><T111/><D111/><U101/><E64/><V87/><F4/><W9/><G69/><T105/><D105/><U23/><E92/><V96/><F22/><W13/><G32/><T5/><D5/><U81/><E90/><V10/><F10/><W29/><G44/><T8/><D8/><U94/><E94/><V38/><F38/><W7/><REACH who="3" step="1"/><G129/><REACH who="3" ten="250,250,250,240" step="2"/><T110/><D110/><U16/><E83/><V68/><F68/><W36/><G36/><T115/><D39/><U15/><REACH who="1" step="1"/><E18/><REACH who="1" ten="250,240,250,240" step="2"/><V71/><F99/><W46/><G46/><T132/><D132/><U62/><E62/><V76/><F60/><W30/><G30/><T113/><D63/><U47/><E47/><V131/><F131/><W14/><G14/><T58/><D120/><U77/><E77/><AGARI ba="0,2" hai="7,9,13,20,24,29,54,55,77,80,85,98,102,106" machi="77" ten="30,7700,0" yaku="1,1,7,1,52,1,53,1" doraHai="73" doraHaiUra="79" who="3" fromWho="1" sc="250,0,240,-77,250,0,240,97" /><INIT seed="1,0,0,3,0,75" ten="250,163,250,337" oya="1" hai0="134,26,119,86,36,101,47,65,108,83,98,12,23" hai1="94,2,64,103,105,78,79,31,60,116,1,96,130" hai2="80,46,50,27,6,54,4,97,0,18,107,70,100" hai3="115,74,88,76,7,117,112,66,122,55,24,28,90"/><U41/><E116/><V133/><F133/><W51/><G122/><T52/><D108/><U61/><E130/><V5/><F70/><W32/><G117/><T87/><D134/><U22/><E41/><V57/><F0/><W95/><G7/><T127/><D127/><U40/><E40/><V106/><F106/><W123/><G123/><T53/><D65/><U110/><E110/><V99/><F99/><W34/><G34/><T42/><D12/><U3/><E105/><V84/><F27/><W33/><G33/><T63/><D63/><U85/><E85/><V132/><F18/><W49/><G66/><T15/><D15/><U77/><REACH who="1" step="1"/><E64/><REACH who="1" ten="250,153,250,337" step="2"/><V125/><F132/><W20/><G115/><T67/><D67/><U39/><E39/><V58/><REACH who="2" step="1"/><F125/><REACH who="2" ten="250,153,240,337" step="2"/><W114/><G114/><T17/><D119/><U91/><E91/><AGARI ba="0,2" hai="4,5,6,46,50,54,57,58,80,84,91,97,100,107" machi="91" ten="40,2600,0" yaku="1,1,2,1,53,0" doraHai="75" doraHaiUra="131" who="2" fromWho="1" sc="250,0,153,-26,240,46,337,0" /><INIT seed="2,0,0,2,3,124" ten="250,127,286,337" oya="2" hai0="97,52,126,96,65,4,38,32,55,132,25,77,57" hai1="121,76,107,12,6,49,114,74,99,92,20,15,1" hai2="68,82,87,119,26,71,8,44,79,36,21,81,86" hai3="129,0,42,23,2,111,106,34,30,29,13,110,101"/><V115/><F115/><W24/><G42/><T7/><D38/><U54/><E107/><V61/><F119/><W59/><G59/><T46/><D126/><U100/><E114/><V3/><F61/><W109/><G106/><T11/><D132/><U5/><E76/><V125/><F125/><W135/><G101/><T120/><D120/><U69/><E74/><V91/><F3/><W37/><G37/><T9/><D77/><U50/><E69/><V117/><F8/><W103/><G103/><T53/><D46/><U94/><E1/><V133/><F117/><W22/><G135/><T56/><D32/><U45/><E94/><V43/><REACH who="2" step="1"/><F133/><REACH who="2" ten="250,127,276,337" step="2"/><W98/><G0/><T122/><D122/><U72/><E121/><V105/><F105/><W112/><G2/><T104/><D104/><U41/><E6/><V108/><F108/><W18/><G112/><T70/><D70/><U113/><E5/><V27/><F27/><N who="3" m="18751" /><G98/><T75/><D25/><U89/><E113/><V64/><F64/><W48/><G48/><T90/><D65/><U118/><E118/><V67/><F67/><W88/><G111/><T40/><D11/><U85/><E50/><V17/><AGARI ba="0,1" hai="17,21,26,36,43,44,68,71,79,81,82,86,87,91" machi="17" ten="20,3900,0" yaku="1,1,0,1,7,1,53,0" doraHai="124" doraHaiUra="134" who="2" fromWho="2" sc="250,-13,127,-13,276,49,337,-13" /><INIT seed="2,1,0,4,3,111" ten="237,114,325,324" oya="2" hai0="77,10,51,12,33,69,128,8,46,40,21,54,103" hai1="35,17,127,57,65,91,9,134,2,60,120,110,96" hai2="80,44,55,34,78,66,14,82,42,36,88,72,62" hai3="63,81,123,94,48,0,100,104,11,107,68,102,61"/><V38/><F34/><W7/><G123/><T27/><D128/><U13/><E110/><V109/><F109/><W56/><G107/><T84/><D69/><U132/><E120/><V73/><F55/><W130/><G104/><T22/><D103/><U59/><E127/><V105/><F105/><W3/><G68/><T85/><D33/><U112/><E35/><V64/><F14/><W58/><G48/><T19/><D21/><U122/><E122/><V45/><F62/><W20/><G20/><T131/><D131/><U16/><E2/><V101/><F101/><W135/><G135/><T79/><D10/><U43/><E43/><V15/><F15/><W71/><G71/><T67/><D67/><U47/><E47/><V76/><REACH who="2" step="1"/><F88/><REACH who="2" ten="237,114,315,324" step="2"/><W31/><G0/><T97/><D97/><U114/><E60/><V129/><F129/><W18/><G130/><T50/><D79/><U108/><E108/><V98/><F98/><W6/><G102/><T25/><D77/><U125/><E65/><V49/><F49/><W95/><G100/><T83/><D51/><U29/><E91/><V86/><F86/><W4/><G3/><T52/><D27/><U116/><E96/><V92/><F92/><N who="3" m="35371" /><G63/><T106/><D106/><U126/><E116/><V1/><F1/><W30/><G61/><T93/><D93/><U70/><E13/><V119/><F119/><W99/><G99/><T26/><D26/><U118/><E118/><V39/><F39/><W24/><G24/><T37/><D37/><U121/><E121/><V41/><AGARI ba="1,1" hai="36,38,41,42,44,45,64,66,72,73,76,78,80,82" machi="41" ten="30,12000,1" yaku="1,1,0,1,32,3,53,0" doraHai="111" doraHaiUra="87" who="2" fromWho="2" sc="237,-41,114,-41,315,133,324,-41" /><INIT seed="2,2,0,3,2,70" ten="196,73,448,283" oya="2" hai0="29,35,24,10,135,9,2,55,133,92,121,103,111" hai1="53,61,87,12,46,5,57,114,84,107,18,64,108" hai2="127,86,116,1,106,101,42,52,74,125,66,36,8" hai3="51,120,65,6,97,20,94,0,89,82,104,112,129"/><V25/><F116/><W80/><G120/><T28/><D121/><U134/><E114/><V7/><F86/><W49/><G129/><T3/><D55/><U4/><E108/><V132/><F52/><W130/><G130/><T117/><D92/><U11/><E107/><V32/><F132/><W123/><G123/><T59/><D59/><U15/><E134/><N who="0" m="51209" /><D103/><U122/><E122/><V30/><F66/><W100/><G112/><T37/><D111/><U90/><E15/><V58/><F58/><W23/><G65/><T115/><D115/><U128/><E128/><V63/><F63/><W67/><G67/><T50/><D50/><U19/><E19/><V95/><F95/><W99/><G0/><N who="0" m="43" /><D117/><U40/><E87/><V54/><F54/><W118/><G118/><T85/><D37/><U45/><E45/><N who="2" m="23751" /><F74/><W102/><G89/><T93/><D93/><U17/><E17/><V126/><F101/><W16/><G6/><T96/><D96/><U77/><E77/><V124/><F124/><W71/><G71/><T76/><D76/><U44/><E44/><V27/><F27/><W21/><G16/><T48/><D48/><N who="1" m="28823" /><E40/><V75/><F75/><W22/><N who="3" m="5120" /><DORA hai="119" /><W113/><G113/><T43/><D43/><U41/><E41/><V34/><F106/><W105/><G94/><AGARI ba="2,0" hai="4,5,11,12,18,57,61,64,84,90,94" m="28823" machi="94" ten="30,1000,0" yaku="8,1" doraHai="70,119" who="1" fromWho="3" sc="196,0,73,16,448,0,283,-16" /><INIT seed="3,0,0,3,5,135" ten="196,89,448,267" oya="3" hai0="1,12,44,43,80,64,113,21,65,97,48,5,127" hai1="103,58,29,40,62,74,7,133,107,22,2,30,33" hai2="94,123,45,57,128,69,98,17,78,96,10,47,0" hai3="126,51,110,16,25,106,104,76,35,91,108,117,63"/><W82/><G117/><T85/><D1/><U18/><E133/><V56/><F128/><W37/><G37/><T60/><D113/><U9/><E74/><V11/><F78/><W77/><G63/><T28/><D97/><U124/><E40/><V100/><F69/><W131/><G131/><T54/><D28/><U27/><E30/><V20/><F0/><W71/><G71/><T122/><D122/><U59/><E103/><V3/><F3/><W4/><G4/><T31/><D31/><U24/><E107/><V90/><F123/><W79/><G35/><T105/><D105/><U89/><E89/><V109/><F109/><N who="3" m="42091" /><G51/><T118/><D118/><U34/><E34/><V111/><F111/><W121/><G121/><T125/><D60/><U92/><E92/><V23/><F100/><W119/><G119/><T134/><D54/><U6/><E6/><V19/><F94/><W52/><G126/><N who="0" m="48139" /><D134/><U120/><E120/><V50/><F50/><W75/><G52/><T14/><D21/><U72/><E124/><V36/><F36/><W42/><G42/><T84/><D84/><U61/><E61/><V116/><F116/><W67/><G67/><N who="0" m="25675" /><D5/><U114/><E62/><V132/><F132/><W87/><G75/><T88/><AGARI ba="0,0" hai="12,14,43,44,48,80,85,88" m="25675,48139" machi="88" ten="30,8000,1" yaku="18,1,52,3,54,1" doraHai="135" who="0" fromWho="0" sc="196,80,89,-20,448,-20,267,-40" /><INIT seed="4,0,0,0,2,108" ten="276,69,428,227" oya="0" hai0="86,74,68,32,114,102,92,91,67,112,59,89,0" hai1="79,105,103,122,125,33,78,66,113,80,82,124,50" hai2="127,3,48,101,10,135,121,123,119,8,52,133,4" hai3="30,132,34,13,22,118,39,9,44,7,28,27,45"/><T16/><D68/><U51/><E66/><V26/><F127/><N who="1" m="48713" /><E33/><V2/><F101/><W63/><G39/><T25/><D0/><U106/><E51/><V64/><F119/><W54/><G118/><T96/><D74/><N who="1" m="43095" /><E50/><V62/><F26/><W104/><G104/><N who="1" m="40042" /><E122/><V17/><F17/><W120/><G63/><N who="0" m="38399" /><D32/><U98/><E103/><V94/><F64/><W71/><G71/><T38/><D38/><U99/><E113/><N who="0" m="43625" /><D86/><AGARI ba="0,0" hai="79,82,86,98,99" m="40042,43095,48713" machi="86" ten="30,3900,0" yaku="18,1,34,2" doraHai="108" who="1" fromWho="0" sc="276,-39,69,39,428,0,227,0" /><INIT seed="5,0,0,0,3,47" ten="237,108,428,227" oya="1" hai0="112,127,116,108,97,130,53,37,11,34,87,21,119" hai1="5,93,19,85,16,88,84,106,45,72,52,133,4" hai2="81,65,129,58,26,91,49,27,39,120,59,63,79" hai3="123,105,33,0,89,124,110,56,92,99,69,71,134"/><U82/><E133/><V66/><F39/><W76/><G123/><T101/><D34/><U44/><E106/><V38/><F38/><W30/><G110/><T35/><D35/><U94/><E72/><V7/><F129/><W9/><G76/><T125/><D37/><U102/><E102/><V43/><F7/><N who="1" m="2633" /><E94/><V80/><F120/><W51/><G0/><T117/><D108/><U31/><E31/><V24/><F91/><W113/><G9/><T67/><D67/><U12/><E19/><V126/><F126/><N who="0" m="48138" /><D53/><U41/><E41/><V78/><F43/><W90/><G71/><T64/><D64/><U13/><E13/><V111/><F111/><W104/><G69/><T60/><D60/><U8/><E52/><N who="2" m="32015" /><F66/><W98/><G30/><T22/><D130/><U95/><E93/><V118/><F118/><W46/><G92/><N who="0" m="58535" /><D112/><U40/><E40/><V86/><F81/><W132/><G124/><T23/><D87/><U68/><E68/><V74/><F74/><W70/><G70/><T122/><D122/><U115/><E115/><V14/><F86/><W20/><G33/><T3/><D3/><U25/><E25/><V32/><F32/><W75/><G75/><T77/><D77/><AGARI ba="0,0" hai="8,12,16,44,45,77,82,84,85,88,95" m="2633" machi="77" ten="30,5800,0" yaku="8,1,54,2" doraHai="47" who="1" fromWho="0" sc="237,-58,108,58,428,0,227,0" /><INIT seed="5,1,0,0,2,46" ten="179,166,428,227" oya="1" hai0="98,18,28,88,58,119,23,7,125,53,73,81,38" hai1="4,51,132,79,110,31,21,130,80,87,19,124,99" hai2="0,54,52,105,48,9,22,92,74,72,134,50,126" hai3="91,16,1,93,66,3,10,85,29,102,116,36,45"/><U5/><E132/><V97/><F105/><W25/><G116/><T115/><D38/><U63/><E130/><V95/><F126/><W103/><G66/><T100/><D125/><U61/><E124/><V111/><F111/><W83/><G1/><T78/><D119/><U71/><E31/><V114/><F22/><W40/><G3/><T43/><D115/><U8/><E110/><V47/><F95/><W135/><G135/><T49/><D7/><N who="1" m="2635" /><E8/><V14/><F0/><W123/><G123/><T70/><D70/><U101/><E71/><V6/><F114/><W129/><G129/><T30/><D43/><U127/><E127/><V35/><F35/><W107/><G107/><T86/><D100/><U59/><E99/><V113/><F134/><W67/><G67/><T55/><D55/><N who="1" m="32255" /><E101/><V89/><F113/><W27/><G103/><T39/><D39/><U37/><E37/><V41/><F41/><W33/><G102/><T13/><REACH who="0" step="1"/><D98/><REACH who="0" ten="169,166,428,227" step="2"/><U117/><E117/><V121/><F121/><W68/><G68/><T42/><D42/><U11/><E11/><V82/><F97/><W106/><G106/><T94/><AGARI ba="1,1" hai="13,18,23,28,30,49,53,58,73,78,81,86,88,94" machi="94" ten="20,16000,3" yaku="1,1,0,1,7,1,25,2,52,1,54,1,53,2" doraHai="46" doraHaiUra="26" who="0" fromWho="0" sc="169,173,166,-81,428,-41,227,-41" /><INIT seed="6,0,0,2,1,52" ten="342,85,387,186" oya="2" hai0="81,74,57,32,127,43,23,77,129,105,92,1,83" hai1="122,7,5,49,53,8,110,37,128,84,47,41,14" hai2="88,62,112,2,73,80,29,71,107,3,101,45,46" hai3="100,44,36,95,25,40,133,12,63,56,93,6,35"/><V4/><F112/><W102/><G133/><T55/><D32/><U91/><E110/><V109/><F29/><W0/><G0/><T26/><D105/><U99/><E128/><V76/><F46/><W96/><G35/><T104/><D104/><U103/><E122/><V42/><F88/><W89/><G25/><T69/><D69/><U28/><E28/><V20/><F20/><W60/><G102/><T68/><D68/><U59/><E7/><V117/><F117/><W9/><REACH who="3" step="1"/><G56/><REACH who="3" ten="342,85,387,176" step="2"/><T13/><D57/><U64/><E64/><V16/><F3/><W50/><G50/><T82/><D1/><U114/><E114/><V51/><F101/><W19/><G19/><T34/><D26/><U33/><E33/><V121/><F16/><W24/><G24/><T90/><D34/><U120/><E120/><V123/><F123/><W27/><G27/><T67/><D13/><U15/><E15/><V22/><F2/><W54/><G54/><T135/><D55/><U131/><E131/><V132/><F51/><W48/><G48/><T79/><D67/><U134/><E134/><V119/><F132/><W75/><G75/><T66/><D66/><U85/><REACH who="1" step="1"/><E91/><REACH who="1" ten="342,75,387,176" step="2"/><V125/><F121/><W65/><G65/><T61/><D90/><U18/><E18/><V124/><F4/><W70/><G70/><T98/><D135/><U115/><E115/><V39/><F71/><W113/><G113/><T11/><D129/><U10/><E10/><V118/><F118/><W38/><G38/><T126/><D11/><U58/><E58/><V116/><F116/><W86/><AGARI ba="0,2" hai="6,9,12,36,40,44,60,63,86,89,93,95,96,100" machi="86" ten="20,5200,0" yaku="1,1,5,1,0,1,7,1,53,0" doraHai="52" doraHaiUra="108" who="3" fromWho="3" sc="342,-13,75,-13,387,-26,176,72" /><BYE who="1" /><INIT seed="7,0,0,3,1,73" ten="329,62,361,248" oya="3" hai0="117,115,109,51,85,33,69,7,49,106,71,8,87" hai1="96,23,66,88,60,70,116,74,36,94,129,105,10" hai2="86,20,56,61,75,119,65,111,37,14,43,83,39" hai3="50,114,90,2,79,63,34,15,0,21,98,68,32"/><W62/><G114/><UN n1="%E3%81%99%E3%81%AC%E3%81%B2%E3%81%B5%E3%81%A6" /><T122/><D109/><U67/><E67/><BYE who="1" /><V112/><F75/><W44/><G68/><T123/><D106/><U5/><E5/><V130/><F119/><W76/><G34/><T121/><D33/><U55/><E55/><V128/><F111/><W92/><G32/><T28/><D28/><U57/><E57/><V27/><F14/><W54/><G0/><T102/><D102/><U78/><E78/><N who="3" m="29738" /><G2/><T41/><D117/><U101/><E101/><V1/><F1/><W77/><N who="3" m="29746" /><W100/><DORA hai="9" /><G100/><T30/><D30/><U6/><E6/><V3/><F3/><W52/><G54/><T95/><D115/><U35/><E35/><V4/><F112/><W22/><G22/><T48/><D41/><U99/><E99/><V46/><F20/><W126/><G126/><T38/><D38/><U127/><E127/><V135/><F39/><W59/><G59/><T84/><D95/><U17/><E17/><AGARI ba="0,0" hai="15,17,21,44,50,52,62,63,90,92,98" m="29746" machi="17" ten="30,18000,2" yaku="8,1,52,5,54,1" doraHai="73,9" who="3" fromWho="1" sc="329,0,62,-180,361,0,248,180" owari="329,-7.0,-118,-62.0,361,16.0,428,53.0" /></mjloggm>