<mjloggm ver="2.3"><GO type="41" lobby="0"/><UN n0="%47%69%6B%75%74%6F%7A" n1="%E2%93%9D%53%75%70%68%78" n2="%E3%81%AD%E3%81%93%E3%81%B1%E3%82%93%E3%81%A1" n3="%E7%99%BD%E4%BA%AC%E6%A1%83" dan="13,17,14,14" rate="1801.05,2060.30,1921.89,1914.29" sx="M,M,M,F"/><TAIKYOKU oya="0"/><INIT seed="0,0,0,2,5,52" ten="250,250,250,250" oya="0" hai0="99,16,39,25,76,114,13,20,84,111,110,120,42" hai1="116,40,94,62,134,67,128,51,118,119,124,11,103" hai2="47,65,80,23,5,74,88,113,77,86,2,129,109" hai3="43,68,4,54,14,17,63,10,41,53,36,98,75"/><T123/><D114/><U85/><E11/><N who="2" m="2487" /><F23/><W95/><G75/><T92/><D39/><U100/><E128/><V34/><F65/><W135/><G135/><T27/><D42/><U33/><E124/><V73/><F34/><W29/><G29/><T132/><D132/><U106/><E106/><V66/><F66/><W12/><G53/><T6/><D76/><U30/><E134/><V102/><F74/><W3/><G3/><T83/><D83/><U56/><E33/><V15/><F15/><W64/><G54/><T82/><D82/><U1/><E1/><V87/><F87/><W101/><REACH who="3" step="1"/><G36/><REACH who="3" ten="250,250,250,240" step="2"/><T57/><D123/><U58/><E30/><V9/><F113/><W69/><G69/><T19/><D120/><U0/><E0/><V121/><F121/><W70/><G70/><T125/><D125/><U32/><E119/><V45/><F73/><W24/><G24/><T127/><D127/><U60/><E118/><V49/><F77/><W130/><G130/><T81/><D27/><U31/><E31/><V104/><F129/><W126/><G126/><T26/><D26/><U37/><E37/><V55/><F55/><W97/><G97/><T35/><D99/><U107/><E116/><V90/><F49/><W115/><G115/><T105/><D25/><U112/><E51/><V59/><F59/><W96/><G96/><T8/><D57/><U79/><E58/><V133/><F133/><W93/><G93/><T46/><D92/><U50/><E112/><V7/><F104/><W38/><G38/><T21/><D105/><U44/><E107/><V117/><F117/><RYUUKYOKU ba="0,1" sc="250,-10,250,-10,250,-10,240,30" hai3="4,10,12,14,17,41,43,63,64,68,95,98,101" /><INIT seed="1,1,1,2,2,108" ten="240,240,240,270" oya="1" hai0="47,12,118,50,100,72,54,90,94,2,13,11,53" hai1="44,22,104,61,30,109,102,101,67,69,82,24,37" hai2="66,103,65,76,20,3,40,18,51,71,93,107,88" hai3="39,122,5,29,116,95,129,34,73,91,134,117,96"/><U38/><E109/><V36/><F3/><W87/><G122/><T70/><D72/><U120/><E120/><V80/><F71/><W106/><G39/><T27/><D70/><U83/><E38/><V56/><F36/><W98/><G5/><T10/><D100/><U79/><E83/><V74/><F40/><W42/><G42/><T78/><D27/><U132/><E132/><V110/><F110/><W77/><G134/><T14/><D78/><U9/><E104/><V35/><F35/><W58/><G98/><T6/><D118/><U21/><E9/><V32/><F32/><W125/><G129/><T31/><D31/><U115/><E115/><V15/><F103/><W45/><G45/><T64/><D64/><U52/><E22/><V84/><F107/><W127/><G58/><T43/><REACH who="0" step="1"/><D11/><REACH who="0" ten="230,240,240,270" step="2"/><U55/><E102/><V46/><F46/><W1/><G29/><T62/><D62/><U63/><E101/><V17/><F17/><W112/><G117/><T133/><D133/><U25/><E63/><V81/><F80/><W57/><G116/><T126/><D126/><U28/><E44/><V111/><REACH who="2" step="1"/><F111/><REACH who="2" ten="230,240,230,270" step="2"/><W49/><G125/><T68/><D68/><U7/><E69/><V60/><F60/><W26/><G127/><T75/><D75/><N who="1" m="43391" /><E61/><V113/><F113/><W85/><G112/><T119/><D119/><U23/><E67/><V41/><F41/><W0/><G73/><T33/><D33/><U99/><E30/><V105/><F105/><W124/><G34/><T97/><AGARI ba="1,3" hai="2,6,10,12,13,14,43,47,50,53,54,90,94,97" machi="97" ten="30,4000,0" yaku="1,1,0,1,53,1" doraHai="108" doraHaiUra="4" who="0" fromWho="0" sc="230,73,240,-21,230,-11,270,-11" /><INIT seed="2,0,0,4,3,24" ten="303,219,219,259" oya="2" hai0="62,105,75,70,97,87,127,36,55,30,113,71,5" hai1="98,51,111,11,0,9,45,93,68,6,34,33,82" hai2="131,130,43,15,1,78,59,72,104,35,28,31,52" hai3="7,88,20,107,69,116,96,92,122,8,117,58,29"/><V61/><F1/><W86/><G122/><T54/><D113/><U89/><E111/><V84/><F104/><W13/><G69/><T12/><D36/><U4/><E68/><V76/><F35/><W56/><G107/><T125/><D75/><U124/><E124/><V74/><F43/><W17/><G56/><T27/><D87/><U101/><E82/><N who="2" m="47191" /><F76/><W53/><G29/><N who="2" m="11337" /><F15/><W63/><REACH who="3" step="1"/><G86/><REACH who="3" ten="303,219,219,249" step="2"/><T121/><D121/><U135/><E34/><V99/><F99/><W115/><G115/><T73/><D71/><U64/><E33/><V66/><F66/><W103/><G103/><T44/><D73/><U3/><E64/><V25/><F25/><AGARI ba="0,1" hai="7,8,13,17,20,25,53,58,63,88,92,96,116,117" machi="25" ten="30,8000,1" yaku="1,1,7,1,25,2,54,1,53,0" doraHai="24" doraHaiUra="134" who="3" fromWho="2" sc="303,0,219,0,219,-80,249,90" /><INIT seed="3,0,0,4,5,18" ten="303,219,139,339" oya="3" hai0="49,55,134,34,81,25,82,59,65,56,104,125,19" hai1="6,113,123,92,15,57,83,60,0,128,80,31,54" hai2="38,68,11,88,52,127,72,58,50,90,117,74,121" hai3="21,37,12,77,96,40,20,42,45,16,63,22,118"/><W106/><G118/><T105/><D34/><U3/><E113/><V61/><F117/><W76/><G42/><T108/><D108/><U36/><E128/><V131/><F131/><W28/><G28/><T102/><D125/><U10/><E123/><V122/><F127/><W126/><G126/><T48/><D134/><U32/><E36/><V107/><F107/><W24/><G24/><T46/><D65/><U119/><E119/><V111/><F38/><W101/><REACH who="3" step="1"/><G63/><REACH who="3" ten="303,219,139,329" step="2"/><T103/><D25/><U13/><E31/><V94/><F122/><W53/><G53/><T116/><D55/><U51/><E60/><V129/><F121/><W95/><G95/><T110/><D116/><U86/><E92/><V23/><F129/><W120/><G120/><T100/><D105/><U8/><E32/><V87/><F61/><W47/><G47/><T135/><D104/><U41/><E41/><V99/><F111/><W89/><G89/><T66/><D46/><U7/><REACH who="1" step="1"/><E83/><REACH who="1" ten="303,209,139,329" step="2"/><V64/><F94/><W35/><G35/><T91/><D82/><U114/><E114/><V98/><F52/><W44/><G44/><T33/><D81/><U97/><E97/><V39/><F99/><W69/><G69/><T112/><D33/><U43/><E43/><V70/><F98/><W2/><G2/><T132/><D110/><U27/><E27/><V29/><F70/><W78/><AGARI ba="0,2" hai="12,16,20,21,22,37,40,45,76,77,78,96,101,106" machi="78" ten="30,18000,2" yaku="1,1,0,1,52,3,54,1,53,0" doraHai="18" doraHaiUra="85" who="3" fromWho="3" sc="303,-60,209,-60,139,-60,329,200" /><INIT seed="3,1,0,0,5,48" ten="243,149,79,529" oya="3" hai0="110,5,29,0,10,79,33,26,116,133,135,112,57" hai1="34,65,95,64,42,132,99,101,56,125,23,107,97" hai2="115,85,86,73,100,80,52,117,58,14,24,92,51" hai3="28,130,67,15,16,118,19,121,128,94,129,108,2"/><W127/><G2/><T111/><D79/><U75/><E34/><V105/><F115/><W106/><G106/><T13/><D57/><U22/><E75/><V69/><F69/><W18/><G118/><T38/><D38/><U44/><E132/><N who="0" m="50761" /><D116/><U78/><E125/><V6/><F105/><W72/><G108/><N who="0" m="41515" /><D112/><U60/><E78/><V89/><F73/><W39/><G39/><T55/><D55/><U49/><REACH who="1" step="1"/><E65/><REACH who="1" ten="243,139,79,529" step="2"/><V17/><F117/><W124/><G67/><T119/><D119/><U53/><E53/><V47/><F6/><W36/><G72/><T20/><D33/><U63/><E63/><V66/><F66/><W81/><G124/><T12/><AGARI ba="1,1" hai="0,5,10,12,13,20,26,29" m="41515,50761" machi="12" ten="40,8000,1" yaku="20,1,14,1,34,2" doraHai="48" who="0" fromWho="0" sc="243,93,139,-21,79,-21,529,-41" /><INIT seed="4,0,0,0,3,133" ten="336,118,58,488" oya="0" hai0="124,78,88,39,9,21,28,121,115,0,86,127,134" hai1="85,94,12,106,51,72,113,107,30,8,20,17,120" hai2="35,91,83,128,37,96,116,52,24,82,18,3,10" hai3="13,95,68,69,34,74,66,77,90,32,27,112,31"/><T89/><D121/><U33/><E72/><V125/><F37/><W105/><G105/><T97/><D39/><U49/><E120/><V61/><F35/><W29/><G13/><T5/><D134/><U101/><E33/><V15/><F3/><W135/><G112/><T48/><D115/><U65/><E107/><V36/><F36/><W84/><G66/><T81/><D48/><U11/><E106/><V98/><F98/><W119/><G119/><T108/><D108/><U26/><E65/><V103/><F103/><W110/><G110/><T111/><D111/><U4/><E113/><V1/><F1/><W87/><G74/><T50/><D50/><U2/><REACH who="1" step="1"/><E85/><REACH who="1" ten="336,108,58,488" step="2"/><V59/><F116/><W123/><G123/><T109/><D109/><U58/><E58/><V19/><F128/><W53/><G84/><T67/><D67/><U47/><E47/><V118/><F118/><W62/><G69/><T45/><D45/><U43/><E43/><V73/><F73/><W40/><G40/><T70/><D70/><U38/><E38/><V54/><F54/><W129/><G68/><T104/><D104/><U57/><E57/><V80/><F52/><W102/><G129/><T99/><D97/><AGARI ba="0,1" hai="2,4,8,11,12,17,20,26,30,49,51,94,97,101" machi="97" ten="40,1300,0" yaku="1,1,53,0" doraHai="133" doraHaiUra="117" who="1" fromWho="0" sc="336,-13,108,23,58,0,488,0" /><INIT seed="5,0,0,2,3,128" ten="323,131,58,488" oya="1" hai0="53,31,10,22,124,135,0,20,93,25,82,8,50" hai1="111,35,14,102,108,15,40,19,42,30,126,7,97" hai2="56,80,84,29,72,24,6,109,132,23,18,134,74" hai3="62,28,120,115,119,63,48,81,1,36,110,49,21"/><U127/><E7/><V69/><F69/><W87/><G36/><T101/><D124/><N who="1" m="47659" /><E30/><V68/><F68/><W54/><G110/><N who="1" m="42026" /><E35/><V116/><F116/><W2/><G115/><T75/><D0/><U67/><E67/><V89/><F109/><W32/><G32/><T12/><D22/><N who="1" m="11639" /><E15/><V57/><F6/><W114/><G114/><T11/><D82/><U85/><E85/><V76/><F29/><W112/><G112/><T73/><D93/><AGARI ba="0,0" hai="40,42,93,97,102" m="11639,42026,47659" machi="93" ten="30,2900,0" yaku="18,1,10,1" doraHai="128" who="1" fromWho="0" sc="323,-29,131,29,58,0,488,0" /><INIT seed="5,1,0,4,1,39" ten="294,160,58,488" oya="1" hai0="71,124,134,73,123,20,51,98,45,87,63,69,4" hai1="127,24,11,133,67,111,6,62,129,82,117,21,37" hai2="33,22,46,76,85,2,40,89,53,65,112,81,47" hai3="96,34,59,35,119,78,66,114,91,74,95,23,93"/><U116/><E129/><V68/><F33/><W60/><G114/><T107/><D73/><U100/><E133/><V121/><F2/><W126/><G126/><T14/><D124/><U64/><E127/><V118/><F121/><W94/><G119/><T15/><D134/><U3/><E67/><V57/><F118/><W29/><G74/><T50/><D87/><U5/><E5/><V25/><F112/><W30/><G78/><T13/><D107/><U84/><E37/><V58/><F47/><W102/><G30/><T18/><D98/><U49/><E100/><V27/><F68/><W38/><G38/><T125/><D125/><U104/><E49/><N who="2" m="26823" /><F65/><W61/><G61/><T72/><D72/><U79/><E111/><V86/><F53/><W90/><G35/><T12/><D123/><U80/><E104/><V43/><F43/><W83/><G34/><T26/><D63/><U55/><E55/><V70/><F70/><N who="3" m="42311" /><G29/><T31/><D4/><U28/><REACH who="1" step="1"/><E82/><REACH who="1" ten="294,150,58,488" step="2"/><N who="2" m="47303" /><F27/><W115/><G83/><T32/><REACH who="0" step="1"/><D51/><REACH who="0" ten="284,150,58,488" step="2"/><U42/><E42/><AGARI ba="1,2" hai="12,13,14,15,18,20,26,31,32,42,45,50,69,71" machi="42" ten="40,5200,0" yaku="1,1,2,1,52,1,53,0" doraHai="39" doraHaiUra="54" who="0" fromWho="1" sc="284,75,150,-55,58,0,488,0" /><INIT seed="6,0,0,3,1,116" ten="359,95,58,488" oya="2" hai0="34,101,59,28,40,44,115,63,92,58,103,82,66" hai1="10,5,114,122,51,31,76,79,125,62,36,128,19" hai2="15,73,43,25,131,32,39,27,89,65,71,13,129" hai3="100,88,74,133,98,30,96,85,2,21,47,123,49"/><V18/><F73/><W91/><G2/><T135/><D115/><U4/><E36/><V46/><F32/><W117/><G74/><T17/><D135/><U38/><E38/><V26/><F89/><W104/><G133/><T95/><D34/><U53/><E128/><N who="2" m="49227" /><F18/><W87/><G117/><T93/><D28/><U132/><E79/><V130/><N who="2" m="49235" /><V57/><DORA hai="52" /><F71/><W55/><G123/><T83/><D17/><U108/><E122/><V23/><F23/><W6/><G6/><T24/><D24/><N who="2" m="6146" /><V60/><AGARI ba="0,0" hai="13,15,39,43,46,57,60,65" m="6146,49235" machi="60" ten="50,9600,0" yaku="4,1,19,1,52,1" doraHai="116,52" who="2" fromWho="2" sc="359,-32,95,-32,58,96,488,-32" /><INIT seed="6,1,0,4,3,19" ten="327,63,154,456" oya="2" hai0="124,16,37,118,42,119,52,77,5,38,21,11,85" hai1="121,74,128,131,1,98,72,25,100,109,82,129,107" hai2="55,122,76,113,8,61,87,63,31,80,120,104,22" hai3="24,105,64,68,30,135,75,51,0,20,91,106,86"/><V59/><F104/><W13/><G135/><T84/><D124/><U18/><E1/><V108/><F122/><W111/><G111/><T4/><D52/><U23/><E109/><V88/><F120/><W27/><G75/><T29/><D29/><U26/><E121/><V39/><F39/><W112/><G0/><T15/><D4/><U94/><E107/><V53/><F113/><W103/><G103/><T17/><D77/><U12/><REACH who="1" step="1"/><E82/><REACH who="1" ten="327,53,154,456" step="2"/><V116/><F108/><W66/><G106/><T110/><D110/><U54/><E54/><V48/><F116/><W57/><G105/><T7/><D42/><U130/><N who="1" m="32768" /><DORA hai="10" /><U102/><E102/><V32/><F53/><W60/><G112/><T43/><D43/><U96/><E96/><V41/><F41/><W81/><G81/><T2/><D119/><U34/><E34/><V67/><F32/><W92/><G66/><T97/><D118/><U40/><E40/><V93/><F67/><W123/><G123/><T114/><D97/><U78/><E78/><V83/><F83/><W6/><G64/><T73/><D114/><U101/><E101/><V99/><F8/><W3/><G3/><T62/><D38/><U115/><E115/><V56/><F56/><W44/><G57/><T90/><D37/><U70/><E70/><V134/><F134/><W58/><G68/><T9/><D2/><U14/><E14/><V28/><F63/><W125/><G13/><T127/><D62/><U36/><E36/><V71/><F71/><W33/><G60/><T126/><D11/><U132/><E132/><V35/><F61/><RYUUKYOKU ba="1,1" sc="327,-10,53,30,154,-10,456,-10" hai1="12,18,23,25,26,72,74,94,98,100" /><INIT seed="7,2,1,0,0,106" ten="317,83,144,446" oya="3" hai0="38,57,49,12,78,63,18,96,74,55,21,56,26" hai1="24,27,23,105,112,134,8,79,93,37,5,120,108" hai2="104,39,15,82,121,113,97,116,122,91,118,0,76" hai3="73,22,25,115,132,103,53,128,35,40,90,10,123"/><W54/><G123/><N who="2" m="47113" /><F0/><W87/><G115/><T127/><D127/><U28/><E120/><V77/><F39/><W111/><G128/><T135/><D135/><U52/><E105/><V61/><F113/><W83/><G35/><T98/><D38/><U84/><E112/><V41/><F41/><W20/><G40/><T11/><D74/><U32/><E37/><V124/><F124/><W71/><G71/><T30/><REACH who="0" step="1"/><D78/><REACH who="0" ten="307,83,144,446" step="2"/><U133/><E108/><V44/><F77/><W58/><G73/><T88/><D88/><U48/><E79/><V114/><F114/><W47/><G132/><T9/><D9/><U60/><E134/><V13/><F118/><W3/><G10/><T46/><D46/><U75/><E75/><V50/><F116/><W59/><G47/><T65/><AGARI ba="2,2" hai="11,12,18,21,26,30,49,55,56,57,63,65,96,98" machi="65" ten="20,5200,0" yaku="1,1,0,1,7,1,8,1,53,0" doraHai="106" doraHaiUra="126" who="0" fromWho="0" sc="307,78,83,-15,144,-15,446,-28" owari="385,19.0,68,-43.0,129,-27.0,418,51.0" /></mjloggm>