<mjloggm ver="2.3"><GO type="41" lobby="0"/><UN n0="%54%6F%6D%6D%79%35%30%30" n1="%E3%83%9D%E3%82%AB%E3%83%AA%34%39%30" n2="%E3%81%A8%E3%81%A3%E3%81%A8%E3%81%A8%E3%83%A9%E3%82%B9%E5%A4%AA%E9%83%8E" n3="%E2%93%9D%53%75%70%68%78" dan="14,14,13,17" rate="2030.24,1892.71,1836.01,2054.39" sx="M,M,M,M"/><TAIKYOKU oya="0"/><INIT seed="0,0,0,2,3,55" ten="250,250,250,250" oya="0" hai0="128,96,117,22,30,58,85,80,3,124,34,83,38" hai1="119,45,43,36,92,18,123,24,126,125,95,28,41" hai2="127,44,105,115,42,48,23,69,50,84,11,17,65" hai3="70,16,93,131,89,88,21,14,98,6,54,77,107"/><T72/><D117/><U120/><E119/><V10/><F115/><W129/><G70/><T15/><D128/><N who="3" m="49225" /><G77/><T71/><D71/><U76/><E76/><V130/><F105/><W91/><G107/><T67/><D124/><U118/><E118/><V132/><F127/><W4/><G54/><T39/><D3/><U27/><E45/><V116/><F132/><W90/><AGARI ba="0,0" hai="4,6,14,16,21,88,89,90,91,93,98" m="49225" machi="90" ten="30,4000,0" yaku="19,1,54,2" doraHai="55" who="3" fromWho="3" sc="250,-20,250,-10,250,-10,250,40" /><INIT seed="1,0,0,0,4,63" ten="230,240,240,290" oya="1" hai0="7,36,15,112,59,116,98,44,117,19,37,13,74" hai1="68,56,50,60,45,91,6,77,17,108,76,127,51" hai2="3,115,28,14,61,72,22,133,130,123,114,65,129" hai3="109,58,85,49,38,55,86,41,82,16,81,11,57"/><U21/><E68/><N who="2" m="42031" /><F123/><W120/><G109/><T27/><D112/><N who="2" m="43050" /><F3/><W104/><G104/><T62/><D74/><U10/><E108/><V20/><F72/><W101/><G101/><T9/><D27/><U29/><E29/><V42/><F42/><W92/><G92/><T103/><D44/><U79/><E127/><V89/><F133/><W18/><G120/><T134/><D134/><U1/><E45/><V32/><F32/><W118/><G118/><T125/><D125/><U23/><E91/><V122/><F122/><W78/><G38/><T73/><D73/><U8/><E8/><V111/><F111/><W100/><G100/><T80/><D80/><U24/><REACH who="1" step="1"/><E21/><REACH who="1" ten="230,230,240,290" step="2"/><V94/><F22/><W35/><G35/><T96/><D117/><U135/><E135/><V53/><F28/><W26/><G11/><T71/><D116/><U48/><E48/><V131/><F20/><W2/><G49/><T66/><D71/><U83/><E83/><V70/><F70/><W25/><G82/><T47/><D47/><U64/><AGARI ba="0,1" hai="1,6,10,17,23,24,50,51,56,60,64,76,77,79" machi="64" ten="30,6000,0" yaku="1,1,0,1,52,1,53,0" doraHai="63" doraHaiUra="128" who="1" fromWho="1" sc="230,-20,230,70,240,-20,290,-20" /><INIT seed="1,1,0,5,1,43" ten="210,300,220,270" oya="1" hai0="44,6,92,47,82,3,36,28,25,55,127,99,83" hai1="41,16,100,103,91,59,65,90,85,121,134,26,9" hai2="122,124,22,78,109,61,126,113,84,52,120,101,104" hai3="56,119,94,106,7,12,125,116,66,86,24,42,0"/><U40/><E134/><V62/><F109/><W60/><G106/><T58/><D127/><N who="2" m="48682" /><F113/><W128/><G125/><T72/><D36/><U64/><E121/><N who="2" m="46699" /><F22/><W45/><G128/><T98/><D3/><U18/><E9/><V132/><F132/><W102/><G0/><T21/><D6/><U14/><E14/><V30/><F30/><W133/><G24/><T67/><D67/><U10/><E10/><V48/><F101/><W27/><G27/><T35/><D35/><U8/><E26/><V96/><F96/><W51/><G133/><T123/><D123/><U130/><E8/><V53/><F104/><W88/><G102/><T20/><D21/><U5/><E85/><V97/><F97/><N who="0" m="36874" /><D92/><U73/><E59/><N who="2" m="33159" /><F53/><W95/><G7/><T89/><D72/><U112/><E5/><V74/><F74/><W77/><G12/><T75/><D75/><U129/><E73/><V114/><F114/><AGARI ba="1,0" hai="16,18,40,41,64,65,90,91,100,103,112,114,129,130" machi="114" ten="25,4800,0" yaku="22,2,54,1" doraHai="43" who="1" fromWho="2" sc="210,0,300,51,220,-51,270,0" /><INIT seed="1,2,0,5,2,90" ten="210,351,169,270" oya="1" hai0="20,15,131,42,105,113,125,37,33,94,132,48,126" hai1="27,5,84,88,65,58,30,120,114,24,99,52,73" hai2="25,66,112,59,96,123,21,127,8,4,62,83,36" hai3="17,119,6,43,3,57,74,129,98,44,23,118,104"/><U133/><E73/><V103/><F123/><W82/><G57/><T49/><D105/><U7/><E114/><V72/><F127/><N who="0" m="48650" /><D33/><U89/><E120/><V121/><F36/><W31/><G31/><T107/><D107/><U87/><E65/><V35/><F35/><W93/><G129/><T85/><D113/><U53/><E99/><V117/><F117/><W69/><G69/><T39/><D132/><U91/><E133/><V70/><F121/><W128/><G104/><T92/><D131/><U16/><E30/><V81/><F70/><W135/><G128/><T9/><D20/><N who="1" m="13319" /><E27/><V76/><F76/><W106/><G106/><T64/><D64/><U102/><E102/><V13/><F72/><W86/><G74/><T38/><D85/><N who="1" m="32843" /><E53/><V40/><F112/><W14/><G135/><T97/><D97/><U41/><E41/><V47/><F96/><W79/><G119/><T115/><D115/><U61/><AGARI ba="2,0" hai="5,7,52,58,61,88,89,91" m="32843,13319" machi="61" ten="30,11700,0" yaku="8,1,54,3" doraHai="90" who="1" fromWho="1" sc="210,-41,351,123,169,-41,270,-41" /><INIT seed="1,3,0,5,1,74" ten="169,474,128,229" oya="1" hai0="39,48,96,23,16,18,95,30,85,36,78,61,52" hai1="54,133,44,89,27,104,72,55,20,130,98,21,51" hai2="88,69,43,131,121,71,118,97,113,45,41,53,28" hai3="116,127,73,56,106,6,119,29,110,125,114,7,99"/><U10/><E133/><V57/><F118/><N who="3" m="45099" /><G110/><T2/><D2/><U59/><E130/><V0/><F0/><W14/><G73/><T25/><D39/><U40/><E72/><V67/><F121/><W50/><G114/><T17/><D36/><U5/><E104/><V66/><F28/><W12/><G56/><T38/><D38/><U11/><E20/><V32/><F32/><W100/><G50/><T46/><D61/><U93/><E5/><N who="3" m="1546" /><G29/><T84/><REACH who="0" step="1"/><D78/><REACH who="0" ten="159,474,128,229" step="2"/><U101/><E101/><AGARI ba="3,1" hai="16,17,18,23,25,30,46,48,52,84,85,95,96,101" machi="101" ten="40,12000,2" yaku="1,1,2,1,8,1,54,2,53,2" doraHai="74" doraHaiUra="82" who="0" fromWho="1" sc="159,139,474,-129,128,0,229,0" /><INIT seed="2,0,0,3,1,75" ten="298,345,128,229" oya="2" hai0="13,5,8,30,105,54,42,126,108,107,95,124,70" hai1="104,11,113,117,98,92,121,40,43,130,6,37,83" hai2="81,65,80,132,97,32,128,86,129,49,74,10,112" hai3="20,91,4,24,67,106,17,127,100,60,133,73,29"/><V116/><F116/><W125/><G133/><T58/><D70/><U101/><E113/><V88/><F112/><W53/><G4/><T135/><D135/><U85/><E117/><V123/><F132/><W134/><G134/><T66/><D66/><U118/><E130/><N who="2" m="50283" /><F32/><W76/><G91/><T1/><D108/><U64/><E118/><V84/><F123/><W28/><G53/><T78/><D42/><U14/><E121/><V68/><F74/><W61/><G100/><T114/><D114/><U16/><E104/><V0/><F49/><W102/><G102/><T22/><D95/><U48/><E37/><V27/><F27/><W120/><G61/><T15/><D78/><N who="1" m="46327" /><E64/><V115/><F97/><W109/><G109/><T23/><D107/><U57/><E6/><N who="2" m="1351" /><F115/><W50/><G120/><T55/><D105/><U35/><E35/><V122/><F122/><W56/><G106/><T44/><D44/><U77/><E77/><N who="2" m="46095" /><F65/><W47/><G73/><T59/><D30/><U111/><E111/><V63/><F63/><W18/><G29/><T45/><D45/><U36/><E36/><V19/><F19/><W3/><G18/><T87/><D5/><U82/><E16/><V72/><F72/><W131/><G131/><T69/><D69/><AGARI ba="0,0" hai="68,69,81,86,88" m="46095,1351,50283" machi="69" ten="30,5800,0" yaku="19,1,52,1,54,1" doraHai="75" who="2" fromWho="0" sc="298,-58,345,0,128,58,229,0" /><INIT seed="2,1,0,2,2,74" ten="240,345,186,229" oya="2" hai0="135,62,121,1,22,79,40,111,82,28,96,67,8" hai1="76,88,81,90,107,80,99,100,78,14,114,5,30" hai2="13,101,47,70,24,75,125,27,7,6,122,129,16" hai3="46,104,120,41,89,83,98,45,108,113,18,92,52"/><V29/><F70/><W32/><G120/><T38/><D111/><U33/><E33/><V126/><F101/><W31/><G108/><T118/><D135/><U63/><E114/><V94/><F47/><W11/><G104/><T44/><D118/><U85/><E30/><V123/><F94/><W93/><G32/><T10/><D121/><N who="2" m="46090" /><F75/><W39/><G31/><T132/><D132/><U91/><E63/><V2/><F2/><W103/><G113/><T95/><D1/><U21/><E5/><N who="2" m="1547" /><F129/><W58/><G46/><T26/><D95/><N who="1" m="54671" /><E14/><V128/><F128/><W87/><G93/><T72/><REACH who="0" step="1"/><D96/><REACH who="0" ten="230,345,186,229" step="2"/><U23/><E23/><N who="2" m="15519" /><F27/><W17/><REACH who="3" step="1"/><G11/><AGARI ba="1,1" hai="11,13,16,125,126" m="15519,1547,46090" machi="11" ten="30,5800,0" yaku="34,2,54,1" doraHai="74" who="2" fromWho="3" sc="230,0,345,0,186,71,229,-61" /><INIT seed="2,2,0,2,0,19" ten="230,345,257,168" oya="2" hai0="42,80,49,51,114,121,47,15,52,34,74,83,129" hai1="29,44,17,68,117,103,11,10,113,100,8,7,5" hai2="13,85,53,76,120,102,106,84,135,32,108,54,131" hai3="99,46,64,61,109,75,119,16,21,31,112,87,128"/><V104/><F120/><W63/><G75/><T81/><D129/><U12/><E68/><V89/><F32/><W60/><G119/><T67/><D114/><U50/><E113/><V59/><F131/><W82/><G112/><T123/><D74/><U134/><E29/><V3/><F3/><W66/><G109/><T101/><D34/><U98/><E134/><V132/><F13/><W118/><G118/><T95/><D67/><U62/><E62/><V127/><F127/><W24/><G128/><T25/><D25/><U9/><E117/><V6/><F102/><N who="1" m="38953" /><E98/><V79/><F89/><W22/><G46/><T36/><D49/><U14/><E12/><V35/><F35/><W107/><G99/><T43/><D43/><AGARI ba="2,0" hai="5,7,8,9,10,11,14,17,43,44,50" m="38953" machi="43" ten="30,1000,0" yaku="8,1" doraHai="19" who="1" fromWho="0" sc="230,-16,345,16,257,0,168,0" /><INIT seed="3,0,0,5,5,55" ten="214,361,257,168" oya="3" hai0="134,83,68,98,124,35,122,20,85,25,82,1,105" hai1="29,111,71,46,53,64,49,108,31,19,36,76,45" hai2="13,42,12,97,44,50,72,128,123,11,41,23,15" hai3="57,10,113,79,30,102,127,117,6,37,22,21,0"/><W109/><G113/><T129/><D124/><U28/><E76/><V90/><F128/><W101/><G117/><T135/><D122/><U39/><E71/><V62/><F72/><W91/><G37/><T126/><D126/><U4/><E64/><V65/><F123/><W32/><G127/><T34/><D1/><U92/><E4/><V38/><F23/><W8/><G79/><T67/><D129/><U93/><E19/><V47/><F90/><W104/><G104/><T115/><D115/><U43/><REACH who="1" step="1"/><E36/><REACH who="1" ten="214,351,257,168" step="2"/><V18/><REACH who="2" step="1"/><F97/><REACH who="2" ten="214,351,247,168" step="2"/><W9/><G6/><T120/><D98/><U40/><E40/><V3/><F3/><W121/><G0/><T130/><D130/><U114/><E114/><V116/><F116/><W26/><G121/><T17/><D120/><U70/><E70/><AGARI ba="0,2" hai="11,12,13,15,18,38,41,42,44,47,50,62,65,70" machi="70" ten="30,2000,0" yaku="1,1,7,1,53,0" doraHai="55" doraHaiUra="106" who="2" fromWho="1" sc="214,0,351,-20,247,40,168,0" /><INIT seed="4,0,0,4,5,41" ten="214,331,287,168" oya="0" hai0="45,79,55,101,9,134,102,54,27,85,83,19,60" hai1="46,50,24,98,75,87,66,120,81,100,4,20,29" hai2="119,5,17,110,23,57,118,37,131,70,103,135,52" hai3="14,105,93,36,84,0,49,48,106,42,128,11,69"/><T2/><D134/><U72/><E4/><V76/><F110/><W22/><G69/><T39/><D2/><U82/><E66/><V28/><F70/><W7/><G128/><T18/><D39/><U58/><E58/><V3/><F37/><W129/><G129/><T94/><D19/><U30/><E82/><V8/><F131/><W61/><G61/><T13/><D27/><U63/><E63/><V107/><F76/><W123/><G123/><T116/><D116/><N who="2" m="44586" /><F28/><W59/><G106/><T121/><D121/><U21/><E21/><V32/><F32/><W89/><G105/><T80/><D83/><U92/><E29/><V115/><F115/><W95/><G95/><T1/><D1/><U122/><E72/><V6/><F135/><W53/><G36/><T44/><D60/><U91/><E75/><V124/><F124/><W40/><REACH who="3" step="1"/><G49/><REACH who="3" ten="214,331,287,158" step="2"/><N who="0" m="28967" /><D94/><U77/><E100/><V90/><F103/><W133/><G133/><T33/><D33/><U113/><E113/><V31/><F107/><W71/><G71/><T130/><D130/><U111/><E111/><V78/><F3/><W108/><G108/><T126/><D126/><U127/><E127/><V10/><F5/><W112/><G112/><T67/><D67/><U16/><E122/><V73/><F6/><W104/><G104/><T65/><D65/><U38/><E120/><V125/><F125/><W96/><G96/><T97/><D97/><U26/><E38/><V99/><F99/><W132/><G132/><T25/><D25/><N who="1" m="14471" /><E30/><V62/><F31/><W109/><G109/><T64/><D64/><U51/><E51/><AGARI ba="0,1" hai="9,13,18,45,51,55,79,80,85,101,102" m="28967" machi="51" ten="30,11600,0" yaku="6,1,8,1,52,2" doraHai="41" who="0" fromWho="1" sc="214,126,331,-116,287,0,158,0" /><INIT seed="4,1,0,5,1,66" ten="340,215,287,158" oya="0" hai0="105,21,42,82,121,88,64,26,101,129,50,16,113" hai1="17,18,51,36,96,55,63,53,91,120,28,117,41" hai2="27,6,2,35,62,10,79,38,44,119,75,112,86" hai3="111,126,59,81,47,124,95,60,24,48,132,85,73"/><T131/><D121/><U70/><E117/><V135/><F135/><W71/><G73/><T54/><D113/><U109/><E109/><V29/><F112/><W84/><G111/><T15/><D42/><U45/><E28/><V43/><F119/><W134/><G95/><T89/><D64/><U58/><E53/><V68/><F86/><W123/><G24/><T12/><D101/><U37/><E37/><V102/><F102/><W11/><G11/><T107/><D105/><U128/><E128/><N who="0" m="49225" /><D107/><U40/><E40/><V4/><F4/><W116/><G116/><T22/><D82/><U125/><E120/><V23/><F23/><W0/><G81/><T127/><D127/><N who="3" m="48681" /><G0/><T122/><D122/><U98/><E125/><V110/><F110/><W99/><G123/><T46/><D15/><U104/><E104/><V97/><F97/><N who="1" m="37481" /><E91/><V1/><F2/><W100/><G100/><T33/><D33/><U93/><E93/><V3/><F3/><W78/><G134/><T7/><D7/><U108/><E108/><V87/><F87/><W61/><G85/><T8/><D8/><U67/><AGARI ba="1,0" hai="17,18,36,41,45,51,55,58,63,67,70" m="37481" machi="67" ten="30,2000,0" yaku="24,1,52,1" doraHai="66" who="1" fromWho="1" sc="340,-11,215,23,287,-6,158,-6" /><INIT seed="5,0,0,5,3,40" ten="329,238,281,152" oya="1" hai0="20,17,80,92,71,37,111,21,110,113,0,77,26" hai1="11,48,76,50,101,102,5,3,103,43,85,7,10" hai2="44,83,87,104,49,24,31,118,57,16,135,127,61" hai3="74,82,126,25,51,32,42,55,95,23,128,64,29"/><U121/><E121/><V91/><F127/><W116/><G126/><T124/><D124/><U134/><E134/><V39/><F135/><W12/><G128/><T86/><D113/><U117/><E117/><V18/><F118/><W94/><G116/><T73/><D0/><U27/><E27/><V79/><F39/><W67/><G42/><T65/><D37/><U132/><E132/><V99/><F104/><W88/><G95/><T93/><D92/><U115/><E115/><V106/><F99/><W52/><G55/><T78/><D65/><U69/><E69/><V120/><F120/><W66/><G74/><T84/><D71/><U34/><E34/><V114/><F79/><W38/><G38/><T97/><D21/><U13/><REACH who="1" step="1"/><E43/><REACH who="1" ten="329,228,281,152" step="2"/><V107/><F114/><W89/><G32/><T59/><D26/><U112/><E112/><V70/><F70/><W100/><G12/><T2/><D2/><U33/><E33/><V122/><F24/><W96/><REACH who="3" step="1"/><G82/><AGARI ba="0,1" hai="3,5,7,10,11,13,48,50,76,82,85,101,102,103" machi="82" ten="40,2000,0" yaku="1,1,53,0" doraHai="40" doraHaiUra="129" who="1" fromWho="3" sc="329,0,228,30,281,0,152,-20" /><INIT seed="5,1,0,1,5,109" ten="329,258,281,132" oya="1" hai0="98,112,19,60,87,2,131,103,116,92,8,132,37" hai1="12,13,34,28,85,114,130,52,0,59,55,39,104" hai2="41,7,4,6,61,49,122,65,24,36,76,90,101" hai3="18,20,22,99,14,91,31,48,26,42,111,62,11"/><U120/><E0/><V10/><F36/><W64/><G111/><T56/><D116/><U29/><E120/><V125/><F125/><W68/><G42/><T100/><D132/><U33/><E39/><V126/><F126/><W71/><G48/><T69/><D131/><U118/><E104/><V123/><F101/><W23/><G71/><T107/><D69/><U3/><E3/><V53/><F41/><W110/><G110/><T40/><D112/><U84/><E59/><V30/><F76/><W129/><G129/><T127/><D127/><U75/><E130/><V51/><F51/><W5/><G91/><T96/><D87/><U15/><E118/><V63/><F90/><W102/><G5/><T97/><D98/><U105/><E105/><AGARI ba="1,0" hai="11,14,18,20,22,23,26,31,62,64,68,99,102,105" machi="105" ten="30,1000,0" yaku="7,1" doraHai="109" who="3" fromWho="1" sc="329,0,258,-13,281,0,132,13" /><INIT seed="6,0,0,5,3,23" ten="329,245,281,145" oya="2" hai0="127,42,117,107,33,27,43,74,3,47,63,61,21" hai1="62,132,54,122,130,25,40,35,128,19,133,75,49" hai2="17,12,84,48,80,92,131,100,10,66,34,79,71" hai3="110,7,11,103,57,123,119,31,134,82,58,46,88"/><V135/><F131/><N who="1" m="50217" /><E75/><V87/><F135/><N who="1" m="51785" /><E35/><V126/><F126/><W72/><G119/><T67/><D127/><U114/><E19/><V41/><F34/><W0/><G123/><T64/><D74/><U22/><E122/><V30/><F30/><W68/><G110/><T13/><D3/><U69/><E40/><V45/><F71/><W55/><G68/><T97/><D13/><U129/><E114/><V56/><F100/><W113/><G103/><T102/><D33/><U8/><E8/><V116/><F116/><W38/><G113/><T50/><D43/><U90/><E90/><N who="2" m="53319" /><F56/><W118/><G58/><T96/><D117/><U121/><E121/><V108/><F108/><W59/><G59/><T36/><D36/><U5/><E69/><V98/><F98/><W73/><G134/><T85/><D85/><U76/><E76/><V18/><F18/><W93/><G73/><T106/><D97/><U51/><E5/><V125/><F125/><W120/><G120/><T77/><D77/><U111/><E111/><V24/><F66/><W1/><G118/><T70/><D96/><U83/><E129/><V20/><F10/><W86/><G31/><T53/><D102/><U26/><E83/><V39/><F39/><W52/><G57/><N who="0" m="34991" /><D67/><U44/><E62/><V2/><F2/><W15/><G1/><T78/><D78/><U101/><E101/><V91/><F79/><N who="3" m="44391" /><G0/><T104/><D104/><U6/><E6/><V9/><F9/><W124/><G124/><T16/><D107/><U60/><E60/><V4/><F4/><W65/><G65/><T32/><D106/><RYUUKYOKU ba="0,0" sc="329,10,245,-30,281,10,145,10" hai0="16,21,27,32,42,47,50,63,64,70" hai2="12,17,20,24,41,45,48,80,87,91" hai3="7,11,15,38,46,52,55,86,88,93" /><INIT seed="6,1,0,1,3,20" ten="339,215,291,155" oya="2" hai0="31,51,1,101,15,108,103,16,114,119,56,97,14" hai1="53,10,134,70,29,69,30,45,83,85,44,61,99" hai2="113,28,124,126,74,50,84,41,111,37,76,60,131" hai3="133,63,104,21,25,59,95,67,17,80,92,35,82"/><V48/><F113/><W125/><G104/><T66/><D114/><U64/><E134/><V87/><F74/><W117/><G117/><T6/><D108/><U2/><E70/><V18/><F131/><W121/><G121/><T109/><D109/><U33/><E53/><V123/><F123/><W40/><G125/><N who="2" m="48233" /><F37/><W54/><G35/><T9/><D119/><U7/><E29/><V96/><F76/><W38/><G133/><T122/><D122/><U135/><E135/><V4/><F4/><W13/><G40/><T116/><D116/><U65/><E65/><V112/><F112/><W98/><G95/><T71/><D31/><U34/><E34/><V11/><F60/><W132/><G38/><T47/><D71/><U91/><REACH who="1" step="1"/><E99/><REACH who="1" ten="339,205,291,155" step="2"/><V79/><F96/><W62/><G132/><T73/><D97/><U26/><AGARI ba="1,1" hai="2,7,10,26,30,33,44,45,61,64,69,83,85,91" machi="26" ten="30,12000,2" yaku="1,1,2,1,0,1,52,1,53,2" doraHai="20" doraHaiUra="43" who="1" fromWho="1" sc="339,-31,205,133,291,-61,155,-31" /><INIT seed="7,0,0,1,2,109" ten="308,338,230,124" oya="3" hai0="42,26,0,56,12,81,62,108,77,18,23,48,57" hai1="128,135,103,31,25,88,34,122,126,46,93,73,54" hai2="70,41,39,89,29,132,63,95,4,111,55,13,127" hai3="85,44,64,134,16,75,80,30,52,61,98,94,72"/><W101/><G30/><T106/><D108/><U124/><E122/><V130/><F111/><W118/><G118/><T112/><D0/><U76/><E103/><V91/><F130/><W10/><G134/><T105/><D112/><U113/><E113/><V99/><F127/><N who="1" m="48681" /><E128/><V129/><F132/><W69/><G44/><T65/><D12/><U37/><E73/><V49/><F29/><W114/><G114/><T14/><D14/><U8/><E76/><V87/><F129/><W83/><G52/><T6/><D6/><U38/><E8/><V15/><F4/><W78/><REACH who="3" step="1"/><G83/><REACH who="3" ten="308,338,230,114" step="2"/><T60/><D42/><U36/><E135/><V119/><F119/><W21/><G21/><T66/><D48/><N who="1" m="28951" /><E36/><V27/><F39/><W47/><G47/><T5/><D5/><U90/><E37/><V71/><F41/><W74/><G74/><AGARI ba="0,1" hai="18,23,26,56,57,60,62,65,66,74,77,81,105,106" machi="74" ten="30,2000,0" yaku="7,1,9,1" doraHai="109" who="0" fromWho="3" sc="308,30,338,0,230,0,114,-20" owari="338,44.0,338,14.0,230,-17.0,94,-41.0" /></mjloggm>