<mjloggm ver="2.3"><GO type="41" lobby="0"/><UN n0="%E2%93%9D%53%75%70%68%78" n1="%47%4F%4F%44%31%30%30%38" n2="%E3%81%97%E3%81%A3%E3%81%BD%E3%83%96%E3%83%B3%E3%83%96%E3%83%B3" n3="%72%61%72%61%70%6F%70%6F" dan="18,15,14,14" rate="2138.83,2008.48,1867.02,1906.83" sx="M,M,M,M"/><TAIKYOKU oya="0"/><INIT seed="0,0,0,4,4,8" ten="250,250,250,250" oya="0" hai0="42,59,77,87,7,10,71,52,11,57,133,66,104" hai1="97,41,130,15,47,23,28,53,75,102,134,60,108" hai2="81,72,88,89,61,51,92,113,70,98,26,25,62" hai3="65,19,91,3,43,118,124,129,33,31,54,38,106"/><T55/><D104/><U99/><E75/><V110/><F113/><W96/><G118/><T64/><D42/><U105/><E99/><V36/><F110/><W35/><G3/><T135/><D87/><U14/><E108/><V32/><F36/><W126/><G129/><T120/><D77/><U85/><E85/><V79/><F32/><W90/><G54/><T131/><D7/><U50/><E130/><V123/><F123/><W119/><G65/><T86/><D86/><U107/><E107/><V125/><F125/><W6/><G119/><T27/><D27/><U128/><E134/><V44/><F70/><W21/><G6/><T117/><D131/><U80/><E80/><V20/><F89/><W95/><G106/><T5/><D5/><U34/><E34/><V49/><F25/><W56/><G56/><T121/><REACH who="0" step="1"/><D71/><REACH who="0" ten="240,250,250,250" step="2"/><U39/><E128/><V30/><REACH who="2" step="1"/><F51/><REACH who="2" ten="240,250,240,250" step="2"/><W69/><G124/><T12/><D12/><U63/><E15/><V112/><F112/><W73/><G126/><T100/><D100/><U115/><E115/><V58/><F58/><W16/><G69/><T122/><D122/><U46/><E14/><V93/><F93/><W17/><G95/><T82/><D82/><U48/><E48/><V68/><F68/><W101/><G38/><T78/><D78/><U18/><E39/><V4/><F4/><W76/><G76/><T24/><D24/><U132/><E132/><V37/><F37/><W9/><G96/><T94/><D94/><U45/><E105/><V116/><F116/><AGARI ba="0,2" hai="10,11,52,55,57,59,64,66,116,117,120,121,133,135" machi="116" ten="25,9600,0" yaku="1,1,22,2,54,1,53,0" doraHai="8" doraHaiUra="83" who="0" fromWho="2" sc="240,116,250,0,240,-96,250,0" /><INIT seed="0,1,0,3,5,55" ten="356,250,144,250" oya="0" hai0="91,99,125,92,128,6,94,5,39,57,1,15,130" hai1="37,75,38,79,113,78,21,71,8,61,56,120,51" hai2="10,101,3,109,67,81,124,41,96,36,115,24,34" hai3="93,102,80,74,123,14,122,114,7,116,16,119,95"/><T104/><D39/><U50/><E120/><N who="3" m="46122" /><G7/><T62/><D125/><U0/><E113/><V69/><F115/><W76/><G114/><T45/><D45/><U20/><E38/><V134/><F124/><W66/><G66/><T100/><D15/><U44/><E71/><V121/><F121/><W83/><G102/><T127/><D127/><U90/><E90/><V2/><F109/><W111/><G111/><T12/><D12/><U42/><E79/><V25/><F134/><W27/><G27/><T70/><D70/><U9/><E9/><V89/><F25/><W22/><G80/><T52/><D104/><U48/><E0/><V58/><F69/><W4/><G4/><T60/><D60/><U40/><E40/><V103/><F41/><W87/><G74/><T108/><D108/><U54/><REACH who="1" step="1"/><E8/><REACH who="1" ten="356,240,144,250" step="2"/><V30/><F36/><W118/><AGARI ba="1,1" hai="14,16,22,76,83,87,93,95,116,118,119" m="46122" machi="118" ten="40,2700,0" yaku="13,1,54,1" doraHai="55" who="3" fromWho="3" sc="356,-14,240,-8,144,-8,250,40" /><INIT seed="1,0,0,0,5,51" ten="342,232,136,290" oya="1" hai0="74,53,100,73,65,52,125,130,120,122,43,50,18" hai1="13,26,101,30,119,20,134,22,83,4,116,32,85" hai2="107,126,9,133,115,79,131,132,94,28,108,114,72" hai3="0,95,63,61,7,84,44,90,78,46,99,110,66"/><U11/><E101/><V71/><F9/><W31/><G110/><T96/><D130/><U21/><E83/><N who="2" m="45543" /><F28/><W70/><G31/><T58/><D125/><U109/><E85/><V76/><F71/><W105/><G7/><T34/><D43/><U102/><E102/><V128/><F108/><W88/><G0/><T33/><D65/><U124/><E109/><V1/><F1/><W98/><G63/><T55/><D18/><U10/><E134/><N who="2" m="51819" /><F107/><W111/><G111/><T25/><D25/><U42/><E42/><V121/><F76/><W106/><G78/><T103/><D50/><U104/><E104/><V123/><F94/><W54/><G46/><T91/><D58/><U112/><E124/><V5/><F5/><W37/><G37/><T113/><D113/><N who="2" m="43018" /><F126/><W14/><G14/><T24/><D24/><U92/><E92/><V68/><F68/><W49/><REACH who="3" step="1"/><G98/><REACH who="3" ten="342,232,136,280" step="2"/><T48/><D96/><U27/><E112/><V23/><F23/><N who="1" m="8777" /><E11/><V59/><F59/><W15/><G15/><T82/><D34/><U86/><E86/><V39/><F39/><W40/><G40/><T38/><D33/><U3/><E3/><V127/><F127/><W41/><G41/><T56/><D38/><U135/><E135/><V69/><F69/><W87/><G87/><N who="0" m="50679" /><D56/><U2/><E2/><V97/><F97/><W19/><G19/><AGARI ba="0,1" hai="4,10,13,19,22,26,27,30,32,116,119" m="8777" machi="19" ten="30,2900,0" yaku="34,2" doraHai="51" who="1" fromWho="3" sc="342,0,232,39,136,0,280,-29" /><INIT seed="1,1,0,2,0,135" ten="342,271,136,251" oya="1" hai0="31,18,123,9,1,21,101,36,127,115,63,47,126" hai1="39,52,49,82,95,51,107,79,56,54,7,119,45" hai2="75,50,129,11,102,122,15,78,120,20,83,90,103" hai3="30,108,48,57,121,8,77,124,62,69,104,24,26"/><U35/><E119/><V98/><F129/><W66/><G121/><T133/><D115/><U72/><E107/><V2/><F102/><W28/><G108/><T106/><D133/><U74/><E35/><V60/><F90/><W29/><G77/><T19/><D63/><U37/><E72/><V97/><F97/><W61/><G48/><T0/><D123/><U93/><REACH who="1" step="1"/><E7/><REACH who="1" ten="342,261,136,251" step="2"/><V44/><F120/><W73/><G73/><T113/><D106/><U40/><E40/><V58/><F122/><W96/><G104/><T118/><D118/><U91/><E91/><V109/><F109/><W80/><G30/><T34/><D31/><U99/><E99/><V128/><F128/><W100/><G29/><T33/><D33/><U132/><E132/><V3/><F20/><W64/><G28/><T27/><D34/><U116/><E116/><V81/><F98/><W70/><G96/><T53/><D101/><U5/><E5/><V131/><F131/><W110/><G100/><T125/><D113/><U89/><E89/><V16/><F103/><W130/><G110/><T23/><D9/><U84/><E84/><V59/><F75/><W65/><G8/><T86/><D86/><U4/><E4/><V87/><F87/><W94/><G130/><T67/><D23/><U12/><E12/><V10/><F10/><W55/><G70/><T76/><D21/><U112/><E112/><V88/><F88/><W6/><G6/><T43/><D43/><U22/><E22/><V71/><F71/><W105/><G69/><T38/><D19/><U14/><E14/><V85/><F15/><RYUUKYOKU ba="1,1" sc="342,-10,261,30,136,-10,251,-10" hai1="37,39,45,49,51,52,54,56,74,79,82,93,95" /><INIT seed="1,2,1,0,5,74" ten="332,291,126,241" oya="1" hai0="96,77,106,62,80,22,99,97,6,51,132,30,107" hai1="98,100,115,129,87,25,85,9,55,38,112,65,133" hai2="103,56,44,81,36,78,102,130,28,114,125,60,79" hai3="121,2,68,33,104,61,122,93,49,70,91,43,24"/><U0/><E38/><V134/><F125/><W128/><G2/><T18/><D132/><U67/><E25/><V29/><F130/><W27/><G128/><T10/><D30/><U66/><E129/><V109/><F109/><W69/><G104/><T20/><D62/><U90/><E55/><V86/><F134/><W72/><G61/><T34/><D34/><U17/><E133/><V113/><F36/><W92/><G72/><T48/><D107/><U111/><E111/><V71/><F44/><W64/><G64/><T7/><D106/><U135/><E135/><V116/><F71/><W4/><G4/><N who="0" m="1579" /><D10/><U3/><E3/><V89/><F116/><W95/><G91/><T19/><D80/><U46/><E0/><V73/><F28/><W101/><G101/><N who="2" m="38409" /><F29/><W63/><G63/><T5/><D5/><U119/><E119/><V57/><F73/><W58/><G33/><T117/><D77/><N who="2" m="29194" /><F60/><W82/><G68/><T12/><D117/><U127/><E127/><V14/><F14/><AGARI ba="2,1" hai="12,14,18,19,20,22,48,51,96,97,99" m="1579" machi="14" ten="30,1000,0" yaku="8,1" doraHai="74" who="0" fromWho="2" sc="332,26,291,0,126,-16,241,0" /><INIT seed="2,0,0,2,2,8" ten="358,291,110,241" oya="2" hai0="95,26,132,17,28,55,79,5,111,134,7,93,64" hai1="99,84,3,13,89,38,130,36,42,2,70,125,122" hai2="35,118,20,82,51,88,105,57,66,86,45,127,75" hai3="117,30,114,0,21,126,39,41,1,135,76,10,98"/><V62/><F118/><W102/><G117/><T14/><D64/><U63/><E99/><V94/><F127/><W11/><G126/><T48/><D79/><U110/><E125/><V22/><F105/><W133/><G76/><T40/><D40/><U25/><E25/><V27/><F35/><W109/><G41/><T123/><D111/><U119/><E119/><V120/><F120/><W131/><G39/><T29/><D123/><U91/><E122/><V73/><F82/><W83/><G83/><T128/><D128/><U46/><E130/><V60/><F60/><W106/><G131/><T67/><D67/><U121/><E121/><V103/><F103/><W78/><G78/><T115/><D115/><U108/><E36/><V90/><F90/><W97/><G109/><N who="1" m="42090" /><E91/><V71/><F71/><W53/><G53/><T58/><D29/><U50/><E38/><V104/><F104/><W6/><G97/><T24/><D24/><U15/><E63/><V107/><F107/><W80/><G80/><T54/><D95/><N who="1" m="54695" /><E70/><V129/><F22/><W31/><G98/><T43/><D93/><U81/><E81/><V44/><F44/><W4/><G102/><T65/><D28/><U23/><E23/><V100/><F100/><W37/><G37/><T61/><D61/><U34/><E34/><V74/><F74/><W16/><G106/><T49/><D58/><U47/><E46/><V52/><F129/><W96/><G96/><T116/><D116/><U101/><E101/><V33/><F33/><W72/><G72/><T77/><D77/><U113/><E113/><V12/><F27/><RYUUKYOKU ba="0,0" sc="358,-15,291,15,110,15,241,-15" hai1="2,3,13,15,42,47,50" hai2="12,20,45,51,52,57,62,66,73,75,86,88,94" /><INIT seed="2,1,0,1,3,22" ten="343,306,125,226" oya="2" hai0="34,58,79,100,106,23,117,63,133,35,0,134,65" hai1="70,62,3,25,69,47,26,71,56,111,110,94,81" hai2="53,91,85,1,116,102,114,89,119,96,113,86,61" hai3="97,112,54,40,87,60,8,2,83,14,101,33,48"/><V28/><F1/><W6/><G112/><N who="2" m="43113" /><F28/><W67/><G33/><T29/><D117/><N who="2" m="45130" /><F53/><W17/><G40/><T126/><D126/><U57/><E3/><V68/><F61/><W24/><G97/><N who="0" m="61711" /><D79/><U105/><E105/><N who="2" m="63687" /><F68/><N who="1" m="26217" /><E47/><V72/><F72/><W127/><G127/><T20/><D0/><U128/><E71/><V13/><F13/><W88/><G60/><T82/><D29/><U129/><E62/><V49/><F49/><W42/><G42/><T115/><D115/><U107/><E107/><V46/><F46/><W123/><G67/><T130/><D63/><U76/><E57/><V98/><F98/><W27/><G2/><T122/><D58/><U108/><E56/><V77/><F77/><W78/><G6/><T18/><D65/><U15/><E15/><V45/><F45/><W51/><G78/><T55/><D55/><U135/><E76/><V109/><F109/><W7/><G7/><T92/><D18/><U21/><E111/><V12/><F12/><W36/><G54/><T32/><D134/><U120/><E135/><V132/><F132/><W5/><G5/><T64/><D133/><U11/><E110/><V80/><F80/><W75/><G75/><T59/><D82/><U99/><E108/><V43/><F43/><W121/><G36/><T19/><D64/><U39/><E81/><V37/><F37/><W10/><G10/><T131/><D59/><U50/><E11/><V9/><F9/><W44/><G44/><T74/><D74/><U90/><E39/><V125/><F125/><W31/><G48/><T84/><D19/><U95/><E50/><RYUUKYOKU ba="1,0" sc="343,-10,306,-10,125,30,226,-10" hai2="85,86,89,91" /><INIT seed="2,2,0,1,1,38" ten="333,296,155,216" oya="2" hai0="21,13,37,65,130,72,31,85,44,4,95,39,116" hai1="33,32,49,87,47,77,57,52,84,41,71,117,35" hai2="2,90,86,43,110,29,133,28,40,114,15,101,55" hai3="45,20,100,120,83,106,46,79,121,12,17,119,135"/><V105/><F114/><W97/><G119/><T75/><D65/><U129/><E117/><V98/><F133/><W80/><G135/><T66/><D66/><U103/><E129/><V30/><F110/><W61/><G61/><T25/><D130/><U60/><E103/><V93/><F2/><W134/><G80/><T91/><D116/><U82/><REACH who="1" step="1"/><E71/><REACH who="1" ten="333,286,155,216" step="2"/><V70/><F70/><W58/><G134/><T108/><D108/><U107/><E107/><V5/><REACH who="2" step="1"/><F55/><REACH who="2" ten="333,286,145,216" step="2"/><W50/><G121/><T96/><D75/><AGARI ba="2,2" hai="32,33,35,41,47,49,52,57,60,75,77,82,84,87" machi="75" ten="40,5200,0" yaku="1,1,52,1,54,1,53,0" doraHai="38" doraHaiUra="69" who="1" fromWho="0" sc="333,-58,286,78,145,0,216,0" /><INIT seed="3,0,0,2,1,18" ten="275,364,145,216" oya="3" hai0="40,128,80,23,133,9,44,21,89,47,51,24,20" hai1="119,91,42,36,97,134,125,123,29,75,46,124,6" hai2="109,73,85,0,4,77,15,63,30,1,62,104,55" hai3="101,34,50,107,60,120,27,82,76,126,100,32,79"/><W113/><G113/><T122/><D122/><U13/><E123/><V78/><F109/><W67/><G120/><T12/><D128/><U56/><E75/><V121/><F121/><W7/><G126/><N who="1" m="48746" /><E56/><V98/><F73/><W35/><G7/><N who="0" m="3135" /><D133/><U105/><E134/><V19/><F30/><W87/><G50/><N who="0" m="26887" /><D89/><U3/><E3/><V22/><F4/><W71/><G76/><T10/><D10/><N who="1" m="4311" /><E29/><V8/><F8/><W132/><G132/><T61/><D80/><U14/><E14/><V11/><F11/><W99/><REACH who="3" step="1"/><G101/><REACH who="3" ten="275,364,145,206" step="2"/><T115/><D115/><U28/><E119/><V49/><F78/><W88/><G88/><T57/><D51/><U66/><E91/><V58/><F77/><W110/><G110/><T81/><D81/><U16/><E36/><V38/><F49/><W39/><G39/><T94/><D47/><U45/><E45/><V103/><F38/><W130/><G130/><T5/><D5/><U64/><E46/><V72/><F63/><W54/><G54/><N who="0" m="33975" /><D94/><U96/><E42/><V83/><F72/><W95/><G95/><T41/><D41/><U90/><E90/><V68/><F104/><W116/><G116/><T69/><D69/><U59/><E105/><V65/><F68/><W37/><G37/><T108/><D108/><U92/><E92/><V111/><F111/><W2/><G2/><T117/><D117/><U84/><E66/><V52/><F55/><W43/><G43/><T53/><D53/><U102/><E64/><V135/><F65/><W86/><G86/><T33/><D33/><U118/><E84/><V114/><F135/><RYUUKYOKU ba="0,1" sc="275,15,364,-15,145,-15,206,15" hai0="20,21,23,24" hai3="27,32,34,35,60,67,71,79,82,87,99,100,107" /><INIT seed="3,1,1,5,2,89" ten="290,349,130,221" oya="3" hai0="44,79,110,56,133,64,134,129,59,18,122,103,118" hai1="9,111,30,120,55,20,112,37,77,91,58,41,102" hai2="50,121,101,125,53,86,96,24,128,36,93,2,114" hai3="68,70,47,0,71,6,104,29,74,40,81,34,39"/><W16/><G104/><T83/><D118/><U76/><E120/><V31/><F114/><W92/><G29/><T69/><D122/><U8/><E112/><V5/><F121/><W66/><G34/><T43/><D103/><U123/><E123/><V27/><F125/><W99/><G66/><T115/><D18/><U97/><E111/><V61/><F128/><W116/><G116/><T45/><D83/><U88/><E76/><V108/><F108/><W106/><G106/><T49/><D79/><U52/><E37/><V85/><F36/><W15/><G6/><T78/><D78/><U62/><E41/><V60/><F2/><W107/><G107/><T25/><D25/><N who="1" m="16679" /><E55/><V35/><F5/><W22/><G0/><T12/><D12/><U65/><E77/><V42/><F27/><W130/><G130/><T135/><D110/><U28/><E28/><V119/><F119/><W117/><G117/><T54/><D115/><U95/><E65/><V113/><F113/><W57/><G57/><T33/><D33/><U13/><E8/><V32/><F32/><W127/><G127/><T14/><D14/><U82/><E82/><V126/><F126/><W4/><G4/><AGARI ba="1,1" hai="4,9,13,52,58,62,88,91,95,97,102" m="16679" machi="4" ten="30,7700,0" yaku="8,1,52,1,54,2" doraHai="89" who="1" fromWho="3" sc="290,0,349,90,130,0,221,-80" /><INIT seed="4,0,0,1,3,69" ten="290,439,130,141" oya="0" hai0="5,95,109,131,60,61,115,111,38,49,110,59,113" hai1="108,63,82,14,4,41,97,89,25,9,112,24,71" hai2="44,134,21,54,45,46,67,92,83,74,6,81,126" hai3="132,20,13,107,33,101,88,17,114,48,78,11,93"/><T87/><D5/><U10/><E108/><V80/><F126/><W47/><G114/><N who="0" m="43531" /><D87/><U0/><E112/><V40/><F134/><W73/><G132/><T55/><D95/><U75/><E41/><V135/><F135/><W84/><G33/><T34/><D34/><U98/><E63/><N who="0" m="24137" /><D131/><U91/><E71/><V27/><F67/><W26/><G73/><T62/><D49/><U36/><E75/><V31/><F74/><W37/><G37/><AGARI ba="0,0" hai="37,38,55,59,62,109,110,111" m="24137,43531" machi="37" ten="40,18000,2" yaku="10,1,15,1,34,2,52,2" doraHai="69" who="0" fromWho="3" sc="290,180,439,0,130,0,141,-180" owari="470,57.0,439,24.0,130,-27.0,-39,-54.0" /></mjloggm>