<mjloggm ver="2.3"><GO type="41" lobby="0"/><UN n0="%6B%6F%75%73%61" n1="%E5%8D%8A%E9%A1%8D%E3%82%A8%E3%83%AA%E3%83%B3%E3%82%AE" n2="%E9%AA%A8%E6%8A%98%E5%85%89" n3="%E2%93%9D%53%75%70%68%78" dan="13,13,13,18" rate="2011.10,1837.80,1934.40,2053.18" sx="M,M,M,M"/><TAIKYOKU oya="0"/><INIT seed="0,0,0,0,5,46" ten="250,250,250,250" oya="0" hai0="73,61,31,92,8,118,106,58,133,6,129,91,114" hai1="16,107,34,127,94,48,134,52,18,43,80,59,96" hai2="15,113,19,63,82,53,88,132,99,4,84,100,75" hai3="39,60,76,38,116,0,98,110,22,74,126,122,10"/><T135/><D114/><U57/><E34/><V70/><F113/><W35/><G116/><T9/><D118/><U13/><E107/><V2/><F132/><N who="0" m="50762" /><D106/><U71/><E71/><V85/><F75/><W36/><G126/><T32/><D73/><U7/><E127/><V124/><F124/><W121/><G35/><T25/><D6/><U17/><E134/><V89/><F4/><W27/><G110/><T83/><D83/><U104/><E104/><V93/><F2/><W131/><G131/><T125/><D125/><U108/><E108/><V77/><F70/><W24/><G76/><T5/><D5/><U97/><E80/><V78/><F63/><W123/><G74/><T56/><D129/><U20/><E7/><V86/><F53/><W12/><G0/><T50/><D58/><U45/><E59/><V62/><F62/><W3/><G60/><T30/><D30/><U95/><E97/><V79/><REACH who="2" step="1"/><F100/><REACH who="2" ten="250,250,240,250" step="2"/><W51/><G3/><T21/><D61/><N who="1" m="36007" /><E95/><V101/><F101/><AGARI ba="0,1" hai="13,16,17,18,20,43,45,48,94,96,101" m="36007" machi="101" ten="30,7700,0" yaku="8,1,52,1,54,2" doraHai="46" who="1" fromWho="2" sc="250,0,250,87,240,-77,250,0" /><INIT seed="1,0,0,3,0,130" ten="250,337,163,250" oya="1" hai0="71,133,123,48,68,107,14,114,126,1,131,3,13" hai1="64,113,47,74,30,31,78,93,33,43,122,72,2" hai2="81,28,5,95,135,59,127,54,118,37,98,10,129" hai3="63,18,22,86,52,119,89,77,88,73,19,76,87"/><U69/><E113/><V56/><F129/><W17/><G73/><T4/><D4/><U41/><E122/><V23/><F118/><W105/><G105/><T0/><D48/><U102/><E2/><V55/><F37/><W94/><G119/><T111/><D14/><U36/><E43/><V53/><F127/><W83/><G22/><T40/><D13/><U61/><E78/><V7/><F135/><W65/><REACH who="3" step="1"/><G52/><REACH who="3" ten="250,337,163,240" step="2"/><T132/><D40/><U70/><E74/><V90/><F55/><W97/><G97/><T60/><D60/><U67/><E72/><V79/><F54/><W84/><G84/><T112/><D123/><U92/><E33/><V125/><F53/><W121/><G121/><T46/><D46/><U103/><E47/><V80/><F23/><W42/><G42/><T27/><D107/><U29/><E41/><V101/><F98/><W128/><G128/><T109/><D131/><U108/><E36/><V45/><F45/><W44/><G44/><T15/><D27/><U21/><E21/><V100/><F10/><W16/><N who="3" m="4608" /><DORA hai="38" /><W66/><G66/><T39/><D39/><U34/><E34/><V24/><F24/><W20/><G20/><T58/><D58/><AGARI ba="0,1" hai="58,63,65,76,77,83,86,87,88,89,94" m="4608" machi="58" ten="50,8000,1" yaku="1,1,8,1,54,2,53,0" doraHai="130,38" doraHaiUra="99,51" who="3" fromWho="0" sc="250,-80,337,0,163,0,240,90" /><INIT seed="2,0,0,1,3,122" ten="170,337,163,330" oya="2" hai0="83,30,23,45,91,29,63,44,53,52,116,123,126" hai1="73,49,81,112,6,107,113,133,94,20,58,28,79" hai2="86,106,119,96,50,27,135,66,117,132,77,100,62" hai3="11,24,114,64,39,88,108,19,75,71,5,129,38"/><V17/><F50/><W15/><G75/><T130/><D116/><N who="2" m="44618" /><F27/><W134/><G129/><T90/><D123/><U42/><E107/><V99/><F17/><W8/><G134/><N who="2" m="51241" /><F62/><W111/><G114/><T41/><D126/><U35/><E35/><V22/><F22/><N who="3" m="13407" /><G88/><N who="0" m="33835" /><D130/><U51/><E51/><V103/><F66/><W3/><G64/><T18/><D83/><U109/><E28/><N who="0" m="10857" /><D41/><U124/><E42/><V67/><F67/><W87/><G71/><T102/><D102/><N who="2" m="38954" /><F106/><W127/><G127/><T93/><D93/><U97/><E94/><V14/><F14/><W1/><G15/><N who="0" m="9695" /><D63/><U26/><E124/><V47/><F47/><AGARI ba="0,0" hai="44,45,47,52,53" m="9695,10857,33835" machi="47" ten="30,3900,0" yaku="8,1,54,2" doraHai="122" who="0" fromWho="2" sc="170,39,337,0,163,-39,330,0" /><INIT seed="3,0,0,2,1,58" ten="209,337,124,330" oya="3" hai0="46,87,16,124,105,96,133,123,32,76,100,62,113" hai1="11,114,132,26,25,68,59,22,39,83,85,61,24" hai2="77,118,17,131,0,117,19,33,126,82,27,44,42" hai3="63,14,106,129,115,79,111,65,74,70,66,75,103"/><W47/><G115/><T35/><D123/><U18/><E114/><V10/><F131/><W135/><G129/><T110/><D113/><U122/><E122/><V13/><F126/><W43/><G135/><T116/><D116/><U38/><E68/><V60/><F0/><W49/><G66/><T57/><D124/><U30/><E132/><V48/><F60/><W134/><G134/><T101/><D133/><U52/><E11/><V107/><F107/><W108/><G79/><T91/><D110/><N who="3" m="42025" /><G14/><T86/><D101/><U1/><E1/><V2/><F2/><W97/><AGARI ba="0,0" hai="43,47,49,63,65,70,74,75,97,103,106" m="42025" machi="97" ten="30,6000,0" yaku="14,1,10,1,52,1" doraHai="58" who="3" fromWho="3" sc="209,-20,337,-20,124,-20,330,60" /><INIT seed="3,1,0,5,4,51" ten="189,317,104,390" oya="3" hai0="13,35,91,82,86,78,129,70,69,114,7,28,85" hai1="108,16,27,118,64,93,3,29,60,88,45,4,53" hai2="50,41,128,104,130,22,72,61,18,99,116,1,26" hai3="15,30,120,89,0,68,127,33,10,55,39,63,8"/><W14/><G120/><T106/><D106/><U101/><E101/><V112/><F116/><W20/><G39/><T48/><D129/><U54/><E118/><V40/><F112/><W81/><G33/><T119/><D119/><U43/><E3/><V37/><F1/><W92/><G127/><T23/><D35/><U80/><E80/><V122/><F122/><W84/><G68/><T17/><D114/><U124/><E4/><V32/><F32/><W71/><G71/><T11/><D28/><U111/><E124/><V131/><F72/><W25/><G0/><T109/><D109/><N who="1" m="42059" /><E60/><V110/><F37/><W67/><G67/><T134/><D134/><U31/><E16/><V56/><F110/><W125/><G125/><T49/><D70/><U57/><E57/><V90/><F50/><W19/><G81/><T100/><D100/><U126/><E64/><V87/><F104/><W98/><G84/><T97/><D97/><N who="1" m="57511" /><E126/><V46/><F46/><W52/><G63/><T123/><D69/><U34/><E31/><V38/><F38/><AGARI ba="1,0" hai="27,29,34,38,43,45,53,54" m="57511,42059" machi="38" ten="30,7700,0" yaku="14,1,52,2,54,1" doraHai="51" who="1" fromWho="2" sc="189,0,317,80,104,-80,390,0" /><INIT seed="4,0,0,0,5,64" ten="189,397,24,390" oya="0" hai0="6,97,68,53,71,32,9,18,105,84,109,112,69" hai1="20,116,0,73,54,72,110,14,16,93,50,83,66" hai2="65,62,133,35,80,89,111,31,102,17,61,25,7" hai3="135,3,124,10,30,119,90,33,134,41,22,85,121"/><T118/><D112/><U5/><E116/><V77/><F111/><W86/><G119/><T87/><D118/><U120/><E120/><V130/><F133/><N who="3" m="50699" /><G33/><T39/><D39/><U94/><E110/><V57/><F130/><W37/><G124/><T79/><D109/><U19/><E5/><V58/><F102/><W34/><G34/><T100/><D32/><U8/><E0/><V113/><F113/><W117/><G117/><T108/><D108/><U52/><E66/><V36/><F36/><W126/><G126/><T15/><D79/><U28/><E28/><V95/><F7/><N who="3" m="1407" /><G90/><T104/><D104/><U45/><E54/><V107/><F107/><W40/><G121/><T101/><D101/><U46/><E45/><V55/><F17/><W1/><G1/><T43/><D43/><N who="3" m="16457" /><G37/><T67/><D67/><U63/><E63/><V38/><F38/><W42/><G42/><T13/><REACH who="0" step="1"/><D53/><REACH who="0" ten="179,397,24,390" step="2"/><U12/><REACH who="1" step="1"/><E83/><REACH who="1" ten="179,387,24,390" step="2"/><V21/><F80/><W114/><G114/><T122/><D122/><U27/><E27/><AGARI ba="0,2" hai="22,27,30,85,86" m="16457,1407,50699" machi="27" ten="30,1000,0" yaku="20,1" doraHai="64" who="3" fromWho="1" sc="179,0,387,-10,24,0,390,30" /><INIT seed="5,0,0,0,5,103" ten="179,377,24,420" oya="1" hai0="40,56,105,123,6,82,1,10,88,44,122,113,89" hai1="0,72,19,32,18,85,102,65,24,116,127,37,120" hai2="96,92,86,110,20,111,61,131,52,94,39,5,26" hai3="90,27,54,63,75,45,31,115,13,95,117,118,130"/><U76/><E116/><N who="3" m="44650" /><G115/><T3/><D113/><U55/><E72/><V70/><F39/><W33/><G130/><T49/><D3/><U12/><E120/><N who="0" m="46121" /><D56/><U129/><E0/><V106/><F131/><W126/><G126/><T57/><D57/><U58/><E129/><V124/><F124/><W99/><G13/><T51/><D51/><U67/><E37/><V104/><F5/><W41/><G75/><T2/><D2/><U7/><E7/><V22/><F86/><W77/><G77/><T64/><D64/><U42/><E42/><V98/><F26/><W101/><G63/><T21/><D21/><U59/><E102/><V17/><F61/><W69/><G69/><T73/><D73/><U80/><E59/><V53/><F17/><W16/><G16/><T48/><D48/><U81/><E80/><V84/><REACH who="2" step="1"/><F84/><REACH who="2" ten="179,377,14,420" step="2"/><W132/><G27/><T133/><D133/><U38/><E38/><V121/><F121/><W15/><G132/><T11/><D11/><U79/><E24/><V36/><F36/><W28/><G28/><T134/><D134/><U74/><E85/><V87/><F87/><W114/><G31/><T119/><D119/><U4/><E19/><V93/><F93/><W46/><G95/><T8/><D8/><U128/><E18/><V35/><F35/><W91/><G33/><T125/><D125/><U9/><E32/><V23/><F23/><W107/><G114/><T50/><D50/><N who="1" m="31095" /><E127/><V62/><F62/><W60/><G60/><T97/><D82/><N who="1" m="45335" /><E128/><V43/><F43/><W112/><G112/><T68/><D68/><AGARI ba="0,1" hai="20,22,52,53,68,70,92,94,96,98,104,106,110,111" machi="68" ten="25,12000,2" yaku="1,1,22,2,52,2,54,1,53,0" doraHai="103" doraHaiUra="14" who="2" fromWho="0" sc="179,-120,377,0,14,130,420,0" /><INIT seed="6,0,0,3,1,65" ten="59,377,144,420" oya="2" hai0="127,101,53,38,40,13,24,99,84,41,8,85,47" hai1="87,27,61,115,36,42,35,51,45,107,129,23,49" hai2="7,28,121,132,39,70,69,3,104,29,108,62,83" hai3="128,19,73,89,77,135,88,50,5,18,111,130,110"/><V114/><F121/><W46/><G5/><T72/><D72/><U63/><E35/><V106/><F39/><W86/><G73/><T59/><D127/><U100/><E115/><V44/><F114/><W103/><G103/><T26/><D41/><U79/><E107/><V6/><F44/><W82/><G135/><T58/><D58/><U118/><E118/><V16/><F132/><W98/><G19/><T126/><D126/><U66/><E100/><V22/><F108/><W92/><G18/><T56/><D56/><U120/><E63/><V30/><F83/><W33/><G33/><T124/><D124/><U14/><E14/><V74/><F74/><W125/><G77/><T68/><D68/><U75/><E75/><V21/><F30/><W112/><G112/><T80/><D85/><U81/><E129/><N who="3" m="49770" /><G125/><T95/><D59/><U52/><E120/><V123/><F16/><W2/><G2/><T9/><D9/><U57/><REACH who="1" step="1"/><E66/><REACH who="1" ten="59,367,144,420" step="2"/><V10/><F123/><W20/><G20/><T43/><D26/><U122/><E122/><V67/><F67/><W109/><G109/><T48/><D24/><U105/><E105/><V93/><F3/><W90/><G111/><T91/><REACH who="0" step="1"/><D38/><REACH who="0" ten="49,367,144,420" step="2"/><U71/><E71/><V60/><F10/><W116/><G110/><T133/><D133/><U76/><E76/><V117/><F117/><W78/><G116/><T96/><D96/><U34/><E34/><V4/><F70/><W119/><G119/><T97/><D97/><U11/><E11/><V102/><F69/><W64/><G64/><T12/><D12/><U131/><E131/><RYUUKYOKU ba="0,2" sc="49,10,367,10,144,-30,420,10" hai0="8,13,40,43,47,48,53,80,84,91,95,99,101" hai1="23,27,36,42,45,49,51,52,57,61,79,81,87" hai3="46,50,78,82,86,88,89,90,92,98" /><INIT seed="7,1,2,3,0,118" ten="59,377,114,430" oya="3" hai0="7,28,66,10,93,78,77,12,36,90,95,111,22" hai1="32,128,109,92,59,2,53,74,4,80,94,131,76" hai2="16,13,26,21,108,91,117,96,15,24,58,49,89" hai3="64,55,133,17,86,127,47,88,97,67,99,35,25"/><W6/><G133/><T104/><D36/><U81/><E109/><V3/><F117/><W135/><G127/><T14/><D104/><U112/><E32/><V123/><F3/><W42/><G6/><T83/><D111/><U71/><E71/><V30/><F108/><W51/><G135/><T23/><D66/><N who="3" m="25129" /><G35/><T0/><D0/><U29/><E29/><V27/><F123/><W57/><G25/><T37/><D37/><U106/><E106/><V82/><F91/><W43/><G17/><T9/><D28/><U18/><E112/><V130/><F130/><N who="1" m="49705" /><E18/><V19/><F49/><N who="3" m="30959" /><G43/><T126/><D126/><U1/><E1/><V31/><F58/><W79/><G79/><T103/><D103/><U115/><E115/><V46/><F46/><W39/><G39/><T52/><D52/><U98/><E98/><V60/><F60/><W5/><G5/><T116/><D116/><U54/><E54/><V62/><F62/><W63/><G63/><T100/><D100/><U110/><E110/><V65/><F65/><W120/><G99/><T107/><D107/><U85/><E4/><V20/><F96/><W114/><G97/><T113/><D7/><U45/><E45/><V40/><F40/><W87/><G114/><T50/><D113/><U132/><E2/><V11/><F31/><W105/><G105/><T134/><D134/><U48/><E132/><V34/><F30/><W72/><G42/><T122/><D122/><U41/><E41/><V125/><F34/><W101/><G120/><T75/><D75/><U70/><E70/><V38/><F125/><W69/><G69/><RYUUKYOKU ba="1,2" sc="59,-10,377,30,114,-10,430,-10" hai1="48,53,59,74,76,80,81,85,92,94" owari="49,-45.0,407,21.0,104,-30.0,440,54.0" /></mjloggm>