<mjloggm ver="2.3"><GO type="41" lobby="0"/><UN n0="%E9%AB%AA%E7%95%99%E3%82%81" n1="%E3%81%82%E3%81%AA%E3%81%9F%E3%81%AE%E7%A9%BA" n2="%E2%93%9D%53%75%70%68%78" n3="%E8%87%AA%E8%BB%A2%E8%BB%8A%E7%94%B7%E5%AD%90" dan="15,14,18,14" rate="2040.38,2143.21,2171.72,1903.42" sx="F,F,M,M"/><TAIKYOKU oya="0"/><INIT seed="0,0,0,2,5,65" ten="250,250,250,250" oya="0" hai0="92,115,31,64,14,131,19,12,127,34,85,114,37" hai1="48,62,134,43,26,13,76,89,98,86,38,88,120" hai2="118,133,96,68,119,73,21,56,83,110,93,8,22" hai3="6,103,40,50,16,71,99,9,15,30,17,29,7"/><T5/><D37/><U61/><E120/><V105/><F105/><W91/><G91/><T18/><D64/><U66/><E38/><V113/><F113/><N who="0" m="43018" /><D85/><U90/><E134/><V130/><F130/><W1/><G6/><T55/><D55/><U107/><E107/><V124/><F124/><W128/><G71/><T69/><D92/><U135/><E135/><V32/><F133/><W81/><G81/><T78/><D69/><U122/><E122/><V49/><F68/><W79/><G79/><T25/><D78/><U94/><E26/><V24/><F24/><W116/><G116/><T28/><D127/><U27/><E27/><V104/><F104/><W44/><G128/><T97/><D97/><U3/><E3/><V57/><F96/><W11/><REACH who="3" step="1"/><G17/><REACH who="3" ten="250,250,250,240" step="2"/><T117/><D131/><U70/><E76/><V10/><F119/><W95/><AGARI ba="0,1" hai="1,7,9,11,15,16,29,30,40,44,50,95,99,103" machi="95" ten="20,12000,2" yaku="1,1,2,1,0,1,7,1,54,1,53,1" doraHai="65" doraHaiUra="47" who="3" fromWho="3" sc="250,-60,250,-30,250,-30,240,130" /><INIT seed="1,0,0,2,4,122" ten="190,220,220,370" oya="1" hai0="43,83,118,1,91,23,34,111,33,86,45,120,115" hai1="68,121,20,71,14,50,13,106,84,99,42,108,26" hai2="28,32,39,123,88,74,114,92,101,29,95,85,127" hai3="125,36,2,31,35,10,58,27,132,6,62,78,60"/><U102/><E121/><V7/><F123/><W66/><G36/><T0/><D120/><U98/><E68/><V48/><F39/><W135/><G125/><T44/><D115/><U76/><E71/><V24/><F74/><W59/><REACH who="3" step="1"/><G78/><REACH who="3" ten="190,220,220,360" step="2"/><T12/><D118/><U119/><E119/><V105/><F127/><W21/><G21/><T103/><D23/><U77/><E76/><V126/><F126/><W79/><G79/><T56/><D34/><U52/><E42/><V15/><F32/><W8/><G8/><T128/><D33/><U25/><E108/><V53/><F114/><W94/><G94/><T72/><D43/><U18/><E25/><V41/><F41/><W70/><G70/><T104/><D111/><U80/><REACH who="1" step="1"/><E98/><REACH who="1" ten="190,210,220,360" step="2"/><V61/><F24/><W100/><G100/><T129/><D103/><U124/><E124/><V113/><F101/><W96/><G96/><T75/><D128/><U55/><E55/><AGARI ba="0,2" hai="2,6,10,27,31,35,55,58,59,60,62,66,132,135" machi="55" ten="40,1300,0" yaku="1,1,53,0" doraHai="122" doraHaiUra="90" who="3" fromWho="1" sc="190,0,210,-13,220,0,360,33" /><INIT seed="2,0,0,0,0,79" ten="190,197,220,393" oya="2" hai0="12,31,51,83,93,21,72,62,129,82,45,8,90" hai1="131,134,7,75,19,64,100,96,61,92,132,121,43" hai2="20,118,105,71,135,18,112,55,52,65,84,101,91" hai3="70,125,110,13,126,33,68,63,25,120,48,34,89"/><V11/><F112/><W41/><G110/><T69/><D129/><U49/><E131/><V97/><F118/><W108/><G120/><T102/><D72/><U115/><E115/><V57/><F135/><W46/><G108/><T94/><D69/><U127/><E121/><V76/><F71/><N who="3" m="27179" /><G63/><T107/><D62/><U60/><E75/><V73/><F11/><W128/><G25/><N who="0" m="16815" /><D107/><U24/><E127/><N who="3" m="48650" /><G128/><T54/><D102/><U56/><E61/><V50/><F55/><W77/><G77/><T119/><D119/><U17/><E7/><V133/><F133/><N who="1" m="51305" /><E24/><V106/><F106/><W85/><G13/><T38/><D38/><U58/><E58/><V23/><F65/><W30/><G30/><T40/><D40/><U80/><E17/><V124/><F18/><W67/><G67/><T10/><D10/><U2/><E19/><V123/><F123/><W130/><G130/><T99/><D94/><AGARI ba="0,0" hai="33,34,41,46,48,85,89,94" m="48650,27179" machi="94" ten="30,1000,0" yaku="18,1" doraHai="79" who="3" fromWho="0" sc="190,-10,197,0,220,0,393,10" /><INIT seed="3,0,0,0,1,16" ten="180,197,220,403" oya="3" hai0="108,4,66,130,28,99,67,73,58,83,71,89,7" hai1="115,35,5,91,82,127,103,2,53,84,54,100,75" hai2="31,9,39,114,24,111,69,95,102,8,21,30,43" hai3="90,81,15,79,132,65,62,56,119,14,23,122,60"/><W110/><G119/><T116/><D116/><U17/><E115/><V34/><F114/><W86/><G122/><T126/><D71/><U36/><E127/><V33/><F69/><W113/><G132/><T121/><D121/><U27/><E36/><V76/><F76/><W47/><G110/><T92/><D108/><U59/><E75/><V48/><F39/><W0/><G0/><T129/><D126/><U68/><E68/><V3/><F111/><W135/><G135/><T105/><D28/><U61/><E35/><V50/><F43/><W6/><G6/><N who="0" m="2091" /><D58/><U112/><E112/><V13/><F3/><W120/><G120/><T109/><D109/><U94/><E5/><V26/><F95/><W124/><G124/><T42/><D42/><U12/><E27/><V51/><F102/><W117/><G117/><T106/><D106/><U49/><E82/><V52/><F52/><W37/><G62/><T118/><D118/><U57/><REACH who="1" step="1"/><E2/><REACH who="1" ten="180,187,220,403" step="2"/><V72/><F72/><W20/><G113/><T25/><D25/><U70/><E70/><V104/><F104/><W123/><G123/><T131/><D105/><U19/><E19/><AGARI ba="0,1" hai="8,9,13,19,21,24,26,30,31,33,34,48,50,51" machi="19" ten="40,2600,0" yaku="9,1,52,1" doraHai="16" who="2" fromWho="1" sc="180,0,187,-26,220,36,403,0" /><INIT seed="4,0,0,5,5,33" ten="180,161,256,403" oya="0" hai0="58,81,95,52,70,34,90,111,110,18,71,108,28" hai1="15,129,120,72,99,88,133,45,104,47,122,14,36" hai2="23,17,134,19,132,114,7,82,57,79,84,63,101" hai3="80,109,73,103,0,116,38,35,130,92,43,54,68"/><T124/><D124/><U76/><E76/><V8/><F114/><W24/><G54/><T21/><D34/><U49/><E72/><V22/><F101/><W37/><G92/><T75/><D28/><U51/><E129/><V40/><F40/><W61/><G109/><N who="0" m="27907" /><T53/><DORA hai="77" /><D81/><U64/><E64/><V127/><F23/><W83/><G83/><T3/><D3/><U94/><E104/><V113/><F113/><W4/><G116/><T62/><D53/><U86/><E133/><N who="2" m="51307" /><F22/><W115/><G103/><T27/><D75/><U55/><E36/><V69/><F69/><W59/><G59/><T85/><AGARI ba="0,0" hai="18,21,27,52,58,62,70,71,85,90,95" m="27907" machi="85" ten="40,3900,0" yaku="10,1,54,1" doraHai="33,77" who="0" fromWho="0" sc="180,39,161,-13,256,-13,403,-13" /><INIT seed="4,1,0,5,4,135" ten="219,148,243,390" oya="0" hai0="58,79,46,121,63,134,18,45,23,114,41,22,8" hai1="32,104,81,70,7,64,89,97,100,98,103,21,110" hai2="59,106,86,73,42,17,124,30,37,13,105,36,115" hai3="128,52,132,50,99,95,83,67,109,82,11,29,61"/><T87/><D121/><U44/><E32/><V69/><F73/><W10/><G109/><T60/><D114/><U127/><E110/><V15/><F69/><W92/><G29/><T47/><D134/><U90/><E7/><V94/><F59/><W65/><G128/><T57/><D41/><U24/><E64/><V108/><F94/><W85/><G95/><T120/><D120/><U26/><E70/><V96/><F86/><W4/><G10/><T112/><D112/><U126/><E44/><V84/><F84/><W12/><G132/><T80/><D8/><U74/><E21/><V3/><F96/><W129/><G129/><T6/><D6/><U93/><E24/><V2/><F42/><W54/><G67/><N who="0" m="39311" /><D18/><U123/><E26/><V51/><F17/><W0/><G0/><T71/><D71/><U88/><E123/><V49/><F115/><W62/><G62/><T102/><D102/><U125/><E74/><V55/><F108/><W28/><G28/><T16/><D16/><U43/><E43/><V31/><F55/><AGARI ba="1,0" hai="22,23,45,46,47,55,58,63,79,80,87" m="39311" machi="55" ten="30,1500,0" yaku="8,1" doraHai="135" who="0" fromWho="2" sc="219,18,148,0,243,-18,390,0" /><INIT seed="4,2,0,5,5,92" ten="237,148,225,390" oya="0" hai0="133,127,101,53,23,60,122,17,73,82,34,16,24" hai1="3,51,70,50,59,80,36,64,115,44,76,39,104" hai2="58,22,123,8,20,74,86,30,118,103,12,81,49" hai3="11,54,4,88,21,18,43,107,120,52,33,94,105"/><T131/><D122/><U72/><E3/><V109/><F74/><W100/><G33/><T102/><D127/><U56/><E104/><V125/><F109/><W116/><G43/><T61/><D131/><U28/><E28/><V57/><F118/><W98/><G107/><T29/><D133/><U66/><E115/><V38/><F38/><W134/><G134/><T5/><D5/><U106/><E106/><V84/><F103/><W0/><G116/><T78/><D17/><U119/><E119/><V41/><F86/><W113/><G113/><T40/><D40/><U117/><E117/><V108/><F108/><W6/><G6/><T128/><D128/><U48/><E44/><N who="2" m="25743" /><F125/><W68/><G68/><T96/><D102/><U93/><E70/><V90/><F123/><W121/><G121/><T46/><D46/><U32/><E32/><V99/><F99/><W15/><G120/><T132/><D53/><U25/><E93/><V62/><F30/><W129/><G129/><T13/><REACH who="0" step="1"/><D132/><REACH who="0" ten="227,148,225,390" step="2"/><U95/><E39/><V130/><F130/><W7/><G4/><T75/><D75/><U111/><E36/><V37/><F37/><W87/><AGARI ba="2,1" hai="0,7,11,15,18,21,52,54,87,88,94,98,100,105" machi="87" ten="20,8000,1" yaku="0,1,7,1,52,1,54,2" doraHai="92" who="3" fromWho="3" sc="227,-42,148,-22,225,-22,390,96" /><INIT seed="5,0,0,4,3,25" ten="185,126,203,486" oya="1" hai0="13,114,51,90,47,131,9,85,134,132,117,49,39" hai1="70,48,125,87,74,135,12,119,28,95,45,7,123" hai2="71,101,79,4,29,19,17,126,27,36,18,80,91" hai3="6,112,113,122,76,121,38,130,98,63,120,44,58"/><U127/><E119/><V118/><F118/><W124/><G76/><T1/><D117/><U40/><E123/><V92/><F36/><W77/><G77/><T67/><D1/><U5/><E74/><V34/><F71/><W15/><G6/><N who="0" m="3255" /><D67/><U57/><E70/><V54/><F126/><N who="1" m="48137" /><E135/><N who="0" m="51753" /><D114/><N who="3" m="44137" /><G15/><T60/><D60/><U81/><E95/><V88/><F4/><N who="1" m="1609" /><E12/><V109/><F109/><W69/><G98/><T52/><D131/><U10/><E10/><V16/><F19/><W33/><G33/><T8/><D8/><U0/><E57/><V62/><F92/><W107/><G107/><T94/><D51/><U59/><E59/><V105/><F105/><W75/><G75/><T31/><D31/><U78/><E0/><V64/><F62/><W65/><G58/><T53/><D39/><U55/><E28/><V50/><F64/><W30/><G30/><T24/><D24/><U37/><E37/><V68/><F68/><W41/><G124/><T84/><D84/><U110/><E110/><V20/><F29/><W106/><G106/><T66/><D66/><U83/><E83/><V32/><F80/><W22/><G22/><T99/><D85/><U133/><E133/><V14/><F20/><W21/><G21/><T46/><D46/><U61/><E61/><V89/><F34/><W42/><G42/><AGARI ba="0,0" hai="42,47,49,52,53,90,94,99" m="51753,3255" machi="42" ten="30,2000,0" yaku="20,1,54,1" doraHai="25" who="0" fromWho="3" sc="185,20,126,0,203,0,486,-20" /><AGARI ba="0,0" hai="40,42,45,48,55,78,81,87" m="1609,48137" machi="42" ten="30,1500,0" yaku="18,1" doraHai="25" who="1" fromWho="3" sc="205,0,126,15,203,0,466,-15" /><INIT seed="5,1,0,4,2,29" ten="205,141,203,451" oya="1" hai0="53,66,60,46,48,79,37,86,98,93,17,91,47" hai1="25,101,40,54,56,95,87,34,55,21,122,90,111" hai2="120,85,14,41,9,71,22,105,4,64,20,35,27" hai3="102,135,92,119,45,44,89,134,38,103,2,57,132"/><U130/><E122/><V126/><F105/><W31/><G2/><T58/><D17/><U23/><E130/><V32/><F41/><N who="3" m="22583" /><G31/><T80/><REACH who="0" step="1"/><D37/><REACH who="0" ten="195,141,203,451" step="2"/><U67/><E111/><V97/><F120/><W82/><G119/><T61/><D61/><U124/><E124/><V50/><F126/><W62/><G45/><AGARI ba="1,1" hai="45,46,47,48,53,58,60,66,79,80,86,91,93,98" machi="45" ten="30,3900,0" yaku="1,1,7,1,8,1,53,0" doraHai="29" doraHaiUra="107" who="0" fromWho="3" sc="195,52,141,0,203,0,451,-42" /><INIT seed="6,0,0,0,3,113" ten="247,141,203,409" oya="2" hai0="72,42,40,71,124,130,36,39,8,60,78,15,133" hai1="75,37,68,100,91,110,23,13,101,22,80,118,92" hai2="66,102,76,117,132,128,88,77,83,115,81,2,1" hai3="10,28,32,26,57,21,51,82,16,109,105,34,49"/><V103/><F115/><W47/><G105/><T98/><D98/><U61/><E110/><V96/><F66/><W48/><G34/><T95/><D95/><U127/><E37/><N who="0" m="14409" /><D15/><U45/><E127/><V20/><F20/><W31/><G31/><T38/><D8/><U104/><E104/><V112/><F112/><W122/><G122/><T85/><D85/><U70/><E45/><V4/><F4/><W120/><G120/><T135/><D78/><U121/><E121/><V29/><F29/><W111/><G47/><N who="0" m="23959" /><D72/><U114/><E114/><V134/><F96/><W108/><G82/><T33/><D33/><U119/><E80/><V3/><F3/><W35/><G57/><T9/><D9/><U69/><E61/><V64/><F64/><W6/><REACH who="3" step="1"/><G28/><REACH who="3" ten="247,141,203,399" step="2"/><T54/><D124/><U58/><E58/><V7/><F83/><W50/><N who="3" m="12288" /><DORA hai="107" /><W84/><G84/><T41/><D130/><U27/><E75/><V131/><F81/><W123/><G123/><T125/><D125/><U14/><E69/><V55/><F131/><W18/><G18/><T19/><D19/><U46/><E46/><V11/><F128/><W62/><G62/><T90/><D71/><U24/><REACH who="1" step="1"/><E92/><REACH who="1" ten="247,131,203,399" step="2"/><V106/><F106/><W30/><G30/><T59/><D41/><U87/><E87/><V93/><F93/><W129/><G129/><T52/><D42/><U0/><E0/><AGARI ba="0,2" hai="0,6,10,16,21,26,32,35,108,109,111" m="12288" machi="0" ten="60,3900,0" yaku="1,1,54,1,53,0" doraHai="113,107" doraHaiUra="53,79" who="3" fromWho="1" sc="247,0,131,-39,203,0,399,59" /><INIT seed="7,0,0,1,2,34" ten="247,92,203,458" oya="3" hai0="86,70,14,127,78,110,109,92,71,112,114,45,15" hai1="84,100,115,124,49,135,16,131,91,121,13,57,9" hai2="108,128,5,95,17,58,77,41,113,116,35,19,66" hai3="38,47,55,120,80,69,3,28,65,68,27,125,126"/><W53/><G3/><T133/><D133/><U82/><E115/><N who="0" m="44073" /><D127/><N who="3" m="48649" /><G80/><N who="0" m="47383" /><D92/><U130/><E121/><V50/><F128/><W103/><G103/><T93/><D93/><U105/><E135/><V61/><F35/><W48/><G38/><T129/><D129/><U119/><E124/><V6/><F108/><N who="0" m="41578" /><D45/><U60/><E119/><V12/><F116/><W104/><G47/><T40/><D40/><U2/><E49/><V42/><F113/><W7/><G48/><T107/><D107/><U32/><E32/><V99/><F42/><W33/><G33/><T102/><D102/><U90/><E90/><V22/><F77/><W83/><G104/><T29/><D29/><U46/><E46/><N who="2" m="25935" /><F19/><W24/><G28/><T123/><D123/><U117/><E117/><V0/><F0/><W118/><G118/><T11/><D15/><U76/><E76/><V87/><F87/><W81/><G81/><T97/><D97/><U111/><E111/><V1/><F1/><W36/><G83/><T43/><D43/><U122/><E122/><V96/><F96/><W39/><G120/><T79/><D79/><U56/><E2/><V26/><F12/><W18/><G36/><T8/><D8/><U20/><E9/><V44/><F44/><W63/><G39/><T74/><D74/><U59/><E130/><V21/><F21/><W54/><G69/><T25/><D25/><U67/><REACH who="1" step="1"/><E131/><REACH who="1" ten="247,82,203,458" step="2"/><V31/><F22/><W30/><G63/><T64/><D11/><U52/><E52/><V106/><F61/><W4/><G53/><T75/><D64/><U88/><E88/><V23/><F66/><RYUUKYOKU ba="0,1" sc="247,-10,82,30,203,-10,458,-10" hai1="13,16,20,56,57,59,60,67,82,84,91,100,105" owari="237,4.0,112,-39.0,193,-21.0,458,56.0" /></mjloggm>