<mjloggm ver="2.3"><GO type="41" lobby="0"/><UN n0="%E3%81%8D%E3%81%8E" n1="%E3%81%BD%E3%82%80%E5%A4%AA%E9%83%8E" n2="%E2%93%9D%53%75%70%68%78" n3="%54%61%69%73%68%69%6E" dan="14,16,17,15" rate="2060.09,2115.15,2042.12,1896.99" sx="F,F,M,M"/><TAIKYOKU oya="0"/><INIT seed="0,0,0,4,1,4" ten="250,250,250,250" oya="0" hai0="131,59,90,40,89,61,38,39,100,5,66,67,48" hai1="107,68,57,16,105,13,112,26,17,33,54,51,84" hai2="82,125,121,120,75,93,70,45,52,49,130,25,71" hai3="27,76,24,110,78,73,44,23,85,1,62,69,15"/><T7/><D100/><U87/><E68/><V88/><F130/><W14/><G1/><T30/><D131/><U135/><E135/><V113/><F113/><W106/><G73/><T109/><D30/><U3/><E3/><V92/><F92/><W99/><G110/><T101/><D109/><U133/><E133/><V114/><F114/><W124/><G124/><T11/><D101/><U32/><E112/><V111/><F111/><W36/><G27/><T20/><D20/><U6/><E6/><V115/><F125/><W98/><G98/><T72/><D72/><U34/><E26/><V74/><F115/><W19/><G85/><T102/><D102/><U80/><E17/><V122/><F25/><W35/><G35/><T117/><D117/><U77/><REACH who="1" step="1"/><E87/><REACH who="1" ten="250,240,250,250" step="2"/><V65/><F75/><W18/><G69/><T79/><D5/><U53/><E53/><V41/><F65/><W43/><G24/><T132/><D66/><U60/><E60/><V29/><F29/><W118/><G62/><T47/><D132/><U9/><AGARI ba="0,1" hai="9,13,16,32,33,34,51,54,57,77,80,84,105,107" machi="9" ten="30,7900,0" yaku="1,1,0,1,52,1,54,1,53,0" doraHai="4" doraHaiUra="58" who="1" fromWho="1" sc="250,-39,240,89,250,-20,250,-20" /><INIT seed="1,0,0,4,2,77" ten="211,329,230,230" oya="1" hai0="76,28,112,86,17,66,30,99,106,5,74,81,26" hai1="52,11,23,87,117,116,127,56,13,93,59,100,89" hai2="43,22,57,115,75,58,119,109,61,120,71,14,79" hai3="10,45,105,40,2,9,47,3,1,27,80,121,38"/><U125/><E23/><V7/><F119/><W101/><G105/><T67/><D112/><U48/><E59/><V84/><F75/><W34/><G101/><T85/><D5/><U29/><E29/><V65/><F109/><W128/><G128/><T108/><D108/><U126/><REACH who="1" step="1"/><E100/><REACH who="1" ten="211,319,230,230" step="2"/><V92/><F58/><W113/><G113/><T41/><D28/><U35/><E35/><V24/><F57/><W55/><G34/><T90/><D30/><U102/><E102/><V82/><F22/><W124/><G10/><T60/><D60/><U8/><E8/><V39/><F61/><W107/><G9/><T64/><D64/><U130/><E130/><V134/><F65/><W15/><G121/><T98/><D66/><U133/><E133/><V49/><F134/><W25/><G47/><T69/><D67/><U50/><E50/><V111/><F49/><W16/><G45/><T0/><D69/><U88/><E88/><V31/><F71/><W62/><G62/><T118/><D90/><U129/><E129/><V94/><F120/><W97/><G27/><T132/><D26/><U42/><E42/><V104/><F115/><W95/><G40/><T12/><D41/><U131/><E131/><V53/><F111/><W21/><G21/><T114/><D114/><U46/><E46/><N who="2" m="23935" /><F24/><W33/><G25/><T135/><D135/><U6/><AGARI ba="0,1" hai="6,11,13,48,52,56,87,89,93,116,117,125,126,127" machi="6" ten="30,11700,0" yaku="1,1,0,1,18,1,54,1,53,0" doraHai="77" doraHaiUra="78" who="1" fromWho="1" sc="211,-39,319,127,230,-39,230,-39" /><INIT seed="1,1,0,2,5,85" ten="172,446,191,191" oya="1" hai0="125,6,24,107,2,81,50,84,69,48,7,113,51" hai1="55,34,112,27,105,43,120,32,5,73,45,114,15" hai2="134,67,121,3,13,116,4,83,129,72,80,9,132" hai3="11,35,28,42,1,31,118,119,46,130,108,39,124"/><U86/><E73/><V60/><F116/><W99/><G130/><T14/><D113/><U36/><E105/><V18/><F121/><W89/><G108/><T38/><D107/><U74/><E120/><V64/><F129/><W23/><G35/><T30/><D2/><U33/><E74/><V22/><F67/><W26/><G31/><T52/><D38/><U21/><E5/><N who="0" m="1545" /><D69/><U96/><E15/><V91/><F72/><W122/><G1/><T135/><D125/><U110/><E110/><V29/><F29/><W106/><G11/><T127/><D127/><U59/><E96/><V123/><F123/><W40/><G124/><T111/><D111/><U12/><E12/><V128/><F128/><W90/><G42/><T78/><D135/><N who="2" m="51754" /><F91/><W104/><G122/><T94/><D14/><U63/><REACH who="1" step="1"/><E86/><REACH who="1" ten="172,436,191,191" step="2"/><V65/><F3/><W88/><G99/><T58/><D84/><U117/><E117/><AGARI ba="1,1" hai="23,26,28,39,40,46,88,89,90,104,106,117,118,119" machi="117" ten="40,8000,1" yaku="12,1,52,3,54,1" doraHai="85" who="3" fromWho="1" sc="172,0,436,-83,191,0,191,93" /><INIT seed="2,0,0,1,4,122" ten="172,353,191,284" oya="2" hai0="40,72,99,1,42,111,63,38,117,96,94,55,90" hai1="101,121,67,47,95,19,76,7,49,97,52,14,43" hai2="70,69,104,87,116,119,129,48,29,118,27,113,128" hai3="59,32,54,130,100,134,0,124,66,112,102,57,88"/><V35/><F87/><W13/><G0/><T93/><D1/><U8/><E121/><V16/><F104/><W81/><G112/><T86/><D72/><U18/><E76/><V30/><F113/><W20/><G32/><T23/><D117/><U123/><E123/><V3/><F48/><W120/><G120/><T5/><D5/><U37/><REACH who="1" step="1"/><E67/><REACH who="1" ten="172,343,191,284" step="2"/><V25/><F3/><W107/><G66/><T60/><D111/><U75/><E75/><V10/><F70/><W6/><G130/><N who="2" m="50281" /><F69/><W126/><G126/><T125/><D125/><U56/><AGARI ba="0,1" hai="7,8,14,18,19,37,43,47,49,52,56,95,97,101" machi="56" ten="20,5200,0" yaku="1,1,0,1,7,1,54,1,53,0" doraHai="122" doraHaiUra="83" who="1" fromWho="1" sc="172,-13,343,62,191,-26,284,-13" /><INIT seed="3,0,0,3,3,24" ten="159,405,165,271" oya="3" hai0="123,101,111,63,49,34,8,62,74,79,40,115,59" hai1="36,84,35,20,85,82,21,44,132,57,95,14,130" hai2="46,55,128,133,10,43,72,32,39,29,91,31,27" hai3="119,122,96,98,52,16,106,120,0,1,11,65,9"/><W97/><G119/><T125/><D123/><U18/><E35/><V110/><F110/><W80/><G106/><T100/><D111/><U26/><E130/><V7/><F128/><W103/><G103/><T25/><D115/><U22/><E132/><V93/><F133/><W69/><G69/><T90/><D125/><U75/><E75/><V41/><F72/><W6/><G65/><T107/><D8/><U127/><E127/><V54/><F43/><W50/><G80/><T42/><D74/><U71/><E71/><V5/><F31/><W81/><G81/><T38/><D79/><U53/><E44/><V121/><F7/><W124/><G124/><T68/><D38/><U134/><E36/><V45/><F45/><W94/><G94/><T76/><D76/><U58/><E95/><V67/><F67/><W64/><G64/><T92/><D68/><U61/><E134/><V78/><F78/><W129/><G129/><T113/><D113/><U70/><E70/><V99/><REACH who="2" step="1"/><F121/><REACH who="2" ten="159,405,155,271" step="2"/><W86/><G122/><T83/><D40/><U126/><E126/><V4/><F4/><W17/><G120/><T112/><D42/><U60/><E82/><V131/><F131/><W30/><G30/><T117/><D83/><U19/><E22/><V88/><F88/><W118/><G118/><T104/><D117/><U116/><E116/><V37/><F37/><W13/><G0/><AGARI ba="0,1" hai="0,5,10,27,29,32,39,41,46,54,55,91,93,99" machi="0" ten="30,3900,0" yaku="1,1,7,1,52,1,53,0" doraHai="24" doraHaiUra="47" who="2" fromWho="3" sc="159,0,405,0,155,49,271,-39" /><INIT seed="4,0,0,5,5,116" ten="159,405,204,232" oya="0" hai0="58,0,78,1,120,72,52,109,119,100,34,107,103" hai1="65,11,93,104,19,111,106,64,51,122,85,29,129" hai2="48,10,124,39,49,16,69,101,88,126,132,50,121" hai3="102,60,7,127,112,2,57,37,23,105,90,87,15"/><T97/><D119/><U79/><E111/><V8/><F39/><W74/><G37/><T31/><D109/><U89/><E29/><V130/><F101/><W53/><G74/><T43/><D43/><U46/><E129/><V33/><F33/><W44/><G2/><T4/><D100/><U128/><E79/><V99/><F69/><W134/><G112/><T62/><D120/><U54/><E122/><V47/><F132/><W9/><G134/><T13/><D72/><U66/><E128/><V83/><F121/><W113/><G113/><T80/><D31/><U76/><E76/><V84/><F99/><W22/><G127/><N who="2" m="48681" /><F130/><W3/><G105/><T75/><REACH who="0" step="1"/><D34/><REACH who="0" ten="149,405,204,232" step="2"/><U71/><E71/><V17/><F47/><W42/><G102/><T45/><D45/><U125/><E125/><V32/><F32/><W24/><G44/><T28/><D28/><U40/><E40/><V82/><F82/><W117/><G42/><T18/><D18/><AGARI ba="0,1" hai="8,10,16,17,18,48,49,50,83,84,88" m="48681" machi="18" ten="30,3900,0" yaku="18,1,54,2" doraHai="116" who="2" fromWho="0" sc="149,-39,405,0,204,49,232,0" /><INIT seed="5,0,0,0,1,63" ten="110,405,253,232" oya="1" hai0="64,99,109,102,122,35,134,17,2,15,1,57,31" hai1="85,65,115,71,38,105,111,89,44,78,67,97,23" hai2="51,6,28,74,114,45,92,49,93,123,118,129,0" hai3="86,108,80,126,94,34,124,128,7,66,131,96,29"/><U46/><E115/><V56/><F118/><W121/><G7/><T75/><D109/><U68/><E111/><V135/><F74/><W54/><G34/><T125/><D122/><U32/><E32/><V79/><F79/><W95/><G29/><T40/><D75/><U104/><E78/><V120/><F129/><N who="3" m="49739" /><G54/><T13/><D134/><U100/><E104/><V24/><F6/><W18/><G18/><T50/><D125/><N who="3" m="48233" /><G66/><T30/><D17/><U53/><E46/><V37/><F45/><W12/><G12/><T48/><D35/><U130/><E130/><V52/><F28/><W82/><G108/><T4/><D4/><U21/><E71/><V84/><F123/><W10/><G10/><T91/><D30/><U58/><E68/><V61/><F120/><W116/><G116/><T3/><D31/><U19/><E38/><V127/><F37/><W36/><G36/><T76/><D1/><U47/><E44/><V88/><F127/><W59/><G59/><T81/><D57/><U117/><E47/><V62/><F0/><W26/><G26/><T87/><D64/><U72/><E23/><V112/><F24/><W20/><G20/><T41/><D2/><U133/><E117/><V132/><F51/><N who="0" m="19498" /><D3/><U69/><E69/><V25/><F25/><W107/><G107/><N who="0" m="63967" /><D13/><U55/><E55/><V5/><F5/><W43/><G43/><T101/><D15/><U8/><E8/><V60/><F93/><W113/><G113/><AGARI ba="0,0" hai="49,52,56,60,61,62,84,88,92,112,113,114,132,135" machi="113" ten="40,8000,1" yaku="15,1,11,1,54,2" doraHai="63" who="2" fromWho="3" sc="110,0,405,0,253,80,232,-80" /><INIT seed="6,0,0,5,4,75" ten="110,405,333,152" oya="2" hai0="87,84,102,2,127,61,62,85,105,100,88,92,116" hai1="4,37,20,113,57,106,1,43,70,79,56,69,119" hai2="9,132,8,21,49,46,30,134,18,103,117,39,3" hai3="7,133,115,59,0,29,50,78,58,13,38,80,129"/><V114/><F39/><W65/><G0/><T124/><D2/><U128/><E106/><V108/><F103/><N who="0" m="39466" /><D105/><U86/><E119/><V83/><F117/><W48/><G38/><T76/><D61/><U131/><E113/><V122/><F122/><W45/><G115/><T99/><D62/><U73/><E73/><V23/><F114/><W42/><G129/><N who="1" m="49738" /><E4/><V107/><F107/><W71/><G29/><T12/><D12/><U25/><E1/><V91/><F108/><W16/><G7/><T67/><D67/><U72/><E72/><V34/><F34/><W94/><G71/><N who="1" m="27146" /><E43/><V98/><F3/><W63/><G133/><N who="2" m="51305" /><F30/><W27/><G27/><T11/><D11/><N who="2" m="4170" /><F18/><W52/><G94/><T15/><D15/><U110/><E37/><V90/><F98/><W101/><G101/><T95/><D116/><U130/><E110/><V40/><F83/><W104/><G104/><T121/><D121/><U66/><E66/><V33/><F33/><W125/><G13/><T22/><D22/><AGARI ba="0,0" hai="21,22,23,40,46,49,90,91" m="4170,51305" machi="22" ten="30,1500,0" yaku="20,1" doraHai="75" who="2" fromWho="0" sc="110,-15,405,0,333,15,152,0" /><INIT seed="6,1,0,5,5,36" ten="95,405,348,152" oya="2" hai0="96,86,85,25,59,28,47,42,12,91,81,98,10" hai1="112,135,108,119,131,84,39,133,87,31,121,79,106" hai2="37,22,97,62,34,48,111,77,16,0,20,132,105" hai3="17,46,89,110,71,76,7,99,70,41,19,11,60"/><V52/><F34/><W15/><G110/><T6/><D59/><U45/><E31/><V61/><F37/><W72/><G72/><T2/><D2/><U75/><E108/><V54/><F111/><W116/><G76/><T3/><D3/><U43/><E119/><V117/><F0/><W68/><G60/><T24/><D85/><U56/><E121/><V94/><F105/><W113/><G113/><T120/><D120/><U74/><E106/><V115/><F132/><N who="1" m="50761" /><E131/><V13/><F117/><W82/><G116/><T90/><D90/><U80/><E112/><V124/><F124/><W27/><G27/><T38/><REACH who="0" step="1"/><D24/><REACH who="0" ten="85,405,348,152" step="2"/><U23/><E87/><V44/><F115/><W66/><G71/><T104/><D104/><U8/><E84/><V93/><F77/><W88/><G70/><T49/><D49/><U18/><E75/><V128/><F128/><W100/><G68/><T109/><D109/><U78/><E56/><N who="2" m="34951" /><F62/><W35/><G89/><T50/><D50/><U67/><E79/><V32/><F32/><AGARI ba="1,1" hai="6,10,12,25,28,32,38,42,47,81,86,91,96,98" machi="32" ten="30,3900,0" yaku="1,1,7,1,52,1,53,0" doraHai="36" doraHaiUra="118" who="0" fromWho="2" sc="85,52,405,0,348,-42,152,0" /><INIT seed="7,0,0,1,2,88" ten="137,405,306,152" oya="3" hai0="53,103,93,28,94,55,36,73,4,116,85,15,46" hai1="24,30,12,98,61,47,110,82,134,83,23,91,62" hai2="133,111,10,51,49,54,101,127,135,72,66,48,63" hai3="14,42,74,124,25,3,57,68,102,99,9,97,90"/><W7/><G124/><T75/><D116/><U132/><E110/><V114/><F101/><W33/><G68/><T131/><D131/><U125/><E125/><V39/><F72/><W64/><G74/><T22/><D73/><U70/><E70/><V16/><F10/><W107/><G42/><T108/><D75/><U79/><E47/><V128/><F16/><W81/><G64/><T100/><D108/><U21/><E12/><V26/><F26/><W52/><G33/><T11/><D36/><U32/><E83/><V109/><F127/><W34/><G34/><T5/><D5/><U118/><E118/><V37/><F114/><W95/><G25/><N who="0" m="16439" /><D46/><U67/><E67/><V130/><F54/><N who="0" m="20490" /><D93/><U65/><E65/><V44/><F111/><W6/><G81/><T121/><D121/><U27/><E32/><V86/><F86/><W106/><G106/><T69/><D69/><U8/><E8/><V76/><F109/><W18/><REACH who="3" step="1"/><G3/><REACH who="3" ten="137,405,306,142" step="2"/><T71/><D71/><U104/><E104/><V19/><F66/><W41/><G41/><T96/><D85/><U40/><E40/><V117/><F130/><W112/><G112/><T120/><D120/><U31/><E27/><V2/><F128/><W13/><G13/><T50/><D50/><AGARI ba="0,1" hai="6,7,9,14,18,50,52,57,90,95,97,99,102,107" machi="50" ten="30,12000,1" yaku="1,1,7,1,52,1,54,1,53,1" doraHai="88" doraHaiUra="89" who="3" fromWho="0" sc="137,-120,405,0,306,0,142,130" /><INIT seed="7,1,0,4,2,53" ten="17,405,306,272" oya="3" hai0="117,69,97,93,71,91,76,8,67,130,123,74,60" hai1="40,73,20,10,77,45,134,49,0,46,6,44,48" hai2="65,52,112,100,36,110,66,13,15,131,87,109,39" hai3="103,85,122,129,59,99,102,135,115,82,57,3,95"/><W116/><G116/><T12/><D117/><U18/><E134/><V96/><F87/><W55/><G122/><T128/><D128/><U120/><E120/><V124/><F96/><W31/><G129/><T24/><D123/><U14/><E73/><V62/><F131/><W22/><G3/><T107/><D130/><U86/><E46/><V54/><F100/><W42/><G42/><T127/><D127/><U51/><E45/><V119/><F119/><W26/><G115/><T2/><D24/><U1/><E1/><V50/><F62/><W7/><G7/><T126/><D126/><U27/><E0/><V63/><F63/><W33/><G33/><T108/><D108/><U114/><E114/><V75/><F124/><W92/><G135/><T133/><D107/><U101/><E101/><V30/><F30/><W41/><G41/><T25/><D25/><U28/><E28/><V72/><REACH who="2" step="1"/><F50/><REACH who="2" ten="17,405,296,272" step="2"/><W4/><G4/><T68/><D97/><U81/><AGARI ba="1,1" hai="6,10,14,18,20,27,40,44,48,49,51,77,81,86" machi="81" ten="30,7900,0" yaku="0,1,25,2,8,1" doraHai="53" who="1" fromWho="1" sc="17,-21,405,92,296,-21,272,-40" owari="-4,-50.0,497,59.0,275,8.0,232,-17.0" /></mjloggm>