<mjloggm ver="2.3"><GO type="41" lobby="0"/><UN n0="%E6%AF%94%E4%BD%90%E5%BF%97%2B%2B" n1="%E3%83%AB%E3%82%A4%E3%82%B8%E3%82%A2%E3%83%8A%E3%83%91%E3%83%91" n2="%E2%93%9D%53%75%70%68%78" n3="%E4%B8%83%E7%94%9F%E5%A4%95" dan="14,14,18,14" rate="1828.13,1952.83,2083.58,1883.67" sx="M,M,M,M"/><TAIKYOKU oya="0"/><INIT seed="0,0,0,1,0,86" ten="250,250,250,250" oya="0" hai0="4,110,88,15,92,39,24,87,52,94,89,21,57" hai1="44,91,43,108,77,3,65,16,53,106,118,59,31" hai2="135,20,40,13,55,98,37,34,56,85,102,120,7" hai3="45,62,132,109,8,107,116,127,103,119,29,5,78"/><T12/><D39/><U60/><E108/><V82/><F135/><W30/><G109/><T28/><D4/><U71/><E31/><V99/><F34/><W51/><G132/><T14/><D110/><U49/><E77/><V101/><F40/><W50/><G127/><T68/><D68/><U115/><E115/><V105/><F120/><W22/><G62/><N who="0" m="36135" /><D12/><U58/><E106/><V0/><F0/><W69/><G5/><T121/><D121/><U11/><E118/><V76/><F37/><W97/><G107/><T48/><D48/><N who="1" m="26655" /><E71/><V46/><F46/><W100/><G50/><T113/><D113/><U25/><E3/><V125/><F125/><W67/><G51/><T133/><D133/><U66/><E66/><V32/><F32/><W47/><G67/><T128/><D128/><U70/><E70/><V35/><F35/><W61/><G69/><T134/><D134/><U81/><E25/><V27/><F13/><W80/><G116/><T117/><D117/><U123/><E123/><V38/><F38/><W75/><G75/><T111/><D111/><U64/><E64/><V74/><F74/><W83/><G119/><T126/><D126/><U41/><E41/><V36/><F36/><W93/><G61/><T19/><D28/><U1/><E1/><V23/><F7/><W95/><G30/><T6/><D6/><U63/><E63/><N who="2" m="36255" /><F27/><W42/><G29/><T112/><D112/><U17/><E11/><V72/><F72/><W129/><G8/><T18/><D19/><U84/><AGARI ba="0,0" hai="16,17,49,53,58,59,60,65,81,84,91" m="26655" machi="84" ten="30,4000,0" yaku="8,1,52,1,54,1" doraHai="86" who="1" fromWho="1" sc="250,-20,250,40,250,-10,250,-10" /><INIT seed="1,0,0,4,0,48" ten="230,290,240,240" oya="1" hai0="72,130,42,92,122,37,82,39,40,61,19,97,86" hai1="30,101,76,4,102,64,52,2,44,43,5,29,11" hai2="100,83,108,115,132,31,129,96,65,119,81,63,49" hai3="21,121,70,117,26,98,128,56,69,80,1,135,126"/><U94/><E64/><V50/><F119/><W17/><G121/><T54/><D122/><U23/><E76/><V107/><F108/><W34/><G126/><T73/><D130/><U112/><E112/><V118/><F132/><W6/><G135/><T7/><D7/><U106/><E106/><V15/><F118/><W120/><G128/><T74/><D19/><U10/><E23/><V66/><F129/><W88/><G120/><T93/><D39/><U12/><E43/><V67/><F63/><W113/><G113/><T18/><D37/><U85/><E85/><V127/><F31/><W87/><G34/><T124/><D124/><U131/><E131/><V105/><F127/><W60/><G117/><T3/><D3/><U55/><E44/><V32/><F32/><W58/><G58/><T62/><D18/><U24/><E102/><V0/><F0/><W27/><G27/><T57/><D62/><U46/><E46/><V38/><F38/><W13/><G1/><T22/><D22/><U28/><REACH who="1" step="1"/><E24/><REACH who="1" ten="230,280,240,240" step="2"/><V110/><F115/><W71/><G98/><AGARI ba="0,1" hai="2,4,5,10,11,12,28,29,30,52,55,94,98,101" machi="98" ten="40,18000,2" yaku="1,1,2,1,52,2,54,1,53,1" doraHai="48" doraHaiUra="33" who="1" fromWho="3" sc="230,0,280,190,240,0,240,-180" /><INIT seed="1,1,0,1,1,42" ten="230,470,240,60" oya="1" hai0="46,22,25,10,89,51,5,57,58,85,55,122,123" hai1="27,52,113,29,99,98,16,48,109,28,49,131,36" hai2="86,8,91,132,0,117,124,62,34,114,43,56,1" hai3="12,92,17,14,84,9,2,74,118,128,120,33,81"/><U15/><E113/><V23/><F117/><W63/><G120/><T133/><D133/><U82/><E36/><V115/><F34/><W69/><G128/><T19/><D123/><U125/><E125/><V104/><F104/><W45/><G118/><T20/><D20/><N who="1" m="11295" /><E131/><V39/><F132/><W96/><G74/><T31/><D122/><U7/><E7/><V83/><F23/><W54/><G33/><T3/><D31/><N who="1" m="11851" /><E27/><V87/><F124/><W127/><G2/><T111/><REACH who="0" step="1"/><D111/><REACH who="0" ten="220,470,240,60" step="2"/><U78/><E109/><V103/><F115/><W101/><G127/><T105/><D105/><U121/><E121/><V119/><F119/><W6/><G69/><T40/><D40/><U90/><E78/><V30/><F114/><W60/><G54/><T70/><D70/><U32/><E32/><V50/><F43/><W112/><G112/><T116/><D116/><U35/><E35/><V93/><F30/><W88/><REACH who="3" step="1"/><G45/><REACH who="3" ten="220,470,240,50" step="2"/><T65/><D65/><U44/><E48/><V21/><F50/><W134/><G134/><T79/><D79/><U76/><E76/><V71/><F39/><W66/><G66/><T38/><D38/><U135/><E135/><V95/><F71/><W107/><G107/><T41/><D41/><U72/><E72/><V37/><F37/><W64/><G64/><T53/><D53/><U13/><E13/><V26/><F1/><W61/><G61/><T11/><D11/><AGARI ba="1,2" hai="6,9,11,12,14,17,60,63,81,84,88,92,96,101" machi="11" ten="30,7700,0" yaku="1,1,7,1,8,1,54,1,53,0" doraHai="42" doraHaiUra="68" who="3" fromWho="0" sc="220,-80,470,0,240,0,50,100" /><INIT seed="2,0,0,3,1,18" ten="140,470,240,150" oya="2" hai0="55,70,69,121,19,86,120,103,42,115,126,39,119" hai1="12,131,75,14,22,27,3,85,67,41,25,114,65" hai2="76,28,64,102,21,97,106,98,112,116,128,71,15" hai3="78,10,36,38,0,46,127,59,33,108,63,8,31"/><V123/><F112/><W52/><G108/><T109/><D115/><U24/><E114/><V68/><F123/><W37/><G127/><T40/><D109/><U29/><E75/><V113/><F116/><W110/><G110/><T43/><D103/><U83/><E131/><V107/><F113/><W53/><G0/><T56/><D86/><U93/><E3/><V94/><F76/><W11/><G78/><T4/><D4/><U57/><E41/><N who="0" m="15977" /><D19/><U118/><E118/><V16/><F128/><W58/><G46/><N who="0" m="23935" /><D119/><U79/><E93/><V13/><F28/><W7/><G33/><T26/><D26/><N who="1" m="10347" /><E65/><V129/><F64/><W81/><G81/><T135/><D120/><U89/><E79/><V104/><F129/><W134/><G134/><T61/><D121/><U111/><E111/><V6/><REACH who="2" step="1"/><F98/><REACH who="2" ten="140,470,230,150" step="2"/><W48/><G31/><T95/><D135/><U62/><AGARI ba="0,1" hai="12,14,22,27,29,57,62,67,83,85,89" m="10347" machi="62" ten="30,2000,0" yaku="8,1,52,1" doraHai="18" who="1" fromWho="1" sc="140,-5,470,30,230,-10,150,-5" /><INIT seed="3,0,0,3,1,32" ten="135,500,220,145" oya="3" hai0="30,11,73,25,99,133,2,104,48,80,134,125,79" hai1="113,97,68,89,119,57,67,127,102,85,122,46,90" hai2="5,128,65,123,51,27,38,40,112,20,21,126,78" hai3="103,75,110,50,54,109,59,23,35,130,77,88,7"/><W34/><G130/><T76/><D125/><U83/><E113/><V28/><F112/><W8/><G103/><T120/><D120/><U93/><E127/><V22/><F38/><W96/><G23/><T70/><D70/><U94/><E122/><V115/><F78/><W24/><G24/><T12/><D79/><U15/><E68/><V114/><F65/><W16/><G77/><T74/><D73/><U95/><E119/><V87/><F123/><W131/><G75/><T33/><D48/><U13/><E46/><V117/><F117/><W52/><G16/><T91/><D91/><U107/><E67/><V98/><F128/><W64/><G64/><T101/><D12/><U4/><E4/><AGARI ba="0,0" hai="2,4,11,25,30,33,74,76,80,99,101,104,133,134" machi="4" ten="40,5200,0" yaku="23,2,52,1" doraHai="32" who="0" fromWho="1" sc="135,52,500,-52,220,0,145,0" /><INIT seed="4,0,0,2,1,11" ten="187,448,220,145" oya="0" hai0="111,110,73,18,99,23,67,30,41,95,7,78,92" hai1="48,21,43,134,117,127,12,119,105,45,89,25,27" hai2="29,112,56,53,5,124,70,8,109,47,19,32,55" hai3="54,88,16,133,87,101,130,64,22,100,125,98,60"/><T33/><D67/><U116/><E127/><V46/><F109/><W113/><G125/><T38/><D33/><U13/><E134/><V76/><F124/><W61/><G133/><T59/><D30/><U14/><E105/><V51/><F112/><W57/><G113/><T91/><D95/><U58/><E89/><V24/><F70/><W114/><G130/><T1/><D59/><U49/><E58/><V17/><F76/><W80/><G114/><T77/><D78/><U83/><E83/><V71/><F71/><W68/><REACH who="3" step="1"/><G98/><REACH who="3" ten="187,448,220,135" step="2"/><T106/><D111/><U115/><E115/><V84/><F84/><W28/><G28/><T120/><D110/><U108/><E108/><V126/><F126/><W82/><G82/><T74/><D73/><U6/><E6/><V122/><F122/><W37/><G37/><T123/><D120/><U128/><E128/><V86/><F86/><W35/><G35/><T104/><D123/><U15/><N who="1" m="3072" /><DORA hai="31" /><U135/><E135/><V20/><F32/><W2/><G2/><T0/><D1/><U50/><REACH who="1" step="1"/><E27/><AGARI ba="0,1" hai="16,22,27,54,57,60,61,64,68,80,87,88,100,101" machi="27" ten="30,7700,0" yaku="1,1,7,1,54,2,53,0" doraHai="11,31" doraHaiUra="3,103" who="3" fromWho="1" sc="187,0,448,-77,220,0,135,87" /><INIT seed="5,0,0,0,1,124" ten="187,371,220,222" oya="1" hai0="97,20,127,37,130,22,73,1,26,78,40,109,60" hai1="13,112,95,93,81,7,121,90,54,36,23,110,129" hai2="83,41,47,135,57,79,94,80,104,42,17,38,133" hai3="111,48,29,100,3,125,71,15,134,117,72,108,75"/><U64/><E112/><V132/><F104/><W70/><G125/><T27/><D109/><U106/><E106/><V12/><F42/><W85/><G3/><T59/><D1/><U11/><E36/><V35/><F35/><W76/><G134/><T96/><D127/><U16/><E110/><V99/><F57/><W50/><G85/><T113/><D37/><U120/><E129/><V33/><F33/><W58/><G15/><T62/><D40/><U14/><E64/><V98/><F79/><W77/><G58/><T0/><D0/><U61/><E81/><N who="2" m="31307" /><F94/><W46/><G46/><T34/><D78/><U51/><E61/><V65/><F65/><W128/><G29/><T87/><D73/><U92/><REACH who="1" step="1"/><E90/><REACH who="1" ten="187,361,220,222" step="2"/><V18/><F135/><W114/><G114/><T82/><D113/><U84/><E84/><V19/><F133/><W43/><G111/><T21/><D130/><U86/><E86/><V89/><F132/><W63/><G128/><T31/><D87/><U32/><E32/><V122/><F89/><W123/><G108/><T103/><D82/><U119/><E119/><V28/><F38/><W9/><G117/><T24/><D97/><U88/><E88/><V105/><F105/><W56/><G72/><T5/><D96/><U68/><E68/><V102/><F99/><W74/><G75/><T44/><D34/><U52/><E52/><V69/><F69/><W91/><G74/><T39/><D62/><U6/><E6/><V2/><F98/><W53/><G63/><T126/><D5/><U10/><E10/><V131/><F131/><W107/><G71/><RYUUKYOKU ba="0,1" sc="187,-10,361,30,220,-10,222,-10" hai1="7,11,13,14,16,23,51,54,92,93,95,120,121" /><INIT seed="5,1,1,5,1,73" ten="177,391,210,212" oya="1" hai0="36,117,109,91,83,125,23,54,0,113,90,108,121" hai1="27,17,15,114,65,95,129,37,45,110,64,103,39" hai2="111,116,56,11,124,25,80,130,38,12,94,122,63" hai3="62,120,126,13,57,102,22,74,8,6,48,128,70"/><U52/><E129/><V87/><F122/><W115/><G120/><T123/><D36/><U85/><E114/><V99/><F124/><W131/><G115/><T107/><D0/><U34/><E110/><N who="0" m="42601" /><D54/><U100/><E39/><V104/><F104/><W81/><G126/><T97/><D23/><U71/><E71/><V42/><F116/><W134/><G70/><T79/><D113/><U106/><E106/><V18/><F130/><W10/><G48/><T55/><D117/><U68/><E68/><V16/><F111/><W58/><G22/><T40/><D55/><U88/><E37/><V69/><F69/><W96/><G58/><T35/><D40/><U78/><E78/><N who="2" m="46487" /><F38/><W1/><G1/><T26/><D26/><U43/><E27/><V51/><F25/><W9/><G10/><T75/><D35/><U30/><E30/><V32/><F32/><W31/><G9/><T72/><D125/><U135/><E135/><V76/><F76/><W19/><G31/><T89/><D72/><U112/><E34/><V66/><F42/><W50/><G134/><T93/><D123/><U33/><E33/><V46/><F51/><W105/><G50/><T14/><D14/><U127/><E127/><V49/><F49/><W92/><G128/><T5/><D5/><U133/><E133/><V28/><F28/><W77/><G131/><T98/><D121/><U53/><E43/><V47/><F18/><W59/><G6/><T84/><D98/><U21/><E112/><V3/><F3/><W61/><G19/><T20/><D20/><U7/><E21/><V44/><F44/><RYUUKYOKU ba="1,1" sc="177,15,391,-15,210,15,212,-15" hai0="75,79,83,84,89,90,91,93,97,107" hai2="11,12,16,46,47,56,63,66,94,99" /><INIT seed="6,2,1,3,2,114" ten="192,376,225,197" oya="2" hai0="99,83,58,129,122,27,125,65,117,82,41,17,109" hai1="84,49,101,64,90,19,0,38,55,97,124,92,89" hai2="111,87,113,54,131,135,94,67,12,76,14,105,123" hai3="88,60,59,26,121,75,98,86,20,43,6,118,50"/><V15/><F123/><W81/><G121/><T78/><D122/><U34/><E124/><V108/><F105/><W93/><G75/><T69/><D69/><U51/><E38/><V11/><F113/><W33/><G33/><T32/><D109/><N who="2" m="42058" /><F131/><W126/><G126/><T100/><D125/><U8/><E34/><V7/><F135/><W4/><G118/><T70/><D41/><U85/><E64/><V74/><F67/><W104/><G50/><N who="1" m="18954" /><E0/><V80/><F54/><W30/><G43/><T39/><D39/><U72/><E72/><V106/><F106/><W95/><G95/><T3/><D3/><U77/><E55/><V47/><F47/><W133/><G133/><T13/><D129/><U68/><E68/><V28/><F28/><W40/><G40/><T119/><D58/><U21/><E8/><V62/><F62/><W110/><G104/><N who="0" m="63519" /><D13/><N who="2" m="5226" /><F94/><W128/><G128/><T103/><D17/><U46/><E46/><V71/><F71/><W130/><G130/><T45/><D45/><U5/><E5/><V2/><F2/><W10/><G10/><T57/><D103/><U29/><E29/><V23/><F74/><W79/><G110/><T91/><D57/><U53/><E53/><AGARI ba="2,1" hai="4,6,20,26,30,53,59,60,79,81,86,88,93,98" machi="53" ten="30,3900,0" yaku="7,1,8,1,54,1" doraHai="114" who="3" fromWho="1" sc="192,0,376,-45,225,0,197,55" /><INIT seed="7,0,0,4,1,26" ten="192,331,225,252" oya="3" hai0="130,79,14,114,17,128,120,116,97,72,22,84,110" hai1="103,0,48,94,37,46,83,106,9,56,74,121,30" hai2="101,35,40,80,99,90,6,18,119,34,95,73,16" hai3="109,3,11,118,19,134,64,112,5,104,44,117,61"/><W12/><G112/><T8/><D97/><U76/><E30/><V100/><F119/><W55/><G134/><T7/><D116/><U24/><E24/><V71/><F71/><W127/><G127/><T27/><D110/><U36/><E56/><V42/><F6/><W59/><G104/><T88/><D120/><U28/><E28/><V85/><F73/><W15/><G15/><T47/><D72/><U54/><E106/><V82/><F35/><W125/><G125/><T78/><D47/><U62/><E62/><V102/><F34/><W132/><G132/><T126/><D114/><U96/><E121/><V50/><F82/><W124/><G109/><T75/><D75/><U111/><E111/><V86/><F86/><W81/><G81/><T10/><D10/><U52/><E54/><V38/><F38/><W43/><G64/><T13/><D13/><U2/><REACH who="1" step="1"/><E9/><REACH who="1" ten="192,321,225,252" step="2"/><V77/><F42/><W45/><G124/><T68/><D126/><U107/><E107/><V58/><REACH who="2" step="1"/><F40/><REACH who="2" ten="192,321,215,252" step="2"/><W63/><G43/><T70/><D70/><U67/><E67/><V51/><F51/><W89/><G117/><T133/><D133/><U21/><E21/><V69/><F69/><W115/><G118/><T29/><D7/><U65/><E65/><V66/><F66/><W33/><G5/><T131/><REACH who="0" step="1"/><D68/><REACH who="0" ten="182,321,215,252" step="2"/><U53/><E53/><AGARI ba="0,3" hai="16,18,50,53,58,77,80,85,90,95,99,100,101,102" machi="53" ten="40,5200,0" yaku="1,1,8,1,54,1,53,0" doraHai="26" doraHaiUra="25" who="2" fromWho="1" sc="182,0,321,-52,215,82,252,0" /><INIT seed="8,0,0,5,0,37" ten="182,269,297,252" oya="0" hai0="122,47,56,14,126,42,8,59,48,84,33,83,93" hai1="124,22,18,60,101,94,3,119,118,76,30,23,120" hai2="96,9,132,36,67,113,45,121,102,117,38,104,55" hai3="6,109,97,115,51,12,71,92,128,40,43,66,32"/><T21/><D122/><U91/><E120/><V125/><F113/><W17/><G109/><T105/><D33/><U39/><E39/><V62/><F121/><W50/><G115/><T131/><D131/><U135/><E124/><V19/><F132/><W15/><G32/><T87/><D105/><U79/><E3/><V81/><F81/><W72/><G72/><T74/><D74/><U112/><E112/><V68/><F125/><W24/><G24/><T86/><D21/><U98/><E135/><V41/><F38/><W27/><G27/><T11/><D11/><U77/><E30/><V130/><F55/><W61/><G128/><T107/><D107/><U127/><E127/><V95/><F130/><W100/><G50/><T57/><D126/><U34/><E34/><V35/><F35/><W13/><G6/><N who="0" m="3351" /><D93/><N who="1" m="58575" /><E60/><V65/><F104/><W64/><G64/><T4/><D4/><U134/><E134/><V31/><F67/><W70/><G71/><T29/><D29/><U0/><E0/><V133/><F31/><W7/><G7/><T90/><AGARI ba="0,0" hai="42,47,48,56,57,59,83,84,86,87,90" m="3351" machi="90" ten="30,3000,0" yaku="8,1,52,1" doraHai="37" who="0" fromWho="0" sc="182,30,269,-10,297,-10,252,-10" /><INIT seed="8,1,0,3,4,75" ten="212,259,287,242" oya="0" hai0="28,108,29,73,102,69,62,4,65,7,99,14,111" hai1="60,90,58,78,30,121,54,85,79,1,74,110,40" hai2="43,10,34,19,113,86,94,87,41,63,36,80,114" hai3="64,23,59,55,123,126,124,50,42,45,104,120,38"/><T20/><D73/><U27/><E110/><N who="0" m="42025" /><D4/><U53/><E74/><V105/><F105/><W25/><G104/><N who="0" m="63583" /><D7/><U97/><E1/><V9/><F34/><W93/><G93/><T6/><D6/><U92/><E121/><N who="3" m="46666" /><G23/><T56/><D69/><U117/><E117/><V89/><F114/><W21/><G21/><T112/><D112/><U129/><E129/><V52/><F36/><W119/><G25/><T81/><D81/><N who="1" m="49455" /><E40/><N who="2" m="15435" /><F19/><AGARI ba="1,0" hai="14,19,20,28,29,56,62,65" m="63583,42025" machi="19" ten="30,1500,0" yaku="10,1" doraHai="75" who="0" fromWho="2" sc="212,18,259,0,287,-18,242,0" /><INIT seed="8,2,0,5,4,76" ten="230,259,269,242" oya="0" hai0="109,86,104,103,10,28,8,130,24,53,108,5,63" hai1="26,120,112,59,34,51,65,13,30,89,69,91,123" hai2="22,18,41,48,68,88,21,85,79,90,56,114,54" hai3="93,106,49,71,115,60,67,45,66,129,23,52,40"/><T33/><D130/><U124/><E69/><V7/><F68/><W55/><G129/><T3/><D86/><U58/><E124/><V4/><F114/><W97/><G106/><T96/><D10/><U101/><E101/><V100/><F100/><W111/><G111/><T42/><D42/><U70/><E70/><V19/><F41/><W125/><G125/><T12/><D12/><U61/><E112/><V64/><F64/><W35/><G35/><T2/><D2/><U0/><E0/><V107/><F79/><W74/><G74/><T6/><D6/><N who="2" m="2090" /><F107/><W122/><G115/><T113/><D113/><U94/><E13/><N who="2" m="9423" /><F85/><W126/><G126/><T77/><D77/><U47/><E59/><V116/><F116/><W135/><G67/><T29/><REACH who="0" step="1"/><D28/><REACH who="0" ten="220,259,269,242" step="2"/><U82/><E123/><V131/><F131/><W50/><G122/><T98/><D98/><U92/><E120/><V31/><F31/><W119/><G119/><T32/><D32/><U121/><E121/><V78/><F78/><W39/><G135/><T95/><D95/><U14/><E14/><AGARI ba="2,1" hai="14,19,22,48,54,56,88,90" m="9423,2090" machi="14" ten="30,2000,0" yaku="8,1,54,1" doraHai="76" who="2" fromWho="1" sc="220,0,259,-26,269,36,242,0" owari="220,-28.0,233,-17.0,305,41.0,242,4.0" /></mjloggm>