<mjloggm ver="2.3"><GO type="41" lobby="0"/><UN n0="%E6%9E%97%E6%AA%8E%E6%98%9F" n1="%E2%93%9D%53%75%70%68%78" n2="%E6%9C%80%E5%BE%8C%E3%81%AE%E7%8E%8B%E9%81%93" n3="%E3%82%B0%E3%83%A9%E3%82%B9%E6%9C%80%E5%BC%B7" dan="13,17,13,14" rate="1854.55,2094.10,2015.48,1911.46" sx="M,M,M,M"/><TAIKYOKU oya="0"/><INIT seed="0,0,0,1,4,33" ten="250,250,250,250" oya="0" hai0="84,58,6,27,96,53,46,9,52,127,117,88,82" hai1="65,108,115,28,86,94,71,54,68,18,67,111,50" hai2="95,42,40,64,20,129,104,116,112,134,59,81,37" hai3="72,91,80,16,114,3,63,102,78,113,14,101,83"/><T93/><D127/><U43/><E28/><V34/><F112/><W5/><G113/><T105/><D117/><U120/><E18/><V132/><F104/><W62/><G114/><T70/><D70/><N who="1" m="26667" /><E86/><V36/><F34/><W22/><G91/><T45/><D105/><U29/><E94/><V56/><F116/><W23/><G23/><T128/><D27/><U31/><E29/><V51/><F95/><W35/><G35/><T126/><D126/><U87/><E87/><V89/><F20/><W77/><G101/><T24/><D24/><U131/><E31/><V121/><F81/><W49/><G49/><T122/><D122/><U39/><E131/><V130/><F89/><W97/><G3/><T123/><D123/><U69/><E69/><V110/><F51/><W66/><G66/><N who="1" m="25098" /><E115/><V75/><F64/><W90/><G90/><T19/><D19/><U21/><E21/><V15/><F75/><W79/><G5/><T74/><D74/><U8/><E8/><V38/><F15/><W13/><G13/><T107/><D128/><N who="2" m="49258" /><F121/><W100/><G100/><T76/><D107/><U10/><E10/><V26/><F26/><W30/><G30/><T61/><REACH who="0" step="1"/><D53/><REACH who="0" ten="240,250,250,250" step="2"/><U32/><E120/><V25/><F25/><W11/><G72/><T125/><D125/><U133/><E32/><V106/><F106/><W57/><G16/><T119/><D119/><U48/><E54/><V41/><F110/><N who="1" m="42025" /><E133/><AGARI ba="0,1" hai="36,37,38,40,41,42,56,59,132,133,134" m="49258" machi="133" ten="40,12000,2" yaku="28,2,20,1,19,1,34,2" doraHai="33" who="2" fromWho="1" sc="240,0,250,-120,250,130,250,0" /><INIT seed="1,0,0,0,2,39" ten="240,130,380,250" oya="1" hai0="81,3,59,23,109,40,71,110,95,108,101,120,129" hai1="43,99,50,45,73,80,15,103,111,21,90,82,24" hai2="62,104,33,106,97,114,18,28,87,130,9,57,68" hai3="70,88,76,56,26,14,133,92,122,52,78,6,32"/><U22/><E111/><V123/><F123/><W37/><G70/><T29/><D3/><U60/><E73/><V63/><F130/><W0/><G122/><T125/><D120/><U44/><E90/><V20/><F33/><W132/><G0/><T12/><D129/><U2/><E2/><V72/><F72/><W102/><G102/><T35/><D35/><U51/><E60/><V83/><F28/><W8/><G26/><N who="0" m="16607" /><D71/><U107/><E15/><V86/><F9/><W31/><G31/><T17/><D125/><U66/><E66/><V49/><F114/><W53/><G32/><T4/><D81/><U1/><E1/><V75/><F75/><W100/><G100/><T79/><D79/><U134/><E134/><N who="3" m="51818" /><G37/><T127/><D127/><U115/><E115/><V25/><F104/><W96/><G53/><T27/><D101/><U116/><E116/><V7/><F106/><W42/><G42/><T47/><D95/><U112/><E112/><V93/><F83/><W36/><G36/><N who="0" m="21895" /><D27/><U46/><E24/><V11/><F68/><W13/><G14/><T10/><D59/><U67/><E45/><V69/><F69/><W89/><G89/><T126/><D126/><U61/><E80/><V124/><F124/><W135/><N who="3" m="51826" /><W38/><DORA hai="118" /><G38/><T98/><D98/><U117/><E117/><V48/><F97/><W121/><G121/><T119/><D119/><U65/><E82/><V84/><F57/><W55/><G55/><T54/><D54/><N who="1" m="30071" /><E67/><V85/><N who="2" m="21504" /><DORA hai="19" /><V91/><F93/><W131/><G131/><T16/><AGARI ba="0,0" hai="4,10,12,16,17,108,109,110" m="21895,16607" machi="16" ten="40,8000,1" yaku="14,1,52,2,54,1" doraHai="39,118,19" who="0" fromWho="0" sc="240,80,130,-40,380,-20,250,-20" /><INIT seed="2,0,0,2,3,109" ten="320,90,360,230" oya="2" hai0="68,76,28,4,99,112,7,43,87,124,123,50,108" hai1="16,42,54,67,31,46,126,93,71,107,97,85,21" hai2="36,125,55,13,17,52,89,19,14,81,105,65,44" hai3="117,10,11,74,115,38,66,25,40,51,102,113,104"/><V118/><F105/><W59/><G74/><T86/><D68/><U116/><E126/><V26/><F118/><W64/><G117/><T133/><D28/><U73/><E116/><V49/><F36/><W29/><G38/><T2/><D2/><U100/><E73/><V106/><F106/><W110/><G110/><T111/><D50/><U20/><E54/><V70/><F125/><W0/><G102/><T131/><D124/><U61/><E31/><V30/><F65/><W62/><G104/><T134/><D43/><U8/><E85/><V80/><F70/><W84/><G84/><T120/><D99/><U130/><E130/><V78/><F89/><W122/><G64/><T18/><D18/><U132/><E132/><V88/><F88/><W48/><G0/><T15/><D15/><U103/><E103/><V82/><F55/><W39/><G39/><T92/><D92/><U34/><E34/><V128/><F128/><W23/><G122/><T129/><REACH who="0" step="1"/><D76/><REACH who="0" ten="310,90,360,230" step="2"/><U101/><E107/><V90/><F78/><W94/><G94/><T33/><D33/><U22/><E100/><V9/><F30/><W6/><G40/><T24/><D24/><U1/><E1/><V53/><F26/><W75/><G6/><T58/><D58/><U32/><E32/><V135/><F14/><W57/><G57/><T79/><D79/><U83/><E42/><N who="2" m="24727" /><F17/><W77/><G77/><T98/><D98/><U27/><E46/><V47/><F47/><W119/><G119/><T37/><D37/><U3/><E3/><V95/><F135/><W41/><G41/><T69/><D69/><RYUUKYOKU ba="0,1" sc="310,15,90,-15,360,15,230,-15" hai0="4,7,86,87,108,111,112,120,123,129,131,133,134" hai2="9,13,19,52,53,80,81,82,90,95" /><INIT seed="2,1,1,1,3,27" ten="325,75,375,215" oya="2" hai0="70,63,128,13,135,15,88,74,104,8,99,28,42" hai1="85,44,103,21,55,95,106,4,119,2,61,113,5" hai2="100,87,10,93,134,86,125,66,82,64,96,25,94" hai3="29,83,79,130,34,59,108,77,118,47,123,122,117"/><V126/><F10/><W46/><G108/><T75/><D104/><U71/><E113/><V30/><F134/><W68/><G59/><T39/><D135/><U52/><E119/><V98/><F64/><W17/><G17/><T97/><D39/><U107/><E2/><V67/><F67/><W69/><G83/><T57/><D70/><U14/><E71/><V81/><F66/><W109/><G109/><T54/><D42/><U73/><E73/><V102/><F25/><W133/><G133/><T6/><D128/><U12/><E85/><V24/><F24/><W11/><G11/><T58/><D88/><U60/><E95/><V33/><F33/><W23/><G23/><T89/><D89/><U114/><E114/><V80/><F30/><W76/><G76/><T1/><D28/><U32/><E21/><V115/><F115/><W116/><G116/><T92/><D92/><U43/><E43/><V121/><F121/><W40/><G40/><T120/><D120/><U38/><E44/><V112/><F112/><W22/><G22/><T50/><D74/><U16/><E103/><V111/><F111/><W53/><G53/><T20/><D75/><U35/><REACH who="1" step="1"/><E16/><REACH who="1" ten="325,65,375,215" step="2"/><V48/><F48/><W56/><G117/><T131/><D1/><U84/><E84/><AGARI ba="1,2" hai="80,81,82,84,86,87,93,94,96,98,100,102,125,126" machi="84" ten="40,12000,1" yaku="9,1,34,3" doraHai="27" who="2" fromWho="1" sc="325,0,65,-123,375,143,215,0" owari="325,13.0,-58,-56.0,518,61.0,215,-18.0" /></mjloggm>