<mjloggm ver="2.3"><GO type="41" lobby="0"/><UN n0="%E2%93%9D%53%75%70%68%78" n1="%E6%9D%B1%E5%B1%B1%E5%A5%88%E5%A4%AE%40%E3%83%97%E3%83%99%E7%B5%84" n2="%E5%AD%A6%E5%A4%A7%E3%83%9C%E3%82%A6%E3%83%A4%E3%83%A6%E3%82%A6" n3="%E3%81%AF%E3%82%80%E3%81%97" dan="18,15,15,15" rate="2084.71,1974.70,1988.65,1988.22" sx="M,F,M,M"/><TAIKYOKU oya="0"/><INIT seed="0,0,0,0,2,3" ten="250,250,250,250" oya="0" hai0="85,90,9,77,82,6,5,35,98,36,112,69,92" hai1="34,48,88,60,95,84,39,38,74,26,116,105,2" hai2="117,127,86,100,130,76,79,110,75,111,61,96,89" hai3="8,114,113,56,28,68,104,27,20,47,103,128,37"/><T80/><D112/><U10/><E116/><V19/><F61/><W124/><G68/><T73/><D35/><U93/><E74/><V55/><F55/><W32/><G124/><T45/><D69/><U133/><E105/><N who="2" m="63623" /><F19/><W83/><G128/><T71/><D71/><U129/><E129/><V42/><F42/><W25/><G83/><T14/><D36/><U99/><E133/><V31/><F31/><W109/><G109/><N who="2" m="41481" /><F130/><W132/><G132/><T57/><D45/><U125/><E125/><V101/><F127/><W58/><G103/><T13/><D57/><U118/><E118/><V53/><F53/><W87/><G104/><T33/><D33/><U121/><E121/><V22/><F22/><W70/><G87/><T97/><D82/><U122/><E122/><V49/><F49/><W7/><G70/><T64/><D64/><U16/><E48/><V94/><F117/><W21/><G56/><T59/><D59/><U44/><E60/><V43/><F43/><W81/><G58/><T108/><D108/><U23/><E34/><V107/><F75/><W4/><G37/><T135/><D135/><U12/><E44/><V66/><F66/><W106/><G47/><T54/><D54/><U17/><REACH who="1" step="1"/><E2/><REACH who="1" ten="250,240,250,250" step="2"/><V29/><F29/><W67/><G28/><T78/><D78/><U126/><E126/><V0/><F0/><W46/><G32/><T15/><D9/><U52/><E52/><V102/><F107/><W24/><G8/><T41/><D41/><U91/><AGARI ba="0,1" hai="10,12,16,17,23,26,38,39,84,88,91,93,95,99" machi="91" ten="20,12000,2" yaku="1,1,0,1,7,1,54,2,53,1" doraHai="3" doraHaiUra="11" who="1" fromWho="1" sc="250,-60,240,130,250,-30,250,-30" /><INIT seed="1,0,0,3,1,109" ten="190,370,220,220" oya="1" hai0="22,62,7,132,112,26,108,63,24,117,18,30,92" hai1="99,37,79,59,113,49,5,19,94,104,100,3,84" hai2="28,107,55,95,14,9,6,20,106,31,78,0,88" hai3="127,1,97,133,116,123,120,69,34,66,114,48,82"/><U75/><E37/><V80/><F107/><W47/><G34/><T128/><D117/><U70/><E70/><V58/><F106/><W85/><G1/><T54/><D108/><U77/><E75/><V11/><F20/><W8/><G8/><T67/><D128/><U44/><E59/><V135/><F135/><W98/><G127/><T46/><D7/><U101/><E5/><V87/><F9/><W83/><G133/><T74/><D74/><U65/><E65/><V71/><F71/><W35/><G35/><T64/><D112/><U39/><E39/><V23/><F23/><W118/><G66/><T57/><D132/><U105/><E3/><V16/><F6/><W125/><G69/><T17/><D26/><U43/><E19/><V38/><F38/><W60/><G60/><T51/><REACH who="0" step="1"/><D92/><REACH who="0" ten="180,370,220,220" step="2"/><U110/><E110/><V76/><F0/><W122/><G114/><T130/><D130/><U4/><E4/><V36/><F36/><W90/><G125/><T72/><D72/><U10/><E113/><V93/><F93/><W96/><REACH who="3" step="1"/><G83/><REACH who="3" ten="180,370,220,210" step="2"/><T73/><D73/><U81/><E81/><V119/><F119/><W89/><G89/><T91/><D91/><U115/><E115/><V61/><REACH who="2" step="1"/><F80/><REACH who="2" ten="180,370,210,210" step="2"/><W15/><G15/><T121/><D121/><U41/><E104/><V56/><F56/><AGARI ba="0,3" hai="17,18,22,24,30,46,51,54,56,57,62,63,64,67" machi="56" ten="30,7700,0" yaku="1,1,7,1,9,1,8,1,53,0" doraHai="109" doraHaiUra="68" who="0" fromWho="2" sc="180,107,370,0,210,-77,210,0" /><INIT seed="2,0,0,3,1,78" ten="287,370,133,210" oya="2" hai0="90,73,62,32,79,48,44,59,70,29,56,80,54" hai1="135,47,0,86,61,18,52,49,88,128,105,69,92" hai2="11,133,93,98,71,16,102,8,125,14,26,60,65" hai3="46,96,91,89,76,37,13,67,77,75,17,50,66"/><V99/><F125/><W109/><G109/><T129/><D129/><U10/><E105/><V23/><F133/><W53/><G37/><T24/><REACH who="0" step="1"/><D90/><REACH who="0" ten="277,370,133,210" step="2"/><U81/><E128/><V104/><REACH who="2" step="1"/><F26/><REACH who="2" ten="277,370,123,210" step="2"/><W20/><G89/><AGARI ba="0,2" hai="8,11,14,16,23,60,65,71,89,93,98,99,102,104" machi="89" ten="30,11600,0" yaku="1,1,2,1,7,1,54,1,53,0" doraHai="78" doraHaiUra="121" who="2" fromWho="3" sc="277,0,370,0,123,136,210,-116" /><INIT seed="2,1,0,5,5,18" ten="277,370,259,94" oya="2" hai0="33,127,11,115,105,121,63,32,71,45,19,22,82" hai1="124,34,27,135,21,114,1,50,57,68,76,99,38" hai2="37,49,3,9,24,96,8,15,86,70,65,26,35" hai3="90,134,59,43,44,2,12,132,94,20,87,64,29"/><V72/><F72/><W5/><G2/><T74/><D121/><U46/><E114/><V31/><F37/><W73/><G73/><T6/><D105/><U52/><E124/><V36/><F36/><W61/><G5/><T107/><D107/><U129/><E129/><V112/><F112/><W47/><G47/><T111/><D111/><U42/><E68/><V97/><F3/><W54/><G64/><T122/><D122/><U56/><E135/><V85/><F49/><W40/><G40/><T83/><D127/><U126/><E126/><V30/><F15/><W0/><G0/><T88/><D115/><U128/><E128/><V16/><F65/><W91/><G90/><T78/><D63/><U120/><E120/><V119/><F70/><W131/><G131/><T133/><D45/><U55/><E34/><V116/><F35/><W23/><G12/><T125/><D133/><N who="3" m="51305" /><G29/><T13/><D71/><U79/><E99/><V104/><F104/><W14/><G14/><T100/><D125/><U130/><E1/><V113/><F113/><W48/><AGARI ba="1,0" hai="20,23,43,44,48,54,59,61,87,91,94" m="51305" machi="48" ten="30,4000,0" yaku="20,1,52,2" doraHai="18" who="3" fromWho="3" sc="277,-11,370,-11,259,-21,94,43" /><INIT seed="3,0,0,1,5,64" ten="266,359,238,137" oya="3" hai0="56,76,21,103,87,69,100,0,13,116,113,72,33" hai1="99,60,45,109,12,84,38,91,52,37,97,98,68" hai2="17,122,11,129,106,61,134,80,59,128,35,95,58" hai3="51,121,133,25,123,118,125,14,9,27,57,50,5"/><W132/><G118/><T101/><D0/><U39/><E109/><V15/><F106/><W120/><G125/><T96/><D33/><U85/><E12/><V20/><F35/><W46/><G57/><T4/><D72/><U47/><E68/><V83/><F134/><N who="3" m="51819" /><G51/><T94/><D113/><U42/><E42/><AGARI ba="0,0" hai="5,9,14,25,27,42,46,50,120,121,123" m="51819" machi="42" ten="40,2000,0" yaku="20,1" doraHai="64" who="3" fromWho="1" sc="266,0,359,-20,238,0,137,20" /><INIT seed="3,1,0,1,0,107" ten="266,339,238,157" oya="3" hai0="123,32,100,43,125,28,30,85,5,45,2,47,131" hai1="46,77,24,66,118,16,112,0,33,135,129,120,124" hai2="73,65,95,106,94,86,75,26,113,62,14,13,18" hai3="102,96,57,104,92,128,55,63,67,98,81,25,6"/><W68/><G128/><T130/><D100/><U80/><E120/><V93/><F106/><W121/><G121/><T89/><D123/><U61/><E112/><V105/><F105/><W21/><G6/><T99/><D99/><U42/><E118/><V19/><F113/><W40/><G40/><T41/><D5/><U91/><E0/><V34/><F86/><W87/><G98/><T15/><D15/><U82/><E33/><V20/><F34/><W72/><G72/><T48/><D125/><U54/><E124/><V70/><REACH who="2" step="1"/><F26/><REACH who="2" ten="266,339,228,157" step="2"/><W8/><G104/><T49/><D32/><U10/><E24/><V97/><F97/><W108/><G108/><T7/><D131/><U134/><E129/><V52/><F52/><W56/><G55/><T60/><D130/><U35/><E35/><V71/><F71/><W64/><G64/><T38/><D85/><U31/><E54/><V53/><F53/><W27/><G27/><T116/><D116/><U74/><E74/><V110/><F110/><W114/><G114/><T69/><D69/><U109/><E109/><V117/><F117/><W88/><REACH who="3" step="1"/><G8/><AGARI ba="1,1" hai="8,13,14,18,19,20,62,65,70,73,75,93,94,95" machi="8" ten="40,8000,1" yaku="1,1,52,2,53,1" doraHai="107" doraHaiUra="59" who="2" fromWho="3" sc="266,0,339,0,228,93,157,-83" /><INIT seed="4,0,0,0,2,42" ten="266,339,321,74" oya="0" hai0="64,129,68,104,55,67,29,111,96,92,125,26,135" hai1="73,77,33,28,86,71,27,41,133,72,57,24,3" hai2="109,34,37,127,11,107,14,99,22,81,95,5,46" hai3="15,53,51,16,20,58,98,50,120,8,52,48,106"/><T43/><D129/><U9/><E133/><V54/><F34/><W32/><G32/><T21/><D135/><U126/><E71/><V59/><F107/><W31/><G120/><T116/><D116/><U113/><E113/><V30/><F127/><W23/><G31/><T103/><D125/><U2/><E126/><V90/><F37/><W39/><G39/><T132/><D132/><U12/><E41/><V79/><F109/><W25/><G25/><T128/><D128/><U7/><E57/><V76/><F81/><W45/><REACH who="3" step="1"/><G51/><REACH who="3" ten="266,339,321,64" step="2"/><T121/><D121/><U85/><E24/><V78/><F30/><W94/><G94/><T38/><D111/><U6/><E27/><V18/><F22/><W10/><G10/><T44/><D104/><U36/><E36/><V13/><F11/><W69/><G69/><T118/><D118/><U4/><E28/><V65/><F95/><W74/><G74/><T35/><D68/><U123/><E123/><V82/><F82/><W114/><G114/><T88/><D35/><U131/><E33/><V0/><F5/><W105/><G105/><T75/><D75/><U134/><E6/><V119/><F119/><W17/><G17/><T91/><D29/><U110/><E7/><V40/><F18/><W87/><G87/><T117/><D117/><U108/><E108/><V89/><F13/><W102/><AGARI ba="0,1" hai="8,15,16,20,23,45,48,50,52,53,58,98,102,106" machi="102" ten="30,8000,1" yaku="1,1,0,1,52,1,54,2,53,0" doraHai="42" doraHaiUra="70" who="3" fromWho="3" sc="266,-40,339,-20,321,-20,64,90" /><INIT seed="5,0,0,2,1,11" ten="226,319,301,154" oya="1" hai0="31,124,109,28,57,69,113,79,12,56,47,42,78" hai1="121,21,34,89,6,90,13,17,85,51,76,36,104" hai2="133,93,19,117,74,102,0,1,59,86,26,105,131" hai3="41,80,125,65,20,23,48,55,77,27,97,100,70"/><U58/><E121/><V75/><F117/><W98/><G125/><T32/><D109/><U83/><E36/><V106/><F133/><W53/><G70/><T64/><D69/><U126/><E126/><V45/><F45/><W81/><G65/><T120/><D32/><U43/><E34/><V15/><F26/><W95/><G98/><T87/><D113/><U135/><E135/><V30/><F30/><W54/><G20/><T29/><D120/><U132/><E132/><V2/><F131/><W63/><G63/><T71/><D71/><U128/><E128/><V110/><F110/><W127/><G127/><T22/><D64/><U33/><E33/><V101/><F101/><BYE who="2" /><W82/><G41/><T50/><D124/><U52/><E104/><V67/><F67/><W108/><G108/><T103/><D103/><U112/><E112/><V3/><F3/><W39/><G39/><T111/><D111/><U107/><E107/><V130/><F130/><W91/><G100/><T62/><D62/><U134/><E134/><V119/><F119/><W88/><G91/><T123/><D123/><U118/><E118/><V114/><F114/><W99/><G99/><T37/><D37/><U122/><E122/><V94/><F94/><W72/><REACH who="3" step="1"/><G48/><REACH who="3" ten="226,319,301,144" step="2"/><T46/><D50/><U115/><E115/><V25/><F25/><W84/><G84/><T4/><D87/><U129/><E129/><V49/><F49/><W68/><G68/><T35/><D35/><UN n2="%E5%AD%A6%E5%A4%A7%E3%83%9C%E3%82%A6%E3%83%A4%E3%83%A6%E3%82%A6" /><U44/><REACH who="1" step="1"/><E6/><REACH who="1" ten="226,309,301,144" step="2"/><V16/><F106/><W9/><G9/><T8/><D8/><U5/><E5/><V10/><F105/><RYUUKYOKU ba="0,2" sc="226,-15,309,15,301,-15,144,15" hai1="13,17,21,43,44,51,52,58,76,83,85,89,90" hai3="23,27,53,54,55,72,77,80,81,82,88,95,97" /><INIT seed="5,1,2,0,3,72" ten="211,324,286,159" oya="1" hai0="47,55,98,65,33,80,41,39,106,121,40,83,122" hai1="3,108,50,21,101,46,118,54,129,17,53,18,91" hai2="15,61,99,94,4,64,26,10,34,131,86,35,76" hai3="103,37,77,68,27,110,28,85,24,135,67,132,32"/><U60/><E118/><V124/><F131/><W88/><G37/><T56/><D33/><U119/><E119/><V29/><F124/><W92/><G110/><T57/><D106/><U115/><E115/><V51/><F51/><W58/><G68/><T25/><D98/><U117/><E117/><V107/><F86/><W69/><G69/><T111/><D25/><U59/><E3/><V96/><F96/><W2/><G2/><T120/><D111/><U5/><E129/><V6/><F76/><W127/><G127/><T8/><D8/><U114/><E114/><V16/><F34/><W87/><G27/><T130/><D130/><U14/><E108/><V43/><F43/><W79/><G103/><T134/><D134/><N who="3" m="51241" /><G87/><T45/><D65/><U20/><E101/><V31/><F31/><W128/><G128/><T66/><D66/><U23/><E91/><V52/><F107/><W116/><G116/><T74/><D55/><U11/><AGARI ba="1,2" hai="5,11,14,17,18,20,21,23,46,50,53,54,59,60" machi="11" ten="30,3000,0" yaku="0,1,8,1" doraHai="72" who="1" fromWho="1" sc="211,-11,324,53,286,-11,159,-11" /><INIT seed="5,2,0,0,0,64" ten="200,377,275,148" oya="1" hai0="13,43,34,17,109,106,111,72,48,11,83,119,80" hai1="49,120,81,45,90,69,126,96,54,135,51,2,24" hai2="39,52,77,40,0,115,102,61,25,22,79,5,7" hai3="70,29,32,94,37,31,128,99,131,91,114,62,18"/><U56/><E120/><V42/><F0/><W110/><G110/><T130/><D119/><U76/><E2/><V46/><F40/><W71/><G62/><T89/><D34/><U60/><E126/><V117/><F117/><W108/><G108/><T3/><D106/><U59/><E135/><V75/><F102/><W92/><G37/><T12/><D3/><U82/><E69/><N who="3" m="26122" /><G32/><T127/><D130/><N who="3" m="49705" /><G114/><T30/><D127/><U53/><E24/><V50/><F61/><W87/><G18/><T88/><D17/><U14/><E14/><V95/><F115/><W125/><G125/><T10/><D30/><U93/><REACH who="1" step="1"/><E76/><REACH who="1" ten="200,367,275,148" step="2"/><V47/><F79/><W134/><G134/><T73/><D111/><U116/><E116/><V20/><F77/><W15/><G15/><T100/><D109/><U21/><E21/><V36/><F20/><W67/><G67/><AGARI ba="2,1" hai="45,49,51,53,54,56,59,60,67,81,82,90,93,96" machi="67" ten="30,5800,0" yaku="1,1,7,1,8,1,53,0" doraHai="64" doraHaiUra="8" who="1" fromWho="3" sc="200,0,367,74,275,0,148,-64" /><INIT seed="5,3,0,0,3,99" ten="200,441,275,84" oya="1" hai0="117,2,97,26,130,127,84,105,66,48,120,27,94" hai1="111,85,53,7,121,119,61,15,30,37,28,59,72" hai2="122,73,89,24,83,102,129,70,44,96,115,60,126" hai3="12,76,49,54,114,18,0,21,103,50,71,101,20"/><U5/><E119/><V79/><F122/><W17/><G71/><T10/><D105/><U35/><E121/><V51/><F129/><W124/><G0/><T6/><D117/><U112/><E112/><V74/><F126/><W45/><G114/><T43/><D66/><U38/><E72/><V9/><F115/><W19/><G124/><T90/><D130/><U69/><E69/><V16/><F89/><W104/><G104/><T92/><D127/><U116/><E116/><V75/><F70/><W82/><G50/><T68/><D68/><U78/><E35/><V133/><F60/><W77/><G18/><T110/><D110/><U98/><E111/><V134/><F134/><W113/><G113/><T100/><REACH who="0" step="1"/><D120/><REACH who="0" ten="190,441,275,84" step="2"/><U107/><E107/><V22/><F133/><W46/><G46/><AGARI ba="3,1" hai="2,6,10,26,27,43,46,48,84,90,92,94,97,100" machi="46" ten="40,8000,1" yaku="1,1,2,1,52,1,53,1" doraHai="99" doraHaiUra="41" who="0" fromWho="3" sc="190,99,441,0,275,0,84,-89" owari="289,9.0,441,54.0,275,-12.0,-5,-51.0" /></mjloggm>