<mjloggm ver="2.3"><GO type="41" lobby="0"/><UN n0="%E8%BF%B7%E3%81%84" n1="%E2%93%9D%53%75%70%68%78" n2="%47%2D%32" n3="%E3%82%86%E3%81%88%E4%BC%9A%E9%95%B7" dan="13,18,15,13" rate="2030.20,2070.53,1977.20,2020.88" sx="F,M,M,F"/><TAIKYOKU oya="0"/><INIT seed="0,0,0,2,1,27" ten="250,250,250,250" oya="0" hai0="129,84,70,121,10,12,4,22,124,6,76,106,59" hai1="53,7,41,112,30,122,32,21,79,128,24,116,132" hai2="86,110,114,39,93,118,107,54,96,91,127,14,5" hai3="109,26,77,9,98,123,89,20,105,46,28,65,49"/><T111/><D121/><U25/><E41/><V29/><F114/><W37/><G37/><T45/><D70/><U117/><E79/><V85/><F39/><W102/><G123/><T61/><D106/><U50/><E122/><V81/><F110/><W134/><G109/><T1/><D111/><U57/><E112/><V8/><F127/><W80/><G134/><T73/><D124/><U3/><E128/><V33/><F118/><W51/><G65/><T23/><D129/><U119/><E7/><V135/><F135/><W60/><G60/><T16/><D45/><U126/><E126/><V78/><F107/><W62/><G62/><T99/><D73/><U69/><E3/><V43/><F43/><W64/><G64/><N who="0" m="38975" /><D99/><U72/><E72/><V17/><F54/><W68/><G68/><T95/><D1/><U82/><E69/><V40/><F40/><W63/><G63/><T0/><D0/><U88/><E132/><V100/><F33/><W55/><G51/><T42/><D42/><U52/><E53/><V97/><F100/><W115/><G115/><T103/><D103/><U101/><E101/><V66/><F66/><W11/><REACH who="3" step="1"/><G89/><REACH who="3" ten="250,250,250,240" step="2"/><N who="0" m="53671" /><D76/><U56/><E119/><V108/><F108/><W71/><G71/><T58/><D58/><U31/><E57/><V92/><F78/><W18/><G18/><T120/><D120/><U2/><E2/><V34/><F17/><W83/><G83/><T90/><D90/><U67/><E67/><V74/><F81/><W36/><G36/><T125/><D125/><U113/><E113/><V47/><F91/><W13/><G13/><RYUUKYOKU ba="0,1" sc="250,10,250,10,250,-30,240,10" hai0="4,6,10,12,16,22,23" hai1="21,24,25,30,31,32,50,52,56,82,88,116,117" hai3="9,11,20,26,28,46,49,55,77,80,98,102,105" /><INIT seed="0,1,1,5,5,63" ten="260,260,220,250" oya="0" hai0="43,39,78,127,116,0,117,11,18,20,4,24,86" hai1="115,129,27,106,32,125,77,108,81,128,93,41,120" hai2="135,21,103,53,70,13,109,17,10,38,19,107,6" hai3="46,56,55,68,2,57,52,126,67,30,33,113,9"/><T3/><D3/><U118/><E41/><V83/><F38/><W26/><G68/><T25/><D127/><U130/><E125/><V97/><F109/><W112/><G126/><T87/><D24/><U92/><E118/><V69/><F135/><W110/><G110/><T85/><REACH who="0" step="1"/><D78/><REACH who="0" ten="250,260,220,250" step="2"/><U91/><E108/><V99/><F99/><W132/><G132/><T79/><D79/><U88/><E27/><V94/><F107/><W16/><G2/><T64/><D64/><U37/><E106/><V54/><F83/><W59/><G112/><T121/><D121/><U22/><E120/><V44/><F6/><W72/><G113/><T123/><D123/><U73/><E115/><V80/><F80/><W15/><G72/><T60/><D60/><U5/><E5/><V96/><F96/><W31/><G31/><T34/><D34/><U111/><E32/><V74/><F74/><W104/><G104/><T89/><D89/><U76/><E111/><V134/><F134/><W66/><REACH who="3" step="1"/><G46/><AGARI ba="1,2" hai="0,4,11,18,20,25,39,43,46,85,86,87,116,117" machi="46" ten="40,2000,0" yaku="1,1,53,0" doraHai="63" doraHaiUra="102" who="0" fromWho="3" sc="250,43,260,0,220,0,250,-23" /><INIT seed="0,2,0,2,5,4" ten="293,260,220,227" oya="0" hai0="107,23,24,104,37,90,80,120,3,106,35,55,110" hai1="114,99,45,48,29,28,133,40,58,31,44,117,21" hai2="108,79,47,68,105,78,93,63,97,130,103,85,14" hai3="16,65,95,41,46,57,56,15,77,50,18,59,88"/><T2/><D120/><U51/><E117/><V113/><F113/><W20/><G77/><T27/><D37/><U54/><E114/><V125/><F108/><W43/><G43/><T30/><D110/><U53/><E133/><V121/><F121/><W71/><G71/><T49/><D90/><U127/><E127/><V70/><F130/><W7/><G7/><T10/><D80/><U60/><REACH who="1" step="1"/><E99/><REACH who="1" ten="293,250,220,227" step="2"/><V101/><F125/><W52/><G18/><T69/><D30/><U119/><E119/><V122/><F97/><N who="3" m="57575" /><G41/><T124/><D124/><U73/><E73/><V109/><F122/><W22/><G65/><T86/><D55/><U17/><E17/><V1/><F109/><W72/><G72/><T66/><D66/><U100/><E100/><V0/><F103/><W6/><G6/><T91/><D86/><U74/><E74/><V118/><F85/><W64/><G64/><T129/><D129/><U36/><E36/><V12/><F101/><W116/><G116/><T5/><D5/><U131/><E131/><V76/><F118/><W38/><G38/><T42/><D42/><U96/><E96/><V81/><F70/><W32/><G32/><T112/><D35/><U92/><E92/><V111/><F68/><W134/><G134/><T132/><D69/><U83/><E83/><V11/><F81/><W94/><G94/><T9/><D132/><U87/><E87/><V61/><F93/><W13/><G13/><T128/><D128/><U39/><E39/><V62/><F111/><W84/><G84/><T89/><D89/><U102/><E102/><V19/><F19/><RYUUKYOKU ba="2,1" sc="293,-15,250,15,220,-15,227,15" hai1="21,28,29,31,40,44,45,48,51,53,54,58,60" hai3="15,16,20,22,46,50,52,56,57,59" /><INIT seed="1,3,1,5,1,118" ten="278,265,205,242" oya="1" hai0="15,96,26,117,60,126,121,76,86,21,40,84,128" hai1="72,36,73,31,87,45,1,8,77,10,9,132,90" hai2="74,28,71,50,43,85,93,55,44,105,102,16,2" hai3="4,113,17,53,67,78,104,34,24,37,63,112,49"/><U54/><E132/><V56/><F74/><W127/><G4/><T32/><D117/><U27/><E1/><V89/><F2/><W114/><G78/><T130/><D126/><U52/><E77/><V18/><F71/><W47/><G127/><T14/><D32/><U94/><E36/><V42/><F42/><W80/><G80/><N who="0" m="47111" /><D86/><U123/><E123/><V125/><F125/><W131/><G131/><N who="0" m="50219" /><D121/><U92/><E92/><V79/><F79/><W39/><G104/><T59/><D96/><U135/><E135/><V29/><F105/><W22/><REACH who="3" step="1"/><G34/><REACH who="3" ten="278,265,205,232" step="2"/><T19/><D40/><U6/><E6/><V88/><F102/><W108/><G108/><T51/><D51/><U7/><E7/><V62/><F89/><W134/><G134/><T119/><D119/><U83/><E83/><V68/><F68/><AGARI ba="3,2" hai="17,22,24,37,39,47,49,53,63,67,68,112,113,114" machi="68" ten="40,2600,0" yaku="1,1,53,1" doraHai="118" doraHaiUra="20" who="3" fromWho="2" sc="278,0,265,0,205,-35,232,55" /><INIT seed="2,0,0,5,3,134" ten="278,265,170,287" oya="2" hai0="131,22,99,27,16,66,52,123,40,55,103,93,42" hai1="49,133,44,104,20,30,86,19,109,6,32,107,108" hai2="70,54,127,132,87,69,51,64,7,25,121,45,18" hai3="82,72,59,125,128,97,56,36,75,58,37,60,81"/><V90/><F121/><W106/><G60/><T2/><D123/><U9/><E30/><V23/><F132/><W15/><G15/><T124/><D131/><U95/><E32/><V38/><F64/><W129/><G97/><T53/><D124/><U83/><E95/><V91/><F127/><W35/><G106/><T17/><D2/><U34/><E34/><V29/><F38/><N who="3" m="14955" /><G35/><T28/><D66/><U50/><E133/><V80/><F7/><W102/><G102/><T117/><D117/><U1/><E107/><V10/><F91/><W130/><G125/><T96/><D96/><U39/><E104/><V100/><F100/><W12/><G12/><AGARI ba="0,0" hai="10,12,18,23,25,29,45,51,54,69,70,80,87,90" machi="12" ten="40,3900,0" yaku="25,2" doraHai="134" who="2" fromWho="3" sc="278,0,265,0,170,39,287,-39" /><INIT seed="2,1,0,4,1,104" ten="278,265,209,248" oya="2" hai0="13,77,29,122,120,102,3,69,54,93,17,58,101" hai1="111,89,74,112,6,87,5,62,26,110,23,106,59" hai2="38,80,88,27,97,48,65,103,4,42,1,82,130" hai3="37,119,131,49,127,114,126,132,84,85,70,75,28"/><V33/><F38/><W123/><G28/><T133/><D3/><U32/><E32/><V21/><F33/><W95/><G49/><T51/><D69/><U60/><E106/><V8/><F130/><W121/><G95/><T117/><D133/><U46/><E112/><V116/><F116/><W0/><G85/><T108/><D117/><U35/><E46/><V125/><F125/><W15/><G84/><T52/><D108/><N who="1" m="41515" /><E74/><V115/><F115/><W12/><G12/><T92/><D29/><N who="1" m="19895" /><E23/><V100/><F65/><W39/><G15/><T118/><D118/><U2/><E2/><V68/><F68/><W71/><G0/><T7/><D7/><N who="1" m="2571" /><E59/><V90/><F103/><W22/><G119/><T96/><D77/><U66/><E66/><V105/><F80/><AGARI ba="1,0" hai="60,62,80,87,89" m="2571,19895,41515" machi="80" ten="30,1000,0" yaku="14,1" doraHai="104" who="1" fromWho="2" sc="278,0,265,13,209,-13,248,0" /><INIT seed="3,0,0,2,5,88" ten="278,278,196,248" oya="3" hai0="111,36,65,53,100,123,121,21,18,34,9,129,85" hai1="20,24,5,41,46,71,73,84,15,70,48,35,90" hai2="16,127,12,56,52,96,87,91,3,89,77,51,45" hai3="22,39,55,128,107,133,98,74,63,81,124,30,60"/><W64/><G39/><T7/><D34/><U37/><E73/><V117/><F3/><W79/><G124/><T95/><D36/><U108/><E108/><V103/><F127/><W1/><G1/><T78/><D111/><U54/><E35/><V131/><F131/><W68/><G128/><T80/><D129/><U43/><E71/><V126/><F126/><W11/><G133/><T132/><D132/><U69/><E69/><V10/><F117/><W28/><G11/><T49/><D65/><U0/><E70/><V19/><F77/><W93/><G107/><T57/><D7/><U47/><E0/><V101/><F91/><W125/><G125/><T99/><REACH who="0" step="1"/><D9/><REACH who="0" ten="268,278,196,248" step="2"/><U58/><E5/><V50/><F19/><W109/><G109/><T134/><D134/><U25/><E37/><V102/><F50/><W6/><G6/><T13/><AGARI ba="0,1" hai="13,18,21,49,53,57,78,80,85,95,99,100,121,123" machi="13" ten="20,5200,0" yaku="1,1,0,1,7,1,52,1,53,0" doraHai="88" doraHaiUra="4" who="0" fromWho="0" sc="268,62,278,-13,196,-13,248,-26" /><INIT seed="4,0,0,2,1,107" ten="330,265,183,222" oya="0" hai0="3,49,119,12,75,79,117,116,41,100,24,101,109" hai1="106,71,110,1,73,55,69,97,42,94,44,37,40" hai2="93,5,17,113,4,68,63,125,21,13,124,67,102" hai3="66,34,48,84,30,58,133,108,27,96,121,22,8"/><T61/><D3/><U86/><E110/><V72/><F72/><W85/><G34/><T50/><D109/><U114/><E86/><V15/><F113/><W134/><G108/><T105/><D24/><U77/><E55/><V130/><F130/><W32/><G121/><T52/><D12/><U36/><E94/><V81/><F81/><W43/><G32/><T122/><D122/><U38/><E114/><V16/><F102/><W104/><G8/><T60/><D41/><U126/><E126/><V80/><F80/><W46/><G104/><T45/><D49/><U59/><E59/><V95/><F93/><W20/><G20/><T92/><D105/><U132/><E132/><N who="3" m="50794" /><G96/><T89/><D79/><U26/><E1/><V131/><F95/><W88/><G88/><T18/><D18/><U56/><E97/><V23/><REACH who="2" step="1"/><F131/><REACH who="2" ten="330,265,173,222" step="2"/><W128/><G128/><T47/><D100/><U111/><E111/><V6/><AGARI ba="0,1" hai="4,5,6,13,15,16,17,21,23,63,67,68,124,125" machi="6" ten="30,8000,1" yaku="1,1,2,1,0,1,9,1,54,1,53,0" doraHai="107" doraHaiUra="123" who="2" fromWho="2" sc="330,-40,265,-20,173,90,222,-20" /><INIT seed="5,0,0,3,0,135" ten="290,245,263,202" oya="1" hai0="20,11,15,68,48,116,18,80,24,8,66,59,105" hai1="99,27,53,97,87,96,74,79,36,117,121,47,83" hai2="57,133,23,9,34,70,108,7,35,25,101,114,14" hai3="69,43,58,91,13,56,71,4,3,51,128,50,103"/><U118/><E121/><V29/><F70/><W75/><G3/><T12/><D116/><U5/><E5/><V107/><F107/><W86/><G75/><T38/><D105/><U0/><E0/><V81/><F101/><W16/><G4/><T93/><D38/><U90/><E27/><V104/><F104/><W109/><G109/><T94/><D68/><U32/><E32/><V98/><F98/><W125/><G103/><T89/><D80/><U28/><E28/><V21/><F108/><W45/><G128/><T42/><D42/><U100/><E53/><V30/><F57/><W64/><G71/><T40/><D40/><U110/><E47/><V106/><F81/><W85/><G69/><T76/><D76/><U124/><E36/><V130/><F106/><W82/><G64/><T63/><D48/><U126/><E100/><V52/><F52/><N who="3" m="31767" /><G58/><T60/><D60/><U84/><E110/><V111/><F111/><W44/><G44/><T6/><REACH who="0" step="1"/><D89/><REACH who="0" ten="280,245,263,202" step="2"/><U2/><E90/><V54/><F130/><W119/><G119/><N who="1" m="45578" /><E2/><V17/><F133/><W55/><G86/><AGARI ba="0,1" hai="74,79,83,84,86,87,96,97,99,124,126" m="45578" machi="86" ten="40,12000,1" yaku="34,2,52,2" doraHai="135" who="1" fromWho="3" sc="280,0,245,130,263,0,202,-120" /><INIT seed="5,1,0,2,2,134" ten="280,375,263,82" oya="1" hai0="88,132,84,92,4,94,23,135,12,128,17,57,66" hai1="78,114,106,130,44,124,53,85,111,34,61,51,28" hai2="19,104,46,95,37,121,9,2,0,68,47,70,10" hai3="43,110,101,102,8,99,126,55,80,75,89,7,118"/><U32/><E106/><V72/><F104/><W127/><G55/><T133/><D128/><U98/><E114/><V123/><F72/><W71/><G71/><T41/><D41/><U113/><E113/><V131/><F95/><N who="3" m="56815" /><G43/><T14/><D92/><U22/><E111/><V20/><F131/><W25/><G25/><T48/><D4/><U49/><E34/><V38/><F20/><W6/><G8/><T116/><D12/><U33/><E33/><V117/><F19/><W129/><G129/><T11/><D11/><U86/><E32/><V82/><F82/><W100/><G110/><T69/><D69/><U73/><E51/><V67/><F117/><W87/><G7/><T108/><D108/><U27/><E53/><V105/><F105/><W59/><G59/><T40/><D116/><U5/><E5/><V26/><F26/><W119/><G6/><T36/><D66/><AGARI ba="1,0" hai="0,2,9,10,37,38,46,47,66,67,68,70,121,123" machi="66" ten="25,1600,0" yaku="22,2" doraHai="134" who="2" fromWho="0" sc="280,-19,375,0,263,19,82,0" /><INIT seed="6,0,0,5,5,36" ten="261,375,282,82" oya="2" hai0="37,5,72,31,13,77,6,78,88,63,41,27,113" hai1="103,85,46,126,112,97,98,49,70,38,8,11,14" hai2="132,87,91,114,69,34,54,18,71,15,10,59,100" hai3="67,131,57,107,99,55,96,48,65,66,130,102,58"/><V22/><F34/><W52/><REACH who="3" step="1"/><G99/><REACH who="3" ten="261,375,282,72" step="2"/><T93/><D113/><U3/><E98/><V94/><F114/><W118/><G118/><T120/><D120/><U19/><E97/><V42/><F132/><W23/><G23/><N who="0" m="15871" /><D72/><U119/><E119/><V24/><F100/><W124/><G124/><T89/><D89/><U61/><E126/><V73/><F73/><W79/><G79/><T68/><D77/><U33/><E103/><V108/><F108/><W25/><G25/><T50/><D88/><U44/><E112/><V28/><F71/><W64/><N who="3" m="16384" /><DORA hai="47" /><W134/><G134/><T21/><D78/><U12/><E70/><V123/><F69/><W115/><G115/><T30/><D68/><U4/><E33/><V53/><F123/><W29/><G29/><T92/><D21/><U105/><E85/><V84/><F84/><W106/><G106/><T81/><D30/><U9/><E105/><V17/><F28/><W26/><G26/><T86/><D86/><U133/><E133/><V40/><F59/><W43/><G43/><AGARI ba="0,1" hai="10,15,17,18,22,24,40,42,43,53,54,87,91,94" machi="43" ten="40,12000,1" yaku="8,1,52,3" doraHai="36,47" who="2" fromWho="3" sc="261,0,375,0,282,130,72,-120" owari="261,-14.0,375,18.0,412,51.0,-48,-55.0" /></mjloggm>