<mjloggm ver="2.3"><GO type="41" lobby="0"/><UN n0="%E3%81%BE%E3%82%8B%E3%83%BC%E3%82%93" n1="%E2%93%9D%53%75%70%68%78" n2="%E3%81%94%E3%82%8A%E3%82%89%E3%81%8F%E3%82%93" n3="%61%6E%79%61%64%72%61" dan="14,18,13,14" rate="1944.23,2078.10,1844.17,1970.33" sx="M,M,M,M"/><TAIKYOKU oya="0"/><INIT seed="0,0,0,2,0,76" ten="250,250,250,250" oya="0" hai0="75,101,129,102,69,62,4,6,46,114,135,51,10" hai1="55,109,36,58,70,57,133,82,63,98,14,94,123" hai2="54,53,28,134,29,132,40,93,60,107,91,120,78" hai3="100,106,8,83,84,111,15,85,12,48,99,49,30"/><T130/><D114/><U128/><E123/><V44/><F107/><W131/><G111/><T116/><D75/><U115/><E36/><V72/><F120/><W38/><G131/><T88/><D116/><U118/><E133/><V105/><F105/><W45/><G30/><T122/><D122/><U119/><E70/><V18/><F18/><W96/><G85/><T25/><D25/><U47/><E47/><V74/><F78/><W108/><G108/><T7/><D10/><U80/><E109/><V33/><F60/><W110/><G110/><T56/><D69/><U77/><E128/><N who="0" m="49257" /><D135/><N who="2" m="51754" /><F74/><W3/><G96/><T67/><D88/><U92/><E77/><V73/><F72/><W71/><G71/><T50/><D50/><U97/><E115/><V27/><F29/><W42/><G3/><T86/><D86/><U104/><E104/><V90/><F91/><W39/><G49/><T26/><D26/><U22/><E119/><V126/><F126/><W117/><G117/><T17/><D17/><N who="1" m="10551" /><E118/><V9/><F9/><W5/><REACH who="3" step="1"/><G15/><REACH who="3" ten="250,250,250,240" step="2"/><T34/><D34/><U124/><E124/><V16/><F73/><W103/><G103/><T66/><D102/><N who="1" m="60711" /><E58/><V65/><F28/><W13/><G13/><T52/><D101/><AGARI ba="0,1" hai="55,57,63,80,82,94,98,101" m="60711,10551" machi="101" ten="30,3900,0" yaku="8,1,52,2" doraHai="76" who="1" fromWho="0" sc="250,-39,250,49,250,0,240,0" /><INIT seed="1,0,0,5,0,47" ten="211,299,250,240" oya="1" hai0="50,20,93,122,114,97,64,19,6,73,120,89,129" hai1="53,26,54,108,69,81,116,111,101,79,22,84,74" hai2="65,66,48,5,21,28,59,2,52,103,51,32,72" hai3="127,0,105,39,82,99,118,4,71,3,85,104,33"/><U11/><E116/><V107/><F72/><W109/><G109/><N who="1" m="42058" /><E69/><V121/><F32/><W42/><G33/><T134/><D73/><U70/><E70/><V83/><F83/><W90/><G71/><T40/><D64/><N who="2" m="24682" /><F107/><W24/><G127/><T31/><D31/><N who="1" m="17879" /><E101/><V10/><F2/><W61/><G39/><T100/><D6/><U41/><E41/><V94/><F5/><W91/><G42/><T15/><D114/><U34/><E34/><V30/><F10/><W98/><G4/><T77/><D77/><U8/><E74/><V119/><F121/><W133/><G118/><T96/><D129/><U9/><AGARI ba="0,0" hai="8,9,11,53,54,79,81,84" m="17879,42058" machi="9" ten="30,3000,0" yaku="14,1,10,1" doraHai="47" who="1" fromWho="1" sc="211,-10,299,30,250,-10,240,-10" /><INIT seed="1,1,0,5,0,42" ten="201,329,240,230" oya="1" hai0="68,72,73,115,123,2,10,61,35,60,56,53,4" hai1="84,118,120,81,94,15,109,39,38,85,122,37,89" hai2="25,34,44,70,106,130,50,74,77,22,125,127,114" hai3="131,91,43,117,26,54,29,128,18,65,76,30,33"/><U126/><E118/><V92/><F106/><W13/><G117/><T63/><D115/><U59/><E126/><V79/><F70/><W32/><G65/><T64/><D35/><U40/><E109/><V20/><F130/><W90/><G76/><T48/><REACH who="0" step="1"/><D123/><REACH who="0" ten="191,329,240,230" step="2"/><U17/><E122/><V96/><F114/><W62/><G131/><T3/><D3/><U121/><E121/><V58/><F127/><W49/><G128/><T104/><D104/><U86/><E120/><V66/><F34/><W133/><G33/><T24/><D24/><U7/><E39/><V14/><F25/><W8/><G133/><T19/><D19/><U99/><E38/><V52/><F125/><W71/><G30/><T46/><D46/><U97/><E17/><V105/><F105/><W124/><G124/><T134/><D134/><U1/><E1/><V98/><F44/><W88/><G32/><T80/><D80/><U9/><E81/><V129/><F129/><W83/><G26/><T119/><D119/><U75/><E37/><V107/><F107/><W21/><G29/><T82/><D82/><U110/><E110/><V0/><F0/><W93/><G83/><T36/><D36/><U27/><E27/><V23/><F14/><W101/><G13/><T51/><D51/><U12/><E12/><V11/><F50/><W112/><G49/><T6/><D6/><U5/><E5/><V57/><F92/><W135/><G93/><T47/><D47/><U111/><E111/><V100/><F74/><AGARI ba="1,1" hai="2,4,10,48,53,56,60,61,63,64,68,72,73,74" machi="74" ten="40,1300,0" yaku="1,1,53,0" doraHai="42" doraHaiUra="108" who="0" fromWho="2" sc="191,26,329,0,240,-16,230,0" /><INIT seed="2,0,0,0,1,122" ten="217,329,224,230" oya="2" hai0="102,40,106,117,4,47,35,110,98,126,89,128,112" hai1="24,38,14,31,113,62,5,51,81,73,131,1,16" hai2="60,54,39,13,120,25,42,85,129,83,86,9,30" hai3="18,78,100,32,28,123,7,76,29,3,33,34,72"/><V66/><F129/><W74/><G100/><T20/><D128/><U88/><E38/><V41/><F120/><W56/><G56/><T55/><D35/><U12/><E113/><V22/><F54/><W0/><G123/><T6/><D112/><U75/><E1/><V61/><F86/><W65/><G65/><T115/><D115/><U53/><E62/><V130/><F130/><W19/><REACH who="3" step="1"/><G34/><REACH who="3" ten="217,329,224,220" step="2"/><T97/><D102/><U58/><E131/><V36/><F66/><W132/><G132/><T50/><D117/><U37/><E58/><V107/><F39/><W124/><G124/><T134/><D126/><U52/><E37/><V2/><F36/><W119/><G119/><T101/><D134/><U103/><E103/><V96/><F107/><W92/><G92/><T71/><D101/><U105/><E105/><V11/><F96/><W23/><G23/><T125/><D97/><U127/><E127/><V108/><F11/><W10/><G10/><T94/><D20/><U49/><E49/><V77/><F2/><W8/><G8/><T45/><D125/><U63/><E51/><V95/><F95/><W87/><G87/><T44/><D106/><U121/><E121/><V104/><F104/><W133/><G133/><T68/><D94/><U21/><E21/><V118/><F118/><W84/><G84/><T82/><D98/><U67/><E67/><V93/><F93/><W15/><G15/><T46/><D46/><U17/><E14/><V111/><F61/><W91/><G91/><T99/><D45/><U114/><E114/><V90/><F60/><W116/><G116/><RYUUKYOKU ba="0,1" sc="217,-10,329,-10,224,-10,220,30" hai3="0,3,7,18,19,28,29,32,33,72,74,76,78" /><INIT seed="3,1,1,1,5,132" ten="207,319,214,250" oya="3" hai0="58,26,134,0,92,42,68,129,77,109,84,64,90" hai1="107,21,54,70,47,118,126,111,44,127,81,11,5" hai2="66,18,2,40,61,53,79,57,120,24,88,59,27" hai3="52,100,128,97,35,112,20,74,8,87,6,105,110"/><W106/><G112/><T36/><D134/><U17/><E111/><V65/><F2/><W33/><G74/><T108/><D0/><U91/><E107/><V49/><F79/><W25/><G106/><T124/><D68/><U99/><E70/><V93/><F120/><W67/><G67/><T80/><D129/><U28/><E28/><V82/><F82/><W10/><G87/><T30/><D42/><U50/><E118/><V22/><F40/><W29/><G128/><T114/><D36/><U34/><E34/><V130/><F130/><W62/><G10/><T86/><D114/><U39/><E47/><V46/><F46/><W123/><G123/><T51/><D51/><U95/><E81/><V131/><F131/><W102/><G102/><T55/><D55/><U78/><E78/><V43/><F43/><W23/><G23/><T60/><D124/><N who="1" m="47659" /><E39/><V12/><REACH who="2" step="1"/><F66/><REACH who="2" ten="207,319,204,250" step="2"/><W104/><G110/><T45/><REACH who="0" step="1"/><D45/><REACH who="0" ten="197,319,204,250" step="2"/><U101/><E44/><V63/><F63/><W122/><G62/><T96/><D96/><AGARI ba="1,3" hai="12,18,22,24,27,49,53,57,59,61,65,88,93,96" machi="96" ten="30,8000,1" yaku="1,1,7,1,8,1,54,1,53,1" doraHai="132" doraHaiUra="16" who="2" fromWho="0" sc="197,-83,319,0,204,113,250,0" /><INIT seed="4,0,0,3,4,17" ten="114,319,317,250" oya="0" hai0="120,73,125,13,40,12,19,58,45,48,4,61,49" hai1="132,63,76,106,22,111,123,66,98,117,101,31,116" hai2="54,30,128,126,80,53,86,102,74,97,115,135,100" hai3="133,67,109,37,16,131,15,33,55,29,10,95,79"/><T3/><D120/><U112/><E111/><V88/><F74/><W90/><G37/><T104/><D73/><U44/><E123/><V27/><F115/><W119/><G119/><T50/><D104/><U26/><E132/><V23/><F135/><W51/><G109/><T0/><D125/><U71/><E76/><V114/><F114/><W21/><G33/><T122/><D122/><U14/><E112/><V77/><F128/><W36/><G36/><T52/><D4/><U43/><REACH who="1" step="1"/><E14/><REACH who="1" ten="114,309,317,250" step="2"/><V84/><F126/><W89/><G79/><T81/><D13/><U83/><E83/><N who="2" m="49183" /><F97/><W20/><G131/><T64/><D81/><U99/><E99/><V60/><F60/><W94/><G133/><T38/><REACH who="0" step="1"/><D64/><REACH who="0" ten="104,309,317,250" step="2"/><U6/><E6/><V9/><F80/><W11/><G67/><T46/><D46/><U82/><E82/><V47/><F47/><W8/><G95/><T62/><D62/><U35/><E35/><V78/><F27/><N who="3" m="16615" /><G94/><T108/><D108/><U75/><E75/><V118/><F118/><W107/><G107/><T56/><D56/><AGARI ba="0,2" hai="8,10,11,15,16,21,51,55,56,89,90" m="16615" machi="56" ten="30,7700,0" yaku="8,1,52,2,54,1" doraHai="17" who="3" fromWho="0" sc="104,-77,309,0,317,0,250,97" /><INIT seed="5,0,0,4,1,115" ten="27,309,317,347" oya="1" hai0="42,86,130,84,15,77,63,68,66,2,38,119,107" hai1="124,134,46,70,4,85,90,3,106,13,32,5,71" hai2="132,57,19,92,104,55,128,65,59,24,125,20,45" hai3="83,98,7,131,54,41,73,117,75,8,67,29,114"/><U25/><E106/><V60/><F104/><W133/><G114/><T40/><D107/><U21/><E124/><V0/><F0/><W126/><G131/><T76/><D2/><U18/><E134/><V10/><F128/><W16/><G29/><T26/><D130/><U94/><E46/><V123/><F123/><W50/><G41/><T11/><D26/><U79/><E79/><V127/><F132/><W44/><G126/><T51/><D38/><U80/><E80/><V89/><F45/><W109/><G109/><T135/><D135/><U87/><E87/><V14/><F10/><W78/><G67/><T100/><D100/><U111/><E111/><V121/><F121/><W120/><G120/><T101/><D101/><U95/><E95/><V72/><F72/><W129/><G129/><T39/><D39/><U37/><E37/><V22/><F22/><W103/><G73/><T102/><D102/><U93/><E93/><V28/><F28/><W69/><G69/><T36/><D36/><U108/><E108/><V81/><F81/><W91/><G91/><T62/><D40/><U6/><REACH who="1" step="1"/><E3/><REACH who="1" ten="27,299,317,347" step="2"/><V118/><F127/><W61/><G133/><T9/><D76/><U116/><E116/><V112/><F118/><W53/><G117/><T64/><D119/><U35/><E35/><V27/><F125/><W17/><G44/><T58/><D84/><U110/><E110/><V52/><F112/><W31/><G83/><T113/><D77/><U88/><E88/><V105/><F105/><W99/><G78/><T30/><D113/><U97/><E97/><N who="2" m="57487" /><F65/><W56/><G99/><RYUUKYOKU ba="0,1" sc="27,-15,299,15,317,15,347,-15" hai1="4,5,6,13,18,21,25,32,70,71,85,90,94" hai2="14,19,20,24,27,52,55,57,59,60" /><INIT seed="5,1,1,1,2,73" ten="12,314,332,332" oya="1" hai0="130,105,78,91,96,38,89,116,30,97,132,114,87" hai1="83,81,88,8,56,134,71,131,23,13,113,80,37" hai2="122,58,118,40,67,1,115,55,54,3,50,63,108" hai3="125,51,32,0,110,2,49,135,117,68,72,76,15"/><U129/><E71/><V44/><F3/><W69/><G110/><T84/><D38/><U39/><E113/><V33/><F33/><W133/><G32/><T14/><D14/><U123/><E123/><V102/><F1/><W61/><G15/><T4/><D30/><U99/><E23/><V45/><F102/><W107/><G72/><T41/><D41/><U12/><E134/><V85/><F85/><N who="0" m="32842" /><D4/><U18/><E56/><N who="2" m="37351" /><F108/><W29/><G29/><T111/><D111/><U43/><E13/><V60/><F122/><W93/><G61/><T17/><D17/><U7/><E18/><V48/><F118/><W31/><G31/><T109/><D109/><U47/><REACH who="1" step="1"/><E39/><REACH who="1" ten="12,304,332,332" step="2"/><V101/><F115/><W59/><G69/><T36/><D36/><U92/><AGARI ba="1,2" hai="7,8,12,37,43,47,80,81,83,88,92,99,129,131" machi="92" ten="30,12000,1" yaku="1,1,2,1,0,1,54,1,53,1" doraHai="73" doraHaiUra="42" who="1" fromWho="1" sc="12,-41,304,143,332,-41,332,-41" owari="-29,-53.0,447,55.0,291,9.0,291,-11.0" /></mjloggm>