<mjloggm ver="2.3"><GO type="41" lobby="0"/><UN n0="%E2%93%9D%53%75%70%68%78" n1="%E3%81%93%E3%82%93%E3%81%91%E3%82%93" n2="%E5%8D%97%E6%B3%A2%E6%B9%BE" n3="%E3%81%8A%E3%81%8B%E3%82%82%E3%82%8D%E3%82%93" dan="18,14,14,15" rate="2089.42,1920.56,1887.82,1995.25" sx="M,M,M,F"/><TAIKYOKU oya="0"/><INIT seed="0,0,0,1,3,54" ten="250,250,250,250" oya="0" hai0="11,97,110,82,13,72,19,12,99,76,53,45,25" hai1="80,65,52,103,62,31,86,43,55,90,134,133,66" hai2="27,93,33,92,20,84,29,39,36,119,23,41,106" hai3="28,17,123,105,96,131,59,8,68,58,22,40,46"/><T120/><D120/><U5/><E43/><V115/><F115/><W113/><G113/><T100/><D110/><U10/><E103/><V37/><F119/><W89/><G123/><T30/><D13/><N who="1" m="5327" /><E31/><V101/><F41/><W6/><G68/><T60/><D100/><U114/><E114/><V42/><F42/><W4/><G28/><T130/><D130/><U104/><E104/><V95/><REACH who="2" step="1"/><F84/><REACH who="2" ten="250,250,240,250" step="2"/><W51/><G131/><T57/><REACH who="0" step="1"/><D45/><REACH who="0" ten="240,250,240,250" step="2"/><U49/><E134/><V94/><N who="2" m="23552" /><DORA hai="15" /><V124/><F124/><W126/><G126/><T32/><AGARI ba="0,2" hai="11,12,19,25,30,32,53,57,60,72,76,82,97,99" machi="32" ten="20,18000,2" yaku="1,1,0,1,7,1,52,2,53,1" doraHai="54,15" doraHaiUra="7,135" who="0" fromWho="0" sc="240,200,250,-60,240,-60,250,-60" /><INIT seed="0,1,0,4,2,22" ten="440,190,180,190" oya="0" hai0="13,82,64,124,65,114,28,125,40,7,87,20,35" hai1="58,23,59,75,60,103,126,5,50,130,6,55,90" hai2="24,91,29,18,70,53,4,57,100,39,74,14,42" hai3="134,46,32,76,95,107,52,108,11,105,99,104,132"/><T119/><D114/><U115/><E75/><V88/><F74/><W118/><G118/><T1/><D40/><U17/><E130/><V36/><F70/><W68/><G68/><T106/><D106/><U85/><E126/><N who="0" m="48745" /><D35/><U41/><E103/><V112/><F100/><W97/><G32/><T135/><D135/><N who="3" m="51753" /><G76/><T67/><D1/><U109/><E109/><V43/><F4/><W27/><G11/><N who="0" m="4351" /><D119/><U121/><E121/><V116/><F116/><W48/><G108/><T81/><D87/><U71/><E71/><V80/><F112/><W133/><N who="3" m="51761" /><W37/><DORA hai="8" /><G37/><T128/><D128/><U51/><E115/><V25/><F39/><W73/><G73/><T31/><D20/><U63/><E5/><V10/><F36/><W83/><G83/><AGARI ba="1,0" hai="28,31,64,65,67,81,82,83" m="4351,48745" machi="83" ten="30,2900,0" yaku="18,1,52,1" doraHai="22,8" who="0" fromWho="3" sc="440,32,190,0,180,0,190,-32" /><INIT seed="0,2,0,5,3,66" ten="472,190,180,158" oya="0" hai0="20,7,98,45,71,103,134,60,8,115,102,123,99" hai1="49,19,127,40,89,107,70,33,105,113,64,106,56" hai2="76,68,18,114,13,30,133,74,111,46,15,101,72" hai3="17,67,5,29,82,22,41,58,117,3,92,54,80"/><T122/><D115/><U62/><E33/><V51/><F114/><W90/><G117/><T132/><D20/><U81/><E113/><V65/><F133/><N who="0" m="51306" /><D45/><U23/><E127/><V121/><F121/><N who="0" m="46090" /><D60/><U53/><E40/><V100/><F30/><W27/><G41/><T130/><D71/><U32/><E32/><V109/><F51/><W35/><G67/><T128/><D8/><U38/><E38/><V108/><F46/><W44/><G44/><T77/><D77/><U14/><E81/><V31/><F76/><W75/><G75/><T119/><D7/><U73/><E73/><N who="2" m="28267" /><F31/><W86/><G5/><T78/><D78/><U6/><E6/><V79/><F79/><W88/><G90/><T97/><D119/><U93/><REACH who="1" step="1"/><E107/><REACH who="1" ten="472,180,180,158" step="2"/><V110/><F110/><W124/><G124/><T84/><D84/><AGARI ba="2,1" hai="14,19,23,49,53,56,62,64,70,84,89,93,105,106" machi="84" ten="30,12000,2" yaku="1,1,2,1,7,1,25,2,52,1,53,0" doraHai="66" doraHaiUra="1" who="1" fromWho="0" sc="472,-126,180,136,180,0,158,0" /><INIT seed="1,0,0,5,1,11" ten="346,316,180,158" oya="1" hai0="48,10,33,117,65,29,46,68,115,111,82,13,40" hai1="12,95,53,8,135,18,110,94,26,121,71,112,28" hai2="124,31,41,79,52,69,129,39,99,45,103,5,106" hai3="23,50,116,75,24,64,119,22,27,67,72,20,9"/><U77/><E121/><V93/><F124/><W16/><G9/><T38/><D115/><U19/><E112/><V89/><F129/><W104/><G104/><T6/><D117/><N who="3" m="45129" /><G50/><T73/><D111/><U21/><E71/><V92/><F69/><W132/><G132/><T63/><D29/><U58/><E135/><V84/><F31/><W57/><G57/><T128/><D33/><U109/><E77/><V108/><F108/><N who="1" m="41577" /><E28/><V126/><F126/><W35/><G16/><T55/><D128/><U47/><E47/><V4/><F79/><W91/><G91/><T81/><D73/><N who="3" m="28233" /><G35/><T32/><D32/><U60/><AGARI ba="0,0" hai="8,12,18,19,21,26,53,58,60,94,95" m="41577" machi="60" ten="30,6000,0" yaku="14,1,10,1,52,1" doraHai="11" who="1" fromWho="1" sc="346,-20,316,60,180,-20,158,-20" /><INIT seed="1,1,0,3,3,94" ten="326,376,160,138" oya="1" hai0="73,83,3,98,116,126,33,71,20,119,64,78,108" hai1="9,102,91,65,77,31,61,8,88,10,111,128,132" hai2="109,12,127,0,120,104,72,84,113,42,13,100,66" hai3="14,26,110,82,4,122,28,22,52,133,74,97,7"/><U34/><E128/><V106/><F72/><W79/><G122/><T5/><D20/><U45/><E132/><V27/><F120/><W93/><G110/><T19/><D19/><U49/><E77/><V125/><F109/><W40/><G133/><T24/><D126/><U17/><E111/><V43/><F0/><W51/><G14/><T96/><D108/><U115/><E115/><V11/><F113/><W30/><G40/><T67/><D67/><U107/><E17/><V56/><F27/><W134/><G30/><N who="0" m="19655" /><D98/><N who="1" m="61911" /><E49/><V21/><F21/><W29/><G29/><T69/><D64/><U25/><E45/><V70/><F70/><AGARI ba="1,0" hai="8,9,10,25,31,34,61,65,70,88,91" m="61911" machi="70" ten="30,5800,0" yaku="25,1,52,1,54,1" doraHai="94" who="1" fromWho="2" sc="326,0,376,61,160,-61,138,0" /><INIT seed="1,2,0,3,3,1" ten="326,437,99,138" oya="1" hai0="33,110,55,53,17,118,100,96,51,92,101,6,72" hai1="120,31,20,50,45,16,71,8,117,79,134,56,59" hai2="77,11,94,108,88,26,85,91,18,61,81,70,123" hai3="7,116,32,126,93,68,107,40,29,37,104,99,78"/><U103/><E120/><V5/><F123/><W42/><G126/><T84/><D110/><U87/><E117/><V13/><F108/><W3/><G116/><T125/><D72/><U0/><E71/><V38/><F38/><W22/><G42/><T135/><D135/><U60/><E134/><V58/><F70/><W90/><G68/><T30/><D33/><U4/><E103/><V95/><F95/><W66/><G66/><T83/><D30/><U106/><E106/><V27/><F18/><W63/><G63/><T10/><D125/><U76/><E31/><V54/><REACH who="2" step="1"/><F91/><REACH who="2" ten="326,437,89,138" step="2"/><W124/><G124/><T2/><D17/><U35/><E16/><V49/><F49/><W82/><G107/><T73/><D118/><U119/><E50/><V57/><F57/><W48/><G104/><T43/><D101/><U52/><E56/><V89/><F89/><W131/><G37/><T47/><D73/><AGARI ba="2,1" hai="5,11,13,26,27,54,58,61,73,77,81,85,88,94" machi="73" ten="30,7700,0" yaku="1,1,7,1,52,1,54,1,53,0" doraHai="1" doraHaiUra="34" who="2" fromWho="0" sc="326,-83,437,0,89,93,138,0" /><INIT seed="2,0,0,1,0,29" ten="243,437,182,138" oya="2" hai0="77,51,71,59,66,30,81,96,98,87,56,18,55" hai1="19,112,75,35,26,62,52,85,120,68,118,65,93" hai2="40,28,25,41,50,32,103,36,10,33,72,61,34" hai3="22,58,17,31,67,84,104,60,24,15,11,125,0"/><V44/><F72/><W21/><G125/><T129/><D71/><U14/><E118/><V13/><F103/><W135/><G135/><T43/><D129/><U117/><E117/><V111/><F111/><W53/><G104/><T54/><D66/><U23/><E112/><V8/><F61/><W16/><G0/><T109/><D109/><U134/><E134/><V48/><F10/><W76/><G67/><T97/><D30/><U12/><E75/><V37/><F37/><W2/><G2/><T49/><D18/><U122/><E52/><V42/><F42/><AGARI ba="0,0" hai="42,43,49,51,54,55,56,59,77,81,87,96,97,98" machi="42" ten="40,2600,0" yaku="9,1,8,1" doraHai="29" who="0" fromWho="2" sc="243,26,437,0,182,-26,138,0" /><INIT seed="3,0,0,0,0,73" ten="269,437,156,138" oya="3" hai0="53,51,100,134,14,38,124,83,125,56,32,10,109" hai1="57,102,104,44,121,4,9,107,98,106,90,77,89" hai2="130,60,123,70,1,128,21,28,18,27,2,115,40" hai3="93,64,58,113,118,42,133,88,97,67,122,55,68"/><W54/><G113/><T36/><D32/><U72/><E121/><V78/><F115/><W46/><G118/><T71/><D109/><U15/><E57/><V24/><F123/><W0/><G122/><T86/><D71/><U29/><E29/><V49/><F70/><W33/><G133/><T99/><D134/><U65/><E65/><V45/><F60/><W105/><G33/><T13/><D13/><U84/><E44/><V108/><F108/><W6/><G68/><T92/><D125/><U19/><E72/><V82/><F130/><W85/><G6/><T3/><D3/><U61/><E61/><V66/><F66/><W112/><G0/><T94/><D94/><U17/><E106/><V5/><F5/><W8/><G8/><T39/><D124/><U59/><E59/><V37/><F49/><W96/><G112/><T87/><REACH who="0" step="1"/><D83/><REACH who="0" ten="259,437,156,138" step="2"/><U62/><E15/><V127/><F127/><W116/><G116/><T41/><D41/><U31/><E107/><V81/><F81/><W129/><G129/><T22/><D22/><U63/><E104/><V30/><F128/><W135/><G135/><T47/><D47/><U69/><E69/><V79/><F82/><W11/><G105/><T101/><D101/><U7/><E102/><V35/><F2/><W23/><G23/><T114/><D114/><U25/><E25/><V103/><F103/><W91/><G11/><T132/><D132/><U16/><E9/><V111/><F111/><W26/><G26/><T126/><D126/><U76/><E4/><AGARI ba="0,1" hai="4,10,14,36,38,39,51,53,56,86,87,92,99,100" machi="4" ten="40,1300,0" yaku="1,1,53,0" doraHai="73" doraHaiUra="12" who="0" fromWho="1" sc="259,23,437,-13,156,0,138,0" /><INIT seed="4,0,0,5,2,117" ten="282,424,156,138" oya="0" hai0="0,73,95,2,108,97,86,62,118,106,79,91,70" hai1="65,24,75,47,123,27,34,78,55,43,61,23,69" hai2="74,51,57,93,17,46,102,92,120,82,71,112,26" hai3="32,16,130,87,80,98,68,124,53,114,44,56,99"/><T28/><D118/><U135/><E34/><V72/><F71/><W13/><G68/><T66/><D108/><U5/><E5/><V18/><F112/><W33/><G114/><T6/><D6/><U132/><E55/><V1/><F1/><W88/><G130/><T107/><D28/><U49/><E78/><V111/><F111/><W39/><G124/><T131/><D131/><U3/><E75/><V105/><F105/><W110/><G110/><T85/><D85/><U40/><E3/><V9/><F57/><W83/><G33/><T76/><D76/><U15/><E40/><V84/><F18/><W60/><G32/><T21/><D21/><U37/><E37/><V128/><F128/><W8/><REACH who="3" step="1"/><G80/><REACH who="3" ten="282,424,156,128" step="2"/><N who="0" m="45167" /><D107/><U42/><E69/><V90/><F82/><W94/><G94/><T126/><D126/><U113/><E113/><V122/><F93/><W104/><G104/><T64/><D64/><U115/><E65/><V116/><F116/><W125/><G125/><T121/><D106/><U134/><E115/><V7/><F92/><W11/><G11/><T100/><D97/><U19/><E134/><V133/><F133/><W119/><G119/><T101/><D101/><U30/><E135/><V20/><F102/><W38/><G38/><T127/><D100/><U14/><E132/><V67/><F67/><W109/><G109/><T29/><D127/><U96/><E96/><V77/><F74/><W4/><G4/><T63/><D66/><U41/><E30/><V50/><F9/><W103/><G103/><T81/><D70/><U58/><E19/><V52/><F17/><RYUUKYOKU ba="0,1" sc="282,-10,424,-10,156,-10,128,30" hai3="8,13,16,39,44,53,56,60,83,87,88,98,99" /><INIT seed="5,1,1,0,1,50" ten="272,414,146,158" oya="1" hai0="122,23,69,29,18,131,121,8,126,110,1,62,91" hai1="114,92,70,31,134,132,124,36,72,3,88,93,13" hai2="32,15,83,111,89,98,39,127,55,58,106,118,53" hai3="84,75,79,80,85,16,56,108,129,61,68,112,46"/><U41/><E3/><V11/><F111/><W73/><G108/><T40/><D110/><U20/><E72/><V99/><F118/><W96/><G112/><T123/><D40/><U76/><E70/><V82/><F32/><W64/><G129/><T103/><D103/><U100/><E76/><V125/><F39/><W65/><G96/><N who="2" m="36905" /><F58/><W130/><G130/><T42/><D126/><N who="2" m="48138" /><F106/><W87/><G75/><T21/><D131/><U14/><E124/><V67/><F67/><W105/><G105/><T25/><D42/><U128/><E93/><V117/><F117/><W133/><G133/><N who="1" m="51306" /><E100/><V115/><F115/><W116/><G116/><T5/><D123/><U94/><E94/><V0/><F0/><W51/><G68/><T45/><D122/><U71/><E71/><V24/><F24/><W9/><G65/><T37/><D69/><U19/><E31/><V49/><F49/><W35/><G35/><T27/><D121/><U30/><E30/><V2/><F2/><W33/><G33/><T28/><D28/><U60/><E60/><V97/><N who="2" m="36913" /><V48/><DORA hai="135" /><F48/><W54/><G73/><T120/><D120/><U7/><E114/><V34/><F34/><W77/><G77/><T95/><D37/><U74/><E36/><V63/><F63/><W17/><G17/><T86/><D62/><U43/><E19/><N who="2" m="8703" /><F83/><W38/><G38/><T102/><D102/><U59/><E59/><V44/><F44/><W57/><G57/><T113/><D113/><U52/><E128/><V101/><F101/><W6/><G16/><T107/><D45/><U78/><E7/><RYUUKYOKU ba="1,1" sc="272,10,414,-30,146,10,158,10" hai0="1,5,8,18,21,23,25,27,29,86,91,95,107" hai2="53,55,82,89" hai3="6,9,46,51,54,56,61,64,79,80,84,85,87" /><INIT seed="6,2,1,2,4,104" ten="282,384,156,168" oya="2" hai0="54,84,44,33,57,82,31,114,4,108,48,65,88" hai1="6,64,110,130,121,50,36,51,89,55,30,41,52" hai2="109,122,46,16,34,26,126,43,105,124,12,133,118" hai3="3,95,127,59,132,62,71,68,20,117,135,7,24"/><V18/><F122/><W101/><G117/><T94/><D108/><U131/><E30/><V38/><F118/><W81/><G127/><N who="2" m="48681" /><F109/><W100/><G81/><T103/><D114/><U27/><E27/><V67/><F133/><N who="3" m="51275" /><G7/><T21/><D33/><U10/><E110/><V58/><F105/><W2/><G95/><T14/><D31/><U32/><E32/><V17/><F26/><W80/><G80/><T107/><D107/><U0/><E64/><V119/><F119/><W39/><G39/><T98/><D65/><U102/><E102/><N who="3" m="39530" /><G59/><T63/><D4/><U49/><E121/><V56/><F34/><W128/><G128/><N who="1" m="49194" /><E89/><V77/><F77/><W25/><G62/><T66/><D14/><U134/><E134/><V75/><F75/><W113/><G113/><T106/><D106/><U45/><AGARI ba="2,1" hai="0,6,10,36,41,45,49,50,51,52,55" m="49194" machi="45" ten="40,2700,0" yaku="19,1,54,1" doraHai="104" who="1" fromWho="1" sc="282,-9,384,43,156,-15,168,-9" /><INIT seed="7,0,0,1,2,76" ten="273,427,141,159" oya="3" hai0="35,95,72,132,44,67,28,11,92,88,73,6,86" hai1="29,47,52,129,131,21,119,49,20,75,17,5,79" hai2="106,91,112,58,48,115,105,24,50,25,69,15,27" hai3="22,53,126,23,117,63,89,45,94,101,8,38,32"/><W40/><G117/><T18/><D132/><U98/><E119/><V125/><F69/><W1/><G32/><T97/><D67/><U133/><E133/><V46/><F125/><W111/><G126/><T93/><D18/><U7/><E98/><V121/><F121/><W31/><G101/><T34/><D44/><U130/><E79/><V116/><F116/><W39/><G111/><T68/><D68/><U96/><E75/><V71/><F71/><W90/><G90/><T59/><D59/><U118/><E96/><V114/><F58/><W87/><G39/><T84/><D28/><U80/><E80/><V19/><F91/><W0/><G23/><T3/><D35/><U128/><E118/><V74/><F74/><W66/><G53/><T4/><D34/><U65/><E65/><V57/><F57/><W9/><G1/><T61/><D61/><U2/><E128/><V36/><F36/><W56/><G0/><T41/><D41/><U33/><E33/><V37/><F37/><W62/><G62/><T54/><D54/><U82/><E82/><V77/><F77/><W127/><G127/><T99/><D3/><U13/><E2/><V64/><F64/><W113/><G113/><T51/><D95/><U85/><E85/><V135/><F135/><W10/><G10/><T102/><D11/><U110/><E110/><V108/><F108/><W120/><G120/><T30/><D73/><U103/><E103/><V107/><F46/><W43/><G40/><T81/><D72/><U70/><E70/><V14/><F19/><W60/><G60/><T104/><D102/><RYUUKYOKU ba="0,0" sc="273,-30,427,10,141,10,159,10" hai1="5,7,13,17,20,21,29,47,49,52,129,130,131" hai2="14,15,24,25,27,48,50,105,106,107,112,114,115" hai3="8,9,22,31,38,43,45,56,63,66,87,89,94" /><INIT seed="7,1,0,1,1,104" ten="243,437,151,169" oya="3" hai0="105,110,25,70,20,121,46,88,118,29,23,72,64" hai1="76,44,127,106,116,41,58,52,93,132,13,47,42" hai2="65,15,123,56,74,103,26,17,73,11,100,78,96" hai3="8,120,48,129,92,6,130,119,53,5,97,0,86"/><W34/><G119/><T50/><D72/><U79/><E106/><V94/><F78/><W125/><G120/><T61/><D110/><U115/><E115/><V39/><F39/><W3/><G34/><T117/><D121/><U71/><E13/><V7/><F123/><W27/><G27/><T95/><D105/><U107/><E93/><V134/><F134/><W99/><G125/><T24/><D50/><N who="1" m="30999" /><E79/><V21/><REACH who="2" step="1"/><F103/><REACH who="2" ten="243,437,141,169" step="2"/><W135/><G135/><T67/><D118/><U60/><E107/><V31/><F31/><W81/><G6/><T18/><D117/><U36/><E76/><V102/><F102/><W54/><G3/><T10/><D29/><U1/><E1/><V133/><F133/><W112/><G112/><T33/><D88/><U75/><E75/><V85/><F85/><W128/><G97/><T2/><D2/><U35/><E35/><V30/><F30/><W80/><G86/><T77/><D77/><U55/><E132/><V131/><F131/><W68/><G48/><T113/><D33/><U40/><E127/><V19/><F19/><W69/><G81/><T59/><D18/><U14/><E14/><V51/><F51/><W9/><G80/><T49/><D49/><N who="1" m="29119" /><E116/><V37/><F37/><W16/><G16/><T90/><D113/><U38/><E44/><V12/><F12/><W63/><G0/><T4/><D46/><U111/><E111/><V45/><F45/><W32/><G32/><T28/><D28/><U22/><E22/><V98/><F98/><W91/><G5/><T101/><D23/><U108/><E108/><V66/><F66/><AGARI ba="1,1" hai="36,38,40,41,42,60,66,71" m="29119,30999" machi="66" ten="30,12000,2" yaku="6,1,35,5,54,1" doraHai="104" who="1" fromWho="2" sc="243,0,437,133,141,-123,169,0" owari="243,4.0,570,67.0,18,-48.0,169,-23.0" /></mjloggm>