<mjloggm ver="2.3"><GO type="41" lobby="0"/><UN n0="%73%65%74%74%65%69" n1="%E2%93%9D%53%75%70%68%78" n2="%6D%6F%6E%69%6E%6F%6D%6F" n3="%E6%9C%A8%66%74%64%E6%9C%A8" dan="14,18,15,14" rate="1983.17,2141.61,1953.64,1936.53" sx="M,M,M,M"/><TAIKYOKU oya="0"/><INIT seed="0,0,0,4,4,45" ten="250,250,250,250" oya="0" hai0="58,75,127,95,57,37,135,65,102,61,50,97,67" hai1="94,84,53,123,51,27,110,121,30,49,101,113,52" hai2="128,19,108,99,0,104,25,77,24,78,1,126,16" hai3="10,107,96,81,79,93,92,106,64,59,116,91,98"/><T35/><D35/><U22/><E110/><V100/><F108/><W60/><G116/><T134/><D37/><U17/><E113/><V88/><F126/><W2/><G2/><T7/><D75/><U4/><E4/><V131/><F25/><W103/><REACH who="3" step="1"/><G10/><REACH who="3" ten="250,250,250,240" step="2"/><T105/><D127/><U36/><E123/><V132/><F0/><W39/><G39/><T34/><D7/><U9/><E36/><V8/><F1/><W118/><G118/><T66/><D34/><U41/><E121/><V63/><F8/><W56/><G56/><T117/><D117/><U29/><E9/><V32/><F32/><W133/><G133/><N who="0" m="50699" /><D105/><U21/><E21/><V111/><F111/><W40/><G40/><T3/><D3/><U5/><E41/><V80/><F132/><W28/><G28/><T68/><D68/><U11/><E30/><V15/><F131/><W82/><G82/><T20/><D20/><U43/><E43/><V38/><F38/><W74/><AGARI ba="0,1" hai="59,60,64,74,79,81,91,92,93,96,98,103,106,107" machi="74" ten="20,2700,0" yaku="1,1,0,1,7,1,53,0" doraHai="45" doraHaiUra="83" who="3" fromWho="3" sc="250,-13,250,-7,250,-7,240,37" /><INIT seed="1,0,0,5,1,62" ten="237,243,243,277" oya="1" hai0="0,73,130,107,112,119,71,60,38,39,126,105,100" hai1="41,129,35,135,101,16,56,45,6,103,82,23,97" hai2="19,78,99,25,59,113,84,24,3,69,32,75,14" hai3="9,58,10,42,15,17,18,124,125,114,128,111,48"/><U27/><E129/><V36/><F69/><W11/><G42/><T29/><RYUUKYOKU type="yao9" ba="0,0" sc="237,0,243,0,243,0,277,0" hai0="0,29,38,39,60,71,73,100,105,107,112,119,126,130" /><INIT seed="1,1,0,0,0,109" ten="237,243,243,277" oya="1" hai0="99,101,6,78,121,128,129,122,21,68,41,112,65" hai1="118,66,70,25,48,103,17,81,105,62,40,93,31" hai2="35,90,91,124,38,94,44,85,16,32,43,74,15" hai3="73,60,127,89,80,77,47,26,61,20,7,75,116"/><U107/><E118/><V50/><F74/><W23/><G116/><T24/><D41/><U100/><E17/><V52/><F124/><W95/><G127/><T126/><D126/><U135/><E135/><V18/><F91/><W86/><G7/><T49/><D49/><U108/><E108/><V87/><F85/><W119/><G119/><T5/><D68/><U33/><E93/><V114/><F114/><W132/><G132/><T46/><D65/><U82/><E103/><V64/><F18/><W37/><G75/><T0/><D46/><U113/><E107/><V123/><F64/><W92/><G92/><T55/><D55/><U88/><E113/><V34/><F123/><N who="0" m="47114" /><D0/><U22/><E22/><V84/><F84/><W12/><G12/><T36/><D36/><U51/><E40/><V63/><F63/><W79/><G79/><T45/><D45/><U1/><E1/><V28/><F28/><W56/><G56/><T71/><D71/><U110/><E110/><V83/><F94/><W10/><G10/><T39/><D39/><U76/><E76/><V59/><REACH who="2" step="1"/><F34/><REACH who="2" ten="237,243,233,277" step="2"/><W2/><G73/><T96/><D112/><U9/><E82/><V53/><F53/><W120/><G80/><T98/><D101/><U54/><E54/><V4/><F4/><N who="0" m="1642" /><D78/><U131/><E81/><V3/><F3/><W102/><G86/><T134/><D134/><U111/><E111/><V29/><F29/><AGARI ba="1,1" hai="21,24,29,96,98,99,128,129" m="1642,47114" machi="29" ten="40,1300,0" yaku="13,1" doraHai="109" who="0" fromWho="2" sc="237,26,243,0,233,-16,277,0" /><INIT seed="2,0,0,2,5,27" ten="263,243,217,277" oya="2" hai0="83,109,24,126,107,73,105,58,6,13,90,4,96" hai1="25,100,87,127,68,38,5,102,118,37,8,2,62" hai2="10,110,65,48,3,44,66,93,79,39,64,111,20" hai3="34,14,116,29,61,125,40,112,59,60,99,124,92"/><V42/><F79/><W72/><G72/><T122/><D109/><N who="2" m="41482" /><F93/><W26/><G116/><T17/><D126/><U57/><E68/><V76/><F76/><W128/><G128/><T15/><D73/><U47/><E118/><V1/><F10/><W97/><G40/><T88/><D83/><U18/><E87/><V95/><F95/><W51/><G112/><T82/><D58/><U28/><E127/><N who="3" m="48714" /><G14/><T115/><D82/><U11/><E102/><V53/><F20/><W33/><G33/><T43/><D43/><U32/><E100/><V19/><F19/><W104/><G104/><T113/><D24/><U54/><REACH who="1" step="1"/><E47/><AGARI ba="0,0" hai="1,3,39,42,44,47,48,53,64,65,66" m="41482" machi="47" ten="30,2900,0" yaku="14,1,10,1" doraHai="27" who="2" fromWho="1" sc="263,0,243,-29,217,29,277,0" /><INIT seed="2,1,0,1,5,102" ten="263,214,246,277" oya="2" hai0="51,26,77,96,40,79,49,27,69,82,44,87,107" hai1="0,47,29,112,19,25,128,43,31,125,39,78,106" hai2="20,83,98,3,38,17,110,53,4,132,88,115,46" hai3="59,35,92,109,11,86,56,85,37,75,97,2,60"/><V13/><F115/><W23/><G75/><T34/><D69/><U91/><E112/><V52/><F132/><W66/><G37/><T28/><D27/><U114/><E114/><V7/><F110/><W32/><G109/><T70/><D70/><U63/><E0/><V14/><F3/><W73/><G73/><T67/><D67/><U50/><E78/><V124/><F124/><W111/><G111/><T95/><D79/><U55/><E128/><V57/><F38/><W108/><G108/><T71/><D71/><U90/><E106/><V119/><F119/><W6/><G23/><T64/><D64/><U8/><E125/><V134/><F134/><W130/><G130/><T18/><D18/><U126/><E126/><V100/><F14/><W1/><G1/><T84/><D84/><U81/><E39/><V127/><F46/><W15/><G2/><T5/><D5/><U54/><E81/><V76/><F53/><N who="1" m="19977" /><E63/><V74/><F88/><N who="1" m="33833" /><E25/><V104/><REACH who="2" step="1"/><F127/><REACH who="2" ten="263,214,236,277" step="2"/><W135/><G135/><T16/><D44/><U94/><E94/><V45/><F45/><W123/><G15/><AGARI ba="1,1" hai="8,15,19,29,31,43,47,50" m="33833,19977" machi="15" ten="30,2000,0" yaku="8,1,54,1" doraHai="102" who="1" fromWho="3" sc="263,0,214,33,236,0,277,-23" /><INIT seed="3,0,0,5,4,55" ten="263,247,236,254" oya="3" hai0="43,13,64,110,45,106,129,100,111,131,72,115,41" hai1="105,42,61,28,133,79,98,19,75,38,68,92,16" hai2="73,85,35,126,102,29,99,15,76,118,117,125,37" hai3="90,17,71,53,88,3,74,107,103,39,83,26,121"/><W122/><G3/><T25/><D72/><U94/><E133/><V127/><F15/><W49/><G39/><T119/><D106/><U54/><E105/><V10/><F10/><W57/><G71/><T62/><D100/><U59/><E94/><V30/><F30/><W14/><G26/><T47/><D13/><U113/><E113/><V20/><F20/><W97/><G90/><T86/><D86/><U46/><E28/><V33/><F37/><W78/><REACH who="3" step="1"/><G88/><REACH who="3" ten="263,247,236,244" step="2"/><T0/><D25/><U40/><E68/><V27/><F35/><W123/><G123/><T60/><D0/><U36/><E36/><V52/><F117/><W134/><G134/><T23/><D119/><U81/><REACH who="1" step="1"/><E42/><REACH who="1" ten="263,237,236,244" step="2"/><V82/><F118/><W48/><G48/><T91/><D115/><U2/><E2/><V80/><F126/><W112/><G112/><T65/><D91/><AGARI ba="0,2" hai="16,19,38,40,46,54,59,61,75,79,81,91,92,98" machi="91" ten="30,7700,0" yaku="1,1,7,1,52,1,54,1,53,0" doraHai="55" doraHaiUra="7" who="1" fromWho="0" sc="263,-77,237,97,236,0,244,0" /><INIT seed="4,0,0,2,4,2" ten="186,334,236,244" oya="0" hai0="60,115,59,117,119,84,27,56,97,16,124,108,37" hai1="20,99,88,43,3,41,130,30,71,38,22,15,86" hai2="120,75,25,40,70,95,66,93,103,122,46,129,127" hai3="131,55,19,58,107,13,96,42,135,17,85,23,31"/><T89/><D37/><U62/><E3/><V67/><F75/><W112/><G131/><T11/><D115/><U52/><E38/><V44/><F25/><W74/><G74/><T114/><D114/><U77/><E71/><V101/><F127/><W63/><G112/><T0/><D124/><U98/><E77/><V47/><F129/><W80/><G135/><T102/><D59/><N who="1" m="35175" /><E130/><V12/><F12/><W123/><G123/><T91/><D108/><U106/><E106/><V81/><F81/><W132/><G42/><N who="1" m="15882" /><E30/><V68/><F46/><W116/><G132/><T109/><D109/><U76/><E76/><V87/><F40/><W54/><G54/><T118/><D84/><AGARI ba="0,0" hai="44,47,66,67,68,70,84,87,93,95,101,103,120,122" machi="84" ten="25,1600,0" yaku="22,2" doraHai="2" who="2" fromWho="0" sc="186,-16,334,0,236,16,244,0" /><INIT seed="5,0,0,5,1,46" ten="170,334,252,244" oya="1" hai0="33,34,133,30,114,13,52,28,10,15,62,108,68" hai1="119,18,129,44,26,3,57,120,55,130,89,27,42" hai2="88,111,14,37,76,41,92,123,4,56,5,96,75" hai3="104,8,61,93,110,60,51,66,107,6,45,54,84"/><U70/><E119/><V29/><F111/><W102/><G110/><T58/><D108/><U91/><E70/><V20/><F123/><W86/><G61/><T116/><D116/><U132/><E3/><V40/><F37/><W69/><G84/><T83/><D114/><U9/><E132/><V78/><F75/><W36/><G36/><T109/><D109/><U95/><E120/><V87/><F56/><W53/><G53/><T115/><D115/><U23/><E9/><V135/><F135/><W67/><G67/><T125/><D125/><U19/><E44/><V127/><F127/><W59/><G69/><T22/><D68/><U113/><E42/><V50/><F40/><W101/><G86/><T39/><D39/><U79/><E79/><V99/><F78/><W112/><G112/><T81/><D34/><U73/><E73/><V118/><F76/><W71/><G71/><T0/><D33/><U82/><E82/><V43/><F43/><W117/><G117/><T2/><D2/><U35/><E113/><V72/><F72/><W65/><G65/><T128/><D0/><U80/><E80/><N who="0" m="30793" /><D128/><U21/><E35/><V74/><F74/><W97/><REACH who="3" step="1"/><G102/><REACH who="3" ten="170,334,252,234" step="2"/><T100/><D100/><U47/><E130/><V122/><F122/><W24/><G24/><T31/><D133/><U105/><E27/><V98/><F118/><W49/><G49/><N who="0" m="30991" /><D22/><U90/><E23/><V63/><F20/><W17/><G17/><N who="0" m="8375" /><D62/><U16/><E21/><V121/><F121/><W25/><G25/><T12/><AGARI ba="0,1" hai="12,15,28,30,31" m="8375,30991,30793" machi="12" ten="30,4000,0" yaku="8,1,52,1,54,1" doraHai="46" who="0" fromWho="0" sc="170,50,334,-20,252,-10,234,-10" /><INIT seed="6,0,0,3,1,117" ten="220,314,242,224" oya="2" hai0="75,65,56,71,125,122,123,101,97,93,39,15,87" hai1="79,64,26,124,90,132,7,119,104,94,45,46,17" hai2="127,30,35,18,99,110,43,121,24,57,113,129,32" hai3="6,100,13,16,3,96,85,76,109,63,14,10,19"/><V131/><F43/><W33/><G33/><T48/><D75/><U80/><E104/><V78/><F78/><W107/><G109/><T37/><D71/><U81/><E132/><V112/><F110/><W8/><G63/><T44/><D125/><U53/><E7/><V88/><F127/><W133/><G133/><T11/><D87/><U27/><E64/><V120/><F35/><W74/><G74/><T72/><D72/><U92/><E119/><V49/><F18/><W114/><G114/><N who="2" m="44137" /><F49/><W105/><G76/><T31/><D31/><U84/><E17/><V34/><F57/><W102/><G85/><T0/><D0/><U82/><E79/><V98/><F32/><W70/><G70/><T67/><D39/><U58/><E124/><V130/><F88/><W20/><REACH who="3" step="1"/><G102/><REACH who="3" ten="220,314,242,214" step="2"/><T36/><D36/><U60/><E84/><V25/><F24/><W108/><G108/><T41/><D37/><U54/><E27/><V4/><F4/><W28/><G28/><T21/><D67/><U55/><E26/><V126/><F126/><W135/><G135/><T89/><D101/><U68/><E90/><V38/><F38/><W115/><G115/><T5/><REACH who="0" step="1"/><D21/><REACH who="0" ten="210,314,242,214" step="2"/><U116/><E116/><V51/><F51/><W47/><G47/><T111/><D111/><U2/><E46/><V91/><F99/><W128/><G128/><T77/><D77/><U1/><E45/><V52/><F98/><W103/><G103/><T61/><AGARI ba="0,2" hai="5,11,15,41,44,48,56,61,65,89,93,97,122,123" machi="61" ten="30,12000,2" yaku="1,1,0,1,52,2,53,2" doraHai="117" doraHaiUra="118" who="0" fromWho="0" sc="210,140,314,-30,242,-60,214,-30" /><INIT seed="7,0,0,2,0,63" ten="350,284,182,184" oya="3" hai0="92,105,119,32,90,15,61,45,13,86,106,18,16" hai1="65,42,126,7,129,23,108,12,127,48,9,59,77" hai2="8,1,25,131,22,28,30,4,84,39,5,85,38" hai3="91,125,57,33,103,68,20,95,74,53,66,98,112"/><W71/><G74/><T122/><D32/><U47/><E108/><V83/><F131/><W60/><G112/><T81/><D119/><U110/><E110/><V2/><F28/><W27/><G125/><N who="1" m="47626" /><E77/><V44/><F84/><W121/><G121/><T109/><D122/><U104/><E23/><V115/><F115/><W130/><G130/><T100/><D45/><U102/><E129/><V116/><F116/><W21/><G33/><T67/><D100/><U17/><E102/><V0/><F5/><W11/><G11/><T70/><D109/><U134/><E134/><V24/><F24/><W132/><G132/><T64/><D64/><U14/><E104/><V78/><REACH who="2" step="1"/><F44/><REACH who="2" ten="350,284,172,184" step="2"/><W40/><G27/><T99/><D18/><U75/><E17/><V35/><F35/><W56/><G71/><T79/><D15/><AGARI ba="0,1" hai="0,1,2,4,8,15,22,25,30,38,39,78,83,85" machi="15" ten="40,1300,0" yaku="1,1,53,0" doraHai="63" doraHaiUra="96" who="2" fromWho="0" sc="350,-13,284,0,172,23,184,0" owari="337,44.0,284,8.0,195,-20.0,184,-32.0" /></mjloggm>