<mjloggm ver="2.3"><GO type="41" lobby="0"/><UN n0="%46%49%4E%48%E7%B4%A0%E9%9D%A2" n1="%41%72%64%61%6E" n2="%E2%93%9D%53%75%70%68%78" n3="%E6%B1%A0%E3%81%A1%E3%82%83%E3%82%93%31%39%35%39" dan="14,13,17,15" rate="1966.38,1918.37,2030.82,1957.30" sx="M,M,M,M"/><TAIKYOKU oya="0"/><INIT seed="0,0,0,4,4,52" ten="250,250,250,250" oya="0" hai0="103,45,71,113,123,77,125,9,119,27,25,67,97" hai1="131,100,106,81,94,128,35,39,92,7,66,132,41" hai2="30,112,118,75,6,124,11,86,73,10,24,18,22" hai3="43,110,13,48,117,80,61,63,16,134,89,99,59"/><T44/><D113/><U57/><E35/><V53/><F112/><W95/><G117/><T91/><D119/><U111/><E111/><V55/><F118/><W130/><G110/><T37/><D123/><U72/><E132/><V79/><F124/><W12/><G134/><T101/><D125/><U68/><E68/><V120/><F120/><W90/><G130/><N who="1" m="49706" /><E41/><V33/><F11/><W28/><G28/><T2/><D77/><N who="1" m="44199" /><E39/><V58/><F55/><N who="3" m="32231" /><G13/><T31/><D27/><U8/><E100/><V38/><F38/><W93/><G80/><T54/><D103/><U65/><E106/><V83/><F30/><W1/><G1/><T114/><D114/><U50/><E50/><V17/><F33/><W47/><G47/><T40/><D45/><U15/><E66/><V116/><F116/><W42/><G42/><T133/><D54/><U3/><E3/><V19/><F75/><W74/><G74/><T98/><D133/><U76/><E76/><V26/><F73/><W51/><G51/><T82/><D67/><U46/><E46/><V56/><F53/><W21/><G43/><T108/><D71/><U126/><E126/><V14/><F26/><W4/><G4/><N who="0" m="1175" /><D101/><U36/><E36/><V0/><REACH who="2" step="1"/><F0/><REACH who="2" ten="250,250,240,250" step="2"/><W115/><G115/><T62/><D108/><U105/><E65/><V96/><F96/><AGARI ba="0,1" hai="12,16,21,61,63,89,90,93,95,96,99" m="32231" machi="96" ten="30,3900,0" yaku="8,1,52,1,54,1" doraHai="52" who="3" fromWho="2" sc="250,0,250,0,240,-39,250,49" /><INIT seed="1,0,0,3,0,3" ten="250,250,201,299" oya="1" hai0="112,62,114,30,117,48,53,32,58,31,78,5,38" hai1="68,73,35,132,135,115,82,21,33,37,97,77,52" hai2="36,59,79,87,91,110,65,120,111,66,133,104,85" hai3="89,29,4,131,39,11,129,122,1,0,41,90,92"/><U99/><E115/><V60/><F104/><W34/><G122/><T127/><D38/><U121/><E121/><V94/><F120/><W76/><G76/><T107/><D117/><U83/><E37/><V106/><F106/><W12/><G39/><T109/><D107/><U100/><E68/><V105/><F105/><W18/><G41/><T44/><D109/><N who="2" m="41482" /><F36/><W63/><G63/><T64/><D127/><U28/><E21/><V49/><F49/><W27/><G0/><T69/><D78/><U54/><E28/><V55/><F133/><W56/><G56/><T43/><D32/><U13/><E77/><V95/><F95/><W67/><G67/><T126/><D126/><U116/><E116/><V113/><F113/><W51/><G51/><T45/><D112/><U50/><E50/><V7/><F7/><W2/><G2/><T123/><D123/><U118/><E118/><V128/><F128/><N who="3" m="49227" /><G92/><T98/><D114/><U70/><E70/><V23/><F23/><AGARI ba="0,0" hai="1,4,11,12,18,23,27,29,34,89,90" m="49227" machi="23" ten="30,3900,0" yaku="24,1,19,1,52,1" doraHai="3" who="3" fromWho="2" sc="250,0,250,0,201,-39,299,39" /><INIT seed="2,0,0,4,4,81" ten="250,250,162,338" oya="2" hai0="2,88,8,25,11,19,13,64,44,87,37,107,16" hai1="0,74,65,96,118,106,128,90,105,73,69,42,80" hai2="41,3,21,12,30,46,113,116,95,100,135,52,103" hai3="14,57,47,84,67,10,134,32,22,68,129,62,72"/><V35/><F113/><W125/><G72/><T45/><D107/><U33/><E118/><V89/><F3/><W61/><G32/><T102/><D102/><U17/><E33/><V111/><F35/><W112/><G112/><T132/><D132/><U29/><E29/><V20/><F116/><W24/><G134/><T38/><D64/><U54/><E0/><V82/><F111/><W7/><G125/><T39/><D25/><U59/><E42/><V127/><F82/><W98/><G98/><T78/><D78/><U18/><E65/><V101/><F127/><W83/><G47/><T63/><D63/><U126/><E69/><V131/><F131/><W23/><G129/><T114/><D114/><U58/><E128/><V36/><F135/><W50/><G50/><T109/><D109/><U124/><E80/><V133/><F30/><W55/><REACH who="3" step="1"/><G24/><REACH who="3" ten="250,250,162,328" step="2"/><T110/><D110/><U93/><E96/><V120/><F133/><W26/><G26/><T66/><D44/><U43/><E124/><V122/><F122/><W75/><G75/><T9/><D45/><U71/><E126/><V53/><F120/><W4/><G4/><T79/><D2/><U130/><E130/><V104/><F104/><W60/><G60/><T123/><D123/><U40/><E93/><V31/><F31/><W34/><G34/><T56/><D13/><U1/><E105/><V97/><REACH who="2" step="1"/><F12/><REACH who="2" ten="250,250,152,328" step="2"/><W51/><G51/><T86/><D37/><U28/><E106/><V115/><F115/><W99/><G99/><T6/><D38/><U48/><E1/><V70/><F70/><W49/><G49/><RYUUKYOKU ba="0,2" sc="250,-15,250,-15,152,15,328,15" hai2="20,21,36,41,46,52,53,89,95,97,100,101,103" hai3="7,10,14,22,23,55,57,61,62,67,68,83,84" /><INIT seed="2,1,2,4,1,111" ten="235,235,167,343" oya="2" hai0="32,97,127,48,105,73,126,88,74,9,102,63,5" hai1="15,43,114,107,50,55,123,66,37,30,36,13,68" hai2="19,11,82,79,10,24,22,28,58,135,83,129,29" hai3="33,7,90,133,67,89,131,40,17,110,46,21,76"/><V121/><F121/><W64/><G33/><T128/><D32/><U125/><E123/><V44/><F129/><W41/><G131/><T23/><D128/><U122/><E122/><V91/><F135/><W65/><G133/><T103/><D23/><U61/><E30/><V25/><F44/><W95/><G110/><T12/><D103/><U92/><E107/><V80/><F79/><W2/><G76/><T16/><D48/><U45/><E125/><N who="0" m="47625" /><D5/><U130/><E130/><V100/><F100/><W108/><G108/><T120/><D120/><U119/><E119/><V134/><F134/><W62/><G7/><T39/><D39/><U93/><E37/><V20/><F19/><W86/><G2/><T59/><D88/><U27/><E27/><V18/><F18/><W31/><G31/><T87/><D87/><U104/><E104/><V3/><F3/><W77/><G77/><T117/><D117/><U113/><E13/><V26/><F26/><N who="3" m="14639" /><G90/><T14/><D14/><U99/><E15/><V60/><REACH who="2" step="1"/><F91/><REACH who="2" ten="235,235,157,343" step="2"/><W4/><G4/><T56/><D56/><U72/><E45/><V81/><N who="2" m="20992" /><DORA hai="57" /><V116/><F116/><W75/><G46/><T38/><D38/><U101/><E36/><V52/><AGARI ba="1,3" hai="10,11,20,22,24,25,28,29,52,58,60" m="20992" machi="52" ten="40,18000,2" yaku="1,1,0,1,9,1,8,1,52,1,54,1,53,0" doraHai="111,57" doraHaiUra="70,112" who="2" fromWho="2" sc="235,-61,235,-61,157,213,343,-61" /><INIT seed="2,2,0,5,4,91" ten="174,174,370,282" oya="2" hai0="95,66,18,74,64,4,127,31,38,47,11,52,26" hai1="12,83,67,14,10,57,9,122,121,72,2,69,99" hai2="94,134,20,36,116,112,86,16,39,132,49,59,44" hai3="123,107,42,84,15,30,8,97,71,105,128,135,56"/><V5/><F112/><W77/><G123/><T65/><D74/><U125/><E69/><V131/><F5/><W62/><G71/><T124/><D38/><U110/><E110/><V126/><F116/><W75/><G75/><T21/><D124/><U50/><E125/><V23/><F23/><W61/><G128/><T130/><D130/><U60/><E99/><V68/><F59/><W24/><G135/><N who="2" m="51753" /><F68/><W129/><G129/><T85/><D127/><U111/><E111/><V101/><F131/><W32/><G42/><T33/><D33/><U43/><E43/><N who="2" m="24735" /><F126/><W80/><G62/><T108/><D108/><U76/><E50/><V119/><F119/><W53/><REACH who="3" step="1"/><G97/><REACH who="3" ten="174,174,370,272" step="2"/><T17/><D4/><AGARI ba="2,1" hai="4,8,15,24,30,32,53,56,61,77,80,84,105,107" machi="4" ten="30,3900,0" yaku="1,1,2,1,7,1,53,0" doraHai="91" doraHaiUra="93" who="3" fromWho="0" sc="174,-45,174,0,370,0,272,55" /><INIT seed="3,0,0,1,0,47" ten="129,174,370,327" oya="3" hai0="20,125,66,46,109,48,95,44,92,128,132,89,27" hai1="99,110,104,11,53,4,98,96,127,81,18,10,55" hai2="32,0,7,105,117,78,63,56,5,57,69,61,119" hai3="90,50,31,40,21,71,118,28,97,49,107,33,101"/><W2/><G2/><T112/><D109/><U116/><E110/><V73/><F32/><W42/><G118/><T52/><D128/><U113/><E116/><V108/><F108/><W88/><G71/><T29/><D132/><U12/><E113/><V77/><F69/><W91/><G33/><T37/><D112/><U126/><E104/><V100/><F100/><W38/><G38/><T13/><D125/><U23/><E81/><V123/><F0/><W9/><G9/><T129/><D129/><U79/><E79/><V76/><F76/><W87/><G87/><T93/><D66/><U58/><E10/><V3/><F3/><W135/><G135/><T114/><D114/><U121/><E121/><V86/><F86/><W14/><G14/><T34/><D34/><U19/><E19/><V62/><F62/><W83/><G83/><T41/><REACH who="0" step="1"/><D13/><REACH who="0" ten="119,174,370,327" step="2"/><U80/><E127/><V115/><F115/><W36/><G36/><T59/><D59/><U102/><E126/><V94/><F57/><W75/><G75/><T24/><D24/><U124/><E124/><V131/><F56/><W122/><G122/><T54/><D54/><U16/><E55/><V67/><F131/><W25/><REACH who="3" step="1"/><G28/><REACH who="3" ten="119,174,370,317" step="2"/><T22/><D22/><U68/><E23/><V106/><F123/><W45/><G45/><T70/><D70/><U17/><E68/><V30/><F30/><W15/><G15/><T1/><D1/><U39/><E12/><V26/><F73/><W60/><G60/><T103/><D103/><U134/><E134/><V65/><F26/><W8/><G8/><T130/><D130/><RYUUKYOKU ba="0,2" sc="119,10,174,-30,370,10,317,10" hai0="20,27,29,37,41,44,46,48,52,89,92,93,95" hai2="5,7,61,63,65,67,77,78,94,105,106,117,119" hai3="21,25,31,40,42,49,50,88,90,91,97,101,107" /><INIT seed="3,1,2,5,3,9" ten="129,144,380,327" oya="3" hai0="128,59,22,1,15,134,28,71,40,130,21,20,4" hai1="124,102,105,72,73,2,86,98,129,56,89,47,13" hai2="75,44,36,78,32,90,84,66,87,29,5,135,133" hai3="92,35,51,45,109,77,58,119,107,3,85,24,122"/><W27/><G107/><T117/><D71/><U69/><E2/><V101/><F101/><W11/><G122/><T12/><D59/><U93/><E69/><V118/><F118/><W120/><G120/><T112/><D40/><U49/><E129/><N who="0" m="49769" /><D117/><U7/><E124/><V123/><F5/><W63/><G119/><T74/><D74/><U33/><E33/><V116/><F116/><W10/><G109/><T82/><D82/><U132/><E132/><V121/><F121/><W8/><G35/><T70/><D70/><U104/><E104/><V67/><F44/><W108/><G108/><T99/><D99/><U17/><E7/><V41/><F41/><W60/><G3/><T34/><D134/><U6/><E6/><V83/><F75/><W96/><G85/><T68/><D68/><U103/><E103/><V94/><F123/><W113/><G77/><T76/><D76/><U52/><E47/><V53/><F87/><W14/><G113/><T16/><D112/><U126/><E126/><V39/><F78/><W80/><G80/><T42/><D42/><U125/><E125/><V50/><F135/><W43/><G14/><N who="0" m="5163" /><D4/><U48/><REACH who="1" step="1"/><E48/><REACH who="1" ten="129,134,380,327" step="2"/><V131/><F50/><W23/><G58/><T57/><D57/><U46/><E46/><V37/><F131/><W61/><G51/><T91/><D1/><U79/><E79/><V110/><F133/><W25/><G45/><T88/><D16/><U54/><E54/><V115/><F53/><W111/><G111/><T106/><D106/><U18/><E18/><V114/><F110/><W30/><G43/><T38/><D38/><RYUUKYOKU ba="1,3" sc="129,10,134,10,380,-30,327,10" hai0="20,21,22,28,34,88,91" hai1="13,17,49,52,56,72,73,86,89,93,98,102,105" hai3="8,10,11,23,24,25,27,30,60,61,63,92,96" /><INIT seed="3,2,3,2,0,81" ten="139,144,350,337" oya="3" hai0="87,133,43,113,17,37,99,11,55,108,70,21,13" hai1="41,88,98,72,83,71,49,104,128,131,0,29,97" hai2="120,106,36,79,111,86,115,53,101,103,19,112,33" hai3="45,122,117,94,135,63,89,24,125,80,4,32,16"/><W62/><G122/><T44/><D70/><U46/><E71/><V64/><F33/><W26/><G117/><T91/><D108/><U132/><E0/><V61/><F36/><W116/><G116/><T134/><D99/><U22/><E132/><N who="0" m="50793" /><D55/><U130/><E104/><V109/><F19/><W69/><G135/><T90/><D113/><U20/><E72/><V129/><F53/><W27/><G4/><N who="0" m="3303" /><D87/><N who="1" m="50303" /><E22/><V6/><F106/><W96/><G125/><T7/><D7/><U10/><E10/><V74/><F74/><W65/><G32/><T78/><D78/><U127/><E127/><V12/><F79/><W118/><G118/><T123/><D123/><U2/><E2/><V58/><F115/><W105/><G105/><T85/><D85/><U35/><E35/><V39/><F112/><W102/><G63/><T57/><D57/><U48/><E48/><V14/><F111/><W42/><G45/><T92/><D92/><U1/><E1/><V40/><F109/><W82/><G42/><T18/><D18/><U76/><E76/><V110/><F6/><W52/><G16/><T30/><D30/><U77/><E77/><V54/><F120/><W124/><G124/><T75/><D75/><U67/><E67/><V3/><F64/><W100/><G52/><T31/><D31/><U51/><E51/><V114/><F110/><W119/><G119/><T50/><D50/><U121/><E121/><V93/><F114/><W38/><G38/><T28/><D28/><U59/><E59/><V9/><F39/><W47/><G47/><T60/><D60/><U126/><E126/><RYUUKYOKU ba="2,3" sc="139,10,144,10,350,-30,337,10" hai0="17,21,37,43,44,90,91" hai1="20,29,41,46,49,97,98,128,130,131" hai3="24,26,27,62,65,69,80,82,89,94,96,100,102" /><INIT seed="3,3,3,2,0,50" ten="149,154,320,347" oya="3" hai0="89,56,35,122,125,112,39,20,79,52,21,3,51" hai1="33,84,13,87,119,115,37,40,68,108,29,23,53" hai2="48,7,65,18,95,69,8,0,36,49,6,2,105" hai3="97,107,129,25,43,104,88,59,114,4,42,77,102"/><W55/><G114/><T131/><D122/><U109/><E115/><V12/><F105/><W71/><G71/><T74/><D35/><U135/><E68/><V116/><F36/><W100/><G129/><T58/><D131/><U16/><E135/><V70/><F95/><W1/><G77/><T27/><D39/><U63/><E119/><V111/><F111/><N who="1" m="42569" /><E29/><V85/><F85/><N who="1" m="32841" /><E33/><V61/><F116/><W103/><G4/><T80/><D3/><U17/><E17/><V72/><F72/><W14/><G1/><T28/><D112/><U121/><E121/><V117/><F117/><W38/><G14/><T24/><D125/><U82/><E82/><V92/><F70/><W5/><G5/><T45/><REACH who="0" step="1"/><D89/><REACH who="0" ten="139,154,320,347" step="2"/><U113/><E113/><V91/><F2/><W94/><G38/><T124/><D124/><U19/><E19/><AGARI ba="3,4" hai="19,20,21,24,27,28,45,51,52,56,58,74,79,80" machi="19" ten="30,7700,0" yaku="1,1,7,1,52,1,54,1,53,0" doraHai="50" doraHaiUra="11" who="0" fromWho="1" sc="139,126,154,-86,320,0,347,0" /><INIT seed="4,0,0,2,3,86" ten="265,68,320,347" oya="0" hai0="77,69,85,98,113,92,10,39,40,14,24,41,51" hai1="100,33,13,50,3,6,117,102,43,109,48,36,110" hai2="75,23,15,5,18,31,122,128,67,29,66,119,91" hai3="56,0,133,37,134,45,35,94,76,62,123,28,74"/><T71/><D39/><U111/><E117/><V38/><F122/><W53/><G123/><T61/><D113/><U55/><E33/><V105/><F75/><W114/><G114/><T127/><D127/><U57/><E36/><V132/><F105/><W20/><G35/><T87/><D24/><U17/><E6/><V90/><F128/><W65/><G0/><T72/><D72/><U7/><E7/><V81/><F132/><W63/><G76/><T52/><D71/><U9/><E3/><V68/><F68/><W60/><G74/><T73/><D73/><U80/><E80/><V130/><F130/><W95/><G28/><N who="2" m="10825" /><F38/><W93/><G20/><T124/><D124/><U42/><REACH who="1" step="1"/><E48/><REACH who="1" ten="265,58,320,347" step="2"/><V30/><F5/><W135/><G65/><T32/><D32/><U116/><E116/><V34/><F119/><W16/><G37/><T1/><D1/><U27/><E27/><N who="2" m="16767" /><F81/><W97/><G135/><T4/><D77/><U120/><E120/><V83/><F83/><W21/><G134/><T131/><D131/><U19/><E19/><V44/><F34/><W84/><G133/><T58/><D69/><U112/><E112/><V82/><F82/><W49/><G49/><T115/><D115/><U8/><E8/><N who="2" m="6503" /><F44/><W107/><G45/><N who="0" m="26023" /><D41/><AGARI ba="0,1" hai="9,13,17,41,42,43,50,55,57,100,102,109,110,111" machi="41" ten="40,1300,0" yaku="1,1,53,0" doraHai="86" doraHaiUra="126" who="1" fromWho="0" sc="265,-13,58,23,320,0,347,0" /><INIT seed="5,0,0,3,2,63" ten="252,81,320,347" oya="1" hai0="12,72,37,45,34,54,47,29,50,60,81,44,131" hai1="65,35,22,49,18,51,94,59,125,11,57,88,10" hai2="77,111,52,69,66,114,119,4,101,61,28,42,90" hai3="116,43,80,71,82,97,19,83,36,86,118,115,104"/><U106/><E35/><V3/><F111/><W32/><G32/><T15/><D131/><U7/><E106/><V16/><F119/><N who="3" m="45611" /><G115/><T40/><D44/><U9/><E125/><V129/><F77/><W134/><G134/><T128/><D128/><U2/><E2/><V113/><F42/><W96/><G71/><T74/><D34/><U130/><E7/><V48/><F101/><N who="3" m="62503" /><G97/><T70/><D29/><U108/><E108/><V112/><F28/><W27/><G43/><T21/><D81/><U8/><N who="1" m="2048" /><DORA hai="31" /><U123/><E123/><V84/><F129/><W126/><G36/><T92/><D92/><U122/><E122/><V95/><F4/><W56/><G56/><N who="1" m="21578" /><E65/><V76/><F3/><W79/><G126/><T25/><D25/><N who="1" m="14551" /><E130/><V68/><F68/><W30/><G30/><T55/><D21/><AGARI ba="0,0" hai="19,21,27,79,80,82,83,86" m="62503,45611" machi="21" ten="30,1000,0" yaku="12,1" doraHai="63,31" who="3" fromWho="0" sc="252,-10,81,0,320,0,347,10" /><INIT seed="6,0,0,3,3,87" ten="242,81,320,357" oya="2" hai0="75,130,34,119,83,64,74,12,47,78,111,17,122" hai1="91,7,62,70,105,127,13,46,85,35,25,123,114" hai2="135,42,129,4,44,61,24,107,8,22,65,58,63" hai3="27,26,100,73,99,19,60,115,18,28,56,113,52"/><V90/><F129/><W1/><G73/><T108/><D34/><U5/><E105/><V109/><F135/><W15/><G1/><T84/><D64/><U43/><E114/><N who="3" m="43530" /><G28/><T38/><D122/><U53/><E123/><V82/><F107/><N who="3" m="63903" /><G19/><T110/><D130/><U32/><E127/><V102/><F109/><W125/><G125/><T98/><D38/><U31/><E35/><V88/><F102/><W23/><AGARI ba="0,0" hai="15,18,23,26,27,52,56,60" m="63903,43530" machi="23" ten="30,4000,0" yaku="15,1,11,1,54,1" doraHai="87" who="3" fromWho="3" sc="242,-10,81,-10,320,-20,357,40" /><INIT seed="7,0,0,2,0,111" ten="232,71,300,397" oya="3" hai0="109,94,22,44,4,101,75,39,78,99,126,15,66" hai1="77,112,110,25,131,36,59,51,95,87,13,20,134" hai2="18,41,53,89,47,3,98,0,62,57,82,90,16" hai3="96,67,91,54,93,8,21,103,29,30,121,14,2"/><W97/><G2/><T60/><D126/><U117/><E13/><V104/><F104/><W81/><G121/><T106/><D109/><U74/><E20/><V102/><F3/><W9/><G67/><T133/><D133/><U132/><E25/><V108/><F0/><W31/><G54/><T116/><D116/><U61/><E51/><V129/><F129/><W23/><G8/><T58/><D75/><U37/><E59/><V6/><F6/><W33/><G33/><T1/><D78/><U7/><E7/><V79/><F102/><W123/><G123/><T88/><D1/><U73/><E61/><V125/><F125/><W11/><G11/><T105/><D39/><U35/><E87/><V48/><F108/><W12/><G12/><T72/><D72/><U127/><E95/><V46/><F46/><W71/><G71/><T50/><D4/><U115/><E77/><V49/><F62/><W68/><G68/><T70/><D70/><U107/><E110/><V119/><F119/><W80/><G80/><T128/><D128/><U45/><E45/><V38/><F38/><N who="1" m="14953" /><E35/><V65/><F65/><W113/><G81/><T130/><D130/><U19/><E19/><V86/><REACH who="2" step="1"/><F98/><REACH who="2" ten="232,71,290,397" step="2"/><W52/><G97/><T84/><D106/><U28/><E107/><V76/><F76/><W27/><G96/><T17/><D44/><U135/><E127/><V92/><F92/><W114/><G93/><T24/><D50/><U40/><E131/><V32/><F32/><W118/><G103/><T42/><D24/><U34/><E34/><V43/><F43/><W122/><G118/><RYUUKYOKU ba="0,1" sc="232,15,71,-15,290,15,397,-15" hai0="15,17,22,42,58,60,66,84,88,94,99,101,105" hai2="16,18,41,47,48,49,53,57,79,82,86,89,90" owari="247,-15.0,56,-44.0,305,11.0,392,48.0" /></mjloggm>