<mjloggm ver="2.3"><GO type="41" lobby="0"/><UN n0="%E2%93%9D%53%75%70%68%78" n1="%50%4B%4B" n2="%65%50%6F%72%74%61%6C" n3="%6F%6E%69%79%6F%73%68%69" dan="18,13,15,14" rate="2090.10,1893.59,1947.17,1948.32" sx="M,M,M,M"/><TAIKYOKU oya="0"/><INIT seed="0,0,0,5,2,103" ten="250,250,250,250" oya="0" hai0="72,39,100,40,7,78,116,20,52,19,130,13,14" hai1="91,108,113,42,97,41,85,50,96,55,46,74,89" hai2="44,101,65,33,105,135,16,35,2,76,84,18,88" hai3="28,6,75,24,51,123,77,128,37,86,120,93,26"/><T95/><D116/><U10/><E74/><V134/><F2/><W131/><G37/><T133/><D130/><U59/><E108/><V79/><F65/><W30/><G75/><T67/><D133/><N who="2" m="50698" /><F44/><W106/><G51/><T70/><D40/><U99/><E113/><V8/><F79/><W122/><G106/><T36/><D70/><U3/><E3/><V5/><F76/><W68/><G68/><T83/><D67/><U58/><E10/><V56/><F56/><W60/><G60/><T61/><D7/><U43/><REACH who="1" step="1"/><E91/><REACH who="1" ten="250,240,250,250" step="2"/><V114/><F114/><W15/><G77/><T126/><D78/><U92/><AGARI ba="0,1" hai="41,42,43,46,50,55,58,59,85,89,92,96,97,99" machi="92" ten="30,8000,1" yaku="1,1,2,1,0,1,8,1,53,1" doraHai="103" doraHaiUra="49" who="1" fromWho="1" sc="250,-40,240,90,250,-20,250,-20" /><INIT seed="1,0,0,2,3,121" ten="210,330,230,230" oya="1" hai0="43,134,130,124,36,52,69,83,76,89,117,18,97" hai1="109,129,24,54,9,58,99,95,26,87,135,108,20" hai2="29,100,14,123,7,42,13,17,93,2,5,112,105" hai3="6,11,75,127,133,65,91,90,46,34,73,38,101"/><U57/><E135/><V77/><F123/><W3/><G34/><T59/><D69/><U68/><E68/><V62/><F105/><W50/><G38/><T31/><D130/><U98/><E129/><V1/><F77/><W84/><G127/><T122/><D117/><U27/><E9/><V107/><F107/><W88/><G101/><T30/><D124/><U115/><E115/><V35/><F62/><W22/><G22/><T44/><D134/><U92/><E20/><V96/><F42/><W86/><G65/><T82/><D18/><U10/><E10/><V78/><F78/><W33/><G33/><T60/><D122/><U41/><E41/><V103/><F103/><W66/><G66/><T111/><D111/><N who="1" m="42571" /><E58/><V21/><F21/><W45/><G11/><T110/><D110/><U61/><E87/><V32/><F112/><W79/><G86/><T55/><D59/><U40/><E40/><V120/><F120/><W8/><G84/><T125/><D125/><U53/><E54/><V25/><F35/><W51/><G46/><T39/><D44/><U67/><E67/><V114/><F114/><W116/><G45/><T64/><D64/><U126/><E126/><V106/><F32/><W28/><G8/><T72/><D43/><U23/><E23/><V49/><F1/><W15/><G3/><T113/><D113/><U132/><E132/><V56/><F56/><W119/><G133/><T128/><D128/><U19/><E19/><V131/><F17/><W85/><G119/><T74/><D55/><U118/><E118/><V70/><F131/><W37/><G116/><RYUUKYOKU ba="0,0" sc="210,-10,330,30,230,-10,230,-10" hai1="24,26,27,53,57,61,92,95,98,99" /><INIT seed="1,1,0,2,1,121" ten="200,360,220,220" oya="1" hai0="66,84,78,91,109,62,124,17,4,102,96,57,40" hai1="113,10,52,3,25,74,107,126,120,82,38,33,128" hai2="81,53,127,115,0,65,135,1,75,61,34,88,129" hai3="87,112,58,72,100,37,103,43,21,24,67,55,76"/><U95/><RYUUKYOKU type="yao9" ba="1,0" sc="200,0,360,0,220,0,220,0" hai1="3,10,25,33,38,52,74,82,95,107,113,120,126,128" /><INIT seed="1,2,0,0,2,117" ten="200,360,220,220" oya="1" hai0="67,38,85,115,128,104,102,108,77,32,89,64,27" hai1="113,114,48,72,0,4,53,133,125,92,26,45,95" hai2="24,17,12,46,68,82,18,43,21,120,130,75,83" hai3="98,33,65,6,10,40,124,11,20,94,96,90,56"/><U28/><E72/><V2/><F2/><W79/><G33/><T78/><D38/><U31/><E133/><V118/><F118/><W84/><G40/><T70/><D108/><U123/><E123/><V129/><F68/><W103/><G124/><T99/><D128/><N who="2" m="49258" /><F75/><W58/><G11/><T57/><D57/><U13/><E125/><V86/><F86/><W8/><G8/><T54/><D54/><U111/><E0/><V3/><F3/><W131/><G131/><T100/><D100/><U35/><E28/><V105/><F105/><W97/><G20/><T16/><D115/><U47/><E111/><V52/><F120/><W81/><G65/><T74/><D67/><U63/><E63/><V39/><F52/><W88/><G90/><T29/><D74/><U71/><E71/><V62/><F62/><W42/><G42/><T135/><D135/><U19/><E4/><V59/><F59/><W66/><G66/><T37/><D37/><U69/><E47/><V126/><F126/><W1/><REACH who="3" step="1"/><G98/><REACH who="3" ten="200,360,220,210" step="2"/><T30/><D64/><U76/><E69/><V60/><F60/><W80/><G80/><T15/><D70/><U106/><E76/><V7/><F7/><W122/><G122/><T5/><D5/><U9/><E114/><V49/><F39/><W51/><G51/><T22/><REACH who="0" step="1"/><D30/><REACH who="0" ten="190,360,220,210" step="2"/><U119/><E113/><V61/><F61/><W121/><G121/><T107/><D107/><AGARI ba="2,2" hai="1,6,10,56,58,79,81,84,88,94,96,97,103,107" machi="107" ten="30,3900,0" yaku="1,1,7,1,54,1,53,0" doraHai="117" doraHaiUra="109" who="3" fromWho="0" sc="190,-45,360,0,220,0,210,65" /><INIT seed="2,0,0,5,4,57" ten="145,360,220,275" oya="2" hai0="99,17,69,26,90,81,51,128,131,102,38,113,68" hai1="39,37,132,133,77,42,92,120,112,75,121,15,66" hai2="67,49,43,10,110,80,1,103,40,9,107,129,53" hai3="29,94,74,20,97,105,58,125,104,126,76,6,11"/><V31/><F31/><W16/><G29/><T119/><D38/><U23/><E112/><V117/><F117/><W127/><G76/><T89/><D51/><U14/><E92/><V118/><F118/><W83/><G83/><T2/><D2/><U5/><E77/><V55/><F67/><W18/><G74/><T124/><D124/><U116/><E116/><V95/><F107/><N who="3" m="41035" /><G20/><T71/><D119/><U122/><E75/><V0/><F80/><W114/><G114/><T48/><D48/><U72/><E72/><V108/><F49/><W70/><G70/><T91/><D113/><U36/><E42/><N who="2" m="15915" /><F95/><W56/><G58/><T19/><D26/><U52/><E66/><V47/><F103/><N who="3" m="60855" /><G56/><T27/><D81/><U100/><E100/><V82/><F82/><W45/><G45/><T98/><D27/><U63/><E23/><V24/><F24/><W73/><G73/><T93/><REACH who="0" step="1"/><D99/><REACH who="0" ten="135,360,220,275" step="2"/><U101/><E121/><V78/><F78/><W86/><G86/><T34/><D34/><U22/><E37/><V135/><F47/><W41/><G41/><T130/><AGARI ba="0,1" hai="17,19,68,69,71,89,90,91,93,98,102,128,130,131" machi="130" ten="50,8000,1" yaku="1,1,0,1,29,2,19,1,53,0" doraHai="57" doraHaiUra="7" who="0" fromWho="0" sc="135,90,360,-20,220,-40,275,-20" /><INIT seed="3,0,0,0,1,56" ten="225,340,180,255" oya="3" hai0="45,49,15,20,34,76,115,98,61,116,129,93,32" hai1="60,31,5,92,81,130,38,79,121,75,7,6,120" hai2="124,105,119,18,63,113,94,64,24,102,109,21,132" hai3="26,2,11,22,127,96,104,17,29,8,9,95,57"/><W44/><G104/><T58/><D116/><U16/><E38/><V12/><F113/><W62/><G44/><T87/><D129/><U101/><E31/><V59/><F119/><W35/><G127/><T89/><D115/><U90/><E101/><V110/><F105/><W123/><G123/><T86/><D34/><U112/><E112/><V0/><F0/><W83/><G83/><T43/><D32/><U42/><E42/><V88/><F102/><W99/><G2/><T37/><D76/><U40/><E40/><V71/><F124/><W128/><G128/><T126/><D37/><U118/><E118/><V41/><F41/><W125/><G125/><T135/><D135/><U4/><E4/><V97/><F132/><W30/><G35/><T80/><D80/><U107/><E107/><V84/><F84/><W114/><G114/><T73/><D73/><U10/><E130/><V68/><REACH who="2" step="1"/><F12/><REACH who="2" ten="225,340,170,255" step="2"/><W111/><G111/><AGARI ba="0,1" hai="18,21,24,59,63,64,68,71,88,94,97,109,110,111" machi="111" ten="40,16000,3" yaku="1,1,2,1,14,1,52,1,54,1,53,3" doraHai="56" doraHaiUra="122" who="2" fromWho="3" sc="225,0,340,0,170,170,255,-160" /><INIT seed="4,0,0,5,1,132" ten="225,340,340,95" oya="0" hai0="51,107,73,134,118,19,85,110,5,89,8,90,97" hai1="47,57,43,119,48,31,35,56,124,87,74,6,12" hai2="9,46,0,111,83,77,4,11,24,123,62,61,126" hai3="120,86,34,29,23,113,32,92,44,66,115,7,58"/><T67/><D118/><U106/><E74/><V45/><F111/><W88/><G120/><T16/><D73/><U39/><E119/><V13/><F123/><W133/><G133/><T70/><D134/><U2/><E2/><V49/><F126/><W63/><G7/><T36/><D36/><U71/><E106/><V22/><F9/><W128/><G128/><T17/><D110/><U82/><E31/><V130/><F0/><W81/><G44/><T104/><D51/><U95/><E95/><V108/><F130/><W112/><G23/><T40/><D40/><U91/><E35/><V20/><F108/><W53/><G29/><T101/><D107/><U3/><E3/><V42/><F45/><W129/><G66/><T59/><D70/><U131/><E39/><V30/><REACH who="2" step="1"/><F22/><REACH who="2" ten="225,340,330,95" step="2"/><W94/><REACH who="3" step="1"/><G129/><REACH who="3" ten="225,340,330,85" step="2"/><T54/><D8/><U25/><E131/><V21/><F21/><W65/><G65/><T33/><D67/><U100/><E6/><V15/><F15/><W72/><G72/><AGARI ba="0,2" hai="4,11,13,20,24,30,42,46,49,61,62,72,77,83" machi="72" ten="30,2000,0" yaku="1,1,7,1,53,0" doraHai="132" doraHaiUra="28" who="2" fromWho="3" sc="225,0,340,0,330,40,85,-20" /><INIT seed="5,0,0,5,0,18" ten="225,340,370,65" oya="1" hai0="34,56,134,8,41,76,126,108,103,39,7,135,67" hai1="82,90,97,38,118,43,33,107,6,104,20,13,37" hai2="31,105,89,5,47,111,29,16,32,55,26,11,127" hai3="68,49,46,87,91,99,61,9,59,65,36,121,66"/><U100/><E118/><V83/><F111/><W48/><G121/><T78/><D108/><U25/><E33/><V130/><F105/><W94/><G36/><T88/><D103/><U72/><E107/><V85/><F127/><W12/><G68/><T54/><D67/><U119/><E119/><V73/><F73/><W95/><G66/><T132/><D34/><U28/><E43/><V42/><F130/><W15/><G49/><T110/><D126/><U114/><E114/><V101/><F101/><W124/><G124/><T21/><D110/><U45/><E45/><V106/><F106/><W22/><G9/><T17/><D41/><U63/><E63/><V86/><F55/><W120/><G120/><T2/><D88/><U123/><E123/><V112/><F112/><W23/><G15/><N who="0" m="9407" /><D39/><U40/><E40/><V35/><F35/><W102/><REACH who="3" step="1"/><G12/><REACH who="3" ten="225,340,370,55" step="2"/><T77/><D135/><U10/><REACH who="1" step="1"/><E90/><REACH who="1" ten="225,330,370,55" step="2"/><V96/><F89/><W133/><G133/><T98/><D134/><U93/><E93/><V51/><F51/><W0/><G0/><T84/><D132/><U70/><E70/><V131/><F42/><AGARI ba="0,2" hai="22,23,42,46,48,59,61,65,87,91,94,95,99,102" machi="42" ten="30,8000,1" yaku="1,1,7,1,8,1,52,2,53,0" doraHai="18" doraHaiUra="4" who="3" fromWho="2" sc="225,0,330,0,370,-80,55,100" /><INIT seed="6,0,0,1,2,9" ten="225,330,290,155" oya="2" hai0="1,108,124,18,97,32,66,85,43,15,94,132,63" hai1="42,3,2,31,17,81,54,67,27,120,55,98,96" hai2="125,46,105,104,130,75,76,14,122,116,112,87,70" hai3="78,21,38,109,57,84,23,36,72,37,131,119,41"/><V80/><F112/><W5/><G72/><T20/><D1/><U35/><E42/><V10/><F116/><W56/><G78/><T93/><D32/><U73/><E120/><V47/><F122/><W69/><G84/><T99/><D108/><U19/><E2/><V61/><F125/><W95/><G95/><T113/><D132/><U114/><E3/><V117/><F117/><W68/><G119/><T71/><D113/><U29/><E114/><V44/><F130/><W48/><G5/><T134/><D134/><U6/><E6/><V51/><F75/><W107/><G107/><T100/><D43/><U135/><E67/><V64/><REACH who="2" step="1"/><F51/><REACH who="2" ten="225,330,280,155" step="2"/><W22/><G48/><T49/><D49/><U30/><E73/><V111/><F111/><W74/><G74/><T90/><REACH who="0" step="1"/><D99/><REACH who="0" ten="215,330,280,155" step="2"/><U106/><E96/><V128/><F128/><W12/><G131/><T101/><D101/><U39/><E98/><V0/><F0/><W7/><G109/><T126/><AGARI ba="0,2" hai="15,18,20,63,66,71,85,90,93,94,97,100,124,126" machi="126" ten="30,4000,0" yaku="1,1,0,1,52,1,53,0" doraHai="9" doraHaiUra="33" who="0" fromWho="0" sc="215,60,330,-10,280,-20,155,-10" /><INIT seed="7,0,0,3,5,75" ten="275,320,260,145" oya="3" hai0="0,58,108,57,56,4,118,5,18,93,79,54,16" hai1="35,112,74,64,23,110,15,96,94,11,106,34,117" hai2="120,61,48,103,116,83,124,20,42,66,70,36,130" hai3="98,121,81,9,25,52,41,33,122,46,45,62,19"/><W88/><G33/><T59/><D108/><U72/><E110/><V78/><F116/><W114/><G114/><T69/><D69/><U7/><E106/><V60/><F60/><W24/><G122/><T73/><D118/><U1/><E117/><V86/><F130/><W17/><G121/><T128/><D128/><U22/><E64/><V123/><F124/><W47/><G41/><T87/><D73/><U129/><E129/><V39/><F103/><W55/><G9/><T65/><D0/><U29/><E23/><V30/><F36/><W90/><G81/><N who="0" m="47551" /><D93/><U76/><E76/><V99/><F99/><W91/><G98/><T28/><D28/><U101/><E35/><V105/><F105/><W43/><G43/><T132/><D132/><U53/><E53/><N who="3" m="20554" /><G62/><N who="0" m="36119" /><D65/><U135/><E112/><V32/><F32/><W115/><G115/><T2/><D2/><U84/><E135/><V27/><REACH who="2" step="1"/><F39/><REACH who="2" ten="275,320,250,145" step="2"/><W113/><G113/><T26/><D59/><U10/><E34/><V95/><F95/><W67/><G67/><T85/><D58/><U89/><E1/><V71/><F71/><W6/><G6/><T3/><D57/><U125/><E125/><V13/><F13/><W37/><G37/><T21/><D3/><U49/><E15/><V38/><F38/><W119/><G119/><T12/><D5/><U109/><E7/><V131/><F131/><W68/><G68/><T51/><D4/><U31/><E109/><V133/><F133/><W40/><G40/><T80/><D12/><U126/><E126/><V100/><F100/><W102/><G102/><T8/><D51/><RYUUKYOKU ba="0,1" sc="275,-15,320,-15,250,15,145,15" hai2="20,27,30,42,48,61,66,70,78,83,86,120,123" hai3="17,19,24,25,45,46,47,88,90,91" /><INIT seed="7,1,1,3,5,20" ten="260,305,265,160" oya="3" hai0="18,23,21,32,126,26,53,135,127,46,77,55,75" hai1="96,97,11,108,72,5,98,29,131,123,85,41,110" hai2="93,40,107,102,104,59,17,34,1,112,0,71,74" hai3="117,101,73,64,8,6,133,128,113,24,103,130,33"/><W114/><G73/><T88/><D32/><U105/><E123/><V115/><F71/><W63/><G117/><T106/><D106/><N who="2" m="40490" /><F74/><W66/><G133/><T100/><D100/><N who="3" m="38473" /><G33/><T132/><D88/><U99/><E72/><V15/><F34/><W119/><G119/><T7/><D7/><U122/><E122/><V84/><F59/><N who="3" m="36991" /><G24/><T82/><D23/><U124/><E105/><V78/><F40/><W51/><G51/><N who="0" m="28919" /><D55/><U56/><E41/><V3/><F78/><W31/><G31/><T90/><D90/><U61/><E29/><V54/><F54/><W50/><G50/><T65/><D65/><U39/><E39/><V120/><F120/><W62/><G66/><T129/><D129/><N who="3" m="49769" /><G62/><T80/><D80/><U125/><E131/><V81/><F81/><W57/><G57/><T44/><D44/><U48/><E61/><V91/><F102/><W49/><G49/><T43/><D43/><U27/><E56/><V9/><F0/><AGARI ba="1,1" hai="0,6,8,113,114" m="49769,36991,38473" machi="0" ten="30,1500,0" yaku="19,1" doraHai="20" who="3" fromWho="2" sc="260,0,305,0,265,-18,160,28" /><INIT seed="7,2,0,4,1,58" ten="260,305,247,188" oya="3" hai0="125,84,70,69,53,15,66,93,67,35,29,94,21" hai1="51,60,32,36,81,98,57,128,134,131,97,113,91" hai2="2,54,126,120,12,68,78,82,133,56,28,64,61" hai3="24,34,99,22,76,19,71,74,33,6,31,127,4"/><W59/><G71/><T90/><D35/><U106/><E36/><V27/><F2/><W5/><G74/><T114/><D125/><U109/><E109/><V25/><F126/><W44/><G127/><T37/><D37/><U89/><E32/><V110/><F110/><W96/><G76/><T108/><D114/><U52/><E113/><V122/><F12/><W135/><G34/><T130/><D130/><N who="1" m="49707" /><E134/><V75/><F133/><W45/><G135/><T132/><D53/><N who="1" m="33839" /><E81/><V103/><F103/><W65/><G65/><T105/><D67/><U18/><E18/><V39/><F39/><W3/><G3/><T1/><D66/><U95/><E106/><V111/><F111/><W40/><G59/><T80/><D70/><U92/><E52/><V102/><F102/><W10/><G10/><T100/><D100/><U88/><E51/><N who="2" m="30815" /><F28/><W7/><N who="3" m="1024" /><DORA hai="13" /><W43/><G33/><T23/><D132/><U73/><E73/><V117/><F117/><W115/><G31/><T107/><D29/><U16/><E16/><V123/><AGARI ba="2,0" hai="25,27,61,64,68,75,78,82,120,122,123" m="30815" machi="123" ten="30,2000,0" yaku="13,1,52,1" doraHai="58,13" who="2" fromWho="2" sc="260,-7,305,-7,247,26,188,-12" /><INIT seed="8,0,0,3,5,132" ten="253,298,273,176" oya="0" hai0="78,125,40,41,12,86,107,25,6,124,109,66,65" hai1="117,46,31,7,35,64,67,97,93,81,128,15,23" hai2="77,104,56,87,63,122,90,91,0,131,29,126,114" hai3="110,48,52,135,94,70,8,3,9,50,133,92,129"/><T100/><D25/><U11/><E128/><V28/><F114/><W119/><G70/><T14/><D109/><U21/><E117/><V27/><F122/><W34/><G110/><T30/><D30/><U71/><E71/><V58/><F0/><W88/><G34/><T57/><D100/><U61/><E35/><V59/><F104/><W4/><G129/><T16/><D107/><U120/><E120/><V118/><F131/><W69/><G69/><T72/><D86/><U103/><E61/><V84/><F77/><W62/><G94/><T33/><D33/><U45/><E81/><V121/><F121/><W127/><G9/><N who="0" m="4151" /><D78/><U51/><E46/><V37/><F37/><W5/><G5/><T54/><D72/><U60/><E60/><V73/><F73/><W123/><G119/><T74/><D66/><N who="1" m="25131" /><E31/><N who="2" m="11851" /><F27/><W1/><G1/><T20/><D65/><U102/><E102/><V47/><F47/><W96/><G123/><T101/><D101/><U83/><E83/><N who="2" m="49439" /><F118/><W42/><G42/><AGARI ba="0,0" hai="7,11,15,21,23,42,45,51,93,97,103" m="25131" machi="42" ten="30,1000,0" yaku="8,1" doraHai="132" who="1" fromWho="3" sc="253,0,298,10,273,0,176,-10" owari="253,-15.0,308,41.0,273,7.0,166,-33.0" /></mjloggm>