<mjloggm ver="2.3"><GO type="41" lobby="0"/><UN n0="%6D%74%31%39%39%33%37" n1="%E2%93%9D%53%75%70%68%78" n2="%E5%85%AB%E4%B9%9D%E5%AF%BA%E7%9C%9F%E5%AE%B5" n3="%E3%81%B5%E3%81%95%E3%81%97%E4%B8%B8" dan="15,17,15,15" rate="2205.26,2024.56,2033.25,2014.69" sx="F,M,F,M"/><TAIKYOKU oya="0"/><INIT seed="0,0,0,3,5,29" ten="250,250,250,250" oya="0" hai0="8,57,52,14,121,125,102,50,40,99,34,74,101" hai1="96,134,70,123,128,24,37,78,58,33,110,62,119" hai2="127,114,126,109,81,104,91,0,107,88,130,86,51" hai3="10,77,7,129,49,35,63,92,15,23,16,12,4"/><T112/><D112/><U89/><E119/><V46/><F114/><W30/><G77/><T85/><D121/><U66/><E37/><V95/><F0/><N who="3" m="263" /><G92/><T45/><D125/><N who="2" m="47626" /><F130/><W32/><G49/><T18/><D74/><U55/><E134/><V5/><F5/><W67/><G63/><T111/><D111/><U60/><E110/><V19/><F19/><N who="3" m="10727" /><G67/><T100/><D85/><U118/><E118/><V54/><F109/><W76/><G76/><T42/><D34/><N who="3" m="12841" /><G129/><T115/><D115/><U31/><E78/><V75/><F75/><W26/><G7/><T17/><D99/><AGARI ba="0,0" hai="46,51,54,81,86,88,91,95,99,104,107" m="47626" machi="99" ten="30,2000,0" yaku="18,1,54,1" doraHai="29" who="2" fromWho="0" sc="250,-20,250,0,250,20,250,0" /><INIT seed="1,0,0,5,1,27" ten="230,250,270,250" oya="1" hai0="12,82,62,110,81,42,118,54,94,4,132,86,37" hai1="85,53,28,19,105,101,135,67,75,43,76,134,104" hai2="49,113,14,45,130,24,111,77,22,46,33,107,116" hai3="103,59,120,20,63,92,90,7,71,131,96,36,83"/><U100/><E43/><V112/><F116/><W121/><G131/><T99/><D118/><U41/><E41/><V50/><F130/><W122/><G36/><T47/><D132/><N who="1" m="50731" /><E19/><V51/><F107/><N who="1" m="41033" /><E53/><V35/><F111/><W133/><G133/><T68/><D110/><U91/><E28/><N who="2" m="17431" /><F14/><W44/><G71/><T29/><D12/><U69/><E67/><V55/><F77/><W124/><G44/><N who="2" m="17001" /><F55/><W97/><G7/><T9/><D4/><U48/><E48/><V95/><F95/><W73/><G92/><T6/><D6/><U0/><E0/><V123/><F123/><W40/><G40/><T25/><D54/><U57/><E57/><V2/><F2/><W98/><G59/><T66/><D9/><U1/><E69/><V64/><F64/><W13/><G13/><T11/><D11/><U39/><E39/><V10/><F10/><W32/><G120/><T87/><D47/><U114/><E1/><V56/><F56/><W18/><G121/><T16/><D37/><U60/><E114/><AGARI ba="0,0" hai="33,35,49,50,51,112,113,114" m="17001,17431" machi="114" ten="30,2000,0" yaku="11,1,52,1" doraHai="27" who="2" fromWho="1" sc="230,0,250,-20,270,20,250,0" /><INIT seed="2,0,0,3,1,13" ten="230,230,290,250" oya="2" hai0="88,28,116,100,111,96,65,72,79,56,86,94,74" hai1="46,63,2,30,22,36,38,110,23,112,27,83,18" hai2="61,68,135,50,128,133,60,66,106,81,5,51,123" hai3="115,16,104,69,77,76,39,80,53,118,98,45,120"/><V59/><F106/><W103/><G118/><T44/><D116/><U109/><E2/><V71/><F5/><W4/><G120/><T105/><D111/><N who="1" m="42507" /><E112/><V70/><F123/><W47/><G69/><N who="2" m="26729" /><F81/><W35/><G35/><T93/><D44/><U101/><E101/><V121/><F121/><W62/><G4/><T33/><D65/><U58/><E46/><V95/><F95/><W85/><G115/><T40/><D40/><U7/><E83/><V0/><F0/><W9/><G39/><T48/><D93/><U6/><E6/><V87/><F87/><W49/><G62/><T67/><D67/><N who="1" m="39415" /><E7/><V91/><F91/><W89/><REACH who="3" step="1"/><G47/><REACH who="3" ten="230,230,290,240" step="2"/><T92/><D33/><U64/><E64/><N who="2" m="38943" /><F128/><W108/><G108/><T29/><D100/><U119/><E119/><V114/><F114/><W15/><AGARI ba="0,1" hai="9,15,16,45,49,53,76,77,80,85,89,98,103,104" machi="15" ten="30,12000,2" yaku="1,1,0,1,25,2,52,1,54,1,53,0" doraHai="13" doraHaiUra="57" who="3" fromWho="3" sc="230,-30,230,-30,290,-60,240,130" /><INIT seed="3,0,0,1,3,5" ten="200,200,230,370" oya="3" hai0="116,69,6,39,12,74,4,17,24,103,51,42,83" hai1="64,73,127,91,85,93,8,9,7,75,16,125,106" hai2="0,31,104,108,49,25,95,26,66,118,29,126,101" hai3="46,23,63,90,110,123,62,111,35,68,107,128,98"/><W113/><G35/><T45/><D116/><U94/><E106/><V40/><F118/><W47/><G113/><T30/><D69/><U117/><E117/><V119/><F119/><W72/><G72/><T33/><D103/><U34/><E34/><V57/><F104/><W102/><G123/><T58/><D39/><U20/><E64/><V132/><F132/><W130/><G90/><T78/><REACH who="0" step="1"/><D58/><REACH who="0" ten="190,200,230,370" step="2"/><U79/><E127/><V56/><F126/><W32/><G68/><T100/><D100/><U44/><E125/><V115/><F101/><W86/><G102/><T53/><D53/><U124/><E124/><V131/><F56/><W27/><G107/><T54/><D54/><U92/><E75/><V71/><F71/><W19/><G128/><T28/><D28/><U43/><E73/><V38/><F131/><W134/><G130/><T135/><D135/><U59/><E59/><V22/><F57/><W15/><G134/><T96/><D96/><U2/><E79/><V60/><F29/><W121/><G98/><T55/><D55/><U77/><E77/><V3/><F31/><W84/><G121/><T120/><D120/><U21/><E91/><V105/><F105/><W114/><G114/><T129/><D129/><U109/><E85/><V99/><F99/><W122/><G122/><T41/><D41/><U50/><REACH who="1" step="1"/><E109/><REACH who="1" ten="190,190,230,370" step="2"/><N who="3" m="41482" /><G86/><T61/><D61/><U70/><E70/><V87/><F60/><W82/><G63/><T36/><D36/><U37/><E37/><V133/><F38/><W48/><G62/><T11/><AGARI ba="0,2" hai="4,6,11,12,17,24,30,33,42,45,51,74,78,83" machi="11" ten="20,8000,1" yaku="1,1,0,1,7,1,52,1,53,1" doraHai="5" doraHaiUra="13" who="0" fromWho="0" sc="190,100,190,-20,230,-20,370,-40" /><INIT seed="4,0,0,3,3,38" ten="290,170,210,330" oya="0" hai0="135,120,39,86,105,13,102,35,79,134,51,2,108" hai1="129,111,5,76,16,43,109,84,99,123,21,71,74" hai2="22,75,58,82,18,114,20,6,3,107,66,68,24" hai3="1,101,17,90,87,50,23,7,85,133,29,59,60"/><T34/><D120/><U62/><E123/><V12/><F107/><W93/><G29/><T122/><D122/><U118/><E118/><V80/><F114/><W55/><G133/><N who="0" m="50699" /><D2/><U95/><E74/><V41/><F68/><W49/><G85/><T83/><D39/><U14/><E129/><V96/><F75/><W46/><G101/><T42/><D108/><U53/><E5/><V4/><F3/><W127/><G127/><T98/><D13/><U19/><E71/><V104/><F104/><W77/><G77/><T15/><D15/><U65/><E53/><V0/><F0/><W44/><G7/><T124/><D124/><U119/><E119/><V88/><F4/><W37/><G1/><T33/><D51/><N who="3" m="19465" /><G37/><T70/><D70/><U132/><E132/><V117/><F117/><W30/><G30/><T11/><D11/><U52/><E111/><V115/><F6/><W9/><G9/><T91/><D79/><U100/><E109/><V31/><F115/><W92/><G92/><T116/><D116/><U57/><E19/><V8/><F8/><W125/><G125/><T48/><D48/><U121/><E121/><V128/><F128/><W10/><G10/><T54/><D54/><U131/><E131/><V64/><F18/><W61/><G61/><T130/><D130/><U110/><E110/><V112/><F112/><W103/><G60/><T32/><N who="0" m="8192" /><DORA hai="113" /><T73/><D73/><U78/><E52/><V67/><F31/><W97/><G55/><T27/><D27/><U40/><E78/><V94/><F12/><N who="3" m="9639" /><G59/><T69/><D69/><U106/><E76/><RYUUKYOKU ba="0,0" sc="290,10,170,10,210,-30,330,10" hai0="42,83,86,91,98,102,105" hai1="14,16,21,40,43,57,62,65,84,95,99,100,106" hai3="44,46,87,90,93,97,103" /><INIT seed="4,1,0,1,5,53" ten="300,180,180,340" oya="0" hai0="84,57,111,106,66,90,23,7,122,114,43,8,64" hai1="93,40,133,85,104,62,42,25,94,83,61,4,95" hai2="100,36,33,73,102,74,1,68,32,9,76,63,48" hai3="79,119,45,12,10,134,86,2,15,112,135,50,55"/><T14/><D122/><U117/><E104/><V65/><F48/><W3/><G112/><T19/><D114/><U105/><E105/><V130/><F100/><W58/><G119/><T97/><D111/><U115/><E117/><V41/><F130/><W125/><G125/><T59/><D43/><U116/><E133/><N who="3" m="50698" /><G12/><N who="0" m="9703" /><D97/><U52/><E4/><N who="2" m="1167" /><F102/><W123/><G123/><T39/><D39/><U109/><E109/><V101/><F101/><W5/><G45/><T96/><D96/><U18/><E116/><V126/><F126/><W27/><G27/><T60/><D60/><U110/><E62/><V22/><F22/><W38/><G38/><T30/><D30/><U11/><E115/><V92/><F73/><W89/><G79/><T13/><D13/><N who="1" m="7487" /><E25/><V0/><F0/><W127/><G127/><T108/><D106/><U118/><E110/><V78/><F36/><W132/><G132/><T113/><D108/><U129/><E129/><V71/><F71/><W26/><G26/><T82/><D113/><U124/><E118/><V70/><F70/><W98/><G98/><T77/><D90/><N who="1" m="51519" /><E124/><V72/><F72/><W24/><G24/><T99/><D99/><U6/><E6/><V28/><F74/><W29/><G29/><T44/><D44/><U20/><E20/><V91/><F28/><W87/><G87/><T17/><D17/><U37/><E37/><V75/><F75/><W16/><G5/><T131/><D131/><U47/><E47/><V107/><F107/><W31/><G31/><T103/><D103/><U49/><E49/><V51/><F51/><W67/><G67/><AGARI ba="1,0" hai="7,8,14,57,59,64,66,67,77,82,84" m="9703" machi="67" ten="30,11600,0" yaku="6,1,8,1,52,2" doraHai="53" who="0" fromWho="3" sc="300,119,180,0,180,0,340,-119" /><INIT seed="4,2,0,3,5,33" ten="419,180,180,221" oya="0" hai0="63,83,91,60,84,5,78,37,61,67,34,38,90" hai1="95,69,127,48,102,111,113,39,32,20,124,2,53" hai2="55,9,105,118,22,126,71,116,31,68,6,96,40" hai3="52,110,107,50,120,57,112,92,66,45,88,72,93"/><T14/><D34/><U49/><E32/><V44/><F55/><W24/><G110/><T73/><D67/><U10/><E39/><N who="2" m="21535" /><F22/><W19/><G112/><T103/><D103/><U46/><E69/><N who="2" m="26699" /><F31/><W128/><G128/><T56/><D56/><U114/><E20/><V27/><F27/><W8/><G72/><T28/><D28/><U4/><E111/><V79/><F79/><W29/><G107/><T13/><D90/><U125/><REACH who="1" step="1"/><E49/><REACH who="1" ten="419,170,180,221" step="2"/><V122/><F122/><W51/><G120/><T109/><D37/><U121/><E121/><V132/><F126/><W59/><G50/><T11/><D38/><U101/><E101/><N who="2" m="62631" /><F132/><W25/><G51/><T74/><D109/><U65/><E65/><V134/><F134/><W87/><G66/><T94/><D60/><U62/><E62/><V97/><F97/><AGARI ba="2,1" hai="2,4,10,46,48,53,95,97,102,113,114,124,125,127" machi="97" ten="50,6400,0" yaku="1,1,18,1,52,1,53,0" doraHai="33" doraHaiUra="106" who="1" fromWho="2" sc="419,0,170,80,180,-70,221,0" /><INIT seed="5,0,0,0,3,41" ten="419,250,110,221" oya="1" hai0="55,121,103,67,45,87,101,43,0,71,126,39,97" hai1="14,89,78,104,31,92,118,109,34,117,66,111,15" hai2="38,9,56,119,93,98,82,60,115,69,116,94,48" hai3="61,134,32,110,5,36,28,83,88,123,8,53,96"/><U25/><E78/><V108/><F108/><N who="1" m="41545" /><E104/><V29/><F38/><W79/><G123/><T113/><D121/><U44/><E66/><V33/><F82/><W46/><G134/><T62/><D113/><U90/><E90/><V72/><F115/><W102/><G61/><T6/><D126/><U133/><E44/><V54/><F72/><N who="3" m="43495" /><G53/><T57/><D87/><N who="1" m="52287" /><E133/><V127/><F116/><AGARI ba="0,0" hai="14,15,25,31,34,116,117,118" m="52287,41545" machi="116" ten="30,1500,0" yaku="10,1" doraHai="41" who="1" fromWho="2" sc="419,0,250,15,110,-15,221,0" /><INIT seed="5,1,0,3,3,62" ten="419,265,95,221" oya="1" hai0="1,76,10,67,15,33,28,109,102,110,27,0,74" hai1="123,96,107,131,111,72,83,134,103,69,119,5,54" hai2="42,71,124,32,121,90,135,105,58,21,95,108,133" hai3="104,113,129,78,130,41,37,87,98,40,14,73,53"/><U6/><E119/><V82/><F108/><W120/><G113/><T81/><D67/><U86/><E123/><V84/><F121/><W91/><G120/><T80/><D102/><U125/><E125/><V23/><F124/><W68/><G68/><T57/><D57/><U46/><E131/><N who="3" m="50186" /><G37/><T75/><D15/><U3/><E134/><N who="2" m="51211" /><F71/><W17/><G53/><T25/><D25/><U126/><E72/><V85/><F105/><W19/><G78/><N who="0" m="44119" /><D0/><U122/><E3/><V48/><F32/><W112/><G73/><T38/><D38/><U2/><E2/><V22/><F58/><W45/><G45/><T63/><D63/><U77/><E126/><V31/><F48/><W11/><G17/><T7/><AGARI ba="1,0" hai="1,7,10,27,28,33,75,76,81,109,110" m="44119" machi="7" ten="30,1100,0" yaku="23,1" doraHai="62" who="0" fromWho="0" sc="419,14,265,-6,95,-4,221,-4" /><INIT seed="6,0,0,5,2,76" ten="433,259,91,217" oya="2" hai0="47,96,3,54,49,32,101,7,27,2,15,111,33" hai1="57,65,115,128,6,113,85,95,121,64,59,61,9" hai2="125,117,116,31,8,131,56,82,18,20,66,112,105" hai3="78,58,19,34,28,114,14,29,53,4,109,129,108"/><V74/><F105/><W133/><G129/><T23/><D111/><U17/><E17/><V87/><F131/><W72/><G133/><T124/><D15/><U102/><E128/><V35/><F74/><W69/><G69/><T12/><D12/><U40/><E40/><V75/><F75/><W130/><G130/><T51/><D124/><U24/><E24/><V22/><F125/><W44/><G44/><T50/><D32/><U0/><E121/><V93/><F35/><W60/><G4/><T71/><D71/><U79/><E102/><V55/><F112/><N who="1" m="43081" /><E95/><V46/><F93/><W5/><G5/><T94/><D33/><U91/><E91/><N who="2" m="51703" /><F116/><W73/><G73/><T52/><D7/><U88/><E79/><V43/><F117/><W127/><G127/><T68/><D68/><N who="1" m="41999" /><E65/><V38/><F31/><W13/><G13/><T134/><D2/><U97/><E97/><V21/><F66/><W98/><G98/><T123/><D3/><U16/><E16/><V77/><F77/><W45/><G29/><N who="0" m="17663" /><D123/><U80/><AGARI ba="0,0" hai="0,6,9,57,59,80,85,88" m="41999,43081" machi="80" ten="30,4000,0" yaku="15,1,52,1,54,1" doraHai="76" who="1" fromWho="1" sc="433,-10,259,40,91,-20,217,-10" /><INIT seed="7,0,0,5,3,1" ten="423,299,71,207" oya="3" hai0="122,27,99,33,21,25,56,91,23,39,119,17,101" hai1="123,89,36,131,66,75,79,128,100,97,106,40,15" hai2="102,114,105,24,18,29,135,2,80,76,74,62,81" hai3="44,115,57,38,59,14,53,103,96,0,107,61,8"/><W72/><G115/><T113/><D119/><U31/><E15/><V134/><F18/><W3/><G72/><T37/><D122/><U5/><E66/><V42/><F114/><W11/><G38/><T67/><D113/><U69/><E31/><V19/><F19/><W71/><G11/><T117/><D117/><U50/><E50/><V83/><F42/><W124/><G124/><T64/><D33/><U13/><E69/><V70/><F80/><W116/><G116/><T118/><D118/><U45/><E89/><V78/><F2/><W87/><G44/><T86/><D37/><U98/><E98/><V129/><F129/><W32/><G32/><T47/><D39/><U34/><E123/><V60/><F60/><W9/><G9/><T125/><D47/><U85/><E85/><V10/><F10/><W126/><G126/><T41/><D41/><U46/><E46/><V35/><F81/><W55/><G87/><T84/><D125/><U94/><E34/><V121/><F76/><W82/><G82/><T133/><D133/><U127/><E127/><V88/><F88/><W22/><G22/><T7/><D84/><U95/><E79/><V93/><F93/><N who="1" m="35337" /><E75/><V77/><F121/><W63/><REACH who="3" step="1"/><G71/><REACH who="3" ten="423,299,71,197" step="2"/><T130/><D21/><U73/><E73/><V54/><F77/><W28/><G28/><T92/><D91/><U109/><E131/><V120/><F120/><W52/><G52/><T43/><D23/><U104/><E128/><V110/><F70/><W112/><G112/><T68/><D43/><U26/><E40/><V49/><F35/><W4/><AGARI ba="0,1" hai="0,3,4,8,14,53,55,57,59,61,63,96,103,107" machi="4" ten="20,18000,2" yaku="1,1,5,1,0,1,7,1,9,1,52,1,53,0" doraHai="1" doraHaiUra="132" who="3" fromWho="3" sc="423,-60,299,-60,71,-60,197,190" owari="363,16.0,239,-16.0,11,-49.0,387,49.0" /></mjloggm>