<mjloggm ver="2.3"><GO type="41" lobby="0"/><UN n0="%50%E3%81%9F%E3%81%91" n1="%32%30%31%43%42" n2="%E2%93%9D%53%75%70%68%78" n3="%E5%90%89%E5%B2%A1%E5%85%89%E6%AD%A3%30%35%33%32" dan="15,13,18,14" rate="2091.44,1936.36,2105.14,1994.97" sx="M,M,M,M"/><TAIKYOKU oya="0"/><INIT seed="0,0,0,0,5,89" ten="250,250,250,250" oya="0" hai0="123,133,51,119,1,82,125,50,73,76,107,128,65" hai1="4,130,95,62,40,32,0,88,108,12,16,90,30" hai2="66,83,110,92,38,72,91,104,117,114,11,127,131" hai3="56,13,34,74,100,7,87,124,29,17,122,106,24"/><T5/><D119/><U45/><E108/><V55/><F38/><W111/><G111/><T47/><D123/><U10/><E130/><V6/><F127/><W101/><G74/><T129/><D107/><U58/><E32/><V61/><F104/><W85/><G124/><T48/><D65/><U18/><E30/><V9/><F114/><W97/><G122/><T102/><D102/><U75/><E75/><V27/><F131/><N who="0" m="50250" /><D125/><U113/><E113/><V109/><F11/><W96/><G56/><T43/><D133/><U105/><E105/><V121/><F55/><W70/><G70/><T80/><D80/><U28/><E28/><V78/><F117/><W25/><G25/><T22/><D22/><U31/><E31/><V15/><F27/><W21/><G7/><T53/><D53/><N who="1" m="34127" /><E0/><V49/><F121/><W84/><REACH who="3" step="1"/><G85/><REACH who="3" ten="250,250,250,240" step="2"/><T26/><D26/><U59/><E59/><V44/><F110/><W98/><G98/><T132/><D132/><U14/><E4/><V23/><F109/><W116/><G116/><T8/><AGARI ba="0,1" hai="1,5,8,43,47,48,50,51,73,76,82" m="50250" machi="8" ten="30,1500,0" yaku="19,1" doraHai="89" who="0" fromWho="0" sc="250,25,250,-5,250,-5,240,-5" /><INIT seed="0,1,0,3,5,15" ten="275,245,245,235" oya="0" hai0="122,77,85,25,7,98,60,10,134,69,86,108,119" hai1="114,123,59,43,58,79,54,2,29,65,70,48,91" hai2="55,22,103,110,26,72,9,93,94,37,100,78,112" hai3="31,89,13,57,19,49,124,28,17,128,120,18,45"/><T115/><D115/><U109/><E123/><V53/><F37/><W75/><G75/><T76/><D119/><U1/><E114/><V132/><F110/><W126/><G120/><T101/><D122/><U11/><E109/><V4/><F132/><W95/><G128/><T41/><D108/><U111/><E111/><V27/><F72/><W127/><G13/><T5/><D41/><U21/><E79/><V66/><F66/><W42/><G57/><T23/><D69/><U125/><E125/><V34/><F34/><W0/><G0/><T118/><D60/><U68/><E43/><V73/><F78/><N who="0" m="30314" /><D118/><U97/><E1/><V8/><F73/><W36/><G36/><T30/><D134/><U71/><E2/><V102/><F112/><W116/><G116/><T92/><D10/><N who="2" m="4202" /><F4/><AGARI ba="1,0" hai="4,5,7,23,25,30,85,86,92,98,101" m="30314" machi="4" ten="30,1500,0" yaku="8,1" doraHai="15" who="0" fromWho="2" sc="275,18,245,0,245,-18,235,0" /><INIT seed="0,2,0,1,4,3" ten="293,245,227,235" oya="0" hai0="129,134,72,39,11,115,92,30,21,23,123,108,69" hai1="61,29,2,118,54,20,15,6,135,4,64,133,131" hai2="62,22,114,104,85,79,47,37,77,80,113,36,7" hai3="132,87,127,100,76,34,99,89,19,28,68,126,59"/><T73/><D30/><U75/><E118/><V49/><F104/><W45/><G68/><T119/><D92/><U82/><E131/><V125/><F125/><N who="3" m="47627" /><G76/><T110/><D11/><U97/><E2/><V38/><F62/><W43/><G59/><T116/><D69/><N who="1" m="42127" /><E97/><V86/><F22/><N who="0" m="8202" /><D39/><U124/><E124/><V101/><F101/><W103/><G132/><N who="1" m="50762" /><E54/><V107/><F107/><W24/><G19/><T91/><D91/><U109/><E109/><N who="0" m="42089" /><D134/><U5/><E75/><N who="0" m="28745" /><D129/><U52/><E82/><V41/><F80/><N who="3" m="49383" /><G99/><T46/><D46/><U71/><E71/><V27/><F47/><W120/><G120/><T96/><D96/><U55/><E29/><V18/><F79/><W10/><G10/><T84/><D84/><U57/><E57/><V40/><F86/><W13/><G13/><T111/><N who="0" m="42097" /><T44/><DORA hai="0" /><D44/><U102/><E102/><V83/><F85/><W117/><G117/><N who="0" m="45131" /><D115/><U63/><E63/><V94/><F114/><W8/><G8/><T93/><D93/><U16/><AGARI ba="2,0" hai="4,5,6,15,16,20,52,55" m="50762,42127" machi="16" ten="40,16000,3" yaku="20,1,52,6,54,2" doraHai="3,0" who="1" fromWho="1" sc="293,-82,245,166,227,-42,235,-42" /><INIT seed="1,0,0,2,1,41" ten="211,411,185,193" oya="1" hai0="0,6,7,23,53,104,74,88,132,8,97,48,55" hai1="28,135,67,134,119,50,126,109,108,114,35,66,58" hai2="127,116,3,22,38,33,120,57,107,92,133,121,95" hai3="96,42,10,86,71,78,77,79,40,59,62,25,90"/><U105/><E105/><V17/><F116/><W63/><G71/><T61/><D132/><N who="1" m="50731" /><E119/><V81/><F33/><W111/><G111/><N who="1" m="42570" /><E114/><V106/><F133/><W93/><G63/><T60/><D74/><U39/><E39/><V123/><F3/><W52/><G10/><T72/><D72/><U128/><E128/><V11/><F11/><W32/><G32/><T87/><D6/><U44/><E126/><V122/><F38/><W4/><G4/><T49/><D23/><U18/><E18/><V43/><F127/><W129/><G129/><T75/><D75/><U15/><E15/><V102/><F107/><W118/><G118/><T9/><D9/><U14/><E14/><V64/><F106/><W117/><G117/><T83/><D97/><U70/><E70/><V113/><F113/><W46/><G25/><T2/><D104/><U1/><E1/><V56/><F123/><W31/><G31/><T110/><D2/><U68/><E68/><V45/><F122/><W124/><G124/><T130/><D130/><U80/><E80/><V89/><F81/><W37/><REACH who="3" step="1"/><G40/><REACH who="3" ten="211,411,185,183" step="2"/><T103/><D110/><U27/><E58/><V91/><F57/><W19/><G19/><T131/><D131/><U112/><E112/><V125/><F125/><W21/><G21/><T85/><D0/><U24/><E24/><V69/><F69/><W47/><G47/><N who="0" m="27839" /><D8/><U54/><AGARI ba="0,1" hai="27,28,35,44,50,54,66,67" m="42570,50731" machi="54" ten="30,11700,0" yaku="20,1,14,1,10,1,52,1" doraHai="41" who="1" fromWho="1" sc="211,-39,411,127,185,-39,183,-39" /><INIT seed="1,1,0,2,1,66" ten="172,538,146,144" oya="1" hai0="16,121,130,75,50,56,103,96,114,90,125,14,45" hai1="133,60,82,19,39,112,47,73,59,132,61,68,119" hai2="37,42,21,52,107,92,117,53,93,100,79,122,127" hai3="12,131,108,126,69,11,81,104,30,85,32,46,20"/><U70/><E73/><V88/><F117/><W74/><G74/><T129/><D114/><U77/><E119/><V18/><F107/><W36/><G104/><T29/><D75/><N who="1" m="43327" /><E112/><V65/><F122/><W23/><G126/><T86/><D29/><U1/><E1/><V106/><F106/><W118/><G118/><T101/><D56/><U43/><E19/><V10/><F42/><W8/><G36/><T123/><D125/><U35/><E35/><V33/><F79/><W135/><G46/><T95/><D101/><U51/><E39/><V91/><F100/><W34/><G34/><T48/><D96/><U24/><E24/><V94/><F33/><W98/><G98/><T99/><D99/><U120/><E120/><N who="0" m="46153" /><D103/><U15/><E15/><V6/><F37/><W105/><G30/><T26/><D26/><U49/><E49/><N who="0" m="19049" /><D45/><U113/><E113/><V87/><F127/><W54/><G32/><T31/><D31/><U55/><E61/><V71/><F91/><W4/><G105/><T124/><D124/><U58/><E59/><V62/><F21/><AGARI ba="1,0" hai="14,16,21,86,90,95,129,130" m="19049,46153" machi="21" ten="30,2000,0" yaku="13,1,54,1" doraHai="66" who="0" fromWho="2" sc="172,23,538,0,146,-23,144,0" /><INIT seed="2,0,0,5,0,128" ten="195,538,123,144" oya="2" hai0="78,72,12,0,95,62,63,41,105,102,67,85,55" hai1="66,134,30,92,87,81,8,127,115,29,73,58,1" hai2="94,16,96,2,68,111,18,71,113,23,132,108,93" hai3="123,117,33,59,120,7,19,47,3,65,69,21,36"/><V90/><F113/><W24/><G117/><T14/><D0/><U74/><E115/><V82/><F2/><W31/><G69/><T98/><D41/><U99/><E127/><V27/><F82/><W13/><G36/><T101/><D55/><U35/><E134/><V130/><F130/><W53/><G47/><T57/><D63/><U106/><E106/><V88/><F18/><W126/><G65/><T20/><D20/><U43/><E43/><V39/><F39/><W45/><G45/><T9/><D102/><U114/><E114/><V54/><F54/><W119/><G126/><T125/><D125/><U75/><E35/><V91/><F132/><W51/><REACH who="3" step="1"/><G119/><REACH who="3" ten="195,538,123,134" step="2"/><T11/><D11/><AGARI ba="0,1" hai="3,7,11,13,19,21,24,31,33,51,53,59,120,123" machi="11" ten="40,8000,1" yaku="1,1,2,1,24,2,53,1" doraHai="128" doraHaiUra="22" who="3" fromWho="0" sc="195,-80,538,0,123,0,134,90" /><INIT seed="3,0,0,1,2,62" ten="115,538,123,224" oya="3" hai0="96,40,31,65,34,130,18,134,90,58,29,61,119" hai1="41,76,63,36,104,0,102,125,103,109,83,122,70" hai2="45,106,111,68,133,94,92,15,59,23,44,116,53" hai3="124,56,117,16,126,35,10,55,33,98,85,114,71"/><W3/><G117/><T101/><D119/><U77/><E0/><V19/><F106/><W127/><G114/><T89/><D130/><U72/><E122/><V51/><F116/><W13/><G71/><T6/><D6/><U1/><E1/><V67/><F111/><W128/><G128/><T82/><D134/><U91/><E109/><V81/><F133/><W112/><G112/><T99/><D40/><U129/><E77/><V107/><F107/><W135/><G135/><T64/><D18/><U54/><E104/><V84/><F68/><W9/><G98/><N who="0" m="37419" /><D34/><U100/><E91/><N who="0" m="34825" /><D82/><U37/><E41/><V86/><F94/><W52/><G85/><T78/><D78/><U97/><E129/><V7/><F7/><N who="3" m="1279" /><G55/><N who="0" m="34015" /><D101/><U132/><E132/><V73/><F86/><W8/><G8/><T120/><D120/><U21/><E103/><V48/><F84/><W131/><G131/><T88/><N who="0" m="34833" /><T57/><DORA hai="25" /><D57/><U87/><E102/><V43/><F59/><W2/><G2/><T95/><D95/><U5/><E100/><V38/><F92/><W69/><G69/><T17/><D17/><U32/><E70/><V42/><F81/><W30/><G35/><T118/><D118/><U79/><E32/><V80/><F80/><W123/><G123/><T74/><D74/><U50/><E72/><V4/><F73/><W39/><G39/><T27/><D27/><U49/><E36/><V66/><F4/><W105/><G105/><T26/><D26/><U75/><E37/><V108/><F108/><W28/><G33/><T60/><D60/><AGARI ba="0,0" hai="10,13,16,28,30,52,56,60,124,126,127" m="1279" machi="60" ten="30,12000,1" yaku="18,1,52,2,54,2" doraHai="62,25" who="3" fromWho="0" sc="115,-120,538,0,123,0,224,120" owari="-5,-51.0,538,65.0,123,-28.0,344,14.0" /></mjloggm>