<mjloggm ver="2.3"><GO type="41" lobby="0"/><UN n0="%E2%93%9D%53%75%70%68%78" n1="%73%2E%77%61%64%61" n2="%E4%B8%96%E7%95%8C%E3%81%AE%E4%BA%80%E4%BA%95" n3="%61%73%61%73%69%6E" dan="19,13,15,14" rate="2095.94,1857.84,1990.59,1974.29" sx="M,M,M,M"/><TAIKYOKU oya="0"/><INIT seed="0,0,0,0,1,75" ten="250,250,250,250" oya="0" hai0="30,31,62,111,94,110,96,121,85,48,99,17,123" hai1="11,119,103,100,72,49,57,77,97,42,34,109,35" hai2="58,4,54,51,127,70,61,32,1,5,107,33,66" hai3="87,14,89,37,71,114,101,88,44,67,133,80,13"/><T90/><D48/><U0/><E119/><V91/><F127/><W79/><G114/><T105/><D17/><U38/><E38/><V98/><F1/><W22/><G101/><T120/><D62/><U28/><E109/><N who="0" m="41481" /><D31/><U117/><E117/><V27/><F27/><W45/><G67/><T108/><D30/><U36/><E36/><V60/><F91/><N who="3" m="34891" /><G71/><T92/><D108/><U41/><E103/><V47/><F98/><N who="0" m="37418" /><D105/><U76/><E28/><V129/><F129/><W46/><G37/><T25/><D25/><U16/><E72/><V12/><F107/><W115/><G115/><T53/><D53/><U93/><E35/><V69/><F69/><W78/><G22/><T24/><D24/><U6/><E34/><V113/><F113/><W10/><G13/><T84/><D90/><U82/><E16/><V126/><F32/><W21/><G21/><T131/><D131/><U39/><E39/><V63/><F33/><W29/><G29/><T59/><D59/><U95/><E41/><V2/><F70/><W19/><G46/><T7/><D7/><U3/><E3/><V56/><F2/><W124/><G45/><T43/><D43/><U134/><E42/><N who="2" m="25079" /><F63/><W74/><G44/><T102/><D102/><U68/><E68/><V128/><F128/><W40/><G40/><T9/><D9/><U81/><E49/><V20/><F126/><W73/><G124/><T52/><D52/><U18/><E57/><V86/><F12/><W135/><G14/><T130/><D130/><U106/><E106/><V112/><F112/><W122/><G10/><T8/><D8/><RYUUKYOKU ba="0,0" sc="250,30,250,-10,250,-10,250,-10" hai0="84,85,92,94,120,121,123" /><INIT seed="0,1,0,3,0,59" ten="280,240,240,240" oya="0" hai0="122,97,10,125,95,135,82,25,113,80,12,88,22" hai1="106,93,74,26,49,126,15,57,23,54,19,8,89" hai2="5,16,4,27,79,77,56,53,32,94,83,29,6" hai3="34,73,96,104,36,0,84,67,115,132,103,101,134"/><T85/><D125/><U61/><E126/><V2/><F2/><W72/><G0/><T100/><D135/><N who="3" m="51753" /><G34/><T40/><D122/><U18/><E106/><V65/><F65/><W64/><G36/><T78/><D113/><U118/><E118/><V24/><F94/><W121/><G64/><T51/><D51/><U76/><E74/><V116/><F116/><W91/><G67/><T123/><D123/><U14/><E76/><V11/><F83/><W75/><G121/><T119/><D40/><U20/><E8/><V46/><F46/><W38/><G38/><T87/><D119/><U71/><E71/><V7/><N who="2" m="1024" /><DORA hai="17" /><V3/><F3/><W50/><G50/><T92/><D10/><U129/><E129/><V127/><F127/><W108/><G103/><T124/><D124/><U28/><E28/><V44/><F44/><W48/><G48/><T114/><D114/><U70/><E70/><V58/><F58/><W55/><G55/><T62/><D12/><U45/><E26/><V90/><F90/><W41/><G41/><T102/><D102/><U112/><E112/><V66/><F66/><W111/><G115/><T133/><D133/><U128/><E128/><V21/><REACH who="2" step="1"/><F11/><REACH who="2" ten="280,240,230,240" step="2"/><W68/><G68/><T35/><D82/><AGARI ba="1,1" hai="72,73,75,82,84,91,96,101,104,108,111" m="51753" machi="82" ten="40,5200,0" yaku="20,1,34,2" doraHai="59,17" who="3" fromWho="0" sc="280,-55,240,0,230,0,240,65" /><INIT seed="1,0,0,5,2,61" ten="225,240,230,305" oya="1" hai0="33,80,28,15,31,87,26,59,1,114,77,130,133" hai1="0,112,17,91,53,45,93,97,131,50,2,107,83" hai2="79,6,81,40,92,110,48,67,63,19,70,82,135" hai3="78,39,73,121,54,111,46,105,24,66,29,21,124"/><U4/><E112/><V64/><F110/><W36/><G121/><T85/><D114/><U12/><E131/><V52/><F135/><W23/><G105/><T10/><D133/><U20/><E4/><V127/><F127/><W35/><G111/><T119/><D119/><U86/><REACH who="1" step="1"/><E107/><REACH who="1" ten="225,230,230,305" step="2"/><V109/><F6/><W49/><G124/><T118/><D130/><U113/><E113/><V101/><F109/><W95/><G39/><T90/><D118/><U57/><E57/><N who="2" m="35239" /><F70/><W98/><G36/><T96/><D59/><U126/><E126/><V9/><F19/><W8/><G73/><T99/><D1/><U7/><E7/><V3/><F3/><W132/><G132/><T65/><D31/><U102/><AGARI ba="0,1" hai="0,2,12,17,20,45,50,53,83,86,91,93,97,102" machi="102" ten="20,7800,0" yaku="1,1,0,1,7,1,53,1" doraHai="61" doraHaiUra="42" who="1" fromWho="1" sc="225,-26,230,88,230,-26,305,-26" /><INIT seed="1,1,0,5,2,128" ten="199,318,204,279" oya="1" hai0="24,112,42,34,67,91,21,39,113,43,132,105,69" hai1="4,27,50,49,36,95,71,96,30,3,68,16,130" hai2="129,1,46,54,5,122,115,8,17,19,97,135,106" hai3="57,111,75,103,66,124,31,84,13,100,15,74,20"/><U93/><E36/><V9/><F122/><W92/><G75/><T37/><D105/><U56/><E130/><V76/><F129/><W14/><G74/><T65/><D21/><U98/><E3/><V110/><F110/><W99/><G111/><T127/><D24/><U60/><E4/><V47/><F115/><W104/><G104/><T32/><D91/><U117/><E117/><V109/><F109/><W126/><G103/><T23/><D23/><N who="1" m="13799" /><E71/><V118/><F76/><W10/><G84/><T72/><D72/><U2/><E2/><V59/><F118/><W58/><G10/><T12/><D12/><U89/><E30/><V83/><F83/><W119/><G119/><T11/><D11/><U94/><E68/><V85/><F85/><W123/><G123/><T131/><D131/><U73/><E73/><V88/><F106/><W55/><G66/><T86/><D86/><U79/><E79/><V77/><F77/><W53/><G31/><T101/><D69/><U48/><E98/><V121/><F97/><W41/><G41/><T134/><REACH who="0" step="1"/><D101/><REACH who="0" ten="189,318,204,279" step="2"/><U108/><E108/><V51/><F121/><W78/><G20/><T22/><D22/><U62/><E62/><V38/><F9/><W114/><G78/><T90/><D90/><U116/><E116/><V40/><F88/><W7/><G7/><T6/><D6/><U45/><E45/><V28/><F28/><W33/><G33/><T82/><D82/><U133/><E60/><N who="2" m="35959" /><F17/><W64/><G100/><T81/><D81/><U102/><E102/><V61/><F19/><W18/><G18/><T0/><D0/><RYUUKYOKU ba="1,1" sc="189,30,318,-10,204,-10,279,-10" hai0="32,34,37,39,42,43,65,67,112,113,127,132,134" /><INIT seed="2,2,1,0,2,55" ten="219,308,194,269" oya="2" hai0="111,38,122,69,45,21,23,48,63,128,51,93,109" hai1="35,77,17,13,9,79,121,26,37,12,85,108,81" hai2="6,47,97,89,57,112,16,5,28,40,90,52,104" hai3="29,67,25,18,46,68,42,15,49,117,99,7,118"/><V98/><F112/><W119/><G7/><N who="2" m="2569" /><F104/><W59/><G68/><T2/><D2/><U76/><E108/><N who="0" m="41545" /><D122/><U32/><E37/><V72/><F72/><W133/><G133/><T126/><D128/><U87/><E121/><V41/><F28/><W43/><G43/><N who="2" m="16457" /><F47/><W120/><G120/><T10/><D10/><U116/><E116/><V130/><F130/><W50/><G99/><N who="2" m="37897" /><F16/><W110/><G18/><T1/><D45/><U91/><E87/><V31/><F31/><W113/><G113/><T53/><D38/><U30/><REACH who="1" step="1"/><E13/><REACH who="1" ten="219,298,194,269" step="2"/><V134/><F134/><W22/><G15/><T61/><D1/><U105/><E105/><V102/><F102/><W131/><G110/><T34/><D126/><U27/><E27/><V4/><F4/><W94/><G131/><T60/><D69/><U3/><E3/><V115/><F115/><W95/><REACH who="3" step="1"/><G50/><AGARI ba="2,2" hai="50,52,57,89,90" m="37897,16457,2569" machi="50" ten="30,5800,0" yaku="8,1,52,1,54,1" doraHai="55" who="2" fromWho="3" sc="219,0,298,0,194,84,269,-64" /><INIT seed="2,3,0,1,5,73" ten="219,298,278,205" oya="2" hai0="34,80,105,51,100,112,29,86,32,115,122,60,96" hai1="9,22,14,7,121,81,88,40,92,78,75,13,36" hai2="67,0,77,76,44,43,130,101,39,26,18,74,123" hai3="103,95,16,102,107,91,70,5,56,19,114,4,85"/><V124/><F123/><W2/><G70/><T46/><D122/><U111/><E111/><V35/><F0/><W125/><G2/><T117/><D117/><U3/><E121/><V127/><F74/><W24/><G107/><T58/><D34/><U1/><E1/><V62/><F101/><W42/><G125/><N who="2" m="48201" /><F130/><W33/><G33/><T90/><D29/><U8/><E22/><N who="2" m="13655" /><F35/><W132/><G114/><T104/><D32/><U49/><E49/><V57/><AGARI ba="3,0" hai="39,43,44,57,62,67,76,77" m="13655,48201" machi="57" ten="30,6000,0" yaku="18,1,52,2" doraHai="73" who="2" fromWho="2" sc="219,-23,298,-23,278,69,205,-23" /><INIT seed="2,4,0,5,0,35" ten="196,275,347,182" oya="2" hai0="54,132,36,53,23,101,99,85,46,51,56,20,21" hai1="57,125,133,31,88,118,112,98,40,115,102,108,19" hai2="130,59,90,93,3,16,76,84,97,17,28,30,96" hai3="38,60,10,111,50,131,89,4,58,74,92,52,91"/><V1/><F130/><W82/><G38/><T49/><D132/><U27/><E118/><V8/><F59/><W12/><G131/><T94/><D36/><U14/><E108/><V48/><F48/><W37/><G37/><T26/><REACH who="0" step="1"/><D85/><REACH who="0" ten="186,275,347,182" step="2"/><U63/><E133/><V123/><F84/><N who="3" m="50327" /><G74/><T6/><D6/><U55/><E125/><V43/><F123/><W109/><G109/><T11/><D11/><U29/><E40/><V81/><F8/><W110/><G111/><T113/><D113/><U104/><E115/><V13/><F43/><W45/><G110/><T135/><D135/><U129/><E112/><V127/><F127/><W22/><G22/><T107/><D107/><U18/><E129/><V106/><F106/><W87/><G45/><T42/><D42/><U39/><E39/><V32/><F32/><W69/><G69/><T78/><D78/><U41/><E41/><V100/><F76/><W5/><G4/><T86/><D86/><U34/><E31/><AGARI ba="4,1" hai="20,21,23,26,31,46,49,51,53,54,56,94,99,101" machi="31" ten="30,3900,0" yaku="1,1,7,1,8,1,53,0" doraHai="35" doraHaiUra="120" who="0" fromWho="1" sc="186,61,275,-51,347,0,182,0" /><INIT seed="3,0,0,5,2,74" ten="247,224,347,182" oya="3" hai0="12,45,22,36,111,131,61,99,110,135,104,0,123" hai1="55,44,100,66,7,28,46,2,95,88,26,127,115" hai2="17,54,87,23,118,52,121,112,18,33,75,38,79" hai3="70,77,68,114,105,126,94,86,101,59,53,85,24"/><W5/><G105/><T30/><D0/><U89/><E115/><V39/><F33/><W62/><G114/><T9/><D61/><U21/><E127/><V119/><F75/><W120/><G120/><T103/><D123/><U50/><E66/><V91/><F112/><W67/><G126/><T130/><D135/><U108/><E108/><N who="0" m="41513" /><D22/><U109/><E109/><V92/><F121/><W15/><G70/><T58/><D58/><U20/><E20/><V37/><F18/><W13/><G5/><N who="0" m="3119" /><D30/><U113/><E113/><V56/><F54/><W116/><G116/><T98/><D98/><U76/><E100/><V1/><F1/><W41/><G41/><AGARI ba="0,0" hai="36,41,45,99,103,104,130,131" m="3119,41513" machi="41" ten="30,1000,0" yaku="14,1" doraHai="74" who="0" fromWho="3" sc="247,10,224,0,347,0,182,-10" /><INIT seed="4,0,0,5,5,41" ten="257,224,347,172" oya="0" hai0="134,91,70,27,123,78,113,67,127,46,3,109,1" hai1="118,20,77,85,51,28,31,55,122,32,61,133,2" hai2="36,115,40,101,25,88,135,82,62,99,48,9,68" hai3="107,19,30,52,102,124,63,12,10,22,97,79,87"/><T119/><D119/><U73/><E118/><V6/><F115/><W132/><G132/><T76/><D123/><U89/><E122/><V49/><F135/><W26/><G124/><T84/><D134/><U94/><E133/><V111/><F111/><W103/><G107/><T4/><D70/><U106/><E106/><V57/><F36/><W24/><G97/><T59/><D4/><U120/><E120/><V90/><F25/><W58/><G79/><T34/><D59/><U130/><E130/><V117/><F117/><W23/><REACH who="3" step="1"/><G87/><REACH who="3" ten="257,224,347,162" step="2"/><T108/><D78/><U14/><E73/><V39/><F99/><W53/><G53/><T98/><D76/><U110/><E77/><V81/><F101/><W92/><G92/><T80/><D98/><U72/><E72/><V50/><F90/><W112/><G112/><T38/><D113/><U131/><E131/><V66/><F88/><W116/><G116/><T43/><D127/><U125/><E125/><V7/><F81/><W96/><G96/><T65/><D109/><U8/><E110/><V37/><F82/><W0/><G0/><T21/><D108/><U15/><E2/><V71/><F66/><W35/><G35/><T29/><D34/><U13/><E61/><V16/><F62/><W93/><G93/><T126/><D126/><U100/><E100/><V74/><F74/><W18/><AGARI ba="0,1" hai="10,12,18,19,22,23,24,26,30,52,58,63,102,103" machi="18" ten="20,8000,1" yaku="1,1,0,1,7,1,8,1,54,1,53,0" doraHai="41" doraHaiUra="83" who="3" fromWho="3" sc="257,-40,224,-20,347,-20,162,90" /><INIT seed="5,0,0,5,3,127" ten="217,204,327,252" oya="1" hai0="86,88,73,87,8,120,47,83,34,43,48,84,122" hai1="16,57,77,24,55,5,129,118,29,106,103,112,94" hai2="30,70,116,12,99,21,18,104,132,38,17,130,109" hai3="13,97,52,128,115,35,7,119,92,51,28,41,89"/><U101/><E118/><V45/><F109/><W11/><G41/><T0/><D34/><U23/><E106/><V85/><F116/><W59/><G119/><T134/><D134/><U68/><E68/><V36/><F130/><W1/><G115/><T37/><D48/><U2/><E112/><V46/><F70/><W9/><G28/><T54/><D54/><U90/><E129/><V69/><F30/><W125/><G35/><T3/><D73/><U105/><E105/><V91/><F69/><W124/><REACH who="3" step="1"/><G128/><REACH who="3" ten="217,204,327,242" step="2"/><T61/><D122/><U39/><E39/><V95/><F38/><W123/><G123/><T114/><D120/><U25/><E77/><V4/><F36/><W32/><G32/><T14/><D114/><U40/><E40/><V126/><F132/><W135/><G135/><T26/><D37/><U111/><E111/><V42/><F42/><W20/><G20/><T75/><D43/><U133/><E133/><V79/><F21/><W62/><G62/><T96/><D61/><U100/><E2/><V121/><F79/><W71/><G71/><T19/><D3/><U10/><E5/><AGARI ba="0,1" hai="1,5,7,9,11,13,51,52,59,89,92,97,124,125" machi="5" ten="40,2600,0" yaku="1,1,54,1,53,0" doraHai="127" doraHaiUra="60" who="3" fromWho="1" sc="217,0,204,-26,327,0,242,36" /><INIT seed="6,0,0,3,5,78" ten="217,178,327,278" oya="2" hai0="131,14,64,89,124,86,90,56,119,75,88,57,135" hai1="116,38,2,61,97,125,107,92,8,28,48,53,3" hai2="32,101,81,27,47,12,21,43,24,17,69,87,74" hai3="123,42,103,93,108,91,127,15,4,133,65,132,70"/><V110/><F69/><W67/><G123/><T112/><D75/><U106/><E116/><V84/><F110/><W126/><G103/><T95/><D119/><U118/><E118/><V98/><F74/><W31/><G42/><T45/><D112/><U25/><E38/><V82/><F32/><W16/><G4/><T122/><D131/><U59/><E125/><N who="3" m="47626" /><G31/><T40/><D135/><N who="3" m="51785" /><G70/><T80/><D122/><U22/><E2/><V6/><F6/><W49/><G49/><N who="0" m="26791" /><D124/><U83/><E3/><V104/><F47/><W58/><G58/><N who="0" m="22635" /><D64/><U129/><E129/><V99/><F43/><W26/><G26/><T39/><D39/><U46/><E8/><V35/><F27/><W102/><G102/><T130/><D130/><U85/><E92/><V71/><F24/><W111/><G111/><T68/><D68/><U100/><E97/><V23/><F35/><W62/><G62/><T121/><D121/><U134/><E134/><V30/><F99/><N who="3" m="57791" /><G108/><T20/><D95/><U115/><E115/><V19/><F30/><W0/><G0/><T105/><D105/><U9/><E9/><AGARI ba="0,0" hai="9,15,16,65,67" m="57791,51785,47626" machi="9" ten="30,3900,0" yaku="18,1,20,1,54,1" doraHai="78" who="3" fromWho="1" sc="217,0,178,-39,327,0,278,39" /><INIT seed="7,0,0,2,5,94" ten="217,139,327,317" oya="3" hai0="100,60,4,117,120,54,38,132,25,33,27,77,51" hai1="72,5,97,59,24,78,124,50,108,23,40,113,14" hai2="6,131,104,22,95,66,37,109,110,93,52,118,43" hai3="101,10,20,21,116,49,34,134,71,13,123,8,42"/><W90/><G34/><T79/><D117/><U41/><E108/><V126/><F104/><W135/><G123/><T129/><D38/><U121/><E121/><V80/><F118/><W7/><G71/><T47/><D129/><U57/><E124/><V107/><F107/><W64/><G64/><T105/><D132/><N who="3" m="50729" /><G101/><T44/><D4/><U69/><E69/><V85/><F126/><W122/><G122/><T0/><D0/><U119/><E113/><V2/><F131/><W133/><N who="3" m="50737" /><W76/><DORA hai="15" /><G116/><T112/><D112/><U30/><E119/><V18/><F66/><W61/><G61/><T35/><D60/><U63/><E72/><V103/><F103/><W91/><G76/><T29/><D120/><U115/><E115/><V3/><F43/><W12/><G49/><T70/><D70/><U32/><E78/><N who="2" m="46231" /><F52/><W81/><G42/><T130/><D130/><U128/><E128/><V127/><F37/><W102/><G102/><T99/><D47/><U65/><E32/><V11/><F2/><W68/><G68/><T75/><D75/><U82/><E82/><V89/><F127/><W46/><G46/><T62/><D62/><U96/><E40/><V31/><F89/><N who="3" m="33803" /><G81/><T36/><REACH who="0" step="1"/><D36/><REACH who="0" ten="207,139,327,317" step="2"/><U86/><E86/><V56/><F110/><W67/><G67/><T19/><D19/><AGARI ba="0,1" hai="7,8,10,12,13,19,20,21" m="33803,50737" machi="19" ten="40,3900,0" yaku="20,1,52,1" doraHai="94,15" who="3" fromWho="0" sc="207,-39,139,0,327,0,317,49" owari="168,-23.0,139,-36.0,327,13.0,366,46.0" /></mjloggm>