<mjloggm ver="2.3"><GO type="41" lobby="0"/><UN n0="%E3%82%84%E3%81%A3%E3%81%95%E3%82%93%E9%98%AA%E7%A5%9E" n1="%E5%B9%B3%E5%9D%87%E5%BE%97%E7%82%B9%E3%81%AE%E4%BA%BA" n2="%E3%81%8A%E3%81%95%E3%81%A3%E3%81%A1%E3%82%87" n3="%E2%93%9D%53%75%70%68%78" dan="15,15,15,16" rate="2062.56,1975.43,2108.77,2065.50" sx="M,F,M,M"/><TAIKYOKU oya="0"/><INIT seed="0,0,0,1,5,77" ten="250,250,250,250" oya="0" hai0="87,120,115,122,70,3,47,72,8,133,58,73,95" hai1="24,43,27,41,125,54,129,119,132,99,80,35,55" hai2="45,36,100,38,49,128,98,34,71,118,86,51,134" hai3="57,93,126,48,113,37,28,59,112,104,60,69,46"/><T96/><D115/><U22/><E119/><V66/><F34/><W10/><G104/><T109/><D70/><U110/><E35/><V103/><F118/><W25/><G10/><T4/><D133/><U23/><E99/><V75/><F75/><W42/><G93/><T131/><D131/><U91/><E132/><V31/><F134/><W89/><G89/><T6/><D6/><U102/><E102/><V52/><F31/><W64/><G126/><T127/><D127/><U40/><E129/><V56/><F103/><W108/><G108/><T88/><D109/><U117/><E117/><V135/><F135/><W81/><G81/><T92/><D47/><U33/><E33/><V90/><F66/><W84/><G84/><T74/><REACH who="0" step="1"/><D58/><REACH who="0" ten="240,250,250,250" step="2"/><U67/><E125/><V63/><F71/><W61/><G69/><T82/><D82/><U123/><E110/><V68/><F68/><W65/><REACH who="3" step="1"/><G37/><REACH who="3" ten="240,250,250,240" step="2"/><T62/><D62/><U30/><E80/><V76/><F128/><W116/><G116/><T94/><D94/><U124/><E124/><V18/><F36/><W17/><G17/><T12/><D12/><U83/><E83/><V16/><F38/><W79/><G79/><T111/><D111/><U107/><E107/><V78/><F78/><W50/><G50/><T9/><D9/><U5/><E5/><V19/><F76/><W13/><G13/><T7/><D7/><U20/><E30/><V106/><F45/><W114/><G114/><T26/><D26/><U85/><E27/><V121/><F121/><W11/><G11/><T130/><D130/><U0/><E24/><RYUUKYOKU ba="0,2" sc="240,10,250,-30,250,10,240,10" hai0="3,4,8,72,73,74,87,88,92,95,96,120,122" hai2="16,18,19,49,51,52,56,63,86,90,98,100,106" hai3="25,28,42,46,48,57,59,60,61,64,65,112,113" /><INIT seed="0,1,2,3,4,110" ten="250,220,260,250" oya="0" hai0="111,127,95,30,109,81,74,44,14,131,3,121,97" hai1="96,42,61,21,135,48,125,31,72,29,22,33,56" hai2="76,46,78,18,122,98,67,73,28,60,63,43,16" hai3="118,134,100,47,94,20,52,23,120,37,85,106,6"/><T9/><D121/><U101/><E72/><V66/><F122/><W130/><G118/><T49/><D3/><U45/><E135/><V103/><F73/><W112/><G106/><T13/><D127/><U0/><E0/><V55/><F28/><N who="1" m="10825" /><E33/><V5/><F5/><W79/><G130/><T116/><D131/><U1/><E1/><V54/><F43/><W25/><G6/><T58/><D116/><U119/><E125/><V62/><F46/><W105/><G105/><T80/><D58/><U93/><E119/><V26/><F26/><W38/><G25/><T53/><D30/><U126/><E126/><V90/><F90/><W34/><G34/><T24/><D24/><U89/><E89/><V108/><F108/><N who="0" m="41546" /><D74/><U35/><E35/><V124/><F124/><W32/><G32/><T86/><D86/><U128/><E128/><V77/><F98/><W83/><G134/><T123/><D123/><U50/><E50/><V10/><F10/><W117/><G117/><T41/><D41/><U69/><E69/><V70/><F103/><W99/><G120/><T102/><D14/><U12/><E12/><V107/><F107/><W114/><G38/><T87/><D87/><U8/><E8/><V104/><F104/><W40/><REACH who="3" step="1"/><G52/><AGARI ba="1,2" hai="21,22,42,45,48,52,56,61,93,96,101" m="10825" machi="52" ten="30,2000,0" yaku="8,1,54,1" doraHai="110" who="1" fromWho="3" sc="250,0,220,43,260,0,250,-23" /><INIT seed="1,0,0,1,2,93" ten="250,263,260,227" oya="1" hai0="40,37,100,86,24,57,111,3,96,123,71,117,42" hai1="66,0,19,101,70,91,81,31,25,118,4,39,60" hai2="74,76,102,2,16,12,134,6,27,62,94,97,72" hai3="50,68,17,127,52,79,59,20,124,58,15,63,116"/><U69/><E118/><V130/><F134/><W53/><G116/><T9/><D117/><U35/><E39/><V82/><F130/><W38/><G38/><T10/><D71/><U131/><E131/><V43/><F27/><W61/><REACH who="3" step="1"/><G79/><REACH who="3" ten="250,263,260,217" step="2"/><T67/><D123/><U56/><E0/><V36/><F36/><W21/><G21/><T13/><D3/><U5/><E69/><V105/><F2/><W114/><G114/><T49/><D37/><U73/><E70/><V110/><F110/><W55/><G55/><T84/><D111/><U80/><E35/><V121/><F43/><W98/><G98/><T103/><D67/><AGARI ba="0,1" hai="15,17,20,50,52,53,58,59,61,63,67,68,124,127" machi="67" ten="40,5200,0" yaku="1,1,54,1,53,1" doraHai="93" doraHaiUra="64" who="3" fromWho="0" sc="250,-52,263,0,260,0,217,62" /><INIT seed="2,0,0,0,0,56" ten="198,263,260,279" oya="2" hai0="114,67,105,89,131,77,47,129,122,88,79,19,99" hai1="82,51,75,133,96,15,95,93,40,55,119,92,23" hai2="20,84,71,64,59,32,16,76,113,24,53,121,90" hai3="74,102,100,44,124,18,29,36,128,4,6,115,41"/><V30/><F113/><W28/><G74/><T0/><D0/><U66/><E119/><V126/><F121/><W38/><G128/><N who="0" m="49227" /><D67/><U101/><E133/><V91/><F126/><W10/><G18/><T33/><D47/><U103/><E40/><V21/><F32/><W13/><G124/><T72/><D19/><N who="1" m="10751" /><E75/><V7/><F7/><W68/><G68/><T86/><D33/><U45/><E103/><V65/><F76/><N who="0" m="29258" /><D122/><U34/><E34/><V22/><F22/><W9/><G115/><T57/><D57/><U132/><E132/><V116/><F71/><W54/><G41/><T81/><D114/><U1/><E1/><V43/><F91/><W31/><G38/><T117/><D117/><U118/><E118/><V111/><F111/><W63/><G36/><T25/><D25/><U48/><E82/><N who="2" m="49431" /><F43/><W94/><G6/><T58/><D58/><U70/><E70/><V14/><F116/><W112/><G4/><T12/><D12/><U123/><E123/><V135/><F135/><W87/><G13/><T109/><D72/><U97/><E66/><V80/><F80/><W62/><G112/><T120/><D120/><U26/><E26/><V104/><F104/><W83/><G83/><T130/><N who="0" m="49235" /><T73/><DORA hai="17" /><D73/><U8/><E8/><V35/><F35/><W49/><G10/><T85/><D109/><U50/><E101/><N who="3" m="39018" /><G9/><T108/><D108/><U3/><E3/><V107/><F107/><W134/><G134/><T127/><D127/><U125/><E125/><V61/><AGARI ba="0,0" hai="14,16,20,21,24,30,53,59,61,64,65" m="49431" machi="61" ten="30,12000,1" yaku="8,1,52,3,54,1" doraHai="56,17" who="2" fromWho="2" sc="198,-40,263,-40,260,120,279,-40" /><INIT seed="2,1,0,0,3,8" ten="158,223,380,239" oya="2" hai0="48,131,12,1,132,94,83,110,23,59,78,92,21" hai1="24,96,100,75,13,49,105,9,129,76,123,88,40" hai2="89,86,55,124,3,53,38,51,29,107,111,34,37" hai3="42,68,119,133,47,84,128,4,69,28,62,109,26"/><V130/><F3/><W114/><G119/><T113/><D1/><U117/><E117/><V73/><F73/><W95/><G109/><T135/><D113/><U39/><E39/><V97/><F130/><W25/><G133/><N who="0" m="51275" /><D110/><U112/><E112/><V44/><F111/><W57/><G26/><T46/><D59/><U45/><E129/><V98/><F124/><W2/><G4/><T17/><D131/><U31/><E123/><V121/><F121/><W118/><G2/><T72/><D21/><U116/><E116/><V7/><F7/><W74/><G74/><T61/><D61/><U67/><E67/><V56/><F29/><W108/><G108/><T99/><D99/><U22/><E76/><V104/><F34/><W27/><G62/><T54/><AGARI ba="1,0" hai="12,17,23,46,48,54,72,78,83,92,94" m="51275" machi="54" ten="30,2000,0" yaku="20,1,52,1" doraHai="8" who="0" fromWho="0" sc="158,23,223,-6,380,-11,239,-6" /><INIT seed="3,0,0,2,1,135" ten="181,217,369,233" oya="3" hai0="98,76,134,63,43,86,99,28,94,88,67,65,40" hai1="77,80,29,85,39,46,34,114,52,122,18,1,16" hai2="123,90,56,49,79,68,59,127,125,11,71,38,95" hai3="21,8,120,97,66,7,23,0,72,36,32,9,48"/><W96/><G36/><T14/><D134/><U129/><E114/><V42/><F79/><W20/><G120/><T2/><D2/><U101/><E122/><V117/><F11/><W13/><G72/><T131/><D131/><U4/><E129/><V92/><F117/><W25/><G66/><T10/><D28/><U60/><E101/><V12/><F12/><W132/><G48/><T61/><D76/><U15/><E1/><V45/><F95/><W128/><G97/><T111/><D111/><U55/><E4/><V57/><F123/><W105/><G96/><N who="0" m="36907" /><D67/><U62/><E34/><V100/><F100/><W113/><G105/><T112/><D112/><U27/><E39/><V54/><F92/><W30/><G128/><T115/><D115/><U69/><E69/><N who="2" m="26699" /><F90/><W17/><G113/><T84/><D84/><U106/><E106/><V33/><F33/><W26/><G132/><T103/><D103/><U89/><E77/><V102/><F102/><W133/><G133/><T82/><D94/><U93/><E93/><V116/><F116/><W51/><G51/><T87/><D87/><U78/><E78/><V24/><F24/><AGARI ba="0,0" hai="0,7,8,9,13,17,20,21,23,24,25,26,30,32" machi="24" ten="40,18000,2" yaku="35,6" doraHai="135" who="3" fromWho="2" sc="181,0,217,0,369,-180,233,180" /><INIT seed="3,1,0,4,0,43" ten="181,217,189,413" oya="3" hai0="47,109,30,132,56,29,120,33,21,102,15,117,133" hai1="77,32,123,95,115,3,86,50,9,92,66,31,135" hai2="73,82,75,79,64,34,112,74,65,10,48,14,78" hai3="59,127,62,94,23,80,40,72,68,114,103,100,108"/><W37/><G114/><T22/><D102/><U49/><E123/><V44/><F34/><W8/><G127/><T11/><D56/><U83/><E115/><V118/><F112/><W57/><G68/><T121/><D47/><U46/><E135/><N who="0" m="51785" /><D117/><U96/><E66/><V53/><F118/><W6/><G23/><N who="0" m="8715" /><D109/><U35/><E50/><V122/><F122/><N who="0" m="47210" /><D33/><U89/><E95/><V87/><REACH who="2" step="1"/><F78/><REACH who="2" ten="181,217,179,413" step="2"/><W25/><G108/><T52/><D52/><U63/><E32/><V125/><F125/><W18/><G40/><T76/><D76/><U90/><E35/><V134/><F134/><W58/><G62/><T7/><AGARI ba="1,1" hai="7,11,15,29,30" m="47210,8715,51785" machi="7" ten="40,5200,0" yaku="20,1,34,2" doraHai="43" who="0" fromWho="0" sc="181,65,217,-14,179,-14,413,-27" /><INIT seed="4,0,0,3,5,125" ten="246,203,165,386" oya="0" hai0="75,81,79,12,7,132,15,18,45,60,57,74,121" hai1="71,59,4,101,0,100,123,20,133,109,49,128,42" hai2="55,110,68,9,50,28,61,40,114,131,16,115,116" hai3="106,26,91,69,46,127,82,56,29,24,78,97,30"/><T3/><D121/><U129/><E71/><V73/><F73/><W76/><G69/><T107/><D132/><U14/><E123/><V118/><F110/><W105/><G46/><T10/><D107/><U66/><E109/><V94/><F28/><W39/><G39/><T92/><D92/><U21/><E0/><V54/><F94/><W52/><G127/><T96/><D96/><U72/><E72/><V53/><F16/><W27/><G106/><T37/><D74/><U122/><E122/><V95/><F9/><W135/><G135/><T22/><D22/><U58/><E133/><V11/><F11/><W19/><G19/><T80/><D80/><U130/><E21/><V1/><F95/><N who="3" m="56575" /><G105/><T84/><D84/><U111/><E111/><V17/><F17/><W2/><G2/><T64/><REACH who="0" step="1"/><D18/><REACH who="0" ten="236,203,165,386" step="2"/><N who="1" m="10327" /><E4/><V63/><F1/><W98/><G98/><T120/><D120/><U41/><E100/><V13/><F13/><W88/><G30/><T25/><D25/><U67/><E101/><V134/><F134/><W90/><G29/><T31/><D31/><U77/><E77/><N who="3" m="29802" /><G82/><T85/><D85/><U124/><E124/><V113/><F68/><W43/><G27/><T112/><D112/><U32/><E32/><V47/><REACH who="2" step="1"/><F131/><REACH who="2" ten="236,203,155,386" step="2"/><W93/><G93/><T86/><D86/><U102/><E102/><V70/><F70/><W33/><G33/><T38/><D38/><U36/><E36/><V65/><F65/><W5/><G26/><T44/><D44/><U87/><E67/><V89/><F89/><W23/><G90/><T126/><D126/><U108/><E108/><RYUUKYOKU ba="0,2" sc="236,15,203,-15,155,15,386,-15" hai0="3,7,10,12,15,37,45,57,60,64,75,79,81" hai2="40,47,50,53,54,55,61,63,113,114,115,116,118" /><INIT seed="4,1,2,2,3,85" ten="251,188,170,371" oya="0" hai0="57,122,99,29,8,88,84,104,42,93,83,87,62" hai1="27,70,9,33,101,106,52,55,125,45,112,120,109" hai2="129,123,78,2,53,67,113,17,71,15,64,102,119" hai3="118,14,10,79,3,11,110,0,19,26,5,22,23"/><T63/><D122/><U25/><E120/><V117/><F123/><W56/><G79/><T6/><D104/><U98/><E109/><V65/><F2/><N who="3" m="311" /><G56/><T43/><D29/><U35/><E70/><V132/><F78/><W111/><G118/><N who="2" m="45065" /><F71/><W95/><G95/><T94/><D63/><U24/><E125/><V86/><F102/><W38/><G38/><T100/><D8/><U44/><E112/><V124/><F124/><W41/><G41/><T4/><D43/><U75/><E75/><V66/><N who="2" m="16384" /><DORA hai="103" /><V108/><F108/><N who="3" m="41515" /><G23/><T134/><D134/><U92/><E9/><N who="2" m="6383" /><F132/><W21/><G21/><T37/><D37/><U128/><E106/><V69/><F69/><W1/><G1/><T30/><D30/><AGARI ba="1,2" hai="0,3,11,14,19,22,26,30" m="41515,311" machi="30" ten="30,2000,0" yaku="34,2" doraHai="85,103" who="3" fromWho="0" sc="251,-23,188,0,170,0,371,43" /><INIT seed="5,0,0,0,1,69" ten="228,188,170,414" oya="1" hai0="95,18,39,1,28,66,129,123,5,71,2,109,72" hai1="9,53,67,31,103,134,79,94,26,10,3,41,51" hai2="77,88,55,63,65,124,29,24,23,122,135,64,73" hai3="112,99,113,34,21,7,97,82,107,110,47,68,117"/><U114/><E114/><V87/><F122/><W105/><G110/><T46/><D72/><U59/><E134/><V52/><F135/><W121/><G117/><T54/><D109/><U75/><E3/><V70/><F124/><W102/><G121/><T96/><D123/><U130/><E130/><V76/><F65/><W131/><G47/><T81/><D129/><U120/><E120/><V13/><F73/><W17/><G34/><T27/><D18/><U20/><E79/><V35/><F35/><W118/><G118/><T40/><D54/><U14/><E75/><V22/><F77/><W126/><G7/><T86/><D5/><U58/><E14/><V57/><F76/><W25/><G68/><T12/><D12/><U111/><E41/><V0/><F0/><W48/><G82/><T15/><D15/><U4/><E4/><V80/><F70/><W133/><G126/><T115/><D115/><U127/><E111/><V78/><F78/><W33/><G33/><T104/><D86/><U19/><E19/><AGARI ba="0,0" hai="13,19,22,23,24,29,52,55,57,63,64,80,87,88" machi="19" ten="40,5200,0" yaku="8,1,54,2" doraHai="69" who="2" fromWho="1" sc="228,0,188,-52,170,52,414,0" /><INIT seed="6,0,0,3,4,29" ten="228,136,222,414" oya="2" hai0="75,87,23,46,88,121,36,101,68,131,84,22,109" hai1="105,25,98,108,82,4,104,59,49,9,63,130,58" hai2="60,71,3,10,113,129,134,34,100,93,106,51,62" hai3="47,120,61,80,65,72,64,123,132,118,15,52,18"/><V125/><F93/><W117/><G72/><T126/><D68/><U81/><E108/><V32/><F51/><W8/><G132/><T27/><D121/><U6/><E130/><V85/><F85/><W24/><G65/><T21/><D109/><U28/><E49/><V110/><F62/><W76/><G24/><T38/><D75/><U89/><E58/><V97/><F60/><W45/><G52/><T17/><D126/><U53/><E105/><V44/><F44/><W119/><G47/><T42/><D131/><U114/><E114/><V83/><F83/><W86/><REACH who="3" step="1"/><G45/><REACH who="3" ten="228,136,222,404" step="2"/><T133/><D133/><U31/><E31/><V56/><F134/><W103/><G103/><T41/><D101/><U115/><E115/><V19/><F100/><W57/><AGARI ba="0,1" hai="8,15,18,57,61,64,76,80,86,117,118,119,120,123" machi="57" ten="30,4000,0" yaku="1,1,0,1,53,1" doraHai="29" doraHaiUra="55" who="3" fromWho="3" sc="228,-10,136,-10,222,-20,404,50" /><INIT seed="7,0,0,1,4,30" ten="218,126,202,454" oya="3" hai0="88,109,94,32,42,48,3,84,82,28,107,45,44" hai1="99,96,9,128,53,13,113,116,117,131,18,38,46" hai2="119,47,15,118,122,132,35,106,24,103,86,12,6" hai3="133,11,108,33,92,39,19,134,2,66,0,127,67"/><W10/><G127/><T52/><D3/><U114/><E53/><V102/><F47/><W72/><G92/><T120/><D120/><U61/><E46/><V105/><F122/><W64/><G19/><T74/><D107/><U43/><E61/><V71/><F6/><W78/><G78/><T4/><D4/><U49/><E49/><V40/><F24/><W8/><G108/><T73/><D109/><U100/><E43/><V1/><F86/><W110/><G110/><T25/><REACH who="0" step="1"/><D82/><REACH who="0" ten="208,126,202,454" step="2"/><U126/><E38/><AGARI ba="0,1" hai="25,28,32,38,42,44,45,48,52,73,74,84,88,94" machi="38" ten="30,12000,2" yaku="1,1,2,1,7,1,52,1,54,2,53,0" doraHai="30" doraHaiUra="5" who="0" fromWho="1" sc="208,130,126,-120,202,0,454,0" owari="338,14.0,6,-49.0,202,-20.0,454,55.0" /></mjloggm>