<mjloggm ver="2.3"><GO type="41" lobby="0"/><UN n0="%E3%81%92%E3%81%99%E3%81%AA%E3%83%BC" n1="%63%69%64%72%65" n2="%E3%83%92%E3%83%9E%E3%83%A9%E3%83%A4%E3%83%B3" n3="%E2%93%9D%53%75%70%68%78" dan="13,14,14,17" rate="1862.04,1918.32,1949.50,2044.44" sx="M,F,M,M"/><TAIKYOKU oya="0"/><INIT seed="0,0,0,5,2,57" ten="250,250,250,250" oya="0" hai0="123,17,30,27,113,109,44,52,71,59,11,128,101" hai1="134,32,115,24,111,53,21,49,79,13,103,56,15" hai2="76,70,43,100,93,66,10,51,38,108,127,6,23" hai3="121,9,99,98,110,8,25,58,1,119,120,48,34"/><T96/><D113/><U132/><E111/><V14/><F38/><W60/><G119/><T7/><D123/><N who="3" m="47177" /><G48/><T64/><D109/><U16/><E115/><V75/><F127/><W41/><G41/><T90/><D17/><U85/><E103/><V133/><F133/><N who="1" m="51305" /><E32/><V112/><F112/><W12/><G1/><T29/><D44/><U102/><E102/><V125/><F125/><W67/><G110/><T80/><D128/><U117/><E117/><V118/><F108/><W40/><G40/><T105/><D90/><U78/><E78/><V129/><F51/><W2/><G2/><T54/><D80/><AGARI ba="0,0" hai="13,15,16,21,24,49,53,56,79,80,85" m="51305" machi="80" ten="30,2000,0" yaku="20,1,54,1" doraHai="57" who="1" fromWho="0" sc="250,-20,250,20,250,0,250,0" /><INIT seed="1,0,0,4,3,92" ten="230,270,250,250" oya="1" hai0="35,98,101,7,114,130,16,55,115,19,132,57,41" hai1="80,72,34,108,1,76,17,29,65,106,66,68,10" hai2="107,109,15,122,6,28,48,58,3,4,84,88,56" hai3="128,119,60,31,125,24,111,8,44,47,64,133,82"/><U43/><E65/><V120/><F109/><W85/><G111/><T13/><D35/><U39/><E17/><V83/><F107/><W110/><G110/><T105/><D132/><U86/><E86/><V129/><F129/><W22/><G125/><T73/><D73/><U113/><E113/><V20/><F3/><W121/><G121/><T94/><D130/><U81/><E81/><V53/><F122/><W99/><G119/><T59/><D41/><U117/><E117/><V77/><F120/><W32/><G32/><T12/><D7/><N who="1" m="1391" /><E108/><V5/><F77/><W69/><G133/><T51/><D59/><U96/><E43/><V42/><F42/><W50/><G8/><T124/><D124/><U49/><E49/><V11/><REACH who="2" step="1"/><F56/><REACH who="2" ten="230,270,240,250" step="2"/><W25/><G128/><T61/><D105/><U79/><E79/><V75/><F75/><W100/><G47/><T112/><D112/><U46/><E46/><V14/><F14/><W91/><G44/><T103/><D115/><U67/><E67/><V40/><F40/><W33/><G64/><T36/><D114/><U45/><E45/><V89/><F89/><W95/><G91/><T70/><D36/><U118/><E118/><V127/><F127/><W93/><G69/><T62/><D70/><U102/><E39/><V134/><F134/><W126/><G126/><T21/><D103/><U26/><E66/><V104/><F104/><W123/><G123/><T0/><D0/><U90/><E90/><V74/><F74/><W37/><G37/><T27/><D12/><U52/><E52/><V9/><F9/><AGARI ba="0,1" hai="9,13,16,19,21,27,51,55,57,61,62,94,98,101" machi="9" ten="30,7700,0" yaku="7,1,8,1,52,1,54,1" doraHai="92" who="0" fromWho="2" sc="230,87,270,0,240,-77,250,0" /><INIT seed="2,0,0,5,2,87" ten="317,270,163,250" oya="2" hai0="93,17,65,91,100,70,92,39,90,29,98,32,113" hai1="97,59,72,131,108,22,135,42,19,69,123,13,118" hai2="112,84,126,114,66,46,30,122,54,23,125,74,53" hai3="25,3,82,27,36,7,95,102,107,67,12,44,132"/><V73/><F122/><W80/><G107/><T85/><D39/><U10/><E118/><V83/><F66/><W106/><G106/><T5/><D5/><U57/><E135/><V9/><F9/><W128/><G3/><T31/><D32/><U68/><E131/><V116/><F116/><W45/><G67/><T105/><D113/><N who="2" m="43626" /><F46/><W51/><G45/><T48/><D48/><U78/><E123/><V28/><F23/><W24/><G36/><T77/><D77/><U86/><E42/><V43/><F43/><W58/><G132/><T55/><D55/><N who="2" m="21002" /><F84/><W34/><G44/><T75/><D75/><N who="2" m="28682" /><F83/><W99/><G82/><T2/><D2/><U64/><E72/><V96/><F96/><W81/><G81/><T101/><D101/><U89/><E64/><V71/><F71/><W130/><G80/><T110/><D65/><U76/><E68/><V88/><F88/><W119/><G119/><T0/><D70/><U50/><E69/><V124/><AGARI ba="0,0" hai="28,30,124,125,126" m="28682,21002,43626" machi="124" ten="40,7800,0" yaku="28,2,18,1" doraHai="87" who="2" fromWho="2" sc="317,-26,270,-26,163,78,250,-26" /><INIT seed="2,1,0,4,0,128" ten="291,244,241,224" oya="2" hai0="62,15,134,29,92,69,100,132,33,9,3,47,19" hai1="32,97,95,89,90,101,108,129,116,82,41,83,11" hai2="18,85,112,66,44,81,93,74,27,51,121,31,38" hai3="26,52,61,8,30,39,2,67,63,76,34,14,21"/><V118/><F112/><W111/><G39/><T109/><D3/><U22/><E32/><V56/><F121/><W88/><G76/><T99/><D109/><U73/><E11/><V120/><F120/><W106/><G106/><T50/><D33/><U104/><E22/><V119/><F38/><W68/><G111/><T43/><REACH who="0" step="1"/><D29/><REACH who="0" ten="281,244,241,224" step="2"/><U58/><E108/><V49/><F31/><W87/><G2/><T64/><AGARI ba="1,1" hai="9,15,19,43,47,50,62,64,69,92,99,100,132,134" machi="64" ten="30,8000,1" yaku="1,1,2,1,0,1,52,2,53,0" doraHai="128" doraHaiUra="117" who="0" fromWho="0" sc="281,93,244,-21,241,-41,224,-21" /><INIT seed="3,0,0,5,4,0" ten="374,223,200,203" oya="3" hai0="5,109,17,57,122,132,102,66,117,9,36,61,131" hai1="118,51,16,13,18,60,126,52,41,24,50,6,7" hai2="64,39,4,2,106,8,54,85,112,69,111,10,134" hai3="72,104,45,53,47,135,11,27,74,101,75,87,128"/><W105/><G128/><T82/><D36/><U37/><E126/><V59/><F112/><W38/><G135/><T30/><D30/><U107/><E107/><V28/><F111/><W15/><G27/><T32/><D32/><U23/><E37/><V94/><F106/><W108/><G108/><T65/><D102/><U125/><E125/><V20/><F64/><W99/><G105/><T21/><D122/><U71/><E71/><V92/><F69/><W113/><G113/><T78/><D132/><U58/><E118/><V96/><F10/><W88/><G53/><T43/><D43/><U26/><E41/><V127/><F39/><W67/><G67/><T76/><D76/><U22/><E13/><V46/><F46/><W130/><G130/><T114/><D114/><U33/><E33/><V56/><F54/><W81/><REACH who="3" step="1"/><G38/><REACH who="3" ten="374,223,200,193" step="2"/><T123/><D109/><U89/><E89/><V42/><F134/><W115/><G115/><T19/><D66/><U3/><E3/><V121/><F127/><W31/><G31/><T93/><D65/><U35/><E35/><V14/><F2/><W80/><G80/><T48/><D82/><U119/><E119/><V25/><F28/><W44/><G44/><T86/><D117/><U110/><E110/><V55/><F25/><W120/><G120/><T124/><D123/><U98/><E98/><V79/><F96/><W97/><G97/><T116/><D116/><U70/><E70/><V133/><F121/><W12/><G12/><T129/><D124/><U77/><E77/><V63/><F133/><W91/><G91/><T90/><D131/><RYUUKYOKU ba="0,1" sc="374,-15,223,15,200,-15,193,15" hai1="6,7,16,18,22,23,24,26,50,51,52,58,60" hai3="11,15,45,47,72,74,75,81,87,88,99,101,104" /><INIT seed="3,1,1,3,5,47" ten="359,238,185,208" oya="3" hai0="34,52,56,88,42,70,132,1,58,5,92,25,21" hai1="120,17,90,13,84,91,101,110,50,41,30,37,71" hai2="114,130,115,48,97,113,129,66,12,2,79,43,75" hai3="57,123,112,106,73,127,32,54,125,133,78,74,62"/><W94/><G106/><T0/><D70/><U96/><E71/><V51/><F2/><W14/><G123/><T15/><D34/><U109/><E37/><V77/><F43/><W93/><G112/><T103/><D42/><U60/><E30/><V65/><F97/><W35/><G14/><T116/><D58/><U100/><E60/><V89/><F89/><W99/><G133/><T3/><D116/><U85/><E120/><V119/><F12/><W20/><G20/><T64/><D64/><N who="2" m="24682" /><F75/><N who="3" m="28683" /><G78/><N who="2" m="29705" /><F119/><W4/><G4/><T19/><D103/><U26/><E26/><V69/><F69/><W98/><G98/><T124/><D132/><U6/><E6/><V16/><F16/><W33/><G99/><T135/><D135/><U82/><E96/><V10/><F10/><W128/><G128/><AGARI ba="1,1" hai="48,51,113,114,115,128,129,130" m="29705,24682" machi="128" ten="40,8000,1" yaku="28,2,19,1,52,2" doraHai="47" who="2" fromWho="3" sc="359,0,238,0,185,93,208,-83" /><INIT seed="4,0,0,0,2,52" ten="359,238,278,125" oya="0" hai0="27,23,51,114,134,97,74,89,99,34,98,64,133" hai1="80,105,109,5,73,25,121,1,11,43,12,49,88" hai2="67,94,32,30,106,45,44,86,102,96,56,72,70" hai3="128,123,63,55,92,20,85,47,101,107,50,42,65"/><T119/><D34/><U38/><E105/><V71/><F72/><W39/><G107/><T113/><D74/><U129/><E121/><V112/><F112/><N who="0" m="43114" /><D64/><U131/><E109/><V9/><F9/><W79/><G128/><N who="1" m="49226" /><E49/><V124/><F124/><W87/><G123/><T59/><D89/><U6/><E25/><N who="2" m="18511" /><F56/><W8/><G79/><T13/><D13/><U110/><E110/><V111/><F71/><W104/><G104/><T118/><D59/><U126/><E126/><V84/><F111/><W135/><G87/><N who="2" m="33321" /><F94/><W29/><G92/><T15/><D15/><U83/><E12/><V125/><F125/><W22/><G85/><T100/><D51/><U24/><E24/><V53/><F53/><W93/><G55/><T69/><D69/><U7/><E80/><V60/><AGARI ba="0,0" hai="44,45,60,67,70,96,102,106" m="33321,18511" machi="60" ten="30,1100,0" yaku="25,1" doraHai="52" who="2" fromWho="2" sc="359,-5,238,-3,278,11,125,-3" /><INIT seed="5,0,0,3,4,21" ten="354,235,289,122" oya="1" hai0="59,19,75,108,31,5,92,112,51,82,25,40,44" hai1="17,20,73,11,24,81,125,39,13,30,3,78,1" hai2="86,34,83,120,15,47,36,0,100,41,114,23,85" hai3="18,60,90,128,102,67,52,79,42,74,135,32,122"/><U129/><E39/><V117/><F120/><W123/><G128/><T10/><D108/><U133/><E125/><V54/><F117/><W12/><G135/><T96/><D19/><U103/><E133/><V111/><F111/><W95/><G42/><T93/><D93/><U27/><E129/><V2/><F34/><W80/><G102/><T57/><D75/><U130/><E130/><V9/><F100/><W124/><G32/><T99/><D96/><U101/><E101/><V107/><F107/><W116/><G124/><T7/><D82/><U88/><E103/><V50/><F23/><W43/><G43/><T98/><D98/><U109/><E109/><V8/><F8/><W56/><G67/><T61/><D5/><U63/><E63/><V87/><F83/><W45/><G45/><T37/><D37/><U28/><E88/><V119/><F119/><W48/><G60/><T76/><D76/><U72/><E72/><V134/><F134/><W94/><G94/><T131/><D92/><U68/><E68/><V16/><REACH who="2" step="1"/><F114/><REACH who="2" ten="354,235,279,122" step="2"/><W118/><G118/><T113/><D113/><U33/><AGARI ba="0,1" hai="1,3,11,13,17,20,24,27,28,30,33,73,78,81" machi="33" ten="20,7800,0" yaku="0,1,7,1,52,2" doraHai="21" who="1" fromWho="1" sc="354,-26,235,88,279,-26,122,-26" /><INIT seed="5,1,0,3,1,27" ten="328,323,253,96" oya="1" hai0="70,48,64,117,63,10,32,37,99,21,108,87,3" hai1="91,110,57,92,84,101,125,29,119,127,134,103,124" hai2="66,26,72,24,23,96,20,78,25,30,98,41,107" hai3="34,33,74,19,11,2,88,86,131,14,123,73,130"/><U116/><E57/><V44/><F66/><W40/><G40/><T109/><D37/><U65/><E65/><V93/><F107/><W9/><G123/><T126/><D117/><N who="1" m="45131" /><E134/><V115/><F115/><W17/><G86/><T7/><D32/><U61/><E61/><V94/><F78/><W81/><G81/><T50/><D126/><U82/><E29/><V13/><F72/><W90/><REACH who="3" step="1"/><G14/><REACH who="3" ten="328,323,253,86" step="2"/><T18/><D87/><N who="1" m="52351" /><E110/><V42/><F13/><W76/><G76/><AGARI ba="1,1" hai="76,82,84,101,103,124,125,127" m="52351,45131" machi="76" ten="40,7700,0" yaku="18,1,34,2" doraHai="27" who="1" fromWho="3" sc="328,0,323,90,253,0,86,-80" /><INIT seed="5,2,0,4,0,7" ten="328,413,253,6" oya="1" hai0="35,114,6,79,1,59,47,116,132,89,40,95,14" hai1="31,54,56,29,58,3,66,100,125,49,101,12,93" hai2="13,92,115,122,71,16,33,99,131,24,27,105,69" hai3="104,86,112,130,65,22,80,109,37,28,17,129,74"/><U62/><E3/><V10/><F122/><W19/><G104/><T32/><D116/><U61/><E125/><V87/><F131/><N who="3" m="50187" /><G74/><T81/><D59/><U94/><E12/><V83/><F105/><W34/><G37/><T76/><D76/><U25/><E49/><V124/><F115/><W118/><G65/><T126/><D132/><U85/><E85/><V78/><F124/><W4/><G86/><T11/><D114/><U121/><E121/><V42/><F42/><W128/><N who="3" m="50195" /><W84/><DORA hai="107" /><G112/><T5/><D5/><U8/><E66/><V113/><F113/><W30/><G109/><T90/><D90/><U72/><E72/><V23/><F33/><W98/><G98/><T88/><D89/><U134/><E134/><V55/><F55/><W51/><G34/><T39/><D14/><U18/><E54/><V15/><F15/><N who="3" m="9535" /><G4/><T2/><D2/><U52/><E52/><V111/><F111/><W57/><G19/><T48/><D48/><U77/><E77/><V44/><F44/><W133/><G118/><T38/><D38/><U53/><E53/><V110/><F110/><W108/><G108/><T91/><D91/><U64/><E64/><V36/><F36/><W63/><G51/><T41/><D41/><U26/><E18/><V117/><F117/><W127/><G127/><T9/><D126/><U0/><E0/><V20/><F71/><W50/><G50/><T43/><D43/><U123/><E123/><V67/><F69/><W68/><G68/><T120/><D120/><U73/><E73/><V75/><F75/><W70/><G133/><RYUUKYOKU ba="2,0" sc="328,-10,413,30,253,-10,6,-10" hai1="8,25,26,29,31,56,58,61,62,93,94,100,101" owari="318,12.0,443,54.0,243,-16.0,-4,-50.0" /></mjloggm>