<mjloggm ver="2.3"><GO type="41" lobby="0"/><UN n0="%79%6F%5F%63%68%79%61%6E" n1="%4D%75%67%67" n2="%E2%93%9D%53%75%70%68%78" n3="%E5%88%9D%E5%BF%83%E8%80%85%E3%81%AE%E3%83%88%E3%83%A0" dan="14,14,17,15" rate="1894.76,1916.44,2002.21,1978.56" sx="M,M,M,M"/><TAIKYOKU oya="0"/><INIT seed="0,0,0,2,4,109" ten="250,250,250,250" oya="0" hai0="17,51,128,41,114,7,112,78,49,70,42,20,54" hai1="80,126,103,131,43,108,40,16,60,63,2,117,8" hai2="15,86,79,24,36,30,71,82,99,50,95,11,62" hai3="118,127,106,48,110,53,27,130,84,4,104,69,123"/><T32/><D70/><U107/><E117/><V129/><F129/><W96/><G118/><T87/><D32/><U47/><E108/><V25/><F36/><W66/><G110/><T115/><D7/><U90/><E126/><V37/><F37/><W0/><G127/><T12/><D128/><U67/><E131/><V98/><F98/><W5/><G5/><T21/><D21/><U68/><E63/><V57/><F50/><W23/><G84/><T135/><D49/><U94/><E80/><V83/><F83/><W102/><G130/><T113/><N who="0" m="28672" /><DORA hai="13" /><T19/><D135/><U35/><E35/><V120/><F71/><W33/><G33/><T134/><D134/><U65/><E65/><V81/><F120/><W18/><G66/><T88/><D78/><U77/><E77/><V28/><F28/><W38/><G38/><T92/><REACH who="0" step="1"/><D19/><REACH who="0" ten="240,250,250,250" step="2"/><U45/><E68/><V125/><F125/><W91/><G69/><T46/><AGARI ba="0,1" hai="12,17,20,41,42,46,51,54,87,88,92" m="28672" machi="46" ten="60,24000,3" yaku="1,1,2,1,0,1,52,5,54,1,53,0" doraHai="109,13" doraHaiUra="121,31" who="0" fromWho="0" sc="240,250,250,-80,250,-80,250,-80" /><INIT seed="0,1,0,2,0,0" ten="490,170,170,170" oya="0" hai0="39,121,84,124,109,28,27,101,117,73,95,132,118" hai1="123,129,4,2,93,9,112,21,34,134,113,7,62" hai2="81,102,10,71,51,30,72,6,100,43,74,92,126" hai3="91,23,24,50,115,82,41,67,20,97,59,78,13"/><T127/><D39/><U35/><E123/><V14/><F71/><W22/><G115/><N who="1" m="44106" /><E129/><V31/><F126/><N who="0" m="48170" /><D73/><U46/><E134/><V119/><F119/><N who="0" m="45578" /><D28/><U125/><E125/><V19/><F74/><W66/><G97/><N who="0" m="59583" /><D27/><U37/><E93/><V56/><F92/><W15/><G91/><T69/><D69/><U105/><E37/><V42/><F31/><W83/><G24/><T111/><D121/><U33/><E105/><V76/><F30/><W48/><G78/><T110/><D84/><U75/><E75/><V54/><F102/><W55/><G67/><T5/><D5/><N who="1" m="1207" /><E62/><V106/><REACH who="2" step="1"/><F6/><REACH who="2" ten="490,170,160,170" step="2"/><N who="1" m="2089" /><E46/><V12/><F12/><N who="3" m="4683" /><G66/><T85/><D85/><U49/><E49/><V99/><AGARI ba="1,1" hai="10,14,19,42,43,51,54,56,72,76,81,99,100,106" machi="99" ten="30,2000,0" yaku="1,1,0,1,53,0" doraHai="0" doraHaiUra="86" who="2" fromWho="2" sc="490,-11,170,-6,160,33,170,-6" /><INIT seed="1,0,0,2,1,130" ten="479,164,193,164" oya="1" hai0="133,17,4,71,11,96,101,36,52,6,81,115,5" hai1="53,94,51,134,97,70,88,61,109,91,119,62,39" hai2="31,93,87,47,67,98,33,110,41,83,69,49,123" hai3="21,58,77,102,121,13,23,117,10,12,66,2,111"/><U42/><E119/><V8/><F110/><W128/><G121/><T120/><D115/><U92/><E109/><V20/><F33/><W27/><G111/><T60/><D120/><U124/><E124/><V57/><F69/><W1/><G77/><T64/><D36/><U116/><E116/><V107/><F107/><W18/><G117/><T40/><D40/><U7/><E7/><V126/><F8/><N who="3" m="6407" /><G58/><T85/><D133/><U76/><E76/><V122/><F126/><W3/><G66/><T15/><D52/><U103/><E134/><V72/><F72/><W48/><G48/><T9/><D81/><U14/><E14/><V129/><F129/><W26/><G102/><T0/><REACH who="0" step="1"/><D85/><REACH who="0" ten="469,164,193,164" step="2"/><U22/><E42/><V56/><F123/><W135/><G135/><T131/><D131/><U19/><E39/><V54/><F41/><W104/><G128/><T106/><AGARI ba="0,1" hai="0,4,5,6,9,11,15,17,60,64,71,96,101,106" machi="106" ten="20,2700,0" yaku="1,1,0,1,7,1,53,0" doraHai="130" doraHaiUra="86" who="0" fromWho="0" sc="469,37,164,-13,193,-7,164,-7" /><INIT seed="2,0,0,0,3,7" ten="506,151,186,157" oya="2" hai0="131,86,119,10,58,134,129,77,106,4,75,91,110" hai1="26,31,107,103,96,126,13,90,25,124,0,100,97" hai2="70,95,1,5,82,81,121,113,33,92,56,94,72" hai3="85,76,78,47,21,63,41,93,28,35,24,133,116"/><V3/><F70/><W101/><G116/><T120/><D58/><U130/><E0/><V104/><F33/><W64/><G35/><T118/><D10/><U55/><E130/><N who="0" m="49673" /><D4/><U22/><E90/><V14/><F104/><W135/><G133/><T79/><D120/><U62/><E13/><V98/><F113/><W67/><G67/><T117/><D106/><U6/><E6/><V109/><F72/><W84/><G84/><T20/><D20/><U34/><E62/><V9/><F109/><W59/><G85/><T8/><D8/><U115/><E55/><V54/><F121/><W71/><G71/><T12/><D12/><U83/><E115/><V49/><REACH who="2" step="1"/><F98/><REACH who="2" ten="506,151,176,157" step="2"/><N who="3" m="59599" /><G135/><T48/><D134/><U68/><E68/><V65/><F65/><W50/><AGARI ba="0,1" hai="21,24,28,41,47,50,59,63,64,76,78" m="59599" machi="50" ten="30,2000,0" yaku="25,1,8,1" doraHai="7" who="3" fromWho="3" sc="506,-5,151,-5,176,-10,157,30" /><INIT seed="3,0,0,5,0,106" ten="501,146,166,187" oya="3" hai0="109,105,16,112,133,101,87,92,6,134,59,83,98" hai1="13,99,130,12,116,72,32,125,102,54,115,25,9" hai2="22,107,41,1,27,3,110,36,96,47,67,135,7" hai3="4,75,30,24,100,28,73,79,81,10,78,123,70"/><W117/><G117/><T80/><D6/><U113/><E116/><V82/><F110/><W89/><G30/><T85/><D59/><U37/><E37/><V51/><F135/><N who="0" m="51722" /><D16/><U26/><E125/><V104/><F67/><W114/><G89/><N who="0" m="51431" /><D109/><U71/><E71/><V111/><F111/><W94/><G70/><T50/><D50/><U56/><E130/><V42/><F7/><W63/><G63/><T14/><D14/><U108/><E108/><V18/><F51/><W61/><G61/><T74/><D112/><U93/><E13/><V90/><F42/><W129/><G123/><T21/><D21/><U119/><E119/><V44/><F44/><W132/><G129/><T29/><D29/><U68/><E68/><V76/><F3/><W53/><G132/><T46/><D46/><U86/><E32/><V118/><F1/><W69/><G69/><T5/><D5/><U20/><E26/><V57/><F57/><W48/><G114/><T55/><D55/><U121/><E121/><V8/><F8/><W131/><G131/><T40/><D40/><U127/><E127/><V35/><F35/><W2/><G24/><T84/><D105/><U62/><E113/><V17/><F17/><W95/><G28/><T11/><D11/><U45/><E115/><V66/><F118/><W88/><G48/><T19/><D19/><U31/><E45/><V58/><F58/><W38/><G53/><T64/><D64/><U120/><E120/><V52/><F66/><W122/><G38/><T77/><AGARI ba="0,0" hai="74,77,83,84,85,92,98,101" m="51431,51722" machi="77" ten="30,7900,0" yaku="20,1,34,2,52,1" doraHai="106" who="0" fromWho="0" sc="501,79,146,-20,166,-20,187,-39" /><INIT seed="4,0,0,3,3,22" ten="580,126,146,148" oya="0" hai0="119,106,51,15,64,127,88,112,25,30,20,122,114" hai1="130,54,115,65,85,95,80,86,58,123,55,11,49" hai2="133,7,47,63,75,102,31,135,81,107,116,100,111" hai3="38,87,9,108,26,74,78,118,33,4,125,72,29"/><T90/><D106/><U99/><E123/><V43/><F111/><W45/><G118/><T56/><D122/><U94/><E130/><V35/><F7/><W131/><G108/><T0/><D0/><U40/><E40/><V128/><F128/><W105/><G105/><T62/><D119/><U91/><E115/><N who="0" m="44073" /><D127/><U101/><E65/><V71/><F116/><W79/><G79/><T16/><D51/><U18/><E55/><V13/><F13/><W44/><G131/><T84/><D84/><U70/><E70/><V134/><F107/><W120/><G125/><T89/><D89/><U68/><E68/><V1/><F1/><W39/><G120/><T53/><D64/><U42/><E42/><V73/><F73/><W8/><G87/><T109/><D109/><U82/><E85/><V24/><F75/><W83/><G74/><T76/><D76/><U117/><E117/><V52/><F81/><W61/><G61/><T92/><D92/><U97/><E86/><V77/><F77/><W129/><G129/><T60/><D60/><U3/><E3/><V50/><REACH who="2" step="1"/><F43/><REACH who="2" ten="580,126,136,148" step="2"/><W126/><G126/><T28/><D28/><U21/><REACH who="1" step="1"/><E11/><AGARI ba="0,1" hai="11,15,16,20,25,30,53,56,62,88,90" m="44073" machi="11" ten="30,11600,0" yaku="15,1,52,1,54,2" doraHai="22" who="0" fromWho="1" sc="580,126,126,-116,136,0,148,0" /><INIT seed="4,1,0,4,1,46" ten="706,10,136,148" oya="0" hai0="91,3,14,67,96,27,25,134,80,101,99,48,66" hai1="75,87,78,40,20,72,52,7,30,70,53,76,26" hai2="57,108,5,33,107,121,41,37,38,58,123,23,109" hai3="135,44,60,117,32,34,124,115,50,6,133,93,71"/><T47/><D134/><N who="3" m="51209" /><G117/><T16/><D3/><U11/><E70/><V85/><F85/><W79/><G124/><T105/><D67/><U51/><E40/><V17/><F5/><W98/><G79/><T8/><D66/><U90/><E75/><V100/><F100/><N who="3" m="60495" /><G115/><T19/><D19/><U129/><E129/><V130/><F107/><W125/><G125/><T114/><D114/><U84/><E53/><V29/><F41/><N who="3" m="24847" /><G71/><T45/><D45/><U63/><E72/><V83/><F130/><W1/><G60/><T102/><D91/><U119/><E119/><V39/><F109/><W128/><G128/><T73/><D80/><U62/><E78/><V122/><F83/><W10/><AGARI ba="1,0" hai="1,6,10,32,34" m="24847,60495,51209" machi="10" ten="30,2000,0" yaku="20,1,52,1" doraHai="46" who="3" fromWho="3" sc="706,-11,10,-6,136,-6,148,23" /><INIT seed="5,0,0,0,1,64" ten="695,4,130,171" oya="1" hai0="94,30,58,108,93,100,50,68,87,22,33,10,120" hai1="110,8,36,130,104,27,81,113,128,0,67,41,76" hai2="102,125,79,6,106,21,91,99,59,5,86,32,46" hai3="83,60,45,116,112,24,38,54,53,115,14,25,56"/><U95/><E104/><V71/><F32/><W3/><G3/><T101/><D120/><U51/><E113/><V23/><F71/><W126/><G83/><T75/><D108/><U105/><E105/><V109/><F109/><W47/><G14/><T121/><D121/><U9/><E110/><V13/><F125/><W42/><G126/><T63/><D75/><U11/><E67/><V69/><F69/><W18/><G18/><T80/><D33/><U20/><E95/><V29/><F79/><W1/><G1/><T103/><D68/><U89/><E89/><V55/><F46/><W57/><G45/><T62/><D10/><U134/><E134/><V124/><F29/><W117/><G24/><N who="0" m="16663" /><D50/><U65/><E65/><V2/><F2/><W12/><G12/><T118/><D118/><N who="3" m="45673" /><G25/><T19/><D19/><N who="1" m="12703" /><E36/><V72/><F124/><W107/><G107/><T129/><D129/><N who="1" m="49771" /><E0/><V78/><F106/><W97/><G97/><T85/><D85/><N who="1" m="48295" /><E51/><AGARI ba="0,0" hai="38,42,47,51,53,54,56,57,60,112,115" m="45673" machi="51" ten="30,3900,0" yaku="12,1,34,2" doraHai="64" who="3" fromWho="1" sc="695,0,4,-39,130,0,171,39" owari="695,80.0,-35,-54.0,130,-27.0,210,1.0" /></mjloggm>