<mjloggm ver="2.3"><GO type="41" lobby="0"/><UN n0="%E2%93%9D%53%75%70%68%78" n1="%E3%83%9F%E3%82%B9%E3%83%86%E3%82%A3%E3%82%B3" n2="%E5%81%A5%E5%9D%8A%EF%BC%91%EF%BC%92%EF%BC%93" n3="%E3%81%9D%E3%82%88%E9%A2%A8%E3%81%AE%E5%BE%AE%E7%AC%91%E3%81%BF" dan="17,14,14,15" rate="2082.11,1936.14,1959.38,2000.69" sx="M,M,M,M"/><TAIKYOKU oya="0"/><INIT seed="0,0,0,5,5,11" ten="250,250,250,250" oya="0" hai0="117,20,50,69,30,75,89,66,61,98,53,116,57" hai1="114,101,104,56,64,76,80,94,26,119,128,37,120" hai2="6,22,79,67,52,55,33,3,112,131,87,32,28" hai3="42,77,36,65,63,70,78,124,34,118,125,2,107"/><T133/><D75/><U72/><E56/><V83/><F112/><W8/><G34/><T16/><D30/><U39/><E64/><V122/><F122/><W93/><G107/><T38/><D133/><U19/><E119/><V48/><F131/><W123/><G118/><T17/><D17/><U10/><E120/><V43/><F67/><W51/><G123/><T73/><D73/><U15/><E114/><V105/><F105/><W21/><G93/><T129/><D129/><U90/><E128/><V0/><F3/><W25/><G36/><T127/><D127/><N who="3" m="48713" /><G42/><T100/><D89/><U59/><E26/><V99/><F99/><W13/><G2/><T14/><REACH who="0" step="1"/><D38/><REACH who="0" ten="240,250,250,250" step="2"/><U108/><E39/><V44/><F28/><N who="3" m="17455" /><G51/><T29/><D29/><U24/><E37/><V135/><F135/><W109/><G109/><T130/><D130/><U84/><E108/><V81/><F32/><W35/><G35/><T41/><D41/><U97/><E24/><V103/><F33/><W71/><G71/><T47/><D47/><U18/><E59/><V27/><F103/><W121/><G121/><T126/><D126/><U7/><AGARI ba="0,1" hai="7,10,15,18,19,72,76,80,84,90,94,97,101,104" machi="7" ten="20,8000,1" yaku="0,1,7,1,24,2,52,1" doraHai="11" who="1" fromWho="1" sc="240,-40,250,90,250,-20,250,-20" /><INIT seed="1,0,0,2,4,54" ten="200,340,230,230" oya="1" hai0="8,116,37,62,67,61,59,91,113,21,51,28,92" hai1="88,18,103,12,104,41,36,31,95,50,44,131,6" hai2="118,55,85,9,125,130,57,111,63,35,49,26,43" hai3="121,86,19,100,7,40,128,78,110,122,101,120,109"/><U29/><E131/><V20/><F118/><W53/><G40/><T15/><D37/><U77/><E6/><V32/><F111/><N who="3" m="42507" /><G7/><T25/><D113/><U82/><E36/><V94/><F125/><W52/><G19/><T114/><D114/><U90/><E104/><V70/><F9/><W93/><G128/><T132/><D132/><U69/><E103/><N who="3" m="39498" /><G93/><T60/><D51/><U47/><E69/><V129/><F70/><W2/><G2/><T16/><REACH who="0" step="1"/><D116/><REACH who="0" ten="190,340,230,230" step="2"/><U46/><E50/><V89/><F130/><W1/><G1/><T107/><D107/><U24/><E41/><V106/><F106/><W27/><G27/><T33/><D33/><U105/><E24/><V76/><F129/><W64/><G86/><AGARI ba="0,1" hai="8,15,16,21,25,28,59,60,61,62,67,86,91,92" machi="86" ten="30,8000,1" yaku="1,1,7,1,8,1,52,1,54,1,53,0" doraHai="54" doraHaiUra="112" who="0" fromWho="3" sc="190,90,340,0,230,0,230,-80" /><INIT seed="2,0,0,2,3,27" ten="280,340,230,150" oya="2" hai0="23,55,10,61,100,63,64,115,135,41,126,15,118" hai1="106,98,113,103,89,49,7,131,87,91,107,75,122" hai2="94,39,21,73,54,117,14,76,110,116,25,51,18" hai3="42,67,97,108,70,101,84,65,95,0,130,44,99"/><V46/><F39/><W17/><G0/><T78/><D115/><U112/><E7/><V57/><F110/><W134/><G108/><T47/><D126/><U43/><E49/><V28/><F76/><W83/><G134/><T111/><D135/><U123/><E43/><V96/><F73/><W109/><G130/><T79/><D118/><U72/><E131/><V62/><F94/><W22/><G109/><T3/><D3/><U80/><E91/><V92/><F92/><W16/><G97/><T81/><D55/><U1/><E1/><V124/><F96/><W119/><G119/><T9/><D61/><U29/><E29/><V105/><F105/><W12/><G17/><T102/><D78/><U32/><E32/><V52/><F124/><W33/><G33/><AGARI ba="0,0" hai="14,18,21,25,28,33,46,51,52,54,57,62,116,117" machi="33" ten="30,5800,0" yaku="7,1,52,1,54,1" doraHai="27" who="2" fromWho="3" sc="280,0,340,0,230,58,150,-58" /><INIT seed="2,1,0,0,1,45" ten="280,340,288,92" oya="2" hai0="3,77,51,115,110,54,133,28,1,10,121,104,55" hai1="46,118,68,22,113,81,83,32,59,78,42,53,90" hai2="124,29,9,64,129,85,97,73,43,87,62,50,47" hai3="58,41,105,34,67,112,66,36,30,0,33,84,70"/><V130/><F73/><W21/><G58/><T126/><D121/><U13/><E32/><V14/><F29/><W39/><G84/><T108/><D115/><U101/><E68/><V106/><F124/><W128/><G21/><T48/><D28/><U60/><E113/><V20/><F20/><W98/><G112/><T4/><D104/><U26/><E118/><V5/><F106/><W109/><G109/><N who="0" m="42091" /><D133/><U37/><E101/><V49/><F97/><W80/><G0/><N who="0" m="263" /><D77/><U82/><E90/><V96/><F96/><W127/><G98/><T89/><D89/><U72/><REACH who="1" step="1"/><E13/><REACH who="1" ten="280,330,288,92" step="2"/><V86/><REACH who="2" step="1"/><F50/><REACH who="2" ten="280,330,278,92" step="2"/><N who="0" m="18986" /><D126/><U114/><E114/><V12/><F12/><W99/><G127/><T61/><D3/><U95/><E95/><V125/><F125/><W19/><G105/><T25/><D1/><U111/><E111/><V76/><F76/><W16/><G39/><T94/><D94/><U131/><E131/><V44/><F44/><W57/><G128/><T23/><D61/><U132/><E132/><V91/><F91/><W15/><G36/><T134/><D134/><U102/><E102/><V92/><F92/><W122/><G80/><T7/><D7/><U103/><E103/><V8/><F8/><W17/><G122/><T52/><D23/><U2/><E2/><V120/><F120/><W93/><G34/><T117/><D117/><U69/><E69/><AGARI ba="1,2" hai="5,9,14,43,47,49,62,64,69,85,86,87,129,130" machi="69" ten="40,3900,0" yaku="1,1,52,1,53,0" doraHai="45" doraHaiUra="107" who="2" fromWho="1" sc="280,0,330,-42,278,62,92,0" /><INIT seed="2,2,0,5,3,4" ten="280,288,340,92" oya="2" hai0="47,26,43,49,61,119,34,55,36,105,37,128,106" hai1="120,97,19,38,63,18,72,112,103,96,107,8,57" hai2="122,98,129,48,68,28,21,75,23,93,86,95,83" hai3="62,5,87,66,30,99,67,24,20,109,82,91,33"/><V65/><F122/><W12/><G109/><T11/><D128/><U104/><E112/><V76/><F129/><W52/><G33/><T123/><D123/><U94/><E120/><V101/><F68/><W51/><G62/><T14/><D119/><U133/><E133/><V100/><F65/><W54/><G99/><T114/><D114/><U78/><E38/><V53/><F75/><W71/><G54/><T46/><D36/><U9/><E72/><V22/><F93/><W88/><G71/><T81/><D61/><U84/><E104/><V124/><F101/><W126/><G126/><T92/><D92/><N who="1" m="58759" /><E78/><V111/><F111/><W134/><G134/><T50/><D37/><U13/><E84/><V41/><F41/><W0/><G0/><T7/><REACH who="0" step="1"/><D81/><REACH who="0" ten="270,288,340,92" step="2"/><U59/><E107/><V108/><F108/><W42/><G91/><T1/><D1/><U135/><E135/><V31/><F124/><W3/><G3/><T89/><D89/><N who="1" m="55503" /><E63/><V102/><F102/><W115/><G115/><T27/><D27/><U121/><E121/><V79/><F76/><W127/><G127/><T39/><D39/><U110/><E110/><V29/><F29/><AGARI ba="2,1" hai="7,11,14,26,29,34,43,46,47,49,50,55,105,106" machi="29" ten="40,2600,0" yaku="1,1,52,1,53,0" doraHai="4" doraHaiUra="130" who="0" fromWho="2" sc="270,42,288,0,340,-32,92,0" /><INIT seed="3,0,0,2,4,62" ten="312,288,308,92" oya="3" hai0="125,120,51,105,110,122,114,134,86,67,26,12,79" hai1="54,60,71,85,69,63,37,16,13,73,28,41,5" hai2="8,76,56,10,113,117,22,30,31,74,124,23,61" hai3="98,29,108,82,35,2,94,121,36,32,133,55,130"/><W3/><G121/><T92/><D105/><U9/><E73/><V43/><F117/><W11/><G36/><T48/><D110/><U68/><E28/><V15/><F113/><W39/><G39/><T81/><D125/><U0/><E37/><V21/><F43/><W33/><G108/><T104/><D104/><U6/><E41/><V65/><F124/><W96/><G29/><N who="2" m="10761" /><F74/><W99/><G94/><T50/><D134/><U17/><E85/><V111/><F111/><W118/><G118/><T106/><D26/><U59/><E63/><V27/><F76/><W77/><G133/><T25/><D25/><U88/><E88/><V91/><F91/><W132/><G132/><T75/><D106/><U131/><E131/><V93/><F93/><W83/><G77/><T116/><D114/><U34/><E34/><V7/><F8/><W97/><N who="3" m="24576" /><DORA hai="45" /><W38/><G38/><T89/><D116/><U126/><E126/><V18/><AGARI ba="0,0" hai="7,10,15,18,21,22,23,27,56,61,65" m="10761" machi="18" ten="30,2000,0" yaku="8,1,52,1" doraHai="62,45" who="2" fromWho="2" sc="312,-5,288,-5,308,20,92,-10" /><INIT seed="4,0,0,3,4,112" ten="307,283,328,82" oya="0" hai0="11,29,12,54,25,84,126,5,43,102,44,118,121" hai1="76,115,68,79,100,26,86,32,24,105,45,20,9" hai2="125,57,63,111,120,16,21,50,69,0,113,110,122" hai3="104,34,31,123,17,83,78,13,15,51,10,96,108"/><T131/><D121/><U4/><E68/><V109/><F0/><W39/><G39/><T62/><D126/><U42/><E115/><V64/><F113/><W97/><G123/><T2/><D131/><U116/><E32/><V135/><F125/><W81/><G108/><T133/><D133/><U87/><E100/><V129/><F135/><W28/><G34/><T47/><D102/><U90/><E105/><V67/><F129/><W3/><G3/><T38/><D84/><U114/><E26/><V88/><F67/><W56/><G104/><T61/><D118/><U35/><E35/><V14/><F69/><W77/><G51/><T30/><D2/><U99/><E99/><N who="3" m="37962" /><G56/><T103/><D103/><U66/><E66/><V72/><F72/><W58/><G58/><T74/><D74/><U127/><E87/><V106/><F106/><W7/><G7/><T94/><D94/><U40/><E127/><V33/><F33/><W53/><G53/><T124/><D124/><U134/><E134/><V130/><F130/><W52/><G52/><T46/><D54/><U37/><E42/><V128/><F50/><W55/><G55/><T6/><D6/><U1/><E114/><V80/><REACH who="2" step="1"/><F128/><REACH who="2" ten="307,283,318,82" step="2"/><W95/><G95/><T91/><D38/><U132/><E132/><V8/><F8/><W107/><G107/><T75/><D11/><U73/><E73/><V117/><F117/><W48/><G48/><T49/><D75/><U18/><E116/><V71/><F71/><W70/><G70/><T19/><D49/><U22/><E22/><V93/><F93/><AGARI ba="0,1" hai="1,4,9,18,20,24,37,40,45,76,79,86,90,93" machi="93" ten="30,1000,0" yaku="7,1" doraHai="112" who="1" fromWho="2" sc="307,0,283,20,318,-10,82,0" /><INIT seed="5,0,0,5,5,83" ten="307,303,308,82" oya="1" hai0="125,22,92,78,33,66,54,24,63,56,74,36,82" hai1="122,41,40,20,49,113,2,79,6,64,96,14,115" hai2="116,19,97,91,0,108,132,31,16,118,28,111,112" hai3="55,98,93,101,77,11,95,34,26,86,85,102,1"/><U80/><E2/><V60/><F60/><W128/><G128/><T57/><D125/><U29/><E122/><V53/><F53/><W17/><G1/><T67/><D36/><U81/><E64/><V69/><F69/><W58/><G34/><T65/><D33/><U32/><E32/><V50/><F50/><W109/><G109/><N who="2" m="42057" /><F91/><W30/><G30/><N who="2" m="11305" /><F97/><N who="3" m="59567" /><G77/><T45/><D92/><U75/><E81/><V70/><F70/><W27/><G11/><T39/><D39/><U8/><E96/><V68/><F68/><W25/><G17/><N who="2" m="6729" /><F0/><W110/><G110/><T107/><D56/><U23/><E29/><V121/><F121/><W129/><G129/><T38/><D38/><U18/><E49/><AGARI ba="0,0" hai="25,26,27,49,55,58,85,86,95,98,102" m="59567" machi="49" ten="30,3900,0" yaku="8,1,52,2" doraHai="83" who="3" fromWho="1" sc="307,0,303,-39,308,0,82,39" /><INIT seed="6,0,0,3,2,31" ten="307,264,308,121" oya="2" hai0="97,123,90,29,11,17,1,7,32,78,110,79,105" hai1="76,49,37,44,25,3,106,112,35,57,2,53,50" hai2="9,63,100,134,5,95,15,18,4,0,26,127,113" hai3="23,34,91,85,135,98,75,42,66,129,94,74,130"/><V54/><F113/><W71/><G23/><T52/><D110/><U107/><E37/><V119/><F119/><W20/><G20/><T122/><D17/><U24/><E76/><V40/><F40/><W96/><G42/><T82/><D78/><U128/><E128/><N who="3" m="49258" /><G66/><T55/><D123/><U109/><E109/><V87/><F127/><W80/><G71/><T36/><D122/><U117/><E117/><V120/><F120/><W41/><G41/><T125/><D125/><U30/><E112/><V10/><F134/><W43/><G43/><T60/><D60/><U21/><E107/><V126/><F126/><W68/><G68/><T69/><D36/><U103/><E103/><V102/><F26/><W121/><G34/><T116/><D69/><U133/><E106/><V77/><F18/><W45/><G45/><T46/><D46/><U56/><E133/><V115/><F115/><W58/><G58/><T132/><D116/><U104/><E104/><V88/><F77/><N who="3" m="46223" /><G135/><T86/><D132/><U39/><E39/><V93/><F93/><N who="3" m="56383" /><G121/><T48/><D32/><U99/><E44/><V27/><F27/><W19/><G19/><T12/><D29/><U28/><E99/><V108/><F108/><W118/><G118/><T101/><D55/><AGARI ba="0,0" hai="2,3,21,24,25,28,30,35,49,50,53,55,56,57" machi="55" ten="40,2600,0" yaku="9,1,52,1" doraHai="31" who="1" fromWho="0" sc="307,-26,264,26,308,0,121,0" /><INIT seed="7,0,0,2,0,110" ten="281,290,308,121" oya="3" hai0="60,42,83,63,76,87,69,120,92,130,94,84,66" hai1="113,5,22,9,68,27,126,99,73,124,49,39,48" hai2="62,57,38,15,67,51,132,36,80,131,121,59,129" hai3="85,128,105,70,100,0,20,56,50,35,47,97,118"/><W102/><G118/><T71/><D120/><U78/><E113/><V72/><F121/><W46/><G70/><T106/><D106/><U91/><E68/><V24/><F132/><W52/><G35/><T43/><D130/><N who="2" m="49674" /><F24/><W30/><G0/><T54/><D54/><U18/><E39/><V86/><F72/><W81/><G128/><T45/><D87/><U2/><E78/><N who="2" m="46359" /><F15/><W6/><G6/><T115/><D115/><U16/><E73/><V31/><F31/><W7/><G7/><T10/><D10/><U53/><E18/><V116/><F116/><W28/><G102/><T123/><D123/><U1/><E1/><V111/><F111/><W134/><G134/><T108/><D108/><U114/><E114/><V23/><F23/><W79/><G20/><T65/><REACH who="0" step="1"/><D42/><REACH who="0" ten="271,290,308,121" step="2"/><U44/><REACH who="1" step="1"/><E49/><AGARI ba="0,1" hai="43,45,49,60,63,65,66,69,71,76,83,84,92,94" machi="49" ten="30,8000,1" yaku="1,1,2,1,7,1,9,1,53,1" doraHai="110" doraHaiUra="74" who="0" fromWho="1" sc="271,90,290,-80,308,0,121,0" owari="361,46.0,210,-19.0,308,11.0,121,-38.0" /></mjloggm>