<mjloggm ver="2.3"><GO type="41" lobby="0"/><UN n0="%E3%83%9D%E3%83%BC%E3%82%B8%E3%83%BC" n1="%E3%81%97%E3%81%9F%E3%81%A3%E3%81%B1" n2="%E3%81%92%E3%82%8D%E3%81%86" n3="%E2%93%9D%53%75%70%68%78" dan="13,14,14,17" rate="1879.87,1967.06,1892.18,2080.53" sx="M,M,M,M"/><TAIKYOKU oya="0"/><INIT seed="0,0,0,1,1,9" ten="250,250,250,250" oya="0" hai0="13,103,24,36,93,28,131,127,34,105,74,70,61" hai1="15,0,3,30,92,79,69,60,128,94,19,21,91" hai2="134,39,111,96,8,117,68,37,42,35,76,73,100" hai3="113,17,125,33,123,47,121,133,132,51,83,40,97"/><T7/><D127/><U72/><E128/><V29/><F111/><W25/><G83/><T16/><D131/><U107/><E107/><V87/><F87/><W106/><G113/><T55/><D74/><U129/><E30/><V52/><F134/><N who="3" m="51819" /><G17/><T32/><D36/><U109/><E109/><V54/><F117/><W53/><G25/><T110/><D110/><U67/><E94/><V84/><F84/><W104/><G33/><T45/><D32/><U80/><REACH who="1" step="1"/><E129/><REACH who="1" ten="250,240,250,250" step="2"/><V57/><F68/><W122/><G125/><T75/><D105/><N who="3" m="40553" /><G97/><AGARI ba="0,1" hai="0,3,15,19,21,60,67,69,72,79,80,91,92,97" machi="97" ten="30,7700,0" yaku="1,1,7,1,52,1,53,1" doraHai="9" doraHaiUra="14" who="1" fromWho="3" sc="250,0,240,87,250,0,250,-77" /><INIT seed="1,0,0,5,1,88" ten="250,327,250,173" oya="1" hai0="126,108,70,39,101,89,94,61,117,0,78,23,73" hai1="131,96,3,57,28,67,45,125,119,65,111,53,114" hai2="135,132,37,27,99,48,79,40,14,87,115,75,6" hai3="31,118,102,42,18,20,86,71,128,122,17,22,116"/><U107/><E114/><V82/><F115/><W15/><G71/><T81/><D117/><N who="3" m="45161" /><G42/><T133/><D133/><N who="2" m="51274" /><F37/><W105/><G86/><T109/><D126/><U129/><E3/><V21/><F6/><W2/><G102/><T1/><D39/><U36/><E28/><N who="2" m="17519" /><F14/><N who="3" m="9271" /><G105/><T58/><D101/><N who="1" m="62887" /><E125/><V69/><F69/><W56/><G56/><T98/><D70/><U85/><E119/><V80/><F48/><W93/><G122/><T103/><D103/><U66/><E85/><V47/><F82/><W19/><G2/><T60/><D60/><U124/><E124/><V72/><F47/><W76/><G31/><T121/><D121/><U35/><E45/><V97/><F40/><W12/><G12/><T95/><D0/><U5/><E36/><V38/><F38/><W62/><G15/><T51/><D1/><U90/><E90/><V24/><F24/><W59/><G19/><T4/><D4/><U34/><E5/><V100/><F99/><W134/><G134/><T54/><D61/><N who="1" m="36015" /><E111/><V10/><F10/><W25/><G25/><T30/><D23/><U113/><E113/><V49/><F49/><W32/><G22/><T7/><D30/><U112/><E112/><V9/><F9/><W29/><G29/><T106/><D7/><U11/><E11/><V91/><F91/><W130/><G18/><T46/><D106/><AGARI ba="0,0" hai="72,75,79,80,87,97,100,106" m="17519,51274" machi="106" ten="30,1000,0" yaku="20,1" doraHai="88" who="2" fromWho="0" sc="250,-10,327,0,250,10,173,0" /><INIT seed="2,0,0,3,2,19" ten="240,327,260,173" oya="2" hai0="60,122,8,74,32,48,93,128,120,101,6,115,45" hai1="68,13,31,18,132,10,125,11,119,59,77,81,71" hai2="105,127,131,102,116,50,111,27,72,16,75,88,56" hai3="3,66,110,130,91,126,70,46,30,1,69,78,37"/><V28/><F116/><W112/><G91/><T108/><D115/><U64/><E119/><V17/><F127/><W109/><G78/><T51/><D128/><U86/><E132/><V38/><F38/><W0/><G130/><T54/><D32/><U35/><E125/><V47/><F56/><W9/><G126/><T43/><D74/><U39/><E39/><V49/><F50/><W83/><G83/><T106/><D106/><U34/><E10/><V107/><F131/><W104/><G9/><T103/><D108/><N who="3" m="41577" /><G104/><T4/><D60/><U23/><E59/><V57/><F111/><W29/><G66/><T85/><D4/><U24/><REACH who="1" step="1"/><E64/><REACH who="1" ten="240,317,260,173" step="2"/><V67/><F57/><W99/><G112/><T40/><D122/><U124/><E124/><V15/><F67/><W21/><G70/><AGARI ba="0,1" hai="11,13,18,23,24,31,34,35,68,70,71,77,81,86" machi="70" ten="40,5200,0" yaku="1,1,52,1,53,1" doraHai="19" doraHaiUra="82" who="1" fromWho="3" sc="240,0,317,62,260,0,173,-52" /><INIT seed="3,0,0,1,0,106" ten="240,379,260,121" oya="3" hai0="87,100,19,83,70,78,105,72,64,92,71,99,119" hai1="85,21,121,16,53,103,22,50,12,61,6,76,130" hai2="60,26,32,41,96,52,88,95,49,114,124,11,126" hai3="63,74,91,101,93,86,79,29,66,116,62,104,57"/><W1/><G1/><T81/><D119/><U89/><E121/><V97/><F114/><W15/><G116/><T113/><D113/><U51/><E130/><V55/><F11/><W46/><G29/><T120/><D120/><U65/><E6/><V35/><F41/><W23/><G46/><T44/><D19/><U20/><E103/><V25/><F96/><W39/><G39/><T117/><D117/><U122/><E122/><V127/><F60/><W58/><G23/><T118/><D118/><U75/><E50/><V10/><F10/><W67/><G15/><T109/><D109/><U108/><E108/><V8/><F8/><W17/><G17/><T115/><D115/><U28/><E28/><V47/><REACH who="2" step="1"/><F55/><REACH who="2" ten="240,379,250,121" step="2"/><W128/><G128/><T131/><D131/><U7/><E61/><V68/><F68/><W37/><G37/><T125/><D71/><U133/><E53/><V34/><AGARI ba="0,1" hai="25,26,32,34,35,47,49,52,88,95,97,124,126,127" machi="34" ten="40,12000,2" yaku="1,1,0,1,18,1,54,2,53,1" doraHai="106" doraHaiUra="40" who="2" fromWho="2" sc="240,-30,379,-30,250,130,121,-60" /><INIT seed="4,0,0,5,2,1" ten="210,349,380,61" oya="0" hai0="72,38,84,89,17,43,39,123,22,5,9,36,78" hai1="60,80,126,16,58,12,135,11,102,86,30,15,42" hai2="25,128,14,112,117,37,106,110,46,32,99,120,63" hai3="66,113,10,133,85,95,13,61,91,93,3,119,100"/><T6/><D123/><U97/><E42/><V70/><RYUUKYOKU type="yao9" ba="0,0" sc="210,0,349,0,380,0,61,0" hai2="14,25,32,37,46,63,70,99,106,110,112,117,120,128" /><INIT seed="4,1,0,1,0,32" ten="210,349,380,61" oya="0" hai0="54,128,50,4,106,2,20,121,26,117,130,10,113" hai1="11,3,52,135,90,118,56,35,16,123,74,34,119" hai2="22,9,80,89,75,77,45,40,69,99,13,98,105" hai3="116,21,93,64,36,71,14,102,87,47,53,65,100"/><T76/><D121/><U51/><E74/><V60/><F22/><W58/><G116/><T44/><D117/><U122/><E135/><V38/><F105/><W108/><G108/><T67/><D106/><U103/><E103/><V42/><F42/><W133/><G71/><T57/><D113/><U104/><E104/><V91/><F69/><W110/><G133/><T46/><D76/><U88/><E118/><V17/><F60/><W30/><G47/><T85/><D67/><U72/><E72/><V31/><F31/><W28/><G36/><T86/><D86/><U0/><E119/><V37/><F37/><W24/><G30/><T84/><D85/><U49/><E56/><V132/><F132/><W134/><G110/><T95/><D84/><U5/><E11/><V82/><F82/><W23/><G134/><T127/><D95/><U107/><E107/><V7/><REACH who="2" step="1"/><F17/><REACH who="2" ten="210,349,370,61" step="2"/><W81/><G81/><T131/><REACH who="0" step="1"/><D127/><REACH who="0" ten="200,349,370,61" step="2"/><U1/><E122/><V15/><F15/><W41/><G14/><T126/><D126/><U83/><E123/><V25/><F25/><W55/><G24/><T94/><D94/><U66/><E83/><V120/><F120/><W109/><G93/><T39/><D39/><U63/><E90/><AGARI ba="1,2" hai="7,9,13,38,40,45,75,77,80,89,90,91,98,99" machi="90" ten="40,1300,0" yaku="1,1,53,0" doraHai="32" doraHaiUra="115" who="2" fromWho="1" sc="200,0,349,-16,370,36,61,0" /><INIT seed="5,0,0,5,3,61" ten="200,333,406,61" oya="1" hai0="11,4,47,62,107,43,64,5,44,3,105,111,127" hai1="18,12,2,80,26,90,135,27,35,81,133,125,45" hai2="16,93,78,32,83,41,9,116,121,126,59,129,119" hai3="85,99,115,70,10,30,34,6,57,120,8,79,109"/><U87/><E2/><V94/><F121/><W40/><G120/><T33/><D127/><U82/><E125/><V60/><F32/><W103/><G109/><T46/><D111/><U84/><E35/><V88/><F41/><W131/><G131/><T66/><D43/><U48/><E133/><V29/><F29/><W71/><G115/><T106/><D33/><U128/><E128/><V20/><F9/><W122/><G10/><T101/><D101/><U113/><E113/><V0/><F0/><W50/><G122/><T25/><D25/><U56/><E56/><V91/><F126/><W102/><G102/><T130/><D130/><U31/><E31/><V100/><F129/><W36/><G36/><T55/><D55/><U42/><E135/><V118/><F100/><W15/><G30/><T67/><D5/><U1/><E1/><V124/><F124/><W123/><G123/><T54/><REACH who="0" step="1"/><D54/><REACH who="0" ten="190,333,406,61" step="2"/><U68/><E27/><V117/><F118/><W51/><G34/><T19/><D19/><U38/><E26/><V89/><F117/><W110/><G110/><T53/><D53/><U134/><E134/><V75/><F116/><W74/><G40/><T86/><D86/><U28/><E84/><V21/><F119/><W7/><G85/><T104/><N who="0" m="26624" /><DORA hai="13" /><T37/><D37/><U17/><E38/><V14/><REACH who="2" step="1"/><F20/><REACH who="2" ten="190,333,396,61" step="2"/><W39/><G103/><T77/><D77/><U76/><E28/><V24/><F24/><W132/><G132/><T98/><D98/><U108/><E108/><V65/><AGARI ba="0,2" hai="14,16,21,59,60,65,75,78,83,88,89,91,93,94" machi="65" ten="30,12000,2" yaku="1,1,0,1,52,2,54,2,53,1" doraHai="61,13" doraHaiUra="95,58" who="2" fromWho="2" sc="190,-30,333,-60,396,140,61,-30" /><INIT seed="6,0,0,1,1,105" ten="160,273,536,31" oya="2" hai0="50,91,9,75,87,68,120,112,114,64,88,7,56" hai1="101,18,126,10,122,67,94,96,135,102,21,30,117" hai2="38,84,129,82,65,93,127,123,125,11,12,72,53" hai3="49,99,119,121,1,83,107,86,55,97,14,27,128"/><V2/><F123/><W20/><G128/><T42/><D120/><U133/><E117/><V92/><F38/><W46/><G119/><T81/><D68/><U70/><E126/><V29/><F2/><W43/><G1/><T4/><D91/><U78/><E78/><V54/><F65/><W5/><G107/><T63/><D75/><U44/><E44/><V58/><F29/><W13/><G121/><T76/><D76/><U77/><E77/><V31/><F31/><W89/><G43/><T111/><D111/><U37/><E37/><V110/><F54/><W100/><G5/><T134/><D134/><N who="1" m="51211" /><E10/><V98/><F72/><W60/><G60/><T85/><D85/><U24/><E122/><V118/><F118/><W124/><G124/><N who="2" m="47689" /><F98/><W48/><G48/><T115/><D9/><U19/><E101/><V17/><F129/><W90/><G100/><T103/><D103/><U66/><E70/><V108/><F92/><W35/><G35/><T80/><D80/><U109/><E109/><V104/><F93/><W33/><G33/><T23/><D23/><N who="1" m="15647" /><E18/><V52/><F104/><W116/><G116/><T32/><D32/><U131/><E131/><V62/><F53/><W95/><REACH who="3" step="1"/><G99/><REACH who="3" ten="160,273,536,21" step="2"/><T25/><D4/><U47/><E102/><V57/><F108/><W6/><G6/><T51/><D7/><U36/><E96/><V34/><F34/><W26/><G26/><T113/><D25/><U71/><E36/><V16/><F110/><W69/><G69/><T132/><D132/><U45/><E71/><V61/><F62/><W130/><G130/><T8/><D114/><RYUUKYOKU ba="0,1" sc="160,-10,273,-10,536,-10,21,30" hai3="13,14,20,27,46,49,55,83,86,89,90,95,97" /><INIT seed="7,1,1,2,2,30" ten="150,263,526,51" oya="3" hai0="9,88,84,20,5,3,83,102,39,59,124,16,62" hai1="0,28,42,123,63,77,115,48,4,117,118,95,8" hai2="116,31,68,11,109,134,50,93,41,107,2,112,58" hai3="18,78,60,6,97,52,25,29,37,129,106,46,22"/><W70/><G129/><T73/><D39/><U89/><E115/><V32/><F93/><W99/><G6/><T125/><D73/><U127/><E123/><V36/><F58/><W126/><G126/><T104/><D102/><U75/><E28/><V55/><F50/><W40/><G78/><T135/><D104/><U86/><E63/><V122/><F55/><W7/><G7/><T114/><D135/><U47/><E127/><N who="0" m="48713" /><D114/><U110/><E110/><V94/><F94/><W19/><G106/><T24/><D59/><U81/><AGARI ba="1,1" hai="0,4,8,42,47,48,75,77,81,86,89,95,117,118" machi="81" ten="30,1100,0" yaku="0,1" doraHai="30" who="1" fromWho="1" sc="150,-4,263,24,526,-4,51,-6" owari="146,-25.0,287,9.0,522,61.0,45,-45.0" /></mjloggm>