<mjloggm ver="2.3"><GO type="41" lobby="0"/><UN n0="%6C%65%67%61%63%79" n1="%71%71%71" n2="%E2%93%9D%53%75%70%68%78" n3="%6F%67%61%32%34%38" dan="15,13,17,14" rate="1918.18,1850.15,2060.73,1906.75" sx="M,M,M,M"/><TAIKYOKU oya="0"/><INIT seed="0,0,0,2,4,0" ten="250,250,250,250" oya="0" hai0="111,33,53,25,61,131,99,126,19,114,56,123,76" hai1="128,6,107,50,67,65,87,43,37,23,84,44,95" hai2="1,100,88,20,127,112,132,2,51,120,64,30,118" hai3="18,59,27,58,40,46,78,52,57,102,10,60,86"/><T42/><D114/><U105/><E128/><V74/><F120/><W92/><G102/><T32/><D131/><U73/><E73/><V116/><F112/><W3/><G92/><T4/><D123/><U117/><E117/><N who="2" m="45163" /><F74/><W12/><G3/><T98/><D42/><U129/><E129/><V133/><F100/><W41/><G27/><T79/><D126/><U7/><E37/><V13/><F64/><N who="1" m="24649" /><E107/><V70/><F51/><N who="3" m="27079" /><G41/><T71/><D32/><U108/><E105/><V77/><F77/><W113/><G113/><T121/><D121/><U49/><E108/><V68/><F127/><W5/><G18/><T54/><D54/><N who="1" m="29991" /><E23/><V38/><F38/><W39/><G39/><T135/><D71/><U66/><N who="1" m="24657" /><U62/><DORA hai="28" /><E62/><V124/><F70/><W122/><G122/><T109/><D109/><U97/><E50/><V85/><F68/><W134/><G134/><N who="2" m="51817" /><F124/><W80/><AGARI ba="0,0" hai="5,10,12,52,57,58,59,60,78,80,86" m="27079" machi="80" ten="30,7900,0" yaku="25,1,8,1,52,1,54,1" doraHai="0,28" who="3" fromWho="3" sc="250,-39,250,-20,250,-20,250,79" /><INIT seed="1,0,0,5,5,84" ten="211,230,230,329" oya="1" hai0="7,47,44,115,91,25,99,48,123,58,112,17,108" hai1="83,118,22,20,81,106,97,18,41,5,126,23,130" hai2="77,79,71,110,45,56,8,33,101,34,65,53,133" hai3="35,78,12,67,9,24,55,119,60,109,49,93,46"/><U11/><E118/><V103/><F71/><W13/><G109/><T135/><D108/><U92/><E126/><V75/><F110/><W32/><G13/><T62/><D135/><U51/><E106/><V43/><F65/><W95/><G32/><T89/><D123/><U29/><E130/><V124/><F75/><W121/><G121/><T70/><D70/><U68/><E68/><V90/><F8/><W63/><G60/><T52/><D7/><U37/><E37/><V38/><F133/><W61/><G61/><T6/><D6/><U3/><E29/><V88/><F124/><W107/><G107/><T21/><D115/><U69/><E69/><V114/><F114/><W1/><G1/><T10/><D112/><U27/><E41/><V64/><F64/><W2/><G2/><T120/><D10/><U59/><E22/><V111/><F111/><W134/><G35/><T39/><D120/><U16/><E51/><V30/><F34/><W0/><G0/><T102/><D39/><U31/><E59/><V87/><F30/><W42/><G42/><T72/><D72/><U117/><E117/><V125/><F33/><W127/><G134/><T66/><REACH who="0" step="1"/><D47/><REACH who="0" ten="201,230,230,329" step="2"/><U26/><REACH who="1" step="1"/><E31/><REACH who="1" ten="201,220,230,329" step="2"/><V57/><F125/><W4/><G127/><T80/><D80/><U15/><E15/><V94/><F38/><W82/><G119/><T19/><D19/><U86/><E86/><V132/><F132/><W128/><G12/><T104/><AGARI ba="0,2" hai="17,21,25,44,48,52,58,62,66,89,91,99,102,104" machi="104" ten="20,12000,2" yaku="1,1,0,1,7,1,52,2,54,1,53,1" doraHai="84" doraHaiUra="100" who="0" fromWho="0" sc="201,140,220,-60,230,-30,329,-30" /><INIT seed="2,0,0,2,4,41" ten="341,160,200,299" oya="2" hai0="30,85,18,35,7,76,97,12,29,51,114,46,118" hai1="103,45,62,115,66,107,135,134,16,117,4,48,34" hai2="99,93,15,78,64,110,44,63,47,13,36,38,68" hai3="113,60,89,133,67,98,87,42,59,96,129,11,26"/><V128/><F128/><W125/><G133/><N who="1" m="50698" /><E115/><V81/><F110/><W50/><G125/><T56/><D114/><U22/><E117/><V131/><F131/><W37/><G129/><T3/><D118/><U33/><E4/><V92/><F38/><W77/><G37/><T49/><D97/><N who="1" m="61935" /><E62/><V72/><F93/><W27/><G77/><T122/><D122/><U25/><E66/><V2/><F2/><W102/><G11/><T58/><D51/><U69/><E69/><V104/><F104/><W112/><G112/><T19/><D19/><U53/><AGARI ba="0,0" hai="16,22,25,33,34,45,48,53" m="61935,50698" machi="53" ten="30,4000,0" yaku="20,1,52,1,54,1" doraHai="41" who="1" fromWho="1" sc="341,-10,160,40,200,-20,299,-10" /><INIT seed="3,0,0,2,5,30" ten="331,200,180,289" oya="3" hai0="24,63,118,114,38,66,52,103,68,80,69,116,33" hai1="14,18,92,2,3,59,0,76,55,115,124,25,10" hai2="110,70,4,78,58,134,42,49,51,120,135,127,28" hai3="41,39,91,133,73,17,64,105,100,86,132,89,79"/><W108/><G64/><T71/><D80/><U129/><E124/><V7/><F78/><W36/><G41/><T8/><D8/><U97/><E129/><V87/><F28/><W44/><G44/><T57/><D114/><U109/><E109/><V104/><F104/><W107/><G17/><T9/><D9/><U20/><E76/><V15/><F87/><W13/><G13/><T35/><D38/><U119/><E115/><V43/><F15/><W96/><G39/><T31/><D103/><U29/><E119/><V45/><F120/><W125/><G36/><T6/><D6/><U85/><E85/><V54/><F70/><W106/><G125/><T19/><D19/><U37/><E37/><V122/><F122/><W98/><G108/><T72/><D72/><U16/><E55/><V21/><F21/><W46/><G46/><T101/><D101/><U74/><E59/><V50/><F110/><W47/><G47/><T99/><D99/><N who="3" m="37929" /><G100/><T11/><D11/><U90/><REACH who="1" step="1"/><E74/><REACH who="1" ten="331,190,180,289" step="2"/><V82/><F127/><W48/><G73/><T34/><D118/><U81/><E81/><V126/><F82/><N who="3" m="47455" /><G48/><N who="2" m="18505" /><F126/><W60/><G60/><T121/><D116/><U111/><E111/><V26/><F43/><W65/><G65/><T22/><D121/><U61/><E61/><N who="2" m="36055" /><F42/><W123/><G123/><T32/><D22/><U77/><E77/><V83/><F83/><W117/><G117/><T1/><D34/><U113/><E113/><V62/><F62/><W131/><G131/><T56/><D35/><U102/><E102/><V93/><F45/><W130/><G130/><T27/><D32/><RYUUKYOKU ba="0,1" sc="331,-15,190,15,180,-15,289,15" hai1="0,2,3,10,14,16,18,20,25,29,90,92,97" hai3="89,91,105,106,107,132,133" /><INIT seed="3,1,1,2,5,80" ten="316,205,165,304" oya="3" hai0="93,99,73,55,85,76,120,121,38,132,116,106,125" hai1="54,124,11,65,107,52,94,129,71,91,18,27,35" hai2="25,42,74,119,118,19,30,64,114,133,92,63,81" hai3="104,21,2,46,78,87,48,62,7,15,110,95,17"/><W5/><G104/><T29/><D38/><U101/><E124/><V79/><F114/><W41/><G110/><T105/><D116/><U77/><E77/><V97/><F42/><W4/><G2/><T88/><D55/><U24/><E129/><V84/><F133/><W26/><G62/><T102/><D29/><U83/><E83/><V86/><F19/><W49/><G78/><T3/><D3/><U130/><E130/><V9/><F9/><N who="3" m="4527" /><G49/><T12/><D12/><U53/><E35/><V6/><F6/><W44/><G44/><T75/><D125/><U47/><E107/><N who="0" m="40969" /><D132/><U127/><E101/><V51/><F119/><W22/><G22/><T113/><D113/><U70/><E127/><V28/><F51/><W66/><G66/><T8/><D8/><U31/><E31/><V57/><F30/><W122/><G122/><N who="0" m="47211" /><D76/><U36/><E65/><V34/><REACH who="2" step="1"/><F118/><REACH who="2" ten="316,205,155,304" step="2"/><W109/><G109/><T16/><D16/><U40/><E18/><V67/><F67/><W61/><G61/><T108/><D108/><U117/><E117/><V135/><F135/><W39/><G39/><T126/><D126/><U58/><E11/><V89/><AGARI ba="1,2" hai="25,28,34,57,63,64,74,79,81,84,86,89,92,97" machi="89" ten="20,8000,1" yaku="1,1,0,1,7,1,52,2,53,0" doraHai="80" doraHaiUra="33" who="2" fromWho="2" sc="316,-21,205,-21,155,103,304,-41" /><INIT seed="4,0,0,4,4,100" ten="295,184,258,263" oya="0" hai0="4,64,110,73,131,89,119,126,23,28,35,76,92" hai1="53,10,43,9,125,24,40,66,39,102,36,49,32" hai2="128,77,56,109,129,62,86,68,88,98,42,90,47" hai3="115,79,135,116,121,30,118,112,3,105,96,25,107"/><T33/><D119/><N who="3" m="45609" /><G3/><T93/><D131/><N who="2" m="50250" /><F68/><W65/><G65/><T2/><D126/><U94/><E125/><V29/><F29/><W59/><G59/><T132/><D132/><U6/><E66/><N who="2" m="39239" /><F109/><W99/><G135/><T14/><D93/><U120/><E120/><V55/><F55/><W117/><G121/><T133/><D133/><U127/><E127/><V22/><F22/><W82/><G25/><T122/><D122/><U27/><E32/><V104/><F77/><W44/><G44/><T95/><D95/><U41/><E94/><V13/><F13/><W111/><G30/><T18/><D110/><U114/><E102/><N who="2" m="62551" /><F86/><N who="3" m="48479" /><G111/><T130/><D130/><U67/><E67/><V85/><F85/><W61/><G61/><T37/><D64/><U34/><E34/><V46/><F46/><W20/><G20/><T74/><D76/><U7/><E41/><V134/><F134/><W97/><G117/><T48/><D35/><U51/><REACH who="1" step="1"/><E53/><REACH who="1" ten="295,174,258,263" step="2"/><V0/><F0/><W63/><G63/><T124/><D124/><U17/><E17/><V60/><F60/><W45/><G45/><T58/><D33/><U12/><E12/><V84/><F84/><W71/><G71/><T38/><D28/><U31/><E31/><V81/><F81/><W83/><G83/><T69/><D69/><U15/><E15/><V87/><F87/><W75/><G75/><T106/><D74/><U21/><E21/><V54/><F54/><W103/><G103/><T1/><D73/><U8/><E8/><V26/><F26/><W80/><G80/><T70/><D14/><U101/><E101/><RYUUKYOKU ba="0,1" sc="295,-30,174,10,258,10,263,10" hai1="6,7,9,10,24,27,36,39,40,43,49,51,114" hai2="42,47,88,90" hai3="96,97,99,105,107,112,115" /><INIT seed="5,1,1,5,3,88" ten="265,184,268,273" oya="1" hai0="67,69,13,1,100,11,128,2,83,127,33,32,39" hai1="28,53,96,26,130,16,95,72,76,93,8,70,68" hai2="25,42,24,43,90,82,121,36,14,122,60,119,29" hai3="51,0,4,89,129,45,46,94,74,111,3,85,115"/><U57/><E130/><V118/><F90/><W71/><G111/><T80/><D127/><U105/><E105/><V22/><F82/><W6/><G71/><T52/><D39/><U92/><E76/><V113/><F60/><W110/><G110/><T116/><D116/><N who="2" m="44586" /><F43/><W10/><G115/><T55/><D100/><U78/><E78/><V77/><F42/><W59/><G129/><T49/><D13/><N who="1" m="7207" /><E72/><V34/><F77/><W124/><G124/><T64/><D11/><U12/><E68/><V40/><F40/><W73/><G4/><T87/><D69/><U35/><E35/><V19/><F36/><W50/><G0/><T114/><D87/><U91/><E70/><V133/><F133/><W109/><G109/><T132/><D49/><N who="1" m="30895" /><E12/><V31/><F113/><W117/><G117/><T9/><D9/><AGARI ba="1,1" hai="9,14,19,22,24,25,29,31,34,121,122" m="44586" machi="9" ten="30,2000,0" yaku="34,2" doraHai="88" who="2" fromWho="0" sc="265,-23,184,0,268,33,273,0" /><INIT seed="6,0,0,5,1,85" ten="242,184,301,273" oya="2" hai0="105,66,58,29,68,97,98,78,70,83,33,132,84" hai1="89,64,37,39,63,26,51,118,88,119,23,95,113" hai2="4,109,15,107,13,131,65,59,128,77,21,93,90" hai3="14,94,9,130,80,6,7,52,56,43,28,30,46"/><V72/><F107/><W38/><G130/><N who="2" m="49705" /><F4/><W12/><G80/><T133/><D29/><U102/><E113/><V112/><F109/><W67/><G67/><T50/><D33/><U61/><E102/><V129/><F77/><W31/><G94/><T27/><D27/><U76/><E76/><V47/><F72/><W134/><G134/><N who="0" m="51819" /><D50/><U126/><E126/><V81/><F81/><W73/><G73/><T40/><D40/><U87/><E51/><V75/><F112/><W117/><G117/><T86/><D86/><U71/><E63/><N who="2" m="38143" /><F75/><W125/><G125/><T3/><D3/><U96/><E119/><V111/><F111/><W0/><REACH who="3" step="1"/><G6/><REACH who="3" ten="242,184,301,263" step="2"/><T44/><D105/><U11/><E118/><V8/><F129/><W104/><G104/><T55/><D66/><U32/><E32/><V120/><F93/><W22/><G22/><T92/><D92/><U57/><E11/><V36/><F21/><W116/><G116/><T10/><D10/><U74/><E74/><V127/><F8/><W48/><AGARI ba="0,1" hai="0,7,9,12,14,28,30,31,38,43,46,48,52,56" machi="48" ten="30,4000,0" yaku="1,1,0,1,54,1,53,0" doraHai="85" doraHaiUra="101" who="3" fromWho="3" sc="242,-10,184,-10,301,-20,263,50" /><INIT seed="7,0,0,0,1,124" ten="232,174,281,313" oya="3" hai0="107,20,118,106,15,81,117,67,7,122,9,132,88" hai1="126,47,131,79,10,43,54,101,134,41,113,40,104" hai2="114,98,31,78,119,121,19,2,76,0,110,108,99" hai3="71,13,89,72,82,16,65,44,39,85,6,57,91"/><W49/><G72/><T42/><D122/><U23/><E126/><V28/><F19/><W112/><G112/><T30/><D132/><U14/><E134/><V58/><F58/><W135/><G71/><T52/><D107/><U21/><E113/><V38/><F114/><W32/><G32/><T77/><D106/><U68/><E68/><V97/><F38/><W26/><G26/><T103/><D103/><U46/><E79/><N who="2" m="30251" /><F119/><W59/><G6/><T74/><D67/><U1/><E1/><N who="2" m="619" /><F121/><W115/><G39/><T92/><D42/><U45/><E54/><V84/><F84/><N who="3" m="50327" /><G65/><T66/><D66/><U60/><E60/><V93/><F93/><N who="3" m="54511" /><G115/><T25/><REACH who="0" step="1"/><D52/><REACH who="0" ten="222,174,281,313" step="2"/><U36/><E36/><V37/><F37/><W56/><G135/><T3/><D3/><U34/><E101/><V87/><F110/><W116/><G116/><T5/><D5/><U94/><E104/><V53/><F108/><W69/><G69/><T111/><D111/><U100/><E34/><V62/><F53/><N who="3" m="31919" /><G44/><T96/><AGARI ba="0,1" hai="7,9,15,20,25,30,74,77,81,88,92,96,117,118" machi="96" ten="20,5200,0" yaku="1,1,0,1,7,1,54,1,53,0" doraHai="124" doraHaiUra="133" who="0" fromWho="0" sc="222,62,174,-13,281,-13,313,-26" /><INIT seed="8,0,0,0,1,18" ten="284,161,268,287" oya="0" hai0="79,94,98,26,103,118,104,1,68,59,7,44,34" hai1="97,120,135,115,53,85,122,99,66,100,4,36,52" hai2="15,45,129,5,64,67,101,47,30,109,128,19,108" hai3="41,83,125,22,37,24,2,134,38,92,131,133,11"/><T31/><D118/><U27/><E135/><N who="3" m="51722" /><G131/><N who="2" m="50249" /><F5/><N who="3" m="1463" /><G125/><T126/><D126/><U61/><E36/><V102/><F30/><N who="3" m="17687" /><G41/><T13/><D79/><U56/><E115/><V132/><F132/><W130/><G130/><T74/><D74/><U28/><E4/><V57/><F57/><W124/><G124/><T10/><D68/><U119/><E119/><V58/><F58/><W87/><G92/><T96/><D44/><N who="2" m="16970" /><F109/><W63/><G63/><T51/><D51/><U81/><E120/><V123/><F108/><W88/><AGARI ba="0,0" hai="37,38,83,87,88" m="17687,1463,51722" machi="88" ten="30,4000,0" yaku="20,1,52,1,54,1" doraHai="18" who="3" fromWho="3" sc="284,-20,161,-10,268,-10,287,40" owari="264,6.0,151,-35.0,258,-14.0,327,43.0" /></mjloggm>