<mjloggm ver="2.3"><GO type="41" lobby="0"/><UN n0="%46%4D" n1="%E3%81%AD%E3%81%93%E3%81%AB%E3%82%83%E3%82%93" n2="%E2%93%9D%53%75%70%68%78" n3="%72%72%72%34%30%30%38" dan="14,15,17,14" rate="1944.59,1988.75,1999.94,1911.72" sx="M,F,M,M"/><TAIKYOKU oya="0"/><INIT seed="0,0,0,3,0,78" ten="250,250,250,250" oya="0" hai0="106,97,69,128,102,118,46,63,48,81,41,39,90" hai1="120,73,93,79,130,101,67,124,7,117,38,72,47" hai2="49,12,58,36,44,95,104,15,29,21,62,99,80" hai3="26,16,66,0,59,28,23,89,37,70,96,55,131"/><T50/><D118/><U4/><E117/><V121/><F104/><W56/><G0/><T87/><REACH who="0" step="1"/><D128/><REACH who="0" ten="240,250,250,250" step="2"/><U53/><E130/><V31/><F121/><W75/><G131/><T32/><D32/><U109/><E120/><V60/><F36/><W129/><G129/><T6/><D6/><U27/><E4/><V122/><F122/><W105/><G37/><T108/><D108/><U98/><E7/><V135/><F135/><W40/><G40/><T113/><D113/><U68/><E109/><V10/><F31/><W9/><G28/><T114/><D114/><U64/><E38/><V134/><F29/><W34/><G34/><T132/><D132/><U100/><E124/><V94/><F134/><W3/><G3/><T77/><D77/><U133/><E79/><V116/><F116/><W71/><G75/><T24/><D24/><U20/><E27/><V92/><F15/><W35/><G35/><T76/><D76/><U2/><E73/><V57/><F12/><W11/><G26/><T52/><D52/><U17/><E53/><V43/><F43/><W115/><G55/><T19/><D19/><U13/><E17/><V107/><F99/><W119/><G119/><T65/><AGARI ba="0,1" hai="39,41,46,48,50,63,65,69,81,87,90,97,102,106" machi="65" ten="30,6000,0" yaku="1,1,0,1,52,1,53,0" doraHai="78" doraHaiUra="110" who="0" fromWho="0" sc="240,70,250,-20,250,-20,250,-20" /><INIT seed="0,1,0,5,2,10" ten="310,230,230,230" oya="0" hai0="86,88,117,77,106,124,129,16,23,6,95,90,66" hai1="21,50,110,134,1,24,15,27,31,30,57,56,61" hai2="53,91,49,94,114,130,103,99,33,85,84,98,52" hai3="19,131,54,133,87,107,34,65,36,96,35,74,38"/><T11/><D117/><U43/><E1/><V39/><F114/><W83/><G131/><T113/><D113/><U75/><E75/><V37/><F33/><W79/><G133/><T64/><D106/><U76/><E76/><V101/><F130/><W25/><G54/><T104/><D104/><U45/><E134/><V93/><REACH who="2" step="1"/><F49/><REACH who="2" ten="310,230,220,230" step="2"/><W97/><G34/><T73/><D129/><U47/><E110/><V59/><F59/><W42/><G35/><T68/><D68/><U62/><E47/><V51/><F51/><W17/><G36/><T9/><D124/><U120/><E120/><V121/><F121/><W0/><G38/><T18/><D66/><U116/><E116/><V102/><F102/><W135/><G65/><T63/><D64/><U132/><E132/><V60/><F60/><W2/><G135/><T108/><D63/><U7/><E61/><V14/><F14/><W8/><G2/><T125/><D125/><U119/><E119/><V32/><F32/><W4/><G0/><T118/><D118/><U78/><E62/><V46/><F46/><W22/><G25/><T26/><D108/><U48/><E48/><V80/><F80/><W112/><G83/><T109/><D109/><U28/><E24/><V13/><F13/><W82/><G82/><T20/><D26/><U127/><E127/><V105/><F105/><W41/><G107/><T5/><D95/><U69/><E69/><V72/><F72/><W71/><G71/><T81/><D73/><U12/><E27/><V115/><F115/><W40/><G112/><T58/><D81/><U123/><E123/><RYUUKYOKU ba="1,1" sc="310,-10,230,-10,220,30,230,-10" hai2="37,39,52,53,84,85,91,93,94,98,99,101,103" /><INIT seed="1,2,1,3,4,54" ten="300,220,250,220" oya="1" hai0="17,112,33,42,94,135,118,37,56,108,52,129,84" hai1="73,13,120,109,39,62,10,2,23,22,48,106,98" hai2="124,38,134,122,30,78,87,71,133,32,114,35,47" hai3="59,51,128,55,107,103,113,18,77,91,0,64,100"/><U68/><E39/><V90/><F122/><W19/><G0/><T70/><D70/><U40/><E73/><V16/><F78/><W50/><G113/><T67/><D112/><U14/><E120/><V125/><F71/><W131/><G77/><T88/><D118/><U79/><E79/><V8/><F114/><W132/><G64/><T111/><D33/><N who="2" m="12874" /><F30/><W44/><G91/><T36/><D129/><N who="3" m="49737" /><G132/><N who="2" m="50793" /><F47/><W66/><G66/><T1/><D1/><U57/><E2/><V86/><F38/><W61/><G107/><T123/><D135/><U110/><E68/><V89/><F89/><W117/><G117/><T126/><D126/><N who="2" m="48746" /><F90/><W69/><G69/><T102/><D123/><U7/><E98/><V43/><F43/><W31/><G31/><T3/><D42/><U20/><E106/><V75/><F75/><W12/><G103/><T53/><D36/><U81/><E81/><V104/><F104/><W46/><G100/><T121/><D37/><U26/><E40/><V28/><F28/><W82/><G82/><T72/><D72/><U76/><E76/><V4/><F4/><W60/><G44/><T127/><D121/><U92/><E7/><V25/><F25/><W5/><G5/><T80/><D127/><U119/><E26/><V45/><F45/><W93/><G93/><T99/><D3/><U34/><E92/><V74/><F74/><W15/><G46/><T65/><D17/><U85/><E119/><V9/><F16/><W95/><G18/><T63/><REACH who="0" step="1"/><D53/><REACH who="0" ten="290,220,250,220" step="2"/><U58/><E34/><V21/><F21/><W11/><G19/><T115/><D115/><RYUUKYOKU ba="2,2" sc="290,15,220,-15,250,15,220,-15" hai0="52,56,63,65,67,80,84,88,94,99,102,108,111" hai2="8,9,86,87" /><INIT seed="2,3,2,2,2,52" ten="305,205,265,205" oya="2" hai0="83,87,91,19,84,131,128,133,93,95,15,25,107" hai1="105,120,11,67,96,99,81,7,17,51,65,106,40" hai2="43,38,56,111,90,47,80,54,64,70,23,62,4" hai3="79,69,0,74,42,119,36,124,101,117,16,9,14"/><V59/><F4/><W103/><G124/><T50/><D107/><U94/><E120/><V49/><F111/><W28/><G69/><T86/><D25/><U72/><E17/><V129/><F129/><N who="0" m="49738" /><D50/><U33/><E33/><V31/><F80/><W76/><G28/><T45/><D45/><U100/><E105/><V126/><F90/><W32/><G32/><T82/><D15/><U71/><E71/><V125/><F59/><W121/><G121/><T60/><D19/><U63/><E63/><V109/><F109/><W18/><G18/><T127/><D60/><U34/><E34/><V37/><F37/><W98/><G103/><T73/><D127/><U134/><E51/><V21/><F21/><W78/><G74/><T123/><D123/><U24/><E72/><V29/><F29/><W10/><G42/><T6/><D6/><U110/><E40/><V113/><F113/><W8/><G36/><T114/><D114/><U12/><E11/><V97/><F97/><W5/><REACH who="3" step="1"/><G9/><REACH who="3" ten="305,205,265,195" step="2"/><T27/><D73/><U39/><E39/><V26/><AGARI ba="3,3" hai="23,26,31,38,43,47,49,54,56,62,64,70,125,126" machi="26" ten="30,11700,0" yaku="0,1,24,2,52,1" doraHai="52" who="2" fromWho="2" sc="305,-42,205,-42,265,156,195,-42" /><INIT seed="2,4,0,3,5,85" ten="263,163,421,153" oya="2" hai0="68,24,82,103,5,134,60,7,108,135,57,118,72" hai1="48,46,8,67,128,76,96,86,87,34,42,59,125" hai2="122,38,26,75,21,114,51,116,62,131,40,66,88" hai3="94,36,70,54,1,117,22,15,41,45,100,120,98"/><V17/><F114/><W91/><G120/><T10/><D108/><U83/><E34/><V43/><F116/><W28/><G117/><T32/><D118/><U33/><E33/><V47/><F75/><W89/><G1/><T105/><D7/><U90/><E128/><V50/><F122/><W53/><G70/><T35/><D24/><U119/><E119/><V112/><F112/><W113/><G113/><T101/><D101/><U77/><E125/><V69/><F131/><W25/><REACH who="3" step="1"/><G15/><REACH who="3" ten="263,163,421,143" step="2"/><T106/><D68/><U11/><E77/><V13/><F13/><W74/><G74/><T61/><D35/><U115/><E115/><V12/><F12/><W121/><G121/><T133/><D32/><U55/><E8/><V44/><F38/><W18/><G18/><T126/><D126/><U129/><E11/><V63/><F63/><W9/><G9/><T78/><D61/><U99/><E129/><V52/><F43/><W16/><G16/><T23/><D23/><U79/><E76/><V102/><F102/><W4/><G4/><T104/><D5/><U109/><E109/><V93/><F40/><W95/><G95/><T2/><D10/><U130/><E130/><V97/><F51/><W81/><G81/><T58/><D2/><U39/><E67/><V0/><F0/><W19/><G19/><T30/><D30/><U31/><E31/><V6/><F6/><W3/><G3/><T37/><D37/><U56/><E56/><AGARI ba="4,1" hai="17,21,26,44,47,50,52,56,62,66,69,88,93,97" machi="56" ten="30,11600,0" yaku="7,1,52,1,54,2" doraHai="85" who="2" fromWho="1" sc="263,0,163,-128,421,138,143,0" /><INIT seed="2,5,0,3,4,107" ten="263,35,559,143" oya="2" hai0="1,91,117,123,21,98,59,89,85,19,104,106,103" hai1="33,88,116,61,40,38,124,96,68,78,83,105,5" hai2="11,119,44,47,131,55,36,82,49,84,0,97,24" hai3="16,35,135,64,86,13,92,62,110,15,127,74,76"/><V52/><F131/><W29/><G127/><T45/><D1/><U70/><E116/><V101/><F119/><W118/><G135/><T133/><D123/><U120/><E33/><V9/><F36/><W66/><G118/><T75/><D133/><U42/><E124/><V4/><F24/><W43/><G110/><T129/><D106/><U53/><E120/><V99/><F101/><W32/><G43/><T112/><D129/><U2/><E53/><V18/><F18/><W39/><G13/><T65/><D117/><U7/><E7/><V126/><F126/><W81/><G39/><T108/><D108/><U63/><E63/><V48/><REACH who="2" step="1"/><F11/><REACH who="2" ten="263,35,549,143" step="2"/><W73/><G29/><T93/><D112/><U67/><E38/><V87/><F87/><W37/><G37/><T90/><D85/><U121/><E121/><V50/><F50/><W69/><G35/><T122/><D122/><U46/><E61/><V8/><F8/><W58/><G32/><T56/><D104/><U132/><E105/><V23/><F23/><W80/><G16/><T95/><D19/><U79/><E132/><V130/><F130/><W3/><G86/><T60/><D21/><U128/><E128/><V113/><F113/><W31/><G31/><T57/><D98/><U6/><E96/><V30/><F30/><W54/><G62/><N who="0" m="38087" /><D103/><U34/><E34/><V26/><F26/><W94/><G74/><T12/><D75/><U134/><E134/><V22/><F22/><W25/><G73/><T71/><D60/><U102/><E102/><V41/><F41/><W51/><G25/><T115/><D115/><RYUUKYOKU ba="5,1" sc="263,-10,35,-10,549,30,143,-10" hai2="0,4,9,44,47,48,49,52,55,82,84,97,99" /><INIT seed="2,6,1,5,1,45" ten="253,25,579,133" oya="2" hai0="89,113,6,105,97,112,21,19,31,67,24,53,91" hai1="98,55,135,86,82,13,11,1,26,4,46,47,100" hai2="77,42,39,54,111,68,114,124,20,27,118,32,123" hai3="12,51,107,117,59,37,81,84,80,50,134,121,76"/><V63/><F114/><W7/><G121/><T131/><D131/><U75/><E75/><V66/><F118/><W102/><G117/><T40/><D40/><U60/><E135/><V116/><F116/><W128/><G37/><T28/><D6/><U95/><E26/><V73/><F124/><W130/><G134/><T69/><D31/><U96/><E96/><V122/><F111/><W92/><G59/><T72/><D72/><U78/><E1/><V132/><F54/><W33/><G33/><T10/><D53/><U109/><E109/><V17/><F132/><W64/><G64/><T16/><D19/><U110/><E110/><V103/><F103/><W70/><G70/><T38/><D38/><U120/><E120/><V119/><F119/><W57/><G57/><AGARI ba="6,1" hai="4,11,13,46,47,55,57,60,78,82,86,95,98,100" machi="57" ten="40,1300,0" yaku="8,1" doraHai="45" who="1" fromWho="3" sc="253,0,25,41,579,0,133,-31" /><INIT seed="3,0,0,2,1,102" ten="253,66,579,102" oya="3" hai0="47,112,2,12,8,114,64,120,49,5,14,10,134" hai1="60,107,30,45,50,71,72,15,95,93,57,87,35" hai2="33,21,124,26,54,81,67,61,118,79,46,126,121" hai3="128,62,13,108,41,86,89,6,115,105,109,130,75"/><W99/><G41/><T104/><D104/><U42/><E72/><V97/><F121/><W119/><G119/><T113/><D64/><U32/><E71/><V53/><F33/><W24/><G115/><T11/><D49/><U65/><E107/><V34/><F34/><W88/><G24/><T38/><D38/><U22/><E35/><V92/><F46/><W110/><G62/><T58/><D58/><U76/><E32/><V78/><F81/><N who="3" m="49231" /><G75/><T63/><D63/><U16/><REACH who="1" step="1"/><E30/><REACH who="1" ten="253,56,579,102" step="2"/><V80/><F118/><W39/><G39/><T37/><D120/><U17/><E17/><V69/><F69/><W82/><G105/><T31/><D31/><U68/><E68/><V9/><F126/><W106/><G106/><T90/><D37/><U36/><E36/><V40/><F124/><W56/><G56/><T96/><D47/><U116/><E116/><V132/><F61/><W25/><G25/><T20/><D114/><U83/><AGARI ba="0,1" hai="15,16,22,42,45,50,57,60,65,76,83,87,93,95" machi="83" ten="30,7900,0" yaku="1,1,0,1,8,1,54,1,53,0" doraHai="102" doraHaiUra="85" who="1" fromWho="1" sc="253,-20,56,89,579,-20,102,-39" /><INIT seed="4,0,0,2,0,31" ten="233,145,559,63" oya="0" hai0="55,80,110,120,103,65,17,16,15,102,130,83,5" hai1="59,44,41,124,39,87,40,119,29,81,112,24,26" hai2="47,104,42,99,8,100,52,122,28,64,69,73,82" hai3="10,48,101,89,27,121,77,132,116,134,61,20,126"/><T34/><D120/><U123/><E123/><V95/><F122/><W68/><G121/><RYUUKYOKU type="kaze4" ba="0,0" sc="233,0,145,0,559,0,63,0" /><INIT seed="4,1,0,0,1,71" ten="233,145,559,63" oya="0" hai0="101,112,79,47,49,25,50,98,126,96,14,109,80" hai1="9,123,57,131,38,20,64,45,118,55,84,72,42" hai2="40,43,124,59,4,24,37,30,73,48,108,13,44" hai3="0,106,27,99,69,93,15,11,5,2,62,135,97"/><T51/><D112/><U36/><E72/><V39/><F108/><W65/><G135/><T21/><D126/><U116/><E9/><V121/><F121/><W134/><G134/><T86/><D109/><U54/><E20/><V32/><F73/><W85/><G99/><T8/><D101/><U81/><E84/><V16/><F4/><W117/><G85/><T89/><D47/><U6/><E81/><V53/><F124/><W95/><G117/><T127/><D127/><U125/><E6/><V133/><F133/><W61/><G61/><T111/><D111/><U128/><E125/><V129/><F129/><N who="1" m="49737" /><E123/><V7/><F7/><W119/><G119/><N who="1" m="45610" /><E38/><V58/><F43/><W33/><G95/><T87/><D21/><U83/><E83/><V113/><F113/><W74/><G93/><T10/><D25/><U22/><E22/><V105/><F105/><W35/><G74/><T31/><D31/><U94/><E94/><V63/><F59/><W90/><G90/><T70/><D70/><U41/><E41/><V23/><AGARI ba="1,0" hai="13,16,23,24,30,32,37,39,40,44,48,53,58,63" machi="23" ten="20,8000,1" yaku="0,1,7,1,52,2,54,1" doraHai="71" who="2" fromWho="2" sc="233,-41,145,-21,559,83,63,-21" /><INIT seed="5,0,0,5,1,80" ten="192,124,642,42" oya="1" hai0="123,108,83,89,34,128,30,117,74,8,2,7,51" hai1="95,49,101,69,25,60,53,104,38,70,121,85,93" hai2="19,120,97,10,109,114,15,99,124,115,79,56,116" hai3="82,21,40,107,110,96,32,47,90,87,48,76,11"/><U46/><E121/><V84/><F109/><W71/><G110/><T64/><D108/><U63/><E38/><V22/><F124/><W135/><G135/><T52/><D117/><U73/><E73/><V75/><F116/><W29/><G32/><T113/><D113/><N who="2" m="43018" /><F120/><W43/><G71/><T61/><D128/><U91/><E104/><V5/><F75/><W50/><G107/><T92/><D123/><U86/><E101/><V57/><F84/><N who="1" m="32361" /><E69/><V78/><F78/><W36/><G36/><T130/><D130/><U0/><E0/><N who="2" m="295" /><F79/><W77/><G96/><AGARI ba="0,0" hai="15,19,22,56,57,96,97,99" m="295,43018" machi="96" ten="30,2000,0" yaku="15,1,11,1" doraHai="80" who="2" fromWho="3" sc="192,0,124,0,642,20,42,-20" /><INIT seed="6,0,0,0,4,131" ten="192,124,662,22" oya="2" hai0="4,55,93,1,99,81,29,66,41,86,27,70,89" hai1="7,22,102,26,113,64,121,65,101,75,3,68,45" hai2="25,11,61,85,98,48,36,31,96,46,52,35,50" hai3="76,38,125,128,122,53,84,30,97,2,60,104,23"/><V119/><F119/><W124/><G38/><T39/><D55/><U83/><E121/><V49/><F36/><W95/><G2/><T112/><D112/><U109/><E113/><V6/><F85/><W8/><G122/><T105/><D1/><U108/><E3/><V24/><F24/><N who="3" m="16671" /><G104/><T127/><D4/><U57/><E7/><V135/><F135/><W47/><G128/><T129/><D127/><N who="3" m="48713" /><G8/><T78/><D129/><U107/><E107/><V117/><F117/><W0/><G0/><T77/><D39/><U59/><E108/><V92/><F98/><W51/><G60/><T103/><D41/><U134/><E134/><V32/><F32/><W9/><G9/><T28/><D28/><U17/><E109/><V18/><F61/><W132/><G84/><T126/><D126/><U62/><E65/><V88/><REACH who="2" step="1"/><F18/><REACH who="2" ten="192,124,652,22" step="2"/><W54/><G76/><T130/><D130/><U21/><E17/><V13/><AGARI ba="0,1" hai="6,11,13,25,31,35,46,48,49,50,52,88,92,96" machi="13" ten="20,18000,2" yaku="1,1,2,1,0,1,7,1,54,2,53,0" doraHai="131" doraHaiUra="58" who="2" fromWho="2" sc="192,-60,124,-60,652,190,22,-60" owari="132,-7.0,64,-34.0,842,95.0,-38,-54.0" /></mjloggm>