<mjloggm ver="2.3"><GO type="41" lobby="0"/><UN n0="%E2%93%9D%53%75%70%68%78" n1="%73%75%6D%69%79%61" n2="%E3%81%BC%E3%82%93%E3%81%BC%E3%82%93" n3="%4E%69%6D%69%53%6F%72%61" dan="17,13,14,13" rate="2044.23,1853.47,1962.79,1831.72" sx="M,M,M,M"/><TAIKYOKU oya="0"/><INIT seed="0,0,0,0,4,66" ten="250,250,250,250" oya="0" hai0="18,100,23,33,50,22,76,60,20,113,26,124,130" hai1="65,6,79,78,30,12,128,84,61,15,2,55,77" hai2="4,96,112,63,64,10,36,75,107,126,102,109,134" hai3="59,39,31,14,81,106,53,9,73,72,56,111,97"/><T67/><D113/><U114/><E128/><V123/><F109/><W3/><G39/><T80/><D124/><U127/><E114/><V16/><F112/><W38/><G38/><T48/><D130/><U54/><E2/><V47/><F126/><W24/><G111/><T99/><D50/><U71/><E30/><V90/><F134/><W8/><G106/><T34/><D48/><U135/><E127/><V42/><F123/><W74/><G97/><T57/><D34/><U27/><E27/><V133/><F133/><W45/><G81/><T17/><D33/><U105/><E105/><V19/><F90/><W21/><G3/><T131/><D131/><U41/><E41/><V49/><F75/><W40/><G40/><T11/><D11/><U0/><E0/><V58/><REACH who="2" step="1"/><F36/><REACH who="2" ten="250,250,240,250" step="2"/><W1/><G1/><AGARI ba="0,1" hai="1,4,10,16,19,42,47,49,58,63,64,96,102,107" machi="1" ten="30,7700,0" yaku="1,1,2,1,7,1,54,1,53,0" doraHai="66" doraHaiUra="68" who="2" fromWho="3" sc="250,0,250,0,240,87,250,-77" /><INIT seed="1,0,0,5,1,23" ten="250,250,327,173" oya="1" hai0="83,78,30,7,35,8,43,68,96,119,36,56,26" hai1="65,10,0,116,77,117,41,49,89,69,25,48,73" hai2="131,1,104,18,92,81,95,45,106,91,112,59,66" hai3="122,47,90,31,103,125,97,86,84,29,11,133,14"/><U128/><E128/><V16/><F1/><W61/><G122/><T22/><D68/><U17/><E69/><V113/><F131/><W71/><G125/><T57/><D119/><U74/><E65/><V9/><F45/><W132/><G47/><T21/><D96/><U114/><E114/><N who="2" m="44139" /><F81/><W63/><G71/><T134/><D134/><N who="3" m="51817" /><G103/><T58/><D43/><U130/><E130/><V80/><F80/><W107/><G107/><N who="2" m="41001" /><F9/><W12/><G97/><T46/><D46/><U110/><E89/><V62/><F95/><N who="3" m="54727" /><G86/><AGARI ba="0,0" hai="16,18,59,62,66,86,91,92" m="41001,44139" machi="86" ten="30,2000,0" yaku="11,1,54,1" doraHai="23" who="2" fromWho="3" sc="250,0,250,0,327,20,173,-20" /><INIT seed="2,0,0,1,3,18" ten="250,250,347,153" oya="2" hai0="116,30,75,98,103,86,133,134,132,120,93,95,39" hai1="57,60,117,129,80,109,101,90,121,127,68,108,118" hai2="105,27,113,35,45,20,112,59,89,135,67,6,37" hai3="126,119,29,8,85,106,94,52,100,22,70,74,51"/><V77/><F105/><W84/><G119/><T14/><D39/><U46/><E101/><V56/><F35/><W62/><G74/><T26/><D120/><U25/><E80/><V61/><F135/><W23/><G126/><T13/><D75/><U7/><E7/><V76/><F6/><W92/><G106/><T2/><D2/><U34/><E90/><V49/><F37/><W71/><G71/><T124/><D124/><U123/><E127/><V73/><F73/><W111/><G111/><N who="1" m="42570" /><E25/><V72/><F72/><W21/><G70/><T55/><D55/><N who="1" m="33855" /><E34/><V99/><F56/><N who="3" m="35079" /><G8/><T53/><D116/><N who="1" m="44651" /><E68/><V11/><F11/><W122/><G122/><N who="1" m="46602" /><E46/><V40/><F99/><N who="3" m="59495" /><G29/><T83/><D134/><U115/><E129/><V107/><F107/><W125/><G125/><T24/><D133/><U130/><E130/><V88/><F77/><W33/><G33/><T63/><D30/><U65/><E65/><V17/><REACH who="2" step="1"/><F76/><REACH who="2" ten="250,250,337,153" step="2"/><W42/><G94/><T81/><D95/><U64/><E64/><V102/><F102/><W50/><G42/><T3/><D132/><U48/><E48/><AGARI ba="0,1" hai="21,22,23,48,50,51,84,85" m="59495,35079" machi="48" ten="30,8000,1" yaku="8,1,52,3,54,1" doraHai="18" who="3" fromWho="1" sc="250,0,250,-80,337,0,153,90" /><INIT seed="3,0,0,4,2,20" ten="250,170,337,243" oya="3" hai0="119,70,109,35,12,25,33,59,47,44,77,29,112" hai1="117,61,93,68,16,52,32,0,122,50,30,75,42" hai2="89,135,9,71,72,129,26,38,36,48,88,73,57" hai3="67,128,19,126,60,105,76,125,104,39,84,66,111"/><W5/><G39/><T10/><D119/><U110/><E122/><V43/><F71/><W49/><G128/><T103/><D70/><U100/><E75/><V91/><F129/><W28/><G5/><T113/><D109/><U53/><E110/><V102/><F102/><W63/><G28/><T37/><D77/><U118/><E0/><V11/><F135/><W108/><G49/><T132/><D35/><U98/><E42/><V15/><F57/><W124/><G19/><T107/><D59/><U121/><E121/><V4/><F9/><W58/><G76/><T74/><D74/><U130/><E130/><V18/><F48/><W46/><G46/><T95/><D107/><N who="3" m="41033" /><G84/><T41/><D47/><U8/><E30/><V2/><F38/><W101/><G101/><T14/><D132/><U34/><E53/><V99/><F99/><W54/><G54/><T45/><D45/><U79/><E79/><V106/><F106/><W17/><G17/><T97/><REACH who="0" step="1"/><D10/><REACH who="0" ten="240,170,337,243" step="2"/><U116/><E68/><AGARI ba="0,1" hai="58,60,63,66,67,68,108,111,124,125,126" m="41033" machi="68" ten="40,2000,0" yaku="18,1" doraHai="20" who="3" fromWho="1" sc="240,0,170,-20,337,0,243,30" /><INIT seed="3,1,0,1,4,58" ten="240,150,337,273" oya="3" hai0="93,96,28,80,88,111,42,113,124,76,127,12,25" hai1="114,15,44,78,107,9,30,85,102,112,11,18,66" hai2="56,52,72,39,60,79,121,54,133,23,63,130,8" hai3="94,126,129,117,74,53,5,120,55,68,90,35,104"/><W97/><G120/><T99/><D42/><U6/><E30/><V118/><F118/><W64/><G74/><T43/><D43/><U1/><E102/><V34/><F34/><W106/><G117/><T50/><D50/><U45/><E107/><V123/><F39/><W92/><G35/><T29/><D12/><U24/><E24/><V119/><F119/><W0/><G129/><T128/><D29/><U109/><E109/><V57/><F130/><W108/><G126/><N who="0" m="48171" /><D128/><U101/><E101/><V7/><F23/><W81/><G108/><T84/><D111/><U19/><E66/><V36/><F36/><W22/><G22/><N who="0" m="15415" /><D113/><U4/><E112/><V89/><F89/><W38/><G38/><T73/><AGARI ba="1,0" hai="73,76,80,84,88,93,96,99" m="15415,48171" machi="73" ten="30,2000,0" yaku="18,1,54,1" doraHai="58" who="0" fromWho="0" sc="240,23,150,-6,337,-6,273,-11" /><INIT seed="4,0,0,4,5,79" ten="263,144,331,262" oya="0" hai0="126,42,70,38,78,3,60,86,57,64,62,124,9" hai1="10,105,123,29,32,100,130,81,115,114,18,66,13" hai2="72,85,113,84,134,91,36,28,63,133,43,129,14" hai3="26,107,92,1,109,67,17,135,19,95,23,116,27"/><T5/><D42/><U24/><E123/><V40/><F72/><W52/><G116/><T99/><D38/><U120/><E120/><V104/><F104/><W69/><G109/><T90/><D78/><U35/><E66/><V68/><F129/><W50/><G1/><T22/><D99/><U88/><E130/><V82/><F113/><N who="1" m="43017" /><E100/><V112/><F112/><W131/><G107/><T25/><D62/><U111/><E105/><V51/><F36/><W108/><G135/><N who="2" m="51721" /><F28/><W110/><G131/><T30/><REACH who="0" step="1"/><D70/><REACH who="0" ten="253,144,331,262" step="2"/><U71/><E71/><V76/><F51/><W54/><G69/><T2/><D2/><U83/><E111/><V49/><F49/><W75/><G50/><T8/><D8/><U15/><E35/><V98/><F98/><W101/><G101/><T16/><D16/><N who="1" m="8247" /><E88/><N who="2" m="51223" /><F68/><W59/><G23/><AGARI ba="0,1" hai="15,18,23,24,29,32,81,83" m="8247,43017" machi="23" ten="30,8000,1" yaku="15,1,11,1,52,2,54,1" doraHai="79" who="1" fromWho="3" sc="253,0,144,90,331,0,262,-80" /><INIT seed="5,0,0,1,5,97" ten="253,234,331,182" oya="1" hai0="0,71,80,64,100,23,5,60,119,33,128,4,50" hai1="89,62,44,58,70,63,134,88,45,14,7,29,15" hai2="84,66,76,116,79,51,106,99,124,73,42,54,132" hai3="21,90,12,67,105,112,117,96,115,68,135,17,35"/><U120/><E134/><V2/><F116/><W83/><G135/><T61/><D33/><U18/><E120/><V123/><F132/><W81/><G117/><T126/><D119/><U31/><E70/><V110/><F110/><W104/><G35/><T109/><D109/><U19/><E58/><V47/><F2/><W74/><G68/><T130/><D126/><U11/><E11/><V40/><F123/><W8/><G67/><T108/><D108/><U6/><AGARI ba="0,0" hai="6,7,14,15,18,19,29,31,44,45,62,63,88,89" machi="6" ten="25,12000,1" yaku="0,1,22,2,8,1,54,1" doraHai="97" who="1" fromWho="1" sc="253,-40,234,120,331,-40,182,-40" /><INIT seed="5,1,0,5,5,57" ten="213,354,291,142" oya="1" hai0="44,22,110,68,92,89,7,50,132,37,93,18,54" hai1="6,41,102,4,130,36,120,104,85,124,80,8,109" hai2="81,66,9,128,49,122,23,63,20,76,38,126,105" hai3="55,15,59,26,21,14,98,58,118,96,47,99,95"/><U116/><E120/><V134/><F122/><W101/><G118/><T64/><D110/><U35/><E116/><V16/><F38/><W67/><G47/><T2/><D132/><U115/><E124/><V82/><F126/><W46/><G46/><T75/><D75/><U83/><E35/><V25/><F105/><W125/><G125/><T29/><D29/><U19/><E115/><V129/><F49/><W69/><G69/><T119/><D7/><U74/><E74/><V91/><F91/><W34/><G34/><T77/><D2/><U133/><E130/><N who="2" m="50283" /><F9/><W79/><G79/><T13/><D77/><U84/><E133/><V86/><F134/><W70/><G70/><T42/><D119/><U5/><E102/><V0/><F0/><W12/><G55/><T17/><D89/><U73/><E73/><V106/><F106/><W65/><G58/><N who="0" m="33111" /><D18/><U53/><E104/><V100/><F100/><W39/><G39/><T10/><D10/><U117/><E117/><V60/><F66/><N who="3" m="25099" /><G59/><T114/><D114/><U62/><E36/><V30/><F82/><W28/><AGARI ba="1,0" hai="12,14,15,21,26,28,95,96,98,99,101" m="25099" machi="28" ten="30,1100,0" yaku="8,1" doraHai="57" who="3" fromWho="3" sc="213,-4,354,-6,291,-4,142,14" /><INIT seed="6,0,0,5,0,102" ten="209,348,287,156" oya="2" hai0="0,110,19,2,69,35,57,18,39,5,20,44,135" hai1="70,25,134,99,131,40,46,78,130,47,61,60,89" hai2="68,86,22,105,4,29,52,38,26,62,72,119,117" hai3="114,32,41,58,11,91,108,42,125,104,75,14,16"/><V132/><F72/><W133/><G75/><T84/><D69/><U107/><E78/><V106/><F38/><W50/><G108/><T9/><D57/><U123/><E134/><V88/><F132/><W43/><G133/><T10/><D84/><U31/><E123/><V112/><F112/><W27/><G114/><T73/><D44/><U92/><E107/><V63/><F4/><W55/><G125/><T30/><D39/><U28/><E70/><V115/><F115/><W54/><G104/><T65/><D65/><U101/><E89/><V111/><F111/><W74/><G74/><T118/><D73/><U96/><E99/><V126/><F126/><W121/><G121/><T71/><D71/><U21/><E31/><V113/><F113/><W13/><G13/><N who="0" m="7471" /><D118/><U94/><E92/><V24/><F117/><W34/><G91/><T120/><D110/><U23/><E23/><V56/><F119/><W8/><G8/><N who="0" m="2087" /><D135/><U97/><E97/><V95/><REACH who="2" step="1"/><F26/><REACH who="2" ten="209,348,277,156" step="2"/><W90/><G27/><N who="0" m="14751" /><D120/><U33/><E33/><V93/><F93/><W77/><G32/><T12/><D35/><U1/><E1/><V37/><F37/><W66/><G34/><T82/><D2/><U45/><E40/><V127/><F127/><W6/><G42/><T53/><D82/><U3/><E3/><V49/><F49/><W128/><G50/><T81/><D81/><U36/><E36/><V100/><F100/><W51/><G51/><T17/><D53/><U109/><E109/><V80/><F80/><W129/><G43/><T7/><D7/><U103/><E103/><V59/><F59/><RYUUKYOKU ba="0,1" sc="209,10,348,10,277,10,156,-30" hai0="10,12,17,30" hai1="21,25,28,45,46,47,60,61,94,96,101,130,131" hai2="22,24,29,52,56,62,63,68,86,88,95,105,106" /><INIT seed="6,1,1,3,0,120" ten="219,358,287,126" oya="2" hai0="69,103,21,13,1,17,53,71,56,44,54,82,66" hai1="132,2,85,23,131,3,9,121,6,63,115,59,126" hai2="37,79,32,65,102,55,36,8,62,26,104,97,96" hai3="47,27,46,109,93,19,18,122,16,57,50,133,81"/><V111/><F79/><W124/><G122/><T40/><D1/><U42/><E121/><V128/><F128/><W105/><G105/><T48/><D103/><U61/><E131/><V68/><F55/><W0/><G133/><T41/><D82/><U49/><E132/><V90/><F8/><W12/><G124/><T74/><D74/><U45/><E126/><V22/><F111/><W127/><G127/><T35/><D35/><U60/><E115/><V75/><F75/><W11/><G109/><T99/><D99/><U98/><E2/><V94/><REACH who="2" step="1"/><F22/><REACH who="2" ten="219,358,277,126" step="2"/><N who="3" m="13767" /><G0/><T92/><D54/><U114/><E23/><V108/><F108/><W129/><G129/><T38/><D41/><U15/><E3/><V58/><F58/><W34/><G34/><T118/><D71/><U107/><E114/><V78/><F78/><W88/><G81/><T83/><D83/><U70/><E70/><V39/><F39/><W125/><G125/><T64/><D69/><U28/><E59/><V91/><F91/><W130/><G130/><T77/><D77/><U29/><E85/><V134/><F134/><W113/><G113/><T25/><D56/><U43/><E43/><V76/><F76/><W33/><G33/><T95/><D40/><U80/><E80/><V73/><F73/><W72/><G72/><T112/><D112/><U84/><E84/><V4/><F4/><N who="3" m="3175" /><G57/><T101/><D53/><U67/><E67/><V100/><F100/><W31/><G31/><AGARI ba="1,2" hai="26,31,32,36,37,62,65,68,90,94,96,97,102,104" machi="31" ten="40,7700,0" yaku="1,1,25,2,53,0" doraHai="120" doraHaiUra="135" who="2" fromWho="3" sc="219,0,358,0,277,100,126,-80" /><INIT seed="6,2,0,4,1,57" ten="219,358,377,46" oya="2" hai0="61,43,51,39,38,68,100,13,19,120,122,1,71" hai1="99,108,114,103,119,127,97,76,123,47,96,29,59" hai2="111,15,86,89,22,4,128,90,35,80,105,117,95" hai3="34,121,56,135,65,110,115,49,93,18,44,50,17"/><V109/><F35/><W0/><G121/><T104/><D13/><U41/><E108/><V70/><F70/><N who="0" m="26666" /><D19/><U46/><E119/><V132/><F117/><W9/><G110/><N who="2" m="41993" /><F105/><W116/><G116/><T58/><D100/><U12/><E114/><V75/><F4/><W42/><G135/><T74/><D1/><U45/><E127/><V134/><F22/><W28/><G115/><T54/><D74/><U73/><E123/><N who="0" m="47145" /><D104/><U125/><E125/><V53/><F53/><W112/><G112/><T8/><D8/><U25/><E76/><N who="2" m="44063" /><F15/><W10/><G0/><T26/><D26/><U5/><E73/><V30/><F30/><W72/><G72/><T36/><D43/><U21/><E5/><V102/><F128/><W87/><G34/><T40/><D40/><U32/><E41/><V106/><F90/><N who="3" m="53471" /><G28/><T16/><D16/><N who="3" m="6249" /><G50/><AGARI ba="2,0" hai="36,38,39,50,51,54,58,61" m="47145,26666" machi="50" ten="40,5200,0" yaku="34,2,52,1" doraHai="57" who="0" fromWho="3" sc="219,58,358,0,377,0,46,-58" owari="277,-12.0,358,16.0,377,47.0,-12,-51.0" /></mjloggm>