<mjloggm ver="2.3"><GO type="41" lobby="0"/><UN n0="%66%78%71%79" n1="%73%65%61%73%74%6F%72%79" n2="%E3%81%97%E3%82%89%E3%81%BB%E3%81%9F" n3="%E2%93%9D%53%75%70%68%78" dan="15,15,13,18" rate="2004.12,1979.73,1818.96,2104.70" sx="M,M,M,M"/><TAIKYOKU oya="0"/><INIT seed="0,0,0,5,0,99" ten="250,250,250,250" oya="0" hai0="13,45,22,127,37,69,30,62,121,89,134,34,112" hai1="27,20,36,1,111,95,16,78,96,65,93,81,72" hai2="106,60,98,38,74,50,68,25,104,55,31,14,4" hai3="53,23,33,35,87,77,122,115,83,61,49,3,40"/><T86/><D121/><U32/><E1/><V76/><F38/><W130/><G115/><T47/><D112/><U119/><E119/><V128/><F128/><W109/><G3/><T42/><D134/><U125/><E36/><V108/><F108/><W129/><G40/><T58/><D127/><U132/><E111/><V131/><F131/><N who="3" m="50187" /><G109/><T110/><D69/><U80/><E132/><V123/><F123/><W70/><G23/><T91/><D110/><U44/><E125/><V10/><F76/><W54/><G122/><T85/><D34/><N who="3" m="12809" /><G49/><T114/><D47/><U9/><E32/><V102/><F74/><W0/><G0/><T63/><D114/><U2/><E65/><AGARI ba="0,0" hai="53,54,61,65,70,77,83,87" m="12809,50187" machi="65" ten="30,1000,0" yaku="19,1" doraHai="99" who="3" fromWho="1" sc="250,0,250,-10,250,0,250,10" /><INIT seed="1,0,0,5,1,116" ten="250,240,250,260" oya="1" hai0="86,2,70,97,27,98,111,4,37,131,35,43,106" hai1="120,18,49,67,11,22,39,73,57,15,56,24,64" hai2="128,102,9,89,104,69,91,119,99,90,80,123,45" hai3="115,129,20,58,38,23,113,44,7,31,34,17,13"/><U114/><E114/><V47/><F119/><W107/><G107/><T60/><D131/><U127/><E39/><V94/><F69/><W12/><G58/><T29/><D98/><U10/><E73/><V53/><F128/><W26/><G44/><T21/><D86/><U75/><E75/><V68/><F68/><W46/><G46/><T109/><D21/><U103/><E127/><V124/><F124/><W118/><G38/><T130/><D130/><U66/><E103/><V28/><F28/><W36/><G36/><T25/><D25/><U82/><E120/><V74/><F9/><N who="3" m="4159" /><G129/><T33/><D33/><U14/><E82/><V16/><F123/><W6/><G118/><T1/><D4/><N who="1" m="3399" /><E49/><V71/><F71/><W51/><G51/><T125/><D125/><U62/><E62/><V135/><F135/><W105/><G105/><T84/><D84/><U52/><E52/><V101/><F53/><W76/><G76/><T59/><D59/><U54/><E54/><V41/><F102/><W96/><G96/><T5/><D5/><AGARI ba="0,0" hai="5,11,15,18,22,24,56,57,64,66,67" m="3399" machi="5" ten="30,1500,0" yaku="8,1" doraHai="116" who="1" fromWho="0" sc="250,-15,240,15,250,0,260,0" /><INIT seed="1,1,0,4,1,46" ten="235,255,250,260" oya="1" hai0="19,119,27,35,133,57,79,67,52,41,2,132,4" hai1="99,88,72,30,16,135,3,97,110,75,37,106,90" hai2="134,26,54,40,96,32,29,39,68,104,126,122,78" hai3="10,115,59,58,80,107,6,25,69,0,38,121,45"/><U89/><E37/><V48/><F122/><W84/><G121/><T63/><D119/><U65/><E3/><V94/><F126/><W13/><G107/><T51/><D79/><U118/><E118/><V22/><F134/><W60/><G115/><T7/><D41/><U77/><E30/><V47/><F104/><W56/><G0/><T95/><D2/><U108/><E65/><V24/><F78/><W93/><G93/><T92/><D35/><U23/><E135/><N who="0" m="51785" /><D27/><U103/><E99/><V125/><F125/><W105/><G105/><T15/><D4/><U43/><E43/><V33/><F68/><W127/><G69/><N who="0" m="42239" /><D7/><U130/><E130/><V120/><F24/><W66/><G127/><T36/><D36/><U86/><E86/><V85/><F85/><W18/><G38/><T17/><D17/><U117/><E117/><V102/><REACH who="2" step="1"/><F120/><REACH who="2" ten="235,255,240,260" step="2"/><W64/><G25/><T50/><D95/><U124/><E124/><V129/><F129/><W101/><G84/><T1/><D92/><U109/><E77/><V128/><F128/><W12/><G80/><T62/><D1/><U20/><E20/><AGARI ba="1,1" hai="15,19,20,50,51,52,57,62" m="42239,51785" machi="20" ten="30,7700,0" yaku="20,1,52,2,54,1" doraHai="46" who="0" fromWho="1" sc="235,90,255,-80,240,0,260,0" /><INIT seed="2,0,0,4,4,70" ten="325,175,240,260" oya="2" hai0="112,87,42,11,114,109,76,46,50,3,119,134,73" hai1="4,97,131,66,84,61,45,59,75,110,89,40,6" hai2="14,44,64,54,130,108,132,39,13,118,9,102,72" hai3="129,48,2,111,116,62,74,16,82,27,100,103,125"/><V20/><F118/><W113/><G2/><T69/><D69/><U101/><E75/><V0/><F72/><W121/><G121/><T68/><D68/><U123/><E123/><V38/><F132/><W85/><G111/><T30/><D134/><U95/><E110/><V120/><F120/><W60/><G125/><T35/><D109/><U57/><E57/><V71/><F130/><W32/><G32/><T78/><D78/><U98/><E98/><V25/><F108/><W122/><G113/><T36/><D50/><U8/><E8/><V126/><F126/><W56/><G129/><T37/><D87/><U34/><E34/><V94/><F0/><W53/><G116/><T124/><D124/><U83/><REACH who="1" step="1"/><E131/><REACH who="1" ten="325,165,240,260" step="2"/><V49/><F9/><W18/><G74/><T135/><D119/><U7/><E7/><V23/><F71/><W127/><G127/><T15/><D135/><U77/><E77/><V52/><F44/><W96/><G122/><T93/><D76/><U115/><E115/><V67/><F102/><W17/><G103/><T55/><D73/><U80/><E80/><V26/><F49/><AGARI ba="0,1" hai="4,6,40,45,49,59,61,66,83,84,89,95,97,101" machi="49" ten="30,7700,0" yaku="1,1,7,1,8,1,53,1" doraHai="70" doraHaiUra="41" who="1" fromWho="2" sc="325,0,165,87,240,-77,260,0" /><INIT seed="3,0,0,5,5,108" ten="325,252,163,260" oya="3" hai0="82,83,90,26,46,27,24,55,25,76,40,30,64" hai1="100,61,129,111,130,75,47,36,94,133,124,73,80" hai2="56,11,57,13,112,8,89,21,42,107,128,69,118" hai3="22,78,0,54,18,70,113,14,3,87,105,52,32"/><W98/><G70/><T117/><D117/><U127/><E111/><V31/><F118/><W60/><G32/><T97/><D64/><U67/><E36/><V38/><F69/><W10/><G113/><T119/><D119/><U4/><E47/><V99/><F128/><W120/><G120/><T1/><D1/><U28/><E4/><V9/><F112/><W74/><G74/><T43/><D43/><U102/><E28/><V17/><F31/><W115/><G115/><T23/><D55/><U123/><E123/><V114/><F114/><W58/><G54/><T85/><D97/><U101/><E94/><V15/><F15/><W20/><G3/><T103/><D103/><U53/><E53/><V65/><F65/><W6/><G98/><T109/><D109/><U116/><E116/><V77/><F77/><W93/><G105/><T37/><D26/><U121/><E121/><V51/><F38/><W62/><G22/><T5/><D5/><U12/><E12/><V34/><F34/><W66/><G66/><T50/><D37/><U63/><E67/><V106/><F107/><W7/><G7/><T71/><D71/><U131/><E80/><V33/><F33/><W132/><G132/><T86/><AGARI ba="0,0" hai="23,24,25,27,30,40,46,50,76,82,83,85,86,90" machi="86" ten="20,2700,0" yaku="0,1,7,1,8,1" doraHai="108" who="0" fromWho="0" sc="325,27,252,-7,163,-7,260,-13" /><INIT seed="4,0,0,3,3,90" ten="352,245,156,247" oya="0" hai0="92,120,134,26,9,29,95,106,59,77,66,70,124" hai1="51,83,53,113,62,98,67,34,72,43,99,55,101" hai2="52,23,126,45,24,132,112,17,130,115,97,71,103" hai3="78,40,81,36,20,7,135,111,128,39,85,107,64"/><T69/><D120/><U73/><E34/><V32/><F71/><W44/><G111/><T125/><D106/><U31/><E31/><V25/><F130/><W127/><G107/><T123/><D123/><U65/><E43/><V18/><F132/><W54/><G127/><N who="0" m="48715" /><D77/><U61/><E83/><V108/><F126/><W22/><G64/><T121/><D121/><U94/><E51/><V133/><F133/><W46/><G128/><T37/><D37/><U86/><E86/><V13/><F108/><W68/><G68/><N who="0" m="26219" /><D9/><U19/><E101/><V10/><F32/><W16/><G135/><T96/><D96/><U119/><E119/><V118/><F118/><W88/><G22/><N who="0" m="15575" /><D134/><U28/><E28/><V15/><F52/><W5/><G78/><T47/><D47/><U105/><E105/><V11/><F45/><W122/><G122/><T102/><D102/><U6/><E6/><V89/><F89/><W82/><G82/><T109/><D109/><U60/><E60/><AGARI ba="0,0" hai="59,60,66,92,95" m="15575,26219,48715" machi="60" ten="30,5800,0" yaku="18,1,52,2" doraHai="90" who="0" fromWho="1" sc="352,58,245,-58,156,0,247,0" /><INIT seed="4,1,0,4,1,31" ten="410,187,156,247" oya="0" hai0="118,5,70,44,125,84,72,71,47,4,0,83,111" hai1="107,56,104,41,95,54,27,37,77,51,58,99,116" hai2="65,9,2,40,36,101,121,12,53,8,17,120,79" hai3="123,64,94,102,127,24,25,115,46,42,49,96,106"/><T23/><D118/><U73/><E116/><V133/><F101/><W81/><G115/><T32/><D32/><U34/><E77/><V67/><F133/><W134/><G127/><T19/><D125/><U48/><E73/><V82/><F53/><W114/><G114/><T108/><D72/><U90/><E37/><V112/><F112/><W74/><G134/><T130/><D130/><U76/><E76/><V105/><F105/><W122/><G64/><T6/><D0/><U89/><E89/><V135/><F135/><W131/><G131/><T117/><D117/><U11/><E11/><V55/><F55/><W78/><REACH who="3" step="1"/><G106/><REACH who="3" ten="410,187,156,237" step="2"/><T93/><D71/><U86/><E107/><V45/><F65/><W68/><G68/><T91/><D70/><U3/><E104/><V43/><F67/><W69/><G69/><T33/><D111/><U22/><E3/><V62/><F120/><AGARI ba="1,1" hai="24,25,42,46,49,74,78,81,94,96,102,120,122,123" machi="120" ten="40,2600,0" yaku="1,1,13,1,53,0" doraHai="31" doraHaiUra="10" who="3" fromWho="2" sc="410,0,187,0,156,-29,237,39" /><INIT seed="5,0,0,0,2,64" ten="410,187,127,276" oya="1" hai0="115,43,27,101,111,126,105,95,18,89,66,86,106" hai1="102,50,99,88,15,78,109,3,41,25,114,74,77" hai2="63,122,76,93,57,53,31,87,16,97,22,47,104" hai3="130,55,48,71,116,20,40,90,62,58,108,28,7"/><U39/><E3/><V68/><F122/><W73/><G73/><T121/><D111/><U119/><E119/><V124/><F124/><W110/><G7/><T128/><D128/><U134/><E109/><V9/><F104/><W100/><G100/><T60/><D121/><U10/><E39/><V112/><F112/><W123/><G90/><T4/><D43/><U46/><E114/><V94/><F31/><W32/><G32/><T113/><D126/><U45/><E134/><V103/><F9/><W67/><G123/><T131/><D4/><U49/><E74/><V91/><F76/><W24/><G130/><T75/><D75/><U96/><E25/><V92/><F68/><W0/><G0/><T125/><D125/><U2/><E2/><V117/><F47/><W11/><G11/><T13/><D27/><U59/><E59/><V84/><F117/><W36/><G116/><T118/><D118/><U54/><E102/><V135/><F135/><W12/><G12/><T132/><D132/><U17/><E99/><V44/><F44/><AGARI ba="0,0" hai="20,24,28,36,40,44,48,55,58,62,67,71,108,110" machi="44" ten="40,5200,0" yaku="24,2,52,1" doraHai="64" who="3" fromWho="2" sc="410,0,187,0,127,-52,276,52" /><INIT seed="6,0,0,0,0,54" ten="410,187,75,328" oya="2" hai0="71,111,101,81,120,106,119,76,55,42,36,94,47" hai1="109,50,0,66,68,122,114,7,116,113,117,52,62" hai2="118,1,86,92,56,20,77,134,85,99,90,79,35" hai3="17,18,61,40,3,41,57,29,32,128,38,72,49"/><V95/><F35/><W64/><G72/><T63/><D120/><U11/><E122/><V84/><F1/><W39/><G3/><T60/><D111/><U126/><E109/><V34/><F34/><W110/><G29/><T65/><D119/><U44/><REACH who="1" step="1"/><E126/><REACH who="1" ten="410,177,75,328" step="2"/><V124/><F124/><W21/><G110/><T27/><D106/><U83/><E83/><V9/><F118/><AGARI ba="0,1" hai="0,7,11,44,50,52,62,66,68,113,114,116,117,118" machi="118" ten="40,5200,0" yaku="1,1,54,1,53,1" doraHai="54" doraHaiUra="48" who="1" fromWho="2" sc="410,0,177,62,75,-52,328,0" /><INIT seed="7,0,0,2,0,66" ten="410,239,23,328" oya="3" hai0="20,15,18,1,13,123,70,101,58,39,122,76,90" hai1="46,41,63,61,24,88,6,108,69,82,135,95,42" hai2="33,29,5,45,2,109,28,113,80,99,26,115,124" hai3="17,36,131,107,133,55,92,11,19,97,57,127,114"/><W125/><G36/><T93/><D70/><U96/><E108/><V34/><F109/><W116/><G116/><T10/><D1/><U43/><E135/><V77/><F99/><W130/><G107/><T23/><D39/><U78/><E46/><V14/><F14/><W84/><G84/><T54/><D76/><U65/><E6/><V48/><F124/><N who="3" m="47691" /><G114/><T35/><D35/><U118/><E63/><V4/><F4/><W16/><G11/><T3/><D3/><U0/><E0/><V40/><F48/><N who="3" m="30951" /><G133/><T104/><D104/><U38/><E24/><V53/><F53/><W25/><G25/><T117/><D101/><AGARI ba="0,0" hai="16,17,19,92,97,101,130,131" m="30951,47691" machi="101" ten="30,2900,0" yaku="18,1,54,1" doraHai="66" who="3" fromWho="0" sc="410,-29,239,0,23,0,328,29" /><INIT seed="7,1,0,4,1,58" ten="381,239,23,357" oya="3" hai0="128,26,53,117,133,80,85,106,9,3,87,20,72" hai1="63,130,35,81,54,96,112,17,37,56,86,71,38" hai2="33,105,124,34,107,73,31,24,103,0,7,60,47" hai3="42,132,99,121,27,104,116,1,135,40,78,50,15"/><W89/><G1/><T100/><D117/><U12/><E35/><V8/><F47/><W94/><G116/><T64/><D64/><U77/><E130/><V120/><F120/><W16/><G121/><T51/><D128/><U82/><E112/><V36/><F36/><W65/><G78/><T75/><D87/><U45/><E71/><V95/><F95/><W68/><G27/><T125/><D125/><U127/><E127/><V59/><F73/><W129/><G129/><T76/><D133/><N who="3" m="51273" /><G50/><T88/><D9/><U11/><E45/><V101/><F124/><W5/><G5/><T21/><D3/><U115/><E115/><V97/><F59/><W98/><G65/><T44/><D75/><U67/><E67/><V102/><F60/><W62/><G62/><T6/><D6/><U110/><E110/><V123/><F103/><N who="3" m="62583" /><G68/><T10/><D10/><AGARI ba="1,0" hai="10,15,16,40,42,89,94,99" m="62583,51273" machi="10" ten="30,2900,0" yaku="20,1,54,1" doraHai="58" who="3" fromWho="0" sc="381,-32,239,0,23,0,357,32" owari="349,15.0,239,-16.0,23,-48.0,389,49.0" /></mjloggm>