<mjloggm ver="2.3"><GO type="41" lobby="0"/><UN n0="%E3%83%AB%E3%82%A4%E3%83%AB%E3%82%A4%E3%83%AB%E3%82%A4" n1="%6B%61%6D%61%6D%69%6B%69" n2="%E2%93%9D%53%75%70%68%78" n3="%E8%99%9A%E5%BF%83%E5%9D%A6%E6%87%90" dan="15,14,18,14" rate="2016.01,1926.19,2087.31,1875.13" sx="M,M,M,M"/><TAIKYOKU oya="0"/><INIT seed="0,0,0,3,1,8" ten="250,250,250,250" oya="0" hai0="4,108,71,100,99,51,35,66,88,13,33,132,3" hai1="115,86,22,124,116,0,42,95,31,97,15,61,135" hai2="104,30,16,37,5,109,134,68,96,44,58,123,130" hai3="131,18,7,89,74,125,119,45,20,59,29,78,105"/><T113/><D113/><U79/><E0/><V110/><F123/><W126/><G105/><T129/><D3/><U6/><E116/><V64/><F5/><W69/><G119/><T77/><D77/><U52/><E42/><V83/><F30/><W55/><G69/><T56/><D71/><U25/><E115/><V12/><F68/><W26/><G131/><T47/><D35/><U118/><E135/><V53/><F64/><W10/><G74/><T38/><D33/><U28/><E28/><V92/><F104/><W62/><G78/><T72/><D38/><U19/><E6/><V9/><F83/><W70/><G70/><T81/><D72/><U49/><E61/><V94/><F130/><W127/><G45/><T106/><D129/><U98/><E124/><V65/><F65/><W128/><G128/><T1/><D1/><U36/><E36/><V73/><F73/><W82/><G82/><T114/><D114/><U17/><E17/><V2/><F2/><N who="3" m="375" /><G89/><T102/><D102/><U63/><E63/><N who="2" m="36303" /><F134/><W32/><G32/><T48/><D132/><U14/><E118/><V80/><F80/><W27/><G29/><T21/><D47/><N who="1" m="27711" /><E31/><V11/><F11/><W122/><G122/><T41/><D41/><U90/><E79/><V76/><F76/><W101/><G101/><T40/><D100/><U43/><E43/><N who="2" m="22639" /><F96/><AGARI ba="0,0" hai="14,15,19,22,25,86,90,95,96,97,98" m="27711" machi="96" ten="30,7700,0" yaku="8,1,52,2,54,1" doraHai="8" who="1" fromWho="2" sc="250,0,250,77,250,-77,250,0" /><INIT seed="1,0,0,5,1,9" ten="250,327,173,250" oya="1" hai0="41,84,31,76,64,118,13,135,36,110,19,2,114" hai1="51,30,21,100,68,33,86,99,97,4,50,104,119" hai2="73,26,8,52,94,128,34,0,45,81,126,103,46" hai3="71,72,80,57,53,54,89,107,133,12,108,75,111"/><U96/><E68/><V56/><F128/><W27/><G71/><T20/><D114/><U132/><E33/><V90/><F126/><W93/><G107/><T16/><D2/><U32/><E32/><V5/><F103/><W92/><G27/><T117/><D110/><N who="3" m="42025" /><G133/><T60/><D135/><U98/><E119/><V125/><F125/><W88/><G80/><T130/><D130/><U1/><E1/><V44/><F34/><W109/><N who="3" m="42033" /><W91/><DORA hai="17" /><G12/><N who="0" m="9223" /><D118/><U10/><E132/><V95/><F26/><W38/><G38/><T77/><D117/><U70/><E70/><V35/><F35/><W69/><G69/><T116/><D36/><U78/><E100/><V39/><F39/><W120/><G120/><T85/><D116/><U18/><E30/><V42/><F42/><W82/><G82/><T123/><D31/><U102/><E102/><V7/><F7/><W25/><G25/><T59/><D41/><U22/><E4/><V124/><F124/><W47/><G47/><T58/><D58/><U113/><E113/><V6/><F6/><W129/><G129/><T131/><D123/><U37/><E37/><V49/><REACH who="2" step="1"/><F90/><REACH who="2" ten="250,327,163,250" step="2"/><W28/><G91/><T14/><D131/><U112/><E112/><V115/><F115/><W105/><G88/><T23/><D14/><N who="1" m="7511" /><E104/><V74/><F74/><W61/><G105/><T127/><D127/><U65/><E78/><AGARI ba="0,1" hai="0,5,8,44,45,46,49,52,56,73,78,81,94,95" machi="78" ten="40,2600,0" yaku="1,1,54,1,53,0" doraHai="9,17" doraHaiUra="67,63" who="2" fromWho="1" sc="250,0,327,-26,163,36,250,0" /><AGARI ba="0,0" hai="13,19,23,59,60,64,76,77,78,84,85" m="9223" machi="78" ten="30,12000,2" yaku="8,1,52,4,54,1" doraHai="9,17" who="0" fromWho="1" sc="250,120,301,-120,199,0,250,0" /><INIT seed="2,0,0,5,0,122" ten="370,181,199,250" oya="2" hai0="83,80,29,10,94,57,78,49,42,100,58,9,39" hai1="65,124,23,56,134,3,112,105,26,76,68,59,22" hai2="77,117,19,91,32,118,128,40,27,101,127,52,21" hai3="82,15,93,47,62,132,123,126,84,88,60,95,99"/><V135/><F40/><W86/><G123/><T31/><D39/><U90/><E3/><V106/><F77/><W121/><G121/><T41/><D78/><U63/><E105/><V33/><F128/><W12/><G126/><T133/><D133/><U115/><E124/><V85/><F127/><W109/><G132/><T64/><D94/><U45/><E76/><V129/><F129/><W18/><G109/><T5/><D49/><U131/><E23/><V14/><F135/><W24/><G47/><T8/><D10/><U6/><E6/><V98/><F52/><W74/><G74/><T51/><D51/><U114/><E45/><V116/><REACH who="2" step="1"/><F27/><REACH who="2" ten="370,181,189,250" step="2"/><W69/><G24/><T79/><D79/><U46/><E46/><V0/><F0/><W75/><G15/><T72/><D72/><U38/><E38/><V103/><F103/><W11/><G75/><T110/><D100/><U20/><E131/><V67/><F67/><W2/><G2/><T113/><D64/><U7/><E134/><V28/><F28/><W35/><G12/><T44/><D44/><U16/><E7/><V25/><F25/><W30/><G30/><T54/><D54/><U61/><E22/><V97/><F97/><W37/><G99/><T96/><D96/><U107/><E107/><V73/><F73/><W71/><G35/><T81/><D5/><U111/><E111/><V43/><F43/><N who="0" m="16394" /><D113/><U50/><E50/><V92/><AGARI ba="0,1" hai="14,19,21,32,33,85,91,92,98,101,106,116,117,118" machi="92" ten="30,3000,0" yaku="1,1,0,1,53,0" doraHai="122" doraHaiUra="36" who="2" fromWho="2" sc="370,-10,181,-10,189,40,250,-10" /><INIT seed="2,1,0,5,3,85" ten="360,171,229,240" oya="2" hai0="3,14,66,40,123,130,61,1,111,84,70,95,80" hai1="37,78,60,69,62,23,98,32,92,43,132,58,94" hai2="97,21,116,68,102,5,127,120,105,35,114,135,22" hai3="15,86,4,56,27,115,103,8,124,26,16,39,30"/><V88/><F114/><W63/><G39/><T51/><D123/><U109/><E32/><V6/><F120/><W34/><G124/><T93/><D130/><U52/><E132/><V45/><F116/><W13/><G115/><T25/><D111/><U83/><E109/><V79/><F79/><W47/><G103/><T112/><D112/><U7/><E7/><V131/><F68/><W9/><G47/><T55/><D40/><U74/><E37/><V73/><F73/><W36/><G36/><T46/><D25/><U41/><E23/><V31/><F35/><W0/><G86/><T107/><D107/><U128/><E94/><N who="2" m="56519" /><F105/><W38/><G38/><T99/><D14/><U20/><E20/><N who="2" m="7787" /><F127/><W53/><REACH who="3" step="1"/><G26/><REACH who="3" ten="360,171,229,230" step="2"/><T113/><D113/><U104/><E128/><V121/><F131/><W77/><G77/><T91/><REACH who="0" step="1"/><D95/><REACH who="0" ten="350,171,229,230" step="2"/><U57/><E104/><V89/><F121/><W76/><G76/><AGARI ba="1,2" hai="1,3,46,51,55,61,66,70,76,80,84,91,93,99" machi="76" ten="30,8000,1" yaku="1,1,2,1,7,1,52,1,53,1" doraHai="85" doraHaiUra="67" who="0" fromWho="3" sc="350,103,171,0,229,0,230,-83" /><INIT seed="3,0,0,3,4,134" ten="453,171,229,147" oya="3" hai0="72,100,56,61,0,89,57,84,102,109,63,93,40" hai1="133,116,114,74,90,132,6,1,95,113,4,17,24" hai2="18,29,122,70,11,34,82,13,75,120,52,27,50" hai3="117,5,101,69,86,123,10,2,105,30,45,87,32"/><W127/><G117/><T53/><D0/><U33/><E74/><V23/><F70/><W98/><G123/><N who="2" m="47145" /><F82/><W37/><G69/><T19/><D72/><U128/><E90/><V62/><F75/><W39/><G87/><T8/><D40/><U26/><E95/><V96/><F62/><W59/><G86/><T80/><D109/><U126/><E116/><V71/><F71/><W91/><G91/><T108/><D108/><U121/><E1/><V66/><F66/><W65/><G65/><T44/><D93/><U99/><E99/><V83/><F83/><W111/><G59/><T68/><D68/><U110/><E121/><V12/><F96/><W119/><G111/><T77/><D77/><U46/><E46/><N who="2" m="27735" /><F13/><W107/><G119/><T36/><D36/><N who="3" m="13897" /><G45/><T48/><D57/><U58/><E58/><V60/><F60/><N who="0" m="23114" /><D56/><U85/><E85/><V21/><AGARI ba="0,0" hai="11,12,18,21,23,27,29,34" m="27735,47145" machi="21" ten="30,2000,0" yaku="13,1,54,1" doraHai="134" who="2" fromWho="2" sc="453,-5,171,-5,229,20,147,-10" /><INIT seed="4,0,0,2,3,108" ten="448,166,249,137" oya="0" hai0="24,98,107,51,42,97,89,6,16,32,2,66,100" hai1="131,91,113,104,30,62,8,99,14,65,39,19,1" hai2="106,56,54,10,50,25,48,4,44,67,120,34,22" hai3="94,124,95,21,76,71,27,52,37,77,93,92,102"/><T133/><D66/><U85/><E39/><V9/><F106/><W121/><G37/><T11/><D133/><U118/><E118/><V3/><F120/><W58/><G71/><T112/><D112/><U122/><E122/><V127/><F127/><W59/><G121/><T73/><D73/><U35/><E1/><V87/><F34/><W33/><G124/><T28/><D97/><U69/><E131/><V5/><F87/><W17/><G33/><T125/><D125/><U114/><E91/><V88/><F88/><W132/><G132/><T7/><D7/><U45/><E85/><V26/><F22/><W55/><N who="3" m="23552" /><DORA hai="103" /><W130/><G102/><T86/><D89/><U31/><E45/><V23/><F23/><W63/><REACH who="3" step="1"/><G130/><REACH who="3" ten="448,166,249,127" step="2"/><T41/><D86/><U46/><E46/><V84/><F84/><W80/><G80/><T101/><D100/><N who="1" m="62495" /><E31/><V29/><F29/><W90/><G90/><T0/><D0/><U129/><E129/><V15/><F3/><W13/><G13/><T110/><D110/><U109/><E109/><V64/><F15/><W83/><G83/><T123/><D123/><U78/><E78/><V72/><F44/><W36/><G36/><T115/><D101/><U105/><E105/><V38/><F38/><W81/><G81/><T117/><D32/><U79/><E79/><V20/><F72/><W47/><G47/><T43/><D107/><U40/><E40/><V116/><F116/><W82/><G82/><T68/><D43/><U111/><E111/><V135/><F135/><W126/><G126/><T18/><D42/><U60/><E60/><AGARI ba="0,1" hai="17,21,27,52,55,58,59,60,63,76,77" m="23552" machi="60" ten="50,8000,1" yaku="1,1,6,1,9,1,8,1,54,1,53,0" doraHai="108,103" doraHaiUra="128,61" who="3" fromWho="1" sc="448,0,166,-80,249,0,127,90" /><INIT seed="5,0,0,2,1,5" ten="448,86,249,217" oya="1" hai0="131,31,80,73,74,19,117,95,3,100,9,79,123" hai1="135,129,61,116,43,35,18,67,64,107,20,134,96" hai2="0,59,46,77,28,99,52,30,55,118,68,111,15" hai3="17,109,50,7,84,4,120,78,98,83,1,122,114"/><U33/><E43/><V66/><F0/><W82/><G109/><T51/><D117/><U10/><E116/><V90/><F111/><W14/><G114/><T115/><D131/><U81/><E81/><V62/><F77/><W12/><G98/><T11/><D31/><U124/><E129/><V40/><F118/><W26/><G1/><T48/><D115/><U60/><E20/><V132/><F132/><N who="1" m="50729" /><E124/><V103/><F90/><W110/><G110/><T87/><D74/><U23/><E23/><V101/><F101/><W121/><G50/><N who="0" m="18987" /><D73/><U38/><E38/><V39/><F55/><W2/><G2/><T63/><D3/><U47/><E47/><V29/><F15/><W112/><G112/><T94/><D123/><U76/><E76/><V88/><F88/><W65/><G122/><T27/><D63/><N who="1" m="24139" /><E96/><V72/><F72/><W125/><G121/><T41/><D41/><U32/><E107/><V22/><F22/><N who="3" m="13647" /><G83/><T133/><D133/><U113/><E113/><V89/><F89/><W25/><G120/><T42/><D42/><U21/><E21/><V37/><F37/><W34/><G78/><T54/><D100/><U130/><E130/><V53/><REACH who="2" step="1"/><F59/><REACH who="2" ten="448,86,239,217" step="2"/><W16/><G84/><T49/><D87/><U92/><E92/><AGARI ba="0,1" hai="28,29,30,39,40,46,52,53,62,66,68,92,99,103" machi="92" ten="40,5200,0" yaku="1,1,2,1,54,1,53,0" doraHai="5" doraHaiUra="104" who="2" fromWho="1" sc="448,0,86,-52,239,62,217,0" /><INIT seed="6,0,0,2,4,41" ten="448,34,301,217" oya="2" hai0="89,78,24,90,3,25,86,42,31,30,83,37,6" hai1="47,127,19,135,103,66,130,35,14,95,50,85,33" hai2="92,64,107,55,1,60,113,133,51,54,126,76,69" hai3="97,72,16,99,67,49,10,20,80,8,48,102,87"/><V13/><F1/><W2/><G72/><T12/><D3/><U45/><E127/><V0/><F0/><W52/><G67/><T62/><D62/><U57/><E130/><V116/><F107/><W58/><G49/><T125/><D125/><U81/><E135/><V94/><F116/><W53/><G53/><T112/><D112/><U118/><E118/><V63/><F76/><W61/><G61/><T32/><D37/><U129/><E129/><V26/><F13/><W9/><G2/><T59/><D59/><U7/><E7/><V110/><F110/><W111/><G102/><T77/><D77/><U74/><E74/><V82/><F82/><W132/><G132/><T98/><D98/><U100/><E33/><V56/><F113/><W44/><G58/><T131/><D131/><U65/><E35/><V11/><F11/><W88/><G111/><T21/><REACH who="0" step="1"/><D42/><REACH who="0" ten="438,34,301,217" step="2"/><U68/><E68/><V84/><F126/><W70/><G70/><T73/><D73/><U15/><E57/><V120/><F133/><W17/><G99/><T38/><D38/><U124/><E124/><V5/><F63/><W119/><G97/><T122/><D122/><U114/><E50/><V28/><F120/><W106/><G119/><T23/><D23/><U101/><E114/><V96/><F69/><W29/><G106/><T40/><D40/><U121/><E121/><V27/><F60/><W4/><G4/><T115/><D115/><U134/><E134/><V39/><F5/><W43/><G43/><T36/><D36/><U91/><E14/><V117/><F117/><W128/><G128/><RYUUKYOKU ba="0,1" sc="438,15,34,-15,301,-15,217,15" hai0="6,12,21,24,25,30,31,32,78,83,86,89,90" hai3="8,9,10,16,17,20,29,44,48,52,80,87,88" /><INIT seed="7,1,1,1,2,1" ten="453,19,286,232" oya="3" hai0="99,46,135,127,9,29,113,42,64,35,133,104,102" hai1="50,115,71,68,89,57,132,109,88,123,15,47,90" hai2="48,61,11,28,0,54,7,81,118,95,98,107,110" hai3="3,65,79,87,105,100,60,39,36,73,128,52,17"/><W119/><G119/><T53/><D127/><U14/><E123/><V121/><F110/><W126/><G126/><T112/><D64/><U70/><E115/><N who="0" m="44105" /><D53/><U122/><E132/><V82/><F107/><W23/><G3/><T45/><D9/><U40/><E109/><V19/><F28/><W6/><G6/><T69/><D69/><U10/><E122/><V96/><F96/><W38/><G73/><T27/><D46/><U2/><REACH who="1" step="1"/><E57/><REACH who="1" ten="453,9,286,232" step="2"/><V117/><F121/><W22/><G36/><AGARI ba="1,2" hai="27,29,35,36,42,45,99,102,104,133,135" m="44105" machi="36" ten="30,3900,0" yaku="15,1,11,1,23,1" doraHai="1" who="0" fromWho="3" sc="453,62,9,0,286,0,232,-42" owari="515,61.0,9,-49.0,286,9.0,190,-21.0" /></mjloggm>