<mjloggm ver="2.3"><GO type="41" lobby="0"/><UN n0="%E2%98%86%E5%AD%AB%E7%87%95%E5%A7%BF%E2%98%86" n1="%E6%96%B0%E5%9F%8E%32%32%37%37" n2="%6F%63%63%75%70%79" n3="%E2%93%9D%53%75%70%68%78" dan="15,14,13,18" rate="1980.25,1921.26,2001.54,2187.01" sx="M,M,M,M"/><TAIKYOKU oya="0"/><INIT seed="0,0,0,3,4,44" ten="250,250,250,250" oya="0" hai0="83,9,63,51,77,36,5,2,16,73,116,121,17" hai1="66,135,105,7,75,67,118,106,78,91,29,99,127" hai2="133,68,47,28,22,103,46,74,4,97,100,3,123" hai3="131,129,112,87,49,61,15,0,122,114,93,13,132"/><T57/><D116/><U39/><E118/><V65/><F74/><W104/><G0/><T76/><D121/><U35/><E39/><V111/><F133/><W55/><G104/><T94/><D77/><U89/><E127/><V18/><F28/><W124/><G124/><T71/><D36/><U26/><E7/><V23/><F23/><W80/><G93/><T117/><D117/><U12/><E12/><N who="3" m="4682" /><G61/><T10/><D10/><U42/><E42/><V60/><F103/><W70/><G70/><T27/><D27/><U1/><E91/><V72/><F72/><W115/><G132/><T90/><D71/><U48/><E1/><V81/><F81/><W109/><G109/><T69/><D69/><U31/><E75/><V96/><F97/><W120/><G87/><T130/><D130/><N who="3" m="49673" /><G80/><T102/><D102/><U126/><E126/><V25/><F123/><N who="3" m="47147" /><G55/><T62/><D62/><U37/><E106/><V113/><F113/><W56/><G56/><T53/><D63/><U50/><E105/><V58/><F68/><W85/><G85/><AGARI ba="0,0" hai="2,5,9,16,17,51,53,57,73,76,83,85,90,94" machi="85" ten="30,5800,0" yaku="7,1,52,1,54,1" doraHai="44" who="0" fromWho="3" sc="250,58,250,0,250,0,250,-58" /><INIT seed="0,1,0,1,1,94" ten="308,250,250,192" oya="0" hai0="41,74,70,109,54,35,61,93,28,30,12,114,38" hai1="62,75,115,97,132,79,27,58,5,64,90,46,72" hai2="117,33,32,126,134,73,65,129,101,86,84,96,110" hai3="89,81,104,24,125,119,102,52,80,3,108,85,60"/><T69/><D114/><U48/><E115/><V51/><F110/><W0/><G119/><T82/><D109/><U127/><E127/><V76/><F65/><W1/><G108/><T100/><D70/><U131/><E131/><V99/><F51/><W4/><G125/><T116/><D116/><U18/><E5/><V10/><F10/><W37/><G37/><T133/><D133/><U25/><E79/><V123/><F33/><W43/><G43/><T111/><D111/><U66/><E64/><V113/><F32/><W13/><G24/><T20/><D35/><U17/><E75/><V91/><F113/><W57/><G81/><T8/><D82/><U14/><E72/><V107/><F117/><W19/><G4/><T53/><D74/><U130/><E18/><V112/><F112/><W56/><G56/><T68/><D20/><N who="1" m="11319" /><E132/><V98/><F126/><W77/><G77/><T124/><D69/><U106/><E106/><V45/><F45/><W29/><G29/><T118/><D118/><U92/><E130/><V55/><F55/><AGARI ba="1,0" hai="25,27,46,48,55,58,62,66,90,92,97" m="11319" machi="55" ten="30,2000,0" yaku="8,1,52,1" doraHai="94" who="1" fromWho="2" sc="308,0,250,23,250,-23,192,0" /><INIT seed="1,0,0,2,3,73" ten="308,273,227,192" oya="1" hai0="126,31,61,75,121,76,112,25,49,123,13,82,6" hai1="9,41,92,91,47,18,57,39,7,115,20,104,102" hai2="74,10,67,129,3,52,106,33,113,125,28,103,14" hai3="34,132,101,63,95,43,38,88,50,12,108,24,64"/><U90/><E115/><V16/><F74/><W71/><G108/><T84/><D112/><U98/><E104/><V100/><F113/><W124/><G132/><T51/><D126/><U65/><E65/><V128/><F67/><W96/><G124/><T15/><D61/><U21/><E57/><V23/><F125/><W27/><G38/><T8/><D75/><U17/><E21/><V45/><F106/><W120/><G120/><N who="0" m="46155" /><D15/><U131/><E131/><N who="2" m="50251" /><F33/><AGARI ba="0,0" hai="6,8,13,25,31,33,49,51,76,82,84" m="46155" machi="33" ten="30,2000,0" yaku="13,1,52,1" doraHai="73" who="0" fromWho="2" sc="308,20,273,0,227,-20,192,0" /><INIT seed="2,0,0,1,3,58" ten="328,273,207,192" oya="2" hai0="64,128,11,97,98,2,103,96,51,72,55,88,130" hai1="32,30,61,31,110,40,44,108,19,76,119,3,0" hai2="106,71,41,115,62,84,73,20,25,90,89,92,35" hai3="112,21,87,6,39,52,69,78,47,53,120,79,1"/><V125/><F125/><W15/><G120/><T66/><D72/><U59/><E119/><V4/><F115/><W134/><G1/><N who="1" m="586" /><E76/><V48/><F4/><W86/><G69/><T38/><D38/><U117/><E19/><V57/><F35/><W100/><G134/><T133/><D103/><U131/><E131/><N who="0" m="50217" /><D133/><U49/><E32/><V109/><F109/><N who="1" m="42089" /><E117/><V99/><F71/><W135/><G100/><T85/><D11/><U93/><E93/><V23/><F73/><W50/><G112/><T123/><D2/><U114/><E114/><V113/><F113/><W17/><G135/><T18/><D18/><U14/><E14/><V104/><F23/><W22/><G22/><T43/><D43/><U63/><E59/><V10/><F41/><W29/><G15/><T68/><D68/><U65/><E65/><V42/><F42/><W26/><G17/><T74/><D74/><U16/><E16/><N who="2" m="12423" /><F10/><W111/><G111/><T77/><D77/><N who="3" m="29193" /><G6/><T116/><D123/><U95/><E95/><N who="2" m="54695" /><F48/><N who="3" m="28703" /><G39/><T118/><D118/><U126/><E126/><V24/><F24/><W27/><G27/><T105/><D116/><U94/><E94/><V28/><F28/><AGARI ba="0,0" hai="28,30,31,40,44,49,61,63" m="42089,586" machi="28" ten="30,3900,0" yaku="14,1,52,2" doraHai="58" who="1" fromWho="2" sc="328,0,273,39,207,-39,192,0" /><INIT seed="3,0,0,1,3,10" ten="328,312,168,192" oya="3" hai0="40,123,108,73,54,28,109,100,103,43,52,47,35" hai1="120,90,129,42,26,125,27,107,15,82,133,130,41" hai2="62,93,58,121,106,36,118,25,44,81,30,21,38" hai3="111,128,60,59,99,124,24,9,79,45,72,135,84"/><W33/><G72/><T57/><D73/><U56/><E120/><V4/><F106/><W65/><G128/><N who="1" m="49258" /><E107/><V126/><F126/><W19/><G124/><T22/><D35/><U101/><E101/><N who="0" m="38985" /><D123/><U68/><E68/><V116/><F4/><W8/><G135/><T7/><D7/><U97/><E125/><V32/><F32/><W2/><G111/><N who="0" m="42571" /><D57/><U94/><E56/><V34/><F34/><W69/><G69/><T74/><D74/><U20/><E82/><V11/><F11/><W77/><G9/><T5/><D5/><U117/><E117/><V70/><F70/><W132/><G132/><T0/><D0/><U95/><E95/><V119/><F121/><W23/><G2/><T91/><D91/><U29/><E29/><V110/><F110/><W50/><G8/><T16/><D28/><U105/><E105/><V1/><F1/><W49/><G33/><T98/><D98/><U115/><E115/><V87/><F93/><W55/><G99/><T131/><D131/><U63/><E63/><V64/><REACH who="2" step="1"/><F44/><REACH who="2" ten="328,312,158,192" step="2"/><W88/><REACH who="3" step="1"/><G50/><REACH who="3" ten="328,312,158,182" step="2"/><T92/><D22/><U18/><E133/><V127/><F127/><W76/><G76/><AGARI ba="0,2" hai="21,25,30,36,38,58,62,64,76,81,87,116,118,119" machi="76" ten="40,2600,0" yaku="1,1,53,1" doraHai="10" doraHaiUra="61" who="2" fromWho="3" sc="328,0,312,0,158,46,182,-26" /><INIT seed="4,0,0,5,5,116" ten="328,312,204,156" oya="0" hai0="32,113,48,112,13,15,50,122,1,58,59,30,124" hai1="61,9,49,26,71,111,3,86,0,42,76,92,31" hai2="110,64,63,99,115,60,51,74,5,29,121,105,127" hai3="131,24,44,57,81,102,84,100,132,20,39,18,82"/><T114/><D1/><U133/><E133/><V6/><F74/><W88/><G132/><T66/><D30/><U4/><E111/><V108/><F115/><W75/><G131/><T23/><D32/><U11/><E71/><V54/><F127/><W98/><G39/><T70/><D23/><U7/><E61/><V91/><F63/><W94/><G44/><T10/><D70/><U17/><E42/><V33/><F121/><W78/><REACH who="3" step="1"/><G57/><REACH who="3" ten="328,312,204,146" step="2"/><T90/><D59/><U123/><E123/><V62/><F108/><W37/><G37/><T14/><D122/><U109/><E109/><V77/><F110/><W93/><G93/><T41/><D58/><U67/><E92/><V118/><F118/><W56/><G56/><T96/><D124/><U27/><E67/><V43/><F64/><W52/><G52/><T120/><D66/><U103/><E0/><V135/><F54/><W104/><G104/><T8/><D120/><U126/><E3/><V128/><F105/><W35/><G35/><T25/><D41/><U80/><E49/><V107/><F128/><W106/><G106/><T68/><D68/><U97/><E126/><V21/><F51/><W85/><G85/><T16/><D50/><U34/><E86/><V55/><F33/><W119/><G119/><T45/><D48/><U101/><E34/><V2/><F135/><W73/><G73/><T53/><D45/><U89/><E97/><V130/><F99/><W40/><G40/><T12/><D53/><U28/><E80/><V72/><F43/><W22/><G22/><T69/><D69/><U117/><E117/><RYUUKYOKU ba="0,1" sc="328,-10,312,-10,204,-10,146,30" hai3="18,20,24,75,78,81,82,84,88,94,98,100,102" /><INIT seed="5,1,1,3,4,30" ten="318,302,194,176" oya="1" hai0="82,128,52,125,73,132,61,123,94,86,14,22,111" hai1="107,18,85,1,105,119,93,15,55,35,2,66,110" hai2="41,129,103,53,8,117,11,79,6,96,99,4,42" hai3="3,57,26,89,58,48,121,25,88,51,63,112,133"/><U127/><E119/><V126/><F117/><W67/><G3/><T83/><D111/><U45/><E127/><V108/><F108/><W72/><G72/><T38/><D38/><U102/><E66/><V92/><F126/><W9/><G121/><T10/><D125/><U28/><E45/><V31/><F129/><W36/><G36/><T40/><D40/><U17/><E55/><V76/><F31/><W5/><G112/><T47/><D73/><U87/><E93/><V68/><F68/><W74/><G74/><T75/><D75/><U27/><E110/><V114/><F114/><W50/><G133/><T116/><D116/><U131/><E18/><V44/><F53/><W97/><G58/><T54/><D22/><U0/><E131/><V80/><F92/><W98/><G9/><T24/><D24/><N who="3" m="9321" /><G5/><T49/><D132/><U104/><REACH who="1" step="1"/><E102/><REACH who="1" ten="318,292,194,176" step="2"/><V65/><F65/><W33/><G67/><T56/><D128/><U13/><E13/><V7/><F103/><W134/><G134/><T106/><D54/><U101/><E101/><V71/><F44/><W59/><G59/><T29/><D47/><U12/><E12/><V113/><F113/><W20/><G57/><T122/><D56/><U95/><E95/><V70/><F6/><W64/><G64/><T130/><D130/><U120/><E120/><V91/><F80/><W21/><G63/><T43/><D61/><U69/><E69/><V78/><F70/><W100/><G100/><T32/><D123/><U118/><E118/><V81/><F71/><W135/><G135/><T62/><D122/><U109/><E109/><RYUUKYOKU ba="1,2" sc="318,-10,292,30,194,-10,176,-10" hai1="0,1,2,15,17,27,28,35,85,87,104,105,107" /><INIT seed="5,2,2,3,5,125" ten="308,322,184,166" oya="1" hai0="105,6,22,26,9,29,93,60,78,43,12,102,30" hai1="117,132,109,38,55,31,28,51,107,95,75,39,48" hai2="62,106,135,124,79,104,90,13,37,84,8,25,52" hai3="133,49,59,71,96,83,54,129,35,80,112,116,2"/><U91/><E117/><V126/><F37/><W123/><G123/><T64/><D105/><U122/><E107/><V20/><F79/><W118/><G2/><T120/><D120/><U36/><E122/><V67/><F135/><W61/><G35/><T32/><D32/><U81/><E132/><V100/><F100/><W53/><G133/><T76/><D30/><U27/><E109/><V89/><F89/><W134/><G134/><T45/><D93/><U97/><E51/><V73/><F73/><W11/><G11/><T17/><D102/><U77/><REACH who="1" step="1"/><E27/><REACH who="1" ten="308,312,184,166" step="2"/><V69/><F106/><W50/><G118/><T23/><D43/><U85/><E85/><V74/><F104/><W128/><G116/><T121/><D121/><U68/><E68/><V98/><F98/><W82/><G96/><T92/><D45/><AGARI ba="2,3" hai="28,31,36,38,39,45,48,55,75,77,81,91,95,97" machi="45" ten="40,2000,0" yaku="1,1,53,0" doraHai="125" doraHaiUra="65" who="1" fromWho="0" sc="308,-26,312,56,184,0,166,0" /><INIT seed="5,3,0,5,5,104" ten="282,368,184,166" oya="1" hai0="40,84,28,115,125,11,3,94,38,90,71,27,89" hai1="77,61,14,19,0,60,1,68,135,99,66,26,24" hai2="103,31,112,100,88,87,116,117,95,98,5,16,35" hai3="62,86,126,21,74,30,120,22,23,43,20,107,114"/><U58/><E135/><V67/><F67/><W118/><G120/><T69/><D115/><U8/><E99/><V50/><F5/><W10/><G107/><T12/><D3/><U70/><E70/><V133/><F133/><W80/><G114/><T36/><D125/><U132/><E77/><V92/><F112/><W15/><G126/><T37/><D40/><U4/><E132/><V111/><F111/><W83/><G118/><T46/><D46/><U124/><E124/><V39/><F39/><W41/><G62/><T13/><D90/><U81/><E81/><V64/><F64/><W45/><G74/><T54/><D54/><U109/><E109/><V9/><F50/><W129/><G129/><T2/><D2/><U108/><E0/><V134/><F134/><W56/><G56/><T76/><D76/><U53/><REACH who="1" step="1"/><E108/><REACH who="1" ten="282,358,184,166" step="2"/><V78/><F78/><W113/><G113/><T17/><REACH who="0" step="1"/><D13/><REACH who="0" ten="272,358,184,166" step="2"/><U59/><E59/><V102/><F116/><W105/><G15/><T91/><D91/><U55/><E55/><V130/><F117/><W49/><G43/><T51/><D51/><U65/><E65/><V25/><F130/><W119/><G119/><T82/><D82/><U6/><E6/><V121/><F121/><W7/><G83/><T123/><D123/><U101/><E101/><V42/><F42/><W34/><G41/><T75/><D75/><U106/><E106/><V96/><F100/><W32/><G105/><T48/><D48/><U93/><E93/><V122/><F122/><W127/><G127/><T110/><D110/><U73/><E73/><V44/><F102/><RYUUKYOKU ba="3,2" sc="272,15,358,15,184,-15,166,-15" hai0="11,12,17,27,28,36,37,38,69,71,84,89,94" hai1="1,4,8,14,19,24,26,53,58,60,61,66,68" /><INIT seed="5,4,2,4,3,1" ten="287,373,169,151" oya="1" hai0="115,78,82,94,97,111,88,122,20,126,24,100,134" hai1="110,85,83,35,18,77,102,127,8,43,13,81,104" hai2="58,47,106,30,125,23,66,96,80,105,55,95,36" hai3="79,70,45,135,27,116,90,4,68,19,114,61,87"/><U60/><E110/><V93/><F125/><W67/><G114/><T11/><D111/><U117/><E117/><V89/><F66/><W10/><G116/><T44/><D115/><U32/><E127/><V21/><F95/><W129/><G79/><T5/><D126/><U51/><E60/><V31/><F105/><W62/><G129/><T109/><D109/><U132/><E132/><V131/><F131/><W26/><G19/><T16/><D122/><U37/><E37/><V54/><F106/><W25/><G45/><T133/><D44/><U50/><E35/><V113/><F80/><W91/><G135/><N who="0" m="51723" /><D78/><U40/><E32/><V73/><F73/><W15/><REACH who="3" step="1"/><G87/><REACH who="3" ten="287,373,169,141" step="2"/><N who="0" m="50295" /><D11/><U39/><E8/><V53/><F113/><W123/><G123/><T52/><D5/><U41/><E77/><V92/><F47/><W124/><G124/><T7/><D7/><U29/><E85/><V128/><F128/><W108/><G108/><T14/><D52/><N who="2" m="20074" /><F36/><W120/><G120/><T49/><D49/><U72/><E39/><V98/><F31/><W84/><G84/><T107/><D107/><U46/><E29/><V103/><F30/><W48/><G48/><AGARI ba="4,3" hai="21,23,48,55,58,89,92,93,96,98,103" m="20074" machi="48" ten="30,2000,0" yaku="8,1,54,1" doraHai="1" who="2" fromWho="3" sc="287,0,373,0,169,62,141,-32" /><INIT seed="6,0,0,3,2,107" ten="287,373,231,109" oya="2" hai0="85,42,19,106,68,94,104,51,88,23,66,93,122" hai1="37,134,46,102,63,82,77,91,117,32,96,11,135" hai2="35,10,45,64,56,7,17,50,95,125,39,133,1" hai3="103,3,62,109,55,52,124,47,83,131,22,53,75"/><V126/><F35/><W30/><G109/><T92/><D122/><U43/><E32/><V74/><F74/><W38/><G3/><T67/><D42/><U9/><E63/><V105/><F105/><W48/><G131/><T15/><D106/><N who="1" m="63815" /><E91/><V2/><F39/><W98/><G124/><N who="2" m="47721" /><F133/><N who="1" m="50697" /><E117/><V27/><F95/><W34/><G38/><T97/><D104/><U127/><E127/><V71/><F27/><W111/><G111/><T28/><D68/><U57/><E57/><V123/><F123/><W99/><G34/><T72/><D94/><U31/><E31/><V80/><F80/><W29/><G29/><T65/><D28/><U41/><E41/><N who="2" m="24879" /><F17/><W101/><G101/><N who="0" m="60583" /><D72/><AGARI ba="0,0" hai="9,11,37,43,46,72,77,82" m="50697,63815" machi="72" ten="30,2000,0" yaku="20,1,52,1" doraHai="107" who="1" fromWho="0" sc="287,-20,373,20,231,0,109,0" /><INIT seed="7,0,0,3,0,98" ten="267,393,231,109" oya="3" hai0="0,116,121,114,41,30,9,104,109,72,56,132,61" hai1="19,31,5,49,55,28,27,15,2,64,97,74,14" hai2="62,128,25,73,79,81,51,122,77,126,69,70,103" hai3="46,57,16,22,82,101,38,7,115,113,119,52,78"/><W32/><G32/><T35/><RYUUKYOKU type="yao9" ba="0,0" sc="267,0,393,0,231,0,109,0" hai0="0,9,30,35,41,56,61,72,104,109,114,116,121,132" /><INIT seed="7,1,0,4,5,72" ten="267,393,231,109" oya="3" hai0="114,81,9,54,99,98,10,49,89,16,51,102,127" hai1="60,18,88,132,56,29,106,39,125,13,97,82,80" hai2="36,25,47,131,2,38,76,75,100,108,91,66,21" hai3="130,109,85,129,8,71,26,90,0,64,118,96,37"/><W14/><G118/><T105/><D127/><U52/><E125/><V53/><F2/><W128/><G37/><T6/><D114/><U22/><E39/><V124/><F124/><W133/><G0/><T42/><D42/><U50/><E106/><V119/><F119/><W7/><G133/><T110/><D51/><U121/><E121/><V113/><F108/><W94/><G26/><T45/><D110/><U93/><E132/><V92/><F100/><W120/><G109/><T122/><D6/><U135/><E135/><V115/><F66/><W1/><G120/><T28/><D28/><U46/><E29/><V20/><F20/><W61/><REACH who="3" step="1"/><G1/><REACH who="3" ten="267,393,231,99" step="2"/><T32/><D122/><U55/><AGARI ba="1,1" hai="13,18,22,46,50,52,55,56,60,80,82,88,93,97" machi="55" ten="20,8000,1" yaku="0,1,7,1,8,1,54,2" doraHai="72" who="1" fromWho="1" sc="267,-21,393,93,231,-21,99,-41" owari="246,5.0,486,58.0,210,-19.0,58,-44.0" /></mjloggm>