<mjloggm ver="2.3"><GO type="41" lobby="0"/><UN n0="%6A%75%6E%69%63%68%69%35" n1="%E2%93%9D%53%75%70%68%78" n2="%E3%81%B5%E3%81%97%E3%81%8B%32" n3="%E8%8A%B9%E6%91%98" dan="13,18,13,14" rate="1922.92,2108.81,1844.74,1892.50" sx="M,M,M,M"/><TAIKYOKU oya="0"/><INIT seed="0,0,0,2,0,19" ten="250,250,250,250" oya="0" hai0="42,124,3,65,98,119,108,131,71,88,23,47,89" hai1="107,86,113,31,128,91,99,79,56,96,100,14,103" hai2="101,43,66,57,111,53,75,95,69,38,40,121,15" hai3="12,76,46,6,117,52,73,105,120,16,30,7,115"/><T44/><D119/><U36/><E36/><V134/><F75/><W58/><G117/><T125/><D3/><U68/><E68/><V9/><F121/><W133/><G115/><T5/><D5/><U17/><E128/><V106/><F106/><W94/><G105/><T70/><D131/><U93/><E31/><V0/><F0/><W51/><G120/><T129/><D129/><U24/><E24/><V61/><F95/><W64/><G133/><T22/><D108/><U50/><E79/><V2/><F101/><W45/><G30/><T49/><D65/><U92/><E113/><V26/><F26/><W28/><G28/><T126/><D47/><N who="3" m="17929" /><G73/><T83/><D98/><U85/><E107/><V114/><F2/><W11/><G76/><T35/><D35/><U59/><E50/><V80/><F80/><W18/><G94/><T55/><D42/><U41/><E41/><V74/><F40/><W1/><G1/><T87/><D89/><U62/><E91/><V72/><F134/><W110/><G110/><T37/><D37/><U81/><E81/><V39/><F114/><W77/><G77/><T33/><D33/><U4/><E4/><N who="3" m="1578" /><G18/><T27/><D27/><U84/><REACH who="1" step="1"/><E62/><REACH who="1" ten="250,240,250,250" step="2"/><V10/><F61/><W116/><G116/><T132/><D132/><U104/><E104/><V82/><F43/><W123/><G123/><T8/><D8/><AGARI ba="0,1" hai="8,14,17,56,59,84,85,86,92,93,96,99,100,103" machi="8" ten="40,5200,0" yaku="1,1,9,1,8,1,53,0" doraHai="19" doraHaiUra="25" who="1" fromWho="0" sc="250,-52,240,62,250,0,250,0" /><INIT seed="1,0,0,5,2,19" ten="198,302,250,250" oya="1" hai0="17,90,62,56,111,71,13,109,132,60,97,14,64" hai1="119,110,58,122,12,121,74,68,87,135,51,32,37" hai2="29,115,21,78,72,5,38,52,41,116,98,83,50" hai3="2,76,66,59,106,93,99,77,91,9,82,67,96"/><U11/><E74/><V34/><F116/><W15/><G2/><T33/><D33/><U23/><E68/><V25/><F115/><W101/><G59/><T126/><D126/><U45/><E32/><V125/><F125/><W43/><G43/><T100/><D90/><U124/><E135/><V0/><F98/><W65/><REACH who="3" step="1"/><G82/><REACH who="3" ten="198,302,250,240" step="2"/><T3/><D132/><U4/><E124/><V46/><F0/><W102/><G102/><T54/><D3/><U47/><E58/><V130/><F130/><W61/><G61/><T26/><D111/><U42/><E110/><V105/><F41/><W39/><G39/><T63/><D63/><U69/><E37/><V31/><F38/><W79/><G79/><T108/><D108/><U1/><E119/><V40/><F78/><W107/><G107/><T36/><D36/><U70/><E70/><V48/><F40/><W84/><G84/><T73/><D73/><U35/><E69/><V81/><F105/><W134/><G134/><T20/><REACH who="0" step="1"/><D109/><REACH who="0" ten="188,302,250,240" step="2"/><U16/><E1/><V128/><F72/><W112/><G112/><T24/><D24/><U53/><E122/><V18/><F25/><W123/><G123/><T44/><D44/><U75/><E75/><V8/><F46/><W127/><G127/><T86/><D86/><U10/><E121/><V114/><F114/><W95/><G95/><AGARI ba="0,2" hai="13,14,17,20,26,54,56,60,62,64,71,95,97,100" machi="95" ten="30,7700,0" yaku="1,1,7,1,52,1,53,1" doraHai="19" doraHaiUra="22" who="0" fromWho="3" sc="188,97,302,0,250,0,240,-77" /><INIT seed="2,0,0,4,1,60" ten="285,302,250,163" oya="2" hai0="1,53,16,109,8,91,32,28,79,128,48,100,4" hai1="25,105,82,39,110,9,63,50,64,116,7,113,55" hai2="5,130,71,93,117,114,46,96,132,80,15,74,69" hai3="21,119,44,126,51,89,135,129,31,127,118,81,3"/><V40/><F114/><W77/><G3/><T26/><D128/><U49/><E39/><V19/><F117/><W65/><G129/><T54/><D109/><U94/><E105/><V75/><F5/><W6/><G6/><T115/><D115/><U42/><E110/><V22/><F130/><W10/><G10/><T29/><D29/><U57/><E116/><V20/><F20/><W92/><G135/><T52/><D100/><U73/><E94/><V72/><F80/><W56/><G21/><T47/><D79/><U97/><E97/><V11/><F11/><W68/><G68/><T67/><D91/><U76/><E42/><V13/><F13/><W38/><G31/><T87/><D87/><U0/><E113/><V125/><F132/><W45/><G38/><T18/><REACH who="0" step="1"/><D67/><REACH who="0" ten="275,302,250,163" step="2"/><U23/><REACH who="1" step="1"/><E55/><AGARI ba="0,1" hai="1,4,8,16,18,26,28,32,47,48,52,53,54,55" machi="55" ten="40,8000,1" yaku="1,1,2,1,54,2,53,0" doraHai="60" doraHaiUra="107" who="0" fromWho="1" sc="275,90,302,-80,250,0,163,0" /><INIT seed="3,0,0,5,3,71" ten="365,222,250,163" oya="3" hai0="9,82,131,119,60,11,74,65,47,120,110,18,58" hai1="77,92,25,40,6,0,95,66,118,64,17,27,134" hai2="4,78,57,126,43,109,135,124,133,70,86,1,39" hai3="31,28,88,24,127,102,41,61,49,125,113,54,99"/><W52/><G41/><T87/><D120/><U12/><E0/><V48/><F109/><W44/><G113/><T93/><D119/><U3/><E3/><V51/><F78/><W107/><G88/><T5/><D131/><U62/><E6/><V14/><F86/><W73/><G73/><T106/><D106/><U103/><E134/><N who="2" m="51211" /><F1/><W10/><G10/><T98/><D74/><U29/><E40/><V100/><F100/><W83/><G83/><T35/><D35/><U80/><E118/><V50/><F14/><W23/><G31/><T114/><D110/><U34/><E27/><V108/><F4/><W123/><G123/><T56/><D47/><U2/><E66/><V128/><F108/><W121/><G121/><T8/><D18/><U84/><E2/><V33/><F33/><W97/><REACH who="3" step="1"/><G99/><REACH who="3" ten="365,222,250,153" step="2"/><T16/><D114/><U53/><E80/><V101/><F128/><W30/><G30/><T94/><D98/><U38/><E29/><V68/><F101/><W15/><G15/><T85/><D87/><U96/><E12/><V75/><F75/><W122/><G122/><T55/><D85/><U130/><E84/><V76/><F76/><W19/><G19/><T42/><D82/><U116/><E77/><V63/><F70/><W72/><G72/><T81/><D81/><U7/><E130/><V45/><F68/><W111/><G111/><T91/><D91/><U26/><E116/><V112/><F112/><W13/><G13/><N who="0" m="5263" /><D16/><U115/><E115/><V36/><F36/><W37/><G37/><T67/><D42/><U20/><E17/><V90/><F90/><RYUUKYOKU ba="0,1" sc="365,-15,222,-15,250,15,153,15" hai2="39,43,45,48,50,51,57,63,124,126" hai3="23,24,28,44,49,52,54,61,97,102,107,125,127" /><INIT seed="3,1,1,5,4,64" ten="350,207,265,168" oya="3" hai0="82,47,55,121,38,127,57,43,104,37,78,21,124" hai1="111,70,72,22,106,69,95,115,114,34,132,113,30" hai2="56,6,27,135,134,94,23,18,11,40,66,102,48" hai3="58,103,29,99,84,75,61,60,25,12,126,24,87"/><W68/><G75/><T41/><D104/><U13/><E106/><V65/><F40/><W10/><G126/><N who="0" m="48171" /><D21/><U53/><E72/><V76/><F76/><W97/><G68/><T108/><D82/><U91/><E111/><V81/><F81/><W118/><G118/><T50/><D78/><U117/><E132/><N who="2" m="50731" /><F48/><W5/><G103/><T130/><D108/><U1/><E1/><V0/><F56/><W31/><G5/><T83/><D83/><U42/><E42/><N who="0" m="15881" /><D121/><U101/><E117/><V90/><F102/><W62/><G58/><T105/><D105/><U74/><E101/><V17/><F17/><W39/><G39/><N who="0" m="14859" /><D130/><U49/><E74/><V77/><F77/><W110/><G110/><T44/><AGARI ba="1,1" hai="44,47,50,55,57" m="14859,15881,48171" machi="44" ten="40,5200,0" yaku="18,1,34,2" doraHai="64" who="0" fromWho="0" sc="350,65,207,-14,265,-14,168,-27" /><INIT seed="4,0,0,3,4,63" ten="415,193,251,141" oya="0" hai0="105,17,82,125,69,29,110,5,94,66,64,18,116" hai1="31,33,3,56,117,4,27,70,99,96,133,15,19" hai2="65,126,122,72,108,76,124,90,79,78,62,127,101" hai3="40,86,75,121,48,7,85,57,88,68,2,113,61"/><T59/><D105/><U41/><E70/><N who="2" m="42295" /><F108/><W77/><G75/><T91/><D69/><U132/><E41/><V134/><F122/><W23/><G68/><T103/><D116/><U71/><E71/><V8/><F134/><N who="1" m="51817" /><E56/><V20/><F101/><W32/><G32/><T14/><D110/><U74/><E74/><V73/><F8/><W84/><G121/><T104/><D104/><U49/><E49/><V112/><F112/><W35/><G113/><T43/><D43/><U6/><E99/><V98/><F20/><W10/><G35/><T55/><D29/><U37/><E37/><V129/><F129/><W50/><G23/><T114/><D114/><U54/><E54/><V130/><F130/><W52/><G77/><T12/><D82/><U58/><E117/><V42/><F42/><W109/><G109/><T83/><D83/><U1/><E96/><V128/><F128/><W22/><G22/><N who="0" m="11559" /><D103/><U135/><E135/><V24/><F24/><W60/><G40/><T53/><D5/><N who="1" m="2155" /><E58/><V123/><F123/><W45/><G45/><T81/><D81/><U13/><E19/><V115/><F115/><W26/><G50/><T111/><D111/><U36/><E36/><V95/><AGARI ba="0,0" hai="72,73,76,78,79,90,95,98,124,126,127" m="42295" machi="95" ten="40,2700,0" yaku="18,1,52,1" doraHai="63" who="2" fromWho="2" sc="415,-13,193,-7,251,27,141,-7" /><INIT seed="5,0,0,1,0,1" ten="402,186,278,134" oya="1" hai0="92,43,15,39,9,10,65,101,68,37,93,80,77" hai1="17,123,104,121,50,84,24,52,79,56,8,6,106" hai2="2,54,120,0,73,117,128,44,42,63,81,61,94" hai3="95,98,16,3,88,21,131,118,86,38,102,13,135"/><U83/><E17/><V47/><F117/><W129/><G118/><T19/><D43/><U85/><E24/><V35/><F120/><W66/><G38/><T14/><D65/><U122/><REACH who="1" step="1"/><E85/><REACH who="1" ten="402,176,278,134" step="2"/><V72/><F128/><N who="3" m="49227" /><G135/><T133/><D133/><U7/><E7/><V58/><F35/><W109/><G109/><T75/><D68/><U96/><E96/><V91/><F73/><W53/><G66/><T130/><D130/><U87/><E87/><V100/><F72/><W110/><G110/><T125/><D75/><U32/><E32/><V126/><F126/><W113/><G113/><T26/><D125/><U60/><E60/><V103/><F63/><W112/><G112/><T132/><D26/><U70/><E70/><V67/><F61/><W124/><G124/><T12/><D132/><U23/><E23/><V4/><F67/><W59/><G3/><AGARI ba="0,1" hai="3,6,8,50,52,56,79,83,84,104,106,121,122,123" machi="3" ten="40,7700,0" yaku="1,1,52,1,54,1,53,0" doraHai="1" doraHaiUra="40" who="1" fromWho="3" sc="402,0,176,87,278,0,134,-77" /><INIT seed="5,1,0,1,3,124" ten="402,263,278,57" oya="1" hai0="125,7,2,67,30,100,99,93,13,43,74,36,33" hai1="134,65,9,90,103,77,60,114,11,0,42,37,46" hai2="127,48,110,47,118,8,78,63,4,55,81,130,49" hai3="109,84,52,85,32,40,71,105,112,45,27,108,106"/><U18/><E114/><V16/><F118/><W121/><G121/><T10/><D125/><U95/><E134/><V3/><F127/><W111/><G71/><T135/><D135/><U92/><E77/><V122/><F110/><W12/><G112/><T80/><D67/><U101/><E95/><V115/><F122/><W25/><G12/><T39/><D43/><U98/><E18/><V51/><F115/><W86/><G32/><T61/><D61/><U82/><E0/><V35/><F63/><W104/><G40/><T23/><D74/><U94/><E82/><V56/><F130/><W6/><G6/><T58/><D58/><U59/><REACH who="1" step="1"/><E103/><REACH who="1" ten="402,253,278,57" step="2"/><V119/><F16/><W15/><G15/><T83/><D80/><U22/><E22/><V75/><F3/><W73/><G73/><T87/><D2/><U20/><E20/><V66/><F81/><W69/><G69/><T120/><D33/><U123/><E123/><V79/><F78/><W26/><G45/><T31/><D120/><U53/><E53/><AGARI ba="1,1" hai="25,26,27,52,53,84,85,86,104,105,106,108,109,111" machi="53" ten="60,32000,5" yakuman="41" doraHai="124" who="3" fromWho="1" sc="402,0,253,-323,278,0,57,333" owari="402,50.0,-70,-57.0,278,-12.0,390,19.0" /></mjloggm>