<mjloggm ver="2.3"><GO type="41" lobby="0"/><UN n0="%E3%81%B0%E3%82%88%E3%81%88%E3%82%93" n1="%E2%93%9D%53%75%70%68%78" n2="%E8%8D%89%E5%A0%82%E9%9D%99" n3="%E9%89%84%E4%BA%BA%E3%82%B5%E3%83%80" dan="14,17,14,14" rate="1859.20,2072.51,1967.21,1906.54" sx="M,M,M,M"/><TAIKYOKU oya="0"/><INIT seed="0,0,0,1,5,96" ten="250,250,250,250" oya="0" hai0="35,3,38,102,83,56,28,123,74,126,89,1,99" hai1="90,10,72,134,58,37,81,16,33,6,49,9,125" hai2="62,36,128,77,42,118,78,25,104,111,52,91,57" hai3="15,108,101,5,107,53,110,73,127,122,41,106,17"/><T95/><D123/><U109/><E33/><V11/><F111/><W50/><G127/><T13/><D126/><U76/><E37/><V2/><F128/><W14/><G73/><T12/><D38/><U61/><E134/><V44/><F118/><W112/><G112/><T85/><D56/><U103/><E109/><V87/><F25/><W66/><G66/><T23/><D35/><U51/><E90/><V119/><F119/><W22/><G41/><T32/><D32/><U8/><E6/><V46/><F104/><W114/><G114/><T97/><D13/><U129/><E129/><V86/><F44/><W30/><G30/><T39/><D39/><U68/><E68/><V19/><F87/><W82/><G107/><T93/><D74/><U80/><E80/><V135/><F135/><W0/><G0/><T133/><D133/><U29/><E29/><V131/><F131/><W94/><G106/><T43/><D43/><U24/><E103/><V21/><F11/><N who="3" m="4463" /><G122/><T65/><D65/><U48/><E125/><V130/><F2/><W34/><G34/><T117/><D117/><U64/><REACH who="1" step="1"/><E24/><REACH who="1" ten="250,240,250,250" step="2"/><V63/><F130/><W67/><G110/><T116/><D116/><U20/><E20/><V121/><F121/><W45/><G108/><T98/><D28/><U79/><E79/><V100/><F100/><W47/><G82/><T4/><D4/><U31/><E31/><V69/><F21/><W92/><G101/><T124/><D124/><U26/><E26/><V120/><F120/><W59/><G67/><T71/><D71/><U113/><E113/><V55/><F69/><RYUUKYOKU ba="0,1" sc="250,-15,240,15,250,-15,250,15" hai1="8,9,10,16,48,49,51,58,61,64,72,76,81" hai3="15,17,22,45,47,50,53,59,92,94" /><INIT seed="1,1,1,3,2,51" ten="235,255,235,265" oya="1" hai0="115,82,39,50,108,80,66,33,129,44,101,61,100" hai1="93,69,123,37,85,24,113,49,70,32,124,9,8" hai2="79,64,102,0,40,16,42,89,55,52,105,67,75" hai3="118,81,130,77,54,72,29,14,3,135,23,96,132"/><U62/><E123/><V131/><F0/><W43/><G3/><T60/><D33/><U35/><E113/><V6/><F75/><W2/><G2/><T17/><D39/><U78/><E37/><V95/><F6/><W133/><G130/><T87/><D129/><U56/><E124/><V114/><F131/><W94/><G118/><T121/><D108/><U58/><E49/><V92/><F105/><W110/><G110/><T91/><D115/><U127/><E93/><V7/><F7/><W90/><G43/><N who="2" m="16425" /><F79/><W84/><G14/><T46/><D121/><U1/><E78/><V76/><F76/><W71/><G71/><T48/><D87/><U31/><E85/><N who="2" m="52271" /><F114/><W27/><REACH who="3" step="1"/><G54/><REACH who="3" ten="235,255,235,255" step="2"/><N who="2" m="20521" /><F16/><W5/><G5/><T86/><D17/><U74/><E1/><V112/><F112/><W104/><G104/><T11/><D44/><U122/><E122/><V13/><F13/><W120/><G120/><T119/><D46/><U99/><E127/><V65/><F65/><W18/><G18/><T73/><D66/><U53/><E53/><V12/><F12/><W10/><G10/><T22/><D11/><U20/><E9/><V128/><F128/><W103/><G103/><T98/><D100/><U134/><E8/><V28/><F28/><W88/><G88/><T30/><D101/><U41/><E31/><V125/><F125/><W117/><G117/><T15/><D91/><U47/><E47/><V97/><AGARI ba="1,2" hai="64,67,95,97,102" m="20521,52271,16425" machi="97" ten="30,8000,1" yaku="8,1,52,3,54,1" doraHai="51" who="2" fromWho="2" sc="235,-21,255,-41,235,103,255,-21" /><INIT seed="2,0,0,5,1,63" ten="214,214,338,234" oya="2" hai0="55,72,69,42,59,68,119,100,98,10,84,39,128" hai1="125,90,99,7,50,6,52,78,114,124,70,57,130" hai2="81,93,31,13,37,77,27,60,112,34,19,109,0" hai3="104,49,56,116,54,108,118,21,134,61,123,80,14"/><V36/><F112/><W89/><G123/><T110/><D72/><U29/><E114/><V126/><F126/><N who="1" m="48745" /><E130/><V131/><F131/><W71/><G104/><T105/><D84/><U122/><E70/><V46/><F109/><W129/><G108/><T20/><D20/><U58/><E78/><V41/><F93/><W51/><G129/><T8/><D110/><U101/><E29/><V74/><F60/><W83/><G134/><T76/><D76/><U96/><E122/><V103/><F103/><W22/><G71/><T45/><D119/><U127/><E58/><V82/><F81/><W47/><G51/><T115/><D115/><U9/><E9/><V102/><F102/><W25/><G14/><T5/><D128/><U32/><E32/><V23/><REACH who="2" step="1"/><F0/><REACH who="2" ten="214,214,328,234" step="2"/><W113/><G113/><T2/><D10/><U94/><E127/><V28/><F28/><W95/><G118/><T26/><D100/><U73/><E73/><V1/><F1/><W92/><G116/><T30/><D105/><AGARI ba="0,1" hai="6,7,50,52,57,90,94,96,99,101,105" m="48745" machi="105" ten="30,2000,0" yaku="18,1,54,1" doraHai="63" who="1" fromWho="0" sc="214,-20,214,30,328,0,234,0" /><INIT seed="3,0,0,5,5,133" ten="194,244,328,234" oya="3" hai0="39,67,44,99,97,94,132,7,35,31,86,38,62" hai1="43,116,27,34,4,87,106,15,36,59,3,14,48" hai2="19,104,28,75,17,8,91,33,55,71,126,125,102" hai3="88,81,124,70,115,72,118,74,109,95,131,77,30"/><W42/><G70/><T122/><D132/><U108/><E108/><V76/><F71/><W57/><G115/><T25/><D122/><U120/><E106/><V82/><F55/><W5/><G118/><T134/><D134/><U52/><E120/><V18/><F91/><W66/><G74/><T129/><D129/><U29/><E116/><V92/><F104/><W32/><G131/><T53/><D86/><U101/><E101/><V12/><F102/><W41/><G5/><T47/><D7/><U23/><E34/><V40/><F92/><W96/><G109/><T6/><D6/><U107/><E107/><V117/><F117/><W9/><G9/><T56/><D99/><U46/><REACH who="1" step="1"/><E87/><REACH who="1" ten="194,234,328,234" step="2"/><V111/><F111/><W80/><G32/><T121/><D121/><U24/><E24/><V90/><F33/><W16/><G72/><T58/><D38/><U130/><E130/><V63/><F75/><W123/><G123/><T112/><D39/><U135/><E135/><V20/><F20/><W13/><G96/><T2/><D112/><U22/><E22/><V60/><F28/><W69/><G30/><T127/><D2/><U128/><E128/><V26/><F26/><W49/><G13/><T84/><D84/><U65/><E65/><V103/><F12/><W73/><G66/><T21/><D35/><U0/><E0/><V119/><F103/><W1/><G73/><T37/><D37/><U50/><E50/><V51/><F51/><W83/><G49/><T78/><D97/><U105/><E105/><V110/><F110/><W11/><G1/><T54/><D67/><RYUUKYOKU ba="0,1" sc="194,-10,234,30,328,-10,234,-10" hai1="3,4,14,15,23,27,29,36,43,46,48,52,59" /><INIT seed="4,1,1,0,4,25" ten="184,264,318,224" oya="0" hai0="55,131,78,81,91,134,126,38,101,30,133,33,32" hai1="75,100,48,58,116,122,92,130,4,12,123,16,19" hai2="99,129,114,97,93,74,2,70,29,119,9,21,125" hai3="50,62,52,28,60,73,49,57,64,37,84,17,13"/><T88/><D38/><U44/><E75/><V110/><F70/><W117/><G117/><T120/><D120/><U0/><E116/><V1/><F119/><W63/><G73/><T26/><D101/><U86/><E0/><V77/><F110/><W69/><G84/><T10/><D10/><N who="1" m="4167" /><E130/><V128/><F99/><W135/><G28/><N who="0" m="19479" /><D55/><N who="1" m="30087" /><E123/><V85/><F74/><W104/><G104/><T109/><D131/><U46/><E46/><V11/><F2/><W51/><G17/><T41/><D41/><U107/><E107/><V20/><F1/><W105/><G13/><T106/><D106/><U53/><E122/><V113/><F20/><W54/><G105/><T22/><D33/><U96/><E86/><V45/><F45/><N who="3" m="27695" /><G135/><N who="0" m="51723" /><D109/><U8/><E8/><V112/><F9/><W15/><G15/><T71/><D71/><U121/><E121/><V83/><F11/><W76/><G76/><T118/><D118/><U95/><E95/><V103/><F129/><W3/><G3/><T111/><D111/><U94/><E94/><V56/><F128/><W124/><G124/><T31/><D126/><U23/><E23/><V102/><F125/><W39/><G51/><AGARI ba="1,1" hai="16,19,51,53,58,92,96,100" m="30087,4167" machi="51" ten="30,2000,0" yaku="8,1,54,1" doraHai="25" who="1" fromWho="3" sc="184,0,264,33,318,0,224,-23" /><INIT seed="5,0,0,5,3,61" ten="184,297,318,201" oya="1" hai0="103,125,114,6,20,36,21,80,26,59,55,68,66" hai1="53,16,35,9,135,74,120,102,31,62,70,41,4" hai2="13,27,85,18,38,75,127,23,99,51,91,46,117" hai3="5,111,1,89,133,109,129,42,121,101,113,122,45"/><U33/><E120/><N who="3" m="46186" /><G101/><T100/><D6/><U43/><E74/><V7/><F127/><W92/><G92/><T12/><D125/><U69/><E135/><V14/><F75/><W56/><G89/><T123/><D80/><U29/><E53/><V37/><F117/><W124/><G5/><T30/><D123/><U83/><E62/><V40/><F99/><W65/><G1/><T71/><D36/><U24/><E83/><V58/><F37/><N who="3" m="21711" /><G124/><T84/><D71/><U11/><E4/><V54/><F7/><W44/><G113/><T48/><D114/><U0/><E102/><N who="0" m="38953" /><D68/><U128/><E24/><V107/><F107/><W32/><G32/><T64/><D84/><U52/><E0/><V97/><F97/><W118/><G133/><T93/><D93/><AGARI ba="0,0" hai="13,14,18,23,27,38,40,46,51,54,58,85,91,93" machi="93" ten="30,1000,0" yaku="7,1" doraHai="61" who="2" fromWho="0" sc="184,-10,297,0,318,10,201,0" /><INIT seed="6,0,0,3,5,119" ten="174,297,328,201" oya="2" hai0="62,52,41,49,115,102,103,118,4,40,123,3,114" hai1="22,2,67,77,17,107,23,129,36,106,117,14,7" hai2="71,78,134,99,21,131,64,28,34,0,6,1,45" hai3="74,5,112,33,56,127,38,91,42,79,24,70,85"/><V133/><F78/><W16/><G70/><T82/><D118/><U132/><E36/><V96/><F34/><W26/><G5/><T65/><D82/><U50/><E129/><V87/><F6/><W47/><G127/><T81/><D81/><U8/><E132/><N who="2" m="50795" /><F131/><W66/><G33/><T30/><D30/><U130/><E67/><V54/><F87/><W35/><G35/><T55/><D4/><U100/><E117/><V73/><F73/><W32/><G32/><T94/><D3/><N who="2" m="1098" /><F64/><W109/><G79/><T68/><D94/><U44/><E130/><V39/><F71/><W53/><G74/><T120/><D55/><U126/><E126/><V110/><F110/><W60/><G109/><T59/><D103/><U113/><E100/><V61/><F61/><W89/><G89/><T48/><D102/><U10/><E77/><V128/><F128/><W76/><G76/><T111/><D111/><U97/><E97/><V57/><F45/><W84/><G84/><T116/><D116/><U69/><E69/><V43/><F43/><N who="0" m="16458" /><D48/><U29/><E50/><N who="2" m="30935" /><F39/><W75/><G75/><T20/><D20/><U27/><E23/><V86/><F86/><W125/><G125/><T104/><D104/><U101/><E107/><V121/><F21/><N who="3" m="13351" /><G66/><T124/><D124/><U88/><E106/><V122/><F28/><W108/><G108/><T135/><D135/><U72/><E72/><V19/><F19/><W105/><G105/><T93/><D93/><U37/><E29/><V92/><F92/><N who="3" m="54383" /><G26/><T18/><D18/><U11/><E17/><V12/><F12/><W25/><G25/><RYUUKYOKU ba="0,0" sc="174,10,297,-30,328,10,201,10" hai0="49,52,59,62,65,68,114,115,120,123" hai2="96,99,121,122" hai3="38,42,47,53,56,60,112" /><INIT seed="6,1,0,2,5,11" ten="184,267,338,211" oya="2" hai0="126,93,5,22,76,10,29,26,6,116,113,112,91" hai1="107,108,48,31,28,7,33,80,53,69,125,97,34" hai2="65,121,119,14,15,94,36,16,61,42,106,45,17" hai3="123,128,131,35,44,13,19,18,50,67,49,101,66"/><V8/><F121/><W114/><G123/><T77/><D126/><U23/><E108/><V74/><F74/><W70/><G35/><T0/><D116/><U81/><E69/><V110/><F94/><W135/><G135/><T87/><REACH who="0" step="1"/><D6/><REACH who="0" ten="174,267,338,211" step="2"/><U43/><E7/><V32/><F119/><W92/><G114/><AGARI ba="1,1" hai="0,5,10,22,26,29,76,77,87,91,93,112,113,114" machi="114" ten="40,8000,1" yaku="1,1,2,1,15,1,53,1" doraHai="11" doraHaiUra="21" who="0" fromWho="3" sc="174,93,267,0,338,0,211,-83" /><INIT seed="7,0,0,0,2,113" ten="267,267,338,128" oya="3" hai0="13,81,88,63,109,111,80,41,32,8,112,43,100" hai1="127,11,6,47,119,130,4,72,103,51,22,124,0" hai2="24,26,94,35,20,33,84,21,59,23,77,75,83" hai3="52,38,133,91,86,64,18,125,131,65,71,40,31"/><W62/><G125/><N who="1" m="48202" /><E72/><V98/><F75/><W1/><G133/><T36/><D32/><U56/><E130/><V95/><F35/><W17/><G131/><T70/><D100/><U104/><E6/><V76/><F33/><W78/><G31/><T118/><D118/><U135/><E56/><V25/><F76/><W129/><G129/><T7/><D81/><U58/><E58/><V123/><F123/><W68/><G1/><T45/><D43/><U108/><E108/><V93/><F59/><W69/><G78/><T57/><D112/><U116/><E22/><V28/><F28/><W115/><G115/><T89/><D70/><U54/><E135/><V121/><F121/><W114/><G114/><T66/><D80/><U53/><E53/><V39/><F39/><W29/><G29/><T96/><D96/><AGARI ba="0,0" hai="0,4,11,47,51,54,96,103,104,116,119" m="48202" machi="96" ten="30,3900,0" yaku="18,1,52,2" doraHai="113" who="1" fromWho="0" sc="267,-39,267,39,338,0,128,0" /><AGARI ba="0,0" hai="20,21,23,24,25,26,77,83,84,93,94,95,96,98" machi="96" ten="50,6400,0" yaku="29,2,8,1" doraHai="113" who="2" fromWho="0" sc="228,-64,306,0,338,64,128,0" owari="164,-24.0,306,11.0,402,50.0,128,-37.0" /></mjloggm>