<mjloggm ver="2.3"><GO type="41" lobby="0"/><UN n0="%E3%83%95%E3%82%A9%E3%83%BC%E3%83%9D%E3%82%A4%E3%83%B3%E3%83%88" n1="%E3%81%A4%E3%81%8B%7A%6F%75%33" n2="%E2%93%9D%53%75%70%68%78" n3="%69%74%69%6E%69%73%73%61" dan="13,14,18,15" rate="1904.82,1933.71,2183.08,2091.97" sx="M,F,M,M"/><TAIKYOKU oya="0"/><INIT seed="0,0,0,0,2,98" ten="250,250,250,250" oya="0" hai0="6,29,72,89,78,97,0,9,73,57,52,61,65" hai1="119,103,118,94,79,91,26,115,96,80,53,130,129" hai2="44,108,12,45,71,7,117,82,8,36,105,107,10" hai3="42,4,109,106,60,30,113,111,121,20,92,3,102"/><T2/><D2/><U46/><E26/><V67/><F108/><W49/><G106/><T50/><D29/><U128/><E53/><V135/><F135/><W18/><G30/><T59/><D78/><U24/><E46/><V123/><F123/><W22/><G113/><T116/><D116/><N who="1" m="44587" /><E24/><V112/><F112/><W84/><G60/><T83/><D83/><U28/><E28/><V58/><F71/><W127/><G127/><T34/><D34/><U95/><E115/><V90/><F36/><W37/><G37/><T25/><D25/><U122/><E122/><V69/><F69/><W38/><G38/><T101/><REACH who="0" step="1"/><D89/><REACH who="0" ten="240,250,250,250" step="2"/><U47/><E47/><V86/><F117/><W40/><G121/><T110/><D110/><U126/><E126/><V62/><F45/><W21/><G3/><T87/><D87/><N who="1" m="50663" /><E79/><V70/><F44/><W104/><G111/><T1/><D1/><U99/><E99/><V88/><F90/><W41/><G109/><T120/><D120/><U132/><E132/><V64/><F82/><W51/><G40/><T14/><D14/><U76/><E76/><V39/><F39/><W68/><G41/><T43/><D43/><U85/><E85/><V74/><F86/><W17/><G42/><T131/><D131/><U13/><E13/><V27/><F27/><W15/><G84/><T134/><D134/><U16/><E16/><V33/><F12/><W55/><G15/><T31/><D31/><U125/><E125/><V19/><F19/><W11/><G18/><T63/><D63/><U54/><E54/><V23/><F62/><W75/><G55/><RYUUKYOKU ba="0,1" sc="240,15,250,15,250,-15,250,-15" hai0="0,6,9,50,52,57,59,61,65,72,73,97,101" hai1="94,95,96,103,128,129,130" /><INIT seed="0,1,1,3,0,59" ten="255,265,235,235" oya="0" hai0="54,29,100,108,69,19,58,90,17,0,10,91,46" hai1="74,50,31,39,22,41,87,129,95,2,115,62,35" hai2="114,112,57,23,97,30,79,133,20,52,33,5,120" hai3="4,122,93,13,43,3,123,86,111,9,65,110,32"/><T102/><D69/><U125/><E74/><V45/><F120/><N who="3" m="46123" /><G43/><T109/><D29/><U98/><E2/><V75/><F133/><W47/><G47/><T130/><D130/><U82/><E39/><V89/><F5/><W76/><G76/><T53/><D46/><U38/><E129/><V116/><F116/><W28/><G65/><T70/><D70/><U99/><E38/><V12/><F33/><W119/><G86/><T56/><D10/><U73/><E35/><V127/><F127/><W16/><G93/><T51/><D51/><U131/><E125/><V71/><F79/><W8/><G119/><T126/><REACH who="0" step="1"/><D0/><REACH who="0" ten="245,265,235,235" step="2"/><U81/><E131/><V124/><F124/><AGARI ba="1,2" hai="17,19,53,54,56,58,90,91,100,102,108,109,124,126" machi="124" ten="25,9600,0" yaku="1,1,2,1,22,2,53,0" doraHai="59" doraHaiUra="44" who="0" fromWho="2" sc="245,119,265,0,235,-99,235,0" /><INIT seed="0,2,0,0,4,47" ten="364,265,136,235" oya="0" hai0="31,113,75,90,134,34,96,26,118,130,16,101,23" hai1="22,83,52,55,73,62,86,104,32,109,127,126,115" hai2="18,76,15,117,58,119,67,131,107,53,6,7,29" hai3="114,61,72,51,27,124,121,42,8,105,63,68,25"/><T2/><D118/><N who="2" m="45066" /><F107/><W39/><G105/><T13/><D113/><U120/><E32/><V50/><F131/><W3/><G72/><T93/><D134/><U79/><E115/><V71/><F29/><W132/><G124/><N who="1" m="47658" /><E120/><V65/><F76/><W24/><G114/><T9/><D130/><U5/><E109/><V11/><F71/><W98/><G39/><T46/><D75/><U17/><E5/><AGARI ba="2,0" hai="5,6,7,11,15,18,50,53,58,65,67" m="45066" machi="5" ten="30,2000,0" yaku="12,1,52,1" doraHai="47" who="2" fromWho="1" sc="364,0,265,-26,136,26,235,0" /><INIT seed="1,0,0,3,1,133" ten="364,239,162,235" oya="1" hai0="47,55,64,132,3,5,85,9,86,23,41,128,116" hai1="89,114,79,107,102,115,98,13,87,134,63,21,50" hai2="61,45,111,62,8,93,70,99,28,129,34,36,17" hai3="75,1,68,14,58,123,59,104,38,121,82,96,69"/><U35/><E35/><V53/><F129/><W52/><G1/><T16/><D116/><U7/><E134/><V25/><F111/><W27/><G38/><T92/><D128/><U10/><E79/><V19/><F70/><W103/><G58/><T84/><D64/><U83/><E21/><V125/><F125/><W72/><G69/><T22/><D132/><U18/><E7/><V78/><F78/><W97/><G68/><T105/><D105/><U60/><REACH who="1" step="1"/><E50/><REACH who="1" ten="364,229,162,235" step="2"/><V100/><F36/><W119/><G123/><T127/><D23/><U56/><E56/><V43/><F8/><W2/><G121/><T48/><D22/><U44/><E44/><V4/><F4/><W65/><G72/><T94/><D9/><U12/><E12/><V71/><F71/><W57/><G14/><T37/><D5/><U24/><E24/><V101/><F25/><W88/><G75/><T117/><D3/><U49/><E49/><V135/><F135/><W26/><G2/><T124/><D48/><U20/><E20/><V109/><F45/><W39/><G39/><T112/><D37/><U81/><E81/><V126/><F34/><W95/><G82/><T33/><D33/><U131/><E131/><V130/><F130/><W54/><G59/><T42/><D47/><U40/><E40/><V120/><F43/><W11/><G11/><T0/><D42/><U77/><E77/><V6/><F6/><W113/><G27/><T32/><D41/><U73/><E73/><V46/><F46/><W74/><G26/><T66/><D0/><U118/><E118/><V15/><F15/><RYUUKYOKU ba="0,1" sc="364,-10,229,30,162,-10,235,-10" hai1="10,13,18,60,63,83,87,89,98,102,107,114,115" /><INIT seed="1,1,1,3,3,68" ten="354,259,152,225" oya="1" hai0="93,131,69,28,29,128,112,78,21,80,90,24,14" hai1="9,4,67,13,123,82,96,70,42,1,54,19,52" hai2="40,118,111,64,12,83,134,47,20,124,57,48,18" hai3="2,101,88,72,106,39,74,103,51,10,130,66,45"/><U31/><E123/><V55/><F118/><W114/><G114/><T46/><D112/><U37/><E31/><V38/><F111/><W119/><G66/><T84/><D69/><U30/><E30/><V32/><F124/><W23/><G119/><T33/><D46/><U6/><E6/><V35/><F134/><W94/><G130/><N who="0" m="49707" /><D33/><U87/><E96/><V116/><F116/><W36/><G23/><T22/><D14/><U135/><E135/><V127/><F127/><W61/><G61/><T5/><D5/><U16/><E19/><V91/><REACH who="2" step="1"/><F64/><REACH who="2" ten="354,259,142,225" step="2"/><W110/><G110/><T121/><D121/><U8/><E67/><V133/><F133/><W97/><G103/><T73/><D29/><U81/><E70/><V17/><F17/><W49/><G2/><T60/><D28/><U25/><E25/><V99/><F99/><W132/><G132/><T44/><D24/><U125/><E125/><V53/><F53/><W117/><G117/><T7/><D7/><U122/><E122/><V75/><F75/><W95/><G72/><T27/><D27/><U92/><E52/><V3/><F3/><W11/><G74/><T98/><D73/><U26/><E54/><V76/><F76/><W34/><G101/><T107/><D78/><U86/><E26/><V108/><F108/><W63/><G97/><T58/><D98/><U77/><E77/><V109/><F109/><W59/><G34/><T115/><D84/><AGARI ba="1,2" hai="12,18,20,32,35,38,40,47,48,55,57,83,84,91" machi="84" ten="40,2600,0" yaku="1,1,52,1,53,0" doraHai="68" doraHaiUra="105" who="2" fromWho="0" sc="354,-29,259,0,142,49,225,0" /><INIT seed="2,0,0,5,1,28" ten="325,259,191,225" oya="2" hai0="68,49,41,12,81,94,125,8,92,98,9,64,6" hai1="3,118,56,44,82,59,29,91,133,113,87,114,46" hai2="17,61,65,110,4,120,74,127,53,23,124,18,71" hai3="72,84,54,45,30,104,38,83,117,47,107,69,43"/><V11/><F120/><W130/><G117/><T67/><D125/><N who="2" m="48202" /><F74/><W101/><G69/><T99/><D81/><U111/><E3/><N who="2" m="415" /><F110/><W1/><G1/><T58/><D68/><U108/><E118/><V112/><F112/><W32/><G72/><T106/><D106/><U135/><E29/><V86/><F23/><W78/><G101/><T100/><D41/><U51/><E44/><V121/><F121/><W88/><G78/><T39/><D39/><U16/><E16/><N who="2" m="6251" /><F53/><W50/><REACH who="3" step="1"/><G130/><REACH who="3" ten="325,259,191,215" step="2"/><T132/><D100/><U37/><E114/><V33/><F86/><W80/><G80/><T0/><D99/><U31/><E113/><V10/><F10/><W131/><G131/><T95/><D98/><U102/><E102/><V90/><F90/><W134/><G134/><T62/><D132/><U2/><E135/><V115/><F115/><W116/><G116/><T14/><D9/><U27/><E133/><V89/><F89/><W22/><G22/><T77/><D8/><U126/><E126/><V24/><F24/><AGARI ba="0,1" hai="24,30,32,38,43,45,47,50,54,83,84,88,104,107" machi="24" ten="40,5200,0" yaku="1,1,52,1,54,1,53,0" doraHai="28" doraHaiUra="97" who="3" fromWho="2" sc="325,0,259,0,191,-52,215,62" /><INIT seed="3,0,0,0,1,29" ten="325,259,139,277" oya="3" hai0="73,99,112,129,57,26,55,119,82,98,65,85,33" hai1="69,51,40,118,76,4,107,62,74,35,41,2,72" hai2="80,25,116,109,46,28,48,21,16,58,20,113,9" hai3="19,54,50,39,100,31,115,90,135,42,83,15,103"/><W133/><G115/><T30/><D119/><U3/><E118/><V5/><F116/><W120/><G120/><T94/><D129/><U34/><E107/><V7/><F113/><W63/><G63/><T93/><D112/><U32/><E4/><V17/><F109/><W52/><G39/><T1/><D1/><U47/><E76/><V56/><F80/><W104/><G42/><T77/><D65/><U61/><E69/><V71/><F71/><W64/><G64/><T124/><D124/><U14/><E14/><V111/><F111/><W38/><G38/><T22/><D73/><N who="1" m="28267" /><E51/><V122/><F122/><W60/><G60/><N who="1" m="23146" /><E47/><V27/><F28/><W11/><G31/><T45/><D45/><U81/><E81/><V101/><F101/><W134/><G104/><T36/><D36/><U128/><E128/><V96/><F96/><W53/><G50/><T108/><D108/><U132/><E132/><V23/><F23/><W131/><G131/><T123/><D123/><U105/><E105/><V121/><F121/><W6/><G6/><T37/><D37/><U0/><AGARI ba="0,0" hai="0,2,3,32,34,35,40,41" m="23146,28267" machi="0" ten="50,8000,1" yaku="28,2,52,3" doraHai="29" who="1" fromWho="1" sc="325,-20,259,80,139,-20,277,-40" /><INIT seed="4,0,0,0,3,69" ten="305,339,119,237" oya="0" hai0="66,82,135,113,134,64,87,101,58,44,19,98,120" hai1="76,1,84,55,22,8,85,123,119,91,21,35,3" hai2="31,89,70,6,97,83,117,126,100,99,16,133,104" hai3="78,80,121,127,59,36,17,110,28,53,130,74,12"/><T7/><D120/><U32/><E119/><V46/><F117/><W11/><G110/><T118/><D118/><U131/><E123/><V50/><F70/><W114/><G114/><T2/><D113/><U18/><E131/><V94/><F133/><W93/><G36/><T129/><D129/><U45/><E21/><V116/><F126/><W122/><G127/><T26/><D7/><U38/><E1/><V73/><F31/><W90/><G130/><T109/><D44/><U60/><E76/><V61/><F61/><W106/><G106/><T39/><D39/><U107/><E107/><V49/><F6/><W92/><G28/><T68/><D68/><U128/><E84/><V34/><F34/><W20/><G92/><T72/><D72/><U77/><E77/><V81/><F116/><W124/><G11/><T43/><D43/><U63/><E128/><V47/><F73/><W23/><G23/><N who="0" m="13695" /><D2/><U95/><E35/><V115/><F115/><W62/><G124/><T71/><D58/><U65/><E32/><V88/><F104/><W105/><G105/><N who="0" m="63671" /><D109/><U86/><E65/><N who="0" m="25193" /><D71/><U54/><E3/><V41/><F16/><W0/><REACH who="3" step="1"/><G0/><REACH who="3" ten="305,339,119,227" step="2"/><T4/><D4/><U67/><E8/><V103/><REACH who="2" step="1"/><F94/><REACH who="2" ten="305,339,109,227" step="2"/><W79/><G79/><T15/><D135/><U13/><E95/><V33/><F33/><W42/><G42/><AGARI ba="0,2" hai="41,42,46,47,49,50,81,83,88,89,97,99,100,103" machi="42" ten="25,8000,1" yaku="1,1,22,2,8,1,54,1,53,0" doraHai="69" doraHaiUra="24" who="2" fromWho="3" sc="305,0,339,0,109,100,227,-80" /><INIT seed="5,0,0,4,3,127" ten="305,339,209,147" oya="1" hai0="31,7,93,101,17,56,83,117,120,49,92,44,9" hai1="130,87,81,13,109,107,37,72,27,79,6,100,32" hai2="4,29,110,51,135,43,128,77,106,64,118,66,41" hai3="60,131,116,121,94,86,52,67,99,30,74,36,38"/><U125/><E37/><V97/><F110/><W35/><G74/><T1/><D117/><U22/><E125/><V89/><F118/><W10/><G116/><T15/><D31/><U12/><E109/><V21/><F135/><W63/><G121/><T133/><D133/><U91/><E32/><V104/><F4/><W84/><G10/><T25/><D25/><U24/><E6/><V65/><F77/><W123/><G123/><T134/><D134/><U20/><E130/><V113/><F113/><W33/><G30/><T80/><D56/><U68/><E68/><V132/><F132/><W18/><G18/><T96/><D93/><U62/><E62/><V70/><F70/><W28/><G28/><T75/><D75/><U119/><E119/><V98/><F106/><W57/><G131/><T73/><D73/><U95/><E107/><V129/><F104/><W112/><G112/><T55/><REACH who="0" step="1"/><D120/><REACH who="0" ten="295,339,209,147" step="2"/><U108/><E108/><V23/><F29/><W47/><G35/><T124/><D124/><U45/><E45/><V114/><F114/><W34/><G47/><T78/><D78/><U8/><E72/><V2/><F129/><W126/><G33/><T103/><D103/><U50/><E100/><V71/><F71/><W14/><G34/><T48/><D48/><U5/><E50/><V85/><F51/><W59/><G126/><T105/><D105/><U3/><E79/><V40/><F128/><W26/><G26/><T90/><D90/><U122/><E95/><N who="2" m="54703" /><F2/><W0/><G0/><T53/><D53/><U82/><E122/><V61/><F61/><W76/><G60/><RYUUKYOKU ba="0,1" sc="295,15,339,-15,209,15,147,-15" hai0="1,7,9,15,17,44,49,55,80,83,92,96,101" hai2="21,23,40,41,43,64,65,66,97,98" /><INIT seed="6,1,1,3,4,131" ten="310,324,224,132" oya="2" hai0="107,119,90,129,100,41,94,76,14,7,110,99,121" hai1="57,101,96,60,27,47,35,32,87,50,49,127,77" hai2="73,44,135,108,17,23,58,63,109,71,55,52,65" hai3="118,13,46,74,37,38,19,43,88,21,36,128,111"/><V79/><F73/><W81/><G128/><T105/><D129/><U120/><E120/><V125/><F79/><W53/><G118/><T80/><D41/><U89/><E77/><V122/><F122/><W54/><G111/><N who="2" m="42569" /><F125/><W72/><G54/><N who="2" m="20521" /><F44/><W61/><G43/><T133/><D121/><U91/><E127/><V26/><F71/><W92/><G81/><T10/><D119/><U48/><E47/><V29/><F29/><W8/><G8/><T86/><D110/><U33/><E27/><V64/><F64/><W45/><G74/><N who="0" m="43031" /><D107/><U0/><E0/><V97/><F97/><W6/><G72/><T20/><D20/><U124/><E124/><V66/><F66/><W22/><G21/><T39/><D39/><U51/><N who="1" m="12288" /><DORA hai="56" /><U62/><E57/><V30/><F30/><W5/><G45/><T2/><D2/><U82/><REACH who="1" step="1"/><E91/><REACH who="1" ten="310,314,224,132" step="2"/><V70/><F70/><W117/><G46/><T106/><D106/><AGARI ba="1,2" hai="32,33,35,60,62,82,87,89,96,101,106" m="12288" machi="106" ten="60,8000,1" yaku="1,1,2,1,52,2,53,1" doraHai="131,56" doraHaiUra="93,67" who="1" fromWho="0" sc="310,-83,314,103,224,0,132,0" /><INIT seed="7,0,0,5,2,77" ten="227,417,224,132" oya="3" hai0="116,121,64,32,62,99,111,81,95,94,112,51,102" hai1="108,132,23,18,61,2,120,101,45,92,42,31,65" hai2="20,98,14,76,67,87,97,84,10,126,91,113,134" hai3="30,15,26,16,103,33,119,5,50,105,58,86,48"/><W114/><G119/><T54/><D32/><U122/><E120/><V22/><F113/><W52/><G114/><T44/><D121/><U56/><E122/><V89/><F76/><W38/><G38/><T36/><D116/><U46/><E31/><V4/><F134/><W130/><G130/><T3/><D3/><U17/><E132/><V74/><F74/><W27/><G27/><T73/><D111/><U63/><E2/><V60/><F126/><W39/><G39/><T79/><D36/><U93/><E108/><V1/><F1/><W11/><G86/><T47/><D47/><U117/><E117/><V13/><F60/><W7/><REACH who="3" step="1"/><G48/><REACH who="3" ten="227,417,224,122" step="2"/><T49/><D112/><U90/><E46/><V115/><F115/><W6/><G6/><T82/><D51/><U66/><E45/><V19/><F87/><W29/><G29/><T83/><D95/><U53/><E18/><V110/><F110/><W40/><G40/><T71/><AGARI ba="0,1" hai="44,49,54,62,64,71,73,79,81,82,83,94,99,102" machi="71" ten="20,8000,1" yaku="0,1,7,1,52,3" doraHai="77" who="0" fromWho="0" sc="227,90,417,-20,224,-20,122,-40" owari="317,12.0,397,50.0,204,-20.0,82,-42.0" /></mjloggm>