<mjloggm ver="2.3"><GO type="41" lobby="0"/><UN n0="%6D%75%66%66%69%6E" n1="%E3%81%AD%E3%81%93%E3%81%B1%E3%82%93%E3%81%A1" n2="%E2%93%9D%53%75%70%68%78" n3="%4D%72%50%65%61%63%65" dan="14,14,17,13" rate="1929.99,1946.61,2045.68,1879.02" sx="M,M,M,M"/><TAIKYOKU oya="0"/><INIT seed="0,0,0,2,3,122" ten="250,250,250,250" oya="0" hai0="72,48,81,33,11,114,104,85,126,97,74,75,13" hai1="107,132,18,25,1,130,57,30,53,17,28,133,23" hai2="38,77,16,125,68,37,62,40,105,91,24,98,116" hai3="52,0,26,45,61,82,124,128,8,103,118,106,109"/><T135/><D114/><U110/><E107/><V117/><F77/><W4/><G118/><N who="2" m="45673" /><F40/><W79/><G109/><T95/><D33/><U121/><E110/><V70/><F125/><W92/><G128/><T32/><D32/><U36/><E130/><V96/><F62/><W64/><G124/><T113/><D113/><U84/><E36/><N who="2" m="13931" /><F91/><W102/><G106/><T7/><D104/><U111/><E111/><V27/><F16/><W41/><G26/><N who="2" m="9769" /><F105/><W51/><G41/><T134/><D126/><U46/><E18/><V58/><F58/><W5/><G5/><T54/><D85/><U115/><E84/><V100/><F100/><W65/><G65/><T101/><REACH who="0" step="1"/><D81/><REACH who="0" ten="240,250,250,250" step="2"/><U10/><E115/><V120/><F120/><W49/><G82/><T2/><D2/><U39/><E121/><V35/><F35/><W86/><G86/><T44/><AGARI ba="0,1" hai="7,11,13,44,48,54,72,74,75,95,97,101,134,135" machi="44" ten="40,3900,0" yaku="1,1,0,1,53,0" doraHai="122" doraHaiUra="60" who="0" fromWho="0" sc="240,49,250,-13,250,-13,250,-13" /><INIT seed="0,1,0,3,1,93" ten="289,237,237,237" oya="0" hai0="77,1,72,103,25,120,75,107,13,55,74,126,7" hai1="108,80,70,115,86,61,58,24,41,52,117,68,71" hai2="48,95,14,0,92,39,19,118,81,30,105,56,51" hai3="112,62,97,130,23,67,2,102,106,63,20,53,64"/><T46/><D120/><U3/><E3/><V84/><F105/><W33/><G112/><T65/><D126/><U18/><E117/><V4/><F39/><W54/><G33/><T96/><D65/><U17/><E115/><V49/><F0/><W60/><G2/><T100/><D1/><U109/><E41/><V31/><F4/><W82/><G130/><T15/><D77/><U83/><E24/><V40/><F40/><W12/><G82/><N who="1" m="31274" /><E86/><V37/><F37/><W90/><G90/><T26/><D100/><U78/><E78/><V35/><F35/><W6/><G6/><T113/><D113/><U114/><E114/><V129/><F129/><W11/><G11/><T44/><D7/><U134/><E134/><V89/><F118/><W76/><G76/><T124/><D124/><U50/><E61/><V45/><F45/><W101/><G101/><T47/><REACH who="0" step="1"/><D55/><REACH who="0" ten="279,237,237,237" step="2"/><U22/><E22/><V88/><F89/><W73/><G23/><T10/><D10/><U5/><E5/><V66/><F66/><W87/><G67/><T8/><D8/><U28/><E28/><V123/><F123/><W59/><G64/><T94/><D94/><U42/><E18/><V111/><F31/><W131/><G131/><T27/><AGARI ba="1,1" hai="13,15,25,26,27,44,46,47,72,74,75,96,103,107" machi="27" ten="40,12000,1" yaku="1,1,0,1,29,2,52,1,53,0" doraHai="93" doraHaiUra="16" who="0" fromWho="0" sc="279,133,237,-41,237,-41,237,-41" /><INIT seed="0,2,0,4,4,83" ten="412,196,196,196" oya="0" hai0="41,75,1,16,128,21,58,49,84,37,78,5,80" hai1="73,68,108,77,101,116,130,76,90,35,96,95,72" hai2="88,120,39,67,112,13,29,52,40,81,51,104,113" hai3="48,32,8,123,33,17,111,50,86,102,23,15,28"/><T63/><D128/><U46/><E68/><V93/><F104/><W26/><G123/><T27/><D37/><U54/><E35/><V94/><F120/><W97/><G111/><T69/><D69/><U82/><E46/><V118/><F67/><W42/><G42/><T110/><D110/><U56/><E108/><V66/><F66/><W99/><G99/><T9/><D41/><U64/><E64/><V119/><F29/><W7/><G33/><T127/><D127/><U11/><E116/><N who="2" m="44587" /><F13/><W2/><REACH who="3" step="1"/><G86/><REACH who="3" ten="412,196,196,186" step="2"/><T59/><D75/><U44/><E73/><V92/><F40/><W125/><G125/><T107/><D107/><AGARI ba="2,1" hai="2,7,8,15,17,23,26,28,32,48,50,97,102,107" machi="107" ten="30,8000,1" yaku="1,1,7,1,24,2,53,1" doraHai="83" doraHaiUra="4" who="3" fromWho="0" sc="412,-86,196,0,196,0,186,96" /><INIT seed="1,0,0,0,1,127" ten="326,196,196,282" oya="1" hai0="22,57,18,39,124,82,64,59,67,88,112,122,50" hai1="85,34,43,75,108,125,37,115,92,65,35,84,91" hai2="51,117,100,74,98,38,76,73,89,95,41,103,87" hai3="17,129,90,46,99,49,4,86,60,9,1,29,106"/><U56/><E115/><V66/><F38/><W33/><G60/><T7/><D112/><U123/><E75/><N who="2" m="28683" /><F51/><W72/><G72/><T83/><D39/><U68/><E123/><V120/><F41/><W111/><G17/><T110/><D124/><U25/><E68/><V81/><F66/><N who="0" m="25130" /><D110/><U118/><E118/><V10/><F10/><W77/><G77/><T20/><D7/><U23/><E125/><V116/><F120/><W97/><G111/><T28/><D122/><U16/><E108/><V69/><F69/><W21/><G33/><T126/><D126/><U96/><E43/><V121/><F121/><W24/><G106/><T3/><D3/><U32/><REACH who="1" step="1"/><E37/><REACH who="1" ten="326,186,196,282" step="2"/><V30/><F30/><W93/><REACH who="3" step="1"/><G129/><REACH who="3" ten="326,186,196,272" step="2"/><T40/><D28/><U36/><E36/><V102/><AGARI ba="0,2" hai="76,81,87,89,95,98,100,102,103,116,117" m="28683" machi="102" ten="30,2000,0" yaku="34,2" doraHai="127" who="2" fromWho="2" sc="326,-5,186,-10,196,40,272,-5" /><INIT seed="2,0,0,4,0,102" ten="321,176,236,267" oya="2" hai0="54,26,25,2,90,79,115,67,50,63,86,18,81" hai1="111,74,128,35,103,48,125,53,57,73,23,42,38" hai2="75,61,17,64,76,113,21,112,71,39,82,107,116" hai3="13,33,91,101,129,105,32,127,124,66,106,95,100"/><V28/><F116/><W68/><G68/><T10/><D115/><U15/><E35/><V120/><F120/><W132/><G66/><T52/><D79/><U43/><E73/><V19/><F39/><W87/><G13/><N who="0" m="7479" /><D67/><U80/><E38/><V1/><F1/><W135/><G95/><T70/><D70/><U49/><E74/><V34/><F19/><W24/><G87/><T41/><D2/><U93/><E80/><V123/><F123/><W65/><G65/><T44/><D63/><U69/><E69/><V88/><F28/><W46/><G46/><T97/><D97/><U36/><E36/><V134/><F34/><W72/><G72/><T114/><D114/><U40/><E125/><V130/><F130/><W30/><G24/><AGARI ba="0,0" hai="24,25,26,41,44,50,52,54,81,86,90" m="7479" machi="24" ten="30,2000,0" yaku="8,1,54,1" doraHai="102" who="0" fromWho="3" sc="321,20,176,0,236,0,267,-20" /><INIT seed="3,0,0,2,2,98" ten="341,176,236,247" oya="3" hai0="32,16,8,101,122,96,77,85,74,112,107,91,60" hai1="105,56,97,106,87,103,17,125,22,47,82,46,10" hai2="119,133,70,2,63,49,41,83,44,6,27,88,65" hai3="24,116,7,95,129,23,102,36,108,115,68,86,134"/><W59/><G68/><T110/><D32/><U35/><E35/><V26/><F119/><W58/><G116/><T118/><D118/><U20/><E125/><V109/><F109/><W38/><G115/><T14/><D122/><U25/><E106/><V67/><F133/><W30/><G134/><T111/><D112/><U128/><E128/><V31/><F67/><W80/><G129/><T62/><D77/><U1/><E56/><V21/><F6/><W90/><G108/><N who="0" m="41515" /><D74/><U113/><E113/><V123/><F2/><W78/><G102/><T33/><D33/><U53/><E53/><V12/><F27/><W76/><G7/><T18/><D18/><U40/><E1/><V43/><F12/><W94/><G94/><AGARI ba="0,0" hai="8,14,16,60,62,85,91,94,96,101,107" m="41515" machi="94" ten="30,3900,0" yaku="14,1,52,1,54,1" doraHai="98" who="0" fromWho="3" sc="341,39,176,0,236,0,247,-39" /><INIT seed="4,0,0,4,3,109" ten="380,176,236,208" oya="0" hai0="61,31,89,77,101,66,25,21,7,105,86,79,135" hai1="126,96,123,80,22,87,67,115,56,88,15,8,33" hai2="102,100,54,35,91,121,48,27,90,127,116,106,133" hai3="85,32,73,58,128,59,10,68,9,43,53,6,12"/><T117/><D117/><U112/><E33/><V114/><F121/><W70/><G70/><T1/><D135/><U129/><E123/><V46/><F133/><W13/><G13/><T51/><D1/><U65/><E126/><V97/><F127/><W104/><G104/><T124/><D7/><U122/><E122/><V45/><F102/><W24/><G24/><T119/><D119/><U40/><E22/><V18/><F116/><W55/><G55/><T92/><D124/><U39/><E129/><V23/><F35/><W103/><G103/><T2/><D2/><U94/><E40/><V82/><F114/><N who="1" m="43561" /><E56/><V125/><F125/><W113/><G73/><T30/><D30/><U5/><E39/><V3/><F3/><W75/><G75/><T93/><D105/><U74/><E74/><V0/><F0/><W41/><G68/><T29/><D29/><U38/><E38/><V72/><F46/><W98/><G98/><N who="0" m="59599" /><D51/><U107/><E107/><V49/><F49/><W81/><G32/><T11/><D11/><U63/><E63/><V16/><REACH who="2" step="1"/><F18/><REACH who="2" ten="380,176,226,208" step="2"/><W108/><G108/><T95/><D61/><U69/><E69/><V118/><F118/><W44/><G44/><T78/><D66/><U131/><E131/><V14/><F14/><W20/><G128/><T132/><D132/><U134/><E134/><V17/><F17/><W42/><G12/><T84/><D25/><U71/><E71/><V28/><F28/><W83/><G6/><T60/><D31/><U130/><E130/><V57/><F57/><W120/><G59/><T26/><D60/><U34/><E34/><RYUUKYOKU ba="0,1" sc="380,-15,176,15,226,15,208,-15" hai1="5,8,15,65,67,80,87,88,94,96" hai2="16,23,27,45,48,54,72,82,90,91,97,100,106" /><INIT seed="5,1,1,5,1,62" ten="365,191,241,193" oya="1" hai0="29,110,96,21,75,35,112,84,109,60,66,132,107" hai1="43,80,119,133,106,93,127,81,115,53,24,44,78" hai2="99,59,94,23,56,26,19,70,103,97,4,3,123" hai3="77,73,63,87,86,129,117,76,46,91,61,125,98"/><U105/><E119/><V113/><F70/><W25/><G117/><T74/><D21/><U8/><E53/><V28/><F123/><W108/><G125/><T104/><D84/><U64/><E127/><V116/><F116/><W20/><G108/><N who="0" m="41579" /><D112/><U45/><E115/><V55/><F113/><W51/><G129/><T126/><D132/><U6/><E133/><V10/><F55/><W15/><G15/><T38/><D38/><U7/><E24/><V16/><F99/><W71/><G71/><N who="0" m="42439" /><D126/><U135/><E135/><V48/><F48/><W52/><G73/><N who="0" m="27659" /><D96/><U54/><E8/><V79/><REACH who="2" step="1"/><F79/><REACH who="2" ten="365,191,231,193" step="2"/><N who="3" m="30283" /><G98/><T12/><D12/><U101/><E78/><V111/><F111/><W41/><G87/><T34/><D34/><U31/><E54/><V92/><F92/><N who="3" m="54391" /><G41/><T37/><D37/><U102/><E93/><V89/><F89/><W2/><G2/><T17/><D35/><U114/><E114/><V9/><F9/><W82/><G82/><T57/><D104/><U100/><E100/><V68/><F68/><W124/><G124/><T67/><D107/><U130/><E43/><V39/><F39/><W131/><G131/><T134/><D134/><U50/><E130/><V0/><F0/><W11/><G11/><T13/><D13/><U47/><E50/><V42/><F42/><W85/><G85/><T83/><D83/><U121/><E106/><V58/><AGARI ba="1,2" hai="3,4,10,16,19,23,26,28,56,58,59,94,97,103" machi="58" ten="30,4000,0" yaku="1,1,0,1,54,1,53,0" doraHai="62" doraHaiUra="40" who="2" fromWho="2" sc="365,-11,191,-21,231,63,193,-11" /><INIT seed="6,0,0,0,3,65" ten="354,170,294,182" oya="2" hai0="17,133,69,22,135,6,49,16,31,83,87,72,52" hai1="91,46,3,50,123,62,95,30,12,104,101,24,38" hai2="14,56,100,97,99,45,51,28,82,116,75,71,20" hai3="36,112,78,63,37,19,126,93,7,109,67,5,34"/><V92/><F116/><W105/><G105/><T26/><D72/><U41/><E3/><V35/><F35/><W48/><G109/><T27/><D6/><U89/><E104/><V86/><F75/><W80/><G34/><T90/><D69/><U64/><E123/><V10/><F99/><W70/><G126/><T66/><D66/><U47/><E12/><V29/><F56/><W108/><G108/><T43/><D43/><U122/><E122/><V68/><F20/><W21/><G112/><T39/><D39/><U132/><E132/><N who="0" m="50761" /><D27/><U96/><E46/><AGARI ba="0,0" hai="16,17,22,26,31,46,49,52,83,87,90" m="50761" machi="46" ten="30,3900,0" yaku="20,1,54,2" doraHai="65" who="0" fromWho="1" sc="354,39,170,-39,294,0,182,0" /><INIT seed="7,0,0,4,0,1" ten="393,131,294,182" oya="3" hai0="120,40,123,0,94,82,10,119,24,44,124,42,19" hai1="104,74,51,38,2,39,77,41,106,31,25,52,73" hai2="23,126,95,105,89,20,53,64,57,15,107,50,72" hai3="68,32,76,62,91,84,86,87,33,109,135,54,43"/><W132/><G43/><T133/><D119/><U26/><E41/><V36/><F126/><W128/><G128/><T127/><D133/><N who="3" m="51273" /><G109/><T22/><D94/><U56/><E77/><V66/><F72/><W21/><G76/><T46/><D82/><U58/><E2/><V12/><F107/><W71/><G91/><T100/><D100/><U125/><E31/><V130/><F105/><W16/><G54/><T13/><D0/><U99/><E99/><V108/><F36/><W59/><G59/><T113/><D113/><U121/><E125/><N who="0" m="48201" /><D42/><U134/><E134/><V129/><F108/><W96/><G96/><T34/><D34/><N who="3" m="13417" /><G62/><T69/><D69/><U115/><E52/><V117/><F130/><W29/><G29/><N who="0" m="17559" /><D46/><U75/><E75/><V90/><F129/><W111/><G111/><T88/><D88/><U122/><REACH who="1" step="1"/><E51/><AGARI ba="0,0" hai="10,13,19,40,44,51,120,123" m="17559,48201" machi="51" ten="30,1000,0" yaku="18,1" doraHai="1" who="0" fromWho="1" sc="393,10,131,-10,294,0,182,0" owari="403,51.0,121,-38.0,294,9.0,182,-22.0" /></mjloggm>