<mjloggm ver="2.3"><GO type="41" lobby="0"/><UN n0="%E3%81%8D%E3%81%8E" n1="%67%69%6B%6B%75%72%69%35" n2="%E2%93%9D%53%75%70%68%78" n3="%E8%B1%9A%E9%AA%A8%E3%83%A9%E3%83%BC%E3%83%A1%E3%83%B3" dan="14,13,17,13" rate="2024.01,1883.45,2051.96,1839.32" sx="F,M,M,M"/><TAIKYOKU oya="0"/><INIT seed="0,0,0,5,4,20" ten="250,250,250,250" oya="0" hai0="62,54,108,129,91,19,105,26,65,47,5,101,87" hai1="100,21,35,2,130,79,71,128,92,36,13,11,125" hai2="110,18,14,107,117,83,124,63,44,7,10,78,77" hai3="66,22,15,89,111,99,135,42,118,126,120,74,49"/><T0/><D129/><N who="1" m="49771" /><E36/><V51/><F110/><W48/><G111/><T86/><D108/><U88/><E71/><V32/><F124/><W58/><G126/><T75/><D75/><U67/><E125/><V84/><F107/><W106/><G120/><T39/><D0/><U9/><E67/><V1/><F117/><W102/><G118/><T90/><D5/><U40/><E40/><V60/><F32/><W76/><G135/><T68/><D105/><U41/><E41/><V123/><F123/><W134/><G134/><T69/><D69/><U132/><E100/><V82/><F18/><W109/><G109/><T23/><D101/><U95/><E132/><V81/><F1/><W50/><G42/><T38/><D54/><U115/><E95/><V121/><F121/><W133/><G133/><T116/><D47/><U45/><E35/><V53/><REACH who="2" step="1"/><F83/><REACH who="2" ten="250,250,240,250" step="2"/><W8/><G106/><T80/><REACH who="0" step="1"/><D116/><REACH who="0" ten="240,250,240,250" step="2"/><U85/><E2/><V29/><F29/><W28/><G28/><T30/><D30/><U55/><E115/><V4/><F4/><W103/><G102/><T131/><D131/><U93/><E93/><AGARI ba="0,2" hai="19,23,26,38,39,62,65,68,80,86,87,90,91,93" machi="93" ten="30,5800,0" yaku="1,1,7,1,52,1,53,0" doraHai="20" doraHaiUra="37" who="0" fromWho="1" sc="240,78,250,-58,240,0,250,0" /><INIT seed="0,1,0,5,4,124" ten="318,192,240,250" oya="0" hai0="135,55,109,121,57,43,30,64,119,82,111,38,1" hai1="63,93,113,73,98,127,97,125,0,61,76,9,22" hai2="40,31,37,23,66,104,90,108,70,115,3,123,100" hai3="88,81,120,62,52,117,5,77,91,21,49,118,122"/><T39/><D119/><U67/><E76/><V44/><F115/><W85/><G5/><T45/><D121/><U68/><E73/><V2/><F90/><W131/><G62/><T33/><D1/><U105/><E113/><V26/><F108/><N who="0" m="41546" /><D82/><U59/><E105/><V128/><F123/><N who="3" m="47147" /><G21/><T80/><D80/><U13/><E0/><V19/><F19/><W129/><G52/><T42/><D33/><U60/><E22/><V107/><F107/><W51/><G49/><N who="0" m="29103" /><D30/><U75/><E75/><V20/><F3/><W103/><G51/><T58/><D135/><U74/><E98/><V112/><F31/><W69/><G69/><T50/><D64/><U116/><E74/><V6/><F66/><W92/><G103/><T35/><D35/><U114/><E116/><N who="3" m="44650" /><G91/><T36/><D50/><U34/><E34/><V41/><F2/><W87/><AGARI ba="1,0" hai="77,81,85,87,88,92,129,131" m="44650,47147" machi="87" ten="40,12000,2" yaku="13,1,34,2,52,2,54,1" doraHai="124" who="3" fromWho="3" sc="318,-61,192,-31,240,-31,250,123" /><INIT seed="1,0,0,4,2,53" ten="257,161,209,373" oya="1" hai0="54,30,120,135,106,131,84,64,133,107,60,37,36" hai1="116,23,45,102,114,130,25,74,9,112,31,20,49" hai2="21,52,56,62,119,109,27,46,59,90,16,6,28" hai3="124,1,105,88,38,40,24,50,2,94,83,47,51"/><U10/><E116/><V22/><F109/><W96/><G124/><T101/><D120/><U67/><E74/><V85/><F119/><W70/><G70/><T33/><D84/><U58/><E130/><V35/><F35/><W115/><G115/><T73/><D73/><U104/><E20/><V7/><F46/><W117/><G117/><T39/><D54/><U99/><E112/><V111/><F59/><W63/><G63/><T0/><D131/><U92/><E104/><V122/><F111/><W100/><G83/><T81/><D81/><U13/><E13/><N who="2" m="9359" /><F122/><W125/><G125/><T118/><D118/><U95/><E95/><AGARI ba="0,0" hai="6,7,22,27,28,52,56,62,85,90,95" m="9359" machi="95" ten="30,7700,0" yaku="8,1,52,1,54,2" doraHai="53" who="2" fromWho="1" sc="257,0,161,-77,209,77,373,0" /><INIT seed="2,0,0,4,4,91" ten="257,84,286,373" oya="2" hai0="70,14,123,121,65,81,124,56,73,115,130,67,126" hai1="36,23,104,82,127,4,19,75,134,22,8,122,71" hai2="69,0,84,42,83,10,118,98,57,1,45,17,129" hai3="114,55,31,33,113,109,97,29,95,128,85,28,77"/><V5/><F118/><W2/><G2/><T99/><D14/><U40/><E23/><V37/><F69/><W102/><G128/><T111/><D130/><U108/><E19/><V93/><F129/><W49/><G109/><T135/><D111/><U119/><E8/><V27/><F57/><W46/><REACH who="3" step="1"/><G33/><REACH who="3" ten="257,84,286,363" step="2"/><T120/><D120/><U68/><E22/><V6/><F1/><W133/><G133/><T88/><D135/><U87/><E4/><V92/><F6/><W59/><G59/><T54/><D56/><U62/><E87/><V53/><F98/><W35/><G35/><T25/><D99/><U34/><E82/><AGARI ba="0,1" hai="28,29,31,46,49,55,77,82,85,95,97,102,113,114" machi="82" ten="40,8000,1" yaku="1,1,52,1,53,2" doraHai="91" doraHaiUra="110" who="3" fromWho="1" sc="257,0,84,-80,286,0,363,90" /><INIT seed="3,0,0,2,1,45" ten="257,4,286,453" oya="3" hai0="77,62,123,86,82,59,81,125,47,40,94,4,71" hai1="88,80,112,64,54,17,135,127,32,133,69,96,74" hai2="119,118,92,78,131,84,129,116,16,23,128,60,39" hai3="79,57,2,113,35,111,53,25,97,90,115,68,55"/><W132/><G68/><T51/><D125/><U105/><E112/><V24/><F39/><W73/><G2/><T7/><D123/><U21/><E32/><V6/><F60/><W83/><G132/><N who="1" m="50762" /><E69/><V100/><F6/><W58/><G111/><T102/><D71/><U108/><E64/><V89/><F100/><W85/><G97/><T95/><D81/><U46/><E108/><V36/><F36/><W121/><G121/><T20/><D20/><U106/><E74/><V27/><REACH who="2" step="1"/><F78/><REACH who="2" ten="257,4,276,453" step="2"/><W130/><G79/><T28/><D102/><U120/><E120/><V98/><F98/><W13/><G115/><T110/><D110/><U14/><E127/><V37/><F37/><W29/><G113/><T48/><D62/><U8/><E21/><V72/><F72/><W101/><G101/><T9/><D28/><U15/><E15/><AGARI ba="0,1" hai="15,16,23,24,27,84,89,92,116,118,119,128,129,131" machi="15" ten="50,6400,0" yaku="1,1,19,1,54,1,53,0" doraHai="45" doraHaiUra="70" who="2" fromWho="1" sc="257,0,4,-64,276,74,453,0" owari="257,-14.0,-60,-56.0,350,15.0,453,55.0" /></mjloggm>