<mjloggm ver="2.3"><GO type="41" lobby="0"/><UN n0="%E2%93%9D%53%75%70%68%78" n1="%E9%80%8F%E8%8F%AF%E6%A7%98%E3%81%A7%E3%81%99%E3%82%8F%E3%81%A3%EF%BC%81" n2="%E3%81%82%E3%82%93%E3%81%AE%E3%81%95%E3%81%A8%E3%81%97" n3="%30%35%31%31%79%61%6D%61" dan="18,13,15,13" rate="2121.16,1890.05,2210.18,1862.07" sx="M,M,M,F"/><TAIKYOKU oya="0"/><INIT seed="0,0,0,2,1,120" ten="250,250,250,250" oya="0" hai0="90,86,74,95,125,24,10,4,107,128,27,124,97" hai1="72,71,28,31,93,103,106,81,0,53,40,100,111" hai2="108,134,113,122,29,63,45,57,119,59,83,52,8" hai3="66,102,92,25,46,12,50,75,131,129,133,21,43"/><T19/><D74/><U55/><E72/><V1/><F122/><W49/><G75/><T56/><D128/><U121/><E121/><V76/><F113/><W13/><G66/><T82/><D107/><U38/><E106/><V41/><F119/><W88/><G102/><T110/><D56/><U87/><E0/><V32/><F134/><W116/><G116/><T118/><D118/><U16/><E93/><V132/><F132/><W26/><G26/><T18/><D27/><U94/><E94/><V14/><F1/><W17/><G50/><T36/><D36/><U85/><E38/><V69/><F69/><W2/><G2/><T5/><D110/><U6/><E81/><V123/><F59/><W33/><G33/><T42/><D42/><U135/><E135/><V126/><F29/><W89/><G89/><T99/><D99/><U47/><E47/><V35/><F126/><N who="0" m="48746" /><D24/><U61/><E40/><V22/><F108/><W79/><G79/><N who="0" m="46431" /><D5/><U77/><E6/><V104/><F104/><W44/><G44/><T3/><AGARI ba="0,0" hai="3,4,10,18,19,90,95,97" m="46431,48746" machi="3" ten="30,1500,0" yaku="18,1" doraHai="120" who="0" fromWho="0" sc="250,15,250,-5,250,-5,250,-5" /><INIT seed="0,1,0,2,0,125" ten="265,245,245,245" oya="0" hai0="64,113,30,23,51,41,87,37,99,70,74,65,91" hai1="1,78,80,132,29,38,19,10,120,43,48,96,104" hai2="36,67,81,35,105,93,121,106,50,20,108,79,84" hai3="39,98,33,15,89,21,42,26,111,59,63,52,97"/><T72/><D37/><U66/><E66/><V73/><F35/><W109/><G42/><T28/><D113/><U126/><E48/><V117/><F36/><W60/><G39/><T83/><D74/><U62/><E62/><V69/><F20/><W122/><G122/><T131/><D72/><U123/><E29/><V53/><F121/><W116/><G33/><T92/><D131/><U71/><E71/><V119/><F67/><N who="0" m="25674" /><D23/><U22/><E19/><V103/><F69/><W11/><G116/><N who="2" m="44617" /><F53/><W17/><G63/><T115/><D115/><U90/><E22/><V34/><F50/><W129/><G129/><T0/><D0/><U13/><E13/><V77/><F34/><W82/><G111/><T61/><D61/><U47/><E126/><V68/><F68/><W114/><G114/><T8/><D8/><U24/><E24/><V124/><F124/><W7/><G109/><T14/><D14/><U40/><E40/><V49/><F49/><W32/><G32/><T46/><D70/><U12/><E12/><V56/><F56/><W54/><G54/><T118/><D118/><U58/><E58/><V55/><F55/><W102/><G102/><AGARI ba="1,0" hai="28,30,41,46,51,83,87,91,92,99,102" m="25674" machi="102" ten="30,1500,0" yaku="8,1" doraHai="125" who="0" fromWho="3" sc="265,18,245,0,245,0,245,-18" /><INIT seed="0,2,0,2,3,99" ten="283,245,245,227" oya="0" hai0="23,28,65,69,54,55,134,122,44,95,127,39,12" hai1="70,111,135,6,48,117,2,42,90,17,46,27,51" hai2="85,40,3,30,109,67,91,5,19,118,112,131,89" hai3="126,93,62,16,103,7,20,114,66,47,43,68,133"/><T64/><D122/><U97/><E117/><V73/><F112/><W80/><G133/><T105/><D105/><U92/><E135/><V4/><F73/><W104/><G104/><T1/><D1/><U37/><E70/><V78/><F3/><W96/><G126/><T128/><D128/><U76/><E111/><V75/><F75/><W8/><G80/><T87/><D39/><U84/><E2/><V56/><F30/><W35/><G35/><T9/><D69/><U119/><E6/><V110/><F40/><W31/><G31/><T41/><D41/><U14/><E27/><V98/><F131/><W57/><G68/><T22/><D127/><U77/><E119/><V100/><F118/><W83/><G83/><T116/><D134/><U125/><E125/><V82/><F19/><W106/><G106/><T81/><D95/><N who="1" m="54727" /><E48/><V59/><F5/><W15/><G114/><T130/><D130/><U129/><E37/><V52/><F4/><W61/><G61/><T29/><D116/><U88/><E129/><V25/><F25/><W33/><G33/><T121/><D29/><U32/><E32/><V13/><F13/><W45/><REACH who="3" step="1"/><G43/><REACH who="3" ten="283,245,245,217" step="2"/><T113/><D28/><U132/><E132/><V101/><F109/><W74/><G74/><T108/><D108/><U49/><E49/><N who="2" m="30735" /><F110/><W53/><G53/><T58/><D113/><U34/><E34/><V26/><F78/><W21/><G21/><AGARI ba="2,1" hai="14,17,21,42,46,51,76,77,88,92,97" m="54727" machi="21" ten="30,2000,0" yaku="8,1,54,1" doraHai="99" who="1" fromWho="3" sc="283,0,245,36,245,0,217,-26" /><INIT seed="1,0,0,3,1,85" ten="283,281,245,191" oya="1" hai0="110,94,13,20,12,2,58,47,125,84,74,52,88" hai1="97,124,32,29,69,127,68,121,118,86,27,111,46" hai2="28,91,90,43,64,129,109,134,128,122,113,56,57" hai3="19,23,80,135,42,114,54,44,71,17,100,26,89"/><U101/><E121/><V131/><F122/><W93/><G71/><T55/><D74/><U60/><E118/><V123/><F123/><W48/><G135/><T36/><D2/><U37/><E111/><V76/><F134/><W115/><G100/><T15/><D110/><U133/><E133/><V82/><F109/><W39/><G80/><T107/><D107/><N who="1" m="63919" /><E86/><N who="2" m="48455" /><F113/><W40/><G40/><T98/><D125/><N who="1" m="48203" /><E60/><N who="2" m="37895" /><F28/><W53/><G53/><T77/><D36/><U8/><E8/><V22/><F22/><W16/><G115/><T14/><D55/><U51/><E37/><V5/><F5/><W11/><G11/><T119/><D119/><U7/><E7/><V0/><F0/><W102/><G102/><T87/><D77/><U75/><E75/><V33/><F33/><W117/><G117/><T49/><D58/><U81/><E81/><V106/><F106/><W72/><G72/><T120/><D120/><U92/><E92/><V4/><F4/><W45/><REACH who="3" step="1"/><G114/><REACH who="3" ten="283,281,245,181" step="2"/><T30/><D30/><U95/><E95/><V99/><F43/><AGARI ba="0,1" hai="27,29,32,43,46,51,68,69" m="48203,63919" machi="43" ten="30,1500,0" yaku="18,1" doraHai="85" who="1" fromWho="2" sc="283,0,281,25,245,-15,181,0" /><INIT seed="1,1,0,5,0,129" ten="283,306,230,181" oya="1" hai0="85,71,97,98,75,119,55,15,76,115,42,78,33" hai1="62,35,10,91,131,103,92,109,100,56,114,60,45" hai2="37,67,82,105,32,41,99,69,17,106,6,20,61" hai3="12,39,120,108,125,30,128,111,43,8,26,44,13"/><U57/><E114/><V126/><F32/><W14/><G120/><T25/><D42/><U7/><E35/><V121/><F121/><W95/><G128/><T135/><D71/><U116/><E116/><V63/><F126/><W27/><G125/><T77/><D15/><N who="1" m="5599" /><E45/><V1/><F41/><W38/><G38/><T9/><D75/><U50/><E109/><V66/><F37/><W74/><G74/><T68/><D68/><U130/><E130/><V3/><F82/><W117/><G117/><T47/><D115/><U59/><E50/><V118/><F118/><W22/><G95/><T40/><D40/><U29/><E29/><V122/><F122/><W73/><G73/><T107/><D107/><U58/><E131/><V31/><F31/><W5/><G44/><T28/><D119/><U70/><E70/><V52/><F67/><W2/><G43/><T34/><D34/><U94/><E94/><V110/><F110/><W0/><G39/><T87/><D47/><U104/><E104/><V19/><F106/><W49/><G49/><T113/><D113/><U23/><E23/><V83/><F20/><N who="3" m="15687" /><G111/><T64/><D33/><U36/><E36/><V18/><F3/><N who="3" m="1067" /><G108/><T21/><D21/><U88/><E91/><V133/><F105/><W54/><G54/><T81/><D55/><N who="1" m="33823" /><E62/><V11/><F63/><W72/><G72/><T112/><D112/><U102/><E102/><V132/><F69/><W96/><G96/><AGARI ba="1,0" hai="57,58,59,88,92,96,100,103" m="33823,5599" machi="96" ten="30,2900,0" yaku="8,1,54,1" doraHai="129" who="1" fromWho="3" sc="283,0,306,32,230,0,181,-32" /><INIT seed="1,2,0,3,0,45" ten="283,338,230,149" oya="1" hai0="29,115,124,51,112,122,81,123,40,95,118,130,62" hai1="48,4,66,63,111,28,53,38,44,117,33,17,129" hai2="99,50,72,31,2,98,79,75,15,70,22,109,116" hai3="102,92,43,78,67,37,1,82,14,134,3,68,57"/><U119/><E4/><V26/><F116/><W121/><G68/><T12/><D29/><U16/><E129/><V101/><F2/><W125/><G121/><N who="0" m="46091" /><D95/><U10/><E111/><V87/><F109/><W8/><G134/><T42/><D81/><U11/><E33/><V18/><F70/><W76/><G43/><N who="0" m="16427" /><D12/><N who="1" m="7191" /><E38/><V85/><F98/><W47/><G125/><T96/><D96/><U86/><E117/><V83/><F75/><W93/><G37/><T131/><D118/><U7/><E7/><V0/><F0/><W108/><G108/><T113/><D62/><U114/><E114/><V120/><F120/><W73/><G76/><T71/><D71/><U25/><E119/><V74/><F74/><W23/><G93/><T49/><D124/><U100/><E28/><V46/><F99/><W105/><G105/><T69/><D69/><U132/><E132/><V20/><F101/><W107/><G107/><T5/><D5/><U52/><E100/><V19/><REACH who="2" step="1"/><F31/><REACH who="2" ten="283,338,220,149" step="2"/><W91/><G102/><T61/><D61/><U27/><E86/><V30/><F30/><W89/><G3/><T56/><D56/><N who="1" m="35207" /><E66/><V58/><F58/><W36/><G1/><T128/><AGARI ba="2,1" hai="49,51,112,113,115,128,130,131" m="16427,46091" machi="128" ten="50,16000,3" yaku="28,2,19,1,13,1,34,2,52,2" doraHai="45" who="0" fromWho="0" sc="283,176,338,-82,220,-42,149,-42" /><INIT seed="2,0,0,4,2,5" ten="459,256,178,107" oya="2" hai0="29,0,8,37,7,117,103,121,78,126,46,4,133" hai1="25,97,102,122,31,1,43,84,65,134,17,129,63" hai2="76,59,49,26,10,57,12,98,110,56,2,112,41" hai3="123,96,36,47,20,87,61,27,67,111,11,135,125"/><V38/><F112/><W118/><G123/><T127/><D133/><U109/><E134/><V88/><F2/><W60/><G118/><T42/><D7/><U116/><E116/><V34/><F38/><W21/><G135/><T80/><D117/><U113/><E113/><V18/><F76/><W130/><G130/><T33/><D103/><U105/><E129/><V89/><F110/><W45/><G125/><T73/><D121/><U72/><E122/><V124/><F124/><W39/><G87/><T58/><D58/><U91/><E43/><V82/><F82/><W115/><G115/><T85/><D85/><U52/><E52/><V93/><F34/><W19/><G96/><T55/><D55/><U54/><E54/><V99/><F26/><AGARI ba="0,0" hai="0,4,8,26,29,33,37,42,46,73,78,80,126,127" machi="26" ten="40,8000,1" yaku="25,2,23,2,52,1" doraHai="5" who="0" fromWho="2" sc="459,80,256,0,178,-80,107,0" /><INIT seed="3,0,0,0,1,130" ten="539,256,98,107" oya="3" hai0="114,10,81,69,129,96,40,47,119,101,117,121,15" hai1="98,54,84,90,85,91,70,93,122,113,64,32,95" hai2="99,39,52,56,6,61,108,44,51,104,133,67,41" hai3="55,134,31,103,74,76,34,112,14,63,126,42,135"/><W36/><G112/><T21/><D121/><U92/><E32/><V11/><F108/><W4/><G126/><T57/><D69/><U0/><E0/><V88/><F133/><N who="3" m="50699" /><G103/><T118/><D114/><U105/><E54/><V73/><F73/><W48/><G76/><T94/><D129/><U43/><E43/><V82/><F104/><W2/><G74/><T89/><D21/><U37/><E37/><V28/><F28/><W116/><G116/><T109/><D101/><N who="1" m="62647" /><E64/><V33/><F33/><W106/><G106/><T38/><D109/><U1/><E1/><V23/><F23/><W19/><G63/><T60/><D119/><U87/><E70/><V24/><F24/><N who="3" m="18791" /><G42/><T46/><D118/><U131/><E131/><V107/><F107/><W100/><G100/><T20/><D40/><U13/><E13/><N who="2" m="5367" /><F39/><W25/><G36/><T9/><D117/><U35/><E35/><V3/><F3/><W62/><G62/><T18/><D38/><U17/><E17/><V22/><F22/><N who="3" m="13535" /><G2/><T115/><D115/><U110/><E113/><V59/><F59/><N who="3" m="33255" /><G14/><T86/><D60/><U65/><E65/><V132/><F132/><W71/><G71/><T58/><D15/><U128/><E128/><V75/><F75/><W27/><G27/><T79/><D58/><U127/><E110/><V120/><F120/><W49/><G4/><T53/><D57/><U80/><E122/><V111/><F111/><W83/><G49/><N who="0" m="28855" /><D47/><U72/><E127/><V7/><F7/><W102/><G102/><T124/><D124/><U123/><E123/><V12/><F12/><W66/><G66/><RYUUKYOKU ba="0,0" sc="539,10,256,10,98,-30,107,10" hai0="9,10,18,20,79,81,86,89,94,96" hai1="72,80,84,85,87,90,91,92,93,95" hai3="83" /><INIT seed="3,1,0,4,5,109" ten="549,266,68,117" oya="3" hai0="95,118,47,52,33,130,36,104,81,91,49,116,12" hai1="34,73,48,71,131,62,79,28,46,32,113,9,44" hai2="24,7,90,26,89,45,4,125,16,55,108,21,103" hai3="117,128,67,14,102,29,101,5,35,66,58,69,78"/><W82/><G117/><T2/><D2/><U13/><E73/><V37/><F108/><W8/><G69/><T0/><D0/><U25/><E79/><V70/><F70/><W86/><G128/><T22/><D104/><U11/><E131/><V31/><F125/><W57/><G29/><T121/><D121/><U30/><E71/><V6/><F103/><N who="3" m="39435" /><G35/><T40/><D33/><U129/><E129/><V53/><F37/><W3/><G3/><T126/><D126/><U110/><E62/><V19/><F45/><W98/><G98/><T96/><D130/><U1/><E110/><V97/><F97/><W106/><G106/><T80/><D118/><U38/><E38/><V61/><F61/><W77/><G77/><T94/><D116/><U134/><E48/><V93/><F93/><W123/><G123/><T133/><D95/><U18/><E46/><V124/><F124/><W107/><G107/><T50/><D133/><U120/><E44/><V72/><F72/><W17/><G5/><T68/><D36/><U83/><E83/><V60/><F60/><W84/><G84/><T51/><D68/><U105/><E105/><V132/><F132/><W92/><G92/><T10/><D51/><U99/><E99/><V75/><F75/><W127/><G127/><T59/><D22/><U64/><E64/><AGARI ba="1,0" hai="8,14,17,57,58,64,66,67,78,82,86" m="39435" machi="64" ten="30,1500,0" yaku="8,1" doraHai="109" who="3" fromWho="1" sc="549,0,266,-18,68,0,117,18" /><INIT seed="3,2,0,0,2,114" ten="549,248,68,135" oya="3" hai0="63,120,121,0,42,82,131,52,124,62,6,4,19" hai1="87,89,106,57,78,20,54,1,27,7,135,35,115" hai2="40,26,110,30,97,2,105,8,22,60,36,127,123" hai3="94,96,58,79,102,104,14,109,51,44,33,128,91"/><W13/><G33/><T80/><D131/><U101/><E115/><V17/><F40/><W46/><G128/><T31/><D124/><U47/><E135/><V76/><F36/><W53/><G79/><T107/><D19/><U72/><E35/><N who="2" m="20951" /><F76/><W129/><G129/><T18/><D18/><U56/><E106/><V65/><F60/><W55/><G109/><T88/><D0/><U67/><E101/><V29/><F65/><W75/><G75/><T92/><D92/><U59/><E72/><V23/><F97/><W113/><G113/><T93/><D31/><N who="1" m="17895" /><E1/><V28/><F105/><W24/><G24/><T70/><D70/><U61/><E78/><V3/><F123/><W69/><G69/><T112/><D42/><U41/><E41/><V48/><F48/><W77/><G77/><T21/><D63/><U84/><E7/><N who="2" m="1143" /><F110/><W86/><G46/><T99/><D107/><U132/><E132/><V108/><F108/><W83/><G104/><T117/><D112/><U34/><E34/><V32/><F127/><W130/><REACH who="3" step="1"/><G130/><REACH who="3" ten="549,248,68,125" step="2"/><T11/><D121/><U81/><E47/><V66/><F32/><W111/><G111/><T15/><D120/><U5/><E67/><V85/><F66/><W64/><G64/><T16/><D21/><U43/><E59/><V10/><F23/><W25/><G25/><T119/><D11/><U134/><E57/><V98/><F22/><W103/><G103/><T39/><D88/><U71/><E71/><V125/><F125/><W38/><G38/><T45/><D39/><U73/><E134/><V118/><F10/><W116/><G116/><RYUUKYOKU ba="2,1" sc="549,-10,248,-10,68,-10,125,30" hai3="13,14,44,51,53,55,58,83,86,91,94,96,102" /><INIT seed="3,3,1,2,4,10" ten="539,238,58,155" oya="3" hai0="49,64,5,87,74,97,28,22,34,133,86,135,27" hai1="51,4,42,102,69,52,99,0,13,19,116,66,45" hai2="108,23,70,82,107,2,47,15,41,73,20,18,122" hai3="72,54,61,105,67,43,131,65,117,134,16,17,126"/><W35/><G35/><T3/><D74/><U109/><E109/><V89/><F108/><W118/><G105/><T60/><D49/><U84/><E116/><V90/><F122/><W36/><G72/><T85/><D5/><U78/><E0/><V115/><F115/><W56/><G134/><N who="0" m="51211" /><D97/><U113/><E113/><V11/><F70/><W21/><G131/><T37/><D37/><U33/><E33/><V101/><F101/><W30/><G30/><T9/><D9/><U81/><E69/><V93/><F107/><W8/><G126/><T123/><D3/><U46/><E66/><V130/><F130/><W25/><G36/><T63/><D123/><U39/><E4/><V6/><F93/><W59/><G43/><T80/><D63/><U128/><E128/><V71/><F23/><W79/><G79/><N who="0" m="46239" /><D34/><U76/><E76/><N who="2" m="44303" /><F71/><AGARI ba="3,1" hai="22,27,28,60,64,71,86,87" m="46239,51211" machi="71" ten="30,1000,0" yaku="20,1" doraHai="10" who="0" fromWho="2" sc="539,29,238,0,58,-19,155,0" /><INIT seed="4,0,0,2,0,68" ten="568,238,39,155" oya="0" hai0="36,25,14,20,81,87,113,106,96,110,67,38,85" hai1="31,88,35,80,120,28,114,117,33,82,75,40,27" hai2="17,0,122,108,128,92,94,119,104,124,66,60,55" hai3="118,5,48,98,71,126,46,107,2,84,78,62,121"/><T97/><D113/><U93/><E114/><V29/><F17/><W7/><G118/><T83/><D67/><U134/><E117/><V37/><F29/><W123/><G126/><T89/><D110/><U50/><E134/><V70/><F55/><W103/><G2/><T6/><D106/><U11/><E120/><V102/><F60/><W54/><G78/><T30/><D6/><U63/><E75/><V115/><F92/><W21/><G84/><T132/><D14/><U45/><E63/><V1/><F94/><W100/><G100/><T22/><D132/><U111/><E111/><V61/><F61/><W13/><G21/><T73/><D73/><U44/><E11/><V16/><F16/><W133/><G133/><T32/><D32/><U131/><E131/><V39/><F102/><W79/><G79/><T130/><D130/><U49/><E31/><V12/><F12/><W42/><G13/><T101/><D101/><U26/><E26/><V129/><F66/><W72/><G72/><T24/><D30/><U53/><REACH who="1" step="1"/><E35/><REACH who="1" ten="568,228,39,155" step="2"/><V43/><F128/><W51/><G62/><T105/><D105/><U58/><E58/><V18/><F122/><N who="3" m="46603" /><G71/><T112/><D112/><U15/><E15/><V86/><F70/><W10/><G10/><T8/><D8/><U77/><E77/><V135/><F115/><W76/><G76/><T99/><D25/><U95/><E95/><V125/><F135/><W52/><G42/><T3/><D24/><U34/><E34/><V47/><F119/><W90/><G90/><T91/><D3/><U65/><E65/><V59/><F1/><RYUUKYOKU ba="0,1" sc="568,10,228,10,39,-30,155,10" hai0="20,22,36,38,81,83,85,87,89,91,96,97,99" hai1="27,28,33,40,44,45,49,50,53,80,82,88,93" hai3="5,7,46,48,51,52,54,98,103,107" /><INIT seed="4,1,1,4,3,52" ten="578,238,9,165" oya="0" hai0="116,112,48,133,95,77,123,27,10,64,46,117,94" hai1="50,128,132,86,55,49,74,71,65,6,18,29,11" hai2="66,33,82,51,73,84,114,105,67,78,88,40,87" hai3="85,130,96,131,103,68,97,41,63,91,102,17,12"/><T120/><D112/><U44/><E132/><V8/><F114/><W21/><G41/><T54/><D64/><U34/><E128/><V89/><F105/><W79/><G68/><T56/><D77/><U75/><E34/><V109/><F109/><W9/><G79/><T59/><D27/><U24/><E29/><V93/><F33/><W5/><G131/><T58/><D10/><U108/><E108/><V28/><F28/><W36/><G36/><T39/><D95/><U99/><E99/><V43/><F73/><W124/><G124/><T125/><D94/><U81/><E65/><N who="2" m="24587" /><F78/><W38/><G38/><T13/><D13/><U47/><E71/><V100/><F100/><W98/><G63/><T3/><D3/><U1/><E24/><V32/><F32/><W2/><REACH who="3" step="1"/><G130/><REACH who="3" ten="578,238,9,155" step="2"/><T92/><D39/><U104/><E74/><V62/><F62/><W53/><G53/><T7/><D125/><U23/><E75/><V101/><F101/><W22/><G22/><T107/><D54/><U111/><E111/><V16/><F51/><W80/><AGARI ba="1,2" hai="2,5,9,12,17,21,80,85,91,96,97,98,102,103" machi="80" ten="30,2000,0" yaku="1,1,0,1,53,0" doraHai="52" doraHaiUra="20" who="3" fromWho="3" sc="578,-11,238,-6,9,-6,155,43" /><INIT seed="5,0,0,2,5,10" ten="567,232,3,198" oya="1" hai0="119,93,35,36,131,5,28,3,113,98,47,124,26" hai1="57,84,95,45,64,72,7,56,22,34,87,62,96" hai2="40,103,6,30,97,61,104,38,66,29,20,67,1" hai3="15,102,54,127,63,33,24,19,58,70,128,106,107"/><U77/><E34/><V132/><F132/><W135/><G135/><T59/><D113/><U89/><E72/><V130/><F20/><W75/><G128/><T2/><D124/><U31/><E7/><V111/><F111/><W91/><G75/><T88/><D119/><U100/><E77/><V43/><F130/><W105/><G70/><T82/><D59/><U71/><E71/><N who="2" m="42447" /><F67/><W81/><G127/><T41/><D131/><U55/><E45/><V65/><F65/><W133/><G133/><T4/><REACH who="0" step="1"/><D82/><REACH who="0" ten="557,232,3,198" step="2"/><U80/><E80/><V92/><F38/><W18/><G81/><T74/><D74/><U108/><E108/><V42/><F42/><W17/><G91/><T12/><D12/><U25/><REACH who="1" step="1"/><E89/><REACH who="1" ten="557,222,3,198" step="2"/><V68/><F43/><W117/><G117/><T101/><D101/><U126/><E126/><V109/><F40/><W27/><G102/><T123/><D123/><U86/><E86/><V120/><F109/><W69/><G69/><T50/><D50/><AGARI ba="0,2" hai="22,25,31,50,55,56,57,62,64,84,87,95,96,100" machi="50" ten="30,12000,1" yaku="1,1,7,1,25,2,8,1,53,0" doraHai="10" doraHaiUra="9" who="1" fromWho="0" sc="557,-120,222,140,3,0,198,0" /><INIT seed="5,1,0,3,0,38" ten="437,362,3,198" oya="1" hai0="72,34,44,3,11,21,97,106,67,89,134,45,105" hai1="101,39,104,113,103,111,23,8,122,42,107,87,18" hai2="63,35,14,68,52,7,100,112,46,98,12,115,26" hai3="19,66,130,129,24,120,47,32,75,93,86,27,79"/><U73/><E122/><V135/><F135/><W64/><G75/><T50/><D34/><U117/><E117/><V31/><F7/><W40/><G120/><T119/><D67/><U91/><E73/><V99/><F99/><W48/><G27/><T127/><D127/><U59/><E104/><N who="2" m="63511" /><F46/><W92/><G92/><T51/><D21/><U94/><E107/><V4/><F4/><W13/><G24/><T43/><D119/><U90/><E113/><N who="2" m="43595" /><F52/><W109/><G32/><T84/><D97/><N who="1" m="57559" /><E39/><V36/><F36/><W22/><G109/><T17/><D106/><U30/><E111/><V88/><F88/><N who="3" m="53399" /><G79/><T16/><D134/><U131/><E131/><AGARI ba="1,0" hai="13,19,22,40,47,48,64,66,129,130,131" m="53399" machi="131" ten="30,3900,0" yaku="19,1,52,1,54,1" doraHai="38" who="3" fromWho="1" sc="437,0,362,-42,3,0,198,42" /><INIT seed="6,0,0,1,1,2" ten="437,320,3,240" oya="2" hai0="67,35,52,60,114,72,123,73,56,34,111,89,87" hai1="106,127,36,44,86,99,62,31,6,37,11,129,41" hai2="54,25,117,107,68,135,24,10,12,93,65,105,83" hai3="84,43,132,55,4,8,45,91,131,113,78,57,0"/><V16/><F117/><W81/><G132/><T13/><D111/><U124/><E129/><V49/><F135/><W46/><G131/><T58/><D114/><U109/><E109/><V5/><F68/><W18/><G18/><T59/><D123/><U14/><E31/><V88/><F65/><W100/><G100/><T116/><D13/><U119/><E119/><V69/><F69/><W26/><G26/><T42/><D42/><U115/><E115/><V22/><F83/><W128/><G128/><T9/><D9/><U121/><E121/><V17/><F25/><W104/><G104/><T92/><D59/><U94/><E62/><V33/><F33/><W27/><G27/><T97/><D116/><U23/><E23/><V71/><F71/><W102/><G102/><T95/><D73/><U63/><E63/><V122/><F122/><W96/><G113/><T15/><D72/><U53/><E53/><V1/><F1/><W32/><G32/><T101/><D15/><U120/><E120/><V90/><F90/><W125/><G125/><N who="1" m="48202" /><E86/><V7/><F105/><W112/><G112/><T126/><D126/><U76/><E76/><V39/><F39/><W64/><G64/><T118/><D118/><U47/><E106/><V79/><F79/><W29/><G29/><T103/><D103/><N who="1" m="60919" /><E47/><N who="3" m="17930" /><G43/><T134/><D134/><U66/><E66/><V74/><F107/><W61/><G96/><T30/><D30/><U51/><AGARI ba="0,0" hai="6,11,14,36,37,41,44,51" m="60919,48202" machi="51" ten="30,2000,0" yaku="18,1,52,1" doraHai="2" who="1" fromWho="1" sc="437,-5,320,20,3,-10,240,-5" owari="432,53.0,340,14.0,-7,-51.0,235,-16.0" /></mjloggm>