<mjloggm ver="2.3"><GO type="41" lobby="0"/><UN n0="%E9%A6%AC%E9%B9%BF%E9%A6%AC" n1="%E6%96%87%58" n2="%6B%75%6E%6F%6E%61%72%63" n3="%E2%93%9D%53%75%70%68%78" dan="15,14,14,18" rate="1985.75,1995.14,1952.20,2089.85" sx="M,M,F,M"/><TAIKYOKU oya="0"/><INIT seed="0,0,0,2,3,111" ten="250,250,250,250" oya="0" hai0="46,74,88,109,62,19,6,23,108,124,66,72,85" hai1="70,38,77,7,110,135,89,25,30,4,100,131,32" hai2="43,97,18,99,5,106,2,3,52,102,119,26,133" hai3="59,76,117,80,123,45,17,27,75,115,125,73,21"/><T122/><D122/><U87/><E87/><V0/><BYE who="1" /><F43/><W28/><G117/><T101/><D101/><UN n1="%E6%96%87%58" /><U94/><E110/><N who="0" m="42601" /><D46/><U107/><E107/><BYE who="1" /><V41/><F41/><W56/><G125/><T81/><D6/><UN n1="%E6%96%87%58" /><U86/><E131/><V129/><F129/><W82/><G115/><T112/><D124/><U69/><E135/><V49/><F133/><W71/><G71/><N who="0" m="42455" /><D112/><U36/><E100/><V22/><F99/><W78/><G123/><T93/><D93/><U65/><E77/><V31/><F119/><W118/><G118/><T11/><D11/><U95/><E95/><V1/><F5/><W126/><G126/><T67/><D67/><U91/><E4/><V54/><N who="2" m="0" /><DORA hai="47" /><V60/><F54/><W113/><G113/><T40/><D40/><U50/><E7/><V42/><F60/><W10/><G45/><T58/><D58/><U24/><E65/><V14/><F42/><W132/><G132/><T8/><D8/><U55/><E91/><V114/><F114/><W130/><G130/><T57/><D57/><U39/><REACH who="1" step="1"/><E25/><AGARI ba="0,0" hai="19,23,25,72,74,81,85,88" m="42455,42601" machi="25" ten="30,5800,0" yaku="14,1,10,1,54,1" doraHai="111,47" who="0" fromWho="1" sc="250,58,250,-58,250,0,250,0" /><INIT seed="0,1,0,2,4,31" ten="308,192,250,250" oya="0" hai0="64,52,46,27,80,77,111,29,69,109,112,101,122" hai1="3,135,12,133,37,84,53,34,100,83,130,16,43" hai2="76,114,33,119,22,44,88,32,91,97,94,74,99" hai3="110,65,19,104,124,23,63,86,25,55,7,71,85"/><T10/><D112/><U54/><E3/><V28/><F114/><W87/><G110/><N who="0" m="41995" /><D122/><U38/><E100/><V78/><F119/><W113/><G124/><T131/><D101/><U107/><E107/><V98/><F44/><W79/><G104/><T118/><D118/><U57/><E130/><V89/><F22/><W2/><G113/><T24/><D131/><U125/><E125/><V72/><F28/><W90/><G79/><N who="2" m="30249" /><F94/><W30/><G55/><T61/><D10/><U60/><E54/><V11/><F11/><W127/><G127/><T62/><D29/><U41/><E38/><V108/><F108/><W96/><G2/><T18/><D18/><U73/><E73/><AGARI ba="1,0" hai="32,33,72,73,74,88,89,91,97,98,99" m="30249" machi="73" ten="40,8000,1" yaku="28,2,52,2,54,1" doraHai="31" who="2" fromWho="1" sc="308,0,192,-83,250,83,250,0" /><INIT seed="1,0,0,4,2,72" ten="308,109,333,250" oya="1" hai0="52,3,114,109,91,23,65,95,104,128,115,97,55" hai1="90,69,96,20,8,46,116,39,58,24,81,92,118" hai2="60,49,134,82,130,113,132,133,6,56,50,29,84" hai3="30,93,66,71,53,31,54,61,5,121,38,67,18"/><U103/><E69/><V59/><F130/><W0/><G121/><T126/><D128/><U106/><E39/><V7/><F29/><W14/><G38/><T19/><D3/><U135/><E135/><V74/><F74/><W21/><G67/><T124/><D65/><U43/><E8/><V75/><F75/><W89/><G0/><T86/><D109/><U4/><E4/><N who="2" m="1579" /><F113/><W32/><G5/><T129/><D129/><U83/><E58/><N who="2" m="22059" /><F60/><W131/><G131/><T16/><D19/><U105/><E105/><V44/><F44/><W48/><G32/><T27/><D115/><U17/><E118/><V57/><N who="2" m="22067" /><V79/><AGARI ba="0,0" hai="49,50,79,82,84,132,133,134" m="22067,1579" machi="79" ten="40,5200,0" yaku="4,1,20,1,52,1" doraHai="72" who="2" fromWho="2" sc="308,-13,109,-26,333,52,250,-13" /><INIT seed="2,0,0,3,5,88" ten="295,83,385,237" oya="2" hai0="23,32,3,47,69,94,12,112,79,104,76,30,28" hai1="34,46,124,132,55,116,92,109,90,117,19,80,27" hai2="26,133,84,68,115,127,106,45,67,29,15,114,33" hai3="44,99,54,87,129,35,119,62,75,107,93,2,126"/><V71/><F127/><W135/><G2/><T125/><D104/><U85/><E109/><V58/><F133/><W101/><G35/><T24/><D125/><U17/><E124/><V18/><F106/><W110/><G126/><T97/><D69/><U73/><E132/><V72/><F72/><W5/><G5/><T66/><D3/><U49/><E34/><V70/><F45/><W50/><G129/><T131/><D131/><U43/><E117/><V42/><F42/><W9/><G9/><T120/><D120/><U22/><E116/><V52/><F67/><W86/><G75/><T103/><D112/><U37/><E73/><V108/><F84/><W134/><G110/><T38/><D66/><U8/><E8/><V36/><F36/><W113/><G113/><T53/><D12/><U89/><E37/><V0/><F0/><W98/><G119/><T31/><D38/><U25/><E43/><V123/><F123/><W122/><G122/><T41/><D41/><U64/><E64/><V81/><F81/><W83/><G62/><T10/><D10/><U100/><E100/><V96/><F96/><W39/><G39/><T91/><D103/><U16/><E27/><V56/><F108/><W77/><REACH who="3" step="1"/><G87/><AGARI ba="0,0" hai="16,17,19,22,25,46,49,55,80,85,87,89,90,92" machi="87" ten="30,7700,0" yaku="7,1,8,1,52,1,54,1" doraHai="88" who="1" fromWho="3" sc="295,0,83,77,385,0,237,-77" /><INIT seed="3,0,0,2,4,66" ten="295,160,385,160" oya="3" hai0="119,54,105,29,79,4,53,127,57,27,51,19,107" hai1="68,38,134,98,78,124,5,65,125,112,6,61,108" hai2="89,8,10,34,22,74,123,73,77,15,71,69,28" hai3="80,93,55,59,18,2,91,14,58,31,121,50,92"/><W25/><G2/><T62/><D119/><U32/><E112/><V131/><F34/><W133/><G133/><T49/><D127/><U130/><E108/><V83/><F131/><W110/><G121/><T101/><D79/><U111/><E111/><V72/><F123/><W37/><G37/><T21/><D4/><U13/><E134/><V84/><F28/><W94/><G110/><T113/><D113/><U46/><E78/><V45/><F45/><W118/><G118/><T120/><D120/><U90/><E32/><V1/><F1/><W9/><G80/><T11/><D101/><U7/><E13/><V30/><F30/><W129/><G129/><T128/><D128/><U96/><E130/><V86/><F22/><W135/><G135/><T81/><D81/><U103/><E90/><V41/><F41/><W23/><REACH who="3" step="1"/><G59/><REACH who="3" ten="295,160,385,150" step="2"/><T132/><D132/><U102/><E38/><V82/><REACH who="2" step="1"/><F10/><REACH who="2" ten="295,160,375,150" step="2"/><W60/><G60/><T115/><D62/><U17/><E61/><V52/><F52/><W20/><G20/><T16/><D11/><U117/><E117/><V56/><F56/><W42/><G42/><T48/><D115/><U43/><E43/><V3/><F3/><W35/><G35/><T85/><D57/><U33/><E33/><V99/><F99/><AGARI ba="0,2" hai="9,14,18,23,25,31,50,55,58,91,92,93,94,99" machi="99" ten="30,5800,0" yaku="1,1,7,1,8,1,53,0" doraHai="66" doraHaiUra="116" who="3" fromWho="2" sc="295,0,160,0,375,-58,150,78" /><INIT seed="3,1,0,1,5,15" ten="295,160,317,228" oya="3" hai0="106,74,127,95,19,12,35,38,26,30,51,59,29" hai1="120,104,3,75,60,21,8,82,77,33,13,61,88" hai2="71,115,42,27,112,98,58,14,117,16,85,107,28" hai3="46,47,133,11,52,97,99,53,49,63,134,17,119"/><W54/><G119/><T7/><D74/><U128/><E120/><V91/><F71/><W56/><G99/><T125/><D38/><U126/><E104/><V62/><F117/><W84/><G97/><T80/><D106/><U34/><E128/><V135/><F42/><W96/><G96/><T86/><D7/><U68/><E126/><V45/><F45/><W111/><G84/><T116/><D116/><U76/><E3/><V129/><F135/><N who="3" m="51723" /><G11/><T122/><D95/><U78/><E21/><V132/><F27/><W73/><G17/><T69/><D69/><U23/><E23/><V43/><F43/><N who="3" m="24799" /><G73/><T81/><D122/><U67/><E61/><V113/><F28/><W9/><G9/><N who="0" m="6543" /><D30/><U6/><REACH who="1" step="1"/><E75/><REACH who="1" ten="295,150,317,228" step="2"/><V102/><F129/><W48/><G111/><T32/><D127/><U105/><E105/><V94/><F132/><W18/><G18/><T1/><D1/><U10/><E10/><V0/><F0/><W66/><AGARI ba="1,1" hai="47,48,52,53,54,56,63,66" m="24799,51723" machi="66" ten="30,11700,0" yaku="20,1,34,2,54,1" doraHai="15" who="3" fromWho="3" sc="295,-40,150,-40,317,-40,228,130" /><INIT seed="3,2,0,4,4,62" ten="255,110,277,358" oya="3" hai0="59,47,23,8,82,56,135,134,74,22,34,123,73" hai1="6,89,0,1,68,102,113,133,2,131,20,92,114" hai2="15,67,45,39,97,103,81,122,55,126,132,75,42" hai3="46,93,90,111,51,118,98,85,38,60,24,70,127"/><W86/><G118/><T94/><D123/><U17/><E102/><V5/><F132/><N who="0" m="50730" /><D34/><U71/><E133/><V87/><F126/><W32/><G38/><T49/><D94/><U78/><E78/><V43/><F75/><N who="0" m="28682" /><D82/><U35/><E35/><V10/><F55/><W63/><G111/><T130/><D8/><U48/><E131/><V99/><F43/><W76/><G127/><T128/><D47/><U88/><E48/><V66/><F99/><W11/><G11/><T13/><D13/><U79/><E79/><V124/><F124/><W84/><G76/><T52/><D59/><U106/><E106/><V31/><F31/><W4/><G32/><T105/><D105/><U14/><E6/><V27/><F27/><W108/><G24/><T116/><D116/><U110/><E110/><V125/><F125/><W50/><G4/><T18/><D18/><U53/><E53/><V100/><F122/><W115/><G93/><T21/><AGARI ba="2,0" hai="21,22,23,49,52,56,128,130" m="28682,50730" machi="21" ten="40,2700,0" yaku="20,1,54,1" doraHai="62" who="0" fromWho="0" sc="255,33,110,-9,277,-9,358,-15" /><INIT seed="4,0,0,4,3,116" ten="288,101,268,343" oya="0" hai0="69,58,16,27,79,12,60,81,5,38,132,109,26" hai1="63,95,91,75,88,21,114,24,22,126,31,84,129" hai2="80,9,43,17,123,62,107,98,48,90,67,105,134" hai3="61,128,93,106,72,112,32,87,130,11,127,99,34"/><T3/><D132/><U71/><E75/><V131/><F131/><N who="3" m="50219" /><G112/><T52/><D38/><U94/><E129/><V82/><F82/><W64/><G127/><T14/><D69/><U51/><E126/><V83/><F83/><W70/><G72/><T7/><D109/><U45/><E114/><V125/><F125/><W35/><G11/><T15/><D3/><U65/><E22/><V66/><F123/><W74/><G74/><T108/><D108/><U39/><E39/><V13/><F66/><W119/><G87/><N who="0" m="48575" /><D27/><U30/><E30/><V25/><F25/><W117/><G106/><T36/><D36/><U111/><E111/><V40/><F107/><W113/><G113/><T37/><D37/><U18/><E31/><V29/><F29/><W92/><G92/><T46/><D46/><U103/><E103/><AGARI ba="0,0" hai="32,34,35,61,64,70,93,99,103,117,119" m="50219" machi="103" ten="40,1300,0" yaku="19,1" doraHai="116" who="3" fromWho="1" sc="288,0,101,-13,268,0,343,13" /><INIT seed="5,0,0,3,1,122" ten="288,88,268,356" oya="1" hai0="46,25,112,131,19,18,80,49,71,115,75,99,22" hai1="23,124,69,117,64,105,11,53,3,36,78,61,48" hai2="5,103,44,34,41,104,32,96,125,84,94,7,126" hai3="109,119,127,97,40,0,12,128,21,16,102,76,133"/><U72/><E117/><V27/><F84/><W70/><G70/><T52/><D71/><U1/><E105/><V13/><F94/><W31/><G0/><T37/><D131/><U9/><E124/><N who="2" m="47723" /><F13/><W58/><G133/><T129/><D129/><U123/><E123/><V87/><F87/><W29/><G40/><T118/><D118/><U135/><E135/><V43/><F27/><W98/><G76/><N who="0" m="44063" /><D37/><U24/><E36/><N who="2" m="21543" /><F43/><W79/><G98/><T20/><D99/><U83/><E1/><V116/><F116/><W134/><G97/><T90/><D90/><U93/><E3/><V91/><F91/><W47/><G12/><T4/><D4/><AGARI ba="0,0" hai="4,5,7,32,34,96,103,104" m="21543,47723" machi="4" ten="30,1000,0" yaku="18,1" doraHai="122" who="2" fromWho="0" sc="288,-10,88,0,268,10,356,0" /><INIT seed="6,0,0,4,4,23" ten="278,88,278,356" oya="2" hai0="10,116,39,131,7,125,102,8,84,77,18,48,74" hai1="122,60,85,16,108,114,58,82,1,4,44,17,33" hai2="37,95,26,105,97,0,100,25,115,70,20,68,34" hai3="38,47,120,11,78,50,126,6,72,2,118,83,56"/><V30/><F37/><W40/><G126/><T96/><D125/><U87/><E108/><V73/><F73/><W119/><G120/><T51/><D39/><U111/><E111/><V123/><F115/><W28/><G28/><T99/><D74/><U124/><E122/><V103/><F0/><W43/><G43/><T21/><D131/><U14/><E33/><V134/><F134/><W55/><AGARI ba="0,0" hai="2,6,11,38,40,47,50,55,56,72,78,83,118,119" machi="55" ten="30,4000,0" yaku="0,1,25,2" doraHai="23" who="3" fromWho="3" sc="278,-10,88,-10,278,-20,356,40" /><INIT seed="7,0,0,2,2,107" ten="268,78,258,396" oya="3" hai0="72,27,60,83,92,109,42,15,20,108,3,64,54" hai1="87,105,74,58,135,132,4,67,32,26,82,78,68" hai2="14,80,0,9,12,114,59,33,49,13,104,66,63" hai3="34,40,48,38,47,110,130,31,6,125,28,120,39"/><W56/><G31/><T11/><D3/><U84/><E58/><V30/><F104/><W17/><G6/><T85/><D42/><U5/><E84/><V37/><F37/><W70/><G17/><T93/><D54/><U79/><E79/><V103/><F103/><W124/><G130/><T99/><D93/><U100/><E5/><V123/><F123/><W62/><G110/><T36/><D36/><U134/><E4/><V88/><F0/><W35/><G35/><T43/><D43/><U90/><E90/><V50/><F9/><W126/><G120/><T69/><D15/><U91/><E91/><V118/><F118/><W133/><G133/><T128/><D11/><U73/><E87/><N who="2" m="50279" /><F114/><W115/><G115/><T95/><D95/><U96/><E82/><V97/><F97/><W122/><G122/><T121/><D72/><U71/><E78/><V24/><F33/><W53/><G34/><T101/><D128/><U89/><E89/><V131/><F131/><W46/><G28/><T75/><D75/><U51/><E51/><N who="2" m="19467" /><F30/><W23/><G23/><T55/><D121/><U116/><E116/><V8/><F8/><W61/><G47/><T10/><D10/><U127/><E127/><V94/><F94/><W81/><G81/><T19/><D55/><U76/><E76/><AGARI ba="0,0" hai="19,20,27,60,64,69,76,83,85,92,99,101,108,109" machi="76" ten="30,1000,0" yaku="7,1" doraHai="107" who="0" fromWho="1" sc="268,10,78,-10,258,0,396,0" owari="278,8.0,68,-43.0,258,-14.0,396,49.0" /></mjloggm>