<mjloggm ver="2.3"><GO type="41" lobby="0"/><UN n0="%32%30%63%30%38" n1="%E2%93%9D%53%75%70%68%78" n2="%E7%AE%B8%E3%81%8F%E3%82%93" n3="%6E%6B%65%79%6E%6F" dan="15,19,14,15" rate="1988.11,2084.34,1852.12,2052.06" sx="M,M,M,M"/><TAIKYOKU oya="0"/><INIT seed="0,0,0,2,2,6" ten="250,250,250,250" oya="0" hai0="111,82,96,22,55,85,9,20,79,45,49,41,50" hai1="75,25,47,104,40,17,18,73,12,132,32,129,36" hai2="21,102,133,95,67,98,42,103,76,60,48,91,64" hai3="71,56,62,99,89,84,37,83,135,58,90,16,7"/><T115/><D115/><U101/><E129/><V2/><F2/><W107/><G135/><T109/><D96/><U130/><E130/><V128/><F128/><W110/><G110/><N who="0" m="41995" /><D9/><U61/><E132/><V118/><F118/><W123/><G37/><T117/><D117/><U51/><E51/><V59/><F76/><W77/><G123/><T29/><D29/><U134/><E18/><V63/><F21/><W54/><G7/><T100/><D100/><U66/><E134/><V35/><F35/><W15/><G71/><T13/><D13/><U39/><E39/><V26/><F26/><W68/><G68/><T57/><AGARI ba="0,0" hai="20,22,41,45,49,50,55,57,79,82,85" m="41995" machi="57" ten="30,3000,0" yaku="14,1,10,1" doraHai="6" who="0" fromWho="0" sc="250,30,250,-10,250,-10,250,-10" /><INIT seed="0,1,0,3,4,83" ten="280,240,240,240" oya="0" hai0="23,3,123,82,63,102,44,8,114,71,75,37,79" hai1="107,32,34,4,106,85,93,51,101,115,104,30,110" hai2="130,45,2,135,43,67,89,13,127,99,38,16,125" hai3="117,59,133,103,6,69,94,29,129,52,26,47,77"/><T66/><D123/><U80/><E4/><V31/><F2/><W49/><G117/><T7/><D23/><U40/><E110/><V55/><F130/><W57/><G129/><T62/><D62/><U24/><E34/><V61/><F55/><W42/><G133/><T54/><D54/><U98/><E115/><V21/><F31/><W60/><G69/><T128/><D102/><U36/><E36/><V126/><F135/><W70/><G77/><T0/><D128/><U50/><REACH who="1" step="1"/><E40/><REACH who="1" ten="280,230,240,240" step="2"/><V91/><REACH who="2" step="1"/><F99/><REACH who="2" ten="280,230,230,240" step="2"/><W108/><G108/><T132/><D132/><U84/><E84/><V39/><F39/><W35/><G42/><N who="0" m="22607" /><D0/><U14/><E14/><V15/><F15/><W18/><G26/><T27/><D27/><U112/><E112/><AGARI ba="1,2" hai="3,7,8,63,66,71,75,79,82,112,114" m="22607" machi="112" ten="30,2900,0" yaku="25,1,23,1" doraHai="83" who="0" fromWho="1" sc="280,52,230,-32,230,0,240,0" /><INIT seed="0,2,0,3,1,132" ten="332,198,230,240" oya="0" hai0="34,33,95,77,35,14,126,3,32,108,92,66,90" hai1="27,20,65,81,133,107,50,2,85,26,76,87,22" hai2="96,55,36,42,93,54,99,62,30,60,70,98,25" hai3="89,53,4,114,121,18,0,45,102,122,78,5,47"/><T38/><N who="0" m="8192" /><DORA hai="19" /><T125/><D38/><U115/><E2/><V67/><F42/><W83/><G102/><T23/><D3/><U57/><E107/><V40/><F40/><W119/><G89/><T105/><D105/><U112/><E133/><V51/><F36/><W134/><G114/><N who="1" m="43562" /><E87/><V1/><F1/><W74/><G119/><T8/><D77/><U109/><E109/><V24/><F93/><W11/><G5/><N who="0" m="3343" /><D66/><U118/><E118/><V48/><F30/><W31/><G31/><T58/><D58/><U120/><E120/><V124/><F124/><N who="0" m="47722" /><D108/><U88/><E76/><V43/><F43/><W37/><G134/><T7/><D7/><U110/><E110/><V29/><F96/><W75/><G37/><T52/><D52/><N who="1" m="31895" /><E65/><V63/><F67/><W80/><G53/><T46/><D46/><U79/><E79/><V103/><F55/><W44/><G78/><T123/><D123/><U129/><E129/><V15/><F54/><W128/><G128/><T106/><D106/><U131/><E131/><V64/><F64/><W94/><G122/><T28/><D90/><U97/><E97/><V17/><F98/><W101/><G121/><T86/><D86/><U91/><E91/><V61/><F99/><W82/><G45/><T59/><D59/><U116/><E116/><V84/><F84/><W72/><G47/><T100/><D100/><U135/><E135/><V49/><F103/><W113/><G44/><T111/><D111/><U130/><E130/><V73/><F73/><W56/><G113/><T21/><D28/><U41/><E41/><V127/><F127/><RYUUKYOKU ba="2,0" sc="332,15,198,15,230,-15,240,-15" hai0="21,23,92,95" hai1="20,22,26,27,81,85,88" /><INIT seed="0,3,0,3,2,25" ten="347,213,215,225" oya="0" hai0="132,9,5,43,31,24,66,134,44,14,48,39,38" hai1="12,21,1,71,4,7,96,32,109,80,123,61,88" hai2="67,135,121,120,69,111,58,131,15,59,46,127,34" hai3="2,6,17,97,8,13,118,113,98,36,100,50,11"/><T40/><D66/><U93/><E123/><N who="2" m="47179" /><F15/><W78/><G36/><T26/><D26/><U56/><E32/><V28/><F34/><W92/><G118/><T45/><REACH who="0" step="1"/><D48/><REACH who="0" ten="337,213,215,225" step="2"/><U3/><E61/><V77/><F67/><W74/><G50/><T107/><D107/><U95/><E71/><V129/><F69/><W117/><G117/><T84/><D84/><U102/><E3/><V18/><F129/><W23/><G113/><T110/><D110/><U42/><E1/><V65/><F131/><W79/><G74/><T115/><D115/><U0/><E0/><V60/><F65/><W22/><G97/><T106/><D106/><U126/><E109/><V87/><F111/><W51/><G51/><T114/><D114/><U16/><E96/><V57/><F87/><W112/><G112/><T73/><D73/><U70/><E70/><V105/><F105/><W19/><G8/><T108/><D108/><U37/><E37/><V119/><F119/><W122/><G122/><T103/><D103/><U55/><E102/><V49/><F49/><W52/><G52/><T86/><D86/><N who="1" m="50247" /><E55/><V27/><F135/><W85/><G85/><T30/><D30/><U68/><E68/><V128/><F28/><W83/><G83/><T90/><D90/><U89/><E89/><V41/><F128/><W47/><G47/><T101/><D101/><U64/><E64/><V99/><F46/><W20/><G2/><T125/><D125/><U130/><E126/><V133/><F99/><W82/><G82/><T29/><D29/><U104/><E130/><V53/><F127/><W63/><G63/><RYUUKYOKU ba="3,1" sc="337,15,213,-15,215,-15,225,15" hai0="5,9,14,24,31,38,39,40,43,44,45,132,134" hai3="6,11,13,17,19,20,22,23,78,79,92,98,100" /><INIT seed="0,4,1,1,4,59" ten="352,198,200,240" oya="0" hai0="11,102,41,22,54,129,122,125,53,43,115,38,3" hai1="17,82,57,36,37,61,96,30,51,7,35,118,134" hai2="94,46,103,100,45,33,27,39,4,101,58,47,83" hai3="71,70,79,78,23,132,25,10,113,29,62,73,32"/><T81/><D115/><U85/><E118/><V6/><F39/><W92/><G113/><T60/><D122/><U105/><E7/><V128/><F128/><W109/><G109/><T50/><D129/><U130/><E130/><V104/><F104/><W91/><G132/><T95/><D38/><U98/><E134/><V108/><F108/><W77/><G73/><T13/><D3/><U121/><E121/><V16/><F83/><W89/><G10/><T5/><D125/><U21/><E35/><V120/><F120/><W135/><G135/><T88/><D22/><U49/><E30/><V44/><F94/><W131/><G131/><T97/><D60/><U63/><E37/><V9/><F33/><W24/><G92/><T75/><D53/><U127/><E36/><V55/><N who="2" m="11264" /><DORA hai="93" /><V48/><REACH who="2" step="1"/><F27/><REACH who="2" ten="352,198,190,240" step="2"/><W34/><G32/><T40/><D75/><U18/><E105/><V76/><F76/><W90/><REACH who="3" step="1"/><G62/><REACH who="3" ten="352,198,190,230" step="2"/><T2/><D81/><U15/><E63/><V72/><F72/><W124/><G124/><T42/><N who="0" m="10240" /><DORA hai="65" /><T12/><REACH who="0" step="1"/><D102/><REACH who="0" ten="342,198,190,230" step="2"/><U64/><E127/><V117/><F117/><W52/><G52/><T119/><D119/><U67/><E82/><V87/><F87/><W19/><AGARI ba="4,4" hai="19,23,24,25,29,34,70,71,77,78,79,89,90,91" machi="19" ten="30,7900,0" yaku="1,1,0,1,52,2,53,0" doraHai="59,93,65" doraHaiUra="112,80,0" who="3" fromWho="3" sc="342,-43,198,-24,190,-24,230,131" /><INIT seed="1,0,0,4,1,108" ten="299,174,166,361" oya="1" hai0="123,56,80,72,27,1,10,101,67,132,125,78,47" hai1="106,76,116,79,73,112,134,124,66,38,90,60,95" hai2="39,94,133,48,135,65,29,19,7,71,23,118,86" hai3="103,43,127,96,104,115,119,87,91,54,99,98,128"/><U75/><E38/><V30/><F118/><W18/><G43/><T130/><D132/><N who="2" m="50762" /><F39/><W97/><G18/><T68/><D130/><U105/><E66/><V50/><F7/><W121/><G54/><T57/><D125/><U52/><E134/><V44/><F86/><W131/><G121/><T2/><D123/><U4/><E4/><V20/><F94/><W102/><G127/><T62/><D101/><U5/><E5/><V55/><F50/><W35/><G35/><T31/><D47/><U117/><E124/><V120/><F20/><W16/><G16/><T58/><REACH who="0" step="1"/><D10/><REACH who="0" ten="289,174,166,361" step="2"/><U81/><E117/><V6/><F120/><W40/><G119/><T64/><D64/><U34/><E116/><V49/><F65/><W46/><G131/><T28/><D28/><U32/><E106/><V25/><F44/><W24/><G128/><T45/><D45/><U107/><E107/><V93/><F30/><W82/><G103/><T21/><AGARI ba="0,1" hai="1,2,21,27,31,56,57,58,62,67,68,72,78,80" machi="21" ten="30,2000,0" yaku="1,1,0,1,53,0" doraHai="108" doraHaiUra="113" who="0" fromWho="0" sc="289,30,174,-10,166,-5,361,-5" /><INIT seed="2,0,0,4,3,58" ten="319,164,161,356" oya="2" hai0="115,77,61,81,25,75,85,38,89,95,64,66,6" hai1="83,8,33,40,122,100,17,15,14,125,16,52,34" hai2="54,45,60,42,41,135,128,133,104,111,70,108,106" hai3="26,30,63,43,7,113,96,49,116,31,78,59,57"/><V39/><F128/><W68/><G116/><T80/><D115/><U62/><E125/><V20/><F20/><W72/><G113/><T92/><D38/><U47/><E100/><V91/><F91/><W86/><G72/><T94/><D6/><U97/><E97/><V132/><F42/><W29/><G7/><T50/><D50/><U121/><E83/><V51/><F104/><W36/><G36/><T107/><D107/><U71/><E40/><V2/><F2/><W65/><G96/><T120/><D120/><N who="1" m="46187" /><E47/><N who="2" m="28031" /><F106/><W105/><G105/><T101/><D66/><AGARI ba="0,0" hai="39,41,45,60,66,70,108,111,132,133,135" m="28031" machi="66" ten="40,12000,1" yaku="20,1,34,2,52,1" doraHai="58" who="2" fromWho="0" sc="319,-120,164,0,161,120,356,0" /><INIT seed="2,1,0,1,0,80" ten="199,164,281,356" oya="2" hai0="81,91,18,79,23,89,129,92,0,133,49,71,29" hai1="119,127,3,112,104,7,65,87,47,124,21,67,126" hai2="8,121,34,41,15,102,120,5,73,70,88,2,118" hai3="30,6,55,69,98,90,108,96,116,58,19,53,94"/><V97/><F118/><W16/><G108/><T35/><D71/><U74/><E74/><V99/><F73/><W114/><G114/><T110/><D0/><U27/><E112/><V130/><F130/><W31/><G69/><T86/><D110/><U61/><E104/><V132/><F70/><W72/><G72/><T83/><D129/><U106/><E106/><V14/><F34/><W113/><G113/><T77/><D133/><U39/><E119/><V56/><F41/><W62/><G6/><T33/><D29/><N who="3" m="10761" /><G116/><T36/><D36/><U64/><E7/><V38/><F38/><W63/><G98/><N who="0" m="57615" /><D33/><U4/><E4/><V24/><F132/><W37/><G37/><T111/><D35/><U46/><E3/><V10/><F24/><W101/><G101/><T32/><D32/><U76/><E61/><V51/><F2/><W100/><G100/><T1/><D1/><U54/><E39/><V59/><F5/><W125/><G125/><T135/><D111/><U134/><E54/><N who="3" m="20490" /><G63/><T12/><D135/><U26/><E134/><V17/><F102/><W28/><N who="3" m="10769" /><W107/><DORA hai="84" /><G107/><T11/><D49/><U44/><E21/><V109/><F51/><W68/><G68/><T82/><D11/><U52/><E52/><AGARI ba="1,0" hai="16,19,52,58,62,90,94,96" m="20490,10769" machi="52" ten="30,7700,0" yaku="8,1,52,1,54,2" doraHai="80,84" who="3" fromWho="1" sc="199,0,164,-80,281,0,356,80" /><INIT seed="3,0,0,2,3,35" ten="199,84,281,436" oya="3" hai0="8,1,83,24,130,34,115,56,5,94,103,108,16" hai1="105,70,18,9,69,7,102,33,15,111,57,53,48" hai2="104,126,100,92,49,93,114,52,127,2,41,74,60" hai3="78,120,20,84,64,77,51,86,19,81,36,68,133"/><W22/><G36/><T117/><D108/><U37/><E111/><V26/><F2/><W132/><G120/><T28/><D117/><U62/><E33/><V61/><F74/><W122/><G122/><T63/><D130/><U124/><E124/><N who="2" m="47659" /><F41/><W67/><G51/><T17/><D115/><U65/><E105/><V59/><F114/><W46/><G46/><T95/><D83/><U82/><E102/><V85/><F85/><W88/><G68/><T58/><D58/><U116/><E116/><V72/><F72/><W75/><G75/><T99/><REACH who="0" step="1"/><D95/><REACH who="0" ten="189,84,281,436" step="2"/><U55/><E70/><V29/><F104/><W121/><G121/><T119/><D119/><U76/><E69/><V128/><F128/><W43/><G81/><T135/><D135/><U38/><E82/><V39/><F92/><W90/><G43/><T47/><D47/><U79/><E79/><V10/><F93/><W112/><G112/><T40/><D40/><U131/><E76/><V106/><F106/><W32/><G78/><T13/><D13/><U11/><E131/><V98/><F59/><W44/><G77/><T73/><D73/><U6/><E55/><AGARI ba="0,1" hai="1,5,8,16,17,24,28,34,55,56,63,94,99,103" machi="55" ten="30,12000,2" yaku="1,1,7,1,52,1,54,1,53,2" doraHai="35" doraHaiUra="14" who="0" fromWho="1" sc="189,130,84,-120,281,0,436,0" owari="319,12.0,-36,-54.0,281,-12.0,436,54.0" /></mjloggm>