<mjloggm ver="2.3"><GO type="41" lobby="0"/><UN n0="%E2%93%9D%53%75%70%68%78" n1="%E3%83%9D%E3%83%B3%E3%82%B3%E3%83%84" n2="%32%30%63%30%38" n3="%E5%96%9C%E4%B9%85%E9%BA%BF%EF%BC%A0%E4%BA%8C%E4%BB%A3%E7%9B%AE" dan="18,14,13,15" rate="2150.96,1837.01,1833.04,2048.90" sx="M,M,M,M"/><TAIKYOKU oya="0"/><INIT seed="0,0,0,4,0,35" ten="250,250,250,250" oya="0" hai0="26,22,13,68,61,44,58,34,131,111,17,82,118" hai1="133,63,23,36,15,27,12,59,73,2,0,113,48" hai2="103,104,19,101,40,92,32,86,114,126,46,41,10" hai3="1,87,37,16,52,65,123,135,60,39,38,93,72"/><T121/><D118/><U127/><E73/><V124/><F114/><W69/><G135/><T57/><D121/><U128/><E133/><V25/><F104/><W28/><G123/><T109/><D131/><U89/><E128/><V7/><F41/><W75/><G28/><T100/><D100/><U130/><E36/><V31/><F19/><W33/><G33/><T80/><D44/><U74/><E127/><N who="2" m="48683" /><F86/><W71/><G71/><T106/><D68/><U83/><E130/><V4/><F4/><W14/><G1/><N who="1" m="618" /><E48/><N who="2" m="26695" /><F92/><W110/><G93/><T42/><D106/><U3/><N who="1" m="626" /><AGARI ba="0,0" hai="3,7,10,25,31,32,101,103" m="26695,48683" machi="3" ten="30,3900,0" yaku="3,1,18,1,52,1" doraHai="35" who="2" fromWho="1" sc="250,0,250,-39,250,39,250,0" /><INIT seed="1,0,0,3,5,33" ten="250,211,289,250" oya="1" hai0="87,52,51,3,99,45,15,55,94,109,5,23,77" hai1="114,65,8,127,124,110,47,44,63,21,115,6,22" hai2="64,93,112,133,13,62,60,53,95,25,81,26,98" hai3="32,69,130,125,38,132,54,75,113,30,102,118,36"/><U90/><E90/><V46/><F133/><W40/><RYUUKYOKU type="yao9" ba="0,0" sc="250,0,211,0,289,0,250,0" hai3="30,32,36,38,40,54,69,75,102,113,118,125,130,132" /><INIT seed="1,1,0,1,2,111" ten="250,211,289,250" oya="1" hai0="64,91,110,35,78,31,94,39,2,98,90,38,58" hai1="77,82,26,70,80,5,104,115,56,18,102,122,103" hai2="68,74,12,45,131,95,106,63,92,57,13,125,72" hai3="47,46,3,66,86,8,30,33,41,9,14,69,127"/><U121/><E70/><V19/><F106/><W120/><G120/><N who="1" m="46186" /><E5/><V27/><F68/><W107/><G127/><T32/><D2/><U7/><E56/><V135/><F135/><W126/><G126/><T112/><D78/><U73/><E7/><V11/><F125/><W43/><G107/><T99/><D58/><U109/><E26/><V22/><F131/><W124/><G124/><T25/><D64/><U55/><E55/><V129/><F129/><W28/><G3/><T17/><D17/><U61/><E61/><V4/><F72/><W132/><G86/><T79/><D25/><U76/><E18/><V88/><F74/><W51/><G69/><T50/><D31/><U1/><E1/><V100/><F45/><W108/><G66/><T83/><D35/><U84/><E109/><V93/><F100/><N who="1" m="38441" /><E104/><V40/><F40/><W87/><G51/><T65/><D50/><U123/><N who="1" m="46194" /><U81/><DORA hai="116" /><E80/><V34/><F34/><W97/><G33/><T130/><D83/><U118/><E118/><V16/><F13/><W23/><G14/><T75/><D130/><U128/><E128/><V37/><F37/><W59/><G59/><T42/><D39/><U67/><E67/><N who="2" m="39407" /><F4/><W62/><G47/><T71/><D65/><U117/><E117/><V20/><F11/><W119/><G46/><T53/><D71/><U15/><E15/><V52/><F52/><W96/><G43/><T89/><D53/><U6/><E6/><V114/><F114/><AGARI ba="1,0" hai="73,76,77,81,82,84,114,115" m="38441,46194" machi="114" ten="40,24000,3" yaku="34,2,52,6" doraHai="111,116" who="1" fromWho="2" sc="250,0,211,243,289,-243,250,0" /><INIT seed="1,2,0,1,2,65" ten="250,454,46,250" oya="1" hai0="110,43,92,41,22,72,84,115,14,123,101,88,59" hai1="42,27,86,1,44,15,127,71,0,36,61,56,132" hai2="11,96,24,89,106,29,82,107,100,103,63,75,32" hai3="28,124,113,46,52,64,31,117,51,73,68,69,114"/><U55/><E127/><V66/><F75/><W3/><G73/><T99/><D115/><N who="3" m="44041" /><G3/><T58/><D110/><U120/><E120/><V20/><F11/><W5/><G5/><T74/><D74/><U94/><E132/><V47/><F47/><W91/><G91/><T79/><D123/><U131/><E27/><V108/><F108/><W80/><G80/><T95/><D79/><U57/><E15/><V77/><F77/><W37/><G31/><T30/><D72/><U8/><E131/><V45/><F45/><W16/><G16/><N who="0" m="10519" /><D30/><U4/><E1/><V112/><F112/><W76/><G76/><T125/><D125/><U121/><E57/><AGARI ba="2,0" hai="41,43,57,58,59,84,88,92,95,99,101" m="10519" machi="57" ten="30,3900,0" yaku="8,1,54,2" doraHai="65" who="0" fromWho="1" sc="250,45,454,-45,46,0,250,0" /><INIT seed="2,0,0,2,0,85" ten="295,409,46,250" oya="2" hai0="107,51,101,93,121,39,25,28,79,119,5,82,14" hai1="112,47,61,19,54,34,103,32,6,67,91,88,3" hai2="37,53,20,113,17,46,13,41,74,1,69,43,120" hai3="31,72,15,116,77,38,130,98,52,4,89,12,83"/><V104/><F120/><W50/><G130/><T133/><D39/><U92/><E32/><V55/><F113/><W29/><G116/><T126/><D107/><U42/><E34/><V100/><F104/><W117/><G117/><T131/><D133/><U23/><E112/><V75/><F100/><W66/><G38/><T60/><D126/><U124/><E3/><V24/><F1/><W111/><G111/><T21/><D60/><U114/><E54/><V9/><F69/><W40/><G40/><T33/><D131/><U123/><E6/><V99/><F99/><W0/><G66/><T81/><D79/><U96/><E124/><V90/><F75/><W118/><G0/><T125/><D121/><U44/><E123/><V106/><F74/><W87/><G98/><T122/><D33/><U94/><E114/><V45/><F106/><W97/><G97/><N who="0" m="59567" /><D119/><U63/><E94/><V7/><REACH who="2" step="1"/><F90/><REACH who="2" ten="295,409,36,250" step="2"/><N who="1" m="34345" /><E67/><V105/><F105/><W80/><G118/><T35/><D125/><U70/><E70/><V115/><F115/><W65/><G89/><T64/><D64/><U27/><E42/><V8/><F8/><W71/><G65/><T26/><D122/><U18/><E103/><V128/><F128/><W62/><G71/><T49/><D82/><U84/><E84/><V68/><F68/><W56/><G87/><T76/><D81/><U127/><E127/><V59/><F59/><W134/><G56/><T108/><D76/><U95/><E96/><V30/><F30/><W2/><G83/><T22/><D28/><U48/><E47/><V57/><F57/><N who="3" m="32919" /><G31/><T58/><D58/><RYUUKYOKU ba="0,1" sc="295,-10,409,-10,36,30,250,-10" hai2="7,9,13,17,20,24,37,41,43,45,46,53,55" /><INIT seed="2,1,1,3,0,124" ten="285,399,66,240" oya="2" hai0="79,43,129,47,99,88,67,33,113,91,75,63,3" hai1="127,126,120,122,40,18,53,93,65,95,131,10,37" hai2="58,115,76,102,114,97,41,14,81,17,46,90,51" hai3="92,22,48,68,52,71,87,25,26,100,134,125,112"/><V104/><F58/><W128/><G125/><N who="1" m="47626" /><E65/><V80/><F90/><W135/><G112/><T74/><D33/><U49/><E37/><V60/><F60/><W8/><G8/><T13/><D3/><U130/><E40/><V6/><F6/><W106/><G106/><T72/><D79/><U12/><E95/><V56/><F56/><W85/><G100/><T4/><D129/><N who="1" m="49163" /><E93/><V119/><F119/><W83/><G92/><T42/><D42/><U32/><E32/><V108/><F108/><W39/><G39/><T117/><D67/><U101/><E101/><V30/><F30/><W86/><G83/><T78/><D117/><U16/><E18/><V20/><REACH who="2" step="1"/><F81/><REACH who="2" ten="285,399,56,240" step="2"/><W110/><G128/><T111/><D111/><U103/><E103/><V77/><F77/><W82/><G110/><T133/><D78/><U57/><AGARI ba="1,2" hai="10,12,16,49,53,57,120,122" m="49163,47626" machi="57" ten="40,12000,2" yaku="18,1,19,1,52,3,54,1" doraHai="124" who="1" fromWho="1" sc="285,-31,399,143,56,-61,240,-31" owari="254,5.0,542,65.0,-5,-51.0,209,-19.0" /></mjloggm>