<mjloggm ver="2.3"><GO type="41" lobby="0"/><UN n0="%4B%61%6D%69%6B%61%6D%69" n1="%E3%81%93%E3%81%8F%E3%82%89%E3%81%82%E3%81%95%E3%81%B2" n2="%E2%93%9D%53%75%70%68%78" n3="%E3%81%95%E3%82%93%E3%81%8D%E3%81%A3%E3%81%A1%E3%82%83%E3%82%93" dan="15,13,18,13" rate="1999.99,1858.45,2043.10,1901.10" sx="M,F,M,M"/><TAIKYOKU oya="0"/><INIT seed="0,0,0,0,4,43" ten="250,250,250,250" oya="0" hai0="106,95,12,113,4,46,9,44,3,83,56,57,26" hai1="54,18,63,66,14,16,86,80,90,128,67,73,88" hai2="68,103,121,124,25,115,53,27,6,79,15,82,89" hai3="1,122,8,55,99,7,131,87,65,0,118,38,45"/><T93/><D93/><U59/><E128/><V96/><F121/><W49/><G118/><T62/><D106/><U132/><E132/><V78/><F68/><W64/><G131/><T31/><D113/><U41/><E73/><V23/><F124/><W133/><G133/><T11/><D83/><U28/><E28/><V47/><F115/><W30/><G122/><T34/><D95/><U70/><E70/><V50/><F27/><W119/><G38/><T107/><D107/><U108/><E108/><V112/><F103/><W17/><G119/><T129/><D129/><U135/><E135/><V104/><F104/><W71/><G71/><T72/><D72/><U39/><E18/><V10/><F112/><W130/><G0/><T60/><D57/><U77/><E41/><V40/><F40/><W134/><G134/><T69/><D69/><U36/><E36/><V97/><F89/><N who="1" m="34409" /><E39/><V98/><REACH who="2" step="1"/><F82/><REACH who="2" ten="250,250,240,250" step="2"/><W117/><G117/><T101/><D101/><U114/><E114/><V126/><F126/><W74/><G130/><T85/><D85/><U24/><E24/><V84/><F84/><W2/><G87/><T19/><REACH who="0" step="1"/><D62/><REACH who="0" ten="240,250,240,250" step="2"/><U81/><E81/><V105/><F105/><W91/><G74/><T110/><D110/><U111/><E111/><V109/><F109/><W29/><G99/><T5/><D5/><U100/><E100/><V52/><F52/><AGARI ba="0,2" hai="3,4,9,11,12,19,26,31,34,44,46,52,56,60" machi="52" ten="30,18000,2" yaku="1,1,7,1,52,2,54,1,53,2" doraHai="43" doraHaiUra="42" who="0" fromWho="2" sc="240,200,250,0,240,-180,250,0" /><INIT seed="0,1,0,1,0,135" ten="440,250,60,250" oya="0" hai0="58,96,121,72,120,86,18,10,118,89,54,24,79" hai1="29,129,103,99,4,7,111,82,67,44,107,59,47" hai2="43,69,90,91,112,133,124,26,70,33,51,32,63" hai3="20,28,114,36,41,93,81,25,35,55,22,128,9"/><T60/><D118/><U8/><E111/><V95/><F133/><W97/><G128/><T75/><D96/><U131/><E29/><V130/><F130/><N who="1" m="49673" /><E82/><V64/><F112/><W3/><G114/><T71/><D71/><U115/><E115/><V117/><F70/><W134/><G134/><T6/><D79/><U125/><E4/><V45/><F117/><W65/><G65/><T123/><D18/><U38/><E38/><V104/><F104/><W19/><G81/><T40/><D24/><U17/><E17/><V68/><F68/><W0/><G55/><T87/><D40/><U42/><E42/><V126/><F91/><W78/><G78/><T101/><D101/><U30/><E30/><V77/><F77/><W50/><G36/><T92/><REACH who="0" step="1"/><D87/><REACH who="0" ten="430,250,60,250" step="2"/><U16/><E16/><V23/><F26/><W12/><G41/><T88/><D88/><U62/><E125/><N who="2" m="48235" /><F23/><W61/><G35/><T76/><D76/><U57/><E57/><V100/><F100/><W11/><G22/><T14/><AGARI ba="1,1" hai="6,10,14,54,58,60,72,75,86,89,92,120,121,123" machi="14" ten="30,3000,0" yaku="1,1,0,1,53,0" doraHai="135" doraHaiUra="31" who="0" fromWho="0" sc="430,43,250,-11,60,-11,250,-11" /><INIT seed="0,2,0,5,2,12" ten="473,239,49,239" oya="0" hai0="56,21,0,95,92,20,23,71,58,74,91,5,79" hai1="14,90,84,11,89,135,76,128,104,117,77,18,114" hai2="87,60,82,118,39,105,31,112,107,123,133,109,69" hai3="103,65,41,75,46,2,101,34,47,22,36,17,32"/><T120/><D120/><U53/><E117/><V73/><RYUUKYOKU type="yao9" ba="2,0" sc="473,0,239,0,49,0,239,0" hai2="31,39,60,69,73,82,87,105,107,109,112,118,123,133" /><INIT seed="0,3,0,2,4,30" ten="473,239,49,239" oya="0" hai0="49,20,50,13,62,90,72,5,25,7,29,21,59" hai1="100,121,86,33,53,44,41,111,118,34,108,76,115" hai2="110,66,26,135,61,52,128,64,122,28,75,78,74" hai3="2,36,92,45,95,24,14,104,105,98,96,27,63"/><T68/><D72/><U114/><E118/><V12/><F122/><W69/><G2/><T123/><D123/><U48/><E121/><V131/><F12/><W120/><G120/><T126/><D126/><U106/><E53/><V130/><F110/><N who="1" m="42025" /><E100/><V113/><F113/><N who="1" m="43017" /><E106/><V6/><F6/><W18/><G36/><T127/><D127/><U47/><E47/><V10/><F10/><W17/><G45/><T94/><D68/><U125/><E125/><V1/><F1/><W73/><G14/><T109/><D109/><U70/><E70/><V31/><F135/><W16/><G73/><N who="2" m="27657" /><F78/><W79/><G79/><T85/><D7/><U19/><E19/><V46/><F31/><W116/><G116/><T4/><D4/><U133/><E133/><V77/><F77/><W43/><G43/><T88/><D90/><U80/><AGARI ba="3,0" hai="33,34,41,44,48,76,80,86" m="43017,42025" machi="80" ten="40,8000,1" yaku="14,1,11,1,52,2" doraHai="30" who="1" fromWho="1" sc="473,-43,239,89,49,-23,239,-23" /><INIT seed="1,0,0,2,1,84" ten="430,328,26,216" oya="1" hai0="14,133,128,117,95,10,39,129,1,135,63,44,7" hai1="79,122,97,100,27,54,78,120,87,130,30,57,49" hai2="111,3,73,48,61,23,4,125,56,71,66,53,132" hai3="82,88,91,92,41,116,15,107,101,58,113,74,59"/><U11/><E130/><N who="0" m="50281" /><D117/><U26/><E11/><V75/><F111/><W17/><G113/><T115/><D63/><U36/><E36/><V35/><F35/><W134/><G107/><T109/><D109/><U22/><E120/><V52/><F132/><N who="0" m="50762" /><D115/><U131/><E131/><V21/><F125/><W89/><G41/><N who="0" m="22591" /><D95/><U46/><E122/><V90/><F53/><W9/><G134/><T99/><D99/><U50/><E26/><V114/><F114/><W68/><G68/><T70/><D70/><U13/><E13/><AGARI ba="0,0" hai="1,7,10,13,14" m="22591,50762,50281" machi="13" ten="30,2000,0" yaku="19,1,20,1" doraHai="84" who="0" fromWho="1" sc="430,20,328,-20,26,0,216,0" /><INIT seed="2,0,0,2,0,32" ten="450,308,26,216" oya="2" hai0="40,91,44,43,16,102,64,65,76,35,2,30,12" hai1="0,84,72,77,50,4,114,48,119,100,18,134,55" hai2="27,28,115,81,98,90,83,130,128,1,133,37,51" hai3="111,132,70,19,41,112,69,39,87,68,62,24,110"/><V107/><F37/><W106/><G106/><T45/><D102/><U92/><E114/><V9/><F115/><W57/><G112/><T8/><D76/><U94/><E119/><V82/><F51/><W95/><G132/><T47/><D30/><U66/><E134/><V85/><F133/><W11/><G95/><T127/><D35/><U15/><E66/><N who="0" m="25705" /><D2/><U97/><E55/><V46/><F46/><N who="3" m="23871" /><G87/><T53/><D127/><U80/><E72/><V54/><F54/><N who="3" m="34103" /><G11/><T120/><D53/><U58/><E92/><V125/><F125/><W121/><G19/><T118/><D120/><U6/><E58/><V3/><F9/><W129/><G24/><T75/><D75/><U36/><E100/><N who="2" m="62871" /><F90/><W71/><G121/><T99/><D118/><U108/><E84/><V109/><F85/><W20/><G20/><T33/><D33/><U22/><E22/><N who="2" m="15479" /><F109/><N who="3" m="41483" /><G129/><AGARI ba="0,0" hai="1,3,81,82,83,128,129,130" m="15479,62871" machi="129" ten="30,5800,0" yaku="19,1,52,2" doraHai="32" who="2" fromWho="3" sc="450,0,308,0,26,58,216,-58" /><INIT seed="2,1,0,0,5,48" ten="450,308,84,158" oya="2" hai0="7,120,135,125,134,79,119,10,47,126,6,81,3" hai1="36,24,52,60,121,31,13,75,74,124,91,16,118" hai2="68,112,102,128,4,66,34,19,1,111,17,70,56" hai3="65,101,9,133,104,94,18,132,42,115,21,22,2"/><V72/><F112/><W86/><G65/><T116/><D120/><U57/><E118/><N who="0" m="45097" /><D47/><U12/><E121/><V85/><F72/><W95/><G115/><T58/><D58/><U64/><E36/><V88/><F34/><W40/><G22/><T109/><D109/><U83/><E124/><N who="0" m="47721" /><D7/><U107/><E57/><V37/><F128/><W106/><G2/><T20/><D20/><U26/><E107/><V123/><F37/><W8/><G104/><T28/><D28/><U46/><E31/><V50/><F123/><W117/><G106/><T122/><D122/><U110/><E110/><V130/><F130/><W23/><G117/><T30/><D30/><U96/><E46/><V92/><F111/><W103/><G18/><T45/><D45/><U11/><E16/><V82/><F19/><W15/><REACH who="3" step="1"/><G86/><AGARI ba="1,0" hai="3,6,10,79,81,86,134,135" m="47721,45097" machi="86" ten="30,2000,0" yaku="12,1,18,1" doraHai="48" who="0" fromWho="3" sc="450,23,308,0,84,0,158,-23" /><INIT seed="3,0,0,1,3,83" ten="473,308,84,135" oya="3" hai0="101,131,111,93,60,119,42,0,128,113,36,104,57" hai1="19,43,95,33,109,1,14,46,64,32,75,89,124" hai2="114,69,71,44,4,98,74,30,100,13,82,122,116" hai3="7,18,133,45,92,53,90,79,50,52,6,55,81"/><W72/><G133/><T22/><D22/><U41/><E1/><V127/><F114/><W26/><G26/><T107/><D93/><U106/><E106/><V29/><F116/><W76/><G76/><T10/><D57/><U125/><E75/><V129/><F127/><N who="1" m="48713" /><E109/><V73/><F129/><N who="0" m="49738" /><D60/><U94/><E64/><V51/><F122/><W103/><G18/><T9/><D119/><U117/><E117/><V21/><F71/><W80/><G103/><T58/><D58/><U24/><E24/><V65/><F69/><W11/><G81/><T118/><D118/><U28/><E28/><V68/><F30/><W56/><G56/><T35/><D35/><N who="1" m="13387" /><E46/><V40/><F68/><W37/><G37/><T96/><D107/><U59/><E94/><V121/><F29/><W5/><REACH who="3" step="1"/><G11/><REACH who="3" ten="473,308,84,125" step="2"/><T86/><D10/><N who="1" m="6615" /><E59/><V25/><F25/><W8/><G8/><T134/><D9/><U126/><N who="1" m="48721" /><U3/><DORA hai="77" /><E3/><V105/><F13/><W31/><G31/><T85/><D0/><U63/><E63/><V2/><F2/><W12/><G12/><T130/><D130/><U48/><E48/><V47/><F51/><W23/><G23/><T38/><D38/><U20/><E20/><V87/><F21/><W108/><G108/><T78/><D111/><U39/><E39/><V15/><F15/><W112/><G112/><T102/><D113/><U54/><E54/><V27/><F27/><W17/><G17/><T135/><D102/><U132/><E132/><N who="0" m="50729" /><D78/><U123/><E123/><V120/><F120/><W88/><G88/><T84/><D36/><U115/><E115/><RYUUKYOKU ba="0,1" sc="473,10,308,10,84,-30,125,10" hai0="42,84,85,86,96,101,104" hai1="41,43,89,95" hai3="5,6,7,45,50,52,53,55,72,79,80,90,92" /><INIT seed="3,1,1,5,5,54" ten="483,318,54,135" oya="3" hai0="93,61,84,46,70,23,49,101,118,125,100,3,50" hai1="85,114,71,66,36,64,110,72,14,16,13,42,7" hai2="102,34,76,1,120,17,60,67,117,29,128,80,126" hai3="79,116,109,44,123,2,82,121,25,43,63,59,124"/><W87/><G2/><T4/><D118/><U55/><E114/><V52/><F117/><W129/><G116/><T32/><D32/><U130/><E72/><V0/><F128/><W113/><G129/><T10/><D125/><U26/><E130/><V47/><F102/><W89/><G113/><T106/><D106/><U53/><E110/><V58/><F126/><W48/><G124/><T57/><D70/><U51/><E85/><V38/><F17/><W127/><G127/><T21/><D84/><U96/><E96/><V31/><F120/><W39/><G39/><T107/><D107/><U6/><E36/><V75/><F34/><W103/><G103/><T40/><D50/><U22/><E42/><V78/><F78/><W77/><G109/><T24/><D93/><U88/><E88/><V115/><F115/><W35/><G35/><T62/><D62/><U15/><E53/><V18/><F18/><W112/><G112/><T99/><D99/><U92/><E92/><V11/><F1/><W131/><G131/><T9/><D9/><U105/><E71/><V86/><F86/><W111/><G111/><T41/><D41/><U74/><E74/><V19/><F19/><W133/><G133/><T104/><D23/><U20/><E105/><V27/><F27/><W98/><G98/><T94/><D104/><U33/><E20/><V73/><F73/><W95/><G25/><T81/><D101/><U68/><E68/><V12/><F0/><W69/><G69/><T56/><D100/><U30/><E33/><V132/><F132/><W135/><G135/><T134/><D134/><RYUUKYOKU ba="1,1" sc="483,0,318,0,54,0,135,0" /><INIT seed="4,2,1,3,5,0" ten="483,318,54,135" oya="0" hai0="42,49,14,95,112,105,126,86,135,63,41,102,132" hai1="117,66,3,111,68,4,72,124,46,38,18,75,120" hai2="17,69,110,103,134,12,5,44,13,104,10,79,101" hai3="129,39,127,54,52,34,32,29,94,27,81,45,108"/><T62/><D105/><U78/><E111/><V23/><F110/><W121/><G108/><T26/><D112/><U25/><E117/><V128/><F69/><W2/><G129/><T67/><D126/><U6/><E120/><V113/><F113/><W76/><G127/><T33/><D14/><U109/><E109/><V47/><F134/><N who="0" m="51242" /><D63/><U98/><E124/><V59/><F128/><W37/><G121/><T88/><D102/><N who="2" m="38922" /><F104/><W70/><G70/><N who="0" m="42359" /><D49/><U31/><E98/><V60/><F79/><W84/><G34/><T119/><D119/><U80/><E78/><V35/><F35/><W116/><G116/><T36/><D36/><U99/><E38/><V85/><F85/><W122/><G122/><T64/><D64/><AGARI ba="2,1" hai="5,10,12,13,17,23,44,47,59,60,64" m="38922" machi="64" ten="30,2000,0" yaku="8,1,52,1" doraHai="0" who="2" fromWho="0" sc="483,-26,318,0,54,36,135,0" /><INIT seed="5,0,0,0,3,82" ten="457,318,90,135" oya="1" hai0="37,81,134,97,130,123,3,7,32,104,4,45,62" hai1="42,74,72,11,29,92,90,113,34,26,100,67,55" hai2="63,132,131,17,40,24,20,125,38,78,30,36,48" hai3="77,47,22,2,99,88,58,33,87,126,9,84,70"/><U75/><E113/><V69/><F131/><W57/><G33/><T95/><D104/><U73/><E42/><V109/><F109/><W64/><G70/><T107/><D107/><U44/><E67/><V135/><F125/><W15/><G2/><T106/><D106/><U105/><E11/><V93/><F78/><W16/><G126/><T31/><D130/><U46/><N who="1" m="18432" /><DORA hai="65" /><U85/><REACH who="1" step="1"/><E55/><REACH who="1" ten="457,308,90,135" step="2"/><V49/><F40/><W128/><G128/><T76/><D123/><U39/><E39/><V23/><F38/><W50/><G64/><T94/><D37/><U119/><E119/><V60/><F36/><W86/><G9/><T54/><D54/><U116/><E116/><V18/><F135/><W129/><G129/><T101/><D134/><U0/><E0/><V121/><F132/><W89/><G77/><T102/><D76/><U13/><E13/><V117/><F117/><W108/><G108/><T68/><D3/><U53/><E53/><V52/><F121/><W51/><G51/><T91/><D62/><U56/><E56/><N who="3" m="21610" /><G99/><AGARI ba="0,1" hai="26,29,34,44,46,85,90,92,99,100,105" m="18432" machi="99" ten="70,12000,1" yaku="1,1,52,1,53,1" doraHai="82,65" doraHaiUra="12,103" who="1" fromWho="3" sc="457,0,308,130,90,0,135,-120" /><INIT seed="5,1,0,4,4,30" ten="457,438,90,15" oya="1" hai0="91,123,110,60,26,95,106,25,120,76,134,116,64" hai1="129,5,31,77,127,37,8,112,121,79,113,107,51" hai2="68,49,80,125,93,41,7,99,71,14,38,92,11" hai3="101,28,135,36,47,86,126,1,118,2,55,42,61"/><U46/><E121/><N who="0" m="46665" /><D106/><U59/><E107/><V58/><F125/><W62/><G126/><T57/><D110/><U78/><E127/><V111/><F38/><W10/><G135/><T0/><D134/><U33/><E129/><V102/><F111/><W117/><G101/><T83/><D0/><U94/><E37/><V131/><F131/><W23/><G62/><T69/><D69/><U89/><E59/><V67/><F93/><W85/><G10/><T18/><D18/><U65/><E65/><V104/><F104/><W22/><G28/><T21/><D21/><N who="3" m="7689" /><G2/><T98/><D116/><N who="3" m="44649" /><G1/><T132/><D132/><U88/><E8/><V15/><F71/><W53/><G61/><T73/><AGARI ba="1,0" hai="25,26,57,60,64,73,76,83,91,95,98" m="46665" machi="73" ten="30,1100,0" yaku="13,1" doraHai="30" who="0" fromWho="0" sc="457,14,438,-6,90,-4,15,-4" /><INIT seed="6,0,0,5,3,86" ten="471,432,86,11" oya="2" hai0="71,61,113,98,104,63,121,37,59,134,38,8,44" hai1="19,29,65,75,17,58,57,26,95,23,96,80,46" hai2="93,97,101,30,53,5,16,1,132,84,81,72,24" hai3="99,31,112,22,64,82,3,90,60,15,7,100,108"/><V83/><F132/><W0/><G108/><T110/><D8/><U34/><E46/><V128/><F128/><W130/><G130/><T39/><D98/><U74/><E57/><V102/><F1/><W111/><G111/><T50/><D104/><U117/><E117/><V43/><F43/><W12/><G112/><T127/><D110/><U48/><E80/><V20/><F5/><W135/><G135/><T125/><D134/><U41/><E41/><V109/><F72/><W33/><G33/><T116/><D121/><U85/><E85/><V49/><F109/><W13/><G7/><T89/><D89/><U56/><E56/><V92/><F30/><W55/><G55/><N who="0" m="34047" /><D113/><U123/><E123/><V40/><F40/><W76/><G76/><T107/><D107/><U131/><E131/><V10/><F10/><W77/><G77/><T2/><D2/><U54/><E65/><V6/><F6/><W70/><G31/><T118/><D63/><U88/><REACH who="1" step="1"/><E17/><REACH who="1" ten="471,422,86,11" step="2"/><V62/><F16/><W28/><G28/><T25/><D71/><U106/><E106/><V52/><F53/><W32/><G32/><T73/><D73/><U87/><E87/><V42/><F42/><W51/><G51/><T69/><D69/><U120/><E120/><V122/><F49/><W68/><G68/><T27/><D50/><U91/><E91/><V129/><F129/><W35/><G35/><T105/><D44/><U9/><E9/><V79/><F122/><W14/><G22/><T45/><D45/><U47/><E47/><V119/><F20/><W114/><G114/><T21/><D116/><RYUUKYOKU ba="0,1" sc="471,-10,422,30,86,-10,11,-10" hai1="19,23,26,29,34,48,54,58,74,75,88,95,96" /><INIT seed="7,1,1,5,3,24" ten="461,452,76,1" oya="3" hai0="128,104,42,26,103,98,15,72,57,106,8,44,4" hai1="105,93,111,19,83,108,133,113,7,53,127,6,16" hai2="21,129,49,91,87,28,54,74,36,3,23,43,47" hai3="118,62,99,58,125,71,45,110,32,64,73,79,52"/><W66/><G118/><T51/><D72/><U40/><E105/><V31/><F74/><W119/><G119/><T60/><D128/><U101/><E113/><V22/><F3/><W134/><G32/><T123/><D123/><U124/><E133/><V130/><F36/><W69/><G73/><T10/><D26/><U55/><E93/><N who="2" m="54527" /><F54/><N who="3" m="34135" /><G79/><T0/><D104/><U65/><E65/><N who="3" m="25194" /><G99/><T59/><D60/><U11/><E11/><V100/><F100/><W33/><G33/><T97/><D98/><U46/><E101/><V126/><F126/><W20/><G20/><T39/><D39/><U70/><E70/><N who="3" m="26634" /><G134/><T95/><D106/><U121/><E121/><V34/><F34/><W2/><G2/><T41/><D0/><U88/><E88/><V109/><F109/><W67/><N who="3" m="25202" /><W132/><DORA hai="56" /><G132/><T1/><D10/><U92/><E92/><V80/><F80/><W5/><G5/><T89/><D1/><U117/><E117/><V131/><AGARI ba="1,1" hai="21,22,23,28,31,43,47,49,129,130,131" m="54527" machi="131" ten="40,5200,0" yaku="19,1,52,2" doraHai="24,56" who="2" fromWho="2" sc="461,-14,452,-14,76,65,1,-27" owari="447,55.0,438,24.0,141,-26.0,-26,-53.0" /></mjloggm>