<mjloggm ver="2.3"><GO type="41" lobby="0"/><UN n0="%E4%BF%BA%E3%82%AA%E3%82%A4%E3%83%A9%E3%83%BC" n1="%63%72%74%61" n2="%E3%81%8A%E3%83%BC%E3%81%AF" n3="%E2%93%9D%53%75%70%68%78" dan="13,14,14,18" rate="1837.08,1928.58,1806.18,2138.88" sx="M,M,M,M"/><TAIKYOKU oya="0"/><INIT seed="0,0,0,3,0,6" ten="250,250,250,250" oya="0" hai0="75,123,13,45,107,77,111,70,71,74,26,125,135" hai1="21,105,133,37,114,59,30,103,49,19,2,44,43" hai2="132,33,112,36,23,57,58,50,81,54,15,5,22" hai3="104,39,86,20,66,4,82,3,83,11,126,92,122"/><T8/><D123/><U130/><E133/><V95/><F112/><W31/><G104/><T106/><D135/><U91/><E130/><V17/><F36/><W93/><G39/><T67/><D125/><U52/><E114/><V78/><F33/><W42/><G42/><T7/><D111/><U38/><E30/><V29/><F5/><W87/><G66/><T127/><D127/><U80/><E2/><V97/><F29/><W68/><G68/><T62/><D71/><U32/><E32/><V88/><F23/><W109/><G109/><T85/><D106/><U99/><E80/><V28/><F28/><W40/><G40/><T35/><D107/><U79/><E79/><V65/><F65/><W25/><G122/><T56/><D45/><U128/><E128/><V118/><F118/><W90/><REACH who="3" step="1"/><G126/><REACH who="3" ten="250,250,250,240" step="2"/><T46/><D70/><U124/><E124/><V69/><F69/><W73/><G73/><T96/><D75/><U116/><E116/><V48/><F132/><W113/><G113/><T55/><D74/><U76/><E38/><V64/><F64/><W16/><G16/><T120/><D120/><U27/><E37/><V129/><F129/><W10/><G10/><T121/><D121/><U117/><E43/><V51/><REACH who="2" step="1"/><F54/><REACH who="2" ten="250,250,240,240" step="2"/><W0/><G0/><T98/><D35/><U101/><E117/><V102/><F102/><W63/><G63/><T14/><D26/><U12/><E103/><V53/><F53/><W119/><G119/><T94/><D14/><U110/><E12/><V131/><F131/><W100/><G100/><T84/><D67/><U1/><E27/><RYUUKYOKU ba="0,2" sc="250,-15,250,-15,240,15,240,15" hai2="15,17,22,48,50,51,57,58,78,81,88,95,97" hai3="3,4,11,20,25,31,82,83,86,87,90,92,93" /><INIT seed="1,1,2,0,0,0" ten="235,235,255,255" oya="1" hai0="31,93,127,5,21,74,79,56,109,24,2,13,107" hai1="100,96,112,30,77,6,75,119,20,65,69,108,103" hai2="47,131,128,95,19,58,120,101,28,60,22,23,105" hai3="73,111,66,94,92,45,71,33,44,11,90,67,118"/><U59/><E119/><V78/><F105/><W123/><G33/><T91/><D107/><U38/><E38/><V51/><F120/><W116/><G73/><T41/><D127/><U129/><E112/><V14/><F78/><W89/><G11/><T54/><D109/><U17/><E129/><V32/><F32/><W99/><G71/><T124/><D124/><U72/><E69/><V121/><F121/><W135/><G123/><T61/><D41/><U134/><E134/><V110/><F110/><W40/><G111/><T133/><D133/><U80/><E75/><V9/><F28/><W98/><G40/><T83/><D2/><U10/><E30/><V37/><F37/><W7/><REACH who="3" step="1"/><G135/><REACH who="3" ten="235,235,255,245" step="2"/><T97/><REACH who="0" step="1"/><D13/><REACH who="0" ten="225,235,255,245" step="2"/><U57/><E108/><V50/><F128/><W36/><G36/><T46/><D46/><U106/><E65/><V29/><F131/><W87/><G87/><T70/><D70/><U81/><E72/><V8/><F47/><W104/><G104/><T114/><D114/><U55/><E106/><V85/><F85/><W63/><G63/><T48/><D48/><U132/><E132/><V26/><F51/><W125/><G125/><T15/><D15/><U68/><E68/><V117/><F50/><W122/><G122/><T34/><D34/><U4/><E96/><N who="2" m="59551" /><F117/><W12/><G12/><T126/><D126/><U53/><E53/><AGARI ba="1,4" hai="8,9,14,19,22,23,26,29,53,58,60" m="59551" machi="53" ten="30,1000,0" yaku="8,1" doraHai="0" who="2" fromWho="1" sc="225,0,235,-13,255,53,245,0" /><INIT seed="2,0,0,3,1,115" ten="225,222,308,245" oya="2" hai0="64,133,76,44,23,41,129,113,20,19,117,93,61" hai1="29,42,34,81,33,10,67,37,130,49,22,55,72" hai2="70,65,52,38,84,112,103,18,89,59,62,121,43" hai3="50,82,36,39,120,2,12,4,132,8,85,69,24"/><V5/><F112/><W40/><G120/><T91/><D113/><U108/><E108/><V90/><F103/><W104/><G69/><T123/><D123/><U66/><E130/><V13/><F5/><W111/><G104/><T96/><D129/><U79/><E37/><V60/><F121/><W75/><G75/><T102/><D133/><U3/><E42/><V73/><F73/><W54/><G111/><T14/><D76/><U78/><E78/><V127/><F127/><W63/><G2/><T6/><D6/><U107/><E107/><V17/><F89/><W46/><G24/><T126/><D126/><U87/><E33/><V125/><F125/><W100/><G100/><T131/><D131/><U30/><E34/><V15/><F15/><W16/><G132/><T122/><D122/><U11/><E72/><V31/><F31/><W101/><G101/><T106/><D117/><U114/><E114/><V135/><F135/><W97/><G97/><T1/><D1/><U116/><E116/><V83/><F43/><W0/><G63/><T32/><D32/><U74/><E74/><V53/><F38/><W68/><G68/><T7/><D7/><U77/><E77/><V92/><F92/><W56/><G39/><T110/><D110/><U124/><E124/><V86/><F86/><W118/><G118/><T88/><D106/><U35/><E35/><V25/><F25/><W9/><G85/><T71/><D23/><U94/><E94/><V99/><F99/><W128/><G128/><T21/><D21/><U28/><E22/><N who="2" m="11567" /><F18/><W95/><G95/><T80/><D80/><AGARI ba="0,0" hai="0,4,8,9,12,16,36,40,46,50,54,56,80,82" machi="80" ten="40,2600,0" yaku="6,1,54,1" doraHai="115" who="3" fromWho="0" sc="225,-26,222,0,308,0,245,26" /><INIT seed="3,0,0,0,2,83" ten="199,222,308,271" oya="3" hai0="13,30,107,86,105,122,12,127,50,25,135,124,132" hai1="61,62,40,87,118,27,77,128,88,81,74,99,70" hai2="23,36,134,4,103,42,49,125,22,24,18,110,57" hai3="14,75,19,47,11,101,117,100,6,28,109,0,120"/><W131/><G117/><T52/><D122/><U45/><E128/><V20/><F36/><W102/><G120/><T76/><D107/><U3/><E3/><V113/><F113/><W58/><G75/><T55/><D105/><U60/><E118/><V8/><F110/><W16/><G131/><T130/><D76/><U112/><E112/><V54/><F103/><W35/><G109/><T59/><D130/><U84/><E74/><V95/><F95/><W94/><G47/><N who="0" m="27743" /><D25/><U116/><E99/><V67/><F134/><N who="0" m="51242" /><D30/><U66/><E27/><V53/><F125/><N who="0" m="48202" /><D86/><U29/><E29/><V129/><F129/><W51/><G28/><T73/><D73/><U133/><E133/><V34/><F34/><W91/><G35/><T71/><D71/><U41/><E116/><V32/><F32/><W79/><G79/><T126/><N who="0" m="48210" /><T106/><DORA hai="121" /><D106/><U63/><REACH who="1" step="1"/><E45/><REACH who="1" ten="199,212,308,271" step="2"/><V65/><F24/><W9/><G0/><T5/><D5/><U93/><AGARI ba="0,1" hai="40,41,60,61,62,63,66,70,77,81,84,87,88,93" machi="93" ten="30,16000,3" yaku="1,1,2,1,0,1,52,2,54,1,53,2" doraHai="83,121" doraHaiUra="82,44" who="1" fromWho="1" sc="199,-40,212,170,308,-40,271,-80" /><INIT seed="4,0,0,2,5,100" ten="159,382,268,191" oya="0" hai0="11,83,29,89,119,16,2,85,34,109,118,28,69" hai1="37,10,74,86,116,41,51,135,78,26,97,130,105" hai2="122,133,132,12,24,13,14,128,19,5,99,114,46" hai3="20,123,31,91,68,27,18,58,60,125,35,120,115"/><T36/><D69/><U54/><E116/><V43/><F99/><W87/><G68/><T110/><D36/><U4/><E74/><V117/><F117/><W84/><G115/><T121/><D121/><N who="3" m="46665" /><G125/><T79/><D119/><U6/><E6/><V62/><F122/><W25/><G91/><T82/><D118/><U59/><E130/><V75/><F75/><W8/><G8/><T108/><D34/><U67/><E135/><V9/><F62/><W23/><G35/><T65/><D65/><AGARI ba="0,0" hai="18,20,23,25,27,31,58,60,65,84,87" m="46665" machi="65" ten="30,1000,0" yaku="13,1" doraHai="100" who="3" fromWho="0" sc="159,-10,382,0,268,0,191,10" /><INIT seed="5,0,0,4,2,32" ten="149,382,268,201" oya="1" hai0="130,90,41,107,49,125,89,77,53,78,83,69,67" hai1="93,96,23,5,76,27,4,19,115,113,56,82,81" hai2="129,117,20,15,126,51,38,22,110,42,128,2,25" hai3="40,127,87,86,97,39,31,52,120,122,98,71,62"/><U131/><E131/><V105/><F105/><W17/><G31/><T73/><D107/><U61/><E82/><V16/><F38/><W33/><G33/><T101/><D78/><U29/><E113/><V99/><F99/><W95/><G127/><T18/><D125/><U8/><E115/><V132/><F51/><W116/><G116/><T114/><D41/><U63/><E19/><N who="2" m="10367" /><F42/><W1/><G17/><T50/><D101/><U106/><E106/><V70/><F70/><W57/><G98/><T91/><D114/><U43/><E43/><V14/><F126/><W11/><G71/><T111/><D111/><U118/><E118/><V58/><F58/><W54/><G54/><T134/><D134/><U46/><E46/><V119/><F110/><W48/><G39/><T133/><D133/><U109/><E109/><V75/><F75/><W28/><G122/><T92/><D130/><N who="2" m="50282" /><F132/><W94/><G120/><T103/><D69/><U59/><E59/><V108/><F108/><W79/><G40/><T124/><D124/><U65/><E8/><N who="2" m="6215" /><F2/><W44/><G57/><T84/><D67/><U10/><E63/><V26/><F26/><W37/><G62/><T13/><D103/><U24/><E61/><V3/><F3/><W47/><G37/><T64/><D49/><U6/><E56/><V45/><F45/><W7/><G47/><T66/><D66/><U30/><E65/><V112/><F112/><W123/><G123/><T9/><D64/><U104/><E104/><V12/><F12/><W102/><G44/><AGARI ba="0,0" hai="9,13,18,44,50,53,73,77,83,84,89,90,91,92" machi="44" ten="30,1000,0" yaku="7,1" doraHai="32" who="0" fromWho="3" sc="149,10,382,0,268,0,201,-10" /><INIT seed="6,0,0,0,3,122" ten="159,382,268,191" oya="2" hai0="65,59,109,85,64,61,56,125,51,25,52,78,101" hai1="97,58,29,99,62,129,71,26,14,96,6,39,17" hai2="49,114,80,34,9,82,5,108,68,23,98,94,70" hai3="135,4,38,84,92,95,90,32,19,21,7,115,117"/><V28/><F114/><W87/><G32/><T116/><D109/><U35/><E71/><V18/><F68/><W53/><G38/><T104/><D125/><U107/><E39/><V75/><F75/><W42/><G117/><T8/><D116/><U0/><E129/><V69/><F69/><W81/><G42/><T12/><D104/><U1/><E107/><V66/><F66/><W55/><G135/><T79/><D101/><U24/><E24/><N who="2" m="18695" /><F70/><W48/><G55/><T72/><D72/><U20/><REACH who="1" step="1"/><E6/><REACH who="1" ten="159,372,268,191" step="2"/><V132/><F132/><W3/><G7/><N who="0" m="3103" /><D65/><AGARI ba="0,1" hai="0,1,14,17,20,26,29,35,58,62,65,96,97,99" machi="65" ten="40,1300,0" yaku="1,1,53,0" doraHai="122" doraHaiUra="77" who="1" fromWho="0" sc="159,-13,372,23,268,0,191,0" /><INIT seed="7,0,0,5,3,117" ten="146,395,268,191" oya="3" hai0="20,59,50,67,57,44,29,119,28,62,51,129,91" hai1="99,82,90,34,56,73,2,71,126,26,19,33,15" hai2="21,54,4,39,95,113,105,0,122,130,134,10,65" hai3="68,76,70,109,27,112,6,63,14,25,124,42,128"/><W37/><G112/><T58/><D119/><U11/><E71/><V9/><F105/><W41/><G128/><T131/><D131/><U35/><E126/><V116/><F130/><W86/><G37/><T125/><D125/><U72/><E56/><V84/><F116/><W133/><G133/><T23/><D129/><U110/><E110/><V94/><F39/><W77/><G124/><T48/><D44/><U111/><E111/><V53/><F65/><W103/><G103/><T8/><D8/><U98/><E99/><V64/><F64/><W87/><G14/><T7/><D7/><U12/><E26/><V31/><F31/><W30/><G6/><T75/><D75/><U101/><E2/><V93/><F84/><W100/><G100/><T38/><D38/><U13/><E13/><V79/><F79/><W107/><G109/><T36/><D36/><U81/><E81/><V123/><F21/><W135/><G30/><T96/><D29/><U74/><E15/><V108/><F108/><W104/><G63/><T16/><D28/><U52/><E52/><N who="2" m="20075" /><F134/><W115/><G135/><T120/><D120/><N who="2" m="46122" /><F113/><W127/><G127/><T49/><N who="0" m="12288" /><DORA hai="132" /><T1/><D1/><U43/><E73/><V18/><F18/><W60/><G115/><T46/><D46/><U80/><E74/><V83/><F83/><W121/><G121/><T66/><D62/><U61/><E61/><V89/><F89/><W69/><G60/><T78/><D78/><U32/><E72/><V102/><F102/><W40/><G77/><T92/><D23/><U97/><E80/><V118/><F118/><RYUUKYOKU ba="0,0" sc="146,15,395,-15,268,15,191,-15" hai0="16,20,57,58,59,66,67,91,92,96" hai2="0,4,9,10,93,94,95" owari="161,-34.0,380,48.0,283,8.0,176,-22.0" /></mjloggm>