<mjloggm ver="2.3"><GO type="41" lobby="0"/><UN n0="%E2%93%9D%53%75%70%68%78" n1="%67%61%6B%75%63%68%69%6E" n2="%E3%81%99%E3%81%BA%E3%81%84%E3%81%A9" n3="%44%45%52%41%44%45%52%41" dan="18,13,15,14" rate="2148.47,1886.56,2017.82,1809.71" sx="M,M,M,M"/><TAIKYOKU oya="0"/><INIT seed="0,0,0,3,0,31" ten="250,250,250,250" oya="0" hai0="14,94,107,63,7,111,98,52,93,20,100,55,49" hai1="95,3,112,74,10,42,75,131,77,103,27,114,57" hai2="69,65,118,109,129,21,13,1,81,90,5,36,62" hai3="106,71,46,39,54,38,125,124,19,25,30,61,2"/><T117/><D117/><U105/><E105/><V134/><F13/><W126/><G2/><T11/><D111/><U115/><E131/><V17/><F21/><W40/><G19/><T128/><D128/><U108/><E42/><V29/><F90/><W97/><G54/><T99/><D107/><U53/><E27/><V101/><F129/><W133/><G133/><T8/><D20/><U86/><E108/><V33/><F17/><W37/><G61/><T15/><D63/><U50/><E103/><V132/><F109/><W96/><G71/><T87/><D87/><U76/><E95/><V104/><F81/><W58/><G58/><T72/><D72/><N who="1" m="27691" /><E86/><V66/><F65/><W6/><G6/><AGARI ba="0,0" hai="3,6,10,50,53,57,76,77,112,114,115" m="27691" machi="6" ten="40,1300,0" yaku="11,1" doraHai="31" who="1" fromWho="3" sc="250,0,250,13,250,0,250,-13" /><INIT seed="1,0,0,2,5,67" ten="250,263,250,237" oya="1" hai0="117,128,50,90,115,26,118,59,135,70,102,91,12" hai1="129,105,28,60,24,78,13,10,62,65,104,101,64" hai2="2,76,23,15,1,29,30,132,61,11,18,71,44" hai3="31,98,72,21,16,127,100,89,114,109,27,32,77"/><U124/><E124/><V36/><F76/><W131/><G114/><T94/><D115/><U47/><E78/><V63/><F36/><W120/><G120/><T107/><D128/><U126/><E47/><V111/><F44/><W80/><G131/><T40/><D135/><U84/><E84/><V112/><F112/><W48/><G127/><T93/><D107/><U20/><E129/><V81/><F81/><W57/><G109/><T97/><D12/><U41/><E41/><V73/><F73/><W68/><G89/><T34/><D102/><U52/><E126/><V3/><F63/><W116/><G116/><T7/><D7/><U19/><E101/><V17/><F61/><W113/><G113/><T96/><D70/><U49/><E62/><V4/><F71/><W74/><G68/><T33/><D26/><U110/><E64/><V66/><F66/><W134/><G134/><T42/><REACH who="0" step="1"/><D50/><REACH who="0" ten="240,263,250,237" step="2"/><U8/><E105/><V54/><F132/><W119/><G48/><T121/><D121/><U79/><E104/><V22/><F111/><W106/><G119/><T0/><D0/><U82/><E110/><V133/><F133/><W9/><G100/><T25/><D25/><U108/><E108/><V43/><F43/><W51/><G27/><T55/><D55/><U123/><E24/><N who="2" m="14415" /><F54/><W53/><G53/><T5/><D5/><U58/><E28/><AGARI ba="0,1" hai="1,2,3,4,11,15,18,23,28,29,30" m="14415" machi="28" ten="30,8000,1" yaku="35,5" doraHai="67" who="2" fromWho="1" sc="240,0,263,-80,250,90,237,0" /><INIT seed="2,0,0,5,0,127" ten="240,183,340,237" oya="2" hai0="129,53,51,98,85,82,78,125,76,57,42,47,56" hai1="46,59,132,43,32,84,99,97,74,111,9,128,94" hai2="96,58,90,1,73,86,62,108,49,115,16,121,65" hai3="0,135,54,100,48,114,123,101,63,5,117,119,15"/><V19/><F73/><W64/><G123/><T36/><D125/><U109/><E132/><V66/><F1/><W107/><G0/><T3/><D3/><U20/><E74/><V104/><F121/><W80/><G135/><T131/><D78/><U52/><E32/><V37/><F37/><W83/><G114/><T68/><D68/><U87/><E9/><V8/><F115/><W124/><G124/><T10/><D10/><U79/><E79/><V113/><F113/><W106/><G5/><T13/><D13/><U6/><E6/><V50/><F108/><N who="1" m="41545" /><E20/><V88/><F104/><W17/><G15/><T18/><D18/><N who="2" m="6698" /><F8/><W126/><G17/><T38/><D38/><N who="1" m="21879" /><E128/><N who="0" m="49225" /><D98/><N who="1" m="37387" /><E94/><N who="2" m="56391" /><F66/><W105/><G126/><T12/><D12/><U81/><E81/><AGARI ba="0,0" hai="49,50,58,62,65,81,86,90" m="56391,6698" machi="81" ten="30,5800,0" yaku="8,1,54,2" doraHai="127" who="2" fromWho="1" sc="240,0,183,-58,340,58,237,0" /><INIT seed="2,1,0,2,0,63" ten="240,125,398,237" oya="2" hai0="35,95,80,83,23,85,25,49,71,127,3,28,26" hai1="48,45,129,84,54,36,46,118,43,11,67,94,59" hai2="133,51,12,88,15,18,115,101,93,106,32,2,21" hai3="128,117,42,79,39,90,104,4,105,121,20,70,109"/><V8/><F115/><W53/><G4/><T16/><D127/><U10/><E118/><V77/><F32/><W81/><G90/><T55/><D71/><U52/><E129/><V19/><F133/><W62/><G128/><T27/><D3/><U130/><E130/><V116/><F116/><W102/><G105/><T65/><D65/><U69/><E94/><V37/><F37/><W99/><G109/><T76/><D83/><U30/><E30/><V134/><F134/><W73/><G53/><T98/><D35/><U44/><E84/><V34/><F34/><W91/><G121/><T13/><D28/><U6/><E6/><V57/><F77/><W108/><G20/><T92/><REACH who="0" step="1"/><D98/><REACH who="0" ten="230,125,398,237" step="2"/><U113/><E113/><V110/><F2/><W131/><G99/><T135/><D135/><U114/><E114/><V111/><F111/><W120/><G70/><T64/><D64/><U24/><E24/><V47/><F110/><W78/><G81/><T1/><D1/><U66/><E10/><V126/><F126/><W100/><G108/><T68/><D68/><U0/><E11/><V61/><F8/><W72/><G131/><T50/><D50/><N who="1" m="31191" /><E0/><V82/><F82/><W107/><G120/><T38/><D38/><U97/><E97/><V5/><F5/><W14/><G39/><T40/><D40/><N who="1" m="22535" /><E69/><V41/><F19/><W75/><G72/><T124/><D124/><U74/><E74/><V123/><F18/><W132/><G73/><T96/><D96/><U87/><E87/><V112/><F123/><W17/><G132/><T119/><D119/><U33/><E33/><RYUUKYOKU ba="1,1" sc="230,15,125,15,398,-15,237,-15" hai0="13,16,23,25,26,27,49,55,76,80,85,92,95" hai1="43,45,46,48,52,66,67" /><INIT seed="3,2,1,2,3,93" ten="245,140,383,222" oya="3" hai0="73,32,106,85,117,115,39,69,105,7,24,90,19" hai1="44,9,96,127,87,61,135,101,109,5,37,121,12" hai2="70,8,51,104,35,68,2,52,99,79,40,58,50" hai3="132,23,43,128,54,14,125,129,111,118,55,72,94"/><W31/><G72/><T67/><D117/><U134/><E121/><V103/><F35/><W65/><G118/><T33/><D39/><U86/><E109/><V20/><F79/><W3/><G3/><T48/><D7/><U91/><E127/><V57/><F2/><W10/><G125/><T62/><D73/><U124/><E124/><V88/><F8/><W27/><G132/><T83/><D115/><U56/><E91/><V116/><F116/><W110/><G43/><T28/><D33/><U22/><E22/><V113/><F113/><W4/><G65/><T45/><REACH who="0" step="1"/><D19/><REACH who="0" ten="235,140,383,222" step="2"/><U126/><E126/><V78/><F40/><AGARI ba="2,2" hai="24,28,32,40,45,48,62,67,69,83,85,90,105,106" machi="40" ten="30,3900,0" yaku="1,1,2,1,7,1,53,0" doraHai="93" doraHaiUra="0" who="0" fromWho="2" sc="235,65,140,0,383,-45,222,0" /><INIT seed="4,0,0,3,0,52" ten="300,140,338,222" oya="0" hai0="41,44,93,37,101,20,58,35,62,19,49,65,56" hai1="13,7,133,68,18,30,36,112,40,84,125,12,29" hai2="63,26,79,54,33,104,122,83,114,50,74,16,98" hai3="27,5,2,91,86,115,59,69,118,135,38,42,108"/><T117/><D35/><U17/><E68/><V80/><F122/><W116/><G69/><T76/><D117/><U22/><E36/><V75/><F63/><W3/><G108/><T81/><D37/><U130/><E40/><V14/><F114/><W103/><G103/><T121/><D121/><U89/><E125/><V102/><F26/><W25/><G42/><T131/><D131/><U48/><E130/><V21/><F33/><W73/><G73/><T94/><D101/><U47/><E112/><V10/><F83/><W95/><G38/><T60/><D20/><U55/><E7/><V39/><F39/><W90/><G115/><T0/><D19/><U129/><E133/><V57/><REACH who="2" step="1"/><F21/><REACH who="2" ten="300,140,328,222" step="2"/><W70/><G118/><T82/><D82/><N who="1" m="49303" /><E129/><V6/><F6/><W64/><G5/><T92/><D0/><U100/><E100/><V67/><F67/><W120/><G64/><N who="0" m="38919" /><D81/><U78/><E78/><AGARI ba="0,1" hai="41,44,49,58,62,65,76,78,92,93,94" m="38919" machi="78" ten="30,5800,0" yaku="8,1,52,2" doraHai="52" who="0" fromWho="1" sc="300,68,140,-58,328,0,222,0" /><INIT seed="4,1,0,2,3,103" ten="368,82,328,222" oya="0" hai0="101,88,1,85,91,19,84,34,64,46,119,90,127" hai1="43,105,77,73,6,37,122,52,42,56,89,20,100" hai2="126,25,135,38,131,7,13,71,41,109,67,108,65" hai3="23,98,82,63,124,54,102,117,111,110,80,79,11"/><T72/><D34/><U120/><E6/><V27/><F71/><W68/><G117/><T2/><D72/><U115/><E89/><V39/><F7/><W8/><G124/><T29/><D119/><U16/><E115/><V93/><F13/><W128/><G82/><T74/><D74/><U33/><E33/><V83/><F83/><W118/><G128/><T55/><D29/><U59/><E59/><V31/><F93/><W81/><G81/><T18/><D101/><U87/><E73/><V69/><F69/><W134/><G118/><T58/><D46/><U4/><E4/><V45/><F31/><W47/><G11/><T116/><D64/><U24/><E77/><V21/><F21/><W121/><G8/><T48/><D127/><U30/><E87/><V36/><F126/><W123/><G23/><T17/><REACH who="0" step="1"/><D116/><REACH who="0" ten="358,82,328,222" step="2"/><U40/><E30/><V95/><F67/><W75/><G47/><T50/><D50/><U113/><E113/><V3/><F65/><W32/><G32/><T94/><D94/><U92/><E105/><V99/><F95/><W106/><G63/><T107/><D107/><U76/><E37/><V9/><F39/><W44/><G44/><T5/><D5/><U49/><REACH who="1" step="1"/><E76/><REACH who="1" ten="358,72,328,222" step="2"/><V15/><F38/><W22/><G79/><T14/><D14/><U96/><AGARI ba="1,2" hai="16,20,24,40,42,43,49,52,56,92,96,100,120,122" machi="96" ten="30,8000,1" yaku="1,1,2,1,0,1,54,2,53,0" doraHai="103" doraHaiUra="26" who="1" fromWho="1" sc="358,-41,72,103,328,-21,222,-21" /><INIT seed="5,0,0,1,5,87" ten="317,175,307,201" oya="1" hai0="135,86,98,130,96,122,77,36,23,45,109,62,132" hai1="61,31,80,7,55,93,38,89,123,9,111,19,12" hai2="40,46,53,72,22,29,48,58,64,16,116,18,126" hai3="27,32,134,103,71,4,99,0,79,63,28,127,78"/><U47/><E123/><V68/><F116/><W30/><G134/><N who="0" m="51243" /><D109/><U54/><E111/><V124/><F72/><W112/><G127/><T5/><D130/><U1/><E31/><V115/><F29/><W118/><G118/><T131/><D5/><U24/><E38/><V51/><F18/><W81/><G112/><T128/><D62/><U90/><E80/><V60/><F115/><W108/><G81/><N who="0" m="47407" /><D23/><U44/><E24/><V107/><F107/><W94/><G30/><T125/><D125/><U73/><E73/><V67/><REACH who="2" step="1"/><F64/><REACH who="2" ten="317,175,297,201" step="2"/><W69/><G108/><T100/><D122/><U97/><E19/><V83/><F83/><W52/><G28/><T35/><D35/><U105/><E105/><V74/><F74/><W85/><G32/><T120/><D120/><U110/><E110/><V25/><AGARI ba="0,1" hai="16,22,25,40,46,48,51,53,58,60,67,68,124,126" machi="25" ten="30,7900,0" yaku="1,1,0,1,54,1,53,1" doraHai="87" doraHaiUra="13" who="2" fromWho="2" sc="317,-20,175,-39,297,89,201,-20" /><INIT seed="6,0,0,3,5,101" ten="297,136,386,181" oya="2" hai0="1,67,127,65,105,35,7,66,55,95,83,39,78" hai1="93,76,58,45,104,123,59,57,107,68,13,62,3" hai2="40,117,17,34,135,103,121,92,126,122,133,96,44" hai3="0,90,42,4,21,10,71,48,98,16,87,79,114"/><V6/><F34/><W43/><G71/><T120/><D120/><N who="2" m="46186" /><F6/><W119/><G119/><T63/><D127/><U112/><E3/><V116/><F17/><W85/><G114/><T5/><D39/><U11/><E123/><V80/><F80/><W69/><G69/><T131/><D131/><U128/><E128/><V102/><F102/><W99/><G99/><T75/><D35/><U52/><E112/><V38/><F126/><W46/><G43/><T84/><D1/><U25/><E45/><V26/><F26/><W82/><G98/><T18/><D18/><U27/><E76/><V31/><F31/><W20/><G20/><T60/><D75/><U56/><E68/><V33/><F33/><W88/><REACH who="3" step="1"/><G85/><REACH who="3" ten="297,136,386,171" step="2"/><T50/><D84/><U129/><E129/><V2/><F117/><W64/><G64/><T74/><D67/><U89/><E27/><AGARI ba="0,1" hai="0,4,10,16,21,27,42,46,48,79,82,87,88,90" machi="27" ten="30,7700,0" yaku="1,1,7,1,54,2,53,0" doraHai="101" doraHaiUra="125" who="3" fromWho="1" sc="297,0,136,-77,386,0,171,87" /><INIT seed="7,0,0,4,4,23" ten="297,59,386,258" oya="3" hai0="122,45,77,118,14,94,115,82,135,95,62,47,107" hai1="108,22,69,133,56,42,61,34,37,125,17,88,15" hai2="97,57,35,121,32,93,7,114,29,96,11,36,13" hai3="100,8,112,123,26,119,46,48,58,19,89,87,109"/><W75/><G75/><T18/><D118/><U103/><E108/><V21/><F36/><W81/><G123/><T54/><D107/><U134/><E34/><V76/><F121/><W102/><G119/><T30/><D135/><U4/><E125/><V51/><F76/><W71/><G71/><T1/><D1/><U65/><E4/><V12/><F35/><W40/><G109/><T106/><D106/><U110/><E103/><V113/><F32/><W9/><G112/><T80/><D30/><U126/><E110/><V78/><F78/><W50/><G9/><T104/><D104/><U70/><E126/><V66/><F97/><W5/><G50/><T27/><D115/><U38/><E38/><V129/><F114/><W116/><G116/><T39/><D39/><U33/><E33/><V130/><F113/><W86/><G87/><T132/><D132/><U117/><E117/><V2/><F2/><W85/><G86/><T131/><D131/><U67/><E67/><V43/><F43/><W6/><G58/><T28/><D122/><U25/><E15/><V64/><F13/><N who="3" m="7591" /><G26/><T83/><D77/><U0/><E0/><V53/><F21/><W59/><G59/><N who="0" m="35191" /><D47/><U124/><E124/><V55/><F29/><W16/><G16/><T20/><D45/><U49/><E37/><V68/><F68/><W128/><G128/><N who="2" m="49257" /><F55/><W3/><G3/><T105/><D105/><U41/><E134/><V72/><F72/><W91/><G91/><AGARI ba="0,0" hai="7,11,12,51,53,57,64,66,91,93,96" m="49257" machi="91" ten="30,1000,0" yaku="19,1" doraHai="23" who="2" fromWho="3" sc="297,0,59,0,386,10,258,-10" owari="297,10.0,59,-44.0,396,49.0,248,-15.0" /></mjloggm>