<mjloggm ver="2.3"><GO type="41" lobby="0"/><UN n0="%45%6E%64%54%47%65%6E%65" n1="%E6%9C%B1%E7%8B%BC" n2="%E3%82%82%E3%82%82%E3%81%A1%E2%98%86" n3="%E2%93%9D%53%75%70%68%78" dan="13,14,14,18" rate="1842.73,1879.50,1951.32,2121.52" sx="M,M,M,M"/><TAIKYOKU oya="0"/><INIT seed="0,0,0,1,3,48" ten="250,250,250,250" oya="0" hai0="129,17,37,94,1,66,84,110,119,83,14,10,112" hai1="26,86,6,118,75,130,25,19,93,63,42,70,124" hai2="8,60,13,45,85,127,29,82,67,18,40,132,91" hai3="33,100,20,2,101,92,59,54,5,128,116,53,121"/><T62/><D112/><U0/><E75/><V61/><F127/><W3/><G33/><T114/><D119/><U89/><E118/><V76/><F132/><W31/><G116/><T12/><D114/><U38/><E124/><V15/><F29/><W35/><G35/><T51/><D129/><U79/><E79/><V72/><F67/><W96/><G128/><T50/><D37/><U87/><E130/><V105/><F105/><W58/><G5/><T74/><D1/><U44/><E19/><V111/><F111/><W95/><G20/><T64/><D110/><U117/><E117/><V108/><F15/><W36/><G31/><T28/><D28/><U123/><E86/><V71/><F71/><W122/><G96/><T109/><D109/><U24/><E123/><V104/><F104/><W21/><G21/><N who="0" m="11431" /><D74/><U47/><E47/><V55/><F108/><W30/><G30/><T126/><D94/><U65/><E6/><V32/><F32/><W81/><G81/><T43/><D126/><U90/><E90/><V52/><F61/><W135/><REACH who="3" step="1"/><G36/><REACH who="3" ten="250,250,250,240" step="2"/><T34/><D34/><U11/><REACH who="1" step="1"/><E11/><REACH who="1" ten="250,240,250,240" step="2"/><V97/><F97/><W56/><G56/><N who="0" m="36935" /><D10/><U102/><E102/><V133/><F133/><AGARI ba="0,2" hai="2,3,53,54,58,59,92,95,100,101,121,122,133,135" machi="133" ten="25,8000,1" yaku="1,1,22,2,52,2,53,0" doraHai="48" doraHaiUra="73" who="3" fromWho="2" sc="250,0,240,0,250,-80,240,100" /><INIT seed="1,0,0,3,1,49" ten="250,240,170,340" oya="1" hai0="131,76,54,93,90,33,63,81,77,7,55,38,132" hai1="118,78,100,97,3,116,85,83,51,133,122,103,96" hai2="107,35,123,70,92,4,12,28,11,23,110,26,34" hai3="68,37,106,67,59,112,75,27,17,58,56,117,53"/><U111/><E3/><N who="2" m="415" /><F107/><W113/><G75/><T126/><D131/><U120/><E51/><V125/><F70/><W102/><G102/><T89/><D126/><U108/><E133/><V46/><F46/><W86/><G106/><T95/><D132/><U109/><E100/><V128/><F92/><W32/><G17/><T2/><D38/><U20/><E20/><N who="2" m="15431" /><F128/><W73/><G37/><T127/><D33/><N who="2" m="12298" /><F125/><W57/><G68/><T5/><D127/><U104/><E97/><V36/><F36/><W82/><G67/><T91/><D63/><U135/><REACH who="1" step="1"/><E135/><REACH who="1" ten="250,230,170,340" step="2"/><V1/><F123/><AGARI ba="0,1" hai="78,83,85,96,103,104,108,109,111,116,118,120,122,123" machi="123" ten="50,18000,2" yaku="1,1,2,1,14,1,10,1,34,3,53,0" doraHai="49" doraHaiUra="43" who="1" fromWho="2" sc="250,0,230,190,170,-180,340,0" owari="250,-15.0,420,52.0,-10,-51.0,340,14.0" /></mjloggm>