<mjloggm ver="2.3"><GO type="41" lobby="0"/><UN n0="%E6%97%8B%E5%BE%8B" n1="%E3%81%8D%E3%82%80%E3%82%8A%E3%82%87%E3%81%86%E3%81%99" n2="%E3%83%84%E3%82%A4%E3%82%B9%E4%B8%8B" n3="%E2%93%9D%53%75%70%68%78" dan="15,15,15,18" rate="1996.52,1991.46,1964.31,2089.96" sx="F,M,M,M"/><TAIKYOKU oya="0"/><INIT seed="0,0,0,4,4,91" ten="250,250,250,250" oya="0" hai0="76,37,110,68,112,123,19,102,15,43,98,7,2" hai1="129,130,41,115,104,53,55,9,21,109,111,125,72" hai2="48,39,107,42,124,20,69,108,128,24,70,28,0" hai3="10,61,16,131,50,33,51,31,113,99,58,52,60"/><T94/><D112/><U56/><E72/><V127/><F108/><N who="1" m="41545" /><E104/><V88/><F107/><W30/><G131/><N who="1" m="50186" /><E21/><V78/><F0/><W1/><G113/><T101/><D110/><U3/><E115/><V44/><F78/><W82/><G33/><T45/><D123/><U11/><E41/><V29/><F29/><N who="3" m="10763" /><G1/><T97/><D68/><U79/><E79/><V118/><F118/><W26/><G82/><T71/><D71/><U89/><E125/><N who="2" m="48203" /><F128/><W65/><G99/><T74/><D2/><U114/><E3/><V18/><F28/><W67/><G51/><T47/><D7/><U86/><E55/><V27/><F27/><W100/><G100/><T4/><D4/><U34/><E34/><V106/><F106/><W8/><G67/><T77/><D47/><U5/><E5/><V96/><F39/><W46/><G61/><T122/><D74/><U13/><E13/><V103/><F103/><W49/><G49/><T35/><D35/><U135/><E135/><V95/><AGARI ba="0,0" hai="18,20,24,42,44,48,69,70,88,95,96" m="48203" machi="95" ten="30,4000,0" yaku="18,1,52,1,54,1" doraHai="91" who="2" fromWho="2" sc="250,-20,250,-10,250,40,250,-10" /><INIT seed="1,0,0,2,1,39" ten="230,240,290,240" oya="1" hai0="72,121,133,83,118,16,7,8,65,35,36,81,41" hai1="6,34,132,134,48,99,110,45,44,54,27,86,77" hai2="31,3,93,63,43,116,40,28,26,4,108,14,70" hai3="112,135,57,11,21,102,5,13,60,42,18,127,84"/><U49/><E110/><V61/><F108/><W62/><G127/><T117/><D133/><U120/><E120/><V2/><F70/><W56/><G135/><N who="1" m="51754" /><E6/><V23/><F116/><W59/><G112/><T30/><D121/><U33/><E99/><V53/><F14/><W80/><G102/><T22/><D65/><U74/><E74/><V68/><F68/><W89/><REACH who="3" step="1"/><G42/><REACH who="3" ten="230,240,290,230" step="2"/><T115/><D41/><N who="1" m="24591" /><E27/><AGARI ba="0,1" hai="5,11,13,18,21,27,56,57,59,60,62,80,84,89" machi="27" ten="40,8000,1" yaku="1,1,8,1,53,2" doraHai="39" doraHaiUra="58" who="3" fromWho="1" sc="230,0,240,-80,290,0,230,90" /><INIT seed="2,0,0,0,4,127" ten="230,160,290,320" oya="2" hai0="82,50,42,10,75,62,120,132,88,33,89,109,93" hai1="128,131,125,20,126,45,84,124,34,92,35,106,72" hai2="101,123,98,54,65,91,97,104,74,103,55,12,71" hai3="15,78,115,0,90,40,46,119,18,70,1,38,80"/><V86/><F123/><W116/><G70/><T2/><D109/><U32/><E106/><V36/><F36/><W9/><G115/><T81/><D120/><U69/><E69/><V111/><F74/><W53/><G90/><T73/><D33/><U5/><E72/><V22/><F71/><W67/><G67/><T66/><D132/><U37/><E5/><V23/><F65/><W122/><G122/><T130/><D2/><U31/><E92/><V134/><F134/><W17/><G53/><T19/><D66/><U8/><E8/><V133/><F133/><W60/><G60/><T43/><D62/><U110/><E110/><V29/><F12/><W68/><G18/><T114/><D93/><U95/><E95/><V76/><F76/><W112/><G112/><T13/><D114/><U83/><E31/><V6/><F6/><W79/><G79/><T113/><D113/><U30/><E30/><V3/><F3/><W21/><G68/><T24/><D24/><U25/><E20/><V28/><F91/><W64/><G64/><T39/><D39/><U63/><E63/><V58/><F58/><W129/><G1/><T14/><D19/><U11/><E11/><V57/><F57/><W117/><G0/><T108/><D108/><U61/><E61/><V49/><F111/><W59/><G59/><T56/><D10/><U121/><E121/><V102/><F102/><W135/><G9/><T7/><D56/><U85/><E25/><V99/><F99/><W100/><G135/><T96/><D7/><U44/><E37/><V4/><F104/><W107/><G107/><RYUUKYOKU ba="0,0" sc="230,0,160,0,290,0,320,0" /><INIT seed="3,1,0,3,4,83" ten="230,160,290,320" oya="3" hai0="12,23,8,21,86,90,36,9,3,34,31,99,54" hai1="111,117,105,94,41,43,103,91,87,25,74,38,135" hai2="32,115,37,134,73,5,48,47,44,75,78,35,107" hai3="126,109,22,10,63,49,20,46,19,124,27,116,59"/><W119/><G10/><T79/><D36/><U67/><E74/><V15/><F115/><W70/><G22/><T65/><D3/><U6/><E67/><V121/><F121/><W82/><G70/><T76/><D34/><U122/><E122/><V108/><F108/><W123/><G123/><T39/><D39/><U61/><E61/><V2/><F47/><W129/><G129/><T128/><D65/><U26/><E6/><V7/><F48/><W102/><G102/><T30/><D99/><U110/><E105/><V133/><F15/><W33/><G82/><T14/><D54/><U132/><E103/><V28/><F7/><W42/><G33/><T11/><D128/><U45/><E43/><V131/><F131/><W92/><G92/><T84/><D9/><U24/><REACH who="1" step="1"/><E117/><REACH who="1" ten="230,150,290,320" step="2"/><V118/><F118/><W130/><G130/><T85/><REACH who="0" step="1"/><D86/><REACH who="0" ten="220,150,290,320" step="2"/><U112/><E112/><V62/><F75/><W125/><G109/><AGARI ba="1,2" hai="24,25,26,38,41,45,87,91,94,109,110,111,132,135" machi="109" ten="40,5200,0" yaku="1,1,14,1,52,1,53,0" doraHai="83" doraHaiUra="77" who="1" fromWho="3" sc="220,0,150,75,290,0,320,-55" /><INIT seed="4,0,0,3,3,24" ten="220,225,290,265" oya="0" hai0="50,34,83,36,5,69,123,65,57,130,89,131,40" hai1="120,101,7,8,104,129,18,109,48,39,13,29,135" hai2="82,38,10,107,112,64,4,27,122,54,118,134,87" hai3="80,90,84,117,61,116,76,72,20,14,75,22,133"/><T2/><D123/><U45/><E109/><V88/><F118/><W1/><G1/><T115/><D115/><U102/><E120/><V92/><F107/><W35/><G35/><T71/><D34/><U52/><E39/><V63/><F38/><W37/><G37/><T96/><D2/><U6/><E135/><V114/><F134/><W125/><G125/><T0/><D0/><U28/><E104/><V51/><F27/><W33/><G33/><T16/><D5/><N who="1" m="1547" /><E129/><N who="0" m="49161" /><D36/><U32/><E32/><V77/><F122/><W113/><G113/><N who="2" m="43625" /><F10/><W127/><G127/><T124/><D124/><U78/><E78/><V73/><F4/><W58/><G133/><T119/><D119/><U95/><E95/><V44/><F64/><W99/><G117/><T41/><D16/><U55/><E55/><V98/><F63/><W47/><G61/><N who="0" m="38063" /><D96/><AGARI ba="0,0" hai="44,51,54,73,77,82,87,88,92,96,98" m="43625" machi="96" ten="30,2000,0" yaku="15,1,54,1" doraHai="24" who="2" fromWho="0" sc="220,-20,225,0,290,20,265,0" /><INIT seed="5,0,0,5,0,85" ten="200,225,310,265" oya="1" hai0="111,57,2,13,120,88,12,11,17,24,74,33,134" hai1="69,115,93,123,76,116,63,82,71,102,80,38,92" hai2="0,67,8,64,7,4,39,68,41,55,56,103,52" hai3="49,22,124,42,87,114,132,53,62,44,99,23,26"/><U5/><E116/><V89/><F103/><W110/><G110/><T100/><D111/><U130/><E123/><V95/><F7/><W73/><G73/><T15/><D100/><U72/><E38/><V20/><F68/><W58/><G132/><T91/><D74/><U54/><E80/><V61/><F39/><W118/><G124/><T31/><D134/><U119/><E119/><V78/><F41/><W135/><G114/><T51/><D120/><U97/><E115/><V16/><F78/><W25/><G99/><T65/><D2/><U37/><E37/><V101/><F101/><W27/><G135/><T34/><D34/><U48/><E130/><V77/><F55/><W90/><REACH who="3" step="1"/><G118/><REACH who="3" ten="200,225,310,255" step="2"/><T107/><D107/><U129/><E129/><V40/><F77/><W36/><G36/><T133/><D133/><U117/><E117/><V113/><F113/><W128/><G128/><T50/><D50/><U3/><E72/><V131/><F131/><W126/><G126/><T47/><D13/><U70/><E3/><V125/><F125/><W59/><G59/><T43/><REACH who="0" step="1"/><D15/><REACH who="0" ten="190,225,310,255" step="2"/><U79/><E48/><V9/><F0/><W14/><G14/><T35/><D35/><U121/><E121/><V21/><F61/><AGARI ba="0,2" hai="11,12,17,24,31,33,43,47,51,57,61,65,88,91" machi="61" ten="40,8000,1" yaku="1,1,52,2,54,1,53,0" doraHai="85" doraHaiUra="108" who="0" fromWho="2" sc="190,100,225,0,310,-80,255,0" /><INIT seed="6,0,0,4,4,123" ten="290,225,230,255" oya="2" hai0="79,67,115,8,121,133,119,14,81,30,88,90,37" hai1="71,98,3,72,125,59,23,6,112,96,103,118,105" hai2="45,17,49,38,46,7,55,53,15,83,128,48,68" hai3="126,21,19,58,51,91,78,56,11,124,24,102,108"/><V84/><F68/><W113/><G78/><T116/><D121/><U9/><E118/><N who="0" m="45097" /><D115/><U32/><E71/><V122/><F128/><W80/><G102/><T36/><D133/><U42/><E32/><V43/><F122/><W62/><G108/><T130/><D67/><U28/><E72/><V1/><F1/><W40/><G11/><T73/><D30/><U27/><E112/><V95/><F95/><W57/><G113/><T47/><D130/><U127/><E42/><V114/><F114/><W18/><G18/><N who="0" m="8519" /><D47/><U44/><E44/><V106/><F106/><W117/><G117/><T100/><D100/><U104/><E59/><V89/><F7/><W97/><G62/><T61/><D61/><U12/><E3/><V82/><F38/><AGARI ba="0,0" hai="36,37,38,73,79,81,88,90" m="8519,45097" machi="38" ten="30,2000,0" yaku="12,1,54,1" doraHai="123" who="0" fromWho="2" sc="290,20,225,0,230,-20,255,0" /><INIT seed="7,0,0,0,2,120" ten="310,225,210,255" oya="3" hai0="18,102,116,1,72,134,47,95,52,99,112,39,90" hai1="122,87,70,124,76,110,43,103,115,42,83,131,32" hai2="60,23,88,108,24,67,117,48,101,127,89,11,36" hai3="77,31,96,13,121,74,114,105,66,27,26,93,4"/><W100/><G121/><T85/><D116/><U57/><E122/><V54/><F117/><W111/><G114/><T45/><D1/><U14/><E70/><V41/><F108/><W62/><G27/><T86/><D72/><U92/><E115/><V33/><F33/><W37/><G37/><T16/><D134/><U82/><E32/><V51/><F127/><W119/><G77/><T5/><D5/><U25/><E124/><V10/><F101/><W126/><G74/><T69/><D69/><U59/><E131/><V133/><F133/><W8/><G119/><T29/><D29/><U20/><E110/><V128/><F128/><W125/><G105/><T3/><D3/><U7/><E83/><V44/><F10/><W98/><G98/><T21/><D39/><U113/><E113/><V68/><F11/><W61/><G61/><T49/><D45/><U71/><E71/><V73/><F51/><W63/><G63/><T22/><D22/><U9/><E42/><V84/><F84/><N who="0" m="32362" /><D102/><U106/><E106/><V78/><F78/><W107/><G107/><T91/><D91/><U34/><E34/><V80/><F80/><W15/><G126/><T2/><D2/><U56/><E43/><V132/><F73/><W135/><G135/><T97/><D97/><U118/><E118/><V109/><F109/><W75/><G111/><T30/><D112/><U28/><E103/><V94/><F94/><AGARI ba="0,0" hai="7,9,14,20,25,28,56,57,59,76,82,87,92,94" machi="94" ten="40,1300,0" yaku="8,1" doraHai="120" who="1" fromWho="2" sc="310,0,225,13,210,-13,255,0" owari="310,40.0,238,-16.0,197,-30.0,255,6.0" /></mjloggm>