<mjloggm ver="2.3"><GO type="41" lobby="0"/><UN n0="%E9%98%BF%E9%83%A8%E5%AF%9B%EF%BC%A0%E9%B3%B3%E5%8D%93" n1="%73%61%69%6B%79%6F" n2="%E2%93%9D%53%75%70%68%78" n3="%67%6F%6E%30%32%30%37" dan="13,13,17,13" rate="1964.69,1916.88,2057.88,1892.74" sx="F,M,M,M"/><TAIKYOKU oya="0"/><INIT seed="0,0,0,3,0,29" ten="250,250,250,250" oya="0" hai0="117,101,107,129,114,10,86,119,40,118,135,133,17" hai1="78,35,112,127,108,121,124,20,84,66,11,37,13" hai2="58,100,72,71,131,65,120,3,69,38,1,59,126" hai3="14,48,6,55,0,27,26,67,134,85,64,130,39"/><T81/><D114/><U79/><E121/><V16/><F100/><W89/><G39/><T96/><D40/><U12/><E37/><V76/><F76/><W24/><G130/><T18/><D129/><U43/><E43/><V33/><F131/><W56/><G0/><T74/><D10/><U94/><E108/><V28/><F38/><W52/><G134/><N who="0" m="51211" /><D74/><U73/><E73/><V21/><F126/><W132/><G132/><T8/><D8/><U90/><E112/><V32/><F28/><W88/><G89/><AGARI ba="0,0" hai="17,18,81,86,89,96,101,107,117,118,119" m="51211" machi="89" ten="40,2000,0" yaku="20,1" doraHai="29" who="0" fromWho="3" sc="250,20,250,0,250,0,250,-20" /><INIT seed="0,1,0,5,4,26" ten="270,250,250,230" oya="0" hai0="125,12,80,83,110,102,115,43,70,90,132,25,99" hai1="62,98,92,36,20,130,23,111,103,94,69,64,7" hai2="120,122,107,14,52,131,113,121,24,78,105,85,66" hai3="49,67,84,104,72,95,15,27,91,58,61,33,4"/><T65/><D115/><U100/><E111/><V127/><F66/><W97/><G72/><T129/><D70/><U10/><E130/><V77/><F14/><W112/><G112/><T0/><D0/><U18/><E36/><V79/><F113/><W109/><G109/><T106/><D110/><U22/><E94/><V118/><F24/><W19/><G4/><T93/><D129/><U89/><REACH who="1" step="1"/><E18/><REACH who="1" ten="270,240,250,230" step="2"/><V31/><F131/><W16/><G19/><T73/><D125/><U54/><E54/><V17/><F127/><W128/><G128/><T30/><D132/><U11/><E11/><V101/><F17/><W46/><G104/><T71/><D43/><U108/><E108/><V38/><F38/><W44/><G97/><T8/><D106/><U29/><E29/><V40/><F40/><W119/><G119/><T51/><D83/><U48/><E48/><V6/><F31/><W117/><G117/><T9/><D51/><U45/><E45/><V126/><F126/><W76/><G46/><T57/><D80/><U81/><E81/><V75/><F118/><W133/><G133/><T35/><D99/><U39/><E39/><V123/><F123/><W96/><G96/><T116/><D93/><U32/><E32/><V55/><F107/><W37/><G37/><T5/><D35/><U34/><E34/><V88/><F105/><W13/><G33/><T114/><D116/><U124/><E124/><V42/><F122/><W63/><G61/><N who="0" m="38063" /><D114/><U59/><E59/><V1/><F121/><W47/><G49/><T28/><D9/><U86/><E86/><V3/><F120/><RYUUKYOKU ba="1,1" sc="270,-10,240,30,250,-10,230,-10" hai1="7,10,20,22,23,62,64,69,89,92,98,100,103" /><INIT seed="1,2,1,3,0,33" ten="260,270,240,220" oya="1" hai0="29,6,96,83,15,74,133,75,131,0,132,103,104" hai1="59,120,25,37,7,100,5,114,129,47,116,41,111" hai2="99,4,64,58,27,118,98,19,134,80,119,95,135" hai3="62,92,53,79,57,55,72,30,3,117,21,10,87"/><U60/><E114/><V61/><F80/><W13/><G117/><T81/><D29/><U101/><E116/><V67/><F4/><W94/><G72/><N who="0" m="27691" /><D15/><U90/><E120/><V18/><F58/><W126/><G126/><T52/><D52/><U69/><E69/><V32/><F95/><W102/><G3/><T24/><D24/><U107/><E129/><V56/><F56/><W113/><G113/><T1/><D131/><U43/><E43/><V105/><F27/><W124/><G124/><T78/><D6/><U22/><E111/><V48/><F48/><W71/><G71/><T35/><D35/><U31/><E90/><V112/><F32/><W109/><G109/><T54/><D54/><U121/><E121/><V89/><F89/><W9/><G9/><T40/><D40/><U12/><E12/><V84/><F112/><W2/><G2/><N who="0" m="1131" /><D78/><U45/><E45/><V91/><F119/><W16/><G102/><T39/><D39/><U36/><E36/><V28/><F118/><W128/><G128/><T65/><D65/><U77/><E77/><V44/><F67/><W130/><G130/><T86/><D86/><U106/><E107/><V122/><F84/><W46/><G30/><T123/><D123/><U20/><E20/><V49/><F28/><W42/><G21/><T38/><D38/><U23/><E23/><V125/><F122/><W115/><G115/><T70/><D70/><U97/><REACH who="1" step="1"/><E101/><REACH who="1" ten="260,260,240,220" step="2"/><V85/><F125/><W63/><G42/><T108/><D108/><U8/><E8/><V51/><F91/><W76/><G79/><T93/><D104/><RYUUKYOKU ba="2,2" sc="260,15,260,15,240,-15,220,-15" hai0="81,83,93,96,103,132,133" hai1="5,7,22,25,31,37,41,47,59,60,97,100,106" /><INIT seed="1,3,2,0,0,10" ten="275,275,225,205" oya="1" hai0="34,39,1,106,27,93,70,21,4,129,18,41,71" hai1="63,7,9,69,79,46,100,59,112,107,45,49,14" hai2="62,134,89,28,12,6,53,80,73,38,125,105,58" hai3="29,135,17,118,50,84,13,104,78,55,117,95,48"/><U36/><E112/><V20/><F105/><W44/><G104/><T102/><D93/><U61/><E79/><V42/><F134/><W103/><G135/><T127/><D18/><U86/><E86/><V108/><F108/><W26/><G117/><T57/><D21/><U131/><E131/><V99/><F125/><W33/><G118/><T37/><D57/><U35/><E35/><V115/><F38/><W85/><G78/><T123/><D129/><U43/><E107/><V31/><F42/><W0/><G0/><T91/><D91/><U88/><E100/><V83/><F73/><W15/><G103/><T98/><D123/><U60/><E69/><N who="0" m="26121" /><D41/><U81/><E81/><N who="2" m="31307" /><F115/><W64/><G64/><T30/><D127/><U52/><REACH who="1" step="1"/><E88/><REACH who="1" ten="275,265,225,205" step="2"/><V74/><F74/><W25/><G95/><T56/><D56/><AGARI ba="3,3" hai="7,9,14,36,43,45,46,49,52,56,59,60,61,63" machi="56" ten="40,12000,1" yaku="1,1,2,1,52,1,54,1,53,0" doraHai="10" doraHaiUra="120" who="1" fromWho="0" sc="275,-129,265,159,225,0,205,0" /><INIT seed="1,4,0,4,4,119" ten="146,424,225,205" oya="1" hai0="31,120,56,132,48,50,6,23,87,11,35,94,58" hai1="42,66,82,123,2,90,4,135,16,92,22,65,3" hai2="121,131,78,106,111,101,51,36,124,91,89,24,116" hai3="79,49,45,71,107,134,37,20,18,59,32,93,74"/><U70/><E123/><V118/><F51/><W108/><G107/><T30/><D132/><U46/><E135/><V96/><F36/><W72/><G32/><T110/><D35/><U15/><E82/><V9/><F24/><W0/><G0/><T34/><D34/><U1/><E4/><V103/><F9/><W64/><G134/><T14/><D110/><U83/><E83/><V77/><F124/><W33/><G33/><T26/><D31/><U114/><E70/><V7/><F7/><W63/><G79/><T40/><D120/><U99/><REACH who="1" step="1"/><E114/><REACH who="1" ten="146,414,225,205" step="2"/><V21/><F121/><W97/><G108/><T43/><D50/><AGARI ba="4,1" hai="1,2,3,15,16,22,42,46,50,65,66,90,92,99" machi="50" ten="40,7700,0" yaku="1,1,2,1,54,1,53,0" doraHai="119" doraHaiUra="127" who="1" fromWho="0" sc="146,-89,414,99,225,0,205,0" /><INIT seed="1,5,0,4,3,19" ten="57,513,225,205" oya="1" hai0="135,35,122,3,75,133,81,93,108,92,21,38,117" hai1="42,17,49,48,115,39,54,41,52,66,76,5,15" hai2="98,132,8,124,31,61,74,111,22,112,10,55,13" hai3="79,107,94,70,130,46,69,63,33,64,134,116,30"/><U95/><E115/><V96/><F74/><W11/><G116/><T100/><D38/><U7/><E76/><V83/><F111/><W82/><G130/><T4/><D35/><U78/><E66/><V80/><F132/><W14/><G94/><T127/><D3/><U44/><E78/><V40/><F124/><W118/><G118/><T114/><D75/><U12/><E39/><V29/><F40/><W106/><G70/><T84/><D122/><U1/><E1/><V131/><F131/><W27/><G134/><T119/><D114/><U113/><E113/><V24/><F31/><W26/><G46/><T91/><D108/><U110/><E110/><V58/><F10/><W97/><G27/><T57/><D127/><U104/><E104/><V123/><F123/><W85/><G97/><N who="2" m="37481" /><F112/><W77/><G77/><T73/><D73/><U36/><E36/><V62/><F62/><W121/><G121/><T45/><D119/><U32/><E32/><V53/><F53/><W72/><G85/><T16/><D117/><U67/><E67/><V65/><F65/><W90/><G90/><T120/><D133/><U129/><E129/><V6/><AGARI ba="5,0" hai="6,8,13,22,24,29,55,58,61,80,83" m="37481" machi="6" ten="30,2000,0" yaku="8,1,52,1" doraHai="19" who="2" fromWho="2" sc="57,-10,513,-15,225,35,205,-10" /><INIT seed="2,0,0,1,1,80" ten="47,498,260,195" oya="2" hai0="74,69,7,134,96,0,55,34,40,117,20,33,31" hai1="64,83,88,95,124,91,107,114,116,77,53,131,87" hai2="127,12,23,75,43,113,28,56,22,115,32,30,2" hai3="89,79,108,1,29,135,59,123,85,101,118,73,3"/><V126/><F56/><W132/><G108/><T68/><D96/><U11/><E64/><V15/><F43/><W24/><G123/><T5/><D74/><U19/><E114/><V17/><F75/><W81/><G118/><T112/><D55/><U92/><E116/><V58/><F58/><W60/><G101/><T90/><D40/><U130/><E53/><V110/><F32/><N who="0" m="12394" /><D90/><U122/><E19/><V104/><F104/><W94/><G24/><N who="0" m="16775" /><D69/><U66/><E11/><V121/><F17/><W120/><G29/><T18/><D68/><U25/><E25/><V102/><F102/><W27/><G27/><T51/><D51/><U129/><E66/><V45/><F45/><W71/><G71/><T16/><D117/><U84/><E122/><V103/><F103/><W10/><G120/><T133/><D112/><U46/><E46/><V49/><F121/><W65/><REACH who="3" step="1"/><G10/><REACH who="3" ten="47,498,260,185" step="2"/><N who="0" m="2343" /><D7/><U52/><E124/><V100/><F100/><W42/><G42/><T109/><D109/><U119/><E119/><V62/><F110/><W44/><G44/><T72/><D72/><N who="1" m="43431" /><E52/><V125/><F115/><W35/><G35/><T14/><D18/><U63/><E63/><V106/><F113/><W21/><G21/><AGARI ba="0,1" hai="14,16,21,133,134" m="2343,16775,12394" machi="21" ten="30,3900,0" yaku="34,2,54,1" doraHai="80" who="0" fromWho="3" sc="47,49,498,0,260,0,185,-39" /><INIT seed="3,0,0,2,0,87" ten="96,498,260,146" oya="3" hai0="96,93,69,59,11,128,31,57,13,124,101,89,14" hai1="133,50,53,76,108,52,37,67,36,35,28,100,75" hai2="131,125,80,115,54,58,97,0,95,2,117,20,46" hai3="94,25,1,45,130,110,123,56,44,39,127,12,41"/><W42/><G123/><T55/><D69/><U92/><E108/><V40/><F115/><W63/><G1/><T129/><D124/><U26/><E67/><V84/><F131/><N who="0" m="50250" /><D31/><U65/><E65/><V82/><F117/><W107/><G130/><T70/><D70/><U118/><E133/><V49/><F82/><W21/><G107/><N who="0" m="63911" /><D55/><U78/><E118/><V121/><F121/><W43/><G127/><T30/><D30/><U66/><E66/><V34/><F34/><W61/><G12/><N who="0" m="4715" /><D11/><U81/><E76/><V88/><F20/><W134/><G134/><T120/><D120/><U32/><E32/><V119/><F119/><W74/><G74/><T29/><D29/><U91/><E100/><V103/><REACH who="2" step="1"/><F125/><REACH who="2" ten="96,498,250,146" step="2"/><W86/><G110/><T72/><D72/><U109/><E109/><V17/><F17/><W5/><G5/><T105/><D105/><U4/><E4/><V111/><F111/><W116/><G116/><T19/><D19/><U18/><E18/><V83/><F83/><W27/><G21/><T106/><D106/><U77/><E78/><V10/><F10/><W9/><G9/><T99/><AGARI ba="0,1" hai="57,59,89,93,99" m="4715,63911,50250" machi="99" ten="30,2000,0" yaku="19,1,52,1" doraHai="87" who="0" fromWho="0" sc="96,30,498,-5,250,-5,146,-10" /><INIT seed="4,0,0,3,4,19" ten="126,493,245,136" oya="0" hai0="68,49,39,43,126,70,56,108,121,16,37,24,11" hai1="130,25,127,46,17,53,18,1,78,84,72,107,47" hai2="111,104,83,61,131,8,57,134,119,110,116,21,85" hai3="92,129,135,79,97,89,63,52,100,91,27,75,35"/><T132/><D121/><U26/><E72/><V5/><F104/><W9/><G129/><T74/><D74/><U3/><E107/><V42/><F42/><W95/><G135/><T32/><D32/><U80/><E130/><V13/><F134/><W118/><G118/><N who="2" m="45097" /><F21/><W15/><G35/><T48/><D132/><U112/><E112/><V76/><F131/><W87/><G75/><T123/><D123/><U28/><E127/><V71/><F71/><W45/><G27/><T0/><D70/><U60/><E60/><V99/><F99/><W22/><G22/><N who="0" m="13383" /><D68/><U102/><E102/><V58/><F58/><W117/><G117/><T103/><D103/><U31/><E78/><V86/><F86/><W124/><G124/><T6/><D126/><U29/><E84/><V96/><F96/><W120/><G120/><T4/><D37/><U69/><E69/><V113/><F113/><W114/><G114/><T14/><D39/><U20/><E31/><V33/><F33/><W81/><G95/><T64/><D108/><U88/><E80/><V106/><F106/><W30/><G30/><T90/><D43/><U82/><E82/><V34/><F34/><W133/><G133/><T23/><D23/><U62/><E20/><V66/><AGARI ba="0,0" hai="5,8,13,57,61,66,76,83,85,110,111" m="45097" machi="66" ten="30,1100,0" yaku="12,1" doraHai="19" who="2" fromWho="2" sc="126,-5,493,-3,245,11,136,-3" /><INIT seed="5,0,0,4,4,82" ten="121,490,256,133" oya="1" hai0="77,67,118,42,36,91,51,12,129,9,97,96,133" hai1="64,22,75,65,76,103,94,33,72,14,110,122,13" hai2="43,81,24,46,44,68,130,89,38,124,28,86,100" hai3="74,8,55,63,125,59,37,30,7,113,71,109,0"/><U79/><E122/><V134/><F130/><W61/><G113/><T54/><D118/><U87/><E33/><V99/><F134/><W104/><G125/><T34/><D133/><U98/><E110/><V18/><F68/><W105/><G74/><T69/><D34/><U107/><E75/><V5/><F5/><W26/><G37/><T21/><D77/><U84/><E72/><V111/><F46/><W90/><G109/><T127/><D127/><U19/><E107/><V48/><F18/><W135/><G135/><T85/><D21/><U1/><E1/><V123/><F123/><W116/><G116/><T92/><D36/><U114/><E114/><V20/><F111/><W131/><G131/><T128/><D42/><U52/><E14/><V49/><REACH who="2" step="1"/><F124/><REACH who="2" ten="121,490,246,133" step="2"/><W73/><G73/><T2/><D129/><U25/><E19/><V102/><F102/><W78/><G78/><T10/><D128/><U60/><E103/><V70/><F70/><W15/><G0/><T47/><D2/><U108/><E79/><V101/><F101/><W11/><G11/><T16/><REACH who="0" step="1"/><D10/><REACH who="0" ten="111,490,246,133" step="2"/><U31/><E76/><V57/><F57/><W106/><G71/><T29/><D29/><U88/><E108/><V3/><F3/><W112/><G112/><T39/><D39/><U17/><E31/><V50/><F50/><W121/><G121/><T66/><D66/><U120/><E120/><V41/><F41/><W6/><G59/><T62/><AGARI ba="0,2" hai="9,12,16,47,51,54,62,67,69,85,91,92,96,97" machi="62" ten="30,7900,0" yaku="1,1,0,1,52,1,54,1,53,0" doraHai="82" doraHaiUra="132" who="0" fromWho="0" sc="111,99,490,-39,246,-20,133,-20" /><INIT seed="6,0,0,2,2,41" ten="210,451,226,113" oya="2" hai0="107,51,71,10,7,74,13,45,116,126,32,66,34" hai1="98,14,127,64,50,109,81,3,56,2,128,96,18" hai2="49,26,61,78,6,100,36,58,48,28,44,114,85" hai3="132,99,95,4,70,15,8,77,24,83,47,16,54"/><V103/><F36/><W37/><G132/><T112/><D107/><U122/><E109/><V60/><F6/><W38/><G70/><T69/><D74/><U59/><E127/><V108/><F114/><W9/><G24/><T135/><D112/><U39/><E39/><V104/><F49/><W31/><G31/><T63/><D116/><U80/><E128/><V82/><F61/><W20/><G38/><T119/><D119/><U25/><E25/><V79/><F79/><W120/><G120/><T117/><D117/><U22/><E122/><V133/><F104/><W19/><G19/><T65/><D126/><U27/><E27/><V131/><F108/><W40/><G54/><T43/><D135/><U67/><E3/><V102/><F131/><W73/><REACH who="3" step="1"/><G4/><REACH who="3" ten="210,451,226,103" step="2"/><T46/><D69/><U111/><E18/><V55/><F133/><W30/><G30/><T121/><D121/><U62/><E111/><V110/><F110/><W130/><G130/><T93/><D66/><U92/><E64/><V57/><REACH who="2" step="1"/><F60/><REACH who="2" ten="210,451,216,103" step="2"/><W11/><G11/><T12/><D63/><U5/><E62/><V68/><F68/><W89/><AGARI ba="0,2" hai="8,9,15,16,20,37,40,47,73,77,83,89,95,99" machi="89" ten="20,8000,1" yaku="1,1,0,1,7,1,52,1,54,1,53,0" doraHai="41" doraHaiUra="33" who="3" fromWho="3" sc="210,-20,451,-20,216,-40,103,100" /><INIT seed="7,0,0,0,5,34" ten="190,431,176,203" oya="3" hai0="26,105,65,77,18,32,37,67,84,66,62,87,61" hai1="30,14,21,10,97,43,80,85,74,123,3,2,127" hai2="112,129,42,125,89,99,109,91,35,133,25,86,88" hai3="98,78,100,124,121,41,5,23,110,54,96,8,51"/><W28/><G121/><T106/><D37/><U126/><E74/><V75/><F75/><W111/><G41/><T103/><D32/><U94/><E123/><V44/><F109/><W29/><G78/><T132/><D132/><U22/><E43/><V71/><F71/><W116/><G116/><T81/><D87/><U4/><E85/><V118/><F118/><W7/><G98/><T107/><D103/><U108/><E80/><V57/><F133/><W64/><G64/><T48/><D26/><U115/><E115/><V15/><F112/><W24/><G29/><T101/><D101/><N who="1" m="60599" /><E108/><N who="3" m="41514" /><G8/><T93/><D93/><U17/><E30/><V19/><F125/><N who="1" m="47625" /><E22/><V102/><F129/><W49/><G124/><T9/><D9/><U73/><E73/><V119/><F119/><W13/><G13/><AGARI ba="0,0" hai="2,3,4,10,13,14,17,21" m="47625,60599" machi="13" ten="30,3900,0" yaku="18,1,52,2" doraHai="34" who="1" fromWho="3" sc="190,0,431,39,176,0,203,-39" owari="190,-1.0,470,57.0,176,-22.0,164,-34.0" /></mjloggm>