<mjloggm ver="2.3"><GO type="41" lobby="0"/><UN n0="%E4%BA%BA%E7%94%9F%E3%81%9C%E3%82%93%E3%81%A4%E3%81%A3%E3%81%B1%33" n1="%6F%6E%69%67%69%72%69%73" n2="%E2%93%9D%53%75%70%68%78" n3="%E6%B0%B4%E8%89%B2" dan="14,14,17,15" rate="2043.29,1918.77,2039.66,1993.26" sx="M,M,M,F"/><TAIKYOKU oya="0"/><INIT seed="0,0,0,1,4,33" ten="250,250,250,250" oya="0" hai0="91,65,134,94,41,30,52,122,93,102,69,53,105" hai1="24,46,36,121,3,17,15,96,16,97,90,45,67" hai2="119,104,76,123,135,131,113,4,31,51,117,72,5" hai3="87,84,27,37,118,73,49,61,77,103,110,85,106"/><T55/><D122/><U124/><E121/><V56/><F123/><W8/><G118/><T48/><D134/><U125/><E3/><V127/><F113/><W88/><G37/><T6/><D105/><U29/><E67/><V108/><F108/><W32/><G110/><T132/><D132/><U13/><E36/><V80/><F131/><W130/><G130/><T109/><D109/><U111/><E111/><V78/><F31/><W100/><G49/><T21/><D6/><U79/><E79/><V75/><F127/><N who="1" m="48713" /><E90/><V11/><F104/><W42/><G42/><T38/><D38/><U39/><E39/><V58/><F135/><W63/><G77/><T86/><D69/><U92/><E29/><V9/><F51/><W20/><G73/><T74/><D65/><U83/><E83/><AGARI ba="0,0" hai="4,5,9,11,56,58,72,75,76,78,80,83,117,119" machi="83" ten="25,1600,0" yaku="22,2" doraHai="33" who="2" fromWho="1" sc="250,0,250,-16,250,16,250,0" /><INIT seed="1,0,0,2,3,78" ten="250,234,266,250" oya="1" hai0="88,16,109,11,99,124,54,2,14,97,69,102,57" hai1="105,30,119,70,79,22,36,27,0,126,132,107,100" hai2="15,98,61,18,52,122,34,130,112,71,56,77,50" hai3="44,9,28,92,49,65,20,101,42,47,41,89,72"/><U21/><E119/><V38/><F122/><W46/><G72/><T35/><D69/><U31/><E0/><V24/><F130/><W73/><G73/><T29/><D2/><U23/><E36/><V62/><F38/><W94/><G65/><T58/><D109/><U131/><E70/><V82/><F112/><W108/><G108/><T115/><D124/><U85/><E131/><V86/><F71/><W7/><G101/><T93/><D115/><U39/><E39/><V66/><F98/><W59/><G59/><T64/><D64/><U129/><E129/><V83/><F66/><W80/><G80/><T8/><D29/><U111/><E111/><V19/><F83/><W128/><G128/><T51/><D35/><U96/><E126/><V117/><F117/><W110/><G110/><T4/><D58/><U5/><E5/><V13/><F24/><N who="3" m="16391" /><G49/><T120/><D120/><U74/><E74/><V116/><F34/><W17/><G17/><N who="2" m="6153" /><F116/><W26/><G26/><T63/><D51/><U40/><E40/><N who="3" m="15466" /><G89/><T60/><D63/><AGARI ba="0,0" hai="13,15,50,52,56,61,62,63,77,82,86" m="6153" machi="63" ten="30,3900,0" yaku="8,1,52,1,54,1" doraHai="78" who="2" fromWho="0" sc="250,-39,234,0,266,39,250,0" /><INIT seed="2,0,0,5,3,7" ten="211,234,305,250" oya="2" hai0="135,6,81,55,0,97,133,108,27,86,1,51,46" hai1="20,74,99,93,92,107,64,59,88,89,5,14,112" hai2="121,18,65,11,73,37,15,124,62,67,134,132,71" hai3="128,29,3,52,24,39,109,103,2,8,79,34,127"/><V31/><F121/><W120/><G120/><T58/><D108/><U49/><E74/><V26/><F73/><W119/><G119/><T95/><D27/><U131/><E107/><V85/><F37/><W53/><G39/><T91/><D58/><U35/><E35/><V4/><F124/><W54/><G109/><T13/><D13/><U113/><E131/><V9/><F85/><W94/><G128/><T50/><D50/><U130/><E130/><V42/><F42/><W17/><G79/><T45/><D45/><U114/><E64/><V77/><F77/><W122/><G122/><T115/><D115/><U78/><E78/><V23/><REACH who="2" step="1"/><F67/><REACH who="2" ten="211,234,295,250" step="2"/><W87/><G127/><T117/><D117/><U44/><E112/><V105/><F105/><W101/><G87/><T125/><D125/><U28/><E113/><V100/><F100/><W60/><G103/><T116/><D116/><U38/><E38/><V48/><F48/><W106/><G101/><T76/><REACH who="0" step="1"/><D6/><REACH who="0" ten="201,234,295,250" step="2"/><U72/><E114/><V30/><F30/><W75/><G29/><T126/><D126/><U25/><E5/><V32/><F32/><W56/><G106/><T63/><D63/><U96/><E72/><V102/><F102/><W123/><G60/><T47/><D47/><U90/><E44/><V129/><F129/><W19/><G123/><T98/><D98/><U16/><E96/><V70/><F70/><W61/><G61/><T110/><D110/><U68/><E68/><V111/><F111/><W21/><G54/><T80/><D80/><U40/><E99/><V57/><F57/><W22/><G56/><RYUUKYOKU ba="0,2" sc="201,15,234,-15,295,15,250,-15" hai0="0,1,46,51,55,76,81,86,91,95,97,133,135" hai2="4,9,11,15,18,23,26,31,62,65,71,132,134" /><INIT seed="2,1,2,5,5,49" ten="216,219,310,235" oya="2" hai0="29,124,85,68,54,127,70,135,17,120,64,87,100" hai1="114,22,107,3,76,80,102,8,2,10,105,122,43" hai2="81,20,83,104,71,31,109,21,12,4,28,133,62" hai3="34,79,5,74,110,92,46,60,126,98,94,119,50"/><V108/><F104/><W93/><G119/><T73/><D73/><U38/><E114/><V40/><F40/><W27/><G110/><N who="2" m="42601" /><F133/><W117/><G117/><T67/><D120/><U45/><E122/><V130/><F130/><W6/><G126/><N who="0" m="48171" /><D29/><N who="2" m="11338" /><F4/><W128/><G6/><T69/><D135/><U111/><E111/><V63/><F12/><W77/><G5/><T51/><D100/><U96/><E105/><V57/><F71/><N who="0" m="18178" /><T106/><DORA hai="26" /><D17/><U30/><E10/><V132/><F132/><W121/><G121/><T24/><D24/><U125/><E125/><V41/><F41/><W58/><G27/><T84/><D106/><U88/><E8/><V0/><F0/><W131/><G131/><T25/><D25/><U103/><E3/><V115/><F115/><W52/><G128/><T89/><D89/><U66/><E2/><V61/><F57/><AGARI ba="1,2" hai="51,54,57,64,67,84,85,87" m="18178,48171" machi="57" ten="50,3200,0" yaku="18,1,52,1" doraHai="49,26" who="0" fromWho="2" sc="216,55,219,0,310,-35,235,0" /><INIT seed="3,0,0,4,4,40" ten="271,219,275,235" oya="3" hai0="77,90,47,49,89,66,73,108,68,99,129,116,79" hai1="101,132,58,33,86,84,64,87,104,133,10,134,128" hai2="67,126,63,124,96,38,105,16,125,32,21,75,111" hai3="69,61,7,85,42,20,28,30,118,1,15,62,97"/><W0/><G118/><T123/><D116/><U19/><E33/><V107/><F111/><W44/><G85/><T56/><D123/><U114/><E114/><V53/><F32/><W14/><G97/><T24/><D129/><U102/><E128/><V9/><F75/><W112/><G112/><T74/><D108/><U80/><E64/><V71/><F38/><W81/><G81/><T95/><D68/><U57/><E104/><V45/><F9/><W72/><G72/><T35/><D66/><U26/><E80/><V98/><F107/><W25/><G30/><T52/><D47/><U88/><E88/><V92/><F105/><W100/><G100/><N who="1" m="38506" /><E26/><N who="2" m="14631" /><F92/><W103/><G103/><T31/><REACH who="0" step="1"/><D89/><REACH who="0" ten="261,219,275,235" step="2"/><U34/><E58/><V109/><F109/><W106/><G69/><T93/><D93/><U60/><E57/><V91/><F91/><W29/><G106/><T78/><AGARI ba="0,1" hai="24,31,35,49,52,56,73,74,77,78,79,90,95,99" machi="78" ten="30,4000,0" yaku="1,1,0,1,54,1,53,0" doraHai="40" doraHaiUra="6" who="0" fromWho="0" sc="261,50,219,-10,275,-10,235,-20" /><INIT seed="4,0,0,2,0,135" ten="311,209,265,215" oya="0" hai0="54,53,105,21,107,20,110,40,41,19,104,80,15" hai1="113,116,99,65,31,103,34,6,89,9,69,33,22" hai2="78,132,7,16,57,121,122,42,119,118,124,68,56" hai3="93,98,50,49,25,37,29,24,129,4,62,120,60"/><T46/><D110/><U130/><E116/><N who="2" m="44587" /><F7/><W3/><G129/><T47/><D80/><U100/><E130/><V17/><F132/><W86/><G37/><T55/><D15/><U133/><E133/><V64/><F78/><W8/><G120/><N who="2" m="46185" /><F124/><W51/><G86/><T18/><D18/><N who="2" m="7274" /><F42/><N who="0" m="16490" /><D19/><U114/><E65/><V74/><F74/><W96/><G25/><T66/><D66/><U123/><E123/><V38/><F38/><W101/><REACH who="3" step="1"/><G98/><REACH who="3" ten="311,209,265,205" step="2"/><T127/><D127/><U83/><E99/><V5/><F5/><W108/><G108/><T106/><N who="0" m="26624" /><DORA hai="125" /><T95/><D46/><U87/><E6/><V23/><F23/><AGARI ba="0,1" hai="3,4,8,23,24,29,49,50,51,60,62,93,96,101" machi="23" ten="40,2600,0" yaku="1,1,53,1" doraHai="135,125" doraHaiUra="1,28" who="3" fromWho="2" sc="311,0,209,0,265,-26,205,36" /><INIT seed="5,0,0,5,3,119" ten="311,209,239,241" oya="1" hai0="94,0,90,105,63,34,127,32,54,131,25,55,83" hai1="35,60,68,52,2,28,6,64,15,75,80,40,45" hai2="42,70,36,66,84,53,107,69,93,132,103,112,88" hai3="74,13,23,122,72,124,47,113,96,120,87,128,31"/><U79/><E2/><V11/><F132/><W102/><G47/><T1/><D105/><U16/><E6/><V125/><F125/><W81/><G31/><T129/><D127/><U18/><E35/><V118/><F118/><W111/><G23/><T117/><D117/><U51/><E28/><V3/><F53/><W114/><G13/><T106/><D106/><U95/><E95/><V99/><F112/><N who="3" m="43115" /><G124/><T37/><D37/><U85/><E75/><N who="3" m="28714" /><G128/><N who="0" m="49227" /><D83/><U133/><E133/><V33/><F33/><N who="0" m="12906" /><D25/><U123/><E123/><V27/><F27/><W110/><G96/><N who="0" m="57431" /><D55/><U58/><REACH who="1" step="1"/><E15/><REACH who="1" ten="311,199,239,241" step="2"/><V92/><F107/><W108/><G102/><T76/><D0/><U104/><E104/><V134/><F134/><W9/><G9/><T19/><D1/><U91/><E91/><AGARI ba="0,1" hai="81,87,91,108,110,111,120,122" m="28714,43115" machi="91" ten="40,8000,1" yaku="15,1,34,2,52,2" doraHai="119" who="3" fromWho="1" sc="311,0,199,-80,239,0,241,90" /><INIT seed="6,0,0,1,4,131" ten="311,119,239,331" oya="2" hai0="53,108,83,119,7,109,84,67,123,18,64,117,101" hai1="128,72,81,45,98,120,5,20,19,3,10,106,46" hai2="14,2,4,82,29,36,62,9,6,42,91,50,103" hai3="80,70,57,54,110,47,26,22,104,133,41,8,127"/><V27/><F36/><W52/><G110/><N who="0" m="42603" /><D7/><U126/><E128/><V40/><F103/><W89/><G70/><T38/><D18/><U125/><E120/><V74/><F62/><W49/><G104/><T79/><D38/><U31/><E72/><V130/><F130/><W12/><G127/><T71/><D123/><U92/><E106/><V44/><F42/><W107/><G107/><T78/><D71/><U76/><E31/><V15/><F6/><W11/><G133/><T121/><D121/><U96/><E96/><V69/><F69/><W112/><G112/><T132/><D132/><U61/><E61/><V60/><F60/><W39/><G12/><T129/><D129/><U28/><E28/><V59/><F59/><W0/><G0/><T55/><D101/><U48/><E125/><V34/><REACH who="2" step="1"/><F91/><REACH who="2" ten="311,119,229,331" step="2"/><W124/><G124/><T43/><D43/><U65/><E126/><V100/><F100/><W93/><G54/><T1/><D53/><U90/><E65/><V51/><F51/><W73/><G39/><T25/><D55/><U13/><REACH who="1" step="1"/><E48/><REACH who="1" ten="311,109,229,331" step="2"/><V68/><F68/><W21/><G49/><T118/><D64/><U134/><E134/><V24/><F24/><W17/><G26/><T35/><D67/><U111/><E111/><V63/><F63/><W86/><G41/><T135/><D135/><U122/><E122/><V102/><F102/><W75/><G52/><T113/><D25/><U32/><E32/><V58/><F58/><W114/><G57/><T115/><D35/><U16/><E16/><V37/><F37/><W66/><G17/><T33/><D33/><RYUUKYOKU ba="0,2" sc="311,-15,109,15,229,15,331,-15" hai1="3,5,10,13,19,20,45,46,76,81,90,92,98" hai2="2,4,9,14,15,27,29,34,40,44,50,74,82" /><INIT seed="6,1,2,3,2,19" ten="296,124,244,316" oya="2" hai0="77,82,18,26,81,78,111,91,25,66,104,126,75" hai1="57,23,2,97,5,12,90,62,125,88,119,49,70" hai2="127,94,99,101,105,109,64,46,118,36,11,41,87" hai3="117,134,16,113,45,14,7,108,122,24,128,107,135"/><V79/><F118/><W28/><G107/><T1/><D111/><U10/><E119/><V20/><F109/><W35/><G117/><T63/><D126/><U121/><E125/><V73/><F127/><W40/><G108/><T110/><D110/><U67/><E121/><V56/><F11/><W43/><G122/><T93/><D104/><U53/><E97/><V68/><F68/><W83/><G128/><T86/><D1/><U89/><E2/><V76/><F73/><W74/><G7/><T59/><REACH who="0" step="1"/><D18/><REACH who="0" ten="286,124,244,316" step="2"/><U30/><E30/><V6/><F6/><W132/><G113/><T96/><AGARI ba="1,3" hai="25,26,59,63,66,75,77,78,81,82,86,91,93,96" machi="96" ten="20,5200,0" yaku="1,1,2,1,0,1,7,1,53,0" doraHai="19" doraHaiUra="39" who="0" fromWho="0" sc="286,85,124,-14,244,-27,316,-14" /><INIT seed="7,0,0,1,3,105" ten="371,110,217,302" oya="3" hai0="100,35,74,124,76,129,116,122,113,80,23,92,125" hai1="104,54,135,102,78,18,96,58,22,133,88,51,0" hai2="46,44,132,39,24,36,8,97,40,15,77,43,118" hai3="21,111,56,61,55,101,47,89,50,98,127,75,112"/><W90/><G112/><T71/><D71/><U81/><E0/><V10/><F118/><W5/><G127/><N who="0" m="48715" /><D35/><U17/><E133/><V7/><F132/><W9/><G21/><T26/><D122/><U29/><E135/><V48/><F97/><W27/><G27/><T11/><D113/><U64/><E64/><V45/><F24/><W131/><G131/><T115/><D115/><U33/><E33/><V103/><F103/><W53/><G75/><T130/><D11/><U38/><E38/><V57/><F77/><W110/><G110/><T69/><D69/><U52/><E29/><V67/><F10/><W93/><REACH who="3" step="1"/><G111/><REACH who="3" ten="371,110,217,292" step="2"/><T37/><D116/><U109/><E22/><V107/><F39/><W25/><G25/><T82/><D37/><U72/><E109/><V86/><F36/><W1/><AGARI ba="0,1" hai="1,5,9,47,50,53,55,56,61,89,90,93,98,101" machi="1" ten="20,7800,0" yaku="1,1,0,1,7,1,53,1" doraHai="105" doraHaiUra="41" who="3" fromWho="3" sc="371,-26,110,-26,217,-26,292,88" owari="345,15.0,84,-42.0,191,-21.0,380,48.0" /></mjloggm>