<mjloggm ver="2.3"><GO type="41" lobby="0"/><UN n0="%74%6B%73%31%32%31%31%37" n1="%73%75%70%65%72%6D%61%6E" n2="%E2%93%9D%53%75%70%68%78" n3="%E3%81%BB%E3%81%8D" dan="14,14,17,14" rate="1923.95,1967.08,2059.60,1941.72" sx="M,M,M,M"/><TAIKYOKU oya="0"/><INIT seed="0,0,0,0,5,91" ten="250,250,250,250" oya="0" hai0="25,56,95,12,82,102,55,124,93,16,9,28,99" hai1="108,0,96,51,15,126,19,6,35,67,85,70,2" hai2="123,65,98,134,116,45,129,131,5,118,63,73,30" hai3="33,52,97,90,80,46,18,37,83,22,106,92,13"/><T84/><D124/><U14/><E35/><V79/><F5/><W58/><G33/><T115/><D115/><U125/><E108/><V39/><F30/><W81/><G106/><T111/><D111/><U62/><E96/><V120/><F79/><W112/><G112/><T68/><D68/><U49/><E85/><V110/><F73/><W36/><REACH who="3" step="1"/><G46/><REACH who="3" ten="250,250,250,240" step="2"/><T8/><D8/><U113/><E113/><V4/><F110/><W119/><G119/><T50/><D82/><U107/><E107/><V7/><F118/><W76/><G76/><T41/><D41/><U117/><E117/><V23/><F116/><W26/><G26/><T109/><D109/><U122/><E125/><V69/><F123/><W34/><G34/><T71/><D71/><U132/><E122/><V48/><F120/><W121/><G121/><T64/><D64/><U89/><E67/><V86/><F65/><W60/><AGARI ba="0,1" hai="13,18,22,36,37,52,58,60,80,81,83,90,92,97" machi="60" ten="30,8000,1" yaku="1,1,0,1,52,1,54,1,53,1" doraHai="91" doraHaiUra="10" who="3" fromWho="3" sc="250,-40,250,-20,250,-20,240,90" /><INIT seed="1,0,0,3,4,0" ten="210,230,230,330" oya="1" hai0="21,44,90,105,12,125,4,80,53,49,55,107,46" hai1="92,91,108,59,63,35,124,73,104,76,109,51,65" hai2="23,118,87,13,29,129,101,94,103,37,72,86,130" hai3="96,127,61,20,10,132,131,62,78,98,120,40,54"/><U57/><E35/><V100/><F37/><W112/><G120/><T24/><D125/><U7/><E104/><V133/><F29/><W16/><G112/><T126/><D126/><U70/><E124/><V106/><F23/><W68/><G127/><T36/><D36/><U9/><E73/><V67/><F13/><W3/><G132/><T1/><D1/><U38/><E76/><V33/><F67/><W19/><G78/><T89/><D107/><U95/><E38/><V66/><F66/><W34/><G34/><T119/><D119/><U39/><E39/><V113/><F33/><W22/><G68/><T43/><D105/><U74/><E74/><V116/><F106/><W117/><G117/><N who="2" m="45161" /><F72/><W110/><G110/><N who="1" m="42602" /><E51/><V2/><F2/><W31/><G31/><T8/><D80/><U128/><E128/><N who="2" m="49259" /><F113/><W115/><G115/><T71/><D71/><U50/><E50/><V47/><F47/><W17/><G40/><T88/><D44/><U102/><E102/><N who="2" m="38923" /><F133/><W85/><G131/><T28/><AGARI ba="0,0" hai="4,8,12,21,24,28,43,46,49,53,55,88,89,90" machi="28" ten="30,7900,0" yaku="0,1,8,1,52,1,54,1" doraHai="0" who="0" fromWho="0" sc="210,79,230,-39,230,-20,330,-20" /><INIT seed="2,0,0,3,3,71" ten="289,191,210,310" oya="2" hai0="61,128,5,129,48,69,115,7,19,12,23,75,97" hai1="106,91,132,84,85,54,125,43,35,103,24,10,82" hai2="44,130,37,107,99,46,2,31,121,86,116,14,45" hai3="65,78,90,96,6,77,117,15,41,26,21,124,50"/><V13/><F116/><W17/><G117/><T30/><D75/><U53/><E125/><V9/><F121/><W58/><G124/><T1/><D115/><U28/><E43/><V111/><F130/><W59/><G41/><T120/><D30/><U74/><E132/><V11/><F2/><W98/><G50/><T55/><D120/><U114/><E74/><V94/><F107/><W105/><G105/><T72/><D97/><U109/><E114/><V119/><F119/><W104/><G104/><T3/><D72/><U113/><E113/><V39/><F31/><W33/><G33/><T22/><D61/><U70/><E70/><V133/><F86/><W16/><G6/><T83/><D83/><U8/><E103/><V79/><F79/><N who="3" m="30219" /><G90/><T81/><D81/><U108/><E106/><V126/><F133/><W0/><G0/><T47/><D69/><U4/><E84/><V102/><F111/><N who="1" m="42569" /><E8/><V135/><F126/><W100/><G100/><T52/><D55/><U27/><E24/><V123/><F123/><W88/><G65/><T40/><D40/><U56/><E56/><N who="3" m="21546" /><G88/><T32/><D32/><U68/><E68/><V76/><F76/><W112/><G112/><T134/><D134/><U89/><E91/><V62/><F135/><W63/><G63/><T118/><D118/><U34/><E35/><V42/><F62/><W110/><G110/><T60/><D60/><U36/><E36/><N who="2" m="13899" /><F42/><W29/><G29/><T67/><D129/><U73/><E73/><V127/><F127/><W122/><G122/><T18/><D128/><U131/><E131/><V87/><F87/><RYUUKYOKU ba="0,0" sc="289,-30,191,10,210,10,310,10" hai1="4,10,27,28,34,53,54,82,85,89" hai2="9,11,13,14,44,45,46,94,99,102" hai3="15,16,17,21,26,96,98" /><INIT seed="2,1,0,2,3,80" ten="259,201,220,320" oya="2" hai0="41,6,36,87,51,16,43,1,97,90,132,44,60" hai1="84,3,133,74,100,22,47,92,81,96,5,59,42" hai2="135,134,67,83,86,98,11,122,127,110,125,95,69" hai3="24,9,106,76,99,82,121,130,65,7,79,12,117"/><V2/><F67/><W23/><G117/><T31/><D31/><U54/><E74/><V56/><F69/><W19/><G121/><T101/><D6/><U107/><E133/><N who="2" m="50699" /><F56/><W48/><G65/><T32/><D1/><U104/><E22/><V64/><F64/><W10/><G130/><T73/><D32/><U35/><E35/><V109/><F11/><W116/><G116/><T52/><D73/><U120/><E120/><V131/><F2/><W71/><G71/><T103/><D132/><U33/><E33/><V126/><F122/><W13/><G106/><T112/><D112/><U119/><E119/><V37/><F37/><W29/><G99/><T8/><D60/><U66/><E66/><V77/><F131/><W70/><G70/><T58/><D97/><U27/><E27/><V21/><F21/><W39/><G39/><T88/><D43/><U20/><E20/><V68/><F68/><W89/><G48/><T46/><D58/><U94/><E5/><V85/><F85/><AGARI ba="1,0" hai="7,9,10,12,13,19,23,24,29,76,79,82,85,89" machi="85" ten="40,2600,0" yaku="8,1,52,1" doraHai="80" who="3" fromWho="2" sc="259,0,201,0,220,-29,320,29" /><INIT seed="3,0,0,4,5,49" ten="259,201,191,349" oya="3" hai0="125,74,21,47,129,107,119,61,33,5,57,7,90" hai1="44,112,53,91,50,85,52,118,110,51,87,124,84" hai2="13,20,126,19,132,127,12,133,67,104,45,94,2" hai3="134,72,97,114,39,40,28,100,98,102,75,68,76"/><W22/><G68/><T70/><D33/><U120/><E120/><V34/><F104/><W117/><G39/><T109/><D119/><U14/><E112/><V37/><F67/><W79/><G40/><T30/><D70/><U17/><E118/><V71/><F94/><W27/><G117/><T26/><D74/><U3/><E3/><V131/><F45/><W36/><G36/><T99/><D107/><U108/><E124/><N who="2" m="47659" /><F71/><W95/><G114/><T69/><D69/><U54/><E91/><V38/><F38/><W123/><G123/><T60/><D109/><N who="1" m="42091" /><E50/><V88/><F88/><W1/><G1/><T106/><D129/><U15/><E14/><V135/><F37/><W31/><G134/><T128/><D128/><U115/><E115/><V23/><F2/><W11/><G11/><AGARI ba="0,0" hai="11,15,17,44,51,52,53,54,84,85,87" m="42091" machi="11" ten="30,8000,1" yaku="14,1,52,3,54,1" doraHai="49" who="1" fromWho="3" sc="259,0,201,80,191,0,349,-80" /><INIT seed="4,0,0,5,4,28" ten="259,281,191,269" oya="0" hai0="72,52,82,21,47,54,44,13,102,25,75,12,17" hai1="134,46,7,16,49,51,24,8,122,119,77,6,42" hai2="126,117,71,34,91,69,4,67,58,14,36,114,115" hai3="129,118,79,105,84,92,131,50,37,100,73,86,89"/><T103/><D25/><U11/><E122/><V120/><F120/><W135/><G118/><T35/><D35/><U18/><E119/><V15/><F117/><W85/><G37/><T43/><D82/><U20/><E134/><V10/><F36/><W53/><G53/><T124/><D124/><U98/><E77/><V65/><F58/><W19/><G19/><T128/><D128/><N who="3" m="49225" /><G135/><T26/><D26/><U27/><E98/><V110/><F110/><W56/><G56/><T130/><D130/><U9/><E49/><V38/><F38/><W111/><G50/><T0/><D0/><U66/><E66/><V63/><F126/><W116/><G116/><T83/><D83/><U87/><E87/><V57/><F57/><W3/><G3/><T29/><D29/><U81/><E81/><V96/><F15/><W108/><G79/><T113/><D113/><N who="2" m="43018" /><F67/><W121/><G73/><T61/><D61/><U107/><E107/><V30/><F63/><W74/><G74/><T33/><D33/><U78/><E78/><V2/><F2/><W88/><G121/><T55/><D13/><U62/><E62/><N who="2" m="40119" /><F71/><W64/><G64/><T101/><REACH who="0" step="1"/><D47/><REACH who="0" ten="249,281,191,269" step="2"/><U123/><E123/><V41/><F30/><W70/><G70/><T5/><D5/><U22/><AGARI ba="0,1" hai="6,7,8,9,11,16,18,20,22,24,27,42,46,51" machi="22" ten="30,7900,0" yaku="0,1,9,1,8,1,54,1" doraHai="28" who="1" fromWho="1" sc="249,-39,281,89,191,-20,269,-20" /><INIT seed="5,0,0,4,0,97" ten="210,370,171,249" oya="1" hai0="35,9,20,110,5,69,47,103,44,18,66,33,50" hai1="84,62,122,29,56,75,98,128,127,15,14,95,102" hai2="118,7,49,124,28,65,57,1,74,81,32,59,90" hai3="12,94,104,48,25,72,120,42,129,89,67,3,82"/><U109/><E122/><V80/><F118/><W101/><G120/><T37/><D110/><U31/><E75/><V43/><F124/><W45/><G3/><T46/><D37/><U88/><E127/><V111/><F111/><W105/><G67/><T58/><D69/><U40/><E109/><V24/><F7/><W64/><G64/><T83/><D83/><N who="1" m="49183" /><E128/><V132/><F1/><W34/><G129/><T0/><D66/><N who="1" m="39239" /><E40/><V108/><F132/><W53/><G42/><T63/><D63/><U130/><E130/><V106/><F108/><W8/><G105/><T22/><D22/><U19/><E14/><V61/><F74/><W114/><G34/><T52/><REACH who="0" step="1"/><D103/><REACH who="0" ten="200,370,171,249" step="2"/><U51/><E51/><V117/><F49/><W30/><G101/><T11/><D11/><AGARI ba="0,1" hai="11,15,19,29,31,95,98,102" m="39239,49183" machi="11" ten="30,5800,0" yaku="8,1,52,1,54,1" doraHai="97" who="1" fromWho="0" sc="200,-58,370,68,171,0,249,0" /><INIT seed="5,1,0,2,5,118" ten="142,438,171,249" oya="1" hai0="37,39,9,57,77,126,55,35,79,66,96,97,21" hai1="95,91,60,133,20,22,71,104,102,135,72,87,11" hai2="125,67,81,110,3,30,62,131,105,13,36,40,49" hai3="124,101,63,98,17,46,29,33,99,120,130,109,123"/><U114/><E72/><V68/><F3/><W25/><G109/><T119/><D35/><U45/><E114/><V116/><F105/><W69/><G130/><T117/><D119/><U48/><E11/><V128/><F30/><W41/><G17/><T89/><D66/><U1/><E1/><V0/><F81/><W27/><G27/><T19/><D117/><U10/><E10/><V70/><F13/><W78/><G78/><T52/><D9/><U7/><E7/><V88/><F88/><W74/><G99/><T50/><D126/><U4/><E4/><V106/><F106/><N who="3" m="63799" /><G74/><T90/><D21/><U92/><E104/><V94/><F0/><W54/><G54/><T121/><D57/><U31/><E31/><V84/><F125/><W38/><G124/><T32/><D32/><U129/><E129/><V80/><F131/><W56/><G56/><T73/><D50/><U132/><E102/><V61/><F116/><W53/><G53/><T122/><D73/><U59/><E92/><V107/><F94/><W64/><AGARI ba="1,0" hai="25,29,33,38,41,46,63,64,69,120,123" m="63799" machi="64" ten="30,7900,0" yaku="25,1,23,1,52,2" doraHai="118" who="3" fromWho="3" sc="142,-21,438,-40,171,-21,249,82" /><INIT seed="6,0,0,5,1,91" ten="121,398,150,331" oya="2" hai0="86,42,17,109,122,32,1,37,82,88,62,60,7" hai1="125,73,92,40,89,79,96,44,84,64,95,75,43" hai2="72,81,28,90,135,23,80,134,38,33,4,131,30" hai3="52,76,124,0,74,39,31,27,41,112,71,13,108"/><V94/><F38/><W2/><G108/><T56/><D109/><U29/><E64/><V9/><F33/><W14/><G112/><T78/><D122/><U133/><E29/><V48/><F131/><W127/><G41/><T22/><D32/><U121/><E121/><V24/><F30/><W83/><G39/><T65/><D37/><U36/><E40/><V104/><F104/><W106/><G31/><T132/><D1/><U25/><E125/><V85/><F48/><W123/><G27/><T70/><D132/><N who="2" m="50730" /><F72/><W99/><G99/><T51/><D7/><U45/><E133/><V26/><F26/><W3/><G106/><T97/><D42/><U98/><E44/><V118/><F118/><W128/><G71/><T34/><D51/><U111/><E111/><V69/><F69/><W115/><G115/><T68/><D34/><U53/><E25/><V11/><F11/><W87/><G74/><T67/><D56/><U47/><E45/><V18/><F28/><W59/><G128/><T114/><D114/><U105/><E105/><V126/><F126/><N who="3" m="48171" /><G123/><T19/><D22/><U16/><E73/><V57/><F57/><W107/><G107/><T54/><D54/><U103/><E75/><V46/><F46/><W129/><G129/><T101/><D78/><U21/><E53/><V66/><F66/><W93/><G59/><T110/><D110/><U58/><E58/><V50/><F50/><W130/><G52/><T35/><D35/><U5/><E36/><V8/><F8/><W63/><G130/><T61/><D61/><U49/><E43/><V116/><F116/><RYUUKYOKU ba="0,0" sc="121,15,398,-15,150,15,331,-15" hai0="17,19,60,62,65,67,68,70,82,86,88,97,101" hai2="4,9,18,23,24,80,81,85,90,94" /><INIT seed="6,1,0,0,0,47" ten="136,383,165,316" oya="2" hai0="133,24,33,37,36,26,11,52,17,135,9,86,61" hai1="126,110,105,30,74,89,62,87,15,50,75,88,55" hai2="12,46,69,2,113,8,68,16,118,28,64,115,80" hai3="85,60,13,122,25,70,99,53,100,18,77,5,35"/><V6/><F118/><W92/><G122/><T42/><D86/><U116/><E110/><V22/><F64/><W119/><G5/><T23/><D42/><U10/><E105/><V58/><F58/><W131/><G131/><T114/><D114/><N who="2" m="43530" /><F28/><W98/><G119/><T107/><D107/><U127/><E116/><V0/><F80/><W73/><G73/><T76/><D76/><U123/><E30/><V34/><F34/><W21/><G35/><T29/><D11/><U117/><E62/><V124/><F124/><N who="1" m="47657" /><E123/><V111/><F111/><W83/><G70/><N who="2" m="27241" /><F46/><W45/><G99/><T84/><D84/><U104/><E104/><V63/><F63/><W96/><G96/><T71/><D9/><U132/><E132/><N who="0" m="50761" /><D71/><U130/><E130/><V106/><F106/><W128/><G128/><T112/><D112/><U31/><E31/><V121/><F121/><W27/><REACH who="3" step="1"/><G60/><REACH who="3" ten="136,383,165,306" step="2"/><T32/><D32/><U79/><E117/><V56/><F56/><AGARI ba="1,1" hai="17,23,24,26,29,33,36,37,52,56,61" m="50761" machi="56" ten="30,2000,0" yaku="20,1,54,1" doraHai="47" who="0" fromWho="2" sc="136,33,383,0,165,-23,306,0" /><INIT seed="7,0,0,2,3,14" ten="169,383,142,306" oya="3" hai0="129,30,50,22,51,89,19,131,84,52,126,56,112" hai1="70,41,45,108,63,29,38,116,7,71,90,106,31" hai2="62,109,92,102,104,46,114,79,86,98,27,132,20" hai3="100,75,35,120,21,74,77,42,119,68,88,26,133"/><W101/><G120/><T107/><D107/><U122/><E106/><V76/><F109/><W53/><G119/><T39/><D39/><U82/><E122/><V123/><F123/><W54/><G68/><T40/><D126/><U66/><E108/><V128/><F114/><W57/><G35/><T17/><D112/><U124/><E116/><V10/><F128/><W58/><G74/><T135/><D135/><U33/><E124/><V91/><F132/><W4/><G133/><T13/><D30/><U28/><E33/><V36/><F10/><W118/><G118/><T59/><D17/><U83/><E70/><V115/><F115/><W3/><G3/><T37/><D37/><U87/><REACH who="1" step="1"/><E7/><REACH who="1" ten="169,373,142,306" step="2"/><V25/><F25/><W65/><G4/><T80/><REACH who="0" step="1"/><D40/><REACH who="0" ten="159,373,142,306" step="2"/><U64/><E64/><V5/><F5/><W18/><G42/><T81/><D81/><AGARI ba="0,2" hai="28,29,31,38,41,45,63,66,71,81,82,83,87,90" machi="81" ten="40,1300,0" yaku="1,1,53,0" doraHai="14" doraHaiUra="47" who="1" fromWho="0" sc="159,-13,373,33,142,0,306,0" owari="146,-25.0,406,50.0,142,-36.0,306,11.0" /></mjloggm>