<mjloggm ver="2.3"><GO type="41" lobby="0"/><UN n0="%79%75%6B%69" n1="%EF%BD%87%EF%BD%87%EF%BC%99%EF%BC%99%EF%BC%99%EF%BC%99" n2="%E7%88%86%E5%B2%A1%E5%84%AA%E4%BA%BA" n3="%E2%93%9D%53%75%70%68%78" dan="14,13,15,17" rate="1840.02,1845.95,1988.71,2059.37" sx="M,M,M,M"/><TAIKYOKU oya="0"/><INIT seed="0,0,0,1,4,71" ten="250,250,250,250" oya="0" hai0="28,2,118,82,89,32,83,59,7,102,27,39,8" hai1="12,10,56,58,105,107,57,116,91,101,63,87,6" hai2="72,90,53,19,61,4,103,35,20,5,14,117,134" hai3="49,112,26,43,24,120,114,62,17,76,66,44,96"/><T75/><D118/><U65/><E116/><V31/><F117/><W130/><G130/><T42/><D102/><U115/><E115/><V132/><F72/><W129/><G129/><T73/><D59/><U50/><E50/><V1/><F103/><W127/><G127/><T100/><D100/><U55/><E55/><V99/><F5/><W78/><G120/><T3/><D3/><U88/><E91/><V135/><F61/><W0/><G0/><T51/><D51/><U108/><E101/><V15/><F15/><W131/><G131/><T37/><D83/><U81/><REACH who="1" step="1"/><E108/><REACH who="1" ten="250,240,250,250" step="2"/><V29/><F53/><W21/><G114/><T30/><D89/><U86/><E86/><V126/><F90/><W36/><G112/><T16/><D73/><U46/><E46/><V74/><F74/><W95/><G49/><T33/><D42/><U70/><AGARI ba="0,1" hai="6,10,12,56,57,58,63,65,70,81,87,88,105,107" machi="70" ten="30,4000,0" yaku="1,1,0,1,54,1,53,0" doraHai="71" doraHaiUra="48" who="1" fromWho="1" sc="250,-20,240,50,250,-10,250,-10" /><INIT seed="1,0,0,1,5,113" ten="230,290,240,240" oya="1" hai0="15,121,135,10,23,126,128,30,55,17,83,104,112" hai1="32,50,70,34,36,66,106,95,1,105,24,52,111" hai2="119,72,123,40,91,43,13,31,21,48,0,27,75" hai3="26,92,33,115,80,49,76,85,74,69,61,65,120"/><U84/><E36/><V7/><F123/><W71/><G115/><T58/><D121/><U88/><E1/><V38/><F38/><W68/><G120/><T97/><D112/><U45/><E111/><V87/><F0/><W117/><G49/><T101/><D135/><U54/><E70/><V89/><F89/><W5/><G5/><T109/><D128/><U16/><E66/><V57/><F75/><W129/><G129/><T132/><D132/><U98/><E54/><V44/><F72/><W9/><G9/><T90/><D126/><U64/><E64/><V77/><F77/><W102/><G117/><T39/><D39/><U59/><E45/><V22/><F119/><W46/><G46/><T19/><D83/><U8/><E98/><V103/><F103/><W78/><G78/><T67/><D67/><U127/><E127/><V25/><F57/><W116/><G116/><T3/><D90/><U62/><E50/><V94/><F13/><W99/><G74/><T6/><D19/><U35/><REACH who="1" step="1"/><E24/><REACH who="1" ten="230,280,240,240" step="2"/><V29/><REACH who="2" step="1"/><F7/><REACH who="2" ten="230,280,230,240" step="2"/><W73/><G71/><T124/><D124/><U51/><E51/><V47/><F47/><W79/><G69/><T82/><D109/><U42/><E42/><AGARI ba="0,2" hai="21,22,25,27,29,31,40,42,43,44,48,87,91,94" machi="42" ten="30,7700,0" yaku="1,1,7,1,9,1,8,1,53,0" doraHai="113" doraHaiUra="28" who="2" fromWho="1" sc="230,0,280,-77,230,97,240,0" /><INIT seed="2,0,0,2,4,76" ten="230,203,327,240" oya="2" hai0="135,114,39,103,87,106,4,79,74,43,46,85,99" hai1="34,132,117,35,115,11,13,77,121,17,92,28,71" hai2="94,57,105,130,62,90,58,63,2,107,119,14,3" hai3="9,108,97,127,42,111,47,75,26,65,89,81,98"/><V37/><F119/><W70/><G127/><T124/><D124/><U56/><E71/><V83/><F130/><W100/><G26/><T68/><D68/><U88/><E117/><V40/><F107/><W61/><G9/><T21/><D135/><U104/><E115/><V29/><F105/><W7/><G7/><T66/><D66/><U19/><E104/><V32/><F32/><W0/><G0/><T118/><D118/><U64/><E132/><V10/><F29/><W133/><G100/><T59/><D59/><U16/><E121/><V78/><F37/><W128/><G128/><T102/><D102/><U96/><E77/><V41/><F3/><W73/><G133/><T18/><D4/><U12/><E28/><V31/><F31/><W123/><G123/><T120/><D120/><U113/><E113/><V50/><F50/><W84/><G75/><T49/><D49/><U55/><E64/><V51/><F51/><N who="3" m="27127" /><G73/><T25/><REACH who="0" step="1"/><D114/><REACH who="0" ten="220,203,327,240" step="2"/><U82/><E35/><V112/><F112/><W95/><G70/><T5/><D5/><U45/><E34/><V48/><F48/><W116/><G116/><T24/><D24/><U60/><E45/><V27/><F27/><W131/><G131/><T86/><D86/><N who="1" m="50263" /><E12/><V38/><F2/><W15/><G15/><T52/><D52/><U134/><E134/><V129/><F129/><W91/><G65/><T126/><D126/><U22/><E11/><V67/><F10/><W20/><G61/><T36/><D36/><U122/><E122/><V125/><F38/><W33/><G33/><T44/><D44/><U69/><E69/><RYUUKYOKU ba="0,1" sc="220,15,203,15,327,-15,240,-15" hai0="18,21,25,39,43,46,74,79,85,87,99,103,106" hai1="13,16,17,19,22,55,56,60,92,96" /><INIT seed="3,1,1,1,1,48" ten="235,218,312,225" oya="3" hai0="120,109,27,134,59,108,35,30,124,54,45,13,76" hai1="83,17,65,100,58,114,132,49,22,40,135,101,128" hai2="67,70,12,133,79,51,105,129,121,123,10,3,96" hai3="26,5,41,86,63,25,50,6,113,37,72,87,18"/><W93/><G72/><T36/><D120/><N who="2" m="46154" /><F133/><N who="1" m="51273" /><E114/><V89/><F129/><W4/><G37/><T125/><D134/><U91/><E128/><V94/><F3/><W24/><G113/><T33/><D76/><U95/><E83/><V19/><F105/><W11/><G63/><N who="0" m="36343" /><D13/><N who="1" m="9519" /><E40/><V127/><F127/><N who="0" m="48714" /><D45/><U29/><E29/><V122/><F122/><W38/><G38/><T75/><D36/><U90/><E65/><V7/><F79/><W42/><G42/><T39/><D39/><U97/><E90/><V47/><F67/><W31/><G31/><T21/><D75/><U104/><E104/><V71/><F7/><W92/><G41/><AGARI ba="1,1" hai="10,12,19,41,47,51,70,71,89,94,96" m="46154" machi="41" ten="30,1000,0" yaku="13,1" doraHai="48" who="2" fromWho="3" sc="235,0,218,0,312,23,225,-13" /><INIT seed="4,0,0,3,5,69" ten="235,218,335,212" oya="0" hai0="113,36,38,3,0,4,51,14,52,13,93,79,46" hai1="53,77,119,22,81,121,7,133,78,25,27,37,66" hai2="32,130,42,86,19,120,74,39,124,80,116,131,68" hai3="72,111,6,125,2,71,65,49,75,24,26,127,100"/><T18/><D79/><U28/><E121/><V97/><F120/><W126/><G111/><T43/><D113/><U85/><E119/><V59/><F116/><W35/><G49/><T128/><D128/><N who="2" m="49194" /><F124/><W8/><G100/><T94/><D0/><U76/><E133/><V95/><F68/><W135/><G135/><T98/><D3/><U34/><E7/><V56/><F32/><W12/><G12/><T11/><D94/><U104/><E104/><V47/><F19/><W17/><G17/><T90/><D43/><U105/><E105/><V60/><F60/><N who="3" m="40359" /><G26/><T57/><D46/><U92/><E66/><V134/><F74/><W123/><G123/><T110/><D110/><U54/><E37/><V108/><F108/><W41/><G41/><T29/><D29/><AGARI ba="0,0" hai="2,6,8,24,29,35,72,75,125,126,127" m="40359" machi="29" ten="30,2000,0" yaku="18,1,23,1" doraHai="69" who="3" fromWho="0" sc="235,-20,218,0,335,0,212,20" /><INIT seed="5,0,0,2,5,95" ten="215,218,335,232" oya="1" hai0="93,118,20,102,32,15,5,99,68,134,41,64,82" hai1="87,35,96,1,72,25,117,30,126,18,135,39,53" hai2="86,63,74,31,120,23,113,33,29,11,67,66,34" hai3="12,115,105,104,19,58,128,6,27,122,45,90,101"/><U70/><E117/><V43/><F120/><W17/><G122/><T60/><D118/><U108/><E126/><V24/><F74/><W98/><G128/><T119/><D119/><U111/><E72/><V77/><F113/><W52/><G115/><T131/><D131/><U3/><E39/><V62/><F43/><W121/><G121/><T85/><D32/><U9/><E70/><V22/><F11/><W127/><G105/><T100/><D41/><U89/><E53/><V46/><F46/><W51/><G127/><T132/><D102/><U42/><E42/><V133/><F133/><W78/><G78/><T125/><D125/><U57/><E135/><V81/><F31/><W88/><G6/><T10/><REACH who="0" step="1"/><D20/><REACH who="0" ten="205,218,335,232" step="2"/><U48/><E9/><V4/><F23/><N who="3" m="13807" /><G104/><T109/><D109/><U71/><E108/><V28/><F33/><W0/><G101/><T94/><D94/><U80/><E111/><V107/><F107/><W92/><G0/><T21/><D21/><U26/><E1/><V130/><F22/><N who="3" m="11623" /><G90/><AGARI ba="0,1" hai="5,10,15,60,64,68,82,85,90,93,99,100,132,134" machi="90" ten="40,2600,0" yaku="1,1,52,1,53,0" doraHai="95" doraHaiUra="14" who="0" fromWho="3" sc="205,36,218,0,335,0,232,-26" /><INIT seed="6,0,0,2,1,131" ten="241,218,335,206" oya="2" hai0="34,68,16,108,53,75,130,30,98,52,67,3,37" hai1="51,119,39,31,110,95,132,41,66,1,40,84,120" hai2="97,82,35,11,45,92,49,125,58,126,79,94,91" hai3="134,63,99,87,56,74,61,90,50,59,127,89,60"/><V4/><F35/><W19/><G74/><T80/><D3/><U100/><E110/><V109/><F109/><W106/><G127/><T69/><D37/><U121/><E1/><V24/><F24/><W104/><G50/><T5/><D108/><U135/><E31/><V81/><F58/><W57/><G19/><T78/><D130/><U2/><E2/><V13/><F94/><W0/><G0/><T101/><D5/><U96/><E119/><V113/><F113/><W111/><G111/><T72/><D72/><U29/><E29/><V6/><F6/><W17/><G17/><T88/><D67/><U86/><E39/><V14/><F14/><W20/><G20/><T28/><D68/><U85/><E66/><V44/><F44/><W102/><G106/><T118/><D69/><U7/><E7/><V115/><F115/><W65/><G65/><T64/><D64/><U112/><E112/><V10/><F10/><W36/><G36/><T116/><D16/><U18/><E18/><V21/><F21/><W114/><G114/><T77/><D77/><U15/><E15/><V25/><F25/><W107/><G107/><N who="0" m="63927" /><D88/><U12/><E12/><V55/><F79/><W124/><G124/><AGARI ba="0,0" hai="4,11,13,45,49,55,81,82,91,92,97,124,125,126" machi="124" ten="40,2000,0" yaku="18,1" doraHai="131" who="2" fromWho="3" sc="241,0,218,0,335,20,206,-20" /><INIT seed="6,1,0,4,0,73" ten="241,218,355,186" oya="2" hai0="63,48,21,130,36,98,46,51,29,17,126,4,10" hai1="87,9,64,95,117,110,13,125,31,52,7,94,120" hai2="77,16,55,119,101,44,61,28,89,65,67,20,75" hai3="14,35,76,43,68,112,41,47,84,114,100,123,56"/><V37/><F119/><W118/><G35/><T121/><D121/><U59/><E110/><V86/><F101/><W58/><G100/><T106/><D130/><U107/><E117/><V90/><F28/><W11/><G68/><T91/><D126/><U74/><E107/><V135/><F135/><W66/><G123/><T15/><D63/><U24/><E74/><V72/><F72/><W40/><G47/><T93/><D106/><U30/><E125/><V62/><F75/><W1/><G1/><T78/><D29/><U81/><E64/><N who="2" m="24651" /><F37/><W8/><G118/><T102/><D102/><U122/><E122/><V12/><F62/><W82/><G11/><T79/><D51/><N who="1" m="31135" /><E30/><V111/><F111/><W85/><G85/><T108/><D36/><U42/><E42/><V57/><F44/><W22/><G66/><T97/><D97/><U26/><E120/><V116/><F116/><W80/><G80/><AGARI ba="1,0" hai="12,16,20,55,57,61,77,80,86,89,90" m="24651" machi="80" ten="30,5800,0" yaku="8,1,52,1,54,1" doraHai="73" who="2" fromWho="3" sc="241,0,218,0,355,61,186,-61" /><INIT seed="6,2,0,2,0,132" ten="241,218,416,125" oya="2" hai0="90,79,109,101,18,5,135,19,61,29,13,103,80" hai1="96,34,33,114,95,42,131,49,25,67,64,110,115" hai2="7,134,59,43,117,104,97,70,111,30,75,94,133" hai3="58,116,8,56,124,3,74,48,36,35,85,84,107"/><V24/><F117/><W2/><G116/><T93/><D135/><U99/><E110/><V91/><F111/><W121/><G35/><T129/><D129/><U112/><E131/><V105/><F70/><W55/><G107/><T113/><D113/><U60/><E25/><V120/><F120/><W1/><G74/><T66/><D29/><U44/><E64/><V14/><F75/><W125/><G36/><T89/><D5/><U68/><E99/><V37/><F59/><W122/><G8/><T39/><D19/><U82/><E82/><V69/><F69/><W47/><G47/><T83/><D83/><U22/><E22/><V63/><F63/><W41/><G41/><T11/><D90/><AGARI ba="2,0" hai="33,34,42,44,49,60,67,68,90,95,96,112,114,115" machi="90" ten="40,1300,0" yaku="15,1" doraHai="132" who="1" fromWho="0" sc="241,-19,218,19,416,0,125,0" /><INIT seed="7,0,0,2,3,99" ten="222,237,416,125" oya="3" hai0="98,96,94,84,72,30,108,57,61,121,129,109,65" hai1="46,26,75,100,130,127,115,74,43,14,85,27,69" hai2="44,135,70,6,53,133,64,128,62,19,4,37,86" hai3="92,126,42,13,0,124,31,116,104,25,132,55,23"/><W1/><G104/><T88/><D121/><U79/><E69/><V89/><F128/><W118/><G42/><T48/><D72/><U117/><E117/><N who="3" m="45162" /><G92/><T41/><D30/><U49/><E115/><V66/><F66/><W95/><G95/><T73/><D73/><U105/><E127/><N who="3" m="48682" /><G55/><T68/><D129/><U36/><E130/><V12/><F53/><W87/><G87/><T71/><D71/><U22/><E85/><V78/><F78/><W16/><G132/><N who="2" m="50761" /><F44/><W33/><AGARI ba="0,0" hai="0,1,13,16,23,25,31,33" m="48682,45162" machi="33" ten="30,11700,0" yaku="18,1,34,2,54,1" doraHai="99" who="3" fromWho="3" sc="222,-39,237,-39,416,-39,125,117" /><INIT seed="7,1,0,2,2,61" ten="183,198,377,242" oya="3" hai0="73,23,26,67,29,54,78,125,21,17,71,60,72" hai1="74,47,42,89,69,92,59,22,52,55,12,50,82" hai2="124,102,80,115,64,32,84,9,2,104,34,5,56" hai3="87,86,134,101,107,133,76,16,90,0,135,6,44"/><W66/><G76/><T97/><D125/><U63/><E69/><V43/><F124/><W99/><G44/><T91/><D54/><U131/><E131/><V121/><F115/><W31/><G31/><T129/><D129/><U100/><E100/><V111/><F111/><W40/><G40/><T106/><D78/><U95/><E74/><V13/><F2/><W62/><G16/><T57/><D57/><U38/><E82/><V118/><F118/><W20/><G20/><T117/><D117/><U127/><E127/><V58/><F121/><W98/><G6/><T128/><D128/><U4/><E4/><V109/><F109/><W68/><G0/><T14/><REACH who="0" step="1"/><D91/><REACH who="0" ten="173,198,377,242" step="2"/><U75/><E89/><V132/><F58/><W1/><G90/><T27/><D27/><U114/><E114/><V48/><F56/><W53/><G53/><T113/><D113/><U49/><E75/><V70/><F70/><W7/><G68/><T103/><AGARI ba="1,1" hai="14,17,21,23,26,29,60,67,71,72,73,97,103,106" machi="103" ten="30,4000,0" yaku="1,1,0,1,52,1,53,0" doraHai="61" doraHaiUra="108" who="0" fromWho="0" sc="173,53,198,-11,377,-11,242,-21" owari="226,3.0,187,-31.0,366,46.0,221,-18.0" /></mjloggm>