<mjloggm ver="2.3"><GO type="41" lobby="0"/><UN n0="%E3%82%84%E3%81%A3%E3%81%95%E3%82%93%E9%98%AA%E7%A5%9E" n1="%62%6C%6F%77%69%6E" n2="%E2%93%9D%53%75%70%68%78" n3="%E7%A9%B4%E4%BA%95%E5%A4%95%E5%AD%90%EF%BC%81" dan="15,14,18,13" rate="2020.46,1972.54,2123.66,1822.66" sx="M,M,M,M"/><TAIKYOKU oya="0"/><INIT seed="0,0,0,4,5,12" ten="250,250,250,250" oya="0" hai0="105,7,45,80,65,27,24,78,59,26,94,98,96" hai1="11,135,87,37,72,17,92,84,122,128,107,115,82" hai2="55,44,53,118,101,106,111,62,89,131,97,75,8" hai3="127,35,77,43,52,15,58,125,4,60,38,74,83"/><T69/><D7/><U40/><E122/><V61/><F75/><W132/><G35/><T85/><D105/><U47/><E107/><V88/><F111/><W34/><G34/><T102/><D69/><U28/><E135/><V113/><F131/><W5/><G132/><T6/><D6/><U31/><E128/><V33/><F33/><W73/><G74/><T19/><D45/><U64/><E115/><V71/><F113/><W20/><G43/><T121/><D98/><U117/><E117/><V103/><F8/><W130/><G38/><T86/><D86/><U30/><E64/><V57/><F118/><W0/><G0/><T66/><D121/><U70/><E70/><V39/><F103/><W51/><G130/><T100/><D100/><U81/><E92/><V23/><F23/><W21/><G51/><T104/><D104/><U109/><E109/><V114/><F114/><W16/><G21/><N who="0" m="13375" /><D66/><U32/><E32/><V116/><F116/><W67/><G67/><T123/><D123/><U124/><E124/><AGARI ba="0,0" hai="4,5,15,16,20,52,58,60,73,77,83,124,125,127" machi="124" ten="40,8000,1" yaku="18,1,52,1,54,2" doraHai="12" who="3" fromWho="1" sc="250,0,250,-80,250,0,250,80" /><INIT seed="1,0,0,1,5,108" ten="250,170,250,330" oya="1" hai0="21,24,29,105,74,17,77,48,89,92,80,38,20" hai1="116,128,30,91,112,46,130,126,33,15,119,41,47" hai2="96,39,83,98,97,95,109,111,43,107,18,103,59" hai3="135,58,71,19,104,75,120,81,134,102,131,69,12"/><U35/><E126/><V9/><F59/><W22/><G120/><T14/><D38/><U6/><E91/><V123/><F43/><W27/><G131/><N who="1" m="50218" /><E112/><V63/><F63/><W93/><G104/><T76/><D105/><U53/><E53/><V3/><F18/><W8/><G58/><T34/><D34/><N who="1" m="12811" /><E30/><V56/><F123/><W1/><G1/><T127/><D127/><U124/><E124/><V5/><F98/><W110/><G110/><T45/><D80/><U37/><E46/><V122/><F122/><W106/><G106/><T28/><D28/><U121/><E121/><V114/><F111/><W101/><G102/><T125/><D125/><U16/><E6/><V10/><F109/><W79/><G93/><T26/><D74/><U64/><E64/><V2/><F95/><W23/><G101/><T73/><D73/><U55/><E55/><V61/><F103/><W40/><G40/><T132/><D132/><N who="3" m="50729" /><G23/><AGARI ba="0,0" hai="15,16,23,37,41,47,116,119" m="12811,50218" machi="23" ten="30,2900,0" yaku="19,1,54,1" doraHai="108" who="1" fromWho="3" sc="250,0,170,29,250,0,330,-29" /><INIT seed="1,1,0,1,1,25" ten="250,199,250,301" oya="1" hai0="65,111,87,33,114,126,108,3,113,78,35,73,68" hai1="60,71,129,103,105,85,123,5,58,96,26,10,118" hai2="27,34,28,70,51,53,117,40,72,122,100,80,22" hai3="13,69,88,120,112,17,99,74,42,8,36,107,119"/><U2/><E118/><V47/><F122/><W116/><G120/><T115/><D87/><U32/><E123/><V92/><F117/><N who="3" m="45131" /><G74/><T82/><D3/><U66/><E129/><V125/><F125/><W52/><G112/><T91/><D91/><U62/><E85/><V1/><F1/><W57/><G69/><T93/><D93/><U31/><REACH who="1" step="1"/><E62/><REACH who="1" ten="250,189,250,301" step="2"/><V109/><F72/><W97/><G97/><T59/><D126/><U54/><E54/><V44/><F53/><W102/><G42/><T124/><D124/><U55/><E55/><V12/><F40/><W84/><G36/><T48/><D48/><U15/><E15/><V130/><F12/><W14/><G14/><T19/><D59/><AGARI ba="1,1" hai="2,5,10,26,31,32,58,59,60,66,71,96,103,105" machi="59" ten="40,12000,1" yaku="1,1,25,2,52,1,53,0" doraHai="25" doraHaiUra="76" who="1" fromWho="0" sc="250,-123,189,133,250,0,301,0" /><INIT seed="1,2,0,3,1,21" ten="127,322,250,301" oya="1" hai0="109,106,119,65,15,19,78,90,87,97,114,121,93" hai1="40,92,20,101,48,58,68,128,130,46,131,111,66" hai2="30,56,123,100,73,89,47,118,77,99,18,7,45" hai3="6,13,70,135,2,31,49,67,39,16,44,132,25"/><U110/><E20/><V133/><F118/><W60/><G39/><T0/><D0/><U129/><N who="1" m="32768" /><DORA hai="55" /><U38/><E92/><V84/><F123/><W27/><G6/><T24/><D119/><U32/><E101/><V61/><F7/><W17/><G2/><T29/><D114/><U54/><REACH who="1" step="1"/><E32/><REACH who="1" ten="127,312,250,301" step="2"/><V41/><F100/><W86/><G135/><T64/><D121/><U105/><E105/><V51/><F133/><W81/><G132/><T8/><D106/><U12/><E12/><V10/><F99/><W102/><G102/><T82/><REACH who="0" step="1"/><D109/><REACH who="0" ten="117,312,250,301" step="2"/><U125/><E125/><V23/><F23/><AGARI ba="2,2" hai="8,15,19,23,24,29,64,65,78,82,87,90,93,97" machi="23" ten="30,8000,1" yaku="1,1,2,1,7,1,8,1,52,1,53,0" doraHai="21,55" doraHaiUra="96,127" who="0" fromWho="2" sc="117,106,312,0,250,-86,301,0" /><INIT seed="2,0,0,3,0,42" ten="223,312,164,301" oya="2" hai0="24,74,38,88,27,94,43,1,131,59,113,129,120" hai1="103,62,11,69,32,96,128,75,81,133,104,10,39" hai2="17,22,116,102,84,124,25,49,90,55,78,66,45" hai3="20,60,122,117,44,37,92,95,30,72,4,97,82"/><V6/><F124/><W105/><G122/><T57/><D1/><U33/><E39/><V7/><F116/><W51/><G117/><T61/><D74/><U108/><E108/><V76/><F102/><W54/><G105/><T34/><D120/><U110/><E110/><V71/><F71/><W135/><G135/><T26/><D113/><U125/><E133/><V58/><F66/><W18/><G37/><T53/><D34/><U118/><E118/><V119/><F119/><W85/><G72/><T13/><D13/><U52/><E125/><V29/><F29/><W3/><G30/><T48/><D38/><U14/><E128/><V28/><F28/><W56/><G3/><T99/><REACH who="0" step="1"/><D43/><REACH who="0" ten="213,312,164,301" step="2"/><U86/><E75/><V16/><F17/><W2/><G2/><T134/><D134/><U121/><E121/><V15/><F7/><W68/><G4/><T114/><D114/><U5/><E33/><V83/><F6/><W109/><G109/><T106/><D106/><U107/><E104/><V0/><F0/><W36/><G36/><T126/><D126/><U12/><E32/><V64/><F15/><W50/><G68/><T130/><D130/><U89/><E69/><V9/><F9/><N who="1" m="3081" /><E5/><V47/><F64/><AGARI ba="0,1" hai="24,26,27,48,53,57,59,61,64,88,94,99,129,131" machi="64" ten="40,5200,0" yaku="1,1,54,1,53,1" doraHai="42" doraHaiUra="93" who="0" fromWho="2" sc="213,62,312,0,164,-52,301,0" /><INIT seed="3,0,0,3,5,80" ten="275,312,112,301" oya="3" hai0="53,62,41,20,73,104,11,98,12,64,57,47,2" hai1="81,59,35,43,28,82,51,131,21,9,65,8,92" hai2="94,118,84,26,105,13,19,134,85,117,102,106,74" hai3="88,89,1,116,66,32,38,68,72,52,25,128,100"/><W110/><G116/><T83/><D20/><U124/><E35/><V30/><F74/><W18/><G1/><T108/><D108/><U39/><E39/><V114/><F114/><W112/><G112/><T6/><D104/><U120/><E120/><V14/><F134/><W95/><G38/><T37/><D98/><U3/><E3/><V22/><F106/><W135/><G72/><T113/><D113/><U31/><E131/><V5/><F105/><W93/><G68/><T4/><D4/><U7/><E124/><V86/><F5/><W111/><G66/><T132/><D132/><U24/><E31/><V16/><F102/><W133/><G100/><T45/><D45/><N who="1" m="26047" /><E92/><V67/><F67/><W125/><G125/><T122/><D12/><N who="1" m="5151" /><E9/><V107/><F107/><W36/><G36/><T17/><D17/><U56/><E59/><V96/><F118/><W15/><G128/><T103/><D103/><U90/><E90/><N who="2" m="55383" /><F117/><W50/><G25/><T109/><D109/><N who="3" m="41481" /><G32/><T127/><D127/><U91/><E91/><N who="3" m="34890" /><G95/><T76/><REACH who="0" step="1"/><D122/><REACH who="0" ten="265,312,112,301" step="2"/><U99/><E99/><V29/><F26/><W77/><G93/><T54/><AGARI ba="0,1" hai="2,6,11,37,41,47,53,54,57,62,64,73,76,83" machi="54" ten="30,8000,1" yaku="1,1,2,1,0,1,25,2,53,0" doraHai="80" doraHaiUra="121" who="0" fromWho="0" sc="265,90,312,-20,112,-20,301,-40" /><INIT seed="4,0,0,4,0,43" ten="355,292,92,261" oya="0" hai0="78,58,48,24,41,95,123,49,99,75,31,21,37" hai1="53,3,35,34,12,10,131,72,81,114,98,6,68" hai2="135,69,104,46,101,121,83,97,0,103,52,5,4" hai3="39,110,74,26,59,25,18,106,122,77,16,126,8"/><T7/><D123/><U94/><E68/><V38/><F121/><W63/><G110/><T111/><D37/><U29/><E131/><V55/><F69/><W73/><G122/><T90/><D75/><U85/><E114/><V125/><F135/><W124/><G106/><T117/><D117/><U79/><E29/><V96/><F125/><N who="3" m="48235" /><G39/><T20/><D78/><U120/><E120/><V66/><F66/><W54/><G77/><T1/><D111/><U109/><E109/><V17/><F17/><N who="3" m="6763" /><G8/><T60/><D41/><U92/><E3/><V30/><F30/><W107/><G107/><T27/><D7/><U115/><E115/><V88/><F0/><W128/><G128/><T119/><D1/><U33/><E72/><AGARI ba="0,0" hai="25,26,54,59,63,72,73,74" m="6763,48235" machi="72" ten="30,2000,0" yaku="18,1,54,1" doraHai="43" who="3" fromWho="1" sc="355,0,292,-20,92,0,261,20" /><INIT seed="5,0,0,3,0,92" ten="355,272,92,281" oya="1" hai0="49,32,129,124,104,20,25,29,105,53,38,96,44" hai1="107,83,24,52,8,66,91,76,81,26,80,9,11" hai2="118,109,28,43,133,126,45,18,12,71,99,125,55" hai3="40,61,90,34,4,30,51,67,120,22,13,89,117"/><U36/><E107/><V10/><F118/><W64/><G120/><T88/><D124/><U54/><E36/><V102/><F109/><W134/><G117/><T59/><D129/><U37/><E37/><V98/><F71/><W84/><G34/><T75/><D75/><U112/><E112/><V97/><F133/><W101/><G134/><T116/><D32/><U114/><E114/><V31/><F55/><N who="1" m="21033" /><E76/><V74/><F74/><W5/><G67/><T87/><D116/><U79/><E79/><V15/><F102/><W86/><G84/><T115/><D115/><U111/><E111/><V0/><F0/><W119/><G119/><T48/><D38/><U94/><E66/><V47/><F15/><W127/><G127/><N who="2" m="48649" /><F47/><W100/><G51/><AGARI ba="0,0" hai="10,12,18,28,31,43,45,51,97,98,99" m="48649" machi="51" ten="30,7700,0" yaku="18,1,52,3" doraHai="92" who="2" fromWho="3" sc="355,0,272,0,92,77,281,-77" /><INIT seed="6,0,0,5,0,47" ten="355,272,169,204" oya="2" hai0="36,53,49,57,44,85,119,131,65,56,73,71,39" hai1="105,43,17,80,15,126,25,42,101,40,61,32,30" hai2="77,13,18,35,21,90,96,66,75,11,5,76,27" hai3="45,68,67,113,107,51,78,95,93,72,74,132,112"/><V33/><F66/><W109/><G109/><T130/><D73/><U86/><E126/><V7/><F75/><W50/><G107/><T31/><D31/><U94/><E105/><V103/><F90/><W97/><G74/><T37/><D85/><U106/><E106/><V9/><F96/><W4/><G78/><T133/><D133/><U34/><E61/><V116/><F103/><W115/><G72/><T117/><D71/><U62/><E62/><V26/><F77/><W38/><G132/><T129/><D65/><U6/><E6/><N who="2" m="2059" /><F76/><W120/><G67/><T104/><REACH who="0" step="1"/><D104/><REACH who="0" ten="345,272,169,204" step="2"/><U29/><E29/><N who="2" m="19639" /><F116/><AGARI ba="0,1" hai="36,37,39,44,49,53,56,57,116,117,119,129,130,131" machi="116" ten="50,12000,2" yaku="1,1,12,1,19,1,34,3,52,1,53,0" doraHai="47" doraHaiUra="63" who="0" fromWho="2" sc="345,130,272,0,169,-120,204,0" /><INIT seed="7,0,0,5,4,13" ten="475,272,49,204" oya="3" hai0="18,56,19,27,97,10,42,113,80,57,112,114,133" hai1="121,132,8,0,50,25,62,102,100,49,14,117,64" hai2="43,95,126,94,83,118,35,128,123,9,67,59,44" hai3="122,22,105,90,116,131,69,33,26,31,16,34,106"/><W48/><G122/><T99/><D133/><U30/><E121/><V76/><F123/><W4/><G116/><T130/><D80/><U96/><E0/><V103/><F118/><W89/><G69/><T119/><D119/><U24/><E117/><V45/><F126/><W104/><G131/><T21/><D42/><U61/><E132/><V37/><F35/><W2/><G34/><T7/><D130/><U36/><E36/><V68/><F128/><W107/><N who="3" m="26624" /><DORA hai="3" /><W93/><G48/><N who="1" m="18538" /><E64/><V91/><F68/><W124/><G124/><T66/><D19/><N who="1" m="8647" /><E30/><V20/><F67/><W29/><G90/><T23/><D23/><U81/><E81/><V1/><F20/><W32/><G31/><T110/><D110/><U41/><E41/><V65/><F91/><W52/><G52/><T79/><D79/><U12/><E12/><V54/><F65/><W127/><G29/><T28/><D28/><U92/><E102/><V73/><F103/><W5/><G127/><T72/><D66/><U101/><E100/><V46/><F46/><W63/><G63/><AGARI ba="0,0" hai="24,25,61,62,63,92,96,101" m="8647,18538" machi="63" ten="30,2000,0" yaku="8,1,52,1" doraHai="13,3" who="1" fromWho="3" sc="475,0,272,20,49,0,204,-20" owari="475,58.0,292,9.0,49,-45.0,184,-22.0" /></mjloggm>