<mjloggm ver="2.3"><GO type="41" lobby="0"/><UN n0="%59%53%37%37%37" n1="%E2%93%9D%53%75%70%68%78" n2="%E3%82%AA%E3%83%AC%E3%82%AA%E3%81%8A%E3%82%8C%E3%81%8A" n3="%6D%61%63%6B%79%23%37" dan="14,19,14,13" rate="1952.66,2158.17,1881.88,1814.38" sx="M,M,M,M"/><TAIKYOKU oya="0"/><INIT seed="0,0,0,4,4,33" ten="250,250,250,250" oya="0" hai0="108,1,70,66,89,64,121,116,104,29,129,23,61" hai1="16,18,21,7,111,100,88,101,58,60,38,11,35" hai2="75,128,32,112,54,45,17,130,119,78,14,43,85" hai3="50,86,99,133,106,126,79,25,6,12,27,120,71"/><T28/><D121/><U48/><E35/><V73/><F32/><W30/><G71/><T59/><D116/><U0/><E38/><V56/><F119/><W49/><G120/><T72/><D72/><U5/><E111/><V52/><F112/><W39/><G39/><T63/><D129/><N who="2" m="49770" /><F85/><W94/><G106/><T124/><D124/><U68/><E68/><V9/><F78/><W92/><G126/><T53/><D108/><U117/><E48/><N who="2" m="30727" /><F54/><W31/><G133/><T115/><D115/><U84/><E7/><V15/><F14/><W67/><G67/><T55/><D104/><U93/><E117/><V113/><F113/><W118/><G118/><T98/><D1/><U69/><E69/><V83/><F83/><W8/><G79/><T82/><D82/><U110/><E110/><V123/><F123/><W65/><G65/><T74/><D74/><U2/><E2/><V24/><F24/><N who="3" m="9291" /><G86/><T107/><D23/><U37/><E21/><V109/><F109/><W51/><G94/><T81/><D81/><U135/><E135/><V19/><F19/><W46/><G46/><T91/><D70/><U20/><E18/><V122/><F122/><W22/><G22/><T102/><D107/><U87/><E87/><V10/><F10/><W127/><G127/><T13/><D66/><U80/><E80/><V77/><F77/><W76/><G76/><T97/><D64/><N who="1" m="38935" /><E20/><V134/><F134/><W41/><G41/><T90/><D59/><U42/><E16/><V103/><F103/><AGARI ba="0,0" hai="6,8,12,30,31,49,50,51,92,99,103" m="9291" machi="103" ten="30,1000,0" yaku="8,1" doraHai="33" who="3" fromWho="2" sc="250,0,250,0,250,-10,250,10" /><INIT seed="1,0,0,4,1,73" ten="250,250,240,260" oya="1" hai0="66,130,17,55,32,20,37,60,120,68,33,127,29" hai1="88,118,28,8,133,135,93,115,95,1,119,30,26" hai2="78,42,11,98,109,53,76,92,121,21,25,71,31" hai3="49,113,123,102,43,65,34,50,27,106,72,99,2"/><U5/><E95/><V96/><F71/><W84/><G123/><T39/><D130/><U131/><E115/><V83/><F121/><W52/><G113/><T14/><D127/><U41/><E41/><V40/><F109/><W111/><G111/><T67/><D120/><U132/><E131/><V107/><F11/><W3/><G72/><T94/><D67/><U116/><REACH who="1" step="1"/><E26/><REACH who="1" ten="250,240,240,260" step="2"/><V101/><F42/><W110/><G110/><T81/><D94/><U104/><E104/><V6/><F40/><W129/><G129/><T105/><D105/><U61/><E61/><V54/><F107/><W48/><G43/><T125/><D125/><U62/><E62/><V80/><F6/><W114/><G114/><T77/><D55/><N who="2" m="21002" /><F96/><AGARI ba="0,1" hai="1,5,8,28,30,88,93,96,116,118,119,132,133,135" machi="96" ten="50,9600,0" yaku="1,1,20,1,54,1,53,0" doraHai="73" doraHaiUra="38" who="1" fromWho="2" sc="250,0,240,106,240,-96,260,0" /><INIT seed="1,1,0,4,2,117" ten="250,346,144,260" oya="1" hai0="134,130,31,114,4,127,101,50,16,116,102,0,76" hai1="49,33,24,35,107,2,100,19,43,46,79,68,8" hai2="99,78,52,28,53,93,63,82,115,38,135,128,119" hai3="21,58,85,84,5,40,73,74,122,9,13,25,11"/><U67/><E79/><V39/><F119/><W120/><G40/><T54/><D116/><U65/><E65/><V104/><F104/><W14/><G58/><T44/><D114/><U37/><E49/><V121/><F121/><W109/><G109/><T47/><D127/><U131/><E19/><V133/><F115/><W89/><G74/><T94/><D130/><U125/><E125/><V55/><F128/><W12/><G73/><T26/><D134/><U48/><E48/><V42/><F63/><W15/><G85/><T90/><D76/><U80/><E80/><V60/><F60/><W1/><G84/><T27/><D4/><N who="1" m="1047" /><E24/><V126/><F126/><W32/><G89/><T10/><D0/><U22/><E22/><V129/><F129/><W86/><G86/><T36/><D36/><U92/><E92/><V71/><F71/><W18/><G32/><T59/><D27/><U34/><E131/><V124/><F124/><W96/><G96/><T62/><D47/><U105/><E100/><V77/><F28/><AGARI ba="1,0" hai="1,5,9,11,12,13,14,15,18,21,25,28,120,122" machi="28" ten="40,8000,1" yaku="34,3,52,2" doraHai="117" who="3" fromWho="2" sc="250,0,346,0,144,-83,260,83" /><INIT seed="2,0,0,0,0,111" ten="250,346,61,343" oya="2" hai0="130,43,85,75,82,16,123,86,44,46,83,132,125" hai1="0,98,100,126,114,107,32,104,105,57,25,15,61" hai2="92,48,11,18,131,34,56,39,112,76,87,64,8" hai3="121,9,5,93,19,77,99,128,71,101,79,22,17"/><V13/><F34/><W103/><G71/><T35/><D35/><U129/><E0/><V118/><F39/><W120/><G128/><T12/><D123/><U27/><E126/><V40/><F131/><W134/><G134/><T49/><D125/><U78/><E114/><V37/><F37/><W58/><G58/><T2/><D2/><U1/><E1/><V10/><F112/><W26/><G121/><T115/><D132/><U72/><E15/><V106/><F106/><W54/><G120/><T65/><D130/><U36/><E27/><V68/><F68/><W55/><G101/><T20/><D75/><U23/><E36/><V90/><F118/><W51/><G19/><T116/><D116/><U96/><E96/><V7/><F76/><W95/><G95/><T63/><D115/><U127/><E32/><V89/><F7/><W88/><G103/><T110/><D110/><U3/><E3/><V38/><F38/><W67/><G67/><T91/><D46/><U30/><E127/><V108/><F108/><W45/><G55/><T41/><D41/><U69/><E69/><V62/><REACH who="2" step="1"/><F90/><REACH who="2" ten="250,346,51,343" step="2"/><W94/><G93/><T117/><D117/><U70/><E70/><V14/><F14/><AGARI ba="0,1" hai="5,9,14,17,22,26,45,51,54,77,79,88,94,99" machi="14" ten="30,3900,0" yaku="7,1,8,1,54,1" doraHai="111" who="3" fromWho="2" sc="250,0,346,0,51,-39,343,49" /><INIT seed="3,0,0,0,3,62" ten="250,346,12,392" oya="3" hai0="77,34,61,135,90,36,91,33,105,126,35,46,104" hai1="106,40,92,100,81,15,121,75,5,58,52,123,114" hai2="109,27,30,118,129,78,55,130,98,14,51,53,69" hai3="21,97,29,127,22,103,32,112,87,125,71,85,12"/><W108/><G71/><T7/><D7/><U83/><E106/><V60/><F118/><W128/><G112/><T28/><D28/><U88/><E114/><V4/><F109/><W31/><G108/><T23/><D23/><U17/><E40/><V115/><F115/><W11/><G128/><N who="2" m="49257" /><F78/><W54/><G54/><T48/><D36/><U102/><E5/><V131/><N who="2" m="49265" /><V93/><DORA hai="56" /><F69/><W13/><G32/><T86/><D77/><U45/><E45/><N who="2" m="27887" /><F4/><W67/><G67/><T68/><D105/><U80/><E75/><V117/><F117/><W2/><G2/><T59/><D68/><U1/><E1/><V47/><F14/><W42/><G42/><T89/><D104/><U9/><E123/><V49/><F93/><W72/><G72/><T37/><D37/><U0/><E121/><V50/><F98/><W63/><G63/><T26/><D26/><U18/><E0/><V124/><F124/><N who="3" m="47691" /><G13/><T134/><D126/><U116/><E116/><V44/><F30/><N who="3" m="11275" /><G22/><T95/><D135/><U38/><E38/><V96/><F27/><W39/><G21/><T76/><D134/><U8/><E8/><V122/><F122/><W43/><G43/><T24/><D24/><U64/><E18/><V19/><F19/><N who="3" m="8607" /><G39/><T79/><D33/><U3/><E3/><V25/><F25/><W41/><G41/><T65/><D34/><U113/><E113/><V132/><F132/><W119/><G119/><T107/><D35/><U20/><E9/><V99/><F60/><W6/><G6/><T16/><D16/><U10/><E10/><V73/><F73/><RYUUKYOKU ba="0,0" sc="250,-15,346,-15,12,15,392,15" hai2="44,47,49,50,55,96,99" hai3="85,87,97,103" /><INIT seed="3,1,0,5,3,134" ten="235,331,27,407" oya="3" hai0="95,76,50,0,78,120,131,89,60,111,117,86,97" hai1="12,110,99,53,107,127,56,51,44,118,100,46,122" hai2="26,55,104,98,102,101,81,82,68,105,69,37,32" hai3="85,112,126,59,21,93,40,2,129,73,6,19,70"/><W115/><G70/><T61/><D120/><U58/><E122/><V80/><F37/><W125/><G73/><T90/><D117/><U36/><E110/><V34/><F55/><W87/><G40/><T94/><D0/><U124/><E118/><V3/><F3/><W114/><G59/><T74/><D111/><U29/><E29/><V128/><F128/><W77/><G2/><T48/><D74/><U28/><E28/><V7/><F7/><W106/><G6/><T4/><D4/><U92/><E12/><V20/><F20/><W75/><G106/><T132/><D132/><U10/><E10/><V33/><F26/><W35/><G35/><T52/><D131/><U67/><E107/><V39/><F39/><W30/><G30/><T18/><D18/><U91/><E100/><V84/><F84/><W47/><G47/><T25/><D25/><U119/><E119/><V116/><REACH who="2" step="1"/><F116/><REACH who="2" ten="235,331,17,407" step="2"/><W5/><G129/><T43/><D43/><N who="1" m="22631" /><E67/><V133/><F133/><W11/><G75/><T1/><D1/><U16/><E16/><V72/><F72/><W45/><G5/><T108/><D108/><U13/><E13/><V88/><F88/><W57/><G11/><T79/><D52/><U54/><E54/><V14/><F14/><N who="3" m="9463" /><G77/><T8/><D8/><U96/><E96/><AGARI ba="1,1" hai="32,33,34,68,69,80,81,82,96,98,101,102,104,105" machi="96" ten="50,3200,0" yaku="1,1,9,1,53,0" doraHai="134" doraHaiUra="83" who="2" fromWho="1" sc="235,0,331,-35,17,45,407,0" /><INIT seed="4,0,0,0,3,79" ten="235,296,62,407" oya="0" hai0="22,107,56,6,97,3,47,108,44,25,73,125,15" hai1="132,82,55,96,61,58,14,123,134,53,2,103,70" hai2="36,50,29,98,91,109,51,89,26,48,99,126,30" hai3="85,86,57,37,83,12,5,92,127,121,65,27,35"/><T81/><D125/><U95/><E2/><V106/><F36/><W20/><G37/><T7/><D108/><U52/><E123/><V90/><F126/><W88/><G127/><T28/><D3/><U129/><E129/><V17/><F109/><W111/><G35/><T18/><D107/><U87/><E14/><V104/><F17/><W101/><G121/><T80/><D73/><U24/><E70/><V21/><REACH who="2" step="1"/><F30/><REACH who="2" ten="235,296,52,407" step="2"/><W102/><G111/><T43/><D97/><AGARI ba="0,1" hai="21,26,29,48,50,51,89,90,91,97,98,99,104,106" machi="97" ten="40,2600,0" yaku="1,1,2,1,53,0" doraHai="79" doraHaiUra="9" who="2" fromWho="0" sc="235,-26,296,0,52,36,407,0" /><INIT seed="5,0,0,0,1,49" ten="209,296,88,407" oya="1" hai0="51,12,100,42,31,126,73,0,127,23,90,52,133" hai1="21,63,117,112,76,16,27,1,40,47,129,43,53" hai2="62,19,97,18,104,77,74,80,61,89,7,3,122" hai3="81,17,57,111,70,48,105,65,82,45,20,106,119"/><U85/><E117/><V86/><F122/><W118/><G111/><T60/><D0/><U78/><E112/><V114/><F114/><W134/><G70/><T24/><D73/><U101/><E1/><V55/><F3/><W96/><G134/><T107/><D133/><U109/><E129/><V135/><F7/><W6/><G6/><T64/><D42/><N who="1" m="15915" /><E101/><V36/><F36/><W66/><G106/><T110/><D110/><U128/><E128/><V34/><F34/><W28/><G28/><T98/><D90/><U103/><E103/><V59/><F135/><W22/><G22/><T123/><D12/><U33/><E33/><V121/><F121/><W15/><G105/><T108/><D108/><U44/><E109/><V25/><F25/><W10/><G96/><T8/><D8/><U29/><E29/><V11/><F11/><W102/><G10/><T13/><D13/><U54/><E63/><V69/><F69/><W37/><G102/><T30/><D30/><U41/><E85/><V92/><F104/><W4/><G4/><T9/><D9/><U132/><E132/><V71/><REACH who="2" step="1"/><F74/><REACH who="2" ten="209,296,78,407" step="2"/><W116/><G37/><T79/><D123/><U68/><E68/><V5/><F5/><W39/><G39/><T35/><D35/><U46/><E41/><V120/><F120/><W83/><G57/><T130/><D130/><U124/><E124/><V131/><F131/><W2/><G2/><T26/><D26/><U72/><E72/><V50/><F50/><W14/><G14/><T113/><D127/><U93/><E93/><V67/><AGARI ba="0,1" hai="18,19,55,59,61,62,67,71,77,80,86,89,92,97" machi="67" ten="30,4000,0" yaku="1,1,0,1,52,1,53,0" doraHai="49" doraHaiUra="125" who="2" fromWho="2" sc="209,-10,296,-20,78,50,407,-10" /><INIT seed="6,0,0,5,5,84" ten="199,276,128,397" oya="2" hai0="98,25,35,68,66,57,60,8,27,7,61,89,9" hai1="117,97,70,86,85,24,103,112,0,94,76,80,50" hai2="46,104,101,3,102,127,72,54,40,120,132,45,12" hai3="32,13,47,91,5,105,92,130,67,123,22,10,33"/><V75/><F120/><W119/><G105/><T82/><D9/><U131/><E70/><V14/><F3/><W63/><G119/><T34/><D27/><U116/><E0/><V52/><F127/><W44/><G130/><T87/><D98/><U19/><E112/><V135/><F40/><W15/><G123/><T73/><D73/><U109/><E109/><V55/><F54/><W23/><G33/><T88/><D25/><U128/><E50/><V107/><AGARI ba="0,0" hai="12,14,45,46,52,55,72,75,101,102,104,107,132,135" machi="107" ten="25,9600,0" yaku="0,1,22,2,54,1" doraHai="84" who="2" fromWho="2" sc="199,-32,276,-32,128,96,397,-32" /><INIT seed="6,1,0,0,3,131" ten="167,244,224,365" oya="2" hai0="55,18,51,130,95,104,31,15,33,103,29,69,134" hai1="34,125,60,97,24,49,93,42,8,54,126,61,47" hai2="9,89,10,56,84,112,44,53,100,58,116,77,27" hai3="48,11,28,76,70,37,102,94,52,20,3,12,35"/><V50/><F116/><W105/><G105/><T2/><D2/><U73/><E73/><V40/><F112/><W115/><G115/><T0/><D0/><U67/><E8/><V82/><F100/><W71/><G37/><T14/><D104/><U135/><E24/><V45/><F27/><N who="3" m="16487" /><G3/><T114/><D69/><U127/><E34/><V133/><F133/><W19/><G35/><T123/><D123/><U80/><E80/><V110/><F110/><W113/><G71/><T118/><D114/><U75/><E75/><V91/><F45/><N who="3" m="27663" /><G70/><T122/><D122/><U106/><E106/><V16/><F10/><W23/><G113/><T38/><D38/><N who="1" m="21975" /><E67/><V81/><F89/><W74/><G74/><T128/><D118/><U132/><E61/><V39/><F58/><W62/><G62/><T83/><D83/><U72/><E60/><V13/><REACH who="2" step="1"/><F77/><REACH who="2" ten="167,244,214,365" step="2"/><W101/><G76/><T98/><D134/><N who="1" m="51243" /><E127/><V124/><F124/><W96/><G11/><T111/><D111/><U57/><E72/><V90/><F90/><AGARI ba="1,1" hai="12,19,23,90,94,96,101,102" m="27663,16487" machi="90" ten="30,2000,0" yaku="8,1,54,1" doraHai="131" who="3" fromWho="2" sc="167,0,244,0,214,-23,365,33" /><AGARI ba="1,0" hai="49,54,57,90,93,97,125,126" m="51243,21975" machi="90" ten="30,7700,0" yaku="20,1,52,3" doraHai="131" who="1" fromWho="2" sc="167,0,244,77,191,-77,398,0" /><INIT seed="7,0,0,0,3,28" ten="167,321,114,398" oya="3" hai0="85,80,62,135,71,57,97,122,12,9,51,112,93" hai1="36,114,20,133,86,128,91,89,23,82,103,53,110" hai2="24,116,130,134,68,65,55,94,32,117,41,99,29" hai3="2,111,81,33,26,19,17,30,38,127,106,66,11"/><W92/><G106/><T95/><D122/><U108/><E36/><V121/><F121/><W48/><G38/><T79/><D135/><U98/><E23/><V22/><F130/><W87/><G66/><T104/><D112/><U16/><E128/><V105/><F134/><W21/><G92/><T37/><D71/><U115/><E53/><V46/><F105/><W84/><G127/><T60/><D60/><U40/><E40/><V118/><F55/><W31/><G48/><T6/><D37/><U45/><E45/><V58/><F58/><W44/><G44/><T39/><D39/><U69/><E69/><V120/><F120/><W1/><G84/><T90/><D51/><U7/><E7/><V25/><F65/><W42/><G42/><T54/><D104/><U61/><E61/><V70/><F70/><W67/><G67/><T107/><D107/><U27/><E103/><V35/><F68/><W113/><G113/><N who="1" m="43018" /><E133/><V15/><F15/><N who="3" m="7423" /><G87/><T63/><D63/><U72/><E72/><V50/><REACH who="2" step="1"/><F25/><REACH who="2" ten="167,321,104,398" step="2"/><N who="3" m="18639" /><G81/><T101/><D93/><AGARI ba="0,1" hai="16,20,27,82,86,89,91,93,98,108,110" m="43018" machi="93" ten="30,2000,0" yaku="15,1,54,1" doraHai="28" who="1" fromWho="0" sc="167,-20,321,30,104,0,398,0" owari="147,-25.0,351,15.0,104,-40.0,398,50.0" /></mjloggm>