<mjloggm ver="2.3"><GO type="41" lobby="0"/><UN n0="%E3%82%B9%E3%83%88%E3%83%B3%E3%82%B3" n1="%E5%9E%A2%E6%8A%80%E5%B8%AB%E3%81%92%E3%82%8B" n2="%E5%85%AB%E4%B8%87" n3="%E2%93%9D%53%75%70%68%78" dan="15,14,15,18" rate="2001.89,1914.89,2026.71,2044.42" sx="M,M,M,M"/><TAIKYOKU oya="0"/><INIT seed="0,0,0,3,2,91" ten="250,250,250,250" oya="0" hai0="79,77,8,67,102,58,83,111,28,29,73,31,9" hai1="22,100,106,44,25,123,135,129,128,17,71,6,15" hai2="108,94,47,93,84,20,122,97,65,52,24,127,35" hai3="48,98,130,50,7,69,3,110,40,60,16,121,90"/><T14/><D102/><U37/><E71/><V66/><F35/><W38/><G110/><T57/><D111/><U89/><E44/><V43/><F108/><W120/><G7/><T81/><D8/><N who="1" m="4503" /><E37/><V27/><F122/><N who="3" m="47211" /><G3/><T75/><REACH who="0" step="1"/><D67/><REACH who="0" ten="240,250,250,250" step="2"/><U19/><E100/><V68/><F127/><W103/><G103/><T107/><D107/><U131/><E106/><V55/><F68/><W21/><G69/><T63/><D63/><U101/><E101/><V72/><F66/><W85/><G60/><T76/><D76/><U114/><E123/><V116/><F65/><W26/><G130/><T96/><D96/><U49/><E114/><V80/><F116/><W23/><G98/><T109/><D109/><U32/><E135/><V30/><F97/><W34/><G34/><T78/><D78/><U45/><E89/><V92/><F72/><W95/><G23/><T54/><D54/><N who="1" m="29999" /><E32/><V119/><F119/><W115/><G115/><T112/><D112/><U82/><E82/><V46/><F43/><W74/><G74/><T0/><D0/><U62/><E62/><V126/><F126/><W133/><G133/><T51/><D51/><N who="3" m="19497" /><G38/><T4/><AGARI ba="0,1" hai="4,9,14,28,29,31,57,58,73,75,77,79,81,83" machi="4" ten="30,6000,0" yaku="1,1,0,1,9,1,53,0" doraHai="91" doraHaiUra="36" who="0" fromWho="0" sc="240,70,250,-20,250,-20,250,-20" /><INIT seed="0,1,0,1,1,121" ten="310,230,230,230" oya="0" hai0="97,28,132,99,108,26,112,2,10,33,80,50,73" hai1="68,29,63,88,96,25,61,133,82,77,31,11,57" hai2="120,14,45,103,90,83,39,93,62,3,37,69,27" hai3="113,78,46,64,42,92,123,58,86,85,49,100,12"/><T38/><D112/><U35/><E133/><V18/><F3/><W116/><G116/><T128/><D132/><U36/><E36/><V53/><F120/><W118/><G118/><T54/><D38/><U8/><E31/><V34/><F34/><W76/><G113/><T59/><D128/><U17/><E68/><V72/><F27/><W66/><G123/><T74/><D108/><U1/><E17/><V131/><F131/><W16/><G100/><T75/><REACH who="0" step="1"/><D80/><REACH who="0" ten="300,230,230,230" step="2"/><U126/><E82/><V117/><F117/><W70/><G78/><T87/><D87/><U104/><E77/><V13/><F72/><W109/><G109/><T125/><D125/><U94/><E126/><V40/><F37/><W84/><G76/><T15/><D15/><U56/><E1/><V101/><F83/><W23/><G70/><T22/><D22/><U129/><E129/><V135/><F135/><W111/><G111/><T98/><D98/><U47/><E96/><V130/><F130/><W51/><G86/><T43/><D43/><U124/><E124/><V19/><F13/><W6/><G85/><T119/><D119/><U115/><E115/><V60/><F14/><W114/><G114/><T127/><D127/><U7/><E35/><V52/><F69/><W4/><G84/><T55/><D55/><U107/><E8/><V95/><F40/><W79/><G79/><T67/><D67/><U44/><E11/><V134/><F39/><W89/><G66/><T41/><D41/><U105/><E7/><AGARI ba="1,1" hai="2,7,10,26,28,33,50,54,59,73,74,75,97,99" machi="7" ten="40,2000,0" yaku="1,1,53,0" doraHai="121" doraHaiUra="91" who="0" fromWho="1" sc="300,33,230,-23,230,0,230,0" /><INIT seed="0,2,0,0,0,92" ten="333,207,230,230" oya="0" hai0="102,69,55,57,135,122,60,118,126,106,44,87,7" hai1="101,27,110,56,25,46,64,15,89,35,95,10,98" hai2="13,112,130,83,38,128,91,127,1,100,45,12,134" hai3="66,58,121,63,8,29,17,96,5,76,62,115,67"/><T34/><D118/><U48/><E110/><V14/><F112/><W81/><G115/><T68/><D122/><U47/><E35/><V31/><F1/><W77/><G29/><T6/><D34/><U41/><E47/><V52/><F31/><W71/><G121/><T105/><D87/><U0/><E0/><V73/><F100/><W131/><G131/><N who="2" m="50217" /><F134/><W109/><G17/><T124/><D44/><U88/><E89/><V74/><F127/><N who="0" m="48682" /><D135/><U133/><E133/><V9/><F9/><W75/><G77/><T107/><D102/><U54/><E64/><V37/><F91/><W33/><G33/><T36/><D36/><N who="2" m="13930" /><F83/><W108/><G108/><T72/><D72/><N who="2" m="27754" /><F45/><W49/><G109/><T84/><D84/><U104/><E104/><V85/><F85/><W116/><G75/><T30/><D30/><U42/><E101/><V111/><F111/><W22/><G81/><T40/><D6/><U79/><E79/><V117/><F117/><W94/><G76/><T18/><D7/><U19/><REACH who="1" step="1"/><E42/><REACH who="1" ten="333,197,230,230" step="2"/><V80/><F80/><W65/><G116/><T70/><D40/><U97/><E97/><V132/><F132/><W3/><G96/><T51/><D107/><U11/><E11/><V28/><F28/><W53/><G8/><T23/><D106/><U20/><E20/><V120/><F120/><W26/><G22/><T43/><D105/><U114/><E114/><V21/><F21/><W93/><G3/><T82/><D43/><U50/><AGARI ba="2,1" hai="10,15,19,25,27,41,46,48,50,54,56,88,95,98" machi="50" ten="20,12000,2" yaku="1,1,0,1,7,1,8,1,52,1,54,1,53,0" doraHai="92" doraHaiUra="78" who="1" fromWho="1" sc="333,-62,197,136,230,-32,230,-32" /><INIT seed="1,0,0,3,2,63" ten="271,333,198,198" oya="1" hai0="22,12,65,83,120,53,2,112,81,62,105,110,87" hai1="99,77,10,55,31,46,119,30,15,17,20,129,108" hai2="93,123,98,135,24,115,125,54,90,52,121,101,86" hai3="6,91,25,33,122,102,100,47,92,69,64,9,71"/><U38/><E119/><V82/><F125/><W118/><G122/><T23/><D2/><U106/><E77/><V84/><F135/><W74/><G74/><T107/><D112/><U21/><E129/><V18/><F115/><W57/><G47/><T130/><D110/><U94/><E106/><V117/><F117/><W14/><G118/><T126/><D126/><U72/><E72/><V103/><F103/><W19/><G71/><T48/><D81/><U96/><E96/><V34/><F34/><W60/><G69/><T128/><D120/><U116/><E108/><V3/><F3/><W56/><G56/><T75/><D75/><U5/><E21/><N who="2" m="13367" /><F123/><W127/><G127/><T11/><D107/><U85/><E85/><N who="2" m="50487" /><F121/><W61/><G61/><T51/><D105/><U13/><E38/><V26/><F26/><W113/><G113/><T39/><D39/><U27/><E27/><V37/><F37/><W42/><G42/><T8/><D130/><U111/><E111/><V59/><F54/><W133/><G133/><T32/><D32/><U4/><E116/><V66/><F66/><W44/><G33/><T109/><D109/><U49/><REACH who="1" step="1"/><E5/><REACH who="1" ten="271,323,198,198" step="2"/><V7/><F7/><W114/><G114/><T76/><D23/><U29/><E29/><V58/><F86/><N who="3" m="52343" /><G25/><T16/><D128/><U88/><AGARI ba="0,1" hai="4,10,13,15,17,20,30,31,46,49,55,88,94,99" machi="88" ten="20,12000,1" yaku="1,1,0,1,7,1,8,1,54,1,53,0" doraHai="63" doraHaiUra="132" who="1" fromWho="1" sc="271,-40,323,130,198,-40,198,-40" /><INIT seed="1,1,0,4,2,25" ten="231,453,158,158" oya="1" hai0="50,130,41,20,14,128,77,61,53,10,45,37,51" hai1="116,107,121,105,48,60,64,18,106,82,58,75,131" hai2="42,62,57,36,7,124,95,71,17,59,72,40,16" hai3="2,13,111,28,134,32,30,89,46,99,122,135,94"/><U55/><E116/><V38/><F72/><W0/><G122/><T4/><D61/><U24/><E121/><V6/><F95/><W66/><G32/><T113/><D113/><U19/><E131/><V69/><REACH who="2" step="1"/><F62/><REACH who="2" ten="231,453,148,158" step="2"/><W110/><G66/><T74/><D74/><U117/><E117/><V85/><F85/><W119/><G119/><T49/><D128/><U34/><E75/><V87/><F87/><W52/><G2/><T76/><D130/><U12/><E105/><V84/><F84/><W73/><G0/><T93/><D93/><U132/><E106/><V118/><F118/><W101/><G73/><T112/><D112/><U27/><E107/><V29/><F29/><N who="3" m="11371" /><G101/><T97/><D97/><U90/><E60/><V8/><F8/><W109/><G13/><T63/><D10/><U115/><E12/><V80/><F80/><W114/><G114/><T126/><D14/><U91/><E82/><V56/><F56/><W100/><G100/><T26/><D26/><U83/><E83/><V92/><F92/><W33/><G33/><T68/><D63/><U104/><E24/><V44/><F44/><W21/><G21/><T35/><D20/><U125/><E27/><V5/><F5/><W120/><G120/><T39/><D4/><U102/><E34/><V79/><F79/><W123/><G123/><T108/><D76/><U127/><E102/><V15/><F15/><W81/><G81/><T70/><D77/><U103/><E103/><V133/><F133/><W65/><G65/><T9/><D35/><U22/><E115/><V88/><F88/><W47/><G47/><RYUUKYOKU ba="1,1" sc="231,-15,453,-15,148,15,158,15" hai2="6,7,16,17,36,38,40,42,57,59,69,71,124" hai3="46,52,89,94,99,109,110,111,134,135" /><INIT seed="2,2,1,1,3,39" ten="216,438,163,173" oya="2" hai0="24,20,80,92,12,84,69,60,2,43,118,83,99" hai1="52,58,50,116,76,19,51,127,93,90,27,89,126" hai2="25,31,129,64,128,41,135,134,124,86,16,130,131" hai3="11,111,63,103,35,37,123,10,101,57,114,78,36"/><V115/><F115/><W7/><G123/><T70/><D2/><U6/><E116/><V38/><F64/><W106/><G35/><T3/><D3/><U42/><E6/><V54/><F54/><W17/><G111/><T14/><D80/><U74/><E74/><V15/><F86/><W79/><G106/><T98/><D69/><U47/><E76/><V97/><F97/><W34/><G34/><T113/><D118/><U117/><E117/><V108/><F108/><W133/><G17/><T88/><D99/><U119/><E119/><V72/><F72/><W102/><G133/><N who="2" m="50697" /><F131/><W29/><G29/><T61/><D70/><U107/><E107/><V91/><F91/><W122/><G122/><T120/><D113/><U100/><E100/><V104/><F104/><W45/><G114/><T26/><D43/><U95/><E90/><V105/><F105/><W77/><G7/><T87/><D87/><U28/><E19/><V23/><F38/><W85/><G85/><T71/><D71/><U55/><E55/><V22/><F41/><W62/><G57/><T96/><D96/><U48/><E48/><V53/><F53/><W4/><G4/><T1/><D1/><U8/><E89/><V49/><F49/><W13/><G37/><T67/><D67/><U0/><E93/><V33/><F33/><W65/><G65/><T68/><D68/><U56/><E95/><V82/><F82/><W40/><G13/><N who="0" m="5227" /><D120/><U81/><E81/><V21/><F23/><W112/><G112/><T94/><D94/><U66/><E66/><V59/><F59/><W132/><G132/><RYUUKYOKU ba="2,1" sc="216,-15,438,-15,163,15,173,15" hai2="15,16,21,22,25,31,124,128,129,130" hai3="10,11,36,40,45,62,63,77,78,79,101,102,103" /><INIT seed="2,3,1,2,2,30" ten="201,423,178,188" oya="2" hai0="27,0,31,13,103,114,115,37,129,70,96,125,26" hai1="61,22,112,15,127,93,9,59,11,116,119,99,48" hai2="84,55,34,118,23,89,29,78,5,18,53,87,75" hai3="83,24,80,73,47,100,132,117,36,88,106,133,122"/><V82/><F118/><W111/><G117/><T12/><D37/><U10/><E112/><V69/><F69/><W135/><G122/><T92/><D70/><U42/><E127/><V72/><F5/><W1/><G1/><T126/><D0/><U50/><E22/><V14/><F72/><W131/><G111/><T58/><D26/><U32/><E15/><V60/><F75/><W25/><G131/><T97/><D97/><U4/><E4/><V3/><F3/><W54/><G100/><T76/><D76/><U130/><E130/><V68/><F68/><W91/><G106/><T2/><D2/><U46/><E32/><V101/><F101/><W109/><G109/><T67/><D129/><U57/><E57/><V51/><F60/><W40/><G54/><T71/><D71/><U110/><E50/><V74/><F74/><W86/><REACH who="3" step="1"/><G91/><REACH who="3" ten="201,423,178,178" step="2"/><T105/><D105/><U77/><E110/><V108/><F108/><W79/><AGARI ba="3,2" hai="24,25,36,40,47,73,79,80,83,86,88,132,133,135" machi="79" ten="40,8000,1" yaku="1,1,2,1,0,1,20,1,54,1,53,0" doraHai="30" doraHaiUra="94" who="3" fromWho="3" sc="201,-23,423,-23,178,-43,178,109" /><INIT seed="3,0,0,0,5,98" ten="178,400,135,287" oya="3" hai0="16,30,46,67,112,62,65,88,5,3,60,99,8" hai1="71,102,0,73,21,96,132,6,24,74,1,122,66" hai2="89,75,63,123,28,94,135,91,120,9,15,17,26" hai3="12,119,111,76,86,110,84,93,105,108,79,81,40"/><W116/><G40/><T57/><D30/><U118/><E122/><N who="2" m="46635" /><F75/><W130/><G12/><T104/><D112/><U18/><E132/><V34/><F135/><W52/><G105/><T101/><D46/><U121/><E121/><V78/><F78/><W27/><G27/><T42/><D42/><U97/><E97/><N who="2" m="57551" /><F63/><W45/><G130/><T23/><D88/><AGARI ba="0,0" hai="9,15,17,26,28,34,88,91" m="57551,46635" machi="88" ten="30,2000,0" yaku="13,1,54,1" doraHai="98" who="2" fromWho="0" sc="178,-20,400,0,135,20,287,0" /><INIT seed="4,0,0,2,2,42" ten="158,400,155,287" oya="0" hai0="63,17,61,5,134,78,122,10,133,120,99,76,135" hai1="124,8,23,86,48,54,24,33,13,71,66,69,127" hai2="57,119,109,98,2,49,97,20,37,82,31,32,14" hai3="89,73,52,107,93,44,96,79,111,84,132,81,125"/><T22/><D63/><U101/><E33/><V16/><F37/><W40/><G125/><N who="1" m="48202" /><E101/><V25/><F109/><W90/><G132/><T26/><D99/><U100/><E100/><V115/><F115/><W128/><G128/><T29/><D61/><U68/><E86/><V85/><F119/><W131/><G131/><T28/><D78/><U116/><E66/><V50/><F2/><W11/><G111/><T118/><D76/><U47/><E116/><V3/><F3/><W27/><G27/><T58/><D118/><U67/><E67/><V34/><F34/><W39/><G11/><T1/><D58/><U0/><E0/><V91/><REACH who="2" step="1"/><F49/><REACH who="2" ten="158,400,145,287" step="2"/><W92/><G107/><T105/><D105/><U56/><E48/><V75/><F75/><W4/><G4/><T88/><D88/><U21/><E68/><V19/><F19/><W103/><G103/><T94/><D94/><U41/><E69/><V110/><F110/><W65/><G73/><T123/><AGARI ba="0,1" hai="1,5,10,17,22,26,28,29,120,122,123,133,134,135" machi="123" ten="40,12000,1" yaku="0,1,20,1,34,3" doraHai="42" who="0" fromWho="0" sc="158,130,400,-40,145,-40,287,-40" /><INIT seed="4,1,0,0,5,89" ten="288,360,105,247" oya="0" hai0="98,110,133,26,10,36,103,40,121,134,29,106,132" hai1="0,83,46,86,130,55,109,73,61,80,111,6,85" hai2="24,71,67,12,23,91,28,52,16,116,19,117,37" hai3="88,5,113,76,8,93,30,15,42,43,94,127,68"/><T87/><D121/><U128/><E0/><V77/><F37/><W70/><G113/><T50/><D110/><N who="1" m="41995" /><E6/><V14/><F77/><W101/><G127/><T99/><D87/><N who="1" m="33291" /><E46/><V126/><F71/><W97/><G76/><T125/><D125/><U62/><E55/><V95/><F67/><W56/><G30/><T64/><D10/><U114/><E114/><V1/><F126/><W102/><G70/><T105/><D64/><U27/><E27/><V54/><F1/><W104/><G68/><T74/><D50/><U25/><E25/><V82/><F82/><N who="1" m="31273" /><E73/><V44/><F44/><W72/><G72/><T13/><D13/><N who="2" m="5226" /><F117/><W7/><G7/><T57/><D57/><U78/><E78/><V21/><F116/><W11/><G11/><T18/><D18/><N who="2" m="6698" /><F21/><W17/><G5/><T115/><D115/><U51/><E51/><V107/><F107/><W3/><G3/><T20/><D74/><U53/><E53/><V131/><F131/><AGARI ba="1,0" hai="61,62,128,130,131" m="31273,33291,41995" machi="131" ten="40,5200,0" yaku="28,2,19,1" doraHai="89" who="1" fromWho="2" sc="288,0,360,55,105,-55,247,0" /><INIT seed="5,0,0,1,1,44" ten="288,415,50,247" oya="1" hai0="129,33,66,24,102,2,9,68,86,83,43,119,40" hai1="117,49,28,38,131,32,118,62,50,70,85,53,47" hai2="17,5,92,1,134,65,30,51,75,46,57,111,42" hai3="97,10,63,121,96,80,22,135,112,25,48,11,133"/><U19/><E131/><V52/><F111/><W116/><G121/><T132/><D119/><U98/><E38/><V14/><F75/><W16/><G112/><T73/><D73/><U13/><E28/><V115/><F1/><W94/><G116/><T108/><D108/><U128/><E32/><V114/><F5/><W71/><G80/><T91/><D68/><U82/><E128/><V95/><F134/><N who="3" m="51211" /><G97/><T77/><D66/><U69/><E98/><V81/><F65/><N who="3" m="41407" /><G48/><T39/><D102/><AGARI ba="0,0" hai="10,11,16,22,25,94,96,102" m="41407,51211" machi="102" ten="30,2000,0" yaku="20,1,54,1" doraHai="44" who="3" fromWho="0" sc="288,-20,415,0,50,0,247,20" /><INIT seed="6,0,0,3,2,112" ten="268,415,50,267" oya="2" hai0="97,27,123,92,121,105,4,117,84,47,3,22,48" hai1="2,133,12,42,94,101,18,77,71,38,49,99,72" hai2="20,100,9,76,73,128,91,64,7,36,80,106,126" hai3="6,52,88,23,15,5,35,45,0,34,44,53,124"/><V111/><F36/><W16/><G124/><T103/><D3/><U127/><E2/><V113/><F126/><W50/><G0/><T33/><D33/><U96/><E127/><V114/><F64/><W19/><G35/><T62/><D62/><U110/><E71/><V125/><F125/><W63/><G34/><T78/><D4/><U43/><E49/><V67/><F67/><W65/><G19/><T98/><D78/><U57/><E77/><V130/><F20/><W26/><G26/><T17/><D84/><U108/><E72/><V14/><F111/><W39/><G88/><T60/><D60/><U55/><E38/><V116/><F91/><W93/><G93/><T85/><D85/><U32/><E99/><N who="2" m="61727" /><F116/><W11/><G23/><T74/><D74/><U82/><E82/><V70/><F70/><W83/><G83/><T119/><D97/><U37/><E32/><V129/><AGARI ba="0,0" hai="7,9,14,73,76,80,113,114,128,129,130" m="61727" machi="129" ten="40,2100,0" yaku="19,1" doraHai="112" who="2" fromWho="2" sc="268,-7,415,-7,50,21,267,-7" /><INIT seed="6,1,0,3,2,3" ten="261,408,71,260" oya="2" hai0="102,27,95,21,128,80,2,134,65,98,57,93,76" hai1="90,31,124,104,14,113,84,94,9,85,88,72,99" hai2="5,28,51,123,17,92,101,103,107,70,37,120,60" hai3="79,19,32,75,71,105,87,59,131,22,18,56,67"/><V106/><F37/><W66/><G75/><T126/><D128/><U116/><E116/><V73/><F28/><W7/><G105/><N who="2" m="39945" /><F17/><W49/><G71/><T82/><D2/><U129/><E129/><V64/><F51/><W96/><G96/><T112/><D76/><U135/><E104/><V109/><F60/><W50/><G32/><T29/><D134/><U83/><E72/><V36/><F36/><W81/><G131/><T20/><D20/><U54/><E135/><V0/><F0/><W130/><G19/><T41/><D41/><U35/><E113/><V38/><F38/><W26/><G130/><T100/><D112/><U23/><E124/><V63/><F73/><W33/><G33/><T46/><D126/><U25/><E54/><V6/><F92/><W4/><G50/><T10/><D46/><U115/><E35/><V89/><F89/><W118/><G118/><T108/><D10/><U58/><E58/><N who="3" m="22058" /><G49/><T91/><D57/><U122/><E115/><V53/><F53/><W78/><G78/><T40/><D40/><U86/><E9/><V133/><F133/><W34/><G34/><T111/><D65/><AGARI ba="1,0" hai="4,7,18,22,26,65,66,67,79,81,87" m="22058" machi="65" ten="30,3900,0" yaku="8,1,52,2" doraHai="3" who="3" fromWho="0" sc="261,-42,408,0,71,0,260,42" /><INIT seed="7,0,0,2,5,108" ten="219,408,71,302" oya="3" hai0="55,15,35,134,96,65,30,79,112,111,69,28,34" hai1="59,75,80,109,33,114,95,102,99,11,118,48,135" hai2="23,73,127,92,97,94,84,89,21,10,5,122,19" hai3="44,123,6,74,66,40,61,62,60,22,26,125,16"/><W17/><G123/><T0/><D111/><U116/><E114/><V76/><F122/><W132/><G74/><T85/><D0/><U105/><E135/><V45/><F127/><W54/><G132/><T63/><D134/><U8/><E33/><V121/><F121/><W113/><G125/><T119/><D119/><N who="1" m="45611" /><E105/><V131/><F131/><W24/><G6/><T14/><D55/><N who="1" m="32231" /><E109/><V52/><F19/><W20/><G54/><T101/><D85/><U13/><E13/><V107/><F94/><W31/><G113/><T1/><D79/><AGARI ba="0,0" hai="8,11,75,79,80,95,99,102" m="32231,45611" machi="79" ten="30,1000,0" yaku="12,1" doraHai="108" who="1" fromWho="0" sc="219,-10,408,10,71,0,302,0" owari="209,-19.0,418,52.0,71,-43.0,302,10.0" /></mjloggm>