<mjloggm ver="2.3"><GO type="41" lobby="0"/><UN n0="%E3%81%A6%E3%82%89%E3%81%B5%E3%81%89%E3%80%82" n1="%E2%93%9D%53%75%70%68%78" n2="%E3%82%B3%E3%83%A9%E3%83%83%E3%82%BF%6C%76%38%30" n3="%E3%81%9D%E3%81%B5%E3%81%81%E3%82%82%E3%82%93" dan="15,17,15,13" rate="1962.97,2045.33,1983.33,1907.20" sx="M,M,F,F"/><TAIKYOKU oya="0"/><INIT seed="0,0,0,2,3,50" ten="250,250,250,250" oya="0" hai0="87,51,104,67,45,85,101,126,121,130,80,70,6" hai1="30,60,113,57,26,46,131,92,75,88,47,103,36" hai2="7,37,77,124,122,79,91,8,134,81,39,25,102" hai3="114,78,13,0,22,93,43,55,23,99,18,62,72"/><T21/><D126/><U19/><E75/><V2/><F122/><W127/><G0/><T129/><D121/><U28/><E131/><N who="0" m="50185" /><D6/><U34/><E113/><V109/><F124/><W123/><G114/><T17/><D80/><U1/><E103/><V90/><F109/><W116/><G116/><T29/><D29/><U106/><E106/><V125/><F125/><W10/><G43/><N who="0" m="25023" /><D70/><U89/><E1/><V74/><F79/><W84/><G72/><T44/><D44/><U33/><E36/><V135/><F39/><W52/><G127/><T107/><D67/><U69/><E69/><V49/><F37/><W5/><G62/><T97/><D107/><U27/><E19/><V117/><F117/><W82/><G123/><T119/><D119/><U31/><E31/><V111/><F111/><W83/><G83/><T48/><D48/><U86/><REACH who="1" step="1"/><E89/><REACH who="1" ten="250,240,250,250" step="2"/><V120/><F120/><W95/><G18/><T133/><D133/><U14/><E14/><AGARI ba="0,1" hai="14,17,21,85,87,97,101,104" m="25023,50185" machi="14" ten="30,1500,0" yaku="19,1" doraHai="50" who="0" fromWho="1" sc="250,25,240,-15,250,0,250,0" /><INIT seed="0,1,0,5,1,20" ten="275,225,250,250" oya="0" hai0="12,95,93,5,135,38,1,21,113,72,32,134,34" hai1="13,68,101,121,105,79,102,18,129,56,87,86,70" hai2="36,48,15,41,54,117,0,98,81,73,131,108,24" hai3="44,88,124,127,35,76,53,85,107,6,78,29,31"/><T33/><D72/><U9/><E121/><V130/><F117/><W69/><G107/><T7/><D38/><U112/><E129/><N who="2" m="49163" /><F0/><W83/><G69/><T133/><D113/><U123/><E123/><V80/><F108/><W90/><G6/><N who="0" m="2059" /><D95/><U120/><E120/><V46/><F24/><N who="3" m="18855" /><G31/><T71/><D93/><U116/><E105/><V82/><F98/><W11/><G11/><T58/><D58/><U67/><E56/><N who="2" m="32839" /><F15/><W19/><G19/><N who="0" m="10471" /><D71/><U104/><E70/><V75/><AGARI ba="1,0" hai="36,41,46,73,75,80,81,82" m="32839,49163" machi="75" ten="40,1500,0" yaku="19,1" doraHai="20" who="2" fromWho="2" sc="275,-8,225,-5,250,18,250,-5" /><INIT seed="1,0,0,4,4,103" ten="267,220,268,245" oya="1" hai0="114,121,74,92,30,97,22,56,29,53,17,96,70" hai1="10,65,33,63,21,98,135,12,7,20,89,119,123" hai2="93,14,113,84,134,117,75,76,102,32,116,39,91" hai3="51,41,109,54,132,2,34,36,38,8,19,60,120"/><U100/><E119/><N who="2" m="45643" /><F32/><W6/><G120/><T26/><D121/><U111/><E123/><V59/><F39/><W67/><G132/><T80/><D114/><U4/><E33/><V72/><F59/><W126/><G34/><T105/><D70/><U85/><E111/><V16/><F14/><W40/><G19/><T48/><D96/><U101/><E7/><V73/><F16/><W57/><G109/><T66/><D66/><U79/><E79/><V118/><F118/><W77/><G77/><T44/><D105/><U133/><E101/><V86/><F134/><N who="1" m="51209" /><E85/><V31/><F31/><W130/><G8/><T88/><D74/><N who="2" m="28778" /><F102/><W104/><G6/><T28/><REACH who="0" step="1"/><D80/><REACH who="0" ten="257,220,268,245" step="2"/><U24/><E100/><V5/><F113/><W81/><G104/><T99/><D99/><U13/><E98/><V128/><F128/><W106/><G106/><T68/><D68/><U94/><E94/><V18/><F93/><W124/><G81/><T127/><D127/><N who="3" m="48681" /><G130/><T3/><D3/><U42/><E65/><V95/><F95/><W61/><G2/><T27/><D27/><U69/><E24/><V112/><F112/><W82/><G82/><T1/><D1/><U71/><E13/><V64/><F64/><W52/><G67/><T47/><AGARI ba="0,1" hai="17,22,26,28,29,30,44,47,48,53,56,88,92,97" machi="47" ten="30,7900,0" yaku="1,1,0,1,8,1,54,1,53,0" doraHai="103" doraHaiUra="78" who="0" fromWho="0" sc="257,89,220,-39,268,-20,245,-20" /><INIT seed="2,0,0,3,2,38" ten="346,181,248,225" oya="2" hai0="94,53,74,127,58,39,46,54,84,129,12,73,17" hai1="47,85,76,81,107,93,106,109,23,108,115,6,121" hai2="100,122,126,63,135,118,125,51,20,52,87,49,69" hai3="21,50,112,99,88,104,28,92,131,22,29,15,5"/><V32/><F32/><W9/><G131/><T98/><D127/><N who="2" m="48650" /><F122/><W130/><G112/><T78/><D129/><U133/><E6/><V114/><F114/><W62/><G130/><T45/><D54/><U105/><E23/><V33/><F33/><W120/><G120/><T71/><D71/><U37/><E115/><V101/><F118/><W113/><G113/><T40/><D45/><U16/><E121/><V68/><F135/><W8/><G104/><T42/><D42/><N who="1" m="22991" /><E93/><V124/><F124/><W48/><G62/><T65/><D65/><U26/><E133/><V57/><F87/><W56/><G9/><T7/><D7/><U134/><E134/><V75/><F75/><W86/><G86/><T44/><D44/><U90/><E90/><V10/><F10/><W117/><G117/><T66/><D66/><U30/><E30/><N who="3" m="11882" /><G50/><N who="2" m="18953" /><F20/><W89/><G89/><T67/><D67/><U132/><E132/><V60/><F60/><W11/><G11/><T97/><D84/><U83/><E85/><V13/><F13/><W61/><G48/><T119/><D119/><U79/><E79/><V59/><F59/><W31/><N who="3" m="11890" /><W110/><DORA hai="18" /><G110/><N who="1" m="42602" /><E76/><V91/><F91/><W27/><G27/><T95/><D78/><U24/><E24/><V14/><F14/><W0/><G0/><T111/><D111/><U41/><E26/><V103/><AGARI ba="0,0" hai="52,57,63,68,69,100,101,103" m="18953,48650" machi="103" ten="40,3900,0" yaku="18,1,54,1" doraHai="38,18" who="2" fromWho="2" sc="346,-13,181,-13,248,39,225,-13" /><INIT seed="2,1,0,4,2,6" ten="333,168,287,212" oya="2" hai0="99,62,39,72,121,82,112,46,69,70,88,66,37" hai1="67,105,19,101,54,75,12,92,24,133,86,65,35" hai2="13,61,16,84,128,30,104,48,44,3,68,81,76" hai3="50,126,129,78,55,21,58,14,123,56,33,5,91"/><V87/><F3/><W2/><G123/><T9/><D112/><U40/><E75/><V49/><F104/><W127/><G33/><T130/><D130/><U38/><E105/><V135/><F135/><W102/><G102/><T23/><D121/><U60/><E38/><V77/><F128/><W63/><G129/><T116/><D70/><U59/><E40/><V73/><F30/><W120/><G120/><T74/><D116/><U36/><E36/><V11/><F73/><W119/><G78/><T8/><D23/><U111/><E111/><V32/><F32/><W132/><G132/><T108/><D108/><U80/><E24/><V1/><F1/><W110/><G110/><T79/><D74/><U64/><E35/><V17/><F61/><W106/><G2/><T118/><D118/><U34/><E34/><V85/><F68/><W31/><G106/><T134/><D134/><U89/><E133/><V107/><F107/><W93/><G119/><T83/><D39/><U29/><E29/><V26/><F48/><W71/><G71/><T10/><D37/><U115/><E115/><V98/><F98/><W4/><G31/><T43/><D46/><U41/><E41/><N who="2" m="24719" /><F77/><W15/><G63/><T27/><D43/><U42/><E42/><V52/><F52/><W18/><G58/><T97/><REACH who="0" step="1"/><D27/><REACH who="0" ten="323,168,287,212" step="2"/><U109/><E109/><V45/><F45/><W100/><G56/><T95/><D95/><U7/><E92/><V122/><F122/><W22/><G93/><T20/><D20/><AGARI ba="1,1" hai="11,13,16,17,20,26,76,81,84,85,87" m="24719" machi="20" ten="30,5800,0" yaku="8,1,52,1,54,1" doraHai="6" who="2" fromWho="0" sc="323,-61,168,0,287,71,212,0" /><INIT seed="2,2,0,1,0,67" ten="262,168,358,212" oya="2" hai0="106,7,89,16,47,42,60,54,100,104,83,97,56" hai1="134,14,1,99,35,28,65,58,128,96,11,64,46" hai2="103,122,0,6,88,26,57,32,75,52,12,34,21" hai3="43,15,105,85,62,118,124,126,55,121,61,38,63"/><V78/><F122/><W93/><G105/><T109/><D109/><U72/><E1/><V135/><F103/><W3/><G3/><T17/><D104/><U116/><E72/><V131/><F135/><W94/><G118/><T73/><D7/><U45/><E128/><V113/><F131/><W13/><G121/><T2/><D2/><U79/><E79/><V107/><F107/><W87/><G55/><T20/><D20/><U37/><E37/><V23/><F113/><W9/><G38/><T74/><D74/><U10/><E28/><V95/><F0/><W53/><G53/><T49/><REACH who="0" step="1"/><D89/><REACH who="0" ten="252,168,358,212" step="2"/><U111/><E111/><V132/><F6/><W66/><G9/><T80/><D80/><U18/><E11/><V48/><F23/><W41/><G94/><T19/><D19/><U69/><E18/><V101/><F75/><W102/><G93/><T76/><AGARI ba="2,1" hai="16,17,42,47,49,54,56,60,73,76,83,97,100,106" machi="76" ten="30,4000,0" yaku="1,1,0,1,54,1,53,0" doraHai="67" doraHaiUra="71" who="0" fromWho="0" sc="252,56,168,-12,358,-22,212,-12" /><INIT seed="3,0,0,2,2,131" ten="308,156,336,200" oya="3" hai0="77,59,42,40,33,104,58,90,6,71,7,20,21" hai1="13,100,63,64,45,4,122,72,103,54,78,1,10" hai2="106,2,99,18,27,96,128,67,116,84,65,46,17" hai3="61,28,80,123,37,117,14,56,129,73,30,70,110"/><W107/><G117/><T102/><D71/><U92/><E122/><V130/><F2/><W49/><G123/><T89/><D33/><U11/><E72/><V75/><F75/><W8/><G107/><T9/><D104/><U126/><E78/><V48/><F116/><W31/><G37/><T62/><D9/><U12/><E126/><V32/><F84/><W0/><G0/><T19/><D19/><N who="2" m="7178" /><F32/><W108/><G70/><T121/><D121/><U95/><E1/><V38/><F38/><W109/><G49/><T112/><D62/><U35/><E35/><V55/><F27/><W51/><G51/><T134/><D102/><U66/><E63/><V94/><F106/><W115/><G115/><T43/><D77/><U3/><E3/><V97/><F130/><W132/><G129/><T127/><D127/><U15/><E15/><V135/><F128/><W133/><G80/><T86/><D86/><U74/><E74/><V111/><F135/><N who="3" m="51787" /><G73/><T44/><D134/><U125/><E125/><V41/><F41/><W53/><G31/><T113/><REACH who="0" step="1"/><D43/><REACH who="0" ten="298,156,336,200" step="2"/><U23/><E11/><V34/><F34/><W29/><G29/><T85/><D85/><U24/><E10/><V57/><F99/><W5/><AGARI ba="0,1" hai="5,8,14,28,30,53,56,61,108,109,110" m="51787" machi="5" ten="40,18000,2" yaku="14,1,10,1,20,1,52,3" doraHai="131" who="3" fromWho="3" sc="298,-60,156,-60,336,-60,200,190" /><INIT seed="3,1,0,2,5,88" ten="238,96,276,390" oya="3" hai0="132,56,89,120,32,116,49,36,122,52,44,94,18" hai1="69,45,7,24,79,28,83,115,40,41,58,57,85" hai2="55,108,16,21,82,111,6,54,5,72,14,119,97" hai3="99,20,78,103,12,15,91,123,104,60,110,107,62"/><W65/><G123/><T29/><D132/><U17/><E69/><V8/><F119/><W86/><G78/><T50/><D116/><U101/><E115/><V77/><F97/><W130/><G130/><T22/><D36/><U0/><E41/><V125/><F125/><W128/><G128/><T73/><D73/><U135/><E135/><V23/><F23/><W26/><G107/><T64/><D29/><U106/><E17/><V11/><F55/><W2/><G2/><T37/><D32/><U96/><E7/><V33/><F33/><W27/><G62/><T42/><D37/><U98/><E98/><V134/><F134/><W48/><G48/><T118/><D64/><U76/><E76/><V100/><F100/><W9/><G110/><N who="2" m="42025" /><F54/><W109/><G109/><T38/><D38/><U46/><E0/><N who="2" m="39" /><F6/><W34/><G9/><T112/><D112/><U121/><E121/><V114/><F21/><W127/><G127/><T93/><D93/><U30/><E40/><V39/><F39/><W1/><G1/><T19/><D19/><U61/><E30/><V87/><F114/><W133/><G133/><T74/><D74/><AGARI ba="1,0" hai="11,14,16,72,74,77,82,87" m="39,42025" machi="74" ten="30,2000,0" yaku="14,1,54,1" doraHai="88" who="2" fromWho="0" sc="238,-23,96,0,276,23,390,0" /><INIT seed="4,0,0,2,4,91" ten="215,96,299,390" oya="0" hai0="75,44,124,133,31,65,19,125,117,90,3,104,103" hai1="88,41,36,128,25,77,110,79,22,70,129,38,42" hai2="113,107,120,51,54,80,100,87,101,71,74,17,55" hai3="108,48,64,81,9,47,131,73,14,15,97,7,122"/><T6/><D117/><U16/><E70/><V13/><F120/><W26/><G108/><T56/><D75/><U72/><E110/><V60/><F74/><W62/><G131/><N who="1" m="50250" /><E72/><V66/><F113/><W112/><G112/><T135/><D31/><U116/><E116/><V29/><F29/><W105/><G26/><T37/><D19/><U45/><E42/><V78/><F107/><W50/><G73/><T63/><D90/><U130/><N who="1" m="50258" /><U0/><DORA hai="134" /><E0/><V21/><REACH who="2" step="1"/><F55/><REACH who="2" ten="215,96,289,390" step="2"/><W115/><G105/><T119/><D119/><U126/><E38/><V33/><F33/><W4/><G122/><T99/><D37/><U127/><E88/><V46/><AGARI ba="0,1" hai="13,17,21,46,51,54,60,66,71,78,80,87,100,101" machi="46" ten="20,2700,0" yaku="1,1,0,1,7,1,53,0" doraHai="91,134" doraHaiUra="53,28" who="2" fromWho="2" sc="215,-13,96,-7,289,37,390,-7" /><INIT seed="5,0,0,5,1,70" ten="202,89,326,383" oya="1" hai0="30,99,67,129,10,66,14,114,135,115,125,119,37" hai1="103,112,130,100,40,69,94,54,108,29,124,8,79" hai2="96,106,82,81,3,56,4,46,23,123,85,55,48" hai3="74,44,13,71,63,68,113,31,49,134,47,89,5"/><U7/><E69/><V83/><F123/><W11/><G74/><T6/><D119/><U117/><E117/><V22/><F3/><W86/><G113/><N who="0" m="43019" /><D125/><U45/><E112/><V132/><F132/><W95/><G134/><T39/><D135/><U43/><E130/><V18/><F4/><W104/><G104/><T64/><D129/><U133/><E133/><V93/><F106/><W57/><G44/><T41/><D30/><U53/><E29/><V102/><F85/><W77/><G31/><T52/><D41/><U118/><E108/><V61/><REACH who="2" step="1"/><F18/><REACH who="2" ten="202,89,316,383" step="2"/><W16/><G5/><T9/><D99/><U0/><E118/><V101/><F101/><W120/><G120/><T84/><D84/><U111/><E111/><V51/><F51/><W42/><REACH who="3" step="1"/><G77/><REACH who="3" ten="202,89,316,373" step="2"/><T2/><D52/><AGARI ba="0,2" hai="22,23,46,48,52,55,56,61,81,82,83,93,96,102" machi="52" ten="40,5200,0" yaku="1,1,8,1,54,1,53,0" doraHai="70" doraHaiUra="36" who="2" fromWho="0" sc="202,-52,89,0,316,72,373,0" /><AGARI ba="0,0" hai="11,13,16,42,47,49,52,57,63,68,71,86,89,95" machi="52" ten="30,12000,2" yaku="1,1,2,1,7,1,54,2,53,1" doraHai="70" doraHaiUra="36" who="3" fromWho="0" sc="150,-120,89,0,388,0,373,120" /><INIT seed="6,0,0,2,4,0" ten="30,89,388,493" oya="2" hai0="114,13,130,78,72,94,26,8,129,113,15,119,96" hai1="91,28,125,88,41,134,64,24,115,76,39,121,93" hai2="86,29,71,6,67,70,57,77,68,80,33,23,47" hai3="105,124,44,108,46,4,62,123,118,82,54,98,120"/><V106/><F106/><W122/><G108/><T11/><D78/><U81/><E115/><N who="0" m="44041" /><D72/><U50/><E39/><V104/><F104/><W127/><G118/><T97/><D94/><U87/><E125/><N who="3" m="48202" /><G82/><T110/><D110/><U55/><E134/><V107/><F107/><W9/><G62/><T90/><D90/><U7/><E41/><V112/><F112/><W22/><G22/><T100/><D100/><U49/><E91/><V38/><F33/><W53/><G54/><T65/><D65/><U84/><E121/><V126/><F126/><W36/><G53/><T135/><D135/><U1/><E64/><V43/><F6/><W5/><G9/><N who="0" m="3659" /><D119/><U116/><E116/><V131/><F131/><N who="0" m="50186" /><D26/><U63/><E24/><V19/><F57/><W66/><G66/><T18/><D18/><U12/><E76/><V52/><F52/><W69/><G69/><T34/><D34/><U14/><E55/><V103/><F103/><N who="3" m="62711" /><G46/><T2/><D2/><U51/><E1/><V75/><F75/><W58/><G58/><T35/><D35/><U16/><E63/><V117/><F117/><W27/><G27/><T45/><D45/><U99/><E81/><V31/><REACH who="2" step="1"/><F67/><REACH who="2" ten="30,89,378,493" step="2"/><W111/><G111/><T83/><D83/><U42/><E93/><V79/><F79/><W92/><G92/><T17/><D17/><U32/><E16/><V21/><F21/><W59/><G59/><T30/><D30/><U133/><E28/><V109/><F109/><W3/><G3/><T60/><D60/><U40/><E32/><V20/><F20/><W95/><G95/><T56/><D56/><RYUUKYOKU ba="0,1" sc="30,10,89,-30,378,10,493,10" hai0="13,15,96,97" hai2="19,23,29,31,38,43,47,68,70,71,77,80,86" hai3="4,5,36,44,120,122,123" /><INIT seed="6,1,1,2,3,7" ten="40,59,388,503" oya="2" hai0="44,72,39,73,28,107,119,116,42,121,30,99,88" hai1="46,70,31,19,84,0,79,103,122,67,85,112,16" hai2="86,24,48,78,90,1,97,36,74,3,114,131,21" hai3="94,68,101,117,132,63,104,51,135,95,35,18,5"/><V54/><F36/><W129/><G117/><N who="0" m="45131" /><D121/><U34/><E0/><V55/><F114/><W93/><G35/><T115/><D115/><U40/><E112/><V56/><F131/><W32/><G32/><T126/><D126/><U17/><E103/><V13/><F74/><N who="0" m="28778" /><D107/><U100/><E100/><V127/><F127/><W49/><G129/><T123/><D123/><U65/><E122/><V76/><F13/><W102/><G18/><T6/><D6/><U9/><E70/><V98/><F3/><W124/><G124/><T14/><D14/><U50/><E34/><V82/><F1/><W10/><G104/><T91/><D99/><N who="2" m="37898" /><F54/><W109/><G102/><T113/><D113/><U118/><E118/><V64/><F64/><N who="1" m="24649" /><E79/><V20/><F20/><W58/><G101/><T45/><D45/><U27/><E9/><V53/><F53/><N who="3" m="34255" /><G68/><T96/><D96/><U89/><E89/><AGARI ba="1,1" hai="28,30,39,42,44,88,89,91" m="28778,45131" machi="89" ten="30,2000,0" yaku="12,1,54,1" doraHai="7" who="0" fromWho="1" sc="40,33,59,-23,388,0,503,0" /><INIT seed="7,0,0,2,1,29" ten="73,36,388,503" oya="3" hai0="30,78,13,26,108,121,101,5,12,111,89,102,133" hai1="58,80,115,124,28,107,3,25,54,41,105,104,22" hai2="134,86,109,47,32,20,120,122,82,113,33,110,88" hai3="83,75,0,8,34,106,117,56,119,45,14,125,39"/><W77/><G106/><T36/><D121/><N who="2" m="46698" /><F47/><W70/><G70/><T126/><D36/><U55/><E3/><V51/><F51/><W123/><G14/><T76/><D126/><U130/><E124/><V43/><F43/><N who="3" m="22783" /><G56/><T37/><D37/><U67/><E130/><V100/><F113/><W95/><G125/><T68/><D68/><U114/><E41/><V103/><F134/><W60/><G60/><T98/><D133/><U46/><E80/><V44/><F44/><W93/><G123/><T40/><D40/><U53/><REACH who="1" step="1"/><E46/><REACH who="1" ten="73,26,388,503" step="2"/><V72/><F72/><W18/><G75/><T49/><D111/><N who="2" m="42506" /><F20/><W128/><G83/><T116/><D108/><U127/><E127/><V65/><F65/><W52/><G95/><T97/><D116/><U4/><E4/><V118/><F118/><W48/><G93/><T10/><D5/><U71/><E71/><V7/><F7/><W42/><G117/><T74/><D74/><U129/><E129/><V17/><F17/><W81/><G119/><T38/><D38/><U1/><E1/><V66/><F66/><W6/><G18/><T23/><D30/><U132/><E132/><V35/><AGARI ba="0,1" hai="32,33,35,82,86,88,100,103" m="42506,46698" machi="35" ten="40,8000,1" yaku="13,1,52,3,54,1" doraHai="29" who="2" fromWho="2" sc="73,-20,26,-20,388,90,503,-40" owari="53,-35.0,6,-49.0,478,58.0,463,26.0" /></mjloggm>