<mjloggm ver="2.3"><GO type="41" lobby="0"/><UN n0="%E2%93%9D%53%75%70%68%78" n1="%E8%A6%9A%E6%82%9F%E3%81%A8%E3%81%AF%E6%9A%97%E9%97%87%E3%81%AE%E8%8D%92" n2="%E3%82%AE%E3%82%AE%E3%82%AE%E3%83%BC%E3%82%BF" n3="%E4%B8%83%E6%98%9F%E7%90%83" dan="18,14,13,15" rate="2074.16,1853.59,1809.38,2014.92" sx="M,M,M,M"/><TAIKYOKU oya="0"/><INIT seed="0,0,0,0,0,79" ten="250,250,250,250" oya="0" hai0="68,34,105,120,5,51,132,27,69,25,124,65,44" hai1="31,24,96,135,104,81,10,107,75,6,119,12,21" hai2="78,118,50,113,61,67,0,114,45,52,49,92,74" hai3="29,56,100,102,117,108,97,101,64,70,35,87,76"/><T28/><D120/><U133/><E119/><V57/><F0/><W122/><G70/><T13/><D124/><U90/><E75/><V37/><F92/><W128/><G29/><T20/><D132/><N who="1" m="50763" /><E96/><V80/><F78/><W9/><G35/><T17/><D105/><U60/><E60/><V131/><F118/><W126/><G56/><T99/><D65/><U23/><E23/><V123/><F80/><N who="3" m="47495" /><G9/><T1/><D27/><U33/><E33/><V47/><F74/><W41/><G41/><T42/><REACH who="0" step="1"/><D99/><REACH who="0" ten="240,250,250,250" step="2"/><U38/><E38/><V127/><F123/><W63/><G117/><T82/><D82/><U85/><AGARI ba="0,1" hai="6,10,12,21,24,31,81,85,90,104,107" m="50763" machi="85" ten="30,2000,0" yaku="20,1,52,1" doraHai="79" who="1" fromWho="1" sc="240,-10,250,30,250,-5,250,-5" /><INIT seed="1,0,0,0,3,128" ten="230,280,245,245" oya="1" hai0="61,120,84,4,88,69,117,70,60,23,97,100,91" hai1="47,3,127,35,46,42,54,24,32,77,45,22,89" hai2="103,26,19,63,40,83,123,79,44,12,64,134,74" hai3="106,122,101,108,36,17,39,124,72,82,80,29,90"/><U37/><E127/><V51/><F123/><W50/><G108/><T7/><D117/><U118/><E118/><V14/><F103/><W114/><G122/><T111/><D120/><U131/><E131/><V57/><F134/><W30/><G114/><T9/><D23/><U75/><E3/><V25/><F19/><W15/><G124/><T20/><D20/><U126/><E126/><V11/><REACH who="2" step="1"/><F11/><REACH who="2" ten="230,280,235,245" step="2"/><W33/><G101/><T92/><D111/><U10/><E10/><V58/><F58/><W78/><G106/><T56/><D70/><U133/><E133/><V66/><F66/><W55/><G30/><T52/><D9/><U87/><E45/><V86/><F86/><W8/><G29/><T85/><D69/><U95/><E87/><V48/><F48/><W129/><G129/><T110/><D110/><U104/><E104/><V113/><F113/><W125/><G125/><T0/><D61/><U13/><E47/><V1/><F1/><W94/><G39/><T21/><D0/><U102/><E102/><V38/><F38/><W71/><G36/><T27/><D85/><U31/><E31/><V41/><F41/><W34/><G71/><T107/><REACH who="0" step="1"/><D91/><REACH who="0" ten="220,280,235,245" step="2"/><U105/><E89/><V112/><F112/><W121/><G121/><T93/><D93/><U43/><E95/><V16/><F16/><AGARI ba="0,2" hai="4,7,16,21,27,52,56,60,84,88,92,97,100,107" machi="16" ten="30,12000,2" yaku="1,1,7,1,54,3,53,2" doraHai="128" doraHaiUra="2" who="0" fromWho="2" sc="220,140,280,0,235,-120,245,0" /><INIT seed="2,0,0,5,4,120" ten="360,280,115,245" oya="2" hai0="82,128,111,55,85,61,6,116,105,38,8,73,66" hai1="17,27,16,86,48,63,62,57,54,68,70,11,132" hai2="15,98,42,115,67,87,45,126,80,29,92,37,94" hai3="107,39,44,97,133,47,3,134,60,41,1,76,124"/><V36/><F115/><W95/><G107/><T51/><D38/><U106/><E106/><V117/><F117/><W130/><G124/><T12/><D128/><U22/><E132/><N who="3" m="50794" /><G76/><T40/><D73/><U20/><E11/><V75/><F126/><W35/><G35/><T33/><D33/><U96/><E96/><V123/><F123/><W46/><G60/><T71/><D40/><U34/><E34/><V26/><F75/><W121/><G121/><T129/><D129/><U104/><E104/><V31/><F67/><W7/><G130/><T78/><D105/><U81/><E68/><V19/><F37/><W2/><G7/><T59/><REACH who="0" step="1"/><D116/><REACH who="0" ten="350,280,115,245" step="2"/><U18/><E70/><V100/><F42/><W108/><G41/><T69/><D69/><U74/><E74/><V72/><F36/><W49/><G39/><T65/><D65/><U83/><E27/><V114/><F114/><W101/><G49/><T88/><D88/><U4/><E48/><V10/><F72/><W102/><G102/><T90/><D90/><U113/><E113/><V14/><F92/><W135/><G135/><T56/><D56/><U0/><E57/><V50/><F26/><W58/><G58/><T28/><D28/><U25/><E25/><V30/><F29/><W32/><G32/><T118/><D118/><U119/><E119/><V91/><REACH who="2" step="1"/><F15/><REACH who="2" ten="350,280,105,245" step="2"/><W125/><G125/><T53/><D53/><U9/><E54/><V93/><F93/><W13/><G13/><T112/><D112/><U127/><E127/><V99/><F99/><W5/><G95/><T21/><D21/><N who="1" m="8299" /><E81/><V89/><F89/><AGARI ba="0,2" hai="0,4,9,16,17,18,62,63,83,86,89" m="8299" machi="89" ten="30,2000,0" yaku="6,1,54,1" doraHai="120" who="1" fromWho="2" sc="350,0,280,40,105,-20,245,0" /><INIT seed="3,0,0,4,1,36" ten="350,320,85,245" oya="3" hai0="108,74,119,95,111,7,83,64,61,8,121,93,4" hai1="94,120,17,88,131,107,37,69,72,113,50,101,134" hai2="33,19,96,31,124,115,66,123,42,132,27,16,53" hai3="92,67,104,59,0,52,38,48,114,129,105,79,46"/><W75/><G114/><T60/><D119/><U102/><E69/><V30/><F115/><W91/><G129/><T86/><D74/><U110/><E50/><V21/><F123/><W29/><G0/><T54/><D54/><U28/><E28/><V130/><F130/><W122/><G122/><T112/><D112/><U73/><E17/><V40/><F132/><W78/><G29/><N who="2" m="10761" /><F33/><W14/><G14/><T65/><D86/><N who="1" m="52503" /><E37/><V125/><F96/><W49/><G38/><T26/><D121/><U127/><E131/><V9/><F66/><W32/><G32/><T10/><REACH who="0" step="1"/><D83/><REACH who="0" ten="340,320,85,245" step="2"/><U68/><E113/><V71/><F53/><W109/><G75/><T77/><D77/><U1/><E73/><V62/><F71/><W135/><G79/><T35/><D35/><U80/><E68/><V45/><F62/><W85/><G78/><T103/><D103/><U90/><E72/><V116/><F116/><W76/><G76/><T39/><D39/><U18/><E101/><V23/><F9/><W51/><G135/><T57/><D57/><U106/><E102/><V81/><F45/><W117/><G117/><T70/><D70/><U22/><E134/><V56/><F56/><W58/><G58/><T100/><D100/><U63/><E120/><V47/><F81/><W43/><G67/><T5/><D5/><U13/><E80/><V82/><F47/><W97/><G59/><T89/><D89/><U84/><E90/><V99/><F82/><W126/><G52/><T44/><D44/><U2/><E2/><V87/><F99/><W98/><G98/><T118/><D118/><RYUUKYOKU ba="0,1" sc="340,30,320,-10,85,-10,245,-10" hai0="4,7,8,10,26,60,61,64,65,93,95,108,111" /><INIT seed="4,1,1,5,0,3" ten="370,310,75,235" oya="0" hai0="19,90,60,14,108,124,131,117,115,10,6,123,83" hai1="26,110,91,64,47,37,85,103,106,75,12,57,89" hai2="130,68,135,119,93,133,7,102,80,32,67,40,88" hai3="129,82,94,134,63,43,20,25,96,77,30,69,48"/><T52/><D117/><U127/><E110/><V62/><F32/><W4/><G129/><T50/><D123/><U44/><E127/><V16/><F119/><W116/><G134/><T11/><D115/><U8/><E75/><V73/><F130/><W53/><G116/><T61/><D124/><U101/><E26/><V111/><F111/><W128/><G128/><T125/><D125/><U71/><E71/><V13/><F40/><W41/><G69/><T24/><D108/><U27/><E27/><V112/><F102/><N who="1" m="38921" /><E37/><V15/><F112/><W121/><G63/><T54/><D54/><U105/><E105/><V120/><F73/><W66/><G66/><T74/><D131/><U17/><E106/><V55/><F80/><W49/><G121/><T22/><D11/><U59/><E91/><V35/><F55/><W9/><G43/><T23/><D23/><U39/><E39/><V100/><F35/><W99/><G41/><T109/><D109/><U86/><E86/><V126/><F100/><W92/><G96/><T104/><D104/><U84/><E84/><V5/><F120/><W34/><G34/><T118/><D118/><U58/><E64/><V46/><F126/><W95/><G99/><T98/><D74/><U45/><E45/><V1/><F46/><W107/><G107/><T51/><D98/><U81/><AGARI ba="1,1" hai="8,12,17,44,47,57,58,59,81,85,89" m="38921" machi="81" ten="30,1100,0" yaku="8,1" doraHai="3" who="1" fromWho="1" sc="370,-6,310,24,75,-4,235,-4" /><INIT seed="5,0,0,4,4,83" ten="364,334,71,231" oya="1" hai0="46,48,62,72,2,20,121,92,44,63,112,129,17" hai1="45,29,123,31,96,124,75,26,122,61,127,71,50" hai2="11,91,68,24,37,128,132,120,109,88,107,49,57" hai3="14,105,39,7,25,101,43,0,131,67,130,134,89"/><U32/><E75/><V35/><F107/><W38/><G67/><T115/><D2/><U40/><E96/><V41/><F109/><W110/><G14/><T59/><D72/><U13/><E13/><V118/><F120/><W15/><G15/><T65/><D129/><U78/><E78/><V55/><F118/><W8/><G89/><T95/><D121/><U10/><E10/><V135/><F68/><W21/><G110/><T133/><D133/><U5/><E5/><V69/><F128/><W18/><G134/><N who="2" m="51241" /><F69/><W3/><G3/><T102/><D63/><U97/><E97/><V53/><F11/><W54/><G131/><T93/><D102/><U60/><E29/><N who="2" m="19879" /><F53/><W99/><G54/><T56/><D115/><U82/><E82/><V16/><F41/><W19/><G43/><T125/><D112/><U34/><E34/><V108/><F37/><W30/><G130/><T1/><D65/><N who="1" m="41383" /><E61/><V113/><F108/><W106/><G106/><T51/><D62/><U36/><E50/><V87/><F113/><W76/><G38/><T6/><D51/><U47/><E47/><V94/><F91/><W86/><G39/><T28/><D48/><U79/><E79/><V12/><F12/><W85/><G76/><T58/><D46/><U111/><E111/><V9/><F9/><W119/><G119/><T98/><D44/><U64/><E64/><V114/><F114/><W104/><G104/><T27/><D1/><U77/><E77/><V117/><F117/><W22/><G30/><T4/><D28/><U23/><E23/><V74/><F74/><W126/><G22/><RYUUKYOKU ba="0,0" sc="364,-15,334,15,71,15,231,-15" hai1="26,31,32,36,40,45,122,123,124,127" hai2="16,49,55,57,87,88,94" /><INIT seed="5,1,0,3,5,9" ten="349,349,86,216" oya="1" hai0="11,5,72,89,107,38,114,69,80,27,46,131,118" hai1="8,101,18,102,71,117,62,56,106,50,135,16,124" hai2="83,115,3,94,130,57,105,75,13,116,129,109,19" hai3="32,82,95,15,92,49,33,26,44,103,45,104,63"/><U96/><E117/><V2/><F105/><W112/><G112/><T132/><D132/><U24/><E135/><V37/><F116/><W79/><G104/><T66/><D131/><N who="2" m="50186" /><F37/><W7/><G32/><T25/><D66/><U47/><E124/><V12/><F75/><W87/><G63/><T100/><D69/><U73/><E73/><V58/><F109/><W67/><G67/><T42/><D114/><U110/><E110/><V99/><F115/><W86/><G33/><T76/><D89/><U93/><E71/><V20/><F83/><N who="3" m="47487" /><G26/><T121/><D121/><U35/><E35/><V98/><F94/><W39/><G39/><T74/><D74/><U41/><E106/><V108/><F108/><W90/><G45/><T59/><D59/><N who="2" m="22538" /><F19/><W21/><G103/><T97/><D118/><U70/><E70/><V60/><F20/><W53/><G7/><T123/><D123/><U113/><E113/><V1/><F60/><W84/><G84/><T29/><D29/><U48/><E24/><V40/><F40/><W17/><AGARI ba="1,0" hai="15,17,21,44,49,53,82,87,90,92,95" m="47487" machi="17" ten="30,2000,0" yaku="8,1,52,1" doraHai="9" who="3" fromWho="3" sc="349,-6,349,-11,86,-6,216,23" /><INIT seed="6,0,0,4,0,75" ten="343,338,80,239" oya="2" hai0="112,63,49,19,95,4,39,132,16,52,125,133,101" hai1="54,79,58,13,87,3,38,129,100,21,51,98,66" hai2="43,86,64,40,14,77,82,24,65,61,9,106,57" hai3="69,56,73,46,23,116,119,81,126,41,80,124,22"/><V113/><F106/><W84/><G69/><T90/><D39/><U118/><E118/><V5/><F113/><W134/><G56/><N who="0" m="35207" /><D125/><N who="3" m="48233" /><G23/><T71/><D101/><U85/><E38/><V37/><F37/><N who="3" m="21807" /><G22/><T92/><D92/><N who="1" m="58439" /><E3/><V108/><F108/><W104/><G104/><T109/><D71/><U88/><E129/><V8/><F9/><W30/><G30/><T34/><D34/><U15/><E66/><V44/><F24/><W10/><G10/><T17/><D109/><U97/><E21/><V36/><REACH who="2" step="1"/><F43/><REACH who="2" ten="343,338,70,239" step="2"/><W111/><G111/><T28/><D112/><U107/><E107/><V115/><F115/><W60/><G134/><T89/><D133/><U68/><E68/><V18/><F18/><W67/><G116/><T27/><D132/><U103/><E103/><V76/><F76/><N who="3" m="44047" /><G119/><T70/><D70/><U35/><E79/><V1/><F1/><W128/><G128/><T123/><D19/><U122/><E122/><V131/><F131/><W0/><G0/><T29/><D17/><U62/><E35/><V135/><F135/><W94/><G94/><T120/><D120/><U96/><E15/><V2/><F2/><W25/><G25/><T130/><D130/><U31/><E13/><V127/><F127/><W32/><G32/><T33/><D33/><U50/><E31/><V59/><F59/><W12/><G12/><T74/><D29/><U93/><E97/><V72/><F72/><W47/><G84/><AGARI ba="0,1" hai="50,51,54,58,62,84,85,87,88,93,96" m="58439" machi="84" ten="30,2000,0" yaku="8,1,54,1" doraHai="75" who="1" fromWho="3" sc="343,0,338,30,70,0,239,-20" /><INIT seed="7,0,0,4,5,105" ten="343,368,70,219" oya="3" hai0="52,10,39,19,41,65,12,104,129,93,125,63,66" hai1="46,74,15,75,103,11,107,1,13,36,58,16,48" hai2="28,55,94,31,132,56,99,78,23,54,121,7,89" hai3="40,72,47,32,71,49,37,124,110,117,9,84,81"/><W50/><G117/><T35/><D104/><U85/><E36/><V97/><F132/><W18/><G32/><T30/><D129/><U128/><E128/><V20/><F121/><W5/><G124/><T25/><D125/><U87/><E1/><V116/><F7/><W45/><G71/><T67/><D39/><U6/><E58/><V77/><F116/><W106/><G106/><T119/><D41/><U80/><E103/><V131/><F131/><W43/><G110/><T113/><D119/><U111/><E107/><V29/><F56/><W59/><G59/><T126/><D126/><U91/><E111/><V34/><F34/><W114/><G114/><T53/><D63/><U69/><E87/><V26/><F26/><W79/><G18/><T51/><D113/><U122/><E69/><V60/><F60/><W17/><G17/><T100/><REACH who="0" step="1"/><D51/><REACH who="0" ten="333,368,70,219" step="2"/><U64/><E122/><V82/><F82/><W42/><G42/><T108/><D108/><U21/><E64/><V109/><F109/><W102/><G102/><T90/><D90/><U27/><E27/><V115/><F115/><W92/><G92/><T38/><D38/><U118/><E118/><V135/><F89/><W4/><G37/><T112/><D112/><U62/><E62/><V101/><F94/><W57/><G57/><T44/><D44/><U22/><E22/><V70/><F70/><W120/><G120/><T24/><D24/><U134/><E134/><V61/><F135/><W123/><G123/><T96/><AGARI ba="0,1" hai="10,12,19,25,30,35,52,53,65,66,67,93,96,100" machi="96" ten="30,4000,0" yaku="1,1,0,1,54,1,53,0" doraHai="105" doraHaiUra="3" who="0" fromWho="0" sc="333,50,368,-10,70,-10,219,-20" owari="383,48.0,358,16.0,60,-44.0,199,-20.0" /></mjloggm>