<mjloggm ver="2.3"><GO type="41" lobby="0"/><UN n0="%54%54%54%54%68" n1="%E2%93%9D%4E%41%47%41%32%35" n2="%E3%83%8B%E3%83%BC%E3%83%88%E3%81%AE%E7%88%B6%E3%81%A7%E3%81%99%E3%80%82" n3="%E2%93%9D%53%75%70%68%78" dan="15,18,14,18" rate="1986.77,2143.42,1955.20,2093.67" sx="F,F,M,M"/><TAIKYOKU oya="0"/><INIT seed="0,0,0,2,3,62" ten="250,250,250,250" oya="0" hai0="126,107,95,10,36,66,81,3,119,32,60,47,104" hai1="90,105,1,98,94,15,54,69,56,118,78,64,121" hai2="40,72,35,17,20,128,113,87,91,123,108,38,100" hai3="31,9,63,68,33,7,11,18,79,37,134,114,75"/><T53/><D119/><U135/><E118/><V34/><F123/><W85/><G37/><T102/><D32/><U110/><E1/><V112/><F72/><W73/><G114/><T109/><D126/><U44/><E121/><V132/><F108/><W125/><G85/><T120/><D120/><U133/><E110/><V19/><F132/><N who="1" m="50761" /><E78/><V127/><F128/><W96/><G18/><T65/><D81/><U2/><E2/><V21/><F127/><W103/><G11/><T14/><D3/><U43/><E105/><V30/><F100/><W82/><G9/><T59/><D109/><U77/><E15/><V131/><F131/><W26/><G7/><T28/><D28/><U117/><E77/><V6/><F6/><W116/><G116/><T115/><D115/><U88/><E69/><V27/><F40/><W101/><G101/><T4/><D95/><U84/><E64/><V57/><F38/><W23/><G75/><T45/><D36/><N who="1" m="21607" /><E117/><V48/><F30/><W83/><G125/><T13/><D13/><U111/><E111/><V29/><F29/><W97/><G134/><T122/><D122/><U74/><E74/><V49/><F27/><W76/><G33/><T106/><D102/><N who="1" m="60759" /><E84/><V52/><F87/><N who="3" m="48583" /><G103/><T67/><AGARI ba="0,0" hai="4,10,14,45,47,53,59,60,65,66,67,104,106,107" machi="67" ten="40,12000,1" yaku="0,1,52,3" doraHai="62" who="0" fromWho="0" sc="250,120,250,-40,250,-40,250,-40" /><INIT seed="0,1,0,2,4,89" ten="370,210,210,210" oya="0" hai0="108,133,18,115,135,13,126,58,60,10,132,52,81" hai1="53,68,91,36,102,19,2,74,113,50,63,107,92" hai2="120,130,37,88,29,38,118,47,114,54,79,65,23" hai3="62,56,15,45,64,28,35,20,33,14,9,32,76"/><T121/><D115/><U127/><E36/><V67/><F120/><W110/><G110/><T3/><D121/><U25/><E2/><V27/><F114/><W129/><G129/><T51/><D126/><U103/><E74/><V100/><F79/><W5/><G76/><T30/><D108/><U59/><E107/><V1/><F1/><W90/><G45/><T109/><D109/><U0/><E0/><V24/><F100/><N who="1" m="38441" /><E68/><V72/><F72/><W48/><G48/><T86/><D30/><U73/><E73/><V119/><F130/><W93/><G15/><T124/><D3/><U80/><E127/><V61/><F27/><W101/><G101/><T123/><D123/><U11/><E80/><V116/><F54/><W77/><G77/><T98/><D98/><N who="1" m="57631" /><E113/><V71/><F65/><W22/><REACH who="3" step="1"/><G28/><REACH who="3" ten="370,210,210,200" step="2"/><T85/><D124/><U17/><E11/><V40/><F38/><W70/><G70/><T78/><REACH who="0" step="1"/><D51/><REACH who="0" ten="360,210,210,200" step="2"/><U131/><E131/><V55/><F119/><W87/><AGARI ba="1,2" hai="5,9,14,20,22,32,33,35,56,62,64,87,90,93" machi="87" ten="30,7900,0" yaku="1,1,0,1,52,1,53,1" doraHai="89" doraHaiUra="57" who="3" fromWho="3" sc="360,-40,210,-21,210,-21,200,102" /><INIT seed="1,0,0,5,3,12" ten="320,189,189,302" oya="1" hai0="34,13,26,21,18,50,66,35,97,127,71,82,20" hai1="120,42,116,84,114,11,90,75,131,76,99,72,104" hai2="30,74,0,79,108,44,96,28,54,31,129,118,52" hai3="17,22,53,68,134,43,95,125,9,24,85,109,10"/><U51/><E114/><V126/><F108/><W40/><G68/><T3/><D127/><U80/><E116/><V36/><F118/><W29/><G134/><T47/><D3/><U61/><E120/><V92/><F129/><W64/><G64/><T57/><D71/><U111/><E131/><V122/><F0/><W94/><G109/><T45/><D82/><U33/><E33/><V41/><F126/><W89/><G125/><T46/><D97/><U91/><E111/><V87/><F87/><W38/><G38/><T15/><D15/><U100/><E61/><V7/><F7/><W119/><G29/><T123/><D123/><U110/><E110/><V113/><F113/><W69/><G69/><T49/><D49/><U81/><E11/><N who="3" m="4106" /><G119/><T23/><D23/><U6/><E6/><V8/><F8/><W121/><G121/><T132/><D132/><U93/><E51/><V135/><F135/><W105/><G105/><T60/><REACH who="0" step="1"/><D50/><REACH who="0" ten="310,189,189,302" step="2"/><U112/><E112/><V48/><F48/><W102/><G22/><T5/><D5/><U70/><E70/><V124/><F124/><W101/><G43/><T14/><D14/><U78/><E42/><V55/><F122/><W98/><G40/><T128/><D128/><U106/><E91/><V39/><F39/><W67/><G89/><T63/><D63/><U65/><E65/><V16/><F79/><W62/><G67/><T83/><D83/><AGARI ba="0,1" hai="72,75,76,78,80,81,83,84,90,93,99,100,104,106" machi="83" ten="30,24000,3" yaku="7,1,9,1,35,6" doraHai="12" who="1" fromWho="0" sc="310,-240,189,250,189,0,302,0" /><INIT seed="1,1,0,2,2,48" ten="70,439,189,302" oya="1" hai0="101,24,47,70,52,46,117,108,100,19,43,75,67" hai1="28,88,66,16,55,58,34,18,41,23,61,13,9" hai2="4,134,5,29,92,21,57,125,102,39,42,103,84" hai3="122,35,126,27,6,113,0,51,60,3,49,17,131"/><U69/><E41/><V63/><F134/><W50/><G113/><T64/><D117/><U8/><E34/><V99/><F125/><W65/><G122/><T79/><D108/><U89/><E28/><V115/><F42/><W53/><G131/><T120/><D120/><U77/><E77/><V83/><F39/><W12/><G6/><T124/><D124/><U118/><E118/><V96/><F29/><W2/><G126/><T91/><D70/><U33/><E33/><V71/><F71/><W104/><G104/><T73/><D91/><U40/><E40/><V82/><F21/><W45/><G27/><T95/><D43/><U127/><E127/><V114/><F63/><W116/><G35/><T68/><D68/><U74/><E74/><V22/><F22/><W129/><G129/><T36/><D24/><U44/><E44/><V62/><F115/><W112/><G116/><T130/><D130/><U54/><E9/><V31/><F31/><W111/><G111/><T78/><D95/><U86/><E69/><V11/><F11/><W119/><G112/><T98/><D98/><U109/><E109/><V20/><F20/><N who="3" m="11303" /><G119/><T110/><D110/><U80/><E89/><V59/><F114/><W32/><G32/><T37/><REACH who="0" step="1"/><D19/><REACH who="0" ten="60,439,189,302" step="2"/><U10/><E10/><V105/><F92/><W107/><G107/><T87/><D87/><U128/><E128/><V133/><F105/><W97/><G97/><T106/><D106/><U135/><E135/><V7/><F133/><W85/><G85/><T26/><D26/><AGARI ba="1,1" hai="8,13,16,18,23,26,54,55,58,61,66,80,86,88" machi="26" ten="30,18000,2" yaku="7,1,8,1,52,2,54,2" doraHai="48" who="1" fromWho="0" sc="60,-183,439,193,189,0,302,0" owari="-123,-62.0,632,73.0,189,-21.0,302,10.0" /></mjloggm>