<mjloggm ver="2.3"><GO type="41" lobby="0"/><UN n0="%42%6C%61%73%74%37" n1="%48%69%72%6F%6B%69%4B" n2="%E3%83%9D%E3%83%B3%54%45%4E" n3="%E2%93%9D%53%75%70%68%78" dan="15,13,15,18" rate="2035.73,1872.41,2098.80,2115.37" sx="F,M,F,M"/><TAIKYOKU oya="0"/><INIT seed="0,0,0,2,2,117" ten="250,250,250,250" oya="0" hai0="91,8,99,63,129,2,31,48,30,45,59,65,70" hai1="0,90,76,11,72,51,53,135,5,81,106,24,40" hai2="41,125,131,86,94,37,75,103,54,67,14,29,18" hai3="33,128,12,57,21,95,120,34,15,82,130,80,17"/><T107/><D129/><N who="3" m="49769" /><G95/><T58/><D2/><U19/><E106/><V109/><F131/><W96/><G96/><T93/><D107/><U43/><E135/><V9/><F75/><W26/><G57/><T1/><D1/><U62/><E62/><V85/><F109/><W7/><G82/><T38/><D8/><U35/><E90/><V27/><F37/><W32/><G80/><T13/><D13/><N who="3" m="5193" /><G7/><T133/><D133/><U110/><E110/><V10/><F41/><W47/><G47/><T97/><D97/><U121/><E43/><V25/><F67/><W73/><G73/><T114/><D114/><U50/><E40/><V64/><F64/><W127/><G127/><T108/><D108/><U98/><E98/><N who="2" m="59863" /><F125/><W44/><G44/><T36/><D59/><U119/><E119/><V16/><F54/><W118/><G118/><T79/><D79/><U20/><E51/><V74/><F74/><W122/><AGARI ba="0,0" hai="17,21,26,32,33,34,120,122" m="5193,49769" machi="122" ten="40,8000,1" yaku="19,1,34,2,52,2" doraHai="117" who="3" fromWho="3" sc="250,-40,250,-20,250,-20,250,80" /><INIT seed="1,0,0,2,4,29" ten="210,230,230,330" oya="1" hai0="79,55,31,95,111,63,15,47,8,116,89,14,10" hai1="66,13,28,57,40,78,98,59,117,45,4,126,35" hai2="23,69,36,128,50,65,56,5,94,118,0,49,22" hai3="122,123,104,105,84,87,108,18,27,61,68,17,71"/><U106/><E126/><V20/><F36/><W44/><G61/><T30/><D111/><U38/><E117/><V96/><F118/><W7/><G7/><T82/><D116/><U16/><E4/><V76/><F69/><W131/><G44/><T58/><D47/><U9/><E78/><V42/><F128/><W120/><G27/><T102/><D102/><U73/><E73/><V121/><F121/><W54/><G54/><T52/><D55/><U88/><E66/><V134/><F134/><W19/><G108/><T70/><D70/><N who="3" m="26665" /><G131/><T60/><D60/><U51/><E38/><V6/><F76/><W101/><G101/><T1/><D1/><U75/><E75/><V3/><F3/><W46/><G46/><T124/><D124/><U112/><E112/><V11/><F6/><W62/><G62/><T32/><D32/><U110/><E110/><V130/><F130/><W53/><G53/><T83/><D15/><U86/><E98/><V39/><F39/><W135/><G135/><T129/><D129/><U114/><E106/><AGARI ba="0,0" hai="17,18,19,84,87,104,105,106,120,122,123" m="26665" machi="106" ten="40,2600,0" yaku="28,2" doraHai="29" who="3" fromWho="1" sc="210,0,230,-26,230,0,330,26" /><INIT seed="2,0,0,3,3,128" ten="210,204,230,356" oya="2" hai0="25,79,43,90,106,2,13,4,109,11,45,100,17" hai1="73,40,119,32,94,118,127,35,60,110,84,20,116" hai2="67,91,0,56,81,75,44,111,113,6,120,61,5" hai3="135,53,22,37,51,19,92,28,97,14,101,121,24"/><V77/><F120/><W38/><G135/><T134/><D109/><U3/><E73/><V31/><F111/><W18/><G121/><T112/><D112/><U62/><E3/><V50/><F113/><W80/><G80/><T66/><D66/><U83/><E40/><V85/><F31/><W89/><G101/><T107/><D90/><U122/><E110/><V47/><F0/><W54/><G54/><T99/><D107/><U130/><E130/><V117/><F117/><W64/><G64/><T69/><D69/><U65/><E127/><V108/><F108/><W21/><REACH who="3" step="1"/><G28/><REACH who="3" ten="210,204,230,346" step="2"/><T48/><D134/><U103/><E122/><V76/><F76/><W87/><G87/><T114/><D114/><U41/><E119/><V105/><F105/><W15/><G15/><T125/><D125/><U36/><E118/><V8/><F47/><AGARI ba="0,1" hai="14,18,19,21,22,24,37,38,47,51,53,89,92,97" machi="47" ten="30,7700,0" yaku="1,1,7,1,53,2" doraHai="128" doraHaiUra="70" who="3" fromWho="2" sc="210,0,204,0,230,-77,346,87" /><INIT seed="3,0,0,1,1,52" ten="210,204,153,433" oya="3" hai0="38,33,69,124,85,76,58,39,105,59,44,18,81" hai1="29,27,14,120,45,3,30,87,79,13,15,12,64" hai2="0,111,98,63,131,4,134,74,109,1,24,37,7" hai3="90,17,75,5,42,21,2,51,61,102,77,53,62"/><W96/><G42/><T130/><D69/><U9/><E120/><V135/><F37/><W84/><G77/><T60/><D105/><U88/><E79/><V50/><F74/><W73/><G2/><N who="2" m="1129" /><F63/><W57/><G5/><N who="2" m="2121" /><F50/><W93/><G75/><T49/><D33/><U108/><E3/><V100/><F98/><W127/><G127/><T6/><D130/><U115/><E115/><V31/><F100/><W80/><REACH who="3" step="1"/><G73/><REACH who="3" ten="210,204,153,423" step="2"/><T35/><D124/><U47/><E9/><V129/><F131/><W128/><G128/><T72/><D72/><U91/><E108/><N who="2" m="41547" /><F129/><W8/><G8/><T104/><D76/><U121/><E121/><V133/><F24/><AGARI ba="0,1" hai="17,21,24,51,53,57,61,62,80,84,90,93,96,102" machi="24" ten="30,12000,1" yaku="1,1,7,1,8,1,52,1,53,1" doraHai="52" doraHaiUra="55" who="3" fromWho="2" sc="210,0,204,0,153,-120,423,130" /><INIT seed="3,1,0,1,3,68" ten="210,204,33,553" oya="3" hai0="58,94,38,26,77,71,87,25,124,7,64,16,89" hai1="110,114,9,17,22,60,23,67,44,86,43,53,31" hai2="130,52,35,82,62,37,133,70,48,2,125,66,46" hai3="15,27,59,20,106,116,55,131,134,61,97,19,57"/><W102/><G131/><T3/><D124/><U28/><E110/><V63/><F35/><W34/><G134/><T0/><D71/><U73/><E73/><V129/><F2/><W75/><G75/><T107/><D107/><U41/><E114/><V49/><F82/><W8/><G34/><T84/><D7/><U103/><E103/><V40/><F133/><W81/><G116/><T56/><D3/><U11/><E86/><V121/><F125/><W99/><G81/><T47/><D0/><U135/><E135/><V39/><F121/><W14/><G99/><T36/><D47/><U96/><E44/><N who="2" m="27655" /><F62/><W115/><G115/><T100/><D100/><U4/><E60/><V72/><F72/><W54/><REACH who="3" step="1"/><G8/><REACH who="3" ten="210,204,33,543" step="2"/><T42/><D77/><U29/><E96/><V90/><F90/><W113/><G113/><T101/><D87/><U98/><E98/><V120/><F120/><W132/><G132/><T74/><D74/><U95/><E9/><V104/><F104/><W10/><G10/><T123/><D84/><U88/><E11/><V118/><F118/><W80/><G80/><T108/><D89/><U24/><E4/><V92/><F92/><W119/><G119/><T51/><D94/><U79/><E95/><V33/><F33/><W69/><G69/><T30/><D123/><U5/><E5/><V109/><F109/><W127/><G127/><T65/><D108/><U18/><E88/><V122/><F122/><W126/><G126/><T117/><D117/><U83/><E83/><V12/><F12/><W32/><G32/><T93/><D93/><U85/><E85/><RYUUKYOKU ba="1,1" sc="210,-15,204,-15,33,15,543,15" hai2="37,39,40,46,49,63,66,70,129,130" hai3="14,15,19,20,27,54,55,57,59,61,97,102,106" /><INIT seed="3,2,1,5,5,79" ten="195,189,48,558" oya="3" hai0="128,73,30,59,111,74,106,102,91,63,76,129,68" hai1="3,55,50,123,112,43,23,70,115,40,84,61,38" hai2="57,108,54,125,117,64,15,34,32,72,44,119,120" hai3="90,101,132,28,131,4,7,118,33,97,88,52,116"/><W24/><G131/><N who="0" m="50251" /><D68/><U62/><E3/><V2/><F2/><W0/><G132/><T53/><D111/><U75/><E75/><V12/><F72/><W103/><G0/><T85/><D30/><U126/><E23/><V9/><F108/><W135/><G135/><T48/><D76/><U13/><E13/><V124/><F64/><W83/><G52/><N who="0" m="34279" /><D102/><U69/><E84/><V100/><F44/><W60/><G103/><T6/><D6/><U95/><E95/><V87/><F100/><W51/><G118/><N who="2" m="45065" /><F87/><W77/><G116/><T1/><D106/><U96/><E96/><V8/><F57/><W26/><G97/><T11/><D11/><N who="2" m="4170" /><F54/><W41/><G101/><T98/><D98/><U14/><E14/><N who="2" m="5163" /><F120/><W71/><G71/><T49/><D49/><U58/><E123/><V17/><F17/><W121/><G51/><T89/><D1/><U133/><E133/><V94/><F94/><W114/><G121/><T110/><D110/><U66/><E70/><V27/><F27/><W18/><G26/><T82/><D91/><U29/><E62/><V105/><F105/><W99/><G90/><T46/><AGARI ba="2,1" hai="46,48,53,73,74,82,85,89" m="34279,50251" machi="46" ten="30,4000,0" yaku="19,1,52,1,54,1" doraHai="79" who="0" fromWho="0" sc="195,56,189,-12,48,-12,558,-22" /><INIT seed="4,0,0,3,1,66" ten="251,177,36,536" oya="0" hai0="77,67,94,88,101,11,26,96,124,110,64,55,54" hai1="37,15,23,87,30,129,133,123,71,111,51,89,116" hai2="53,107,91,122,108,13,106,80,83,98,126,52,84" hai3="112,31,117,60,1,38,35,10,22,132,46,43,90"/><T58/><D124/><U17/><E111/><V25/><F108/><W97/><G132/><T95/><D110/><U75/><E37/><V121/><F122/><W39/><G112/><T74/><D55/><U5/><E75/><V61/><F121/><W42/><G35/><T20/><D11/><U62/><E123/><V109/><F126/><W72/><G31/><T135/><D77/><U86/><E133/><V70/><F109/><W19/><G117/><T21/><D74/><U105/><E105/><V29/><F13/><W114/><G114/><T63/><D135/><U45/><E129/><V14/><F14/><W27/><G60/><T85/><D21/><U82/><E116/><V48/><F80/><W127/><G97/><T69/><D69/><U9/><E30/><AGARI ba="0,0" hai="20,26,30,54,58,63,64,67,85,88,94,95,96,101" machi="30" ten="30,5800,0" yaku="7,1,8,1,54,1" doraHai="66" who="0" fromWho="1" sc="251,58,177,-58,36,0,536,0" /><INIT seed="4,1,0,1,2,51" ten="309,119,36,536" oya="0" hai0="92,7,93,111,82,35,89,96,102,104,87,0,37" hai1="119,95,76,124,27,122,56,88,113,81,90,73,11" hai2="101,68,54,55,80,97,128,10,125,22,4,74,32" hai3="116,108,59,20,44,112,31,57,16,9,117,130,114"/><T133/><D35/><U78/><E119/><V24/><F68/><W135/><G108/><T38/><D7/><U41/><E41/><V62/><F32/><W70/><G135/><T5/><D0/><U129/><E122/><V6/><F125/><W25/><G130/><T126/><D5/><U115/><E124/><V15/><F128/><W134/><G134/><T26/><D26/><U107/><E107/><V83/><F74/><W79/><G79/><N who="0" m="46559" /><D38/><U3/><E129/><V109/><F109/><W49/><G70/><T110/><D37/><U13/><E3/><V105/><F4/><W61/><G117/><T52/><D126/><U77/><E27/><V30/><REACH who="2" step="1"/><F62/><REACH who="2" ten="309,119,26,536" step="2"/><W72/><G116/><T65/><D133/><U103/><E115/><V46/><F46/><W64/><G72/><T98/><D110/><U120/><E113/><V50/><F50/><W131/><G131/><T53/><D111/><U36/><E36/><V94/><F94/><W18/><G114/><T86/><D104/><U34/><E34/><V14/><F14/><N who="3" m="7247" /><G112/><T132/><D132/><U91/><E120/><V39/><F39/><W12/><G12/><T99/><D65/><U29/><E56/><V8/><F8/><W106/><G106/><T47/><D47/><U118/><E13/><V121/><F121/><W40/><G59/><T17/><D102/><U1/><E1/><V75/><F75/><W58/><G58/><T33/><D33/><U23/><E11/><V21/><F21/><W28/><AGARI ba="1,1" hai="18,20,25,28,31,40,44,49,57,61,64" m="7247" machi="28" ten="30,2000,0" yaku="8,1,54,1" doraHai="51" who="3" fromWho="3" sc="309,-11,119,-6,26,-6,536,33" /><INIT seed="5,0,0,2,2,77" ten="298,113,20,569" oya="1" hai0="38,69,100,12,60,22,124,113,134,127,112,37,14" hai1="90,103,131,36,105,53,19,67,34,120,91,132,92" hai2="11,57,81,122,75,0,93,10,73,55,40,4,47" hai3="80,130,125,13,7,44,79,72,101,109,27,52,133"/><U63/><E120/><V41/><F122/><W46/><G130/><T123/><D100/><U64/><E34/><V106/><F106/><W94/><G133/><T107/><D107/><U45/><E132/><V24/><F24/><W83/><G125/><N who="0" m="48203" /><D123/><U51/><E131/><V102/><F11/><W8/><G109/><T96/><D96/><U3/><E3/><V21/><F21/><W15/><G72/><T97/><D97/><N who="1" m="59815" /><E36/><N who="0" m="13929" /><D134/><U119/><E105/><V2/><F2/><W126/><G15/><N who="0" m="5675" /><D22/><U48/><E119/><V65/><F65/><AGARI ba="0,0" hai="60,65,69,112,113" m="5675,13929,48203" machi="65" ten="40,1300,0" yaku="18,1" doraHai="77" who="0" fromWho="2" sc="298,13,113,0,20,-13,569,0" /><INIT seed="6,0,0,0,5,106" ten="311,113,7,569" oya="2" hai0="6,64,44,93,110,77,116,127,25,45,66,131,13" hai1="0,74,89,90,10,28,119,84,107,68,7,24,99" hai2="40,80,32,125,135,128,121,91,62,31,15,132,100" hai3="56,33,101,78,102,43,111,16,95,105,82,72,120"/><V26/><F121/><W21/><G111/><T96/><D110/><U48/><E68/><V14/><F40/><W27/><G105/><T5/><D116/><U22/><E119/><V133/><F100/><W97/><G33/><T70/><D127/><U98/><E74/><V122/><F122/><W2/><G2/><T73/><D131/><U67/><E67/><V115/><F62/><W18/><G120/><T42/><D25/><U85/><E107/><V109/><F109/><W55/><G43/><T69/><D13/><N who="2" m="4618" /><F80/><W59/><G102/><T60/><D93/><U3/><E3/><V87/><F91/><W114/><G114/><T51/><D96/><U8/><E8/><V1/><F87/><W30/><G59/><T46/><D77/><U71/><E71/><V19/><F115/><W41/><G41/><N who="0" m="24975" /><D73/><U17/><E48/><AGARI ba="0,0" hai="16,18,21,27,30,48,55,56,72,78,82,95,97,101" machi="48" ten="30,3900,0" yaku="7,1,52,1,54,1" doraHai="106" who="3" fromWho="1" sc="311,0,113,-39,7,0,569,39" /><INIT seed="7,0,0,2,3,13" ten="311,74,7,608" oya="3" hai0="42,7,27,132,72,25,108,101,90,59,22,110,134" hai1="105,54,99,31,11,37,57,51,131,14,39,98,88" hai2="111,75,0,19,32,66,71,74,96,63,91,102,36" hai3="95,117,55,120,35,125,85,68,97,109,121,9,128"/><W20/><G117/><T48/><D90/><U33/><E131/><V4/><F111/><W69/><G69/><T130/><D101/><U82/><E33/><V73/><F36/><W65/><G68/><T62/><D59/><U135/><E31/><V116/><F91/><W28/><G125/><T86/><D86/><U29/><E29/><V8/><F116/><W83/><G65/><T103/><D103/><U23/><E23/><V89/><F89/><W64/><G64/><T6/><D62/><U94/><E135/><V124/><F124/><W44/><G9/><T53/><D53/><U100/><E82/><V56/><F56/><W115/><G115/><T26/><D48/><U18/><AGARI ba="0,0" hai="11,14,18,37,39,51,54,57,88,94,98,99,100,105" machi="18" ten="20,5200,0" yaku="0,1,7,1,52,1,54,1" doraHai="13" who="1" fromWho="1" sc="311,-13,74,52,7,-13,608,-26" owari="298,10.0,126,-27.0,-6,-51.0,582,68.0" /></mjloggm>