<mjloggm ver="2.3"><GO type="41" lobby="0"/><UN n0="%74%61%6E%74%61%6E" n1="%E3%81%BF%E3%81%AE%E3%82%8A%E9%80%A3" n2="%E2%93%9D%53%75%70%68%78" n3="%53%45%41%47%41%4C" dan="14,14,16,14" rate="1938.34,1873.33,2051.39,1914.61" sx="M,M,M,M"/><TAIKYOKU oya="0"/><BYE who="3" /><INIT seed="0,0,0,0,4,34" ten="250,250,250,250" oya="0" hai0="0,48,88,85,97,21,72,60,14,43,17,54,71" hai1="99,91,4,26,127,119,49,124,113,126,73,65,81" hai2="32,79,35,19,75,130,8,116,57,66,68,10,41" hai3="125,40,70,51,58,90,123,11,67,42,109,25,30"/><T23/><D72/><U44/><E4/><UN n3="%53%45%41%47%41%4C" /><V76/><F68/><W39/><G123/><T131/><D43/><U56/><E26/><V52/><F66/><W93/><G125/><T100/><D131/><U86/><E119/><V36/><F130/><W2/><G109/><T78/><D78/><U18/><E18/><V1/><F116/><W77/><G77/><T89/><D89/><U102/><E73/><V120/><F120/><W31/><G31/><T61/><D71/><U38/><E38/><V133/><F133/><W28/><G42/><T95/><D23/><U94/><E65/><V98/><F98/><W63/><G2/><T24/><D0/><U129/><E129/><V112/><F112/><W27/><G11/><T50/><D50/><U46/><E113/><V59/><F41/><W92/><G92/><N who="0" m="58407" /><D24/><U80/><E80/><V105/><F36/><W134/><G134/><T114/><D114/><U33/><E33/><V53/><F75/><W3/><G3/><T132/><D132/><U29/><E29/><V115/><F1/><W6/><G6/><T5/><D5/><U20/><E20/><V118/><F115/><W13/><G30/><T111/><D111/><U82/><E82/><V101/><F118/><W135/><G28/><T9/><D9/><U62/><E62/><V22/><F22/><W64/><G135/><T117/><D117/><U47/><E47/><AGARI ba="0,0" hai="14,17,21,47,48,54,60,61,85,88,95" m="58407" machi="47" ten="30,2900,0" yaku="8,1,54,1" doraHai="34" who="0" fromWho="1" sc="250,29,250,-29,250,0,250,0" /><INIT seed="0,1,0,0,2,5" ten="279,221,250,250" oya="0" hai0="101,64,68,15,39,54,133,132,32,20,122,12,26" hai1="96,61,63,102,79,100,74,10,109,131,27,42,8" hai2="86,30,111,65,117,14,6,92,44,55,23,88,110" hai3="28,81,66,84,9,18,19,45,60,11,85,37,43"/><T41/><D32/><U59/><E131/><V108/><F117/><W22/><G28/><T103/><D122/><U31/><E42/><V71/><F71/><W36/><G85/><T7/><D54/><U134/><E134/><N who="0" m="51817" /><D41/><U115/><E115/><V58/><F65/><W53/><G18/><T126/><D39/><U89/><E102/><N who="0" m="38921" /><D126/><U94/><E109/><V16/><F30/><W2/><G53/><T62/><D7/><U47/><E47/><V121/><F6/><W48/><G2/><T104/><D104/><U52/><E63/><N who="2" m="36319" /><F44/><W91/><G36/><T25/><D25/><U69/><E69/><V72/><F72/><W33/><G33/><T120/><D120/><AGARI ba="1,0" hai="14,16,23,86,88,92,108,110,111,120,121" m="36319" machi="120" ten="30,3900,0" yaku="14,1,54,2" doraHai="5" who="2" fromWho="0" sc="279,-42,221,0,250,42,250,0" /><INIT seed="1,0,0,4,3,130" ten="237,221,292,250" oya="1" hai0="80,40,95,57,106,52,129,29,102,55,48,54,13" hai1="62,85,133,135,25,73,93,122,100,22,90,64,117" hai2="23,38,98,134,123,78,76,7,53,101,19,113,125" hai3="1,24,118,68,21,43,104,2,94,71,16,5,18"/><U105/><E117/><V35/><F123/><W83/><G104/><T34/><D129/><U41/><E41/><V70/><F35/><W10/><G118/><T3/><D106/><U91/><E122/><V111/><F70/><W66/><G1/><T15/><D3/><U36/><E36/><V124/><F7/><W4/><G4/><T79/><D34/><U28/><E73/><V99/><F111/><W97/><G43/><T65/><D29/><U61/><E91/><V72/><F113/><W14/><G66/><T58/><D65/><U81/><E105/><V59/><F38/><W74/><G83/><T103/><D40/><U17/><E17/><V33/><F33/><W31/><G18/><T114/><D114/><U50/><E50/><V126/><F72/><W89/><REACH who="3" step="1"/><G74/><REACH who="3" ten="237,221,292,240" step="2"/><T75/><D55/><U39/><E39/><V131/><F131/><W32/><AGARI ba="0,1" hai="2,5,10,14,16,21,24,31,32,68,71,89,94,97" machi="32" ten="20,12000,2" yaku="1,1,2,1,0,1,7,1,24,2,54,1,53,0" doraHai="130" doraHaiUra="112" who="3" fromWho="3" sc="237,-30,221,-60,292,-30,240,130" /><INIT seed="2,0,0,2,2,48" ten="207,161,262,370" oya="2" hai0="7,19,76,28,58,120,14,55,86,20,90,112,57" hai1="56,134,110,92,98,94,91,84,18,29,70,3,80" hai2="54,37,89,106,66,85,10,93,32,105,11,63,61" hai3="25,96,67,114,131,24,4,16,1,135,51,26,126"/><V0/><F32/><W117/><G117/><T71/><D71/><U34/><E3/><V78/><F37/><W50/><G114/><T101/><D120/><U72/><E70/><V123/><F123/><W6/><G1/><T59/><D76/><U81/><E134/><V116/><F116/><W108/><G135/><T104/><D7/><N who="3" m="2601" /><G131/><T130/><D28/><U109/><E56/><V75/><F0/><W129/><G126/><T128/><D112/><U132/><E18/><V15/><F75/><W17/><G108/><N who="1" m="41578" /><E34/><V125/><F78/><W30/><G129/><N who="0" m="49771" /><D101/><N who="1" m="60615" /><E29/><V23/><F125/><W47/><G67/><T5/><D104/><U100/><E132/><V115/><F106/><W12/><G96/><T8/><D8/><U39/><E39/><V95/><F11/><N who="3" m="6175" /><G17/><T43/><D43/><U103/><E72/><V82/><F115/><W119/><G119/><T35/><D5/><U97/><E103/><V111/><F111/><W53/><G51/><N who="0" m="30975" /><D35/><U44/><E44/><V79/><F10/><W31/><AGARI ba="0,0" hai="24,25,26,30,31,47,50,53" m="6175,2601" machi="31" ten="30,4000,0" yaku="8,1,52,1,54,1" doraHai="48" who="3" fromWho="3" sc="207,-10,161,-10,262,-20,370,40" /><INIT seed="3,0,0,4,5,80" ten="197,151,242,410" oya="3" hai0="93,112,62,114,30,102,50,4,63,125,57,66,82" hai1="65,108,99,49,115,76,61,55,113,101,56,31,88" hai2="110,109,36,96,72,9,42,94,77,130,81,111,133" hai3="58,40,60,89,5,23,71,29,119,132,83,45,22"/><W104/><G119/><T98/><D4/><U70/><E76/><V106/><F9/><W25/><G104/><T32/><D125/><U16/><E31/><V52/><F130/><W91/><G71/><T69/><D50/><U118/><E118/><V48/><F133/><W0/><G132/><T21/><D82/><U15/><E108/><V105/><F42/><W38/><G22/><T75/><D75/><U24/><E24/><V34/><F36/><W107/><G107/><T54/><D32/><U59/><E70/><V17/><F17/><W13/><G0/><T7/><D7/><U35/><E35/><V84/><F34/><W92/><G83/><T67/><REACH who="0" step="1"/><D54/><REACH who="0" ten="187,151,242,410" step="2"/><U39/><E39/><V53/><F53/><W27/><G5/><T73/><D73/><U51/><E51/><V19/><F72/><W103/><G38/><T121/><D121/><U117/><E117/><V43/><F43/><W129/><G40/><T128/><D128/><U14/><E14/><V20/><F52/><W28/><G13/><T116/><D116/><U134/><E134/><V86/><F48/><W37/><G37/><T12/><D12/><U122/><E122/><V8/><F111/><W68/><G129/><T100/><D100/><U11/><E101/><V26/><F110/><W127/><G127/><T44/><D44/><U95/><AGARI ba="0,1" hai="11,15,16,49,55,56,59,61,65,88,95,99,113,115" machi="95" ten="30,4000,0" yaku="0,1,54,2" doraHai="80" who="1" fromWho="1" sc="187,-10,151,50,242,-10,410,-20" /><INIT seed="4,0,0,3,4,64" ten="177,201,232,390" oya="0" hai0="111,14,92,38,0,60,21,56,68,4,125,76,54" hai1="41,29,121,36,2,72,127,134,74,48,122,61,69" hai2="118,105,79,33,129,66,63,71,44,59,67,19,133" hai3="82,73,101,130,78,80,8,113,25,5,114,58,123"/><T35/><D35/><U13/><E2/><V106/><F129/><W117/><G117/><T52/><D0/><U65/><E29/><V120/><F120/><W94/><G130/><T95/><D38/><U96/><E13/><V6/><F133/><W46/><G82/><T97/><D125/><U112/><E96/><V26/><F6/><W131/><G123/><N who="1" m="47114" /><E134/><V108/><F108/><W55/><G46/><T11/><D111/><U98/><E98/><V32/><F79/><W62/><G25/><T109/><D76/><U45/><E74/><V18/><F44/><W12/><G131/><T119/><D119/><U86/><E86/><V77/><F77/><W100/><REACH who="3" step="1"/><G94/><REACH who="3" ten="177,201,232,380" step="2"/><T34/><D109/><U107/><E127/><V1/><F118/><W85/><G85/><T99/><D95/><U132/><E132/><V50/><F106/><W102/><AGARI ba="0,1" hai="5,8,12,55,58,62,73,78,80,100,101,102,113,114" machi="102" ten="30,2000,0" yaku="1,1,0,1,53,0" doraHai="64" doraHaiUra="28" who="3" fromWho="3" sc="177,-10,201,-5,232,-5,380,30" /><INIT seed="5,0,0,1,0,122" ten="167,196,227,410" oya="1" hai0="105,56,24,119,113,26,51,43,2,47,74,36,112" hai1="121,44,50,120,95,93,49,80,0,39,70,48,67" hai2="87,6,116,96,90,100,15,35,14,111,126,86,42" hai3="110,19,123,78,20,27,109,23,134,130,115,13,135"/><U99/><E0/><V127/><F35/><W72/><G72/><T77/><D105/><U16/><E80/><V117/><F42/><W55/><G78/><T71/><D119/><N who="2" m="45642" /><F6/><W79/><G79/><T61/><D2/><U45/><E95/><N who="2" m="58399" /><F15/><W88/><G55/><N who="0" m="31871" /><D77/><U66/><E93/><N who="2" m="54487" /><F14/><W81/><G123/><N who="1" m="47178" /><E16/><V131/><F131/><W82/><G13/><T101/><D74/><U107/><E99/><V98/><F98/><W25/><G19/><T129/><D101/><U34/><E107/><V63/><F63/><W106/><G106/><T4/><D4/><U94/><E94/><V3/><F3/><W31/><G31/><T29/><D26/><U9/><E34/><V18/><F18/><W84/><G81/><T103/><D103/><U133/><E9/><V91/><F111/><W97/><G97/><T1/><D1/><U83/><E83/><AGARI ba="0,0" hai="83,87,91,126,127" m="54487,58399,45642" machi="83" ten="30,2000,0" yaku="34,2" doraHai="122" who="2" fromWho="1" sc="167,0,196,-20,227,20,410,0" /><INIT seed="6,0,0,4,0,23" ten="167,176,247,410" oya="2" hai0="97,25,15,121,102,101,50,45,113,28,31,100,54" hai1="44,105,46,42,1,79,57,35,41,104,77,116,124" hai2="7,30,131,83,134,109,59,52,68,71,48,27,74" hai3="64,11,2,39,103,33,95,118,20,24,135,115,127"/><V66/><F131/><W91/><G39/><T5/><D121/><U40/><E35/><V129/><F129/><W132/><G33/><T70/><D70/><U43/><E1/><V36/><F134/><N who="3" m="51243" /><G103/><T16/><D113/><U110/><E110/><V53/><F7/><N who="3" m="1527" /><G118/><T87/><D5/><U29/><E116/><V34/><F36/><W123/><G123/><T72/><D72/><U12/><E57/><V38/><F38/><W89/><G127/><T37/><D37/><U128/><E124/><V80/><F109/><W19/><G115/><T81/><D97/><U13/><E128/><V94/><F94/><W55/><G64/><T125/><D125/><U99/><E99/><V32/><F66/><W108/><G108/><T18/><D18/><U6/><E29/><V14/><F30/><W78/><G78/><T69/><D69/><U22/><E22/><V96/><F96/><N who="3" m="57455" /><G55/><T120/><D120/><U84/><E6/><V107/><F53/><W92/><G92/><T86/><D86/><U106/><E84/><V130/><F130/><W58/><G58/><T47/><D47/><N who="1" m="17963" /><E43/><V61/><F71/><W51/><G91/><T90/><REACH who="0" step="1"/><D25/><REACH who="0" ten="157,176,247,410" step="2"/><U65/><E65/><V17/><F27/><W49/><AGARI ba="0,1" hai="19,20,24,49,51" m="57455,1527,51243" machi="49" ten="30,2000,0" yaku="20,1,52,1" doraHai="23" who="3" fromWho="3" sc="157,-5,176,-5,247,-10,410,30" /><INIT seed="7,0,0,0,4,15" ten="152,171,237,440" oya="3" hai0="126,127,29,55,23,72,54,56,88,97,41,82,1" hai1="58,76,51,101,93,92,113,14,86,102,116,99,50" hai2="91,119,122,125,73,35,110,53,96,37,30,135,118" hai3="16,10,106,114,8,77,70,25,65,94,62,63,38"/><W12/><G106/><T79/><D1/><U21/><E116/><V84/><F125/><N who="0" m="47626" /><D41/><U18/><E113/><V3/><F135/><W32/><G38/><T20/><D29/><U85/><E58/><V4/><F110/><W0/><G0/><T44/><D44/><U117/><E117/><V59/><F73/><W2/><G77/><T133/><D133/><U131/><E131/><V60/><F122/><W108/><G108/><T120/><D120/><U128/><E128/><V111/><F30/><W28/><G114/><T103/><D103/><U123/><E123/><V34/><F34/><W52/><G94/><N who="0" m="56519" /><D55/><U71/><E71/><V42/><F53/><W87/><G2/><T115/><D115/><U78/><E51/><AGARI ba="0,0" hai="20,23,51,54,56,72,79,82" m="56519,47626" machi="51" ten="30,2000,0" yaku="18,1,54,1" doraHai="15" who="0" fromWho="1" sc="152,20,171,-20,237,0,440,0" owari="172,-23.0,151,-35.0,237,4.0,440,54.0" /></mjloggm>