<mjloggm ver="2.3"><GO type="41" lobby="0"/><UN n0="%E3%81%BB%E3%81%86%E3%82%88%E3%81%86%E3%81%95%E3%81%8B%E3%81%AA" n1="%E9%89%84%E5%85%B5" n2="%E2%93%9D%53%75%70%68%78" n3="%73%6A%6E%6D%70%30%30%31" dan="14,14,18,13" rate="1977.64,1957.18,2081.75,1804.51" sx="M,M,M,M"/><TAIKYOKU oya="0"/><INIT seed="0,0,0,0,3,84" ten="250,250,250,250" oya="0" hai0="125,95,58,80,8,44,127,32,42,92,108,94,93" hai1="70,27,5,124,11,3,37,87,74,52,122,51,99" hai2="115,102,19,119,7,91,97,30,21,9,46,88,129" hai3="40,135,65,12,22,55,90,63,59,28,120,103,36"/><T71/><N who="0" m="23552" /><DORA hai="73" /><T16/><D71/><U25/><E122/><V56/><F115/><W123/><G135/><T134/><D32/><U131/><E70/><V86/><F129/><W107/><G36/><T85/><D58/><U83/><E74/><V29/><F119/><W57/><G40/><T68/><D68/><U13/><E99/><V64/><F102/><W132/><G132/><T72/><D134/><U1/><E37/><V104/><F97/><W49/><G107/><T79/><D72/><U39/><E39/><V77/><F46/><W50/><G103/><T38/><D108/><U45/><E131/><V96/><F96/><W116/><G116/><T54/><D54/><U6/><E124/><V89/><F104/><W126/><G126/><T100/><REACH who="0" step="1"/><D100/><REACH who="0" ten="240,250,250,250" step="2"/><U109/><E109/><V24/><F56/><W76/><G123/><T35/><D35/><U81/><E81/><N who="2" m="47407" /><F64/><W110/><G65/><T112/><D112/><U31/><E31/><V75/><F75/><W47/><G120/><T60/><D60/><U114/><E114/><V78/><F30/><W105/><G63/><T133/><D133/><U106/><E106/><V117/><F117/><W121/><G105/><T130/><D130/><U14/><E83/><V98/><F98/><W10/><G110/><T2/><D2/><U41/><E1/><V4/><F78/><W18/><G76/><T69/><D69/><U111/><E3/><V128/><F128/><W33/><G33/><T17/><D17/><U43/><E111/><V34/><F34/><W101/><G121/><T67/><D67/><U15/><E52/><RYUUKYOKU ba="0,1" sc="240,15,250,-15,250,15,250,-15" hai0="8,16,38,42,44,79,80,85,125,127" hai2="4,7,9,19,21,24,29,88,89,91" /><INIT seed="0,1,1,3,0,100" ten="255,235,265,235" oya="0" hai0="10,118,91,69,120,122,39,66,31,75,72,30,98" hai1="9,73,27,32,41,126,19,35,20,114,99,53,62" hai2="70,133,82,63,56,59,21,55,87,42,26,96,15" hai3="94,14,78,80,130,2,119,54,48,131,104,8,7"/><T45/><D118/><U109/><E109/><V58/><F133/><W105/><G119/><T90/><D10/><U123/><E123/><V47/><F70/><W25/><G94/><T102/><D91/><U64/><E126/><V22/><F96/><W77/><G25/><T52/><D90/><U89/><E73/><V50/><F22/><W34/><G34/><T95/><D75/><U112/><E41/><V115/><F15/><W67/><G67/><T0/><D0/><U68/><E9/><V23/><F23/><W46/><G2/><T92/><D92/><N who="1" m="56719" /><E53/><V24/><F115/><AGARI ba="1,1" hai="19,20,27,32,35,62,64,68,112,114,115" m="56719" machi="115" ten="30,1000,0" yaku="11,1" doraHai="100" who="1" fromWho="2" sc="255,0,235,23,265,-13,235,0" /><INIT seed="1,0,0,3,0,84" ten="255,258,252,235" oya="1" hai0="129,33,127,57,85,5,92,69,95,3,0,52,51" hai1="98,73,46,59,101,79,53,2,97,47,93,18,71" hai2="63,119,111,114,39,75,115,121,133,58,32,124,135" hai3="11,54,112,41,67,1,89,25,86,108,19,102,122"/><U40/><E71/><V120/><RYUUKYOKU type="yao9" ba="0,0" sc="255,0,258,0,252,0,235,0" hai2="32,39,58,63,75,111,114,115,119,120,121,124,133,135" /><INIT seed="1,1,0,2,1,45" ten="255,258,252,235" oya="1" hai0="62,129,122,94,130,18,2,10,43,81,109,39,125" hai1="19,53,25,74,42,112,98,113,51,123,99,33,36" hai2="95,121,20,9,80,60,87,88,7,69,1,76,57" hai3="54,23,55,84,86,101,61,11,133,26,126,27,116"/><U78/><E123/><V63/><F121/><W132/><G116/><T34/><D122/><U73/><E113/><V77/><F69/><W6/><G101/><T105/><D105/><U97/><E112/><V71/><F71/><W83/><G126/><T70/><D125/><U82/><E36/><V127/><F127/><W13/><G86/><T110/><D94/><U100/><E42/><V31/><F63/><W0/><G0/><T103/><D103/><U75/><E100/><V14/><F1/><W16/><G27/><T12/><D34/><U37/><E37/><V29/><F20/><W128/><G128/><N who="0" m="49259" /><D81/><U118/><E118/><V111/><F111/><N who="0" m="42506" /><D2/><U58/><REACH who="1" step="1"/><E19/><REACH who="1" ten="255,248,252,235" step="2"/><V46/><F77/><W52/><REACH who="3" step="1"/><G61/><REACH who="3" ten="255,248,252,225" step="2"/><T65/><D39/><U48/><E48/><V72/><F60/><W120/><G120/><T79/><D79/><AGARI ba="1,2" hai="6,11,13,16,23,26,52,54,55,79,83,84,132,133" machi="79" ten="40,5200,0" yaku="1,1,54,2,53,0" doraHai="45" doraHaiUra="44" who="3" fromWho="0" sc="255,-55,248,0,252,0,225,75" /><INIT seed="2,0,0,4,4,73" ten="200,248,252,300" oya="2" hai0="7,124,53,107,120,49,98,127,96,81,43,86,0" hai1="123,63,51,34,70,5,61,115,74,28,101,21,38" hai2="110,30,35,108,130,87,54,26,48,111,72,16,99" hai3="85,94,59,22,135,56,95,47,6,133,52,129,91"/><V121/><F72/><W64/><G129/><T62/><D120/><U76/><E115/><V104/><F130/><W106/><G106/><T114/><D114/><U45/><E51/><V100/><F121/><W77/><G6/><T20/><D107/><U18/><E34/><V11/><F87/><W131/><G131/><T14/><D0/><U134/><E28/><V25/><F25/><W31/><G47/><N who="0" m="25855" /><D20/><U90/><E90/><V50/><REACH who="2" step="1"/><F54/><REACH who="2" ten="200,248,242,300" step="2"/><W13/><G133/><T29/><D127/><U79/><E74/><V3/><F3/><W68/><G135/><T67/><D124/><U15/><E134/><V132/><F132/><W60/><G68/><T116/><D116/><U9/><E123/><V42/><F42/><W36/><G85/><T37/><D53/><U118/><E118/><V46/><F46/><W78/><G52/><T113/><D113/><U125/><E125/><V93/><F93/><N who="3" m="35339" /><G64/><T89/><D37/><U128/><E128/><V84/><F84/><W58/><G36/><T112/><D112/><U12/><E70/><V103/><F103/><W24/><G60/><N who="1" m="23114" /><E101/><V88/><F88/><W71/><G71/><T122/><D122/><U65/><E65/><V17/><F17/><N who="3" m="10543" /><G91/><T8/><D29/><U39/><E39/><V41/><F41/><W80/><G80/><T2/><D2/><U75/><E75/><V4/><F4/><W119/><G119/><T57/><AGARI ba="0,1" hai="7,8,14,57,62,67,81,86,89,96,98" m="25855" machi="57" ten="30,1100,0" yaku="8,1" doraHai="73" who="0" fromWho="0" sc="200,21,248,-3,242,-5,300,-3" /><INIT seed="3,0,0,2,5,41" ten="221,245,237,297" oya="3" hai0="60,9,100,36,59,61,72,91,97,49,8,74,57" hai1="25,114,39,4,50,45,37,22,47,20,21,129,43" hai2="118,92,86,80,110,14,23,5,93,115,40,94,85" hai3="77,56,95,55,11,89,73,109,0,6,1,75,78"/><W84/><G109/><T69/><D36/><U7/><E114/><V30/><F115/><W111/><G111/><T132/><D132/><U35/><E129/><V27/><F118/><W44/><G1/><T121/><D69/><U51/><E35/><V12/><F110/><W71/><G71/><T88/><D49/><U104/><E104/><V105/><F105/><W119/><G119/><T63/><D100/><U18/><E39/><V24/><F40/><W81/><G44/><T53/><D97/><U102/><E102/><V134/><F134/><W130/><G130/><T83/><D83/><U64/><E64/><V52/><F27/><W107/><G107/><T68/><D68/><U31/><E37/><V128/><F5/><N who="1" m="2121" /><E31/><V65/><F65/><W66/><G66/><T34/><D34/><U135/><E135/><V28/><F28/><W131/><G131/><T79/><D79/><U112/><E112/><V13/><F128/><W10/><G10/><T90/><D121/><U122/><E122/><V29/><F29/><W127/><G127/><T33/><D33/><U19/><E25/><V42/><F42/><AGARI ba="0,0" hai="18,19,20,21,22,42,43,45,47,50,51" m="2121" machi="42" ten="30,3900,0" yaku="8,1,52,2" doraHai="41" who="1" fromWho="2" sc="221,0,245,39,237,-39,297,0" /><INIT seed="4,0,0,4,5,42" ten="221,284,198,297" oya="0" hai0="22,78,23,4,50,73,70,124,53,103,5,17,79" hai1="115,84,95,104,28,58,118,100,25,37,111,80,108" hai2="6,120,12,55,32,44,62,94,101,82,135,54,16" hai3="134,9,74,36,7,41,65,107,99,24,105,87,52"/><T18/><D70/><U91/><E37/><V130/><F32/><W85/><G134/><T61/><D61/><U2/><E2/><V39/><F120/><W114/><G74/><T122/><D103/><U71/><E118/><V48/><F130/><W34/><G114/><T110/><D110/><U72/><E71/><V14/><F39/><W106/><G65/><T59/><D124/><U132/><E58/><N who="2" m="35159" /><F135/><W93/><G36/><T0/><D0/><U40/><E40/><V57/><F82/><W46/><G41/><T90/><D122/><U112/><E132/><V45/><F14/><W97/><G34/><T64/><D64/><U38/><E38/><V29/><F29/><W47/><G24/><N who="0" m="14415" /><D90/><U10/><E25/><V129/><F6/><N who="0" m="2666" /><D73/><U63/><E28/><V21/><F129/><W8/><G107/><T43/><D43/><U75/><E63/><V56/><F56/><W49/><G7/><T27/><AGARI ba="0,0" hai="18,23,27,50,53,59,78,79" m="2666,14415" machi="27" ten="30,1500,0" yaku="8,1" doraHai="42" who="0" fromWho="0" sc="221,15,284,-5,198,-5,297,-5" /><INIT seed="4,1,0,4,4,54" ten="236,279,193,292" oya="0" hai0="61,98,87,40,30,85,42,58,125,99,92,118,47" hai1="122,16,34,15,114,128,129,12,105,10,113,135,102" hai2="69,121,70,1,104,94,36,46,14,3,117,18,133" hai3="6,37,4,80,107,86,82,110,81,106,88,13,9"/><T45/><D118/><U130/><E105/><V134/><F104/><W44/><G106/><T20/><D125/><U95/><E102/><V21/><F121/><W78/><G107/><T35/><D35/><U123/><E34/><V39/><F94/><W96/><G110/><T108/><D108/><U72/><E72/><V75/><F75/><W97/><G6/><T8/><D8/><N who="1" m="6151" /><E95/><V57/><F117/><W91/><G91/><T32/><D32/><U26/><E26/><V68/><F57/><W62/><G62/><T115/><D115/><N who="1" m="44043" /><E135/><N who="2" m="51723" /><F46/><N who="0" m="17418" /><D98/><U31/><E31/><V5/><F5/><AGARI ba="1,0" hai="5,10,15,122,123,128,129,130" m="44043,6151" machi="5" ten="40,12000,2" yaku="19,1,15,1,11,1,34,2,54,1" doraHai="54" who="1" fromWho="2" sc="236,0,279,123,193,-123,292,0" /><INIT seed="5,0,0,5,1,95" ten="236,402,70,292" oya="1" hai0="91,80,14,87,73,74,40,69,23,123,35,52,37" hai1="126,51,29,45,38,47,127,33,102,6,111,84,65" hai2="112,66,13,135,109,105,2,0,61,41,94,113,22" hai3="67,100,115,28,92,122,32,81,17,133,106,79,26"/><U134/><E134/><V24/><F105/><W5/><G133/><T1/><D35/><U104/><E6/><V98/><F109/><W75/><G122/><T130/><D1/><U101/><E65/><V72/><F72/><W99/><G115/><N who="2" m="44105" /><F41/><W57/><G5/><T107/><D123/><U9/><E9/><V19/><F135/><W7/><G7/><T56/><D69/><U71/><E71/><N who="2" m="42447" /><F24/><W11/><G67/><T50/><D130/><U46/><E111/><V119/><F119/><W64/><G64/><T77/><D107/><U83/><E38/><V116/><F116/><W3/><G3/><T86/><D40/><U117/><E117/><V42/><F42/><W76/><G76/><T63/><D63/><U103/><E51/><V4/><F4/><W132/><G132/><T88/><D37/><U34/><E104/><V125/><F125/><N who="1" m="47625" /><E29/><V21/><F21/><W70/><G70/><T48/><D48/><U118/><E118/><V18/><F18/><W114/><G114/><T43/><D43/><U58/><E58/><V90/><AGARI ba="0,0" hai="0,2,13,19,22,90,94,98" m="42447,44105" machi="90" ten="30,4000,0" yaku="15,1,11,1,52,1" doraHai="95" who="2" fromWho="2" sc="236,-10,402,-20,70,40,292,-10" /><INIT seed="6,0,0,2,1,103" ten="226,382,110,282" oya="2" hai0="5,19,12,94,118,21,15,100,127,135,48,105,0" hai1="25,55,133,69,106,41,120,66,111,2,102,117,75" hai2="26,13,119,99,126,81,95,67,42,22,20,68,131" hai3="96,76,31,134,4,37,73,129,3,130,78,28,74"/><V38/><F119/><W107/><G37/><T108/><D118/><U125/><E55/><V104/><F131/><N who="3" m="50187" /><G3/><T93/><D108/><U113/><E25/><V1/><F1/><W59/><G4/><T124/><D135/><U11/><E11/><V91/><F126/><N who="0" m="48170" /><D0/><U58/><E58/><V14/><F38/><W87/><G59/><T62/><D62/><U35/><E102/><V36/><F68/><W60/><G60/><T57/><D5/><U128/><E41/><V116/><F116/><W121/><G121/><T9/><D57/><U79/><E79/><N who="3" m="30250" /><G134/><T61/><D61/><U7/><E7/><V8/><F67/><W56/><G56/><T70/><D48/><U23/><E23/><V88/><F22/><W40/><G40/><T49/><D49/><U110/><E66/><V97/><F42/><W39/><G39/><AGARI ba="0,0" hai="2,35,39,69,75,106,110,111,113,117,120,125,128,133" machi="39" ten="0,32000,5" yakuman="47" doraHai="103" who="1" fromWho="3" sc="226,0,382,320,110,0,282,-320" owari="226,3.0,702,80.0,110,-29.0,-38,-54.0" /></mjloggm>