<mjloggm ver="2.3"><GO type="41" lobby="0"/><UN n0="%E3%81%93%E3%81%89%E3%83%BC" n1="%31%38%30%E6%97%A5%E5%AF%BE%E6%88%A6%E3%81%9B%E3%81%9A" n2="%48%69%72%6F%4E%61%6F" n3="%E2%93%9D%53%75%70%68%78" dan="16,15,13,17" rate="2007.03,1983.17,1888.83,2056.04" sx="F,F,M,M"/><TAIKYOKU oya="0"/><INIT seed="0,0,0,2,3,91" ten="250,250,250,250" oya="0" hai0="72,20,100,49,19,130,61,120,64,102,116,123,119" hai1="95,28,56,92,24,124,21,111,8,80,53,65,54" hai2="47,118,83,88,41,45,15,7,134,84,16,60,99" hai3="58,11,73,101,106,14,132,76,71,50,29,18,46"/><T12/><D72/><U34/><E111/><V26/><F134/><W115/><G71/><T75/><D75/><U79/><E124/><V70/><F118/><W117/><G115/><T23/><D130/><U27/><E8/><V89/><F7/><W78/><G117/><T69/><D116/><U32/><E32/><V52/><F26/><W94/><G106/><T98/><D119/><U127/><E127/><V42/><F70/><W74/><G29/><T126/><D100/><U135/><E135/><V48/><F60/><W5/><G74/><T93/><D126/><U3/><E3/><V128/><F128/><W44/><G44/><T87/><D49/><U85/><E65/><V82/><F99/><W90/><G101/><T0/><D0/><U13/><E13/><V36/><F42/><W81/><G58/><T107/><REACH who="0" step="1"/><D23/><REACH who="0" ten="240,250,250,250" step="2"/><U96/><E96/><V113/><F113/><W2/><G132/><T133/><D133/><U131/><E131/><V38/><F36/><W108/><G73/><T9/><D9/><U22/><E34/><V125/><F125/><W122/><G2/><T33/><D33/><U39/><E39/><V68/><F68/><W103/><G103/><T37/><D37/><U43/><E43/><V121/><F121/><W59/><G122/><T77/><D77/><U40/><E40/><V17/><F15/><W55/><G78/><T105/><D105/><U109/><E79/><V67/><F67/><W114/><G76/><T86/><D86/><AGARI ba="0,1" hai="16,17,38,41,45,47,48,52,82,83,84,86,88,89" machi="86" ten="40,8000,1" yaku="9,1,54,3" doraHai="91" who="2" fromWho="0" sc="240,-80,250,0,250,90,250,0" /><INIT seed="1,0,0,2,0,17" ten="160,250,340,250" oya="1" hai0="103,105,14,112,66,35,82,110,90,81,99,88,40" hai1="113,116,68,10,51,29,97,118,34,27,132,77,49" hai2="133,46,36,75,98,96,25,7,39,69,11,72,101" hai3="45,4,33,115,57,15,23,50,129,21,91,65,28"/><U42/><E113/><V13/><F69/><W55/><G115/><T53/><D35/><U124/><E68/><V117/><F117/><W60/><G129/><T70/><D112/><U108/><E77/><V61/><F133/><W79/><G79/><T85/><D40/><U43/><E118/><V41/><F39/><W102/><G102/><T93/><D110/><U37/><E116/><V2/><F61/><W30/><G33/><T62/><D53/><U83/><E37/><V12/><F25/><W71/><G91/><T106/><D14/><U94/><E132/><V54/><F54/><W109/><G109/><T59/><D70/><U74/><E108/><V73/><REACH who="2" step="1"/><F98/><REACH who="2" ten="160,250,330,250" step="2"/><W127/><G71/><T24/><D24/><N who="1" m="18727" /><E97/><V8/><F8/><N who="3" m="4487" /><G127/><T6/><REACH who="0" step="1"/><D6/><REACH who="0" ten="150,250,330,250" step="2"/><U134/><E134/><V20/><F20/><AGARI ba="0,2" hai="20,21,23,28,30,45,50,55,57,60,65" m="4487" machi="20" ten="30,7700,0" yaku="8,1,52,3" doraHai="17" who="3" fromWho="2" sc="150,0,250,0,330,-77,250,97" /><INIT seed="2,0,0,0,5,4" ten="150,250,253,347" oya="2" hai0="37,13,74,17,21,107,53,125,124,29,2,31,52" hai1="54,26,62,59,126,27,135,94,114,100,51,40,69" hai2="49,80,10,103,101,64,129,78,76,20,36,5,128" hai3="7,83,24,105,112,28,70,108,95,133,55,18,3"/><V73/><F36/><W61/><G108/><T91/><D37/><U110/><E114/><V98/><F78/><W32/><G133/><T120/><D107/><U132/><E100/><V72/><F72/><W15/><G105/><T19/><D74/><U111/><E94/><V23/><F64/><W79/><G112/><T35/><D120/><U71/><E27/><V16/><F49/><W44/><G70/><N who="1" m="26634" /><E26/><N who="2" m="14599" /><F23/><W109/><G109/><N who="1" m="41482" /><E126/><N who="0" m="48745" /><D35/><U33/><E33/><V84/><F98/><W60/><G24/><N who="0" m="14383" /><D2/><U82/><E82/><V39/><F39/><W117/><G83/><T113/><D113/><U130/><E130/><N who="2" m="50283" /><F73/><W102/><G32/><T119/><D91/><U9/><E9/><V96/><F96/><W85/><G79/><T75/><D75/><U34/><E34/><V116/><F116/><W14/><G117/><T30/><D119/><U67/><E40/><V88/><F76/><W104/><G102/><T106/><D106/><U92/><E92/><V38/><F38/><W87/><G95/><T25/><D25/><U22/><E22/><AGARI ba="0,0" hai="13,19,22,29,30,31,52,53" m="14383,48745" machi="22" ten="30,2000,0" yaku="18,1,54,1" doraHai="4" who="0" fromWho="1" sc="150,20,250,-20,253,0,347,0" /><INIT seed="3,0,0,0,2,33" ten="170,230,253,347" oya="3" hai0="62,68,35,37,117,116,46,94,104,122,130,14,25" hai1="91,15,128,133,17,103,64,135,109,99,27,32,123" hai2="66,30,69,132,9,0,102,47,29,96,88,54,105" hai3="57,114,71,95,74,45,76,20,34,3,83,67,115"/><W121/><G121/><T16/><D122/><U75/><E75/><V101/><F132/><N who="1" m="50761" /><E64/><V24/><F102/><W129/><G34/><T7/><D104/><U40/><E40/><V131/><F131/><W90/><G71/><T118/><D130/><U12/><E91/><V108/><F108/><W77/><G77/><T97/><D37/><U58/><E58/><V126/><F126/><W49/><G20/><T52/><D68/><U59/><E59/><V31/><F88/><W19/><G19/><T18/><D62/><U36/><E36/><V100/><F100/><W93/><G93/><T53/><D46/><U79/><E79/><V26/><F47/><W11/><G129/><T78/><D78/><U98/><E128/><V85/><F85/><W1/><G11/><T84/><D84/><U70/><E123/><V65/><F54/><W82/><G82/><T51/><D51/><U73/><E73/><V125/><F125/><W8/><G8/><T55/><D7/><U10/><E70/><V110/><F110/><W72/><G72/><T5/><D5/><N who="1" m="3151" /><E103/><V107/><F101/><W48/><G48/><T41/><D41/><U39/><E39/><V4/><F69/><W43/><G57/><T44/><D44/><U80/><E80/><V38/><F38/><W106/><G67/><T61/><D118/><U63/><E63/><V28/><F66/><W134/><G106/><N who="2" m="40457" /><F65/><W112/><REACH who="3" step="1"/><G134/><REACH who="3" ten="170,230,253,337" step="2"/><T89/><D117/><U87/><E109/><V124/><F124/><W60/><G60/><T119/><D61/><U23/><E87/><AGARI ba="0,1" hai="1,3,43,45,49,74,76,83,87,90,95,112,114,115" machi="87" ten="40,12000,1" yaku="1,1,52,2,53,1" doraHai="33" doraHaiUra="81" who="3" fromWho="1" sc="170,0,230,-120,253,0,337,130" /><INIT seed="3,1,0,5,4,116" ten="170,110,253,467" oya="3" hai0="23,36,107,121,60,5,117,91,132,61,69,49,52" hai1="114,92,100,111,26,12,87,89,73,119,133,84,41" hai2="27,57,48,15,0,43,6,128,30,83,102,101,81" hai3="123,93,97,72,31,35,115,7,76,33,42,62,32"/><W122/><G115/><T10/><D117/><U45/><E114/><V80/><F0/><W135/><G42/><T19/><D107/><U120/><E119/><V38/><F38/><W98/><G31/><T78/><D36/><U54/><E73/><V74/><F74/><W47/><G47/><T44/><D78/><U82/><E111/><V134/><F134/><W3/><G62/><T56/><D132/><U9/><E133/><V18/><F6/><W55/><G55/><T21/><D121/><U1/><E120/><V108/><F128/><W28/><G28/><T104/><D104/><U110/><E110/><V126/><F126/><W88/><G98/><T51/><D69/><U46/><E1/><V67/><F108/><W17/><G17/><T22/><D91/><N who="1" m="53351" /><E26/><V59/><F67/><W40/><G40/><T58/><D19/><N who="1" m="8591" /><E41/><V68/><F68/><W13/><G13/><T34/><D34/><U29/><E29/><V105/><F105/><W37/><G135/><T39/><D39/><U99/><E54/><V103/><F43/><W65/><G37/><T95/><D95/><AGARI ba="1,0" hai="45,46,82,87,89,95,99,100" m="8591,53351" machi="95" ten="30,1000,0" yaku="8,1" doraHai="116" who="1" fromWho="0" sc="170,-13,110,13,253,0,467,0" /><INIT seed="4,0,0,5,1,116" ten="157,123,253,467" oya="0" hai0="130,74,93,44,131,91,126,121,28,5,84,55,33" hai1="123,54,99,114,75,115,134,30,97,21,32,128,122" hai2="27,96,120,45,10,89,87,79,51,59,77,66,41" hai3="80,125,56,26,19,2,50,102,133,129,36,47,95"/><T132/><D74/><U48/><E75/><V67/><F96/><N who="1" m="36937" /><E32/><V85/><F120/><N who="1" m="46121" /><E30/><V57/><F27/><W39/><G133/><T98/><D121/><U13/><E21/><V83/><F79/><W103/><G125/><T22/><D33/><U35/><E13/><V64/><REACH who="2" step="1"/><F10/><REACH who="2" ten="157,123,243,467" step="2"/><W81/><G26/><T49/><D126/><U112/><E35/><V23/><F23/><W111/><G103/><T61/><D132/><U42/><E134/><V17/><F17/><W25/><G19/><T68/><D5/><U78/><E78/><V24/><F24/><W76/><G76/><T107/><D28/><U18/><E18/><V15/><F15/><W7/><G7/><T9/><D22/><U29/><E29/><V1/><F1/><W86/><G2/><T0/><D9/><U135/><E135/><V105/><F105/><W109/><G25/><T119/><D0/><U16/><E16/><V106/><F106/><W4/><G4/><T82/><D107/><U6/><E6/><V43/><F43/><W104/><G104/><T69/><D119/><U14/><E14/><V101/><F101/><W72/><G102/><T94/><D98/><U53/><E128/><N who="0" m="49193" /><D61/><U63/><E63/><V46/><F46/><AGARI ba="0,1" hai="42,46,48,53,54,112,114,115" m="46121,36937" machi="46" ten="40,8000,1" yaku="15,1,11,1,52,3" doraHai="116" who="1" fromWho="2" sc="157,0,123,90,243,-80,467,0" /><INIT seed="5,0,0,3,2,118" ten="157,213,163,467" oya="1" hai0="33,63,67,57,48,69,12,54,117,1,43,105,22" hai1="89,60,123,73,87,128,80,84,11,47,119,6,55" hai2="116,34,106,19,25,91,110,3,78,4,135,5,75" hai3="99,35,2,96,98,37,66,134,70,8,86,26,7"/><U24/><E119/><V49/><F110/><W59/><G37/><T52/><D1/><U41/><E123/><V126/><F116/><W65/><G70/><T71/><D33/><U94/><E73/><V100/><F135/><W103/><G86/><T121/><D105/><U27/><E60/><V53/><F126/><W44/><G59/><T74/><D74/><U111/><E55/><V72/><F91/><W38/><G103/><T31/><D117/><U50/><E128/><V36/><F36/><W20/><G35/><T14/><D69/><U122/><E122/><V93/><F106/><W115/><G115/><T125/><D125/><U102/><E111/><V129/><F129/><W46/><G134/><T79/><D79/><U109/><E109/><V64/><F64/><W51/><G46/><T16/><D121/><U15/><E102/><V18/><F18/><W32/><G32/><T82/><D82/><U90/><AGARI ba="0,0" hai="6,11,15,24,27,41,47,50,80,84,87,89,90,94" machi="90" ten="20,3900,0" yaku="0,1,7,1,8,1" doraHai="118" who="1" fromWho="1" sc="157,-13,213,39,163,-13,467,-13" /><INIT seed="5,1,0,4,0,124" ten="144,252,150,454" oya="1" hai0="44,92,73,123,20,122,85,17,37,132,31,82,81" hai1="55,115,116,57,58,96,134,10,35,46,41,127,39" hai2="114,51,67,9,120,29,108,1,80,87,52,97,32" hai3="101,66,6,103,34,71,8,38,43,26,68,23,27"/><U133/><E35/><V94/><F120/><W77/><G43/><T49/><D37/><U24/><E24/><V83/><F108/><W98/><G103/><T102/><D31/><U88/><E116/><V91/><F114/><W79/><G71/><T126/><D126/><U12/><E115/><V99/><F67/><W54/><G54/><T90/><D132/><N who="1" m="50795" /><E127/><V4/><F29/><W0/><G38/><T40/><D102/><U50/><E58/><V59/><F32/><W60/><G27/><T48/><D48/><U70/><E70/><V5/><F5/><W121/><G121/><N who="0" m="46091" /><D73/><U93/><E12/><AGARI ba="1,0" hai="12,17,20,40,44,49,81,82,85,90,92" m="46091" machi="12" ten="30,1000,0" yaku="13,1" doraHai="124" who="0" fromWho="1" sc="144,13,252,-13,150,0,454,0" /><INIT seed="6,0,0,2,3,5" ten="157,239,150,454" oya="2" hai0="16,133,99,23,44,43,98,93,130,120,89,82,79" hai1="8,77,53,37,126,105,116,112,94,56,114,123,66" hai2="9,68,59,119,125,67,102,51,70,48,115,100,17" hai3="106,96,107,18,81,24,80,33,129,49,50,3,47"/><V78/><F119/><W30/><G3/><T76/><D130/><U62/><E116/><V101/><F115/><N who="1" m="44073" /><E105/><V110/><F125/><W31/><G18/><T63/><D133/><U65/><E126/><V118/><F118/><W20/><G20/><T54/><D120/><U128/><E128/><V132/><F132/><W75/><G96/><T10/><D99/><U22/><E37/><V42/><F110/><W11/><G24/><T34/><D34/><U85/><E22/><V122/><F122/><W21/><G75/><T12/><D82/><N who="1" m="47311" /><E123/><V74/><F78/><W55/><G55/><T35/><D35/><U83/><E94/><V15/><F74/><W64/><G47/><T91/><D91/><U32/><E32/><V38/><F38/><W87/><G21/><T117/><D117/><U0/><E83/><V127/><F127/><W57/><G87/><T113/><D113/><U39/><E39/><V134/><F134/><W61/><G81/><T60/><D43/><U29/><E29/><V121/><F121/><W72/><G31/><T58/><D44/><U69/><E69/><V95/><F95/><W88/><G107/><T27/><D60/><U26/><E26/><V6/><F68/><W45/><G106/><T86/><D86/><U111/><E111/><V97/><F70/><W7/><G72/><T2/><D2/><U90/><E90/><V52/><F97/><W104/><G104/><T1/><D1/><U25/><E25/><V103/><N who="2" m="25600" /><DORA hai="28" /><V84/><F84/><N who="3" m="50183" /><G129/><T40/><D40/><U36/><E36/><V109/><F109/><W71/><G71/><RYUUKYOKU ba="0,0" sc="157,15,239,15,150,-15,454,-15" hai0="10,12,16,23,27,54,58,63,76,79,89,93,98" hai1="0,8,53,56,62,65,66" /><INIT seed="7,1,0,5,0,55" ten="172,254,135,439" oya="3" hai0="96,48,15,115,78,123,122,126,59,32,40,2,61" hai1="13,134,54,65,85,46,74,106,110,58,39,10,9" hai2="67,25,100,22,43,71,131,57,41,18,52,84,37" hai3="117,51,21,125,29,49,44,112,68,127,118,30,93"/><W66/><G112/><T88/><D2/><U5/><E110/><V76/><F131/><W35/><G66/><T20/><D32/><U133/><E74/><V91/><F100/><W97/><G68/><T3/><D3/><U109/><E106/><V132/><F132/><N who="1" m="50793" /><E65/><V75/><F75/><W31/><G21/><T92/><D115/><U111/><E85/><V4/><F4/><W72/><G35/><T56/><D78/><U38/><E10/><V64/><F76/><W70/><G70/><T119/><D119/><U102/><E102/><V87/><F87/><W105/><G51/><T104/><D104/><U135/><E135/><V19/><F19/><W62/><G62/><T24/><D15/><U90/><E90/><V94/><F71/><W113/><G49/><T23/><D23/><U26/><E26/><V12/><F25/><W50/><G50/><T116/><D116/><U42/><E38/><V121/><F121/><W1/><G113/><T98/><D98/><U124/><E124/><V17/><F17/><W128/><G97/><T33/><D126/><U120/><E120/><V7/><F7/><W34/><G127/><T101/><D101/><U77/><E77/><V14/><F14/><W0/><G125/><T53/><D40/><N who="2" m="15434" /><F37/><W86/><G118/><T8/><D33/><U130/><E130/><V69/><F69/><W11/><G128/><T99/><D99/><U63/><AGARI ba="1,0" hai="5,9,13,39,42,46,54,58,63,109,111" m="50793" machi="63" ten="30,2000,0" yaku="20,1,52,1" doraHai="55" who="1" fromWho="1" sc="172,-6,254,23,135,-6,439,-11" owari="166,-23.0,277,8.0,129,-37.0,428,52.0" /></mjloggm>