<mjloggm ver="2.3"><GO type="41" lobby="0"/><UN n0="%E5%A4%A2%E8%A6%8B%E3%82%8B%E5%BC%81%E8%AD%B7%E5%A3%AB" n1="%E2%93%9D%53%75%70%68%78" n2="%E3%81%A6%E3%81%BE%E3%81%A1" n3="%28%C2%B0%D0%B4%C2%B0%29%2E%2E%2E" dan="15,18,13,14" rate="1982.62,2058.92,1904.32,2052.86" sx="M,M,M,M"/><TAIKYOKU oya="0"/><INIT seed="0,0,0,2,2,73" ten="250,250,250,250" oya="0" hai0="135,62,36,32,33,96,28,43,5,71,35,128,108" hai1="95,18,69,112,16,56,53,90,49,64,119,25,114" hai2="59,4,81,31,34,80,24,10,14,79,121,58,134" hai3="131,8,17,38,99,47,67,127,23,125,104,40,77"/><T19/><D135/><U26/><E119/><V12/><F121/><W133/><G67/><T97/><D128/><U86/><E69/><V30/><F134/><W126/><G133/><T3/><D108/><U63/><E26/><V111/><F111/><W20/><G131/><T132/><D132/><U42/><E42/><V82/><F31/><W15/><REACH who="3" step="1"/><G77/><REACH who="3" ten="250,250,250,240" step="2"/><T37/><D71/><U60/><E64/><V93/><F79/><W89/><G89/><T103/><D103/><AGARI ba="0,1" hai="8,15,17,20,23,38,40,47,99,103,104,125,126,127" machi="103" ten="40,2600,0" yaku="1,1,18,1,53,0" doraHai="73" doraHaiUra="29" who="3" fromWho="0" sc="250,-26,250,0,250,0,240,36" /><INIT seed="1,0,0,2,1,4" ten="224,250,250,276" oya="1" hai0="68,55,25,16,51,109,46,71,15,105,49,86,118" hai1="125,29,30,38,84,6,9,103,32,41,133,121,3" hai2="88,87,50,39,22,72,102,53,69,35,7,93,116" hai3="100,114,73,79,67,96,0,10,108,65,91,78,20"/><U44/><E121/><V80/><F39/><W21/><G114/><T24/><D118/><U14/><E133/><V76/><F35/><W131/><G131/><T115/><D115/><U1/><E125/><V2/><F69/><W111/><G91/><T70/><D105/><U120/><E120/><V127/><F116/><W61/><G73/><T83/><D49/><U66/><E66/><V107/><F127/><W128/><G128/><T130/><D109/><N who="3" m="42057" /><G78/><T98/><D98/><U99/><E84/><V94/><F94/><N who="3" m="58391" /><G79/><T129/><D129/><U132/><E132/><V48/><F22/><N who="3" m="8811" /><G61/><T77/><REACH who="0" step="1"/><D130/><REACH who="0" ten="214,250,250,276" step="2"/><U106/><REACH who="1" step="1"/><E32/><REACH who="1" ten="214,240,250,276" step="2"/><V59/><F87/><W101/><G101/><T19/><D19/><U56/><E56/><V60/><F102/><W110/><G110/><T11/><AGARI ba="0,2" hai="11,15,16,24,25,46,51,55,68,70,71,77,83,86" machi="11" ten="30,7900,0" yaku="1,1,0,1,52,1,54,1,53,0" doraHai="4" doraHaiUra="27" who="0" fromWho="0" sc="214,99,240,-39,250,-20,276,-20" /><INIT seed="2,0,0,3,5,77" ten="313,201,230,256" oya="2" hai0="18,9,107,24,45,94,76,116,104,65,62,1,22" hai1="69,31,38,119,3,40,91,108,44,84,114,79,67" hai2="123,37,34,83,15,5,111,102,13,80,12,110,106" hai3="82,48,90,14,61,131,39,95,130,71,105,73,125"/><V134/><F123/><W122/><G39/><T81/><D116/><U56/><E114/><V2/><F37/><W17/><G122/><T21/><D45/><U109/><E3/><V42/><F34/><W115/><G115/><T121/><D121/><U11/><E79/><V128/><F42/><W60/><G125/><T113/><D113/><U0/><E69/><V98/><F128/><N who="3" m="49195" /><G105/><T6/><D21/><U101/><E101/><V57/><F134/><W99/><G71/><T129/><D94/><U47/><E31/><V103/><F103/><W64/><G64/><T41/><D41/><U92/><E47/><V28/><F28/><W54/><G73/><T46/><D46/><U120/><E119/><V58/><F2/><W86/><G48/><T124/><D124/><U53/><E67/><V51/><F5/><W26/><G54/><T10/><D10/><U89/><E11/><V52/><F58/><W85/><G26/><T35/><D35/><U112/><E0/><V127/><F127/><W29/><G29/><T96/><D96/><U117/><E112/><V32/><F32/><W88/><G99/><T78/><D129/><U66/><E117/><V55/><F55/><W25/><G25/><T30/><D30/><U72/><E66/><V135/><F135/><W59/><G59/><N who="0" m="37087" /><D76/><U133/><E133/><V33/><F33/><W8/><AGARI ba="0,0" hai="8,14,17,60,61,82,85,86,88,90,95" m="49195" machi="8" ten="30,4000,0" yaku="19,1,52,1,54,1" doraHai="77" who="3" fromWho="3" sc="313,-10,201,-10,230,-20,256,40" /><INIT seed="3,0,0,2,1,9" ten="303,191,210,296" oya="3" hai0="128,73,91,77,125,129,45,100,53,17,51,43,118" hai1="50,89,37,69,101,25,42,38,33,31,23,97,29" hai2="28,108,67,117,65,57,95,36,4,76,88,46,113" hai3="94,92,132,39,56,66,54,110,1,68,26,72,20"/><W109/><G72/><T131/><D118/><U102/><E69/><V81/><F117/><W96/><G1/><T79/><D125/><U59/><E102/><V122/><F113/><W27/><G39/><T8/><D100/><U41/><E89/><V133/><F108/><N who="3" m="41579" /><G132/><T0/><D91/><U61/><E33/><V62/><F122/><W22/><G68/><T114/><D114/><U2/><E2/><V112/><F133/><W11/><G66/><T124/><D124/><U119/><E31/><V49/><F36/><W58/><G11/><T19/><D43/><U16/><E119/><V5/><F67/><W40/><G40/><T127/><D127/><U7/><E7/><V35/><F28/><N who="3" m="17479" /><G96/><T70/><D70/><U120/><E120/><V98/><F35/><W103/><G103/><T21/><D73/><U6/><E38/><V75/><REACH who="2" step="1"/><F112/><REACH who="2" ten="303,191,200,296" step="2"/><W55/><G55/><AGARI ba="0,1" hai="4,5,46,49,55,57,62,65,75,76,81,88,95,98" machi="55" ten="30,7700,0" yaku="1,1,2,1,7,1,54,1,53,0" doraHai="9" doraHaiUra="24" who="2" fromWho="3" sc="303,0,191,0,200,87,296,-77" /><INIT seed="4,0,0,3,0,127" ten="303,191,287,219" oya="0" hai0="20,51,108,3,118,69,101,30,23,72,126,58,57" hai1="119,114,98,80,79,18,129,73,29,59,60,84,109" hai2="102,40,49,77,55,66,44,53,63,133,125,68,122" hai3="54,16,94,110,12,25,105,113,56,87,134,50,86"/><T27/><D118/><U112/><E29/><V123/><F77/><W8/><G105/><T83/><D69/><U120/><E119/><V39/><F102/><W70/><G70/><T89/><D3/><U28/><E28/><V11/><F11/><W97/><G110/><T81/><D126/><U31/><E31/><V96/><F96/><W37/><G37/><T34/><D108/><U2/><E2/><V48/><F125/><W1/><G134/><T32/><D101/><U103/><E18/><V14/><F14/><W128/><G113/><N who="1" m="43626" /><E59/><N who="2" m="33191" /><F133/><W21/><G1/><T107/><D107/><N who="1" m="63991" /><E60/><V52/><F55/><W33/><G33/><T88/><D51/><U13/><E13/><V19/><F19/><W41/><G41/><T92/><D30/><U75/><E109/><V111/><F111/><W104/><G104/><T78/><D27/><U6/><E6/><V64/><F64/><W71/><G71/><T35/><D32/><U117/><E117/><V121/><F121/><W45/><G45/><AGARI ba="0,0" hai="39,40,44,45,49,52,63,66,68,122,123" m="33191" machi="45" ten="30,7700,0" yaku="24,1,34,2,54,1" doraHai="127" who="2" fromWho="3" sc="303,0,191,0,287,77,219,-77" /><INIT seed="5,0,0,0,4,91" ten="303,191,364,142" oya="1" hai0="77,23,70,13,99,95,45,83,27,40,51,134,133" hai1="43,86,118,58,59,104,37,107,85,6,87,112,128" hai2="121,10,135,12,11,75,89,54,36,33,62,26,67" hai3="88,69,98,96,53,3,28,15,102,110,9,7,68"/><U64/><E118/><V66/><F75/><W29/><G110/><T92/><D70/><U30/><E128/><V48/><F36/><W114/><G114/><T1/><D13/><U116/><E116/><V129/><F121/><W5/><G69/><T20/><D1/><U55/><E30/><V19/><F135/><N who="0" m="51722" /><D99/><U71/><E6/><V50/><F10/><W111/><G68/><T122/><D122/><U16/><E112/><V132/><F129/><W63/><G111/><T123/><D20/><U101/><E71/><V127/><F127/><W21/><G3/><T52/><D40/><U4/><E4/><V117/><F117/><W65/><G5/><T2/><D2/><U120/><E43/><V42/><F42/><W41/><G41/><T57/><D57/><U125/><E125/><V34/><F33/><W8/><G8/><T25/><D25/><U72/><E120/><V38/><F38/><W131/><G131/><T126/><D126/><U61/><E37/><V74/><F26/><W32/><G32/><T76/><D76/><U47/><E59/><N who="2" m="35191" /><F34/><W39/><G39/><T103/><D123/><U78/><E78/><V14/><F14/><W106/><G65/><T60/><D60/><U81/><E64/><V73/><F67/><W17/><G63/><T80/><D77/><U124/><E124/><V44/><F66/><W18/><G53/><T97/><D27/><U109/><E109/><V56/><F56/><W84/><G96/><N who="0" m="59783" /><D23/><U49/><E61/><V93/><F132/><W113/><G113/><T100/><AGARI ba="0,0" hai="45,51,52,80,83,95,97,100" m="59783,51722" machi="100" ten="30,7900,0" yaku="20,1,52,2,54,1" doraHai="91" who="0" fromWho="0" sc="303,79,191,-39,364,-20,142,-20" /><INIT seed="6,0,0,1,5,19" ten="382,152,344,122" oya="2" hai0="49,121,91,25,87,71,63,105,39,112,66,102,120" hai1="88,127,0,75,85,115,37,122,34,96,35,27,51" hai2="129,80,86,134,133,7,28,84,55,6,78,99,70" hai3="108,101,72,93,17,116,44,10,61,77,123,94,83"/><V42/><F70/><W22/><G123/><T130/><D39/><U32/><E37/><V118/><F118/><W24/><G116/><T57/><D112/><U109/><E75/><V43/><F129/><W12/><G108/><T40/><D130/><U3/><E109/><V132/><F28/><W1/><G1/><T89/><D89/><U79/><E127/><V74/><F55/><W82/><G101/><T2/><D2/><U111/><E111/><V124/><F124/><W131/><G131/><T97/><D25/><U60/><E79/><V38/><F38/><W5/><G83/><T47/><REACH who="0" step="1"/><D71/><REACH who="0" ten="372,152,344,122" step="2"/><U98/><E27/><V125/><F125/><W103/><G103/><T65/><D65/><U50/><E3/><V67/><F67/><W113/><G113/><T92/><AGARI ba="0,1" hai="40,47,49,57,63,66,87,91,92,97,102,105,120,121" machi="92" ten="20,2700,0" yaku="1,1,0,1,7,1,53,0" doraHai="19" doraHaiUra="33" who="0" fromWho="0" sc="372,37,152,-7,344,-13,122,-7" /><INIT seed="7,0,0,3,5,52" ten="409,145,331,115" oya="3" hai0="62,109,30,65,64,107,132,94,66,134,112,25,100" hai1="104,111,95,31,57,7,36,14,121,63,78,131,3" hai2="75,21,71,117,0,60,44,13,92,77,89,85,42" hai3="116,135,45,4,102,12,72,24,125,41,6,130,88"/><W5/><G116/><T38/><D109/><U47/><E104/><V8/><F0/><W81/><G102/><T83/><D38/><U124/><E3/><V103/><F103/><W20/><G125/><T86/><D112/><U118/><E131/><V19/><F75/><W32/><G130/><T23/><D94/><U33/><E121/><V69/><F77/><W105/><G105/><T67/><D100/><U15/><E111/><V55/><F8/><W34/><G135/><N who="0" m="51755" /><D107/><U93/><E33/><V101/><F101/><W43/><G12/><T54/><D54/><U108/><E15/><V40/><F40/><W98/><G72/><T10/><D10/><U91/><E124/><V126/><F126/><W68/><G68/><N who="0" m="42007" /><D66/><U79/><E108/><V87/><F85/><W115/><G115/><T27/><D25/><U82/><E118/><V35/><F35/><W97/><G43/><T123/><D123/><U90/><E95/><V73/><F73/><W18/><G98/><T76/><AGARI ba="0,0" hai="23,27,30,65,67,76,83,86" m="42007,51755" machi="76" ten="30,1100,0" yaku="20,1" doraHai="52" who="0" fromWho="0" sc="409,11,145,-3,331,-3,115,-5" owari="420,52.0,142,-26.0,328,13.0,110,-39.0" /></mjloggm>