<mjloggm ver="2.3"><GO type="41" lobby="0"/><UN n0="%E5%A4%A7%E6%B2%BB%E9%83%8E%23%37%34" n1="%E3%81%BE%E3%81%A0%E3%82%89%E5%8D%8D%E5%A4%A7%E7%86%8A%E7%8C%AB" n2="%E2%93%9D%53%75%70%68%78" n3="%E3%82%B5%E3%83%AB%E3%83%BC%E3%83%88%E3%83%B3%E5%8D%BF" dan="15,15,18,16" rate="1938.27,2008.31,2096.46,2079.42" sx="M,M,M,M"/><TAIKYOKU oya="0"/><INIT seed="0,0,0,2,5,82" ten="250,250,250,250" oya="0" hai0="47,58,15,55,70,104,108,13,120,111,110,40,50" hai1="54,93,128,114,77,34,60,49,126,87,133,0,10" hai2="32,9,52,78,88,68,84,12,3,95,38,18,35" hai3="25,76,117,124,6,122,33,100,65,73,41,66,69"/><T75/><D104/><U90/><E126/><V26/><F68/><W27/><G117/><T51/><D120/><U129/><E133/><V130/><F38/><W134/><G122/><T81/><REACH who="0" step="1"/><D70/><REACH who="0" ten="240,250,250,250" step="2"/><U131/><E114/><V46/><F130/><W96/><G134/><T16/><D16/><U85/><E34/><V92/><F35/><W7/><G33/><T37/><D37/><U112/><E112/><V2/><F32/><W21/><G124/><T48/><D48/><U53/><E60/><V91/><F26/><W4/><G69/><T135/><D135/><U19/><E49/><N who="2" m="28727" /><F3/><W99/><G4/><T24/><D24/><U103/><E103/><V106/><F106/><W59/><G100/><T118/><D118/><U79/><E0/><V127/><F2/><W97/><G25/><T80/><D80/><U98/><E19/><V22/><F127/><W123/><G123/><T115/><D115/><U20/><E20/><V5/><F22/><W39/><G6/><T125/><D125/><U71/><E71/><V14/><F14/><W105/><G7/><T107/><D107/><U63/><E63/><V45/><F5/><W57/><G105/><T42/><D42/><U86/><E10/><V44/><F78/><AGARI ba="0,1" hai="13,15,40,47,50,51,55,58,75,78,81,108,110,111" machi="78" ten="40,7700,0" yaku="1,1,14,1,10,1,53,0" doraHai="82" doraHaiUra="101" who="0" fromWho="2" sc="240,87,250,0,250,-77,250,0" /><AGARI ba="0,0" hai="53,54,77,78,79,85,86,87,90,93,98,128,129,131" machi="78" ten="50,8000,1" yaku="19,1,52,3" doraHai="82" who="1" fromWho="2" sc="327,0,250,80,173,-80,250,0" /><INIT seed="0,1,0,2,0,62" ten="327,330,93,250" oya="0" hai0="85,29,84,39,54,47,128,129,36,42,12,108,45" hai1="32,28,15,48,3,66,118,71,8,96,103,97,46" hai2="114,115,130,56,7,110,61,88,19,68,116,40,1" hai3="11,105,101,57,109,113,93,104,111,30,41,83,18"/><T44/><D29/><U51/><E118/><V26/><F116/><W125/><G113/><T49/><D12/><U55/><E3/><V121/><F121/><W106/><G125/><T78/><D78/><U75/><E75/><V64/><F110/><W72/><G41/><N who="0" m="22567" /><D85/><U134/><E134/><V4/><F130/><N who="0" m="50282" /><D84/><U24/><E51/><V131/><F131/><W87/><G30/><T13/><D13/><U60/><REACH who="1" step="1"/><E103/><REACH who="1" ten="327,320,93,250" step="2"/><V34/><F115/><W6/><G72/><T59/><D108/><U69/><E69/><V65/><F68/><W90/><G101/><T82/><D82/><U132/><E132/><V107/><F114/><W120/><G83/><T20/><D20/><U94/><E94/><V91/><F1/><W53/><G109/><T112/><D112/><U35/><E35/><V126/><F34/><W70/><G111/><T95/><D95/><U63/><E63/><V98/><F61/><N who="3" m="36015" /><G104/><T117/><D117/><U119/><E119/><V58/><F107/><W77/><G105/><T37/><D47/><U50/><E50/><AGARI ba="1,1" hai="37,39,42,45,49,50,54,59" m="50282,22567" machi="50" ten="30,5800,0" yaku="19,1,34,2" doraHai="62" who="0" fromWho="1" sc="327,71,320,-61,93,0,250,0" /><INIT seed="0,2,0,1,5,127" ten="398,259,93,250" oya="0" hai0="72,30,130,14,37,100,25,88,113,101,109,35,27" hai1="70,60,99,68,73,28,120,76,53,17,1,116,23" hai2="123,80,92,48,47,89,75,63,78,134,74,71,59" hai3="46,79,108,41,32,8,3,77,102,107,115,69,91"/><T62/><D113/><U97/><E116/><V29/><F123/><W45/><G32/><T54/><D37/><U87/><E120/><V15/><F134/><W20/><G69/><T122/><D122/><U135/><E1/><V82/><F71/><W95/><G102/><T61/><D72/><U13/><E73/><V94/><F29/><W124/><G107/><T86/><D109/><U57/><E135/><V103/><F15/><W26/><G124/><T132/><D132/><U4/><E70/><V64/><F103/><W2/><G2/><T118/><D118/><U5/><E68/><V7/><F7/><N who="1" m="2633" /><E28/><V58/><F58/><W66/><G8/><T6/><D27/><U65/><E65/><V33/><F33/><W44/><G66/><T129/><D14/><U121/><E121/><V112/><F112/><W106/><G106/><T125/><D6/><U105/><E105/><V52/><REACH who="2" step="1"/><F89/><REACH who="2" ten="398,259,83,250" step="2"/><W90/><G91/><T133/><D133/><U21/><E21/><V114/><F114/><W128/><G115/><T0/><D0/><U93/><E76/><AGARI ba="2,1" hai="47,48,52,59,63,64,74,75,76,78,80,82,92,94" machi="76" ten="40,5200,0" yaku="1,1,9,1,54,1,53,0" doraHai="127" doraHaiUra="67" who="2" fromWho="1" sc="398,0,259,-58,83,68,250,0" /><INIT seed="1,0,0,0,0,50" ten="398,201,151,250" oya="1" hai0="72,29,79,135,44,19,80,117,103,90,126,8,88" hai1="94,123,20,115,131,76,67,61,36,14,35,38,13" hai2="28,21,23,32,68,3,95,51,99,26,101,45,91" hai3="71,6,22,2,121,104,69,119,5,56,52,112,55"/><U114/><E123/><V73/><F3/><W37/><G121/><T18/><D117/><U82/><E35/><V33/><F68/><W17/><G112/><T77/><D126/><U30/><E131/><V134/><F134/><W132/><G37/><T27/><D135/><U42/><E114/><V74/><F33/><W128/><G132/><T34/><D103/><U4/><E115/><V87/><F23/><W53/><G56/><T106/><D106/><U48/><E94/><V89/><F32/><W129/><G104/><T9/><D79/><U49/><E38/><V7/><F7/><W118/><G71/><T62/><D62/><U120/><E120/><V116/><F116/><N who="3" m="44587" /><G69/><T102/><D102/><U127/><E127/><V63/><F63/><W81/><G81/><T124/><D124/><U98/><E36/><V0/><F0/><W113/><G113/><T97/><D44/><U109/><E109/><V25/><F25/><N who="3" m="14543" /><G2/><T96/><D97/><U108/><E98/><V66/><F66/><W65/><G65/><T84/><D96/><U110/><E110/><V122/><F122/><W1/><G1/><T46/><D46/><U130/><E130/><AGARI ba="0,0" hai="5,6,52,53,55,128,129,130" m="14543,44587" machi="130" ten="40,12000,2" yaku="19,1,12,1,52,3,54,1" doraHai="50" who="3" fromWho="1" sc="398,0,201,-120,151,0,250,120" /><INIT seed="2,0,0,2,0,64" ten="398,81,151,370" oya="2" hai0="118,119,60,48,14,61,109,17,46,21,54,53,7" hai1="68,19,99,90,67,15,126,39,100,96,93,101,121" hai2="28,102,95,117,20,116,110,18,92,9,87,51,76" hai3="120,113,37,45,8,86,62,43,80,42,79,125,69"/><V130/><F130/><W32/><G120/><T98/><D109/><U114/><E114/><V74/><F28/><W1/><G42/><T85/><D7/><U47/><E121/><V25/><F74/><N who="3" m="43127" /><G113/><T29/><D29/><U75/><E75/><V2/><F110/><W6/><G86/><T111/><D111/><U134/><E134/><V12/><F2/><W106/><G125/><T91/><D98/><U135/><E135/><V35/><F35/><W128/><G128/><T63/><REACH who="0" step="1"/><D54/><REACH who="0" ten="388,81,151,370" step="2"/><U108/><E108/><V94/><F117/><W26/><G106/><T81/><AGARI ba="0,1" hai="14,17,21,46,48,53,60,61,63,81,85,91,118,119" machi="81" ten="30,12000,2" yaku="1,1,2,1,0,1,53,3" doraHai="64" doraHaiUra="59" who="0" fromWho="0" sc="388,130,81,-30,151,-60,370,-30" /><INIT seed="3,0,0,2,2,111" ten="518,51,91,340" oya="3" hai0="22,97,47,11,0,8,52,108,57,121,89,100,41" hai1="66,119,5,74,6,14,2,110,64,113,40,123,21" hai2="62,19,60,31,78,114,33,130,76,125,118,9,59" hai3="135,24,105,28,23,17,16,51,90,29,96,20,53"/><W27/><G135/><T132/><D121/><U116/><E74/><V106/><F106/><W120/><G120/><T3/><D108/><U127/><E123/><V54/><F118/><N who="1" m="45097" /><E110/><V69/><F130/><W67/><G67/><N who="1" m="25642" /><E40/><V98/><F125/><W36/><G36/><T85/><D132/><U4/><E127/><V10/><F31/><W1/><G1/><T92/><D22/><U39/><E39/><V77/><F33/><W30/><G105/><T84/><D0/><U25/><E2/><V103/><F69/><W34/><G34/><T48/><D3/><U117/><N who="1" m="45105" /><U68/><DORA hai="122" /><E68/><V44/><F62/><W128/><G128/><T32/><D32/><U12/><E113/><V88/><F114/><W91/><REACH who="3" step="1"/><G96/><REACH who="3" ten="518,51,91,330" step="2"/><T37/><REACH who="0" step="1"/><D84/><REACH who="0" ten="508,51,91,330" step="2"/><U13/><E21/><V55/><F98/><W7/><G7/><T80/><AGARI ba="0,2" hai="8,11,37,41,47,48,52,57,80,85,89,92,97,100" machi="80" ten="20,12000,2" yaku="1,1,2,1,0,1,7,1,54,1,53,1" doraHai="111,122" doraHaiUra="82,18" who="0" fromWho="0" sc="508,140,51,-30,91,-30,330,-60" /><INIT seed="4,0,0,0,4,88" ten="648,21,61,270" oya="0" hai0="5,125,70,101,104,3,60,114,15,123,13,84,30" hai1="106,120,62,21,73,9,49,52,51,58,109,75,118" hai2="105,107,134,71,132,28,113,98,41,94,57,38,133" hai3="12,23,55,67,29,20,25,68,18,135,36,131,86"/><T93/><D123/><U116/><E120/><V112/><F71/><W17/><G36/><T127/><D104/><N who="2" m="40010" /><F57/><W32/><G67/><T8/><D114/><N who="2" m="44138" /><F28/><W87/><G68/><T1/><D30/><U44/><E109/><V103/><F41/><W2/><G2/><T95/><D15/><U110/><E110/><V65/><F65/><W130/><G135/><T92/><D101/><U56/><E106/><V64/><F64/><W111/><G55/><T7/><D70/><U83/><E58/><V33/><F38/><W35/><G111/><T85/><D60/><U121/><E121/><V48/><F48/><W129/><G32/><AGARI ba="0,0" hai="32,33,94,98,103,132,133,134" m="44138,40010" machi="32" ten="40,5200,0" yaku="20,1,15,1,52,1" doraHai="88" who="2" fromWho="3" sc="648,0,21,0,61,52,270,-52" /><INIT seed="5,0,0,3,5,76" ten="648,21,113,218" oya="1" hai0="73,101,44,29,97,50,6,79,102,114,134,99,113" hai1="33,9,62,54,80,122,16,5,26,27,53,71,96" hai2="77,112,40,30,28,88,87,68,110,4,64,78,58" hai3="125,48,52,0,129,47,69,94,15,109,12,3,36"/><U8/><E122/><V108/><F68/><W106/><G106/><T124/><D29/><N who="2" m="11370" /><F110/><W42/><G109/><T70/><D70/><U104/><E33/><V72/><F72/><W119/><G69/><T132/><D6/><U115/><E115/><N who="0" m="44041" /><D124/><U7/><E104/><V49/><F4/><N who="1" m="1609" /><E96/><N who="0" m="36937" /><D79/><U13/><E71/><V118/><F118/><W135/><G94/><T35/><D73/><U59/><E53/><N who="2" m="32047" /><F108/><W92/><G125/><T65/><D65/><U91/><E8/><V2/><F64/><W18/><G0/><T123/><D35/><U131/><E131/><V100/><F2/><W38/><G129/><T128/><D128/><U103/><E103/><N who="0" m="39433" /><D123/><U43/><E43/><AGARI ba="0,0" hai="43,44,50,132,134" m="39433,36937,44041" machi="43" ten="30,1000,0" yaku="15,1" doraHai="76" who="0" fromWho="1" sc="648,10,21,-10,113,0,218,0" /><INIT seed="6,0,0,5,5,52" ten="658,11,113,218" oya="2" hai0="107,75,109,48,72,29,30,33,102,110,86,126,67" hai1="14,91,98,95,129,123,9,135,99,96,3,73,124" hai2="66,62,7,51,89,47,28,0,119,134,1,74,18" hai3="45,121,22,25,105,60,65,117,13,122,127,36,113"/><V88/><F119/><W128/><G117/><T68/><D86/><U8/><E3/><V21/><F74/><W49/><G105/><T20/><D48/><U120/><E9/><V80/><F28/><W2/><G2/><T106/><D20/><U133/><E14/><V112/><F112/><W59/><G113/><T53/><D53/><U17/><E17/><V69/><F134/><N who="1" m="51209" /><E8/><V100/><F100/><W4/><G36/><T12/><D12/><U115/><E115/><V39/><F39/><W132/><G13/><T101/><D67/><U32/><E32/><V114/><F114/><W57/><G4/><T55/><D55/><U82/><E124/><V19/><F19/><W78/><G59/><T41/><D41/><U50/><E50/><V38/><F38/><W24/><G24/><T76/><D76/><N who="1" m="44303" /><E129/><V6/><F1/><W71/><G71/><T23/><D23/><U90/><E90/><V40/><F0/><W34/><G34/><T130/><D33/><U104/><E104/><V58/><F69/><W79/><G127/><T10/><D10/><U27/><E27/><N who="2" m="14775" /><F89/><W5/><G5/><T16/><D68/><U92/><E92/><V84/><AGARI ba="0,0" hai="6,7,40,47,51,58,62,66,80,84,88" m="14775" machi="84" ten="30,6000,0" yaku="8,1,52,1,54,1" doraHai="52" who="2" fromWho="2" sc="658,-20,11,-20,113,60,218,-20" owari="638,74.0,-9,-51.0,173,-23.0,198,0.0" /></mjloggm>