<mjloggm ver="2.3"><GO type="41" lobby="0"/><UN n0="%E9%9B%A8%E5%BC%93" n1="%E3%81%82%E3%81%90%E3%81%9F%E3%81%A1" n2="%E2%93%9D%53%75%70%68%78" n3="%E3%81%BA%E3%82%93%E3%81%97%E3%82%8B%E3%82%8D%E3%81%91%E3%81%A3%E3%81%A8" dan="15,15,18,14" rate="1913.36,2011.78,2104.52,1989.57" sx="M,M,M,M"/><TAIKYOKU oya="0"/><INIT seed="0,0,0,1,5,34" ten="250,250,250,250" oya="0" hai0="25,81,94,90,28,101,110,116,57,76,68,86,43" hai1="100,35,24,124,19,3,14,99,103,118,13,17,55" hai2="5,53,97,126,41,125,22,27,32,67,63,134,2" hai3="87,120,128,106,89,122,50,64,7,44,9,112,93"/><T95/><D116/><U105/><E118/><V65/><F32/><W78/><G112/><T47/><D68/><U70/><E124/><N who="2" m="47723" /><F41/><W74/><G128/><T117/><D117/><U130/><E103/><V59/><F134/><W88/><G64/><T102/><D57/><U45/><E130/><V131/><F97/><W72/><G106/><T46/><D110/><U4/><E70/><V135/><F135/><W56/><G56/><T48/><D95/><U75/><E75/><V69/><F131/><W61/><G61/><T129/><D46/><U16/><E35/><V10/><F69/><W20/><G20/><T127/><D127/><U62/><E24/><V98/><F98/><W18/><G18/><AGARI ba="0,0" hai="2,5,10,18,22,27,53,59,63,65,67" m="47723" machi="18" ten="30,2000,0" yaku="18,1,52,1" doraHai="34" who="2" fromWho="3" sc="250,0,250,0,250,20,250,-20" /><INIT seed="1,0,0,1,5,62" ten="250,250,270,230" oya="1" hai0="57,78,117,39,134,130,120,104,19,99,3,6,121" hai1="126,70,27,124,51,11,71,79,47,1,17,128,59" hai2="88,101,0,33,75,67,13,85,74,49,83,4,46" hai3="76,50,127,52,133,131,66,115,105,44,64,56,98"/><U97/><E128/><V108/><F33/><W125/><G76/><T21/><D117/><U80/><E59/><V114/><F0/><W36/><G105/><T69/><D39/><U90/><E27/><V103/><F108/><W132/><G98/><T111/><D69/><U122/><E122/><V14/><F114/><W93/><G93/><T91/><D78/><U106/><E90/><V23/><F75/><W37/><G115/><T102/><D134/><N who="3" m="51817" /><G131/><T2/><D130/><U28/><E28/><V81/><F81/><W48/><G37/><T113/><D113/><U84/><E97/><V40/><F74/><W116/><G36/><T43/><D43/><N who="1" m="25087" /><E106/><V16/><F67/><N who="3" m="25643" /><G116/><T119/><D119/><U10/><E17/><V34/><F34/><W107/><G107/><T109/><D6/><N who="1" m="1359" /><E11/><AGARI ba="0,0" hai="4,11,13,14,16,23,40,46,49,83,85,88,101,103" machi="11" ten="40,5200,0" yaku="8,1,54,2" doraHai="62" who="2" fromWho="1" sc="250,0,250,-52,270,52,230,0" /><INIT seed="2,0,0,1,3,121" ten="250,198,322,230" oya="2" hai0="117,27,8,44,112,76,111,5,61,97,29,58,105" hai1="72,13,87,7,68,82,16,18,22,91,56,92,69" hai2="60,41,9,85,32,4,65,77,130,11,51,108,25" hai3="84,49,99,127,20,57,67,30,98,125,93,35,88"/><V83/><F130/><W132/><G132/><T79/><D117/><U48/><E7/><V12/><F11/><W42/><G35/><T120/><D112/><U50/><E18/><V38/><F38/><W28/><G42/><T31/><D120/><U80/><E48/><V62/><F108/><W131/><G131/><T100/><D44/><U33/><E33/><V14/><F14/><W36/><G36/><T70/><D111/><U34/><E34/><V19/><F65/><W133/><G133/><T45/><D45/><U119/><E119/><V89/><F89/><W21/><G125/><T109/><D109/><U129/><E129/><V123/><F123/><W135/><G127/><T63/><D63/><U54/><REACH who="1" step="1"/><E72/><REACH who="1" ten="250,188,322,230" step="2"/><V116/><F116/><W47/><G135/><T75/><D75/><U43/><E43/><V2/><F41/><W40/><G28/><T106/><D31/><U10/><E10/><V59/><F51/><W103/><G30/><T55/><D5/><U3/><E3/><V113/><F2/><W74/><G74/><T1/><D8/><U81/><AGARI ba="0,1" hai="13,16,22,50,54,56,68,69,80,81,82,87,91,92" machi="81" ten="30,12000,2" yaku="1,1,0,1,25,2,54,1,53,1" doraHai="121" doraHaiUra="53" who="1" fromWho="1" sc="250,-30,188,130,322,-60,230,-30" /><INIT seed="3,0,0,1,2,93" ten="220,318,262,200" oya="3" hai0="3,135,25,60,123,18,127,11,67,28,122,132,95" hai1="8,103,131,59,89,22,125,41,68,20,110,106,66" hai2="17,115,53,29,100,87,24,134,81,69,32,61,56" hai3="118,79,112,117,116,75,90,33,101,88,104,91,38"/><W62/><G33/><T44/><D44/><U77/><E68/><V37/><F115/><W108/><G38/><T2/><D95/><U64/><E125/><V14/><F134/><N who="0" m="51242" /><D60/><U21/><E110/><V57/><F69/><W15/><G15/><N who="0" m="7551" /><D67/><U58/><E131/><V114/><F114/><W12/><G12/><T6/><D127/><U49/><E77/><V121/><F121/><N who="0" m="46090" /><D6/><U10/><E106/><V98/><F37/><W23/><G62/><T129/><D129/><U83/><E103/><V39/><F39/><W4/><G4/><T78/><D78/><U1/><E89/><V46/><F46/><W97/><G23/><AGARI ba="0,0" hai="2,3,23,25,28" m="46090,7551,51242" machi="23" ten="30,3900,0" yaku="20,1,34,2" doraHai="93" who="0" fromWho="3" sc="220,39,318,0,262,0,200,-39" /><INIT seed="4,0,0,2,2,121" ten="259,318,262,161" oya="0" hai0="12,97,6,72,8,90,57,124,26,33,10,68,36" hai1="4,67,76,60,129,16,29,25,14,58,7,101,41" hai2="123,40,85,78,27,94,100,74,44,117,63,65,3" hai3="52,13,84,75,0,42,112,127,22,111,119,99,66"/><T80/><D68/><U118/><E118/><V87/><F3/><W105/><G119/><T49/><D36/><U132/><E132/><V130/><F130/><W56/><G0/><T48/><D124/><U128/><E101/><V88/><F123/><W23/><G112/><T131/><D131/><N who="1" m="50251" /><E76/><V134/><F74/><W103/><G75/><T95/><D72/><U125/><E41/><V35/><F100/><W21/><G127/><T43/><D80/><U17/><E125/><V77/><F134/><W120/><G120/><T62/><D43/><U107/><E107/><V2/><F2/><W69/><G42/><T104/><D104/><U70/><E58/><V64/><F117/><W96/><G96/><T46/><D46/><U53/><E53/><V71/><F65/><W47/><G47/><T59/><D59/><U45/><E45/><V55/><F55/><W98/><G98/><T108/><D49/><U79/><E79/><V114/><F114/><W24/><G84/><T93/><D48/><U116/><E17/><V91/><F44/><W20/><G69/><T61/><D93/><U81/><E81/><V50/><F50/><W15/><G66/><T31/><D62/><U92/><E92/><V82/><REACH who="2" step="1"/><F40/><REACH who="2" ten="259,318,252,161" step="2"/><W122/><G122/><T102/><D102/><U110/><E116/><V126/><F126/><W39/><G39/><T11/><D61/><U73/><E73/><V133/><F133/><W28/><G103/><T9/><D57/><U30/><E60/><V86/><F86/><W51/><G56/><T89/><D89/><U19/><E70/><V34/><F34/><RYUUKYOKU ba="0,1" sc="259,15,318,-15,252,15,161,-15" hai0="6,8,9,10,11,12,26,31,33,90,95,97,108" hai2="27,35,63,64,71,77,78,82,85,87,88,91,94" /><INIT seed="4,1,1,3,1,134" ten="274,303,267,146" oya="0" hai0="47,26,125,44,78,28,71,8,120,81,105,91,16" hai1="53,101,41,113,7,93,37,19,131,49,85,82,9" hai2="109,135,132,77,50,72,32,117,107,68,86,129,119" hai3="66,110,18,122,56,60,84,123,92,99,48,34,2"/><T22/><D120/><U23/><E131/><V5/><F68/><W88/><G34/><T116/><D116/><N who="2" m="44618" /><F32/><W27/><G2/><T54/><D71/><U20/><E37/><V55/><F107/><W75/><G75/><T103/><D91/><U33/><E33/><V114/><F114/><W102/><G110/><T24/><D54/><U111/><E41/><V10/><F72/><W57/><G48/><T0/><D103/><U58/><E113/><V25/><F25/><W65/><G27/><T52/><D105/><U12/><E111/><V106/><F106/><W62/><REACH who="3" step="1"/><G18/><REACH who="3" ten="274,303,267,136" step="2"/><T95/><D0/><U80/><E19/><V6/><F109/><W87/><G87/><T35/><D26/><U127/><E85/><V1/><F129/><W76/><G76/><T3/><D3/><U121/><E121/><V115/><F115/><W40/><G40/><T21/><D35/><U59/><E12/><V45/><F6/><W43/><G43/><T112/><D112/><U29/><E49/><V30/><F30/><W38/><G38/><T69/><D28/><U94/><E29/><V15/><F1/><W70/><G70/><T51/><D69/><U133/><E133/><N who="2" m="51275" /><F86/><W100/><G100/><T90/><D16/><U64/><E101/><V96/><F77/><W73/><G73/><T128/><D24/><U126/><E7/><V14/><F14/><W63/><G63/><T97/><D78/><U83/><E20/><V4/><F4/><W108/><G108/><T89/><D22/><U36/><E23/><V42/><F42/><W67/><G67/><T104/><D21/><RYUUKYOKU ba="1,2" sc="274,-15,303,-15,267,15,136,15" hai2="5,10,15,45,50,55,96" hai3="56,57,60,62,65,66,84,88,92,99,102,122,123" /><INIT seed="5,2,2,2,5,15" ten="259,288,282,151" oya="1" hai0="13,107,97,82,86,75,30,37,33,95,73,83,108" hai1="135,87,125,24,126,58,70,44,110,6,56,21,92" hai2="122,117,8,41,11,19,131,106,57,69,93,79,29" hai3="133,94,112,53,80,42,103,132,96,36,1,68,91"/><U46/><E70/><V7/><F106/><W47/><G1/><T28/><D108/><U88/><E135/><N who="3" m="51786" /><G68/><T40/><D83/><U51/><E6/><V134/><F122/><W72/><G112/><T63/><D63/><U129/><E129/><V0/><F117/><W77/><G53/><T100/><D75/><U43/><E46/><V105/><F105/><W25/><G25/><T74/><D74/><U2/><E2/><V116/><F131/><W118/><G118/><T12/><D37/><U54/><E110/><V115/><F69/><W34/><G34/><T98/><D40/><U128/><E128/><V17/><F41/><W60/><G60/><T76/><D97/><U26/><E58/><V20/><F57/><W5/><G5/><T81/><D81/><U31/><REACH who="1" step="1"/><E24/><REACH who="1" ten="259,278,282,151" step="2"/><V89/><F134/><W52/><G52/><T39/><D39/><AGARI ba="2,3" hai="21,26,31,39,43,44,51,54,56,87,88,92,125,126" machi="39" ten="40,7700,0" yaku="1,1,2,1,54,1,53,0" doraHai="15" doraHaiUra="123" who="1" fromWho="0" sc="259,-83,278,113,282,0,151,0" /><INIT seed="5,3,0,1,3,130" ten="176,391,282,151" oya="1" hai0="77,115,46,118,32,24,52,67,113,29,129,44,75" hai1="94,56,65,105,68,63,25,16,47,114,17,117,71" hai2="11,112,88,101,30,13,99,96,109,12,19,38,40" hai3="70,82,48,133,31,59,128,61,8,111,22,41,91"/><U23/><E117/><V74/><F109/><W10/><G111/><T50/><D118/><U36/><E114/><N who="0" m="43529" /><D129/><U81/><E105/><V76/><F30/><W122/><G128/><T102/><D102/><U1/><E1/><V98/><F112/><W103/><G122/><T85/><D75/><U131/><E131/><V104/><F40/><W106/><G70/><T127/><D127/><U125/><E125/><V108/><F38/><W9/><G103/><T34/><D67/><U55/><E94/><V93/><F108/><W39/><G39/><T83/><D46/><U60/><E81/><N who="2" m="45207" /><F13/><W73/><G106/><T43/><D43/><U134/><E17/><V58/><F58/><W86/><G73/><T35/><AGARI ba="3,0" hai="24,29,32,34,35,44,50,52,77,83,85" m="43529" machi="35" ten="30,2000,0" yaku="15,1,54,1" doraHai="130" who="0" fromWho="0" sc="176,29,391,-13,282,-8,151,-8" /><INIT seed="6,0,0,3,1,91" ten="205,378,274,143" oya="2" hai0="53,129,4,14,42,134,95,69,79,29,78,67,26" hai1="104,50,17,116,121,10,125,115,103,68,11,99,22" hai2="8,76,19,27,105,46,106,88,48,45,61,110,35" hai3="118,74,31,5,92,57,97,100,83,86,62,63,0"/><V87/><F76/><W21/><G118/><T7/><D134/><U25/><E116/><V12/><F46/><W131/><G131/><T119/><D129/><U3/><E115/><V112/><F112/><W28/><G74/><T65/><D42/><U93/><E125/><V56/><F110/><W38/><G38/><T77/><D14/><U124/><E124/><V130/><F35/><W94/><G5/><T2/><D2/><U122/><E68/><V90/><F90/><W89/><G0/><T47/><D69/><U81/><E81/><V98/><F98/><W117/><G117/><T101/><D7/><U60/><E60/><V84/><F84/><W71/><G71/><T59/><D47/><U16/><E17/><V75/><F27/><W37/><G37/><T64/><D4/><U54/><E104/><V1/><F75/><W128/><G128/><T126/><D126/><U107/><E107/><V44/><F44/><W113/><G113/><T33/><D119/><U20/><E20/><V58/><F1/><W18/><G83/><T70/><D70/><U102/><E102/><V72/><F72/><W82/><G82/><T49/><D101/><U132/><E132/><V85/><F130/><W51/><G51/><T96/><D78/><U6/><REACH who="1" step="1"/><E10/><REACH who="1" ten="205,368,274,143" step="2"/><V23/><F8/><W111/><G111/><T13/><D29/><U39/><E39/><V36/><F36/><W108/><G108/><T52/><D49/><U123/><E123/><V109/><F109/><W80/><G62/><T41/><D33/><U24/><E24/><V55/><F61/><W30/><G63/><RYUUKYOKU ba="0,1" sc="205,-10,368,30,274,-10,143,-10" hai1="3,6,11,16,22,25,50,54,93,99,103,121,122" /><INIT seed="7,1,1,5,5,114" ten="195,398,264,133" oya="3" hai0="7,95,67,75,65,69,91,106,18,45,40,60,101" hai1="80,66,117,127,132,4,21,135,64,39,34,31,129" hai2="93,102,58,113,125,107,122,109,29,49,68,79,99" hai3="13,56,94,123,86,35,96,112,32,19,134,81,3"/><W61/><G123/><T17/><D75/><U20/><E129/><V116/><F116/><W53/><G3/><T30/><D7/><U23/><E127/><V71/><F109/><W130/><G112/><T97/><D30/><U103/><E39/><V84/><F29/><W43/><G43/><T131/><D67/><U41/><E41/><V104/><F104/><W51/><G61/><T124/><D124/><U87/><E117/><V78/><F107/><W133/><G130/><T5/><D5/><U98/><E4/><V0/><F71/><W52/><G53/><T92/><D106/><N who="1" m="63863" /><E34/><V76/><F68/><W77/><G133/><N who="1" m="51274" /><E31/><V73/><F73/><W15/><G134/><T59/><D69/><U1/><E1/><V12/><F0/><W108/><G108/><T27/><D27/><U25/><E25/><V74/><F74/><W37/><G37/><T42/><D131/><U2/><E2/><V83/><F122/><W70/><G70/><T100/><D42/><U89/><AGARI ba="1,1" hai="20,21,23,64,66,80,87,89" m="51274,63863" machi="89" ten="30,1100,0" yaku="20,1" doraHai="114" who="1" fromWho="1" sc="195,-4,398,24,264,-4,133,-6" owari="191,-21.0,422,52.0,260,6.0,127,-37.0" /></mjloggm>