<mjloggm ver="2.3"><GO type="41" lobby="0"/><UN n0="%E2%93%9D%53%75%70%68%78" n1="%E4%B8%A1%E5%84%80%E6%9C%AB%E9%82%A3" n2="%6F%67%61%32%34%38" n3="%E3%83%A2%E3%83%A4%E3%80%82" dan="18,14,14,13" rate="2090.23,1878.88,1891.99,1898.80" sx="M,M,M,M"/><TAIKYOKU oya="0"/><INIT seed="0,0,0,4,5,21" ten="250,250,250,250" oya="0" hai0="39,110,42,52,26,86,22,2,45,73,50,28,33" hai1="37,71,69,122,58,78,25,89,105,83,92,9,103" hai2="127,15,23,35,62,44,93,54,31,19,85,63,68" hai3="96,114,43,53,60,94,107,97,130,134,51,99,27"/><T55/><D73/><U6/><E122/><V49/><F127/><W17/><G114/><T115/><D115/><U117/><E117/><V16/><F68/><W90/><G134/><T5/><D110/><U109/><E109/><V65/><F35/><W12/><G130/><T34/><D55/><U135/><E37/><V1/><F1/><W56/><G107/><T8/><REACH who="0" step="1"/><D86/><REACH who="0" ten="240,250,250,250" step="2"/><U11/><E135/><V118/><F118/><W4/><G43/><T40/><D40/><U124/><E124/><V46/><F85/><W119/><G119/><T129/><D129/><U80/><E78/><V24/><F65/><W102/><G102/><T88/><D88/><U72/><E103/><V20/><F31/><W7/><G90/><T123/><D123/><U66/><E72/><V59/><F93/><W101/><G101/><T120/><D120/><U75/><E75/><V32/><F32/><W10/><G94/><T77/><D77/><U36/><E105/><V64/><F64/><W79/><G79/><T106/><D106/><U87/><E89/><V116/><F116/><W82/><G82/><T128/><D128/><U74/><E83/><V108/><F108/><W57/><G99/><T67/><D67/><U13/><E80/><V29/><F29/><W47/><G97/><T18/><D18/><U112/><E74/><V98/><F98/><W91/><G96/><T126/><D126/><U30/><E87/><V76/><F76/><W61/><G91/><T104/><D104/><U48/><E92/><V84/><F84/><W3/><G53/><T133/><D133/><U113/><E112/><RYUUKYOKU ba="0,1" sc="240,15,250,-15,250,15,250,-15" hai0="2,5,8,22,26,28,33,34,39,42,45,50,52" hai2="15,16,19,20,23,24,44,46,49,54,59,62,63" /><INIT seed="0,1,1,4,5,6" ten="255,235,265,235" oya="0" hai0="94,114,7,121,27,5,8,58,2,41,108,79,119" hai1="84,35,16,85,116,134,96,62,3,118,80,17,131" hai2="33,78,38,29,13,11,9,74,81,95,109,73,23" hai3="101,111,61,50,132,26,19,53,92,86,59,69,24"/><T55/><D114/><U63/><E3/><V36/><F109/><W107/><G111/><T1/><D108/><U68/><E35/><V57/><F33/><W126/><G126/><T122/><D119/><U60/><E68/><V113/><F73/><W90/><G132/><T46/><D79/><U130/><E134/><V44/><F36/><W20/><G107/><T82/><D82/><U133/><E133/><V43/><F113/><W123/><G101/><T56/><D27/><U47/><E96/><V51/><F95/><W66/><G123/><T125/><D94/><U87/><E47/><V15/><F29/><W97/><REACH who="3" step="1"/><G97/><REACH who="3" ten="255,235,265,225" step="2"/><T25/><D125/><U98/><E80/><V18/><REACH who="2" step="1"/><F15/><AGARI ba="1,2" hai="15,19,20,24,26,50,53,59,61,66,69,86,90,92" machi="15" ten="30,12000,2" yaku="1,1,2,1,7,1,25,2,53,1" doraHai="6" doraHaiUra="88" who="3" fromWho="2" sc="255,0,235,0,265,-123,225,143" /><INIT seed="1,0,0,2,3,127" ten="255,235,142,368" oya="1" hai0="68,120,89,35,67,55,72,65,94,106,85,108,34" hai1="12,78,121,96,69,33,46,7,97,119,66,58,122" hai2="110,100,77,49,128,43,8,21,14,130,56,88,82" hai3="23,111,52,29,92,116,47,22,30,129,79,124,19"/><U2/><E119/><V15/><F110/><W105/><G111/><T81/><D108/><U102/><E33/><V101/><F21/><W5/><G105/><T20/><D106/><U134/><E2/><V125/><F125/><W26/><G124/><T95/><D72/><U3/><E134/><V114/><F114/><W112/><G112/><T45/><D68/><U135/><E3/><V109/><F109/><W42/><G116/><T103/><D35/><U18/><E135/><V1/><F15/><W24/><G79/><T51/><D34/><U39/><E69/><V113/><F1/><W91/><G5/><T25/><D120/><U63/><E7/><V48/><F48/><W74/><G74/><T32/><D32/><U98/><E78/><V118/><F88/><W4/><G4/><T93/><REACH who="0" step="1"/><D103/><REACH who="0" ten="245,235,142,368" step="2"/><U53/><E102/><V54/><F101/><W73/><G73/><T10/><D10/><U64/><E122/><V104/><F100/><W132/><G132/><T90/><D90/><U59/><E121/><V6/><F104/><W61/><G23/><T57/><D57/><U133/><E133/><V75/><F113/><W50/><G26/><T27/><D27/><U9/><E59/><V31/><F118/><W37/><G24/><T0/><D0/><U17/><E17/><AGARI ba="0,1" hai="17,20,25,45,51,55,65,67,81,85,89,93,94,95" machi="17" ten="40,2600,0" yaku="1,1,8,1,53,0" doraHai="127" doraHaiUra="11" who="0" fromWho="1" sc="245,36,235,-26,142,0,368,0" /><INIT seed="2,0,0,5,2,74" ten="281,209,142,368" oya="2" hai0="120,10,34,0,128,61,12,22,71,13,83,106,135" hai1="97,87,11,91,38,30,4,35,39,46,105,130,15" hai2="58,112,19,88,21,51,63,2,60,52,47,99,24" hai3="122,5,113,69,73,42,68,41,116,55,125,81,104"/><V77/><F112/><W82/><G104/><T27/><D106/><U57/><E130/><V108/><F2/><W100/><G100/><T76/><D120/><U44/><E30/><V84/><F108/><W93/><G125/><T14/><D135/><U109/><E35/><V132/><F132/><W66/><G93/><T56/><D71/><U101/><E109/><V103/><F77/><W43/><G5/><T131/><D34/><U90/><E90/><V33/><F33/><W32/><G32/><T8/><D0/><U37/><REACH who="1" step="1"/><E57/><REACH who="1" ten="281,199,142,368" step="2"/><V16/><F58/><W7/><G68/><T123/><D131/><U92/><AGARI ba="0,1" hai="4,11,15,37,38,39,44,46,87,91,92,97,101,105" machi="92" ten="30,4000,0" yaku="1,1,2,1,0,1,53,0" doraHai="74" doraHaiUra="62" who="1" fromWho="1" sc="281,-10,199,50,142,-20,368,-10" /><INIT seed="3,0,0,3,5,22" ten="271,249,122,358" oya="3" hai0="100,12,2,125,47,66,128,77,127,81,119,87,69" hai1="56,27,35,76,114,39,90,23,123,79,135,55,74" hai2="25,0,78,98,54,110,107,18,34,92,51,95,62" hai3="13,1,89,4,112,20,117,72,49,57,134,124,106"/><W38/><G112/><T15/><D2/><U97/><E39/><V3/><F110/><W70/><G117/><T9/><D119/><U26/><E35/><V133/><F133/><W93/><G106/><T29/><D100/><U53/><E114/><V24/><F107/><W131/><G38/><T108/><D128/><U46/><E123/><V42/><F34/><W8/><G70/><T120/><D120/><U41/><E74/><V60/><F3/><W73/><G124/><T132/><D29/><U85/><E135/><V109/><F109/><W116/><G116/><T113/><D15/><U36/><E97/><V121/><F0/><W58/><G131/><T11/><D11/><U17/><E27/><N who="2" m="10315" /><F78/><W52/><G58/><T63/><D108/><U91/><E91/><N who="2" m="55583" /><F42/><W82/><G82/><T59/><D132/><U130/><E130/><V64/><F64/><W104/><G104/><T67/><D67/><U45/><E45/><N who="2" m="28015" /><F121/><W33/><G33/><T75/><D113/><U96/><E96/><V10/><F95/><W44/><G134/><T19/><D127/><U83/><REACH who="1" step="1"/><E53/><REACH who="1" ten="271,239,122,358" step="2"/><V118/><F118/><W115/><G115/><T61/><D125/><U16/><E16/><V101/><F101/><W68/><G44/><T86/><D47/><U6/><E6/><V111/><F111/><W129/><G129/><T14/><D19/><U103/><E103/><V37/><F37/><W30/><G73/><T105/><D75/><U48/><AGARI ba="0,1" hai="17,23,26,36,41,46,48,55,56,76,79,83,85,90" machi="48" ten="20,8000,1" yaku="1,1,0,1,7,1,52,1,53,1" doraHai="22" doraHaiUra="40" who="1" fromWho="1" sc="271,-20,239,90,122,-20,358,-40" /><INIT seed="4,0,0,0,4,106" ten="251,329,102,318" oya="0" hai0="10,71,72,121,83,74,52,108,93,123,40,118,73" hai1="62,50,116,98,20,47,86,32,68,128,79,36,9" hai2="119,96,132,4,24,41,117,107,46,102,80,88,134" hai3="25,133,60,23,54,15,110,58,87,112,19,45,2"/><T130/><D118/><N who="2" m="45066" /><F4/><W124/><G124/><T34/><D71/><U92/><E32/><V85/><F24/><W113/><G133/><N who="2" m="51305" /><F46/><W120/><G120/><T29/><D40/><U28/><E36/><V131/><F41/><W100/><G110/><T6/><D108/><U3/><E116/><V66/><F66/><W91/><G100/><T35/><D130/><AGARI ba="0,0" hai="80,85,88,96,102,107,130,131" m="51305,45066" machi="130" ten="40,8000,1" yaku="12,1,20,1,34,2,54,1" doraHai="106" who="2" fromWho="0" sc="251,-80,329,0,102,80,318,0" /><INIT seed="5,0,0,2,5,131" ten="171,329,182,318" oya="1" hai0="29,101,75,110,97,10,65,0,93,109,102,25,76" hai1="30,17,57,84,62,71,86,11,96,124,105,41,82" hai2="133,122,14,103,20,48,50,66,125,130,34,56,104" hai3="92,18,26,28,47,59,107,134,67,44,5,13,118"/><U111/><E71/><V22/><F34/><W99/><G107/><T108/><D65/><U135/><E111/><V100/><F122/><W129/><G129/><T9/><D102/><U112/><E112/><V3/><F3/><W87/><G5/><T32/><D76/><U61/><E30/><V35/><F35/><W52/><G67/><T119/><D119/><U8/><E124/><V53/><F66/><W73/><G87/><T39/><D39/><U114/><E114/><V81/><F104/><W74/><G74/><T2/><REACH who="0" step="1"/><D75/><REACH who="0" ten="161,329,182,318" step="2"/><U45/><E105/><V43/><F130/><W95/><G73/><T42/><D42/><U115/><E41/><V85/><F100/><W69/><G118/><T117/><D117/><U68/><E115/><V31/><F103/><W94/><G99/><T27/><D27/><U38/><E96/><V120/><F120/><W79/><G79/><T80/><D80/><U21/><E68/><V15/><F81/><W123/><G69/><T132/><D132/><U36/><E82/><V128/><F133/><W33/><G134/><T70/><D70/><U77/><E135/><V90/><F128/><W60/><REACH who="3" step="1"/><G123/><REACH who="3" ten="161,329,182,308" step="2"/><T58/><D58/><U40/><E36/><V12/><F56/><W7/><G7/><T1/><AGARI ba="0,2" hai="0,1,2,9,10,25,29,32,93,97,101,108,109,110" machi="1" ten="40,2700,0" yaku="1,1,0,1,53,0" doraHai="131" doraHaiUra="54" who="0" fromWho="0" sc="161,47,329,-13,182,-7,308,-7" /><INIT seed="6,0,0,3,0,76" ten="208,316,175,301" oya="2" hai0="125,20,57,16,68,22,70,69,15,123,98,56,12" hai1="119,62,45,18,27,37,102,8,55,23,121,61,97" hai2="24,130,7,63,33,99,122,67,36,25,58,78,65" hai3="88,103,127,29,54,91,116,21,64,2,60,96,75"/><V79/><F122/><W115/><G116/><T46/><D123/><U28/><E119/><V14/><F36/><W41/><G2/><T110/><D110/><U72/><E121/><V59/><F130/><W74/><G127/><T73/><D73/><U106/><E72/><V131/><F131/><W13/><G115/><T113/><D113/><U120/><E120/><V100/><F33/><W117/><G117/><T81/><D125/><U10/><E28/><V114/><F114/><W39/><G54/><T31/><D46/><U77/><E77/><V44/><F44/><W83/><G41/><T118/><D118/><U109/><E109/><V47/><F47/><W93/><G39/><T11/><D98/><U112/><E112/><V101/><F99/><W38/><G38/><T50/><D50/><U71/><E71/><V6/><F14/><W86/><G91/><T134/><D134/><U32/><E32/><V17/><REACH who="2" step="1"/><F17/><REACH who="2" ten="208,316,165,301" step="2"/><W133/><G133/><T51/><D15/><N who="1" m="7543" /><E37/><V40/><F40/><W82/><G13/><T95/><D31/><U52/><E45/><V111/><F111/><W66/><G75/><T53/><D22/><U49/><E8/><V26/><F26/><N who="3" m="16591" /><G74/><T132/><D20/><U92/><E23/><V35/><F35/><W107/><G107/><T0/><D132/><U5/><E27/><V135/><F135/><W42/><G42/><T105/><D105/><U84/><E106/><V108/><F108/><W4/><G4/><T3/><D3/><U19/><E5/><V9/><F9/><W30/><G96/><T94/><D0/><U43/><E19/><RYUUKYOKU ba="0,1" sc="208,-10,316,-10,165,30,301,-10" hai2="6,7,24,25,58,59,63,65,67,78,79,100,101" /><INIT seed="6,1,1,3,5,102" ten="198,306,195,291" oya="2" hai0="65,59,7,81,34,123,31,41,134,82,74,113,48" hai1="43,120,5,66,29,30,44,106,103,46,126,132,135" hai2="17,57,2,109,37,125,98,11,93,0,110,47,114" hai3="91,67,121,27,108,85,90,21,101,55,96,76,23"/><V54/><F114/><W99/><G108/><N who="2" m="41577" /><F125/><W130/><G130/><T6/><D123/><U68/><E120/><V10/><F17/><W70/><G121/><T15/><D113/><U117/><E117/><V45/><F37/><W69/><G76/><T16/><D134/><N who="1" m="51243" /><E5/><N who="0" m="1545" /><D74/><U119/><E119/><V35/><F35/><W133/><G133/><T97/><D97/><N who="1" m="61807" /><E126/><V8/><F2/><W104/><G67/><T122/><D34/><U128/><E128/><V124/><F0/><W51/><G96/><T88/><D31/><N who="1" m="11787" /><E43/><V3/><F3/><W116/><G116/><T20/><D122/><U9/><E9/><V63/><F124/><W94/><G91/><AGARI ba="1,1" hai="8,10,11,45,47,54,57,63,91,93,98" m="41577" machi="91" ten="30,1500,0" yaku="10,1" doraHai="102" who="2" fromWho="3" sc="198,0,306,0,195,28,291,-18" /><INIT seed="6,2,0,0,0,129" ten="198,306,223,273" oya="2" hai0="103,106,12,76,19,74,109,64,13,90,45,77,132" hai1="69,120,46,39,54,2,107,73,52,36,58,99,133" hai2="14,31,43,124,55,67,126,21,4,119,23,6,102" hai3="25,87,134,93,94,128,59,70,51,61,30,104,53"/><V98/><F119/><W101/><G128/><T35/><D35/><U7/><E69/><V47/><F55/><W78/><G134/><T110/><D64/><U125/><E73/><V112/><F67/><N who="3" m="41327" /><G87/><T60/><D60/><U96/><E120/><V122/><F122/><W63/><G63/><T84/><D13/><U20/><E125/><N who="2" m="48235" /><F112/><W34/><G78/><T111/><D45/><U86/><E107/><N who="2" m="63959" /><F31/><W15/><G15/><T85/><D12/><U68/><E54/><V10/><F4/><W127/><G127/><T57/><D19/><U75/><E68/><V17/><F17/><W56/><G59/><T11/><D57/><U121/><E121/><V65/><F65/><W27/><G27/><T97/><D111/><U33/><E7/><V130/><F130/><W88/><G88/><T9/><D90/><U80/><E58/><V131/><F131/><W118/><G118/><T5/><D110/><U38/><E38/><AGARI ba="2,0" hai="6,10,14,21,23,38,43,47" m="63959,48235" machi="38" ten="30,1500,0" yaku="18,1" doraHai="129" who="2" fromWho="1" sc="198,0,306,-21,223,21,273,0" /><INIT seed="6,3,0,0,2,23" ten="198,285,244,273" oya="2" hai0="83,124,108,90,128,116,60,50,69,87,95,5,114" hai1="3,104,119,19,58,49,94,82,9,122,92,45,13" hai2="121,38,77,26,131,120,44,28,91,43,36,52,80" hai3="85,130,18,35,76,51,1,93,0,15,53,125,12"/><V47/><F131/><W65/><G125/><T100/><D128/><U74/><E104/><V118/><F118/><W2/><G130/><T129/><D129/><U25/><E122/><V41/><F91/><W7/><G65/><T57/><D108/><U37/><E119/><V62/><F52/><W6/><G35/><T10/><D116/><U97/><E3/><V105/><F62/><W111/><G15/><T98/><D114/><U39/><E92/><V68/><F68/><W46/><G111/><T75/><D124/><U89/><E58/><V72/><REACH who="2" step="1"/><F105/><REACH who="2" ten="198,285,234,273" step="2"/><W73/><G53/><T55/><D69/><U42/><E74/><V22/><AGARI ba="3,1" hai="22,26,28,36,38,41,43,44,47,72,77,80,120,121" machi="22" ten="20,18000,2" yaku="1,1,2,1,0,1,7,1,9,1,52,1,53,1" doraHai="23" doraHaiUra="24" who="2" fromWho="2" sc="198,-63,285,-63,234,199,273,-63" /><INIT seed="6,4,0,5,2,86" ten="135,222,433,210" oya="2" hai0="0,135,118,39,127,73,110,18,83,22,35,72,53" hai1="76,130,25,107,108,51,103,78,55,15,44,43,12" hai2="92,30,132,63,28,70,34,41,10,3,8,95,128" hai3="58,90,94,14,24,11,119,111,29,85,20,54,42"/><V66/><F128/><W48/><G111/><T106/><RYUUKYOKU type="yao9" ba="4,0" sc="135,0,222,0,433,0,210,0" hai0="0,18,22,35,39,53,72,73,83,106,110,118,127,135" /><INIT seed="6,5,0,4,0,117" ten="135,222,433,210" oya="2" hai0="94,75,133,135,82,29,28,64,78,134,9,124,65" hai1="88,100,116,95,40,27,121,113,35,74,103,107,18" hai2="46,70,126,32,83,51,72,50,45,10,54,87,93" hai3="24,96,71,66,44,98,118,97,79,48,108,19,122"/><V58/><F32/><W55/><G108/><T81/><D124/><U34/><E113/><V8/><F70/><W59/><G118/><T73/><D94/><U6/><E116/><V20/><F72/><N who="0" m="27722" /><D9/><U120/><E74/><V30/><F93/><W89/><G79/><T104/><D78/><U26/><E6/><V132/><F132/><N who="0" m="33794" /><T112/><DORA hai="5" /><D104/><U131/><E131/><V4/><F4/><W13/><G24/><N who="1" m="9258" /><E18/><V128/><F30/><N who="0" m="11882" /><D112/><U42/><E107/><V56/><F20/><W57/><G89/><T127/><D127/><U0/><E0/><V105/><F128/><W36/><G96/><T15/><D15/><U43/><E88/><N who="2" m="51327" /><F105/><W85/><G98/><T84/><D84/><U21/><E21/><V33/><F33/><N who="1" m="12297" /><E95/><V76/><F76/><W102/><G85/><T41/><D41/><U22/><E22/><V7/><F7/><W11/><G97/><T110/><D110/><U14/><E14/><V62/><F126/><W119/><G119/><T130/><D130/><U53/><E53/><N who="2" m="34063" /><F45/><W31/><G44/><T60/><D82/><U1/><E1/><V49/><F51/><W68/><G68/><N who="0" m="41991" /><D81/><U47/><E47/><V37/><F37/><W63/><G36/><T23/><D23/><U17/><E17/><V123/><F46/><W38/><G31/><T91/><D91/><U80/><E80/><V61/><F61/><W90/><G38/><T101/><D101/><AGARI ba="5,0" hai="40,42,43,100,101,103,120,121" m="12297,9258" machi="101" ten="40,8000,1" yaku="28,2,52,2" doraHai="117,5" who="1" fromWho="0" sc="135,-95,222,95,433,0,210,0" /><INIT seed="7,0,0,4,2,33" ten="40,317,433,210" oya="3" hai0="121,129,46,44,37,7,54,57,126,79,42,102,100" hai1="16,40,21,73,41,63,29,67,3,14,35,74,12" hai2="103,106,122,50,62,61,51,93,49,85,0,115,89" hai3="15,117,55,114,11,131,22,27,4,30,99,52,82"/><W134/><G131/><T34/><D34/><U118/><E118/><V72/><F72/><W47/><G134/><T58/><D102/><U127/><E127/><V107/><F0/><W59/><G117/><T13/><D100/><U123/><E123/><V94/><F122/><W70/><G114/><T77/><D13/><U31/><E35/><V64/><F115/><W19/><G70/><T75/><D7/><U36/><E36/><V66/><F106/><W76/><G99/><T86/><D86/><U23/><E3/><V8/><F8/><W17/><G47/><T80/><D80/><U1/><E1/><V125/><F125/><W109/><G109/><T69/><D79/><U120/><E120/><V110/><F107/><W104/><G104/><T26/><D26/><U133/><E133/><V2/><F2/><W96/><G96/><T95/><D95/><U71/><E71/><V56/><F110/><W18/><REACH who="3" step="1"/><G59/><REACH who="3" ten="40,317,433,200" step="2"/><T119/><D121/><U135/><E135/><V48/><F56/><W91/><G91/><T45/><D119/><U83/><E73/><AGARI ba="0,1" hai="4,11,15,17,18,19,22,27,30,52,55,73,76,82" machi="73" ten="40,3900,0" yaku="1,1,54,1,53,0" doraHai="33" doraHaiUra="65" who="3" fromWho="1" sc="40,0,317,-39,433,0,200,49" /><INIT seed="7,1,0,2,4,64" ten="40,278,433,249" oya="3" hai0="83,1,105,28,52,15,114,10,77,104,43,16,50" hai1="124,84,111,133,51,55,123,119,45,96,17,76,47" hai2="20,112,54,134,8,19,48,100,41,44,131,117,72" hai3="101,86,62,49,92,106,73,36,109,14,25,70,24"/><W42/><G109/><T61/><D114/><U87/><E123/><V110/><F72/><W85/><G73/><T130/><D130/><U90/><E119/><V13/><F117/><W89/><G36/><T118/><D118/><U29/><E111/><V107/><F131/><W18/><G85/><T37/><D28/><U0/><E133/><V56/><F134/><W82/><G106/><T102/><D1/><U12/><E124/><V31/><F112/><W66/><G42/><T126/><D126/><U74/><E74/><V57/><F100/><W33/><G33/><T121/><D121/><U4/><E0/><V78/><F78/><W9/><REACH who="3" step="1"/><G49/><REACH who="3" ten="40,278,433,239" step="2"/><T6/><D37/><U79/><E29/><V26/><F107/><W34/><G34/><T60/><D105/><U53/><E4/><V39/><F110/><W128/><G128/><T69/><D43/><U2/><E87/><V120/><F120/><W91/><G91/><T108/><D108/><U115/><E84/><V135/><F135/><W129/><G129/><T127/><D127/><U99/><E90/><V75/><F75/><W22/><G22/><T35/><D35/><U63/><E96/><AGARI ba="1,1" hai="9,14,18,24,25,62,66,70,82,86,89,92,96,101" machi="96" ten="40,7700,0" yaku="1,1,52,1,53,1" doraHai="64" doraHaiUra="88" who="3" fromWho="1" sc="40,0,278,-80,433,0,239,90" /><INIT seed="7,2,0,0,2,84" ten="40,198,433,329" oya="3" hai0="131,45,16,86,78,61,118,66,8,102,55,129,104" hai1="126,88,25,76,83,5,19,125,0,24,119,7,65" hai2="44,107,111,41,46,71,122,30,13,85,124,20,21" hai3="38,37,11,93,133,91,73,27,130,10,28,32,68"/><W135/><G68/><T6/><D118/><U4/><E119/><V95/><F111/><W72/><G130/><T29/><D29/><U110/><E65/><V120/><F107/><W12/><G38/><T57/><D104/><U60/><E110/><V36/><F124/><W79/><G37/><T14/><D102/><U105/><E60/><V51/><F71/><W26/><G26/><T90/><D78/><U56/><E105/><V74/><F74/><W94/><G94/><T58/><D6/><U2/><E56/><V132/><F132/><N who="3" m="50763" /><G79/><T54/><D45/><U89/><E19/><V48/><F36/><W106/><G106/><T116/><D116/><U77/><E5/><V63/><F63/><W108/><G108/><T123/><D123/><N who="2" m="47146" /><F30/><W109/><G109/><T70/><D70/><U52/><E83/><V3/><F3/><W40/><G40/><T117/><D117/><U128/><REACH who="1" step="1"/><E52/><REACH who="1" ten="40,188,433,329" step="2"/><N who="2" m="29703" /><F13/><W92/><G92/><T62/><REACH who="0" step="1"/><D66/><REACH who="0" ten="30,188,433,329" step="2"/><U47/><E47/><V134/><F134/><W99/><G10/><T103/><D103/><U35/><E35/><V113/><F46/><W75/><G75/><T96/><D96/><U82/><E82/><AGARI ba="2,2" hai="8,14,16,54,55,57,58,61,62,82,86,90,129,131" machi="82" ten="40,12000,2" yaku="1,1,9,1,52,1,54,1,53,2" doraHai="84" doraHaiUra="49" who="0" fromWho="1" sc="30,146,188,-126,433,0,329,0" owari="176,-22.0,62,-44.0,433,53.0,329,13.0" /></mjloggm>