<mjloggm ver="2.3"><GO type="41" lobby="0"/><UN n0="%6B%75%72%6F%6D%61%74%65" n1="%E2%93%9D%53%75%70%68%78" n2="%E5%B7%AE%E8%BE%BC%E3%82%93%E3%81%A0%E6%96%B9%E3%81%8C%E3%81%84%E3%81%84" n3="%58%4A%41%50%41%4E" dan="14,17,13,13" rate="1996.05,2108.26,1914.46,1895.90" sx="M,M,M,M"/><TAIKYOKU oya="0"/><INIT seed="0,0,0,1,2,84" ten="250,250,250,250" oya="0" hai0="86,21,73,51,77,0,118,27,1,36,113,109,15" hai1="108,42,81,97,34,39,11,82,55,94,91,105,130" hai2="134,38,18,114,75,69,40,104,30,29,46,96,54" hai3="99,12,58,70,127,126,16,60,3,45,26,115,20"/><T5/><D118/><U95/><E34/><V67/><F75/><W43/><G115/><T131/><D113/><U116/><E116/><V133/><F114/><W32/><G70/><T128/><D36/><U14/><E105/><V66/><F66/><W4/><G32/><T85/><D109/><U135/><E130/><N who="0" m="49705" /><D73/><U44/><E135/><V132/><F54/><N who="3" m="33879" /><G3/><N who="0" m="1099" /><D51/><U56/><E94/><V121/><F121/><W88/><G4/><T123/><D123/><U80/><E108/><V2/><F2/><W124/><G26/><T57/><D57/><U68/><E68/><V10/><F69/><W62/><G62/><T93/><D93/><U7/><REACH who="1" step="1"/><E81/><REACH who="1" ten="250,240,250,250" step="2"/><V79/><F104/><W24/><G24/><T48/><D27/><U74/><E74/><V76/><F134/><W71/><G71/><T49/><D86/><U6/><E6/><V52/><F133/><W17/><G99/><T103/><D5/><U98/><E98/><V28/><F96/><W63/><G63/><AGARI ba="0,1" hai="7,11,14,39,42,44,55,56,63,80,82,91,95,97" machi="63" ten="30,3900,0" yaku="1,1,7,1,52,1,53,0" doraHai="84" doraHaiUra="110" who="1" fromWho="3" sc="250,0,240,49,250,0,250,-39" /><INIT seed="1,0,0,1,2,27" ten="250,289,250,211" oya="1" hai0="41,134,78,7,103,101,123,133,68,17,50,86,113" hai1="0,83,72,11,2,13,95,5,99,38,120,31,81" hai2="130,102,115,60,14,20,33,61,34,46,114,39,109" hai3="21,32,66,88,64,70,119,93,82,15,69,98,127"/><U59/><E120/><V53/><F102/><W80/><G119/><T74/><D74/><U24/><E38/><V63/><F39/><W116/><G116/><T9/><D113/><N who="2" m="43018" /><F130/><W79/><G32/><N who="2" m="12393" /><F14/><W71/><G127/><T125/><D125/><U25/><E25/><V8/><F8/><W132/><G132/><N who="0" m="50795" /><D123/><U48/><E0/><V77/><F77/><W51/><G51/><T16/><D68/><U118/><E2/><V124/><F124/><W87/><G82/><N who="0" m="47447" /><D103/><U28/><E72/><V19/><F19/><W105/><G15/><N who="0" m="5567" /><D101/><N who="1" m="60671" /><E118/><V52/><F20/><W85/><G105/><T67/><D67/><U36/><E36/><V117/><F117/><W65/><REACH who="3" step="1"/><G21/><REACH who="3" ten="250,289,250,201" step="2"/><T4/><D4/><U104/><E104/><V49/><F109/><W107/><G107/><T131/><D131/><U30/><E24/><V94/><F94/><W90/><G90/><T58/><D58/><AGARI ba="0,1" hai="46,49,52,53,58,60,61,63" m="12393,43018" machi="58" ten="30,2000,0" yaku="11,1,54,1" doraHai="27" who="2" fromWho="0" sc="250,-20,289,0,250,30,201,0" /><INIT seed="2,0,0,3,5,56" ten="230,289,280,201" oya="2" hai0="49,50,21,62,91,79,30,134,86,16,115,14,22" hai1="39,117,3,109,133,103,124,76,126,34,31,27,112" hai2="97,69,15,25,35,45,36,32,125,121,13,106,7" hai3="98,54,78,123,51,96,17,48,95,74,18,80,19"/><V71/><F71/><W118/><G118/><T4/><D115/><U130/><RYUUKYOKU type="yao9" ba="0,0" sc="230,0,289,0,280,0,201,0" hai1="3,27,31,34,39,76,103,109,112,117,124,126,130,133" /><INIT seed="2,1,0,2,2,50" ten="230,289,280,201" oya="2" hai0="124,95,104,86,47,23,37,6,12,77,102,105,129" hai1="90,26,1,103,73,112,134,83,40,59,19,52,113" hai2="118,131,98,33,39,11,2,24,128,45,133,106,84" hai3="96,14,22,28,100,87,35,9,36,10,69,27,93"/><V34/><F34/><W32/><G69/><T109/><D109/><U76/><E1/><V117/><F84/><W115/><G115/><T54/><D129/><N who="2" m="49738" /><F133/><W56/><G36/><T110/><D110/><U75/><E75/><V55/><F39/><W30/><G87/><T8/><D124/><U49/><E134/><V94/><F106/><W42/><G42/><T48/><D37/><U126/><E126/><V91/><F2/><W72/><G72/><T18/><D102/><U58/><E103/><V4/><F4/><W108/><G108/><T65/><D65/><U21/><E40/><V20/><F11/><W132/><G132/><T15/><REACH who="0" step="1"/><D95/><REACH who="0" ten="220,289,280,201" step="2"/><U17/><E112/><V43/><F118/><W7/><G100/><T85/><D85/><U62/><E113/><V74/><F74/><W16/><G93/><T89/><D89/><U66/><REACH who="1" step="1"/><E90/><REACH who="1" ten="220,279,280,201" step="2"/><V123/><F117/><W114/><G114/><T70/><D70/><U61/><E61/><V107/><F107/><W111/><G111/><T3/><D3/><U64/><E64/><V68/><F68/><W5/><G96/><T51/><D51/><U44/><E44/><V25/><F98/><W130/><G130/><T41/><D41/><U13/><E13/><V67/><F43/><W0/><G56/><T53/><D53/><U88/><E88/><V119/><F119/><W125/><G125/><T81/><AGARI ba="1,2" hai="6,8,12,15,18,23,47,48,54,77,81,86,104,105" machi="81" ten="30,7900,0" yaku="1,1,0,1,52,1,53,1" doraHai="50" doraHaiUra="79" who="0" fromWho="0" sc="220,102,279,-21,280,-40,201,-21" /><INIT seed="3,0,0,3,2,81" ten="322,258,240,180" oya="3" hai0="29,52,24,134,15,56,111,32,42,122,119,103,85" hai1="92,0,2,67,115,30,123,43,25,82,135,13,60" hai2="57,95,127,120,41,72,19,68,28,48,5,96,104" hai3="90,65,91,27,76,78,118,63,105,4,129,99,97"/><W130/><G118/><T39/><D119/><U6/><E115/><V108/><F68/><W34/><G34/><T86/><D122/><U113/><E135/><V38/><F120/><W110/><G27/><T59/><D111/><U44/><E113/><V9/><F108/><W79/><G110/><T75/><D75/><U1/><E92/><V51/><F104/><W84/><G4/><T17/><D134/><U47/><E123/><V64/><F72/><W131/><G105/><T88/><D103/><U77/><E13/><V33/><F19/><W116/><G116/><T20/><D59/><U8/><E44/><V50/><F38/><W117/><G117/><T10/><D42/><U45/><E47/><V23/><F33/><W14/><G14/><T126/><D126/><U102/><E102/><V61/><F127/><W12/><G12/><T21/><D39/><U83/><E83/><V36/><F36/><W73/><G73/><T35/><D35/><U18/><E18/><V69/><F69/><N who="3" m="42175" /><G91/><T74/><D74/><N who="1" m="43319" /><E25/><V54/><F28/><W71/><G71/><T101/><D101/><U106/><E30/><V98/><F98/><W124/><G124/><T89/><D32/><U87/><E106/><V58/><F23/><W70/><G70/><T37/><D37/><N who="1" m="21743" /><E87/><N who="0" m="33289" /><D21/><U132/><E132/><V16/><F5/><W128/><N who="3" m="32768" /><DORA hai="133" /><W94/><AGARI ba="0,0" hai="76,78,79,84,90,94,97,99" m="32768,42175" machi="94" ten="60,11700,0" yaku="4,1,19,1,52,1" doraHai="81,133" who="3" fromWho="3" sc="322,-39,258,-39,240,-39,180,117" /><INIT seed="3,1,0,3,3,46" ten="283,219,201,297" oya="3" hai0="87,29,40,99,19,48,119,77,131,78,117,75,81" hai1="128,89,22,67,5,84,64,109,132,79,6,56,83" hai2="121,57,7,122,105,42,88,39,112,71,23,127,17" hai3="9,37,97,0,14,68,54,91,36,16,76,12,62"/><W44/><G0/><T95/><D131/><U86/><E109/><V41/><F71/><W13/><G68/><T130/><D130/><U92/><E132/><V70/><F70/><W49/><G76/><T135/><D135/><U38/><E38/><V82/><F105/><W50/><G37/><T118/><D29/><U114/><E114/><V34/><F112/><W106/><G106/><T124/><D124/><U51/><E128/><V107/><F127/><W98/><G36/><T59/><D19/><U10/><E22/><V31/><F107/><W73/><G73/><T129/><D129/><U101/><E101/><V4/><F34/><W63/><G91/><T30/><D30/><U24/><E24/><V133/><F31/><W20/><G12/><T35/><D35/><U85/><E84/><N who="2" m="50199" /><F39/><W53/><G98/><T108/><D108/><U32/><E32/><V27/><F133/><W111/><G97/><T1/><D1/><U115/><E115/><V69/><F69/><W102/><G102/><T15/><D15/><N who="1" m="5591" /><E5/><N who="2" m="2123" /><F122/><W43/><G43/><T93/><D93/><U74/><E74/><V21/><F21/><W2/><G2/><T8/><D8/><U134/><E134/><V94/><F94/><W125/><G125/><T116/><N who="0" m="29696" /><DORA hai="123" /><T110/><D110/><U65/><E92/><V90/><F90/><W66/><G66/><T72/><D78/><U26/><E89/><V11/><F11/><W80/><G80/><T96/><D96/><U55/><E86/><V126/><F126/><W103/><G103/><N who="0" m="60927" /><D40/><N who="2" m="15466" /><F121/><W100/><G100/><T18/><D18/><U47/><E26/><RYUUKYOKU ba="1,0" sc="283,10,219,10,201,10,297,-30" hai0="48,59,72,75,77,81,87" hai1="47,51,55,56,64,65,67,79,83,85" hai2="17,23,27,57" /><INIT seed="4,2,0,2,4,60" ten="293,229,211,267" oya="0" hai0="12,104,121,31,125,23,120,47,48,102,77,112,13" hai1="69,29,54,105,39,38,4,81,86,25,118,11,67" hai2="20,50,89,96,34,32,129,3,93,18,107,61,59" hai3="130,135,83,5,116,110,99,30,134,75,117,1,91"/><T122/><D112/><U40/><E118/><V108/><F3/><W72/><G1/><T17/><D125/><U131/><E105/><V41/><F107/><W111/><G5/><T103/><D77/><U57/><E131/><V9/><F129/><W113/><G30/><T64/><D13/><U36/><E69/><V28/><F28/><W109/><G130/><T84/><D84/><U51/><E40/><V15/><F108/><W46/><G46/><T115/><D115/><U56/><E56/><V119/><F119/><N who="3" m="45643" /><G113/><T66/><D31/><U21/><E67/><V43/><F34/><W82/><G99/><T123/><N who="0" m="30720" /><DORA hai="124" /><T74/><D74/><N who="3" m="28201" /><G91/><T7/><D7/><U45/><E45/><V16/><F32/><W87/><G87/><T85/><D85/><U44/><E44/><V35/><F35/><W6/><G6/><T52/><REACH who="0" step="1"/><D103/><REACH who="0" ten="283,229,211,267" step="2"/><U68/><E86/><V80/><F80/><AGARI ba="2,1" hai="80,82,83,109,110,111,134,135" m="28201,45643" machi="80" ten="40,8000,1" yaku="28,2,34,2" doraHai="60,124" who="3" fromWho="2" sc="283,0,229,0,211,-86,267,96" /><INIT seed="5,0,0,5,3,129" ten="283,229,125,363" oya="1" hai0="44,100,23,68,89,41,111,10,15,109,21,124,130" hai1="69,25,53,29,70,59,93,80,30,77,57,39,114" hai2="46,88,27,135,86,72,82,118,66,123,99,6,5" hai3="127,45,54,87,12,14,125,43,8,31,92,24,91"/><U13/><E39/><V49/><F123/><W56/><G8/><T32/><D32/><U83/><E114/><V107/><F118/><W19/><G19/><T17/><D68/><U18/><E93/><V60/><F72/><W128/><G128/><T108/><D124/><N who="3" m="47689" /><G43/><T9/><D130/><U120/><E120/><V95/><F107/><W106/><G106/><T101/><D89/><U103/><E103/><V16/><F99/><W112/><G45/><T115/><D115/><U55/><E18/><V110/><F110/><W117/><G117/><T132/><D132/><U47/><E47/><V67/><F82/><W126/><N who="3" m="47697" /><W134/><DORA hai="105" /><G134/><T28/><D10/><U113/><E113/><V133/><F66/><W65/><G65/><T48/><REACH who="0" step="1"/><D28/><REACH who="0" ten="273,229,125,363" step="2"/><U50/><E29/><V38/><F38/><W76/><G112/><T73/><D73/><U7/><E30/><V85/><F6/><W84/><G76/><T35/><D35/><U104/><E77/><V4/><F4/><W42/><G42/><T36/><D36/><U98/><E7/><V97/><F5/><W58/><G31/><T62/><D62/><U34/><E34/><V26/><F60/><N who="3" m="35863" /><G24/><T52/><D52/><U22/><E25/><V11/><F27/><W94/><G58/><T81/><D81/><U131/><E131/><V40/><F67/><W64/><G64/><T37/><D37/><U0/><E59/><V74/><F26/><W116/><G116/><T78/><D78/><U122/><E57/><V79/><F79/><W1/><G1/><T75/><D75/><U102/><E0/><RYUUKYOKU ba="0,1" sc="273,15,229,-15,125,-15,363,15" hai0="9,15,17,21,23,41,44,48,100,101,108,109,111" hai3="12,14,84,87,91,92,94" /><INIT seed="6,1,1,1,4,87" ten="288,214,110,378" oya="2" hai0="43,120,79,82,111,123,59,41,3,101,109,72,110" hai1="27,133,14,71,80,95,1,81,117,52,103,75,22" hai2="2,64,83,67,15,65,135,73,106,25,29,68,23" hai3="5,45,18,74,57,62,85,63,19,61,78,4,44"/><V34/><F2/><W84/><G74/><T93/><D3/><U16/><E71/><V92/><F135/><W134/><G134/><T13/><D13/><U66/><E117/><V30/><F30/><W102/><G102/><T28/><D28/><U105/><E105/><V38/><F38/><W131/><G131/><T54/><D101/><U130/><E66/><V35/><F15/><W40/><G78/><T90/><D41/><U116/><E75/><V100/><F92/><W104/><G104/><T47/><D47/><N who="3" m="17993" /><G40/><T107/><D43/><U97/><E130/><V89/><F73/><W8/><G57/><T50/><REACH who="0" step="1"/><D107/><REACH who="0" ten="278,214,110,378" step="2"/><U88/><E1/><V0/><F0/><W12/><G5/><T127/><D127/><U58/><E133/><V37/><F37/><W126/><G126/><T114/><D114/><U121/><E116/><V46/><F46/><W55/><G55/><T113/><D113/><U128/><E128/><V39/><F39/><W86/><AGARI ba="1,2" hai="4,8,12,18,19,61,62,63,84,85,86" m="17993" machi="86" ten="40,1500,0" yaku="8,1" doraHai="87" who="3" fromWho="3" sc="278,-5,214,-5,110,-8,378,38" /><INIT seed="7,0,0,4,2,31" ten="273,209,102,416" oya="3" hai0="21,92,43,133,69,23,93,59,105,14,131,132,123" hai1="112,18,82,122,3,97,81,91,40,10,64,119,49" hai2="11,53,51,96,134,117,41,25,83,6,102,71,74" hai3="108,26,28,72,20,45,85,77,57,68,61,0,95"/><W32/><G0/><T87/><D123/><U39/><E39/><V135/><F71/><W130/><G72/><T103/><D69/><U113/><E64/><V65/><F65/><W73/><G73/><T109/><D109/><U7/><E122/><V9/><F117/><W12/><G68/><T60/><D131/><U63/><E63/><V111/><F111/><W76/><G130/><T75/><D75/><U106/><E18/><V99/><F41/><W35/><G12/><T86/><D43/><U37/><E49/><V24/><F51/><W17/><G45/><T110/><D110/><U27/><E91/><V38/><F38/><W120/><G120/><T118/><D118/><U78/><E27/><V50/><F50/><W107/><G107/><T89/><D105/><U128/><E82/><V22/><F74/><W4/><G4/><T46/><D46/><U56/><E56/><V88/><F83/><W98/><G85/><T101/><D14/><U29/><E128/><V66/><F6/><W79/><G108/><T127/><D127/><U15/><E119/><V121/><F66/><N who="3" m="39215" /><G17/><T55/><D133/><U62/><E3/><V90/><F102/><AGARI ba="0,0" hai="20,26,28,32,35,76,77,79,95,98,102" m="39215" machi="102" ten="30,5800,0" yaku="25,1,52,2" doraHai="31" who="3" fromWho="2" sc="273,0,209,0,102,-58,416,58" owari="273,7.0,209,-19.0,44,-46.0,474,58.0" /></mjloggm>