<mjloggm ver="2.3"><GO type="41" lobby="0"/><UN n0="%E3%83%90%E3%82%A6%E3%82%A2%E3%83%BC%59" n1="%E4%BE%83%E5%A3%AB" n2="%73%75%7A%75%72%69%33%32" n3="%E2%93%9D%53%75%70%68%78" dan="14,14,15,18" rate="1867.80,2002.05,2047.51,2119.55" sx="M,M,M,M"/><TAIKYOKU oya="0"/><INIT seed="0,0,0,3,2,56" ten="250,250,250,250" oya="0" hai0="48,30,57,59,88,75,70,104,14,16,40,27,5" hai1="83,78,106,79,95,51,99,58,110,43,73,47,68" hai2="72,93,76,112,36,81,29,123,53,20,23,10,42" hai3="4,130,128,107,15,52,124,118,82,105,6,103,87"/><T34/><D75/><U38/><E110/><V113/><F123/><W24/><G118/><T0/><D70/><U26/><E68/><V132/><F132/><W65/><G65/><T45/><D104/><U39/><E106/><V109/><F109/><W117/><G24/><T21/><D88/><U7/><E78/><V50/><F20/><W77/><G124/><T64/><D64/><U121/><E121/><V13/><F42/><W46/><G117/><T62/><D62/><U122/><E7/><N who="3" m="2602" /><G15/><T96/><REACH who="0" step="1"/><D96/><REACH who="0" ten="240,250,250,250" step="2"/><U31/><E122/><V19/><F112/><W129/><G103/><T120/><D120/><U32/><E58/><V101/><F113/><W125/><G125/><T90/><D90/><AGARI ba="0,1" hai="26,31,32,38,39,43,47,51,73,79,83,90,95,99" machi="90" ten="30,1000,0" yaku="7,1" doraHai="56" who="1" fromWho="0" sc="240,-10,250,20,250,0,250,0" /><INIT seed="1,0,0,0,4,121" ten="230,270,250,250" oya="1" hai0="16,78,32,17,91,21,126,44,95,81,114,19,40" hai1="68,50,46,80,132,73,117,112,102,53,67,31,120" hai2="79,96,131,122,51,115,26,93,61,98,58,111,37" hai3="41,25,56,94,63,77,129,3,109,108,48,7,0"/><U123/><E117/><V22/><F37/><W127/><G77/><T66/><D32/><U103/><E112/><V119/><F122/><W15/><G129/><T134/><D114/><U47/><E31/><V30/><F96/><W86/><G127/><T125/><D66/><U9/><E9/><V85/><F131/><W14/><G25/><T34/><D34/><U130/><E130/><V23/><F23/><W8/><G48/><T11/><D11/><U60/><E47/><V43/><F119/><W5/><G86/><T106/><D106/><U2/><E2/><V59/><F85/><W75/><G94/><T52/><D134/><U64/><E132/><V82/><F82/><W62/><G8/><T27/><D125/><U54/><E54/><V10/><F79/><W116/><G56/><T18/><D40/><U113/><E67/><V20/><F20/><W55/><G55/><T72/><D126/><U36/><E36/><V110/><F10/><W6/><G41/><T92/><REACH who="0" step="1"/><D91/><REACH who="0" ten="220,270,250,250" step="2"/><U70/><E113/><V99/><F115/><W42/><G42/><T24/><D24/><U76/><E120/><V101/><F98/><W74/><G7/><T4/><D4/><U105/><E123/><V39/><F39/><W57/><G57/><T13/><D13/><U135/><E135/><V100/><F100/><W12/><G12/><T29/><D29/><U124/><E124/><V71/><F71/><N who="1" m="27177" /><E105/><V69/><F69/><W133/><G133/><T28/><D28/><U89/><E89/><V128/><F128/><W104/><G104/><T97/><D97/><U107/><E107/><RYUUKYOKU ba="0,1" sc="220,10,270,10,250,-30,250,10" hai0="16,17,18,19,21,27,44,52,72,78,81,92,95" hai1="46,50,53,60,64,73,76,80,102,103" hai3="0,3,5,6,14,15,62,63,74,75,108,109,116" /><INIT seed="1,1,1,3,3,126" ten="230,280,220,260" oya="1" hai0="54,30,78,70,15,25,122,113,17,128,110,65,39" hai1="104,32,4,115,29,66,108,51,6,26,105,34,84" hai2="68,16,46,97,125,98,101,10,60,95,40,41,114" hai3="59,91,63,43,87,44,36,96,85,37,80,134,74"/><U73/><E115/><V117/><F114/><W58/><G134/><T38/><D110/><U135/><E73/><V2/><F125/><W9/><G74/><T56/><D113/><U127/><E127/><V11/><F117/><W75/><G75/><T20/><D78/><U129/><E135/><V42/><F2/><W130/><G96/><T76/><D76/><U72/><E72/><V120/><F120/><W50/><G59/><T94/><D122/><U14/><E66/><V103/><F60/><W57/><G57/><T23/><D65/><U71/><E14/><V100/><F68/><W7/><G87/><T28/><D28/><U131/><E71/><V116/><F116/><W53/><REACH who="3" step="1"/><G130/><REACH who="3" ten="230,280,220,250" step="2"/><N who="1" m="49674" /><E84/><V106/><F100/><W81/><G81/><T1/><D70/><U90/><E108/><V62/><F62/><W33/><G33/><T45/><D128/><U123/><E123/><V88/><F101/><W79/><G79/><T61/><D45/><U13/><E90/><V64/><F64/><W49/><G49/><T12/><D39/><U21/><E51/><V121/><F121/><W99/><G99/><T86/><D38/><U52/><E34/><V107/><F46/><W69/><G69/><T22/><D22/><U109/><E109/><V119/><F119/><W55/><G55/><T18/><D30/><U67/><E52/><V89/><F89/><W0/><AGARI ba="1,2" hai="0,7,9,36,37,43,44,50,53,58,63,80,85,91" machi="0" ten="20,2700,0" yaku="1,1,0,1,7,1,53,0" doraHai="126" doraHaiUra="133" who="3" fromWho="3" sc="230,-8,280,-14,220,-8,250,50" /><INIT seed="2,0,0,0,3,108" ten="222,266,212,300" oya="2" hai0="110,1,67,43,103,46,50,76,24,52,17,134,102" hai1="105,119,41,85,100,128,63,60,27,16,36,96,132" hai2="61,69,58,47,35,14,21,12,92,68,19,97,120" hai3="38,93,127,5,124,89,2,116,8,107,75,95,122"/><V3/><F3/><W29/><G116/><T81/><D110/><U20/><E119/><V39/><F35/><W28/><G107/><T42/><D1/><U23/><E132/><V0/><F0/><W56/><G75/><T135/><D67/><U87/><E128/><V77/><F77/><W91/><G38/><T84/><D134/><U114/><E41/><N who="0" m="15369" /><D135/><U57/><E60/><V9/><F47/><W15/><G122/><T32/><D32/><U117/><E36/><V125/><F39/><W53/><G2/><T74/><D74/><U33/><E33/><V115/><F115/><W131/><G131/><T13/><D24/><U25/><E114/><V6/><F120/><W98/><G127/><T70/><D70/><U65/><REACH who="1" step="1"/><E117/><REACH who="1" ten="222,256,212,300" step="2"/><V7/><F125/><W44/><G124/><T66/><D66/><U59/><E59/><V22/><F68/><W113/><G113/><T34/><D34/><U40/><E40/><V48/><F69/><W130/><G44/><T73/><D73/><U30/><AGARI ba="0,1" hai="16,20,23,25,27,30,57,63,65,85,87,96,100,105" machi="30" ten="20,5200,0" yaku="1,1,0,1,7,1,54,1,53,0" doraHai="108" doraHaiUra="86" who="1" fromWho="1" sc="222,-13,256,62,212,-26,300,-13" /><INIT seed="3,0,0,4,4,5" ten="209,318,186,287" oya="3" hai0="70,83,28,25,50,120,110,86,16,81,126,42,74" hai1="84,119,100,61,41,87,37,112,18,8,130,47,101" hai2="56,9,59,109,68,90,79,67,45,48,21,32,26" hai3="7,106,27,63,13,98,103,40,127,82,10,15,58"/><W60/><G127/><T135/><D110/><U62/><E112/><V129/><F32/><W115/><G115/><T111/><D111/><U121/><E121/><V105/><F105/><W76/><G40/><T85/><D70/><U33/><E33/><V38/><F38/><W65/><G27/><T52/><D42/><U11/><E130/><V113/><F129/><W3/><REACH who="3" step="1"/><G63/><REACH who="3" ten="209,318,186,277" step="2"/><T14/><D126/><U77/><E62/><V116/><F26/><W134/><G134/><T96/><D135/><U125/><E61/><V118/><F113/><W29/><G29/><T69/><D69/><U36/><E41/><V75/><F68/><W97/><G97/><T17/><D120/><U108/><E125/><V49/><F109/><W95/><G95/><T88/><D96/><U30/><E30/><V22/><F116/><W80/><G80/><T117/><D117/><U122/><E122/><V0/><F118/><W91/><G91/><N who="0" m="51631" /><D74/><AGARI ba="0,1" hai="3,7,10,13,15,58,60,65,74,76,82,98,103,106" machi="74" ten="30,11600,0" yaku="1,1,7,1,52,1,53,1" doraHai="5" doraHaiUra="4" who="3" fromWho="0" sc="209,-116,318,0,186,0,277,126" /><INIT seed="3,1,0,3,3,45" ten="93,318,186,403" oya="3" hai0="113,2,99,115,56,106,32,47,11,66,26,76,48" hai1="5,91,132,0,88,116,43,4,109,50,130,79,17" hai2="34,28,131,90,108,129,121,18,42,36,13,16,19" hai3="44,59,124,96,53,122,133,81,65,87,37,68,70"/><W75/><G75/><T80/><D56/><U98/><E109/><V15/><F36/><W52/><G96/><T41/><D66/><U21/><E132/><V54/><F42/><W57/><G87/><T3/><D99/><U72/><E0/><V67/><F67/><W125/><G81/><T89/><D89/><N who="1" m="34379" /><E130/><N who="2" m="49675" /><F108/><W85/><G85/><T135/><D135/><U105/><E105/><V73/><F90/><W93/><G93/><T102/><D102/><U120/><E120/><V128/><N who="2" m="49683" /><V127/><DORA hai="71" /><F73/><W60/><G122/><T46/><D46/><N who="1" m="25951" /><E116/><V40/><F40/><N who="3" m="22543" /><G133/><T55/><D106/><U27/><E72/><V92/><F54/><N who="3" m="21099" /><G59/><T20/><D32/><U107/><E107/><V95/><F95/><W74/><G74/><N who="0" m="43031" /><D41/><U38/><E38/><V30/><F92/><W12/><G12/><N who="2" m="4681" /><F121/><W39/><G39/><T114/><D11/><U82/><E98/><V100/><F100/><W31/><G31/><AGARI ba="1,0" hai="2,3,20,26,31,47,48,55,113,114,115" m="43031" machi="31" ten="30,2000,0" yaku="11,1,52,1" doraHai="45,71" who="0" fromWho="3" sc="93,23,318,0,186,0,403,-23" /><INIT seed="4,0,0,3,0,129" ten="116,318,186,380" oya="0" hai0="126,65,106,133,94,16,59,131,50,70,118,107,2" hai1="11,35,128,75,111,19,43,73,34,58,47,80,114" hai2="85,24,99,22,81,12,25,68,6,45,27,108,61" hai3="40,39,98,26,120,48,20,88,17,123,21,46,134"/><T53/><D118/><U119/><E111/><V74/><F74/><W37/><G134/><T90/><D131/><U97/><E119/><V31/><F108/><W105/><G21/><T78/><D2/><U54/><E114/><V72/><F72/><W104/><G104/><T125/><D78/><U4/><E19/><V135/><F99/><W67/><G67/><T55/><D55/><U115/><E75/><V89/><F45/><W8/><G8/><T42/><D42/><U76/><E97/><V83/><F83/><W5/><G5/><T57/><D70/><U102/><E102/><V52/><F68/><W92/><REACH who="3" step="1"/><G105/><REACH who="3" ten="116,318,186,370" step="2"/><T127/><D133/><U130/><E130/><V86/><F135/><W110/><G110/><T10/><D65/><U77/><E128/><V60/><F31/><W71/><G71/><T0/><D0/><U51/><E115/><V132/><F132/><W9/><G9/><T69/><D69/><U66/><E66/><V14/><F22/><W56/><G56/><T122/><D59/><U23/><E23/><V44/><F6/><W95/><G95/><T116/><D116/><U109/><E109/><V124/><F124/><W7/><G7/><T49/><D122/><AGARI ba="0,1" hai="17,20,26,37,39,40,46,48,88,92,98,120,122,123" machi="122" ten="40,5200,0" yaku="1,1,13,1,54,1,53,0" doraHai="129" doraHaiUra="64" who="3" fromWho="0" sc="116,-52,318,0,186,0,370,62" /><INIT seed="5,0,0,0,0,17" ten="64,318,186,432" oya="1" hai0="132,19,0,98,18,96,28,57,11,35,22,83,97" hai1="37,41,55,27,56,73,63,129,134,94,99,42,107" hai2="113,31,44,13,135,40,108,124,49,87,77,68,50" hai3="76,58,125,45,75,109,53,21,26,85,32,102,89"/><U24/><E134/><V110/><F68/><W119/><G109/><T15/><D132/><U88/><E129/><V54/><F135/><W80/><G32/><T91/><D0/><U60/><E73/><V104/><F104/><W48/><G125/><T39/><D39/><U79/><E79/><V127/><F31/><W93/><G119/><T121/><D121/><U23/><E107/><V9/><F113/><W114/><G114/><T72/><D72/><U122/><E122/><V43/><F54/><W115/><G115/><T128/><D128/><U90/><E37/><V6/><F124/><W130/><G130/><T116/><D116/><U82/><E27/><V81/><REACH who="2" step="1"/><F127/><REACH who="2" ten="64,318,176,432" step="2"/><W3/><G53/><T103/><D103/><U100/><E63/><V126/><F126/><W1/><G102/><T52/><D35/><U7/><E7/><V123/><F123/><W105/><G105/><T51/><D28/><N who="1" m="17439" /><E100/><V29/><F29/><W92/><G75/><T59/><D59/><U4/><E4/><V120/><F120/><W33/><G58/><T64/><D64/><U62/><E62/><V34/><F34/><W30/><G33/><T71/><D71/><U112/><E112/><V101/><F101/><W25/><G30/><T14/><REACH who="0" step="1"/><D83/><REACH who="0" ten="54,318,176,432" step="2"/><U133/><E133/><V16/><F16/><W36/><G80/><T5/><D5/><U69/><E69/><V131/><F131/><W65/><G65/><T86/><D86/><AGARI ba="0,2" hai="41,42,55,56,60,82,86,88,90,94,99" m="17439" machi="86" ten="30,5800,0" yaku="8,1,52,1,54,1" doraHai="17" who="1" fromWho="0" sc="54,-58,318,78,176,0,432,0" owari="-4,-50.0,396,20.0,176,-22.0,432,52.0" /></mjloggm>