<mjloggm ver="2.3"><GO type="41" lobby="0"/><UN n0="%E2%93%9D%53%75%70%68%78" n1="%E5%BF%83%E6%BB%85%E7%8D%A3%E8%BA%AB" n2="%48%34%31" n3="%E6%B0%B4%E5%89%B2%E3%82%8A%E3%82%92%E4%B8%8B%E3%81%95%E3%81%84" dan="18,15,13,14" rate="2083.68,2051.02,1877.67,1929.61" sx="M,M,M,F"/><TAIKYOKU oya="0"/><INIT seed="0,0,0,3,5,27" ten="250,250,250,250" oya="0" hai0="66,50,129,133,29,92,128,94,86,114,61,126,89" hai1="45,42,44,38,31,47,33,55,4,5,63,41,1" hai2="127,85,67,43,12,22,103,48,72,135,118,93,119" hai3="132,105,20,111,60,95,107,75,113,16,117,40,54"/><T121/><D114/><U112/><E112/><V122/><F72/><W59/><G113/><T57/><D121/><U101/><E1/><V91/><F122/><W83/><G117/><T77/><D133/><U26/><E101/><V87/><F135/><W46/><G111/><T109/><D126/><U88/><E47/><V125/><F67/><W32/><G32/><T8/><D77/><U76/><E76/><V37/><F37/><W9/><G9/><T104/><D104/><U17/><E17/><N who="2" m="10535" /><F103/><W130/><G130/><N who="0" m="50283" /><D8/><U108/><E108/><V19/><F19/><W51/><G132/><T11/><D11/><U98/><E55/><V39/><F39/><W80/><G95/><N who="0" m="54711" /><D109/><U110/><E110/><V34/><F34/><W106/><REACH who="3" step="1"/><G75/><REACH who="3" ten="250,250,250,240" step="2"/><T24/><D50/><U90/><E63/><V30/><F119/><W56/><G56/><T3/><D3/><U10/><E10/><V123/><F118/><W96/><G96/><T79/><D79/><U15/><E98/><V18/><F123/><W36/><G36/><T78/><D78/><U7/><E38/><V97/><F97/><W134/><G134/><T35/><AGARI ba="0,1" hai="24,29,35,57,61,66,92,94" m="54711,50283" machi="35" ten="30,3000,0" yaku="19,1,52,1" doraHai="27" who="0" fromWho="0" sc="250,40,250,-10,250,-10,240,-10" /><INIT seed="0,1,0,0,5,125" ten="290,240,240,230" oya="0" hai0="68,17,104,94,92,107,85,59,13,16,4,97,25" hai1="113,135,124,11,132,39,52,3,61,8,21,20,42" hai2="105,78,93,84,81,9,45,18,87,14,51,96,77" hai3="66,49,63,118,32,133,38,91,33,28,83,88,75"/><T55/><D68/><U31/><E124/><V123/><F105/><W54/><G118/><T6/><D107/><U110/><E113/><V70/><F70/><W67/><G133/><N who="1" m="51274" /><E110/><V22/><F123/><W90/><G38/><T1/><D1/><U23/><E3/><V46/><F46/><W37/><G37/><T64/><D64/><U130/><E130/><V10/><F87/><W53/><G28/><T56/><D104/><U106/><E106/><V134/><F78/><W29/><G75/><T24/><D85/><U48/><E39/><V12/><F12/><W57/><G83/><T65/><D65/><U112/><E61/><V71/><F71/><W102/><G102/><T82/><D82/><U129/><E129/><V72/><F72/><W108/><G108/><T95/><D97/><U80/><E42/><V98/><F98/><W76/><G76/><T34/><D34/><U99/><E80/><V36/><F36/><W19/><G29/><T41/><D41/><U111/><E111/><V119/><F119/><W115/><G115/><T26/><D55/><U122/><E122/><V120/><F120/><W47/><G32/><T74/><D74/><U44/><E112/><V117/><F117/><W60/><G33/><T103/><D103/><U40/><E31/><V69/><F69/><W30/><G30/><T43/><D43/><U15/><E99/><V2/><F2/><W86/><G86/><T27/><N who="0" m="6400" /><DORA hai="121" /><T100/><D100/><U109/><E109/><V89/><F134/><W58/><G19/><N who="0" m="7243" /><D13/><U50/><E15/><V79/><F79/><W131/><G131/><RYUUKYOKU ba="1,0" sc="290,0,240,0,240,0,230,0" hai0="4,6,56,59,92,94,95" hai1="8,11,20,21,23,40,44,48,50,52" hai2="9,10,14,18,22,45,51,77,81,84,89,93,96" hai3="47,49,53,54,57,58,60,63,66,67,88,90,91" /><INIT seed="0,2,0,5,5,98" ten="290,240,240,230" oya="0" hai0="99,66,83,22,15,50,67,115,86,1,53,0,27" hai1="36,85,122,113,4,38,102,72,126,56,8,90,130" hai2="59,39,10,46,133,14,61,31,48,125,73,45,70" hai3="104,100,7,52,49,105,60,80,134,123,128,64,103"/><T106/><D115/><U6/><E122/><V82/><F31/><W108/><G108/><T93/><D106/><U33/><E72/><V120/><F120/><W3/><G123/><T96/><D15/><U121/><E33/><V58/><F133/><W34/><G34/><T29/><D1/><U13/><E121/><V74/><F125/><W101/><G134/><T5/><D5/><U17/><E126/><V89/><F74/><W132/><G132/><T111/><D0/><U11/><E130/><V57/><F70/><W68/><G128/><T2/><D99/><U20/><E113/><V77/><F39/><W124/><G124/><T92/><D2/><U116/><E116/><V37/><F37/><W79/><G7/><T40/><D40/><U26/><E56/><V118/><F118/><W18/><G18/><T43/><D43/><U75/><E75/><V62/><F89/><W41/><G41/><T112/><D111/><U135/><E135/><V87/><F73/><W21/><G21/><T114/><D114/><U25/><E25/><V51/><F46/><W35/><G35/><T42/><D42/><U55/><E38/><V71/><F71/><W9/><G9/><N who="1" m="3658" /><E36/><V23/><F23/><W95/><G3/><T127/><D112/><U44/><E26/><V94/><F94/><N who="0" m="36458" /><D127/><U65/><E4/><N who="2" m="3399" /><F45/><N who="3" m="27695" /><G95/><T131/><D131/><U12/><E6/><V28/><F28/><W24/><G24/><T109/><D109/><U54/><E12/><V78/><F78/><W119/><G119/><T91/><D96/><U19/><E13/><V88/><F77/><W107/><G79/><RYUUKYOKU ba="2,0" sc="290,10,240,-30,240,10,230,10" hai0="22,27,29,50,53,66,67,83,86,91" hai2="48,51,57,58,59,61,62,82,87,88" hai3="60,64,68,80,100,101,103,104,105,107" /><INIT seed="0,3,0,5,2,26" ten="300,210,250,240" oya="0" hai0="106,36,21,113,131,44,38,13,76,8,17,11,123" hai1="78,95,68,1,125,108,29,87,57,51,64,99,14" hai2="109,133,126,43,129,24,71,83,82,46,120,132,67" hai3="63,25,19,81,58,31,116,92,88,73,111,101,70"/><T40/><D113/><U62/><E1/><V16/><F120/><W121/><G111/><T77/><D123/><U89/><E108/><V98/><F109/><W49/><G121/><T112/><D112/><U56/><E125/><V0/><F0/><W10/><G116/><T47/><D106/><U102/><E78/><V135/><F126/><W74/><G101/><T20/><D131/><U30/><E14/><V94/><F129/><W22/><G70/><T48/><D48/><U104/><REACH who="1" step="1"/><E51/><REACH who="1" ten="300,200,250,240" step="2"/><V127/><F127/><W130/><G49/><T134/><D13/><U84/><E84/><V54/><F135/><W39/><G130/><T75/><D134/><U122/><E122/><V90/><F133/><W28/><G74/><T117/><D75/><U105/><E105/><V52/><F132/><W79/><G39/><T124/><D124/><U9/><E9/><V55/><F43/><W96/><G10/><T103/><D40/><U61/><E61/><V69/><F46/><W37/><G37/><T12/><D12/><U42/><E42/><V66/><F71/><W45/><G45/><T93/><D38/><U59/><AGARI ba="3,1" hai="29,30,56,57,59,62,64,68,87,89,95,99,102,104" machi="59" ten="30,7900,0" yaku="1,1,0,1,52,2,53,0" doraHai="26" doraHaiUra="118" who="1" fromWho="1" sc="300,-42,200,98,250,-23,240,-23" /><INIT seed="1,0,0,2,0,43" ten="258,298,227,217" oya="1" hai0="96,86,79,90,37,36,29,98,129,70,99,59,52" hai1="27,57,50,124,119,114,92,76,61,54,75,20,85" hai2="16,128,28,130,108,132,95,135,77,89,4,104,66" hai3="87,81,53,102,106,51,133,18,74,39,22,8,134"/><U88/><E119/><V49/><F104/><W80/><G39/><T97/><D70/><U14/><E124/><V117/><F77/><W93/><G106/><T116/><D116/><U122/><E114/><V24/><F117/><W38/><G38/><T31/><D129/><N who="2" m="49770" /><F108/><W2/><G74/><T5/><D5/><U101/><E122/><V47/><F66/><W48/><G2/><T103/><D37/><U125/><E125/><V11/><F28/><W112/><G8/><T105/><D79/><U113/><E113/><V121/><F121/><W6/><G6/><T120/><D36/><U30/><E101/><V62/><F62/><W111/><G111/><T17/><D17/><U82/><E14/><N who="2" m="7263" /><F24/><W60/><G112/><T64/><D64/><U56/><REACH who="1" step="1"/><E61/><REACH who="1" ten="258,288,227,217" step="2"/><V0/><F0/><W1/><G1/><T33/><D120/><U123/><E123/><V84/><F4/><W41/><G60/><T94/><REACH who="0" step="1"/><D33/><REACH who="0" ten="248,288,227,217" step="2"/><U107/><E107/><V26/><F26/><W42/><G133/><T65/><D65/><U34/><E34/><V13/><F13/><W63/><G134/><T45/><D45/><AGARI ba="0,2" hai="20,27,30,45,50,54,56,57,75,76,82,85,88,92" machi="45" ten="30,12000,1" yaku="1,1,7,1,52,1,54,1,53,1" doraHai="43" doraHaiUra="40" who="1" fromWho="0" sc="248,-120,288,140,227,0,217,0" /><INIT seed="1,1,0,2,1,83" ten="128,428,227,217" oya="1" hai0="94,28,13,14,56,70,44,86,9,68,104,103,48" hai1="72,36,0,10,78,116,90,117,134,33,38,20,67" hai2="57,15,27,4,18,71,120,22,47,55,101,49,108" hai3="63,84,64,81,51,62,3,7,5,135,59,29,30"/><U12/><E33/><V61/><F71/><W114/><G135/><T115/><D115/><U74/><E0/><V23/><F108/><W113/><G113/><T43/><D104/><U73/><E78/><V112/><F120/><W6/><G3/><T127/><D127/><U32/><E32/><V91/><F112/><W24/><G114/><T53/><D28/><U17/><E134/><V119/><F101/><W54/><G24/><T80/><D14/><U126/><E126/><V89/><F119/><W122/><G122/><T31/><D31/><U131/><E131/><V35/><F35/><W98/><G98/><T39/><D94/><U118/><E67/><V37/><F37/><W100/><G100/><T87/><D103/><U130/><E130/><V21/><F21/><W16/><G16/><T58/><D58/><U77/><E77/><V123/><F123/><W93/><G93/><T60/><D80/><U19/><REACH who="1" step="1"/><E90/><REACH who="1" ten="128,418,227,217" step="2"/><V11/><REACH who="2" step="1"/><F22/><REACH who="2" ten="128,418,217,217" step="2"/><W50/><G64/><AGARI ba="1,2" hai="4,11,15,18,23,27,47,49,55,57,61,64,89,91" machi="64" ten="30,7700,0" yaku="1,1,2,1,7,1,8,1,53,0" doraHai="83" doraHaiUra="111" who="2" fromWho="3" sc="128,0,418,0,217,100,217,-80" /><INIT seed="2,0,0,1,0,109" ten="128,418,317,137" oya="2" hai0="10,66,49,107,57,45,108,6,100,96,126,121,95" hai1="60,114,119,35,117,43,131,71,55,28,17,26,105" hai2="116,12,77,11,99,54,9,15,74,29,23,13,92" hai3="98,2,94,134,112,91,61,81,50,122,53,37,22"/><V125/><F116/><W58/><G122/><T0/><D108/><U82/><E105/><V30/><F125/><W19/><G134/><T86/><D126/><U88/><E43/><V40/><F40/><W64/><G37/><T38/><D121/><U59/><E71/><V123/><F123/><W76/><G2/><T135/><D135/><U1/><E1/><V103/><F77/><W127/><G127/><T80/><D38/><U124/><E124/><V69/><F74/><W102/><G112/><T118/><D118/><U111/><E114/><V41/><F41/><W70/><G81/><T110/><D110/><U63/><E131/><V14/><F69/><W129/><G76/><T7/><D107/><U42/><E42/><V31/><F54/><W83/><G83/><T84/><D7/><U52/><E17/><AGARI ba="0,0" hai="9,11,12,13,14,15,17,23,29,30,31,92,99,103" machi="17" ten="40,2000,0" yaku="8,1" doraHai="109" who="2" fromWho="1" sc="128,0,418,-20,317,20,137,0" /><INIT seed="2,1,0,2,2,19" ten="128,398,337,137" oya="2" hai0="36,107,112,58,117,45,2,85,61,56,60,128,84" hai1="86,92,73,34,41,8,114,42,35,89,76,83,106" hai2="80,7,103,18,109,97,71,65,64,111,46,126,47" hai3="59,12,63,93,20,55,131,110,26,30,90,77,69"/><V124/><F7/><W52/><G110/><N who="2" m="41993" /><F80/><W67/><G131/><T105/><D2/><U44/><E114/><V122/><F122/><W96/><G69/><T99/><D45/><N who="2" m="16906" /><F18/><W3/><G3/><T27/><D36/><U50/><E41/><V51/><F71/><W104/><G104/><T135/><D112/><U132/><E132/><V24/><F24/><W17/><REACH who="3" step="1"/><G77/><REACH who="3" ten="128,398,337,127" step="2"/><T49/><D107/><U98/><E8/><AGARI ba="1,1" hai="8,12,17,20,26,30,52,55,59,63,67,90,93,96" machi="8" ten="30,12000,2" yaku="1,1,2,1,7,1,8,1,52,1,54,1,53,1" doraHai="19" doraHaiUra="91" who="3" fromWho="1" sc="128,0,398,-123,337,0,127,133" /><INIT seed="3,0,0,0,5,56" ten="128,275,337,260" oya="3" hai0="103,24,68,134,132,65,18,62,19,37,133,8,63" hai1="135,13,52,9,31,22,83,93,130,61,29,30,127" hai2="32,94,5,58,117,1,75,16,51,80,46,111,115" hai3="121,76,54,2,120,88,112,38,14,3,48,77,85"/><W50/><G38/><T57/><D37/><U70/><E130/><V109/><F32/><W128/><G14/><T67/><D103/><U119/><E135/><V122/><F117/><W0/><G128/><T69/><D57/><N who="1" m="34983" /><E70/><V100/><F115/><W49/><G112/><T73/><D73/><U35/><E35/><V40/><F122/><W72/><G72/><T84/><D8/><U26/><E127/><V95/><F1/><W118/><G118/><T21/><REACH who="0" step="1"/><D84/><REACH who="0" ten="118,275,337,260" step="2"/><U131/><E131/><V53/><F100/><W81/><REACH who="3" step="1"/><G54/><REACH who="3" ten="118,275,337,250" step="2"/><T20/><D20/><U108/><E119/><V99/><F53/><W43/><G43/><T107/><D107/><U123/><E123/><AGARI ba="0,2" hai="0,2,3,48,49,50,76,77,81,85,88,120,121,123" machi="123" ten="50,4800,0" yaku="1,1,54,1,53,0" doraHai="56" doraHaiUra="101" who="3" fromWho="1" sc="118,0,275,-48,337,0,250,68" /><INIT seed="3,1,0,2,4,31" ten="118,227,337,318" oya="3" hai0="0,101,50,16,35,15,48,5,100,133,6,44,39" hai1="75,65,42,71,116,60,85,38,95,127,9,32,112" hai2="84,1,69,59,52,62,26,110,23,25,30,61,36" hai3="18,51,125,120,126,41,76,105,73,90,10,119,123"/><W134/><G119/><T102/><D133/><U89/><E116/><V20/><F36/><W99/><G134/><T8/><D39/><U22/><E75/><V33/><F1/><W43/><G76/><T113/><D113/><U27/><E32/><V7/><F7/><W29/><G73/><T109/><D109/><U49/><E127/><N who="3" m="48650" /><G29/><T93/><D35/><U56/><E112/><V79/><F110/><W67/><G67/><T40/><D0/><U82/><E38/><V57/><F69/><W46/><G43/><T13/><D50/><U87/><E9/><V103/><F103/><N who="3" m="62719" /><G90/><T80/><D80/><U54/><E42/><V135/><F135/><W3/><G3/><T81/><D81/><U98/><E82/><V88/><F79/><W72/><G72/><T19/><REACH who="0" step="1"/><D93/><REACH who="0" ten="108,227,337,318" step="2"/><U106/><E106/><V92/><REACH who="2" step="1"/><F26/><REACH who="2" ten="108,227,327,318" step="2"/><W70/><G120/><T130/><D130/><U118/><E118/><V63/><F63/><W17/><G123/><T45/><D45/><U37/><E37/><V24/><F24/><W121/><G121/><T68/><D68/><U83/><E83/><V21/><F21/><AGARI ba="1,2" hai="5,6,8,13,15,16,19,21,40,44,48,100,101,102" machi="21" ten="40,5200,0" yaku="1,1,8,1,54,1,53,0" doraHai="31" doraHaiUra="34" who="0" fromWho="2" sc="108,75,227,0,327,-55,318,0" /><INIT seed="4,0,0,5,0,50" ten="183,227,272,318" oya="0" hai0="62,73,92,86,53,19,107,44,33,134,101,0,94" hai1="67,21,32,96,52,93,103,11,104,26,17,120,112" hai2="114,125,61,49,131,55,71,23,115,48,34,79,41" hai3="129,47,81,74,122,51,98,77,45,64,25,18,58"/><T35/><D73/><U109/><E109/><V68/><F34/><W56/><G129/><T70/><D0/><U76/><E120/><V65/><F23/><W8/><G122/><T91/><D107/><U40/><E32/><V59/><F79/><W69/><G45/><T87/><D134/><U9/><E40/><V84/><F84/><W119/><G119/><T7/><D7/><U27/><E67/><V126/><F131/><W97/><G64/><T90/><D101/><U116/><E116/><V105/><F105/><W113/><G69/><N who="2" m="26697" /><F41/><W2/><G2/><T102/><D102/><U95/><E76/><V54/><F65/><W66/><G113/><N who="2" m="43017" /><F61/><W12/><G25/><T20/><D70/><U3/><E27/><V16/><F16/><W135/><G135/><T132/><D132/><U30/><E112/><V63/><F63/><W133/><G133/><T85/><D85/><U99/><E3/><V46/><AGARI ba="0,0" hai="46,48,49,54,55,59,125,126" m="43017,26697" machi="46" ten="40,8000,1" yaku="15,1,34,2,52,2" doraHai="50" who="2" fromWho="2" sc="183,-40,227,-20,272,80,318,-20" /><INIT seed="5,0,0,4,2,41" ten="143,207,352,298" oya="1" hai0="128,42,67,62,3,11,57,77,86,49,72,106,89" hai1="21,65,22,47,121,0,66,51,52,127,28,44,110" hai2="71,111,10,107,114,87,25,95,115,104,56,58,46" hai3="119,33,7,81,48,126,1,113,76,93,83,13,37"/><U103/><E121/><V43/><F71/><W26/><G37/><T80/><D128/><U117/><E117/><V68/><F68/><W100/><G113/><N who="2" m="43017" /><F111/><W17/><G126/><T120/><D120/><U90/><E127/><V105/><F25/><W74/><G119/><T99/><D3/><U73/><E73/><V6/><F95/><W131/><G131/><T64/><D11/><U69/><E0/><N who="2" m="327" /><F87/><W20/><G93/><T91/><D67/><N who="1" m="25611" /><E69/><V12/><F12/><W122/><G100/><T133/><D72/><U4/><E103/><V61/><F61/><W23/><G33/><T82/><D82/><U84/><E4/><V59/><F107/><W70/><G70/><T118/><D118/><U8/><E8/><V19/><F19/><W134/><G7/><T29/><D106/><U32/><E32/><V35/><F35/><W50/><G1/><T125/><D125/><U14/><E110/><V5/><F5/><W112/><G122/><T101/><D101/><U75/><E75/><V88/><F88/><W109/><G112/><T9/><D91/><U27/><E14/><V31/><F31/><N who="3" m="17863" /><G109/><T78/><D29/><U36/><E21/><V54/><F54/><W92/><G81/><T2/><D2/><U102/><E102/><V39/><AGARI ba="0,0" hai="39,43,46,56,58,59,104,105" m="327,43017" machi="39" ten="30,4000,0" yaku="15,1,11,1,52,1" doraHai="41" who="2" fromWho="2" sc="143,-10,207,-20,352,40,298,-10" /><INIT seed="6,0,0,4,3,12" ten="133,187,392,288" oya="2" hai0="14,101,33,66,79,7,96,133,56,53,31,47,59" hai1="34,44,99,110,129,114,17,43,82,6,51,49,119" hai2="11,37,117,109,13,100,121,128,123,32,64,87,22" hai3="41,122,102,16,4,42,35,45,48,92,24,52,1"/><V103/><F37/><W104/><G122/><T124/><D124/><U0/><E110/><V106/><F64/><W74/><G74/><T90/><D133/><U72/><E119/><V115/><F32/><W9/><G104/><T67/><D79/><U57/><E34/><V113/><F106/><W38/><G38/><T127/><D127/><U61/><E114/><N who="2" m="43531" /><F87/><W125/><G125/><T107/><D31/><U112/><E112/><V88/><F88/><W131/><G131/><T95/><D33/><U105/><E129/><V68/><F68/><W132/><G132/><T3/><D3/><U30/><E82/><V21/><F103/><W73/><G73/><T75/><D75/><U134/><E72/><V80/><F80/><W98/><REACH who="3" step="1"/><G35/><REACH who="3" ten="133,187,392,278" step="2"/><T27/><D107/><U28/><E105/><V15/><F128/><W20/><AGARI ba="0,1" hai="1,4,9,16,20,24,41,42,45,48,52,92,98,102" machi="20" ten="30,12000,2" yaku="1,1,2,1,0,1,52,1,54,2,53,0" doraHai="12" doraHaiUra="126" who="3" fromWho="3" sc="133,-30,187,-30,392,-60,278,130" /><INIT seed="7,0,0,2,4,15" ten="103,157,332,408" oya="3" hai0="114,6,124,123,50,60,97,38,31,119,121,22,35" hai1="48,105,106,7,26,16,62,110,45,63,53,67,120" hai2="126,130,71,61,20,58,99,33,55,84,18,74,125" hai3="103,92,117,46,23,3,41,30,4,44,94,56,134"/><W132/><G117/><T51/><D35/><U135/><E110/><V49/><F33/><W85/><G94/><T104/><D6/><U69/><E120/><V86/><F74/><W24/><G41/><T96/><D119/><U65/><E7/><V10/><F10/><N who="3" m="2335" /><G56/><T64/><D124/><U81/><E81/><V21/><F130/><W100/><G85/><T43/><D104/><U2/><E2/><V122/><F122/><W12/><G12/><T128/><D128/><U73/><E135/><N who="3" m="51754" /><G92/><T1/><D1/><U19/><E73/><V36/><F36/><W115/><G115/><T25/><D114/><U93/><E93/><V91/><F99/><W129/><G129/><T72/><D72/><U34/><E106/><V39/><F39/><W54/><G54/><T28/><D38/><U83/><E83/><V131/><F86/><W116/><G116/><T27/><D43/><U37/><E105/><V108/><F131/><W101/><AGARI ba="0,0" hai="23,24,30,44,46,100,101,103" m="51754,2335" machi="101" ten="30,1500,0" yaku="20,1" doraHai="15" who="3" fromWho="3" sc="103,-5,157,-5,332,-5,408,15" owari="98,-40.0,152,-25.0,327,13.0,423,52.0" /></mjloggm>