<mjloggm ver="2.3"><GO type="41" lobby="0"/><UN n0="%52%6F%63%6B%E9%AD%82" n1="%66%75%6A%69" n2="%E6%B5%85%E5%9D%82%E3%83%A1%E3%82%B0%E3%83%AA" n3="%E2%93%9D%53%75%70%68%78" dan="13,14,13,18" rate="1927.79,1898.17,1949.96,2115.12" sx="M,M,F,M"/><TAIKYOKU oya="0"/><INIT seed="0,0,0,1,0,37" ten="250,250,250,250" oya="0" hai0="131,106,125,126,49,57,118,61,48,104,86,109,60" hai1="51,110,64,40,128,5,28,20,31,44,16,81,6" hai2="29,83,30,112,105,68,63,11,71,33,123,45,10" hai3="79,108,13,14,7,26,58,89,55,93,132,114,70"/><T53/><D118/><U43/><E110/><V1/><F112/><W101/><G70/><T124/><D109/><U9/><E128/><V4/><F123/><W56/><G132/><T100/><D86/><U76/><E64/><V117/><F117/><W95/><G79/><T91/><D91/><U98/><E98/><V102/><F83/><W19/><G114/><T27/><D27/><U62/><E62/><N who="0" m="24169" /><D131/><U72/><E5/><V74/><F74/><W38/><G26/><T78/><D78/><U25/><REACH who="1" step="1"/><E43/><REACH who="1" ten="250,240,250,250" step="2"/><V92/><F4/><W66/><G7/><T17/><D17/><U32/><E32/><V129/><F33/><W122/><G19/><T41/><D41/><U50/><E50/><N who="0" m="19561" /><D53/><U88/><E88/><V103/><F129/><W75/><G89/><T34/><D34/><U134/><E134/><V69/><F69/><W127/><G55/><T113/><D100/><U12/><AGARI ba="0,1" hai="6,9,12,16,20,25,28,31,40,44,51,72,76,81" machi="12" ten="20,12000,2" yaku="1,1,0,1,7,1,52,1,54,1,53,1" doraHai="37" doraHaiUra="0" who="1" fromWho="1" sc="250,-60,240,130,250,-30,250,-30" /><INIT seed="1,0,0,2,1,33" ten="190,370,220,220" oya="1" hai0="16,119,66,38,53,104,1,47,76,85,6,109,34" hai1="78,120,12,126,25,46,128,0,40,29,125,111,97" hai2="114,22,90,48,67,65,108,4,3,7,105,28,56" hai3="51,116,79,135,63,42,26,64,102,92,20,129,132"/><U117/><E117/><V106/><F114/><W5/><G79/><T43/><D104/><U82/><E120/><V17/><F108/><W9/><G129/><T83/><D119/><U32/><E128/><V93/><F105/><W131/><G131/><T130/><D34/><U89/><E111/><V71/><F106/><W84/><G116/><T75/><D130/><U52/><E12/><N who="2" m="9511" /><F28/><W50/><G42/><T70/><D53/><U45/><E45/><V95/><F71/><W57/><G84/><T112/><D112/><U86/><E0/><V19/><F3/><W134/><G9/><N who="0" m="2255" /><D109/><U123/><E123/><V103/><F19/><W2/><G5/><N who="2" m="2121" /><F103/><W13/><G13/><T74/><D74/><U41/><E97/><N who="2" m="57527" /><F95/><W14/><G14/><T121/><D85/><U8/><E8/><V80/><F80/><W54/><G2/><T124/><D121/><U37/><E41/><V27/><F27/><W77/><G102/><T73/><D73/><U100/><E100/><V31/><F31/><W101/><G101/><T21/><D124/><U39/><E37/><V127/><F127/><N who="1" m="48649" /><E78/><V69/><F69/><W87/><G77/><T23/><D16/><U58/><E58/><V94/><F94/><W107/><G107/><T11/><D11/><U118/><E118/><V15/><F15/><W98/><G87/><T35/><D35/><U60/><E60/><AGARI ba="0,0" hai="21,23,38,43,47,60,66,70,75,76,83" m="2255" machi="60" ten="30,2000,0" yaku="25,1,52,1" doraHai="33" who="0" fromWho="1" sc="190,20,370,-20,220,0,220,0" /><INIT seed="2,0,0,4,5,8" ten="210,350,220,220" oya="2" hai0="59,24,120,23,61,28,135,16,21,129,106,87,111" hai1="125,9,71,13,18,100,27,5,80,77,53,112,1" hai2="32,89,12,48,3,117,73,113,115,31,17,30,37" hai3="72,127,114,46,4,44,99,122,25,33,52,78,79"/><V85/><F117/><W107/><G122/><T49/><D106/><U63/><E125/><V7/><F37/><W76/><G72/><T34/><D120/><U95/><E112/><V0/><F73/><W55/><G127/><T103/><D111/><U67/><E53/><V83/><F48/><W105/><G4/><T88/><D135/><U90/><E100/><V97/><F97/><W134/><G134/><T35/><D49/><U132/><E132/><V94/><F94/><W50/><G114/><T91/><D103/><U36/><E36/><V102/><F102/><W128/><G128/><T29/><D129/><U2/><E27/><N who="2" m="18527" /><F31/><N who="0" m="11850" /><D34/><U22/><E1/><V110/><F0/><W11/><G33/><T41/><D41/><U14/><E2/><V84/><F84/><W56/><G99/><T62/><D35/><U109/><E109/><V92/><F92/><W51/><G25/><N who="0" m="14503" /><D87/><U126/><E126/><V98/><F98/><W82/><G82/><T57/><D24/><U69/><E71/><V54/><F110/><W66/><G107/><T74/><D23/><U10/><E22/><N who="2" m="11559" /><F54/><W131/><G131/><T124/><D74/><U64/><E67/><V101/><F101/><W6/><G105/><T65/><D124/><U130/><E130/><V123/><F123/><W58/><REACH who="3" step="1"/><G66/><AGARI ba="0,0" hai="57,59,61,62,65,66,88,91" m="14503,11850" machi="66" ten="30,3900,0" yaku="8,1,54,2" doraHai="8" who="0" fromWho="3" sc="210,39,350,0,220,0,220,-39" /><INIT seed="3,0,0,2,5,57" ten="249,350,220,181" oya="3" hai0="51,75,84,91,69,106,107,73,68,88,49,67,0" hai1="82,111,32,116,42,99,89,124,126,110,80,123,3" hai2="74,63,130,22,19,62,59,23,133,108,92,14,36" hai3="61,7,6,114,38,102,70,122,64,55,15,98,24"/><W120/><G114/><T34/><D34/><U8/><E32/><V4/><F36/><W112/><G112/><T86/><REACH who="0" step="1"/><D67/><REACH who="0" ten="239,350,220,181" step="2"/><U2/><E116/><V66/><F66/><W77/><G122/><T56/><D56/><U13/><E123/><V31/><F59/><W81/><G120/><T28/><D28/><U10/><E42/><V134/><F108/><W16/><G55/><T129/><D129/><U96/><E111/><V41/><F130/><W50/><G38/><T97/><D97/><U25/><E110/><V117/><F117/><W65/><G65/><T121/><D121/><U29/><E99/><V85/><F41/><W48/><G48/><T20/><D20/><U72/><E96/><V115/><F22/><W53/><G53/><T100/><D100/><U78/><E29/><V12/><F31/><W76/><G50/><T128/><D128/><U21/><E21/><V5/><F23/><W33/><G33/><T104/><D104/><U52/><E52/><V118/><F118/><W46/><G24/><T127/><D127/><U9/><E25/><V94/><F115/><W93/><G46/><T47/><D47/><U119/><E119/><V30/><F30/><W37/><G37/><T11/><D11/><U18/><E9/><V105/><F105/><W132/><G132/><T44/><D44/><U1/><E10/><V54/><F54/><W95/><G102/><T135/><D135/><U113/><E113/><V27/><F27/><W17/><G98/><T26/><D26/><U131/><E131/><V39/><F133/><W58/><G64/><T109/><D109/><RYUUKYOKU ba="0,1" sc="239,15,350,15,220,-15,181,-15" hai0="0,49,51,68,69,73,75,84,86,88,91,106,107" hai1="1,2,3,8,13,18,72,78,80,82,89,124,126" /><INIT seed="4,1,1,1,2,52" ten="254,365,205,166" oya="0" hai0="120,117,50,65,25,85,19,45,116,92,133,47,78" hai1="66,107,135,46,14,106,55,60,53,84,32,27,7" hai2="17,11,132,68,28,103,33,75,59,95,35,125,54" hai3="102,5,6,124,129,29,90,34,76,79,64,119,86"/><T38/><D120/><U100/><E135/><V51/><F132/><W104/><G119/><T1/><D1/><U112/><E84/><V123/><F123/><W74/><G129/><T122/><D122/><U62/><E7/><V111/><F111/><W81/><G124/><T109/><D133/><U36/><E14/><V96/><F125/><W8/><G6/><T18/><D109/><U44/><E100/><V20/><F68/><W97/><G64/><T89/><D65/><U43/><E66/><V69/><F69/><W30/><G34/><T87/><D38/><U61/><E112/><V131/><F131/><W42/><G42/><T15/><D116/><U31/><E46/><N who="0" m="17417" /><D50/><U39/><E36/><V63/><F51/><W49/><G49/><T16/><D25/><U67/><E67/><V121/><F75/><W10/><G79/><T113/><D113/><U127/><E127/><V91/><F28/><W105/><G105/><T134/><D117/><U126/><REACH who="1" step="1"/><E126/><REACH who="1" ten="254,355,205,166" step="2"/><V93/><F121/><W98/><G5/><T23/><D134/><U56/><E56/><V4/><F4/><W71/><G71/><T48/><D48/><U24/><E24/><N who="2" m="14351" /><F11/><W77/><G10/><T40/><D40/><U128/><E128/><V108/><F108/><W57/><G8/><T99/><D99/><AGARI ba="1,2" hai="33,35,54,59,63,91,93,95,96,99,103" m="14351" machi="99" ten="30,2000,0" yaku="25,1,52,1" doraHai="52" who="2" fromWho="0" sc="254,-23,355,0,205,43,166,0" /><INIT seed="5,0,0,4,1,64" ten="231,355,248,166" oya="1" hai0="74,4,3,9,114,20,53,59,117,119,7,131,51" hai1="26,115,61,110,47,49,42,81,132,121,72,79,107" hai2="83,85,84,100,40,90,116,128,16,33,112,108,60" hai3="46,38,28,92,2,24,1,48,130,69,75,106,98"/><U58/><E121/><V32/><F108/><W122/><G122/><T91/><D74/><U66/><E115/><V19/><F116/><W97/><G75/><T15/><D131/><U99/><E110/><V11/><F128/><W103/><G38/><T10/><D114/><U30/><E132/><V80/><F112/><W18/><G18/><T44/><D20/><U27/><E107/><V22/><F40/><W52/><G69/><T113/><D113/><U73/><E73/><V36/><F36/><W35/><REACH who="3" step="1"/><G130/><REACH who="3" ten="231,355,248,156" step="2"/><T76/><D117/><U77/><E72/><V57/><F19/><W120/><G120/><T25/><D119/><U13/><E30/><V17/><F17/><W125/><G125/><T123/><D123/><U12/><E26/><V101/><F16/><W50/><G50/><T21/><D51/><U88/><E27/><V133/><F133/><W68/><G68/><T34/><D25/><U54/><E12/><V78/><F11/><W43/><G43/><T105/><D15/><U111/><E13/><V71/><F71/><W89/><AGARI ba="0,1" hai="1,2,24,28,35,46,48,52,89,92,97,98,103,106" machi="89" ten="20,5200,0" yaku="1,1,0,1,7,1,54,1,53,0" doraHai="64" doraHaiUra="104" who="3" fromWho="3" sc="231,-13,355,-26,248,-13,156,62" /><INIT seed="6,0,0,5,2,25" ten="218,329,235,218" oya="2" hai0="124,69,129,48,110,38,84,76,96,28,31,72,49" hai1="82,59,35,7,40,9,22,39,56,108,36,109,89" hai2="123,100,51,111,131,80,0,126,101,19,20,81,6" hai3="62,60,78,10,4,104,117,53,47,8,46,92,74"/><V94/><F123/><W105/><G92/><T27/><D110/><U86/><E35/><V24/><F111/><W61/><G117/><T44/><D69/><U116/><E116/><V5/><F131/><W50/><G10/><T37/><D72/><U85/><E22/><V30/><F126/><W135/><G135/><T64/><D64/><U91/><E40/><V58/><F0/><W68/><G68/><T26/><D129/><U42/><E42/><V66/><F19/><W55/><G78/><T1/><D96/><U98/><E98/><N who="2" m="59479" /><F51/><W29/><G74/><T12/><D1/><U102/><E102/><V122/><F101/><W65/><G65/><T114/><D124/><U125/><E125/><V43/><F43/><W113/><G113/><T128/><D128/><U88/><E91/><V54/><F54/><W119/><G119/><T93/><D12/><U23/><E39/><V15/><F15/><W118/><G118/><T132/><D132/><U67/><E36/><V97/><F122/><W16/><G105/><T99/><D114/><U90/><E109/><V103/><F97/><W3/><G104/><T75/><D75/><U120/><E120/><V41/><F41/><W11/><G55/><N who="0" m="30087" /><D49/><U77/><E67/><V106/><F103/><W71/><G71/><T17/><D38/><U70/><E70/><V52/><F106/><W79/><G47/><T83/><D37/><U2/><E108/><V115/><F115/><W13/><G79/><T14/><D93/><U107/><E107/><V134/><F66/><W127/><G127/><T33/><D99/><U57/><E86/><RYUUKYOKU ba="0,0" sc="218,-15,329,15,235,-15,218,15" hai1="2,7,9,23,56,57,59,77,82,85,88,89,90" hai3="3,4,8,11,13,16,29,46,50,53,60,61,62" /><INIT seed="7,1,0,5,0,42" ten="203,344,220,233" oya="3" hai0="70,132,54,17,71,63,135,65,105,50,86,80,23" hai1="120,100,101,99,51,14,34,49,115,11,22,130,24" hai2="121,25,32,102,108,127,45,106,85,73,35,96,2" hai3="74,69,123,62,66,107,12,59,90,46,7,119,72"/><W84/><G119/><T112/><D105/><U58/><E34/><V126/><F108/><W98/><G123/><T83/><D71/><U89/><E115/><V103/><F121/><W38/><G69/><T15/><D83/><U134/><E130/><V97/><F73/><W116/><G116/><T53/><D112/><U117/><E51/><V122/><F122/><W20/><G98/><T87/><D87/><U88/><E89/><V29/><F85/><W40/><G107/><T37/><D37/><U43/><E134/><V44/><F2/><W67/><G67/><T110/><D110/><U78/><E78/><V39/><F39/><W77/><G77/><T55/><REACH who="0" step="1"/><D50/><REACH who="0" ten="193,344,220,233" step="2"/><U129/><E49/><V91/><F91/><AGARI ba="1,1" hai="15,17,23,53,54,55,63,65,70,80,86,91,132,135" machi="91" ten="40,5200,0" yaku="1,1,2,1,53,1" doraHai="42" doraHaiUra="9" who="0" fromWho="2" sc="193,65,344,0,220,-55,233,0" owari="258,6.0,344,44.0,165,-33.0,233,-17.0" /></mjloggm>