<mjloggm ver="2.3"><GO type="41" lobby="0"/><UN n0="%E2%93%9D%53%75%70%68%78" n1="%E3%81%B0%E3%81%AF%E3%82%80%E3%83%BC%E3%81%A8" n2="%6D%75%75%6D%75%72%61" n3="%E3%81%8C%E3%81%84%E3%81%8F%E3%82%93" dan="18,14,15,15" rate="2075.03,1980.93,2001.03,2018.42" sx="M,M,F,M"/><TAIKYOKU oya="0"/><INIT seed="0,0,0,3,0,121" ten="250,250,250,250" oya="0" hai0="91,114,20,115,5,47,37,117,132,12,107,29,84" hai1="64,80,18,135,17,89,120,103,69,88,81,30,41" hai2="94,11,38,46,33,15,124,58,9,79,82,51,27" hai3="26,42,125,102,23,68,105,85,3,60,39,6,45"/><T31/><D107/><U34/><E120/><V86/><F124/><W63/><G125/><T106/><D106/><U128/><E41/><V28/><F38/><W73/><G73/><T55/><D117/><U7/><E103/><V92/><F58/><W61/><G105/><T129/><D129/><U72/><E135/><V40/><REACH who="2" step="1"/><F11/><REACH who="2" ten="250,250,240,250" step="2"/><N who="3" m="2527" /><G39/><T24/><D37/><U122/><E122/><V14/><F14/><W112/><G68/><T133/><D133/><U98/><E128/><V109/><F109/><W99/><G112/><T95/><D132/><U116/><E69/><V4/><AGARI ba="0,1" hai="4,9,15,27,28,33,40,46,51,79,82,86,92,94" machi="4" ten="20,12000,2" yaku="1,1,0,1,7,1,25,2,53,1" doraHai="121" doraHaiUra="22" who="2" fromWho="2" sc="250,-60,250,-30,240,130,250,-30" /><INIT seed="1,0,0,4,5,89" ten="190,220,370,220" oya="1" hai0="70,71,84,92,38,18,31,96,56,111,25,128,122" hai1="32,8,21,0,116,93,77,90,66,26,14,7,30" hai2="60,20,45,35,24,1,114,10,83,69,104,108,80" hai3="34,9,43,118,120,49,121,125,62,52,12,94,76"/><U112/><E116/><V39/><F114/><W17/><G34/><T67/><D38/><U41/><E112/><V79/><F35/><W15/><G118/><T11/><D111/><U124/><E124/><V99/><F108/><W103/><G125/><T134/><D134/><U101/><E66/><V127/><F127/><W72/><G76/><T42/><D42/><U3/><E41/><V47/><F83/><W133/><G72/><T2/><D84/><U85/><E77/><V98/><F10/><W97/><G133/><T100/><D128/><U65/><E65/><V5/><F5/><W132/><G132/><T78/><D122/><U27/><REACH who="1" step="1"/><E101/><REACH who="1" ten="190,210,370,220" step="2"/><V73/><F69/><W23/><G43/><T130/><D78/><U115/><E115/><V28/><F79/><W113/><G113/><T91/><D100/><U74/><E74/><V61/><F73/><W46/><REACH who="3" step="1"/><G62/><REACH who="3" ten="190,210,370,210" step="2"/><T29/><D130/><U131/><E131/><V102/><F61/><W119/><G119/><T106/><D71/><U129/><E129/><V82/><F60/><W87/><G87/><T22/><D70/><U19/><AGARI ba="0,2" hai="0,3,7,8,14,19,21,26,27,30,32,85,90,93" machi="19" ten="20,7800,0" yaku="1,1,0,1,7,1,52,1,53,0" doraHai="89" doraHaiUra="50" who="1" fromWho="1" sc="190,-26,210,98,370,-26,210,-26" /><INIT seed="1,1,0,5,0,120" ten="164,308,344,184" oya="1" hai0="64,8,93,54,81,50,107,57,114,48,135,49,10" hai1="59,12,19,40,14,20,71,94,65,112,27,98,69" hai2="1,60,88,106,44,134,31,23,73,38,34,127,18" hai3="76,30,72,128,117,26,78,16,28,52,58,79,24"/><U53/><E112/><V9/><F106/><W86/><G72/><T68/><D107/><U113/><E113/><V13/><F73/><W67/><G67/><T47/><D114/><U124/><E40/><V87/><F127/><W11/><G128/><T63/><D135/><U121/><E121/><V129/><F129/><W99/><G117/><T41/><D81/><U101/><E124/><V32/><F134/><W90/><G99/><T70/><D93/><U123/><E123/><V3/><F60/><N who="3" m="35911" /><G26/><T91/><D91/><U61/><REACH who="1" step="1"/><E69/><REACH who="1" ten="164,298,344,184" step="2"/><N who="0" m="26729" /><D10/><U74/><E74/><V89/><F9/><W111/><G11/><T118/><D8/><U56/><E56/><V5/><F1/><W29/><G79/><T39/><D118/><U108/><E108/><V6/><F3/><W116/><G111/><T77/><D77/><U80/><E80/><V95/><F5/><W35/><G116/><T4/><D4/><U15/><E15/><V122/><F6/><W0/><G0/><T42/><D42/><U51/><AGARI ba="1,1" hai="12,14,19,20,27,51,53,59,61,65,71,94,98,101" machi="51" ten="20,7800,0" yaku="1,1,0,1,7,1,53,1" doraHai="120" doraHaiUra="46" who="1" fromWho="1" sc="164,-27,298,91,344,-27,184,-27" /><INIT seed="1,2,0,3,2,110" ten="137,389,317,157" oya="1" hai0="52,31,22,0,32,59,81,61,108,16,55,70,36" hai1="14,86,133,62,77,35,74,24,68,48,115,60,127" hai2="82,11,7,84,13,76,67,39,98,105,130,71,8" hai3="57,15,30,19,94,45,2,106,99,135,49,122,129"/><U117/><E117/><V79/><F39/><W93/><G122/><T4/><D108/><U126/><E133/><V40/><F40/><W58/><G2/><T90/><D70/><U132/><E132/><V107/><F130/><W12/><G129/><T78/><D36/><U63/><E74/><V42/><F42/><W131/><G135/><T128/><D128/><U85/><E68/><V64/><F79/><W134/><G134/><T116/><D116/><U80/><E85/><V96/><F71/><W23/><G131/><T43/><D43/><U101/><E101/><V66/><REACH who="2" step="1"/><F8/><REACH who="2" ten="137,389,307,157" step="2"/><N who="3" m="6535" /><G106/><AGARI ba="2,1" hai="7,11,13,64,66,67,76,82,84,96,98,105,106,107" machi="106" ten="40,1300,0" yaku="1,1,53,0" doraHai="110" doraHaiUra="104" who="2" fromWho="3" sc="137,0,389,0,307,29,157,-19" /><INIT seed="2,0,0,3,1,51" ten="137,389,336,138" oya="2" hai0="80,34,57,96,24,13,107,39,114,53,40,68,3" hai1="61,89,110,119,72,130,81,38,60,16,124,134,132" hai2="10,109,1,19,48,120,54,8,69,50,106,97,62" hai3="49,70,42,95,6,66,59,135,91,37,105,78,71"/><V63/><F120/><W126/><G105/><T12/><D3/><U129/><E119/><V123/><F123/><W35/><G35/><T104/><D68/><U23/><E38/><V22/><F48/><W43/><G78/><T36/><D114/><U75/><E110/><V31/><F31/><W101/><G101/><T30/><D80/><U25/><E124/><V84/><F109/><W47/><G6/><T9/><D13/><U0/><E0/><V28/><F28/><W102/><G102/><T118/><D118/><U98/><E98/><V46/><F84/><W116/><G116/><T33/><D33/><U92/><E92/><V17/><F106/><W67/><G91/><T103/><D40/><U115/><E89/><V65/><F97/><W5/><G5/><T11/><D11/><U88/><E115/><V128/><F128/><N who="1" m="49257" /><E88/><V41/><F1/><W87/><G87/><T108/><D108/><U82/><E81/><V32/><F32/><W55/><G95/><T56/><D107/><U121/><E121/><V100/><F100/><W86/><G86/><T29/><D29/><U4/><E4/><V113/><F113/><W45/><G126/><T73/><D73/><N who="1" m="28235" /><E82/><V133/><F133/><AGARI ba="0,0" hai="16,23,25,60,61,132,133,134" m="28235,49257" machi="133" ten="40,5200,0" yaku="20,1,19,1,54,1" doraHai="51" who="1" fromWho="2" sc="137,0,389,52,336,-52,138,0" /><INIT seed="3,0,0,5,1,77" ten="137,441,284,138" oya="3" hai0="130,6,67,58,55,13,120,29,72,50,131,30,34" hai1="117,31,68,111,8,69,46,91,127,71,113,128,66" hai2="123,81,114,42,26,101,48,11,112,35,51,115,105" hai3="61,70,32,104,27,78,125,73,63,122,89,54,0"/><W75/><G122/><T82/><D120/><U76/><E113/><V38/><F123/><W86/><G0/><T4/><D67/><U74/><E111/><V15/><F38/><W17/><G104/><T129/><D34/><U119/><E128/><V10/><F10/><W57/><G125/><T41/><D41/><U21/><E127/><V20/><F35/><W60/><G78/><N who="0" m="44359" /><D13/><U45/><E66/><V133/><F133/><W80/><G70/><T96/><D96/><U36/><E8/><V49/><F105/><W99/><G99/><T108/><D108/><U53/><E36/><V59/><F101/><W39/><G39/><T93/><D93/><U126/><E126/><V25/><F42/><W109/><G109/><T103/><D103/><U94/><E53/><V118/><F118/><N who="1" m="45065" /><E21/><V47/><F47/><W14/><G27/><T97/><D97/><N who="1" m="57567" /><E31/><AGARI ba="0,0" hai="4,6,29,30,31,50,55,58,129,130,131" m="44359" machi="31" ten="30,2000,0" yaku="19,1,52,1" doraHai="77" who="0" fromWho="1" sc="137,20,441,-20,284,0,138,0" /><INIT seed="4,0,0,4,2,101" ten="157,421,284,138" oya="0" hai0="94,73,18,67,45,1,26,58,121,80,0,8,51" hai1="44,16,70,114,46,107,29,55,69,38,120,28,21" hai2="98,115,102,72,48,15,118,75,59,76,25,112,50" hai3="97,23,6,108,129,35,41,5,56,77,53,131,2"/><T43/><D121/><U103/><E120/><V123/><F123/><W49/><G108/><T61/><D94/><U20/><E114/><N who="2" m="43563" /><F118/><W40/><G35/><T93/><D93/><U14/><E46/><V3/><F3/><W117/><G117/><T60/><D73/><N who="2" m="28234" /><F76/><W62/><G77/><T96/><D80/><U90/><E90/><V89/><F89/><W113/><G113/><T30/><D96/><U36/><E36/><V9/><F25/><W79/><G79/><T92/><D92/><U106/><E103/><V24/><F24/><W128/><G23/><T66/><D18/><U11/><E11/><V32/><F32/><W12/><G2/><T127/><D127/><U88/><E88/><V13/><F59/><W54/><G97/><T91/><D91/><U95/><E95/><N who="2" m="58719" /><F13/><W84/><G84/><T83/><D83/><U34/><E34/><V87/><F87/><W78/><G78/><T33/><REACH who="0" step="1"/><D8/><REACH who="0" ten="147,421,284,138" step="2"/><U109/><E109/><V57/><F9/><N who="3" m="4143" /><G6/><T122/><D122/><U133/><E28/><V74/><F74/><W7/><G7/><T27/><D27/><U111/><E111/><V10/><F10/><W71/><G131/><T64/><D64/><U52/><E29/><V134/><F15/><W130/><G130/><T42/><D42/><U110/><E110/><V47/><F47/><W100/><G129/><T85/><D85/><U63/><E44/><V19/><F19/><W17/><G17/><T132/><D132/><U22/><E16/><V68/><F134/><W124/><G128/><T39/><D39/><U119/><E133/><V81/><F81/><RYUUKYOKU ba="0,1" sc="147,30,421,-10,284,-10,138,-10" hai0="0,1,26,30,33,43,45,51,58,60,61,66,67" /><INIT seed="4,1,1,3,5,126" ten="177,411,274,128" oya="0" hai0="124,6,21,44,7,111,134,38,129,26,37,65,32" hai1="93,59,104,2,62,19,15,25,5,95,63,0,39" hai2="10,54,29,125,40,27,60,8,43,23,55,68,3" hai3="83,14,50,79,64,91,24,89,35,103,75,90,57"/><T88/><D32/><U52/><E104/><V41/><F125/><W97/><G14/><T115/><D124/><U107/><E107/><V11/><F3/><W133/><G133/><T72/><D72/><U56/><E39/><V53/><F68/><W18/><G89/><T110/><D65/><U85/><E25/><V4/><F4/><N who="0" m="1578" /><D44/><U117/><E117/><V132/><F60/><W87/><G75/><T128/><D115/><U99/><E85/><V73/><F73/><W94/><G35/><T71/><D71/><U1/><E5/><V42/><N who="2" m="10240" /><DORA hai="31" /><V113/><F113/><W47/><G47/><T121/><D121/><U135/><E99/><V51/><REACH who="2" step="1"/><F132/><REACH who="2" ten="177,411,264,128" step="2"/><W92/><G64/><T13/><D134/><U28/><E135/><V127/><F127/><W80/><G18/><N who="0" m="10447" /><D38/><U109/><E28/><V82/><F82/><W33/><G80/><T108/><D37/><U20/><REACH who="1" step="1"/><E109/><REACH who="1" ten="177,401,264,128" step="2"/><V30/><F30/><N who="3" m="19655" /><G83/><T16/><D111/><U46/><E46/><AGARI ba="1,3" hai="8,10,11,23,27,29,46,51,53,54,55" m="10240" machi="46" ten="50,8000,1" yaku="1,1,8,1,53,3" doraHai="126,31" doraHaiUra="48,130" who="2" fromWho="1" sc="177,0,401,-83,264,113,128,0" /><INIT seed="5,0,0,4,0,37" ten="177,318,377,128" oya="1" hai0="1,31,17,70,129,61,132,98,45,46,105,19,59" hai1="85,109,26,16,27,36,128,3,9,53,82,69,104" hai2="68,86,50,91,114,120,130,32,35,84,112,131,118" hai3="41,93,106,12,97,74,123,64,80,94,95,99,79"/><U62/><E104/><V71/><F120/><W2/><G2/><T5/><D70/><N who="2" m="26666" /><F50/><W47/><G64/><T119/><D119/><U111/><E128/><N who="2" m="49195" /><F118/><W135/><G123/><T122/><D31/><U73/><E73/><V72/><F72/><W18/><G135/><T33/><D132/><U55/><E36/><V48/><F48/><W67/><G67/><T44/><D33/><N who="2" m="12874" /><F91/><W21/><REACH who="3" step="1"/><G106/><REACH who="3" ten="177,318,377,118" step="2"/><T40/><D129/><U121/><E121/><V83/><F83/><W6/><G6/><T81/><D5/><U13/><E3/><V126/><F126/><W0/><G0/><T115/><D1/><U78/><E69/><V25/><F25/><N who="1" m="9225" /><E62/><V54/><F54/><W125/><G125/><T7/><D7/><U52/><E111/><V100/><F112/><W108/><G108/><T28/><D115/><U11/><E109/><V116/><F114/><W92/><N who="3" m="23552" /><DORA hai="23" /><W88/><G88/><T49/><D122/><U15/><E53/><V38/><F116/><W107/><G107/><T29/><D105/><U90/><E90/><V113/><F113/><W10/><G10/><T14/><D61/><U30/><E30/><V24/><F24/><W124/><G124/><T57/><D29/><U133/><E133/><V87/><F100/><W43/><G43/><T134/><D28/><U51/><E51/><AGARI ba="0,1" hai="12,18,21,41,47,51,74,79,80,97,99" m="23552" machi="51" ten="50,3200,0" yaku="1,1,52,1,53,0" doraHai="37,23" doraHaiUra="58,110" who="3" fromWho="1" sc="177,0,318,-32,377,0,118,42" /><INIT seed="6,0,0,3,0,73" ten="177,286,377,160" oya="2" hai0="100,90,104,86,1,57,23,60,82,97,53,42,113" hai1="41,77,115,2,134,21,120,106,93,17,49,112,50" hai2="59,64,65,33,87,20,128,14,63,98,31,83,92" hai3="116,88,135,51,130,12,34,25,35,121,118,91,119"/><V45/><F128/><W108/><G108/><T101/><D1/><U26/><E2/><V55/><F33/><W78/><G121/><T123/><D123/><U125/><E120/><V15/><F45/><W94/><G130/><T107/><D113/><U10/><E106/><V71/><F71/><W52/><G135/><T105/><D42/><U132/><E125/><V8/><F31/><W124/><G124/><T129/><D129/><U75/><E10/><V16/><F98/><W89/><G12/><T5/><D5/><U40/><E93/><V114/><F92/><W24/><G78/><T37/><D37/><U11/><E11/><V96/><F96/><W68/><G94/><T29/><REACH who="0" step="1"/><D97/><REACH who="0" ten="167,286,377,160" step="2"/><U6/><E6/><N who="2" m="3351" /><F114/><N who="1" m="43561" /><E41/><V131/><F131/><W19/><G119/><T4/><D4/><U79/><E40/><V67/><F67/><W133/><G118/><T38/><D38/><U102/><E75/><V95/><F64/><W56/><G133/><N who="1" m="51306" /><E102/><V66/><F65/><W32/><G116/><T22/><D22/><U62/><E62/><V18/><F66/><W126/><G126/><T30/><D30/><U46/><E46/><V39/><F39/><W7/><G7/><T36/><D36/><U109/><E109/><V110/><F110/><W61/><G19/><T43/><D43/><U99/><E99/><V80/><F18/><W103/><G103/><T28/><D28/><U3/><E3/><V122/><F122/><W69/><G61/><T47/><D47/><U127/><E127/><V44/><F44/><W81/><G69/><T72/><D72/><U58/><E17/><RYUUKYOKU ba="0,1" sc="167,15,286,-15,377,15,160,-15" hai0="23,29,53,57,60,82,86,90,100,101,104,105,107" hai2="15,16,20,55,59,63,80,83,87,95" /><INIT seed="6,1,1,3,0,98" ten="182,271,392,145" oya="2" hai0="15,70,63,44,125,75,77,81,129,23,2,20,68" hai1="38,85,71,78,41,102,107,76,90,66,45,92,65" hai2="73,47,36,122,7,24,74,48,133,0,58,116,126" hai3="50,18,131,115,106,1,105,130,128,35,109,19,64"/><V46/><F122/><W10/><G109/><T57/><D2/><U43/><E43/><V29/><F116/><W31/><G64/><T42/><D129/><U55/><E55/><V134/><F126/><W60/><G60/><T6/><D125/><U32/><E32/><V16/><F29/><W33/><G50/><T100/><D100/><U113/><E113/><V12/><F24/><N who="3" m="18663" /><G106/><T118/><D118/><U117/><E117/><V56/><F7/><N who="3" m="1391" /><G105/><T61/><D61/><U69/><E66/><V111/><F0/><W9/><G35/><T124/><D124/><U13/><E65/><V104/><F111/><W14/><G115/><T51/><D70/><U25/><E78/><V135/><F104/><W94/><G94/><T87/><D68/><U112/><E76/><V30/><F36/><W89/><G89/><T95/><D95/><U67/><E67/><V103/><F103/><W3/><G3/><T53/><D75/><N who="2" m="28682" /><F47/><W8/><G8/><AGARI ba="1,1" hai="6,8,15,20,23,42,44,51,53,57,63,77,81,87" machi="8" ten="40,5200,0" yaku="25,2,8,1" doraHai="98" who="0" fromWho="3" sc="182,65,271,0,392,0,145,-55" /><INIT seed="7,0,0,1,3,24" ten="247,271,392,90" oya="3" hai0="45,56,133,71,72,59,48,21,43,46,68,93,131" hai1="62,113,8,13,51,122,81,14,37,103,117,69,132" hai2="26,29,32,41,57,88,64,123,121,91,6,5,58" hai3="61,33,99,36,10,30,116,52,39,127,28,104,70"/><W3/><G116/><T84/><D93/><U4/><E122/><N who="2" m="46603" /><F41/><W126/><G104/><T128/><D21/><U35/><E35/><V23/><F23/><W50/><G33/><T125/><D84/><U101/><E81/><V22/><F22/><W65/><G99/><T82/><D82/><U9/><E51/><V17/><F17/><W27/><G10/><T34/><D72/><U130/><E130/><N who="0" m="49705" /><D125/><N who="3" m="47625" /><G27/><T38/><D34/><U112/><E103/><V111/><F111/><W78/><G78/><T1/><D1/><U124/><E101/><V118/><F118/><W109/><G109/><T86/><D86/><U63/><E37/><N who="3" m="14410" /><G3/><T40/><D133/><U102/><E132/><V90/><F64/><W100/><G100/><T114/><D114/><N who="1" m="44139" /><E117/><V129/><F129/><W135/><G135/><T11/><D11/><U54/><E102/><V98/><F98/><W76/><G76/><T7/><D7/><AGARI ba="0,0" hai="5,6,7,26,29,32,57,58,88,90,91" m="46603" machi="7" ten="30,3900,0" yaku="13,1,52,1,54,1" doraHai="24" who="2" fromWho="0" sc="247,-39,271,0,392,39,90,0" owari="208,-19.0,271,7.0,431,53.0,90,-41.0" /></mjloggm>