<mjloggm ver="2.3"><GO type="41" lobby="0"/><UN n0="%E3%81%97%E3%82%85%E3%81%86%E3%82%88%E3%82%93" n1="%E2%93%9D%53%75%70%68%78" n2="%E2%98%86%E3%82%B1%E3%83%B3%E3%82%B1%E3%83%B3%E2%98%86" n3="%E6%88%91%E9%82%A3%E8%A6%87%E9%9F%BF" dan="14,18,16,14" rate="1896.50,2163.16,2018.40,1982.54" sx="M,M,M,M"/><TAIKYOKU oya="0"/><INIT seed="0,0,0,1,1,69" ten="250,250,250,250" oya="0" hai0="35,49,57,21,45,91,9,40,17,7,29,51,103" hai1="88,75,83,66,102,0,108,8,36,58,133,90,46" hai2="101,38,59,118,86,68,18,50,115,126,104,65,121" hai3="124,27,12,78,109,79,123,117,111,5,60,42,30"/><T24/><D103/><U55/><E108/><V85/><F118/><W62/><G117/><T106/><D106/><U20/><E66/><V105/><F115/><W128/><G124/><T48/><D91/><U2/><E20/><V122/><F50/><W114/><G114/><T92/><D92/><U6/><E2/><V41/><F59/><W129/><G123/><T72/><D72/><U16/><E133/><V64/><F18/><W113/><G113/><T93/><D93/><U4/><E4/><V77/><F77/><N who="3" m="29195" /><G42/><T26/><REACH who="0" step="1"/><D57/><REACH who="0" ten="240,250,250,250" step="2"/><U99/><E75/><V130/><F101/><W110/><G128/><T125/><D125/><U34/><E102/><V120/><F126/><W22/><G129/><T82/><D82/><U73/><E83/><V3/><F130/><W119/><G119/><T31/><D31/><U98/><E73/><V13/><F122/><W131/><G131/><T97/><D97/><U71/><E99/><V43/><F68/><W81/><G81/><T80/><D80/><U127/><E98/><V19/><F105/><W112/><G112/><T39/><D39/><U95/><E71/><V52/><F104/><W10/><AGARI ba="0,1" hai="5,10,12,22,27,30,60,62,109,110,111" m="29195" machi="10" ten="40,1500,0" yaku="14,1" doraHai="69" who="3" fromWho="3" sc="240,-7,250,-4,250,-4,250,25" /><INIT seed="1,0,0,5,2,105" ten="233,246,246,275" oya="1" hai0="76,98,87,14,89,21,57,53,34,86,97,27,102" hai1="10,39,122,13,55,7,85,123,30,100,91,31,110" hai2="133,66,6,36,120,114,130,56,119,94,127,42,0" hai3="32,4,28,106,80,84,72,59,16,9,68,22,121"/><U8/><E39/><V23/><F23/><W131/><G68/><T49/><D34/><U47/><E100/><V112/><F94/><W81/><G121/><T19/><D102/><U20/><E110/><V2/><F6/><W101/><G131/><T90/><D76/><U132/><E132/><V103/><F103/><W60/><G72/><T37/><D37/><U43/><E123/><V46/><F120/><W118/><G118/><T111/><D27/><U129/><E129/><V62/><F130/><W116/><G116/><T61/><D61/><U1/><E43/><V12/><F119/><W11/><G101/><T88/><D111/><U109/><E20/><V135/><F12/><W67/><G106/><T108/><D108/><U134/><E134/><N who="2" m="51211" /><F127/><W54/><G54/><T73/><D73/><U35/><E35/><V115/><AGARI ba="0,0" hai="0,2,36,42,46,56,62,66,112,114,115" m="51211" machi="115" ten="40,2700,0" yaku="11,1,20,1" doraHai="105" who="2" fromWho="2" sc="233,-7,246,-13,246,27,275,-7" /><INIT seed="2,0,0,1,0,54" ten="226,233,273,268" oya="2" hai0="94,106,84,127,34,1,14,46,78,39,109,79,85" hai1="50,130,53,124,95,132,8,48,44,69,41,5,43" hai2="77,11,96,0,16,87,70,3,45,89,40,62,30" hai3="104,67,125,129,103,60,105,36,24,72,119,108,55"/><V21/><F30/><W59/><G119/><T32/><D1/><U122/><E130/><V65/><F96/><W82/><G129/><T88/><D106/><U98/><E132/><V66/><F77/><W22/><G36/><T25/><D109/><U29/><E69/><V90/><F66/><W80/><G108/><T73/><D73/><U20/><E124/><V135/><F89/><W110/><G110/><T31/><D34/><U71/><E71/><V23/><F11/><W120/><G120/><T76/><D14/><U9/><E122/><V118/><F23/><W56/><G125/><T113/><D113/><U68/><E68/><V26/><F135/><W47/><G47/><T7/><D7/><U74/><E74/><V33/><F33/><W2/><G2/><T12/><D12/><U75/><E75/><V117/><F118/><W134/><G134/><T97/><REACH who="0" step="1"/><D127/><REACH who="0" ten="216,233,273,268" step="2"/><U28/><E5/><V58/><F117/><W10/><G72/><T107/><D107/><U49/><E9/><V6/><F6/><W4/><G10/><T63/><D63/><U15/><E8/><V114/><F114/><W35/><G4/><T81/><D81/><U99/><E15/><V52/><F0/><W86/><G35/><T115/><D115/><U101/><E20/><V27/><F3/><W17/><G82/><T61/><D61/><U93/><E43/><AGARI ba="0,1" hai="25,31,32,39,43,46,76,78,79,84,85,88,94,97" machi="43" ten="40,2600,0" yaku="1,1,54,1,53,0" doraHai="54" doraHaiUra="116" who="0" fromWho="1" sc="216,36,233,-26,273,0,268,0" /><INIT seed="3,0,0,0,0,53" ten="252,207,273,268" oya="3" hai0="134,33,104,131,16,28,114,32,64,2,46,79,37" hai1="132,87,97,117,23,14,70,127,18,102,40,120,34" hai2="82,90,108,39,121,11,133,48,38,103,9,124,119" hai3="75,73,29,22,55,135,84,98,107,57,89,113,68"/><W71/><G113/><T24/><D79/><U61/><E120/><V81/><F103/><W62/><G135/><T123/><D46/><U49/><E34/><V78/><F133/><W74/><G107/><T105/><D64/><U47/><E132/><V35/><F35/><W99/><G99/><T41/><D41/><U88/><E127/><V112/><F112/><W13/><G98/><T115/><D37/><U65/><E117/><V27/><F27/><W31/><G31/><T21/><D134/><U128/><E128/><V76/><F48/><W86/><G86/><T43/><D43/><U44/><E44/><V17/><F17/><W30/><G30/><T106/><D123/><U63/><E70/><V100/><F100/><W118/><G118/><T126/><D126/><U96/><E65/><V12/><F90/><W5/><G5/><T129/><D2/><U80/><REACH who="1" step="1"/><E97/><REACH who="1" ten="252,197,273,268" step="2"/><V111/><F124/><W1/><G68/><T20/><D33/><U59/><E59/><V77/><F121/><W83/><G71/><T85/><D32/><U8/><E8/><V51/><F119/><W7/><G57/><T50/><D115/><U93/><AGARI ba="0,1" hai="14,18,23,40,47,49,61,63,80,87,88,93,96,102" machi="93" ten="20,12000,2" yaku="1,1,0,1,7,1,8,1,54,1,53,1" doraHai="53" doraHaiUra="45" who="1" fromWho="1" sc="252,-30,197,130,273,-30,268,-60" /><INIT seed="4,0,0,3,4,73" ten="222,327,243,208" oya="0" hai0="27,63,71,60,47,130,80,94,91,118,37,124,6" hai1="97,84,93,38,86,119,107,115,22,39,105,85,76" hai2="33,83,75,18,106,8,7,122,62,28,17,121,35" hai3="45,101,68,66,67,114,113,125,109,116,81,41,55"/><T57/><D118/><U25/><E119/><V30/><F106/><W77/><G116/><T133/><D124/><U117/><E117/><V15/><F75/><W89/><G109/><T1/><D130/><U74/><E39/><V4/><F62/><W58/><G125/><T42/><D133/><U10/><E10/><N who="2" m="4551" /><F83/><W19/><G101/><T56/><D27/><U88/><E38/><V120/><F121/><W126/><G126/><T92/><D71/><U9/><E9/><V29/><F122/><W135/><G135/><T129/><D129/><U69/><E69/><V48/><F48/><W70/><G19/><N who="2" m="7177" /><F120/><W34/><G34/><T52/><D80/><U59/><E107/><V46/><F46/><W44/><G89/><T0/><D92/><U65/><E105/><V64/><F64/><N who="3" m="24619" /><G77/><T82/><D6/><U50/><E76/><V32/><F32/><W3/><G81/><T13/><D82/><U43/><E74/><V102/><F102/><W53/><G45/><T87/><REACH who="0" step="1"/><D13/><AGARI ba="0,0" hai="7,8,13,28,29,30,33,35" m="7177,4551" machi="13" ten="30,8000,1" yaku="35,5" doraHai="73" who="2" fromWho="0" sc="222,-80,327,0,243,80,208,0" /><INIT seed="5,0,0,4,5,71" ten="142,327,323,208" oya="1" hai0="48,53,83,44,75,87,121,66,51,95,67,96,80" hai1="103,56,55,15,89,81,9,4,99,104,70,0,97" hai2="98,27,133,25,63,61,49,109,128,108,62,130,118" hai3="42,117,124,88,11,17,107,69,115,22,120,116,102"/><U92/><E70/><V131/><F98/><W68/><G120/><T38/><D121/><U54/><E0/><V3/><F3/><W94/><G115/><T19/><D75/><U111/><E111/><N who="2" m="42571" /><F118/><W73/><G73/><T106/><D106/><U18/><E81/><V21/><F21/><W47/><G124/><T82/><D38/><U14/><REACH who="1" step="1"/><E56/><REACH who="1" ten="142,317,323,208" step="2"/><V126/><F126/><W84/><G68/><T112/><D82/><U50/><E50/><V46/><F133/><W119/><G69/><T123/><D83/><U64/><E64/><V1/><F1/><W113/><G113/><T57/><D112/><U85/><E85/><V7/><F49/><W26/><G116/><T77/><D123/><U134/><E134/><V76/><F128/><W32/><G117/><T35/><D67/><U16/><E16/><V41/><F130/><W65/><G65/><T60/><D19/><U132/><E132/><V29/><F131/><W90/><G119/><T28/><D51/><U93/><E93/><V72/><F72/><W30/><G107/><T127/><D127/><U13/><E13/><V59/><F59/><W58/><G58/><T79/><D66/><U91/><E91/><V12/><F12/><N who="3" m="7327" /><G90/><N who="0" m="55415" /><D87/><U129/><E129/><V37/><F76/><W45/><G102/><T86/><D79/><U114/><E114/><V23/><F7/><W100/><G100/><T39/><D39/><U135/><E135/><V52/><F27/><W8/><G26/><N who="0" m="18839" /><D57/><U40/><E40/><V2/><F2/><W36/><G42/><T105/><D105/><U110/><E110/><V10/><F52/><RYUUKYOKU ba="0,1" sc="142,10,317,10,323,10,208,-30" hai0="44,48,53,60,77,80,86" hai1="4,9,14,15,18,54,55,89,92,97,99,103,104" hai2="10,23,25,29,37,41,46,61,62,63" /><INIT seed="5,1,1,0,5,106" ten="152,327,333,178" oya="1" hai0="128,31,127,42,49,60,18,115,54,102,70,130,68" hai1="38,0,110,69,19,92,37,94,6,76,108,105,96" hai2="114,57,7,77,33,82,75,129,17,120,107,125,13" hai3="28,98,131,35,117,87,80,11,3,46,47,43,126"/><U45/><E19/><V32/><F120/><W86/><G131/><N who="0" m="50219" /><D102/><N who="1" m="62663" /><E69/><N who="0" m="26729" /><D18/><U16/><E76/><V99/><F129/><W9/><G126/><T1/><D1/><U5/><E45/><V44/><F114/><W72/><G117/><T116/><D31/><U26/><E94/><V20/><F125/><W36/><G46/><N who="0" m="25815" /><D127/><U91/><E0/><V29/><F29/><W66/><G66/><T84/><D84/><N who="1" m="52327" /><E6/><V67/><F44/><W89/><G98/><T81/><D81/><U97/><E5/><V74/><F7/><N who="3" m="1279" /><G89/><T53/><D115/><U90/><E97/><V93/><F107/><W10/><G87/><T59/><D116/><U50/><E90/><V51/><F82/><W118/><G86/><T22/><D22/><N who="1" m="13639" /><E50/><V88/><F77/><N who="3" m="44071" /><G118/><T111/><D54/><U104/><E104/><V4/><F4/><W30/><G30/><T101/><D101/><U21/><E21/><V56/><F33/><W15/><G15/><T124/><D124/><U34/><E34/><V122/><F32/><W58/><G11/><T55/><D55/><U134/><E134/><V48/><F67/><W25/><G10/><T103/><D103/><U41/><E41/><V14/><F20/><W24/><G24/><T83/><D83/><U27/><E27/><V133/><F17/><W78/><G78/><T100/><D100/><U64/><E64/><V61/><F133/><W85/><G85/><T119/><D119/><U121/><E121/><V113/><F122/><W8/><G8/><T109/><AGARI ba="1,1" hai="53,59,60,109,111" m="25815,26729,50219" machi="109" ten="40,5200,0" yaku="19,1,34,2" doraHai="106" who="0" fromWho="0" sc="152,65,327,-27,333,-14,178,-14" /><INIT seed="6,0,0,1,5,119" ten="217,300,319,164" oya="2" hai0="33,29,38,125,62,66,42,111,97,58,120,109,74" hai1="41,78,18,37,59,102,126,90,48,70,12,54,108" hai2="69,11,77,20,14,86,25,32,63,30,15,118,19" hai3="88,117,93,123,91,9,47,61,79,87,40,130,75"/><V56/><F118/><W76/><G117/><T3/><D3/><U85/><E126/><V17/><F69/><W53/><G130/><T82/><D97/><U65/><E108/><V115/><F115/><W0/><G123/><T24/><D58/><U28/><E28/><V27/><F77/><W128/><G128/><T72/><D82/><U4/><E4/><V26/><REACH who="2" step="1"/><F86/><REACH who="2" ten="217,300,309,164" step="2"/><W6/><G75/><T104/><D74/><U34/><E78/><V45/><F45/><W98/><G87/><T23/><D72/><U135/><E70/><V22/><F22/><W13/><G0/><T57/><D109/><U99/><E85/><V103/><F103/><W35/><G35/><T112/><D33/><U16/><E102/><V121/><F121/><W106/><G79/><T131/><D112/><U5/><E34/><V89/><F89/><W68/><G76/><T52/><D120/><U50/><E90/><V84/><F84/><W39/><G91/><T100/><D100/><U81/><E81/><V51/><F51/><W105/><REACH who="3" step="1"/><G68/><REACH who="3" ten="217,300,309,154" step="2"/><T113/><D131/><U60/><E99/><V96/><F96/><W36/><G36/><T107/><D38/><U8/><E37/><V1/><F1/><W73/><G73/><T132/><D111/><U94/><E50/><V122/><F122/><W116/><G116/><T55/><D113/><U101/><E101/><V71/><F71/><W7/><G7/><T114/><D114/><U127/><E5/><V49/><F49/><W21/><G21/><T44/><D23/><U110/><E110/><V46/><F46/><W129/><G129/><RYUUKYOKU ba="0,2" sc="217,-15,300,-15,309,15,154,15" hai2="11,14,15,17,19,20,25,26,27,30,32,56,63" hai3="6,9,13,39,40,47,53,61,88,93,98,105,106" /><INIT seed="6,1,2,1,3,74" ten="202,285,324,169" oya="2" hai0="6,59,8,60,52,87,105,83,110,114,3,49,122" hai1="124,11,23,134,67,107,111,92,43,32,78,15,58" hai2="133,50,61,93,90,40,116,46,98,132,85,45,13" hai3="127,119,26,27,130,63,72,21,125,17,112,66,79"/><V73/><F116/><W100/><G119/><T70/><D114/><U65/><E107/><V120/><F73/><W28/><G130/><T84/><D110/><U14/><E32/><V42/><F120/><W39/><G39/><T89/><D105/><U80/><E134/><V4/><F61/><W99/><G112/><T12/><D122/><U121/><E124/><N who="3" m="47690" /><G72/><T77/><D70/><U95/><E43/><V91/><F4/><W1/><G1/><T97/><D97/><U68/><E68/><V53/><F13/><N who="3" m="9391" /><G79/><T128/><D128/><U55/><E111/><V129/><F129/><W57/><G28/><T71/><D71/><U104/><E104/><AGARI ba="1,2" hai="26,27,57,63,66,99,100,104" m="9391,47690" machi="104" ten="30,1000,0" yaku="18,1" doraHai="74" who="3" fromWho="1" sc="202,0,285,-13,324,0,169,33" /><INIT seed="7,0,0,3,3,113" ten="202,272,324,202" oya="3" hai0="62,64,3,129,10,107,33,110,67,16,118,61,106" hai1="30,7,114,48,52,1,24,35,104,8,116,22,96" hai2="90,6,2,91,100,79,38,13,87,57,123,92,12" hai3="47,65,82,132,63,128,51,21,44,34,85,31,109"/><W81/><G132/><T78/><D110/><U112/><E116/><V15/><F38/><W37/><G109/><T108/><D108/><U97/><E35/><V98/><F123/><W103/><G128/><T125/><D33/><U60/><E60/><V122/><F122/><W58/><G34/><T70/><D125/><U83/><E83/><V54/><F2/><W75/><G75/><T73/><D118/><U71/><E71/><V14/><F79/><W27/><G37/><T25/><D3/><U56/><REACH who="1" step="1"/><E104/><REACH who="1" ten="202,262,324,202" step="2"/><V23/><F6/><W133/><G133/><T55/><D107/><U127/><E127/><V117/><F117/><W80/><G103/><T59/><D106/><U32/><E32/><V102/><F23/><W0/><G0/><T126/><D62/><U101/><E101/><V20/><F20/><W28/><G28/><T89/><D70/><U29/><E29/><V77/><F77/><N who="3" m="46223" /><G47/><T5/><D126/><U69/><E69/><V120/><F120/><W66/><G66/><T94/><D67/><U42/><E42/><AGARI ba="0,1" hai="21,27,31,42,44,51,58,63,65,81,82" m="46223" machi="42" ten="30,1500,0" yaku="8,1" doraHai="113" who="3" fromWho="1" sc="202,0,262,-15,324,0,202,25" /><INIT seed="7,1,0,4,3,64" ten="202,247,324,227" oya="3" hai0="53,51,128,1,57,121,59,106,24,10,95,31,109" hai1="40,90,105,135,132,58,114,70,23,22,82,49,98" hai2="63,17,11,77,26,4,73,102,134,72,44,81,54" hai3="25,21,111,84,67,127,71,41,8,118,104,122,76"/><W107/><G118/><T87/><D106/><U100/><E70/><V27/><F134/><N who="1" m="51241" /><E114/><V32/><F73/><W37/><G122/><T85/><D121/><U66/><E40/><V103/><F27/><W86/><G127/><T42/><D128/><U7/><E7/><V65/><F54/><W133/><G133/><T69/><D69/><U46/><E46/><V34/><F44/><W38/><G111/><T60/><D42/><U47/><E47/><V124/><F124/><W78/><G41/><T93/><D109/><U79/><E90/><V129/><F129/><W88/><G8/><T6/><D87/><N who="1" m="48607" /><E49/><V39/><F39/><W2/><G2/><T68/><D85/><U19/><E19/><V45/><F45/><W16/><G71/><T14/><D1/><U131/><E131/><V55/><F55/><W116/><G116/><T5/><D5/><U50/><E50/><V119/><F119/><W97/><G67/><T3/><D3/><U89/><E89/><V113/><F113/><W75/><G75/><T108/><D108/><U62/><AGARI ba="1,0" hai="22,23,58,62,66,98,100,105" m="48607,51241" machi="62" ten="30,1100,0" yaku="20,1" doraHai="64" who="1" fromWho="1" sc="202,-4,247,14,324,-4,227,-6" owari="198,-30.0,261,6.0,320,42.0,221,-18.0" /></mjloggm>