<mjloggm ver="2.3"><GO type="41" lobby="0"/><UN n0="%E3%81%8C%E3%81%B6%E3%82%8A%E5%AF%84%E3%82%8A" n1="%4D%2D%47" n2="%E3%83%96%E3%83%A9%E3%83%83%E3%82%AF%E3%83%96%E3%83%A9%E3%83%83%E3%82%AF" n3="%E2%93%9D%53%75%70%68%78" dan="14,15,15,18" rate="1963.48,2051.02,2063.12,2122.48" sx="M,M,M,M"/><TAIKYOKU oya="0"/><INIT seed="0,0,0,2,4,16" ten="250,250,250,250" oya="0" hai0="14,111,31,24,50,18,129,25,40,4,86,83,28" hai1="101,130,13,76,115,58,107,119,108,125,51,126,30" hai2="53,36,90,124,94,7,1,110,135,91,88,117,37" hai3="49,128,42,55,10,74,9,19,81,63,97,113,70"/><T26/><D129/><U61/><E119/><V66/><F117/><W11/><G113/><T127/><D127/><N who="1" m="48651" /><E108/><V0/><F124/><W52/><G128/><T72/><D72/><U33/><E76/><V85/><F110/><W78/><G42/><T95/><D95/><U60/><E115/><V15/><F66/><W68/><G97/><T43/><D4/><U114/><E114/><V134/><F53/><W93/><G93/><T44/><D43/><U121/><E121/><V56/><F56/><W67/><G70/><T8/><REACH who="0" step="1"/><D111/><REACH who="0" ten="240,250,250,250" step="2"/><U102/><E130/><V46/><F94/><W132/><G132/><T109/><D109/><U41/><E41/><V29/><F134/><W23/><REACH who="3" step="1"/><G49/><REACH who="3" ten="240,250,250,240" step="2"/><T120/><D120/><U6/><E51/><V5/><F135/><W22/><G22/><T27/><N who="0" m="6144" /><DORA hai="34" /><T89/><AGARI ba="0,2" hai="8,14,18,28,31,40,44,50,83,86,89" m="6144" machi="89" ten="40,12000,1" yaku="1,1,4,1,0,1,8,1,53,1" doraHai="16,34" doraHaiUra="77,104" who="0" fromWho="0" sc="240,140,250,-40,250,-40,240,-40" /><INIT seed="0,1,0,5,0,14" ten="380,210,210,200" oya="0" hai0="71,42,55,132,104,54,63,112,49,48,130,3,80" hai1="65,2,115,22,0,64,96,83,35,68,47,97,91" hai2="24,38,56,70,113,17,106,100,75,43,30,116,92" hai3="26,34,120,121,93,53,18,76,58,110,95,51,69"/><T29/><D3/><U16/><E35/><V78/><F106/><W90/><G69/><T28/><D104/><U114/><E47/><V88/><F70/><W23/><G110/><T8/><D112/><N who="1" m="43051" /><E83/><V33/><F100/><W127/><G127/><T27/><D42/><U44/><E44/><V13/><F38/><W109/><G109/><T103/><D103/><U67/><E68/><V85/><F43/><W119/><G119/><T135/><D130/><U128/><E128/><V133/><F113/><W79/><G95/><T41/><D41/><U117/><E117/><V123/><F123/><N who="3" m="47179" /><G34/><T20/><D71/><U59/><E59/><V98/><F56/><W134/><G134/><T73/><D63/><U125/><E125/><V105/><F133/><N who="0" m="51274" /><D29/><U61/><E61/><V84/><F116/><W72/><G72/><T7/><D49/><U82/><E82/><V62/><F62/><W89/><G89/><T31/><D31/><U66/><N who="1" m="16384" /><DORA hai="99" /><U32/><E32/><V37/><F37/><W12/><G79/><N who="0" m="44143" /><D48/><U19/><E91/><V126/><F78/><W77/><G77/><T39/><D39/><U118/><E118/><V4/><F75/><W45/><G76/><T36/><D36/><U10/><E22/><V60/><F60/><W124/><G124/><T122/><D122/><U101/><E10/><V107/><F126/><W50/><G50/><T87/><D87/><U1/><E101/><V111/><F85/><N who="3" m="52431" /><G45/><T15/><AGARI ba="1,0" hai="7,8,15,20,27,28,54,55" m="44143,51274" machi="15" ten="30,1500,0" yaku="20,1" doraHai="14,99" who="0" fromWho="0" sc="380,18,210,-6,210,-6,200,-6" /><INIT seed="0,2,0,0,2,33" ten="398,204,204,194" oya="0" hai0="75,86,13,127,47,85,84,14,81,62,93,117,48" hai1="134,107,74,28,118,92,41,21,121,59,20,119,113" hai2="94,120,57,10,80,64,89,135,3,87,56,27,58" hai3="112,109,106,32,99,36,66,116,104,101,83,35,68"/><T130/><D117/><U55/><E121/><V100/><F120/><W23/><G23/><T49/><D130/><U1/><E107/><V43/><F135/><W133/><G112/><T29/><D29/><U123/><E113/><V126/><F126/><W73/><G116/><T96/><D127/><U25/><E134/><V8/><F43/><W70/><G133/><T82/><D75/><U12/><E123/><V125/><F125/><W4/><G109/><T110/><D62/><U9/><E74/><V40/><F40/><W95/><G95/><T91/><D110/><U98/><E41/><V65/><F27/><W132/><G132/><T22/><D22/><U60/><E21/><V2/><F100/><W90/><G90/><T30/><D30/><U16/><REACH who="1" step="1"/><E1/><REACH who="1" ten="398,194,204,194" step="2"/><V19/><F3/><W26/><G106/><T46/><D82/><U18/><E18/><V45/><F2/><W38/><G83/><T88/><D47/><U37/><E37/><V51/><F19/><W131/><G38/><T61/><D61/><U39/><E39/><V105/><F80/><W53/><G36/><T11/><D49/><U15/><E15/><N who="0" m="5641" /><D11/><N who="2" m="4138" /><F105/><W115/><G115/><T69/><D69/><U72/><E72/><V34/><F34/><W78/><G35/><T17/><D17/><U24/><E24/><V63/><F63/><N who="3" m="40031" /><G32/><T44/><D44/><U76/><E76/><V71/><F71/><W52/><G70/><T103/><D81/><U124/><E124/><V7/><F45/><W129/><G78/><T79/><D79/><U31/><E31/><V5/><F51/><W67/><G73/><RYUUKYOKU ba="2,1" sc="398,10,194,10,204,10,194,-30" hai0="46,48,84,85,86,88,91,93,96,103" hai1="9,12,16,20,25,28,55,59,60,92,98,118,119" hai2="5,7,56,57,58,64,65,87,89,94" /><INIT seed="0,3,1,5,3,113" ten="408,204,214,164" oya="0" hai0="122,73,99,84,87,19,105,49,27,77,92,101,45" hai1="134,9,135,71,78,109,67,98,18,88,97,15,38" hai2="3,20,48,104,10,11,29,63,126,41,125,17,116" hai3="57,123,25,42,93,0,96,112,74,66,56,115,5"/><T81/><D122/><U34/><E34/><V30/><F104/><W85/><G74/><T22/><REACH who="0" step="1"/><D105/><REACH who="0" ten="398,204,214,164" step="2"/><U103/><E134/><V52/><F126/><W121/><G121/><T32/><D32/><U55/><E135/><V46/><F125/><W133/><G123/><T62/><D62/><U13/><E109/><V61/><F61/><W114/><G133/><T120/><D120/><U110/><E110/><V44/><F63/><W37/><G115/><T14/><D14/><U129/><E15/><V51/><F3/><W107/><G107/><T16/><D16/><U39/><E18/><V23/><F116/><W1/><G1/><T119/><D119/><U75/><E13/><N who="2" m="7351" /><F11/><W111/><G114/><T28/><D28/><AGARI ba="3,2" hai="20,23,28,29,30,41,44,46,48,51,52" m="7351" machi="28" ten="30,2000,0" yaku="8,1,54,1" doraHai="113" who="2" fromWho="0" sc="398,-29,204,0,214,49,164,0" /><INIT seed="1,0,0,1,2,96" ten="369,204,263,164" oya="1" hai0="65,60,23,91,18,97,45,128,6,48,14,131,40" hai1="8,133,15,70,86,123,93,130,9,17,0,28,1" hai2="84,108,55,82,94,58,113,38,90,33,11,25,50" hai3="72,51,83,127,22,69,87,124,53,122,21,16,89"/><U31/><E70/><V74/><F38/><W119/><G122/><T2/><D2/><N who="1" m="1131" /><E86/><V77/><F11/><N who="1" m="4169" /><E93/><V26/><F113/><W30/><G119/><T78/><D78/><U35/><E123/><V134/><F134/><W5/><G5/><T126/><D6/><U12/><E130/><N who="0" m="49705" /><D91/><U107/><E107/><V52/><F33/><W67/><G72/><T10/><D97/><U61/><E61/><V125/><F108/><W37/><G69/><N who="0" m="42151" /><D10/><N who="1" m="6295" /><E133/><V43/><F43/><W3/><G3/><T68/><D68/><U54/><E54/><V19/><F55/><W42/><G67/><T79/><D79/><U57/><E57/><V32/><F74/><W62/><G53/><T41/><D41/><U111/><E111/><V109/><F109/><W106/><G42/><T92/><D92/><U114/><E114/><V101/><F77/><W81/><G106/><T85/><D85/><U36/><E36/><V129/><F84/><W44/><G37/><T75/><D75/><U49/><E49/><V135/><F94/><W116/><G51/><T24/><D126/><U27/><E15/><AGARI ba="0,0" hai="14,15,18,23,24,40,45,48" m="42151,49705" machi="15" ten="30,1000,0" yaku="19,1" doraHai="96" who="0" fromWho="1" sc="369,10,204,-10,263,0,164,0" /><INIT seed="2,0,0,1,3,32" ten="379,194,263,164" oya="2" hai0="1,94,43,103,66,37,13,74,38,40,22,106,82" hai1="84,19,28,130,30,75,81,11,102,47,57,71,113" hai2="10,87,59,55,109,100,25,88,29,78,8,2,99" hai3="98,46,41,54,33,63,14,34,72,52,111,95,3"/><V58/><F78/><W131/><G72/><T61/><D106/><U123/><E113/><V112/><F112/><W17/><G111/><T120/><D120/><U44/><E130/><V23/><F109/><W124/><G131/><T129/><D129/><U96/><E123/><V15/><F59/><W116/><G124/><T51/><D1/><U79/><E71/><V16/><F99/><W4/><G116/><T68/><D74/><U122/><E122/><V9/><F100/><W64/><G34/><T35/><D35/><U56/><E75/><V133/><F133/><W70/><G33/><T89/><D82/><U65/><E30/><V127/><F127/><W114/><G4/><T118/><D103/><U125/><E125/><V115/><F2/><W42/><G42/><T50/><D43/><U62/><E57/><V7/><F7/><W20/><G3/><T86/><D118/><U101/><E28/><V97/><F97/><W92/><G92/><T135/><D135/><U0/><E101/><V80/><F115/><W5/><G5/><T134/><D134/><U83/><E83/><V93/><F80/><W132/><G114/><T73/><D73/><U67/><E67/><V90/><F90/><W85/><G85/><T128/><D128/><U69/><E69/><V104/><F104/><W110/><G110/><T24/><D13/><U6/><REACH who="1" step="1"/><E19/><REACH who="1" ten="379,184,263,164" step="2"/><V77/><F77/><W12/><G132/><T117/><D117/><U119/><E119/><V48/><AGARI ba="0,1" hai="8,9,10,15,16,23,25,29,48,55,58,87,88,93" machi="48" ten="20,12000,1" yaku="0,1,7,1,8,1,54,2" doraHai="32" who="2" fromWho="2" sc="379,-40,184,-40,263,130,164,-40" /><INIT seed="2,1,0,0,1,29" ten="339,144,393,124" oya="2" hai0="24,83,114,41,122,128,94,110,126,68,22,59,132" hai1="1,67,129,21,117,99,37,119,43,89,103,100,72" hai2="131,38,82,74,101,55,123,97,64,71,104,48,105" hai3="54,0,7,79,34,49,8,112,76,52,69,19,102"/><V108/><F123/><W61/><G112/><T135/><D68/><U58/><E1/><V51/><F38/><W23/><G102/><T30/><D114/><U87/><E72/><V25/><F105/><W36/><G36/><T60/><D122/><U16/><E129/><V98/><F131/><W134/><G134/><T14/><D128/><U109/><E109/><V13/><F97/><W5/><G34/><T26/><D110/><U10/><E10/><V91/><F13/><W3/><G69/><T35/><D41/><U93/><E43/><V118/><F118/><W84/><G61/><T77/><D14/><U57/><E103/><V15/><F15/><W92/><G23/><T95/><D126/><U4/><E4/><V47/><F51/><W81/><G19/><T125/><D125/><U90/><E89/><V113/><F113/><W9/><G92/><T2/><D2/><U120/><E37/><V50/><F50/><W45/><REACH who="3" step="1"/><G79/><REACH who="3" ten="339,144,393,114" step="2"/><T106/><D106/><U62/><E120/><V32/><F108/><W12/><G12/><T111/><D111/><U27/><REACH who="1" step="1"/><E58/><REACH who="1" ten="339,134,393,114" step="2"/><V127/><F127/><W78/><G78/><T56/><D56/><U70/><E70/><V116/><F116/><W11/><G11/><T42/><D132/><U75/><E75/><V80/><F74/><W86/><G86/><T88/><D135/><U46/><E46/><V6/><F6/><W65/><G65/><T53/><D77/><U44/><E44/><V40/><F47/><W66/><G66/><T17/><D59/><U85/><E85/><V133/><F71/><W73/><G73/><RYUUKYOKU ba="1,2" sc="339,-15,134,15,393,-15,114,15" hai1="16,21,27,57,62,67,87,90,93,99,100,117,119" hai3="0,3,5,7,8,9,45,49,52,54,76,81,84" /><INIT seed="3,2,2,2,0,6" ten="324,149,378,129" oya="3" hai0="120,24,22,128,69,101,7,0,14,18,70,107,88" hai1="99,58,94,78,96,12,108,76,68,114,113,44,60" hai2="64,87,95,65,39,41,79,23,21,121,135,91,124" hai3="19,92,10,130,20,56,34,126,98,4,42,125,106"/><W116/><G116/><T63/><D120/><U2/><E2/><V127/><F121/><W28/><G106/><T52/><D128/><U86/><E108/><V115/><F115/><W89/><G42/><T51/><D0/><U131/><E68/><V104/><F104/><W75/><G75/><T100/><D107/><U59/><E131/><V103/><F135/><W109/><G130/><T27/><D69/><U134/><E134/><V72/><F103/><N who="0" m="39498" /><D63/><U132/><E132/><V31/><F39/><W118/><G118/><T71/><D70/><U29/><E29/><V9/><F41/><W105/><G105/><T53/><D53/><U84/><E60/><V77/><F31/><W33/><G28/><T30/><D71/><U54/><E54/><V67/><F72/><W102/><G102/><T62/><D62/><U55/><E55/><V38/><F38/><W46/><G46/><N who="0" m="27767" /><D7/><U35/><E44/><V123/><F123/><W83/><G56/><T17/><D17/><U81/><E114/><V111/><F111/><W32/><G109/><T8/><D27/><U45/><E113/><V40/><F40/><W48/><G48/><T3/><D3/><U133/><E133/><V73/><F73/><W122/><G122/><T119/><D119/><U112/><E112/><V1/><F1/><N who="3" m="271" /><G83/><T90/><AGARI ba="2,2" hai="8,14,18,22,24,30,88,90" m="27767,39498" machi="90" ten="30,7900,0" yaku="8,1,52,1,54,2" doraHai="6" who="0" fromWho="0" sc="324,105,149,-22,378,-22,129,-41" /><INIT seed="4,0,0,0,4,49" ten="429,127,356,88" oya="0" hai0="132,80,88,42,21,26,5,95,123,131,38,17,0" hai1="23,75,112,28,100,50,4,114,25,124,83,7,20" hai2="67,15,8,19,126,31,73,68,87,27,133,76,106" hai3="40,71,3,32,63,65,89,47,94,104,13,9,121"/><T61/><D123/><U98/><E124/><V53/><F73/><W54/><G121/><T70/><D131/><U109/><E109/><V46/><F106/><W103/><G32/><T97/><D132/><U117/><E117/><V62/><F133/><W115/><G3/><T128/><D128/><U55/><E23/><V122/><F122/><W66/><G115/><N who="1" m="44074" /><E83/><V81/><F126/><W48/><G104/><T24/><D24/><U35/><E75/><V36/><F36/><W57/><G103/><T72/><D0/><U120/><E35/><V64/><F68/><W16/><REACH who="3" step="1"/><G71/><REACH who="3" ten="429,127,356,78" step="2"/><T134/><D134/><U29/><E120/><V37/><F37/><W86/><AGARI ba="0,1" hai="9,13,16,40,47,48,54,57,63,65,66,86,89,94" machi="86" ten="20,12000,2" yaku="1,1,2,1,0,1,7,1,8,1,52,1,54,1,53,0" doraHai="49" doraHaiUra="18" who="3" fromWho="3" sc="429,-60,127,-30,356,-30,78,130" /><INIT seed="5,0,0,1,5,65" ten="369,97,326,208" oya="1" hai0="15,123,54,111,70,4,87,25,6,117,34,56,72" hai1="21,26,13,55,130,83,57,44,113,115,89,98,66" hai2="85,19,116,75,60,47,79,59,109,51,125,45,3" hai3="82,95,31,2,112,43,96,17,63,93,77,28,126"/><U5/><E130/><V24/><F75/><W49/><G2/><T129/><D72/><U20/><E44/><V50/><F116/><W92/><G112/><N who="1" m="43082" /><E66/><V37/><F3/><W36/><G36/><T124/><D117/><U8/><E26/><V78/><F109/><W67/><G126/><T122/><D111/><U94/><E83/><V0/><F0/><W30/><G17/><T10/><D124/><U38/><E38/><V22/><F125/><W131/><G131/><T121/><D129/><U86/><E98/><V69/><F37/><W105/><G105/><T107/><D107/><U110/><E110/><V97/><F97/><W74/><G43/><T14/><D34/><U32/><E32/><V91/><F47/><W62/><G49/><AGARI ba="0,0" hai="5,8,13,20,21,49,55,57,86,89,94" m="43082" machi="49" ten="30,1500,0" yaku="15,1" doraHai="65" who="1" fromWho="3" sc="369,0,97,15,326,0,208,-15" /><INIT seed="5,1,0,5,4,62" ten="369,112,326,193" oya="1" hai0="69,110,22,114,100,105,19,130,133,108,92,89,107" hai1="128,120,73,58,28,65,93,51,26,56,47,61,46" hai2="71,85,96,111,18,87,79,101,104,83,67,91,86" hai3="14,103,82,117,2,80,118,1,6,68,34,119,8"/><U53/><E73/><V112/><F111/><W36/><G36/><T132/><D69/><U64/><E128/><V102/><F112/><W109/><G109/><N who="0" m="42091" /><D114/><U72/><E72/><V31/><F18/><W55/><G34/><T123/><D130/><U57/><E120/><V25/><F101/><W21/><G68/><T135/><D123/><U134/><E134/><V35/><F91/><W88/><G103/><T78/><D78/><U122/><E122/><V44/><F44/><W63/><G21/><T94/><D19/><U50/><E93/><V12/><F12/><W37/><G37/><T54/><D54/><U129/><E129/><V42/><F42/><W74/><G74/><T66/><D22/><N who="1" m="15447" /><E61/><AGARI ba="1,0" hai="25,31,35,61,67,71,79,83,85,86,87,96,102,104" machi="61" ten="40,5200,0" yaku="25,2,52,1" doraHai="62" who="2" fromWho="1" sc="369,0,112,-55,326,55,193,0" /><INIT seed="6,0,0,0,0,56" ten="369,57,381,193" oya="2" hai0="117,54,25,43,86,24,94,59,109,64,4,131,51" hai1="121,98,105,76,113,127,66,3,95,36,23,27,58" hai2="62,77,52,30,28,53,123,120,124,110,65,79,135" hai3="40,90,102,26,37,80,14,75,119,129,130,118,33"/><V126/><F110/><W44/><G14/><T122/><D109/><U60/><E127/><N who="2" m="48683" /><F135/><W108/><G108/><T100/><D122/><N who="2" m="46634" /><F62/><W104/><G90/><T88/><D117/><U134/><E134/><V15/><F15/><W93/><G93/><T2/><D131/><N who="3" m="50185" /><G102/><T46/><D64/><U55/><E113/><V9/><F9/><W6/><G104/><T91/><D100/><U89/><E121/><V111/><F111/><W128/><G6/><T82/><D4/><U17/><E36/><V13/><F13/><W103/><G103/><T16/><D2/><U8/><E105/><V1/><F1/><W73/><G128/><T85/><D16/><U45/><E76/><N who="2" m="29259" /><F65/><W97/><G119/><T87/><D87/><U5/><REACH who="1" step="1"/><E66/><REACH who="1" ten="369,47,381,193" step="2"/><V72/><F72/><W21/><G75/><T11/><D11/><U0/><E0/><V7/><F7/><W70/><G73/><T47/><D47/><AGARI ba="0,1" hai="3,5,8,17,23,27,45,47,55,58,60,89,95,98" machi="47" ten="40,8000,1" yaku="1,1,25,2,52,1,53,0" doraHai="56" doraHaiUra="63" who="1" fromWho="0" sc="369,-80,47,90,381,0,193,0" /><INIT seed="7,0,0,1,3,95" ten="289,137,381,193" oya="3" hai0="75,20,21,4,45,65,85,112,92,115,94,18,134" hai1="10,42,62,77,43,27,84,40,25,23,129,1,113" hai2="101,31,122,70,114,19,52,98,105,116,22,103,66" hai3="125,24,6,61,104,132,118,30,106,99,3,127,96"/><W83/><G118/><T39/><D75/><U51/><E129/><V26/><F116/><W93/><G132/><T130/><D4/><U97/><E113/><V2/><F114/><N who="0" m="43562" /><D130/><U0/><E62/><V133/><F133/><W54/><G83/><T126/><D65/><U57/><E10/><V16/><F103/><W89/><G6/><T82/><D134/><U38/><E38/><V135/><F135/><W60/><G3/><T50/><D39/><U46/><E57/><V79/><F79/><W37/><G37/><T120/><D21/><U28/><E1/><V87/><F87/><W58/><G61/><T59/><D59/><U100/><E0/><V15/><F70/><W29/><G29/><T35/><D35/><U5/><E5/><V78/><F66/><W90/><G90/><N who="0" m="51511" /><D126/><N who="3" m="48137" /><G106/><T7/><D7/><U17/><E84/><V11/><F2/><W91/><G104/><T86/><D86/><U71/><E77/><V41/><F78/><W44/><G91/><T109/><D109/><U107/><REACH who="1" step="1"/><E71/><REACH who="1" ten="289,127,381,193" step="2"/><V67/><F122/><W53/><G58/><T32/><D120/><U36/><E36/><V121/><F121/><W48/><G60/><T128/><D128/><U49/><E49/><V111/><F111/><W108/><G108/><T74/><D74/><U8/><E8/><V81/><F11/><W124/><G124/><T117/><D117/><U9/><E9/><V68/><F68/><W119/><G119/><T14/><D32/><AGARI ba="0,1" hai="17,23,25,27,28,32,40,42,43,46,51,97,100,107" machi="32" ten="30,7700,0" yaku="1,1,7,1,52,1,53,1" doraHai="95" doraHaiUra="13" who="1" fromWho="0" sc="289,-77,127,87,381,0,193,0" owari="212,-19.0,214,1.0,381,49.0,193,-31.0" /></mjloggm>