<mjloggm ver="2.3"><GO type="41" lobby="0"/><UN n0="%E2%93%9D%53%75%70%68%78" n1="%E6%A2%85%E3%81%95%E3%82%93" n2="%E4%BC%8A%E6%B3%A2%E6%9D%8F%E5%A4%9C" n3="%E7%A9%B4%E4%BA%95%E5%A4%95%E5%AD%90%EF%BC%81" dan="16,13,14,14" rate="2091.56,1861.75,1886.38,1860.03" sx="M,M,F,M"/><TAIKYOKU oya="0"/><INIT seed="0,0,0,0,1,98" ten="250,250,250,250" oya="0" hai0="131,24,84,56,126,115,6,91,50,82,78,23,129" hai1="30,15,3,13,1,73,109,14,103,135,117,127,118" hai2="69,58,9,52,54,67,86,112,7,49,0,102,36" hai3="85,121,76,39,100,51,57,12,70,41,37,29,74"/><T92/><D115/><U133/><E73/><V21/><F112/><W25/><G70/><T87/><D6/><U96/><E109/><V63/><F36/><W124/><G121/><T45/><D126/><U72/><E127/><V90/><F21/><W27/><G124/><T65/><D56/><U68/><E72/><V97/><F54/><W108/><G74/><T62/><D62/><U42/><E42/><V18/><F18/><W122/><G76/><T48/><D65/><U110/><E110/><V34/><F34/><W38/><G85/><T105/><D105/><U44/><E30/><V55/><F55/><W134/><G12/><T32/><D32/><U83/><E83/><V113/><F113/><W66/><G122/><T123/><D123/><U59/><E59/><V125/><F125/><W89/><G89/><T120/><D120/><U4/><E44/><V95/><REACH who="2" step="1"/><F86/><REACH who="2" ten="250,250,240,250" step="2"/><W61/><G39/><T53/><REACH who="0" step="1"/><D50/><REACH who="0" ten="240,250,240,250" step="2"/><U26/><E4/><V119/><F119/><N who="1" m="45577" /><E68/><V93/><F93/><W77/><G51/><T81/><D81/><U17/><E17/><AGARI ba="0,2" hai="17,23,24,45,48,53,78,82,84,87,91,92,129,131" machi="17" ten="40,3900,0" yaku="1,1,53,1" doraHai="98" doraHaiUra="88" who="0" fromWho="1" sc="240,59,250,-39,240,0,250,0" /><INIT seed="0,1,0,5,3,108" ten="299,211,240,250" oya="0" hai0="128,42,86,29,102,10,64,124,134,28,39,49,132" hai1="76,12,6,45,70,78,103,46,100,95,73,20,15" hai2="27,47,99,91,112,58,93,54,32,118,61,18,123" hai3="114,38,51,89,0,71,126,55,8,5,11,7,17"/><T44/><D124/><U133/><E70/><V57/><F123/><W63/><G126/><T80/><D128/><U119/><E119/><V83/><F118/><W109/><G109/><T69/><D102/><N who="1" m="38955" /><E73/><V43/><F32/><W131/><G131/><T77/><D39/><U72/><E72/><V1/><F1/><W116/><G116/><T22/><D22/><U115/><E115/><V107/><F107/><W79/><G38/><T2/><D64/><U113/><E113/><V85/><F112/><W41/><G41/><T67/><D67/><U50/><E133/><N who="0" m="51305" /><D69/><U9/><E95/><V30/><F18/><W92/><G79/><N who="1" m="30250" /><E50/><V26/><F30/><W13/><G71/><T75/><D75/><U59/><E59/><V68/><F68/><W88/><G114/><T56/><D56/><U21/><E6/><AGARI ba="1,0" hai="2,6,10,28,29,42,44,49,77,80,86" m="51305" machi="6" ten="30,1500,0" yaku="20,1" doraHai="108" who="0" fromWho="1" sc="299,18,211,-18,240,0,250,0" /><INIT seed="0,2,0,4,0,99" ten="317,193,240,250" oya="0" hai0="51,133,52,66,132,79,135,77,93,58,108,71,28" hai1="91,107,75,43,94,42,127,47,2,134,106,27,15" hai2="113,25,111,41,124,53,130,100,4,109,12,48,85" hai3="119,67,117,30,78,70,22,65,76,19,31,32,11"/><T50/><D28/><U49/><E2/><V69/><F69/><W114/><G11/><T126/><D126/><U9/><E75/><V45/><F113/><W17/><G119/><T6/><D108/><U29/><E127/><V33/><F124/><W96/><G114/><T61/><D6/><U46/><E134/><V105/><F130/><W34/><G96/><T59/><D93/><U20/><E107/><V39/><F85/><W122/><G117/><T0/><D0/><U128/><E106/><V68/><F68/><W56/><G70/><T8/><D8/><U35/><E128/><V14/><F33/><W64/><G56/><T81/><D81/><U24/><E47/><V62/><F62/><W3/><G65/><T73/><D73/><U103/><E43/><V125/><F25/><W72/><G72/><T92/><D92/><U37/><E37/><V95/><F105/><W112/><G3/><T90/><D90/><U80/><E80/><V10/><F125/><W82/><G112/><T87/><D87/><N who="1" m="52607" /><E35/><N who="3" m="13354" /><G122/><T131/><D131/><U57/><E57/><V38/><F38/><W54/><G82/><T129/><D129/><U88/><E27/><V97/><REACH who="2" step="1"/><F14/><REACH who="2" ten="317,193,230,250" step="2"/><W101/><G31/><T16/><D71/><U21/><E15/><V83/><F83/><W118/><G118/><T23/><D51/><U120/><E120/><V104/><F104/><W13/><G13/><AGARI ba="2,1" hai="13,16,23,50,52,58,59,61,66,77,79,132,133,135" machi="13" ten="40,7700,0" yaku="20,1,54,2" doraHai="99" who="0" fromWho="3" sc="317,93,193,0,230,0,250,-83" /><INIT seed="0,3,0,2,1,11" ten="410,193,230,167" oya="0" hai0="13,101,102,20,55,106,49,116,26,45,80,69,16" hai1="123,104,14,57,85,131,52,5,100,33,17,68,61" hai2="18,3,21,115,87,38,124,0,70,67,22,119,135" hai3="65,64,27,32,12,62,41,48,118,133,51,76,54"/><T122/><D116/><U90/><E123/><V127/><F115/><W50/><G118/><T72/><D122/><U36/><E36/><V98/><F119/><W113/><G76/><T39/><D69/><U130/><E33/><V82/><F38/><W30/><G113/><T31/><D106/><U86/><E5/><V23/><F98/><W44/><G133/><T19/><D39/><U97/><E68/><V46/><F135/><W126/><G126/><N who="2" m="48169" /><F46/><W99/><G99/><T117/><D117/><U81/><REACH who="1" step="1"/><E86/><REACH who="1" ten="410,183,230,167" step="2"/><V129/><F70/><W6/><G41/><T74/><D74/><U28/><E28/><V91/><F129/><W9/><REACH who="3" step="1"/><G64/><REACH who="3" ten="410,183,230,157" step="2"/><T7/><D72/><U125/><E125/><V10/><F67/><W83/><G83/><T89/><D80/><U73/><E73/><V120/><F120/><W34/><G34/><T84/><D84/><U60/><E60/><V71/><F71/><AGARI ba="3,2" hai="6,9,12,27,30,32,44,48,50,51,54,62,65,71" machi="71" ten="30,3900,0" yaku="1,1,7,1,52,1,53,0" doraHai="11" doraHaiUra="112" who="3" fromWho="2" sc="410,0,183,0,230,-48,157,68" /><INIT seed="1,0,0,3,2,36" ten="410,183,182,225" oya="1" hai0="9,102,79,61,60,84,131,135,62,43,134,81,108" hai1="15,80,31,121,128,33,129,13,45,0,125,29,70" hai2="12,53,130,99,32,56,85,86,34,119,107,17,41" hai3="58,115,98,116,126,113,92,74,93,42,69,95,88"/><U27/><E121/><V11/><F130/><N who="1" m="50281" /><E70/><V111/><F119/><W54/><G69/><T114/><D108/><U105/><E105/><V73/><F73/><W91/><G116/><T28/><D114/><U55/><E125/><V87/><F111/><W96/><G74/><T46/><D28/><N who="1" m="19615" /><E0/><V78/><F78/><W110/><G110/><T22/><D102/><U94/><E94/><V83/><F83/><W123/><G123/><T23/><D9/><U90/><E90/><V100/><REACH who="2" step="1"/><F41/><REACH who="2" ten="410,183,172,225" step="2"/><W112/><G126/><T35/><D131/><U103/><E80/><V48/><AGARI ba="0,1" hai="11,12,17,32,34,48,53,56,85,86,87,99,100,107" machi="48" ten="30,4000,0" yaku="1,1,2,1,0,1,53,0" doraHai="36" doraHaiUra="132" who="2" fromWho="2" sc="410,-10,183,-20,172,50,225,-10" /><INIT seed="2,0,0,3,4,120" ten="400,163,222,215" oya="2" hai0="36,83,91,50,13,90,125,22,133,97,65,99,4" hai1="84,10,39,14,23,32,30,19,37,17,21,71,101" hai2="63,12,111,128,117,121,89,5,34,44,119,47,73" hai3="59,96,1,18,110,41,48,8,127,16,72,88,93"/><V115/><F121/><W51/><G72/><T55/><D133/><U7/><E71/><V74/><F115/><W123/><G123/><T40/><D36/><U132/><E132/><V126/><F34/><W9/><G127/><T67/><D40/><U100/><E84/><V86/><F128/><W29/><G29/><T104/><D104/><U3/><E19/><N who="3" m="7210" /><G1/><T49/><D22/><U69/><E21/><V131/><F131/><W103/><G110/><T58/><D50/><N who="3" m="18985" /><G41/><T15/><D125/><U46/><E69/><V26/><F126/><W85/><G59/><T54/><D58/><U64/><E64/><V27/><F111/><W6/><G6/><T87/><D49/><U116/><E116/><V124/><F5/><W45/><G45/><T135/><D4/><U60/><E60/><V35/><F124/><W25/><G25/><T79/><D135/><U53/><E39/><V98/><F63/><W105/><G105/><T56/><D56/><U0/><E0/><V114/><F27/><W102/><G96/><T92/><D99/><U77/><E77/><V24/><F98/><W42/><G42/><T66/><REACH who="0" step="1"/><D79/><REACH who="0" ten="390,163,222,215" step="2"/><U107/><E37/><V33/><F33/><W94/><G94/><T134/><D134/><U130/><E46/><V129/><F35/><W61/><G61/><T112/><D112/><U43/><E43/><V78/><F114/><W70/><G70/><T81/><D81/><U122/><E107/><V106/><F106/><W113/><G113/><T62/><D62/><U57/><E130/><V108/><F129/><W75/><G75/><N who="2" m="28681" /><F47/><W95/><G95/><RYUUKYOKU ba="0,1" sc="390,15,163,-15,222,-15,215,15" hai0="13,15,54,55,65,66,67,83,87,90,91,92,97" hai3="8,9,85,88,93,102,103" /><INIT seed="3,1,1,1,3,0" ten="405,148,207,230" oya="3" hai0="69,93,129,122,19,76,96,17,10,92,121,124,116" hai1="90,29,2,130,47,109,58,23,104,85,94,65,97" hai2="74,106,131,110,15,75,13,46,26,44,101,79,31" hai3="48,36,89,66,88,67,3,49,114,12,117,25,105"/><W35/><G117/><T99/><D69/><U83/><E2/><V18/><F131/><W68/><G3/><T51/><D76/><U55/><E130/><V59/><F110/><W41/><G105/><T60/><D129/><U102/><E109/><V134/><F101/><W22/><G114/><T61/><D51/><U24/><E47/><V21/><F106/><W38/><G35/><T126/><REACH who="0" step="1"/><D10/><REACH who="0" ten="395,148,207,230" step="2"/><U112/><E112/><V128/><F79/><W42/><G68/><T120/><D120/><U7/><E7/><V63/><F128/><W71/><G71/><T64/><D64/><U123/><E123/><V6/><F75/><W5/><G5/><T82/><D82/><U98/><E65/><V86/><F74/><W28/><G22/><T70/><D70/><U119/><E119/><AGARI ba="1,2" hai="17,19,60,61,92,93,96,99,116,119,121,122,124,126" machi="119" ten="25,3200,0" yaku="1,1,22,2,53,0" doraHai="0" doraHaiUra="1" who="0" fromWho="1" sc="395,55,148,-35,207,0,230,0" /><INIT seed="4,0,0,0,2,5" ten="450,113,207,230" oya="0" hai0="41,105,126,125,66,114,80,44,34,79,69,102,95" hai1="72,45,22,62,123,4,133,122,111,94,55,96,120" hai2="26,97,37,15,89,56,77,78,28,9,53,12,104" hai3="58,36,46,75,83,109,39,128,103,134,76,54,20"/><T86/><D114/><U31/><E72/><V108/><F37/><W42/><G109/><T115/><D115/><U52/><E111/><V23/><F108/><W113/><G113/><T11/><D34/><U67/><E133/><V64/><F64/><W63/><G134/><T90/><D69/><U8/><E22/><V124/><F124/><W100/><G128/><T7/><D66/><U2/><E31/><V33/><F33/><W6/><G36/><T98/><D44/><U30/><E30/><V51/><F15/><W74/><G74/><N who="0" m="43127" /><D41/><U127/><E127/><V106/><F106/><W3/><G20/><T17/><D17/><U43/><E43/><V118/><F118/><W131/><G131/><T48/><D48/><U25/><E25/><V110/><F110/><W73/><REACH who="3" step="1"/><G75/><REACH who="3" ten="450,113,207,220" step="2"/><T82/><D126/><U71/><REACH who="1" step="1"/><E45/><REACH who="1" ten="450,103,207,220" step="2"/><N who="2" m="27887" /><F23/><W0/><G0/><N who="0" m="487" /><D125/><U14/><E14/><V91/><F12/><W130/><G130/><T47/><D47/><U59/><E59/><V132/><F56/><W93/><G93/><T49/><D95/><U116/><E116/><V16/><F132/><W18/><G18/><T119/><D119/><U70/><E70/><V57/><F16/><W101/><G101/><AGARI ba="0,2" hai="2,4,8,52,55,62,67,71,94,96,101,120,122,123" machi="101" ten="40,5200,0" yaku="1,1,52,1,54,1,53,0" doraHai="5" doraHaiUra="27" who="1" fromWho="3" sc="450,0,103,72,207,0,220,-52" /><INIT seed="5,0,0,4,5,11" ten="450,175,207,168" oya="1" hai0="43,66,13,133,0,68,109,8,114,129,100,7,10" hai1="59,25,122,108,112,115,85,80,96,16,4,33,79" hai2="17,99,70,118,120,131,39,29,77,102,92,116,86" hai3="98,23,74,2,76,21,83,22,72,134,34,103,69"/><U89/><E122/><V32/><F120/><W47/><G134/><T5/><D109/><U97/><E4/><V113/><F70/><W111/><G111/><T130/><D114/><N who="1" m="43563" /><E108/><V110/><F39/><W75/><G69/><T18/><D43/><U9/><E33/><V41/><F41/><W58/><G34/><T94/><D133/><U90/><E59/><V73/><F73/><W105/><G2/><T40/><D40/><U126/><E126/><V49/><F110/><W132/><G132/><T14/><D68/><U55/><E55/><V3/><F3/><W81/><G76/><T60/><D0/><U124/><E124/><V84/><F77/><W78/><G78/><T119/><D119/><U135/><E135/><V19/><F113/><W46/><REACH who="3" step="1"/><G58/><REACH who="3" ten="450,175,207,158" step="2"/><T50/><D130/><U44/><E44/><AGARI ba="0,1" hai="21,22,23,44,46,47,72,74,75,81,83,98,103,105" machi="44" ten="50,3200,0" yaku="1,1,2,1,53,0" doraHai="11" doraHaiUra="117" who="3" fromWho="1" sc="450,0,175,-32,207,0,158,42" /><INIT seed="6,0,0,3,4,3" ten="450,143,207,200" oya="2" hai0="53,57,60,86,26,55,110,51,70,28,38,22,34" hai1="25,128,9,101,75,56,88,66,21,67,130,58,12" hai2="31,7,100,112,33,32,119,2,62,16,15,10,133" hai3="121,116,23,80,114,72,1,76,105,108,96,109,98"/><V131/><F119/><W29/><G29/><T125/><D110/><U39/><E75/><V85/><F131/><N who="1" m="50217" /><E39/><V132/><F100/><W18/><G1/><T104/><D125/><U24/><E101/><V47/><F85/><W42/><G116/><T27/><D104/><U13/><E9/><N who="2" m="2295" /><F62/><W54/><G121/><T118/><D27/><N who="1" m="10315" /><E21/><V117/><F47/><W111/><G105/><T89/><D60/><U14/><E88/><V73/><F73/><W69/><G69/><T36/><D70/><U19/><E19/><V97/><F97/><W107/><G107/><T6/><D118/><U45/><E45/><V95/><F95/><W92/><G42/><T35/><D89/><U17/><E17/><V93/><F93/><W52/><G96/><T74/><D74/><U90/><E90/><V99/><F99/><W81/><G81/><T68/><D86/><U61/><E61/><V46/><F46/><W48/><G18/><T8/><D68/><U103/><E103/><V71/><F71/><W37/><G23/><T59/><D22/><U127/><E127/><V134/><F117/><W124/><G124/><T94/><D94/><U115/><E115/><V49/><F112/><W123/><G114/><T126/><D126/><U4/><E4/><V78/><F78/><W30/><G30/><T40/><D28/><U50/><E50/><V63/><F31/><W84/><G84/><T77/><D77/><U0/><E0/><V135/><N who="2" m="33792" /><DORA hai="122" /><V41/><F63/><W82/><G123/><T113/><D113/><U106/><E106/><V87/><F87/><N who="3" m="48519" /><G98/><T120/><D120/><RYUUKYOKU ba="0,0" sc="450,-15,143,15,207,15,200,-15" hai1="12,13,14,56,58,66,67" hai2="10,15,16,32,33,41,49" /><INIT seed="6,1,0,3,2,123" ten="435,158,222,185" oya="2" hai0="115,88,131,46,87,12,107,125,119,130,54,16,93" hai1="27,9,92,44,68,41,76,4,34,105,33,11,1" hai2="30,117,67,73,62,104,103,74,56,110,23,49,32" hai3="0,20,112,8,53,59,85,31,26,120,22,82,83"/><V81/><F117/><W80/><G120/><T69/><D115/><U134/><E68/><V111/><F32/><W121/><G121/><T64/><D125/><U24/><E105/><V58/><F81/><W86/><G112/><T79/><D107/><U43/><E134/><V40/><F104/><W78/><G0/><T122/><D79/><U57/><E92/><V101/><F23/><W116/><G116/><T21/><D119/><U63/><E76/><V52/><F30/><W55/><G8/><T98/><D122/><U77/><E77/><V127/><F40/><W102/><G102/><N who="2" m="38921" /><F127/><W135/><G135/><T29/><D29/><U7/><E44/><V42/><F42/><W37/><G37/><T99/><D46/><U91/><E91/><V132/><F132/><W25/><G85/><T28/><D28/><U97/><E97/><V15/><F15/><W71/><G71/><T89/><D99/><U17/><E57/><V128/><F128/><W19/><REACH who="3" step="1"/><G55/><REACH who="3" ten="435,158,222,175" step="2"/><T100/><D54/><U38/><E38/><V35/><F35/><N who="1" m="13321" /><E43/><V3/><F3/><W39/><G39/><T66/><D69/><U94/><E41/><V129/><F129/><N who="0" m="49162" /><D100/><U60/><E1/><V108/><AGARI ba="1,1" hai="49,52,56,58,62,67,73,74,108,110,111" m="38921" machi="108" ten="40,12000,1" yaku="10,1,52,3,54,1" doraHai="123" who="2" fromWho="2" sc="435,-41,158,-41,222,133,175,-41" /><INIT seed="6,2,0,2,4,81" ten="394,117,355,134" oya="2" hai0="23,33,31,4,114,16,128,95,119,109,32,103,48" hai1="45,135,6,124,1,12,27,120,108,76,17,134,101" hai2="118,96,53,13,82,30,65,115,84,107,43,35,127" hai3="28,74,77,56,22,70,68,130,86,24,132,105,20"/><V38/><F118/><W37/><G74/><T8/><D109/><U89/><E108/><V75/><F75/><W106/><G37/><T91/><D114/><U47/><E76/><V10/><F127/><W21/><G132/><N who="1" m="50730" /><E101/><V113/><F65/><W46/><G130/><T49/><D31/><U85/><E27/><N who="2" m="18911" /><F53/><W29/><G46/><N who="1" m="17418" /><E124/><V18/><F43/><W122/><G122/><T2/><D103/><U9/><E120/><V110/><F38/><W36/><G36/><T126/><D128/><U19/><E89/><N who="2" m="51351" /><F110/><W7/><G7/><T78/><D4/><U72/><E72/><V63/><F63/><W40/><G40/><T94/><D126/><U14/><E1/><V117/><F117/><W25/><G22/><T55/><D23/><U64/><E64/><V52/><F52/><W41/><G41/><T83/><D55/><U11/><E6/><V131/><F131/><W61/><G70/><T129/><D129/><U90/><E90/><V93/><F107/><W104/><G68/><T71/><D71/><U88/><E88/><V97/><F93/><W58/><G61/><T98/><D95/><U0/><E0/><V121/><F121/><W5/><G5/><T99/><D119/><U116/><E116/><V60/><F60/><W66/><G66/><T80/><D94/><U51/><E51/><V125/><F125/><W44/><G44/><T62/><D62/><U73/><E73/><V112/><AGARI ba="2,0" hai="10,13,18,96,97,112,113,115" m="51351,18911" machi="112" ten="30,3000,0" yaku="15,1,52,1" doraHai="81" who="2" fromWho="2" sc="394,-12,117,-12,355,36,134,-12" /><INIT seed="6,3,0,1,4,77" ten="382,105,391,122" oya="2" hai0="59,106,115,73,14,22,4,69,47,70,66,124,135" hai1="94,56,1,103,112,86,5,38,100,7,107,96,33" hai2="48,84,120,2,21,27,88,78,83,20,13,110,51" hai3="64,55,31,63,36,131,62,39,45,99,57,125,15"/><V114/><F120/><W72/><G72/><T43/><D106/><U82/><E38/><V0/><F114/><W50/><G31/><T52/><D73/><U119/><E33/><V101/><F110/><W67/><G15/><T18/><D115/><U6/><E112/><V25/><F101/><N who="1" m="38985" /><E107/><V71/><F71/><W108/><G99/><T87/><D135/><U53/><E119/><V81/><F13/><W134/><G108/><T54/><D124/><U23/><E23/><N who="2" m="8779" /><F0/><W24/><G24/><N who="2" m="9289" /><F2/><W19/><G19/><T42/><D70/><U79/><E1/><V12/><F12/><W49/><G134/><T127/><D69/><U132/><E132/><V68/><F68/><N who="3" m="42007" /><G131/><T8/><D127/><U118/><E118/><V133/><F133/><W17/><G17/><T76/><D22/><U85/><E85/><AGARI ba="3,0" hai="48,51,78,81,83,84,85,88" m="9289,8779" machi="85" ten="30,11600,0" yaku="8,1,52,2,54,1" doraHai="77" who="2" fromWho="1" sc="382,0,105,-125,391,125,122,0" owari="382,18.0,-20,-52.0,516,62.0,122,-28.0" /></mjloggm>