<mjloggm ver="2.3"><GO type="41" lobby="0"/><UN n0="%E3%81%88%E3%82%93%E3%81%A8%E3%81%A4%40%E5%92%B2%E3%83%81%E3%83%AB" n1="%E9%AD%9A%E6%B0%91%E3%83%B3%E3%82%B4" n2="%E3%81%98%E3%83%BC%E3%82%93%E3%81%9F%E3%83%BC%E3%82%93" n3="%E2%93%9D%53%75%70%68%78" dan="13,14,13,18" rate="1856.17,1899.90,1859.70,2070.02" sx="M,M,M,M"/><TAIKYOKU oya="0"/><INIT seed="0,0,0,5,0,47" ten="250,250,250,250" oya="0" hai0="78,16,69,56,122,57,54,104,99,75,120,24,29" hai1="7,102,17,125,3,114,36,68,8,110,9,84,12" hai2="81,27,2,51,101,93,131,94,106,117,43,109,73" hai3="134,115,45,50,97,1,123,60,71,105,23,44,30"/><T86/><D69/><U74/><E74/><V85/><F2/><W33/><G115/><T126/><D126/><U95/><E36/><V46/><F109/><W87/><G1/><T10/><D75/><U39/><E39/><V72/><F131/><W118/><G134/><T25/><D57/><U61/><E110/><V20/><F117/><W133/><G33/><T63/><D104/><U28/><E125/><V62/><F106/><W132/><G87/><T119/><D119/><U41/><E41/><V37/><F37/><W4/><G4/><T89/><D78/><U66/><E114/><V103/><F62/><W5/><G5/><T88/><D89/><U124/><E124/><V113/><F113/><W35/><G35/><T107/><D107/><U82/><E28/><V67/><F67/><W80/><G123/><T135/><D99/><U34/><E34/><V49/><F73/><W11/><G133/><T129/><D129/><U128/><E128/><V111/><F72/><W77/><G132/><T100/><D100/><U112/><E112/><V79/><F111/><W70/><G70/><T48/><D135/><U92/><REACH who="1" step="1"/><E102/><REACH who="1" ten="250,240,250,250" step="2"/><V38/><F103/><W121/><G118/><T64/><D120/><U13/><E13/><V52/><F101/><W53/><G121/><T65/><D29/><U116/><E116/><V19/><F38/><W96/><G30/><T22/><D122/><U83/><E83/><V55/><REACH who="2" step="1"/><F43/><REACH who="2" ten="250,240,240,250" step="2"/><W127/><G127/><T21/><D10/><U108/><E108/><V91/><F91/><AGARI ba="0,2" hai="3,7,8,9,12,17,61,66,68,82,84,91,92,95" machi="91" ten="30,3900,0" yaku="1,1,7,1,53,1" doraHai="47" doraHaiUra="0" who="1" fromWho="2" sc="250,0,240,59,240,-39,250,0" /><INIT seed="1,0,0,4,5,39" ten="250,299,201,250" oya="1" hai0="74,57,17,102,110,130,80,47,35,38,46,126,3" hai1="75,133,99,22,94,18,25,66,26,135,107,23,101" hai2="44,113,13,5,45,120,27,118,76,0,34,68,95" hai3="87,86,82,67,33,51,6,10,4,132,9,116,37"/><U12/><E75/><V42/><F118/><W96/><G37/><T59/><D110/><U121/><E121/><V122/><F68/><W117/><G33/><T85/><D130/><U125/><E125/><V70/><F70/><W114/><G96/><T115/><D126/><U65/><E107/><V69/><F69/><W30/><G30/><T106/><D38/><U21/><E65/><V62/><F0/><W19/><G19/><T41/><D35/><U128/><E66/><V60/><F45/><W63/><G51/><T28/><D17/><U2/><E2/><V32/><F113/><W131/><G132/><N who="1" m="50762" /><E128/><V61/><F120/><W16/><G114/><T90/><D3/><U55/><E55/><V1/><F1/><W43/><G67/><T53/><D53/><U84/><E84/><V64/><F64/><W72/><G87/><T11/><D115/><U24/><AGARI ba="0,0" hai="12,18,21,22,23,24,25,26,94,99,101" m="50762" machi="24" ten="30,1500,0" yaku="20,1" doraHai="39" who="1" fromWho="1" sc="250,-5,299,15,201,-5,250,-5" /><INIT seed="1,1,0,1,1,76" ten="245,314,196,245" oya="1" hai0="77,12,41,108,26,95,64,127,33,92,91,62,18" hai1="123,65,87,114,7,90,101,36,131,6,67,56,133" hai2="28,117,79,54,78,74,82,60,80,48,126,115,110" hai3="20,111,66,29,50,3,104,23,9,17,32,30,94"/><U38/><E123/><V55/><F117/><W51/><G104/><T84/><D127/><U68/><E114/><V58/><F110/><W73/><G73/><T44/><D108/><U81/><E68/><V35/><F126/><W4/><G66/><T112/><D112/><U40/><E133/><V24/><F115/><W106/><G106/><T15/><D77/><U83/><E131/><V113/><F113/><W132/><G51/><T0/><D0/><U120/><E120/><V125/><F125/><W128/><G94/><T2/><D2/><U27/><E101/><V89/><F89/><W46/><G50/><T107/><D107/><U43/><E27/><V1/><F1/><W130/><G46/><T16/><D95/><U122/><E90/><V59/><F60/><W96/><G96/><T98/><D98/><U19/><E122/><V14/><F14/><N who="3" m="9271" /><G111/><T37/><D33/><U61/><E19/><V70/><F70/><W88/><G88/><T22/><REACH who="0" step="1"/><D18/><REACH who="0" ten="235,314,196,245" step="2"/><U57/><E87/><V47/><REACH who="2" step="1"/><F54/><REACH who="2" ten="235,314,186,245" step="2"/><W72/><G130/><T31/><D31/><U11/><E61/><V10/><F10/><AGARI ba="1,2" hai="6,7,10,11,36,38,40,43,56,57,65,67,81,83" machi="10" ten="25,9600,0" yaku="22,2,52,2" doraHai="76" who="1" fromWho="2" sc="235,0,314,119,186,-99,245,0" /><INIT seed="1,2,0,3,5,21" ten="235,433,87,245" oya="1" hai0="77,50,0,93,99,133,62,82,64,108,22,48,16" hai1="114,90,86,130,30,109,10,92,17,66,19,36,26" hai2="31,43,38,115,33,110,4,1,47,72,75,60,119" hai3="57,53,120,23,7,134,5,104,128,2,101,79,29"/><U96/><E114/><V112/><F60/><W97/><G120/><T107/><D108/><U18/><E36/><V129/><F110/><W56/><G128/><T126/><D126/><U125/><E109/><V61/><F129/><W132/><G79/><T88/><D133/><N who="3" m="51305" /><G2/><T28/><D28/><U95/><E130/><V91/><F91/><W12/><G57/><T103/><D0/><U74/><E74/><N who="2" m="28203" /><F61/><N who="3" m="35983" /><G29/><T122/><D122/><U135/><E135/><V73/><F119/><W14/><G23/><T111/><D111/><U98/><E125/><V58/><F58/><W55/><G55/><T121/><D121/><U45/><E45/><V41/><F41/><W105/><G105/><T25/><D107/><U40/><E40/><V102/><F102/><W9/><G14/><T85/><D103/><U59/><E10/><N who="2" m="2319" /><F73/><W11/><G11/><T78/><REACH who="0" step="1"/><D77/><REACH who="0" ten="225,433,87,245" step="2"/><U100/><E30/><V27/><AGARI ba="2,1" hai="27,31,33,38,43,47,112,115" m="2319,28203" machi="27" ten="30,2000,0" yaku="23,1,52,1" doraHai="21" who="2" fromWho="2" sc="225,-7,433,-12,87,36,245,-7" /><INIT seed="2,0,0,0,5,45" ten="218,421,123,238" oya="2" hai0="66,33,20,12,32,56,93,96,102,88,54,53,15" hai1="63,0,3,29,6,114,27,14,135,133,103,50,55" hai2="116,125,128,42,5,134,112,65,19,44,4,18,123" hai3="52,100,117,130,91,83,39,48,57,92,108,132,120"/><V24/><F65/><W86/><G108/><T121/><D121/><U76/><E114/><V22/><F44/><W110/><G110/><T25/><D33/><U82/><E103/><V60/><F60/><W98/><G130/><T97/><D32/><U13/><E63/><V84/><F84/><W10/><G132/><N who="1" m="50762" /><E6/><N who="2" m="2667" /><F42/><W16/><G120/><T7/><D7/><U111/><E111/><V79/><F79/><W46/><G117/><T62/><D97/><U78/><E3/><V101/><F101/><W69/><G69/><T40/><D40/><U119/><E78/><V2/><F123/><W95/><G39/><T81/><D81/><U26/><E26/><N who="2" m="14679" /><F112/><W129/><G129/><T28/><D102/><U90/><E90/><V41/><F41/><W30/><G57/><T8/><REACH who="0" step="1"/><D15/><REACH who="0" ten="208,421,123,238" step="2"/><U89/><E14/><V21/><F116/><W1/><G1/><T71/><D71/><U104/><E13/><V94/><F2/><W23/><G10/><T127/><D127/><U99/><E0/><V61/><F125/><W77/><G100/><T64/><D64/><U11/><E99/><V70/><F70/><W47/><G98/><T9/><D9/><U118/><E11/><V115/><F115/><W35/><G83/><T37/><D37/><U107/><E82/><V126/><F126/><W106/><G95/><T105/><D105/><U67/><E104/><V80/><F80/><W73/><G106/><T74/><D74/><U43/><E107/><V49/><F94/><W31/><G92/><T59/><D59/><U113/><E119/><V36/><F36/><W34/><G73/><RYUUKYOKU ba="0,1" sc="208,30,421,-10,123,-10,238,-10" hai0="8,12,20,25,28,53,54,56,62,66,88,93,96" /><INIT seed="3,1,1,2,4,104" ten="238,411,113,228" oya="3" hai0="34,111,19,62,17,68,93,120,12,84,118,25,130" hai1="129,58,35,103,67,102,70,94,105,116,112,37,131" hai2="49,32,1,106,27,61,60,121,46,48,89,3,65" hai3="97,71,83,21,109,10,134,36,33,30,57,135,85"/><W132/><G71/><T125/><D111/><U82/><E35/><V38/><F106/><W14/><G36/><T40/><D130/><N who="1" m="49675" /><E37/><V90/><F38/><W5/><G109/><T59/><D125/><U123/><E105/><V96/><F49/><W44/><G97/><T22/><D34/><U26/><E112/><V56/><F61/><W51/><G33/><T117/><D68/><U31/><E70/><V53/><F121/><W64/><G30/><T92/><D40/><U80/><E116/><V86/><F96/><W110/><G21/><T50/><D120/><U18/><E18/><V115/><F115/><W124/><G124/><T63/><D117/><U42/><E42/><V107/><F107/><W101/><G101/><T128/><D128/><U43/><E43/><V55/><F90/><W79/><G110/><T77/><D118/><U127/><E127/><V74/><F74/><W0/><G57/><T23/><D93/><U20/><E123/><V98/><F98/><W76/><G64/><T41/><D41/><U78/><E78/><V13/><F13/><W100/><G100/><N who="1" m="38442" /><E94/><V9/><F53/><N who="3" m="29927" /><G79/><T114/><D114/><U122/><E122/><V11/><F11/><W8/><G8/><T15/><D77/><U108/><E108/><V73/><F9/><W28/><G28/><T133/><D92/><U87/><E87/><V7/><F73/><W29/><G29/><T4/><D84/><U16/><E31/><V113/><F113/><W69/><G69/><T119/><D119/><U88/><E88/><V6/><F89/><W47/><G47/><T39/><D39/><RYUUKYOKU ba="1,1" sc="238,-15,411,15,113,-15,228,15" hai1="16,20,26,58,67,80,82" hai3="0,5,10,14,76,83,85,132,134,135" /><INIT seed="3,2,1,3,5,41" ten="223,426,98,243" oya="3" hai0="93,88,100,119,55,17,38,19,0,25,83,48,2" hai1="77,84,117,78,12,33,73,4,13,129,23,113,70" hai2="52,112,20,45,29,106,30,87,105,123,50,35,54" hai3="7,68,40,121,44,82,111,22,115,130,124,27,65"/><W59/><G115/><T51/><D38/><U95/><E70/><V94/><F112/><W98/><G121/><T103/><D25/><U6/><E33/><V134/><F35/><W96/><G68/><T66/><D66/><U132/><E73/><V72/><F72/><W21/><G130/><T62/><D62/><U75/><E75/><V109/><F109/><W36/><G124/><T56/><D83/><U5/><E113/><V18/><F123/><W71/><G22/><T131/><D131/><U118/><E23/><V79/><F106/><W32/><G32/><T97/><D2/><U108/><E108/><V46/><F105/><W39/><G71/><T91/><D0/><U99/><E129/><V120/><F120/><W28/><G39/><T80/><D119/><U60/><E60/><V47/><F134/><W85/><G7/><T116/><D116/><U58/><E132/><V14/><F79/><W8/><G8/><T15/><D51/><U26/><E26/><V37/><F37/><W43/><G43/><T11/><D19/><U110/><E110/><V92/><F92/><W31/><G31/><N who="2" m="11785" /><F54/><W125/><G125/><T9/><D9/><U122/><E95/><V90/><AGARI ba="2,1" hai="14,18,20,45,46,47,50,52,87,90,94" m="11785" machi="90" ten="30,8000,1" yaku="8,1,52,3,54,1" doraHai="41" who="2" fromWho="2" sc="223,-22,426,-22,98,96,243,-42" /><INIT seed="4,0,0,1,4,24" ten="201,404,194,201" oya="0" hai0="66,121,14,43,37,11,59,25,61,18,2,20,81" hai1="42,118,119,133,41,117,124,104,128,60,10,65,115" hai2="16,74,77,101,123,87,46,92,105,103,129,97,71" hai3="130,83,39,15,62,110,12,19,107,100,134,80,45"/><T131/><D131/><U63/><E104/><N who="2" m="63535" /><F16/><W57/><G110/><T1/><D121/><U9/><E128/><V29/><F29/><W21/><G130/><T102/><D102/><U47/><E115/><V76/><F46/><W135/><G100/><T4/><REACH who="0" step="1"/><D81/><REACH who="0" ten="191,404,194,201" step="2"/><U5/><E119/><V68/><F123/><W26/><G83/><T116/><D116/><U51/><E118/><V89/><F129/><W120/><G120/><T54/><D54/><U52/><E52/><V99/><F68/><W75/><G80/><T8/><D8/><U109/><E10/><V13/><F71/><W53/><G107/><T93/><D93/><U36/><E9/><V50/><F92/><W35/><G75/><T27/><D27/><U40/><E117/><V78/><F74/><W96/><G26/><T49/><D49/><U22/><E51/><V48/><F50/><W95/><G95/><T23/><D23/><U44/><E22/><V38/><F48/><W113/><G21/><T112/><D112/><U58/><E41/><V72/><F72/><W70/><G113/><T73/><D73/><U90/><E42/><V31/><F103/><W114/><G114/><T82/><D82/><U98/><E40/><V6/><F105/><W79/><G53/><T17/><D17/><U30/><E109/><V111/><F111/><W3/><G19/><T0/><D0/><U91/><E36/><V55/><F38/><W122/><G39/><T67/><D67/><U126/><E65/><V69/><F55/><W108/><G108/><T33/><D33/><U86/><E5/><V106/><F6/><RYUUKYOKU ba="0,1" sc="191,30,404,-10,194,-10,201,-10" hai0="1,2,4,11,14,18,20,25,37,43,59,61,66" /><INIT seed="4,1,1,4,5,26" ten="221,394,184,191" oya="0" hai0="52,84,5,80,87,129,86,118,131,94,1,133,79" hai1="96,11,105,36,81,76,16,68,104,3,4,102,64" hai2="27,42,44,71,51,55,22,2,90,39,24,124,83" hai3="6,47,8,62,14,97,57,128,119,40,58,46,123"/><T32/><D32/><U25/><E36/><V33/><F2/><W130/><G119/><T111/><D5/><U61/><E25/><V19/><F71/><W99/><G58/><T60/><D118/><U69/><E16/><V54/><F124/><W20/><G47/><T120/><D120/><U70/><REACH who="1" step="1"/><E105/><REACH who="1" ten="221,384,184,191" step="2"/><V17/><F17/><W77/><G123/><T18/><D18/><U135/><E135/><V113/><F19/><W63/><G130/><T74/><D133/><U75/><AGARI ba="1,2" hai="3,4,11,61,64,68,69,70,75,76,81,96,102,104" machi="75" ten="20,12000,2" yaku="1,1,0,1,7,1,33,3,53,0" doraHai="26" doraHaiUra="12" who="1" fromWho="1" sc="221,-61,384,143,184,-31,191,-31" /><INIT seed="5,0,0,2,0,32" ten="160,527,153,160" oya="1" hai0="96,84,135,78,38,134,22,72,39,7,46,58,47" hai1="6,25,75,34,31,20,4,106,129,48,57,59,121" hai2="17,67,14,36,30,82,132,87,102,19,1,28,108" hai3="119,124,16,35,18,3,80,21,130,99,116,95,2"/><U66/><E121/><V109/><F36/><W15/><G35/><T53/><D7/><U111/><E111/><V113/><F67/><W94/><G130/><T107/><D107/><U117/><E117/><N who="3" m="45130" /><G124/><T68/><D22/><U93/><E106/><V62/><F62/><W43/><G43/><T13/><D13/><U51/><E75/><V120/><F102/><N who="3" m="60791" /><G80/><N who="0" m="47127" /><D96/><U83/><E34/><V0/><F87/><W8/><G95/><T44/><D72/><U77/><E93/><V104/><F82/><W76/><G76/><T64/><D68/><U98/><E98/><V9/><F104/><W89/><G89/><T127/><D64/><U52/><E129/><V56/><F56/><W10/><G10/><T27/><D27/><AGARI ba="0,0" hai="2,3,8,15,16,18,21,27" m="60791,45130" machi="27" ten="30,7700,0" yaku="12,1,52,2,54,1" doraHai="32" who="3" fromWho="0" sc="160,-77,527,0,153,0,160,77" /><INIT seed="6,0,0,0,4,112" ten="83,527,153,237" oya="2" hai0="120,36,6,93,21,104,92,2,49,30,113,83,65" hai1="128,107,68,135,95,102,62,134,80,34,122,96,103" hai2="121,39,29,111,66,71,53,26,119,115,50,14,64" hai3="16,59,0,89,133,54,15,130,67,85,86,33,82"/><V43/><F14/><W52/><G33/><T116/><D113/><U73/><E34/><V38/><F26/><W108/><G108/><T76/><D36/><N who="2" m="13866" /><F29/><W131/><G133/><N who="1" m="50698" /><E128/><N who="3" m="49194" /><G0/><T18/><D120/><U125/><E125/><V105/><F105/><W42/><G42/><T8/><D104/><U79/><E122/><V98/><F98/><W87/><G67/><N who="2" m="25641" /><F121/><W106/><G54/><T28/><D65/><N who="1" m="41015" /><E107/><V110/><F115/><W61/><G106/><T58/><D30/><U19/><E19/><V123/><F123/><W3/><G3/><T88/><D28/><U9/><E9/><AGARI ba="0,0" hai="9,15,16,52,59,61,82,85,86,87,89" m="49194" machi="9" ten="30,3900,0" yaku="19,1,54,2" doraHai="112" who="3" fromWho="1" sc="83,0,527,-39,153,0,237,39" /><INIT seed="7,0,0,4,0,50" ten="83,488,153,276" oya="3" hai0="49,76,75,9,46,36,51,99,11,18,74,105,62" hai1="88,79,114,72,89,21,83,77,130,102,98,41,10" hai2="52,42,61,134,91,28,48,126,94,38,8,24,84" hai3="54,31,71,53,19,96,22,56,44,118,14,64,120"/><W33/><G120/><T109/><D109/><U93/><E114/><V97/><F126/><W92/><G118/><T39/><D76/><U108/><E108/><V37/><F134/><W70/><G33/><T4/><D62/><U58/><E130/><V20/><F8/><W45/><G71/><T47/><D18/><U86/><E41/><V55/><F42/><W13/><G70/><T65/><D65/><U100/><E10/><V32/><F32/><W17/><G31/><T59/><D59/><U107/><E21/><V2/><F2/><W30/><G30/><T124/><D124/><U80/><E58/><V81/><F61/><N who="3" m="37927" /><G45/><T26/><D26/><U112/><E112/><V121/><F121/><W73/><G73/><T95/><D95/><U119/><E119/><V87/><F87/><W82/><G82/><T101/><D99/><AGARI ba="0,0" hai="72,77,79,80,83,86,88,89,93,98,99,100,102,107" machi="99" ten="40,12000,2" yaku="35,6,54,1" doraHai="50" who="1" fromWho="0" sc="83,-120,488,120,153,0,276,0" owari="-37,-54.0,608,71.0,153,-25.0,276,8.0" /></mjloggm>