<mjloggm ver="2.3"><GO type="41" lobby="0"/><UN n0="%73%68%69%6D%6F%71" n1="%E2%93%9D%53%75%70%68%78" n2="%E3%81%A1%E3%82%87%E3%83%9E%E3%83%86%E3%82%AA" n3="%EF%BC%B3%EF%BC%A9%EF%BC%AE%EF%BC%AF" dan="14,18,14,15" rate="1970.53,2131.93,1921.95,2036.72" sx="M,M,M,M"/><TAIKYOKU oya="0"/><INIT seed="0,0,0,4,2,3" ten="250,250,250,250" oya="0" hai0="47,52,127,17,8,132,57,14,119,133,69,6,60" hai1="54,109,62,100,82,131,48,37,102,128,111,32,81" hai2="105,33,2,34,98,134,88,117,125,9,30,74,123" hai3="25,104,26,7,101,77,93,96,39,20,12,5,56"/><T71/><D47/><U68/><E32/><V113/><RYUUKYOKU type="yao9" ba="0,0" sc="250,0,250,0,250,0,250,0" hai2="2,9,30,33,34,74,88,98,105,113,117,123,125,134" /><INIT seed="0,1,0,1,1,73" ten="250,250,250,250" oya="0" hai0="113,46,67,119,77,58,12,84,124,35,9,23,4" hai1="105,112,7,13,114,72,34,82,60,57,79,65,132" hai2="15,18,63,61,54,104,25,122,71,110,3,45,111" hai3="30,89,8,0,118,42,38,36,100,97,68,44,129"/><T33/><D33/><U37/><E132/><V99/><F122/><W51/><G118/><T90/><D35/><U20/><E105/><V81/><F3/><W22/><G129/><T115/><D119/><U86/><E37/><V29/><F45/><W52/><G68/><T131/><D124/><U98/><E98/><V103/><F54/><W17/><G30/><T14/><D131/><U92/><E34/><V101/><F101/><W133/><G133/><T75/><D75/><U128/><E128/><V70/><F63/><W125/><G89/><T11/><D23/><U64/><E64/><V53/><F53/><W120/><G120/><T27/><D27/><U121/><E121/><V108/><F81/><W135/><G125/><T134/><D134/><U93/><E72/><V5/><F5/><W24/><G42/><T95/><D46/><U62/><E62/><V32/><REACH who="2" step="1"/><F61/><REACH who="2" ten="250,250,240,250" step="2"/><W16/><G135/><T59/><D67/><U91/><E7/><V19/><F19/><W43/><G43/><T102/><D102/><U41/><E41/><V83/><F83/><W123/><G123/><T56/><D113/><N who="1" m="43627" /><E91/><V107/><F107/><W50/><G50/><T106/><D106/><U94/><E94/><V109/><N who="2" m="27648" /><DORA hai="85" /><V126/><F126/><W127/><G127/><T66/><D66/><U26/><E93/><V2/><F2/><W21/><G0/><T80/><D115/><U76/><E92/><V78/><F78/><W6/><G6/><N who="0" m="3127" /><D95/><U1/><E1/><V130/><F130/><W88/><G100/><T10/><D10/><AGARI ba="1,1" hai="10,15,18,25,29,32,70,71,99,103,104" m="27648" machi="10" ten="70,4500,0" yaku="1,1,14,1,53,0" doraHai="73,85" doraHaiUra="87,40" who="2" fromWho="0" sc="250,-48,250,0,240,58,250,0" /><INIT seed="1,0,0,0,4,22" ten="202,250,298,250" oya="1" hai0="104,112,92,63,116,68,94,53,67,108,47,42,85" hai1="51,36,131,91,34,46,89,41,79,117,77,24,95" hai2="96,33,35,128,55,49,30,21,61,106,80,20,45" hai3="123,23,5,15,74,103,135,13,107,14,58,17,127"/><U129/><E117/><V2/><F128/><N who="1" m="49225" /><E36/><V18/><F2/><W75/><G123/><T110/><D104/><U93/><E93/><V28/><F35/><W16/><G127/><T26/><D116/><U48/><E48/><V118/><F33/><W88/><G135/><T121/><D112/><U54/><E54/><V105/><F118/><W126/><G126/><T60/><D121/><U70/><E70/><V50/><F80/><W31/><G5/><T25/><D53/><U0/><E0/><V81/><F81/><W72/><G58/><T52/><D52/><N who="1" m="29815" /><E91/><V99/><F55/><W120/><G120/><T27/><D60/><U71/><E41/><V125/><F125/><W78/><G78/><T59/><D68/><U97/><E71/><V114/><F45/><W102/><G88/><T6/><D6/><U111/><E111/><N who="0" m="42537" /><D85/><U44/><E44/><V87/><F87/><W132/><G132/><T124/><D124/><U29/><AGARI ba="0,0" hai="24,29,34,77,79,89,95,97" m="29815,49225" machi="29" ten="30,6000,0" yaku="19,1,52,1,54,1" doraHai="22" who="1" fromWho="1" sc="202,-20,250,60,298,-20,250,-20" /><INIT seed="1,1,0,4,0,117" ten="182,310,278,230" oya="1" hai0="129,32,48,134,63,105,67,50,84,16,1,86,90" hai1="103,131,12,102,9,27,25,31,58,30,135,18,85" hai2="88,43,26,65,59,28,0,120,95,55,52,92,5" hai3="2,100,61,49,73,116,51,35,70,56,91,40,74"/><U125/><E131/><V29/><F0/><W94/><G116/><T111/><D1/><U44/><E125/><V54/><F5/><W127/><G127/><T82/><D32/><U19/><E135/><V97/><F43/><W112/><G112/><T68/><D134/><U133/><E133/><V71/><F120/><W98/><G35/><T93/><D105/><U38/><E38/><V72/><F72/><W75/><G70/><T33/><D33/><U118/><E44/><V83/><F83/><W45/><G2/><T101/><D129/><U24/><E118/><V60/><F95/><W3/><G3/><T115/><D115/><U21/><E58/><V99/><F99/><W124/><G124/><T107/><D107/><U10/><E85/><V89/><F89/><W80/><G80/><T121/><D101/><N who="1" m="38411" /><E19/><V132/><F132/><W109/><G100/><T128/><D128/><U11/><AGARI ba="1,0" hai="9,10,11,12,18,21,24,25,27,30,31" m="38411" machi="11" ten="40,2100,0" yaku="8,1" doraHai="117" who="1" fromWho="1" sc="182,-8,310,24,278,-8,230,-8" /><INIT seed="1,2,0,3,0,116" ten="174,334,270,222" oya="1" hai0="89,91,72,34,44,20,122,85,112,111,70,127,58" hai1="10,38,100,11,53,107,13,104,35,121,105,67,39" hai2="83,102,24,114,26,119,130,129,2,68,50,15,28" hai3="88,27,94,86,75,46,32,90,52,128,115,97,49"/><U124/><E100/><V19/><F119/><W80/><G128/><T1/><D58/><U79/><E35/><V76/><F68/><W42/><G115/><T117/><D44/><U109/><E79/><V118/><F118/><W57/><G75/><T8/><D20/><U41/><E67/><V62/><F2/><W3/><G3/><T81/><D85/><U120/><E41/><V135/><F135/><W133/><G133/><T14/><D14/><U132/><E132/><V92/><F62/><W74/><G74/><T30/><D81/><U60/><E124/><V82/><F114/><W59/><REACH who="3" step="1"/><G42/><REACH who="3" ten="174,334,270,212" step="2"/><T87/><D72/><U22/><E109/><V61/><F130/><W31/><AGARI ba="2,1" hai="27,31,32,46,49,52,57,59,80,86,88,90,94,97" machi="31" ten="30,12000,2" yaku="1,1,2,1,0,1,54,2,53,1" doraHai="116" doraHaiUra="25" who="3" fromWho="3" sc="174,-32,334,-62,270,-32,212,136" /><INIT seed="2,0,0,5,4,83" ten="142,272,238,348" oya="2" hai0="14,38,29,8,63,26,89,130,24,25,68,72,134" hai1="86,110,128,117,27,109,48,2,132,9,10,95,87" hai2="23,94,51,96,46,81,121,4,67,75,6,105,5" hai3="125,58,107,113,13,36,3,70,31,16,100,97,120"/><V103/><F121/><W123/><G70/><T115/><D38/><U7/><E117/><V19/><F67/><W114/><G36/><T76/><D115/><N who="3" m="44041" /><G125/><T33/><D76/><U21/><E132/><V108/><F108/><N who="1" m="41577" /><E128/><V30/><F30/><W55/><G3/><T39/><D72/><U98/><E10/><V49/><F105/><W101/><G101/><T69/><D39/><U40/><E48/><V116/><F116/><W102/><G102/><T50/><D134/><U133/><E40/><V80/><F75/><W66/><G31/><T84/><D130/><U74/><E74/><V22/><F51/><N who="3" m="31103" /><G66/><T91/><D68/><U44/><E44/><V45/><F46/><W124/><G124/><T82/><D69/><U59/><E59/><V106/><F106/><W15/><G15/><T54/><D63/><U111/><E133/><V104/><F104/><W11/><AGARI ba="0,0" hai="11,13,16,97,100,107,120,123" m="31103,44041" machi="11" ten="30,2000,0" yaku="11,1,54,1" doraHai="83" who="3" fromWho="3" sc="142,-5,272,-5,238,-10,348,20" /><INIT seed="3,0,0,0,5,124" ten="137,267,228,368" oya="3" hai0="99,1,98,12,82,134,102,59,69,116,41,117,81" hai1="68,106,70,96,37,49,135,27,45,122,32,83,114" hai2="3,43,113,47,15,74,2,16,127,111,84,0,19" hai3="22,17,128,62,65,46,50,11,54,89,105,61,52"/><W103/><G128/><T104/><D69/><U118/><E122/><V121/><F113/><W28/><G28/><T34/><D1/><U75/><E49/><V7/><F74/><W9/><G54/><T20/><D34/><U30/><E135/><V77/><F111/><W73/><G73/><T71/><D71/><U119/><E114/><V39/><F127/><W107/><G62/><T23/><D134/><U6/><E6/><V78/><F121/><W79/><G79/><T129/><D41/><N who="1" m="22703" /><E96/><V112/><F112/><W109/><G109/><T91/><D59/><U42/><E106/><V76/><F7/><W55/><G55/><T64/><D64/><U130/><E42/><V35/><F35/><W87/><G103/><T40/><D40/><U29/><E29/><V53/><F53/><W110/><G105/><T44/><D44/><U24/><E24/><V131/><F84/><W72/><G72/><T92/><D20/><U93/><E93/><V95/><F95/><W36/><G107/><T132/><D132/><U108/><E130/><V38/><F38/><W48/><G48/><T94/><D104/><U4/><E108/><V51/><F39/><W57/><G36/><T80/><REACH who="0" step="1"/><D129/><REACH who="0" ten="127,267,228,368" step="2"/><U63/><E70/><V18/><REACH who="2" step="1"/><F131/><REACH who="2" ten="127,267,218,368" step="2"/><W14/><REACH who="3" step="1"/><G110/><REACH who="3" ten="127,267,218,358" step="2"/><T90/><D90/><U21/><E32/><V66/><F66/><W97/><G97/><T56/><D56/><U31/><E68/><V101/><F101/><W120/><G120/><T25/><D25/><U13/><E27/><V67/><F67/><W5/><G5/><T86/><D86/><U33/><E75/><RYUUKYOKU ba="0,3" sc="127,10,267,-30,218,10,358,10" hai0="12,23,80,81,82,91,92,94,98,99,102,116,117" hai2="0,2,3,15,16,18,19,43,47,51,76,77,78" hai3="9,11,14,17,22,46,50,52,57,61,65,87,89" /><INIT seed="3,1,3,0,1,39" ten="137,237,228,368" oya="3" hai0="38,91,0,60,87,129,20,100,117,105,64,63,19" hai1="135,55,86,72,15,10,71,30,3,82,74,131,6" hai2="133,110,34,80,47,94,134,45,2,32,26,116,111" hai3="126,102,70,98,8,83,128,106,16,107,125,93,73"/><W21/><G70/><T11/><D38/><U76/><E131/><V109/><F116/><W79/><G8/><T1/><D117/><U31/><E135/><N who="2" m="51723" /><F2/><W112/><G112/><T84/><D129/><U41/><E71/><V67/><F80/><W113/><G113/><T46/><D105/><U36/><E55/><V104/><F104/><W108/><G128/><T101/><D46/><N who="2" m="17418" /><F26/><N who="3" m="14631" /><G108/><T68/><D0/><U50/><E36/><V24/><F24/><W44/><G44/><T90/><D1/><U23/><E3/><V29/><F29/><W81/><G83/><T99/><D11/><U66/><E31/><V96/><F67/><W89/><G89/><AGARI ba="1,3" hai="32,34,89,94,96,109,110,111" m="17418,51723" machi="89" ten="40,2600,0" yaku="14,1,20,1" doraHai="39" who="2" fromWho="3" sc="137,0,237,0,228,59,368,-29" /><INIT seed="4,0,0,1,1,65" ten="137,237,287,339" oya="0" hai0="104,11,12,74,33,39,5,73,128,84,108,55,38" hai1="24,81,130,22,17,53,78,16,6,133,93,56,48" hai2="44,60,23,64,122,1,90,8,97,117,110,42,27" hai3="69,7,106,120,0,124,10,92,26,105,109,103,54"/><T2/><D84/><U50/><E130/><V71/><F122/><W113/><G109/><T59/><D128/><U34/><E133/><V83/><F110/><W21/><G69/><T125/><D108/><U19/><E34/><V131/><F131/><W62/><G113/><T80/><D104/><U118/><E118/><V40/><F117/><W77/><G77/><T111/><D111/><U47/><E6/><V121/><F121/><W14/><G120/><T52/><D33/><U91/><E81/><V3/><F42/><W45/><G14/><T46/><D125/><U82/><E82/><V63/><F63/><W66/><G54/><T100/><D100/><U129/><E78/><V28/><F8/><W134/><G45/><T49/><D2/><U31/><E129/><V123/><F123/><W88/><G134/><T101/><D101/><U57/><REACH who="1" step="1"/><E50/><REACH who="1" ten="137,227,287,339" step="2"/><V102/><F83/><W75/><G124/><T119/><D119/><U126/><E126/><V13/><F13/><W25/><G75/><T72/><REACH who="0" step="1"/><D80/><REACH who="0" ten="127,227,287,339" step="2"/><U36/><E36/><V98/><F102/><W79/><G103/><T132/><D132/><U29/><E29/><V112/><F3/><W43/><G0/><T94/><D94/><U67/><E67/><V9/><F1/><W116/><G116/><T41/><D41/><U51/><E51/><AGARI ba="0,2" hai="5,11,12,38,39,46,49,51,52,55,59,72,73,74" machi="51" ten="40,12000,1" yaku="1,1,54,1,53,3" doraHai="65" doraHaiUra="107" who="0" fromWho="1" sc="127,140,227,-120,287,0,339,0" /><INIT seed="4,1,0,5,1,11" ten="267,107,287,339" oya="0" hai0="64,25,4,32,87,71,66,35,19,127,96,81,95" hai1="10,106,3,46,114,128,121,51,75,62,116,79,38" hai2="89,68,18,43,93,50,40,130,12,24,15,0,69" hai3="17,126,123,101,85,1,57,26,111,92,132,133,74"/><T124/><D4/><U135/><RYUUKYOKU type="yao9" ba="1,0" sc="267,0,107,0,287,0,339,0" hai1="3,10,38,46,51,62,75,79,106,114,116,121,128,135" /><INIT seed="4,2,0,3,4,42" ten="267,107,287,339" oya="0" hai0="28,84,80,128,30,49,113,76,73,106,130,2,107" hai1="44,117,1,7,72,82,67,108,51,86,135,15,20" hai2="110,47,64,60,112,14,57,59,115,66,127,97,109" hai3="125,111,22,121,31,26,124,74,83,102,12,3,100"/><T37/><D37/><U11/><E135/><V87/><F87/><W89/><G111/><N who="2" m="42505" /><F97/><W119/><G119/><T4/><D2/><U81/><E108/><V58/><F14/><W114/><G114/><N who="2" m="43561" /><F127/><N who="3" m="48715" /><G121/><T116/><D4/><U123/><E117/><V17/><F17/><N who="3" m="10535" /><G3/><T79/><D116/><U16/><E123/><V94/><F94/><W68/><G68/><T95/><D113/><U101/><E72/><V99/><F99/><W39/><G39/><T105/><D28/><U133/><E133/><V21/><F21/><N who="3" m="15823" /><G89/><N who="0" m="53671" /><D30/><U96/><E86/><V91/><F91/><W48/><G48/><T35/><D49/><U55/><REACH who="1" step="1"/><E67/><REACH who="1" ten="267,97,287,339" step="2"/><N who="2" m="25643" /><F47/><W6/><G6/><T134/><D134/><U56/><E56/><V104/><F104/><AGARI ba="2,1" hai="1,7,11,15,16,20,44,51,55,81,82,96,101,104" machi="104" ten="30,8000,1" yaku="1,1,7,1,52,1,54,1,53,1" doraHai="42" doraHaiUra="34" who="1" fromWho="2" sc="267,0,97,96,287,-86,339,0" /><INIT seed="5,0,0,1,4,66" ten="267,193,201,339" oya="1" hai0="19,42,40,99,101,124,104,88,82,60,131,29,55" hai1="108,59,85,73,31,39,112,14,121,1,38,107,67" hai2="93,11,117,125,92,16,129,120,47,21,135,79,106" hai3="62,111,83,86,63,48,34,77,54,22,17,102,51"/><U4/><E121/><V116/><F120/><W25/><G111/><T24/><D19/><U64/><E73/><V65/><F135/><W36/><G36/><T74/><D131/><U15/><E107/><V18/><F129/><W91/><G102/><T26/><D26/><U13/><E31/><V95/><F106/><W98/><G34/><T113/><D124/><U7/><E85/><V84/><F125/><W50/><G54/><T12/><D12/><U89/><E89/><V3/><F65/><N who="1" m="25161" /><E59/><V68/><F47/><W33/><G33/><T133/><D133/><U78/><E78/><V127/><F127/><W105/><G105/><T44/><D74/><U30/><E30/><V10/><F79/><W71/><G71/><T45/><D82/><U118/><E112/><V81/><F81/><W80/><REACH who="3" step="1"/><G98/><REACH who="3" ten="267,193,201,329" step="2"/><T119/><D99/><U123/><E123/><V75/><F68/><W57/><G57/><T128/><D101/><U27/><E108/><V8/><F75/><AGARI ba="0,1" hai="17,22,25,48,50,51,62,63,75,77,80,83,86,91" machi="75" ten="40,1300,0" yaku="1,1,53,0" doraHai="66" doraHaiUra="49" who="3" fromWho="2" sc="267,0,193,0,201,-13,329,23" /><INIT seed="6,0,0,4,3,36" ten="267,193,188,352" oya="2" hai0="9,111,47,38,58,84,130,86,99,35,119,49,28" hai1="91,72,135,34,18,33,93,44,31,60,1,46,32" hai2="117,125,15,41,134,6,39,65,129,83,55,100,52" hai3="8,68,17,70,14,85,25,87,78,128,113,57,133"/><V12/><F117/><W66/><G128/><T103/><D38/><U114/><E72/><V132/><F65/><W105/><G105/><T48/><D111/><U101/><E1/><V3/><F100/><W30/><G133/><N who="2" m="51305" /><F129/><W64/><G113/><T74/><D74/><U88/><E31/><V22/><F125/><W123/><G123/><T126/><D130/><U43/><E135/><V11/><F83/><W50/><G68/><T62/><D119/><U56/><E114/><V5/><F22/><W24/><G24/><T98/><D126/><U102/><E18/><V0/><F0/><W53/><G70/><T19/><D28/><U76/><E76/><V77/><F77/><W107/><G107/><T89/><D35/><U20/><E20/><V71/><F71/><W82/><G87/><T7/><D19/><U127/><E127/><V10/><F3/><W21/><AGARI ba="0,0" hai="8,14,17,21,25,30,50,53,57,64,66,78,82,85" machi="21" ten="20,2700,0" yaku="0,1,7,1,8,1" doraHai="36" who="3" fromWho="3" sc="267,-7,193,-7,188,-13,352,27" /><INIT seed="7,0,0,2,5,96" ten="260,186,175,379" oya="3" hai0="91,95,127,78,62,56,131,79,134,115,17,84,89" hai1="2,74,128,97,122,67,60,39,49,40,100,25,44" hai2="1,125,7,28,116,75,8,103,9,102,26,66,53" hai3="14,23,18,85,21,61,77,81,27,13,90,119,10"/><W64/><G119/><T36/><D36/><U33/><E128/><V112/><F116/><W110/><G110/><T135/><D131/><U43/><E122/><V0/><F112/><W30/><G14/><T38/><D38/><U29/><E2/><V4/><F125/><W109/><G109/><T94/><D127/><U129/><E74/><V121/><F121/><W111/><G111/><T86/><D115/><U11/><E11/><V52/><F75/><W72/><G72/><T82/><D17/><U120/><E129/><V130/><F130/><W70/><G90/><T76/><D56/><U58/><E120/><V88/><F66/><W3/><G3/><T54/><D54/><U37/><REACH who="1" step="1"/><E43/><REACH who="1" ten="260,176,175,379" step="2"/><V92/><F53/><W132/><G132/><T99/><REACH who="0" step="1"/><D62/><REACH who="0" ten="250,176,175,379" step="2"/><U45/><E45/><V98/><REACH who="2" step="1"/><F52/><REACH who="2" ten="250,176,165,379" step="2"/><W69/><G61/><T24/><D24/><U31/><E31/><V71/><F71/><W93/><G27/><T19/><D19/><U101/><E101/><AGARI ba="0,3" hai="76,78,79,82,84,86,89,91,94,95,99,101,134,135" machi="101" ten="40,8000,1" yaku="1,1,34,3,52,1,53,0" doraHai="96" doraHaiUra="6" who="0" fromWho="1" sc="250,110,176,-80,165,0,379,0" owari="360,16.0,96,-40.0,165,-23.0,379,47.0" /></mjloggm>