<mjloggm ver="2.3"><GO type="41" lobby="0"/><UN n0="%47%69%79%61%6D%61%78" n1="%E6%94%BF%E4%BA%94%E9%83%8E%E4%B8%B8" n2="%E3%82%A8%E3%82%B3%E3%82%A8%E3%82%B3%E3%82%B9%E3%83%A2%E3%83%BC%E3%82%AD" n3="%E2%93%9D%53%75%70%68%78" dan="15,13,15,17" rate="2000.18,1919.94,1995.65,2042.35" sx="M,M,M,M"/><TAIKYOKU oya="0"/><INIT seed="0,0,0,4,5,14" ten="250,250,250,250" oya="0" hai0="130,18,118,90,87,21,20,85,3,117,76,125,99" hai1="119,31,112,79,28,131,25,69,12,15,78,83,38" hai2="106,53,65,22,60,134,64,61,88,128,67,29,127" hai3="94,84,107,27,41,133,58,23,96,47,13,132,5"/><T74/><D74/><U62/><E119/><V70/><F134/><W73/><G73/><T114/><D114/><U104/><E104/><V71/><F128/><W98/><G58/><T102/><D130/><U66/><E112/><V103/><F127/><W4/><G84/><T0/><D125/><U50/><E38/><V113/><F113/><W37/><G107/><T49/><D49/><U9/><E79/><V34/><F67/><W77/><G77/><T39/><D39/><U59/><E12/><V100/><F106/><W56/><G56/><T122/><D122/><U75/><E28/><V81/><F34/><W123/><G98/><T108/><D76/><U35/><E50/><V51/><F22/><W63/><G63/><T30/><D30/><U46/><E46/><V89/><F29/><W19/><G123/><T52/><D21/><U42/><E42/><V40/><F40/><W1/><G1/><T8/><D0/><U115/><E115/><V116/><F116/><W55/><G55/><T11/><D3/><U105/><E105/><V45/><F81/><W33/><G33/><T43/><D52/><U26/><E26/><V57/><REACH who="2" step="1"/><F45/><REACH who="2" ten="250,250,240,250" step="2"/><W95/><G133/><T110/><D43/><U82/><E83/><V101/><AGARI ba="0,1" hai="51,53,57,60,61,64,65,70,71,88,89,100,101,103" machi="101" ten="30,8000,1" yaku="1,1,2,1,0,1,9,1,54,1,53,0" doraHai="14" doraHaiUra="7" who="2" fromWho="2" sc="250,-40,250,-20,240,90,250,-20" /><INIT seed="1,0,0,3,3,98" ten="210,230,330,230" oya="1" hai0="70,0,13,90,6,118,127,50,120,79,22,76,123" hai1="126,133,45,25,10,43,80,3,116,27,46,92,75" hai2="24,99,62,88,128,109,56,94,58,124,113,77,9" hai3="21,69,7,23,122,41,119,102,68,60,30,26,28"/><U29/><E116/><V85/><F109/><W89/><G122/><N who="0" m="46635" /><D118/><U38/><E126/><V65/><F124/><W125/><G125/><T55/><D70/><U121/><E133/><V63/><F128/><W34/><G41/><T66/><D66/><U78/><E121/><V110/><F110/><W86/><G7/><T31/><D127/><U101/><E46/><V115/><F9/><W74/><G74/><T117/><D0/><U82/><E82/><V81/><REACH who="2" step="1"/><F24/><REACH who="2" ten="210,230,320,230" step="2"/><W112/><G26/><N who="0" m="16855" /><D117/><U12/><E27/><V87/><F87/><W67/><G86/><T17/><D6/><U91/><E10/><V42/><F42/><W33/><G119/><T35/><D35/><U5/><E5/><V51/><F51/><W53/><G34/><T4/><D4/><U114/><E3/><V20/><F20/><W73/><G23/><N who="0" m="11695" /><D90/><U93/><E91/><V49/><F49/><W64/><G89/><T54/><D54/><AGARI ba="0,1" hai="54,56,58,62,63,65,77,81,85,88,94,99,113,115" machi="54" ten="40,2600,0" yaku="1,1,54,1,53,0" doraHai="98" doraHaiUra="103" who="2" fromWho="0" sc="210,-26,230,0,320,36,230,0" /><INIT seed="2,0,0,1,4,19" ten="184,230,356,230" oya="2" hai0="11,90,37,75,72,31,129,23,18,27,2,134,86" hai1="131,80,1,125,63,60,52,81,24,62,124,101,46" hai2="59,12,115,49,84,33,130,0,78,116,9,66,14" hai3="68,70,36,123,28,32,42,16,110,83,127,106,35"/><V126/><F116/><W54/><G106/><T55/><D37/><U107/><E1/><V88/><F115/><W89/><G123/><T26/><D129/><U64/><E101/><V3/><F33/><W67/><G110/><T40/><D40/><U5/><E5/><V122/><F122/><W113/><G127/><N who="1" m="48714" /><E107/><V108/><F126/><W57/><G28/><T8/><D134/><U98/><E98/><V95/><F130/><W91/><G67/><T34/><D55/><U104/><E104/><V56/><F108/><W22/><G113/><T74/><REACH who="0" step="1"/><D2/><REACH who="0" ten="174,230,356,230" step="2"/><U120/><E131/><V7/><F0/><W38/><G38/><T99/><D99/><U92/><E120/><V93/><F3/><W39/><G39/><T53/><D53/><U73/><E64/><V71/><F66/><W96/><G42/><T117/><D117/><U69/><E69/><V30/><F71/><W87/><G36/><T132/><D132/><U21/><E52/><V133/><F133/><W15/><G70/><T105/><D105/><U94/><E46/><V17/><F59/><W29/><G68/><T118/><D118/><U4/><E62/><V48/><F56/><W20/><G57/><T82/><AGARI ba="0,1" hai="8,11,18,23,26,27,31,34,72,74,75,82,86,90" machi="82" ten="30,4000,0" yaku="1,1,0,1,52,1,53,0" doraHai="19" doraHaiUra="97" who="0" fromWho="0" sc="174,50,230,-10,356,-20,230,-10" /><INIT seed="3,0,0,0,3,39" ten="224,220,336,220" oya="3" hai0="5,14,31,42,4,28,120,85,30,6,46,9,94" hai1="122,43,119,98,67,41,38,19,57,8,127,124,74" hai2="97,88,128,112,82,24,22,35,33,115,21,45,50" hai3="26,107,93,95,3,130,52,7,16,40,36,56,79"/><W44/><G107/><T1/><D120/><U116/><E38/><V104/><F128/><W86/><G130/><T77/><D1/><U84/><E74/><V64/><F64/><W60/><G7/><T53/><D53/><U37/><E37/><V23/><F104/><W58/><G3/><T47/><D47/><U100/><E84/><V18/><F115/><W80/><REACH who="3" step="1"/><G58/><REACH who="3" ten="224,220,336,210" step="2"/><T114/><D114/><U123/><E57/><V113/><F112/><W135/><G135/><T59/><D59/><U49/><E123/><V125/><F113/><W105/><G105/><T129/><D129/><U118/><E122/><V102/><F35/><W13/><G13/><T75/><D6/><U34/><E34/><V72/><F33/><W62/><G62/><T61/><D61/><U65/><E127/><V132/><F125/><W54/><G54/><T71/><D5/><U91/><E124/><V10/><F132/><W25/><G25/><T121/><D121/><U68/><E68/><V51/><F24/><W106/><G106/><T12/><D12/><N who="1" m="7559" /><E119/><V83/><F45/><W17/><G17/><T66/><D46/><U103/><E118/><V48/><F18/><W126/><G126/><T76/><D71/><U32/><E32/><V20/><N who="2" m="5120" /><DORA hai="0" /><V92/><F50/><W70/><G70/><T134/><D134/><U55/><E116/><V27/><F27/><W131/><G131/><T15/><D15/><U29/><E49/><V11/><F51/><W110/><G110/><T63/><D14/><U99/><E55/><V89/><F48/><W73/><G73/><T96/><D63/><RYUUKYOKU ba="0,1" sc="224,-10,220,-10,336,-10,210,30" hai3="16,26,36,40,44,52,56,60,79,80,86,93,95" /><INIT seed="3,1,1,3,2,107" ten="214,210,326,240" oya="3" hai0="58,133,3,6,8,19,98,10,52,18,14,40,51" hai1="50,132,55,126,74,113,28,86,43,118,37,64,129" hai2="96,31,15,105,66,53,45,120,127,47,69,9,121" hai3="54,30,112,34,36,75,60,106,116,122,20,92,135"/><W27/><G112/><T24/><D133/><U22/><E74/><V115/><F115/><W114/><G106/><T81/><D98/><U102/><E113/><V70/><F127/><W1/><G36/><T134/><D134/><U109/><E109/><V38/><F31/><W56/><G1/><T44/><D81/><U46/><E132/><V72/><F72/><W99/><G135/><T124/><D124/><U25/><E129/><V29/><F29/><W33/><G122/><T59/><REACH who="0" step="1"/><D40/><REACH who="0" ten="204,210,326,240" step="2"/><U17/><E126/><V63/><F96/><W101/><G114/><T73/><D73/><U42/><E42/><V123/><F123/><W13/><G75/><T88/><D88/><U16/><E102/><V67/><F121/><W32/><G116/><T80/><D80/><U35/><E118/><V79/><F120/><W94/><G94/><T87/><D87/><U12/><E86/><V2/><F105/><W90/><G13/><T110/><D110/><U117/><E117/><V26/><F15/><W49/><REACH who="3" step="1"/><G60/><REACH who="3" ten="204,210,326,230" step="2"/><T82/><D82/><U103/><E12/><V85/><F63/><W104/><G104/><T89/><D89/><AGARI ba="1,3" hai="20,27,30,32,33,34,49,54,56,89,90,92,99,101" machi="89" ten="40,2000,0" yaku="1,1,53,0" doraHai="107" doraHaiUra="39" who="3" fromWho="0" sc="204,-23,210,0,326,0,230,53" /><INIT seed="3,2,0,2,2,131" ten="181,210,326,283" oya="3" hai0="94,0,64,6,22,125,31,69,97,3,84,107,92" hai1="33,55,27,110,30,128,65,96,49,78,19,115,2" hai2="15,57,12,10,98,129,48,80,81,59,70,108,103" hai3="109,26,35,38,45,50,87,116,68,122,25,76,4"/><W100/><G116/><T63/><D125/><U51/><E115/><V13/><F70/><W5/><G38/><T36/><D36/><U54/><E2/><V47/><F129/><W104/><G68/><T39/><D39/><U132/><E128/><V42/><F108/><W8/><G122/><T135/><D107/><U44/><E110/><V46/><F10/><W52/><G109/><T101/><D6/><U1/><E1/><V121/><F121/><W119/><G119/><T114/><D114/><U14/><E78/><V53/><F47/><W99/><G35/><T133/><D92/><U16/><E132/><N who="0" m="50761" /><D84/><U82/><E82/><V17/><F17/><W134/><G5/><T20/><D20/><U29/><E29/><V41/><F59/><W9/><G9/><T127/><D127/><U66/><E19/><V93/><REACH who="2" step="1"/><F42/><REACH who="2" ten="181,210,316,283" step="2"/><W32/><G134/><T21/><D21/><U43/><E43/><V112/><F112/><W61/><G8/><T34/><D34/><U85/><E33/><V130/><F130/><W18/><G32/><T120/><D120/><U67/><E16/><V37/><AGARI ba="2,1" hai="12,13,15,37,41,46,48,53,57,80,81,93,98,103" machi="37" ten="30,2000,0" yaku="1,1,0,1,53,0" doraHai="131" doraHaiUra="113" who="2" fromWho="2" sc="181,-7,210,-7,316,36,283,-12" /><INIT seed="4,0,0,5,4,116" ten="174,203,352,271" oya="0" hai0="95,54,45,2,28,117,18,123,131,51,44,128,125" hai1="69,90,64,98,53,14,52,27,133,88,118,92,55" hai2="56,21,84,8,100,43,68,47,59,81,120,38,46" hai3="96,5,119,22,11,75,99,16,61,126,32,104,60"/><T130/><D117/><U30/><E133/><V65/><F100/><W106/><G32/><T62/><D125/><U71/><E118/><V70/><F8/><W58/><G75/><T101/><D2/><U97/><E14/><V4/><F4/><W107/><G119/><T19/><D28/><U49/><E64/><V1/><F1/><W74/><G74/><T42/><D123/><U3/><E3/><V31/><F31/><W67/><G126/><T39/><REACH who="0" step="1"/><D62/><REACH who="0" ten="164,203,352,271" step="2"/><U91/><E49/><V50/><F120/><W76/><G61/><T122/><D122/><U78/><E71/><V17/><F70/><W72/><G60/><T35/><D35/><U80/><E69/><V33/><F33/><W102/><G107/><T94/><D94/><U73/><REACH who="1" step="1"/><E92/><REACH who="1" ten="164,193,352,271" step="2"/><V63/><F68/><W87/><G106/><T7/><D7/><U105/><E105/><V83/><F50/><W13/><G104/><T26/><D26/><U82/><E82/><V34/><F83/><W36/><G5/><T113/><D113/><U112/><E112/><V129/><F81/><W121/><G121/><T15/><D15/><U41/><E41/><V20/><F43/><W12/><G12/><T86/><D86/><U48/><E48/><V114/><F84/><W115/><G87/><T109/><D109/><U103/><E103/><V79/><F114/><W0/><G115/><T134/><D134/><U40/><E40/><V85/><F85/><W29/><G102/><T77/><D77/><U132/><E132/><V37/><F79/><W127/><G76/><T135/><D135/><U10/><E10/><RYUUKYOKU ba="0,2" sc="164,15,193,15,352,-15,271,-15" hai0="18,19,39,42,44,45,51,54,95,101,128,130,131" hai1="27,30,52,53,55,73,78,80,88,90,91,97,98" /><INIT seed="4,1,2,4,3,84" ten="179,208,337,256" oya="0" hai0="40,89,72,12,135,45,6,23,70,133,125,129,38" hai1="9,58,94,51,16,59,90,37,26,13,103,30,107" hai2="130,120,117,105,87,69,99,49,75,127,5,78,55" hai3="128,17,92,97,39,48,76,132,102,28,36,24,123"/><T57/><D70/><U11/><E37/><V61/><F120/><W25/><G128/><T114/><D129/><U101/><E107/><V119/><F130/><W83/><G132/><T32/><D32/><U116/><E116/><N who="2" m="44619" /><F127/><W50/><G123/><T122/><D122/><U118/><E118/><V80/><F5/><W88/><G39/><T131/><D131/><U73/><E73/><V3/><F3/><W121/><G36/><T29/><D125/><U68/><E68/><V85/><F105/><W18/><G102/><T60/><D72/><U112/><E112/><V27/><F27/><N who="3" m="10315" /><G28/><T81/><D114/><U91/><E9/><V104/><F104/><W35/><G35/><T19/><D6/><U7/><E30/><V22/><F22/><W14/><G18/><T124/><D29/><U64/><E64/><N who="2" m="41103" /><F99/><W54/><G54/><T109/><D124/><U1/><E1/><V95/><F95/><W110/><G110/><T10/><D10/><U52/><E58/><AGARI ba="1,2" hai="49,55,58,75,78,80,85,87" m="41103,44619" machi="58" ten="30,1000,0" yaku="12,1" doraHai="84" who="2" fromWho="1" sc="179,0,208,-13,337,33,256,0" /><INIT seed="5,0,0,0,3,52" ten="179,195,370,256" oya="1" hai0="2,9,10,48,81,39,108,45,77,30,26,63,12" hai1="17,50,22,95,67,42,58,15,6,127,64,120,84" hai2="102,8,61,96,82,18,123,83,90,79,65,43,33" hai3="19,11,119,20,29,68,88,112,110,13,56,111,23"/><U37/><E127/><V72/><F123/><W128/><G68/><T117/><D117/><U125/><E125/><V135/><F33/><W31/><G56/><T100/><D108/><N who="3" m="41513" /><G88/><T134/><D134/><U1/><E120/><V86/><F43/><W60/><G60/><T104/><D2/><U7/><E42/><V14/><F135/><W78/><G78/><T51/><D39/><U4/><E37/><V25/><F25/><N who="3" m="16551" /><G112/><T113/><D63/><U57/><E1/><V131/><F131/><W54/><G54/><T105/><D100/><U91/><E50/><V5/><F96/><W0/><G119/><T98/><D10/><U121/><REACH who="1" step="1"/><E121/><REACH who="1" ten="179,185,370,256" step="2"/><V38/><F38/><W32/><G0/><T36/><D36/><U87/><E87/><V107/><F72/><W62/><G128/><T76/><D51/><U40/><E40/><V55/><F86/><W34/><G62/><T35/><D113/><U132/><E132/><V69/><F61/><W75/><G75/><T73/><D98/><U70/><E70/><V114/><F69/><W106/><G106/><T21/><D104/><U116/><E116/><V41/><F107/><W115/><G115/><T44/><D105/><U103/><E103/><V71/><F102/><W97/><G97/><T24/><D48/><U47/><E47/><V122/><F122/><W133/><G133/><T74/><D74/><U99/><E99/><V28/><F114/><W118/><G118/><T49/><D49/><U124/><E124/><V94/><F71/><W16/><G31/><T80/><D73/><U101/><E101/><V59/><F28/><RYUUKYOKU ba="0,1" sc="179,-15,185,15,370,-15,256,15" hai1="4,6,7,15,17,22,57,58,64,67,84,91,95" hai3="11,13,16,19,23,32,34" /><INIT seed="5,1,1,0,4,88" ten="164,200,355,271" oya="1" hai0="105,86,31,48,94,111,106,30,96,32,6,117,33" hai1="71,99,62,61,37,115,63,85,29,12,3,27,1" hai2="107,14,15,24,130,91,77,104,23,7,18,120,56" hai3="78,125,128,54,59,64,65,66,39,28,11,17,49"/><U92/><E115/><V73/><F120/><W98/><G39/><T20/><D111/><U108/><E71/><V82/><F130/><W21/><G125/><T97/><D117/><U129/><E37/><V101/><F107/><W25/><G128/><T8/><D20/><U42/><E42/><V122/><F122/><W116/><G116/><T121/><D48/><U119/><E119/><V26/><F104/><W75/><G75/><T60/><D86/><U72/><E72/><V9/><F101/><W57/><G78/><T67/><D121/><U76/><E129/><V47/><F47/><N who="3" m="27967" /><G98/><T114/><D114/><U19/><E85/><V118/><F118/><W45/><G45/><T89/><D97/><U84/><E76/><V79/><F79/><W131/><G131/><T110/><D110/><U34/><E84/><V13/><F56/><N who="3" m="21579" /><G11/><T69/><D105/><U134/><E134/><V50/><F50/><W100/><G100/><T102/><D33/><U93/><E108/><V81/><F81/><W109/><G109/><T70/><D69/><U10/><REACH who="1" step="1"/><E99/><REACH who="1" ten="164,190,355,271" step="2"/><V35/><F73/><W103/><G103/><T55/><D102/><U36/><E36/><V123/><F77/><W83/><G83/><T22/><D106/><U43/><E43/><V127/><F82/><W16/><AGARI ba="1,2" hai="16,17,21,25,28,64,65,66" m="21579,27967" machi="16" ten="30,2000,0" yaku="8,1,54,1" doraHai="88" who="3" fromWho="3" sc="164,-6,190,-11,355,-6,271,43" /><INIT seed="6,0,0,2,5,118" ten="158,179,349,314" oya="2" hai0="134,18,26,74,92,123,53,24,106,85,49,75,64" hai1="111,10,114,62,112,11,120,110,20,90,125,27,46" hai2="56,35,130,80,103,128,81,99,36,96,126,50,72" hai3="34,57,22,55,39,47,107,63,0,2,40,1,135"/><V127/><F36/><W116/><G116/><T38/><D106/><U41/><E62/><V89/><F35/><W59/><G34/><T124/><D38/><U8/><E90/><V12/><F12/><W91/><G107/><T100/><D64/><U29/><E46/><V54/><F89/><W97/><G135/><T28/><D134/><U68/><E41/><V84/><F72/><W33/><G33/><T69/><D69/><U45/><E45/><V87/><F87/><W6/><G22/><T113/><D113/><N who="1" m="43627" /><E68/><V119/><F119/><W105/><G59/><T67/><D67/><U77/><E77/><N who="2" m="46095" /><F81/><W25/><G91/><T14/><D124/><N who="2" m="47658" /><F99/><W44/><G97/><T70/><D70/><U65/><E65/><V132/><F132/><W133/><G133/><T101/><D75/><U23/><E125/><V102/><F102/><W51/><G39/><T58/><D74/><U79/><E79/><V21/><F21/><W109/><G40/><T5/><D85/><U93/><E93/><AGARI ba="0,0" hai="50,54,56,93,96,103,128,130" m="47658,46095" machi="93" ten="30,1500,0" yaku="18,1" doraHai="118" who="2" fromWho="1" sc="158,0,179,-15,349,15,314,0" /><INIT seed="6,1,0,3,5,98" ten="158,164,364,314" oya="2" hai0="119,23,85,31,76,66,20,27,83,111,103,5,67" hai1="118,4,33,110,117,128,42,16,135,17,64,109,87" hai2="12,34,28,84,80,3,81,0,47,90,22,77,89" hai3="115,114,58,133,29,132,50,63,40,8,123,52,65"/><V10/><F34/><W46/><G29/><T56/><D111/><U75/><E75/><V19/><F47/><W1/><G8/><T24/><D119/><U129/><E64/><V35/><F35/><W100/><G1/><T71/><D71/><U11/><E87/><V25/><F90/><W21/><G21/><T116/><D116/><N who="1" m="44651" /><E42/><V121/><REACH who="2" step="1"/><F121/><REACH who="2" ten="158,164,354,314" step="2"/><W51/><G123/><T126/><D126/><U41/><E33/><V45/><F45/><N who="3" m="25895" /><G100/><T36/><D103/><U72/><E110/><V69/><F69/><W74/><G74/><AGARI ba="1,1" hai="0,3,10,12,19,22,25,28,74,77,80,81,84,89" machi="74" ten="30,2900,0" yaku="1,1,7,1,53,0" doraHai="98" doraHaiUra="95" who="2" fromWho="3" sc="158,0,164,0,354,42,314,-32" /><INIT seed="6,2,0,4,5,88" ten="158,164,396,282" oya="2" hai0="47,7,67,9,107,28,19,29,90,116,6,10,118" hai1="43,24,121,45,34,26,5,36,83,38,74,15,97" hai2="52,37,127,13,129,80,53,103,77,115,21,135,112" hai3="91,81,106,22,68,31,25,75,82,41,51,30,64"/><V17/><F37/><W101/><G68/><T63/><D107/><U16/><E121/><V72/><F135/><W40/><G64/><T84/><D47/><U134/><E134/><V39/><F39/><W35/><G101/><T105/><D105/><U122/><E122/><V76/><F76/><W0/><G0/><T50/><D50/><U125/><E125/><V33/><F33/><W86/><G106/><T78/><D78/><U71/><E5/><V54/><F127/><W2/><G2/><T60/><D19/><U62/><E71/><V126/><F126/><W108/><G108/><T110/><D110/><U132/><E62/><V100/><REACH who="2" step="1"/><F129/><REACH who="2" ten="158,164,386,282" step="2"/><W56/><G35/><T113/><D118/><U98/><E38/><V55/><N who="2" m="13312" /><DORA hai="46" /><V44/><F44/><W109/><G109/><T65/><D116/><U11/><E132/><V133/><F133/><W12/><G41/><T69/><D113/><AGARI ba="2,1" hai="13,17,21,72,77,80,100,103,112,113,115" m="13312" machi="113" ten="50,9600,0" yaku="1,1,15,1,54,1,53,0" doraHai="88,46" doraHaiUra="93,117" who="2" fromWho="0" sc="158,-102,164,0,386,112,282,0" /><INIT seed="6,3,0,1,5,2" ten="56,164,498,282" oya="2" hai0="97,52,105,0,59,110,125,15,43,49,23,85,78" hai1="99,3,82,4,50,133,123,42,72,24,32,107,79" hai2="68,61,74,104,126,100,89,115,128,56,98,29,66" hai3="20,18,47,131,19,94,55,70,71,109,46,37,60"/><V101/><F74/><W117/><G109/><T91/><D110/><U129/><E129/><V119/><F119/><W51/><G117/><T12/><D0/><U62/><E50/><V25/><F128/><W120/><G120/><T14/><D125/><U87/><E42/><V28/><F126/><W132/><G132/><T122/><D122/><U111/><E133/><V41/><F115/><W127/><G19/><T54/><D43/><U135/><E135/><V116/><F116/><W22/><G22/><T90/><D78/><U93/><E62/><V53/><F41/><W88/><G37/><T134/><D134/><U112/><E112/><V69/><F101/><W10/><G10/><T7/><D105/><U30/><E111/><V13/><F69/><W9/><G9/><N who="0" m="4159" /><D97/><U45/><E45/><V65/><F65/><W73/><G47/><N who="0" m="27711" /><D23/><U27/><E123/><V58/><F53/><W16/><G127/><T11/><D11/><N who="1" m="2463" /><E32/><V124/><F124/><W67/><G131/><T84/><D84/><U114/><E114/><V31/><F89/><N who="0" m="33802" /><D85/><U35/><E87/><V39/><F39/><W130/><G130/><T108/><D108/><U81/><E107/><V103/><F103/><W63/><G73/><T83/><D83/><U86/><E86/><V76/><F76/><W21/><G88/><T44/><D44/><U8/><E82/><V113/><F113/><W106/><G106/><T17/><D17/><U40/><E8/><V118/><F118/><W80/><G80/><T102/><D102/><N who="1" m="60783" /><E40/><V38/><F104/><W34/><G46/><T92/><D92/><U5/><E72/><RYUUKYOKU ba="3,0" sc="56,30,164,-10,498,-10,282,-10" hai0="14,15,54,59" /><INIT seed="7,4,0,4,5,50" ten="86,154,488,272" oya="3" hai0="113,78,23,91,83,95,43,44,123,105,17,102,112" hai1="38,77,35,12,127,68,94,55,65,39,46,57,14" hai2="129,84,22,90,13,56,128,110,133,119,101,51,92" hai3="67,18,72,130,107,9,122,115,96,27,116,53,111"/><W0/><G115/><N who="0" m="44107" /><D123/><U10/><E35/><V79/><F110/><W33/><G130/><N who="2" m="50281" /><F133/><W45/><G116/><T26/><D44/><U24/><E24/><V106/><F119/><W11/><G72/><N who="0" m="43463" /><D43/><U117/><E117/><V31/><F79/><W76/><G107/><T19/><D26/><U118/><E94/><V73/><F73/><W32/><G11/><T114/><N who="0" m="44115" /><T54/><DORA hai="37" /><D23/><U47/><E47/><V4/><F4/><W21/><G33/><T131/><D131/><U5/><E127/><V104/><F101/><W8/><G32/><T20/><D20/><U124/><E124/><V71/><F71/><W81/><G21/><T103/><D103/><U59/><E118/><V2/><F2/><W69/><G0/><T98/><D54/><U66/><E38/><V6/><F6/><W15/><G53/><T125/><D125/><U134/><E39/><V36/><F36/><W85/><G9/><T63/><D63/><U75/><E46/><V126/><F126/><W132/><G45/><T60/><D60/><U49/><E75/><V80/><F31/><W3/><G3/><T93/><D93/><U52/><E134/><V74/><F74/><W87/><G132/><T99/><D99/><U42/><E42/><V40/><F40/><W64/><G96/><T109/><D109/><U70/><E55/><N who="2" m="31871" /><F92/><W1/><G111/><T61/><D61/><U88/><E77/><V58/><F58/><W135/><G135/><T48/><D48/><U82/><E59/><V34/><F34/><W100/><G1/><T41/><D41/><U86/><E57/><RYUUKYOKU ba="4,0" sc="86,15,154,-15,488,15,272,-15" hai0="17,19,91,95,98,102,105" hai2="13,22,80,84,90,104,106" owari="101,-40.0,139,-26.0,503,60.0,257,6.0" /></mjloggm>