<mjloggm ver="2.3"><GO type="41" lobby="0"/><UN n0="%E8%B5%A4%E3%81%AE%E5%A5%B3%E7%A5%9E" n1="%E2%93%9D%53%75%70%68%78" n2="%73%73%73%31%39%33%33" n3="%E3%82%8A%E3%82%85" dan="15,17,15,14" rate="1943.38,2076.27,1975.53,1850.88" sx="M,M,F,F"/><TAIKYOKU oya="0"/><INIT seed="0,0,0,4,1,33" ten="250,250,250,250" oya="0" hai0="30,40,63,127,38,130,17,66,58,65,133,80,14" hai1="7,2,135,4,9,101,91,39,35,27,21,76,22" hai2="102,31,71,83,44,41,118,50,11,10,95,94,69" hai3="6,48,3,90,34,13,104,79,68,125,129,84,23"/><T89/><D127/><U57/><E39/><V99/><F31/><W53/><G68/><T82/><D130/><U134/><E76/><V105/><F118/><W110/><G34/><T60/><D133/><N who="1" m="50699" /><E101/><V5/><F11/><W85/><G104/><T45/><D30/><N who="1" m="19935" /><E57/><V37/><F83/><W107/><G107/><T121/><D121/><U20/><E91/><V59/><F59/><W116/><G129/><T12/><D89/><U96/><E96/><V54/><F54/><W62/><G125/><T123/><D123/><U36/><E36/><V26/><F26/><W78/><G116/><T70/><REACH who="0" step="1"/><D14/><REACH who="0" ten="240,250,250,250" step="2"/><U67/><E67/><V132/><F132/><W109/><G13/><T81/><D81/><U19/><E7/><V46/><F5/><W32/><G90/><T86/><D86/><U117/><E117/><V29/><F102/><W73/><G6/><T0/><D0/><U128/><E128/><V92/><F99/><W74/><G3/><T88/><D88/><U8/><E8/><AGARI ba="0,1" hai="8,12,17,38,40,45,58,60,63,65,66,70,80,82" machi="8" ten="30,5800,0" yaku="1,1,7,1,53,1" doraHai="33" doraHaiUra="43" who="0" fromWho="1" sc="240,68,250,-58,250,0,250,0" /><INIT seed="0,1,0,1,1,32" ten="308,192,250,250" oya="0" hai0="125,121,23,92,112,8,56,41,122,123,116,98,35" hai1="47,87,63,133,49,57,62,46,38,33,83,101,45" hai2="36,117,31,30,114,3,7,126,1,106,48,34,105" hai3="11,118,9,71,17,78,104,26,37,52,61,67,90"/><T44/><D35/><U43/><E101/><V107/><F36/><W74/><G104/><T14/><D116/><U94/><E94/><V5/><F48/><W135/><G118/><T6/><D112/><U103/><E103/><V109/><F117/><W88/><G37/><T40/><D125/><U22/><E33/><V18/><F34/><W134/><G74/><T2/><D56/><U89/><E133/><N who="3" m="50698" /><G78/><T50/><D23/><U21/><E63/><V128/><F18/><W132/><G26/><T65/><D65/><U20/><REACH who="1" step="1"/><E38/><REACH who="1" ten="308,182,250,250" step="2"/><V59/><F114/><W124/><G124/><T0/><REACH who="0" step="1"/><D41/><REACH who="0" ten="298,182,250,250" step="2"/><U27/><E27/><V84/><F126/><W58/><G132/><T99/><D99/><U54/><AGARI ba="1,2" hai="20,21,22,43,45,46,47,49,54,57,62,83,87,89" machi="54" ten="30,4000,0" yaku="1,1,0,1,8,1,53,0" doraHai="32" doraHaiUra="113" who="1" fromWho="1" sc="298,-21,182,63,250,-11,250,-11" /><INIT seed="1,0,0,1,5,45" ten="277,245,239,239" oya="1" hai0="57,105,80,97,25,131,109,99,28,72,58,73,24" hai1="29,13,98,128,121,120,71,75,90,20,129,88,134" hai2="69,106,38,1,48,40,16,54,53,123,22,82,66" hai3="116,51,85,77,55,61,31,62,96,89,4,70,6"/><U50/><E71/><V133/><F123/><W2/><G31/><T65/><D109/><U112/><E75/><V110/><F1/><W132/><G132/><T15/><D131/><N who="1" m="50251" /><E112/><V94/><F106/><W101/><G77/><T49/><D15/><U126/><E126/><V93/><F110/><W18/><G18/><T56/><D105/><U47/><E134/><V108/><F108/><W46/><G116/><T3/><D3/><U68/><E68/><V33/><F33/><W130/><G130/><T35/><D25/><N who="1" m="16551" /><E13/><N who="2" m="9487" /><F133/><W44/><G70/><T124/><D124/><U117/><E117/><V100/><F38/><W5/><G2/><T63/><D73/><U86/><E98/><N who="2" m="59471" /><F69/><W7/><G96/><T122/><D122/><N who="1" m="47211" /><E86/><V11/><F66/><W125/><G125/><T52/><REACH who="0" step="1"/><D58/><REACH who="0" ten="267,245,239,239" step="2"/><U84/><E84/><V76/><F11/><W79/><G79/><AGARI ba="0,1" hai="24,28,35,49,52,56,57,63,65,72,79,80,97,99" machi="79" ten="40,8000,1" yaku="1,1,2,1,52,1,54,1,53,0" doraHai="45" doraHaiUra="12" who="0" fromWho="3" sc="267,90,245,0,239,0,239,-80" /><INIT seed="2,0,0,3,1,95" ten="357,245,239,159" oya="2" hai0="123,42,6,130,89,87,121,18,102,52,131,53,93" hai1="98,116,112,41,0,27,2,82,22,11,31,33,25" hai2="96,103,4,23,74,38,10,72,63,73,109,14,117" hai3="64,28,99,32,119,106,24,66,61,60,67,128,68"/><V133/><F117/><W43/><G119/><T54/><D6/><U120/><E116/><V76/><F38/><W13/><G13/><T97/><D42/><U94/><E112/><V17/><F133/><W129/><G43/><T40/><D40/><U80/><E120/><V104/><F63/><W122/><G122/><T20/><D123/><U58/><E41/><V65/><F65/><W37/><G37/><T30/><D30/><U51/><E2/><V8/><F109/><W47/><G47/><T134/><D134/><U44/><E11/><V110/><F110/><W126/><G66/><T127/><D127/><U7/><E0/><V55/><F55/><W59/><REACH who="3" step="1"/><G126/><REACH who="3" ten="357,245,239,149" step="2"/><T15/><REACH who="0" step="1"/><D121/><REACH who="0" ten="347,245,239,149" step="2"/><U91/><E7/><V56/><F56/><W108/><G108/><T46/><D46/><U84/><E58/><V114/><F114/><W26/><G26/><T21/><D21/><U83/><E27/><V101/><F10/><W1/><G1/><T49/><D49/><U88/><E22/><V77/><F8/><W45/><G45/><T5/><D5/><U16/><E51/><V35/><F4/><W34/><G34/><T78/><D78/><U79/><E44/><V75/><F35/><W107/><G107/><AGARI ba="0,2" hai="15,18,20,52,53,54,87,89,93,97,102,107,130,131" machi="107" ten="40,5200,0" yaku="1,1,52,1,54,1,53,0" doraHai="95" doraHaiUra="71" who="0" fromWho="3" sc="347,72,245,0,239,0,149,-52" /><INIT seed="3,0,0,1,2,108" ten="419,245,239,97" oya="3" hai0="63,61,54,37,131,60,23,39,115,31,52,107,112" hai1="92,72,20,87,22,55,90,43,6,57,5,42,7" hai2="66,119,125,29,2,77,8,40,134,117,0,56,13" hai3="84,65,24,94,120,69,122,86,17,118,70,36,102"/><W32/><G36/><N who="0" m="13899" /><D107/><U67/><E72/><V93/><F125/><W25/><G102/><T129/><D23/><N who="1" m="8747" /><E67/><V113/><F134/><W74/><G74/><T79/><D31/><U105/><E105/><V106/><F106/><W116/><G94/><T9/><D9/><U133/><E133/><V34/><F40/><W58/><G58/><T50/><D79/><U51/><AGARI ba="0,0" hai="5,6,7,42,43,51,55,57,87,90,92" m="8747" machi="51" ten="30,1100,0" yaku="8,1" doraHai="108" who="1" fromWho="1" sc="419,-3,245,11,239,-3,97,-5" /><INIT seed="4,0,0,0,0,78" ten="416,256,236,92" oya="0" hai0="132,8,7,37,125,95,92,75,94,31,14,67,22" hai1="131,84,5,115,126,76,118,65,121,127,19,10,101" hai2="108,74,51,110,68,129,88,69,63,98,85,114,97" hai3="104,112,113,6,60,23,105,103,39,111,13,43,55"/><T33/><D37/><U82/><E118/><V122/><F74/><W57/><G111/><T49/><D67/><U3/><E121/><V72/><F72/><W40/><G39/><T58/><D125/><N who="1" m="47627" /><E131/><V26/><F122/><W102/><G6/><T44/><D58/><U48/><E101/><V123/><F123/><W70/><G70/><T0/><D75/><U73/><E115/><V11/><F114/><N who="3" m="44139" /><G102/><T32/><D132/><U130/><E130/><V21/><F129/><W35/><G35/><T119/><D119/><U89/><E19/><V64/><F69/><W59/><G59/><T25/><REACH who="0" step="1"/><D0/><REACH who="0" ten="406,256,236,92" step="2"/><U4/><E65/><V109/><F109/><W61/><G61/><T135/><D135/><U107/><E48/><V56/><F110/><W96/><G105/><T91/><D91/><U99/><E107/><V124/><F124/><W106/><G106/><T90/><D90/><U20/><E89/><V46/><F56/><W24/><G13/><T16/><D16/><AGARI ba="0,1" hai="16,23,24,40,43,55,57,60,96,103,104" m="44139" machi="16" ten="30,2000,0" yaku="15,1,54,1" doraHai="78" who="3" fromWho="0" sc="406,-20,256,0,236,0,92,30" /><INIT seed="5,0,0,4,3,33" ten="386,256,236,122" oya="1" hai0="99,100,17,43,125,27,115,25,71,63,70,44,94" hai1="106,42,21,62,73,22,67,98,133,123,80,89,104" hai2="84,95,103,2,64,129,47,105,112,31,88,97,61" hai3="126,24,91,10,116,82,75,130,96,4,128,60,65"/><U23/><E123/><V40/><F129/><N who="3" m="49771" /><G96/><T57/><D115/><U120/><E133/><V101/><F112/><W28/><G91/><T66/><D125/><U72/><E42/><V93/><F31/><W34/><G126/><T39/><D17/><U78/><E120/><V90/><F2/><N who="3" m="279" /><G82/><T109/><D109/><U79/><E89/><V81/><F105/><W102/><G102/><T113/><D113/><U69/><E98/><V58/><REACH who="2" step="1"/><F81/><AGARI ba="0,0" hai="21,22,23,62,67,69,72,73,78,79,80,81,104,106" machi="81" ten="40,2000,0" yaku="9,1" doraHai="33" who="1" fromWho="2" sc="386,0,256,20,236,-20,122,0" /><INIT seed="5,1,0,4,3,101" ten="386,276,216,122" oya="1" hai0="131,69,0,107,43,63,134,68,125,7,121,50,48" hai1="95,127,8,24,37,119,19,38,113,16,29,100,133" hai2="33,31,1,64,115,67,41,11,126,52,44,109,116" hai3="110,14,96,27,79,21,55,9,89,58,99,112,70"/><U28/><E119/><V25/><F109/><W132/><G110/><T39/><D7/><U49/><E133/><V56/><F116/><W59/><G70/><T12/><D12/><U80/><E127/><V92/><F126/><W97/><G132/><T47/><D0/><U105/><E95/><V78/><F115/><W90/><G79/><T118/><D118/><U53/><E80/><V98/><F78/><W45/><G112/><T42/><D125/><U128/><E128/><V26/><F26/><W2/><G45/><T32/><D32/><U84/><E84/><V72/><F72/><W74/><G74/><T10/><D10/><U122/><E122/><V5/><F44/><W15/><G2/><T76/><D76/><U103/><E113/><V57/><F41/><W82/><G82/><T130/><D134/><U4/><E24/><V87/><F87/><W106/><G106/><T85/><D85/><U93/><E105/><V60/><REACH who="2" step="1"/><F57/><REACH who="2" ten="386,276,206,122" step="2"/><W17/><G59/><T34/><D47/><U30/><E30/><V129/><F129/><W135/><G135/><T54/><D131/><U22/><E29/><V86/><F86/><W20/><G27/><T36/><D130/><U77/><E28/><V71/><F71/><W88/><REACH who="3" step="1"/><G15/><REACH who="3" ten="386,276,206,112" step="2"/><T104/><D121/><U61/><E77/><V75/><F75/><W3/><G3/><T108/><D108/><U23/><E93/><V35/><F35/><W83/><G83/><T65/><D34/><U111/><E111/><V124/><F124/><W123/><G123/><T40/><D69/><U46/><E46/><V73/><F73/><RYUUKYOKU ba="1,2" sc="386,-15,276,-15,206,15,112,15" hai2="1,5,11,25,31,33,52,56,60,64,67,92,98" hai3="9,14,17,20,21,55,58,88,89,90,96,97,99" /><INIT seed="6,2,2,1,4,32" ten="371,261,221,127" oya="2" hai0="83,62,57,53,81,98,88,132,54,5,112,35,108" hai1="44,1,106,72,117,52,48,101,118,59,91,94,71" hai2="51,116,74,89,123,124,67,21,9,111,134,0,41" hai3="63,12,109,95,69,13,38,100,110,2,79,114,70"/><V16/><F123/><W27/><G38/><T45/><D108/><U11/><E71/><V113/><F116/><W3/><G79/><T78/><D35/><U75/><E106/><V29/><F113/><W20/><G114/><T92/><D112/><U15/><E101/><V31/><F111/><W97/><G63/><T42/><D132/><U30/><E1/><V7/><F74/><W65/><G65/><T26/><D54/><U86/><E30/><V102/><F134/><W28/><G70/><T120/><D120/><U17/><REACH who="1" step="1"/><E59/><REACH who="1" ten="371,251,221,127" step="2"/><V47/><F102/><W82/><G69/><T40/><D57/><U73/><AGARI ba="2,3" hai="11,15,17,44,48,52,72,73,75,86,91,94,117,118" machi="73" ten="30,7900,0" yaku="1,1,2,1,0,1,54,1,53,0" doraHai="32" doraHaiUra="133" who="1" fromWho="1" sc="371,-22,251,115,221,-41,127,-22" /><INIT seed="7,0,0,5,5,118" ten="349,366,180,105" oya="3" hai0="104,13,130,121,74,40,66,117,28,119,96,123,0" hai1="88,59,95,107,135,17,99,108,24,41,32,87,69" hai2="18,10,53,126,42,84,115,26,45,31,52,64,12" hai3="76,100,73,94,58,48,128,112,127,131,27,89,25"/><W111/><G100/><N who="0" m="62471" /><D0/><U39/><E108/><V51/><F115/><W86/><G112/><T102/><D74/><U71/><E135/><V62/><F126/><W80/><G127/><T50/><D130/><N who="3" m="49705" /><G111/><T92/><D66/><U124/><E124/><V7/><F84/><W79/><G79/><T46/><D28/><U55/><E41/><V98/><F98/><W38/><G38/><T63/><D63/><U75/><E39/><V113/><F113/><W22/><G22/><T54/><D13/><U134/><E134/><V68/><F7/><W19/><G19/><T29/><D29/><U109/><E109/><V11/><F10/><W116/><G116/><N who="0" m="44619" /><D40/><U5/><E5/><V105/><F105/><W83/><G83/><T1/><D1/><U43/><E43/><V72/><F72/><W44/><G58/><T37/><D37/><U114/><E114/><V4/><F4/><W3/><G3/><T14/><D14/><U93/><E107/><V132/><F132/><W70/><G70/><T106/><D106/><U9/><E71/><V122/><F122/><N who="0" m="46602" /><D102/><U90/><E69/><V82/><F82/><W49/><G49/><T56/><D92/><U125/><E125/><V15/><F15/><W60/><G60/><T36/><D36/><U120/><E120/><V129/><F129/><W30/><G30/><T16/><D16/><U2/><E17/><V67/><F67/><W35/><G35/><AGARI ba="0,0" hai="11,12,18,26,31,35,42,45,51,52,53,62,64,68" machi="35" ten="30,2000,0" yaku="7,1,54,1" doraHai="118" who="2" fromWho="3" sc="349,0,366,0,180,20,105,-20" owari="349,15.0,366,46.0,200,-20.0,85,-41.0" /></mjloggm>