<mjloggm ver="2.3"><GO type="41" lobby="0"/><UN n0="%E5%90%8D%E5%89%8D%E3%81%A9%E3%81%86%E3%81%99%E3%81%A3%E3%81%8B%EF%BC%9F" n1="%E2%93%9D%53%75%70%68%78" n2="%E3%81%A5%E3%82%89%E3%82%89" n3="%E3%81%B5%E3%81%8F%E3%82%8D%E3%81%86%31%30%39" dan="14,16,15,15" rate="1928.91,2064.62,2018.35,1970.50" sx="M,M,M,M"/><TAIKYOKU oya="0"/><INIT seed="0,0,0,5,1,74" ten="250,250,250,250" oya="0" hai0="31,13,56,85,8,77,80,63,87,115,7,61,49" hai1="134,37,35,33,59,40,89,131,81,70,122,4,132" hai2="50,106,126,18,120,12,127,27,28,104,116,94,108" hai3="103,46,26,68,60,41,86,90,15,128,65,109,47"/><T42/><D115/><U72/><E59/><V111/><F120/><W118/><G109/><N who="2" m="42057" /><F50/><W69/><G118/><T55/><D31/><U0/><E89/><V119/><F94/><W64/><G128/><T91/><REACH who="0" step="1"/><D42/><REACH who="0" ten="240,250,250,250" step="2"/><U29/><E29/><V96/><F104/><W66/><G41/><T67/><D67/><U133/><E40/><V107/><F107/><W82/><G66/><T121/><D121/><U21/><E122/><V105/><F105/><W1/><G65/><T58/><D58/><U129/><E129/><V88/><F106/><W53/><G64/><T114/><D114/><U34/><E131/><V83/><F119/><W11/><G69/><T5/><D5/><U125/><E4/><V75/><F116/><W38/><G68/><T102/><D102/><U39/><E70/><V19/><F127/><W73/><G53/><T101/><D101/><U79/><E125/><V9/><F126/><W97/><G103/><T54/><D54/><U92/><E0/><V25/><F28/><W95/><G47/><T10/><D10/><U2/><E2/><V24/><F9/><W48/><G46/><T45/><D45/><U99/><E21/><V124/><F124/><W78/><G1/><T71/><D71/><U20/><E20/><V113/><F113/><W117/><G11/><T43/><D43/><U112/><E112/><V98/><F27/><W100/><G26/><T6/><D6/><U16/><E16/><V32/><F25/><W44/><G117/><T130/><D130/><U52/><E52/><V22/><F24/><W57/><G44/><T30/><D30/><RYUUKYOKU ba="0,1" sc="240,15,250,15,250,-15,250,-15" hai0="7,8,13,49,55,56,61,63,77,80,85,87,91" hai1="33,34,35,37,39,72,79,81,92,99,132,133,134" /><INIT seed="0,1,1,3,3,73" ten="255,265,235,235" oya="0" hai0="2,9,67,130,26,46,18,70,119,16,77,88,32" hai1="36,98,10,40,118,94,117,128,25,103,86,78,123" hai2="1,58,100,60,43,74,126,131,3,82,101,23,47" hai3="39,96,113,56,99,12,63,0,27,84,80,97,124"/><T37/><D119/><U93/><E123/><V132/><F131/><W57/><G113/><T6/><D70/><U52/><E128/><V53/><F132/><W112/><G112/><T11/><D67/><U8/><E40/><V90/><F126/><W35/><G124/><T31/><D130/><U109/><E36/><V33/><F33/><W21/><G0/><T83/><D11/><U107/><E109/><V110/><F110/><W34/><G39/><T54/><D88/><U71/><E71/><V14/><F14/><W102/><G102/><T15/><D54/><U5/><E25/><V76/><F23/><W64/><G56/><T48/><D48/><U105/><E10/><V50/><REACH who="2" step="1"/><F90/><REACH who="2" ten="255,265,225,235" step="2"/><W68/><G12/><T121/><D15/><U114/><E114/><V49/><F49/><W134/><G134/><T17/><D121/><U62/><E118/><V69/><F69/><W92/><G68/><T85/><REACH who="0" step="1"/><D18/><REACH who="0" ten="245,265,225,235" step="2"/><U7/><E117/><V129/><F129/><W91/><G91/><T135/><D135/><U66/><E7/><V30/><F30/><W72/><G63/><T127/><D127/><U61/><E61/><V89/><F89/><W108/><G108/><T75/><D75/><U38/><E62/><V29/><F29/><W120/><G72/><T59/><D59/><U65/><E38/><V13/><F13/><W104/><G57/><T125/><D125/><U41/><E5/><V19/><F19/><W20/><G120/><T45/><D45/><U87/><E8/><V24/><F24/><W116/><G27/><T22/><D22/><U122/><E122/><RYUUKYOKU ba="1,3" sc="245,15,265,-15,225,15,235,-15" hai0="2,6,9,16,17,26,31,32,37,46,77,83,85" hai2="1,3,43,47,50,53,58,60,74,76,82,100,101" /><INIT seed="0,2,3,4,5,82" ten="260,250,240,220" oya="0" hai0="91,38,100,132,105,19,30,33,81,14,16,13,56" hai1="124,54,53,94,89,121,17,127,61,93,57,118,109" hai2="128,129,52,4,74,51,101,107,65,47,68,28,113" hai3="43,58,108,55,119,11,126,46,135,66,20,45,87"/><T112/><D112/><U86/><E118/><V9/><F113/><W73/><G119/><T106/><D38/><U27/><E121/><V64/><F74/><W50/><G108/><T131/><D100/><U40/><E40/><V6/><F28/><W15/><G135/><T79/><D91/><U115/><E115/><V103/><F4/><W70/><G126/><N who="1" m="48170" /><E109/><V18/><F18/><W24/><G73/><T97/><D97/><U59/><E17/><V63/><F65/><W37/><G46/><T125/><D125/><U36/><E27/><V102/><REACH who="2" step="1"/><F107/><REACH who="2" ten="260,250,230,220" step="2"/><W75/><G75/><T77/><D132/><U2/><E2/><AGARI ba="2,4" hai="2,6,9,47,51,52,63,64,68,101,102,103,128,129" machi="2" ten="40,8000,1" yaku="1,1,2,1,54,1,53,1" doraHai="82" doraHaiUra="48" who="2" fromWho="1" sc="260,0,250,-86,230,126,220,0" /><INIT seed="1,0,0,5,0,129" ten="260,164,356,220" oya="1" hai0="9,101,29,67,42,119,108,134,97,12,5,44,69" hai1="47,115,16,65,39,72,93,124,25,130,7,62,100" hai2="15,55,77,113,114,0,103,43,34,127,88,86,120" hai3="82,70,132,33,52,112,80,11,60,57,73,71,35"/><U8/><E115/><N who="2" m="44043" /><F0/><W18/><G112/><T27/><D119/><U89/><E72/><V2/><F2/><W59/><G11/><T50/><D108/><U79/><E79/><V63/><F34/><W37/><G18/><T117/><D117/><U48/><E39/><V99/><F127/><W123/><G37/><T61/><D27/><U106/><E106/><N who="2" m="63871" /><F43/><W107/><G107/><T131/><D29/><U87/><E130/><V49/><F63/><W66/><G123/><T90/><D90/><U85/><E100/><V81/><F15/><W78/><G82/><T51/><D131/><U10/><E124/><V36/><F36/><W21/><G21/><T14/><D51/><U128/><E128/><V111/><F111/><W23/><G23/><T46/><D46/><U83/><E7/><V84/><F49/><W126/><G126/><T3/><D134/><U118/><E118/><V91/><F55/><W121/><G132/><T17/><D17/><U22/><E62/><V45/><F45/><W4/><G4/><T31/><D31/><U109/><E109/><V24/><F24/><W30/><G121/><T76/><D76/><N who="1" m="46311" /><E65/><V56/><F56/><W116/><G116/><T54/><D42/><AGARI ba="0,0" hai="8,10,16,22,25,42,47,48,87,89,93" m="46311" machi="42" ten="30,2900,0" yaku="8,1,54,1" doraHai="129" who="1" fromWho="0" sc="260,-29,164,29,356,0,220,0" /><INIT seed="1,1,0,1,3,91" ten="231,193,356,220" oya="1" hai0="102,84,33,5,56,34,117,129,19,104,68,110,67" hai1="49,63,23,73,113,47,111,21,10,77,18,51,123" hai2="70,108,25,95,80,79,75,9,36,69,96,41,12" hai3="13,72,39,26,76,58,120,112,52,0,17,121,74"/><U85/><E113/><V116/><F108/><W62/><G112/><T30/><D117/><U115/><E123/><V53/><F116/><W71/><G0/><T32/><D129/><U119/><E73/><V61/><F25/><W45/><G26/><T11/><D19/><U38/><E38/><V35/><F35/><W90/><G90/><T106/><D56/><U114/><E119/><V24/><F24/><W107/><G107/><T135/><D135/><U64/><E111/><V40/><F61/><W43/><G72/><T29/><D84/><U59/><E115/><V133/><F133/><W46/><G46/><T50/><D50/><U42/><E51/><V86/><F53/><W3/><G3/><T48/><D48/><U132/><E132/><V55/><F55/><W31/><G31/><T14/><D106/><U65/><E65/><V7/><F75/><W22/><REACH who="3" step="1"/><G71/><REACH who="3" ten="231,193,356,210" step="2"/><T83/><D110/><U128/><E114/><V2/><F2/><W66/><G66/><T124/><D83/><AGARI ba="1,1" hai="13,17,22,39,43,45,52,58,62,74,76,83,120,121" machi="83" ten="40,2600,0" yaku="1,1,54,1,53,0" doraHai="91" doraHaiUra="60" who="3" fromWho="0" sc="231,-29,193,0,356,0,210,39" /><INIT seed="2,0,0,4,0,7" ten="202,193,356,249" oya="2" hai0="120,54,34,74,106,25,116,9,3,65,71,22,82" hai1="94,41,91,18,17,103,49,101,24,33,113,123,27" hai2="128,125,119,63,67,38,96,129,31,37,104,127,99" hai3="50,111,70,11,64,51,133,87,78,126,68,57,47"/><V5/><F119/><W97/><G111/><T85/><D74/><U121/><E41/><V8/><F31/><W80/><G133/><T100/><D120/><N who="1" m="46155" /><E49/><V86/><F86/><W53/><G126/><N who="2" m="48137" /><F63/><W15/><G97/><N who="2" m="37449" /><F67/><W93/><G93/><T61/><D34/><U6/><E94/><V16/><F104/><W0/><G0/><T36/><D100/><N who="1" m="38475" /><E33/><V19/><F5/><W13/><G13/><T12/><D3/><U84/><E6/><V112/><F112/><W83/><G83/><T135/><D36/><N who="2" m="13930" /><F8/><W23/><G23/><T122/><D135/><U98/><E98/><V117/><F117/><W124/><G124/><T131/><D106/><U32/><E32/><V73/><F73/><W29/><G29/><T79/><D122/><U46/><E113/><V72/><F72/><W75/><G75/><T95/><D95/><N who="1" m="54759" /><E18/><AGARI ba="0,0" hai="16,18,19,128,129" m="13930,37449,48137" machi="18" ten="40,12000,1" yaku="28,2,18,1,54,1" doraHai="7" who="2" fromWho="1" sc="202,0,193,-120,356,120,249,0" /><INIT seed="2,1,0,5,2,26" ten="202,73,476,249" oya="2" hai0="44,21,97,9,75,36,130,79,95,46,22,33,11" hai1="101,52,13,124,24,67,64,61,81,49,117,123,17" hai2="60,43,102,131,0,105,76,31,128,3,92,86,19" hai3="83,5,118,108,94,50,109,107,132,65,66,15,89"/><V1/><F31/><W6/><G118/><T88/><D33/><U120/><E117/><V55/><F105/><W30/><G132/><T12/><D11/><U78/><E101/><V115/><F43/><W77/><G107/><T51/><D130/><N who="2" m="49706" /><F115/><W134/><G134/><T99/><D99/><U40/><E40/><V114/><F114/><W80/><G50/><T32/><D32/><U39/><E24/><V56/><F19/><W14/><G94/><T91/><D44/><U37/><E124/><V38/><F38/><W62/><G62/><T87/><D79/><U57/><E39/><V135/><F135/><W111/><G89/><T41/><D75/><U106/><E37/><V73/><F73/><W133/><G133/><T116/><D36/><U84/><E106/><V96/><F86/><W71/><G30/><T27/><D27/><U110/><E110/><V34/><F34/><W8/><G71/><T18/><D116/><U74/><E74/><V112/><F112/><W53/><G53/><T82/><AGARI ba="1,0" hai="9,12,18,21,22,41,46,51,82,87,88,91,95,97" machi="82" ten="20,5200,0" yaku="0,1,7,1,8,1,54,1" doraHai="26" who="0" fromWho="0" sc="202,55,73,-14,476,-27,249,-14" /><INIT seed="3,0,0,4,4,22" ten="257,59,449,235" oya="3" hai0="68,38,41,80,135,39,2,82,71,106,19,46,64" hai1="45,117,83,7,51,26,96,25,65,49,109,88,9" hai2="79,120,48,18,78,37,14,115,11,72,13,123,35" hai3="61,53,105,85,1,103,87,91,6,8,74,114,92"/><W34/><G114/><T104/><D135/><U93/><E109/><V42/><F37/><W76/><G34/><T32/><D19/><U44/><E117/><V95/><F35/><W100/><G85/><T98/><D39/><U122/><E122/><N who="2" m="46635" /><F95/><W111/><G111/><T134/><D134/><U55/><E65/><V54/><F42/><W77/><G77/><T57/><D57/><U128/><E128/><V36/><F36/><W29/><G29/><T131/><D2/><U97/><E97/><V73/><F115/><W125/><G125/><T118/><D131/><U108/><E108/><V30/><F30/><W130/><G130/><T113/><D118/><U126/><E83/><V110/><F110/><W40/><G40/><T56/><D56/><U10/><E126/><V17/><F73/><W99/><G103/><T23/><D23/><U59/><E59/><N who="2" m="33223" /><F72/><W84/><G84/><T86/><D86/><U0/><REACH who="1" step="1"/><E10/><AGARI ba="0,0" hai="10,11,13,14,17,18,78,79" m="33223,46635" machi="10" ten="30,1000,0" yaku="13,1" doraHai="22" who="2" fromWho="1" sc="257,0,59,-10,449,10,235,0" /><INIT seed="4,0,0,5,1,106" ten="257,49,459,235" oya="0" hai0="26,64,93,11,43,22,114,61,54,123,21,27,12" hai1="23,46,30,118,6,49,35,126,57,53,133,19,130" hai2="78,74,37,119,20,15,7,88,31,9,10,28,69" hai3="82,0,94,117,68,55,81,39,121,127,109,42,58"/><T48/><D123/><U29/><E118/><V97/><F37/><W50/><G121/><T84/><D43/><U105/><E105/><V66/><F69/><W71/><G117/><T56/><D114/><U75/><E130/><V129/><F66/><W113/><G109/><T52/><D93/><U60/><E133/><V115/><F129/><W4/><G113/><T8/><D84/><U95/><E35/><V98/><F78/><W101/><G127/><T2/><D2/><U79/><E6/><V89/><F74/><W67/><G0/><T33/><D33/><U132/><E132/><V24/><F119/><W134/><G4/><T45/><D12/><U51/><E126/><V5/><F115/><W40/><G134/><T38/><D64/><U108/><E108/><V3/><REACH who="2" step="1"/><F31/><REACH who="2" ten="257,49,449,235" step="2"/><W90/><G71/><T70/><D70/><U104/><E30/><V102/><F102/><W99/><G101/><T125/><D38/><U72/><E29/><V91/><AGARI ba="0,1" hai="3,5,7,9,10,15,20,24,28,88,89,91,97,98" machi="91" ten="30,4000,0" yaku="1,1,0,1,54,1,53,0" doraHai="106" doraHaiUra="135" who="2" fromWho="2" sc="257,-20,49,-10,449,50,235,-10" /><INIT seed="5,0,0,4,1,14" ten="237,39,499,225" oya="1" hai0="98,100,13,88,9,51,71,107,12,48,104,74,16" hai1="90,70,20,119,34,91,135,18,112,45,31,22,72" hai2="2,53,84,108,37,55,125,80,111,3,106,33,26" hai3="105,15,41,73,110,102,52,122,76,128,96,83,4"/><U124/><E119/><V114/><F106/><W95/><G122/><T24/><D71/><U17/><E70/><V49/><F37/><W69/><G128/><T19/><D74/><U127/><E72/><V62/><F62/><W40/><G110/><T0/><D0/><U120/><E120/><V35/><F26/><W82/><G69/><T7/><D107/><U8/><E8/><V129/><F80/><W113/><G113/><T61/><D61/><U42/><E31/><V86/><F125/><N who="1" m="48201" /><E34/><V64/><F49/><W81/><G81/><T65/><D65/><U97/><E135/><V68/><F68/><W32/><G32/><T118/><D118/><U101/><E112/><V39/><F114/><W115/><G83/><T30/><D88/><N who="1" m="33835" /><E22/><V130/><F64/><W93/><G115/><T89/><D89/><U92/><E20/><V85/><F85/><W117/><G117/><T123/><D123/><U23/><E23/><V29/><F39/><AGARI ba="0,0" hai="17,18,39,42,45,92,97,101" m="33835,48201" machi="39" ten="30,11600,0" yaku="18,1,52,2,54,1" doraHai="14" who="1" fromWho="2" sc="237,0,39,116,499,-116,225,0" /><INIT seed="5,1,0,2,1,26" ten="237,155,383,225" oya="1" hai0="132,108,127,62,90,57,51,14,61,24,83,31,15" hai1="11,6,77,129,114,84,71,58,82,65,110,13,12" hai2="135,126,30,47,87,130,41,4,109,33,125,80,39" hai3="85,10,40,74,78,103,105,27,91,53,116,45,69"/><U121/><E121/><V56/><F109/><W37/><G116/><T117/><D108/><U66/><E110/><V111/><F111/><W118/><G118/><T72/><D117/><U44/><E71/><V5/><F130/><W59/><G10/><T16/><D127/><N who="2" m="48650" /><F135/><W102/><G27/><T19/><D132/><U63/><E129/><V55/><F30/><W88/><G69/><T60/><D51/><U34/><E114/><V94/><F94/><W92/><G105/><T120/><D120/><U7/><E34/><V25/><F25/><W98/><G74/><T52/><D72/><U28/><E44/><V99/><F99/><W107/><G78/><T128/><D128/><U35/><E35/><V100/><F100/><W3/><G3/><T2/><D2/><U76/><E76/><N who="2" m="46471" /><F33/><W49/><REACH who="3" step="1"/><G107/><REACH who="3" ten="237,155,383,215" step="2"/><T93/><D83/><AGARI ba="1,1" hai="37,40,45,49,53,59,83,85,88,91,92,98,102,103" machi="83" ten="30,7700,0" yaku="1,1,2,1,7,1,54,1,53,0" doraHai="26" doraHaiUra="104" who="3" fromWho="0" sc="237,-80,155,0,383,0,215,90" /><INIT seed="6,0,0,5,4,115" ten="157,155,383,305" oya="2" hai0="6,117,1,47,14,59,126,118,103,123,134,74,82" hai1="124,18,81,60,67,22,12,129,97,52,128,41,63" hai2="4,68,83,79,30,65,133,43,57,72,116,113,84" hai3="39,46,86,40,37,127,61,9,10,119,93,77,69"/><V56/><F116/><N who="0" m="44650" /><D123/><U85/><E41/><V94/><F43/><W99/><G127/><T3/><D126/><U76/><E124/><V107/><F30/><W104/><G104/><T101/><D134/><U135/><E135/><V122/><F4/><W109/><G109/><T32/><D32/><U29/><E97/><V90/><F107/><W15/><G119/><T55/><D47/><U78/><E29/><V49/><F49/><W88/><G37/><T8/><D82/><U110/><E110/><V51/><F51/><W48/><G39/><T71/><D71/><U73/><E78/><V54/><F65/><W98/><G9/><T92/><D74/><U38/><E38/><V16/><F68/><W66/><G77/><T25/><D25/><U132/><E132/><V28/><F133/><W108/><G108/><T13/><D13/><U120/><E120/><V23/><F72/><W45/><G45/><T130/><D130/><N who="1" m="50283" /><E73/><V111/><F79/><W75/><G75/><T50/><D92/><U24/><E24/><V112/><F94/><W125/><G125/><T95/><D95/><U2/><E2/><AGARI ba="0,0" hai="1,2,3,6,8,14,50,55,59,101,103" m="44650" machi="2" ten="30,7700,0" yaku="12,1,52,3" doraHai="115" who="0" fromWho="1" sc="157,77,155,-77,383,0,305,0" /><INIT seed="7,0,0,4,3,125" ten="234,78,383,305" oya="3" hai0="33,84,60,90,78,93,130,56,36,29,47,95,71" hai1="113,63,30,134,22,10,112,6,101,109,70,85,38" hai2="94,44,122,123,133,73,34,14,42,131,40,12,116" hai3="52,69,107,114,115,32,2,86,128,92,119,106,48"/><W53/><G119/><T26/><D71/><U77/><E101/><V97/><F131/><W118/><G118/><T59/><D78/><U111/><E85/><V72/><F133/><W121/><G121/><N who="2" m="46089" /><F34/><W11/><G32/><T54/><D130/><U51/><E77/><V24/><F24/><W67/><G128/><T129/><D129/><U50/><E22/><V25/><F25/><W43/><G43/><N who="2" m="16425" /><F44/><W68/><G86/><T102/><D47/><U8/><E6/><V79/><F116/><W103/><G92/><T35/><D36/><U4/><E4/><V20/><F20/><W76/><G76/><T37/><D37/><U0/><E38/><V75/><F79/><W15/><G2/><T127/><D127/><U13/><E13/><V110/><F110/><W27/><G27/><T120/><D120/><U117/><E117/><V19/><F19/><W45/><G53/><T7/><D7/><U96/><E0/><V100/><AGARI ba="0,0" hai="12,14,72,73,75,94,97,100" m="16425,46089" machi="100" ten="40,1500,0" yaku="13,1" doraHai="125" who="2" fromWho="2" sc="234,-4,78,-4,383,15,305,-7" owari="230,-17.0,74,-43.0,398,50.0,298,10.0" /></mjloggm>