<mjloggm ver="2.3"><GO type="41" lobby="0"/><UN n0="%62%69%6F%73%74%61" n1="%50%45%43%4F" n2="%E3%82%A2%E3%83%AA%E3%83%8A%E3%83%BB%E3%82%B0%E3%83%AC%E3%82%A4" n3="%E2%93%9D%53%75%70%68%78" dan="14,14,15,16" rate="1974.88,1881.61,2057.20,2070.81" sx="M,M,F,M"/><TAIKYOKU oya="0"/><INIT seed="0,0,0,4,2,56" ten="250,250,250,250" oya="0" hai0="34,49,86,15,16,14,78,4,100,45,116,54,95" hai1="32,67,1,74,41,77,133,111,114,90,7,124,81" hai2="25,61,123,33,60,37,42,65,101,125,10,51,105" hai3="99,128,19,17,35,98,62,39,6,118,80,94,27"/><T106/><D116/><U109/><E32/><V93/><F123/><W28/><G39/><T52/><D34/><U107/><E67/><V112/><F112/><W46/><G128/><T104/><D4/><U108/><E114/><V72/><F72/><W9/><G99/><N who="0" m="59519" /><D106/><U50/><E50/><V70/><F93/><W127/><G127/><T126/><D104/><U53/><E53/><V69/><F125/><W83/><G46/><T38/><D38/><U3/><E7/><V63/><F37/><W55/><G118/><T134/><D126/><U113/><E124/><V91/><F91/><W68/><G19/><T48/><D134/><U5/><E5/><V36/><F36/><W117/><G17/><T85/><D14/><U121/><E113/><V29/><F10/><W8/><G8/><N who="0" m="6247" /><D78/><U73/><E3/><V132/><F69/><W58/><G68/><T12/><D12/><U30/><E1/><V88/><F132/><W31/><G117/><T20/><D20/><U47/><E30/><V11/><F11/><W40/><G31/><T79/><D79/><U22/><E22/><V82/><F42/><W97/><G40/><T103/><D103/><U119/><E133/><V64/><F64/><W26/><G26/><T110/><D110/><U96/><E119/><V59/><F101/><N who="3" m="60599" /><G98/><T0/><D0/><U71/><E71/><V43/><F105/><W135/><G135/><T75/><D75/><U18/><E74/><V130/><F130/><W131/><G131/><T84/><D84/><N who="1" m="48175" /><E111/><V24/><F29/><W87/><G87/><T13/><D13/><U2/><E109/><RYUUKYOKU ba="0,0" sc="250,15,250,-15,250,-15,250,15" hai0="45,48,49,52,54,85,86" hai3="6,9,27,28,35,55,58,62,80,83" /><INIT seed="0,1,0,5,5,5" ten="265,235,235,265" oya="0" hai0="53,51,79,135,25,39,117,84,4,8,3,60,16" hai1="121,30,26,62,12,49,128,66,120,40,56,99,57" hai2="43,110,52,31,34,37,24,73,132,131,101,61,18" hai3="113,63,89,106,44,107,103,92,108,88,38,93,29"/><T134/><D117/><U102/><E128/><V123/><F123/><W1/><G29/><T81/><D39/><U10/><E40/><V129/><F73/><W82/><G63/><T91/><D60/><U28/><E49/><V85/><F132/><W19/><G19/><T125/><D125/><U47/><E47/><V13/><F110/><W11/><G44/><T94/><D25/><U14/><E14/><V133/><F133/><W35/><G35/><T76/><D76/><U69/><E30/><V116/><F116/><W64/><G64/><T7/><D7/><U46/><E46/><V77/><F37/><W23/><G23/><T71/><D71/><U36/><E36/><V33/><F43/><W54/><G113/><T27/><D27/><U118/><E118/><V96/><F33/><W78/><G54/><T0/><D0/><U22/><E57/><V9/><F52/><W75/><G38/><T80/><D80/><U119/><E69/><V104/><REACH who="2" step="1"/><F61/><REACH who="2" ten="265,235,225,265" step="2"/><W124/><G108/><T114/><D135/><U90/><E119/><V20/><F20/><W100/><G75/><T111/><D134/><U74/><E74/><V45/><F45/><W98/><G124/><T68/><D111/><U115/><E115/><V2/><F2/><W32/><G32/><T67/><D114/><U112/><E112/><V109/><F109/><W55/><G55/><T42/><D42/><U72/><E72/><V105/><F105/><W130/><G107/><T86/><D53/><U41/><E41/><V87/><F87/><W15/><G106/><T83/><D3/><U65/><E22/><RYUUKYOKU ba="1,1" sc="265,-10,235,-10,225,30,265,-10" hai2="9,13,18,24,31,34,77,85,96,101,104,129,131" /><INIT seed="1,2,1,2,5,89" ten="255,225,255,255" oya="1" hai0="100,19,78,43,135,92,18,35,93,97,33,69,79" hai1="72,52,105,73,10,131,0,38,31,29,34,11,84" hai2="13,27,56,39,47,96,128,58,3,46,22,120,130" hai3="115,54,51,107,118,87,44,82,65,6,123,40,106"/><U66/><E105/><V16/><F120/><W132/><G115/><T122/><D69/><U59/><E38/><V119/><F119/><W75/><G75/><T77/><D43/><U125/><E66/><V88/><F3/><W67/><G132/><T50/><D50/><U112/><E84/><V20/><F39/><W109/><G109/><T63/><D63/><U90/><E90/><V91/><F91/><W64/><G123/><T102/><D79/><U85/><E85/><V48/><F128/><W15/><G118/><T36/><D36/><U2/><E59/><N who="2" m="22571" /><F48/><W121/><G121/><T61/><D61/><U4/><E34/><V45/><F130/><W134/><G134/><T80/><D122/><U98/><E131/><V32/><F32/><W17/><G6/><T5/><D5/><U7/><E112/><V28/><F45/><W1/><G1/><T126/><D135/><U60/><E60/><V95/><AGARI ba="2,1" hai="13,16,20,22,27,28,46,47,88,95,96" m="22571" machi="95" ten="30,7900,0" yaku="8,1,52,1,54,2" doraHai="89" who="2" fromWho="2" sc="255,-22,225,-41,255,95,255,-22" /><INIT seed="2,0,0,4,5,74" ten="233,184,350,233" oya="2" hai0="99,115,121,53,37,45,4,131,80,23,48,86,100" hai1="112,50,70,7,33,28,83,113,132,130,76,116,71" hai2="24,125,87,62,94,85,104,65,91,10,44,64,75" hai3="26,108,117,114,15,22,69,67,32,120,106,39,42"/><V46/><F75/><W60/><G117/><T107/><D115/><U30/><E116/><V124/><F104/><W0/><G120/><T35/><D35/><U126/><E7/><V111/><F10/><W56/><G108/><T72/><D72/><U63/><E130/><V105/><F105/><W13/><G0/><T27/><D4/><U103/><E103/><V84/><F111/><W52/><G32/><T25/><D37/><U66/><E132/><V38/><F24/><W82/><G106/><T97/><D97/><U17/><E50/><V12/><F12/><W18/><G114/><T93/><D107/><U57/><E71/><V61/><F91/><W89/><G82/><T20/><D131/><U122/><E122/><V8/><F8/><W16/><G89/><T2/><D2/><U47/><E47/><N who="2" m="17963" /><F94/><W49/><G39/><T6/><D6/><U55/><E113/><V3/><F3/><W88/><G42/><T96/><D96/><U11/><E112/><V98/><F98/><W59/><G69/><T51/><D51/><U34/><E33/><V78/><F78/><W102/><G102/><T68/><D68/><U110/><E34/><V73/><F73/><W129/><G129/><T77/><D121/><U21/><E110/><V1/><F38/><W101/><G101/><T119/><D119/><U79/><E11/><V36/><F1/><W5/><G5/><T9/><D9/><U58/><E79/><V14/><F14/><N who="3" m="5131" /><G88/><T31/><D31/><AGARI ba="0,0" hai="16,18,22,26,31,49,52,56,59,60,67" m="5131" machi="31" ten="30,3900,0" yaku="8,1,54,2" doraHai="74" who="3" fromWho="0" sc="233,-39,184,0,350,0,233,39" /><INIT seed="3,0,0,0,2,5" ten="194,184,350,272" oya="3" hai0="67,82,105,43,37,17,65,121,104,31,72,132,91" hai1="60,106,117,73,45,16,83,68,120,107,15,79,115" hai2="13,3,20,19,36,78,56,118,66,129,51,39,29" hai3="44,130,34,53,103,90,35,59,48,88,32,75,92"/><W63/><G130/><T30/><D121/><U122/><E115/><V80/><F118/><W116/><G116/><T26/><D132/><U96/><E117/><V12/><F3/><W84/><G75/><T110/><D110/><U55/><E45/><V64/><F129/><W99/><REACH who="3" step="1"/><G84/><REACH who="3" ten="194,184,350,262" step="2"/><T1/><D72/><U114/><E114/><V85/><F85/><W7/><G7/><T8/><D82/><U113/><E113/><V97/><F80/><W50/><G50/><T33/><D37/><U135/><E135/><V94/><F36/><W28/><G28/><T14/><D31/><U24/><E122/><V22/><F39/><W108/><G108/><T76/><D30/><U124/><E120/><V111/><F111/><W89/><G89/><T70/><D76/><U11/><E73/><V6/><F78/><W74/><G74/><T98/><D98/><U40/><E79/><V134/><F134/><W21/><G21/><T25/><D33/><U119/><E119/><V0/><F20/><W49/><G49/><T86/><D86/><U77/><E96/><V62/><F51/><W23/><G23/><T18/><D43/><AGARI ba="0,1" hai="32,34,35,43,44,48,53,59,63,88,90,92,99,103" machi="43" ten="40,7700,0" yaku="1,1,54,1,53,1" doraHai="5" doraHaiUra="38" who="3" fromWho="0" sc="194,-77,184,0,350,0,262,87" /><INIT seed="3,1,0,1,4,50" ten="117,184,350,349" oya="3" hai0="21,78,102,44,121,99,29,115,5,108,110,76,67" hai1="39,24,37,109,6,93,3,106,59,135,90,30,104" hai2="20,94,19,79,11,26,56,87,129,128,114,120,98" hai3="46,125,57,17,47,130,51,34,62,101,85,72,38"/><W32/><G72/><T49/><D121/><U7/><E109/><N who="0" m="42089" /><D5/><U112/><E112/><V70/><F114/><W31/><G130/><N who="2" m="50281" /><F120/><W127/><G101/><T54/><D67/><U95/><E59/><V119/><F119/><W122/><G31/><T113/><D113/><U13/><E13/><V65/><F70/><W111/><G17/><T118/><D118/><U71/><E71/><V74/><F74/><W92/><G38/><T77/><D115/><U10/><E10/><V15/><F65/><W42/><G47/><T107/><D29/><U35/><E30/><V18/><F56/><W96/><G85/><T123/><D123/><U117/><E117/><V86/><F79/><W9/><G9/><T16/><D78/><U69/><E69/><V4/><F4/><W53/><G122/><T2/><D2/><U75/><E3/><V105/><F105/><W83/><G83/><T43/><D43/><U12/><E106/><V131/><N who="2" m="50289" /><V25/><DORA hai="60" /><F25/><AGARI ba="1,0" hai="16,21,25,44,49,54,76,77,99,102,107" m="42089" machi="25" ten="30,3900,0" yaku="14,1,52,1,54,1" doraHai="50,60" who="0" fromWho="2" sc="117,42,184,0,350,-42,349,0" /><INIT seed="4,0,0,0,2,128" ten="159,184,308,349" oya="0" hai0="11,130,131,82,88,75,34,125,23,50,31,83,104" hai1="6,99,41,95,74,123,58,93,26,79,14,129,62" hai2="28,4,108,78,101,133,44,45,115,91,33,81,121" hai3="111,68,5,100,16,40,64,27,65,32,113,12,119"/><T38/><D38/><U0/><E0/><V85/><F108/><W8/><G111/><T2/><D104/><U109/><E109/><V47/><F121/><W122/><G119/><T97/><D34/><U66/><E123/><V84/><F115/><W9/><G122/><T86/><D97/><U49/><E129/><N who="0" m="49161" /><D125/><U7/><E74/><V1/><F101/><W61/><G40/><T126/><D126/><U56/><E79/><V55/><F33/><W70/><G113/><T43/><D75/><U19/><E26/><V15/><F1/><W36/><G100/><T18/><D31/><U63/><E49/><V127/><F127/><W112/><G112/><T92/><D11/><U3/><E41/><V72/><F28/><W117/><G117/><T20/><D2/><U87/><E3/><V24/><F72/><W35/><G36/><T94/><D94/><U106/><E106/><V135/><F24/><W114/><G114/><T102/><D102/><U10/><E87/><V30/><F30/><W71/><G35/><T134/><D134/><N who="2" m="51210" /><F84/><W67/><G32/><T51/><D51/><U90/><REACH who="1" step="1"/><E95/><REACH who="1" ten="159,174,308,349" step="2"/><V77/><F77/><W73/><G73/><T57/><D43/><U103/><E103/><V52/><F78/><W110/><G110/><T37/><D37/><U69/><E69/><V17/><F4/><W21/><G71/><T105/><D105/><U42/><E42/><V89/><F89/><W120/><G120/><T39/><D39/><U53/><AGARI ba="0,1" hai="6,7,10,14,19,53,56,58,62,63,66,90,93,99" machi="53" ten="20,5200,0" yaku="1,1,0,1,7,1,8,1,53,0" doraHai="128" doraHaiUra="76" who="1" fromWho="1" sc="159,-26,174,62,308,-13,349,-13" /><INIT seed="5,0,0,3,5,54" ten="133,236,295,336" oya="1" hai0="82,43,56,102,0,104,118,60,8,84,62,71,130" hai1="69,24,11,31,117,86,72,96,38,103,106,88,5" hai2="28,90,125,47,64,122,108,78,93,63,39,52,132" hai3="53,10,14,32,105,128,114,2,79,19,121,124,80"/><U44/><E117/><V26/><F108/><W13/><G105/><T23/><D118/><U66/><E72/><V7/><F122/><W97/><G32/><T112/><D112/><U45/><E38/><V4/><F125/><W17/><G2/><T89/><D130/><U115/><E115/><V126/><F126/><W1/><G1/><T55/><D43/><U99/><E99/><V83/><F132/><W46/><G128/><T98/><D23/><U25/><E66/><V58/><F39/><W76/><G121/><T59/><D71/><U91/><E69/><V36/><F36/><W29/><G29/><T127/><D127/><U20/><E25/><V73/><F47/><W129/><G97/><T33/><D33/><U109/><E109/><V3/><F3/><W101/><G101/><T70/><D70/><U119/><E119/><V40/><F40/><W87/><G129/><T95/><D8/><U22/><E22/><V77/><F77/><N who="3" m="46479" /><G114/><T107/><REACH who="0" step="1"/><D0/><REACH who="0" ten="123,236,295,336" step="2"/><U42/><E42/><V65/><F28/><W41/><G41/><T116/><D116/><U50/><E11/><V9/><F9/><N who="3" m="6319" /><G124/><T94/><D94/><U30/><E20/><V49/><F93/><W92/><G92/><T111/><D111/><U27/><E106/><V75/><F83/><W81/><G81/><T48/><D48/><AGARI ba="0,1" hai="10,14,19,46,48,53,76,79" m="6319,46479" machi="48" ten="30,1000,0" yaku="8,1" doraHai="54" who="3" fromWho="0" sc="123,-10,236,0,295,0,336,20" /><INIT seed="6,0,0,3,5,67" ten="113,236,295,356" oya="2" hai0="60,101,128,102,45,103,125,16,75,129,14,113,28" hai1="38,33,82,72,10,96,17,13,71,109,112,49,59" hai2="114,80,131,108,21,95,123,119,4,11,43,35,98" hai3="134,63,99,104,133,54,29,36,70,126,53,127,47"/><V86/><F119/><W130/><G29/><T87/><D75/><U23/><E109/><V106/><F123/><W97/><G130/><N who="0" m="50283" /><D113/><U78/><E38/><V19/><F131/><W52/><G104/><T8/><D28/><U50/><E112/><V30/><F114/><W7/><G7/><T31/><D31/><U32/><E32/><V121/><F121/><W48/><G99/><T44/><D125/><N who="3" m="47625" /><G97/><T56/><D87/><U77/><E77/><V85/><F108/><W58/><G36/><T110/><D110/><U57/><E96/><V6/><F106/><W88/><G88/><T81/><D81/><U34/><E34/><V90/><F35/><W65/><G58/><T51/><D51/><U1/><E33/><V92/><F30/><W105/><G105/><T93/><D93/><U83/><E83/><V79/><F11/><W40/><AGARI ba="0,0" hai="40,47,48,52,53,54,63,65,70,133,134" m="47625" machi="40" ten="40,8000,1" yaku="18,1,34,2,52,1,54,1" doraHai="67" who="3" fromWho="3" sc="113,-20,236,-20,295,-40,356,80" /><INIT seed="7,0,0,4,2,55" ten="93,216,255,436" oya="3" hai0="86,21,103,63,6,31,0,69,121,28,80,135,45" hai1="124,41,12,82,70,10,13,19,109,56,52,34,76" hai2="16,46,23,39,43,5,94,9,61,108,87,14,95" hai3="84,96,101,91,49,100,106,93,25,77,129,133,75"/><W114/><G114/><T68/><D121/><U65/><E109/><V29/><F108/><W66/><G129/><T98/><D135/><U17/><E34/><V26/><F87/><W57/><G133/><T59/><D45/><U58/><E124/><V81/><F81/><W128/><G101/><T64/><D6/><U104/><E104/><V33/><F61/><W30/><G66/><T8/><D8/><U71/><E41/><V36/><F36/><W22/><G128/><T53/><D0/><AGARI ba="0,0" hai="0,5,9,14,16,23,26,29,33,39,43,46,94,95" machi="0" ten="30,7700,0" yaku="7,1,24,2,54,1" doraHai="55" who="2" fromWho="0" sc="93,-77,216,0,255,77,436,0" owari="16,-48.0,216,-18.0,332,13.0,436,53.0" /></mjloggm>