<mjloggm ver="2.3"><GO type="41" lobby="0"/><UN n0="%E2%93%9D%53%75%70%68%78" n1="%E3%81%8F%E3%81%BE%E5%A4%AA%E9%83%8E" n2="%E3%81%9F%E3%81%8C%E3%81%97%E3%82%89%E3%81%BF%E3%81%BB" n3="%E3%83%9C%E3%82%A6%E3%83%AA%E3%83%B3%E3%82%B0%EF%BC%91%EF%BC%90" dan="16,14,14,14" rate="2040.24,1986.93,1968.95,1902.27" sx="M,M,M,M"/><TAIKYOKU oya="0"/><INIT seed="0,0,0,4,0,131" ten="250,250,250,250" oya="0" hai0="88,45,72,57,65,13,124,130,125,0,73,128,115" hai1="51,29,23,60,49,81,53,22,96,27,64,42,1" hai2="107,102,3,10,25,111,5,61,40,31,16,46,14" hai3="59,104,127,109,114,50,133,134,97,122,9,105,35"/><T15/><D0/><U94/><E1/><V7/><F111/><W52/><G114/><T4/><D45/><U28/><E42/><V41/><F41/><W54/><G35/><T48/><D115/><U62/><E81/><V98/><F61/><W103/><G109/><T75/><D4/><U63/><E64/><V20/><REACH who="2" step="1"/><F3/><REACH who="2" ten="250,250,240,250" step="2"/><W34/><G127/><N who="0" m="48715" /><D48/><AGARI ba="0,1" hai="5,7,10,14,16,20,25,31,40,46,48,98,102,107" machi="48" ten="30,3900,0" yaku="1,1,7,1,54,1,53,0" doraHai="131" doraHaiUra="90" who="2" fromWho="0" sc="250,-39,250,0,240,49,250,0" /><INIT seed="1,0,0,1,4,90" ten="211,250,289,250" oya="1" hai0="80,32,36,40,74,64,26,34,61,68,29,86,39" hai1="2,109,47,51,45,113,67,71,9,60,20,18,117" hai2="115,108,16,4,121,58,87,3,126,22,21,7,76" hai3="37,93,97,95,56,116,17,92,134,130,14,38,12"/><U6/><E117/><V28/><F121/><W15/><G134/><T55/><D74/><U118/><E118/><V72/><F72/><W53/><G116/><T84/><D84/><U96/><E113/><V77/><F108/><W0/><G0/><T83/><D83/><U24/><E109/><V1/><F3/><W110/><G110/><T81/><D81/><U102/><REACH who="1" step="1"/><E51/><REACH who="1" ten="211,240,289,250" step="2"/><V46/><F115/><W66/><G130/><T69/><D39/><U10/><E10/><V94/><F126/><W35/><G38/><T105/><D36/><U11/><E11/><V23/><F21/><W100/><G37/><T99/><D34/><U43/><E43/><V63/><F22/><W107/><G35/><T33/><D33/><U25/><E25/><V65/><F23/><W119/><G119/><T82/><D40/><U27/><E27/><V125/><F125/><W75/><G75/><T128/><D128/><U101/><E101/><V52/><F28/><W122/><G122/><T50/><D32/><U135/><E135/><V88/><F1/><W112/><G112/><T62/><D26/><U49/><E49/><N who="2" m="28727" /><F16/><W114/><G114/><T106/><D29/><U44/><E44/><V70/><F70/><W127/><G127/><T48/><D69/><U89/><E89/><V131/><F131/><W111/><G111/><T41/><D68/><U132/><E132/><V79/><AGARI ba="0,1" hai="4,7,58,63,65,76,77,79,87,88,94" m="28727" machi="79" ten="30,7900,0" yaku="8,1,52,1,54,2" doraHai="90" who="2" fromWho="2" sc="211,-20,240,-39,289,89,250,-20" /><INIT seed="2,0,0,5,0,36" ten="191,201,378,230" oya="2" hai0="87,63,99,3,6,37,102,21,42,57,67,134,97" hai1="118,4,55,109,39,59,72,114,125,92,60,66,33" hai2="120,123,1,131,127,48,132,135,23,94,115,50,89" hai3="26,91,71,105,61,5,129,25,88,110,70,106,98"/><V47/><F1/><W2/><G110/><T35/><D35/><U128/><E118/><V74/><F74/><W130/><G5/><T79/><D134/><N who="2" m="51242" /><F115/><W15/><G15/><T30/><D99/><U124/><E33/><V83/><F83/><W65/><G2/><T58/><D58/><U18/><E109/><V85/><F131/><N who="3" m="50187" /><G71/><T103/><D103/><U93/><E39/><V86/><F86/><W68/><G68/><T75/><D87/><U54/><E114/><V111/><F127/><W0/><G0/><T31/><D75/><U17/><E72/><V107/><F107/><N who="3" m="40971" /><G98/><T80/><D97/><U126/><E128/><V56/><F111/><W53/><G53/><N who="1" m="19978" /><E4/><V76/><F76/><W7/><G7/><T78/><D78/><U84/><E84/><V64/><F23/><W77/><G77/><T13/><D21/><U22/><E18/><V12/><F12/><AGARI ba="0,0" hai="12,17,22,59,60,66,92,93,124,125,126" m="19978" machi="12" ten="30,1000,0" yaku="18,1" doraHai="36" who="1" fromWho="2" sc="191,0,201,10,378,-10,230,0" /><INIT seed="3,0,0,5,4,43" ten="191,211,368,230" oya="3" hai0="1,111,100,22,91,76,96,110,5,49,46,47,112" hai1="0,40,25,104,97,52,126,33,41,80,48,23,98" hai2="114,57,10,124,116,95,62,103,17,118,78,21,53" hai3="28,133,68,74,4,26,73,6,34,44,31,35,55"/><W134/><G68/><T63/><D76/><U13/><E0/><V66/><F114/><W117/><G55/><T15/><D1/><U11/><E126/><V108/><F108/><N who="0" m="41514" /><D49/><U130/><E33/><V59/><F78/><W94/><G94/><N who="0" m="56415" /><D100/><U129/><E80/><V121/><F124/><W30/><G26/><T27/><D112/><U77/><E77/><V72/><F72/><W122/><G31/><N who="0" m="17911" /><D63/><U19/><E104/><V54/><F62/><W86/><G86/><T32/><D32/><U119/><E119/><V125/><F103/><W83/><G83/><T29/><D29/><U82/><E82/><V81/><F81/><W9/><G9/><AGARI ba="0,0" hai="5,9,15,46,47" m="17911,56415,41514" machi="9" ten="30,3900,0" yaku="14,1,52,2" doraHai="43" who="0" fromWho="3" sc="191,39,211,0,368,0,230,-39" /><INIT seed="4,0,0,2,1,83" ten="230,211,368,191" oya="0" hai0="9,116,17,2,33,104,3,22,40,62,34,28,78" hai1="27,67,121,54,113,4,85,134,133,82,16,99,117" hai2="110,70,114,43,60,30,32,10,90,14,19,15,69" hai3="46,56,11,88,35,102,59,23,111,6,58,13,29"/><T20/><D62/><U24/><E121/><V55/><F110/><W118/><G111/><T7/><D78/><U109/><E109/><V119/><F43/><W50/><G118/><T68/><D68/><U52/><E4/><V97/><F114/><W135/><G135/><N who="1" m="51722" /><E117/><V73/><F73/><W63/><G35/><N who="0" m="13323" /><D104/><U0/><E0/><N who="0" m="41" /><D40/><U125/><E67/><V41/><F41/><W115/><G115/><T106/><D106/><U37/><E99/><V26/><F15/><W122/><G122/><T107/><D107/><U96/><E96/><V39/><F39/><W86/><G102/><T95/><D95/><U127/><E37/><V71/><F119/><W120/><G120/><T51/><D51/><U91/><E113/><V38/><F38/><W31/><G63/><T48/><D48/><U25/><E16/><V74/><F74/><W12/><G50/><T105/><D105/><U36/><E36/><V65/><F97/><W108/><G46/><T101/><D101/><U77/><E77/><V129/><F55/><AGARI ba="0,0" hai="24,25,27,52,54,55,82,85,91,125,127" m="51722" machi="55" ten="40,5200,0" yaku="20,1,52,1,54,1" doraHai="83" who="1" fromWho="2" sc="230,0,211,52,368,-52,191,0" /><INIT seed="5,0,0,3,0,10" ten="230,263,316,191" oya="1" hai0="11,106,20,84,131,73,65,31,69,4,45,53,0" hai1="37,34,82,121,110,15,100,7,77,81,58,103,29" hai2="125,60,41,117,17,114,16,72,55,130,74,35,86" hai3="18,28,59,108,96,113,102,87,89,2,52,126,30"/><U115/><E121/><V57/><F117/><W3/><G108/><T39/><D84/><U1/><E37/><V80/><F35/><W85/><G113/><T33/><D20/><U135/><E1/><V40/><F130/><W64/><G64/><T122/><D53/><U95/><E115/><V124/><F114/><W134/><G134/><T97/><D131/><U22/><E34/><V101/><F101/><W66/><G66/><T104/><D97/><U50/><E135/><V8/><F17/><W38/><G38/><T129/><D122/><U83/><E77/><V111/><F111/><W93/><G126/><N who="2" m="48745" /><F41/><W5/><G85/><T46/><D46/><U26/><E95/><V51/><F60/><W14/><G5/><T120/><D129/><U19/><E110/><V67/><F40/><W44/><G44/><T79/><D120/><U70/><E70/><V127/><F67/><W109/><G109/><T99/><D65/><U27/><E7/><V112/><F112/><W25/><G2/><T56/><D69/><U24/><REACH who="1" step="1"/><E29/><REACH who="1" ten="230,253,316,191" step="2"/><V118/><F127/><W13/><G3/><T78/><D31/><U105/><E105/><V43/><F118/><W94/><G30/><T23/><D106/><U116/><E116/><V47/><F80/><W76/><G76/><T132/><D132/><U32/><E32/><V107/><F107/><W36/><G36/><T128/><D128/><U98/><E98/><V75/><F86/><W119/><G28/><T61/><D104/><U88/><E88/><V92/><F92/><W68/><G119/><T123/><D123/><U63/><E63/><RYUUKYOKU ba="0,1" sc="230,-10,253,30,316,-10,191,-10" hai1="15,19,22,24,26,27,50,58,81,82,83,100,103" /><INIT seed="5,1,1,5,2,108" ten="220,283,306,181" oya="1" hai0="77,86,64,84,10,53,1,80,81,68,0,102,92" hai1="12,62,116,18,132,111,94,11,39,58,122,32,13" hai2="16,127,47,51,93,31,38,99,46,101,134,82,56" hai3="74,42,6,105,95,85,34,45,115,29,63,25,91"/><U124/><E122/><V89/><F127/><W33/><G74/><T79/><D68/><U119/><E39/><V24/><F134/><W44/><G105/><T106/><D64/><U40/><E32/><V28/><F38/><W113/><G6/><T35/><D35/><U49/><E132/><V30/><F56/><W125/><G125/><T59/><D106/><U54/><E124/><V96/><F51/><W97/><G33/><T90/><D102/><U121/><E121/><V109/><F109/><W48/><G45/><N who="2" m="16905" /><F82/><W65/><REACH who="3" step="1"/><G97/><REACH who="3" ten="220,283,306,171" step="2"/><T126/><D126/><U117/><E111/><V78/><F99/><W17/><G17/><T2/><D10/><U70/><E119/><V14/><F31/><W15/><G15/><T23/><D23/><U129/><E13/><V75/><F75/><W26/><G26/><T103/><D2/><U128/><E117/><V3/><F3/><W67/><G67/><T52/><D1/><U130/><E116/><V104/><F24/><W55/><G55/><T19/><D0/><U69/><E40/><V98/><F104/><W83/><G83/><T110/><D110/><U135/><E135/><V50/><F98/><W8/><G8/><T107/><D19/><U100/><E62/><V60/><F60/><W87/><G87/><N who="0" m="52319" /><D107/><U5/><E18/><V133/><F133/><W43/><G43/><T120/><D120/><U36/><E36/><V41/><F14/><W57/><AGARI ba="1,2" hai="25,29,34,42,44,48,57,63,65,85,91,95,113,115" machi="57" ten="30,8000,1" yaku="1,1,0,1,52,2,53,1" doraHai="108" doraHaiUra="37" who="3" fromWho="3" sc="220,-21,283,-41,306,-21,171,103" /><INIT seed="6,0,0,2,2,91" ten="199,242,285,274" oya="2" hai0="30,12,92,104,42,1,37,115,75,69,68,94,64" hai1="8,124,88,129,57,21,111,46,105,6,28,106,125" hai2="101,56,13,54,128,48,74,84,59,79,97,61,2" hai3="0,39,16,98,119,116,103,4,135,32,11,14,34"/><V52/><F128/><W72/><G39/><T87/><D104/><U15/><E111/><V126/><F126/><N who="1" m="48745" /><E129/><V27/><F13/><W10/><G72/><T133/><D75/><U77/><E77/><V55/><F27/><W112/><G135/><T130/><D1/><U40/><E57/><V90/><F74/><W67/><G67/><T96/><D130/><U63/><E63/><V113/><F113/><W7/><G7/><T25/><D133/><U23/><E23/><V86/><F2/><W80/><G80/><T53/><D115/><U24/><E88/><V31/><F31/><W62/><G112/><T78/><D69/><U43/><E43/><V89/><F55/><W127/><G62/><T35/><D53/><U17/><E6/><V118/><F118/><W73/><G73/><T109/><D109/><U33/><E33/><V100/><F97/><W102/><G102/><N who="2" m="39529" /><F86/><W22/><G11/><T58/><D96/><U51/><AGARI ba="0,0" hai="8,15,17,21,24,28,40,46,51,105,106" m="48745" machi="51" ten="30,1100,0" yaku="18,1" doraHai="91" who="1" fromWho="1" sc="199,-3,242,11,285,-5,274,-3" /><INIT seed="7,0,0,5,1,133" ten="196,253,280,271" oya="3" hai0="23,124,93,90,8,134,26,60,73,49,7,86,5" hai1="88,66,48,108,75,76,113,62,31,45,38,83,63" hai2="32,42,51,71,16,79,50,89,1,14,130,99,40" hai3="115,53,70,78,110,120,85,55,21,33,15,6,94"/><W128/><G120/><T72/><D134/><U106/><E108/><V11/><F71/><W67/><G33/><T43/><D7/><U98/><E113/><V22/><F32/><W82/><G115/><T103/><D103/><U19/><E38/><V0/><F0/><W24/><G110/><T109/><D109/><U135/><E135/><V36/><F36/><W3/><G3/><T119/><D119/><U37/><E37/><V39/><F39/><W92/><G128/><T121/><D121/><U44/><E44/><N who="2" m="25863" /><F1/><W46/><G70/><T54/><D43/><U111/><E31/><V117/><F130/><W41/><G67/><T68/><D60/><U84/><E111/><V47/><F117/><W87/><G41/><T77/><D68/><U18/><E63/><V97/><F79/><W100/><G100/><T125/><D8/><U74/><E74/><V131/><F131/><W129/><G129/><T10/><D10/><U80/><E98/><N who="2" m="37387" /><F89/><N who="3" m="53567" /><G92/><T9/><D77/><U65/><E106/><V58/><F58/><W101/><G46/><N who="0" m="27959" /><D9/><AGARI ba="0,0" hai="9,11,14,16,22,42,47,51" m="37387,25863" machi="9" ten="30,2000,0" yaku="8,1,54,1" doraHai="133" who="2" fromWho="0" sc="196,-20,253,0,280,20,271,0" owari="176,-32.0,253,-15.0,300,40.0,271,7.0" /></mjloggm>