<mjloggm ver="2.3"><GO type="41" lobby="0"/><UN n0="%E2%93%9D%53%75%70%68%78" n1="%E3%81%AD%E3%81%93%E3%81%BE%E3%81%A4%E3%82%8A" n2="%E7%AB%B9%E6%9C%AC%E6%97%A0%E5%BF%83" n3="%4B%6F%62%61%31%39%36%36" dan="18,14,14,13" rate="2150.51,1843.00,1925.59,1956.09" sx="M,M,M,M"/><TAIKYOKU oya="0"/><INIT seed="0,0,0,1,4,29" ten="250,250,250,250" oya="0" hai0="9,47,132,12,103,135,31,109,91,25,69,73,97" hai1="126,100,58,10,56,53,122,116,127,65,102,105,72" hai2="85,101,83,21,39,79,120,15,80,20,35,124,88" hai3="24,114,125,119,95,66,46,70,89,50,42,18,38"/><T121/><D121/><U62/><E122/><V52/><F120/><W67/><G119/><T117/><D117/><U76/><E116/><V106/><F39/><W34/><G114/><T41/><D73/><U77/><E10/><V131/><F131/><W19/><G125/><N who="1" m="47626" /><E105/><V23/><F15/><W4/><G4/><T1/><D91/><U82/><E77/><V90/><F124/><W37/><G37/><T44/><D69/><U2/><E2/><V48/><F35/><W74/><G74/><T27/><D1/><U111/><E111/><V51/><F51/><AGARI ba="0,0" hai="51,53,56,58,62,65,72,76,82,100,102" m="47626" machi="51" ten="30,1000,0" yaku="18,1" doraHai="29" who="1" fromWho="2" sc="250,0,250,10,250,-10,250,0" /><INIT seed="1,0,0,5,2,73" ten="250,260,240,250" oya="1" hai0="37,111,56,85,86,88,20,121,39,91,42,82,92" hai1="105,115,117,28,19,16,87,1,40,96,97,24,11" hai2="128,74,124,55,132,8,123,26,10,9,107,70,79" hai3="46,133,106,68,93,38,2,62,54,94,49,47,18"/><U134/><E115/><V113/><F113/><W35/><G106/><T102/><D111/><U31/><E117/><V90/><F123/><W44/><G35/><T99/><D121/><U95/><E134/><V53/><F70/><W32/><G32/><T100/><D42/><U110/><E110/><V65/><F107/><W34/><G34/><T23/><D56/><U29/><E105/><V101/><F101/><W50/><G2/><T129/><D129/><U33/><E40/><V77/><F74/><W66/><G18/><T67/><D67/><U114/><E114/><V57/><F132/><W36/><G93/><T69/><D69/><U116/><E116/><V104/><F104/><W112/><G94/><T84/><D23/><U119/><E119/><V108/><F108/><W130/><G133/><T109/><D20/><U122/><E122/><V14/><F26/><W25/><G25/><T41/><D109/><U60/><E60/><N who="2" m="38031" /><F128/><W75/><G75/><T76/><D41/><U27/><E33/><V81/><F14/><W120/><G112/><T3/><D3/><U52/><E24/><V43/><F43/><N who="3" m="22631" /><G120/><T30/><D30/><U118/><E118/><V135/><F135/><W5/><G5/><T59/><D39/><U126/><E27/><V80/><F90/><N who="0" m="34346" /><D37/><U7/><E19/><V4/><F4/><W0/><G0/><T64/><D102/><U22/><E1/><V51/><F124/><W21/><G21/><T48/><D64/><U58/><E126/><V131/><F131/><W63/><G130/><T103/><D103/><N who="1" m="60831" /><E7/><V72/><F51/><N who="3" m="19467" /><G38/><T12/><D12/><RYUUKYOKU ba="0,0" sc="250,10,260,-30,240,10,250,10" hai0="48,59,76,82,84,85,86,92,99,100" hai2="8,9,10,53,55,72,77,79,80,81" hai3="46,47,54,62,63,66,68" /><INIT seed="2,1,0,4,1,114" ten="260,230,250,260" oya="2" hai0="109,2,127,113,0,77,68,24,55,135,22,93,16" hai1="36,41,11,30,73,96,124,94,18,50,34,27,65" hai2="95,70,40,108,37,74,75,60,23,97,98,13,125" hai3="58,115,64,25,123,90,80,6,134,15,63,102,71"/><V12/><F125/><W48/><G123/><T1/><D113/><U10/><E124/><V54/><F98/><W35/><G115/><T126/><D68/><U103/><E36/><V120/><F120/><W9/><G134/><T131/><D135/><U57/><E73/><V84/><F84/><W38/><G38/><T8/><D77/><U130/><E130/><V78/><F108/><W56/><G102/><T52/><D109/><U79/><E79/><V53/><F70/><W119/><G71/><T117/><D117/><U31/><E31/><V42/><F78/><W51/><G56/><T20/><D131/><U44/><E18/><V66/><F37/><W101/><G101/><T111/><D111/><U92/><E92/><V26/><F75/><W4/><G4/><T112/><D112/><U69/><E69/><V86/><F86/><W47/><G80/><T87/><D8/><U49/><E49/><V32/><F32/><W107/><G107/><T122/><D122/><U91/><E91/><N who="2" m="55551" /><F74/><W3/><G90/><N who="0" m="53471" /><D127/><U110/><E110/><V7/><F60/><W21/><G35/><T67/><D126/><U29/><E29/><N who="2" m="17631" /><F66/><W39/><G39/><T81/><D67/><U28/><E28/><V100/><F100/><W88/><G88/><T43/><D81/><U61/><AGARI ba="1,0" hai="10,11,27,30,34,41,44,50,57,61,65,94,96,103" machi="61" ten="30,1100,0" yaku="0,1" doraHai="114" who="1" fromWho="1" sc="260,-4,230,14,250,-6,260,-4" /><INIT seed="3,0,0,5,4,96" ten="256,244,244,256" oya="3" hai0="102,74,122,23,106,65,127,100,135,4,81,61,119" hai1="108,105,68,17,13,90,16,36,88,114,125,39,92" hai2="38,131,79,6,41,72,46,20,84,37,0,54,111" hai3="12,133,94,67,8,1,45,66,101,44,58,126,112"/><W60/><G112/><T87/><D119/><U32/><E114/><V82/><F131/><W3/><G126/><T55/><D106/><U109/><E68/><V29/><F111/><W98/><G133/><T62/><D74/><U21/><E125/><V129/><F129/><W19/><REACH who="3" step="1"/><G67/><REACH who="3" ten="256,244,244,246" step="2"/><T132/><D127/><U97/><E109/><V2/><F38/><W103/><G103/><N who="0" m="39467" /><D65/><U116/><E39/><V52/><F2/><AGARI ba="0,1" hai="1,2,3,8,12,19,44,45,58,60,66,94,98,101" machi="2" ten="40,3900,0" yaku="1,1,52,1,53,0" doraHai="96" doraHaiUra="24" who="3" fromWho="2" sc="256,0,244,0,244,-39,246,49" /><INIT seed="3,1,0,3,0,69" ten="256,244,205,295" oya="3" hai0="133,26,76,114,102,6,74,112,130,71,22,36,38" hai1="93,24,19,29,105,63,86,9,50,15,13,12,16" hai2="49,5,109,79,97,110,34,68,82,53,17,106,117" hai3="125,62,32,7,96,122,52,124,0,47,41,78,132"/><W116/><G116/><T18/><D71/><U120/><E120/><V60/><F117/><W128/><G122/><T35/><D130/><U70/><E105/><V103/><F34/><W73/><G32/><T56/><D133/><U3/><E50/><V67/><F5/><W30/><G30/><T104/><D35/><U91/><E70/><V57/><REACH who="2" step="1"/><F17/><REACH who="2" ten="256,244,195,295" step="2"/><W45/><G7/><T10/><D114/><U80/><E63/><V54/><F54/><W108/><G108/><T39/><D112/><U118/><E118/><V66/><F66/><W33/><G33/><T48/><D6/><U123/><E123/><V81/><F81/><W127/><G0/><T99/><D10/><U44/><E3/><V40/><F40/><W83/><G128/><T25/><D18/><U23/><E9/><V113/><F113/><W101/><G132/><T115/><D115/><U58/><E80/><V20/><F20/><W94/><G41/><T72/><D22/><U42/><E19/><V88/><F88/><W89/><G89/><T126/><D76/><U65/><E65/><V100/><F100/><W14/><G14/><T43/><D43/><U51/><E16/><V87/><AGARI ba="1,1" hai="49,53,57,60,67,68,79,82,87,97,103,106,109,110" machi="87" ten="30,4000,0" yaku="1,1,0,1,53,1" doraHai="69" doraHaiUra="46" who="2" fromWho="2" sc="256,-11,244,-11,195,53,295,-21" /><INIT seed="4,0,0,2,3,13" ten="245,233,248,274" oya="0" hai0="100,134,120,36,88,19,78,118,96,83,108,113,32" hai1="94,71,106,63,58,87,98,41,70,44,125,22,38" hai2="60,115,51,17,54,27,67,6,35,2,59,1,103" hai3="57,43,90,133,110,77,42,119,82,33,130,72,114"/><T15/><D118/><U102/><E125/><V30/><F115/><W135/><G119/><T66/><D120/><U16/><E106/><V84/><F103/><W20/><G110/><T9/><D36/><U97/><E97/><V73/><F73/><W109/><G109/><T89/><D108/><U56/><E87/><V46/><F6/><W49/><G33/><T93/><D134/><U129/><E129/><V3/><REACH who="2" step="1"/><F84/><REACH who="2" ten="245,233,238,274" step="2"/><W5/><G114/><T76/><D113/><U75/><E75/><V124/><F124/><W91/><G5/><T18/><D32/><U28/><E28/><V11/><F11/><W21/><G130/><T121/><D121/><U79/><E79/><N who="0" m="30249" /><D66/><U86/><E86/><V68/><F68/><W61/><G133/><T132/><D132/><U0/><E71/><V14/><F14/><W80/><G135/><T52/><D83/><U8/><E70/><V128/><F128/><W37/><G82/><T123/><D123/><U105/><E8/><V74/><F74/><W23/><G80/><T122/><D122/><U85/><E85/><V127/><F127/><W4/><G4/><N who="0" m="3495" /><D52/><U31/><E0/><V95/><F95/><W104/><G72/><T26/><D26/><U69/><E69/><V10/><F10/><W55/><G77/><T48/><D89/><U112/><E112/><V131/><F131/><W64/><G104/><T29/><D29/><U25/><E105/><V47/><F47/><W101/><G101/><T34/><D34/><U62/><E31/><V45/><F45/><N who="3" m="23759" /><G64/><T116/><D100/><U24/><E24/><V65/><F65/><RYUUKYOKU ba="0,1" sc="245,-30,233,10,238,10,274,10" hai1="16,22,25,38,41,44,56,58,62,63,94,98,102" hai2="1,2,3,17,27,30,35,46,51,54,59,60,67" hai3="20,21,23,43,49,55,57,61,90,91" /><INIT seed="5,1,1,1,0,105" ten="215,243,248,284" oya="1" hai0="56,96,3,58,94,90,78,76,64,19,48,6,122" hai1="62,109,89,106,60,121,8,99,21,104,115,29,129" hai2="27,91,103,92,120,0,54,125,2,46,11,126,47" hai3="15,102,72,43,26,113,61,97,63,42,24,57,55"/><U81/><E121/><V34/><F120/><W14/><G113/><T134/><D122/><U45/><E115/><V86/><F103/><W82/><G97/><T119/><D119/><U131/><E109/><V31/><F54/><W98/><G98/><T130/><D134/><U93/><E45/><N who="2" m="16907" /><F11/><W74/><G82/><T12/><D130/><N who="1" m="49675" /><E8/><V44/><N who="2" m="16915" /><V69/><DORA hai="49" /><F69/><W33/><G55/><N who="0" m="31847" /><D6/><U51/><E51/><V108/><F108/><W111/><G111/><T132/><D3/><U128/><E128/><V1/><F1/><W73/><G73/><T100/><D100/><U28/><E81/><V17/><F17/><W118/><G102/><T30/><D132/><U10/><E10/><V116/><F116/><W41/><G41/><T23/><D30/><N who="1" m="11883" /><E21/><V114/><F114/><W68/><G68/><T112/><D112/><U84/><E84/><V5/><F5/><W53/><G118/><T117/><D117/><U67/><E67/><V39/><F39/><W25/><G33/><T83/><D83/><U107/><AGARI ba="1,1" hai="60,62,89,93,99,104,106,107" m="11883,49675" machi="107" ten="40,2100,0" yaku="19,1" doraHai="105,49" who="1" fromWho="1" sc="215,-8,243,34,248,-8,284,-8" /><INIT seed="5,2,0,1,3,55" ten="207,277,240,276" oya="1" hai0="22,70,79,48,122,29,14,71,59,103,94,15,120" hai1="46,96,99,30,88,97,43,109,90,13,95,11,47" hai2="134,20,33,66,25,44,128,56,61,50,87,101,105" hai3="131,124,7,45,84,106,116,1,8,114,81,5,37"/><U16/><E109/><V17/><F134/><W91/><G106/><T72/><D79/><U108/><E108/><V135/><F135/><W54/><G114/><T73/><D103/><U68/><E68/><N who="0" m="26153" /><D94/><U121/><E121/><N who="0" m="46697" /><D29/><U10/><E10/><V63/><F128/><W0/><G131/><T98/><D98/><N who="1" m="37995" /><E30/><V39/><F39/><W38/><G116/><T127/><D22/><U26/><E26/><V40/><F33/><W129/><G129/><T49/><D59/><U126/><E126/><V77/><F63/><W100/><G124/><T117/><D127/><U132/><E132/><V104/><REACH who="2" step="1"/><F101/><REACH who="2" ten="207,277,230,276" step="2"/><W123/><G100/><T118/><D118/><U34/><E34/><V35/><F35/><W23/><G123/><T93/><D117/><U113/><E113/><V4/><F4/><W83/><G38/><T92/><D49/><N who="1" m="26847" /><E47/><V32/><F32/><W2/><G37/><T53/><D48/><U133/><E133/><V62/><F62/><W28/><G7/><T107/><D107/><U57/><E90/><V41/><F41/><W115/><G45/><T82/><D53/><U12/><E12/><V18/><F18/><W78/><G54/><T110/><D110/><U112/><E112/><V31/><F31/><W65/><G115/><T111/><D111/><U64/><E64/><V6/><F6/><W58/><G5/><T75/><D15/><U130/><E130/><V76/><F76/><W21/><G28/><T51/><D14/><U119/><E119/><V85/><F85/><N who="3" m="48311" /><G8/><T19/><D19/><U80/><E80/><AGARI ba="2,1" hai="17,20,25,40,44,50,56,61,66,77,80,87,104,105" machi="80" ten="40,2600,0" yaku="1,1,52,1,53,0" doraHai="55" doraHaiUra="67" who="2" fromWho="1" sc="207,0,277,-32,230,42,276,0" /><INIT seed="6,0,0,5,1,8" ten="207,245,272,276" oya="2" hai0="107,47,69,1,99,44,55,23,95,2,86,29,94" hai1="26,124,78,42,51,125,113,128,22,16,11,37,84" hai2="10,93,50,49,32,103,110,101,119,67,63,92,90" hai3="68,106,129,118,45,112,64,120,58,27,4,25,46"/><V5/><F32/><W89/><G118/><T85/><D107/><U65/><E128/><V18/><F119/><W127/><G120/><T77/><D69/><U17/><E37/><V98/><F18/><W133/><G68/><T52/><D23/><U59/><E113/><V135/><F135/><W13/><G106/><T28/><REACH who="0" step="1"/><D99/><REACH who="0" ten="197,245,272,276" step="2"/><U34/><E34/><V15/><F110/><W61/><G112/><T60/><D60/><U87/><E22/><V100/><REACH who="2" step="1"/><F93/><REACH who="2" ten="197,245,262,276" step="2"/><W6/><G133/><T88/><D88/><U70/><E125/><V48/><F48/><W72/><G127/><T79/><AGARI ba="0,2" hai="1,2,28,29,44,47,52,55,77,79,85,86,94,95" machi="79" ten="25,8000,1" yaku="1,1,0,1,22,2,54,1,53,0" doraHai="8" doraHaiUra="131" who="0" fromWho="0" sc="197,100,245,-20,262,-40,276,-20" /><INIT seed="7,0,0,5,1,133" ten="297,225,222,256" oya="3" hai0="77,2,8,29,90,34,59,21,27,50,117,36,66" hai1="81,61,25,46,38,108,52,55,109,3,100,26,16" hai2="11,118,105,71,39,14,91,37,127,122,92,68,1" hai3="22,17,135,48,70,41,111,57,110,78,84,19,80"/><W60/><G135/><T85/><D36/><U23/><E3/><V75/><F118/><W120/><G120/><T13/><D117/><U32/><E100/><V20/><F105/><W125/><G70/><T107/><D107/><U5/><E5/><V116/><F116/><W62/><G19/><T58/><D77/><U4/><E4/><V94/><F75/><W88/><G78/><T45/><D34/><U103/><E103/><V128/><F122/><W115/><G115/><T53/><D66/><U76/><E38/><V95/><F127/><W134/><G134/><T131/><D131/><U40/><E61/><V10/><F91/><W79/><G79/><T67/><D67/><U72/><E32/><V99/><F99/><W93/><G80/><N who="0" m="49447" /><D2/><U82/><E82/><V130/><F1/><W6/><G6/><AGARI ba="0,0" hai="6,8,13,21,27,29,45,50,53,58,59" m="49447" machi="6" ten="30,1000,0" yaku="8,1" doraHai="133" who="0" fromWho="3" sc="297,10,225,0,222,0,256,-10" owari="307,40.0,225,-17.0,222,-28.0,246,5.0" /></mjloggm>