<mjloggm ver="2.3"><GO type="41" lobby="0"/><UN n0="%53%43%50%2D%31%30%36" n1="%E5%A4%A7%E3%81%8D%E3%81%84%E7%9E%B3" n2="%E3%82%88%E3%81%97%E3%82%84" n3="%E2%93%9D%53%75%70%68%78" dan="15,14,14,18" rate="2042.41,1992.45,1910.61,2112.66" sx="M,F,M,M"/><TAIKYOKU oya="0"/><INIT seed="0,0,0,4,0,10" ten="250,250,250,250" oya="0" hai0="122,73,49,109,28,40,97,47,15,119,55,18,3" hai1="0,76,22,110,61,131,26,81,133,127,94,62,115" hai2="39,124,52,117,89,33,90,64,2,31,17,120,101" hai3="43,91,102,56,14,4,66,86,30,68,24,83,29"/><T54/><D119/><U59/><E110/><V67/><F117/><W42/><G68/><T65/><D122/><U121/><E121/><V36/><F120/><W7/><G102/><T25/><D3/><U111/><E111/><V108/><F108/><W16/><G66/><T104/><D73/><U88/><E0/><V96/><F2/><W38/><G56/><T34/><D65/><U118/><E127/><V116/><F116/><W125/><G38/><T130/><D130/><U58/><E131/><V103/><F17/><W135/><G135/><T112/><D112/><U123/><E133/><V5/><F33/><W87/><G125/><T113/><D113/><U51/><E123/><V35/><F35/><W46/><G87/><T75/><D75/><U13/><E118/><V114/><F114/><W70/><G70/><T44/><D44/><U84/><E115/><V107/><F124/><W8/><G46/><T79/><D79/><U63/><E51/><V78/><F78/><W48/><G48/><T98/><D109/><U1/><E1/><V93/><F93/><W128/><G128/><T41/><D41/><N who="3" m="15369" /><G24/><T72/><D72/><U9/><E26/><V77/><F77/><W21/><G21/><T53/><REACH who="0" step="1"/><D104/><REACH who="0" ten="240,250,250,250" step="2"/><U11/><E22/><AGARI ba="0,1" hai="15,18,22,25,28,34,40,47,49,53,54,55,97,98" machi="22" ten="40,7700,0" yaku="1,1,2,1,52,1,53,0" doraHai="10" doraHaiUra="99" who="0" fromWho="1" sc="240,87,250,-77,250,0,250,0" /><INIT seed="0,1,0,0,3,28" ten="327,173,250,250" oya="0" hai0="102,55,64,70,109,88,4,99,62,72,89,38,118" hai1="43,49,16,132,53,27,8,6,127,90,122,25,97" hai2="11,94,19,112,96,57,13,119,135,86,14,40,120" hai3="26,75,41,68,65,12,80,124,66,30,37,115,24"/><T9/><D118/><U58/><E122/><V1/><F120/><W45/><G26/><T79/><D38/><U18/><E127/><V33/><F119/><W101/><G115/><T130/><D130/><U34/><E132/><V114/><F135/><W39/><G12/><T107/><D109/><U84/><E97/><V95/><F40/><W105/><G66/><T73/><D55/><U2/><E43/><V51/><F1/><W61/><G124/><T10/><D10/><U7/><E7/><V56/><F14/><W15/><G15/><T111/><D111/><U23/><E18/><V131/><F131/><W59/><G59/><T20/><D20/><U42/><E42/><V117/><F117/><W126/><G126/><T29/><D29/><U76/><E76/><V71/><F71/><W3/><G3/><T17/><D17/><U103/><E103/><V74/><F74/><W31/><G31/><T129/><D129/><U22/><E22/><V133/><F133/><W116/><G116/><T67/><D67/><U108/><E108/><V82/><F33/><N who="3" m="20679" /><G39/><T35/><D35/><U123/><E123/><V21/><F21/><W93/><G101/><T60/><D60/><U100/><E100/><V91/><F94/><W106/><G93/><T47/><D47/><U83/><E34/><V36/><F36/><W92/><G92/><T32/><D32/><U77/><E77/><AGARI ba="1,0" hai="37,41,45,61,65,68,75,77,80,105,106" m="20679" machi="77" ten="30,3900,0" yaku="33,2,52,1" doraHai="28" who="3" fromWho="1" sc="327,0,173,-42,250,0,250,42" /><INIT seed="1,0,0,5,4,29" ten="327,131,250,292" oya="1" hai0="2,15,104,9,82,74,12,85,124,72,131,17,135" hai1="57,128,75,47,116,55,45,102,21,13,113,18,14" hai2="107,125,134,8,59,11,91,54,69,130,127,106,90" hai3="26,31,51,103,58,70,44,95,52,60,89,4,77"/><U6/><E113/><V79/><F69/><W119/><G119/><T37/><D2/><U80/><E116/><V41/><F41/><W48/><G77/><T43/><D104/><U32/><E102/><V126/><F79/><W100/><G4/><T10/><D37/><U78/><E128/><V92/><F130/><W115/><G70/><T5/><D43/><U111/><E111/><V112/><F134/><W84/><G51/><T24/><D131/><U62/><E6/><V64/><F64/><W61/><G61/><T123/><D135/><U0/><E0/><V3/><F112/><W35/><REACH who="3" step="1"/><G115/><REACH who="3" ten="327,131,250,282" step="2"/><T129/><D129/><U56/><E13/><V76/><F76/><W94/><G94/><T30/><D124/><U1/><E1/><V7/><F106/><W110/><G110/><T49/><D49/><U34/><REACH who="1" step="1"/><E57/><REACH who="1" ten="327,121,250,282" step="2"/><V16/><F59/><W27/><G27/><T93/><D24/><U114/><E114/><V28/><F3/><W88/><G88/><T63/><D15/><U53/><E53/><AGARI ba="0,2" hai="26,31,35,44,48,52,53,58,60,84,89,95,100,103" machi="53" ten="30,8000,1" yaku="1,1,7,1,52,1,54,1,53,1" doraHai="29" doraHaiUra="86" who="3" fromWho="1" sc="327,0,121,-80,250,0,282,100" /><INIT seed="2,0,0,1,5,110" ten="327,41,250,382" oya="2" hai0="69,11,131,102,38,77,52,135,35,122,30,50,59" hai1="19,79,32,18,94,133,125,33,128,49,129,104,2" hai2="68,101,81,78,127,55,45,5,71,10,39,114,84" hai3="25,27,93,60,73,92,106,67,115,43,0,29,9"/><V61/><F127/><W44/><G106/><T116/><D122/><U74/><E104/><V113/><F101/><W96/><G73/><T57/><D69/><U47/><E125/><V100/><F100/><W91/><G115/><T51/><D38/><U105/><E105/><V56/><F39/><W12/><G0/><T40/><D102/><U111/><E2/><V120/><F120/><W108/><G93/><T83/><D131/><U98/><E133/><V15/><REACH who="2" step="1"/><F45/><REACH who="2" ten="327,41,240,382" step="2"/><W75/><G44/><T13/><D135/><U34/><E111/><V132/><F132/><W31/><G108/><T70/><D116/><U54/><E128/><V46/><F46/><W95/><G96/><T65/><D70/><AGARI ba="0,1" hai="5,10,15,55,56,61,68,70,71,78,81,84,113,114" machi="70" ten="40,7700,0" yaku="1,1,52,2,53,0" doraHai="110" doraHaiUra="112" who="2" fromWho="0" sc="327,-77,41,0,240,87,382,0" /><INIT seed="2,1,0,4,3,58" ten="250,41,327,382" oya="2" hai0="40,57,88,39,43,69,42,112,49,10,100,80,20" hai1="105,46,130,19,114,21,131,127,71,110,11,85,15" hai2="0,78,22,64,4,27,99,50,94,45,44,92,90" hai3="29,24,32,53,124,101,74,109,72,62,95,117,55"/><V129/><F129/><W7/><G117/><T66/><D112/><U6/><E105/><V115/><F115/><W31/><G7/><T125/><D100/><U106/><E106/><V30/><F78/><W70/><G109/><T102/><D102/><U73/><E73/><V123/><F123/><W121/><G124/><T12/><D125/><U52/><E114/><V26/><F64/><W116/><G116/><T122/><D122/><U54/><E127/><V17/><F94/><W118/><G121/><T76/><D20/><U75/><E75/><V59/><F59/><W77/><G31/><T23/><D23/><U1/><E71/><V91/><F91/><W96/><G118/><T38/><D69/><U51/><E110/><V93/><F92/><W67/><REACH who="3" step="1"/><G74/><REACH who="3" ten="250,41,327,372" step="2"/><T120/><D120/><U103/><E103/><V134/><F4/><W119/><G119/><T3/><D3/><U37/><E37/><V2/><F2/><W84/><G84/><N who="0" m="50183" /><D39/><U113/><E113/><V133/><F0/><W33/><G33/><T35/><D35/><U86/><E86/><V25/><F30/><W63/><G63/><N who="0" m="38255" /><D38/><U79/><REACH who="1" step="1"/><E54/><REACH who="1" ten="250,31,327,372" step="2"/><V14/><F99/><W48/><G48/><T16/><D49/><U108/><E108/><V111/><F111/><W126/><G126/><T83/><D43/><U128/><E128/><V34/><F50/><W132/><G132/><T9/><D40/><U98/><E98/><V13/><F133/><W28/><G28/><T60/><D42/><U107/><E107/><V68/><F134/><W18/><G18/><T41/><D41/><U82/><AGARI ba="1,2" hai="1,6,11,15,19,21,46,51,52,79,82,85,130,131" machi="82" ten="30,7900,0" yaku="1,1,5,1,0,1,54,1,53,0" doraHai="58" doraHaiUra="135" who="1" fromWho="1" sc="250,-21,31,102,327,-40,372,-21" /><INIT seed="3,0,0,3,0,32" ten="229,133,287,351" oya="3" hai0="47,109,82,123,86,79,54,111,41,108,43,1,20" hai1="135,63,91,6,46,81,40,95,70,101,77,12,94" hai2="42,44,67,76,72,11,118,100,53,59,116,14,115" hai3="65,50,61,88,119,24,102,110,57,113,93,27,35"/><W18/><G113/><T16/><D123/><U128/><E128/><V73/><F67/><W37/><G119/><T83/><D83/><U105/><E135/><V23/><F23/><W10/><G37/><T62/><D1/><U48/><E105/><V13/><F100/><W84/><G35/><T75/><D75/><U29/><E29/><V90/><F90/><W45/><G110/><T60/><D54/><U131/><E131/><V85/><F85/><W97/><G10/><T120/><D120/><U49/><E101/><V3/><F115/><W114/><G18/><T74/><D74/><U5/><E5/><V112/><F112/><W106/><REACH who="3" step="1"/><G114/><REACH who="3" ten="229,133,287,341" step="2"/><T103/><D108/><U2/><E49/><V31/><F116/><W56/><G56/><T8/><D109/><U117/><E117/><V0/><F59/><W36/><G36/><T122/><D111/><U80/><E70/><V51/><F118/><W25/><G25/><T125/><D122/><U89/><E46/><V121/><F121/><W39/><G39/><T87/><D8/><N who="1" m="2135" /><E63/><V30/><F11/><W92/><G92/><T124/><D62/><U68/><E68/><V58/><F58/><W133/><G133/><T134/><D60/><U34/><E34/><V33/><F33/><W66/><G66/><T104/><D134/><U69/><E69/><V17/><F17/><W107/><G107/><T28/><D47/><N who="1" m="25703" /><E94/><V99/><F44/><W127/><G127/><T126/><D126/><U64/><E64/><V98/><F51/><W15/><G15/><N who="0" m="9247" /><D125/><U26/><E95/><V38/><F38/><W22/><G22/><RYUUKYOKU ba="0,1" sc="229,-10,133,-10,287,-10,341,30" hai3="24,27,45,50,57,61,65,84,88,93,97,102,106" /><INIT seed="3,1,1,2,2,125" ten="219,123,277,371" oya="3" hai0="94,67,5,40,45,103,70,29,18,36,4,68,114" hai1="23,86,12,52,90,19,78,63,128,46,121,91,81" hai2="74,71,39,120,66,77,9,27,57,109,3,101,92" hai3="28,33,54,8,1,69,82,85,62,34,26,122,56"/><W83/><G122/><T119/><D119/><U2/><E2/><V49/><F120/><W79/><G69/><T108/><D108/><U75/><E121/><V102/><F39/><W24/><G83/><T25/><D114/><U135/><E135/><V37/><F37/><W13/><G1/><T118/><D18/><U132/><E132/><V20/><F74/><W95/><G95/><T126/><D70/><U80/><E91/><V115/><F77/><W17/><REACH who="3" step="1"/><G26/><REACH who="3" ten="219,123,277,361" step="2"/><T6/><D118/><U60/><E128/><V21/><F71/><W65/><G65/><T117/><D117/><U110/><E110/><V64/><F109/><W112/><G112/><T133/><D133/><U100/><E100/><V47/><F102/><W58/><G58/><T43/><D67/><U129/><E129/><V89/><F101/><W96/><G96/><T55/><D68/><U32/><E32/><AGARI ba="1,2" hai="8,13,17,24,28,32,33,34,54,56,62,79,82,85" machi="32" ten="30,2900,0" yaku="1,1,7,1,53,0" doraHai="125" doraHaiUra="87" who="3" fromWho="1" sc="219,0,123,-32,277,0,361,52" /><INIT seed="3,2,0,1,1,132" ten="219,91,277,413" oya="3" hai0="42,41,78,44,73,55,100,93,11,76,7,36,39" hai1="84,98,125,34,68,128,27,107,105,33,21,104,8" hai2="120,32,119,70,57,66,97,43,130,61,62,134,126" hai3="86,10,121,29,17,95,20,45,9,115,48,123,91"/><W47/><G115/><T108/><D108/><U109/><E109/><V0/><F0/><W3/><G29/><T64/><D64/><U131/><E68/><V14/><F32/><W79/><G47/><T19/><D19/><U96/><E84/><V116/><F134/><W113/><G113/><T24/><D24/><U26/><E8/><V112/><F112/><W12/><G79/><T15/><D55/><U38/><E38/><V118/><F97/><W106/><G106/><T56/><D56/><U63/><E63/><V71/><F14/><W82/><G95/><T81/><D76/><U60/><E60/><V80/><F80/><W13/><G3/><T51/><D42/><U111/><E111/><V99/><F99/><W135/><G135/><T18/><D18/><U122/><E107/><V92/><F92/><W94/><G94/><T133/><D133/><U88/><E21/><V25/><F25/><W67/><G67/><T35/><D35/><U89/><REACH who="1" step="1"/><E122/><REACH who="1" ten="219,81,277,413" step="2"/><V52/><F120/><W69/><G69/><T90/><REACH who="0" step="1"/><D100/><REACH who="0" ten="209,81,277,413" step="2"/><U127/><AGARI ba="2,2" hai="26,27,33,34,88,89,96,98,104,105,125,127,128,131" machi="127" ten="25,16000,3" yaku="1,1,2,1,0,1,22,2,52,2,54,1,53,0" doraHai="132" doraHaiUra="77" who="1" fromWho="1" sc="209,-42,81,186,277,-42,413,-82" /><INIT seed="4,0,0,4,3,1" ten="167,267,235,331" oya="0" hai0="48,92,93,20,76,59,68,123,51,134,60,13,116" hai1="108,124,39,37,72,7,88,43,126,135,41,73,128" hai2="82,89,87,117,98,118,101,110,99,97,61,104,45" hai3="75,9,49,18,25,67,119,94,113,12,84,103,69"/><T2/><D116/><N who="2" m="44650" /><F110/><W130/><G130/><T86/><D123/><U36/><E108/><V105/><F45/><W21/><G75/><N who="1" m="28746" /><E128/><V78/><F61/><W71/><G113/><T111/><D111/><U114/><E114/><V34/><F34/><W50/><G71/><T70/><D2/><U65/><E65/><V38/><F38/><W58/><G69/><T10/><D134/><U85/><E135/><V55/><F55/><W28/><G119/><T15/><D20/><U27/><E27/><V133/><F133/><W127/><G127/><N who="1" m="48682" /><E7/><V47/><F47/><W16/><G18/><T30/><D30/><U132/><E132/><V125/><F125/><W66/><G66/><N who="0" m="39199" /><D70/><U95/><AGARI ba="0,0" hai="36,37,39,41,43,85,88,95" m="48682,28746" machi="95" ten="40,2700,0" yaku="18,1,54,1" doraHai="1" who="1" fromWho="1" sc="167,-13,267,27,235,-7,331,-7" /><INIT seed="5,0,0,3,4,52" ten="154,294,228,324" oya="1" hai0="125,119,81,46,22,47,16,34,70,127,45,126,66" hai1="117,43,68,23,99,97,105,27,25,93,11,64,120" hai2="38,3,95,8,61,20,33,87,59,44,37,26,50" hai3="54,32,116,29,19,12,42,115,111,14,6,17,118"/><U101/><E120/><V85/><F33/><W78/><G42/><T122/><D119/><N who="3" m="45609" /><G78/><T72/><D122/><U63/><E117/><V129/><F129/><W106/><G54/><T1/><D34/><U132/><E132/><V121/><F121/><W114/><G106/><T7/><D1/><U73/><E73/><V84/><F95/><W131/><G111/><T123/><D7/><U31/><E43/><V107/><F107/><W4/><G131/><T57/><D123/><U92/><E11/><V104/><F104/><W94/><G94/><T58/><D70/><U30/><REACH who="1" step="1"/><E97/><REACH who="1" ten="154,284,228,324" step="2"/><V98/><F98/><W35/><G6/><T69/><D69/><U80/><E80/><V36/><F8/><N who="3" m="6279" /><G4/><T91/><D66/><U48/><E48/><V82/><F82/><W100/><G115/><T130/><D130/><U13/><E13/><V60/><F3/><W110/><G114/><T39/><D39/><U83/><E83/><V86/><F36/><W79/><G14/><N who="0" m="9495" /><D72/><U108/><E108/><V10/><F10/><W41/><G110/><T67/><D67/><U112/><E112/><V88/><F37/><W74/><G74/><T109/><D109/><U62/><E62/><V75/><F75/><W24/><G41/><T56/><D81/><U51/><E51/><V9/><F9/><W96/><G79/><T135/><D135/><U90/><E90/><AGARI ba="0,1" hai="45,46,47,56,57,58,90,91,125,126,127" m="9495" machi="90" ten="40,12000,2" yaku="29,2,18,1,52,3,54,1" doraHai="52" who="0" fromWho="1" sc="154,130,284,-120,228,0,324,0" /><INIT seed="6,0,0,4,2,0" ten="284,164,228,324" oya="2" hai0="97,129,18,32,84,78,64,67,9,122,52,51,125" hai1="107,71,75,62,72,119,110,70,19,66,87,23,28" hai2="132,131,83,47,33,57,102,126,117,111,106,82,133" hai3="56,2,24,21,120,40,98,114,55,37,53,92,29"/><V79/><F117/><W108/><G108/><T103/><D122/><U54/><E119/><V118/><F118/><W14/><G2/><T89/><D32/><U58/><E110/><V104/><F111/><W38/><G120/><T90/><D129/><U128/><E107/><V39/><F131/><W134/><G134/><N who="2" m="51817" /><F33/><W7/><G114/><T80/><D125/><U96/><E128/><V77/><F57/><W124/><G40/><T116/><D116/><U27/><E87/><N who="2" m="48591" /><F102/><W20/><G124/><T46/><D78/><U25/><E66/><V101/><F101/><W100/><G55/><T61/><D90/><U130/><E130/><V86/><F126/><W60/><G21/><T95/><D61/><U10/><E96/><V76/><F76/><W12/><G38/><T44/><D44/><U127/><E127/><V121/><F121/><W112/><G37/><T43/><D43/><AGARI ba="0,0" hai="39,43,47,79,83,86,104,106" m="48591,51817" machi="43" ten="30,1500,0" yaku="20,1" doraHai="0" who="2" fromWho="0" sc="284,-15,164,0,228,15,324,0" /><INIT seed="6,1,0,1,2,51" ten="269,164,243,324" oya="2" hai0="106,114,98,57,83,73,32,44,132,93,116,84,55" hai1="16,35,126,89,18,42,129,53,75,123,95,105,10" hai2="11,97,1,39,19,60,117,92,33,128,115,91,0" hai3="99,21,28,94,113,49,37,111,4,5,71,121,72"/><V81/><F117/><W78/><G111/><T122/><D32/><U100/><E35/><V36/><F115/><W88/><G37/><T48/><D122/><U86/><E75/><V62/><F33/><W8/><G71/><T87/><D114/><U119/><E119/><V54/><F81/><W24/><G121/><T15/><D116/><U46/><E126/><V120/><F128/><W133/><G133/><T38/><D132/><U23/><E129/><V40/><F62/><W80/><G113/><T135/><D106/><U66/><E66/><V50/><F60/><W65/><G65/><T134/><D73/><U76/><E76/><V64/><F64/><W17/><G49/><T101/><D84/><U9/><E123/><V14/><F120/><W2/><REACH who="3" step="1"/><G5/><REACH who="3" ten="269,164,243,314" step="2"/><T7/><D135/><U79/><E79/><V74/><F36/><W125/><G125/><T85/><D134/><U27/><E18/><AGARI ba="1,1" hai="2,4,8,17,18,21,24,28,72,78,80,88,94,99" machi="18" ten="40,2600,0" yaku="1,1,54,1,53,0" doraHai="51" doraHaiUra="127" who="3" fromWho="1" sc="269,0,164,-29,243,0,314,39" /><INIT seed="7,0,0,4,5,96" ten="269,135,243,353" oya="3" hai0="103,54,59,3,27,119,76,56,20,11,51,113,16" hai1="125,127,90,118,52,132,53,21,32,30,85,110,14" hai2="109,18,95,68,115,114,13,41,101,38,15,92,60" hai3="19,75,28,88,40,123,44,106,87,66,99,50,71"/><W108/><G123/><T65/><D119/><U78/><E110/><V73/><F73/><W24/><G75/><T126/><D126/><U91/><E118/><V129/><F129/><W42/><G19/><T130/><D130/><U63/><E132/><V128/><F109/><W10/><G10/><T81/><D113/><N who="2" m="43018" /><F92/><W12/><G12/><N who="0" m="7199" /><D103/><U116/><E116/><V46/><F18/><W89/><G66/><T23/><D3/><U131/><E32/><V72/><F72/><W61/><G42/><T69/><D69/><U34/><E34/><V55/><F128/><W4/><G40/><T111/><D111/><U64/><E131/><V35/><F35/><W74/><G74/><T67/><D59/><U5/><E78/><V33/><F33/><W7/><G71/><T48/><D48/><U1/><E1/><V86/><F86/><W93/><G50/><T121/><D121/><U17/><E5/><V107/><F107/><W2/><G106/><T25/><D81/><U112/><E30/><V47/><F46/><W117/><G44/><T105/><D76/><U80/><E91/><V102/><F95/><W0/><G93/><T135/><D105/><U79/><E79/><V62/><F62/><W100/><G61/><T22/><D135/><U26/><E112/><V133/><F133/><W43/><G108/><T36/><D36/><U31/><E125/><V6/><F6/><W57/><G7/><T98/><D98/><U70/><REACH who="1" step="1"/><E127/><REACH who="1" ten="269,125,243,353" step="2"/><V45/><F101/><W134/><G117/><T124/><D124/><U39/><E39/><V120/><F102/><W94/><G100/><RYUUKYOKU ba="0,1" sc="269,15,125,15,243,-15,353,-15" hai0="20,22,23,25,27,51,54,56,65,67" hai1="14,17,21,26,31,52,53,63,64,70,80,85,90" owari="284,8.0,140,-36.0,228,-17.0,348,45.0" /></mjloggm>