<mjloggm ver="2.3"><GO type="41" lobby="0"/><UN n0="%67%6E%73%6B" n1="%6D%61%6A%75%6E%69%61" n2="%E2%93%9D%53%75%70%68%78" n3="%6A%75%6E%79%75" dan="14,15,18,13" rate="1963.11,2017.83,2114.51,1901.04" sx="M,M,M,M"/><TAIKYOKU oya="0"/><INIT seed="0,0,0,3,4,77" ten="250,250,250,250" oya="0" hai0="132,32,111,19,63,134,113,62,56,130,101,121,135" hai1="86,23,7,122,15,25,103,54,88,64,117,36,96" hai2="98,69,28,1,51,31,112,48,79,124,85,92,120" hai3="3,105,40,18,126,17,133,78,115,8,65,91,45"/><T38/><D113/><U87/><E117/><V114/><F1/><W22/><G115/><T76/><D121/><U116/><E122/><V44/><F120/><W14/><G105/><T94/><D38/><U70/><E116/><V123/><F123/><W67/><G126/><T104/><D104/><U118/><E118/><V29/><F69/><W100/><G100/><T131/><D32/><U108/><E36/><V90/><F124/><W125/><G133/><T53/><D19/><U27/><E70/><V82/><REACH who="2" step="1"/><F51/><REACH who="2" ten="250,250,240,250" step="2"/><W41/><G125/><T107/><D63/><U35/><E108/><V129/><F129/><N who="0" m="49162" /><D111/><U106/><E35/><V66/><F66/><W50/><G3/><T34/><D34/><U30/><E64/><V83/><F83/><W26/><G65/><T46/><D107/><U2/><E2/><V57/><F57/><W47/><G67/><T61/><D46/><U75/><E106/><V95/><F95/><W102/><G47/><T99/><D62/><U5/><E54/><AGARI ba="0,1" hai="28,29,31,44,48,54,79,82,85,90,92,98,112,114" machi="54" ten="40,8000,1" yaku="1,1,52,1,53,2" doraHai="77" doraHaiUra="109" who="2" fromWho="1" sc="250,0,250,-80,240,90,250,0" /><INIT seed="1,0,0,1,2,49" ten="250,170,330,250" oya="1" hai0="126,74,29,40,66,95,25,71,132,93,37,31,96" hai1="19,88,89,59,21,30,46,85,131,55,118,133,123" hai2="135,22,6,24,28,114,5,64,76,14,134,41,35" hai3="70,82,90,122,50,58,107,7,63,130,45,119,80"/><U48/><E123/><V4/><F41/><W34/><G122/><T113/><D74/><U100/><E118/><V44/><F44/><W75/><G70/><T115/><D132/><N who="2" m="50730" /><F76/><W111/><G34/><T56/><D71/><U102/><E133/><V42/><F42/><W65/><G111/><T9/><D95/><U18/><E131/><V99/><F99/><W20/><G130/><T53/><D66/><U109/><E109/><V94/><F94/><W84/><G119/><T27/><D9/><U0/><E0/><V104/><F64/><W98/><G7/><T52/><D56/><U125/><E125/><V127/><F104/><W32/><G32/><T106/><D106/><U121/><E121/><V60/><F60/><W62/><G62/><T11/><D11/><U51/><E30/><V39/><F39/><W38/><G38/><T10/><D10/><U128/><E128/><V81/><F81/><W110/><G110/><T2/><D2/><U12/><E19/><N who="2" m="10615" /><F114/><W47/><G75/><T69/><D126/><AGARI ba="0,0" hai="4,5,6,24,28,35,126,127" m="10615,50730" machi="126" ten="40,5200,0" yaku="20,1,34,2" doraHai="49" who="2" fromWho="0" sc="250,-52,170,0,330,52,250,0" /><INIT seed="2,0,0,2,1,86" ten="198,170,382,250" oya="2" hai0="78,24,7,127,26,13,80,19,20,40,102,81,30" hai1="18,115,105,116,82,106,0,125,114,120,91,90,124" hai2="119,11,77,59,132,65,87,97,117,36,122,99,50" hai3="51,37,68,103,123,108,128,121,12,101,49,89,74"/><V33/><F122/><W111/><G37/><T94/><D127/><N who="1" m="48715" /><E0/><V39/><F33/><W76/><G68/><T75/><D40/><U104/><E18/><V83/><F132/><W84/><G12/><T22/><D81/><U15/><E15/><V42/><F39/><W41/><G41/><T1/><D1/><U31/><E31/><V96/><F36/><W25/><G25/><T134/><D134/><U109/><E116/><V73/><F73/><W48/><G128/><T27/><D7/><U63/><E63/><V69/><F69/><W67/><G67/><T64/><D64/><U16/><E16/><V61/><REACH who="2" step="1"/><F11/><REACH who="2" ten="198,170,372,250" step="2"/><W3/><G74/><T107/><D107/><U88/><E120/><V10/><F10/><W71/><G71/><T62/><REACH who="0" step="1"/><D62/><REACH who="0" ten="188,170,372,250" step="2"/><U32/><E32/><V6/><F6/><W35/><G35/><T66/><D66/><U34/><E34/><V58/><F58/><W95/><G121/><T131/><D131/><U118/><E118/><V43/><F43/><W28/><G123/><T47/><D47/><AGARI ba="0,2" hai="42,47,50,59,61,65,77,83,87,96,97,99,117,119" machi="47" ten="40,3900,0" yaku="1,1,53,1" doraHai="86" doraHaiUra="46" who="2" fromWho="0" sc="188,-39,170,0,372,59,250,0" /><INIT seed="2,1,0,1,4,75" ten="149,170,431,250" oya="2" hai0="120,25,88,21,6,65,91,53,12,7,101,103,100" hai1="62,31,131,9,104,16,27,96,78,57,50,41,58" hai2="43,15,114,84,99,85,59,81,34,54,1,64,76" hai3="48,5,106,52,69,36,63,47,45,115,44,32,40"/><V20/><F114/><W95/><G106/><T129/><D120/><U126/><E126/><V23/><F1/><W70/><G32/><T30/><D129/><U130/><E104/><V66/><F34/><W86/><G5/><T13/><D65/><U60/><E96/><V107/><F43/><N who="3" m="22631" /><G95/><T119/><D119/><U133/><E133/><V0/><F0/><W10/><G86/><T14/><REACH who="0" step="1"/><D53/><REACH who="0" ten="139,170,431,250" step="2"/><U35/><E131/><V2/><F66/><N who="3" m="41183" /><G115/><T11/><D11/><U111/><E130/><V79/><F64/><W8/><G8/><T28/><D28/><U4/><E9/><V49/><F54/><W113/><G10/><T38/><D38/><U116/><E116/><V33/><F2/><W61/><G113/><T117/><D117/><U3/><E3/><V18/><F18/><W67/><G40/><T55/><D55/><U134/><E134/><V108/><F49/><W68/><G68/><T122/><D122/><U73/><E50/><V72/><F59/><AGARI ba="1,1" hai="45,47,48,52,59,61,67,70" m="41183,22631" machi="59" ten="30,12000,2" yaku="24,1,35,5,54,1" doraHai="75" who="3" fromWho="2" sc="139,0,170,0,431,-123,250,133" /><INIT seed="3,0,0,3,5,124" ten="139,170,308,383" oya="3" hai0="96,9,119,11,64,66,101,120,62,103,55,78,116" hai1="104,125,13,10,109,68,87,108,48,95,133,67,99" hai2="70,115,16,41,2,8,63,65,50,49,111,59,53" hai3="31,112,27,61,131,29,86,30,69,106,15,26,1"/><W74/><G74/><T75/><D120/><U33/><E125/><V19/><F115/><W91/><G106/><T100/><D96/><U44/><E33/><V58/><F111/><N who="1" m="42569" /><E87/><V84/><F2/><W127/><G1/><T42/><D42/><N who="1" m="24599" /><E104/><V0/><F84/><W45/><G112/><T38/><D38/><U52/><E52/><V36/><F50/><W51/><G127/><T134/><D55/><U122/><E133/><V114/><F59/><W135/><G135/><T7/><D134/><U121/><E67/><V23/><F114/><W47/><G45/><T4/><D78/><U81/><E81/><V39/><F41/><W37/><G37/><T20/><D75/><U22/><E22/><V5/><REACH who="2" step="1"/><F19/><REACH who="2" ten="139,170,298,383" step="2"/><W130/><G69/><T56/><D66/><U117/><E68/><V89/><F89/><W77/><G91/><T21/><D103/><N who="1" m="60927" /><E117/><V72/><F72/><W24/><G61/><T46/><D64/><U79/><E79/><V28/><F28/><W132/><G132/><T98/><D62/><U25/><E25/><AGARI ba="0,1" hai="0,5,8,16,23,25,36,39,49,53,58,63,65,70" machi="25" ten="30,3900,0" yaku="1,1,7,1,54,1,53,0" doraHai="124" doraHaiUra="113" who="2" fromWho="1" sc="139,0,170,-39,298,49,383,0" /><INIT seed="4,0,0,4,5,120" ten="139,131,347,383" oya="0" hai0="50,106,122,127,13,51,124,11,31,121,12,78,113" hai1="105,42,111,3,119,134,85,92,131,54,104,95,25" hai2="97,52,39,86,117,19,128,38,53,99,87,44,27" hai3="69,47,18,24,116,2,43,115,16,1,132,5,60"/><T26/><D106/><U59/><E119/><V34/><F128/><W6/><G116/><T37/><D37/><U109/><E3/><V71/><F117/><W10/><G132/><T20/><D78/><U107/><E134/><V93/><F71/><W41/><G115/><T49/><D113/><U94/><E131/><V135/><F135/><W76/><G76/><T103/><D103/><U22/><E42/><V110/><F19/><W0/><G0/><T101/><D101/><U36/><E85/><V21/><F21/><W123/><G123/><T29/><D29/><U90/><E90/><V46/><F27/><W84/><G84/><T57/><D57/><U66/><E66/><V45/><F45/><W28/><G60/><T98/><D98/><U40/><E40/><V33/><F93/><W58/><G58/><T23/><D23/><U133/><E133/><V56/><F56/><W63/><G63/><T83/><D83/><U61/><REACH who="1" step="1"/><E36/><REACH who="1" ten="139,121,347,383" step="2"/><V15/><F15/><W4/><G41/><T8/><D122/><U102/><E102/><V130/><F130/><W118/><G118/><T72/><D121/><U30/><AGARI ba="0,1" hai="22,25,30,54,59,61,92,94,95,104,105,107,109,111" machi="30" ten="40,8000,1" yaku="1,1,0,1,52,2,53,0" doraHai="120" doraHaiUra="112" who="1" fromWho="1" sc="139,-40,121,90,347,-20,383,-20" /><INIT seed="5,0,0,0,1,108" ten="99,211,327,363" oya="1" hai0="105,54,64,103,101,79,46,99,118,97,128,92,135" hai1="39,109,66,19,42,43,89,59,124,125,120,81,106" hai2="75,38,131,132,78,32,25,98,7,72,126,91,100" hai3="119,87,129,37,95,10,112,93,114,113,60,58,107"/><U70/><E106/><V44/><F131/><W15/><G129/><T117/><D128/><U3/><E3/><V121/><F121/><W22/><G119/><T36/><D135/><U55/><E19/><V33/><F91/><W77/><G107/><T0/><D0/><U133/><E81/><V53/><F126/><N who="1" m="48745" /><E89/><V102/><F7/><N who="3" m="3551" /><G37/><T8/><D8/><U24/><E24/><V83/><F25/><W57/><G22/><T85/><D64/><U12/><E12/><V61/><F75/><W96/><G60/><T5/><D5/><U30/><E30/><V76/><F61/><W56/><G96/><T2/><D2/><U94/><E94/><N who="3" m="35850" /><G114/><T20/><BYE who="3" /><D20/><U41/><E120/><UN n3="%6A%75%6E%79%75" /><V50/><F98/><W11/><G11/><T4/><D4/><U115/><E109/><V16/><F33/><W31/><G31/><T84/><D54/><U130/><E130/><V80/><F53/><W6/><G6/><T52/><D36/><U127/><E127/><V49/><F38/><W13/><G13/><T34/><D34/><U123/><E123/><V74/><F32/><W40/><G77/><T111/><D111/><U26/><E26/><V35/><F35/><W17/><G87/><T69/><D69/><U86/><E86/><N who="0" m="33385" /><D79/><U51/><E133/><V68/><F132/><W14/><G17/><T9/><D9/><U29/><E29/><V67/><F16/><W110/><G110/><T28/><D28/><U45/><E115/><N who="3" m="44106" /><G14/><T90/><D103/><U47/><E39/><V48/><F102/><W104/><G104/><T88/><D90/><U23/><E23/><RYUUKYOKU ba="0,0" sc="99,10,211,10,327,-30,363,10" hai0="46,52,88,92,97,99,101,105,117,118" hai1="41,42,43,45,47,51,55,59,66,70" hai3="40,56,57,58" /><INIT seed="5,1,0,1,5,54" ten="109,221,297,373" oya="1" hai0="51,86,71,85,25,68,40,57,22,53,72,8,37" hai1="17,89,113,62,19,10,18,42,84,134,120,116,74" hai2="103,101,81,64,1,77,129,87,93,32,41,114,61" hai3="52,49,59,90,110,124,14,31,28,133,135,83,102"/><U50/><E120/><V35/><F1/><W43/><G110/><T91/><D72/><U69/><E116/><V100/><F129/><W38/><G124/><T126/><D126/><U58/><E74/><V94/><F41/><W20/><G102/><T46/><D8/><U82/><E134/><N who="3" m="51210" /><G43/><T60/><D71/><U2/><E69/><V7/><F7/><W88/><G38/><T117/><D91/><N who="3" m="34857" /><G83/><T34/><D34/><U118/><E113/><V107/><F107/><W127/><G127/><T130/><D130/><U9/><E2/><V0/><F0/><W66/><G66/><T95/><D95/><U16/><N who="1" m="4096" /><DORA hai="104" /><U29/><E29/><N who="3" m="11338" /><G20/><T27/><D22/><U73/><E73/><V63/><F114/><W4/><G14/><T6/><D6/><AGARI ba="1,0" hai="4,6,49,52,59" m="11338,34857,51210" machi="6" ten="30,7700,0" yaku="20,1,52,1,54,2" doraHai="54,104" who="3" fromWho="0" sc="109,-80,221,0,297,0,373,80" /><INIT seed="6,0,0,0,4,126" ten="29,221,297,453" oya="2" hai0="60,80,62,6,88,56,49,86,8,72,82,33,107" hai1="103,130,36,68,106,10,120,47,96,104,38,11,41" hai2="69,37,78,2,134,105,71,115,101,102,30,29,119" hai3="0,23,52,57,44,50,92,109,25,45,121,83,113"/><V39/><F78/><W131/><G0/><T108/><D33/><U9/><E120/><V79/><F79/><W85/><G109/><T15/><D107/><U89/><E89/><V90/><F90/><W7/><G131/><T28/><D108/><U59/><E68/><V95/><F105/><W70/><G70/><T55/><D72/><U97/><E59/><V64/><F2/><W74/><G74/><T128/><D128/><U73/><E73/><V48/><F48/><W42/><G113/><T40/><D28/><U84/><E84/><V21/><F21/><W135/><G121/><T91/><REACH who="0" step="1"/><D40/><REACH who="0" ten="19,221,297,453" step="2"/><U3/><E106/><V112/><F30/><W100/><G42/><T46/><D46/><U124/><E41/><V34/><F29/><W76/><G44/><T118/><D118/><U51/><E47/><V114/><F119/><W14/><G45/><T5/><D5/><U17/><E104/><V58/><F34/><W94/><G7/><T81/><D81/><U66/><E3/><V93/><F115/><W129/><G83/><T4/><D4/><U27/><E130/><V1/><F1/><W75/><G75/><T133/><D133/><U12/><E17/><V67/><F134/><W16/><G135/><T31/><D31/><U20/><E124/><V24/><F114/><W87/><G129/><T127/><D127/><U53/><E38/><V18/><F112/><W19/><G19/><T77/><D77/><U54/><E36/><V116/><F18/><W125/><G76/><T61/><D61/><U123/><E123/><V13/><F116/><W43/><G125/><RYUUKYOKU ba="0,1" sc="19,30,221,-10,297,-10,453,-10" hai0="6,8,15,49,55,56,60,62,80,82,86,88,91" /><INIT seed="7,1,1,3,2,57" ten="49,211,287,443" oya="3" hai0="26,65,117,100,82,22,84,122,59,44,13,114,45" hai1="7,24,42,32,108,71,112,67,16,49,113,55,58" hai2="27,69,88,34,48,133,125,110,3,39,131,63,76" hai3="107,86,5,85,92,51,111,109,50,41,29,101,25"/><W80/><G92/><T91/><D122/><U54/><E7/><V129/><F76/><W105/><G5/><T10/><D117/><U56/><E32/><V38/><F3/><W104/><G101/><T43/><D114/><U81/><E81/><V123/><F110/><N who="3" m="41995" /><G41/><T19/><D100/><U4/><E4/><V36/><F125/><W127/><G86/><T46/><D43/><U68/><E16/><V23/><F133/><W6/><G6/><T60/><REACH who="0" step="1"/><D45/><REACH who="0" ten="39,211,287,443" step="2"/><U126/><E42/><V120/><F120/><W40/><G40/><T87/><D87/><U99/><E108/><V47/><F123/><W135/><G127/><T73/><D73/><U96/><E126/><V33/><F47/><W12/><G135/><T35/><D35/><U106/><E113/><V77/><F34/><N who="3" m="20783" /><G12/><T98/><D98/><U119/><E96/><V31/><F33/><W72/><G72/><T20/><D20/><U79/><E99/><V30/><F23/><W83/><G85/><T124/><D124/><U18/><E112/><V128/><F39/><W21/><G21/><T121/><D121/><U2/><E119/><V74/><F38/><W134/><G134/><T130/><D130/><U11/><E11/><V66/><F131/><W95/><G95/><T118/><D118/><U78/><E106/><V89/><F129/><W97/><G97/><T102/><D102/><U116/><E116/><V64/><F128/><W70/><G107/><T75/><D75/><U132/><E132/><V61/><F74/><W15/><G105/><T93/><D93/><U0/><E55/><V52/><F52/><RYUUKYOKU ba="1,2" sc="39,30,211,-10,287,-10,443,-10" hai0="10,13,19,22,26,44,46,59,60,65,82,84,91" owari="69,-43.0,201,-20.0,277,8.0,453,55.0" /></mjloggm>