<mjloggm ver="2.3"><GO type="41" lobby="0"/><UN n0="%E3%81%8C%E3%82%89%E3%81%8F%E3%81%9F" n1="%E3%82%8A%E3%82%85%E3%83%BC%E3%81%92" n2="%E2%93%9D%53%75%70%68%78" n3="%43%59%52%39" dan="15,15,18,15" rate="1950.14,2037.05,2128.75,1977.89" sx="M,M,M,M"/><TAIKYOKU oya="0"/><INIT seed="0,0,0,0,0,117" ten="250,250,250,250" oya="0" hai0="75,131,89,78,0,103,18,99,12,23,71,38,95" hai1="101,65,32,128,51,16,28,66,118,26,110,5,122" hai2="48,45,30,126,55,82,2,123,125,27,107,43,106" hai3="83,100,97,52,87,64,15,127,34,134,121,109,70"/><T61/><D0/><U13/><E110/><V29/><F2/><W69/><G109/><T92/><D131/><U49/><E118/><V115/><F115/><W133/><G127/><N who="2" m="48649" /><F30/><W79/><G34/><T129/><D38/><U58/><E128/><V59/><F82/><W31/><G31/><T33/><D33/><U132/><E132/><N who="3" m="50794" /><G15/><T67/><D129/><U22/><E101/><V73/><F73/><W96/><G96/><T36/><D36/><U20/><E122/><V42/><F42/><W113/><G113/><T25/><D78/><U80/><E5/><V112/><F112/><W93/><G64/><T10/><D75/><U90/><E32/><N who="2" m="20543" /><F123/><W50/><G121/><T53/><D53/><N who="1" m="32047" /><E51/><AGARI ba="0,0" hai="43,45,48,51,55,59,106,107" m="20543,48649" machi="51" ten="30,1000,0" yaku="18,1" doraHai="117" who="2" fromWho="1" sc="250,0,250,-10,250,10,250,0" /><INIT seed="1,0,0,2,1,66" ten="250,240,260,250" oya="1" hai0="62,123,79,56,27,17,61,23,55,54,83,36,119" hai1="98,2,20,120,29,110,125,88,81,16,100,28,133" hai2="91,65,118,127,113,132,40,5,111,58,1,89,24" hai3="104,22,6,90,109,116,94,114,115,43,124,134,12"/><U68/><E120/><V108/><F118/><W93/><G109/><N who="2" m="42057" /><F40/><W73/><G124/><T117/><D123/><U39/><E39/><V131/><F132/><W78/><G134/><T105/><D36/><U80/><E2/><V30/><F131/><W60/><G104/><T101/><D101/><U112/><E125/><V70/><F58/><W129/><G129/><T15/><D105/><U77/><E133/><V75/><F75/><W82/><G116/><T14/><D14/><U74/><E112/><V25/><F25/><W92/><G43/><T21/><D55/><U51/><E110/><V34/><F113/><W85/><G60/><T48/><D117/><U44/><E68/><V99/><F99/><W69/><G69/><T49/><D62/><U33/><E33/><V122/><F122/><W128/><G128/><T52/><D54/><U67/><E67/><V95/><F95/><W31/><G31/><T10/><D119/><U121/><E121/><V57/><F70/><W41/><G41/><T37/><D37/><U0/><E0/><V87/><F127/><W135/><G135/><T107/><D107/><U11/><E11/><N who="2" m="2479" /><F87/><W102/><G102/><T47/><D47/><U50/><E80/><V45/><F45/><W59/><G59/><T8/><D49/><N who="1" m="18443" /><E44/><V35/><F35/><W19/><G6/><T46/><D48/><U86/><E74/><V18/><F18/><W7/><G7/><T9/><D46/><U96/><E100/><V53/><F53/><W72/><G72/><T64/><D64/><U76/><E98/><V63/><AGARI ba="0,0" hai="24,30,34,57,63,65,89,91" m="2479,42057" machi="63" ten="30,1100,0" yaku="14,1" doraHai="66" who="2" fromWho="2" sc="250,-3,240,-5,260,11,250,-3" /><INIT seed="2,0,0,2,2,76" ten="247,235,271,247" oya="2" hai0="80,0,14,62,37,47,68,13,60,132,72,3,58" hai1="54,48,11,97,1,110,9,113,5,2,107,78,64" hai2="33,49,129,87,30,85,24,122,43,22,63,125,91" hai3="57,15,21,29,71,42,4,98,117,130,84,103,123"/><V50/><F122/><W23/><G130/><T75/><D58/><U70/><E113/><V82/><F129/><W55/><G71/><T93/><D93/><U38/><E38/><V116/><F116/><W126/><G126/><T133/><D47/><U83/><E110/><V128/><F128/><W65/><G117/><T86/><D86/><U114/><E114/><V8/><F125/><W111/><G111/><T100/><D100/><U69/><E64/><V27/><F43/><W115/><G123/><T99/><D99/><U18/><E107/><V6/><F63/><W109/><G65/><T19/><D19/><U7/><E97/><V61/><F61/><W73/><G73/><T45/><D45/><U12/><E12/><V16/><REACH who="2" step="1"/><F87/><REACH who="2" ten="247,235,261,247" step="2"/><W35/><G42/><T66/><D68/><U26/><E70/><V67/><F67/><W96/><G84/><T95/><D66/><U44/><E69/><V127/><F127/><W118/><G118/><T25/><D75/><U34/><E34/><V52/><F52/><W106/><G35/><T124/><D72/><U56/><E78/><V102/><F102/><W51/><G115/><T121/><D124/><U90/><E90/><V41/><F41/><W88/><G109/><T94/><D121/><U40/><E40/><V20/><F20/><W81/><G23/><T119/><D119/><U53/><E53/><V112/><F112/><W39/><G21/><T31/><D132/><U135/><E135/><V79/><F79/><W74/><G55/><T28/><D133/><U120/><E120/><V104/><F104/><N who="3" m="63591" /><G74/><T17/><D62/><RYUUKYOKU ba="0,1" sc="247,-10,235,-10,261,30,247,-10" hai2="6,8,16,22,24,27,30,33,49,50,82,85,91" /><INIT seed="2,1,1,1,0,65" ten="237,225,291,237" oya="2" hai0="127,17,100,29,99,71,2,90,82,32,62,11,107" hai1="95,60,16,35,15,25,31,21,69,4,51,20,125" hai2="134,109,43,33,119,113,22,131,73,45,24,122,66" hai3="48,112,36,84,129,116,70,53,39,94,27,9,120"/><V86/><F113/><W67/><G129/><T41/><D127/><U110/><E110/><V7/><F73/><W50/><G116/><T74/><D41/><U102/><E125/><V92/><F33/><W105/><G105/><T5/><D17/><U55/><E4/><V130/><F122/><W12/><G120/><T58/><D58/><U63/><E35/><V8/><F134/><W103/><G112/><T104/><D104/><U42/><E42/><V37/><F66/><W30/><G50/><T98/><D98/><U34/><E34/><V1/><F119/><W59/><G103/><T106/><D106/><U83/><E83/><V121/><F121/><W28/><G28/><T52/><D52/><U132/><E132/><V56/><F56/><W85/><G85/><T47/><D47/><U111/><E111/><V14/><F1/><W91/><G70/><T97/><D90/><U38/><E38/><V76/><F109/><W108/><G67/><N who="0" m="41463" /><D97/><N who="1" m="59711" /><E69/><V64/><F64/><W81/><G94/><T88/><D88/><U19/><E19/><V75/><F92/><W18/><REACH who="3" step="1"/><G108/><REACH who="3" ten="237,225,291,227" step="2"/><T87/><D87/><U13/><E13/><V114/><F86/><W78/><G78/><N who="0" m="44375" /><D29/><U10/><E51/><V79/><F114/><W101/><G101/><T46/><D32/><AGARI ba="1,2" hai="9,12,18,27,30,32,36,39,48,53,59,81,84,91" machi="32" ten="30,2000,0" yaku="1,1,7,1,53,0" doraHai="65" doraHaiUra="93" who="3" fromWho="0" sc="237,-23,225,0,291,0,227,43" /><INIT seed="3,0,0,2,3,53" ten="214,225,291,270" oya="3" hai0="3,17,103,10,71,84,23,107,4,26,69,83,90" hai1="44,79,133,2,124,33,101,62,118,114,93,46,95" hai2="127,111,11,22,121,78,106,104,85,89,105,9,88" hai3="45,1,59,120,5,116,80,49,64,102,60,119,99"/><W41/><G120/><T65/><REACH who="0" step="1"/><D65/><REACH who="0" ten="204,225,291,270" step="2"/><U131/><E114/><V29/><F121/><W128/><G128/><T37/><D37/><U76/><E131/><V82/><F111/><W110/><G110/><T58/><D58/><U117/><E124/><V43/><F127/><W109/><G109/><T32/><D32/><U113/><E113/><V68/><F68/><W63/><G63/><T135/><D135/><U19/><E133/><V112/><F112/><W16/><G116/><T67/><D67/><U6/><E33/><V61/><F61/><W24/><G119/><T86/><D86/><U98/><E62/><V100/><F85/><W51/><G51/><T122/><D122/><U94/><E118/><V18/><F106/><W39/><G39/><T52/><D52/><U31/><E117/><V123/><F105/><W8/><G64/><T81/><D81/><U57/><E57/><V30/><F82/><W35/><G80/><T21/><D21/><U54/><E54/><V74/><F22/><N who="3" m="13383" /><G35/><T15/><D15/><U27/><E98/><AGARI ba="0,1" hai="3,4,10,17,23,26,69,71,83,84,90,98,103,107" machi="98" ten="40,2600,0" yaku="21,2,53,0" doraHai="53" doraHaiUra="126" who="0" fromWho="1" sc="204,36,225,-26,291,0,270,0" /><INIT seed="4,0,0,4,4,23" ten="240,199,291,270" oya="0" hai0="46,66,20,107,100,127,63,97,1,28,120,99,33" hai1="110,89,74,41,119,11,65,81,64,114,77,115,90" hai2="85,32,31,130,124,26,50,73,49,22,47,52,68" hai3="10,14,17,128,45,109,133,86,105,12,8,96,35"/><T98/><D120/><U18/><E41/><V104/><F73/><W126/><G109/><T71/><D127/><U117/><E64/><V56/><F124/><W122/><G128/><T75/><D75/><U101/><E65/><V102/><F130/><W82/><G133/><T24/><D1/><U72/><E11/><V80/><F68/><W103/><G126/><T48/><REACH who="0" step="1"/><D20/><REACH who="0" ten="230,199,291,270" step="2"/><U83/><E18/><V69/><F22/><W54/><G122/><T29/><D29/><U134/><E134/><V55/><F69/><W129/><G129/><T19/><D19/><U4/><E4/><V0/><F0/><W51/><G35/><T87/><D87/><N who="1" m="50415" /><E110/><V6/><F6/><W40/><G10/><T118/><D118/><N who="1" m="45067" /><E72/><V132/><F132/><W70/><G8/><T131/><D131/><U13/><E13/><V27/><F32/><W79/><G17/><T34/><D34/><U15/><E15/><V123/><F31/><W9/><G9/><T21/><D21/><U30/><E30/><V2/><F2/><W76/><G12/><T5/><D5/><U62/><E115/><V92/><F123/><W108/><G108/><T125/><D125/><U25/><E114/><V84/><F84/><W121/><G14/><T111/><D111/><U91/><E25/><V60/><F27/><W135/><G135/><T36/><D36/><U38/><E38/><V112/><F26/><W95/><G121/><T37/><D37/><U88/><E62/><V39/><F39/><W7/><G7/><T93/><D93/><U78/><E74/><V53/><F112/><W43/><G95/><RYUUKYOKU ba="0,1" sc="230,30,199,-10,291,-10,270,-10" hai0="24,28,33,46,48,63,66,71,97,98,99,100,107" /><INIT seed="4,1,1,5,4,114" ten="260,189,281,260" oya="0" hai0="64,120,30,127,124,104,8,106,88,43,85,68,2" hai1="48,16,62,57,131,61,52,55,4,19,7,92,56" hai2="87,17,82,60,69,15,54,66,115,101,77,108,45" hai3="111,70,75,126,118,10,72,110,36,78,91,67,96"/><T46/><D120/><U12/><E131/><V44/><F108/><W26/><G36/><T109/><D30/><U9/><E19/><V105/><F115/><W129/><G10/><T33/><D33/><U28/><E28/><V103/><F105/><W14/><G14/><T27/><D27/><U113/><E113/><V117/><F117/><W0/><G0/><T20/><D20/><U42/><E92/><V6/><F6/><W97/><G26/><T58/><D109/><N who="3" m="41481" /><G67/><T95/><D68/><U5/><REACH who="1" step="1"/><E42/><REACH who="1" ten="260,179,281,260" step="2"/><V100/><REACH who="2" step="1"/><F54/><REACH who="2" ten="260,179,271,260" step="2"/><W63/><G129/><T119/><D104/><U51/><AGARI ba="1,3" hai="4,5,7,9,12,16,48,51,52,55,56,57,61,62" machi="51" ten="30,12000,2" yaku="1,1,2,1,0,1,9,1,8,1,54,2,53,0" doraHai="114" doraHaiUra="83" who="1" fromWho="1" sc="260,-61,179,153,271,-31,260,-31" /><INIT seed="5,0,0,1,1,121" ten="199,332,240,229" oya="1" hai0="44,105,8,63,86,62,90,106,104,125,108,42,31" hai1="74,114,37,47,102,75,135,11,130,61,96,4,116" hai2="107,48,14,23,95,67,12,82,10,28,45,33,56" hai3="41,16,85,50,103,6,57,38,49,79,117,35,124"/><U127/><E116/><V53/><F107/><W30/><G124/><T122/><D122/><U119/><E119/><V111/><F33/><W3/><G38/><T92/><D125/><U60/><E127/><V68/><F68/><W87/><G117/><T15/><D31/><U39/><E114/><V83/><F111/><W46/><G103/><T51/><REACH who="0" step="1"/><D108/><REACH who="0" ten="189,332,240,229" step="2"/><U17/><E135/><V32/><F28/><W34/><G30/><T98/><D98/><U27/><E130/><V1/><F32/><W55/><G35/><T97/><D97/><U2/><E75/><V66/><F1/><W91/><G34/><T118/><D118/><U128/><E74/><V72/><F72/><W81/><G3/><T110/><D110/><U13/><E128/><V24/><F14/><W64/><G6/><AGARI ba="0,1" hai="6,8,15,42,44,51,62,63,86,90,92,104,105,106" machi="6" ten="40,1300,0" yaku="1,1,53,0" doraHai="121" doraHaiUra="21" who="0" fromWho="3" sc="189,23,332,0,240,0,229,-13" /><INIT seed="6,0,0,5,1,61" ten="212,332,240,216" oya="2" hai0="14,7,41,33,26,15,39,35,69,37,10,120,106" hai1="47,97,16,85,8,76,27,93,121,72,88,29,9" hai2="126,87,100,77,31,58,64,66,119,108,17,71,36" hai3="124,40,20,22,125,24,53,78,51,92,43,23,130"/><V128/><F119/><W55/><G130/><T65/><D120/><U57/><E121/><V46/><F71/><W28/><G78/><T110/><D110/><U115/><E115/><V114/><F126/><N who="3" m="48747" /><G92/><T91/><D106/><U82/><E47/><V118/><F118/><W116/><G116/><T79/><D79/><U112/><E112/><V104/><F104/><W11/><G11/><T123/><D123/><U60/><E72/><V113/><F108/><W86/><G86/><T129/><D129/><U25/><E29/><V133/><F31/><W111/><G111/><T56/><D56/><U135/><E135/><V50/><F133/><W81/><G81/><T75/><D91/><U48/><E48/><V94/><F36/><W122/><G122/><T134/><D39/><U18/><E18/><V3/><F17/><W32/><G53/><T13/><D75/><U83/><E83/><N who="2" m="47599" /><F128/><W109/><G109/><T90/><D35/><U68/><E68/><V102/><F114/><W19/><G19/><T103/><D69/><U101/><E101/><N who="2" m="39019" /><F113/><W12/><G12/><T59/><D14/><N who="1" m="7239" /><E9/><V105/><F105/><W6/><G6/><T54/><D7/><U1/><E1/><V80/><F3/><W42/><G42/><T67/><D41/><U89/><E76/><V99/><F80/><W4/><G4/><T74/><D134/><U49/><E49/><V117/><F117/><W34/><G34/><T96/><D37/><U84/><E97/><V5/><F5/><W2/><G2/><T44/><D96/><U62/><E62/><V107/><F99/><W73/><G73/><RYUUKYOKU ba="0,0" sc="212,-15,332,15,240,-15,216,15" hai1="25,27,57,60,82,84,85,88,89,93" hai3="20,22,23,24,28,32,40,43,51,55" /><INIT seed="7,1,0,3,5,71" ten="197,347,225,231" oya="3" hai0="80,90,91,31,29,98,41,44,128,134,96,100,48" hai1="63,14,0,113,1,123,107,59,72,3,88,95,69" hai2="68,27,5,18,112,124,40,125,94,108,111,101,55" hai3="24,4,33,64,8,60,20,116,51,127,45,21,103"/><W32/><G116/><T13/><D128/><U37/><E37/><V81/><F68/><W65/><G127/><N who="2" m="48713" /><F5/><W42/><G103/><T105/><D134/><U76/><E107/><V43/><F112/><W39/><G51/><T77/><D13/><U129/><E69/><V7/><F7/><W75/><G75/><T54/><D96/><U87/><E123/><V99/><F55/><W85/><G85/><T118/><D118/><U73/><E129/><V19/><F81/><W23/><G24/><T97/><D97/><U6/><E113/><V84/><F84/><W78/><G78/><T133/><D133/><U15/><E76/><V114/><F114/><W130/><G130/><T135/><D135/><U67/><REACH who="1" step="1"/><E6/><REACH who="1" ten="197,337,225,231" step="2"/><V110/><F27/><W82/><G39/><T10/><D10/><U9/><E9/><V50/><F50/><W86/><G4/><T106/><D105/><U16/><E16/><AGARI ba="1,1" hai="16,18,19,40,43,94,99,101,108,110,111" m="48713" machi="16" ten="40,2600,0" yaku="18,1,54,1" doraHai="71" who="2" fromWho="1" sc="197,0,337,-29,225,39,231,0" owari="197,-30.0,308,41.0,264,6.0,231,-17.0" /></mjloggm>