<mjloggm ver="2.3"><GO type="41" lobby="0"/><UN n0="%68%61%79%61%74%6F%E2%98%86" n1="%E3%83%95%E3%83%84%E3%83%84%E3%82%AB%E3%83%A2%E3%83%8E" n2="%E2%93%9D%53%75%70%68%78" n3="%4B%4F%52%41%49%40%40%40" dan="14,15,17,15" rate="1912.17,1990.52,2037.61,1977.18" sx="M,M,M,M"/><TAIKYOKU oya="0"/><INIT seed="0,0,0,4,4,69" ten="250,250,250,250" oya="0" hai0="63,18,35,50,125,73,21,72,109,15,55,12,59" hai1="4,42,11,7,76,89,37,100,131,110,70,101,32" hai2="129,81,28,52,41,13,134,126,86,99,51,17,33" hai3="120,121,56,29,93,92,78,5,40,91,53,105,79"/><T82/><D125/><U19/><E70/><V97/><F129/><W127/><G5/><T38/><D35/><U3/><E110/><V44/><F134/><W102/><G29/><T61/><D109/><U135/><E135/><V45/><F28/><W132/><G40/><T95/><D38/><U0/><E131/><V54/><F33/><W57/><G132/><T75/><D82/><U114/><E114/><V14/><F14/><W104/><G53/><T1/><D1/><U64/><E64/><V46/><F54/><W83/><G56/><T25/><D25/><U112/><E112/><V115/><F126/><W9/><G9/><T8/><REACH who="0" step="1"/><D95/><REACH who="0" ten="240,250,250,250" step="2"/><U48/><E32/><V85/><F115/><W117/><G127/><T34/><D34/><U107/><E0/><V22/><F46/><W116/><G83/><T26/><D26/><U96/><E3/><V108/><F108/><W24/><G24/><T36/><D36/><U20/><E37/><V90/><REACH who="2" step="1"/><F86/><REACH who="2" ten="240,250,240,250" step="2"/><W77/><G117/><T16/><AGARI ba="0,2" hai="8,12,15,16,18,21,50,55,59,61,63,72,73,75" machi="16" ten="40,12000,1" yaku="1,1,0,1,54,1,53,1" doraHai="69" doraHaiUra="47" who="0" fromWho="0" sc="240,140,250,-40,240,-40,250,-40" /><INIT seed="0,1,0,5,2,90" ten="380,210,200,210" oya="0" hai0="100,108,28,129,67,80,88,93,21,58,46,73,123" hai1="74,13,47,91,8,43,50,85,34,103,3,119,99" hai2="124,135,18,127,55,37,16,82,70,95,96,40,102" hai3="111,2,29,22,5,83,48,120,25,110,72,45,125"/><T68/><D123/><U20/><E74/><V131/><F70/><W64/><G64/><T106/><D68/><U26/><E34/><V36/><F131/><W71/><G71/><T57/><D129/><U60/><E3/><V10/><F135/><W126/><G72/><T63/><D108/><N who="3" m="41513" /><G83/><T121/><D121/><U61/><E119/><V101/><F55/><W132/><G48/><T52/><D46/><U97/><E60/><V49/><F102/><W7/><G45/><T118/><D118/><U38/><E38/><V30/><F30/><W17/><G120/><T122/><D122/><U75/><E61/><V69/><F69/><W115/><G115/><T104/><D100/><U23/><E75/><V84/><F49/><W107/><G107/><T134/><D134/><U44/><E44/><N who="2" m="23559" /><F37/><W87/><G87/><T65/><D65/><U12/><E12/><V89/><F10/><N who="3" m="2359" /><G7/><T59/><D59/><U9/><E20/><V19/><F127/><N who="3" m="48651" /><G132/><T114/><D114/><U130/><E130/><V116/><F124/><W133/><G133/><T0/><D58/><U24/><E47/><V15/><F116/><W11/><G11/><T86/><D67/><U33/><E8/><V113/><F113/><W78/><G78/><T51/><D51/><U41/><E9/><V94/><F15/><W77/><G77/><N who="0" m="44079" /><D0/><U53/><E13/><V32/><F82/><W66/><G66/><T79/><D79/><U62/><E50/><V54/><F54/><W4/><G4/><T105/><D105/><U1/><E53/><V42/><F42/><W31/><AGARI ba="1,0" hai="17,22,25,29,31" m="48651,2359,41513" machi="31" ten="40,8000,1" yaku="14,1,18,1,34,2" doraHai="90" who="3" fromWho="3" sc="380,-41,210,-21,200,-21,210,83" /><INIT seed="1,0,0,0,1,124" ten="339,189,179,293" oya="1" hai0="97,102,43,23,65,125,58,82,39,90,106,113,115" hai1="73,21,64,5,93,110,131,69,4,35,56,13,14" hai2="117,94,100,7,63,52,83,24,108,53,123,118,44" hai3="48,135,84,119,105,38,20,126,104,15,31,80,59"/><U75/><E69/><V9/><F123/><W37/><G126/><T55/><D125/><U120/><E120/><V79/><F108/><W29/><G15/><N who="1" m="5642" /><E93/><V66/><F24/><W99/><G20/><T47/><D65/><U70/><E70/><V41/><F118/><W36/><G135/><T2/><D2/><U133/><E64/><V96/><F117/><W51/><G99/><T92/><D82/><U28/><E56/><V10/><F10/><W107/><G119/><T111/><D111/><U103/><E103/><V121/><F121/><W132/><G132/><T12/><D12/><U81/><E81/><V98/><F98/><W89/><REACH who="3" step="1"/><G59/><REACH who="3" ten="339,189,179,283" step="2"/><T91/><D23/><U16/><E133/><V0/><F66/><W30/><AGARI ba="0,1" hai="29,30,31,36,37,38,48,51,80,84,89,104,105,107" machi="30" ten="50,8000,1" yaku="1,1,2,1,0,1,29,2,53,0" doraHai="124" doraHaiUra="42" who="3" fromWho="3" sc="339,-20,189,-40,179,-20,283,90" /><INIT seed="2,0,0,1,2,90" ten="319,149,159,373" oya="2" hai0="2,48,50,102,35,19,46,25,6,94,133,53,119" hai1="84,86,22,57,125,10,93,60,17,12,122,72,5" hai2="31,3,129,23,112,33,114,1,97,128,20,41,36" hai3="68,74,111,89,70,42,67,107,96,16,8,37,34"/><V75/><F41/><W99/><G74/><T32/><D119/><U104/><E72/><V51/><F51/><W9/><G34/><T54/><D133/><U0/><E104/><V39/><F75/><W123/><G123/><T135/><D135/><U30/><E122/><V126/><F97/><W62/><G70/><T55/><D6/><U78/><E125/><V63/><F63/><W69/><G69/><T73/><D2/><N who="2" m="522" /><F33/><W95/><G111/><T59/><D73/><U101/><E78/><V120/><F31/><W66/><G66/><T58/><D19/><U81/><E81/><V26/><F26/><W87/><G107/><T77/><D25/><U105/><E105/><V40/><F40/><W91/><G99/><T110/><D77/><U127/><E127/><V83/><F83/><W88/><G89/><T85/><D110/><U80/><E80/><V98/><F98/><W117/><G117/><T64/><D64/><U121/><E121/><V109/><F109/><W18/><G9/><T116/><D116/><U115/><E115/><N who="2" m="44075" /><F126/><W38/><G8/><T11/><D11/><U100/><E84/><V79/><F79/><W21/><G18/><T4/><D102/><U27/><E86/><V14/><F14/><W43/><G42/><T113/><D113/><U47/><E47/><V71/><F71/><W132/><G43/><T106/><D106/><U92/><E101/><V131/><F120/><W118/><G132/><T82/><D82/><U134/><E100/><V49/><F49/><W29/><G118/><T124/><D124/><U13/><E134/><V52/><F52/><RYUUKYOKU ba="0,0" sc="319,-10,149,-10,159,30,373,-10" hai2="20,23,36,39,128,129,131" /><INIT seed="2,1,0,3,2,36" ten="309,139,189,363" oya="2" hai0="45,0,42,91,93,39,58,76,122,21,15,38,98" hai1="135,17,43,34,18,107,67,29,115,83,51,72,119" hai2="59,104,2,117,52,32,78,53,95,19,41,55,14" hai3="50,46,25,120,60,64,11,69,65,37,44,130,22"/><V9/><F104/><W88/><G120/><T112/><D122/><U111/><E115/><V47/><F32/><W124/><G130/><T12/><D0/><U103/><E119/><V79/><F117/><W10/><G124/><T30/><D112/><U116/><E116/><V84/><F2/><W26/><G26/><T100/><D39/><U62/><E111/><V61/><F95/><W94/><G37/><T106/><D76/><U20/><E83/><V24/><F24/><W86/><G65/><T71/><D71/><U125/><E125/><V110/><F110/><W92/><G92/><T134/><D134/><U48/><E72/><V131/><F131/><W96/><G44/><T121/><D121/><U85/><E85/><V126/><F126/><W66/><G66/><T31/><D58/><U75/><E75/><V114/><F114/><W33/><G96/><T99/><D12/><U3/><E3/><V128/><F128/><W28/><REACH who="3" step="1"/><G33/><REACH who="3" ten="309,139,189,353" step="2"/><T35/><D35/><U70/><E34/><V77/><REACH who="2" step="1"/><F84/><REACH who="2" ten="309,139,179,353" step="2"/><W13/><G13/><T40/><D15/><U123/><E107/><V127/><F127/><W129/><G129/><T90/><D99/><U6/><E123/><V109/><F109/><W4/><G4/><T1/><D1/><U108/><E6/><V49/><AGARI ba="1,2" hai="9,14,19,41,47,49,52,53,55,59,61,77,78,79" machi="49" ten="30,12000,1" yaku="1,1,0,1,8,1,52,1,54,1,53,0" doraHai="36" doraHaiUra="27" who="2" fromWho="2" sc="309,-41,139,-41,179,143,353,-41" /><INIT seed="2,2,0,2,4,41" ten="268,98,322,312" oya="2" hai0="15,59,81,103,71,78,117,107,30,88,45,49,26" hai1="108,27,24,37,7,84,77,3,87,101,109,102,56" hai2="121,23,4,22,31,47,127,86,98,74,96,21,14" hai3="46,9,2,116,113,16,85,111,5,120,11,133,124"/><V40/><F74/><W119/><G85/><N who="1" m="32842" /><E56/><V82/><F127/><W95/><G95/><T70/><D117/><N who="3" m="45129" /><G16/><T1/><D1/><U132/><E3/><V129/><F129/><W62/><G11/><T134/><D134/><U35/><E37/><V80/><F121/><W92/><G92/><T122/><D122/><U58/><E58/><V12/><F31/><W76/><G76/><T65/><D103/><N who="1" m="39435" /><E35/><V0/><F0/><W66/><G133/><T126/><D107/><U28/><E132/><V57/><F57/><W6/><G6/><T89/><D15/><N who="2" m="5674" /><F4/><W54/><G111/><N who="1" m="42570" /><E7/><V13/><F13/><W68/><G66/><T52/><D71/><U10/><E77/><N who="2" m="46351" /><F82/><W34/><G34/><T135/><D70/><U61/><E10/><V106/><F106/><W33/><G33/><T128/><D135/><U105/><E105/><V55/><F23/><W25/><G68/><T100/><D81/><U63/><E28/><V8/><F8/><W42/><G9/><T73/><D30/><U53/><E53/><V75/><F55/><W93/><G54/><T104/><D52/><U18/><E18/><V99/><F75/><W29/><G29/><T112/><D73/><U118/><E118/><V20/><F20/><W94/><G5/><T38/><D104/><U48/><E48/><AGARI ba="2,0" hai="21,22,40,47,48,96,98,99" m="46351,5674" machi="48" ten="30,2900,0" yaku="8,1,52,1" doraHai="41" who="2" fromWho="1" sc="268,0,98,-35,322,35,312,0" /><INIT seed="2,3,0,2,4,82" ten="268,63,357,312" oya="2" hai0="23,55,27,22,63,52,31,19,30,9,83,51,106" hai1="3,1,75,35,88,99,95,58,50,59,28,14,122" hai2="69,25,47,132,81,86,70,116,128,11,46,78,68" hai3="60,124,113,115,109,53,33,32,21,13,96,40,135"/><V43/><F116/><W104/><G40/><T112/><D106/><U108/><E75/><V2/><F128/><W103/><G109/><T71/><D112/><N who="3" m="43081" /><G135/><T130/><D130/><U87/><E108/><V131/><F131/><W8/><G21/><T90/><D9/><U17/><E122/><V38/><F47/><W110/><G110/><T89/><D83/><U29/><E1/><V24/><REACH who="2" step="1"/><F132/><REACH who="2" ten="268,63,347,312" step="2"/><W107/><G124/><T91/><D31/><N who="1" m="11851" /><E35/><V126/><F126/><W4/><G107/><T64/><REACH who="0" step="1"/><D51/><REACH who="0" ten="258,63,347,312" step="2"/><U72/><E3/><V98/><F98/><W120/><G120/><T5/><D5/><AGARI ba="3,2" hai="2,5,11,24,25,38,43,46,68,69,70,78,81,86" machi="5" ten="40,3900,0" yaku="1,1,52,1,53,0" doraHai="82" doraHaiUra="10" who="2" fromWho="0" sc="258,-48,63,0,347,68,312,0" /><INIT seed="2,4,0,2,3,76" ten="210,63,415,312" oya="2" hai0="25,8,88,115,121,6,101,14,11,56,123,13,24" hai1="106,23,90,42,105,50,38,86,3,9,20,133,82" hai2="31,125,60,130,57,47,72,102,95,131,62,110,96" hai3="114,67,30,63,78,15,84,17,87,43,98,1,89"/><V18/><F125/><W5/><G114/><T52/><D115/><U124/><E124/><V53/><F72/><W29/><G43/><T134/><D134/><U7/><E106/><V91/><F31/><W54/><G54/><T127/><D127/><U75/><E105/><V70/><F47/><W59/><G1/><T100/><D123/><U99/><E133/><V51/><F110/><W117/><G5/><T21/><D121/><U61/><E50/><V39/><F39/><W55/><G117/><T33/><D33/><U79/><E61/><V81/><F18/><W65/><G98/><T44/><D44/><U119/><E99/><V48/><F62/><W111/><G78/><T120/><D120/><U129/><E129/><N who="2" m="49163" /><F70/><W28/><G87/><AGARI ba="4,0" hai="48,51,53,57,60,81,87,91,95,96,102" m="49163" machi="87" ten="30,2900,0" yaku="19,1,52,1" doraHai="76" who="2" fromWho="3" sc="210,0,63,0,415,41,312,-41" /><INIT seed="2,5,0,2,5,76" ten="210,63,456,271" oya="2" hai0="115,34,124,120,99,55,132,92,22,17,108,70,50" hai1="95,68,29,6,129,118,21,42,125,113,59,27,107" hai2="53,19,89,4,12,66,106,7,81,48,85,51,119" hai3="97,25,94,105,77,134,24,117,80,110,130,10,79"/><V133/><F119/><W84/><G110/><T37/><D120/><U128/><E68/><V101/><F133/><W131/><G10/><T75/><D115/><U32/><E107/><V5/><F66/><W39/><G39/><T31/><D132/><U65/><E42/><V1/><F1/><W78/><G134/><T116/><D116/><U73/><E73/><V43/><F106/><W121/><G117/><T15/><D70/><U123/><E118/><V63/><F101/><N who="3" m="62639" /><G24/><T98/><D108/><U41/><E41/><V2/><F2/><W54/><G54/><T0/><D37/><U49/><E113/><V122/><F122/><W72/><G25/><T114/><D75/><U83/><E123/><V57/><REACH who="2" step="1"/><F43/><REACH who="2" ten="210,63,446,271" step="2"/><W45/><G121/><T109/><D0/><U67/><E67/><V104/><F104/><W71/><G71/><T100/><D114/><U69/><E65/><V8/><AGARI ba="5,1" hai="4,5,7,8,12,19,48,51,53,57,63,81,85,89" machi="8" ten="30,11700,0" yaku="1,1,0,1,8,1,52,1,53,0" doraHai="76" doraHaiUra="103" who="2" fromWho="2" sc="210,-44,63,-44,446,142,271,-44" /><INIT seed="2,6,0,2,5,33" ten="166,19,588,227" oya="2" hai0="59,11,18,62,67,131,10,103,79,102,126,125,28" hai1="97,29,19,40,76,45,5,25,112,52,135,61,73" hai2="2,9,57,104,114,63,96,6,124,100,1,85,95" hai3="117,48,109,60,122,132,42,22,50,17,106,31,27"/><V13/><F124/><N who="0" m="47722" /><D131/><U37/><E112/><V77/><F114/><W78/><G106/><T121/><D121/><U116/><E116/><V105/><F105/><W134/><G117/><T111/><D111/><U123/><E123/><V3/><F77/><W4/><G122/><T130/><D130/><U75/><E135/><V129/><F129/><W43/><G109/><T98/><D79/><U71/><E76/><V86/><REACH who="2" step="1"/><F104/><REACH who="2" ten="166,19,578,227" step="2"/><W8/><G78/><T65/><D103/><U55/><E73/><V70/><F70/><W92/><G134/><T90/><D102/><U133/><E75/><V38/><F38/><W83/><G132/><T39/><D39/><U64/><E133/><V12/><F12/><W118/><G118/><T32/><D90/><U74/><E74/><V87/><F87/><W81/><G42/><T49/><D98/><U93/><E5/><V66/><AGARI ba="6,1" hai="1,2,3,6,9,13,57,63,66,85,86,95,96,100" machi="66" ten="30,12000,1" yaku="1,1,0,1,52,3,53,0" doraHai="33" doraHaiUra="21" who="2" fromWho="2" sc="166,-46,19,-46,578,148,227,-46" owari="120,-28.0,-27,-53.0,726,83.0,181,-2.0" /></mjloggm>