<mjloggm ver="2.3"><GO type="41" lobby="0"/><UN n0="%E2%93%9D%53%75%70%68%78" n1="%E3%82%84%E3%81%BE%E3%81%B7%E3%81%85" n2="%E3%81%B0%E3%83%BC%E3%81%A1%E3%83%BC%E3%81%B0" n3="%E3%81%8A%E3%83%91%E3%83%B3%E3%83%84%E3%81%BD%E3%82%93" dan="18,13,15,13" rate="2144.04,1856.83,2000.18,2002.41" sx="M,M,M,F"/><TAIKYOKU oya="0"/><INIT seed="0,0,0,5,0,14" ten="250,250,250,250" oya="0" hai0="87,50,6,42,30,77,55,80,119,95,44,75,56" hai1="16,35,28,98,122,86,10,66,11,113,131,81,110" hai2="0,96,130,60,1,19,54,114,82,70,89,67,116" hai3="126,135,105,121,94,26,2,4,32,13,108,24,111"/><T15/><D119/><U97/><E122/><V103/><F114/><W64/><G105/><T53/><D30/><U71/><E113/><V124/><F116/><W106/><G106/><T3/><D3/><U101/><E131/><V128/><F124/><W125/><G94/><T63/><D75/><U65/><E71/><V58/><F82/><W100/><G2/><T59/><D95/><U43/><E43/><V74/><F74/><W8/><G100/><T20/><D20/><U120/><E120/><V5/><F89/><W107/><G107/><T93/><D93/><N who="1" m="58543" /><E28/><V61/><F96/><W47/><G121/><T37/><D37/><U9/><E35/><V127/><F103/><W76/><G76/><T104/><D104/><U23/><E98/><V83/><F83/><W109/><G64/><T36/><D36/><U79/><E110/><V25/><F127/><N who="3" m="48651" /><G47/><T117/><D117/><U22/><E22/><N who="2" m="13535" /><F5/><W123/><G123/><T133/><D133/><U52/><E52/><N who="0" m="20041" /><D63/><U48/><E48/><V85/><F85/><W134/><G32/><T21/><D21/><U84/><E84/><V92/><F92/><W132/><AGARI ba="0,0" hai="4,8,13,24,26,108,109,111,132,134,135" m="48651" machi="132" ten="50,8000,1" yaku="14,1,20,1,18,1,34,2" doraHai="14" who="3" fromWho="3" sc="250,-40,250,-20,250,-20,250,80" /><INIT seed="1,0,0,2,2,125" ten="210,230,230,330" oya="1" hai0="71,53,54,87,95,132,58,98,122,133,24,27,73" hai1="90,108,46,97,3,50,14,110,96,129,89,56,43" hai2="67,33,17,62,126,68,82,74,18,9,119,84,92" hai3="32,35,38,88,80,63,123,127,57,86,104,26,72"/><U81/><E3/><V55/><F119/><W94/><G123/><T60/><D73/><U22/><E56/><V114/><F33/><W64/><G38/><T121/><D87/><U103/><E14/><V45/><F126/><W66/><G127/><T39/><D39/><U59/><E59/><V83/><F114/><W61/><G104/><T112/><D112/><U91/><E22/><V48/><F74/><W99/><G72/><T93/><D58/><U40/><E40/><V7/><F92/><N who="0" m="35402" /><D98/><N who="1" m="37995" /><E81/><V118/><F118/><W102/><REACH who="3" step="1"/><G26/><REACH who="3" ten="210,230,230,320" step="2"/><N who="0" m="9771" /><D60/><U44/><E103/><V49/><F49/><W34/><G34/><T52/><D71/><AGARI ba="0,1" hai="32,35,57,61,63,64,66,71,80,86,88,94,99,102" machi="71" ten="30,3900,0" yaku="1,1,7,1,54,1,53,0" doraHai="125" doraHaiUra="41" who="3" fromWho="0" sc="210,-39,230,0,230,0,320,49" /><INIT seed="2,0,0,1,0,9" ten="171,230,230,369" oya="2" hai0="118,25,82,132,39,114,91,37,30,67,135,96,43" hai1="29,103,0,18,47,89,5,119,10,53,72,74,84" hai2="17,34,54,92,70,134,71,83,78,14,111,3,77" hai3="40,116,101,123,13,8,128,86,79,38,94,85,36"/><V110/><F3/><W22/><G123/><T97/><D114/><U113/><E103/><V45/><F34/><W59/><G116/><T63/><D118/><U50/><E119/><V75/><F78/><W41/><G128/><T65/><D43/><U117/><E113/><V52/><F134/><N who="0" m="51242" /><D82/><U62/><E29/><V69/><F92/><W20/><G36/><N who="0" m="13899" /><D91/><U33/><E33/><V133/><F133/><W90/><G101/><T121/><D121/><U7/><E62/><V55/><REACH who="2" step="1"/><F45/><REACH who="2" ten="171,230,220,369" step="2"/><W100/><G79/><T42/><D97/><U66/><E117/><V21/><AGARI ba="0,1" hai="14,17,21,52,54,55,69,70,71,75,77,83,110,111" machi="21" ten="40,18000,2" yaku="1,1,2,1,0,1,52,1,54,1,53,1" doraHai="9" doraHaiUra="11" who="2" fromWho="2" sc="171,-60,230,-60,220,190,369,-60" /><INIT seed="2,1,0,3,3,96" ten="111,170,410,309" oya="2" hai0="6,48,55,16,50,88,131,0,20,59,40,117,44" hai1="9,7,12,30,1,63,42,81,39,113,91,74,19" hai2="97,100,115,45,108,43,53,89,29,28,85,104,132" hai3="61,52,84,118,51,68,24,5,58,86,70,76,80"/><V111/><F115/><W23/><G118/><T27/><D131/><U75/><E113/><V90/><F132/><W15/><G86/><T130/><D130/><U49/><E63/><V122/><F122/><W99/><G99/><T129/><D129/><U38/><E38/><V60/><F60/><W47/><G15/><T22/><D117/><U112/><E112/><V106/><F106/><W36/><G36/><T41/><D0/><U116/><E116/><V8/><F53/><W10/><G10/><T66/><D6/><U83/><E83/><N who="2" m="49343" /><F90/><W14/><G14/><T67/><D41/><U103/><E103/><V109/><F8/><W110/><G5/><T64/><D22/><U25/><E39/><AGARI ba="1,0" hai="28,29,39,43,45,97,100,104,108,109,111" m="49343" machi="39" ten="30,5800,0" yaku="14,1,10,1,52,1" doraHai="96" who="2" fromWho="1" sc="111,0,170,-61,410,61,309,0" /><INIT seed="2,2,0,0,1,38" ten="111,109,471,309" oya="2" hai0="78,23,134,18,86,61,105,98,46,111,63,33,71" hai1="64,8,81,116,19,48,52,3,101,70,108,120,72" hai2="66,129,42,26,34,16,50,128,119,107,115,88,5" hai3="0,13,117,84,68,12,30,106,6,67,125,32,17"/><V79/><F115/><W82/><G106/><T53/><D33/><U60/><E120/><V20/><F119/><W90/><G117/><T124/><D111/><U10/><E108/><V62/><F107/><W43/><G125/><T110/><D134/><U1/><E101/><V4/><F79/><W2/><G12/><T39/><D71/><U14/><E116/><V127/><F34/><W113/><G113/><T103/><D124/><U93/><E93/><V56/><F127/><W85/><G85/><T114/><D110/><U132/><E132/><V104/><F104/><W69/><G69/><T7/><D7/><U91/><E8/><V118/><F88/><W11/><G0/><T96/><D96/><U133/><E133/><V27/><F27/><N who="3" m="18527" /><G67/><T45/><D114/><U59/><REACH who="1" step="1"/><E91/><REACH who="1" ten="111,99,471,309" step="2"/><V102/><F102/><W65/><G90/><T80/><D105/><U135/><E135/><V77/><F118/><W97/><G11/><T92/><D103/><U9/><E9/><V22/><F128/><W37/><G6/><T51/><D92/><U126/><E126/><V123/><F129/><W74/><G2/><T44/><D98/><U122/><E122/><V41/><F123/><W94/><G97/><T73/><D39/><U40/><E40/><V83/><F42/><W109/><G43/><T35/><D35/><U47/><E47/><N who="0" m="17929" /><D73/><U121/><E121/><V36/><F36/><W58/><G37/><T57/><D44/><U49/><E49/><V130/><F130/><W28/><G94/><T31/><D31/><U89/><E89/><V99/><F99/><W25/><G109/><RYUUKYOKU ba="2,1" sc="111,15,99,15,471,-15,309,-15" hai0="18,23,51,53,57,61,63,78,80,86" hai1="1,3,10,14,19,48,52,59,60,64,70,72,81" /><INIT seed="3,3,1,2,2,12" ten="126,114,456,294" oya="3" hai0="104,65,38,49,109,132,123,1,121,58,37,44,18" hai1="108,105,113,7,30,57,27,135,72,89,130,64,35" hai2="0,50,91,5,131,124,69,110,10,68,29,32,129" hai3="76,87,20,47,99,9,80,102,84,128,116,118,82"/><W13/><G20/><T78/><D78/><U14/><E113/><V26/><F50/><W95/><G47/><T54/><D104/><U75/><E105/><V45/><F45/><W79/><REACH who="3" step="1"/><G128/><REACH who="3" ten="126,114,456,284" step="2"/><T115/><D44/><U25/><E130/><V106/><F129/><W114/><G114/><T51/><D115/><U34/><E34/><V55/><F131/><W23/><G23/><T3/><D123/><U39/><E39/><V52/><F32/><W126/><G126/><T120/><D38/><U40/><E40/><V15/><F124/><W70/><G70/><T36/><D36/><U101/><E35/><V21/><F21/><W31/><G31/><T96/><D37/><U28/><E30/><V83/><F29/><W4/><AGARI ba="3,2" hai="4,9,13,76,79,80,82,84,87,95,99,102,116,118" machi="4" ten="20,7800,0" yaku="1,1,0,1,7,1,9,1,53,0" doraHai="12" doraHaiUra="41" who="3" fromWho="3" sc="126,-29,114,-29,456,-29,284,107" /><INIT seed="3,4,0,4,1,23" ten="97,85,427,391" oya="3" hai0="49,38,74,85,26,73,34,108,35,92,50,72,3" hai1="20,132,28,64,131,135,93,79,33,110,43,94,4" hai2="58,83,67,61,60,17,113,37,112,134,107,76,65" hai3="62,109,87,6,90,54,52,105,114,89,16,82,24"/><W78/><G105/><T32/><D38/><U84/><E33/><V21/><F134/><W56/><G109/><T66/><D3/><U111/><E43/><V126/><F37/><W129/><G129/><T95/><D66/><U91/><E4/><V45/><F107/><W59/><G114/><T122/><D122/><U29/><E79/><V22/><F126/><W118/><G118/><T68/><D68/><U100/><E64/><V48/><F112/><W15/><G6/><T97/><D108/><N who="1" m="41515" /><E29/><V106/><F106/><W99/><G99/><T116/><D116/><U96/><E131/><V55/><F17/><W124/><G124/><T119/><D119/><U53/><E53/><V8/><F8/><W121/><G121/><T77/><D77/><U27/><AGARI ba="4,0" hai="20,27,28,84,91,93,94,96,100,132,135" m="41515" machi="27" ten="30,2000,0" yaku="14,1,52,1" doraHai="23" who="1" fromWho="1" sc="97,-9,85,32,427,-9,391,-14" /><INIT seed="4,0,0,3,3,113" ten="88,117,418,377" oya="0" hai0="87,109,72,4,116,66,130,101,117,125,54,75,129" hai1="68,10,135,94,107,78,22,64,77,111,40,57,0" hai2="73,5,114,42,65,26,97,21,24,61,93,32,105" hai3="28,7,16,35,14,98,39,122,59,103,124,12,37"/><T52/><D125/><U99/><E107/><V126/><F114/><W45/><G124/><T80/><D66/><U48/><E68/><V82/><F126/><W102/><G7/><T121/><D4/><U6/><E135/><V134/><F32/><W115/><G115/><T19/><D19/><U1/><E1/><V29/><F105/><W58/><G122/><T90/><D121/><U119/><E40/><V36/><F134/><W131/><G131/><N who="0" m="50187" /><D101/><U51/><E51/><V127/><F127/><W11/><G35/><T123/><D123/><U71/><E71/><V120/><F120/><W104/><G28/><T31/><D31/><U27/><E111/><V89/><F5/><W18/><G103/><T132/><D132/><U76/><E64/><V3/><F3/><W70/><G70/><T8/><D8/><U74/><E74/><N who="0" m="28201" /><D109/><U46/><E57/><V81/><F73/><W20/><REACH who="3" step="1"/><G45/><REACH who="3" ten="88,117,418,367" step="2"/><T100/><D100/><U63/><E46/><V133/><F133/><W91/><G91/><T88/><D90/><U84/><E6/><V56/><F89/><W9/><G9/><T25/><D25/><U110/><E27/><V49/><F26/><W86/><G86/><T53/><AGARI ba="0,1" hai="52,53,54,80,87,88,116,117" m="28201,50187" machi="53" ten="40,12000,1" yaku="19,1,52,2,54,2" doraHai="113" who="0" fromWho="0" sc="88,130,117,-40,418,-40,367,-40" /><INIT seed="4,1,0,3,0,38" ten="218,77,378,327" oya="0" hai0="106,18,61,96,78,37,89,42,121,100,57,25,135" hai1="44,20,33,108,28,71,66,129,12,132,115,91,102" hai2="128,45,46,105,124,13,86,35,0,6,98,112,27" hai3="4,39,131,90,111,94,9,114,40,49,122,104,47"/><T54/><D121/><U130/><E108/><V125/><F0/><W63/><G111/><T109/><D109/><U65/><E33/><V75/><F75/><W110/><G122/><T118/><D118/><U15/><E102/><N who="2" m="62679" /><F112/><W127/><G110/><T107/><D135/><U62/><E66/><V36/><F36/><W81/><G104/><T69/><D78/><U41/><E115/><V87/><F128/><N who="1" m="49257" /><E91/><V73/><F73/><W55/><G114/><T126/><D126/><U50/><E132/><V30/><F86/><W79/><G131/><T97/><D69/><U117/><E117/><V60/><F87/><N who="3" m="48575" /><G39/><T31/><D89/><U119/><E119/><V23/><F60/><W58/><G127/><N who="2" m="48713" /><F6/><W95/><G90/><T82/><D107/><U21/><E28/><V88/><F88/><W11/><G4/><T113/><D113/><U52/><E12/><V48/><F48/><W3/><G3/><T1/><D1/><U2/><E15/><V68/><F68/><W85/><G85/><T32/><D106/><U123/><E123/><V64/><F64/><W70/><G70/><T83/><D37/><N who="1" m="21551" /><E2/><V16/><AGARI ba="1,0" hai="13,16,23,27,30,35,45,46" m="48713,62679" machi="16" ten="30,2000,0" yaku="18,1,54,1" doraHai="38" who="2" fromWho="2" sc="218,-11,77,-6,378,23,327,-6" /><INIT seed="5,0,0,1,5,47" ten="207,71,401,321" oya="1" hai0="132,39,101,28,9,82,13,64,66,113,30,43,19" hai1="38,62,115,76,46,95,122,93,7,84,104,14,51" hai2="59,126,81,55,22,20,2,107,16,11,131,108,37" hai3="85,91,114,112,116,120,68,8,56,80,106,42,32"/><U98/><E122/><V130/><F108/><W99/><G68/><T49/><D39/><U5/><E38/><V119/><F119/><W21/><G120/><T92/><D113/><N who="3" m="43625" /><G32/><T1/><D1/><U70/><E115/><V94/><F107/><W44/><G116/><T69/><D132/><U23/><E104/><V129/><F126/><W74/><G21/><T58/><D82/><U67/><E93/><V54/><F37/><N who="3" m="21583" /><G8/><T34/><D69/><U72/><E72/><V15/><F2/><W133/><G133/><T89/><D101/><U27/><E14/><V134/><F134/><W6/><G6/><T40/><D34/><U3/><E3/><V127/><F127/><W41/><G41/><N who="0" m="15947" /><D30/><U110/><E110/><V35/><F35/><W61/><G74/><T109/><D28/><U75/><E75/><V4/><F81/><W100/><G61/><T78/><D78/><U86/><E76/><V45/><F45/><W25/><G56/><T96/><D109/><U26/><E5/><V12/><F94/><W88/><G25/><T118/><D118/><U77/><E77/><AGARI ba="0,0" hai="77,80,85,88,91,99,100,106" m="21583,43625" machi="77" ten="30,2000,0" yaku="15,1,54,1" doraHai="47" who="3" fromWho="1" sc="207,0,71,-20,401,0,321,20" /><INIT seed="6,0,0,2,4,65" ten="207,51,401,341" oya="2" hai0="111,12,62,59,121,87,107,79,53,77,66,92,123" hai1="1,17,32,38,122,71,89,98,49,25,67,6,60" hai2="78,31,40,27,125,126,70,57,35,85,28,14,80" hai3="9,39,120,48,116,132,74,21,7,68,46,118,3"/><V72/><F31/><W15/><G120/><T44/><D107/><U18/><E122/><V37/><F70/><W81/><G132/><T69/><D111/><U97/><E97/><V101/><F101/><W73/><G73/><T86/><D123/><U90/><E38/><V5/><F57/><W23/><G23/><T76/><D121/><U129/><E129/><V103/><F103/><W8/><G21/><T19/><D44/><U47/><E98/><V110/><F110/><W124/><G124/><T109/><D109/><U133/><E133/><V128/><F128/><W102/><G102/><T119/><D119/><U135/><E135/><V134/><F134/><W51/><G51/><T42/><D42/><U4/><E4/><V94/><F94/><W29/><G29/><T58/><D92/><U55/><E18/><V91/><F37/><W105/><G68/><T11/><REACH who="0" step="1"/><D69/><REACH who="0" ten="197,51,401,341" step="2"/><U2/><E2/><V63/><F40/><W34/><G105/><T54/><D54/><U100/><E100/><V88/><F125/><W96/><G118/><T131/><D131/><U117/><E117/><V95/><F126/><W33/><G116/><T64/><D64/><U104/><E104/><V41/><F41/><W50/><G46/><T82/><D82/><U36/><E36/><V20/><F95/><W24/><G39/><T106/><D106/><U115/><E115/><V84/><F80/><W127/><G81/><T22/><D22/><N who="1" m="13519" /><E32/><V75/><F35/><W43/><G33/><T26/><D26/><U56/><E47/><V130/><F130/><W13/><G34/><T112/><D112/><RYUUKYOKU ba="0,1" sc="197,15,51,15,401,-15,341,-15" hai0="11,12,19,53,58,59,62,66,76,77,79,86,87" hai1="1,6,49,55,56,60,67,71,89,90" /><INIT seed="7,1,1,5,4,13" ten="212,66,386,326" oya="3" hai0="41,30,12,17,95,40,52,127,135,112,110,104,15" hai1="36,92,115,66,107,9,43,123,89,10,134,45,96" hai2="97,49,75,86,129,22,51,126,101,38,20,114,54" hai3="125,130,65,55,84,56,79,102,80,131,119,69,35"/><W99/><G35/><T31/><D104/><U81/><E123/><V63/><F38/><W28/><G28/><T27/><D110/><U4/><E134/><V64/><F75/><W128/><G119/><T2/><D2/><U106/><E66/><V67/><F114/><W132/><G132/><T11/><D127/><U121/><E121/><V3/><F3/><W108/><G125/><T116/><D116/><U23/><E115/><V0/><F0/><W16/><G108/><T8/><D112/><U93/><E93/><N who="2" m="58543" /><F126/><W62/><G16/><N who="0" m="8199" /><D135/><U58/><E58/><N who="2" m="35287" /><F129/><W76/><G76/><T105/><D105/><U100/><E107/><V78/><F67/><W37/><G37/><T103/><D52/><U94/><E106/><V1/><F64/><W25/><G25/><T71/><D71/><U32/><E32/><V5/><F5/><W85/><G102/><T70/><D70/><U77/><E4/><V113/><F1/><W59/><G99/><N who="0" m="59903" /><D27/><U7/><E7/><V44/><F113/><W122/><G122/><T60/><D60/><U14/><E100/><V72/><F72/><N who="3" m="43111" /><G69/><T42/><AGARI ba="1,1" hai="11,15,17,30,31,40,41,42" m="59903,8199" machi="42" ten="30,7900,0" yaku="8,1,52,2,54,1" doraHai="13" who="0" fromWho="0" sc="212,92,66,-21,386,-21,326,-40" owari="304,10.0,45,-45.0,365,46.0,286,-11.0" /></mjloggm>