<mjloggm ver="2.3"><GO type="41" lobby="0"/><UN n0="%E4%B8%8A%E3%81%8C%E3%82%8A%33%33%2E%33%E7%A7%92" n1="%73%6F%72%61%73%69" n2="%E2%93%9D%53%75%70%68%78" n3="%E3%81%BF%E3%81%AA%E3%81%BF%E3%81%BF%E3%81%BF%E3%81%9A%E3%80%82" dan="16,15,17,13" rate="2010.86,2000.18,2078.48,1878.12" sx="M,M,M,M"/><TAIKYOKU oya="0"/><INIT seed="0,0,0,5,3,22" ten="250,250,250,250" oya="0" hai0="48,81,39,88,98,46,56,91,113,9,83,47,17" hai1="18,111,34,62,82,16,121,75,112,55,72,32,45" hai2="120,126,53,14,25,106,33,20,99,19,73,69,64" hai3="37,3,114,24,86,96,21,85,129,132,80,12,2"/><T89/><D113/><U67/><E121/><V130/><F73/><W13/><G37/><T77/><D39/><U101/><E112/><V110/><F110/><W92/><G114/><T128/><D128/><U66/><E111/><V76/><F126/><W97/><G129/><T57/><D98/><U38/><E101/><V50/><F76/><W100/><G97/><T23/><D9/><U41/><E55/><V6/><F120/><W102/><G102/><T78/><D78/><U108/><E108/><V131/><F64/><W119/><G132/><T95/><D95/><U79/><E72/><V109/><F69/><W51/><G119/><T90/><N who="0" m="22528" /><DORA hai="71" /><T116/><D116/><U74/><E74/><V65/><F65/><W87/><G80/><N who="0" m="30795" /><D77/><U59/><E67/><V63/><F109/><W8/><G51/><T36/><D36/><U52/><E66/><V70/><F70/><W115/><G115/><T42/><D47/><U122/><E122/><V117/><F117/><W44/><G44/><T31/><D31/><U125/><E125/><V134/><F131/><W61/><G61/><T107/><D107/><U28/><REACH who="1" step="1"/><E34/><REACH who="1" ten="250,240,250,250" step="2"/><V123/><F33/><W40/><G40/><T127/><D127/><U58/><E58/><V104/><F130/><W26/><G100/><T11/><D11/><U124/><E124/><V54/><F123/><W118/><G118/><T105/><D105/><U84/><E84/><V15/><F106/><W27/><G21/><T4/><D4/><U133/><E133/><V43/><F134/><W93/><G8/><T7/><D7/><U94/><E94/><RYUUKYOKU ba="0,1" sc="250,15,240,15,250,-15,250,-15" hai0="17,23,42,46,48,56,57" hai1="16,18,28,32,38,41,45,52,59,62,75,79,82" /><INIT seed="0,1,1,0,5,133" ten="265,255,235,235" oya="0" hai0="114,31,89,126,75,4,91,27,61,7,49,14,42" hai1="57,21,26,131,87,15,128,11,110,92,28,50,68" hai2="62,64,2,32,48,132,47,29,33,107,55,127,66" hai3="67,109,125,104,124,20,94,46,100,23,98,77,58"/><T123/><D123/><U18/><E68/><V16/><F2/><W9/><G109/><T71/><D75/><U90/><E110/><V40/><F107/><W105/><G77/><T82/><D114/><U5/><E5/><V72/><F72/><W81/><G46/><T112/><D112/><U117/><E117/><V111/><F29/><W119/><G119/><T97/><D14/><U99/><E99/><V34/><F111/><W93/><G9/><T83/><D71/><U108/><E108/><V54/><F132/><W19/><G19/><T24/><D61/><U78/><E78/><V118/><F118/><W86/><G23/><N who="0" m="15775" /><D27/><U79/><E79/><V45/><F16/><W74/><G20/><T88/><D97/><U37/><E37/><V52/><F127/><W122/><G122/><T129/><D126/><N who="3" m="48745" /><G58/><T80/><D129/><N who="1" m="49739" /><E57/><V56/><REACH who="2" step="1"/><F66/><REACH who="2" ten="265,255,225,235" step="2"/><W17/><G67/><T134/><D134/><U10/><E10/><V25/><F25/><W84/><G17/><T39/><D39/><AGARI ba="1,2" hai="32,33,34,39,40,45,47,48,52,54,55,56,62,64" machi="39" ten="40,2600,0" yaku="1,1,54,1,53,0" doraHai="133" doraHaiUra="135" who="2" fromWho="0" sc="265,-29,255,0,225,49,235,0" /><INIT seed="1,0,0,1,0,35" ten="236,255,274,235" oya="1" hai0="101,17,122,33,83,81,61,127,96,79,66,106,72" hai1="98,16,42,20,9,68,27,34,74,46,21,22,129" hai2="92,0,108,1,90,104,53,19,31,37,11,60,55" hai3="67,29,120,91,116,77,94,88,52,87,59,3,71"/><U126/><E74/><V40/><F104/><W14/><G116/><T82/><D122/><U69/><E129/><V102/><F102/><W64/><G29/><T50/><D127/><U7/><E126/><V58/><F31/><W85/><G120/><T95/><D33/><U54/><E54/><V112/><F108/><W135/><G135/><T28/><D28/><U132/><E132/><V80/><F80/><W56/><G77/><T47/><D17/><U78/><E78/><V51/><F40/><W117/><G3/><T39/><D39/><U97/><E34/><V89/><F89/><W125/><G117/><T15/><D15/><U6/><E68/><V8/><F37/><W30/><G30/><T128/><D106/><U70/><E70/><V43/><F43/><W23/><G125/><T2/><D2/><U63/><E63/><V41/><F41/><W111/><G71/><T5/><D5/><N who="1" m="1547" /><E69/><V124/><F112/><W24/><G14/><T12/><D12/><N who="1" m="7183" /><E27/><V115/><F115/><W45/><G45/><T130/><D61/><U4/><E4/><V99/><F124/><W93/><G111/><T44/><D44/><U118/><E118/><V36/><F36/><W100/><G100/><T13/><D13/><U49/><AGARI ba="0,0" hai="20,21,22,42,46,49,97,98" m="7183,1547" machi="49" ten="30,3000,0" yaku="8,1,54,1" doraHai="35" who="1" fromWho="1" sc="236,-10,255,30,274,-10,235,-10" /><INIT seed="1,1,0,5,5,52" ten="226,285,264,225" oya="1" hai0="9,28,47,103,27,37,21,14,106,32,59,61,30" hai1="1,95,23,99,89,93,121,108,134,102,100,29,11" hai2="88,18,118,135,94,49,126,63,17,33,44,57,116" hai3="24,70,54,42,114,119,117,0,68,62,31,75,101"/><U46/><E121/><V4/><F33/><W56/><G0/><T3/><D106/><U78/><E134/><V110/><F110/><W26/><G75/><T115/><D115/><U69/><E69/><V111/><F111/><W35/><G114/><T22/><D103/><U41/><E108/><V64/><F126/><W81/><G26/><T12/><D3/><U51/><E78/><V20/><F135/><W67/><G81/><T15/><D30/><U66/><E66/><V19/><F4/><W125/><G125/><T40/><REACH who="0" step="1"/><D9/><REACH who="0" ten="216,285,264,225" step="2"/><U80/><E11/><V71/><F118/><W55/><G119/><T5/><D5/><U65/><E100/><V16/><F116/><W107/><G117/><T53/><AGARI ba="1,1" hai="12,14,15,21,22,27,28,32,37,40,47,53,59,61" machi="53" ten="30,4000,0" yaku="1,1,0,1,52,1,53,0" doraHai="52" doraHaiUra="90" who="0" fromWho="0" sc="216,53,285,-21,264,-11,225,-11" /><INIT seed="2,0,0,2,3,75" ten="269,264,253,214" oya="2" hai0="78,14,25,1,54,81,107,51,2,52,29,110,80" hai1="57,10,53,105,114,87,58,60,20,36,4,55,50" hai2="98,11,109,62,9,94,73,127,33,79,39,23,102" hai3="96,64,135,89,41,130,0,119,17,103,61,92,121"/><V133/><F33/><W42/><G121/><T100/><D110/><U74/><E74/><V27/><F39/><W26/><G119/><T66/><D66/><U31/><E105/><V18/><F133/><W93/><G135/><T44/><D81/><U77/><E36/><V101/><F127/><W131/><G0/><T7/><D54/><U70/><E70/><V19/><F109/><W120/><G120/><T47/><D47/><U108/><E108/><V35/><F35/><W72/><G72/><T40/><D100/><U85/><E114/><V112/><F112/><W91/><G17/><T69/><D69/><U82/><E20/><V116/><F116/><W8/><G8/><T129/><D107/><U21/><E21/><V97/><F62/><W49/><G26/><T34/><D129/><N who="3" m="49161" /><G103/><T115/><D115/><U122/><E31/><V88/><F102/><W5/><G5/><T22/><D40/><U95/><E122/><V45/><F19/><W86/><G49/><T43/><D43/><U48/><E60/><V67/><F67/><W117/><G117/><T104/><D104/><U128/><E128/><V24/><F24/><W46/><G46/><T71/><D71/><AGARI ba="0,0" hai="41,42,61,64,71,86,89,91,92,93,96" m="49161" machi="71" ten="30,1000,0" yaku="19,1" doraHai="75" who="3" fromWho="0" sc="269,-10,264,0,253,0,214,10" /><INIT seed="3,0,0,1,0,104" ten="259,264,253,224" oya="3" hai0="66,115,77,2,46,10,81,83,67,131,71,118,68" hai1="80,91,48,120,57,124,64,101,134,76,33,29,89" hai2="63,129,127,20,128,62,79,111,52,135,60,70,123" hai3="103,27,86,15,92,122,87,78,130,37,56,106,72"/><W58/><G37/><T121/><D118/><U41/><E120/><V114/><F79/><W108/><G130/><N who="2" m="50281" /><F20/><W3/><G108/><T25/><D121/><U45/><E134/><V107/><F107/><W12/><G122/><T11/><D131/><U132/><E124/><V34/><F34/><W47/><G47/><T69/><D25/><U18/><E132/><V96/><F96/><W126/><G3/><T61/><D115/><U32/><E101/><V50/><F123/><W102/><G27/><T9/><D2/><U75/><E29/><V43/><F114/><W84/><G126/><T133/><D133/><U22/><E33/><V90/><F90/><W105/><G72/><T1/><D1/><U13/><E32/><V40/><F135/><W59/><G78/><T17/><D46/><U109/><E109/><V110/><F70/><W125/><G92/><T21/><D66/><U31/><E31/><V113/><F113/><W44/><G44/><T23/><D83/><U19/><E19/><V38/><F38/><W54/><G54/><T14/><REACH who="0" step="1"/><D21/><REACH who="0" ten="249,264,253,224" step="2"/><U100/><E64/><V82/><F82/><W24/><G125/><T117/><D117/><U93/><E22/><V26/><F127/><W0/><G0/><T4/><D4/><U119/><E80/><V5/><F5/><W42/><G24/><T16/><D16/><U74/><E18/><V28/><F111/><W30/><G30/><T65/><D65/><U51/><E13/><N who="3" m="5194" /><G42/><T88/><D88/><U97/><E41/><V95/><F110/><W99/><G103/><T36/><D36/><U73/><E91/><RYUUKYOKU ba="0,1" sc="249,15,264,-15,253,-15,224,15" hai0="9,10,11,14,17,23,61,67,68,69,71,77,81" hai3="56,58,59,84,86,87,99,102,105,106" /><INIT seed="3,1,1,4,2,31" ten="264,249,238,239" oya="3" hai0="95,47,134,33,19,15,135,70,58,114,131,123,88" hai1="55,11,102,113,117,22,6,30,94,40,41,76,56" hai2="26,104,61,97,35,27,74,38,106,78,132,34,82" hai3="42,25,28,90,101,20,67,24,127,124,130,4,0"/><W121/><G42/><T118/><D123/><U93/><E113/><V63/><F38/><W49/><G101/><T7/><D70/><U129/><E129/><V1/><F1/><W79/><G79/><T53/><D114/><U2/><E117/><V109/><F109/><W46/><G130/><T43/><D118/><U37/><E76/><V98/><F78/><W5/><G90/><T80/><D80/><U9/><E9/><V72/><REACH who="2" step="1"/><F82/><REACH who="2" ten="264,249,228,239" step="2"/><W100/><G0/><T107/><D131/><U84/><E37/><V21/><F21/><W39/><G39/><T115/><D115/><U103/><E22/><V10/><F10/><W51/><G20/><T99/><D33/><U23/><E23/><V71/><F71/><W87/><G5/><T48/><D7/><U105/><E11/><V122/><F122/><W96/><G4/><T125/><D19/><U12/><E2/><V92/><F92/><W73/><G121/><T119/><D119/><U112/><E93/><V116/><F116/><W3/><G3/><T13/><D107/><U66/><E94/><V45/><F45/><W44/><G44/><T62/><REACH who="0" step="1"/><D125/><REACH who="0" ten="254,249,228,239" step="2"/><U59/><E105/><V77/><F77/><W50/><G127/><T64/><D64/><U126/><E66/><V91/><F91/><W133/><G67/><T111/><D111/><U16/><E126/><V120/><F120/><W68/><G124/><T54/><D54/><U89/><E55/><V128/><F128/><W75/><G68/><T81/><D81/><U8/><E6/><V108/><F108/><W110/><G110/><T29/><D29/><RYUUKYOKU ba="1,3" sc="254,15,249,-15,228,15,239,-15" hai0="13,15,43,47,48,53,58,62,88,95,99,134,135" hai2="26,27,34,35,61,63,72,74,97,98,104,106,132" /><INIT seed="4,2,3,4,5,5" ten="269,234,243,224" oya="0" hai0="20,26,84,131,90,49,52,38,16,24,40,9,103" hai1="67,22,115,82,124,73,23,57,46,79,42,35,134" hai2="27,53,127,36,111,2,3,62,129,18,102,75,39" hai3="25,21,114,117,98,97,119,91,28,113,80,70,11"/><T37/><D131/><U128/><E35/><V44/><F111/><W89/><G70/><T59/><D103/><U77/><E128/><V107/><F129/><W126/><G80/><T106/><D106/><U132/><E124/><V66/><F75/><W85/><G21/><T76/><D76/><U110/><E110/><V0/><F127/><W54/><G54/><T60/><D26/><U68/><E68/><V69/><F18/><W63/><G63/><T78/><D78/><U104/><E104/><V48/><REACH who="2" step="1"/><F27/><REACH who="2" ten="269,234,233,224" step="2"/><W14/><G126/><T96/><D96/><AGARI ba="2,4" hai="0,2,3,36,39,44,48,53,62,66,69,96,102,107" machi="96" ten="40,2600,0" yaku="1,1,2,1,53,0" doraHai="5" doraHaiUra="125" who="2" fromWho="0" sc="269,-32,234,0,233,72,224,0" /><INIT seed="5,0,0,3,4,65" ten="237,234,305,224" oya="1" hai0="104,135,90,11,15,33,57,47,134,99,21,29,129" hai1="114,18,5,45,123,125,108,78,95,44,79,14,107" hai2="105,74,80,120,94,34,12,37,19,22,62,49,3" hai3="106,97,69,132,122,71,9,8,130,28,92,98,55"/><U81/><E123/><V56/><F105/><W1/><G122/><T7/><D129/><U115/><E107/><V93/><F34/><W6/><G130/><T36/><D33/><U119/><E119/><V58/><F3/><W32/><G132/><T64/><D36/><U91/><E125/><V51/><F37/><W86/><G55/><T25/><D47/><U76/><E81/><V116/><F74/><W88/><G106/><T124/><D124/><U43/><E5/><V13/><F80/><W102/><G9/><T117/><D117/><U66/><E66/><V68/><F68/><W17/><G17/><T84/><D99/><U30/><E30/><V48/><F58/><W31/><G98/><T89/><D104/><U35/><E35/><V20/><F120/><W38/><G38/><T110/><D110/><U109/><E43/><V60/><F116/><W113/><G113/><N who="1" m="43018" /><E108/><V23/><F19/><W85/><G85/><T77/><D135/><U127/><E127/><V61/><F56/><W82/><REACH who="3" step="1"/><G32/><REACH who="3" ten="237,234,305,214" step="2"/><T0/><D134/><U26/><E109/><V131/><F131/><W27/><G27/><T4/><D84/><N who="1" m="52711" /><E26/><V16/><F16/><W39/><G39/><T133/><D133/><U100/><E100/><V70/><F70/><AGARI ba="0,1" hai="1,6,8,28,31,69,70,71,82,86,88,92,97,102" machi="70" ten="40,8000,1" yaku="1,1,52,3,54,1,53,0" doraHai="65" doraHaiUra="53" who="3" fromWho="2" sc="237,0,234,0,305,-80,214,90" /><INIT seed="6,0,0,3,1,132" ten="237,234,225,304" oya="2" hai0="56,61,50,100,28,125,104,31,5,131,119,11,41" hai1="128,10,80,76,63,35,52,14,7,15,1,22,27" hai2="25,69,99,9,57,135,62,73,48,38,118,130,8" hai3="49,84,60,90,67,95,126,97,6,44,96,16,12"/><V34/><F118/><W127/><G6/><T45/><D119/><U120/><E128/><V32/><F73/><W55/><G60/><T51/><D131/><U105/><E105/><V81/><F130/><W112/><G67/><T117/><D117/><U59/><E35/><V46/><F135/><W54/><G54/><T13/><D104/><U85/><REACH who="1" step="1"/><E120/><REACH who="1" ten="237,224,225,304" step="2"/><V4/><F34/><W134/><G134/><T91/><D125/><N who="3" m="47625" /><G112/><T36/><D36/><U3/><E3/><V65/><F38/><W101/><G101/><T107/><D100/><U42/><E42/><V86/><F32/><W103/><G103/><T123/><D107/><U21/><E21/><AGARI ba="0,1" hai="12,16,21,44,49,55,84,90,95,96,97" m="47625" machi="21" ten="30,8000,1" yaku="18,1,52,3,54,1" doraHai="132" who="3" fromWho="1" sc="237,0,224,-80,225,0,304,90" /><INIT seed="7,0,0,1,1,66" ten="237,144,225,394" oya="3" hai0="27,91,25,86,51,13,19,120,113,55,48,87,77" hai1="78,54,70,32,126,35,36,23,11,102,18,42,46" hai2="100,21,31,98,4,49,123,74,0,45,127,63,115" hai3="52,95,93,99,5,44,68,92,53,97,61,37,131"/><W60/><G131/><T116/><D120/><U16/><E126/><V101/><F74/><W130/><G130/><T107/><D107/><U71/><E102/><V134/><F115/><W34/><G34/><T57/><D116/><U69/><E78/><V43/><F134/><W10/><G37/><T128/><D128/><U75/><E75/><V72/><F72/><W89/><G95/><T82/><D48/><U33/><E11/><V135/><F135/><W122/><G122/><T114/><D114/><U117/><E117/><V104/><F101/><W106/><G106/><T96/><D96/><U84/><E84/><V94/><F127/><W67/><G60/><T105/><D105/><U124/><E124/><V65/><F4/><W17/><G44/><T20/><REACH who="0" step="1"/><D113/><REACH who="0" ten="227,144,225,394" step="2"/><U79/><E79/><V133/><F133/><W6/><G97/><T121/><D121/><U7/><E7/><V8/><F123/><W2/><G99/><T12/><D12/><U108/><E108/><V125/><F125/><W3/><G3/><T30/><D30/><U58/><REACH who="1" step="1"/><E23/><REACH who="1" ten="227,134,225,394" step="2"/><V47/><F21/><W64/><G61/><AGARI ba="0,2" hai="16,18,32,33,35,36,42,46,54,58,61,69,70,71" machi="61" ten="50,12000,2" yaku="1,1,2,1,52,3,54,1,53,1" doraHai="66" doraHaiUra="59" who="1" fromWho="3" sc="227,0,134,140,225,0,394,-120" /><INIT seed="8,0,0,1,3,100" ten="227,274,225,274" oya="0" hai0="122,106,71,129,112,97,14,34,102,98,128,16,127" hai1="96,130,75,27,9,23,58,74,119,2,108,18,38" hai2="83,17,69,135,22,114,105,33,10,52,19,54,133" hai3="20,124,66,115,60,134,46,35,32,89,45,4,126"/><T48/><D71/><U132/><E108/><V76/><F33/><N who="3" m="12875" /><G115/><T62/><D34/><U123/><E123/><V30/><F69/><N who="3" m="42183" /><G134/><N who="2" m="51209" /><F114/><W118/><G89/><T31/><D122/><U43/><E130/><N who="0" m="50281" /><D31/><U21/><E132/><V12/><F30/><W107/><G118/><T111/><D111/><U120/><E120/><V7/><F105/><W117/><G107/><T56/><D48/><U42/><E119/><V81/><F19/><W95/><G95/><T44/><D44/><N who="3" m="17001" /><G117/><T40/><D112/><U103/><E58/><V72/><F83/><W88/><G88/><T84/><D40/><U116/><E116/><V80/><F80/><W70/><G20/><N who="0" m="11287" /><D84/><U57/><E43/><V109/><F109/><W92/><G70/><T65/><D98/><U104/><E57/><V3/><AGARI ba="0,0" hai="3,7,10,12,17,22,52,54,72,76,81" m="51209" machi="3" ten="30,2000,0" yaku="20,1,54,1" doraHai="100" who="2" fromWho="2" sc="227,-10,274,-5,225,20,274,-5" /><INIT seed="9,0,0,1,3,15" ten="217,269,245,269" oya="1" hai0="105,29,43,104,82,86,110,3,134,77,35,84,103" hai1="112,93,50,59,56,37,97,88,107,124,94,63,39" hai2="130,102,128,81,76,48,116,87,74,80,40,78,111" hai3="20,16,21,44,69,32,53,125,38,66,58,22,10"/><U6/><E112/><V54/><F40/><N who="3" m="22551" /><G32/><T42/><D110/><U18/><E107/><V14/><F111/><W117/><G10/><T73/><D3/><U113/><E113/><V123/><F123/><W7/><G7/><T119/><D119/><U120/><E120/><V126/><F126/><W65/><G117/><T41/><D134/><U4/><E124/><V0/><F0/><W135/><G135/><T106/><REACH who="0" step="1"/><D103/><REACH who="0" ten="207,269,245,269" step="2"/><U1/><E1/><V25/><F102/><W129/><G125/><T127/><D127/><U36/><E36/><V57/><F116/><W34/><G129/><T8/><D8/><U118/><E39/><V95/><F130/><W96/><G96/><T62/><D62/><U23/><E37/><V60/><F128/><W114/><G114/><T100/><D100/><U9/><E118/><V108/><F108/><W83/><G34/><T47/><D47/><U30/><E9/><V99/><F60/><W51/><G83/><T67/><D67/><U90/><E63/><V13/><F99/><W115/><G115/><T79/><D79/><U2/><E2/><V61/><F61/><N who="3" m="40111" /><G66/><T72/><D72/><U52/><E97/><V131/><F131/><W92/><G92/><T121/><D121/><U122/><E122/><V89/><F95/><W46/><G46/><T17/><D17/><AGARI ba="0,1" hai="16,17,20,21,22,51,53,58" m="40111,22551" machi="17" ten="30,7700,0" yaku="24,1,52,2,54,1" doraHai="15" who="3" fromWho="0" sc="207,-77,269,0,245,0,269,87" owari="130,-37.0,269,7.0,245,-15.0,356,45.0" /></mjloggm>