<mjloggm ver="2.3"><GO type="41" lobby="0"/><UN n0="%E6%8C%81%E7%B6%9A%E6%80%A7%36%E7%82%B9%E7%B5%9E%E3%82%8A" n1="%E6%9C%9D%E9%9C%A7%E6%82%A0%E7%90%86" n2="%E3%81%8B%E3%81%AA%E3%82%84%E3%81%BE%E3%81%9F%E3%82%89" n3="%E2%93%9D%53%75%70%68%78" dan="13,14,13,18" rate="1840.95,2013.19,1886.13,2173.11" sx="M,F,M,M"/><TAIKYOKU oya="0"/><INIT seed="0,0,0,3,1,28" ten="250,250,250,250" oya="0" hai0="126,97,38,56,96,6,27,128,31,76,34,54,58" hai1="10,52,94,133,30,67,71,9,108,98,87,127,125" hai2="48,39,68,47,83,121,64,131,26,100,46,11,86" hai3="74,61,91,63,73,25,60,23,115,89,132,1,88"/><T135/><D38/><U53/><E87/><V50/><F121/><W109/><G115/><T75/><D135/><U15/><E133/><V17/><F39/><W77/><G132/><T85/><D75/><U84/><E84/><V102/><F131/><W21/><G1/><T72/><D128/><U95/><E108/><V130/><F130/><W43/><G109/><T134/><D134/><U19/><E30/><V123/><F123/><W0/><G0/><T36/><D36/><U22/><E67/><V92/><F64/><W40/><G77/><T79/><D126/><N who="1" m="48139" /><E71/><V129/><F68/><W111/><G111/><T7/><D72/><N who="3" m="27753" /><G25/><T41/><D41/><AGARI ba="0,0" hai="21,23,40,41,43,60,61,63,88,89,91" m="27753" machi="41" ten="40,5200,0" yaku="28,2,54,1" doraHai="28" who="3" fromWho="0" sc="250,-52,250,0,250,0,250,52" /><INIT seed="1,0,0,2,3,53" ten="198,250,250,302" oya="1" hai0="21,37,64,87,71,19,116,23,69,96,92,15,38" hai1="131,75,129,105,84,12,9,7,126,121,57,63,79" hai2="28,91,16,133,5,86,100,127,119,49,74,3,2" hai3="98,67,13,43,85,81,41,104,108,39,8,110,47"/><U89/><E121/><V82/><F119/><W60/><G43/><T124/><D116/><U122/><E122/><V118/><F118/><W51/><G104/><T125/><D38/><U113/><E113/><V11/><F28/><W120/><G98/><T24/><D37/><U42/><E105/><V26/><F100/><W101/><G101/><T18/><D87/><U88/><E126/><V123/><F123/><W32/><G32/><T31/><D64/><U0/><E42/><V40/><F127/><N who="0" m="48714" /><D31/><U95/><E89/><AGARI ba="0,0" hai="15,18,19,21,23,24,69,71,89,92,96" m="48714" machi="89" ten="30,1000,0" yaku="18,1" doraHai="53" who="0" fromWho="1" sc="198,10,250,-10,250,0,302,0" /><INIT seed="2,0,0,4,1,4" ten="208,240,250,302" oya="2" hai0="133,112,38,0,93,102,127,132,92,15,90,65,80" hai1="113,135,57,73,100,106,62,54,95,46,72,129,59" hai2="52,108,48,118,51,26,20,10,119,109,56,98,9" hai3="97,14,74,78,91,104,32,130,84,36,37,50,103"/><V99/><F51/><W3/><G3/><T44/><D0/><U63/><E113/><V121/><F121/><W58/><G32/><T55/><D65/><U7/><E135/><N who="0" m="51785" /><D55/><U120/><E120/><V122/><F122/><W125/><G125/><T19/><D38/><U61/><E129/><V60/><F60/><W45/><G58/><T76/><D44/><U101/><E46/><V117/><F98/><W47/><G47/><T107/><D112/><U68/><E68/><V85/><F99/><W110/><G110/><N who="2" m="42601" /><F85/><W29/><G84/><N who="0" m="48135" /><D127/><U83/><E61/><V35/><F35/><W116/><G37/><T64/><D64/><U25/><E62/><V88/><F88/><W96/><G91/><T12/><D12/><U82/><E63/><V94/><F94/><W11/><G36/><T30/><D30/><AGARI ba="0,0" hai="9,10,20,26,30,48,52,56,117,118,119" m="42601" machi="30" ten="40,12000,1" yaku="14,1,10,1,52,2,54,1" doraHai="4" who="2" fromWho="0" sc="208,-120,240,0,250,120,302,0" /><INIT seed="2,1,0,5,0,7" ten="88,240,370,302" oya="2" hai0="3,132,130,83,54,39,16,88,0,127,81,47,4" hai1="42,117,72,98,35,112,61,107,30,40,45,126,118" hai2="123,91,135,34,19,106,86,33,41,8,55,114,121" hai3="96,58,31,6,116,111,74,84,90,119,57,52,78"/><V99/><F114/><W26/><G111/><T95/><D127/><U60/><E112/><V70/><F41/><W14/><G58/><T10/><D130/><U73/><E126/><V76/><F76/><W24/><G74/><T94/><D132/><U25/><E40/><V122/><F70/><W97/><G78/><T2/><D94/><U65/><E117/><V103/><F135/><W18/><G6/><T49/><D39/><N who="1" m="21727" /><E60/><V9/><F55/><W46/><G46/><T120/><D120/><U66/><E66/><V64/><F64/><W131/><G131/><T93/><D93/><U110/><E118/><V11/><REACH who="2" step="1"/><F19/><REACH who="2" ten="88,240,360,302" step="2"/><W53/><G119/><T20/><D2/><U21/><E65/><V105/><F105/><W56/><G116/><T32/><D3/><U134/><E107/><V101/><F101/><W17/><G17/><T108/><D108/><U75/><E134/><V71/><F71/><W48/><G53/><T63/><D63/><U44/><E61/><V69/><F69/><W129/><G129/><T68/><D68/><U37/><E110/><V29/><F29/><W82/><G31/><T77/><D77/><U92/><E30/><V59/><F59/><W51/><G57/><T67/><D67/><U85/><E44/><V15/><F15/><W13/><G13/><T89/><D32/><U115/><E35/><V27/><F27/><N who="3" m="10283" /><G51/><T128/><D128/><U113/><E113/><V38/><F38/><W1/><G1/><T125/><D125/><U50/><E37/><V22/><F22/><AGARI ba="1,1" hai="14,18,22,48,52,56,82,84,90,96,97" m="10283" machi="22" ten="30,2000,0" yaku="8,1,54,1" doraHai="7" who="3" fromWho="2" sc="88,0,240,0,360,-23,302,33" /><INIT seed="3,0,0,3,3,127" ten="88,240,337,335" oya="3" hai0="83,110,117,47,2,56,25,79,126,3,27,80,66" hai1="46,54,98,109,125,113,36,68,124,59,49,29,14" hai2="19,31,10,63,107,134,20,89,15,41,122,48,129" hai3="40,135,50,12,112,91,81,51,103,76,69,23,86"/><W115/><G69/><T52/><D117/><U87/><E113/><V133/><F107/><W118/><G118/><T6/><D126/><N who="1" m="48747" /><E68/><V58/><F122/><W32/><G32/><T99/><D110/><U45/><E29/><V1/><F1/><W119/><G135/><T132/><D132/><N who="2" m="50794" /><F31/><W123/><G123/><T0/><D6/><U130/><E98/><V44/><F89/><W17/><G119/><T13/><D13/><U9/><E109/><V42/><F42/><W128/><G103/><T100/><D66/><U8/><E87/><V21/><F10/><N who="1" m="4201" /><E14/><V90/><F90/><W88/><G91/><T106/><D47/><N who="1" m="17931" /><E36/><V121/><F121/><W34/><G115/><T64/><D64/><U37/><E37/><V57/><F21/><W92/><G112/><T102/><D102/><U104/><E104/><V101/><F101/><W39/><G39/><T4/><D4/><U5/><E5/><V108/><F108/><W55/><G34/><T111/><D111/><U94/><E94/><V18/><F19/><W60/><G17/><T16/><D16/><U72/><E72/><V131/><F58/><W43/><G92/><T78/><D78/><U74/><E74/><V33/><F33/><W114/><G76/><T70/><D70/><U71/><E71/><V96/><F96/><W62/><G114/><T75/><REACH who="0" step="1"/><D83/><REACH who="0" ten="78,240,337,335" step="2"/><U120/><E120/><V65/><AGARI ba="0,1" hai="15,18,20,41,44,48,57,63,65,129,131" m="50794" machi="65" ten="30,4000,0" yaku="20,1,52,2" doraHai="127" who="2" fromWho="2" sc="78,-10,240,-10,337,50,335,-20" /><INIT seed="4,0,0,5,0,11" ten="68,230,387,315" oya="0" hai0="31,59,76,131,69,89,51,71,36,62,41,46,115" hai1="114,122,68,66,40,45,97,1,93,13,116,94,22" hai2="133,82,75,79,56,134,37,14,47,86,35,2,109" hai3="65,17,83,125,101,12,72,127,107,21,92,25,91"/><T132/><D31/><U113/><E116/><V84/><F35/><W55/><G65/><T85/><D76/><U39/><E122/><V126/><F2/><W57/><G107/><T5/><D115/><N who="1" m="44043" /><E1/><V135/><F109/><W121/><G101/><T53/><D131/><U34/><E34/><V42/><F126/><N who="3" m="48139" /><G83/><T100/><D100/><U108/><E108/><V110/><F110/><W0/><G72/><T4/><D132/><U52/><E97/><V90/><F56/><W95/><G0/><T32/><D32/><U63/><E52/><V33/><F33/><W112/><G121/><T111/><D111/><U7/><E7/><V50/><F84/><N who="3" m="52327" /><G95/><T19/><D71/><U54/><E54/><V48/><F75/><W128/><G112/><T98/><D98/><U10/><E10/><V96/><F96/><W119/><G128/><T73/><D73/><U102/><E102/><V129/><F129/><W117/><G25/><T8/><D69/><U20/><E20/><V74/><F74/><W104/><G104/><T70/><D70/><U88/><E88/><V29/><F79/><W105/><G105/><T38/><D38/><U78/><E78/><V130/><F130/><W77/><G77/><T124/><D124/><U26/><E26/><V24/><F24/><W120/><G120/><T15/><REACH who="0" step="1"/><D36/><REACH who="0" ten="58,230,387,315" step="2"/><U49/><E39/><V64/><F29/><W44/><G44/><T118/><D118/><U43/><E43/><V123/><F135/><W61/><AGARI ba="0,1" hai="12,17,21,55,57,61,117,119" m="52327,48139" machi="61" ten="30,2000,0" yaku="18,1,52,1" doraHai="11" who="3" fromWho="3" sc="58,-10,230,-5,387,-5,315,30" /><INIT seed="5,0,0,0,3,116" ten="48,225,382,345" oya="1" hai0="113,2,3,74,93,42,13,111,70,80,115,21,4" hai1="112,75,131,135,127,18,16,47,94,76,48,6,90" hai2="45,133,124,86,83,123,99,126,8,109,0,15,63" hai3="89,64,84,24,40,129,27,29,118,60,73,22,36"/><U5/><E127/><V10/><F109/><W58/><G73/><T72/><D93/><U65/><E112/><N who="0" m="43081" /><D80/><U100/><E131/><V91/><F133/><W66/><G129/><T81/><D81/><U82/><E135/><V23/><F0/><N who="0" m="42" /><D42/><U32/><E82/><V121/><F23/><W56/><G118/><T119/><D70/><U102/><E94/><V59/><F45/><W1/><G1/><T54/><D119/><U85/><E75/><N who="0" m="28713" /><D54/><U43/><E5/><V105/><F10/><W106/><G40/><T25/><D4/><U50/><E6/><V52/><F8/><W37/><G84/><T77/><D21/><U120/><E43/><V68/><F15/><W17/><G89/><T38/><D13/><U132/><E48/><V7/><F7/><W51/><G51/><T67/><D67/><U11/><E65/><V31/><F68/><W103/><G66/><T128/><D128/><U117/><E117/><V87/><F86/><W30/><G64/><T12/><D12/><U92/><E85/><V41/><F41/><W53/><G53/><T104/><D104/><U34/><E92/><V19/><F31/><W28/><G106/><T49/><D49/><U57/><E50/><V134/><F19/><W9/><G17/><T71/><D71/><U26/><E16/><V39/><F105/><W62/><G30/><T96/><D111/><U20/><E20/><V125/><F99/><W61/><G9/><T46/><D25/><U35/><E11/><V95/><F83/><W130/><G130/><T44/><D96/><U97/><E97/><V98/><F98/><RYUUKYOKU ba="0,0" sc="48,0,225,0,382,0,345,0" /><INIT seed="6,1,0,1,3,122" ten="48,225,382,345" oya="2" hai0="65,26,111,79,28,6,94,73,71,63,50,8,37" hai1="10,86,89,36,120,123,31,3,126,130,127,32,48" hai2="27,129,128,62,68,42,115,45,132,2,61,85,22" hai3="60,90,103,13,20,30,84,74,12,87,113,93,105"/><V57/><F2/><W11/><G74/><T15/><D37/><U110/><E36/><V135/><F115/><W108/><G113/><T35/><D50/><U133/><E130/><N who="2" m="50283" /><F85/><W41/><G105/><T96/><D79/><U117/><E48/><V46/><F27/><W16/><G103/><T78/><D78/><U70/><E70/><V18/><F22/><W67/><G108/><T72/><REACH who="0" step="1"/><D111/><REACH who="0" ten="38,225,382,345" step="2"/><U34/><E110/><V101/><F135/><W95/><G41/><T4/><D4/><U119/><E133/><V134/><F42/><W1/><G87/><T77/><D77/><U99/><E86/><V97/><F134/><W82/><G1/><T66/><D66/><U91/><E3/><V53/><F132/><W55/><G55/><T24/><D24/><U33/><E120/><V39/><F53/><W114/><G114/><T80/><D80/><U118/><E123/><V47/><F39/><W52/><G52/><T98/><D98/><U40/><E40/><V131/><F97/><W69/><REACH who="3" step="1"/><G30/><REACH who="3" ten="38,225,382,335" step="2"/><T106/><D106/><U124/><E31/><V58/><F131/><W17/><AGARI ba="1,2" hai="11,12,13,16,17,20,60,67,69,82,84,90,93,95" machi="17" ten="20,8000,1" yaku="1,1,2,1,0,1,7,1,54,1,53,0" doraHai="122" doraHaiUra="54" who="3" fromWho="3" sc="38,-21,225,-21,382,-41,335,103" /><INIT seed="7,0,0,3,2,39" ten="17,204,341,438" oya="3" hai0="54,127,6,31,106,132,115,68,40,43,133,57,33" hai1="28,63,113,64,1,83,103,94,18,4,30,97,122" hai2="70,93,101,84,100,19,121,111,37,135,9,108,131" hai3="47,90,86,91,11,14,21,17,71,124,24,62,99"/><W98/><G124/><T88/><D106/><U66/><E122/><V15/><F70/><W65/><G91/><T96/><D6/><U67/><E113/><V36/><F121/><W49/><G90/><T12/><D12/><U52/><E1/><V117/><F117/><W125/><G86/><T128/><D96/><U48/><E4/><V112/><F112/><W102/><G125/><T22/><D88/><U72/><E72/><V0/><F0/><W25/><G25/><T13/><D13/><U44/><E18/><V76/><F135/><N who="0" m="51786" /><D22/><U26/><E83/><V123/><F123/><W10/><G24/><T50/><D31/><U42/><E28/><V7/><F131/><W110/><G110/><T8/><D33/><U75/><E75/><V78/><F7/><W82/><G99/><T80/><D8/><U59/><REACH who="1" step="1"/><E52/><REACH who="1" ten="17,194,341,438" step="2"/><V120/><F120/><W3/><G3/><T105/><D80/><U89/><E89/><V38/><F111/><W114/><G82/><T81/><D115/><U5/><E5/><V55/><F108/><W116/><G114/><T46/><D81/><U109/><E109/><V29/><F55/><W129/><G17/><T32/><D32/><U130/><E130/><V51/><F29/><W56/><G129/><T60/><D128/><U85/><E85/><V73/><F73/><W35/><G35/><T34/><D34/><U77/><E77/><V104/><F84/><W23/><G98/><T41/><D127/><U16/><E16/><V79/><F19/><W58/><G14/><T95/><D105/><U61/><E61/><V74/><F15/><RYUUKYOKU ba="0,1" sc="17,-10,194,30,341,-10,438,-10" hai1="26,30,42,44,48,59,63,64,66,67,94,97,103" owari="7,-49.0,224,-18.0,331,13.0,438,54.0" /></mjloggm>