<mjloggm ver="2.3"><GO type="41" lobby="0"/><UN n0="%E5%B9%B8%E3%81%9B%E3%82%B9%E3%83%91%E3%82%A4%E3%83%A9%E3%83%AB" n1="%E3%81%A0%E3%81%84%E3%81%A0%E3%81%84%EF%BC%95%E5%8F%B7" n2="%E2%93%9D%53%75%70%68%78" n3="%E3%81%BA%E3%82%93%E3%81%9F%E3%81%9D" dan="15,15,16,14" rate="1929.86,2035.75,2039.71,1871.41" sx="F,M,M,F"/><TAIKYOKU oya="0"/><INIT seed="0,0,0,2,0,105" ten="250,250,250,250" oya="0" hai0="54,98,117,19,77,39,9,42,11,0,109,49,75" hai1="20,7,99,2,14,32,29,28,63,94,70,96,89" hai2="73,108,12,50,125,18,62,104,80,67,135,100,17" hai3="65,55,13,60,72,86,34,48,90,6,10,59,71"/><T103/><D117/><U122/><E122/><V111/><F135/><W126/><G34/><T82/><D109/><N who="2" m="42058" /><F125/><W68/><G126/><T40/><D39/><U102/><E2/><V93/><F104/><W121/><G121/><T88/><D9/><U51/><E51/><V81/><F50/><W115/><G115/><T64/><D64/><U85/><E96/><N who="2" m="59407" /><F73/><W101/><G101/><T114/><D114/><U5/><E14/><V26/><F26/><W120/><G120/><T38/><D38/><U53/><E20/><N who="2" m="11303" /><F18/><W127/><G127/><T21/><D11/><U33/><E33/><V134/><F134/><W113/><G113/><T112/><D0/><U133/><E133/><V22/><F22/><W52/><G55/><T4/><D4/><U58/><E70/><AGARI ba="0,0" hai="62,67,70,80,81" m="11303,59407,42058" machi="70" ten="30,1000,0" yaku="14,1" doraHai="105" who="2" fromWho="1" sc="250,0,250,-10,250,10,250,0" /><INIT seed="1,0,0,3,1,52" ten="250,240,260,250" oya="1" hai0="76,27,123,125,5,113,101,45,133,31,130,35,79" hai1="89,100,8,36,62,54,109,126,115,119,24,87,111" hai2="25,80,42,98,84,95,33,37,106,28,108,22,10" hai3="93,34,114,53,58,14,4,38,16,57,127,128,11"/><U66/><E115/><V67/><F108/><N who="1" m="41545" /><E119/><V47/><F106/><W117/><G114/><T49/><D113/><U39/><E100/><V105/><F105/><W122/><G122/><T85/><D123/><U70/><E126/><V60/><F10/><W56/><G34/><T88/><D125/><U118/><E118/><V6/><F6/><W48/><G38/><T94/><D133/><U1/><E24/><V63/><F33/><W78/><G117/><T15/><D130/><U69/><E69/><V30/><F30/><W44/><G128/><T99/><D15/><U20/><E20/><V132/><F132/><W102/><G127/><T68/><D5/><N who="1" m="1071" /><E54/><V129/><F129/><W83/><G4/><T107/><REACH who="0" step="1"/><D68/><REACH who="0" ten="240,240,260,250" step="2"/><U0/><E0/><V12/><F12/><W82/><G78/><T131/><D131/><U103/><E103/><V124/><F124/><W41/><REACH who="3" step="1"/><G41/><AGARI ba="0,1" hai="27,31,35,41,45,49,76,79,85,88,94,99,101,107" machi="41" ten="30,3900,0" yaku="1,1,7,1,54,1,53,0" doraHai="52" doraHaiUra="55" who="0" fromWho="3" sc="240,49,240,0,260,0,250,-39" /><INIT seed="2,0,0,4,0,94" ten="289,240,260,211" oya="2" hai0="82,24,8,9,81,69,117,35,66,119,118,109,47" hai1="99,60,14,96,101,41,7,75,92,89,32,40,49" hai2="23,15,124,84,91,98,16,46,11,132,76,85,112" hai3="86,128,80,19,90,29,114,57,121,133,72,104,125"/><V54/><F112/><W36/><G36/><T83/><D109/><U17/><E75/><V88/><F124/><W63/><G121/><T65/><D47/><U34/><E7/><V27/><F132/><W44/><G114/><T10/><D69/><U105/><E60/><V1/><F1/><W134/><G104/><T120/><D120/><U6/><E6/><V26/><F76/><W58/><G29/><AGARI ba="0,0" hai="8,9,10,24,29,35,65,66,81,82,83,117,118,119" machi="29" ten="50,6400,0" yaku="29,2,12,1" doraHai="94" who="0" fromWho="3" sc="289,64,240,0,260,0,211,-64" /><INIT seed="3,0,0,5,3,8" ten="353,240,260,147" oya="3" hai0="50,66,100,103,71,61,132,134,20,0,19,87,97" hai1="78,33,3,4,59,17,63,54,49,119,95,41,73" hai2="110,135,52,116,10,32,58,30,23,46,117,96,24" hai3="65,114,74,83,80,121,47,38,125,101,11,106,16"/><W45/><G121/><T105/><D0/><U93/><E119/><V29/><F110/><W118/><G114/><T76/><D103/><U86/><E33/><V92/><F135/><N who="0" m="51754" /><D50/><U133/><E73/><V77/><F77/><W72/><G118/><T67/><D67/><U56/><E133/><V57/><F32/><W7/><G65/><T2/><D2/><U48/><E48/><N who="2" m="28695" /><F117/><W120/><G120/><T43/><D43/><U70/><E70/><V124/><F124/><W85/><G125/><T126/><D126/><U39/><E39/><V111/><F111/><W75/><G38/><T127/><D127/><U40/><E40/><V107/><F107/><W12/><G7/><T9/><D9/><U62/><E4/><V55/><F10/><W130/><G130/><T6/><D6/><U81/><E3/><V79/><F79/><W35/><G35/><T21/><D19/><U51/><E17/><N who="2" m="12399" /><F116/><W94/><G106/><T131/><D131/><U13/><E51/><N who="2" m="30975" /><F58/><W112/><G112/><T25/><D25/><U36/><E36/><V84/><F84/><W5/><G5/><T42/><D42/><U31/><E63/><V26/><F26/><W82/><REACH who="3" step="1"/><G85/><REACH who="3" ten="353,240,260,137" step="2"/><T108/><D108/><U98/><E86/><V88/><AGARI ba="0,1" hai="29,30,88,92,96" m="30975,12399,28695" machi="88" ten="30,4000,0" yaku="8,1,54,2" doraHai="8" who="2" fromWho="2" sc="353,-10,240,-10,260,50,137,-20" /><INIT seed="4,0,0,1,4,90" ten="343,230,310,117" oya="0" hai0="43,111,122,114,120,96,113,14,86,10,60,118,17" hai1="59,70,79,107,67,49,78,125,89,119,127,21,9" hai2="105,57,3,48,40,27,88,80,68,55,34,54,101" hai3="72,85,76,51,110,84,130,77,95,50,33,16,35"/><T63/><D43/><U62/><E119/><V133/><F3/><W115/><G110/><T92/><D118/><U83/><E107/><V65/><F133/><W117/><G115/><N who="0" m="44043" /><D86/><U46/><E21/><V108/><F108/><W131/><G117/><T25/><D111/><U11/><E70/><V22/><F34/><W58/><G58/><T69/><D25/><U38/><E38/><V42/><F101/><W116/><G116/><T98/><D98/><U0/><E89/><V39/><F105/><W132/><G132/><T56/><D69/><U41/><E79/><V82/><F39/><W73/><REACH who="3" step="1"/><G16/><REACH who="3" ten="343,230,310,107" step="2"/><T2/><D56/><U124/><REACH who="1" step="1"/><E0/><REACH who="1" ten="343,220,310,107" step="2"/><V103/><F68/><W134/><G134/><T106/><D2/><U26/><E26/><V91/><F27/><W66/><G66/><T102/><D106/><U28/><E28/><V23/><F65/><W30/><G30/><T15/><D15/><U99/><E99/><V8/><F57/><W94/><AGARI ba="0,2" hai="33,35,50,51,72,73,76,77,84,85,94,95,130,131" machi="94" ten="25,12000,2" yaku="1,1,0,1,22,2,52,2,53,0" doraHai="90" doraHaiUra="121" who="3" fromWho="3" sc="343,-60,220,-30,310,-30,107,140" /><INIT seed="5,0,0,5,1,116" ten="283,190,280,247" oya="1" hai0="42,25,41,74,69,114,80,115,112,4,10,93,65" hai1="100,45,58,70,131,12,77,99,109,106,11,72,130" hai2="90,127,3,1,83,17,122,81,97,59,105,118,8" hai3="96,19,119,68,95,85,86,53,60,94,28,87,2"/><U107/><E70/><V56/><F118/><W9/><G2/><T110/><D110/><U76/><E109/><V134/><F134/><W78/><G119/><T46/><D25/><U24/><E106/><V57/><F127/><W0/><G28/><T64/><D69/><U15/><E15/><V40/><F40/><W123/><G123/><T66/><D46/><U54/><E45/><V48/><F48/><W63/><G78/><N who="0" m="44119" /><D93/><U104/><E104/><V27/><F122/><W73/><G73/><T49/><D49/><U32/><E24/><V23/><F3/><AGARI ba="0,0" hai="3,4,10,41,42,64,65,66,112,114,115" m="44119" machi="3" ten="40,1300,0" yaku="15,1" doraHai="116" who="0" fromWho="2" sc="283,13,190,0,280,-13,247,0" /><INIT seed="6,0,0,1,2,51" ten="296,190,267,247" oya="2" hai0="68,83,122,112,25,55,118,108,27,76,4,101,131" hai1="10,107,50,116,132,26,21,33,29,67,75,20,80" hai2="129,73,61,92,124,59,8,87,98,44,86,35,38" hai3="16,53,46,66,32,48,52,63,106,23,110,91,64"/><V36/><F73/><W78/><G110/><T113/><D122/><U130/><E116/><V115/><F35/><W126/><G126/><T84/><D108/><U82/><E107/><V39/><F115/><W5/><G32/><T47/><D68/><U125/><E125/><V12/><F129/><W31/><G5/><T81/><D101/><U40/><E130/><V119/><F44/><W134/><G106/><T120/><D120/><U7/><E132/><V6/><F119/><W121/><G121/><T111/><D111/><U14/><E67/><V62/><F62/><W94/><G31/><T90/><D4/><U1/><E75/><V0/><F0/><W43/><G78/><T114/><D118/><U17/><E21/><V42/><F42/><W103/><G103/><T34/><D34/><U30/><E29/><V79/><F79/><W100/><G100/><T70/><D70/><U105/><E105/><V74/><F74/><W11/><G11/><T9/><D9/><U65/><E65/><N who="3" m="25194" /><G63/><T45/><D45/><AGARI ba="0,0" hai="1,7,10,14,17,20,26,30,33,40,45,50,80,82" machi="45" ten="40,2600,0" yaku="24,2" doraHai="51" who="1" fromWho="0" sc="296,-26,190,26,267,0,247,0" /><INIT seed="7,0,0,0,5,125" ten="270,216,267,247" oya="3" hai0="132,109,68,60,77,110,7,39,48,0,126,93,22" hai1="5,50,122,121,35,113,83,128,133,10,43,127,84" hai2="112,13,57,3,59,19,66,73,80,40,115,98,69" hai3="25,51,58,82,24,106,8,129,38,117,75,62,116"/><W64/><G38/><T37/><D126/><U123/><E127/><V20/><F3/><W46/><G106/><T2/><D77/><U78/><E113/><N who="2" m="43595" /><F40/><W88/><G129/><T90/><D132/><U18/><E133/><V74/><F98/><W91/><G91/><T97/><D48/><U42/><E35/><V12/><F80/><W134/><G134/><T15/><D39/><U17/><E128/><V14/><F69/><W105/><G105/><T44/><D68/><U53/><E43/><V135/><F66/><W72/><G72/><N who="2" m="27753" /><F135/><W4/><G117/><T47/><D37/><U52/><E42/><V34/><F34/><W119/><G75/><T96/><D60/><U104/><E104/><V1/><F1/><W100/><G100/><T30/><D97/><U102/><E102/><V87/><F87/><N who="3" m="50295" /><G119/><T81/><D2/><U95/><E95/><V67/><F67/><W26/><G116/><T107/><D107/><U9/><E9/><V23/><F19/><W94/><G94/><T124/><D124/><U79/><E79/><V6/><F6/><W16/><G4/><T33/><D33/><U108/><E108/><N who="0" m="41577" /><D0/><U32/><E32/><V11/><F11/><W76/><G76/><T61/><D81/><U41/><E41/><V118/><F118/><W31/><G31/><T131/><D7/><U114/><E114/><V103/><F103/><W55/><G8/><T99/><D30/><U36/><E36/><V27/><F23/><AGARI ba="0,0" hai="16,23,24,25,26,46,51,55,58,62,64" m="50295" machi="23" ten="30,5800,0" yaku="8,1,54,2" doraHai="125" who="3" fromWho="2" sc="270,0,216,0,267,-58,247,58" owari="270,7.0,216,-18.0,209,-29.0,305,40.0" /></mjloggm>