<mjloggm ver="2.3"><GO type="41" lobby="0"/><UN n0="%E2%93%9D%53%75%70%68%78" n1="%E6%98%AF%E6%88%91%E7%97%9B" n2="%E3%81%84%E3%81%8B%E3%81%95%E3%81%BE%E6%99%AF%E5%AD%90" n3="%E5%B0%8F%E6%9E%97%E6%B5%81%E9%9B%80%E5%A3%AB" dan="16,14,14,15" rate="2081.81,1907.58,2057.54,1992.24" sx="M,F,F,F"/><TAIKYOKU oya="0"/><INIT seed="0,0,0,1,0,62" ten="250,250,250,250" oya="0" hai0="66,75,25,64,9,60,104,122,29,74,67,132,38" hai1="50,80,36,73,59,92,103,33,118,112,2,93,108" hai2="96,41,82,109,129,52,19,49,130,88,27,7,84" hai3="35,76,124,102,123,89,31,39,70,37,18,68,78"/><T55/><D122/><U65/><E33/><V30/><F109/><W133/><G102/><T12/><D38/><U116/><E2/><V34/><F41/><W69/><G124/><T117/><D117/><U79/><E108/><V10/><F96/><W0/><G0/><T51/><D104/><U90/><E36/><V97/><F97/><W87/><G133/><T5/><D60/><U46/><E103/><V111/><F111/><W32/><G123/><T54/><D132/><U114/><E92/><V23/><F7/><W77/><G18/><T101/><D101/><U48/><E48/><V81/><F81/><W72/><G72/><T42/><D42/><U83/><E83/><V56/><REACH who="2" step="1"/><F10/><REACH who="2" ten="250,250,240,250" step="2"/><W110/><G110/><T94/><D94/><U20/><E116/><V40/><F40/><W71/><G39/><T131/><D131/><U86/><E118/><V121/><F121/><W8/><G37/><T28/><D55/><U91/><E114/><V14/><AGARI ba="0,1" hai="14,19,23,27,30,34,49,52,56,82,84,88,129,130" machi="14" ten="30,7900,0" yaku="1,1,0,1,54,2,53,0" doraHai="62" doraHaiUra="57" who="2" fromWho="2" sc="250,-39,250,-20,240,89,250,-20" /><INIT seed="1,0,0,5,3,96" ten="211,230,329,230" oya="1" hai0="108,119,52,14,121,26,78,80,27,42,109,15,105" hai1="3,66,95,6,28,29,132,11,63,86,54,7,18" hai2="125,89,69,127,16,106,67,123,115,134,12,77,50" hai3="40,99,102,79,9,64,13,84,91,107,32,36,126"/><U103/><E132/><V44/><F123/><W83/><G126/><N who="2" m="48137" /><F134/><W76/><G32/><T37/><D105/><U39/><E39/><V111/><F77/><W58/><G36/><T133/><D119/><U116/><E116/><V21/><F106/><W2/><G2/><T75/><D133/><U74/><E74/><V128/><F111/><N who="0" m="42570" /><D42/><U110/><E110/><V19/><F128/><W93/><G40/><T59/><D37/><U130/><E54/><V33/><F33/><W1/><G1/><T31/><D27/><U4/><E3/><V60/><F115/><W41/><G41/><T10/><D10/><U81/><E130/><V97/><F19/><N who="3" m="8623" /><G107/><T56/><D56/><U72/><E72/><V22/><F22/><W88/><G79/><T23/><D121/><U114/><E114/><V61/><F61/><AGARI ba="0,0" hai="58,61,64,76,83,84,88,91,93,99,102" m="8623" machi="61" ten="30,3900,0" yaku="8,1,52,1,54,1" doraHai="96" who="3" fromWho="2" sc="211,0,230,0,329,-39,230,39" /><AGARI ba="0,0" hai="14,15,23,26,31,52,59,61,75,78,80" m="42570" machi="61" ten="30,2000,0" yaku="14,1,54,1" doraHai="96" who="0" fromWho="2" sc="211,20,230,0,290,-20,269,0" /><INIT seed="2,0,0,2,1,83" ten="231,230,270,269" oya="2" hai0="68,135,33,99,25,108,29,93,125,105,126,121,102" hai1="19,14,36,46,65,97,55,47,52,112,69,98,63" hai2="8,43,17,128,103,30,95,74,34,21,132,48,37" hai3="90,61,72,133,60,15,91,20,129,28,106,104,111"/><V5/><F128/><W123/><G123/><T134/><D121/><U88/><E112/><V45/><F132/><N who="0" m="50730" /><D108/><U101/><E46/><V76/><F103/><W117/><G72/><T39/><D39/><U109/><E109/><V59/><F95/><W13/><G111/><T50/><D50/><U57/><E55/><V92/><F92/><W26/><G117/><T42/><D42/><U18/><E101/><V38/><F59/><W41/><G41/><T107/><D68/><U86/><E18/><V70/><F70/><W113/><G113/><T40/><D40/><U35/><E35/><V4/><F4/><W62/><G129/><T24/><D24/><U44/><E36/><V12/><F76/><W130/><G130/><T2/><D2/><U23/><E69/><V87/><F74/><W120/><G120/><T131/><D131/><U27/><E27/><N who="2" m="18783" /><F87/><W71/><G71/><T81/><D81/><N who="1" m="49231" /><E44/><V84/><F84/><W77/><G77/><T89/><D102/><U82/><E82/><V6/><F6/><W64/><G64/><T53/><D53/><U32/><E32/><V124/><F124/><AGARI ba="0,0" hai="25,29,33,89,93,99,105,107,124,125,126" m="50730" machi="124" ten="30,2000,0" yaku="18,1,20,1" doraHai="83" who="0" fromWho="2" sc="231,20,230,0,270,-20,269,0" /><INIT seed="3,0,0,3,1,126" ten="251,230,250,269" oya="3" hai0="0,7,5,72,40,118,45,67,103,101,27,112,17" hai1="58,10,94,78,55,81,128,73,113,120,29,54,52" hai2="89,69,37,90,130,53,33,77,14,57,106,96,56" hai3="95,22,13,39,34,63,26,64,114,35,51,104,1"/><W100/><G114/><T74/><D67/><U20/><E113/><V12/><F69/><W60/><G39/><T43/><D112/><U135/><E120/><V121/><F37/><W36/><G36/><T116/><D27/><U123/><E123/><V98/><F121/><W59/><G1/><T82/><D82/><U119/><E135/><V68/><F68/><W84/><G104/><T109/><D17/><U97/><E119/><V50/><F33/><W6/><G51/><T3/><REACH who="0" step="1"/><D45/><REACH who="0" ten="241,230,250,269" step="2"/><U19/><E29/><V132/><F132/><W87/><G64/><T133/><D133/><U41/><E58/><V62/><F56/><W99/><G59/><T32/><D32/><U85/><E73/><V23/><F57/><W46/><G35/><T83/><D83/><U117/><E117/><V65/><F62/><W80/><G34/><T9/><D9/><U18/><E10/><V21/><F65/><W70/><G46/><T125/><D125/><U134/><E19/><V16/><F16/><N who="3" m="12615" /><G80/><T71/><D71/><U25/><E134/><V111/><F23/><W8/><G70/><T129/><D129/><U76/><E128/><V107/><F130/><W49/><G49/><T127/><D127/><U108/><E78/><V42/><F21/><W79/><G79/><T48/><D48/><U47/><E108/><AGARI ba="0,1" hai="0,3,5,7,40,43,72,74,101,103,108,109,116,118" machi="108" ten="25,3200,0" yaku="1,1,22,2,53,0" doraHai="126" doraHaiUra="31" who="0" fromWho="1" sc="241,42,230,-32,250,0,269,0" /><INIT seed="4,0,0,2,1,98" ten="283,198,250,269" oya="0" hai0="74,31,61,57,58,81,110,22,20,8,82,112,44" hai1="101,53,13,105,9,76,126,54,18,63,78,34,17" hai2="1,96,33,6,26,134,16,11,120,113,133,104,62" hai3="12,118,97,122,127,42,130,88,107,116,19,14,70"/><T115/><D8/><U36/><E36/><V135/><F120/><W103/><G70/><T114/><D110/><U123/><E123/><V4/><F113/><W79/><G122/><T129/><D129/><U45/><E34/><V94/><F104/><W131/><G127/><T90/><D44/><U7/><E126/><V55/><F62/><W10/><G42/><T125/><D125/><U32/><E32/><V71/><F71/><W52/><G79/><T46/><D46/><U29/><E29/><V30/><F55/><W40/><G40/><T43/><D43/><U124/><E105/><V121/><F121/><W0/><G0/><T47/><D47/><U80/><E101/><N who="2" m="60567" /><F6/><W15/><G15/><T56/><D61/><U35/><E35/><V37/><F37/><W65/><G65/><T41/><D41/><U73/><E76/><V102/><F16/><W51/><G14/><T86/><D31/><U75/><E75/><V5/><F5/><W21/><G10/><T100/><D100/><AGARI ba="0,0" hai="1,4,11,26,30,33,100,102,133,134,135" m="60567" machi="100" ten="30,7700,0" yaku="20,1,52,3" doraHai="98" who="2" fromWho="0" sc="283,-77,198,0,250,77,269,0" /><INIT seed="5,0,0,3,4,56" ten="206,198,327,269" oya="1" hai0="37,99,40,53,92,130,90,97,76,103,34,112,2" hai1="117,71,89,14,18,72,20,101,124,33,100,29,45" hai2="83,84,91,65,108,105,98,79,133,44,85,121,115" hai3="49,27,110,48,51,6,86,80,59,46,70,60,36"/><U3/><E117/><V82/><F108/><W8/><G110/><T19/><D34/><U25/><E71/><V135/><F44/><W69/><G27/><T62/><D2/><U23/><E124/><V120/><F65/><W38/><G38/><T57/><D112/><U126/><E126/><V93/><F105/><W119/><G119/><T30/><D130/><U11/><E72/><V94/><F115/><W129/><G129/><T43/><D30/><U7/><E89/><V9/><F9/><W132/><G132/><T54/><D76/><U64/><E64/><V114/><F94/><W39/><G39/><T47/><D19/><U131/><E131/><V22/><F22/><W109/><G36/><T78/><D78/><U21/><E45/><V111/><F111/><W68/><G109/><T102/><D43/><U1/><E101/><N who="2" m="60623" /><F114/><W123/><G123/><AGARI ba="0,0" hai="79,82,83,84,85,91,120,121,123,133,135" m="60623" machi="123" ten="30,2000,0" yaku="34,2" doraHai="56" who="2" fromWho="3" sc="206,0,198,0,327,20,269,-20" /><INIT seed="6,0,0,4,5,94" ten="206,198,347,249" oya="2" hai0="124,27,106,87,36,18,37,45,60,0,17,52,125" hai1="70,29,16,21,63,22,53,32,88,90,66,126,67" hai2="79,11,112,30,83,101,44,103,134,10,54,98,129" hai3="2,78,19,91,133,86,77,41,65,115,28,39,3"/><V50/><F112/><W109/><G109/><T48/><D0/><U121/><E126/><N who="0" m="48745" /><D106/><U110/><E110/><V33/><F129/><W51/><G39/><N who="0" m="14923" /><D87/><U117/><E117/><V75/><F134/><W114/><G28/><T96/><D27/><N who="1" m="16623" /><E32/><V85/><F103/><W80/><G3/><T14/><D14/><U68/><E68/><V59/><F75/><W34/><G2/><T107/><D60/><U55/><E70/><V40/><F30/><W56/><G86/><T8/><D8/><U99/><E121/><V26/><F26/><W47/><G115/><T15/><D15/><N who="1" m="9503" /><E63/><V111/><F33/><W46/><G114/><T81/><D81/><U104/><E104/><V127/><F111/><W116/><G80/><T35/><D35/><U43/><E43/><V72/><F72/><W100/><G34/><T97/><D107/><U102/><E102/><V128/><F127/><W82/><G41/><T123/><D123/><U7/><E7/><V74/><F74/><W23/><G82/><T4/><D4/><U119/><E119/><V9/><F40/><W108/><G116/><T1/><D1/><U135/><E135/><V31/><F83/><W122/><G133/><T84/><D84/><U61/><E90/><V20/><F85/><W49/><G91/><T76/><D76/><U73/><E73/><V13/><F79/><W25/><G78/><T5/><D5/><U131/><E131/><V6/><F128/><W92/><G77/><T12/><D12/><U62/><E62/><V89/><F13/><W57/><G108/><T24/><D24/><U58/><E67/><RYUUKYOKU ba="0,0" sc="206,15,198,15,347,-15,249,-15" hai0="17,18,45,48,52,96,97" hai1="53,55,58,61,66,88,99" /><INIT seed="7,1,0,2,0,103" ten="221,213,332,234" oya="3" hai0="12,109,85,5,80,93,60,58,116,61,121,3,35" hai1="36,16,82,106,114,19,45,76,135,98,20,107,89" hai2="26,70,67,131,101,87,91,133,73,74,50,134,108" hai3="77,81,122,110,63,44,123,0,119,111,113,59,78"/><W120/><G0/><T40/><D109/><N who="3" m="41481" /><G119/><T46/><D116/><U42/><E135/><V68/><F67/><N who="3" m="39423" /><G81/><T11/><D35/><U25/><E114/><V105/><F74/><W128/><G113/><T83/><D121/><U99/><E19/><V18/><F73/><W54/><G128/><T8/><D93/><U55/><E55/><V92/><F70/><W69/><G69/><T48/><D83/><U132/><E132/><V102/><F68/><W17/><G17/><T94/><D94/><U64/><E64/><V22/><F131/><W53/><G54/><T7/><REACH who="0" step="1"/><D58/><REACH who="0" ten="211,213,332,234" step="2"/><U32/><E32/><V96/><F108/><W84/><G123/><T31/><D31/><U57/><E57/><V88/><F133/><W38/><G122/><T24/><D24/><U9/><E9/><V49/><F134/><W130/><G120/><T14/><D14/><U79/><E98/><V6/><F96/><W27/><G27/><T15/><D15/><U29/><E29/><V71/><F26/><W37/><G130/><T66/><D66/><U100/><REACH who="1" step="1"/><E107/><REACH who="1" ten="211,203,332,234" step="2"/><V47/><F105/><W34/><G34/><T104/><D104/><U28/><E28/><V129/><F71/><W30/><G30/><T33/><D33/><U65/><E65/><V13/><F129/><W52/><G44/><T115/><D115/><U62/><E62/><V43/><F47/><W51/><G53/><T23/><D23/><U117/><E117/><V39/><F22/><W21/><G21/><T10/><D10/><U1/><E1/><V124/><F18/><W72/><G52/><T2/><D2/><RYUUKYOKU ba="1,2" sc="211,15,203,15,332,-15,234,-15" hai0="3,5,7,8,11,12,40,46,48,60,61,80,85" hai1="16,20,25,36,42,45,76,79,82,89,99,100,106" owari="226,3.0,218,-28.0,337,43.0,219,-18.0" /></mjloggm>