<mjloggm ver="2.3"><GO type="41" lobby="0"/><UN n0="%E2%93%9D%53%75%70%68%78" n1="%73%2E%77%61%64%61" n2="%4B%61%6E%61%6B%6F%5F" n3="%E3%83%8B%E3%83%A3%E3%83%B3%E3%82%BF%E5%85%88%E7%94%9F" dan="18,13,15,15" rate="2086.79,1936.55,2056.14,1981.52" sx="M,M,M,M"/><TAIKYOKU oya="0"/><INIT seed="0,0,0,2,1,46" ten="250,250,250,250" oya="0" hai0="85,67,9,124,129,65,47,115,29,120,41,89,73" hai1="43,116,123,92,1,51,34,110,107,78,128,39,104" hai2="54,2,90,10,14,24,44,12,16,134,98,42,57" hai3="83,108,53,63,31,131,93,15,11,36,48,119,59"/><T135/><D115/><U49/><E116/><V13/><F134/><W125/><G119/><T105/><D120/><U35/><E123/><V26/><F2/><W130/><G36/><T82/><D105/><U32/><E1/><V66/><F66/><W70/><G108/><T30/><D129/><N who="3" m="49161" /><G31/><T28/><D124/><U109/><E128/><V3/><F3/><W7/><G125/><T69/><D73/><U56/><E78/><V20/><F90/><W33/><G33/><T58/><D69/><U55/><E39/><V94/><F24/><W22/><G93/><T37/><D135/><U23/><E23/><V117/><F117/><W126/><G126/><T87/><D9/><U40/><E40/><V21/><F21/><W17/><G83/><T97/><D97/><U95/><E43/><V133/><F133/><W113/><G113/><T60/><REACH who="0" step="1"/><D87/><REACH who="0" ten="240,250,250,250" step="2"/><U91/><E107/><V118/><F118/><W81/><G70/><T64/><AGARI ba="0,1" hai="28,29,30,37,41,47,58,60,64,65,67,82,85,89" machi="64" ten="30,6000,0" yaku="1,1,2,1,0,1,53,0" doraHai="46" doraHaiUra="122" who="0" fromWho="0" sc="240,70,250,-20,250,-20,250,-20" /><INIT seed="0,1,0,2,3,131" ten="310,230,230,230" oya="0" hai0="108,30,104,54,37,10,67,50,55,83,19,24,124" hai1="128,81,88,17,112,61,69,77,75,5,99,126,42" hai2="32,49,109,12,107,35,56,115,48,6,106,114,4" hai3="71,57,15,53,102,29,7,45,66,60,64,0,100"/><T91/><D104/><U70/><E128/><V18/><F12/><W130/><G0/><T90/><D37/><U36/><E126/><V72/><F56/><W105/><G130/><T34/><D124/><U95/><E112/><V116/><F18/><W89/><G29/><T132/><D67/><U46/><E61/><V119/><REACH who="2" step="1"/><F72/><REACH who="2" ten="310,230,220,230" step="2"/><W117/><G117/><T135/><D19/><U113/><E113/><V73/><F73/><W121/><G121/><T94/><D10/><U129/><E129/><V28/><F28/><W98/><G71/><T14/><D14/><U41/><E41/><V3/><F3/><W63/><G15/><T23/><D55/><U2/><REACH who="1" step="1"/><E17/><REACH who="1" ten="310,220,220,230" step="2"/><V16/><F16/><W58/><G7/><T8/><D8/><AGARI ba="1,2" hai="2,5,8,36,42,46,69,70,75,77,81,88,95,99" machi="8" ten="40,12000,2" yaku="1,1,2,1,25,2,54,1,53,1" doraHai="131" doraHaiUra="40" who="1" fromWho="0" sc="310,-123,220,143,220,0,230,0" /><INIT seed="1,0,0,5,4,75" ten="187,363,220,230" oya="1" hai0="83,17,74,34,129,92,70,62,44,13,120,114,33" hai1="24,110,3,46,10,50,67,128,117,26,119,135,72" hai2="64,4,100,29,81,132,118,21,55,113,134,32,127" hai3="51,123,82,103,11,43,97,68,116,109,112,94,58"/><U86/><E72/><V1/><F118/><W88/><G68/><T87/><D114/><U5/><E135/><V12/><F113/><W69/><G116/><T40/><D129/><U125/><E128/><V65/><F100/><W15/><G69/><T25/><D74/><U95/><E125/><V61/><F127/><W39/><G112/><T48/><D120/><U8/><E67/><V106/><F106/><W47/><G123/><T9/><D92/><U122/><E122/><V80/><F32/><W16/><G109/><T102/><D102/><U90/><E110/><V73/><F1/><W130/><G130/><T63/><D70/><U23/><E10/><V84/><F73/><W79/><G58/><T53/><D40/><U22/><E22/><V99/><F99/><W71/><G71/><T31/><REACH who="0" step="1"/><D34/><REACH who="0" ten="177,363,220,230" step="2"/><U60/><E119/><V0/><F132/><W66/><G103/><T45/><D45/><U49/><E117/><V2/><F134/><W89/><G89/><AGARI ba="0,1" hai="9,13,17,25,31,33,44,48,53,62,63,83,87,89" machi="89" ten="30,7700,0" yaku="1,1,7,1,25,2,53,0" doraHai="75" doraHaiUra="52" who="0" fromWho="3" sc="177,87,363,0,220,0,230,-77" /><INIT seed="2,0,0,5,2,86" ten="264,363,220,153" oya="2" hai0="3,57,43,47,16,70,84,61,12,98,124,101,68" hai1="91,66,135,116,72,67,88,18,69,103,6,7,39" hai2="1,112,41,52,121,117,4,74,49,82,131,32,19" hai3="107,133,78,14,129,96,40,75,62,71,51,13,85"/><V30/><F121/><W44/><G129/><T53/><D3/><U105/><E116/><V108/><F117/><W100/><G133/><T120/><D124/><U22/><E39/><V2/><F112/><W29/><G29/><T76/><D120/><U65/><E69/><V132/><F132/><W54/><G75/><T125/><D125/><U46/><E72/><V123/><F123/><W122/><G122/><T73/><D84/><U102/><E135/><V81/><F131/><W63/><G71/><T10/><D76/><U55/><E105/><V9/><F1/><W8/><G13/><T119/><D73/><U20/><E55/><V83/><F74/><W23/><G23/><N who="1" m="8746" /><E46/><V64/><F19/><W36/><G85/><T28/><D28/><U127/><E18/><V37/><F64/><N who="1" m="16385" /><U50/><DORA hai="5" /><E50/><V97/><F37/><W111/><G78/><T118/><D118/><U113/><E113/><V31/><F41/><W110/><G110/><T95/><REACH who="0" step="1"/><D119/><REACH who="0" ten="254,363,220,153" step="2"/><U34/><E127/><V48/><F31/><W128/><G128/><T38/><AGARI ba="0,1" hai="10,12,16,38,43,47,53,57,61,68,70,95,98,101" machi="38" ten="20,12000,2" yaku="1,1,2,1,0,1,7,1,52,1,54,1,53,0" doraHai="86,5" doraHaiUra="79,104" who="0" fromWho="0" sc="254,130,363,-30,220,-60,153,-30" /><INIT seed="3,0,0,0,5,13" ten="384,333,160,123" oya="3" hai0="74,24,19,128,15,91,35,63,55,107,23,86,67" hai1="112,25,58,51,70,18,117,22,29,1,98,30,68" hai2="71,84,131,65,33,50,129,10,99,14,79,20,41" hai3="40,17,4,95,72,49,3,104,134,93,8,78,52"/><W45/><G104/><T88/><D74/><U0/><E112/><V125/><F33/><W54/><G134/><T81/><D128/><U27/><E117/><V11/><F125/><W5/><G5/><T113/><D107/><U57/><E98/><V76/><F20/><W114/><G114/><T34/><D113/><U108/><E108/><V59/><F71/><W106/><G106/><T60/><D91/><U102/><E102/><V61/><F99/><W89/><G95/><T105/><D105/><U56/><E51/><V44/><F10/><W110/><G110/><T47/><D63/><U37/><E37/><V103/><F103/><W75/><G75/><T77/><D77/><U9/><E9/><V96/><F96/><W69/><G69/><T21/><D55/><U109/><E109/><V130/><REACH who="2" step="1"/><F84/><REACH who="2" ten="384,333,150,123" step="2"/><W32/><G32/><T119/><D35/><U38/><E70/><V122/><F122/><W97/><G72/><T16/><D34/><U127/><E68/><V123/><F123/><W124/><G124/><T101/><D101/><U31/><E127/><V94/><F94/><W46/><G78/><T53/><D119/><U82/><E82/><V121/><F121/><W133/><G133/><T90/><D90/><U64/><E64/><V120/><F120/><W87/><G87/><T43/><D67/><U36/><REACH who="1" step="1"/><E27/><REACH who="1" ten="384,323,150,123" step="2"/><V83/><F83/><W85/><G97/><T26/><D26/><U39/><AGARI ba="0,2" hai="0,1,18,22,25,29,30,31,36,38,39,56,57,58" machi="39" ten="40,12000,2" yaku="1,1,2,1,0,1,29,2,52,1,53,0" doraHai="13" doraHaiUra="100" who="1" fromWho="1" sc="384,-30,323,140,150,-30,123,-60" /><INIT seed="4,0,0,0,4,76" ten="354,463,120,63" oya="0" hai0="84,85,45,126,59,69,31,2,55,82,49,13,112" hai1="7,135,44,93,131,109,127,117,33,83,89,104,73" hai2="61,11,41,80,113,60,78,107,88,16,120,99,115" hai3="100,57,48,108,3,37,70,47,8,20,23,42,36"/><T91/><D112/><N who="2" m="43082" /><F120/><W96/><G70/><T94/><D126/><U65/><E109/><V0/><F41/><W17/><G108/><T18/><D69/><U24/><E117/><V29/><F29/><W66/><G3/><T21/><D2/><U114/><E114/><V58/><F0/><W46/><G8/><T122/><D122/><U134/><E104/><V105/><F60/><W62/><G47/><T15/><D31/><U63/><E127/><V71/><F71/><W74/><G74/><T50/><D15/><U133/><E131/><V25/><F99/><W98/><G98/><T39/><D39/><U30/><E7/><V132/><F132/><W75/><G75/><T119/><D119/><U124/><E124/><V51/><F51/><W1/><G1/><T72/><D72/><U97/><E44/><V77/><F105/><W32/><G32/><T27/><D27/><U106/><E106/><V56/><F56/><W6/><G6/><T53/><D85/><U22/><E33/><V38/><F38/><W19/><G37/><T26/><REACH who="0" step="1"/><D26/><REACH who="0" ten="344,463,120,63" step="2"/><U111/><E111/><V129/><F25/><W34/><G36/><T5/><D5/><U121/><E121/><V43/><F129/><W87/><G87/><T118/><D118/><U95/><E73/><V68/><F68/><W54/><G34/><T86/><D86/><N who="1" m="50399" /><E97/><V81/><F16/><N who="3" m="6219" /><G42/><T92/><AGARI ba="0,1" hai="13,18,21,45,49,50,53,55,59,82,84,91,92,94" machi="92" ten="30,11700,0" yaku="1,1,0,1,8,1,52,1,53,0" doraHai="76" doraHaiUra="128" who="0" fromWho="0" sc="344,127,463,-39,120,-39,63,-39" /><INIT seed="4,1,0,3,3,11" ten="471,424,81,24" oya="0" hai0="60,117,50,39,3,94,72,70,57,56,113,135,99" hai1="43,83,25,84,101,95,34,41,38,76,40,2,54" hai2="20,31,65,74,129,100,128,131,64,109,16,133,51" hai3="27,111,91,21,15,75,118,121,104,26,80,120,35"/><T126/><D117/><U45/><E2/><V67/><F109/><W124/><G104/><T103/><D39/><U22/><E34/><V97/><F74/><W77/><G118/><T9/><D126/><U105/><E105/><V123/><F123/><N who="3" m="47179" /><G111/><T5/><D135/><U12/><E12/><N who="2" m="9223" /><F133/><W122/><N who="3" m="47187" /><W69/><DORA hai="19" /><G69/><T89/><D113/><U125/><E125/><V1/><F1/><W127/><G35/><T58/><D72/><U42/><E54/><V102/><F31/><N who="3" m="17871" /><G27/><T10/><D10/><U115/><E115/><V59/><F97/><W37/><G37/><T85/><D70/><U49/><E38/><V71/><F71/><W61/><G61/><T119/><D119/><U116/><E116/><V134/><F134/><W13/><G91/><T68/><D68/><U93/><REACH who="1" step="1"/><E101/><REACH who="1" ten="471,414,81,24" step="2"/><V4/><F100/><W28/><G127/><T17/><D103/><U18/><AGARI ba="1,1" hai="18,22,25,40,41,42,43,45,49,76,83,84,93,95" machi="18" ten="30,12000,2" yaku="1,1,2,1,0,1,8,1,52,1,53,1" doraHai="11,19" doraHaiUra="130,78" who="1" fromWho="1" sc="471,-61,414,133,81,-31,24,-31" owari="410,21.0,547,65.0,50,-35.0,-7,-51.0" /></mjloggm>