<mjloggm ver="2.3"><GO type="41" lobby="0"/><UN n0="%48%79" n1="%E6%AC%A1%E9%8B%92%E3%83%AC%E3%82%AA%E3%83%91%E3%83%AB%E3%83%89%E3%83%B3" n2="%E2%93%9D%53%75%70%68%78" n3="%E3%81%9D%E3%83%BC%E3%81%99%E3%81%9D%E3%83%BC%E3%81%99" dan="15,14,18,15" rate="1996.75,2025.93,2100.01,2084.89" sx="M,M,M,M"/><TAIKYOKU oya="0"/><INIT seed="0,0,0,3,3,53" ten="250,250,250,250" oya="0" hai0="52,21,14,64,110,111,13,88,33,26,59,125,100" hai1="22,48,128,71,120,2,0,8,121,133,32,108,46" hai2="62,93,91,119,74,99,55,105,49,12,96,68,78" hai3="98,24,38,29,114,79,106,69,15,70,107,19,58"/><T80/><D125/><U16/><E71/><V94/><F105/><W102/><G38/><T81/><D33/><U116/><E116/><V4/><F119/><W85/><G107/><T30/><D100/><U47/><E32/><V84/><F74/><W42/><G42/><T131/><D64/><U41/><E108/><N who="0" m="41513" /><D131/><U109/><E109/><V89/><F62/><W115/><G70/><T126/><D126/><U127/><E127/><V90/><F68/><W28/><G28/><T82/><D88/><N who="2" m="33866" /><F78/><W10/><G69/><T122/><D122/><U73/><E73/><V129/><F94/><W67/><G79/><T72/><D72/><U6/><E128/><V95/><F95/><W97/><G85/><T76/><D76/><U101/><E101/><V104/><F104/><W103/><G98/><T25/><D25/><U51/><E0/><V5/><F129/><W130/><G130/><T17/><D30/><U7/><E7/><N who="2" m="2635" /><F12/><W39/><G102/><T34/><D34/><U44/><E41/><V75/><F75/><W87/><G87/><T86/><D86/><U27/><E121/><V9/><F9/><W45/><G97/><T35/><D35/><U11/><E11/><V36/><F36/><W65/><G103/><T37/><D37/><U63/><E120/><V18/><F18/><W50/><G39/><T118/><D118/><U1/><E1/><V20/><F20/><N who="3" m="15495" /><G106/><T31/><D31/><U43/><E8/><V3/><F3/><W61/><G67/><T77/><D77/><U83/><E2/><V92/><F92/><W112/><G112/><T113/><D113/><RYUUKYOKU ba="0,0" sc="250,10,250,-30,250,10,250,10" hai0="13,14,17,21,26,52,59,80,81,82" hai2="49,55,84,90,93,96,99" hai3="10,15,19,45,50,58,61,65,114,115" /><INIT seed="0,1,0,2,0,104" ten="260,220,260,260" oya="0" hai0="64,111,102,120,52,106,48,81,85,109,88,71,63" hai1="50,36,5,62,42,72,125,73,130,46,37,0,2" hai2="133,75,32,114,17,116,90,66,132,121,9,24,128" hai3="100,49,94,33,16,18,29,115,65,41,39,34,96"/><T123/><D102/><U8/><E125/><V78/><F121/><W107/><G115/><T89/><D89/><U25/><E130/><V58/><F114/><W47/><G65/><T76/><D106/><U26/><E62/><V59/><F128/><W21/><G18/><T91/><D91/><U70/><E70/><V79/><F116/><W13/><G29/><T68/><D68/><U51/><E51/><V124/><F124/><W93/><REACH who="3" step="1"/><G39/><REACH who="3" ten="260,220,260,250" step="2"/><T112/><D112/><U22/><E0/><V77/><F17/><W54/><G54/><T134/><D134/><U23/><E37/><V117/><F133/><W113/><G113/><T14/><D14/><U40/><E36/><V110/><F66/><W20/><G20/><T10/><D10/><U119/><E40/><V118/><F9/><W19/><G19/><T98/><D123/><U126/><E126/><V74/><F132/><W87/><G87/><T61/><D120/><U95/><E119/><V92/><F118/><W1/><G1/><T97/><D64/><U60/><E23/><V86/><F117/><W131/><G131/><T99/><D71/><U67/><E22/><V69/><F69/><W129/><G129/><T135/><D135/><U3/><E2/><V31/><REACH who="2" step="1"/><F110/><REACH who="2" ten="260,220,250,250" step="2"/><N who="0" m="41994" /><D76/><U127/><E127/><V43/><F43/><W12/><G12/><T83/><D83/><U84/><E67/><V35/><F35/><AGARI ba="1,2" hai="13,16,21,33,34,35,41,47,49,93,94,96,100,107" machi="35" ten="40,2600,0" yaku="1,1,54,1,53,0" doraHai="104" doraHaiUra="53" who="3" fromWho="2" sc="260,0,220,0,250,-29,250,49" /><INIT seed="1,0,0,2,0,54" ten="260,220,221,299" oya="1" hai0="43,8,66,101,47,59,56,50,80,85,133,130,3" hai1="74,48,112,82,15,21,34,25,107,36,106,116,44" hai2="64,0,26,132,14,88,68,79,23,30,32,61,111" hai3="16,89,55,62,53,11,123,67,98,84,13,86,33"/><U38/><E112/><V35/><F0/><W95/><G123/><T10/><D133/><U77/><E116/><V93/><F132/><W41/><G41/><T7/><D130/><U1/><E1/><V113/><F111/><W87/><REACH who="3" step="1"/><G33/><REACH who="3" ten="260,220,221,289" step="2"/><T94/><D66/><U91/><E34/><V70/><F35/><W114/><G114/><T102/><D8/><U29/><E36/><V69/><F113/><W37/><G37/><T71/><D71/><AGARI ba="0,1" hai="11,13,16,53,55,62,67,71,84,86,87,89,95,98" machi="71" ten="40,5200,0" yaku="1,1,54,1,53,1" doraHai="54" doraHaiUra="92" who="3" fromWho="0" sc="260,-52,220,0,221,0,289,62" /><INIT seed="2,0,0,5,4,32" ten="208,220,221,351" oya="2" hai0="25,126,120,130,30,33,119,45,114,49,112,93,99" hai1="96,50,68,51,13,19,16,102,70,47,62,37,78" hai2="103,55,34,4,132,75,95,71,108,38,123,56,73" hai3="63,24,117,105,127,26,76,5,77,134,22,131,58"/><V44/><F123/><W15/><G105/><T36/><D120/><U111/><E111/><V83/><F71/><W6/><G117/><T65/><D119/><U82/><E37/><V125/><F34/><W35/><G35/><T122/><D122/><U104/><E62/><V1/><F132/><W21/><G127/><T79/><D126/><U18/><E13/><V106/><F106/><W92/><G92/><T121/><D121/><U80/><E51/><V3/><F4/><W0/><G0/><N who="2" m="73" /><F83/><W23/><G131/><T27/><D36/><U118/><E82/><V98/><F125/><W31/><G134/><T59/><D130/><U113/><E113/><V69/><F69/><W84/><G84/><T43/><D79/><N who="3" m="30281" /><G15/><T28/><D25/><N who="3" m="9833" /><G31/><T86/><D30/><U97/><E97/><V128/><F128/><W17/><G17/><T124/><D86/><U66/><E66/><AGARI ba="0,0" hai="5,6,21,22,23,58,63,66" m="9833,30281" machi="66" ten="30,1000,0" yaku="8,1" doraHai="32" who="3" fromWho="1" sc="208,0,220,-10,221,0,351,10" /><INIT seed="3,0,0,3,3,84" ten="208,210,221,361" oya="3" hai0="91,86,40,81,61,74,68,31,124,24,46,128,130" hai1="48,60,118,56,77,14,95,75,69,58,25,101,6" hai2="106,44,15,11,117,0,4,59,116,22,119,23,103" hai3="57,45,9,87,93,65,107,28,30,34,29,108,97"/><W21/><G34/><T96/><D124/><U134/><E134/><V7/><F44/><W72/><G72/><T50/><D74/><U10/><E118/><V111/><F59/><W105/><G87/><T71/><D96/><U115/><E115/><V41/><F41/><W99/><G99/><T110/><D110/><U113/><E113/><V1/><F103/><W66/><G9/><T114/><D114/><U125/><E125/><V80/><F80/><W20/><G45/><T53/><D40/><U8/><E69/><V79/><F79/><W76/><G76/><T5/><D5/><N who="2" m="2122" /><F106/><W70/><G70/><T51/><D51/><U104/><E104/><V55/><F55/><W98/><G108/><T73/><D73/><U67/><E77/><V16/><F111/><W19/><G29/><T49/><D49/><U27/><E8/><V13/><F13/><W17/><G57/><T32/><REACH who="0" step="1"/><D61/><REACH who="0" ten="198,210,221,361" step="2"/><N who="1" m="38311" /><E75/><V129/><F129/><AGARI ba="0,1" hai="24,31,32,46,50,53,68,71,81,86,91,128,129,130" machi="129" ten="40,12000,2" yaku="1,1,19,1,52,1,53,3" doraHai="84" doraHaiUra="126" who="0" fromWho="2" sc="198,130,210,0,221,-120,361,0" /><INIT seed="4,0,0,3,2,55" ten="328,210,101,361" oya="0" hai0="3,89,25,18,49,102,32,101,6,19,108,125,123" hai1="71,131,11,122,130,28,109,95,8,77,135,41,103" hai2="83,97,42,12,16,37,47,21,76,40,86,121,117" hai3="106,45,134,36,105,110,133,5,17,58,74,88,29"/><T10/><D123/><U22/><E122/><V27/><F121/><W104/><G29/><T119/><D119/><U124/><E71/><V73/><F117/><W113/><G74/><T118/><D118/><U69/><E69/><V78/><F42/><N who="3" m="22727" /><G5/><T64/><D125/><U75/><E109/><V92/><F73/><W9/><G9/><T79/><D108/><U98/><E124/><V115/><F115/><W57/><G110/><T70/><D79/><U99/><E135/><N who="3" m="51722" /><G113/><T2/><D2/><U60/><E41/><V1/><F1/><W23/><G88/><T126/><D126/><U85/><E75/><V54/><F78/><W72/><G72/><T62/><D89/><U128/><E99/><V100/><REACH who="2" step="1"/><F54/><REACH who="2" ten="328,210,91,361" step="2"/><W20/><G20/><T44/><D3/><U66/><E77/><V24/><AGARI ba="0,1" hai="12,16,21,24,27,37,40,47,76,83,86,92,97,100" machi="24" ten="30,8000,1" yaku="1,1,2,1,0,1,54,1,53,1" doraHai="55" doraHaiUra="94" who="2" fromWho="2" sc="328,-40,210,-20,91,90,361,-20" /><INIT seed="5,0,0,0,3,92" ten="288,190,181,341" oya="1" hai0="45,9,5,103,68,52,122,33,75,49,95,47,19" hai1="56,25,74,37,91,11,71,79,69,10,43,111,13" hai2="7,22,72,127,126,48,102,89,124,130,29,40,46" hai3="107,84,58,30,15,105,60,97,118,80,116,113,27"/><U115/><E115/><V129/><F72/><W70/><G70/><T104/><D75/><U16/><E111/><V57/><F7/><W82/><G15/><T34/><D104/><N who="3" m="40009" /><G97/><T119/><D119/><N who="3" m="45609" /><G84/><T36/><D68/><U134/><E134/><V114/><F102/><W135/><G113/><T8/><D122/><U32/><E10/><V65/><F89/><W64/><G135/><T96/><D19/><U42/><E91/><V53/><F114/><W2/><G2/><T59/><D9/><U83/><E56/><V109/><F109/><W93/><G93/><T66/><D66/><U121/><E121/><V125/><N who="2" m="32512" /><DORA hai="112" /><V131/><F65/><W123/><G123/><T99/><D99/><U41/><REACH who="1" step="1"/><E37/><REACH who="1" ten="288,180,181,341" step="2"/><V61/><F131/><W4/><G4/><T108/><D108/><U77/><E77/><V81/><F130/><W21/><AGARI ba="0,1" hai="21,27,30,58,60,64,80,82" m="45609,40009" machi="21" ten="30,7900,0" yaku="12,1,52,3" doraHai="92,112" who="3" fromWho="3" sc="288,-20,180,-39,181,-20,341,89" /><INIT seed="6,0,0,0,1,10" ten="268,141,161,430" oya="2" hai0="69,133,23,3,24,50,16,103,121,19,70,91,39" hai1="98,8,86,114,122,34,77,75,66,53,119,57,44" hai2="131,14,123,64,124,87,74,37,21,79,67,107,40" hai3="84,36,31,110,81,48,15,97,109,18,9,28,51"/><V85/><F123/><W95/><G36/><T58/><D121/><U99/><E122/><V82/><F107/><W29/><G109/><T96/><D39/><U115/><E119/><V41/><F131/><W134/><G134/><T6/><D91/><U11/><E34/><V93/><F74/><W32/><G32/><T108/><D108/><U104/><E75/><V59/><F124/><W2/><G2/><T0/><D133/><U38/><E66/><N who="2" m="25131" /><F59/><W4/><G4/><T55/><D19/><U127/><E127/><V116/><F37/><W111/><G110/><T56/><D56/><U43/><E104/><V22/><F116/><W20/><G20/><N who="2" m="7785" /><F14/><W45/><G45/><T83/><D0/><U89/><E77/><V60/><F60/><W90/><G111/><T112/><D58/><U73/><E73/><V49/><F49/><W88/><AGARI ba="0,0" hai="9,15,18,28,29,31,48,51,81,84,88,90,95,97" machi="88" ten="30,7900,0" yaku="0,1,8,1,52,1,54,1" doraHai="10" who="3" fromWho="3" sc="268,-20,141,-20,161,-39,430,79" /><INIT seed="7,0,0,5,2,23" ten="248,121,122,509" oya="3" hai0="112,85,82,62,1,89,90,73,111,76,125,87,100" hai1="3,11,109,37,115,0,74,101,8,97,92,59,129" hai2="108,131,132,47,22,29,41,44,6,53,94,130,119" hai3="45,27,2,77,68,26,79,86,133,113,35,61,17"/><W34/><G45/><T14/><D1/><U60/><E109/><V9/><F108/><W104/><G61/><T75/><D125/><U10/><E37/><V126/><F119/><W96/><G17/><T63/><D112/><U117/><E74/><V118/><F118/><W107/><G86/><T99/><D14/><U70/><E117/><V50/><F132/><W21/><G21/><T51/><D51/><U134/><E70/><V42/><F94/><W31/><G2/><T81/><D111/><U95/><E115/><V12/><F126/><W66/><G66/><T40/><D40/><U69/><E69/><V67/><F67/><W4/><G4/><T105/><D73/><U39/><E39/><V49/><F53/><W25/><G68/><T28/><D28/><U32/><E32/><V5/><F5/><W57/><G25/><AGARI ba="0,0" hai="6,9,12,22,25,29,41,42,44,47,49,50,130,131" machi="25" ten="40,2600,0" yaku="9,1,52,1" doraHai="23" who="2" fromWho="3" sc="248,0,121,0,122,26,509,-26" owari="248,5.0,121,-38.0,148,-25.0,483,58.0" /></mjloggm>