<mjloggm ver="2.3"><GO type="41" lobby="0"/><UN n0="%48%65%72%6F" n1="%65%6B%61%72%75%74%65" n2="%52%79%75%30%38%31%32" n3="%E2%93%9D%53%75%70%68%78" dan="15,15,13,18" rate="2082.27,2013.05,1912.42,2089.08" sx="F,M,M,M"/><TAIKYOKU oya="0"/><INIT seed="0,0,0,3,3,94" ten="250,250,250,250" oya="0" hai0="22,86,108,112,120,32,90,103,9,93,99,74,107" hai1="118,41,69,52,100,119,5,113,111,124,102,42,23" hai2="64,46,44,126,65,71,16,50,121,132,110,87,28" hai3="13,77,48,83,60,20,98,92,43,135,25,53,134"/><T56/><D112/><U109/><E69/><V128/><F121/><W17/><G43/><N who="1" m="16394" /><E113/><V67/><F71/><W130/><G130/><T29/><D120/><U82/><E5/><V81/><F128/><W62/><G135/><T68/><D68/><U37/><E37/><V1/><F110/><N who="1" m="41993" /><E23/><V55/><F1/><W15/><G134/><T85/><D108/><U26/><E26/><V8/><F28/><W72/><G15/><T58/><D32/><U57/><E82/><V33/><F33/><W6/><G6/><T91/><D74/><U80/><E80/><V88/><F132/><W97/><G25/><N who="0" m="16567" /><D107/><U12/><E12/><N who="2" m="7175" /><F126/><W95/><G95/><N who="0" m="58879" /><D9/><U40/><N who="1" m="16402" /><U125/><DORA hai="123" /><E102/><V35/><F35/><W127/><G127/><N who="1" m="48714" /><E100/><V129/><F129/><W133/><G133/><T78/><D78/><U47/><E47/><AGARI ba="0,0" hai="44,46,47,50,55,64,65,67,81,87,88" m="7175" machi="47" ten="30,7700,0" yaku="25,1,8,1,54,2" doraHai="94,123" who="2" fromWho="1" sc="250,0,250,-77,250,77,250,0" /><INIT seed="1,0,0,0,0,32" ten="250,173,327,250" oya="1" hai0="80,96,12,132,5,35,78,79,22,54,65,3,33" hai1="53,129,126,99,49,26,42,43,62,9,16,87,117" hai2="40,6,81,19,51,133,39,109,30,29,84,119,122" hai3="50,15,4,94,115,92,103,72,118,125,83,107,48"/><U86/><E117/><V28/><F122/><W121/><G121/><T0/><D65/><U34/><E126/><V63/><F39/><W82/><G107/><T73/><D132/><U25/><E129/><V45/><F133/><W10/><G115/><T41/><D41/><U124/><E124/><V8/><F109/><W90/><G72/><T60/><D78/><U68/><E99/><V17/><F63/><W102/><G125/><T97/><D33/><U120/><E120/><V67/><F67/><W88/><G118/><T95/><D35/><U106/><E106/><V74/><F74/><W44/><G50/><T27/><D96/><U85/><E68/><V7/><F7/><W91/><G94/><T23/><D60/><U77/><E77/><V47/><F47/><W134/><G134/><T76/><D54/><U116/><E116/><V112/><F112/><W13/><G13/><T113/><D76/><U36/><E62/><V69/><F69/><W128/><G128/><T89/><D113/><U31/><E36/><V127/><F127/><W98/><REACH who="3" step="1"/><G103/><REACH who="3" ten="250,173,327,240" step="2"/><T57/><D73/><U61/><E61/><V104/><F104/><W110/><G110/><T105/><D105/><U70/><E70/><V56/><F119/><W114/><G114/><T11/><D80/><U21/><REACH who="1" step="1"/><E9/><REACH who="1" ten="250,163,327,240" step="2"/><V59/><F8/><W58/><G58/><AGARI ba="0,2" hai="16,21,25,26,31,34,42,43,49,53,58,85,86,87" machi="58" ten="40,7700,0" yaku="1,1,2,1,54,1,53,0" doraHai="32" doraHaiUra="111" who="1" fromWho="3" sc="250,0,163,97,327,0,240,-77" /><INIT seed="1,1,0,1,1,127" ten="250,260,327,163" oya="1" hai0="94,33,13,67,132,55,114,121,46,82,28,52,18" hai1="100,1,97,108,128,102,79,69,19,89,68,84,75" hai2="12,43,58,117,120,87,7,47,91,25,34,112,126" hai3="15,66,99,76,10,74,98,88,35,85,17,101,6"/><U113/><E113/><V65/><F117/><W59/><G35/><T130/><D114/><U5/><E1/><V26/><F120/><W103/><G74/><T20/><D121/><U81/><E5/><V23/><F34/><W124/><G76/><T116/><D116/><U4/><E4/><V38/><F126/><W123/><G123/><T8/><D132/><U41/><E41/><V27/><F112/><W83/><G124/><T135/><D135/><U51/><E51/><V29/><F65/><W115/><G115/><T119/><D119/><U64/><E100/><N who="3" m="38474" /><G6/><T86/><D33/><U134/><E64/><V107/><F58/><W80/><G80/><T21/><D67/><U105/><E134/><V133/><F107/><W16/><G17/><T63/><D28/><U42/><E42/><V61/><F61/><AGARI ba="1,0" hai="10,15,16,59,61,66,83,85,88,98,99" m="38474" machi="61" ten="30,3900,0" yaku="8,1,54,2" doraHai="127" who="3" fromWho="2" sc="250,0,260,0,327,-42,163,42" /><INIT seed="2,0,0,2,5,123" ten="250,260,285,205" oya="2" hai0="45,41,15,84,12,52,72,28,107,67,30,122,27" hai1="81,79,101,77,118,69,39,61,34,99,26,131,111" hai2="94,4,31,2,25,76,20,62,14,42,64,0,102" hai3="134,119,80,117,19,46,18,13,24,110,127,90,89"/><V92/><F76/><W6/><G134/><T125/><D122/><U60/><E39/><V108/><F42/><W121/><G121/><T35/><D72/><U70/><E118/><V7/><F0/><W130/><G130/><T65/><D107/><U55/><E131/><V11/><F2/><W49/><G127/><T96/><D125/><U38/><E38/><V109/><F4/><W114/><G114/><T21/><D96/><U120/><E77/><V128/><F128/><W59/><G59/><T112/><D112/><U37/><E37/><V98/><REACH who="2" step="1"/><F92/><REACH who="2" ten="250,260,275,205" step="2"/><W126/><G126/><T78/><D41/><U91/><E79/><V113/><F113/><W103/><G119/><T29/><D78/><U16/><E120/><V124/><F124/><W93/><G93/><T22/><D35/><U116/><E34/><V56/><AGARI ba="0,1" hai="7,11,14,20,25,31,56,62,64,94,98,102,108,109" machi="56" ten="30,18000,2" yaku="1,1,0,1,25,2,52,2,53,1" doraHai="123" doraHaiUra="23" who="2" fromWho="2" sc="250,-60,260,-60,275,190,205,-60" /><INIT seed="2,1,0,1,5,122" ten="190,200,465,145" oya="2" hai0="40,125,37,61,50,115,101,92,9,18,25,51,134" hai1="35,109,133,6,22,79,52,19,0,62,49,129,23" hai2="4,116,45,27,104,95,97,124,103,68,7,100,91" hai3="47,131,108,93,48,56,73,17,118,84,110,89,3"/><V64/><F116/><W128/><G3/><T78/><D115/><U65/><E35/><V88/><F124/><W5/><G5/><T72/><D125/><U1/><E6/><V43/><F64/><W13/><G73/><T112/><D112/><U55/><E79/><V59/><F68/><W67/><G118/><T36/><D61/><U63/><E19/><V21/><F59/><W42/><G56/><T10/><D134/><U31/><E31/><V96/><F4/><W54/><G42/><T58/><D72/><U53/><E129/><N who="3" m="49738" /><G67/><T16/><D78/><U120/><E65/><V26/><F7/><W114/><G114/><T126/><D126/><U41/><E120/><V80/><F80/><W76/><G76/><T135/><D58/><U74/><E74/><V57/><F57/><W60/><G60/><T69/><D40/><U94/><E55/><V111/><F26/><W30/><G30/><T127/><D25/><U123/><E41/><V11/><F11/><AGARI ba="1,0" hai="11,13,17,47,48,54,84,89,93,108,110" m="49738" machi="11" ten="30,3900,0" yaku="19,1,52,2" doraHai="122" who="3" fromWho="2" sc="190,0,200,0,465,-42,145,42" /><INIT seed="3,0,0,4,1,27" ten="190,200,423,187" oya="3" hai0="101,88,122,98,80,85,134,63,47,8,106,58,90" hai1="128,78,59,6,19,48,1,65,43,70,130,99,2" hai2="126,131,69,127,67,83,3,84,38,33,125,121,37" hai3="24,17,21,107,35,57,102,117,40,129,34,114,105"/><W73/><G114/><T94/><D134/><U113/><E113/><V5/><F33/><W89/><G117/><T13/><D122/><U41/><E78/><V30/><F121/><W49/><G73/><T77/><D106/><U119/><E19/><V25/><F131/><W64/><G129/><N who="1" m="49770" /><E6/><V18/><F18/><W20/><G102/><T104/><D47/><U46/><E99/><V7/><F67/><W26/><G40/><T132/><D132/><U50/><E2/><V45/><F45/><W112/><G112/><T4/><REACH who="0" step="1"/><D104/><REACH who="0" ten="180,200,423,187" step="2"/><U74/><E46/><V76/><F3/><W39/><G107/><T79/><D79/><U91/><E43/><V103/><F69/><W36/><G105/><T11/><D11/><U71/><E1/><V95/><F95/><W116/><G116/><T75/><D75/><U56/><E74/><V109/><F109/><W52/><G39/><T15/><D15/><U12/><E12/><V100/><F37/><W42/><G42/><T124/><D124/><U22/><E71/><V87/><F38/><W115/><G115/><T31/><D31/><U51/><E70/><V86/><F5/><W120/><G36/><T32/><D32/><U9/><E9/><V81/><F7/><W29/><G120/><T92/><D92/><U61/><E41/><V60/><F30/><W53/><G35/><T16/><D16/><U72/><E72/><V10/><F10/><W135/><G34/><T44/><D44/><U0/><E119/><V108/><F126/><W66/><G135/><T110/><D110/><U82/><E0/><V23/><F125/><RYUUKYOKU ba="0,1" sc="180,30,200,-10,423,-10,187,-10" hai0="4,8,13,58,63,77,80,85,88,90,94,98,101" /><INIT seed="4,1,1,1,0,63" ten="210,190,413,177" oya="0" hai0="21,7,47,49,68,38,71,5,28,124,131,45,98" hai1="99,3,83,54,59,101,96,108,12,29,87,15,130" hai2="10,22,77,40,103,81,95,31,84,114,57,112,16" hai3="37,113,61,48,123,90,72,56,65,94,120,82,75"/><T26/><D131/><U2/><E108/><V132/><F132/><W53/><G37/><T34/><D124/><U18/><E130/><V85/><F40/><W19/><G113/><N who="2" m="43625" /><F10/><W97/><G19/><T64/><D38/><U105/><E29/><V33/><F31/><W118/><G118/><T8/><D34/><U43/><E96/><N who="2" m="59807" /><F57/><W17/><G17/><T88/><D5/><U91/><E43/><V116/><F33/><W46/><REACH who="3" step="1"/><G82/><REACH who="3" ten="210,190,413,167" step="2"/><T133/><D28/><U102/><E83/><V30/><F116/><W67/><G67/><T4/><D64/><U128/><E18/><V89/><F30/><W69/><G69/><T14/><D68/><U42/><E128/><V23/><F16/><W73/><AGARI ba="1,2" hai="46,48,53,56,61,65,72,73,75,90,94,97,120,123" machi="73" ten="40,5200,0" yaku="1,1,0,1,52,1,53,0" doraHai="63" doraHaiUra="20" who="3" fromWho="3" sc="210,-27,190,-14,413,-14,167,75" /><INIT seed="5,0,0,5,1,73" ten="183,176,399,242" oya="1" hai0="70,110,25,22,75,15,116,103,46,58,53,31,89" hai1="39,76,123,67,56,90,97,122,100,19,87,12,61" hai2="105,20,0,69,107,50,119,127,35,81,52,134,1" hai3="92,131,43,129,118,101,106,111,99,78,34,83,121"/><U3/><E3/><V113/><F69/><W29/><G43/><T128/><D110/><U24/><E39/><V10/><F35/><W37/><G37/><T77/><D116/><U74/><E24/><V63/><F119/><W109/><G29/><T26/><D70/><U125/><E125/><V95/><F127/><W132/><G34/><T42/><D128/><N who="3" m="49225" /><G118/><T36/><D103/><U2/><E2/><V33/><F33/><W64/><G64/><T30/><D15/><U40/><E40/><V27/><F63/><W32/><G32/><T86/><D25/><U112/><E112/><V28/><F10/><W54/><G54/><T71/><D30/><U91/><E91/><V80/><F113/><W4/><G4/><T93/><D71/><U133/><E133/><V72/><F28/><W49/><G49/><T108/><D108/><N who="3" m="41545" /><G121/><T65/><D65/><U5/><E5/><V84/><F52/><W104/><G132/><T88/><D53/><U55/><E55/><V79/><F134/><W98/><G98/><T17/><D31/><U48/><E48/><V130/><F50/><W45/><G45/><T126/><D126/><U23/><E97/><V115/><F130/><W120/><G120/><T6/><D6/><U96/><E96/><V14/><F27/><W59/><G59/><T85/><D58/><U102/><E123/><V60/><F0/><W82/><G78/><T68/><D77/><U94/><REACH who="1" step="1"/><E122/><REACH who="1" ten="183,166,399,242" step="2"/><V135/><F1/><W13/><G13/><T47/><D47/><U114/><E114/><V117/><F115/><W16/><G16/><T57/><D17/><RYUUKYOKU ba="0,1" sc="183,-15,166,15,399,-15,242,15" hai1="12,19,23,56,61,67,74,76,87,90,94,100,102" hai3="82,83,92,99,101,104,106" /><INIT seed="5,1,1,2,5,68" ten="168,181,384,257" oya="1" hai0="34,62,44,86,125,54,36,53,92,47,30,77,93" hai1="61,71,32,7,94,45,65,29,73,8,41,57,0" hai2="74,118,52,10,20,110,26,82,126,107,35,66,135" hai3="112,109,90,31,37,70,91,25,28,130,76,59,21"/><U99/><E73/><V88/><F110/><W5/><G109/><T132/><D125/><U102/><E32/><V106/><F35/><W101/><G70/><T67/><D132/><U12/><E29/><V131/><F118/><W95/><G37/><T122/><D122/><U50/><E71/><V40/><F66/><W24/><G130/><T49/><D34/><U11/><E11/><V97/><F126/><W127/><G112/><T60/><D30/><U15/><AGARI ba="1,1" hai="0,7,8,12,15,41,45,50,57,61,65,94,99,102" machi="15" ten="30,1500,0" yaku="0,1" doraHai="68" who="1" fromWho="1" sc="168,-6,181,28,384,-6,257,-6" /><INIT seed="5,2,0,4,1,97" ten="162,209,378,251" oya="1" hai0="22,58,40,24,82,124,65,9,83,134,45,21,63" hai1="14,75,61,126,132,95,102,105,135,107,8,77,16" hai2="94,39,80,52,98,130,89,85,34,13,104,35,106" hai3="108,26,27,84,88,62,23,4,5,74,15,70,31"/><U69/><E126/><V93/><F39/><W110/><G74/><T17/><D124/><U81/><E69/><V86/><F130/><W41/><G41/><T64/><D134/><N who="1" m="51243" /><E61/><V76/><F34/><W120/><G120/><T90/><D64/><U32/><E32/><V92/><F35/><W117/><G117/><T72/><D72/><U36/><E36/><V67/><F67/><W10/><G27/><T129/><D129/><U6/><E6/><V127/><F127/><W113/><G113/><T19/><D9/><U1/><E1/><V118/><F118/><W121/><G121/><T96/><D90/><U103/><E95/><N who="2" m="36427" /><F52/><W125/><G125/><T60/><D60/><U51/><E51/><V59/><F13/><W42/><G42/><T46/><D96/><U29/><E29/><V116/><F59/><W33/><G5/><T131/><D131/><U123/><E123/><V38/><F38/><W78/><G33/><T99/><D99/><U79/><E77/><V87/><F116/><W122/><G78/><T66/><D66/><U48/><E48/><V43/><F43/><W44/><G122/><T57/><D40/><U54/><E54/><V55/><F55/><W47/><G70/><T53/><D57/><U68/><E68/><V100/><F104/><AGARI ba="2,0" hai="8,14,16,75,79,81,102,103,104,105,107" m="51243" machi="104" ten="30,11600,0" yaku="20,1,52,2,54,1" doraHai="97" who="1" fromWho="2" sc="162,0,209,122,378,-122,251,0" /><INIT seed="5,3,0,3,4,122" ten="162,331,256,251" oya="1" hai0="132,50,22,124,129,26,16,84,58,107,14,114,118" hai1="93,3,99,7,115,17,127,105,78,0,6,113,48" hai2="87,96,35,92,68,80,104,119,57,55,42,125,28" hai3="31,117,32,27,90,39,2,23,72,24,111,101,134"/><U79/><E105/><V95/><F119/><W76/><G39/><T91/><D118/><U74/><E127/><V47/><F68/><W29/><G117/><T75/><D124/><U89/><E17/><V64/><F125/><W45/><G2/><N who="1" m="554" /><E48/><V34/><F64/><W82/><G134/><T106/><D132/><U83/><E79/><V81/><F104/><W123/><G101/><T56/><D129/><U54/><E54/><V38/><F34/><W112/><G112/><AGARI ba="3,0" hai="6,7,74,78,83,89,93,99,112,113,115" m="554" machi="112" ten="30,1500,0" yaku="15,1" doraHai="122" who="1" fromWho="3" sc="162,0,331,24,256,0,251,-24" /><INIT seed="5,4,0,2,5,14" ten="162,355,256,227" oya="1" hai0="26,128,114,94,25,102,5,116,8,93,63,15,60" hai1="79,78,111,42,86,57,70,130,80,52,38,62,66" hai2="20,50,113,30,22,107,96,37,0,98,39,72,129" hai3="115,11,85,109,9,117,55,1,68,2,105,27,82"/><U4/><E130/><V64/><F0/><W73/><G109/><T88/><D116/><U135/><E135/><V121/><F121/><W47/><G105/><T122/><D122/><U99/><E111/><V48/><F64/><W83/><G68/><T95/><D128/><U118/><E118/><V58/><F107/><W90/><G115/><T106/><D114/><U77/><E4/><V21/><F113/><W123/><G27/><N who="0" m="10251" /><D102/><U132/><E132/><V29/><F72/><W133/><G123/><T56/><D106/><U46/><REACH who="1" step="1"/><E99/><REACH who="1" ten="162,345,256,227" step="2"/><N who="2" m="37931" /><F129/><W76/><G133/><T74/><D74/><U10/><E10/><V124/><F124/><W13/><G11/><T51/><D88/><U67/><E67/><V84/><F29/><W71/><G117/><T69/><D69/><U119/><E119/><V24/><F30/><W35/><G71/><T40/><D56/><U16/><E16/><V127/><F127/><W3/><G73/><T45/><AGARI ba="4,1" hai="5,8,15,40,45,51,60,63,93,94,95" m="10251" machi="45" ten="30,1100,0" yaku="8,1" doraHai="14" who="0" fromWho="0" sc="162,33,345,-9,256,-7,227,-7" /><INIT seed="6,0,0,2,1,131" ten="195,336,249,220" oya="2" hai0="72,47,43,54,63,130,90,100,7,10,94,106,135" hai1="118,45,107,99,18,115,114,29,95,6,123,77,68" hai2="0,25,70,92,97,53,116,40,42,91,2,37,105" hai3="33,23,24,113,46,30,65,1,71,76,89,128,87"/><V124/><F116/><W59/><G128/><T19/><D130/><U61/><E107/><V93/><F70/><W108/><G108/><T4/><D72/><U13/><E6/><V11/><F105/><W32/><G71/><T117/><D117/><U83/><E29/><V84/><F124/><W101/><G1/><T22/><D106/><U9/><E45/><V52/><F0/><W26/><G76/><T62/><D100/><U69/><E118/><V20/><F11/><W15/><G101/><T98/><D135/><U133/><E123/><V132/><F132/><W64/><G113/><N who="1" m="43018" /><E61/><V60/><F2/><W35/><G46/><T122/><D122/><U78/><E78/><V12/><F12/><W14/><G26/><N who="0" m="14687" /><D62/><U34/><E34/><V127/><F127/><W80/><REACH who="3" step="1"/><G59/><REACH who="3" ten="195,336,249,210" step="2"/><N who="0" m="35319" /><D10/><U17/><E68/><V96/><F37/><AGARI ba="0,1" hai="4,7,37,43,47,90,94,98" m="35319,14687" machi="37" ten="30,1000,0" yaku="25,1" doraHai="131" who="0" fromWho="2" sc="195,20,336,0,249,-10,210,0" /><INIT seed="7,0,0,3,5,10" ten="215,336,239,210" oya="3" hai0="126,102,114,101,13,42,24,41,45,95,100,97,0" hai1="121,127,75,37,14,109,132,85,17,1,82,16,80" hai2="12,32,7,129,33,40,117,65,9,15,103,79,67" hai3="76,81,96,4,124,48,8,18,87,78,134,62,57"/><W11/><G124/><T26/><D126/><U53/><E1/><V119/><F40/><N who="0" m="15466" /><D0/><U73/><E37/><V130/><F79/><W77/><G134/><T22/><D45/><U58/><E121/><V51/><F103/><N who="0" m="39498" /><D114/><U86/><E109/><V92/><F51/><W56/><G96/><T108/><D108/><U6/><E75/><V2/><F92/><W5/><G18/><AGARI ba="0,0" hai="13,18,22,24,26,95,97,102" m="39498,15466" machi="18" ten="30,2000,0" yaku="8,1,52,1" doraHai="10" who="0" fromWho="3" sc="215,20,336,0,239,0,210,-20" owari="235,-16.0,336,43.0,239,4.0,190,-31.0" /></mjloggm>