<mjloggm ver="2.3"><GO type="41" lobby="0"/><UN n0="%E2%93%9D%53%75%70%68%78" n1="%E3%83%8E%E3%82%AA%E3%83%81%E3%83%A3%E3%83%99%E3%82%B9" n2="%E3%81%BE%E3%81%93%E3%81%9F%E3%82%8D%E3%81%99" n3="%74%6F%6D%75%74%6F%6D%69" dan="18,14,15,15" rate="2109.92,1997.43,1985.79,2021.26" sx="M,M,M,M"/><TAIKYOKU oya="0"/><INIT seed="0,0,0,3,2,121" ten="250,250,250,250" oya="0" hai0="20,24,32,60,2,77,115,125,81,22,57,29,71" hai1="106,73,120,1,69,126,5,38,70,28,124,95,89" hai2="134,118,17,46,82,132,114,11,40,61,79,85,45" hai3="10,44,111,54,110,43,48,90,68,109,7,18,56"/><T9/><D115/><U78/><E120/><V39/><F114/><W100/><G68/><T97/><D125/><U96/><E28/><V127/><F118/><W101/><G18/><T88/><D71/><U49/><E49/><V122/><F122/><W52/><G90/><T119/><D119/><U8/><E70/><V59/><F127/><W107/><G107/><T30/><D2/><U103/><E69/><V92/><F45/><W91/><G91/><T12/><D30/><U4/><E4/><V0/><F92/><W19/><G19/><T58/><D58/><U74/><E74/><V66/><F17/><W123/><G123/><T16/><D97/><U64/><E64/><V131/><F131/><W15/><G54/><T3/><D3/><U36/><E126/><V102/><F102/><W6/><G6/><T63/><D88/><U104/><E104/><V117/><F117/><W112/><G112/><T37/><D37/><AGARI ba="0,0" hai="7,10,15,37,43,44,48,52,56,100,101,109,110,111" machi="37" ten="40,8000,1" yaku="14,1,52,3,54,1" doraHai="121" who="3" fromWho="0" sc="250,-80,250,0,250,0,250,80" /><INIT seed="1,0,0,5,5,72" ten="170,250,250,330" oya="1" hai0="121,69,30,35,109,58,131,113,44,16,120,129,88" hai1="18,92,28,116,36,94,126,25,62,84,102,0,22" hai2="82,81,70,87,3,73,96,14,42,2,135,130,46" hai3="31,37,105,66,110,134,86,33,80,53,95,100,7"/><U103/><E116/><V47/><F70/><W67/><G37/><T17/><D69/><U51/><E36/><V48/><F135/><W99/><G134/><T13/><D44/><U45/><E0/><V65/><F130/><N who="0" m="49674" /><D58/><U108/><E62/><V27/><F65/><W11/><G110/><T5/><D88/><U78/><E126/><V32/><F96/><W20/><G33/><T101/><D101/><U114/><E114/><V89/><F46/><W6/><G53/><T97/><D97/><U61/><E61/><V132/><F14/><N who="3" m="5495" /><G7/><T128/><D128/><U29/><E108/><V24/><F132/><W68/><G105/><T104/><D104/><U10/><E10/><V123/><F123/><N who="0" m="47178" /><D109/><U1/><E1/><V49/><F49/><W9/><G9/><N who="0" m="4271" /><D113/><U50/><E50/><V57/><F57/><W124/><G124/><T77/><D77/><U85/><E85/><V19/><F73/><W98/><G98/><T55/><D55/><U118/><E118/><V60/><F60/><W12/><G68/><T56/><D56/><U93/><E103/><V133/><F133/><W4/><G86/><T40/><D40/><N who="1" m="24999" /><E102/><V90/><F87/><W111/><G100/><T38/><D38/><U26/><E84/><V34/><F48/><W107/><G107/><T71/><D71/><U43/><E43/><V41/><F47/><W119/><G119/><T127/><D127/><U54/><E54/><V59/><F59/><W39/><G39/><T91/><D91/><U122/><E122/><V74/><F74/><W112/><G112/><T76/><D76/><U79/><E29/><RYUUKYOKU ba="0,0" sc="170,10,250,10,250,10,330,-30" hai0="16,17,30,35" hai1="18,22,25,26,28,78,79,92,93,94" hai2="2,3,19,24,27,32,34,41,42,81,82,89,90" /><INIT seed="1,1,0,2,4,130" ten="180,260,260,300" oya="1" hai0="39,54,112,52,51,99,87,44,21,98,135,11,107" hai1="20,84,45,77,129,8,4,35,111,49,58,80,82" hai2="100,24,31,104,10,121,1,43,102,47,69,26,42" hai3="89,25,68,18,91,96,94,38,103,12,115,61,53"/><U74/><E35/><V50/><F69/><W23/><G38/><T46/><D112/><U134/><E129/><V131/><F131/><W76/><G76/><T73/><D73/><U90/><E20/><V81/><F121/><W113/><G12/><T92/><D107/><U16/><E58/><V133/><F42/><W108/><G108/><T62/><D11/><U56/><E56/><V117/><F117/><W71/><G68/><T72/><D72/><U93/><E111/><V75/><F104/><W15/><G15/><T3/><D3/><U70/><E70/><V125/><F125/><W55/><G55/><T48/><D39/><U28/><E28/><V114/><F114/><N who="3" m="43531" /><G53/><T118/><D118/><U67/><E67/><V124/><F124/><W32/><G32/><T116/><D116/><U13/><E134/><V34/><F133/><W66/><G103/><T59/><D135/><U6/><REACH who="1" step="1"/><E93/><REACH who="1" ten="180,250,260,300" step="2"/><V119/><F119/><W126/><G126/><T30/><D30/><U41/><AGARI ba="1,1" hai="4,6,8,13,16,41,45,49,74,77,80,82,84,90" machi="41" ten="20,12000,1" yaku="1,1,2,1,0,1,7,1,54,1,53,0" doraHai="130" doraHaiUra="101" who="1" fromWho="1" sc="180,-41,250,133,260,-41,300,-41" /><INIT seed="1,2,0,0,2,70" ten="139,383,219,259" oya="1" hai0="25,12,99,132,33,39,15,17,85,0,52,124,128" hai1="95,113,9,36,94,131,45,87,62,53,76,115,121" hai2="123,51,11,28,78,23,63,16,20,8,127,77,120" hai3="109,96,101,117,111,60,37,69,89,97,19,108,80"/><U48/><E121/><V27/><F127/><W56/><G69/><T92/><D0/><U18/><E131/><V82/><F77/><W3/><G3/><T135/><D85/><U44/><E62/><V83/><F83/><W100/><G19/><T106/><D106/><U88/><E76/><V74/><F63/><W93/><G37/><T4/><D128/><U79/><E79/><V71/><F71/><W104/><G56/><T40/><D4/><U65/><E65/><V90/><F90/><W38/><G38/><T14/><D124/><U122/><E122/><V86/><F74/><W91/><G60/><T75/><D75/><U29/><E29/><V24/><F8/><W21/><G21/><T43/><D52/><U98/><E9/><V66/><F66/><W32/><G32/><T58/><D58/><U103/><REACH who="1" step="1"/><E18/><REACH who="1" ten="139,373,219,259" step="2"/><V50/><F120/><W6/><G6/><T64/><D64/><U134/><E134/><V126/><F123/><W13/><G13/><T68/><D68/><U133/><E133/><V84/><F126/><W57/><G117/><T46/><D135/><U30/><E30/><V72/><F11/><W81/><G57/><T59/><D132/><U112/><E112/><V102/><F28/><W26/><G26/><T2/><D59/><U118/><E118/><V67/><F27/><W54/><G54/><T130/><D130/><U47/><E47/><V10/><F24/><W107/><G89/><N who="0" m="55695" /><D17/><U7/><E7/><V116/><F16/><W55/><G55/><T42/><D2/><U119/><E119/><V129/><F116/><W41/><G41/><AGARI ba="2,1" hai="36,41,44,45,48,53,87,88,94,95,98,103,113,115" machi="41" ten="40,12000,1" yaku="1,1,6,1,52,1,54,1,53,0" doraHai="70" doraHaiUra="22" who="1" fromWho="3" sc="139,0,373,136,219,0,259,-126" /><INIT seed="1,3,0,2,0,22" ten="139,509,219,133" oya="1" hai0="13,44,78,129,67,53,35,73,41,116,66,57,9" hai1="4,16,3,130,93,123,17,21,126,103,32,63,8" hai2="114,88,46,61,101,55,10,76,106,48,99,120,1" hai3="115,87,127,52,98,23,104,34,50,75,92,81,108"/><U25/><E123/><V71/><F120/><W12/><G115/><T90/><D35/><U33/><E126/><V100/><F114/><W83/><G34/><T40/><D116/><U132/><E130/><V7/><F76/><W15/><G108/><T59/><D73/><U79/><E132/><V131/><F131/><W31/><G127/><T47/><D90/><U0/><E0/><V135/><F135/><W70/><G70/><T72/><D13/><U94/><E79/><V128/><F128/><W125/><G125/><T133/><D9/><U36/><E36/><V109/><F109/><W58/><G104/><T65/><D78/><U43/><E43/><N who="0" m="16457" /><D72/><U112/><E112/><V122/><F122/><W82/><G87/><T60/><D133/><U39/><E39/><V42/><F100/><W29/><G75/><T97/><D97/><U85/><E63/><V45/><F71/><W27/><REACH who="3" step="1"/><G31/><REACH who="3" ten="139,509,219,123" step="2"/><T86/><D86/><U18/><E33/><V113/><F113/><W110/><G110/><T51/><D129/><U68/><E68/><V54/><F106/><W102/><AGARI ba="3,1" hai="12,15,23,27,29,50,52,58,81,82,83,92,98,102" machi="102" ten="30,12000,2" yaku="1,1,0,1,8,1,52,1,54,1,53,1" doraHai="22" doraHaiUra="24" who="3" fromWho="3" sc="139,-33,509,-63,219,-33,123,139" /><INIT seed="2,0,0,1,0,81" ten="106,446,186,262" oya="2" hai0="104,128,87,115,119,58,102,89,38,24,55,47,82" hai1="7,13,62,107,78,64,54,42,122,110,29,97,83" hai2="74,105,126,79,44,76,57,28,125,17,123,26,72" hai3="39,4,94,0,6,36,68,41,134,30,91,135,25"/><V23/><F105/><W37/><G68/><T85/><D115/><U130/><E110/><V112/><F112/><W121/><G41/><T35/><D128/><U45/><E130/><V86/><F123/><W124/><G121/><T92/><D119/><U12/><E29/><V131/><F131/><W132/><G124/><N who="2" m="47721" /><F44/><W70/><G70/><T90/><D35/><U59/><E122/><V118/><F118/><W27/><G0/><T2/><D2/><U8/><E13/><N who="2" m="9647" /><F57/><W100/><G100/><T73/><D73/><N who="2" m="28266" /><F86/><N who="3" m="52599" /><G25/><T88/><D24/><U56/><E107/><V111/><F111/><W14/><G14/><T95/><D104/><U46/><E97/><V101/><F101/><W5/><G27/><T51/><D102/><U93/><E42/><V120/><F120/><W80/><G80/><T9/><D38/><U67/><E93/><V96/><F96/><W21/><G21/><AGARI ba="0,0" hai="21,26,28,76,79" m="28266,9647,47721" machi="21" ten="30,1500,0" yaku="18,1" doraHai="81" who="2" fromWho="3" sc="106,0,446,0,186,15,262,-15" /><INIT seed="2,1,0,4,4,39" ten="106,446,201,247" oya="2" hai0="70,46,31,50,91,21,96,22,20,108,97,28,120" hai1="35,131,49,119,127,5,99,128,115,98,32,59,90" hai2="118,16,101,126,58,102,34,124,67,48,61,23,83" hai3="100,25,105,88,68,81,26,74,110,41,133,77,53"/><V117/><F34/><W69/><G110/><T12/><D70/><U40/><E5/><V43/><F83/><W106/><G133/><T11/><D120/><U6/><E6/><V80/><F80/><W8/><G8/><T107/><D108/><U71/><E71/><V64/><F102/><W33/><G53/><T135/><D135/><U29/><E115/><V75/><F101/><W60/><G88/><T10/><D107/><U78/><E78/><V85/><F85/><W94/><G94/><T82/><D11/><U111/><E111/><V37/><F75/><W89/><G89/><T123/><D123/><U122/><E119/><V38/><F67/><W93/><G93/><T116/><D116/><N who="2" m="44650" /><F16/><W132/><G132/><T0/><D0/><U55/><E122/><V113/><F23/><W51/><G100/><T84/><D31/><U45/><E90/><V109/><F109/><W104/><G33/><N who="1" m="12874" /><E29/><V3/><F3/><W114/><G114/><T47/><D28/><U24/><E24/><V27/><F27/><W129/><G26/><T36/><D36/><N who="2" m="13930" /><F113/><W42/><G25/><T15/><D15/><U95/><E95/><V86/><F86/><W2/><G2/><T66/><D66/><U112/><E112/><V9/><F9/><W7/><G7/><T17/><REACH who="0" step="1"/><D47/><AGARI ba="1,0" hai="43,47,48,58,61,64,124,126" m="13930,44650" machi="47" ten="40,7700,0" yaku="34,2,52,1" doraHai="39" who="2" fromWho="0" sc="106,-80,446,0,201,80,247,0" /><INIT seed="2,2,0,3,2,94" ten="26,446,281,247" oya="2" hai0="78,15,114,131,32,59,113,25,57,60,108,10,38" hai1="71,116,120,124,80,67,16,4,50,43,58,112,69" hai2="132,46,17,1,53,88,63,101,85,127,103,89,79" hai3="82,134,130,109,66,98,119,118,45,5,65,40,100"/><V76/><F1/><W128/><G109/><T135/><D108/><U13/><E4/><V105/><F132/><W110/><G110/><T90/><D38/><U96/><E112/><V84/><F127/><W74/><G134/><T49/><D135/><U31/><E31/><V48/><F63/><W75/><G5/><T99/><D131/><N who="3" m="50217" /><G66/><T95/><D78/><U97/><E116/><N who="3" m="44586" /><G65/><T115/><D49/><U21/><E124/><V33/><F33/><W52/><G82/><T86/><D60/><N who="1" m="38295" /><E69/><V39/><F39/><N who="3" m="21663" /><G52/><T56/><D32/><U28/><E71/><V44/><F44/><W47/><G47/><T87/><REACH who="0" step="1"/><D25/><REACH who="0" ten="16,446,281,247" step="2"/><N who="1" m="16431" /><E120/><V104/><F48/><W122/><G122/><T2/><D2/><U3/><E3/><V68/><F68/><W6/><G6/><AGARI ba="2,1" hai="6,10,15,56,57,59,86,87,90,95,99,113,114,115" machi="6" ten="50,3200,0" yaku="1,1,52,1,53,0" doraHai="94" doraHaiUra="30" who="0" fromWho="3" sc="16,48,446,0,281,0,247,-38" /><INIT seed="3,0,0,0,0,102" ten="64,446,281,209" oya="3" hai0="93,41,101,110,108,107,120,39,36,17,98,40,4" hai1="94,19,97,135,85,100,129,30,92,53,59,32,128" hai2="3,65,15,126,91,29,73,112,13,71,23,18,50" hai3="123,122,80,22,132,104,70,42,124,84,103,134,64"/><W130/><G42/><N who="0" m="16491" /><D17/><U109/><E109/><N who="0" m="42089" /><D4/><U48/><E135/><N who="3" m="51754" /><G22/><T74/><D74/><U95/><E30/><V45/><F29/><W67/><G124/><T116/><D120/><N who="3" m="46121" /><G130/><N who="1" m="50282" /><E32/><V96/><F3/><W38/><G38/><N who="0" m="14379" /><D116/><U117/><E117/><V51/><F73/><W76/><G70/><T133/><D133/><U46/><E19/><V60/><F71/><W119/><G119/><T20/><D20/><U34/><E34/><V27/><F23/><W113/><G113/><T24/><D24/><U26/><E26/><V12/><F27/><W25/><G25/><T89/><D89/><N who="1" m="53295" /><E46/><V62/><F112/><W105/><G103/><T44/><D44/><U37/><E37/><V5/><F45/><W57/><G67/><T31/><D31/><U90/><E90/><V131/><F65/><W88/><G76/><T58/><D58/><U2/><E2/><V47/><F131/><W11/><G11/><T114/><D114/><U56/><E59/><V7/><F47/><W61/><AGARI ba="0,0" hai="57,61,64,80,84,88,104,105" m="46121,51754" machi="61" ten="40,12000,1" yaku="20,1,52,2,54,1" doraHai="102" who="3" fromWho="3" sc="64,-40,446,-40,281,-40,209,120" /><INIT seed="3,1,0,0,3,52" ten="24,406,241,329" oya="3" hai0="11,20,50,100,44,95,73,96,77,46,115,48,33" hai1="72,118,111,83,122,51,76,114,101,42,0,135,121" hai2="81,97,86,43,132,28,133,10,131,108,29,9,74" hai3="15,37,103,67,92,75,61,6,57,41,47,93,84"/><W24/><G75/><T91/><D33/><U63/><E0/><V117/><F117/><W13/><G24/><T14/><D115/><U104/><E114/><V87/><F74/><W119/><G119/><T18/><D73/><U53/><E118/><V68/><F68/><W88/><REACH who="3" step="1"/><G6/><REACH who="3" ten="24,406,241,319" step="2"/><T3/><D77/><U102/><E121/><V82/><F131/><W34/><G34/><T107/><D46/><U23/><E122/><V19/><F108/><W17/><G17/><T27/><D44/><U8/><E111/><V35/><F19/><W16/><G16/><T49/><D3/><U65/><E135/><V116/><F35/><W60/><G60/><T94/><REACH who="0" step="1"/><D91/><REACH who="0" ten="14,406,241,319" step="2"/><U55/><E72/><V45/><F116/><W70/><G70/><T21/><D21/><U66/><E23/><V12/><F45/><W58/><G58/><T2/><D2/><U7/><E76/><V128/><F128/><W69/><G69/><T22/><D22/><U56/><E56/><V125/><F9/><W25/><G25/><T54/><D54/><U39/><E55/><V40/><F10/><W78/><G78/><T62/><D62/><U59/><E59/><V71/><F71/><W126/><G126/><T5/><AGARI ba="1,2" hai="5,11,14,18,20,27,48,49,50,94,95,96,100,107" machi="5" ten="30,7900,0" yaku="1,1,0,1,53,2" doraHai="52" doraHaiUra="90" who="0" fromWho="0" sc="14,102,406,-21,241,-21,319,-40" /><INIT seed="4,0,0,4,0,53" ten="116,385,220,279" oya="0" hai0="71,123,124,117,1,98,10,119,49,134,129,20,12" hai1="103,63,47,24,18,94,92,5,29,46,100,132,101" hai2="89,15,96,77,26,106,30,8,73,67,84,99,33" hai3="72,87,82,58,2,35,60,28,115,78,3,128,61"/><T52/><D123/><U56/><E5/><V57/><F106/><W83/><G115/><T88/><D71/><U39/><E18/><V31/><F73/><W19/><G128/><T54/><D129/><U118/><E132/><V48/><F77/><W14/><G61/><T45/><D134/><U121/><E118/><V105/><F105/><W85/><G72/><T127/><D20/><U23/><E121/><V40/><F30/><W6/><G6/><N who="0" m="3159" /><D54/><U122/><E122/><V4/><F40/><W135/><G28/><T64/><D64/><N who="1" m="39015" /><E39/><V7/><F7/><W86/><G35/><T131/><D131/><U108/><E108/><V22/><F33/><W107/><G107/><T69/><D69/><U125/><E125/><N who="0" m="48201" /><D1/><U120/><E120/><V0/><F0/><W114/><G114/><T16/><D16/><U37/><E37/><V111/><F111/><W17/><G17/><T38/><D38/><U43/><E43/><V81/><F67/><W32/><G32/><T90/><D98/><U13/><E13/><V66/><F66/><W36/><G36/><T102/><D102/><U68/><E68/><V27/><F27/><W41/><G41/><T76/><D76/><U44/><AGARI ba="0,0" hai="23,24,29,44,46,47,92,94,100,101,103" m="39015" machi="44" ten="30,2000,0" yaku="8,1,52,1" doraHai="53" who="1" fromWho="1" sc="116,-10,385,20,220,-5,279,-5" /><INIT seed="5,0,0,4,0,34" ten="106,405,215,274" oya="1" hai0="37,24,42,67,0,61,62,7,65,55,75,83,59" hai1="15,120,113,115,20,126,84,38,82,107,13,125,87" hai2="98,80,60,116,69,27,19,58,135,48,46,112,124" hai3="49,102,130,39,131,36,106,53,127,11,51,17,97"/><U110/><E38/><V123/><F116/><W45/><G127/><N who="1" m="48650" /><E107/><V72/><F124/><W57/><G17/><T22/><D42/><U64/><E64/><V76/><F69/><W121/><G11/><T88/><D37/><U132/><E120/><V68/><F68/><W92/><G121/><T14/><D14/><N who="1" m="5131" /><E20/><V70/><F70/><W43/><G106/><T114/><D114/><N who="1" m="43531" /><E82/><V79/><F112/><W10/><G10/><T133/><D67/><U23/><E23/><V1/><F123/><W77/><G77/><T134/><D65/><U6/><E6/><V33/><F79/><W117/><G117/><T5/><D5/><U4/><E4/><V108/><F33/><W16/><G16/><T90/><D83/><U44/><E44/><V47/><F47/><W101/><G101/><T93/><D7/><U2/><E132/><V78/><F135/><W71/><G71/><T12/><D134/><U91/><E91/><V111/><F78/><W18/><G18/><T86/><D90/><U52/><E52/><V85/><F76/><W119/><G119/><T26/><D133/><U35/><E35/><V21/><F80/><W73/><G39/><T89/><D12/><U118/><E118/><V54/><F54/><W41/><G36/><T109/><D55/><U81/><E110/><V94/><F108/><W129/><G41/><T31/><D109/><U32/><E81/><V28/><F111/><W30/><G43/><T96/><D22/><U40/><E40/><V50/><F21/><W74/><G53/><T122/><D122/><U128/><E32/><V103/><F46/><RYUUKYOKU ba="0,0" sc="106,0,405,0,215,0,274,0" /><INIT seed="6,1,0,2,0,49" ten="106,405,215,274" oya="2" hai0="41,97,115,21,118,9,75,106,129,100,8,96,55" hai1="47,123,85,124,131,134,44,71,119,86,15,135,23" hai2="59,69,61,18,79,36,7,113,62,90,19,80,33" hai3="108,92,57,95,102,27,105,40,76,125,64,34,91"/><V120/><F36/><W103/><G108/><T101/><D115/><U13/><E71/><V67/><F33/><W130/><G130/><T30/><D129/><U35/><E131/><V122/><F113/><W98/><G125/><T45/><D75/><U117/><E23/><V46/><F7/><W68/><G40/><T65/><D65/><U126/><REACH who="1" step="1"/><E35/><REACH who="1" ten="106,395,215,274" step="2"/><V48/><F122/><AGARI ba="1,1" hai="13,15,44,47,85,86,117,119,122,123,124,126,134,135" machi="122" ten="25,6400,0" yaku="1,1,2,1,22,2,53,0" doraHai="49" doraHaiUra="58" who="1" fromWho="2" sc="106,0,395,77,215,-67,274,0" /><INIT seed="7,0,0,5,1,1" ten="106,472,148,274" oya="3" hai0="135,133,47,69,33,121,39,34,109,8,94,6,97" hai1="9,11,40,92,93,2,4,36,130,10,125,37,106" hai2="126,90,60,30,128,56,13,32,12,52,26,38,83" hai3="101,134,87,131,71,99,77,110,70,67,80,105,19"/><W53/><G134/><T31/><D69/><U61/><E106/><V132/><F38/><W124/><G124/><T111/><D94/><U27/><E125/><V59/><F126/><W14/><G131/><T22/><D97/><U79/><E130/><V15/><F128/><W104/><G104/><T62/><D62/><U129/><E129/><V85/><F132/><N who="0" m="50762" /><D47/><U18/><E79/><V116/><F116/><W73/><G67/><T84/><D84/><U63/><E40/><V75/><F75/><W46/><G110/><N who="0" m="41995" /><D39/><U43/><E11/><V74/><F74/><W45/><G45/><T17/><D31/><U117/><E27/><V118/><F118/><W108/><G108/><T23/><D121/><U25/><E25/><V57/><AGARI ba="0,0" hai="12,13,15,26,30,32,52,56,57,59,60,83,85,90" machi="57" ten="30,2000,0" yaku="0,1,54,1" doraHai="1" who="2" fromWho="2" sc="106,-5,472,-5,148,20,274,-10" owari="101,-40.0,467,57.0,168,-23.0,264,6.0" /></mjloggm>