<mjloggm ver="2.3"><GO type="41" lobby="0"/><UN n0="%E7%9B%B8%E8%91%89%E3%81%82%E3%82%84%E3%81%BF" n1="%E6%BC%86%E9%BB%92%EF%BC%B3%65%6E%73%65" n2="%E2%93%9D%53%75%70%68%78" n3="%E5%8C%97%E5%AE%B6%E7%A5%9E%E6%8B%B3%E4%BC%9D%E6%89%BF%E8%80%85" dan="13,14,18,13" rate="1902.17,1948.51,2057.91,1862.51" sx="M,M,M,M"/><TAIKYOKU oya="0"/><INIT seed="0,0,0,5,4,75" ten="250,250,250,250" oya="0" hai0="0,133,127,20,113,8,65,3,109,31,2,17,105" hai1="74,83,38,78,118,60,21,46,132,14,108,102,103" hai2="43,57,69,124,33,84,135,117,36,25,112,134,59" hai3="26,80,49,70,41,119,85,90,71,86,40,24,9"/><T30/><D105/><U125/><E118/><V94/><F112/><W39/><G39/><T37/><D37/><U129/><E132/><N who="2" m="50731" /><F69/><W101/><G119/><T61/><D133/><U66/><E129/><V110/><F110/><W34/><G101/><T79/><D113/><U115/><E125/><V97/><F84/><W116/><G116/><T126/><D8/><U93/><E108/><V114/><F124/><N who="0" m="47658" /><D79/><U23/><E115/><V19/><F114/><W55/><G9/><T121/><D109/><U95/><E38/><V42/><F117/><W87/><G90/><T88/><D88/><U96/><E46/><N who="2" m="23879" /><F43/><W1/><G1/><T131/><D131/><U5/><E103/><N who="2" m="60855" /><F19/><W22/><G34/><T111/><D111/><U58/><REACH who="1" step="1"/><E95/><REACH who="1" ten="250,240,250,250" step="2"/><V4/><F4/><W63/><G80/><T7/><D7/><U11/><AGARI ba="0,1" hai="5,11,14,21,23,58,60,66,74,78,83,93,96,102" machi="11" ten="30,7900,0" yaku="1,1,2,1,0,1,52,1,53,0" doraHai="75" doraHaiUra="68" who="1" fromWho="1" sc="250,-39,240,89,250,-20,250,-20" /><INIT seed="1,0,0,3,2,43" ten="211,329,230,230" oya="1" hai0="128,75,106,9,4,94,118,37,54,0,63,133,44" hai1="6,113,119,131,99,73,22,16,102,114,34,108,100" hai2="64,67,77,47,36,103,20,93,129,33,8,84,18" hai3="40,7,101,91,31,70,17,14,104,59,107,130,60"/><U92/><E119/><V109/><F33/><W1/><G130/><T87/><D118/><U66/><E34/><V15/><F109/><W82/><G70/><T83/><D128/><U5/><E131/><V95/><F129/><W25/><G40/><T86/><D133/><U89/><E73/><V125/><F125/><W72/><G101/><T115/><D115/><U69/><E113/><V71/><F71/><W79/><G91/><T39/><D106/><U56/><E69/><V24/><F36/><W90/><G90/><T30/><D75/><U68/><E68/><V112/><F112/><W85/><G72/><T135/><D135/><U32/><E32/><V78/><F47/><W52/><G1/><T46/><D30/><U29/><E29/><V134/><F134/><W121/><G7/><N who="1" m="2570" /><E108/><V48/><F48/><W110/><G110/><T123/><D123/><U105/><E105/><V88/><F67/><W12/><G12/><T122/><D122/><U51/><E114/><V2/><F64/><W76/><G76/><T124/><D0/><U23/><E23/><V111/><F2/><W38/><G38/><T98/><D39/><U62/><E51/><V49/><F49/><W53/><G53/><T26/><D37/><U81/><E81/><V116/><F116/><W50/><G50/><T126/><D126/><U55/><E66/><V21/><F21/><W13/><G13/><AGARI ba="0,0" hai="13,16,22,55,56,62,89,92,99,100,102" m="2570" machi="13" ten="30,2900,0" yaku="8,1,54,1" doraHai="43" who="1" fromWho="3" sc="211,0,329,29,230,0,230,-29" /><INIT seed="1,1,0,0,3,81" ten="211,358,230,201" oya="1" hai0="109,52,28,90,134,89,118,6,135,7,67,130,8" hai1="47,22,50,35,128,24,101,97,85,98,40,92,23" hai2="30,124,83,115,108,111,27,56,10,2,39,121,12" hai3="66,104,105,20,126,57,93,33,43,69,65,1,88"/><U132/><E132/><N who="0" m="50729" /><D118/><U122/><E122/><V49/><F39/><W80/><G1/><T127/><D67/><U72/><E72/><V131/><F49/><W129/><G33/><T87/><D109/><N who="2" m="42058" /><F83/><W9/><G129/><T54/><D130/><U84/><E128/><V110/><F56/><W123/><G123/><T37/><D37/><U19/><E35/><V32/><F110/><W107/><G126/><T125/><D28/><N who="1" m="17439" /><E97/><V64/><F64/><W44/><G69/><T91/><D87/><U96/><E96/><V26/><F131/><W79/><G9/><T59/><D59/><U82/><E82/><V45/><F121/><W61/><G20/><T31/><D31/><U113/><E113/><V18/><F30/><W36/><G66/><T116/><D116/><U48/><E48/><V119/><F119/><W16/><G16/><T133/><N who="0" m="50737" /><T120/><DORA hai="71" /><D120/><U106/><E106/><V77/><F32/><W4/><G4/><N who="0" m="1579" /><D8/><U21/><E21/><V53/><F10/><W3/><G3/><T99/><D99/><U114/><E114/><V117/><F115/><W100/><G100/><T55/><AGARI ba="1,0" hai="52,54,55,89,90,91,125,127" m="1579,50737" machi="55" ten="50,8000,1" yaku="28,2,20,1,54,1" doraHai="81,71" who="0" fromWho="0" sc="211,83,358,-41,230,-21,201,-21" /><INIT seed="2,0,0,4,1,36" ten="294,317,209,180" oya="2" hai0="15,43,112,44,22,7,80,4,123,28,48,39,27" hai1="92,53,1,57,83,79,111,97,5,125,109,31,94" hai2="66,61,42,103,126,102,100,2,131,86,32,91,85" hai3="135,60,50,16,88,29,59,65,10,45,21,105,19"/><V63/><F2/><W34/><G105/><T30/><D112/><U87/><E125/><V62/><F32/><W23/><G135/><T130/><D123/><U120/><E120/><V35/><F35/><W116/><G116/><T13/><D130/><U113/><E31/><V89/><F131/><W12/><G34/><T37/><D30/><U108/><E113/><V25/><F126/><W127/><G127/><T14/><REACH who="0" step="1"/><D80/><REACH who="0" ten="284,317,209,180" step="2"/><U106/><E106/><V99/><F66/><W74/><G29/><T9/><D9/><N who="1" m="2223" /><E97/><V68/><F99/><W96/><G74/><T47/><D47/><U58/><E58/><V132/><F132/><W64/><G64/><T17/><D17/><U82/><E83/><V40/><F68/><W24/><G10/><T38/><AGARI ba="0,1" hai="4,7,13,14,15,22,27,28,37,38,39,43,44,48" machi="38" ten="40,12000,2" yaku="1,1,0,1,52,1,53,3" doraHai="36" doraHaiUra="11" who="0" fromWho="0" sc="284,130,317,-30,209,-60,180,-30" /><INIT seed="3,0,0,0,4,88" ten="414,287,149,150" oya="3" hai0="63,12,69,64,92,9,66,13,135,73,81,110,17" hai1="24,53,127,107,2,95,7,19,15,71,85,62,93" hai2="99,103,21,0,89,126,77,97,100,84,45,76,51" hai3="78,67,101,4,90,129,41,124,33,68,106,131,65"/><W8/><G33/><T94/><D110/><U56/><E107/><V31/><F0/><W86/><G41/><T130/><D130/><N who="3" m="49673" /><G68/><T112/><D112/><U14/><E2/><V29/><F126/><W111/><G124/><T125/><D135/><U34/><E127/><V82/><F21/><W57/><G111/><T119/><D119/><U35/><E71/><V38/><F38/><W128/><N who="3" m="49681" /><W52/><DORA hai="109" /><G78/><N who="2" m="30313" /><F103/><W96/><G8/><T75/><D81/><U50/><E85/><V134/><F134/><W18/><G18/><T32/><D32/><U43/><E34/><V117/><F117/><W48/><G4/><T28/><D28/><N who="2" m="10826" /><F100/><W26/><G26/><T25/><D25/><U47/><E35/><V74/><F74/><W118/><G118/><T122/><D69/><U108/><E108/><V22/><F22/><W132/><G132/><T114/><D9/><N who="1" m="4415" /><E24/><V79/><N who="2" m="30321" /><V98/><DORA hai="54" /><F98/><W37/><G37/><T113/><D125/><U104/><E104/><V116/><F116/><W80/><AGARI ba="0,0" hai="48,52,57,65,67,80,86,90,96,101,106" m="49681" machi="80" ten="40,7800,0" yaku="19,1,52,1,54,1" doraHai="88,109,54" who="3" fromWho="3" sc="414,-26,287,-26,149,-26,150,78" /><INIT seed="3,1,0,5,1,113" ten="388,261,123,228" oya="3" hai0="73,3,61,24,55,48,37,119,79,13,22,65,40" hai1="129,107,86,17,41,15,21,95,100,35,32,1,97" hai2="31,53,58,5,11,87,54,83,122,116,50,38,102" hai3="12,26,91,34,52,74,25,84,43,39,76,124,81"/><W60/><G124/><T98/><D3/><U70/><E1/><V18/><F122/><W92/><G34/><T110/><D110/><U33/><E70/><V59/><F38/><W121/><G121/><T88/><D37/><U75/><E75/><V67/><F31/><W10/><G39/><T78/><D40/><U7/><E7/><V89/><F67/><W69/><G43/><T68/><D73/><U109/><E41/><V125/><F125/><W128/><G128/><T123/><D123/><U126/><E126/><V45/><F102/><W94/><G94/><T20/><D13/><U29/><E109/><V36/><F116/><W106/><G106/><T131/><D22/><U57/><E129/><V82/><F36/><W8/><G8/><T115/><D119/><U62/><E86/><V133/><F133/><W101/><G101/><T85/><D98/><U66/><REACH who="1" step="1"/><E107/><REACH who="1" ten="388,251,123,228" step="2"/><V120/><F5/><W134/><G134/><T14/><D68/><U117/><E117/><V135/><F135/><W2/><G2/><T132/><D132/><U80/><E80/><V44/><F83/><W28/><G69/><T6/><D6/><U4/><E4/><V16/><F120/><W90/><G74/><T118/><D118/><U104/><E104/><V103/><F103/><W105/><G105/><T71/><D71/><U47/><E47/><N who="2" m="17995" /><F11/><W30/><G84/><T127/><D85/><U63/><E63/><AGARI ba="1,1" hai="16,18,50,53,54,58,59,63,82,87,89" m="17995" machi="63" ten="30,2000,0" yaku="8,1,54,1" doraHai="113" who="2" fromWho="1" sc="388,0,251,-23,123,33,228,0" /><INIT seed="4,0,0,5,0,82" ten="388,228,156,228" oya="0" hai0="46,35,105,113,5,103,129,37,104,101,132,65,133" hai1="8,11,52,121,131,126,7,84,100,90,51,34,66" hai2="97,77,89,115,23,127,24,79,92,36,41,2,55" hai3="43,112,22,72,40,124,118,123,99,73,107,31,98"/><T135/><D35/><U59/><E121/><V56/><F115/><W130/><G123/><T120/><D120/><U68/><E34/><V48/><F2/><W30/><G112/><T64/><D113/><U16/><E131/><V96/><F127/><W117/><G130/><T6/><D129/><U116/><E116/><V76/><F36/><W67/><G67/><N who="0" m="25675" /><D46/><U19/><E126/><V29/><REACH who="2" step="1"/><F41/><REACH who="2" ten="388,228,146,228" step="2"/><W32/><G124/><T15/><D37/><U54/><E68/><V85/><AGARI ba="0,1" hai="23,24,29,48,55,56,76,77,79,85,89,92,96,97" machi="85" ten="30,8000,1" yaku="1,1,2,1,0,1,8,1,52,1,53,0" doraHai="82" doraHaiUra="71" who="2" fromWho="2" sc="388,-40,228,-20,146,90,228,-20" /><INIT seed="5,0,0,2,1,104" ten="348,208,236,208" oya="1" hai0="34,125,20,35,12,25,7,74,53,121,61,11,38" hai1="24,51,40,3,2,47,66,95,16,30,91,36,98" hai2="15,60,129,101,130,0,134,131,73,109,43,48,78" hai3="44,92,49,18,14,117,31,21,33,82,86,68,5"/><U81/><E36/><V99/><F109/><W80/><G68/><T52/><D38/><U4/><E66/><V70/><F0/><W122/><G122/><T128/><D121/><U111/><E111/><V115/><F134/><W110/><G110/><T132/><D132/><U87/><E4/><V112/><F15/><W79/><G117/><T54/><D128/><U76/><E30/><V39/><F48/><W83/><G92/><T58/><D125/><U13/><REACH who="1" step="1"/><E24/><REACH who="1" ten="348,198,236,208" step="2"/><V124/><F39/><W77/><G77/><T119/><D25/><U41/><E41/><V135/><F43/><W75/><G75/><T56/><D7/><U50/><E50/><V69/><F135/><W118/><G118/><T85/><D74/><U123/><E123/><V103/><F131/><W1/><G49/><T127/><D119/><U10/><AGARI ba="0,1" hai="2,3,10,13,16,40,47,51,76,81,87,91,95,98" machi="10" ten="20,7800,0" yaku="1,1,0,1,7,1,54,1,53,0" doraHai="104" doraHaiUra="116" who="1" fromWho="1" sc="348,-26,198,88,236,-26,208,-26" /><INIT seed="5,1,0,4,2,62" ten="322,286,210,182" oya="1" hai0="107,97,123,20,39,51,29,27,100,24,16,42,36" hai1="38,119,30,40,66,94,83,64,56,129,109,55,35" hai2="9,26,6,131,12,31,77,58,14,46,23,17,98" hai3="18,80,53,120,65,47,73,133,124,63,33,4,50"/><U114/><E119/><V5/><F131/><W87/><G120/><T110/><D110/><U78/><E129/><V43/><F77/><W130/><G130/><T112/><D112/><U3/><E3/><V0/><F58/><W121/><G121/><T10/><D123/><U41/><E114/><V103/><F6/><W57/><G133/><T81/><D81/><U105/><E105/><V108/><F108/><W113/><G33/><T7/><D51/><U95/><E30/><V88/><F88/><W25/><G113/><T106/><D106/><U13/><E35/><V86/><F86/><W22/><G124/><T54/><D54/><U85/><E13/><V91/><F91/><W60/><G73/><T75/><D75/><U44/><E109/><V79/><F79/><W89/><G63/><T32/><REACH who="0" step="1"/><D42/><REACH who="0" ten="312,286,210,182" step="2"/><N who="1" m="16491" /><E38/><V96/><F103/><W69/><REACH who="3" step="1"/><G4/><REACH who="3" ten="312,286,210,172" step="2"/><T126/><D126/><U71/><E44/><AGARI ba="1,2" hai="18,22,25,44,47,50,53,57,60,65,69,80,87,89" machi="44" ten="40,8000,1" yaku="1,1,2,1,52,1,53,1" doraHai="62" doraHaiUra="45" who="3" fromWho="1" sc="312,0,286,-83,210,0,172,103" /><INIT seed="6,0,0,0,4,16" ten="312,203,210,275" oya="2" hai0="44,39,101,52,54,68,127,63,97,89,108,134,10" hai1="14,85,98,27,19,69,28,59,24,45,84,88,112" hai2="46,41,123,76,55,118,21,74,37,12,73,86,102" hai3="77,82,8,1,9,48,36,23,38,25,15,95,115"/><V106/><F118/><W65/><G115/><T11/><D108/><U92/><E69/><V56/><F123/><W2/><G8/><T53/><D127/><U47/><E112/><V114/><F114/><W110/><G110/><T49/><D134/><U5/><E5/><V29/><F106/><W130/><G130/><T94/><D39/><U78/><E59/><V70/><F102/><W131/><G131/><T81/><D68/><U72/><E72/><V121/><F121/><W67/><G95/><T128/><D128/><U0/><E0/><V62/><F86/><N who="1" m="33385" /><E78/><V18/><F76/><W51/><G82/><T4/><D63/><U96/><E96/><V32/><REACH who="2" step="1"/><F70/><REACH who="2" ten="312,203,200,275" step="2"/><W87/><G77/><T30/><D101/><U58/><E58/><V91/><F91/><W3/><G3/><T132/><D89/><U31/><E31/><V61/><F61/><W105/><G105/><T104/><D30/><U80/><E80/><V90/><F90/><W79/><G79/><T6/><D81/><U40/><E28/><V103/><F103/><W133/><G2/><T7/><D104/><U34/><E34/><V119/><F119/><W116/><G116/><T83/><D83/><U125/><E125/><V22/><F22/><W135/><G1/><T26/><D97/><U109/><E109/><V75/><F75/><W13/><G87/><T113/><D113/><U124/><E124/><V43/><F43/><W17/><G135/><T93/><D132/><U66/><E40/><V35/><F35/><W60/><G133/><T57/><D57/><U111/><E111/><V100/><F100/><RYUUKYOKU ba="0,1" sc="312,-10,203,-10,200,30,275,-10" hai2="12,18,21,29,32,37,41,46,55,56,62,73,74" /><INIT seed="6,1,1,4,5,35" ten="302,193,230,265" oya="2" hai0="79,135,127,21,131,50,10,87,4,63,123,62,69" hai1="97,60,46,121,80,44,3,59,25,43,38,112,116" hai2="126,76,110,124,90,89,12,114,51,78,15,98,14" hai3="66,11,93,18,115,8,61,96,120,103,75,72,85"/><V13/><F114/><W102/><G120/><T133/><D123/><U129/><E116/><V57/><F110/><W30/><G115/><T64/><D131/><U39/><E129/><V118/><F118/><W111/><G111/><T104/><D127/><N who="2" m="48682" /><F98/><W88/><G30/><T134/><D104/><U17/><E121/><V16/><F57/><W26/><G103/><T32/><D32/><U40/><E112/><V117/><F51/><W22/><G75/><T113/><D113/><U73/><E97/><V41/><F41/><W42/><G42/><T65/><D21/><U83/><E73/><V95/><F117/><W101/><G101/><T77/><D50/><U107/><E107/><V52/><F52/><W81/><REACH who="3" step="1"/><G72/><REACH who="3" ten="302,193,230,255" step="2"/><T106/><D133/><U58/><E60/><V92/><F16/><W6/><G6/><T34/><D4/><U0/><REACH who="1" step="1"/><E17/><REACH who="1" ten="302,183,230,255" step="2"/><V71/><F71/><AGARI ba="1,3" hai="8,11,18,22,26,61,66,71,81,85,88,93,96,102" machi="71" ten="30,3900,0" yaku="1,1,7,1,54,1,53,0" doraHai="35" doraHaiUra="108" who="3" fromWho="2" sc="302,0,183,0,230,-42,255,72" /><INIT seed="7,0,0,4,1,94" ten="302,183,188,327" oya="3" hai0="40,29,15,75,134,50,132,54,131,85,68,14,42" hai1="56,44,129,83,60,23,115,111,107,53,67,96,72" hai2="0,114,116,135,65,108,123,43,48,19,59,120,34" hai3="105,93,39,86,7,62,133,126,113,17,88,104,66"/><W91/><G39/><T57/><D75/><U33/><E111/><V106/><F34/><W1/><G133/><N who="0" m="51307" /><D68/><U31/><E129/><V4/><F135/><W102/><G126/><T27/><D85/><U51/><E115/><V6/><F116/><W36/><G36/><T46/><D131/><U82/><E72/><V118/><F106/><W109/><G109/><T100/><D100/><U9/><E33/><V112/><F19/><W98/><G113/><N who="2" m="43625" /><F0/><W121/><G121/><N who="2" m="46665" /><F118/><W71/><G17/><T55/><D42/><U10/><E107/><V73/><F73/><W45/><G45/><T21/><D55/><U2/><E2/><V122/><N who="2" m="46673" /><V128/><DORA hai="110" /><F128/><W18/><G18/><T16/><D29/><U25/><REACH who="1" step="1"/><E96/><REACH who="1" ten="302,173,188,327" step="2"/><V22/><F108/><W13/><G1/><T11/><D11/><AGARI ba="0,1" hai="9,10,11,23,25,31,44,51,53,56,60,67,82,83" machi="11" ten="40,5200,0" yaku="1,1,2,1,8,1,53,0" doraHai="94,110" doraHaiUra="28,103" who="1" fromWho="0" sc="302,-52,173,62,188,0,327,0" owari="250,5.0,235,-16.0,188,-31.0,327,42.0" /></mjloggm>