<mjloggm ver="2.3"><GO type="41" lobby="0"/><UN n0="%E2%93%9D%53%75%70%68%78" n1="%E6%9D%A5%E3%81%9F%E3%81%9C%E3%81%AC%E3%82%8B%E3%82%8A%E3%81%A8" n2="%E7%8C%AB%E8%88%8C" n3="%4D%4A%E3%81%A7%E3%81%AF%E3%82%82%E3%81%A3%E3%81%9F%E3%81%8B" dan="18,14,13,13" rate="2141.34,2098.82,1932.99,1876.11" sx="M,M,M,M"/><TAIKYOKU oya="0"/><INIT seed="0,0,0,5,3,125" ten="250,250,250,250" oya="0" hai0="102,127,118,107,8,55,32,83,40,2,124,0,3" hai1="75,33,120,122,111,54,19,52,58,18,80,79,113" hai2="48,135,117,106,51,131,35,36,78,47,88,69,132" hai3="100,128,49,67,46,15,110,45,23,68,27,43,89"/><T70/><D55/><U76/><E111/><V10/><F106/><W85/><G110/><T60/><D118/><U126/><E33/><V73/><F69/><W121/><G121/><T39/><D83/><U123/><E126/><N who="0" m="48169" /><D32/><U6/><E6/><V61/><F35/><W41/><G100/><T105/><D8/><U94/><E113/><V38/><F61/><W97/><G97/><T87/><D87/><U114/><E114/><V64/><F64/><W1/><G1/><T20/><D20/><U119/><E119/><V12/><F117/><W11/><G67/><N who="0" m="41319" /><D102/><U92/><E120/><V59/><F59/><W95/><G68/><T72/><D72/><U130/><E58/><V62/><F62/><W16/><G128/><T5/><D5/><U133/><E75/><V66/><F131/><W21/><REACH who="3" step="1"/><G27/><REACH who="3" ten="250,250,250,240" step="2"/><T30/><D30/><U134/><REACH who="1" step="1"/><E130/><REACH who="1" ten="250,240,250,240" step="2"/><V96/><F66/><W34/><G34/><T82/><D3/><U17/><E17/><V4/><F4/><W42/><G42/><T129/><D129/><U31/><E31/><V103/><F103/><W98/><G98/><T86/><D2/><U116/><E116/><V77/><F96/><W9/><G9/><T25/><D0/><U101/><E101/><V26/><F10/><W109/><G109/><T104/><D104/><U22/><E22/><V112/><F112/><W44/><G44/><N who="0" m="23583" /><D107/><U37/><E37/><AGARI ba="0,2" hai="11,15,16,21,23,37,41,43,45,46,49,85,89,95" machi="37" ten="30,3900,0" yaku="1,1,7,1,54,1,53,0" doraHai="125" doraHaiUra="28" who="3" fromWho="1" sc="250,0,240,-39,250,0,240,59" /><INIT seed="1,0,0,5,3,21" ten="250,201,250,299" oya="1" hai0="103,59,96,43,108,28,33,39,81,72,80,36,99" hai1="60,126,19,98,92,6,62,109,97,69,2,31,12" hai2="55,57,27,105,84,5,8,100,52,46,73,127,106" hai3="9,71,25,11,117,91,112,63,102,130,132,115,14"/><U18/><E126/><V88/><F73/><W68/><G130/><T48/><D108/><U41/><E31/><V53/><F127/><W35/><G132/><T121/><D121/><U24/><E41/><V93/><F46/><W120/><G120/><T74/><D59/><U56/><E69/><V10/><F10/><W85/><G117/><T111/><D48/><U119/><E119/><V90/><F90/><W113/><G102/><T45/><D111/><U79/><E109/><V116/><F116/><W134/><G134/><T107/><D99/><U0/><E79/><V76/><F76/><W82/><G63/><T122/><D39/><U40/><E40/><V15/><F27/><W65/><G65/><T70/><D122/><U29/><E6/><V123/><F123/><W22/><G35/><T78/><D81/><U37/><E37/><V34/><F34/><W114/><G11/><T42/><D42/><U75/><E56/><V13/><F13/><W51/><G51/><T54/><D54/><U17/><E12/><V125/><F125/><W23/><G23/><T94/><D94/><U61/><E75/><V47/><F47/><W3/><G3/><T133/><D133/><U50/><E50/><V124/><F124/><W58/><G58/><T67/><D74/><U64/><E64/><V7/><F7/><W89/><G89/><T135/><D135/><U16/><N who="1" m="4096" /><DORA hai="118" /><U95/><E24/><V104/><REACH who="2" step="1"/><F57/><REACH who="2" ten="250,201,240,299" step="2"/><W44/><G44/><T4/><D4/><U83/><E2/><V110/><F110/><W128/><G113/><T87/><D72/><U32/><E0/><RYUUKYOKU ba="0,1" sc="250,-10,201,-10,240,30,299,-10" hai2="5,8,15,52,53,55,84,88,93,100,104,105,106" /><INIT seed="2,1,1,2,0,62" ten="240,191,270,289" oya="2" hai0="53,38,24,112,2,97,130,111,25,70,113,4,72" hai1="80,66,5,104,14,89,134,31,27,85,131,1,45" hai2="87,94,44,21,93,40,47,125,35,55,133,118,56" hai3="76,34,20,19,12,28,82,79,103,50,132,60,78"/><V61/><F118/><W119/><G119/><T9/><D72/><U95/><E134/><V101/><F133/><W83/><G132/><T75/><D75/><U106/><E131/><V92/><F35/><W8/><G103/><T46/><D70/><U37/><E1/><V69/><F125/><W23/><G34/><T54/><D111/><U120/><E120/><V7/><F7/><W67/><G50/><T108/><D108/><U13/><E37/><V68/><F47/><W32/><G32/><T96/><D130/><U116/><E116/><V48/><F21/><N who="3" m="8267" /><G28/><T127/><D127/><U43/><E104/><V73/><F73/><W77/><N who="3" m="19456" /><DORA hai="115" /><W81/><G60/><T135/><D135/><U15/><E106/><V65/><F69/><W102/><G102/><T74/><D74/><U6/><E31/><V105/><F105/><W99/><G99/><T36/><D46/><U30/><E30/><V91/><REACH who="2" step="1"/><F101/><REACH who="2" ten="240,191,260,289" step="2"/><W22/><N who="3" m="8275" /><W17/><DORA hai="107" /><G17/><T41/><D113/><U57/><E6/><V42/><F42/><W0/><G0/><T63/><D41/><U58/><E5/><V39/><AGARI ba="1,2" hai="39,40,44,48,55,56,61,65,68,87,91,92,93,94" machi="39" ten="20,18000,2" yaku="1,1,0,1,7,1,24,2,52,1,53,0" doraHai="62,115,107" doraHaiUra="122,29,10" who="2" fromWho="2" sc="240,-61,191,-61,260,203,289,-61" /><INIT seed="2,2,0,2,2,20" ten="179,130,463,228" oya="2" hai0="62,47,40,104,1,97,99,94,116,37,89,115,10" hai1="18,85,134,35,95,39,129,54,32,105,130,88,106" hai2="9,16,81,110,87,8,93,127,79,50,67,96,66" hai3="84,73,63,14,60,126,98,22,57,46,43,80,55"/><V33/><F127/><W83/><G73/><T17/><D115/><U21/><E39/><V30/><F110/><W56/><G126/><T117/><D62/><U86/><E134/><V76/><F76/><W42/><G46/><T13/><REACH who="0" step="1"/><D1/><REACH who="0" ten="169,130,463,228" step="2"/><U4/><E129/><V26/><F67/><W125/><G125/><T113/><D113/><U53/><E130/><V112/><F66/><W78/><G83/><T91/><D91/><U82/><E106/><V44/><F112/><W36/><G36/><T90/><D90/><U15/><E105/><V100/><REACH who="2" step="1"/><F16/><REACH who="2" ten="169,130,453,228" step="2"/><N who="3" m="10519" /><G98/><T5/><D5/><U124/><E124/><V6/><F6/><W34/><G34/><T28/><D28/><U103/><E4/><V122/><F122/><W108/><G108/><T45/><D45/><U3/><E32/><V48/><F48/><W118/><G118/><T114/><D114/><U52/><E35/><V71/><F71/><W132/><G132/><T19/><D19/><U68/><E68/><V38/><F38/><W70/><G70/><T123/><D123/><U119/><E119/><V51/><F51/><W49/><G49/><T29/><D29/><U109/><E109/><V12/><F12/><W111/><G111/><T25/><D25/><U41/><E3/><V92/><F92/><W24/><G24/><T77/><D77/><N who="1" m="46287" /><E103/><AGARI ba="2,2" hai="10,13,17,37,40,47,89,94,97,99,103,104,116,117" machi="103" ten="40,2600,0" yaku="1,1,53,1" doraHai="20" doraHaiUra="11" who="0" fromWho="1" sc="169,52,130,-32,453,0,228,0" /><INIT seed="3,0,0,0,0,51" ten="221,98,453,228" oya="3" hai0="63,42,79,116,103,135,132,47,96,50,15,90,19" hai1="97,7,17,46,28,123,71,92,10,93,25,53,35" hai2="45,49,64,75,32,114,16,118,20,72,3,115,69" hai3="109,27,88,39,8,54,85,89,121,131,120,126,6"/><W34/><G39/><T29/><D116/><U107/><E123/><V22/><F32/><W48/><G131/><T67/><D79/><U57/><E71/><V127/><F3/><W113/><G126/><T108/><D108/><U12/><E46/><V37/><F37/><W40/><G113/><T62/><D90/><U65/><E65/><V9/><F118/><W87/><G40/><T117/><D29/><U78/><E78/><V44/><F127/><W66/><G109/><T84/><D84/><U98/><E107/><V106/><F106/><W31/><G66/><T1/><D1/><U95/><REACH who="1" step="1"/><E7/><REACH who="1" ten="221,88,453,228" step="2"/><V133/><F64/><W110/><G110/><T52/><D117/><U14/><E14/><V76/><F45/><W43/><G43/><T124/><D124/><U36/><E36/><V111/><F44/><W5/><G5/><T102/><D67/><U105/><E105/><V128/><F69/><W104/><G104/><N who="0" m="63559" /><D42/><U101/><E101/><V59/><F111/><W99/><G89/><T30/><D103/><U41/><E41/><V74/><F115/><W21/><G120/><T91/><D91/><U23/><E23/><V125/><F22/><W112/><G121/><T82/><D15/><U86/><E86/><V2/><F20/><W13/><G21/><T129/><D19/><U24/><E24/><V70/><F16/><W100/><G112/><T26/><D129/><U38/><E38/><V77/><F128/><W130/><G130/><T56/><D47/><U18/><E18/><V55/><F125/><W60/><G100/><T122/><D122/><U81/><E81/><RYUUKYOKU ba="0,1" sc="221,-10,88,30,453,-10,228,-10" hai1="10,12,17,25,28,35,53,57,92,93,95,97,98" /><INIT seed="4,1,1,2,3,121" ten="211,118,443,218" oya="0" hai0="29,41,116,131,123,0,101,13,75,27,52,67,9" hai1="46,124,89,25,6,11,49,87,39,109,8,31,19" hai2="28,122,33,85,12,100,32,81,108,134,111,16,18" hai3="21,86,94,83,62,61,113,4,114,84,65,17,50"/><T30/><D123/><U2/><E124/><V23/><F122/><W133/><G133/><T54/><D116/><U117/><E117/><V80/><F134/><W53/><G4/><T129/><D75/><U115/><E115/><N who="3" m="44042" /><G94/><T59/><D41/><U110/><E39/><V15/><F100/><W76/><G86/><T73/><D0/><U43/><E19/><V37/><F37/><W40/><G40/><T48/><D73/><U130/><E130/><N who="0" m="49673" /><D67/><U22/><REACH who="1" step="1"/><E8/><REACH who="1" ten="211,108,443,218" step="2"/><V99/><F18/><W45/><G65/><T20/><D30/><U10/><E10/><V125/><F28/><W112/><N who="3" m="44050" /><W57/><DORA hai="93" /><G45/><T70/><D70/><U68/><E68/><V135/><F125/><W58/><G58/><T105/><D59/><U103/><E103/><V128/><F128/><W56/><G56/><T55/><D101/><U14/><E14/><AGARI ba="1,2" hai="14,17,21,50,53,57,61,62,76,83,84" m="44050" machi="14" ten="40,1300,0" yaku="15,1" doraHai="121,93" who="3" fromWho="1" sc="211,0,108,-16,443,0,218,36" /><INIT seed="5,0,0,5,1,40" ten="211,92,443,254" oya="1" hai0="16,21,123,7,69,96,114,46,104,26,117,83,101" hai1="47,6,59,99,61,103,2,90,64,134,102,23,88" hai2="78,111,48,81,27,1,74,108,50,79,62,39,65" hai3="72,100,133,42,93,98,22,44,130,28,20,77,127"/><U19/><E134/><V43/><F1/><W86/><G133/><T84/><D117/><U68/><E103/><V105/><F105/><W57/><G130/><T80/><D69/><U38/><E6/><V128/><F79/><W132/><G72/><T49/><D114/><U116/><E2/><V52/><F128/><W66/><G132/><T0/><D123/><U73/><E73/><V11/><F39/><W82/><G127/><T17/><D17/><U124/><E124/><V113/><F11/><W18/><G28/><T15/><D0/><U51/><E38/><V41/><F27/><W53/><G66/><T32/><D84/><U76/><E76/><V125/><F50/><W4/><G4/><T3/><D3/><U129/><E68/><V115/><F125/><W12/><G20/><T54/><REACH who="0" step="1"/><D32/><REACH who="0" ten="201,92,443,254" step="2"/><U122/><E122/><V107/><F115/><W45/><REACH who="3" step="1"/><G42/><REACH who="3" ten="201,92,443,244" step="2"/><T31/><D31/><U35/><E116/><V87/><F43/><W56/><G56/><T58/><D58/><U112/><E129/><V33/><F41/><W126/><G126/><T24/><D24/><N who="1" m="14463" /><E112/><V9/><F113/><W36/><G36/><T121/><D121/><U118/><E118/><V67/><F33/><W8/><G8/><AGARI ba="0,2" hai="7,8,15,16,21,26,46,49,54,80,83,96,101,104" machi="8" ten="40,8000,1" yaku="1,1,52,1,54,1,53,1" doraHai="40" doraHaiUra="97" who="0" fromWho="3" sc="201,100,92,0,443,0,244,-80" /><INIT seed="6,0,0,0,0,35" ten="301,92,443,164" oya="2" hai0="132,99,124,44,125,65,3,106,88,62,86,58,12" hai1="126,24,38,107,98,130,28,40,78,101,14,104,6" hai2="135,63,134,45,108,112,68,97,89,119,120,121,133" hai3="2,26,57,102,52,31,15,74,113,17,30,103,111"/><V13/><F119/><W39/><G74/><T48/><D132/><U84/><E130/><V53/><F112/><W60/><G111/><T122/><D122/><U33/><E126/><V90/><F108/><W116/><G116/><T23/><D106/><U96/><E78/><V87/><F97/><W25/><G39/><T55/><D99/><U51/><E38/><V123/><F13/><W92/><G113/><T46/><D3/><U32/><E84/><V72/><F72/><W54/><G54/><T22/><D46/><U5/><E33/><V115/><F115/><W56/><G56/><T100/><D100/><U34/><E34/><V37/><F68/><W1/><G102/><T8/><D125/><U64/><E14/><V80/><F63/><W71/><G71/><T70/><D70/><U91/><E107/><V117/><F117/><W18/><G103/><T20/><D124/><U0/><E0/><V95/><F95/><W29/><G92/><T79/><D79/><U114/><E114/><V41/><REACH who="2" step="1"/><F53/><REACH who="2" ten="301,92,433,164" step="2"/><W43/><G43/><T67/><D67/><U7/><E64/><V93/><F93/><W81/><G81/><T82/><REACH who="0" step="1"/><D23/><REACH who="0" ten="291,92,433,164" step="2"/><U94/><E40/><V69/><F69/><W42/><G2/><T4/><AGARI ba="0,2" hai="4,8,12,20,22,44,48,55,58,62,65,82,86,88" machi="4" ten="20,12000,2" yaku="1,1,2,1,0,1,7,1,8,1,54,1,53,0" doraHai="35" doraHaiUra="110" who="0" fromWho="0" sc="291,140,92,-30,433,-60,164,-30" /><INIT seed="7,0,0,2,5,3" ten="431,62,373,134" oya="3" hai0="87,78,128,22,116,126,76,52,48,4,58,23,29" hai1="79,75,9,106,1,35,109,88,63,38,50,125,27" hai2="132,135,62,51,102,47,60,11,8,103,113,32,59" hai3="122,0,49,77,74,86,21,89,100,39,92,107,101"/><W53/><G39/><T15/><D126/><U56/><E125/><V64/><F32/><W57/><G0/><T2/><D128/><U105/><E109/><V14/><F113/><W72/><G122/><T45/><D2/><U69/><E38/><V36/><F36/><W112/><G112/><T34/><D116/><U5/><E69/><V65/><F135/><W119/><G119/><T93/><D34/><U115/><E115/><V10/><F132/><W24/><G107/><T96/><D87/><U110/><E110/><V66/><F66/><W31/><REACH who="3" step="1"/><G77/><REACH who="3" ten="431,62,373,124" step="2"/><T118/><D78/><U26/><E50/><V55/><REACH who="2" step="1"/><F14/><REACH who="2" ten="431,62,363,124" step="2"/><W131/><G131/><T120/><D15/><U68/><E68/><AGARI ba="0,2" hai="8,10,11,47,51,55,59,60,62,64,65,68,102,103" machi="68" ten="40,5200,0" yaku="1,1,2,1,53,1" doraHai="3" doraHaiUra="41" who="2" fromWho="1" sc="431,0,62,-52,363,72,124,0" owari="431,23.0,10,-49.0,435,54.0,124,-28.0" /></mjloggm>