<mjloggm ver="2.3"><GO type="41" lobby="0"/><UN n0="%E5%A1%A9%E3%83%93%5F%44%75%63%6B" n1="%E2%93%9D%53%75%70%68%78" n2="%E8%B5%A4%E2%91%A4%E5%88%87%E3%81%A3%E3%81%A6%E3%83%AA%E3%83%BC%E3%83%81" n3="%E3%83%A8%E3%82%A6%E3%82%B9%E3%82%B1%E5%90%9B%E3%81%A0%E3%82%88%E3%80%82" dan="14,18,14,13" rate="1915.62,2125.96,1922.42,1813.86" sx="M,M,M,M"/><TAIKYOKU oya="0"/><INIT seed="0,0,0,3,2,90" ten="250,250,250,250" oya="0" hai0="45,21,128,51,96,132,83,74,44,88,117,79,17" hai1="77,55,73,2,28,104,27,82,8,122,92,106,114" hai2="47,118,89,32,18,78,67,24,20,31,111,84,86" hai3="98,105,124,121,9,80,57,30,3,10,19,22,23"/><T60/><D117/><U7/><E122/><V46/><F118/><W71/><G71/><T58/><D128/><U41/><E55/><V49/><F111/><W130/><G130/><T14/><D132/><U108/><E108/><V12/><F67/><W93/><G105/><T95/><REACH who="0" step="1"/><D51/><REACH who="0" ten="240,250,250,250" step="2"/><U109/><E109/><V42/><F49/><W16/><G121/><T94/><D94/><U29/><E106/><V37/><F46/><W129/><G129/><T4/><D4/><U135/><E104/><V39/><F37/><W52/><G124/><T101/><D101/><U65/><E92/><V33/><F78/><W68/><G68/><T5/><D5/><U15/><E135/><V102/><F102/><N who="3" m="60751" /><G3/><T76/><D76/><U63/><E2/><V66/><F66/><AGARI ba="0,1" hai="14,17,21,44,45,58,60,66,74,79,83,88,95,96" machi="66" ten="30,11600,0" yaku="1,1,7,1,52,1,54,1,53,0" doraHai="90" doraHaiUra="113" who="0" fromWho="2" sc="240,126,250,0,250,-116,250,0" /><INIT seed="0,1,0,1,2,115" ten="366,250,134,250" oya="0" hai0="92,10,66,49,120,77,97,119,73,48,118,3,126" hai1="60,121,40,130,41,22,2,125,98,105,13,71,52" hai2="78,94,38,59,62,20,9,61,87,65,117,14,64" hai3="43,34,128,5,39,63,54,127,36,44,11,46,58"/><T129/><D120/><U23/><E2/><V90/><F38/><N who="3" m="21623" /><G128/><T111/><D129/><U86/><E125/><V18/><F78/><W67/><G34/><T89/><D126/><U28/><E105/><V51/><F51/><N who="3" m="29047" /><G5/><T35/><D35/><U123/><E98/><V31/><F117/><W96/><G127/><T24/><D66/><U102/><E102/><V108/><F108/><W8/><G8/><T79/><D111/><U114/><E114/><V76/><F76/><W124/><G124/><T55/><D49/><U81/><E130/><V50/><F50/><W27/><G96/><T37/><D37/><N who="3" m="14409" /><G11/><T4/><D24/><U83/><E123/><V95/><F31/><W132/><G27/><T68/><D68/><U26/><E71/><V104/><F104/><W72/><G72/><T6/><D6/><U1/><E121/><V75/><F75/><W15/><G15/><T122/><D122/><U91/><E1/><V134/><F95/><W88/><G88/><T56/><REACH who="0" step="1"/><D79/><REACH who="0" ten="356,250,134,250" step="2"/><U53/><E26/><V17/><F65/><W133/><AGARI ba="1,1" hai="58,63,67,132,133" m="14409,29047,21623" machi="133" ten="30,2000,0" yaku="34,2" doraHai="115" who="3" fromWho="3" sc="356,-11,250,-6,134,-6,250,33" /><INIT seed="1,0,0,4,1,36" ten="345,244,128,283" oya="1" hai0="118,35,13,34,73,106,4,54,133,122,2,93,71" hai1="126,78,27,47,60,63,51,86,119,116,90,33,92" hai2="100,75,123,112,114,95,130,52,24,26,18,85,82" hai3="108,132,94,19,38,46,57,62,135,103,44,125,40"/><U134/><E126/><V91/><F123/><W12/><G103/><T59/><D106/><U83/><E134/><N who="3" m="51242" /><G94/><T128/><D71/><U6/><E6/><V16/><F75/><W41/><G12/><T31/><D2/><U89/><E89/><V121/><F121/><W10/><G10/><T48/><D73/><U17/><E119/><V74/><F74/><W69/><G125/><T88/><D128/><U32/><E32/><V0/><F0/><W66/><G108/><T55/><D118/><U5/><E5/><V110/><F100/><W120/><G19/><N who="2" m="7209" /><F110/><W11/><G11/><T98/><D31/><U49/><E116/><V127/><F127/><W37/><G120/><T104/><D104/><U29/><E51/><V21/><F130/><W65/><G65/><T61/><D133/><U22/><E33/><V15/><F15/><W117/><G117/><T131/><D131/><U129/><E29/><V39/><F39/><W101/><G101/><T68/><D122/><U70/><E70/><AGARI ba="0,0" hai="37,38,40,41,44,46,57,62,66,69,70" m="51242" machi="70" ten="30,8000,1" yaku="20,1,34,2,52,2" doraHai="36" who="3" fromWho="1" sc="345,0,244,-80,128,0,283,80" /><INIT seed="2,0,0,2,4,75" ten="345,164,128,363" oya="2" hai0="65,59,39,1,42,63,126,2,88,81,106,123,112" hai1="30,20,121,67,51,11,70,32,72,15,44,49,131" hai2="116,43,124,34,56,103,54,17,101,135,74,16,93" hai3="107,36,26,117,69,46,71,83,41,118,96,86,14"/><V92/><F116/><N who="3" m="44651" /><G14/><T18/><D123/><U100/><E131/><V120/><F34/><W73/><G86/><T91/><D112/><U4/><E72/><V76/><F120/><W61/><G26/><T57/><D106/><U125/><E125/><V130/><F43/><W64/><G71/><T128/><D126/><U52/><E32/><V45/><F124/><W7/><G7/><T90/><D128/><U50/><E100/><N who="2" m="38475" /><F74/><W47/><G47/><T68/><D18/><N who="2" m="7274" /><F45/><W29/><G29/><T99/><D42/><U60/><REACH who="1" step="1"/><E121/><REACH who="1" ten="345,154,128,363" step="2"/><V35/><F35/><W109/><G109/><T3/><D39/><U95/><E95/><V129/><F130/><W80/><G80/><T85/><REACH who="0" step="1"/><D99/><REACH who="0" ten="335,154,128,363" step="2"/><U108/><E108/><V19/><F129/><W0/><G96/><T105/><D105/><U102/><E102/><V111/><F111/><W98/><G98/><T33/><D33/><U78/><E78/><AGARI ba="0,2" hai="1,2,3,57,59,63,65,68,78,81,85,88,90,91" machi="78" ten="50,6400,0" yaku="1,1,52,1,54,1,53,0" doraHai="75" doraHaiUra="9" who="0" fromWho="1" sc="335,84,154,-64,128,0,363,0" /><INIT seed="3,0,0,1,2,47" ten="419,90,128,363" oya="3" hai0="113,73,128,103,74,118,132,6,93,131,135,55,29" hai1="97,8,83,14,61,37,98,88,68,87,40,12,116" hai2="129,38,18,71,5,19,101,114,70,133,111,124,20" hai3="52,102,46,17,36,48,23,69,39,11,33,9,110"/><W120/><G120/><T84/><D118/><U94/><E116/><V106/><F101/><W117/><G117/><T26/><D6/><U127/><E127/><V112/><F38/><W58/><G33/><T100/><D113/><U22/><E37/><V7/><F106/><W92/><G69/><T91/><D55/><U45/><E68/><V95/><F71/><W63/><G110/><T66/><D66/><U79/><E61/><V21/><F95/><W51/><G36/><T82/><D26/><U53/><E53/><V105/><F105/><W4/><G39/><T122/><D29/><U16/><E45/><V57/><F57/><W50/><G46/><T104/><D104/><U41/><REACH who="1" step="1"/><E98/><REACH who="1" ten="419,80,128,363" step="2"/><V43/><F70/><W54/><G54/><T76/><D122/><U27/><E27/><V10/><F124/><W75/><G75/><T13/><D73/><U28/><E28/><V64/><F43/><W60/><G60/><T81/><D74/><U86/><E86/><V1/><F64/><W24/><G4/><AGARI ba="0,1" hai="4,8,12,14,16,22,40,41,79,83,87,88,94,97" machi="4" ten="30,8000,1" yaku="1,1,7,1,8,1,54,2,53,0" doraHai="47" doraHaiUra="59" who="1" fromWho="3" sc="419,0,80,90,128,0,363,-80" /><INIT seed="4,0,0,2,5,104" ten="419,170,128,283" oya="0" hai0="101,63,128,110,34,23,102,125,108,10,27,1,46" hai1="76,120,61,51,54,113,49,124,5,116,42,131,8" hai2="103,39,50,59,4,37,32,122,114,66,115,98,83" hai3="89,129,87,13,38,117,91,82,55,85,44,14,118"/><T106/><D125/><U119/><E76/><V94/><F32/><W90/><G129/><T111/><D128/><U2/><E131/><V97/><F122/><W130/><G130/><T79/><D34/><U80/><E120/><V43/><F4/><W35/><G35/><T28/><D106/><U86/><E61/><V24/><F83/><W6/><G6/><N who="0" m="1359" /><D79/><U74/><E113/><N who="2" m="43019" /><F24/><W132/><G132/><T72/><D72/><U126/><E42/><V22/><F22/><W11/><G38/><T134/><D134/><U7/><E74/><V36/><F98/><W58/><G44/><T77/><D77/><N who="1" m="46351" /><E7/><V62/><F50/><N who="1" m="18953" /><E54/><V64/><F64/><W48/><G11/><T75/><D75/><U121/><E121/><V133/><F133/><W84/><REACH who="3" step="1"/><G82/><REACH who="3" ten="419,170,128,273" step="2"/><T70/><D108/><U99/><E126/><V47/><AGARI ba="0,1" hai="36,37,39,43,47,59,62,66,94,97,103" m="43019" machi="47" ten="30,1100,0" yaku="15,1" doraHai="104" who="2" fromWho="2" sc="419,-5,170,-3,128,21,273,-3" /><INIT seed="5,0,0,4,0,61" ten="414,167,149,270" oya="1" hai0="55,43,135,77,83,112,51,12,44,4,68,133,62" hai1="108,101,11,79,32,74,45,89,110,128,9,40,39" hai2="26,36,84,111,37,72,8,81,54,47,115,121,123" hai3="0,48,71,57,46,109,116,99,7,56,90,82,118"/><U106/><E32/><V103/><F111/><N who="1" m="42537" /><E89/><V130/><F115/><W22/><G109/><T97/><D112/><U58/><E128/><V113/><F130/><W41/><G71/><T6/><D68/><U105/><E101/><V23/><F103/><W14/><G0/><T86/><D97/><U42/><E58/><V85/><F72/><W63/><G63/><T126/><D126/><U29/><E29/><V20/><F113/><W134/><G134/><N who="0" m="51211" /><D12/><U114/><E114/><V3/><F8/><N who="1" m="3145" /><E42/><V35/><F35/><W70/><G70/><T88/><D77/><U119/><E119/><N who="3" m="45610" /><G7/><T59/><AGARI ba="0,0" hai="4,6,43,44,51,55,59,62,83,86,88" m="51211" machi="59" ten="30,2000,0" yaku="20,1,54,1" doraHai="61" who="0" fromWho="0" sc="414,20,167,-10,149,-5,270,-5" /><INIT seed="6,0,0,3,0,62" ten="434,157,144,265" oya="2" hai0="83,5,34,50,64,59,126,85,104,13,107,55,73" hai1="121,18,35,117,131,102,67,96,118,49,9,97,80" hai2="74,17,132,48,33,82,24,90,135,21,61,92,86" hai3="112,28,94,76,109,115,47,98,75,124,1,123,134"/><V127/><F127/><W58/><G1/><T69/><D34/><U71/><E35/><V105/><F105/><W87/><G124/><T81/><D126/><U22/><E131/><V78/><F61/><W119/><G28/><T129/><D64/><U54/><E121/><V128/><F128/><W14/><G47/><T113/><D69/><U130/><E130/><V51/><REACH who="2" step="1"/><F33/><REACH who="2" ten="434,157,134,265" step="2"/><W122/><G119/><T40/><D129/><U93/><E118/><V103/><F103/><W16/><G123/><T114/><D107/><U39/><E117/><V8/><F8/><N who="3" m="6215" /><G122/><T45/><D104/><U25/><E9/><V110/><F110/><W2/><G109/><T63/><D113/><N who="3" m="43593" /><G134/><AGARI ba="0,1" hai="17,21,24,48,51,74,78,82,86,90,92,132,134,135" machi="134" ten="40,7700,0" yaku="1,1,20,1,53,1" doraHai="62" doraHaiUra="72" who="2" fromWho="3" sc="434,0,157,0,134,87,265,-77" /><INIT seed="6,1,0,5,2,97" ten="434,157,221,188" oya="2" hai0="81,110,72,127,19,25,108,124,17,135,106,59,85" hai1="26,112,35,104,58,20,31,37,55,48,56,87,6" hai2="21,107,9,38,16,84,30,103,14,123,71,78,33" hai3="42,74,79,3,80,44,133,82,92,102,46,7,22"/><V28/><F123/><W27/><G133/><T128/><D135/><U23/><E37/><V126/><F126/><N who="0" m="48170" /><D128/><U43/><E112/><V105/><F38/><N who="3" m="21591" /><G46/><T70/><D70/><U39/><E104/><V88/><F71/><W75/><G75/><T109/><D106/><U18/><E35/><V36/><F36/><W15/><G82/><T50/><D72/><U52/><E39/><V94/><F33/><W0/><G0/><T113/><D113/><U24/><E6/><V40/><F40/><W68/><G68/><T66/><D25/><U132/><E132/><V116/><F116/><W47/><G47/><T62/><D50/><U77/><E43/><V51/><F107/><W130/><G15/><T69/><D69/><U119/><E119/><V54/><F105/><W13/><G13/><T117/><D117/><U134/><E134/><V101/><F78/><AGARI ba="1,0" hai="17,19,59,62,66,78,81,85,108,109,110" m="48170" machi="78" ten="40,1300,0" yaku="18,1" doraHai="97" who="0" fromWho="2" sc="434,16,157,0,221,-16,188,0" /><INIT seed="7,0,0,2,4,93" ten="450,157,205,188" oya="3" hai0="65,24,51,4,79,39,13,109,127,35,114,56,19" hai1="134,37,60,58,128,133,126,32,21,53,87,64,89" hai2="130,67,83,62,97,115,119,8,36,108,104,82,66" hai3="91,100,118,123,47,22,102,106,40,9,6,43,71"/><W7/><G123/><T98/><D39/><U96/><E32/><V26/><F36/><W41/><G118/><T132/><D79/><U88/><E37/><V10/><F108/><W45/><G71/><T70/><D70/><U117/><E117/><V129/><F119/><W76/><G76/><T77/><D4/><N who="3" m="1577" /><G106/><T92/><D114/><U69/><E126/><V72/><F115/><W15/><G22/><T42/><D77/><U20/><E128/><N who="2" m="49259" /><F26/><W59/><G59/><T27/><D132/><N who="1" m="50795" /><E89/><V18/><F72/><W49/><G91/><T46/><D56/><U112/><E112/><V33/><F33/><W131/><G131/><T121/><D65/><N who="2" m="24586" /><F62/><W103/><G49/><T120/><D35/><U61/><E96/><V16/><F97/><W1/><G1/><T30/><D127/><U135/><N who="1" m="50803" /><U54/><DORA hai="17" /><E54/><V99/><F99/><W111/><G111/><T12/><D109/><U29/><E29/><V23/><F104/><W50/><G50/><T52/><D51/><U90/><E90/><V25/><F18/><AGARI ba="0,0" hai="9,15,18,40,41,43,45,47,100,102,103" m="1577" machi="18" ten="30,1500,0" yaku="8,1" doraHai="93,17" who="3" fromWho="2" sc="450,0,157,0,205,-15,188,15" /><INIT seed="7,1,0,2,4,74" ten="450,157,190,203" oya="3" hai0="100,75,38,104,18,129,91,106,81,115,93,9,70" hai1="64,78,56,124,50,67,73,13,1,22,36,34,55" hai2="76,8,45,77,131,29,28,3,112,19,57,126,114" hai3="95,7,120,125,101,48,53,27,44,111,89,52,15"/><W62/><G120/><T68/><D38/><U83/><E34/><V21/><F126/><W6/><G125/><T39/><D39/><U51/><E124/><V103/><F131/><W109/><G101/><T16/><D100/><U107/><E36/><V117/><F103/><W96/><G27/><T65/><D9/><U20/><E1/><V86/><F117/><W23/><G23/><T41/><D41/><U105/><E22/><V31/><F3/><W11/><G6/><T88/><D93/><U43/><E43/><V119/><F119/><W32/><G32/><T92/><D92/><U58/><E51/><V26/><F8/><W134/><G134/><T82/><D75/><U87/><E73/><V17/><F45/><W2/><REACH who="3" step="1"/><G2/><REACH who="3" ten="450,157,190,193" step="2"/><T118/><D118/><U94/><E107/><V102/><F102/><W5/><G5/><T10/><D106/><U60/><E105/><V24/><F86/><W90/><G90/><T0/><D104/><U116/><E116/><V63/><F112/><W37/><G37/><T25/><D115/><U79/><E94/><V30/><F114/><W113/><G113/><T135/><D135/><U66/><E79/><N who="2" m="30283" /><F26/><W4/><G4/><T133/><D133/><U40/><E40/><V47/><F47/><W69/><G69/><T54/><D70/><U127/><E127/><V123/><F123/><W42/><G42/><T130/><D68/><U33/><E33/><V128/><F128/><W108/><G108/><T97/><D130/><U46/><E46/><V71/><F71/><W110/><G110/><T35/><D91/><U12/><E20/><RYUUKYOKU ba="1,1" sc="450,-30,157,10,190,10,193,10" hai1="12,13,50,55,56,58,60,64,66,67,78,83,87" hai2="17,19,21,24,28,29,30,31,57,63" hai3="7,11,15,44,48,52,53,62,89,95,96,109,111" /><INIT seed="7,2,1,1,4,8" ten="420,167,200,203" oya="3" hai0="9,55,17,15,35,73,89,66,70,37,62,105,13" hai1="5,72,84,61,47,108,2,116,74,111,85,12,69" hai2="119,44,45,122,59,129,18,60,40,11,101,24,114" hai3="96,42,22,10,64,50,130,80,21,93,52,88,49"/><W58/><G130/><T19/><D105/><U77/><E2/><V31/><F119/><W65/><G80/><T86/><D73/><U121/><E47/><V127/><F129/><W16/><G10/><T38/><D35/><U134/><E5/><V135/><F127/><W115/><G115/><T75/><D75/><N who="1" m="28715" /><E12/><V124/><F114/><W57/><G22/><T33/><D55/><U110/><E61/><V87/><F124/><W14/><G58/><T36/><D33/><U125/><E125/><V117/><F117/><W41/><G50/><T83/><D38/><U100/><E69/><V112/><F135/><W0/><REACH who="3" step="1"/><G0/><REACH who="3" ten="420,167,200,193" step="2"/><T25/><D25/><U54/><E116/><V98/><F112/><W71/><G71/><T92/><D83/><N who="1" m="47215" /><E134/><V51/><F122/><W126/><G126/><T133/><D133/><U131/><E131/><V43/><F11/><AGARI ba="2,2" hai="9,11,13,15,17,19,36,37,62,66,70,86,89,92" machi="11" ten="30,7700,0" yaku="7,1,9,1,52,2" doraHai="8" who="0" fromWho="2" sc="420,103,167,0,200,-83,193,0" owari="523,62.0,167,-23.0,117,-38.0,193,-1.0" /></mjloggm>