<mjloggm ver="2.3"><GO type="41" lobby="0"/><UN n0="%E3%81%AF%E3%82%80%E3%81%97" n1="%E7%B7%91%E3%83%89%E3%83%B3%31%34%30%30%30" n2="%E7%A9%82%E5%AE%89" n3="%E2%93%9D%53%75%70%68%78" dan="15,14,16,18" rate="1997.65,1876.53,2010.46,2102.70" sx="M,M,M,M"/><TAIKYOKU oya="0"/><INIT seed="0,0,0,4,0,108" ten="250,250,250,250" oya="0" hai0="52,16,53,90,130,51,27,87,48,36,59,83,55" hai1="92,33,106,122,109,76,81,97,5,46,127,85,8" hai2="94,34,114,43,110,112,10,13,103,80,115,15,113" hai3="84,70,96,104,3,78,124,72,100,105,39,1,54"/><T133/><D133/><U129/><E122/><V23/><N who="2" m="28672" /><DORA hai="56" /><V25/><F110/><W45/><G84/><T89/><D36/><U9/><E109/><V86/><F34/><W12/><G12/><T131/><D90/><U17/><E33/><V88/><F43/><W29/><G54/><T101/><D101/><U102/><E129/><N who="0" m="49161" /><D48/><U11/><E127/><V4/><F15/><W41/><G124/><T135/><D135/><U123/><E123/><V128/><F128/><W14/><G14/><T91/><D91/><U42/><E17/><V107/><F107/><W30/><G105/><T32/><D32/><U37/><E106/><V75/><F103/><W44/><G100/><T125/><D125/><U120/><REACH who="1" step="1"/><E120/><REACH who="1" ten="250,240,250,250" step="2"/><V65/><F65/><W67/><G67/><T73/><D73/><U95/><E95/><V68/><F75/><W31/><G72/><T126/><D126/><U19/><E19/><V116/><F116/><W18/><G18/><T57/><D51/><U98/><E98/><V40/><F68/><W79/><G70/><T61/><D57/><U63/><E63/><V134/><F134/><W20/><G104/><T47/><D47/><U28/><E28/><V22/><F94/><W117/><G31/><T38/><D38/><U24/><E24/><V74/><F74/><W7/><G39/><T49/><D49/><U93/><E93/><V62/><F62/><W50/><G50/><T118/><D118/><U121/><E121/><V77/><F25/><W58/><G117/><T60/><D59/><U26/><E26/><V21/><F40/><W111/><G111/><RYUUKYOKU ba="0,1" sc="250,10,240,10,250,10,250,-30" hai0="16,27,52,53,55,60,61,83,87,89" hai1="5,8,9,11,37,42,46,76,81,85,92,97,102" hai2="4,10,13,21,22,23,77,80,86,88" /><INIT seed="0,1,1,2,1,92" ten="260,250,260,220" oya="0" hai0="52,48,56,125,60,127,74,7,50,122,3,73,69" hai1="115,40,120,118,16,21,101,124,85,63,112,114,131" hai2="51,95,9,36,109,29,54,91,128,135,11,19,25" hai3="26,96,133,45,1,103,76,130,67,65,37,4,14"/><T94/><D122/><U93/><E120/><V108/><F36/><W17/><G130/><T15/><D3/><U10/><E118/><V38/><F38/><W71/><G133/><T121/><D121/><U0/><E131/><V77/><F77/><W100/><G100/><T6/><D69/><U8/><E124/><N who="0" m="47689" /><D94/><U39/><E0/><V102/><F102/><W20/><G76/><T78/><D78/><U32/><E32/><V13/><F11/><W66/><G1/><T18/><D50/><U84/><E63/><V57/><F135/><W97/><G71/><T104/><D104/><U64/><E64/><V27/><F128/><W117/><G103/><T2/><D2/><U41/><E85/><V62/><F51/><W43/><REACH who="3" step="1"/><G117/><REACH who="3" ten="260,250,260,210" step="2"/><T98/><D73/><U116/><E116/><V123/><F123/><W111/><G111/><T59/><D74/><U89/><E101/><V106/><F106/><W132/><G132/><T22/><D98/><U28/><E28/><V119/><F29/><W105/><G105/><T99/><D99/><U113/><E113/><V110/><F119/><W35/><G35/><T70/><D70/><U31/><E31/><V44/><F110/><W82/><G82/><T24/><D24/><N who="2" m="9290" /><F109/><W5/><G5/><T107/><D107/><U79/><E79/><V87/><F108/><W34/><G34/><T81/><D81/><U58/><E115/><V30/><F30/><W126/><G126/><T80/><D80/><U83/><E83/><V46/><AGARI ba="1,2" hai="9,13,19,44,46,54,57,62,87,91,95" m="9290" machi="46" ten="30,1100,0" yaku="8,1" doraHai="92" who="2" fromWho="2" sc="260,-6,250,-4,260,34,210,-4" /><INIT seed="1,0,0,1,0,64" ten="254,246,294,206" oya="1" hai0="34,68,74,127,5,18,106,4,11,21,60,35,126" hai1="115,97,9,30,79,24,1,25,131,52,124,65,77" hai2="111,89,7,105,59,99,12,6,122,14,15,75,93" hai3="86,69,51,28,87,125,46,45,102,96,42,16,72"/><U39/><E115/><V84/><F122/><W90/><G72/><T44/><D106/><U100/><E131/><V50/><F75/><W123/><G123/><T13/><D74/><U47/><E124/><N who="0" m="47657" /><D44/><U62/><E25/><V130/><F130/><W73/><G73/><T83/><D83/><U56/><E9/><V8/><F111/><W10/><G28/><T92/><D92/><N who="1" m="58407" /><E1/><V48/><F7/><N who="0" m="2634" /><D60/><U113/><E113/><V120/><F120/><W116/><G125/><T37/><D37/><U104/><E104/><V31/><F31/><W117/><G117/><T91/><D91/><U3/><E3/><V41/><F105/><W0/><G90/><T81/><D81/><U22/><E39/><V103/><F41/><W33/><G42/><T80/><D80/><U71/><E71/><V119/><F119/><W101/><G69/><T36/><D36/><U118/><E118/><V108/><F103/><W32/><G102/><T67/><D67/><U57/><E47/><V19/><F99/><W78/><G96/><T49/><D49/><AGARI ba="0,0" hai="22,24,30,49,52,56,57,62,65,77,79" m="58407" machi="49" ten="30,5800,0" yaku="25,1,8,1,54,1" doraHai="64" who="1" fromWho="0" sc="254,-58,246,58,294,0,206,0" /><INIT seed="1,1,0,5,1,26" ten="196,304,294,206" oya="1" hai0="133,94,19,44,95,51,107,8,102,80,11,114,84" hai1="131,56,79,67,64,104,48,99,96,115,88,90,91" hai2="129,82,81,89,85,52,93,0,60,110,75,127,134" hai3="86,36,77,135,63,132,100,9,6,53,121,24,54"/><U112/><E48/><V116/><F0/><W4/><G36/><T83/><D114/><N who="1" m="43563" /><E56/><N who="2" m="34823" /><F116/><W40/><G121/><T66/><D133/><U117/><E117/><V30/><F75/><W41/><G100/><T39/><D39/><U7/><E7/><V87/><F134/><W10/><G24/><T29/><D66/><N who="1" m="25131" /><E104/><V17/><F110/><W118/><G118/><T103/><D29/><U57/><E57/><V37/><F30/><W22/><G63/><T20/><D107/><U28/><E28/><V12/><F127/><W35/><G135/><T27/><D102/><U33/><E79/><N who="2" m="46271" /><F129/><W13/><G132/><T98/><D94/><U108/><E131/><V120/><F120/><W109/><G109/><T15/><D83/><U97/><E108/><V50/><F50/><W69/><G6/><T119/><D119/><U18/><E18/><V105/><F105/><W111/><G4/><T61/><D61/><U47/><E47/><V101/><F37/><W38/><G38/><T73/><D73/><U70/><E70/><V130/><F130/><W34/><G69/><T31/><D8/><U58/><E58/><V92/><F101/><W49/><G111/><T16/><D44/><U32/><AGARI ba="1,0" hai="32,33,88,90,91,96,97,99" m="25131,43563" machi="32" ten="40,7800,0" yaku="28,2,54,1" doraHai="26" who="1" fromWho="1" sc="196,-27,304,81,294,-27,206,-27" /><INIT seed="1,2,0,0,4,51" ten="169,385,267,179" oya="1" hai0="82,123,135,3,95,121,77,102,62,111,12,73,70" hai1="127,25,58,4,39,115,53,11,66,107,63,5,113" hai2="72,96,31,21,0,41,23,49,38,103,15,42,126" hai3="37,108,93,34,114,91,130,99,101,125,79,32,2"/><U75/><E75/><V67/><F72/><W16/><G114/><T64/><D3/><U36/><E107/><V76/><F76/><W129/><G37/><T48/><D111/><U54/><E25/><V57/><F0/><W105/><G2/><T9/><D135/><U10/><E127/><V74/><F74/><W83/><G108/><T90/><D48/><U33/><E33/><V14/><F38/><N who="1" m="14377" /><E58/><V118/><F118/><W8/><G125/><T17/><REACH who="0" step="1"/><D102/><REACH who="0" ten="159,385,267,179" step="2"/><U134/><E134/><V59/><F126/><W61/><G101/><T20/><D20/><U26/><E63/><V132/><F132/><W55/><G34/><T52/><D52/><N who="1" m="20075" /><E66/><V44/><F67/><W86/><G32/><T85/><AGARI ba="2,1" hai="9,12,17,62,64,70,73,77,82,85,90,95,121,123" machi="85" ten="30,2000,0" yaku="1,1,0,1,53,0" doraHai="51" doraHaiUra="50" who="0" fromWho="0" sc="159,36,385,-12,267,-7,179,-7" /><INIT seed="2,0,0,4,1,107" ten="195,373,260,172" oya="2" hai0="36,114,39,133,14,24,81,10,76,64,22,11,56" hai1="55,79,41,62,69,124,121,86,75,65,7,60,21" hai2="92,29,119,96,85,54,109,5,90,66,98,28,48" hai3="6,25,126,103,125,116,19,1,87,8,31,101,94"/><V0/><F119/><W102/><G116/><T91/><D114/><U88/><E41/><V44/><F109/><W135/><G135/><T100/><D133/><U35/><E35/><V45/><F66/><W13/><G87/><T111/><D111/><U15/><E124/><V37/><F0/><W104/><G104/><T84/><D100/><U53/><E121/><V127/><F5/><W131/><G94/><T82/><D56/><U106/><E106/><V40/><REACH who="2" step="1"/><F127/><REACH who="2" ten="195,373,250,172" step="2"/><W132/><G132/><T49/><D64/><U128/><E128/><V4/><F4/><W108/><G108/><T74/><D49/><U63/><E65/><V77/><F77/><W59/><G131/><T99/><D39/><U30/><E69/><V68/><F68/><W120/><G120/><T42/><D36/><U33/><E79/><V32/><F32/><W83/><G126/><T9/><D76/><U78/><E33/><V26/><F26/><W97/><G125/><T58/><D24/><U3/><E3/><V129/><F129/><W70/><G70/><T43/><D14/><U80/><E7/><V112/><F112/><W115/><G115/><T105/><D42/><U52/><E15/><V20/><F20/><N who="3" m="15783" /><G1/><T73/><D22/><U95/><REACH who="1" step="1"/><E21/><REACH who="1" ten="195,363,250,172" step="2"/><V123/><F123/><W34/><G34/><T27/><D43/><U93/><E93/><V12/><F12/><W67/><G6/><T110/><D110/><U89/><E89/><V57/><F57/><W72/><G59/><T51/><D58/><U113/><E113/><V122/><F122/><W118/><G67/><T46/><D91/><RYUUKYOKU ba="0,2" sc="195,-15,363,15,250,15,172,-15" hai1="30,52,53,55,60,62,63,75,78,80,86,88,95" hai2="28,29,37,40,44,45,48,54,85,90,92,96,98" /><INIT seed="2,1,2,4,3,42" ten="180,378,265,157" oya="2" hai0="130,129,97,94,45,104,98,123,65,118,80,49,13" hai1="2,100,79,23,60,6,110,64,134,33,51,105,24" hai2="46,40,15,108,93,27,61,43,90,81,117,1,31" hai3="121,125,89,37,71,20,28,3,34,112,111,30,70"/><V128/><F117/><W29/><G121/><T124/><D123/><U52/><E110/><V73/><F1/><W47/><G34/><T7/><D118/><U83/><E134/><V78/><F108/><W62/><G111/><T101/><D124/><U10/><E105/><V14/><F61/><W69/><G3/><T22/><D65/><U57/><E33/><V114/><F128/><N who="0" m="49258" /><D80/><U102/><E24/><V56/><F56/><W84/><G112/><T99/><D104/><U88/><E23/><V59/><F59/><W9/><G9/><N who="0" m="4287" /><D22/><U91/><E102/><V131/><F114/><W44/><G37/><T5/><D5/><U103/><E103/><V77/><F77/><W32/><G32/><T74/><D74/><U11/><E100/><V53/><F131/><W76/><G76/><T106/><D106/><U21/><E21/><V126/><F126/><W87/><G20/><T63/><D63/><U85/><E11/><V92/><F92/><W38/><G38/><T116/><D116/><U25/><E25/><V18/><F27/><W135/><G125/><T50/><D50/><U86/><E86/><N who="3" m="32810" /><G62/><T68/><D68/><AGARI ba="1,2" hai="2,6,10,51,52,57,60,64,68,79,83,85,88,91" machi="68" ten="30,3900,0" yaku="7,1,54,2" doraHai="42" who="1" fromWho="0" sc="180,-42,378,62,265,0,157,0" /><INIT seed="3,0,0,5,5,21" ten="138,440,265,157" oya="3" hai0="47,15,4,33,120,38,127,23,92,3,35,130,74" hai1="70,24,36,12,20,132,60,82,81,40,49,8,96" hai2="116,48,124,133,68,41,7,119,17,79,97,87,85" hai3="113,76,10,91,1,89,106,52,80,75,112,57,46"/><W84/><G106/><T42/><D120/><U134/><E36/><V94/><F68/><W131/><G131/><T77/><D130/><U53/><E96/><V123/><F123/><W66/><G66/><T71/><D71/><U28/><E40/><V64/><F64/><W104/><G104/><T126/><D92/><U51/><E60/><V98/><F133/><N who="1" m="51305" /><E70/><V90/><F7/><W69/><G69/><T72/><D23/><U95/><E95/><V14/><F124/><N who="0" m="47658" /><D15/><U93/><E93/><V100/><F98/><W73/><G73/><N who="0" m="28267" /><D77/><U9/><E9/><AGARI ba="0,0" hai="3,4,9,33,35,38,42,47" m="28267,47658" machi="9" ten="30,2000,0" yaku="18,1,23,1" doraHai="21" who="0" fromWho="1" sc="138,20,440,-20,265,0,157,0" /><INIT seed="4,0,0,2,5,65" ten="158,420,265,157" oya="0" hai0="121,128,67,56,92,96,84,119,118,117,34,40,81" hai1="22,45,39,15,110,123,95,11,31,133,98,80,93" hai2="76,35,112,129,57,41,64,107,14,105,51,24,29" hai3="60,27,33,132,126,52,42,122,58,116,49,114,73"/><T106/><D121/><U66/><E123/><V25/><F112/><W127/><G73/><T12/><D128/><U47/><E110/><V71/><F129/><W104/><G104/><T8/><D34/><U4/><E133/><V30/><F76/><W124/><G122/><T37/><D106/><U46/><E39/><V9/><F41/><W94/><G116/><T78/><D40/><U23/><E66/><V17/><F71/><W61/><G114/><T90/><D37/><U70/><E70/><V100/><F100/><W108/><G108/><T10/><REACH who="0" step="1"/><D12/><REACH who="0" ten="148,420,265,157" step="2"/><U26/><E80/><V131/><F131/><W62/><G42/><T1/><D1/><U44/><N who="1" m="11264" /><DORA hai="134" /><U88/><REACH who="1" step="1"/><E95/><REACH who="1" ten="148,410,265,157" step="2"/><V16/><F107/><W21/><G132/><T43/><D43/><U63/><E63/><AGARI ba="0,2" hai="8,10,56,63,67,78,81,84,90,92,96,117,118,119" machi="63" ten="40,12000,1" yaku="1,1,53,3" doraHai="65,134" doraHaiUra="53,5" who="0" fromWho="1" sc="148,140,410,-120,265,0,157,0" /><INIT seed="4,1,0,3,1,62" ten="288,290,265,157" oya="0" hai0="49,28,37,24,114,96,113,0,19,127,110,54,91" hai1="25,8,51,119,99,5,122,116,35,66,112,117,97" hai2="108,15,2,53,29,75,57,48,58,52,84,67,72" hai3="135,10,61,87,125,30,81,94,3,92,76,16,126"/><T109/><D37/><U59/><E122/><V134/><F108/><N who="0" m="41578" /><D0/><U104/><E112/><N who="0" m="43113" /><D127/><N who="3" m="48649" /><G30/><T18/><D91/><U88/><E104/><V78/><F134/><W115/><G115/><T46/><D96/><U79/><E79/><V130/><F130/><W90/><G135/><T71/><D71/><U123/><E123/><V13/><F29/><W82/><G3/><T86/><D86/><U129/><E129/><V100/><F2/><W11/><G11/><T93/><D93/><U14/><E88/><V73/><F100/><W4/><G4/><T40/><D40/><U17/><E51/><V50/><F84/><N who="3" m="48167" /><G61/><T32/><AGARI ba="1,0" hai="18,19,24,28,32,46,49,54" m="43113,41578" machi="32" ten="30,3000,0" yaku="10,1,15,1" doraHai="62" who="0" fromWho="0" sc="288,33,290,-11,265,-11,157,-11" /><INIT seed="4,2,0,5,4,61" ten="321,279,254,146" oya="0" hai0="90,103,94,53,52,133,83,85,135,80,4,115,75" hai1="130,79,38,84,57,95,106,11,126,6,8,76,27" hai2="7,104,63,1,101,97,67,73,131,129,111,69,127" hai3="2,16,110,112,36,40,30,17,72,3,62,18,77"/><T10/><D115/><U105/><E38/><V78/><F111/><W89/><G110/><T31/><D31/><U134/><E130/><N who="2" m="49675" /><F127/><W22/><G112/><T25/><D25/><U109/><E109/><V123/><F123/><W120/><G120/><T47/><D103/><U102/><E134/><N who="0" m="51209" /><D47/><U124/><E27/><V45/><F45/><W48/><G36/><T13/><D75/><U121/><E121/><V117/><F117/><W21/><G30/><T43/><D43/><U122/><E122/><V113/><F113/><W108/><G108/><T128/><D128/><U37/><E37/><V100/><F100/><W82/><G40/><T15/><D13/><U19/><E57/><V132/><F132/><W65/><G48/><T96/><D83/><U107/><E19/><V24/><F24/><W64/><G89/><T56/><D56/><U99/><E84/><V20/><F20/><W39/><G39/><T23/><D23/><U118/><E118/><V54/><F73/><W71/><REACH who="3" step="1"/><G65/><REACH who="3" ten="321,279,254,136" step="2"/><T119/><D119/><U70/><E70/><V87/><F67/><W12/><G12/><T14/><D14/><U9/><REACH who="1" step="1"/><E6/><REACH who="1" ten="321,269,254,136" step="2"/><V60/><F7/><W41/><G41/><T50/><D50/><U42/><E42/><V81/><F69/><W28/><G28/><T93/><D96/><U66/><E66/><V114/><F114/><W29/><G29/><T44/><D44/><U91/><E91/><V86/><F97/><W92/><G92/><AGARI ba="2,2" hai="4,10,15,52,53,80,85,90,92,93,94" m="51209" machi="92" ten="30,2900,0" yaku="20,1,54,1" doraHai="61" who="0" fromWho="3" sc="321,55,269,0,254,0,136,-35" /><INIT seed="4,3,0,4,0,121" ten="376,269,254,101" oya="0" hai0="107,7,42,89,100,70,11,111,25,61,49,95,98" hai1="41,44,36,12,135,5,132,116,1,0,26,69,93" hai2="127,80,133,109,87,124,126,60,75,27,24,113,30" hai3="4,86,123,85,99,40,48,18,21,3,59,56,54"/><T52/><D111/><U81/><E116/><V19/><F75/><W63/><G123/><T46/><D25/><U47/><E12/><V130/><F113/><W114/><G114/><T57/><D70/><U51/><E26/><V104/><F104/><W90/><G3/><T9/><REACH who="0" step="1"/><D7/><REACH who="0" ten="366,269,254,101" step="2"/><U2/><E69/><V71/><F24/><W55/><G4/><T108/><D108/><U33/><E5/><V20/><F109/><W53/><G59/><T77/><D77/><U129/><E129/><V118/><F130/><W110/><G110/><T103/><D103/><U84/><E33/><V79/><F71/><W134/><G56/><T43/><D43/><U88/><REACH who="1" step="1"/><E81/><REACH who="1" ten="366,259,254,101" step="2"/><V117/><F80/><W14/><G14/><T8/><D8/><U15/><E15/><V120/><F27/><W72/><G21/><T131/><D131/><U102/><E102/><V96/><F20/><W35/><G35/><T76/><D76/><U28/><E28/><V32/><F79/><W37/><G18/><T64/><D64/><U94/><E94/><V10/><F30/><W29/><G29/><T45/><D45/><U112/><E112/><V62/><F32/><W92/><G92/><T128/><D128/><U38/><E38/><V78/><F78/><W74/><G37/><T58/><D58/><U115/><E115/><V6/><F6/><W106/><G74/><T119/><D119/><U66/><E66/><V16/><F117/><W82/><G72/><T68/><D68/><U67/><E67/><V73/><F118/><W105/><G82/><T34/><D34/><U91/><E91/><RYUUKYOKU ba="3,2" sc="366,15,259,15,254,-15,101,-15" hai0="9,11,42,46,49,52,57,61,89,95,98,100,107" hai1="0,1,2,36,41,44,47,51,84,88,93,132,135" /><INIT seed="4,4,2,5,5,8" ten="381,274,239,86" oya="0" hai0="37,34,83,64,57,104,109,62,82,75,128,94,45" hai1="7,88,76,19,132,11,12,111,81,38,99,46,32" hai2="74,26,20,61,47,15,135,63,58,68,87,72,36" hai3="129,89,1,60,78,27,110,113,118,96,134,48,91"/><T4/><D104/><U49/><E111/><V35/><F68/><W85/><G1/><T71/><D109/><U125/><E132/><V126/><F135/><W101/><G110/><T92/><D34/><U54/><E38/><V43/><F126/><W22/><G118/><T44/><D128/><U17/><E32/><V14/><F35/><W30/><G113/><T98/><D75/><U95/><E125/><V9/><F63/><W93/><G129/><T24/><D71/><U25/><REACH who="1" step="1"/><E25/><REACH who="1" ten="381,264,239,86" step="2"/><V119/><F26/><W52/><G134/><T6/><D37/><U84/><AGARI ba="4,3" hai="7,11,12,17,19,46,49,54,76,81,84,88,95,99" machi="84" ten="20,12000,2" yaku="1,1,2,1,0,1,7,1,8,1,52,1,54,1,53,0" doraHai="8" doraHaiUra="59" who="1" fromWho="1" sc="381,-64,264,162,239,-34,86,-34" /><INIT seed="5,0,0,0,0,88" ten="317,426,205,52" oya="1" hai0="39,78,131,31,82,123,8,11,77,133,117,86,46" hai1="70,120,33,32,103,0,24,13,1,75,45,42,35" hai2="122,38,3,98,15,40,112,27,49,107,9,118,84" hai3="54,132,4,106,89,81,135,18,5,65,22,2,126"/><U115/><E75/><V26/><F118/><W30/><G65/><T63/><D117/><U67/><E103/><V6/><F122/><W47/><G106/><T116/><D116/><U43/><E120/><V130/><F38/><W10/><G54/><T66/><D123/><U119/><E115/><V52/><F40/><W16/><G81/><T85/><D131/><U55/><E119/><V21/><F112/><W19/><G89/><T80/><D133/><N who="3" m="51273" /><G47/><T100/><D31/><U64/><E24/><V87/><F130/><W134/><N who="3" m="51281" /><W56/><DORA hai="94" /><G56/><T110/><D110/><U69/><E13/><V95/><F107/><W23/><G126/><T97/><D46/><U109/><E109/><V68/><F68/><N who="1" m="26217" /><E55/><V36/><F36/><W29/><G5/><T72/><D72/><U102/><E102/><V125/><F125/><W28/><AGARI ba="0,0" hai="2,4,10,16,18,19,22,23,28,29,30" m="51281" machi="28" ten="50,8000,1" yaku="20,1,34,2,54,1" doraHai="88,94" who="3" fromWho="3" sc="317,-20,426,-40,205,-20,52,80" /><INIT seed="6,0,0,0,4,127" ten="297,386,185,132" oya="2" hai0="122,105,75,133,114,128,6,36,62,134,54,33,132" hai1="106,20,76,13,87,34,124,24,11,8,85,108,129" hai2="64,27,130,115,3,84,41,91,31,18,51,74,44" hai3="16,97,5,15,82,23,77,50,65,100,53,89,118"/><V120/><F120/><W60/><G118/><T88/><D122/><U1/><E106/><V37/><F3/><W73/><G5/><T78/><D114/><U113/><E108/><V9/><F74/><W56/><G89/><T123/><D123/><U14/><E76/><V116/><F116/><W111/><G111/><T21/><D33/><U48/><E48/><V42/><F115/><W92/><REACH who="3" step="1"/><G50/><REACH who="3" ten="297,386,185,122" step="2"/><T131/><D88/><U125/><E113/><V104/><F91/><W99/><G99/><T55/><D6/><N who="1" m="1103" /><E87/><V83/><F51/><W72/><G72/><T98/><D75/><U40/><E85/><V119/><F84/><W2/><G2/><T101/><D132/><U17/><E40/><V43/><F43/><W19/><G19/><T57/><D98/><U59/><E59/><V135/><F18/><W32/><G32/><T110/><D57/><U46/><E46/><V45/><F45/><W109/><G109/><T25/><D110/><U63/><E63/><V30/><F42/><W102/><G102/><T94/><D101/><U68/><E68/><V4/><F41/><W67/><AGARI ba="0,1" hai="15,16,23,53,56,60,65,67,73,77,82,92,97,100" machi="67" ten="30,7900,0" yaku="1,1,0,1,54,1,53,1" doraHai="127" doraHaiUra="12" who="3" fromWho="3" sc="297,-20,386,-20,185,-39,122,89" /><INIT seed="7,0,0,2,1,117" ten="277,366,146,211" oya="3" hai0="96,75,102,35,3,70,111,84,91,76,65,106,37" hai1="40,131,120,7,125,62,39,79,87,89,56,114,123" hai2="88,90,17,127,44,12,82,128,13,41,124,33,112" hai3="83,34,105,94,80,52,58,47,100,66,5,22,8"/><W129/><G105/><T48/><D37/><U25/><E79/><V68/><F33/><W55/><G34/><T11/><D111/><U85/><E7/><V77/><F68/><W10/><G129/><T23/><D35/><U18/><E131/><V49/><F128/><W126/><G126/><T135/><D135/><U121/><E125/><V118/><F118/><W108/><G108/><T42/><D23/><U2/><E2/><V95/><F112/><W27/><G66/><T133/><D133/><U81/><E114/><V4/><F13/><W60/><G94/><N who="0" m="54631" /><D48/><U64/><E87/><V110/><F110/><W98/><G98/><T72/><D42/><U78/><E78/><V109/><F109/><W63/><G100/><T30/><D30/><U130/><E130/><V86/><F90/><W119/><G119/><T14/><D75/><U31/><E18/><V16/><F127/><W97/><G97/><T50/><D50/><U92/><E92/><V115/><F115/><W36/><G36/><T74/><D74/><U15/><E15/><V122/><F122/><W132/><G132/><T28/><D28/><U61/><E61/><V6/><F124/><W67/><G63/><N who="0" m="40255" /><D3/><U9/><E9/><N who="3" m="3690" /><G5/><N who="0" m="3439" /><D72/><U26/><E31/><V116/><F116/><W59/><G47/><T1/><D1/><U29/><E29/><V32/><F32/><W101/><G101/><T99/><D99/><U38/><REACH who="1" step="1"/><E39/><REACH who="1" ten="277,356,146,211" step="2"/><V104/><F104/><W57/><G60/><T54/><D76/><U107/><E107/><V134/><F134/><W71/><G22/><T73/><D73/><U113/><E113/><RYUUKYOKU ba="0,1" sc="277,15,356,15,146,-15,211,-15" hai0="54,96,102,106" hai1="25,26,38,40,56,62,64,81,85,89,120,121,123" owari="292,9.0,381,48.0,131,-37.0,196,-20.0" /></mjloggm>