<mjloggm ver="2.3"><GO type="41" lobby="0"/><UN n0="%E3%83%80%E3%83%96%E3%83%AB%E3%83%AA%E3%83%BC%E3%83%81%E3%81%AB%E3%82%83" n1="%E3%82%84%E3%81%BE%E3%81%A0%E3%81%A0%E3%81%91%E3%81%A9%E3%82%82" n2="%68%69%6E%6F%65%6D%61%6E" n3="%E2%93%9D%53%75%70%68%78" dan="13,14,13,17" rate="1918.37,1941.66,1879.58,2034.79" sx="F,M,M,M"/><TAIKYOKU oya="0"/><INIT seed="0,0,0,2,2,0" ten="250,250,250,250" oya="0" hai0="114,34,59,33,9,55,120,10,22,45,46,127,83" hai1="102,35,94,84,68,69,27,107,95,31,115,36,80" hai2="87,30,26,8,1,39,91,72,23,47,112,29,96" hai3="86,81,11,93,56,113,40,135,117,104,73,42,121"/><T43/><D120/><U51/><E36/><V118/><F112/><W63/><G104/><T99/><D114/><U4/><E115/><V13/><F118/><W12/><G135/><T20/><D127/><U24/><E107/><V130/><F130/><W37/><G73/><T133/><D133/><U67/><E51/><V49/><F96/><W122/><G93/><T103/><D83/><U6/><E67/><V62/><F72/><W110/><G110/><T79/><D79/><U71/><E27/><V126/><F126/><W98/><G98/><T116/><D116/><U111/><E111/><V101/><F101/><W88/><G37/><T54/><D59/><U108/><E108/><V92/><F39/><W128/><G128/><T7/><D43/><U75/><E75/><V19/><F62/><W52/><G117/><T105/><D99/><U61/><E61/><V76/><F76/><W57/><G57/><T15/><D15/><U66/><E66/><V85/><F85/><W90/><G90/><T60/><D60/><U18/><E18/><V64/><F64/><W44/><G113/><T129/><D105/><U25/><E25/><V82/><F92/><W50/><REACH who="3" step="1"/><G42/><REACH who="3" ten="250,250,250,240" step="2"/><T97/><D97/><U16/><E95/><V74/><F74/><W100/><G100/><T89/><D89/><N who="1" m="51335" /><E94/><V124/><F124/><W41/><G41/><T14/><D103/><U77/><E102/><V119/><F119/><W32/><G32/><T78/><D129/><U125/><E125/><V21/><F82/><W5/><AGARI ba="0,1" hai="5,11,12,40,44,50,52,56,63,81,86,88,121,122" machi="5" ten="30,8000,1" yaku="1,1,0,1,52,1,54,2,53,0" doraHai="0" doraHaiUra="106" who="3" fromWho="3" sc="250,-40,250,-20,250,-20,240,90" /><BYE who="0" /><INIT seed="1,0,0,1,5,37" ten="210,230,230,330" oya="1" hai0="22,46,6,21,84,35,73,50,82,132,125,130,58" hai1="100,8,2,5,123,26,127,52,114,57,29,87,9" hai2="106,39,25,10,86,74,66,11,60,91,81,101,134" hai3="67,78,64,102,111,59,94,103,33,71,135,16,75"/><U112/><E100/><V76/><F134/><W110/><G33/><T4/><D4/><U72/><E72/><V129/><F129/><W77/><G71/><T92/><D92/><U17/><E123/><V45/><F25/><W89/><G59/><T121/><D121/><U69/><E69/><V14/><F14/><W117/><G16/><T40/><D40/><U118/><E118/><V31/><F31/><W79/><G67/><T107/><D107/><U12/><E127/><V55/><F55/><W113/><G64/><T124/><D124/><U70/><E87/><V13/><F13/><W23/><G23/><T42/><D42/><U43/><E43/><V97/><F39/><W18/><G18/><T85/><D85/><U7/><E7/><V19/><F19/><W63/><G63/><T54/><D54/><U115/><E70/><V128/><F45/><W62/><G62/><T51/><D51/><U44/><E44/><V96/><F96/><W68/><G68/><T53/><D53/><U126/><E126/><V88/><F91/><W24/><G75/><T80/><D80/><U48/><REACH who="1" step="1"/><E112/><REACH who="1" ten="210,220,230,330" step="2"/><V122/><F122/><W131/><G113/><T116/><D116/><U95/><E95/><N who="2" m="54679" /><F128/><W0/><G131/><T47/><D47/><U28/><E28/><V90/><F90/><W38/><G89/><T3/><D3/><U41/><E41/><V56/><AGARI ba="0,1" hai="10,11,56,60,66,74,76,81,97,101,106" m="54679" machi="56" ten="30,2000,0" yaku="24,1,54,1" doraHai="37" who="2" fromWho="2" sc="210,-5,220,-10,230,30,330,-5" /><INIT seed="2,0,0,5,5,3" ten="205,210,260,325" oya="2" hai0="7,21,40,112,27,110,100,37,101,14,44,23,134" hai1="107,116,90,73,65,122,4,75,85,0,102,125,117" hai2="113,79,10,74,54,98,5,25,94,104,18,17,58" hai3="106,16,93,72,45,82,43,46,111,84,42,61,1"/><V60/><F113/><W68/><G106/><T135/><D135/><U103/><E65/><V123/><F123/><W129/><G1/><T22/><D22/><U127/><E0/><V33/><F104/><W19/><G72/><N who="1" m="27722" /><E4/><V130/><F130/><W59/><G111/><T29/><D29/><U81/><E122/><V128/><F128/><W9/><G93/><T13/><D13/><U132/><E132/><V30/><F74/><W36/><G68/><T51/><D51/><U41/><E41/><V109/><F79/><W6/><G129/><T87/><D87/><U2/><E2/><V96/><F109/><W120/><G120/><T99/><D99/><N who="1" m="61919" /><E103/><V55/><F55/><W95/><G95/><T78/><D78/><U26/><E26/><V32/><F32/><W38/><G6/><T80/><D80/><U47/><E47/><V24/><F98/><W76/><REACH who="3" step="1"/><G9/><REACH who="3" ten="205,210,260,315" step="2"/><T121/><D121/><U57/><E57/><V11/><F5/><W77/><G77/><T63/><D63/><U92/><E92/><V91/><F18/><W62/><G62/><T66/><D66/><AGARI ba="0,1" hai="16,19,36,38,42,43,45,46,59,61,66,76,82,84" machi="66" ten="30,7700,0" yaku="1,1,7,1,9,1,54,1,53,0" doraHai="3" doraHaiUra="114" who="3" fromWho="0" sc="205,-77,210,0,260,0,315,87" /><INIT seed="3,0,0,5,0,124" ten="128,210,260,402" oya="3" hai0="32,29,58,3,93,41,112,117,120,108,76,69,53" hai1="95,115,119,87,0,8,134,111,79,52,90,26,104" hai2="10,84,78,2,74,121,129,13,18,130,19,77,97" hai3="126,64,67,105,80,75,73,99,40,54,46,16,9"/><W72/><G126/><T23/><D23/><U25/><E115/><V114/><F114/><W15/><G54/><T135/><D135/><U113/><E113/><V109/><F2/><W60/><G105/><T125/><D125/><U36/><E36/><V71/><F71/><W59/><G99/><T12/><D12/><U39/><E39/><V51/><F109/><W103/><G103/><T82/><D82/><U132/><E52/><V42/><F121/><W106/><G106/><T37/><D37/><U98/><E111/><V118/><F118/><W55/><REACH who="3" step="1"/><G80/><REACH who="3" ten="128,210,260,392" step="2"/><T131/><D131/><N who="2" m="50186" /><F97/><W1/><G1/><T38/><D38/><AGARI ba="0,1" hai="9,15,16,38,40,46,55,59,60,64,67,72,73,75" machi="38" ten="40,7700,0" yaku="1,1,54,1,53,1" doraHai="124" doraHaiUra="43" who="3" fromWho="0" sc="128,-77,210,0,260,0,392,87" /><INIT seed="3,1,0,0,4,96" ten="51,210,260,479" oya="3" hai0="114,19,110,74,97,122,27,105,126,98,131,106,25" hai1="11,58,46,32,22,130,13,36,63,67,116,90,5" hai2="89,0,86,47,71,8,129,35,119,43,29,65,75" hai3="56,17,121,118,14,12,23,127,48,9,7,3,128"/><W37/><G37/><T87/><D87/><U80/><E32/><V95/><F119/><W42/><G127/><T132/><D132/><U54/><E130/><V91/><F129/><W41/><G121/><T39/><D39/><U44/><E116/><V50/><F75/><W92/><G118/><T66/><D66/><U84/><E36/><V72/><F72/><W31/><G3/><T102/><D102/><U34/><E34/><V76/><F76/><W108/><G108/><T52/><D52/><U85/><E22/><V134/><F134/><W83/><G31/><T100/><D100/><U10/><E10/><V79/><F79/><W59/><G83/><T69/><D69/><U109/><E109/><V45/><F45/><W113/><G113/><T101/><D101/><U81/><REACH who="1" step="1"/><E67/><REACH who="1" ten="51,200,260,479" step="2"/><V21/><F35/><W93/><G128/><T125/><D125/><U6/><E6/><V94/><F65/><W2/><G7/><T55/><D55/><U77/><AGARI ba="1,1" hai="5,11,13,44,46,54,58,63,77,80,81,84,85,90" machi="77" ten="20,5200,0" yaku="1,1,0,1,7,1,8,1,53,0" doraHai="96" doraHaiUra="104" who="1" fromWho="1" sc="51,-14,200,65,260,-14,479,-27" /><INIT seed="4,0,0,5,4,41" ten="37,265,246,452" oya="0" hai0="120,38,47,51,19,133,102,11,60,45,130,18,36" hai1="35,85,28,128,72,14,13,5,6,75,27,84,125" hai2="135,26,73,12,95,0,71,91,56,88,83,49,44" hai3="64,8,48,43,23,116,94,65,33,129,99,54,67"/><T89/><D89/><U134/><E134/><V92/><F71/><W86/><G33/><T1/><D1/><U40/><E125/><V68/><F68/><W103/><G129/><T96/><D96/><U126/><E128/><V105/><F0/><W62/><G43/><T37/><D37/><U31/><E126/><V52/><F105/><W53/><G8/><T100/><D100/><U57/><E40/><N who="2" m="24711" /><F73/><W4/><G116/><T63/><D63/><U55/><E35/><V108/><F108/><W112/><G112/><T80/><D80/><U3/><E3/><V118/><F118/><W98/><G4/><T113/><D113/><U66/><E27/><V50/><F135/><W32/><G32/><T110/><D110/><U20/><E55/><V107/><F107/><W82/><G54/><T9/><D9/><U58/><REACH who="1" step="1"/><E20/><REACH who="1" ten="37,255,246,452" step="2"/><V111/><F111/><W124/><G23/><T7/><D7/><U24/><E24/><V30/><F12/><W61/><G124/><T77/><D77/><U42/><E42/><V117/><F117/><W69/><G53/><T127/><D127/><U46/><E46/><V132/><F132/><W122/><G67/><AGARI ba="0,1" hai="5,6,13,14,28,31,57,58,66,67,72,75,84,85" machi="67" ten="25,3200,0" yaku="1,1,22,2,53,0" doraHai="41" doraHaiUra="97" who="1" fromWho="3" sc="37,0,255,42,246,0,452,-32" /><INIT seed="5,0,0,2,4,81" ten="37,297,246,420" oya="1" hai0="71,92,17,10,83,101,22,87,34,28,49,42,11" hai1="93,55,19,103,38,69,59,106,25,132,107,41,56" hai2="97,109,13,50,67,21,0,110,62,33,72,114,64" hai3="12,89,98,84,116,94,70,90,31,112,37,9,3"/><U91/><E69/><V129/><F72/><W111/><G111/><T8/><D8/><U61/><E132/><V99/><F0/><W20/><G112/><T40/><D40/><U5/><E5/><V68/><F33/><W133/><G37/><T51/><D51/><U127/><E127/><V134/><F114/><W24/><G116/><T82/><D82/><U18/><E103/><V120/><F120/><W119/><G119/><T115/><D115/><U135/><E135/><V47/><F134/><W39/><G39/><T126/><D126/><U95/><E41/><V77/><F77/><W76/><G70/><T125/><D125/><U23/><E38/><V58/><F129/><W113/><G3/><T123/><D123/><U100/><E100/><V48/><F21/><W32/><G32/><T60/><D60/><U66/><E19/><V78/><F78/><W65/><G76/><T6/><D6/><U53/><E66/><V73/><F73/><W85/><G65/><T16/><D16/><U52/><E93/><V63/><F13/><W105/><G105/><T36/><D36/><U122/><E122/><V4/><F4/><N who="3" m="3111" /><G133/><T131/><D131/><U79/><E79/><V121/><F121/><W104/><G104/><T117/><D117/><U1/><E1/><V96/><REACH who="2" step="1"/><F47/><REACH who="2" ten="37,297,236,420" step="2"/><W30/><G113/><T124/><D124/><U15/><E15/><V57/><F57/><W26/><G26/><T128/><D128/><U45/><E45/><V43/><F43/><W102/><G31/><T35/><D35/><U75/><E75/><V108/><AGARI ba="0,1" hai="48,50,58,62,63,64,67,68,96,97,99,108,109,110" machi="108" ten="40,2700,0" yaku="1,1,0,1,53,0" doraHai="81" doraHaiUra="27" who="2" fromWho="2" sc="37,-7,297,-13,236,37,420,-7" /><INIT seed="6,0,0,0,3,100" ten="30,284,273,413" oya="2" hai0="94,46,10,57,41,15,24,4,27,54,114,78,8" hai1="6,116,111,34,124,98,87,93,5,13,58,18,73" hai2="22,97,132,11,130,43,108,86,69,26,106,50,115" hai3="38,120,96,62,84,121,105,112,31,74,95,134,29"/><V47/><F115/><W23/><G74/><T36/><D36/><U3/><E73/><V104/><F130/><W88/><G38/><T63/><D63/><U37/><E116/><V35/><F132/><W64/><G134/><T2/><D2/><U65/><E111/><V1/><F108/><W14/><G112/><T118/><D118/><U44/><E34/><V16/><F69/><W127/><G127/><T12/><D12/><U61/><E3/><V113/><F113/><W123/><G105/><T71/><D71/><U30/><E30/><V133/><F133/><W79/><G79/><T129/><D129/><U125/><E87/><V66/><F66/><W52/><G84/><T45/><D45/><U122/><E122/><V17/><F86/><W67/><G67/><T107/><D107/><U53/><E65/><V0/><F97/><W21/><G64/><T9/><D9/><U28/><E28/><V39/><F0/><W32/><G32/><T40/><D40/><U80/><E80/><V103/><F103/><W59/><REACH who="3" step="1"/><G23/><REACH who="3" ten="30,284,273,403" step="2"/><T72/><D72/><U117/><E117/><V89/><F39/><W102/><G102/><T48/><D48/><U109/><E109/><V128/><F128/><W91/><G91/><T90/><D90/><N who="1" m="55607" /><E125/><V33/><F89/><W81/><G81/><T75/><D75/><U51/><E124/><V77/><F77/><W70/><G70/><T83/><D83/><U20/><E37/><V110/><F110/><W7/><G7/><T42/><D42/><U119/><E119/><V60/><F60/><W126/><G126/><T68/><D68/><RYUUKYOKU ba="0,1" sc="30,-15,284,15,273,-15,403,15" hai1="5,6,13,18,20,44,51,53,58,61" hai3="14,21,29,31,52,59,62,88,95,96,120,121,123" /><INIT seed="7,1,1,4,1,24" ten="15,299,258,418" oya="3" hai0="100,51,72,58,9,5,95,99,132,80,129,57,55" hai1="23,22,79,135,28,124,120,115,62,111,101,92,91" hai2="39,14,25,41,133,86,128,107,108,60,33,123,27" hai3="31,7,1,83,68,54,2,109,34,97,103,87,64"/><W74/><G74/><T19/><D19/><U116/><E120/><V113/><F14/><W46/><G109/><T61/><D61/><U106/><E111/><V30/><F27/><W78/><G7/><T21/><D21/><U44/><E115/><V65/><F108/><W84/><G84/><T85/><D85/><U12/><E135/><V127/><F113/><W66/><G68/><T43/><D43/><U70/><E124/><V37/><F133/><W104/><G54/><T52/><D52/><U35/><E35/><V75/><F127/><W90/><G90/><T8/><D8/><U119/><E79/><V93/><F128/><W96/><G46/><T16/><D16/><N who="1" m="10503" /><E101/><V94/><F123/><W89/><G89/><T42/><D42/><U110/><E106/><V112/><F112/><W26/><G97/><T17/><D17/><U32/><E32/><V126/><F126/><W15/><G15/><T4/><D4/><U13/><E110/><V50/><F75/><W121/><G121/><T47/><D47/><U130/><E44/><V122/><F122/><W10/><G10/><T69/><D69/><U102/><E102/><V53/><F107/><W134/><G134/><T82/><D82/><U36/><E91/><V3/><F3/><W125/><G125/><T38/><D38/><U45/><E36/><V71/><F86/><W98/><G98/><T48/><D48/><U114/><E114/><V63/><F63/><W81/><G81/><T18/><D18/><U88/><E62/><V77/><F77/><W6/><G2/><T67/><D67/><U59/><E70/><RYUUKYOKU ba="1,1" sc="15,-10,299,-10,258,-10,418,30" hai3="1,6,26,31,34,64,66,78,83,87,96,103,104" owari="5,-49.0,289,9.0,248,-15.0,458,55.0" /></mjloggm>