<mjloggm ver="2.3"><GO type="41" lobby="0"/><UN n0="%E3%83%88%E3%83%BC%E3%83%9E%E3%82%B9%E3%83%88%E3%83%BC%E3%83%9E%E3%82%B9" n1="%E3%81%82%E3%81%B5%E3%82%8D%E3%81%84%E3%81%A1%32" n2="%E3%81%8B%E3%82%8F%E3%81%84%E3%81%84%E3%82%A2%E3%82%A4%E3%82%B9" n3="%E2%93%9D%53%75%70%68%78" dan="14,13,14,18" rate="1902.73,1836.81,1950.70,2093.40" sx="M,M,M,M"/><TAIKYOKU oya="0"/><INIT seed="0,0,0,5,3,51" ten="250,250,250,250" oya="0" hai0="127,22,17,60,63,55,113,100,72,36,45,131,123" hai1="108,71,84,122,77,24,42,37,1,109,7,49,128" hai2="20,119,82,96,70,88,97,19,103,80,99,5,118" hai3="120,9,126,47,83,64,79,86,46,132,4,44,85"/><T116/><D72/><U89/><E122/><V2/><F70/><W68/><G132/><T117/><D123/><U91/><E71/><V0/><F103/><W29/><G126/><T112/><D100/><U102/><E102/><V13/><F5/><W69/><G120/><T121/><D121/><U94/><E128/><V73/><F73/><W78/><G29/><T53/><D22/><U125/><E24/><V25/><F25/><W38/><G38/><T34/><D34/><U59/><E125/><V107/><F107/><W41/><G41/><N who="0" m="22695" /><D127/><U28/><E37/><V130/><F130/><W16/><G64/><T50/><D50/><U8/><E28/><V62/><F62/><N who="0" m="23594" /><D17/><U58/><E77/><V124/><F124/><W87/><G16/><T52/><D131/><U129/><E91/><V35/><F35/><W90/><G69/><T66/><D66/><U65/><E65/><V74/><F74/><W133/><G68/><T115/><AGARI ba="0,0" hai="52,53,55,112,113,115,116,117" m="23594,22695" machi="115" ten="40,18000,2" yaku="34,2,52,3,54,1" doraHai="51" who="0" fromWho="0" sc="250,180,250,-60,250,-60,250,-60" /><INIT seed="0,1,0,5,5,30" ten="430,190,190,190" oya="0" hai0="90,51,82,76,73,23,81,19,59,5,43,135,128" hai1="66,18,117,80,94,79,100,2,104,38,123,92,125" hai2="132,87,16,9,58,65,37,63,50,34,67,133,24" hai3="22,4,8,126,120,97,42,83,70,40,13,15,101"/><T60/><D135/><N who="2" m="51786" /><F37/><W45/><G70/><T53/><D128/><U20/><E2/><V35/><F67/><W54/><G126/><T119/><D119/><U39/><E117/><V48/><F87/><W57/><G120/><T21/><D5/><U102/><E123/><V110/><F110/><W75/><G75/><T17/><D43/><U134/><E134/><V14/><F24/><W118/><G83/><T130/><D130/><U108/><E108/><V68/><F68/><W10/><G22/><T115/><D115/><U103/><E66/><V11/><F11/><W86/><G86/><T31/><D31/><U71/><E125/><V6/><F6/><W116/><G116/><T29/><D29/><U85/><E71/><V46/><F50/><W3/><G3/><T113/><D113/><U99/><E104/><V62/><F62/><W88/><G10/><T25/><D60/><U69/><E69/><V84/><F84/><W52/><G118/><T111/><D111/><U1/><E1/><V107/><F107/><W109/><G109/><T72/><D90/><U7/><E7/><V106/><F106/><W95/><G88/><T49/><D49/><U64/><E64/><V96/><F96/><W36/><G36/><T114/><D114/><U12/><E39/><V61/><F61/><N who="3" m="36007" /><G15/><T131/><D131/><U47/><REACH who="1" step="1"/><E99/><REACH who="1" ten="430,180,190,190" step="2"/><V98/><F98/><W26/><G26/><T89/><D82/><U33/><E33/><V55/><AGARI ba="1,1" hai="9,14,16,34,35,46,48,55,58,63,65" m="51786" machi="55" ten="30,7900,0" yaku="20,1,52,2,54,1" doraHai="30" who="2" fromWho="2" sc="430,-40,180,-21,190,92,190,-21" /><INIT seed="1,0,0,5,3,95" ten="390,159,282,169" oya="1" hai0="53,1,98,128,23,49,7,3,54,52,96,65,124" hai1="130,55,106,6,120,64,19,36,76,112,118,32,46" hai2="56,134,105,33,122,51,73,119,62,77,63,70,34" hai3="107,87,15,81,43,93,29,58,135,72,44,79,101"/><U60/><E112/><V8/><F119/><W88/><G135/><T75/><D75/><U92/><E120/><V111/><F122/><W94/><G29/><T117/><D117/><U59/><E106/><V91/><F134/><W10/><G58/><T11/><D1/><U108/><E32/><V5/><F111/><W113/><G94/><T28/><D65/><U27/><E118/><V74/><F70/><W25/><G25/><T68/><D68/><U129/><E108/><V26/><F105/><W18/><G113/><T61/><D61/><U80/><E6/><V100/><F100/><W9/><G18/><T97/><D124/><U115/><E92/><V0/><F63/><W42/><G15/><T133/><D133/><U82/><E115/><V47/><F91/><W99/><G43/><T35/><D35/><U67/><E80/><V24/><F34/><W102/><REACH who="3" step="1"/><G102/><REACH who="3" ten="390,159,282,159" step="2"/><T20/><D28/><U103/><E19/><V126/><F26/><W71/><G71/><T31/><D31/><U86/><E27/><V4/><F24/><W127/><G127/><T66/><D66/><U114/><E103/><V125/><F126/><W21/><G21/><T14/><D128/><N who="1" m="49259" /><E114/><V78/><F33/><W41/><G41/><AGARI ba="0,1" hai="36,41,46,55,59,60,64,67,76,82,86" m="49259" machi="41" ten="30,1500,0" yaku="19,1" doraHai="95" who="1" fromWho="3" sc="390,0,159,25,282,0,159,-15" /><INIT seed="1,1,0,1,0,22" ten="390,184,282,144" oya="1" hai0="71,114,74,21,125,130,87,134,3,59,89,83,24" hai1="76,13,68,52,123,16,135,111,8,108,101,54,58" hai2="70,33,99,127,44,18,7,31,128,46,116,85,113" hai3="124,102,75,95,98,112,48,42,90,2,79,133,121"/><U47/><E68/><V63/><F116/><W64/><G2/><T37/><D37/><U81/><E123/><V26/><F127/><W84/><G121/><T19/><D71/><U120/><E120/><V82/><F128/><W0/><G0/><T69/><D69/><U25/><E135/><V15/><F7/><W41/><G112/><T96/><D3/><U88/><E101/><V109/><F109/><N who="1" m="42057" /><E88/><V86/><F86/><W131/><G124/><T80/><D125/><U6/><E47/><V1/><F1/><W115/><G131/><T43/><D134/><U57/><E57/><V40/><F99/><W72/><G115/><T119/><D114/><U103/><E103/><V50/><F46/><W118/><G118/><T110/><D119/><U38/><E58/><V39/><F113/><W27/><G133/><T30/><D110/><U53/><E38/><V77/><F70/><W35/><G64/><T97/><D130/><U94/><E94/><V12/><F63/><W36/><G36/><T117/><D117/><U9/><E9/><V92/><F92/><W104/><G48/><T11/><D43/><U65/><E65/><V49/><F49/><W105/><G105/><T5/><D59/><U129/><E129/><V132/><F132/><W14/><G42/><T107/><D107/><U28/><E54/><V20/><REACH who="2" step="1"/><F39/><REACH who="2" ten="390,184,272,144" step="2"/><W91/><G104/><T78/><D97/><U45/><E45/><V100/><F100/><W23/><G102/><T4/><D96/><U106/><E106/><V62/><F62/><W93/><G98/><T34/><D74/><N who="1" m="43159" /><E6/><V60/><F60/><RYUUKYOKU ba="1,1" sc="390,-15,184,15,272,15,144,-15" hai1="8,13,16,25,28,52,53" hai2="12,15,18,20,26,31,33,40,44,50,77,82,85" /><INIT seed="1,2,1,5,3,99" ten="375,199,287,129" oya="1" hai0="120,133,25,30,18,56,2,81,126,72,62,110,109" hai1="122,113,14,7,114,92,119,41,50,42,52,43,45" hai2="26,53,20,77,3,78,96,107,35,83,47,10,74" hai3="8,135,60,44,64,82,131,123,23,28,94,5,9"/><U117/><E122/><V130/><F130/><W70/><G123/><T68/><D68/><U121/><E121/><V103/><F78/><W102/><G131/><T73/><D2/><U86/><E7/><V15/><F3/><W17/><G135/><T80/><D120/><U19/><E86/><V116/><F116/><W90/><G28/><T75/><D133/><U118/><REACH who="1" step="1"/><E92/><REACH who="1" ten="375,189,287,129" step="2"/><V34/><F74/><W21/><G5/><T13/><D75/><U22/><AGARI ba="2,2" hai="14,19,22,41,42,43,45,50,52,113,114,117,118,119" machi="22" ten="40,12000,1" yaku="1,1,2,1,0,1,54,1,53,0" doraHai="99" doraHaiUra="6" who="1" fromWho="1" sc="375,-42,189,146,287,-42,129,-42" /><INIT seed="1,3,0,4,0,83" ten="333,335,245,87" oya="1" hai0="51,117,18,112,108,22,40,9,48,100,76,114,62" hai1="120,27,43,2,135,5,125,99,42,16,12,118,20" hai2="61,89,21,4,46,6,17,32,133,0,26,107,38" hai3="98,23,45,97,24,36,80,74,88,68,58,91,110"/><U86/><E118/><V49/><F38/><W25/><G68/><T84/><D117/><U8/><E120/><V67/><F107/><W69/><G69/><T63/><D108/><U96/><E135/><V66/><F133/><W54/><G110/><T85/><D100/><U128/><E128/><V111/><F111/><W130/><G130/><T106/><D106/><U41/><E125/><V34/><F67/><W73/><G45/><T15/><D76/><U94/><REACH who="1" step="1"/><E2/><REACH who="1" ten="333,325,245,87" step="2"/><V30/><F0/><W60/><G74/><T81/><D114/><U47/><E47/><V39/><F46/><W124/><G73/><T56/><D112/><U121/><E121/><V95/><F34/><W64/><G124/><T105/><D40/><U14/><E14/><V59/><F32/><W50/><G25/><T131/><D131/><U10/><E10/><V92/><F26/><W65/><G24/><T71/><D9/><U93/><E93/><V7/><F95/><W113/><G113/><T70/><D105/><U132/><E132/><V127/><F92/><W78/><G23/><T126/><D126/><U103/><E103/><V101/><F101/><W55/><G98/><T19/><D22/><U57/><E57/><V77/><F59/><W29/><G97/><T129/><D56/><U44/><E44/><V37/><F21/><W3/><G3/><T28/><D129/><U116/><E116/><V122/><F127/><W134/><G134/><T123/><D15/><U102/><E102/><V72/><F122/><W33/><G33/><T52/><D123/><U115/><E115/><V87/><F72/><RYUUKYOKU ba="3,1" sc="333,-10,325,30,245,-10,87,-10" hai1="5,8,12,16,20,27,41,42,43,86,94,96,99" /><INIT seed="1,4,1,1,5,92" ten="323,355,235,77" oya="1" hai0="104,44,105,130,0,65,87,70,26,134,89,81,99" hai1="52,40,1,135,116,43,29,13,124,126,128,45,69" hai2="122,106,111,110,103,83,121,62,49,91,120,74,33" hai3="123,73,39,112,57,54,78,17,82,6,84,2,55"/><U47/><E1/><V129/><F33/><W107/><G123/><T114/><D0/><U59/><E29/><V12/><F12/><W14/><G112/><T131/><D114/><U3/><E116/><V115/><F62/><W90/><G39/><T77/><D70/><U7/><E3/><V27/><F49/><W61/><G107/><N who="0" m="41035" /><D65/><U96/><E69/><V4/><F27/><W97/><G2/><T95/><D26/><U133/><E96/><N who="2" m="61799" /><F4/><W76/><G73/><N who="0" m="43183" /><D44/><N who="1" m="16971" /><E13/><V25/><F25/><W22/><G6/><T21/><D21/><U19/><E128/><N who="0" m="49193" /><D134/><N who="1" m="51211" /><E19/><V48/><F48/><W37/><G37/><T41/><D41/><N who="1" m="15947" /><E7/><V118/><F129/><W75/><G75/><T71/><D71/><U56/><E56/><V23/><F115/><W88/><G55/><T94/><D94/><AGARI ba="4,1" hai="14,17,22,54,57,61,76,78,82,84,88,90,94,97" machi="94" ten="40,5200,0" yaku="8,1,52,1,54,1" doraHai="92" who="3" fromWho="0" sc="323,-64,355,0,235,0,77,74" /><INIT seed="2,0,0,5,5,105" ten="259,355,235,151" oya="2" hai0="127,18,95,48,63,15,97,39,100,22,81,125,115" hai1="106,17,12,103,25,124,118,23,11,101,130,94,44" hai2="3,37,73,47,65,36,4,120,61,42,7,111,45" hai3="10,8,98,59,104,89,123,68,43,110,6,69,26"/><V60/><F120/><W72/><G123/><T134/><D39/><U87/><E130/><V34/><F34/><W128/><G128/><T14/><D115/><U40/><E124/><V27/><F27/><W52/><G43/><T41/><D134/><U49/><E106/><V133/><F42/><W83/><G110/><T21/><D81/><U107/><E107/><V58/><F58/><W75/><G10/><T53/><D63/><U117/><E118/><V84/><F84/><W77/><G26/><T93/><D93/><U32/><E32/><V24/><F24/><W90/><G75/><T122/><D41/><U46/><E46/><V92/><F92/><W35/><G35/><T88/><D100/><U121/><E121/><V78/><F78/><W114/><G114/><T79/><D79/><U80/><E94/><V76/><F76/><W131/><G131/><T66/><D66/><U28/><E117/><V102/><F102/><W31/><G31/><T62/><D62/><U112/><REACH who="1" step="1"/><E112/><REACH who="1" ten="259,345,235,151" step="2"/><V38/><F65/><W54/><G104/><T9/><D122/><U135/><E135/><V116/><F133/><W64/><G64/><T86/><D97/><U126/><E126/><N who="0" m="48137" /><D15/><U71/><E71/><V113/><F116/><W19/><G69/><T33/><D33/><U29/><E29/><V1/><F113/><W55/><G68/><T50/><D53/><U99/><E99/><V30/><F30/><W96/><G96/><T57/><D57/><U108/><E108/><V129/><F111/><W109/><G109/><T70/><D70/><U132/><E132/><V16/><F129/><RYUUKYOKU ba="0,1" sc="259,15,345,15,235,-15,151,-15" hai0="9,14,18,21,22,48,50,86,88,95" hai1="11,12,17,23,25,28,40,44,49,80,87,101,103" /><INIT seed="3,1,1,4,3,131" ten="274,360,220,136" oya="3" hai0="62,28,30,2,85,10,58,66,13,40,75,3,23" hai1="51,128,129,119,39,109,49,125,64,100,127,55,118" hai2="63,16,60,19,71,67,103,113,104,37,44,57,133" hai3="120,42,33,91,83,31,122,135,65,89,56,80,78"/><W123/><G42/><T43/><D75/><U11/><E100/><V36/><F113/><W38/><G38/><T105/><D105/><U47/><E11/><V107/><F103/><W87/><G33/><T111/><D111/><U84/><E84/><V126/><F126/><N who="1" m="48137" /><E109/><V95/><F44/><W24/><G24/><N who="0" m="16415" /><D2/><U132/><E64/><V92/><F67/><W77/><G31/><T115/><D3/><U26/><E26/><V1/><F1/><W68/><G68/><T6/><D30/><U48/><E39/><V61/><F37/><W86/><REACH who="3" step="1"/><G135/><REACH who="3" ten="274,360,220,126" step="2"/><T50/><D115/><U106/><E132/><V116/><F36/><W9/><G9/><T27/><D27/><U124/><E124/><V17/><F133/><W79/><G79/><T82/><D50/><U69/><E69/><V97/><F71/><W29/><G29/><T32/><D32/><U35/><E35/><V41/><F41/><W4/><G4/><T46/><D46/><U99/><E47/><V112/><F112/><W12/><G12/><T8/><D8/><U76/><E76/><AGARI ba="1,2" hai="6,10,13,40,43,58,62,66,76,82,85" m="16415" machi="76" ten="30,1000,0" yaku="8,1" doraHai="131" who="0" fromWho="1" sc="274,33,360,-13,220,0,126,0" /><INIT seed="4,0,0,0,2,93" ten="307,347,220,126" oya="0" hai0="121,99,29,115,33,45,127,74,58,86,46,84,119" hai1="81,5,3,30,126,76,112,47,110,67,65,39,64" hai2="4,35,131,56,72,63,20,103,120,122,18,66,2" hai3="102,0,15,116,132,91,24,125,54,77,23,7,36"/><T16/><D121/><U123/><E110/><V105/><F35/><W40/><G116/><T95/><D74/><U34/><E123/><V106/><F72/><W43/><G0/><T14/><D119/><U31/><E126/><V57/><F131/><W124/><G77/><T49/><D127/><U88/><E112/><V134/><F134/><W62/><G132/><T61/><D33/><U59/><E59/><V53/><F106/><W89/><G36/><T111/><D29/><U42/><E34/><V50/><F2/><W92/><G102/><N who="0" m="60799" /><D115/><U52/><E52/><V83/><F83/><W17/><G91/><T48/><D111/><U113/><E88/><V12/><REACH who="2" step="1"/><F4/><REACH who="2" ten="307,347,210,126" step="2"/><W96/><G125/><T87/><D46/><U21/><E113/><V100/><F100/><W19/><G7/><T130/><D45/><U41/><E5/><V73/><F73/><W68/><G124/><T25/><D130/><U10/><E3/><V8/><F8/><W104/><G104/><T37/><D37/><U107/><E10/><V82/><F82/><W101/><G101/><T60/><D25/><U98/><E81/><V26/><F26/><W114/><G114/><T6/><D6/><U79/><E76/><V44/><F44/><W1/><G1/><T109/><D109/><U22/><E79/><V13/><F13/><W94/><G94/><T129/><D129/><U128/><E128/><V11/><F11/><N who="3" m="6399" /><G68/><T71/><D71/><U28/><E41/><V38/><F38/><W135/><G135/><T97/><D58/><AGARI ba="0,1" hai="19,23,24,40,43,54,58,62,89,92,96" m="6399" machi="58" ten="30,3900,0" yaku="25,1,8,1,52,1" doraHai="93" who="3" fromWho="0" sc="307,-39,347,0,210,0,126,49" /><INIT seed="5,0,0,1,1,96" ten="268,347,210,175" oya="1" hai0="95,105,38,32,56,85,26,73,17,9,42,121,72" hai1="91,78,50,61,25,44,83,84,29,88,111,27,97" hai2="49,14,86,94,77,52,132,12,109,34,123,119,133" hai3="60,64,48,54,55,20,93,108,129,15,122,58,68"/><U59/><E111/><V53/><F109/><W126/><G108/><T45/><D105/><U82/><E97/><V63/><F119/><W69/><G122/><T41/><D121/><U101/><E101/><V7/><F34/><W116/><G116/><T134/><D41/><U89/><E82/><V5/><F123/><W70/><G129/><T81/><D134/><N who="2" m="51818" /><F63/><W24/><G15/><N who="2" m="5673" /><F53/><W36/><G126/><T30/><D17/><U19/><E19/><V47/><F77/><W113/><G113/><T4/><D95/><U92/><E92/><V3/><F3/><W23/><G55/><T107/><D56/><U130/><E29/><V75/><F75/><W102/><G23/><T6/><D107/><U104/><E130/><V21/><F21/><W80/><G80/><T67/><D67/><N who="1" m="39359" /><E104/><V33/><F33/><W62/><G62/><T2/><D4/><U35/><E35/><V1/><F1/><W120/><G120/><T31/><D31/><U22/><E22/><V51/><F51/><W57/><G70/><T13/><D2/><U40/><AGARI ba="0,0" hai="25,27,40,44,50,78,83,84,88,89,91" m="39359" machi="40" ten="30,3000,0" yaku="8,1,54,1" doraHai="96" who="1" fromWho="1" sc="268,-10,347,30,210,-10,175,-10" /><INIT seed="5,1,0,1,1,124" ten="258,377,200,165" oya="1" hai0="24,18,85,28,14,63,78,127,52,75,51,133,101" hai1="74,7,46,81,94,34,50,3,20,38,100,73,8" hai2="57,33,130,70,125,93,58,22,97,77,42,66,92" hai3="111,21,84,23,113,121,25,43,29,103,13,32,120"/><U98/><E34/><V64/><F125/><W1/><G43/><T95/><D133/><U6/><E6/><V65/><F33/><W96/><G84/><T11/><D127/><U104/><E20/><V106/><F70/><W107/><G111/><T60/><D75/><U126/><E126/><V17/><F106/><W109/><G109/><T99/><D78/><U90/><E38/><V117/><F77/><W19/><G113/><T67/><D85/><U132/><E132/><V131/><F42/><W40/><G40/><T45/><REACH who="0" step="1"/><D67/><REACH who="0" ten="248,377,200,165" step="2"/><U31/><E74/><V16/><F66/><W55/><G1/><T49/><D49/><U80/><E73/><V128/><F65/><W61/><REACH who="3" step="1"/><G32/><AGARI ba="1,1" hai="11,14,18,24,28,32,45,51,52,60,63,95,99,101" machi="32" ten="30,3900,0" yaku="1,1,7,1,54,1,53,0" doraHai="124" doraHaiUra="39" who="0" fromWho="3" sc="248,52,377,0,200,0,165,-42" /><INIT seed="6,0,0,5,0,39" ten="300,377,200,123" oya="2" hai0="25,37,34,80,22,10,55,101,68,109,7,23,42" hai1="48,18,130,30,114,60,111,27,11,116,99,121,61" hai2="57,108,65,132,69,47,124,76,29,31,59,28,125" hai3="83,35,79,120,14,49,104,2,89,134,97,56,50"/><V73/><F132/><W58/><G2/><T84/><D68/><U44/><E111/><V107/><F107/><W63/><G120/><T38/><D109/><U12/><E114/><V3/><F3/><W66/><G35/><T19/><D101/><U9/><E116/><V113/><F108/><W100/><G134/><T72/><D72/><U112/><E130/><V32/><F32/><W6/><G89/><T8/><D34/><U90/><E121/><V17/><F113/><W88/><G58/><T123/><D123/><U70/><E9/><V62/><F17/><W91/><G50/><T82/><D82/><U85/><E70/><V13/><F13/><W0/><G0/><T127/><D127/><N who="2" m="48714" /><F47/><W33/><G33/><T16/><D37/><U45/><E99/><V46/><F46/><W115/><G115/><T81/><D81/><AGARI ba="0,0" hai="28,29,31,57,59,62,65,69,73,76,81" m="48714" machi="81" ten="30,1500,0" yaku="18,1" doraHai="39" who="2" fromWho="0" sc="300,-15,377,0,200,15,123,0" /><INIT seed="6,1,0,4,3,118" ten="285,377,215,123" oya="2" hai0="96,85,134,86,109,40,73,55,16,81,132,21,42" hai1="104,79,39,54,19,60,122,123,25,88,30,33,93" hai2="83,31,89,34,17,82,117,121,80,114,50,78,14" hai3="92,22,126,111,41,63,47,12,8,106,38,102,49"/><V77/><F117/><W61/><G111/><T37/><D37/><U62/><E104/><V127/><F121/><N who="1" m="46089" /><E39/><V13/><F114/><W2/><G126/><T69/><D69/><U115/><E115/><V71/><F71/><W68/><G106/><T130/><D109/><U75/><E54/><V43/><F34/><W45/><G2/><T27/><D130/><U70/><E70/><V131/><F31/><W112/><G22/><T125/><D125/><U108/><E19/><V94/><F131/><W18/><G112/><T28/><D28/><U7/><E7/><V100/><F17/><W124/><G124/><T72/><D55/><U0/><E0/><V116/><F116/><W119/><G119/><T6/><D6/><U15/><E15/><V135/><F13/><W66/><G68/><T113/><D113/><U103/><E103/><V23/><F100/><W46/><G66/><T36/><D36/><U59/><E59/><V120/><F120/><W110/><G110/><T67/><D67/><U133/><E133/><V1/><F14/><W95/><G102/><T3/><D3/><U87/><E108/><V53/><F135/><W44/><REACH who="3" step="1"/><G38/><REACH who="3" ten="285,377,215,113" step="2"/><T101/><D134/><U24/><E24/><V35/><F1/><W91/><G91/><T99/><D132/><U84/><E75/><V128/><F127/><W76/><G76/><T11/><D72/><U56/><E79/><V26/><F78/><W107/><G107/><T65/><D73/><U5/><E33/><V129/><F77/><W98/><G98/><T29/><D65/><U20/><E20/><V4/><F23/><RYUUKYOKU ba="1,1" sc="285,-10,377,-10,215,-10,113,30" hai3="8,12,18,41,44,45,46,47,49,61,63,92,95" /><INIT seed="7,2,1,1,5,88" ten="275,367,205,143" oya="3" hai0="19,135,39,110,78,50,25,49,35,54,131,40,67" hai1="46,53,36,104,123,30,117,47,112,15,68,55,124" hai2="14,76,32,103,22,41,133,83,111,86,59,116,122" hai3="8,71,114,3,16,44,12,89,63,132,24,118,84"/><W6/><G118/><T101/><D110/><U109/><E104/><V72/><F32/><W42/><G114/><T57/><D135/><U96/><E30/><V56/><F111/><W45/><G132/><T11/><D131/><U106/><E106/><V29/><F116/><W1/><G45/><T26/><D39/><U13/><E36/><V82/><F122/><W99/><G99/><T48/><D101/><U21/><E68/><V4/><F41/><W75/><G75/><T77/><D35/><U81/><E81/><V95/><F4/><W28/><G63/><T100/><D100/><U64/><E64/><V97/><F133/><W74/><G74/><T38/><D38/><U10/><E10/><V27/><REACH who="2" step="1"/><F14/><REACH who="2" ten="275,367,195,143" step="2"/><W108/><G108/><T73/><D40/><U65/><E123/><V85/><F85/><W125/><G125/><T126/><D73/><U119/><E109/><V20/><F20/><W17/><G71/><T129/><D11/><U107/><E21/><V18/><F18/><W31/><G3/><T0/><D19/><N who="3" m="7241" /><G1/><T90/><D0/><U5/><E119/><V23/><F23/><W127/><G127/><T102/><D126/><U2/><E124/><V91/><AGARI ba="2,2" hai="22,27,29,56,59,72,76,82,83,86,91,95,97,103" machi="91" ten="20,8000,1" yaku="1,1,0,1,7,1,52,1,53,1" doraHai="88" doraHaiUra="93" who="2" fromWho="2" sc="275,-22,367,-22,195,106,143,-42" owari="253,-15.0,345,45.0,301,10.0,101,-40.0" /></mjloggm>