<mjloggm ver="2.3"><GO type="41" lobby="0"/><UN n0="%E3%82%BD%E3%82%AF%E3%83%85%E3%83%A2%E3%82%A6%E3%83%A9%E3%82%A6%E3%83%A9" n1="%E3%82%AB%E3%83%94%E3%83%90%E3%83%A9%E4%B8%89%E4%B8%96" n2="%E2%93%9D%53%75%70%68%78" n3="%E3%81%B2%E3%81%AA%E3%81%AE%E3%82%8A%E3%81%8F" dan="13,13,18,15" rate="1962.05,1906.62,2112.84,2003.36" sx="M,F,M,M"/><TAIKYOKU oya="0"/><INIT seed="0,0,0,5,3,115" ten="250,250,250,250" oya="0" hai0="118,2,51,47,48,114,5,72,106,91,124,43,123" hai1="55,49,76,104,35,8,83,119,14,24,7,108,90" hai2="6,27,4,36,67,37,13,18,15,84,131,69,85" hai3="86,74,93,87,21,62,19,78,57,73,95,60,20"/><T120/><D72/><U66/><E104/><V96/><F67/><W70/><G70/><T33/><D106/><U134/><E66/><V38/><F69/><W79/><G57/><T94/><D33/><U80/><E108/><V44/><F131/><W125/><REACH who="3" step="1"/><G19/><REACH who="3" ten="250,250,250,240" step="2"/><T9/><D114/><U75/><E134/><V121/><F18/><W135/><G135/><T22/><D124/><AGARI ba="0,1" hai="20,21,60,62,73,74,78,79,86,87,93,95,124,125" machi="124" ten="25,3200,0" yaku="1,1,22,2,53,0" doraHai="115" doraHaiUra="64" who="3" fromWho="0" sc="250,-32,250,0,250,0,240,42" /><INIT seed="1,0,0,4,2,69" ten="218,250,250,282" oya="1" hai0="35,127,67,70,126,53,87,84,45,119,89,7,62" hai1="134,41,27,113,120,77,128,132,40,8,92,25,71" hai2="39,104,99,2,76,83,22,106,85,97,82,58,95" hai3="75,3,52,131,38,124,133,23,98,74,55,111,100"/><U4/><E71/><V49/><F2/><W0/><G124/><T96/><D119/><U78/><E113/><V16/><F39/><W88/><G111/><T79/><D35/><U48/><E48/><V50/><F106/><W13/><G3/><T129/><D7/><U63/><E63/><V15/><F104/><W14/><G0/><T135/><D79/><N who="1" m="30219" /><E120/><V10/><F83/><W31/><G38/><T108/><D108/><U73/><E73/><V19/><F99/><W115/><G115/><T60/><D60/><U6/><E8/><V51/><F58/><W30/><G133/><N who="1" m="51306" /><E92/><V42/><F42/><N who="1" m="16489" /><E128/><V86/><F86/><W130/><G75/><T114/><D87/><U117/><E117/><V102/><REACH who="2" step="1"/><F51/><REACH who="2" ten="218,250,240,282" step="2"/><W110/><G110/><T24/><D84/><U123/><E123/><V109/><F109/><W9/><G130/><T1/><D135/><U28/><E28/><V107/><F107/><W26/><G31/><T17/><D129/><U66/><E66/><V33/><F33/><W101/><G131/><T37/><D67/><U32/><E32/><V61/><F61/><W44/><G74/><T121/><D62/><U18/><E18/><V65/><F65/><W36/><G30/><T91/><D17/><U34/><E34/><V57/><F57/><W80/><G98/><T46/><D121/><U103/><E103/><V112/><F112/><W43/><G100/><T105/><D96/><U90/><E90/><V93/><F93/><W11/><G88/><N who="0" m="33867" /><D114/><U21/><E21/><V20/><F20/><W47/><G23/><T54/><D105/><U116/><E116/><RYUUKYOKU ba="0,1" sc="218,-15,250,15,240,15,282,-15" hai1="4,6,25,27" hai2="10,15,16,19,22,49,50,76,82,85,95,97,102" /><INIT seed="1,1,1,0,5,104" ten="203,265,255,267" oya="1" hai0="119,120,53,128,121,94,49,93,56,78,58,118,92" hai1="37,50,75,6,124,77,32,4,133,67,63,123,39" hai2="41,95,17,107,57,48,99,30,90,113,25,76,112" hai3="33,116,82,100,8,109,126,34,21,52,38,36,66"/><U27/><E123/><V89/><F17/><W130/><G109/><T3/><D3/><U55/><E124/><V47/><F107/><W26/><G126/><T61/><D78/><U101/><E133/><V98/><F76/><W35/><G130/><T134/><D128/><U103/><E55/><V131/><F131/><W79/><G66/><T102/><D102/><U117/><E50/><V125/><F125/><W13/><G100/><T114/><D134/><U1/><E6/><V42/><F57/><W72/><G116/><T12/><D12/><U115/><E115/><N who="2" m="44107" /><F42/><W97/><G97/><N who="2" m="36873" /><F95/><W14/><G52/><N who="0" m="33927" /><D114/><U80/><E103/><V111/><F111/><W96/><G96/><T132/><D132/><U65/><E65/><V7/><F7/><W71/><G71/><T18/><D18/><U60/><E60/><V88/><F90/><W51/><G51/><T108/><D108/><U74/><E101/><V91/><F91/><W105/><G105/><T44/><D58/><U135/><E135/><V70/><F70/><W54/><G54/><T68/><D68/><N who="1" m="42111" /><E117/><V23/><AGARI ba="1,1" hai="23,25,30,41,47,48,88,89" m="36873,44107" machi="23" ten="30,2000,0" yaku="11,1,54,1" doraHai="104" who="2" fromWho="2" sc="203,-6,265,-11,255,33,267,-6" /><INIT seed="2,0,0,2,2,115" ten="197,254,288,261" oya="2" hai0="129,66,65,60,32,10,43,71,15,76,89,54,105" hai1="17,84,82,106,134,131,52,73,104,28,45,21,8" hai2="33,12,40,86,22,103,0,27,67,50,119,116,107" hai3="14,25,36,90,7,110,62,34,109,124,4,120,121"/><V41/><F0/><W93/><G36/><T113/><D32/><U24/><E73/><V23/><F67/><W13/><G34/><T87/><D105/><U37/><E134/><V47/><F33/><W61/><G25/><T78/><D66/><U68/><E68/><V1/><F1/><W132/><G93/><T19/><D113/><U31/><E37/><V35/><F35/><W122/><G132/><T133/><D129/><U44/><E44/><V79/><F41/><W102/><G90/><T18/><D43/><U80/><E80/><V59/><F59/><W81/><G81/><T108/><D108/><N who="3" m="41577" /><G102/><T85/><D85/><U56/><E131/><V70/><F70/><W111/><G124/><T57/><D19/><U46/><E106/><V53/><F103/><W135/><G135/><T64/><D65/><U126/><E104/><V77/><F107/><W16/><G16/><T127/><D127/><U130/><E126/><V5/><F40/><W51/><G51/><T94/><REACH who="0" step="1"/><D133/><REACH who="0" ten="187,254,288,261" step="2"/><U91/><E130/><V98/><F86/><W114/><G111/><T30/><D30/><N who="1" m="11307" /><E8/><V125/><F125/><W117/><G114/><T38/><D38/><U55/><E55/><V128/><F53/><W63/><G117/><T95/><D95/><U26/><E24/><V6/><F27/><W97/><G97/><T112/><D112/><U48/><AGARI ba="0,1" hai="17,21,26,45,46,48,52,56,82,84,91" m="11307" machi="48" ten="30,2000,0" yaku="8,1,54,1" doraHai="115" who="1" fromWho="1" sc="187,-5,254,30,288,-10,261,-5" /><INIT seed="3,0,0,2,3,101" ten="182,284,278,256" oya="3" hai0="69,33,123,6,88,98,27,29,4,55,15,42,90" hai1="53,120,92,87,130,18,107,109,26,10,111,22,77" hai2="91,122,23,84,16,28,126,63,112,95,52,43,121" hai3="64,30,48,108,89,80,12,31,54,81,85,79,93"/><W35/><G108/><N who="1" m="41546" /><E120/><N who="2" m="46187" /><F126/><W32/><G64/><T9/><D69/><U82/><E92/><V8/><F43/><W102/><G102/><T104/><D123/><U127/><E127/><V113/><F8/><W131/><G131/><T65/><D65/><U38/><E38/><V61/><F28/><W110/><G110/><T21/><D42/><U76/><E76/><V20/><F20/><W70/><G70/><T83/><D83/><U99/><E130/><V47/><F63/><W51/><G12/><T75/><D75/><U62/><E99/><V19/><F23/><W103/><G103/><T45/><D104/><U57/><E10/><V36/><F36/><W67/><G67/><T78/><D78/><U125/><E125/><V41/><F41/><W39/><G39/><T119/><D98/><U115/><E115/><N who="2" m="44107" /><F61/><W58/><G81/><T128/><D128/><U105/><AGARI ba="0,0" hai="18,22,26,53,57,62,77,82,87,105,107" m="41546" machi="105" ten="30,4000,0" yaku="14,1,52,2" doraHai="101" who="1" fromWho="1" sc="182,-10,284,40,278,-10,256,-20" /><INIT seed="4,0,0,5,0,126" ten="172,324,268,236" oya="0" hai0="70,7,12,13,114,91,124,116,57,76,37,8,66" hai1="16,9,23,39,96,89,53,110,72,81,125,27,68" hai2="63,93,77,42,2,1,102,105,123,4,3,79,127" hai3="71,24,109,88,106,55,87,18,45,78,128,17,99"/><T44/><D116/><U85/><E68/><V134/><F123/><W69/><G109/><T130/><D124/><U43/><E125/><V38/><F127/><W107/><G78/><T75/><D70/><U19/><E110/><V118/><F93/><W31/><G71/><T101/><D101/><U36/><E43/><V22/><F22/><W64/><G64/><T112/><D75/><U0/><E72/><V97/><F134/><W73/><G73/><T48/><D76/><U41/><E41/><V51/><F51/><W28/><G69/><T90/><D37/><U74/><E74/><V54/><F4/><W5/><G5/><T29/><D29/><U80/><E80/><V133/><F133/><W117/><G31/><T60/><D13/><U59/><E96/><V14/><F14/><W119/><G119/><T15/><D15/><U11/><E11/><V103/><F103/><W50/><G99/><T94/><D130/><U67/><E67/><V58/><REACH who="2" step="1"/><F118/><REACH who="2" ten="172,324,258,236" step="2"/><W40/><G117/><T131/><D94/><U21/><E0/><V6/><F6/><W46/><G107/><T113/><REACH who="0" step="1"/><D131/><REACH who="0" ten="162,324,258,236" step="2"/><U83/><E9/><V86/><F86/><W98/><G128/><T25/><D25/><N who="1" m="14527" /><E39/><V111/><F111/><W92/><G106/><T20/><D20/><U121/><E36/><V95/><F95/><W32/><G98/><T35/><D35/><U100/><E121/><V49/><F49/><AGARI ba="0,2" hai="17,18,24,28,32,40,45,46,49,50,55,87,88,92" machi="49" ten="30,2000,0" yaku="7,1,54,1" doraHai="126" who="3" fromWho="2" sc="162,0,324,0,258,-20,236,40" /><INIT seed="5,0,0,0,4,130" ten="162,324,238,276" oya="1" hai0="38,89,109,22,81,34,114,47,126,27,118,121,102" hai1="70,9,67,61,104,16,4,62,1,29,131,44,125" hai2="8,124,35,33,116,80,30,65,19,59,3,2,31" hai3="60,5,17,54,7,76,43,71,82,85,50,0,100"/><U91/><E131/><V108/><F65/><W98/><G43/><T133/><D47/><U66/><E104/><V56/><F80/><W36/><G36/><T68/><D102/><U88/><E29/><V97/><F97/><W96/><G0/><T120/><D89/><U69/><E125/><V95/><F95/><W21/><G71/><T112/><D81/><U20/><E44/><V134/><F116/><W12/><G60/><T74/><D22/><U58/><E58/><V90/><F90/><W48/><G48/><T83/><D83/><U42/><E42/><V75/><F75/><W127/><G127/><T14/><D14/><AGARI ba="0,0" hai="1,4,9,14,16,20,61,62,66,67,69,70,88,91" machi="14" ten="30,11600,0" yaku="7,1,9,1,54,2" doraHai="130" who="1" fromWho="0" sc="162,-116,324,116,238,0,276,0" /><INIT seed="5,1,0,0,0,84" ten="46,440,238,276" oya="1" hai0="126,80,135,73,30,67,78,48,50,7,102,43,109" hai1="46,27,5,89,63,16,13,65,1,11,113,62,69" hai2="98,122,41,91,83,52,55,81,4,25,128,90,3" hai3="95,24,44,116,6,100,56,20,29,21,99,125,37"/><U93/><E113/><V117/><F117/><W45/><G116/><T40/><D126/><U77/><E77/><V26/><F3/><W68/><G68/><T51/><D135/><U118/><E118/><V124/><F128/><W42/><G125/><T61/><D109/><U87/><E63/><V133/><F124/><W96/><G6/><T115/><D115/><U97/><E27/><N who="2" m="10251" /><F122/><W35/><G56/><T119/><D30/><U121/><E121/><V66/><F41/><W111/><G111/><T53/><D119/><U60/><E60/><V79/><F133/><W18/><G18/><T34/><D34/><U31/><E31/><V75/><F75/><W134/><G134/><T106/><D53/><N who="2" m="20554" /><F79/><W92/><G45/><T12/><D106/><U82/><E46/><V15/><F98/><W70/><G70/><T101/><D101/><AGARI ba="1,0" hai="20,21,24,29,35,37,42,44,92,95,96,99,100,101" machi="101" ten="30,2000,0" yaku="7,1,9,1" doraHai="84" who="3" fromWho="0" sc="46,-23,440,0,238,0,276,23" /><INIT seed="6,0,0,1,3,68" ten="23,440,238,299" oya="2" hai0="124,123,132,2,30,71,116,21,8,80,32,89,87" hai1="61,43,133,119,34,107,12,42,9,58,112,6,86" hai2="24,129,49,46,27,10,4,17,92,37,16,31,48" hai3="20,93,120,75,23,73,122,82,118,50,97,106,110"/><V76/><F129/><W57/><G106/><T135/><D8/><U69/><E69/><V83/><F92/><W60/><G110/><T53/><D21/><U45/><E107/><V26/><F31/><W111/><G111/><T65/><D30/><U13/><E34/><V63/><F63/><W59/><G118/><T117/><D53/><U62/><E112/><V113/><F113/><W78/><G75/><T77/><D65/><U0/><E43/><V105/><F105/><W7/><G7/><T41/><D41/><U33/><E33/><V15/><F37/><W19/><G50/><T104/><D2/><U70/><E133/><N who="0" m="51273" /><D32/><U102/><E102/><V36/><F36/><W25/><G23/><T130/><D71/><U52/><E86/><N who="2" m="48487" /><F49/><W96/><G96/><T131/><D104/><U5/><E5/><V126/><F126/><W51/><G51/><T125/><D77/><U1/><E1/><V100/><F100/><W72/><G59/><T127/><D123/><U84/><E0/><V103/><F103/><W108/><G108/><T94/><D80/><U115/><E115/><V90/><F90/><W91/><G73/><T39/><D39/><U67/><E84/><V29/><F29/><W40/><G40/><AGARI ba="0,0" hai="4,10,15,16,17,24,26,27,40,46,48" m="48487" machi="40" ten="30,5800,0" yaku="25,1,8,1,54,1" doraHai="68" who="2" fromWho="3" sc="23,0,440,0,238,58,299,-58" /><INIT seed="6,1,0,1,1,120" ten="23,440,296,241" oya="2" hai0="7,59,5,48,103,82,64,129,80,124,71,118,108" hai1="97,11,49,36,131,21,100,34,113,116,106,2,40" hai2="101,30,25,87,31,93,47,125,18,43,132,14,55" hai3="61,46,32,15,88,91,115,33,122,65,50,19,37"/><V107/><F107/><W22/><G122/><T39/><D103/><U86/><E21/><V72/><F72/><W104/><G37/><T89/><D64/><U96/><E49/><V60/><F132/><W58/><G104/><T10/><D89/><U67/><E86/><V20/><F125/><W123/><G123/><T128/><D59/><U17/><E17/><V126/><F126/><W9/><G115/><T6/><D48/><U38/><E97/><V41/><F47/><W28/><G33/><T53/><D124/><U117/><E40/><V42/><F14/><N who="3" m="9591" /><G28/><T73/><D73/><U68/><E113/><V16/><F31/><W0/><G0/><T94/><D39/><U12/><E12/><V112/><F112/><W1/><G1/><T105/><D105/><U76/><E76/><V3/><F3/><W45/><G45/><T51/><D51/><U79/><E79/><V121/><F121/><W8/><G8/><T98/><D118/><U84/><E84/><V134/><F134/><W52/><G32/><T44/><D71/><U35/><E117/><V114/><F114/><W57/><G57/><T74/><D74/><U90/><E116/><V69/><F69/><W70/><G70/><T29/><D29/><U133/><E68/><V24/><F24/><W27/><G27/><T119/><D119/><U56/><E2/><V85/><F30/><W62/><G62/><T77/><D10/><U127/><E133/><V4/><F25/><W54/><G65/><T111/><D77/><U66/><E127/><V109/><F20/><W135/><G135/><T110/><D44/><RYUUKYOKU ba="1,0" sc="23,-10,440,-10,296,-10,241,30" hai3="9,15,46,50,52,54,58,61,88,91" /><INIT seed="7,2,0,1,0,45" ten="13,430,286,271" oya="3" hai0="58,62,86,11,10,72,37,36,23,16,105,110,0" hai1="125,93,69,132,97,106,121,30,82,75,116,99,122" hai2="25,35,21,128,109,15,114,20,78,4,60,1,40" hai3="33,65,41,112,43,49,2,61,19,18,8,77,17"/><W29/><G112/><T104/><D72/><U88/><E30/><V42/><F78/><W130/><G130/><T94/><D0/><U95/><E69/><V53/><F109/><W47/><G41/><T64/><D86/><U68/><E68/><V115/><F60/><W119/><G119/><T48/><D94/><U5/><E5/><V57/><F128/><W113/><G113/><N who="2" m="43017" /><F1/><W34/><G77/><T28/><D28/><U76/><E116/><V9/><F35/><W27/><G2/><T54/><D110/><U111/><E111/><V129/><F129/><W98/><G98/><T81/><D81/><U63/><E63/><N who="2" m="36271" /><F21/><W126/><G126/><T52/><D62/><U84/><E125/><V12/><F12/><W3/><G3/><T83/><D83/><U7/><E7/><V90/><F90/><W26/><G26/><T123/><D23/><U59/><E59/><V134/><F134/><W124/><G124/><T6/><D58/><U56/><E56/><V135/><F135/><W24/><G8/><T13/><D6/><U32/><E32/><V89/><F89/><W87/><G27/><T117/><D117/><U55/><E55/><V71/><F71/><N who="3" m="42415" /><G34/><T67/><D13/><U96/><E132/><V44/><F44/><W14/><G14/><T100/><D100/><U51/><E106/><V74/><F74/><W101/><G101/><T133/><D133/><U92/><E122/><V80/><F80/><W31/><G31/><AGARI ba="2,0" hai="4,9,15,20,25,31,40,42" m="36271,43017" machi="31" ten="30,1000,0" yaku="15,1" doraHai="45" who="2" fromWho="3" sc="13,0,430,0,286,16,271,-16" owari="13,-49.0,430,53.0,302,10.0,255,-14.0" /></mjloggm>