<mjloggm ver="2.3"><GO type="41" lobby="0"/><UN n0="%E2%93%9D%53%75%70%68%78" n1="%E3%82%89%E3%81%8B%E3%82%93%E3%81%8B" n2="%E5%BC%B1%E9%9B%80" n3="%79%6F%77" dan="18,15,13,14" rate="2163.04,2003.47,1857.76,1981.32" sx="M,M,M,M"/><TAIKYOKU oya="0"/><INIT seed="0,0,0,3,1,72" ten="250,250,250,250" oya="0" hai0="115,24,126,35,114,130,69,9,1,0,116,30,123" hai1="120,4,7,75,46,64,102,71,16,127,17,97,128" hai2="121,21,74,132,104,85,25,53,11,13,125,112,3" hai3="118,79,19,101,33,89,38,103,5,86,129,55,20"/><T110/><RYUUKYOKU type="yao9" ba="0,0" sc="250,0,250,0,250,0,250,0" hai0="0,1,9,24,30,35,69,110,114,115,116,123,126,130" /><INIT seed="0,1,0,0,3,9" ten="250,250,250,250" oya="0" hai0="46,3,76,121,17,84,119,123,52,105,65,117,109" hai1="83,102,64,126,36,93,108,1,133,90,6,39,82" hai2="81,122,10,44,88,120,69,118,51,19,18,130,67" hai3="99,55,26,61,134,77,86,31,30,38,73,72,13"/><T16/><D105/><U20/><E64/><V63/><F130/><W42/><G134/><T7/><D65/><U12/><E1/><V25/><F118/><W40/><G99/><T23/><D76/><U103/><E133/><V106/><F106/><W34/><G31/><T21/><D84/><U95/><E36/><V113/><F113/><W27/><G27/><T5/><D46/><U59/><E39/><V49/><F25/><W22/><G73/><T15/><D52/><U135/><E135/><V75/><F75/><W128/><G72/><T66/><D66/><U91/><E6/><N who="0" m="2057" /><D3/><U60/><E102/><V43/><F51/><W47/><G128/><T80/><D80/><U57/><E103/><V4/><F120/><N who="0" m="46154" /><D109/><U74/><E108/><V98/><F122/><W53/><G53/><T96/><BYE who="3" /><D96/><UN n3="%79%6F%77" /><U68/><E68/><V92/><REACH who="2" step="1"/><F81/><REACH who="2" ten="250,250,240,250" step="2"/><W32/><G38/><T94/><D94/><U71/><E93/><V127/><F127/><W28/><G26/><AGARI ba="1,1" hai="15,16,17,21,23,26,117,119" m="46154,2057" machi="26" ten="30,11600,0" yaku="34,2,52,1,54,1" doraHai="9" who="0" fromWho="3" sc="250,129,250,0,240,0,250,-119" /><INIT seed="0,2,0,0,1,40" ten="379,250,240,131" oya="0" hai0="126,65,38,14,68,47,116,32,28,42,27,82,19" hai1="127,66,63,60,113,128,50,132,115,121,43,91,7" hai2="4,99,114,84,2,76,62,74,100,16,106,135,39" hai3="18,96,79,46,33,45,86,20,105,120,64,57,78"/><T3/><D116/><U118/><E7/><V48/><F135/><W25/><G120/><T58/><D126/><U52/><E118/><V88/><F114/><N who="1" m="43529" /><E121/><V87/><F39/><W125/><G125/><T53/><D3/><U37/><E127/><V93/><F2/><W44/><G33/><T133/><D82/><U5/><E5/><V41/><F4/><W56/><G105/><T110/><D110/><U77/><E77/><N who="3" m="29194" /><G96/><T21/><D133/><U34/><E34/><V11/><F62/><N who="3" m="37959" /><G57/><T13/><D65/><U90/><E132/><V15/><F74/><W124/><G124/><T109/><D109/><U0/><E0/><V117/><F117/><W17/><G86/><T112/><D112/><U51/><E37/><V89/><F76/><W108/><G108/><T85/><D85/><U80/><E80/><V94/><F41/><W10/><G10/><T104/><D104/><U55/><E43/><V26/><F48/><N who="1" m="18473" /><E128/><V122/><F26/><W23/><G23/><T24/><D68/><N who="1" m="42055" /><E91/><V70/><F70/><W123/><G123/><AGARI ba="2,0" hai="11,15,16,84,87,88,89,93,94,99,100,106,122,123" machi="123" ten="40,5200,0" yaku="9,1,54,2" doraHai="40" who="2" fromWho="3" sc="379,0,250,0,240,58,131,-58" /><INIT seed="1,0,0,4,5,81" ten="379,250,298,73" oya="1" hai0="94,108,73,30,71,113,128,131,110,45,14,134,35" hai1="47,66,100,11,76,61,43,90,86,127,15,126,98" hai2="20,133,79,106,115,37,40,3,96,63,135,87,4" hai3="80,109,53,51,65,28,0,41,105,26,129,74,112"/><U32/><E32/><V60/><F115/><W29/><G129/><N who="0" m="49739" /><D73/><U25/><E76/><V107/><F3/><W52/><G112/><T84/><D113/><U59/><E25/><V132/><F4/><W6/><G105/><N who="2" m="39945" /><F96/><W55/><G109/><T38/><D71/><U48/><E98/><V124/><F124/><W119/><G119/><T130/><D134/><U9/><E100/><V18/><F40/><W42/><G65/><T102/><D14/><U44/><E44/><V111/><F37/><W97/><G97/><N who="0" m="59703" /><D30/><U101/><E101/><V22/><F111/><N who="0" m="42538" /><D35/><U36/><E36/><V77/><F77/><W82/><G74/><T125/><D130/><U75/><E75/><V104/><N who="2" m="39953" /><V12/><DORA hai="54" /><F22/><N who="3" m="15447" /><G0/><T99/><D99/><U50/><E50/><V68/><F68/><W33/><G33/><T120/><D120/><U78/><E78/><V13/><F13/><W64/><G64/><T19/><D125/><N who="1" m="47627" /><E15/><V118/><F118/><W62/><G29/><T57/><D38/><U16/><E16/><V58/><F58/><N who="3" m="35143" /><G6/><T8/><D19/><U56/><E56/><V72/><F72/><W83/><G55/><T23/><D57/><AGARI ba="0,0" hai="41,42,51,53,57,80,82,83" m="35143,15447" machi="57" ten="30,7700,0" yaku="8,1,52,2,54,1" doraHai="81,54" who="3" fromWho="0" sc="379,-77,250,0,298,0,73,77" /><INIT seed="2,0,0,1,0,42" ten="302,250,298,150" oya="2" hai0="66,135,22,6,81,27,96,92,114,36,101,93,10" hai1="1,61,55,119,44,110,57,77,47,126,132,68,123" hai2="98,73,111,32,118,11,85,31,37,33,63,94,115" hai3="30,60,16,46,65,72,69,80,84,134,8,97,104"/><V127/><F127/><W112/><G72/><T91/><D135/><U5/><E77/><V19/><F118/><W124/><G134/><T29/><D114/><U102/><E132/><V25/><F115/><W64/><G124/><T105/><D36/><U122/><E126/><V23/><F37/><W88/><G112/><T56/><D81/><U120/><E102/><V41/><F73/><W121/><G121/><T14/><D105/><U74/><E74/><V117/><F117/><W95/><G104/><T83/><D83/><U71/><E5/><V128/><F128/><W125/><G30/><T18/><D66/><U76/><E76/><V108/><F41/><W38/><G65/><T129/><D56/><U62/><E1/><V26/><F63/><W51/><G38/><T15/><D129/><U82/><E82/><V49/><F49/><W17/><G8/><T21/><REACH who="0" step="1"/><D93/><REACH who="0" ten="292,250,298,150" step="2"/><U89/><E119/><V99/><F94/><W86/><G125/><T2/><D2/><U7/><E110/><V116/><F116/><W39/><G39/><T13/><D13/><U58/><E7/><V109/><F11/><W106/><G106/><T70/><D70/><N who="1" m="26667" /><E89/><AGARI ba="0,1" hai="6,10,14,15,18,21,22,27,29,89,91,92,96,101" machi="89" ten="40,2600,0" yaku="1,1,8,1,53,0" doraHai="42" doraHaiUra="35" who="0" fromWho="1" sc="292,36,250,-26,298,0,150,0" /><INIT seed="3,0,0,3,1,98" ten="328,224,298,150" oya="3" hai0="42,107,73,0,49,13,90,85,96,35,101,93,10" hai1="30,123,94,83,11,110,115,121,72,9,39,100,119" hai2="62,16,89,88,44,109,75,97,53,127,126,64,48" hai3="52,134,57,65,18,27,1,37,67,122,91,114,86"/><W32/><G122/><T43/><D35/><U106/><E30/><V50/><F109/><W113/><G37/><T77/><D0/><U63/><E39/><V23/><F75/><W95/><G134/><T129/><D129/><U40/><E40/><V76/><F76/><W79/><G1/><T118/><D118/><U20/><E119/><V104/><F104/><W128/><G128/><T59/><D59/><U87/><E115/><V14/><F97/><W130/><G130/><T38/><D49/><U34/><E34/><V99/><F99/><W112/><G79/><T8/><D8/><U28/><E110/><V24/><F126/><W111/><G111/><T74/><D38/><U55/><E72/><V6/><F127/><W46/><G46/><T132/><D132/><U33/><E33/><V47/><F6/><W60/><REACH who="3" step="1"/><G18/><REACH who="3" ten="328,224,298,140" step="2"/><N who="0" m="8503" /><D74/><U70/><E121/><V120/><F120/><W133/><G133/><T36/><D36/><U131/><E131/><V7/><F7/><W124/><G124/><T71/><D73/><U82/><E123/><V117/><F117/><W103/><G103/><T61/><D77/><U31/><E100/><V15/><F47/><W68/><G68/><T25/><D71/><U135/><E70/><V58/><F50/><W105/><G105/><T69/><D69/><U12/><E106/><V45/><F45/><W108/><G108/><T102/><D102/><U22/><E135/><V125/><F125/><W17/><G17/><T26/><D61/><U41/><E63/><V19/><F19/><W116/><G116/><T92/><D107/><U51/><E51/><RYUUKYOKU ba="0,1" sc="328,10,224,-30,298,10,140,10" hai0="25,26,42,43,85,90,92,93,96,101" hai2="14,15,16,23,24,44,48,53,58,62,64,88,89" hai3="27,32,52,57,60,65,67,86,91,95,112,113,114" /><INIT seed="3,1,1,2,2,124" ten="338,194,308,150" oya="3" hai0="93,125,10,132,98,113,25,80,72,131,40,2,55" hai1="21,76,108,24,90,111,87,107,38,109,135,3,100" hai2="119,18,63,47,121,130,37,106,30,13,59,45,104" hai3="58,48,74,32,65,49,7,126,86,120,78,110,61"/><W43/><G120/><T42/><D132/><U95/><E38/><V31/><F119/><W54/><G32/><T16/><D125/><U129/><E3/><V69/><F69/><W11/><G74/><T27/><D131/><U118/><E118/><V29/><F121/><W85/><G126/><T64/><D64/><U97/><E135/><V44/><F130/><W17/><G17/><T5/><D113/><U75/><E21/><V35/><F37/><W134/><G134/><T84/><D55/><U133/><E133/><V4/><F4/><W56/><G110/><T115/><D72/><U112/><E24/><V71/><F71/><W92/><G78/><T6/><D115/><U19/><E19/><V9/><REACH who="2" step="1"/><F35/><REACH who="2" ten="338,194,298,150" step="2"/><W123/><G123/><T15/><D6/><U28/><E129/><V50/><F50/><W66/><G43/><T41/><D5/><U79/><E28/><V53/><AGARI ba="1,2" hai="9,13,18,29,30,31,44,45,47,53,59,63,104,106" machi="53" ten="30,2000,0" yaku="1,1,0,1,53,0" doraHai="124" doraHaiUra="96" who="2" fromWho="2" sc="338,-6,194,-6,298,43,150,-11" /><INIT seed="4,0,0,3,5,81" ten="332,188,341,139" oya="0" hai0="96,20,1,91,45,10,8,33,18,38,78,126,49" hai1="74,37,5,113,135,19,48,125,83,86,50,59,80" hai2="30,120,124,129,100,118,21,3,76,94,58,104,67" hai3="87,46,27,98,65,103,7,73,93,13,88,119,85"/><T6/><D33/><U0/><E37/><V105/><F124/><W95/><G65/><T117/><D117/><U40/><E125/><V128/><F3/><W92/><G27/><T60/><D38/><U11/><E135/><V121/><F76/><W54/><G73/><T71/><D10/><U99/><E113/><V108/><F108/><W68/><G68/><T57/><D71/><U110/><E80/><V34/><F34/><W44/><G119/><T75/><D78/><U134/><E134/><V114/><F114/><W122/><G122/><T66/><D75/><U24/><E74/><V64/><F118/><W28/><G28/><T109/><D109/><U42/><E99/><N who="2" m="59511" /><F30/><W35/><G35/><T116/><D116/><U97/><E97/><V47/><F47/><W63/><G63/><T29/><D29/><U127/><E127/><V89/><F21/><W55/><G46/><T106/><D106/><N who="2" m="41066" /><F89/><N who="3" m="53295" /><G44/><T53/><D126/><U9/><E110/><V17/><F17/><W70/><G70/><T79/><D79/><U90/><E24/><V72/><F72/><W51/><G51/><T69/><D69/><U61/><E48/><V107/><N who="2" m="41074" /><V32/><DORA hai="43" /><F32/><W25/><G25/><T130/><D18/><U22/><E11/><AGARI ba="0,0" hai="7,11,13,54,55,87,88,93,95,98,103" m="53295" machi="11" ten="30,7700,0" yaku="8,1,52,2,54,1" doraHai="81,43" who="3" fromWho="1" sc="332,0,188,-77,341,0,139,77" /><INIT seed="5,0,0,2,2,130" ten="332,111,341,216" oya="1" hai0="118,79,128,42,4,123,9,109,40,51,77,88,5" hai1="21,57,81,48,41,99,72,100,66,39,76,92,97" hai2="8,17,58,13,33,46,83,84,14,126,44,23,61" hai3="103,28,71,55,7,107,68,70,12,135,113,132,119"/><U16/><E39/><V121/><F126/><W110/><G28/><T19/><D109/><U95/><E41/><V15/><F121/><W47/><G110/><T34/><D118/><U2/><E2/><V30/><F33/><W102/><G119/><T111/><D34/><U75/><E75/><V134/><F134/><N who="3" m="51243" /><G107/><T127/><D128/><U85/><E72/><V80/><F30/><W125/><G125/><T133/><D123/><U63/><E48/><V20/><F20/><W56/><G47/><N who="2" m="17961" /><F83/><W24/><G24/><T78/><D111/><U82/><E82/><V65/><F8/><N who="3" m="4127" /><G113/><T1/><D127/><U59/><E63/><AGARI ba="0,0" hai="55,56,63,68,70,71,102,103" m="4127,51243" machi="63" ten="40,8000,1" yaku="20,1,52,3" doraHai="130" who="3" fromWho="1" sc="332,0,111,-80,341,0,216,80" /><INIT seed="6,0,0,3,1,6" ten="332,31,341,296" oya="2" hai0="3,66,45,127,8,106,17,4,14,49,56,85,20" hai1="115,16,12,23,46,83,38,40,11,25,35,92,72" hai2="121,69,57,113,44,33,117,54,118,10,36,61,1" hai3="2,71,133,135,120,88,84,99,102,131,5,22,59"/><V41/><F121/><W134/><G71/><T114/><D114/><U81/><E115/><V94/><F113/><W43/><G120/><T70/><D106/><U30/><E72/><V87/><F33/><W74/><G74/><T27/><D127/><U52/><E92/><V82/><F94/><W86/><G86/><T39/><D70/><U26/><REACH who="1" step="1"/><E52/><REACH who="1" ten="332,21,341,296" step="2"/><V91/><F69/><W67/><G134/><T29/><D66/><U129/><E129/><V64/><F54/><W31/><G67/><T15/><D56/><U50/><E50/><V62/><F62/><W55/><G59/><T47/><D39/><U105/><E105/><V100/><F118/><W80/><G55/><T73/><D73/><U68/><E68/><V110/><F117/><W18/><G131/><T116/><D116/><U124/><E124/><V123/><F123/><W90/><G135/><T109/><D49/><U89/><E89/><V126/><F126/><W24/><G90/><T76/><D109/><U19/><AGARI ba="0,1" hai="11,12,16,19,23,25,26,30,35,38,40,46,81,83" machi="19" ten="20,8000,1" yaku="1,1,0,1,7,1,52,1,54,1,53,0" doraHai="6" doraHaiUra="34" who="1" fromWho="1" sc="332,-20,21,90,341,-40,296,-20" /><INIT seed="7,0,0,2,2,134" ten="312,111,301,276" oya="3" hai0="84,105,41,74,96,23,93,13,1,79,38,112,56" hai1="35,49,101,127,85,77,17,135,87,122,53,22,57" hai2="36,8,73,43,94,27,92,46,15,2,81,34,60" hai3="18,67,59,14,82,68,120,40,39,28,20,78,58"/><W133/><G120/><T128/><D1/><U107/><E35/><V118/><F118/><W25/><G133/><T104/><D38/><U42/><E122/><V75/><F81/><W91/><G68/><T54/><D74/><U21/><E135/><V83/><F60/><W86/><G67/><T16/><D41/><U3/><E3/><V12/><F2/><W126/><G126/><T66/><D128/><U10/><E107/><V116/><F116/><W99/><G39/><T0/><D0/><U69/><E101/><V109/><F109/><W24/><G40/><T7/><D112/><U97/><E69/><V89/><F83/><W88/><G25/><T70/><D7/><U90/><E42/><V121/><F92/><N who="3" m="56711" /><G91/><N who="0" m="53479" /><D79/><U63/><E77/><V130/><F130/><W113/><G113/><T19/><D66/><U62/><E97/><V44/><F34/><W71/><G71/><T102/><D70/><U26/><E10/><AGARI ba="0,0" hai="10,14,18,20,24,28,58,59,78,82,86" m="56711" machi="10" ten="30,2900,0" yaku="8,1,54,1" doraHai="134" who="3" fromWho="1" sc="312,0,111,-29,301,0,276,29" /><INIT seed="7,1,0,1,1,111" ten="312,82,301,305" oya="3" hai0="36,105,47,81,43,50,17,94,70,116,40,35,95" hai1="8,62,102,27,42,30,59,4,82,123,76,134,61" hai2="75,93,58,56,55,48,114,73,101,7,34,96,90" hai3="108,5,49,15,38,74,37,107,117,71,24,118,127"/><W28/><G107/><T13/><D116/><U83/><E134/><V128/><F128/><W26/><G71/><T79/><D105/><U84/><E123/><V11/><F34/><W135/><G74/><T29/><D70/><U131/><E131/><V129/><F114/><W91/><G135/><T115/><D115/><U89/><E102/><V0/><F129/><W120/><G120/><T99/><D35/><U23/><E42/><V112/><F112/><W67/><G67/><T124/><D29/><U64/><E62/><V54/><F101/><W77/><G77/><T41/><D124/><U16/><E30/><V31/><F31/><W72/><G72/><T51/><D36/><U25/><E25/><V122/><F122/><W32/><G127/><T125/><D51/><AGARI ba="1,0" hai="0,7,11,48,51,54,55,56,58,73,75,90,93,96" machi="51" ten="30,2000,0" yaku="7,1,9,1" doraHai="111" who="2" fromWho="0" sc="312,-23,82,0,301,23,305,0" owari="289,-11.0,82,-42.0,324,42.0,305,11.0" /></mjloggm>