<mjloggm ver="2.3"><GO type="41" lobby="0"/><UN n0="%E7%89%8C%E3%81%AE%E3%82%AB%E3%83%AA%E3%82%B9%E3%83%9E" n1="%E2%93%9D%53%75%70%68%78" n2="%E3%83%9E%E3%83%A6%E3%83%AA%E3%82%B9" n3="%4B%61%6E%2D%4E%79%61" dan="14,17,13,14" rate="1906.14,2048.30,2045.23,1973.06" sx="M,M,M,M"/><TAIKYOKU oya="0"/><INIT seed="0,0,0,2,5,95" ten="250,250,250,250" oya="0" hai0="75,30,67,80,84,87,92,35,40,37,114,73,8" hai1="24,57,72,18,6,22,42,45,86,115,71,104,76" hai2="125,9,64,93,130,16,123,90,20,59,113,112,25" hai3="7,81,78,74,50,48,36,131,41,0,101,126,27"/><T38/><D114/><U28/><E71/><V96/><F125/><W117/><G126/><T79/><D67/><U3/><E104/><V91/><F130/><W133/><G117/><T88/><D8/><U43/><E72/><V49/><F123/><W83/><G131/><T34/><D40/><U70/><E70/><V103/><F9/><W82/><G133/><T94/><D30/><U99/><E3/><V120/><F120/><W10/><G101/><T124/><D124/><U119/><E6/><V135/><F135/><W5/><G27/><T52/><D52/><U105/><E105/><V89/><REACH who="2" step="1"/><F49/><REACH who="2" ten="250,250,240,250" step="2"/><N who="3" m="19051" /><G7/><T17/><D38/><U62/><E119/><V12/><F12/><W77/><G78/><T2/><D37/><U111/><E76/><V26/><F26/><W39/><G39/><T106/><D2/><U14/><E24/><V4/><F4/><W1/><G0/><T85/><D79/><U21/><E14/><V116/><F116/><W54/><G54/><T31/><D75/><U134/><E134/><V58/><F58/><W108/><G108/><T118/><D73/><U102/><E111/><V129/><F129/><W56/><G56/><T66/><D118/><U69/><E57/><V53/><F53/><W65/><G65/><T107/><D66/><U29/><E69/><V128/><F128/><W127/><G127/><T44/><D44/><AGARI ba="0,1" hai="1,5,10,36,41,44,74,77,81,82,83" m="19051" machi="44" ten="30,1000,0" yaku="25,1" doraHai="95" who="3" fromWho="0" sc="250,-10,250,0,240,0,250,20" /><INIT seed="1,0,0,2,5,88" ten="240,250,240,270" oya="1" hai0="85,96,131,97,94,30,53,100,31,126,112,48,77" hai1="24,123,83,89,51,79,5,116,43,101,32,106,16" hai2="71,12,17,10,114,67,35,68,104,11,36,19,58" hai3="39,121,62,86,133,63,91,69,6,90,20,7,15"/><U75/><E116/><V117/><F117/><W59/><G121/><T103/><D112/><U25/><E123/><V127/><F35/><W45/><G133/><T70/><D70/><U1/><E32/><V29/><F29/><W44/><G69/><T74/><D74/><U46/><E5/><V40/><F104/><W105/><G105/><T125/><D131/><U124/><E1/><V95/><F127/><N who="0" m="48650" /><D85/><U132/><E124/><V0/><F0/><W55/><G39/><T47/><D77/><U64/><E64/><V28/><F28/><W110/><G110/><T81/><D81/><U78/><E132/><V72/><F72/><W57/><G20/><T9/><D9/><U4/><E4/><N who="3" m="1578" /><G15/><T38/><D38/><U27/><E79/><V120/><F120/><W3/><G3/><T102/><D102/><U33/><E33/><V61/><F114/><W118/><G118/><T54/><D53/><U93/><E101/><V23/><F68/><W21/><G21/><T18/><D18/><U52/><E106/><AGARI ba="0,0" hai="30,31,47,48,54,94,96,97,100,103,106" m="48650" machi="106" ten="30,2000,0" yaku="18,1,52,1" doraHai="88" who="0" fromWho="1" sc="240,20,250,-20,240,0,270,0" /><INIT seed="2,0,0,5,5,119" ten="260,230,240,270" oya="2" hai0="109,32,35,33,9,43,91,47,72,87,69,124,18" hai1="81,57,48,73,83,108,71,38,79,110,112,51,45" hai2="131,103,3,23,89,96,30,2,60,74,27,40,97" hai3="90,28,66,20,75,106,98,52,84,115,85,15,26"/><V134/><F74/><W128/><G75/><T5/><D69/><U61/><E83/><V101/><F131/><W113/><G128/><T41/><D72/><U122/><E81/><V80/><F134/><W78/><G66/><T65/><D65/><N who="1" m="41391" /><E79/><V42/><F3/><W13/><G78/><T44/><D18/><U59/><E112/><N who="3" m="43082" /><G106/><T7/><D109/><N who="1" m="42091" /><E122/><V29/><F2/><W107/><G107/><T39/><D9/><U114/><E114/><V14/><F60/><W118/><G118/><T111/><D111/><U135/><E73/><V68/><F68/><W11/><G15/><T16/><D16/><U126/><E126/><V17/><F30/><W121/><G121/><T55/><D124/><U31/><E31/><V19/><F29/><W95/><G52/><T123/><D55/><U54/><E135/><V34/><F34/><W46/><G46/><T88/><D123/><U62/><E59/><V125/><F125/><W10/><G10/><T76/><D76/><U21/><E21/><N who="2" m="11447" /><F80/><W93/><G95/><T129/><D129/><U24/><E24/><V25/><F27/><W64/><G64/><T53/><D53/><U4/><E4/><AGARI ba="0,0" hai="4,11,13,20,26,28,84,85,90,93,98" m="43082" machi="4" ten="30,1000,0" yaku="11,1" doraHai="119" who="3" fromWho="1" sc="260,0,230,-10,240,0,270,10" /><INIT seed="3,0,0,1,3,103" ten="260,220,240,280" oya="3" hai0="72,39,108,41,75,125,107,100,74,64,57,19,127" hai1="22,88,118,13,15,3,28,111,78,10,48,30,99" hai2="36,77,115,114,7,66,112,1,101,85,129,120,76" hai3="51,26,18,93,109,116,106,97,123,135,126,23,50"/><W46/><G123/><T37/><D108/><U33/><E78/><V90/><F36/><W104/><G116/><T98/><D41/><U69/><E69/><V35/><F35/><W133/><G126/><N who="0" m="48139" /><D19/><N who="1" m="10607" /><E88/><V21/><F7/><W113/><G113/><T9/><D9/><U96/><E48/><V80/><F1/><W92/><G109/><T2/><D2/><U25/><E99/><V131/><F21/><W44/><G97/><T24/><D24/><N who="1" m="18567" /><E96/><V83/><F66/><W130/><G130/><N who="2" m="49673" /><F101/><W71/><G71/><T16/><D16/><N who="1" m="8311" /><E111/><V84/><F90/><W63/><G63/><AGARI ba="0,0" hai="37,39,57,63,64,72,74,75,98,100,107" m="48139" machi="63" ten="40,2600,0" yaku="18,1,52,1" doraHai="103" who="0" fromWho="3" sc="260,26,220,0,240,0,280,-26" /><INIT seed="4,0,0,1,1,107" ten="286,220,240,254" oya="0" hai0="92,51,115,95,55,22,131,106,23,34,121,72,112" hai1="103,71,44,38,52,117,30,122,36,67,59,126,7" hai2="123,65,124,96,24,49,4,15,132,50,127,9,129" hai3="54,102,78,90,63,40,66,11,85,88,69,110,91"/><T62/><D34/><U57/><E7/><V43/><F123/><W97/><G110/><T46/><D106/><U79/><E79/><V35/><F65/><W87/><G40/><T2/><D2/><U56/><E30/><V119/><F96/><W75/><G11/><T58/><D121/><U0/><E103/><V77/><F49/><W17/><G17/><T6/><D6/><U14/><E14/><V13/><F129/><W80/><REACH who="3" step="1"/><G54/><REACH who="3" ten="286,220,240,244" step="2"/><T111/><D111/><U76/><E122/><V100/><F43/><W86/><G86/><T82/><D131/><U116/><E116/><V27/><F119/><W29/><G29/><T134/><D134/><U26/><E117/><V120/><F132/><W53/><G53/><T45/><D115/><U93/><E52/><V20/><F120/><W42/><G42/><T32/><D112/><U18/><E18/><V16/><F124/><W94/><AGARI ba="0,1" hai="63,66,69,75,78,80,85,87,88,90,91,94,97,102" machi="94" ten="30,8000,1" yaku="1,1,0,1,52,1,54,1,53,1" doraHai="107" doraHaiUra="104" who="3" fromWho="3" sc="286,-40,220,-20,240,-20,244,90" /><INIT seed="5,0,0,3,0,47" ten="246,200,220,334" oya="1" hai0="132,74,66,73,80,90,21,11,29,96,119,65,121" hai1="37,128,10,126,20,22,13,69,124,30,58,97,53" hai2="33,68,5,89,98,107,52,57,50,23,91,100,63" hai3="36,127,64,76,82,6,108,131,18,26,130,95,94"/><U16/><E69/><V28/><F5/><W87/><G108/><T83/><D119/><U70/><E70/><V60/><F23/><W88/><G36/><T32/><D32/><U109/><E37/><V38/><F38/><W41/><G41/><T78/><D132/><U15/><E109/><V133/><F133/><W24/><G127/><N who="1" m="48682" /><E128/><N who="3" m="49194" /><G6/><T49/><D121/><U86/><E97/><V39/><F39/><W40/><G40/><T84/><D96/><U106/><E106/><V75/><F75/><N who="3" m="43295" /><G64/><T0/><D73/><U51/><E30/><V113/><F113/><W8/><G95/><T44/><D11/><N who="1" m="6207" /><E86/><V125/><F125/><W4/><G18/><AGARI ba="0,0" hai="10,15,18,20,22,51,53,58" m="6207,48682" machi="18" ten="30,5800,0" yaku="18,1,52,1,54,1" doraHai="47" who="1" fromWho="3" sc="246,0,200,58,220,0,334,-58" /><INIT seed="5,1,0,1,0,129" ten="246,258,220,276" oya="1" hai0="27,64,29,109,78,51,98,60,15,102,25,40,13" hai1="99,5,85,124,110,112,88,100,63,66,82,105,42" hai2="111,53,113,57,128,22,104,14,115,107,122,75,4" hai3="6,59,97,54,56,31,62,44,58,21,26,103,87"/><U38/><E112/><N who="2" m="43083" /><F122/><W8/><G44/><T133/><D78/><U72/><E124/><V17/><F111/><W106/><REACH who="3" step="1"/><G87/><REACH who="3" ten="246,258,220,266" step="2"/><T71/><D109/><U117/><E110/><V30/><F75/><W81/><G81/><T67/><D133/><U73/><E117/><V23/><F128/><W69/><G69/><T0/><D71/><U16/><E73/><V52/><F4/><W39/><G39/><T93/><D98/><U68/><E72/><V2/><F2/><AGARI ba="1,1" hai="2,6,8,21,26,31,54,56,58,59,62,97,103,106" machi="2" ten="30,2000,0" yaku="1,1,7,1,53,0" doraHai="129" doraHaiUra="91" who="3" fromWho="2" sc="246,0,258,0,220,-23,266,33" /><INIT seed="6,0,0,0,1,67" ten="246,258,197,299" oya="2" hai0="43,15,117,83,17,105,127,93,114,120,122,39,126" hai1="109,103,113,80,10,121,69,35,51,135,54,20,48" hai2="91,134,42,52,133,73,77,18,63,44,60,74,101" hai3="123,3,124,58,68,14,36,65,87,29,24,78,21"/><V131/><F101/><W102/><G3/><T33/><D105/><U8/><E35/><V19/><F91/><W79/><G123/><N who="0" m="47147" /><D83/><U5/><E109/><V106/><F106/><W40/><G124/><N who="0" m="47659" /><D93/><U95/><E135/><N who="2" m="51723" /><F131/><W96/><G58/><T34/><D43/><U64/><E103/><V111/><F111/><W1/><G40/><T119/><D39/><U76/><E95/><V86/><F86/><W2/><G36/><T16/><D114/><U100/><E113/><V55/><F42/><W66/><G87/><T89/><D89/><U50/><E100/><V72/><F44/><W7/><G66/><T53/><D53/><N who="2" m="20554" /><F77/><W23/><G79/><T22/><D17/><AGARI ba="0,0" hai="17,18,19,60,63,72,73,74" m="20554,51723" machi="17" ten="40,12000,1" yaku="28,2,20,1,54,1" doraHai="67" who="2" fromWho="0" sc="246,-120,258,0,197,120,299,0" /><INIT seed="6,1,0,5,5,74" ten="126,258,317,299" oya="2" hai0="58,112,56,45,113,89,17,62,129,103,98,132,16" hai1="42,131,36,128,19,85,83,75,122,53,72,26,90" hai2="46,34,47,116,118,101,9,109,29,78,25,114,49" hai3="20,10,15,40,41,0,87,84,1,22,39,21,99"/><V108/><F101/><W66/><G66/><T68/><D129/><N who="1" m="49739" /><E53/><V96/><F96/><W130/><G130/><T35/><D132/><U121/><E42/><V13/><F114/><N who="0" m="44138" /><D35/><U110/><E36/><V79/><F116/><W65/><G65/><N who="0" m="41015" /><D89/><U14/><E26/><V127/><F118/><W125/><G125/><T134/><D134/><U80/><E110/><N who="2" m="42603" /><F127/><W120/><G99/><T7/><D7/><U111/><E111/><V31/><F31/><W73/><G73/><N who="1" m="28234" /><E19/><N who="0" m="7241" /><D45/><N who="2" m="16906" /><F49/><W126/><G126/><T55/><D55/><U11/><E122/><V91/><F91/><W63/><G39/><T33/><D33/><U92/><E121/><V77/><F9/><W23/><G120/><T61/><D61/><U59/><E11/><V3/><F13/><W69/><G63/><T119/><D119/><U30/><E14/><V24/><F24/><W27/><G15/><T86/><D86/><U57/><E85/><V48/><F48/><W124/><G124/><T38/><D38/><U64/><E90/><V105/><F105/><AGARI ba="1,0" hai="56,58,98,103,105" m="7241,41015,44138" machi="105" ten="30,2000,0" yaku="15,1,54,1" doraHai="74" who="0" fromWho="2" sc="126,23,258,0,317,-23,299,0" /><INIT seed="7,0,0,2,4,10" ten="149,258,294,299" oya="3" hai0="29,6,114,115,127,12,90,109,9,132,16,83,60" hai1="18,125,91,69,68,73,89,76,46,119,102,33,11" hai2="58,56,5,52,81,85,123,107,111,49,19,42,106" hai3="26,21,0,36,61,15,51,70,134,133,55,22,39"/><W88/><G0/><T129/><D109/><U122/><E33/><V35/><F111/><W24/><G88/><T43/><D127/><U112/><E122/><V124/><F124/><W77/><G77/><T67/><D129/><U62/><E125/><V34/><F123/><W75/><G75/><T2/><D132/><N who="3" m="50793" /><G15/><T32/><D43/><U97/><E112/><N who="0" m="43049" /><D29/><U101/><E91/><V14/><F5/><W79/><G79/><T3/><D32/><U53/><E89/><N who="2" m="51375" /><F35/><W84/><G84/><N who="0" m="50463" /><D6/><U13/><E76/><V96/><F34/><W23/><G61/><T50/><D50/><U108/><E62/><V113/><F42/><W121/><G70/><AGARI ba="0,0" hai="2,3,9,12,16,60,67,70" m="50463,43049" machi="70" ten="30,7700,0" yaku="15,1,11,1,52,1,54,1" doraHai="10" who="0" fromWho="3" sc="149,77,258,0,294,0,299,-77" /><INIT seed="8,0,0,0,2,6" ten="226,258,294,222" oya="0" hai0="51,33,111,4,34,113,37,54,128,100,104,119,105" hai1="112,97,135,30,26,84,93,61,44,60,71,10,117" hai2="127,13,63,3,102,16,56,47,130,48,2,21,108" hai3="59,92,7,99,88,91,53,116,72,27,77,87,12"/><T123/><D113/><U17/><E117/><V14/><F108/><W85/><G116/><T8/><D37/><U5/><E135/><V31/><F127/><W23/><G72/><T114/><D114/><U24/><E71/><V11/><F130/><W110/><G110/><T52/><D119/><U95/><E17/><V74/><F74/><W18/><G77/><T98/><D111/><U122/><E122/><V106/><F106/><W76/><G76/><T1/><D123/><U50/><E84/><V64/><F102/><W70/><G91/><T103/><D128/><U0/><E26/><V120/><F120/><W125/><G70/><T132/><D132/><U43/><E95/><V58/><F58/><W78/><G78/><T73/><D73/><U133/><E112/><V41/><F31/><W15/><G125/><T86/><D86/><N who="3" m="32777" /><G7/><AGARI ba="0,0" hai="2,3,7,11,13,14,16,21,41,47,48,56,63,64" machi="7" ten="30,3900,0" yaku="7,1,52,1,54,1" doraHai="6" who="2" fromWho="3" sc="226,0,258,0,294,39,222,-39" owari="226,-17.0,258,6.0,333,43.0,183,-32.0" /></mjloggm>