<mjloggm ver="2.3"><GO type="41" lobby="0"/><UN n0="%79%75%68%65%69" n1="%E3%83%A9%E3%83%BC%E3%83%A1%E3%83%B3%E5%A4%A7%E5%AD%A6" n2="%E2%93%9D%53%75%70%68%78" n3="%E4%B8%89%E9%99%B8%E6%B5%B7%E5%B2%B8" dan="14,13,18,16" rate="1931.69,1816.68,2141.90,2057.74" sx="M,M,M,M"/><TAIKYOKU oya="0"/><INIT seed="0,0,0,4,3,18" ten="250,250,250,250" oya="0" hai0="32,70,23,96,4,135,106,41,72,116,56,126,91" hai1="2,101,107,76,12,28,3,37,105,47,0,73,22" hai2="1,83,74,93,24,9,114,67,33,99,84,95,79" hai3="59,55,87,113,118,131,89,38,103,85,53,10,44"/><T120/><D32/><U108/><E108/><V49/><F114/><W125/><G113/><T5/><D70/><U102/><E76/><V112/><F112/><W17/><G118/><T60/><D116/><U46/><E73/><V82/><F67/><W132/><G125/><T35/><D35/><U90/><E90/><V43/><F43/><W34/><G34/><T52/><D120/><U7/><E37/><V122/><F49/><W71/><G71/><T20/><D72/><U121/><E121/><V117/><F9/><W127/><G132/><T100/><D135/><U115/><E115/><V88/><F1/><W6/><G131/><T129/><D129/><U21/><E3/><V104/><F24/><W30/><G30/><T133/><D133/><U31/><E12/><V40/><F40/><W86/><G103/><T119/><D119/><U64/><E64/><V62/><F62/><W81/><G127/><T11/><D126/><U110/><E7/><V134/><F33/><W69/><G69/><T16/><D41/><U58/><E58/><V63/><F117/><W25/><G44/><T124/><D124/><U19/><E110/><V123/><F63/><W94/><G38/><T128/><D128/><U36/><E36/><V8/><F8/><W97/><G81/><T29/><D29/><U45/><E47/><V80/><F134/><W27/><G6/><N who="0" m="2667" /><D91/><U13/><E13/><V42/><F42/><W57/><G27/><T66/><D66/><U130/><E130/><V61/><F123/><W98/><G25/><T75/><D75/><U14/><E14/><V26/><F122/><RYUUKYOKU ba="0,0" sc="250,15,250,15,250,-15,250,-15" hai0="11,16,20,23,52,56,60,96,100,106" hai1="0,2,19,21,22,28,31,45,46,101,102,105,107" /><INIT seed="0,1,0,5,1,92" ten="265,265,235,235" oya="0" hai0="112,124,13,58,79,88,104,96,55,39,44,47,127" hai1="134,115,19,68,133,6,89,54,60,110,7,107,25" hai2="28,52,91,67,42,129,98,84,65,123,106,105,121" hai3="21,114,119,38,83,22,9,50,117,15,78,128,37"/><T94/><D112/><U61/><E107/><V2/><F42/><W35/><G35/><T30/><D104/><U103/><E110/><V93/><F2/><W113/><G50/><T59/><D39/><U11/><E103/><V5/><F5/><W18/><G38/><T24/><D79/><U63/><E115/><N who="3" m="44042" /><G83/><T132/><D13/><U74/><E74/><V72/><F129/><W40/><G40/><T23/><D132/><N who="1" m="50795" /><E68/><V10/><F72/><W3/><G78/><T56/><REACH who="0" step="1"/><D55/><REACH who="0" ten="255,265,235,235" step="2"/><U16/><E54/><V48/><F106/><W86/><G37/><T80/><D80/><U120/><E120/><V116/><F123/><W0/><G0/><T126/><AGARI ba="1,1" hai="23,24,30,44,47,56,58,59,88,94,96,124,126,127" machi="126" ten="40,12000,1" yaku="1,1,0,1,18,1,52,1,54,1,53,0" doraHai="92" doraHaiUra="46" who="0" fromWho="0" sc="255,133,265,-41,235,-41,235,-41" /><INIT seed="0,2,0,4,0,126" ten="388,224,194,194" oya="0" hai0="42,92,50,82,103,97,124,16,81,31,35,8,86" hai1="33,130,95,44,128,131,46,72,132,90,6,62,54" hai2="105,84,106,100,25,60,68,67,39,51,122,74,88" hai3="45,118,108,23,121,78,47,29,99,133,120,48,19"/><T102/><D124/><U83/><E33/><V24/><F39/><W34/><G118/><T69/><D69/><U56/><E6/><V123/><F74/><W119/><G119/><T40/><D35/><U61/><E61/><V104/><F100/><W11/><G29/><T28/><D102/><U53/><E53/><V115/><F115/><W112/><G34/><T32/><D32/><U3/><E3/><V13/><F13/><W15/><G112/><T41/><D50/><U134/><E83/><N who="0" m="31753" /><D86/><N who="1" m="52695" /><E72/><V80/><REACH who="2" step="1"/><F51/><REACH who="2" ten="388,224,184,194" step="2"/><W94/><G48/><T113/><D113/><U65/><E65/><V2/><F2/><W109/><G78/><T107/><D107/><U52/><E54/><V79/><F79/><W30/><G47/><AGARI ba="2,1" hai="44,46,47,52,56,62,128,130,131,132,134" m="52695" machi="47" ten="40,8000,1" yaku="19,1,52,3,54,1" doraHai="126" who="1" fromWho="3" sc="388,0,224,96,184,0,194,-86" /><INIT seed="1,0,0,0,1,9" ten="388,320,184,108" oya="1" hai0="120,44,101,104,29,119,3,12,78,108,15,40,94" hai1="99,88,135,129,63,118,34,14,6,30,130,77,28" hai2="95,116,16,31,125,0,2,131,10,84,58,103,45" hai3="37,87,35,133,54,48,134,60,71,72,112,110,123"/><U61/><E118/><V38/><F116/><W7/><G72/><T20/><D3/><U24/><E77/><V53/><F131/><N who="1" m="50185" /><E30/><V93/><F125/><W36/><G35/><T96/><D120/><U47/><E47/><V74/><F74/><W100/><G100/><T70/><D70/><U17/><E6/><V83/><F31/><W21/><G21/><T59/><D78/><U5/><E5/><V92/><F103/><W73/><G87/><T22/><D104/><U11/><E135/><N who="3" m="51722" /><G7/><T79/><D79/><U128/><N who="1" m="50193" /><U89/><DORA hai="105" /><E99/><V117/><F117/><W8/><G8/><T86/><D29/><U56/><E63/><V26/><F2/><W102/><G102/><T91/><D119/><U39/><E39/><N who="3" m="14922" /><G73/><T49/><D22/><U65/><AGARI ba="0,0" hai="11,14,17,24,28,34,56,61,65,88,89" m="50193" machi="65" ten="40,7800,0" yaku="19,1,52,1,54,1" doraHai="9,105" who="1" fromWho="1" sc="388,-26,320,78,184,-26,108,-26" /><INIT seed="1,1,0,4,4,5" ten="362,398,158,82" oya="1" hai0="15,127,114,70,13,36,16,93,104,48,59,67,103" hai1="95,63,125,75,3,76,61,84,64,9,120,86,134" hai2="18,106,69,23,57,24,32,115,119,25,83,81,28" hai3="62,53,105,56,17,111,135,49,122,118,74,133,117"/><U109/><E120/><V72/><F119/><N who="3" m="45579" /><G74/><T21/><D36/><U4/><E134/><N who="3" m="51210" /><G105/><T47/><D114/><U20/><E125/><V46/><F69/><W94/><G122/><T91/><D127/><U110/><E75/><V80/><F106/><W89/><G111/><N who="1" m="42506" /><E20/><V132/><F115/><W26/><G26/><T37/><D37/><U68/><E63/><V43/><F132/><W38/><G17/><T50/><D70/><U102/><E76/><V31/><F72/><W19/><G19/><T79/><D79/><U0/><E0/><V71/><F71/><W73/><G38/><T22/><D103/><U123/><E123/><V78/><F18/><W66/><G73/><T96/><D104/><U112/><E112/><V30/><F30/><W27/><G27/><N who="0" m="14759" /><D22/><U39/><E39/><V90/><F78/><W8/><G8/><T92/><D13/><U85/><E102/><V107/><F31/><W60/><G66/><T51/><D15/><U34/><E34/><V7/><F32/><W35/><G35/><T40/><D92/><AGARI ba="1,0" hai="3,4,9,61,64,68,84,85,86,92,95" m="42506" machi="92" ten="30,5800,0" yaku="14,1,10,1,52,1" doraHai="5" who="1" fromWho="0" sc="362,-61,398,61,158,0,82,0" /><INIT seed="1,2,0,5,4,105" ten="301,459,158,82" oya="1" hai0="70,112,72,31,113,88,22,126,121,57,42,75,124" hai1="130,109,108,5,10,59,67,78,117,45,25,84,54" hai2="64,19,83,103,92,79,69,76,6,89,38,14,53" hai3="7,37,58,95,28,4,36,118,65,91,44,52,125"/><U15/><E117/><V1/><F38/><W20/><G37/><T86/><D70/><U26/><E130/><V13/><F1/><W98/><G125/><N who="0" m="48235" /><D121/><U27/><E67/><V51/><F103/><W127/><G118/><T87/><D42/><U23/><E45/><V120/><F120/><W43/><G65/><T68/><D87/><U32/><E32/><V47/><F6/><W21/><G127/><T48/><D68/><U114/><E114/><N who="0" m="44137" /><D31/><U61/><E78/><V49/><F64/><W133/><G133/><T41/><D22/><U110/><REACH who="1" step="1"/><E84/><REACH who="1" ten="301,449,158,82" step="2"/><V100/><F79/><W33/><G33/><T40/><D57/><U18/><AGARI ba="2,1" hai="5,10,15,18,23,25,26,27,54,59,61,108,109,110" machi="18" ten="30,12000,1" yaku="1,1,2,1,0,1,14,1,10,1,53,0" doraHai="105" doraHaiUra="128" who="1" fromWho="1" sc="301,-42,449,136,158,-42,82,-42" /><INIT seed="1,3,0,5,0,35" ten="259,585,116,40" oya="1" hai0="123,32,61,39,6,57,121,23,66,84,114,115,40" hai1="30,54,37,44,103,111,8,9,51,120,117,126,14" hai2="0,133,70,63,3,95,27,135,48,112,91,98,62" hai3="78,81,87,17,26,53,59,49,69,128,1,132,41"/><U36/><E117/><V109/><F109/><W50/><G69/><T38/><D32/><U88/><E111/><V58/><F112/><W76/><G128/><T33/><D33/><U92/><E103/><V5/><F5/><W43/><G132/><N who="2" m="50761" /><F27/><W60/><G1/><N who="2" m="585" /><F70/><W105/><G105/><T74/><D74/><U99/><E120/><N who="0" m="46153" /><D40/><N who="3" m="15433" /><G78/><T55/><D6/><U19/><E126/><V89/><F89/><W96/><G96/><T73/><D73/><U67/><E30/><V47/><F58/><W4/><G4/><T124/><D124/><U82/><E82/><V108/><F108/><W86/><G86/><T110/><D110/><U118/><E118/><V102/><F102/><W107/><G107/><T101/><D101/><U90/><E90/><V94/><F94/><W68/><G68/><N who="0" m="42063" /><D84/><U100/><E100/><V72/><F72/><W20/><AGARI ba="3,0" hai="17,20,26,49,50,53,59,60,76,81,87" m="15433" machi="20" ten="30,1100,0" yaku="8,1" doraHai="35" who="3" fromWho="3" sc="259,-6,585,-8,116,-6,40,20" /><INIT seed="2,0,0,5,1,73" ten="253,577,110,60" oya="2" hai0="134,32,18,99,74,10,78,94,115,58,131,88,5" hai1="130,26,35,7,36,23,71,112,128,54,52,53,21" hai2="0,64,40,20,67,45,57,41,65,110,79,127,132" hai3="13,17,66,24,85,9,46,47,82,44,133,106,6"/><V89/><F0/><W25/><G106/><T42/><D115/><U30/><E71/><V122/><F122/><W8/><G66/><T69/><D69/><U19/><E36/><V81/><F132/><W16/><G133/><T83/><D134/><U15/><E7/><V11/><F127/><W80/><G80/><T86/><D131/><N who="1" m="50219" /><E112/><V39/><F41/><W96/><G96/><T102/><D32/><AGARI ba="0,0" hai="15,19,21,23,26,30,32,35,52,53,54" m="50219" machi="32" ten="30,2000,0" yaku="19,1,54,1" doraHai="73" who="1" fromWho="0" sc="253,-20,577,20,110,0,60,0" /><INIT seed="3,0,0,1,0,9" ten="233,597,110,60" oya="3" hai0="45,120,47,132,22,36,88,58,70,108,55,107,73" hai1="89,135,124,129,116,24,80,25,65,130,78,10,72" hai2="133,75,101,4,69,44,87,2,60,61,98,7,76" hai3="119,113,49,50,83,29,91,13,111,115,106,128,48"/><W82/><G106/><T122/><D73/><U18/><E116/><V118/><F118/><W71/><G71/><T21/><D70/><U93/><E65/><V26/><F75/><W131/><G119/><T105/><D36/><U99/><E124/><V109/><F133/><W74/><G74/><T125/><D58/><U95/><E135/><V117/><F109/><W85/><G29/><T86/><D132/><U34/><E34/><V12/><F2/><W126/><G126/><T39/><D125/><U43/><E43/><V110/><F26/><W6/><G83/><T62/><D39/><U42/><E42/><V17/><F110/><W1/><G1/><T32/><D32/><U16/><E95/><V67/><F44/><W103/><G103/><T28/><D108/><U20/><E10/><V68/><F117/><W57/><G57/><T96/><D55/><U104/><E104/><V64/><F87/><W123/><G123/><T77/><D96/><U102/><E102/><V134/><F76/><W23/><G111/><T66/><D77/><U100/><E100/><V92/><REACH who="2" step="1"/><F134/><REACH who="2" ten="233,597,100,60" step="2"/><W121/><G121/><T8/><D86/><U63/><E72/><V33/><F33/><W40/><G40/><T46/><D47/><U3/><E3/><V0/><F0/><W31/><G113/><T35/><D35/><U79/><E99/><V30/><F30/><W84/><G84/><T127/><D127/><U56/><E78/><V59/><F59/><W54/><G115/><T52/><D122/><U27/><E79/><V53/><F53/><W37/><G54/><T51/><D120/><RYUUKYOKU ba="0,1" sc="233,-10,597,-10,100,30,60,-10" hai2="4,7,12,17,60,61,64,67,68,69,92,98,101" /><INIT seed="4,1,1,5,1,12" ten="223,587,130,50" oya="0" hai0="37,125,84,27,15,17,19,91,63,110,86,26,93" hai1="22,87,127,59,7,1,43,92,10,73,100,8,57" hai2="82,25,76,77,124,13,102,72,35,42,79,21,78" hai3="107,133,132,117,5,45,54,62,131,126,95,105,109"/><T33/><D37/><U94/><E73/><V58/><F124/><W122/><G109/><T34/><D125/><U30/><E43/><V53/><F42/><W129/><G126/><T75/><D75/><U66/><E10/><V81/><F35/><W114/><G117/><T112/><D112/><U85/><E66/><V99/><F13/><W71/><G5/><T44/><D15/><U6/><E7/><V36/><F36/><W130/><G114/><T111/><D63/><U65/><E65/><V69/><F69/><W115/><G115/><T128/><D128/><U41/><E41/><V74/><F58/><W60/><G95/><T90/><D93/><U14/><E1/><V135/><F53/><W88/><G122/><T46/><AGARI ba="1,1" hai="17,19,26,27,33,34,44,46,84,86,90,91,110,111" machi="46" ten="25,12000,1" yaku="0,1,22,2,52,2" doraHai="12" who="0" fromWho="0" sc="223,133,587,-41,130,-41,50,-41" /><INIT seed="4,2,0,1,3,64" ten="356,546,89,9" oya="0" hai0="2,55,34,71,43,98,12,35,11,49,52,102,4" hai1="94,32,72,44,80,63,29,124,16,118,131,78,66" hai2="30,92,39,23,85,5,18,46,6,61,21,130,122" hai3="119,110,93,104,15,67,99,14,115,3,114,53,88"/><T96/><D96/><U112/><E118/><V36/><F122/><W126/><G3/><T58/><D71/><U79/><E112/><N who="3" m="43050" /><G110/><T105/><D2/><U108/><E108/><V73/><F130/><W7/><G119/><T17/><D43/><U41/><E29/><V9/><F73/><W84/><G126/><T8/><REACH who="0" step="1"/><D55/><REACH who="0" ten="346,546,89,9" step="2"/><U28/><E41/><V134/><F39/><W59/><G67/><T33/><D33/><U68/><E32/><V95/><F36/><W37/><G37/><T51/><D51/><U65/><E66/><V82/><F61/><N who="3" m="36079" /><G7/><T69/><D69/><U0/><E65/><V40/><F6/><W27/><G27/><T97/><D97/><U116/><E68/><V83/><F5/><W50/><G50/><T106/><D106/><U91/><E63/><V19/><F40/><W20/><G20/><T121/><D121/><U120/><E0/><V81/><F23/><W129/><G129/><T86/><D86/><U127/><E131/><V38/><F21/><W132/><G132/><T77/><D77/><U133/><E79/><V48/><F38/><W109/><G109/><T22/><D22/><U24/><E78/><V90/><F134/><W10/><G10/><T62/><D62/><U25/><E24/><V57/><F9/><W117/><G117/><T76/><D76/><U128/><E25/><V111/><F111/><W56/><G56/><T87/><D87/><U60/><E116/><V125/><F57/><W70/><G70/><T107/><D107/><U47/><E120/><V135/><F135/><W1/><G1/><T45/><D45/><RYUUKYOKU ba="2,1" sc="346,15,546,-15,89,-15,9,15" hai0="4,8,11,12,17,34,35,49,52,58,98,102,105" hai3="14,15,84,88,93,99,104" /><INIT seed="4,3,1,4,2,10" ten="361,531,74,24" oya="0" hai0="2,52,81,13,129,61,106,114,126,11,71,94,108" hai1="56,115,32,47,99,92,97,73,128,14,85,3,123" hai2="42,82,44,22,79,58,78,134,103,23,63,90,38" hai3="121,96,50,66,6,59,77,24,87,124,109,17,1"/><T39/><D106/><U57/><E3/><V27/><F134/><W40/><G109/><T89/><D114/><U37/><E32/><V120/><F120/><W101/><G121/><T133/><D133/><U111/><E123/><V74/><F103/><W110/><G110/><T49/><D39/><U4/><E128/><V93/><F79/><W53/><G124/><T31/><D2/><U9/><E73/><V122/><F122/><W15/><G1/><T83/><D108/><U0/><E0/><V88/><F93/><N who="3" m="58511" /><G6/><T8/><D8/><U25/><E25/><V12/><F23/><N who="3" m="11711" /><G24/><T29/><D126/><U119/><E119/><V125/><F125/><W68/><G68/><T62/><D71/><U116/><E116/><V130/><F130/><W43/><G66/><T5/><D129/><U28/><E115/><V33/><F33/><W76/><G87/><T84/><D83/><U55/><E37/><V30/><F12/><W48/><G48/><T36/><D81/><U21/><E111/><V100/><F100/><W118/><G118/><T95/><D95/><U19/><E92/><V41/><F41/><AGARI ba="3,1" hai="40,41,43,50,53,59,76,77" m="11711,58511" machi="41" ten="30,2000,0" yaku="8,1,52,1" doraHai="10" who="3" fromWho="2" sc="361,0,531,0,74,-29,24,39" /><INIT seed="5,0,0,1,1,118" ten="361,531,45,63" oya="1" hai0="31,18,133,22,55,50,109,83,78,91,89,13,95" hai1="85,59,20,88,63,65,123,43,107,113,92,67,49" hai2="4,66,73,52,97,132,94,120,99,6,46,61,71" hai3="116,44,19,42,130,74,32,101,47,119,2,115,82"/><U102/><E123/><V134/><F73/><W26/><G2/><T80/><D109/><U58/><E113/><V81/><F81/><W126/><G101/><T16/><D133/><N who="2" m="51306" /><F99/><W45/><G115/><T3/><D3/><U53/><E102/><N who="2" m="60727" /><F120/><W76/><G126/><T54/><D31/><U8/><E107/><V125/><F125/><W124/><G130/><T79/><D50/><AGARI ba="0,0" hai="4,6,46,50,52,61,66,71" m="60727,51306" machi="50" ten="30,2000,0" yaku="20,1,54,1" doraHai="118" who="2" fromWho="0" sc="361,-20,531,0,45,20,63,0" /><INIT seed="6,0,0,2,2,86" ten="341,531,65,63" oya="2" hai0="44,127,30,93,69,0,110,79,42,34,65,20,133" hai1="41,122,117,114,64,24,130,28,85,84,97,70,80" hai2="74,55,40,57,14,111,68,73,109,89,72,128,15" hai3="10,3,123,121,103,26,59,4,5,22,45,48,78"/><V119/><F68/><W36/><G36/><T56/><D110/><N who="2" m="41994" /><F119/><W43/><G5/><T49/><D0/><U94/><E117/><V51/><F128/><W29/><G103/><T18/><D34/><U88/><E41/><V126/><F126/><W23/><G78/><T60/><D30/><U81/><E64/><V76/><F76/><W91/><G59/><T125/><D133/><U66/><E66/><V90/><F40/><W67/><G67/><T112/><D112/><U35/><E70/><V135/><F135/><W102/><G102/><T58/><D79/><U129/><E114/><V2/><F2/><W31/><G31/><T21/><D21/><U87/><E122/><V63/><F63/><W27/><G23/><T9/><D9/><U17/><E17/><V115/><F115/><W99/><G27/><T113/><D113/><U107/><E107/><V98/><F98/><W104/><G104/><T25/><D93/><U33/><E35/><V105/><F105/><W132/><G132/><T11/><D11/><U100/><REACH who="1" step="1"/><E87/><REACH who="1" ten="341,521,65,63" step="2"/><V47/><F74/><W38/><G121/><T8/><D69/><U32/><E32/><V6/><F73/><W108/><G123/><T116/><D116/><U37/><E37/><V54/><F72/><W53/><G108/><T75/><D75/><U124/><E124/><V96/><F96/><W39/><G43/><T50/><D42/><U71/><E71/><V61/><F6/><W134/><G134/><T118/><D118/><U83/><E83/><V1/><F1/><W52/><G53/><T13/><D125/><U106/><E106/><RYUUKYOKU ba="0,1" sc="341,-30,521,10,65,10,63,10" hai1="24,28,33,80,81,84,85,88,94,97,100,129,130" hai2="14,15,47,51,54,55,57,61,89,90" hai3="3,4,10,22,26,29,38,39,45,48,52,91,99" /><INIT seed="6,1,1,1,4,40" ten="311,531,75,73" oya="2" hai0="42,53,25,0,74,91,79,8,86,17,55,39,96" hai1="29,122,107,112,51,113,129,31,14,28,82,133,116" hai2="46,34,52,117,123,66,23,26,6,19,7,2,16" hai3="61,48,92,106,80,37,43,12,36,128,100,99,72"/><V21/><F117/><W95/><G37/><T120/><D120/><U115/><E107/><V60/><F34/><W103/><G36/><T56/><D96/><U33/><E116/><V119/><F123/><W109/><G109/><T89/><D86/><U68/><E68/><V24/><F2/><W58/><G128/><T127/><D55/><U98/><E98/><V104/><F104/><W10/><G106/><T18/><D18/><U49/><E122/><V94/><F94/><N who="3" m="35883" /><G80/><N who="0" m="45175" /><D17/><U22/><E33/><V88/><F88/><W121/><G72/><T105/><D25/><U77/><E133/><V4/><F119/><W73/><G73/><T11/><D11/><U78/><E129/><V50/><F7/><N who="3" m="3167" /><G99/><T47/><D105/><U71/><E71/><AGARI ba="1,1" hai="4,6,16,19,21,23,24,26,46,50,52,60,66,71" machi="71" ten="30,12000,1" yaku="7,1,9,1,52,1,54,2" doraHai="40" who="2" fromWho="1" sc="311,0,531,-123,75,133,73,0" /><INIT seed="6,2,0,1,5,60" ten="311,408,208,73" oya="2" hai0="61,134,103,120,18,78,66,22,43,31,25,81,113" hai1="93,64,86,48,95,83,133,36,76,107,17,79,65" hai2="97,2,69,123,117,37,39,40,100,92,132,45,125" hai3="90,85,20,49,131,44,38,126,55,105,16,72,47"/><V59/><F117/><W112/><G72/><T124/><D113/><U32/><E107/><V102/><F123/><W75/><G75/><T8/><D124/><U46/><E36/><V119/><F119/><W41/><G105/><T34/><D134/><U56/><E32/><V70/><F2/><W106/><G106/><T27/><D43/><N who="1" m="24671" /><E56/><V53/><F125/><W110/><G131/><T24/><D8/><U71/><E71/><V29/><F29/><W57/><G126/><T11/><D11/><U135/><E17/><V108/><F108/><W84/><G110/><T35/><D103/><U73/><E73/><V42/><F132/><N who="1" m="50761" /><E79/><V15/><F102/><W33/><G33/><T89/><D89/><N who="1" m="53431" /><E95/><V121/><F70/><W74/><G74/><T58/><D120/><U5/><E5/><V98/><F69/><W111/><G111/><T21/><D78/><U23/><E23/><V1/><F121/><W91/><G112/><T26/><D81/><U62/><E62/><V0/><F92/><N who="3" m="54343" /><G41/><T19/><D19/><U51/><E51/><V10/><F39/><W50/><G50/><T14/><AGARI ba="2,0" hai="14,18,21,22,24,25,26,27,31,34,35,58,61,66" machi="14" ten="30,2000,0" yaku="0,1,52,1" doraHai="60" who="0" fromWho="0" sc="311,26,408,-7,208,-12,73,-7" /><INIT seed="7,0,0,5,4,17" ten="337,401,196,66" oya="3" hai0="66,80,21,12,123,9,6,37,50,40,61,74,98" hai1="79,81,45,104,14,22,16,93,130,67,28,13,77" hai2="3,71,27,102,59,129,62,82,39,119,46,15,100" hai3="106,70,57,55,132,36,95,87,131,24,60,94,56"/><W105/><G36/><T19/><D123/><U125/><E104/><V112/><F3/><W121/><G70/><T2/><D98/><U63/><E130/><V58/><F112/><W10/><G121/><T41/><D50/><U107/><E107/><V116/><F129/><W53/><G131/><T47/><D41/><U42/><E28/><V48/><F15/><W101/><G132/><T114/><D114/><U0/><E0/><V30/><F82/><W64/><G64/><T91/><D91/><U124/><E13/><V18/><F39/><W65/><G65/><T38/><D38/><U54/><E54/><V72/><F72/><W4/><G95/><T76/><D66/><U43/><E93/><V103/><F71/><W33/><G10/><T7/><REACH who="0" step="1"/><D6/><REACH who="0" ten="327,401,196,66" step="2"/><U68/><E43/><V8/><F48/><N who="3" m="30759" /><G4/><T1/><D1/><U83/><E42/><V32/><F119/><W92/><G106/><T35/><D35/><U135/><E135/><V134/><F32/><W113/><G113/><T86/><D86/><U133/><E133/><V90/><F134/><W117/><G117/><T26/><D26/><U51/><E51/><V111/><F116/><W127/><G87/><T49/><D49/><U23/><E67/><V84/><F84/><W108/><G108/><T109/><D109/><U75/><E75/><V31/><F111/><W85/><G85/><T52/><D52/><U99/><E68/><V25/><F59/><W5/><G5/><T128/><D128/><U110/><E110/><V20/><F58/><W73/><G73/><T97/><D97/><U115/><E99/><RYUUKYOKU ba="0,1" sc="327,30,401,-10,196,-10,66,-10" hai0="2,7,9,12,19,21,37,40,47,61,74,76,80" owari="357,16.0,401,49.0,186,-21.0,56,-44.0" /></mjloggm>