<mjloggm ver="2.3"><GO type="41" lobby="0"/><UN n0="%E3%83%95%E3%82%A9%E3%83%BC%E3%83%9D%E3%82%A4%E3%83%B3%E3%83%88" n1="%E6%99%82%E5%B7%AE" n2="%E2%93%9D%53%75%70%68%78" n3="%53%68%69%4C%50%59%6F" dan="13,15,16,13" rate="1876.46,2001.48,2066.72,1861.21" sx="M,F,M,M"/><TAIKYOKU oya="0"/><INIT seed="0,0,0,2,1,94" ten="250,250,250,250" oya="0" hai0="42,69,82,99,121,35,120,53,13,50,64,75,0" hai1="1,66,96,11,3,87,114,23,129,56,24,46,47" hai2="76,45,44,104,8,103,101,72,55,74,51,19,37" hai3="86,125,14,36,7,78,102,28,93,49,95,90,12"/><T85/><D0/><U126/><E126/><V62/><F62/><W105/><G36/><T110/><D75/><U108/><E108/><V80/><F74/><W131/><G125/><T130/><D130/><U81/><E129/><V54/><F104/><W115/><G115/><T25/><D42/><U106/><E114/><V79/><F79/><W38/><G38/><T68/><D13/><U29/><E1/><V26/><F37/><W128/><G28/><T33/><D110/><U133/><E133/><V16/><F8/><W57/><G105/><T92/><D64/><U109/><E109/><V117/><F117/><W100/><G78/><T67/><D67/><U134/><E134/><V30/><F103/><W88/><G7/><T5/><D5/><U70/><E70/><V135/><F101/><W63/><G49/><T84/><D25/><U83/><E11/><V20/><REACH who="2" step="1"/><F135/><REACH who="2" ten="250,250,240,250" step="2"/><W40/><G128/><T111/><D111/><U48/><E106/><V113/><F113/><W112/><G131/><T60/><D60/><U118/><E118/><V34/><F34/><W89/><G112/><T61/><D61/><U18/><E48/><AGARI ba="0,1" hai="16,19,20,26,30,44,45,48,51,54,55,72,76,80" machi="48" ten="40,5200,0" yaku="1,1,9,1,54,1,53,0" doraHai="94" doraHaiUra="98" who="2" fromWho="1" sc="250,0,250,-52,240,62,250,0" /><INIT seed="1,0,0,5,1,20" ten="250,198,302,250" oya="1" hai0="70,66,3,43,106,76,31,41,105,135,101,59,4" hai1="120,33,22,88,11,90,133,32,35,68,61,115,108" hai2="123,37,18,112,36,80,107,53,71,21,14,49,6" hai3="8,81,1,0,42,116,67,19,17,7,79,94,28"/><U40/><E115/><V128/><F123/><W65/><G116/><T29/><D135/><U54/><E120/><V50/><F107/><W109/><G109/><T64/><D76/><U86/><E133/><V30/><F71/><W84/><G42/><T125/><D125/><U56/><E108/><V111/><F128/><W27/><G0/><T100/><D59/><U95/><E40/><N who="0" m="15433" /><D4/><U58/><E68/><V104/><F104/><N who="0" m="40042" /><D70/><U26/><E11/><V119/><F6/><W74/><G67/><N who="0" m="25643" /><D3/><U34/><E34/><V9/><F111/><W78/><G65/><T110/><D110/><U52/><E90/><V83/><F119/><W73/><G73/><T134/><D134/><U72/><E72/><V132/><F132/><W39/><G39/><T55/><D55/><U51/><E32/><V96/><F53/><W69/><G69/><T103/><AGARI ba="0,0" hai="29,31,100,101,103" m="25643,40042,15433" machi="103" ten="40,2700,0" yaku="28,2" doraHai="20" who="0" fromWho="0" sc="250,27,198,-13,302,-7,250,-7" /><INIT seed="2,0,0,1,1,27" ten="277,185,295,243" oya="2" hai0="131,66,62,82,29,65,113,106,123,75,105,26,59" hai1="36,15,34,114,121,18,22,1,51,107,111,94,76" hai2="19,69,58,129,108,61,79,67,128,71,93,55,33" hai3="44,101,89,99,5,56,104,20,0,126,77,74,37"/><V112/><F79/><W40/><G126/><T102/><D123/><U38/><E114/><V11/><F33/><W119/><G119/><T4/><D131/><N who="2" m="50250" /><F93/><W95/><G20/><T57/><D113/><U54/><E121/><V134/><F19/><W7/><G0/><T97/><D4/><U70/><E1/><V98/><F98/><W41/><G41/><T25/><D25/><U68/><E107/><V43/><F11/><W72/><G56/><T127/><D127/><U92/><E34/><V117/><F112/><W24/><G24/><T39/><D39/><U96/><E76/><V2/><F2/><W85/><REACH who="3" step="1"/><G72/><REACH who="3" ten="277,185,295,233" step="2"/><T116/><D116/><U53/><E22/><V30/><F43/><W78/><G78/><T63/><D75/><U124/><E124/><V91/><F117/><W47/><G47/><T84/><D106/><U3/><E3/><V52/><F58/><W13/><G13/><T115/><D115/><U110/><E15/><V17/><F71/><W81/><AGARI ba="0,1" hai="5,7,37,40,44,74,77,81,85,89,95,99,101,104" machi="81" ten="30,7900,0" yaku="1,1,0,1,24,2,53,0" doraHai="27" doraHaiUra="32" who="3" fromWho="3" sc="277,-20,185,-20,295,-39,233,89" /><INIT seed="3,0,0,1,3,59" ten="257,165,256,322" oya="3" hai0="113,49,122,42,3,45,67,27,46,97,74,30,1" hai1="20,120,86,90,41,6,77,54,124,134,103,83,66" hai2="44,117,5,89,51,15,115,24,121,81,75,102,107" hai3="26,23,100,123,101,32,22,40,69,104,106,55,116"/><W50/><G123/><T21/><D122/><U92/><E120/><V58/><F117/><W126/><G116/><T93/><D74/><U9/><E124/><V29/><F115/><W132/><G126/><T94/><D113/><U70/><E134/><V85/><F75/><W64/><G132/><T82/><D82/><U78/><E41/><V60/><F107/><W128/><G128/><T12/><D12/><U35/><E35/><V127/><F102/><W37/><G32/><T31/><D31/><U34/><E34/><V10/><F127/><W118/><G22/><T79/><D79/><U112/><E112/><V25/><F29/><W87/><G87/><T108/><D108/><U19/><E54/><N who="2" m="30055" /><F121/><W4/><G4/><T109/><D109/><U16/><E103/><V14/><F14/><W131/><G131/><T99/><D46/><U56/><E70/><V73/><F73/><W62/><G104/><T18/><D30/><U17/><E20/><V47/><F47/><N who="3" m="23951" /><G106/><T65/><D3/><U130/><E130/><V11/><F11/><W98/><G118/><T48/><D1/><U133/><E133/><V91/><F91/><W8/><G8/><T63/><D99/><N who="1" m="57751" /><E6/><V53/><AGARI ba="0,0" hai="5,10,15,24,25,53,58,60,81,85,89" m="30055" machi="53" ten="30,2000,0" yaku="8,1,52,1" doraHai="59" who="2" fromWho="2" sc="257,-5,165,-5,256,20,322,-10" /><INIT seed="4,0,0,4,5,125" ten="252,160,276,312" oya="0" hai0="23,112,116,17,98,113,4,130,39,119,62,105,96" hai1="57,63,123,74,48,37,7,18,104,21,42,26,32" hai2="100,89,87,19,77,106,31,51,80,28,115,84,38" hai3="103,53,64,41,1,11,132,133,36,93,35,29,16"/><T110/><D39/><U114/><E123/><V54/><F38/><W101/><G64/><T46/><D46/><U10/><E104/><V55/><F115/><N who="0" m="44106" /><D4/><U127/><E114/><V122/><F122/><W49/><G36/><T88/><D110/><U82/><E127/><V66/><F66/><W20/><G41/><T109/><D109/><U12/><E37/><V124/><F100/><W43/><G43/><T25/><D62/><U108/><E108/><V91/><F106/><W78/><G78/><T40/><D40/><U44/><E74/><V22/><F77/><W86/><G29/><T61/><D61/><U27/><E32/><V131/><F124/><W102/><G35/><T72/><D72/><U120/><E120/><V121/><F121/><W45/><G11/><T75/><D75/><U65/><REACH who="1" step="1"/><E82/><REACH who="1" ten="252,150,276,312" step="2"/><V81/><F81/><W68/><G68/><T0/><D105/><U111/><E111/><V69/><F69/><W6/><G132/><T15/><D119/><U126/><E126/><V79/><F80/><W128/><G133/><T83/><D83/><U60/><E60/><V8/><F79/><W117/><G117/><T58/><D116/><U99/><E99/><V9/><F87/><W118/><G86/><T52/><D98/><U70/><E70/><V76/><F84/><W85/><G85/><T34/><D96/><U73/><E73/><V95/><F76/><W2/><G118/><T30/><D34/><U5/><E5/><V97/><F97/><N who="3" m="59567" /><G6/><T92/><D92/><U129/><E129/><V50/><F95/><W135/><G128/><T67/><D130/><RYUUKYOKU ba="0,1" sc="252,-10,150,30,276,-10,312,-10" hai1="7,10,12,18,21,26,27,42,44,48,57,63,65" /><INIT seed="5,1,1,4,5,40" ten="242,180,266,302" oya="1" hai0="27,122,1,19,106,123,50,54,44,6,51,34,93" hai1="73,63,126,61,128,99,8,81,119,25,32,45,101" hai2="7,110,96,26,23,33,116,87,38,134,28,112,9" hai3="124,107,22,84,3,53,30,52,86,2,114,68,108"/><U118/><E8/><V21/><F38/><W77/><G108/><T18/><D106/><U74/><E128/><V59/><F110/><W66/><G107/><T94/><D1/><U15/><E15/><V117/><F87/><W91/><G124/><T17/><D6/><U24/><E126/><V29/><F59/><W41/><G114/><T11/><D11/><U56/><E32/><V31/><F96/><W104/><G104/><T125/><D125/><U130/><E130/><V132/><F112/><W109/><G109/><T47/><D27/><U120/><E120/><N who="0" m="46121" /><D34/><U64/><E45/><N who="0" m="17481" /><D54/><U5/><E5/><V103/><F33/><W49/><G2/><T60/><D60/><U46/><E24/><N who="2" m="16399" /><F31/><W80/><G3/><T121/><D121/><U58/><E25/><V62/><F62/><W135/><G30/><T48/><AGARI ba="1,1" hai="17,18,19,48,50,51,93,94" m="17481,46121" machi="48" ten="40,12000,2" yaku="28,2,13,1,52,3" doraHai="40" who="0" fromWho="0" sc="242,133,180,-61,266,-31,302,-31" /><INIT seed="6,0,0,1,2,122" ten="375,119,235,271" oya="2" hai0="78,107,10,134,104,60,22,135,70,76,27,51,40" hai1="48,65,28,121,23,38,125,77,41,8,99,39,74" hai2="83,84,67,7,46,66,123,1,31,3,133,5,2" hai3="79,64,9,73,112,29,124,33,81,82,119,117,32"/><V132/><F31/><W4/><G124/><T87/><D10/><U105/><E65/><N who="2" m="24587" /><F46/><W126/><G126/><T18/><D70/><U108/><E125/><V53/><F53/><W0/><G64/><T20/><D60/><U80/><E121/><V19/><F19/><W50/><G112/><T93/><D40/><U36/><E48/><V95/><F95/><W92/><G50/><T37/><D37/><U42/><E23/><V116/><F123/><W30/><G92/><T15/><D51/><U129/><E129/><V6/><F84/><W16/><G16/><N who="0" m="12743" /><D93/><U102/><E28/><V103/><F83/><W114/><G114/><T89/><D89/><U71/><E71/><V52/><F103/><W57/><G57/><T45/><D45/><U111/><REACH who="1" step="1"/><E8/><REACH who="1" ten="375,109,235,271" step="2"/><V12/><F52/><W62/><G30/><T25/><D20/><U24/><E24/><V100/><F3/><W75/><G29/><T109/><D25/><U11/><E11/><V63/><F2/><W86/><G0/><T68/><D68/><U61/><E61/><V14/><F63/><W106/><G62/><T91/><D15/><U55/><E55/><V49/><F14/><W59/><G33/><T94/><D18/><U90/><E90/><V26/><F12/><W34/><G34/><T54/><D54/><U21/><E21/><V47/><F26/><W58/><G32/><T96/><D91/><U97/><E97/><V69/><F1/><W113/><G9/><T128/><D96/><U118/><E118/><V88/><F69/><W110/><G117/><T130/><D130/><U101/><E101/><RYUUKYOKU ba="0,1" sc="375,-10,109,30,235,-10,271,-10" hai1="36,38,39,41,42,74,77,80,99,102,105,108,111" /><INIT seed="7,1,1,0,1,48" ten="365,139,225,261" oya="3" hai0="19,78,52,77,0,54,125,27,87,81,55,95,83" hai1="43,98,13,74,7,126,123,67,68,36,118,134,88" hai2="32,6,106,117,135,8,109,61,75,23,128,62,24" hai3="50,28,63,17,127,4,90,39,60,132,20,120,35"/><W5/><G120/><T76/><D125/><U93/><E123/><V110/><F106/><W64/><G39/><T85/><D0/><U92/><E126/><V86/><F75/><W30/><G127/><T56/><D56/><U121/><E121/><V38/><F86/><N who="0" m="32778" /><D95/><U49/><E74/><V31/><F62/><N who="3" m="23595" /><G132/><T101/><D101/><U29/><E134/><V103/><F117/><W114/><G114/><T51/><D51/><U105/><E118/><V71/><F128/><W104/><G104/><T53/><D53/><U84/><E105/><V116/><F38/><W45/><G35/><T79/><D79/><U33/><E36/><V91/><F32/><W46/><G90/><T111/><D111/><U73/><E73/><V12/><F91/><W47/><G64/><T94/><D94/><U82/><E67/><V34/><F116/><W42/><G50/><T112/><D112/><U115/><E115/><V133/><F103/><W37/><G42/><T108/><D108/><U11/><E68/><V131/><F131/><W65/><G65/><T113/><D113/><U58/><E98/><V59/><F71/><W44/><N who="3" m="11264" /><DORA hai="40" /><W107/><G107/><T96/><D96/><U22/><E43/><V26/><F135/><W130/><G37/><T102/><D102/><U14/><E33/><V3/><F133/><W16/><G130/><T69/><D69/><U72/><E72/><V9/><F110/><W57/><G57/><T100/><D100/><U10/><E58/><V41/><F109/><W99/><G99/><T97/><D97/><U124/><E49/><V21/><F41/><RYUUKYOKU ba="1,1" sc="365,30,139,-10,225,-10,261,-10" hai0="19,27,52,54,55,76,77,78,81,83" owari="405,50.0,129,-37.0,215,-18.0,251,5.0" /></mjloggm>