<mjloggm ver="2.3"><GO type="41" lobby="0"/><UN n0="%E3%83%A8%E3%82%AC%E7%88%BA%32" n1="%30%37%31%33%32%39%34" n2="%4E%65%65%6B%6F" n3="%E2%93%9D%53%75%70%68%78" dan="15,15,15,18" rate="1973.95,2025.07,1910.85,2188.99" sx="M,M,M,M"/><TAIKYOKU oya="0"/><INIT seed="0,0,0,3,4,102" ten="250,250,250,250" oya="0" hai0="62,27,53,30,52,103,32,66,76,89,74,57,60" hai1="38,36,84,22,106,131,107,98,135,12,87,16,73" hai2="124,5,68,25,90,97,39,51,34,54,31,20,11" hai3="78,96,91,14,70,50,35,7,45,44,82,67,94"/><T59/><D74/><U4/><E73/><V17/><F39/><W18/><G35/><T63/><D76/><U111/><E111/><V92/><F124/><W81/><G70/><T29/><D29/><U128/><E36/><V42/><F68/><W69/><G69/><T95/><D103/><U28/><E38/><V109/><F109/><W114/><G114/><T116/><D116/><U123/><E123/><V77/><F77/><W75/><G67/><T125/><D125/><U10/><E28/><V120/><F42/><W8/><G82/><T23/><D32/><U101/><E135/><V79/><F79/><W1/><REACH who="3" step="1"/><G50/><REACH who="3" ten="250,250,250,240" step="2"/><N who="0" m="30871" /><D66/><U112/><E112/><V24/><F120/><W100/><G100/><T3/><D3/><U133/><E133/><V86/><F51/><W113/><G113/><T13/><D13/><U9/><E107/><V105/><F105/><W48/><G48/><T71/><D71/><U33/><E33/><V15/><F34/><W104/><G104/><T110/><D110/><U130/><REACH who="1" step="1"/><E9/><AGARI ba="0,1" hai="1,7,8,9,14,18,44,45,75,78,81,91,94,96" machi="9" ten="30,3900,0" yaku="1,1,7,1,53,1" doraHai="102" doraHaiUra="93" who="3" fromWho="1" sc="250,0,250,-39,250,0,240,49" /><INIT seed="1,0,0,0,2,18" ten="250,211,250,289" oya="1" hai0="32,62,104,124,17,14,72,78,69,37,65,111,93" hai1="27,58,117,68,19,52,99,60,118,85,102,61,132" hai2="33,103,39,64,75,95,129,97,107,5,122,133,11" hai3="1,131,114,54,83,101,53,20,23,105,10,15,100"/><U50/><E132/><V40/><F122/><W74/><G1/><T12/><D111/><U90/><E61/><V43/><F133/><W24/><G114/><T55/><D104/><U106/><E68/><V57/><F129/><W87/><G74/><T109/><D109/><U9/><E60/><V45/><F75/><W0/><G0/><T127/><D32/><U92/><REACH who="1" step="1"/><E9/><REACH who="1" ten="250,201,250,289" step="2"/><V3/><F11/><W30/><G131/><T113/><D69/><U44/><E44/><V63/><F45/><W86/><G10/><T67/><D113/><U91/><E91/><V42/><F63/><W36/><G101/><T31/><D62/><U135/><E135/><V34/><F103/><W134/><G100/><T41/><D67/><U49/><E49/><V89/><F64/><W28/><G134/><T26/><D65/><U25/><E25/><V119/><F39/><W121/><G24/><T80/><D37/><U126/><E126/><V29/><F89/><W2/><G36/><T47/><D47/><U128/><E128/><V120/><F120/><W7/><G121/><T123/><D123/><U51/><E51/><V98/><F119/><W79/><G2/><T21/><D124/><U73/><E73/><V130/><F3/><W112/><G112/><T6/><D127/><U48/><E48/><V115/><F130/><W84/><G15/><T110/><D110/><U96/><E96/><V38/><F98/><W70/><G70/><T13/><D12/><U94/><E94/><V108/><F95/><W8/><G8/><N who="0" m="4247" /><D93/><U66/><E66/><V125/><F115/><W56/><G56/><RYUUKYOKU ba="0,1" sc="250,-10,201,30,250,-10,289,-10" hai1="19,27,50,52,58,85,90,92,99,102,106,117,118" /><INIT seed="1,1,1,4,3,112" ten="240,231,240,279" oya="1" hai0="3,94,60,27,129,24,93,9,11,124,69,50,8" hai1="115,75,53,12,127,4,117,28,58,63,0,84,6" hai2="49,96,100,134,47,48,20,85,62,37,1,23,118" hai3="71,59,67,108,81,109,77,98,116,120,74,105,39"/><U55/><E117/><V56/><F134/><W29/><G59/><T18/><D129/><U44/><E75/><V119/><F1/><W89/><G39/><T92/><D124/><U61/><E0/><V132/><F132/><W32/><G120/><T16/><D3/><U121/><E121/><V46/><F85/><W7/><G7/><T123/><D50/><U65/><E127/><V80/><F80/><W10/><G10/><T70/><D123/><U125/><E125/><V83/><F83/><W26/><G89/><T33/><D60/><U43/><E28/><V76/><F76/><W78/><G78/><T133/><D33/><U35/><E35/><V82/><F82/><W111/><G116/><T19/><REACH who="0" step="1"/><D133/><REACH who="0" ten="230,231,240,279" step="2"/><U64/><E115/><V34/><F34/><W54/><G111/><T106/><D106/><U113/><E113/><V40/><F49/><W90/><G109/><T104/><D104/><U88/><E4/><V5/><F5/><W41/><G105/><T102/><D102/><U128/><E128/><V95/><F119/><W114/><G108/><T107/><D107/><U110/><E110/><V45/><F118/><W99/><G114/><T97/><D97/><U87/><E87/><V131/><F131/><W72/><G99/><T14/><D14/><U42/><E12/><V79/><F48/><W66/><G98/><T15/><D15/><U52/><E6/><V38/><F96/><W31/><G32/><T122/><D122/><U36/><E42/><V51/><F40/><W2/><G41/><T91/><D91/><U57/><E88/><V17/><F100/><RYUUKYOKU ba="1,2" sc="230,15,231,15,240,-15,279,-15" hai0="8,9,11,16,18,19,24,27,69,70,92,93,94" hai1="36,43,44,52,53,55,57,58,61,63,64,65,84" /><INIT seed="1,2,2,3,1,41" ten="245,246,225,264" oya="1" hai0="131,43,51,28,33,94,92,115,107,65,12,91,75" hai1="70,18,62,34,101,89,102,15,100,78,105,46,11" hai2="110,48,40,20,31,47,64,111,95,124,133,45,50" hai3="9,56,99,96,112,128,66,6,93,21,36,71,80"/><U24/><E78/><V35/><F124/><W120/><G71/><T126/><D107/><U72/><E72/><V0/><F133/><W61/><G120/><T13/><D115/><U25/><E105/><V119/><F119/><W117/><G112/><T127/><D75/><U134/><E134/><V14/><F64/><W7/><G36/><T132/><D65/><U1/><E1/><V76/><F0/><W16/><G128/><T10/><D132/><U109/><E109/><N who="2" m="41483" /><F76/><W58/><G117/><T106/><D106/><U27/><E62/><V87/><F35/><W63/><G80/><T29/><D131/><U44/><E70/><V77/><F77/><W90/><G99/><T125/><D33/><U98/><E34/><V74/><F74/><W39/><G9/><T38/><D38/><U85/><REACH who="1" step="1"/><E98/><REACH who="1" ten="245,236,225,264" step="2"/><V37/><F37/><W67/><REACH who="3" step="1"/><G39/><REACH who="3" ten="245,236,225,254" step="2"/><T122/><D126/><U8/><E8/><V114/><F114/><W60/><G60/><T82/><D10/><U83/><AGARI ba="2,4" hai="11,15,18,24,25,27,44,46,83,85,89,100,101,102" machi="83" ten="30,12000,1" yaku="1,1,0,1,8,1,52,2,53,0" doraHai="41" doraHaiUra="30" who="1" fromWho="1" sc="245,-42,236,166,225,-42,254,-42" /><INIT seed="1,3,0,5,0,49" ten="203,402,183,212" oya="1" hai0="25,69,14,36,113,98,45,111,42,17,123,46,20" hai1="51,110,9,108,101,23,116,76,79,74,128,135,103" hai2="130,63,102,124,72,73,64,115,90,35,86,117,93" hai3="44,104,13,16,5,131,32,62,133,95,114,87,33"/><U82/><E9/><V60/><F117/><W22/><G104/><T27/><D69/><U80/><E23/><V121/><F121/><W122/><G122/><T8/><D113/><U96/><E116/><V71/><F115/><W97/><G114/><T59/><D111/><N who="1" m="42539" /><E51/><V88/><F124/><W2/><G133/><T100/><D123/><U61/><E61/><V112/><F112/><W106/><G131/><T94/><D46/><U4/><E4/><V107/><F130/><W31/><G62/><T89/><D59/><U125/><E128/><V84/><F35/><W120/><G33/><T56/><D56/><U134/><E125/><V30/><F30/><W6/><G31/><T53/><D53/><U40/><E40/><V12/><F60/><W34/><G34/><T109/><D109/><U83/><E101/><V43/><F43/><W48/><G32/><T118/><D118/><U78/><E74/><V29/><F29/><W10/><G6/><T57/><D57/><U26/><E26/><V50/><F50/><W7/><G7/><T70/><D100/><U41/><E41/><V92/><REACH who="2" step="1"/><F12/><REACH who="2" ten="203,402,173,212" step="2"/><W66/><G120/><T91/><D42/><U28/><E28/><V68/><F68/><W18/><G48/><T99/><D70/><U129/><E129/><V24/><F24/><W132/><G13/><T11/><D25/><U58/><E58/><V105/><F105/><AGARI ba="3,1" hai="76,78,79,80,82,83,96,103,105,134,135" m="42539" machi="105" ten="40,12000,1" yaku="14,1,10,1,34,2" doraHai="49" who="1" fromWho="2" sc="203,0,402,139,173,-129,212,0" /><INIT seed="1,4,0,1,5,50" ten="203,541,44,212" oya="1" hai0="0,72,37,10,91,44,105,111,5,109,123,17,110" hai1="97,101,15,74,134,69,51,82,63,61,46,118,8" hai2="75,14,36,38,25,7,95,103,22,131,116,27,100" hai3="67,28,66,39,99,16,6,102,73,21,13,106,52"/><U42/><E118/><V43/><F116/><W122/><G122/><T70/><D91/><U12/><E69/><V60/><F131/><W4/><G39/><T133/><D17/><U47/><E134/><V1/><F1/><W41/><G41/><N who="0" m="22575" /><D105/><U89/><E15/><V23/><F75/><W31/><G73/><T98/><D98/><U49/><E74/><V107/><F107/><W113/><G113/><T85/><D85/><U54/><E101/><V68/><F43/><W117/><G117/><T59/><D133/><U11/><E11/><V81/><F81/><W64/><REACH who="3" step="1"/><G52/><REACH who="3" ten="203,541,44,202" step="2"/><T71/><D123/><U135/><E135/><V2/><F36/><W40/><G40/><T132/><D132/><U55/><E42/><V129/><F38/><W48/><G48/><T33/><D72/><U57/><E57/><V128/><F128/><W87/><G87/><T78/><D59/><U53/><E53/><V126/><F129/><W94/><G94/><T26/><D78/><U32/><E32/><V120/><F95/><W3/><G3/><T112/><D112/><U19/><E97/><V80/><F2/><W76/><G76/><T30/><AGARI ba="4,1" hai="0,5,10,26,30,33,70,71,109,110,111" m="22575" machi="30" ten="40,2700,0" yaku="14,1,23,1" doraHai="50" who="0" fromWho="0" sc="203,49,541,-17,44,-11,202,-11" /><INIT seed="2,0,0,5,3,39" ten="252,524,33,191" oya="2" hai0="3,41,133,54,55,135,101,5,47,126,1,6,122" hai1="93,100,125,76,53,63,115,77,31,111,37,98,67" hai2="18,86,45,49,44,50,99,119,97,112,43,74,52" hai3="21,8,22,88,27,14,123,108,103,104,26,2,36"/><V117/><F74/><W38/><G123/><T7/><D101/><U81/><E115/><V109/><F112/><W25/><G2/><N who="0" m="523" /><D122/><U132/><E111/><V127/><F109/><W114/><G108/><T40/><D126/><U60/><E37/><V128/><F127/><W62/><G114/><T59/><D47/><U51/><E31/><V23/><F128/><W35/><G35/><T94/><D94/><U61/><E132/><N who="0" m="50761" /><D55/><U12/><E67/><V30/><F30/><W16/><G38/><T57/><D54/><U90/><E12/><V72/><F72/><W89/><G36/><T70/><D70/><U9/><E9/><V91/><F117/><W120/><G120/><T4/><N who="0" m="1024" /><DORA hai="79" /><T10/><D10/><U34/><E34/><V19/><F119/><W33/><G33/><T11/><D11/><U121/><E121/><V69/><F69/><W129/><G129/><T84/><D84/><N who="1" m="50447" /><E125/><V75/><F75/><W0/><G0/><T80/><D80/><U24/><E24/><N who="2" m="14455" /><F19/><W48/><G16/><T118/><D118/><U113/><E113/><V20/><F20/><W83/><G22/><T105/><D105/><U29/><E29/><V71/><F71/><W95/><G104/><T32/><D32/><U87/><E87/><V131/><F131/><W116/><G21/><T68/><D68/><U15/><E15/><V58/><F44/><AGARI ba="0,0" hai="44,51,53,60,61,63,76,77,93,98,100" m="50447" machi="44" ten="30,2000,0" yaku="8,1,52,1" doraHai="39,79" who="1" fromWho="2" sc="252,0,524,20,33,-20,191,0" /><INIT seed="3,0,0,4,2,96" ten="252,544,13,191" oya="3" hai0="132,52,131,19,53,23,113,65,11,133,66,56,71" hai1="38,107,122,91,42,112,15,67,119,78,37,64,28" hai2="126,120,24,116,117,109,81,13,54,87,35,95,57" hai3="135,41,99,102,94,43,55,30,40,134,63,97,118"/><W69/><G118/><T25/><D131/><U27/><E91/><V83/><F120/><W32/><G32/><T106/><D106/><U75/><E15/><V98/><F126/><W44/><G30/><T12/><D113/><U50/><E27/><V85/><F109/><W48/><REACH who="3" step="1"/><G99/><REACH who="3" ten="252,544,13,181" step="2"/><T89/><D133/><U4/><E28/><V127/><F117/><W74/><G74/><T26/><D132/><U72/><E75/><V115/><F116/><W111/><G111/><T70/><D71/><U6/><E72/><V108/><F108/><W110/><G110/><T10/><D70/><U18/><E119/><V103/><F115/><W14/><G14/><T51/><D25/><U124/><E112/><V33/><F127/><W86/><G86/><T114/><D114/><U60/><E124/><V68/><F13/><W9/><G9/><T130/><D130/><U93/><E122/><V82/><F68/><W80/><G80/><T58/><D11/><U101/><E4/><V36/><F36/><W49/><G49/><N who="0" m="30735" /><D89/><U84/><E50/><V5/><F5/><AGARI ba="0,1" hai="5,10,12,19,23,26,51,53,58,65,66" m="30735" machi="5" ten="30,2000,0" yaku="8,1,54,1" doraHai="96" who="0" fromWho="2" sc="252,30,544,0,13,-20,181,0" owari="282,8.0,544,65.0,-7,-51.0,181,-22.0" /></mjloggm>