<mjloggm ver="2.3"><GO type="41" lobby="0"/><UN n0="%E5%86%AC%E5%9D%82%E4%BA%94%E7%99%BE%E9%87%8C" n1="%64%72%61%66%74%6C%61%6E" n2="%E3%81%86%E3%81%83%E3%82%93%E3%81%A7%E3%81%83" n3="%E2%93%9D%53%75%70%68%78" dan="15,13,14,18" rate="2079.40,1853.09,1969.30,2144.16" sx="F,M,M,M"/><TAIKYOKU oya="0"/><INIT seed="0,0,0,5,3,21" ten="250,250,250,250" oya="0" hai0="126,15,44,71,131,51,104,17,33,30,24,103,77" hai1="67,43,31,64,48,87,52,47,115,26,23,110,56" hai2="41,78,69,133,37,94,91,80,85,12,130,66,32" hai3="100,70,134,28,18,81,114,55,63,61,13,99,46"/><T86/><D131/><U84/><E110/><V9/><F133/><W72/><G114/><T39/><D126/><U111/><E111/><V105/><F130/><W4/><G4/><T58/><D71/><U128/><E128/><V119/><F105/><W62/><G28/><T60/><D39/><U109/><E115/><V38/><F32/><W79/><G134/><T1/><D1/><U59/><E109/><V8/><F119/><W122/><G122/><T125/><D125/><U93/><E59/><V121/><F121/><W11/><G46/><T107/><D103/><U116/><E116/><V135/><F41/><W92/><REACH who="3" step="1"/><G55/><REACH who="3" ten="250,250,250,240" step="2"/><T50/><D44/><U6/><E6/><V112/><F135/><W127/><G127/><T120/><D120/><U65/><REACH who="1" step="1"/><E93/><REACH who="1" ten="250,240,250,240" step="2"/><V132/><F132/><W49/><G49/><AGARI ba="0,2" hai="23,26,31,43,47,48,49,52,56,64,65,67,84,87" machi="49" ten="40,8000,1" yaku="1,1,2,1,8,1,52,1,54,1,53,0" doraHai="21" doraHaiUra="117" who="1" fromWho="3" sc="250,0,240,100,250,0,240,-80" /><INIT seed="1,0,0,5,1,40" ten="250,340,250,160" oya="1" hai0="112,123,58,110,71,53,34,10,46,83,70,109,106" hai1="99,127,2,80,19,78,18,28,89,104,68,0,9" hai2="67,105,33,121,47,15,25,95,75,76,50,41,14" hai3="124,52,93,66,12,125,26,122,135,17,130,126,24"/><U37/><E68/><V115/><F105/><W72/><G72/><T54/><D106/><U73/><E127/><V16/><F121/><W108/><G66/><T111/><D34/><U56/><E28/><V8/><F67/><W96/><G122/><T91/><D123/><U82/><E104/><V117/><F117/><W42/><G42/><T48/><D10/><U129/><E129/><V118/><F118/><W88/><G108/><T131/><D131/><U44/><E0/><V45/><F115/><W69/><G69/><N who="0" m="26123" /><D91/><U81/><E81/><V59/><F59/><W90/><G135/><T84/><D84/><U87/><E99/><V63/><F63/><W74/><G74/><T51/><D83/><U64/><E64/><V5/><F75/><W86/><G130/><T62/><D112/><U97/><E97/><V49/><F76/><W1/><G1/><T65/><D48/><U114/><E114/><V113/><F113/><W102/><G90/><T55/><AGARI ba="0,0" hai="46,51,53,54,55,58,62,65,109,110,111" m="26123" machi="55" ten="40,8000,1" yaku="14,1,34,2,52,1" doraHai="40" who="0" fromWho="0" sc="250,80,340,-40,250,-20,160,-20" /><INIT seed="2,0,0,4,4,120" ten="330,300,230,140" oya="2" hai0="92,2,84,11,12,71,85,91,27,72,109,15,33" hai1="121,98,116,93,58,86,117,56,122,57,14,87,108" hai2="64,80,24,31,127,35,17,34,77,79,21,60,134" hai3="102,81,83,67,74,94,82,41,28,63,40,78,4"/><V38/><F127/><W126/><G126/><T52/><D72/><U111/><E14/><V50/><F134/><W99/><G4/><T53/><D71/><U48/><E48/><V9/><F38/><W130/><G130/><T112/><D112/><U69/><E69/><V45/><F9/><W128/><G128/><T132/><D132/><U113/><E98/><V26/><F35/><W6/><G6/><T70/><D70/><U61/><E61/><V54/><REACH who="2" step="1"/><F80/><REACH who="2" ten="330,300,220,140" step="2"/><W36/><G36/><T73/><D11/><U65/><E113/><V39/><F39/><W23/><G74/><T68/><D73/><U59/><E122/><V133/><F133/><W10/><G10/><T62/><D33/><U105/><E121/><V20/><F20/><W42/><G78/><T129/><D129/><U88/><E117/><V46/><F46/><W66/><REACH who="3" step="1"/><G63/><REACH who="3" ten="330,300,220,130" step="2"/><T114/><D62/><U0/><E116/><V89/><F89/><W55/><G55/><T125/><D53/><U37/><E65/><V3/><F3/><W97/><G97/><T22/><D91/><U104/><E88/><V1/><F1/><W5/><G5/><T135/><D125/><U76/><E0/><V119/><F119/><W25/><AGARI ba="0,2" hai="23,25,28,40,41,42,66,67,81,82,83,94,99,102" machi="25" ten="40,5200,0" yaku="1,1,0,1,8,1,53,0" doraHai="120" doraHaiUra="115" who="3" fromWho="3" sc="330,-13,300,-13,220,-26,130,72" /><INIT seed="3,0,0,3,4,41" ten="317,287,194,202" oya="3" hai0="123,5,66,103,50,0,127,83,19,69,92,39,55" hai1="135,43,71,23,9,3,22,14,6,110,85,78,34" hai2="108,18,7,58,63,49,33,122,75,13,65,16,1" hai3="70,67,80,38,21,132,10,120,17,134,53,27,56"/><W102/><G120/><T15/><D123/><U101/><E110/><V133/><F108/><W40/><G102/><T48/><D39/><U124/><E71/><V116/><F116/><W61/><G80/><T74/><D127/><U131/><E101/><V60/><F75/><W54/><G10/><T128/><D128/><U79/><E124/><V32/><F133/><N who="3" m="51307" /><G70/><T105/><D0/><U37/><E135/><V121/><F1/><W20/><G20/><T30/><D92/><U31/><E131/><V46/><F7/><W114/><G114/><T82/><D5/><U76/><E85/><V12/><F63/><W89/><G89/><T35/><D74/><U119/><E119/><V57/><F57/><W113/><G113/><T45/><D69/><U36/><E22/><V109/><F109/><W112/><G112/><T29/><D103/><U125/><E125/><V97/><F97/><W72/><G72/><T96/><D96/><U86/><E86/><V47/><F122/><W126/><G126/><T4/><D4/><U117/><E117/><V26/><F121/><W93/><G93/><T104/><D82/><U24/><REACH who="1" step="1"/><E43/><REACH who="1" ten="317,277,194,202" step="2"/><V100/><F100/><W91/><G91/><T87/><D87/><U99/><E99/><V111/><F111/><W8/><G8/><T25/><D83/><U51/><E51/><V52/><F33/><W98/><G98/><T130/><D48/><U73/><E73/><V106/><F32/><W118/><G118/><T90/><D35/><U77/><N who="1" m="19456" /><DORA hai="95" /><U129/><E129/><V44/><F49/><W64/><G40/><T115/><D115/><RYUUKYOKU ba="0,1" sc="317,-10,277,30,194,-10,202,-10" hai1="3,6,9,14,23,24,31,34,36,37" /><INIT seed="4,1,1,5,1,128" ten="307,307,184,192" oya="0" hai0="16,104,23,111,6,28,4,103,129,90,22,8,126" hai1="101,25,78,30,109,105,17,115,108,97,123,38,122" hai2="130,0,48,84,121,2,31,12,15,71,85,14,106" hai3="33,124,59,9,83,72,26,61,21,67,120,82,87"/><T73/><D129/><U110/><E17/><V75/><F75/><W55/><G33/><T94/><D73/><U62/><E38/><V43/><F130/><W60/><G124/><T53/><D126/><U11/><E11/><V42/><F106/><W88/><G120/><T91/><D104/><U47/><E47/><V99/><F71/><W95/><G72/><T24/><D111/><U80/><E115/><V81/><F31/><W27/><G9/><T93/><D8/><U1/><E1/><V125/><F125/><W10/><G27/><N who="0" m="14791" /><D53/><U34/><REACH who="1" step="1"/><E62/><REACH who="1" ten="307,297,184,192" step="2"/><V50/><F121/><W112/><G112/><T127/><D127/><U65/><E65/><V113/><F113/><W35/><G10/><T69/><D69/><U98/><E98/><V5/><F99/><W7/><G7/><N who="0" m="2603" /><D103/><U92/><E92/><AGARI ba="1,2" hai="23,24,28,90,91,92,93,94" m="2603,14791" machi="92" ten="30,2900,0" yaku="8,1,54,1" doraHai="128" who="0" fromWho="1" sc="307,52,297,-32,184,0,192,0" /><INIT seed="4,2,0,1,4,41" ten="359,265,184,192" oya="0" hai0="106,119,110,85,69,86,117,12,24,71,80,32,103" hai1="7,11,26,51,46,27,38,111,36,9,123,18,122" hai2="1,96,14,56,77,100,104,124,126,50,120,4,52" hai3="127,19,43,116,5,105,54,55,16,57,31,37,62"/><T93/><D12/><U130/><E111/><V8/><F120/><W102/><G116/><T10/><D110/><U61/><E130/><V89/><F77/><W64/><G127/><T40/><D10/><U53/><E61/><V33/><F33/><W115/><G115/><T0/><D0/><U2/><E9/><V65/><F65/><W82/><G31/><N who="0" m="19559" /><D93/><U73/><E73/><V128/><F128/><W81/><G5/><T47/><D85/><U74/><E74/><V58/><F89/><W63/><G102/><T68/><D86/><U125/><E125/><N who="2" m="48235" /><F58/><W118/><G118/><T107/><D80/><U72/><E72/><V42/><F42/><W83/><G105/><N who="0" m="39947" /><D103/><U67/><E67/><V114/><F114/><W108/><G108/><T88/><D88/><U13/><E123/><V98/><F98/><W76/><G76/><T23/><D23/><U48/><E122/><V21/><F21/><W15/><G64/><T84/><D84/><U3/><E2/><AGARI ba="2,0" hai="1,2,4,8,14,50,52,56,96,100,104" m="48235" machi="2" ten="30,2000,0" yaku="18,1,54,1" doraHai="41" who="2" fromWho="1" sc="359,0,265,-26,184,26,192,0" /><INIT seed="5,0,0,0,1,20" ten="359,239,210,192" oya="1" hai0="22,19,87,70,101,71,56,108,69,118,67,40,43" hai1="10,28,60,96,57,107,130,114,66,23,119,33,61" hai2="100,92,47,90,24,59,103,99,125,63,115,38,128" hai3="131,2,14,26,98,106,112,9,29,117,95,39,44"/><U34/><E119/><V53/><F125/><W121/><G121/><T21/><D118/><U45/><E114/><V111/><F111/><W51/><G117/><T72/><D108/><U116/><E116/><V0/><F128/><W6/><G131/><T88/><D72/><U124/><E124/><V25/><F0/><W135/><G135/><T58/><D101/><N who="2" m="38986" /><F38/><W75/><G75/><T134/><D134/><U55/><E107/><V126/><F126/><W102/><G39/><T27/><D21/><U50/><E96/><V1/><F1/><W16/><G112/><T49/><D67/><U127/><E127/><V120/><F120/><W17/><G2/><T104/><D104/><U82/><E61/><V110/><F110/><W35/><REACH who="3" step="1"/><G106/><REACH who="3" ten="359,239,210,182" step="2"/><T68/><N who="0" m="17408" /><DORA hai="76" /><T11/><D49/><U64/><E130/><V80/><F115/><W3/><G3/><T89/><D40/><AGARI ba="0,1" hai="6,9,14,16,17,26,29,35,40,44,51,95,98,102" machi="40" ten="30,8000,1" yaku="1,1,7,1,52,1,54,1,53,1" doraHai="20,76" doraHaiUra="8,83" who="3" fromWho="0" sc="359,-80,239,0,210,0,182,90" /><INIT seed="6,0,0,3,2,79" ten="279,239,210,272" oya="2" hai0="73,114,29,108,56,40,71,81,63,60,58,92,123" hai1="78,127,24,120,9,41,96,75,35,107,95,102,109" hai2="112,14,52,76,122,106,57,67,18,61,26,87,8" hai3="118,48,126,39,64,135,74,91,15,10,113,47,59"/><V82/><F112/><W21/><G118/><T4/><D108/><U2/><E109/><V129/><F129/><W42/><G74/><T131/><D123/><U0/><E120/><V54/><F122/><W25/><G135/><T19/><D114/><U88/><E127/><V69/><F106/><W45/><G126/><T33/><D131/><U1/><E9/><V83/><F69/><W89/><G113/><T22/><D40/><U5/><E41/><V49/><F49/><W66/><G47/><T125/><D125/><U134/><E134/><V3/><F3/><W93/><G39/><T132/><D132/><U16/><E5/><V116/><F116/><W34/><G34/><T115/><D81/><N who="1" m="45279" /><E0/><V6/><F82/><W31/><G59/><T43/><D115/><U121/><E35/><V62/><F62/><W27/><G27/><T55/><D43/><U103/><E103/><V128/><F128/><W98/><REACH who="3" step="1"/><G91/><REACH who="3" ten="279,239,210,262" step="2"/><T72/><D33/><U30/><E121/><V68/><F68/><W46/><G46/><T130/><D71/><U36/><E36/><V11/><REACH who="2" step="1"/><F8/><REACH who="2" ten="279,239,200,262" step="2"/><W77/><G77/><T101/><D130/><U28/><E1/><V86/><F86/><W110/><G110/><T111/><D72/><U38/><E2/><V7/><F7/><AGARI ba="0,2" hai="7,10,15,21,25,31,42,45,48,64,66,89,93,98" machi="7" ten="30,3900,0" yaku="1,1,7,1,8,1,53,0" doraHai="79" doraHaiUra="119" who="3" fromWho="2" sc="279,0,239,0,200,-39,262,59" /><INIT seed="7,0,0,4,4,124" ten="279,239,161,321" oya="3" hai0="130,2,96,32,31,34,12,43,59,6,100,83,113" hai1="85,106,109,107,71,78,131,86,49,11,14,132,56" hai2="125,93,47,102,110,51,62,41,80,89,82,16,73" hai3="129,70,53,17,128,40,58,42,52,39,103,18,38"/><W1/><G103/><T135/><D135/><U19/><E109/><V20/><F125/><W50/><G1/><T46/><D113/><U5/><E132/><V74/><F110/><W95/><G95/><T35/><D59/><U48/><E71/><V10/><F74/><W13/><G70/><T115/><D115/><U90/><E131/><N who="3" m="50250" /><G53/><T112/><D130/><U79/><E90/><V7/><F73/><W126/><G126/><T54/><D54/><U30/><E30/><V133/><F102/><W69/><G69/><T60/><D112/><U9/><E56/><V97/><F133/><W65/><G65/><T29/><D2/><U123/><E123/><V67/><F67/><W98/><G98/><T87/><D96/><U22/><E11/><V66/><F66/><W27/><G27/><T118/><D100/><U57/><E57/><V64/><F64/><W21/><G18/><T122/><D29/><U37/><E19/><V104/><F62/><W88/><G88/><T120/><D60/><U63/><E63/><V134/><F104/><W92/><G92/><T15/><D120/><U121/><E107/><V26/><REACH who="2" step="1"/><F134/><REACH who="2" ten="279,239,151,321" step="2"/><W75/><G75/><T77/><D122/><U76/><E121/><V116/><F116/><W0/><G39/><T127/><D127/><U8/><E106/><V72/><F72/><W55/><G38/><T24/><D118/><U61/><E37/><V91/><F91/><W68/><G68/><T94/><D94/><U36/><E61/><V23/><F23/><W108/><G108/><T105/><D105/><U117/><E117/><V84/><F84/><RYUUKYOKU ba="0,1" sc="279,-10,239,-10,151,30,321,-10" hai2="7,10,16,20,26,41,47,51,80,82,89,93,97" owari="269,7.0,229,-17.0,181,-32.0,321,42.0" /></mjloggm>