<mjloggm ver="2.3"><GO type="41" lobby="0"/><UN n0="%E3%81%A1%E3%82%80%E3%81%8A" n1="%E3%83%AC%E3%82%AA%E3%83%B3%E3%83%8F%E3%83%AB%E3%83%88" n2="%E2%93%9D%53%75%70%68%78" n3="%E3%83%AA%E3%82%B5" dan="15,15,17,14" rate="2006.44,2031.77,2067.94,1925.45" sx="M,M,M,F"/><TAIKYOKU oya="0"/><INIT seed="0,0,0,0,3,70" ten="250,250,250,250" oya="0" hai0="51,45,133,109,23,29,16,69,15,7,97,6,95" hai1="78,96,71,46,54,113,61,91,84,25,99,50,9" hai2="119,114,0,131,128,129,102,49,26,63,122,92,44" hai3="104,43,120,77,21,87,2,59,57,36,68,88,72"/><T83/><D133/><U42/><E113/><V121/><F0/><W86/><G120/><N who="2" m="46185" /><F26/><W56/><G104/><T75/><D69/><U74/><E74/><V73/><F73/><W37/><G72/><T41/><D29/><U12/><E78/><V30/><F30/><W27/><G2/><T127/><D127/><U115/><E25/><V22/><F22/><W108/><G68/><T106/><D106/><U93/><E115/><V67/><F92/><W85/><G77/><T35/><D35/><U118/><E118/><V130/><F102/><W39/><G108/><T8/><D109/><U14/><E14/><V47/><F114/><W98/><G43/><T53/><D75/><U66/><REACH who="1" step="1"/><E54/><REACH who="1" ten="250,240,250,250" step="2"/><V103/><F131/><W38/><N who="3" m="9216" /><DORA hai="13" /><W31/><REACH who="3" step="1"/><G98/><REACH who="3" ten="250,240,250,240" step="2"/><T94/><D97/><U60/><E60/><V52/><F128/><W112/><G112/><T24/><D41/><U1/><E1/><V135/><F129/><W124/><G124/><T18/><D15/><U89/><E89/><AGARI ba="0,2" hai="21,27,31,56,57,59,85,86,87,88,89" m="9216" machi="89" ten="80,16000,3" yaku="1,1,29,2,52,4,54,1,53,0" doraHai="70,13" doraHaiUra="110,40" who="3" fromWho="1" sc="250,0,240,-160,250,0,240,180" /><INIT seed="1,0,0,0,0,30" ten="250,80,250,420" oya="1" hai0="34,106,58,119,100,94,98,113,78,42,6,17,80" hai1="43,24,135,120,51,47,112,1,67,104,89,127,25" hai2="22,75,56,71,33,48,21,3,37,55,129,130,84" hai3="118,28,107,73,114,88,7,81,10,134,5,95,31"/><U128/><E112/><V99/><F75/><W97/><G118/><T96/><D113/><U72/><E120/><V12/><F3/><W41/><G114/><T23/><D119/><U125/><E1/><V66/><F37/><W92/><G134/><T131/><D131/><N who="2" m="50186" /><F84/><W132/><G132/><T40/><D6/><U121/><E135/><V57/><F71/><W61/><G41/><T18/><D58/><U110/><E128/><V11/><F99/><W133/><G133/><T53/><D53/><U29/><E72/><V68/><F33/><W69/><G73/><T76/><D34/><U82/><E121/><V45/><F68/><W52/><G81/><T38/><D38/><U19/><E67/><V59/><F66/><W86/><G107/><T27/><D18/><AGARI ba="0,0" hai="11,12,18,21,22,45,48,55,56,57,59" m="50186" machi="18" ten="30,1000,0" yaku="19,1" doraHai="30" who="2" fromWho="0" sc="250,-10,80,0,250,10,420,0" /><INIT seed="2,0,0,4,2,0" ten="240,80,260,420" oya="2" hai0="30,44,38,63,17,43,1,83,98,71,20,48,41" hai1="119,66,86,7,74,25,120,105,8,78,99,108,116" hai2="103,84,22,135,111,60,81,95,11,91,73,79,57" hai3="62,53,123,54,127,55,65,3,93,75,102,109,90"/><V97/><F135/><W31/><G75/><T56/><D71/><U106/><E108/><V14/><F111/><W47/><G123/><T4/><D30/><U50/><E120/><V26/><F73/><W61/><G109/><T70/><D70/><U69/><E74/><V52/><F79/><W85/><G3/><T10/><D83/><U125/><E125/><V42/><F42/><W118/><G118/><T80/><D80/><U72/><E72/><V113/><F113/><W59/><G127/><T6/><D98/><U89/><E78/><V112/><F112/><W92/><G31/><T2/><D2/><U15/><E106/><V121/><F121/><W68/><G47/><T114/><D114/><U130/><E130/><V40/><F40/><W35/><G35/><T49/><D6/><U33/><E50/><V37/><F37/><W94/><REACH who="3" step="1"/><G102/><REACH who="3" ten="240,80,260,410" step="2"/><T9/><D41/><U88/><E119/><V36/><F36/><W117/><G117/><T21/><D44/><U76/><E116/><V12/><REACH who="2" step="1"/><F11/><REACH who="2" ten="240,80,250,410" step="2"/><W28/><G28/><AGARI ba="0,2" hai="12,14,22,26,28,52,57,60,81,84,91,95,97,103" machi="28" ten="30,12000,1" yaku="1,1,2,1,7,1,8,1,54,1,53,0" doraHai="0" doraHaiUra="104" who="2" fromWho="3" sc="240,0,80,0,250,140,410,-120" /><INIT seed="2,1,0,5,3,125" ten="240,80,390,290" oya="2" hai0="26,124,53,0,42,114,106,20,63,40,19,24,28" hai1="43,131,134,36,62,75,32,55,54,11,85,126,117" hai2="52,123,47,90,37,108,122,130,88,68,71,65,101" hai3="91,57,92,64,121,81,60,133,49,58,34,15,127"/><V132/><F101/><W12/><G121/><T3/><D114/><U107/><E75/><V46/><F65/><W79/><G34/><T67/><D106/><U100/><E117/><V14/><F14/><W18/><G127/><T77/><D53/><U103/><E126/><V17/><F52/><W69/><G133/><T5/><D77/><U129/><E134/><V74/><F132/><W9/><G15/><T13/><D0/><U22/><E32/><V102/><F102/><W8/><G49/><T87/><D87/><U21/><E85/><V78/><F78/><W66/><G66/><T16/><D3/><U48/><E48/><V6/><F17/><W61/><G9/><T25/><D28/><U135/><E135/><V10/><F10/><W104/><G104/><T112/><D112/><U72/><E72/><V128/><F74/><W59/><G61/><T109/><D109/><U35/><E35/><V96/><F96/><W7/><G7/><T82/><D82/><U115/><E11/><V70/><F70/><W31/><G31/><T39/><D39/><U113/><E107/><V51/><F51/><W111/><G111/><T116/><D116/><U27/><E27/><V84/><F84/><N who="3" m="48191" /><G69/><T120/><D120/><U110/><E110/><V4/><F108/><W118/><G118/><T38/><D38/><AGARI ba="1,0" hai="4,6,37,38,46,47,68,71,88,90,122,123,128,130" machi="38" ten="25,12000,1" yaku="22,2,52,2,54,1" doraHai="125" who="2" fromWho="0" sc="240,-123,80,0,390,123,290,0" /><INIT seed="2,2,0,5,4,118" ten="117,80,513,290" oya="2" hai0="67,114,60,115,10,64,70,13,37,81,21,50,130" hai1="17,54,103,35,99,80,49,119,98,110,124,9,8" hai2="63,30,12,97,125,82,26,94,11,85,15,106,6" hai3="134,34,131,29,61,87,18,74,109,116,55,52,102"/><V71/><F125/><W113/><G116/><T123/><D37/><U43/><E119/><V101/><F71/><W40/><G74/><T79/><D123/><U75/><E110/><V53/><F106/><W117/><G117/><T44/><D64/><U62/><E124/><V36/><F36/><W73/><G73/><T59/><D21/><U83/><E35/><V100/><F12/><W104/><G109/><T126/><D70/><U7/><E75/><V129/><F129/><W19/><G131/><T45/><D45/><U91/><E43/><V1/><F1/><W93/><G113/><T65/><D65/><U5/><E62/><V86/><F101/><W0/><G0/><T47/><D47/><U69/><E17/><V121/><F121/><W84/><G134/><T23/><D23/><U66/><E66/><V14/><F14/><W72/><G72/><T107/><D107/><U77/><E91/><V42/><F42/><W111/><G111/><T25/><D25/><U33/><E33/><V108/><F82/><W51/><G104/><T22/><D22/><U27/><E27/><V92/><F92/><W20/><G34/><T76/><D130/><U127/><E127/><V135/><F135/><W38/><G38/><T4/><D126/><U3/><E69/><V32/><F108/><W90/><G61/><T89/><D89/><U112/><E112/><N who="0" m="43049" /><D81/><N who="1" m="31307" /><E77/><V24/><F24/><N who="3" m="16519" /><G102/><T95/><D95/><N who="1" m="58847" /><E99/><V39/><F39/><W88/><G40/><N who="0" m="24839" /><D79/><U128/><E128/><V58/><AGARI ba="2,0" hai="6,11,15,26,30,32,53,58,63,85,86,94,97,100" machi="58" ten="30,1500,0" yaku="0,1" doraHai="118" who="2" fromWho="2" sc="117,-7,80,-7,513,21,290,-7" /><INIT seed="2,3,0,2,4,35" ten="110,73,534,283" oya="2" hai0="16,119,72,92,12,48,77,78,75,130,41,97,26" hai1="131,126,108,91,23,79,132,10,113,71,74,100,111" hai2="27,49,93,94,125,56,53,118,20,3,21,99,123" hai3="8,37,89,62,54,11,109,114,96,90,19,70,5"/><V47/><F118/><W38/><G114/><T76/><D130/><U69/><E113/><V61/><F125/><W107/><G109/><T128/><D128/><U0/><E131/><V2/><F123/><W32/><G32/><T121/><D121/><U106/><E91/><V24/><F20/><W65/><G54/><T103/><D26/><U59/><E59/><V95/><F27/><W112/><G112/><T1/><D1/><U98/><E23/><V134/><F134/><W14/><G90/><T67/><D67/><U7/><E126/><V66/><REACH who="2" step="1"/><F99/><REACH who="2" ten="110,73,524,283" step="2"/><W73/><G96/><T28/><D119/><U127/><E127/><V129/><F129/><W45/><G8/><T116/><D116/><U52/><E132/><V63/><F63/><W15/><G62/><T18/><D97/><U43/><E111/><V60/><F60/><W101/><G89/><T36/><D103/><U102/><E102/><V88/><F88/><W17/><G101/><T29/><D76/><U58/><E108/><V85/><F85/><W84/><G84/><T46/><D77/><U33/><E33/><V86/><F86/><W4/><G73/><T9/><D75/><U34/><E34/><V105/><F105/><W50/><G107/><T120/><D78/><U31/><E79/><V115/><F115/><W124/><G124/><T25/><D72/><U13/><E74/><V135/><F135/><W55/><G38/><T68/><D36/><U81/><E106/><V40/><F40/><W110/><G37/><T80/><D120/><U39/><E39/><V30/><AGARI ba="3,1" hai="2,3,21,24,30,47,49,53,56,61,66,93,94,95" machi="30" ten="30,11700,0" yaku="1,1,0,1,52,2,53,0" doraHai="35" doraHaiUra="117" who="2" fromWho="2" sc="110,-42,73,-42,524,136,283,-42" /><INIT seed="2,4,0,3,4,99" ten="68,31,660,241" oya="2" hai0="133,4,27,60,40,64,17,34,3,67,29,9,105" hai1="65,127,19,77,69,15,56,43,18,44,37,52,8" hai2="113,42,28,116,107,59,61,72,101,66,123,92,23" hai3="109,16,35,117,76,2,102,57,88,46,84,48,81"/><V25/><F113/><W5/><G117/><T104/><D133/><U111/><E111/><V68/><F116/><W132/><G132/><T129/><D129/><U54/><E127/><V119/><F119/><W70/><G70/><T55/><D40/><U90/><E77/><V21/><F72/><W87/><G35/><T95/><D55/><U63/><E90/><V130/><F123/><W96/><G109/><T134/><D64/><U14/><REACH who="1" step="1"/><E69/><REACH who="1" ten="68,21,660,241" step="2"/><V97/><F68/><W6/><G76/><T39/><D134/><U100/><E100/><V93/><F130/><W31/><G102/><T41/><D104/><U22/><AGARI ba="4,1" hai="8,14,15,18,19,22,37,43,44,52,54,56,63,65" machi="22" ten="20,5200,0" yaku="1,1,0,1,7,1,54,1,53,0" doraHai="99" doraHaiUra="74" who="1" fromWho="1" sc="68,-17,21,74,660,-30,241,-17" /><INIT seed="3,0,0,0,2,0" ten="51,95,630,224" oya="3" hai0="72,103,24,126,81,91,3,135,127,55,46,37,105" hai1="13,5,98,54,33,86,10,23,63,11,8,123,97" hai2="74,34,108,66,56,47,117,106,51,58,95,73,43" hai3="22,4,120,61,12,92,104,15,119,122,102,80,38"/><W114/><G38/><T87/><D3/><U36/><E36/><V2/><F106/><W35/><G35/><T109/><D24/><U62/><E33/><V9/><F108/><W83/><G119/><T30/><D30/><U29/><E86/><V49/><F95/><W18/><G114/><T65/><D65/><U125/><E125/><N who="0" m="47625" /><D55/><U31/><E123/><V124/><F66/><W20/><G104/><T1/><D1/><U57/><E63/><V121/><F2/><W128/><G128/><T118/><D46/><U16/><REACH who="1" step="1"/><E5/><REACH who="1" ten="51,85,630,224" step="2"/><V27/><F124/><W112/><G122/><T100/><D37/><U111/><E111/><V133/><F121/><W115/><G120/><T84/><D109/><U131/><E131/><V53/><F34/><W25/><G115/><T116/><D135/><U107/><E107/><V42/><F133/><W110/><G112/><T90/><D72/><U88/><E88/><V71/><F74/><W99/><G110/><T113/><D113/><U59/><E59/><V89/><F56/><W32/><G32/><T28/><D105/><U94/><E94/><V52/><F58/><W96/><G61/><T75/><D75/><U79/><E79/><V60/><F73/><W40/><G99/><AGARI ba="0,1" hai="8,10,11,13,16,23,29,31,54,57,62,97,98,99" machi="99" ten="40,12000,2" yaku="1,1,8,1,54,1,53,3" doraHai="0" doraHaiUra="93" who="1" fromWho="3" sc="51,0,85,130,630,0,224,-120" /><INIT seed="4,0,0,1,5,117" ten="51,215,630,104" oya="0" hai0="115,89,40,56,101,67,107,25,118,134,131,124,11" hai1="91,99,1,19,113,74,85,132,31,105,78,100,48" hai2="49,82,3,81,52,86,16,8,97,68,109,62,21" hai3="98,39,80,88,76,34,61,17,50,126,133,5,94"/><T116/><D115/><U65/><E113/><V71/><F109/><W7/><G39/><T135/><D11/><U53/><E1/><V123/><F123/><W45/><G34/><T4/><D4/><U54/><E31/><V106/><F82/><W15/><G126/><T58/><D25/><U103/><E65/><V125/><F62/><W77/><G61/><N who="0" m="38311" /><D89/><U36/><E100/><V72/><F72/><W30/><G30/><T29/><D29/><U75/><E78/><N who="3" m="30314" /><G80/><T122/><D101/><U37/><E19/><V9/><F3/><W92/><G92/><T10/><D10/><U2/><E103/><V104/><F8/><N who="3" m="6375" /><G133/><N who="0" m="50699" /><D107/><U12/><E105/><V83/><F106/><W79/><N who="3" m="30322" /><W127/><DORA hai="120" /><G127/><T96/><D96/><U102/><E2/><V70/><F97/><W24/><G24/><T43/><D124/><U23/><E99/><V20/><F125/><W73/><G73/><T111/><D131/><U60/><E132/><V42/><F104/><W26/><G26/><T55/><D122/><U33/><E33/><V35/><F35/><W84/><G98/><T108/><D116/><U51/><E102/><V90/><F81/><W41/><AGARI ba="0,0" hai="5,7,41,45,50,84,88,94" m="6375,30322" machi="41" ten="30,2000,0" yaku="8,1,54,1" doraHai="117,120" who="3" fromWho="3" sc="51,-10,215,-5,630,-5,104,20" /><INIT seed="5,0,0,3,5,48" ten="41,210,625,124" oya="1" hai0="30,85,134,95,112,14,10,89,103,36,54,119,71" hai1="123,94,59,49,22,61,17,124,23,37,100,93,69" hai2="72,46,25,105,43,135,108,98,1,21,11,6,80" hai3="38,56,81,101,115,64,50,92,74,13,19,102,67"/><U70/><E37/><V58/><F108/><W29/><G38/><T34/><D112/><U76/><E123/><V91/><F58/><W118/><G118/><T82/><D134/><U52/><E76/><V28/><F135/><W9/><G115/><T78/><D36/><U96/><E124/><V55/><F55/><N who="3" m="31863" /><G74/><T39/><D71/><U131/><E131/><V57/><F57/><W7/><G29/><T129/><D39/><U109/><E109/><V79/><F91/><W51/><G51/><T110/><D129/><U18/><E61/><V33/><F21/><W12/><G81/><T2/><D2/><U130/><E130/><V128/><F128/><W121/><G121/><T120/><D120/><U116/><E116/><V104/><F98/><N who="3" m="59591" /><G102/><T133/><D133/><U27/><E93/><V66/><F66/><W63/><G63/><T42/><D110/><U60/><E49/><V84/><F84/><W127/><G127/><T8/><D34/><U24/><AGARI ba="0,0" hai="17,18,22,23,24,27,52,59,60,69,70,94,96,100" machi="24" ten="20,12000,1" yaku="0,1,7,1,9,1,52,1,54,1" doraHai="48" who="1" fromWho="1" sc="41,-40,210,120,625,-40,124,-40" /><INIT seed="5,1,0,2,4,62" ten="1,330,585,84" oya="1" hai0="29,58,21,35,84,127,135,89,122,0,105,39,30" hai1="121,13,52,7,12,16,85,28,69,44,4,11,75" hai2="46,98,68,3,8,86,126,91,50,77,43,133,31" hai3="9,124,73,79,119,112,6,49,97,72,115,128,56"/><U45/><E75/><N who="3" m="28746" /><G119/><T95/><D35/><U108/><E121/><V131/><F68/><W5/><G79/><T116/><D116/><U96/><E69/><V15/><F3/><W41/><G128/><T88/><D0/><U17/><E28/><N who="0" m="10857" /><D39/><U104/><E108/><V107/><F133/><W23/><G124/><T42/><D105/><U111/><E111/><V32/><F131/><W25/><G97/><N who="0" m="57575" /><D127/><U103/><E85/><V82/><F126/><W55/><G41/><T132/><D42/><U53/><E44/><V26/><F107/><W123/><G123/><T38/><D38/><U40/><E7/><V51/><F98/><W134/><G134/><N who="0" m="51243" /><D122/><U27/><E27/><V109/><F109/><W61/><G61/><T70/><D70/><U90/><E90/><V10/><F91/><W48/><G48/><T117/><D117/><U63/><E63/><V2/><F2/><W71/><G71/><T83/><D21/><U113/><E113/><V81/><F50/><W24/><G24/><T36/><D36/><U74/><E74/><V33/><F32/><W101/><G101/><T57/><AGARI ba="1,0" hai="57,58,83,84,89" m="51243,57575,10857" machi="57" ten="30,2000,0" yaku="20,1,54,1" doraHai="62" who="0" fromWho="0" sc="1,23,330,-11,585,-6,84,-6" /><INIT seed="6,0,0,5,2,1" ten="24,319,579,78" oya="2" hai0="129,126,123,20,74,25,73,7,40,37,17,108,28" hai1="115,32,103,133,122,90,87,85,69,113,65,67,111" hai2="18,35,14,54,130,48,99,91,38,82,94,62,119" hai3="124,89,131,107,100,12,128,53,101,19,42,8,0"/><V78/><F38/><W77/><G77/><T75/><D123/><U2/><E32/><V110/><F130/><N who="3" m="49707" /><G42/><T116/><D108/><U92/><E2/><V13/><F35/><W51/><G124/><T58/><D129/><U125/><E111/><V93/><F119/><W84/><G107/><T102/><D126/><U95/><E69/><V57/><F94/><N who="3" m="54567" /><G0/><T64/><D102/><U6/><E90/><V55/><F18/><W44/><AGARI ba="0,0" hai="8,12,19,44,51,53,100,101" m="54567,49707" machi="44" ten="30,1100,0" yaku="19,1" doraHai="1" who="3" fromWho="3" sc="24,-3,319,-3,579,-5,78,11" /><INIT seed="7,0,0,3,0,131" ten="21,316,574,89" oya="3" hai0="135,33,73,126,109,56,59,78,27,32,39,114,98" hai1="111,107,95,77,84,134,23,5,21,115,82,65,75" hai2="46,22,94,19,130,10,132,90,6,16,57,58,102" hai3="128,70,18,13,110,125,31,40,69,100,11,74,12"/><W88/><G74/><T118/><D109/><U117/><E107/><V17/><F132/><W38/><G110/><T71/><D118/><U20/><E134/><V2/><F130/><W43/><G128/><T47/><D71/><U127/><E111/><V81/><F46/><W63/><G31/><T34/><D135/><U80/><E65/><V37/><F37/><W1/><G1/><T4/><D73/><U116/><E115/><V61/><F81/><W91/><G125/><T44/><D114/><U3/><E95/><V119/><F102/><W51/><G40/><T122/><D39/><U112/><E112/><V25/><F57/><W113/><G38/><T8/><D34/><U41/><E41/><V87/><F119/><W96/><G113/><T42/><D33/><U97/><E97/><V72/><F72/><W15/><G70/><T53/><D122/><U26/><E127/><V103/><F103/><W76/><G76/><T28/><D126/><U35/><E5/><V60/><F60/><W105/><G69/><T55/><D78/><U86/><E3/><V48/><F48/><W120/><G120/><T29/><D98/><U106/><E106/><V30/><F30/><W0/><G0/><T89/><D89/><N who="1" m="51335" /><E75/><V68/><F68/><W108/><G108/><T62/><D29/><U129/><E129/><V92/><F94/><W52/><G63/><T83/><D42/><U14/><E14/><N who="3" m="5738" /><G43/><T67/><D67/><AGARI ba="0,0" hai="2,6,10,16,17,19,22,25,58,61,67,87,90,92" machi="67" ten="30,2000,0" yaku="7,1,54,1" doraHai="131" who="2" fromWho="0" sc="21,-20,316,0,574,20,89,0" owari="1,-50.0,316,12.0,594,69.0,89,-31.0" /></mjloggm>