<mjloggm ver="2.3"><GO type="41" lobby="0"/><UN n0="%59%61%74%69" n1="%E9%9B%BB%E6%B0%97%E5%B1%8B%E3%81%95%E3%82%93" n2="%E6%B0%B7%E4%BA%BA%E9%96%93" n3="%E2%93%9D%53%75%70%68%78" dan="14,14,13,17" rate="1957.38,1937.62,1902.46,2038.74" sx="M,M,M,M"/><TAIKYOKU oya="0"/><INIT seed="0,0,0,0,4,112" ten="250,250,250,250" oya="0" hai0="59,103,128,36,94,28,7,5,90,63,113,57,92" hai1="82,0,2,53,12,69,37,97,16,81,35,45,116" hai2="109,24,77,135,55,18,122,17,83,65,9,62,56" hai3="106,121,129,95,13,33,10,1,46,87,132,115,105"/><T104/><D104/><U78/><E69/><V64/><F122/><W74/><G74/><T108/><D36/><U48/><E116/><V42/><F42/><W102/><G1/><T43/><D43/><U118/><E118/><V31/><F109/><W40/><G129/><T68/><D113/><U131/><E131/><V50/><F135/><W51/><G33/><T47/><D47/><U86/><E35/><V52/><F55/><W49/><G115/><T85/><D68/><U34/><E34/><V41/><F41/><W93/><G132/><T111/><D28/><U26/><E26/><V6/><F50/><W125/><G125/><T3/><D59/><U96/><E37/><V39/><F39/><W11/><G121/><T70/><D70/><U29/><E29/><V134/><F134/><W60/><G60/><T21/><D21/><N who="1" m="11399" /><E2/><V120/><F120/><W117/><G117/><T89/><D103/><U114/><E0/><V72/><F18/><W101/><G40/><T30/><D30/><U99/><E114/><V88/><F17/><W124/><G13/><T27/><D27/><U107/><E107/><V76/><F24/><W75/><G75/><T119/><D119/><U133/><E133/><V44/><F31/><W84/><REACH who="3" step="1"/><G124/><REACH who="3" ten="250,250,250,240" step="2"/><T38/><D128/><U15/><E15/><N who="2" m="5559" /><F72/><W98/><G98/><N who="0" m="57615" /><D3/><U110/><E110/><N who="0" m="42025" /><D38/><U54/><E99/><V8/><F62/><W22/><G22/><T71/><D71/><U126/><E126/><V73/><F8/><W67/><G67/><AGARI ba="0,1" hai="5,7,57,63,67,85,90,94" m="42025,57615" machi="67" ten="30,2900,0" yaku="14,1,10,1" doraHai="112" who="0" fromWho="3" sc="250,39,250,0,250,0,240,-29" /><INIT seed="0,1,0,2,2,128" ten="289,250,250,211" oya="0" hai0="43,59,110,21,113,8,30,19,90,101,92,28,87" hai1="66,77,51,127,68,132,3,39,37,65,47,91,20" hai2="111,69,34,60,46,98,93,78,23,99,64,40,104" hai3="53,122,85,6,106,79,52,95,31,71,135,114,102"/><T74/><D74/><U24/><E3/><V112/><F34/><W119/><G114/><T126/><D113/><U42/><E77/><V73/><F112/><W33/><G119/><T9/><D43/><U115/><E115/><V100/><F111/><W67/><G6/><T131/><D131/><U130/><E130/><V88/><F23/><W105/><G122/><T26/><D126/><U32/><E127/><V38/><F78/><W0/><G0/><T41/><D41/><U61/><E32/><V55/><F73/><W7/><G7/><T103/><D110/><U134/><E91/><V82/><F82/><W97/><G106/><T118/><D118/><U22/><E22/><V89/><F55/><W125/><G125/><T94/><D59/><N who="1" m="37055" /><E20/><V27/><REACH who="2" step="1"/><F89/><REACH who="2" ten="289,250,240,211" step="2"/><W48/><G79/><T84/><D21/><U11/><E24/><AGARI ba="1,1" hai="24,27,38,40,46,60,64,69,88,93,98,99,100,104" machi="24" ten="40,5200,0" yaku="1,1,2,1,54,1,53,0" doraHai="128" doraHaiUra="14" who="2" fromWho="1" sc="289,0,250,-55,240,65,211,0" /><INIT seed="1,0,0,4,5,3" ten="289,195,305,211" oya="1" hai0="15,93,89,54,13,41,14,67,44,99,29,22,75" hai1="6,4,112,30,60,43,10,103,51,18,123,65,23" hai2="102,118,126,120,71,61,130,114,78,36,111,74,104" hai3="45,37,116,24,25,39,98,34,9,2,106,38,96"/><U17/><E112/><V101/><F61/><W40/><G116/><T69/><D75/><U132/><E132/><V125/><F78/><W53/><G53/><T1/><D1/><U31/><E123/><V124/><F101/><N who="3" m="62759" /><G25/><T63/><D54/><U90/><E103/><V26/><F26/><W11/><G11/><T121/><D121/><U85/><E51/><V100/><F102/><W117/><G98/><T77/><D77/><U105/><E105/><V58/><F58/><W28/><G117/><T42/><D44/><U46/><E46/><V107/><F100/><W50/><G50/><T27/><AGARI ba="0,0" hai="13,14,15,22,27,29,41,42,63,67,69,89,93,99" machi="27" ten="30,1100,0" yaku="0,1" doraHai="3" who="0" fromWho="0" sc="289,11,195,-5,305,-3,211,-3" /><INIT seed="2,0,0,4,4,113" ten="300,190,302,208" oya="2" hai0="8,57,125,84,42,135,100,28,123,18,119,70,20" hai1="87,59,108,58,99,85,92,14,34,4,41,132,51" hai2="2,110,26,29,45,46,48,97,134,5,93,64,103" hai3="131,67,17,91,35,81,130,102,120,133,128,33,79"/><V75/><F75/><W127/><G120/><T69/><D125/><U124/><E34/><V95/><F134/><W115/><G115/><T126/><D126/><U52/><E108/><V80/><F64/><W27/><G127/><T77/><D100/><U24/><E132/><V83/><F110/><W6/><G6/><T101/><D101/><U73/><E73/><V3/><F95/><W104/><G91/><T32/><D42/><U89/><E41/><V82/><F5/><W11/><G67/><T36/><D36/><U39/><E39/><V50/><F50/><W40/><G40/><T38/><D8/><N who="1" m="4359" /><E124/><V65/><F65/><W1/><G1/><T61/><D38/><U96/><E24/><V47/><REACH who="2" step="1"/><F48/><REACH who="2" ten="300,190,292,208" step="2"/><W86/><G133/><T54/><D135/><U76/><E59/><V15/><F15/><N who="3" m="7423" /><G27/><T106/><D57/><U55/><E55/><V53/><F53/><W74/><G74/><T112/><D54/><U66/><E66/><V0/><F0/><W9/><G104/><T62/><D106/><U19/><E51/><V31/><F31/><W13/><G102/><T118/><D112/><U63/><E19/><V21/><AGARI ba="0,1" hai="2,3,21,26,29,45,46,47,80,82,83,93,97,103" machi="21" ten="30,3000,0" yaku="1,1,0,1,53,0" doraHai="113" doraHaiUra="72" who="2" fromWho="2" sc="300,-10,190,-10,292,40,208,-10" /><INIT seed="2,1,0,1,0,112" ten="290,180,332,198" oya="2" hai0="7,132,84,74,0,58,96,15,99,86,44,21,80" hai1="101,98,49,69,29,41,17,130,90,77,131,33,83" hai2="73,72,57,127,4,79,23,66,117,67,46,78,116" hai3="120,102,38,24,64,115,59,14,16,37,89,135,61"/><V3/><F46/><W28/><G120/><T42/><D0/><U52/><E69/><V92/><F92/><W118/><G115/><T25/><D74/><N who="2" m="28778" /><F23/><W11/><G135/><T94/><D84/><N who="1" m="48239" /><E33/><V12/><F12/><W54/><G118/><N who="2" m="45673" /><F57/><W76/><G102/><T18/><D58/><U55/><E101/><V31/><F3/><W114/><G114/><T103/><D96/><U20/><E98/><V45/><F45/><W39/><G76/><N who="2" m="29225" /><F31/><W19/><G28/><T110/><D15/><U113/><E20/><V81/><F81/><W9/><G14/><T1/><D1/><U51/><E29/><V35/><F35/><W108/><G59/><T13/><D13/><U60/><E113/><V106/><F4/><W105/><G19/><T100/><D7/><U48/><E17/><V122/><F127/><W30/><G30/><T2/><D2/><U121/><E51/><V85/><F85/><W109/><G16/><T36/><D86/><U6/><E49/><V125/><F125/><W123/><G39/><T91/><D36/><U71/><E48/><V129/><F129/><W107/><G38/><T134/><D21/><U63/><E6/><V68/><F68/><W26/><G37/><T70/><D80/><U5/><E5/><V27/><F27/><W87/><G26/><T93/><D70/><U40/><E71/><V8/><F8/><W34/><G24/><T47/><D25/><U126/><E130/><V53/><F53/><W32/><G54/><T56/><D18/><U124/><E131/><V95/><F95/><W75/><G34/><T22/><D94/><RYUUKYOKU ba="1,0" sc="290,0,180,0,332,0,198,0" /><INIT seed="3,2,0,5,2,28" ten="290,180,332,198" oya="3" hai0="58,87,41,62,128,33,114,110,0,86,111,73,61" hai1="66,119,109,20,107,23,13,35,88,64,2,78,95" hai2="132,48,25,102,117,113,103,24,57,92,67,70,127" hai3="75,84,121,39,80,9,51,54,91,108,123,50,115"/><W56/><G115/><T96/><D73/><U130/><E107/><V43/><F113/><W53/><G39/><T79/><D0/><U31/><E2/><V85/><F117/><W49/><G108/><T7/><D7/><U76/><E109/><V38/><F38/><W120/><G75/><T27/><D41/><U34/><E31/><V82/><F70/><W26/><G26/><T100/><D79/><N who="1" m="30251" /><E13/><V77/><F132/><W55/><REACH who="3" step="1"/><G9/><REACH who="3" ten="290,180,332,188" step="2"/><T18/><D27/><U32/><E119/><V11/><F11/><W125/><G125/><T44/><D114/><U16/><E130/><V21/><F127/><W22/><G22/><N who="1" m="8234" /><E16/><V63/><F21/><W124/><G124/><T104/><D18/><U122/><E122/><V15/><F25/><W71/><G71/><T89/><D128/><U116/><E116/><V129/><F24/><W106/><G106/><T134/><D104/><U133/><E133/><V131/><F131/><W101/><G101/><T99/><D100/><U47/><E32/><V8/><F129/><W72/><G72/><T30/><D134/><U81/><E34/><V40/><F103/><W1/><G1/><T5/><D33/><U10/><E35/><V46/><F102/><W42/><G42/><T17/><D110/><U36/><E10/><V93/><F43/><W105/><G105/><T59/><D17/><AGARI ba="2,1" hai="8,15,17,40,46,48,57,63,67,77,82,85,92,93" machi="17" ten="30,2000,0" yaku="7,1,8,1" doraHai="28" who="2" fromWho="0" sc="290,-26,180,0,332,36,188,0" /><INIT seed="4,0,0,4,4,96" ten="264,180,368,188" oya="0" hai0="108,122,15,134,66,22,93,30,99,64,120,39,126" hai1="32,9,68,95,85,60,17,54,27,52,82,50,92" hai2="94,67,51,59,36,79,6,111,25,63,131,123,130" hai3="107,76,1,44,84,35,58,102,118,97,119,70,74"/><T45/><D126/><U90/><E32/><V127/><F123/><W114/><G58/><T98/><D134/><U112/><E112/><V113/><F36/><W103/><G1/><T53/><D108/><U20/><E9/><V21/><F111/><W7/><G7/><T110/><D110/><U104/><E104/><V4/><F79/><W89/><G44/><T132/><D132/><U105/><E105/><V16/><F113/><W129/><G70/><T117/><D99/><U0/><E0/><V46/><F94/><N who="3" m="54567" /><G35/><T33/><D33/><U71/><E71/><V81/><F81/><N who="3" m="45207" /><G129/><N who="2" m="49161" /><F127/><W34/><G34/><T49/><D117/><N who="3" m="44553" /><G103/><T61/><D39/><U128/><E128/><V24/><F24/><W38/><G38/><T56/><D66/><U11/><E11/><V37/><F37/><W2/><G2/><T73/><D15/><U124/><E68/><V62/><F62/><W86/><G86/><T42/><D42/><AGARI ba="0,0" hai="4,6,16,21,25,42,46,51,59,63,67" m="49161" machi="42" ten="30,2000,0" yaku="19,1,54,1" doraHai="96" who="2" fromWho="0" sc="264,-20,180,0,368,20,188,0" /><INIT seed="5,0,0,5,1,35" ten="244,180,388,188" oya="1" hai0="100,125,77,109,95,38,71,52,4,86,76,102,26" hai1="27,36,21,25,117,48,31,124,3,42,99,83,120" hai2="129,2,67,32,70,121,103,80,82,62,123,63,115" hai3="133,69,47,111,131,60,17,30,119,113,84,73,9"/><U65/><E117/><V28/><F129/><W1/><G111/><T122/><D71/><U51/><E120/><V114/><F103/><W127/><G73/><T34/><D122/><U88/><E124/><V110/><F110/><W90/><G30/><T55/><D38/><U72/><E65/><V74/><F63/><W85/><G133/><T105/><D105/><U53/><E36/><V18/><F18/><W57/><G113/><N who="2" m="43017" /><F2/><W20/><G69/><T58/><D34/><U81/><E3/><V10/><F10/><W39/><G131/><T116/><D109/><U40/><E72/><V29/><F29/><W19/><G19/><T46/><D100/><U66/><E66/><V112/><F112/><W75/><G75/><T23/><D102/><U87/><E27/><N who="2" m="18463" /><F82/><W45/><G127/><T78/><D125/><U59/><E81/><V6/><F6/><W104/><G104/><T61/><D4/><U50/><REACH who="1" step="1"/><E99/><REACH who="1" ten="244,170,388,188" step="2"/><V93/><F74/><W118/><G118/><T44/><D116/><U15/><E15/><V101/><F80/><W91/><G119/><T16/><D55/><U43/><AGARI ba="0,1" hai="21,25,31,40,42,43,48,50,51,53,59,83,87,88" machi="43" ten="30,11700,0" yaku="1,1,0,1,8,1,54,1,53,0" doraHai="35" doraHaiUra="89" who="1" fromWho="1" sc="244,-39,170,127,388,-39,188,-39" /><INIT seed="5,1,0,2,4,49" ten="205,297,349,149" oya="1" hai0="78,80,48,27,43,52,102,45,67,46,96,81,129" hai1="86,51,36,93,3,33,24,4,10,76,66,6,128" hai2="111,131,68,71,79,99,18,84,95,0,122,15,134" hai3="54,133,124,60,42,57,126,83,16,82,88,41,1"/><U100/><E36/><V89/><F111/><W64/><G1/><T91/><D129/><U92/><E128/><V118/><F122/><W74/><G133/><T14/><D67/><U107/><E6/><V113/><F0/><W40/><G74/><T56/><D27/><U132/><E132/><V110/><F110/><W109/><G109/><T97/><D91/><U119/><E66/><V123/><F123/><W59/><G16/><T35/><D35/><U28/><E119/><V125/><F118/><W62/><REACH who="3" step="1"/><G88/><REACH who="3" ten="205,297,349,139" step="2"/><T38/><D78/><U13/><E76/><V90/><F89/><W39/><G39/><T104/><D97/><U20/><E86/><V63/><F90/><W9/><G9/><T120/><D120/><U127/><E127/><AGARI ba="1,1" hai="40,41,42,54,57,59,60,62,64,82,83,124,126,127" machi="127" ten="40,12000,2" yaku="1,1,18,1,52,1,53,3" doraHai="49" doraHaiUra="37" who="3" fromWho="1" sc="205,0,297,-123,349,0,139,133" /><INIT seed="6,0,0,4,3,6" ten="205,174,349,272" oya="2" hai0="24,123,79,39,102,41,121,12,125,57,63,118,69" hai1="100,9,14,110,81,66,20,72,17,29,83,18,30" hai2="1,103,77,104,23,124,108,46,8,58,13,115,16" hai3="0,92,113,84,61,11,73,10,55,51,53,133,131"/><V97/><F115/><W42/><G73/><T87/><D118/><U49/><E110/><V82/><F124/><W27/><G0/><T56/><D69/><U4/><E100/><V50/><F58/><N who="3" m="35023" /><G131/><T114/><D114/><U76/><E66/><V130/><F130/><W15/><G133/><T116/><D116/><U91/><E18/><V86/><F108/><W65/><G42/><T96/><D125/><U54/><E91/><V90/><F90/><N who="3" m="53319" /><G65/><T129/><D41/><U5/><E83/><V101/><F101/><W68/><G68/><T111/><D111/><U38/><E4/><V80/><F1/><W28/><G15/><T128/><D12/><U21/><E38/><V109/><F109/><W85/><G85/><T74/><D39/><U48/><E48/><V59/><F82/><W47/><G113/><T26/><D74/><U126/><E126/><V31/><F50/><W132/><G132/><T106/><D123/><U94/><E94/><V105/><F104/><W19/><G28/><T70/><D121/><U67/><E67/><V89/><F105/><W107/><G107/><T43/><D70/><U44/><REACH who="1" step="1"/><E5/><REACH who="1" ten="205,164,349,272" step="2"/><N who="2" m="3215" /><F103/><W117/><G117/><T122/><D102/><U75/><E75/><V127/><F127/><W135/><G135/><T3/><D106/><U25/><E25/><V2/><F31/><AGARI ba="0,1" hai="9,14,17,20,21,29,30,31,44,49,54,72,76,81" machi="31" ten="40,2600,0" yaku="1,1,52,1,53,0" doraHai="6" doraHaiUra="112" who="1" fromWho="2" sc="205,0,164,36,349,-26,272,0" /><INIT seed="7,0,0,2,1,9" ten="205,200,323,272" oya="3" hai0="53,115,97,13,31,49,103,118,69,8,116,91,32" hai1="73,15,75,30,12,22,71,57,102,55,16,7,14" hai2="94,41,87,28,66,20,59,54,44,23,27,5,19" hai3="124,4,68,99,107,11,120,39,36,127,82,79,38"/><W85/><G120/><T76/><D69/><U84/><E71/><V67/><F5/><W1/><G68/><T105/><D115/><U98/><E30/><V96/><F87/><W104/><REACH who="3" step="1"/><G99/><REACH who="3" ten="205,200,323,262" step="2"/><T78/><D97/><U92/><E84/><V108/><F96/><W93/><G93/><T101/><D105/><AGARI ba="0,1" hai="1,4,11,36,38,39,79,82,85,104,105,107,124,127" machi="105" ten="50,2400,0" yaku="1,1,53,0" doraHai="9" doraHaiUra="48" who="3" fromWho="0" sc="205,-24,200,0,323,0,262,34" /><INIT seed="7,1,0,0,5,116" ten="181,200,323,296" oya="3" hai0="128,9,93,74,105,68,13,83,95,102,133,82,130" hai1="67,25,12,129,104,49,29,86,39,69,4,58,51" hai2="57,60,111,15,124,2,78,106,134,40,10,81,118" hai3="30,35,44,110,64,84,87,98,54,53,115,94,100"/><W108/><G64/><T32/><D32/><U99/><E39/><V97/><F111/><N who="3" m="42539" /><G115/><T96/><D68/><U24/><E24/><V85/><F2/><W71/><G71/><T55/><D55/><N who="3" m="21001" /><G44/><T72/><D13/><U119/><E58/><V16/><F118/><W135/><G135/><T120/><D9/><U18/><E12/><V112/><F134/><W131/><G131/><N who="0" m="50219" /><D120/><U61/><E67/><V91/><F112/><W89/><G100/><T3/><D3/><U7/><E69/><V88/><F40/><W34/><G30/><T77/><D133/><U47/><E29/><V26/><F124/><W122/><G122/><T46/><D46/><U101/><E47/><V62/><F106/><W52/><G52/><T113/><D113/><U28/><E104/><V92/><F57/><W103/><G87/><T38/><D38/><U63/><E49/><V65/><F65/><W43/><G43/><T73/><D73/><U107/><E51/><V114/><F114/><W1/><G1/><T127/><D127/><U21/><E61/><N who="2" m="23659" /><F26/><W50/><G50/><T79/><AGARI ba="1,0" hai="72,74,77,79,82,83,93,95,96,102,105" m="50219" machi="79" ten="30,4000,0" yaku="19,1,34,2" doraHai="116" who="0" fromWho="0" sc="181,43,200,-11,323,-11,296,-21" owari="224,-18.0,189,-31.0,312,41.0,275,8.0" /></mjloggm>