<mjloggm ver="2.3"><GO type="41" lobby="0"/><UN n0="%E6%9D%B1%E9%A2%A8%E8%85%90%E6%95%97" n1="%E3%81%A1%E3%82%85%E3%81%BE%E3%81%93" n2="%E2%93%9D%53%75%70%68%78" n3="%E9%9B%80%E4%BB%99" dan="13,14,17,13" rate="1884.28,1936.96,2033.40,1852.69" sx="M,F,M,M"/><TAIKYOKU oya="0"/><INIT seed="0,0,0,5,4,132" ten="250,250,250,250" oya="0" hai0="42,39,127,93,135,115,47,58,73,134,81,99,130" hai1="85,112,96,110,22,50,90,66,65,59,71,40,133" hai2="25,88,108,30,12,78,38,3,125,80,15,18,128" hai3="84,33,79,21,11,1,67,91,126,32,131,122,113"/><T37/><D115/><U119/><E110/><V20/><F3/><W28/><G113/><T117/><D117/><U2/><E133/><N who="0" m="50697" /><D130/><U41/><E2/><V72/><F38/><W63/><G79/><N who="0" m="44271" /><D58/><U53/><E96/><V29/><F108/><W106/><G106/><T4/><D4/><U14/><E119/><V26/><F128/><W56/><G131/><T104/><D104/><U109/><E71/><V16/><F125/><W111/><G122/><T60/><D60/><U27/><E112/><V5/><F5/><W57/><G111/><T103/><D37/><U121/><E121/><V82/><F30/><W51/><G56/><T61/><D61/><U34/><E34/><V114/><F114/><W77/><G33/><T31/><D31/><U10/><E10/><V123/><F123/><W35/><G32/><T8/><D8/><U94/><E109/><V97/><F29/><W89/><G35/><T64/><D64/><N who="1" m="24683" /><E27/><V83/><F26/><W68/><G11/><T116/><D116/><U6/><E6/><V129/><F129/><W55/><G28/><T74/><D74/><U43/><E43/><V7/><F7/><W86/><G21/><T105/><D105/><U98/><E98/><V95/><F25/><W102/><G1/><T17/><D17/><AGARI ba="0,0" hai="14,17,22,40,41,50,53,59,85,90,94" m="24683" machi="17" ten="30,2000,0" yaku="25,1,8,1" doraHai="132" who="1" fromWho="0" sc="250,-20,250,20,250,0,250,0" /><INIT seed="1,0,0,1,5,126" ten="230,270,250,250" oya="1" hai0="40,29,2,111,60,31,91,35,39,83,74,102,37" hai1="108,123,87,49,96,120,88,92,99,94,109,25,67" hai2="62,124,77,114,100,82,63,134,9,36,128,121,80" hai3="59,47,116,127,45,24,97,113,131,101,104,84,66"/><U15/><E67/><V132/><F121/><N who="1" m="46665" /><E49/><V89/><F36/><W98/><G113/><T69/><D40/><U7/><E25/><V130/><F114/><W43/><G127/><T68/><D60/><N who="2" m="23082" /><F124/><W81/><G66/><T78/><D91/><N who="1" m="55327" /><E15/><V110/><F110/><N who="1" m="42601" /><E7/><V46/><F46/><W38/><G47/><T90/><D111/><U52/><E52/><V70/><F70/><W107/><G45/><T14/><D14/><U44/><E44/><V64/><F64/><W32/><G24/><T79/><D35/><U1/><E1/><V115/><F115/><W12/><G32/><T16/><D2/><U56/><E56/><V76/><F9/><W13/><G59/><T85/><D16/><U71/><E71/><V75/><F100/><W18/><G101/><T3/><D3/><U8/><E8/><V119/><F119/><W17/><G38/><T103/><D69/><U122/><N who="1" m="46673" /><U11/><DORA hai="73" /><E11/><V50/><F50/><W20/><G43/><T41/><D41/><U26/><E26/><V42/><F42/><W112/><G112/><T105/><D68/><U117/><E117/><V28/><F28/><W72/><G12/><T30/><D39/><U23/><E23/><V53/><F53/><W48/><G20/><T34/><D37/><U93/><E93/><V129/><F89/><W54/><G54/><T57/><D74/><AGARI ba="0,0" hai="74,75,76,77,80,82,128,129,130,132,134" m="23082" machi="74" ten="40,12000,2" yaku="19,1,52,5" doraHai="126,73" who="2" fromWho="0" sc="230,-120,270,0,250,120,250,0" /><INIT seed="2,0,0,1,1,107" ten="110,270,370,250" oya="2" hai0="105,3,56,9,100,98,27,85,55,47,116,57,36" hai1="23,93,91,1,11,96,62,43,12,133,125,86,113" hai2="104,135,38,84,10,109,126,88,124,31,67,120,64" hai3="45,6,14,118,58,103,71,115,5,106,35,99,82"/><V24/><F120/><W80/><G71/><T78/><D116/><U41/><E113/><V114/><F114/><W52/><G118/><T119/><D119/><U132/><E125/><N who="2" m="48235" /><F104/><W33/><G45/><T26/><D57/><U92/><E1/><V13/><F38/><W131/><G131/><T134/><D134/><N who="1" m="51819" /><E62/><V77/><F77/><W30/><G115/><T40/><D85/><U46/><E46/><V72/><F109/><W112/><G112/><T53/><D53/><U69/><E23/><N who="2" m="15775" /><F72/><W51/><G35/><T32/><D55/><U21/><E21/><V79/><F79/><W37/><G37/><T19/><D32/><U73/><E73/><V18/><F135/><W60/><G60/><T50/><D56/><U81/><E93/><AGARI ba="0,0" hai="10,13,18,64,67,84,88,93" m="15775,48235" machi="93" ten="30,2900,0" yaku="18,1,54,1" doraHai="107" who="2" fromWho="1" sc="110,0,270,-29,370,29,250,0" /><INIT seed="2,1,0,5,3,39" ten="110,241,399,250" oya="2" hai0="32,48,133,42,40,90,43,19,92,75,70,134,109" hai1="65,62,3,35,125,81,15,126,22,88,4,29,44" hai2="108,93,61,27,38,115,82,6,74,130,120,101,60" hai3="119,55,128,73,53,94,96,131,105,112,46,31,107"/><V7/><F115/><W8/><G73/><T129/><D75/><U2/><E35/><V132/><F130/><W86/><G119/><T113/><D32/><U71/><E29/><V34/><F132/><N who="0" m="50794" /><D129/><U41/><E125/><V110/><F120/><W14/><G112/><T24/><D113/><U104/><E104/><V124/><F38/><W1/><G1/><T52/><D70/><U72/><E72/><V64/><F124/><W91/><G128/><T77/><D77/><U11/><E22/><V78/><F61/><W0/><G0/><T116/><D116/><U13/><E2/><V68/><F93/><W89/><G31/><T37/><D37/><U76/><E76/><V114/><F101/><W49/><G55/><T25/><D19/><U50/><REACH who="1" step="1"/><E126/><REACH who="1" ten="110,231,399,250" step="2"/><V5/><F114/><W17/><REACH who="3" step="1"/><G131/><REACH who="3" ten="110,231,399,240" step="2"/><T10/><D109/><U16/><E16/><V28/><AGARI ba="1,2" hai="5,6,7,27,28,34,60,64,68,74,78,82,108,110" machi="28" ten="40,2100,0" yaku="0,1" doraHai="39" who="2" fromWho="2" sc="110,-8,231,-8,399,44,240,-8" /><INIT seed="2,2,0,4,2,96" ten="102,223,443,232" oya="2" hai0="91,31,28,63,126,42,125,77,133,5,85,106,97" hai1="47,32,11,6,82,41,135,53,56,66,112,8,74" hai2="62,27,49,104,107,39,15,92,37,131,115,20,103" hai3="121,26,81,87,88,98,134,130,118,67,79,72,71"/><V128/><F115/><W45/><G121/><T100/><D5/><U108/><E135/><V99/><F15/><W89/><G118/><T30/><D42/><U46/><E112/><V109/><F49/><W78/><G130/><N who="2" m="49705" /><F62/><W4/><G134/><T129/><D133/><U68/><E32/><V110/><F39/><W50/><G4/><T127/><D77/><U80/><E46/><V101/><F37/><W55/><G26/><T117/><D117/><U33/><E33/><V70/><F70/><W18/><G18/><T73/><D73/><U86/><E6/><V83/><F83/><W65/><G71/><T58/><D129/><U7/><E7/><V124/><F124/><W29/><G72/><T132/><D132/><U34/><E34/><V1/><F1/><W17/><G67/><T12/><D12/><U64/><E68/><V105/><F103/><W10/><G65/><T59/><REACH who="0" step="1"/><D63/><REACH who="0" ten="92,223,443,232" step="2"/><U44/><E41/><V16/><AGARI ba="2,1" hai="16,20,27,92,99,101,104,105,107,109,110" m="49705" machi="16" ten="40,7800,0" yaku="19,1,52,1,54,1" doraHai="96" who="2" fromWho="2" sc="92,-28,223,-28,443,94,232,-28" /><INIT seed="2,3,0,1,0,39" ten="64,195,537,204" oya="2" hai0="121,32,82,10,115,4,100,12,108,134,133,50,57" hai1="75,54,81,113,97,99,130,71,106,76,126,104,58" hai2="112,33,28,24,41,90,20,13,17,105,119,128,123" hai3="19,22,36,85,59,2,9,46,101,60,72,42,95"/><V16/><F105/><W25/><G72/><T1/><D121/><U49/><E126/><V11/><F41/><W15/><G2/><T135/><D115/><U77/><E130/><V61/><F123/><W87/><G101/><T125/><D100/><U45/><E71/><V6/><F119/><W74/><G95/><T40/><D57/><U23/><E113/><V94/><F112/><W51/><G36/><T8/><D125/><U83/><E23/><V109/><F109/><W92/><G92/><T65/><D65/><U132/><E132/><V93/><F128/><W31/><REACH who="3" step="1"/><G74/><REACH who="3" ten="64,195,537,194" step="2"/><T98/><D108/><U34/><E104/><V70/><F94/><W110/><G110/><T0/><D0/><U21/><E106/><V79/><F93/><W67/><AGARI ba="3,1" hai="9,15,19,22,25,31,42,46,51,59,60,67,85,87" machi="67" ten="20,8000,1" yaku="1,1,0,1,7,1,8,1,52,1,53,0" doraHai="39" doraHaiUra="127" who="3" fromWho="3" sc="64,-23,195,-23,537,-43,194,99" /><INIT seed="3,0,0,2,3,109" ten="41,172,494,293" oya="3" hai0="41,56,116,44,15,129,87,21,104,53,75,123,27" hai1="91,86,89,127,121,108,113,7,12,135,72,48,110" hai2="76,38,1,81,45,128,132,58,79,17,22,11,93" hai3="83,77,67,73,63,101,2,118,78,39,37,94,106"/><W90/><G2/><T115/><D104/><U130/><E7/><V74/><F132/><W85/><G77/><T131/><D75/><U23/><E48/><V61/><F128/><W88/><G90/><T126/><D15/><U25/><E12/><V6/><F93/><W28/><G28/><T60/><D87/><U26/><E86/><V69/><F69/><N who="3" m="42239" /><G118/><T114/><D116/><U124/><E23/><V125/><F125/><W10/><G10/><T16/><D123/><U55/><E72/><V13/><F79/><W134/><G134/><T54/><D54/><U31/><E135/><V99/><F99/><AGARI ba="0,0" hai="37,39,73,78,83,85,88,94,99,101,106" m="42239" machi="99" ten="30,2900,0" yaku="24,1,54,1" doraHai="109" who="3" fromWho="2" sc="41,0,172,0,494,-29,293,29" /><INIT seed="3,1,0,1,1,77" ten="41,172,465,322" oya="3" hai0="106,6,0,70,30,31,46,64,110,133,85,91,88" hai1="13,27,78,82,37,74,119,101,45,66,67,76,20" hai2="105,3,33,34,24,98,11,108,71,49,121,25,126" hai3="95,55,87,42,22,102,109,50,19,80,43,135,28"/><W93/><G28/><T29/><D106/><U41/><E101/><V62/><F108/><W73/><G73/><T48/><D110/><U60/><E119/><V38/><F38/><W23/><G23/><T104/><D104/><U124/><E124/><V127/><F121/><W4/><G4/><T5/><D0/><U35/><E35/><V14/><F3/><W118/><G118/><T103/><D103/><U96/><E96/><V107/><F49/><W113/><G135/><T68/><D64/><U8/><E76/><V128/><F128/><W79/><G113/><T122/><D122/><U99/><E99/><V56/><F71/><W112/><G112/><T100/><D100/><U83/><E60/><V47/><F47/><N who="3" m="28127" /><G109/><T53/><D91/><U39/><E82/><V44/><F34/><W81/><G81/><N who="0" m="49199" /><D70/><U131/><E39/><V94/><F33/><W120/><G120/><T15/><D68/><U12/><E12/><V114/><F114/><W63/><G63/><T59/><D133/><U36/><E131/><V97/><F127/><W54/><G102/><T51/><D15/><U111/><E37/><V61/><F107/><W40/><G54/><AGARI ba="1,0" hai="5,6,29,30,31,46,48,51,53,54,59" m="49199" machi="54" ten="30,3900,0" yaku="8,1,52,1,54,1" doraHai="77" who="0" fromWho="3" sc="41,42,172,0,465,0,322,-42" /><INIT seed="4,0,0,4,5,16" ten="83,172,465,280" oya="0" hai0="115,34,72,127,46,126,61,19,97,79,106,54,94" hai1="108,28,12,43,52,63,83,74,91,10,66,133,102" hai2="77,107,104,6,49,7,117,68,96,33,89,112,111" hai3="51,5,129,85,124,44,119,78,101,53,45,103,122"/><T50/><D106/><U56/><E108/><V114/><F111/><W128/><G119/><T41/><D34/><U38/><E133/><V67/><F77/><W20/><G124/><N who="0" m="47659" /><D72/><U1/><E102/><V36/><F67/><W71/><G71/><T132/><D79/><U80/><E28/><V59/><F59/><W93/><G122/><T39/><D132/><U131/><E131/><N who="3" m="50250" /><G5/><T18/><D115/><U29/><E29/><V8/><F36/><W121/><G45/><N who="0" m="27983" /><D61/><U3/><E80/><V27/><F107/><W82/><G121/><T58/><D58/><U87/><E74/><V11/><F104/><W65/><G65/><T84/><D84/><U123/><E123/><V23/><F114/><W13/><G93/><T62/><D62/><U2/><E43/><V99/><F33/><W76/><G76/><T90/><AGARI ba="0,0" hai="18,19,39,41,46,90,94,97" m="27983,47659" machi="90" ten="30,1500,0" yaku="18,1" doraHai="16" who="0" fromWho="0" sc="83,15,172,-5,465,-5,280,-5" /><INIT seed="4,1,0,2,4,80" ten="98,167,460,275" oya="0" hai0="54,84,132,12,77,115,87,94,72,57,2,81,16" hai1="126,30,31,25,41,27,58,128,97,101,1,130,82" hai2="66,112,103,26,91,100,29,4,36,39,42,32,7" hai3="6,63,116,79,95,22,98,123,20,14,59,70,104"/><T135/><D2/><U65/><E126/><V5/><F112/><W11/><G116/><T62/><D115/><U53/><E1/><V125/><F66/><W10/><G70/><T127/><D127/><U74/><E41/><V49/><F125/><W50/><G104/><T93/><D93/><U83/><E74/><V86/><F49/><W99/><G99/><T108/><D108/><U3/><E3/><V89/><F89/><W47/><G79/><T17/><D17/><U33/><E65/><V0/><F0/><W117/><G11/><T111/><D111/><U122/><E122/><V48/><F48/><W131/><G131/><T43/><D43/><U35/><E128/><V55/><F55/><W121/><G117/><T9/><REACH who="0" step="1"/><D94/><REACH who="0" ten="88,167,460,275" step="2"/><U45/><E130/><V88/><F42/><N who="3" m="24951" /><G123/><T40/><D40/><U114/><E114/><V69/><F7/><W106/><G121/><T64/><D64/><U134/><E45/><V119/><F5/><W60/><G106/><T21/><D21/><U19/><E19/><V73/><F4/><W107/><G107/><T38/><D38/><U85/><E35/><V71/><F39/><W113/><G113/><T52/><D52/><U67/><E33/><V90/><F36/><W34/><G34/><T102/><D102/><U56/><E67/><V8/><F103/><N who="3" m="60895" /><G22/><T75/><D75/><U44/><E101/><V124/><F100/><W37/><G20/><T129/><D129/><U24/><E31/><V23/><F124/><W76/><G37/><T13/><D13/><U110/><E30/><V96/><F29/><W133/><G14/><RYUUKYOKU ba="1,1" sc="88,30,167,-10,460,-10,275,-10" hai0="9,12,16,54,57,62,72,77,81,84,87,132,135" /><INIT seed="4,2,1,0,1,34" ten="118,157,450,265" oya="0" hai0="77,135,106,54,45,38,2,129,84,89,35,8,98" hai1="83,131,121,53,30,133,12,132,55,134,92,7,91" hai2="6,88,79,104,65,66,5,90,122,3,11,61,117" hai3="59,18,107,44,32,75,126,95,103,33,99,17,37"/><T31/><D135/><U100/><E121/><V81/><F104/><W47/><G75/><T10/><D129/><U123/><E123/><V48/><F122/><W96/><G126/><T71/><D54/><U23/><E131/><V116/><F48/><W24/><G59/><T115/><D10/><U85/><E30/><V114/><F114/><W4/><G4/><N who="0" m="1047" /><D89/><N who="2" m="34410" /><F6/><W80/><G80/><T57/><D57/><U76/><E100/><V124/><F61/><W14/><G44/><T15/><D15/><U94/><E94/><V118/><F124/><W102/><G24/><N who="0" m="18919" /><D84/><AGARI ba="2,1" hai="3,5,11,65,66,79,81,84,116,117,118" m="34410" machi="84" ten="30,3900,0" yaku="12,1,52,1,54,1" doraHai="34" who="2" fromWho="0" sc="118,-45,157,0,450,55,265,0" /><INIT seed="5,0,0,5,4,127" ten="73,157,505,265" oya="1" hai0="80,28,93,75,107,56,51,35,129,0,64,95,135" hai1="34,59,41,39,50,84,102,8,113,15,5,70,9" hai2="31,24,130,30,79,25,92,45,40,72,58,33,133" hai3="49,69,103,52,74,57,122,67,78,17,123,89,60"/><U19/><E70/><V82/><F133/><W110/><G110/><T128/><D0/><U114/><E34/><V126/><F58/><W7/><G7/><T112/><D107/><U16/><E102/><V14/><F92/><W109/><G109/><T6/><D6/><U99/><E99/><V73/><F14/><W85/><G103/><T120/><D120/><U63/><E84/><V42/><F126/><W12/><G78/><N who="0" m="44127" /><D135/><U101/><E39/><V23/><F73/><W116/><G74/><T20/><D35/><U132/><E101/><V44/><F44/><W124/><G116/><T13/><D112/><N who="1" m="43115" /><E132/><V118/><F118/><W81/><REACH who="3" step="1"/><G124/><REACH who="3" ten="73,157,505,255" step="2"/><T27/><D13/><U125/><E125/><V94/><F79/><W71/><G71/><T100/><D100/><U47/><E9/><AGARI ba="0,1" hai="9,12,17,49,52,57,60,67,69,81,85,89,122,123" machi="9" ten="30,7700,0" yaku="1,1,7,1,54,1,53,1" doraHai="127" doraHaiUra="61" who="3" fromWho="1" sc="73,0,157,-77,505,0,255,87" /><INIT seed="6,0,0,2,2,106" ten="73,80,505,342" oya="2" hai0="130,52,51,97,31,115,15,102,77,38,26,124,72" hai1="66,95,58,73,132,134,119,76,113,25,135,99,114" hai2="116,56,87,8,104,55,64,120,53,78,59,82,84" hai3="96,28,122,125,17,117,16,81,43,131,2,74,35"/><V112/><F112/><N who="1" m="43113" /><E119/><V121/><F104/><W42/><G117/><T44/><D115/><U89/><E25/><V70/><F116/><W13/><G2/><T0/><D0/><U24/><E24/><V57/><F70/><W49/><G122/><T85/><D38/><U47/><E47/><V21/><F64/><W109/><G109/><T61/><D15/><U118/><E118/><V108/><F108/><W9/><G125/><T18/><D18/><U100/><E58/><V41/><F41/><W79/><G131/><T33/><D130/><U37/><E66/><V54/><F21/><W88/><G17/><T63/><D124/><U46/><E46/><V69/><F69/><W107/><G49/><T50/><D51/><U14/><E14/><V110/><F110/><W91/><G42/><T67/><D67/><U101/><E37/><V30/><F30/><W65/><G43/><T126/><D126/><U3/><E3/><V80/><F8/><W4/><G65/><T12/><D12/><U90/><E89/><V133/><F133/><W98/><G91/><T20/><D33/><U128/><E128/><V40/><F40/><W92/><G35/><T111/><D111/><U105/><E105/><V10/><F10/><W129/><G129/><T86/><D63/><U36/><E36/><V39/><F39/><W32/><G32/><T68/><D68/><U45/><E45/><V23/><F23/><W83/><G28/><T29/><D29/><U127/><E127/><V22/><F22/><W103/><G107/><N who="0" m="63951" /><D61/><U27/><E27/><V94/><F94/><W19/><G92/><RYUUKYOKU ba="0,0" sc="73,10,80,10,505,10,342,-30" hai0="20,26,31,44,50,52,72,77,85,86" hai1="73,76,90,95,99,100,101,132,134,135" hai2="53,54,55,56,57,59,78,80,82,84,87,120,121" /><INIT seed="6,1,0,1,4,46" ten="83,90,515,312" oya="2" hai0="39,4,40,93,10,118,0,67,22,19,38,14,70" hai1="24,18,105,9,76,80,36,37,106,73,115,110,72" hai2="2,133,124,104,53,92,32,111,29,43,88,135,45" hai3="11,47,97,33,114,112,113,8,107,60,66,21,101"/><V64/><F124/><W90/><G33/><T26/><D118/><U57/><E110/><V5/><F104/><W134/><G134/><T119/><D119/><U78/><E115/><V130/><F130/><W51/><G21/><T16/><D40/><U94/><E57/><V122/><F122/><W69/><G90/><T28/><D93/><U23/><E9/><V1/><F64/><W103/><G103/><T102/><D102/><U34/><E34/><V75/><F75/><W109/><G109/><T3/><D67/><U6/><E6/><V61/><F53/><AGARI ba="1,0" hai="8,11,47,51,53,60,66,69,97,101,107,112,113,114" machi="53" ten="40,5200,0" yaku="15,1,11,1,52,1" doraHai="46" who="3" fromWho="2" sc="83,0,90,0,515,-55,312,55" /><INIT seed="7,0,0,2,2,123" ten="83,90,460,367" oya="3" hai0="61,73,122,67,128,50,17,120,47,51,111,72,53" hai1="38,86,14,94,26,10,135,105,25,27,44,113,98" hai2="84,45,92,108,109,76,54,83,40,55,104,48,58" hai3="31,69,57,66,91,46,21,74,28,33,95,34,56"/><W103/><G74/><T63/><D128/><U32/><E113/><V4/><F104/><W100/><G69/><T36/><D17/><U87/><E32/><V42/><F4/><W64/><G46/><N who="0" m="27863" /><D73/><U110/><E135/><V114/><F114/><W22/><G95/><T80/><D80/><U2/><E105/><V85/><F55/><W129/><REACH who="3" step="1"/><G91/><REACH who="3" ten="83,90,460,357" step="2"/><T35/><D72/><U68/><E68/><V0/><F45/><W43/><G43/><N who="0" m="23015" /><D35/><U81/><E38/><V119/><F42/><W12/><G12/><T49/><D111/><U125/><E110/><V134/><F109/><W29/><G29/><T107/><D107/><U77/><E14/><V90/><F108/><W89/><G89/><T101/><D101/><U20/><E2/><V7/><F40/><W93/><G93/><T16/><D16/><U5/><E44/><V3/><F3/><W131/><AGARI ba="0,1" hai="21,22,28,31,33,34,56,57,64,66,100,103,129,131" machi="131" ten="25,18000,2" yaku="1,1,0,1,22,2,53,2" doraHai="123" doraHaiUra="60" who="3" fromWho="3" sc="83,-60,90,-60,460,-60,357,190" owari="23,-48.0,30,-37.0,400,20.0,547,65.0" /></mjloggm>