<mjloggm ver="2.3"><GO type="41" lobby="0"/><UN n0="%61%72%63%75%61%74%75%73" n1="%E2%93%9D%53%75%70%68%78" n2="%E9%AD%82%E6%B8%A9%E6%B3%89" n3="%E5%8A%A0%E8%97%A4%28%E7%B3%B8%E9%AD%9A%E5%B7%9D%29" dan="13,18,13,14" rate="1906.77,2084.47,1876.91,1868.78" sx="M,M,M,M"/><TAIKYOKU oya="0"/><INIT seed="0,0,0,2,3,41" ten="250,250,250,250" oya="0" hai0="1,130,116,76,31,43,96,53,124,113,34,78,40" hai1="117,111,69,10,17,80,114,51,65,5,83,28,133" hai2="6,47,85,36,30,45,68,38,49,42,115,105,71" hai3="32,52,98,21,18,12,131,128,54,56,123,121,103"/><T16/><D113/><U0/><E117/><V118/><F115/><W58/><G32/><T57/><D1/><U99/><E111/><V106/><F118/><W97/><G103/><T55/><D116/><U127/><E127/><V27/><F6/><W101/><G101/><T39/><D124/><U125/><E133/><V15/><F15/><W72/><G72/><T50/><D96/><N who="3" m="36969" /><G58/><T112/><D112/><U93/><E28/><V29/><F85/><W19/><G56/><T110/><D110/><U59/><E69/><V129/><F129/><N who="3" m="49739" /><G19/><T9/><D130/><U61/><E17/><V79/><F79/><W74/><G74/><T66/><D66/><U88/><E125/><V75/><F75/><W135/><G135/><T107/><D107/><U95/><E114/><V3/><F3/><W13/><G13/><T70/><D70/><U132/><E132/><V87/><F87/><W35/><G35/><T23/><D34/><U64/><E64/><V102/><F102/><W73/><G73/><T94/><D31/><U63/><E63/><V44/><F27/><W46/><G46/><N who="0" m="27863" /><D9/><U122/><E10/><V82/><F82/><W109/><G109/><T48/><D39/><U60/><E65/><V119/><F119/><W24/><G24/><N who="0" m="14439" /><D94/><U11/><E95/><V20/><F106/><W26/><G26/><T25/><D25/><U67/><E67/><V134/><F105/><W8/><G8/><T92/><D92/><U77/><E11/><V22/><F134/><W37/><G37/><T81/><D81/><U104/><E104/><V86/><F36/><W84/><G84/><RYUUKYOKU ba="0,0" sc="250,15,250,-15,250,-15,250,15" hai0="40,43,48,55,57,76,78" hai3="12,18,21,52,54,121,123" /><INIT seed="0,1,0,2,5,80" ten="265,235,235,265" oya="0" hai0="58,64,131,97,107,10,30,22,21,132,52,119,82" hai1="110,60,41,36,101,11,117,87,78,98,46,112,70" hai2="69,37,124,68,113,9,14,94,96,114,103,85,1" hai3="91,8,125,56,66,134,79,122,34,35,118,63,49"/><T43/><D119/><U45/><E117/><V95/><F37/><W120/><G118/><T39/><D132/><U0/><E110/><V102/><F124/><W15/><G79/><T129/><D64/><U108/><E108/><V6/><F68/><W121/><G134/><T25/><D10/><U47/><E112/><V127/><F127/><W65/><G65/><T105/><D21/><U27/><E60/><V90/><F69/><W17/><G125/><T19/><D30/><U24/><E70/><V33/><F33/><W111/><G111/><T88/><D43/><U72/><E72/><V61/><F61/><W13/><G13/><T75/><D39/><U76/><E76/><V81/><F1/><W48/><G91/><T16/><D19/><U20/><E27/><V84/><REACH who="2" step="1"/><F103/><REACH who="2" ten="265,235,225,265" step="2"/><W67/><REACH who="3" step="1"/><G67/><REACH who="3" ten="265,235,225,255" step="2"/><T109/><D109/><U77/><E36/><V44/><F44/><W7/><G7/><T28/><D131/><U104/><E47/><V89/><AGARI ba="1,2" hai="6,9,14,81,84,85,89,90,94,95,96,102,113,114" machi="89" ten="20,8000,1" yaku="1,1,0,1,7,1,52,2,53,0" doraHai="80" doraHaiUra="106" who="2" fromWho="2" sc="265,-41,235,-21,225,103,255,-21" /><INIT seed="1,0,0,0,1,86" ten="224,214,328,234" oya="1" hai0="66,13,42,69,62,118,80,124,107,59,16,108,133" hai1="115,21,102,117,111,77,81,22,99,104,87,27,100" hai2="19,101,7,36,23,123,2,50,75,30,24,74,125" hai3="32,41,90,51,73,49,122,71,63,0,96,4,26"/><U40/><E115/><V3/><F123/><W47/><G73/><T88/><D118/><U132/><E117/><V35/><F36/><W39/><G122/><T103/><D69/><U134/><E40/><V53/><F125/><W119/><G119/><T85/><D124/><U14/><E102/><V106/><F75/><W79/><G79/><T1/><D1/><U11/><E111/><V98/><F74/><W48/><G4/><T55/><D42/><U56/><E56/><V43/><F43/><W34/><G0/><T57/><D133/><N who="1" m="51307" /><E27/><V110/><F110/><W128/><G128/><T127/><D127/><U126/><E126/><V91/><F91/><W121/><G121/><T95/><D107/><U68/><E68/><V28/><F28/><W65/><G26/><T114/><D108/><U129/><E129/><V70/><F70/><W44/><G44/><T130/><D130/><U92/><E104/><V109/><F109/><W76/><G76/><T5/><D5/><AGARI ba="0,0" hai="5,11,14,21,22,77,81,87,92,99,100" m="51307" machi="5" ten="30,1500,0" yaku="20,1" doraHai="86" who="1" fromWho="0" sc="224,-15,214,15,328,0,234,0" /><INIT seed="1,1,0,5,0,80" ten="209,229,328,234" oya="1" hai0="0,33,55,82,114,66,102,96,36,79,2,25,68" hai1="69,31,89,28,63,5,47,43,1,123,46,38,42" hai2="116,129,95,134,32,18,48,100,93,65,119,113,13" hai3="20,45,39,3,26,94,104,133,50,105,97,90,127"/><U15/><E123/><V108/><F32/><W112/><G3/><T62/><D114/><U99/><E1/><V135/><F113/><W111/><G112/><T74/><D55/><U115/><E115/><V106/><F65/><W6/><G39/><T73/><D73/><U7/><E69/><V130/><F108/><W23/><G111/><T88/><D36/><U103/><E63/><V35/><F35/><W59/><G133/><N who="2" m="50697" /><F48/><W122/><G122/><T128/><D128/><N who="2" m="49258" /><F106/><W64/><G6/><T10/><D10/><U78/><E38/><V85/><F85/><W91/><G91/><T72/><D88/><U77/><E89/><V132/><F132/><W49/><G49/><T17/><D74/><U27/><E103/><V83/><F83/><W98/><G98/><T30/><D17/><U71/><E99/><N who="2" m="59503" /><F95/><AGARI ba="1,0" hai="0,2,25,30,33,62,66,68,72,79,82,95,96,102" machi="95" ten="30,1000,0" yaku="7,1" doraHai="80" who="0" fromWho="2" sc="209,13,229,0,328,-13,234,0" /><INIT seed="2,0,0,3,2,123" ten="222,229,315,234" oya="2" hai0="94,41,43,40,20,119,52,75,15,129,69,104,10" hai1="6,47,95,90,38,23,100,22,49,109,110,102,135" hai2="5,7,80,58,89,18,101,122,68,91,121,76,71" hai3="37,124,53,111,70,32,35,117,62,11,83,81,56"/><V88/><F101/><N who="1" m="39017" /><E38/><V67/><F18/><W28/><G117/><T118/><D104/><U108/><E135/><V134/><F134/><W13/><G37/><T96/><D69/><N who="2" m="26698" /><F58/><W44/><G124/><T113/><D113/><U19/><E6/><N who="2" m="2059" /><F67/><W34/><G44/><T42/><D75/><U27/><E19/><V103/><F103/><W60/><G28/><T127/><D127/><U112/><E27/><V17/><F17/><W4/><G70/><T54/><D20/><U133/><E133/><V12/><F12/><W36/><G36/><T51/><D129/><U125/><E112/><V25/><F25/><W114/><G114/><T59/><D54/><N who="1" m="30015" /><E125/><V29/><F29/><W24/><G24/><T16/><N who="0" m="10240" /><DORA hai="79" /><T21/><REACH who="0" step="1"/><D21/><REACH who="0" ten="212,229,315,234" step="2"/><U93/><E93/><V57/><F122/><W31/><G31/><T132/><D132/><U99/><AGARI ba="0,1" hai="22,23,90,95,99,108,109,110" m="30015,39017" machi="99" ten="40,8000,1" yaku="14,1,52,3" doraHai="123,79" who="1" fromWho="1" sc="212,-20,229,90,315,-40,234,-20" /><INIT seed="3,0,0,1,3,79" ten="192,319,275,214" oya="3" hai0="98,81,15,29,114,1,103,135,106,104,8,65,7" hai1="128,42,54,51,125,95,68,19,53,46,41,122,73" hai2="110,97,90,117,11,21,56,36,25,121,63,78,92" hai3="134,18,88,126,66,72,27,13,124,62,99,130,64"/><W96/><G27/><T38/><D135/><U16/><E73/><V43/><F117/><W94/><G72/><T5/><D38/><U2/><E2/><V74/><F121/><W30/><G30/><T82/><D106/><U37/><E122/><V131/><F131/><W22/><G134/><T50/><D114/><U17/><E68/><V111/><F11/><W118/><G118/><T49/><D5/><U107/><E107/><V67/><F36/><W100/><G130/><T102/><D102/><U33/><E33/><V69/><F43/><W35/><G35/><T85/><D29/><U34/><E125/><N who="3" m="48234" /><G62/><T86/><D65/><U58/><E34/><V60/><F78/><W40/><G40/><T89/><REACH who="0" step="1"/><D1/><REACH who="0" ten="182,319,275,214" step="2"/><U129/><E129/><V0/><F0/><W20/><G20/><T4/><D4/><U24/><E128/><V39/><F39/><W55/><G55/><T113/><D113/><U132/><E132/><V84/><F74/><W80/><G80/><T91/><AGARI ba="0,1" hai="7,8,15,49,50,81,82,85,86,89,91,98,103,104" machi="91" ten="20,12000,2" yaku="1,1,0,1,7,1,9,1,52,2,53,0" doraHai="79" doraHaiUra="127" who="0" fromWho="0" sc="182,130,319,-30,275,-30,214,-60" /><INIT seed="4,0,0,4,2,95" ten="312,289,245,154" oya="0" hai0="106,94,23,86,102,78,38,28,40,3,30,43,45" hai1="56,96,115,87,55,126,71,24,32,29,8,57,54" hai2="93,119,133,108,64,122,2,41,52,21,66,131,92" hai3="53,79,26,74,127,107,134,16,9,114,132,62,4"/><T105/><D3/><U44/><E71/><V73/><F108/><W123/><G107/><T120/><D120/><U76/><E126/><V22/><F122/><W49/><G62/><T10/><D10/><U91/><E44/><V5/><F133/><N who="3" m="51307" /><G114/><T19/><D43/><U77/><E8/><V128/><F119/><W69/><G69/><T58/><D106/><U20/><E32/><V15/><F73/><W121/><G127/><T99/><D58/><U130/><E130/><N who="2" m="49707" /><F2/><N who="3" m="151" /><G79/><T85/><D85/><U47/><E47/><V33/><F33/><W129/><G74/><T83/><REACH who="0" step="1"/><D105/><REACH who="0" ten="302,289,245,154" step="2"/><U98/><E115/><V1/><F1/><W63/><G129/><T89/><D89/><U125/><E125/><V50/><F41/><W110/><G110/><T11/><D11/><U61/><E77/><V70/><F70/><W117/><G117/><T6/><D6/><U80/><E76/><V112/><F112/><W51/><G123/><T0/><D0/><U7/><E7/><V35/><F5/><W48/><G121/><T46/><D46/><U31/><E31/><V60/><F15/><AGARI ba="0,1" hai="15,19,23,28,30,38,40,45,78,83,86,94,99,102" machi="15" ten="30,5800,0" yaku="1,1,7,1,52,1,53,0" doraHai="95" doraHaiUra="59" who="0" fromWho="2" sc="302,68,289,0,245,-58,154,0" /><INIT seed="4,1,0,1,1,109" ten="370,289,187,154" oya="0" hai0="67,117,106,10,122,40,80,71,86,131,91,33,41" hai1="1,77,43,12,112,88,60,82,17,98,34,35,7" hai2="9,29,5,22,53,56,70,61,51,6,26,19,37" hai3="54,103,89,57,92,83,124,31,135,130,47,49,129"/><T69/><D117/><U36/><E60/><V115/><F37/><W25/><G124/><T110/><D122/><U38/><E7/><V108/><F108/><W127/><G127/><T55/><D110/><U64/><E64/><V76/><F76/><W94/><G135/><T59/><D106/><U20/><E1/><V63/><F70/><W111/><G111/><T99/><D33/><U87/><E112/><V21/><F115/><W107/><G107/><T113/><D71/><U48/><E48/><V66/><F66/><W116/><G116/><T46/><D113/><U120/><E120/><V30/><F6/><W27/><G47/><T14/><D46/><U121/><E121/><V58/><F56/><W97/><G83/><T101/><D67/><U42/><E38/><V78/><F78/><W0/><G0/><T133/><D69/><U62/><E62/><V100/><F100/><W134/><G134/><T45/><D45/><U84/><E98/><V123/><F123/><W13/><G13/><T102/><D133/><U118/><E36/><V104/><F104/><W50/><G50/><N who="0" m="31223" /><D99/><U23/><E118/><V119/><F119/><W68/><G68/><T74/><D74/><U4/><E35/><V11/><F11/><W95/><G95/><T93/><D93/><N who="1" m="54407" /><E34/><V52/><F53/><W126/><G126/><T96/><D96/><U18/><E4/><V85/><F5/><W81/><G81/><T75/><D40/><U39/><E39/><V8/><F85/><N who="3" m="52271" /><G31/><N who="2" m="11785" /><F21/><W65/><G65/><T105/><D105/><U24/><AGARI ba="1,0" hai="12,17,18,20,23,24,42,43,77,82,87" m="54407" machi="24" ten="30,2000,0" yaku="8,1,54,1" doraHai="109" who="1" fromWho="1" sc="370,-11,289,23,187,-6,154,-6" /><INIT seed="5,0,0,5,3,114" ten="359,312,181,148" oya="1" hai0="87,40,39,18,112,133,81,123,132,58,52,125,37" hai1="55,75,128,1,34,93,135,124,53,31,118,82,24" hai2="0,49,47,65,76,32,8,99,119,111,19,115,126" hai3="16,74,54,56,38,129,42,116,91,90,131,2,101"/><U68/><E1/><V3/><F111/><W12/><G2/><T96/><D112/><U117/><E68/><V134/><F115/><W66/><G74/><T121/><D96/><U46/><E128/><N who="3" m="49226" /><G66/><T120/><D18/><U94/><E135/><N who="0" m="51785" /><D125/><U109/><E124/><V80/><F134/><W108/><G108/><T97/><D97/><U77/><E109/><V62/><F32/><W25/><G25/><T6/><D6/><U27/><E27/><V26/><F126/><W23/><G101/><T41/><D87/><U21/><E34/><V48/><F119/><W50/><G116/><T100/><D100/><U44/><E118/><V104/><F0/><W10/><G10/><T103/><D103/><U79/><E117/><V33/><F104/><W35/><G35/><T72/><D81/><U4/><E4/><V85/><F99/><W70/><G70/><T107/><D72/><U11/><E11/><V130/><F130/><W45/><AGARI ba="0,0" hai="12,16,23,38,42,45,50,54,56,90,91" m="49226" machi="45" ten="30,2000,0" yaku="19,1,54,1" doraHai="114" who="3" fromWho="3" sc="359,-5,312,-10,181,-5,148,20" /><INIT seed="6,0,0,5,0,130" ten="354,302,176,168" oya="2" hai0="50,60,61,108,94,124,128,40,112,133,76,19,119" hai1="55,98,24,46,26,28,83,15,91,90,74,110,23" hai2="82,31,57,102,99,18,49,29,30,131,62,113,126" hai3="79,16,8,127,54,117,11,56,33,123,58,25,106"/><V121/><F121/><W20/><G106/><T81/><D108/><U115/><E115/><V1/><F131/><W104/><G104/><T9/><D128/><U89/><E110/><V2/><F113/><W118/><G79/><T42/><D124/><U69/><E69/><V80/><F126/><W14/><G123/><T120/><D120/><U38/><E74/><V135/><F135/><W35/><G127/><T63/><D133/><U6/><E26/><V105/><F49/><W116/><G58/><T12/><D119/><U13/><E38/><V84/><F82/><W125/><G125/><T111/><D111/><U4/><E98/><V3/><F18/><W114/><G114/><T39/><D39/><U101/><E101/><V68/><F68/><W47/><G47/><T72/><D112/><U66/><E66/><V67/><REACH who="2" step="1"/><F29/><REACH who="2" ten="354,302,166,168" step="2"/><W22/><G118/><T132/><D132/><U77/><E83/><V65/><F65/><W64/><G64/><T53/><D50/><N who="1" m="29143" /><E77/><AGARI ba="0,1" hai="1,2,3,30,31,57,62,67,77,80,84,99,102,105" machi="77" ten="40,2000,0" yaku="1,1,53,0" doraHai="130" doraHaiUra="51" who="2" fromWho="1" sc="354,0,302,-20,166,30,168,0" /><INIT seed="6,1,0,0,4,126" ten="354,282,196,168" oya="2" hai0="68,134,28,111,29,76,37,56,9,79,33,26,127" hai1="90,118,23,130,114,104,122,128,75,106,61,117,62" hai2="47,7,107,65,43,77,80,48,45,102,41,123,38" hai3="131,49,93,16,32,89,27,12,109,24,39,91,71"/><V35/><F123/><W58/><G71/><T84/><D111/><U100/><E75/><V135/><F35/><W34/><G39/><T97/><D68/><U103/><E23/><V120/><F120/><W1/><G1/><T116/><D29/><U2/><E122/><V67/><F135/><W115/><G109/><T17/><D37/><U25/><E90/><V83/><F83/><W19/><G115/><T85/><D127/><U51/><E51/><V133/><F133/><W74/><G74/><T69/><D69/><U22/><E22/><V88/><F7/><W99/><G91/><T121/><D97/><U42/><E25/><V94/><F107/><W21/><G131/><T96/><D96/><U98/><E42/><V15/><F15/><W40/><G27/><T81/><D121/><U82/><E82/><V13/><F13/><W55/><G40/><T0/><D0/><U57/><E2/><V52/><F102/><W46/><REACH who="3" step="1"/><G46/><REACH who="3" ten="354,282,196,158" step="2"/><T44/><D134/><U119/><E114/><V20/><F41/><W72/><G72/><T108/><D44/><U70/><E70/><V132/><F132/><W129/><G129/><N who="1" m="49770" /><E57/><V3/><F3/><W95/><G95/><T64/><D56/><U73/><E73/><V59/><F45/><W92/><G92/><T53/><D81/><U87/><E87/><N who="2" m="48527" /><F20/><AGARI ba="1,1" hai="12,16,19,20,21,24,32,34,49,55,58,89,93,99" machi="20" ten="30,3900,0" yaku="1,1,7,1,54,1,53,0" doraHai="126" doraHaiUra="66" who="3" fromWho="2" sc="354,0,282,0,196,-42,158,52" /><INIT seed="7,0,0,5,0,103" ten="354,282,154,210" oya="3" hai0="11,111,75,37,72,124,9,134,52,43,98,101,78" hai1="36,42,113,129,8,23,118,68,59,14,61,39,64" hai2="96,80,77,128,5,81,117,25,121,20,40,123,93" hai3="70,62,116,4,119,91,49,29,10,16,115,112,90"/><W38/><G29/><T13/><D111/><U74/><E74/><N who="2" m="43063" /><F40/><W133/><G38/><T21/><D75/><U127/><E129/><V58/><F5/><W47/><G133/><T31/><D134/><U125/><E23/><V65/><F25/><W88/><G62/><T28/><D72/><U84/><E84/><V32/><F20/><W19/><G70/><T105/><D78/><U6/><E113/><N who="3" m="43594" /><G4/><T33/><D33/><U63/><E118/><N who="3" m="45098" /><G10/><T92/><D9/><U76/><E76/><V67/><F32/><W1/><G1/><T22/><D11/><U54/><REACH who="1" step="1"/><E42/><AGARI ba="0,0" hai="16,19,42,47,49,88,90,91" m="45098,43594" machi="42" ten="40,7700,0" yaku="15,1,54,2" doraHai="103" who="3" fromWho="1" sc="354,0,282,-77,154,0,210,77" /><INIT seed="7,1,0,0,1,7" ten="354,205,154,287" oya="3" hai0="75,106,101,74,20,43,120,119,28,59,132,128,93" hai1="21,109,71,32,98,105,63,3,49,39,89,91,41" hai2="67,102,100,8,66,121,42,115,116,17,53,133,78" hai3="114,55,123,60,1,50,134,83,77,129,108,86,36"/><W45/><G123/><T124/><D119/><U94/><E109/><V23/><F116/><W33/><G33/><T24/><D120/><U61/><E32/><V70/><F121/><W90/><G1/><T35/><D106/><U44/><E105/><V95/><F115/><W110/><G114/><T65/><D43/><U16/><E71/><V31/><F133/><W103/><G103/><T113/><D113/><U11/><E39/><V27/><F70/><W26/><G26/><T97/><D132/><U54/><E91/><V48/><F78/><W40/><G134/><T37/><D37/><U68/><E68/><V46/><F42/><W76/><G60/><N who="0" m="38047" /><D35/><U80/><E80/><V126/><F126/><W18/><G18/><T2/><D128/><U25/><E3/><V12/><REACH who="2" step="1"/><F100/><REACH who="2" ten="354,205,144,287" step="2"/><W92/><G129/><T130/><D130/><U14/><REACH who="1" step="1"/><E41/><REACH who="1" ten="354,195,144,287" step="2"/><V56/><F56/><N who="3" m="32887" /><G83/><T52/><D124/><U135/><E135/><V13/><F13/><W107/><G107/><T72/><D2/><U82/><E82/><V22/><F22/><W125/><G125/><T104/><D104/><U62/><E62/><V87/><F87/><W10/><G110/><T96/><D96/><AGARI ba="1,2" hai="8,12,17,23,27,31,46,48,53,66,67,95,96,102" machi="96" ten="40,5200,0" yaku="1,1,8,1,52,1,53,0" doraHai="7" doraHaiUra="38" who="2" fromWho="0" sc="354,-55,195,0,144,75,287,0" /><INIT seed="8,0,0,0,0,77" ten="299,195,219,287" oya="0" hai0="59,70,65,120,88,107,47,61,35,37,49,129,101" hai1="67,127,105,103,9,123,104,75,5,7,1,60,113" hai2="116,20,31,10,118,21,51,8,36,30,121,15,55" hai3="19,56,63,54,95,81,91,133,33,41,16,48,89"/><T11/><D120/><U124/><E123/><V126/><F36/><W71/><G33/><T26/><D11/><N who="2" m="4138" /><F121/><W92/><G71/><T62/><D129/><U109/><E109/><V93/><F93/><N who="3" m="35915" /><G133/><T85/><D37/><U13/><E113/><V42/><F42/><W66/><G66/><T135/><D135/><U72/><E13/><V43/><F43/><W2/><G2/><T40/><D107/><N who="1" m="41035" /><E103/><V112/><F112/><W28/><G28/><N who="2" m="10793" /><F126/><N who="1" m="48169" /><E7/><V3/><F3/><W132/><G91/><T130/><D101/><U128/><E128/><V100/><F100/><W22/><G22/><N who="2" m="8809" /><F15/><W0/><G0/><T99/><D130/><U27/><E27/><V97/><F97/><W122/><G132/><T29/><D99/><U79/><E79/><V46/><F46/><N who="3" m="25679" /><G122/><T134/><D134/><U73/><E73/><V23/><N who="2" m="8817" /><V125/><DORA hai="76" /><F125/><W96/><G96/><T64/><D70/><AGARI ba="0,0" hai="1,5,9,60,67,70,72,75" m="48169,41035" machi="70" ten="30,2000,0" yaku="18,1,23,1" doraHai="77,76" who="1" fromWho="0" sc="299,-20,195,20,219,0,287,0" /><INIT seed="9,0,0,5,0,0" ten="279,215,219,287" oya="1" hai0="24,81,102,48,119,95,134,41,75,122,11,63,90" hai1="88,49,20,121,35,111,70,30,22,3,5,135,61" hai2="118,33,110,104,96,59,51,71,38,25,89,10,4" hai3="94,91,66,109,76,127,77,86,126,106,107,73,82"/><U116/><E121/><V32/><F110/><W15/><G109/><T7/><D122/><U12/><E111/><V72/><F71/><W19/><G66/><T130/><D102/><U105/><E105/><V58/><F38/><W54/><G54/><T2/><D119/><U115/><E115/><V26/><F118/><W17/><G77/><T1/><D134/><U57/><E3/><V78/><F104/><W84/><G84/><T108/><D108/><U8/><E116/><V13/><F72/><W120/><G120/><T117/><D117/><U55/><E135/><V46/><F78/><W60/><G60/><T100/><D100/><U85/><E35/><V53/><F33/><W113/><G19/><T62/><D24/><N who="2" m="9322" /><F32/><W50/><G50/><T87/><D1/><U6/><E30/><V97/><F89/><W101/><G113/><T23/><D23/><N who="1" m="8747" /><E70/><V16/><F16/><W103/><G17/><T93/><D130/><U31/><E31/><V128/><F128/><W92/><G15/><T131/><D131/><U28/><E28/><V125/><F125/><N who="3" m="47627" /><G103/><T29/><D29/><U79/><E79/><V64/><F64/><W45/><G45/><T83/><D75/><U98/><E61/><V67/><F67/><W37/><G37/><T39/><D39/><U65/><E65/><V56/><AGARI ba="0,0" hai="4,10,13,46,51,53,56,58,59,96,97" m="9322" machi="56" ten="30,2000,0" yaku="8,1,52,1" doraHai="0" who="2" fromWho="2" sc="279,-5,215,-10,219,20,287,-5" /><INIT seed="10,0,0,1,3,9" ten="274,205,239,282" oya="2" hai0="75,122,21,132,129,60,69,14,58,29,86,119,111" hai1="0,11,88,13,131,120,59,47,32,33,123,113,71" hai2="46,135,77,66,82,89,72,55,76,100,24,109,80" hai3="53,79,64,118,43,61,16,23,101,63,68,2,97"/><V7/><F109/><W62/><G2/><T12/><D111/><U92/><E71/><V102/><F135/><W105/><G79/><T106/><D69/><U3/><E113/><V45/><F66/><W40/><G118/><T41/><D122/><N who="1" m="46635" /><E59/><V104/><F104/><W110/><G110/><T22/><D75/><U18/><E47/><V28/><F7/><W50/><G43/><T74/><D74/><U116/><E116/><V34/><F89/><W51/><G40/><T84/><D106/><U20/><E131/><V6/><F6/><W81/><G81/><T103/><D119/><U112/><E112/><V67/><F67/><W36/><G51/><T15/><D132/><U121/><N who="1" m="46643" /><U128/><DORA hai="39" /><E128/><V133/><F133/><W125/><G36/><T95/><D29/><U130/><E130/><V56/><F80/><W98/><G125/><T35/><D35/><N who="1" m="13387" /><E11/><V87/><F76/><W1/><G1/><T126/><D126/><U19/><E19/><V31/><F31/><W54/><G98/><AGARI ba="0,0" hai="0,3,13,18,20,88,92,98" m="13387,46643" machi="98" ten="40,5200,0" yaku="13,1,52,1,54,1" doraHai="9,39" who="1" fromWho="3" sc="274,0,205,52,239,0,282,-52" /><INIT seed="11,0,0,2,3,23" ten="274,257,239,230" oya="3" hai0="63,117,12,90,123,105,109,51,42,101,83,70,17" hai1="108,20,9,29,38,89,72,134,10,24,91,56,47" hai2="110,31,76,98,57,40,13,86,77,4,113,71,67" hai3="96,118,53,55,19,18,3,84,132,26,64,68,131"/><W8/><G118/><T75/><D109/><U61/><E72/><V59/><F110/><W46/><G96/><T73/><D123/><U112/><E112/><V103/><F113/><W107/><G107/><T39/><D39/><U32/><E32/><V14/><F31/><W119/><G119/><T66/><D117/><U69/><E69/><V30/><F30/><W52/><G132/><T45/><D105/><U16/><E108/><V129/><F129/><W114/><G114/><T127/><D127/><U49/><E38/><V48/><F71/><W21/><G131/><T44/><D101/><U130/><E29/><V36/><F36/><W102/><G102/><T82/><D45/><U11/><E134/><V125/><F125/><W115/><G115/><T80/><REACH who="0" step="1"/><D90/><REACH who="0" ten="264,257,239,230" step="2"/><U79/><E130/><V95/><F77/><W133/><G46/><T106/><D106/><U122/><E79/><V97/><F76/><W74/><G133/><T37/><D37/><U120/><E120/><V65/><F103/><W50/><G50/><T33/><D33/><U1/><E122/><V28/><F48/><W22/><G74/><T35/><D35/><U121/><E121/><V58/><F28/><W124/><G124/><T100/><D100/><U85/><E85/><V41/><F4/><W116/><G84/><T0/><D0/><U7/><E7/><V43/><F86/><W34/><G34/><T81/><N who="0" m="20480" /><DORA hai="111" /><T25/><D25/><U78/><E1/><V92/><F98/><W62/><G116/><T94/><D94/><N who="2" m="35882" /><F97/><W87/><G87/><T5/><D5/><U126/><E126/><RYUUKYOKU ba="0,1" sc="264,15,257,-15,239,15,230,-15" hai0="12,17,42,44,51,63,66,70,73,75" hai2="13,14,40,41,43,57,58,59,65,67" owari="289,39.0,242,-16.0,254,5.0,215,-28.0" /></mjloggm>