<mjloggm ver="2.3"><GO type="41" lobby="0"/><UN n0="%E2%93%9D%53%75%70%68%78" n1="%E2%93%9D%4E%41%47%41%32%35" n2="%74%6F%73%68%69%31%38%39" n3="%42%72%6F%70%79%5A" dan="18,17,13,13" rate="2065.01,2139.02,1814.71,1866.09" sx="M,F,M,M"/><TAIKYOKU oya="0"/><INIT seed="0,0,0,0,2,67" ten="250,250,250,250" oya="0" hai0="22,111,33,88,130,91,96,71,81,126,14,21,114" hai1="6,0,134,64,24,23,25,100,95,80,54,2,98" hai2="73,112,27,84,74,110,51,68,122,15,13,77,116" hai3="128,55,123,66,31,11,108,70,52,78,41,133,85"/><T61/><D114/><U92/><E134/><V34/><F110/><W93/><G108/><T37/><D111/><U26/><E80/><V106/><F112/><W62/><G128/><T36/><D33/><U3/><E6/><V59/><F122/><W28/><G133/><T127/><D130/><U9/><E9/><V107/><F116/><W32/><G123/><T83/><D61/><U121/><E121/><V82/><F107/><W58/><G41/><T94/><D14/><U19/><E54/><V109/><F106/><W97/><G55/><T119/><D94/><U104/><REACH who="1" step="1"/><E64/><REACH who="1" ten="250,240,250,250" step="2"/><V20/><F109/><W53/><G11/><T50/><D119/><U79/><E79/><V46/><F74/><W117/><G53/><T129/><D129/><U101/><E101/><V10/><F73/><W40/><G117/><T124/><D124/><U29/><E29/><V99/><F77/><W120/><G31/><T8/><D8/><U43/><E43/><V125/><F125/><W4/><G40/><T90/><D90/><U135/><E135/><V65/><F10/><W30/><G78/><T89/><D89/><U39/><E39/><V17/><F82/><W69/><G120/><T103/><D103/><U48/><E48/><V115/><F51/><W47/><G30/><T12/><D50/><U132/><E132/><V72/><F72/><W7/><G52/><T18/><D127/><U57/><E57/><V87/><F59/><W76/><G76/><T118/><D126/><U16/><E16/><V131/><F115/><W113/><G113/><T42/><D118/><U86/><E86/><RYUUKYOKU ba="0,1" sc="250,-10,240,30,250,-10,250,-10" hai1="0,2,3,19,23,24,25,26,92,95,98,100,104" /><INIT seed="1,1,1,1,2,42" ten="240,270,240,240" oya="1" hai0="0,78,8,113,88,7,91,28,53,65,61,14,104" hai1="95,30,59,133,128,41,89,43,126,1,94,22,34" hai2="83,21,13,75,45,90,38,26,48,56,87,60,23" hai3="67,3,10,125,129,36,111,108,54,57,70,85,132"/><U74/><E1/><V72/><F38/><W58/><G125/><T6/><D113/><U127/><E74/><V107/><F107/><W15/><G129/><T114/><D114/><U69/><E69/><V112/><F112/><W49/><G132/><T73/><D104/><U109/><E34/><V131/><F23/><W119/><G119/><T19/><D28/><U63/><E128/><V39/><F39/><W82/><G36/><T31/><D31/><U105/><E105/><V16/><F131/><W20/><G3/><T46/><D78/><U66/><E133/><V98/><F98/><W77/><G70/><T135/><D73/><U96/><E109/><V52/><F26/><W81/><G20/><T101/><D101/><U18/><E30/><V100/><F100/><W68/><G68/><T130/><D135/><U134/><E134/><V116/><F116/><W86/><G67/><AGARI ba="1,1" hai="13,16,21,45,48,52,56,60,67,72,75,83,87,90" machi="67" ten="30,7700,0" yaku="7,1,52,1,54,2" doraHai="42" who="2" fromWho="3" sc="240,0,270,0,240,90,240,-80" /><INIT seed="2,0,0,1,5,92" ten="240,270,330,160" oya="2" hai0="83,125,104,123,133,56,119,52,65,74,16,114,40" hai1="111,0,41,66,26,76,22,71,62,43,13,48,75" hai2="87,34,17,25,107,51,117,112,134,54,80,37,73" hai3="120,57,39,81,18,38,61,4,106,89,96,132,128"/><V31/><F117/><W32/><G120/><T21/><D123/><U12/><E0/><V67/><F112/><W91/><G128/><T124/><D114/><U105/><E111/><V36/><F73/><W127/><G127/><N who="0" m="48715" /><D40/><U90/><E105/><V68/><F134/><W14/><G132/><T44/><D104/><U20/><E76/><V86/><F86/><W53/><G32/><T45/><D65/><U59/><E75/><V46/><F107/><W118/><G118/><T60/><D133/><U27/><E71/><V15/><F67/><W77/><G4/><T28/><D28/><N who="1" m="17479" /><E90/><V122/><F122/><W109/><G91/><T97/><D119/><U84/><E84/><V8/><F68/><W10/><G109/><T102/><D83/><U24/><E24/><V55/><F54/><W72/><REACH who="3" step="1"/><G89/><AGARI ba="0,0" hai="8,15,17,25,31,34,36,37,46,51,55,80,87,89" machi="89" ten="30,5800,0" yaku="7,1,25,2" doraHai="92" who="2" fromWho="3" sc="240,0,270,0,330,58,160,-58" /><INIT seed="2,1,0,1,5,123" ten="240,270,388,102" oya="2" hai0="87,81,15,114,88,9,71,54,27,134,94,104,69" hai1="50,131,63,33,107,101,22,118,127,39,38,85,110" hai2="46,96,24,65,102,8,42,130,59,67,125,0,97" hai3="76,116,100,61,7,25,26,82,122,105,45,73,37"/><V90/><F125/><W112/><G116/><T74/><D114/><U95/><E33/><V35/><F130/><W93/><G122/><T2/><D2/><U3/><E3/><V52/><F0/><W48/><G112/><T83/><D104/><U20/><E118/><V53/><F53/><W72/><G37/><T64/><D134/><U19/><E107/><V31/><F8/><W78/><G105/><T113/><D113/><U17/><E63/><V49/><F90/><W89/><G100/><T28/><D64/><U6/><E6/><V108/><F108/><W68/><G7/><T47/><D74/><U135/><E50/><V111/><F111/><W5/><G5/><T4/><D71/><U43/><E43/><V36/><F97/><W66/><G78/><T23/><REACH who="0" step="1"/><D69/><REACH who="0" ten="230,270,388,102" step="2"/><U58/><E135/><V44/><F67/><W115/><G73/><T29/><D29/><U30/><E30/><V62/><F65/><W103/><G115/><T57/><D57/><U32/><E58/><V129/><F46/><W41/><REACH who="3" step="1"/><G103/><REACH who="3" ten="230,270,388,92" step="2"/><T70/><D70/><U75/><E101/><V99/><F102/><W10/><G10/><T117/><D117/><U86/><E75/><V18/><F129/><W21/><G21/><T133/><D133/><U1/><E131/><V56/><F35/><W80/><G80/><T16/><D16/><U34/><E34/><V106/><F18/><W84/><AGARI ba="1,2" hai="25,26,41,45,48,61,66,68,72,76,82,84,89,93" machi="84" ten="20,2700,0" yaku="1,1,0,1,7,1,53,0" doraHai="123" doraHaiUra="51" who="3" fromWho="3" sc="230,-8,270,-8,388,-14,92,50" /><INIT seed="3,0,0,3,1,77" ten="222,262,374,142" oya="3" hai0="119,27,12,28,24,82,123,91,8,33,130,41,109" hai1="4,100,54,86,57,118,73,84,55,88,129,64,78" hai2="126,87,93,112,94,11,132,58,69,36,131,127,74" hai3="70,122,60,30,46,89,92,5,104,81,80,117,59"/><W102/><G117/><T43/><D119/><U124/><E118/><V96/><F112/><W52/><G122/><T7/><D123/><U98/><E129/><V0/><F69/><W32/><G5/><T29/><D109/><U95/><E124/><N who="2" m="47659" /><F74/><W135/><G135/><T75/><D130/><U66/><E4/><N who="2" m="1415" /><F36/><W48/><G70/><T110/><D110/><U14/><E14/><V47/><F131/><W63/><G104/><T106/><D106/><N who="1" m="63767" /><E86/><V115/><F115/><W134/><G102/><T99/><D99/><U71/><E71/><V90/><F132/><W31/><G134/><T128/><D128/><U113/><E113/><V68/><F68/><W105/><G105/><T120/><D120/><U16/><E16/><V101/><F58/><W1/><G1/><T67/><D75/><U56/><E56/><V35/><F47/><W79/><G32/><AGARI ba="0,0" hai="32,35,87,90,93,94,96,101" m="1415,47659" machi="32" ten="30,1000,0" yaku="18,1" doraHai="77" who="2" fromWho="3" sc="222,0,262,0,374,10,142,-10" /><INIT seed="4,0,0,4,2,19" ten="222,262,384,132" oya="0" hai0="52,42,118,12,96,67,14,110,35,6,135,100,60" hai1="99,27,4,29,18,54,30,107,68,59,86,81,41" hai2="0,127,104,83,16,129,105,24,49,79,128,32,89" hai3="69,114,28,53,130,7,92,63,17,102,48,103,125"/><T133/><D118/><U61/><E4/><V3/><F127/><W70/><G114/><T57/><D35/><U13/><E41/><V117/><F89/><W43/><G130/><N who="2" m="50281" /><F117/><W40/><G125/><T50/><D42/><U65/><E107/><N who="2" m="41035" /><F49/><W26/><G7/><T95/><D110/><U106/><E106/><V20/><F32/><W62/><G17/><T78/><D78/><U126/><E99/><V11/><F11/><W113/><G113/><T111/><D111/><U116/><E116/><V21/><F21/><W94/><G26/><T85/><D85/><AGARI ba="0,0" hai="0,3,16,20,24,79,83,85" m="41035,50281" machi="85" ten="30,3900,0" yaku="19,1,52,1,54,1" doraHai="19" who="2" fromWho="0" sc="222,-39,262,0,384,39,132,0" /><INIT seed="5,0,0,4,5,116" ten="183,262,423,132" oya="1" hai0="34,103,13,38,26,41,76,25,6,29,49,68,89" hai1="70,122,56,129,99,54,65,126,22,80,28,128,74" hai2="119,96,17,55,92,84,21,90,16,62,30,44,95" hai3="109,0,39,59,120,58,105,112,81,64,32,67,82"/><U79/><E126/><V72/><F119/><W130/><G109/><T46/><D68/><U114/><E114/><V71/><F72/><W8/><G112/><T110/><D110/><U124/><E124/><V42/><F71/><W91/><G130/><N who="1" m="50282" /><E99/><V66/><F66/><W87/><G32/><T108/><D103/><U133/><E133/><V33/><F33/><W98/><G39/><T7/><D108/><U53/><E70/><V3/><F3/><W51/><G120/><T107/><D107/><U19/><E28/><V83/><F62/><W50/><G82/><T85/><D38/><U121/><E65/><V93/><F55/><N who="1" m="21001" /><E56/><V47/><F96/><W61/><G67/><T24/><D76/><U101/><E101/><V132/><F132/><W4/><G59/><T123/><D123/><U31/><E31/><V43/><F47/><W60/><G60/><T134/><D134/><U5/><E5/><V14/><F30/><W69/><G69/><T23/><D34/><U48/><E48/><V102/><F102/><W125/><G125/><T18/><REACH who="0" step="1"/><D29/><REACH who="0" ten="173,262,423,132" step="2"/><U37/><E37/><V35/><F35/><W113/><G113/><T117/><D117/><U45/><E45/><V111/><F111/><W63/><G63/><T15/><D15/><AGARI ba="0,1" hai="15,19,22,74,79,80,121,122" m="21001,50282" machi="15" ten="30,5800,0" yaku="19,1,52,2" doraHai="116" who="1" fromWho="0" sc="173,-58,262,68,423,0,132,0" /><INIT seed="5,1,0,1,2,8" ten="115,330,423,132" oya="1" hai0="33,67,47,75,58,64,11,25,4,93,91,98,66" hai1="96,27,116,52,131,68,104,46,53,124,43,81,134" hai2="72,123,115,90,40,88,20,1,7,94,32,24,73" hai3="55,56,18,65,42,111,83,118,57,35,108,132,39"/><U37/><E116/><V126/><F123/><W49/><G132/><T135/><D75/><U86/><E68/><V71/><F32/><W97/><G118/><T79/><D135/><U112/><E134/><V101/><F71/><W50/><G35/><T12/><D79/><U10/><E112/><V21/><F126/><W125/><G125/><T117/><D117/><U6/><E124/><V3/><F115/><W107/><G39/><T82/><D47/><U14/><E131/><V70/><F40/><W121/><G121/><T22/><D33/><U13/><E27/><V45/><F45/><W15/><G83/><T80/><REACH who="0" step="1"/><D58/><REACH who="0" ten="105,330,423,132" step="2"/><U26/><E26/><V51/><F73/><W60/><G57/><T128/><D128/><U61/><E61/><V9/><F72/><W87/><G56/><T127/><D127/><U44/><E44/><V0/><F70/><W5/><G60/><T69/><D69/><U122/><E122/><V114/><F114/><W19/><G108/><T119/><D119/><U59/><E59/><V74/><F74/><W23/><G111/><T110/><D110/><U103/><REACH who="1" step="1"/><E14/><REACH who="1" ten="105,320,423,132" step="2"/><V31/><F3/><W77/><G15/><T29/><AGARI ba="1,2" hai="4,11,12,22,25,29,64,66,67,80,82,91,93,98" machi="29" ten="30,12000,2" yaku="1,1,0,1,8,1,52,1,53,3" doraHai="8" doraHaiUra="63" who="0" fromWho="0" sc="105,143,320,-61,423,-31,132,-31" /><INIT seed="6,0,0,2,0,97" ten="248,259,392,101" oya="2" hai0="42,40,127,122,1,103,112,7,81,130,17,82,114" hai1="24,70,35,18,133,9,80,32,25,45,95,69,113" hai2="117,115,120,67,124,104,28,2,41,29,89,72,121" hai3="46,36,5,55,96,56,30,83,116,135,78,58,73"/><V126/><F117/><W118/><G135/><T74/><D122/><U11/><E133/><V110/><F115/><N who="0" m="44074" /><D127/><N who="2" m="48682" /><F2/><W119/><G30/><N who="2" m="11881" /><F110/><W21/><G21/><T13/><D130/><U47/><E113/><V4/><F4/><W3/><G96/><T49/><D7/><U79/><E95/><V90/><F72/><W39/><G46/><T106/><D1/><U64/><E64/><V66/><F41/><N who="0" m="15978" /><D49/><U15/><E80/><V62/><F104/><W43/><G43/><T91/><D91/><N who="2" m="34826" /><F67/><W52/><G58/><AGARI ba="0,0" hai="58,62,66,120,121" m="34826,11881,48682" machi="58" ten="30,1500,0" yaku="18,1" doraHai="97" who="2" fromWho="3" sc="248,0,259,0,392,15,101,-15" /><INIT seed="6,1,0,5,5,21" ten="248,259,407,86" oya="2" hai0="70,25,54,114,63,99,20,43,76,4,51,38,122" hai1="94,19,123,39,31,77,66,35,62,92,85,105,87" hai2="84,30,44,14,121,0,23,89,115,96,53,50,120" hai3="24,28,117,113,100,26,132,86,15,3,47,52,36"/><V98/><F115/><W55/><G117/><T6/><D122/><U73/><E39/><V33/><F0/><W46/><G3/><T61/><D114/><U45/><E105/><V17/><F121/><W12/><G113/><T88/><D76/><U57/><E123/><V104/><F120/><W58/><G132/><T127/><D43/><U16/><E73/><V56/><F104/><W107/><G86/><T41/><D41/><U119/><E119/><V78/><F78/><W108/><G108/><T27/><D127/><U13/><E45/><N who="3" m="16906" /><G36/><T133/><D70/><U9/><E19/><V37/><F37/><W102/><G107/><T81/><D133/><U125/><E125/><V109/><F109/><W74/><G74/><T135/><D38/><U124/><E124/><V7/><F7/><N who="0" m="2602" /><D20/><U103/><E103/><N who="3" m="39466" /><G28/><T111/><D135/><U65/><E65/><V2/><F2/><W112/><G112/><T131/><D131/><U42/><E42/><V32/><F44/><W101/><N who="3" m="39474" /><W129/><DORA hai="29" /><G129/><T72/><D72/><U69/><E69/><V106/><F106/><W128/><G128/><T93/><D81/><U34/><E31/><V91/><F91/><W116/><G116/><T97/><D97/><U11/><E11/><V40/><F40/><W95/><G95/><N who="1" m="36394" /><E87/><V68/><F68/><W18/><G18/><T90/><D90/><U1/><E1/><V10/><F33/><W118/><G118/><T110/><D110/><U83/><E35/><V71/><F32/><W5/><G5/><T126/><D126/><U49/><E34/><V82/><F71/><RYUUKYOKU ba="1,0" sc="248,-15,259,15,407,15,86,-15" hai1="9,13,16,49,57,62,66,77,83,85" hai2="10,14,17,23,30,50,53,56,82,84,89,96,98" /><INIT seed="6,2,0,4,0,18" ten="233,274,422,71" oya="2" hai0="54,5,71,46,51,11,112,16,36,127,104,95,125" hai1="135,102,120,7,6,88,131,14,9,126,42,78,8" hai2="69,105,83,38,132,1,92,121,29,33,56,21,12" hai3="77,57,113,107,91,109,89,27,4,50,118,129,13"/><V55/><F121/><W47/><G109/><T84/><D104/><U74/><E120/><V30/><F105/><W130/><G118/><T44/><D71/><U15/><E131/><V31/><F1/><W64/><G107/><T59/><D112/><U82/><E135/><V134/><F69/><W10/><G77/><T20/><D36/><U101/><E126/><N who="0" m="48137" /><D11/><U117/><E117/><V45/><F83/><W26/><G113/><T25/><D5/><U39/><E88/><AGARI ba="2,0" hai="16,20,25,44,46,51,54,59,84,88,95" m="48137" machi="88" ten="30,7700,0" yaku="18,1,52,1,54,2" doraHai="18" who="0" fromWho="1" sc="233,83,274,-83,422,0,71,0" /><INIT seed="7,0,0,5,1,91" ten="316,191,422,71" oya="3" hai0="71,1,50,5,76,26,23,94,108,134,120,15,127" hai1="31,92,88,82,112,37,58,75,98,59,74,96,41" hai2="16,130,83,17,72,80,48,57,14,131,54,39,28" hai3="64,69,79,4,24,34,133,8,0,90,6,73,77"/><W121/><G121/><T29/><D71/><U132/><E112/><V67/><F39/><W32/><G133/><T116/><D76/><U25/><E132/><V107/><F28/><W125/><G125/><T60/><D60/><U12/><E12/><V111/><F107/><W21/><G6/><T45/><D50/><U22/><E98/><V119/><F111/><W46/><G77/><T47/><D116/><U62/><E82/><V87/><F119/><W118/><G118/><T61/><D61/><U78/><E78/><V55/><F17/><W35/><G79/><T11/><D108/><U81/><E81/><V3/><F3/><W84/><G73/><T9/><D120/><U102/><E59/><V36/><F36/><W27/><G46/><T2/><D127/><U86/><E41/><V105/><F105/><W113/><G113/><T122/><D122/><U97/><E37/><V115/><F115/><W104/><G104/><T99/><D134/><U89/><E97/><V106/><F106/><W43/><G43/><T93/><D2/><U68/><E68/><V70/><F72/><N who="1" m="27689" /><E86/><V100/><F100/><W66/><G69/><T114/><D114/><U129/><E129/><N who="2" m="49163" /><F55/><W19/><REACH who="3" step="1"/><G27/><REACH who="3" ten="316,191,422,61" step="2"/><T10/><D1/><U44/><E44/><V128/><F128/><W109/><G109/><T101/><D47/><U51/><E51/><V124/><F124/><W63/><G63/><T117/><D117/><U42/><E42/><V95/><F70/><W49/><G49/><T30/><D45/><U53/><E62/><V103/><F67/><W135/><G135/><T40/><D40/><RYUUKYOKU ba="0,1" sc="316,-15,191,15,422,-15,61,15" hai1="22,25,31,53,58,88,89,92,96,102" hai3="0,4,8,19,21,24,32,34,35,64,66,84,90" /><INIT seed="7,1,1,4,0,117" ten="301,206,407,76" oya="3" hai0="15,74,82,98,23,37,19,118,60,14,104,46,21" hai1="67,55,62,89,49,22,59,95,100,107,71,81,44" hai2="134,120,83,3,36,5,111,34,112,101,86,105,31" hai3="33,132,16,131,66,110,57,40,0,91,52,25,68"/><W75/><G0/><T29/><D118/><U24/><E107/><V17/><F111/><W94/><G75/><T130/><D130/><U124/><E124/><V116/><F112/><W53/><G132/><T122/><D60/><U121/><E121/><V80/><F36/><W50/><G131/><T41/><D29/><U126/><E126/><V78/><F116/><W96/><G110/><T119/><D119/><U61/><E81/><V64/><F134/><W93/><G68/><T32/><D32/><U4/><E4/><V88/><F64/><W54/><G40/><T125/><D125/><U58/><E100/><V114/><F114/><W127/><G66/><T63/><D63/><U27/><E22/><V90/><F120/><W65/><G65/><T38/><D38/><U97/><E71/><V12/><F5/><W1/><G1/><T72/><D122/><U8/><E8/><V26/><F3/><W28/><G127/><T11/><D82/><U20/><E20/><V128/><F128/><W92/><G16/><T108/><D108/><U123/><E123/><V47/><F47/><W7/><G7/><T109/><D109/><U99/><E99/><V133/><F133/><W84/><REACH who="3" step="1"/><G93/><REACH who="3" ten="301,206,407,66" step="2"/><T77/><D74/><U45/><E45/><V2/><F2/><W76/><G76/><T106/><D77/><U39/><E39/><V42/><F42/><AGARI ba="1,2" hai="24,27,42,44,49,55,58,59,61,62,67,89,95,97" machi="42" ten="30,2000,0" yaku="7,1,8,1" doraHai="117" who="1" fromWho="2" sc="301,0,206,43,407,-23,66,0" owari="301,10.0,249,-15.0,384,48.0,66,-43.0" /></mjloggm>