<mjloggm ver="2.3"><GO type="41" lobby="0"/><UN n0="%E5%93%81%E4%BA%95%E5%85%A8%E6%B4%A5" n1="%6F%67%61%32%34%38" n2="%E2%93%9D%53%75%70%68%78" n3="%E7%A0%82%E6%BC%A0%E3%81%AE%E5%B0%91%E5%B9%B4" dan="13,13,17,14" rate="1923.19,1903.62,2073.51,1984.61" sx="M,M,M,M"/><TAIKYOKU oya="0"/><INIT seed="0,0,0,5,1,99" ten="250,250,250,250" oya="0" hai0="34,125,52,58,46,97,16,78,129,101,72,65,35" hai1="21,47,15,120,134,111,100,0,22,95,33,60,25" hai2="45,53,28,62,54,109,3,133,93,14,2,6,61" hai3="74,7,104,17,89,20,110,29,103,26,68,18,66"/><T113/><D113/><U82/><E120/><V81/><F109/><W112/><G110/><T115/><D115/><U44/><E134/><V123/><F28/><W108/><G108/><T94/><D129/><U38/><E0/><V27/><F27/><W37/><G112/><T42/><D125/><U75/><E33/><V8/><F81/><W119/><G119/><T124/><D65/><U24/><E15/><V57/><F123/><W87/><G74/><T135/><D135/><U114/><E38/><V70/><F133/><W23/><G7/><T71/><D71/><U84/><E75/><V86/><F45/><W43/><G43/><T30/><D124/><U5/><E5/><V51/><F70/><W118/><G37/><T49/><D30/><U117/><E60/><V1/><REACH who="2" step="1"/><F54/><REACH who="2" ten="250,250,240,250" step="2"/><W63/><G29/><T85/><D72/><U132/><E132/><V76/><F76/><W31/><G118/><T128/><D128/><U127/><E117/><V55/><F55/><W107/><G31/><T91/><D78/><N who="1" m="46167" /><E127/><V11/><F11/><W98/><G23/><T92/><D34/><U105/><E24/><V9/><F9/><W131/><G131/><T90/><D35/><U56/><E22/><V77/><F77/><W48/><G17/><T102/><REACH who="0" step="1"/><D16/><REACH who="0" ten="240,250,240,250" step="2"/><U50/><E114/><V12/><F12/><W10/><G18/><T96/><D96/><U126/><E126/><V88/><AGARI ba="0,2" hai="1,2,3,6,8,14,51,53,57,61,62,86,88,93" machi="88" ten="40,5200,0" yaku="1,1,0,1,54,1,53,0" doraHai="99" doraHaiUra="64" who="2" fromWho="2" sc="240,-26,250,-13,240,72,250,-13" /><INIT seed="1,0,0,1,0,72" ten="214,237,312,237" oya="1" hai0="73,37,25,56,59,135,28,50,131,45,127,66,36" hai1="99,80,106,68,55,118,38,42,12,52,100,18,6" hai2="115,121,104,29,117,83,92,85,3,77,112,10,88" hai3="62,4,41,132,86,63,23,5,61,111,0,44,65"/><U69/><E118/><V31/><F117/><W130/><G111/><T30/><D127/><U48/><E55/><V120/><F31/><W1/><G130/><T40/><D30/><U7/><E42/><V93/><F29/><W22/><G132/><T11/><D11/><U46/><E38/><V129/><F104/><W109/><G109/><T89/><D89/><U21/><REACH who="1" step="1"/><E80/><REACH who="1" ten="214,227,312,237" step="2"/><V84/><F129/><W103/><G41/><T20/><D131/><U78/><E78/><V110/><F110/><W134/><G134/><T33/><D135/><U27/><E27/><V107/><F121/><W116/><G116/><T17/><D36/><U124/><E124/><V122/><F122/><W74/><G44/><T51/><D37/><U81/><E81/><V53/><F120/><W49/><G49/><T19/><D51/><U15/><E15/><V9/><F53/><W101/><G63/><T2/><D40/><U98/><E98/><V105/><F83/><W71/><G62/><T60/><D50/><U75/><E75/><V126/><F126/><W102/><G74/><T24/><D73/><U90/><E90/><V113/><F88/><W67/><G86/><T58/><D2/><U96/><E96/><V14/><F14/><W82/><G82/><T123/><D123/><U128/><E128/><V133/><F133/><W125/><G125/><T95/><D60/><U26/><E26/><V8/><F77/><W79/><G79/><T13/><D24/><U91/><E91/><V57/><F3/><N who="3" m="1099" /><G67/><T34/><D66/><U108/><E108/><V39/><F39/><W32/><G32/><RYUUKYOKU ba="0,1" sc="214,-15,227,15,312,-15,237,15" hai1="6,7,12,18,21,46,48,52,68,69,99,100,106" hai3="4,5,22,23,61,65,71,101,102,103" /><INIT seed="1,1,1,3,0,121" ten="199,242,297,252" oya="1" hai0="67,30,68,11,94,28,77,106,34,19,86,54,115" hai1="32,70,56,89,130,8,50,82,81,118,41,98,108" hai2="132,125,105,104,128,10,7,112,83,47,110,63,64" hai3="4,62,29,5,122,43,107,129,84,60,2,33,69"/><U103/><E118/><V20/><F128/><W93/><G129/><T80/><D106/><U75/><E70/><V1/><F132/><W119/><G122/><T113/><D54/><U66/><E32/><V3/><F125/><W109/><G119/><T73/><D34/><U71/><E82/><V31/><F112/><W48/><G107/><T17/><D67/><U59/><E56/><V26/><F3/><W131/><G131/><T116/><D68/><U88/><E89/><V102/><F47/><W55/><G43/><T85/><D116/><U120/><E8/><V49/><F49/><W40/><G40/><T24/><D11/><U127/><E127/><V0/><F0/><W111/><G69/><T91/><D73/><U76/><E41/><V42/><F83/><W12/><G2/><T74/><D74/><U92/><E71/><V23/><F42/><W46/><G29/><T124/><D30/><U117/><E66/><V57/><F105/><W123/><G33/><T65/><D65/><U126/><E126/><V134/><F134/><W96/><G84/><T9/><D124/><U133/><E133/><V35/><F104/><W101/><G123/><T13/><D19/><U87/><E130/><V95/><F35/><W38/><G38/><T25/><REACH who="0" step="1"/><D28/><REACH who="0" ten="189,242,297,252" step="2"/><U52/><E117/><V58/><F31/><W21/><G4/><T6/><D6/><U100/><E120/><V135/><F135/><W14/><G5/><T97/><D97/><U72/><E72/><V22/><F7/><W16/><G12/><T36/><D36/><U51/><E75/><V18/><F1/><RYUUKYOKU ba="1,2" sc="189,15,242,-15,297,-15,252,15" hai0="9,13,17,24,25,77,80,85,86,91,94,113,115" hai3="14,16,21,46,48,55,60,62,93,96,101,109,111" /><INIT seed="2,2,2,4,4,0" ten="204,227,282,267" oya="2" hai0="19,129,59,131,97,14,62,43,78,89,29,51,128" hai1="103,66,3,65,124,53,125,45,16,113,32,85,133" hai2="1,47,23,126,55,33,12,83,107,88,101,42,64" hai3="109,44,122,91,87,25,102,130,86,119,58,121,28"/><V71/><F1/><W56/><G109/><T40/><D78/><U35/><E3/><V70/><F33/><N who="1" m="12873" /><E103/><V81/><F126/><N who="1" m="48745" /><E113/><V114/><F114/><W8/><G119/><T63/><D29/><U108/><E85/><V115/><F115/><W6/><G102/><T110/><D110/><U127/><E108/><V18/><F55/><W95/><G130/><T72/><D72/><U5/><E5/><V116/><F116/><W104/><G104/><T60/><D97/><U123/><E123/><V135/><F135/><W54/><G86/><T52/><REACH who="0" step="1"/><D89/><REACH who="0" ten="194,227,282,267" step="2"/><U37/><E127/><V111/><F111/><W21/><G122/><T49/><D49/><N who="1" m="28847" /><E37/><V11/><F88/><W117/><G121/><T9/><AGARI ba="2,3" hai="9,14,19,40,43,51,52,59,60,62,63,128,129,131" machi="9" ten="40,8000,1" yaku="1,1,0,1,19,1,54,1,53,0" doraHai="0" doraHaiUra="106" who="0" fromWho="0" sc="194,116,227,-22,282,-42,267,-22" /><INIT seed="3,0,0,0,2,64" ten="310,205,240,245" oya="3" hai0="35,51,15,106,7,84,124,65,47,109,95,49,94" hai1="14,17,132,39,22,69,104,101,89,93,67,133,2" hai2="31,36,40,66,115,75,68,82,70,77,23,71,59" hai3="26,117,19,52,85,24,91,43,34,41,80,53,10"/><W38/><G117/><T0/><D106/><U122/><E39/><V103/><F115/><W28/><G38/><T57/><D0/><U29/><E2/><V76/><F76/><W83/><G10/><T100/><D35/><U112/><E112/><V128/><F128/><W20/><REACH who="3" step="1"/><G83/><REACH who="3" ten="310,205,240,235" step="2"/><T16/><D124/><U97/><E122/><V25/><F36/><W73/><G73/><T11/><D109/><U33/><E133/><V125/><F125/><W3/><G3/><T90/><D7/><U4/><E4/><V135/><F135/><W120/><G120/><T118/><D118/><U8/><E8/><V6/><F6/><W121/><G121/><T86/><D47/><U46/><E46/><V30/><F75/><W129/><G129/><T116/><D116/><U127/><E127/><V44/><F82/><W42/><AGARI ba="0,1" hai="19,20,24,26,28,34,41,42,43,52,53,80,85,91" machi="42" ten="30,6000,0" yaku="1,1,0,1,54,1,53,0" doraHai="64" doraHaiUra="60" who="3" fromWho="3" sc="310,-20,205,-20,240,-20,235,70" /><INIT seed="3,1,0,4,0,110" ten="290,185,220,305" oya="3" hai0="125,135,82,16,98,35,11,113,119,96,40,79,26" hai1="55,86,77,21,53,111,7,28,45,63,42,65,81" hai2="8,103,31,84,102,71,70,73,61,19,47,44,67" hai3="105,13,36,72,57,117,133,134,43,9,30,107,50"/><W101/><G117/><T4/><D119/><U126/><E111/><V66/><F73/><W74/><G36/><T90/><D125/><U6/><E126/><V37/><F31/><W48/><G30/><T32/><D135/><N who="3" m="51721" /><G101/><T3/><D40/><U69/><E6/><V12/><F37/><W33/><G33/><T93/><D98/><U83/><E81/><V122/><F122/><W1/><G1/><T128/><D128/><U41/><E41/><V23/><F84/><W0/><G0/><T95/><D95/><U62/><E62/><V5/><F103/><W22/><G22/><T18/><D113/><U88/><E7/><V76/><F76/><W132/><G57/><T51/><D51/><N who="3" m="19497" /><G43/><T109/><D109/><U39/><E77/><V116/><F102/><W10/><G13/><T58/><D58/><U91/><E28/><V64/><F116/><W94/><G94/><T15/><D26/><U17/><E91/><V89/><F89/><W120/><G120/><T92/><D92/><U124/><E124/><V97/><F71/><W115/><G115/><T123/><D123/><U130/><E130/><V59/><F70/><W54/><G54/><T25/><D25/><AGARI ba="1,0" hai="17,21,25,39,42,45,53,55,63,65,69,83,86,88" machi="25" ten="30,2000,0" yaku="7,1,54,1" doraHai="110" who="1" fromWho="0" sc="290,-23,185,23,220,0,305,0" /><INIT seed="4,0,0,2,5,14" ten="267,208,220,305" oya="0" hai0="15,42,31,117,119,3,51,45,50,110,82,102,78" hai1="80,58,28,7,21,76,48,52,96,81,38,116,61" hai2="12,39,53,35,68,72,19,49,130,41,9,104,47" hai3="93,36,56,16,6,115,126,22,133,40,118,67,85"/><T98/><D3/><U71/><E116/><V65/><F130/><W121/><G118/><T120/><D120/><U33/><E33/><V37/><F72/><W60/><G121/><T1/><D1/><U69/><E38/><V34/><F104/><W95/><G115/><T24/><D110/><U106/><E7/><V8/><F39/><W57/><G126/><T62/><D62/><U5/><E5/><V20/><F9/><W4/><G133/><T46/><D15/><U44/><E81/><V64/><F64/><W23/><G36/><T114/><D114/><U18/><E28/><V127/><F127/><W54/><G40/><T17/><D82/><U103/><E76/><V100/><F100/><W87/><G67/><T123/><D78/><U105/><E105/><V90/><F90/><W99/><G99/><T59/><D59/><U113/><E80/><V13/><F65/><W135/><G135/><T125/><D125/><U25/><REACH who="1" step="1"/><E113/><REACH who="1" ten="267,198,220,305" step="2"/><V129/><F129/><W108/><G4/><T134/><D134/><U63/><E63/><V27/><F68/><W131/><G6/><T92/><D123/><U26/><E26/><V112/><F112/><W86/><G60/><T66/><D119/><U0/><E0/><V94/><F13/><W32/><G131/><T29/><D117/><U75/><E75/><V89/><F8/><W109/><G32/><T132/><D132/><U11/><E11/><V70/><F70/><W111/><G111/><T30/><D24/><U107/><E107/><V97/><F27/><N who="3" m="14791" /><G109/><T10/><D10/><U101/><E101/><V55/><F37/><RYUUKYOKU ba="0,1" sc="267,-15,198,15,220,15,305,-15" hai1="18,21,25,44,48,52,58,61,69,71,96,103,106" hai2="12,19,20,34,35,41,47,49,53,55,89,94,97" /><INIT seed="5,1,1,4,4,63" ten="252,213,235,290" oya="1" hai0="109,39,12,4,115,37,1,116,19,60,35,78,58" hai1="104,84,47,134,82,50,10,95,8,111,126,64,90" hai2="101,5,17,23,15,32,85,56,81,99,70,20,48" hai3="7,131,52,29,125,113,123,16,57,135,92,51,102"/><U18/><E134/><V27/><F70/><W6/><G135/><T127/><D109/><U128/><E104/><V103/><F32/><W83/><G123/><T122/><D116/><U55/><E128/><V44/><F56/><W88/><G131/><T75/><D35/><U118/><E126/><V62/><F62/><W86/><G125/><T132/><D127/><U43/><E118/><V3/><F3/><W73/><G113/><T107/><D107/><U45/><E111/><V108/><F99/><N who="3" m="59751" /><G73/><T13/><D132/><U89/><E64/><V28/><F5/><W30/><G16/><T54/><D122/><U61/><E61/><V110/><F110/><W9/><G9/><T97/><D1/><U117/><E18/><V2/><F2/><W33/><G33/><T34/><D34/><U130/><E117/><V71/><F71/><W133/><G133/><T74/><D74/><U24/><E24/><V21/><F21/><W26/><G26/><T41/><D12/><U22/><E22/><V124/><F108/><W94/><G94/><T0/><D0/><U68/><E68/><V72/><F72/><W40/><G40/><T31/><D4/><AGARI ba="1,1" hai="4,6,7,29,30,51,52,57,83,86,88" m="59751" machi="4" ten="30,3900,0" yaku="8,1,54,2" doraHai="63" who="3" fromWho="0" sc="252,-42,213,0,235,0,290,52" /><INIT seed="6,0,0,1,1,44" ten="210,213,235,342" oya="2" hai0="57,98,100,133,33,29,88,113,36,71,14,83,10" hai1="70,68,119,51,76,19,90,120,25,123,117,110,77" hai2="48,114,31,11,93,130,85,61,16,96,30,58,49" hai3="102,65,108,131,3,99,72,23,4,5,84,37,28"/><V39/><F39/><W2/><G108/><T103/><D71/><N who="1" m="27179" /><E90/><N who="2" m="53455" /><F130/><W27/><G131/><T20/><D36/><U53/><E110/><V91/><F114/><W12/><G72/><T40/><D133/><U24/><E19/><V17/><F96/><W128/><G37/><T62/><D113/><U35/><E35/><V45/><F91/><W107/><G128/><T118/><D33/><U94/><E94/><V67/><F17/><W80/><G65/><T124/><D124/><U101/><E101/><V52/><F49/><W1/><REACH who="3" step="1"/><G12/><AGARI ba="0,0" hai="11,12,16,30,31,45,48,52,58,61,67" m="53455" machi="12" ten="30,11600,0" yaku="8,1,52,1,54,2" doraHai="44" who="2" fromWho="3" sc="210,0,213,0,235,116,342,-116" /><INIT seed="6,1,0,0,5,83" ten="210,213,351,226" oya="2" hai0="131,123,56,110,8,43,129,75,128,105,33,120,50" hai1="25,84,36,89,68,78,70,30,93,31,133,132,32" hai2="13,44,71,20,121,42,92,113,58,99,116,77,117" hai3="111,80,94,90,125,27,23,9,14,6,26,122,51"/><V53/><F113/><W22/><G111/><T82/><D33/><U17/><E36/><V3/><F121/><W19/><G122/><N who="0" m="46635" /><D110/><U126/><E126/><V134/><F134/><N who="1" m="51817" /><E31/><V102/><F3/><W114/><G125/><T45/><D105/><U64/><E78/><V91/><F71/><N who="1" m="27177" /><E17/><V5/><F77/><W21/><G114/><T107/><D107/><U11/><E64/><V39/><F102/><W18/><G80/><T118/><D118/><U52/><E52/><V62/><REACH who="2" step="1"/><F20/><REACH who="2" ten="210,213,341,226" step="2"/><N who="3" m="13599" /><G90/><T104/><D8/><AGARI ba="1,1" hai="8,11,25,30,32,84,89,93" m="27177,51817" machi="8" ten="30,2000,0" yaku="20,1,52,1" doraHai="83" who="1" fromWho="0" sc="210,-23,213,33,341,0,226,0" /><AGARI ba="1,0" hai="5,8,13,39,42,44,53,58,62,91,92,99,116,117" machi="8" ten="40,2000,0" yaku="1,1,53,0" doraHai="83" doraHaiUra="79" who="2" fromWho="0" sc="187,-20,246,0,341,20,226,0" /><INIT seed="6,2,0,5,5,49" ten="167,246,361,226" oya="2" hai0="109,130,8,97,67,44,79,77,133,92,126,11,62" hai1="93,12,47,24,87,33,120,40,132,28,95,34,16" hai2="20,3,102,131,115,88,100,31,6,78,21,68,107" hai3="55,128,48,23,114,43,122,116,61,63,9,27,41"/><V22/><F78/><W52/><G122/><T119/><D109/><U85/><E132/><V91/><F68/><W99/><G116/><T19/><D119/><U65/><E34/><V51/><F107/><W118/><G118/><T39/><D133/><U53/><E65/><V104/><F6/><W111/><G111/><T113/><D113/><U32/><E32/><V72/><F131/><W42/><G9/><T76/><D130/><U74/><E74/><V80/><F3/><W86/><G128/><T57/><D126/><U54/><E85/><V73/><F51/><W7/><G7/><T127/><D127/><U83/><E95/><V13/><F13/><W69/><G114/><T121/><D121/><U36/><E93/><V90/><F31/><N who="3" m="17919" /><G69/><T84/><D84/><U110/><E110/><V18/><F104/><W15/><G15/><T2/><D2/><U81/><E81/><V125/><F80/><W10/><G10/><T60/><D60/><N who="3" m="23113" /><G48/><T106/><D19/><U29/><E29/><V58/><F18/><W17/><G17/><T37/><D106/><U14/><E12/><V1/><F1/><W66/><G66/><T101/><REACH who="0" step="1"/><D37/><REACH who="0" ten="157,246,361,226" step="2"/><U117/><E117/><V129/><F125/><W70/><G86/><T5/><D5/><U112/><E112/><V56/><F129/><W64/><G99/><T108/><D108/><U135/><E135/><V82/><F115/><W134/><G134/><T25/><D25/><U38/><E38/><V103/><F73/><W59/><G70/><T35/><D35/><U26/><E120/><V71/><F71/><W75/><G75/><RYUUKYOKU ba="2,1" sc="157,10,246,-30,361,10,226,10" hai0="8,11,39,44,57,62,67,76,77,79,92,97,101" hai2="20,21,22,56,58,72,82,88,90,91,100,102,103" hai3="41,42,43,52,55,59,64" /><INIT seed="6,3,1,2,0,21" ten="167,216,371,236" oya="2" hai0="35,72,27,45,96,13,117,40,89,18,109,75,23" hai1="116,93,32,122,29,37,50,54,105,28,65,106,3" hai2="34,15,49,78,115,134,125,84,68,130,42,58,9" hai3="76,2,102,57,80,114,41,123,119,88,51,5,26"/><V67/><F125/><W53/><G119/><T4/><D109/><U135/><E116/><V30/><F134/><W55/><G123/><T85/><D117/><U69/><E3/><V46/><F130/><W103/><G41/><T127/><D127/><U86/><E28/><V11/><F115/><W8/><G114/><T16/><D96/><U112/><E37/><V31/><F11/><W92/><G55/><T70/><D70/><U79/><E65/><V22/><F22/><W90/><G90/><T131/><D4/><U81/><E69/><V71/><F71/><W44/><G44/><T19/><D131/><U59/><E135/><V101/><F101/><W121/><G121/><T60/><D60/><U124/><E122/><V14/><F14/><W95/><G95/><T111/><D35/><U24/><E124/><V110/><F34/><W113/><G113/><T83/><D111/><U77/><E77/><V98/><F78/><W107/><G107/><T1/><D1/><U7/><E7/><V25/><F68/><W97/><REACH who="3" step="1"/><G26/><REACH who="3" ten="167,216,371,226" step="2"/><T132/><D132/><U52/><E112/><V56/><F25/><W62/><G62/><T128/><D128/><U126/><E126/><V20/><F110/><W133/><G133/><T120/><D120/><U74/><E54/><V66/><F42/><W17/><G17/><T38/><D18/><U36/><E106/><V129/><F129/><W104/><G104/><T61/><D61/><U33/><E105/><V94/><F94/><W73/><AGARI ba="3,2" hai="2,5,8,51,53,57,73,76,80,88,92,97,102,103" machi="73" ten="20,5200,0" yaku="1,1,0,1,7,1,54,1,53,0" doraHai="21" doraHaiUra="63" who="3" fromWho="3" sc="167,-16,216,-16,371,-29,226,81" /><INIT seed="7,0,0,1,2,92" ten="151,200,342,307" oya="3" hai0="51,105,3,118,7,122,128,82,94,135,110,32,78" hai1="86,58,52,29,120,90,23,64,46,44,101,41,134" hai2="25,125,21,81,38,117,42,119,111,114,56,106,84" hai3="88,97,109,123,77,98,67,121,50,131,19,6,43"/><W100/><G6/><T57/><D7/><U66/><E120/><V36/><F106/><W1/><G1/><T89/><D3/><U40/><E134/><V12/><F111/><W65/><G77/><T20/><D20/><U13/><E101/><V45/><F114/><W76/><G76/><T5/><D5/><U83/><E46/><V48/><F125/><W31/><G109/><T130/><D32/><U104/><E104/><V103/><F103/><W127/><G127/><T107/><D110/><U96/><E96/><V71/><F71/><W70/><G70/><T85/><D57/><U69/><E40/><V39/><F12/><W79/><G79/><T49/><D122/><U124/><E69/><V35/><F35/><W72/><G72/><T33/><D33/><U26/><E13/><V60/><F84/><W95/><G131/><N who="0" m="50219" /><D118/><U74/><E74/><V28/><REACH who="2" step="1"/><F81/><REACH who="2" ten="151,200,332,307" step="2"/><W54/><G121/><T30/><D30/><U18/><E29/><V91/><F91/><W8/><G123/><T27/><D27/><U108/><E108/><V55/><AGARI ba="0,1" hai="21,25,28,36,38,39,42,45,48,55,56,60,117,119" machi="55" ten="30,2000,0" yaku="1,1,0,1,53,0" doraHai="92" doraHaiUra="0" who="2" fromWho="2" sc="151,-5,200,-5,332,30,307,-10" owari="146,-35.0,195,-20.0,362,45.0,297,10.0" /></mjloggm>