<mjloggm ver="2.3"><GO type="41" lobby="0"/><UN n0="%E3%82%82%E3%81%97%E3%82%83%E3%82%93" n1="%E7%AB%B6" n2="%E2%93%9D%53%75%70%68%78" n3="%49%4E%4F%55%45" dan="13,13,18,14" rate="1922.13,1931.97,2121.79,1918.79" sx="M,M,M,M"/><TAIKYOKU oya="0"/><INIT seed="0,0,0,0,2,131" ten="250,250,250,250" oya="0" hai0="100,20,102,38,116,15,89,119,83,84,12,87,88" hai1="40,34,37,10,99,39,114,115,107,104,129,105,133" hai2="111,43,21,112,42,128,57,92,94,117,0,26,126" hai3="18,52,58,125,86,47,132,75,16,121,98,72,85"/><T122/><D38/><U78/><E34/><V28/><F112/><W106/><G47/><T82/><REACH who="0" step="1"/><D20/><REACH who="0" ten="240,250,250,250" step="2"/><U109/><E129/><V7/><F21/><W22/><G121/><AGARI ba="0,1" hai="12,15,82,83,84,87,88,89,100,102,116,119,121,122" machi="121" ten="25,12000,1" yaku="1,1,2,1,22,2,54,1,53,0" doraHai="131" doraHaiUra="134" who="0" fromWho="3" sc="240,130,250,0,250,0,250,-120" /><INIT seed="0,1,0,2,5,62" ten="370,250,250,130" oya="0" hai0="0,74,112,103,113,57,22,78,127,122,60,64,89" hai1="130,35,51,72,63,53,134,24,55,40,81,68,10" hai2="79,80,37,86,11,128,65,114,20,93,135,73,115" hai3="88,94,105,82,38,119,70,71,97,83,69,96,47"/><T46/><D0/><U3/><E134/><V44/><F128/><W108/><G119/><T117/><D117/><U66/><E130/><V7/><F135/><W9/><G108/><T75/><D122/><U91/><E40/><V54/><F20/><W95/><G105/><T116/><D116/><U90/><E55/><V125/><F125/><W85/><G38/><T25/><D103/><U21/><E35/><V18/><F18/><W28/><G47/><T36/><D127/><U52/><E53/><V48/><F65/><W76/><G28/><T12/><D12/><U19/><E72/><V6/><F6/><W121/><G9/><T16/><D89/><U98/><E81/><V123/><F123/><W5/><G5/><T17/><D17/><U101/><E10/><V15/><F37/><W4/><G4/><T109/><D109/><U59/><REACH who="1" step="1"/><E3/><REACH who="1" ten="370,240,250,130" step="2"/><V32/><F32/><W120/><REACH who="3" step="1"/><G82/><REACH who="3" ten="370,240,250,120" step="2"/><T43/><REACH who="0" step="1"/><D78/><REACH who="0" ten="360,240,250,120" step="2"/><U107/><AGARI ba="1,3" hai="19,21,24,51,52,59,63,66,68,90,91,98,101,107" machi="107" ten="20,12000,2" yaku="1,1,2,1,0,1,7,1,52,1,54,1,53,0" doraHai="62" doraHaiUra="111" who="1" fromWho="1" sc="360,-61,240,153,250,-31,120,-31" /><INIT seed="1,0,0,3,2,107" ten="299,393,219,89" oya="1" hai0="117,17,43,36,64,68,82,42,102,96,67,127,77" hai1="111,54,44,98,46,75,74,103,99,124,87,65,91" hai2="70,41,135,35,30,4,60,3,63,115,122,19,56" hai3="22,85,52,129,126,24,38,13,119,8,40,6,69"/><U131/><E65/><V78/><F122/><W37/><G69/><T15/><D117/><U53/><E131/><V81/><F135/><W110/><G129/><T5/><D5/><U31/><E31/><V104/><F104/><W7/><G119/><T29/><D29/><U101/><E87/><V125/><F125/><W72/><G126/><T1/><D1/><U128/><E124/><V39/><F19/><W62/><G110/><T86/><D127/><U80/><E91/><V105/><F56/><W134/><G6/><T83/><D83/><U18/><E18/><V9/><F105/><W108/><G134/><T113/><D113/><U109/><E128/><V114/><F63/><W23/><G72/><T73/><D86/><U49/><E49/><V112/><F60/><W45/><G38/><T71/><D64/><U11/><E11/><V48/><F48/><W88/><G108/><T51/><D36/><U121/><E80/><V95/><F95/><W20/><G62/><T26/><D26/><U79/><REACH who="1" step="1"/><E79/><REACH who="1" ten="299,383,219,89" step="2"/><V47/><F115/><W12/><G12/><T100/><D67/><U0/><E0/><V34/><F114/><W28/><REACH who="3" step="1"/><G52/><REACH who="3" ten="299,383,219,79" step="2"/><T89/><D68/><U32/><E32/><V55/><F112/><W57/><G57/><T90/><D71/><U120/><AGARI ba="0,2" hai="44,46,53,54,74,75,98,99,101,103,109,111,120,121" machi="120" ten="25,24000,3" yaku="1,1,0,1,22,2,52,2,53,2" doraHai="107" doraHaiUra="50" who="1" fromWho="1" sc="299,-80,383,260,219,-80,79,-80" owari="219,2.0,643,74.0,139,-26.0,-1,-50.0" /></mjloggm>