<mjloggm ver="2.3"><GO type="41" lobby="0"/><UN n0="%6C%6F%76%65%73%79%79" n1="%E3%82%82%E3%82%8A%E3%82%82%E3%82%8A%E3%82%82%E3%82%8A%E3%82%8A%E3%82%93" n2="%E3%82%89%E3%81%BF%E3%81%BF" n3="%E2%93%9D%53%75%70%68%78" dan="15,13,14,18" rate="2006.18,1928.88,1888.31,2155.02" sx="F,M,F,M"/><TAIKYOKU oya="0"/><INIT seed="0,0,0,0,2,74" ten="250,250,250,250" oya="0" hai0="19,69,22,77,110,33,105,47,107,16,134,66,56" hai1="42,8,67,49,76,127,88,52,83,6,54,101,71" hai2="104,68,58,12,65,23,79,44,90,30,13,18,26" hai3="123,27,35,94,62,103,36,78,32,86,82,100,121"/><T25/><D134/><U128/><E128/><V118/><F104/><W48/><G36/><T64/><D110/><U46/><E127/><V109/><F109/><W129/><G48/><T55/><D33/><U84/><E101/><V73/><F68/><W98/><G129/><T53/><D69/><U72/><E71/><V131/><F131/><W87/><G62/><T130/><D130/><U10/><E67/><V24/><F118/><W80/><G27/><T117/><D117/><U7/><E10/><V15/><F90/><W96/><G94/><T99/><D99/><U132/><E132/><V116/><F116/><W89/><G89/><T50/><D105/><U0/><E6/><V112/><F112/><W1/><G1/><T34/><D107/><U38/><E49/><V43/><F73/><W93/><G93/><AGARI ba="0,0" hai="0,7,8,38,42,46,52,54,72,76,83,84,88,93" machi="93" ten="30,12000,2" yaku="7,1,25,2,52,1,54,2" doraHai="74" who="1" fromWho="3" sc="250,0,250,120,250,0,250,-120" /><INIT seed="1,0,0,0,5,26" ten="250,370,250,130" oya="1" hai0="127,69,84,34,25,63,121,132,80,44,117,81,91" hai1="8,108,66,20,79,126,10,9,6,60,75,125,3" hai2="134,33,103,36,73,65,23,129,35,61,42,89,76" hai3="39,11,64,32,15,37,123,99,48,53,118,54,101"/><U90/><E75/><V18/><F134/><W59/><G123/><T100/><D117/><U70/><E79/><V104/><F129/><W83/><G118/><T24/><D132/><U29/><E108/><V82/><F89/><W85/><G32/><T95/><D121/><U107/><E107/><V74/><F18/><W55/><G39/><T51/><D127/><N who="1" m="48651" /><E90/><V7/><F23/><W133/><G37/><T97/><D69/><U4/><E3/><V93/><F93/><W41/><G64/><T52/><D34/><U62/><E60/><V17/><F17/><W27/><G133/><T19/><D80/><U16/><E29/><V21/><F21/><W116/><G116/><T77/><D63/><U78/><E78/><V43/><F7/><W5/><G27/><AGARI ba="0,0" hai="4,6,8,9,10,16,20,27,62,66,70" m="48651" machi="27" ten="30,2900,0" yaku="18,1,54,1" doraHai="26" who="1" fromWho="3" sc="250,0,370,29,250,0,130,-29" /><INIT seed="1,1,0,3,5,99" ten="250,399,250,101" oya="1" hai0="31,112,106,68,19,120,85,53,80,86,93,34,47" hai1="129,126,23,122,79,8,22,11,15,96,74,26,48" hai2="7,58,59,63,17,66,134,118,70,9,108,14,39" hai3="5,98,76,117,69,6,4,88,77,29,92,0,28"/><U90/><E122/><V42/><F118/><W91/><G69/><T115/><D120/><U21/><E129/><V41/><F108/><W107/><G0/><T16/><D106/><U95/><E126/><V30/><F134/><W105/><G117/><T18/><D68/><U52/><E74/><V35/><F7/><W111/><G111/><T94/><D34/><U50/><E79/><V10/><F10/><W38/><G38/><T82/><D31/><U2/><E48/><V57/><REACH who="2" step="1"/><F39/><REACH who="2" ten="250,399,240,101" step="2"/><W60/><G6/><T128/><D128/><U132/><E132/><V124/><F124/><W97/><REACH who="3" step="1"/><G60/><REACH who="3" ten="250,399,240,91" step="2"/><T78/><D112/><U83/><E2/><V36/><F36/><W75/><G75/><T130/><D115/><U55/><E26/><AGARI ba="1,2" hai="9,14,17,26,30,35,41,42,57,58,59,63,66,70" machi="26" ten="40,1300,0" yaku="1,1,53,0" doraHai="99" doraHaiUra="71" who="2" fromWho="1" sc="250,0,399,-16,240,36,91,0" /><INIT seed="2,0,0,1,1,27" ten="250,383,276,91" oya="2" hai0="98,64,37,76,71,101,129,31,46,12,22,36,3" hai1="5,131,103,104,52,109,63,102,48,93,42,124,58" hai2="61,116,80,39,96,91,21,126,72,16,73,32,50" hai3="34,117,125,120,114,106,0,57,132,68,24,118,78"/><V1/><F116/><W59/><RYUUKYOKU type="yao9" ba="0,0" sc="250,0,383,0,276,0,91,0" hai3="0,24,34,57,59,68,78,106,114,117,118,120,125,132" /><INIT seed="2,1,0,3,1,15" ten="250,383,276,91" oya="2" hai0="52,101,85,86,41,19,5,73,12,54,102,90,83" hai1="49,31,26,69,116,27,127,120,70,61,60,92,76" hai2="24,106,72,113,56,10,121,53,36,8,67,93,126" hai3="103,123,125,131,22,110,51,47,95,75,63,57,84"/><V112/><F72/><W74/><G110/><T65/><D41/><U64/><E116/><V71/><F106/><W20/><G131/><T118/><D118/><U115/><E115/><V128/><F121/><W94/><G125/><T45/><D65/><U21/><E127/><V88/><F126/><W100/><G123/><T77/><D5/><U82/><E120/><V18/><F36/><W3/><G3/><T59/><D45/><U104/><E104/><V55/><F128/><W0/><G0/><T37/><D37/><U50/><E92/><V46/><F71/><W79/><G79/><T109/><D109/><U97/><E97/><N who="2" m="57511" /><F113/><W111/><G111/><T33/><D33/><U96/><E96/><V98/><F112/><W132/><G132/><T89/><D73/><U23/><E70/><V135/><F98/><W11/><G75/><T78/><D59/><U44/><E61/><N who="2" m="38311" /><F135/><W40/><G74/><T2/><D2/><U99/><E99/><V28/><F28/><W117/><G117/><T35/><D35/><U134/><E134/><V38/><F38/><W14/><G103/><N who="0" m="39435" /><D77/><U66/><E69/><V16/><F24/><W87/><G100/><T107/><D107/><U43/><E76/><V108/><F108/><W133/><G133/><T58/><D58/><U25/><E25/><V119/><F119/><W39/><G39/><T42/><D42/><U34/><E34/><V122/><F122/><W32/><G32/><T9/><D78/><U1/><E1/><V129/><F129/><W17/><G40/><T68/><D68/><U62/><E27/><V91/><F46/><RYUUKYOKU ba="1,0" sc="250,30,383,-10,276,-10,91,-10" hai0="9,12,19,52,54,83,85,86,89,90" /><INIT seed="3,2,0,5,5,91" ten="280,373,266,81" oya="3" hai0="104,71,60,5,16,12,29,67,13,76,56,122,132" hai1="97,34,99,4,65,64,121,0,50,10,105,63,95" hai2="38,80,46,7,22,66,48,45,111,59,123,1,75" hai3="84,42,118,39,70,25,47,96,134,24,73,93,54"/><W135/><G73/><T107/><D122/><U8/><E34/><V74/><F123/><W72/><G72/><T124/><D124/><U62/><E121/><V19/><F111/><W119/><G84/><T116/><D116/><U108/><E108/><V49/><F38/><W11/><G70/><T129/><D129/><U78/><E78/><V2/><F7/><W87/><G87/><T131/><D131/><U77/><E77/><V9/><F9/><W112/><G54/><T69/><D132/><N who="3" m="50729" /><G11/><T55/><D76/><U82/><E82/><V106/><F106/><W130/><G112/><T94/><D94/><U83/><E83/><V51/><F74/><W126/><G130/><T98/><D98/><U127/><E127/><V40/><F40/><W26/><G126/><T57/><D55/><U128/><E128/><V115/><F115/><W120/><G120/><T113/><D113/><U37/><E37/><V15/><F80/><W109/><G109/><T36/><D36/><U133/><E133/><V58/><F75/><W68/><G68/><T110/><D110/><U3/><E105/><V52/><F66/><W86/><G86/><T21/><D69/><U90/><E65/><V23/><F59/><W81/><G81/><T92/><D56/><U61/><E64/><V44/><REACH who="2" step="1"/><F23/><REACH who="2" ten="280,373,256,81" step="2"/><W79/><G79/><T32/><D104/><U17/><E4/><V102/><F102/><AGARI ba="2,1" hai="24,25,26,39,42,47,93,96,102,118,119" m="50729" machi="102" ten="30,2900,0" yaku="20,1,52,1" doraHai="91" who="3" fromWho="2" sc="280,0,373,0,256,-35,81,45" /><INIT seed="3,3,0,0,5,131" ten="280,373,221,126" oya="3" hai0="94,74,44,132,99,31,104,46,102,119,115,78,30" hai1="25,35,37,127,120,43,72,4,121,33,28,24,79" hai2="18,105,23,57,36,48,27,32,122,87,68,34,84" hai3="133,65,20,2,67,21,98,9,11,7,56,29,75"/><W60/><G75/><T110/><D119/><U26/><E127/><V50/><F36/><W6/><G133/><T130/><D130/><U123/><E79/><V118/><F68/><W62/><G29/><T95/><D132/><U88/><E72/><V1/><F1/><W114/><G114/><T124/><D115/><U47/><E4/><V107/><F118/><W129/><G129/><T17/><D124/><U42/><E28/><V91/><F122/><W112/><G112/><T77/><D110/><U106/><E106/><V53/><F84/><W51/><G51/><T14/><D104/><U39/><E88/><V58/><F107/><W108/><G98/><T111/><D111/><U61/><E61/><V113/><F105/><W92/><G92/><T117/><D117/><U128/><E128/><V16/><F18/><W66/><G108/><T89/><D30/><U71/><E71/><V125/><F125/><W100/><G100/><T8/><D31/><U81/><E81/><V3/><F3/><W90/><G90/><T64/><D64/><U15/><E15/><V101/><F101/><W10/><G2/><T70/><D70/><U135/><E135/><V76/><F76/><N who="0" m="29290" /><D74/><U45/><AGARI ba="3,0" hai="24,25,26,33,35,37,39,42,43,45,47,120,121,123" machi="45" ten="40,2700,0" yaku="0,1,9,1" doraHai="131" who="1" fromWho="1" sc="280,-10,373,36,221,-10,126,-16" /><INIT seed="4,0,0,2,0,9" ten="270,409,211,110" oya="0" hai0="43,26,91,131,14,62,17,133,58,119,65,25,57" hai1="100,82,39,48,107,75,16,47,23,44,24,115,135" hai2="85,113,130,32,4,52,38,77,18,79,109,69,35" hai3="123,112,46,132,103,10,11,121,33,114,37,34,76"/><T55/><D119/><U125/><E125/><V20/><F38/><W118/><G103/><T98/><D131/><U129/><E129/><V99/><F69/><W66/><G76/><T111/><D111/><U108/><E108/><V104/><F109/><W95/><G95/><N who="0" m="56703" /><D43/><U30/><E135/><V102/><F130/><W13/><G66/><T12/><D133/><U22/><E115/><N who="3" m="44074" /><G46/><T1/><D1/><U3/><E3/><V56/><F4/><N who="3" m="3271" /><G37/><T120/><D120/><N who="3" m="46153" /><G132/><T84/><D84/><U78/><E39/><V90/><F113/><W53/><G53/><T45/><D45/><U28/><E100/><V105/><F105/><W116/><G11/><T50/><D57/><U15/><E107/><V73/><F73/><W80/><G80/><T96/><D65/><U94/><E94/><V7/><F77/><W93/><G93/><T49/><D49/><U122/><E122/><V2/><F79/><W88/><G88/><T97/><D50/><U134/><E134/><V126/><F90/><W5/><G5/><T89/><D89/><U41/><E47/><V128/><F85/><W124/><G124/><T70/><D70/><U117/><E117/><AGARI ba="0,0" hai="33,34,116,117,118" m="46153,3271,44074" machi="117" ten="40,8000,1" yaku="15,1,13,1,34,2,52,1" doraHai="9" who="3" fromWho="1" sc="270,0,409,-80,211,0,110,80" /><INIT seed="5,0,0,5,2,113" ten="270,329,211,190" oya="1" hai0="87,36,7,74,39,101,24,75,44,27,10,82,28" hai1="76,96,80,104,119,14,99,49,64,127,111,81,84" hai2="95,33,114,9,116,67,11,134,78,124,129,115,94" hai3="47,30,97,13,50,22,98,91,17,135,58,65,1"/><U34/><E34/><V25/><F67/><W128/><G128/><T45/><D101/><U131/><E64/><V106/><F106/><W56/><G135/><T2/><D87/><U53/><E131/><V66/><F66/><W121/><G1/><T20/><D24/><U54/><E127/><V93/><F129/><W18/><G121/><T23/><D23/><U86/><E111/><V51/><F124/><W130/><G30/><T41/><D82/><U72/><E72/><V37/><F37/><W8/><G130/><T15/><REACH who="0" step="1"/><D2/><REACH who="0" ten="260,329,211,190" step="2"/><U31/><E81/><V62/><F25/><W38/><G98/><T40/><AGARI ba="0,1" hai="7,10,15,20,27,28,36,39,40,41,44,45,74,75" machi="40" ten="30,7900,0" yaku="1,1,2,1,0,1,9,1,53,0" doraHai="113" doraHaiUra="55" who="0" fromWho="0" sc="260,89,329,-39,211,-20,190,-20" /><INIT seed="6,0,0,4,0,49" ten="349,290,191,170" oya="2" hai0="81,129,104,79,84,39,95,112,35,28,44,22,47" hai1="18,45,54,3,107,114,15,24,78,103,75,11,57" hai2="97,130,125,2,115,69,31,33,117,100,71,74,77" hai3="92,0,65,38,12,26,66,14,122,88,121,43,113"/><V109/><RYUUKYOKU type="yao9" ba="0,0" sc="349,0,290,0,191,0,170,0" hai2="2,31,33,69,71,74,77,97,100,109,115,117,125,130" /><INIT seed="6,1,0,2,2,43" ten="349,290,191,170" oya="2" hai0="98,52,120,24,33,58,5,56,0,37,38,3,41" hai1="78,47,95,125,132,101,102,107,99,73,51,22,32" hai2="49,9,4,42,109,64,55,18,105,13,70,89,14" hai3="72,110,84,91,129,90,135,27,71,44,6,66,104"/><V82/><F105/><W92/><G110/><T34/><D120/><U85/><E32/><V65/><F109/><W48/><G72/><T31/><D33/><U54/><E132/><V77/><F42/><W40/><G104/><T87/><D98/><U35/><E35/><V26/><F70/><W69/><G129/><T83/><D56/><U100/><E125/><V63/><F26/><W17/><G135/><T61/><D5/><U36/><E36/><V75/><F89/><W25/><G6/><T116/><D116/><U39/><E39/><V20/><REACH who="2" step="1"/><F63/><REACH who="2" ten="349,290,181,170" step="2"/><W119/><G71/><T106/><D106/><U130/><E107/><V59/><AGARI ba="1,1" hai="4,9,13,14,18,20,49,55,59,64,65,75,77,82" machi="59" ten="20,12000,1" yaku="1,1,2,1,0,1,7,1,53,1" doraHai="43" doraHaiUra="1" who="2" fromWho="2" sc="349,-41,290,-41,181,133,170,-41" /><INIT seed="6,2,0,1,2,60" ten="308,249,314,129" oya="2" hai0="12,134,26,132,105,52,111,99,94,29,83,66,98" hai1="82,2,85,96,44,129,63,108,17,53,39,130,113" hai2="42,61,15,91,6,88,62,133,126,73,35,25,13" hai3="77,135,21,20,78,103,10,14,56,87,74,19,119"/><V100/><F73/><W58/><G119/><T50/><D111/><U49/><E2/><V7/><F133/><W71/><BYE who="0" /><G71/><UN n0="%6C%6F%76%65%73%79%79" /><T106/><D132/><U33/><E33/><V72/><F72/><W127/><G135/><T89/><D134/><U93/><E108/><V28/><F126/><W31/><G74/><T114/><D114/><U131/><E113/><V107/><F42/><W41/><G127/><T45/><D66/><U54/><E39/><V3/><F3/><W118/><G118/><T128/><D128/><U90/><E17/><V46/><F46/><W11/><G103/><T64/><D64/><U37/><E37/><V51/><F51/><W47/><G47/><T69/><D69/><U24/><E24/><V115/><F115/><W123/><G123/><T124/><D124/><U86/><E86/><V121/><F121/><W79/><G87/><T102/><D12/><N who="2" m="4682" /><F107/><W104/><G104/><T84/><REACH who="0" step="1"/><D98/><REACH who="0" ten="298,249,314,129" step="2"/><U1/><E1/><V112/><F112/><W116/><G116/><T32/><AGARI ba="2,1" hai="26,29,32,45,50,52,83,84,89,94,99,102,105,106" machi="32" ten="20,8000,1" yaku="1,1,2,1,0,1,7,1,54,1,53,0" doraHai="60" doraHaiUra="57" who="0" fromWho="0" sc="298,96,249,-22,314,-42,129,-22" /><INIT seed="7,0,0,1,1,92" ten="394,227,272,107" oya="3" hai0="32,108,118,66,96,3,28,86,52,95,132,14,116" hai1="61,8,71,111,109,57,23,2,101,37,119,131,35" hai2="81,29,24,11,33,13,69,78,46,91,0,122,10" hai3="83,89,44,22,133,104,123,76,54,40,59,4,41"/><W102/><G123/><T48/><D108/><U103/><E37/><V58/><F69/><W31/><G133/><T135/><D3/><U121/><E35/><V84/><F122/><W56/><G4/><T125/><D125/><U12/><E121/><V113/><F113/><W106/><G89/><T94/><D66/><U39/><E39/><V38/><F38/><W18/><G31/><T110/><D110/><U75/><E75/><V21/><F46/><W93/><G93/><T85/><D14/><U45/><E131/><V82/><F0/><W17/><G44/><T62/><D28/><U72/><E45/><V9/><F58/><W68/><G68/><T134/><D32/><U67/><E72/><V88/><F33/><W130/><G130/><T25/><D25/><U105/><E119/><V124/><F124/><W60/><G59/><T98/><D62/><U63/><E23/><V117/><F117/><W20/><G106/><T120/><D120/><U97/><E103/><V7/><REACH who="2" step="1"/><F91/><REACH who="2" ten="394,227,262,107" step="2"/><W15/><G102/><T26/><D116/><U99/><E2/><V114/><F114/><W16/><G104/><T77/><D118/><U49/><E49/><V19/><F19/><N who="3" m="7179" /><G22/><T74/><D132/><U79/><E79/><V55/><F55/><W127/><G127/><T115/><D52/><U126/><E126/><V112/><F112/><W34/><G34/><T100/><D77/><U5/><E101/><V43/><F43/><W129/><G129/><T50/><D100/><U80/><E105/><V73/><AGARI ba="0,1" hai="7,9,10,11,13,21,24,29,73,78,81,82,84,88" machi="73" ten="20,5200,0" yaku="1,1,0,1,7,1,54,1,53,0" doraHai="92" doraHaiUra="128" who="2" fromWho="2" sc="394,-13,227,-13,262,62,107,-26" owari="381,49.0,214,-19.0,324,12.0,81,-42.0" /></mjloggm>