<mjloggm ver="2.3"><GO type="41" lobby="0"/><UN n0="%E9%AB%98%E6%9C%A8%E7%B4%97%E5%8F%8B%E5%B8%8C" n1="%E2%93%9D%53%75%70%68%78" n2="%6E%2D%6D%69%7A%75" n3="%E3%83%87%E3%83%BC%E3%82%BF%E3%83%89%E3%83%AA%E3%83%96%E3%83%B3%E3%82%BA" dan="13,18,16,15" rate="1874.49,2096.95,2040.50,2081.81" sx="F,M,M,M"/><TAIKYOKU oya="0"/><INIT seed="0,0,0,0,1,44" ten="250,250,250,250" oya="0" hai0="28,27,38,67,72,5,116,122,50,15,1,132,68" hai1="109,71,99,113,111,79,63,74,26,35,47,2,24" hai2="129,65,69,130,37,84,90,0,42,46,57,21,135" hai3="95,121,13,105,25,76,36,34,19,31,98,56,78"/><T126/><D122/><U55/><E2/><V100/><F0/><W77/><G36/><T91/><D38/><U101/><E113/><V106/><F135/><W20/><G105/><T103/><D132/><U128/><E79/><V40/><F42/><W66/><G121/><T64/><D1/><U104/><E74/><V124/><F124/><W92/><G92/><T133/><D72/><U11/><E11/><V88/><F69/><W17/><G34/><T134/><D126/><U94/><E128/><V8/><F8/><W30/><G30/><T115/><D115/><U96/><E47/><V9/><F9/><W48/><G13/><T33/><D103/><U125/><E125/><V43/><F43/><W123/><G123/><T83/><D116/><U93/><E55/><V41/><F41/><W29/><G29/><T81/><D81/><U127/><E35/><V75/><F75/><W53/><REACH who="3" step="1"/><G66/><REACH who="3" ten="250,250,250,240" step="2"/><T51/><D67/><U131/><E104/><V32/><F32/><W49/><G49/><T97/><D64/><U108/><E127/><V23/><F106/><W7/><G7/><T120/><D5/><U4/><E4/><V54/><F65/><W102/><AGARI ba="0,1" hai="17,19,20,25,31,48,53,56,76,77,78,95,98,102" machi="102" ten="30,8000,1" yaku="1,1,0,1,8,1,52,1,53,1" doraHai="44" doraHaiUra="18" who="3" fromWho="3" sc="250,-40,250,-20,250,-20,240,90" /><INIT seed="1,0,0,2,1,57" ten="210,230,230,330" oya="1" hai0="102,15,80,134,133,122,69,16,124,35,83,73,129" hai1="26,84,40,104,77,82,93,0,17,34,125,29,106" hai2="127,107,71,55,112,43,64,118,108,28,75,72,97" hai3="24,22,33,110,18,90,9,51,135,39,79,52,103"/><U37/><E125/><V42/><F118/><W30/><G39/><T50/><D69/><U25/><E0/><V60/><F108/><W109/><G135/><N who="0" m="51723" /><D35/><U46/><E17/><V63/><F127/><W4/><G79/><N who="0" m="44143" /><D122/><U8/><E8/><V45/><F43/><W101/><G90/><T31/><D31/><U41/><E26/><V14/><F14/><W98/><G33/><T132/><D102/><U47/><REACH who="1" step="1"/><E93/><REACH who="1" ten="210,220,230,330" step="2"/><V130/><F112/><W99/><G30/><T68/><D16/><U44/><E44/><V12/><F28/><W32/><G110/><T115/><D124/><U13/><E13/><V2/><F2/><W96/><G109/><T121/><D115/><U61/><E61/><V5/><F12/><N who="3" m="5159" /><G32/><T119/><D15/><U3/><E3/><V105/><F107/><W66/><G66/><T27/><D27/><U54/><E54/><V48/><F5/><W91/><G18/><T89/><D132/><U120/><E120/><V76/><F105/><W85/><G24/><T128/><D121/><U116/><E116/><V126/><F126/><W58/><G22/><T78/><D119/><U23/><E23/><V113/><F113/><W86/><G52/><T65/><D65/><U6/><E6/><V100/><F55/><W49/><G49/><AGARI ba="0,1" hai="25,29,34,37,40,41,46,47,49,77,82,84,104,106" machi="49" ten="30,2900,0" yaku="1,1,7,1,53,0" doraHai="57" doraHaiUra="59" who="1" fromWho="3" sc="210,0,220,39,230,0,330,-29" /><INIT seed="1,1,0,5,5,103" ten="210,259,230,301" oya="1" hai0="15,87,84,129,31,73,104,27,116,121,76,80,33" hai1="23,67,59,29,130,127,105,133,126,13,128,1,109" hai2="60,78,63,6,82,0,19,52,66,36,79,81,92" hai3="17,40,101,71,55,43,91,72,41,42,47,49,48"/><U57/><E1/><V115/><F115/><W5/><G72/><T56/><D116/><U102/><E109/><V114/><F114/><W113/><G113/><T77/><D129/><N who="1" m="49771" /><E67/><V110/><F110/><W38/><G5/><T75/><D121/><U64/><E64/><V35/><F35/><W26/><G101/><T88/><D76/><U18/><E29/><V16/><F36/><W85/><G71/><T98/><D56/><N who="1" m="21579" /><E133/><V135/><F135/><W51/><G38/><T65/><D65/><U70/><E70/><V97/><F0/><W45/><G40/><T12/><D12/><U93/><E93/><V108/><F108/><W118/><G118/><T120/><D120/><U132/><E132/><V83/><F6/><W69/><G69/><T22/><D33/><U14/><E14/><V124/><F66/><W3/><G3/><T99/><D15/><U39/><E39/><V54/><F92/><N who="3" m="54383" /><G48/><T111/><D111/><U34/><E34/><V37/><F37/><W96/><G96/><AGARI ba="1,0" hai="13,18,23,96,102,105,126,127" m="21579,49771" machi="96" ten="30,2900,0" yaku="19,1,52,1" doraHai="103" who="1" fromWho="3" sc="210,0,259,32,230,0,301,-32" /><INIT seed="1,2,0,5,1,55" ten="210,291,230,269" oya="1" hai0="85,46,106,129,10,76,17,98,28,3,125,86,66" hai1="117,65,118,36,48,57,61,59,113,89,99,33,72" hai2="70,38,40,27,13,107,110,75,132,7,114,116,124" hai3="126,32,31,50,105,121,6,77,104,79,83,52,82"/><U47/><E72/><V39/><F27/><W58/><G121/><T51/><D129/><U41/><E33/><V54/><F13/><W42/><G126/><T109/><D109/><U122/><E89/><V131/><F54/><W12/><G32/><T73/><D73/><U5/><E5/><V97/><F40/><W81/><G31/><T62/><D28/><U21/><E99/><V133/><F7/><W78/><REACH who="3" step="1"/><G42/><REACH who="3" ten="210,291,230,259" step="2"/><T24/><D125/><U92/><E122/><V119/><F116/><W15/><G15/><T34/><D34/><U80/><E118/><V0/><F132/><W56/><G56/><T64/><D3/><U112/><E117/><V4/><F4/><W43/><G43/><T63/><D24/><U88/><E59/><V29/><F29/><W60/><G60/><T14/><D63/><U102/><E36/><V37/><F39/><W20/><G20/><T71/><D62/><U74/><E21/><V18/><F18/><W9/><AGARI ba="2,1" hai="6,9,12,50,52,58,77,78,79,81,82,83,104,105" machi="9" ten="40,8000,1" yaku="1,1,0,1,52,1,54,1,53,0" doraHai="55" doraHaiUra="35" who="3" fromWho="3" sc="210,-22,291,-42,230,-22,259,96" /><INIT seed="2,0,0,1,3,133" ten="188,249,208,355" oya="2" hai0="31,83,54,108,20,60,42,114,4,103,89,82,79" hai1="14,128,126,92,84,91,68,75,58,47,64,72,39" hai2="49,131,129,29,0,135,19,45,125,36,10,95,67" hai3="132,51,43,12,93,120,86,50,124,55,13,113,26"/><V127/><F29/><W15/><G120/><T76/><D108/><U44/><E68/><V41/><F95/><W37/><G124/><N who="2" m="47689" /><F67/><W102/><G132/><T32/><D32/><U74/><E128/><N who="2" m="49227" /><F19/><W65/><G113/><T104/><D114/><U123/><E64/><V57/><F135/><W63/><G93/><T52/><D31/><U116/><E92/><V27/><F27/><W106/><G26/><T53/><D4/><U30/><E30/><V69/><F69/><W62/><G65/><T23/><D104/><U17/><E17/><V110/><F110/><W73/><G106/><T56/><D42/><U18/><E18/><V107/><F107/><W46/><G43/><T118/><D103/><U90/><E126/><V105/><F105/><W25/><G102/><T71/><D71/><U101/><E101/><V35/><F35/><W81/><G25/><T1/><D56/><U7/><E58/><V99/><F99/><W98/><G98/><T9/><D60/><U34/><E34/><V61/><F61/><W88/><G62/><T77/><D9/><U59/><E59/><V100/><F100/><W33/><G63/><T28/><D28/><U111/><E111/><V48/><F57/><W70/><G70/><T94/><D94/><U115/><E115/><V122/><F122/><W130/><G33/><T85/><D83/><U24/><E123/><V119/><F119/><W121/><G130/><T21/><D118/><U3/><E116/><V87/><F87/><W96/><G86/><T78/><N who="0" m="19456" /><DORA hai="38" /><T16/><D16/><U5/><E84/><V66/><F66/><RYUUKYOKU ba="0,0" sc="188,15,249,-15,208,15,355,-15" hai0="1,20,21,23,52,53,54,82,85,89" hai2="0,10,36,41,45,48,49" /><INIT seed="2,1,0,1,2,72" ten="203,234,223,340" oya="2" hai0="44,63,8,51,71,89,100,86,18,20,92,14,23" hai1="90,88,24,96,19,41,103,99,130,128,94,79,114" hai2="111,84,97,15,120,76,64,12,77,124,109,108,60" hai3="85,29,135,4,93,125,126,83,102,28,30,1,3"/><V98/><F120/><W119/><G119/><T73/><D73/><U112/><E41/><V49/><F49/><W22/><G22/><T70/><D100/><U80/><E19/><V131/><F124/><N who="3" m="47723" /><G4/><T52/><D63/><U42/><E24/><V9/><F131/><N who="1" m="50217" /><E42/><V105/><F84/><W106/><G93/><T53/><D53/><U40/><E40/><V47/><F47/><W55/><G55/><T46/><D46/><U68/><E68/><N who="2" m="41991" /><F15/><W43/><G43/><T33/><D33/><U54/><E54/><V31/><F31/><W69/><G69/><T37/><D37/><U21/><E21/><V16/><F98/><N who="3" m="61783" /><G135/><T82/><D71/><U118/><E118/><V34/><F34/><W13/><G13/><T132/><D70/><U101/><E101/><AGARI ba="1,0" hai="9,12,16,76,77,97,101,105,108,109,111" m="41991" machi="101" ten="30,12000,1" yaku="14,1,10,1,52,2,54,1" doraHai="72" who="2" fromWho="1" sc="203,0,234,-123,223,123,340,0" /><INIT seed="2,2,0,3,5,105" ten="203,111,346,340" oya="2" hai0="128,110,114,37,2,92,84,1,60,129,12,85,34" hai1="127,20,30,38,10,0,96,91,33,76,83,7,61" hai2="27,107,11,71,57,51,134,103,9,130,24,15,14" hai3="19,81,28,72,17,35,102,36,25,70,94,122,3"/><V49/><F71/><W104/><G122/><T69/><D37/><U4/><E127/><V124/><F107/><W97/><G3/><T99/><D34/><U21/><E38/><V54/><F103/><W13/><G36/><T29/><D29/><U119/><E119/><V73/><F124/><W62/><G94/><T95/><D114/><U120/><E7/><V39/><F39/><W56/><G13/><T5/><D110/><U63/><E33/><V82/><F130/><W68/><G68/><T53/><D12/><U58/><E63/><V64/><F64/><N who="3" m="41239" /><G56/><T45/><D45/><U89/><E120/><V116/><F116/><W31/><G31/><T18/><D18/><U86/><E96/><V87/><F134/><W16/><G81/><T133/><D133/><U125/><E125/><V23/><F51/><W48/><G48/><T66/><D53/><U74/><E30/><V26/><F23/><W108/><G108/><T42/><D42/><U22/><REACH who="1" step="1"/><E86/><REACH who="1" ten="203,101,346,340" step="2"/><V79/><F87/><W47/><G47/><T109/><D85/><U46/><E46/><V98/><F98/><W44/><G44/><T41/><D84/><U40/><E40/><V52/><F54/><AGARI ba="2,1" hai="0,4,10,20,21,22,54,58,61,74,76,83,89,91" machi="54" ten="40,2600,0" yaku="1,1,52,1,53,0" doraHai="105" doraHaiUra="113" who="1" fromWho="2" sc="203,0,101,42,346,-32,340,0" /><INIT seed="3,0,0,3,2,0" ten="203,143,314,340" oya="3" hai0="121,46,32,90,62,71,5,79,133,129,99,92,114" hai1="70,47,69,54,24,26,115,77,91,51,4,8,42" hai2="111,10,134,67,102,132,9,108,93,100,50,25,61" hai3="60,78,95,44,117,27,52,3,82,55,120,30,97"/><W122/><G117/><T48/><D32/><U80/><E115/><V38/><F38/><W58/><G3/><T113/><D121/><U66/><E91/><V131/><F131/><W74/><G44/><T119/><D119/><U130/><E130/><V85/><F50/><W21/><REACH who="3" step="1"/><G55/><REACH who="3" ten="203,143,314,330" step="2"/><T40/><D129/><U1/><E54/><V125/><F132/><W88/><AGARI ba="0,1" hai="21,27,30,52,58,60,74,78,82,88,95,97,120,122" machi="88" ten="20,18000,2" yaku="1,1,2,1,0,1,7,1,54,2,53,0" doraHai="0" doraHaiUra="127" who="3" fromWho="3" sc="203,-60,143,-60,314,-60,330,190" /><INIT seed="3,1,0,2,2,113" ten="143,83,254,520" oya="3" hai0="87,55,45,104,34,98,134,81,32,83,22,93,5" hai1="36,46,79,56,88,114,135,48,9,94,21,97,50" hai2="118,107,75,89,96,4,8,65,132,130,52,0,61" hai3="128,71,18,59,19,82,42,121,72,26,67,66,70"/><W25/><G42/><T95/><D134/><U90/><E114/><V44/><F130/><W15/><G121/><T31/><D5/><U13/><E135/><V100/><F132/><W133/><G133/><T6/><D6/><U38/><E79/><V29/><F75/><W23/><G128/><T16/><D104/><U119/><E119/><V78/><F78/><W54/><G72/><T69/><D69/><U60/><E21/><V47/><F118/><W91/><G71/><T86/><D45/><U85/><E38/><V10/><F8/><W117/><G70/><T62/><D31/><U2/><E2/><V127/><F127/><W63/><G117/><T12/><D32/><U24/><E24/><V99/><F29/><W43/><G43/><T68/><D34/><U14/><E36/><V41/><F41/><W80/><G25/><T7/><D7/><U17/><E14/><V40/><F40/><W30/><G19/><T106/><D106/><U131/><E46/><V39/><F39/><W64/><REACH who="3" step="1"/><G91/><REACH who="3" ten="143,83,254,510" step="2"/><N who="0" m="53503" /><D68/><U111/><E131/><V35/><F89/><W57/><G57/><N who="0" m="35135" /><D86/><U77/><E77/><V92/><F44/><W103/><G103/><AGARI ba="1,1" hai="12,16,22,81,83,95,98,103" m="35135,53503" machi="103" ten="30,2000,0" yaku="8,1,54,1" doraHai="113" who="0" fromWho="3" sc="143,33,83,0,254,0,510,-23" /><INIT seed="4,0,0,0,3,69" ten="176,83,254,487" oya="0" hai0="105,57,120,8,66,43,78,55,1,0,23,28,59" hai1="103,21,109,32,37,128,126,133,121,64,40,110,95" hai2="84,61,74,115,117,82,15,72,17,48,34,125,71" hai3="20,52,91,68,56,35,25,54,94,70,58,132,99"/><T81/><D105/><U53/><E32/><V118/><F34/><W14/><G132/><T108/><D108/><U63/><E103/><V2/><F2/><W77/><G35/><T6/><D1/><U131/><E95/><V50/><F125/><W107/><G107/><T93/><D120/><U73/><E73/><V88/><F115/><W7/><G77/><T79/><D79/><U3/><E21/><V19/><F17/><W86/><G86/><T24/><D66/><U90/><E90/><V102/><F102/><W129/><G129/><N who="1" m="49738" /><E3/><V60/><F50/><W30/><G58/><T130/><D130/><U10/><E10/><V124/><F48/><W45/><G45/><T9/><D9/><U104/><E104/><V5/><F5/><W65/><G70/><T31/><D31/><U87/><E87/><V16/><F19/><W46/><G68/><T42/><D93/><U112/><E121/><V11/><F124/><W85/><G46/><T39/><D81/><U49/><E126/><V122/><F122/><W100/><G14/><T83/><D83/><U89/><E110/><V76/><F71/><W111/><G7/><T123/><D6/><U18/><E109/><V106/><F106/><W13/><G13/><T22/><D0/><U26/><E133/><V119/><F74/><W27/><G111/><T41/><D123/><U127/><E127/><V113/><F113/><W44/><G30/><T62/><D28/><U12/><E112/><V101/><F101/><W36/><G100/><T38/><D78/><U33/><E33/><V75/><F75/><W98/><G91/><RYUUKYOKU ba="0,0" sc="176,-10,83,-10,254,30,487,-10" hai2="11,15,16,60,61,72,76,82,84,88,117,118,119" /><INIT seed="5,1,0,4,0,94" ten="166,73,284,477" oya="1" hai0="110,66,44,73,10,1,107,80,45,42,74,126,37" hai1="68,16,132,32,133,84,2,53,89,57,129,38,123" hai2="5,69,106,24,97,124,78,4,15,30,109,58,130" hai3="63,7,91,87,117,21,34,47,99,65,76,135,75"/><U103/><E123/><V48/><F109/><W92/><G34/><T19/><D110/><U72/><E72/><V17/><F78/><W121/><G121/><T28/><D126/><U111/><E111/><V101/><F124/><W95/><G75/><T120/><D120/><U86/><E68/><V100/><F130/><W81/><G135/><N who="1" m="51786" /><E38/><V39/><F39/><W93/><G117/><T82/><D66/><U55/><E2/><V6/><F100/><W26/><G7/><T22/><D28/><U0/><E0/><V96/><F69/><W41/><G47/><T118/><D118/><U113/><E32/><V102/><F48/><W60/><G41/><T9/><D107/><U14/><E113/><V83/><F83/><W52/><G60/><T105/><D105/><U18/><E103/><N who="2" m="39435" /><F58/><N who="3" m="35271" /><G65/><T128/><D74/><U116/><E129/><V40/><F40/><W50/><G50/><T20/><D73/><U79/><E116/><V104/><F104/><W11/><G11/><T54/><D10/><N who="1" m="6231" /><E57/><V125/><F125/><W67/><G67/><T77/><D1/><U13/><E79/><V85/><F106/><W31/><AGARI ba="1,0" hai="21,26,31,76,81,87,91,92,93,95,99" m="35271" machi="31" ten="30,4000,0" yaku="8,1,52,1,54,1" doraHai="94" who="3" fromWho="3" sc="166,-11,73,-21,284,-11,477,43" /><INIT seed="6,0,0,4,4,135" ten="155,52,273,520" oya="2" hai0="27,107,36,87,134,79,24,2,22,67,123,6,4" hai1="46,63,114,109,16,33,122,64,99,129,91,130,116" hai2="66,120,77,58,43,127,56,55,93,71,62,72,112" hai3="113,106,15,70,44,20,21,132,7,65,73,37,101"/><V9/><F120/><W47/><G73/><T30/><D107/><U52/><E33/><V13/><F112/><W42/><G70/><T26/><D36/><U69/><E116/><V75/><F77/><W54/><G65/><T8/><D67/><U103/><E109/><V83/><F83/><W80/><G106/><T10/><D87/><U85/><E114/><V97/><F43/><W53/><G101/><T34/><D79/><U92/><E122/><V95/><F71/><W28/><G132/><T82/><D82/><U121/><E121/><V17/><F127/><W81/><G15/><N who="0" m="5511" /><D134/><U124/><E16/><V14/><F13/><W61/><G7/><T29/><D123/><U90/><E124/><V105/><F105/><W125/><G61/><T88/><D88/><U41/><E41/><V49/><F93/><W76/><G42/><T115/><D115/><U39/><E39/><V131/><F131/><W108/><G113/><T86/><D86/><U25/><E25/><AGARI ba="0,0" hai="2,6,10,22,24,25,26,27,29,30,34" m="5511" machi="25" ten="30,8000,1" yaku="35,5" doraHai="135" who="0" fromWho="1" sc="155,80,52,-80,273,0,520,0" owari="235,-16.0,-28,-53.0,273,7.0,520,62.0" /></mjloggm>