<mjloggm ver="2.3"><GO type="41" lobby="0"/><UN n0="%E2%93%9D%53%75%70%68%78" n1="%E3%82%84%E3%81%BE%E3%81%A0%E3%81%A0%E3%81%91%E3%81%A9%E3%82%82" n2="%E9%87%8D%E9%B3%A5%E7%BF%94" n3="%E3%82%AA%E3%83%96%E3%83%88%E3%82%B5%E3%82%BD%E3%83%AA" dan="18,13,14,14" rate="2102.89,1833.45,1950.77,1978.93" sx="M,M,M,M"/><TAIKYOKU oya="0"/><INIT seed="0,0,0,2,3,107" ten="250,250,250,250" oya="0" hai0="74,44,3,50,124,109,101,58,130,94,80,40,14" hai1="2,49,13,15,57,5,88,7,0,63,24,21,20" hai2="97,51,122,46,89,82,126,6,70,32,65,43,87" hai3="29,72,86,116,27,99,59,113,1,114,93,95,76"/><T54/><D3/><N who="1" m="1067" /><E49/><V22/><F32/><W61/><G1/><T115/><D115/><U30/><E88/><V4/><F122/><W25/><G86/><T112/><D124/><U81/><E57/><V48/><F126/><W47/><G47/><T52/><D130/><U110/><E63/><V69/><F69/><W67/><G25/><T111/><D112/><U9/><E81/><V42/><F70/><W131/><G95/><T23/><D101/><U121/><E121/><V26/><F97/><W8/><G8/><T62/><D94/><U19/><E110/><N who="0" m="41993" /><D14/><U10/><E21/><V103/><F65/><W31/><G131/><T84/><D23/><U120/><E120/><V108/><F103/><W38/><G38/><T127/><D127/><U55/><E55/><V75/><F75/><W34/><G31/><AGARI ba="0,0" hai="5,7,9,10,13,15,19,20,24,30,31" m="1067" machi="31" ten="30,8000,1" yaku="35,5" doraHai="107" who="1" fromWho="3" sc="250,0,250,80,250,0,250,-80" /><INIT seed="1,0,0,3,2,49" ten="250,330,250,170" oya="1" hai0="112,12,107,48,110,46,3,1,30,105,25,96,128" hai1="34,76,119,108,77,11,7,70,84,45,102,47,18" hai2="27,122,113,19,60,35,64,79,57,15,9,91,43" hai3="121,59,38,130,103,65,134,0,67,44,69,93,89"/><U98/><E119/><V92/><F122/><W39/><G0/><T26/><D112/><U125/><E125/><V53/><F113/><W106/><G121/><T62/><D110/><U2/><E70/><V131/><F131/><W123/><G123/><T88/><D128/><U124/><E124/><V95/><F79/><W132/><G130/><T17/><D62/><U97/><E34/><V126/><F126/><W127/><G69/><T116/><D107/><U94/><E108/><V68/><F43/><W99/><G127/><T71/><D116/><U58/><E18/><V81/><F81/><W28/><G28/><T54/><D71/><U42/><E84/><V118/><F118/><W4/><G4/><T21/><D26/><U13/><E2/><V66/><F68/><W111/><G111/><T82/><D105/><U72/><E72/><V23/><F35/><W24/><G24/><T74/><D74/><U100/><E58/><V83/><F83/><W29/><G29/><T40/><D40/><U135/><E135/><N who="3" m="51754" /><G44/><T104/><D104/><U31/><E31/><V20/><F20/><W85/><G59/><T55/><D3/><U115/><E115/><V133/><F133/><W5/><G5/><T41/><D1/><U22/><E22/><V36/><F36/><AGARI ba="0,0" hai="36,38,39,65,67,85,89,93,99,103,106" m="51754" machi="36" ten="30,1000,0" yaku="20,1" doraHai="49" who="3" fromWho="2" sc="250,0,330,0,250,-10,170,10" /><INIT seed="2,0,0,4,2,69" ten="250,330,240,180" oya="2" hai0="7,85,26,76,90,52,126,89,34,53,99,103,124" hai1="33,14,118,21,64,66,119,92,56,135,77,91,28" hai2="16,130,123,105,102,129,86,125,54,74,20,38,94" hai3="40,116,71,61,109,62,3,8,110,50,29,84,87"/><V63/><F123/><W47/><G29/><T46/><D7/><U120/><E120/><V9/><F125/><N who="0" m="48234" /><D76/><U107/><E107/><V5/><F74/><W72/><G116/><T131/><D131/><N who="2" m="50186" /><F105/><W58/><G72/><T17/><D46/><U35/><E77/><V51/><F63/><W30/><G30/><N who="0" m="19799" /><D17/><U88/><E135/><V134/><F134/><W39/><G3/><T100/><D90/><U25/><E14/><N who="2" m="9239" /><F86/><W75/><G8/><T45/><D45/><U1/><E1/><N who="2" m="175" /><F94/><W22/><G75/><T97/><D97/><U70/><E70/><V115/><F102/><N who="0" m="38954" /><D99/><U82/><E92/><AGARI ba="0,0" hai="52,53,85,89,92" m="38954,19799,48234" machi="92" ten="30,2000,0" yaku="18,1,54,1" doraHai="69" who="0" fromWho="1" sc="250,20,330,-20,240,0,180,0" /><INIT seed="3,0,0,5,0,10" ten="270,310,240,180" oya="3" hai0="93,132,111,107,43,58,122,100,46,109,60,108,41" hai1="94,126,53,27,106,84,57,89,105,83,72,62,115" hai2="90,116,131,117,25,12,30,56,128,65,81,51,80" hai3="11,48,19,1,40,102,6,99,33,61,67,98,113"/><W32/><G99/><T101/><D122/><U66/><E115/><V87/><F116/><W77/><G113/><T31/><D107/><U104/><E126/><V21/><F117/><W97/><G77/><T37/><D132/><U70/><E27/><V3/><F3/><W85/><G85/><T123/><D123/><U64/><E70/><V78/><F51/><W47/><G19/><T9/><D43/><U82/><E82/><V96/><F56/><W39/><G48/><T38/><D31/><U20/><E20/><V26/><F65/><W86/><G97/><T91/><D9/><U79/><AGARI ba="0,0" hai="53,57,62,64,66,72,79,83,84,89,94,104,105,106" machi="79" ten="40,1500,0" yaku="0,1" doraHai="10" who="1" fromWho="1" sc="270,-4,310,15,240,-4,180,-7" /><INIT seed="4,0,0,4,1,54" ten="266,325,236,173" oya="0" hai0="40,94,116,89,86,20,15,90,80,60,131,81,18" hai1="129,91,99,27,61,92,133,29,5,77,134,120,11" hai2="117,58,62,52,71,44,16,24,23,7,64,28,104" hai3="32,132,84,105,83,82,25,118,12,2,34,108,17"/><T57/><D131/><U8/><E120/><V95/><F104/><W4/><G105/><T130/><D130/><U48/><E129/><V56/><F71/><W110/><G118/><T100/><D116/><U112/><E77/><V30/><F117/><W87/><G132/><N who="1" m="50794" /><E112/><V98/><F44/><W65/><G65/><T126/><D126/><U69/><E5/><V97/><F7/><W102/><G102/><T68/><D68/><U127/><E127/><V10/><F10/><W114/><G114/><T76/><D40/><U51/><E51/><N who="2" m="30751" /><F98/><W122/><G122/><T36/><D36/><U85/><E48/><V124/><F124/><W109/><G2/><T103/><D81/><N who="1" m="49583" /><E61/><V22/><F22/><W101/><G4/><T72/><REACH who="0" step="1"/><D90/><AGARI ba="0,0" hai="16,23,24,28,30,58,62,64,90,95,97" m="30751" machi="90" ten="30,8000,1" yaku="8,1,52,2,54,2" doraHai="54" who="2" fromWho="0" sc="266,-80,325,0,236,80,173,0" /><INIT seed="5,0,0,3,5,52" ten="186,325,316,173" oya="1" hai0="12,34,99,65,38,32,59,87,83,57,5,18,134" hai1="123,76,20,108,43,10,37,30,31,97,132,77,130" hai2="48,95,80,54,131,2,4,23,33,27,50,21,44" hai3="100,1,36,68,114,107,64,119,28,111,63,6,121"/><U96/><E123/><V74/><F131/><W135/><G28/><T112/><D38/><U102/><E132/><V51/><F33/><W66/><G6/><T79/><D134/><U13/><E130/><V58/><F95/><W73/><G100/><T15/><D112/><U115/><E115/><V122/><F122/><W124/><G63/><T24/><D65/><U60/><E97/><V89/><F27/><W117/><G64/><T90/><D34/><U84/><E108/><V7/><F2/><W70/><G66/><T22/><D32/><U82/><E77/><V116/><F116/><W93/><G93/><N who="0" m="56759" /><D15/><U110/><E110/><V47/><F74/><W19/><G19/><N who="0" m="12383" /><D5/><N who="2" m="2122" /><F89/><W104/><G68/><T78/><D78/><U0/><E0/><V98/><F80/><W41/><G41/><T69/><D69/><U125/><E125/><V126/><F98/><W62/><G62/><T29/><D29/><U101/><E60/><N who="2" m="35927" /><F126/><W17/><G17/><T129/><D129/><U72/><E72/><V53/><F51/><W16/><G16/><T81/><D81/><U40/><E37/><V49/><F49/><W71/><G71/><T26/><D26/><N who="1" m="16711" /><E31/><V88/><F88/><W9/><G9/><AGARI ba="0,0" hai="9,12,18,57,59,79,83,87" m="12383,56759" machi="9" ten="30,3900,0" yaku="8,1,52,2" doraHai="52" who="0" fromWho="3" sc="186,39,325,0,316,0,173,-39" /><INIT seed="6,0,0,4,1,74" ten="225,325,316,134" oya="2" hai0="26,99,8,101,96,114,90,97,42,108,49,17,5" hai1="84,131,18,51,105,70,39,0,32,111,57,64,134" hai2="19,79,80,121,15,2,75,71,76,119,46,116,67" hai3="13,73,43,104,107,86,59,58,112,87,36,124,45"/><V102/><F121/><W106/><G73/><T47/><D108/><U20/><E84/><V55/><F2/><W122/><G122/><T61/><D114/><U125/><E20/><V3/><F3/><W33/><G33/><T60/><D101/><U52/><E18/><V37/><F102/><W29/><G29/><T81/><D5/><U25/><E25/><V38/><F67/><W4/><G124/><T132/><D132/><U41/><E32/><V11/><F71/><W12/><G112/><T117/><D117/><U69/><E0/><V24/><F38/><W63/><G4/><T31/><D31/><U94/><E94/><V7/><F37/><W35/><G35/><T68/><D68/><N who="1" m="26219" /><E105/><V98/><F98/><W1/><G1/><T85/><REACH who="0" step="1"/><D26/><REACH who="0" ten="215,325,316,134" step="2"/><U14/><E111/><V23/><F119/><W128/><G128/><T126/><D126/><U9/><E125/><V50/><F116/><W27/><G27/><T92/><D92/><U129/><E134/><V91/><F75/><W66/><REACH who="3" step="1"/><G59/><REACH who="3" ten="215,325,316,124" step="2"/><T103/><D103/><U130/><E129/><V93/><F80/><W82/><G82/><T48/><D48/><U110/><E110/><V135/><F135/><W118/><G118/><T123/><D123/><U53/><E130/><V28/><F28/><W10/><G10/><T6/><D6/><U40/><E131/><V89/><F24/><W88/><G88/><T65/><D65/><U115/><E64/><V56/><F91/><W62/><G62/><T100/><D100/><U133/><E115/><V16/><F7/><W127/><G127/><T54/><D54/><RYUUKYOKU ba="0,2" sc="215,15,325,-15,316,-15,124,15" hai0="8,17,42,47,49,60,61,81,85,90,96,97,99" hai3="12,13,36,43,45,58,63,66,86,87,104,106,107" /><INIT seed="7,1,2,5,0,88" ten="230,310,301,139" oya="3" hai0="48,84,59,117,97,107,68,0,63,1,132,135,25" hai1="86,23,99,120,102,11,133,94,37,5,108,18,128" hai2="34,104,55,91,122,60,69,131,62,118,12,87,90" hai3="64,95,30,89,79,9,16,50,56,29,85,93,8"/><W47/><G79/><T17/><D117/><U82/><E108/><V42/><F118/><W40/><G8/><T115/><D84/><U72/><E37/><V92/><F104/><W41/><G41/><T36/><D36/><U49/><E120/><V123/><F34/><W125/><G125/><T103/><D48/><U21/><E133/><N who="0" m="51273" /><D68/><U71/><E71/><V46/><F131/><W100/><G64/><N who="0" m="39039" /><D115/><U33/><E33/><V124/><F124/><W54/><G40/><T15/><D25/><U96/><E72/><V27/><F27/><W19/><G47/><T70/><D70/><U35/><E35/><V119/><F119/><W20/><G9/><AGARI ba="1,2" hai="0,1,9,15,17,97,103,107" m="39039,51273" machi="9" ten="30,1000,0" yaku="20,1" doraHai="88" who="0" fromWho="3" sc="230,33,310,0,301,0,139,-13" owari="263,-14.0,310,41.0,301,10.0,126,-37.0" /></mjloggm>