<mjloggm ver="2.3"><GO type="41" lobby="0"/><UN n0="%79%75%75%6A%75%6E%6B%69" n1="%6B%75%6E%6F%6E%61%72%63" n2="%E2%93%9D%53%75%70%68%78" n3="%6B%65%6E%74%75%63%6B%79" dan="15,14,18,13" rate="1995.80,1939.11,2056.63,1801.99" sx="F,F,M,M"/><TAIKYOKU oya="0"/><INIT seed="0,0,0,1,0,97" ten="250,250,250,250" oya="0" hai0="92,25,129,17,54,38,65,83,132,84,121,125,30" hai1="82,45,48,78,23,109,93,21,37,26,57,40,1" hai2="36,43,12,85,73,105,107,11,51,39,28,44,0" hai3="22,130,86,76,67,42,56,108,69,77,122,9,3"/><T102/><D121/><U104/><E109/><V68/><F73/><W131/><G108/><T74/><D125/><U46/><E104/><V87/><F0/><W110/><G110/><T49/><D38/><U13/><E1/><V115/><F68/><W4/><G69/><T8/><D132/><U95/><E57/><V98/><F28/><W16/><G42/><T126/><D126/><U96/><E96/><V118/><F115/><W64/><G122/><T120/><D120/><U35/><E13/><V100/><F107/><W7/><G4/><T5/><D129/><N who="3" m="49161" /><G86/><T124/><D65/><N who="3" m="25161" /><G56/><T99/><D74/><U91/><E91/><V111/><F118/><W41/><G41/><T29/><D17/><U55/><E23/><V31/><F111/><W116/><G116/><T19/><D19/><U34/><E34/><V47/><F31/><W59/><G59/><T53/><D29/><U24/><E35/><V135/><F135/><W14/><AGARI ba="0,0" hai="3,7,9,14,16,22,76,77" m="25161,49161" machi="14" ten="30,2000,0" yaku="19,1,54,1" doraHai="97" who="3" fromWho="3" sc="250,-10,250,-5,250,-5,250,20" /><INIT seed="1,0,0,1,3,129" ten="240,245,245,270" oya="1" hai0="61,16,94,8,29,101,118,122,131,93,107,23,134" hai1="19,35,72,79,62,113,81,127,82,117,77,53,49" hai2="21,67,39,110,22,85,58,26,63,31,121,76,50" hai3="92,2,84,135,100,120,80,4,20,38,5,105,54"/><U90/><E113/><V25/><F110/><W6/><G120/><T103/><D118/><U73/><E117/><V64/><F39/><W69/><G69/><T86/><D131/><U65/><E35/><V30/><F121/><W13/><G38/><T74/><D74/><U60/><E127/><V70/><F70/><W12/><G135/><T7/><D122/><U125/><E125/><V15/><F50/><W11/><G54/><T98/><D29/><U124/><E124/><V95/><F15/><W56/><G56/><T36/><D36/><U9/><E65/><V116/><F116/><W48/><G48/><T66/><D107/><U75/><E90/><V27/><F27/><W115/><G105/><T89/><D134/><U46/><REACH who="1" step="1"/><E75/><REACH who="1" ten="240,235,245,270" step="2"/><V44/><F67/><W68/><G115/><T111/><D66/><U109/><E109/><V33/><F33/><W43/><G100/><T55/><D103/><U130/><E130/><V112/><F112/><W97/><G2/><T108/><D108/><U59/><E59/><V126/><F126/><W102/><G68/><T1/><D111/><U51/><E51/><V104/><F58/><W78/><REACH who="3" step="1"/><G43/><REACH who="3" ten="240,235,245,260" step="2"/><T133/><D1/><U52/><E52/><V0/><F0/><W17/><AGARI ba="0,2" hai="4,5,6,11,12,13,17,20,78,80,84,92,97,102" machi="17" ten="30,7900,0" yaku="1,1,2,1,0,1,8,1,53,0" doraHai="129" doraHaiUra="24" who="3" fromWho="3" sc="240,-20,235,-39,245,-20,260,99" /><INIT seed="2,0,0,1,0,115" ten="220,196,225,359" oya="2" hai0="127,8,116,74,96,85,32,106,95,57,40,89,24" hai1="133,66,105,59,60,21,76,118,97,4,19,27,6" hai2="64,12,84,124,51,108,69,112,101,68,71,135,42" hai3="110,93,36,20,17,129,81,5,104,54,10,82,37"/><V94/><F112/><W49/><G110/><T132/><D127/><U123/><E133/><V130/><F124/><W65/><G65/><T44/><D132/><U1/><E123/><V70/><F135/><W107/><G129/><T16/><D74/><U125/><E125/><V92/><F130/><W114/><G114/><T35/><D57/><U30/><E76/><V79/><F108/><W22/><G93/><T91/><D106/><U45/><E45/><V98/><F12/><W18/><G54/><T90/><D90/><U67/><E67/><V109/><F109/><W88/><G10/><T47/><D47/><U23/><E118/><V72/><F72/><W117/><G49/><T73/><D73/><U75/><E75/><V7/><F7/><W15/><G15/><T120/><D120/><U62/><E62/><V29/><F29/><W38/><G117/><T121/><D121/><U134/><E134/><V102/><F51/><W11/><G11/><T77/><D77/><U78/><E78/><V48/><F48/><W126/><G126/><T131/><D131/><U14/><E1/><V55/><F55/><W34/><G34/><T87/><D96/><U122/><E122/><V39/><F42/><W86/><G5/><T28/><D116/><U53/><REACH who="1" step="1"/><E66/><REACH who="1" ten="220,186,225,359" step="2"/><V83/><F64/><W99/><G38/><T9/><D44/><U63/><E63/><V103/><F71/><W13/><G37/><T0/><D0/><U61/><E61/><V58/><F39/><W33/><G36/><T46/><D46/><U52/><E52/><V43/><F43/><W25/><G107/><RYUUKYOKU ba="0,1" sc="220,-10,186,30,225,-10,359,-10" hai1="4,6,14,19,21,23,27,30,53,59,60,97,105" /><INIT seed="3,1,1,5,4,88" ten="210,216,215,349" oya="3" hai0="58,121,94,110,68,37,105,41,102,130,124,43,101" hai1="114,15,89,26,97,1,35,80,57,118,95,107,10" hai2="56,67,98,87,79,9,128,18,2,36,44,21,60" hai3="28,7,31,66,55,78,123,65,108,111,106,17,76"/><W38/><G38/><T132/><D58/><U92/><E114/><V75/><F128/><W85/><G106/><T96/><D121/><U84/><E118/><V63/><F75/><W22/><G123/><T47/><D68/><U90/><E1/><V100/><F63/><W16/><G7/><T91/><D110/><N who="3" m="42025" /><G55/><T24/><D124/><U32/><E26/><V64/><F64/><N who="3" m="24683" /><G85/><T40/><D132/><U62/><E107/><V30/><F36/><W51/><G51/><T122/><D122/><U5/><REACH who="1" step="1"/><E80/><REACH who="1" ten="210,206,215,349" step="2"/><V126/><F126/><W129/><G129/><T61/><D105/><U6/><E6/><V27/><F2/><W29/><G22/><T131/><D131/><U117/><E117/><V86/><F21/><W45/><G45/><T71/><D130/><U59/><E59/><V12/><F44/><W115/><G115/><T103/><D24/><U99/><E99/><V34/><REACH who="2" step="1"/><F79/><AGARI ba="1,2" hai="16,17,28,29,31,76,78,79" m="24683,42025" machi="79" ten="40,12000,1" yaku="28,2,14,1,10,1,54,1" doraHai="88" who="3" fromWho="2" sc="210,0,206,0,215,-123,349,143" /><INIT seed="3,2,0,3,2,85" ten="210,206,92,492" oya="3" hai0="44,1,107,10,2,4,89,83,104,24,132,126,46" hai1="8,62,11,71,29,94,50,14,65,35,31,58,105" hai2="56,76,111,98,66,15,38,33,39,114,32,95,18" hai3="54,55,96,64,121,88,52,86,59,106,122,130,101"/><W43/><G130/><T19/><D126/><U25/><E105/><V23/><F114/><W30/><G30/><T36/><D132/><U84/><E14/><V57/><F111/><W80/><G43/><T78/><D24/><U5/><E29/><V40/><F76/><W20/><G20/><T6/><D19/><U77/><E5/><V34/><F40/><W118/><G118/><T3/><D89/><U135/><E135/><V47/><F47/><W134/><G134/><T92/><D92/><U87/><E87/><V12/><F66/><W67/><REACH who="3" step="1"/><G59/><REACH who="3" ten="210,206,92,482" step="2"/><T27/><D36/><U51/><E58/><V97/><F34/><W37/><G37/><T125/><D125/><U110/><E110/><V49/><F23/><W91/><G91/><T69/><D44/><U60/><E11/><V22/><F22/><W42/><G42/><T16/><D46/><U7/><E8/><V100/><F33/><W117/><G117/><T116/><D116/><U53/><E35/><V41/><F41/><W127/><G127/><T123/><D10/><U26/><E31/><V120/><F32/><W109/><G109/><T63/><D69/><U128/><E71/><V99/><F39/><W61/><G61/><T21/><D63/><U72/><E62/><V48/><F38/><W75/><G75/><T115/><D115/><U82/><E72/><V133/><F133/><W0/><G0/><T119/><D119/><U90/><E60/><V73/><F73/><W108/><G108/><T13/><D1/><U131/><E128/><V28/><F28/><W70/><G70/><T113/><D113/><RYUUKYOKU ba="2,1" sc="210,-10,206,-10,92,-10,482,30" hai3="52,54,55,64,67,80,86,88,96,101,106,121,122" /><INIT seed="3,3,1,5,1,58" ten="200,196,82,512" oya="3" hai0="111,126,59,50,42,0,67,13,129,72,23,26,65" hai1="124,31,56,5,75,134,22,24,20,48,110,115,40" hai2="46,108,116,43,107,60,4,63,86,62,128,89,21" hai3="54,53,34,117,95,118,91,77,84,92,81,12,123"/><W132/><G123/><T130/><D0/><U29/><E110/><V98/><F116/><W14/><G34/><T74/><D126/><U73/><E115/><V127/><F108/><W119/><G132/><T112/><D111/><U96/><E124/><V100/><F127/><W85/><G95/><T52/><D112/><U133/><E5/><V69/><F128/><N who="0" m="49258" /><D13/><U125/><E125/><V113/><F113/><W105/><G105/><T49/><D42/><U9/><E96/><V104/><F104/><W71/><G71/><T19/><D49/><U80/><E9/><V28/><F4/><W57/><REACH who="3" step="1"/><G54/><REACH who="3" ten="200,196,82,502" step="2"/><T97/><D97/><U94/><E94/><V78/><F69/><W131/><G131/><T33/><D33/><U70/><E70/><V61/><F107/><W120/><G120/><T41/><D41/><U122/><E122/><V36/><F98/><W90/><G90/><T39/><D39/><U93/><E93/><V17/><F89/><W3/><G3/><T47/><D47/><U35/><E35/><V8/><F46/><W30/><G30/><T37/><D37/><U55/><E40/><V38/><F43/><W88/><G88/><T64/><AGARI ba="3,2" hai="19,23,26,50,52,59,64,65,67,72,74" m="49258" machi="64" ten="30,2000,0" yaku="19,1,54,1" doraHai="58" who="0" fromWho="0" sc="200,49,196,-8,82,-8,502,-13" /><INIT seed="4,0,0,0,5,107" ten="249,188,74,489" oya="0" hai0="131,76,55,14,84,121,103,115,102,22,8,47,28" hai1="5,10,78,130,4,38,120,26,96,58,88,34,57" hai2="44,1,105,133,46,9,135,45,30,37,68,101,16" hai3="90,113,61,99,56,86,3,91,23,83,81,128,17"/><T73/><D121/><U13/><E120/><V15/><F68/><W50/><G3/><T85/><D115/><U118/><E118/><V134/><F30/><W106/><G113/><T19/><D131/><U77/><E38/><V60/><F1/><W98/><G50/><T54/><D73/><U62/><E5/><V104/><F37/><W67/><G128/><T75/><D75/><U89/><E130/><V93/><REACH who="2" step="1"/><F60/><REACH who="2" ten="249,188,64,489" step="2"/><W51/><G61/><T94/><D28/><U64/><E34/><V114/><F114/><W92/><G51/><T127/><D127/><U59/><E59/><V70/><F70/><W117/><G56/><T41/><D47/><U82/><E58/><V63/><F63/><W111/><G117/><T110/><D110/><U32/><E32/><V125/><F125/><W66/><G111/><T31/><D31/><U27/><E57/><V52/><F52/><W119/><G119/><T71/><D71/><U43/><E62/><V100/><F100/><W129/><G129/><T42/><D102/><U69/><E64/><V11/><F11/><W65/><G67/><T33/><D8/><U87/><E69/><V72/><F72/><W20/><G66/><T108/><D108/><U80/><E43/><V18/><F18/><W112/><G17/><T36/><D36/><U35/><E35/><V95/><F95/><W74/><G92/><T126/><D33/><U132/><E10/><V53/><F53/><W122/><G65/><T123/><D126/><U49/><E49/><V109/><F109/><W2/><G2/><T7/><D55/><U21/><E21/><RYUUKYOKU ba="0,1" sc="249,-10,188,-10,64,30,489,-10" hai2="9,15,16,44,45,46,93,101,104,105,133,134,135" /><INIT seed="5,1,1,4,0,67" ten="239,178,94,479" oya="1" hai0="50,58,33,5,111,118,80,49,119,113,89,99,135" hai1="101,102,18,103,114,39,44,11,123,78,107,1,61" hai2="134,34,62,79,40,117,66,77,65,68,109,110,13" hai3="88,55,131,22,125,130,4,70,9,30,87,27,94"/><U37/><E123/><V0/><F0/><W54/><G70/><T115/><D111/><U35/><E35/><V32/><F13/><W122/><G122/><T91/><D33/><U19/><E114/><N who="0" m="43529" /><D135/><U96/><E78/><V106/><F40/><W26/><G125/><T116/><D5/><U28/><E28/><V53/><F53/><W71/><G71/><T31/><D31/><U6/><E61/><V90/><F106/><W3/><G27/><T112/><D58/><U45/><E102/><V83/><F68/><W126/><G126/><T56/><D56/><U57/><E57/><V85/><F134/><W120/><G120/><T21/><D21/><U82/><E82/><V84/><F83/><W25/><REACH who="3" step="1"/><G26/><REACH who="3" ten="239,178,94,469" step="2"/><T132/><D112/><U46/><REACH who="1" step="1"/><E101/><REACH who="1" ten="239,168,94,469" step="2"/><V64/><F110/><W81/><G81/><T95/><D132/><U100/><E100/><V7/><F109/><W12/><G12/><T8/><D80/><U52/><E52/><AGARI ba="1,3" hai="3,4,9,22,25,30,52,54,55,87,88,94,130,131" machi="52" ten="40,5200,0" yaku="1,1,54,2,53,0" doraHai="67" doraHaiUra="63" who="3" fromWho="1" sc="239,0,168,-55,94,0,469,85" /><INIT seed="6,0,0,2,2,120" ten="239,113,94,554" oya="2" hai0="11,79,82,20,101,77,12,109,43,114,42,87,106" hai1="102,104,76,7,108,74,41,47,22,3,25,95,134" hai2="10,83,1,124,54,46,31,126,133,38,111,13,59" hai3="130,15,69,88,125,29,135,90,78,84,132,113,18"/><V96/><F1/><W27/><G69/><T39/><D114/><U53/><E134/><N who="3" m="51242" /><G125/><N who="2" m="48233" /><F133/><W107/><G107/><T49/><D39/><N who="1" m="21951" /><E104/><V121/><F31/><W26/><G26/><T55/><D79/><U116/><E95/><V60/><F121/><W63/><G63/><T30/><D106/><U131/><E102/><V67/><F96/><W75/><G75/><T40/><D101/><U97/><E97/><V62/><F83/><N who="3" m="47223" /><G113/><T14/><D11/><N who="1" m="2559" /><E53/><V80/><F80/><W9/><G130/><T24/><D55/><U61/><E61/><N who="2" m="38335" /><F111/><W129/><G129/><T105/><D109/><U122/><E131/><V45/><F38/><W117/><G117/><T44/><D105/><U64/><E116/><V19/><F62/><W51/><G51/><T37/><D49/><U86/><E108/><V119/><F119/><W93/><G93/><T32/><D37/><U57/><E122/><V85/><F85/><W21/><AGARI ba="0,0" hai="9,15,18,21,27,29,88,90" m="47223,51242" machi="21" ten="30,2000,0" yaku="20,1,54,1" doraHai="120" who="3" fromWho="3" sc="239,-5,113,-5,94,-10,554,20" /><INIT seed="7,0,0,5,2,123" ten="234,108,84,574" oya="3" hai0="93,28,44,126,132,117,112,34,74,0,30,76,13" hai1="105,104,12,68,106,53,33,97,135,114,133,5,94" hai2="64,43,3,32,51,57,17,20,78,108,54,91,90" hai3="83,47,100,60,116,7,98,113,122,96,125,4,134"/><W131/><G116/><T29/><D0/><U45/><E33/><V65/><F32/><W56/><G47/><T58/><D117/><U48/><E68/><V109/><F3/><W49/><G122/><T26/><D93/><U39/><E114/><V59/><F78/><W40/><G83/><T42/><D58/><U87/><E87/><V101/><F101/><W115/><G125/><T9/><D132/><N who="1" m="50763" /><E39/><V19/><F43/><W88/><G131/><T85/><D126/><U128/><E128/><V111/><F19/><W18/><G18/><T38/><D74/><U2/><E2/><V6/><F6/><W27/><G27/><T14/><D14/><U129/><E129/><V71/><F71/><W10/><G49/><T99/><D99/><U121/><E121/><V81/><F81/><W24/><G24/><T36/><D36/><U95/><E97/><V77/><F77/><W67/><G40/><T1/><D1/><U41/><E41/><V130/><F130/><W31/><G31/><T11/><D11/><AGARI ba="0,0" hai="5,11,12,45,48,53,94,95,104,105,106" m="50763" machi="11" ten="40,1300,0" yaku="20,1" doraHai="123" who="1" fromWho="0" sc="234,-13,108,13,84,0,574,0" owari="221,2.0,121,-28.0,84,-42.0,574,68.0" /></mjloggm>