<mjloggm ver="2.3"><GO type="41" lobby="0"/><UN n0="%E2%93%9D%53%75%70%68%78" n1="%E3%82%86%E3%83%BC%E3%82%8A" n2="%E5%B0%8F%E6%9E%97%E6%B5%81%E9%9B%80%E5%A3%AB" n3="%6B%6F%61%6C%61" dan="18,14,14,15" rate="2094.10,1871.18,1899.89,2028.70" sx="M,M,M,M"/><TAIKYOKU oya="0"/><INIT seed="0,0,0,1,1,80" ten="250,250,250,250" oya="0" hai0="125,47,106,107,132,64,73,43,109,92,72,34,85" hai1="11,31,46,119,30,37,10,17,117,70,122,123,128" hai2="88,116,49,134,103,6,100,126,94,69,87,20,15" hai3="95,127,57,1,75,14,91,19,24,74,86,62,8"/><T113/><D34/><U0/><E70/><V121/><F69/><W129/><G129/><T3/><D3/><U104/><E104/><N who="0" m="39977" /><D47/><U98/><E98/><V32/><F121/><N who="1" m="46089" /><E46/><V44/><F126/><W101/><G127/><T118/><D43/><U65/><E65/><V71/><F71/><W105/><G1/><T16/><D16/><U133/><E37/><V68/><F68/><W112/><G112/><T78/><D64/><U115/><E128/><V33/><F116/><N who="1" m="44617" /><E133/><V55/><F134/><W26/><G105/><T21/><D21/><U58/><E58/><V120/><F120/><W66/><G101/><T96/><D125/><U48/><E48/><V13/><F33/><W9/><G9/><N who="1" m="3082" /><E0/><V45/><F32/><W61/><G61/><T90/><D118/><U7/><E7/><V59/><F6/><W97/><G66/><T41/><D41/><U25/><E115/><V4/><F4/><W28/><G62/><T83/><D113/><U51/><E51/><N who="2" m="31231" /><F15/><W111/><G14/><T114/><D114/><U82/><E82/><V124/><F124/><W60/><G60/><T110/><D132/><U42/><E42/><N who="2" m="24727" /><F45/><W108/><G57/><T2/><D2/><U36/><E36/><V93/><F93/><W84/><G95/><T56/><D56/><U89/><E30/><V12/><F12/><W38/><G28/><T130/><D130/><U135/><E135/><V18/><AGARI ba="0,0" hai="13,18,20,87,88,94,100,103" m="24727,31231" machi="18" ten="30,7900,0" yaku="25,1,8,1,52,1,54,1" doraHai="80" who="2" fromWho="2" sc="250,-39,250,-20,250,79,250,-20" /><INIT seed="1,0,0,4,4,69" ten="211,230,329,230" oya="1" hai0="88,60,19,133,78,43,102,72,17,109,134,76,12" hai1="87,114,22,104,67,28,82,2,94,121,21,33,75" hai2="123,26,16,132,68,77,65,20,117,56,29,7,106" hai3="96,127,45,23,54,4,112,124,92,42,110,66,58"/><U111/><E104/><V39/><F123/><W3/><G112/><T59/><D102/><U47/><E114/><V100/><F117/><W105/><G105/><T83/><D43/><U37/><E121/><V128/><F128/><W119/><G110/><T30/><D30/><U24/><E111/><V93/><F132/><N who="0" m="50794" /><D109/><U126/><E2/><V35/><F7/><W89/><G119/><T10/><D19/><U46/><E67/><V98/><F68/><W25/><G66/><N who="0" m="39199" /><D72/><U116/><E126/><V135/><F135/><W51/><G4/><T74/><D74/><U5/><E5/><V108/><F108/><W8/><G3/><T131/><D131/><U32/><E75/><V34/><F77/><W18/><REACH who="3" step="1"/><G8/><REACH who="3" ten="211,230,329,220" step="2"/><T61/><D61/><AGARI ba="0,1" hai="18,23,25,42,45,51,54,58,61,89,92,96,124,127" machi="61" ten="40,8000,1" yaku="1,1,2,1,25,2,53,0" doraHai="69" doraHaiUra="97" who="3" fromWho="0" sc="211,-80,230,0,329,0,220,90" /><INIT seed="2,0,0,1,2,64" ten="131,230,329,310" oya="2" hai0="25,110,131,91,74,126,21,50,29,35,1,75,53" hai1="48,119,68,104,13,120,84,5,34,65,72,8,77" hai2="83,2,54,10,130,115,129,95,78,108,101,45,4" hai3="116,51,80,26,14,44,98,125,86,97,20,94,60"/><V40/><F115/><W66/><G116/><T43/><D110/><U24/><E104/><V28/><F28/><W127/><G14/><T76/><D131/><N who="2" m="50186" /><F108/><W106/><G106/><T55/><D126/><U63/><E120/><V17/><F17/><W107/><G107/><T121/><D1/><U132/><E132/><V81/><F54/><W103/><G98/><T122/><D43/><U90/><E119/><V89/><F101/><W61/><G127/><T32/><D91/><U85/><E72/><V9/><F9/><W47/><G125/><T128/><D128/><U36/><E36/><N who="2" m="21639" /><F78/><W49/><G47/><T87/><D76/><U6/><E6/><V12/><F12/><W67/><G44/><T73/><D55/><U114/><E114/><V70/><F70/><W0/><G0/><T112/><D112/><U102/><E48/><V93/><F93/><W82/><G82/><T58/><REACH who="0" step="1"/><D87/><AGARI ba="0,0" hai="2,4,10,81,83,87,89,95" m="21639,50186" machi="87" ten="30,1500,0" yaku="19,1" doraHai="64" who="2" fromWho="0" sc="131,-15,230,0,329,15,310,0" /><INIT seed="2,1,0,1,1,29" ten="116,230,344,310" oya="2" hai0="92,20,94,57,33,90,102,5,52,134,67,6,31" hai1="11,84,91,121,106,69,131,46,118,45,111,38,65" hai2="95,30,80,15,129,32,73,82,61,1,13,7,21" hai3="56,49,47,60,124,0,126,115,99,130,59,2,109"/><V24/><F129/><W79/><G130/><T113/><D113/><U25/><E118/><V128/><F128/><W3/><G115/><T37/><D37/><U66/><E131/><V127/><F127/><W44/><G79/><T114/><D134/><U63/><E106/><V55/><F73/><W101/><G109/><T58/><D114/><U103/><E103/><V75/><F75/><W43/><G47/><T133/><D33/><U53/><E111/><V8/><F95/><W105/><REACH who="3" step="1"/><G59/><REACH who="3" ten="116,230,344,300" step="2"/><T88/><D133/><U23/><E45/><V54/><F15/><W89/><G89/><T19/><D58/><U10/><E46/><V68/><F68/><W119/><G119/><T18/><D90/><U104/><E69/><V93/><F93/><W39/><G39/><T98/><D94/><U74/><E91/><V110/><F110/><W116/><G116/><T107/><D107/><U85/><E38/><V81/><REACH who="2" step="1"/><F61/><REACH who="2" ten="116,230,334,300" step="2"/><W28/><G28/><T72/><D31/><U71/><E63/><V120/><F120/><W108/><G108/><T100/><D92/><U51/><E71/><V9/><F9/><W34/><G34/><T12/><D12/><U132/><E10/><V27/><F27/><W62/><G62/><T64/><D102/><U42/><E11/><V77/><F77/><W125/><G125/><T83/><D100/><U17/><E132/><V123/><F123/><W117/><G117/><T97/><D88/><U40/><E121/><V41/><F41/><N who="1" m="15977" /><E104/><V96/><F96/><W112/><G112/><T87/><D98/><U76/><E76/><V48/><F48/><RYUUKYOKU ba="1,2" sc="116,-15,230,-15,334,15,300,15" hai2="1,7,8,13,21,24,30,32,54,55,80,81,82" hai3="0,2,3,43,44,49,56,60,99,101,105,124,126" /><INIT seed="2,2,2,0,2,17" ten="101,215,349,315" oya="2" hai0="99,124,28,67,96,89,114,30,98,25,129,59,112" hai1="130,13,97,94,38,52,78,93,82,58,23,91,20" hai2="1,39,41,103,40,72,113,49,84,64,75,123,79" hai3="92,76,60,77,122,50,51,26,27,10,32,135,87"/><V19/><F123/><W70/><G122/><T12/><D129/><U88/><E38/><V15/><F113/><W65/><G135/><T117/><D124/><U0/><E0/><V18/><F1/><W83/><G32/><T128/><D128/><U109/><E109/><V81/><F103/><W118/><G118/><T80/><D117/><U3/><E3/><V24/><F64/><W68/><G68/><T34/><D12/><U100/><E130/><V16/><F24/><W54/><G76/><T57/><D67/><U120/><E120/><V29/><F29/><W14/><G92/><T61/><D61/><N who="1" m="36039" /><E13/><V55/><F15/><W22/><G54/><T44/><D114/><U8/><E8/><V31/><F31/><W42/><G42/><T105/><D105/><U73/><E73/><V4/><F4/><W132/><G132/><T131/><D131/><U133/><E133/><V66/><F66/><W33/><G33/><T56/><D112/><U69/><E69/><V104/><F104/><W106/><G106/><T90/><D30/><U108/><E108/><V9/><F9/><W21/><G27/><T48/><REACH who="0" step="1"/><D80/><REACH who="0" ten="91,215,349,315" step="2"/><U63/><E63/><V111/><F111/><W11/><G14/><T5/><D5/><U134/><E134/><V107/><F107/><W121/><G121/><T101/><D101/><U74/><E100/><V6/><F6/><W102/><G102/><T115/><D115/><U2/><E2/><V116/><F116/><W53/><G65/><T35/><D35/><U62/><E62/><V47/><F39/><W46/><G60/><T95/><D95/><RYUUKYOKU ba="2,3" sc="91,10,215,10,349,10,315,-30" hai0="25,28,34,44,48,56,57,59,89,90,96,98,99" hai1="20,23,74,78,82,88,91,93,94,97" hai2="16,18,19,40,41,47,49,55,72,75,79,81,84" /><INIT seed="2,3,3,2,2,93" ten="101,225,359,285" oya="2" hai0="104,92,38,9,31,22,77,65,0,116,61,113,20" hai1="115,71,74,54,41,80,58,91,29,126,35,3,85" hai2="128,26,98,24,81,37,15,60,8,67,125,36,10" hai3="117,101,124,19,112,57,102,2,86,49,45,39,109"/><V123/><F123/><W79/><G117/><T32/><D104/><U53/><E71/><V122/><F122/><W11/><G109/><T75/><D113/><U16/><E115/><V7/><F125/><W89/><G112/><T12/><D38/><U42/><E3/><V28/><F128/><W96/><G124/><T130/><D0/><U56/><E126/><V13/><F81/><W1/><G39/><T46/><D46/><U50/><E74/><V25/><F28/><W64/><G1/><T111/><D111/><U114/><E114/><V51/><F51/><W21/><G79/><T6/><D130/><U44/><E35/><V131/><F131/><W63/><G2/><T47/><D47/><N who="1" m="27871" /><E29/><V18/><REACH who="2" step="1"/><F98/><REACH who="2" ten="101,225,349,285" step="2"/><W59/><G96/><T33/><D31/><U127/><E127/><V66/><F66/><W110/><G110/><T97/><D116/><U118/><E118/><V119/><F119/><W27/><G64/><T108/><D108/><U78/><E80/><V14/><F14/><W82/><G49/><T121/><D121/><U100/><E42/><V69/><AGARI ba="3,4" hai="7,8,10,13,15,18,24,25,26,36,37,60,67,69" machi="69" ten="30,11700,0" yaku="1,1,0,1,53,2" doraHai="93" doraHaiUra="4" who="2" fromWho="2" sc="101,-42,225,-42,349,166,285,-42" /><INIT seed="2,4,0,0,4,113" ten="59,183,515,243" oya="2" hai0="82,86,55,100,95,77,42,63,60,92,20,117,79" hai1="74,45,4,93,5,25,109,64,111,23,132,131,56" hai2="128,15,35,50,46,99,22,53,96,11,116,10,12" hai3="37,69,129,133,135,67,49,9,127,3,13,120,94"/><V118/><F35/><W103/><G120/><T130/><D130/><U19/><E74/><V32/><F32/><W38/><G3/><T48/><D42/><U1/><E131/><V30/><F128/><W2/><G2/><T59/><D79/><U72/><E72/><V115/><F115/><W68/><G129/><T36/><D36/><U54/><E64/><V108/><F108/><N who="1" m="41545" /><E45/><V123/><F123/><W70/><G67/><T16/><D117/><U44/><E44/><V8/><F30/><W121/><G49/><T43/><D43/><U51/><E132/><N who="3" m="50762" /><G121/><T83/><D83/><U47/><E93/><V75/><F75/><W110/><G127/><T57/><D100/><U31/><E1/><V106/><F106/><W105/><G105/><T52/><REACH who="0" step="1"/><D48/><REACH who="0" ten="49,183,515,243" step="2"/><N who="1" m="30791" /><E31/><V21/><F50/><W28/><G110/><T76/><D76/><U88/><E88/><V29/><F46/><W85/><G28/><T81/><D81/><U84/><E84/><V40/><F29/><W18/><G103/><T98/><D98/><N who="2" m="37418" /><F40/><AGARI ba="4,1" hai="4,5,19,23,25,40,47,51" m="30791,41545" machi="40" ten="30,1000,0" yaku="14,1" doraHai="113" who="1" fromWho="2" sc="49,0,183,32,515,-22,243,0" /><INIT seed="3,0,0,3,1,23" ten="49,215,493,243" oya="3" hai0="70,90,59,91,132,43,45,79,117,92,118,134,115" hai1="0,124,72,63,48,88,106,37,120,99,20,114,46" hai2="77,103,57,27,26,81,28,29,112,100,127,47,87" hai3="122,97,105,113,31,128,94,129,19,108,75,30,104"/><W133/><G122/><T3/><D3/><U13/><E0/><V7/><F112/><W36/><G113/><T6/><D6/><U85/><E124/><V32/><F127/><W52/><G36/><T84/><D59/><U109/><E72/><V42/><F57/><W50/><G75/><T8/><D8/><U135/><E114/><V102/><F7/><W95/><G133/><N who="0" m="51307" /><D70/><U55/><E120/><V25/><REACH who="2" step="1"/><F32/><REACH who="2" ten="49,215,483,243" step="2"/><W58/><G129/><T17/><D115/><U5/><E135/><V69/><F69/><W107/><G128/><T53/><D118/><U96/><E5/><V110/><F110/><W123/><G108/><T83/><D117/><U78/><E109/><V51/><AGARI ba="0,1" hai="25,26,27,28,29,42,47,51,77,81,87,100,102,103" machi="51" ten="30,12000,2" yaku="1,1,0,1,8,1,52,3,53,1" doraHai="23" doraHaiUra="82" who="2" fromWho="2" sc="49,-30,215,-30,483,130,243,-60" /><INIT seed="4,0,0,3,5,69" ten="19,185,613,183" oya="0" hai0="84,64,46,67,60,51,56,76,94,116,92,29,41" hai1="31,19,68,65,50,101,98,81,48,80,82,8,40" hai2="20,32,33,125,26,13,107,63,1,57,104,124,123" hai3="14,47,35,103,85,10,133,28,105,90,131,109,37"/><T72/><D116/><U83/><E31/><N who="2" m="17863" /><F1/><W23/><G109/><T119/><D72/><U43/><N who="1" m="20480" /><DORA hai="126" /><U95/><E8/><V74/><F74/><W5/><G133/><T77/><D119/><U89/><E68/><V15/><F123/><W127/><G127/><N who="2" m="48713" /><F13/><W39/><G35/><N who="2" m="13385" /><F15/><W134/><G134/><T54/><D29/><U87/><E19/><V120/><F120/><W38/><G47/><T73/><D73/><U132/><E65/><AGARI ba="0,0" hai="57,63,65,104,107" m="13385,48713,17863" machi="65" ten="30,1000,0" yaku="18,1" doraHai="69,126" who="2" fromWho="1" sc="19,0,185,-10,613,10,183,0" /><INIT seed="5,0,0,5,5,131" ten="19,175,623,183" oya="1" hai0="4,66,22,75,51,29,77,109,17,39,91,128,74" hai1="44,115,14,103,124,114,110,85,62,84,48,7,112" hai2="90,87,101,3,116,33,10,99,69,105,31,58,67" hai3="11,38,122,25,135,53,20,16,107,23,56,132,120"/><U89/><E124/><V47/><F116/><W49/><G38/><T5/><D128/><U73/><E73/><V71/><F10/><W57/><G107/><T80/><D39/><U26/><E103/><V30/><F3/><W92/><G11/><T125/><D109/><U15/><E110/><V27/><F31/><W59/><G92/><T64/><D29/><U134/><E134/><N who="3" m="51242" /><G23/><T32/><D32/><U133/><E133/><V63/><F47/><AGARI ba="0,0" hai="16,20,25,47,49,53,56,57,59,120,122" m="51242" machi="47" ten="30,8000,1" yaku="20,1,52,3,54,1" doraHai="131" who="3" fromWho="2" sc="19,0,175,0,623,-80,183,80" /><INIT seed="6,0,0,3,4,22" ten="19,175,543,263" oya="2" hai0="53,113,117,33,76,96,94,47,56,48,37,7,27" hai1="38,51,107,74,130,49,77,52,85,75,99,18,67" hai2="39,60,50,9,59,4,42,61,10,116,32,29,58" hai3="19,66,118,65,13,121,131,124,112,11,17,83,98"/><V70/><F70/><W109/><G121/><T78/><D113/><U24/><E38/><V126/><F39/><W69/><G109/><T114/><D114/><U30/><E67/><V95/><F116/><W54/><G118/><T25/><D117/><U86/><E51/><V28/><F32/><W100/><G112/><T0/><D33/><U127/><E127/><V84/><F126/><W102/><G124/><T68/><D0/><U12/><E130/><V43/><F50/><W44/><G131/><T8/><D68/><U5/><E5/><V40/><F95/><N who="3" m="58463" /><G69/><T87/><D37/><U132/><E99/><V106/><F84/><W92/><G83/><T55/><D8/><N who="2" m="3178" /><F106/><W93/><G19/><T90/><D7/><U72/><E18/><V79/><F79/><W88/><G93/><T134/><D134/><U45/><E12/><V119/><F119/><W57/><G44/><T103/><D78/><U89/><E107/><V3/><F3/><W101/><G101/><T21/><D76/><U46/><E132/><V35/><F4/><W105/><G102/><T20/><D103/><U6/><E6/><V14/><F14/><W2/><G2/><T129/><D129/><U80/><E46/><V82/><F82/><W34/><G34/><T41/><D96/><U23/><E75/><V122/><F35/><W108/><G108/><T71/><D71/><U81/><AGARI ba="0,0" hai="23,24,30,45,49,52,72,74,77,80,81,85,86,89" machi="81" ten="20,5200,0" yaku="0,1,7,1,52,1,54,1" doraHai="22" who="1" fromWho="1" sc="19,-13,175,52,543,-26,263,-13" /><INIT seed="7,0,0,2,4,16" ten="6,227,517,250" oya="3" hai0="15,98,20,109,103,30,130,77,121,110,85,78,100" hai1="24,53,101,2,86,75,59,36,9,132,126,56,96" hai2="18,102,63,8,124,42,81,115,14,120,5,10,125" hai3="117,62,27,127,26,66,6,65,21,128,68,51,39"/><W71/><G117/><T45/><D15/><U84/><E75/><V48/><F120/><W44/><G6/><T19/><D121/><U31/><E36/><V118/><F118/><W134/><G128/><T49/><D130/><U11/><E132/><V67/><F115/><W74/><G74/><T119/><D119/><U12/><E2/><V114/><F114/><W23/><G39/><T80/><D30/><U105/><E126/><N who="2" m="48747" /><F102/><W94/><G134/><T106/><D103/><U0/><E0/><N who="2" m="39" /><F81/><W4/><G4/><T113/><D113/><U29/><E29/><V34/><F34/><W58/><G127/><T116/><D116/><U122/><E59/><N who="2" m="37375" /><F48/><W3/><G3/><T93/><D78/><U69/><E69/><V35/><F35/><W13/><G66/><T76/><D76/><U97/><E97/><V37/><F37/><W131/><G131/><T41/><D106/><U55/><E122/><V28/><F28/><N who="3" m="17487" /><G68/><T38/><D38/><U40/><E40/><AGARI ba="0,0" hai="10,14,18,40,42" m="37375,39,48747" machi="40" ten="30,1000,0" yaku="18,1" doraHai="16" who="2" fromWho="1" sc="6,0,227,-10,517,10,250,0" owari="6,-49.0,217,-18.0,527,62.0,250,5.0" /></mjloggm>