<mjloggm ver="2.3"><GO type="41" lobby="0"/><UN n0="%E2%93%9D%53%75%70%68%78" n1="%E3%82%8F%E3%82%93%E3%81%B1%E3%81%8F%E5%B7%A5%E4%BA%8B%E7%8F%BE%E5%A0%B4" n2="%EF%BC%90%CF%80" n3="%E3%82%86%E3%81%9F%E3%81%BD%E3%81%AC" dan="18,14,13,15" rate="2121.94,1868.76,1878.84,2062.26" sx="M,M,M,M"/><TAIKYOKU oya="0"/><INIT seed="0,0,0,5,3,117" ten="250,250,250,250" oya="0" hai0="53,129,128,0,23,50,86,40,73,111,94,31,100" hai1="28,10,110,61,93,2,48,6,85,30,18,130,78" hai2="8,64,24,63,76,54,67,59,4,75,12,42,121" hai3="14,33,123,101,32,105,99,83,3,16,71,126,116"/><T72/><D40/><U41/><E110/><V55/><F75/><W89/><G116/><T109/><D0/><U119/><E119/><V135/><F76/><W57/><G126/><T113/><D31/><U52/><E130/><N who="0" m="50281" /><D23/><U74/><E74/><N who="0" m="28777" /><D50/><U108/><E108/><N who="0" m="41545" /><D53/><U17/><E41/><V49/><F135/><W87/><G71/><T22/><D22/><U90/><E61/><V102/><F42/><W58/><G3/><T1/><D1/><U106/><E28/><V7/><F24/><W134/><G134/><T77/><D113/><U47/><E30/><V69/><F67/><W115/><G115/><T35/><D35/><U9/><E106/><V92/><F55/><W36/><G36/><T98/><D86/><U124/><E124/><V125/><F125/><W120/><G33/><T39/><D77/><U79/><REACH who="1" step="1"/><E18/><REACH who="1" ten="250,240,250,250" step="2"/><V11/><F63/><W43/><G32/><T37/><AGARI ba="0,1" hai="37,39,94,98,100" m="41545,28777,50281" machi="37" ten="40,7800,0" yaku="19,1,14,1,10,1" doraHai="117" who="0" fromWho="0" sc="250,88,240,-26,250,-26,250,-26" /><INIT seed="0,1,0,5,1,45" ten="338,214,224,224" oya="0" hai0="30,37,59,85,65,126,34,16,100,81,110,55,131" hai1="119,90,48,134,105,92,101,78,68,25,121,96,123" hai2="132,20,88,122,35,79,1,58,42,98,23,31,17" hai3="74,117,21,63,125,49,71,15,91,52,109,62,3"/><T39/><D131/><U46/><E68/><V70/><F122/><W54/><G117/><T67/><D126/><U47/><E119/><V57/><F70/><W43/><G3/><T128/><D128/><U115/><E134/><V114/><F1/><W4/><G109/><T83/><D100/><U18/><E47/><V7/><F7/><W93/><G74/><T86/><D30/><U60/><E60/><V89/><F42/><W80/><G125/><T103/><D103/><U87/><E115/><V69/><F69/><W50/><G80/><T53/><D59/><U82/><E18/><V97/><F79/><W72/><G72/><T38/><D34/><U102/><E25/><V5/><F5/><W22/><G71/><T84/><D16/><U66/><E66/><N who="0" m="25097" /><D110/><U6/><E6/><V133/><F133/><W104/><G43/><T64/><D64/><U36/><E36/><V10/><F132/><W130/><G104/><T8/><D8/><U118/><E118/><V9/><F114/><W135/><G135/><T107/><D107/><U112/><E102/><V129/><F17/><N who="3" m="10431" /><G22/><T41/><D41/><U44/><E44/><V12/><F129/><W28/><G28/><T116/><D116/><U24/><E24/><V11/><F31/><W13/><G13/><T40/><D40/><N who="1" m="24647" /><E112/><V33/><F9/><W61/><G4/><T75/><D75/><AGARI ba="1,0" hai="75,78,82,87,90,92,96,101,105,121,123" m="24647" machi="75" ten="30,2000,0" yaku="24,1,52,1" doraHai="45" who="1" fromWho="0" sc="338,-23,214,23,224,0,224,0" /><INIT seed="1,0,0,3,3,12" ten="315,237,224,224" oya="1" hai0="128,84,46,134,44,96,115,31,120,63,113,78,72" hai1="1,59,29,73,7,116,61,65,117,57,10,40,55" hai2="5,90,85,94,53,16,24,23,28,122,118,131,135" hai3="51,38,93,86,81,60,80,100,83,64,33,110,107"/><U66/><E73/><V74/><F131/><W43/><G38/><T127/><D31/><U126/><E29/><V102/><F118/><W50/><G110/><T20/><D127/><U67/><E126/><V58/><F122/><W71/><G33/><T87/><D134/><U101/><E101/><V121/><F121/><W2/><G2/><T8/><D20/><U48/><REACH who="1" step="1"/><E40/><REACH who="1" ten="315,227,224,224" step="2"/><V25/><F74/><W22/><G43/><T9/><D72/><U19/><E19/><V47/><F135/><W133/><G133/><T95/><D120/><U98/><E98/><V35/><F102/><W15/><G100/><T79/><D96/><U89/><E89/><V18/><F5/><W11/><G107/><T21/><D128/><U92/><E92/><V132/><F132/><W26/><G93/><T75/><D75/><U88/><E88/><V41/><F18/><W114/><G114/><T34/><D95/><U104/><E104/><V125/><F125/><W13/><G86/><T111/><D87/><U106/><E106/><V109/><F109/><W91/><G91/><T17/><D111/><U119/><AGARI ba="0,1" hai="1,7,10,48,55,57,59,61,65,66,67,116,117,119" machi="119" ten="30,3000,0" yaku="1,1,0,1,53,0" doraHai="12" doraHaiUra="27" who="1" fromWho="1" sc="315,-10,227,40,224,-10,224,-10" /><INIT seed="1,1,0,3,0,45" ten="305,267,214,214" oya="1" hai0="103,26,4,58,50,41,44,14,10,46,114,36,17" hai1="121,49,93,115,100,117,127,102,22,87,37,67,128" hai2="84,55,64,28,107,68,83,135,60,76,48,35,132" hai3="86,39,94,19,31,56,25,124,96,11,119,97,71"/><U8/><E37/><V34/><F107/><W3/><G71/><T72/><D114/><U32/><E32/><V130/><F130/><W99/><G39/><T20/><D72/><U69/><E115/><V112/><F112/><W89/><G124/><T95/><D58/><U66/><E69/><V131/><F131/><W38/><G38/><T91/><D103/><U113/><E113/><V80/><F80/><W23/><G119/><T16/><D46/><U54/><E117/><V133/><REACH who="2" step="1"/><F28/><REACH who="2" ten="305,267,204,214" step="2"/><W70/><G31/><N who="0" m="17863" /><D36/><U111/><E128/><V92/><F92/><W15/><G3/><T47/><D47/><AGARI ba="1,1" hai="34,35,47,48,55,60,64,68,76,83,84,132,133,135" machi="47" ten="40,5200,0" yaku="1,1,20,1,52,1,53,0" doraHai="45" doraHaiUra="7" who="2" fromWho="0" sc="305,-55,267,0,204,65,214,0" /><INIT seed="2,0,0,5,1,64" ten="250,267,269,214" oya="2" hai0="20,30,114,15,24,2,81,48,112,29,37,97,124" hai1="129,132,109,126,44,127,130,117,25,54,4,11,38" hai2="45,58,103,83,16,18,51,120,26,71,61,125,84" hai3="46,53,106,66,21,62,94,7,13,123,3,41,34"/><V35/><F120/><W43/><G106/><T118/><D37/><U1/><E38/><V76/><F125/><N who="1" m="47625" /><E44/><V92/><F35/><W12/><G123/><T65/><D65/><U9/><E54/><V70/><F103/><W93/><G34/><T77/><D2/><U133/><E117/><V116/><F92/><W95/><G3/><T100/><D30/><U67/><E67/><V63/><F116/><W50/><G7/><T68/><D118/><U5/><E109/><V56/><F26/><W134/><G134/><N who="1" m="51818" /><E25/><V89/><F76/><W107/><G107/><T47/><D124/><U131/><E1/><V55/><F58/><W22/><G22/><T27/><D27/><U79/><E79/><V36/><F36/><W86/><G86/><T33/><D33/><U0/><E0/><V115/><F115/><W28/><G28/><T85/><D114/><U72/><E72/><V101/><F101/><W82/><G82/><T6/><D112/><U104/><E104/><V135/><F135/><W87/><G87/><T23/><D29/><U102/><E102/><V75/><F75/><W122/><G122/><T59/><D59/><U98/><E98/><V8/><F8/><AGARI ba="0,0" hai="4,5,8,9,11,129,130,131" m="51818,47625" machi="8" ten="40,32000,5" yakuman="39" doraHai="64" who="1" fromWho="2" sc="250,0,267,320,269,-320,214,0" owari="250,5.0,587,69.0,-51,-55.0,214,-19.0" /></mjloggm>