<mjloggm ver="2.3"><GO type="41" lobby="0"/><UN n0="%4D%75%73%63%61" n1="%E2%93%9D%53%75%70%68%78" n2="%E3%81%BE%E3%81%BE%E3%81%BE%E3%81%BE%E3%81%BE%E3%81%BE" n3="%E3%83%8A%E3%83%8A%E3%82%A4%E3%83%AD%E3%83%A9%E3%82%A4%E3%83%88%E2%98%86" dan="13,18,14,15" rate="1841.40,2066.04,1890.30,2026.28" sx="M,M,M,F"/><TAIKYOKU oya="0"/><INIT seed="0,0,0,2,3,29" ten="250,250,250,250" oya="0" hai0="107,113,119,79,86,134,0,89,22,63,53,25,20" hai1="5,70,90,93,15,106,92,10,83,87,21,42,54" hai2="121,108,112,7,47,124,44,84,130,135,48,117,103" hai3="6,56,95,38,46,9,133,14,131,3,58,114,91"/><T111/><D113/><U1/><E106/><V71/><F7/><W104/><G114/><T18/><D107/><U39/><E70/><V27/><F103/><W96/><G131/><T127/><D119/><U129/><E129/><V123/><F27/><W118/><G133/><T37/><D0/><U97/><E39/><V128/><F84/><W81/><G118/><T32/><D37/><U122/><E42/><V45/><F117/><W43/><G104/><T19/><D79/><U98/><E122/><N who="2" m="46603" /><F112/><W78/><REACH who="3" step="1"/><G14/><REACH who="3" ten="250,250,250,240" step="2"/><T2/><D134/><U62/><E1/><V8/><F135/><W116/><G116/><T68/><D2/><U65/><E15/><V76/><F130/><W24/><G24/><T109/><D32/><U66/><E5/><V52/><F128/><W26/><G26/><T12/><D127/><U67/><E10/><V4/><F124/><W74/><AGARI ba="0,1" hai="3,6,9,38,43,46,56,58,74,78,81,91,95,96" machi="74" ten="20,8000,1" yaku="1,1,0,1,7,1,25,2,53,0" doraHai="29" doraHaiUra="80" who="3" fromWho="3" sc="250,-40,250,-20,250,-20,240,90" /><INIT seed="1,0,0,3,3,48" ten="210,230,230,330" oya="1" hai0="101,98,53,16,4,1,80,18,34,55,51,33,96" hai1="91,128,2,75,97,109,41,135,50,21,134,7,78" hai2="114,133,32,63,29,19,44,95,5,9,103,12,22" hai3="124,89,10,15,26,23,43,107,30,92,90,88,119"/><U84/><E128/><V86/><F114/><W8/><G124/><T3/><D4/><U100/><E21/><V39/><F63/><W130/><G107/><T113/><D51/><U118/><E2/><V70/><F70/><W77/><G130/><T25/><D25/><U106/><E7/><V56/><F133/><N who="1" m="50697" /><E41/><V69/><F69/><W72/><G119/><T24/><D24/><U126/><E50/><V52/><F39/><W0/><G43/><T83/><REACH who="0" step="1"/><D101/><REACH who="0" ten="200,230,230,330" step="2"/><U14/><E118/><V58/><F5/><W17/><G0/><T111/><D111/><U74/><E14/><V62/><F103/><W46/><G15/><T110/><D110/><U66/><E109/><V117/><F12/><W37/><G26/><T123/><D123/><U31/><E31/><V129/><F117/><W104/><G30/><T27/><D27/><U71/><E126/><V65/><F29/><W115/><G37/><T132/><D132/><U38/><E38/><V108/><F129/><W11/><G11/><T28/><D28/><U94/><E78/><V112/><F9/><W93/><G10/><T36/><D36/><U121/><E121/><V127/><F108/><W59/><G8/><T64/><D64/><U82/><E106/><V116/><F65/><W42/><G77/><T122/><D122/><U47/><E47/><V105/><F127/><W57/><G46/><T54/><D54/><U49/><E49/><V61/><F44/><W81/><G42/><T102/><D102/><U35/><E35/><V99/><F116/><W68/><G23/><T45/><D45/><U131/><E131/><RYUUKYOKU ba="0,1" sc="200,15,230,15,230,-15,330,-15" hai0="1,3,16,18,33,34,53,55,80,83,96,98,113" hai1="66,71,74,75,82,84,91,94,97,100" /><INIT seed="1,1,1,0,0,103" ten="215,245,215,315" oya="1" hai0="28,124,14,27,30,47,57,82,95,78,85,26,2" hai1="75,55,38,1,9,128,12,15,6,25,24,19,72" hai2="94,48,61,127,81,92,77,133,34,10,83,111,102" hai3="73,51,59,66,17,107,29,3,46,16,105,74,109"/><U50/><E38/><V115/><F34/><W87/><G3/><T88/><D124/><U23/><E128/><V5/><F127/><W106/><G29/><T68/><D68/><U93/><E1/><V22/><F111/><W119/><G109/><T18/><D57/><U120/><E120/><V129/><F129/><W125/><G125/><T39/><D2/><U110/><E110/><V21/><F133/><W112/><G112/><T62/><D62/><U8/><E93/><V7/><F61/><W45/><G119/><T118/><D118/><U36/><E36/><V122/><F102/><W35/><G35/><T113/><D113/><U44/><REACH who="1" step="1"/><E25/><REACH who="1" ten="215,235,215,315" step="2"/><V100/><F92/><W65/><G87/><T132/><D27/><U56/><E56/><V84/><F94/><W89/><G89/><T42/><D26/><U121/><E121/><V41/><F84/><W0/><G0/><T40/><D132/><U126/><E126/><V49/><F122/><W54/><G46/><T71/><D39/><U131/><E131/><V98/><F115/><W53/><G74/><T67/><D47/><U86/><E86/><V134/><F134/><W135/><G135/><T114/><D114/><U63/><E63/><V52/><F98/><W32/><G73/><T13/><D85/><U99/><E99/><V101/><F48/><N who="3" m="28815" /><G32/><T60/><D95/><U104/><E104/><V76/><F49/><W116/><G116/><T91/><D82/><U20/><E20/><V58/><F81/><W70/><G70/><T43/><D71/><U37/><E37/><V108/><F83/><W117/><G117/><RYUUKYOKU ba="1,2" sc="215,-15,235,15,215,-15,315,15" hai1="6,8,9,12,15,19,23,24,44,50,55,72,75" hai3="16,17,51,54,59,65,66,105,106,107" /><INIT seed="1,2,2,3,1,16" ten="200,250,200,330" oya="1" hai0="134,127,17,46,111,19,67,12,51,79,87,135,25" hai1="11,71,129,14,86,64,53,54,34,66,126,15,50" hai2="112,90,81,47,101,37,9,83,35,124,26,80,130" hai3="109,72,7,43,117,118,55,61,91,28,8,116,41"/><U128/><E34/><V110/><F37/><W119/><G109/><T106/><D111/><U21/><E126/><V108/><F47/><W123/><G123/><T10/><D106/><U1/><E1/><V0/><F0/><W29/><G72/><T63/><D127/><U97/><E86/><V27/><F124/><W105/><G105/><T40/><D79/><U75/><E75/><V115/><F9/><W24/><N who="3" m="29696" /><DORA hai="39" /><W132/><G132/><T13/><D25/><U94/><E71/><V56/><F56/><N who="3" m="34975" /><G91/><T52/><D87/><U76/><E76/><V99/><F108/><W33/><G28/><T4/><D4/><U104/><E104/><V73/><F110/><W18/><G18/><T78/><D78/><U82/><E82/><V6/><F80/><W133/><G133/><T89/><D89/><U60/><E94/><V65/><F73/><W103/><G103/><T20/><REACH who="0" step="1"/><D40/><REACH who="0" ten="190,250,200,330" step="2"/><U59/><E129/><V69/><F90/><W36/><G36/><T131/><D131/><U62/><E128/><V107/><F130/><W120/><G120/><T84/><D84/><U23/><E97/><V38/><F99/><W125/><G125/><T88/><D88/><U3/><E3/><AGARI ba="2,3" hai="3,7,8,24,29,33,41,43" m="34975,29696" machi="3" ten="60,7700,0" yaku="12,1,52,2" doraHai="16,39" who="3" fromWho="1" sc="190,0,250,-83,200,0,330,113" /><INIT seed="2,0,0,5,5,127" ten="190,167,200,443" oya="2" hai0="0,103,133,109,115,33,38,84,6,79,118,104,114" hai1="124,126,131,66,56,19,44,12,64,71,92,91,60" hai2="77,17,85,122,119,30,27,36,61,42,59,123,108" hai3="53,90,14,76,21,23,65,80,49,26,100,63,98"/><V95/><F119/><W97/><G14/><T88/><D33/><U35/><E35/><V39/><F42/><W8/><G8/><T16/><D16/><U48/><E66/><V11/><F39/><W67/><G90/><T74/><D6/><U25/><E25/><V125/><F36/><W34/><G34/><T13/><D13/><U18/><E71/><V29/><F108/><W89/><G89/><T135/><D0/><U9/><E131/><V40/><F125/><W10/><G10/><T31/><D31/><U2/><E2/><V112/><F40/><W68/><G67/><T82/><D38/><U129/><E129/><V130/><F112/><N who="0" m="43050" /><D109/><U41/><REACH who="1" step="1"/><E19/><REACH who="1" ten="190,157,200,443" step="2"/><V58/><F17/><W45/><G26/><T69/><D69/><U94/><E94/><V70/><F27/><W86/><G98/><AGARI ba="0,1" hai="9,12,18,41,44,48,56,60,64,91,92,98,124,126" machi="98" ten="40,1300,0" yaku="1,1,53,0" doraHai="127" doraHaiUra="113" who="1" fromWho="3" sc="190,0,157,23,200,0,443,-13" /><INIT seed="3,0,0,4,1,133" ten="190,180,200,430" oya="3" hai0="119,65,102,74,5,72,37,79,86,35,91,78,13" hai1="112,51,120,11,68,96,103,52,131,45,6,28,1" hai2="117,18,46,2,24,73,12,92,71,38,109,75,40" hai3="89,85,113,55,32,58,88,129,42,33,82,25,123"/><W95/><G113/><T36/><D35/><U108/><E131/><V132/><F2/><W127/><G123/><T15/><D65/><U135/><E120/><V106/><F117/><W54/><G42/><T100/><D119/><U70/><E112/><V98/><F71/><W3/><G3/><T121/><D86/><U53/><E135/><V110/><F106/><W61/><G129/><T107/><D107/><U8/><E108/><N who="2" m="41579" /><F24/><W130/><G130/><T94/><D94/><U21/><E11/><N who="2" m="6431" /><F132/><W124/><G55/><T104/><D104/><U116/><E116/><V48/><F48/><W9/><G9/><T128/><D128/><U23/><E53/><V122/><F122/><W111/><G111/><T69/><D121/><U29/><E70/><V47/><F47/><W97/><G25/><T14/><D69/><U118/><E68/><V59/><F59/><W49/><G49/><T90/><D14/><U39/><E118/><V81/><F81/><W16/><REACH who="3" step="1"/><G16/><REACH who="3" ten="190,180,200,420" step="2"/><T41/><REACH who="0" step="1"/><D41/><REACH who="0" ten="180,180,200,420" step="2"/><U93/><E1/><V126/><F40/><W63/><G63/><T77/><D77/><U115/><E115/><V105/><F75/><W31/><G31/><T7/><AGARI ba="0,2" hai="5,7,13,15,36,37,72,74,78,79,90,91,100,102" machi="7" ten="25,6400,0" yaku="1,1,0,1,22,2,53,0" doraHai="133" doraHaiUra="56" who="0" fromWho="0" sc="180,84,180,-16,200,-16,420,-32" /><INIT seed="4,0,0,5,3,79" ten="264,164,184,388" oya="0" hai0="90,40,6,26,128,120,47,11,126,82,70,65,131" hai1="124,59,2,68,73,112,69,49,45,5,9,56,34" hai2="30,121,1,71,110,100,57,94,83,85,35,77,88" hai3="84,10,20,22,31,93,115,96,29,91,50,95,4"/><T106/><D120/><U113/><E34/><V129/><F71/><W43/><G115/><N who="1" m="44106" /><E73/><V109/><F1/><W46/><G29/><T119/><D119/><U98/><E98/><V89/><F57/><N who="1" m="22089" /><E124/><V114/><F35/><W7/><G31/><T32/><D126/><U134/><E134/><V14/><F14/><N who="3" m="5447" /><G7/><T105/><D26/><U13/><E2/><V8/><F8/><W78/><G78/><T15/><D32/><U132/><E132/><V25/><F25/><W87/><G87/><N who="0" m="50551" /><D70/><U41/><AGARI ba="0,0" hai="5,9,13,41,45,49,68,69" m="22089,44106" machi="41" ten="30,2000,0" yaku="15,1,11,1" doraHai="79" who="1" fromWho="1" sc="264,-10,164,20,184,-5,388,-5" /><INIT seed="5,0,0,4,4,116" ten="254,184,179,383" oya="1" hai0="80,112,47,15,110,68,111,31,52,114,8,40,87" hai1="122,36,27,6,51,60,100,104,88,119,14,98,45" hai2="65,74,5,55,26,48,91,4,71,32,84,17,105" hai3="12,108,128,121,90,127,79,94,20,50,125,81,89"/><U69/><E119/><V62/><F74/><W58/><G108/><T126/><D68/><U106/><E36/><V97/><F97/><W1/><G1/><T85/><D31/><U28/><E106/><V22/><F105/><W103/><G103/><T7/><D126/><N who="3" m="48137" /><G128/><T41/><D111/><U43/><E14/><V44/><REACH who="2" step="1"/><F32/><REACH who="2" ten="254,184,169,383" step="2"/><W25/><G94/><AGARI ba="0,1" hai="4,5,17,22,26,44,48,55,62,65,71,84,91,94" machi="94" ten="30,3900,0" yaku="1,1,2,1,7,1,53,0" doraHai="116" doraHaiUra="102" who="2" fromWho="3" sc="254,0,184,0,169,49,383,-39" /><INIT seed="6,0,0,2,1,108" ten="254,184,218,344" oya="2" hai0="94,72,11,17,66,128,37,64,52,42,97,76,61" hai1="50,89,26,30,49,101,127,131,133,34,98,86,8" hai2="119,95,63,117,84,77,112,70,91,55,87,67,120" hai3="65,39,79,99,113,115,21,122,73,60,132,6,124"/><V24/><F120/><W33/><G33/><T88/><D128/><U12/><E131/><V22/><F112/><N who="3" m="43083" /><G132/><T16/><D37/><U32/><E127/><V109/><F109/><W20/><G39/><T75/><D42/><U44/><E133/><V118/><F77/><W100/><G124/><T18/><D75/><U59/><E59/><V129/><F129/><W3/><G122/><T103/><D76/><U116/><E34/><V38/><F38/><W14/><G3/><T106/><D72/><U45/><E116/><V81/><F55/><W19/><G6/><T47/><D11/><U78/><E78/><V51/><F51/><W31/><G79/><T105/><D106/><U92/><E50/><V48/><F48/><W135/><G73/><T90/><D105/><U23/><E32/><V85/><F119/><W123/><G123/><T58/><D47/><U80/><REACH who="1" step="1"/><E49/><REACH who="1" ten="254,174,218,344" step="2"/><V29/><F118/><W28/><G135/><T121/><D121/><U71/><E71/><V110/><F117/><W74/><G74/><T40/><D40/><U4/><AGARI ba="0,1" hai="4,8,12,23,26,30,44,45,80,86,89,92,98,101" machi="4" ten="20,5200,0" yaku="1,1,0,1,7,1,8,1,53,0" doraHai="108" doraHaiUra="111" who="1" fromWho="1" sc="254,-13,174,62,218,-26,344,-13" /><INIT seed="7,0,0,5,3,65" ten="241,236,192,331" oya="3" hai0="69,49,35,98,115,71,80,67,116,113,39,7,131" hai1="96,56,90,63,57,8,76,43,77,108,58,52,70" hai2="19,53,11,100,74,20,118,31,55,1,14,92,135" hai3="18,126,54,95,87,91,114,23,89,127,26,106,64"/><W119/><G119/><T33/><D116/><U12/><E108/><V25/><F74/><W6/><G106/><T125/><D39/><U104/><E43/><V88/><F118/><W36/><G36/><T105/><D49/><U132/><E132/><V21/><F135/><W2/><G64/><T124/><D131/><U103/><E70/><N who="0" m="26633" /><D80/><U117/><E90/><V61/><F100/><W73/><G73/><T5/><D67/><U10/><E10/><V38/><F38/><W83/><G54/><T68/><N who="0" m="26641" /><T79/><DORA hai="93" /><D79/><U101/><E101/><V4/><F21/><W50/><G50/><T109/><D98/><U34/><E34/><N who="0" m="12809" /><D105/><U59/><REACH who="1" step="1"/><E117/><REACH who="1" ten="241,226,192,331" step="2"/><V84/><REACH who="2" step="1"/><F61/><REACH who="2" ten="241,226,182,331" step="2"/><W72/><G23/><T133/><D109/><U128/><E128/><V16/><F16/><AGARI ba="0,2" hai="8,12,16,52,56,57,58,59,63,76,77,96,103,104" machi="16" ten="40,8000,1" yaku="1,1,52,1,54,2,53,0" doraHai="65,93" doraHaiUra="120,46" who="1" fromWho="2" sc="241,0,226,100,182,-80,331,0" owari="241,-16.0,326,13.0,102,-40.0,331,43.0" /></mjloggm>