<mjloggm ver="2.3"><GO type="41" lobby="0"/><UN n0="%E2%93%9D%53%75%70%68%78" n1="%E6%9C%80%E5%BC%B7%E6%88%A6%E5%A3%AB%E9%87%8E%E5%8F%A3" n2="%E7%91%A0%E7%92%83" n3="%E3%81%9F%E3%83%BC%E3%81%BB%E3%82%8A" dan="18,15,15,13" rate="2127.37,1964.36,2049.39,1942.44" sx="M,M,F,M"/><TAIKYOKU oya="0"/><INIT seed="0,0,0,3,1,106" ten="250,250,250,250" oya="0" hai0="1,81,127,101,4,83,133,124,87,119,103,44,93" hai1="131,46,6,43,98,74,23,132,66,18,34,25,113" hai2="85,12,24,84,99,61,125,39,72,8,30,104,13" hai3="10,36,102,82,77,50,29,54,37,109,9,110,129"/><T33/><D33/><U112/><E131/><V105/><F39/><W121/><G121/><T122/><D4/><U94/><E132/><V116/><F125/><N who="0" m="48202" /><D1/><U86/><E6/><V111/><F116/><W2/><G29/><T70/><D44/><U16/><E34/><V126/><F126/><W32/><G102/><N who="0" m="38923" /><D70/><U49/><E66/><V95/><F104/><W40/><G129/><T48/><D48/><U123/><E74/><V41/><F111/><W117/><G117/><T135/><D119/><U64/><E64/><V15/><F61/><W115/><G115/><N who="1" m="44106" /><E86/><V14/><F84/><W58/><G32/><T92/><D122/><U90/><E123/><V62/><F8/><W11/><G40/><T57/><D57/><U79/><E79/><V7/><F41/><W53/><G53/><T59/><D59/><U0/><E0/><V5/><F5/><W76/><G76/><N who="0" m="46503" /><D83/><U22/><E22/><V28/><F7/><W3/><G3/><T27/><D27/><U21/><E21/><V17/><F24/><W69/><G69/><T45/><D45/><U107/><E18/><V97/><F17/><W35/><G35/><T114/><D114/><U19/><E19/><V91/><F28/><W88/><G2/><T89/><D89/><U67/><E67/><V118/><F91/><W31/><G31/><T68/><D68/><U63/><E63/><V65/><F62/><W42/><G42/><T38/><D38/><U52/><E43/><V56/><F30/><W100/><G36/><T73/><D73/><U120/><E120/><V26/><F72/><W55/><G37/><RYUUKYOKU ba="0,0" sc="250,15,250,15,250,-15,250,-15" hai0="92,93,133,135" hai1="16,23,25,46,49,52,90,94,98,107" /><INIT seed="0,1,0,1,1,89" ten="265,265,235,235" oya="0" hai0="6,78,43,31,60,80,29,85,47,34,88,68,8" hai1="134,72,131,105,58,36,9,39,90,87,22,18,51" hai2="59,96,79,16,102,132,25,7,32,0,113,92,84" hai3="69,73,52,11,17,98,20,95,115,27,112,118,127"/><T65/><D34/><U55/><E134/><V46/><F132/><W123/><G118/><T37/><REACH who="0" step="1"/><D78/><REACH who="0" ten="255,265,235,235" step="2"/><U110/><E131/><V63/><F32/><W26/><G115/><T103/><D103/><U53/><E110/><V93/><F113/><W1/><G112/><T13/><AGARI ba="1,1" hai="6,8,13,29,31,37,43,47,60,65,68,80,85,88" machi="13" ten="20,7800,0" yaku="1,1,0,1,7,1,54,1,53,0" doraHai="89" doraHaiUra="75" who="0" fromWho="0" sc="255,91,265,-27,235,-27,235,-27" /><INIT seed="0,2,0,0,4,131" ten="346,238,208,208" oya="0" hai0="56,125,77,69,95,110,101,34,4,24,58,74,67" hai1="130,47,54,10,80,25,50,72,6,13,39,129,118" hai2="117,52,53,113,85,78,35,1,38,76,20,127,48" hai3="94,92,62,49,3,82,12,89,14,7,122,124,132"/><T27/><D125/><U0/><E118/><V51/><F113/><W57/><G124/><T64/><D74/><U123/><E123/><V97/><F127/><W116/><G116/><T133/><D77/><N who="1" m="44071" /><E25/><V60/><F117/><W9/><G122/><T86/><D4/><U102/><E102/><V29/><F1/><W114/><G114/><T73/><D73/><U65/><E65/><V135/><F38/><W66/><G82/><T134/><D110/><U112/><E112/><V11/><F97/><W111/><G111/><T83/><D34/><U28/><E28/><V93/><F35/><W103/><G49/><T120/><D120/><U5/><E5/><V115/><F115/><W79/><G79/><T105/><D105/><U88/><E88/><V45/><F48/><W23/><G103/><T98/><D69/><U87/><E87/><V37/><F37/><W2/><G2/><T33/><D67/><U81/><E81/><V31/><F76/><W44/><G44/><T90/><D64/><U16/><E39/><V46/><F78/><W109/><G109/><T96/><D96/><U42/><E42/><V107/><F45/><W36/><G36/><T8/><D33/><U15/><E0/><V126/><F126/><W84/><G94/><T26/><D8/><U121/><E121/><V32/><F11/><W40/><G40/><T19/><D19/><U17/><E17/><V59/><F29/><W55/><G66/><T30/><D30/><U75/><E75/><V70/><F31/><W108/><G108/><T99/><D99/><U128/><E6/><V18/><F32/><RYUUKYOKU ba="2,0" sc="346,15,238,15,208,-15,208,-15" hai0="24,26,27,56,58,83,86,90,95,98,101,133,134" hai1="10,13,15,16,47,50,54,128,129,130" /><INIT seed="0,3,0,4,2,27" ten="361,253,193,193" oya="0" hai0="100,78,65,8,75,34,110,120,26,40,43,35,25" hai1="51,122,101,99,37,12,48,60,42,14,16,91,68" hai2="33,107,131,6,90,112,123,11,52,22,23,79,126" hai3="41,133,102,94,67,55,80,28,124,97,63,7,130"/><T19/><D120/><U87/><E122/><V98/><F123/><W4/><G133/><T70/><D75/><U36/><E14/><V53/><F112/><W85/><G130/><T30/><D78/><U64/><E37/><V96/><F131/><W128/><G124/><T77/><D77/><U57/><E68/><V129/><F129/><W5/><G41/><T32/><D110/><U134/><E134/><V31/><F79/><W113/><G128/><T111/><D111/><U81/><E36/><V72/><F72/><W95/><G95/><T118/><D118/><U89/><E89/><V3/><F126/><W121/><G121/><T114/><D100/><U103/><E42/><V61/><F107/><W9/><G55/><T20/><D114/><U82/><E82/><V21/><F90/><W44/><G44/><T88/><D8/><U92/><REACH who="1" step="1"/><E103/><REACH who="1" ten="361,243,193,193" step="2"/><V38/><F38/><W15/><G113/><T93/><D43/><U104/><E104/><V116/><F116/><W106/><G106/><T66/><D40/><U125/><E125/><V29/><F53/><W127/><G127/><T135/><D135/><U69/><E69/><V62/><F52/><W18/><G80/><T84/><REACH who="0" step="1"/><D70/><REACH who="0" ten="351,243,193,193" step="2"/><U49/><E49/><V117/><F117/><W59/><G85/><T56/><D56/><U76/><E76/><V39/><F39/><W71/><G71/><T0/><D0/><U86/><E86/><V58/><F3/><W17/><G102/><T108/><D108/><U47/><E47/><V105/><F58/><W132/><G132/><T1/><D1/><U2/><E2/><RYUUKYOKU ba="3,2" sc="351,15,243,15,193,-15,193,-15" hai0="19,20,25,26,30,32,34,35,65,66,84,88,93" hai1="12,16,48,51,57,60,64,81,87,91,92,99,101" /><INIT seed="0,4,2,3,3,42" ten="366,258,178,178" oya="0" hai0="19,93,75,77,114,104,100,50,34,12,52,11,107" hai1="5,10,79,1,14,48,47,13,8,125,4,54,72" hai2="67,0,126,132,29,101,130,31,20,108,28,27,124" hai3="103,2,89,40,23,62,91,87,102,22,96,97,131"/><T63/><D34/><U82/><REACH who="1" step="1"/><E125/><REACH who="1" ten="366,248,178,178" step="2"/><N who="2" m="48235" /><F0/><AGARI ba="4,3" hai="0,1,4,5,8,10,13,14,47,48,54,72,79,82" machi="0" ten="30,8000,1" yaku="21,2,7,1,9,1,52,1,53,0" doraHai="42" doraHaiUra="110" who="1" fromWho="2" sc="366,0,248,122,178,-92,178,0" /><INIT seed="1,0,0,1,4,70" ten="366,370,86,178" oya="1" hai0="35,125,4,100,11,124,114,5,25,52,58,57,105" hai1="2,18,117,42,12,102,27,108,16,135,77,69,93" hai2="101,32,59,94,86,79,7,33,73,81,10,68,72" hai3="45,113,132,38,66,109,21,36,98,110,39,3,130"/><U119/><E135/><V87/><F68/><W9/><G113/><T83/><D114/><U118/><E69/><V107/><F59/><W90/><G66/><T123/><D123/><U62/><E2/><V82/><F7/><N who="3" m="1279" /><G132/><T92/><D105/><U22/><E62/><V64/><F64/><W120/><G120/><T111/><D111/><N who="3" m="42505" /><G130/><T85/><D58/><U47/><E108/><V34/><F10/><W17/><G98/><T115/><D115/><U127/><E127/><V43/><F107/><W128/><G128/><T0/><D5/><U31/><E77/><V75/><F101/><W37/><G90/><T97/><D35/><U30/><E102/><V112/><F112/><W40/><G36/><T24/><D125/><U48/><REACH who="1" step="1"/><E93/><REACH who="1" ten="366,360,86,178" step="2"/><V28/><F94/><W95/><G95/><T121/><D124/><U80/><E80/><V29/><F79/><W50/><G50/><T74/><D121/><U53/><E53/><V15/><F81/><W8/><G8/><AGARI ba="0,1" hai="8,12,16,18,22,27,30,31,42,47,48,117,118,119" machi="8" ten="40,12000,1" yaku="1,1,54,1,53,2" doraHai="70" doraHaiUra="26" who="1" fromWho="3" sc="366,0,360,130,86,0,178,-120" /><INIT seed="1,1,0,3,1,70" ten="366,490,86,58" oya="1" hai0="12,126,134,26,43,47,72,55,50,116,89,77,41" hai1="11,92,117,84,135,125,83,29,112,25,22,44,78" hai2="48,56,80,108,21,81,28,19,133,1,75,114,103" hai3="100,49,16,7,30,27,5,58,79,32,33,69,113"/><U127/><E112/><V87/><F114/><W18/><G69/><T85/><D116/><U130/><E117/><V62/><F1/><W95/><G113/><T120/><D134/><U68/><E68/><V63/><F133/><W66/><G79/><T129/><D129/><U110/><E130/><V99/><F75/><W20/><G33/><T64/><D126/><N who="1" m="48139" /><E135/><V124/><F124/><W115/><G115/><T82/><D120/><U40/><E11/><V90/><F108/><W102/><G102/><T73/><D64/><U42/><E110/><V88/><F28/><W97/><G49/><T101/><D101/><U23/><E23/><V71/><F71/><W76/><G76/><T65/><D65/><U6/><E6/><N who="3" m="2058" /><G32/><T107/><D73/><U59/><E59/><V13/><F48/><W38/><G38/><T8/><D72/><U53/><E92/><N who="2" m="58855" /><F56/><W94/><G94/><T37/><D107/><U4/><E4/><V10/><F10/><W15/><G15/><T98/><D12/><U14/><E14/><V0/><F0/><W17/><G17/><T106/><D106/><U46/><E46/><V36/><F36/><W119/><G119/><T128/><D37/><U74/><E74/><V93/><F80/><W35/><G35/><T91/><D128/><U105/><E105/><V34/><F34/><W54/><G54/><T2/><D2/><U118/><E118/><V45/><F45/><W104/><G104/><T132/><D132/><U31/><E31/><V51/><F51/><AGARI ba="1,0" hai="22,25,29,40,42,44,51,53,78,83,84" m="48139" machi="51" ten="30,1500,0" yaku="18,1" doraHai="70" who="1" fromWho="2" sc="366,0,490,18,86,-18,58,0" /><INIT seed="1,2,0,4,5,15" ten="366,508,68,58" oya="1" hai0="10,61,80,50,127,99,102,82,64,109,115,111,105" hai1="135,5,3,19,67,87,6,23,120,121,90,125,103" hai2="86,122,78,79,41,16,57,38,81,36,1,123,72" hai3="27,25,7,89,34,129,70,84,11,77,17,117,2"/><U114/><E114/><V54/><F1/><W108/><G70/><T71/><D115/><U93/><E135/><V53/><F72/><W26/><G77/><T52/><D127/><U65/><E125/><V112/><F112/><W20/><G84/><T39/><D39/><U58/><E103/><V63/><F78/><W55/><G89/><T18/><D10/><U60/><E67/><V83/><F83/><W42/><G42/><T24/><D24/><U118/><E118/><V45/><F36/><W4/><G55/><T35/><D18/><U128/><E128/><V94/><F94/><W29/><G129/><T49/><D35/><U33/><E33/><V28/><F28/><N who="3" m="19727" /><G108/><N who="0" m="41547" /><D50/><U9/><REACH who="1" step="1"/><E6/><REACH who="1" ten="366,498,68,58" step="2"/><V30/><F53/><W68/><G117/><T73/><D73/><U97/><E97/><V48/><F63/><W100/><G100/><T31/><D31/><U95/><E95/><V116/><F30/><W133/><G133/><T32/><D32/><U91/><E91/><V66/><F116/><W124/><G124/><T69/><D69/><U104/><E104/><V92/><F66/><W40/><G68/><T113/><D113/><U13/><AGARI ba="2,1" hai="3,5,9,13,19,23,58,60,65,87,90,93,120,121" machi="13" ten="20,7800,0" yaku="1,1,0,1,7,1,52,1,53,0" doraHai="15" doraHaiUra="106" who="1" fromWho="1" sc="366,-28,498,94,68,-28,58,-28" /><INIT seed="1,3,0,4,0,134" ten="338,592,40,30" oya="1" hai0="131,116,46,121,85,12,50,114,91,15,119,88,42" hai1="74,77,34,5,90,89,45,64,6,68,41,83,17" hai2="70,65,123,132,2,27,94,32,62,126,43,113,28" hai3="66,86,11,30,16,117,109,22,3,23,69,61,125"/><U72/><E34/><V128/><F123/><W38/><G38/><T24/><D114/><U20/><E74/><V101/><F132/><W84/><G117/><T103/><D131/><U133/><E133/><V54/><F128/><W82/><G109/><T49/><D103/><U102/><E102/><V53/><F113/><W14/><G125/><T56/><D24/><U29/><E29/><V4/><F43/><W120/><G120/><T71/><D71/><U57/><E68/><N who="2" m="42039" /><F126/><W9/><G30/><T59/><D121/><U78/><E78/><V112/><F70/><W58/><G69/><T25/><D25/><U75/><E72/><V7/><F94/><W55/><G66/><T51/><D42/><U129/><E129/><V33/><F101/><W18/><G3/><T26/><D26/><U115/><E115/><V36/><F36/><W76/><REACH who="3" step="1"/><G84/><REACH who="3" ten="338,592,40,20" step="2"/><T60/><D85/><U47/><E64/><V87/><F2/><W48/><G48/><T124/><D51/><U108/><E75/><V44/><F87/><W111/><G111/><T106/><D60/><U130/><E108/><V0/><F0/><W100/><G100/><T79/><D124/><U104/><E130/><V97/><F112/><W21/><G21/><T96/><D119/><U13/><E20/><V107/><F32/><W73/><G73/><T127/><D116/><U92/><E90/><V81/><F33/><W19/><G19/><T35/><D127/><U98/><E89/><V63/><F28/><W135/><G135/><T110/><D110/><U31/><E17/><V118/><F118/><W1/><G1/><RYUUKYOKU ba="3,1" sc="338,-10,592,-10,40,-10,20,30" hai3="9,11,14,16,18,22,23,55,58,61,76,82,86" /><INIT seed="2,4,1,1,0,63" ten="328,582,30,50" oya="2" hai0="33,88,47,53,59,24,129,132,95,65,2,104,18" hai1="74,78,51,113,44,54,26,131,117,70,4,121,89" hai2="118,107,106,30,126,90,22,133,58,92,15,48,9" hai3="94,10,13,96,135,91,68,100,69,16,85,55,52"/><V122/><F122/><W3/><G135/><T29/><D104/><U27/><E117/><V17/><F118/><W93/><G3/><T25/><D2/><U77/><E113/><V87/><F133/><W8/><G55/><T111/><D111/><U40/><E131/><V79/><F126/><W97/><G97/><T62/><D129/><U50/><E70/><V83/><F30/><W35/><G35/><T12/><D132/><U42/><E42/><V11/><F106/><W7/><G7/><T134/><D134/><U31/><E4/><V57/><F107/><W124/><G124/><T34/><D34/><U28/><E89/><V86/><F57/><W1/><G1/><T19/><D25/><U23/><E74/><V66/><F66/><W101/><G101/><T20/><D33/><U43/><E43/><V32/><REACH who="2" step="1"/><F32/><REACH who="2" ten="328,582,20,50" step="2"/><W82/><G8/><T64/><D29/><U37/><E121/><V72/><F72/><W115/><G115/><T75/><D75/><U114/><E114/><V120/><F120/><W76/><REACH who="3" step="1"/><G52/><AGARI ba="4,2" hai="9,11,15,17,22,48,52,58,79,83,86,87,90,92" machi="52" ten="40,12000,1" yaku="1,1,25,2,8,1,54,1,53,0" doraHai="63" doraHaiUra="21" who="2" fromWho="3" sc="328,0,582,0,20,152,50,-132" owari="328,13.0,582,68.0,172,-23.0,-82,-58.0" /></mjloggm>