<mjloggm ver="2.3"><GO type="41" lobby="0"/><UN n0="%E3%81%88%E3%81%B3%E3%81%99%39%2F%39" n1="%E2%93%9D%53%75%70%68%78" n2="%E3%83%95%E3%83%AB%E3%83%8F%E3%82%A6%E3%82%B9%37%37%37" n3="%E8%97%A4%E5%8E%9F%E3%81%98%E3%82%85%E3%82%8A" dan="15,18,16,15" rate="2022.46,2100.10,1959.54,1918.98" sx="M,M,M,M"/><TAIKYOKU oya="0"/><INIT seed="0,0,0,1,3,20" ten="250,250,250,250" oya="0" hai0="24,92,19,49,115,21,12,126,97,60,54,119,128" hai1="61,33,78,23,125,107,131,89,76,66,124,48,94" hai2="11,105,101,62,100,114,55,16,27,70,9,73,57" hai3="130,96,117,69,0,42,99,58,110,63,31,134,28"/><T32/><D115/><U56/><E33/><V67/><F73/><W83/><G110/><T13/><D119/><U5/><E107/><V90/><F114/><W59/><G117/><T106/><D106/><U3/><E131/><V103/><F90/><W46/><G0/><T88/><D128/><U123/><E123/><V102/><F105/><W116/><G130/><T91/><D126/><N who="1" m="48747" /><E48/><V1/><F1/><W6/><G116/><T77/><D32/><U40/><E40/><V133/><F133/><W95/><G69/><T129/><D129/><U86/><E23/><N who="2" m="13799" /><F70/><W52/><G134/><T30/><D77/><U7/><E3/><V98/><N who="2" m="25600" /><DORA hai="72" /><V112/><F112/><W111/><G111/><T74/><D74/><U85/><E85/><V43/><F43/><W120/><G42/><T127/><D127/><U17/><E17/><V84/><F84/><W81/><G120/><T80/><D30/><U8/><E8/><N who="2" m="3147" /><F98/><W135/><G135/><T44/><D60/><U82/><E82/><V15/><F15/><W41/><G41/><T113/><D113/><U104/><E104/><V26/><F26/><W50/><G63/><T108/><D108/><U10/><E10/><V121/><F121/><W39/><G99/><T4/><D4/><AGARI ba="0,0" hai="4,5,7,56,61,66,76,78,86,89,94" m="48747" machi="4" ten="30,3900,0" yaku="18,1,52,2" doraHai="20,72" who="1" fromWho="0" sc="250,-39,250,39,250,0,250,0" /><INIT seed="1,0,0,5,3,82" ten="211,289,250,250" oya="1" hai0="20,113,4,25,41,14,92,89,105,116,15,47,87" hai1="59,55,12,111,37,45,65,126,31,1,52,103,72" hai2="13,130,74,90,48,7,114,19,132,108,2,26,62" hai3="70,94,42,121,46,88,106,131,35,69,117,127,11"/><U100/><E1/><V53/><F74/><W128/><G121/><T58/><D113/><U18/><E72/><V133/><F108/><W5/><G35/><T73/><D116/><U79/><E126/><V120/><F120/><W22/><G127/><T77/><D105/><U56/><E31/><V91/><F114/><W34/><G106/><T38/><D4/><U107/><E65/><V95/><F26/><W66/><G34/><T71/><D71/><U83/><E111/><V93/><F62/><W29/><G117/><T6/><D6/><U28/><E28/><V0/><F130/><N who="3" m="49707" /><G66/><T60/><D77/><U67/><E67/><V97/><F7/><W129/><G22/><T17/><REACH who="0" step="1"/><D73/><REACH who="0" ten="201,289,250,250" step="2"/><U81/><E79/><V27/><F133/><W110/><G110/><T32/><D32/><U44/><E107/><V115/><F132/><W104/><G104/><T50/><D50/><U30/><E37/><V16/><F115/><W96/><N who="3" m="49715" /><W10/><DORA hai="124" /><G29/><T78/><D78/><U9/><E30/><V57/><F27/><W86/><G5/><T43/><D43/><U135/><E135/><V40/><F40/><W80/><G70/><T49/><D49/><U33/><E33/><V112/><F112/><W134/><G69/><T122/><D122/><U118/><E118/><V76/><F76/><N who="3" m="46343" /><G134/><T3/><D3/><U64/><E18/><V51/><F19/><W123/><G123/><T75/><D75/><U101/><E12/><V36/><F0/><W119/><G119/><T98/><D98/><U23/><E64/><AGARI ba="0,1" hai="14,15,17,20,25,38,41,47,58,60,64,87,89,92" machi="64" ten="30,7700,0" yaku="1,1,7,1,52,1,53,1" doraHai="82,124" doraHaiUra="109,85" who="0" fromWho="1" sc="201,87,289,-77,250,0,250,0" /><INIT seed="2,0,0,4,5,36" ten="288,212,250,250" oya="2" hai0="34,48,33,51,67,115,74,109,1,119,19,6,11" hai1="81,114,91,22,87,15,95,71,124,98,118,78,29" hai2="28,127,26,79,16,61,24,89,134,56,110,53,7" hai3="69,38,106,14,3,58,37,65,99,107,46,92,88"/><V49/><F127/><W52/><G3/><T111/><D115/><U76/><E71/><V104/><F104/><W43/><G37/><T82/><D67/><U85/><E118/><V120/><F120/><W30/><G30/><T105/><D105/><U100/><E124/><V17/><F134/><W112/><G14/><T84/><D74/><U108/><E108/><N who="0" m="41545" /><D19/><N who="2" m="7242" /><F110/><W122/><G122/><T57/><D57/><U47/><E114/><V133/><F133/><W121/><G112/><T129/><D129/><U90/><E15/><V75/><F75/><W128/><G128/><T35/><D119/><U103/><E47/><N who="2" m="27839" /><F79/><AGARI ba="0,0" hai="1,6,11,33,34,35,48,51,79,82,84" m="41545" machi="79" ten="40,1300,0" yaku="14,1" doraHai="36" who="0" fromWho="2" sc="288,13,212,0,250,-13,250,0" /><INIT seed="3,0,0,0,5,21" ten="301,212,237,250" oya="3" hai0="100,57,23,130,50,14,30,12,123,74,88,110,68" hai1="26,43,32,120,133,48,18,125,40,134,71,20,65" hai2="29,78,58,67,25,116,122,84,51,70,106,60,80" hai3="92,119,72,31,90,108,22,76,114,39,121,83,112"/><W59/><G119/><T62/><D123/><U107/><E120/><V113/><F122/><W127/><G121/><T75/><D100/><U52/><E107/><V8/><F116/><W128/><G128/><T95/><D68/><U17/><E32/><V34/><F113/><W109/><G127/><T101/><D101/><U111/><E111/><N who="3" m="42570" /><G39/><T42/><D130/><U11/><E65/><V5/><F106/><W53/><G31/><T87/><D75/><U9/><E71/><V129/><F129/><W118/><G118/><T126/><D74/><U63/><E63/><V91/><F51/><N who="3" m="31167" /><G22/><T56/><D126/><U132/><E125/><V69/><REACH who="2" step="1"/><F78/><REACH who="2" ten="301,212,227,250" step="2"/><W86/><AGARI ba="0,1" hai="72,76,83,86,90,92,112,114" m="31167,42570" machi="86" ten="30,3000,0" yaku="14,1,10,1" doraHai="21" who="3" fromWho="3" sc="301,-10,212,-10,227,-10,250,40" /><INIT seed="3,1,0,2,0,41" ten="291,202,217,290" oya="3" hai0="68,4,107,39,122,13,106,57,118,83,50,70,128" hai1="108,79,111,66,8,51,97,23,29,46,77,86,27" hai2="78,54,17,61,72,31,121,10,132,59,126,65,42" hai3="30,81,6,114,67,20,135,40,64,71,45,47,90"/><W43/><G114/><T48/><D39/><U11/><E66/><N who="3" m="25130" /><G71/><T74/><D118/><U129/><E129/><V89/><F121/><W15/><G135/><T35/><D35/><U96/><E96/><V116/><F116/><W44/><G6/><T14/><D83/><U21/><E97/><V26/><F132/><W82/><G15/><T110/><D74/><U73/><E86/><V80/><F126/><W131/><G131/><T100/><D57/><U130/><E130/><V88/><F42/><N who="3" m="15915" /><G90/><T91/><D91/><U28/><E73/><V105/><F105/><W117/><G117/><T63/><D128/><U0/><E0/><V95/><F65/><W103/><G103/><T5/><D63/><U22/><E27/><AGARI ba="1,0" hai="20,27,30,44,45,47,81,82" m="15915,25130" machi="27" ten="30,11600,0" yaku="8,1,52,3" doraHai="41" who="3" fromWho="1" sc="291,0,202,-119,217,0,290,119" /><INIT seed="3,2,0,4,4,73" ten="291,83,217,409" oya="3" hai0="101,31,3,53,77,127,19,92,60,93,126,43,0" hai1="135,15,6,74,38,32,125,11,71,129,78,25,118" hai2="44,18,63,14,47,72,100,59,35,108,34,96,103" hai3="52,58,9,64,2,37,33,131,42,119,117,13,49"/><W16/><G131/><T81/><D43/><U50/><E38/><V91/><F108/><W62/><G33/><T41/><D41/><U29/><E129/><V21/><F72/><W54/><G2/><T85/><D31/><U104/><E135/><V70/><F70/><N who="3" m="42263" /><G54/><T65/><D53/><U112/><E125/><N who="0" m="47625" /><D19/><U115/><E104/><V12/><F35/><W80/><G80/><T10/><D101/><N who="2" m="38986" /><F12/><W27/><G27/><T123/><D123/><U76/><E118/><V56/><F34/><W7/><G7/><N who="0" m="1383" /><D3/><U22/><E32/><V28/><F28/><W120/><G120/><T17/><D17/><U94/><E29/><V36/><F36/><W48/><G48/><T68/><AGARI ba="2,0" hai="60,65,68,77,81,85,92,93" m="1383,47625" machi="68" ten="30,2000,0" yaku="18,1,52,1" doraHai="73" who="0" fromWho="0" sc="291,26,83,-7,217,-7,409,-12" /><INIT seed="4,0,0,1,4,122" ten="317,76,210,397" oya="0" hai0="67,133,63,88,9,59,3,55,46,96,98,128,10" hai1="49,66,19,130,131,48,69,103,64,26,100,23,76" hai2="53,4,94,129,123,33,47,41,62,40,75,13,12" hai3="34,77,20,22,58,134,111,8,102,108,78,97,52"/><T107/><D128/><N who="1" m="49195" /><E76/><V29/><F123/><W16/><G134/><T38/><D133/><U90/><E90/><V1/><F75/><W80/><G34/><T120/><D120/><U115/><E69/><V68/><F129/><W79/><G80/><T60/><D107/><U43/><E43/><V99/><F1/><W91/><G91/><T119/><D119/><U51/><E23/><V116/><F116/><W105/><G8/><T6/><D10/><U30/><E26/><V117/><F117/><W73/><G73/><T27/><D27/><U83/><E19/><V126/><F29/><W135/><G135/><T2/><D2/><U93/><E93/><V24/><F33/><W18/><G22/><T7/><D7/><U37/><E37/><V84/><F24/><W85/><G85/><T127/><D127/><U21/><E83/><V113/><F126/><W39/><G39/><T112/><D38/><U31/><E21/><V132/><F4/><W14/><REACH who="3" step="1"/><G18/><REACH who="3" ten="317,76,210,387" step="2"/><T17/><D17/><U28/><E115/><V44/><F113/><W87/><G87/><T32/><D112/><U110/><E110/><V54/><F84/><W72/><G72/><T57/><D32/><U86/><E86/><V125/><F132/><W5/><G5/><T65/><D88/><U82/><E82/><V70/><F125/><W95/><G95/><T45/><D98/><U35/><E35/><V15/><F99/><W74/><G74/><T81/><D96/><U118/><E118/><V121/><F94/><W11/><G11/><T106/><D81/><U109/><E109/><V56/><F121/><RYUUKYOKU ba="0,1" sc="317,-15,76,15,210,-15,387,15" hai1="28,30,31,48,49,51,64,66,100,103" hai3="14,16,20,52,58,77,78,79,97,102,105,108,111" /><INIT seed="5,1,1,0,2,56" ten="302,91,195,402" oya="1" hai0="93,81,66,95,27,108,98,53,23,55,118,112,52" hai1="94,135,35,127,54,44,77,41,126,70,25,76,34" hai2="84,69,1,43,72,100,57,71,104,33,40,80,78" hai3="11,99,67,17,121,59,36,117,119,31,51,45,61"/><U9/><E70/><V89/><F1/><W115/><G121/><T86/><D108/><U92/><E54/><N who="0" m="21097" /><D112/><U124/><E9/><V6/><F6/><W10/><G115/><T105/><D105/><U73/><E135/><V38/><F33/><N who="1" m="12297" /><E25/><V37/><F57/><W111/><G111/><T79/><D66/><U58/><E58/><V88/><F89/><W29/><G36/><T12/><D118/><N who="3" m="45065" /><G99/><T122/><D122/><U46/><E73/><V26/><F26/><W134/><G134/><T19/><N who="0" m="21105" /><T0/><DORA hai="87" /><D0/><U30/><E30/><N who="3" m="11274" /><G17/><N who="0" m="12783" /><D98/><U109/><E109/><V3/><F3/><W101/><G101/><T50/><D50/><U39/><E46/><V75/><F75/><W14/><G14/><T21/><AGARI ba="1,1" hai="12,19,21,79,81,86,93,95" m="12783,21105" machi="21" ten="30,2000,0" yaku="8,1,54,1" doraHai="56,87" who="0" fromWho="0" sc="302,33,91,-11,195,-6,402,-6" /><INIT seed="6,0,0,1,0,28" ten="335,80,189,396" oya="2" hai0="90,127,100,69,78,19,57,71,112,98,109,63,122" hai1="89,5,104,128,54,96,10,40,99,15,88,120,14" hai2="67,56,11,111,134,121,6,92,29,32,26,18,1" hai3="53,95,17,101,130,65,38,12,52,47,84,37,106"/><V103/><F121/><W2/><G130/><T9/><D109/><U3/><E128/><V91/><F103/><W81/><G2/><T21/><D122/><U44/><E120/><V126/><F111/><W135/><G135/><T58/><D78/><U66/><E66/><V107/><F107/><W93/><G65/><T16/><D90/><U36/><E54/><V39/><F39/><W124/><G124/><T13/><D112/><U23/><E23/><V4/><F4/><W115/><G115/><T129/><D127/><U0/><E0/><V108/><F126/><W97/><G106/><T33/><D33/><U105/><E105/><V22/><F108/><W125/><G95/><T85/><D85/><U50/><E36/><V72/><F72/><W102/><G102/><T64/><D58/><U75/><E75/><V48/><F134/><W8/><G38/><T94/><REACH who="0" step="1"/><D129/><REACH who="0" ten="325,80,189,396" step="2"/><U79/><E79/><V20/><F67/><W42/><G125/><T60/><D60/><U45/><E89/><AGARI ba="0,1" hai="8,12,17,37,42,47,52,53,81,84,89,93,97,101" machi="89" ten="30,2000,0" yaku="7,1,54,1" doraHai="28" who="3" fromWho="1" sc="325,0,80,-20,189,0,396,30" /><INIT seed="7,0,0,3,2,114" ten="325,60,189,426" oya="3" hai0="62,118,57,15,132,66,54,124,3,65,48,11,98" hai1="29,1,73,37,90,24,107,30,115,43,87,20,86" hai2="133,60,116,52,122,96,117,76,63,121,28,17,45" hai3="135,5,127,59,23,129,70,105,83,33,97,50,7"/><W108/><G135/><T9/><D132/><U74/><E115/><V106/><F133/><W126/><G33/><T27/><D124/><N who="3" m="47657" /><G129/><T99/><D3/><U42/><E1/><V94/><F106/><W61/><G70/><T119/><D27/><U134/><E134/><V2/><F2/><W80/><G23/><T85/><D85/><U32/><E107/><V14/><F28/><W31/><G50/><T53/><D66/><U93/><E32/><V113/><F76/><W44/><G44/><T35/><D35/><U69/><E69/><V19/><F113/><W111/><G31/><T36/><D36/><U8/><E8/><N who="2" m="6343" /><F19/><W18/><G18/><T128/><D9/><U51/><E37/><V55/><F45/><W12/><G97/><T64/><D64/><U101/><E51/><V110/><F60/><W95/><G95/><T123/><D54/><N who="2" m="20522" /><F63/><W4/><G105/><T0/><D0/><U72/><E30/><V68/><F110/><N who="3" m="42027" /><G12/><T92/><D128/><U103/><REACH who="1" step="1"/><E87/><REACH who="1" ten="325,50,189,426" step="2"/><V56/><F68/><W22/><G61/><T26/><D123/><N who="2" m="47114" /><F56/><W102/><G59/><T6/><D26/><U67/><E67/><V47/><F47/><W79/><G22/><T41/><D41/><U46/><E46/><V13/><F13/><W78/><G7/><T88/><REACH who="0" step="1"/><D99/><REACH who="0" ten="315,50,189,426" step="2"/><U16/><E16/><V104/><F104/><W75/><G5/><T89/><D89/><AGARI ba="0,2" hai="89,94,96,116,117" m="47114,20522,6343" machi="89" ten="30,7700,0" yaku="13,1,52,2,54,1" doraHai="114" who="2" fromWho="0" sc="315,-77,50,0,189,97,426,0" owari="238,-16.0,50,-45.0,286,9.0,426,52.0" /></mjloggm>