<mjloggm ver="2.3"><GO type="41" lobby="0"/><UN n0="%58%4C%6F%72" n1="%E2%93%9D%53%75%70%68%78" n2="%E2%98%86%E6%9A%B4%E7%89%8C%E4%BB%99%E4%BA%BA%E2%98%86" n3="%52%65%5F%6C%75%6E%61" dan="13,18,15,13" rate="1867.24,2060.00,1937.39,1889.47" sx="M,M,M,F"/><TAIKYOKU oya="0"/><INIT seed="0,0,0,1,0,105" ten="250,250,250,250" oya="0" hai0="37,133,72,28,79,23,61,24,70,76,14,90,78" hai1="15,82,65,92,127,98,134,67,60,107,121,25,75" hai2="22,117,16,116,125,55,17,104,45,102,52,109,88" hai3="94,39,96,124,85,38,95,53,50,58,29,114,2"/><T3/><D3/><U42/><E121/><V44/><F125/><W112/><G2/><T0/><D0/><U93/><E134/><V21/><F88/><W66/><G124/><T49/><D37/><U57/><E107/><V54/><F104/><W30/><G66/><T84/><D133/><U110/><E110/><V7/><F7/><W73/><G73/><T10/><D49/><U132/><E42/><V31/><F31/><W81/><G39/><T108/><D108/><U40/><E40/><V13/><F109/><W18/><G38/><T119/><D119/><U8/><E67/><V111/><F111/><W20/><G114/><T118/><D118/><U120/><E120/><V4/><F4/><W59/><G59/><T123/><D123/><U32/><E132/><V129/><F102/><W135/><G135/><T100/><D70/><U63/><E63/><V122/><F122/><W51/><G51/><T43/><D61/><U69/><E69/><V101/><F101/><N who="3" m="60567" /><G95/><T47/><D100/><U113/><E93/><V12/><F129/><W36/><G36/><T74/><D43/><U35/><E113/><V103/><F103/><W34/><G34/><T131/><D131/><U87/><E127/><V130/><F130/><W26/><G112/><T64/><D64/><U77/><E98/><V126/><F126/><W106/><G106/><T41/><D41/><U33/><E92/><V6/><F6/><W56/><G56/><T86/><D47/><AGARI ba="0,0" hai="12,13,16,17,21,22,44,45,47,52,54,55,116,117" machi="47" ten="40,5200,0" yaku="9,1,54,2" doraHai="105" who="2" fromWho="0" sc="250,-52,250,0,250,52,250,0" /><INIT seed="1,0,0,1,4,21" ten="198,250,302,250" oya="1" hai0="95,92,66,15,98,104,77,75,60,14,58,109,17" hai1="50,46,132,53,40,89,34,64,55,110,36,13,78" hai2="12,125,91,29,59,42,123,84,73,57,124,16,32" hai3="106,37,8,23,99,33,101,112,6,22,122,131,82"/><U113/><E34/><V39/><F123/><W7/><G122/><T67/><D109/><U80/><E113/><V38/><F73/><W102/><G112/><T11/><D104/><U79/><E132/><V130/><F130/><W45/><G131/><T69/><D95/><U97/><E64/><V26/><F39/><W103/><G33/><T51/><D75/><U83/><E110/><V1/><F1/><W71/><G71/><T117/><D117/><U129/><E129/><V94/><F42/><W52/><G37/><T47/><D77/><U30/><E30/><V31/><F31/><W118/><G118/><T88/><D69/><U111/><E111/><V4/><F4/><W9/><G106/><T19/><D66/><U20/><E36/><V74/><F74/><W24/><G99/><T93/><D93/><N who="1" m="56495" /><E79/><V35/><F35/><W119/><G22/><T126/><D126/><N who="2" m="48746" /><F38/><W114/><G114/><T87/><D47/><U44/><E44/><V28/><F28/><N who="3" m="17439" /><G82/><N who="1" m="31274" /><E78/><V65/><F65/><W63/><G119/><T54/><D67/><U49/><E49/><V76/><F76/><W68/><G68/><T5/><D51/><U108/><E108/><V2/><F2/><W85/><G85/><T96/><REACH who="0" step="1"/><D5/><REACH who="0" ten="188,250,302,250" step="2"/><N who="3" m="1545" /><G45/><T62/><D62/><U100/><E100/><V81/><F81/><W121/><G121/><T90/><D90/><U135/><E135/><V116/><F116/><W25/><G102/><T86/><D86/><U56/><E56/><V3/><F3/><W41/><G103/><T43/><D43/><U127/><E127/><V134/><F134/><W27/><G41/><RYUUKYOKU ba="0,1" sc="188,10,250,10,302,10,250,-30" hai0="11,14,15,17,19,54,58,60,87,88,92,96,98" hai1="13,20,40,46,50,53,55" hai2="12,16,26,29,32,57,59,84,91,94" /><INIT seed="1,1,1,0,1,134" ten="198,260,312,220" oya="1" hai0="127,20,84,119,36,74,118,69,132,32,82,129,30" hai1="103,67,54,107,121,26,98,42,85,96,71,75,73" hai2="4,19,10,46,0,88,72,43,93,8,83,34,47" hai3="41,56,120,60,135,114,63,9,48,24,115,51,125"/><U131/><E121/><V110/><F34/><W58/><G24/><T133/><D69/><U25/><E42/><V2/><F110/><W23/><G120/><T21/><D36/><U89/><E131/><V78/><F19/><W13/><G23/><T61/><D129/><U94/><E54/><V90/><F90/><W39/><G135/><N who="0" m="51787" /><D74/><U45/><E45/><V104/><F104/><W11/><G13/><T99/><D99/><U59/><E71/><V7/><F43/><W111/><G41/><T101/><D101/><U70/><E70/><V117/><F117/><W80/><G80/><T40/><D40/><U31/><E26/><V106/><REACH who="2" step="1"/><F106/><REACH who="2" ten="198,260,302,220" step="2"/><W91/><G111/><T79/><D32/><U37/><E107/><V22/><F22/><W57/><G39/><T126/><D21/><U33/><E37/><V108/><F108/><W3/><G91/><T52/><D20/><U35/><E35/><V130/><F130/><W28/><G28/><T109/><D109/><U100/><E100/><V97/><AGARI ba="1,2" hai="0,2,4,7,8,10,46,47,72,78,83,88,93,97" machi="97" ten="20,8000,1" yaku="1,1,0,1,7,1,9,1,54,1,53,0" doraHai="134" doraHaiUra="65" who="2" fromWho="2" sc="198,-21,260,-41,302,103,220,-21" /><INIT seed="2,0,0,2,0,88" ten="177,219,405,199" oya="2" hai0="130,65,26,101,46,91,3,23,83,76,25,95,60" hai1="44,56,126,132,112,111,109,81,121,2,5,6,129" hai2="125,128,29,122,40,127,1,11,58,120,55,90,92" hai3="106,18,67,4,10,36,77,80,73,27,7,115,38"/><V21/><F40/><W41/><G106/><T123/><D130/><U52/><E112/><V13/><F128/><W82/><G115/><T61/><D3/><U103/><E129/><V20/><F1/><W102/><G82/><T107/><D123/><U87/><E132/><V31/><F120/><W57/><G102/><T131/><D131/><U37/><E126/><N who="2" m="48139" /><F122/><W104/><G104/><T105/><D61/><U97/><E44/><V34/><F34/><W110/><G110/><N who="1" m="41994" /><E37/><V30/><F58/><W66/><G4/><T45/><D105/><N who="1" m="63727" /><E2/><V12/><F55/><W63/><G67/><T78/><D101/><U113/><E113/><V24/><F24/><W54/><G66/><T70/><D107/><U118/><E118/><V17/><F13/><W42/><G38/><T64/><D64/><U124/><E124/><V72/><F72/><W19/><G36/><T32/><D32/><U98/><E121/><V9/><F9/><W100/><G100/><T14/><D14/><U22/><E22/><V8/><F8/><W59/><G57/><T35/><D23/><U119/><E119/><V117/><F117/><W114/><G114/><T94/><D35/><U108/><E108/><V51/><F51/><W84/><G73/><T53/><D45/><U71/><E56/><V134/><F134/><W135/><G135/><T48/><D48/><U43/><E43/><V50/><F50/><W47/><G47/><T33/><D46/><U74/><E74/><V79/><F79/><W69/><G69/><T86/><D78/><N who="1" m="46519" /><E71/><V85/><AGARI ba="0,0" hai="11,12,17,20,21,29,30,31,85,90,92" m="48139" machi="85" ten="30,3000,0" yaku="18,1,52,1" doraHai="88" who="2" fromWho="2" sc="177,-10,219,-10,405,30,199,-10" /><INIT seed="2,1,0,2,5,2" ten="167,209,435,189" oya="2" hai0="71,28,75,111,129,10,0,18,33,30,5,131,127" hai1="42,16,81,108,86,36,60,128,27,6,91,85,109" hai2="55,69,66,21,11,73,32,100,12,95,65,105,41" hai3="101,7,13,77,9,63,97,76,74,50,87,48,61"/><V67/><F32/><W116/><G74/><T84/><D71/><U45/><E128/><N who="0" m="49225" /><D75/><U47/><E60/><N who="3" m="23114" /><G116/><T78/><D84/><U43/><E6/><N who="2" m="3191" /><F69/><W17/><G87/><T34/><D78/><N who="3" m="30313" /><G17/><T115/><D115/><U99/><E99/><N who="2" m="59519" /><F105/><W24/><G24/><T15/><D111/><U96/><E96/><V31/><F41/><W22/><G22/><N who="0" m="11615" /><D127/><U80/><E27/><N who="2" m="16879" /><F73/><W134/><G134/><T82/><D82/><U51/><E16/><V54/><AGARI ba="1,0" hai="54,55,65,66,67" m="16879,59519,3191" machi="54" ten="30,3000,0" yaku="8,1,52,1" doraHai="2" who="2" fromWho="2" sc="167,-11,209,-11,435,33,189,-11" /><INIT seed="2,2,0,1,1,36" ten="156,198,468,178" oya="2" hai0="84,85,18,98,130,111,132,61,3,27,125,22,25" hai1="43,14,81,120,83,34,119,1,50,24,51,105,9" hai2="13,64,48,67,56,94,54,2,55,86,66,44,107" hai3="38,23,47,68,115,117,90,113,0,45,91,6,82"/><V74/><F107/><W126/><G117/><T5/><D111/><U73/><E1/><V129/><F2/><W33/><G68/><T112/><D112/><N who="3" m="43081" /><G33/><T8/><D125/><U114/><E105/><V46/><F74/><W28/><G126/><T12/><D130/><U80/><E73/><V116/><F129/><W89/><G82/><T57/><D132/><U11/><E120/><V39/><F13/><W87/><G87/><T121/><D121/><U96/><E119/><V97/><F86/><W35/><G35/><T77/><D98/><U65/><E96/><V133/><F133/><W127/><G127/><T72/><D72/><U70/><E70/><V128/><F128/><W19/><G28/><T29/><D77/><U135/><E34/><V69/><F116/><W95/><G95/><T15/><D15/><U124/><E14/><V88/><F69/><W59/><G59/><T131/><D131/><U122/><E122/><V118/><F118/><W63/><G63/><T134/><D134/><U78/><E78/><V53/><REACH who="2" step="1"/><F56/><REACH who="2" ten="156,198,458,178" step="2"/><W21/><G0/><T49/><D3/><U108/><E124/><V7/><F7/><W71/><G6/><T100/><D5/><U99/><E114/><V79/><F79/><W20/><G71/><T75/><D75/><U58/><E135/><V103/><F103/><W41/><G47/><T123/><D100/><U92/><E58/><V42/><AGARI ba="2,1" hai="39,42,44,46,48,53,54,55,64,66,67,88,94,97" machi="42" ten="30,12000,1" yaku="1,1,0,1,52,1,54,1,53,1" doraHai="36" doraHaiUra="37" who="2" fromWho="2" sc="156,-42,198,-42,458,136,178,-42" /><INIT seed="2,3,0,2,2,101" ten="114,156,594,136" oya="2" hai0="111,117,104,36,74,35,129,86,113,15,133,70,85" hai1="60,68,24,126,27,66,109,67,65,100,58,121,13" hai2="112,81,6,46,3,56,21,124,62,22,5,119,17" hai3="130,64,49,123,99,92,47,18,16,11,125,41,115"/><V29/><F119/><W98/><G123/><T0/><D15/><U93/><E109/><V10/><F112/><W89/><G130/><T122/><D85/><U128/><E126/><V78/><F124/><W38/><G125/><T20/><D86/><U54/><E68/><V51/><F29/><W127/><G127/><T90/><D90/><U28/><E128/><V50/><F6/><W44/><G115/><T84/><D84/><U87/><E121/><V75/><F46/><W77/><G77/><T107/><D20/><U2/><E2/><V71/><F71/><W55/><G64/><T34/><D113/><U97/><E28/><V32/><F32/><W91/><G11/><T19/><D19/><U53/><E53/><V118/><F22/><W106/><REACH who="3" step="1"/><G89/><REACH who="3" ten="114,156,594,126" step="2"/><T79/><D79/><U7/><E67/><V40/><F78/><W108/><G108/><T59/><D111/><U26/><E87/><V83/><F10/><AGARI ba="3,1" hai="7,10,13,24,26,27,54,58,60,65,66,93,97,100" machi="10" ten="40,1300,0" yaku="8,1" doraHai="101" who="1" fromWho="2" sc="114,0,156,32,594,-22,126,0" /><INIT seed="3,0,0,1,0,132" ten="114,188,572,126" oya="3" hai0="99,65,0,45,13,80,108,134,133,49,38,6,3" hai1="93,41,90,57,106,131,46,86,23,8,2,14,77" hai2="102,129,95,30,39,125,73,26,20,135,24,94,130" hai3="43,124,48,117,44,1,22,64,121,81,104,29,96"/><W36/><G121/><T76/><D108/><U122/><E131/><N who="2" m="50187" /><F39/><W69/><G117/><T66/><D38/><U72/><E106/><V21/><F73/><W40/><G1/><T10/><D133/><U47/><E2/><V92/><F135/><W120/><G120/><T126/><D126/><U82/><E122/><V11/><F11/><W67/><G81/><T32/><D134/><U56/><E23/><V62/><F62/><W97/><G104/><T79/><D32/><U4/><REACH who="1" step="1"/><E47/><REACH who="1" ten="114,178,572,126" step="2"/><V112/><F112/><W70/><G22/><T54/><D0/><U31/><E31/><N who="2" m="17799" /><F102/><W60/><G29/><T59/><D3/><U98/><E98/><V50/><F50/><AGARI ba="0,1" hai="4,8,14,41,46,50,56,57,72,77,82,86,90,93" machi="50" ten="30,3900,0" yaku="1,1,7,1,53,1" doraHai="132" doraHaiUra="83" who="1" fromWho="2" sc="114,0,178,49,572,-39,126,0" /><INIT seed="4,0,0,3,4,56" ten="114,227,533,126" oya="0" hai0="99,41,116,42,55,132,20,57,112,26,75,115,129" hai1="70,36,18,74,14,61,40,52,67,10,79,47,95" hai2="100,19,0,91,109,1,46,2,90,51,123,13,134" hai3="69,48,58,34,72,103,65,104,105,44,97,114,133"/><T117/><D75/><U25/><E95/><V127/><F123/><W78/><G34/><T49/><D99/><U39/><E25/><V118/><F127/><W15/><G133/><T66/><D20/><U93/><E93/><V43/><F134/><W102/><G114/><N who="0" m="43563" /><D26/><U23/><E23/><V128/><F128/><W32/><G32/><T113/><D132/><U11/><E11/><V37/><F118/><N who="0" m="45674" /><D129/><U130/><E130/><V22/><F100/><W107/><G69/><T29/><N who="0" m="43571" /><T53/><DORA hai="77" /><D29/><U106/><E106/><V86/><F0/><W31/><G31/><T68/><D55/><U88/><E52/><V83/><F1/><W5/><G103/><T3/><D3/><U80/><E88/><V50/><F2/><W125/><G125/><T28/><D28/><U71/><E71/><V24/><F24/><W30/><G30/><T17/><D17/><U85/><E74/><V8/><F22/><W119/><G119/><T54/><D54/><U60/><E18/><V21/><F8/><W73/><G73/><T64/><D68/><U101/><E101/><V38/><F91/><W35/><G35/><T27/><D27/><U110/><E70/><V87/><F21/><W45/><G105/><T135/><D135/><U63/><E10/><V16/><F13/><W12/><G107/><T121/><D121/><U96/><E14/><V59/><F19/><W6/><G12/><T4/><D4/><U81/><E96/><V124/><F16/><W89/><G15/><T84/><D84/><U126/><E85/><V76/><F86/><W92/><G5/><RYUUKYOKU ba="0,0" sc="114,30,227,-10,533,-10,126,-10" hai0="41,42,49,53,57,64,66" /><INIT seed="4,1,0,5,5,37" ten="144,217,523,116" oya="0" hai0="8,24,90,39,51,117,28,118,81,119,129,23,62" hai1="115,112,64,14,126,89,56,11,114,22,74,76,44" hai2="42,135,53,67,5,116,130,15,98,125,46,38,86" hai3="21,127,128,113,26,85,73,120,82,84,83,91,31"/><T12/><D39/><U110/><E110/><V95/><F135/><W107/><G120/><T45/><D129/><U17/><E126/><V71/><F130/><W122/><G122/><T96/><D62/><N who="1" m="37959" /><E89/><V58/><F125/><W101/><G128/><T105/><D105/><U29/><E44/><V41/><F116/><W19/><G127/><T48/><D48/><U7/><E29/><V77/><F5/><W13/><G113/><T123/><D123/><U65/><E65/><V27/><F67/><W109/><G109/><T108/><D108/><U104/><E104/><V47/><F77/><W55/><G73/><T63/><D63/><U18/><E22/><V43/><F71/><W57/><G101/><T102/><D118/><U93/><E93/><V106/><F86/><W20/><G107/><T0/><D0/><U16/><E76/><V75/><F75/><AGARI ba="1,0" hai="7,11,14,16,17,18,74,75,112,114,115" m="37959" machi="75" ten="40,5200,0" yaku="15,1,11,1,54,1" doraHai="37" who="1" fromWho="2" sc="144,0,217,55,523,-55,116,0" /><INIT seed="5,0,0,4,1,99" ten="144,272,468,116" oya="1" hai0="114,134,8,66,93,37,71,101,4,73,100,36,115" hai1="52,32,79,61,11,118,34,77,1,90,81,35,94" hai2="23,109,68,40,127,38,16,102,59,106,72,31,54" hai3="19,41,107,3,47,2,87,76,10,14,126,7,46"/><U13/><E1/><V86/><F72/><W48/><G126/><T92/><D134/><U97/><E118/><V105/><F68/><W108/><G108/><T84/><D73/><U113/><E113/><N who="0" m="43017" /><D71/><U95/><E95/><N who="0" m="36425" /><D66/><U12/><E12/><V63/><F109/><W30/><G107/><T28/><D28/><U24/><E24/><V0/><F0/><W117/><G117/><T116/><D116/><U133/><E133/><V50/><F38/><N who="0" m="14954" /><D84/><U57/><REACH who="1" step="1"/><E81/><REACH who="1" ten="144,262,468,116" step="2"/><V39/><F127/><W120/><G2/><AGARI ba="0,1" hai="2,4,8,100,101" m="14954,36425,43017" machi="2" ten="30,3900,0" yaku="15,1,52,2" doraHai="99" who="0" fromWho="3" sc="144,49,262,0,468,0,116,-39" /><INIT seed="6,0,0,2,4,59" ten="193,262,468,77" oya="2" hai0="72,64,45,36,70,125,121,10,116,128,50,99,85" hai1="47,61,81,22,32,29,123,133,33,49,11,20,82" hai2="93,34,105,71,108,6,18,127,5,62,101,103,83" hai3="3,41,77,68,21,14,0,1,44,35,9,7,25"/><V110/><F34/><W40/><G68/><T87/><D121/><U135/><E11/><V24/><F105/><W134/><G77/><T15/><D72/><U37/><E37/><V114/><F83/><N who="1" m="31753" /><E61/><V2/><F127/><W67/><G67/><T86/><D125/><U119/><E119/><V129/><F129/><W28/><G44/><T109/><D109/><N who="2" m="42090" /><F2/><N who="3" m="247" /><G41/><T120/><D120/><U115/><E115/><V124/><F124/><W79/><G79/><T63/><D36/><U94/><E29/><V52/><F71/><W84/><G84/><T48/><D128/><U13/><E123/><V95/><F114/><W96/><G96/><T73/><D73/><U117/><E117/><V60/><F103/><W8/><G40/><T39/><D39/><U69/><E69/><V30/><F101/><W58/><G58/><T23/><D116/><U56/><E56/><N who="2" m="34823" /><F62/><W88/><G88/><T27/><D45/><U12/><E47/><V107/><F107/><W100/><G100/><T75/><D75/><U53/><E33/><N who="2" m="20679" /><F18/><N who="3" m="10455" /><G134/><T112/><D63/><U4/><E135/><V38/><F38/><W65/><G65/><T76/><D64/><U31/><E133/><V91/><F95/><W51/><G51/><T102/><D50/><U17/><E94/><V111/><F111/><W106/><G106/><T97/><D48/><U126/><E126/><V16/><F93/><W54/><G54/><T130/><D130/><U42/><E53/><V80/><F80/><W104/><G104/><T132/><D132/><U118/><E118/><V122/><F122/><W113/><G113/><T43/><D112/><RYUUKYOKU ba="0,0" sc="193,-10,262,-10,468,-10,77,30" hai3="0,1,3,8,25,28,35" /><INIT seed="7,1,0,5,5,32" ten="183,252,458,107" oya="3" hai0="12,107,81,29,98,2,135,58,130,124,80,63,116" hai1="106,20,91,56,95,11,23,118,90,99,112,7,10" hai2="100,86,109,6,8,88,73,48,122,105,65,34,108" hai3="57,44,22,67,35,49,114,94,119,115,123,64,54"/><W38/><G35/><T15/><D116/><U79/><E106/><V84/><F34/><W69/><G119/><T92/><D107/><U31/><E112/><N who="3" m="43050" /><G123/><T21/><D124/><U89/><E79/><V87/><F122/><W133/><G133/><T28/><D130/><U93/><E118/><V52/><F73/><W41/><G94/><T43/><D43/><U104/><E104/><V55/><F65/><N who="3" m="25163" /><G22/><T16/><D15/><U59/><E23/><V45/><F55/><W74/><G74/><T26/><D2/><U72/><E72/><V128/><F128/><W18/><G18/><T101/><D28/><U17/><E31/><V60/><F60/><W46/><G46/><T0/><D0/><U125/><E20/><V25/><F25/><W62/><G69/><T47/><D47/><U110/><E17/><V24/><F24/><W3/><G3/><T85/><D135/><U1/><E1/><V66/><F105/><W111/><G111/><T40/><D85/><U134/><E110/><V70/><F109/><W19/><G19/><T83/><D83/><U27/><E27/><V5/><F108/><W71/><G71/><T117/><D117/><U126/><E134/><V132/><F70/><W4/><G4/><T39/><D29/><U113/><E113/><V78/><F132/><W14/><G14/><T82/><D12/><U68/><E68/><V127/><F5/><W96/><G96/><T120/><D120/><U77/><E99/><V53/><F6/><W30/><G30/><T76/><D82/><U97/><E7/><V61/><F84/><W42/><G42/><RYUUKYOKU ba="1,0" sc="183,-10,252,-10,458,-10,107,30" hai3="38,41,44,49,54,57,62" /><INIT seed="7,2,0,2,2,125" ten="173,242,448,137" oya="3" hai0="70,126,14,71,63,69,127,52,57,11,87,8,49" hai1="128,81,29,58,134,123,112,3,48,36,59,13,46" hai2="43,19,7,76,111,0,90,41,133,85,67,99,18" hai3="120,97,72,17,107,75,84,113,96,119,40,101,64"/><W33/><G33/><T100/><D100/><U115/><E3/><V53/><F133/><W15/><G119/><T54/><D87/><U56/><E29/><V88/><F111/><W103/><G120/><T16/><REACH who="0" step="1"/><D11/><REACH who="0" ten="163,242,448,137" step="2"/><U23/><E115/><V55/><F85/><W83/><G113/><T42/><D42/><U44/><E112/><V24/><F19/><W82/><G40/><T4/><D4/><U94/><E123/><V95/><F24/><W92/><G64/><T39/><D39/><U20/><E36/><V114/><F18/><W65/><G65/><T109/><D109/><U10/><E10/><V135/><F135/><W108/><G108/><T116/><D116/><U121/><E134/><V61/><F55/><W25/><G25/><T86/><D86/><U35/><E121/><V21/><F90/><W2/><G2/><T68/><N who="0" m="17408" /><DORA hai="32" /><T28/><D28/><U129/><E13/><V31/><F88/><W117/><G117/><T122/><D122/><U131/><E131/><V105/><F31/><W102/><G102/><T118/><D118/><U22/><E129/><V34/><F7/><W130/><G130/><T89/><D89/><U51/><E128/><V45/><F67/><W93/><G107/><T79/><D79/><U9/><E9/><V12/><F105/><W66/><G66/><T106/><D106/><U132/><E132/><V50/><F41/><W104/><G104/><T26/><D26/><U1/><E1/><V62/><F0/><W98/><G97/><T30/><D30/><U37/><E37/><V6/><F114/><W91/><G83/><RYUUKYOKU ba="2,1" sc="163,15,242,-15,448,-15,137,15" hai0="8,14,16,49,52,54,57,63,126,127" hai3="15,17,72,75,82,84,91,92,93,96,98,101,103" /><INIT seed="7,3,1,4,3,104" ten="178,227,433,152" oya="3" hai0="128,58,68,36,56,8,1,82,3,130,73,53,11" hai1="18,16,102,105,133,62,83,5,113,103,75,4,97" hai2="74,0,124,34,39,109,134,41,31,15,89,10,99" hai3="45,81,87,84,7,66,17,92,22,48,67,77,63"/><W117/><G117/><T2/><D36/><U65/><E113/><V127/><F0/><W40/><G7/><T121/><D121/><U120/><E120/><V122/><F122/><W79/><G63/><T112/><D68/><U64/><E133/><V33/><F134/><W51/><G51/><T23/><D112/><U14/><E75/><V88/><F74/><W108/><G108/><T44/><D23/><U78/><E18/><V100/><F109/><W111/><G111/><T50/><D56/><U32/><E32/><V85/><F89/><N who="3" m="53287" /><G77/><N who="0" m="44335" /><D58/><U72/><E103/><V93/><F41/><W119/><G119/><T114/><D114/><U76/><E76/><V55/><F55/><W47/><G47/><T12/><D12/><AGARI ba="3,1" hai="12,17,22,40,45,48,66,67,79,81,87" m="53287" machi="12" ten="30,1500,0" yaku="8,1" doraHai="104" who="3" fromWho="0" sc="178,-24,227,0,433,0,152,34" /><INIT seed="7,4,0,3,1,81" ten="154,227,433,186" oya="3" hai0="42,2,111,46,79,95,71,55,43,100,84,78,29" hai1="113,24,114,60,118,47,83,0,105,109,14,19,22" hai2="27,65,7,107,13,56,123,76,93,126,86,59,122" hai3="26,110,121,48,130,20,85,97,80,108,91,119,98"/><W131/><G121/><N who="2" m="46089" /><F107/><W39/><G39/><T66/><D111/><N who="3" m="42537" /><G119/><T16/><D2/><U82/><E60/><V31/><F126/><W33/><G33/><T4/><D4/><U28/><E105/><V3/><F3/><W34/><G34/><T112/><D112/><N who="1" m="43115" /><E109/><V18/><F7/><W57/><G57/><T5/><D5/><U124/><E124/><V88/><F76/><W61/><G61/><T70/><D29/><U102/><E102/><V128/><F65/><W38/><G38/><T11/><D66/><U64/><E64/><V106/><F106/><W92/><G48/><N who="0" m="29079" /><D71/><U12/><E118/><V120/><F128/><N who="3" m="49195" /><G80/><N who="1" m="30762" /><E0/><V52/><F120/><W116/><G116/><T23/><D70/><U41/><E28/><AGARI ba="4,0" hai="20,26,28,85,91,92,97,98" m="49195,42537" machi="28" ten="30,5800,0" yaku="10,1,19,1,52,1" doraHai="81" who="3" fromWho="1" sc="154,0,227,-70,433,0,186,70" /><INIT seed="7,5,0,3,0,77" ten="154,157,433,256" oya="3" hai0="61,128,56,64,24,73,110,104,63,116,75,120,60" hai1="45,11,50,20,62,13,96,53,15,108,88,27,113" hai2="123,34,42,131,67,105,35,43,29,33,94,127,80" hai3="37,65,129,39,44,83,101,98,18,92,8,19,76"/><W4/><G129/><T100/><D110/><U124/><E108/><V59/><F123/><W17/><G65/><T71/><D116/><U57/><E113/><V16/><F105/><W95/><G92/><T90/><D120/><U125/><E96/><V58/><F131/><W107/><G95/><T28/><D128/><U74/><E74/><V22/><F29/><W55/><G55/><T10/><D10/><U130/><E88/><V85/><F94/><W87/><REACH who="3" step="1"/><G44/><REACH who="3" ten="154,157,433,246" step="2"/><T1/><D104/><U112/><E130/><V118/><F67/><W31/><G31/><T115/><D115/><U109/><E112/><V69/><F118/><W119/><G119/><T30/><D30/><N who="1" m="17767" /><E109/><V52/><F69/><W134/><G134/><T84/><D71/><U21/><E45/><V54/><F35/><W111/><G111/><T5/><D64/><U25/><E125/><V70/><F127/><W79/><G79/><T99/><D56/><N who="1" m="32823" /><E124/><V66/><F34/><W48/><G48/><T7/><D99/><U68/><E68/><V89/><F33/><W82/><G82/><T40/><D100/><U103/><E103/><V23/><F66/><W41/><G41/><T72/><D40/><U12/><E57/><V81/><F43/><W135/><G135/><T0/><D0/><AGARI ba="5,1" hai="0,4,8,17,18,19,37,39,76,83,87,98,101,107" machi="0" ten="40,3900,0" yaku="1,1,52,1,53,0" doraHai="77" doraHaiUra="38" who="3" fromWho="0" sc="154,-54,157,0,433,0,246,64" /><INIT seed="7,6,0,5,1,82" ten="100,157,433,310" oya="3" hai0="14,96,111,87,32,29,47,67,55,114,77,104,95" hai1="63,44,65,117,122,119,23,13,36,131,48,125,107" hai2="135,60,11,38,19,27,98,9,21,103,118,78,113" hai3="35,84,2,72,93,49,16,120,112,105,7,100,101"/><W80/><G35/><T30/><D111/><U5/><E122/><V68/><F118/><N who="1" m="45065" /><E107/><V116/><F116/><W3/><G120/><T62/><D32/><U94/><E131/><V33/><F135/><W75/><G16/><T24/><D104/><U124/><E94/><V109/><F38/><W41/><G7/><T4/><D114/><U56/><E36/><V127/><F109/><W132/><G49/><T28/><D24/><U1/><E1/><V89/><F78/><W76/><G41/><T50/><D4/><U17/><E5/><V46/><F33/><W51/><G51/><T18/><D67/><U61/><E61/><V81/><F46/><W20/><G20/><T83/><D62/><U12/><E12/><V86/><F113/><W99/><G2/><T53/><D53/><AGARI ba="6,0" hai="13,17,23,44,48,53,56,63,65,124,125" m="45065" machi="53" ten="30,1000,0" yaku="12,1" doraHai="82" who="1" fromWho="0" sc="100,-28,157,28,433,0,310,0" owari="72,-43.0,185,-21.0,433,53.0,310,11.0" /></mjloggm>