<mjloggm ver="2.3"><GO type="41" lobby="0"/><UN n0="%E6%97%A5%E9%99%B0%E3%81%95%E3%82%93" n1="%E2%93%9D%53%75%70%68%78" n2="%E3%83%95%E3%83%A6%E3%82%AB%E3%82%BB%E3%83%84" n3="%E3%83%AC%E3%83%95%E3%83%88%E3%83%95%E3%83%A9%E3%82%A4" dan="15,18,14,14" rate="2061.20,2133.48,2016.29,1936.67" sx="F,M,M,M"/><TAIKYOKU oya="0"/><INIT seed="0,0,0,4,1,23" ten="250,250,250,250" oya="0" hai0="105,92,83,66,70,113,63,46,122,96,1,47,50" hai1="84,73,32,22,121,28,62,61,95,26,59,132,69" hai2="74,6,37,71,133,116,31,17,75,33,49,27,102" hai3="101,68,106,45,80,4,131,135,103,90,40,60,111"/><T54/><D113/><U42/><E73/><V79/><F37/><W55/><G103/><T9/><D122/><U16/><E121/><V128/><F71/><W127/><G127/><T100/><D83/><U107/><E107/><V81/><F133/><W8/><G135/><T15/><D1/><U76/><E132/><V85/><F128/><W65/><G131/><T52/><D105/><U57/><E42/><V129/><F129/><W2/><G101/><T104/><D104/><U78/><E69/><V29/><F102/><W25/><G106/><T108/><D108/><U18/><E32/><V115/><F115/><W67/><G67/><T3/><D3/><U112/><E112/><V7/><F31/><W5/><G5/><T82/><D82/><N who="1" m="47175" /><E78/><V126/><F126/><W30/><G55/><T110/><D110/><U41/><E41/><V19/><F116/><W114/><G114/><T91/><D100/><U20/><E95/><V109/><F109/><W36/><G111/><T38/><D38/><U51/><E51/><V124/><F124/><W117/><G117/><T48/><REACH who="0" step="1"/><D15/><REACH who="0" ten="240,250,250,250" step="2"/><N who="1" m="9247" /><E28/><V98/><F81/><W120/><G120/><T11/><AGARI ba="0,1" hai="9,11,46,47,48,50,52,54,63,66,70,91,92,96" machi="11" ten="30,11700,0" yaku="1,1,0,1,9,1,54,1,53,0" doraHai="23" doraHaiUra="39" who="0" fromWho="0" sc="240,127,250,-39,250,-39,250,-39" /><INIT seed="0,1,0,0,5,69" ten="367,211,211,211" oya="0" hai0="85,47,78,9,126,90,60,94,58,43,48,114,53" hai1="131,111,29,76,121,117,120,55,25,93,96,77,19" hai2="28,3,74,71,12,130,115,32,112,20,124,101,54" hai3="0,80,84,56,91,73,81,34,102,8,63,110,92"/><T39/><D126/><U133/><E117/><V109/><F71/><W83/><G34/><T122/><D122/><U41/><E111/><V14/><F74/><W51/><G51/><T37/><D114/><U36/><E131/><V13/><F3/><W31/><G31/><T2/><REACH who="0" step="1"/><D78/><REACH who="0" ten="357,211,211,211" step="2"/><U21/><E77/><V59/><F124/><W86/><G73/><T132/><D132/><U7/><E76/><V62/><F130/><W79/><G110/><T87/><D87/><U104/><E133/><V16/><F109/><W6/><G102/><T17/><D17/><U72/><E19/><V45/><F115/><W30/><G30/><T134/><D134/><U1/><E121/><V127/><F127/><W15/><G0/><T75/><D75/><U46/><E120/><V88/><F112/><W103/><REACH who="3" step="1"/><G103/><REACH who="3" ten="357,211,211,201" step="2"/><T70/><D70/><U129/><E72/><V67/><F101/><W33/><G33/><T116/><D116/><U35/><E35/><V65/><F28/><W52/><AGARI ba="1,2" hai="6,8,15,52,56,63,79,80,81,83,84,86,91,92" machi="52" ten="20,12000,2" yaku="1,1,0,1,7,1,8,1,54,1,53,1" doraHai="69" doraHaiUra="4" who="3" fromWho="3" sc="357,-61,211,-31,211,-31,201,143" /><INIT seed="1,0,0,0,1,103" ten="296,180,180,344" oya="1" hai0="80,130,129,102,70,69,122,13,101,99,7,12,121" hai1="113,74,116,81,75,72,6,31,124,20,135,37,39" hai2="115,65,108,111,83,17,36,24,66,97,132,78,45" hai3="56,61,2,64,26,82,48,84,40,3,59,133,30"/><U8/><E113/><V10/><F115/><W109/><G109/><N who="2" m="42057" /><F97/><W105/><G133/><T92/><D80/><U117/><E135/><V46/><F132/><W5/><G5/><T49/><D49/><U54/><E124/><V16/><F36/><W43/><G43/><T22/><D7/><U94/><E94/><V71/><F71/><W118/><G118/><T32/><D32/><U107/><E81/><V0/><F0/><W11/><G11/><T128/><D101/><U15/><E107/><V27/><F10/><W53/><G105/><T4/><D4/><U100/><E100/><V123/><F123/><N who="0" m="47114" /><D22/><U47/><E39/><V1/><F1/><W23/><G40/><T33/><D33/><U9/><E9/><V93/><F93/><W119/><G119/><T28/><D28/><U55/><E117/><V87/><F87/><W25/><G25/><N who="2" m="9801" /><F83/><W44/><G44/><N who="2" m="17001" /><F78/><AGARI ba="0,0" hai="2,3,23,26,30,48,53,56,59,61,64,78,82,84" machi="78" ten="30,1000,0" yaku="7,1" doraHai="103" who="3" fromWho="2" sc="296,0,180,0,180,-10,344,10" /><INIT seed="2,0,0,2,4,90" ten="296,180,170,354" oya="2" hai0="26,121,127,45,38,19,6,76,79,31,92,80,110" hai1="88,134,40,91,93,12,23,132,62,44,4,28,116" hai2="2,129,109,107,131,34,128,50,39,15,54,56,82" hai3="94,49,8,3,113,123,47,86,21,95,20,111,33"/><V7/><F2/><W87/><G123/><T48/><D38/><U5/><E91/><V67/><F39/><W57/><G33/><T0/><D127/><U61/><E116/><V97/><F34/><W78/><G113/><T69/><D69/><U55/><E28/><V13/><F82/><W53/><G111/><T102/><D110/><U75/><E75/><V120/><F120/><W29/><G3/><T114/><D114/><U16/><E55/><V115/><F115/><W58/><G8/><T112/><D121/><U89/><E89/><V71/><F7/><N who="1" m="2633" /><E44/><V126/><F126/><W72/><G72/><T74/><D79/><U65/><E40/><V118/><F118/><W10/><G10/><T99/><D112/><U1/><E65/><V124/><F124/><W100/><G100/><T51/><D6/><U135/><E1/><V60/><F109/><W24/><G20/><T101/><D0/><U83/><E83/><V9/><F9/><W73/><G73/><T42/><D19/><U59/><E59/><N who="3" m="22538" /><G78/><T14/><D51/><U63/><E63/><V46/><F107/><W77/><G77/><T11/><D11/><U85/><AGARI ba="0,0" hai="12,16,23,61,62,85,88,93,132,134,135" m="2633" machi="85" ten="40,8000,1" yaku="20,1,52,1,54,2" doraHai="90" who="1" fromWho="1" sc="296,-20,180,80,170,-40,354,-20" /><INIT seed="3,0,0,1,3,10" ten="276,260,130,334" oya="3" hai0="32,77,24,131,126,95,34,35,132,46,86,89,78" hai1="79,117,121,12,111,116,96,54,26,90,51,60,124" hai2="107,113,88,114,28,81,21,56,74,72,2,127,1" hai3="38,108,84,53,63,33,11,120,97,0,109,129,42"/><W100/><G120/><T91/><D126/><U65/><E79/><V103/><F127/><W64/><G33/><T128/><D132/><U135/><E26/><V8/><F74/><W62/><G129/><N who="0" m="49739" /><D46/><U83/><E111/><N who="3" m="42570" /><G84/><N who="0" m="52647" /><D24/><U16/><E135/><V55/><F28/><W69/><G42/><T5/><D5/><U47/><E121/><V105/><F105/><N who="3" m="63631" /><G38/><T20/><D20/><U13/><E124/><V23/><F1/><W68/><G53/><T106/><D106/><U29/><E29/><V45/><F45/><W15/><G0/><T19/><D19/><U58/><E16/><V7/><F113/><W43/><G43/><T125/><D125/><U48/><E48/><V59/><F59/><N who="3" m="36959" /><G63/><T73/><D73/><U61/><E61/><V37/><F37/><W18/><AGARI ba="0,0" hai="11,15,18,68,69" m="36959,63631,42570" machi="18" ten="30,6000,0" yaku="14,1,10,1,52,1" doraHai="10" who="3" fromWho="3" sc="276,-20,260,-20,130,-20,334,60" /><INIT seed="3,1,0,5,3,135" ten="256,240,110,394" oya="3" hai0="90,133,57,104,127,46,99,51,123,103,44,95,11" hai1="48,61,22,18,0,53,130,21,30,101,96,91,26" hai2="6,119,55,129,54,20,62,69,73,82,41,36,56" hai3="117,31,64,60,37,1,102,134,87,16,4,109,34"/><W124/><G117/><T52/><D133/><U98/><E130/><V49/><F129/><W63/><G134/><T68/><D123/><U72/><E0/><V97/><F119/><W113/><G113/><T8/><D68/><U114/><E72/><V110/><F110/><W105/><G37/><T7/><D127/><U120/><E120/><V58/><F6/><W43/><G124/><T2/><REACH who="0" step="1"/><D11/><REACH who="0" ten="246,240,110,394" step="2"/><U78/><E114/><V28/><F69/><W79/><G109/><T59/><D59/><U47/><E78/><V25/><F97/><AGARI ba="1,1" hai="2,7,8,44,46,51,52,57,90,95,97,99,103,104" machi="97" ten="30,7700,0" yaku="1,1,7,1,54,1,53,1" doraHai="135" doraHaiUra="85" who="0" fromWho="2" sc="246,90,240,0,110,-80,394,0" /><INIT seed="4,0,0,1,1,120" ten="336,240,30,394" oya="0" hai0="48,121,1,67,18,5,124,59,28,99,92,128,0" hai1="130,116,122,21,114,56,129,98,57,13,61,117,66" hai2="119,133,88,77,8,79,109,12,36,131,16,41,15" hai3="91,40,27,64,30,105,3,55,72,86,74,70,37"/><T115/><D121/><U7/><E98/><V46/><F131/><N who="1" m="50185" /><E21/><V76/><F133/><W22/><G3/><T6/><D128/><U107/><E107/><V68/><F119/><N who="1" m="45641" /><E13/><V32/><F68/><W95/><G105/><T33/><D33/><U63/><E7/><V102/><F102/><W53/><G70/><T106/><D28/><U35/><E35/><V17/><F32/><W54/><G64/><T80/><D106/><U87/><E87/><V108/><REACH who="2" step="1"/><F88/><REACH who="2" ten="336,240,20,394" step="2"/><W20/><G74/><T126/><D126/><U75/><E75/><V83/><F83/><W58/><G72/><T65/><D80/><U10/><E122/><V50/><F50/><W123/><G123/><T14/><D124/><U90/><E90/><V11/><AGARI ba="0,1" hai="8,11,12,15,16,17,36,41,46,76,77,79,108,109" machi="11" ten="30,12000,2" yaku="1,1,0,1,9,1,52,2,54,1,53,0" doraHai="120" doraHaiUra="51" who="2" fromWho="2" sc="336,-60,240,-30,20,130,394,-30" /><INIT seed="5,0,0,4,4,68" ten="276,210,150,364" oya="1" hai0="74,101,134,113,118,55,78,73,129,54,37,121,36" hai1="116,87,94,3,62,106,112,72,18,86,23,45,90" hai2="27,30,88,85,130,19,51,110,7,29,11,53,84" hai3="38,46,1,43,96,31,47,14,0,65,50,10,127"/><U69/><E116/><V20/><F110/><W57/><G31/><T2/><D118/><U24/><E72/><V25/><F130/><W80/><G127/><T63/><D129/><U9/><E106/><V33/><F84/><W52/><G96/><T77/><D2/><U108/><E112/><V132/><F132/><W34/><G34/><T66/><D63/><U12/><E3/><V100/><F100/><W41/><G65/><T17/><D101/><U5/><E108/><V16/><F11/><W67/><G67/><T59/><D66/><U107/><E107/><V133/><F7/><W39/><G80/><T123/><D17/><AGARI ba="0,0" hai="0,1,10,14,17,38,39,41,43,46,47,50,52,57" machi="17" ten="30,8000,1" yaku="7,1,9,1,52,2,54,1" doraHai="68" who="3" fromWho="0" sc="276,-80,210,0,150,0,364,80" /><INIT seed="6,0,0,0,1,119" ten="196,210,150,444" oya="2" hai0="52,70,3,29,109,32,63,126,102,9,132,68,13" hai1="123,91,41,86,74,110,49,108,66,2,34,6,53" hai2="111,84,99,98,79,92,94,129,36,78,46,17,95" hai3="42,88,73,117,101,71,22,97,39,134,81,51,21"/><V0/><F0/><W5/><G71/><T124/><D3/><U27/><E41/><V20/><F36/><W25/><G39/><T48/><D109/><U33/><E74/><V30/><F30/><W24/><G117/><T83/><D132/><U59/><E123/><V80/><F111/><W16/><G5/><N who="0" m="3247" /><D102/><U114/><E114/><V75/><F129/><W50/><G42/><T35/><D83/><U14/><E66/><V93/><F46/><W118/><G118/><T69/><D63/><U76/><E76/><N who="2" m="44063" /><F17/><W45/><G45/><N who="0" m="27663" /><D29/><U54/><E2/><V56/><F20/><W115/><G115/><T4/><D4/><U15/><E6/><V120/><F56/><W58/><G58/><T7/><D7/><U28/><E110/><V31/><F31/><W82/><G73/><T106/><D106/><U11/><E108/><V103/><F120/><W96/><G134/><T87/><D87/><U113/><E113/><V77/><F84/><W116/><G116/><T112/><D112/><U72/><E72/><V47/><F47/><W125/><G81/><T67/><D67/><U19/><E34/><V61/><F61/><W135/><G135/><T44/><D44/><U26/><E33/><V127/><F127/><W130/><G125/><T104/><D104/><U12/><E28/><V65/><F65/><W122/><G130/><T37/><D37/><U18/><E54/><V107/><F107/><W60/><G122/><T128/><D128/><U43/><E43/><V131/><F131/><W89/><G60/><T85/><D85/><U64/><E64/><V8/><F8/><RYUUKYOKU ba="0,0" sc="196,15,210,-15,150,15,444,-15" hai0="32,35,68,69,70,124,126" hai2="77,78,79,92,93,94,95,98,99,103" /><INIT seed="6,1,0,1,5,1" ten="211,195,165,429" oya="2" hai0="92,63,74,47,32,26,132,31,86,73,88,34,66" hai1="122,33,9,21,39,85,108,99,117,6,29,124,0" hai2="43,106,58,67,112,4,55,40,57,76,5,109,23" hai3="133,54,30,14,20,113,41,116,61,115,134,110,119"/><V94/><F106/><W18/><G41/><N who="2" m="15945" /><F112/><N who="3" m="43083" /><G110/><T77/><D132/><N who="3" m="50793" /><G30/><T125/><D125/><U3/><E108/><V101/><F109/><W27/><G61/><T52/><D34/><U121/><E117/><N who="3" m="45130" /><G54/><T98/><D52/><U127/><E39/><V28/><F76/><W118/><N who="3" m="45138" /><W17/><DORA hai="16" /><G17/><T7/><D47/><U48/><E127/><V100/><F67/><W107/><G107/><T42/><D42/><U91/><E124/><V38/><F38/><W135/><G135/><T12/><D63/><U111/><E111/><V95/><F57/><W65/><G65/><T126/><D66/><U104/><E104/><V103/><F95/><W68/><G68/><T11/><D126/><U130/><E48/><N who="2" m="31079" /><F94/><W60/><G60/><T96/><D31/><U59/><E59/><V44/><F44/><W82/><G82/><T120/><D32/><U62/><E62/><V50/><F50/><W84/><G84/><T71/><D86/><U53/><E85/><V36/><F36/><W46/><G46/><T90/><D71/><U102/><E53/><V79/><F79/><W8/><G8/><T128/><D77/><U131/><E9/><V64/><F64/><W22/><G22/><T105/><D11/><U78/><E78/><V51/><F51/><W45/><G45/><T35/><D105/><U19/><E33/><V10/><F10/><W25/><AGARI ba="1,0" hai="14,18,20,25,27" m="45138,50793,43083" machi="25" ten="50,12000,2" yaku="15,1,11,1,20,1,34,2,52,1" doraHai="1,16" who="3" fromWho="3" sc="211,-31,195,-31,165,-61,429,123" /><INIT seed="7,0,0,0,1,22" ten="180,164,104,552" oya="3" hai0="70,109,6,12,108,19,24,76,99,16,104,50,105" hai1="13,54,34,41,0,30,87,57,25,18,45,51,32" hai2="92,35,115,67,79,60,124,69,68,121,53,8,17" hai3="71,97,61,11,125,1,26,39,38,33,126,75,119"/><W15/><G119/><T73/><D70/><U21/><E0/><V102/><F35/><W98/><G75/><T120/><D6/><U82/><E34/><V100/><F115/><W5/><G98/><T59/><D120/><U27/><E32/><V55/><F124/><W14/><G14/><T90/><D104/><U40/><E30/><V62/><F79/><W133/><G15/><T95/><D105/><U134/><E134/><V123/><F92/><W116/><G133/><T58/><D19/><U96/><E96/><V46/><F46/><W49/><G49/><T2/><D2/><U114/><E114/><V132/><F132/><W111/><G111/><T117/><D50/><N who="1" m="26919" /><E41/><V36/><F8/><W89/><G116/><T48/><D117/><U64/><E64/><V52/><F17/><W107/><G126/><T78/><D73/><U93/><E93/><V135/><F135/><W113/><G89/><AGARI ba="0,0" hai="13,18,21,25,27,51,54,57,82,87,89" m="26919" machi="89" ten="30,3900,0" yaku="8,1,52,2" doraHai="22" who="1" fromWho="3" sc="180,0,164,39,104,0,552,-39" owari="180,-22.0,203,0.0,104,-40.0,513,62.0" /></mjloggm>