<mjloggm ver="2.3"><GO type="41" lobby="0"/><UN n0="%E2%93%9D%53%75%70%68%78" n1="%E3%81%BE%E3%82%88%E3%81%AD%E3%81%9A" n2="%E3%82%BC%E3%83%AD%E3%82%B9" n3="%E7%84%BC%E5%A3%B2" dan="18,15,14,14" rate="2076.93,2011.49,1909.87,2003.63" sx="M,M,M,M"/><TAIKYOKU oya="0"/><INIT seed="0,0,0,4,0,108" ten="250,250,250,250" oya="0" hai0="8,115,16,40,78,43,29,95,130,103,112,121,39" hai1="55,114,24,89,110,19,52,134,98,79,10,46,59" hai2="96,23,133,80,33,34,6,81,36,62,125,47,42" hai3="0,4,92,20,101,69,90,31,37,7,49,131,88"/><T3/><D29/><U12/><E110/><V53/><F125/><W45/><G131/><T68/><D68/><U9/><E134/><V97/><F133/><W60/><G37/><T106/><D106/><U58/><E79/><V21/><F6/><W66/><G101/><T102/><D78/><U63/><E46/><V72/><F72/><W120/><G120/><T38/><D95/><U100/><E89/><V128/><F128/><W50/><G50/><T26/><D130/><U105/><E24/><V5/><F5/><W13/><G90/><T41/><D3/><U2/><E2/><V61/><F36/><W104/><G104/><T67/><D67/><U18/><E114/><V94/><F94/><W44/><G44/><T91/><D91/><U32/><E32/><V28/><F47/><W74/><G74/><T76/><D76/><U85/><E85/><V15/><F28/><W65/><G65/><T25/><D43/><U109/><E109/><V57/><F42/><W17/><G31/><T11/><REACH who="0" step="1"/><D16/><REACH who="0" ten="240,250,250,250" step="2"/><U30/><E30/><V135/><F135/><W119/><G0/><T54/><D54/><U127/><E127/><V70/><F53/><W71/><G69/><T86/><D86/><U122/><E122/><AGARI ba="0,1" hai="8,11,25,26,38,39,40,41,102,103,112,115,121,122" machi="122" ten="25,12000,1" yaku="1,1,22,2,52,2,53,0" doraHai="108" doraHaiUra="107" who="0" fromWho="1" sc="240,130,250,-120,250,0,250,0" /><INIT seed="0,1,0,4,1,67" ten="370,130,250,250" oya="0" hai0="92,10,109,89,16,3,83,5,116,74,76,36,85" hai1="53,46,91,133,12,7,22,134,66,120,61,81,37" hai2="19,84,59,32,57,127,70,97,125,88,33,80,108" hai3="71,31,44,121,8,34,107,63,35,69,79,111,60"/><T23/><D109/><U52/><E120/><V77/><F108/><W21/><G79/><T103/><D36/><U104/><E104/><V62/><F19/><W50/><G107/><T126/><D126/><N who="2" m="48138" /><F57/><W96/><G96/><T114/><D114/><U82/><E91/><V132/><F132/><N who="1" m="50793" /><E37/><V45/><F45/><W15/><G21/><T115/><D115/><U55/><E46/><V113/><F113/><W95/><G95/><T123/><D123/><U130/><E130/><V73/><F97/><W48/><G121/><T51/><D116/><U25/><E7/><V28/><F28/><W93/><G93/><T41/><D41/><U99/><E99/><V75/><F73/><W64/><G111/><T129/><D129/><U101/><E101/><V24/><F24/><W110/><G110/><T38/><D38/><U68/><E12/><V40/><F40/><W105/><G105/><T119/><D119/><U0/><E0/><V98/><F98/><W56/><G31/><AGARI ba="1,0" hai="22,25,31,52,53,55,61,66,68,81,82" m="50793" machi="31" ten="30,3900,0" yaku="20,1,52,1,54,1" doraHai="67" who="1" fromWho="3" sc="370,0,130,42,250,0,250,-42" /><INIT seed="1,0,0,5,4,1" ten="370,172,250,208" oya="1" hai0="14,90,109,58,111,63,114,41,75,85,26,17,33" hai1="54,11,30,19,129,135,31,40,88,50,42,73,133" hai2="81,46,119,25,128,60,44,4,72,51,66,49,62" hai3="0,8,3,112,115,123,67,99,118,48,106,21,134"/><U12/><E73/><V124/><F119/><W93/><G106/><T18/><D114/><U16/><E129/><V98/><F128/><W24/><G67/><T28/><D41/><U130/><E130/><V27/><F124/><W131/><G123/><T102/><D102/><U5/><E42/><V100/><F81/><W55/><G134/><N who="1" m="51210" /><E40/><V37/><F37/><W120/><G120/><T116/><D75/><U59/><E88/><V74/><F66/><W22/><G22/><T86/><D116/><U20/><E19/><V38/><F38/><W121/><G3/><AGARI ba="0,0" hai="3,5,11,12,16,20,30,31,50,54,59" m="51210" machi="3" ten="30,5800,0" yaku="20,1,52,1,54,1" doraHai="1" who="1" fromWho="3" sc="370,0,172,58,250,0,208,-58" /><INIT seed="1,1,0,1,2,36" ten="370,230,250,150" oya="1" hai0="115,34,104,92,32,90,10,120,54,56,66,51,49" hai1="129,87,132,43,130,67,65,58,86,112,31,98,2" hai2="26,89,37,134,123,78,38,39,127,22,25,57,109" hai3="133,84,19,73,101,103,79,128,95,44,99,111,69"/><U33/><E112/><V85/><F123/><W13/><G111/><T12/><D104/><U24/><E2/><V97/><F109/><W41/><G128/><N who="1" m="49258" /><E132/><V61/><F134/><W119/><G119/><T55/><D66/><N who="1" m="25099" /><E58/><V93/><F127/><W76/><G69/><T82/><D82/><U116/><E116/><V40/><F78/><W52/><G133/><T135/><D120/><U114/><E114/><V106/><F97/><W121/><G121/><T9/><D115/><U20/><E98/><V46/><F106/><W74/><G103/><T1/><D1/><U14/><E14/><V88/><F89/><W70/><G70/><T125/><D125/><U83/><E33/><V11/><F26/><W100/><G100/><T16/><D135/><U0/><E0/><V108/><F108/><W23/><G74/><T27/><D27/><U5/><E5/><V53/><F11/><W110/><G73/><T107/><D10/><U28/><E87/><V62/><F61/><W72/><G72/><T122/><D122/><U102/><E102/><V113/><F113/><W80/><G110/><T118/><D118/><U117/><E31/><AGARI ba="1,0" hai="22,25,31,37,38,39,40,46,53,57,62,85,88,93" machi="31" ten="30,3900,0" yaku="7,1,52,1,54,1" doraHai="36" who="2" fromWho="1" sc="370,0,230,-42,250,42,150,0" /><INIT seed="2,0,0,5,2,108" ten="370,188,292,150" oya="2" hai0="13,107,60,81,116,92,109,94,4,110,64,88,90" hai1="124,72,133,49,25,39,17,127,18,7,73,19,30" hai2="6,43,86,40,47,59,29,66,126,83,61,28,62" hai3="122,98,129,91,24,11,48,21,38,37,27,95,53"/><V74/><F74/><W22/><G129/><T15/><D107/><U93/><E39/><V55/><F126/><N who="1" m="48169" /><E133/><V103/><F103/><W82/><G122/><T69/><D81/><U44/><E93/><V132/><F132/><W77/><G11/><T102/><D102/><U51/><E7/><V54/><F6/><W2/><G2/><T8/><D116/><U67/><E67/><V131/><F131/><W100/><G91/><T89/><REACH who="0" step="1"/><D15/><REACH who="0" ten="360,188,292,150" step="2"/><U104/><E104/><V34/><F83/><W99/><G82/><T71/><D71/><U9/><E9/><V113/><F113/><W31/><G77/><T84/><D84/><U97/><E97/><V68/><F86/><W42/><G99/><T96/><D96/><U117/><E117/><V123/><F123/><W14/><G14/><T26/><D26/><U10/><E10/><V118/><F118/><W3/><G3/><T52/><D52/><N who="1" m="29735" /><E51/><V87/><F87/><W12/><G12/><T70/><D70/><U85/><E85/><V63/><F68/><W16/><REACH who="3" step="1"/><G42/><REACH who="3" ten="360,188,292,140" step="2"/><T79/><D79/><U130/><E130/><V80/><F40/><W33/><G33/><AGARI ba="0,2" hai="17,18,19,25,30,33,72,73" m="29735,48169" machi="33" ten="30,2000,0" yaku="18,1,54,1" doraHai="108" who="1" fromWho="3" sc="360,0,188,40,292,0,140,-20" /><INIT seed="3,0,0,1,1,50" ten="360,228,292,120" oya="3" hai0="131,104,42,66,65,112,83,71,39,27,17,54,2" hai1="59,80,132,7,10,22,44,100,121,1,82,73,5" hai2="21,126,120,99,85,89,94,113,18,12,20,19,38" hai3="91,110,15,86,8,41,78,111,64,69,128,81,105"/><W52/><G128/><T11/><D104/><U116/><E121/><V87/><F120/><W88/><G105/><T24/><D71/><U123/><E123/><V130/><F38/><W53/><G41/><T3/><D112/><U62/><E5/><V32/><F32/><W28/><G28/><T76/><D54/><N who="3" m="21097" /><G64/><T48/><D66/><U35/><E35/><V101/><F113/><W127/><G127/><T108/><D65/><U133/><E116/><V55/><F126/><W117/><G117/><T67/><D67/><N who="1" m="39391" /><E73/><V45/><F130/><W84/><G84/><T49/><D42/><U119/><E44/><V115/><F115/><W103/><G103/><T61/><D131/><U25/><E100/><V114/><F101/><W31/><G31/><T0/><D39/><U43/><E43/><V122/><F122/><W68/><G68/><T47/><D47/><U37/><E37/><V56/><F45/><W46/><G46/><T57/><D49/><U60/><E119/><V75/><F75/><W72/><G72/><T96/><D48/><U51/><E51/><N who="2" m="30847" /><F114/><W124/><G124/><T77/><D57/><U58/><E58/><V125/><F125/><W106/><G106/><T109/><D61/><U98/><E60/><V102/><F102/><W26/><G26/><AGARI ba="0,0" hai="12,18,19,20,21,26,85,87,89,94,99" m="30847" machi="26" ten="30,2000,0" yaku="8,1,52,1" doraHai="50" who="2" fromWho="3" sc="360,0,228,0,292,20,120,-20" /><INIT seed="4,0,0,5,5,50" ten="360,228,312,100" oya="0" hai0="9,85,127,107,97,119,120,134,22,17,71,89,84" hai1="94,123,47,80,39,65,4,86,130,19,53,72,74" hai2="37,43,36,129,14,83,27,117,113,51,56,21,46" hai3="42,3,131,124,102,35,135,34,133,28,57,108,95"/><T91/><D120/><U25/><E123/><V7/><F117/><W101/><G42/><T59/><D71/><U98/><E4/><V99/><F129/><W96/><G3/><T55/><D134/><N who="3" m="51209" /><G108/><T63/><D127/><U60/><E130/><V44/><F113/><W40/><G40/><T125/><D125/><U126/><E126/><V45/><F99/><W69/><G69/><T116/><D9/><U106/><E106/><V33/><F33/><W121/><G131/><T73/><D73/><U32/><E39/><V112/><F112/><W31/><G101/><T24/><D107/><U61/><E19/><V76/><F36/><W104/><G124/><T20/><D20/><U18/><E18/><N who="2" m="12727" /><F56/><W29/><G121/><T6/><D6/><U110/><E32/><N who="3" m="12330" /><G57/><T111/><D111/><U79/><E110/><V92/><F37/><W8/><G8/><T26/><D26/><U15/><E15/><V62/><F62/><W103/><G103/><T58/><D58/><U66/><E25/><V118/><F118/><W109/><G109/><T82/><D97/><U16/><E61/><V87/><F92/><AGARI ba="0,0" hai="28,29,31,92,95,96,102,104" m="12330,51209" machi="92" ten="40,1300,0" yaku="20,1" doraHai="50" who="3" fromWho="2" sc="360,0,228,0,312,-13,100,13" /><AGARI ba="0,0" hai="17,22,24,55,59,63,82,84,85,89,91,92,116,119" machi="92" ten="30,2900,0" yaku="7,1,52,1" doraHai="50" who="0" fromWho="2" sc="360,29,228,0,299,-29,113,0" /><INIT seed="4,1,0,4,4,60" ten="389,228,270,113" oya="0" hai0="69,33,114,45,111,71,117,19,12,2,3,95,44" hai1="120,4,74,14,25,6,75,5,94,100,124,51,53" hai2="41,52,78,79,105,48,55,56,86,102,134,135,61" hai3="8,36,43,26,49,84,67,34,119,58,31,68,128"/><T131/><D114/><U112/><E120/><V99/><F41/><W127/><G128/><T38/><D117/><U83/><E112/><V59/><REACH who="2" step="1"/><F86/><REACH who="2" ten="389,228,260,113" step="2"/><W13/><G84/><T98/><D131/><U91/><E75/><V27/><F27/><W54/><G119/><T106/><D111/><U57/><E25/><V115/><F115/><W28/><G127/><T66/><D38/><U24/><E24/><V85/><F85/><W126/><G126/><T46/><D33/><U113/><E113/><V118/><F118/><W122/><G122/><T88/><D3/><U22/><E124/><V23/><F23/><W7/><G26/><T47/><D2/><U90/><E74/><V93/><F93/><W72/><G72/><T40/><D106/><U133/><E22/><V97/><F97/><W77/><G34/><T76/><D40/><U103/><E14/><V1/><F1/><W116/><G116/><T121/><D121/><U42/><E42/><V81/><F81/><W89/><G77/><AGARI ba="1,1" hai="48,52,55,56,59,61,77,78,79,99,102,105,134,135" machi="77" ten="40,2600,0" yaku="1,1,54,1,53,0" doraHai="60" doraHaiUra="107" who="2" fromWho="3" sc="389,0,228,0,260,39,113,-29" /><INIT seed="5,0,0,1,0,128" ten="389,228,299,84" oya="1" hai0="103,117,48,71,8,78,89,39,102,17,68,73,99" hai1="104,90,37,62,106,63,87,88,52,129,95,10,49" hai2="24,124,22,0,107,81,80,120,105,112,94,122,34" hai3="75,118,125,93,45,7,58,6,127,96,131,109,97"/><U70/><E129/><V134/><F0/><W4/><G131/><T28/><D39/><U66/><E37/><V60/><F34/><W57/><G75/><T130/><D28/><U61/><E61/><V33/><F33/><W55/><G109/><T115/><D115/><U42/><E42/><V19/><F112/><W26/><G26/><T47/><D117/><U27/><E27/><V21/><F124/><W83/><G83/><T133/><D103/><U110/><E110/><V13/><F60/><W100/><G118/><T121/><D78/><U74/><E74/><V11/><F81/><W14/><G125/><T36/><D71/><U23/><E23/><V16/><F80/><W123/><G123/><T20/><D68/><U31/><E31/><V46/><F46/><W67/><G127/><T2/><D36/><U126/><E10/><V91/><F11/><W82/><G82/><T35/><D8/><U38/><E38/><V76/><F76/><W5/><G97/><T29/><D99/><U92/><E63/><V56/><F56/><W79/><G79/><T30/><D35/><U50/><E50/><V9/><F9/><W72/><G72/><T114/><D48/><U51/><E51/><V3/><F3/><W65/><G14/><T41/><D2/><U64/><E64/><V85/><F120/><W18/><G18/><T69/><D121/><U53/><E126/><V119/><F122/><W54/><N who="3" m="1024" /><DORA hai="15" /><W113/><G113/><T111/><D114/><U108/><E108/><V98/><F119/><W25/><G67/><T116/><D116/><U77/><E66/><RYUUKYOKU ba="0,0" sc="389,0,228,0,299,0,84,0" /><INIT seed="6,1,0,2,3,134" ten="389,228,299,84" oya="2" hai0="98,120,82,75,42,112,43,54,129,91,55,0,59" hai1="20,60,122,14,69,76,121,113,79,62,11,33,99" hai2="124,61,49,45,15,72,27,36,128,32,65,58,87" hai3="105,133,132,9,22,84,106,101,2,31,85,16,117"/><V107/><F72/><W47/><G117/><T130/><D0/><U94/><E113/><V38/><F107/><W90/><G105/><T40/><D120/><N who="1" m="46187" /><E20/><V12/><F32/><W83/><G106/><T63/><D112/><U50/><E50/><V5/><F27/><W37/><G101/><T41/><D41/><U19/><E33/><V131/><F5/><W103/><G103/><T48/><D98/><U25/><E25/><V111/><F87/><W39/><G31/><T109/><D109/><U8/><E8/><V116/><F12/><W73/><G73/><T88/><D75/><U6/><E6/><V1/><F15/><W135/><G47/><N who="0" m="27935" /><D82/><U57/><E69/><V46/><F1/><W23/><G84/><T92/><D92/><U66/><E62/><V18/><F18/><W53/><G53/><T100/><D100/><AGARI ba="1,0" hai="11,14,19,57,60,66,76,79,94,99,100" m="46187" machi="100" ten="30,1000,0" yaku="13,1" doraHai="134" who="1" fromWho="0" sc="389,-13,228,13,299,0,84,0" /><INIT seed="7,0,0,0,3,44" ten="376,241,299,84" oya="3" hai0="46,109,106,15,76,45,23,127,96,90,42,24,108" hai1="31,17,94,133,0,32,1,62,116,86,101,107,13" hai2="70,92,43,113,125,8,53,83,40,121,82,21,77" hai3="11,100,93,120,84,103,37,9,73,39,135,122,19"/><W2/><G73/><T126/><D15/><U102/><E107/><V89/><F70/><W131/><G84/><T3/><D3/><U114/><E31/><V60/><F121/><N who="3" m="46699" /><G93/><T124/><D76/><U118/><E32/><V52/><F83/><W97/><G97/><T111/><D42/><U38/><E38/><N who="3" m="14346" /><G19/><N who="0" m="12415" /><D90/><U20/><E102/><AGARI ba="0,0" hai="45,46,96,102,106,108,109,111,124,126,127" m="12415" machi="102" ten="40,1300,0" yaku="18,1" doraHai="44" who="0" fromWho="1" sc="376,13,241,-13,299,0,84,0" owari="389,49.0,228,-17.0,299,10.0,84,-42.0" /></mjloggm>