<mjloggm ver="2.3"><GO type="41" lobby="0"/><UN n0="%E5%85%88%E7%BE%A9%E5%BE%8C%E5%88%A9" n1="%E3%83%AD%E3%83%93%E3%83%B3%E3%82%BD%E3%83%B3" n2="%E2%93%9D%53%75%70%68%78" n3="%6B%65%6E%2D%6F" dan="13,13,17,15" rate="1846.15,1926.73,2055.98,2039.40" sx="M,M,M,M"/><TAIKYOKU oya="0"/><INIT seed="0,0,0,5,1,0" ten="250,250,250,250" oya="0" hai0="73,134,15,97,106,39,52,46,6,115,119,50,31" hai1="43,49,63,88,2,135,80,105,118,8,79,1,65" hai2="5,68,47,51,60,69,112,72,78,26,94,21,117" hai3="127,38,76,131,86,101,36,48,99,18,116,81,61"/><T41/><D115/><U9/><E118/><V4/><F112/><W57/><G127/><T87/><D119/><U122/><E105/><V30/><F117/><W53/><G131/><T77/><D73/><U82/><E122/><V25/><F72/><W33/><G116/><T20/><D106/><U108/><E108/><V66/><F78/><W14/><G33/><T102/><D102/><U10/><E135/><V17/><F69/><W3/><G3/><T130/><D130/><U23/><E23/><V27/><F94/><W129/><G129/><T19/><D97/><U16/><E43/><V98/><F98/><W89/><G61/><T84/><D134/><U24/><E49/><V111/><F111/><W100/><G76/><T114/><D31/><U55/><E55/><V124/><F124/><W121/><G101/><T13/><D114/><U83/><E79/><V128/><F128/><W56/><G56/><T34/><D34/><U110/><E110/><V35/><REACH who="2" step="1"/><F27/><REACH who="2" ten="250,250,240,250" step="2"/><W125/><G125/><T54/><D77/><U32/><E24/><V90/><F90/><W107/><G121/><T59/><REACH who="0" step="1"/><D54/><AGARI ba="0,1" hai="4,5,17,21,25,26,30,35,47,51,54,60,66,68" machi="54" ten="30,8000,1" yaku="1,1,7,1,52,2,53,1" doraHai="0" doraHaiUra="64" who="2" fromWho="0" sc="250,-80,250,0,240,90,250,0" /><INIT seed="1,0,0,2,2,92" ten="170,250,330,250" oya="1" hai0="125,43,0,96,102,104,44,74,51,1,32,118,83" hai1="4,63,60,98,68,33,46,13,127,18,16,126,22" hai2="106,95,58,128,31,70,40,80,107,50,52,38,59" hai3="7,129,55,71,61,27,37,20,130,3,134,81,24"/><U45/><E33/><V25/><F70/><W12/><G37/><T121/><D118/><U120/><E120/><V21/><F128/><W87/><G3/><T28/><D121/><U117/><E117/><V78/><F38/><W105/><G105/><T14/><D14/><U49/><E4/><V39/><F59/><W112/><G112/><T64/><D64/><U94/><E18/><V29/><F29/><W11/><G134/><T6/><D6/><U62/><E68/><V123/><F123/><W65/><G55/><T116/><D125/><N who="1" m="47627" /><E49/><V108/><F108/><W67/><G67/><T35/><D35/><U113/><E113/><V133/><F133/><W135/><G135/><T9/><D9/><U82/><E82/><V90/><F39/><W5/><G5/><T47/><D44/><U114/><E114/><V36/><F36/><W109/><G109/><T88/><D116/><U115/><E115/><V103/><F31/><W34/><G34/><T89/><D1/><U42/><E42/><V101/><F40/><W100/><G24/><T85/><D0/><U91/><AGARI ba="0,0" hai="13,16,22,45,46,60,62,63,91,94,98" m="47627" machi="91" ten="30,6000,0" yaku="18,1,52,1,54,1" doraHai="92" who="1" fromWho="1" sc="170,-20,250,60,330,-20,250,-20" /><INIT seed="1,1,0,1,5,88" ten="150,310,310,230" oya="1" hai0="7,50,78,70,87,67,81,113,16,27,33,121,59" hai1="41,108,71,11,62,43,2,105,65,82,85,110,38" hai2="93,125,4,20,98,72,130,18,49,73,17,40,64" hai3="25,106,129,112,103,134,124,117,133,6,97,68,116"/><U45/><E105/><V55/><F130/><W51/><G51/><T28/><D113/><U31/><E31/><V84/><F125/><W1/><G25/><T34/><D70/><U69/><E2/><V52/><F64/><W131/><G68/><T60/><D7/><U53/><E11/><V107/><F107/><W75/><G75/><T5/><D5/><U36/><E82/><V122/><F122/><W114/><G6/><T21/><D121/><U66/><E85/><V126/><F126/><W12/><G12/><T46/><REACH who="0" step="1"/><D28/><REACH who="0" ten="140,310,310,230" step="2"/><U95/><E53/><AGARI ba="1,1" hai="16,21,27,33,34,46,50,53,59,60,67,78,81,87" machi="53" ten="30,7700,0" yaku="1,1,2,1,7,1,54,1,53,0" doraHai="88" doraHaiUra="32" who="0" fromWho="1" sc="140,90,310,-80,310,0,230,0" /><INIT seed="2,0,0,1,0,8" ten="230,230,310,230" oya="2" hai0="30,133,135,57,19,10,119,79,76,22,100,36,125" hai1="24,16,103,85,92,40,55,14,56,59,64,3,37" hai2="67,111,91,115,88,86,49,52,69,7,121,83,102" hai3="63,20,51,27,1,25,12,2,60,47,23,13,96"/><V89/><F115/><W0/><G96/><T123/><D100/><U128/><E3/><V101/><F121/><W113/><G113/><T62/><D36/><U15/><E128/><V94/><F111/><W81/><G81/><T66/><D123/><U72/><E72/><V127/><F127/><W95/><G95/><T9/><D125/><U90/><E37/><V29/><F69/><W42/><G63/><T53/><D10/><U112/><E40/><V45/><F67/><W82/><G82/><T74/><D9/><U132/><E132/><V126/><F126/><W38/><G60/><T77/><D30/><U108/><E108/><V18/><F29/><W6/><G6/><T114/><D114/><U73/><E73/><V93/><F18/><W31/><REACH who="3" step="1"/><G38/><REACH who="3" ten="230,230,310,220" step="2"/><T97/><D97/><N who="1" m="59815" /><E112/><V84/><F7/><W61/><G61/><T118/><D74/><U17/><E64/><V105/><F105/><W32/><G32/><T35/><D35/><U33/><E33/><V70/><F70/><W54/><G54/><T26/><REACH who="0" step="1"/><D66/><REACH who="0" ten="220,230,310,220" step="2"/><U106/><E106/><V48/><F48/><W107/><G107/><T98/><D98/><AGARI ba="0,2" hai="45,49,52,83,84,86,88,89,91,93,94,98,101,102" machi="98" ten="30,11600,0" yaku="7,1,8,1,54,2" doraHai="8" who="2" fromWho="0" sc="220,-116,230,0,310,136,220,0" /><INIT seed="2,1,0,1,0,130" ten="104,230,446,220" oya="2" hai0="99,115,83,28,128,41,8,104,102,34,111,124,22" hai1="97,10,73,19,64,35,88,61,42,118,116,122,109" hai2="55,56,5,58,53,87,66,15,93,71,50,37,4" hai3="32,84,7,125,59,57,20,44,77,17,9,98,62"/><V27/><F37/><W38/><G32/><T31/><D115/><U68/><E73/><V14/><F71/><W25/><G125/><T36/><D124/><U48/><E35/><V40/><F66/><W133/><G133/><T33/><D111/><U23/><E109/><V100/><F40/><W3/><G98/><T76/><D22/><U119/><E10/><V78/><F27/><W85/><G77/><T114/><D114/><U89/><E122/><V65/><F65/><W74/><G74/><N who="0" m="43415" /><D31/><U101/><E42/><V12/><F100/><W121/><G121/><T2/><D28/><U107/><REACH who="1" step="1"/><E48/><REACH who="1" ten="104,220,446,220" step="2"/><N who="2" m="30759" /><F78/><W106/><G38/><T80/><D128/><U110/><E110/><V105/><F105/><W49/><G106/><T0/><D80/><U6/><E6/><V21/><F21/><W108/><G108/><T67/><D2/><U30/><E30/><V82/><F82/><W127/><G127/><T113/><D113/><U90/><E90/><AGARI ba="1,1" hai="4,5,12,14,15,50,55,58,87,90,93" m="30759" machi="90" ten="30,1500,0" yaku="8,1" doraHai="130" who="2" fromWho="1" sc="104,0,220,-18,446,28,220,0" /><INIT seed="2,2,0,0,4,41" ten="104,202,474,220" oya="2" hai0="98,132,40,26,77,60,27,106,12,64,103,30,119" hai1="95,85,43,59,3,21,45,15,20,9,36,74,81" hai2="33,93,131,120,92,125,133,7,105,4,107,1,80" hai3="108,34,94,38,44,118,47,19,23,14,0,78,57"/><V134/><F120/><W114/><G118/><T50/><D132/><N who="2" m="50794" /><F33/><W51/><G34/><T2/><D2/><U55/><E3/><V91/><F125/><W63/><G108/><T22/><D27/><U32/><E95/><N who="2" m="36427" /><F1/><W87/><G38/><T62/><D77/><U124/><E74/><V83/><F131/><W99/><G51/><T97/><D98/><U75/><E75/><V113/><F113/><W70/><G70/><T135/><D135/><U109/><E109/><V6/><F91/><N who="3" m="55775" /><G114/><T127/><D127/><U52/><E32/><V111/><F111/><W82/><G0/><T28/><D28/><U117/><E117/><V16/><F16/><W84/><G84/><T116/><D12/><U49/><E55/><AGARI ba="2,0" hai="14,19,23,44,47,55,57,63,78,82,87" m="55775" machi="55" ten="30,3900,0" yaku="8,1,52,2" doraHai="41" who="3" fromWho="1" sc="104,0,202,-45,474,0,220,45" /><INIT seed="3,0,0,3,5,89" ten="104,157,474,265" oya="3" hai0="57,103,60,106,65,39,129,128,130,116,7,19,16" hai1="118,111,56,73,8,87,52,85,126,34,110,112,14" hai2="100,124,0,20,25,107,133,46,43,117,122,31,62" hai3="53,44,78,67,109,24,61,77,91,55,74,90,72"/><W101/><G101/><T70/><D116/><U38/><E112/><V47/><F133/><W92/><G24/><T40/><D7/><U75/><E38/><V9/><F124/><W54/><G44/><T83/><D83/><U58/><E34/><V94/><F107/><W64/><G109/><N who="1" m="41482" /><E126/><V84/><F0/><W105/><G105/><T95/><D106/><U22/><E22/><V17/><F122/><W86/><G91/><T80/><D80/><U97/><E58/><V3/><F3/><W113/><G113/><T96/><REACH who="0" step="1"/><D57/><REACH who="0" ten="94,157,474,265" step="2"/><U45/><E118/><V28/><F117/><W50/><G74/><T82/><D82/><U42/><E75/><V131/><F47/><AGARI ba="0,1" hai="16,19,39,40,47,60,65,70,95,96,103,128,129,130" machi="47" ten="40,12000,2" yaku="1,1,19,1,52,1,54,1,53,2" doraHai="89" doraHaiUra="13" who="0" fromWho="2" sc="94,130,157,0,474,-120,265,0" /><INIT seed="4,0,0,0,4,74" ten="224,157,354,265" oya="0" hai0="123,97,36,111,130,24,65,19,32,119,0,5,107" hai1="115,121,37,33,11,49,122,94,13,10,22,80,131" hai2="20,89,69,38,77,50,48,120,110,106,91,103,96" hai3="75,70,116,127,128,88,53,66,81,12,108,39,44"/><T28/><D123/><U31/><E37/><V9/><F110/><W100/><G116/><T42/><D119/><U79/><E131/><V109/><F38/><W21/><G108/><T14/><D111/><U95/><E33/><V7/><F69/><W83/><G100/><T118/><D118/><U43/><E115/><V68/><F68/><W85/><G127/><T134/><D134/><U135/><E135/><V17/><F77/><W60/><G128/><T86/><D65/><U71/><E71/><V34/><F34/><W26/><G12/><T23/><D107/><U62/><E62/><V102/><F120/><W2/><G2/><T126/><D97/><U3/><E3/><V112/><F112/><W45/><G53/><T113/><D113/><U54/><E10/><V55/><F50/><W76/><REACH who="3" step="1"/><G39/><REACH who="3" ten="224,157,354,255" step="2"/><T84/><D130/><U124/><E124/><V133/><F103/><W30/><AGARI ba="0,1" hai="21,26,30,44,45,60,66,70,75,76,81,83,85,88" machi="30" ten="20,12000,2" yaku="1,1,2,1,0,1,7,1,52,1,54,1,53,0" doraHai="74" doraHaiUra="117" who="3" fromWho="3" sc="224,-60,157,-30,354,-30,255,130" /><INIT seed="5,0,0,1,0,62" ten="164,127,324,385" oya="1" hai0="87,55,17,49,61,33,20,16,89,25,76,36,118" hai1="114,41,1,40,26,38,90,102,88,85,23,56,14" hai2="71,65,13,43,44,94,73,117,19,8,107,91,10" hai3="135,7,104,68,42,4,3,31,83,53,0,32,108"/><U9/><E114/><V98/><F117/><W100/><G108/><T95/><D36/><U132/><E132/><V86/><F73/><W82/><G42/><N who="1" m="16490" /><E1/><V126/><F126/><W47/><G31/><T39/><D39/><U81/><E38/><V123/><F123/><W119/><G32/><T58/><D33/><U30/><E102/><V70/><F107/><W29/><G29/><T120/><D120/><U96/><E96/><V124/><F124/><W66/><G53/><T97/><D118/><U121/><E121/><V133/><F133/><W2/><G47/><N who="0" m="28095" /><D17/><N who="1" m="8399" /><E56/><V99/><F71/><W21/><G135/><T50/><D50/><U101/><E101/><V35/><F35/><W129/><G100/><T64/><D76/><AGARI ba="0,0" hai="23,26,30,76,81,85,88,90" m="8399,16490" machi="76" ten="30,2900,0" yaku="8,1,54,1" doraHai="62" who="1" fromWho="0" sc="164,-29,127,29,324,0,385,0" /><INIT seed="5,1,0,1,3,77" ten="135,156,324,385" oya="1" hai0="33,118,11,21,41,60,36,71,16,3,54,90,14" hai1="134,85,135,127,81,27,129,94,13,31,73,28,103" hai2="8,87,42,80,34,4,35,76,97,78,52,83,99" hai3="37,98,39,117,55,107,114,65,30,61,19,26,121"/><U59/><E13/><V125/><F42/><W105/><G121/><T91/><D118/><U0/><E0/><V56/><F125/><W23/><G114/><T104/><D104/><U48/><E127/><V115/><F115/><W68/><G107/><T63/><D33/><U112/><E112/><V124/><F124/><W24/><G55/><T123/><D123/><U10/><E10/><V18/><F18/><W67/><G67/><T53/><D71/><U15/><E15/><N who="2" m="5511" /><F35/><N who="3" m="20935" /><G117/><T49/><D36/><U110/><E73/><V128/><F128/><W66/><G66/><T93/><D91/><U45/><E59/><V96/><F34/><W133/><G133/><N who="1" m="50698" /><E110/><V44/><F44/><W7/><G7/><T132/><D41/><N who="1" m="24623" /><E27/><V86/><F99/><W111/><G111/><T29/><D54/><U6/><E6/><V119/><F119/><W92/><G92/><T1/><D1/><U22/><E22/><V51/><AGARI ba="1,0" hai="51,52,56,76,78,80,83,86,87,96,97" m="5511" machi="51" ten="30,7900,0" yaku="8,1,52,2,54,1" doraHai="77" who="2" fromWho="2" sc="135,-21,156,-40,324,82,385,-21" /><INIT seed="6,0,0,1,4,76" ten="114,116,406,364" oya="2" hai0="125,44,108,25,18,26,41,20,80,62,117,103,53" hai1="77,74,92,110,98,43,30,86,93,34,27,37,7" hai2="132,109,100,127,121,65,13,33,115,38,40,134,73" hai3="42,126,46,64,85,122,87,105,94,135,16,47,6"/><V79/><F121/><W9/><G105/><T8/><D108/><U71/><E110/><V59/><F127/><W104/><G104/><T112/><D112/><U63/><E7/><V15/><F33/><W5/><G122/><T3/><D103/><U14/><E14/><V32/><F32/><W66/><G135/><T88/><D125/><U22/><E74/><V48/><F79/><W61/><G126/><T10/><D3/><U52/><E34/><V91/><F91/><W89/><G66/><T133/><D133/><U123/><E123/><V49/><F65/><W36/><G46/><T0/><D0/><U60/><E37/><V83/><F40/><W70/><G85/><N who="0" m="50215" /><D26/><U31/><E43/><V84/><F100/><W90/><G90/><T101/><D101/><U4/><E4/><V106/><F115/><W55/><G55/><T72/><D72/><U11/><E11/><V116/><F73/><W24/><G9/><T81/><D81/><N who="1" m="47407" /><E71/><V12/><F134/><W58/><G70/><T28/><D28/><N who="1" m="17527" /><E93/><V97/><F106/><W21/><AGARI ba="0,0" hai="5,6,16,21,24,36,42,47,58,61,64,87,89,94" machi="21" ten="30,2000,0" yaku="0,1,54,1" doraHai="76" who="3" fromWho="3" sc="114,-5,116,-5,406,-10,364,20" /><INIT seed="7,0,0,0,0,31" ten="109,111,396,384" oya="3" hai0="118,76,61,9,132,23,19,115,53,114,62,1,63" hai1="69,28,93,34,75,119,129,98,111,94,91,59,87" hai2="81,126,92,65,7,4,101,109,135,67,78,133,103" hai3="45,21,35,2,122,73,12,17,96,14,8,15,27"/><W0/><G73/><T60/><D118/><U71/><E111/><V77/><F92/><W128/><G122/><T66/><D132/><N who="2" m="50762" /><F126/><W25/><G128/><T51/><D76/><N who="2" m="29290" /><F109/><W85/><G85/><T43/><D43/><U47/><E47/><V26/><F26/><W11/><G45/><N who="0" m="27887" /><D1/><N who="3" m="617" /><G96/><T32/><D9/><U84/><E75/><V58/><F81/><W13/><G35/><T121/><D32/><U18/><E129/><V99/><F58/><W41/><G41/><T89/><D89/><U123/><E123/><V102/><F99/><W29/><G27/><N who="0" m="14847" /><D121/><U112/><E112/><N who="0" m="43049" /><D63/><U97/><E119/><V120/><F120/><W37/><G37/><T42/><D42/><U57/><E18/><V24/><F24/><W46/><G46/><T64/><AGARI ba="0,0" hai="60,61,62,64,66" m="43049,14847,27887" machi="64" ten="40,2700,0" yaku="15,1,11,1" doraHai="31" who="0" fromWho="0" sc="109,27,111,-7,396,-7,384,-13" owari="136,-26.0,104,-40.0,389,49.0,371,17.0" /></mjloggm>