<mjloggm ver="2.3"><GO type="41" lobby="0"/><UN n0="%43%76%69%74%61%6D%69%6E" n1="%E2%93%9D%53%75%70%68%78" n2="%E6%80%9C%E7%A5%9E%74%74" n3="%6E%6F%62%75%73%61%74%6F" dan="14,18,15,15" rate="1905.57,2106.62,2005.20,1985.88" sx="M,M,M,M"/><TAIKYOKU oya="0"/><INIT seed="0,0,0,4,0,65" ten="250,250,250,250" oya="0" hai0="33,110,74,36,43,48,102,38,10,6,60,17,54" hai1="75,80,52,31,95,79,124,89,11,115,51,119,82" hai2="28,96,73,92,58,13,37,122,93,4,15,121,77" hai3="126,66,67,133,34,63,72,107,21,44,84,120,20"/><T35/><D74/><U23/><E119/><V32/><F37/><W88/><G120/><T47/><D102/><U85/><E124/><V29/><F73/><W71/><G133/><T70/><D38/><U86/><E115/><V125/><F77/><W116/><G126/><T46/><D17/><U57/><E11/><V22/><F32/><W59/><G72/><T0/><REACH who="0" step="1"/><D110/><REACH who="0" ten="240,250,250,250" step="2"/><U81/><REACH who="1" step="1"/><E75/><REACH who="1" ten="240,240,250,250" step="2"/><V98/><F125/><W45/><G116/><T123/><D123/><U5/><E5/><V61/><F4/><W132/><G132/><T41/><D41/><U64/><E64/><AGARI ba="0,2" hai="0,6,10,33,35,36,43,46,47,48,54,60,64,70" machi="64" ten="40,7700,0" yaku="1,1,52,1,53,1" doraHai="65" doraHaiUra="69" who="0" fromWho="1" sc="240,97,240,-77,250,0,250,0" /><INIT seed="0,1,0,3,3,97" ten="337,163,250,250" oya="0" hai0="118,23,47,74,128,121,10,31,122,107,111,11,75" hai1="13,2,78,4,54,61,20,72,129,64,85,110,82" hai2="124,46,71,14,0,65,116,130,99,92,62,70,15" hai3="5,21,108,6,8,81,24,115,48,94,95,17,37"/><T76/><D118/><U60/><E110/><V29/><F0/><W132/><G115/><T12/><D107/><U32/><E129/><V98/><F130/><W127/><G108/><T42/><D128/><U104/><E32/><V101/><F124/><W22/><G127/><T84/><D111/><U1/><E104/><V119/><F71/><W50/><G37/><T66/><D66/><U44/><E72/><V34/><F46/><W93/><G81/><T125/><D75/><U69/><E20/><V16/><F99/><W100/><G132/><T135/><D74/><U40/><E54/><V49/><F49/><W28/><G5/><N who="0" m="3151" /><D11/><U102/><E61/><V36/><F36/><W91/><G91/><T57/><D57/><U7/><E7/><V77/><F77/><W27/><REACH who="3" step="1"/><G100/><REACH who="3" ten="337,163,250,240" step="2"/><T41/><D125/><U113/><E102/><V51/><F119/><W126/><G126/><T19/><D135/><U55/><E113/><V45/><F116/><W35/><G35/><T112/><D112/><U109/><E109/><V79/><F34/><W38/><G38/><T131/><D131/><U89/><E89/><V114/><F114/><W52/><G52/><T80/><D80/><U87/><E55/><V58/><F79/><W67/><G67/><T56/><D76/><U59/><E78/><V106/><F65/><W43/><G43/><T96/><D42/><U90/><E69/><V63/><F70/><W105/><G105/><T73/><D41/><U33/><E33/><V9/><F106/><W25/><G25/><T134/><D134/><U39/><E87/><V3/><F101/><RYUUKYOKU ba="1,1" sc="337,-15,163,15,250,-15,240,15" hai1="1,2,4,13,39,40,44,59,60,64,82,85,90" hai3="6,8,17,21,22,24,27,28,48,50,93,94,95" /><INIT seed="1,2,1,4,2,99" ten="322,178,235,255" oya="1" hai0="44,94,26,59,32,51,55,64,124,76,7,37,9" hai1="10,36,125,72,98,6,82,49,27,43,62,91,112" hai2="52,132,63,29,53,100,103,111,116,15,20,1,41" hai3="117,120,118,79,115,126,121,31,39,107,14,50,92"/><U95/><E112/><V30/><F116/><N who="3" m="44651" /><G39/><T108/><D108/><U67/><E125/><V46/><F1/><W60/><G79/><T75/><D124/><U106/><E36/><V21/><F111/><W18/><G107/><T123/><D94/><U81/><E72/><V22/><F132/><W109/><G50/><T78/><D64/><U5/><E106/><V24/><F15/><W65/><G31/><N who="2" m="11785" /><F24/><W23/><G126/><T122/><D26/><U131/><E131/><V114/><F114/><W97/><G115/><T104/><D32/><U128/><E27/><V133/><F133/><W57/><G109/><T40/><D104/><U105/><E105/><V68/><F68/><W66/><G66/><T61/><D61/><U127/><E128/><V71/><F71/><W54/><G65/><T38/><D38/><U77/><E127/><V130/><F130/><W134/><G134/><T101/><D101/><AGARI ba="2,1" hai="14,18,23,54,57,60,92,97,101,120,121" m="44651" machi="101" ten="30,2000,0" yaku="12,1,52,1" doraHai="99" who="3" fromWho="0" sc="322,-26,178,0,235,0,255,36" /><INIT seed="2,0,0,0,5,106" ten="296,178,235,291" oya="2" hai0="55,54,47,83,29,126,35,79,25,97,57,64,7" hai1="43,100,120,91,133,52,27,30,132,9,36,131,105" hai2="86,62,130,113,84,78,45,128,6,127,73,48,88" hai3="90,112,16,31,74,116,13,61,93,77,70,111,18"/><V44/><F113/><W98/><G116/><T26/><D126/><U5/><E131/><N who="2" m="50219" /><F127/><W108/><G112/><T46/><D7/><U34/><E91/><V10/><F62/><W114/><G114/><T33/><D64/><U67/><E67/><V118/><F118/><W24/><G70/><T8/><D8/><U23/><E120/><V65/><F65/><W1/><G1/><T124/><D97/><U28/><E43/><V37/><F37/><W38/><G61/><T59/><D26/><U89/><E36/><V68/><F68/><W2/><G38/><T11/><D11/><U71/><E71/><V42/><F45/><W4/><G4/><T102/><D102/><U19/><E89/><V76/><F86/><W17/><G2/><T94/><D35/><U125/><E125/><V104/><F104/><W85/><G13/><T99/><D47/><U63/><E105/><V3/><F73/><W87/><G87/><T122/><D46/><U32/><E100/><V107/><F107/><W95/><G74/><T60/><D122/><U0/><E34/><V123/><F123/><W56/><G56/><T101/><D124/><U41/><E41/><V14/><F3/><W81/><REACH who="3" step="1"/><G95/><AGARI ba="0,0" hai="6,10,14,42,44,48,76,78,84,88,95" m="50219" machi="95" ten="30,2900,0" yaku="19,1,54,1" doraHai="106" who="2" fromWho="3" sc="296,0,178,0,235,29,291,-29" /><INIT seed="2,1,0,0,3,11" ten="296,178,264,262" oya="2" hai0="123,124,26,81,116,73,134,71,0,77,37,33,22" hai1="30,15,31,133,114,76,117,28,103,104,97,94,17" hai2="90,95,101,98,47,45,83,4,88,61,54,108,53" hai3="13,21,59,111,41,87,92,63,29,38,126,125,64"/><V20/><F108/><W36/><G111/><T57/><RYUUKYOKU type="yao9" ba="1,0" sc="296,0,178,0,264,0,262,0" hai0="0,22,26,33,37,57,71,73,77,81,116,123,124,134" /><INIT seed="2,2,0,1,0,2" ten="296,178,264,262" oya="2" hai0="113,107,35,71,70,66,75,121,90,37,64,86,41" hai1="100,131,22,85,96,12,30,65,129,20,132,55,111" hai2="43,127,106,94,56,88,60,23,4,91,39,118,61" hai3="42,135,93,29,54,112,120,59,95,76,67,46,128"/><V13/><F106/><W115/><G120/><T114/><D35/><U125/><E65/><N who="0" m="25193" /><D75/><U102/><E111/><V109/><F118/><W78/><G67/><T34/><D90/><U21/><E125/><V47/><F127/><W8/><G29/><T45/><D86/><U117/><E132/><V57/><F109/><W83/><G135/><T14/><D14/><U81/><E55/><V119/><F119/><W133/><G133/><T0/><D34/><U25/><E117/><V11/><F91/><W53/><G8/><T36/><D0/><U49/><E49/><N who="2" m="26879" /><F23/><W92/><G83/><T27/><D27/><U116/><E116/><V40/><F40/><W82/><G82/><T101/><D101/><U52/><E102/><V110/><F39/><W72/><G72/><T103/><D103/><U68/><E22/><V108/><F108/><W134/><G134/><T9/><D9/><U7/><E21/><V122/><F122/><W50/><G128/><T80/><D107/><U44/><E131/><V73/><F73/><W5/><G115/><N who="0" m="44043" /><D80/><U124/><E124/><V69/><F69/><N who="0" m="26122" /><D121/><U58/><E68/><V105/><F105/><W79/><G112/><T6/><D37/><U51/><E129/><V104/><F104/><W87/><G87/><T10/><D10/><N who="1" m="4191" /><E100/><V98/><F110/><W26/><G26/><T24/><D24/><U19/><E30/><V31/><F31/><W74/><G74/><T18/><D18/><U32/><E32/><V123/><F123/><W89/><G89/><T130/><D130/><U126/><E126/><V38/><F38/><N who="3" m="21847" /><G5/><T62/><D6/><RYUUKYOKU ba="2,0" sc="296,10,178,-30,264,10,262,10" hai0="36,41,45,62" hai2="4,11,13,56,57,60,61,88,94,98" hai3="50,53,54,59,76,78,79,92,93,95" /><INIT seed="2,3,0,2,0,37" ten="306,148,274,272" oya="2" hai0="30,12,61,50,116,28,128,88,23,48,99,70,56" hai1="80,41,75,135,57,119,26,90,29,21,96,59,125" hai2="92,65,40,85,18,100,77,45,76,124,2,81,47" hai3="106,14,58,72,51,42,129,52,123,101,33,25,121"/><V118/><F118/><W84/><G129/><T120/><D120/><U97/><E119/><V79/><F124/><W71/><G72/><T69/><D128/><U54/><E135/><V17/><F2/><W105/><G71/><T3/><D3/><U22/><E125/><V49/><F65/><W55/><G14/><T64/><D70/><U134/><E134/><V133/><F133/><W95/><G84/><T46/><D69/><U132/><E132/><V83/><F47/><W104/><G95/><N who="0" m="56807" /><D50/><U20/><E59/><V82/><REACH who="2" step="1"/><F85/><REACH who="2" ten="306,148,264,272" step="2"/><W87/><G87/><T115/><D116/><U19/><E75/><V53/><F53/><W24/><G55/><N who="0" m="30103" /><D115/><U66/><E66/><V15/><F15/><W10/><G123/><T62/><D62/><U60/><E60/><V117/><F117/><W32/><G121/><T8/><D8/><U9/><E9/><V103/><F103/><W68/><G10/><T94/><D12/><U111/><E54/><V7/><F7/><W107/><G101/><T98/><D23/><U0/><E22/><V110/><F110/><W102/><G102/><AGARI ba="3,1" hai="28,30,56,61,64,94,98,102" m="30103,56807" machi="102" ten="30,2000,0" yaku="8,1,54,1" doraHai="37" who="0" fromWho="3" sc="306,39,148,0,264,0,272,-29" /><INIT seed="3,0,0,5,0,37" ten="345,148,264,243" oya="3" hai0="79,112,60,52,35,116,72,32,76,12,61,115,91" hai1="108,65,126,119,28,10,90,133,130,45,29,98,11" hai2="68,80,87,19,86,84,21,70,2,34,50,14,4" hai3="36,135,63,101,103,131,81,64,82,132,118,58,110"/><W67/><G118/><T113/><D116/><U53/><E119/><V127/><F127/><W1/><G1/><T59/><D72/><U18/><E108/><V95/><F95/><W20/><G36/><T77/><D91/><U8/><E130/><V38/><F38/><W48/><G110/><T73/><D73/><U99/><E133/><N who="3" m="51274" /><G48/><N who="0" m="31111" /><D12/><U49/><E65/><V71/><F34/><AGARI ba="0,0" hai="32,34,35,60,61,76,77,79,112,113,115" m="31111" machi="34" ten="40,2600,0" yaku="11,1,54,1" doraHai="37" who="0" fromWho="2" sc="345,26,148,0,264,-26,243,0" /><INIT seed="4,0,0,1,4,67" ten="371,148,238,243" oya="0" hai0="30,1,99,133,31,21,63,102,57,81,118,55,37" hai1="88,80,134,39,116,117,128,50,71,17,112,60,23" hai2="73,0,85,86,29,59,122,32,10,65,58,5,72" hai3="70,44,40,96,93,115,22,27,53,98,69,48,123"/><T33/><D118/><U82/><E39/><V45/><F122/><W52/><G115/><T42/><D1/><U124/><E112/><V89/><F85/><W87/><G123/><T105/><D33/><U3/><E3/><V14/><F0/><W47/><G87/><T100/><D133/><U126/><E50/><V79/><F79/><W77/><G77/><T34/><D34/><U113/><E113/><V110/><F110/><W95/><G22/><T104/><D81/><U109/><E128/><V9/><F9/><W78/><G78/><T20/><D42/><U111/><E60/><V11/><F11/><W6/><G27/><T24/><D37/><U106/><E106/><V4/><F45/><W114/><G114/><T91/><D91/><U36/><E36/><V135/><F4/><W83/><G6/><T101/><D99/><U131/><E131/><V8/><F8/><W97/><G83/><T18/><REACH who="0" step="1"/><D31/><REACH who="0" ten="361,148,238,243" step="2"/><U108/><E134/><V125/><F135/><W28/><G28/><T41/><D41/><U51/><E82/><V132/><F132/><W7/><G40/><T75/><D75/><U38/><E38/><V68/><F29/><W129/><G129/><T84/><D84/><U49/><E80/><N who="2" m="49351" /><F32/><W35/><G35/><T120/><D120/><U2/><E2/><V12/><F72/><W64/><G7/><T43/><D43/><U103/><E117/><V15/><F73/><W94/><G64/><T62/><D62/><U92/><E116/><V46/><F65/><W66/><G66/><T90/><D90/><U54/><E111/><V119/><F119/><RYUUKYOKU ba="0,1" sc="361,15,148,-15,238,-15,243,15" hai0="18,20,21,24,30,55,57,63,100,101,102,104,105" hai3="44,47,48,52,53,69,70,93,94,95,96,97,98" /><INIT seed="4,1,1,1,0,118" ten="376,133,223,258" oya="0" hai0="85,18,46,90,120,88,52,122,29,28,19,94,34" hai1="69,45,98,7,115,50,123,15,47,58,10,64,79" hai2="43,16,96,92,41,72,134,87,114,11,39,111,37" hai3="60,49,110,68,103,119,30,8,116,48,95,130,67"/><T32/><D46/><U0/><E69/><V81/><F72/><W12/><G110/><T97/><D52/><U13/><E115/><V35/><F111/><W77/><G130/><T36/><D36/><U70/><E70/><V54/><F35/><W26/><G77/><T126/><D126/><U27/><E47/><V101/><F134/><W86/><G86/><T59/><D59/><U102/><E79/><V107/><F107/><W127/><G127/><T56/><D56/><U78/><E27/><V55/><F39/><W83/><G83/><T73/><D73/><U66/><E123/><V42/><F37/><W20/><G95/><T65/><D65/><U1/><E1/><V99/><F99/><W31/><G103/><T4/><D4/><U129/><E129/><V9/><F114/><W125/><G125/><T6/><D6/><U135/><E78/><N who="2" m="46519" /><F9/><W61/><G61/><T24/><D85/><U62/><E66/><V17/><F17/><W91/><G31/><T23/><D90/><U131/><E135/><V108/><F108/><W3/><G91/><T33/><REACH who="0" step="1"/><D19/><REACH who="0" ten="366,133,223,258" step="2"/><U133/><E131/><V121/><F54/><W113/><G49/><T51/><D51/><U124/><E124/><V2/><F55/><W38/><G48/><T109/><D109/><U44/><E133/><V112/><F112/><W22/><G113/><T53/><D53/><N who="1" m="29895" /><E45/><V104/><F43/><W89/><G38/><T40/><D40/><U74/><E74/><V132/><F132/><W76/><G67/><T71/><D71/><U63/><E63/><V80/><F42/><W84/><G68/><RYUUKYOKU ba="1,2" sc="366,15,133,15,223,-15,258,-15" hai0="18,23,24,28,29,32,33,34,88,94,97,120,122" hai1="0,7,10,13,15,58,62,64,98,102" /><INIT seed="4,2,2,0,3,125" ten="381,148,208,243" oya="0" hai0="59,55,99,17,38,34,86,58,39,102,101,124,76" hai1="69,0,90,30,104,10,8,71,43,129,3,115,97" hai2="87,130,108,127,103,133,67,26,114,47,88,62,18" hai3="113,45,92,74,83,107,72,63,120,82,21,121,41"/><T109/><D34/><U44/><E30/><V117/><F108/><W80/><G107/><T70/><D70/><U126/><E126/><V42/><F127/><W75/><G63/><T93/><D124/><U100/><E90/><V79/><F79/><W40/><G45/><T96/><D59/><U131/><E115/><V35/><F114/><W49/><G49/><T116/><D116/><U73/><E73/><V65/><F103/><W81/><G21/><T94/><D17/><U12/><E71/><V16/><F117/><W95/><G113/><T28/><D28/><U11/><E12/><V61/><F133/><W66/><N who="3" m="20480" /><DORA hai="6" /><W36/><G66/><T33/><D33/><U19/><E19/><V132/><F35/><W68/><G68/><T32/><D32/><U46/><E46/><V24/><F47/><W15/><G15/><T13/><D86/><U53/><E53/><V78/><F78/><W128/><G128/><N who="1" m="49226" /><E69/><V1/><F130/><W135/><G36/><AGARI ba="2,2" hai="0,3,8,10,11,36,43,44,97,100,104" m="49226" machi="36" ten="30,12000,2" yaku="19,1,52,6" doraHai="125,6" who="1" fromWho="3" sc="381,0,148,146,208,0,243,-126" /><INIT seed="5,0,0,1,2,48" ten="381,294,208,117" oya="1" hai0="36,80,24,39,27,6,47,75,128,50,44,23,94" hai1="101,1,71,68,62,13,20,109,73,131,97,2,46" hai2="30,10,105,96,45,84,43,18,133,37,58,106,116" hai3="34,81,3,99,95,93,55,102,0,77,132,118,22"/><U65/><E131/><V79/><F116/><W85/><G34/><T72/><D6/><U100/><E73/><V130/><F130/><W52/><G132/><T31/><D94/><U108/><E46/><V66/><F30/><W64/><G118/><T124/><D124/><U67/><E13/><V61/><F96/><N who="3" m="59663" /><G0/><T111/><D111/><U114/><E20/><V82/><F133/><W60/><G3/><T129/><D80/><U16/><E97/><V90/><F79/><W63/><G22/><T91/><D50/><U126/><E62/><N who="3" m="23594" /><G64/><T15/><D15/><U35/><E35/><V123/><F123/><W89/><AGARI ba="0,0" hai="52,55,77,81,85,89,95,99" m="23594,59663" machi="89" ten="30,7900,0" yaku="8,1,52,2,54,1" doraHai="48" who="3" fromWho="3" sc="381,-20,294,-39,208,-20,117,79" /><INIT seed="6,0,0,1,4,122" ten="361,255,188,196" oya="2" hai0="95,53,68,80,96,48,14,7,77,135,5,8,101" hai1="113,98,67,126,19,12,75,27,128,103,87,62,85" hai2="111,42,20,84,49,28,119,117,33,26,0,58,64" hai3="6,93,47,88,131,116,118,25,10,73,55,2,4"/><V45/><F0/><W99/><G131/><T31/><D68/><U11/><E75/><V78/><F33/><W17/><G73/><T100/><D135/><U60/><E113/><V121/><F121/><W89/><G6/><T127/><D127/><U69/><E128/><V104/><F104/><W35/><G35/><T133/><D31/><U71/><E126/><V125/><F125/><W21/><G47/><T56/><D133/><U32/><E62/><V37/><F37/><W130/><G130/><T24/><D24/><U94/><REACH who="1" step="1"/><E71/><REACH who="1" ten="361,245,188,196" step="2"/><V86/><F119/><W112/><G112/><T30/><D30/><AGARI ba="0,1" hai="11,12,19,27,30,32,60,67,69,85,87,94,98,103" machi="30" ten="40,5200,0" yaku="1,1,2,1,53,1" doraHai="122" doraHaiUra="65" who="1" fromWho="0" sc="361,-52,245,62,188,0,196,0" /><INIT seed="7,0,0,5,0,89" ten="309,307,188,196" oya="3" hai0="72,83,126,4,59,48,8,64,29,97,109,135,6" hai1="92,39,12,60,31,38,61,51,81,63,128,14,49" hai2="22,58,11,33,117,116,133,84,114,13,80,24,18" hai3="76,55,10,131,34,66,41,90,2,3,87,68,79"/><W54/><G34/><T44/><D109/><U88/><E128/><V75/><F75/><W52/><G131/><T77/><D29/><U40/><E81/><V127/><F33/><W32/><G32/><T17/><D126/><U96/><E31/><V67/><F127/><W42/><G66/><T86/><D97/><U106/><E106/><V103/><F103/><W129/><G129/><T9/><D72/><U71/><E71/><V21/><F21/><W94/><G68/><T121/><D135/><U134/><E134/><V130/><F133/><W50/><G2/><T115/><D115/><U120/><E120/><V20/><F130/><W36/><G36/><T124/><D121/><U108/><E108/><V91/><F114/><W35/><G35/><T1/><D1/><U119/><E119/><V112/><F112/><W105/><G105/><T101/><D101/><U45/><REACH who="1" step="1"/><E51/><REACH who="1" ten="309,297,188,196" step="2"/><V5/><F117/><W30/><G30/><T57/><D48/><U28/><E28/><N who="2" m="17415" /><F116/><W118/><G118/><T25/><D124/><U16/><E16/><V132/><F132/><W107/><G107/><T102/><D17/><U125/><E125/><V53/><F67/><W7/><REACH who="3" step="1"/><G50/><REACH who="3" ten="309,297,188,186" step="2"/><T100/><D64/><U19/><E19/><V43/><F18/><W99/><G99/><T47/><D6/><U27/><E27/><V85/><F5/><W74/><G74/><T113/><D25/><U122/><E122/><V37/><F37/><AGARI ba="0,2" hai="12,14,37,38,39,40,45,49,60,61,63,88,92,96" machi="37" ten="40,5200,0" yaku="1,1,52,1,54,1,53,0" doraHai="89" doraHaiUra="0" who="1" fromWho="2" sc="309,0,297,72,188,-52,186,0" owari="309,11.0,369,46.0,136,-36.0,186,-21.0" /></mjloggm>