<mjloggm ver="2.3"><GO type="41" lobby="0"/><UN n0="%E6%9D%BE%E6%B7%B3" n1="%6D%69%79%6F%33%34" n2="%E2%93%9D%53%75%70%68%78" n3="%EF%BD%87%EF%BD%87%EF%BC%99%EF%BC%99%EF%BC%99%EF%BC%99" dan="14,15,17,13" rate="1923.96,1989.11,2049.93,1891.41" sx="M,F,M,M"/><TAIKYOKU oya="0"/><INIT seed="0,0,0,5,4,50" ten="250,250,250,250" oya="0" hai0="110,83,123,44,76,13,88,67,65,82,64,117,17" hai1="48,121,9,134,100,18,33,57,12,92,55,0,42" hai2="119,108,51,102,35,59,39,112,38,5,15,79,77" hai3="70,19,7,32,74,86,43,73,97,118,81,23,60"/><T37/><D117/><U22/><E121/><V101/><F35/><W94/><G118/><T78/><D123/><U130/><E134/><V11/><F112/><W98/><G32/><T54/><D110/><U127/><E127/><V31/><F31/><W62/><G43/><T107/><D107/><U106/><E106/><V116/><F108/><W120/><G7/><T125/><D125/><U52/><E33/><V24/><F24/><W61/><G120/><T56/><D37/><U29/><E42/><V124/><F124/><W2/><G70/><T72/><D44/><N who="1" m="27655" /><E130/><V45/><F39/><W4/><G4/><T133/><D133/><U103/><E92/><V58/><F119/><W27/><G2/><T91/><D17/><N who="1" m="8335" /><E29/><V20/><F38/><W129/><G129/><T105/><D13/><N who="1" m="9551" /><E0/><V69/><F116/><W68/><G68/><T49/><REACH who="0" step="1"/><D105/><REACH who="0" ten="240,250,250,250" step="2"/><U135/><E135/><V53/><F45/><W46/><G46/><T21/><D21/><U34/><E34/><V132/><F20/><W36/><G36/><T104/><D104/><U1/><E1/><V85/><F132/><W16/><G23/><T75/><AGARI ba="0,1" hai="49,54,56,64,65,67,72,75,76,78,82,83,88,91" machi="75" ten="30,12000,1" yaku="1,1,0,1,9,1,52,1,54,1,53,0" doraHai="50" doraHaiUra="66" who="0" fromWho="0" sc="240,130,250,-40,250,-40,250,-40" /><INIT seed="0,1,0,4,1,77" ten="370,210,210,210" oya="0" hai0="73,120,129,68,97,81,117,109,134,64,7,125,102" hai1="40,13,85,115,101,46,18,51,124,131,82,130,2" hai2="103,112,4,121,70,14,69,48,96,65,95,122,42" hai3="87,12,20,37,34,44,55,118,89,29,62,5,52"/><T61/><D117/><U30/><E2/><V67/><F112/><W22/><G34/><T84/><D120/><U9/><E115/><V43/><F4/><W75/><G75/><T116/><D116/><U50/><E101/><V49/><F14/><W56/><G118/><T47/><D125/><U32/><E124/><V15/><F15/><W39/><G39/><T41/><D134/><U76/><E30/><V10/><F95/><W1/><G1/><T58/><D129/><N who="1" m="49163" /><E32/><V60/><F103/><W59/><G29/><T107/><D109/><U57/><E57/><V92/><F92/><W94/><G37/><AGARI ba="1,0" hai="9,13,18,37,40,46,50,51,76,82,85" m="49163" machi="37" ten="30,2000,0" yaku="19,1,52,1" doraHai="77" who="1" fromWho="3" sc="370,0,210,23,210,0,210,-23" /><INIT seed="1,0,0,5,2,112" ten="370,233,210,187" oya="1" hai0="45,56,103,92,31,53,24,50,85,16,38,132,30" hai1="33,118,94,29,83,20,100,95,49,124,14,48,3" hai2="59,51,25,87,39,73,121,17,36,6,127,19,32" hai3="129,125,62,105,130,80,5,34,35,40,70,102,72"/><U110/><E118/><V91/><F73/><W114/><G5/><T115/><D115/><U7/><E3/><V2/><F121/><W13/><G40/><T67/><D132/><U119/><E33/><V76/><F76/><N who="3" m="44039" /><G13/><T123/><D123/><U116/><E124/><V18/><F127/><W26/><G125/><T99/><D38/><U12/><E83/><V131/><F131/><N who="3" m="50187" /><G26/><T58/><D85/><U55/><E7/><V0/><F39/><W126/><G114/><T109/><D109/><U97/><E110/><V21/><F32/><W89/><G89/><T64/><D58/><U71/><E71/><V22/><F36/><W69/><G126/><T46/><D46/><U120/><E120/><V86/><F6/><W43/><G43/><T96/><D96/><U93/><E49/><V81/><F2/><W42/><G42/><T79/><D79/><U84/><E84/><V57/><F0/><W133/><G133/><T82/><D82/><U122/><E122/><V108/><F108/><W77/><G77/><T4/><D4/><U15/><E29/><N who="0" m="10761" /><D56/><U90/><E20/><AGARI ba="0,0" hai="16,20,24,45,50,53,64,67,92,99,103" m="10761" machi="20" ten="30,2000,0" yaku="8,1,54,1" doraHai="112" who="0" fromWho="1" sc="370,20,233,-20,210,0,187,0" /><INIT seed="2,0,0,1,3,66" ten="390,213,210,187" oya="2" hai0="91,23,52,57,96,69,62,132,38,78,131,58,119" hai1="123,6,61,104,25,118,43,100,5,72,101,54,26" hai2="7,33,90,106,128,39,64,121,92,4,30,59,115" hai3="40,79,65,84,99,32,0,28,14,110,71,45,56"/><V93/><F121/><W10/><G110/><T117/><D132/><U133/><E118/><N who="0" m="45065" /><D131/><U20/><E72/><V55/><F106/><W60/><G0/><T73/><D38/><U31/><E133/><V17/><F115/><W27/><G99/><T13/><D78/><U16/><E43/><V105/><F105/><W135/><G135/><T1/><D73/><U80/><E123/><V124/><F124/><W129/><G129/><T9/><D23/><N who="1" m="15807" /><E104/><V24/><F64/><W22/><G84/><T37/><D1/><U77/><E77/><V44/><F93/><W103/><G79/><T36/><D58/><N who="1" m="35031" /><E80/><V63/><F128/><W12/><G103/><AGARI ba="0,0" hai="5,6,16,20,26,100,101,103" m="35031,15807" machi="103" ten="30,2000,0" yaku="8,1,54,1" doraHai="66" who="1" fromWho="3" sc="390,0,213,20,210,0,187,-20" /><INIT seed="3,0,0,0,1,52" ten="390,233,210,167" oya="3" hai0="133,80,102,48,65,53,73,88,109,33,27,1,75" hai1="15,22,37,7,111,112,103,94,98,85,99,64,58" hai2="8,35,118,127,71,84,101,24,38,115,0,49,79" hai3="32,4,23,2,63,21,44,6,54,125,67,116,105"/><W119/><G105/><T135/><D1/><U93/><E112/><V104/><F38/><W11/><G32/><T100/><D109/><U113/><E37/><V91/><F71/><W36/><G125/><T10/><D65/><U39/><E39/><V19/><F79/><W47/><G6/><T14/><D33/><U18/><E113/><V132/><F132/><N who="0" m="50762" /><D27/><U90/><E111/><V131/><F131/><W126/><G126/><T128/><D128/><U16/><E7/><V62/><F118/><W96/><G119/><T108/><D108/><U50/><E18/><V78/><F19/><W70/><G116/><T61/><D61/><N who="1" m="37943" /><E50/><V124/><F49/><W134/><G134/><T114/><D114/><U45/><E98/><V89/><F127/><W51/><G96/><T74/><D14/><U81/><E45/><V92/><F0/><W31/><G31/><T59/><D10/><U82/><AGARI ba="0,0" hai="15,16,22,81,82,85,90,93,94,99,103" m="37943" machi="82" ten="30,4000,0" yaku="8,1,52,1,54,1" doraHai="52" who="1" fromWho="1" sc="390,-10,233,40,210,-10,167,-20" /><INIT seed="4,0,0,3,0,84" ten="380,273,200,147" oya="0" hai0="127,36,3,29,88,122,120,119,86,118,106,134,20" hai1="65,110,79,80,31,100,131,75,17,5,132,2,95" hai2="34,76,24,101,46,117,9,4,25,0,97,56,53" hai3="128,91,68,32,7,98,113,82,40,102,55,1,21"/><T61/><D3/><U114/><E110/><V125/><F125/><W135/><G68/><T33/><D36/><U83/><E132/><V64/><F117/><W49/><G32/><T37/><D37/><U6/><E131/><V69/><F76/><W70/><G70/><T58/><D33/><U112/><E31/><V133/><F46/><W124/><G124/><T8/><D106/><U23/><E65/><V90/><F133/><W41/><G135/><T18/><D127/><U81/><E79/><V96/><F64/><W105/><G128/><T104/><D104/><U123/><E75/><V99/><F101/><W108/><G108/><T39/><D39/><U19/><E123/><V115/><F115/><N who="1" m="44073" /><E2/><V66/><F34/><W73/><G113/><T74/><D74/><U94/><E19/><V47/><F69/><W121/><G121/><T11/><D134/><U42/><E42/><V111/><F111/><W72/><G1/><T12/><D29/><U93/><E100/><V87/><F66/><W71/><G71/><T16/><D8/><U109/><E109/><V62/><REACH who="2" step="1"/><F47/><REACH who="2" ten="380,273,190,147" step="2"/><W126/><G126/><T26/><D122/><U44/><E44/><V60/><F60/><W22/><G105/><T107/><D120/><U50/><E50/><V38/><F38/><W54/><G72/><T77/><D77/><U35/><E35/><V103/><F103/><W57/><G73/><T30/><D107/><U59/><E59/><V129/><F129/><W78/><G78/><T48/><D119/><U10/><E10/><V51/><F51/><W15/><G102/><T130/><D118/><RYUUKYOKU ba="0,1" sc="380,-15,273,15,190,15,147,-15" hai1="5,6,17,23,80,81,83,93,94,95" hai2="0,4,9,24,25,53,56,62,87,90,96,97,99" /><INIT seed="5,1,1,4,3,114" ten="365,288,205,132" oya="1" hai0="53,87,131,2,47,116,98,60,106,133,110,50,37" hai1="39,27,29,113,78,42,16,128,79,83,118,126,8" hai2="48,99,40,77,80,130,65,84,43,103,68,59,46" hai3="121,123,88,22,72,49,45,109,36,12,100,105,63"/><U24/><E126/><V3/><F130/><W38/><G109/><T81/><D110/><U75/><E79/><V1/><F68/><W117/><G72/><T124/><D116/><U23/><E128/><V74/><F43/><W96/><G105/><T55/><D124/><U61/><E113/><V5/><F5/><W0/><G0/><T127/><D127/><U32/><E8/><V51/><F74/><W94/><G117/><T34/><D34/><U134/><E134/><V115/><F115/><W52/><G100/><T28/><D133/><U14/><E61/><V101/><F101/><W4/><G63/><T15/><D2/><U7/><E7/><V76/><F76/><W97/><G97/><T41/><D28/><U62/><E62/><V107/><REACH who="2" step="1"/><F65/><REACH who="2" ten="365,288,195,132" step="2"/><W92/><G123/><T85/><D131/><U132/><E132/><V33/><F33/><W19/><G121/><T91/><D41/><U129/><E129/><V95/><F95/><W18/><G94/><T125/><D125/><U135/><E135/><V21/><F21/><W26/><G4/><T64/><D106/><U30/><E118/><V17/><F17/><W44/><REACH who="3" step="1"/><G44/><REACH who="3" ten="365,288,195,122" step="2"/><T31/><D47/><U54/><E75/><V82/><F82/><W90/><G90/><T69/><D91/><U102/><E83/><V104/><F104/><W71/><G71/><T119/><D81/><U9/><E102/><V13/><F13/><W35/><G35/><T70/><D15/><U67/><E78/><V86/><F86/><W73/><G73/><T56/><D87/><U57/><E32/><V108/><F108/><RYUUKYOKU ba="1,3" sc="365,-15,288,-15,195,15,122,15" hai2="1,3,40,46,48,51,59,77,80,84,99,103,107" hai3="12,18,19,22,26,36,38,45,49,52,88,92,96" /><INIT seed="6,2,3,5,0,114" ten="350,273,210,137" oya="2" hai0="48,54,6,29,81,19,49,118,55,63,45,67,131" hai1="44,1,34,39,32,40,2,43,64,98,99,60,46" hai2="36,106,104,83,62,31,70,12,25,109,105,75,113" hai3="126,79,88,61,20,122,89,77,100,123,78,76,71"/><V112/><F12/><W116/><G71/><T84/><D6/><U58/><E99/><V101/><F36/><W52/><G116/><T3/><D3/><U53/><E98/><V91/><F101/><W119/><G119/><T33/><D33/><U18/><E18/><V92/><F109/><W57/><G126/><T80/><D29/><U127/><E127/><V47/><F47/><W28/><G100/><T22/><D131/><U74/><E74/><V65/><F92/><W42/><G42/><T23/><D118/><U128/><E128/><V0/><F0/><W111/><G111/><T4/><D4/><U130/><E130/><V86/><REACH who="2" step="1"/><F75/><REACH who="2" ten="350,273,200,137" step="2"/><W59/><G123/><T26/><D80/><U10/><E1/><V15/><F15/><W51/><G122/><T30/><D81/><U8/><E2/><V125/><F125/><W13/><G13/><T134/><D45/><U87/><E8/><V9/><F9/><W37/><G37/><T41/><D26/><U103/><E103/><V72/><F72/><W5/><G5/><T56/><D134/><U21/><E10/><V95/><F95/><W68/><G68/><T24/><D24/><U50/><E39/><V66/><F66/><W11/><G11/><T38/><D38/><U27/><E64/><V93/><F93/><W85/><G85/><T94/><D67/><U102/><E87/><V117/><F117/><W132/><G132/><T14/><D84/><U90/><E102/><V121/><F121/><W115/><G115/><T110/><D110/><U17/><E17/><V69/><BYE who="1" /><F69/><W7/><G7/><RYUUKYOKU ba="2,4" sc="350,-10,273,-10,200,30,137,-10" hai2="25,31,62,65,70,83,86,91,104,105,106,112,113" /><INIT seed="6,3,4,3,4,110" ten="340,263,230,127" oya="2" hai0="48,90,53,98,56,26,11,64,2,124,15,78,60" hai1="93,112,0,7,17,51,18,25,3,52,75,86,122" hai2="99,13,68,103,128,89,1,80,19,63,85,79,134" hai3="77,120,108,24,47,131,119,45,59,35,27,125,30"/><V31/><F1/><W135/><G108/><UN n1="%6D%69%79%6F%33%34" /><T132/><D124/><U23/><E122/><V42/><F128/><W126/><G119/><T94/><D132/><U50/><E75/><V10/><F134/><W100/><G120/><T61/><D78/><U14/><E51/><V69/><F31/><W107/><G135/><T130/><D130/><U62/><E62/><V118/><F118/><W82/><G131/><T104/><D2/><U83/><E7/><V58/><F42/><W84/><G27/><T29/><D104/><U40/><E93/><V129/><F129/><W123/><G123/><T20/><D64/><U34/><E40/><V96/><F79/><W95/><G107/><T4/><AGARI ba="3,4" hai="4,11,15,20,26,29,48,53,56,60,61,90,94,98" machi="4" ten="20,2700,0" yaku="0,1,7,1,8,1" doraHai="110" who="0" fromWho="0" sc="340,76,263,-10,230,-16,127,-10" /><INIT seed="7,0,0,5,4,45" ten="416,253,214,117" oya="3" hai0="47,13,79,5,74,51,90,6,31,131,89,111,52" hai1="42,109,123,14,16,22,12,112,61,73,9,103,35" hai2="60,7,57,116,100,75,87,59,39,106,88,134,18" hai3="33,96,41,56,67,15,49,4,120,72,127,40,129"/><W8/><G33/><T62/><D111/><U104/><E109/><V132/><F75/><W126/><G72/><T121/><D121/><U21/><E73/><V54/><F39/><W84/><G120/><T122/><D122/><U24/><E123/><V46/><F7/><W70/><G70/><T69/><D131/><U117/><E117/><V27/><F116/><W29/><G129/><T26/><D79/><U118/><E118/><V71/><F71/><W98/><G29/><T101/><D101/><U38/><E35/><V50/><F100/><W78/><G67/><T99/><D74/><U81/><E81/><N who="2" m="49263" /><F106/><W135/><G56/><T19/><D99/><U10/><E61/><V36/><F36/><W20/><G20/><T77/><D77/><U3/><E112/><V133/><F60/><W130/><G41/><T17/><D17/><U95/><E104/><V97/><F97/><W113/><G113/><T64/><D6/><U28/><E3/><V34/><F18/><W115/><G115/><T65/><D5/><U76/><E38/><V114/><F114/><W94/><G135/><T44/><D44/><U48/><E76/><V105/><F105/><W30/><G30/><AGARI ba="0,0" hai="27,30,34,46,50,54,57,59,132,133,134" m="49263" machi="30" ten="30,3900,0" yaku="20,1,52,1,54,1" doraHai="45" who="2" fromWho="3" sc="416,0,253,0,214,39,117,-39" owari="416,52.0,253,5.0,253,-15.0,78,-42.0" /></mjloggm>