<mjloggm ver="2.3"><GO type="41" lobby="0"/><UN n0="%E2%93%9D%53%75%70%68%78" n1="%7A%61%6B%62%72%6E%31%34" n2="%E5%90%89%E7%A5%A5%2E%79%66" n3="%E3%82%8C%E3%81%AE%E3%81%82" dan="18,14,15,13" rate="2170.33,1948.50,2022.83,1957.34" sx="M,M,M,M"/><TAIKYOKU oya="0"/><INIT seed="0,0,0,3,4,5" ten="250,250,250,250" oya="0" hai0="64,132,79,44,25,113,18,29,133,4,78,102,39" hai1="122,35,89,26,115,91,2,11,131,109,124,7,55" hai2="74,47,68,49,24,114,87,14,94,63,58,32,69" hai3="81,9,71,12,31,19,121,106,107,72,15,98,85"/><T62/><D113/><U112/><E91/><V45/><F74/><W92/><G72/><T46/><D18/><U43/><E89/><V83/><F114/><N who="1" m="43561" /><E55/><V42/><F47/><N who="0" m="17962" /><D4/><N who="1" m="1431" /><E43/><V6/><F94/><W84/><G71/><N who="0" m="42391" /><D39/><U96/><E96/><V100/><F100/><W34/><G34/><T90/><D90/><U129/><E122/><V117/><F117/><W13/><G31/><T41/><D41/><U22/><E124/><V97/><F97/><W93/><G121/><T1/><D1/><U99/><E99/><V105/><F105/><W8/><G13/><T51/><D51/><U57/><E57/><V67/><F87/><W0/><G0/><T23/><D102/><U73/><E73/><V38/><F83/><W135/><G106/><T127/><D127/><U101/><E101/><V20/><F38/><W108/><G108/><T53/><D53/><U16/><E109/><V76/><F76/><N who="3" m="46119" /><G107/><T125/><D125/><U120/><E120/><V59/><F42/><W77/><G135/><AGARI ba="0,0" hai="23,25,29,78,79,132,133,135" m="42391,17962" machi="135" ten="30,1500,0" yaku="20,1" doraHai="5" who="0" fromWho="3" sc="250,15,250,0,250,0,250,-15" /><INIT seed="0,1,0,0,5,46" ten="265,250,250,235" oya="0" hai0="131,57,129,103,10,94,31,128,79,90,55,58,41" hai1="60,21,25,17,127,89,42,53,111,52,75,13,113" hai2="32,121,64,93,88,22,19,85,18,135,108,126,14" hai3="16,7,71,1,38,78,30,45,23,9,132,114,97"/><T67/><D41/><U37/><E111/><V20/><F121/><W117/><G117/><T115/><D115/><U122/><E127/><V54/><F108/><W123/><G71/><T86/><D31/><U106/><E106/><V100/><F32/><W0/><G0/><T15/><D79/><U27/><E75/><V24/><F126/><W107/><G78/><T65/><D103/><U124/><E122/><V110/><F135/><W92/><G114/><T102/><D102/><U40/><E124/><V116/><F116/><W26/><G132/><T101/><D101/><U76/><E76/><V83/><F110/><W130/><G130/><T96/><D96/><U59/><E113/><V33/><F33/><W66/><G66/><T118/><D58/><U125/><E125/><V51/><F64/><W62/><G62/><T35/><D35/><U109/><E109/><V8/><F100/><W104/><G123/><T36/><D36/><U95/><E53/><V50/><F54/><W70/><G70/><T91/><D91/><U133/><E133/><V98/><F98/><W63/><G63/><N who="0" m="36287" /><D118/><U12/><E37/><V119/><F83/><W80/><G80/><T28/><D28/><U29/><E40/><V84/><F84/><W82/><G82/><T39/><D39/><U56/><E56/><V105/><F105/><W81/><G81/><T47/><D47/><U4/><E42/><V112/><F112/><W48/><G38/><T11/><D11/><U43/><E43/><V68/><F119/><W44/><G30/><T2/><D2/><U74/><E29/><N who="2" m="17543" /><F68/><W3/><G44/><RYUUKYOKU ba="1,0" sc="265,15,250,-15,250,15,235,-15" hai0="10,15,65,67,86,90,94,128,129,131" hai2="8,14,18,19,22,50,51,85,88,93" /><INIT seed="0,2,0,3,3,71" ten="280,235,265,220" oya="0" hai0="133,93,58,82,125,12,108,89,74,28,127,0,16" hai1="134,37,114,56,17,54,115,11,35,69,22,78,26" hai2="120,67,39,30,112,116,20,62,90,110,5,100,13" hai3="132,57,131,55,19,36,73,105,135,31,99,95,34"/><T43/><D0/><U61/><E69/><V84/><F112/><N who="1" m="43049" /><E35/><V85/><F120/><W94/><G105/><T50/><D28/><U91/><E78/><V83/><F110/><W75/><G131/><T79/><D133/><N who="3" m="51273" /><G36/><T46/><D58/><U38/><E134/><V122/><F122/><W41/><G41/><T47/><D47/><U80/><E11/><V10/><F116/><W124/><G124/><T118/><D108/><U92/><E80/><V44/><F100/><N who="3" m="60535" /><G95/><T65/><D65/><U103/><E103/><V1/><F85/><AGARI ba="2,0" hai="17,22,26,37,38,54,56,61,85,91,92" m="43049" machi="85" ten="30,3900,0" yaku="11,1,52,2" doraHai="71" who="1" fromWho="2" sc="280,0,235,45,265,-45,220,0" /><INIT seed="1,0,0,5,5,99" ten="280,280,220,220" oya="1" hai0="115,110,111,7,39,106,15,69,27,0,127,20,23" hai1="70,133,87,29,66,131,78,68,51,16,77,97,85" hai2="94,101,103,135,124,113,19,126,47,54,80,109,33" hai3="32,130,112,104,98,50,75,132,122,89,125,134,92"/><U114/><E114/><V76/><F33/><W35/><G50/><T2/><D69/><U74/><E74/><V57/><F113/><W62/><G62/><T71/><D106/><U118/><E118/><V91/><F47/><W64/><G64/><T121/><D71/><U116/><E116/><V95/><F109/><N who="0" m="41482" /><D39/><U72/><E72/><V43/><F43/><W41/><G41/><T56/><D56/><U52/><E29/><V14/><F135/><N who="3" m="51755" /><G32/><T63/><D63/><U128/><E133/><V86/><F95/><W6/><G6/><T42/><D115/><U123/><E66/><V34/><F34/><W24/><G24/><T25/><D127/><U11/><E51/><N who="2" m="30943" /><F126/><W36/><G36/><T30/><D42/><U38/><E38/><V93/><F124/><W3/><G3/><T90/><D2/><U81/><E52/><V37/><F37/><W88/><G35/><T96/><D0/><U44/><E44/><V102/><F76/><W83/><G125/><T55/><D55/><U31/><E31/><V59/><F59/><W4/><G4/><T60/><D60/><U49/><E49/><V129/><F129/><W105/><G112/><T100/><D7/><U9/><E81/><V84/><F86/><N who="3" m="50399" /><G130/><T28/><D28/><U58/><E58/><V119/><F119/><W53/><G53/><T40/><D40/><U1/><E1/><V61/><F61/><W108/><G108/><T26/><D30/><U17/><REACH who="1" step="1"/><E97/><REACH who="1" ten="280,270,220,220" step="2"/><V73/><F73/><W48/><G48/><T10/><D96/><U67/><E67/><V22/><AGARI ba="0,1" hai="14,19,22,80,84,91,93,94,101,102,103" m="30943" machi="22" ten="30,7900,0" yaku="8,1,52,3" doraHai="99" who="2" fromWho="2" sc="280,-20,270,-39,220,89,220,-20" /><INIT seed="2,0,0,2,5,77" ten="260,231,309,200" oya="2" hai0="41,6,69,82,75,9,57,22,64,103,102,104,63" hai1="26,100,31,76,83,20,62,79,44,13,93,33,134" hai2="35,3,106,16,32,25,7,84,111,70,12,71,98" hai3="46,15,14,123,107,43,121,23,130,118,66,89,65"/><V42/><F42/><W85/><G118/><T133/><D133/><U127/><E127/><V126/><F126/><W21/><G107/><T49/><D104/><U119/><E119/><V47/><F47/><W73/><G73/><T60/><D22/><U97/><E134/><V19/><F3/><W40/><G130/><T59/><D69/><U125/><E125/><V101/><F7/><W120/><G120/><T53/><D41/><U68/><E13/><V30/><F35/><W113/><G85/><T52/><D64/><U39/><E39/><V17/><F111/><W115/><G89/><T129/><D49/><U96/><E44/><AGARI ba="0,0" hai="14,15,21,23,40,43,44,46,65,66,113,115,121,123" machi="44" ten="25,1600,0" yaku="22,2" doraHai="77" who="3" fromWho="1" sc="260,0,231,-16,309,0,200,16" /><INIT seed="3,0,0,0,4,112" ten="260,215,309,216" oya="3" hai0="46,74,121,97,30,19,132,90,38,59,9,53,73" hai1="119,65,11,83,128,106,28,122,45,117,88,55,70" hai2="76,17,92,27,13,61,79,35,133,105,118,3,31" hai3="44,15,100,85,116,14,91,2,12,102,80,82,18"/><W58/><G2/><T50/><D121/><U123/><E106/><V86/><F105/><W66/><G80/><T72/><D132/><U20/><E20/><V98/><F3/><W24/><G44/><T126/><D126/><U93/><E28/><V109/><F133/><W25/><G18/><T54/><D30/><U78/><E65/><V101/><F109/><W107/><G107/><T22/><D9/><U62/><E70/><V130/><F130/><W52/><G66/><T111/><D111/><U37/><E11/><V4/><F4/><W75/><G75/><T71/><D71/><U0/><E0/><V49/><F61/><W40/><G40/><T29/><D29/><U113/><E62/><V42/><F86/><W96/><G116/><N who="1" m="44618" /><E128/><V110/><F110/><W68/><G68/><T57/><D22/><U108/><E108/><V134/><F134/><W115/><G115/><T41/><D19/><U89/><E113/><V33/><F33/><W56/><G56/><T23/><D23/><U47/><E55/><V127/><F118/><W99/><G99/><T131/><D131/><U95/><E37/><V5/><F5/><W36/><G36/><T48/><D74/><N who="1" m="43479" /><E93/><AGARI ba="0,0" hai="38,41,46,48,50,53,54,57,59,72,73,90,93,97" machi="93" ten="40,1300,0" yaku="9,1" doraHai="112" who="0" fromWho="1" sc="260,13,215,-13,309,0,216,0" /><INIT seed="4,0,0,0,4,123" ten="273,202,309,216" oya="0" hai0="33,132,41,46,61,42,104,100,20,102,94,31,92" hai1="26,63,51,58,45,22,106,50,101,49,117,70,110" hai2="119,76,18,78,62,107,3,73,85,57,23,79,74" hai3="124,66,105,37,98,0,131,126,121,27,77,21,114"/><T89/><D33/><U64/><E117/><V118/><F3/><W38/><G0/><T53/><D104/><U17/><E106/><V11/><F11/><W1/><G1/><T72/><D72/><U9/><E101/><V93/><F107/><W36/><G114/><T71/><D132/><U116/><E116/><N who="2" m="44587" /><F93/><W52/><G131/><T14/><D71/><U24/><E110/><V95/><F95/><W39/><G77/><T28/><D61/><U34/><E34/><V55/><F85/><W25/><G66/><T56/><D46/><U4/><E24/><AGARI ba="0,0" hai="18,23,24,55,57,62,73,74,76,78,79" m="44587" machi="24" ten="30,1000,0" yaku="12,1" doraHai="123" who="2" fromWho="1" sc="273,0,202,-10,309,10,216,0" /><INIT seed="5,0,0,2,3,114" ten="273,192,319,216" oya="1" hai0="38,77,2,43,101,8,48,130,88,90,79,81,13" hai1="108,131,87,120,92,21,100,34,33,56,121,85,97" hai2="118,7,83,110,57,60,115,44,30,89,75,6,117" hai3="51,111,105,109,73,119,37,36,72,103,91,94,68"/><U16/><E108/><V61/><F110/><W9/><G68/><T112/><D38/><U25/><E131/><V50/><F30/><W10/><G51/><T52/><D2/><U15/><E56/><V82/><F115/><W129/><G91/><N who="0" m="34859" /><D112/><U46/><E46/><V47/><F89/><W11/><G94/><T35/><D35/><U84/><REACH who="1" step="1"/><E25/><REACH who="1" ten="273,182,319,216" step="2"/><V98/><F57/><W123/><G129/><T93/><D130/><U74/><E74/><V132/><F75/><W12/><G73/><T27/><D27/><U45/><E45/><V107/><F50/><W71/><G72/><T99/><D43/><U127/><E127/><V78/><F78/><W54/><G109/><T4/><D81/><U28/><E28/><V124/><F124/><W65/><G71/><T63/><D63/><U29/><E29/><V133/><F98/><W125/><G36/><T39/><D39/><U23/><E23/><V19/><F107/><W64/><G37/><T18/><D18/><AGARI ba="0,1" hai="6,7,18,19,44,47,60,61,82,83,117,118,132,133" machi="18" ten="25,6400,0" yaku="22,2,52,2" doraHai="114" who="2" fromWho="0" sc="273,-64,182,0,319,74,216,0" /><INIT seed="6,0,0,1,2,7" ten="209,182,393,216" oya="2" hai0="130,19,23,62,55,2,13,20,8,82,59,49,32" hai1="124,109,79,132,101,31,68,115,71,104,105,92,36" hai2="134,69,34,64,87,85,102,126,106,72,98,29,53" hai3="86,63,60,99,11,120,127,75,97,24,39,123,5"/><V65/><F72/><W66/><G75/><T95/><D32/><U10/><E36/><V122/><F122/><W43/><G63/><T51/><D130/><U116/><E109/><V47/><F126/><W89/><G127/><T58/><D2/><U84/><E124/><V45/><F134/><W81/><G24/><T52/><D95/><U90/><E132/><V94/><F69/><W3/><G43/><T9/><D82/><U27/><E116/><V14/><F34/><W117/><G39/><T93/><D23/><U118/><E118/><V37/><F29/><W18/><G18/><T108/><D108/><U88/><E79/><V83/><F85/><W16/><G117/><T119/><D119/><U12/><E115/><V80/><F83/><W57/><REACH who="3" step="1"/><G16/><REACH who="3" ten="209,182,393,206" step="2"/><T56/><D93/><U129/><E105/><V22/><F106/><W38/><G38/><T33/><D33/><U121/><E121/><AGARI ba="0,1" hai="3,5,11,57,60,66,81,86,89,97,99,120,121,123" machi="121" ten="40,5200,0" yaku="1,1,52,1,53,1" doraHai="7" doraHaiUra="4" who="3" fromWho="1" sc="209,0,182,-52,393,0,206,62" /><INIT seed="7,0,0,3,0,92" ten="209,130,393,268" oya="3" hai0="39,21,69,72,60,124,53,102,97,62,33,30,84" hai1="1,40,70,89,29,11,2,61,128,66,64,85,88" hai2="98,94,78,47,43,129,131,17,111,12,67,132,32" hai3="96,76,103,19,38,50,79,81,86,95,121,28,49"/><W35/><G38/><T71/><D72/><U101/><E128/><N who="2" m="49227" /><F111/><W127/><G35/><T46/><D33/><U75/><E75/><V99/><F32/><W7/><G121/><T112/><D124/><U68/><E29/><V65/><F78/><W134/><G134/><T74/><D112/><U104/><E40/><V31/><F31/><W125/><G28/><T110/><D74/><U14/><E14/><V133/><F133/><W120/><G76/><T25/><D84/><U115/><E115/><V116/><F116/><W41/><G7/><T106/><D110/><U107/><E85/><V122/><F122/><W4/><G4/><T13/><D13/><U18/><E18/><V22/><F132/><W118/><G118/><T114/><D114/><U10/><REACH who="1" step="1"/><E61/><REACH who="1" ten="209,120,393,268" step="2"/><V119/><F119/><W44/><G120/><T91/><D62/><U100/><AGARI ba="0,1" hai="1,2,10,11,64,66,68,70,88,89,100,101,104,107" machi="100" ten="25,16000,3" yaku="1,1,2,1,0,1,22,2,54,1,53,2" doraHai="92" doraHaiUra="5" who="1" fromWho="1" sc="209,-40,120,170,393,-40,268,-80" owari="169,-33.0,290,9.0,353,45.0,188,-21.0" /></mjloggm>