<mjloggm ver="2.3"><GO type="41" lobby="0"/><UN n0="%65%78%69%74%30" n1="%6B%75%6E%69%2D%74" n2="%E2%93%9D%53%75%70%68%78" n3="%E3%83%9F%E3%82%B9%E3%83%88%E3%83%A9%E3%83%AB%E2%98%85" dan="13,14,17,14" rate="1995.68,1896.27,2060.24,1907.07" sx="M,M,M,F"/><TAIKYOKU oya="0"/><INIT seed="0,0,0,3,5,29" ten="250,250,250,250" oya="0" hai0="93,54,58,83,8,27,88,94,95,111,49,33,104" hai1="86,47,71,107,124,90,45,74,4,102,46,82,97" hai2="42,15,134,35,114,63,68,36,52,20,116,56,89" hai3="105,132,9,60,75,87,39,127,80,21,0,70,48"/><T16/><D104/><U40/><E71/><V78/><F114/><W130/><G39/><T6/><D111/><U125/><E4/><V41/><F134/><W99/><G75/><T50/><D83/><U44/><REACH who="1" step="1"/><E74/><REACH who="1" ten="250,240,250,250" step="2"/><V81/><F68/><W53/><G70/><T61/><D6/><U120/><E120/><V30/><F116/><W131/><G132/><T119/><D119/><U77/><E77/><V43/><F36/><AGARI ba="0,1" hai="36,40,44,45,46,47,82,86,90,97,102,107,124,125" machi="36" ten="40,1300,0" yaku="1,1,53,0" doraHai="29" doraHaiUra="31" who="1" fromWho="2" sc="250,0,240,23,250,-13,250,0" /><INIT seed="1,0,0,5,3,51" ten="250,263,237,250" oya="1" hai0="75,56,114,11,21,81,55,134,119,100,117,40,48" hai1="74,25,42,3,17,39,2,9,19,80,23,77,58" hai2="107,35,8,10,91,69,121,86,33,82,13,113,123" hai3="14,84,44,109,87,62,7,83,26,71,135,16,89"/><U29/><E3/><V128/><F107/><W124/><G109/><T4/><D114/><U97/><E97/><V47/><F69/><W126/><G135/><T96/><D134/><U28/><E58/><V12/><F113/><W61/><G7/><T90/><D40/><U49/><E49/><V95/><F128/><W6/><G6/><T34/><D34/><U133/><E133/><V66/><F66/><W32/><G44/><T88/><D21/><U5/><REACH who="1" step="1"/><E29/><REACH who="1" ten="250,253,237,250" step="2"/><V112/><F112/><W30/><G30/><T45/><D56/><U102/><E102/><V50/><F50/><W43/><G71/><T129/><D129/><U68/><E68/><V131/><F131/><W125/><G124/><T65/><D119/><U22/><E22/><V110/><F35/><W92/><G32/><T59/><D117/><U73/><E73/><V31/><F31/><W37/><G125/><T106/><D75/><U93/><E93/><V111/><F95/><W36/><G92/><T70/><D70/><U57/><E57/><V72/><F72/><W15/><G126/><T67/><D81/><U53/><E53/><V108/><F33/><W122/><G83/><T104/><D104/><U24/><E24/><V60/><F82/><W94/><G26/><T130/><D130/><U105/><E105/><V115/><F115/><W27/><G27/><T0/><REACH who="0" step="1"/><D67/><REACH who="0" ten="240,253,237,250" step="2"/><U116/><E116/><V78/><F111/><W46/><G94/><T98/><D98/><U64/><E64/><V63/><F110/><W76/><G84/><T85/><D85/><U120/><E120/><V127/><F108/><RYUUKYOKU ba="0,2" sc="240,15,253,15,237,-15,250,-15" hai0="0,4,11,45,48,55,59,65,88,90,96,100,106" hai1="2,5,9,17,19,23,25,28,39,42,74,77,80" /><INIT seed="1,1,2,0,3,79" ten="255,268,222,235" oya="1" hai0="14,92,65,99,17,118,133,18,11,111,134,61,83" hai1="135,120,38,98,93,48,5,50,19,105,31,24,81" hai2="107,13,56,44,108,126,33,54,96,59,2,77,42" hai3="8,29,46,26,52,78,74,39,36,86,32,64,72"/><U128/><E120/><V82/><F33/><W67/><G8/><T0/><D111/><U130/><E38/><V30/><F2/><W23/><G32/><T121/><D118/><U88/><E5/><V103/><F30/><W49/><G39/><T43/><D121/><U90/><E105/><V75/><F126/><W122/><G36/><T70/><D43/><U71/><E71/><V63/><F59/><W34/><G34/><T16/><D0/><U3/><E3/><V91/><F13/><W12/><G12/><T55/><D55/><U119/><E119/><V127/><F127/><W41/><G41/><T15/><D83/><U4/><E4/><V106/><F91/><W123/><G122/><T7/><REACH who="0" step="1"/><D15/><REACH who="0" ten="245,268,222,235" step="2"/><U47/><E135/><V125/><F125/><W6/><G123/><T84/><D84/><N who="1" m="50191" /><E31/><V69/><F108/><W113/><G29/><T10/><D10/><U89/><E130/><V76/><F42/><W94/><G72/><T112/><D112/><U129/><E128/><V35/><F75/><W40/><G74/><T117/><D117/><U62/><E129/><V132/><F132/><W9/><G40/><T80/><D80/><U57/><E24/><V66/><F77/><W58/><G113/><T25/><D25/><U20/><E19/><V101/><F76/><W97/><G78/><T104/><D104/><U110/><E110/><V102/><F107/><W115/><G115/><T73/><D73/><U53/><E53/><V87/><F106/><W27/><G26/><T22/><D22/><U114/><E20/><V131/><F131/><W1/><G23/><RYUUKYOKU ba="1,3" sc="245,30,268,-10,222,-10,235,-10" hai0="7,11,14,16,17,18,61,65,70,92,99,133,134" /><INIT seed="2,2,3,3,5,51" ten="275,258,212,225" oya="2" hai0="27,72,19,91,125,112,120,45,0,6,49,119,70" hai1="86,38,103,17,97,90,132,106,24,93,67,78,121" hai2="11,118,108,58,116,98,135,55,113,1,36,57,14" hai3="31,46,80,87,30,77,122,104,21,52,7,127,34"/><V44/><F113/><W82/><G104/><T107/><D112/><U65/><E38/><V75/><F75/><W42/><G122/><T129/><D120/><U92/><E121/><V63/><F1/><W128/><G128/><T115/><D107/><U96/><E132/><V50/><F135/><W130/><G130/><T10/><D70/><U48/><E48/><V3/><F3/><W56/><G127/><T5/><D125/><U61/><E78/><V9/><F108/><W47/><G34/><T53/><D115/><U123/><E123/><V40/><F98/><W22/><G7/><T110/><D72/><U41/><E41/><V25/><F25/><W76/><G31/><T26/><D110/><U60/><E106/><V64/><REACH who="2" step="1"/><F11/><REACH who="2" ten="275,258,202,225" step="2"/><W89/><G30/><T102/><D0/><U71/><E97/><V73/><F73/><W13/><G13/><N who="0" m="7607" /><D27/><U114/><E114/><V83/><F83/><W28/><G28/><T62/><D26/><U15/><E24/><V8/><F8/><W39/><G80/><T117/><D129/><U100/><E15/><V126/><F126/><W84/><G84/><T16/><D119/><U12/><E86/><V85/><F85/><W32/><G87/><T134/><D117/><U2/><E2/><V111/><F111/><W37/><G82/><T43/><D134/><U4/><E12/><V59/><F59/><W66/><G56/><T35/><D35/><U54/><E96/><V133/><F133/><W101/><G32/><T124/><D124/><U18/><E71/><V29/><F29/><W33/><G33/><T74/><D74/><RYUUKYOKU ba="2,4" sc="275,-10,258,-10,202,30,225,-10" hai2="9,14,36,40,44,50,55,57,58,63,64,116,118" /><INIT seed="2,3,4,2,2,74" ten="265,248,232,215" oya="2" hai0="53,9,12,1,51,132,36,28,22,25,88,66,0" hai1="65,8,58,82,94,125,95,42,7,128,69,96,70" hai2="56,133,60,33,40,126,90,101,45,2,29,86,110" hai3="118,67,54,38,72,19,62,87,129,39,100,3,106"/><V130/><F2/><W31/><G72/><T5/><D132/><U27/><E125/><V10/><F133/><W114/><G118/><T11/><D36/><U6/><E128/><V13/><F130/><W127/><G3/><T43/><D66/><U73/><E42/><V59/><F126/><W80/><G129/><T68/><D68/><U135/><E135/><V89/><F101/><W35/><G127/><T20/><D43/><U14/><E7/><V103/><F103/><W32/><G114/><T119/><D119/><U37/><E37/><V71/><F110/><W55/><G19/><T112/><D112/><U122/><E95/><V49/><F33/><W91/><G54/><T92/><D20/><U102/><E27/><V52/><F71/><N who="3" m="42487" /><G55/><T23/><D23/><U24/><E122/><V48/><F29/><W34/><G38/><T108/><D11/><U79/><REACH who="1" step="1"/><E24/><REACH who="1" ten="265,238,232,215" step="2"/><V104/><F104/><W41/><G41/><T111/><D111/><U93/><E93/><V21/><F40/><W50/><G39/><T113/><D108/><U15/><E15/><V26/><F26/><W116/><G116/><T78/><D113/><U4/><E4/><N who="2" m="3271" /><F49/><W75/><G50/><T123/><D1/><U84/><E84/><V124/><F124/><W16/><G106/><T117/><D123/><U83/><E83/><N who="2" m="49375" /><F48/><W99/><G75/><T121/><D121/><U85/><E85/><V64/><F45/><W46/><G46/><N who="0" m="27895" /><D0/><U105/><E105/><V47/><F47/><W57/><G87/><N who="0" m="52255" /><D117/><U18/><E18/><V77/><F60/><AGARI ba="3,5" hai="6,8,14,58,60,65,69,70,73,79,82,94,96,102" machi="60" ten="40,5200,0" yaku="1,1,52,1,53,1" doraHai="74" doraHaiUra="76" who="1" fromWho="2" sc="265,0,238,111,232,-61,215,0" /><INIT seed="3,0,0,2,4,64" ten="265,349,171,215" oya="3" hai0="43,17,35,133,84,18,116,123,76,33,121,19,40" hai1="14,81,58,9,120,122,12,54,135,132,73,79,4" hai2="130,27,32,66,119,87,20,112,80,101,97,115,125" hai3="55,49,48,127,106,7,102,65,16,72,47,13,61"/><W111/><G72/><T2/><D2/><U36/><E36/><V71/><F119/><W100/><G127/><T45/><D116/><U24/><E24/><V50/><F130/><W69/><G7/><T67/><D67/><U75/><E75/><V5/><F50/><W51/><G111/><T39/><D133/><N who="1" m="51275" /><E14/><V3/><F125/><W1/><G1/><T92/><D92/><U42/><E42/><V98/><F98/><W110/><G110/><T31/><D31/><U78/><E79/><V44/><F44/><W128/><G128/><T90/><D76/><U86/><E86/><V70/><F32/><W8/><G106/><T11/><D11/><U118/><E118/><V104/><F66/><W114/><G114/><T34/><D90/><U46/><E46/><V26/><F26/><W60/><G51/><AGARI ba="0,0" hai="4,9,12,51,54,58,73,78,81,120,122" m="51275" machi="51" ten="30,1000,0" yaku="20,1" doraHai="64" who="1" fromWho="3" sc="265,0,349,10,171,0,215,-10" /><INIT seed="4,0,0,2,3,21" ten="265,359,171,205" oya="0" hai0="48,84,64,40,90,82,26,52,67,71,63,132,15" hai1="75,58,12,83,122,91,57,22,86,95,105,111,27" hai2="50,73,77,96,123,45,31,13,24,41,38,134,11" hai3="81,106,55,101,54,121,43,98,33,10,120,19,42"/><T5/><D132/><U29/><E111/><V87/><F134/><W88/><G33/><T60/><D40/><U65/><E122/><N who="3" m="47210" /><G43/><T68/><D26/><U124/><E124/><V78/><F73/><W94/><G81/><T7/><REACH who="0" step="1"/><D15/><REACH who="0" ten="255,359,171,205" step="2"/><U39/><E39/><V113/><F123/><W8/><G42/><T53/><D53/><U2/><E2/><V37/><F37/><W110/><G110/><T3/><D3/><U30/><E12/><V14/><F14/><N who="3" m="7623" /><G10/><T108/><D108/><U36/><E36/><V49/><F38/><W85/><AGARI ba="0,1" hai="54,55,85,88,94,98,101,106" m="7623,47210" machi="85" ten="30,2000,0" yaku="13,1,54,1" doraHai="21" who="3" fromWho="3" sc="255,-10,359,-5,171,-5,205,30" /><INIT seed="5,0,0,4,0,3" ten="245,354,166,235" oya="1" hai0="8,20,135,1,89,35,32,129,31,70,44,42,17" hai1="65,16,106,72,37,101,43,33,34,11,49,123,53" hai2="122,112,38,41,62,117,40,100,23,73,95,76,130" hai3="18,25,30,50,5,15,125,47,36,46,27,93,12"/><U14/><E123/><V96/><F117/><W103/><G125/><T74/><D70/><U104/><E72/><V55/><F122/><W79/><G79/><T131/><D135/><U28/><E65/><V60/><F130/><W120/><G120/><T59/><D74/><U85/><E37/><V39/><F112/><W87/><G36/><T133/><D133/><U92/><E43/><V83/><F39/><W78/><G15/><T107/><D107/><U68/><E68/><V69/><F38/><W109/><G109/><T6/><D89/><U86/><E86/><V81/><F69/><W97/><G46/><T10/><D59/><U61/><E61/><V84/><F23/><W63/><G63/><T26/><D44/><U22/><E106/><V99/><F99/><W116/><G116/><T2/><D42/><U19/><E28/><V108/><F108/><W126/><G126/><T127/><D127/><U132/><E104/><V128/><F128/><N who="0" m="49226" /><D1/><U13/><E132/><V105/><F62/><W52/><G30/><T67/><D67/><U71/><E71/><V114/><F114/><W98/><G98/><T21/><D10/><U110/><E110/><V115/><F115/><W82/><G5/><T124/><D124/><U80/><E101/><V24/><F105/><W45/><G47/><T77/><D77/><N who="1" m="46223" /><E92/><V119/><F119/><W90/><G78/><T57/><D57/><U91/><E91/><N who="2" m="51599" /><F41/><W94/><G94/><T54/><D54/><U58/><E53/><V134/><F40/><W66/><G66/><T48/><D48/><U118/><E118/><V102/><F134/><RYUUKYOKU ba="0,0" sc="245,10,354,10,166,-30,235,10" hai0="2,6,8,17,20,21,26,31,32,35" hai1="11,13,14,16,19,22,33,34,49,58" hai3="12,18,25,27,45,50,52,82,87,90,93,97,103" /><INIT seed="5,1,0,2,2,115" ten="255,364,136,245" oya="1" hai0="35,13,54,66,103,72,2,80,5,92,19,122,12" hai1="131,85,114,126,116,40,4,121,23,17,14,49,9" hai2="62,102,108,26,32,52,69,56,104,18,96,27,89" hai3="134,61,63,135,83,38,39,44,111,124,81,97,95"/><U65/><E121/><V90/><F108/><W77/><G111/><T84/><D72/><U100/><E114/><V41/><F41/><W129/><G129/><T28/><D66/><U58/><E131/><V51/><F27/><W107/><G107/><T48/><D2/><U59/><E126/><V21/><F32/><W70/><G124/><T88/><D122/><U86/><E100/><V87/><F69/><W24/><G24/><T30/><D35/><U79/><E116/><V118/><F51/><W47/><G70/><T7/><D13/><N who="1" m="9647" /><E65/><V55/><F55/><W25/><G25/><T57/><D30/><U130/><E130/><V98/><F90/><W67/><G67/><T42/><D28/><U37/><E37/><V99/><REACH who="2" step="1"/><F118/><REACH who="2" ten="255,364,126,245" step="2"/><W91/><G91/><N who="0" m="51591" /><D42/><U45/><E40/><V73/><F73/><W16/><G38/><T29/><D103/><U110/><E110/><V133/><F133/><W3/><G39/><T78/><D29/><U31/><E31/><V46/><F46/><W50/><G47/><T64/><D78/><U6/><E79/><V34/><F34/><W101/><G77/><T68/><D68/><U10/><E45/><V112/><F112/><W33/><G44/><T8/><D64/><U53/><E59/><V76/><F76/><W36/><G33/><T128/><D128/><U123/><E58/><V105/><F105/><W74/><G101/><T94/><D88/><U0/><E123/><V117/><F117/><W119/><G119/><T75/><D75/><U125/><E125/><V71/><F71/><W93/><G74/><T1/><D1/><RYUUKYOKU ba="1,1" sc="255,10,364,10,126,10,245,-30" hai0="5,7,8,12,19,48,54,57,92,94" hai1="0,4,6,9,10,14,49,53,85,86" hai2="18,21,26,52,56,62,87,89,96,98,99,102,104" /><INIT seed="5,2,1,0,2,82" ten="265,374,136,215" oya="1" hai0="93,89,34,1,86,33,40,15,58,91,18,4,125" hai1="100,124,117,59,94,120,107,109,75,90,22,39,26" hai2="101,121,110,11,31,115,81,49,13,45,106,132,19" hai3="56,44,52,20,71,122,65,70,84,12,73,131,51"/><U6/><E120/><V130/><F110/><W77/><G73/><T76/><D1/><U68/><E117/><V7/><F121/><W104/><G104/><T46/><D4/><U50/><E39/><V112/><F31/><W63/><G122/><T25/><D125/><U42/><E68/><V135/><F130/><W128/><G131/><T48/><D76/><U32/><E32/><V5/><F101/><W98/><G98/><T114/><D114/><N who="2" m="43562" /><F106/><W72/><G72/><T43/><D25/><U28/><E75/><V126/><F81/><W113/><G128/><T111/><D111/><U2/><E124/><V8/><F126/><W119/><G119/><T64/><D40/><U55/><E107/><V14/><F49/><W60/><G60/><T129/><D129/><U134/><E100/><V78/><F45/><W61/><G61/><T23/><D58/><U16/><E28/><V62/><F78/><W9/><G20/><T38/><D64/><U96/><E109/><V53/><F53/><W41/><G65/><T47/><D47/><U87/><E42/><V37/><F62/><W54/><G54/><T118/><D38/><U105/><E105/><V116/><F37/><W0/><G0/><T57/><D57/><U27/><E96/><V36/><F36/><W29/><G29/><T133/><D118/><U103/><E103/><V17/><F116/><W24/><G113/><T99/><REACH who="0" step="1"/><D133/><AGARI ba="2,1" hai="5,7,8,11,13,14,17,19,132,133,135" m="43562" machi="133" ten="30,8000,1" yaku="20,1,15,1,11,1,34,2" doraHai="82" who="2" fromWho="0" sc="265,-86,374,0,136,96,215,0" /><INIT seed="6,0,0,0,2,23" ten="179,374,232,215" oya="2" hai0="78,110,72,118,28,124,107,61,12,1,41,99,37" hai1="75,53,15,32,73,106,92,7,130,18,10,114,68" hai2="39,22,38,87,97,80,42,135,76,67,59,9,3" hai3="93,63,108,77,55,84,58,69,81,109,17,101,131"/><V65/><F135/><W134/><G69/><T8/><D110/><U34/><E106/><V31/><F42/><W104/><G104/><T24/><D124/><U100/><E68/><V132/><F132/><W79/><G131/><T133/><D133/><U89/><E100/><V74/><F74/><W26/><G77/><T46/><D1/><U71/><E71/><V5/><F97/><W20/><G134/><T25/><D118/><U91/><E91/><V96/><F96/><W13/><G101/><T121/><D121/><U14/><E130/><V0/><F0/><W51/><G93/><T2/><D2/><U11/><E114/><V105/><F105/><W119/><G119/><T116/><D116/><U117/><E75/><V40/><F40/><W56/><REACH who="3" step="1"/><G13/><REACH who="3" ten="179,374,232,205" step="2"/><T98/><D107/><U66/><E117/><V49/><F76/><W86/><G86/><T50/><D78/><U113/><E113/><V85/><F85/><W129/><G129/><T88/><D72/><U36/><E92/><V4/><F3/><W125/><G125/><T62/><D99/><U82/><E15/><V16/><F87/><W21/><G21/><T19/><D98/><U127/><E14/><V83/><F22/><W122/><G122/><T103/><D103/><U52/><E73/><V60/><F83/><W33/><G33/><T115/><D115/><U111/><E34/><V57/><F80/><W27/><G27/><T95/><D25/><U29/><E32/><V90/><F90/><W47/><G47/><T128/><D128/><U48/><E82/><V54/><F59/><W44/><G44/><RYUUKYOKU ba="0,1" sc="179,-10,374,-10,232,-10,205,30" hai3="17,20,26,51,55,56,58,63,79,81,84,108,109" /><INIT seed="7,1,1,2,4,130" ten="169,364,222,235" oya="3" hai0="113,28,29,95,109,124,122,63,107,77,8,126,44" hai1="101,69,11,34,133,79,9,67,0,131,105,58,108" hai2="103,48,60,99,83,36,54,49,1,74,123,93,135" hai3="116,72,4,26,39,75,134,104,92,10,7,13,76"/><W46/><G104/><T64/><D107/><U57/><E108/><V2/><F36/><W117/><G134/><T97/><D109/><U15/><E79/><V87/><F74/><W20/><G4/><T38/><D122/><U19/><E131/><V12/><F123/><W27/><G27/><T24/><D77/><U21/><E133/><V118/><F118/><W53/><G92/><T5/><D113/><U90/><E90/><N who="2" m="51583" /><F2/><W43/><G53/><T100/><D44/><U66/><E21/><V55/><F1/><W120/><G120/><T119/><D38/><U6/><E34/><V73/><F73/><W127/><G127/><T96/><D97/><U128/><E128/><V81/><F81/><W33/><G33/><T89/><D89/><U91/><E91/><V70/><F70/><W114/><G114/><T82/><D82/><U80/><E80/><V59/><F135/><W98/><G98/><T32/><D29/><U88/><E88/><V52/><F12/><W85/><G85/><T42/><D42/><U51/><E69/><V94/><F94/><W84/><G84/><T68/><REACH who="0" step="1"/><D119/><REACH who="0" ten="159,364,222,235" step="2"/><U30/><E30/><V41/><F41/><W115/><G76/><T16/><D16/><U3/><E105/><V14/><F49/><W125/><G115/><T56/><D56/><N who="1" m="21611" /><E51/><V35/><F48/><W106/><G106/><T31/><D31/><U18/><E101/><V121/><F121/><W40/><G40/><T45/><D45/><U65/><E19/><V17/><F35/><W22/><G117/><T47/><D47/><U132/><E132/><V86/><F86/><RYUUKYOKU ba="1,2" sc="159,10,364,10,222,10,235,-30" hai0="5,8,24,28,32,63,64,68,95,96,100,124,126" hai1="0,3,6,9,11,15,18,65,66,67" hai2="14,17,52,54,55,59,60,93,99,103" owari="169,-33.0,394,49.0,232,3.0,205,-19.0" /></mjloggm>