<mjloggm ver="2.3"><GO type="41" lobby="0"/><UN n0="%E2%93%9D%53%75%70%68%78" n1="%31%39%37%32%74%65%72%75" n2="%73%6C%65%65%70" n3="%E3%82%B3%E3%82%A6%E3%81%A1%E3%82%83%E3%82%93%E6%94%B9" dan="18,13,15,14" rate="2115.56,1909.27,2000.67,1912.51" sx="M,M,M,M"/><TAIKYOKU oya="0"/><INIT seed="0,0,0,0,2,129" ten="250,250,250,250" oya="0" hai0="11,91,82,64,55,89,88,33,79,113,34,16,6" hai1="4,87,95,121,97,27,60,66,128,115,83,67,39" hai2="47,69,20,116,86,126,46,112,107,21,15,62,29" hai3="85,125,133,0,122,53,3,42,43,101,135,51,65"/><T26/><D113/><U24/><E121/><V36/><F126/><W45/><G101/><T102/><D64/><U93/><E128/><V106/><F86/><W123/><G85/><T134/><D102/><U48/><E39/><V108/><F108/><W12/><G12/><T1/><D55/><U80/><E4/><V52/><F112/><W109/><G109/><T84/><REACH who="0" step="1"/><D134/><REACH who="0" ten="240,250,250,250" step="2"/><N who="3" m="51209" /><G65/><T72/><D72/><U92/><E67/><V44/><F116/><W94/><G125/><T32/><D32/><U10/><E115/><V59/><F69/><W75/><G75/><T5/><D5/><U127/><E127/><V71/><F71/><W130/><G130/><T18/><D18/><U68/><E68/><V77/><F36/><N who="3" m="21703" /><G43/><T120/><D120/><N who="3" m="46121" /><G94/><T81/><D81/><U37/><E80/><V19/><REACH who="2" step="1"/><F77/><REACH who="2" ten="240,250,240,250" step="2"/><W23/><G23/><AGARI ba="0,2" hai="1,6,11,16,23,26,33,34,79,82,84,88,89,91" machi="23" ten="40,12000,1" yaku="1,1,54,2,53,1" doraHai="129" doraHaiUra="2" who="0" fromWho="3" sc="240,140,250,0,240,0,250,-120" /><INIT seed="0,1,0,5,3,6" ten="380,250,240,130" oya="0" hai0="104,72,85,97,123,41,93,27,114,126,16,95,129" hai1="68,110,112,91,30,54,90,125,82,134,28,71,83" hai2="35,50,92,14,25,51,107,10,43,102,5,101,58" hai3="29,89,88,87,108,67,118,8,13,113,81,121,31"/><T100/><D123/><U69/><E125/><V94/><F107/><W84/><G108/><T1/><D114/><U66/><E110/><V106/><F106/><W2/><G113/><T135/><D1/><U99/><E66/><V65/><F35/><W38/><G38/><T12/><D72/><U111/><E111/><V131/><F131/><W64/><G2/><T40/><D135/><U9/><E112/><V33/><F33/><W55/><G118/><T78/><D126/><U62/><E134/><V86/><F25/><W46/><G121/><T39/><D39/><U77/><E77/><V18/><F65/><N who="3" m="25163" /><G55/><T127/><D129/><U120/><E120/><V74/><F74/><W56/><G46/><T49/><D27/><U130/><E130/><V128/><F128/><W133/><G56/><T75/><D75/><U122/><E122/><V96/><F58/><W44/><G44/><T117/><D117/><U132/><E132/><V45/><F51/><W61/><G61/><T76/><D104/><U103/><E62/><V59/><F59/><W73/><G73/><T116/><D127/><U15/><E54/><V79/><F18/><N who="3" m="8487" /><G133/><T34/><D34/><U52/><E52/><V7/><F7/><W36/><G36/><T47/><D41/><U20/><E103/><V60/><F60/><W80/><AGARI ba="1,0" hai="29,31,80,81,84,87,88,89" m="8487,25163" machi="80" ten="30,4000,0" yaku="8,1,52,1,54,1" doraHai="6" who="3" fromWho="3" sc="380,-21,250,-11,240,-11,130,43" /><INIT seed="1,0,0,5,4,58" ten="359,239,229,173" oya="1" hai0="47,96,13,33,120,53,27,111,31,78,82,133,125" hai1="90,77,115,69,103,63,60,9,95,134,62,99,92" hai2="46,85,124,81,84,6,106,105,26,127,4,22,36" hai3="123,70,39,64,16,52,65,126,38,116,67,98,44"/><U128/><E115/><V107/><F36/><W94/><G123/><T121/><D111/><U43/><E69/><V74/><F46/><W101/><G70/><T42/><D133/><U8/><E128/><V91/><F74/><W72/><G72/><T29/><D29/><U54/><E43/><V21/><F85/><W20/><G126/><N who="2" m="48169" /><F22/><W30/><G30/><AGARI ba="0,0" hai="4,6,21,26,30,81,84,91,105,106,107" m="48169" machi="30" ten="40,1300,0" yaku="18,1" doraHai="58" who="2" fromWho="3" sc="359,0,239,0,229,13,173,-13" /><INIT seed="2,0,0,2,0,51" ten="359,239,242,160" oya="2" hai0="67,113,57,132,50,106,69,37,85,109,0,53,100" hai1="108,131,102,112,91,23,59,90,8,95,25,18,82" hai2="36,55,121,26,124,133,32,72,103,62,86,76,88" hai3="129,63,12,111,75,116,126,122,114,84,119,43,80"/><V39/><F121/><W22/><G122/><T117/><D0/><U21/><E108/><V64/><F103/><W58/><G75/><T70/><D106/><U104/><E131/><V101/><F76/><W38/><G111/><T45/><D100/><U11/><E104/><V15/><F72/><W79/><G129/><T54/><D85/><U30/><E102/><V65/><F133/><W6/><G114/><T98/><D98/><U60/><E82/><V74/><F74/><W56/><G56/><T52/><D109/><U27/><E91/><V20/><F124/><W71/><G71/><N who="0" m="27147" /><D117/><U19/><E30/><V13/><F39/><W61/><G126/><T5/><D5/><U2/><E2/><V127/><F36/><W130/><G6/><T24/><D24/><U31/><E31/><N who="2" m="17863" /><F32/><W135/><G130/><T78/><D78/><U81/><E81/><N who="2" m="49231" /><F101/><W28/><G79/><T9/><D9/><U7/><E7/><V34/><F34/><W14/><G80/><T125/><D113/><U96/><REACH who="1" step="1"/><E112/><REACH who="1" ten="359,229,242,160" step="2"/><V99/><F127/><W33/><G119/><T40/><D125/><U73/><E73/><V16/><F99/><W17/><G116/><T83/><D83/><U105/><E105/><V94/><F94/><W115/><G115/><T68/><D132/><U97/><E97/><V49/><F62/><AGARI ba="0,1" hai="37,40,45,50,52,53,54,57,62,67,68" m="27147" machi="62" ten="30,16000,3" yaku="24,1,35,5,52,3,54,1" doraHai="51" who="0" fromWho="2" sc="359,170,229,0,242,-160,160,0" /><INIT seed="3,0,0,1,3,64" ten="529,229,82,160" oya="3" hai0="0,118,2,38,120,33,78,73,10,86,125,42,87" hai1="92,14,79,3,50,99,70,113,35,4,40,36,46" hai2="134,71,31,114,117,15,84,20,104,115,80,22,100" hai3="27,25,59,88,1,122,82,51,96,91,127,13,66"/><W7/><G1/><T23/><D87/><U58/><E35/><V103/><F117/><W60/><G122/><T94/><D94/><U119/><E119/><V131/><F134/><W56/><G127/><T41/><D41/><U83/><E3/><V85/><F131/><W76/><G7/><T116/><D42/><U52/><E4/><V101/><F15/><W77/><G13/><T62/><D78/><U54/><E54/><V5/><F5/><W93/><G91/><T30/><D62/><U124/><E113/><V133/><F31/><W49/><G77/><T17/><D38/><U81/><E14/><V43/><F43/><W72/><G49/><T132/><D73/><U111/><E111/><V44/><F103/><W129/><G129/><T68/><D125/><U102/><E124/><V45/><F133/><W53/><REACH who="3" step="1"/><G56/><REACH who="3" ten="529,229,82,150" step="2"/><T123/><D123/><U28/><E79/><V95/><F114/><W121/><G121/><T12/><D120/><U11/><E11/><V19/><F115/><W112/><G112/><T24/><D2/><U32/><E36/><V57/><F57/><W128/><G128/><T9/><D0/><U135/><E135/><V108/><F108/><W63/><G63/><T106/><D132/><U18/><E58/><V65/><F101/><W6/><G6/><T107/><D118/><U75/><E50/><V34/><F100/><W16/><G16/><T105/><D116/><U8/><E18/><V47/><F19/><W29/><G29/><T74/><D10/><U126/><E8/><V55/><F80/><W90/><G90/><T26/><D9/><RYUUKYOKU ba="0,1" sc="529,-10,229,-10,82,-10,150,30" hai3="25,27,51,53,59,60,66,72,76,82,88,93,96" /><INIT seed="3,1,1,0,4,105" ten="519,219,72,180" oya="3" hai0="99,104,39,64,29,47,95,81,89,26,38,127,24" hai1="106,126,129,27,98,90,76,50,22,25,115,17,111" hai2="96,63,6,93,109,71,43,85,68,112,9,120,66" hai3="70,86,61,118,123,30,51,132,41,46,31,3,80"/><W124/><G118/><T40/><D127/><U59/><E115/><V0/><F112/><W130/><G123/><T4/><D104/><U35/><E111/><V21/><F109/><W8/><G124/><T56/><D4/><U49/><E129/><V102/><F120/><W97/><G130/><T55/><D64/><U121/><E121/><V32/><F32/><W108/><G108/><T18/><D81/><U92/><E106/><V48/><F85/><W60/><G3/><T73/><D73/><U20/><E76/><V15/><F43/><W36/><G36/><T45/><D18/><U134/><E134/><V12/><F48/><W54/><G70/><T113/><D113/><U82/><E82/><V16/><REACH who="2" step="1"/><F0/><REACH who="2" ten="519,219,62,180" step="2"/><W23/><G132/><T11/><D40/><U34/><E34/><V114/><F114/><W57/><G61/><T72/><D39/><U69/><E35/><V33/><F33/><W2/><G97/><T44/><D38/><U88/><E126/><V122/><F122/><W100/><G60/><T87/><D87/><U116/><E116/><V13/><F13/><W42/><G41/><T103/><D99/><U74/><E49/><V62/><F62/><W79/><G42/><T58/><D26/><U119/><E119/><V84/><F84/><W131/><G131/><T94/><D24/><U53/><E69/><AGARI ba="1,2" hai="6,9,12,15,16,21,63,66,68,69,71,93,96,102" machi="69" ten="30,3900,0" yaku="1,1,7,1,54,1,53,0" doraHai="105" doraHaiUra="52" who="2" fromWho="1" sc="519,0,219,-42,62,62,180,0" /><INIT seed="4,0,0,5,2,16" ten="519,177,124,180" oya="0" hai0="47,56,40,123,100,69,42,61,59,14,78,4,79" hai1="120,19,129,38,23,95,55,126,43,63,127,80,0" hai2="94,88,102,106,97,121,87,76,75,81,28,5,34" hai3="124,65,74,64,35,24,93,12,17,135,116,96,60"/><T51/><D123/><U27/><E120/><V115/><F121/><W50/><G74/><T114/><D114/><U20/><E0/><V32/><F115/><W48/><G116/><T104/><D104/><U57/><E43/><V73/><F28/><W119/><G119/><T125/><D125/><N who="1" m="47627" /><E38/><V107/><F5/><W9/><G124/><T66/><D100/><U58/><E58/><V44/><F44/><W52/><G135/><T25/><D25/><N who="1" m="14495" /><E95/><V92/><F107/><W2/><G2/><T70/><D59/><U18/><E80/><V85/><F75/><W31/><G60/><T46/><D70/><U37/><E37/><V13/><F13/><W10/><G10/><T99/><D69/><U68/><E68/><V118/><F118/><W134/><G134/><T130/><D42/><U131/><AGARI ba="0,0" hai="18,23,27,55,57,63,129,131" m="14495,47627" machi="131" ten="30,4000,0" yaku="18,1,52,2" doraHai="16" who="1" fromWho="1" sc="519,-20,177,40,124,-10,180,-10" /><INIT seed="5,0,0,4,5,96" ten="499,217,114,170" oya="1" hai0="111,7,97,121,98,114,56,64,70,73,32,58,129" hai1="110,68,45,40,53,41,69,117,35,20,132,89,1" hai2="28,39,22,115,118,6,59,30,103,23,92,126,135" hai3="60,5,124,47,18,27,123,21,67,4,10,84,52"/><U15/><E117/><V16/><F118/><W87/><G124/><T57/><D111/><U130/><E35/><V3/><F39/><W104/><G104/><T80/><D114/><U38/><E1/><V66/><F126/><W34/><G123/><T61/><D129/><U13/><E130/><V43/><F43/><W106/><G106/><T94/><D98/><U112/><E41/><V120/><F120/><W76/><G34/><T37/><D7/><U134/><E112/><V17/><F6/><W109/><G109/><T81/><D73/><U54/><E89/><V86/><F3/><W78/><G4/><T44/><D32/><U14/><E20/><V9/><F9/><W33/><G33/><T93/><D93/><U101/><E101/><V63/><F135/><N who="1" m="51753" /><E110/><V95/><F115/><W51/><G78/><T62/><D121/><U12/><N who="1" m="3072" /><DORA hai="119" /><U8/><E8/><V105/><F105/><W88/><G76/><T31/><D94/><N who="2" m="35882" /><F103/><W131/><G131/><T113/><D113/><U19/><E19/><N who="2" m="7243" /><F86/><W108/><G108/><T75/><D97/><U2/><E2/><V55/><F66/><W74/><G74/><T107/><D75/><U48/><E54/><V25/><F25/><W26/><G26/><T65/><D107/><U99/><E99/><V116/><F116/><W71/><G88/><T79/><D79/><U85/><E85/><V122/><F122/><W127/><G127/><T72/><D72/><U29/><E29/><AGARI ba="0,0" hai="22,23,28,29,30,55,59,63" m="7243,35882" machi="29" ten="30,2000,0" yaku="8,1,54,1" doraHai="96,119" who="2" fromWho="1" sc="499,0,217,-20,114,20,170,0" /><INIT seed="6,0,0,2,5,90" ten="499,197,134,170" oya="2" hai0="30,27,109,28,92,57,32,3,47,74,22,56,120" hai1="42,134,31,33,94,71,60,5,104,100,18,38,111" hai2="131,0,125,35,128,40,14,4,49,41,91,39,84" hai3="124,82,58,26,86,16,65,11,66,19,132,127,107"/><V106/><F106/><W13/><G107/><T15/><D3/><U1/><E111/><V99/><F0/><W68/><G68/><T7/><D32/><U6/><E71/><V45/><F35/><W62/><G132/><T89/><D74/><U55/><E1/><V34/><F34/><W2/><G2/><T126/><D126/><N who="3" m="48169" /><G26/><T80/><D120/><U122/><E122/><V43/><F125/><W64/><G19/><T108/><D80/><U17/><E31/><V130/><F99/><W119/><G119/><T75/><D75/><U37/><E42/><V114/><F114/><W83/><G83/><T54/><D109/><U48/><E104/><V79/><F79/><AGARI ba="0,0" hai="11,13,16,58,62,64,65,66,79,82,86" m="48169" machi="79" ten="30,2000,0" yaku="18,1,54,1" doraHai="90" who="3" fromWho="2" sc="499,0,197,0,134,-20,170,20" /><INIT seed="7,0,0,1,0,64" ten="499,197,114,190" oya="3" hai0="58,17,130,38,57,4,112,40,12,91,93,37,95" hai1="44,111,66,0,125,23,85,63,131,121,122,97,69" hai2="70,83,31,133,74,82,25,88,49,54,33,92,87" hai3="32,16,39,13,41,126,9,50,128,27,48,36,135"/><W127/><G135/><T29/><D112/><U56/><E111/><V78/><F133/><W65/><G128/><T100/><D4/><U19/><E0/><V114/><F114/><W113/><G113/><T106/><D106/><U119/><E125/><N who="3" m="47626" /><G65/><T123/><D40/><U102/><E131/><V108/><F108/><W35/><G50/><T75/><D12/><U118/><E85/><V24/><F24/><W73/><G73/><T53/><D17/><U115/><E44/><V90/><F90/><W52/><G41/><T10/><D10/><U60/><E115/><V30/><F30/><N who="3" m="19551" /><G35/><T61/><D75/><U15/><E119/><V71/><F83/><W77/><G77/><T2/><D61/><U42/><E42/><V107/><F107/><W3/><G3/><T7/><D2/><U81/><E81/><V62/><F62/><W43/><G43/><T76/><D76/><U89/><E89/><V20/><F33/><W14/><G13/><T45/><D130/><U109/><E109/><V67/><F67/><W55/><G55/><T129/><D53/><U134/><E134/><V103/><F103/><W116/><G116/><T68/><D100/><U86/><E86/><V8/><F8/><W79/><G79/><T21/><D129/><U72/><E72/><V11/><F11/><W47/><AGARI ba="0,0" hai="9,14,16,36,39,47,48,52" m="19551,47626" machi="47" ten="30,6000,0" yaku="18,1,54,2" doraHai="64" who="3" fromWho="3" sc="499,-20,197,-20,114,-20,190,60" /><INIT seed="7,1,0,4,3,108" ten="479,177,94,250" oya="3" hai0="49,78,58,128,52,80,113,62,13,116,7,69,94" hai1="35,107,71,51,30,81,2,64,47,57,103,127,65" hai2="5,124,6,9,91,84,74,41,117,22,96,76,25" hai3="98,12,112,15,114,70,33,66,101,48,126,119,85"/><W39/><G39/><T93/><D113/><N who="3" m="43625" /><G119/><T19/><D128/><U86/><E2/><V4/><F117/><W87/><G33/><T34/><D69/><U42/><E30/><V21/><F124/><W63/><G48/><T77/><D77/><U131/><E35/><V123/><F123/><W32/><G32/><T90/><D78/><U130/><E127/><V129/><F129/><W56/><G70/><T102/><D49/><U109/><E109/><V95/><F41/><W118/><G118/><T61/><D61/><U73/><E71/><V105/><F9/><W20/><G126/><T134/><D62/><U104/><E73/><V99/><F25/><W132/><G132/><T75/><D75/><U24/><E131/><V68/><F68/><W10/><G20/><T88/><D134/><U44/><E130/><V111/><F111/><W92/><G12/><T28/><D13/><U122/><E122/><V36/><F36/><W125/><G125/><T100/><D34/><U1/><E51/><V18/><F18/><W135/><G135/><T106/><D19/><AGARI ba="1,0" hai="10,15,19,56,63,66,85,87,92,98,101" m="43625" machi="19" ten="30,11600,0" yaku="15,1,52,3" doraHai="108" who="3" fromWho="0" sc="479,-119,177,0,94,0,250,119" owari="360,16.0,177,-22.0,94,-41.0,369,47.0" /></mjloggm>