<mjloggm ver="2.3"><GO type="41" lobby="0"/><UN n0="%E8%A5%BF%E9%83%B7" n1="%E8%B2%A1%E5%89%8D%E5%8F%88%E4%B8%80" n2="%E3%82%A2%E3%82%A4%E3%83%8D%E3%82%B9" n3="%E2%93%9D%53%75%70%68%78" dan="15,14,16,19" rate="2003.65,1954.60,2042.45,2151.32" sx="M,M,M,M"/><TAIKYOKU oya="0"/><BYE who="2" /><INIT seed="0,0,0,5,1,84" ten="250,250,250,250" oya="0" hai0="121,30,53,80,52,102,77,31,20,9,18,2,129" hai1="73,105,57,99,41,22,100,90,1,10,3,89,131" hai2="78,71,66,117,64,95,48,37,21,116,50,108,111" hai3="15,14,82,40,119,74,98,104,67,7,87,88,91"/><T65/><D121/><UN n2="%E3%82%A2%E3%82%A4%E3%83%8D%E3%82%B9" /><U36/><E131/><V72/><F21/><W109/><G119/><N who="2" m="45641" /><F95/><N who="3" m="56679" /><G74/><T113/><D113/><U59/><E73/><V44/><F78/><W97/><G104/><T75/><D129/><U133/><E133/><V28/><F28/><W35/><G109/><N who="2" m="42057" /><F72/><W118/><G35/><T132/><D132/><U34/><E34/><V101/><F101/><W56/><G40/><T106/><D65/><N who="2" m="25194" /><F71/><W76/><G118/><T107/><D31/><U4/><E3/><V93/><F93/><N who="3" m="56511" /><G7/><T135/><D135/><U47/><E22/><V38/><F44/><W122/><G122/><T12/><D107/><U60/><E59/><V26/><F26/><W11/><G11/><T19/><D2/><U81/><E81/><V128/><F128/><W120/><G120/><T79/><D106/><U83/><E83/><V46/><F46/><W13/><G13/><N who="0" m="9295" /><D75/><U63/><E57/><V23/><F23/><W45/><G45/><T112/><D80/><U110/><E110/><V49/><AGARI ba="0,0" hai="37,38,48,49,50" m="25194,42057,45641" machi="49" ten="40,12000,2" yaku="28,2,12,1,14,1,34,2" doraHai="84" who="2" fromWho="2" sc="250,-60,250,-30,250,120,250,-30" /><INIT seed="1,0,0,3,0,94" ten="190,220,370,220" oya="1" hai0="83,36,24,61,103,100,78,102,7,58,135,64,33" hai1="126,88,123,82,0,25,52,125,9,14,69,76,57" hai2="92,130,85,46,21,6,2,70,12,19,97,71,75" hai3="68,67,109,3,50,53,38,133,34,105,54,77,118"/><U31/><E69/><V129/><F75/><W72/><RYUUKYOKU type="yao9" ba="0,0" sc="190,0,220,0,370,0,220,0" hai3="3,34,38,50,53,54,67,68,72,77,105,109,118,133" /><INIT seed="1,1,0,0,3,8" ten="190,220,370,220" oya="1" hai0="131,100,13,80,39,103,71,121,73,84,52,44,3" hai1="82,64,45,104,90,119,111,101,76,42,123,72,37" hai2="120,49,66,89,10,6,51,40,50,98,67,70,124" hai3="107,17,130,58,96,5,74,26,63,22,28,128,109"/><U53/><E119/><V23/><F120/><W48/><G74/><T14/><D73/><U92/><E123/><V83/><F124/><W21/><G5/><T62/><D3/><U35/><E35/><V105/><F23/><W18/><G48/><N who="0" m="28679" /><D39/><U0/><E0/><V69/><F40/><W126/><G109/><T108/><D121/><U106/><E111/><V2/><F83/><W118/><G126/><T12/><D71/><U94/><E64/><V57/><F57/><W54/><G118/><T88/><D108/><U4/><E4/><V68/><F89/><W38/><G38/><T134/><D131/><N who="3" m="50217" /><G22/><T1/><D1/><U24/><E24/><V81/><F81/><W113/><G113/><T33/><D33/><U46/><E101/><AGARI ba="1,0" hai="17,18,21,26,28,54,58,63,96,101,107" m="50217" machi="101" ten="30,1000,0" yaku="19,1" doraHai="8" who="3" fromWho="1" sc="190,0,220,-13,370,0,220,13" /><INIT seed="2,0,0,0,5,117" ten="190,207,370,233" oya="2" hai0="65,126,124,68,58,122,53,108,4,127,82,80,9" hai1="51,120,43,121,6,116,28,130,91,45,69,94,132" hai2="111,92,95,93,2,32,56,71,102,118,8,134,110" hai3="109,5,88,59,64,73,47,90,103,106,41,133,18"/><V131/><F118/><W114/><G73/><T119/><D119/><U125/><E116/><V70/><F32/><W27/><G109/><N who="2" m="41481" /><F131/><W50/><G133/><T83/><D108/><U20/><E130/><V112/><F112/><W10/><G106/><T105/><D105/><U113/><E113/><V55/><F134/><W30/><G103/><T79/><D65/><U23/><E69/><N who="2" m="26123" /><F102/><W100/><G18/><T66/><D66/><U24/><E132/><V44/><F44/><W12/><G100/><T38/><D68/><U89/><E125/><V63/><F8/><W17/><G114/><T42/><D42/><U86/><E6/><V101/><F101/><W36/><G5/><T54/><D38/><U46/><E46/><V0/><AGARI ba="0,0" hai="0,2,55,56,63,92,93,95" m="26123,41481" machi="0" ten="40,3900,0" yaku="14,1,10,1" doraHai="117" who="2" fromWho="2" sc="190,-13,207,-13,370,39,233,-13" /><INIT seed="2,1,0,5,2,126" ten="177,194,409,220" oya="2" hai0="10,53,25,38,78,32,100,99,20,46,94,101,5" hai1="130,18,62,131,119,98,52,13,60,128,83,30,67" hai2="65,91,95,96,102,44,35,1,55,124,63,114,82" hai3="72,49,50,4,77,33,129,54,81,122,7,80,34"/><V2/><F35/><W134/><G122/><T76/><D32/><U125/><E125/><V106/><F124/><W93/><G93/><T132/><D132/><U97/><E119/><V57/><F114/><W110/><G110/><T21/><D101/><U42/><E30/><V17/><F17/><W36/><G54/><T111/><D111/><U112/><E112/><V123/><F123/><W70/><G77/><T15/><D21/><N who="1" m="11471" /><E42/><V115/><F115/><W135/><G70/><T24/><D38/><U12/><E12/><V43/><F65/><W22/><G22/><T71/><D71/><N who="1" m="42471" /><E83/><V28/><F28/><W37/><G72/><T27/><D20/><U8/><E8/><V89/><F82/><W73/><G73/><T40/><D40/><U116/><E116/><V31/><F31/><W92/><G92/><T90/><D100/><U104/><E104/><V23/><F23/><W68/><G68/><T64/><D64/><U120/><E120/><V84/><REACH who="2" step="1"/><F91/><REACH who="2" ten="177,194,399,220" step="2"/><W69/><G69/><T6/><D6/><U48/><E62/><V61/><F61/><W29/><G29/><T39/><D5/><U14/><E14/><V118/><F118/><W41/><G41/><T47/><D15/><U26/><E26/><V108/><F108/><W87/><G135/><T127/><D127/><U86/><E86/><V0/><F0/><W59/><G134/><T3/><D27/><U117/><E117/><V56/><F56/><AGARI ba="1,1" hai="48,52,56,97,98,128,130,131" m="42471,11471" machi="56" ten="30,8000,1" yaku="19,1,52,3,54,1" doraHai="126" who="1" fromWho="2" sc="177,0,194,93,399,-83,220,0" /><INIT seed="3,0,0,2,2,133" ten="177,287,316,220" oya="3" hai0="63,39,8,4,31,113,115,123,89,13,44,99,32" hai1="52,43,65,54,25,80,112,103,66,53,76,35,83" hai2="110,120,90,11,50,45,74,16,33,38,97,70,118" hai3="100,85,58,95,49,22,98,40,15,111,75,129,64"/><W79/><G129/><T119/><D119/><U82/><E112/><N who="0" m="43081" /><D123/><U57/><E76/><V132/><F118/><W47/><G75/><T18/><D63/><U67/><E57/><V0/><F38/><W17/><G111/><T93/><D31/><U24/><E35/><V108/><F33/><W130/><G130/><T34/><D4/><U94/><E43/><AGARI ba="0,0" hai="8,13,18,32,34,39,43,44,89,93,99" m="43081" machi="43" ten="30,1000,0" yaku="11,1" doraHai="133" who="0" fromWho="1" sc="177,10,287,-10,316,0,220,0" /><INIT seed="4,0,0,1,5,111" ten="187,277,316,220" oya="0" hai0="64,128,24,78,69,48,131,135,20,51,17,32,104" hai1="55,122,52,117,84,3,103,41,83,107,15,62,93" hai2="6,100,12,73,102,71,113,91,77,59,21,95,118" hai3="66,2,76,105,8,42,133,120,81,34,36,50,14"/><T121/><D121/><U106/><E3/><V75/><F71/><W23/><G34/><T99/><D135/><U35/><E35/><V125/><F125/><W18/><G105/><T61/><D78/><U114/><E117/><V109/><F109/><W126/><G36/><T58/><D32/><U57/><E41/><V86/><F118/><W115/><G66/><T96/><D96/><U28/><E28/><V68/><F68/><W94/><G94/><T124/><D124/><U7/><E93/><V110/><F110/><W10/><G133/><T13/><D13/><U16/><E7/><V1/><F1/><W45/><G120/><T49/><REACH who="0" step="1"/><D69/><REACH who="0" ten="177,277,316,220" step="2"/><U67/><E122/><V4/><F77/><W70/><G70/><T40/><D40/><U132/><E132/><V44/><F75/><W27/><G2/><T33/><D33/><U97/><E107/><V37/><F73/><W108/><G108/><T101/><AGARI ba="0,1" hai="17,20,24,48,49,51,58,61,64,99,101,104,128,131" machi="101" ten="30,3000,0" yaku="1,1,0,1,53,0" doraHai="111" doraHaiUra="116" who="0" fromWho="0" sc="177,40,277,-10,316,-10,220,-10" /><INIT seed="4,1,0,5,0,55" ten="217,267,306,210" oya="0" hai0="90,120,110,20,23,67,59,113,116,79,106,133,128" hai1="26,4,50,112,122,61,18,125,65,71,103,43,77" hai2="81,54,17,66,49,35,123,9,118,15,47,114,121" hai3="99,6,38,84,19,56,73,104,98,45,68,10,85"/><T36/><D79/><U25/><E122/><V16/><F35/><W7/><G68/><T69/><D90/><U14/><E103/><V63/><F114/><W46/><G73/><T8/><D8/><U3/><E112/><V124/><F124/><W105/><G10/><T80/><D80/><U135/><E3/><V129/><F129/><W94/><G19/><T53/><D23/><U91/><E4/><V30/><F30/><W52/><G94/><T22/><D22/><U37/><E37/><V132/><F132/><W87/><G38/><T117/><D20/><U27/><E135/><V126/><F126/><W88/><G88/><T95/><D95/><U32/><E125/><V131/><F131/><W13/><G13/><T75/><D67/><U92/><E32/><V89/><F17/><W70/><G70/><T34/><D59/><U115/><E77/><V96/><F118/><W51/><G105/><T40/><D40/><U97/><E43/><V72/><F72/><W64/><G104/><T109/><D53/><U93/><E115/><V102/><F102/><W2/><G2/><T29/><D29/><U1/><E1/><V74/><F74/><W28/><G28/><T127/><D110/><U57/><E93/><V130/><F130/><W82/><G82/><T60/><D60/><U58/><REACH who="1" step="1"/><E50/><REACH who="1" ten="217,257,306,210" step="2"/><V100/><F100/><W83/><G83/><T62/><D62/><U44/><E44/><N who="3" m="17002" /><G7/><T86/><D86/><U41/><E41/><V78/><F78/><W111/><G6/><T101/><D101/><U11/><AGARI ba="1,1" hai="11,14,18,25,26,27,57,58,61,65,71,91,92,97" machi="11" ten="30,12000,2" yaku="1,1,0,1,52,2,53,3" doraHai="55" doraHaiUra="21" who="1" fromWho="1" sc="217,-61,257,133,306,-31,210,-31" /><INIT seed="5,0,0,0,4,1" ten="156,390,275,179" oya="1" hai0="90,115,10,21,108,129,104,61,99,38,89,125,54" hai1="134,85,77,105,101,58,22,121,46,118,102,100,18" hai2="51,103,26,17,83,27,110,114,65,43,82,117,116" hai3="33,69,98,120,63,19,4,88,131,11,135,13,35"/><U87/><E118/><V20/><F110/><W74/><G74/><T86/><D108/><U93/><E121/><V31/><F103/><W5/><G120/><T32/><D32/><U62/><E105/><V78/><F65/><W97/><G131/><T73/><D73/><U48/><E134/><V95/><F95/><W112/><G112/><T3/><D38/><U107/><E107/><V7/><F114/><W30/><G135/><T75/><D75/><U76/><E93/><V50/><F83/><W36/><G36/><T92/><D115/><U40/><E87/><V8/><F51/><W91/><G35/><T14/><D129/><U53/><REACH who="1" step="1"/><E85/><REACH who="1" ten="156,380,275,179" step="2"/><V94/><F94/><W128/><G128/><T123/><D123/><U72/><E72/><V126/><F116/><W67/><G98/><T124/><D104/><U127/><E127/><V49/><F126/><W28/><G97/><T23/><D125/><U119/><E119/><V111/><F117/><W133/><G133/><T130/><D124/><U2/><E2/><V64/><F111/><W41/><G41/><T96/><D3/><U44/><E44/><V109/><F109/><W68/><G68/><T56/><D130/><U39/><E39/><V29/><F82/><W106/><G106/><T15/><D99/><U45/><E45/><V132/><F132/><W42/><G42/><T52/><D86/><U60/><E60/><V12/><F43/><W79/><G69/><T70/><D70/><U113/><E113/><V71/><F71/><W57/><G63/><T55/><D61/><U0/><E0/><V59/><F50/><RYUUKYOKU ba="0,1" sc="156,-10,380,30,275,-10,179,-10" hai1="18,22,40,46,48,53,58,62,76,77,100,101,102" /><INIT seed="5,1,1,4,0,72" ten="146,410,265,169" oya="1" hai0="61,56,86,87,25,30,15,66,79,64,58,49,5" hai1="100,62,63,118,122,80,104,54,98,133,24,47,18" hai2="9,134,128,48,0,11,12,83,3,1,101,35,91" hai3="8,40,4,102,67,123,109,75,17,84,42,10,7"/><U103/><E118/><V14/><F101/><W117/><G75/><T108/><D108/><U2/><E133/><V74/><F91/><W127/><G109/><T21/><D49/><U27/><E2/><V16/><F48/><W45/><G123/><T68/><D68/><U90/><E103/><V135/><F83/><W81/><G127/><T37/><D37/><U73/><E122/><V39/><F39/><W89/><G67/><T36/><D36/><U125/><E125/><V19/><F74/><W132/><G17/><T94/><D94/><U106/><E106/><V82/><F82/><W116/><G102/><T120/><D120/><U34/><E27/><V52/><F52/><W115/><G115/><T38/><D38/><U71/><E71/><V114/><F114/><W78/><G89/><T43/><D43/><N who="3" m="16425" /><G45/><T26/><D26/><U33/><E33/><V23/><F128/><W130/><G130/><T20/><D20/><U119/><E119/><N who="3" m="45642" /><G132/><N who="2" m="50729" /><F35/><W77/><G77/><T76/><D87/><N who="1" m="50535" /><E34/><V70/><F70/><W105/><G105/><T65/><D86/><U88/><E73/><V96/><F96/><W99/><G99/><T112/><D112/><U50/><E100/><V55/><F55/><W124/><G124/><T129/><D129/><U28/><E104/><V53/><F53/><W41/><G41/><T111/><D111/><U92/><E98/><V110/><F110/><W95/><G95/><T85/><D85/><U131/><E131/><V51/><F51/><W6/><AGARI ba="1,1" hai="4,6,7,8,10,78,81,84" m="45642,16425" machi="6" ten="40,2700,0" yaku="12,1,52,1" doraHai="72" who="3" fromWho="3" sc="146,-8,410,-14,265,-8,169,40" /><INIT seed="6,0,0,3,3,100" ten="138,396,257,209" oya="2" hai0="75,93,33,97,83,41,10,71,87,101,85,115,109" hai1="65,38,46,112,125,64,51,129,21,36,77,34,61" hai2="110,126,68,35,40,95,30,78,20,16,120,14,23" hai3="29,32,107,74,58,12,28,73,60,8,15,133,4"/><V123/><F68/><W54/><G133/><T55/><D71/><N who="1" m="42383" /><E21/><N who="2" m="11415" /><F40/><W132/><G132/><T31/><D109/><U82/><E34/><V105/><F95/><W45/><G107/><T27/><D115/><U1/><E1/><V3/><F78/><W19/><G32/><T98/><D41/><N who="1" m="25039" /><E82/><V43/><F43/><W69/><G69/><T122/><D122/><N who="2" m="46634" /><F105/><W121/><G121/><T81/><D75/><U26/><E77/><V39/><F39/><W9/><REACH who="3" step="1"/><G45/><REACH who="3" ten="138,396,257,199" step="2"/><T50/><D33/><U0/><E38/><V135/><F135/><W114/><G114/><T131/><D131/><U52/><E129/><V11/><F110/><W88/><G88/><T72/><D101/><U48/><E36/><V102/><F102/><W24/><G24/><T99/><D27/><U86/><E26/><N who="2" m="18903" /><F126/><W6/><G6/><AGARI ba="0,1" hai="3,6,11,20,23" m="18903,46634,11415" machi="6" ten="30,11600,0" yaku="24,1,34,2,54,1" doraHai="100" who="2" fromWho="3" sc="138,0,396,0,257,126,199,-116" /><INIT seed="6,1,0,1,2,14" ten="138,396,383,83" oya="2" hai0="69,67,9,64,28,108,53,78,57,126,22,121,47" hai1="109,101,16,90,40,20,73,1,60,10,42,134,79" hai2="2,132,70,103,77,61,34,116,5,111,135,33,26" hai3="110,62,128,66,129,75,48,118,39,27,54,106,88"/><V44/><F116/><W125/><G106/><T74/><D108/><U107/><E109/><V19/><F111/><W94/><G110/><T123/><D74/><U120/><E101/><V76/><F44/><W41/><G75/><T105/><D78/><U37/><E107/><V55/><F77/><W102/><G102/><T21/><D105/><U130/><E130/><N who="3" m="50282" /><G27/><N who="0" m="16495" /><D69/><U133/><E90/><V113/><F113/><W68/><G125/><T97/><D126/><U119/><E60/><V104/><F76/><W36/><G118/><T43/><D97/><U6/><E120/><V115/><F115/><W72/><G41/><T35/><D35/><U32/><E32/><V95/><F104/><W24/><G24/><T31/><D9/><U131/><E131/><V91/><F103/><W50/><G72/><T65/><D123/><U3/><E119/><V87/><F34/><W93/><G93/><T52/><D57/><U122/><E122/><V82/><F95/><W86/><G50/><N who="0" m="27007" /><D121/><U92/><E37/><V63/><F33/><W23/><G23/><T18/><D31/><U51/><E51/><V0/><F0/><W8/><G8/><T83/><D83/><N who="1" m="45551" /><E3/><V117/><F117/><W7/><G7/><T29/><D29/><U59/><E92/><V56/><F5/><W85/><G85/><T89/><D89/><U81/><E81/><V98/><F2/><W80/><G94/><T45/><D45/><AGARI ba="1,0" hai="36,39,45,48,54,62,66,68,80,86,88" m="50282" machi="45" ten="30,2000,0" yaku="19,1,54,1" doraHai="14" who="3" fromWho="0" sc="138,-23,396,0,383,0,83,23" /><INIT seed="7,0,0,3,3,90" ten="115,396,383,106" oya="3" hai0="59,8,114,36,135,111,130,121,6,2,109,58,13" hai1="113,86,112,108,82,71,46,26,76,126,64,100,105" hai2="62,4,61,119,73,44,102,96,131,7,97,78,21" hai3="110,60,29,70,116,52,103,98,75,38,95,104,0"/><W91/><G116/><T34/><D36/><U32/><E108/><V12/><F119/><W68/><G0/><T43/><D43/><U72/><E126/><V35/><F35/><W15/><G38/><T40/><D40/><U67/><E46/><V93/><F131/><W66/><G75/><T88/><D121/><U89/><E32/><V85/><F73/><W49/><G110/><T41/><D41/><U133/><E133/><V27/><F44/><W63/><G29/><T39/><D34/><U31/><E100/><V28/><F97/><W106/><G15/><T79/><D79/><U74/><E105/><V37/><F37/><W11/><G11/><T69/><D69/><U118/><E118/><V18/><F85/><W25/><G25/><T77/><D77/><U124/><E124/><V1/><F78/><W99/><G106/><T50/><D39/><U87/><E87/><V30/><F1/><W83/><G83/><T55/><D135/><U10/><E76/><V14/><F14/><W94/><G104/><T81/><D130/><U129/><E129/><V107/><F107/><W9/><G9/><T120/><D120/><U33/><E10/><N who="2" m="6423" /><F30/><W51/><REACH who="3" step="1"/><G52/><REACH who="3" ten="115,396,383,96" step="2"/><N who="0" m="32023" /><D2/><U101/><E74/><V115/><F4/><W23/><G23/><T117/><D117/><U42/><E72/><V3/><F7/><W17/><G17/><T128/><D128/><U19/><E19/><V56/><F3/><W54/><G54/><T24/><D24/><U48/><E26/><V84/><F27/><W122/><G122/><T65/><D55/><U47/><E33/><V92/><F28/><RYUUKYOKU ba="0,1" sc="115,-10,396,-10,383,-10,96,30" hai3="49,51,60,63,66,68,70,91,94,95,98,99,103" /><INIT seed="7,1,1,2,3,118" ten="105,386,373,126" oya="3" hai0="28,1,55,88,22,74,87,121,98,100,6,110,61" hai1="95,13,99,31,123,41,73,2,15,111,70,131,29" hai2="107,38,60,113,62,58,105,72,132,75,67,27,90" hai3="4,119,10,129,7,97,106,24,14,128,36,69,53"/><W79/><G119/><T21/><D110/><U33/><E111/><V11/><F38/><W16/><G36/><T34/><D74/><U77/><E2/><V35/><F11/><W17/><G69/><T94/><D121/><U45/><E123/><V57/><F90/><W54/><G79/><T126/><D126/><U50/><E131/><N who="3" m="50250" /><G24/><T46/><D34/><U108/><E70/><V89/><F89/><W3/><G17/><T82/><D28/><U122/><E122/><V63/><F63/><W84/><G84/><T5/><D1/><U103/><E31/><V76/><F113/><W59/><G59/><N who="0" m="35071" /><D46/><U117/><E117/><V71/><F71/><W32/><G32/><T115/><D115/><U104/><E45/><V86/><F86/><W56/><G56/><T96/><D96/><U18/><E99/><V12/><F12/><W9/><G7/><AGARI ba="1,1" hai="5,6,7,21,22,82,87,88,94,98,100" m="35071" machi="7" ten="30,2000,0" yaku="8,1,54,1" doraHai="118" who="0" fromWho="3" sc="105,33,386,0,373,0,126,-23" owari="138,-26.0,386,49.0,373,17.0,103,-40.0" /></mjloggm>