<mjloggm ver="2.3"><GO type="41" lobby="0"/><UN n0="%73%69%61%6C%74%65" n1="%E2%93%9D%53%75%70%68%78" n2="%E3%83%8A%E3%83%81%E3%83%A5%E3%83%A9%E3%83%AA%E3%82%B9%E3%83%88" n3="%64%31%30%73" dan="13,17,13,15" rate="1898.81,2064.79,1867.78,2026.33" sx="M,M,M,M"/><TAIKYOKU oya="0"/><INIT seed="0,0,0,2,4,51" ten="250,250,250,250" oya="0" hai0="0,70,98,106,89,50,46,27,119,133,71,125,85" hai1="87,18,95,43,115,16,93,45,73,20,69,24,114" hai2="34,31,4,42,29,17,92,78,9,11,102,109,79" hai3="14,48,105,90,68,57,80,49,61,130,55,39,35"/><T3/><D119/><U100/><E73/><V15/><F109/><W126/><G35/><T36/><D36/><U52/><E69/><V54/><F42/><W44/><G105/><T131/><D125/><U120/><E120/><V123/><F123/><W66/><G14/><T72/><D72/><U81/><E18/><V110/><F110/><W33/><G33/><T134/><D131/><U28/><E28/><N who="2" m="10827" /><F34/><W5/><G5/><T124/><D27/><U19/><E19/><V103/><F92/><W118/><G90/><T63/><D124/><U76/><E43/><V83/><F83/><W38/><G80/><T47/><D63/><U91/><E100/><N who="2" m="38443" /><F54/><N who="3" m="31943" /><G126/><T64/><D106/><U127/><E127/><V101/><N who="2" m="38451" /><V12/><AGARI ba="0,0" hai="4,9,11,12,15,17,78,79" m="38451,10827" machi="12" ten="40,2700,0" yaku="4,1,8,1" doraHai="51" who="2" fromWho="2" sc="250,-13,250,-7,250,27,250,-7" /><INIT seed="1,0,0,0,5,49" ten="237,243,277,243" oya="1" hai0="77,135,89,70,27,64,110,36,58,113,2,78,22" hai1="134,11,54,124,75,123,72,61,68,4,85,67,90" hai2="9,16,80,71,105,131,23,45,8,17,6,79,120" hai3="111,114,37,118,30,83,87,82,42,38,41,69,53"/><U3/><E123/><V18/><F105/><W104/><G104/><T13/><D70/><U128/><E124/><V39/><F71/><W19/><G69/><T84/><D36/><U21/><E128/><V33/><F120/><W56/><G114/><T96/><D2/><U59/><E21/><V44/><F131/><W92/><G111/><T5/><D110/><U52/><E134/><V115/><F115/><W60/><G30/><T91/><D96/><U66/><E66/><V65/><F65/><W73/><G92/><T127/><D91/><U34/><E34/><V97/><F33/><W7/><G7/><T20/><D127/><U106/><E106/><V1/><F97/><W12/><G37/><T119/><D22/><U112/><E112/><V25/><F45/><W48/><G38/><T10/><D135/><U107/><E107/><V28/><F9/><W100/><G100/><T32/><D32/><U76/><E76/><V15/><F15/><W74/><G83/><T50/><D119/><U125/><E125/><V108/><F108/><W122/><G118/><T102/><D102/><U133/><E133/><V94/><F94/><W88/><G122/><T101/><D101/><U0/><E0/><V93/><F93/><W109/><G109/><T132/><D132/><U98/><E98/><V14/><F1/><W95/><G95/><N who="0" m="54695" /><D64/><U35/><E35/><V26/><F26/><W63/><G73/><N who="1" m="28234" /><E68/><V46/><F39/><W62/><REACH who="3" step="1"/><G74/><REACH who="3" ten="237,243,277,233" step="2"/><T126/><D113/><U47/><E47/><V24/><F25/><W31/><G31/><N who="0" m="17895" /><D126/><U29/><E29/><V116/><F116/><RYUUKYOKU ba="0,1" sc="237,0,243,0,277,0,233,0" hai0="5,10,13,50,58,77,78" hai1="3,4,11,52,54,59,61,67,85,90" hai2="6,8,14,16,17,18,23,24,28,44,46,79,80" hai3="12,19,41,42,48,53,56,60,62,63,82,87,88" /><INIT seed="1,1,1,3,2,4" ten="237,243,277,233" oya="1" hai0="7,123,49,11,101,28,77,14,134,113,70,90,52" hai1="16,32,55,129,115,112,50,30,41,97,60,127,62" hai2="61,29,18,135,68,105,81,78,92,104,59,65,21" hai3="19,46,3,91,38,126,132,17,20,34,98,9,111"/><U23/><E127/><V100/><F135/><W54/><G34/><T47/><D70/><U53/><E129/><V15/><F68/><W58/><G111/><T83/><D134/><U63/><E32/><V120/><F120/><W12/><G132/><T114/><D123/><U13/><E30/><V35/><F35/><W118/><G118/><T6/><D101/><U133/><E133/><V88/><F100/><W117/><G117/><T24/><D90/><U43/><E55/><V69/><F69/><W71/><G71/><T86/><D7/><U5/><E97/><V103/><F103/><W94/><G126/><T130/><REACH who="0" step="1"/><D130/><REACH who="0" ten="227,243,277,233" step="2"/><U8/><E115/><V106/><F29/><W124/><G124/><T57/><D57/><N who="1" m="32951" /><E112/><V121/><F121/><W27/><G3/><T64/><D64/><U72/><E72/><V25/><F25/><AGARI ba="1,2" hai="5,8,13,16,23,25,41,43,60,62,63" m="32951" machi="25" ten="30,5800,0" yaku="8,1,52,1,54,1" doraHai="4" who="1" fromWho="2" sc="227,0,243,81,277,-61,233,0" /><INIT seed="1,2,0,0,1,65" ten="227,324,216,233" oya="1" hai0="98,3,117,134,42,37,86,94,11,31,102,131,23" hai1="2,121,124,83,15,66,122,79,38,89,110,109,53" hai2="78,61,13,74,100,21,76,107,95,19,41,133,22" hai3="130,16,51,49,106,44,48,125,32,39,114,27,123"/><U33/><E2/><V58/><F133/><W7/><G123/><T9/><D134/><U72/><E33/><V50/><F107/><W57/><G106/><T64/><D3/><U128/><E38/><V127/><F127/><W5/><G114/><T25/><D37/><U8/><E124/><V1/><F1/><W92/><G125/><T105/><D42/><U87/><E53/><V90/><F100/><W112/><G112/><T75/><D131/><U67/><E67/><N who="2" m="39351" /><F74/><W54/><G130/><T135/><D135/><U97/><E66/><V4/><F4/><W82/><G39/><T63/><D75/><U35/><E35/><V115/><F22/><W69/><G82/><T73/><D73/><U17/><E128/><V113/><F113/><W10/><G69/><T126/><D117/><U111/><REACH who="1" step="1"/><E97/><REACH who="1" ten="227,314,216,233" step="2"/><N who="2" m="57591" /><F115/><W70/><G32/><T60/><D126/><U93/><AGARI ba="2,1" hai="8,15,17,72,79,83,87,89,93,109,110,111,121,122" machi="93" ten="30,11700,0" yaku="1,1,0,1,14,1,10,1,53,0" doraHai="65" doraHaiUra="29" who="1" fromWho="1" sc="227,-41,314,133,216,-41,233,-41" /><INIT seed="1,3,0,2,3,125" ten="186,447,175,192" oya="1" hai0="20,49,116,57,81,12,53,100,35,8,134,68,70" hai1="126,48,82,50,89,4,63,129,11,16,117,7,103" hai2="21,101,113,44,0,25,83,109,18,61,17,30,45" hai3="132,40,78,86,84,3,102,27,128,124,24,120,58"/><U99/><E117/><V118/><F0/><W39/><G120/><T15/><D35/><U47/><E126/><V93/><F118/><W64/><G3/><T33/><D33/><U104/><E129/><V108/><F113/><W59/><G124/><T22/><D134/><U95/><E63/><V56/><F83/><W107/><G102/><T52/><D100/><U60/><E60/><V127/><F127/><W19/><G19/><T130/><D116/><U66/><E66/><V91/><F108/><W133/><G107/><T105/><D105/><U122/><E48/><V110/><F109/><W92/><G92/><T43/><D43/><U41/><E122/><V97/><F110/><W94/><G94/><T131/><D81/><U98/><REACH who="1" step="1"/><E82/><REACH who="1" ten="186,437,175,192" step="2"/><V37/><F37/><W106/><G64/><T26/><D49/><U13/><AGARI ba="3,1" hai="4,7,11,13,16,41,47,50,89,95,98,99,103,104" machi="13" ten="30,11700,0" yaku="1,1,2,1,0,1,54,1,53,0" doraHai="125" doraHaiUra="28" who="1" fromWho="1" sc="186,-42,437,136,175,-42,192,-42" /><INIT seed="1,4,0,1,3,46" ten="144,573,133,150" oya="1" hai0="96,2,5,65,95,52,114,9,60,91,35,6,107" hai1="36,26,125,73,78,20,74,93,112,33,79,118,61" hai2="88,94,77,24,16,28,75,58,117,4,64,101,45" hai3="44,55,115,134,120,133,100,103,1,113,57,126,43"/><U110/><E112/><V51/><F117/><W119/><G1/><T105/><D114/><U70/><E36/><V98/><F75/><W116/><G100/><T63/><D35/><U22/><E33/><V54/><F77/><W127/><G103/><T15/><D2/><U121/><E93/><V71/><F71/><W31/><G31/><T7/><D105/><U32/><E32/><V124/><F124/><N who="3" m="47659" /><G113/><T0/><D107/><U34/><E34/><V50/><F4/><W14/><G14/><T27/><D0/><U19/><E125/><V129/><F129/><W135/><G120/><T13/><D27/><U23/><E26/><V122/><F122/><W132/><G115/><T82/><D82/><U47/><E73/><V76/><F76/><W48/><N who="3" m="33792" /><DORA hai="39" /><W86/><G86/><T97/><D97/><U87/><E87/><V18/><F101/><W49/><AGARI ba="4,0" hai="43,44,48,49,55,57,116,119" m="33792,47659" machi="49" ten="60,12000,2" yaku="18,1,20,1,34,2,52,3" doraHai="46,39" who="3" fromWho="3" sc="144,-34,573,-64,133,-34,150,132" /><INIT seed="2,0,0,5,2,96" ten="110,509,99,282" oya="2" hai0="92,72,52,85,36,99,22,134,94,51,118,12,83" hai1="20,34,106,69,23,18,19,59,3,53,24,56,45" hai2="123,108,114,122,67,117,16,32,107,88,46,68,115" hai3="14,119,21,79,77,124,1,105,4,93,73,35,84"/><V62/><F32/><W2/><G35/><T76/><D36/><U81/><E69/><V57/><F107/><W104/><G73/><T78/><D134/><U95/><E3/><V58/><F88/><W54/><G54/><T65/><D65/><U10/><E10/><V28/><F28/><W89/><G124/><T61/><D61/><U26/><E106/><V55/><F16/><W29/><G119/><T74/><D118/><U101/><E81/><V60/><F117/><W11/><G1/><T42/><D42/><U9/><E9/><V31/><F31/><W91/><G104/><T112/><D112/><U111/><E111/><V103/><F103/><W17/><G105/><T135/><D92/><U64/><E64/><V98/><F98/><W87/><G29/><T109/><D135/><U7/><E7/><V6/><F6/><W47/><G47/><T71/><D71/><U129/><E34/><V116/><F116/><W8/><G8/><T30/><D109/><U15/><E24/><V97/><F97/><W90/><G90/><T110/><D76/><U44/><E26/><V127/><F108/><W120/><G120/><N who="2" m="46121" /><F127/><W48/><G48/><T33/><D33/><U75/><E18/><V25/><F25/><W80/><AGARI ba="0,0" hai="2,4,11,14,17,21,77,79,80,84,87,89,91,93" machi="80" ten="20,1500,0" yaku="0,1,7,1" doraHai="96" who="3" fromWho="3" sc="110,-4,509,-4,99,-7,282,15" /><INIT seed="3,0,0,4,3,73" ten="106,505,92,297" oya="3" hai0="54,57,113,16,130,10,21,69,59,61,4,117,62" hai1="132,65,122,47,5,82,2,121,43,14,78,95,88" hai2="11,106,110,108,17,18,128,109,91,112,25,100,93" hai3="103,64,63,104,48,6,133,131,76,67,94,12,23"/><W118/><G118/><T39/><D117/><U20/><E65/><V87/><F112/><W46/><G104/><T129/><D113/><U126/><E132/><V53/><F128/><W74/><G131/><T42/><D69/><U70/><E126/><V35/><F53/><W22/><G133/><T134/><D134/><U71/><E2/><V125/><F125/><W85/><G74/><T26/><D42/><U80/><E80/><V8/><F100/><W38/><G38/><T123/><D39/><U90/><E90/><V58/><F58/><W36/><G36/><T124/><D123/><U68/><E5/><V92/><F92/><W33/><G33/><T66/><REACH who="0" step="1"/><D124/><REACH who="0" ten="96,505,92,297" step="2"/><U72/><E70/><V101/><F106/><W9/><G103/><T105/><D105/><U116/><E71/><V120/><F101/><W52/><G67/><T40/><D40/><U30/><E68/><V83/><F120/><W114/><G114/><T55/><D55/><U98/><E116/><V44/><F110/><W3/><G64/><T19/><D19/><U24/><E14/><AGARI ba="0,1" hai="4,10,14,16,21,26,54,57,59,61,62,66,129,130" machi="14" ten="40,2600,0" yaku="1,1,54,1,53,0" doraHai="73" doraHaiUra="107" who="0" fromWho="1" sc="96,36,505,-26,92,0,297,0" /><INIT seed="4,0,0,1,0,132" ten="132,479,92,297" oya="0" hai0="97,17,91,33,27,23,12,80,84,117,98,18,114" hai1="121,59,48,102,70,44,25,56,118,51,128,3,126" hai2="100,74,7,95,53,57,30,123,65,16,107,130,46" hai3="31,11,135,42,129,85,26,34,32,79,52,115,0"/><T61/><D117/><U43/><E3/><V21/><F123/><W90/><G115/><T113/><D33/><U36/><E102/><V105/><F74/><W103/><G135/><T89/><D61/><U1/><E25/><V96/><F130/><W22/><G129/><T87/><D113/><U82/><E82/><V76/><F76/><W119/><G119/><T10/><REACH who="0" step="1"/><D114/><REACH who="0" ten="122,479,92,297" step="2"/><U134/><E118/><V40/><F65/><W14/><G34/><T15/><D15/><U112/><E112/><V8/><F30/><W122/><G32/><T54/><D54/><U73/><E128/><V81/><F105/><W4/><G52/><T77/><D77/><U71/><E134/><V93/><F107/><W104/><G104/><T19/><D19/><U68/><E1/><V5/><F53/><W62/><G0/><T39/><D39/><U108/><E36/><V58/><F16/><W124/><G62/><T106/><D106/><U109/><E48/><V2/><F2/><W64/><G79/><T116/><D116/><U110/><E51/><V45/><F5/><W6/><G4/><T20/><D20/><U66/><E66/><V47/><F21/><W101/><G64/><T75/><D75/><U72/><E73/><V111/><F7/><W127/><G122/><T29/><D29/><U37/><E72/><V38/><F38/><W35/><G35/><T55/><D55/><U13/><E121/><V94/><F8/><W131/><G131/><T41/><D41/><U67/><E67/><V92/><F40/><W28/><G42/><T88/><D88/><U50/><E37/><RYUUKYOKU ba="0,1" sc="122,30,479,-10,92,-10,297,-10" hai0="10,12,17,18,23,27,80,84,87,89,91,97,98" /><INIT seed="4,1,1,2,3,98" ten="152,469,82,287" oya="0" hai0="117,91,60,100,107,39,8,133,106,118,13,86,103" hai1="32,1,4,111,12,25,30,33,115,16,78,51,69" hai2="89,75,134,61,130,14,96,7,11,114,56,116,123" hai3="124,50,109,24,17,65,97,21,120,36,6,101,53"/><T31/><D39/><U43/><E69/><V127/><F75/><W132/><G109/><T94/><D31/><U85/><E111/><V37/><F37/><W19/><G124/><T70/><D133/><U29/><E43/><V129/><F116/><W83/><G120/><T44/><D44/><U88/><E78/><V68/><F68/><W62/><G132/><T34/><D34/><U49/><E115/><V28/><F134/><W119/><G83/><T2/><D2/><U87/><E87/><V74/><F74/><W38/><G19/><T110/><D110/><U45/><E4/><V66/><F127/><W73/><G6/><T122/><D122/><U3/><E51/><V131/><F123/><W35/><G73/><T99/><D60/><U81/><E30/><V82/><F114/><W26/><G26/><T46/><D46/><U15/><E15/><V0/><F28/><W41/><G41/><T90/><D70/><U63/><E63/><V113/><F113/><W125/><G35/><T48/><D48/><U72/><E32/><V121/><F121/><W23/><G23/><T67/><D67/><U105/><E72/><V80/><F0/><W18/><G18/><T77/><D77/><U10/><E105/><N who="0" m="39945" /><D13/><U47/><E45/><V93/><AGARI ba="1,1" hai="7,11,14,56,61,66,80,82,89,93,96,129,130,131" machi="93" ten="40,2700,0" yaku="0,1,19,1" doraHai="98" who="2" fromWho="2" sc="152,-14,469,-8,82,40,287,-8" /><INIT seed="5,0,0,4,4,64" ten="138,461,122,279" oya="1" hai0="50,58,42,82,102,18,121,92,80,37,118,47,16" hai1="101,70,40,38,113,22,19,10,66,89,1,107,27" hai2="115,94,32,120,69,31,67,55,72,134,95,83,56" hai3="74,36,73,52,34,96,4,100,63,57,97,23,5"/><U39/><E113/><V110/><F120/><W129/><G34/><T53/><D121/><U59/><E59/><V0/><F0/><W123/><G123/><T17/><D118/><U8/><E89/><V35/><F110/><W106/><G36/><T25/><D25/><U54/><E54/><V90/><F115/><W112/><G112/><T20/><D20/><U29/><E10/><V131/><F131/><W30/><G129/><T105/><D105/><U126/><E40/><V48/><F134/><W133/><G133/><T33/><D33/><U77/><E77/><V41/><F41/><W2/><G97/><T85/><REACH who="0" step="1"/><D85/><REACH who="0" ten="128,461,122,279" step="2"/><U12/><E107/><V68/><F35/><W88/><G74/><T61/><D61/><U103/><E22/><V62/><F32/><W132/><G73/><T111/><D111/><U86/><E27/><V124/><F31/><W71/><G23/><T28/><D28/><U98/><E29/><V6/><F72/><W114/><G63/><T60/><D60/><U116/><E86/><N who="2" m="50527" /><F124/><W79/><G30/><T11/><D11/><U104/><E8/><V135/><F135/><W128/><G132/><T21/><D21/><U13/><E126/><V14/><F69/><W87/><G71/><T93/><D93/><U9/><E70/><V122/><F122/><W44/><G128/><T91/><D91/><U76/><E104/><V108/><F108/><W7/><G114/><T127/><D127/><U99/><E9/><N who="2" m="4407" /><F68/><W109/><G109/><T49/><D49/><U119/><E116/><V125/><F125/><W130/><G130/><T51/><D51/><RYUUKYOKU ba="0,1" sc="128,15,461,-15,122,15,279,-15" hai0="16,17,18,37,42,47,50,53,58,80,82,92,102" hai2="48,55,56,62,67,94,95" /><INIT seed="6,1,1,2,3,104" ten="143,446,137,264" oya="2" hai0="58,24,38,74,50,95,110,96,35,125,73,135,29" hai1="13,41,5,107,45,64,16,33,121,52,51,97,42" hai2="114,14,68,27,86,70,102,21,109,91,39,40,9" hai3="101,69,78,84,124,111,2,28,32,71,79,92,25"/><V85/><F109/><W43/><G111/><T34/><D125/><U17/><E33/><V116/><F116/><W88/><G2/><T7/><D110/><U53/><E107/><V103/><F114/><W31/><G124/><T126/><D126/><U63/><E97/><V1/><F1/><W127/><G127/><T94/><D38/><U133/><E133/><V115/><F115/><W89/><G101/><T37/><D37/><U57/><E121/><V123/><F123/><W62/><G43/><N who="1" m="16394" /><E64/><V132/><F132/><W75/><G31/><T66/><D35/><U112/><E112/><V130/><F130/><W134/><G134/><T61/><D95/><U6/><E17/><V0/><F0/><W36/><G36/><T46/><D7/><U48/><E51/><V18/><F103/><W59/><G75/><T77/><D77/><U76/><E76/><V65/><F102/><W99/><G71/><T105/><D105/><U12/><E12/><V4/><F85/><W15/><G15/><T60/><D60/><U120/><E120/><V128/><F65/><W131/><G69/><T47/><D135/><U90/><E90/><V122/><F128/><W55/><REACH who="3" step="1"/><G131/><REACH who="3" ten="143,446,137,254" step="2"/><T100/><REACH who="0" step="1"/><D47/><REACH who="0" ten="133,446,137,254" step="2"/><U44/><E45/><N who="2" m="23711" /><F122/><W129/><G129/><T20/><D20/><AGARI ba="1,3" hai="5,6,13,16,20,44,48,52,53,57,63" m="16394" machi="20" ten="30,3900,0" yaku="8,1,54,2" doraHai="104" who="1" fromWho="0" sc="133,-42,446,72,137,0,254,0" /><INIT seed="7,0,0,3,5,98" ten="91,518,137,254" oya="3" hai0="76,93,77,102,97,38,10,107,94,34,22,2,42" hai1="21,56,99,30,109,113,4,110,16,32,128,1,82" hai2="81,67,65,87,69,125,59,119,60,129,46,51,6" hai3="118,35,7,71,63,79,100,15,36,17,52,124,86"/><W80/><G118/><T57/><D34/><U37/><E37/><V55/><F119/><W84/><G36/><T50/><D38/><U133/><E82/><V43/><F125/><W45/><G35/><T66/><D107/><U18/><E56/><V48/><F129/><W120/><G120/><T5/><D22/><U115/><E99/><V101/><F101/><W44/><G124/><T3/><D3/><U27/><E133/><V33/><F33/><W68/><G7/><T104/><D104/><U29/><E128/><V116/><F116/><W122/><G122/><T53/><D42/><U108/><E30/><V127/><F127/><W61/><G100/><T91/><REACH who="0" step="1"/><D66/><REACH who="0" ten="81,518,137,254" step="2"/><U131/><E131/><V72/><F67/><W74/><G74/><T96/><AGARI ba="0,1" hai="2,5,10,50,53,57,76,77,91,93,94,96,97,102" machi="96" ten="20,8000,1" yaku="1,1,2,1,0,1,7,1,52,1,53,0" doraHai="98" doraHaiUra="78" who="0" fromWho="0" sc="81,90,518,-20,137,-20,254,-40" owari="171,-23.0,498,60.0,117,-38.0,214,1.0" /></mjloggm>