<mjloggm ver="2.3"><GO type="41" lobby="0"/><UN n0="%E3%82%86%E3%81%84%E2%99%AA" n1="%E2%93%9D%53%75%70%68%78" n2="%65%72%79%6E%67%69%75%6D" n3="%E3%81%A8%E3%82%89%E3%81%A1%E3%82%83%E3%82%93" dan="14,18,15,14" rate="1939.84,2119.28,1879.86,1944.15" sx="F,M,M,M"/><TAIKYOKU oya="0"/><INIT seed="0,0,0,4,3,72" ten="250,250,250,250" oya="0" hai0="17,83,112,88,10,52,81,86,40,93,70,79,20" hai1="60,95,125,114,115,99,55,36,103,21,3,9,126" hai2="41,27,31,104,128,0,39,80,56,94,84,111,68" hai3="18,82,109,64,50,105,37,24,2,117,59,116,108"/><T23/><D112/><N who="1" m="43051" /><E21/><V90/><F104/><W102/><G2/><T119/><D119/><U129/><E36/><V7/><F128/><W69/><G37/><T120/><D120/><U6/><E129/><V121/><F121/><W62/><G82/><T1/><D70/><U92/><E92/><V48/><F39/><W107/><G102/><T67/><D67/><U113/><E113/><V63/><F68/><W32/><G18/><T58/><D40/><U134/><E134/><V22/><F0/><W127/><G59/><AGARI ba="0,0" hai="3,6,9,55,59,60,95,99,103,125,126" m="43051" machi="59" ten="30,1000,0" yaku="11,1" doraHai="72" who="1" fromWho="3" sc="250,0,250,10,250,0,250,-10" /><INIT seed="1,0,0,1,1,108" ten="250,260,250,240" oya="1" hai0="84,35,126,90,23,114,128,129,102,15,18,4,31" hai1="63,131,112,98,83,6,118,50,116,104,29,0,127" hai2="58,82,3,43,122,55,22,51,12,103,16,53,48" hai3="61,8,42,30,67,87,86,111,78,10,115,117,69"/><U132/><E50/><V92/><F122/><W101/><G117/><T76/><D76/><U26/><E127/><V37/><F3/><W77/><G111/><T57/><D102/><U32/><E131/><V95/><F37/><W109/><G109/><T120/><D120/><U60/><E60/><V20/><F43/><W5/><G42/><T44/><D114/><U81/><E132/><V125/><F125/><W65/><G30/><T134/><D134/><U28/><E28/><V107/><F82/><W46/><G101/><T66/><D126/><U11/><E83/><V25/><F107/><W91/><G46/><T68/><D68/><U54/><E81/><V24/><F103/><W1/><G115/><T99/><D99/><U121/><E121/><V40/><F40/><W73/><G73/><T85/><D44/><U72/><E72/><V74/><F74/><W88/><G10/><T39/><D39/><U64/><E54/><V135/><F135/><W75/><G67/><T27/><D4/><U52/><E52/><V13/><F58/><W123/><G75/><T49/><D49/><U34/><E34/><V41/><F41/><W89/><REACH who="3" step="1"/><G123/><REACH who="3" ten="250,260,250,230" step="2"/><T21/><D129/><U7/><E112/><V59/><REACH who="2" step="1"/><F59/><REACH who="2" ten="250,260,240,230" step="2"/><W47/><G47/><T71/><D57/><U33/><E118/><V19/><AGARI ba="0,2" hai="12,13,16,19,20,22,24,25,48,51,53,55,92,95" machi="19" ten="25,12000,2" yaku="1,1,2,1,0,1,22,2,8,1,54,1,53,0" doraHai="108" doraHaiUra="56" who="2" fromWho="2" sc="250,-30,260,-60,240,140,230,-30" /><INIT seed="2,0,0,4,4,78" ten="220,200,380,200" oya="2" hai0="79,64,38,93,134,8,105,132,116,24,36,16,96" hai1="95,0,72,125,48,34,13,6,82,27,20,77,120" hai2="117,41,52,121,50,66,54,47,25,135,133,100,31" hai3="87,65,81,14,122,61,104,45,42,59,99,127,80"/><V12/><F121/><W18/><G127/><T109/><D105/><U126/><E120/><V90/><F117/><W2/><G2/><T51/><D116/><U33/><E95/><V91/><F100/><W37/><G122/><T86/><D109/><U5/><E48/><V1/><F1/><W28/><G87/><T73/><D73/><U74/><E0/><V53/><F12/><W23/><REACH who="3" step="1"/><G28/><REACH who="3" ten="220,200,380,190" step="2"/><T115/><D115/><U101/><E74/><V70/><F133/><W4/><G4/><T107/><D134/><U69/><E6/><V110/><F135/><W98/><G98/><T97/><D97/><U57/><E126/><V56/><F110/><W71/><G71/><T89/><D96/><U85/><E69/><V19/><F70/><W68/><G68/><T10/><D132/><U30/><E72/><V92/><F19/><W63/><G63/><T17/><D17/><U55/><E125/><V46/><F31/><W111/><G111/><T44/><D16/><U9/><REACH who="1" step="1"/><E101/><AGARI ba="0,1" hai="14,18,23,37,42,45,59,61,65,80,81,99,101,104" machi="101" ten="40,5200,0" yaku="1,1,52,2,53,0" doraHai="78" doraHaiUra="29" who="3" fromWho="1" sc="220,0,200,-52,380,0,190,62" /><INIT seed="3,0,0,4,3,104" ten="220,148,380,252" oya="3" hai0="65,129,130,81,13,34,38,40,77,16,27,125,93" hai1="49,84,68,88,21,123,75,30,19,4,122,23,131" hai2="74,17,24,3,9,61,57,52,83,110,36,95,14" hai3="18,100,91,69,20,80,114,25,107,116,67,103,63"/><W98/><G116/><T31/><D125/><U117/><E68/><V97/><F36/><W90/><G114/><T56/><D40/><U89/><E4/><V101/><F110/><W0/><G0/><T8/><D38/><U127/><E131/><V133/><F133/><W58/><G69/><T108/><D93/><U71/><E71/><V135/><F135/><W50/><G100/><T45/><D45/><U62/><E62/><V99/><F99/><W54/><REACH who="3" step="1"/><G80/><REACH who="3" ten="220,148,380,242" step="2"/><T33/><D108/><U82/><E117/><V66/><F3/><W128/><G128/><T118/><D118/><U64/><E82/><V112/><F83/><W39/><G39/><T87/><REACH who="0" step="1"/><D34/><REACH who="0" ten="210,148,380,242" step="2"/><U29/><E127/><V109/><F112/><W6/><G6/><T111/><D111/><U85/><E123/><V28/><F109/><W119/><G119/><T7/><D7/><U55/><E122/><V15/><F101/><W132/><G132/><T32/><D32/><U70/><E89/><V121/><F121/><W41/><G41/><T48/><D48/><U120/><E88/><V96/><F61/><AGARI ba="0,2" hai="8,13,16,27,31,33,56,61,65,77,81,87,129,130" machi="61" ten="40,5200,0" yaku="1,1,54,1,53,1" doraHai="104" doraHaiUra="53" who="0" fromWho="2" sc="210,72,148,0,380,-52,242,0" /><INIT seed="4,0,0,4,4,81" ten="282,148,328,242" oya="0" hai0="106,2,60,122,88,65,128,41,35,101,61,10,43" hai1="118,86,129,102,68,29,112,79,5,120,28,48,14" hai2="82,38,130,33,96,109,69,34,76,53,94,18,56" hai3="84,64,26,17,121,1,8,49,103,37,107,36,59"/><T21/><D128/><U93/><E118/><V47/><F69/><W55/><G103/><T23/><D122/><U45/><E120/><V63/><F109/><W90/><G107/><T46/><D35/><U25/><E68/><V3/><F3/><W115/><G121/><T32/><D32/><U92/><E112/><V12/><F130/><W58/><G115/><T15/><D2/><U83/><E129/><V13/><F13/><W73/><G73/><T42/><D106/><U24/><E24/><V0/><F0/><W132/><G1/><T135/><D101/><U7/><E7/><V99/><F38/><W125/><G125/><T89/><D46/><U66/><E66/><V71/><F47/><W40/><G40/><T9/><D135/><U114/><E114/><V113/><F71/><W97/><G97/><T131/><D131/><U70/><E70/><V31/><F31/><N who="1" m="11849" /><E25/><V22/><F99/><W117/><G117/><T52/><D52/><N who="1" m="29711" /><E102/><V126/><F113/><W108/><G132/><T95/><D89/><U127/><E127/><V119/><F126/><W98/><G98/><T54/><D54/><U80/><E80/><V6/><F6/><W104/><G104/><T124/><D124/><U50/><E50/><V20/><F119/><W100/><G100/><T133/><D133/><U4/><E4/><V72/><F22/><N who="0" m="8202" /><D65/><U116/><E116/><V67/><F67/><W75/><G75/><T39/><D39/><U57/><E57/><V30/><F30/><W78/><G37/><T134/><D134/><U44/><E44/><V16/><F18/><W123/><G36/><RYUUKYOKU ba="0,0" sc="282,-15,148,15,328,15,242,-15" hai1="5,14,79,83,86,92,93" hai2="12,16,20,33,34,53,56,63,72,76,82,94,96" /><INIT seed="5,1,0,2,3,62" ten="267,163,343,227" oya="1" hai0="89,73,66,121,125,49,75,114,111,16,60,78,54" hai1="17,30,41,23,15,37,1,109,11,69,55,33,59" hai2="4,6,127,122,64,132,63,44,47,124,31,116,130" hai3="21,79,92,119,80,128,134,88,3,2,9,12,68"/><U25/><E69/><N who="2" m="42143" /><F122/><W34/><G119/><T27/><D111/><U98/><E109/><V107/><F31/><W87/><G68/><T26/><D114/><U91/><E37/><V84/><F107/><W131/><G34/><T82/><D125/><N who="2" m="48202" /><F84/><W32/><G32/><T40/><D121/><U108/><E41/><V46/><F116/><W115/><G115/><T105/><D105/><U118/><E108/><V20/><F20/><W8/><G134/><T81/><D40/><U86/><E118/><V13/><F132/><W72/><G21/><T102/><D102/><U19/><E98/><V74/><F74/><W43/><G43/><T18/><D89/><U56/><E55/><V28/><F28/><W22/><G22/><T93/><D93/><U90/><E90/><V29/><F29/><W24/><G24/><T95/><D95/><U100/><BYE who="2" /><E100/><UN n2="%65%72%79%6E%67%69%75%6D" /><V133/><F133/><W5/><REACH who="3" step="1"/><G8/><REACH who="3" ten="267,163,343,217" step="2"/><T48/><D27/><U35/><E35/><V61/><F130/><AGARI ba="1,1" hai="2,3,5,9,12,72,79,80,87,88,92,128,130,131" machi="130" ten="40,8000,1" yaku="1,1,2,1,19,1,54,1,53,1" doraHai="62" doraHaiUra="7" who="3" fromWho="2" sc="267,0,163,0,343,-83,217,93" /><INIT seed="6,0,0,1,0,110" ten="267,163,260,310" oya="2" hai0="52,128,8,107,40,16,74,37,55,115,69,27,71" hai1="24,87,34,121,108,79,65,105,22,13,4,64,15" hai2="56,48,32,54,129,11,76,126,112,43,122,81,2" hai3="104,91,111,127,46,99,62,85,123,7,18,84,23"/><V57/><F57/><W50/><BYE who="2" /><G111/><UN n2="%65%72%79%6E%67%69%75%6D" /><T134/><D107/><U63/><E108/><V98/><F122/><W25/><G127/><T120/><D120/><U9/><E121/><V58/><F126/><W61/><G7/><T49/><D74/><U67/><E105/><V17/><F129/><W117/><G117/><T103/><D103/><U33/><E33/><V125/><F125/><W28/><G123/><T96/><D96/><U45/><E34/><V47/><F32/><W116/><G116/><T89/><D128/><U29/><E15/><V30/><F58/><W44/><G44/><T39/><D89/><U80/><REACH who="1" step="1"/><E45/><REACH who="1" ten="267,153,260,310" step="2"/><V133/><F133/><W21/><G104/><T73/><D134/><U31/><E31/><V53/><F30/><W94/><G85/><T60/><D73/><U3/><E3/><V114/><F2/><W90/><G28/><T119/><D119/><U93/><E93/><V75/><F54/><N who="3" m="30039" /><G23/><T72/><D55/><U130/><E130/><V101/><F43/><W70/><G70/><AGARI ba="0,1" hai="4,9,13,22,24,29,63,64,65,67,70,79,80,87" machi="70" ten="30,2000,0" yaku="1,1,7,1,53,0" doraHai="110" doraHaiUra="35" who="1" fromWho="3" sc="267,0,153,30,260,0,310,-20" /><INIT seed="7,0,0,3,0,5" ten="267,183,260,290" oya="3" hai0="90,64,28,59,135,101,24,78,95,54,106,31,103" hai1="110,23,26,102,130,132,125,41,43,36,48,34,100" hai2="80,104,27,129,38,107,56,22,105,44,82,3,21" hai3="63,58,84,52,42,0,128,113,117,133,123,92,116"/><W37/><G0/><T50/><D135/><U47/><E110/><V2/><F27/><W77/><G123/><T70/><D78/><U85/><E34/><V108/><F56/><W33/><G33/><T74/><D74/><U87/><E130/><V99/><F99/><W72/><G133/><T20/><D106/><U81/><E125/><V39/><F44/><W114/><G128/><T14/><D70/><U86/><E132/><V17/><F17/><W35/><G35/><T57/><D31/><U40/><E36/><N who="2" m="13867" /><F129/><W6/><G6/><T76/><D76/><U29/><REACH who="1" step="1"/><E81/><REACH who="1" ten="267,173,260,290" step="2"/><N who="2" m="31339" /><F108/><W45/><G72/><T65/><D14/><U53/><AGARI ba="0,1" hai="23,26,29,40,41,43,47,48,53,85,86,87,100,102" machi="53" ten="30,4000,0" yaku="1,1,0,1,8,1,53,0" doraHai="5" doraHaiUra="13" who="1" fromWho="1" sc="267,-10,173,50,260,-10,290,-20" /><INIT seed="8,0,0,0,3,17" ten="257,223,250,270" oya="0" hai0="27,121,21,0,1,51,91,107,95,65,94,130,6" hai1="2,32,117,126,72,57,119,46,62,9,34,43,129" hai2="5,49,40,39,71,131,112,82,96,44,109,42,89" hai3="68,59,111,15,31,79,87,54,61,64,133,81,35"/><T118/><D118/><N who="1" m="45067" /><E72/><V56/><F109/><W103/><G111/><T113/><D121/><U92/><E129/><V106/><F71/><W77/><G133/><T11/><D113/><U83/><E83/><V10/><F131/><W135/><G135/><T67/><D107/><U60/><E126/><V45/><F112/><W30/><G35/><N who="1" m="13354" /><E57/><V85/><F106/><W75/><G103/><T53/><D0/><U24/><E92/><V8/><F96/><W3/><G3/><T19/><D130/><U134/><E24/><V123/><F123/><W102/><G102/><T132/><D132/><U122/><E134/><V125/><F125/><W73/><G73/><T76/><D76/><U12/><E2/><V124/><F124/><W55/><G68/><T7/><D7/><N who="1" m="3135" /><E122/><V114/><F114/><W33/><G33/><T48/><D95/><U74/><E74/><V99/><F99/><W16/><G77/><T93/><D93/><U14/><E14/><V18/><F56/><W100/><G100/><T78/><D78/><U4/><E4/><V66/><F66/><W97/><G75/><T98/><REACH who="0" step="1"/><D51/><AGARI ba="0,0" hai="43,46,51,60,62" m="3135,13354,45067" machi="51" ten="30,1000,0" yaku="16,1" doraHai="17" who="1" fromWho="0" sc="257,-10,223,10,250,0,270,0" /><INIT seed="9,0,0,5,1,52" ten="247,233,250,270" oya="1" hai0="42,44,85,21,18,88,103,56,107,124,127,35,115" hai1="55,54,24,63,130,53,66,30,57,65,129,60,37" hai2="59,121,48,96,45,131,119,118,32,84,50,34,128" hai3="61,70,99,47,40,75,120,106,11,135,101,0,122"/><U83/><E83/><V76/><F121/><W13/><G135/><T73/><D73/><U5/><E5/><V95/><F76/><W15/><G75/><T72/><D72/><U6/><E6/><V90/><F84/><W111/><G111/><T36/><D35/><U7/><E7/><V26/><F26/><W22/><G0/><T133/><D115/><U87/><E87/><V81/><F81/><W100/><G11/><T31/><D31/><U49/><E37/><V92/><F92/><W116/><G116/><N who="2" m="44585" /><F50/><W14/><G22/><T9/><D9/><U28/><E28/><V4/><F4/><W51/><REACH who="3" step="1"/><G101/><REACH who="3" ten="247,233,250,260" step="2"/><T105/><D133/><U43/><E30/><V46/><F34/><W93/><G93/><T79/><D103/><U16/><E16/><V91/><F32/><W10/><G10/><T117/><D117/><U71/><E24/><V74/><F74/><W62/><G62/><T27/><D107/><U123/><E123/><V23/><F23/><W58/><G58/><T3/><D56/><U29/><E29/><V98/><F59/><W38/><G38/><T126/><D105/><U132/><E132/><V89/><F95/><W113/><G113/><T8/><D8/><U110/><E110/><V68/><F68/><W77/><G77/><T64/><D3/><U25/><E25/><V41/><F46/><AGARI ba="0,1" hai="43,46,49,53,54,55,57,60,63,65,66,71,129,130" machi="46" ten="40,12000,1" yaku="34,3,52,1" doraHai="52" who="1" fromWho="2" sc="247,0,233,130,250,-120,260,0" owari="247,-15.0,363,46.0,130,-37.0,260,6.0" /></mjloggm>