<mjloggm ver="2.3"><GO type="41" lobby="0"/><UN n0="%E2%93%9D%53%75%70%68%78" n1="%E8%A5%BF%E3%81%AE%E5%A5%B3" n2="%E3%81%B7%E3%81%88%E3%81%AC" n3="%E3%82%86%E3%81%88%E4%BC%9A%E9%95%B7" dan="18,15,14,13" rate="2158.43,2029.36,2003.05,1871.10" sx="M,M,M,F"/><TAIKYOKU oya="0"/><INIT seed="0,0,0,4,0,135" ten="250,250,250,250" oya="0" hai0="36,107,79,112,82,32,118,89,96,18,70,78,73" hai1="56,65,38,129,0,7,121,116,44,33,57,28,61" hai2="122,59,130,106,41,131,111,55,16,19,27,51,46" hai3="117,42,62,22,128,133,84,13,99,43,24,92,48"/><T67/><D36/><U5/><E116/><V109/><F122/><W87/><G13/><T134/><D32/><U53/><E121/><V127/><F106/><W14/><G117/><T101/><D118/><U6/><E0/><V20/><F19/><W64/><G128/><N who="2" m="49193" /><F127/><W90/><G14/><T105/><D18/><U108/><E108/><N who="2" m="41547" /><F59/><W50/><G133/><T45/><D45/><U12/><E12/><V93/><F93/><W1/><G1/><T58/><D58/><U98/><E129/><V102/><F102/><W71/><G50/><T97/><D134/><U63/><E98/><V100/><F100/><W54/><G43/><AGARI ba="0,0" hai="16,20,27,41,43,46,51,55" m="41547,49193" machi="43" ten="30,3900,0" yaku="19,1,14,1,54,1" doraHai="135" who="2" fromWho="3" sc="250,0,250,0,250,39,250,-39" /><INIT seed="1,0,0,5,4,17" ten="250,250,289,211" oya="1" hai0="99,111,40,104,10,76,49,38,74,135,45,19,114" hai1="134,2,15,52,83,85,126,34,93,4,117,8,30" hai2="115,77,3,7,53,54,112,118,81,24,62,80,86" hai3="44,129,20,56,113,28,98,60,127,90,43,14,87"/><U97/><E117/><V102/><F118/><W107/><G107/><T96/><D114/><U67/><E126/><V11/><F102/><W21/><G113/><N who="2" m="43593" /><F62/><W1/><G1/><T122/><D135/><U133/><E67/><V119/><F119/><W123/><G123/><T105/><D111/><U39/><E39/><V35/><F35/><W71/><G71/><T26/><D38/><U50/><E30/><V22/><F81/><W75/><G75/><T37/><D37/><U128/><E34/><V121/><F121/><W130/><G98/><T13/><D122/><U33/><E33/><V65/><F65/><W132/><G132/><N who="1" m="50794" /><E128/><N who="3" m="49258" /><G28/><AGARI ba="0,0" hai="3,7,11,22,24,28,53,54,77,80,86" m="43593" machi="28" ten="30,2000,0" yaku="11,1,52,1" doraHai="17" who="2" fromWho="3" sc="250,0,250,0,289,20,211,-20" /><INIT seed="2,0,0,2,3,45" ten="250,250,309,191" oya="2" hai0="104,93,61,16,30,66,0,31,52,89,125,111,23" hai1="59,116,28,86,27,99,123,60,85,122,22,17,121" hai2="112,105,15,1,73,54,10,40,82,26,65,124,129" hai3="133,46,9,94,14,55,91,113,48,101,44,108,78"/><V12/><F112/><W2/><G2/><T3/><D104/><U95/><E116/><V135/><F124/><W98/><G113/><T102/><D102/><U71/><E71/><V103/><F129/><W62/><G133/><T41/><D41/><U32/><E32/><V83/><F135/><W80/><G108/><T134/><D134/><U67/><REACH who="1" step="1"/><E17/><REACH who="1" ten="250,240,309,191" step="2"/><V36/><F1/><W5/><G62/><T13/><D3/><U118/><E118/><V130/><F130/><W76/><G46/><T6/><D0/><U127/><E127/><V18/><F26/><W84/><AGARI ba="0,1" hai="5,9,14,44,48,55,76,78,80,84,91,94,98,101" machi="84" ten="30,4000,0" yaku="0,1,8,1,52,1" doraHai="45" who="3" fromWho="3" sc="250,-10,240,-10,309,-20,191,50" /><INIT seed="3,0,0,0,5,119" ten="240,230,289,241" oya="3" hai0="133,65,61,50,21,122,80,42,75,53,121,58,88" hai1="57,115,95,128,23,2,45,8,43,33,1,127,11" hai2="85,118,36,17,27,69,0,134,100,70,84,114,39" hai3="63,123,129,28,105,20,55,13,131,125,113,66,31"/><W86/><G86/><T35/><D35/><U29/><E115/><V104/><F118/><W48/><G105/><T89/><D42/><U96/><E127/><V90/><F114/><W12/><G113/><T93/><D133/><U117/><E117/><V34/><F0/><W109/><G125/><T98/><D21/><U56/><E33/><V120/><F134/><W132/><G132/><T51/><D51/><U10/><E1/><V107/><F100/><W19/><G13/><T82/><D89/><U18/><E29/><V62/><F62/><W91/><G91/><T76/><REACH who="0" step="1"/><D82/><REACH who="0" ten="230,230,289,241" step="2"/><U81/><E81/><V64/><F34/><W5/><G109/><T110/><D110/><U71/><E23/><V73/><F90/><W22/><G22/><T103/><D103/><U135/><E135/><V67/><F27/><W83/><G83/><T9/><D9/><U3/><E3/><V49/><F49/><W106/><G31/><T79/><D79/><U126/><E2/><V101/><F101/><W108/><G28/><T16/><D16/><U14/><E8/><V30/><F17/><W116/><G108/><T47/><AGARI ba="0,1" hai="47,50,53,58,61,65,75,76,80,88,93,98,121,122" machi="47" ten="20,12000,2" yaku="1,1,0,1,7,1,52,2,54,1,53,1" doraHai="119" doraHaiUra="54" who="0" fromWho="0" sc="230,130,230,-30,289,-30,241,-60" /><INIT seed="4,0,0,0,5,45" ten="360,200,259,181" oya="0" hai0="114,2,102,44,56,71,98,79,132,12,16,61,63" hai1="113,13,124,109,89,104,25,38,59,55,77,78,80" hai2="97,110,112,3,133,58,68,36,72,19,85,26,108" hai3="76,127,18,24,52,111,117,101,35,10,115,135,62"/><T7/><D114/><U53/><E109/><V41/><F112/><W14/><G101/><T100/><D132/><U1/><E1/><V67/><F133/><W9/><G135/><T42/><D79/><U74/><E38/><V123/><F72/><W48/><G115/><T83/><D71/><U81/><E104/><V84/><F123/><W64/><G111/><T11/><D83/><U93/><E124/><V88/><F3/><W134/><G134/><T107/><D102/><U118/><E118/><V34/><F68/><W129/><G117/><T121/><D56/><U119/><E119/><V70/><F70/><W6/><G127/><T22/><REACH who="0" step="1"/><D121/><REACH who="0" ten="350,200,259,181" step="2"/><U46/><E113/><V43/><F110/><W32/><G76/><T57/><D57/><U69/><E69/><V5/><F58/><W120/><G120/><T128/><D128/><U125/><E125/><V33/><F108/><W66/><G129/><T47/><D47/><U49/><E80/><V30/><F67/><W37/><G66/><T106/><D106/><U91/><E78/><V94/><F43/><W23/><G64/><T8/><D8/><U54/><E59/><V131/><F131/><W27/><G62/><T126/><D126/><U103/><E103/><V21/><F41/><W92/><G10/><T4/><D4/><U82/><E82/><V73/><F5/><W95/><G6/><T99/><D99/><U90/><E81/><V87/><F73/><W29/><G9/><T60/><D60/><U20/><E74/><V40/><F40/><W75/><G75/><T116/><D116/><U65/><E77/><RYUUKYOKU ba="0,1" sc="350,30,200,-10,259,-10,181,-10" hai0="2,7,11,12,16,22,42,44,61,63,98,100,107" /><INIT seed="4,1,1,3,5,71" ten="380,190,249,171" oya="0" hai0="95,94,121,49,67,93,51,135,60,106,72,99,40" hai1="10,46,65,1,90,126,125,47,116,102,48,11,56" hai2="69,61,87,54,97,15,70,33,31,73,39,50,107" hai3="124,19,4,68,32,100,43,30,3,29,76,133,63"/><T28/><D121/><U53/><E116/><V114/><F73/><W74/><G19/><T119/><D135/><U58/><E102/><V38/><F114/><W37/><G100/><T16/><D28/><U22/><E22/><V104/><F87/><W27/><G30/><T130/><D130/><U118/><E118/><V18/><F97/><W75/><G133/><T2/><D2/><U42/><E90/><V98/><F69/><W26/><G26/><T88/><D106/><U21/><E21/><V41/><F107/><W83/><G124/><N who="1" m="47722" /><E1/><V64/><F41/><W110/><G75/><T123/><D40/><U127/><N who="1" m="47730" /><U108/><DORA hai="13" /><E108/><V5/><F5/><W80/><G80/><T131/><D95/><U115/><E10/><V103/><F31/><W14/><G14/><T24/><D94/><U78/><E11/><V122/><F33/><W134/><G134/><T9/><D9/><U20/><E20/><V66/><F66/><N who="3" m="41055" /><G4/><T23/><D119/><U109/><E78/><V132/><F132/><W129/><G3/><T117/><D117/><U25/><E25/><V62/><F62/><W6/><G6/><T59/><D24/><U44/><E109/><V34/><F34/><W55/><G110/><T113/><D23/><U89/><E89/><V8/><REACH who="2" step="1"/><F122/><REACH who="2" ten="380,190,239,171" step="2"/><W81/><G129/><T101/><D131/><U79/><E115/><V12/><F12/><W7/><G7/><T86/><D113/><U82/><E42/><V52/><F52/><W45/><G55/><T91/><D123/><U120/><E120/><V0/><F0/><W36/><G83/><RYUUKYOKU ba="1,2" sc="380,-15,190,-15,239,15,171,15" hai2="8,15,18,38,39,50,54,61,64,70,98,103,104" hai3="27,29,32,36,37,43,45,74,76,81" /><INIT seed="5,2,2,4,3,97" ten="365,175,254,186" oya="1" hai0="33,86,64,40,22,37,77,123,87,15,57,54,27" hai1="96,39,125,61,26,85,50,2,45,110,91,130,21" hai2="63,121,0,106,101,82,126,118,41,81,14,93,23" hai3="131,117,46,124,89,55,9,67,5,7,134,70,51"/><U71/><E2/><V127/><F0/><W128/><G70/><T75/><D33/><U109/><E130/><N who="3" m="49706" /><G117/><T38/><D75/><U49/><E125/><V1/><F1/><W19/><G67/><T76/><D40/><U83/><E39/><V119/><F121/><W84/><G124/><N who="2" m="47657" /><F41/><W133/><G19/><T94/><D64/><U42/><E50/><V59/><F106/><W17/><G17/><T32/><D32/><U34/><E34/><V53/><F23/><W28/><G28/><T66/><D66/><U113/><E113/><V104/><F104/><W29/><G29/><T65/><D65/><U36/><E36/><V78/><F14/><N who="3" m="5423" /><G7/><T25/><D15/><U111/><E61/><V8/><F8/><W114/><G114/><T58/><D22/><U88/><E71/><V60/><F60/><W132/><G132/><T47/><D123/><U69/><E69/><V31/><F31/><W52/><G55/><T18/><D18/><N who="1" m="12599" /><E96/><N who="2" m="59535" /><F82/><AGARI ba="2,2" hai="46,51,52,82,84,89,133,134" m="5423,49706" machi="82" ten="30,2000,0" yaku="19,1,54,1" doraHai="97" who="3" fromWho="2" sc="365,0,175,0,254,-26,186,46" /><INIT seed="6,0,0,5,2,134" ten="365,175,228,232" oya="2" hai0="124,75,128,73,106,114,15,19,34,55,98,101,21" hai1="31,42,26,92,133,84,68,127,33,22,62,4,103" hai2="46,78,11,112,95,59,20,123,63,69,64,30,58" hai3="24,36,94,86,54,105,85,79,2,49,1,83,90"/><V40/><F123/><W60/><G36/><T41/><D124/><U131/><E133/><V110/><F112/><W65/><G105/><T108/><D108/><U38/><E131/><V120/><F110/><W111/><G111/><T109/><D34/><U56/><E68/><V129/><F120/><W104/><G104/><T74/><D41/><U102/><E33/><V70/><F129/><W52/><G24/><T18/><D109/><U8/><E42/><V9/><F78/><W44/><REACH who="3" step="1"/><G54/><REACH who="3" ten="365,175,228,222" step="2"/><T80/><D55/><U81/><E38/><V91/><F70/><AGARI ba="0,1" hai="1,2,44,49,52,60,65,70,79,83,85,86,90,94" machi="70" ten="30,8000,1" yaku="1,1,2,1,7,1,54,1,53,1" doraHai="134" doraHaiUra="87" who="3" fromWho="2" sc="365,0,175,0,228,-80,222,90" /><INIT seed="7,0,0,1,3,75" ten="365,175,148,312" oya="3" hai0="24,126,44,81,12,71,132,130,53,85,121,66,89" hai1="9,63,70,114,102,32,51,91,60,94,93,79,21" hai2="118,36,29,42,131,38,123,82,99,20,2,77,113" hai3="39,25,47,31,23,3,119,11,134,84,108,4,65"/><W54/><G65/><T26/><D121/><U115/><E32/><V48/><F123/><W64/><G64/><T43/><D130/><U35/><E35/><V103/><F118/><W67/><G119/><T109/><D109/><U55/><E70/><V83/><F113/><N who="1" m="43017" /><E79/><V122/><F2/><W46/><G108/><T133/><D126/><U96/><E21/><V59/><F131/><W101/><G67/><T30/><D53/><U129/><E9/><V69/><F69/><W98/><G39/><T88/><D12/><U56/><E129/><V62/><F122/><W106/><G134/><N who="0" m="51819" /><D89/><U72/><E72/><V73/><F83/><W86/><G54/><T1/><D1/><U104/><E104/><V124/><F124/><W40/><REACH who="3" step="1"/><G47/><REACH who="3" ten="365,175,148,302" step="2"/><T50/><D66/><U13/><E55/><V87/><F73/><W57/><G57/><T16/><D71/><U111/><E111/><V17/><F42/><W19/><G19/><T95/><D16/><U117/><E117/><V107/><F29/><W5/><G5/><T27/><D81/><U61/><E56/><V0/><F0/><W14/><G14/><T120/><D120/><U100/><E13/><V125/><F125/><W90/><G90/><T135/><D135/><U76/><E102/><V78/><F38/><W128/><G128/><T6/><D6/><U127/><E127/><V97/><F36/><W33/><G33/><AGARI ba="0,1" hai="24,26,27,30,33,43,44,50,85,88,95" m="51819" machi="33" ten="30,2000,0" yaku="20,1,54,1" doraHai="75" who="0" fromWho="3" sc="365,30,175,0,148,0,302,-20" owari="395,49.0,175,-22.0,148,-35.0,282,8.0" /></mjloggm>