<mjloggm ver="2.3"><GO type="41" lobby="0"/><UN n0="%E2%93%9D%53%75%70%68%78" n1="%E3%81%AA%E3%81%84%E3%81%A8%E2%98%86" n2="%44%4A%41%4E%47%4F" n3="%E3%81%AE%E3%81%B3%E5%A4%AA%E3%81%8F%E3%82%93" dan="18,15,15,14" rate="2123.94,1969.31,2018.10,1941.85" sx="M,M,M,M"/><TAIKYOKU oya="0"/><INIT seed="0,0,0,1,5,56" ten="250,250,250,250" oya="0" hai0="100,83,42,64,53,82,57,125,51,96,105,85,49" hai1="84,4,104,39,95,18,103,118,129,89,131,122,29" hai2="108,76,26,67,31,54,87,119,134,90,52,135,37" hai3="101,127,112,78,116,114,94,133,109,130,22,50,132"/><T8/><D125/><U28/><E39/><V110/><F37/><W91/><G50/><T11/><D83/><U117/><E4/><V16/><F76/><W88/><G22/><T6/><D64/><U55/><E55/><V0/><F0/><W25/><G25/><T24/><D24/><U121/><E18/><V97/><F97/><N who="3" m="59575" /><G127/><T12/><D11/><U92/><E28/><V99/><F99/><W17/><G17/><T73/><D73/><U69/><E69/><V115/><F115/><N who="3" m="44075" /><G116/><N who="1" m="44650" /><E104/><V70/><F119/><W80/><G109/><N who="2" m="42089" /><F67/><W44/><G44/><T23/><D23/><U65/><E65/><V58/><F70/><W102/><G102/><T120/><D42/><U45/><E45/><V126/><F126/><W63/><G63/><T40/><D40/><U19/><E19/><V13/><F26/><W66/><G130/><N who="1" m="49674" /><E29/><V46/><F31/><W14/><G14/><T86/><D51/><U48/><E48/><N who="2" m="30983" /><F54/><W30/><G30/><T32/><D53/><U36/><E36/><V107/><F46/><W7/><G7/><T128/><D128/><U79/><E79/><V15/><F15/><W124/><G124/><T111/><D111/><U74/><E74/><V5/><F5/><W93/><G66/><T1/><D12/><U2/><E2/><V60/><F60/><W61/><G61/><T123/><D49/><U43/><E43/><V34/><F107/><W68/><G68/><T33/><D57/><U106/><E106/><V21/><F34/><N who="0" m="13418" /><D1/><U59/><E59/><V10/><F21/><W81/><G78/><N who="0" m="46295" /><D6/><U38/><E38/><V47/><F47/><RYUUKYOKU ba="0,0" sc="250,-15,250,15,250,15,250,-15" hai1="84,89,92,95,103,121,122" hai2="10,13,16,87,90,134,135" /><INIT seed="1,1,0,3,5,72" ten="235,265,265,235" oya="1" hai0="5,10,11,111,3,9,91,131,29,86,106,8,68" hai1="99,60,90,57,23,81,101,116,104,33,83,87,127" hai2="92,37,30,4,70,71,38,39,1,96,16,42,122" hai3="75,98,55,114,12,133,15,51,128,28,24,78,109"/><U124/><E116/><V45/><F122/><W108/><G114/><T102/><D111/><N who="3" m="42569" /><G128/><T93/><D68/><U85/><E33/><V110/><F110/><W79/><G75/><T31/><REACH who="0" step="1"/><D131/><REACH who="0" ten="225,265,265,235" step="2"/><U126/><E23/><V58/><F70/><W105/><G133/><T89/><D89/><N who="1" m="51375" /><E57/><V59/><F71/><W123/><G123/><T113/><D113/><U40/><E40/><V44/><F59/><N who="3" m="33279" /><G98/><AGARI ba="1,1" hai="3,5,8,9,10,11,29,31,86,91,93,98,102,106" machi="98" ten="40,2600,0" yaku="1,1,53,1" doraHai="72" doraHaiUra="35" who="0" fromWho="3" sc="225,39,265,0,265,0,235,-29" /><INIT seed="2,0,0,4,1,0" ten="264,265,265,206" oya="2" hai0="118,113,90,42,79,13,5,86,33,104,15,73,44" hai1="85,115,64,76,21,28,89,54,92,39,66,59,80" hai2="72,122,31,105,25,63,22,71,65,103,93,124,127" hai3="88,83,94,78,45,24,11,126,1,48,95,121,120"/><V30/><F122/><W40/><G126/><N who="2" m="48169" /><F72/><W62/><G95/><T43/><D33/><U134/><E134/><V129/><F129/><W2/><G24/><T81/><D113/><U130/><E39/><V34/><F105/><W18/><G2/><T108/><D108/><U58/><E115/><V51/><F51/><W46/><G62/><T123/><D118/><U68/><E68/><V16/><F34/><W132/><G132/><T109/><D109/><U119/><E119/><V131/><F131/><W102/><G102/><T100/><D43/><U112/><E112/><V17/><F17/><W20/><G46/><T6/><D123/><U128/><E128/><V97/><AGARI ba="0,0" hai="16,22,25,30,31,63,65,71,93,97,103" m="48169" machi="97" ten="30,3000,0" yaku="18,1,54,1" doraHai="0" who="2" fromWho="2" sc="264,-10,265,-10,265,30,206,-10" /><INIT seed="2,1,0,0,3,100" ten="254,255,295,196" oya="2" hai0="128,65,116,0,67,24,81,34,48,26,60,97,38" hai1="90,50,1,119,42,53,62,39,10,112,2,106,83" hai2="121,125,32,98,25,135,69,115,133,21,110,80,74" hai3="72,107,127,123,29,5,102,8,4,104,118,40,68"/><V45/><F121/><W134/><G118/><T11/><D38/><U47/><E112/><V94/><F32/><W54/><G123/><T33/><D128/><U86/><E106/><V27/><F115/><W79/><G102/><T57/><D48/><U126/><E119/><V9/><F69/><W43/><G29/><T36/><D36/><U71/><E126/><V17/><F125/><W7/><G68/><T73/><D97/><U114/><E114/><V70/><F70/><W64/><G127/><T58/><D11/><U109/><E109/><V82/><F45/><W55/><G64/><T96/><D96/><U95/><E95/><V49/><F49/><W105/><G8/><T14/><D14/><U89/><E89/><V15/><F27/><W12/><G12/><T51/><D51/><U28/><E28/><V16/><F110/><W31/><G31/><T77/><D0/><U63/><E63/><V18/><F18/><W56/><G134/><N who="2" m="51209" /><F74/><W3/><G3/><T130/><D116/><U46/><REACH who="1" step="1"/><E10/><REACH who="1" ten="254,245,295,196" step="2"/><V13/><F25/><W103/><G103/><AGARI ba="1,1" hai="9,13,15,16,17,21,80,82,94,98,103" m="51209" machi="103" ten="30,2900,0" yaku="20,1,54,1" doraHai="100" who="2" fromWho="3" sc="254,0,245,0,295,42,196,-32" /><INIT seed="2,2,0,5,0,90" ten="254,245,337,164" oya="2" hai0="73,133,112,125,96,114,110,22,41,103,24,48,88" hai1="95,55,52,86,113,2,49,104,56,46,10,21,12" hai2="20,108,130,79,35,54,34,63,6,102,129,135,29" hai3="3,64,84,14,70,109,123,36,93,33,11,134,9"/><V38/><F38/><W26/><G36/><T40/><D73/><U78/><E113/><V59/><F79/><W8/><G123/><T19/><D110/><U81/><E104/><V43/><F43/><W30/><G109/><T66/><D133/><U1/><E21/><V85/><F108/><W77/><G134/><T121/><D121/><U80/><E80/><V68/><F68/><W124/><G124/><T58/><D125/><U47/><E47/><V105/><F135/><W87/><G77/><T106/><D114/><U25/><E25/><N who="2" m="16551" /><F85/><W45/><G45/><T82/><D112/><U23/><E23/><V50/><F6/><W118/><G118/><T37/><D37/><U60/><REACH who="1" step="1"/><E95/><REACH who="1" ten="254,235,337,164" step="2"/><V69/><F34/><W101/><G33/><T42/><D82/><U74/><E74/><V111/><F35/><W120/><G93/><T117/><D117/><U128/><E128/><N who="2" m="49259" /><F111/><W97/><G120/><T75/><D75/><U61/><E61/><V62/><F69/><W53/><G70/><T92/><D106/><U39/><E39/><V27/><F27/><W126/><G126/><T131/><D131/><U51/><E51/><V100/><F105/><W122/><G122/><T7/><D48/><U115/><E115/><V5/><F62/><W98/><G26/><T107/><D107/><U91/><E91/><V76/><F76/><W17/><G101/><N who="2" m="39017" /><F63/><W28/><G28/><T16/><D103/><U119/><E119/><V132/><F132/><W57/><G30/><T65/><D24/><U31/><E31/><V13/><F50/><W116/><G116/><T67/><D88/><RYUUKYOKU ba="2,1" sc="254,-10,235,30,337,-10,164,-10" hai1="1,2,10,12,46,49,52,55,56,60,78,81,86" /><INIT seed="3,3,1,4,5,106" ten="244,265,327,154" oya="3" hai0="44,7,52,11,36,89,112,68,32,101,118,131,100" hai1="61,31,28,84,92,109,37,51,53,77,69,99,57" hai2="108,85,110,4,43,29,65,64,113,103,54,72,70" hai3="78,93,58,96,8,19,24,34,42,81,122,71,67"/><W50/><G122/><T38/><D32/><U124/><E109/><N who="2" m="42091" /><F29/><W133/><G71/><T98/><D118/><U132/><E124/><V45/><F4/><W79/><G133/><T75/><D68/><U115/><E132/><V1/><F1/><W88/><G34/><T6/><D131/><U119/><E115/><V56/><F103/><W55/><G67/><N who="2" m="25673" /><F85/><N who="3" m="48311" /><G79/><T60/><D101/><U14/><E37/><N who="2" m="21743" /><F70/><W127/><G127/><T125/><D100/><U12/><E69/><V111/><F111/><W5/><G42/><T23/><D125/><U120/><E120/><V135/><F135/><W39/><G39/><T102/><D38/><U121/><E121/><V134/><F134/><W90/><G5/><T66/><D7/><U2/><E2/><V15/><F15/><N who="3" m="7655" /><G24/><T49/><D36/><U87/><E119/><V86/><F86/><W35/><G35/><T117/><D117/><U40/><E12/><V62/><F113/><W27/><G27/><T10/><D6/><U114/><E14/><V46/><F46/><W97/><G90/><T0/><D89/><N who="1" m="55695" /><E114/><V130/><F130/><W74/><G74/><AGARI ba="3,1" hai="54,56,62,72,74" m="21743,25673,42091" machi="74" ten="30,3900,0" yaku="14,1,52,2" doraHai="106" who="2" fromWho="3" sc="244,0,265,0,327,58,154,-48" /><INIT seed="4,0,0,3,3,75" ten="244,265,385,106" oya="0" hai0="80,40,117,56,74,6,18,51,77,36,98,19,28" hai1="11,105,130,71,62,118,76,58,65,53,87,134,93" hai2="26,61,127,125,46,27,96,91,12,29,131,52,124" hai3="107,39,106,22,20,70,38,5,59,133,3,92,48"/><T45/><D117/><U73/><E118/><V69/><F131/><W103/><G70/><T101/><D28/><U43/><E105/><V1/><F1/><W109/><G92/><T8/><D51/><U81/><E130/><V85/><F96/><W84/><G48/><T129/><D56/><U30/><E134/><V89/><F69/><W14/><G59/><T102/><D129/><U128/><E30/><V21/><F26/><W132/><G84/><T79/><D79/><U110/><E110/><V112/><F112/><W119/><G14/><T41/><D41/><U100/><E43/><V123/><F123/><W50/><G50/><T4/><D4/><U108/><E108/><V44/><F12/><W34/><G103/><T10/><D10/><U33/><E33/><V16/><F29/><W25/><G25/><T63/><D63/><U99/><E128/><V64/><F89/><W9/><G119/><T13/><REACH who="0" step="1"/><D102/><REACH who="0" ten="234,265,385,106" step="2"/><U17/><E11/><V57/><F64/><W83/><G109/><T55/><D55/><U31/><E31/><V95/><AGARI ba="0,1" hai="16,21,27,44,46,52,57,61,85,91,95,124,125,127" machi="95" ten="30,7900,0" yaku="0,1,18,1,54,2" doraHai="75" who="2" fromWho="2" sc="234,-39,265,-20,385,89,106,-20" /><INIT seed="5,0,0,5,3,84" ten="195,245,474,86" oya="1" hai0="102,27,75,0,60,132,37,133,12,122,35,46,85" hai1="9,74,87,107,6,135,81,101,57,29,110,49,38" hai2="106,15,55,25,134,17,65,115,83,16,24,22,33" hai3="62,26,120,80,77,3,43,20,18,131,31,108,94"/><U78/><E135/><V34/><F106/><W54/><G120/><T63/><D0/><U73/><E110/><V39/><F39/><W28/><G108/><T116/><D75/><U104/><E38/><V53/><F65/><W21/><G3/><T125/><D125/><U111/><E111/><V113/><F134/><W126/><G131/><T13/><D116/><U86/><E29/><V42/><F42/><W67/><G43/><T68/><D85/><U76/><E74/><V48/><F83/><W10/><G126/><T123/><D102/><U117/><E73/><V92/><F92/><W32/><G54/><N who="2" m="20489" /><F48/><W5/><G31/><T2/><D2/><U23/><E23/><N who="2" m="13415" /><F15/><W118/><G118/><T36/><D27/><U30/><E30/><V100/><F100/><W129/><G129/><T96/><D133/><U91/><E117/><V52/><N who="2" m="20497" /><V44/><DORA hai="99" /><F44/><W11/><G94/><T51/><D46/><U59/><E49/><V61/><F61/><W72/><G32/><T109/><D109/><U45/><E45/><V97/><F97/><W58/><REACH who="3" step="1"/><G5/><REACH who="3" ten="195,245,474,76" step="2"/><T121/><D132/><U105/><E101/><V112/><AGARI ba="0,1" hai="17,22,25,33,34,112,113,115" m="13415,20497" machi="112" ten="40,8000,1" yaku="15,1,11,1,54,2" doraHai="84,99" who="2" fromWho="2" sc="195,-20,245,-40,474,90,76,-20" /><INIT seed="6,0,0,2,1,114" ten="175,205,564,56" oya="2" hai0="79,6,49,40,113,85,101,119,59,92,132,68,13" hai1="126,107,52,14,38,89,37,18,15,106,1,108,84" hai2="67,51,9,121,16,111,133,25,112,20,75,39,80" hai3="74,82,5,135,47,23,17,103,88,93,71,60,19"/><V122/><F112/><W90/><G135/><T134/><D68/><U11/><E108/><V64/><F39/><W21/><G5/><T36/><D36/><U43/><E1/><V29/><F133/><W104/><G104/><T7/><D113/><U115/><E115/><V110/><F51/><W76/><G47/><T10/><D119/><U22/><E126/><V123/><F75/><W58/><G71/><T44/><D7/><U28/><E43/><V57/><F80/><W34/><G34/><T109/><D109/><N who="2" m="41482" /><F57/><W96/><G23/><T56/><D134/><U95/><E28/><V120/><F120/><W78/><G78/><T27/><D132/><U65/><E65/><V77/><F77/><W54/><REACH who="3" step="1"/><G19/><REACH who="3" ten="175,205,564,46" step="2"/><T117/><D79/><U124/><E107/><V2/><F29/><W55/><G55/><T102/><D6/><AGARI ba="0,1" hai="2,6,9,16,20,25,64,67,121,122,123" m="41482" machi="6" ten="40,3900,0" yaku="10,1,54,1" doraHai="114" who="2" fromWho="0" sc="175,-39,205,0,564,49,46,0" /><INIT seed="6,1,0,1,4,70" ten="136,205,613,46" oya="2" hai0="59,117,32,128,46,24,90,115,26,87,85,58,106" hai1="92,2,20,38,3,77,82,84,21,28,65,41,83" hai2="29,88,6,91,8,18,27,66,62,4,57,47,81" hai3="60,51,31,30,107,13,42,16,44,11,71,112,111"/><V49/><F18/><W14/><G111/><T95/><D106/><U67/><E92/><V116/><F116/><W98/><G112/><T124/><D32/><U127/><E127/><V40/><F81/><W12/><G12/><T25/><D128/><U134/><E134/><V61/><F61/><W100/><G71/><T133/><D133/><U110/><E84/><V56/><F56/><W72/><G72/><T33/><D33/><U101/><E41/><V45/><F45/><W126/><G126/><T10/><D115/><U48/><E48/><V125/><F125/><W0/><G0/><T114/><D117/><U96/><E96/><V89/><REACH who="2" step="1"/><F8/><REACH who="2" ten="136,205,603,46" step="2"/><W78/><G60/><T120/><D10/><U36/><E28/><V19/><F19/><W68/><G68/><T118/><D124/><U64/><E110/><V39/><F39/><W63/><G63/><T109/><D109/><U5/><E77/><V22/><AGARI ba="1,1" hai="4,6,22,27,29,40,47,49,57,62,66,88,89,91" machi="22" ten="30,11700,0" yaku="1,1,0,1,8,1,54,1,53,0" doraHai="70" doraHaiUra="73" who="2" fromWho="2" sc="136,-40,205,-40,603,130,46,-40" /><INIT seed="6,2,0,1,5,29" ten="96,165,733,6" oya="2" hai0="97,115,24,2,89,53,5,35,107,129,37,130,54" hai1="62,52,93,18,72,45,113,125,105,0,58,25,127" hai2="133,41,124,90,80,79,39,134,28,7,16,131,82" hai3="21,9,30,122,74,87,23,66,61,135,120,86,91"/><V60/><F7/><W126/><G74/><T59/><D37/><U75/><E105/><V100/><F100/><W81/><G135/><N who="2" m="51721" /><F39/><W78/><G126/><N who="1" m="48138" /><E0/><V11/><F41/><W109/><G109/><T94/><D115/><U31/><E18/><V101/><F101/><W40/><G40/><T34/><D107/><U119/><E113/><V46/><F46/><W27/><G23/><T50/><D54/><U121/><E121/><V83/><F124/><W22/><G22/><T19/><D19/><U6/><E6/><V48/><F48/><W128/><G9/><N who="0" m="2231" /><D24/><U114/><E114/><V102/><F102/><W51/><G51/><T132/><D132/><U77/><E119/><V3/><F3/><W85/><G128/><AGARI ba="2,0" hai="34,35,50,53,59,89,94,97,128,129,130" m="2231" machi="128" ten="30,3900,0" yaku="19,1,52,2" doraHai="29" who="0" fromWho="3" sc="96,45,165,0,733,0,6,-45" owari="141,-26.0,165,-3.0,733,83.0,-39,-54.0" /></mjloggm>