<mjloggm ver="2.3"><GO type="41" lobby="0"/><UN n0="%67%6F%72%64%6F%6E%31%33" n1="%E3%81%97%E3%81%9F%E3%81%A3%E3%81%B1" n2="%E3%81%B1%E3%81%B4%E3%81%93" n3="%E2%93%9D%53%75%70%68%78" dan="15,15,14,17" rate="2029.42,2034.90,1928.16,2038.94" sx="M,M,F,M"/><TAIKYOKU oya="0"/><INIT seed="0,0,0,3,2,39" ten="250,250,250,250" oya="0" hai0="94,74,131,0,78,67,86,89,37,117,112,91,58" hai1="10,73,5,100,32,48,106,129,105,44,79,116,124" hai2="24,66,15,36,19,25,97,77,28,109,59,40,103" hai3="34,56,111,98,118,1,41,99,122,17,127,101,9"/><T22/><D112/><U119/><E32/><V63/><F109/><W27/><G118/><T54/><D117/><U85/><E124/><V11/><F77/><W104/><G127/><T60/><D0/><U130/><E116/><V7/><F36/><W8/><G111/><T69/><D131/><U115/><E115/><V46/><F7/><W29/><G122/><T52/><D74/><U23/><E73/><V84/><F84/><W68/><G56/><T35/><D35/><U96/><E23/><V110/><F110/><W51/><G99/><T13/><D78/><U65/><E65/><V53/><F53/><W61/><G17/><N who="0" m="10543" /><D37/><U108/><E108/><V3/><F3/><W33/><G33/><T113/><D113/><U72/><E106/><V20/><F25/><W114/><G1/><T93/><D69/><U2/><E72/><V133/><F133/><W14/><G14/><T42/><D42/><N who="1" m="24599" /><E119/><V92/><F46/><N who="3" m="26063" /><G114/><T120/><D120/><U83/><E2/><V26/><F26/><W31/><G31/><T62/><D62/><U134/><E134/><V76/><F76/><W135/><G135/><T87/><AGARI ba="0,0" hai="52,54,58,60,67,86,87,89,91,93,94" m="10543" machi="87" ten="30,3000,0" yaku="8,1,54,1" doraHai="39" who="0" fromWho="0" sc="250,30,250,-10,250,-10,250,-10" /><INIT seed="0,1,0,3,0,13" ten="280,240,240,240" oya="0" hai0="90,77,78,62,27,74,132,54,20,72,79,114,48" hai1="14,5,36,94,31,42,129,11,0,113,89,67,58" hai2="19,17,111,92,9,51,105,69,59,60,18,86,23" hai3="131,97,49,70,80,134,103,115,120,4,110,10,15"/><T25/><D114/><U119/><E119/><V75/><F105/><W83/><G115/><T76/><D132/><U125/><E125/><V127/><F75/><W122/><G70/><T46/><N who="0" m="19456" /><DORA hai="26" /><T101/><D101/><U55/><E129/><V117/><F69/><W116/><G110/><T95/><D62/><U102/><E102/><V100/><F111/><W47/><G131/><T71/><D71/><U73/><E67/><N who="2" m="39327" /><F127/><W57/><G57/><T33/><D33/><U68/><E68/><V52/><F9/><W40/><G134/><T66/><D66/><U82/><E82/><V38/><F38/><W91/><G116/><T43/><D43/><U107/><E107/><V87/><F117/><W56/><G56/><T118/><D118/><U2/><E73/><V50/><F50/><W21/><G122/><T34/><D34/><U124/><E124/><V16/><F100/><W30/><G120/><T24/><REACH who="0" step="1"/><D20/><REACH who="0" ten="270,240,240,240" step="2"/><U84/><E113/><V12/><F92/><N who="3" m="56479" /><G103/><T45/><D45/><AGARI ba="1,1" hai="12,16,17,18,19,23,45,51,52,86,87" m="39327" machi="45" ten="30,12000,2" yaku="8,1,52,4,54,2" doraHai="13,26" who="2" fromWho="0" sc="270,-123,240,0,240,133,240,0" /><INIT seed="1,0,0,4,0,87" ten="147,240,373,240" oya="1" hai0="91,134,89,85,38,97,31,36,16,51,117,108,45" hai1="70,72,121,59,49,88,12,25,90,111,109,84,9" hai2="92,13,64,115,21,66,41,125,75,32,113,8,116" hai3="48,42,103,68,80,3,44,105,28,35,122,0,86"/><U135/><E121/><V60/><F32/><W46/><G122/><T55/><D117/><U19/><E72/><V34/><F34/><W56/><G68/><T17/><D108/><N who="1" m="41547" /><E70/><V58/><F75/><W131/><G131/><T120/><D120/><U37/><E37/><V118/><F125/><W99/><G56/><T22/><D134/><U24/><E135/><V78/><F41/><W69/><G69/><T10/><D31/><U27/><E84/><V23/><F78/><W119/><G119/><T39/><D10/><U128/><E128/><V106/><F106/><W124/><G124/><T100/><D85/><U132/><E132/><V4/><F66/><W62/><G62/><T77/><D77/><U40/><E59/><V129/><F129/><W33/><G46/><AGARI ba="0,0" hai="9,12,19,24,25,27,40,46,49,88,90" m="41547" machi="46" ten="30,12000,1" yaku="14,1,10,1,52,2,54,1" doraHai="87" who="1" fromWho="3" sc="147,0,240,120,373,0,240,-120" /><INIT seed="1,1,0,1,1,41" ten="147,360,373,120" oya="1" hai0="55,60,64,13,106,62,5,124,14,97,131,95,86" hai1="32,80,26,54,22,18,6,128,134,3,27,94,40" hai2="34,50,111,68,77,17,24,45,29,122,69,130,81" hai3="73,112,42,53,44,126,2,47,72,99,91,125,87"/><U51/><E128/><V129/><F122/><W49/><G2/><T4/><D131/><N who="2" m="50186" /><F17/><W75/><G99/><T35/><D124/><N who="3" m="47721" /><G112/><T15/><D35/><U36/><E134/><V8/><F8/><W19/><G19/><T9/><D106/><U104/><E104/><V46/><F111/><W11/><G11/><T48/><D86/><U66/><E66/><V101/><F101/><W82/><G42/><T84/><D84/><U67/><E67/><V39/><F39/><W16/><G16/><T31/><D31/><U56/><E94/><V65/><F65/><W12/><G12/><T20/><D20/><U76/><E32/><V114/><F50/><W119/><G119/><T74/><D74/><N who="3" m="18945" /><W117/><DORA hai="115" /><G117/><T43/><D43/><U30/><E30/><V100/><F100/><W59/><AGARI ba="1,0" hai="44,47,49,53,59,82,87,91" m="18945,47721" machi="59" ten="50,6400,0" yaku="18,1,52,2" doraHai="41,115" who="3" fromWho="3" sc="147,-17,360,-33,373,-17,120,67" /><INIT seed="2,0,0,5,1,37" ten="130,327,356,187" oya="2" hai0="25,49,88,48,93,78,34,35,68,86,17,80,103" hai1="125,66,74,10,28,95,92,51,85,102,12,43,79" hai2="21,82,122,39,115,4,2,100,23,44,8,75,3" hai3="97,118,89,63,40,65,71,83,127,133,19,90,113"/><V121/><F100/><W67/><G118/><T120/><D68/><U0/><E0/><V105/><F105/><W6/><G133/><T13/><D120/><U14/><E125/><V41/><F115/><W15/><G127/><T77/><D35/><U116/><E66/><V53/><F3/><W5/><G113/><T123/><D123/><N who="2" m="47114" /><F53/><W131/><G131/><T119/><D119/><U57/><E28/><V128/><F128/><W124/><G67/><T64/><D64/><U7/><E74/><V22/><F22/><W55/><G55/><T126/><D126/><U29/><E29/><V52/><F52/><W61/><G61/><T81/><D34/><U16/><E57/><V134/><F134/><W36/><G124/><T27/><D103/><U72/><E72/><V117/><F117/><W32/><G32/><T84/><D49/><U73/><E73/><V112/><F112/><W62/><G62/><T70/><D48/><U59/><E59/><V132/><F132/><W87/><G36/><T109/><D70/><U38/><E38/><V20/><F20/><W47/><G71/><T46/><D46/><N who="1" m="26079" /><E102/><V24/><F24/><W99/><G63/><T106/><D106/><U76/><E116/><V130/><F130/><W60/><G65/><T91/><D93/><N who="1" m="35915" /><E85/><V129/><F129/><W18/><G60/><T31/><D31/><U107/><E107/><V30/><F30/><W114/><G114/><T42/><D27/><U94/><N who="1" m="35923" /><U104/><DORA hai="108" /><E104/><V9/><F9/><AGARI ba="0,0" hai="7,9,10,12,14,16,76,79" m="35923,26079" machi="9" ten="30,3900,0" yaku="8,1,52,1,54,1" doraHai="37,108" who="1" fromWho="2" sc="130,0,327,39,356,-39,187,0" /><INIT seed="3,0,0,3,0,80" ten="130,366,317,187" oya="3" hai0="9,3,84,15,133,86,61,98,8,48,107,26,66" hai1="29,38,40,63,74,42,32,102,67,58,19,81,89" hai2="120,62,105,4,132,1,54,106,72,46,130,127,36" hai3="12,109,85,16,125,44,97,94,90,50,112,134,91"/><W76/><G125/><T22/><D133/><U82/><E38/><V75/><F127/><W35/><G35/><T118/><D118/><U39/><E39/><V122/><F132/><W117/><G134/><T101/><D3/><U59/><E102/><V20/><F130/><W60/><G109/><T103/><D48/><U99/><E32/><V92/><F36/><W115/><G76/><T17/><D103/><U5/><E5/><V37/><F37/><W18/><G117/><T96/><D96/><U77/><E29/><V124/><F124/><W13/><G60/><T34/><D34/><U93/><E81/><V30/><F75/><W83/><G13/><T47/><D47/><U53/><REACH who="1" step="1"/><E19/><REACH who="1" ten="130,356,317,187" step="2"/><V88/><F120/><W10/><REACH who="3" step="1"/><G18/><REACH who="3" ten="130,356,317,177" step="2"/><T52/><D17/><U43/><E43/><AGARI ba="0,2" hai="10,12,16,43,44,50,83,85,90,91,94,97,112,115" machi="43" ten="30,12000,1" yaku="1,1,2,1,7,1,52,1,54,1,53,0" doraHai="80" doraHaiUra="73" who="3" fromWho="1" sc="130,0,356,-120,317,0,177,140" /><INIT seed="3,1,0,2,0,53" ten="130,236,317,317" oya="3" hai0="133,61,86,126,118,110,58,3,132,14,57,117,28" hai1="59,50,106,128,22,97,44,102,87,100,89,122,124" hai2="41,5,2,71,12,35,119,16,111,70,20,48,63" hai3="131,40,107,79,123,54,7,120,82,11,101,74,115"/><W95/><G115/><T105/><D105/><U47/><E124/><V15/><F119/><N who="0" m="45578" /><D3/><U78/><E128/><V129/><F111/><W0/><G95/><T109/><D28/><U64/><E122/><V4/><F35/><W73/><G54/><T98/><D98/><U24/><E100/><V39/><F39/><W134/><G134/><N who="0" m="51819" /><D86/><U1/><E1/><V65/><F71/><W55/><G74/><T18/><D126/><U43/><E78/><V127/><F127/><W51/><G131/><T30/><D30/><U84/><E87/><V90/><F2/><W103/><G107/><T88/><D88/><U77/><E77/><V91/><F91/><W56/><REACH who="3" step="1"/><G40/><REACH who="3" ten="130,236,317,307" step="2"/><T36/><D110/><U49/><E106/><V27/><F41/><W37/><G37/><T85/><D36/><U29/><E43/><V81/><F129/><W93/><G93/><T10/><D109/><U62/><E97/><V72/><F72/><W32/><G32/><T34/><D34/><U17/><E84/><V13/><F81/><W52/><G52/><N who="0" m="33959" /><D85/><U67/><E67/><V23/><F65/><W9/><G9/><T104/><D104/><U94/><E94/><V6/><F90/><W125/><G125/><T130/><D130/><U135/><E89/><V31/><F31/><W8/><G8/><T121/><D121/><AGARI ba="1,1" hai="0,7,11,51,55,56,73,79,82,101,103,120,121,123" machi="121" ten="40,7700,0" yaku="1,1,52,1,53,1" doraHai="53" doraHaiUra="33" who="3" fromWho="0" sc="130,-80,236,0,317,0,307,90" /><INIT seed="3,2,0,1,0,55" ten="50,236,317,397" oya="3" hai0="21,96,15,78,100,40,45,47,94,63,30,130,59" hai1="44,125,62,95,42,35,126,18,3,7,114,43,123" hai2="77,128,124,33,65,53,84,39,97,10,13,24,56" hai3="57,90,93,25,2,120,0,82,89,83,9,87,67"/><W54/><G120/><T28/><D130/><U72/><E114/><V109/><F109/><W119/><G119/><T49/><D78/><U37/><E72/><V80/><F124/><N who="1" m="47721" /><E42/><V75/><F39/><W8/><G67/><T27/><D47/><U104/><E104/><V112/><F128/><W129/><G129/><T86/><D86/><U121/><E35/><V102/><F65/><W29/><G2/><T23/><D15/><U34/><E34/><V60/><F33/><W117/><G117/><T50/><D50/><U116/><E116/><V135/><F135/><W134/><G0/><T105/><D105/><U61/><E95/><V51/><F24/><W81/><G134/><T1/><D1/><U88/><E88/><V64/><F112/><W106/><G106/><T107/><D107/><U22/><E7/><V46/><F97/><W48/><REACH who="3" step="1"/><G90/><REACH who="3" ten="50,236,317,387" step="2"/><T118/><D118/><U26/><E3/><V113/><F113/><W17/><G17/><N who="0" m="12719" /><D23/><AGARI ba="2,1" hai="8,9,23,25,29,48,54,57,81,82,83,87,89,93" machi="23" ten="40,7700,0" yaku="1,1,8,1,52,1,53,0" doraHai="55" doraHaiUra="99" who="3" fromWho="0" sc="50,-83,236,0,317,0,387,93" owari="-33,-53.0,236,-16.0,317,12.0,480,57.0" /></mjloggm>