<mjloggm ver="2.3"><GO type="41" lobby="0"/><UN n0="%E2%98%86%E8%A3%95%E5%AD%90%E2%98%86" n1="%E2%93%9D%53%75%70%68%78" n2="%6B%2E%74%2E" n3="%E3%81%AA%E3%81%BF%E3%81%A0" dan="14,18,14,13" rate="1894.84,2088.76,1932.70,1803.22" sx="F,M,M,M"/><TAIKYOKU oya="0"/><INIT seed="0,0,0,1,0,114" ten="250,250,250,250" oya="0" hai0="56,131,118,51,32,13,29,116,39,26,121,135,65" hai1="17,129,96,35,132,44,8,95,134,40,61,124,59" hai2="80,126,33,49,120,122,70,25,63,125,102,112,74" hai3="60,130,69,57,103,73,4,6,27,52,94,92,97"/><T62/><D121/><U18/><E35/><V15/><F102/><W113/><G73/><T84/><D39/><U55/><E124/><V123/><F74/><W7/><G130/><T54/><D131/><U109/><E109/><V5/><F80/><W16/><G69/><T1/><D1/><U88/><E129/><V82/><F82/><W37/><G37/><T53/><D135/><N who="1" m="51755" /><E8/><N who="2" m="4495" /><F49/><AGARI ba="0,0" hai="17,18,40,44,49,55,59,61,88,95,96" m="51755" machi="49" ten="30,2000,0" yaku="20,1,54,1" doraHai="114" who="1" fromWho="2" sc="250,0,250,20,250,-20,250,0" /><INIT seed="1,0,0,3,3,85" ten="250,270,230,250" oya="1" hai0="38,102,61,45,133,51,40,86,21,17,58,108,43" hai1="31,0,7,37,50,68,76,6,25,24,109,126,92" hai2="95,53,84,88,129,69,29,2,62,114,57,71,89" hai3="8,64,100,36,56,96,131,127,34,91,80,72,125"/><U112/><E37/><V22/><F2/><W1/><G34/><T78/><D108/><U33/><E68/><V103/><F103/><W130/><G36/><T5/><D133/><U121/><E76/><V30/><F129/><N who="3" m="49163" /><G1/><T12/><D102/><U113/><E50/><V52/><F114/><N who="1" m="44137" /><E92/><N who="2" m="54279" /><F69/><W82/><G8/><T81/><D5/><N who="1" m="1547" /><E126/><N who="3" m="48138" /><G56/><T90/><D78/><U119/><E109/><V59/><F71/><W120/><G64/><N who="0" m="38967" /><D38/><U10/><E119/><V93/><F22/><W73/><G120/><T75/><D75/><N who="3" m="28745" /><G91/><T115/><D115/><U20/><E121/><V70/><F70/><W11/><G11/><T63/><D63/><U35/><E10/><V46/><F46/><W106/><AGARI ba="0,0" hai="80,82,96,100,106" m="28745,48138,49163" machi="106" ten="40,8000,1" yaku="19,1,18,1,34,2" doraHai="85" who="3" fromWho="3" sc="250,-20,270,-40,230,-20,250,80" /><INIT seed="2,0,0,1,5,110" ten="230,230,210,330" oya="2" hai0="38,130,97,76,82,51,2,69,115,17,23,79,50" hai1="68,25,59,65,70,19,119,56,87,4,37,47,31" hai2="117,86,106,8,95,39,62,116,40,112,5,109,134" hai3="1,92,100,12,33,28,105,36,35,102,58,75,34"/><V57/><F112/><W125/><G1/><T71/><D130/><U24/><E4/><V80/><F106/><W93/><G36/><T7/><D38/><U60/><E119/><V13/><F109/><W99/><G75/><T30/><D30/><U85/><E19/><V94/><F134/><W63/><G125/><T41/><D115/><U108/><E108/><V81/><F81/><W88/><G105/><T45/><D51/><U107/><E107/><V18/><F116/><W83/><G83/><T48/><D48/><U90/><E37/><V118/><F117/><W22/><G102/><T15/><D97/><U84/><E47/><V113/><F113/><W73/><G73/><T10/><REACH who="0" step="1"/><D76/><REACH who="0" ten="220,230,210,330" step="2"/><U66/><E31/><V55/><F118/><W9/><G28/><T127/><D127/><U131/><E131/><V32/><F32/><W74/><G74/><AGARI ba="0,1" hai="2,7,10,15,17,23,41,45,50,69,71,74,79,82" machi="74" ten="30,2000,0" yaku="1,1,7,1,53,0" doraHai="110" doraHaiUra="132" who="0" fromWho="3" sc="220,30,230,0,210,0,330,-20" /><INIT seed="3,0,0,5,3,12" ten="250,230,210,310" oya="3" hai0="68,117,35,19,66,50,114,134,38,47,133,77,124" hai1="28,94,82,5,118,67,105,72,0,91,89,32,104" hai2="125,112,63,135,7,54,122,101,119,16,110,20,116" hai3="9,1,56,84,40,127,106,76,97,34,59,26,37"/><W46/><G127/><T64/><D77/><U113/><E67/><V107/><F107/><W108/><G34/><T48/><D35/><U6/><E32/><V10/><F101/><W115/><G1/><T69/><D19/><U121/><E28/><V73/><F73/><W39/><G39/><T33/><D33/><U70/><E70/><V65/><F112/><W99/><G115/><T49/><D114/><U22/><E113/><V111/><F54/><W80/><G9/><T85/><D85/><U71/><E71/><N who="0" m="27209" /><D117/><N who="2" m="45130" /><F63/><W53/><G26/><T13/><D13/><U109/><E0/><N who="2" m="359" /><F65/><N who="0" m="25194" /><D124/><U132/><E118/><V96/><F96/><W79/><G59/><T126/><D126/><U17/><E72/><V90/><F90/><W42/><G42/><AGARI ba="0,0" hai="38,42,47,48,49,50,133,134" m="25194,27209" machi="42" ten="40,2600,0" yaku="34,2" doraHai="12" who="0" fromWho="3" sc="250,26,230,0,210,0,310,-26" /><INIT seed="4,0,0,4,5,21" ten="276,230,210,284" oya="0" hai0="12,93,75,61,115,83,9,113,78,72,36,102,118" hai1="120,15,96,6,63,10,100,40,7,80,108,84,73" hai2="42,133,8,69,54,107,19,121,33,105,52,101,17" hai3="70,129,2,26,65,95,27,104,97,64,134,11,22"/><T103/><D118/><U124/><E124/><V68/><F121/><W110/><G110/><T82/><D36/><U53/><E73/><V43/><F8/><W41/><G41/><T123/><D61/><U55/><E108/><V76/><F76/><W0/><G27/><T23/><D23/><U49/><E7/><V44/><F44/><W109/><G109/><T128/><D128/><U1/><E1/><V34/><REACH who="2" step="1"/><F101/><REACH who="2" ten="276,230,200,284" step="2"/><W94/><G11/><T126/><D123/><U135/><E120/><V13/><F13/><W127/><G127/><T67/><D12/><U71/><E15/><V119/><F119/><W98/><G2/><T116/><D9/><U77/><E10/><V62/><F62/><W91/><G0/><T31/><D116/><U29/><E63/><V114/><F114/><W25/><G25/><T46/><D46/><U131/><E6/><V48/><F48/><W132/><G26/><T111/><D78/><U24/><E131/><V87/><F87/><W89/><G129/><T30/><D111/><U20/><E49/><V39/><F39/><W85/><G85/><T92/><REACH who="0" step="1"/><D126/><REACH who="0" ten="266,230,200,284" step="2"/><U37/><E37/><V28/><F28/><W81/><G132/><AGARI ba="0,2" hai="17,19,33,34,42,43,52,54,68,69,105,107,132,133" machi="132" ten="25,6400,0" yaku="1,1,22,2,54,1,53,0" doraHai="21" doraHaiUra="106" who="2" fromWho="3" sc="266,0,230,0,200,84,284,-64" /><INIT seed="5,0,0,3,4,76" ten="266,230,284,220" oya="1" hai0="111,59,12,18,81,102,128,4,55,32,66,8,15" hai1="119,126,74,52,45,63,31,73,107,113,39,79,127" hai2="86,110,10,130,34,23,68,65,56,16,43,82,67" hai3="98,120,129,95,64,109,94,41,92,108,62,44,24"/><U75/><E119/><V103/><F34/><W101/><G129/><T17/><D111/><U40/><E107/><V48/><F110/><W1/><G1/><T88/><D128/><U69/><E31/><V97/><F68/><W51/><G120/><T84/><D32/><U22/><E22/><V54/><F130/><W46/><G109/><T61/><D102/><U83/><E113/><V57/><F10/><W132/><G132/><T20/><D18/><U11/><E11/><V105/><F43/><W47/><G108/><T25/><REACH who="0" step="1"/><D66/><REACH who="0" ten="256,230,284,220" step="2"/><N who="1" m="41183" /><E52/><V89/><REACH who="2" step="1"/><F57/><REACH who="2" ten="256,230,274,220" step="2"/><W70/><REACH who="3" step="1"/><G24/><AGARI ba="0,2" hai="4,8,12,15,17,20,24,25,55,59,61,81,84,88" machi="24" ten="40,8000,1" yaku="1,1,8,1,52,1,54,1,53,0" doraHai="76" doraHaiUra="91" who="0" fromWho="3" sc="256,100,230,0,274,0,220,-80" /><AGARI ba="0,0" hai="16,23,24,48,54,56,65,67,82,86,89,97,103,105" machi="24" ten="30,8000,1" yaku="1,1,2,1,7,1,52,1,54,1,53,0" doraHai="76" doraHaiUra="91" who="2" fromWho="3" sc="356,0,230,0,274,80,140,-80" /><INIT seed="6,0,0,1,0,21" ten="356,230,354,60" oya="2" hai0="26,14,32,121,90,79,67,46,76,97,22,33,55" hai1="48,134,60,130,114,64,62,16,41,43,92,65,3" hai2="100,99,5,71,75,107,118,98,110,120,122,63,104" hai3="50,101,119,28,11,84,133,2,10,34,105,70,44"/><V89/><F71/><W40/><G70/><T117/><D121/><N who="2" m="46698" /><F63/><W132/><G119/><T52/><D33/><U128/><E92/><N who="2" m="56591" /><F5/><W81/><G101/><T24/><D117/><U39/><E3/><V102/><F118/><W95/><G105/><N who="2" m="40521" /><F75/><W23/><G34/><T93/><D32/><U57/><E62/><V78/><F78/><N who="0" m="29738" /><D14/><U13/><E65/><V77/><F77/><W115/><G95/><T30/><D67/><U20/><E64/><V17/><F17/><W0/><G0/><T108/><D108/><U53/><E60/><V96/><F110/><W80/><G2/><T73/><D73/><U51/><E16/><V19/><F19/><W61/><G61/><T106/><D106/><U83/><E13/><V47/><F47/><W135/><G81/><T85/><D46/><U8/><E83/><V37/><F37/><W113/><G28/><N who="0" m="17431" /><D97/><AGARI ba="0,0" hai="96,97,99,100,102" m="40521,56591,46698" machi="97" ten="30,2900,0" yaku="34,2" doraHai="21" who="2" fromWho="0" sc="356,-29,230,0,354,29,60,0" /><INIT seed="6,1,0,4,2,6" ten="327,230,383,60" oya="2" hai0="71,100,46,87,134,45,17,114,2,135,7,80,70" hai1="107,57,98,43,90,55,61,125,118,126,95,124,39" hai2="133,99,88,67,74,69,68,44,10,83,4,129,93" hai3="84,23,40,30,130,119,86,77,89,48,66,82,85"/><V38/><F133/><N who="0" m="50698" /><D17/><U33/><E118/><V36/><F129/><W104/><G119/><T75/><D75/><U79/><E33/><V105/><F67/><W8/><G66/><T60/><D100/><U42/><E39/><V91/><F105/><W97/><G48/><T106/><D106/><U62/><E79/><V16/><F38/><W128/><G40/><T3/><D114/><U51/><E107/><V25/><F74/><W103/><G30/><T41/><D60/><AGARI ba="1,0" hai="42,43,51,55,57,60,61,62,90,95,98,124,125,126" machi="60" ten="40,1300,0" yaku="18,1" doraHai="6" who="1" fromWho="0" sc="327,-16,230,16,383,0,60,0" /><INIT seed="7,0,0,0,5,31" ten="311,246,383,60" oya="3" hai0="95,84,79,122,64,15,62,85,10,113,40,87,11" hai1="130,28,91,83,80,101,121,46,68,108,118,66,94" hai2="24,42,106,34,125,14,61,22,114,37,58,53,45" hai3="97,6,12,39,56,115,90,132,109,72,4,59,75"/><W27/><G39/><T9/><D122/><U119/><E46/><V26/><F106/><W116/><G116/><N who="1" m="44586" /><E28/><V63/><F125/><W111/><G115/><T73/><D113/><U71/><E66/><V54/><F114/><W105/><G105/><T102/><D40/><U0/><E0/><V25/><F34/><W134/><G97/><T44/><D44/><U3/><E3/><V32/><F32/><W82/><G82/><N who="1" m="31274" /><E71/><V120/><F120/><W67/><G90/><T60/><D15/><U98/><E68/><V110/><F110/><N who="3" m="41995" /><G27/><T70/><D62/><U96/><E108/><V41/><F14/><W55/><G12/><T21/><D21/><U20/><E20/><V100/><F100/><W17/><G17/><T49/><D64/><U30/><E30/><V129/><F129/><W86/><G86/><T92/><D70/><U43/><E43/><V50/><F37/><W117/><G117/><T7/><D11/><U128/><E121/><V18/><F41/><W126/><G67/><T123/><D123/><U51/><E51/><V131/><F131/><N who="1" m="50217" /><E98/><V48/><F63/><N who="3" m="36255" /><G59/><AGARI ba="0,0" hai="18,22,24,25,26,42,45,48,50,53,54,58,59,61" machi="59" ten="30,2000,0" yaku="7,1,8,1" doraHai="31" who="2" fromWho="3" sc="311,0,246,0,383,20,60,-20" owari="311,11.0,246,-15.0,403,50.0,40,-46.0" /></mjloggm>