<mjloggm ver="2.3"><GO type="41" lobby="0"/><UN n0="%E3%81%99%E3%81%AE%E3%81%A4%E3%81%8F%E4%BA%BA" n1="%E2%93%9D%53%75%70%68%78" n2="%E3%82%A4%E3%83%84%E3%82%AD" n3="%E3%81%AA%E3%81%8B%E3%82%84%E3%81%BE%E3%81%8D%E3%82%93%E3%81%AB%E3%81%8F" dan="15,16,14,15" rate="2012.22,2017.63,2079.34,2011.03" sx="M,M,M,M"/><TAIKYOKU oya="0"/><INIT seed="0,0,0,5,2,49" ten="250,250,250,250" oya="0" hai0="135,23,84,53,63,48,8,14,21,97,75,7,112" hai1="46,58,44,26,78,120,113,70,76,13,67,98,41" hai2="125,80,130,55,1,4,34,24,132,65,52,59,29" hai3="88,116,107,95,74,10,87,111,5,51,100,43,12"/><T18/><D75/><U11/><E70/><V25/><F130/><W30/><G111/><T86/><D112/><U6/><E120/><V54/><F125/><W73/><G116/><T42/><D23/><U117/><E117/><V15/><F132/><W122/><G122/><T17/><D17/><U90/><E26/><N who="2" m="10347" /><F1/><W66/><G30/><T134/><D97/><U61/><E113/><V91/><F34/><W85/><G66/><T129/><D129/><U69/><E69/><V45/><F29/><W128/><G128/><T127/><D127/><U102/><E90/><V68/><F68/><W118/><G118/><T37/><D37/><U60/><E60/><N who="2" m="38047" /><F45/><W110/><G110/><T131/><D131/><U56/><E56/><V47/><F47/><W64/><G64/><T9/><D42/><U72/><E72/><V19/><F4/><W36/><G36/><T101/><D63/><U57/><E57/><V119/><F119/><W16/><G43/><T27/><D9/><U96/><E46/><V3/><F3/><W81/><G51/><T99/><D135/><U123/><E123/><V124/><F124/><W62/><G62/><T89/><D134/><U31/><E31/><V126/><F126/><W121/><G121/><T50/><D50/><N who="1" m="26895" /><E102/><V104/><F104/><W71/><G71/><T32/><D101/><U22/><E22/><N who="2" m="11647" /><F91/><N who="3" m="51631" /><G5/><T82/><D32/><U83/><E78/><V109/><F109/><W94/><G107/><T93/><D82/><AGARI ba="0,0" hai="52,54,55,80,82" m="11647,38047,10347" machi="82" ten="30,8000,1" yaku="8,1,52,3,54,1" doraHai="49" who="2" fromWho="0" sc="250,-80,250,0,250,80,250,0" /><INIT seed="1,0,0,5,0,9" ten="170,250,330,250" oya="1" hai0="132,127,123,71,2,81,79,70,59,95,97,111,14" hai1="18,120,94,61,67,82,55,25,6,90,68,28,31" hai2="100,57,101,134,103,3,110,88,98,41,135,131,5" hai3="106,80,8,47,76,113,45,89,27,7,121,1,126"/><U12/><E120/><V20/><F110/><W124/><G121/><T104/><D111/><U53/><E6/><V4/><F131/><W118/><G113/><T66/><D123/><U91/><E82/><V96/><F41/><W125/><G106/><T44/><D104/><U17/><E17/><V54/><F20/><W85/><G118/><T87/><D127/><U19/><E19/><V49/><F3/><W92/><REACH who="3" step="1"/><G27/><REACH who="3" ten="170,250,330,240" step="2"/><T37/><D132/><N who="2" m="50730" /><F98/><AGARI ba="0,1" hai="1,7,8,45,47,76,80,85,89,92,98,124,125,126" machi="98" ten="40,5200,0" yaku="1,1,18,1,53,1" doraHai="9" doraHaiUra="74" who="3" fromWho="2" sc="170,0,250,0,330,-52,240,62" /><INIT seed="2,0,0,4,0,70" ten="170,250,278,302" oya="2" hai0="107,106,109,78,125,24,83,129,72,18,47,135,69" hai1="74,53,35,25,77,26,31,12,115,73,16,27,10" hai2="90,9,33,30,13,96,41,124,112,4,84,51,56" hai3="39,14,81,50,59,119,23,62,88,82,19,76,89"/><V58/><F112/><W54/><G119/><T98/><D109/><U92/><E115/><V0/><F124/><W104/><G104/><T103/><D129/><U121/><E121/><V3/><F96/><W21/><G39/><T37/><D135/><U111/><E111/><V80/><F41/><W6/><G6/><T134/><D134/><U5/><E92/><V120/><F120/><W8/><G81/><T116/><D125/><U79/><E53/><V87/><F87/><W34/><G34/><T17/><D69/><U68/><E68/><V102/><F102/><W43/><G43/><T60/><D107/><U52/><E52/><V97/><F97/><W95/><G62/><T40/><D60/><U108/><E108/><V57/><REACH who="2" step="1"/><F51/><REACH who="2" ten="170,250,268,302" step="2"/><W118/><G118/><T36/><D116/><U11/><E74/><V49/><F49/><W29/><G50/><T128/><D37/><U42/><E42/><V131/><F131/><W85/><G85/><T126/><D126/><U44/><E73/><V2/><F2/><W1/><G1/><T127/><D128/><U105/><E105/><V133/><F133/><W20/><G76/><T132/><D132/><U130/><E130/><V38/><F38/><W113/><G113/><T75/><D75/><U48/><E79/><V32/><F32/><W117/><G117/><T61/><D127/><U86/><E77/><V67/><F67/><W7/><G89/><T114/><D114/><U28/><E86/><V64/><F64/><W22/><G88/><T71/><D72/><U45/><E35/><V91/><F91/><W55/><G29/><RYUUKYOKU ba="0,1" sc="170,-10,250,-10,268,30,302,-10" hai2="0,3,4,9,13,30,33,56,57,58,80,84,90" /><INIT seed="2,1,1,3,3,39" ten="160,240,298,292" oya="2" hai0="115,75,125,49,10,112,8,130,5,52,93,111,4" hai1="34,26,101,118,109,70,56,59,106,1,71,80,36" hai2="7,83,135,29,120,2,94,54,37,113,40,100,114" hai3="110,60,62,43,0,28,107,47,104,99,18,91,122"/><V121/><F135/><W66/><G122/><T20/><D111/><U127/><E1/><V27/><F2/><W96/><G110/><T88/><D75/><U53/><E109/><V42/><F7/><W6/><G28/><T119/><D125/><U14/><E36/><V81/><F54/><W46/><G18/><T13/><D130/><U108/><E118/><V51/><F51/><W117/><G117/><T69/><D20/><U17/><E80/><V64/><F37/><W41/><G0/><T133/><D133/><U129/><E106/><V50/><F50/><W132/><G132/><T33/><D33/><U19/><E101/><V31/><F100/><W103/><G103/><T90/><D69/><U97/><E34/><V73/><F94/><W22/><G91/><T128/><D90/><U58/><E127/><V72/><F64/><W105/><G22/><T32/><D128/><U123/><E123/><V35/><F35/><W98/><G6/><T3/><D32/><U9/><E108/><V15/><F15/><W92/><G92/><T116/><D119/><U102/><E129/><V23/><F23/><W68/><REACH who="3" step="1"/><G62/><REACH who="3" ten="160,240,298,282" step="2"/><T89/><D89/><U55/><E19/><V63/><F63/><W48/><G48/><T95/><D116/><U25/><E102/><V84/><REACH who="2" step="1"/><F84/><REACH who="2" ten="160,240,288,282" step="2"/><W74/><G74/><T85/><REACH who="0" step="1"/><D95/><REACH who="0" ten="150,240,288,282" step="2"/><U76/><E14/><V61/><F61/><W126/><G126/><T45/><AGARI ba="1,4" hai="3,4,5,8,10,13,45,49,52,85,88,93,112,115" machi="45" ten="20,12000,2" yaku="1,1,2,1,0,1,7,1,54,2,53,0" doraHai="39" doraHaiUra="30" who="0" fromWho="0" sc="150,163,240,-31,288,-61,282,-31" /><INIT seed="3,0,0,4,5,82" ten="313,209,227,251" oya="3" hai0="17,129,98,124,28,128,22,0,7,9,56,18,89" hai1="94,126,114,112,19,122,41,62,42,100,109,45,37" hai2="65,16,10,44,20,103,12,43,120,8,52,113,32" hai3="102,15,67,23,30,117,116,64,53,5,36,69,84"/><W95/><G36/><T81/><D124/><U86/><E122/><V110/><F113/><W83/><G53/><T54/><D28/><U123/><E123/><V35/><F120/><W130/><G130/><T13/><D18/><U111/><E100/><V31/><F110/><N who="1" m="41993" /><E19/><V119/><F119/><W80/><G80/><T11/><D11/><U40/><E94/><V38/><F65/><W77/><G5/><T78/><D98/><U91/><E91/><V46/><F103/><W57/><G69/><T105/><D105/><U79/><E79/><V90/><F90/><W27/><G15/><T101/><D101/><U59/><E86/><V118/><F118/><W106/><G106/><T58/><D89/><U61/><E126/><V87/><F87/><W115/><G115/><N who="1" m="44074" /><E62/><V6/><F10/><W4/><G4/><T49/><REACH who="0" step="1"/><D58/><REACH who="0" ten="303,209,227,251" step="2"/><U99/><E99/><V33/><F31/><W3/><G57/><T21/><D21/><U93/><E93/><V39/><F38/><W24/><G117/><T1/><D1/><U70/><E70/><V96/><F96/><N who="3" m="59679" /><G116/><T107/><D107/><U134/><E134/><V75/><F75/><AGARI ba="0,1" hai="0,7,9,13,17,22,49,54,56,75,78,81,128,129" machi="75" ten="40,1300,0" yaku="1,1,53,0" doraHai="82" doraHaiUra="131" who="0" fromWho="2" sc="303,23,209,0,227,-13,251,0" /><INIT seed="4,0,0,0,3,22" ten="326,209,214,251" oya="0" hai0="117,106,77,7,91,97,14,48,111,5,69,15,123" hai1="42,110,26,39,96,37,83,1,102,98,70,100,19" hai2="47,60,53,2,43,30,64,67,105,34,130,20,31" hai3="109,135,63,80,4,124,101,76,24,90,57,12,129"/><T94/><D117/><U10/><E110/><V0/><F105/><W116/><G109/><T78/><D69/><U93/><E70/><V66/><F34/><W107/><G116/><T36/><D36/><U87/><E42/><V120/><F120/><W115/><G115/><T122/><D111/><U17/><E1/><V62/><F130/><W3/><G3/><T72/><D48/><U52/><E10/><V9/><F9/><N who="3" m="4135" /><G129/><T108/><D108/><U75/><E75/><V23/><F53/><W16/><G107/><T114/><D114/><U82/><E87/><V126/><F126/><W50/><G101/><T118/><D118/><U33/><E52/><V112/><F112/><W74/><G50/><T40/><D40/><U92/><REACH who="1" step="1"/><E33/><REACH who="1" ten="326,199,214,251" step="2"/><V127/><F127/><W38/><G124/><T103/><D72/><U41/><E41/><V45/><F67/><W131/><G74/><T79/><D7/><U128/><E128/><V59/><F43/><W65/><G131/><T51/><D5/><U119/><E119/><V73/><F73/><W85/><G85/><T81/><D51/><U44/><E44/><V49/><F49/><W18/><G38/><T99/><D15/><U113/><E113/><V28/><F59/><W89/><G57/><T13/><D14/><U58/><E58/><V134/><F31/><W84/><G84/><N who="0" m="48175" /><D13/><U46/><E46/><V21/><F21/><W88/><G65/><T55/><D55/><U133/><E133/><AGARI ba="0,1" hai="0,2,20,23,28,30,45,47,60,62,64,66,133,134" machi="133" ten="25,1600,0" yaku="22,2" doraHai="22" who="2" fromWho="1" sc="326,0,199,-16,214,26,251,0" /><INIT seed="5,0,0,4,4,95" ten="326,183,240,251" oya="1" hai0="18,104,107,32,99,9,70,82,127,105,110,21,44" hai1="12,135,46,92,83,128,13,120,84,96,74,116,11" hai2="124,75,28,57,68,86,0,10,109,108,36,73,29" hai3="94,60,130,45,112,115,24,71,129,89,69,37,14"/><U19/><E128/><N who="3" m="49258" /><G24/><T52/><D70/><N who="3" m="26633" /><G14/><T17/><D32/><U1/><E135/><V132/><F68/><W39/><G60/><T6/><D127/><U50/><E74/><V100/><F124/><W133/><G133/><T90/><D110/><U118/><E1/><V93/><F132/><W56/><G56/><T42/><D42/><U61/><E120/><V34/><F57/><W4/><G4/><T33/><D33/><U62/><E13/><V53/><F53/><W125/><G125/><T113/><D113/><N who="3" m="43593" /><G45/><T22/><D44/><U81/><E118/><V76/><F109/><W15/><G15/><T97/><D9/><U91/><E116/><V20/><F10/><W41/><G41/><T122/><D6/><U65/><E65/><V66/><F66/><W64/><G64/><T77/><D122/><U98/><E62/><V134/><F108/><W72/><G72/><T111/><D111/><U3/><E61/><V35/><F75/><W51/><G51/><T114/><D52/><N who="1" m="29783" /><E3/><V67/><F0/><W16/><G16/><T126/><D18/><U38/><E38/><N who="3" m="14346" /><G94/><T48/><D48/><U102/><E102/><V27/><F36/><W23/><G89/><T103/><D90/><U87/><E92/><V40/><F73/><W79/><G79/><AGARI ba="0,0" hai="11,12,19,79,81,83,84,87,91,96,98" m="29783" machi="79" ten="30,12000,1" yaku="25,1,8,1,52,2,54,1" doraHai="95" who="1" fromWho="3" sc="326,0,183,120,240,0,251,-120" /><INIT seed="5,1,0,1,1,90" ten="326,303,240,131" oya="1" hai0="43,130,60,93,13,14,97,125,71,65,0,55,12" hai1="32,113,116,92,134,80,99,35,131,42,30,58,68" hai2="70,37,96,47,66,108,54,120,39,87,124,28,83" hai3="11,112,86,129,61,56,109,20,18,128,16,103,46"/><U105/><E116/><V45/><F108/><W106/><G109/><T22/><D0/><U2/><E68/><V107/><F120/><W67/><G112/><T91/><D125/><U100/><E2/><V98/><F124/><W17/><G106/><T29/><D43/><U4/><E4/><V84/><F28/><W79/><G103/><T40/><D40/><U51/><E131/><V48/><F107/><W104/><G104/><T89/><D55/><U72/><E134/><V82/><F54/><W114/><G114/><T41/><D41/><U135/><E135/><V121/><F121/><W26/><G46/><T24/><REACH who="0" step="1"/><D89/><REACH who="0" ten="316,303,240,131" step="2"/><U21/><E42/><V77/><F66/><W94/><G79/><T75/><D75/><U111/><E72/><V10/><F77/><W132/><G132/><T9/><D9/><U62/><E113/><V19/><F10/><W126/><G126/><T64/><D64/><U57/><E111/><V25/><F48/><W95/><G11/><T118/><D118/><U101/><E51/><V3/><F3/><W33/><G33/><T50/><D50/><U122/><E35/><V81/><F70/><W73/><G73/><T36/><D36/><U123/><E32/><V15/><F39/><W1/><G1/><T102/><D102/><U27/><E123/><V38/><F37/><W85/><G129/><AGARI ba="1,1" hai="12,13,14,22,24,29,60,65,71,91,93,97,129,130" machi="129" ten="40,2600,0" yaku="1,1,52,1,53,0" doraHai="90" doraHaiUra="110" who="0" fromWho="3" sc="316,39,303,0,240,0,131,-29" /><INIT seed="6,0,0,1,5,82" ten="355,303,240,102" oya="2" hai0="100,113,78,45,63,91,46,118,87,84,13,22,55" hai1="90,70,134,80,109,99,59,42,123,108,79,130,105" hai2="41,101,115,50,106,4,57,19,40,32,69,107,1" hai3="20,47,126,96,112,53,34,60,44,72,89,66,54"/><V16/><F69/><W17/><G34/><T3/><D3/><U124/><E42/><V21/><F32/><W104/><G72/><T129/><D129/><U77/><E59/><V36/><F115/><W15/><G126/><T51/><D113/><U64/><E64/><V120/><F120/><W52/><G112/><T97/><D63/><U85/><E70/><V9/><F36/><W12/><G12/><T132/><D132/><U111/><E130/><V131/><F131/><W71/><REACH who="3" step="1"/><G89/><REACH who="3" ten="355,303,240,92" step="2"/><T95/><D118/><U103/><E124/><V86/><F101/><AGARI ba="0,1" hai="15,17,20,44,47,52,53,54,60,66,71,96,101,104" machi="101" ten="40,5200,0" yaku="1,1,2,1,54,1,53,0" doraHai="82" doraHaiUra="25" who="3" fromWho="2" sc="355,0,303,0,240,-52,92,62" /><INIT seed="7,0,0,1,1,111" ten="355,303,188,154" oya="3" hai0="95,62,96,100,105,60,113,58,0,110,8,63,130" hai1="55,59,54,45,118,11,119,104,108,120,52,73,51" hai2="26,19,49,3,121,2,85,43,112,134,122,92,129" hai3="79,6,10,70,13,102,89,86,77,69,53,133,76"/><W57/><G133/><T135/><D135/><U101/><E73/><V25/><F134/><W87/><G102/><T72/><D72/><U66/><E104/><V12/><F129/><W40/><G40/><T56/><D110/><U23/><E11/><V29/><F49/><W99/><G99/><T131/><D113/><U5/><E5/><V48/><F48/><W114/><G114/><T115/><D115/><U36/><E23/><N who="2" m="11751" /><F43/><W88/><G87/><T22/><D22/><U17/><E17/><V98/><F112/><W126/><G126/><T61/><D105/><U24/><E24/><N who="2" m="9323" /><F85/><W68/><REACH who="3" step="1"/><G86/><REACH who="3" ten="355,303,188,144" step="2"/><T15/><D131/><U107/><E101/><N who="2" m="60615" /><F29/><W27/><G27/><T91/><D100/><U83/><E108/><V4/><F4/><W82/><G82/><T78/><D130/><U46/><E83/><V117/><F117/><W90/><G90/><T127/><D127/><U21/><E119/><V80/><F80/><W39/><G39/><T28/><D28/><U9/><E36/><V14/><F14/><W33/><G33/><T42/><D42/><U97/><E118/><V74/><F74/><W93/><G93/><T128/><D128/><U65/><E107/><V103/><F103/><W7/><G7/><T64/><D0/><U1/><E1/><V116/><F116/><W109/><G109/><T31/><D31/><U16/><E97/><V30/><F30/><W71/><N who="3" m="17408" /><DORA hai="84" /><W35/><G35/><T32/><D32/><U125/><E125/><V34/><F34/><W123/><G123/><AGARI ba="0,1" hai="2,3,121,122,123" m="60615,9323,11751" machi="123" ten="30,1000,0" yaku="13,1" doraHai="111,84" who="2" fromWho="3" sc="355,0,303,0,188,20,144,-10" owari="355,46.0,303,10.0,208,-19.0,134,-37.0" /></mjloggm>