<mjloggm ver="2.3"><GO type="41" lobby="0"/><UN n0="%E3%81%82%E3%81%99%E3%81%AF%E3%82%89%E3%82%86%E3%81%86%E3%81%8D" n1="%E2%93%9D%53%75%70%68%78" n2="%E3%82%A8%E3%83%88%E3%83%9A%E3%83%B3%E2%98%86%E5%BD%A1" n3="%E3%81%84%E3%81%AC%E3%81%A6%E3%82%93" dan="15,18,13,15" rate="2086.74,2143.53,1835.15,2007.96" sx="M,M,M,M"/><TAIKYOKU oya="0"/><INIT seed="0,0,0,4,5,124" ten="250,250,250,250" oya="0" hai0="29,55,25,109,108,34,39,110,69,83,38,92,75" hai1="95,86,116,9,14,125,67,88,94,53,50,43,46" hai2="20,24,18,66,105,85,56,113,130,7,131,44,71" hai3="103,10,16,36,22,35,99,81,27,26,21,107,32"/><T98/><D69/><U41/><E125/><V106/><F71/><W63/><G36/><T23/><D55/><U97/><E116/><V0/><F113/><W6/><G63/><T118/><D118/><U64/><E64/><V5/><F85/><W132/><G81/><T90/><REACH who="0" step="1"/><D34/><REACH who="0" ten="240,250,250,250" step="2"/><U61/><E67/><V17/><F66/><W3/><REACH who="3" step="1"/><G132/><REACH who="3" ten="240,250,250,240" step="2"/><T4/><D4/><N who="1" m="3367" /><E61/><V126/><F126/><W133/><G133/><T87/><D87/><U134/><E134/><V2/><F20/><W93/><G93/><T77/><AGARI ba="0,2" hai="23,25,29,38,39,75,77,83,90,92,98,108,109,110" machi="77" ten="40,12000,1" yaku="1,1,0,1,14,1,10,1,53,1" doraHai="124" doraHaiUra="104" who="0" fromWho="0" sc="240,140,250,-40,250,-40,240,-40" /><INIT seed="0,1,0,1,4,67" ten="380,210,210,200" oya="0" hai0="4,79,69,130,112,87,93,60,91,85,42,103,115" hai1="110,12,73,114,48,10,131,89,123,98,17,119,63" hai2="65,88,8,71,22,11,20,59,121,100,129,86,83" hai3="27,111,62,68,13,105,75,125,96,0,132,25,128"/><T34/><D130/><U117/><E73/><V31/><F129/><W28/><G13/><T38/><D34/><U35/><E131/><V1/><F121/><W126/><G27/><T37/><D4/><U66/><E110/><V2/><F100/><N who="3" m="62599" /><G111/><T108/><D108/><U29/><E114/><V101/><F101/><W5/><G132/><T124/><D124/><U95/><E123/><V82/><F59/><W21/><G75/><T120/><D120/><U46/><E35/><V90/><F86/><W127/><G128/><T109/><D103/><U70/><REACH who="1" step="1"/><E29/><REACH who="1" ten="380,200,210,200" step="2"/><V99/><F31/><W14/><G14/><T30/><D30/><U54/><AGARI ba="1,1" hai="10,12,17,46,48,54,63,66,70,89,95,98,117,119" machi="54" ten="20,8000,1" yaku="1,1,2,1,0,1,7,1,52,1,53,0" doraHai="67" doraHaiUra="76" who="1" fromWho="1" sc="380,-41,200,93,210,-21,200,-21" /><INIT seed="1,0,0,4,5,82" ten="339,293,189,179" oya="1" hai0="90,96,9,132,76,71,17,66,110,85,68,128,72" hai1="45,125,58,10,56,64,133,121,49,33,21,101,114" hai2="106,109,103,26,6,32,59,97,29,94,62,57,79" hai3="120,39,36,124,115,87,95,38,116,88,27,81,107"/><U86/><E121/><V8/><F109/><W102/><G115/><T46/><D110/><U4/><E33/><V127/><F127/><W50/><G124/><T129/><D132/><U53/><E125/><V84/><F62/><W0/><G0/><T37/><D96/><U52/><E114/><V55/><F55/><W70/><G70/><T43/><D76/><U98/><E133/><V131/><F131/><N who="0" m="50250" /><D66/><U100/><E21/><V18/><F18/><W24/><G116/><T48/><D72/><U2/><E64/><V93/><F93/><W15/><G120/><T20/><D9/><U42/><E86/><V126/><F126/><W30/><G30/><T12/><D37/><U77/><E77/><V104/><F104/><W7/><G107/><T63/><D63/><U40/><E101/><V14/><REACH who="2" step="1"/><F79/><REACH who="2" ten="339,293,179,179" step="2"/><W23/><G102/><T123/><D123/><U119/><E119/><V111/><F111/><W60/><G60/><T34/><D34/><U130/><E130/><V25/><F25/><W134/><G95/><AGARI ba="0,1" hai="12,17,20,43,46,48,68,71,85,90,95" m="50250" machi="95" ten="30,2000,0" yaku="19,1,52,1" doraHai="82" who="0" fromWho="3" sc="339,30,293,0,179,0,179,-20" /><INIT seed="2,0,0,3,5,14" ten="369,293,179,159" oya="2" hai0="115,119,74,58,133,93,126,67,50,113,38,15,65" hai1="111,21,108,106,87,66,45,48,110,22,123,8,36" hai2="88,5,46,102,4,26,128,17,127,23,62,71,72" hai3="132,105,37,35,97,79,124,92,31,130,122,78,6"/><V18/><F72/><W24/><G37/><T63/><D74/><U44/><E106/><V77/><F77/><W11/><G122/><T83/><D83/><U103/><E103/><V9/><F102/><W25/><G132/><T33/><D33/><U29/><E123/><V69/><F69/><W84/><G130/><T86/><D133/><U109/><E66/><V68/><F68/><W121/><G121/><T120/><D120/><U85/><E8/><V54/><F128/><W95/><G105/><T43/><D93/><U90/><E111/><V0/><F127/><W57/><G25/><T2/><D86/><U116/><E116/><V134/><F134/><W10/><G10/><T51/><D15/><U55/><E29/><V100/><F100/><W40/><G40/><T112/><D2/><U42/><REACH who="1" step="1"/><E87/><REACH who="1" ten="369,283,179,159" step="2"/><V56/><F56/><W64/><BYE who="2" /><G84/><T52/><D119/><U39/><E39/><V12/><F12/><W41/><G57/><UN n2="%E3%82%A8%E3%83%88%E3%83%9A%E3%83%B3%E2%98%86%E5%BD%A1" /><T16/><D126/><U32/><E32/><V28/><F71/><W81/><G64/><N who="0" m="24651" /><D16/><N who="2" m="6250" /><F4/><W94/><G124/><T89/><D115/><U117/><E117/><V114/><F114/><W80/><G97/><T129/><D113/><U47/><E47/><V20/><F20/><W53/><G6/><T96/><D112/><U125/><E125/><V76/><F46/><W49/><G11/><T99/><D129/><U59/><E59/><N who="2" m="35191" /><F76/><W101/><G79/><T75/><D75/><U19/><E19/><V7/><F7/><W104/><G78/><T30/><D38/><U13/><E13/><V135/><F135/><W1/><G104/><RYUUKYOKU ba="0,1" sc="369,-15,283,15,179,15,159,-15" hai1="21,22,36,42,44,45,48,55,85,90,108,109,110" hai2="0,5,9,23,26,28,88" /><INIT seed="2,1,1,4,1,59" ten="354,298,194,144" oya="2" hai0="73,5,68,65,93,89,82,71,119,90,31,126,112" hai1="128,29,48,12,109,1,125,49,79,81,78,110,50" hai2="66,67,24,97,18,91,17,30,11,88,44,83,60" hai3="34,111,47,9,76,87,75,104,80,55,7,123,53"/><V105/><F66/><W0/><G123/><T127/><D112/><U131/><E1/><V40/><F83/><W21/><G104/><T16/><D31/><U85/><E29/><V86/><F86/><W74/><G74/><T26/><D5/><U134/><E134/><V61/><F61/><W114/><G21/><N who="0" m="13607" /><D119/><U51/><E125/><N who="0" m="47625" /><D65/><U10/><E51/><V102/><F18/><W32/><G114/><T42/><D42/><U94/><E79/><V116/><F116/><W72/><G72/><T20/><D20/><U13/><E10/><V45/><F45/><W124/><G124/><T96/><D90/><U23/><E23/><V77/><F77/><AGARI ba="1,1" hai="68,71,73,77,82,89,93,96" m="47625,13607" machi="77" ten="30,2000,0" yaku="18,1,54,1" doraHai="59" who="0" fromWho="2" sc="354,33,298,0,194,-23,144,0" /><INIT seed="3,0,0,0,1,98" ten="387,298,171,144" oya="3" hai0="59,116,115,80,39,123,70,17,93,57,95,15,41" hai1="110,75,104,42,1,67,53,89,51,10,52,99,18" hai2="19,47,107,120,30,27,44,65,25,126,5,24,94" hai3="113,50,66,130,43,103,78,82,55,56,38,31,131"/><W45/><G113/><T134/><D116/><U8/><E75/><V11/><F126/><W85/><G31/><T40/><D123/><U84/><E110/><V96/><F107/><W101/><REACH who="3" step="1"/><G66/><REACH who="3" ten="387,298,171,134" step="2"/><T125/><D115/><U112/><E67/><V100/><F30/><W91/><G91/><T6/><D125/><U76/><E89/><V54/><F120/><W7/><G7/><T9/><D6/><U127/><E127/><V124/><F124/><W33/><G33/><T26/><D17/><U77/><E18/><V62/><F19/><W111/><G111/><T74/><D26/><U4/><E4/><V20/><F20/><W13/><G13/><T88/><D15/><U36/><E112/><V48/><F5/><W105/><G105/><T102/><D9/><U21/><E104/><V71/><REACH who="2" step="1"/><F11/><REACH who="2" ten="387,298,161,134" step="2"/><W3/><G3/><T35/><D35/><U34/><E34/><V79/><F79/><W68/><G68/><T23/><D70/><U87/><E21/><V119/><F119/><W106/><G106/><T61/><D23/><U118/><E118/><V64/><F64/><W37/><G37/><T2/><D39/><U86/><E36/><V92/><F92/><W90/><G90/><T46/><D93/><U69/><E69/><V63/><F63/><W49/><G49/><T109/><D95/><U29/><E1/><V16/><F16/><W14/><G14/><T81/><D88/><U97/><E29/><V108/><F108/><W28/><G28/><T83/><D2/><U132/><E51/><V72/><F72/><W73/><G73/><T121/><D74/><RYUUKYOKU ba="0,2" sc="387,-15,298,-15,161,15,134,15" hai2="24,25,27,44,47,48,54,62,65,71,94,96,100" hai3="38,43,45,50,55,56,78,82,85,101,103,130,131" /><INIT seed="3,1,2,0,2,109" ten="372,283,176,149" oya="3" hai0="115,79,73,5,88,31,82,14,10,102,128,75,100" hai1="135,11,19,80,53,93,3,126,29,67,83,44,21" hai2="64,2,69,8,87,103,72,68,117,78,66,9,123" hai3="27,74,130,37,40,129,84,114,119,49,95,105,104"/><W111/><G74/><T56/><D128/><N who="3" m="49257" /><G37/><T7/><D75/><U33/><E135/><V42/><F72/><W134/><G27/><T35/><D5/><U76/><E126/><V17/><F87/><W15/><G134/><T36/><D36/><U54/><E67/><V57/><F68/><W50/><G119/><T41/><D41/><U43/><E33/><V6/><F69/><W12/><G40/><T127/><D127/><U58/><E29/><V13/><F42/><W48/><G111/><T0/><D56/><U120/><E58/><V81/><F117/><W92/><G84/><T24/><D115/><U99/><E120/><V110/><F123/><W131/><N who="3" m="49265" /><W90/><DORA hai="91" /><G90/><T59/><D59/><U34/><E34/><V62/><F66/><W122/><G122/><T71/><D71/><U30/><E43/><V47/><F64/><W63/><G63/><T16/><D88/><U46/><E54/><V113/><F62/><W52/><G52/><T65/><REACH who="0" step="1"/><D65/><REACH who="0" ten="362,283,176,149" step="2"/><U28/><E53/><V20/><F110/><W97/><G114/><T32/><D32/><U101/><E46/><V107/><F113/><W86/><G86/><T25/><D25/><U112/><E44/><V38/><F38/><W106/><G97/><T98/><D98/><U61/><E112/><V70/><F70/><W45/><G45/><T132/><D132/><U22/><E99/><N who="2" m="61951" /><F47/><W121/><G121/><T118/><D118/><U60/><E60/><V18/><F57/><W124/><G124/><T26/><D26/><U39/><E61/><V51/><F51/><BYE who="2" /><UN n2="%E3%82%A8%E3%83%88%E3%83%9A%E3%83%B3%E2%98%86%E5%BD%A1" /><W23/><G23/><BYE who="2" /><AGARI ba="1,3" hai="0,7,10,14,16,23,24,31,35,73,79,82,100,102" machi="23" ten="30,12000,2" yaku="1,1,6,1,7,1,24,2,54,1,53,0" doraHai="109,91" doraHaiUra="133,55" who="0" fromWho="3" sc="362,153,283,0,176,0,149,-123" /><UN n2="%E3%82%A8%E3%83%88%E3%83%9A%E3%83%B3%E2%98%86%E5%BD%A1" /><INIT seed="4,0,0,0,1,118" ten="515,283,176,26" oya="0" hai0="112,61,10,98,104,96,38,64,15,47,42,28,89" hai1="134,107,121,95,71,78,74,20,97,4,127,3,53" hai2="86,58,65,79,101,11,73,111,62,25,50,7,91" hai3="108,37,63,40,133,82,8,128,68,41,81,113,66"/><T122/><D112/><U90/><E134/><V23/><F111/><W57/><G113/><T92/><D28/><U36/><E127/><V0/><F101/><W29/><G108/><T129/><D129/><U45/><E71/><V100/><F100/><W130/><G133/><T33/><D33/><U56/><E107/><V54/><F73/><W67/><G29/><T109/><D109/><U26/><E121/><V75/><F75/><W125/><G8/><T12/><D12/><U88/><E78/><V126/><F79/><W31/><G31/><T9/><D9/><U1/><E4/><V117/><F126/><W18/><G18/><T27/><D27/><U132/><E74/><V59/><F117/><W43/><G125/><T6/><D104/><U70/><E70/><V131/><F131/><N who="3" m="50219" /><G82/><T110/><D110/><U114/><E132/><V48/><F48/><W60/><BYE who="2" /><G81/><UN n2="%E3%82%A8%E3%83%88%E3%83%9A%E3%83%B3%E2%98%86%E5%BD%A1" /><T87/><REACH who="0" step="1"/><D122/><REACH who="0" ten="505,283,176,26" step="2"/><U72/><E26/><V34/><F34/><W49/><BYE who="2" /><G37/><T115/><D115/><U120/><E36/><V55/><F55/><W93/><G93/><T102/><D102/><U85/><E53/><V135/><F135/><W69/><G69/><AGARI ba="0,1" hai="6,10,15,38,42,47,61,64,69,87,89,92,96,98" machi="69" ten="30,2900,0" yaku="1,1,7,1,53,0" doraHai="118" doraHaiUra="16" who="0" fromWho="3" sc="505,39,283,0,176,0,26,-29" owari="544,64.0,283,8.0,176,-22.0,-3,-50.0" /></mjloggm>