<mjloggm ver="2.3"><GO type="41" lobby="0"/><UN n0="%E3%83%81%E3%82%AD%E3%83%BC%E3%82%BF%E3%83%90%E3%83%8B%E3%83%A9" n1="%77%79%79%78%68%78%6E%6E" n2="%E2%93%9D%53%75%70%68%78" n3="%52%6F%73%65%62%61%6E%6B" dan="14,14,18,15" rate="1901.72,1950.11,2077.43,2024.93" sx="M,M,M,F"/><TAIKYOKU oya="0"/><INIT seed="0,0,0,3,3,71" ten="250,250,250,250" oya="0" hai0="80,39,59,100,63,33,21,105,85,24,112,74,104" hai1="19,129,127,0,44,34,110,45,89,36,120,86,72" hai2="43,69,58,6,102,57,13,123,38,97,92,10,83" hai3="66,79,70,30,109,7,48,93,15,90,77,113,95"/><T99/><D112/><U62/><E120/><V106/><F123/><W8/><G109/><T22/><D74/><U51/><E72/><V107/><F69/><W17/><G30/><T115/><D115/><U18/><E34/><V3/><F3/><W20/><G95/><T32/><D105/><U61/><E110/><V14/><F83/><W5/><G5/><T111/><D22/><U31/><E0/><V46/><REACH who="2" step="1"/><F14/><REACH who="2" ten="250,250,240,250" step="2"/><W117/><G70/><T133/><D80/><U64/><E127/><V55/><F55/><W119/><G113/><T37/><D111/><U101/><E129/><V41/><F41/><W25/><G66/><T114/><D114/><U75/><E64/><V108/><F108/><W87/><G117/><T42/><D42/><U76/><E75/><V50/><F50/><W4/><G119/><T16/><D133/><U116/><E51/><V135/><F135/><W132/><G132/><T124/><D124/><U126/><E116/><V125/><F125/><W73/><G73/><T60/><D60/><U53/><E62/><V52/><F52/><W122/><G122/><T23/><D63/><U82/><E61/><V68/><F68/><W81/><G48/><T65/><D65/><U131/><E126/><V96/><F96/><W56/><G81/><T40/><D40/><U49/><E82/><V84/><F84/><W91/><G87/><T118/><D85/><U88/><E86/><V9/><F9/><W67/><G8/><T128/><D118/><U47/><E53/><V134/><F134/><W1/><G1/><T27/><D128/><U28/><E49/><RYUUKYOKU ba="0,1" sc="250,-10,250,-10,240,30,250,-10" hai2="6,10,13,38,43,46,57,58,92,97,102,106,107" /><INIT seed="1,1,1,0,3,131" ten="240,240,270,240" oya="1" hai0="87,100,31,66,58,53,91,36,29,5,106,120,105" hai1="86,85,32,94,33,37,125,42,95,134,93,41,111" hai2="84,112,124,45,68,65,59,22,20,13,73,72,38" hai3="74,9,48,118,126,10,39,46,4,107,108,12,14"/><U89/><E125/><V77/><F68/><W82/><G108/><T121/><D36/><U55/><E111/><V56/><F124/><W64/><G118/><T88/><D66/><U35/><E37/><V51/><F38/><W30/><G126/><T71/><D71/><U135/><E55/><V18/><F112/><W97/><G30/><N who="0" m="11275" /><D5/><U113/><E113/><V129/><F129/><W79/><G64/><T49/><D91/><U96/><E96/><V70/><F22/><W27/><G27/><T76/><D76/><U133/><E89/><V78/><F70/><W60/><G60/><T2/><D2/><U19/><E19/><V132/><F78/><W119/><G119/><T103/><D106/><U40/><AGARI ba="1,1" hai="32,33,35,40,41,42,85,86,93,94,95,133,134,135" machi="40" ten="50,48000,5" yakuman="40" doraHai="131" who="1" fromWho="1" sc="240,-161,240,493,270,-161,240,-161" /><INIT seed="1,2,0,0,5,1" ten="79,733,109,79" oya="1" hai0="2,113,80,17,101,106,78,11,52,123,84,88,0" hai1="42,28,71,90,126,132,87,117,54,124,79,131,69" hai2="70,130,125,27,12,122,133,5,73,65,15,43,96" hai3="50,51,115,10,95,45,14,97,26,92,109,120,47"/><U4/><E117/><V82/><F122/><W118/><G115/><T20/><D113/><U64/><E132/><V7/><F43/><W49/><G120/><T83/><D123/><U108/><E108/><V127/><F130/><W103/><G109/><T116/><D116/><U107/><E131/><V41/><F41/><W29/><G95/><T66/><D66/><U39/><E39/><V6/><F133/><W129/><G129/><T59/><D101/><U105/><E42/><V110/><F27/><W58/><G58/><T34/><D106/><U35/><E79/><N who="2" m="44399" /><F96/><W91/><G103/><T112/><D34/><U32/><E54/><V60/><F110/><W102/><G102/><T121/><D121/><U33/><E28/><V57/><F70/><N who="1" m="26633" /><E4/><V119/><F119/><W22/><REACH who="3" step="1"/><G118/><REACH who="3" ten="79,733,109,69" step="2"/><T44/><D112/><U62/><E124/><AGARI ba="2,1" hai="5,6,7,12,15,57,60,65,124,125,127" m="44399" machi="124" ten="30,7700,0" yaku="18,1,52,3" doraHai="1" who="2" fromWho="1" sc="79,0,733,-83,109,93,69,0" /><INIT seed="2,0,0,2,3,53" ten="79,650,202,69" oya="2" hai0="81,10,55,131,100,12,75,115,60,24,66,122,128" hai1="72,98,19,0,127,27,22,103,74,64,77,95,5" hai2="102,59,26,34,57,48,88,69,89,108,36,133,101" hai3="20,42,110,41,25,46,4,30,65,90,82,61,1"/><V15/><F69/><W113/><G110/><T125/><D122/><U70/><E127/><V35/><F36/><W13/><G113/><T109/><D115/><U130/><E130/><V91/><F108/><W76/><G1/><T52/><D109/><U18/><E0/><V104/><F133/><W99/><G42/><T47/><D100/><N who="2" m="38506" /><F104/><W44/><G44/><T28/><D75/><U39/><E5/><V134/><F134/><W33/><G99/><T124/><D81/><U43/><E43/><V6/><F35/><W73/><G90/><T116/><D47/><U118/><E39/><V80/><F34/><W117/><G117/><T14/><D116/><U50/><E118/><V63/><F26/><W132/><G132/><T49/><D49/><U38/><E38/><V83/><F48/><W94/><G94/><T11/><D24/><U135/><E135/><V107/><F63/><W97/><G97/><T84/><D60/><U129/><E129/><V40/><F40/><W67/><G61/><T2/><D2/><U112/><E112/><V37/><F107/><W93/><G93/><T45/><D84/><U86/><E70/><V32/><F32/><W58/><G33/><T111/><D111/><U7/><E64/><V29/><F29/><W3/><G67/><T54/><D66/><U78/><E7/><V68/><F68/><W114/><G65/><T23/><D28/><U79/><E72/><V121/><F37/><N who="3" m="21807" /><G114/><T120/><D120/><U21/><E74/><V62/><F121/><W119/><G119/><T8/><D131/><U9/><E50/><V51/><F51/><RYUUKYOKU ba="0,0" sc="79,0,650,0,202,0,69,0" /><INIT seed="3,1,0,5,0,32" ten="79,650,202,69" oya="3" hai0="59,15,100,41,39,26,18,132,106,88,7,3,75" hai1="64,130,96,58,122,1,120,82,77,84,112,72,8" hai2="71,80,16,89,61,33,128,66,45,118,125,94,65" hai3="48,38,10,135,12,116,69,55,129,95,17,6,83"/><W50/><G116/><T34/><D75/><U114/><E64/><V67/><F33/><W119/><G119/><T102/><D106/><U23/><E23/><V52/><F128/><W110/><G38/><T2/><D41/><U36/><E36/><V70/><F125/><W115/><G115/><N who="1" m="44074" /><E58/><V42/><F80/><W14/><G129/><T56/><D39/><U124/><E1/><V85/><F118/><W5/><G135/><T24/><D7/><U127/><E8/><V101/><F101/><W113/><G113/><T13/><D34/><U43/><E43/><V90/><F90/><W73/><G69/><T20/><D20/><U63/><E63/><V27/><F71/><W44/><G95/><T31/><D88/><N who="1" m="51223" /><E130/><V46/><F70/><W131/><G131/><T98/><D98/><U81/><E96/><V121/><F42/><W11/><G17/><T68/><D68/><U25/><E25/><V53/><F61/><W79/><REACH who="3" step="1"/><G50/><REACH who="3" ten="79,650,202,59" step="2"/><T35/><D18/><U133/><E133/><V123/><F16/><W28/><G28/><T108/><D132/><U76/><E76/><V47/><F27/><W109/><AGARI ba="1,1" hai="5,6,10,11,12,14,44,48,55,73,79,83,109,110" machi="109" ten="30,11700,0" yaku="1,1,0,1,9,1,53,1" doraHai="32" doraHaiUra="107" who="3" fromWho="3" sc="79,-40,650,-40,202,-40,59,130" /><INIT seed="3,2,0,2,5,8" ten="39,610,162,189" oya="3" hai0="21,126,65,91,82,88,56,39,105,106,114,97,86" hai1="84,47,46,18,49,42,32,13,29,70,96,17,124" hai2="16,83,28,54,61,127,30,68,5,12,74,132,77" hai3="9,135,129,25,2,92,100,73,40,63,48,10,119"/><W24/><G119/><T94/><D39/><U118/><E70/><V4/><F132/><W6/><G135/><T11/><D126/><U103/><E118/><V93/><F127/><W72/><G129/><T53/><D65/><U117/><E117/><V134/><F134/><W66/><G10/><T14/><D21/><U50/><E124/><V33/><F93/><W15/><G2/><T87/><D97/><U131/><E131/><V22/><F33/><W0/><G0/><T69/><D69/><U41/><E32/><V81/><F81/><W85/><G72/><T101/><D101/><U123/><E123/><V122/><F122/><W98/><G73/><T64/><D64/><U109/><E109/><V23/><F68/><W112/><G112/><T99/><D99/><U52/><E29/><V1/><F1/><W113/><G113/><T43/><D43/><U111/><E111/><V38/><F38/><W71/><REACH who="3" step="1"/><G85/><REACH who="3" ten="39,610,162,179" step="2"/><T78/><D114/><U75/><E84/><V31/><REACH who="2" step="1"/><F23/><REACH who="2" ten="39,610,152,179" step="2"/><W128/><G128/><T116/><D116/><U20/><E20/><V104/><F104/><W51/><G51/><T79/><D106/><U7/><E50/><V59/><AGARI ba="2,2" hai="4,5,12,16,22,28,30,31,54,59,61,74,77,83" machi="59" ten="30,7900,0" yaku="1,1,0,1,52,1,54,1,53,0" doraHai="8" doraHaiUra="102" who="2" fromWho="2" sc="39,-22,610,-22,152,105,179,-41" /><INIT seed="4,0,0,2,1,130" ten="17,588,257,138" oya="0" hai0="81,68,9,3,37,107,127,28,94,34,92,114,57" hai1="22,97,42,33,78,86,132,106,123,133,90,0,112" hai2="43,36,18,56,30,110,119,105,98,70,122,55,25" hai3="121,65,11,74,62,83,52,128,4,63,53,87,60"/><T75/><D114/><U125/><E33/><V7/><F110/><W47/><G128/><T91/><D68/><U80/><E0/><V77/><F122/><W59/><G74/><T39/><D107/><U135/><E42/><V21/><F7/><W16/><G121/><T102/><D102/><N who="1" m="62799" /><E123/><V116/><F77/><W10/><G10/><T73/><D3/><U124/><E22/><V103/><F70/><W67/><G4/><T76/><D9/><U111/><E111/><V58/><F43/><W8/><G8/><T5/><D5/><U44/><E44/><V61/><F36/><W15/><G47/><T117/><D117/><N who="2" m="45130" /><F58/><W115/><G115/><T69/><D69/><U126/><E112/><V45/><F45/><W6/><G6/><T129/><D73/><U89/><AGARI ba="0,0" hai="78,80,86,89,90,124,125,126,132,133,135" m="62799" machi="89" ten="40,12000,2" yaku="18,1,20,1,34,2,52,3" doraHai="130" who="1" fromWho="1" sc="17,-60,588,120,257,-30,138,-30" owari="-43,-54.0,708,80.0,227,3.0,108,-29.0" /></mjloggm>