<mjloggm ver="2.3"><GO type="41" lobby="0"/><UN n0="%E2%93%9D%53%75%70%68%78" n1="%6B%61%7A%75%30%35%37%33" n2="%E4%BD%99%E8%A8%88" n3="%E3%81%88%E3%81%99%E3%81%A8%E3%82%8D%E3%81%92%E3%82%93" dan="18,13,14,15" rate="2068.31,1806.07,1919.59,1971.39" sx="M,M,M,F"/><TAIKYOKU oya="0"/><INIT seed="0,0,0,2,2,38" ten="250,250,250,250" oya="0" hai0="112,31,28,12,62,100,105,92,15,104,93,10,114" hai1="131,73,128,14,107,91,67,32,4,29,9,13,110" hai2="103,77,64,40,99,44,130,134,49,119,123,35,48" hai3="0,101,82,125,94,80,1,109,72,24,66,20,22"/><T57/><D57/><U5/><E73/><V60/><F123/><W78/><G109/><T84/><D84/><U122/><E107/><V71/><F130/><N who="1" m="49705" /><E67/><V56/><F134/><W70/><G125/><T65/><D65/><U55/><E55/><V133/><F133/><W16/><G82/><T47/><D47/><U52/><E91/><V17/><F119/><W135/><G135/><T132/><D132/><U11/><E52/><V34/><F77/><W30/><G94/><T39/><D39/><U126/><E122/><V59/><F17/><W8/><G8/><T95/><D10/><U111/><E126/><V58/><REACH who="2" step="1"/><F48/><REACH who="2" ten="250,250,240,250" step="2"/><W83/><G78/><T36/><D36/><U89/><E89/><V98/><F98/><W87/><G101/><T54/><D100/><U76/><E76/><V120/><F120/><W75/><G72/><T33/><D114/><U116/><E116/><V51/><F51/><W21/><G75/><T74/><D74/><U43/><E29/><V41/><F41/><W129/><G30/><T85/><D31/><U23/><E43/><V127/><F127/><W26/><G129/><T121/><D112/><U115/><E115/><V42/><F42/><W37/><G37/><T86/><D121/><U25/><E32/><V117/><F117/><W53/><G16/><T6/><D28/><U46/><E110/><V97/><F97/><W108/><G108/><T68/><D33/><U124/><E111/><V45/><F45/><W88/><G88/><T7/><D86/><U102/><E46/><V63/><F63/><W3/><G87/><T81/><D85/><RYUUKYOKU ba="0,1" sc="250,-10,250,-10,240,30,250,-10" hai2="34,35,40,44,49,56,58,59,60,64,71,99,103" /><INIT seed="1,1,1,0,3,103" ten="240,240,270,240" oya="1" hai0="38,32,95,84,39,73,44,54,19,51,97,88,8" hai1="13,53,48,93,20,112,134,81,111,71,125,42,78" hai2="61,77,126,16,105,124,83,0,45,22,59,109,115" hai3="60,9,12,98,79,40,110,64,33,67,121,15,122"/><U50/><E112/><V106/><F115/><W66/><G33/><T2/><D73/><U135/><E71/><V104/><F0/><W43/><G110/><T18/><D32/><U62/><E125/><N who="2" m="48235" /><F45/><W58/><G121/><T69/><D69/><U119/><E119/><V130/><F130/><W41/><G122/><T68/><D68/><U10/><E20/><V23/><F109/><W70/><G79/><T7/><REACH who="0" step="1"/><D97/><REACH who="0" ten="230,240,270,240" step="2"/><U123/><E111/><V34/><F34/><W86/><G70/><T17/><AGARI ba="1,2" hai="2,7,8,17,18,19,38,39,44,51,54,84,88,95" machi="17" ten="30,8000,1" yaku="1,1,2,1,0,1,54,1,53,1" doraHai="103" doraHaiUra="89" who="0" fromWho="0" sc="230,103,240,-41,270,-21,240,-21" /><INIT seed="2,0,0,3,5,34" ten="333,199,249,219" oya="2" hai0="99,133,121,63,19,68,103,72,89,0,11,110,107" hai1="87,35,13,69,101,73,32,48,108,58,127,7,44" hai2="21,134,10,77,114,91,84,23,26,93,71,130,131" hai3="12,98,135,50,56,129,81,66,102,16,83,115,61"/><V28/><F114/><W78/><G135/><T86/><D110/><U24/><E73/><V47/><F134/><W38/><G129/><T25/><D121/><U109/><E69/><V6/><F71/><W15/><G115/><T55/><D72/><U54/><E101/><V18/><F47/><W106/><G38/><T3/><D133/><U22/><E127/><V2/><REACH who="2" step="1"/><F77/><REACH who="2" ten="333,199,239,219" step="2"/><W64/><G64/><T67/><D55/><U97/><E44/><V76/><F76/><W92/><G106/><T95/><REACH who="0" step="1"/><D11/><REACH who="0" ten="323,199,239,219" step="2"/><U59/><E109/><V120/><F120/><W1/><G66/><T49/><D49/><U33/><E108/><V17/><F17/><W79/><G50/><T132/><D132/><U111/><E48/><V118/><F118/><W53/><G16/><T96/><D96/><U75/><E97/><V116/><F116/><W82/><G1/><T30/><D30/><U9/><E111/><V112/><F112/><W41/><G41/><T128/><D128/><U62/><E9/><V45/><F45/><W37/><G37/><T29/><D29/><U122/><E122/><V94/><F94/><W125/><G125/><T88/><D88/><U51/><E51/><V100/><F100/><W74/><REACH who="3" step="1"/><G83/><REACH who="3" ten="323,199,239,209" step="2"/><T20/><AGARI ba="0,3" hai="0,3,19,20,25,63,67,68,86,89,95,99,103,107" machi="20" ten="30,8000,1" yaku="1,1,0,1,52,2,53,1" doraHai="34" doraHaiUra="57" who="0" fromWho="0" sc="323,110,199,-20,239,-40,209,-20" /><INIT seed="3,0,0,1,2,103" ten="433,179,199,189" oya="3" hai0="3,41,58,22,80,84,95,99,23,16,20,121,81" hai1="96,77,32,105,125,52,71,118,79,8,13,56,57" hai2="110,34,10,111,30,27,39,76,59,109,131,116,33" hai3="35,92,63,9,82,122,48,134,2,19,42,29,83"/><W87/><G122/><T1/><D41/><U14/><E71/><V129/><F39/><W135/><G35/><N who="2" m="13321" /><F76/><N who="1" m="29257" /><E32/><N who="2" m="20575" /><F59/><N who="1" m="22601" /><E125/><V133/><F116/><W69/><G29/><T97/><D121/><U36/><E36/><V45/><F45/><N who="3" m="25655" /><G2/><T78/><D3/><U65/><E65/><V132/><F10/><W127/><G9/><T102/><D1/><U24/><E8/><V67/><F67/><N who="3" m="41215" /><G19/><T11/><D58/><U75/><E24/><V54/><F54/><W4/><G4/><T62/><D62/><U119/><E75/><V7/><F7/><W17/><G17/><T91/><D11/><U49/><E96/><V28/><F28/><W51/><G51/><T85/><D99/><U66/><E66/><V100/><F100/><W115/><G115/><T61/><D61/><U18/><E18/><AGARI ba="0,0" hai="16,18,20,22,23,78,80,81,84,85,91,95,97,102" machi="18" ten="40,2600,0" yaku="8,1,54,1" doraHai="103" who="0" fromWho="1" sc="433,26,179,-26,199,0,189,0" /><INIT seed="4,0,0,4,0,72" ten="459,153,199,189" oya="0" hai0="135,88,9,4,78,68,48,123,17,1,126,14,39" hai1="100,54,52,0,129,80,12,96,95,76,132,36,104" hai2="24,63,55,83,98,127,28,49,131,11,61,18,66" hai3="117,53,65,85,91,6,130,79,15,47,13,121,73"/><T22/><D135/><U29/><E36/><V105/><F127/><W110/><G110/><T30/><D68/><U42/><E0/><V41/><F131/><W118/><G130/><T116/><D116/><U102/><E129/><V112/><F112/><W111/><G111/><T62/><D123/><U58/><E42/><V71/><F41/><W23/><G65/><T56/><D48/><U106/><E29/><V69/><F83/><N who="3" m="47359" /><G73/><T70/><D70/><U86/><E132/><V134/><F134/><W50/><G121/><T21/><D78/><U122/><E122/><V113/><F113/><W7/><G118/><T25/><D39/><U35/><E35/><V44/><F11/><N who="3" m="4343" /><G117/><T33/><D126/><U26/><E26/><V31/><F18/><N who="3" m="10719" /><G91/><T77/><D77/><U90/><E106/><V45/><F105/><W119/><G119/><T32/><D88/><N who="1" m="55399" /><E104/><V87/><F69/><W27/><G27/><T81/><D81/><U20/><E90/><V5/><F24/><W125/><G125/><T103/><D103/><N who="1" m="39467" /><E58/><V64/><F71/><W34/><G34/><T114/><D114/><U3/><E3/><V59/><F59/><W2/><G2/><T46/><D33/><U93/><E93/><V10/><F28/><W75/><G75/><T40/><D32/><U51/><E51/><V74/><F31/><W8/><G7/><T99/><D1/><U84/><E84/><V94/><F5/><W89/><G89/><T82/><D4/><U43/><E43/><V92/><F74/><W109/><G109/><T60/><D40/><U101/><N who="1" m="39475" /><U16/><AGARI ba="0,0" hai="12,16,20,52,54,76,80,86" m="39475,55399" machi="16" ten="40,12000,2" yaku="4,1,8,1,52,1,54,3" doraHai="72" who="1" fromWho="1" sc="459,-60,153,120,199,-30,189,-30" /><INIT seed="5,0,0,1,4,63" ten="399,273,169,159" oya="1" hai0="93,115,52,75,73,2,71,78,131,77,10,3,104" hai1="90,62,32,31,50,9,45,17,48,107,15,5,81" hai2="96,68,6,123,26,36,38,130,4,18,25,103,108" hai3="87,110,129,69,83,8,44,94,109,114,11,12,116"/><U55/><E107/><V89/><F108/><W42/><G114/><T128/><D71/><U23/><E50/><V60/><F123/><W66/><G129/><N who="0" m="49739" /><D104/><U72/><E62/><V98/><F130/><W56/><G116/><T27/><D27/><U124/><E124/><V119/><F89/><W91/><G69/><T64/><D64/><U117/><E117/><V54/><F54/><W100/><G110/><T19/><D93/><U57/><E72/><N who="0" m="27721" /><D52/><N who="1" m="29711" /><E32/><V70/><F60/><W79/><G109/><T47/><D47/><U85/><E31/><V34/><F119/><W49/><G100/><T105/><D105/><U22/><E5/><V74/><F103/><W122/><G122/><T112/><D19/><U101/><E101/><V14/><F74/><W121/><G121/><T37/><D37/><U16/><E17/><V21/><F18/><W43/><G43/><T28/><D28/><U120/><E120/><V13/><REACH who="2" step="1"/><F21/><REACH who="2" ten="399,273,159,159" step="2"/><N who="1" m="7689" /><E55/><V102/><F102/><W135/><G42/><T111/><D111/><U61/><E61/><V53/><F53/><W0/><G44/><T132/><D115/><U118/><E118/><V126/><F126/><W40/><G40/><T65/><D112/><U59/><AGARI ba="0,1" hai="9,15,16,57,59,81,85,90" m="7689,29711" machi="59" ten="30,11700,0" yaku="25,1,8,1,54,2" doraHai="63" who="1" fromWho="1" sc="399,-39,273,127,159,-39,159,-39" /><INIT seed="5,1,0,4,4,113" ten="360,400,120,120" oya="1" hai0="54,6,61,66,74,44,36,5,1,131,82,110,104" hai1="88,11,95,0,8,25,101,4,26,46,31,85,22" hai2="48,130,114,97,10,28,29,69,17,124,106,111,58" hai3="49,122,34,126,109,63,40,87,94,75,118,18,77"/><U92/><E46/><V30/><F69/><W102/><G122/><T20/><D104/><U112/><E112/><V33/><F111/><W19/><G109/><T43/><D110/><U14/><E26/><V83/><F114/><W121/><G121/><T50/><D131/><U68/><E68/><V135/><F130/><W78/><G34/><T41/><D20/><U128/><E128/><V116/><F33/><W9/><G75/><T39/><D82/><U90/><E101/><V96/><F124/><W115/><G115/><T7/><D1/><U24/><E24/><V16/><F135/><W133/><G133/><T134/><D74/><U32/><E32/><V21/><F106/><W107/><G107/><T93/><D93/><U108/><E108/><V119/><F83/><N who="3" m="47599" /><G78/><T35/><D35/><U100/><E100/><V57/><F10/><W62/><G126/><T15/><D134/><U59/><E59/><V67/><F48/><W73/><G73/><T38/><REACH who="0" step="1"/><D15/><REACH who="0" ten="350,400,120,120" step="2"/><U103/><E0/><V86/><F21/><W79/><G94/><T132/><D132/><U125/><E125/><V12/><F12/><W71/><G9/><T3/><D3/><U127/><E11/><V117/><F86/><W99/><G99/><N who="2" m="37961" /><F67/><W27/><G27/><T105/><D105/><U129/><E127/><V80/><F80/><W56/><G102/><T60/><D60/><U2/><E129/><V37/><F37/><W23/><G62/><T81/><D81/><N who="1" m="49199" /><E2/><V120/><F120/><W45/><G23/><T84/><D84/><N who="1" m="52295" /><E95/><V123/><F123/><W53/><G63/><T98/><D98/><RYUUKYOKU ba="1,1" sc="350,10,400,10,120,10,120,-30" hai0="5,6,7,36,38,39,41,43,44,50,54,61,66" hai1="4,8,14,22,25,31,103" hai2="16,17,28,29,30,57,58,116,117,119" /><INIT seed="5,2,1,5,5,131" ten="360,410,130,90" oya="1" hai0="6,56,85,9,118,134,28,31,48,95,45,12,3" hai1="104,47,61,11,82,124,88,102,7,135,21,74,103" hai2="110,71,0,64,59,44,37,41,128,14,100,108,33" hai3="96,129,122,87,68,119,125,46,78,63,52,13,72"/><U1/><E104/><V43/><F0/><W4/><G122/><T19/><D118/><U26/><E61/><V89/><F33/><W130/><G119/><T66/><D134/><U40/><E124/><V133/><F100/><W2/><G2/><T50/><D3/><U77/><E135/><V32/><F32/><W75/><G125/><T114/><D114/><U29/><REACH who="1" step="1"/><E88/><REACH who="1" ten="360,400,130,90" step="2"/><V91/><F89/><W116/><G116/><T105/><D105/><U23/><E23/><V24/><F91/><W27/><G130/><T70/><D70/><U57/><E57/><V10/><F128/><W69/><G68/><T84/><D95/><U92/><E92/><V22/><F71/><W81/><G69/><T93/><D93/><U132/><E132/><V8/><F133/><W54/><G129/><T55/><D66/><U65/><E65/><V42/><F64/><W18/><G63/><T38/><D38/><AGARI ba="2,2" hai="1,7,11,21,26,29,38,40,47,74,77,82,102,103" machi="38" ten="30,11600,0" yaku="1,1,7,1,25,2,53,0" doraHai="131" doraHaiUra="49" who="1" fromWho="0" sc="360,-122,400,142,130,0,90,0" /><INIT seed="5,3,0,1,2,31" ten="238,542,130,90" oya="1" hai0="134,3,65,4,76,108,129,20,99,78,21,68,60" hai1="63,11,72,0,126,47,36,77,9,62,130,79,18" hai2="125,48,64,81,49,29,30,131,34,5,41,70,35" hai3="50,38,54,88,42,45,80,128,84,112,86,109,73"/><U53/><E79/><V124/><F131/><W37/><G109/><T91/><D108/><U13/><E130/><V135/><F135/><W89/><G128/><T95/><D129/><U94/><E94/><V58/><F5/><W43/><G73/><T123/><D134/><U113/><E53/><V133/><F133/><W105/><G105/><T17/><D21/><U111/><E126/><N who="2" m="48747" /><F70/><W102/><G102/><T120/><D4/><U57/><E113/><V15/><F15/><W40/><REACH who="3" step="1"/><G112/><REACH who="3" ten="238,542,130,80" step="2"/><T106/><D106/><U122/><E72/><V118/><F118/><W66/><G66/><T104/><D104/><U114/><E111/><V24/><F64/><W59/><G59/><T96/><D65/><U127/><E57/><V27/><F58/><W44/><G44/><T69/><D69/><U7/><E47/><V28/><F28/><W93/><AGARI ba="3,1" hai="37,38,40,42,43,45,50,54,80,84,86,88,89,93" machi="93" ten="30,4000,0" yaku="1,1,0,1,54,1,53,0" doraHai="31" doraHaiUra="32" who="3" fromWho="3" sc="238,-13,542,-23,130,-13,80,59" /><INIT seed="6,0,0,4,2,9" ten="225,519,117,139" oya="2" hai0="86,42,64,120,127,99,87,29,114,19,98,17,61" hai1="100,55,4,45,14,30,57,21,69,103,82,108,34" hai2="49,126,107,35,85,16,54,78,83,67,2,93,37" hai3="48,112,28,118,13,40,94,8,31,62,81,122,12"/><V53/><F37/><W77/><G118/><T15/><D120/><U121/><E69/><V7/><F107/><W63/><G122/><T24/><D114/><U84/><E121/><V26/><F126/><W11/><G112/><T96/><D42/><U135/><E34/><V97/><F67/><W70/><G94/><T109/><D109/><U129/><E108/><V110/><F110/><W79/><G70/><T130/><D130/><U113/><E135/><V39/><F39/><W47/><G81/><T43/><D19/><U68/><E68/><V106/><F106/><W32/><G32/><T90/><D43/><U18/><E45/><V38/><F38/><W132/><G132/><T52/><D64/><U105/><E105/><V73/><F73/><W6/><G77/><T44/><D24/><U74/><E74/><V71/><F71/><W56/><G79/><T102/><D29/><N who="3" m="11337" /><G56/><N who="0" m="34951" /><D127/><U125/><E125/><V27/><F35/><W92/><G92/><N who="0" m="58631" /><D44/><U104/><E113/><V1/><F54/><W91/><G62/><T101/><D101/><U22/><E103/><V95/><F95/><W134/><G63/><T115/><D115/><U20/><E100/><N who="2" m="60463" /><F7/><W123/><G123/><T117/><D117/><U60/><E104/><V3/><F3/><W133/><G91/><T58/><D90/><U59/><E4/><V119/><F119/><W88/><G88/><T72/><D72/><U41/><E129/><V124/><F124/><W36/><G36/><T33/><D33/><U128/><E128/><V89/><F89/><W46/><G46/><T111/><D111/><U5/><E5/><AGARI ba="0,0" hai="5,6,8,11,12,13,40,47,48,133,134" m="11337" machi="5" ten="30,3900,0" yaku="6,1,52,2" doraHai="9" who="3" fromWho="1" sc="225,0,519,-39,117,0,139,39" /><INIT seed="7,0,0,5,5,17" ten="225,480,117,178" oya="3" hai0="74,87,8,121,129,58,63,25,79,10,40,106,102" hai1="61,19,88,54,98,48,42,28,127,86,46,64,132" hai2="14,83,66,55,77,76,93,85,91,114,27,122,81" hai3="84,108,100,4,47,32,45,33,22,49,112,68,20"/><W36/><G68/><T105/><D74/><U95/><E127/><V34/><F114/><W94/><G112/><T113/><D129/><U1/><E1/><V125/><F125/><W51/><G108/><T103/><D40/><U71/><E132/><V131/><F131/><W69/><G69/><T39/><D25/><U57/><E28/><V65/><F122/><W133/><G36/><T72/><D87/><U7/><E7/><V31/><F14/><W3/><G133/><T124/><D79/><U89/><E19/><V9/><F9/><W35/><G4/><T11/><D72/><U15/><E15/><V62/><F55/><W5/><G5/><T75/><D75/><U44/><E42/><V43/><F43/><W21/><G3/><T123/><D39/><U111/><E111/><V130/><F130/><W16/><G16/><T0/><D0/><U12/><E12/><V26/><F26/><W6/><G6/><T13/><D13/><U30/><E30/><V118/><F118/><W67/><G67/><N who="0" m="39415" /><D113/><U52/><E54/><V24/><F24/><W59/><G59/><T29/><D29/><U70/><E71/><V60/><F65/><W23/><N who="3" m="5120" /><DORA hai="109" /><W90/><REACH who="3" step="1"/><G100/><REACH who="3" ten="225,480,117,168" step="2"/><T119/><D103/><U18/><E18/><V128/><F128/><W38/><G38/><T53/><D102/><U135/><E135/><V78/><REACH who="2" step="1"/><F62/><REACH who="2" ten="225,480,107,168" step="2"/><W82/><G82/><AGARI ba="0,2" hai="44,46,48,52,57,61,64,70,82,86,88,89,95,98" machi="82" ten="30,3900,0" yaku="7,1,54,2" doraHai="17,109" who="1" fromWho="3" sc="225,0,480,59,107,0,168,-39" owari="225,3.0,539,63.0,107,-39.0,129,-27.0" /></mjloggm>