<mjloggm ver="2.3"><GO type="41" lobby="0"/><UN n0="%E8%B6%85%E5%AE%99%E5%A4%AA" n1="%E5%90%B9%E7%9F%B3%E7%90%B4%E7%BE%8E" n2="%E2%93%9D%53%75%70%68%78" n3="%E3%81%9F%E3%81%98%E3%81%BE%E3%81%98%E3%82%93" dan="14,15,18,13" rate="1862.55,2052.87,2079.25,1822.78" sx="M,F,M,M"/><TAIKYOKU oya="0"/><INIT seed="0,0,0,4,1,94" ten="250,250,250,250" oya="0" hai0="65,117,42,106,114,34,53,47,70,49,17,62,68" hai1="29,116,113,67,33,19,125,18,95,71,12,103,39" hai2="3,13,126,36,16,79,77,131,2,20,61,105,100" hai3="101,64,63,6,5,112,30,43,26,27,23,98,58"/><T122/><D106/><U37/><E116/><V38/><F131/><W73/><G73/><T69/><D34/><U57/><E113/><V4/><F126/><W7/><G112/><T88/><D114/><U85/><E125/><V102/><F61/><W93/><G43/><T32/><D32/><U22/><E71/><V108/><F108/><W31/><REACH who="3" step="1"/><G5/><REACH who="3" ten="250,250,250,240" step="2"/><T40/><D117/><U82/><E33/><AGARI ba="0,1" hai="6,7,23,26,27,30,31,33,58,63,64,93,98,101" machi="33" ten="30,12000,2" yaku="1,1,2,1,7,1,25,2,52,1,53,0" doraHai="94" doraHaiUra="76" who="3" fromWho="1" sc="250,0,250,-120,250,0,240,130" /><INIT seed="1,0,0,3,3,10" ten="250,130,250,370" oya="1" hai0="11,3,22,70,52,39,34,7,33,104,106,100,59" hai1="0,123,89,67,69,119,132,135,114,51,54,95,9" hai2="31,68,84,117,78,48,60,131,99,93,88,57,72" hai3="28,36,40,112,58,56,50,26,71,108,1,42,35"/><U130/><E119/><V101/><F131/><W5/><G112/><T47/><D70/><U87/><E114/><V24/><F68/><W92/><G108/><T129/><D129/><U105/><E130/><V90/><F117/><W64/><G71/><T126/><D126/><U91/><E123/><V82/><F48/><W49/><G36/><T81/><D81/><U6/><E105/><V4/><F4/><W44/><G1/><T97/><D106/><U38/><E38/><V94/><F72/><W17/><G5/><T73/><D73/><U8/><E8/><V113/><F94/><W45/><G64/><T18/><D47/><U109/><E109/><V32/><REACH who="2" step="1"/><F113/><REACH who="2" ten="250,130,240,370" step="2"/><W23/><REACH who="3" step="1"/><G92/><REACH who="3" ten="250,130,240,360" step="2"/><T83/><D39/><U111/><E69/><V110/><F110/><W98/><G98/><T43/><D83/><U122/><E111/><V27/><F27/><AGARI ba="0,2" hai="17,23,26,27,28,35,40,42,44,45,49,50,56,58" machi="27" ten="30,3900,0" yaku="1,1,7,1,9,1,53,0" doraHai="10" doraHaiUra="107" who="3" fromWho="2" sc="250,0,130,0,240,-39,360,59" /><INIT seed="2,0,0,5,3,65" ten="250,130,201,419" oya="2" hai0="86,121,113,111,92,62,49,25,91,43,40,82,30" hai1="110,59,69,39,37,11,131,106,67,14,61,107,70" hai2="114,77,1,103,29,105,85,4,34,2,21,57,135" hai3="53,48,51,33,81,122,120,27,0,76,56,94,75"/><V5/><F57/><W87/><G0/><N who="2" m="105" /><F85/><W71/><G71/><T132/><D111/><U19/><E131/><V115/><F77/><W116/><G116/><T45/><D132/><U20/><E110/><V118/><F103/><W13/><G13/><T32/><D113/><N who="2" m="43018" /><F105/><W50/><G120/><T47/><D121/><U90/><E106/><V84/><F84/><W15/><G15/><T73/><D62/><U108/><E108/><V17/><F118/><W55/><G55/><T93/><REACH who="0" step="1"/><D73/><REACH who="0" ten="240,130,201,419" step="2"/><U52/><E107/><V35/><F135/><W42/><G122/><T9/><D9/><U127/><E127/><V134/><F134/><W83/><G42/><T8/><D8/><U16/><E69/><V112/><F112/><W36/><G36/><AGARI ba="0,1" hai="25,30,32,36,40,43,45,47,49,82,86,91,92,93" machi="36" ten="30,2000,0" yaku="1,1,7,1,53,0" doraHai="65" doraHaiUra="123" who="0" fromWho="3" sc="240,30,130,0,201,0,419,-20" /><INIT seed="3,0,0,4,5,97" ten="270,130,201,399" oya="3" hai0="44,40,60,65,89,24,6,8,51,130,66,121,105" hai1="112,106,48,20,5,23,67,102,59,132,19,70,41" hai2="96,87,57,35,52,134,133,25,34,64,77,0,99" hai3="42,30,98,109,107,3,71,63,62,79,122,7,127"/><W54/><G122/><T26/><D121/><U129/><E112/><V90/><F64/><W43/><G127/><T69/><D130/><U13/><E129/><V50/><F77/><W53/><G79/><T73/><D73/><U2/><E132/><N who="2" m="50795" /><F0/><W14/><G3/><T126/><D126/><U9/><E70/><V31/><F35/><W119/><G119/><T10/><D105/><U92/><E106/><V38/><F38/><W82/><G82/><AGARI ba="0,0" hai="25,31,34,50,52,57,82,87,90,96,99" m="50795" machi="82" ten="30,2000,0" yaku="20,1,54,1" doraHai="97" who="2" fromWho="3" sc="270,0,130,0,201,20,399,-20" /><INIT seed="4,0,0,4,2,115" ten="270,130,221,379" oya="0" hai0="109,4,7,131,123,5,83,70,88,27,61,52,24" hai1="53,64,95,119,46,3,122,113,89,48,84,8,55" hai2="10,44,118,63,26,42,103,68,80,69,32,128,34" hai3="127,47,31,111,56,90,60,13,85,16,104,124,81"/><T66/><D123/><U51/><E122/><V54/><F128/><W134/><G104/><T82/><D131/><U99/><E113/><V129/><F129/><W98/><G111/><T87/><D109/><U49/><E64/><V116/><F103/><W126/><G134/><T73/><D73/><U67/><E67/><V11/><F80/><W6/><G98/><T30/><D82/><U36/><E36/><V94/><F94/><W78/><G6/><T38/><D38/><U79/><E79/><V22/><F54/><N who="3" m="33815" /><G47/><T41/><D41/><U28/><E3/><V15/><F63/><W23/><G31/><T97/><D97/><U2/><E28/><V121/><F121/><W12/><G13/><T76/><D76/><AGARI ba="0,0" hai="12,16,23,76,78,81,85,90,124,126,127" m="33815" machi="76" ten="30,2000,0" yaku="18,1,54,1" doraHai="115" who="3" fromWho="0" sc="270,-20,130,0,221,0,379,20" /><INIT seed="5,0,0,5,4,6" ten="250,130,221,399" oya="1" hai0="130,102,31,18,13,32,11,106,58,53,40,4,78" hai1="92,38,22,89,57,2,133,41,15,79,128,72,25" hai2="83,16,115,91,86,103,39,59,7,122,96,120,105" hai3="87,84,27,50,82,127,43,112,51,73,81,35,93"/><U117/><E117/><V36/><F7/><W45/><G112/><T34/><D78/><U66/><E2/><V101/><F115/><W20/><G35/><T10/><D130/><U118/><E118/><V123/><F103/><W126/><G73/><T113/><D113/><U116/><E116/><V80/><F59/><W99/><G51/><T64/><D64/><U8/><E128/><V28/><F28/><W30/><G81/><T108/><D108/><U56/><E133/><V54/><F54/><W129/><G129/><T17/><D40/><U42/><E72/><V75/><REACH who="2" step="1"/><F16/><REACH who="2" ten="250,130,211,399" step="2"/><W114/><G114/><T107/><D102/><U24/><E56/><V71/><F71/><W12/><G126/><T21/><D31/><N who="1" m="17815" /><E25/><V97/><F97/><W90/><G127/><T52/><D53/><U37/><E37/><V0/><F0/><W5/><G82/><T48/><D34/><U100/><E38/><V61/><F61/><W65/><G65/><T3/><D32/><U121/><E100/><V19/><F19/><W26/><G30/><T109/><D109/><U55/><E66/><V76/><AGARI ba="0,1" hai="36,39,75,76,80,83,86,91,96,101,105,120,122,123" machi="76" ten="40,2700,0" yaku="1,1,0,1,53,0" doraHai="6" doraHaiUra="49" who="2" fromWho="2" sc="250,-7,130,-13,211,37,399,-7" /><INIT seed="6,0,0,2,1,53" ten="243,117,248,392" oya="2" hai0="66,21,96,17,61,43,87,51,74,38,120,110,89" hai1="45,84,40,6,101,67,5,11,109,28,12,92,122" hai2="72,29,70,115,65,54,102,90,4,69,22,49,8" hai3="86,14,135,134,132,71,80,19,131,56,42,104,41"/><V1/><F72/><W124/><G104/><T44/><D120/><U64/><E122/><V116/><F116/><W129/><G71/><T126/><D74/><U31/><E109/><V35/><F115/><W46/><G56/><T106/><D110/><U76/><E5/><V88/><F35/><W99/><G99/><T52/><D126/><U55/><E55/><V123/><F102/><W25/><G25/><T15/><D106/><U16/><E64/><V111/><F123/><W23/><G124/><T68/><D96/><U7/><E67/><V27/><F111/><W103/><G103/><T2/><D2/><U91/><E101/><V0/><F0/><W98/><G98/><T24/><D24/><U83/><E6/><V58/><REACH who="2" step="1"/><F70/><REACH who="2" ten="243,117,238,392" step="2"/><W62/><G132/><T36/><REACH who="0" step="1"/><D43/><REACH who="0" ten="233,117,238,392" step="2"/><U107/><E107/><V59/><F59/><W85/><G42/><T112/><D112/><U95/><E7/><V34/><F34/><W82/><G134/><T26/><D26/><U100/><E100/><V121/><F121/><W75/><G75/><T105/><D105/><U79/><E40/><V33/><F33/><W114/><G114/><T18/><D18/><U119/><E16/><V48/><F48/><W30/><G135/><T113/><D113/><U97/><E119/><V128/><F128/><W117/><G117/><T77/><D77/><U50/><E76/><V133/><F133/><W63/><G129/><T13/><D13/><U3/><E12/><V130/><F130/><W81/><G131/><T73/><D73/><U37/><E3/><V118/><F118/><W125/><G14/><RYUUKYOKU ba="0,2" sc="233,15,117,-15,238,15,392,-15" hai0="15,17,21,36,38,44,51,52,61,66,68,87,89" hai2="1,4,8,22,27,29,49,54,58,65,69,88,90" /><INIT seed="6,1,2,5,2,57" ten="248,102,253,377" oya="2" hai0="22,130,67,27,132,88,12,3,35,56,62,44,15" hai1="51,85,124,83,33,111,60,13,1,39,54,53,20" hai2="30,128,133,34,100,75,121,114,17,29,65,122,4" hai3="73,84,41,113,64,38,0,74,36,117,21,79,10"/><V24/><F75/><W55/><G117/><T94/><D3/><U32/><E111/><V115/><F100/><W127/><G64/><T43/><D132/><U92/><E39/><V9/><F65/><W47/><G36/><T86/><D35/><U110/><E110/><V90/><F90/><W37/><G37/><T125/><D130/><U93/><E1/><N who="2" m="143" /><F128/><W89/><G127/><T70/><D125/><U7/><E124/><V8/><F30/><W102/><G102/><T95/><D70/><U80/><E7/><V28/><F28/><W40/><G40/><T31/><D95/><U107/><E107/><V104/><F104/><W72/><G113/><N who="2" m="43017" /><F133/><W108/><G108/><T129/><D129/><U49/><E85/><V123/><F8/><W96/><G96/><T131/><D131/><U71/><E71/><V97/><F97/><W116/><G79/><T11/><D11/><U126/><E126/><V52/><F52/><W106/><G106/><T135/><D135/><U61/><REACH who="1" step="1"/><E20/><REACH who="1" ten="248,92,253,377" step="2"/><N who="2" m="13327" /><F29/><W105/><G105/><T76/><D76/><U26/><E26/><V16/><F16/><W45/><G74/><T118/><D118/><U46/><E46/><V78/><F78/><W103/><G116/><T119/><D119/><U25/><E25/><V99/><F99/><W91/><G73/><T23/><D44/><U19/><E19/><V98/><F98/><W18/><G72/><T5/><D5/><U63/><E63/><V87/><F87/><W112/><G84/><T59/><D86/><U48/><E48/><V101/><F101/><W81/><G103/><T68/><D68/><RYUUKYOKU ba="1,3" sc="248,-15,92,15,253,15,377,-15" hai1="13,32,33,49,51,53,54,60,61,80,83,92,93" hai2="34,121,122,123" /><INIT seed="6,2,3,4,3,133" ten="233,107,268,362" oya="2" hai0="77,67,101,100,4,85,57,1,78,43,117,10,110" hai1="94,79,103,102,30,46,123,0,86,53,111,8,107" hai2="6,74,41,21,51,45,97,99,112,70,42,80,88" hai3="114,91,36,113,63,31,93,65,135,127,56,83,104"/><V37/><F70/><W62/><G135/><T13/><D110/><U7/><E111/><V38/><F112/><N who="3" m="43115" /><G127/><T90/><D117/><U98/><E123/><V23/><F6/><W118/><G36/><T71/><D71/><U60/><E30/><V132/><F132/><W14/><G118/><T55/><D1/><U15/><E0/><V9/><F9/><W76/><G104/><T25/><D25/><U2/><E2/><V24/><F74/><N who="3" m="43415" /><G31/><T129/><D43/><U124/><E107/><V89/><F80/><W59/><G14/><T16/><D67/><U29/><E29/><V52/><F24/><W68/><G63/><N who="0" m="36287" /><D4/><U87/><E79/><N who="0" m="30217" /><D129/><U120/><E120/><V128/><F128/><W32/><G32/><T3/><D3/><U105/><E105/><V22/><F38/><W121/><G121/><T81/><AGARI ba="2,3" hai="10,13,16,81,85,90,100,101" m="30217,36287" machi="81" ten="30,2000,0" yaku="8,1,54,1" doraHai="133" who="0" fromWho="0" sc="233,56,107,-7,268,-12,362,-7" /><INIT seed="7,0,0,5,3,3" ten="289,100,256,355" oya="3" hai0="0,1,125,87,53,22,18,93,47,2,101,52,23" hai1="72,75,70,118,94,19,35,88,38,29,100,86,31" hai2="89,59,82,9,28,91,56,30,77,109,123,27,128" hai3="54,74,96,24,51,95,132,80,135,14,106,34,117"/><W15/><G117/><T78/><D125/><U110/><E110/><V26/><F109/><W17/><G106/><T120/><D120/><U13/><E38/><V76/><F9/><W62/><G62/><T61/><D61/><U108/><E108/><V129/><REACH who="2" step="1"/><F82/><REACH who="2" ten="289,100,246,355" step="2"/><W65/><G80/><T7/><D78/><U84/><E118/><V113/><F113/><W104/><G74/><T32/><D32/><U46/><E70/><V130/><F130/><W79/><G79/><T45/><D23/><U63/><E35/><V126/><F126/><W67/><G104/><T111/><D111/><U116/><E116/><V122/><AGARI ba="0,1" hai="26,27,28,30,56,59,76,77,89,91,122,123,128,129" machi="122" ten="25,6400,0" yaku="1,1,0,1,22,2,53,0" doraHai="3" doraHaiUra="66" who="2" fromWho="2" sc="289,-16,100,-16,246,74,355,-32" owari="273,-13.0,84,-42.0,320,12.0,323,43.0" /></mjloggm>