<mjloggm ver="2.3"><GO type="41" lobby="0"/><UN n0="%E5%B9%B3%E5%B7%9D%E7%B4%94%E5%B8%82" n1="%E3%83%AA%E3%83%AB%E3%83%A0%E3%83%BB%E3%83%AD%E3%83%AD%E3%83%83%E3%83%88" n2="%E6%9C%9D%E5%80%89%E6%B6%BC%E5%AD%90" n3="%E2%93%9D%53%75%70%68%78" dan="13,14,14,18" rate="1869.85,1902.06,1971.57,2118.84" sx="M,M,F,M"/><TAIKYOKU oya="0"/><INIT seed="0,0,0,1,2,39" ten="250,250,250,250" oya="0" hai0="34,81,73,37,95,27,52,115,6,45,65,58,20" hai1="101,87,133,104,111,24,10,69,54,25,68,7,79" hai2="102,129,55,22,131,113,30,11,23,72,132,64,21" hai3="26,85,3,119,48,36,100,13,9,15,51,70,59"/><T108/><D115/><U125/><E111/><V46/><F72/><W84/><G36/><T116/><D116/><U18/><E125/><V38/><F113/><W4/><G70/><T105/><D105/><U71/><E133/><V19/><F64/><W1/><G100/><T49/><D108/><U33/><E18/><V110/><F110/><W103/><G103/><T121/><D121/><U130/><E130/><N who="2" m="49675" /><F102/><W50/><G26/><T28/><D95/><U41/><E54/><V60/><F132/><W62/><G3/><T91/><D6/><U114/><E33/><V98/><F98/><W32/><G32/><T42/><D91/><U122/><E79/><V112/><F30/><W94/><G119/><T120/><D120/><U14/><E87/><V123/><F112/><W8/><G1/><T80/><D73/><U109/><E109/><V57/><F11/><W135/><G94/><T31/><REACH who="0" step="1"/><D65/><REACH who="0" ten="240,250,250,250" step="2"/><U124/><E114/><V66/><F123/><W78/><G135/><T67/><D67/><U35/><E122/><V83/><F66/><N who="3" m="39263" /><G78/><T74/><D74/><U86/><E124/><V92/><F92/><W17/><AGARI ba="0,1" hai="4,8,9,13,15,17,48,50,51,84,85" m="39263" machi="17" ten="30,1100,0" yaku="8,1" doraHai="39" who="3" fromWho="3" sc="240,-5,250,-3,250,-3,250,21" /><INIT seed="1,0,0,0,0,43" ten="235,247,247,271" oya="1" hai0="58,6,85,126,54,131,75,110,121,13,79,20,123" hai1="61,76,115,10,108,41,127,32,95,49,87,130,103" hai2="70,17,128,26,31,9,73,71,65,66,88,1,29" hai3="60,12,69,64,35,53,52,68,4,19,72,44,120"/><U90/><E115/><V23/><F73/><W47/><G35/><T46/><D110/><U38/><E32/><V132/><F128/><W27/><G72/><T0/><D131/><U97/><E38/><V111/><F111/><W28/><G4/><T106/><D106/><U118/><E108/><V105/><F105/><W117/><G120/><N who="0" m="46155" /><D126/><U78/><E127/><V101/><F101/><W135/><G69/><T134/><D134/><U107/><E130/><V67/><F132/><W92/><G117/><T34/><D34/><U119/><E61/><V94/><F71/><W112/><G112/><T116/><D116/><U36/><E36/><V22/><F70/><W98/><G27/><T11/><D75/><U122/><E122/><V24/><F67/><W83/><G83/><N who="0" m="47359" /><D20/><U91/><E118/><V82/><F82/><W86/><G86/><T14/><D58/><U93/><E10/><V33/><F1/><W7/><G28/><T18/><D18/><U50/><E119/><V55/><F33/><W80/><G7/><T42/><D54/><N who="3" m="21097" /><G80/><T57/><D57/><U45/><REACH who="1" step="1"/><E49/><AGARI ba="0,0" hai="0,6,11,13,14,42,46,49" m="47359,46155" machi="49" ten="30,2000,0" yaku="13,1,52,1" doraHai="43" who="0" fromWho="1" sc="235,20,247,-20,247,0,271,0" /><INIT seed="2,0,0,5,3,119" ten="255,227,247,271" oya="2" hai0="84,81,70,42,109,75,57,26,64,110,124,15,30" hai1="131,118,96,11,61,85,37,55,127,48,90,0,43" hai2="47,53,68,101,120,58,25,128,123,112,132,33,12" hai3="17,54,38,41,92,107,130,104,40,8,126,31,10"/><V135/><F68/><W6/><G130/><T65/><D42/><U93/><E127/><V14/><F112/><W102/><G31/><T39/><D39/><U16/><E131/><V106/><F128/><W94/><G17/><T32/><D124/><U79/><E118/><V73/><F73/><W77/><G126/><T23/><D75/><U28/><E28/><N who="2" m="19599" /><F47/><W9/><G6/><T46/><D46/><U56/><E56/><V80/><BYE who="1" /><F80/><W5/><G5/><T49/><D70/><UN n1="%E3%83%AA%E3%83%AB%E3%83%A0%E3%83%BB%E3%83%AD%E3%83%AD%E3%83%83%E3%83%88" /><U18/><E61/><V100/><F106/><W113/><G77/><N who="0" m="46127" /><D15/><N who="2" m="5674" /><F101/><W72/><G72/><T115/><D115/><U105/><E79/><V99/><F99/><W117/><G102/><T116/><D116/><U129/><E129/><V3/><F100/><W69/><G69/><T108/><D32/><U63/><E63/><V34/><F34/><W133/><G117/><T27/><D27/><U67/><E43/><V44/><F44/><W13/><G113/><T86/><D86/><U125/><E105/><V66/><F66/><W52/><G41/><T74/><D74/><U134/><E67/><V91/><F91/><W2/><G40/><T89/><D89/><U29/><E37/><V98/><F98/><W22/><G38/><T82/><D82/><U20/><E96/><V97/><F97/><W60/><G107/><T83/><D83/><U111/><E90/><V21/><F3/><W51/><G2/><T1/><D1/><U122/><E0/><V4/><F4/><W76/><G104/><T71/><D71/><U35/><E85/><V24/><F24/><W19/><G76/><RYUUKYOKU ba="0,0" sc="255,30,227,-10,247,-10,271,-10" hai0="23,26,30,49,57,64,65,108,109,110" /><INIT seed="3,1,0,0,5,28" ten="285,217,237,261" oya="3" hai0="48,123,82,30,83,52,67,26,15,131,134,50,36" hai1="122,73,68,6,116,2,117,39,85,88,84,103,61" hai2="97,12,35,24,105,114,34,112,109,13,27,45,32" hai3="29,135,1,93,44,10,9,113,60,5,128,17,104"/><W74/><G104/><T3/><D123/><U23/><E39/><V4/><F45/><W20/><G74/><T63/><D36/><U91/><E122/><V41/><F97/><W0/><G60/><T99/><D3/><U78/><E2/><V64/><F41/><W11/><G93/><T92/><D131/><U7/><E23/><V96/><F64/><W70/><G70/><T69/><D134/><U8/><E103/><V130/><F96/><W47/><G47/><T108/><D108/><U19/><E19/><V102/><F102/><W55/><G55/><T54/><D15/><N who="2" m="5706" /><F105/><W46/><G46/><T124/><D124/><U59/><E68/><V37/><F37/><W121/><G44/><T58/><D99/><U33/><E61/><V56/><F56/><W43/><G43/><T79/><D92/><U49/><E59/><V125/><F109/><W98/><G98/><T89/><D79/><U106/><E106/><V62/><F62/><W111/><G111/><T76/><D76/><U90/><E49/><V133/><F133/><W71/><G71/><T127/><D127/><U126/><E126/><V94/><F94/><W81/><G135/><T38/><D38/><U115/><E78/><V22/><F125/><W120/><G120/><T25/><D89/><U86/><E73/><V51/><F51/><W57/><G121/><T40/><D69/><U110/><E90/><V14/><F130/><W42/><G128/><T129/><D129/><U18/><E91/><V65/><F65/><W118/><G42/><T95/><D40/><U119/><E110/><V72/><F72/><RYUUKYOKU ba="1,0" sc="285,0,217,0,237,0,261,0" /><INIT seed="4,2,0,4,5,82" ten="285,217,237,261" oya="0" hai0="113,131,65,32,14,64,102,129,126,5,42,11,120" hai1="55,53,6,134,36,62,97,9,110,0,34,20,132" hai2="99,84,69,93,105,115,77,43,125,75,80,54,35" hai3="44,1,29,25,109,39,19,74,89,101,130,66,94"/><T17/><D120/><U3/><E110/><V111/><F69/><W50/><G1/><T22/><D42/><U128/><E36/><V8/><F35/><W56/><G74/><T116/><D116/><U92/><E128/><N who="0" m="49225" /><D32/><U90/><E34/><V135/><F111/><W127/><G127/><T107/><D126/><U60/><E0/><V21/><F43/><W40/><G101/><T52/><D113/><U37/><E37/><V119/><F119/><W12/><G109/><T27/><D52/><N who="1" m="20043" /><E20/><V61/><F115/><W91/><G39/><T86/><D86/><U30/><E30/><V15/><F125/><W67/><G29/><T48/><D48/><U28/><E28/><V118/><F75/><W71/><G50/><T49/><D49/><U59/><E59/><V106/><F118/><W23/><G56/><T83/><D83/><U104/><E104/><V95/><F106/><W121/><G130/><T124/><D124/><U10/><E10/><V117/><F8/><W33/><G33/><T108/><D108/><U70/><E70/><V98/><F105/><W123/><G71/><T58/><D58/><U38/><E38/><V72/><F72/><W81/><G123/><T96/><AGARI ba="2,0" hai="5,11,14,17,22,27,64,65,96,102,107" m="49225" machi="96" ten="30,1500,0" yaku="19,1" doraHai="82" who="0" fromWho="0" sc="285,21,217,-7,237,-7,261,-7" /><INIT seed="4,3,0,3,0,20" ten="306,210,230,254" oya="0" hai0="82,3,7,28,97,22,33,46,55,57,68,127,30" hai1="126,73,121,16,47,25,53,60,81,66,130,110,41" hai2="118,72,58,75,45,70,31,61,93,122,51,67,13" hai3="0,64,117,90,87,106,1,12,71,4,24,29,94"/><T98/><D127/><U43/><E121/><V10/><F122/><W132/><G117/><T69/><D46/><U134/><E126/><V103/><F118/><W74/><G74/><T21/><D82/><U39/><E110/><V86/><F70/><W48/><G106/><T36/><D36/><U14/><E130/><V15/><F15/><W37/><G132/><T119/><D119/><U2/><E2/><V131/><F131/><W38/><G48/><T91/><D91/><U50/><E134/><V78/><F78/><W44/><G12/><T6/><D3/><U26/><E73/><V112/><F112/><W85/><G85/><T19/><D19/><U84/><E60/><V63/><F63/><W133/><G133/><T116/><D116/><U104/><E66/><V123/><F31/><W111/><G111/><T88/><D88/><N who="1" m="51215" /><E104/><V89/><F103/><W120/><G64/><T114/><D114/><U95/><E95/><V129/><F123/><W40/><G38/><T27/><D57/><U56/><E39/><V34/><F34/><W11/><G1/><T125/><D125/><U59/><E59/><V124/><F129/><W79/><G120/><T105/><D105/><U5/><E5/><N who="2" m="3279" /><F124/><W102/><G71/><T54/><D33/><U62/><E43/><N who="2" m="25023" /><F75/><W49/><G37/><T99/><D99/><U8/><AGARI ba="3,0" hai="8,14,16,25,26,41,47,50,53,56,62" m="51215" machi="8" ten="30,8000,1" yaku="8,1,52,2,54,2" doraHai="20" who="1" fromWho="1" sc="306,-43,210,89,230,-23,254,-23" /><INIT seed="5,0,0,1,4,55" ten="263,299,207,231" oya="1" hai0="100,47,91,131,111,104,56,54,41,27,62,37,0" hai1="48,24,103,99,70,122,105,101,78,80,85,108,30" hai2="17,87,14,25,76,21,114,46,20,58,39,84,1" hai3="74,69,106,97,72,133,53,125,86,2,50,60,51"/><U66/><E122/><V59/><F1/><W36/><G2/><T120/><D111/><U43/><E108/><V34/><F34/><W115/><G86/><T38/><D0/><U98/><E70/><V64/><F114/><W63/><G97/><T127/><D120/><U134/><E66/><V23/><F39/><W33/><G106/><T124/><D91/><U68/><E68/><V40/><F76/><W28/><G28/><T118/><D27/><U42/><E48/><N who="2" m="26695" /><F64/><W6/><G6/><T10/><D10/><U79/><E134/><V16/><F23/><W102/><G33/><T135/><D118/><U73/><E73/><V5/><F5/><W94/><G36/><T26/><D26/><U52/><E79/><V89/><F84/><W88/><G74/><T29/><D29/><U15/><E15/><V31/><F31/><W95/><G72/><T19/><D19/><U110/><E110/><V128/><F128/><W130/><G130/><T116/><D116/><U8/><E8/><V119/><F119/><W117/><G117/><T123/><D131/><U32/><E52/><V67/><F67/><W75/><G53/><T96/><D123/><U49/><E49/><V81/><AGARI ba="0,0" hai="14,16,17,20,21,25,58,59,81,87,89" m="26695" machi="81" ten="30,7900,0" yaku="8,1,52,2,54,1" doraHai="55" who="2" fromWho="2" sc="263,-20,299,-39,207,79,231,-20" /><INIT seed="6,0,0,2,2,93" ten="243,260,286,211" oya="2" hai0="4,54,52,105,56,21,66,84,74,116,41,111,13" hai1="3,10,44,68,39,7,19,135,0,57,9,131,85" hai2="51,15,25,128,64,110,49,48,92,124,109,65,99" hai3="47,94,119,67,37,23,87,115,5,17,50,96,72"/><V107/><F107/><W79/><G119/><T126/><D111/><N who="2" m="42506" /><F15/><W129/><G129/><T82/><D116/><U88/><E68/><V24/><F128/><W117/><G37/><T36/><D126/><U1/><E131/><V95/><F124/><W69/><G72/><T22/><D105/><U81/><E135/><V55/><F55/><W77/><G115/><T90/><D74/><U120/><E120/><V59/><F59/><W61/><G5/><T108/><D108/><U113/><E113/><V134/><F134/><W122/><G87/><T42/><D66/><N who="2" m="25706" /><F92/><W71/><G122/><T14/><D36/><U63/><E44/><V40/><F40/><N who="0" m="15466" /><D54/><U58/><E39/><V102/><AGARI ba="0,0" hai="24,25,48,49,51,95,99,102" m="25706,42506" machi="102" ten="40,3900,0" yaku="10,1,52,1" doraHai="93" who="2" fromWho="2" sc="243,-13,260,-13,286,39,211,-13" /><INIT seed="6,1,0,2,1,19" ten="230,247,325,198" oya="2" hai0="109,110,33,119,112,10,43,55,21,115,111,13,132" hai1="22,101,104,1,62,20,71,129,117,5,91,123,130" hai2="68,121,12,4,39,18,15,76,66,116,77,98,44" hai3="107,38,96,84,35,131,58,31,24,72,54,92,81"/><V89/><F116/><W65/><G131/><N who="1" m="50186" /><E117/><V124/><F121/><W23/><G38/><T28/><D43/><U41/><E123/><V57/><F68/><W120/><G120/><T127/><D55/><U25/><E41/><V102/><F39/><W27/><G72/><T16/><D119/><U26/><E1/><V106/><F44/><W60/><G107/><T51/><D51/><U103/><E5/><V78/><F89/><W86/><G81/><T17/><D127/><U56/><E71/><V122/><F122/><W114/><G114/><N who="0" m="43563" /><D132/><U69/><E91/><V30/><F30/><W128/><G128/><T100/><D100/><N who="1" m="38475" /><E69/><V52/><F124/><W126/><G126/><T8/><D17/><U50/><E50/><V7/><F18/><W42/><G42/><T40/><D40/><U125/><E104/><V34/><F34/><W93/><G35/><T37/><D37/><U80/><E80/><V85/><F4/><W97/><G54/><T36/><D36/><U70/><E70/><V113/><F7/><W99/><REACH who="3" step="1"/><G27/><AGARI ba="1,0" hai="8,10,13,16,21,27,28,33,109,110,111" m="43563" machi="27" ten="40,8000,1" yaku="15,1,34,2,52,1,54,1" doraHai="19" who="0" fromWho="3" sc="230,83,247,0,325,0,198,-83" /><INIT seed="7,0,0,1,3,24" ten="313,247,325,115" oya="3" hai0="44,129,109,55,36,110,54,0,53,115,114,56,82" hai1="105,76,100,122,26,18,79,102,127,15,17,33,108" hai2="72,50,47,73,113,38,94,87,30,96,130,90,59" hai3="23,40,21,43,65,85,81,64,123,37,69,42,121"/><W111/><G37/><T61/><D0/><U92/><E122/><V74/><F38/><W78/><G69/><T112/><D82/><U2/><E108/><N who="0" m="41577" /><D129/><U97/><E2/><V68/><F68/><W29/><G111/><T120/><D120/><U45/><E127/><V1/><F1/><W14/><G123/><T20/><D20/><N who="1" m="13583" /><E105/><V93/><F130/><W7/><G121/><T116/><D116/><U132/><E33/><V41/><F113/><W48/><G48/><T63/><D63/><U39/><E132/><V46/><F46/><W125/><G125/><T19/><D19/><U32/><E32/><V57/><REACH who="2" step="1"/><F30/><REACH who="2" ten="313,247,315,115" step="2"/><W99/><G99/><T22/><D36/><U13/><E100/><AGARI ba="0,1" hai="41,47,50,57,59,72,73,74,87,90,93,94,96,100" machi="100" ten="40,2600,0" yaku="1,1,2,1,53,0" doraHai="24" doraHaiUra="5" who="2" fromWho="1" sc="313,0,247,-26,315,36,115,0" owari="313,11.0,221,-18.0,351,45.0,115,-38.0" /></mjloggm>