<mjloggm ver="2.3"><GO type="41" lobby="0"/><UN n0="%E9%AA%A8%E6%8A%98%E5%85%89" n1="%E3%83%A8%E3%82%AC%E3%83%95%E3%82%A1%E3%82%A4%E3%83%A4%E3%83%BC%E3%83%BC" n2="%E2%93%9D%53%75%70%68%78" n3="%E3%83%89%E3%83%A9%E7%88%86%E6%88%A6%E9%9A%8A%E8%B5%A4%E9%9A%8A%E5%93%A1" dan="13,13,16,14" rate="1856.40,1905.70,2050.60,2002.78" sx="M,M,M,M"/><TAIKYOKU oya="0"/><INIT seed="0,0,0,2,2,91" ten="250,250,250,250" oya="0" hai0="70,82,5,59,18,74,10,43,41,52,69,79,112" hai1="11,99,2,126,20,8,21,16,123,108,90,103,13" hai2="81,125,107,102,110,132,39,119,83,72,53,45,122" hai3="101,12,48,0,130,30,111,129,128,64,56,73,76"/><T40/><D112/><U61/><E123/><V62/><F132/><W46/><G0/><T31/><D31/><U15/><E126/><V14/><F110/><W33/><G111/><T109/><D18/><U22/><E2/><V118/><F122/><W85/><G73/><T51/><REACH who="0" step="1"/><D109/><REACH who="0" ten="240,250,250,250" step="2"/><U23/><E108/><V84/><F119/><W7/><G30/><T49/><D49/><U44/><E16/><V28/><F28/><W32/><G48/><T104/><D104/><U117/><E117/><V25/><F107/><W4/><G130/><T135/><D135/><U37/><E37/><V9/><F39/><W66/><G128/><T127/><D127/><U94/><E61/><V24/><F62/><W93/><G129/><T60/><D60/><U78/><E78/><V34/><F125/><W95/><G76/><T65/><D65/><U55/><E103/><V47/><F102/><W67/><G101/><T58/><D58/><U3/><E44/><V116/><F47/><W63/><G63/><T35/><D35/><U121/><E121/><V89/><F34/><W134/><G64/><T26/><D26/><U124/><E124/><V19/><F118/><W71/><G46/><T105/><D105/><U29/><E29/><V98/><F116/><W97/><G56/><T54/><D54/><U133/><E55/><V100/><F45/><W114/><G134/><T68/><D68/><U36/><E36/><V50/><F50/><W115/><G71/><T106/><D106/><U17/><E133/><V1/><F53/><W42/><G67/><T77/><D77/><U57/><E57/><RYUUKYOKU ba="0,1" sc="240,30,250,-10,250,-10,250,-10" hai0="5,10,40,41,43,51,52,59,69,70,74,79,82" /><INIT seed="0,1,1,1,2,88" ten="270,240,240,240" oya="0" hai0="58,19,101,123,9,24,118,32,68,11,106,52,132" hai1="20,110,1,95,115,77,56,62,71,103,121,94,116" hai2="64,28,78,34,93,128,96,7,21,135,69,90,38" hai3="51,131,36,37,80,79,108,41,107,48,85,124,57"/><T53/><D68/><U27/><E116/><V26/><F38/><W83/><G107/><T86/><D123/><U76/><E121/><V73/><F128/><W13/><G131/><T60/><D118/><U67/><E1/><V44/><F135/><W74/><G108/><T130/><D130/><U35/><E110/><V55/><F7/><W22/><G48/><T82/><D132/><U2/><E2/><V65/><F69/><W46/><G124/><T59/><D101/><U129/><E129/><V84/><F34/><W18/><REACH who="3" step="1"/><G57/><REACH who="3" ten="270,240,240,230" step="2"/><T17/><D106/><U3/><E56/><V66/><F44/><W50/><G50/><T0/><D59/><U112/><E112/><V30/><F55/><W133/><G133/><T23/><D53/><U89/><E115/><V70/><F70/><W16/><G16/><T102/><D19/><N who="1" m="12703" /><E71/><V6/><F6/><W42/><G42/><T5/><D5/><U87/><E3/><V99/><F30/><W49/><G49/><T4/><D4/><U113/><E113/><V117/><F117/><W104/><G104/><T72/><D0/><U125/><E125/><V40/><F40/><W122/><G122/><T39/><D58/><N who="1" m="37335" /><E35/><V98/><F66/><W81/><G81/><T29/><D32/><U109/><E109/><V127/><REACH who="2" step="1"/><F127/><REACH who="2" ten="270,240,230,230" step="2"/><W25/><G25/><T91/><D29/><U100/><E76/><AGARI ba="1,3" hai="13,18,22,36,37,41,46,51,74,76,79,80,83,85" machi="76" ten="30,3900,0" yaku="1,1,7,1,53,1" doraHai="88" doraHaiUra="12" who="3" fromWho="1" sc="270,0,240,-42,230,0,230,72" /><INIT seed="1,0,0,2,0,26" ten="270,198,230,302" oya="1" hai0="94,113,78,67,135,124,25,75,60,56,120,80,71" hai1="81,129,12,73,27,62,9,104,13,122,70,34,61" hai2="76,33,14,40,112,109,39,29,35,107,111,68,69" hai3="114,63,22,97,131,24,88,99,102,92,43,1,32"/><U133/><E122/><V28/><F14/><W127/><G114/><T65/><D113/><U83/><E104/><V119/><F112/><W50/><G1/><T30/><D120/><U15/><E133/><V87/><F107/><W93/><G131/><T31/><D135/><U117/><E117/><V82/><F119/><W5/><G127/><T41/><D124/><U18/><E129/><V23/><F23/><W4/><G32/><N who="2" m="12361" /><F40/><W7/><G63/><N who="1" m="24074" /><E34/><V98/><F98/><W38/><G38/><T79/><D67/><U42/><E73/><V74/><F39/><W132/><G132/><T58/><D79/><U130/><E70/><N who="2" m="27243" /><F74/><W52/><G43/><T64/><D64/><U55/><E42/><V95/><F95/><W85/><G85/><T108/><D108/><AGARI ba="0,0" hai="28,29,76,82,87,108,109,111" m="27243,12361" machi="108" ten="40,5200,0" yaku="14,1,52,2" doraHai="26" who="2" fromWho="0" sc="270,-52,198,0,230,52,302,0" /><INIT seed="2,0,0,4,3,40" ten="218,198,282,302" oya="2" hai0="88,28,118,51,134,60,107,84,129,87,82,77,67" hai1="57,45,29,99,97,89,8,62,32,38,95,0,15" hai2="49,103,125,94,121,78,33,93,5,98,19,37,22" hai3="61,56,43,132,4,110,76,133,59,18,31,120,12"/><V130/><F121/><W104/><G104/><T81/><D118/><U69/><E69/><V2/><F37/><W23/><G120/><T100/><D129/><U74/><E74/><V10/><F130/><W11/><G110/><T128/><D128/><U108/><E108/><V64/><F125/><W36/><G76/><T127/><D127/><U92/><E0/><V27/><F64/><W114/><G114/><T39/><D39/><U101/><E29/><V46/><F78/><W68/><G31/><T122/><D122/><U79/><E32/><V109/><F109/><W91/><G68/><T102/><D134/><N who="3" m="51817" /><G91/><T126/><D126/><U52/><E79/><V35/><REACH who="2" step="1"/><F94/><REACH who="2" ten="218,198,272,302" step="2"/><W135/><G135/><T96/><D77/><U71/><E38/><V65/><F65/><W75/><G36/><T83/><D67/><U42/><E71/><V115/><F115/><W21/><G75/><T44/><D107/><U48/><E95/><V47/><F47/><W6/><G43/><AGARI ba="0,1" hai="2,5,10,19,22,27,33,35,43,46,49,93,98,103" machi="43" ten="30,5800,0" yaku="1,1,7,1,52,1,53,0" doraHai="40" doraHaiUra="25" who="2" fromWho="3" sc="218,0,198,0,272,68,302,-58" /><INIT seed="2,1,0,2,2,84" ten="218,198,340,244" oya="2" hai0="115,7,35,74,46,28,63,3,77,76,119,15,9" hai1="20,13,78,75,87,80,107,22,102,42,53,92,104" hai2="50,25,43,126,93,127,90,109,8,118,95,132,37" hai3="56,103,131,26,1,134,58,121,130,71,47,21,10"/><V117/><F37/><W79/><G121/><T41/><D115/><U19/><E42/><V17/><F132/><W82/><G71/><T29/><D119/><U36/><E36/><V128/><F128/><N who="3" m="49195" /><G103/><T96/><D96/><U67/><E67/><V113/><F109/><W81/><G134/><T49/><D63/><U73/><E53/><V52/><F95/><W101/><G101/><T105/><D105/><U11/><E107/><V70/><F43/><W51/><G10/><T12/><D77/><U16/><E19/><V91/><F70/><W72/><G1/><T122/><D122/><U66/><E66/><V108/><F108/><W5/><G5/><T125/><D125/><N who="2" m="47626" /><F93/><W89/><G81/><T88/><D76/><U54/><E54/><V27/><F113/><W48/><G89/><N who="2" m="33801" /><F8/><W123/><G123/><T60/><D9/><U6/><E104/><V99/><F99/><W114/><G114/><T85/><D41/><U62/><E92/><V106/><F106/><W111/><G111/><T98/><D98/><U129/><E102/><V124/><N who="2" m="47634" /><V33/><DORA hai="30" /><F17/><N who="3" m="12591" /><G47/><T57/><D46/><U2/><E11/><V18/><F18/><W94/><G94/><T38/><D38/><U40/><E40/><V112/><F112/><W135/><G135/><T44/><D29/><U59/><E6/><V0/><F0/><W39/><G39/><T55/><D28/><U32/><E2/><V34/><F118/><W86/><G72/><T64/><D74/><U31/><E75/><V23/><F117/><W68/><G68/><T14/><D3/><U65/><E73/><RYUUKYOKU ba="1,0" sc="218,-10,198,-10,340,-10,244,30" hai3="48,51,56,58,79,82,86" /><INIT seed="3,2,0,2,0,23" ten="208,188,330,274" oya="3" hai0="35,10,71,13,119,48,47,134,44,132,8,31,114" hai1="15,107,11,118,0,108,99,83,106,127,50,128,81" hai2="74,115,38,3,73,131,89,25,1,82,70,14,133" hai3="77,17,67,42,120,12,122,45,95,20,79,68,129"/><W126/><G126/><T55/><D119/><U9/><E118/><V75/><F115/><W123/><G129/><T135/><D114/><U7/><E128/><V117/><F70/><W19/><G68/><T92/><D71/><U28/><E127/><V40/><F133/><W58/><G95/><T57/><D92/><U110/><E50/><V16/><F117/><W33/><G33/><T76/><D76/><U59/><E59/><V94/><F82/><W46/><G46/><T80/><D80/><U6/><E15/><V61/><F61/><W26/><G58/><T72/><D72/><U49/><E49/><V36/><F40/><W86/><G86/><T41/><D35/><U90/><E28/><V34/><F131/><W63/><G63/><T2/><D31/><U64/><E64/><V85/><F38/><W109/><G67/><T18/><D2/><U121/><E90/><V22/><F36/><W54/><G54/><T84/><D84/><U37/><E37/><V29/><AGARI ba="2,0" hai="1,3,14,16,22,25,29,34,73,74,75,85,89,94" machi="29" ten="40,5200,0" yaku="0,1,52,1,54,1" doraHai="23" who="2" fromWho="2" sc="208,-15,188,-15,330,58,274,-28" /><INIT seed="4,0,0,0,2,80" ten="193,173,388,246" oya="0" hai0="16,64,135,76,23,98,97,9,48,3,105,58,5" hai1="10,34,84,100,52,113,119,82,41,107,131,129,93" hai2="14,68,122,27,128,77,87,96,42,134,109,78,111" hai3="110,57,0,89,26,106,36,11,17,69,63,112,29"/><T102/><D135/><U43/><E119/><V124/><F68/><W18/><G106/><T40/><D76/><U81/><E34/><V39/><F128/><N who="1" m="49225" /><E10/><V79/><F124/><W133/><G69/><T104/><D40/><U31/><E31/><V60/><F122/><W19/><G36/><T30/><D30/><U49/><E107/><V15/><F96/><W130/><G130/><T121/><D121/><U2/><E2/><V50/><F60/><W92/><G110/><T120/><D120/><U12/><E12/><V83/><F39/><W103/><G103/><T115/><D115/><U116/><E116/><V75/><F75/><W125/><G112/><T51/><D64/><U117/><E82/><V114/><F134/><W38/><G38/><T101/><REACH who="0" step="1"/><D58/><REACH who="0" ten="183,173,388,246" step="2"/><N who="1" m="33039" /><E113/><V44/><F114/><W7/><G133/><T70/><D70/><U99/><E117/><V45/><F111/><W8/><G125/><T1/><D1/><U20/><E20/><V71/><F109/><W127/><G127/><T53/><D53/><U32/><E32/><V86/><F71/><W21/><G57/><T72/><D72/><U56/><E56/><V118/><F118/><W54/><G54/><T24/><AGARI ba="0,1" hai="3,5,9,16,23,24,48,51,97,98,101,102,104,105" machi="24" ten="20,12000,1" yaku="1,1,0,1,7,1,9,1,54,1,53,0" doraHai="80" doraHaiUra="85" who="0" fromWho="0" sc="183,130,173,-40,388,-40,246,-40" /><INIT seed="4,1,0,0,4,83" ten="313,133,348,206" oya="0" hai0="133,112,23,64,91,135,32,53,77,104,129,75,28" hai1="27,25,52,36,30,109,117,21,103,95,42,17,41" hai2="127,49,24,85,74,81,31,20,56,15,1,22,69" hai3="37,82,130,90,106,59,60,16,89,18,39,72,119"/><T0/><D32/><U5/><E109/><V9/><F74/><W8/><G119/><T96/><D0/><U118/><E36/><V122/><F69/><W3/><G106/><T63/><D129/><U73/><E73/><V43/><F127/><W66/><G130/><T131/><D131/><U35/><E5/><V7/><F122/><W2/><G72/><T29/><D112/><U101/><E118/><V62/><F1/><W113/><G113/><T40/><D40/><U125/><E125/><V105/><F105/><W47/><G47/><T120/><D120/><U108/><E108/><V86/><F22/><W26/><G26/><T33/><D33/><U84/><E117/><V46/><F81/><W71/><G82/><T12/><D53/><AGARI ba="1,0" hai="7,9,15,20,24,31,43,46,49,53,56,62,85,86" machi="53" ten="30,7700,0" yaku="7,1,8,1,52,2" doraHai="83" who="2" fromWho="0" sc="313,-80,133,0,348,80,206,0" /><INIT seed="5,0,0,4,3,25" ten="233,133,428,206" oya="1" hai0="94,39,98,91,84,5,123,69,103,116,47,97,105" hai1="15,6,125,100,49,99,62,58,113,112,53,70,102" hai2="4,52,45,135,118,12,18,29,86,32,36,122,31" hai3="24,128,23,96,1,134,57,87,92,55,77,44,37"/><U60/><E125/><V38/><F4/><W93/><G1/><T27/><D116/><U117/><E117/><V43/><F32/><W34/><G34/><T51/><D123/><U75/><E75/><V111/><F111/><W68/><G68/><T85/><D69/><U2/><E2/><V8/><F135/><W66/><G128/><T54/><D39/><U124/><E124/><V22/><F38/><W76/><G134/><T17/><D5/><U107/><E102/><V46/><F122/><W71/><G71/><T109/><D109/><U11/><REACH who="1" step="1"/><E70/><REACH who="1" ten="233,123,428,206" step="2"/><V78/><F118/><W73/><G73/><T79/><D103/><U89/><E89/><V65/><F78/><W3/><G77/><T126/><D91/><U72/><E72/><V19/><F86/><W131/><G76/><T30/><D85/><U104/><E104/><V16/><F8/><W130/><G3/><T64/><D84/><U48/><E48/><V56/><F36/><W114/><G87/><T21/><D51/><U40/><E40/><V28/><F43/><W120/><G120/><T90/><D126/><U115/><AGARI ba="0,1" hai="6,11,15,49,53,58,60,62,99,100,107,112,113,115" machi="115" ten="30,6000,0" yaku="1,1,0,1,15,1,53,0" doraHai="25" doraHaiUra="133" who="1" fromWho="1" sc="233,-20,123,70,428,-20,206,-20" /><INIT seed="5,1,0,1,4,56" ten="213,193,408,186" oya="1" hai0="59,14,130,76,67,6,108,33,70,124,109,107,128" hai1="44,63,125,89,58,100,98,26,50,119,60,5,18" hai2="92,29,121,51,65,45,95,32,8,46,21,77,22" hai3="90,96,99,127,15,94,20,79,88,112,23,93,102"/><U64/><E125/><V24/><F121/><W1/><G1/><T19/><D124/><U30/><E5/><V104/><F104/><W68/><G127/><T113/><D70/><U134/><E134/><V2/><F77/><W106/><G68/><T126/><D126/><U13/><E119/><V11/><F32/><W54/><G112/><T118/><D113/><U36/><E36/><V103/><F65/><W66/><G66/><T123/><D118/><U52/><E89/><V9/><F2/><W132/><G132/><T38/><D123/><U82/><E82/><V122/><F122/><W72/><G15/><T48/><D38/><U86/><E86/><V3/><F3/><W97/><G54/><T41/><D107/><U105/><E63/><V84/><F22/><W87/><G20/><T43/><D76/><U69/><E44/><V131/><F131/><N who="0" m="50218" /><D6/><U129/><E129/><V78/><F46/><W101/><G23/><T39/><D33/><N who="1" m="20695" /><E13/><V73/><F78/><W114/><G114/><T117/><D39/><U83/><E83/><V49/><F45/><W62/><G62/><N who="0" m="38367" /><D117/><U115/><E115/><V17/><F51/><W47/><G47/><N who="0" m="25711" /><D43/><U10/><E18/><V42/><F17/><W12/><G12/><T16/><D19/><U80/><E80/><V53/><F42/><W28/><G28/><T7/><D7/><U31/><E31/><V120/><F29/><W55/><G55/><T74/><D74/><U71/><E71/><V111/><F53/><W4/><G4/><T133/><D133/><U37/><E37/><V25/><F120/><W61/><G72/><RYUUKYOKU ba="1,0" sc="213,15,193,15,408,-15,186,-15" hai0="14,16,108,109" hai1="10,50,52,58,60,64,69,98,100,105" /><INIT seed="5,2,0,5,3,81" ten="228,208,393,171" oya="1" hai0="42,85,93,46,62,4,82,20,32,113,90,101,11" hai1="89,132,50,123,49,13,117,44,133,38,71,57,110" hai2="121,114,23,75,130,24,109,14,40,59,31,0,53" hai3="83,78,95,35,124,98,15,3,7,92,122,119,86"/><U2/><E117/><V66/><F109/><W51/><G122/><T16/><D32/><U72/><E72/><V27/><F0/><W111/><G3/><T25/><D113/><U99/><E123/><V68/><F130/><W87/><G111/><T107/><D107/><U64/><E2/><V112/><F40/><W55/><G119/><T69/><D69/><U34/><E34/><V135/><F135/><N who="1" m="51785" /><E13/><V88/><F27/><W129/><G35/><T8/><D62/><N who="1" m="40343" /><E89/><V56/><F88/><N who="3" m="53271" /><G129/><T63/><D63/><U76/><E76/><V58/><F14/><W37/><G37/><T61/><D61/><U128/><E99/><V12/><F12/><W47/><G124/><T108/><D108/><U97/><E97/><V104/><F114/><W125/><G125/><T21/><D4/><U106/><E110/><V118/><F112/><W10/><G98/><N who="0" m="59599" /><D21/><U41/><E128/><V100/><F121/><W29/><G95/><T1/><D1/><U102/><E57/><V5/><F59/><W39/><G39/><T103/><D103/><U52/><E106/><V26/><F104/><W120/><G120/><T116/><D116/><U126/><E102/><V94/><F100/><W131/><G131/><T115/><D115/><U74/><E126/><V19/><F118/><W70/><G70/><T96/><D96/><U43/><E38/><V30/><F68/><W45/><G29/><T17/><D17/><U84/><E41/><V6/><F31/><W77/><G77/><T80/><D80/><U105/><E105/><V22/><F30/><W65/><G65/><T48/><AGARI ba="2,0" hai="8,11,16,20,25,42,46,48,82,85,90" m="59599" machi="48" ten="30,7900,0" yaku="5,1,8,1,52,1,54,1" doraHai="81" who="0" fromWho="0" sc="228,85,208,-41,393,-22,171,-22" /><INIT seed="6,0,0,3,0,109" ten="313,167,371,149" oya="2" hai0="87,99,94,85,68,62,34,4,72,124,88,27,32" hai1="97,66,42,35,37,123,114,63,16,36,132,60,14" hai2="44,21,8,120,65,126,51,19,41,135,18,93,130" hai3="95,33,0,10,118,17,5,9,55,129,89,116,39"/><V61/><F130/><W119/><G39/><T115/><D124/><U64/><E35/><V59/><F135/><W134/><G134/><T30/><D72/><U80/><E132/><V24/><F126/><W49/><G33/><T13/><D115/><U122/><E80/><V112/><F120/><W90/><G129/><T12/><D34/><U103/><E42/><V102/><F112/><W1/><G17/><T43/><D43/><U70/><E114/><V108/><F108/><W3/><G95/><T133/><D133/><U77/><E77/><V128/><F128/><W81/><G81/><T127/><D127/><U26/><E26/><V101/><F93/><W111/><G111/><T48/><D48/><U11/><E123/><V45/><F45/><W117/><N who="3" m="29696" /><DORA hai="121" /><W113/><G113/><T107/><D107/><U78/><E78/><V74/><F74/><W38/><G38/><T20/><D4/><U40/><E40/><V131/><F131/><W22/><G22/><T69/><D87/><U50/><E122/><V67/><F67/><W100/><G100/><T110/><D110/><U104/><REACH who="1" step="1"/><E50/><REACH who="1" ten="313,157,371,149" step="2"/><V86/><F41/><W98/><G98/><T15/><D32/><U52/><E52/><V75/><F51/><W25/><G25/><T125/><D125/><U83/><E83/><V105/><F24/><W47/><REACH who="3" step="1"/><G5/><REACH who="3" ten="313,157,371,139" step="2"/><T96/><REACH who="0" step="1"/><D62/><REACH who="0" ten="303,157,371,139" step="2"/><U54/><E54/><V46/><F61/><W29/><G29/><T31/><D31/><U7/><E7/><V73/><F19/><W92/><G92/><T57/><D57/><AGARI ba="0,3" hai="11,14,16,36,37,57,60,63,64,66,70,97,103,104" machi="57" ten="30,7700,0" yaku="1,1,7,1,54,1,53,1" doraHai="109,121" doraHaiUra="91,6" who="1" fromWho="0" sc="303,-77,157,107,371,0,139,0" /><INIT seed="7,0,0,4,5,116" ten="226,264,371,139" oya="3" hai0="115,9,58,84,16,131,120,113,44,108,43,15,11" hai1="79,34,126,97,66,123,46,0,93,90,42,4,99" hai2="52,117,98,105,130,14,59,92,60,50,10,5,49" hai3="30,47,128,54,25,20,122,103,75,7,132,134,95"/><W119/><G75/><T39/><D120/><U18/><E123/><V85/><F130/><W26/><G122/><T67/><D131/><U27/><E34/><V8/><F117/><W100/><G119/><T36/><D108/><U127/><E66/><V133/><F133/><W125/><G125/><N who="1" m="47626" /><E79/><V23/><F105/><W3/><G128/><T63/><D39/><U2/><E4/><V56/><F85/><W65/><G65/><T107/><D107/><U106/><E99/><V35/><F35/><W32/><G95/><T76/><REACH who="0" step="1"/><D11/><REACH who="0" ten="216,264,371,139" step="2"/><U102/><E106/><V6/><F10/><N who="3" m="2431" /><G54/><T64/><D64/><U24/><E0/><V111/><F8/><W29/><G47/><T13/><D13/><U57/><E2/><V69/><F14/><W28/><G28/><T94/><D94/><U73/><E46/><V74/><F92/><W83/><G83/><AGARI ba="0,1" hai="9,15,16,36,43,44,58,63,67,76,83,84,113,115" machi="83" ten="40,2600,0" yaku="1,1,54,1,53,0" doraHai="116" doraHaiUra="104" who="0" fromWho="3" sc="216,36,264,0,371,0,139,-26" owari="252,-15.0,264,6.0,371,48.0,113,-39.0" /></mjloggm>