<mjloggm ver="2.3"><GO type="41" lobby="0"/><UN n0="%52%65%64%2D%45%79%65" n1="%61%6D%69%61%6D%69" n2="%E6%B5%B7%E6%B2%B3%E6%9C%88%E9%AD%9A" n3="%E2%93%9D%53%75%70%68%78" dan="14,15,14,18" rate="1844.11,1965.29,1977.27,2123.75" sx="M,M,M,M"/><TAIKYOKU oya="0"/><INIT seed="0,0,0,1,2,120" ten="250,250,250,250" oya="0" hai0="107,39,117,38,125,62,14,18,51,109,17,33,37" hai1="60,58,92,45,43,26,101,126,86,98,22,133,0" hai2="36,88,68,74,1,29,34,127,77,41,11,66,10" hai3="5,56,131,89,129,132,69,35,53,90,99,103,97"/><T93/><D117/><U116/><E0/><V81/><F127/><W108/><G69/><T64/><D107/><U87/><E126/><V61/><F11/><W32/><G5/><T8/><D125/><U20/><E116/><V70/><F29/><W3/><G3/><T102/><D33/><U72/><E72/><V9/><F9/><W96/><G103/><T111/><D51/><N who="1" m="27071" /><E133/><V63/><F34/><N who="3" m="12843" /><G132/><T52/><D93/><U65/><E22/><V19/><F88/><N who="3" m="33899" /><G56/><N who="0" m="35079" /><D64/><U121/><E121/><V119/><F119/><W40/><G53/><T113/><D102/><U112/><E112/><V2/><F19/><AGARI ba="0,0" hai="19,20,26,58,60,65,86,87,92,98,101" m="27071" machi="19" ten="30,1000,0" yaku="8,1" doraHai="120" who="1" fromWho="2" sc="250,0,250,10,250,-10,250,0" /><INIT seed="1,0,0,3,2,48" ten="250,260,240,250" oya="1" hai0="54,26,82,18,25,36,109,78,30,96,129,71,44" hai1="79,84,41,102,103,17,57,107,67,76,73,19,38" hai2="93,55,108,7,118,94,77,86,121,130,34,40,56" hai3="63,9,122,68,95,1,27,128,31,101,46,127,125"/><U0/><E0/><V83/><F118/><W98/><G122/><T15/><D109/><U123/><E123/><V115/><F121/><W49/><G128/><T11/><D129/><U4/><E4/><V97/><F34/><W21/><G1/><T87/><D71/><U117/><E117/><V32/><F32/><W16/><G63/><T39/><D96/><U33/><E33/><V114/><F108/><W119/><G68/><T100/><D100/><U106/><E84/><V47/><F130/><W113/><G113/><T135/><D135/><U50/><E50/><V75/><F7/><W51/><G51/><T12/><D30/><U88/><E38/><V45/><F40/><W111/><G111/><T28/><D28/><U92/><E41/><V126/><F94/><W112/><G112/><N who="2" m="43049" /><F75/><W6/><G119/><T10/><D39/><U43/><E43/><V81/><F81/><W66/><G66/><T132/><D132/><U89/><E67/><V13/><F13/><W58/><G6/><T134/><D134/><U70/><E92/><V133/><F133/><W64/><G64/><T23/><D36/><U60/><E60/><N who="2" m="35871" /><F126/><W52/><G46/><T85/><D23/><U5/><E5/><V131/><F131/><W65/><G65/><T37/><D37/><U61/><E61/><V105/><F105/><W104/><REACH who="3" step="1"/><G104/><REACH who="3" ten="250,260,240,240" step="2"/><T2/><D2/><U80/><E70/><V14/><F45/><W91/><G91/><T22/><D44/><U69/><E69/><V53/><F47/><W24/><G24/><T120/><D26/><U90/><E107/><V72/><F14/><AGARI ba="0,1" hai="9,14,16,21,27,31,49,52,58,95,98,101,125,127" machi="14" ten="40,8000,1" yaku="1,1,6,1,52,1,54,2,53,0" doraHai="48" doraHaiUra="110" who="3" fromWho="2" sc="250,0,260,0,240,-80,240,90" /><INIT seed="2,0,0,1,5,52" ten="250,260,160,330" oya="2" hai0="46,71,93,112,15,14,48,25,76,59,16,19,97" hai1="119,81,133,57,101,60,24,29,82,56,102,53,23" hai2="18,67,64,62,69,126,33,100,39,111,20,94,2" hai3="21,66,88,12,22,77,68,121,79,106,122,95,44"/><V114/><F39/><W65/><G106/><T86/><D71/><U120/><E119/><V43/><F2/><W96/><G68/><T54/><D112/><U17/><E120/><V5/><F114/><W129/><G129/><T0/><D0/><U103/><E133/><V132/><F33/><W61/><G44/><T91/><D46/><U13/><REACH who="1" step="1"/><E57/><REACH who="1" ten="250,250,160,330" step="2"/><V35/><F132/><W118/><G118/><T108/><D108/><U99/><E99/><V83/><F69/><W3/><G122/><T78/><D97/><U10/><AGARI ba="0,1" hai="10,13,17,23,24,29,53,56,60,81,82,101,102,103" machi="10" ten="30,7900,0" yaku="1,1,0,1,8,1,52,1,53,0" doraHai="52" doraHaiUra="38" who="1" fromWho="1" sc="250,-20,250,89,160,-39,330,-20" /><INIT seed="3,0,0,2,3,48" ten="230,339,121,310" oya="3" hai0="13,65,93,120,66,91,7,4,32,3,28,40,128" hai1="85,12,23,49,44,123,53,9,82,74,14,81,77" hai2="71,110,88,27,5,109,45,70,52,67,97,132,112" hai3="105,26,62,59,101,8,135,117,130,43,22,10,98"/><W24/><G117/><T69/><D120/><U127/><E123/><V25/><F112/><W114/><G114/><T19/><D40/><U79/><E127/><V64/><F5/><W0/><G130/><T6/><D128/><U57/><E23/><V100/><F132/><W31/><G135/><T121/><D121/><U126/><E126/><V58/><F45/><W63/><G43/><T38/><D38/><U76/><E76/><V94/><F100/><W47/><G47/><T107/><D107/><U1/><E1/><V102/><F102/><W116/><G116/><T68/><D69/><U2/><E2/><V124/><F124/><W92/><G63/><T104/><D104/><U113/><E113/><V84/><F84/><W83/><G105/><T15/><D68/><U36/><E9/><V34/><F70/><W21/><G83/><T86/><D3/><U96/><E96/><V50/><F71/><W108/><G108/><N who="2" m="41577" /><F34/><W78/><G78/><T72/><D72/><U90/><E79/><V115/><F115/><W56/><G0/><T118/><D118/><U41/><AGARI ba="0,0" hai="12,14,36,41,44,49,53,57,74,77,81,82,85,90" machi="41" ten="30,2000,0" yaku="0,1,52,1" doraHai="48" who="1" fromWho="1" sc="230,-5,339,20,121,-5,310,-10" /><INIT seed="4,0,0,0,3,100" ten="225,359,116,300" oya="0" hai0="94,50,17,26,122,133,95,46,110,47,74,81,99" hai1="86,76,54,6,18,12,61,105,124,9,32,134,35" hai2="2,130,72,33,87,55,117,34,126,8,10,71,77" hai3="58,75,92,123,22,78,7,45,36,11,39,131,37"/><T66/><D122/><U4/><E105/><V121/><F71/><W68/><G68/><T20/><D133/><U42/><E42/><V73/><F121/><W43/><G131/><T84/><D74/><U28/><E76/><V14/><F130/><W16/><G123/><T120/><D120/><U127/><E86/><V65/><F126/><N who="1" m="48169" /><E134/><V106/><F65/><W38/><G58/><T83/><D66/><U59/><E28/><V67/><F67/><W101/><G101/><T24/><D110/><U52/><E54/><V102/><F102/><W85/><G92/><N who="0" m="35371" /><D99/><U53/><E53/><V91/><F77/><W57/><G57/><T93/><N who="0" m="35379" /><T113/><DORA hai="40" /><D113/><U96/><E96/><V79/><F55/><W80/><G85/><T82/><D84/><U64/><E64/><V3/><F79/><W25/><REACH who="3" step="1"/><G39/><REACH who="3" ten="225,359,116,290" step="2"/><T97/><D97/><U56/><E56/><V23/><F87/><W0/><AGARI ba="0,1" hai="0,7,11,16,22,25,36,37,38,43,45,75,78,80" machi="0" ten="20,16000,3" yaku="1,1,2,1,0,1,7,1,25,2,52,1,54,1,53,1" doraHai="100,40" doraHaiUra="116,19" who="3" fromWho="3" sc="225,-80,359,-40,116,-40,290,170" /><INIT seed="5,0,0,3,3,61" ten="145,319,76,460" oya="1" hai0="21,97,3,42,2,102,7,57,127,112,111,117,6" hai1="53,63,37,49,55,99,84,16,10,62,5,71,1" hai2="13,12,59,34,70,93,123,68,90,20,125,65,88" hai3="77,120,108,69,30,60,45,107,113,32,17,132,72"/><U74/><E37/><V67/><F123/><W105/><G113/><T8/><D111/><U44/><E74/><V109/><F34/><W75/><G132/><T14/><D112/><U114/><E114/><V28/><F109/><W81/><G17/><T131/><D117/><U50/><E71/><V98/><F125/><W106/><G45/><T41/><D127/><U73/><E73/><V66/><F59/><W91/><G91/><T43/><D131/><U133/><E133/><V118/><F118/><W94/><G94/><T64/><D21/><U83/><E99/><V22/><F70/><W86/><G120/><T48/><D7/><U87/><E87/><V39/><F39/><W51/><G51/><T46/><D3/><U11/><E55/><V101/><F68/><W80/><G108/><T82/><D82/><U56/><E56/><V26/><F22/><W92/><G92/><N who="0" m="58663" /><D2/><U27/><E50/><V19/><REACH who="2" step="1"/><F12/><REACH who="2" ten="145,319,66,460" step="2"/><W0/><G0/><T134/><D134/><U58/><E58/><V9/><AGARI ba="0,1" hai="9,13,19,20,26,28,65,66,67,88,90,93,98,101" machi="9" ten="30,16000,3" yaku="1,1,2,1,0,1,8,1,52,3,54,1,53,2" doraHai="61" doraHaiUra="85" who="2" fromWho="2" sc="145,-40,319,-80,66,170,460,-40" /><INIT seed="6,0,0,4,3,64" ten="105,239,236,420" oya="2" hai0="90,130,117,128,109,19,113,37,101,27,104,93,56" hai1="31,5,9,21,87,68,85,86,55,8,121,14,124" hai2="18,133,70,78,103,52,69,102,94,71,7,63,134" hai3="79,107,60,89,80,10,67,112,62,81,45,24,131"/><V110/><F78/><W15/><G131/><N who="0" m="50219" /><D37/><U16/><E121/><V83/><F83/><W73/><G112/><T43/><D43/><U36/><E124/><V6/><F110/><W84/><G107/><T126/><D109/><U25/><E36/><V118/><F18/><W135/><G135/><N who="2" m="51721" /><F118/><W72/><G24/><T111/><D56/><U95/><E68/><V40/><F40/><W1/><G1/><T30/><D19/><U26/><E55/><V74/><F74/><W114/><G114/><T106/><D27/><U0/><REACH who="1" step="1"/><E95/><REACH who="1" ten="105,229,236,420" step="2"/><V28/><F94/><W46/><G81/><T23/><D111/><U82/><E82/><V100/><F28/><W20/><G80/><T42/><D30/><U11/><E11/><V33/><F33/><W123/><G10/><T44/><D23/><U120/><E120/><V96/><F96/><W58/><G123/><T61/><D126/><U3/><E3/><V105/><F105/><W35/><G35/><T91/><D106/><U122/><E122/><V54/><F54/><W57/><G73/><T12/><D104/><U125/><E125/><V97/><F97/><W99/><G99/><N who="0" m="59631" /><D117/><U75/><E75/><V47/><F47/><W4/><G46/><T92/><D92/><U129/><E129/><V17/><F17/><W66/><G45/><T34/><D34/><U2/><E2/><V76/><F76/><W65/><G79/><T59/><D44/><U53/><E53/><V49/><F49/><W77/><G72/><T88/><D42/><U39/><E39/><V132/><N who="2" m="51729" /><V50/><DORA hai="13" /><F50/><W115/><G77/><RYUUKYOKU ba="0,1" sc="105,-15,229,15,236,15,420,-15" hai1="0,5,8,9,14,16,21,25,26,31,85,86,87" hai2="6,7,52,63,69,70,71,100,102,103" /><INIT seed="6,1,1,4,1,32" ten="90,244,251,405" oya="2" hai0="63,86,12,33,3,58,14,135,48,78,70,75,105" hai1="2,76,93,107,26,53,133,56,31,11,101,65,100" hai2="5,77,121,97,15,57,125,8,85,106,44,118,124" hai3="61,47,73,13,29,42,68,88,24,112,52,35,22"/><V69/><F69/><W25/><G73/><T38/><D135/><U98/><E133/><V117/><F121/><W91/><G13/><T64/><D33/><U127/><E127/><V129/><F129/><W87/><G112/><T62/><D75/><U19/><E65/><V37/><F57/><W103/><G103/><T92/><D105/><U60/><E76/><V66/><F66/><W40/><G91/><T28/><D28/><U67/><E107/><V116/><F77/><W59/><G68/><T94/><D38/><U27/><E2/><N who="2" m="55" /><F85/><W6/><G6/><T21/><D48/><U108/><E108/><V111/><F15/><W83/><G47/><T132/><D132/><U71/><E101/><N who="2" m="62767" /><F111/><W51/><G61/><T82/><D21/><U115/><E115/><V109/><F109/><W90/><G90/><T17/><D14/><N who="1" m="7647" /><E71/><V1/><F1/><W95/><G83/><T99/><D63/><U131/><E131/><V39/><F44/><W122/><G122/><T114/><D70/><U50/><E31/><AGARI ba="1,1" hai="22,24,25,29,31,35,40,42,51,52,59,87,88,95" machi="31" ten="30,3900,0" yaku="7,1,54,2" doraHai="32" who="3" fromWho="1" sc="90,0,244,-42,251,0,405,52" /><INIT seed="7,0,0,4,5,135" ten="90,202,251,457" oya="3" hai0="49,60,0,113,120,62,90,134,118,108,38,94,115" hai1="17,119,77,83,100,6,96,65,10,39,32,69,116" hai2="45,102,114,15,24,5,28,76,130,104,132,26,91" hai3="72,78,98,43,105,61,117,35,2,112,25,14,58"/><W107/><G112/><N who="0" m="43083" /><D0/><U131/><E39/><V64/><F132/><W84/><G98/><T55/><D134/><U12/><E32/><V29/><F114/><W106/><G106/><T110/><D90/><U121/><E121/><V92/><F64/><W11/><G25/><T22/><D94/><U34/><E34/><V3/><F76/><W46/><G61/><N who="0" m="23659" /><D22/><U122/><E122/><V109/><F45/><W56/><G107/><T103/><D103/><U59/><E6/><V88/><F130/><W70/><G46/><N who="0" m="28087" /><D120/><U86/><E131/><V79/><F79/><W95/><G78/><T20/><D20/><U37/><E10/><V89/><F3/><W21/><G105/><T101/><D101/><U97/><E97/><N who="2" m="59687" /><F104/><W36/><G11/><T1/><D1/><U31/><E100/><V54/><F5/><W68/><G35/><T47/><D118/><U123/><E31/><V66/><F15/><W18/><G14/><T42/><AGARI ba="0,0" hai="38,42,47,108,110" m="28087,23659,43083" machi="42" ten="30,7900,0" yaku="15,1,11,1,34,2" doraHai="135" who="0" fromWho="0" sc="90,79,202,-20,251,-20,457,-39" owari="169,-33.0,182,-22.0,231,3.0,418,52.0" /></mjloggm>