<mjloggm ver="2.3"><GO type="41" lobby="0"/><UN n0="%61%72%6D%65%64" n1="%E3%82%84%E3%81%BC%E3%82%93%E3%81%A1" n2="%E2%93%9D%53%75%70%68%78" n3="%E3%83%9F%E3%83%AB%E3%82%AD%E3%83%BC%E3%82%A6%E3%82%A7%E3%82%A4" dan="15,14,18,15" rate="2006.70,1979.76,2124.26,2034.06" sx="M,M,M,M"/><TAIKYOKU oya="0"/><INIT seed="0,0,0,0,0,77" ten="250,250,250,250" oya="0" hai0="45,134,50,33,47,84,56,108,131,49,126,44,120" hai1="70,124,66,76,110,58,119,20,133,100,68,55,27" hai2="59,63,17,2,57,111,128,79,130,75,97,1,67" hai3="135,43,23,51,109,85,94,16,99,35,112,19,18"/><T36/><D33/><U71/><E119/><V21/><F111/><W113/><G109/><T125/><D108/><U80/><E100/><V34/><F34/><W46/><G135/><T61/><D84/><U3/><E3/><V4/><F59/><W38/><G35/><T98/><D98/><U52/><E124/><N who="0" m="47721" /><D120/><U103/><E103/><V121/><F4/><W92/><G85/><T78/><D78/><U13/><E13/><V123/><F97/><W31/><G38/><T24/><D24/><U54/><E133/><V69/><F69/><W26/><REACH who="3" step="1"/><G94/><REACH who="3" ten="250,250,250,240" step="2"/><T105/><D134/><U118/><E110/><V87/><F87/><W6/><G6/><T42/><D105/><U72/><E118/><V60/><F123/><W83/><G83/><T86/><D86/><U8/><E8/><V127/><F127/><W89/><AGARI ba="0,1" hai="16,18,19,23,26,31,43,46,51,89,92,99,112,113" machi="89" ten="30,4000,0" yaku="1,1,0,1,54,1,53,0" doraHai="77" doraHaiUra="53" who="3" fromWho="3" sc="250,-20,250,-10,250,-10,240,50" /><INIT seed="1,0,0,2,4,61" ten="230,240,240,290" oya="1" hai0="45,82,106,93,16,100,26,9,67,54,122,73,47" hai1="62,77,76,114,13,115,51,79,111,117,84,91,48" hai2="75,86,131,50,120,39,102,119,24,31,27,15,107" hai3="20,125,130,42,66,70,126,59,6,57,87,46,55"/><U129/><E117/><V5/><F119/><W118/><G6/><T116/><D122/><U23/><E129/><V65/><F75/><W1/><G1/><T97/><D116/><U110/><E62/><V101/><F39/><W112/><G87/><T90/><D54/><U134/><E13/><V81/><F107/><W108/><G20/><T85/><D67/><U12/><E12/><V34/><F120/><W132/><G118/><T105/><D105/><U72/><E23/><V0/><F27/><W29/><G29/><T127/><D127/><N who="3" m="48649" /><G112/><N who="1" m="43050" /><E48/><V123/><F50/><N who="3" m="30967" /><G130/><T83/><D83/><N who="1" m="45447" /><E51/><V78/><F131/><W133/><G70/><T14/><REACH who="0" step="1"/><D26/><REACH who="0" ten="220,240,240,290" step="2"/><U43/><E43/><V30/><F24/><W17/><G42/><T44/><D44/><U56/><E134/><N who="3" m="51818" /><G46/><T22/><D22/><U99/><E79/><AGARI ba="0,1" hai="9,14,16,45,47,73,79,82,85,90,93,97,100,106" machi="79" ten="40,8000,1" yaku="1,1,24,2,54,1,53,1" doraHai="61" doraHaiUra="10" who="0" fromWho="1" sc="220,90,240,-80,240,0,290,0" /><INIT seed="2,0,0,4,0,77" ten="310,160,240,290" oya="2" hai0="35,6,34,60,3,122,56,131,89,94,125,17,104" hai1="67,79,108,64,8,87,32,45,96,83,16,82,98" hai2="58,97,69,14,65,1,59,72,42,133,68,15,13" hai3="21,73,48,57,22,12,113,44,43,86,0,78,103"/><V39/><F1/><W23/><G0/><T53/><D122/><U9/><E32/><V7/><F7/><W30/><G73/><T99/><D104/><U110/><E45/><V92/><F133/><W106/><G113/><T101/><D131/><U121/><E121/><V112/><F112/><W93/><G106/><T71/><D71/><U18/><E87/><V28/><F28/><W49/><G103/><T26/><D101/><U55/><E55/><V33/><F33/><W11/><G30/><T70/><D70/><U124/><E79/><V75/><F39/><W91/><G78/><T85/><D85/><U111/><E108/><V84/><F84/><W62/><G49/><T76/><D76/><U88/><E88/><V127/><F127/><AGARI ba="0,0" hai="8,9,16,18,64,67,82,83,96,98,110,111,124,127" machi="127" ten="25,8000,1" yaku="22,2,52,2,54,1" doraHai="77" who="1" fromWho="2" sc="310,0,160,80,240,-80,290,0" /><INIT seed="3,0,0,4,2,79" ten="310,240,160,290" oya="3" hai0="130,117,90,13,38,42,4,63,106,37,78,12,41" hai1="21,110,93,84,3,103,8,71,108,54,116,22,29" hai2="57,121,23,86,19,82,77,73,18,111,102,6,94" hai3="51,5,107,62,14,95,81,118,45,135,58,52,7"/><W35/><G35/><T132/><D106/><U100/><E71/><V75/><F111/><W104/><G135/><T80/><D117/><U98/><E29/><V131/><F131/><W56/><G118/><T129/><D90/><U40/><E40/><V99/><F121/><W11/><G95/><T65/><D4/><U122/><E122/><V85/><F6/><W69/><G69/><T101/><D101/><U25/><E22/><V88/><F57/><W1/><G56/><T115/><D115/><U47/><E8/><V83/><REACH who="2" step="1"/><F19/><REACH who="2" ten="310,240,150,290" step="2"/><W133/><G133/><T24/><D132/><U50/><E116/><V39/><F39/><W27/><G5/><T96/><D38/><U119/><E119/><V49/><F49/><W48/><G48/><T16/><D37/><U33/><E50/><V87/><F87/><W72/><G1/><T10/><D96/><U124/><E84/><V97/><F97/><W92/><G92/><T55/><D129/><U120/><E93/><V53/><F53/><W43/><G72/><T31/><D55/><U0/><E54/><V61/><F61/><W36/><G36/><T60/><D60/><U26/><E0/><V127/><F127/><W74/><G74/><T30/><D42/><U134/><E124/><V66/><F66/><W28/><G81/><T113/><D41/><U9/><E3/><V68/><F68/><W15/><G107/><T32/><D130/><U46/><E134/><V70/><F70/><W126/><G104/><T114/><D63/><U112/><E108/><V44/><F44/><W2/><G126/><T67/><D65/><RYUUKYOKU ba="0,1" sc="310,-15,240,-15,150,15,290,15" hai2="18,23,73,75,77,82,83,85,86,88,94,99,102" hai3="2,7,11,14,15,27,28,43,45,51,52,58,62" /><INIT seed="3,1,1,4,0,81" ten="295,225,165,305" oya="3" hai0="18,134,60,101,105,1,13,9,14,77,91,4,108" hai1="24,95,98,121,41,39,8,7,112,3,73,62,122" hai2="17,67,97,113,36,5,22,130,135,90,43,31,83" hai3="80,118,21,100,54,109,40,120,46,28,102,33,89"/><W49/><G33/><T92/><D108/><U88/><E112/><V71/><F113/><W55/><G120/><T63/><D134/><U20/><E73/><V78/><F130/><W47/><G118/><T61/><D77/><U45/><REACH who="1" step="1"/><E62/><REACH who="1" ten="295,215,165,305" step="2"/><V128/><F128/><W11/><G109/><T115/><D115/><U29/><AGARI ba="1,2" hai="3,7,8,20,24,29,39,41,45,88,95,98,121,122" machi="29" ten="20,8000,1" yaku="1,1,2,1,0,1,7,1,54,1,53,0" doraHai="81" doraHaiUra="126" who="1" fromWho="1" sc="295,-21,215,103,165,-21,305,-41" /><INIT seed="4,0,0,1,0,57" ten="274,318,144,264" oya="0" hai0="90,38,9,3,40,122,87,94,110,78,53,49,14" hai1="24,62,123,97,27,102,10,32,28,74,18,127,134" hai2="63,71,4,39,82,108,101,70,66,8,51,81,5" hai3="65,60,69,23,20,109,120,114,55,13,105,34,1"/><T48/><D122/><U115/><E74/><V7/><F39/><W113/><G105/><T76/><D3/><U116/><E116/><V19/><F108/><W91/><G1/><T72/><D72/><U30/><E123/><V43/><F101/><W98/><G34/><T17/><D38/><U80/><E80/><V22/><F8/><W12/><G109/><T128/><D128/><U41/><E41/><V130/><F130/><W88/><G55/><T119/><D119/><U131/><E127/><V95/><F71/><W83/><G120/><T29/><D29/><U2/><E134/><V84/><F95/><N who="3" m="56679" /><G91/><T16/><D17/><U25/><E115/><N who="3" m="44042" /><G83/><T121/><D121/><U56/><E131/><V54/><F43/><W126/><G126/><T46/><D110/><U106/><E30/><V92/><F92/><W59/><G69/><T77/><D77/><U111/><E111/><V132/><F132/><W33/><G33/><T6/><D6/><U124/><E124/><V99/><F99/><W96/><G96/><T85/><D85/><U52/><REACH who="1" step="1"/><E2/><REACH who="1" ten="274,308,144,264" step="2"/><V133/><F133/><W26/><G20/><T68/><REACH who="0" step="1"/><D68/><REACH who="0" ten="264,308,144,264" step="2"/><U89/><E89/><V79/><F70/><W64/><G65/><T125/><D125/><U93/><E93/><V75/><F66/><W47/><G64/><T118/><D118/><U11/><E11/><V42/><F75/><W45/><G23/><T36/><D36/><U112/><E112/><V104/><F22/><W86/><G86/><T31/><D31/><U44/><E44/><AGARI ba="0,2" hai="9,14,16,40,44,46,48,49,53,76,78,87,90,94" machi="44" ten="30,11600,0" yaku="1,1,7,1,8,1,54,1,53,0" doraHai="57" doraHaiUra="129" who="0" fromWho="1" sc="264,136,308,-116,144,0,264,0" /><INIT seed="4,1,0,0,3,76" ten="400,192,144,264" oya="0" hai0="18,99,84,90,79,24,45,87,75,115,30,47,71" hai1="37,78,69,120,83,89,48,3,77,4,104,44,34" hai2="113,66,39,63,80,132,6,26,112,94,17,102,32" hai3="16,109,74,58,53,85,56,40,96,5,103,125,110"/><T116/><D116/><U64/><E120/><V31/><F39/><W86/><G74/><T46/><D71/><U129/><E104/><V13/><F6/><W21/><G5/><T111/><D75/><U36/><E34/><V11/><F132/><W128/><G40/><T35/><D115/><U27/><E27/><V118/><F118/><W19/><G128/><T29/><D29/><U1/><E89/><V101/><F94/><W133/><G133/><T33/><D33/><U38/><E77/><V93/><F93/><W57/><G125/><T92/><D111/><U41/><E4/><V107/><F80/><W42/><G42/><T95/><D79/><U124/><E129/><V52/><F52/><W7/><G53/><T127/><D127/><U134/><E134/><V121/><F121/><W65/><G65/><T108/><D108/><U100/><E100/><V97/><REACH who="2" step="1"/><F102/><REACH who="2" ten="400,192,134,264" step="2"/><W50/><G7/><T25/><D95/><U126/><E124/><V10/><F10/><W59/><G110/><T131/><D131/><U72/><REACH who="1" step="1"/><E126/><REACH who="1" ten="400,182,134,264" step="2"/><V22/><F22/><W54/><G109/><T105/><D105/><U23/><E23/><V20/><F20/><W98/><G21/><T117/><D117/><U135/><E135/><V130/><F130/><W73/><G103/><T12/><D25/><U60/><AGARI ba="1,2" hai="1,3,36,37,38,41,44,48,60,64,69,72,78,83" machi="60" ten="40,5200,0" yaku="1,1,0,1,52,1,53,0" doraHai="76" doraHaiUra="123" who="1" fromWho="1" sc="400,-27,182,75,134,-14,264,-14" /><INIT seed="5,0,0,4,5,100" ten="373,257,120,250" oya="1" hai0="60,134,64,13,116,76,89,24,66,27,46,17,105" hai1="52,3,31,79,20,51,72,107,95,19,77,32,37" hai2="103,118,61,90,73,82,91,16,21,126,97,124,2" hai3="10,9,108,26,48,87,57,55,130,42,69,28,101"/><U11/><E37/><V71/><F2/><W50/><G69/><T119/><D105/><U133/><E133/><V58/><F71/><W127/><G108/><T65/><D76/><U94/><E107/><V131/><F118/><W29/><G101/><T88/><D60/><U113/><E113/><V56/><F131/><W38/><G38/><T39/><D134/><U125/><E125/><N who="2" m="48235" /><F73/><W1/><G130/><T45/><D39/><U117/><E31/><V44/><F44/><N who="0" m="17002" /><D119/><U36/><E32/><V81/><F81/><W93/><G42/><T84/><D116/><U22/><E36/><V80/><F80/><W5/><G10/><N who="0" m="6327" /><D89/><N who="2" m="33802" /><F82/><AGARI ba="0,0" hai="24,27,64,65,66,82,84,88" m="6327,17002" machi="82" ten="30,2000,0" yaku="8,1,54,1" doraHai="100" who="0" fromWho="2" sc="373,20,257,0,120,-20,250,0" /><INIT seed="6,0,0,3,2,3" ten="393,257,100,250" oya="2" hai0="44,5,52,88,118,1,41,39,94,13,37,107,83" hai1="28,8,48,32,72,74,98,95,116,62,122,100,85" hai2="4,35,64,46,50,103,31,66,112,123,91,93,113" hai3="90,53,14,99,47,101,119,80,34,24,27,0,58"/><V42/><F103/><W45/><G0/><T128/><D107/><U87/><E116/><V96/><F123/><W106/><G24/><T15/><D39/><U38/><E38/><V89/><F35/><W25/><G25/><T134/><D118/><U130/><E48/><V121/><F121/><W26/><G26/><T54/><D128/><U71/><E28/><V16/><F31/><W67/><G67/><T81/><D1/><U21/><E21/><V132/><F132/><W11/><G119/><T86/><D134/><U22/><E87/><V75/><F75/><W10/><G10/><T40/><D40/><U97/><E98/><V49/><F4/><W6/><G90/><T117/><D117/><U63/><E22/><V125/><F125/><W126/><G80/><T55/><D15/><U92/><E8/><V18/><F91/><W65/><G65/><N who="2" m="25193" /><F50/><W70/><G70/><T51/><D37/><U29/><E71/><V23/><F23/><W57/><G57/><T105/><D105/><U33/><E29/><V12/><F12/><W59/><G59/><T7/><D13/><U69/><E69/><V61/><F61/><W17/><G126/><T131/><D131/><U104/><E130/><V30/><F30/><W115/><G115/><AGARI ba="0,0" hai="16,18,42,46,49,89,93,96,112,113,115" m="25193" machi="115" ten="30,2900,0" yaku="15,1,54,1" doraHai="3" who="2" fromWho="3" sc="393,0,257,0,100,29,250,-29" /><INIT seed="6,1,0,3,4,46" ten="393,257,129,221" oya="2" hai0="124,112,127,79,89,34,87,129,126,121,70,38,63" hai1="1,107,10,40,88,134,30,94,52,117,69,31,128" hai2="27,13,99,57,118,92,106,18,51,44,61,120,78" hai3="22,76,43,125,6,0,114,113,65,4,59,105,20"/><V77/><F106/><W101/><G125/><T54/><D121/><U97/><E69/><V98/><F118/><W110/><G110/><T130/><D38/><U23/><E128/><N who="0" m="49257" /><D34/><U5/><E40/><N who="2" m="24967" /><F27/><W116/><G116/><T42/><D42/><U131/><E134/><V39/><F39/><W75/><G43/><T109/><D109/><U28/><E107/><V102/><F99/><N who="3" m="61631" /><G22/><T50/><D79/><U47/><E117/><V66/><F120/><W119/><G20/><AGARI ba="1,0" hai="13,18,20,57,61,66,77,78,92,98,102" m="24967" machi="20" ten="30,2900,0" yaku="8,1,52,1" doraHai="46" who="2" fromWho="3" sc="393,0,257,0,129,32,221,-32" /><INIT seed="6,2,0,3,0,130" ten="393,257,161,189" oya="2" hai0="74,44,62,17,124,117,106,35,54,3,126,2,116" hai1="81,120,68,49,38,101,78,67,110,118,53,15,121" hai2="22,123,56,39,57,114,133,128,30,125,8,29,47" hai3="95,42,41,12,112,71,61,94,100,50,59,52,73"/><V7/><F123/><W65/><G73/><T10/><D106/><U132/><E110/><V32/><F128/><W69/><G69/><T36/><D74/><U99/><E38/><V129/><F129/><W64/><G64/><T102/><D102/><U82/><E82/><V51/><F32/><W134/><G134/><T76/><D76/><U5/><E132/><V43/><F133/><W26/><G112/><T86/><D86/><U11/><E118/><N who="0" m="45673" /><D35/><U9/><E67/><V48/><F125/><N who="0" m="48234" /><D17/><U13/><E99/><V84/><F114/><W37/><G26/><T16/><D36/><U90/><E101/><V19/><F39/><W91/><G12/><N who="0" m="7191" /><D44/><U79/><E78/><V113/><F113/><W135/><G135/><T97/><D97/><U1/><E79/><V27/><F84/><W24/><G24/><T70/><D54/><U77/><E53/><V127/><F127/><W20/><G20/><T33/><D33/><U58/><E77/><V34/><F34/><W115/><G115/><T14/><D14/><U93/><E15/><N who="2" m="5535" /><F19/><W98/><G37/><T119/><N who="0" m="45681" /><T31/><DORA hai="66" /><D31/><U105/><E105/><V23/><F30/><W107/><REACH who="3" step="1"/><G107/><REACH who="3" ten="393,257,161,179" step="2"/><T60/><D70/><U18/><E68/><V80/><F23/><W21/><G21/><T88/><D2/><U108/><E1/><V103/><F22/><W122/><G122/><T72/><D72/><U4/><E120/><V75/><F27/><W96/><AGARI ba="2,1" hai="41,42,50,52,59,61,65,71,91,94,95,96,98,100" machi="96" ten="20,12000,2" yaku="1,1,0,1,7,1,52,1,54,1,53,1" doraHai="130,66" doraHaiUra="87,40" who="3" fromWho="3" sc="393,-32,257,-32,161,-62,179,136" /><INIT seed="7,0,0,3,4,84" ten="361,225,99,315" oya="3" hai0="36,18,87,113,17,31,78,116,93,55,83,104,33" hai1="130,81,71,73,16,126,59,99,127,58,45,115,123" hai2="25,0,70,20,41,75,37,28,51,131,88,100,98" hai3="42,44,6,22,114,60,120,103,97,7,112,107,68"/><W128/><G120/><T134/><D104/><U76/><E123/><V26/><F131/><W14/><G128/><T96/><D116/><U89/><E71/><V38/><F75/><W90/><G68/><T117/><D117/><U62/><E115/><N who="3" m="44074" /><G60/><T118/><D118/><U35/><E58/><V48/><F0/><W80/><G22/><T74/><D36/><U79/><E35/><V92/><F70/><W67/><G67/><T47/><D74/><U64/><E130/><V121/><F121/><W63/><G63/><T109/><D109/><U40/><E79/><V132/><F132/><W72/><G14/><T53/><D113/><U82/><E62/><V54/><F38/><N who="3" m="21591" /><G72/><T133/><D31/><U52/><E64/><V46/><F37/><W12/><G12/><T77/><D77/><U66/><E76/><V69/><F69/><W23/><G23/><T65/><D65/><U13/><E66/><V61/><F61/><W39/><G39/><T8/><D33/><U27/><E73/><V135/><F135/><N who="0" m="51722" /><D8/><U124/><E126/><V101/><REACH who="2" step="1"/><F26/><REACH who="2" ten="361,225,89,315" step="2"/><W57/><G57/><AGARI ba="0,1" hai="20,25,28,41,46,48,51,54,57,88,92,98,100,101" machi="57" ten="30,12000,2" yaku="1,1,2,1,7,1,8,1,52,1,54,1,53,1" doraHai="84" doraHaiUra="21" who="2" fromWho="3" sc="361,0,225,0,89,130,315,-120" owari="361,45.0,225,3.0,219,-18.0,195,-30.0" /></mjloggm>