<mjloggm ver="2.3"><GO type="41" lobby="0"/><UN n0="%E3%82%A4%E3%83%84%E3%82%B5%E3%82%A4%E3%83%B3%E3%82%B4" n1="%E2%93%9D%53%75%70%68%78" n2="%53%68%69%6E%70%61%70%61" n3="%E3%81%95%E3%81%8B%E3%82%82%E3%81%A8%E3%82%84%E3%81%99%E3%81%9F%E3%81%8B" dan="13,17,14,15" rate="1868.83,2078.21,1962.63,1954.14" sx="F,M,M,M"/><TAIKYOKU oya="0"/><INIT seed="0,0,0,0,1,20" ten="250,250,250,250" oya="0" hai0="82,104,55,64,102,72,88,86,35,90,34,15,13" hai1="2,122,117,83,44,1,30,132,21,22,4,63,40" hai2="84,11,50,61,25,123,126,59,134,69,135,10,41" hai3="107,91,111,74,52,12,29,97,121,48,118,124,60"/><T130/><D130/><U57/><E117/><V94/><F123/><W47/><G118/><T77/><D64/><U24/><E132/><N who="2" m="50731" /><F126/><W45/><G124/><T71/><D71/><U39/><E122/><V127/><F69/><W109/><G121/><T89/><D55/><U67/><E4/><V49/><F25/><W125/><G74/><T128/><D128/><U31/><E83/><V133/><F127/><W6/><G125/><T100/><D15/><U5/><E5/><V42/><F84/><W75/><G75/><T95/><D13/><U119/><E119/><V112/><F94/><W87/><G97/><N who="0" m="61455" /><D35/><U93/><E93/><V78/><F78/><W32/><G107/><T18/><D18/><U54/><E67/><V23/><F23/><W120/><G60/><T99/><D34/><U116/><E116/><V8/><F112/><W80/><G120/><T101/><D101/><U73/><E73/><AGARI ba="0,0" hai="72,73,77,82,86,88,89,90,95,99,102" m="61455" machi="73" ten="30,18000,2" yaku="35,5,54,1" doraHai="20" who="0" fromWho="1" sc="250,180,250,-180,250,0,250,0" /><INIT seed="0,1,0,0,1,120" ten="430,70,250,250" oya="0" hai0="4,9,71,126,33,84,69,111,119,77,50,81,128" hai1="118,123,135,110,13,131,104,108,60,5,24,73,99" hai2="74,47,3,17,80,72,132,10,121,112,85,57,11" hai3="26,127,1,98,34,76,30,48,75,64,62,58,107"/><T40/><D33/><U12/><E123/><V106/><F112/><W49/><G127/><T93/><D119/><U124/><E118/><V25/><F121/><W51/><G1/><T114/><D126/><U14/><E124/><V94/><F106/><W103/><G75/><T89/><D114/><U134/><E73/><V31/><F132/><N who="1" m="50729" /><E131/><V54/><F3/><W100/><G100/><T23/><D128/><U70/><E24/><V86/><F31/><W8/><G8/><T65/><D23/><U79/><E79/><V115/><F47/><W66/><G76/><T67/><D71/><U6/><E99/><V105/><F105/><W7/><G7/><N who="1" m="2570" /><E104/><V87/><F115/><W61/><REACH who="3" step="1"/><G51/><REACH who="3" ten="430,70,250,240" step="2"/><T95/><D4/><U19/><E19/><V28/><F74/><W113/><G113/><T97/><D9/><U52/><E70/><AGARI ba="1,1" hai="26,30,34,48,49,58,61,62,64,66,70,98,103,107" machi="70" ten="30,7700,0" yaku="1,1,7,1,25,2,53,0" doraHai="120" doraHaiUra="133" who="3" fromWho="1" sc="430,0,70,-80,250,0,240,90" owari="430,53.0,-10,-51.0,250,-15.0,330,13.0" /></mjloggm>