<mjloggm ver="2.3"><GO type="41" lobby="0"/><UN n0="%E3%81%8F%E3%81%B8%E3%81%84%E3%81%98" n1="%E2%93%9D%53%75%70%68%78" n2="%73%74%61%72%6B" n3="%E3%81%94%E3%81%BC%E3%81%86%E7%94%B7" dan="14,18,14,14" rate="1869.97,2124.30,1919.19,1955.13" sx="M,M,M,M"/><TAIKYOKU oya="0"/><INIT seed="0,0,0,2,1,127" ten="250,250,250,250" oya="0" hai0="78,124,98,43,23,103,36,113,97,67,28,24,57" hai1="112,33,0,19,135,50,32,41,109,88,4,94,20" hai2="82,9,58,69,15,128,101,121,111,61,64,17,49" hai3="134,74,55,51,77,39,38,30,125,34,76,27,60"/><T62/><D124/><U81/><E109/><V44/><F111/><W107/><G125/><T87/><D113/><U29/><E135/><V1/><F121/><W63/><G134/><T14/><D14/><U11/><E81/><V10/><F101/><W96/><G39/><T46/><D98/><U104/><E104/><V65/><F82/><W2/><G38/><T21/><D87/><U70/><E70/><V133/><F133/><W102/><G2/><T5/><D5/><U52/><E41/><V54/><F69/><W25/><G25/><T115/><D115/><U48/><E48/><V6/><F128/><W90/><G90/><T66/><D23/><U117/><E29/><V13/><REACH who="2" step="1"/><F1/><REACH who="2" ten="250,250,240,250" step="2"/><W84/><G74/><T26/><D78/><U56/><E112/><V31/><F31/><W123/><G123/><T116/><D116/><U85/><REACH who="1" step="1"/><E117/><REACH who="1" ten="250,240,240,250" step="2"/><V119/><F119/><W105/><G105/><T129/><D129/><U79/><E79/><V47/><F47/><W89/><G77/><T120/><D120/><U7/><E7/><V73/><F73/><W3/><G76/><T114/><D114/><U53/><E53/><AGARI ba="0,2" hai="6,9,10,13,15,17,44,49,53,54,58,61,64,65" machi="53" ten="30,3900,0" yaku="1,1,7,1,8,1,53,0" doraHai="127" doraHaiUra="118" who="2" fromWho="1" sc="250,0,240,-39,240,59,250,0" /><INIT seed="1,0,0,4,1,19" ten="250,201,299,250" oya="1" hai0="51,50,47,78,57,100,22,40,97,20,56,119,96" hai1="124,82,131,87,94,111,101,44,0,54,36,134,45" hai2="41,39,117,128,6,91,112,130,127,79,66,2,104" hai3="121,126,59,109,46,74,43,27,8,67,106,90,55"/><U75/><E0/><V99/><F117/><W62/><G121/><T34/><D34/><U103/><E75/><V25/><F112/><W30/><G74/><T48/><D119/><U77/><E131/><V9/><F127/><W33/><G126/><T38/><D78/><U88/><E124/><V29/><F79/><W24/><G106/><T132/><D132/><U86/><E134/><V98/><F66/><W81/><G109/><T61/><D56/><U69/><E69/><V116/><F116/><W35/><G8/><T115/><D115/><U118/><E118/><V13/><F91/><W37/><G90/><T65/><REACH who="0" step="1"/><D97/><REACH who="0" ten="240,201,299,250" step="2"/><U3/><E111/><V12/><F99/><W135/><G135/><T108/><D108/><U16/><E77/><V31/><F98/><W14/><G81/><T70/><D70/><U95/><E82/><V64/><F104/><AGARI ba="0,1" hai="20,22,38,40,47,48,50,51,57,61,65,96,100,104" machi="104" ten="40,5200,0" yaku="1,1,52,2,53,0" doraHai="19" doraHaiUra="84" who="0" fromWho="2" sc="240,62,201,0,299,-52,250,0" /><INIT seed="2,0,0,4,5,113" ten="302,201,247,250" oya="2" hai0="90,71,127,104,9,40,80,15,114,126,58,33,0" hai1="92,67,108,19,72,117,69,132,57,134,68,36,28" hai2="135,35,43,39,116,44,89,11,53,31,8,79,50" hai3="64,21,25,110,49,55,66,22,65,29,59,115,37"/><V106/><F116/><W3/><G37/><T98/><D71/><U93/><E28/><V38/><F106/><W17/><G3/><T5/><D33/><U107/><E107/><V54/><F79/><W97/><G115/><T105/><D114/><U10/><E72/><V91/><F135/><N who="1" m="51753" /><E36/><V95/><F39/><W2/><G2/><T1/><D40/><U118/><E108/><V47/><F54/><W7/><G110/><T52/><D104/><U51/><E19/><V102/><F102/><W20/><G7/><T56/><D105/><U109/><E10/><V48/><F38/><W94/><G17/><T62/><D56/><U123/><E123/><V32/><F31/><W14/><G14/><T70/><D70/><N who="1" m="27243" /><E109/><V23/><F23/><W60/><G49/><T87/><D98/><U120/><E120/><V74/><F74/><W27/><G29/><T76/><D76/><U61/><E51/><V13/><F11/><W73/><G73/><T77/><D77/><U128/><E128/><V103/><F35/><W30/><G30/><T24/><D24/><U42/><E42/><V124/><F32/><W129/><G129/><T41/><D41/><U6/><E6/><N who="2" m="3223" /><F124/><AGARI ba="0,0" hai="0,1,5,9,15,52,58,62,80,87,90,124,126,127" machi="124" ten="40,2600,0" yaku="18,1,54,1" doraHai="113" who="0" fromWho="2" sc="302,26,201,0,247,-26,250,0" /><INIT seed="3,0,0,4,4,64" ten="328,201,221,250" oya="3" hai0="47,135,57,123,97,92,7,27,23,101,19,106,16" hai1="3,44,39,6,93,132,109,122,51,111,77,34,95" hai2="17,65,31,69,102,87,32,5,45,121,96,126,117" hai3="88,81,90,89,110,10,118,59,43,61,112,66,52"/><W130/><G118/><T36/><D123/><U107/><E34/><V26/><F117/><W63/><G112/><T74/><D74/><U84/><E39/><V60/><F121/><W98/><G130/><T20/><D7/><U70/><E107/><V12/><F126/><W9/><G43/><T79/><D79/><U114/><E132/><V46/><F5/><W131/><G131/><T24/><D135/><U129/><E114/><V29/><F29/><W21/><G110/><N who="1" m="41994" /><E122/><V86/><F46/><W91/><G21/><T78/><D78/><U50/><E50/><V22/><REACH who="2" step="1"/><F45/><REACH who="2" ten="328,201,211,250" step="2"/><W82/><G98/><T49/><D36/><U41/><E129/><V104/><AGARI ba="0,1" hai="12,17,22,26,31,32,60,65,69,86,87,96,102,104" machi="104" ten="20,16000,3" yaku="1,1,2,1,0,1,7,1,25,2,52,1,53,1" doraHai="64" doraHaiUra="8" who="2" fromWho="2" sc="328,-40,201,-40,211,170,250,-80" /><INIT seed="4,0,0,0,4,43" ten="288,161,381,170" oya="0" hai0="15,132,113,10,26,19,94,11,27,112,92,108,28" hai1="42,35,57,74,34,30,6,95,61,51,25,13,75" hai2="134,85,100,2,67,68,110,22,41,109,70,14,21" hai3="38,1,80,97,103,32,55,119,45,23,129,88,115"/><T111/><D132/><U37/><E35/><V102/><F2/><W12/><G1/><T62/><D62/><U101/><E37/><V33/><F33/><W60/><G32/><N who="0" m="20503" /><D94/><U87/><E6/><V76/><F41/><W36/><G119/><T91/><D92/><U65/><E13/><V86/><F134/><W135/><G135/><T73/><D91/><U59/><E87/><V123/><F14/><W84/><G129/><T117/><D73/><U90/><E90/><V0/><F0/><W53/><G115/><N who="0" m="44107" /><D117/><U125/><E125/><V93/><F93/><W130/><G130/><T7/><D27/><U107/><E95/><V8/><F8/><W44/><G103/><T18/><D10/><U54/><REACH who="1" step="1"/><E42/><REACH who="1" ten="288,151,381,170" step="2"/><V77/><REACH who="2" step="1"/><F67/><REACH who="2" ten="288,151,371,170" step="2"/><W66/><G97/><AGARI ba="0,2" hai="25,30,34,51,54,57,59,61,65,74,75,97,101,107" machi="97" ten="40,2600,0" yaku="1,1,2,1,53,0" doraHai="43" doraHaiUra="118" who="1" fromWho="3" sc="288,0,151,46,371,0,170,-26" /><INIT seed="5,0,0,5,5,60" ten="288,197,371,144" oya="1" hai0="95,25,119,59,40,65,87,131,118,32,123,62,112" hai1="73,71,15,91,127,124,37,101,102,117,53,98,113" hai2="97,80,66,129,74,111,121,114,41,122,51,39,116" hai3="23,9,20,54,17,24,33,134,72,44,92,104,18"/><U34/><E34/><V28/><F28/><W29/><G104/><T14/><D112/><U86/><E37/><V43/><F97/><W1/><G72/><T105/><D105/><U106/><E71/><V125/><F80/><W49/><G134/><T88/><D131/><U75/><E15/><V76/><F76/><W16/><G92/><T13/><D123/><U70/><E53/><V115/><F74/><N who="1" m="28169" /><E70/><V4/><F4/><W79/><G79/><T130/><D130/><U128/><E128/><V108/><F129/><W57/><G44/><T99/><D40/><N who="2" m="15434" /><F66/><W109/><G109/><N who="2" m="42057" /><F51/><W96/><G96/><T48/><D48/><U31/><E31/><V85/><F85/><W84/><G84/><T11/><D87/><U2/><E2/><V10/><F10/><W133/><REACH who="3" step="1"/><G133/><REACH who="3" ten="288,197,371,134" step="2"/><T126/><D118/><U27/><E117/><V19/><F39/><W46/><G46/><T30/><D119/><U12/><E106/><V100/><F116/><W3/><G3/><T5/><D126/><U52/><E127/><V55/><F125/><W90/><G90/><T93/><D93/><U56/><E124/><V81/><F81/><W42/><G42/><T22/><D32/><U78/><E78/><V94/><F94/><W38/><G38/><T21/><REACH who="0" step="1"/><D21/><REACH who="0" ten="278,197,371,134" step="2"/><U63/><E86/><V26/><F122/><W36/><G36/><T0/><AGARI ba="0,2" hai="0,5,11,13,14,22,25,30,59,62,65,88,95,99" machi="0" ten="20,12000,2" yaku="1,1,2,1,0,1,7,1,52,1,54,1,53,0" doraHai="60" doraHaiUra="110" who="0" fromWho="0" sc="278,140,197,-60,371,-30,134,-30" /><INIT seed="6,0,0,3,5,117" ten="418,137,341,104" oya="2" hai0="2,53,41,100,19,8,29,26,102,81,0,119,118" hai1="72,89,27,18,93,23,125,63,6,39,124,44,83" hai2="131,21,113,65,85,97,66,10,132,14,126,67,121" hai3="71,112,91,115,68,46,43,59,58,127,103,38,135"/><V1/><F121/><W61/><G103/><T134/><D41/><U108/><E108/><V128/><F1/><W77/><G77/><T88/><D134/><U109/><E109/><V105/><F132/><W24/><G135/><T42/><D42/><U56/><E6/><V114/><F85/><W7/><G7/><T37/><D37/><U60/><E44/><V40/><F40/><W130/><G91/><T54/><D19/><U49/><E39/><V80/><F80/><W16/><G24/><T104/><D88/><U55/><E83/><V94/><F21/><W106/><G106/><T31/><D26/><U47/><E72/><V101/><F105/><W78/><G78/><T70/><D81/><U98/><REACH who="1" step="1"/><E63/><REACH who="1" ten="418,127,341,104" step="2"/><V90/><F126/><W12/><G127/><T95/><D118/><U74/><E74/><V3/><F3/><W35/><G35/><T50/><D119/><U64/><AGARI ba="0,1" hai="18,23,27,47,49,55,56,60,64,89,93,98,124,125" machi="64" ten="30,2000,0" yaku="1,1,0,1,53,0" doraHai="117" doraHaiUra="75" who="1" fromWho="1" sc="418,-5,127,30,341,-10,104,-5" /><INIT seed="7,0,0,5,0,34" ten="413,157,331,99" oya="3" hai0="42,16,52,124,43,4,58,116,96,55,35,123,56" hai1="88,19,134,50,27,31,75,61,129,93,69,74,85" hai2="127,65,135,98,94,102,110,128,53,2,13,119,122" hai3="8,39,117,24,82,71,29,30,103,77,120,78,91"/><W22/><G120/><T100/><D116/><U45/><E129/><V10/><F119/><W14/><G117/><T63/><D35/><U125/><E134/><V32/><F110/><W28/><G39/><T86/><D4/><U49/><E125/><V95/><F32/><W48/><G71/><T84/><D124/><U64/><E19/><V99/><F127/><W113/><G103/><T25/><D123/><U11/><E11/><V109/><F109/><W73/><G78/><T51/><D16/><U54/><E50/><V26/><F122/><W59/><G91/><T12/><D12/><U15/><E15/><V92/><F128/><W33/><G33/><AGARI ba="0,0" hai="27,31,33,45,49,54,61,64,69,74,75,85,88,93" machi="33" ten="30,2000,0" yaku="7,1,54,1" doraHai="34" who="1" fromWho="3" sc="413,0,157,20,331,0,99,-20" owari="413,51.0,177,-22.0,331,13.0,79,-42.0" /></mjloggm>