<mjloggm ver="2.3"><GO type="41" lobby="0"/><UN n0="%E2%93%9D%53%75%70%68%78" n1="%73%75%7A%75%72%69%33%32" n2="%E3%81%A4%E3%81%A3%E3%81%97%E3%83%BC%E3%81%BE" n3="%E3%81%B6%E3%82%8B%E3%82%8B%E3%81%B6%E3%81%B6" dan="18,15,14,14" rate="2127.80,2032.23,1926.77,1899.22" sx="M,M,M,F"/><TAIKYOKU oya="0"/><INIT seed="0,0,0,3,0,4" ten="250,250,250,250" oya="0" hai0="18,105,113,127,13,108,94,20,16,79,82,117,111" hai1="76,92,129,132,70,50,11,98,101,21,14,29,119" hai2="67,15,24,0,5,30,106,126,118,103,97,64,88" hai3="99,68,114,51,58,45,54,52,6,22,116,130,133"/><T61/><D105/><U128/><E70/><V112/><F112/><W131/><G116/><T33/><D113/><U102/><E119/><V81/><F0/><W121/><G114/><T87/><D117/><U65/><E101/><V124/><F118/><W28/><G133/><T9/><D33/><U26/><E132/><V48/><F48/><W37/><G6/><T110/><D127/><U3/><E76/><V66/><F5/><W38/><G68/><T63/><REACH who="0" step="1"/><D94/><REACH who="0" ten="240,250,250,250" step="2"/><U120/><E120/><V32/><REACH who="2" step="1"/><F15/><AGARI ba="0,1" hai="9,13,15,16,18,20,61,63,79,82,87,108,110,111" machi="15" ten="40,18000,2" yaku="1,1,2,1,14,1,10,1,52,1,54,1,53,0" doraHai="4" doraHaiUra="25" who="0" fromWho="2" sc="240,190,250,0,250,-180,250,0" /><INIT seed="0,1,0,4,3,126" ten="430,250,70,250" oya="0" hai0="122,90,73,23,65,107,85,41,3,44,72,4,51" hai1="129,63,127,15,125,36,114,115,77,66,5,135,79" hai2="26,132,93,29,21,128,46,42,76,7,33,24,82" hai3="111,67,134,89,57,62,92,19,59,39,11,50,8"/><T94/><D122/><U55/><E36/><V9/><F132/><W49/><G134/><T133/><D107/><U99/><E135/><V25/><F93/><W110/><G39/><T6/><D65/><U88/><E55/><V37/><F33/><W112/><G112/><N who="1" m="43050" /><E5/><V80/><F80/><W123/><G123/><T52/><D73/><U16/><E129/><V98/><F98/><W113/><G113/><T61/><D72/><U131/><E131/><V124/><F124/><N who="1" m="47689" /><E66/><V121/><F121/><W45/><G59/><N who="0" m="35047" /><D3/><U100/><E63/><V1/><REACH who="2" step="1"/><F128/><REACH who="2" ten="430,250,60,250" step="2"/><W84/><G92/><T108/><D133/><U105/><E88/><V103/><F103/><W31/><G89/><T120/><D120/><U109/><E109/><V54/><F54/><W101/><G110/><T106/><D108/><U118/><E118/><V69/><F69/><W74/><G101/><T22/><D106/><U40/><E40/><V18/><F18/><W95/><G19/><T70/><D70/><U53/><E53/><V13/><F13/><W83/><G111/><T38/><D90/><U87/><E87/><AGARI ba="1,1" hai="1,7,9,21,24,25,26,29,37,42,46,76,82,87" machi="87" ten="30,2000,0" yaku="1,1,7,1,53,0" doraHai="126" doraHaiUra="60" who="2" fromWho="1" sc="430,0,250,-23,60,33,250,0" /><INIT seed="1,0,0,2,3,131" ten="430,227,93,250" oya="1" hai0="70,135,64,87,75,115,69,98,18,128,103,83,48" hai1="12,42,114,47,133,46,90,104,3,10,23,72,74" hai2="50,39,118,30,68,56,109,95,54,55,77,35,57" hai3="71,34,40,60,85,16,130,63,22,84,20,110,59"/><U38/><E104/><V4/><F77/><W19/><G130/><T93/><D75/><U6/><E114/><V117/><F4/><W86/><G110/><T100/><D64/><U27/><E47/><V132/><F30/><W119/><G119/><T88/><D70/><U41/><E41/><V31/><F31/><W80/><G34/><T76/><D69/><U53/><E53/><V121/><F35/><W17/><G40/><T123/><D123/><U24/><E3/><V13/><F13/><W99/><G99/><T96/><D48/><U129/><E129/><V0/><F95/><W78/><G71/><T125/><D125/><U67/><E67/><V108/><F0/><W134/><G134/><T15/><D135/><U61/><E61/><V102/><F102/><W44/><G44/><T28/><D28/><U11/><E11/><V105/><F105/><W120/><G120/><T21/><D115/><U82/><E133/><V112/><F132/><W89/><G89/><T62/><D128/><U8/><E8/><V94/><F94/><W43/><G43/><T52/><D98/><U51/><E38/><V101/><F101/><W29/><G29/><T81/><D81/><U7/><E7/><V111/><F68/><W73/><REACH who="3" step="1"/><G63/><REACH who="3" ten="430,227,93,240" step="2"/><T26/><D62/><U92/><E90/><V116/><F121/><W66/><AGARI ba="0,1" hai="16,17,19,20,22,59,60,66,73,78,80,84,85,86" machi="66" ten="30,7900,0" yaku="1,1,2,1,0,1,54,1,53,0" doraHai="131" doraHaiUra="113" who="3" fromWho="3" sc="430,-20,227,-39,93,-20,240,89" /><INIT seed="2,0,0,3,1,34" ten="410,188,73,329" oya="2" hai0="88,47,33,130,125,103,120,73,135,11,48,36,23" hai1="67,81,115,14,15,78,8,45,111,54,37,114,102" hai2="71,77,13,61,110,69,16,57,2,96,70,89,68" hai3="60,126,39,124,121,9,109,119,91,62,131,113,133"/><V99/><N who="2" m="17408" /><DORA hai="93" /><V12/><F2/><W30/><G30/><T20/><D125/><U132/><E67/><V86/><F77/><W101/><G101/><T3/><D130/><U106/><E132/><V84/><F110/><W53/><G91/><T44/><D120/><U22/><E22/><V24/><F24/><W19/><G39/><T0/><D33/><U129/><E15/><V51/><F12/><W17/><G53/><T123/><D123/><U85/><E129/><V118/><F51/><W10/><G121/><T63/><D48/><U55/><E111/><V134/><F118/><W41/><G109/><T31/><D36/><U108/><E108/><V6/><F6/><W105/><G105/><T92/><D73/><U32/><E32/><V90/><F134/><W98/><G133/><T122/><D11/><U29/><E29/><V7/><F7/><W80/><G80/><T74/><D31/><U59/><E37/><V64/><F89/><W58/><G58/><T26/><D88/><U104/><E45/><V52/><F64/><W46/><G46/><T21/><D47/><U87/><E87/><V25/><F25/><W66/><G66/><T95/><D26/><U76/><E76/><V116/><F116/><W5/><G131/><T27/><D27/><U128/><E128/><V75/><F75/><W40/><G5/><T43/><D74/><U83/><E83/><V72/><F72/><W65/><G65/><T100/><D135/><U127/><E127/><V49/><F49/><W97/><G119/><T42/><D122/><U18/><E102/><V112/><F112/><AGARI ba="0,0" hai="9,10,17,19,40,41,60,62,97,98,112,113,124,126" machi="112" ten="25,8000,1" yaku="6,1,22,2,52,2" doraHai="34,93" who="3" fromWho="2" sc="410,0,188,0,73,-80,329,80" owari="410,51.0,188,-21.0,-7,-51.0,409,21.0" /></mjloggm>