<mjloggm ver="2.3"><GO type="41" lobby="0"/><UN n0="%E2%93%9D%53%75%70%68%78" n1="%E2%93%9D%4E%41%47%41%32%35" n2="%52%41%44" n3="%E3%82%AB%E3%83%8C%E3%83%95%E3%83%A9" dan="18,18,13,13" rate="2085.97,2212.72,1834.83,1905.41" sx="M,F,M,M"/><TAIKYOKU oya="0"/><INIT seed="0,0,0,3,0,101" ten="250,250,250,250" oya="0" hai0="51,10,9,111,122,45,58,116,128,118,25,94,107" hai1="12,97,130,29,73,0,123,100,31,20,26,64,87" hai2="102,121,106,61,115,50,34,98,6,82,11,81,2" hai3="15,95,4,75,33,114,52,72,131,134,49,21,47"/><T38/><D122/><U104/><E123/><V18/><F121/><W59/><G33/><T48/><D38/><U1/><E73/><V99/><F115/><W78/><G114/><T133/><D128/><U14/><E130/><V8/><F34/><W17/><G131/><T46/><D94/><U76/><E31/><V68/><F99/><W129/><G129/><T80/><D58/><U22/><E64/><V88/><F50/><W35/><G35/><T16/><D80/><U36/><E36/><V109/><F109/><W67/><G134/><T135/><D25/><U54/><E54/><V93/><F61/><W53/><G67/><T77/><D77/><U30/><E30/><V96/><F68/><W105/><G105/><T39/><D39/><U19/><REACH who="1" step="1"/><E14/><REACH who="1" ten="250,240,250,250" step="2"/><V84/><F11/><W113/><G75/><T125/><D111/><U108/><E108/><V5/><F5/><W13/><G113/><T90/><D10/><U103/><E103/><V70/><F18/><W65/><G65/><T41/><D16/><U91/><E91/><V110/><F110/><W79/><G72/><T32/><D9/><U63/><E63/><V23/><F70/><W92/><G4/><T127/><D90/><U124/><E124/><V60/><F60/><N who="3" m="35943" /><G13/><T69/><D69/><U83/><AGARI ba="0,1" hai="0,1,12,19,20,22,26,29,76,83,87,97,100,104" machi="83" ten="30,7900,0" yaku="1,1,0,1,52,1,53,1" doraHai="101" doraHaiUra="24" who="1" fromWho="1" sc="250,-39,240,89,250,-20,250,-20" /><INIT seed="1,0,0,3,2,15" ten="211,329,230,230" oya="1" hai0="79,61,44,109,22,6,117,80,14,23,51,105,9" hai1="102,74,65,104,24,49,13,132,95,38,53,67,111" hai2="81,128,126,76,92,3,83,87,118,85,28,50,106" hai3="73,91,127,31,129,16,27,30,33,84,34,62,2"/><U113/><E113/><V108/><F118/><W59/><G73/><T134/><D109/><U21/><E38/><V89/><F108/><W114/><G2/><T17/><D134/><U77/><E104/><V7/><F126/><W39/><G39/><T35/><D35/><U57/><E111/><V131/><F28/><W46/><G114/><T86/><D117/><U94/><E132/><V88/><F50/><W72/><G72/><T47/><D105/><U125/><E125/><V112/><F7/><W82/><G129/><N who="2" m="49737" /><F3/><W99/><G127/><T11/><D61/><U25/><E77/><N who="2" m="46255" /><F112/><W0/><G0/><T119/><D119/><U68/><E74/><N who="2" m="43415" /><F106/><W107/><G46/><T37/><D37/><U56/><E68/><V78/><F78/><W41/><G41/><T93/><D47/><U12/><E49/><V75/><F75/><W5/><G5/><T20/><D93/><U26/><E95/><V42/><F42/><W120/><G33/><T40/><REACH who="0" step="1"/><D11/><REACH who="0" ten="201,329,230,230" step="2"/><U58/><E94/><V123/><F123/><W64/><G120/><T110/><D110/><U96/><E67/><V70/><F70/><W122/><G122/><T8/><D8/><U71/><E65/><V63/><F63/><W60/><G60/><T121/><D121/><U48/><E71/><V98/><F89/><N who="3" m="51351" /><G34/><T29/><D29/><U97/><E48/><V135/><F135/><W116/><G116/><T4/><AGARI ba="0,1" hai="4,6,9,14,17,20,22,23,40,44,51,79,80,86" machi="4" ten="30,7900,0" yaku="1,1,0,1,8,1,52,1,53,0" doraHai="15" doraHaiUra="130" who="0" fromWho="0" sc="201,89,329,-39,230,-20,230,-20" /><INIT seed="2,0,0,1,0,53" ten="290,290,210,210" oya="2" hai0="64,121,14,11,4,103,20,30,34,39,31,116,42" hai1="123,47,1,135,82,94,55,63,58,69,17,56,15" hai2="127,114,26,89,36,98,122,80,52,104,125,83,48" hai3="109,59,32,77,86,3,23,115,40,79,131,106,49"/><V10/><F114/><W71/><G32/><T43/><D121/><U67/><E1/><V22/><F122/><W81/><G3/><T93/><D34/><U68/><E123/><V88/><F36/><W24/><G71/><T29/><D39/><U100/><E135/><V65/><F65/><W19/><G106/><T112/><D116/><U12/><E47/><V107/><F10/><W90/><G131/><T16/><D112/><U101/><E82/><N who="2" m="31275" /><F22/><W2/><G2/><T76/><D76/><U8/><E15/><V85/><F26/><W102/><G109/><T46/><D64/><U51/><REACH who="1" step="1"/><E94/><REACH who="1" ten="290,280,210,210" step="2"/><V35/><F107/><W62/><G115/><T126/><D46/><U118/><E118/><V70/><F104/><W120/><G120/><T117/><D117/><U119/><E119/><V91/><F70/><AGARI ba="0,1" hai="8,12,17,51,55,56,58,63,67,68,69,70,100,101" machi="70" ten="40,5200,0" yaku="1,1,52,2,53,0" doraHai="53" doraHaiUra="33" who="1" fromWho="2" sc="290,0,280,62,210,-52,210,0" /><INIT seed="3,0,0,2,1,104" ten="290,342,158,210" oya="3" hai0="67,21,22,125,36,114,76,126,23,9,34,39,11" hai1="51,56,127,0,31,19,130,75,95,13,44,123,96" hai2="134,107,42,77,15,72,30,99,33,111,6,37,128" hai3="79,35,68,16,1,101,109,62,119,2,90,103,133"/><W105/><G119/><T43/><D67/><U73/><E123/><V121/><F15/><W50/><G35/><T85/><D34/><U88/><E0/><V55/><F55/><W27/><G105/><T108/><D108/><U92/><E130/><V97/><F97/><W29/><G29/><T32/><D32/><U46/><E31/><V47/><F121/><W14/><G27/><T66/><D66/><U59/><E127/><N who="0" m="48649" /><D43/><U74/><E95/><V106/><F128/><W5/><G68/><T115/><D85/><U131/><E131/><V102/><F111/><W20/><G62/><T40/><D76/><U4/><E4/><V113/><F113/><N who="0" m="43018" /><D40/><U64/><E64/><V71/><F6/><W54/><G109/><T86/><D86/><U49/><E49/><V60/><F134/><W12/><G133/><T53/><D53/><U57/><REACH who="1" step="1"/><E51/><REACH who="1" ten="290,332,158,210" step="2"/><V70/><F60/><W25/><G2/><T87/><D87/><U100/><E100/><V80/><REACH who="2" step="1"/><F107/><REACH who="2" ten="290,332,148,210" step="2"/><W118/><G1/><T17/><D17/><U98/><E98/><V48/><F48/><W110/><G110/><T117/><D117/><U65/><E65/><V41/><F41/><W135/><G118/><T18/><D18/><U28/><E28/><V94/><F94/><W58/><G135/><T112/><D112/><U7/><E7/><V82/><F82/><W93/><G5/><T91/><D39/><U10/><AGARI ba="0,2" hai="10,13,19,44,46,56,57,59,73,74,75,88,92,96" machi="10" ten="40,12000,2" yaku="1,1,0,1,52,3,54,1,53,0" doraHai="104" doraHaiUra="124" who="1" fromWho="1" sc="290,-30,332,140,148,-30,210,-60" /><INIT seed="4,0,0,5,1,60" ten="260,472,118,150" oya="0" hai0="115,51,101,47,37,70,93,58,85,116,3,129,61" hai1="27,87,89,10,17,18,94,77,83,56,31,98,72" hai2="45,46,49,131,133,107,7,1,25,78,41,102,76" hai3="86,117,38,14,126,104,0,113,109,22,74,34,23"/><T20/><D3/><U123/><E123/><V50/><F133/><W39/><G14/><T35/><D35/><U42/><E42/><V132/><F132/><W44/><G23/><T4/><D115/><U105/><E10/><V128/><F25/><W120/><G22/><T71/><D37/><U15/><E15/><V65/><F65/><W108/><G86/><T36/><D36/><U99/><E56/><V100/><F7/><W73/><G44/><T75/><D129/><N who="2" m="49738" /><F1/><W55/><G55/><T68/><D116/><U92/><E105/><V5/><F5/><W33/><G0/><T32/><D32/><U30/><E72/><N who="3" m="27754" /><G117/><T122/><D75/><U21/><REACH who="1" step="1"/><E31/><REACH who="1" ten="260,462,118,150" step="2"/><V19/><F107/><W28/><G28/><T6/><D122/><U119/><E119/><V26/><F26/><W2/><G2/><T59/><D6/><U82/><E82/><V29/><F29/><W81/><G81/><T97/><D4/><U9/><E9/><V62/><F19/><W91/><G104/><T118/><D118/><U135/><E135/><V111/><F111/><N who="3" m="42571" /><G120/><T95/><D95/><U8/><E8/><V12/><F12/><W43/><G43/><T88/><D93/><U11/><E11/><V121/><F121/><W64/><G113/><T52/><D52/><U90/><AGARI ba="0,1" hai="17,18,21,27,30,77,83,87,89,90,92,94,98,99" machi="90" ten="20,8000,1" yaku="1,1,0,1,7,1,9,1,8,1,53,0" doraHai="60" doraHaiUra="40" who="1" fromWho="1" sc="260,-40,462,90,118,-20,150,-20" /><INIT seed="5,0,0,1,1,54" ten="220,552,98,130" oya="1" hai0="56,4,118,132,92,9,50,35,17,65,79,82,29" hai1="71,69,46,122,83,101,88,11,53,64,57,84,85" hai2="80,129,116,124,95,73,23,90,10,5,41,61,3" hai3="78,12,43,24,70,40,113,14,19,130,38,67,91"/><U135/><E122/><V32/><F116/><W134/><G78/><T104/><D104/><U52/><E135/><V127/><F32/><W114/><G38/><T27/><D118/><U60/><E101/><V48/><F129/><W49/><G134/><T63/><D132/><U112/><E112/><N who="3" m="43114" /><G130/><T119/><D92/><U34/><E34/><V97/><F61/><N who="3" m="40303" /><G49/><T75/><D119/><U26/><E26/><V68/><F68/><W121/><G121/><T93/><D50/><U36/><E11/><V21/><F41/><N who="3" m="15947" /><G91/><T47/><D47/><U108/><E36/><V131/><F131/><W81/><G81/><T72/><D82/><U76/><E108/><V2/><F48/><W16/><G24/><T55/><D79/><U30/><E30/><V89/><F73/><W74/><G74/><T18/><D75/><U117/><E117/><V100/><F80/><W0/><G0/><T105/><D72/><U22/><E22/><V102/><F90/><W87/><G87/><T25/><D25/><U37/><E37/><V120/><F120/><W62/><G62/><T77/><D77/><U110/><E110/><V51/><F51/><W125/><G125/><N who="2" m="48201" /><F2/><W39/><G39/><T109/><D109/><U15/><E46/><V133/><F133/><W128/><G128/><T45/><D45/><U103/><E76/><V86/><F86/><W111/><G111/><T8/><D35/><U31/><E85/><V33/><F33/><W106/><G106/><T1/><D105/><U126/><E126/><V115/><F115/><W59/><G59/><T13/><D56/><U28/><E57/><RYUUKYOKU ba="0,0" sc="220,-15,552,-15,98,15,130,15" hai2="3,5,10,21,23,89,95,97,100,102" hai3="12,14,16,19" /><INIT seed="6,1,0,1,1,7" ten="205,537,113,145" oya="2" hai0="48,80,62,28,27,2,52,51,12,90,9,72,88" hai1="8,68,1,46,39,73,37,105,99,119,111,123,92" hai2="5,25,127,77,103,110,20,86,70,134,22,6,57" hai3="109,82,95,122,33,26,129,36,78,108,35,59,55"/><V91/><F70/><W130/><G36/><T101/><D2/><U104/><E111/><V14/><F103/><W64/><G64/><T120/><D120/><U0/><E119/><V75/><F75/><W40/><G40/><T50/><D101/><U60/><E123/><V121/><F121/><W44/><G44/><T65/><D72/><U133/><E133/><V19/><F110/><N who="3" m="42603" /><G122/><T15/><D15/><U113/><E113/><V114/><F114/><W115/><G115/><T10/><D80/><U76/><E92/><V58/><F77/><W32/><G95/><T97/><D12/><U43/><E39/><V61/><F134/><W107/><G107/><T30/><D65/><N who="1" m="40999" /><E99/><V84/><F127/><W17/><G17/><T54/><D97/><U112/><E112/><V83/><F86/><W69/><G69/><T87/><D87/><U41/><E41/><V125/><F125/><W102/><G102/><T135/><D135/><U89/><E89/><N who="0" m="34409" /><D54/><U18/><E18/><N who="2" m="12439" /><F58/><W79/><G26/><T47/><D27/><U34/><E105/><V16/><F19/><W13/><G13/><T3/><D3/><U38/><E104/><V98/><F98/><W117/><G117/><T53/><D47/><U132/><E132/><V94/><F83/><W4/><G4/><T93/><D93/><U23/><E73/><V66/><AGARI ba="1,0" hai="5,6,14,16,22,57,61,66,84,91,94" m="12439" machi="66" ten="30,3000,0" yaku="8,1,54,1" doraHai="7" who="2" fromWho="2" sc="205,-11,537,-11,113,33,145,-11" /><INIT seed="6,2,0,4,0,93" ten="194,526,146,134" oya="2" hai0="17,12,103,48,92,131,129,31,55,4,57,3,118" hai1="123,11,8,28,91,66,16,133,132,10,47,51,109" hai2="13,94,18,74,43,53,117,100,7,39,78,130,122" hai3="119,95,46,45,41,24,5,38,73,19,126,116,127"/><V62/><F122/><W114/><G73/><T90/><D31/><U79/><E109/><V97/><F117/><W111/><G5/><T23/><D103/><U33/><E123/><V61/><F130/><N who="0" m="49674" /><D4/><U84/><E79/><V0/><F0/><W76/><G76/><T104/><D104/><U52/><E66/><V125/><F7/><W85/><G111/><T63/><D3/><U99/><E99/><V89/><F125/><N who="3" m="47627" /><G114/><T32/><D32/><U134/><E28/><V77/><F74/><W34/><G46/><T96/><D118/><U101/><E101/><V65/><F100/><W14/><G24/><T44/><D44/><U106/><E106/><V50/><F39/><W108/><G34/><T82/><D82/><N who="1" m="49559" /><E33/><V35/><F35/><W113/><G113/><T120/><D120/><U75/><E75/><V2/><F2/><W22/><G108/><T15/><D48/><U98/><E98/><V83/><F83/><W9/><G22/><T68/><D68/><U110/><E110/><V128/><F128/><W59/><G59/><T81/><D81/><U40/><E40/><V21/><F43/><W71/><G71/><T26/><AGARI ba="2,0" hai="12,15,17,23,26,55,57,63,90,92,96" m="49674" machi="26" ten="30,4000,0" yaku="25,1,19,1,52,1" doraHai="93" who="0" fromWho="0" sc="194,46,526,-12,146,-22,134,-12" /><INIT seed="7,0,0,3,4,91" ten="240,514,124,122" oya="3" hai0="36,44,92,31,121,93,135,95,68,20,40,103,58" hai1="81,24,29,14,70,25,126,96,60,39,22,46,115" hai2="87,69,27,94,89,56,7,66,124,19,117,83,127" hai3="43,71,133,101,90,13,86,75,26,2,119,73,8"/><W128/><G71/><T107/><D121/><U111/><E111/><V122/><F122/><W16/><G119/><T72/><D72/><U134/><E115/><V33/><F117/><W112/><G112/><T132/><D68/><U85/><E126/><V6/><F69/><W35/><G133/><N who="0" m="51275" /><D58/><U82/><E134/><V57/><F33/><W84/><G128/><T102/><D107/><U97/><E14/><V12/><F27/><AGARI ba="0,0" hai="20,27,31,36,40,44,92,93,95,102,103" m="51275" machi="27" ten="30,7700,0" yaku="20,1,52,3" doraHai="91" who="0" fromWho="2" sc="240,77,514,0,124,-77,122,0" owari="317,12.0,514,61.0,47,-45.0,122,-28.0" /></mjloggm>