<mjloggm ver="2.3"><GO type="41" lobby="0"/><UN n0="%E3%82%B5%E3%83%88%E3%81%95%E3%82%93" n1="%E3%81%BE%E3%81%95%E3%81%82%E3%81%95" n2="%E2%93%9D%53%75%70%68%78" n3="%55%54%49" dan="13,14,17,14" rate="1971.74,1811.82,2033.45,1923.41" sx="M,M,M,M"/><TAIKYOKU oya="0"/><INIT seed="0,0,0,3,1,80" ten="250,250,250,250" oya="0" hai0="20,57,71,103,50,127,35,11,134,47,119,25,42" hai1="54,44,69,12,30,52,105,130,4,83,64,109,29" hai2="39,98,10,94,125,117,101,102,82,110,87,88,41" hai3="59,46,66,2,96,133,93,51,38,60,132,78,5"/><T63/><D119/><U81/><E105/><V58/><F110/><W89/><G78/><T40/><D134/><N who="3" m="51817" /><G38/><T17/><D127/><U55/><E109/><V79/><F125/><W7/><G2/><T56/><D71/><U72/><E130/><V6/><F117/><W111/><G111/><T31/><D103/><U15/><E72/><V90/><F58/><W65/><G65/><T121/><D121/><U77/><E77/><V14/><REACH who="2" step="1"/><F102/><REACH who="2" ten="250,250,240,250" step="2"/><W34/><G34/><T26/><D57/><U24/><E44/><AGARI ba="0,1" hai="6,10,14,39,41,44,79,82,87,88,90,94,98,101" machi="44" ten="40,8000,1" yaku="1,1,2,1,52,1,54,1,53,0" doraHai="80" doraHaiUra="16" who="2" fromWho="1" sc="250,0,250,-80,240,90,250,0" /><INIT seed="1,0,0,5,5,91" ten="250,170,330,250" oya="1" hai0="10,63,12,51,90,73,13,98,93,71,39,31,62" hai1="54,11,14,43,40,97,52,106,131,112,107,59,24" hai2="110,85,16,0,109,76,132,69,103,111,38,74,23" hai3="127,101,125,114,87,58,33,79,8,25,78,133,105"/><U35/><E112/><V46/><F0/><W42/><G114/><T95/><D39/><U126/><E131/><V88/><F69/><W86/><G42/><T34/><D73/><U89/><E126/><V130/><F103/><W134/><G8/><T116/><D116/><U3/><E3/><V66/><F66/><W28/><G58/><T61/><D71/><U41/><E54/><V53/><F132/><N who="3" m="50795" /><G87/><T65/><D65/><U68/><E68/><V82/><F130/><W94/><G105/><T37/><D37/><U55/><E55/><V60/><F60/><W50/><G50/><T108/><D108/><U102/><E35/><V19/><F23/><W2/><G2/><T67/><D67/><U80/><E24/><V77/><F53/><W45/><G45/><T118/><D118/><U20/><E20/><V72/><F46/><W129/><G129/><T36/><D36/><U44/><E107/><V124/><F38/><W100/><G100/><N who="0" m="60495" /><D34/><U122/><E122/><V29/><F124/><N who="3" m="47691" /><G86/><N who="0" m="52695" /><D31/><U56/><E56/><V15/><F29/><W7/><G7/><T6/><D51/><U117/><E117/><V48/><F48/><W9/><G9/><T123/><D123/><U32/><E32/><V121/><F121/><W5/><G5/><T119/><D119/><U27/><E44/><V26/><F111/><W83/><G83/><T99/><D99/><AGARI ba="0,0" hai="25,28,33,78,79,94,99,101" m="47691,50795" machi="99" ten="30,3900,0" yaku="20,1,18,1,52,1" doraHai="91" who="3" fromWho="0" sc="250,-39,170,0,330,0,250,39" /><INIT seed="2,0,0,1,2,110" ten="211,170,330,289" oya="2" hai0="81,16,116,63,117,123,26,24,128,15,36,8,88" hai1="66,121,133,27,72,7,31,28,3,57,114,94,41" hai2="102,11,1,65,42,58,45,33,30,107,83,19,92" hai3="67,109,43,125,14,61,118,90,37,54,4,21,69"/><V99/><F33/><W73/><G118/><T85/><D128/><U115/><E72/><V100/><F30/><W2/><G109/><T77/><D123/><U87/><E133/><V111/><F111/><W68/><G68/><T86/><D36/><U9/><E121/><V17/><F102/><W76/><G90/><T6/><D117/><U13/><E41/><V112/><F107/><W10/><G54/><T50/><D116/><U91/><E3/><V12/><F1/><W96/><G96/><T47/><D63/><U78/><E78/><V52/><F112/><W127/><G21/><T39/><D39/><U25/><E66/><V70/><F70/><W22/><G22/><T89/><D6/><U130/><E57/><V129/><F83/><N who="3" m="45455" /><G14/><T122/><D122/><U46/><E46/><AGARI ba="0,0" hai="2,4,10,37,43,46,61,67,69,125,127" m="45455" machi="46" ten="30,2000,0" yaku="25,1,23,1" doraHai="110" who="3" fromWho="1" sc="211,0,170,-20,330,0,289,20" /><INIT seed="3,0,0,5,1,113" ten="211,150,330,309" oya="3" hai0="91,129,119,83,40,112,41,17,59,46,70,21,69" hai1="81,6,89,55,80,27,30,74,61,90,38,101,63" hai2="121,36,96,82,93,48,134,73,34,95,4,78,35" hai3="5,100,33,25,116,111,45,39,117,68,24,94,10"/><W66/><G94/><T58/><D129/><U130/><E38/><V126/><F36/><W87/><G87/><T13/><D112/><U2/><E130/><V47/><F134/><W31/><G100/><T114/><D114/><U108/><E108/><V28/><F126/><W7/><G7/><T51/><D41/><U16/><E101/><V62/><F62/><N who="3" m="40023" /><G25/><T26/><D70/><U118/><E118/><N who="3" m="45674" /><G111/><T88/><D119/><U133/><E133/><V54/><F95/><W115/><G115/><T99/><D69/><U127/><E127/><V104/><F4/><W18/><G18/><T3/><D3/><U120/><E120/><V11/><F93/><W132/><G132/><T19/><D99/><U122/><E122/><V105/><F96/><W32/><G32/><T72/><D72/><U0/><E6/><V43/><F35/><W42/><G10/><T14/><D14/><U67/><E74/><V106/><F11/><W52/><G52/><N who="0" m="32031" /><D59/><U64/><E55/><V37/><F121/><W65/><G65/><T125/><D83/><U131/><E131/><V124/><F124/><W128/><G5/><T86/><D86/><U23/><E30/><V84/><F28/><W22/><G128/><T109/><D109/><U20/><REACH who="1" step="1"/><E27/><REACH who="1" ten="211,140,330,309" step="2"/><V8/><F54/><W79/><G33/><T49/><D125/><U53/><E53/><V85/><F34/><W15/><G15/><T123/><D123/><U98/><E98/><V71/><F106/><W75/><G75/><T77/><D77/><U12/><E12/><V76/><F105/><W56/><G79/><N who="2" m="30249" /><F73/><W102/><G102/><RYUUKYOKU ba="0,1" sc="211,10,140,10,330,-30,309,10" hai0="13,17,19,21,26,40,46,49,88,91" hai1="0,2,16,20,23,61,63,64,67,80,81,89,90" hai3="22,24,31,39,42,45,56" /><INIT seed="3,1,1,1,4,29" ten="221,150,300,319" oya="3" hai0="1,85,23,115,91,50,56,80,4,71,41,7,24" hai1="104,17,129,109,34,28,74,105,57,112,46,89,98" hai2="101,125,119,97,14,65,110,124,59,111,33,52,2" hai3="30,15,96,20,54,45,135,64,123,12,44,39,9"/><W19/><G123/><T27/><D115/><U43/><E109/><N who="2" m="41483" /><F2/><W126/><G39/><T3/><D71/><U127/><E129/><V81/><F65/><W63/><G135/><T11/><D4/><U60/><E127/><N who="2" m="48715" /><F119/><W77/><G126/><T133/><D1/><U116/><E112/><V8/><F81/><W84/><G96/><T16/><D133/><U69/><E74/><V83/><F83/><N who="3" m="47215" /><G64/><T87/><D56/><U128/><E69/><V100/><F33/><W121/><G121/><T38/><D38/><U18/><E105/><V90/><F90/><W92/><G92/><T21/><D50/><U103/><E89/><V47/><F47/><W67/><G67/><T108/><D41/><U22/><E116/><V114/><F97/><W122/><G122/><T70/><D70/><U5/><E5/><N who="2" m="3343" /><F114/><W31/><G45/><T130/><D87/><U102/><E34/><V86/><F86/><W107/><G107/><T55/><D108/><U62/><E104/><V88/><F88/><W53/><G44/><T120/><D120/><U48/><E46/><V37/><F37/><W51/><G15/><T68/><D68/><U93/><E103/><V131/><F131/><W32/><G32/><T99/><D130/><U66/><E128/><V134/><F134/><W26/><G12/><T61/><D99/><U113/><E113/><V76/><F76/><W25/><G25/><T40/><D85/><U10/><E10/><V35/><F35/><W75/><G26/><T42/><D80/><U117/><E117/><V49/><AGARI ba="1,1" hai="49,52,59,100,101" m="3343,48715,41483" machi="49" ten="30,4000,0" yaku="14,1,18,1,54,1" doraHai="29" who="2" fromWho="2" sc="221,-11,150,-11,300,53,319,-21" /><INIT seed="4,0,0,3,3,88" ten="210,139,353,298" oya="0" hai0="24,104,59,2,75,39,99,81,53,135,54,128,33" hai1="46,87,95,85,3,125,17,10,31,127,105,79,126" hai2="78,115,65,129,29,96,72,61,36,18,7,37,44" hai3="69,26,84,9,124,41,70,130,19,73,49,122,120"/><T77/><D128/><U90/><E105/><V21/><F115/><W83/><G130/><T27/><D135/><U116/><E31/><V58/><F7/><W101/><G73/><T89/><D2/><U113/><E116/><V118/><F29/><W47/><G124/><T50/><D39/><U94/><E46/><V14/><F118/><W91/><G101/><T121/><D121/><N who="3" m="46697" /><G9/><T97/><D104/><U12/><E3/><V42/><F129/><W131/><G131/><T6/><D6/><U76/><E113/><V111/><F111/><W32/><G32/><T92/><D99/><U109/><E109/><V64/><F96/><W63/><G63/><T82/><D82/><U117/><E117/><V48/><F65/><W74/><G74/><T25/><REACH who="0" step="1"/><D54/><REACH who="0" ten="200,139,353,298" step="2"/><U43/><E43/><V98/><F98/><W106/><G106/><T102/><D102/><U4/><E4/><V35/><F37/><W55/><G41/><T56/><D56/><U134/><E134/><V34/><F36/><W112/><G112/><T13/><D13/><U45/><E45/><V80/><AGARI ba="0,1" hai="14,18,21,34,35,42,44,48,58,61,64,72,78,80" machi="80" ten="30,1100,0" yaku="0,1" doraHai="88" who="2" fromWho="2" sc="200,-5,139,-3,353,21,298,-3" /><INIT seed="5,0,0,4,1,88" ten="195,136,374,295" oya="1" hai0="43,39,109,34,38,102,26,87,10,47,106,75,121" hai1="112,66,71,98,81,132,11,41,16,86,120,93,100" hai2="19,64,125,18,55,114,48,122,32,29,119,5,69" hai3="131,107,90,2,111,33,44,51,117,99,84,116,72"/><U83/><E120/><V74/><F119/><N who="3" m="45643" /><G111/><T77/><D87/><U56/><E132/><V61/><F125/><W80/><G2/><T13/><D13/><U101/><E71/><V67/><F74/><W129/><G33/><T97/><D109/><U95/><E41/><V62/><F5/><W40/><G72/><T52/><D52/><U127/><E127/><V6/><F114/><W49/><G49/><T76/><D76/><U28/><E28/><V108/><F6/><W0/><G0/><T103/><D10/><U118/><E118/><V78/><F78/><W134/><G134/><T91/><D91/><U105/><E105/><V14/><F122/><W65/><G65/><T36/><D103/><AGARI ba="0,0" hai="40,44,51,80,84,90,99,103,107,129,131" m="45643" machi="103" ten="30,1000,0" yaku="12,1" doraHai="88" who="3" fromWho="0" sc="195,-10,136,0,374,0,295,10" /><INIT seed="6,0,0,2,1,64" ten="185,136,374,305" oya="2" hai0="75,5,112,36,99,101,41,59,83,103,17,19,102" hai1="129,3,70,132,32,69,87,135,55,90,109,78,28" hai2="124,39,9,84,71,0,107,74,106,35,119,79,115" hai3="96,123,54,111,66,14,30,18,10,38,117,15,16"/><V134/><RYUUKYOKU type="yao9" ba="0,0" sc="185,0,136,0,374,0,305,0" hai2="0,9,35,39,71,74,79,84,106,107,115,119,124,134" /><INIT seed="6,1,0,3,1,6" ten="185,136,374,305" oya="2" hai0="115,84,18,33,28,104,93,60,73,9,21,71,96" hai1="39,126,13,121,65,122,48,134,66,114,135,10,47" hai2="127,42,4,50,45,98,52,26,16,89,23,56,67" hai3="81,32,78,76,54,90,36,51,64,110,55,70,49"/><V79/><F127/><W14/><G32/><T2/><D73/><U41/><E13/><V77/><F67/><N who="1" m="25609" /><E126/><V17/><F4/><W75/><G110/><T86/><D71/><U106/><E106/><V130/><F130/><W111/><G111/><T94/><D60/><U20/><E20/><V108/><F108/><W40/><G36/><T46/><D104/><U133/><E10/><V97/><F17/><W125/><G125/><T57/><D33/><U87/><E87/><V31/><F31/><W63/><G40/><T103/><D86/><U74/><E74/><V116/><F116/><W83/><G14/><T34/><D34/><U88/><E88/><V37/><REACH who="2" step="1"/><F89/><REACH who="2" ten="185,136,364,305" step="2"/><W59/><G90/><T53/><D28/><U27/><E27/><V0/><F0/><W119/><G119/><T43/><D2/><U132/><N who="1" m="33792" /><DORA hai="109" /><U99/><E114/><V91/><F91/><W128/><G128/><T35/><D18/><U58/><E99/><AGARI ba="1,1" hai="16,23,26,37,42,45,50,52,56,77,79,97,98,99" machi="99" ten="40,7700,0" yaku="1,1,54,2,53,0" doraHai="6,109" doraHaiUra="113,25" who="2" fromWho="1" sc="185,0,136,-80,364,90,305,0" /><INIT seed="6,2,0,0,0,85" ten="185,56,454,305" oya="2" hai0="109,35,45,104,8,132,78,28,114,0,56,118,124" hai1="18,64,9,131,60,122,55,43,52,116,117,75,84" hai2="73,6,89,12,50,101,80,3,2,51,26,82,24" hai3="66,25,120,103,112,77,44,126,76,65,38,128,90"/><V41/><F101/><W119/><G119/><T121/><D78/><U27/><E75/><V67/><F67/><W16/><G120/><T134/><D56/><U54/><E122/><V107/><F12/><W49/><G128/><T23/><D45/><U39/><E131/><V46/><F107/><W127/><G38/><T135/><D23/><U100/><E100/><V42/><F6/><W105/><G103/><T79/><D79/><N who="3" m="30281" /><G105/><T130/><D8/><U11/><E43/><V88/><F46/><W22/><G49/><T37/><D28/><U129/><E39/><V58/><F58/><W57/><G44/><T125/><D125/><N who="3" m="47625" /><G57/><T110/><D110/><U14/><E129/><V36/><F36/><W93/><G112/><T15/><D15/><U123/><E123/><V62/><F62/><W61/><G61/><T72/><D135/><U70/><E27/><V133/><F73/><W91/><G90/><T83/><D83/><U69/><E69/><AGARI ba="2,0" hai="0,35,37,69,72,104,109,114,118,121,124,130,132,134" machi="69" ten="0,32000,5" yakuman="47" doraHai="85" who="0" fromWho="1" sc="185,326,56,-326,454,0,305,0" owari="511,61.0,-270,-77.0,454,25.0,305,-9.0" /></mjloggm>