<mjloggm ver="2.3"><GO type="41" lobby="0"/><UN n0="%E7%BD%AA%E3%83%90%E3%83%A9" n1="%E3%83%9D%E3%83%AF%E3%83%BC%E3%83%B3" n2="%E6%89%BF%E6%9C%8D%E4%BA%AD%E3%81%97%E3%81%8C%E3%81%9F%E3%81%84" n3="%E2%93%9D%53%75%70%68%78" dan="15,14,15,17" rate="2064.00,1896.35,2039.69,2059.66" sx="F,M,M,M"/><TAIKYOKU oya="0"/><INIT seed="0,0,0,0,0,109" ten="250,250,250,250" oya="0" hai0="58,53,39,8,122,68,35,62,63,131,88,60,70" hai1="69,46,84,78,79,105,44,99,123,41,6,4,67" hai2="42,11,113,120,133,121,66,135,116,64,33,127,47" hai3="112,57,15,89,106,22,16,37,82,77,29,73,36"/><T94/><D122/><N who="2" m="47210" /><F33/><W23/><G106/><T32/><D39/><U128/><E123/><V5/><F11/><W134/><G134/><N who="2" m="51209" /><F5/><W52/><G112/><T10/><D131/><U59/><E128/><V125/><F113/><W2/><G2/><T54/><D32/><U101/><E69/><V81/><F81/><W65/><G65/><N who="2" m="25193" /><F116/><W111/><G111/><T110/><D110/><U43/><E4/><V95/><F95/><W91/><G37/><AGARI ba="0,0" hai="37,42,47,125,127" m="25193,51209,47210" machi="37" ten="40,5200,0" yaku="20,1,34,2" doraHai="109" who="2" fromWho="3" sc="250,0,250,0,250,52,250,-52" /><INIT seed="1,0,0,1,4,43" ten="250,250,302,198" oya="1" hai0="93,32,103,40,73,94,50,28,122,4,38,72,111" hai1="33,135,114,47,77,56,27,70,37,87,14,109,71" hai2="81,74,100,132,102,96,3,45,30,78,101,76,134" hai3="42,8,17,113,0,15,12,107,97,130,60,95,18"/><U115/><E135/><N who="2" m="51755" /><F3/><W63/><G113/><T68/><D68/><U86/><E109/><V13/><F30/><W49/><G107/><T119/><D119/><U79/><E56/><V88/><F13/><W35/><G130/><T62/><D111/><U51/><E37/><V75/><F45/><N who="3" m="25783" /><G0/><T133/><D133/><U54/><E14/><V108/><F108/><W124/><G124/><T29/><D38/><U66/><E86/><N who="2" m="50255" /><F96/><W5/><G35/><T61/><D32/><U112/><E66/><V41/><F41/><W55/><G55/><T99/><D40/><U89/><E33/><V82/><F78/><W16/><G15/><T26/><D26/><U92/><REACH who="1" step="1"/><E27/><REACH who="1" ten="250,240,302,198" step="2"/><V104/><F104/><W116/><G116/><T39/><D39/><U59/><E59/><V126/><F126/><W19/><N who="3" m="4352" /><DORA hai="44" /><W48/><G48/><T23/><D50/><U25/><E25/><V80/><F80/><W127/><G127/><T52/><D61/><U129/><E129/><V98/><F98/><W85/><G85/><AGARI ba="0,1" hai="74,75,76,82,85,100,101,102" m="50255,51755" machi="85" ten="30,7700,0" yaku="20,1,34,2,54,1" doraHai="43,44" who="2" fromWho="3" sc="250,0,240,0,302,87,198,-77" /><INIT seed="2,0,0,0,4,131" ten="250,240,389,121" oya="2" hai0="42,41,104,65,134,56,82,127,20,3,13,5,4" hai1="7,14,106,48,115,87,11,117,72,59,24,93,40" hai2="37,90,129,111,61,58,33,49,130,29,132,75,71" hai3="52,110,89,0,50,128,97,69,113,38,23,73,19"/><V34/><F37/><W109/><G128/><N who="2" m="49257" /><F75/><W85/><G0/><T118/><D104/><U123/><E117/><V47/><F71/><W68/><G73/><T45/><D118/><U84/><E115/><V15/><F29/><W1/><G1/><T57/><D3/><U66/><E106/><V27/><F27/><W96/><G38/><T39/><D127/><U124/><E24/><V46/><F15/><W102/><G113/><T80/><D13/><U101/><E66/><N who="2" m="39223" /><F111/><N who="3" m="42507" /><G19/><T92/><D39/><U99/><E72/><V107/><F107/><N who="3" m="63943" /><G97/><T133/><D65/><U30/><E30/><V120/><F47/><N who="3" m="27743" /><G23/><T55/><D20/><U26/><E99/><V135/><F90/><W17/><G17/><T76/><D76/><U94/><E101/><V91/><F91/><W125/><G125/><T95/><D45/><U32/><E124/><V53/><F120/><W62/><G62/><T22/><D22/><U9/><E11/><V8/><F8/><W103/><G103/><T114/><D114/><U83/><E9/><V121/><F121/><W2/><G2/><T12/><D12/><U63/><E14/><V122/><F122/><W98/><G98/><T100/><D100/><U64/><E32/><AGARI ba="0,0" hai="32,33,34,46,49,53,132,135" m="39223,49257" machi="32" ten="30,5800,0" yaku="19,1,52,2" doraHai="131" who="2" fromWho="1" sc="250,0,240,-58,389,58,121,0" /><INIT seed="2,1,0,5,2,4" ten="250,182,447,121" oya="2" hai0="57,68,109,98,114,2,77,102,33,7,132,50,71" hai1="81,63,135,86,110,75,119,34,38,105,120,13,84" hai2="5,64,36,78,22,23,80,126,1,90,61,20,62" hai3="108,69,91,0,89,24,52,31,118,9,117,83,66"/><V133/><F126/><W121/><G121/><T54/><D114/><U19/><E119/><V82/><F133/><W124/><G124/><T123/><D123/><U113/><E113/><V47/><F90/><W14/><G0/><T58/><D132/><U73/><E38/><V42/><F80/><W46/><G108/><T94/><D109/><U74/><E34/><V3/><F62/><W44/><G69/><T115/><D115/><U25/><E110/><V53/><F53/><W116/><G66/><T103/><D33/><U51/><E120/><V104/><F104/><W125/><G125/><T106/><D77/><U88/><E25/><V12/><F12/><W79/><G91/><T27/><D57/><U32/><E32/><V18/><F18/><W99/><G99/><T128/><D128/><U59/><E51/><V93/><F93/><W130/><G89/><T107/><D27/><U70/><E70/><V100/><F100/><W97/><G97/><T37/><D37/><U67/><E135/><V56/><REACH who="2" step="1"/><F5/><REACH who="2" ten="250,182,437,121" step="2"/><W43/><G118/><T48/><D106/><U111/><E111/><V134/><F134/><W129/><G117/><T30/><D107/><U39/><E105/><V127/><F127/><W131/><G116/><T60/><D60/><U40/><E40/><V6/><F6/><N who="3" m="3383" /><G43/><T29/><D102/><U95/><E81/><V112/><F112/><W45/><G52/><T28/><D54/><U16/><E19/><V49/><F49/><W15/><G15/><T21/><D48/><U55/><E55/><V96/><F96/><W17/><G17/><T87/><D50/><RYUUKYOKU ba="1,1" sc="250,-10,182,-10,437,30,121,-10" hai2="1,3,20,22,23,36,42,47,56,61,64,78,82" /><INIT seed="2,2,1,3,0,106" ten="240,172,467,111" oya="2" hai0="125,47,67,117,69,1,118,60,119,111,7,50,42" hai1="135,13,11,27,28,63,82,98,80,17,36,9,77" hai2="129,34,79,32,101,24,72,12,53,23,108,83,58" hai3="103,100,57,41,124,30,107,6,19,131,132,68,123"/><V46/><F129/><W56/><G123/><T76/><D125/><U93/><E36/><V66/><F108/><W15/><G68/><T87/><D111/><U62/><E82/><V113/><F113/><W112/><G107/><T121/><D121/><U102/><E9/><V115/><F115/><W94/><G132/><T70/><D1/><U120/><E135/><V116/><F116/><W90/><G30/><T64/><D7/><U4/><E17/><V0/><F0/><W126/><G41/><T75/><D87/><U16/><E4/><V92/><F12/><W18/><G6/><T8/><D8/><U65/><E65/><N who="0" m="25161" /><D60/><U91/><E91/><V74/><F74/><W84/><G131/><T31/><D31/><U2/><E2/><V109/><F46/><W71/><G71/><N who="0" m="27147" /><D76/><U20/><REACH who="1" step="1"/><E120/><REACH who="1" ten="240,162,467,111" step="2"/><V25/><F109/><W48/><G112/><T78/><D78/><U39/><E39/><V14/><F79/><W105/><G126/><T3/><D3/><U5/><E5/><V37/><F37/><W35/><G124/><T49/><D75/><AGARI ba="2,2" hai="11,13,16,20,27,28,62,63,75,77,80,93,98,102" machi="75" ten="30,8000,1" yaku="1,1,7,1,52,1,54,1,53,1" doraHai="106" doraHaiUra="104" who="1" fromWho="0" sc="240,-86,162,106,467,0,111,0" /><INIT seed="3,0,0,4,4,9" ten="154,268,467,111" oya="3" hai0="101,17,49,117,48,107,5,112,63,37,15,99,85" hai1="95,128,130,61,46,133,119,104,88,83,57,59,123" hai2="115,3,87,20,13,1,68,114,102,75,43,77,116" hai3="131,28,103,54,25,31,69,27,120,56,66,34,6"/><W64/><G120/><T16/><D117/><U124/><E104/><V134/><F116/><W21/><G131/><N who="1" m="50218" /><E123/><V2/><F68/><W71/><G6/><T72/><D72/><U39/><E119/><V40/><F75/><W81/><G103/><T58/><D37/><U22/><E133/><V67/><F134/><W132/><G132/><T126/><D112/><U92/><E124/><V18/><F102/><W55/><G81/><T125/><D5/><U79/><E95/><V121/><F121/><W127/><G56/><T73/><D73/><N who="1" m="43503" /><E61/><V118/><F118/><W11/><G11/><T100/><D85/><N who="1" m="52239" /><E22/><V35/><F35/><W29/><G21/><T135/><D135/><U111/><E111/><V80/><REACH who="2" step="1"/><F67/><REACH who="2" ten="154,268,457,111" step="2"/><N who="3" m="25643" /><G34/><T74/><D125/><U90/><E90/><V47/><F47/><W129/><G129/><T36/><D126/><U0/><E0/><V41/><AGARI ba="0,1" hai="1,2,3,13,18,20,40,41,43,77,80,87,114,115" machi="41" ten="40,5200,0" yaku="1,1,0,1,52,1,53,0" doraHai="9" doraHaiUra="93" who="2" fromWho="2" sc="154,-13,268,-13,457,62,111,-26" /><INIT seed="4,0,0,1,5,29" ten="141,255,519,85" oya="0" hai0="11,101,135,99,128,3,6,0,40,43,116,82,25" hai1="80,17,125,13,47,74,56,120,111,131,87,57,8" hai2="66,118,132,4,124,36,42,45,12,63,117,31,1" hai3="103,49,46,71,73,130,37,67,30,93,14,133,76"/><T21/><D116/><N who="2" m="44650" /><F1/><W85/><G130/><T88/><D128/><U41/><E111/><V110/><F110/><W39/><G133/><T114/><D135/><U115/><E74/><V75/><F75/><W109/><G109/><T35/><D0/><U64/><E120/><V51/><F31/><W91/><G71/><T119/><D119/><U78/><E131/><V77/><F77/><W86/><G67/><T19/><D114/><U52/><E125/><V112/><F132/><W105/><G86/><T70/><D70/><U20/><E57/><N who="2" m="37231" /><F4/><W62/><G30/><N who="0" m="19919" /><D101/><U102/><E64/><V50/><F12/><W26/><G14/><N who="0" m="9463" /><D82/><U83/><E83/><V123/><F112/><W95/><G73/><T18/><D18/><U15/><E115/><V22/><F123/><W68/><G68/><T23/><D23/><U27/><E102/><V129/><F22/><W127/><G103/><T96/><D96/><U58/><E58/><V81/><F81/><W10/><G127/><T34/><D34/><U84/><E84/><V7/><F124/><W53/><G85/><T94/><AGARI ba="0,0" hai="3,6,11,40,43,88,94,99" m="9463,19919" machi="94" ten="30,6000,0" yaku="24,1,52,1,54,1" doraHai="29" who="0" fromWho="0" sc="141,60,255,-20,519,-20,85,-20" /><INIT seed="4,1,0,1,2,26" ten="201,235,499,65" oya="0" hai0="116,61,91,38,50,110,64,18,35,28,90,105,21" hai1="25,27,41,60,115,44,11,69,111,54,13,107,124" hai2="89,104,135,57,63,109,134,14,36,88,19,20,108" hai3="66,80,23,55,114,5,122,78,93,16,62,46,31"/><T100/><D116/><U98/><E111/><V92/><F104/><W133/><G114/><T49/><D38/><U37/><E124/><V103/><F36/><W30/><G133/><N who="2" m="50697" /><F103/><W4/><G122/><T96/><D110/><N who="2" m="42602" /><F92/><W99/><G66/><AGARI ba="1,0" hai="14,19,20,57,63,66,88,89" m="42602,50697" machi="66" ten="30,2000,0" yaku="20,1,54,1" doraHai="26" who="2" fromWho="3" sc="201,0,235,0,499,23,65,-23" /><INIT seed="5,0,0,5,1,116" ten="201,235,522,42" oya="1" hai0="22,134,95,135,79,101,17,11,20,43,84,132,82" hai1="117,129,70,90,77,122,50,127,42,65,62,30,85" hai2="73,64,13,92,8,113,76,25,105,0,34,69,14" hai3="46,53,16,109,68,39,97,108,75,131,128,36,83"/><U26/><E117/><V10/><F105/><W2/><G2/><T6/><D43/><U118/><E118/><V94/><F73/><W3/><G3/><N who="0" m="479" /><D17/><U32/><E77/><V104/><F104/><W106/><G68/><T66/><D66/><U87/><E87/><V102/><F0/><W29/><G29/><T81/><D81/><U19/><E129/><N who="3" m="49738" /><G53/><T41/><D41/><U78/><E78/><V126/><F76/><N who="3" m="44447" /><G16/><T89/><D101/><U74/><E74/><AGARI ba="0,0" hai="20,22,74,79,82,84,89,95,132,134,135" m="479" machi="74" ten="30,1000,0" yaku="20,1" doraHai="116" who="0" fromWho="1" sc="201,10,235,-10,522,0,42,0" /><INIT seed="6,0,0,5,5,29" ten="211,225,522,42" oya="2" hai0="3,47,39,61,15,20,35,113,88,8,92,46,45" hai1="132,124,41,99,70,101,56,6,89,69,5,119,120" hai2="2,71,55,122,110,59,111,96,0,12,108,112,32" hai3="57,114,38,58,26,100,116,121,128,66,82,18,19"/><V115/><F71/><W53/><G128/><T52/><D35/><U131/><E119/><V87/><F32/><W31/><G121/><T24/><D3/><N who="2" m="1066" /><F122/><W28/><G116/><T54/><D39/><U123/><E131/><V103/><F87/><W102/><G38/><T105/><D113/><U95/><E41/><V80/><F12/><W65/><G53/><T60/><D105/><U63/><E132/><V86/><F55/><N who="0" m="21034" /><D24/><U62/><E56/><V25/><F59/><W75/><G26/><T49/><D20/><U67/><E124/><V64/><F25/><W68/><G82/><T7/><D49/><U107/><E62/><V42/><F64/><W109/><G114/><T77/><D77/><U93/><E107/><N who="2" m="63975" /><F42/><W85/><G68/><T94/><D94/><U1/><E70/><V98/><F98/><AGARI ba="0,0" hai="7,8,15,45,46,47,60,61,88,92,98" m="21034" machi="98" ten="30,3900,0" yaku="8,1,54,2" doraHai="29" who="0" fromWho="2" sc="211,39,225,0,522,-39,42,0" /><INIT seed="7,0,0,5,0,74" ten="250,225,483,42" oya="3" hai0="90,104,22,75,57,0,13,92,54,107,21,99,42" hai1="81,38,125,2,114,8,112,105,30,3,115,97,79" hai2="109,82,41,91,63,68,4,135,83,108,118,89,11" hai3="122,69,96,132,123,124,80,49,47,78,48,35,133"/><W64/><G35/><T56/><D0/><N who="1" m="43" /><E8/><V98/><F118/><W134/><G96/><T25/><D75/><N who="1" m="43263" /><E30/><V20/><F135/><W95/><G95/><T58/><D104/><U84/><E84/><V106/><F20/><W17/><G17/><N who="0" m="10415" /><D42/><U28/><E28/><V55/><F55/><W50/><G124/><T93/><D107/><U121/><E121/><N who="3" m="46090" /><G80/><T103/><D92/><U116/><E38/><V120/><F83/><W53/><G78/><T40/><D40/><U1/><N who="1" m="51" /><U101/><DORA hai="24" /><E116/><V77/><F82/><W86/><G86/><T31/><D90/><U66/><E66/><V34/><F98/><W46/><G53/><AGARI ba="0,0" hai="22,25,31,53,54,56,57,58,93,99,103" m="10415" machi="53" ten="30,2000,0" yaku="8,1,52,1" doraHai="74,24" who="0" fromWho="3" sc="250,20,225,0,483,0,42,-20" owari="270,7.0,225,-17.0,483,58.0,22,-48.0" /></mjloggm>