<mjloggm ver="2.3"><GO type="41" lobby="0"/><UN n0="%E2%93%9D%53%75%70%68%78" n1="%E5%A4%A9%E7%84%B6%E9%81%93%E5%BA%B8" n2="%E3%82%AB%E3%83%8C%E3%83%95%E3%83%A9" n3="%4F%4D%47%4E%45%4D" dan="17,13,14,13" rate="2063.98,1846.59,2001.49,1871.38" sx="M,M,M,M"/><TAIKYOKU oya="0"/><INIT seed="0,0,0,2,1,103" ten="250,250,250,250" oya="0" hai0="126,57,134,60,11,7,64,110,85,59,20,33,24" hai1="104,5,50,129,46,8,83,131,78,75,40,39,36" hai2="22,45,121,91,34,98,16,66,30,27,118,72,88" hai3="29,35,116,95,47,99,13,105,56,97,32,12,58"/><T70/><D134/><U120/><E120/><V108/><F72/><W115/><G116/><T69/><D126/><U43/><E104/><V135/><F121/><W55/><G115/><T90/><D33/><U80/><E80/><V63/><F118/><W15/><G47/><T102/><D70/><U112/><E112/><V114/><F114/><W119/><G119/><T122/><D102/><U124/><E124/><V125/><F125/><W74/><G74/><T14/><D110/><U67/><E67/><V86/><F108/><W65/><G65/><T100/><D100/><U44/><REACH who="1" step="1"/><E50/><REACH who="1" ten="250,240,250,250" step="2"/><V4/><F135/><W48/><G105/><T68/><D122/><U128/><E128/><V94/><F45/><W25/><G95/><T3/><D69/><U93/><E93/><V89/><F4/><W113/><G113/><T71/><D68/><U31/><E31/><V61/><F66/><W21/><G35/><T51/><D51/><U84/><E84/><V132/><F132/><W37/><G32/><T26/><D71/><U79/><E79/><V101/><REACH who="2" step="1"/><F86/><REACH who="2" ten="250,240,240,250" step="2"/><W87/><G87/><T6/><D6/><U81/><E81/><V23/><F23/><W133/><G133/><T52/><D20/><U77/><E77/><V127/><F127/><W106/><G21/><T2/><D64/><U41/><E41/><V17/><F17/><W96/><G106/><T76/><D76/><U54/><E54/><V18/><F18/><W53/><G55/><T10/><D52/><U0/><AGARI ba="0,2" hai="0,5,8,36,39,40,43,44,46,75,78,83,129,131" machi="0" ten="30,16000,3" yaku="1,1,0,1,9,1,25,2,23,2,53,1" doraHai="103" doraHaiUra="107" who="1" fromWho="1" sc="250,-80,240,180,240,-40,250,-40" /><INIT seed="1,0,0,1,0,129" ten="170,420,200,210" oya="1" hai0="20,110,112,101,38,87,56,47,60,111,35,128,41" hai1="79,18,59,97,61,52,119,51,31,132,53,6,76" hai2="67,64,125,57,91,81,104,39,80,42,36,7,135" hai3="96,78,10,62,0,40,116,17,8,28,126,74,77"/><U13/><E119/><V124/><F104/><W50/><G116/><T73/><D35/><U120/><E120/><V66/><F7/><W105/><G28/><T106/><D73/><U12/><E31/><V108/><F91/><W82/><G77/><T118/><D118/><U94/><E6/><V131/><F131/><W55/><G40/><T89/><D128/><U48/><E132/><V127/><F42/><W23/><G62/><T102/><D20/><N who="1" m="11335" /><E13/><V90/><F90/><W34/><G126/><T26/><D26/><U107/><E107/><V25/><F25/><W114/><G34/><T133/><D112/><U123/><E123/><V99/><F99/><W88/><G114/><T21/><D21/><U33/><E33/><V122/><F122/><W98/><G0/><T95/><D133/><U75/><E75/><V43/><F43/><W30/><G96/><T44/><D106/><U115/><E115/><V86/><F86/><W14/><G30/><T5/><D5/><U11/><E11/><V19/><F19/><W3/><G3/><T83/><D47/><N who="1" m="27679" /><E61/><V15/><F15/><W72/><G72/><T16/><D16/><U84/><E84/><V113/><F113/><W49/><G105/><T68/><D68/><U54/><E54/><V2/><F2/><W45/><REACH who="3" step="1"/><G50/><REACH who="3" ten="170,420,200,200" step="2"/><T46/><D41/><U93/><E51/><V32/><F32/><W37/><G37/><T117/><D38/><U24/><E76/><V85/><F36/><W71/><G71/><T63/><D117/><U1/><E79/><V27/><F39/><W65/><G65/><T134/><D134/><RYUUKYOKU ba="0,1" sc="170,-10,420,-10,200,-10,200,30" hai3="8,10,14,17,23,45,49,55,74,78,82,88,98" /><INIT seed="2,1,1,2,0,114" ten="160,410,190,230" oya="2" hai0="62,31,104,60,102,45,134,25,93,111,127,126,115" hai1="7,0,86,50,68,41,1,103,20,63,72,64,107" hai2="13,90,79,99,2,57,27,24,77,131,16,33,30" hai3="6,21,22,78,135,52,55,3,12,105,85,123,108"/><V88/><F2/><W113/><G123/><T8/><D115/><U59/><E72/><V97/><F131/><W80/><G113/><T96/><D111/><U117/><E7/><V18/><F33/><W4/><G105/><T132/><D45/><U14/><E107/><V17/><F30/><W94/><G3/><T81/><D8/><U34/><E34/><V109/><F109/><W47/><G108/><T46/><D46/><U5/><E103/><V51/><F13/><W124/><G124/><N who="0" m="47659" /><D81/><U101/><E101/><V43/><F57/><W106/><G106/><T128/><D104/><U73/><E73/><V95/><F51/><N who="3" m="28799" /><G135/><N who="0" m="51755" /><D128/><U100/><E100/><V74/><F43/><W61/><G94/><T71/><D71/><U83/><E5/><N who="3" m="2154" /><G12/><T120/><D120/><U49/><E68/><V66/><F74/><W75/><G75/><T54/><D54/><U23/><E41/><V40/><F40/><W10/><G10/><T121/><D121/><U69/><E69/><V82/><F66/><W119/><G55/><T19/><D19/><U28/><E0/><V37/><F18/><W130/><G130/><T38/><D38/><U42/><E42/><V125/><F125/><W89/><G78/><T118/><D118/><U26/><E1/><V58/><F37/><W53/><G119/><T112/><D112/><U92/><E28/><V110/><F110/><W15/><G15/><T65/><D65/><U84/><E14/><V56/><F95/><W122/><G122/><T44/><D44/><U116/><E92/><V67/><F67/><W36/><G36/><T70/><D70/><RYUUKYOKU ba="1,1" sc="160,10,410,-30,190,10,230,10" hai0="25,31,60,62,93,96,102" hai2="16,17,24,27,56,58,77,79,82,88,90,97,99" hai3="21,22,53,61,80,85,89" /><INIT seed="2,2,1,3,2,42" ten="170,380,200,240" oya="2" hai0="78,24,112,126,37,30,128,99,44,93,113,82,91" hai1="1,66,23,96,80,101,60,109,9,102,43,87,108" hai2="40,45,100,83,20,57,77,6,90,7,36,16,119" hai3="31,8,76,11,64,62,131,116,118,97,135,127,92"/><V55/><F119/><W5/><G127/><T130/><D126/><U74/><E74/><V14/><F100/><W95/><G131/><N who="0" m="50219" /><D37/><U67/><E43/><V27/><F90/><W46/><G135/><T89/><D44/><U98/><E23/><V2/><F2/><W32/><G76/><T103/><D24/><U111/><E1/><V129/><F14/><W21/><G32/><T47/><D47/><U0/><E0/><V69/><F69/><W86/><G118/><T17/><D17/><U35/><E35/><V49/><REACH who="2" step="1"/><F129/><REACH who="2" ten="170,380,190,240" step="2"/><W28/><G116/><T50/><D91/><U88/><E102/><V12/><F12/><W94/><G97/><T15/><D15/><U29/><E101/><V110/><F110/><W63/><G8/><T125/><D125/><U48/><E98/><V38/><F38/><W81/><G11/><T13/><D13/><U75/><E96/><V121/><F121/><W61/><G5/><T18/><D103/><U39/><E9/><V114/><F114/><W123/><G123/><T56/><D112/><U115/><E39/><V4/><F4/><W41/><G64/><T84/><D113/><U22/><E115/><V124/><F124/><W65/><G65/><T122/><D122/><U19/><E67/><V72/><AGARI ba="2,2" hai="6,7,16,20,27,36,40,45,49,55,57,72,77,83" machi="72" ten="20,18000,2" yaku="1,1,0,1,7,1,52,1,54,1,53,1" doraHai="42" doraHaiUra="73" who="2" fromWho="2" sc="170,-62,380,-62,190,206,240,-62" /><INIT seed="2,3,0,2,2,102" ten="108,318,396,178" oya="2" hai0="75,50,64,90,24,96,129,58,106,77,135,70,116" hai1="55,103,78,9,100,95,30,79,23,35,15,97,25" hai2="48,112,65,51,18,98,32,81,56,28,117,104,5" hai3="0,71,11,22,7,67,60,31,29,85,122,8,4"/><V115/><F117/><W45/><G122/><T118/><D70/><U21/><E103/><V109/><F5/><W37/><G85/><T26/><D129/><U12/><E55/><V34/><F81/><W13/><G22/><T86/><D135/><U59/><E59/><V53/><F65/><W46/><G37/><T43/><D75/><U91/><E100/><V134/><F134/><W49/><REACH who="3" step="1"/><G45/><REACH who="3" ten="108,318,396,168" step="2"/><T52/><D116/><U101/><E21/><V124/><F115/><W6/><G6/><T133/><D118/><U80/><E23/><V61/><F112/><W63/><G63/><T82/><D133/><U66/><E35/><V89/><F61/><W83/><G83/><T1/><D86/><U105/><E80/><V126/><F34/><W111/><G111/><T120/><D82/><U76/><E97/><V16/><F32/><W44/><G44/><T84/><D96/><U113/><E113/><V127/><F109/><W62/><G62/><T87/><D84/><U88/><E95/><V69/><F98/><W119/><G119/><T38/><D87/><U17/><E66/><V54/><F127/><W33/><G33/><T20/><D64/><U27/><E76/><V94/><F126/><W68/><G68/><T40/><D77/><U132/><E78/><V131/><F69/><W125/><G125/><T36/><D20/><U39/><E79/><V114/><F124/><W10/><G10/><T19/><D38/><U93/><E39/><V108/><F114/><W47/><G47/><T57/><D36/><U130/><E132/><V74/><F108/><W3/><G3/><RYUUKYOKU ba="3,1" sc="108,-10,318,-10,396,-10,168,30" hai3="0,4,7,8,11,13,29,31,46,49,60,67,71" /><INIT seed="3,4,1,0,2,135" ten="98,308,386,198" oya="3" hai0="130,32,64,5,81,31,70,83,100,75,58,25,123" hai1="133,69,53,27,67,43,77,34,106,79,39,2,24" hai2="129,126,41,109,116,33,55,111,96,105,40,1,16" hai3="93,6,15,98,125,44,90,30,23,94,52,119,59"/><W107/><G119/><T49/><D123/><U73/><E106/><V20/><F33/><W86/><G107/><T66/><D130/><U61/><E2/><V57/><F1/><W74/><G74/><T124/><D70/><U4/><E133/><V63/><F129/><W18/><G125/><T85/><D5/><U131/><E131/><V48/><F116/><W45/><G30/><T22/><D32/><U115/><E115/><V38/><F38/><W102/><REACH who="3" step="1"/><G6/><REACH who="3" ten="98,308,386,188" step="2"/><T0/><D124/><U128/><E4/><V78/><F126/><W108/><G108/><T29/><D75/><U42/><E73/><V118/><F118/><W71/><G71/><T121/><D31/><U62/><E69/><V56/><F111/><W10/><G10/><T87/><D121/><U134/><E128/><V37/><F109/><W13/><G13/><T76/><D0/><U19/><E134/><V68/><F68/><W92/><G92/><T36/><D29/><U12/><E12/><V110/><F105/><W91/><G91/><T112/><D112/><U28/><E28/><V17/><F110/><W51/><AGARI ba="4,2" hai="15,18,23,44,45,51,52,59,86,90,93,94,98,102" machi="51" ten="20,18000,2" yaku="1,1,0,1,7,1,25,2,8,1,54,1,53,0" doraHai="135" doraHaiUra="104" who="3" fromWho="3" sc="98,-64,308,-64,386,-64,188,212" /><INIT seed="3,5,0,0,2,6" ten="34,244,322,400" oya="3" hai0="98,134,108,104,3,14,69,130,74,40,29,73,48" hai1="39,10,64,107,36,113,60,77,101,55,132,122,116" hai2="115,33,75,31,71,18,12,43,68,126,114,93,1" hai3="63,44,117,56,94,57,123,90,91,15,4,38,110"/><W52/><G117/><T11/><D69/><U96/><E113/><V131/><F75/><W53/><G123/><T21/><D108/><U109/><E122/><V0/><F43/><W47/><G110/><T100/><D130/><U16/><E109/><V129/><F93/><W66/><G38/><T70/><D70/><U24/><E116/><V95/><F95/><W22/><G91/><T78/><D134/><U20/><E132/><V105/><F105/><W83/><G83/><T35/><D78/><U76/><E10/><N who="2" m="6423" /><F68/><W119/><G119/><T85/><D85/><U54/><E36/><V46/><F46/><N who="3" m="17451" /><G56/><T97/><D40/><U79/><REACH who="1" step="1"/><E39/><REACH who="1" ten="34,234,322,400" step="2"/><V45/><F115/><W120/><G120/><T32/><D11/><U82/><E82/><V25/><F114/><W37/><G37/><T28/><D3/><N who="2" m="1098" /><F71/><AGARI ba="5,1" hai="16,20,24,54,55,60,64,71,76,77,79,96,101,107" machi="71" ten="40,5200,0" yaku="1,1,54,1,53,1" doraHai="6" doraHaiUra="19" who="1" fromWho="2" sc="34,0,234,77,322,-67,400,0" /><INIT seed="4,0,0,0,3,128" ten="34,311,255,400" oya="0" hai0="122,55,126,94,111,105,70,96,7,88,59,109,61" hai1="120,27,11,31,101,29,117,78,65,66,106,89,71" hai2="131,22,42,119,36,53,95,50,43,116,100,97,110" hai3="58,87,90,9,19,57,63,34,45,48,4,28,64"/><T127/><D122/><U68/><E117/><V86/><F110/><N who="0" m="41994" /><D7/><U104/><E120/><V134/><F131/><W18/><G34/><T10/><D10/><U84/><E78/><V125/><F125/><N who="0" m="47626" /><D70/><U32/><E11/><V132/><F22/><W25/><G28/><T39/><D105/><U115/><E31/><V102/><F86/><W1/><G25/><T93/><D94/><U17/><E115/><V74/><F74/><W33/><G33/><T30/><D30/><U35/><E17/><V98/><F36/><AGARI ba="0,0" hai="36,39,55,59,61,88,93,96" m="47626,41994" machi="36" ten="30,5800,0" yaku="10,1,18,1,54,1" doraHai="128" who="0" fromWho="2" sc="34,58,311,0,255,-58,400,0" /><INIT seed="4,1,0,2,3,3" ten="92,311,197,400" oya="0" hai0="121,59,109,99,119,50,128,46,12,95,110,135,96" hai1="23,8,31,36,27,81,72,104,20,79,76,16,131" hai2="98,53,10,5,120,21,40,100,13,22,89,64,4" hai3="51,114,17,9,44,82,37,7,43,2,15,74,111"/><T65/><D119/><U62/><E104/><V108/><F120/><W49/><G114/><T80/><D121/><U90/><E36/><V56/><F108/><N who="0" m="41578" /><D135/><U112/><E131/><V55/><F40/><W97/><G111/><T125/><D128/><U107/><E107/><V48/><F64/><W29/><G29/><T0/><D0/><U42/><E112/><V18/><F89/><W14/><G97/><T94/><D80/><U91/><E42/><V54/><F22/><N who="3" m="11575" /><G15/><T57/><D12/><U26/><E62/><V126/><F126/><W102/><G102/><N who="0" m="60799" /><D65/><U45/><E45/><V73/><F73/><W6/><G6/><N who="2" m="2665" /><F21/><W38/><G38/><T86/><D125/><U60/><E79/><AGARI ba="1,0" hai="2,7,9,37,43,44,49,51,74,79,82" m="11575" machi="79" ten="30,2000,0" yaku="25,1,52,1" doraHai="3" who="3" fromWho="1" sc="92,0,311,-23,197,0,400,23" /><INIT seed="5,0,0,2,5,68" ten="92,288,197,423" oya="1" hai0="71,81,44,117,67,78,51,17,108,49,31,86,114" hai1="94,118,27,120,82,124,37,69,6,75,34,33,45" hai2="52,65,26,39,12,2,123,11,70,40,46,38,41" hai3="131,133,50,116,36,101,30,32,77,132,21,16,66"/><U134/><E118/><V60/><F123/><W121/><G121/><T99/><D117/><U54/><E120/><V125/><F125/><W113/><G116/><T96/><D108/><U127/><E134/><V100/><F2/><W55/><G113/><T8/><D114/><U4/><E69/><V130/><F100/><W10/><G101/><T105/><D105/><U102/><E37/><V110/><F110/><W63/><G77/><T35/><D51/><U15/><E75/><V111/><F111/><W56/><G131/><T72/><D72/><U109/><E109/><V9/><F26/><N who="3" m="18519" /><G36/><N who="2" m="13865" /><F12/><N who="3" m="9351" /><G10/><T106/><D8/><U84/><E102/><V23/><F23/><W95/><G95/><T74/><D106/><U90/><E94/><V85/><F85/><W97/><G97/><T0/><D74/><U129/><E129/><V24/><F24/><W91/><G91/><T57/><D99/><U119/><E119/><V62/><F9/><W1/><G1/><T3/><D96/><U98/><E98/><V53/><F11/><W59/><G59/><T42/><D57/><U73/><E73/><V89/><F89/><W115/><G66/><T92/><D92/><U13/><E127/><V25/><F25/><W14/><G14/><T19/><D0/><U83/><E124/><V93/><F93/><W20/><G20/><T88/><D3/><U122/><E122/><V29/><F29/><W79/><G79/><T5/><D78/><U43/><E13/><V128/><F128/><W64/><G115/><T103/><D103/><U87/><E15/><V7/><F130/><W48/><G48/><RYUUKYOKU ba="0,0" sc="92,-10,288,-10,197,-10,423,30" hai3="50,55,56,63,64,132,133" /><INIT seed="6,1,0,1,0,118" ten="82,278,187,453" oya="2" hai0="104,39,5,96,30,114,100,69,72,77,135,41,84" hai1="119,33,22,81,48,19,52,62,43,50,53,121,21" hai2="89,14,98,129,36,123,97,4,102,56,63,128,17" hai3="49,15,9,10,88,83,126,24,78,70,109,8,115"/><V34/><F36/><W116/><G109/><T67/><D84/><U65/><E119/><V76/><F34/><W108/><G108/><T94/><D94/><U75/><E33/><V45/><F76/><W86/><G116/><T51/><D51/><U47/><E121/><V124/><F4/><W74/><G126/><T71/><D114/><U85/><E75/><V131/><F124/><W59/><G70/><T73/><D135/><U103/><E103/><V6/><F6/><W60/><G49/><T38/><D30/><U130/><E130/><V32/><F32/><W44/><G44/><T3/><D67/><U11/><E11/><V40/><F45/><W55/><G24/><T29/><D29/><U99/><E99/><V110/><F40/><W101/><G101/><T132/><D132/><U46/><E19/><V79/><F79/><W35/><G35/><T134/><D134/><U20/><E43/><V91/><F110/><W27/><G27/><T26/><D26/><U31/><E31/><V117/><F117/><W57/><G115/><T18/><D18/><U7/><E7/><V58/><F123/><W23/><G57/><N who="2" m="22121" /><F63/><W112/><G112/><T37/><D41/><U12/><E12/><V125/><F125/><W111/><G111/><T25/><D25/><U42/><E42/><V61/><F61/><W87/><G23/><T90/><D90/><N who="2" m="34314" /><F102/><W93/><G74/><N who="0" m="28779" /><D77/><N who="1" m="46255" /><E62/><V54/><F54/><W68/><G68/><T127/><D127/><U95/><E95/><V1/><F1/><W120/><G120/><T64/><D64/><AGARI ba="1,0" hai="20,21,22,46,47,48,50,52,53,64,65" m="46255" machi="64" ten="30,2000,0" yaku="8,1,54,1" doraHai="118" who="1" fromWho="0" sc="82,-23,278,23,187,0,453,0" /><INIT seed="7,0,0,3,4,36" ten="59,301,187,453" oya="3" hai0="23,52,27,122,132,18,82,3,129,133,19,54,35" hai1="55,44,130,61,103,7,106,12,6,134,22,111,97" hai2="58,105,131,8,117,59,20,69,2,29,118,70,25" hai3="26,49,65,0,62,116,37,77,84,16,57,39,86"/><W81/><G116/><T115/><D82/><U107/><E111/><V13/><F105/><W41/><G0/><T60/><D60/><U126/><E134/><V101/><F101/><W109/><G109/><T95/><D95/><U24/><E130/><V85/><F131/><W68/><G68/><T74/><D129/><U100/><E126/><V108/><F108/><W88/><G49/><T40/><D74/><U119/><E119/><V46/><F46/><W48/><G48/><T121/><D3/><U47/><E107/><V53/><F69/><W4/><G4/><T30/><D23/><U10/><E103/><V33/><F70/><W113/><G113/><T28/><D27/><U114/><E114/><V51/><F59/><W43/><G37/><T17/><D115/><U73/><E73/><V83/><F2/><W56/><G56/><T93/><D93/><U99/><E99/><V123/><F33/><W87/><G87/><T14/><D14/><U34/><E34/><V76/><F123/><W104/><G104/><T66/><D35/><U63/><E63/><V31/><F29/><W67/><G67/><T79/><D18/><U135/><E135/><V71/><F71/><W127/><G127/><T15/><D15/><U92/><E6/><AGARI ba="0,0" hai="6,8,13,20,25,31,51,53,58,76,83,85,117,118" machi="6" ten="30,1000,0" yaku="7,1" doraHai="36" who="2" fromWho="1" sc="59,0,301,-10,187,10,453,0" owari="59,-44.0,291,9.0,197,-20.0,453,55.0" /></mjloggm>