<mjloggm ver="2.3"><GO type="41" lobby="0"/><UN n0="%E3%83%95%E3%82%A9%E3%83%BC%E3%83%9D%E3%82%A4%E3%83%B3%E3%83%88" n1="%6E%69%63%6B%6C%6F%77" n2="%70%72%6F%6E%61%72%69" n3="%E2%93%9D%53%75%70%68%78" dan="13,15,15,17" rate="1879.40,2010.42,2023.87,2033.98" sx="M,M,M,M"/><TAIKYOKU oya="0"/><INIT seed="0,0,0,2,4,8" ten="250,250,250,250" oya="0" hai0="94,79,75,85,70,71,93,90,96,15,50,107,134" hai1="58,0,92,42,109,27,11,65,82,124,55,9,87" hai2="51,121,17,44,88,29,86,78,6,48,112,35,3" hai3="37,81,133,32,100,69,24,23,34,1,126,38,56"/><T68/><D134/><U98/><E0/><V80/><F121/><W122/><G69/><T4/><D107/><U21/><E109/><V110/><F112/><W54/><G1/><T28/><D28/><U14/><E42/><V62/><F110/><W66/><G66/><T116/><D116/><U46/><E65/><V132/><F132/><W22/><G126/><T25/><D25/><U18/><E124/><V10/><F62/><W128/><G128/><T59/><D75/><U103/><E46/><V49/><F29/><W31/><G100/><T20/><D79/><U73/><E73/><V115/><F35/><W118/><G118/><T119/><D119/><U83/><E87/><V12/><F115/><W76/><G122/><T40/><D40/><U72/><E9/><V99/><F44/><W129/><G129/><T45/><D4/><U106/><E72/><V47/><F47/><W19/><G133/><T130/><D45/><U13/><E106/><V131/><F131/><W120/><G120/><T97/><D130/><U95/><E95/><V43/><F43/><W111/><G111/><T39/><D39/><U53/><E53/><V26/><F99/><W135/><G38/><T67/><D94/><U36/><E36/><V16/><F26/><N who="3" m="14687" /><G37/><T101/><D101/><U102/><E102/><V105/><F105/><W127/><G135/><T60/><D50/><N who="1" m="31095" /><E27/><V117/><F117/><W89/><G127/><T74/><D74/><U104/><E104/><V5/><F78/><W7/><G76/><T125/><D125/><U33/><E33/><V114/><F114/><W63/><G7/><AGARI ba="0,0" hai="7,11,13,14,18,21,82,83,92,98,103" m="31095" machi="7" ten="30,7700,0" yaku="6,1,8,1,52,2" doraHai="8" who="1" fromWho="3" sc="250,0,250,77,250,0,250,-77" /><INIT seed="1,0,0,1,5,62" ten="250,327,250,173" oya="1" hai0="7,1,47,36,46,70,74,82,16,28,19,32,54" hai1="113,50,110,37,24,96,134,119,116,53,48,5,84" hai2="0,127,104,38,63,39,130,112,98,51,100,68,4" hai3="12,120,49,132,123,60,58,97,118,99,42,43,102"/><U64/><E84/><V67/><F130/><W13/><G132/><T73/><D70/><U131/><E96/><V3/><F51/><W41/><G118/><T95/><D95/><U15/><E24/><V44/><F127/><W57/><G49/><T31/><D32/><U30/><E15/><V103/><F103/><W115/><G60/><T81/><D7/><U72/><E30/><V126/><F126/><W22/><G102/><T23/><D23/><U80/><E80/><V91/><F91/><W88/><G22/><T29/><D29/><U55/><E5/><V59/><F59/><W17/><G43/><T35/><D35/><U6/><E6/><V117/><F117/><W135/><G135/><T85/><D85/><U78/><E78/><V107/><F112/><W77/><G77/><T94/><D94/><U106/><E72/><V125/><F125/><W108/><G108/><T101/><D101/><U33/><E106/><N who="2" m="63767" /><F44/><W93/><G93/><T14/><D14/><U122/><E33/><V121/><F121/><W71/><G71/><T105/><D105/><N who="2" m="40522" /><F4/><W109/><G109/><T87/><D87/><U65/><E110/><V25/><F25/><W124/><G124/><T40/><D1/><AGARI ba="0,0" hai="0,1,3,38,39,63,67,68" m="40522,63767" machi="1" ten="30,3900,0" yaku="33,2,52,1" doraHai="62" who="2" fromWho="0" sc="250,-39,327,0,250,39,173,0" /><INIT seed="2,0,0,5,4,31" ten="211,327,289,173" oya="2" hai0="18,97,12,66,64,15,121,55,73,105,8,112,1" hai1="57,60,110,96,7,116,10,9,33,101,28,123,113" hai2="114,89,76,130,44,35,65,134,54,56,84,2,53" hai3="29,74,70,91,75,107,108,40,39,52,48,104,13"/><V87/><F114/><W86/><G70/><T124/><D121/><U41/><E113/><V49/><F2/><W38/><G40/><T119/><D124/><U6/><E116/><V26/><F134/><W36/><G108/><T0/><D119/><U27/><E110/><V46/><F130/><W30/><G13/><T90/><D112/><U122/><E41/><V117/><F117/><W11/><G11/><T21/><D73/><U129/><E9/><V32/><F26/><W80/><G75/><T23/><D1/><U50/><E50/><V83/><F65/><W95/><G74/><T68/><D0/><U82/><E82/><V99/><F99/><W34/><G30/><T103/><D68/><U102/><E102/><V125/><F46/><W132/><G80/><T45/><D90/><U14/><E6/><V85/><F85/><W100/><G100/><T98/><D98/><U3/><E3/><V47/><F47/><W37/><G37/><T19/><REACH who="0" step="1"/><D8/><REACH who="0" ten="201,327,289,173" step="2"/><U67/><REACH who="1" step="1"/><E129/><REACH who="1" ten="201,317,289,173" step="2"/><V92/><F125/><W61/><G132/><T81/><D81/><U69/><E69/><V135/><F135/><W71/><G71/><T22/><D22/><U25/><E25/><V79/><REACH who="2" step="1"/><F76/><REACH who="2" ten="201,317,279,173" step="2"/><W109/><G109/><T17/><D17/><U20/><E20/><V111/><F111/><W127/><G127/><T59/><D59/><U94/><AGARI ba="0,3" hai="7,10,14,27,28,33,57,60,67,94,96,101,122,123" machi="94" ten="30,7900,0" yaku="1,1,0,1,52,1,53,1" doraHai="31" doraHaiUra="62" who="1" fromWho="1" sc="201,-20,317,109,279,-39,173,-20" /><INIT seed="3,0,0,0,3,126" ten="181,426,240,153" oya="3" hai0="135,22,81,74,108,113,68,59,36,115,134,90,93" hai1="83,120,53,91,0,7,85,79,40,106,11,63,33" hai2="101,95,77,105,8,73,61,31,100,72,107,42,102" hai3="76,65,86,133,99,54,78,52,1,114,62,16,18"/><W9/><G114/><N who="0" m="43531" /><D68/><U26/><E106/><N who="2" m="40459" /><F42/><W70/><G133/><N who="0" m="50699" /><D36/><U88/><E120/><V111/><F8/><W75/><G75/><N who="2" m="28745" /><F31/><W112/><G112/><T21/><D108/><U51/><E40/><V25/><F25/><W121/><G121/><T67/><D67/><U110/><E110/><V48/><F48/><W24/><G24/><T60/><D74/><U10/><E63/><V6/><F6/><W109/><G109/><T35/><D81/><U66/><E11/><V15/><F15/><W84/><G9/><T97/><D35/><U39/><E66/><V69/><F61/><W98/><G62/><T44/><D44/><U103/><E39/><V71/><F95/><W94/><G94/><T28/><D28/><U49/><E49/><V30/><F30/><W13/><G65/><T122/><D122/><U123/><E26/><V23/><F77/><W117/><G13/><T57/><D60/><U46/><E33/><V37/><F37/><W19/><G19/><T128/><D22/><U43/><E43/><V2/><F23/><W125/><G70/><N who="2" m="26633" /><F111/><W38/><G38/><T131/><D21/><U92/><E123/><V32/><F32/><W130/><G18/><T89/><D89/><U14/><E14/><V34/><F34/><W80/><G16/><T47/><D47/><U27/><E27/><V116/><F2/><W50/><G1/><T45/><D45/><U29/><E29/><V20/><F20/><W3/><G3/><T56/><AGARI ba="0,0" hai="56,57,59,90,93,97,128,131" m="50699,43531" machi="56" ten="40,8000,1" yaku="11,1,20,1,52,2" doraHai="126" who="0" fromWho="0" sc="181,80,426,-20,240,-20,153,-40" /><INIT seed="4,0,0,0,0,58" ten="261,406,220,113" oya="0" hai0="84,89,92,57,90,30,37,60,133,15,48,24,131" hai1="0,4,113,69,10,21,19,22,28,132,134,105,77" hai2="5,56,109,120,54,59,68,93,122,36,124,51,95" hai3="50,42,74,64,117,6,47,63,32,79,135,82,18"/><T27/><D37/><U96/><E77/><V73/><F73/><W106/><G135/><N who="1" m="51754" /><E69/><V101/><F109/><W127/><G127/><T116/><D131/><U104/><E96/><V34/><F124/><W2/><G117/><T83/><D116/><U11/><E104/><V128/><F36/><W88/><G32/><T87/><D133/><U115/><E105/><V65/><F34/><W23/><G106/><T67/><D15/><N who="1" m="7671" /><E28/><V111/><F68/><W66/><G6/><T121/><D121/><U119/><E119/><V130/><F111/><W12/><G2/><T126/><D126/><U1/><E1/><V103/><F5/><W8/><G8/><T61/><D30/><U98/><E98/><V72/><F72/><W20/><G20/><AGARI ba="0,0" hai="0,4,11,20,21,22,113,115" m="7671,51754" machi="20" ten="30,3900,0" yaku="20,1,34,2" doraHai="58" who="1" fromWho="3" sc="261,0,406,39,220,0,113,-39" /><INIT seed="5,0,0,0,3,110" ten="261,445,220,74" oya="1" hai0="45,13,44,106,97,19,109,114,72,3,70,5,66" hai1="135,81,134,116,11,55,67,25,49,93,32,41,74" hai2="63,89,91,29,99,9,23,112,39,10,33,94,68" hai3="0,121,8,40,88,127,128,64,105,2,101,59,52"/><U129/><E116/><V15/><F39/><W1/><G121/><T77/><D109/><U76/><E67/><V14/><F112/><W51/><G128/><T118/><D118/><U98/><E41/><V126/><F33/><W46/><G127/><T131/><D131/><U57/><E129/><V122/><F126/><W84/><G64/><T82/><D106/><U92/><E11/><V117/><F122/><W119/><G119/><T60/><D3/><U42/><E42/><V104/><F68/><W133/><G133/><N who="1" m="50698" /><E98/><V12/><F9/><W31/><G31/><AGARI ba="0,0" hai="25,31,32,49,55,57,74,76,81,92,93" m="50698" machi="31" ten="30,1500,0" yaku="20,1" doraHai="110" who="1" fromWho="3" sc="261,0,445,15,220,0,74,-15" /><INIT seed="5,1,0,5,0,32" ten="261,460,220,59" oya="1" hai0="127,53,77,126,23,129,85,44,21,96,75,17,103" hai1="123,14,134,105,133,72,65,1,52,135,47,49,34" hai2="19,130,131,27,89,107,82,58,11,62,61,132,80" hai3="109,5,98,111,12,92,30,69,101,25,66,10,102"/><U64/><E72/><V76/><F107/><W121/><G121/><T120/><D75/><U78/><E105/><V45/><F132/><W55/><G102/><T63/><D120/><U40/><E78/><V74/><F45/><W90/><G69/><T46/><D129/><N who="2" m="49162" /><F58/><W114/><G114/><T84/><D77/><U51/><E34/><V124/><F124/><N who="0" m="47658" /><D63/><U54/><E123/><V48/><F48/><W79/><G66/><T100/><D53/><U20/><E1/><V41/><F41/><W43/><G43/><T60/><D60/><U7/><E40/><V22/><F11/><W95/><G79/><T29/><D29/><U117/><E117/><V8/><F8/><W38/><G38/><T67/><D67/><U87/><E87/><AGARI ba="1,0" hai="19,22,27,61,62,74,76,80,82,87,89" m="49162" machi="87" ten="30,1000,0" yaku="19,1" doraHai="32" who="2" fromWho="1" sc="261,0,460,-13,220,13,59,0" /><INIT seed="6,0,0,3,5,9" ten="261,447,233,59" oya="2" hai0="108,5,100,64,86,85,83,107,110,135,102,92,25" hai1="17,60,84,48,24,13,89,90,2,37,43,14,73" hai2="77,46,29,70,35,21,103,58,15,41,52,112,7" hai3="71,120,104,3,11,128,105,23,121,19,117,82,68"/><V66/><F112/><W57/><G57/><T53/><D135/><U12/><E73/><V96/><F77/><W32/><G82/><T129/><D64/><U122/><E2/><V38/><F35/><W133/><G32/><T31/><D129/><U72/><E72/><V91/><F91/><W28/><G128/><T56/><D5/><U47/><E122/><V93/><F29/><W80/><G80/><T49/><D107/><U39/><E60/><V59/><F59/><W51/><G51/><T63/><D49/><U16/><E37/><V55/><F70/><W113/><G117/><T87/><D83/><N who="1" m="49311" /><E39/><V27/><F27/><W88/><G133/><T65/><D53/><U22/><E90/><V118/><F118/><W98/><G113/><T40/><D40/><U114/><E114/><V94/><F93/><W67/><G105/><T123/><D123/><U34/><E34/><V111/><F111/><W69/><G67/><T115/><D115/><U20/><AGARI ba="0,0" hai="12,13,14,16,17,20,22,24,43,47,48" m="49311" machi="20" ten="30,8000,1" yaku="8,1,52,3,54,1" doraHai="9" who="1" fromWho="1" sc="261,-20,447,80,233,-40,59,-20" /><INIT seed="7,0,0,3,1,27" ten="241,527,193,39" oya="3" hai0="14,9,65,68,128,11,82,114,18,39,117,43,41" hai1="127,74,48,36,122,129,95,67,44,30,25,88,134" hai2="121,107,64,21,103,62,85,72,119,0,75,118,35" hai3="8,120,50,45,16,105,69,66,7,113,133,87,60"/><W15/><G113/><T106/><D117/><U76/><E127/><V19/><F0/><W2/><G133/><T132/><D106/><U23/><E129/><V131/><F35/><W38/><G105/><T59/><D114/><U90/><E134/><V135/><F135/><W78/><G38/><T115/><D115/><U96/><E36/><V124/><F124/><W77/><G120/><T49/><D39/><U54/><E122/><V13/><F131/><W5/><G87/><T97/><D68/><U99/><E74/><V3/><F3/><W10/><REACH who="3" step="1"/><G7/><REACH who="3" ten="241,527,193,29" step="2"/><T71/><D132/><U111/><E111/><V79/><F121/><W40/><AGARI ba="0,1" hai="2,5,8,10,15,16,40,45,50,60,66,69,77,78" machi="40" ten="20,18000,2" yaku="1,1,2,1,0,1,7,1,54,1,53,1" doraHai="27" doraHaiUra="58" who="3" fromWho="3" sc="241,-60,527,-60,193,-60,29,190" /><INIT seed="7,1,0,1,5,40" ten="181,467,133,219" oya="3" hai0="86,81,35,84,36,16,56,30,23,5,2,108,88" hai1="89,90,126,64,95,34,31,15,4,69,70,21,48" hai2="107,122,105,14,135,62,115,132,0,32,102,118,75" hai3="130,100,55,79,41,11,28,76,92,27,85,42,13"/><W44/><G130/><T20/><D108/><U73/><E73/><V83/><F0/><W82/><G79/><T134/><D134/><N who="2" m="51242" /><F32/><W78/><G78/><T87/><D36/><U106/><E89/><V125/><F14/><W47/><G55/><T22/><D35/><U114/><E48/><V52/><F118/><W17/><G42/><T37/><D37/><U80/><E95/><V1/><F1/><W54/><G54/><T57/><D2/><U65/><E21/><N who="0" m="8297" /><D5/><U45/><E64/><V117/><F117/><W131/><G41/><T61/><D30/><U116/><E80/><V94/><F62/><W101/><G131/><T72/><D72/><U123/><E90/><V43/><F43/><W111/><G111/><T77/><D61/><U74/><E4/><V51/><F115/><W53/><G53/><T127/><D127/><U104/><E106/><V91/><F125/><W71/><G71/><T93/><D84/><U59/><E59/><V121/><F83/><W7/><G7/><T12/><AGARI ba="1,0" hai="12,16,23,56,57,77,81,86,87,88,93" m="8297" machi="12" ten="30,4000,0" yaku="8,1,54,2" doraHai="40" who="0" fromWho="0" sc="181,43,467,-11,133,-11,219,-21" owari="224,2.0,456,56.0,122,-38.0,198,-20.0" /></mjloggm>