<mjloggm ver="2.3"><GO type="41" lobby="0"/><UN n0="%E2%93%9D%53%75%70%68%78" n1="%E6%AC%A1%E5%85%83%40%E5%85%B5%E5%BA%AB%E5%8C%97" n2="%6E%61%62%79" n3="%E3%81%AA%E3%81%8E%E3%81%BC%E3%81%8F" dan="18,15,14,15" rate="2103.52,1990.98,1964.34,1990.52" sx="M,M,M,M"/><TAIKYOKU oya="0"/><INIT seed="0,0,0,2,1,41" ten="250,250,250,250" oya="0" hai0="127,26,89,78,2,67,1,28,108,43,100,98,5" hai1="103,79,52,12,50,130,91,73,0,74,68,38,32" hai2="51,53,7,31,69,58,46,76,85,49,24,82,119" hai3="132,27,114,19,95,18,116,13,9,115,96,77,80"/><T101/><D127/><U11/><E0/><V124/><F124/><W94/><G116/><T117/><D117/><U129/><E68/><V105/><F119/><W55/><G132/><T134/><D78/><U92/><E38/><V107/><F69/><W87/><G55/><T93/><D134/><U61/><E32/><V90/><F7/><W63/><G63/><T40/><D108/><U118/><E118/><V113/><F113/><W44/><G44/><T48/><D67/><U112/><E112/><V15/><F15/><W54/><G54/><T123/><D123/><U22/><E103/><V25/><F25/><W88/><REACH who="3" step="1"/><G94/><REACH who="3" ten="250,250,250,240" step="2"/><T37/><D43/><U47/><E61/><V23/><REACH who="2" step="1"/><F76/><REACH who="2" ten="250,250,240,240" step="2"/><W17/><G17/><T33/><D5/><U131/><E79/><V64/><F64/><W75/><G75/><T72/><D72/><U70/><E74/><V56/><F56/><W29/><G29/><T109/><D28/><U81/><E73/><V83/><F83/><W97/><G97/><T16/><D98/><U30/><E81/><V62/><F62/><W106/><G106/><T14/><D16/><N who="1" m="8223" /><E70/><V125/><F125/><W65/><G65/><T36/><D93/><U126/><E126/><V120/><F120/><W10/><G10/><T104/><D104/><U60/><E60/><V3/><F3/><W110/><G110/><T20/><D2/><U111/><E111/><V86/><F86/><W42/><G42/><AGARI ba="0,2" hai="23,24,31,42,46,49,51,53,58,82,85,90,105,107" machi="42" ten="30,3900,0" yaku="1,1,7,1,52,1,53,0" doraHai="41" doraHaiUra="6" who="2" fromWho="3" sc="250,0,250,0,240,59,240,-39" /><INIT seed="1,0,0,5,4,32" ten="250,250,299,201" oya="1" hai0="125,113,117,43,120,9,27,42,122,123,96,61,10" hai1="107,124,126,115,87,114,58,15,88,95,73,128,119" hai2="50,24,90,86,131,1,66,52,129,101,69,3,22" hai3="65,63,72,84,111,38,106,83,60,108,31,135,79"/><U17/><E58/><V133/><F101/><W75/><G106/><T51/><D113/><N who="1" m="43019" /><E15/><V91/><F133/><W20/><G38/><T45/><D117/><U112/><E17/><V82/><F66/><W80/><G135/><T118/><D118/><U59/><E59/><V78/><F69/><W85/><G31/><T116/><D125/><N who="1" m="48235" /><E119/><V4/><F4/><W74/><G20/><T19/><D116/><U93/><N who="1" m="43027" /><U98/><DORA hai="68" /><E128/><N who="2" m="49227" /><F91/><W89/><REACH who="3" step="1"/><G65/><REACH who="3" ten="250,250,299,191" step="2"/><T56/><D123/><U54/><E107/><V8/><F8/><W130/><G130/><T29/><D10/><U5/><E5/><V62/><F78/><W14/><G14/><T109/><D122/><U7/><E7/><V28/><F62/><AGARI ba="0,1" hai="60,62,63,72,74,75,79,80,83,84,85,89,108,111" machi="62" ten="50,1600,0" yaku="1,1,53,0" doraHai="32,68" doraHaiUra="35,2" who="3" fromWho="2" sc="250,0,250,0,299,-16,191,26" /><INIT seed="2,0,0,4,5,99" ten="250,250,283,217" oya="2" hai0="79,115,47,45,75,125,56,73,44,11,34,58,6" hai1="19,26,30,4,106,97,124,28,29,15,134,95,84" hai2="55,42,52,120,20,32,78,80,50,83,132,112,1" hai3="13,64,88,96,18,65,43,122,66,16,67,91,33"/><V109/><F112/><W121/><G33/><T54/><D34/><U92/><E134/><V129/><F120/><W119/><G119/><T12/><D115/><U39/><E39/><V38/><F132/><W51/><N who="3" m="16384" /><DORA hai="98" /><W113/><G113/><T23/><D125/><U117/><E117/><V8/><F32/><W128/><G128/><T71/><D71/><U41/><E124/><V135/><F129/><W107/><G18/><T36/><D36/><U3/><E41/><V114/><F114/><W130/><G130/><T116/><D58/><U63/><E63/><V76/><F135/><W60/><G60/><T53/><D53/><U104/><E84/><V0/><F109/><W48/><G91/><T82/><D116/><U100/><E3/><V111/><F111/><W108/><G108/><T81/><D23/><U40/><E40/><V61/><F61/><W101/><G88/><T118/><D118/><U2/><E2/><N who="2" m="1131" /><F20/><W93/><G107/><T5/><D5/><U31/><E4/><V123/><F8/><W68/><G68/><T25/><D25/><U131/><E131/><V46/><F123/><W110/><G110/><T105/><D105/><U62/><E62/><V21/><F21/><W14/><G14/><T87/><REACH who="0" step="1"/><D82/><REACH who="0" ten="240,250,283,217" step="2"/><N who="2" m="31274" /><F55/><W49/><REACH who="3" step="1"/><G43/><REACH who="3" ten="240,250,283,207" step="2"/><T57/><D57/><U94/><E106/><V59/><F59/><W9/><AGARI ba="0,2" hai="9,13,16,48,49,51,93,96,101,121,122" m="16384" machi="9" ten="50,12000,2" yaku="1,1,2,1,0,1,52,2,54,1,53,1" doraHai="99,98" doraHaiUra="89,85" who="3" fromWho="3" sc="240,-30,250,-30,283,-60,207,140" /><INIT seed="3,0,0,3,4,79" ten="210,220,223,347" oya="3" hai0="4,127,17,45,18,119,7,88,100,105,39,28,110" hai1="94,69,107,60,73,42,72,71,97,30,22,103,53" hai2="132,93,104,133,61,76,80,1,102,36,70,78,8" hai3="75,54,130,35,91,62,29,10,116,44,85,121,122"/><W13/><G116/><T82/><D119/><U77/><E42/><V120/><F36/><W67/><G75/><T5/><D110/><U31/><E73/><V131/><F104/><W125/><G130/><T43/><D127/><U90/><E53/><V99/><F131/><W57/><G125/><T38/><D28/><U86/><E22/><V96/><F120/><W55/><G35/><T27/><D39/><U89/><E90/><V65/><F99/><W26/><G26/><T124/><D124/><U111/><E111/><V113/><F113/><W50/><G29/><T34/><D100/><U46/><E46/><V63/><F63/><W49/><G49/><T51/><D105/><U23/><E23/><V64/><F64/><W134/><G67/><T9/><D38/><U20/><E20/><V12/><F1/><W33/><G33/><T135/><D135/><U16/><E16/><N who="0" m="6249" /><D34/><U24/><E24/><V66/><F66/><W68/><G68/><N who="1" m="26186" /><E60/><V92/><F92/><W123/><G134/><N who="2" m="51817" /><F80/><AGARI ba="0,0" hai="30,31,72,77,80,86,89,94,97,103,107" m="26186" machi="80" ten="30,2000,0" yaku="24,1,52,1" doraHai="79" who="1" fromWho="2" sc="210,0,220,20,223,-20,347,0" /><INIT seed="4,0,0,2,0,103" ten="210,240,203,347" oya="0" hai0="18,13,26,100,106,112,39,84,108,47,29,118,40" hai1="56,134,73,82,126,25,95,91,9,14,51,77,27" hai2="66,4,105,32,83,104,12,89,31,64,3,52,110" hai3="76,41,7,133,68,24,49,8,22,38,34,102,132"/><T15/><D118/><U87/><E134/><V44/><F110/><W2/><G68/><T129/><D108/><U11/><E126/><V37/><F3/><W113/><G113/><T131/><D112/><U59/><E11/><V28/><F32/><W90/><G76/><T0/><D84/><U109/><E109/><V23/><F37/><W17/><G102/><T117/><D0/><U121/><E121/><V81/><F4/><W62/><G62/><T60/><D60/><U80/><E82/><V54/><F12/><W122/><G122/><T53/><D53/><U120/><E120/><V63/><F89/><W74/><G74/><T50/><D50/><U101/><E101/><V78/><F63/><W61/><G61/><T125/><D117/><U35/><E51/><V92/><F23/><W65/><G65/><T70/><D70/><U86/><E73/><V57/><F92/><W10/><G10/><T130/><D18/><U21/><E35/><V114/><F114/><W85/><G34/><N who="0" m="20791" /><D125/><U33/><E33/><V93/><F93/><W16/><G17/><T116/><D116/><U98/><E87/><V119/><F119/><W1/><G2/><T71/><D71/><U58/><REACH who="1" step="1"/><E21/><REACH who="1" ten="210,230,203,347" step="2"/><V127/><F127/><W46/><G49/><T20/><D20/><U69/><E69/><V94/><F94/><W6/><G6/><AGARI ba="0,1" hai="6,9,14,25,27,56,58,59,77,80,86,91,95,98" machi="6" ten="40,2600,0" yaku="1,1,8,1,53,0" doraHai="103" doraHaiUra="115" who="1" fromWho="3" sc="210,0,230,36,203,0,347,-26" /><INIT seed="5,0,0,4,2,33" ten="210,266,203,321" oya="1" hai0="99,0,89,109,82,43,70,87,67,76,120,52,38" hai1="66,112,21,51,75,132,80,64,93,74,10,71,9" hai2="24,102,6,119,61,58,14,40,124,108,130,45,65" hai3="55,2,47,115,125,92,41,90,101,22,8,39,35"/><U44/><E112/><V97/><F108/><W98/><G35/><T20/><D109/><U46/><E132/><V72/><F119/><W32/><G32/><T118/><D118/><U131/><E131/><V68/><F130/><W5/><G125/><T53/><D120/><U42/><E93/><V94/><F124/><W69/><G115/><T129/><D129/><U121/><E121/><V34/><F72/><W12/><G69/><T56/><D70/><U37/><E21/><V30/><F6/><W95/><G55/><T128/><D43/><U28/><E28/><V3/><F14/><W83/><G83/><T122/><D38/><U133/><E133/><V26/><F26/><W63/><G63/><T31/><D0/><U54/><E71/><V85/><F85/><W96/><REACH who="3" step="1"/><G22/><REACH who="3" ten="210,266,203,311" step="2"/><T105/><D128/><U114/><E114/><V17/><F17/><W77/><G77/><T11/><D122/><U13/><E80/><V107/><F3/><AGARI ba="0,1" hai="2,3,5,8,12,39,41,47,90,92,95,96,98,101" machi="3" ten="40,8000,1" yaku="1,1,52,2,53,1" doraHai="33" doraHaiUra="36" who="3" fromWho="2" sc="210,0,266,0,203,-80,311,90" /><INIT seed="6,0,0,2,0,72" ten="210,266,123,401" oya="2" hai0="35,39,56,73,94,91,135,129,27,74,14,85,16" hai1="63,102,68,126,84,127,55,87,53,9,13,51,78" hai2="89,117,17,109,29,3,132,43,52,28,116,106,131" hai3="76,95,93,99,59,80,100,25,61,4,18,121,120"/><V108/><F106/><W36/><G36/><T134/><D39/><U54/><E102/><V48/><F43/><W105/><G4/><T12/><D129/><U45/><E68/><V20/><F3/><W23/><G105/><T88/><D56/><U50/><E87/><V57/><F131/><W97/><G97/><T22/><D91/><U40/><E63/><V64/><F64/><W71/><G95/><T70/><D70/><U60/><E60/><V37/><F37/><W26/><G26/><T98/><D85/><U10/><E10/><V41/><F41/><W38/><G38/><T113/><D113/><U118/><E118/><V5/><F5/><W58/><G59/><T133/><D14/><U125/><E13/><N who="2" m="9263" /><F132/><W31/><G18/><T124/><D124/><U32/><E9/><V11/><F11/><W107/><G107/><T123/><D123/><U122/><E32/><V81/><F117/><W82/><G71/><T128/><D128/><U15/><E15/><V86/><F116/><W130/><G130/><T49/><D49/><N who="1" m="26791" /><E122/><V47/><F47/><W66/><G82/><AGARI ba="0,0" hai="50,51,53,54,55,78,82,84,125,126,127" m="26791" machi="82" ten="40,2600,0" yaku="18,1,52,1" doraHai="72" who="1" fromWho="3" sc="210,0,266,26,123,0,401,-26" /><INIT seed="7,0,0,0,1,22" ten="210,292,123,375" oya="3" hai0="52,133,9,35,94,68,121,85,118,0,87,107,51" hai1="46,123,38,131,60,84,18,92,4,50,25,99,91" hai2="126,5,20,31,115,64,41,79,58,56,108,63,78" hai3="59,69,76,49,61,130,105,48,88,90,75,36,55"/><W67/><G105/><T10/><D118/><U14/><E123/><V73/><F108/><W114/><G36/><T120/><D68/><U82/><E131/><V109/><F109/><W57/><G75/><T13/><D107/><U129/><E38/><V116/><F116/><W54/><G76/><T33/><D133/><U53/><E129/><V7/><F126/><W106/><G130/><T16/><D121/><U124/><E124/><V135/><F135/><W74/><G74/><T1/><D120/><U102/><E4/><V11/><F115/><W70/><G106/><T83/><D94/><U26/><E60/><V86/><F73/><W113/><G67/><T111/><D87/><U45/><E46/><V125/><F125/><W98/><G61/><T134/><D111/><U100/><E102/><V66/><F41/><W96/><AGARI ba="0,0" hai="48,49,54,55,57,59,69,70,88,90,96,98,113,114" machi="96" ten="25,9600,0" yaku="0,1,22,2,54,1" doraHai="22" who="3" fromWho="3" sc="210,-32,292,-32,123,-32,375,96" owari="178,-22.0,260,6.0,91,-41.0,471,57.0" /></mjloggm>