<mjloggm ver="2.3"><GO type="41" lobby="0"/><UN n0="%E7%A9%BA%E5%BF%83%E6%96%8E" n1="%E3%81%A7%E3%81%93%E3%81%AE%E3%81%B5" n2="%E2%93%9D%53%75%70%68%78" n3="%E3%81%AF%E3%81%A3%E3%81%B4%E3%81%83%E3%83%BC" dan="13,15,16,13" rate="1807.60,2018.97,2064.15,1845.70" sx="M,M,M,M"/><TAIKYOKU oya="0"/><INIT seed="0,0,0,2,4,19" ten="250,250,250,250" oya="0" hai0="44,60,55,131,31,104,6,107,54,23,5,56,101" hai1="21,118,43,9,1,97,82,18,122,106,8,109,52" hai2="7,50,111,76,73,24,70,11,116,113,96,99,128" hai3="26,12,37,110,125,51,16,0,29,112,95,100,63"/><T89/><D131/><U27/><E118/><V28/><F113/><W78/><G37/><T45/><D89/><U127/><E122/><V62/><F111/><W126/><G0/><T20/><D31/><U10/><E109/><V68/><F50/><W91/><G100/><T133/><D56/><U102/><E127/><V35/><F128/><W108/><G78/><T58/><D58/><U119/><E119/><V47/><F47/><W81/><G81/><T42/><D60/><U69/><E69/><V87/><F87/><W38/><G38/><T135/><REACH who="0" step="1"/><D42/><REACH who="0" ten="240,250,250,250" step="2"/><U59/><E43/><V40/><F40/><W129/><G110/><T74/><D74/><U130/><E130/><V93/><F62/><W64/><G108/><T30/><D30/><U90/><E90/><V98/><F116/><W65/><G112/><T33/><D33/><U72/><E72/><V22/><F35/><W79/><G63/><T25/><D25/><U115/><E115/><V4/><F73/><W61/><G61/><T85/><D85/><U71/><E71/><V66/><F70/><W83/><G129/><T67/><D67/><U94/><E59/><V103/><F66/><W84/><G65/><T117/><D117/><U39/><E102/><AGARI ba="0,1" hai="5,6,20,23,44,45,54,55,101,102,104,107,133,135" machi="102" ten="25,12000,1" yaku="1,1,22,2,52,2,53,0" doraHai="19" doraHaiUra="134" who="0" fromWho="1" sc="240,130,250,-120,250,0,250,0" /><INIT seed="0,1,0,0,3,49" ten="370,130,250,250" oya="0" hai0="125,119,92,67,73,60,50,69,81,72,33,122,28" hai1="48,115,79,104,98,16,70,30,112,131,114,74,87" hai2="111,101,9,97,36,89,133,15,64,90,34,102,71" hai3="45,88,84,3,53,135,37,41,130,58,35,2,42"/><T54/><D119/><U25/><E70/><V129/><F36/><W106/><G106/><T44/><D122/><U26/><E131/><V116/><F34/><W47/><G35/><T38/><D125/><U124/><E124/><V12/><F111/><W123/><G123/><T10/><D92/><U85/><E26/><V32/><F133/><W17/><G17/><T19/><D81/><U46/><E74/><V96/><F32/><W134/><G130/><T13/><REACH who="0" step="1"/><D38/><REACH who="0" ten="360,130,250,250" step="2"/><U121/><E121/><V63/><F129/><W66/><G66/><T59/><D59/><U5/><E104/><V11/><F116/><W24/><G24/><AGARI ba="1,1" hai="10,13,19,24,28,33,44,50,54,60,67,69,72,73" machi="24" ten="40,3900,0" yaku="1,1,52,1,53,0" doraHai="49" doraHaiUra="0" who="0" fromWho="3" sc="360,52,130,0,250,0,250,-42" /><INIT seed="0,2,0,1,1,79" ten="412,130,250,208" oya="0" hai0="1,60,123,18,58,90,82,40,10,73,109,80,105" hai1="2,110,83,57,49,42,53,130,31,115,26,113,87" hai2="27,118,74,72,12,17,3,68,127,30,119,28,65" hai3="67,103,8,77,59,71,120,96,25,13,44,94,76"/><T63/><D123/><U38/><E110/><V86/><F3/><W22/><G71/><T91/><D105/><U114/><E2/><V66/><F127/><W51/><G120/><T43/><D73/><N who="2" m="28266" /><F86/><W23/><G23/><T88/><D109/><U93/><E93/><V104/><F68/><W102/><G103/><T64/><D1/><U128/><E42/><N who="0" m="15913" /><D63/><U29/><E38/><V133/><F133/><W89/><G67/><N who="2" m="25609" /><F27/><W124/><G59/><T99/><D99/><U15/><E15/><AGARI ba="2,0" hai="10,15,18,58,60,64,80,82,88,90,91" m="15913" machi="15" ten="30,11600,0" yaku="8,1,52,2,54,1" doraHai="79" who="0" fromWho="1" sc="412,122,130,-122,250,0,208,0" /><INIT seed="0,3,0,3,2,77" ten="534,8,250,208" oya="0" hai0="0,97,114,127,55,81,75,95,23,105,63,119,47" hai1="28,3,65,128,96,66,111,117,21,87,125,14,45" hai2="16,79,42,94,25,68,121,22,116,100,110,43,41" hai3="84,82,58,112,78,46,73,99,53,88,124,7,98"/><T67/><D114/><U70/><E117/><V130/><F121/><W61/><G112/><T91/><D119/><U31/><E3/><V113/><F68/><W17/><G124/><T32/><D32/><U134/><E111/><V6/><F130/><W39/><G7/><T20/><D0/><U19/><E134/><V109/><F113/><W2/><G2/><T57/><D127/><U104/><E125/><V64/><F64/><W44/><G17/><T85/><D47/><U115/><E115/><V59/><F79/><W62/><G62/><T93/><D93/><U80/><E104/><V90/><F100/><W133/><G133/><T40/><D40/><U118/><E118/><V102/><F102/><W129/><G129/><T86/><D86/><U11/><E70/><V101/><F101/><W35/><G35/><T74/><D105/><U4/><E96/><V103/><F103/><W5/><G5/><T1/><D1/><U132/><E45/><V69/><F69/><W26/><G26/><T12/><D67/><N who="1" m="25611" /><E132/><V89/><F116/><W8/><G46/><T15/><D74/><U72/><E72/><V49/><F6/><W24/><G24/><T33/><D33/><U126/><E128/><V122/><F122/><W52/><G8/><T120/><D75/><U135/><E135/><V48/><F110/><W123/><G123/><T18/><D120/><U54/><E126/><V9/><F109/><W27/><G27/><N who="0" m="14743" /><D23/><U29/><E54/><N who="2" m="32199" /><F9/><W51/><G39/><T38/><D38/><U60/><E11/><V108/><F108/><W56/><G44/><T30/><D30/><RYUUKYOKU ba="3,0" sc="534,15,8,-15,250,-15,208,15" hai0="12,15,55,57,63,81,85,91,95,97" hai3="51,52,53,56,58,61,73,78,82,84,88,98,99" owari="549,65.0,-7,-51.0,235,4.0,223,-18.0" /></mjloggm>