<mjloggm ver="2.3"><GO type="41" lobby="0"/><UN n0="%6B%6F%6B%6F%6E%61%6D" n1="%E2%93%9D%53%75%70%68%78" n2="%E3%81%8A%E3%81%8C%E3%81%82" n3="%E4%BF%BA%E3%82%AA%E3%82%A4%E3%83%A9%E3%83%BC" dan="13,18,14,13" rate="1893.36,2093.77,1969.08,1811.66" sx="M,M,M,M"/><TAIKYOKU oya="0"/><INIT seed="0,0,0,2,5,51" ten="250,250,250,250" oya="0" hai0="99,94,16,6,74,56,43,59,22,128,14,96,32" hai1="34,109,55,40,8,88,73,90,36,123,100,129,33" hai2="47,15,116,28,25,81,80,45,72,3,117,1,104" hai3="38,98,121,103,7,37,97,26,132,101,67,110,23"/><T64/><D128/><U52/><E123/><V44/><F15/><W21/><G121/><T111/><D74/><U118/><E73/><V35/><F104/><W92/><G132/><T91/><D32/><U135/><E100/><V0/><REACH who="2" step="1"/><F72/><REACH who="2" ten="250,250,240,250" step="2"/><W87/><G110/><T76/><D111/><U58/><E109/><V50/><F50/><W130/><G130/><T124/><D124/><U108/><E108/><V70/><F70/><W120/><G120/><T9/><D43/><U13/><E129/><V127/><F127/><W126/><G126/><T102/><D64/><U85/><E40/><V42/><F42/><W39/><G67/><T11/><D76/><U5/><E135/><V49/><F49/><W105/><G7/><T27/><REACH who="0" step="1"/><D11/><REACH who="0" ten="240,250,240,250" step="2"/><U83/><E8/><V82/><AGARI ba="0,2" hai="0,1,3,25,28,35,44,45,47,80,81,82,116,117" machi="82" ten="40,8000,1" yaku="1,1,0,1,29,2,53,0" doraHai="51" doraHaiUra="53" who="2" fromWho="2" sc="240,-40,250,-20,240,100,250,-20" /><INIT seed="1,0,0,3,0,21" ten="200,230,340,230" oya="1" hai0="76,56,86,18,26,75,59,134,37,101,41,105,39" hai1="70,34,79,115,94,109,133,117,107,1,104,97,82" hai2="51,2,50,78,24,64,125,81,111,33,112,48,5" hai3="91,10,22,7,89,119,100,62,27,130,129,128,93"/><U69/><E115/><V3/><F112/><W25/><G119/><T113/><D75/><U108/><E1/><V40/><F111/><N who="1" m="42569" /><E117/><V28/><F125/><W35/><G35/><T36/><D41/><U13/><E13/><V123/><F123/><W0/><G22/><T9/><D134/><U31/><E133/><V71/><F71/><N who="1" m="27145" /><E94/><V47/><F64/><W17/><G17/><T12/><D26/><N who="3" m="9737" /><G62/><T52/><D113/><U73/><E97/><AGARI ba="0,0" hai="0,7,10,89,91,93,97,100,128,129,130" m="9737" machi="97" ten="40,8000,1" yaku="19,1,52,3" doraHai="21" who="3" fromWho="1" sc="200,0,230,-80,340,0,230,80" /><INIT seed="2,0,0,0,0,58" ten="200,150,340,310" oya="2" hai0="55,89,36,21,115,27,103,112,104,91,17,85,69" hai1="125,39,28,67,68,12,44,9,84,93,77,7,127" hai2="6,110,35,120,96,128,101,37,123,78,18,32,82" hai3="5,86,133,47,42,20,56,90,99,109,64,83,97"/><V95/><F128/><W33/><G133/><T117/><D117/><U75/><E28/><V0/><F110/><W61/><G109/><T11/><D36/><U111/><E111/><V105/><F18/><W108/><G33/><T31/><D89/><U10/><E75/><V2/><F95/><W8/><G108/><T79/><D79/><U25/><E25/><V46/><F82/><W66/><G20/><T4/><D69/><U94/><E10/><V65/><F65/><W134/><G66/><T88/><D91/><U80/><E39/><V126/><F126/><N who="1" m="48137" /><E44/><V50/><F78/><W43/><G134/><T40/><D40/><U22/><E22/><V130/><F130/><W24/><G43/><T19/><D55/><U34/><E34/><V87/><F87/><W124/><G24/><T70/><D70/><U76/><E76/><V51/><F51/><W129/><G129/><T100/><D19/><U102/><E102/><V29/><F50/><N who="3" m="26999" /><G124/><T118/><D31/><U116/><E116/><V13/><F13/><AGARI ba="0,0" hai="5,8,13,56,61,64,83,86,90,97,99" m="26999" machi="13" ten="30,2000,0" yaku="8,1,52,1" doraHai="58" who="3" fromWho="2" sc="200,0,150,0,340,-20,310,20" /><INIT seed="3,0,0,0,3,34" ten="200,150,320,330" oya="3" hai0="127,14,125,74,96,67,35,88,108,17,116,57,111" hai1="48,13,46,21,79,32,77,92,58,65,132,107,100" hai2="60,126,120,62,71,105,24,56,23,50,133,26,122" hai3="41,1,91,18,80,44,2,54,7,31,5,43,0"/><W11/><G31/><T63/><D74/><U38/><E107/><V45/><F105/><W114/><G114/><T103/><D35/><U106/><E106/><V49/><F23/><W130/><G130/><T129/><D116/><U113/><E38/><V85/><F85/><W29/><G29/><T3/><D3/><U118/><E132/><V78/><F78/><W117/><G117/><T102/><D129/><U93/><E32/><V86/><F86/><W40/><G18/><T22/><D88/><U47/><E113/><V121/><F133/><W51/><G11/><T73/><D73/><U112/><E100/><V101/><F101/><W19/><G19/><T53/><D67/><U28/><E118/><V66/><F24/><W61/><G61/><T123/><D123/><U27/><E13/><V37/><F26/><W30/><G30/><T87/><D87/><U75/><E75/><V9/><F9/><W128/><G128/><T83/><D83/><U90/><E112/><V110/><F110/><N who="0" m="42026" /><D103/><U97/><E79/><V82/><F82/><W68/><G68/><T25/><D14/><U55/><E77/><V12/><F12/><W52/><G80/><T131/><D131/><U99/><REACH who="1" step="1"/><E65/><REACH who="1" ten="200,140,320,330" step="2"/><N who="2" m="39047" /><F126/><W15/><G15/><T39/><D39/><U104/><E104/><AGARI ba="0,1" hai="17,22,25,53,57,63,96,102,104,125,127" m="42026" machi="104" ten="30,1000,0" yaku="14,1" doraHai="34" who="0" fromWho="1" sc="200,20,140,-10,320,0,330,0" /><INIT seed="4,0,0,3,4,83" ten="220,130,320,330" oya="0" hai0="80,91,3,103,106,104,64,99,22,68,27,56,57" hai1="44,114,8,125,66,84,100,102,130,108,5,49,54" hai2="17,12,110,52,18,42,98,65,34,97,46,47,88" hai3="119,59,38,63,4,41,14,15,112,124,30,28,40"/><T87/><D3/><U23/><E108/><V48/><F34/><W60/><G119/><T117/><D117/><U31/><E130/><V82/><F110/><W93/><G124/><T69/><D104/><U55/><E125/><V45/><F65/><W53/><G112/><T118/><D118/><U133/><E133/><V75/><F75/><W126/><G126/><T121/><D121/><U32/><E32/><V132/><F132/><W67/><G38/><T131/><D131/><U20/><E66/><V19/><F12/><N who="3" m="4651" /><G4/><T111/><D111/><U61/><E8/><V128/><F128/><W129/><G129/><T120/><D120/><U95/><E5/><V135/><F135/><W6/><G6/><T13/><D13/><U92/><E31/><N who="3" m="11818" /><G93/><T76/><D64/><U94/><E114/><V37/><REACH who="2" step="1"/><F46/><REACH who="2" ten="220,130,310,330" step="2"/><W58/><AGARI ba="0,1" hai="40,41,53,58,59,60,63,67" m="11818,4651" machi="58" ten="30,1100,0" yaku="8,1" doraHai="83" who="3" fromWho="3" sc="220,-5,130,-3,310,-3,330,21" /><INIT seed="5,0,0,5,3,25" ten="215,127,307,351" oya="1" hai0="134,104,52,130,31,92,90,112,18,1,17,33,4" hai1="123,0,106,46,49,16,101,14,109,98,103,67,43" hai2="48,22,58,82,118,114,99,37,57,61,135,51,30" hai3="55,53,86,120,110,108,12,133,3,60,10,117,96"/><U42/><E123/><V116/><F114/><W91/><G120/><T72/><D104/><U65/><E0/><V40/><F135/><W85/><G3/><T19/><D112/><U83/><E109/><V102/><F58/><W88/><G133/><T56/><D72/><U44/><E83/><V7/><F118/><W100/><G117/><T15/><D134/><U128/><E128/><V105/><F7/><W21/><G110/><T77/><D77/><U107/><E103/><V97/><F97/><W70/><G108/><T6/><D15/><U29/><E29/><V84/><F116/><W9/><G21/><T23/><D33/><U126/><E126/><V36/><F51/><W129/><G129/><T119/><D130/><U59/><E59/><V125/><F125/><W87/><G70/><T11/><D119/><U124/><E107/><V63/><F63/><W8/><G12/><T35/><D35/><U34/><E34/><V26/><F48/><W93/><G60/><N who="0" m="35847" /><D11/><U66/><E124/><V2/><F40/><W75/><G75/><T80/><D80/><U95/><E106/><V20/><F20/><W94/><REACH who="3" step="1"/><G86/><REACH who="3" ten="215,127,307,341" step="2"/><N who="0" m="52311" /><D1/><U27/><E27/><AGARI ba="0,1" hai="4,6,17,18,19,23,27,31" m="52311,35847" machi="27" ten="30,3900,0" yaku="8,1,52,1,54,1" doraHai="25" who="0" fromWho="1" sc="215,49,127,-39,307,0,341,0" /><INIT seed="6,0,0,4,4,90" ten="264,88,307,341" oya="2" hai0="78,77,59,27,17,92,1,86,120,30,57,10,15" hai1="28,49,69,111,70,44,101,82,14,98,67,46,53" hai2="34,71,80,29,74,130,54,129,25,99,72,0,114" hai3="40,61,18,88,97,121,37,108,96,93,51,73,125"/><V63/><F114/><W87/><G121/><T103/><D120/><U128/><E128/><N who="2" m="49259" /><F99/><W112/><G108/><T19/><D1/><U3/><E3/><V52/><F0/><W115/><G37/><T68/><D68/><U45/><E111/><V135/><F135/><W100/><G73/><N who="2" m="28265" /><F80/><W131/><G61/><T133/><D133/><U81/><E28/><V75/><N who="2" m="28273" /><V62/><DORA hai="106" /><F62/><W2/><G2/><T94/><D30/><U31/><E31/><V134/><F134/><W84/><G51/><T65/><D78/><U127/><E82/><V33/><F33/><W6/><G6/><T89/><D77/><U95/><E81/><V32/><F32/><W47/><G131/><T55/><D65/><AGARI ba="0,0" hai="25,29,34,52,54,63,65,71" m="28273,49259" machi="65" ten="50,18000,2" yaku="19,1,52,4,54,1" doraHai="90,106" who="2" fromWho="0" sc="264,-180,88,0,307,180,341,0" /><INIT seed="6,1,0,4,5,21" ten="84,88,487,341" oya="2" hai0="130,68,134,128,115,46,18,133,62,106,111,34,79" hai1="14,132,0,36,81,94,113,19,121,72,35,85,126" hai2="2,135,102,75,110,74,12,54,116,9,123,88,10" hai3="95,42,6,90,37,91,1,45,96,40,50,55,56"/><V71/><F102/><W125/><G125/><T66/><D106/><U100/><E0/><V23/><F71/><W32/><G32/><T30/><D111/><U29/><E36/><V64/><F64/><W17/><G42/><T63/><D79/><U33/><E72/><V57/><F123/><W8/><G17/><T67/><D115/><U20/><E132/><N who="0" m="50793" /><D18/><U107/><E107/><V77/><F116/><W22/><G22/><T59/><D46/><U127/><E113/><V73/><F77/><W109/><G109/><T119/><D119/><U49/><E121/><V27/><F2/><W103/><AGARI ba="1,0" hai="1,6,8,37,40,45,50,55,56,90,91,95,96,103" machi="103" ten="20,1500,0" yaku="0,1,7,1" doraHai="21" who="3" fromWho="3" sc="84,-5,88,-5,487,-8,341,18" /><INIT seed="7,0,0,1,5,52" ten="79,83,479,359" oya="3" hai0="5,3,27,51,16,37,120,45,62,22,103,25,70" hai1="93,84,17,63,65,53,71,1,40,30,123,119,55" hai2="128,135,47,43,122,23,91,111,0,134,15,129,87" hai3="49,106,54,88,130,110,74,96,100,8,56,19,31"/><W109/><G74/><T66/><D120/><U75/><E123/><V116/><F111/><W72/><G31/><T86/><D37/><U121/><E121/><V76/><F76/><W114/><G72/><T64/><D64/><U78/><E1/><V131/><F0/><W94/><G130/><T46/><D103/><U20/><E40/><V44/><F116/><W127/><G127/><T59/><D27/><U125/><E30/><V11/><F23/><W50/><G114/><T21/><D21/><U69/><E69/><V97/><F97/><W7/><G19/><T13/><D3/><U61/><E75/><V29/><F29/><W133/><G133/><N who="2" m="50697" /><F43/><W108/><G106/><T82/><D70/><U79/><E125/><V41/><F41/><W81/><G81/><T57/><D59/><N who="1" m="37055" /><E119/><V33/><F33/><W67/><G67/><T77/><D51/><U9/><E71/><V34/><F34/><W73/><G73/><T68/><D68/><U105/><E105/><V14/><F122/><W18/><G18/><N who="0" m="12503" /><D5/><U102/><E20/><V36/><F36/><W101/><REACH who="3" step="1"/><G49/><REACH who="3" ten="79,83,479,349" step="2"/><T95/><D95/><U113/><E93/><N who="2" m="54527" /><F15/><AGARI ba="0,1" hai="7,8,15,50,54,56,88,94,96,100,101,108,109,110" machi="15" ten="40,12000,1" yaku="1,1,10,1,52,1,54,1,53,0" doraHai="52" doraHaiUra="80" who="3" fromWho="2" sc="79,0,83,0,479,-120,349,130" owari="79,-42.0,83,-32.0,359,16.0,479,58.0" /></mjloggm>