<mjloggm ver="2.3"><GO type="41" lobby="0"/><UN n0="%E4%B8%8E%E7%A5%9E%E3%81%B2%E3%82%88" n1="%E4%B8%89%E9%99%B8%E6%B5%B7%E5%B2%B8" n2="%E3%81%A6%E3%82%93%E3%81%A4%E3%81%8F" n3="%E2%93%9D%53%75%70%68%78" dan="15,16,13,18" rate="1972.95,2033.51,1871.46,2094.28" sx="F,M,M,M"/><TAIKYOKU oya="0"/><INIT seed="0,0,0,1,2,23" ten="250,250,250,250" oya="0" hai0="95,130,16,115,86,79,37,134,27,71,8,20,46" hai1="18,81,69,132,135,17,92,109,101,3,4,78,103" hai2="110,42,10,112,36,34,41,102,120,43,124,108,56" hai3="64,65,57,48,68,129,9,73,127,44,96,67,74"/><T123/><D115/><U5/><E69/><V105/><F34/><W106/><G129/><T77/><D130/><U6/><E3/><V72/><F72/><W100/><G68/><T7/><D123/><U80/><E109/><V53/><F10/><W60/><G127/><T32/><D71/><U28/><E92/><V104/><F102/><N who="1" m="38921" /><E78/><V97/><F97/><W39/><G39/><T0/><D134/><N who="1" m="51243" /><E28/><V121/><F112/><W12/><G74/><T91/><REACH who="0" step="1"/><D32/><REACH who="0" ten="240,250,250,250" step="2"/><U11/><E11/><V13/><F36/><W75/><G9/><T26/><D26/><U70/><E70/><V61/><F121/><W38/><G38/><T1/><D1/><U119/><E119/><V33/><F33/><W19/><G12/><T58/><D58/><U25/><E25/><V131/><F120/><W51/><G57/><T118/><D118/><U88/><E88/><V111/><F131/><W22/><G100/><T59/><D59/><U47/><E47/><V90/><F124/><W128/><G44/><T62/><D62/><U94/><E94/><V45/><F45/><W35/><G60/><T83/><D83/><AGARI ba="0,1" hai="4,5,6,17,18,80,81,83" m="51243,38921" machi="83" ten="40,5200,0" yaku="28,2,20,1" doraHai="23" who="1" fromWho="0" sc="240,-52,250,62,250,0,250,0" /><INIT seed="1,0,0,3,0,79" ten="188,312,250,250" oya="1" hai0="12,110,116,18,54,62,43,2,52,68,45,77,29" hai1="104,75,42,74,80,85,135,109,70,134,28,26,99" hai2="50,27,120,37,63,38,48,73,30,40,11,41,35" hai3="8,33,60,78,1,16,95,130,86,4,105,82,23"/><U81/><E42/><V115/><F120/><W113/><G130/><T101/><D116/><U39/><E39/><V47/><F115/><W7/><G105/><T59/><D2/><U126/><E70/><V102/><F102/><W31/><G113/><T46/><D110/><U58/><E58/><V119/><F119/><W125/><G7/><T53/><D29/><U51/><E51/><V90/><F73/><W24/><G95/><T122/><D122/><U10/><E10/><V5/><F63/><W25/><REACH who="3" step="1"/><G60/><REACH who="3" ten="188,312,250,240" step="2"/><T61/><D61/><U57/><E109/><V13/><F90/><W36/><G36/><T129/><D129/><U66/><E126/><AGARI ba="0,1" hai="1,4,8,16,23,24,25,31,33,78,82,86,125,126" machi="126" ten="40,5200,0" yaku="1,1,52,1,54,1,53,0" doraHai="79" doraHaiUra="84" who="3" fromWho="1" sc="188,0,312,-52,250,0,240,62" /><INIT seed="2,0,0,1,0,111" ten="188,260,250,302" oya="2" hai0="49,94,11,44,28,1,77,102,22,133,76,50,68" hai1="115,121,9,131,61,20,42,29,83,16,0,87,74" hai2="2,58,66,85,97,8,33,120,57,37,38,125,118" hai3="104,132,36,91,18,109,62,6,25,40,47,60,101"/><V15/><F120/><W99/><G109/><T26/><D68/><U23/><E121/><V86/><F118/><W54/><G132/><T35/><D133/><U5/><E74/><V128/><F2/><W39/><G39/><T88/><D35/><U71/><E42/><V46/><F33/><W10/><G54/><T41/><D102/><U113/><E131/><V103/><F128/><W34/><G91/><T130/><D130/><U79/><E23/><V30/><F30/><W78/><G78/><T51/><D1/><U72/><E29/><V65/><F125/><W73/><G73/><T116/><D116/><U89/><E61/><V12/><F103/><W17/><G17/><T64/><D64/><U59/><E59/><V129/><F129/><W21/><REACH who="3" step="1"/><G34/><REACH who="3" ten="188,260,250,292" step="2"/><T53/><D11/><U32/><E32/><V43/><F8/><W56/><G56/><T126/><D126/><U93/><E71/><V14/><F97/><W82/><G82/><T13/><D53/><U105/><E105/><V119/><F119/><W4/><G4/><T45/><D76/><U95/><E95/><V123/><F123/><W124/><G124/><T122/><D77/><U75/><E75/><V90/><F90/><W107/><G107/><T98/><D122/><U63/><E63/><V84/><F38/><W31/><G31/><T127/><D127/><U19/><E19/><V92/><F92/><W100/><G100/><T80/><D80/><U135/><E135/><V52/><F58/><W110/><G110/><T70/><D28/><U69/><E69/><V55/><F57/><W7/><G7/><RYUUKYOKU ba="0,1" sc="188,-30,260,10,250,10,292,10" hai1="0,5,9,16,20,72,79,83,87,89,93,113,115" hai2="12,14,15,37,43,46,52,55,65,66,84,85,86" hai3="6,10,18,21,25,36,40,47,60,62,99,101,104" /><INIT seed="2,1,1,3,2,107" ten="158,270,260,302" oya="2" hai0="130,5,16,122,98,69,94,33,70,83,57,6,34" hai1="55,128,73,108,3,47,45,64,72,100,13,92,17" hai2="63,129,56,91,15,112,9,12,124,19,85,110,114" hai3="109,89,84,126,23,10,93,125,117,76,58,119,48"/><V133/><F133/><W81/><G23/><T127/><D122/><U121/><E3/><V22/><F129/><W43/><G10/><T24/><D130/><U37/><E128/><V87/><F87/><W65/><G43/><T53/><D127/><N who="3" m="48649" /><G48/><T8/><D69/><U111/><E64/><V44/><F44/><N who="1" m="16969" /><E55/><V11/><F124/><W66/><G109/><N who="1" m="42058" /><E37/><V59/><F110/><W116/><G58/><T77/><D70/><U120/><E100/><V1/><F1/><W32/><G32/><T102/><D33/><U95/><E92/><V113/><F22/><W21/><G21/><T54/><D34/><U74/><E95/><V99/><F63/><W7/><G7/><T39/><D39/><U30/><E30/><V132/><F132/><W42/><G42/><T71/><D71/><U25/><E25/><V131/><F131/><W51/><G51/><T38/><D24/><U68/><E68/><V75/><F75/><AGARI ba="1,1" hai="65,66,75,76,81,84,89,93,116,117,119" m="48649" machi="75" ten="40,2600,0" yaku="18,1,52,1" doraHai="107" who="3" fromWho="2" sc="158,0,270,0,260,-29,302,39" /><INIT seed="3,0,0,2,5,78" ten="158,270,231,341" oya="3" hai0="63,49,110,10,79,61,46,3,59,88,18,86,87" hai1="37,7,41,52,62,77,20,135,31,111,126,47,76" hai2="14,58,73,38,127,15,2,32,131,6,91,0,114" hai3="120,82,42,4,84,116,29,9,67,124,53,80,17"/><W125/><G116/><T13/><D110/><U113/><E113/><V39/><F114/><W96/><G120/><T48/><D3/><U93/><E111/><V8/><F32/><W95/><G42/><T75/><D75/><U112/><E112/><V65/><F73/><W92/><G67/><T85/><D79/><U70/><E126/><N who="3" m="48746" /><G29/><T134/><D134/><U133/><E7/><V68/><F68/><W89/><G17/><T98/><D48/><U30/><E93/><V99/><F127/><W19/><G19/><T128/><D128/><U100/><E100/><V24/><F24/><W107/><G53/><N who="0" m="29879" /><D98/><U25/><E31/><V12/><F2/><N who="3" m="151" /><G107/><T129/><D129/><U103/><E103/><AGARI ba="0,0" hai="80,82,84,89,92,95,96,103" m="151,48746" machi="103" ten="30,5800,0" yaku="18,1,52,2" doraHai="78" who="3" fromWho="1" sc="158,0,270,-58,231,0,341,58" /><INIT seed="3,1,0,3,0,19" ten="158,212,231,399" oya="3" hai0="32,102,134,21,74,51,15,113,123,132,13,80,39" hai1="79,124,118,70,84,52,25,115,18,69,130,0,105" hai2="3,83,10,36,129,117,87,26,66,126,56,101,89" hai3="114,63,77,31,68,42,45,5,127,92,55,125,27"/><W62/><G77/><T67/><D123/><U94/><E105/><V122/><F117/><W9/><G114/><T30/><D113/><U22/><E0/><V111/><F36/><W33/><G92/><T6/><D39/><U106/><E106/><V72/><F122/><W4/><G4/><T20/><D102/><U61/><E115/><V53/><F66/><W11/><G11/><T47/><D67/><U65/><E130/><V60/><F129/><W38/><G55/><T100/><D100/><U54/><E70/><V128/><F128/><W120/><G120/><T28/><D74/><U7/><E7/><V93/><F72/><W104/><G104/><T73/><D73/><U133/><E124/><N who="3" m="47690" /><G68/><T57/><D57/><U58/><E133/><N who="0" m="51305" /><D80/><U50/><E54/><V103/><F126/><W49/><G38/><T82/><D82/><U107/><E107/><V86/><F83/><W85/><G85/><T37/><D37/><U23/><E79/><V121/><F87/><W71/><G71/><T43/><D6/><U35/><E118/><V109/><F86/><W78/><G78/><T16/><D32/><U96/><E84/><V29/><F121/><W88/><G88/><T40/><D40/><U46/><E69/><V24/><F89/><W119/><G119/><T131/><D131/><U41/><E41/><V75/><F93/><W34/><G34/><T91/><D91/><N who="1" m="55391" /><E35/><V112/><F75/><W108/><G108/><T99/><D99/><U97/><E97/><V90/><F111/><W135/><G135/><T48/><D48/><U81/><E81/><V2/><F109/><RYUUKYOKU ba="1,0" sc="158,10,212,10,231,-30,399,10" hai0="13,15,16,20,21,28,30,43,47,51" hai1="18,22,23,25,46,50,52,58,61,65" hai3="5,9,27,31,33,42,45,49,62,63" /><INIT seed="3,2,0,3,2,23" ten="168,222,201,409" oya="3" hai0="64,2,53,92,32,95,98,97,51,65,118,24,121" hai1="39,104,72,4,78,113,26,79,48,103,33,77,107" hai2="59,114,76,5,1,62,86,36,102,49,42,22,123" hai3="61,93,34,132,125,50,52,87,38,127,80,25,105"/><W0/><G105/><T100/><D121/><U69/><E113/><V44/><F114/><W75/><G0/><T35/><D2/><U7/><E39/><V82/><F123/><W130/><G132/><T133/><D133/><U6/><E69/><V88/><F102/><W106/><G106/><T117/><D53/><U116/><E72/><V15/><F1/><W57/><G130/><T13/><D51/><U110/><E110/><V47/><F47/><W99/><G75/><T90/><D13/><U71/><E71/><V12/><F36/><W111/><G111/><T68/><D68/><U91/><E116/><V101/><F101/><W3/><G3/><T96/><D96/><U122/><E122/><V16/><F5/><W31/><G38/><T63/><D63/><U129/><E91/><V115/><F115/><W28/><G28/><T9/><D9/><U66/><E66/><N who="2" m="39263" /><F76/><W134/><G134/><T55/><D55/><U29/><E129/><V11/><F11/><W81/><G61/><T18/><D117/><U83/><E83/><V40/><F40/><W45/><G45/><T14/><D118/><U124/><E124/><N who="3" m="47690" /><G87/><T54/><D54/><U8/><E8/><V108/><F108/><W85/><G85/><T27/><D32/><U43/><REACH who="1" step="1"/><E103/><AGARI ba="2,0" hai="25,31,34,50,52,57,80,81,93,99,103" m="47690" machi="103" ten="30,5800,0" yaku="18,1,52,1,54,1" doraHai="23" who="3" fromWho="1" sc="168,0,222,-64,201,0,409,64" /><INIT seed="3,3,0,0,4,100" ten="168,158,201,473" oya="3" hai0="95,59,131,78,33,115,65,39,80,87,36,31,116" hai1="38,9,126,112,135,2,10,3,85,29,7,99,30" hai2="56,110,18,120,24,119,122,48,60,55,61,117,77" hai3="72,102,66,32,91,76,82,94,79,53,49,26,54"/><W92/><G66/><T70/><D116/><N who="2" m="44618" /><F77/><W22/><G32/><T71/><D115/><U106/><E112/><V132/><F18/><W74/><G102/><T5/><D5/><U17/><E38/><V16/><F132/><W25/><G49/><T109/><D109/><U84/><E126/><V44/><F110/><W67/><G67/><T12/><D12/><U129/><E135/><V121/><F44/><W69/><G91/><T105/><D95/><U107/><E129/><V64/><F64/><W0/><G22/><AGARI ba="3,0" hai="16,22,24,48,55,56,60,61,120,121,122" m="44618" machi="22" ten="40,2600,0" yaku="13,1,54,1" doraHai="100" who="2" fromWho="3" sc="168,0,158,0,201,35,473,-35" /><INIT seed="4,0,0,1,0,106" ten="168,158,236,438" oya="0" hai0="64,3,35,87,92,14,90,101,48,123,18,62,128" hai1="54,25,52,26,121,89,95,69,32,115,63,13,55" hai2="8,118,133,68,122,134,131,75,31,132,15,5,20" hai3="77,126,29,80,129,39,57,59,58,28,16,66,110"/><T7/><D128/><U91/><E121/><V37/><F37/><W65/><G110/><T71/><D123/><U2/><E2/><V78/><F122/><W127/><G16/><T124/><D124/><N who="3" m="47657" /><G39/><T50/><D35/><U107/><E107/><V19/><F68/><W17/><G17/><T53/><D3/><U85/><E115/><V46/><F46/><W135/><G135/><T36/><D36/><U112/><E112/><V72/><F78/><W94/><G94/><T108/><D108/><U119/><E119/><V56/><F118/><W79/><G79/><T6/><D101/><U125/><E125/><V83/><F83/><W86/><G129/><T102/><D102/><U84/><E13/><N who="2" m="5263" /><F131/><W4/><G4/><T9/><REACH who="0" step="1"/><D48/><REACH who="0" ten="158,158,236,438" step="2"/><U40/><E32/><V81/><F81/><W104/><G104/><T103/><D103/><U30/><E30/><AGARI ba="0,1" hai="28,29,30,57,58,59,65,66,77,80,86" m="47657" machi="30" ten="30,1000,0" yaku="18,1" doraHai="106" who="3" fromWho="1" sc="158,0,158,-10,236,0,438,20" /><INIT seed="5,0,0,1,1,64" ten="158,148,236,458" oya="1" hai0="9,73,107,128,67,44,7,121,124,0,79,114,118" hai1="60,76,129,89,68,127,36,20,33,86,117,65,120" hai2="87,4,131,112,28,18,91,14,10,93,6,43,69" hai3="23,74,27,26,50,133,42,32,77,35,102,113,132"/><U19/><E33/><V12/><F131/><W30/><G113/><T13/><D118/><U54/><E117/><V52/><F43/><W106/><G102/><T103/><D114/><U75/><E120/><V110/><F110/><W72/><G106/><T66/><D121/><U84/><E36/><V134/><F112/><W90/><G90/><T82/><D128/><U57/><E129/><V49/><F28/><W40/><G50/><T62/><D124/><U45/><E45/><V104/><F104/><W95/><G95/><T63/><D44/><U98/><E127/><V39/><F39/><W21/><G77/><T1/><D103/><U78/><E75/><V29/><F29/><AGARI ba="0,0" hai="21,23,26,27,29,30,32,35,40,42,72,74,132,133" machi="29" ten="25,1600,0" yaku="22,2" doraHai="64" who="3" fromWho="2" sc="158,0,148,0,236,-16,458,16" /><INIT seed="6,0,0,4,0,127" ten="158,148,220,474" oya="2" hai0="17,78,72,79,114,55,124,92,125,83,24,135,10" hai1="52,102,84,20,120,85,96,23,115,101,116,21,63" hai2="126,34,50,110,41,37,44,48,100,49,129,3,122" hai3="103,91,18,118,133,67,98,56,106,27,70,113,90"/><V104/><F3/><W60/><G113/><T31/><D114/><U51/><E116/><V9/><F34/><W43/><G133/><T13/><D135/><U32/><E32/><V66/><F9/><W58/><G43/><T87/><D55/><U121/><E63/><V12/><F12/><W42/><G42/><T119/><D119/><U29/><E29/><V94/><F104/><W25/><G118/><T89/><REACH who="0" step="1"/><D78/><REACH who="0" ten="148,148,220,474" step="2"/><U61/><E115/><V14/><F122/><N who="1" m="47209" /><E61/><V11/><F66/><W6/><G60/><T65/><D65/><U74/><E74/><V7/><F110/><W19/><G67/><T93/><D93/><N who="1" m="58511" /><E102/><V107/><F107/><W26/><G103/><T109/><D109/><U80/><E80/><V45/><F126/><W88/><G106/><T132/><D132/><U128/><E128/><V71/><F71/><W69/><G69/><T0/><D0/><U130/><E130/><V54/><REACH who="2" step="1"/><F129/><REACH who="2" ten="148,148,210,474" step="2"/><W46/><G70/><T108/><D108/><U47/><AGARI ba="0,2" hai="20,21,23,47,51,52,84,85" m="58511,47209" machi="47" ten="30,2000,0" yaku="13,1,54,1" doraHai="127" who="1" fromWho="1" sc="148,-5,148,40,210,-10,474,-5" /><INIT seed="7,0,0,4,0,91" ten="143,188,200,469" oya="3" hai0="119,18,48,55,0,99,44,74,37,63,45,84,108" hai1="22,73,76,114,6,105,26,111,51,56,29,109,131" hai2="15,11,97,21,116,40,124,133,96,120,34,129,66" hai3="50,81,53,16,67,42,103,112,54,127,107,113,115"/><W47/><G127/><T72/><D108/><U90/><E105/><V110/><F110/><W123/><G123/><T57/><D119/><U23/><E114/><V83/><F116/><W41/><G67/><T128/><D0/><U94/><E131/><V5/><F120/><W132/><G132/><T104/><D128/><U93/><E73/><V98/><F34/><W25/><G81/><T14/><D104/><U17/><E76/><V19/><F129/><W61/><G103/><T68/><D44/><U52/><E6/><V28/><F133/><W78/><G107/><T27/><D27/><U33/><E94/><V30/><F124/><W130/><G78/><T80/><D99/><U118/><E118/><V46/><F66/><W49/><G61/><T89/><D37/><U126/><E126/><V77/><F77/><W95/><G95/><T38/><D38/><U65/><E65/><V9/><F83/><W59/><G130/><T135/><D68/><U70/><E70/><V134/><F134/><W36/><G36/><T125/><D125/><U7/><E7/><V4/><F4/><W13/><G25/><T31/><D135/><U64/><E64/><V71/><F71/><W60/><G60/><T86/><D31/><N who="2" m="11818" /><F5/><W85/><G85/><T106/><D84/><N who="1" m="52423" /><E33/><V117/><F117/><W32/><G32/><T24/><D106/><U62/><E62/><V10/><F46/><W69/><G69/><T121/><D45/><U2/><E2/><V35/><F35/><W82/><G82/><T58/><D18/><U122/><E122/><V3/><F3/><W8/><AGARI ba="0,0" hai="8,13,16,41,42,47,49,50,53,54,59,112,113,115" machi="8" ten="30,11700,0" yaku="5,1,0,1,15,1,54,1" doraHai="91" who="3" fromWho="3" sc="143,-39,188,-39,200,-39,469,117" owari="104,-40.0,149,-25.0,161,-4.0,586,69.0" /></mjloggm>