<mjloggm ver="2.3"><GO type="41" lobby="0"/><UN n0="%E3%83%8A%E3%82%A4%E3%83%88%EF%BC%92%EF%BC%90%EF%BC%90%EF%BC%90" n1="%33%31%37%33%32%30" n2="%E3%81%B5%E3%81%98%E3%81%BF%E3%82%84%E3%81%B2%E3%82%8D%E3%82%84" n3="%E2%93%9D%53%75%70%68%78" dan="14,13,14,18" rate="1863.51,1861.15,2014.95,2093.75" sx="M,M,M,M"/><TAIKYOKU oya="0"/><INIT seed="0,0,0,1,2,76" ten="250,250,250,250" oya="0" hai0="61,53,52,127,10,104,16,47,31,37,126,35,25" hai1="30,40,95,123,98,19,125,55,122,83,77,69,110" hai2="124,66,96,89,105,0,88,74,67,111,32,91,99" hai3="81,17,54,87,132,73,100,107,108,43,118,51,1"/><T29/><D104/><U28/><E125/><N who="0" m="47625" /><D53/><U15/><E110/><V133/><F0/><W64/><G132/><T36/><D31/><U65/><E40/><V13/><F32/><W45/><G73/><T5/><D5/><U41/><E41/><V94/><F111/><W3/><G118/><T33/><D33/><U71/><E55/><V97/><F124/><W92/><G107/><T106/><D106/><U116/><E116/><V60/><F74/><W102/><G64/><T38/><D47/><U101/><E122/><V27/><F133/><W135/><G108/><T90/><D90/><U20/><E123/><V121/><F67/><W24/><G3/><T114/><D114/><U84/><E65/><V86/><F105/><W49/><G1/><T50/><D50/><U22/><REACH who="1" step="1"/><E20/><REACH who="1" ten="250,240,250,250" step="2"/><V4/><F121/><W79/><G135/><T39/><N who="0" m="9216" /><DORA hai="9" /><T62/><D52/><U59/><E59/><V26/><F66/><W8/><G54/><T23/><D10/><U11/><E11/><N who="2" m="4327" /><F60/><W48/><G8/><T119/><D119/><U115/><E115/><V44/><F44/><W42/><G42/><T57/><D57/><U80/><E80/><V2/><F2/><W14/><G45/><T70/><D70/><AGARI ba="0,1" hai="15,19,22,28,30,69,70,71,77,83,84,95,98,101" machi="70" ten="40,5200,0" yaku="1,1,52,2,53,0" doraHai="76,9" doraHaiUra="120,128" who="1" fromWho="0" sc="250,-52,240,62,250,0,250,0" /><INIT seed="1,0,0,5,3,80" ten="198,302,250,250" oya="1" hai0="78,91,87,70,133,114,29,123,107,103,115,119,47" hai1="5,127,56,108,41,42,27,9,50,86,1,25,111" hai2="4,112,90,99,75,131,92,81,59,64,34,53,49" hai3="30,126,39,76,38,69,73,19,22,32,7,71,21"/><U65/><E127/><V88/><F131/><W121/><G121/><T11/><D70/><U122/><E122/><V28/><F112/><W104/><G7/><T20/><D123/><U18/><E65/><V97/><F34/><W24/><G104/><T120/><D120/><U23/><E27/><V44/><F28/><W8/><G8/><T118/><D29/><U54/><REACH who="1" step="1"/><E86/><REACH who="1" ten="198,292,250,250" step="2"/><N who="2" m="50511" /><F75/><W106/><G73/><T16/><D115/><U79/><E79/><V94/><F4/><W95/><G76/><T45/><D78/><U40/><AGARI ba="0,1" hai="1,5,9,18,23,25,40,41,42,50,54,56,108,111" machi="40" ten="30,6000,0" yaku="1,1,0,1,53,1" doraHai="80" doraHaiUra="55" who="1" fromWho="1" sc="198,-20,292,70,250,-20,250,-20" /><INIT seed="1,1,0,4,0,30" ten="178,362,230,230" oya="1" hai0="114,52,13,44,33,75,88,29,117,101,132,54,65" hai1="41,51,124,79,68,116,39,32,100,84,59,2,58" hai2="8,26,99,31,82,61,74,77,115,60,49,67,34" hai3="76,106,86,25,134,9,62,73,63,80,92,21,4"/><U103/><E2/><V5/><F115/><W35/><G106/><T112/><D75/><U70/><E32/><V55/><F99/><W125/><G134/><T66/><D117/><U97/><E39/><V56/><REACH who="2" step="1"/><F67/><REACH who="2" ten="178,362,220,230" step="2"/><W16/><G125/><T1/><D114/><U133/><E124/><V22/><F22/><W19/><G35/><T69/><D112/><U128/><E97/><V20/><F20/><W10/><G73/><T94/><D66/><U85/><E116/><V17/><F17/><W129/><G129/><T40/><D132/><U3/><E128/><V64/><F64/><W108/><G108/><T71/><D65/><U113/><E113/><V127/><F127/><W47/><G19/><T83/><D69/><U46/><E133/><V95/><F95/><W102/><G92/><T122/><D71/><U28/><E68/><V91/><F91/><W0/><G102/><T11/><D101/><U36/><E70/><V53/><F53/><W104/><G104/><T78/><D83/><U135/><E135/><V121/><F121/><W38/><REACH who="3" step="1"/><G10/><REACH who="3" ten="178,362,220,220" step="2"/><T126/><D122/><U14/><E100/><V23/><F23/><W111/><G111/><T42/><D11/><U107/><E103/><V43/><F43/><AGARI ba="1,2" hai="0,4,9,16,21,25,38,43,47,62,63,76,80,86" machi="43" ten="40,8000,1" yaku="1,1,54,1,53,2" doraHai="30" doraHaiUra="57" who="3" fromWho="2" sc="178,0,362,0,220,-83,220,103" /><INIT seed="2,0,0,3,2,8" ten="178,362,137,323" oya="2" hai0="43,93,57,79,9,29,96,75,109,91,30,106,110" hai1="129,118,133,61,111,0,73,117,76,122,89,4,13" hai2="7,124,42,16,131,67,12,11,85,69,105,134,83" hai3="22,92,35,101,5,14,72,33,28,48,40,120,97"/><V51/><F105/><W41/><G72/><T80/><D43/><U94/><E61/><V10/><F124/><W135/><G135/><T86/><D57/><U127/><E111/><V102/><F134/><W81/><G120/><T38/><D38/><U54/><E127/><V23/><F102/><W31/><G35/><T2/><D2/><U17/><E4/><V32/><F32/><W95/><G81/><T52/><D52/><U3/><E129/><V27/><F131/><W50/><G33/><T123/><D123/><U56/><E133/><V74/><F74/><W53/><G95/><T99/><D9/><U46/><E46/><N who="2" m="26071" /><F69/><W132/><G132/><T115/><D30/><N who="3" m="11305" /><G50/><T88/><D29/><U119/><E76/><N who="2" m="46311" /><F11/><N who="3" m="4463" /><G22/><T20/><D20/><U107/><E107/><V130/><F130/><W19/><G19/><T82/><REACH who="0" step="1"/><D115/><REACH who="0" ten="168,362,137,323" step="2"/><U60/><E122/><V18/><F67/><W70/><G70/><T47/><D47/><AGARI ba="0,1" hai="40,41,47,48,53,92,97,101" m="4463,11305" machi="47" ten="30,2000,0" yaku="8,1,52,1" doraHai="8" who="3" fromWho="0" sc="168,-20,362,0,137,0,323,30" /><INIT seed="3,0,0,2,0,122" ten="148,362,137,353" oya="3" hai0="79,33,28,48,26,9,8,66,106,54,62,27,40" hai1="129,49,44,0,13,6,96,108,21,99,14,94,65" hai2="114,42,135,38,57,101,117,121,133,98,103,102,18" hai3="16,34,128,124,17,70,119,111,61,39,19,95,1"/><W52/><G119/><T81/><D106/><U32/><E32/><V127/><F117/><W7/><G39/><T107/><D107/><U36/><E36/><V20/><F114/><W92/><G34/><T84/><D40/><U60/><E99/><V45/><F121/><W130/><G124/><T29/><D62/><U126/><E126/><V35/><F35/><W37/><G37/><T59/><D66/><U46/><E0/><V86/><F86/><W82/><G82/><T115/><D115/><U4/><E46/><V55/><F127/><W23/><G23/><AGARI ba="0,0" hai="8,9,23,26,27,28,29,33,48,54,59,79,81,84" machi="23" ten="30,1000,0" yaku="7,1" doraHai="122" who="0" fromWho="3" sc="148,10,362,0,137,0,353,-10" /><INIT seed="4,0,0,1,3,131" ten="158,362,137,343" oya="0" hai0="58,43,126,8,133,127,2,69,62,37,9,67,73" hai1="132,110,81,100,97,94,26,41,105,49,29,20,22" hai2="80,122,25,121,118,61,130,88,5,52,35,47,128" hai3="28,16,63,34,6,77,99,1,124,72,7,125,60"/><T19/><D73/><U98/><E110/><V103/><F5/><W135/><G28/><T13/><D2/><U66/><E66/><V33/><F103/><W59/><G34/><N who="2" m="12809" /><F25/><W4/><G99/><T46/><D8/><U111/><E111/><V116/><F80/><W18/><G1/><T51/><REACH who="0" step="1"/><D133/><REACH who="0" ten="148,362,137,343" step="2"/><U68/><E132/><V75/><F75/><W85/><G72/><T23/><D23/><U10/><E10/><V86/><F122/><W44/><G135/><T14/><D14/><U21/><E21/><V129/><F121/><W92/><G125/><T12/><D12/><U115/><E20/><V102/><F102/><W48/><G124/><T24/><D24/><U27/><E27/><V11/><F11/><W87/><G7/><T82/><D82/><U134/><E134/><V15/><F15/><W55/><G6/><T107/><D107/><U113/><E105/><V40/><F118/><W104/><G104/><T45/><D45/><U108/><E81/><N who="2" m="49231" /><F116/><W93/><G4/><T53/><AGARI ba="0,1" hai="9,13,19,37,43,46,51,53,58,62,67,69,126,127" machi="53" ten="30,11700,0" yaku="1,1,0,1,24,2,53,0" doraHai="131" doraHaiUra="74" who="0" fromWho="0" sc="148,127,362,-39,137,-39,343,-39" /><INIT seed="4,1,0,0,1,117" ten="275,323,98,304" oya="0" hai0="64,53,60,112,111,41,7,118,89,82,25,30,119" hai1="107,88,59,125,10,38,4,31,116,55,27,92,131" hai2="44,113,90,5,62,124,58,74,6,65,48,79,24" hai3="52,56,122,132,97,37,103,19,1,115,70,21,49"/><T68/><D7/><U134/><E116/><V109/><F109/><W36/><G115/><T135/><D112/><U47/><E107/><V94/><F124/><W14/><G70/><T130/><D111/><U101/><E101/><V87/><F113/><W80/><G132/><T81/><D135/><U72/><E72/><V83/><REACH who="2" step="1"/><F24/><REACH who="2" ten="275,323,88,304" step="2"/><W95/><G1/><T76/><D119/><U35/><E125/><V75/><F75/><W23/><G122/><T106/><D118/><U61/><E134/><V71/><F71/><W105/><G105/><T17/><D106/><U91/><E131/><V121/><F121/><W98/><G98/><T99/><D99/><U11/><E38/><V18/><F18/><W133/><G133/><T50/><D17/><U34/><E4/><V2/><F2/><W20/><REACH who="3" step="1"/><G80/><REACH who="3" ten="275,323,88,294" step="2"/><T29/><D82/><U114/><E114/><V12/><F12/><W104/><G104/><T67/><D81/><U15/><E15/><V126/><F126/><W13/><G13/><T128/><D128/><U54/><E92/><V0/><F0/><W22/><AGARI ba="1,2" hai="14,19,20,21,22,23,36,37,49,52,56,95,97,103" machi="22" ten="30,4000,0" yaku="1,1,0,1,54,1,53,0" doraHai="117" doraHaiUra="43" who="3" fromWho="3" sc="275,-21,323,-11,88,-11,294,63" /><INIT seed="5,0,0,4,2,86" ten="254,312,77,357" oya="1" hai0="80,108,76,35,11,0,21,135,13,112,12,15,100" hai1="77,79,25,123,20,83,71,43,36,45,104,44,87" hai2="57,33,52,50,65,29,54,97,70,120,98,96,58" hai3="85,119,133,124,129,66,72,27,61,46,34,28,38"/><U107/><E71/><V127/><F127/><W39/><G72/><T122/><D108/><U113/><E123/><V41/><F120/><W22/><G129/><T16/><D112/><U126/><E126/><V118/><F118/><W23/><G133/><T19/><D100/><U89/><E113/><V130/><F130/><W42/><G39/><T99/><D135/><U106/><REACH who="1" step="1"/><E45/><REACH who="1" ten="254,302,77,357" step="2"/><V93/><F70/><W3/><G46/><T31/><D122/><U74/><E74/><V32/><F41/><W1/><G42/><T7/><D99/><U40/><E40/><V8/><F97/><W6/><G124/><T125/><D125/><U63/><E63/><V53/><F96/><W62/><G62/><T82/><D82/><U90/><E90/><V67/><F58/><W48/><G61/><T105/><D80/><U121/><E121/><V60/><F60/><W110/><G119/><T26/><D76/><U132/><E132/><V5/><F57/><W115/><G115/><T2/><D105/><U81/><E81/><V78/><F78/><W134/><G134/><T95/><D95/><U92/><E92/><V117/><F117/><W10/><G66/><T56/><D56/><U47/><E47/><N who="2" m="27743" /><F65/><W4/><G85/><T131/><D131/><U59/><E59/><V111/><F67/><W102/><G102/><T30/><D30/><AGARI ba="0,1" hai="20,25,30,36,43,44,77,79,83,87,89,104,106,107" machi="30" ten="40,12000,1" yaku="1,1,52,1,53,2" doraHai="86" doraHaiUra="73" who="1" fromWho="0" sc="254,-120,302,130,77,0,357,0" /><INIT seed="5,1,0,5,4,32" ten="134,432,77,357" oya="1" hai0="69,108,107,89,10,92,128,38,67,50,71,122,121" hai1="0,42,20,33,109,48,82,72,57,47,80,74,96" hai2="53,3,60,119,30,36,49,23,98,34,73,123,28" hai3="78,85,91,127,112,16,22,104,39,13,101,94,105"/><U45/><E33/><V79/><F119/><W24/><G112/><T65/><D107/><U68/><E68/><N who="0" m="26185" /><D10/><U61/><E109/><V77/><F36/><W9/><G127/><T31/><D31/><U76/><E0/><V129/><F60/><W131/><G131/><T75/><D75/><U25/><E47/><V44/><F34/><W19/><G39/><T70/><D89/><U133/><E133/><V26/><F123/><N who="0" m="47114" /><D92/><U17/><E80/><V83/><F129/><W18/><G78/><T1/><D1/><U95/><E76/><V59/><F28/><W86/><G101/><T106/><D106/><U99/><E82/><V135/><F135/><W125/><G125/><T115/><D128/><U114/><E114/><V87/><F73/><W130/><G130/><T15/><D15/><U124/><E124/><V5/><F98/><W4/><REACH who="3" step="1"/><G86/><REACH who="3" ten="134,432,77,347" step="2"/><T134/><D115/><U8/><E74/><V21/><F77/><W64/><G64/><N who="0" m="24651" /><D108/><U66/><E72/><V40/><F87/><W56/><G56/><T6/><D134/><U93/><E99/><V111/><F111/><W55/><G55/><T120/><D120/><U46/><E96/><V84/><F53/><W43/><G43/><T2/><D38/><U90/><E90/><V88/><F59/><W12/><G12/><T54/><D70/><U81/><E66/><V100/><F100/><W97/><G97/><T41/><D41/><U62/><E57/><V51/><F79/><W35/><G35/><T118/><D2/><U63/><E42/><V117/><F84/><W37/><G37/><T113/><D113/><RYUUKYOKU ba="1,1" sc="134,-10,432,-10,77,-10,347,30" hai3="4,9,13,16,18,19,22,24,85,91,94,104,105" /><INIT seed="6,2,1,5,5,4" ten="124,422,67,377" oya="2" hai0="93,7,130,73,37,55,16,75,53,38,66,84,25" hai1="108,118,112,91,83,109,10,19,132,23,70,131,86" hai2="50,80,5,13,99,31,51,6,72,30,107,33,76" hai3="36,117,26,135,63,133,28,103,57,85,98,47,54"/><V41/><F5/><W1/><G117/><T128/><D66/><U90/><E112/><V124/><F124/><W14/><G1/><T88/><D7/><U105/><E118/><V35/><F31/><W111/><G85/><T11/><D55/><U126/><E105/><V18/><F6/><W0/><G0/><T81/><D53/><U68/><E132/><N who="3" m="50762" /><G14/><N who="0" m="7263" /><D25/><U56/><E131/><N who="0" m="50217" /><D81/><U122/><E122/><V127/><F127/><W3/><G3/><T32/><D32/><U52/><E68/><V78/><F78/><W129/><G129/><T15/><D15/><U2/><E70/><V12/><F12/><W43/><G26/><T110/><D110/><U62/><E126/><V21/><F30/><W120/><G28/><T61/><D61/><U101/><E108/><V58/><F58/><W100/><G111/><T89/><D89/><U27/><E109/><V71/><F71/><W106/><G103/><T20/><D20/><U34/><E101/><V121/><F121/><AGARI ba="2,1" hai="36,43,47,54,57,63,98,100,106,120,121" m="50762" machi="121" ten="30,1000,0" yaku="20,1" doraHai="4" who="3" fromWho="2" sc="124,0,422,0,67,-16,377,26" /><INIT seed="7,0,0,5,0,64" ten="124,422,51,403" oya="3" hai0="40,53,128,5,75,81,7,85,57,69,126,115,131" hai1="103,46,18,119,13,29,22,52,4,38,9,30,27" hai2="121,45,95,79,41,118,2,73,72,90,99,134,39" hai3="107,62,125,133,19,83,92,55,91,43,101,16,26"/><W89/><G107/><T112/><D69/><U96/><E119/><V17/><F118/><W56/><G125/><T47/><D75/><U65/><E65/><V42/><F42/><W58/><G133/><T130/><D126/><U11/><E11/><V93/><F134/><W8/><G43/><T100/><D100/><U54/><E38/><V21/><F121/><W129/><G129/><T66/><D66/><U59/><E46/><V82/><F72/><W76/><G58/><T37/><D85/><U108/><E108/><V117/><F117/><W116/><G116/><T3/><D81/><U97/><E103/><V0/><F90/><W106/><G106/><T63/><D3/><U6/><E6/><AGARI ba="0,0" hai="5,6,7,37,40,47,53,57,63,112,115,128,130,131" machi="6" ten="50,1600,0" yaku="19,1" doraHai="64" who="0" fromWho="1" sc="124,16,422,-16,51,0,403,0" owari="140,-26.0,406,51.0,51,-45.0,403,20.0" /></mjloggm>