<mjloggm ver="2.3"><GO type="41" lobby="0"/><UN n0="%E3%81%AA%E3%81%86%E3%81%8A%E3%82%93%E3%81%9B%E3%83%BC%E3%82%8B" n1="%4E%65%4E%65%6D%65" n2="%E6%AE%B2%E6%98%9F%E8%89%A6%E5%B1%B1%E5%9F%8E%E6%94%B9%E4%BA%8C" n3="%E2%93%9D%53%75%70%68%78" dan="13,16,15,18" rate="1991.66,2100.13,2040.59,2157.59" sx="M,F,M,M"/><TAIKYOKU oya="0"/><INIT seed="0,0,0,1,0,99" ten="250,250,250,250" oya="0" hai0="118,36,75,30,110,67,8,6,20,3,56,121,39" hai1="80,9,50,92,68,131,59,84,42,102,86,38,114" hai2="2,98,107,49,58,55,57,94,81,61,124,53,5" hai3="82,18,17,87,89,111,44,115,112,32,62,22,77"/><T103/><D75/><U48/><E68/><V119/><F119/><W116/><G116/><T72/><D72/><U15/><E131/><V74/><F107/><W79/><G32/><T43/><D43/><U34/><E34/><V65/><F124/><W27/><G111/><T135/><D118/><U46/><E114/><V133/><F133/><W19/><G115/><T31/><D135/><U23/><E23/><V24/><F74/><W128/><G128/><T45/><D45/><U33/><E33/><V96/><F81/><W129/><G129/><T70/><D70/><U41/><E59/><V120/><F120/><W91/><G62/><T60/><D121/><U108/><E108/><V66/><F98/><W26/><G112/><T69/><D69/><U52/><E48/><V40/><F40/><N who="1" m="15465" /><E38/><V132/><F132/><W12/><G44/><T101/><D110/><U64/><E64/><V109/><F109/><W28/><G27/><T104/><D104/><U95/><E102/><N who="0" m="38921" /><D20/><U7/><E84/><V90/><F2/><W63/><G87/><T1/><D1/><U106/><E106/><V37/><F37/><W78/><G22/><T10/><D10/><U25/><E25/><V85/><F24/><W134/><G26/><T130/><D130/><U0/><E0/><V125/><F125/><W127/><G134/><T117/><D117/><U93/><E93/><V105/><F105/><W88/><G127/><T16/><D16/><U76/><AGARI ba="0,0" hai="7,9,15,46,50,52,76,80,86,92,95" m="15465" machi="76" ten="30,2000,0" yaku="8,1,54,1" doraHai="99" who="1" fromWho="1" sc="250,-10,250,20,250,-5,250,-5" /><INIT seed="1,0,0,3,5,4" ten="240,270,245,245" oya="1" hai0="68,119,83,43,106,113,91,66,16,121,110,24,86" hai1="52,114,58,7,45,88,65,34,77,100,73,29,61" hai2="15,30,1,56,35,59,11,131,12,17,23,74,53" hai3="80,10,89,132,105,2,122,69,120,95,90,72,25"/><U47/><E114/><V124/><F74/><W93/><G69/><T8/><D113/><U71/><E100/><V9/><F131/><W41/><G25/><T6/><D119/><U46/><E29/><V133/><F133/><W31/><G41/><T13/><D121/><U94/><E34/><V134/><F134/><W19/><G31/><T70/><D106/><U99/><E7/><N who="2" m="1263" /><F124/><W87/><G2/><T44/><D66/><U127/><E127/><V3/><F53/><W92/><G19/><T33/><D33/><U82/><REACH who="1" step="1"/><E45/><REACH who="1" ten="240,260,245,245" step="2"/><V103/><F103/><W55/><G132/><T126/><D126/><U50/><AGARI ba="0,1" hai="46,47,50,52,58,61,65,71,73,77,82,88,94,99" machi="50" ten="20,18000,2" yaku="1,1,2,1,0,1,7,1,54,2,53,1" doraHai="4" doraHaiUra="63" who="1" fromWho="1" sc="240,-60,260,190,245,-60,245,-60" /><INIT seed="1,1,0,0,3,40" ten="180,450,185,185" oya="1" hai0="5,126,105,65,125,43,29,27,102,95,32,71,90" hai1="124,6,134,61,66,73,92,64,88,44,50,93,54" hai2="58,3,42,98,74,110,48,21,52,76,86,100,59" hai3="7,25,17,8,34,26,85,19,109,118,63,115,117"/><U91/><E73/><V57/><F3/><W114/><G63/><N who="0" m="40383" /><D90/><N who="1" m="34347" /><E134/><V53/><F74/><W133/><G85/><T16/><D95/><N who="1" m="36427" /><E124/><N who="0" m="47721" /><D16/><N who="3" m="6217" /><G109/><T128/><D5/><U47/><E6/><V41/><F110/><W120/><G120/><T129/><D43/><N who="2" m="16394" /><F21/><W130/><G130/><N who="0" m="50283" /><D102/><U104/><E64/><V28/><F28/><N who="3" m="19727" /><G133/><T20/><D105/><U38/><E38/><V68/><F68/><W56/><G26/><T111/><D20/><U72/><E72/><V51/><F100/><W13/><G56/><T99/><D99/><U36/><E104/><V33/><F33/><W67/><G67/><T1/><D1/><U10/><E10/><V55/><F98/><W24/><G24/><T123/><D123/><U84/><E84/><V103/><F103/><W39/><G39/><T96/><D96/><U122/><E122/><V112/><F112/><AGARI ba="1,0" hai="7,8,13,112,114,115,117,118" m="19727,6217" machi="112" ten="30,3900,0" yaku="34,2,54,1" doraHai="40" who="3" fromWho="2" sc="180,0,450,0,185,-42,185,42" /><INIT seed="2,0,0,4,0,83" ten="180,450,143,227" oya="2" hai0="95,64,115,18,106,65,7,67,109,8,10,68,80" hai1="70,122,44,98,5,28,102,66,2,40,3,110,128" hai2="21,57,71,108,101,36,32,33,127,99,14,61,112" hai3="49,46,131,17,26,111,120,31,129,121,63,117,15"/><V19/><F112/><W85/><G63/><T29/><D109/><U30/><E110/><V113/><F113/><W27/><G111/><T92/><D106/><U62/><E128/><N who="3" m="49226" /><G117/><T82/><D115/><U104/><E122/><N who="3" m="47210" /><G31/><T72/><D68/><U6/><E5/><V4/><F108/><W12/><G85/><T20/><D29/><U25/><E6/><V135/><F71/><W116/><G116/><T126/><D126/><U93/><E93/><N who="0" m="35913" /><D72/><U75/><E75/><V123/><F123/><W60/><G60/><T24/><D7/><U42/><E28/><V107/><F127/><W103/><G103/><T22/><D20/><U48/><E40/><V55/><F36/><W124/><G15/><T84/><D82/><U52/><E42/><V96/><F135/><W134/><G134/><T79/><AGARI ba="0,0" hai="8,10,18,22,24,64,65,67,79,80,84" m="35913" machi="79" ten="30,2000,0" yaku="8,1,52,1" doraHai="83" who="0" fromWho="0" sc="180,20,450,-5,143,-10,227,-5" /><INIT seed="3,0,0,2,5,39" ten="200,445,133,222" oya="3" hai0="15,34,65,101,11,127,36,83,112,92,23,28,94" hai1="32,74,40,110,9,16,61,27,47,37,72,123,66" hai2="91,131,119,2,52,95,76,30,98,22,0,118,3" hai3="53,135,117,89,33,45,134,24,107,43,96,126,109"/><W99/><G117/><T88/><D36/><U86/><E110/><V25/><F131/><W129/><G53/><T38/><D38/><U26/><E123/><V104/><F104/><W12/><G126/><T121/><D121/><U5/><E27/><V106/><F106/><W122/><G122/><T54/><D127/><U6/><E6/><V49/><REACH who="2" step="1"/><F76/><REACH who="2" ten="200,445,123,222" step="2"/><W100/><G129/><T57/><D34/><U113/><E32/><V46/><AGARI ba="0,1" hai="0,2,3,22,25,30,46,49,52,91,95,98,118,119" machi="46" ten="30,7900,0" yaku="1,1,2,1,0,1,54,1,53,0" doraHai="39" doraHaiUra="58" who="2" fromWho="2" sc="200,-20,445,-20,123,89,222,-39" /><INIT seed="4,0,0,3,4,46" ten="180,425,212,183" oya="0" hai0="132,101,47,129,66,120,119,118,8,77,61,7,115" hai1="80,54,131,57,33,86,0,43,6,97,24,35,39" hai2="82,105,34,63,93,56,65,41,9,114,79,48,29" hai3="126,102,12,18,90,109,106,36,110,113,5,45,122"/><T111/><D101/><U94/><E131/><V75/><F105/><W127/><G90/><T117/><D129/><U40/><E0/><V28/><F114/><W25/><G102/><T112/><D7/><U38/><E6/><V73/><F73/><W23/><G106/><T53/><D8/><U87/><E24/><V128/><F128/><W30/><G45/><T76/><D120/><U21/><E21/><V130/><F130/><W83/><G83/><T133/><D111/><N who="3" m="42505" /><G36/><T62/><D76/><U85/><E80/><V20/><F34/><N who="1" m="12809" /><E57/><V78/><F78/><W69/><G69/><N who="0" m="42191" /><D77/><U55/><E97/><V4/><F93/><W84/><G84/><T68/><D68/><U59/><E59/><V92/><F92/><W42/><G122/><T26/><D26/><U58/><E58/><V50/><F50/><W104/><G104/><T89/><D89/><U88/><E94/><V108/><F108/><W103/><G103/><T49/><D62/><U37/><E88/><V98/><F98/><W17/><G5/><T2/><D2/><U64/><E64/><V27/><F41/><AGARI ba="0,0" hai="37,38,39,40,41,43,54,55,85,86,87" m="12809" machi="41" ten="40,2600,0" yaku="28,2" doraHai="46" who="1" fromWho="2" sc="180,0,425,26,212,-26,183,0" /><INIT seed="5,0,0,0,0,63" ten="180,451,186,183" oya="1" hai0="49,53,68,27,10,16,78,14,133,67,80,3,122" hai1="74,76,118,18,86,73,84,48,113,89,93,9,100" hai2="31,37,120,22,125,40,17,102,111,88,42,56,19" hai3="87,124,119,75,103,64,8,25,52,1,51,90,13"/><U43/><E118/><V77/><F120/><W47/><G75/><T12/><D3/><U117/><E117/><V127/><F111/><W61/><G119/><T45/><D122/><U39/><E39/><V6/><F102/><W92/><G124/><N who="2" m="47689" /><F77/><W112/><G112/><T65/><D68/><U44/><E113/><V121/><F121/><W34/><G1/><T101/><D101/><U108/><E108/><V72/><F72/><W126/><G126/><T134/><D14/><U91/><E76/><V54/><F6/><W99/><G25/><T38/><D38/><U104/><E100/><V20/><F37/><W79/><G34/><T30/><D80/><U58/><E104/><V128/><F128/><W32/><G32/><T11/><D11/><U29/><E29/><V24/><F31/><W7/><G79/><T95/><D95/><U50/><E18/><V62/><F88/><W81/><G61/><T129/><D78/><U132/><E132/><N who="0" m="50793" /><D129/><U15/><E15/><AGARI ba="0,0" hai="15,17,19,20,22,24,40,42,54,56,62" m="47689" machi="15" ten="30,1000,0" yaku="18,1" doraHai="63" who="2" fromWho="1" sc="180,0,451,-10,186,10,183,0" /><INIT seed="6,0,0,1,3,99" ten="180,441,196,183" oya="2" hai0="92,42,123,62,10,26,33,7,133,84,93,69,0" hai1="103,106,75,130,107,57,21,54,86,77,114,113,29" hai2="132,78,83,74,50,87,135,110,68,81,35,116,73" hai3="102,96,82,36,53,65,37,19,94,134,64,70,17"/><V125/><F116/><W118/><G118/><T112/><D112/><N who="1" m="43115" /><E130/><V55/><F68/><W44/><G134/><N who="2" m="51241" /><F35/><W71/><G82/><T20/><D133/><U124/><E75/><N who="2" m="43231" /><F110/><W66/><G71/><T111/><D111/><U25/><E124/><V12/><F12/><W28/><G70/><T9/><D123/><U58/><E57/><N who="2" m="33015" /><F125/><W72/><G72/><T47/><D33/><U67/><E67/><V40/><F40/><W15/><G15/><T120/><D120/><U46/><E46/><V119/><F119/><W45/><G45/><T79/><D10/><U85/><E77/><AGARI ba="0,0" hai="73,74,77,83,87" m="33015,43231,51241" machi="77" ten="30,1500,0" yaku="20,1" doraHai="99" who="2" fromWho="1" sc="180,0,441,-15,196,15,183,0" /><INIT seed="6,1,0,1,4,126" ten="180,426,211,183" oya="2" hai0="134,15,17,12,29,78,58,75,22,90,100,24,96" hai1="27,127,116,68,42,33,35,9,31,44,99,84,39" hai2="77,52,115,89,6,122,106,49,107,20,55,103,73" hai3="45,40,87,51,66,80,91,118,56,19,61,1,124"/><V64/><F122/><W135/><G124/><T25/><D134/><U112/><E112/><V114/><F6/><W86/><G135/><T46/><D90/><U119/><E127/><V93/><F64/><W28/><G1/><T98/><D98/><U71/><E35/><V82/><F103/><W105/><G105/><T57/><D46/><U62/><E9/><V30/><F55/><W102/><G118/><T72/><D75/><U36/><E36/><V69/><F69/><W48/><G28/><T47/><D47/><U125/><E125/><V123/><F123/><W23/><G102/><T59/><D78/><U132/><E132/><V85/><F30/><W83/><G51/><T110/><D72/><U120/><E120/><V67/><F67/><W18/><REACH who="3" step="1"/><G23/><REACH who="3" ten="180,426,211,173" step="2"/><T38/><D38/><U130/><E116/><V128/><F20/><W117/><G117/><T65/><D65/><U50/><E119/><V13/><F107/><W121/><G121/><T113/><D113/><N who="2" m="43018" /><F106/><W14/><G14/><T21/><REACH who="0" step="1"/><D110/><REACH who="0" ten="170,426,211,173" step="2"/><U133/><E133/><V32/><F13/><W60/><G60/><T3/><D3/><U63/><E31/><V74/><F73/><W0/><G0/><T10/><D10/><U76/><E27/><V131/><F32/><W70/><G70/><T109/><D109/><U16/><E33/><V104/><F104/><AGARI ba="1,2" hai="12,15,17,21,22,24,25,29,57,58,59,96,100,104" machi="104" ten="40,1300,0" yaku="1,1,53,0" doraHai="126" doraHaiUra="7" who="0" fromWho="2" sc="170,36,426,0,211,-16,173,0" /><INIT seed="7,0,0,1,0,13" ten="206,426,195,173" oya="3" hai0="23,106,52,90,10,53,14,4,39,56,60,35,0" hai1="50,114,2,80,28,63,123,75,84,124,104,127,18" hai2="47,93,91,117,30,76,61,69,79,71,108,19,66" hai3="100,36,92,134,102,83,89,27,87,24,135,31,12"/><W132/><G36/><T97/><D39/><U122/><E75/><V103/><F117/><W42/><G42/><T48/><D35/><U49/><E2/><V82/><F108/><W73/><G27/><T22/><D0/><U51/><E104/><V130/><F30/><W99/><G12/><T65/><D53/><U126/><E114/><V16/><F71/><W9/><G9/><T11/><D11/><U88/><E28/><V15/><F130/><W41/><G41/><T95/><D106/><U29/><E29/><V133/><F133/><W74/><REACH who="3" step="1"/><G102/><REACH who="3" ten="206,426,195,163" step="2"/><T85/><D97/><U62/><E124/><V58/><F103/><W44/><G44/><AGARI ba="0,1" hai="4,10,14,22,23,44,48,52,56,60,65,85,90,95" machi="44" ten="30,3900,0" yaku="7,1,8,1,54,1" doraHai="13" who="0" fromWho="3" sc="206,49,426,0,195,0,163,-39" owari="255,6.0,426,52.0,195,-20.0,124,-38.0" /></mjloggm>