<mjloggm ver="2.3"><GO type="41" lobby="0"/><UN n0="%6D%75%75%6D%75%72%61" n1="%6D%69%77%61%6B%75%40" n2="%E8%A1%9B%E8%97%A4%E7%BE%8E%E5%BD%A9" n3="%E2%93%9D%53%75%70%68%78" dan="15,15,15,18" rate="2050.11,2006.41,2018.86,2078.68" sx="M,M,M,M"/><TAIKYOKU oya="0"/><INIT seed="0,0,0,0,2,98" ten="250,250,250,250" oya="0" hai0="42,122,76,33,55,16,22,69,130,12,59,120,82" hai1="79,86,3,46,37,92,128,126,43,119,72,77,95" hai2="118,134,20,112,8,28,87,38,105,36,0,23,21" hai3="26,129,11,54,91,47,25,9,44,124,93,107,83"/><T2/><D130/><U4/><E119/><V121/><F112/><W127/><G83/><T64/><D2/><U50/><E128/><V109/><F109/><W113/><G129/><T67/><D33/><U102/><E126/><N who="3" m="48170" /><G107/><T52/><D42/><U7/><E79/><V132/><F28/><W74/><G74/><T31/><D31/><U56/><E72/><V71/><F121/><W70/><G70/><T88/><D55/><U68/><E68/><V97/><F71/><W84/><G113/><T90/><D122/><U19/><E3/><V104/><F87/><W116/><G116/><T60/><D120/><U17/><E56/><V110/><F110/><W34/><G34/><T58/><D69/><U78/><E37/><V32/><F32/><W100/><G100/><T51/><D67/><U41/><E41/><V57/><F57/><W114/><G114/><T108/><D108/><U111/><E111/><V39/><F118/><W115/><G115/><T63/><D63/><U45/><E45/><N who="3" m="17482" /><G54/><T73/><AGARI ba="0,0" hai="12,16,22,51,52,58,59,60,64,73,76,82,88,90" machi="73" ten="20,12000,1" yaku="0,1,7,1,54,3" doraHai="98" who="0" fromWho="0" sc="250,120,250,-40,250,-40,250,-40" /><INIT seed="0,1,0,4,0,86" ten="370,210,210,210" oya="0" hai0="82,131,65,32,51,70,41,53,114,72,130,58,30" hai1="49,132,45,5,71,39,44,129,38,103,85,69,40" hai2="17,101,2,109,80,27,115,118,93,95,135,120,92" hai3="52,1,94,106,22,96,12,91,133,98,21,24,100"/><T15/><D114/><U121/><E5/><V90/><F115/><W77/><G1/><T11/><D41/><U0/><E0/><V37/><F120/><W113/><G113/><T10/><D32/><U62/><E103/><V56/><F109/><W111/><G111/><T105/><D30/><U64/><E85/><V74/><F37/><W128/><G128/><N who="0" m="49195" /><D105/><U14/><E14/><V59/><F2/><W88/><G77/><N who="0" m="44327" /><D15/><U48/><E129/><V102/><F74/><W127/><G133/><T83/><D83/><U61/><E132/><V108/><F118/><W107/><G127/><T99/><D99/><U35/><E35/><V63/><F108/><W20/><G12/><T60/><AGARI ba="1,0" hai="10,11,51,53,58,60,65,70" m="44327,49195" machi="60" ten="30,1500,0" yaku="19,1" doraHai="86" who="0" fromWho="0" sc="370,18,210,-6,210,-6,210,-6" /><INIT seed="0,2,0,0,5,4" ten="388,204,204,204" oya="0" hai0="74,11,99,62,131,72,15,89,87,19,40,38,82" hai1="54,26,48,67,53,127,12,56,109,114,110,97,77" hai2="43,1,73,116,58,86,63,121,125,66,17,128,60" hai3="22,78,76,13,47,45,120,32,70,20,134,101,108"/><T130/><D62/><U133/><E114/><V113/><F121/><W5/><G32/><T124/><D124/><U91/><E127/><V84/><F113/><W106/><G106/><T3/><D3/><U129/><E133/><V94/><F125/><W42/><G101/><T96/><D40/><U95/><E129/><N who="0" m="49161" /><D38/><U105/><E67/><V36/><F73/><AGARI ba="2,0" hai="11,15,19,72,73,74,82,87,89,96,99" m="49161" machi="73" ten="30,2900,0" yaku="19,1,52,1" doraHai="4" who="0" fromWho="2" sc="388,35,204,0,204,-35,204,0" /><INIT seed="0,3,0,1,0,16" ten="423,204,169,204" oya="0" hai0="108,52,10,111,135,72,14,11,21,94,96,31,112" hai1="18,7,48,22,47,132,5,66,95,12,63,133,8" hai2="69,59,51,102,2,73,17,25,41,74,106,30,43" hai3="127,32,6,40,9,55,33,98,44,81,53,129,60"/><T105/><D112/><U97/><E7/><V113/><F2/><W89/><G129/><T3/><D72/><U79/><E79/><V23/><F69/><W115/><G127/><T86/><D135/><U70/><E133/><V0/><F0/><W29/><G115/><T123/><D123/><U100/><E132/><V56/><F113/><W45/><G29/><T85/><D3/><U82/><E82/><V54/><F59/><W61/><G98/><T80/><D105/><U76/><E76/><V67/><F67/><W36/><G89/><T49/><D94/><U19/><E19/><V119/><F119/><W124/><G124/><T38/><D38/><U114/><E114/><V46/><F73/><W62/><G81/><T120/><D96/><U130/><E130/><V4/><F74/><W109/><G109/><N who="0" m="42059" /><D120/><U20/><E5/><V57/><F4/><W92/><G92/><T107/><D107/><U122/><E122/><V101/><F106/><W91/><G91/><N who="0" m="51623" /><D86/><U87/><E87/><V75/><F75/><W1/><REACH who="3" step="1"/><G45/><REACH who="3" ten="423,204,169,194" step="2"/><N who="0" m="27695" /><D14/><U134/><E134/><V116/><F116/><W24/><G24/><AGARI ba="3,1" hai="10,11,21,24,31" m="27695,51623,42059" machi="24" ten="30,11600,0" yaku="14,1,10,1,52,1,54,1" doraHai="16" who="0" fromWho="3" sc="423,135,204,0,169,0,194,-125" /><INIT seed="0,4,0,4,1,121" ten="558,204,169,69" oya="0" hai0="67,61,74,72,5,10,59,126,116,0,30,19,9" hai1="15,3,32,105,124,7,87,49,70,22,133,78,47" hai2="38,110,119,112,50,55,66,128,86,81,58,60,27" hai3="16,12,103,52,108,77,85,82,95,113,115,23,80"/><T64/><D116/><U92/><E105/><V100/><F112/><W123/><G123/><T39/><D39/><U56/><E70/><V79/><F128/><W37/><G37/><T4/><D126/><U8/><E32/><V132/><F132/><W11/><G108/><T21/><D30/><U6/><E133/><V109/><F38/><W44/><G82/><T51/><D51/><U88/><E124/><V46/><F119/><W98/><REACH who="3" step="1"/><G23/><REACH who="3" ten="558,204,169,59" step="2"/><T2/><D67/><U68/><E22/><V127/><F127/><W93/><G93/><T26/><AGARI ba="4,1" hai="0,2,4,5,9,10,19,21,26,59,61,64,72,74" machi="26" ten="20,3900,0" yaku="0,1,7,1,9,1" doraHai="121" who="0" fromWho="0" sc="558,61,204,-17,169,-17,59,-17" /><INIT seed="0,5,0,4,4,47" ten="619,187,152,42" oya="0" hai0="34,80,48,31,1,79,86,117,123,124,45,36,112" hai1="99,6,76,0,29,116,81,9,73,118,74,125,3" hai2="113,58,13,135,50,96,102,15,35,4,111,52,18" hai3="108,110,131,64,26,88,132,127,19,38,100,5,23"/><T98/><D117/><U21/><E125/><V10/><F113/><W54/><G100/><T27/><D123/><U46/><E3/><V104/><F135/><W33/><G38/><T17/><D112/><U37/><E74/><V106/><F35/><W70/><G131/><T8/><D124/><U93/><E29/><V107/><REACH who="2" step="1"/><F111/><REACH who="2" ten="619,187,142,42" step="2"/><W84/><G132/><T65/><D34/><U72/><E72/><V115/><F115/><W55/><G127/><T40/><D1/><U87/><E21/><AGARI ba="5,1" hai="4,10,13,15,18,21,50,52,58,96,102,104,106,107" machi="21" ten="30,7700,0" yaku="1,1,7,1,52,1,54,1,53,0" doraHai="47" doraHaiUra="28" who="2" fromWho="1" sc="619,0,187,-92,142,102,42,0" /><INIT seed="1,0,0,5,3,75" ten="619,95,244,42" oya="1" hai0="124,102,130,88,9,71,122,107,90,43,92,18,67" hai1="29,94,42,76,105,91,83,26,63,115,51,28,10" hai2="74,116,25,118,79,126,84,47,57,69,111,30,135" hai3="16,32,50,52,38,5,131,65,22,56,0,121,23"/><U46/><E115/><V81/><F111/><W11/><G121/><T119/><D119/><U98/><E105/><V127/><F69/><W80/><G32/><T7/><D122/><U54/><E10/><V21/><F135/><W95/><G38/><T99/><D130/><U24/><E28/><V89/><F47/><W100/><G131/><T62/><D124/><N who="2" m="47658" /><F57/><W34/><G34/><T103/><D43/><U33/><E24/><V73/><F73/><W101/><G23/><T109/><D109/><U87/><REACH who="1" step="1"/><E63/><REACH who="1" ten="619,85,244,42" step="2"/><V37/><F118/><W44/><G95/><T66/><D107/><U39/><E39/><V49/><F37/><W27/><G80/><T58/><D62/><U132/><E132/><V86/><F116/><W114/><REACH who="3" step="1"/><G114/><REACH who="3" ten="619,85,244,32" step="2"/><T41/><D92/><U64/><E64/><V123/><F123/><W70/><G70/><T68/><D71/><U15/><E15/><V129/><F129/><W4/><G4/><T6/><D68/><U85/><E85/><V2/><F84/><W20/><G20/><T8/><D67/><U120/><E120/><V108/><F108/><W17/><G17/><T117/><D117/><U72/><E72/><V110/><F110/><W14/><G14/><N who="0" m="7495" /><D6/><U106/><E106/><V96/><F74/><W128/><G128/><T40/><D7/><U45/><E45/><V93/><F2/><W35/><G35/><T104/><D104/><U19/><E19/><V48/><AGARI ba="0,2" hai="21,25,30,48,49,79,81,86,89,93,96" m="47658" machi="48" ten="30,2000,0" yaku="18,1,52,1" doraHai="75" who="2" fromWho="2" sc="619,-5,85,-10,244,40,32,-5" /><INIT seed="2,0,0,5,5,43" ten="614,75,284,27" oya="2" hai0="87,122,106,60,113,37,132,12,104,69,114,25,110" hai1="34,105,68,42,35,26,55,8,61,94,74,0,53" hai2="126,39,38,28,79,81,72,121,27,47,91,23,129" hai3="125,76,75,101,5,117,1,64,10,124,11,115,32"/><V123/><F129/><W112/><G64/><T95/><D122/><U30/><E74/><V31/><F126/><N who="3" m="48747" /><G101/><T89/><D110/><U71/><E34/><V20/><F91/><W18/><G76/><T57/><D132/><U33/><E33/><V127/><F39/><W67/><G67/><T116/><D116/><U49/><E105/><V41/><REACH who="2" step="1"/><F127/><REACH who="2" ten="614,75,274,27" step="2"/><W6/><G117/><T7/><D37/><U100/><E100/><V46/><F46/><W66/><G115/><T77/><D113/><U134/><E134/><V19/><F19/><W109/><G18/><T84/><D114/><U133/><E133/><V97/><F97/><W96/><G96/><T59/><D89/><U9/><E71/><V128/><F128/><W103/><G103/><T4/><D69/><U15/><E68/><V16/><F16/><W52/><G112/><T131/><D131/><U135/><E135/><V92/><F92/><W93/><G93/><T130/><D95/><U119/><E119/><V88/><F88/><W99/><G99/><T102/><D130/><U63/><E94/><V54/><F54/><W50/><G66/><T62/><D102/><U17/><E53/><V22/><F22/><W65/><G32/><T108/><D106/><U13/><E55/><V70/><F70/><W36/><G36/><T107/><D104/><U80/><E80/><V90/><F90/><W82/><G65/><T111/><D107/><U3/><E17/><V120/><F120/><W73/><G82/><T83/><D83/><U45/><E35/><V21/><F21/><W24/><G52/><T29/><D108/><RYUUKYOKU ba="0,1" sc="614,-10,75,-10,274,30,27,-10" hai2="20,23,27,28,31,38,41,47,72,79,81,121,123" /><INIT seed="2,1,1,4,3,27" ten="604,65,304,17" oya="2" hai0="78,92,15,26,89,100,84,48,94,108,125,135,25" hai1="131,79,77,44,39,107,134,14,81,111,116,56,23" hai2="50,59,30,67,64,21,98,34,3,12,49,32,38" hai3="10,90,124,128,83,93,69,31,57,99,5,22,130"/><V112/><F38/><W33/><G69/><T53/><D108/><U1/><E1/><V2/><F112/><W75/><G33/><T126/><D135/><U58/><E111/><V97/><F12/><W43/><G43/><T115/><D78/><U18/><E116/><V36/><F36/><W80/><G124/><N who="0" m="47723" /><D115/><U63/><E134/><V66/><F59/><W4/><G57/><N who="0" m="32935" /><D15/><U127/><E107/><V20/><REACH who="2" step="1"/><F66/><REACH who="2" ten="604,65,294,17" step="2"/><W121/><G130/><T133/><D133/><U17/><E131/><V129/><F129/><W9/><G128/><T85/><D25/><U109/><E127/><V60/><F60/><W40/><G5/><T74/><D26/><U45/><E56/><V8/><F8/><W6/><G10/><T102/><D74/><U114/><E114/><V55/><F55/><W62/><G75/><T101/><D94/><U132/><E132/><V51/><F51/><W0/><G6/><T71/><D71/><U86/><E39/><V24/><F24/><N who="3" m="16791" /><G62/><T16/><D92/><U82/><E109/><V52/><F52/><W11/><G11/><T91/><D85/><U29/><E45/><V76/><F76/><W47/><G47/><T28/><D84/><N who="1" m="48175" /><E44/><V61/><F61/><W72/><G72/><T42/><D42/><U117/><E117/><V113/><F113/><W88/><G40/><T96/><D96/><U106/><E14/><V19/><F19/><W118/><G118/><T13/><D28/><AGARI ba="1,2" hai="2,3,20,21,28,30,32,34,49,50,64,67,97,98" machi="28" ten="25,18000,2" yaku="1,1,22,2,52,2,53,2" doraHai="27" doraHaiUra="35" who="2" fromWho="0" sc="604,-183,65,0,294,203,17,0" /><INIT seed="2,2,0,1,4,111" ten="421,65,497,17" oya="2" hai0="42,122,94,61,84,38,18,56,109,125,104,79,1" hai1="72,117,15,58,121,67,64,40,120,85,97,134,99" hai2="22,25,3,88,45,28,60,92,12,71,93,65,63" hai3="76,124,75,105,115,110,108,98,130,116,90,36,20"/><V31/><F3/><W44/><G20/><T68/><D104/><U41/><E72/><V70/><F45/><W57/><G57/><T2/><D68/><U5/><E117/><V9/><F28/><W128/><G44/><T119/><D122/><U16/><E5/><V30/><F30/><W74/><G36/><T132/><D119/><U33/><E33/><V11/><F92/><N who="3" m="56599" /><G116/><T13/><D109/><N who="3" m="42089" /><G124/><T35/><D132/><U19/><E134/><V8/><F63/><W7/><G7/><T133/><D35/><U86/><E15/><V54/><F54/><W77/><G115/><T52/><D133/><U24/><E58/><V73/><F73/><N who="3" m="27659" /><G105/><T87/><D125/><U0/><REACH who="1" step="1"/><E24/><REACH who="1" ten="421,55,497,17" step="2"/><V126/><F126/><W27/><G27/><T6/><D1/><AGARI ba="2,1" hai="0,1,16,19,40,41,64,67,85,86,97,99,120,121" machi="1" ten="25,8000,1" yaku="1,1,2,1,22,2,54,1,53,0" doraHai="111" doraHaiUra="59" who="1" fromWho="0" sc="421,-86,55,96,497,0,17,0" /><INIT seed="3,0,0,3,4,71" ten="335,151,497,17" oya="3" hai0="134,74,19,85,41,33,10,69,92,89,130,34,117" hai1="96,81,54,122,127,97,35,39,32,14,67,21,22" hai2="79,60,46,1,125,88,47,44,128,124,43,94,15" hai3="114,3,100,99,57,105,51,55,30,107,95,76,103"/><W28/><G114/><T8/><D117/><U58/><E122/><V115/><F1/><W45/><G3/><T68/><D74/><U13/><E127/><N who="2" m="48715" /><F115/><W17/><G76/><T123/><D123/><U73/><E67/><V116/><F116/><W59/><G17/><T91/><D41/><U84/><E73/><V12/><F128/><W31/><REACH who="3" step="1"/><G95/><REACH who="3" ten="335,151,497,7" step="2"/><T78/><D92/><U66/><E14/><V118/><F79/><W120/><G120/><T113/><D78/><U64/><E13/><V82/><F12/><W108/><G108/><T104/><D19/><U56/><E81/><V53/><F82/><W5/><G5/><T63/><D113/><U98/><E97/><AGARI ba="0,1" hai="28,30,31,45,51,55,57,59,97,99,100,103,105,107" machi="97" ten="40,3900,0" yaku="1,1,9,1,53,0" doraHai="71" doraHaiUra="112" who="3" fromWho="1" sc="335,0,151,-39,497,0,7,49" /><INIT seed="3,1,0,0,0,110" ten="335,112,497,56" oya="3" hai0="83,46,64,24,98,121,45,76,70,89,77,13,101" hai1="43,63,33,97,105,118,104,28,115,111,40,22,126" hai2="114,59,99,58,7,60,73,23,41,74,2,82,72" hai3="20,84,66,109,34,93,90,112,68,128,80,55,29"/><W135/><G109/><T26/><D121/><U0/><E111/><V107/><F41/><W125/><G34/><T108/><D108/><U16/><E0/><V123/><F123/><W129/><G68/><T119/><D119/><U131/><E33/><V25/><F114/><W27/><G66/><T42/><D13/><U75/><E28/><V18/><F82/><W85/><G135/><T8/><D8/><U19/><E75/><V61/><F2/><W62/><G125/><T9/><D9/><U15/><E126/><V94/><F107/><W48/><G62/><T44/><D89/><U38/><E38/><V113/><F113/><W54/><G112/><T116/><D42/><U102/><E105/><V65/><F7/><W14/><G14/><T49/><D49/><U71/><E118/><V87/><F87/><W10/><G10/><T130/><D130/><N who="3" m="50281" /><G48/><T127/><D127/><U21/><E131/><V122/><F122/><W1/><G1/><T132/><D132/><U79/><E115/><V37/><F37/><W51/><G51/><T52/><D64/><U117/><E117/><V39/><F39/><W50/><G50/><T133/><D70/><U134/><E134/><V86/><F86/><W31/><G31/><T30/><D116/><U67/><E79/><AGARI ba="1,0" hai="20,27,29,54,55,79,80,84,85,90,93" m="50281" machi="79" ten="30,1500,0" yaku="19,1" doraHai="110" who="3" fromWho="1" sc="335,0,112,-18,497,0,56,18" /><INIT seed="3,2,0,2,2,93" ten="335,94,497,74" oya="3" hai0="66,16,120,37,52,11,34,73,88,24,109,3,4" hai1="117,104,108,20,1,7,9,123,128,71,44,77,84" hai2="15,76,105,19,83,121,55,6,28,103,70,112,51" hai3="124,131,94,36,132,62,89,96,69,50,85,116,17"/><W86/><G116/><T110/><D120/><U10/><E123/><V43/><F112/><W98/><G36/><T61/><D73/><U80/><E71/><V22/><F70/><W29/><G131/><T67/><D37/><U79/><E128/><V57/><F121/><W78/><G132/><T81/><D34/><U35/><E35/><V135/><F135/><W127/><G29/><T38/><D38/><U97/><E108/><N who="0" m="41577" /><D4/><U13/><E117/><V100/><F6/><W63/><G50/><T23/><D11/><U115/><E20/><V12/><F12/><W129/><G129/><T122/><D3/><U31/><E31/><V130/><F130/><W134/><G17/><T14/><D14/><U48/><E79/><V46/><F105/><W26/><G26/><T118/><D122/><U125/><E125/><N who="3" m="48202" /><G134/><T92/><D81/><U111/><E115/><V47/><F28/><W75/><G75/><T27/><D27/><U58/><E111/><V90/><F90/><N who="3" m="53583" /><G78/><T133/><D133/><U74/><E74/><V91/><F91/><W53/><G69/><T5/><D5/><U106/><E1/><V25/><F25/><W33/><G33/><T41/><D118/><U49/><E9/><V82/><F76/><W8/><G8/><T107/><D107/><U21/><E21/><V119/><F119/><W114/><G114/><T18/><D18/><U64/><E106/><V59/><F19/><W2/><G2/><T65/><D24/><U54/><E104/><V72/><F72/><W99/><G53/><T113/><D113/><U40/><E64/><N who="0" m="16385" /><T39/><DORA hai="32" /><D16/><RYUUKYOKU ba="2,0" sc="335,-15,94,15,497,-15,74,15" hai1="7,10,13,40,44,48,49,54,58,77,80,84,97" hai3="62,63,86,89,96,98,99" /><INIT seed="3,3,0,5,2,84" ten="320,109,482,89" oya="3" hai0="65,103,9,102,29,83,47,96,41,24,101,109,7" hai1="132,123,11,48,77,91,57,28,87,56,25,108,62" hai2="1,79,64,111,126,8,74,131,119,71,120,73,70" hai3="59,13,75,32,89,34,22,135,44,45,92,100,20"/><W14/><G75/><T10/><D109/><U78/><E108/><V113/><RYUUKYOKU type="yao9" ba="3,0" sc="320,0,109,0,482,0,89,0" hai2="1,8,64,70,71,73,74,79,111,113,119,120,126,131" /><INIT seed="3,4,0,1,3,30" ten="320,109,482,89" oya="3" hai0="31,53,98,90,110,35,48,24,103,123,22,28,82" hai1="46,129,85,118,94,135,19,74,33,41,51,6,20" hai2="1,124,89,134,62,27,97,44,59,56,67,21,132" hai3="116,18,34,4,119,11,104,114,108,133,69,76,61"/><W102/><G114/><T86/><D123/><U12/><E74/><V8/><F124/><W55/><G18/><T96/><D110/><U57/><E135/><N who="2" m="51755" /><F44/><W64/><G133/><T126/><D126/><U80/><E118/><V112/><F112/><W49/><G76/><T37/><D37/><U3/><E129/><V72/><F72/><W73/><G73/><T130/><D130/><U70/><E70/><V100/><F89/><W109/><G34/><T93/><D98/><U87/><E33/><V77/><F77/><W79/><G79/><T131/><D131/><U52/><E3/><V16/><F8/><W127/><G102/><T122/><D122/><U83/><E6/><V105/><F1/><W121/><G104/><T115/><D115/><U43/><E43/><V10/><F10/><W13/><G127/><T60/><D60/><N who="1" m="35879" /><E87/><V40/><F40/><W63/><G63/><T91/><D31/><U2/><E2/><V107/><F107/><W25/><G121/><T39/><D39/><U125/><E125/><V113/><F113/><W128/><G128/><T42/><D42/><U9/><E9/><V58/><AGARI ba="4,0" hai="16,21,27,56,58,59,62,67,97,100,105" m="51755" machi="58" ten="30,2000,0" yaku="20,1,54,1" doraHai="30" who="2" fromWho="2" sc="320,-9,109,-9,482,32,89,-14" /><INIT seed="4,0,0,0,5,65" ten="311,100,514,75" oya="0" hai0="119,92,79,135,89,63,83,126,61,86,102,84,56" hai1="7,81,98,17,25,19,78,4,35,82,124,52,73" hai2="71,101,23,49,105,38,130,69,110,120,75,28,2" hai3="48,103,44,134,117,70,43,66,88,74,32,58,68"/><T47/><D119/><U114/><E124/><V51/><F38/><W57/><G103/><T59/><D135/><U31/><E114/><V100/><F110/><W3/><G74/><T36/><D126/><U113/><E113/><V129/><F75/><W22/><G32/><T108/><D108/><U115/><E115/><V13/><F2/><W46/><G22/><T34/><D34/><U127/><E127/><V93/><F93/><W41/><G88/><T11/><D11/><U20/><E19/><N who="2" m="10735" /><F28/><W6/><G6/><T94/><D36/><U30/><E30/><V112/><F112/><W67/><G3/><T12/><D47/><U40/><E40/><V9/><F9/><W125/><G125/><T21/><D21/><U80/><E80/><V60/><F60/><N who="3" m="38159" /><G134/><T85/><D12/><U1/><E1/><V121/><F49/><N who="3" m="26767" /><G117/><T106/><D86/><U91/><E31/><V54/><F100/><W45/><G45/><T16/><D16/><U97/><E35/><V50/><F101/><W109/><G109/><T53/><D106/><U77/><E4/><V15/><F15/><W131/><G131/><N who="2" m="50185" /><F50/><W133/><G133/><T55/><D102/><U37/><E37/><V122/><F105/><W128/><G128/><T99/><D99/><U39/><E39/><V87/><F87/><W123/><G123/><T116/><D116/><U107/><E107/><V10/><F10/><W24/><G24/><T62/><D62/><AGARI ba="0,0" hai="43,46,48,58,62,67,68,70" m="26767,38159" machi="62" ten="30,12000,2" yaku="35,5,52,2" doraHai="65" who="3" fromWho="0" sc="311,-120,100,0,514,0,75,120" /><INIT seed="5,0,0,0,2,59" ten="191,100,514,195" oya="1" hai0="56,41,15,60,89,35,19,101,126,33,99,112,2" hai1="63,122,69,114,134,110,73,65,45,120,67,27,96" hai2="5,93,57,32,20,97,124,50,121,62,70,52,78" hai3="25,71,117,18,98,43,36,128,80,94,66,75,12"/><U88/><E73/><V47/><F32/><W17/><G128/><T83/><D2/><U72/><E72/><V40/><F121/><W123/><G123/><T53/><D112/><U14/><E114/><V42/><F124/><W34/><G43/><T44/><D126/><U90/><E110/><V129/><F129/><W133/><G133/><T11/><D83/><U9/><E134/><V92/><F78/><W130/><G36/><T22/><D89/><U6/><E67/><V37/><F5/><W8/><G117/><T4/><D99/><U102/><E122/><V125/><F42/><W46/><G46/><T49/><D101/><U29/><E45/><V39/><F125/><W1/><G1/><T135/><D135/><U87/><E87/><V76/><F76/><W91/><G130/><T95/><D95/><U119/><E119/><V64/><F37/><W13/><G75/><T31/><D31/><U61/><E61/><V54/><F54/><W105/><G105/><T132/><D132/><U107/><E120/><V0/><F0/><W28/><G80/><T111/><D111/><U116/><E116/><V108/><F108/><W48/><G48/><T100/><D100/><U16/><E6/><V10/><F10/><W106/><G106/><T113/><D113/><U68/><E69/><V3/><F3/><W30/><G30/><T77/><D77/><U118/><E118/><V51/><F51/><W104/><G104/><T38/><D38/><U127/><E127/><V74/><F74/><W81/><G71/><T103/><D103/><U115/><E115/><V84/><F70/><RYUUKYOKU ba="0,0" sc="191,15,100,15,514,-15,195,-15" hai0="4,11,15,19,22,33,35,41,44,49,53,56,60" hai1="9,14,16,27,29,63,65,68,88,90,96,102,107" /><INIT seed="5,1,0,0,0,87" ten="206,115,499,180" oya="1" hai0="2,43,31,50,84,83,56,18,103,69,7,21,73" hai1="37,65,63,5,110,45,61,134,74,47,88,46,60" hai2="28,10,95,75,78,62,22,40,111,53,77,1,59" hai3="70,4,122,57,108,25,96,3,24,14,55,128,91"/><U135/><E74/><V113/><F111/><W54/><G3/><T16/><D69/><U80/><E5/><V39/><F113/><W127/><G70/><T106/><D73/><U93/><E110/><V102/><F75/><W26/><G128/><T117/><D117/><U129/><E129/><V12/><F1/><W116/><G127/><T115/><D115/><U119/><E119/><V41/><F39/><W123/><G116/><T33/><D33/><U118/><E118/><V20/><F102/><W13/><G108/><T90/><D2/><U133/><E80/><V11/><F95/><N who="3" m="56447" /><G4/><T68/><D68/><U98/><REACH who="1" step="1"/><E37/><REACH who="1" ten="206,105,499,180" step="2"/><V79/><F28/><W49/><G123/><T67/><D7/><U0/><E0/><V76/><F76/><W132/><G122/><T17/><D31/><U51/><E51/><V19/><F78/><W97/><G132/><T52/><D50/><U94/><E94/><V82/><F79/><W130/><G130/><T92/><D83/><U120/><E120/><V125/><F82/><W99/><G55/><T8/><D52/><U6/><E6/><V23/><F77/><W27/><N who="3" m="6400" /><DORA hai="38" /><W34/><G34/><T85/><D92/><U30/><E30/><V15/><F125/><W112/><G112/><T71/><D106/><U104/><E104/><V42/><F19/><W101/><G101/><T58/><D103/><U131/><E131/><V105/><F105/><W35/><G35/><T66/><D17/><U64/><AGARI ba="1,1" hai="45,46,47,60,61,63,64,65,88,93,98,133,134,135" machi="64" ten="40,18000,2" yaku="1,1,0,1,29,2,20,1,52,1,54,1,53,0" doraHai="87,38" doraHaiUra="48,126" who="1" fromWho="1" sc="206,-61,105,193,499,-61,180,-61" /><INIT seed="5,2,0,2,5,45" ten="145,298,438,119" oya="1" hai0="48,80,86,117,62,15,111,133,124,114,5,20,102" hai1="132,36,61,130,42,108,68,12,24,81,40,91,64" hai2="70,74,8,49,37,93,116,127,71,35,55,38,50" hai3="2,18,54,78,23,90,98,125,126,96,27,123,9"/><U46/><E130/><V14/><F35/><W56/><G78/><T131/><D111/><U22/><E108/><V41/><F74/><W6/><G123/><T30/><D117/><U63/><E132/><V0/><F0/><W67/><G67/><T21/><D133/><U1/><E1/><V89/><F116/><W119/><G119/><T3/><D3/><U82/><E42/><V129/><F38/><W16/><G18/><T87/><D131/><U76/><E61/><V122/><F122/><W83/><G83/><T109/><D109/><U134/><E134/><V58/><F37/><W7/><G7/><T94/><D114/><U31/><E91/><V33/><F33/><W97/><REACH who="3" step="1"/><G90/><REACH who="3" ten="145,298,438,109" step="2"/><N who="0" m="53591" /><D5/><U92/><E76/><V107/><F89/><W52/><G52/><T73/><D124/><U60/><E82/><V77/><F107/><W53/><G53/><T99/><D73/><U10/><E81/><V47/><F129/><W100/><G100/><T13/><D102/><U110/><E110/><V79/><F93/><W28/><G28/><T135/><D135/><U43/><E92/><V19/><F127/><W66/><G66/><T59/><D80/><U75/><E75/><V44/><F79/><W65/><G65/><T4/><D30/><U69/><E43/><V118/><F77/><W120/><G120/><T29/><D29/><U57/><E63/><AGARI ba="2,1" hai="2,6,9,16,23,27,54,56,63,96,97,98,125,126" machi="63" ten="40,2600,0" yaku="1,1,54,1,53,0" doraHai="45" doraHaiUra="113" who="3" fromWho="1" sc="145,0,298,-32,438,0,109,42" /><INIT seed="6,0,0,0,3,33" ten="145,266,438,151" oya="2" hai0="48,96,120,114,67,18,118,41,2,22,113,16,82" hai1="45,4,78,121,54,64,46,100,76,55,112,117,65" hai2="70,31,74,97,17,95,56,62,11,0,28,6,20" hai3="32,123,27,127,40,51,106,99,101,103,132,25,111"/><V37/><F70/><W126/><G111/><T72/><D120/><U88/><E100/><V129/><F129/><W15/><G123/><T29/><D67/><U66/><E121/><V10/><F10/><W73/><G73/><T94/><D2/><U131/><E131/><V53/><F37/><W14/><G132/><T122/><D122/><U57/><E117/><V58/><F58/><W85/><G85/><T124/><D124/><N who="3" m="47657" /><G103/><N who="0" m="60823" /><D118/><U63/><E112/><N who="0" m="43113" /><D29/><U89/><E4/><V135/><F74/><W75/><G75/><T107/><D107/><U47/><E55/><V61/><F61/><W44/><G32/><T130/><D130/><U1/><E1/><V49/><F49/><W3/><G3/><T19/><D48/><U71/><E71/><V80/><F80/><W93/><G106/><T79/><D41/><U43/><E43/><V105/><F105/><W134/><G134/><T116/><D116/><U87/><E89/><V50/><F50/><W84/><G84/><T5/><D5/><U30/><REACH who="1" step="1"/><E30/><REACH who="1" ten="145,256,438,151" step="2"/><V38/><F135/><W42/><G42/><T102/><D102/><U77/><E77/><V60/><F31/><W21/><G101/><T128/><D128/><U39/><E39/><V7/><F38/><W92/><G40/><T35/><D35/><U26/><E26/><AGARI ba="0,1" hai="16,18,19,22,26,72,79,82" m="43113,60823" machi="26" ten="30,2000,0" yaku="15,1,54,1" doraHai="33" who="0" fromWho="1" sc="145,30,256,-20,438,0,151,0" /><INIT seed="7,0,0,3,1,28" ten="175,236,438,151" oya="3" hai0="117,86,51,67,61,14,123,54,75,95,59,66,18" hai1="133,99,91,44,11,125,13,8,5,115,60,20,107" hai2="98,105,73,17,119,39,116,69,42,89,41,131,3" hai3="84,77,25,93,110,132,74,126,104,40,65,100,108"/><W49/><G65/><T0/><D75/><U81/><E125/><V78/><F89/><N who="3" m="53415" /><G49/><T30/><D117/><U27/><E115/><V114/><F41/><W135/><G40/><T113/><D123/><U88/><E133/><N who="3" m="51274" /><G25/><T109/><D0/><U129/><E129/><V38/><F3/><W36/><G36/><T55/><D113/><U24/><E44/><V29/><F69/><W52/><G52/><T80/><D30/><U16/><E27/><V9/><F29/><W46/><G46/><N who="0" m="28023" /><D95/><N who="1" m="56807" /><E107/><V68/><F105/><W101/><G126/><T103/><D103/><N who="3" m="39497" /><G104/><T120/><D120/><U111/><E111/><V85/><F68/><W1/><G1/><T19/><D109/><U37/><E37/><V62/><F62/><W57/><G57/><T94/><D14/><U128/><E128/><V26/><F17/><N who="0" m="6154" /><D94/><U47/><E47/><V124/><F26/><W33/><G33/><T6/><D6/><U58/><E11/><V96/><F124/><W71/><G71/><T2/><D2/><U64/><E58/><V90/><F9/><W121/><G121/><T31/><D31/><U87/><E60/><V76/><F42/><W118/><G118/><T122/><D122/><U22/><E22/><V56/><F56/><W12/><G12/><T32/><D32/><U53/><E53/><V106/><F38/><W10/><G10/><T7/><D7/><U4/><E4/><V130/><F39/><W102/><N who="3" m="39505" /><W50/><DORA hai="34" /><G50/><T70/><D70/><U127/><E127/><V48/><F116/><W15/><G15/><T134/><D134/><U83/><E64/><RYUUKYOKU ba="0,0" sc="175,10,236,10,438,-30,151,10" hai0="55,59,61,66,67,80,86" hai1="5,8,13,16,20,24,81,83,87,91" hai3="74,77,108,110" /><INIT seed="7,1,0,0,0,1" ten="185,246,408,161" oya="3" hai0="12,8,18,28,105,44,106,52,135,125,0,97,71" hai1="111,90,81,66,62,54,11,95,2,15,10,59,87" hai2="75,49,78,117,122,50,101,91,121,27,124,83,30" hai3="102,55,114,119,88,48,21,89,113,36,57,16,123"/><W74/><G119/><T67/><D28/><U94/><E111/><V23/><F124/><W61/><G36/><T120/><D120/><N who="2" m="46186" /><F117/><W82/><G123/><T56/><D125/><U127/><E127/><V37/><F37/><W22/><G102/><T134/><D0/><U32/><E32/><V126/><F126/><W99/><G22/><T45/><D71/><U20/><E2/><V93/><F101/><W85/><G74/><T69/><D67/><U104/><E104/><N who="0" m="40041" /><D97/><AGARI ba="1,0" hai="23,27,30,49,50,75,78,83,91,93,97" m="46186" machi="97" ten="30,1000,0" yaku="13,1" doraHai="1" who="2" fromWho="0" sc="185,-13,246,0,408,13,161,0" owari="172,-23.0,246,5.0,421,52.0,161,-34.0" /></mjloggm>