<mjloggm ver="2.3"><GO type="41" lobby="0"/><UN n0="%4C%6E%69%6B%69" n1="%E2%93%9D%53%75%70%68%78" n2="%E3%81%BB%E3%81%B0%E3%81%A6%E3%81%83" n3="%E3%81%82%E3%81%BF%E3%81%BD%E3%82%93" dan="15,18,14,15" rate="2103.04,2138.56,1992.98,2005.43" sx="M,M,M,F"/><TAIKYOKU oya="0"/><INIT seed="0,0,0,4,2,1" ten="250,250,250,250" oya="0" hai0="121,131,21,52,66,85,118,127,103,96,5,78,32" hai1="62,42,129,60,98,93,106,16,80,82,108,11,46" hai2="134,91,25,28,26,122,29,90,8,10,64,38,20" hai3="44,18,102,120,35,56,0,109,12,24,51,40,99"/><T123/><D118/><U126/><E106/><V86/><F122/><W128/><G0/><T73/><D32/><U114/><E108/><V3/><F134/><W43/><G120/><T19/><D131/><U81/><E126/><V57/><F38/><W31/><G56/><T53/><D127/><U75/><E75/><V22/><F3/><W74/><G74/><T58/><D73/><U107/><E107/><V104/><F104/><W97/><G109/><T77/><D66/><U67/><E114/><V55/><F64/><W76/><G76/><T88/><D123/><U116/><E129/><V133/><F133/><W36/><G128/><T119/><D119/><U61/><E116/><V50/><REACH who="2" step="1"/><F90/><REACH who="2" ten="250,250,240,250" step="2"/><W54/><G36/><T68/><D121/><U17/><E67/><V59/><F59/><W48/><G102/><T115/><D68/><U124/><E124/><V13/><F13/><W92/><G12/><N who="0" m="9447" /><D115/><U84/><E11/><V7/><F7/><W94/><G24/><T37/><D37/><U4/><E4/><V30/><F30/><W41/><G31/><T49/><D5/><U9/><E9/><V6/><F6/><W69/><G69/><T14/><D14/><U72/><E17/><V95/><AGARI ba="0,1" hai="8,10,20,22,25,26,28,29,50,55,57,86,91,95" machi="95" ten="20,8000,1" yaku="1,1,0,1,7,1,9,1,8,1,53,0" doraHai="1" doraHaiUra="79" who="2" fromWho="2" sc="250,-40,250,-20,240,90,250,-20" /><INIT seed="1,0,0,2,0,78" ten="210,230,330,230" oya="1" hai0="123,41,51,90,4,89,112,87,39,48,59,56,86" hai1="25,84,29,19,77,32,22,100,80,5,36,17,115" hai2="122,101,85,92,98,38,53,99,49,43,27,114,97" hai3="125,61,110,104,81,63,54,6,23,133,9,18,105"/><U103/><E115/><V28/><F122/><W15/><G125/><T119/><D112/><U46/><E5/><V57/><F114/><W0/><G133/><T91/><D119/><U60/><E19/><V1/><F1/><W12/><G0/><T20/><D123/><U70/><E70/><V108/><F108/><W82/><G110/><T50/><D4/><U72/><E60/><V79/><F38/><W34/><G34/><T62/><D39/><U69/><E69/><V117/><F43/><W131/><G131/><T134/><D134/><U94/><E72/><V40/><F40/><W130/><G130/><T58/><D41/><U26/><E36/><V67/><F67/><W52/><G104/><T95/><D20/><U71/><E71/><V106/><F117/><W55/><G105/><T64/><REACH who="0" step="1"/><D90/><REACH who="0" ten="200,230,330,230" step="2"/><U30/><E46/><V73/><F106/><W65/><REACH who="3" step="1"/><G63/><REACH who="3" ten="200,230,330,220" step="2"/><T11/><D11/><U88/><REACH who="1" step="1"/><E30/><REACH who="1" ten="200,220,330,220" step="2"/><V3/><F28/><W47/><G47/><T8/><D8/><U132/><E132/><V10/><F10/><W74/><G74/><T42/><D42/><U121/><E121/><V120/><F73/><W75/><G75/><T7/><D7/><U33/><E33/><V128/><F120/><W102/><G102/><T135/><D135/><U113/><E113/><V116/><F101/><W107/><G107/><T14/><D14/><U44/><E44/><V68/><F116/><W129/><G129/><T126/><D126/><U118/><E118/><V76/><F128/><W109/><G109/><T96/><D96/><U2/><E2/><V66/><F3/><RYUUKYOKU ba="0,3" sc="200,10,220,10,330,-30,220,10" hai0="48,50,51,56,58,59,62,64,86,87,89,91,95" hai1="17,22,25,26,29,32,77,80,84,88,94,100,103" hai3="6,9,12,15,18,23,52,54,55,61,65,81,82" /><INIT seed="1,1,3,3,1,58" ten="210,230,300,230" oya="1" hai0="69,117,37,5,134,78,35,15,129,112,26,97,81" hai1="128,67,24,18,93,30,121,63,106,79,13,122,4" hai2="100,25,131,72,65,132,41,73,109,33,101,56,51" hai3="88,27,23,31,103,28,44,60,19,98,87,8,45"/><U61/><E106/><V70/><F109/><W16/><G8/><T36/><D112/><U55/><E4/><V62/><F131/><W39/><G39/><T3/><D117/><U49/><E128/><V59/><F132/><W114/><G114/><T21/><D129/><U66/><E79/><V104/><F59/><W113/><G113/><T68/><D134/><U124/><E124/><V48/><F101/><W133/><G133/><T6/><D97/><U42/><E42/><V82/><F56/><W53/><G31/><T76/><D3/><U10/><E93/><V75/><F82/><W116/><G116/><T57/><D57/><N who="1" m="33007" /><E122/><V99/><REACH who="2" step="1"/><F41/><REACH who="2" ten="210,230,290,230" step="2"/><W2/><G103/><T77/><D81/><U74/><E121/><V9/><F9/><W38/><G45/><T46/><D46/><U40/><E40/><V17/><F17/><W96/><G44/><T34/><D69/><U7/><E18/><V135/><F135/><W84/><G19/><T115/><D68/><U12/><E10/><V123/><F123/><W126/><G16/><N who="0" m="12583" /><D115/><U110/><E110/><V0/><F0/><W111/><G111/><T120/><D120/><U90/><E13/><V80/><F80/><W54/><G2/><T83/><D83/><U14/><E14/><V102/><F102/><W64/><G64/><T107/><D15/><U95/><E67/><V32/><F32/><W50/><G54/><T89/><D35/><N who="1" m="20935" /><E66/><V71/><F71/><W125/><G53/><T43/><D34/><U108/><E108/><V85/><F85/><W22/><G87/><T29/><D43/><U52/><E52/><RYUUKYOKU ba="1,4" sc="210,-10,230,-10,290,30,230,-10" hai2="25,33,48,51,62,65,70,72,73,75,99,100,104" /><INIT seed="2,2,4,4,5,103" ten="200,220,320,220" oya="2" hai0="0,30,23,81,97,119,55,75,85,46,79,8,74" hai1="123,92,37,116,112,100,24,107,16,111,95,96,133" hai2="115,56,47,29,36,62,130,49,89,33,91,7,15" hai3="3,10,22,134,59,131,44,84,12,13,60,129,83"/><V58/><F115/><W31/><G3/><T45/><D119/><U19/><E116/><V43/><F130/><W72/><G72/><T101/><D0/><U40/><E112/><V90/><F33/><W48/><G134/><T25/><D8/><U82/><E133/><V38/><F29/><W66/><G129/><T41/><D55/><U99/><E111/><V32/><F32/><W35/><G35/><T87/><D85/><U26/><E123/><V88/><N who="2" m="22528" /><DORA hai="9" /><V114/><F114/><W42/><G131/><T51/><REACH who="0" step="1"/><D46/><REACH who="0" ten="190,220,320,220" step="2"/><U4/><E4/><V73/><F73/><W110/><G10/><T54/><D54/><U135/><E135/><V71/><F7/><W120/><G120/><T117/><D117/><U78/><E40/><V86/><F86/><W93/><G110/><T50/><D50/><U69/><E37/><V65/><REACH who="2" step="1"/><F15/><REACH who="2" ten="190,220,310,220" step="2"/><W11/><G84/><T76/><D76/><U126/><E78/><V28/><F28/><W5/><G31/><T6/><D6/><U67/><E26/><V106/><F106/><AGARI ba="2,6" hai="23,25,30,41,45,51,74,75,79,81,87,97,101,106" machi="106" ten="30,3900,0" yaku="1,1,7,1,52,1,53,0" doraHai="103,9" doraHaiUra="118,113" who="0" fromWho="2" sc="190,105,220,0,310,-45,220,0" /><INIT seed="3,0,0,2,3,60" ten="295,220,265,220" oya="3" hai0="1,102,19,114,35,90,76,36,43,52,57,26,124" hai1="46,54,105,4,3,84,77,119,62,132,125,128,101" hai2="104,78,80,120,45,64,103,126,85,131,5,67,56" hai3="20,58,108,30,38,25,7,61,116,49,99,59,65"/><W63/><G38/><T50/><D1/><U18/><E128/><V27/><F131/><W79/><G116/><T92/><D124/><U21/><E132/><V15/><F126/><W98/><G79/><T13/><D114/><U118/><E105/><V133/><F133/><W95/><G7/><T55/><D76/><U134/><E101/><V32/><F45/><W83/><G83/><T9/><D102/><U11/><E134/><V2/><F2/><W39/><G39/><T72/><D72/><U28/><E28/><V44/><F44/><W107/><G107/><T86/><D36/><U110/><E110/><V115/><F115/><W113/><G113/><T121/><D121/><U100/><E100/><V96/><F56/><W89/><G49/><T69/><D69/><U129/><E129/><V81/><F81/><W16/><G108/><T17/><D35/><U122/><E122/><V93/><F104/><W33/><G33/><T12/><D26/><U22/><E125/><V123/><F123/><W10/><G10/><T74/><D74/><U23/><E77/><V34/><F34/><W111/><G111/><T0/><D0/><U106/><E106/><V48/><F48/><W130/><G130/><T47/><REACH who="0" step="1"/><D57/><REACH who="0" ten="285,220,265,220" step="2"/><N who="1" m="35127" /><E119/><V127/><F120/><W53/><G30/><T82/><D82/><U8/><E118/><V75/><F75/><W14/><G25/><T6/><D6/><U88/><E46/><V112/><F127/><W73/><G73/><T37/><D37/><U70/><E70/><V29/><F112/><W51/><G63/><T31/><D31/><U109/><E109/><RYUUKYOKU ba="0,1" sc="285,10,220,-30,265,10,220,10" hai0="9,12,13,17,19,43,47,50,52,55,86,90,92" hai2="5,15,27,29,32,64,67,78,80,85,93,96,103" hai3="14,16,20,51,53,58,59,61,65,89,95,98,99" /><INIT seed="3,1,1,3,3,57" ten="295,190,275,230" oya="3" hai0="118,17,43,105,2,34,104,35,15,62,110,25,30" hai1="36,42,11,46,98,108,0,131,107,18,41,126,103" hai2="111,121,9,97,12,66,117,127,94,128,124,10,75" hai3="28,96,48,134,55,120,87,115,22,14,100,113,64"/><W37/><G120/><T112/><D118/><U1/><E108/><V84/><F117/><W13/><G37/><T72/><D110/><U4/><E131/><V32/><F111/><W76/><G134/><T71/><D72/><U50/><E126/><N who="2" m="48171" /><F75/><W82/><G113/><T122/><D122/><U40/><E1/><V125/><F32/><W54/><G54/><T70/><D112/><U114/><E114/><V39/><F39/><W56/><G115/><T80/><D34/><U38/><REACH who="1" step="1"/><E18/><REACH who="1" ten="295,180,275,230" step="2"/><V119/><F128/><W89/><G28/><T90/><D2/><U53/><AGARI ba="1,2" hai="0,4,11,36,38,40,41,42,46,50,53,98,103,107" machi="53" ten="30,4000,0" yaku="1,1,2,1,0,1,53,0" doraHai="57" doraHaiUra="133" who="1" fromWho="1" sc="295,-11,180,63,275,-11,230,-21" /><INIT seed="4,0,0,4,4,41" ten="284,243,264,209" oya="0" hai0="96,117,58,59,17,51,19,111,87,85,50,54,30" hai1="121,74,94,130,98,81,64,53,122,23,3,114,20" hai2="133,42,21,69,34,105,39,55,99,71,15,88,11" hai3="14,70,63,104,7,113,116,126,76,120,84,72,97"/><T45/><D117/><U25/><E3/><V83/><F34/><W57/><G70/><T22/><D111/><U115/><E64/><V100/><F133/><W73/><G116/><T62/><D96/><U128/><E53/><V29/><F39/><W68/><G68/><T40/><D30/><U101/><E23/><V129/><F129/><N who="1" m="49769" /><E20/><V80/><F42/><W125/><G7/><T60/><D51/><U47/><E47/><V107/><F107/><W131/><G14/><T106/><D106/><U90/><E25/><V12/><F83/><W10/><G131/><T109/><D109/><U91/><E91/><V36/><F36/><W119/><G10/><T28/><D28/><U89/><E89/><V95/><F80/><W132/><G63/><T4/><D4/><U26/><E26/><V32/><F55/><W13/><G13/><T8/><D8/><U52/><E52/><V67/><F32/><W93/><G57/><T46/><D46/><U31/><E31/><V38/><F38/><W0/><G0/><T82/><D22/><U18/><E18/><N who="0" m="6665" /><D82/><U6/><E6/><V49/><F49/><W2/><G2/><T77/><D77/><N who="1" m="44215" /><E90/><V124/><F11/><W56/><G72/><T27/><D27/><U61/><E61/><V102/><F29/><W65/><G73/><T44/><D44/><U112/><AGARI ba="0,0" hai="94,98,101,112,114,115,121,122" m="44215,49769" machi="112" ten="40,8000,1" yaku="15,1,11,1,19,1,34,2" doraHai="41" who="1" fromWho="1" sc="284,-40,243,80,264,-20,209,-20" /><INIT seed="5,0,0,4,3,9" ten="244,323,244,189" oya="1" hai0="50,27,11,129,113,4,69,28,134,3,118,90,70" hai1="91,37,22,89,73,110,15,133,92,85,47,76,12" hai2="30,38,31,126,124,72,105,21,0,109,121,132,54" hai3="74,1,80,99,39,125,96,59,107,67,94,24,116"/><U87/><E133/><V7/><F105/><W120/><G1/><T34/><D118/><U75/><E110/><V112/><F72/><W19/><G39/><T18/><D134/><U77/><E37/><V52/><F38/><W6/><G6/><T97/><D113/><U111/><E111/><V86/><F109/><W33/><G116/><T35/><D129/><U135/><E135/><V63/><F121/><W25/><G120/><T60/><D35/><U41/><E22/><V83/><F132/><W13/><G125/><N who="2" m="48233" /><F63/><W65/><G107/><T51/><D90/><U130/><E47/><V78/><F112/><W42/><G33/><T17/><D97/><U32/><E32/><V104/><F104/><W123/><G123/><T20/><D18/><U64/><E64/><V43/><F43/><W84/><G74/><T108/><D108/><U49/><E41/><V2/><F7/><W79/><G42/><T88/><D88/><U56/><E130/><V36/><F36/><W16/><G99/><T128/><D128/><U8/><E75/><V14/><F31/><W93/><G93/><T127/><D127/><U45/><E73/><V115/><F115/><W98/><G98/><T46/><D60/><U114/><E114/><V55/><F30/><W102/><G67/><T40/><REACH who="0" step="1"/><D51/><REACH who="0" ten="234,323,244,189" step="2"/><U44/><E49/><V100/><F100/><W61/><REACH who="3" step="1"/><G19/><AGARI ba="0,1" hai="0,2,14,19,21,52,54,55,78,83,86" m="48233" machi="19" ten="30,3900,0" yaku="18,1,52,1,54,1" doraHai="9" who="2" fromWho="3" sc="234,0,323,0,244,49,189,-39" /><INIT seed="6,0,0,4,1,82" ten="234,323,293,150" oya="2" hai0="58,45,101,126,96,28,20,121,19,107,125,133,53" hai1="17,100,40,2,92,65,42,135,70,112,111,119,102" hai2="15,132,49,76,38,67,37,127,55,81,60,124,79" hai3="61,57,130,48,115,75,78,7,69,114,27,52,72"/><V1/><F1/><W3/><G130/><T44/><D28/><U84/><E111/><V129/><F132/><W24/><G7/><T83/><D121/><U46/><E112/><N who="3" m="43050" /><G3/><T25/><D133/><U122/><E119/><V131/><F15/><W87/><G69/><T93/><D107/><U59/><E42/><V11/><F11/><W54/><G72/><T32/><D32/><U77/><E70/><N who="2" m="42343" /><F79/><W90/><G78/><T12/><D12/><U117/><E122/><V35/><F35/><W33/><G75/><T105/><D105/><U94/><E117/><V118/><F118/><W36/><G36/><N who="2" m="13929" /><F81/><N who="3" m="49519" /><G33/><T62/><REACH who="0" step="1"/><D83/><REACH who="0" ten="224,323,293,150" step="2"/><U31/><E135/><V9/><F9/><W109/><G109/><T22/><D22/><U120/><E120/><V95/><F95/><W43/><G43/><T34/><D34/><U51/><E94/><V86/><F129/><W98/><G98/><T8/><D8/><U116/><E116/><V26/><F131/><W68/><G68/><T104/><D104/><U21/><E92/><V103/><F103/><W80/><G80/><T41/><D41/><U18/><E102/><V39/><F26/><W106/><G106/><T108/><D108/><U134/><E134/><V128/><F128/><W5/><G5/><T74/><D74/><U71/><E100/><V73/><F73/><W50/><G61/><T6/><D6/><U4/><E4/><V85/><F76/><W56/><AGARI ba="0,1" hai="24,27,48,50,52,54,56,57" m="49519,43050" machi="56" ten="30,7900,0" yaku="15,1,11,1,52,1,54,1" doraHai="82" who="3" fromWho="3" sc="224,-20,323,-20,293,-39,150,89" /><INIT seed="7,0,0,1,5,108" ten="204,303,254,239" oya="3" hai0="109,78,90,94,135,52,38,9,6,57,1,12,53" hai1="55,125,2,23,123,76,72,102,105,75,104,113,20" hai2="107,61,67,69,122,40,22,56,82,50,60,4,27" hai3="45,35,89,71,37,133,110,91,93,16,87,48,5"/><W64/><G37/><T30/><D109/><U79/><E55/><V68/><F107/><W84/><G35/><T63/><D135/><U124/><E102/><V97/><F122/><W120/><G133/><T98/><D38/><U10/><E10/><V73/><F97/><W103/><G103/><T8/><D30/><U29/><E29/><V85/><F73/><W42/><G110/><T130/><D130/><U36/><E36/><V11/><F40/><W34/><G34/><T115/><D78/><U49/><E49/><V7/><F50/><W47/><G47/><T132/><D132/><U134/><E134/><V127/><F60/><W99/><G64/><T81/><D81/><U121/><E2/><V25/><F25/><W54/><G71/><T3/><D115/><AGARI ba="0,0" hai="20,23,72,75,76,79,104,105,113,115,121,123,124,125" machi="115" ten="25,6400,0" yaku="22,2,52,2" doraHai="108" who="1" fromWho="0" sc="204,-64,303,64,254,0,239,0" owari="140,-36.0,367,47.0,254,5.0,239,-16.0" /></mjloggm>