<mjloggm ver="2.3"><GO type="41" lobby="0"/><UN n0="%E3%83%86%E3%83%83%E3%83%9A%E3%82%A4" n1="%E7%99%BD%E3%83%90%E3%83%A9%E5%A7%AB" n2="%E3%81%82%E3%81%A3%E3%81%A8%E3%81%AB%E3%82%83%E3%82%93" n3="%E2%93%9D%53%75%70%68%78" dan="15,13,15,18" rate="2026.75,1897.98,1969.94,2163.77" sx="M,M,M,M"/><TAIKYOKU oya="0"/><INIT seed="0,0,0,5,1,28" ten="250,250,250,250" oya="0" hai0="6,31,135,89,129,21,94,102,32,91,47,4,46" hai1="87,84,56,96,45,103,117,42,113,123,81,97,131" hai2="27,122,107,54,78,11,7,118,26,16,51,44,70" hai3="128,35,79,53,112,36,92,8,111,126,60,67,43"/><T30/><D129/><U55/><E131/><V115/><F122/><W105/><G111/><T98/><D135/><U72/><E113/><V74/><F115/><W108/><G108/><T0/><D32/><U58/><E117/><V50/><F118/><W66/><G105/><T20/><D0/><U63/><E96/><V24/><F70/><W23/><G126/><T13/><D102/><U37/><E56/><V88/><F78/><W127/><G43/><T64/><D64/><U29/><E29/><N who="0" m="10761" /><D89/><U109/><E109/><V19/><F74/><W82/><G67/><T69/><D69/><U110/><E110/><V80/><F51/><W121/><G127/><T125/><D125/><U33/><E123/><V65/><F65/><W34/><G66/><T12/><D12/><U99/><E99/><V90/><F107/><W83/><G35/><T25/><D25/><U106/><REACH who="1" step="1"/><E33/><REACH who="1" ten="250,240,250,250" step="2"/><V116/><F116/><W14/><G34/><T124/><D124/><U133/><E133/><V134/><F134/><W104/><G128/><T68/><D68/><U101/><E101/><V18/><REACH who="2" step="1"/><F80/><REACH who="2" ten="250,240,240,250" step="2"/><W132/><G83/><T59/><D94/><U73/><E73/><V40/><F40/><W48/><G92/><T22/><D98/><U75/><E75/><V119/><F119/><W76/><G132/><T95/><D95/><U62/><E62/><V71/><F71/><W49/><G60/><T10/><D91/><U61/><E61/><V15/><AGARI ba="0,2" hai="7,11,15,16,18,19,24,26,27,44,50,54,88,90" machi="15" ten="30,8000,1" yaku="1,1,0,1,8,1,54,2,53,0" doraHai="28" doraHaiUra="77" who="2" fromWho="2" sc="250,-40,240,-20,240,100,250,-20" /><INIT seed="1,0,0,4,3,117" ten="210,220,340,230" oya="1" hai0="40,104,21,77,69,100,39,29,78,1,79,109,26" hai1="127,17,90,87,89,6,4,118,88,76,34,130,101" hai2="75,2,28,74,16,103,27,133,85,45,128,20,44" hai3="32,14,106,116,8,53,81,58,48,19,55,111,107"/><U68/><E34/><V24/><F2/><W61/><G111/><T119/><D1/><U25/><E118/><V43/><F133/><W42/><G116/><T0/><D0/><U126/><E68/><V110/><F128/><W72/><G32/><T57/><D119/><U120/><E130/><V92/><F110/><W56/><REACH who="3" step="1"/><G42/><REACH who="3" ten="210,220,340,220" step="2"/><T7/><D109/><U36/><E127/><V102/><F43/><W94/><G94/><T113/><D40/><U33/><E126/><V135/><F135/><W38/><G38/><T62/><D39/><U123/><E33/><V46/><F75/><W108/><G108/><T63/><D104/><U66/><E36/><V122/><F74/><W115/><G115/><T60/><D113/><U97/><E66/><V22/><F122/><W35/><G35/><T11/><D69/><U51/><E120/><V125/><F125/><W18/><G18/><T50/><D7/><U112/><E123/><V37/><F37/><W64/><G64/><T99/><D29/><U132/><E112/><V41/><F41/><W121/><G121/><T98/><D78/><AGARI ba="0,1" hai="8,14,19,48,53,55,56,58,61,72,78,81,106,107" machi="78" ten="40,1300,0" yaku="1,1,53,0" doraHai="117" doraHaiUra="129" who="3" fromWho="0" sc="210,-13,220,0,340,0,220,23" /><INIT seed="2,0,0,2,0,71" ten="197,220,340,243" oya="2" hai0="58,130,78,116,106,134,123,76,64,118,107,55,119" hai1="109,18,46,98,25,90,108,133,44,4,81,22,33" hai2="49,36,75,31,26,113,128,54,29,32,8,125,72" hai3="21,82,120,92,79,132,63,27,114,110,3,117,30"/><V121/><F113/><W103/><G117/><T68/><D123/><U20/><E33/><V45/><F121/><W84/><G120/><T131/><D68/><U91/><E4/><V38/><F31/><W61/><G110/><T85/><D64/><U37/><E133/><V13/><F125/><W7/><G132/><T51/><D134/><U87/><E22/><V0/><F128/><N who="0" m="49194" /><D85/><U101/><E90/><V129/><F129/><W83/><G114/><T39/><D39/><U95/><REACH who="1" step="1"/><E37/><REACH who="1" ten="197,210,340,243" step="2"/><V5/><REACH who="2" step="1"/><F0/><REACH who="2" ten="197,210,330,243" step="2"/><W65/><G3/><T24/><D116/><U99/><E99/><V59/><F59/><W42/><G30/><T12/><D58/><U28/><E28/><V40/><F40/><W43/><G43/><T41/><D41/><U89/><E89/><V52/><F52/><W70/><G42/><T127/><D55/><U14/><E14/><V111/><F111/><AGARI ba="0,2" hai="18,20,25,44,46,81,87,91,95,98,101,108,109,111" machi="111" ten="40,5200,0" yaku="1,1,14,1,53,1" doraHai="71" doraHaiUra="97" who="1" fromWho="2" sc="197,0,210,72,330,-52,243,0" /><INIT seed="3,0,0,1,2,106" ten="197,282,278,243" oya="3" hai0="132,60,39,123,40,36,44,89,19,29,45,78,77" hai1="22,5,15,85,115,13,17,103,81,38,100,126,68" hai2="20,84,42,135,12,32,104,94,66,56,53,101,24" hai3="21,92,107,122,10,65,34,117,0,82,119,127,23"/><W1/><G107/><T113/><D123/><U75/><E115/><V67/><F135/><W73/><G65/><T116/><D116/><U46/><E126/><V95/><F104/><W4/><G92/><T41/><D113/><U61/><E5/><V80/><F32/><W70/><G70/><T108/><D132/><U8/><E61/><V16/><F42/><W2/><G82/><T99/><D108/><U49/><E68/><V48/><F94/><W27/><G73/><T105/><D60/><U83/><E38/><V62/><F24/><W133/><G133/><T129/><D129/><U47/><E85/><V91/><F62/><W111/><G127/><T76/><D29/><U120/><E120/><V35/><F35/><W130/><G122/><T25/><D25/><U97/><E97/><AGARI ba="0,0" hai="12,16,20,48,53,56,66,67,80,84,91,95,97,101" machi="97" ten="40,2600,0" yaku="8,1,54,1" doraHai="106" who="2" fromWho="1" sc="197,0,282,-26,278,26,243,0" /><INIT seed="4,0,0,1,5,129" ten="197,256,304,243" oya="0" hai0="123,93,121,77,131,101,58,40,45,42,103,5,67" hai1="15,30,1,57,102,98,128,49,36,13,22,89,116" hai2="52,65,7,100,106,124,50,96,62,132,125,44,71" hai3="99,33,6,87,104,109,25,63,11,10,134,73,18"/><T46/><D131/><U80/><E128/><V135/><REACH who="2" step="1"/><F7/><REACH who="2" ten="197,256,294,243" step="2"/><W8/><G6/><T115/><D5/><U54/><E116/><V91/><F91/><W27/><G109/><T20/><D115/><U9/><E1/><V61/><F61/><W68/><G63/><T29/><D121/><U90/><E89/><V78/><F78/><W28/><G68/><T31/><D123/><U86/><E36/><V110/><F110/><W38/><G38/><T26/><D77/><U43/><E43/><V82/><F82/><W17/><G11/><T56/><D40/><U34/><E9/><V107/><F107/><W47/><G10/><T79/><D79/><U59/><E34/><V113/><F113/><W12/><G104/><T14/><D42/><U64/><E90/><V60/><F60/><W122/><G33/><T35/><D35/><U69/><E80/><V72/><F72/><W85/><G73/><T51/><D51/><U108/><E69/><V119/><F119/><W94/><G8/><T92/><D93/><U32/><E49/><V41/><F41/><W126/><G94/><T88/><D92/><U19/><E32/><V66/><F66/><W83/><G83/><T70/><D88/><U23/><E64/><V3/><F3/><W76/><G76/><T39/><D39/><U130/><E108/><V37/><F37/><W2/><G2/><T111/><D111/><U0/><E0/><V21/><F21/><W24/><G122/><T84/><D70/><U120/><E22/><V112/><F112/><W55/><G87/><T127/><D67/><U75/><E120/><RYUUKYOKU ba="0,1" sc="197,-10,256,-10,294,30,243,-10" hai2="44,50,52,62,65,71,96,100,106,124,125,132,135" /><INIT seed="5,1,1,1,5,45" ten="187,246,324,233" oya="1" hai0="130,69,13,68,84,2,78,54,97,63,101,1,12" hai1="35,15,133,21,72,109,5,82,23,74,0,125,37" hai2="59,70,55,132,22,102,10,103,29,24,38,76,99" hai3="67,121,56,112,32,36,25,87,57,58,26,20,120"/><U107/><E35/><V6/><F132/><W92/><G36/><T129/><D78/><U98/><E133/><V123/><F123/><W51/><G112/><T16/><D84/><U53/><E125/><V46/><F70/><N who="0" m="27242" /><D54/><U41/><E53/><V122/><F122/><W131/><G131/><N who="0" m="50187" /><D63/><U42/><E41/><V66/><F76/><W9/><G121/><T80/><D80/><U134/><E134/><V106/><F66/><W128/><G67/><T71/><N who="0" m="27250" /><T100/><DORA hai="105" /><D13/><U94/><E107/><V85/><F85/><W52/><G120/><T116/><D116/><U75/><E82/><V31/><F31/><W48/><G128/><T60/><D60/><U17/><E109/><V43/><F99/><W7/><G52/><T14/><D14/><U30/><E30/><V62/><F106/><W40/><G87/><T50/><D50/><U108/><E108/><V47/><F47/><W91/><G51/><T104/><D101/><U44/><E23/><AGARI ba="1,1" hai="1,2,12,16,23,97,100,104" m="50187,27250" machi="23" ten="40,2600,0" yaku="19,1,54,1" doraHai="45,105" who="0" fromWho="1" sc="187,39,246,-29,324,0,233,0" /><INIT seed="6,0,0,1,4,86" ten="226,217,324,233" oya="2" hai0="66,19,69,54,17,1,120,5,76,111,6,9,43" hai1="14,88,8,90,81,117,121,65,72,26,109,51,53" hai2="28,91,122,47,46,79,12,35,22,130,56,40,99" hai3="61,125,77,100,82,63,128,29,59,95,123,32,27"/><V127/><F122/><W49/><G128/><T116/><D120/><U60/><E121/><V41/><F35/><W34/><G125/><T98/><D111/><U50/><E109/><V119/><F119/><W94/><G34/><T45/><D116/><U97/><E117/><V115/><F127/><W70/><G123/><T37/><D5/><U16/><E26/><N who="2" m="16471" /><F115/><W129/><G129/><T55/><D98/><U39/><E39/><V74/><F74/><W75/><G100/><T24/><D76/><U93/><E53/><V112/><F112/><W118/><G118/><T85/><D85/><N who="1" m="50479" /><E72/><V23/><F79/><W10/><G77/><T131/><D131/><U20/><E20/><V68/><F68/><W83/><G70/><T52/><REACH who="0" step="1"/><D24/><REACH who="0" ten="216,217,324,233" step="2"/><U133/><E133/><V30/><F130/><W64/><G75/><T101/><D101/><U33/><E33/><V96/><F96/><W13/><G32/><T73/><D73/><U106/><E106/><V114/><F114/><W107/><G107/><T135/><D135/><U58/><AGARI ba="0,1" hai="8,14,16,50,51,58,60,65,88,93,97" m="50479" machi="58" ten="30,8000,1" yaku="8,1,52,2,54,2" doraHai="86" who="1" fromWho="1" sc="216,-20,217,90,324,-40,233,-20" /><INIT seed="7,0,0,0,5,94" ten="196,307,284,213" oya="3" hai0="54,53,77,106,72,110,66,22,70,23,43,29,67" hai1="113,84,60,13,1,82,4,102,74,103,108,17,131" hai2="115,28,40,85,35,119,96,62,32,100,133,27,73" hai3="125,49,31,12,50,81,57,127,69,109,25,104,124"/><W26/><G69/><T111/><D106/><U34/><E108/><N who="0" m="41513" /><D70/><U52/><E74/><V126/><F119/><W61/><G109/><T76/><D72/><U80/><E34/><V130/><F73/><W39/><G39/><T18/><D43/><U5/><E1/><V75/><F75/><W71/><G71/><T19/><D29/><U7/><E131/><V89/><F130/><W83/><G12/><T14/><D14/><U120/><E113/><V46/><F115/><W99/><G50/><T116/><D116/><U51/><E60/><V37/><F62/><W90/><G49/><T33/><D33/><U117/><E120/><V58/><F58/><W132/><G132/><T2/><D2/><U98/><E98/><V123/><F32/><N who="3" m="20591" /><G26/><T134/><D134/><U63/><E63/><V9/><F123/><W78/><G78/><N who="0" m="30315" /><D53/><U122/><E122/><V36/><F133/><W114/><G114/><T10/><D10/><N who="1" m="6327" /><E117/><V88/><F9/><W16/><G16/><N who="0" m="6187" /><D54/><U55/><E52/><V86/><F36/><W24/><G24/><T41/><D41/><U64/><E64/><AGARI ba="0,0" hai="22,23,64,66,67" m="6187,30315,41513" machi="64" ten="30,3900,0" yaku="28,2,54,1" doraHai="94" who="0" fromWho="1" sc="196,39,307,-39,284,0,213,0" /><INIT seed="8,0,0,5,1,124" ten="235,268,284,213" oya="0" hai0="92,32,0,130,29,5,108,56,111,39,120,77,24" hai1="72,71,113,105,60,58,68,126,51,63,54,88,35" hai2="121,132,91,12,74,64,61,26,69,110,27,103,52" hai3="101,65,107,128,94,79,87,106,33,20,123,50,9"/><T37/><D77/><U95/><E105/><V98/><F110/><N who="0" m="42026" /><D120/><U76/><E113/><V114/><F114/><W17/><G33/><T67/><D92/><U115/><E35/><V89/><F74/><W75/><G65/><T47/><D47/><U100/><E126/><V16/><F121/><W97/><G123/><T4/><D130/><U116/><E116/><V122/><F132/><W21/><G107/><T119/><D119/><U6/><E100/><V99/><F99/><W18/><G75/><T25/><D25/><U2/><E115/><V104/><F26/><W83/><G106/><T36/><D0/><U80/><E63/><AGARI ba="0,0" hai="4,5,24,29,32,36,37,39,56,63,67" m="42026" machi="63" ten="40,2000,0" yaku="10,1" doraHai="124" who="0" fromWho="1" sc="235,20,268,-20,284,0,213,0" /><INIT seed="8,1,0,1,1,36" ten="255,248,284,213" oya="0" hai0="0,113,55,99,116,19,57,54,10,35,2,79,124" hai1="16,3,20,31,50,68,98,71,92,107,9,93,111" hai2="32,135,4,76,64,45,26,29,39,126,129,91,66" hai3="44,133,78,58,7,110,22,74,72,119,11,60,95"/><T80/><D113/><U73/><E73/><V128/><F126/><W5/><G110/><T85/><D124/><U77/><E77/><V96/><F135/><W121/><G133/><T49/><D35/><U83/><E83/><V53/><F76/><W104/><G104/><T59/><D116/><U131/><E111/><V120/><F120/><W123/><G22/><T89/><D19/><U33/><E131/><N who="2" m="50251" /><F4/><W102/><G7/><T88/><D10/><U132/><E132/><V30/><F30/><W18/><G18/><T67/><D67/><U42/><E107/><V90/><F90/><W37/><G119/><T46/><D46/><U94/><E98/><V21/><F32/><W87/><G74/><T63/><REACH who="0" step="1"/><D99/><REACH who="0" ten="245,248,284,213" step="2"/><U61/><E33/><V56/><F45/><W84/><G123/><T17/><D17/><U28/><E9/><V1/><F64/><W34/><G34/><T134/><D134/><U106/><E16/><V40/><F66/><W41/><G121/><T105/><D105/><U38/><E106/><V14/><F14/><W62/><G11/><T24/><D24/><U100/><E3/><AGARI ba="1,1" hai="0,2,3,49,54,55,57,59,63,79,80,85,88,89" machi="3" ten="40,12000,1" yaku="1,1,54,1,53,2" doraHai="36" doraHaiUra="48" who="0" fromWho="1" sc="245,133,248,-123,284,0,213,0" owari="378,48.0,125,-37.0,284,8.0,213,-19.0" /></mjloggm>