<mjloggm ver="2.3"><GO type="41" lobby="0"/><UN n0="%E3%81%9D%E3%81%AE%E3%81%AE" n1="%E2%93%9D%53%75%70%68%78" n2="%E3%82%A4%E3%83%A2%E3%82%BF%E3%83%AC" n3="%E2%98%86%E5%AD%AB%E7%87%95%E5%A7%BF%E2%98%86" dan="15,18,13,15" rate="1990.48,2126.36,1814.93,2000.21" sx="F,M,F,M"/><TAIKYOKU oya="0"/><INIT seed="0,0,0,4,2,47" ten="250,250,250,250" oya="0" hai0="1,6,52,118,34,63,7,50,96,87,92,61,14" hai1="91,19,122,78,5,71,62,24,77,109,11,2,72" hai2="66,116,40,9,126,31,12,135,112,107,88,111,94" hai3="42,124,70,53,102,75,103,86,98,58,57,85,27"/><T129/><D118/><U43/><E109/><V133/><F112/><W80/><G70/><T134/><D34/><U73/><E122/><V68/><F111/><W69/><G69/><T95/><D1/><U25/><E91/><V74/><F107/><W84/><G124/><T105/><D105/><U44/><E78/><V13/><F74/><W55/><G75/><T36/><D36/><U30/><E19/><V125/><F40/><W117/><G42/><T101/><D134/><N who="2" m="51210" /><F31/><W16/><G80/><T8/><D6/><U60/><E25/><V119/><F66/><W21/><G117/><N who="2" m="45129" /><F68/><W20/><G20/><T130/><D130/><U104/><E104/><V54/><F54/><N who="3" m="20491" /><G98/><T115/><D129/><U79/><E73/><V108/><F108/><W41/><G41/><T23/><D23/><U15/><E72/><V114/><F114/><W4/><G4/><T89/><D115/><U26/><E71/><V39/><F39/><W82/><G82/><T56/><AGARI ba="0,0" hai="7,8,14,50,52,56,61,63,87,89,92,95,96,101" machi="56" ten="20,12000,1" yaku="0,1,7,1,8,1,52,1,54,1" doraHai="47" who="0" fromWho="0" sc="250,120,250,-40,250,-40,250,-40" /><INIT seed="0,1,0,3,0,50" ten="370,210,210,210" oya="0" hai0="14,41,95,60,23,5,58,10,54,68,100,90,85" hai1="13,35,56,46,115,94,102,6,65,64,21,91,87" hai2="30,132,55,39,3,101,59,45,114,86,126,17,76" hai3="83,121,11,82,53,112,89,2,66,88,34,7,103"/><T125/><D125/><U122/><E35/><V97/><F114/><W113/><G121/><T38/><D68/><U4/><E122/><V107/><F132/><W80/><G34/><T18/><D38/><U26/><E115/><V135/><F135/><W37/><G37/><T111/><D111/><U70/><E70/><V62/><F3/><W130/><G130/><T9/><D41/><U117/><E117/><V128/><F128/><W48/><G66/><T36/><D36/><U79/><E46/><V31/><F126/><W72/><G72/><T42/><D42/><U74/><E102/><V0/><F0/><W32/><G32/><T33/><D33/><U19/><E74/><V105/><F105/><W108/><G103/><T43/><D43/><U116/><E79/><V28/><F39/><W69/><G69/><T27/><D100/><U104/><E104/><V73/><F73/><W119/><G119/><T129/><D129/><U22/><E116/><V84/><F45/><W15/><G108/><T57/><D10/><U78/><E78/><V63/><F76/><W75/><G75/><T92/><D58/><U16/><REACH who="1" step="1"/><E56/><REACH who="1" ten="370,200,210,210" step="2"/><V81/><F81/><AGARI ba="1,1" hai="5,9,14,18,23,27,54,57,60,81,85,90,92,95" machi="81" ten="30,5800,0" yaku="7,1,8,1,52,1" doraHai="50" who="0" fromWho="2" sc="370,71,200,0,210,-61,210,0" /><INIT seed="0,2,0,5,3,74" ten="441,200,149,210" oya="0" hai0="75,79,53,76,94,1,127,23,97,135,15,84,66" hai1="48,20,50,11,47,59,51,31,68,134,19,119,72" hai2="41,52,102,6,114,115,21,104,34,24,132,81,108" hai3="25,82,49,130,38,27,7,96,18,103,112,57,73"/><T61/><D1/><U36/><E68/><V3/><F108/><W35/><G112/><T107/><D107/><U30/><E72/><V109/><F109/><W126/><G38/><T40/><D40/><U105/><E105/><V88/><F132/><W42/><G130/><T80/><D135/><U39/><E119/><V106/><F34/><W133/><G133/><T14/><D53/><U33/><E33/><V54/><F41/><W63/><G7/><T64/><D127/><U29/><E134/><V77/><F106/><W28/><G126/><T69/><D66/><U8/><E59/><V117/><F117/><W67/><G25/><T86/><D75/><U111/><E111/><V65/><F65/><W16/><G42/><T58/><D69/><U91/><E91/><V85/><F6/><W90/><G49/><T101/><D23/><U98/><E98/><V12/><F12/><W131/><G131/><T99/><D99/><U17/><E20/><V9/><F9/><N who="1" m="3657" /><E47/><V118/><F3/><W128/><G128/><T22/><D22/><U100/><E100/><V95/><F118/><W110/><G110/><T125/><D125/><U55/><E55/><N who="2" m="21035" /><F102/><W113/><G113/><T70/><D70/><U87/><E87/><N who="0" m="33321" /><D80/><U62/><E62/><V4/><F104/><N who="3" m="63591" /><G73/><T5/><D5/><U78/><E39/><V121/><F4/><W13/><G13/><AGARI ba="2,0" hai="13,14,15,58,61,64,76,79,94,97,101" m="33321" machi="13" ten="30,5800,0" yaku="8,1,52,2" doraHai="74" who="0" fromWho="3" sc="441,64,200,0,149,0,210,-64" /><INIT seed="0,3,0,0,2,105" ten="505,200,149,146" oya="0" hai0="87,33,130,4,129,115,54,48,114,134,95,14,109" hai1="29,67,83,57,18,66,45,12,112,103,116,58,11" hai2="25,96,119,46,88,111,70,0,97,31,17,99,71" hai3="8,80,90,24,47,36,124,35,40,23,7,50,60"/><T32/><D95/><U38/><E116/><V131/><F0/><W92/><G124/><T133/><D87/><U28/><E112/><N who="0" m="43049" /><D54/><U81/><E38/><V91/><F119/><W42/><G35/><N who="0" m="13387" /><D48/><U104/><E104/><V79/><F79/><W69/><G80/><N who="1" m="30794" /><E103/><V113/><F113/><W30/><G69/><T3/><D14/><U20/><E45/><V37/><F37/><W122/><G122/><T9/><D109/><U89/><E89/><V65/><F46/><W82/><G82/><T61/><D61/><N who="1" m="38191" /><E11/><V44/><F44/><W62/><G42/><T120/><D120/><U127/><E127/><V107/><F111/><W123/><G123/><T93/><D93/><U26/><E12/><V128/><F107/><W22/><G22/><T85/><D85/><U110/><E110/><V55/><F55/><W72/><G36/><T78/><D78/><U56/><E67/><V98/><N who="2" m="24576" /><DORA hai="64" /><V13/><F65/><W132/><G8/><T126/><D126/><U1/><E1/><V101/><F101/><W106/><G106/><T27/><D27/><U108/><E108/><V41/><F41/><W102/><G102/><T74/><D74/><U117/><E117/><V51/><F51/><W2/><G72/><T6/><D6/><U118/><E118/><V34/><F91/><W59/><G90/><T100/><D100/><U43/><E43/><V63/><F88/><W121/><G121/><T21/><D21/><U94/><E94/><V86/><F86/><W16/><G92/><T19/><D19/><U73/><E73/><V49/><F49/><W84/><G50/><RYUUKYOKU ba="3,0" sc="505,15,200,15,149,-15,146,-15" hai0="3,4,9,129,130,133,134" hai1="18,20,26,28,29,56,58" /><INIT seed="0,4,0,4,3,77" ten="520,215,134,131" oya="0" hai0="35,41,70,47,64,72,104,85,121,65,108,0,57" hai1="89,43,107,12,60,103,22,76,49,116,100,51,9" hai2="7,32,15,68,83,128,38,1,96,74,5,97,4" hai3="113,75,133,88,78,101,52,87,17,46,62,14,134"/><T3/><D121/><U71/><E116/><V48/><F38/><W61/><G113/><T16/><D104/><U11/><E76/><V63/><F1/><W81/><G101/><T132/><D72/><U119/><E71/><V115/><F32/><W114/><G114/><T123/><D123/><U39/><E60/><V33/><F33/><W126/><G126/><T19/><D35/><U20/><E39/><V124/><F124/><W53/><G78/><T18/><D70/><U84/><E107/><V99/><F115/><W44/><G75/><T34/><D34/><U6/><E119/><V45/><F128/><W26/><G26/><T93/><D57/><U69/><E69/><V24/><F24/><W54/><G134/><T40/><D132/><U111/><E111/><V36/><F36/><W8/><G133/><T117/><D117/><U73/><E73/><V130/><F130/><W55/><N who="3" m="13312" /><DORA hai="13" /><W30/><G30/><T120/><D120/><U91/><E43/><N who="0" m="16457" /><D47/><AGARI ba="4,0" hai="8,14,17,44,46,47,61,62,81,87,88" m="13312" machi="47" ten="50,8000,1" yaku="8,1,52,2,54,2" doraHai="77,13" who="3" fromWho="0" sc="520,-92,215,0,134,0,131,92" /><INIT seed="1,0,0,2,0,117" ten="428,215,134,223" oya="1" hai0="109,3,80,70,105,31,66,14,88,128,79,27,116" hai1="90,89,127,87,103,99,4,122,93,132,11,46,8" hai2="107,43,15,24,20,56,33,104,32,35,7,85,51" hai3="84,17,25,26,125,37,129,65,126,111,0,114,92"/><U133/><E127/><N who="3" m="48650" /><G114/><T75/><D116/><U50/><E122/><V59/><F104/><W96/><G37/><T94/><D3/><U23/><E23/><V100/><F107/><W119/><G0/><T29/><D14/><U40/><E90/><V47/><F100/><W121/><G119/><T73/><D105/><U97/><E97/><V58/><F85/><W106/><G65/><T13/><D13/><U134/><REACH who="1" step="1"/><E4/><REACH who="1" ten="428,205,134,223" step="2"/><V131/><F131/><W61/><G96/><T71/><D128/><U95/><AGARI ba="0,1" hai="8,11,40,46,50,87,89,93,95,99,103,132,133,134" machi="95" ten="30,11700,0" yaku="1,1,2,1,0,1,20,1,53,0" doraHai="117" doraHaiUra="124" who="1" fromWho="1" sc="428,-39,205,127,134,-39,223,-39" /><INIT seed="1,1,0,3,4,119" ten="389,332,95,184" oya="1" hai0="53,55,60,99,31,47,116,96,26,124,82,11,69" hai1="120,86,95,22,88,89,66,135,43,107,9,61,23" hai2="29,129,12,126,106,108,45,20,121,114,81,84,125" hai3="14,36,57,10,24,92,65,44,77,75,110,17,30"/><U103/><E135/><V48/><F121/><W132/><G132/><T112/><D116/><U117/><E117/><V94/><F106/><W104/><G104/><T101/><D112/><U1/><E43/><V54/><F114/><W35/><G110/><T46/><D82/><U42/><E42/><V98/><F108/><W19/><G36/><T72/><D72/><U128/><E128/><V131/><F29/><W80/><G44/><T133/><D133/><U90/><E120/><V134/><F134/><W32/><G92/><T105/><D11/><U93/><E107/><V7/><F20/><W5/><REACH who="3" step="1"/><G35/><REACH who="3" ten="389,332,95,174" step="2"/><T113/><D113/><U59/><E103/><V68/><F131/><W2/><G2/><T100/><D105/><U13/><E1/><V70/><F129/><W64/><G64/><T74/><D101/><U63/><E63/><AGARI ba="1,1" hai="5,10,14,17,19,24,30,32,57,63,65,75,77,80" machi="63" ten="40,1300,0" yaku="1,1,53,0" doraHai="119" doraHaiUra="51" who="3" fromWho="1" sc="389,0,332,-16,95,0,174,26" /><INIT seed="2,0,0,1,0,104" ten="389,316,95,200" oya="2" hai0="133,94,45,33,124,27,36,119,117,48,100,106,83" hai1="76,77,87,75,103,7,8,112,62,56,61,81,58" hai2="18,97,32,1,95,111,63,69,12,80,85,129,78" hai3="115,16,29,88,22,51,96,91,109,15,39,60,118"/><V59/><F129/><W40/><G118/><N who="0" m="45067" /><D36/><U92/><E112/><V125/><F125/><W84/><G39/><T102/><D124/><U55/><E103/><V121/><F121/><W70/><G109/><T53/><D83/><U114/><E114/><V6/><F32/><W49/><G115/><T74/><D74/><U86/><E92/><V3/><F69/><W38/><G29/><N who="0" m="19647" /><D106/><U34/><E34/><V0/><F111/><W43/><G70/><T2/><D2/><U127/><E77/><V99/><F6/><W120/><G120/><T82/><D82/><U126/><E126/><V46/><F46/><W123/><G123/><T73/><D73/><U5/><E5/><V113/><F113/><W10/><G60/><T135/><D94/><U50/><E127/><V107/><F107/><W47/><G96/><T131/><D131/><U67/><REACH who="1" step="1"/><E62/><REACH who="1" ten="389,306,95,200" step="2"/><V132/><F132/><AGARI ba="0,1" hai="45,48,53,100,102,132,133,135" m="19647,45067" machi="132" ten="30,2000,0" yaku="20,1,12,1" doraHai="104" who="0" fromWho="2" sc="389,30,306,0,95,-20,200,0" /><INIT seed="3,0,0,5,4,83" ten="419,306,75,200" oya="3" hai0="94,114,32,116,38,128,73,1,14,133,13,87,3" hai1="134,129,97,9,122,103,52,62,130,96,89,90,24" hai2="16,65,107,25,115,44,81,15,85,119,124,11,78" hai3="28,84,125,53,0,68,105,6,135,50,100,5,17"/><W10/><G68/><T23/><D116/><U51/><E122/><V7/><F115/><W112/><G112/><T121/><D121/><U102/><E62/><V33/><F119/><W61/><G135/><T74/><D38/><U99/><E9/><V39/><F124/><W111/><G125/><T47/><D32/><U56/><E24/><V35/><F107/><W80/><G61/><T60/><D114/><U64/><E64/><V104/><F104/><W57/><G28/><T120/><D120/><U69/><E69/><V8/><F65/><W93/><G105/><T79/><D47/><U67/><E67/><V36/><F25/><W42/><G42/><T22/><D60/><U132/><E90/><V41/><REACH who="2" step="1"/><F39/><REACH who="2" ten="419,306,65,200" step="2"/><W86/><G111/><T21/><D133/><U63/><E134/><V91/><F91/><N who="3" m="53479" /><G100/><T18/><D128/><U106/><E132/><V76/><F76/><N who="3" m="46343" /><G0/><AGARI ba="0,1" hai="0,7,8,11,15,16,33,35,36,41,44,78,81,85" machi="0" ten="30,12000,2" yaku="1,1,7,1,52,1,54,1,53,2" doraHai="83" doraHaiUra="31" who="2" fromWho="3" sc="419,0,306,0,65,130,200,-120" /><INIT seed="4,0,0,4,0,100" ten="419,306,195,80" oya="0" hai0="118,129,135,2,91,81,51,117,53,120,21,47,4" hai1="67,130,20,133,18,127,11,78,131,104,44,68,116" hai2="109,25,29,85,98,75,122,61,39,74,36,6,16" hai3="82,17,102,121,42,59,15,40,30,72,99,0,110"/><T111/><D120/><U97/><E116/><V88/><F109/><W134/><G110/><T31/><D111/><U12/><E78/><V43/><F122/><W32/><G0/><T24/><D129/><N who="1" m="49163" /><E44/><V103/><F6/><W71/><G121/><T1/><D135/><U58/><E68/><V93/><F61/><W132/><G71/><T80/><D1/><U37/><E37/><V23/><F29/><W38/><G30/><T84/><REACH who="0" step="1"/><D80/><REACH who="0" ten="409,306,195,80" step="2"/><U56/><E133/><V125/><F125/><W89/><G134/><T57/><D57/><U115/><E58/><V90/><F90/><W66/><G59/><T65/><D65/><U87/><E56/><V60/><F60/><W3/><G66/><T105/><D105/><U27/><E67/><V28/><F28/><W46/><G82/><T54/><D54/><U64/><E64/><V86/><F43/><W14/><G42/><T95/><D95/><U13/><E127/><V55/><F55/><W96/><G132/><T126/><D126/><U26/><E104/><V107/><REACH who="2" step="1"/><F86/><REACH who="2" ten="409,306,185,80" step="2"/><W52/><G52/><T123/><D123/><U76/><E87/><V35/><F35/><W106/><G32/><T69/><D69/><U22/><E76/><V7/><F7/><W101/><G89/><T113/><D113/><U45/><E115/><V9/><F9/><AGARI ba="0,2" hai="2,4,9,21,24,31,47,51,53,81,84,91,117,118" machi="9" ten="40,3900,0" yaku="1,1,53,1" doraHai="100" doraHaiUra="34" who="0" fromWho="2" sc="409,59,306,0,185,-39,80,0" /><INIT seed="4,1,0,3,3,72" ten="468,306,146,80" oya="0" hai0="102,57,54,24,62,123,6,48,3,112,108,41,98" hai1="126,78,94,58,110,59,56,82,97,122,5,43,33" hai2="92,130,132,125,49,19,67,4,128,135,83,30,131" hai3="65,81,115,106,121,103,29,45,15,105,104,111,127"/><T70/><D123/><U55/><E110/><V80/><F67/><W100/><G29/><T44/><D108/><U18/><E126/><V76/><F30/><W134/><G65/><T50/><D112/><U119/><E33/><V14/><F4/><W74/><G111/><T51/><D24/><U52/><E119/><V87/><F49/><W91/><G45/><T129/><D129/><U47/><E5/><V9/><F92/><W95/><G15/><T36/><D3/><U85/><E18/><V84/><REACH who="2" step="1"/><F125/><REACH who="2" ten="468,306,136,80" step="2"/><W107/><G127/><T7/><REACH who="0" step="1"/><D70/><REACH who="0" ten="458,306,136,80" step="2"/><U38/><REACH who="1" step="1"/><E122/><REACH who="1" ten="458,296,136,80" step="2"/><V2/><F2/><W101/><G121/><T46/><D46/><U17/><E17/><V26/><F26/><W124/><G124/><T113/><D113/><U20/><E20/><V27/><F27/><W60/><G115/><T118/><D118/><U0/><E0/><V28/><F28/><W10/><G10/><T114/><D114/><U117/><E117/><V66/><F66/><W89/><G107/><AGARI ba="1,3" hai="6,7,36,41,44,48,50,51,54,57,62,98,102,107" machi="107" ten="40,2000,0" yaku="1,1,53,0" doraHai="72" doraHaiUra="73" who="0" fromWho="3" sc="458,53,296,0,136,0,80,-23" /><INIT seed="4,2,0,0,5,17" ten="511,296,136,57" oya="0" hai0="23,1,83,105,80,19,26,133,6,65,72,5,123" hai1="49,34,54,90,91,56,117,63,95,115,39,59,62" hai2="110,87,3,55,0,32,88,47,60,85,118,16,28" hai3="122,52,27,58,134,108,36,61,132,15,86,37,120"/><T92/><D123/><N who="3" m="47145" /><G86/><T73/><D105/><U12/><E34/><V77/><F110/><W20/><G15/><T31/><D133/><N who="3" m="51305" /><G108/><T99/><D65/><U53/><E39/><V30/><F118/><W131/><G131/><T98/><D1/><U43/><E115/><V135/><F135/><W70/><G70/><T51/><D51/><U106/><E106/><V68/><F68/><W74/><G74/><T82/><D73/><U46/><E117/><V13/><F3/><W75/><G75/><T84/><D72/><U102/><E12/><V109/><F0/><W78/><G78/><T41/><D41/><U42/><E42/><V18/><F32/><W40/><G40/><T9/><D9/><U119/><E119/><V100/><F100/><W96/><G96/><AGARI ba="2,0" hai="43,46,49,53,54,56,59,62,63,90,91,95,96,102" machi="96" ten="40,2600,0" yaku="9,1,8,1" doraHai="17" who="1" fromWho="3" sc="511,0,296,32,136,0,57,-32" /><INIT seed="5,0,0,0,1,90" ten="511,328,136,25" oya="1" hai0="10,25,39,108,57,86,89,37,133,50,73,125,78" hai1="117,106,5,3,52,38,66,76,35,4,112,44,41" hai2="80,105,54,110,107,58,119,85,69,28,15,131,101" hai3="68,55,27,11,45,122,34,88,91,8,120,132,111"/><U115/><E117/><V62/><F110/><W118/><G111/><T9/><D108/><U103/><E66/><V87/><F131/><W2/><G68/><T51/><D73/><U47/><E35/><V94/><F119/><W20/><G118/><T135/><D78/><U127/><E127/><V21/><F69/><W84/><G91/><T24/><D125/><U18/><E18/><V121/><F121/><W7/><G34/><T17/><D17/><U113/><E76/><V75/><F75/><W99/><G132/><T0/><D86/><U49/><REACH who="1" step="1"/><E3/><REACH who="1" ten="511,318,136,25" step="2"/><V79/><F28/><W134/><G134/><T130/><D0/><U109/><E109/><V13/><F13/><W16/><G11/><T59/><D130/><U30/><E30/><V98/><REACH who="2" step="1"/><F87/><REACH who="2" ten="511,318,126,25" step="2"/><W100/><G84/><T102/><D135/><U104/><E104/><V26/><F26/><W14/><G27/><T29/><D133/><U65/><E65/><V67/><F67/><W56/><G14/><T81/><D29/><U6/><E6/><V43/><F43/><W60/><G7/><T77/><D25/><U42/><E42/><V92/><F92/><W1/><G1/><T63/><D24/><U46/><E46/><V40/><F40/><W83/><G2/><T19/><D10/><U129/><E129/><V123/><F123/><W96/><G122/><T61/><D9/><U23/><E23/><V64/><F64/><N who="3" m="38919" /><G8/><T72/><D19/><AGARI ba="0,2" hai="15,19,21,54,58,62,79,80,85,94,98,101,105,107" machi="19" ten="40,2600,0" yaku="1,1,52,1,53,0" doraHai="90" doraHaiUra="32" who="2" fromWho="0" sc="511,-26,318,0,126,46,25,0" /><INIT seed="6,0,0,1,2,134" ten="485,318,172,25" oya="2" hai0="13,41,101,62,88,78,40,58,22,46,117,69,18" hai1="80,90,71,0,68,76,129,50,52,89,73,8,38" hai2="100,11,77,121,44,28,120,92,123,47,5,6,119" hai3="122,93,56,23,131,15,104,67,74,126,115,116,7"/><V105/><F119/><W17/><G116/><T125/><D117/><U133/><E129/><V39/><F105/><W32/><G122/><T37/><D69/><U106/><E133/><V10/><F77/><W55/><G104/><T54/><D101/><U12/><E38/><V57/><F28/><W2/><G74/><T112/><D78/><U51/><E51/><V84/><F57/><W82/><G131/><T64/><D41/><U42/><E0/><V72/><F72/><W98/><G82/><T110/><D110/><U94/><E42/><V108/><F108/><W16/><G32/><T70/><D112/><U24/><E24/><V59/><F59/><W43/><G43/><T81/><D125/><U9/><E9/><V99/><F84/><W31/><G67/><T27/><D27/><U26/><E26/><V75/><F75/><W25/><G2/><T132/><D132/><U21/><E21/><V109/><F109/><W83/><G83/><T35/><D35/><U4/><E106/><V20/><F20/><W85/><G85/><T3/><D3/><U118/><E118/><V66/><F66/><W111/><G126/><T103/><D103/><U114/><E114/><V49/><F39/><W60/><G111/><T86/><REACH who="0" step="1"/><D70/><REACH who="0" ten="475,318,172,25" step="2"/><U14/><E71/><V127/><F127/><W36/><G115/><T107/><D107/><U97/><E68/><V45/><REACH who="2" step="1"/><F49/><REACH who="2" ten="475,318,162,25" step="2"/><W65/><G36/><T91/><D91/><U135/><E135/><V113/><F113/><W61/><G61/><T102/><D102/><U124/><E124/><V1/><F1/><W48/><G60/><RYUUKYOKU ba="0,2" sc="475,15,318,-15,162,15,25,-15" hai0="13,18,22,37,40,46,54,58,62,64,81,86,88" hai2="5,6,10,11,44,45,47,92,99,100,120,121,123" /><INIT seed="6,1,2,5,3,21" ten="490,303,177,10" oya="2" hai0="46,102,8,88,33,122,17,45,70,91,111,123,41" hai1="71,110,32,99,129,90,85,112,75,116,52,69,104" hai2="42,25,64,43,29,40,119,19,113,48,61,37,121" hai3="83,62,38,39,115,93,7,76,22,12,96,87,130"/><V74/><F74/><W50/><G130/><T44/><D70/><U124/><RYUUKYOKU type="yao9" ba="1,2" sc="490,0,303,0,177,0,10,0" hai1="32,52,69,71,75,85,90,99,104,110,112,116,124,129" /><INIT seed="6,2,2,1,1,105" ten="490,303,177,10" oya="2" hai0="112,38,86,24,100,92,35,73,104,19,70,45,61" hai1="127,132,25,133,31,43,106,125,69,126,117,29,78" hai2="114,94,21,109,80,0,96,30,88,53,16,42,17" hai3="10,107,48,7,87,103,36,15,79,131,124,32,93"/><V64/><F114/><W2/><G36/><T62/><D73/><U49/><E117/><V60/><F109/><W51/><G131/><T120/><D120/><U28/><E106/><V91/><F0/><W14/><G124/><T56/><D112/><U63/><E78/><V37/><F37/><W108/><G108/><T11/><D104/><U72/><E72/><V47/><F53/><W111/><G111/><T41/><D70/><U67/><E43/><V9/><F9/><N who="3" m="4415" /><G32/><T22/><D35/><U97/><E97/><V81/><F30/><N who="1" m="11273" /><E49/><N who="3" m="19018" /><G2/><T34/><D34/><AGARI ba="2,2" hai="25,28,34,63,67,69,125,126,127,132,133" m="11273" machi="34" ten="40,1300,0" yaku="18,1" doraHai="105" who="1" fromWho="0" sc="490,-19,303,39,177,0,10,0" /><INIT seed="7,0,0,0,2,116" ten="471,342,177,10" oya="3" hai0="3,75,47,110,117,121,134,61,132,122,120,21,45" hai1="60,5,88,8,105,18,10,12,100,64,119,79,29" hai2="56,63,34,113,6,13,71,72,11,1,66,59,58" hai3="109,98,125,89,94,74,25,107,77,7,51,118,2"/><W96/><G118/><T53/><D75/><U50/><E119/><V84/><F113/><W62/><G125/><T92/><D92/><U41/><E79/><V115/><F115/><W99/><G109/><T33/><D33/><U32/><E41/><V19/><F72/><W76/><G2/><T81/><D81/><U108/><E50/><V16/><F34/><W135/><G7/><T129/><D21/><U65/><E108/><V104/><F104/><W124/><G124/><T48/><D3/><U83/><E100/><V68/><F56/><W69/><G135/><N who="0" m="51755" /><D117/><U111/><E105/><V15/><F1/><W128/><G128/><T52/><D110/><U85/><E111/><V26/><F58/><W103/><G51/><N who="0" m="28799" /><D61/><U40/><E40/><V91/><F26/><W106/><G25/><T22/><D22/><U14/><E32/><V78/><F78/><N who="3" m="30315" /><G62/><T42/><D42/><U37/><E37/><V133/><F133/><W30/><G30/><T23/><D23/><U70/><E29/><V102/><F102/><N who="3" m="62791" /><G69/><N who="2" m="26697" /><F15/><W36/><G36/><T73/><D73/><AGARI ba="0,0" hai="73,74,89,94,98,99,103,107" m="62791,30315" machi="73" ten="30,12000,1" yaku="35,5" doraHai="116" who="3" fromWho="0" sc="471,-120,342,0,177,0,10,120" /><INIT seed="7,1,0,3,5,8" ten="351,342,177,130" oya="3" hai0="22,69,21,105,58,79,43,34,23,119,120,90,9" hai1="77,62,12,109,25,46,113,78,19,116,54,15,66" hai2="44,134,33,81,108,5,89,2,13,64,71,26,75" hai3="50,130,88,39,104,114,91,103,11,68,118,110,40"/><W86/><G118/><T96/><D119/><U6/><E109/><V84/><F108/><W121/><G121/><T38/><D120/><U72/><E116/><V49/><F134/><W27/><G39/><T16/><D34/><U133/><E72/><V17/><F75/><W126/><G68/><T4/><D69/><U128/><E128/><V45/><F2/><W107/><G110/><T123/><D79/><N who="1" m="30219" /><E113/><V35/><F5/><W94/><G114/><T10/><D123/><U51/><E6/><V61/><F26/><W28/><G130/><T65/><D38/><U106/><E106/><V1/><F1/><W59/><G126/><T56/><D43/><U80/><E80/><V98/><F98/><N who="3" m="59863" /><G107/><T67/><D105/><U55/><E66/><N who="0" m="25097" /><D4/><U52/><E133/><V14/><F44/><N who="3" m="25863" /><G104/><T99/><D90/><N who="3" m="34345" /><G11/><N who="0" m="4107" /><D16/><U24/><E19/><V73/><F73/><W18/><G86/><T129/><D129/><U124/><E124/><V30/><F30/><W131/><G131/><T117/><D117/><U57/><E55/><V42/><REACH who="2" step="1"/><F17/><REACH who="2" ten="351,342,167,130" step="2"/><W41/><G18/><T111/><D111/><U48/><E48/><V132/><F132/><W31/><G41/><T101/><D101/><U36/><E36/><V0/><F0/><W135/><G135/><T112/><D112/><U20/><E25/><V70/><F70/><W100/><G27/><T37/><D37/><U29/><AGARI ba="1,1" hai="12,15,20,24,29,46,51,52,54,57,62" m="30219" machi="29" ten="30,7900,0" yaku="8,1,52,2,54,1" doraHai="8" who="1" fromWho="1" sc="351,-21,342,92,167,-21,130,-40" owari="330,13.0,434,53.0,146,-25.0,90,-41.0" /></mjloggm>