<mjloggm ver="2.3"><GO type="41" lobby="0"/><UN n0="%E2%93%9D%53%75%70%68%78" n1="%E3%80%8C%E3%82%AD%E3%82%BF%E3%80%8D" n2="%68%69%6B%61%72%75%32%32" n3="%E3%81%82%E3%82%8A%E3%82%93%E3%81%93%40%E3%82%AD%E3%83%83%E3%83%89" dan="17,14,16,16" rate="2035.44,1923.32,2085.11,1994.75" sx="M,M,M,M"/><TAIKYOKU oya="0"/><INIT seed="0,0,0,5,1,39" ten="250,250,250,250" oya="0" hai0="103,93,52,1,112,80,85,53,22,6,34,82,131" hai1="13,5,54,49,31,62,126,35,96,88,107,133,57" hai2="25,102,84,122,110,11,21,100,40,132,77,116,41" hai3="46,16,123,48,118,135,127,67,73,125,71,78,58"/><T95/><D34/><U18/><E126/><N who="3" m="48138" /><G73/><T99/><D112/><U121/><E133/><V76/><F122/><W55/><G78/><N who="2" m="30313" /><F110/><W50/><G16/><T105/><D131/><U19/><E121/><V89/><F132/><W43/><G135/><T70/><D70/><U74/><E74/><V14/><F116/><W72/><G72/><T60/><D1/><U56/><E31/><N who="2" m="17839" /><F102/><W24/><G24/><T61/><D6/><U3/><E3/><V79/><F100/><W130/><G130/><T26/><D105/><U17/><E35/><V128/><F79/><W59/><G123/><T44/><D95/><N who="1" m="56423" /><E107/><V36/><F36/><N who="3" m="21863" /><G118/><T4/><D4/><U23/><E5/><N who="2" m="3439" /><F128/><W98/><G98/><T2/><D2/><U86/><E86/><V27/><F27/><W45/><G50/><N who="0" m="28743" /><D85/><U12/><E13/><V66/><F66/><AGARI ba="0,0" hai="12,17,18,19,23,49,54,56,57,62,66" m="56423" machi="66" ten="30,2000,0" yaku="8,1,54,1" doraHai="39" who="1" fromWho="2" sc="250,0,250,20,250,-20,250,0" /><INIT seed="1,0,0,3,5,62" ten="250,270,230,250" oya="1" hai0="51,18,134,78,19,74,4,80,56,34,95,106,65" hai1="30,77,101,35,43,127,130,64,39,69,73,14,2" hai2="58,104,125,24,59,86,100,122,120,16,0,93,3" hai3="66,109,94,88,67,15,50,60,40,92,48,26,97"/><U52/><E2/><V132/><F104/><W12/><G109/><T113/><D106/><U68/><E127/><V126/><F86/><W32/><G32/><T124/><D34/><U90/><E101/><V10/><F100/><W41/><G60/><T17/><D134/><U1/><E1/><V79/><F24/><W110/><G110/><T47/><D113/><U61/><E130/><V75/><F93/><W53/><G26/><T116/><D4/><U72/><E90/><V5/><F132/><W82/><G82/><T85/><D116/><U117/><E77/><V107/><F107/><W57/><G92/><T105/><D74/><U91/><E91/><V83/><F0/><W135/><G135/><T87/><D124/><N who="2" m="47722" /><F16/><W42/><G50/><T44/><D105/><U7/><E69/><V133/><F133/><W118/><G118/><T20/><D20/><U98/><E98/><V36/><F36/><W21/><G21/><T121/><D51/><U71/><E71/><V38/><F38/><W11/><G15/><T76/><D121/><AGARI ba="0,0" hai="3,5,10,58,59,75,79,83,120,121,122" m="47722" machi="121" ten="30,1000,0" yaku="18,1" doraHai="62" who="2" fromWho="0" sc="250,-10,270,0,230,10,250,0" /><INIT seed="2,0,0,3,3,110" ten="240,270,240,250" oya="2" hai0="125,119,7,118,41,32,75,99,34,128,63,84,111" hai1="91,57,98,78,36,102,27,15,61,56,65,42,106" hai2="115,82,50,126,21,76,54,59,104,129,30,93,92" hai3="29,22,100,83,62,39,17,23,8,10,38,14,89"/><V132/><F104/><W124/><G124/><T47/><D75/><U97/><E78/><V24/><F126/><W51/><G100/><T133/><D125/><U33/><E15/><V81/><F129/><W105/><G105/><T112/><D111/><U49/><E36/><V120/><F120/><W12/><G62/><T108/><D133/><U86/><E97/><V2/><F2/><W31/><G39/><T116/><D108/><U46/><E33/><V28/><F132/><W95/><G83/><T25/><D7/><U3/><E27/><V37/><F82/><W107/><G38/><T94/><D84/><U122/><E122/><V20/><F115/><W26/><G51/><T123/><D128/><U44/><E44/><V69/><F69/><W87/><G107/><T1/><D1/><U70/><REACH who="1" step="1"/><E3/><REACH who="1" ten="240,260,240,250" step="2"/><V90/><F37/><W48/><G29/><T45/><D123/><U4/><E4/><V72/><F90/><W66/><G31/><T16/><D34/><U19/><E19/><V79/><F76/><W101/><G26/><AGARI ba="0,1" hai="20,21,24,26,28,30,50,54,59,72,79,81,92,93" machi="26" ten="40,2000,0" yaku="9,1" doraHai="110" who="2" fromWho="3" sc="240,0,260,0,240,30,250,-20" /><INIT seed="2,1,0,0,1,54" ten="240,260,270,230" oya="2" hai0="87,67,62,86,52,123,102,63,11,88,75,10,7" hai1="47,21,1,134,121,68,15,0,97,89,37,17,46" hai2="14,32,100,61,12,115,80,22,135,110,70,120,108" hai3="94,55,9,31,109,26,119,82,85,104,92,113,91"/><V35/><F100/><W99/><G109/><N who="2" m="42089" /><F115/><W118/><G113/><T72/><D123/><U6/><E68/><V78/><F120/><W50/><G104/><T122/><D122/><U69/><E69/><V83/><F135/><W74/><G74/><T36/><D36/><U79/><E134/><V13/><F22/><W18/><G94/><T28/><D28/><U60/><E79/><V40/><F40/><W20/><G9/><T2/><D102/><U42/><E47/><V16/><F16/><W5/><G5/><T66/><D7/><U111/><E111/><V64/><F83/><W23/><G23/><T71/><D71/><U65/><E6/><V51/><F51/><W105/><G105/><T131/><D2/><U96/><E121/><V25/><F25/><W49/><G49/><T132/><D132/><U29/><E29/><V30/><F30/><W3/><G3/><T101/><D101/><U73/><E73/><AGARI ba="1,0" hai="12,13,14,32,35,61,64,70,73,78,80" m="42089" machi="73" ten="30,2900,0" yaku="14,1,10,1" doraHai="54" who="2" fromWho="1" sc="240,0,260,-32,270,32,230,0" /><INIT seed="2,2,0,4,0,82" ten="240,228,302,230" oya="2" hai0="55,106,113,36,41,83,132,81,59,0,65,13,94" hai1="69,121,133,112,78,24,68,86,2,23,127,40,129" hai2="12,4,96,92,30,50,45,119,100,47,8,123,49" hai3="57,108,90,125,19,115,103,9,84,66,135,7,72"/><V131/><F119/><W126/><G108/><T98/><D0/><U1/><E40/><V31/><F131/><W109/><G109/><T97/><D65/><U64/><E64/><V87/><F123/><W95/><G72/><T6/><D132/><U42/><E42/><V34/><F34/><W33/><G33/><T60/><D113/><U51/><E51/><V88/><F50/><W134/><G19/><T104/><D98/><U61/><E61/><V54/><REACH who="2" step="1"/><F47/><REACH who="2" ten="240,228,292,230" step="2"/><W75/><G115/><T25/><D36/><U110/><E129/><V18/><F18/><W105/><G135/><T38/><D38/><U16/><E133/><V114/><F114/><W44/><G134/><T89/><D41/><U29/><E112/><V130/><F130/><W3/><G44/><T71/><D106/><AGARI ba="2,1" hai="4,8,12,30,31,45,49,54,87,88,92,96,100,106" machi="106" ten="30,18000,2" yaku="1,1,7,1,52,1,54,1,53,2" doraHai="82" doraHaiUra="27" who="2" fromWho="0" sc="240,-186,228,0,292,196,230,0" /><INIT seed="2,3,0,1,4,81" ten="54,228,488,230" oya="2" hai0="60,51,96,26,20,70,6,107,124,23,59,67,77" hai1="62,31,13,32,3,42,2,45,29,52,14,54,74" hai2="85,71,43,91,133,8,36,100,21,65,116,12,48" hai3="40,104,15,113,4,17,120,114,86,111,47,106,131"/><V102/><F36/><W69/><G120/><T9/><D124/><U44/><E74/><V30/><F116/><W83/><G111/><T93/><D107/><U46/><E42/><V34/><F34/><W49/><G69/><T103/><D70/><U41/><E41/><V76/><F133/><W98/><G131/><T68/><D68/><U128/><E128/><V5/><F65/><W115/><G98/><T10/><D23/><U122/><E122/><V57/><F76/><W35/><G35/><T7/><D77/><U89/><E32/><V37/><F37/><W39/><G39/><T129/><D129/><U125/><E125/><V108/><F71/><W27/><G27/><T99/><D99/><U132/><E46/><V18/><F30/><W119/><G4/><T63/><D63/><U56/><E89/><V130/><F108/><W127/><G119/><T78/><D51/><U118/><E118/><V121/><F121/><W87/><G127/><T80/><D7/><U90/><E90/><V25/><F130/><W110/><G110/><T61/><D61/><U50/><E132/><V79/><F79/><W72/><G72/><T55/><D6/><U73/><E73/><V105/><F105/><N who="3" m="40555" /><G83/><T38/><D67/><U84/><E62/><V33/><F33/><W134/><G134/><T75/><REACH who="0" step="1"/><D38/><REACH who="0" ten="44,228,488,230" step="2"/><U24/><E50/><V92/><F57/><W53/><G40/><T66/><D66/><U123/><E56/><V94/><F43/><W22/><AGARI ba="3,1" hai="15,17,22,47,49,53,86,87,113,114,115" m="40555" machi="22" ten="40,5200,0" yaku="11,1,52,2" doraHai="81" who="3" fromWho="3" sc="44,-16,228,-16,488,-29,230,71" /><INIT seed="3,0,0,5,0,123" ten="28,212,459,301" oya="3" hai0="17,85,29,0,34,77,130,113,32,39,53,4,20" hai1="90,24,46,36,6,37,52,1,81,75,15,73,19" hai2="116,86,131,108,87,128,118,23,3,114,127,65,79" hai3="110,102,47,44,62,8,117,74,16,112,60,45,122"/><W9/><G122/><T10/><D39/><U22/><E1/><V31/><F3/><W25/><G117/><T40/><D40/><U26/><E75/><V83/><F65/><W41/><G112/><T107/><D107/><U101/><E101/><V57/><F57/><W119/><G119/><T78/><D130/><U14/><E37/><V103/><F23/><W97/><G74/><T55/><D113/><U38/><E38/><V126/><F31/><W70/><G41/><T124/><D124/><U100/><E100/><V125/><F114/><W72/><G72/><T13/><D34/><U54/><E36/><V111/><F103/><W89/><G89/><T56/><D85/><N who="1" m="50479" /><E73/><V120/><F120/><W58/><G62/><T64/><D64/><U96/><E96/><V92/><F118/><W12/><G70/><T67/><D67/><U84/><E84/><V2/><F2/><W94/><G25/><N who="1" m="9834" /><E46/><V133/><F133/><W59/><G9/><AGARI ba="0,0" hai="6,9,14,15,19,22,52,54" m="9834,50479" machi="9" ten="30,2000,0" yaku="8,1,54,1" doraHai="123" who="1" fromWho="3" sc="28,0,212,20,459,0,301,-20" /><INIT seed="4,0,0,3,0,111" ten="28,232,459,281" oya="0" hai0="87,121,128,63,135,58,10,21,82,25,59,9,16" hai1="33,31,85,107,114,127,15,79,42,89,12,61,94" hai2="17,125,116,20,123,29,99,132,53,60,131,45,11" hai3="30,28,1,5,110,47,49,100,96,117,119,81,113"/><T27/><D121/><U120/><E107/><V68/><F116/><W6/><G110/><T3/><D135/><U76/><E120/><V46/><F131/><W74/><G74/><T78/><D128/><U13/><E127/><V65/><F125/><W130/><G130/><T35/><D3/><U134/><E134/><V115/><F29/><W39/><G39/><T129/><D129/><U26/><E42/><V69/><F11/><W38/><G38/><T43/><D59/><U118/><E118/><V50/><F69/><W72/><G72/><T73/><D43/><U84/><E114/><V52/><F115/><W22/><G1/><T101/><D101/><U54/><E84/><V75/><F75/><W2/><G2/><T86/><D73/><U41/><E41/><V56/><F123/><W133/><G113/><T64/><REACH who="0" step="1"/><D87/><REACH who="0" ten="18,232,459,281" step="2"/><U108/><E108/><V105/><F132/><W80/><G133/><T18/><D18/><U95/><E85/><V48/><F68/><W91/><G117/><T77/><D77/><U14/><E79/><V71/><F71/><W7/><G119/><T90/><D90/><U126/><E76/><V102/><F17/><W34/><G91/><T103/><D103/><U44/><E89/><V122/><F122/><W67/><G100/><T104/><D104/><U109/><E109/><V32/><F105/><W40/><G40/><T66/><D66/><U0/><E0/><V88/><F102/><W36/><G67/><T8/><D8/><U24/><E126/><V57/><F88/><W19/><G19/><T62/><D62/><U23/><E61/><RYUUKYOKU ba="0,1" sc="18,30,232,-10,459,-10,281,-10" hai0="9,10,16,21,25,27,35,58,63,64,78,82,86" /><INIT seed="4,1,1,5,2,70" ten="48,222,449,271" oya="0" hai0="41,72,63,114,98,22,24,61,2,20,67,5,11" hai1="78,80,21,57,97,55,53,7,4,108,87,46,42" hai2="103,43,36,10,102,85,64,131,91,48,37,125,121" hai3="71,40,28,19,75,100,128,109,47,62,105,118,13"/><T94/><D114/><U32/><E32/><V38/><F121/><W112/><G28/><T59/><D72/><U25/><E108/><V110/><F64/><W35/><G47/><T124/><D124/><U34/><E34/><V76/><F110/><W50/><G50/><T93/><D93/><U111/><E97/><V51/><F51/><W18/><G62/><T44/><D63/><U31/><E111/><V132/><F76/><W106/><G19/><T77/><D77/><U45/><E55/><V83/><F131/><W6/><G18/><T82/><D82/><U120/><E120/><V134/><F10/><W101/><G6/><N who="1" m="2090" /><E42/><V88/><F91/><W127/><G13/><T15/><D2/><U90/><E78/><V1/><F125/><W117/><G40/><T86/><D86/><U23/><E21/><V12/><F12/><W16/><G16/><T115/><D115/><U130/><E130/><V119/><F119/><W66/><G66/><T96/><D24/><U116/><E116/><V135/><F1/><W68/><G106/><T17/><D5/><U107/><E107/><V3/><F3/><W39/><G117/><T99/><REACH who="0" step="1"/><D94/><REACH who="0" ten="38,222,449,271" step="2"/><U26/><E25/><V84/><F85/><W73/><G73/><T133/><D133/><U123/><E123/><V52/><F134/><W65/><G112/><T113/><D113/><U30/><E31/><V74/><F74/><W0/><G75/><T95/><D95/><U14/><E14/><V69/><F135/><W126/><G0/><T60/><D60/><AGARI ba="1,2" hai="23,26,30,45,46,53,57,60,80,87,90" m="2090" machi="60" ten="30,1000,0" yaku="8,1" doraHai="70" who="1" fromWho="0" sc="38,-13,222,33,449,0,271,0" /><INIT seed="5,0,0,0,2,31" ten="25,255,449,271" oya="1" hai0="36,27,35,49,34,111,52,117,6,41,77,70,13" hai1="122,51,115,60,91,32,65,75,61,25,53,10,124" hai2="45,109,135,95,93,5,88,11,0,44,116,67,104" hai3="14,58,86,78,66,68,19,98,37,85,15,80,118"/><U134/><E122/><V102/><F109/><W82/><G68/><T23/><D111/><U105/><E75/><V50/><F116/><W121/><G121/><T130/><D117/><U92/><E115/><V123/><F104/><W26/><G37/><T133/><D70/><U106/><E124/><V126/><F123/><W79/><G118/><T55/><D130/><U47/><E134/><V62/><F126/><W46/><G98/><T39/><D77/><U84/><E61/><V127/><F135/><W74/><G74/><T90/><D133/><U7/><E25/><V63/><F102/><W97/><G97/><T132/><D41/><U38/><E38/><V110/><F95/><W16/><G46/><T12/><D132/><U64/><E32/><V56/><F50/><W57/><G26/><T99/><D6/><U3/><REACH who="1" step="1"/><E65/><AGARI ba="0,0" hai="14,15,16,19,57,58,65,66,78,79,80,82,85,86" machi="65" ten="25,6400,0" yaku="22,2,8,1,54,1" doraHai="31" who="3" fromWho="1" sc="25,0,255,-64,449,0,271,64" /><INIT seed="6,0,0,0,2,46" ten="25,191,449,335" oya="2" hai0="89,110,65,44,127,51,109,28,81,6,117,27,12" hai1="82,29,8,129,88,76,85,69,133,62,111,130,1" hai2="36,128,22,53,116,123,54,7,67,45,49,126,96" hai3="2,70,21,30,125,105,10,17,11,60,18,106,134"/><V43/><F116/><W114/><G106/><T20/><D127/><U16/><E111/><V48/><F123/><W92/><G105/><T64/><D117/><U40/><E133/><V39/><F126/><W5/><G70/><T73/><D110/><U33/><E40/><V0/><F0/><W115/><G125/><T66/><D109/><U132/><E132/><V83/><F7/><W56/><G134/><T24/><D73/><U52/><E29/><V91/><F67/><W74/><G74/><T99/><D27/><U112/><E33/><V119/><F119/><W59/><G92/><T78/><D99/><U41/><E41/><V121/><F121/><W3/><G30/><T80/><D89/><U26/><E1/><V103/><F128/><W58/><G60/><T71/><D71/><U84/><E112/><N who="3" m="43050" /><G21/><T113/><D113/><U104/><E104/><V68/><F22/><W4/><AGARI ba="0,0" hai="2,3,4,5,10,11,17,18,56,58,59" m="43050" machi="4" ten="40,2700,0" yaku="15,1,11,1" doraHai="46" who="3" fromWho="3" sc="25,-7,191,-7,449,-13,335,27" /><INIT seed="7,0,0,4,4,86" ten="18,184,436,362" oya="3" hai0="63,130,28,100,66,103,123,122,29,117,69,32,77" hai1="9,119,41,80,54,74,56,79,16,43,89,109,118" hai2="94,51,57,25,50,13,76,46,0,128,60,126,27" hai3="6,17,19,95,30,97,33,129,90,11,22,20,131"/><W132/><G132/><T96/><D117/><N who="1" m="44555" /><E109/><V21/><F0/><W73/><G73/><T58/><D130/><U47/><E47/><V72/><F126/><W39/><G39/><T49/><D77/><U113/><E113/><V34/><F34/><W62/><G33/><T53/><D103/><U92/><E9/><V68/><F68/><W106/><G106/><T1/><D1/><U82/><E16/><N who="3" m="6218" /><G30/><T112/><D29/><U101/><E101/><V99/><F13/><N who="3" m="5367" /><G62/><T23/><D23/><U104/><E82/><V135/><F128/><W8/><G131/><T121/><D112/><U2/><E104/><V3/><F135/><W84/><G129/><T44/><D123/><U102/><E102/><V37/><F37/><W91/><G8/><T45/><D122/><U105/><E105/><V75/><F75/><W116/><G116/><T31/><D31/><U133/><E133/><V93/><F72/><W81/><AGARI ba="0,0" hai="20,22,81,84,90,91,95,97" m="5367,6218" machi="81" ten="30,11700,0" yaku="8,1,52,2,54,1" doraHai="86" who="3" fromWho="3" sc="18,-39,184,-39,436,-39,362,117" owari="-21,-52.0,145,-25.0,397,20.0,479,57.0" /></mjloggm>