<mjloggm ver="2.3"><GO type="41" lobby="0"/><UN n0="%E5%8C%97%E5%B1%B1%E5%AE%8F%E5%85%89" n1="%E9%B6%8F%E8%99%8E" n2="%E2%93%9D%53%75%70%68%78" n3="%E3%81%B0%E3%82%93%E3%81%8B%E3%81%9A" dan="13,15,16,13" rate="1880.83,1950.13,2033.36,1929.36" sx="F,M,M,M"/><TAIKYOKU oya="0"/><INIT seed="0,0,0,2,1,17" ten="250,250,250,250" oya="0" hai0="35,126,101,128,90,65,93,36,45,84,34,16,22" hai1="74,3,75,120,33,50,81,76,7,69,94,2,111" hai2="0,79,39,107,56,132,124,54,125,103,52,1,30" hai3="104,113,51,85,38,106,92,70,97,96,91,49,72"/><T44/><D65/><U59/><E120/><V8/><F39/><W95/><G70/><T98/><D126/><N who="2" m="48746" /><F132/><W87/><G38/><T63/><D128/><U40/><E33/><V53/><F79/><W67/><G49/><T58/><D63/><U135/><E69/><V23/><F8/><W61/><G51/><T105/><D58/><U21/><E75/><V109/><F109/><W12/><G12/><T99/><D99/><U10/><E2/><N who="2" m="1131" /><F103/><W41/><G41/><T73/><D73/><U32/><E40/><V102/><F102/><W78/><G61/><T127/><D127/><U129/><E32/><V43/><F43/><W131/><G67/><T133/><D133/><U9/><E135/><V134/><F107/><N who="3" m="41003" /><G113/><T119/><D119/><U11/><E111/><V88/><F134/><W130/><G131/><T14/><REACH who="0" step="1"/><D36/><REACH who="0" ten="240,250,250,250" step="2"/><U29/><E129/><V71/><F71/><W62/><G62/><T108/><D108/><U24/><E3/><V57/><F57/><W47/><G130/><T82/><D82/><U116/><E116/><V20/><F56/><W42/><G47/><AGARI ba="0,1" hai="14,16,22,34,35,44,45,47,84,90,93,98,101,105" machi="47" ten="40,7700,0" yaku="1,1,52,1,54,1,53,0" doraHai="17" doraHaiUra="66" who="0" fromWho="3" sc="240,87,250,0,250,0,250,-77" /><INIT seed="0,1,0,3,5,102" ten="327,250,250,173" oya="0" hai0="60,123,109,79,103,12,105,16,133,48,134,90,44" hai1="96,92,21,117,5,100,81,20,128,97,27,68,104" hai2="49,9,63,124,39,23,73,65,59,11,1,6,74" hai3="122,45,14,50,61,17,99,94,29,55,112,119,32"/><T67/><D123/><U10/><E68/><V126/><F39/><W75/><G119/><T132/><D79/><U101/><E128/><V120/><F120/><W91/><G112/><T66/><D109/><U24/><E117/><V64/><F23/><W53/><G122/><T98/><D90/><U88/><E21/><V86/><F86/><W36/><G75/><T28/><D28/><U2/><REACH who="1" step="1"/><E20/><REACH who="1" ten="327,240,250,173" step="2"/><V108/><F108/><W33/><G29/><T58/><D133/><U7/><E7/><V76/><F6/><W47/><G36/><T57/><D134/><U46/><E46/><V78/><F126/><W116/><G116/><T129/><D132/><U72/><E72/><V62/><F124/><W37/><G37/><T106/><D129/><U30/><E30/><V80/><F74/><W41/><G47/><T35/><D35/><U93/><E93/><V70/><F73/><W69/><G33/><T95/><D106/><U83/><E83/><V127/><F80/><W51/><G32/><T56/><D105/><U13/><E13/><V0/><F127/><W87/><G69/><T131/><D131/><U42/><E42/><V111/><F111/><W26/><G41/><N who="0" m="24591" /><D67/><U121/><E121/><V52/><F1/><W114/><G94/><T135/><D135/><U125/><E125/><V22/><F0/><W43/><G43/><T18/><D18/><U118/><E118/><V4/><F4/><W89/><G14/><T34/><D34/><U84/><AGARI ba="1,1" hai="2,5,10,24,27,81,84,88,92,96,97,100,101,104" machi="84" ten="30,7900,0" yaku="1,1,0,1,52,1,54,1,53,0" doraHai="102" doraHaiUra="107" who="1" fromWho="1" sc="327,-40,240,92,250,-21,173,-21" /><INIT seed="1,0,0,4,2,108" ten="287,332,229,152" oya="1" hai0="103,96,10,87,101,66,16,91,40,27,119,57,109" hai1="8,55,77,84,48,88,39,6,117,34,51,61,81" hai2="83,123,89,69,107,41,1,14,120,127,94,59,65" hai3="4,18,52,112,28,97,79,17,20,130,30,33,111"/><U98/><E39/><V19/><F1/><W104/><G111/><T47/><D119/><U80/><E117/><V24/><F69/><W50/><G130/><T21/><D109/><U32/><E61/><V60/><F107/><W110/><G110/><T46/><D10/><U7/><E51/><V25/><F127/><W58/><G33/><T72/><D72/><U64/><E64/><V95/><F41/><W78/><G4/><T37/><D46/><U118/><E7/><V73/><F95/><W86/><G17/><T133/><D133/><U29/><E29/><V100/><F123/><W2/><G2/><T11/><D11/><U122/><E122/><V22/><F120/><W114/><G30/><T135/><D135/><U42/><E42/><V67/><F67/><W134/><G28/><T105/><D96/><U44/><E118/><V26/><F73/><W92/><G104/><T63/><REACH who="0" step="1"/><D105/><REACH who="0" ten="277,332,229,152" step="2"/><U129/><E129/><V13/><F100/><W76/><G134/><T106/><D106/><U70/><E98/><V43/><F43/><W102/><REACH who="3" step="1"/><G86/><REACH who="3" ten="277,332,229,142" step="2"/><T35/><D35/><U131/><E131/><V0/><F0/><W85/><G85/><T132/><D132/><U23/><E34/><V125/><F19/><W128/><G128/><T49/><D49/><U74/><E32/><V115/><F22/><W82/><G82/><AGARI ba="0,2" hai="16,21,27,37,40,47,57,63,66,82,87,91,101,103" machi="82" ten="30,3900,0" yaku="1,1,7,1,54,1,53,0" doraHai="108" doraHaiUra="93" who="0" fromWho="3" sc="277,59,332,0,229,0,142,-39" /><INIT seed="2,0,0,1,5,94" ten="336,332,229,103" oya="2" hai0="15,8,50,45,25,132,118,80,71,38,129,35,117" hai1="56,123,9,109,11,110,112,98,79,31,68,97,85" hai2="101,92,21,134,90,70,121,81,128,52,32,86,77" hai3="82,87,30,120,48,42,1,12,14,72,104,96,126"/><V135/><F32/><W19/><G120/><T108/><D108/><N who="1" m="41579" /><E68/><V55/><F121/><W95/><G126/><T99/><D71/><U67/><E31/><V29/><F128/><W88/><G1/><T34/><D129/><U133/><E123/><V66/><F101/><W22/><G30/><T6/><D132/><N who="2" m="50730" /><F66/><W43/><G104/><T105/><D38/><U17/><E112/><V114/><F114/><W83/><G72/><T2/><D80/><N who="1" m="47263" /><E133/><V61/><F61/><W89/><G82/><T76/><D76/><U3/><E17/><V13/><F70/><W0/><G0/><T122/><D122/><U60/><E3/><V59/><F59/><W102/><G48/><T100/><D2/><U63/><E60/><V49/><F49/><W26/><REACH who="3" step="1"/><G102/><REACH who="3" ten="336,332,229,93" step="2"/><T75/><D75/><U65/><E65/><V131/><F131/><W46/><G46/><T130/><D130/><U18/><E18/><N who="2" m="10447" /><F29/><W103/><G103/><T44/><D44/><U57/><E57/><V7/><F7/><W54/><G54/><T62/><D62/><U40/><E40/><AGARI ba="0,1" hai="12,14,19,22,26,40,42,43,83,87,88,89,95,96" machi="40" ten="40,8000,1" yaku="1,1,8,1,52,1,54,1,53,0" doraHai="94" doraHaiUra="41" who="3" fromWho="1" sc="336,0,332,-80,229,0,93,90" /><INIT seed="3,0,0,1,5,12" ten="336,252,229,183" oya="3" hai0="8,39,38,77,10,108,48,66,32,37,74,80,29" hai1="85,128,76,78,22,81,2,88,103,70,84,61,79" hai2="82,46,67,119,7,1,123,73,62,55,97,34,16" hai3="15,41,99,131,3,113,91,127,93,69,21,54,36"/><W72/><G127/><T110/><D66/><U57/><E128/><V133/><F34/><W100/><G131/><T104/><D104/><U63/><E2/><V52/><F119/><W112/><G69/><T58/><D32/><U27/><E70/><V64/><F133/><W134/><G134/><T25/><D25/><U30/><E103/><V92/><F7/><W47/><G3/><T96/><D96/><U107/><E107/><V87/><F73/><W98/><G72/><T117/><D29/><U126/><E126/><V65/><F123/><W89/><G54/><T120/><D120/><U17/><E57/><N who="2" m="35111" /><F46/><W122/><G122/><T23/><D23/><N who="1" m="15743" /><E85/><V56/><F1/><W115/><REACH who="3" step="1"/><G99/><REACH who="3" ten="336,252,229,173" step="2"/><T118/><D117/><U106/><E106/><V135/><F135/><W102/><G102/><T111/><D118/><U49/><E49/><N who="2" m="30831" /><F67/><W28/><G28/><T71/><D71/><U24/><AGARI ba="0,1" hai="17,22,24,61,63,76,78,79,81,84,88" m="15743" machi="24" ten="30,4000,0" yaku="8,1,52,1,54,1" doraHai="12" who="1" fromWho="1" sc="336,-10,252,50,229,-10,173,-20" /><INIT seed="4,0,0,1,2,68" ten="326,302,219,153" oya="0" hai0="80,95,55,2,66,43,9,122,56,132,98,106,50" hai1="129,49,1,45,37,12,26,111,24,83,58,47,99" hai2="0,21,88,34,134,119,17,40,64,36,52,84,13" hai3="46,114,96,61,4,113,102,51,54,28,74,14,85"/><T104/><D122/><U103/><E111/><V73/><F73/><W18/><G74/><T110/><D132/><U121/><E1/><V93/><F34/><W48/><G28/><T126/><D126/><U25/><E129/><V94/><F0/><W20/><G4/><T6/><D110/><U3/><E3/><V128/><F64/><W79/><G61/><T97/><D80/><U19/><E58/><V89/><F128/><W27/><G51/><T101/><D98/><U77/><E47/><V11/><F119/><W33/><G33/><T92/><D92/><U7/><E7/><V71/><F71/><W15/><G113/><T22/><D22/><U133/><E133/><V109/><F109/><W108/><G108/><T5/><D5/><U131/><E121/><V91/><F36/><W31/><G31/><T38/><REACH who="0" step="1"/><D66/><REACH who="0" ten="316,302,219,153" step="2"/><U82/><E82/><V116/><F134/><W67/><G67/><T65/><D65/><U63/><E83/><V23/><F116/><W60/><G20/><T8/><D8/><U32/><E32/><V78/><F23/><W123/><G123/><T62/><D62/><U57/><E63/><V117/><F117/><W112/><G60/><T124/><D124/><U30/><E131/><V118/><F118/><W39/><G114/><T135/><D135/><U75/><E30/><V53/><F21/><W127/><G112/><T81/><D81/><U35/><E35/><V69/><F69/><W125/><G127/><T105/><D105/><U90/><E75/><V59/><F11/><W100/><G125/><T70/><D70/><U86/><E26/><RYUUKYOKU ba="0,1" sc="316,30,302,-10,219,-10,153,-10" hai0="2,6,9,38,43,50,55,56,95,97,101,104,106" /><INIT seed="4,1,1,1,4,32" ten="346,292,209,143" oya="0" hai0="124,100,73,26,30,27,12,106,37,8,3,114,111" hai1="87,112,39,29,2,76,33,4,64,56,79,61,19" hai2="51,80,36,45,18,118,28,77,89,65,95,16,134" hai3="1,6,125,58,35,94,15,85,49,52,11,17,93"/><T109/><D114/><U88/><E39/><V126/><F36/><W113/><G125/><T83/><D37/><U20/><E112/><V14/><F134/><W133/><G113/><T46/><D46/><U131/><E131/><V40/><F126/><W66/><G133/><T90/><D124/><U54/><E29/><V110/><F110/><N who="0" m="41994" /><D3/><U55/><E33/><V107/><F107/><W92/><G35/><T48/><D48/><U116/><E116/><V91/><F28/><W132/><G66/><T0/><D0/><U98/><E98/><V38/><F65/><W127/><G132/><T129/><D129/><U67/><E67/><V68/><F68/><W82/><G127/><T59/><D30/><U13/><E4/><V128/><F118/><W69/><G69/><T102/><D59/><U121/><E2/><V86/><F38/><W130/><G130/><T72/><D72/><U7/><E7/><V71/><F71/><W57/><G57/><T10/><D10/><U44/><E121/><V60/><F128/><W53/><G53/><N who="1" m="19978" /><E44/><V99/><F60/><W108/><G108/><T103/><D106/><U62/><E62/><V105/><F105/><W135/><G135/><T119/><D119/><U117/><E117/><V23/><REACH who="2" step="1"/><F18/><REACH who="2" ten="346,292,199,143" step="2"/><W122/><G122/><T9/><D73/><U123/><E123/><V42/><F42/><W25/><G17/><T22/><D83/><AGARI ba="1,2" hai="13,19,20,56,61,64,76,79,83,87,88" m="19978" machi="83" ten="30,2000,0" yaku="8,1,54,1" doraHai="32" who="1" fromWho="0" sc="346,-23,292,43,199,0,143,0" /><INIT seed="5,0,0,4,0,39" ten="323,335,199,143" oya="1" hai0="55,48,64,56,97,82,25,18,128,120,119,121,59" hai1="23,45,4,7,42,13,75,108,68,0,96,54,24" hai2="53,125,20,112,63,5,76,83,111,94,43,21,16" hai3="106,104,14,11,89,134,10,51,27,101,114,131,93"/><U34/><E75/><V100/><F111/><W86/><G131/><T9/><D128/><U84/><E34/><V102/><F125/><W72/><G114/><T71/><D119/><U98/><E0/><V2/><F21/><W79/><G134/><T57/><D71/><U88/><E68/><V117/><F117/><W32/><G106/><T132/><D132/><U77/><E54/><V66/><F53/><W74/><G51/><T61/><D59/><U6/><E77/><V73/><F94/><W52/><G52/><T31/><D82/><U95/><E13/><V8/><F43/><W110/><G74/><T109/><D109/><U81/><E81/><V1/><F1/><W50/><G50/><T28/><D97/><U30/><REACH who="1" step="1"/><E108/><REACH who="1" ten="323,325,199,143" step="2"/><V113/><F113/><W33/><G110/><T91/><D121/><U103/><E103/><V19/><F112/><W37/><G14/><T41/><D120/><U127/><E127/><V124/><F124/><W85/><G72/><T17/><D91/><U69/><E69/><V118/><F118/><W36/><G101/><T105/><D105/><U123/><E123/><V122/><F122/><W38/><G104/><T80/><D80/><U29/><E29/><V70/><REACH who="2" step="1"/><F19/><REACH who="2" ten="323,325,189,143" step="2"/><W65/><G33/><T107/><D18/><U129/><E129/><V62/><F62/><W78/><G32/><T92/><D17/><U99/><E99/><V49/><F49/><AGARI ba="0,2" hai="4,6,7,23,24,30,42,45,49,84,88,95,96,98" machi="49" ten="40,12000,1" yaku="1,1,8,1,52,1,54,1,53,1" doraHai="39" doraHaiUra="22" who="1" fromWho="2" sc="323,0,325,140,189,-120,143,0" /><INIT seed="5,1,0,0,1,0" ten="323,465,69,143" oya="1" hai0="78,26,100,23,118,101,120,116,123,38,40,14,72" hai1="5,53,122,99,127,89,48,135,107,18,119,57,67" hai2="60,108,77,35,115,131,1,51,92,86,104,52,133" hai3="113,114,109,50,32,19,17,11,91,94,73,29,64"/><U83/><E122/><N who="0" m="46633" /><D72/><U102/><E127/><V65/><F108/><W21/><G73/><T117/><D78/><U111/><E135/><V98/><F35/><W110/><G64/><T31/><D38/><U7/><E119/><V12/><F1/><W106/><G50/><T76/><D76/><U81/><E111/><N who="3" m="42506" /><G91/><T129/><D40/><U126/><E126/><V79/><F131/><W54/><G54/><T56/><D129/><U22/><E67/><V69/><F104/><W46/><G94/><T84/><D84/><U43/><E43/><V15/><F115/><N who="3" m="44043" /><G46/><T82/><D82/><U37/><E37/><V63/><F133/><W42/><G106/><T87/><D87/><U97/><E97/><V58/><F79/><W6/><G42/><T85/><D85/><U28/><E83/><V103/><REACH who="2" step="1"/><F51/><REACH who="2" ten="323,465,59,143" step="2"/><W61/><G32/><T44/><D117/><U80/><E48/><V27/><F27/><N who="3" m="16623" /><G61/><T132/><D116/><U4/><E107/><V10/><F10/><W95/><G95/><T47/><D118/><U34/><E34/><V68/><F68/><W105/><G105/><T125/><D132/><U3/><E102/><V39/><F39/><W130/><G130/><T66/><D125/><U93/><E99/><V96/><F96/><W112/><G112/><T25/><D101/><U124/><E124/><V75/><F75/><W2/><AGARI ba="1,1" hai="2,6,11,17,19" m="16623,44043,42506" machi="2" ten="30,7900,0" yaku="15,1,34,2,52,1" doraHai="0" who="3" fromWho="3" sc="323,-21,465,-40,59,-21,143,92" /><INIT seed="6,0,0,5,5,66" ten="302,425,38,235" oya="2" hai0="70,67,95,120,34,132,71,74,64,123,30,53,45" hai1="119,54,79,85,80,87,126,49,89,6,51,61,40" hai2="44,104,21,62,48,129,17,3,43,58,47,84,78" hai3="23,81,31,72,124,16,27,101,56,76,97,91,122"/><V102/><F129/><W1/><G124/><T98/><D74/><U75/><E126/><V37/><F3/><W33/><G122/><T41/><D132/><U39/><E75/><V112/><F112/><W24/><G1/><T111/><D111/><U57/><E119/><V9/><F104/><W107/><G56/><T93/><D123/><U0/><E6/><V128/><F128/><W36/><REACH who="3" step="1"/><G91/><REACH who="3" ten="302,425,38,225" step="2"/><T38/><D120/><U14/><E0/><V13/><F102/><W26/><G26/><T63/><D34/><U92/><E14/><V52/><F78/><W103/><G103/><T59/><D30/><U90/><E89/><V96/><F96/><W15/><G15/><T55/><D95/><U130/><E130/><V99/><F99/><W69/><G69/><T125/><D125/><U131/><E131/><V118/><F118/><W18/><G18/><T12/><D12/><U109/><E109/><V106/><F106/><W83/><G83/><T4/><D4/><U28/><E28/><V19/><F84/><W86/><G86/><T133/><D133/><U22/><E79/><V20/><REACH who="2" step="1"/><F19/><REACH who="2" ten="302,425,28,225" step="2"/><W117/><G117/><T82/><D98/><U113/><E85/><V105/><F105/><W88/><G88/><T116/><D116/><U25/><E87/><V115/><F115/><W134/><G134/><T32/><D82/><U135/><E135/><V77/><F77/><W100/><G100/><T7/><D93/><U29/><E113/><V127/><F127/><W46/><G46/><T8/><D7/><U68/><E80/><V60/><F60/><W108/><G108/><RYUUKYOKU ba="0,2" sc="302,-15,425,-15,28,15,225,15" hai2="9,13,17,20,21,37,43,44,47,48,52,58,62" hai3="16,23,24,27,31,33,36,72,76,81,97,101,107" /><INIT seed="6,1,2,5,1,14" ten="287,410,43,240" oya="2" hai0="13,112,3,108,124,125,63,80,84,22,1,98,121" hai1="111,68,92,91,20,9,27,4,83,66,51,16,89" hai2="55,96,39,57,116,134,100,53,42,103,76,72,52" hai3="115,24,117,102,118,99,50,74,113,62,126,86,35"/><V114/><F116/><N who="3" m="44651" /><G62/><T34/><D108/><U19/><E111/><V135/><F114/><N who="3" m="43531" /><G50/><T90/><D121/><U61/><E19/><V40/><F57/><W88/><G35/><T10/><D112/><U28/><E28/><V54/><N who="2" m="14080" /><DORA hai="2" /><V132/><F39/><W105/><G24/><T49/><D49/><U23/><E23/><V104/><REACH who="2" step="1"/><F103/><REACH who="2" ten="287,410,33,240" step="2"/><W43/><G126/><T82/><D125/><U12/><E51/><V60/><F60/><W123/><G123/><T106/><D124/><U77/><E92/><V44/><F44/><W97/><G43/><T64/><D106/><U30/><E30/><V5/><F5/><W7/><G7/><T48/><D48/><U41/><E41/><V29/><F29/><W131/><G131/><T6/><D63/><U107/><E107/><V18/><F18/><W46/><G46/><T120/><D120/><U128/><E128/><V45/><F45/><W122/><G122/><T73/><D6/><U32/><E32/><V130/><F130/><W75/><G99/><T79/><D34/><U56/><E56/><V93/><F93/><AGARI ba="1,3" hai="74,75,86,88,93,97,102,105" m="43531,44651" machi="93" ten="30,8000,1" yaku="15,1,11,1,34,2,54,1" doraHai="14,2" who="3" fromWho="2" sc="287,0,410,0,33,-83,240,113" owari="287,-11.0,410,51.0,-50,-55.0,353,15.0" /></mjloggm>