<mjloggm ver="2.3"><GO type="41" lobby="0"/><UN n0="%E3%82%AD%E3%83%AA%E3%82%B8%E3%83%B3" n1="%E3%83%95%E3%82%A9%E3%83%BC%E3%83%9D%E3%82%A4%E3%83%B3%E3%83%88" n2="%E7%B5%82%E7%9B%A4%E3%81%AE%E9%AD%94%E8%A1%93%E5%B8%AB%32" n3="%E2%93%9D%53%75%70%68%78" dan="13,14,13,18" rate="1911.45,1934.06,1873.65,2137.02" sx="M,M,M,M"/><TAIKYOKU oya="0"/><INIT seed="0,0,0,2,2,39" ten="250,250,250,250" oya="0" hai0="42,2,47,118,131,21,80,19,89,127,84,68,33" hai1="36,116,27,128,14,17,92,123,81,22,99,111,91" hai2="86,87,38,59,56,45,67,6,31,23,88,94,62" hai3="125,18,129,93,43,83,5,4,95,113,124,108,53"/><T57/><D118/><U69/><E123/><V101/><F6/><W78/><G113/><T24/><D2/><U41/><E116/><V13/><F101/><W132/><G53/><T107/><D68/><U54/><E111/><V72/><F72/><W105/><G18/><T71/><D71/><U85/><E69/><V90/><F38/><W103/><G5/><T114/><D114/><U60/><E128/><V115/><F115/><W52/><G52/><T79/><D131/><U70/><E70/><V50/><F56/><W109/><G43/><T58/><D107/><U7/><E36/><V73/><F73/><W34/><G34/><T20/><D33/><U35/><E35/><V40/><F13/><W25/><G25/><T26/><D79/><U96/><E41/><V65/><F65/><W44/><G44/><T98/><D98/><U48/><E60/><V134/><F23/><W8/><G132/><T15/><D127/><N who="3" m="48713" /><G103/><T82/><D82/><U9/><REACH who="1" step="1"/><E81/><REACH who="1" ten="250,240,250,250" step="2"/><V75/><F62/><W106/><G129/><T126/><D126/><U37/><E37/><V119/><F119/><W55/><G109/><T112/><D112/><U110/><E110/><V61/><F40/><W133/><G108/><T120/><D120/><U135/><E135/><V32/><F32/><W29/><G133/><T16/><D15/><U77/><E77/><V10/><F134/><W122/><G78/><T3/><D3/><U1/><E1/><V102/><F61/><W104/><G83/><T74/><D74/><U12/><E12/><V130/><F75/><W30/><G122/><T46/><D42/><RYUUKYOKU ba="0,1" sc="250,15,240,15,250,-15,250,-15" hai0="16,19,20,21,24,26,46,47,57,58,80,84,89" hai1="7,9,14,17,22,27,48,54,85,91,92,96,99" /><INIT seed="0,1,1,4,3,123" ten="265,255,235,235" oya="0" hai0="77,63,30,25,60,44,133,28,89,68,32,74,72" hai1="45,79,108,95,65,124,14,118,87,53,17,22,1" hai2="132,119,39,100,135,29,56,112,27,97,121,18,78" hai3="19,105,12,94,48,110,80,21,66,92,49,122,88"/><T8/><D133/><U104/><E118/><V83/><F121/><W59/><G105/><T67/><D30/><U51/><E104/><V107/><F119/><W96/><G122/><T114/><D114/><U130/><E1/><V47/><F112/><W11/><G110/><T99/><D77/><U34/><E34/><N who="2" m="20799" /><F18/><W57/><G80/><T3/><D63/><U98/><E130/><V55/><F56/><N who="3" m="21579" /><G66/><T9/><D44/><U2/><E2/><V125/><F55/><W76/><G76/><T101/><D89/><U134/><E134/><V46/><F47/><W120/><G120/><T35/><D35/><U103/><E108/><V23/><F23/><W37/><G37/><T71/><D71/><U31/><E31/><V128/><F128/><W0/><G0/><T113/><D113/><U5/><E5/><V54/><F54/><W93/><G21/><T62/><D62/><U129/><E129/><V64/><F64/><W85/><G94/><T61/><D61/><U15/><E65/><V91/><F91/><AGARI ba="1,1" hai="11,12,19,48,49,85,88,91,92,93,96" m="21579" machi="91" ten="30,2000,0" yaku="8,1,54,1" doraHai="123" who="3" fromWho="2" sc="265,0,255,0,235,-23,235,33" /><INIT seed="1,0,0,0,1,76" ten="265,255,212,268" oya="1" hai0="131,70,46,24,135,53,96,88,35,8,44,64,133" hai1="128,12,108,93,87,11,74,84,116,10,17,106,126" hai2="107,4,33,66,47,18,61,27,9,82,100,34,20" hai3="118,62,63,119,111,132,25,121,54,72,28,97,129"/><U75/><E116/><N who="3" m="44586" /><G111/><T89/><D131/><U81/><E128/><V101/><F34/><W130/><G121/><T113/><D113/><U95/><E126/><V65/><F65/><W49/><G72/><T0/><D70/><U40/><E106/><V85/><F33/><N who="3" m="20623" /><G132/><N who="0" m="50763" /><D64/><U125/><E125/><V80/><F107/><W86/><G97/><T2/><D46/><U109/><E40/><V30/><F30/><W112/><G86/><T60/><D8/><U39/><E39/><V58/><F47/><N who="3" m="27967" /><G112/><T134/><N who="0" m="50771" /><T104/><DORA hai="122" /><D104/><U45/><E45/><V1/><REACH who="2" step="1"/><F85/><REACH who="2" ten="265,255,202,268" step="2"/><W5/><G130/><T51/><D35/><U21/><E87/><V41/><F41/><W77/><G129/><T90/><D96/><U110/><E75/><V102/><AGARI ba="0,1" hai="1,4,9,18,20,27,58,61,66,80,82,100,101,102" machi="102" ten="30,7900,0" yaku="1,1,0,1,52,2,53,0" doraHai="76,122" doraHaiUra="68,38" who="2" fromWho="2" sc="265,-20,255,-39,202,89,268,-20" /><INIT seed="2,0,0,1,1,115" ten="245,216,291,248" oya="2" hai0="14,66,10,101,59,70,18,47,78,3,112,71,57" hai1="88,100,46,95,25,135,22,110,69,30,117,34,73" hai2="12,1,54,79,51,65,123,52,61,68,64,134,105" hai3="121,114,120,26,75,19,58,122,33,35,111,84,124"/><V63/><F1/><W91/><G75/><T85/><D112/><U127/><E110/><V83/><F105/><W17/><G114/><T38/><D3/><U20/><E135/><V67/><F12/><W92/><G111/><T28/><D101/><U6/><E127/><V36/><F83/><W132/><G132/><T32/><D32/><U108/><E108/><V131/><F79/><W76/><G76/><T87/><D28/><U98/><E73/><V49/><F134/><W125/><G58/><T7/><D38/><U102/><E6/><V5/><F5/><W0/><G0/><T15/><D70/><U55/><E117/><V118/><F118/><W128/><G128/><T103/><D71/><U109/><E109/><V89/><F89/><W45/><G45/><T113/><D113/><U119/><E119/><V50/><F131/><W60/><G60/><N who="2" m="23113" /><F68/><W41/><G125/><T90/><D103/><U21/><E69/><V2/><F2/><W13/><G124/><T31/><D7/><U29/><E34/><V62/><N who="2" m="23121" /><V130/><DORA hai="129" /><F130/><W80/><G80/><T126/><D78/><U56/><E46/><V42/><F123/><W16/><G13/><T4/><D14/><U11/><E11/><V106/><F106/><W93/><G93/><T97/><D10/><U86/><E25/><V8/><F8/><W39/><G26/><T9/><D9/><U74/><E74/><V48/><N who="2" m="12288" /><DORA hai="133" /><V53/><F42/><W81/><G81/><T107/><D126/><U116/><E116/><V104/><F104/><W99/><G84/><T94/><D85/><RYUUKYOKU ba="0,0" sc="245,-15,216,-15,291,15,248,15" hai2="36,52,53,54,64,65,67" hai3="16,17,19,33,35,39,41,91,92,99,120,121,122" /><INIT seed="2,1,0,1,4,27" ten="230,201,306,263" oya="2" hai0="106,89,95,92,65,17,133,64,110,82,128,2,52" hai1="9,124,63,60,109,23,125,7,120,39,4,101,113" hai2="116,100,71,76,56,96,86,18,31,94,107,88,123" hai3="38,119,37,68,44,15,45,103,48,36,83,16,104"/><V98/><F71/><W8/><G119/><T25/><D2/><U67/><E113/><V34/><F116/><W130/><G68/><T42/><D106/><U43/><E109/><V135/><F123/><W59/><G130/><T50/><D110/><U35/><E35/><V24/><F76/><W12/><G104/><T61/><D128/><U78/><E120/><V22/><F56/><W14/><G103/><T5/><D133/><U33/><E33/><V11/><F11/><W112/><G112/><T47/><D5/><U6/><E101/><V32/><F135/><W66/><G83/><T40/><D82/><U54/><E78/><V41/><F41/><N who="0" m="15978" /><D61/><U131/><E131/><V93/><REACH who="2" step="1"/><F18/><REACH who="2" ten="230,201,296,263" step="2"/><W79/><G79/><T75/><D17/><U111/><E43/><V3/><F3/><W20/><G8/><T26/><D75/><U21/><E111/><V80/><F80/><W13/><G66/><T69/><D65/><U0/><E39/><V127/><F127/><W10/><G10/><T126/><D64/><U117/><E117/><V115/><F115/><W97/><G38/><T91/><D69/><U46/><E0/><V90/><AGARI ba="1,1" hai="22,24,31,32,34,86,88,90,93,94,96,98,100,107" machi="90" ten="20,12000,1" yaku="1,1,0,1,7,1,52,1,54,1,53,0" doraHai="27" doraHaiUra="73" who="2" fromWho="2" sc="230,-41,201,-41,296,133,263,-41" /><INIT seed="2,2,0,4,5,97" ten="189,160,429,222" oya="2" hai0="119,116,91,47,62,122,45,125,26,133,108,15,96" hai1="101,86,37,58,7,89,34,132,79,103,60,126,12" hai2="53,65,128,43,113,95,31,50,19,74,59,21,49" hai3="130,44,82,75,99,29,17,105,109,36,72,48,33"/><V92/><F74/><W30/><G36/><T25/><D122/><U107/><E107/><V57/><F113/><W81/><G109/><T42/><D108/><U134/><E34/><V40/><F128/><W88/><G130/><T55/><D133/><N who="1" m="51307" /><E37/><V23/><F65/><W61/><G61/><T52/><D125/><U68/><E79/><V69/><F69/><W135/><G17/><T104/><D15/><U27/><E27/><N who="0" m="10249" /><D45/><U131/><E131/><V118/><F118/><N who="0" m="45098" /><D62/><U35/><E35/><V83/><F83/><W10/><G82/><T63/><D63/><U121/><E121/><V56/><F31/><W93/><G30/><T110/><D110/><U73/><E73/><V66/><F66/><W102/><G29/><T78/><D78/><U9/><E68/><V84/><F84/><W94/><G33/><T41/><D41/><U124/><E124/><V115/><F115/><W32/><G32/><T1/><D1/><U70/><E70/><V114/><F114/><W111/><G111/><T8/><D8/><U14/><E14/><V4/><F40/><W71/><G135/><T2/><D2/><U90/><E126/><V39/><F39/><W98/><G71/><T87/><D87/><U77/><E77/><V38/><F43/><N who="3" m="24607" /><G10/><T100/><D91/><N who="1" m="34827" /><E86/><V85/><F85/><N who="3" m="50223" /><G75/><T76/><D76/><U3/><E3/><V123/><F123/><W24/><G72/><T13/><D13/><U18/><E7/><V11/><F4/><W67/><G24/><T28/><D28/><U117/><E117/><V5/><F5/><W80/><G80/><T46/><D42/><RYUUKYOKU ba="2,0" sc="189,15,160,15,429,-15,222,-15" hai0="46,47,52,55,96,100,104" hai1="9,12,18,58,60,101,103" /><INIT seed="3,3,0,3,5,59" ten="204,175,414,207" oya="3" hai0="89,23,15,37,17,119,12,108,7,103,131,93,20" hai1="78,120,113,84,21,109,130,24,0,134,46,39,32" hai2="30,125,100,117,82,80,34,72,81,8,22,49,33" hai3="63,102,126,98,6,96,65,36,13,111,128,41,51"/><W99/><G36/><T76/><D119/><U31/><E39/><V124/><F117/><W45/><G128/><T104/><D131/><U47/><E130/><V43/><F72/><W35/><G35/><T53/><D37/><U87/><E120/><V19/><F100/><W52/><G126/><N who="2" m="48745" /><F30/><W55/><G111/><T58/><D108/><U129/><E129/><V54/><F8/><N who="3" m="4247" /><G102/><T118/><D118/><U64/><E109/><V101/><F43/><W66/><G55/><T97/><D76/><U77/><E0/><V106/><F106/><W114/><G114/><T91/><D7/><U95/><E134/><V132/><F132/><W123/><G123/><T90/><D104/><U85/><E113/><V112/><F101/><W94/><G94/><T29/><D29/><U92/><E32/><V116/><F116/><W69/><G69/><T110/><D110/><U28/><E28/><V127/><N who="2" m="48753" /><V70/><DORA hai="122" /><F70/><W57/><AGARI ba="3,0" hai="41,45,51,52,57,63,65,66,96,98,99" m="4247" machi="57" ten="30,6000,0" yaku="8,1,52,1,54,1" doraHai="59,122" who="3" fromWho="3" sc="204,-23,175,-23,414,-23,207,69" /><INIT seed="3,4,0,2,3,100" ten="181,152,391,276" oya="3" hai0="57,38,76,72,92,18,78,20,13,2,125,68,116" hai1="117,112,48,51,64,23,122,90,89,7,40,21,37" hai2="107,10,73,71,43,24,118,11,32,115,75,14,128" hai3="26,50,106,129,62,111,49,6,45,58,130,53,102"/><W81/><G6/><T42/><D116/><U61/><E122/><V25/><F118/><W135/><G81/><T16/><D68/><U77/><E112/><V31/><F115/><W110/><G26/><T46/><D2/><U34/><E34/><V103/><F43/><W94/><G94/><T19/><D125/><U29/><E117/><V123/><F123/><W8/><G8/><T88/><D57/><U17/><E7/><V12/><F24/><W36/><G135/><T33/><D33/><U56/><E77/><V66/><F10/><W131/><G36/><T120/><D120/><U80/><E80/><V54/><F14/><W134/><G134/><T109/><D109/><N who="3" m="41481" /><G45/><T63/><D63/><U44/><E29/><V132/><F132/><W55/><G55/><T87/><REACH who="0" step="1"/><D72/><REACH who="0" ten="171,152,391,276" step="2"/><U30/><E56/><V52/><F75/><W105/><G102/><T4/><D4/><U67/><E61/><V104/><F103/><W84/><G84/><T119/><D119/><U28/><E44/><V3/><F73/><W93/><G93/><T86/><D86/><U127/><E127/><V133/><F133/><W98/><G98/><T91/><D91/><U99/><E99/><V27/><F3/><W74/><G74/><T69/><D69/><U41/><E90/><V70/><F71/><W101/><G101/><T35/><D35/><U5/><E89/><V97/><F32/><W83/><G83/><T85/><D85/><U15/><E5/><V9/><F70/><W1/><G1/><T65/><D65/><U82/><E67/><V60/><F66/><W114/><G114/><RYUUKYOKU ba="4,1" sc="171,15,152,-15,391,-15,276,15" hai0="13,16,18,19,20,38,42,46,76,78,87,88,92" hai3="49,50,53,58,62,105,106,129,130,131" /><INIT seed="3,5,1,5,3,28" ten="186,137,376,291" oya="3" hai0="119,11,15,22,104,51,6,96,111,38,124,81,24" hai1="107,130,134,8,80,2,122,118,109,48,26,21,121" hai2="89,31,76,72,39,103,3,63,54,37,29,47,67" hai3="12,36,78,127,16,99,5,95,7,131,35,108,45"/><W34/><G131/><T117/><D38/><U113/><E80/><V74/><F3/><W102/><G127/><T10/><D124/><U86/><E86/><V50/><F103/><W101/><G78/><T17/><D111/><U98/><E98/><V93/><F29/><W66/><G66/><T58/><D81/><U19/><E48/><V59/><F31/><W126/><G126/><T120/><D104/><U33/><E107/><V60/><F63/><W94/><G108/><T106/><D106/><U75/><E75/><V20/><F20/><W133/><G133/><T112/><D120/><U1/><E109/><V65/><F67/><W90/><G45/><T25/><D96/><U125/><E113/><V79/><F79/><W57/><G57/><T4/><D51/><U23/><E125/><V9/><F9/><W43/><G43/><T69/><D58/><U92/><E92/><V135/><F135/><W84/><G36/><T77/><D77/><U13/><E134/><V27/><F27/><N who="0" m="10314" /><D69/><U62/><E62/><V85/><REACH who="2" step="1"/><F76/><REACH who="2" ten="186,137,366,291" step="2"/><W129/><G102/><T49/><D112/><U42/><E130/><V82/><F82/><W132/><G129/><T56/><D10/><U0/><E118/><V91/><F91/><W123/><G132/><T70/><D11/><U110/><E110/><V18/><F18/><W73/><G73/><AGARI ba="5,2" hai="37,39,47,50,54,59,60,65,72,73,74,85,89,93" machi="73" ten="40,1300,0" yaku="1,1,53,0" doraHai="28" doraHaiUra="64" who="2" fromWho="3" sc="186,0,137,0,366,48,291,-28" /><INIT seed="4,0,0,5,2,110" ten="186,137,414,263" oya="0" hai0="11,57,32,83,85,2,93,24,0,88,19,82,63" hai1="62,16,130,117,97,113,5,51,71,95,40,34,126" hai2="31,37,70,127,107,47,44,86,25,49,29,134,60" hai3="72,3,43,133,27,112,115,102,68,73,14,9,46"/><T7/><D0/><U8/><E117/><V120/><F120/><W55/><G133/><T132/><D132/><U48/><E34/><V64/><F134/><W6/><G55/><T89/><D89/><U65/><E130/><V77/><F127/><W74/><G102/><T98/><D32/><U18/><E126/><V76/><F47/><W128/><G128/><T75/><D75/><U59/><E113/><N who="3" m="43594" /><G27/><T35/><D35/><U105/><E105/><V131/><F131/><W87/><G87/><T101/><D19/><U20/><E71/><V106/><F77/><W28/><G28/><T21/><D24/><U114/><E114/><V61/><F60/><W121/><G68/><T91/><D21/><U33/><E33/><V90/><F76/><W119/><G119/><T30/><D30/><U125/><E125/><V69/><F70/><W79/><G121/><T129/><D129/><U38/><E38/><V123/><F123/><W111/><G111/><T67/><D91/><U96/><E40/><V122/><F37/><N who="3" m="21871" /><G14/><T42/><D42/><U92/><E97/><V118/><F118/><W84/><G84/><T39/><D39/><U81/><E96/><V100/><F100/><W13/><G13/><T45/><D45/><U4/><E81/><AGARI ba="0,0" hai="3,6,9,72,73,74,79,81" m="21871,43594" machi="81" ten="30,12000,2" yaku="25,1,15,1,23,1,52,3" doraHai="110" who="3" fromWho="1" sc="186,0,137,-120,414,0,263,120" /><AGARI ba="0,0" hai="2,7,11,57,63,67,81,82,83,85,88,93,98,101" machi="81" ten="30,2900,0" yaku="7,1,54,1" doraHai="110" who="0" fromWho="1" sc="186,29,17,-29,414,0,383,0" owari="215,-18.0,-12,-51.0,414,51.0,383,18.0" /></mjloggm>