<mjloggm ver="2.3"><GO type="41" lobby="0"/><UN n0="%E3%81%84%E3%83%BC%E3%81%A1%E3%82%83%E3%82%93%EF%BC%90%EF%BC%99" n1="%E2%93%9D%53%75%70%68%78" n2="%E3%82%8C%E3%81%BF%E3%81%83%E3%81%BE%E3%82%8B%E3%81%9F%E3%82%93" n3="%E3%81%9B%E3%82%93%E3%81%96%E3%82%93%E3%81%93%E3%81%86%32" dan="13,18,15,13" rate="1901.07,2130.24,2031.30,1854.08" sx="M,M,M,M"/><TAIKYOKU oya="0"/><INIT seed="0,0,0,0,4,56" ten="250,250,250,250" oya="0" hai0="95,9,119,62,130,69,113,38,58,2,51,23,29" hai1="121,126,14,21,3,75,97,132,40,44,129,54,53" hai2="35,7,90,135,80,120,76,116,31,42,109,71,66" hai3="1,22,30,19,131,20,82,8,70,78,114,112,28"/><T52/><D113/><N who="3" m="43625" /><G70/><T123/><D119/><U134/><E3/><V10/><F120/><W48/><G48/><T111/><D123/><U79/><E126/><V43/><F90/><W88/><G88/><T94/><D130/><U72/><E129/><V15/><F116/><W89/><G89/><T83/><D83/><U73/><E79/><V67/><F109/><W65/><G65/><T33/><D33/><U92/><E121/><V41/><F135/><N who="1" m="51753" /><E14/><V63/><F67/><W47/><G47/><T110/><D38/><N who="1" m="21527" /><E21/><N who="3" m="8298" /><G82/><T36/><D36/><U64/><E64/><V104/><F104/><W98/><G98/><T4/><D69/><U108/><E108/><N who="0" m="41513" /><D51/><U39/><E39/><V100/><F100/><AGARI ba="0,0" hai="53,54,72,73,75,92,97,100" m="21527,51753" machi="100" ten="40,1300,0" yaku="20,1" doraHai="56" who="1" fromWho="2" sc="250,0,250,13,250,-13,250,0" /><INIT seed="1,0,0,5,5,116" ten="250,263,237,250" oya="1" hai0="62,71,61,104,79,118,47,68,64,133,124,93,135" hai1="96,33,63,86,34,67,29,106,25,120,97,88,78" hai2="82,51,7,43,134,10,54,121,113,119,108,13,27" hai3="131,4,90,2,111,19,17,52,128,3,31,59,56"/><U101/><E97/><V32/><F119/><W60/><G31/><T70/><D104/><U99/><E99/><V16/><F43/><W76/><G76/><T42/><D79/><U92/><E78/><V55/><F108/><W44/><G44/><T110/><D93/><U37/><E37/><V30/><F134/><N who="0" m="51210" /><D118/><U95/><E120/><V50/><F113/><W45/><G45/><T112/><D112/><U36/><E36/><V23/><F82/><W6/><G90/><T24/><D24/><U49/><E49/><V91/><F91/><W114/><G111/><T72/><D72/><U18/><E18/><V81/><F81/><W77/><G77/><T107/><D107/><U117/><E117/><V8/><F121/><W41/><G41/><T66/><D110/><U22/><REACH who="1" step="1"/><E106/><REACH who="1" ten="250,253,237,250" step="2"/><V123/><F123/><W40/><G40/><T103/><D103/><U21/><E21/><V125/><F51/><W130/><G114/><T9/><D124/><U102/><E102/><V65/><F125/><W48/><G17/><T38/><D9/><U84/><E84/><V87/><F87/><W35/><G19/><T94/><D94/><U74/><E74/><V89/><F10/><W83/><G35/><T20/><D20/><U12/><E12/><V132/><F132/><W85/><G85/><T75/><D75/><U57/><AGARI ba="0,1" hai="22,25,29,33,34,57,63,67,86,88,92,95,96,101" machi="57" ten="20,18000,2" yaku="1,1,0,1,7,1,25,2,54,1,53,0" doraHai="116" doraHaiUra="129" who="1" fromWho="1" sc="250,-60,253,190,237,-60,250,-60" /><INIT seed="1,1,0,5,3,28" ten="190,443,177,190" oya="1" hai0="93,117,95,41,90,56,113,84,115,72,91,47,45" hai1="11,0,79,107,108,37,68,43,18,21,8,60,127" hai2="81,40,125,17,78,94,20,87,26,133,80,82,10" hai3="59,86,128,114,29,124,16,119,73,74,33,35,104"/><U63/><E127/><V101/><F125/><W121/><G124/><T110/><D110/><U109/><E107/><V61/><F133/><W105/><G114/><T13/><D72/><U111/><E79/><V19/><F40/><W15/><G121/><T92/><D117/><U58/><E68/><V64/><F101/><W1/><G1/><T116/><D116/><U98/><E98/><V32/><F94/><W71/><G71/><T62/><D13/><U46/><E0/><V27/><F10/><N who="1" m="3625" /><E58/><V120/><F120/><W48/><G119/><T83/><D113/><U65/><E65/><V6/><F6/><W132/><G132/><T49/><D115/><U34/><E34/><V99/><F99/><W66/><G128/><T97/><REACH who="0" step="1"/><D45/><REACH who="0" ten="180,443,177,190" step="2"/><U70/><E70/><V85/><F85/><W102/><G74/><T51/><D51/><U4/><E4/><V57/><REACH who="2" step="1"/><F17/><REACH who="2" ten="180,443,167,190" step="2"/><W9/><G73/><T55/><AGARI ba="1,2" hai="41,47,49,55,56,62,83,84,90,91,92,93,95,97" machi="55" ten="20,5200,0" yaku="1,1,0,1,7,1,8,1,53,0" doraHai="28" doraHaiUra="24" who="0" fromWho="0" sc="180,75,443,-27,167,-14,190,-14" /><INIT seed="2,0,0,2,3,119" ten="255,416,153,176" oya="2" hai0="129,131,37,39,71,51,23,24,9,105,50,17,42" hai1="82,126,34,89,73,1,32,130,64,55,33,91,6" hai2="45,11,103,41,97,88,72,106,52,2,49,60,26" hai3="62,123,31,48,80,102,117,135,3,87,30,43,124"/><V20/><F72/><W79/><G117/><T29/><D105/><U132/><E130/><N who="0" m="49673" /><D71/><U76/><E132/><V57/><F2/><W109/><G124/><T114/><D114/><U18/><E18/><V68/><F11/><W7/><G109/><T92/><D92/><U5/><E55/><V21/><F68/><W93/><G135/><T134/><D134/><U69/><E126/><V67/><F67/><W46/><G62/><T99/><D99/><U59/><E59/><V104/><F104/><W58/><G58/><T16/><D9/><U112/><E112/><V22/><REACH who="2" step="1"/><F88/><REACH who="2" ten="255,416,143,176" step="2"/><W133/><G133/><T65/><D65/><U15/><E91/><V86/><F86/><W118/><G118/><T120/><D39/><U4/><E89/><V78/><F78/><W110/><G3/><T122/><D37/><U111/><E1/><V128/><F128/><W13/><G110/><T25/><D42/><U95/><E111/><V84/><F84/><W75/><G75/><T125/><D125/><U90/><E64/><V44/><F44/><W94/><G102/><T108/><D108/><U19/><E69/><V66/><F66/><W12/><G94/><T47/><D47/><U98/><E6/><V53/><F53/><W36/><G93/><T35/><D17/><AGARI ba="0,1" hai="17,20,21,22,26,41,45,49,52,57,60,97,103,106" machi="17" ten="30,5800,0" yaku="1,1,7,1,54,1,53,0" doraHai="119" doraHaiUra="127" who="2" fromWho="0" sc="255,-58,416,0,143,68,176,0" /><INIT seed="2,1,0,1,5,18" ten="197,416,211,176" oya="2" hai0="126,134,73,85,42,5,50,15,6,17,59,36,61" hai1="25,66,26,88,116,43,23,53,0,128,78,40,51" hai2="115,27,80,79,34,93,28,2,118,107,77,92,100" hai3="105,54,112,49,57,55,130,37,82,21,104,132,8"/><V35/><F2/><W64/><G37/><T70/><D73/><U14/><E0/><V91/><F118/><W65/><G130/><T87/><D126/><U99/><E78/><V127/><F115/><W96/><G132/><T41/><D134/><U67/><E128/><V111/><F77/><W94/><G112/><T1/><D1/><U45/><E26/><V131/><F131/><W125/><G125/><T7/><D70/><U106/><E106/><V122/><F122/><W129/><G129/><T97/><D36/><U3/><E14/><V29/><F127/><W95/><G8/><T12/><D97/><U81/><E3/><V69/><F69/><W44/><G82/><T30/><D30/><N who="1" m="17727" /><E116/><V119/><F119/><W24/><G105/><T98/><D98/><U124/><E124/><V110/><F29/><W32/><G32/><T60/><D7/><U58/><E81/><V89/><F35/><W121/><G104/><T13/><D17/><U47/><E43/><V101/><F107/><W4/><G4/><T72/><D12/><U46/><E40/><V52/><F101/><N who="3" m="60567" /><G121/><T38/><D38/><U48/><E48/><V133/><F133/><W86/><G95/><AGARI ba="1,0" hai="45,46,47,51,53,58,66,67,88,95,99" m="17727" machi="95" ten="30,3900,0" yaku="8,1,52,1,54,1" doraHai="18" who="1" fromWho="3" sc="197,0,416,42,211,0,176,-42" /><INIT seed="3,0,0,1,1,134" ten="197,458,211,134" oya="3" hai0="125,72,42,80,50,30,73,117,51,53,132,69,67" hai1="114,32,96,13,82,39,3,92,83,86,45,109,54" hai2="103,99,85,18,87,71,22,116,0,115,97,25,48" hai3="56,131,88,98,10,15,38,133,37,129,101,66,12"/><W23/><G133/><T2/><D132/><U123/><E109/><V59/><F116/><W52/><G66/><T102/><D2/><U61/><E114/><V104/><F71/><W9/><G23/><T118/><D30/><U128/><E128/><N who="3" m="49226" /><G15/><T111/><D102/><U57/><E3/><V35/><F0/><W108/><G108/><T89/><D111/><U78/><E123/><V11/><F115/><W40/><G40/><T122/><D122/><U33/><E33/><V124/><F35/><W26/><G26/><T20/><D20/><U100/><E32/><V106/><F11/><N who="3" m="4107" /><G12/><T79/><D42/><U75/><E13/><V65/><F65/><W81/><G81/><T91/><D67/><U34/><E34/><V112/><F112/><W76/><G76/><T107/><D80/><U93/><E83/><V31/><F25/><W94/><G101/><T16/><D79/><U44/><E39/><V77/><F77/><W1/><G1/><T19/><D69/><U8/><E8/><V126/><F31/><W113/><G113/><T46/><D53/><U43/><E43/><V64/><F22/><W130/><N who="3" m="49234" /><W70/><DORA hai="63" /><G70/><T49/><D107/><U121/><E121/><V62/><F106/><W47/><G47/><T17/><D46/><U110/><E110/><V27/><F104/><W28/><G28/><T58/><D58/><U24/><E24/><V7/><F103/><W95/><G95/><T5/><D5/><U60/><E45/><V21/><F7/><W119/><G119/><T74/><D118/><U4/><E4/><V29/><F29/><RYUUKYOKU ba="0,0" sc="197,-10,458,-10,211,-10,134,30" hai3="37,38,52,56,88,94,98" /><INIT seed="3,1,0,3,5,64" ten="187,448,201,164" oya="3" hai0="125,24,104,17,9,20,71,122,15,35,98,97,40" hai1="70,79,50,45,90,3,14,109,23,124,18,127,113" hai2="78,131,68,22,130,28,46,92,10,89,54,106,13" hai3="21,88,62,73,51,135,55,114,76,123,6,34,60"/><W12/><G123/><T83/><D122/><U72/><E109/><V75/><F106/><W1/><G34/><T118/><D118/><U29/><E113/><V128/><F78/><W95/><G114/><T132/><D40/><U47/><E3/><V94/><F75/><W5/><G135/><T43/><D43/><U16/><E70/><V99/><F92/><W48/><G1/><T117/><D117/><U115/><E29/><V77/><F77/><W120/><G120/><T0/><D125/><N who="1" m="48203" /><E115/><V80/><F80/><W96/><G76/><T63/><D132/><U26/><E90/><V57/><F68/><W2/><G2/><T52/><D83/><N who="1" m="45543" /><E50/><N who="3" m="18986" /><G73/><T93/><D104/><U30/><E18/><N who="2" m="8503" /><F46/><W110/><G110/><T27/><D27/><U133/><E133/><V44/><F44/><W8/><G21/><AGARI ba="1,0" hai="14,16,21,23,26,30,45,47" m="45543,48203" machi="21" ten="30,2000,0" yaku="18,1,54,1" doraHai="64" who="1" fromWho="3" sc="187,0,448,23,201,0,164,-23" /><INIT seed="4,0,0,1,1,120" ten="187,471,201,141" oya="0" hai0="19,74,9,58,73,13,75,117,41,30,10,11,18" hai1="126,125,67,2,99,29,59,115,54,4,23,82,102" hai2="48,37,108,6,127,68,8,45,31,78,57,35,72" hai3="134,95,1,133,17,121,90,111,24,62,93,97,70"/><T46/><D117/><U44/><E115/><V92/><F92/><W112/><G112/><T107/><D107/><U63/><E82/><V15/><F57/><W40/><G40/><T104/><D104/><U25/><E4/><V113/><F113/><W132/><G1/><T103/><D103/><U79/><E79/><V91/><F91/><W56/><G70/><T101/><D101/><U116/><E2/><N who="2" m="87" /><F48/><W110/><G121/><T128/><D30/><U84/><E84/><V47/><F15/><W14/><G95/><T129/><D58/><U105/><E116/><V42/><F47/><W114/><G24/><T81/><D81/><U80/><E80/><N who="2" m="45127" /><F68/><W130/><G130/><T65/><D65/><U52/><REACH who="1" step="1"/><E44/><REACH who="1" ten="187,461,201,141" step="2"/><V119/><F119/><W20/><REACH who="3" step="1"/><G114/><REACH who="3" ten="187,461,201,131" step="2"/><T87/><D128/><U85/><E85/><V51/><F42/><W28/><G28/><T71/><D87/><U36/><E36/><V69/><F37/><W122/><G122/><T100/><D129/><U135/><E135/><V55/><F31/><W43/><G43/><T131/><D131/><U109/><E109/><V61/><F108/><W88/><G88/><T98/><D100/><U64/><E64/><AGARI ba="0,2" hai="14,17,20,56,62,64,90,93,97,110,111,132,133,134" machi="64" ten="40,8000,1" yaku="1,1,20,1,52,2,53,0" doraHai="120" doraHaiUra="106" who="3" fromWho="1" sc="187,0,461,-80,201,0,131,100" /><INIT seed="5,0,0,0,5,105" ten="187,381,201,231" oya="1" hai0="13,17,7,129,115,6,22,88,85,47,33,21,73" hai1="55,57,125,79,123,120,113,8,28,82,89,122,11" hai2="14,23,76,18,16,56,52,96,104,108,95,84,27" hai3="67,77,121,86,12,58,38,74,135,127,54,34,92"/><U112/><E28/><V97/><F108/><W1/><G1/><T119/><D119/><U66/><E66/><V70/><F70/><W93/><G38/><T25/><D73/><U15/><E89/><V24/><F104/><W20/><G34/><T36/><D33/><U19/><E125/><V118/><F118/><W103/><G121/><T50/><D36/><U46/><E46/><V107/><F107/><W133/><G127/><T130/><D115/><U99/><E99/><V61/><F27/><W131/><G67/><T51/><D51/><U10/><E55/><V31/><F18/><N who="3" m="10311" /><G103/><T4/><D22/><U134/><E57/><V44/><F44/><W132/><G131/><T69/><D69/><U75/><REACH who="1" step="1"/><E134/><REACH who="1" ten="187,371,201,231" step="2"/><V87/><F97/><W2/><G86/><T126/><D126/><U53/><E53/><V48/><F87/><W78/><G78/><T68/><D68/><U90/><E90/><N who="2" m="55415" /><F84/><W43/><G43/><N who="0" m="24959" /><D129/><U0/><E0/><V114/><F76/><W81/><G2/><T117/><D117/><U49/><E49/><AGARI ba="0,1" hai="49,54,58,74,77,81,92,93,132,133,135" m="10311" machi="49" ten="30,2000,0" yaku="20,1,52,1" doraHai="105" who="3" fromWho="1" sc="187,0,371,-20,201,0,231,30" /><INIT seed="6,0,0,4,3,118" ten="187,351,201,261" oya="2" hai0="123,9,34,69,17,110,63,23,64,76,97,65,58" hai1="30,3,2,121,37,128,75,111,26,59,71,52,98" hai2="102,54,73,78,94,119,1,29,8,47,45,46,85" hai3="99,104,135,14,27,74,43,22,126,113,101,41,13"/><V16/><F119/><W39/><G126/><T117/><D110/><U77/><E128/><V86/><F29/><W40/><G74/><T68/><D117/><U106/><E37/><V5/><F73/><W32/><G39/><T28/><D76/><U35/><E71/><V15/><F78/><W96/><G32/><T0/><D65/><U93/><E121/><V72/><F72/><W18/><G135/><T91/><D34/><U38/><E106/><V134/><F134/><W61/><G113/><T132/><D132/><U36/><E36/><V90/><F102/><W114/><G114/><T57/><D68/><U10/><E111/><V7/><F1/><W4/><G61/><T108/><D108/><U109/><E38/><V20/><F8/><W51/><G4/><T82/><D28/><U107/><E107/><V60/><F86/><W24/><G96/><T100/><D91/><U125/><E125/><V130/><F130/><W105/><G104/><T6/><D82/><U84/><E109/><V129/><F129/><W42/><G42/><T21/><BYE who="3" /><D21/><U120/><E35/><V115/><REACH who="2" step="1"/><F115/><REACH who="2" ten="187,351,191,261" step="2"/><UN n3="%E3%81%9B%E3%82%93%E3%81%96%E3%82%93%E3%81%93%E3%81%86%32" /><W124/><G124/><T12/><REACH who="0" step="1"/><D123/><REACH who="0" ten="177,351,191,261" step="2"/><U55/><E120/><V122/><F122/><W33/><G33/><T112/><D112/><U50/><E77/><V127/><F127/><W19/><REACH who="3" step="1"/><G51/><REACH who="3" ten="177,351,191,251" step="2"/><T70/><D70/><U95/><E50/><V88/><F88/><W79/><G79/><T81/><D81/><U53/><E75/><V92/><F92/><AGARI ba="0,3" hai="0,6,9,12,17,23,57,58,63,64,69,92,97,100" machi="92" ten="30,3900,0" yaku="1,1,7,1,53,1" doraHai="118" doraHaiUra="89" who="0" fromWho="2" sc="177,69,351,0,191,-39,251,0" /><INIT seed="7,0,0,5,2,96" ten="246,351,152,251" oya="3" hai0="126,130,127,30,31,3,23,109,75,98,28,90,54" hai1="129,70,132,37,20,25,86,5,36,10,38,9,74" hai2="93,12,106,113,128,68,101,29,1,134,95,43,123" hai3="99,14,58,19,39,46,114,71,59,131,47,66,2"/><W13/><G2/><T76/><D109/><U125/><E74/><V112/><F1/><W33/><G33/><T0/><D23/><U133/><E125/><N who="0" m="47625" /><D54/><U67/><E129/><V41/><F68/><W92/><G114/><T42/><D42/><U6/><E86/><V102/><F29/><W22/><G131/><T116/><D116/><U104/><E104/><V48/><F128/><W82/><G71/><T16/><D16/><N who="1" m="12423" /><E67/><V49/><F12/><N who="3" m="9575" /><G39/><T55/><D55/><U15/><E70/><V18/><F18/><W79/><G79/><T53/><D53/><U50/><E50/><V44/><F44/><N who="3" m="16939" /><G82/><N who="0" m="45343" /><D130/><U115/><E115/><V56/><F56/><N who="3" m="21547" /><G66/><T135/><D135/><N who="1" m="51787" /><E38/><V7/><F134/><W65/><G65/><T51/><D51/><U63/><E63/><V124/><F124/><W26/><G26/><T89/><D89/><AGARI ba="0,0" hai="13,14,89,92,99" m="21547,16939,9575" machi="89" ten="30,1500,0" yaku="8,1" doraHai="96" who="3" fromWho="0" sc="246,-15,351,0,152,0,251,15" /><INIT seed="7,1,0,5,4,134" ten="231,351,152,266" oya="3" hai0="72,42,123,87,66,78,38,7,4,3,16,1,34" hai1="135,105,85,79,26,35,32,6,131,9,71,76,112" hai2="125,106,110,52,108,119,127,56,104,60,82,89,31" hai3="114,113,19,10,97,80,129,117,69,46,96,77,115"/><W90/><G69/><T57/><D123/><U51/><E131/><V73/><F119/><W2/><G2/><T59/><D34/><U101/><E112/><V48/><F31/><W68/><G68/><T124/><D66/><U11/><E105/><V25/><F25/><W75/><G46/><T86/><D78/><U50/><E101/><V28/><F28/><W91/><G10/><T43/><D72/><U93/><E135/><V118/><F118/><W20/><G117/><T95/><D95/><U33/><E26/><V74/><F48/><W15/><REACH who="3" step="1"/><G129/><REACH who="3" ten="231,351,152,256" step="2"/><T121/><D121/><U133/><E11/><V130/><F130/><W14/><G14/><T0/><D0/><U41/><E9/><V49/><F106/><W18/><G18/><T53/><D38/><U94/><E71/><V92/><F104/><W47/><G47/><T29/><D29/><U44/><E44/><N who="2" m="27687" /><F110/><W54/><G54/><T13/><D53/><U116/><E116/><V61/><F108/><W40/><G40/><T70/><D70/><U39/><E41/><V88/><F56/><W84/><G84/><T37/><D37/><U122/><E85/><N who="2" m="50231" /><F73/><W63/><G63/><T23/><D13/><U107/><E39/><V45/><F74/><W24/><G24/><T98/><D1/><U120/><E120/><V99/><F45/><W5/><G5/><T103/><D3/><U64/><E122/><V128/><F128/><W17/><G17/><T30/><D30/><U21/><E6/><V58/><F58/><N who="0" m="22026" /><D4/><U111/><E111/><V67/><F67/><W22/><G22/><T8/><D7/><RYUUKYOKU ba="1,1" sc="231,-15,351,-15,152,15,256,15" hai2="60,61,89,92,99,125,127" hai3="15,19,20,75,77,80,90,91,96,97,113,114,115" /><INIT seed="7,2,1,4,0,4" ten="216,336,167,271" oya="3" hai0="23,80,113,7,21,102,45,109,47,110,108,129,22" hai1="82,111,86,32,0,125,96,126,123,44,114,79,19" hai2="112,43,133,46,134,3,106,55,16,73,29,83,68" hai3="101,88,11,57,42,95,62,97,66,130,67,12,72"/><W89/><G72/><T10/><D102/><U56/><E114/><V103/><F68/><W24/><G130/><T117/><D117/><U25/><E111/><V71/><F71/><W121/><G121/><T69/><D69/><U36/><E0/><V120/><F29/><W99/><G42/><T52/><D129/><U33/><E56/><V77/><F112/><W85/><G24/><T131/><D131/><U48/><E36/><V5/><F55/><N who="3" m="34111" /><G101/><T98/><D113/><U35/><E96/><N who="3" m="36938" /><G89/><T51/><D98/><U105/><E105/><V122/><F103/><W81/><G81/><T91/><D91/><U60/><E123/><N who="2" m="47147" /><F106/><W61/><G61/><T26/><D80/><U135/><E60/><V70/><F70/><W107/><G107/><T54/><D54/><U78/><E82/><V93/><F93/><W119/><G119/><T74/><D74/><U31/><E35/><V34/><F34/><W27/><G27/><T132/><D132/><U17/><E33/><V9/><F16/><AGARI ba="2,1" hai="11,12,16,66,67,85,88,95" m="36938,34111" machi="16" ten="30,11600,0" yaku="8,1,52,1,54,2" doraHai="4" who="3" fromWho="2" sc="216,0,336,0,167,-122,271,132" owari="216,-18.0,336,14.0,45,-45.0,403,49.0" /></mjloggm>