<mjloggm ver="2.3"><GO type="41" lobby="0"/><UN n0="%6B%61%6C%75" n1="%E2%93%9D%53%75%70%68%78" n2="%E3%81%90%E3%81%90%E3%81%90%E3%81%98" n3="%E9%AD%85%E3%81%9B%E3%82%8B%E7%8C%AB%E9%A0%AD%E3%81%AB%E3%82%83%E3%81%82" dan="14,18,14,14" rate="1903.44,2111.40,1963.34,1908.36" sx="F,M,M,M"/><TAIKYOKU oya="0"/><INIT seed="0,0,0,0,4,73" ten="250,250,250,250" oya="0" hai0="11,19,71,74,1,75,86,35,36,112,108,8,93" hai1="92,22,2,23,28,119,26,51,3,77,57,106,85" hai2="97,43,91,102,47,90,101,103,48,60,58,21,46" hai3="129,52,30,14,55,7,53,17,29,133,130,125,116"/><T76/><D112/><U25/><E106/><V15/><F97/><W0/><G116/><T63/><D36/><U16/><E119/><V120/><F120/><W10/><G125/><T34/><D11/><U78/><E3/><V87/><F87/><W127/><G127/><T61/><D75/><U41/><E2/><V96/><F96/><W118/><G118/><T66/><D63/><U132/><E132/><V5/><F47/><W24/><G133/><T69/><D69/><U126/><E126/><V123/><F123/><W33/><REACH who="3" step="1"/><G30/><REACH who="3" ten="250,250,250,240" step="2"/><T56/><D108/><U20/><E20/><AGARI ba="0,1" hai="0,7,10,14,17,20,24,29,33,52,53,55,129,130" machi="20" ten="40,8000,1" yaku="1,1,2,1,24,2,54,1,53,0" doraHai="73" doraHaiUra="114" who="3" fromWho="1" sc="250,0,250,-80,250,0,240,90" /><INIT seed="1,0,0,4,0,38" ten="250,170,250,330" oya="1" hai0="65,37,53,134,60,113,106,0,51,69,34,122,133" hai1="70,135,42,127,18,50,62,109,24,36,124,77,26" hai2="99,47,80,108,102,79,30,10,25,111,94,64,22" hai3="7,104,28,96,23,95,101,129,110,55,130,74,73"/><U58/><E77/><V11/><F64/><W75/><G110/><T88/><D106/><U52/><E18/><V56/><F111/><W17/><G7/><T46/><D113/><U2/><E109/><V44/><F56/><W121/><G121/><T54/><D34/><U43/><E2/><V120/><F120/><W31/><G55/><T85/><D0/><U20/><E36/><V6/><F108/><W71/><G71/><T132/><D122/><U48/><E135/><V126/><F126/><N who="1" m="48169" /><E20/><V1/><REACH who="2" step="1"/><F11/><REACH who="2" ten="250,170,240,330" step="2"/><W19/><G129/><T8/><D8/><U123/><E123/><V72/><AGARI ba="0,1" hai="1,6,10,22,25,30,44,47,72,79,80,94,99,102" machi="72" ten="20,8000,1" yaku="1,1,2,1,0,1,7,1,53,1" doraHai="38" doraHaiUra="35" who="2" fromWho="2" sc="250,-20,170,-40,240,90,330,-20" /><INIT seed="2,0,0,0,0,98" ten="230,130,330,310" oya="2" hai0="89,106,80,33,129,47,75,26,32,102,135,64,109" hai1="120,29,22,15,52,61,54,116,122,44,86,40,7" hai2="66,99,46,35,0,110,70,118,92,87,125,53,130" hai3="42,67,113,27,24,23,88,91,60,101,65,18,83"/><V79/><F118/><W97/><G42/><T30/><D129/><U58/><E7/><V103/><F130/><W73/><G113/><T31/><D135/><U114/><E86/><V21/><F35/><W104/><G67/><T119/><D109/><U85/><E85/><V82/><F110/><W34/><G83/><T108/><D108/><U38/><E15/><V45/><F0/><W59/><G73/><T126/><D126/><U36/><E22/><V6/><F6/><W78/><G78/><T95/><D119/><U11/><E11/><V132/><F132/><W93/><G104/><T123/><D123/><N who="1" m="47147" /><E29/><V43/><F43/><W13/><G34/><T115/><D115/><U1/><E1/><V100/><F100/><W77/><G77/><T5/><D5/><U50/><E114/><V133/><F133/><W49/><G49/><T10/><D10/><U71/><E116/><V39/><F125/><W84/><G84/><T69/><D47/><N who="1" m="27743" /><E71/><V14/><F39/><AGARI ba="0,0" hai="36,38,39,40,44,54,58,61" m="27743,47147" machi="39" ten="30,7700,0" yaku="13,1,34,2,54,1" doraHai="98" who="1" fromWho="2" sc="230,0,130,77,330,-77,310,0" /><INIT seed="3,0,0,0,4,124" ten="230,207,253,310" oya="3" hai0="8,42,79,35,134,102,40,15,74,58,59,30,22" hai1="73,83,121,60,6,46,126,98,100,51,69,4,25" hai2="43,23,97,118,94,18,53,95,9,0,31,3,135" hai3="41,96,106,54,2,67,63,72,16,133,65,80,112"/><W82/><G2/><T12/><D134/><U104/><E121/><V101/><F118/><W19/><G112/><T13/><D35/><U36/><E36/><V122/><F135/><W21/><G41/><N who="0" m="15979" /><D74/><U20/><E126/><V52/><F122/><W103/><G133/><T93/><D79/><U61/><E69/><V33/><F43/><W64/><G72/><T37/><D37/><U57/><E61/><V39/><F39/><W70/><G19/><T99/><D8/><U92/><E104/><V14/><F95/><W107/><G106/><T123/><D123/><U113/><E113/><V88/><F101/><W32/><G32/><T71/><D71/><U130/><E83/><V127/><F127/><W1/><G1/><T86/><D86/><U29/><E73/><V119/><F0/><W132/><G132/><T120/><D120/><U34/><E34/><V78/><F78/><W5/><G5/><T85/><D85/><U76/><E76/><V24/><F119/><W109/><G70/><T131/><D131/><U77/><E130/><V50/><F50/><W89/><G109/><T62/><D62/><U91/><E77/><V84/><F84/><W17/><G82/><T55/><D55/><N who="1" m="30199" /><E91/><V48/><F48/><W56/><G21/><T125/><D125/><U111/><E111/><V114/><F114/><W128/><G128/><T108/><D108/><U87/><E87/><V38/><F38/><W11/><G11/><T26/><AGARI ba="0,0" hai="12,13,15,22,26,30,58,59,93,99,102" m="15979" machi="26" ten="30,1100,0" yaku="8,1" doraHai="124" who="0" fromWho="0" sc="230,11,207,-3,253,-3,310,-5" /><INIT seed="4,0,0,1,4,31" ten="241,204,250,305" oya="0" hai0="75,3,35,90,56,69,59,73,71,61,48,62,105" hai1="103,66,104,4,17,39,111,74,46,80,127,119,129" hai2="133,33,76,102,115,47,30,23,123,40,128,44,85" hai3="0,18,14,124,68,99,36,134,116,9,57,28,29"/><T70/><D3/><U55/><E119/><V12/><F123/><W34/><G36/><T106/><D48/><U49/><E111/><V109/><F109/><W81/><G68/><T130/><D90/><U96/><E129/><V84/><F102/><W114/><G57/><N who="0" m="22091" /><D130/><U11/><E127/><V77/><F30/><W45/><G45/><T100/><D100/><U101/><E66/><V110/><F110/><W117/><G81/><T112/><D112/><U32/><E103/><V22/><F12/><W50/><G50/><T24/><D24/><U8/><E39/><V2/><F128/><W118/><G114/><T108/><D108/><U97/><E97/><V72/><F115/><W107/><G99/><T51/><D51/><U121/><E121/><V78/><F78/><W113/><G107/><N who="0" m="40971" /><D35/><U87/><E32/><V135/><F33/><W53/><G113/><T1/><D1/><U82/><E104/><V37/><F37/><W92/><G0/><T125/><D125/><U132/><E101/><V95/><F2/><W43/><G34/><T19/><D19/><U120/><E17/><V27/><F27/><W26/><G124/><T10/><D10/><U63/><E11/><V60/><F95/><W64/><G92/><T122/><D122/><U89/><E120/><V41/><REACH who="2" step="1"/><F60/><AGARI ba="0,0" hai="60,61,62,69,70,71,73,75" m="40971,22091" machi="60" ten="40,3900,0" yaku="28,2" doraHai="31" who="0" fromWho="2" sc="241,39,204,0,250,-39,305,0" /><INIT seed="4,1,0,2,0,64" ten="280,204,211,305" oya="0" hai0="123,15,58,69,20,87,102,121,47,17,131,125,109" hai1="22,107,52,83,133,46,75,38,39,34,60,128,45" hai2="73,127,108,21,49,76,111,104,16,110,13,30,112" hai3="43,27,0,51,50,126,29,114,48,80,119,40,71"/><T66/><D125/><U92/><E107/><V124/><F104/><W2/><G119/><T6/><D131/><U77/><E34/><V115/><F76/><W28/><G80/><T12/><D58/><U19/><E128/><V130/><F73/><W25/><G114/><N who="2" m="43561" /><F49/><W101/><G101/><T116/><D116/><U120/><E133/><V10/><F130/><W91/><G91/><T42/><D102/><U122/><E92/><V59/><F59/><W4/><G4/><T98/><D98/><U11/><E39/><V132/><F132/><W55/><G55/><T105/><D105/><U1/><E60/><V44/><F44/><W36/><G50/><T53/><D53/><U32/><E32/><V113/><F113/><W96/><G96/><T118/><D118/><U93/><E93/><V33/><F33/><W84/><G84/><T106/><D87/><U56/><E46/><V68/><F68/><W67/><G36/><N who="0" m="21959" /><D106/><U35/><E38/><V57/><F57/><W61/><G71/><T86/><D86/><U23/><E45/><V65/><F65/><W18/><G67/><T14/><D69/><U9/><E56/><V41/><F41/><W8/><G43/><T7/><D66/><U26/><E52/><V117/><F117/><W88/><G40/><T78/><D78/><U103/><E103/><V135/><F135/><W94/><G51/><T82/><D82/><U97/><E97/><V90/><F90/><W54/><G48/><T81/><D81/><U129/><E129/><V31/><F10/><W79/><G8/><T63/><D63/><U100/><E83/><RYUUKYOKU ba="1,0" sc="280,-10,204,-10,211,30,305,-10" hai2="13,16,21,30,31,108,110,111,124,127" /><INIT seed="5,2,0,3,5,75" ten="270,194,241,295" oya="1" hai0="54,118,72,50,115,53,85,57,73,135,74,131,59" hai1="64,92,24,48,3,6,93,112,46,128,35,22,2" hai2="88,71,19,27,99,82,36,40,58,123,26,111,101" hai3="102,43,114,108,34,124,104,12,133,62,125,56,29"/><U121/><E121/><V97/><F123/><W13/><G108/><T28/><D118/><U87/><E35/><V68/><F111/><W7/><G43/><T90/><D131/><U14/><E128/><V77/><F40/><W55/><G7/><T5/><D135/><U20/><E64/><V100/><F36/><W109/><G133/><T63/><D115/><U69/><E69/><V79/><F58/><W126/><G114/><T8/><D28/><U70/><E70/><V134/><F134/><W39/><G39/><T61/><D50/><U127/><E127/><V95/><F19/><W106/><G109/><T84/><REACH who="0" step="1"/><D90/><REACH who="0" ten="260,194,241,295" step="2"/><U86/><E112/><V23/><F88/><W107/><G102/><T44/><D44/><U11/><E48/><V51/><F51/><W98/><G29/><T9/><D9/><U0/><E46/><V81/><F23/><W110/><G34/><T105/><D105/><U52/><E22/><V30/><F30/><W80/><G110/><T31/><D31/><U16/><REACH who="1" step="1"/><E52/><REACH who="1" ten="260,184,241,295" step="2"/><V18/><F71/><W91/><G126/><T25/><D25/><N who="2" m="9226" /><F68/><W119/><G125/><T96/><D96/><U116/><E116/><V10/><F99/><W65/><G98/><T122/><D122/><U60/><E60/><V94/><F97/><W45/><G119/><T130/><D130/><U78/><E78/><N who="2" m="29707" /><F101/><W47/><G124/><T42/><D42/><U33/><E33/><V4/><F100/><W49/><G45/><T32/><D32/><U129/><E129/><V103/><F103/><W21/><G21/><T15/><AGARI ba="2,2" hai="5,8,15,53,54,57,59,61,63,72,73,74,84,85" machi="15" ten="30,7900,0" yaku="1,1,0,1,9,1,53,1" doraHai="75" doraHaiUra="1" who="0" fromWho="0" sc="260,105,184,-41,241,-22,295,-22" /><INIT seed="6,0,0,5,2,131" ten="365,143,219,273" oya="2" hai0="76,122,35,19,79,87,63,22,126,55,94,45,72" hai1="115,120,61,47,71,132,109,52,105,17,66,128,82" hai2="108,16,1,60,91,46,101,130,51,23,133,135,83" hai3="15,7,114,6,127,86,56,89,68,78,4,59,5"/><V32/><F1/><W54/><G68/><T33/><D122/><U25/><E109/><V104/><F130/><W12/><G127/><T117/><D126/><U69/><E128/><V125/><F108/><W62/><G114/><T48/><D72/><U81/><E105/><V2/><F125/><W53/><N who="3" m="1024" /><DORA hai="30" /><W36/><G78/><T100/><D117/><U0/><E0/><V39/><F2/><W40/><G40/><T64/><D79/><U18/><E115/><V118/><F39/><W111/><G36/><T102/><D102/><U14/><E71/><V29/><F118/><W74/><G74/><T96/><D87/><U85/><E120/><V113/><F113/><W8/><G8/><T98/><D98/><U129/><E129/><V43/><F60/><W49/><REACH who="3" step="1"/><G111/><REACH who="3" ten="365,143,219,263" step="2"/><T95/><D76/><U92/><E69/><V9/><F9/><W99/><G99/><T65/><D96/><U42/><E42/><V90/><F43/><W123/><G123/><T80/><D100/><U38/><E38/><V124/><F101/><W11/><G11/><T41/><D41/><U13/><E85/><V21/><F124/><W50/><G50/><T119/><D48/><U93/><E61/><V103/><F51/><W57/><G57/><T97/><D63/><U134/><E47/><V3/><F46/><W20/><G20/><T88/><D22/><U44/><E44/><V116/><F23/><W34/><G34/><T70/><D45/><U77/><E77/><V37/><F21/><W28/><G28/><T84/><D35/><U106/><E18/><V27/><F32/><RYUUKYOKU ba="0,1" sc="365,-10,143,-10,219,-10,263,30" hai3="12,15,49,53,54,56,59,62,86,89" /><INIT seed="7,1,1,5,5,120" ten="355,133,209,293" oya="3" hai0="55,48,60,95,46,134,122,102,41,92,53,69,10" hai1="32,4,34,109,80,9,77,72,93,88,63,66,38" hai2="121,133,36,135,2,37,123,89,15,94,11,85,129" hai3="27,130,91,131,44,30,59,126,79,70,97,98,18"/><W61/><G70/><T65/><D122/><N who="2" m="46602" /><F2/><W113/><G79/><T104/><D134/><N who="2" m="51210" /><F129/><N who="3" m="49163" /><G113/><T5/><D104/><U21/><E21/><V117/><F117/><W132/><G132/><T40/><D55/><U71/><E38/><V0/><F0/><W22/><G126/><T58/><D41/><U3/><REACH who="1" step="1"/><E109/><REACH who="1" ten="355,123,209,293" step="2"/><V35/><F35/><N who="3" m="20959" /><G44/><T101/><D101/><U74/><E74/><V20/><F20/><W111/><G111/><T39/><D102/><U1/><E1/><AGARI ba="1,2" hai="1,5,10,39,40,46,48,53,58,60,65,69,92,95" machi="1" ten="30,3900,0" yaku="7,1,24,2" doraHai="120" who="0" fromWho="1" sc="355,62,123,-42,209,0,293,0" owari="417,52.0,81,-42.0,209,-19.0,293,9.0" /></mjloggm>