<mjloggm ver="2.3"><GO type="41" lobby="0"/><UN n0="%E3%81%A6%E3%81%83%E3%81%BF%E3%82%93" n1="%6B%73%67%6B" n2="%E2%93%9D%53%75%70%68%78" n3="%E3%81%98%E3%82%8C%E3%81%A3%E3%81%9F%E3%81%84%E3%81%8C%E3%83%BC" dan="15,15,18,15" rate="2002.96,1970.28,2131.33,1965.49" sx="M,M,M,M"/><TAIKYOKU oya="0"/><INIT seed="0,0,0,0,3,54" ten="250,250,250,250" oya="0" hai0="121,120,108,46,123,40,11,68,72,41,39,10,130" hai1="129,95,97,131,109,89,65,60,17,47,48,14,21" hai2="67,23,104,52,91,24,27,116,75,66,56,49,45" hai3="61,86,57,74,4,70,62,12,32,106,115,114,82"/><T132/><D132/><U53/><REACH who="1" step="1"/><E109/><REACH who="1" ten="250,240,250,250" step="2"/><V94/><F116/><W44/><G115/><T36/><D108/><U126/><E126/><V98/><F75/><W38/><G74/><T55/><D72/><U5/><E5/><V1/><F1/><W2/><G2/><T28/><D130/><U7/><E7/><V64/><F104/><W105/><G105/><T19/><D121/><U16/><E16/><N who="2" m="12391" /><F27/><W0/><G4/><T8/><D19/><U113/><E113/><V84/><F98/><W133/><G0/><T15/><D123/><U30/><E30/><V31/><F31/><W6/><G6/><T128/><D28/><U134/><E134/><V34/><F34/><W42/><G32/><T79/><D128/><U80/><E80/><V119/><F119/><W76/><G106/><T3/><D120/><U90/><E90/><V103/><F103/><W50/><G133/><T85/><D3/><U110/><E110/><V96/><F96/><W37/><G114/><T107/><D107/><U87/><E87/><V81/><F81/><W101/><G101/><T25/><D25/><U20/><E20/><V83/><F83/><W73/><G73/><T69/><D85/><U59/><AGARI ba="0,1" hai="14,17,21,47,48,53,59,60,65,89,95,97,129,131" machi="59" ten="30,7900,0" yaku="21,2,0,1,52,1,53,0" doraHai="54" doraHaiUra="100" who="1" fromWho="1" sc="250,-39,240,89,250,-20,250,-20" /><INIT seed="1,0,0,0,1,59" ten="211,329,230,230" oya="1" hai0="8,117,98,34,24,135,17,125,13,20,97,28,2" hai1="130,114,49,9,80,102,79,43,106,124,30,100,108" hai2="78,115,33,128,12,86,93,61,94,83,47,22,101" hai3="111,119,88,50,16,40,113,60,31,38,3,19,10"/><U39/><E114/><V134/><F33/><W133/><G113/><T129/><D117/><U14/><E130/><V62/><F115/><W21/><G38/><T95/><D129/><U84/><E124/><V68/><F68/><W4/><G133/><T82/><D135/><U127/><E127/><V120/><F120/><W122/><G122/><T99/><D82/><U63/><E39/><V121/><F121/><W85/><G119/><T26/><D125/><U1/><E1/><V81/><F128/><W71/><G21/><T116/><D116/><U54/><E30/><V51/><F83/><W55/><G31/><T5/><REACH who="0" step="1"/><D26/><REACH who="0" ten="201,329,230,230" step="2"/><U110/><E108/><V103/><F134/><W96/><G111/><T42/><D42/><U66/><E110/><V35/><F35/><W105/><G40/><T23/><D23/><U29/><E43/><N who="2" m="25087" /><F94/><AGARI ba="0,1" hai="2,5,8,13,17,20,24,28,34,94,95,97,98,99" machi="94" ten="40,5200,0" yaku="1,1,24,2,53,0" doraHai="59" doraHaiUra="70" who="0" fromWho="2" sc="201,62,329,0,230,-52,230,0" /><INIT seed="2,0,0,0,0,80" ten="263,329,178,230" oya="2" hai0="84,132,12,41,49,24,115,134,129,2,28,88,127" hai1="5,124,135,47,63,83,18,76,91,58,0,31,27" hai2="109,122,3,73,126,65,112,64,46,103,6,34,87" hai3="25,40,131,104,94,101,100,77,102,48,99,71,4"/><V74/><F112/><W51/><G71/><T106/><D106/><U14/><E135/><N who="0" m="51753" /><D2/><U7/><E124/><V130/><F122/><W13/><G131/><T35/><D127/><U16/><E91/><V54/><F126/><W61/><G104/><T23/><D115/><U33/><E47/><V110/><F34/><W1/><G1/><T30/><D129/><U55/><E0/><V95/><F130/><W66/><G77/><T105/><D105/><U32/><E32/><V53/><F6/><W90/><G25/><N who="0" m="18831" /><D12/><U59/><E59/><V26/><F26/><W68/><G40/><T82/><D49/><U128/><E18/><V123/><F3/><W116/><G116/><T69/><D41/><U62/><E62/><V9/><F123/><W85/><G4/><T86/><D86/><U72/><E128/><V111/><F87/><W37/><G37/><T10/><D10/><AGARI ba="0,0" hai="5,7,10,14,16,27,31,33,55,58,63,72,76,83" machi="10" ten="30,2000,0" yaku="7,1,54,1" doraHai="80" who="1" fromWho="0" sc="263,-20,329,20,178,0,230,0" /><INIT seed="3,0,0,3,0,103" ten="243,349,178,230" oya="3" hai0="94,12,16,90,119,74,57,42,23,99,91,32,96" hai1="22,106,127,52,63,7,87,36,70,27,83,35,93" hai2="85,84,100,131,11,28,60,101,134,13,44,125,8" hai3="58,130,30,62,1,81,65,97,69,26,46,111,72"/><W68/><G1/><T118/><D74/><U95/><E35/><V50/><F131/><W129/><G111/><T31/><D42/><U107/><E36/><V38/><F134/><W51/><G72/><T40/><D40/><U71/><E7/><V92/><F125/><W80/><G97/><T120/><D120/><U59/><E71/><V76/><F28/><W79/><G80/><T122/><D122/><U86/><E70/><V5/><F38/><W43/><G81/><T135/><D135/><U25/><E25/><V114/><F114/><W39/><G69/><T128/><D128/><U3/><E3/><V73/><F60/><W110/><G79/><T105/><D57/><U21/><E21/><V37/><F37/><W89/><G89/><T88/><D91/><U55/><E55/><V64/><F64/><W132/><G132/><T66/><D66/><U116/><E127/><V34/><F34/><W45/><G110/><T104/><D104/><U113/><E116/><V0/><F73/><W126/><G46/><T75/><D75/><U61/><E61/><V112/><F112/><W67/><G67/><T56/><D56/><U10/><E87/><N who="2" m="33355" /><F92/><N who="1" m="35401" /><E10/><N who="2" m="4303" /><F0/><W108/><G108/><T17/><D90/><N who="1" m="51551" /><E113/><V4/><F76/><W48/><G126/><T124/><D124/><U15/><E107/><V117/><F117/><W54/><G51/><T53/><D32/><AGARI ba="0,0" hai="26,30,32,39,43,45,48,54,58,62,65,68,129,130" machi="32" ten="40,3900,0" yaku="24,2" doraHai="103" who="3" fromWho="0" sc="243,-39,349,0,178,0,230,39" /><INIT seed="3,1,0,1,3,113" ten="204,349,178,269" oya="3" hai0="85,109,67,75,79,7,132,133,34,94,93,30,103" hai1="57,18,58,102,42,84,82,8,36,38,78,125,117" hai2="66,59,48,71,63,116,26,81,5,35,33,24,110" hai3="10,87,23,27,14,135,54,104,56,50,47,134,118"/><W86/><G104/><T95/><D7/><U111/><E125/><V124/><F124/><W131/><G131/><T52/><D67/><U88/><E111/><V0/><F110/><W97/><G97/><T65/><D65/><U15/><E102/><V130/><F130/><W2/><G2/><T11/><D11/><U44/><E38/><V16/><F116/><W41/><G118/><T46/><D109/><U120/><E117/><V60/><F48/><W4/><G135/><N who="0" m="51787" /><D75/><U53/><E120/><V106/><F106/><W51/><REACH who="3" step="1"/><G134/><REACH who="3" ten="204,349,178,259" step="2"/><T13/><D103/><U91/><E58/><V25/><F59/><W105/><G105/><T127/><D127/><U115/><REACH who="1" step="1"/><E115/><REACH who="1" ten="204,339,178,259" step="2"/><V98/><F71/><W19/><AGARI ba="1,2" hai="4,10,14,19,23,27,41,47,50,51,54,56,86,87" machi="19" ten="20,18000,2" yaku="1,1,0,1,7,1,8,1,53,2" doraHai="113" doraHaiUra="45" who="3" fromWho="3" sc="204,-61,339,-61,178,-61,259,203" /><INIT seed="3,2,0,4,1,90" ten="143,278,117,462" oya="3" hai0="72,10,106,58,44,92,29,88,110,51,79,24,15" hai1="50,91,27,3,48,17,69,134,103,123,121,11,19" hai2="25,135,22,0,97,47,23,55,112,21,45,122,40" hai3="101,65,125,41,42,68,100,81,37,74,36,76,111"/><W62/><G125/><T109/><D106/><U130/><E69/><V59/><F112/><W83/><G111/><T132/><D132/><U30/><E134/><V115/><F115/><W82/><G82/><T33/><D79/><U86/><E103/><V57/><F0/><W66/><G62/><T116/><D72/><U77/><E77/><V13/><F135/><W94/><G94/><T80/><D80/><U46/><E130/><V9/><F122/><W6/><G76/><T93/><D58/><U84/><E3/><V49/><F25/><W43/><G43/><T34/><D34/><U89/><E11/><V108/><F108/><W70/><REACH who="3" step="1"/><G6/><REACH who="3" ten="143,278,117,452" step="2"/><T54/><D93/><U102/><E123/><V53/><F40/><W52/><G52/><T113/><D113/><U96/><E121/><V8/><F55/><W14/><G14/><T18/><REACH who="0" step="1"/><D116/><REACH who="0" ten="133,278,117,452" step="2"/><U128/><E128/><V4/><F53/><W26/><G26/><T117/><D117/><U114/><E27/><V61/><F13/><W87/><G87/><AGARI ba="2,2" hai="10,15,18,24,29,33,44,51,54,87,88,92,109,110" machi="87" ten="40,8000,1" yaku="1,1,52,1,54,1,53,1" doraHai="90" doraHaiUra="28" who="0" fromWho="3" sc="133,106,278,0,117,0,452,-86" /><INIT seed="4,0,0,2,5,12" ten="239,278,117,366" oya="0" hai0="10,28,98,14,131,82,34,123,73,45,99,101,41" hai1="84,2,51,33,61,52,19,111,86,132,39,105,3" hai2="69,64,43,74,0,83,79,87,124,22,128,32,117" hai3="100,36,81,104,17,48,96,80,113,26,37,27,13"/><T47/><D123/><U46/><E111/><V130/><F32/><W16/><G113/><T70/><D70/><U24/><E105/><V85/><F0/><W91/><G17/><T59/><D131/><N who="2" m="50218" /><F43/><W38/><G48/><T126/><D126/><U30/><E132/><V40/><F40/><W76/><G91/><T77/><D34/><U56/><E39/><V119/><F22/><W18/><G18/><T65/><D28/><U68/><E68/><V93/><F64/><W49/><G49/><T1/><D1/><U9/><E3/><V66/><F66/><W97/><G97/><T5/><D99/><U35/><E35/><V90/><F69/><W121/><G121/><T134/><D134/><U135/><E135/><V94/><F124/><W129/><G129/><T63/><REACH who="0" step="1"/><D41/><REACH who="0" ten="229,278,117,366" step="2"/><U88/><E2/><V20/><F20/><W29/><G29/><T42/><D42/><U89/><E33/><V133/><F133/><W54/><G54/><T95/><AGARI ba="0,1" hai="5,10,14,45,47,59,63,65,73,77,82,95,98,101" machi="95" ten="20,7800,0" yaku="1,1,0,1,7,1,53,1" doraHai="12" doraHaiUra="107" who="0" fromWho="0" sc="229,88,278,-26,117,-26,366,-26" /><INIT seed="4,1,0,4,2,48" ten="317,252,91,340" oya="0" hai0="8,113,25,43,10,75,58,18,20,52,84,5,120" hai1="69,40,32,6,65,121,100,62,22,101,16,61,127" hai2="83,125,114,60,129,122,54,134,34,74,118,17,85" hai3="28,4,29,68,86,107,99,70,116,93,12,110,106"/><T26/><D75/><U96/><E32/><V56/><F122/><W72/><G72/><T117/><D117/><U11/><E121/><V66/><F118/><W15/><G110/><T97/><D120/><U130/><E130/><V59/><F129/><W39/><G116/><T27/><D113/><U42/><E101/><V76/><F114/><W2/><G86/><T133/><D133/><U90/><E90/><V123/><F34/><W80/><G39/><T3/><D43/><U35/><E35/><V92/><F125/><W13/><G80/><T71/><D71/><U102/><E102/><V132/><F123/><W21/><G70/><T94/><D84/><U1/><E62/><V105/><F105/><W104/><G21/><T46/><D46/><U131/><E127/><V44/><F44/><W14/><G2/><T37/><D37/><U0/><E0/><V98/><F17/><W81/><G81/><T73/><D73/><U31/><E31/><V47/><F47/><W119/><G68/><T128/><D128/><U103/><E103/><V91/><REACH who="2" step="1"/><F74/><REACH who="2" ten="317,252,81,340" step="2"/><W24/><G104/><T7/><D7/><U45/><E45/><V115/><F115/><W50/><G4/><T64/><D5/><U30/><E30/><V9/><F9/><W111/><G28/><T23/><D8/><U57/><E131/><V89/><F89/><W55/><G29/><T33/><D10/><U51/><E100/><V88/><F88/><N who="3" m="55719" /><G107/><T53/><D33/><U78/><E78/><V95/><F95/><W124/><N who="3" m="3072" /><DORA hai="79" /><W19/><G106/><T87/><D94/><U109/><E11/><RYUUKYOKU ba="1,1" sc="317,-10,252,-10,81,30,340,-10" hai2="54,56,59,60,66,76,83,85,91,92,98,132,134" /><INIT seed="5,2,1,3,5,64" ten="307,242,111,330" oya="1" hai0="42,125,132,56,97,31,18,62,4,20,121,113,38" hai1="49,112,99,128,8,80,106,48,116,72,90,131,129" hai2="82,76,94,27,23,92,37,59,7,29,107,134,95" hai3="17,93,15,3,11,98,127,96,123,130,2,36,102"/><U25/><E116/><V110/><F110/><W26/><G36/><T43/><D125/><U81/><E112/><V87/><F134/><W91/><G130/><T58/><D113/><U105/><E25/><V50/><F107/><N who="1" m="40969" /><E8/><V66/><F37/><W83/><G127/><T24/><D132/><U104/><E72/><V46/><F7/><W109/><G109/><T67/><D121/><U22/><N who="1" m="40977" /><U44/><DORA hai="68" /><E22/><V52/><REACH who="2" step="1"/><F66/><REACH who="2" ten="307,242,101,330" step="2"/><W122/><G122/><T88/><D4/><U124/><E124/><V51/><F51/><W117/><G117/><T74/><D38/><U47/><E49/><V63/><F63/><W0/><G123/><T57/><D62/><U115/><E115/><V100/><F100/><W85/><G102/><T135/><D67/><U77/><E48/><V12/><F12/><W126/><G126/><T39/><D39/><U69/><E69/><V78/><F78/><W16/><G26/><T120/><D135/><U70/><E70/><V35/><F35/><W133/><G133/><T111/><D111/><U10/><E77/><V53/><F53/><W119/><G119/><T61/><D61/><U32/><E32/><V65/><F65/><W55/><G55/><T86/><D120/><U71/><E71/><V41/><F41/><W54/><G54/><T118/><D118/><U60/><E60/><V21/><F21/><W89/><G17/><T75/><D18/><U101/><E101/><V33/><F33/><W108/><G108/><T73/><D42/><U1/><E131/><V19/><F19/><W9/><G11/><T13/><D43/><RYUUKYOKU ba="2,2" sc="307,-15,242,-15,101,15,330,15" hai2="23,27,29,46,50,52,59,76,82,87,92,94,95" hai3="0,2,3,9,15,16,83,85,89,91,93,96,98" /><INIT seed="6,3,2,1,1,78" ten="292,227,116,345" oya="2" hai0="10,39,55,26,21,12,90,48,110,44,85,24,66" hai1="76,108,95,25,53,111,87,79,118,69,19,38,65" hai2="11,124,99,0,56,13,133,75,131,127,70,63,77" hai3="132,32,4,51,130,109,134,49,16,98,30,81,123"/><V105/><F0/><W14/><G109/><T122/><D122/><U102/><E118/><V67/><F131/><W20/><G4/><T135/><D135/><N who="3" m="51753" /><G130/><T119/><D110/><U58/><E38/><V18/><F133/><W40/><G123/><T52/><D119/><U3/><E3/><V2/><F2/><W115/><G115/><T104/><D104/><U33/><E33/><V89/><F70/><W8/><G32/><T88/><D39/><U72/><E72/><V84/><F75/><W1/><G81/><N who="0" m="49199" /><D66/><U64/><E69/><V7/><F77/><W43/><G98/><T80/><D21/><N who="1" m="13503" /><E111/><V6/><F99/><W93/><G93/><T107/><D107/><U46/><E65/><V100/><F105/><W114/><G114/><T34/><D34/><U82/><E64/><V31/><F100/><W103/><G103/><T35/><D35/><U5/><E108/><V74/><F74/><W9/><G30/><T59/><D80/><U27/><E102/><V73/><F73/><W129/><G129/><T60/><D90/><U42/><E95/><V61/><F31/><W23/><G1/><T15/><D15/><U83/><E27/><V22/><F22/><N who="3" m="8235" /><G9/><T112/><D112/><U116/><E116/><V29/><F29/><W68/><G68/><T94/><D94/><U113/><E113/><V36/><F36/><W128/><G128/><T57/><D57/><U62/><E83/><N who="2" m="49311" /><F63/><W71/><G71/><T92/><D92/><U41/><E79/><V120/><F120/><W47/><G47/><T17/><AGARI ba="3,2" hai="10,12,17,24,26,44,48,52,55,59,60" m="49199" machi="17" ten="30,8000,1" yaku="25,1,8,1,52,1,54,2" doraHai="78" who="0" fromWho="0" sc="292,109,227,-23,116,-43,345,-23" /><INIT seed="7,0,0,4,3,12" ten="401,204,73,322" oya="3" hai0="129,61,47,59,99,19,52,68,21,121,109,6,118" hai1="110,8,78,91,64,39,36,104,85,11,5,20,106" hai2="7,117,127,100,22,62,116,89,66,112,63,72,77" hai3="27,115,103,54,51,69,92,88,119,31,131,0,40"/><W15/><G0/><T107/><D109/><U34/><E34/><V75/><F7/><W84/><G69/><T33/><D121/><U95/><E110/><V38/><F22/><W135/><G115/><T2/><D129/><U96/><E64/><V114/><F66/><W128/><G119/><T58/><D33/><U108/><E108/><V48/><F48/><W122/><G122/><T60/><D118/><U70/><E70/><V134/><F100/><W120/><G135/><T1/><D68/><U41/><E20/><V111/><F111/><W82/><G120/><T124/><D124/><U42/><E11/><V86/><F86/><W32/><G40/><T57/><D47/><U130/><E130/><V105/><F77/><W43/><G43/><T49/><D61/><U13/><E42/><V132/><F89/><W87/><G15/><T83/><D83/><U10/><E10/><V14/><F14/><W93/><G93/><T45/><D6/><U98/><E41/><V16/><F105/><W35/><G35/><T79/><D79/><U125/><E106/><V123/><F123/><W55/><G55/><T25/><REACH who="0" step="1"/><D60/><REACH who="0" ten="391,204,73,322" step="2"/><U102/><E125/><V44/><F127/><W37/><G37/><T113/><D113/><U50/><E50/><V28/><F44/><W80/><G80/><T53/><D53/><U133/><E133/><V30/><REACH who="2" step="1"/><F38/><REACH who="2" ten="391,204,63,322" step="2"/><W73/><G131/><T101/><AGARI ba="0,2" hai="1,2,19,21,25,45,49,52,57,58,59,99,101,107" machi="101" ten="30,7900,0" yaku="1,1,0,1,52,1,54,1,53,0" doraHai="12" doraHaiUra="67" who="0" fromWho="0" sc="391,99,204,-20,63,-20,322,-39" owari="490,60.0,184,-22.0,43,-46.0,283,8.0" /></mjloggm>