<mjloggm ver="2.3"><GO type="41" lobby="0"/><UN n0="%E2%93%9D%53%75%70%68%78" n1="%E3%81%9F%E3%81%9D%E3%81%8C%E3%82%8C%E9%9B%80%E5%A3%AB" n2="%E3%83%A9%E3%83%BC%E3%83%B3" n3="%71%32%37%31%38%32%38" dan="18,13,14,14" rate="2111.53,1837.63,1893.35,1829.91" sx="M,M,M,M"/><TAIKYOKU oya="0"/><INIT seed="0,0,0,2,5,50" ten="250,250,250,250" oya="0" hai0="18,93,33,55,58,88,19,108,104,97,6,86,118" hai1="35,29,49,135,95,60,56,32,34,5,111,82,79" hai2="1,28,10,3,130,13,41,14,94,102,103,66,21" hai3="100,27,68,9,80,114,40,83,64,23,132,42,11"/><T8/><D118/><U47/><E111/><V109/><F109/><W51/><G114/><T62/><D108/><U46/><E135/><V70/><F41/><W101/><G132/><T36/><D33/><U44/><E5/><V75/><F75/><W121/><G121/><T53/><D36/><U105/><E105/><V4/><F103/><W38/><G38/><T30/><D30/><U119/><E119/><V127/><F127/><W78/><G68/><T72/><D72/><U117/><E117/><V71/><F70/><W2/><G64/><T7/><D7/><U131/><E131/><V63/><F130/><W15/><G2/><T96/><D55/><U113/><E113/><V45/><F45/><W61/><G61/><T106/><D106/><U76/><E29/><V107/><F107/><W116/><G116/><T52/><D53/><U65/><E95/><V54/><F54/><W48/><G78/><T84/><D84/><U57/><E82/><V89/><F102/><W91/><G91/><T110/><D110/><U133/><E133/><V69/><F71/><W98/><G98/><N who="0" m="37995" /><D104/><U0/><E0/><V22/><F3/><W134/><G134/><T85/><D85/><U81/><E81/><V92/><F92/><W20/><G27/><T124/><D124/><U43/><E43/><V87/><F28/><W128/><G128/><T67/><D67/><U24/><E24/><V17/><F1/><W59/><G15/><T12/><AGARI ba="0,0" hai="6,8,12,18,19,52,58,62,86,88,93" m="37995" machi="12" ten="30,11700,0" yaku="8,1,52,1,54,2" doraHai="50" who="0" fromWho="0" sc="250,117,250,-39,250,-39,250,-39" /><INIT seed="0,1,0,2,4,18" ten="367,211,211,211" oya="0" hai0="100,118,6,78,12,54,75,16,127,123,69,125,36" hai1="116,68,88,10,111,82,31,5,7,122,102,80,128" hai2="38,104,81,98,55,117,33,106,76,132,96,131,23" hai3="1,62,115,112,86,47,61,48,114,105,51,129,95"/><T103/><D118/><U92/><E68/><V26/><F38/><W66/><G1/><T49/><D36/><U50/><E116/><V41/><F117/><W113/><G129/><T108/><D123/><U85/><E122/><V133/><F41/><W43/><G105/><T4/><D69/><U42/><E111/><V29/><F131/><W39/><G86/><T73/><D108/><U52/><E42/><V91/><F33/><W34/><G95/><T46/><D103/><U124/><E128/><V135/><F55/><W24/><G24/><T93/><D100/><U119/><E119/><V32/><F32/><W77/><G77/><T74/><D93/><U90/><E124/><N who="0" m="47689" /><D78/><U3/><E31/><V15/><F91/><W87/><G87/><T20/><AGARI ba="1,0" hai="4,6,12,16,20,46,49,54,73,74,75" m="47689" machi="20" ten="40,7800,0" yaku="18,1,52,1,54,1" doraHai="18" who="0" fromWho="0" sc="367,81,211,-27,211,-27,211,-27" /><INIT seed="0,2,0,2,2,26" ten="448,184,184,184" oya="0" hai0="129,86,97,56,104,110,79,29,4,14,132,100,22" hai1="8,37,44,30,38,106,41,96,85,57,118,61,77" hai2="7,35,88,114,89,99,98,45,75,62,116,49,109" hai3="95,68,34,72,17,133,24,32,101,25,0,40,11"/><T125/><D129/><U19/><E118/><V78/><F109/><W42/><G133/><T117/><D125/><U124/><E124/><V20/><F35/><W120/><G120/><T21/><D117/><U80/><E106/><V90/><F116/><W84/><G72/><T15/><D56/><U122/><E122/><V74/><F7/><W108/><G68/><T31/><D132/><U135/><E135/><V18/><F114/><W27/><G108/><T13/><D110/><U123/><E123/><V94/><F74/><W76/><G76/><T65/><D65/><U128/><E128/><V87/><F62/><W23/><G101/><T58/><D58/><U70/><E70/><V105/><F99/><W28/><G84/><T33/><D33/><U1/><E96/><V12/><F75/><W83/><G83/><N who="0" m="47487" /><D104/><U60/><E38/><V36/><F36/><W103/><G103/><T39/><D39/><U82/><E82/><N who="2" m="47575" /><F105/><W55/><G95/><N who="0" m="58431" /><D4/><U53/><E61/><V48/><F48/><W52/><G0/><T43/><D43/><AGARI ba="2,0" hai="12,18,20,43,45,49,88,89,90,94,98" m="47575" machi="43" ten="30,2000,0" yaku="8,1,54,1" doraHai="26" who="2" fromWho="0" sc="448,-26,184,0,184,26,184,0" /><INIT seed="1,0,0,1,2,100" ten="422,184,210,184" oya="1" hai0="14,43,11,27,128,2,115,98,90,18,31,15,50" hai1="45,71,135,114,34,29,118,97,26,30,84,107,47" hai2="129,88,124,9,10,48,36,8,46,58,12,73,130" hai3="101,113,85,35,1,70,24,7,22,28,5,74,89"/><U65/><E30/><V69/><F73/><W125/><G113/><T119/><D2/><U3/><E114/><V25/><F124/><W96/><G125/><T131/><D119/><U116/><E3/><V109/><F109/><W93/><G70/><T81/><D15/><U117/><E84/><V0/><F69/><W95/><G74/><T105/><D43/><U86/><E86/><V72/><F72/><W87/><G1/><T99/><D50/><U80/><E80/><V49/><F36/><W41/><G41/><T112/><D99/><U75/><E75/><V62/><F46/><W111/><G111/><T57/><D57/><U42/><E135/><V122/><F122/><W56/><G35/><T21/><D81/><U19/><E19/><V63/><F25/><W77/><G77/><T23/><D11/><U44/><E42/><V61/><F0/><W104/><G56/><T54/><D54/><U121/><E121/><V13/><F58/><W92/><G104/><T120/><D120/><U133/><E133/><V102/><F102/><W52/><G52/><T68/><D68/><U51/><E51/><N who="2" m="19531" /><F88/><AGARI ba="0,0" hai="5,7,22,24,28,85,87,88,89,92,93,95,96,101" machi="88" ten="40,5200,0" yaku="9,1,8,1,54,1" doraHai="100" who="3" fromWho="2" sc="422,0,184,0,210,-52,184,52" /><INIT seed="2,0,0,1,0,37" ten="422,184,158,236" oya="2" hai0="23,115,8,4,63,16,99,121,102,10,17,59,13" hai1="103,133,101,15,85,22,77,88,109,123,82,81,0" hai2="98,106,40,116,49,7,113,75,36,130,34,122,110" hai3="108,11,41,6,12,1,100,127,105,61,91,64,120"/><V21/><F7/><W74/><G120/><T83/><D115/><U134/><E0/><V56/><F21/><W132/><G108/><T94/><D121/><U53/><E123/><V20/><F20/><W3/><G127/><T126/><D126/><U5/><E53/><V33/><F49/><W73/><G132/><N who="1" m="50794" /><E5/><V58/><F58/><W32/><G32/><T31/><D83/><U9/><E9/><V111/><F56/><W28/><G28/><T86/><D86/><N who="1" m="50255" /><E109/><N who="2" m="41483" /><F122/><W51/><G105/><T70/><D70/><U68/><E68/><V78/><F113/><W29/><G100/><N who="1" m="38474" /><E22/><V90/><F106/><W48/><G29/><T42/><D10/><U117/><E15/><V55/><F55/><W112/><G112/><T38/><D31/><U2/><E2/><V67/><F67/><W76/><G3/><T52/><REACH who="0" step="1"/><D23/><REACH who="0" ten="412,184,158,236" step="2"/><U60/><E60/><V62/><F62/><W30/><G61/><T95/><D95/><U71/><E71/><V45/><F116/><AGARI ba="0,1" hai="77,82,85,116,117" m="38474,50255,50794" machi="116" ten="30,7700,0" yaku="20,1,34,2,54,1" doraHai="37" who="1" fromWho="2" sc="412,0,184,87,158,-77,236,0" /><INIT seed="3,0,0,3,1,108" ten="412,271,81,236" oya="3" hai0="4,5,36,19,91,58,115,32,12,13,8,38,113" hai1="59,90,6,54,42,125,67,56,134,39,41,97,68" hai2="30,9,23,98,111,18,16,83,10,47,48,69,86" hai3="35,95,2,17,73,94,45,131,31,26,132,119,103"/><W70/><G119/><T27/><D58/><U126/><E6/><V112/><F111/><W3/><G132/><T57/><D57/><N who="1" m="22091" /><E90/><V120/><F69/><W7/><G131/><T25/><D91/><U71/><E97/><V130/><F130/><W110/><G70/><N who="1" m="26666" /><E67/><V34/><F34/><W127/><G110/><T80/><D80/><U49/><E134/><V55/><F98/><W46/><G127/><N who="1" m="48650" /><E39/><V66/><F66/><W123/><G73/><T29/><D38/><U40/><E54/><V78/><F30/><W121/><G7/><T53/><D53/><U93/><E93/><V15/><F120/><W24/><G103/><T44/><D5/><U99/><E99/><V129/><F129/><W109/><G31/><T11/><REACH who="0" step="1"/><D27/><REACH who="0" ten="402,271,81,236" step="2"/><U62/><E62/><V60/><F60/><W20/><G109/><T89/><D89/><U72/><E72/><V88/><F88/><W28/><G35/><T0/><D0/><U96/><E96/><V107/><F55/><W1/><G1/><T74/><D74/><U77/><E77/><V65/><F65/><W100/><G100/><T105/><D105/><U37/><E37/><V133/><F107/><W101/><G101/><T104/><D104/><U64/><E64/><V117/><F133/><W51/><G28/><T75/><D75/><U118/><E118/><V92/><F117/><W76/><G76/><T79/><D79/><U106/><E106/><V52/><F92/><W63/><G63/><T61/><D61/><U102/><E102/><V128/><F128/><W50/><G20/><T114/><D114/><U43/><E43/><AGARI ba="0,1" hai="4,8,11,12,13,19,25,29,32,36,43,44,113,115" machi="43" ten="40,8000,1" yaku="1,1,6,1,52,2,53,1" doraHai="108" doraHaiUra="21" who="0" fromWho="1" sc="402,90,271,-80,81,0,236,0" /><INIT seed="4,0,0,1,5,127" ten="492,191,81,236" oya="0" hai0="63,121,91,115,20,7,107,103,117,83,45,42,23" hai1="112,10,27,131,34,128,94,70,35,38,129,110,31" hai2="88,51,130,4,14,120,3,100,73,48,66,59,77" hai3="54,101,118,99,134,24,32,30,108,82,75,105,106"/><T98/><D115/><U5/><E70/><V72/><F120/><W113/><G113/><T111/><D117/><U47/><E94/><V71/><F100/><W116/><G108/><T126/><D7/><U19/><E112/><V102/><F102/><W90/><G134/><T96/><D63/><U12/><E47/><V69/><F3/><W89/><G54/><T132/><D126/><U80/><E80/><V135/><F77/><W39/><G39/><T26/><D23/><N who="1" m="15871" /><E38/><V85/><F135/><W119/><G89/><T74/><D121/><U21/><E110/><V62/><F4/><W46/><G90/><T79/><D98/><U37/><E37/><V109/><F109/><W124/><G46/><T9/><D9/><U68/><E68/><V114/><F114/><W52/><G52/><T125/><D125/><U50/><E50/><V44/><F48/><W36/><G124/><T95/><D111/><U61/><E61/><V40/><F14/><AGARI ba="0,0" hai="5,10,12,14,19,21,34,35,128,129,131" m="15871" machi="14" ten="30,12000,2" yaku="19,1,34,2,52,3" doraHai="127" who="1" fromWho="2" sc="492,0,191,120,81,-120,236,0" owari="492,59.0,311,11.0,-39,-54.0,236,-16.0" /></mjloggm>