<mjloggm ver="2.3"><GO type="41" lobby="0"/><UN n0="%E6%A3%AE%E4%BC%8A%E8%94%B5" n1="%73%74%72%69%67%6F%6E%37" n2="%E3%81%84%E3%81%A3%E3%81%97%E3%82%93" n3="%E2%93%9D%53%75%70%68%78" dan="14,15,15,17" rate="2017.20,2010.90,2048.27,2044.79" sx="M,M,M,M"/><TAIKYOKU oya="0"/><INIT seed="0,0,0,0,5,98" ten="250,250,250,250" oya="0" hai0="82,94,16,126,78,113,108,96,123,83,38,42,116" hai1="25,77,37,65,72,7,3,48,70,39,36,74,50" hai2="117,9,44,18,67,105,5,31,121,109,132,99,24" hai3="88,11,112,107,32,97,118,64,40,120,58,85,26"/><T52/><D116/><U122/><E122/><V106/><F121/><W56/><G112/><T87/><D123/><U43/><E77/><V90/><F117/><W12/><G118/><T131/><D113/><U102/><E43/><V17/><F44/><W46/><G64/><T13/><D126/><U6/><E39/><V79/><F79/><W47/><G47/><T30/><D131/><U15/><E15/><V14/><F132/><W63/><G63/><T100/><D38/><U59/><E59/><V119/><F119/><W71/><G71/><T125/><D125/><U127/><E25/><V27/><F27/><W45/><G45/><T19/><D30/><U28/><E28/><V23/><F109/><W55/><G55/><T33/><D33/><U68/><E127/><V29/><F29/><W135/><G26/><T124/><D42/><U34/><E34/><V110/><F110/><W104/><G135/><T84/><D108/><U86/><E65/><V103/><F106/><W92/><G107/><T57/><D13/><U114/><E114/><V81/><F67/><W51/><G32/><T54/><D124/><U49/><E49/><V10/><F10/><W20/><G20/><T53/><D57/><U73/><E3/><V4/><F31/><W130/><G130/><T22/><D22/><U60/><E60/><V41/><F41/><W1/><G1/><T8/><D8/><U21/><E21/><V133/><F133/><W95/><G104/><T76/><AGARI ba="0,0" hai="16,19,52,53,54,76,78,82,83,84,87,94,96,100" machi="76" ten="30,18000,2" yaku="0,1,9,1,8,1,52,1,54,2" doraHai="98" who="0" fromWho="0" sc="250,180,250,-60,250,-60,250,-60" /><INIT seed="0,1,0,1,5,13" ten="430,190,190,190" oya="0" hai0="62,65,23,124,129,55,127,116,18,9,31,56,106" hai1="8,22,59,119,89,47,43,38,83,122,123,91,60" hai2="70,29,110,108,101,52,34,14,82,41,76,114,36" hai3="35,130,17,96,10,111,5,68,84,79,94,103,37"/><T61/><D106/><U19/><E119/><V95/><F70/><W118/><G118/><T78/><D116/><U21/><E122/><V134/><F34/><W98/><G37/><T63/><D78/><U104/><E104/><V74/><F29/><W0/><G111/><T69/><D31/><U58/><E58/><V24/><F114/><W1/><G130/><T125/><D9/><U6/><E123/><V120/><F120/><W2/><G68/><T15/><REACH who="0" step="1"/><D62/><REACH who="0" ten="420,190,190,190" step="2"/><U87/><E8/><V30/><F110/><W135/><G79/><T92/><D92/><U32/><E32/><V50/><F108/><W42/><G94/><T16/><D16/><U64/><E6/><V25/><F30/><W133/><G17/><T54/><D54/><U121/><E121/><V126/><F95/><W90/><G35/><T51/><D51/><U77/><E22/><V72/><F36/><W71/><G5/><T80/><D80/><U105/><E105/><V93/><F82/><W44/><G10/><T132/><D132/><U11/><E11/><V4/><F76/><W39/><G135/><T86/><D86/><U81/><E81/><V20/><F134/><W46/><G133/><T97/><D97/><U66/><E77/><V107/><F107/><W57/><G98/><T3/><D3/><U109/><E109/><V53/><F20/><W40/><G2/><T131/><AGARI ba="1,1" hai="15,18,23,55,56,61,63,65,69,124,125,127,129,131" machi="131" ten="40,12000,1" yaku="1,1,0,1,18,1,52,1,53,0" doraHai="13" doraHaiUra="85" who="0" fromWho="0" sc="420,133,190,-41,190,-41,190,-41" /><INIT seed="0,2,0,3,1,74" ten="553,149,149,149" oya="0" hai0="46,113,99,9,133,132,67,15,5,128,16,90,33" hai1="121,48,123,14,83,65,66,85,58,124,72,61,36" hai2="97,29,45,111,42,131,76,119,86,17,44,115,127" hai3="34,75,28,7,69,10,116,82,24,12,1,53,103"/><T40/><D113/><U100/><E36/><V71/><F119/><W98/><G116/><T104/><D33/><U114/><E124/><V19/><F115/><W91/><G69/><T3/><D128/><U8/><E114/><V89/><F71/><W108/><G108/><T26/><D67/><U21/><E21/><V102/><F29/><W129/><G53/><T118/><D26/><U126/><E126/><V20/><F127/><W62/><G62/><T56/><D56/><U2/><E2/><V130/><F111/><W94/><G129/><N who="2" m="49161" /><F44/><W55/><G55/><T57/><D57/><U70/><E72/><V35/><F35/><W39/><G39/><T92/><D104/><U73/><E73/><V112/><F112/><W13/><REACH who="3" step="1"/><G91/><REACH who="3" ten="553,149,149,139" step="2"/><T81/><D118/><U25/><E70/><V30/><F89/><W80/><G80/><T135/><D81/><U23/><E83/><N who="2" m="47463" /><F42/><W107/><G107/><T125/><D125/><U54/><E66/><V18/><F45/><W95/><G95/><T31/><D46/><U105/><E105/><N who="2" m="63695" /><F30/><W84/><G84/><T38/><D31/><U50/><E85/><V51/><F51/><W96/><G96/><T59/><D40/><U47/><E50/><V27/><AGARI ba="2,1" hai="17,18,19,20,27" m="63695,47463,49161" machi="27" ten="30,2000,0" yaku="19,1,52,1" doraHai="74" who="2" fromWho="2" sc="553,-12,149,-7,149,36,139,-7" /><INIT seed="1,0,0,5,2,117" ten="541,142,185,132" oya="1" hai0="5,83,50,97,61,21,127,124,30,90,135,64,36" hai1="122,116,86,78,58,109,74,99,96,84,56,9,28" hai2="66,15,134,39,55,60,51,53,114,20,73,45,82" hai3="107,43,81,130,0,33,44,111,118,105,88,38,18"/><U2/><E116/><V8/><F114/><W133/><G118/><T112/><D112/><U79/><E28/><V14/><F134/><W63/><G0/><T131/><D36/><U13/><E2/><V113/><F113/><W89/><G33/><T3/><D5/><U102/><E109/><V69/><F73/><W110/><G130/><T1/><D3/><U101/><E13/><V103/><F103/><W70/><G18/><T37/><D37/><U65/><E9/><V68/><F68/><W31/><G31/><T120/><D30/><U92/><E65/><V41/><F82/><W7/><G7/><T91/><D21/><U47/><E47/><V132/><F132/><W98/><G133/><T75/><D1/><U76/><E74/><V11/><F55/><W100/><G107/><T52/><D64/><U67/><E67/><V27/><F8/><W35/><G35/><T54/><D54/><U126/><E126/><V26/><F11/><W104/><G104/><T62/><D124/><U121/><E76/><V119/><F119/><W32/><G32/><T93/><D75/><U71/><E92/><V24/><REACH who="2" step="1"/><F20/><REACH who="2" ten="541,142,175,132" step="2"/><W77/><G70/><AGARI ba="0,1" hai="56,58,70,71,78,79,84,86,96,99,101,102,121,122" machi="70" ten="25,9600,0" yaku="22,2,52,2" doraHai="117" who="1" fromWho="3" sc="541,0,142,106,175,0,132,-96" /><INIT seed="1,1,0,0,0,48" ten="541,248,175,36" oya="1" hai0="84,70,61,1,90,130,120,99,36,77,8,46,5" hai1="108,18,85,6,2,121,95,34,12,55,117,35,73" hai2="129,49,7,60,54,58,41,118,122,33,14,15,69" hai3="39,9,25,78,29,114,93,89,86,62,135,104,75"/><U64/><E73/><V116/><F33/><W71/><G114/><T56/><D70/><U44/><E121/><V96/><F122/><W51/><G39/><T82/><D120/><U20/><E117/><V124/><F124/><W94/><G104/><T134/><D134/><U107/><E107/><V110/><F110/><W32/><G135/><T76/><D130/><U42/><E108/><V0/><F129/><W97/><G75/><T47/><D36/><U28/><E64/><V11/><F96/><W19/><G78/><T115/><D115/><U123/><E123/><V102/><F102/><W59/><G51/><T26/><D77/><U101/><E2/><V92/><F92/><W98/><G71/><T113/><D113/><U38/><E6/><V23/><F14/><W3/><G19/><T112/><D112/><U50/><E28/><V80/><F80/><W133/><G133/><T30/><D99/><U57/><E101/><V79/><F79/><W132/><G132/><T131/><D76/><U81/><E95/><V100/><F100/><W68/><G68/><T65/><D131/><U52/><E55/><V126/><F126/><W16/><G94/><T4/><D5/><U127/><E127/><V27/><F0/><W125/><G125/><T17/><D17/><U45/><E45/><N who="2" m="25775" /><F69/><W37/><G37/><T111/><D111/><U24/><E12/><V87/><F87/><W105/><G105/><T83/><D82/><U22/><E22/><AGARI ba="1,0" hai="1,4,8,22,26,30,46,47,56,61,65,83,84,90" machi="22" ten="30,1000,0" yaku="7,1" doraHai="48" who="0" fromWho="1" sc="541,13,248,-13,175,0,36,0" /><INIT seed="2,0,0,1,4,108" ten="554,235,175,36" oya="2" hai0="59,129,10,109,84,49,69,61,105,122,94,107,39" hai1="55,113,18,95,40,74,46,67,91,66,75,28,31" hai2="92,102,37,120,134,25,124,22,29,106,118,85,58" hai3="115,117,7,47,14,5,93,19,9,133,88,119,81"/><V12/><F37/><W78/><G133/><T56/><D39/><U70/><E113/><V60/><F134/><W96/><G115/><T63/><D69/><U30/><E18/><V128/><F120/><W86/><REACH who="3" step="1"/><G47/><REACH who="3" ten="554,235,175,26" step="2"/><T97/><D122/><U3/><E46/><V15/><F118/><AGARI ba="0,1" hai="5,7,9,14,19,78,81,86,88,93,96,117,118,119" machi="118" ten="40,5200,0" yaku="1,1,2,1,54,1,53,0" doraHai="108" doraHaiUra="62" who="3" fromWho="2" sc="554,0,235,0,175,-52,26,62" /><INIT seed="3,0,0,4,0,53" ten="554,235,123,88" oya="3" hai0="26,78,100,25,16,36,110,107,106,55,105,12,60" hai1="5,10,98,45,28,11,135,35,114,20,27,122,56" hai2="111,97,102,116,67,63,15,73,17,49,132,37,94" hai3="62,30,4,127,44,128,69,119,40,76,118,75,59"/><W90/><G30/><T121/><D36/><U42/><E122/><V81/><F37/><W89/><G69/><T104/><D104/><U85/><E114/><V129/><F116/><W38/><G128/><T54/><D78/><U95/><E135/><V79/><F132/><W64/><G127/><T24/><D121/><U103/><E35/><V43/><F129/><W99/><G4/><T92/><D110/><U93/><E5/><V84/><F111/><W9/><G9/><T18/><D92/><U91/><REACH who="1" step="1"/><E56/><REACH who="1" ten="554,225,123,88" step="2"/><V124/><F124/><W80/><REACH who="3" step="1"/><G99/><REACH who="3" ten="554,225,123,78" step="2"/><T57/><D18/><U48/><AGARI ba="0,2" hai="10,11,20,27,28,42,45,48,85,91,93,95,98,103" machi="48" ten="20,12000,2" yaku="1,1,2,1,0,1,7,1,8,1,53,2" doraHai="53" doraHaiUra="88" who="1" fromWho="1" sc="554,-30,225,140,123,-30,78,-60" /><INIT seed="4,0,0,4,4,106" ten="524,365,93,18" oya="0" hai0="95,114,17,55,80,65,120,96,77,82,1,100,107" hai1="21,124,111,14,121,62,104,48,5,29,35,15,101" hai2="42,78,46,22,28,132,102,41,38,47,50,40,36" hai3="128,105,123,89,71,129,44,26,27,64,79,33,75"/><T92/><D1/><U109/><E121/><V72/><F132/><W130/><G123/><T54/><D120/><U85/><E35/><V67/><F102/><W53/><G105/><T125/><D65/><U24/><E124/><V87/><F72/><W61/><G89/><T91/><D125/><U119/><E119/><V60/><F28/><W56/><G44/><N who="2" m="16937" /><F22/><W126/><G33/><T25/><D114/><U9/><E15/><V19/><F19/><W58/><G126/><T93/><D25/><N who="3" m="9225" /><G53/><T43/><D43/><N who="2" m="16458" /><F78/><W117/><G117/><T118/><D118/><U81/><E101/><V23/><F23/><W57/><G79/><T97/><D17/><U108/><E104/><V7/><F7/><W52/><G52/><T2/><D54/><U3/><E3/><V103/><F103/><W98/><G98/><N who="0" m="61847" /><D55/><U83/><E111/><V20/><F20/><W0/><G0/><T112/><D112/><U16/><E24/><V131/><F87/><W18/><G18/><T30/><D30/><U66/><E21/><V6/><F6/><W115/><G115/><T73/><D2/><U110/><E110/><V34/><F34/><W49/><G49/><T127/><D127/><U90/><E5/><V37/><N who="2" m="16466" /><V135/><DORA hai="86" /><F50/><W32/><G32/><T63/><D63/><U70/><E48/><V51/><F51/><W134/><G134/><T11/><D11/><U68/><E29/><V94/><F135/><W59/><N who="3" m="14336" /><DORA hai="99" /><W8/><G8/><T133/><D133/><U88/><E109/><V69/><F94/><W13/><G13/><T39/><D97/><RYUUKYOKU ba="0,0" sc="524,-15,365,-15,93,15,18,15" hai2="36,37,38,60,67,69,131" hai3="61,64,71,75,128,129,130" /><INIT seed="5,1,0,0,0,43" ten="509,350,108,33" oya="1" hai0="6,116,96,49,108,61,40,68,55,0,95,67,70" hai1="114,72,56,38,106,53,15,46,123,83,5,105,7" hai2="118,2,33,99,78,133,44,27,85,24,120,64,26" hai3="81,10,101,42,119,20,135,88,30,39,28,48,71"/><U63/><E123/><V100/><F2/><W103/><G39/><T4/><D116/><U122/><E122/><V9/><F120/><W25/><G71/><T94/><D68/><U134/><E134/><V17/><F118/><W89/><G135/><T34/><D40/><U51/><E114/><V102/><F133/><W8/><G119/><T3/><D34/><U60/><E60/><V107/><F102/><N who="3" m="38923" /><G30/><T54/><D54/><U121/><E121/><V45/><F33/><W86/><G89/><T124/><D95/><U37/><E37/><V29/><F29/><W31/><G31/><T57/><D94/><U74/><E38/><V98/><F98/><W1/><G1/><T47/><D96/><U65/><E74/><V50/><F64/><W35/><G35/><T111/><D0/><U18/><E105/><V66/><F66/><W19/><G28/><T23/><D3/><U112/><E106/><V80/><REACH who="2" step="1"/><F50/><REACH who="2" ten="509,350,98,33" step="2"/><W125/><G125/><T79/><D49/><U91/><E65/><V59/><F59/><W58/><G58/><T128/><D57/><U13/><E56/><V12/><AGARI ba="1,1" hai="9,12,17,24,26,27,44,45,78,80,85,99,100,107" machi="12" ten="30,7900,0" yaku="1,1,0,1,52,2,53,0" doraHai="43" doraHaiUra="113" who="2" fromWho="2" sc="509,-21,350,-40,98,92,33,-21" /><INIT seed="6,0,0,4,1,99" ten="488,310,190,12" oya="2" hai0="45,41,104,135,30,22,78,32,14,63,46,68,91" hai1="20,122,121,125,31,61,13,76,106,126,100,96,50" hai2="128,64,98,133,57,83,39,24,92,116,102,18,79" hai3="21,85,112,77,56,97,88,84,40,0,74,49,9"/><V47/><F116/><W131/><G131/><T59/><D68/><U118/><E118/><V94/><F128/><W67/><G74/><T17/><D104/><U90/><E76/><V42/><F133/><W66/><G0/><T16/><D78/><U93/><E61/><V86/><F18/><W52/><G112/><T44/><D135/><U81/><E50/><V62/><F24/><W34/><G34/><T110/><D110/><U111/><E111/><V123/><F123/><N who="1" m="47113" /><E81/><V12/><F12/><W124/><G124/><N who="1" m="47722" /><E13/><V129/><F129/><W73/><G73/><T10/><D41/><U5/><E5/><V43/><F43/><W89/><G40/><T36/><D36/><U115/><E20/><V113/><F113/><W134/><G134/><T25/><D32/><U132/><E132/><V38/><F38/><W23/><G77/><T19/><D91/><U6/><E6/><V103/><F94/><W117/><G117/><T48/><D48/><U65/><E31/><V80/><F80/><W120/><G120/><T114/><D114/><U35/><E65/><AGARI ba="0,0" hai="10,14,16,17,19,22,25,30,44,45,46,59,63,65" machi="65" ten="40,2600,0" yaku="8,1,54,1" doraHai="99" who="0" fromWho="1" sc="488,26,310,-26,190,0,12,0" /><INIT seed="7,0,0,1,4,64" ten="514,284,190,12" oya="3" hai0="45,49,7,124,90,37,105,91,95,78,97,54,67" hai1="20,46,74,60,16,57,43,62,1,134,83,82,53" hai2="48,21,2,41,30,80,89,51,112,10,6,131,59" hai3="75,42,58,93,70,135,68,19,39,33,9,107,98"/><W113/><G33/><T38/><D105/><U40/><E1/><V25/><F112/><W102/><G113/><T88/><D67/><U79/><E134/><V130/><F41/><W99/><G75/><T36/><D78/><U96/><E83/><V8/><F59/><W104/><G135/><T125/><REACH who="0" step="1"/><D7/><REACH who="0" ten="504,284,190,12" step="2"/><U17/><E79/><V29/><F89/><AGARI ba="0,1" hai="36,37,38,45,49,54,88,89,90,91,95,97,124,125" machi="89" ten="50,6400,0" yaku="1,1,2,1,54,1,53,0" doraHai="64" doraHaiUra="4" who="0" fromWho="2" sc="504,74,284,0,190,-64,12,0" owari="578,68.0,284,8.0,126,-27.0,12,-49.0" /></mjloggm>