<mjloggm ver="2.3"><GO type="41" lobby="0"/><UN n0="%E3%81%9F%E3%81%8B%E3%82%80%E3%82%89%E3%81%BF%E3%81%8F" n1="%64%62%79%79%64%73" n2="%E9%81%A0%E5%9E%A3%E5%A4%96" n3="%E2%93%9D%53%75%70%68%78" dan="15,13,14,18" rate="1946.23,1858.10,1943.35,2114.22" sx="M,M,M,M"/><TAIKYOKU oya="0"/><INIT seed="0,0,0,5,5,7" ten="250,250,250,250" oya="0" hai0="38,12,70,75,103,94,68,118,66,65,132,1,46" hai1="60,21,55,76,102,131,84,51,2,8,41,28,9" hai2="85,5,108,113,78,48,57,128,87,50,62,15,44" hai3="82,130,34,42,19,104,106,45,4,20,111,63,17"/><T101/><D118/><U135/><E2/><V110/><F113/><W0/><G34/><T33/><D1/><U49/><E135/><V27/><F27/><W16/><G111/><N who="2" m="42537" /><F128/><W105/><G130/><T116/><D33/><U29/><E131/><V22/><F78/><W23/><G63/><T107/><D94/><U30/><E102/><V43/><F50/><N who="1" m="18953" /><E41/><V72/><F72/><W53/><G53/><T58/><D12/><U56/><E21/><V122/><F122/><W13/><G82/><AGARI ba="0,0" hai="8,9,28,29,30,55,56,60,76,82,84" m="18953" machi="82" ten="30,3900,0" yaku="8,1,52,2" doraHai="7" who="1" fromWho="3" sc="250,0,250,39,250,0,250,-39" /><INIT seed="1,0,0,1,1,27" ten="250,289,250,211" oya="1" hai0="102,0,133,26,15,73,4,99,70,59,106,76,81" hai1="12,21,20,17,90,22,35,110,120,41,113,46,100" hai2="112,53,115,135,114,1,128,60,119,127,109,31,123" hai3="67,54,134,98,52,56,39,126,51,64,107,16,65"/><U111/><E113/><V122/><F53/><W14/><G39/><T10/><D133/><U89/><E120/><N who="2" m="46123" /><F60/><W75/><G75/><T11/><D70/><U92/><E35/><V108/><F135/><W47/><G134/><T116/><D59/><U58/><E58/><V71/><F71/><W101/><G126/><T125/><D125/><U6/><E100/><V43/><F127/><W121/><G121/><T68/><D68/><U5/><E90/><V8/><F43/><W49/><REACH who="3" step="1"/><G67/><REACH who="3" ten="250,289,250,201" step="2"/><T77/><D73/><U80/><E111/><N who="2" m="42571" /><F128/><W88/><G88/><T78/><D77/><U18/><E110/><V55/><F55/><W57/><G57/><T28/><D78/><U117/><E41/><V69/><F69/><W34/><G34/><T87/><D116/><U129/><E117/><V104/><F119/><W44/><G44/><T79/><D76/><U2/><E46/><V13/><F104/><W3/><G3/><T7/><D0/><U25/><E129/><V86/><F1/><W50/><G50/><T19/><REACH who="0" step="1"/><D10/><AGARI ba="0,1" hai="10,14,16,47,49,51,52,54,56,64,65,98,101,107" machi="10" ten="30,7700,0" yaku="1,1,7,1,54,2,53,0" doraHai="27" doraHaiUra="130" who="3" fromWho="0" sc="250,-77,289,0,250,0,201,87" /><INIT seed="2,0,0,4,0,69" ten="173,289,250,288" oya="2" hai0="54,104,123,116,134,67,33,81,16,131,58,53,6" hai1="19,35,117,50,26,64,59,12,100,118,36,111,38" hai2="10,94,2,122,37,62,80,18,73,119,45,75,89" hai3="31,86,65,29,92,133,49,70,57,106,20,124,74"/><V8/><F119/><W103/><G74/><T51/><D104/><U1/><E1/><V46/><F122/><W114/><G70/><T9/><D123/><U56/><E100/><V82/><F18/><W79/><G106/><T96/><D131/><U126/><E35/><V52/><F2/><W99/><G133/><T44/><D67/><U98/><E26/><V88/><F62/><W34/><G124/><T40/><D134/><U60/><E98/><V113/><F113/><W68/><G68/><T55/><D33/><U0/><E0/><V23/><F23/><W11/><G34/><T61/><D116/><U110/><E126/><V108/><F108/><N who="1" m="41513" /><E50/><V48/><F94/><W78/><G49/><T105/><D81/><U107/><E107/><V43/><F82/><W3/><G92/><T93/><D105/><U15/><E56/><V5/><F75/><W47/><G57/><T42/><D42/><U125/><E125/><V83/><F83/><W27/><G3/><T121/><D121/><U25/><E25/><V132/><F132/><W77/><G27/><T129/><D129/><U72/><E72/><V14/><REACH who="2" step="1"/><F10/><REACH who="2" ten="173,289,240,288" step="2"/><W85/><G11/><T13/><REACH who="0" step="1"/><D6/><REACH who="0" ten="163,289,240,288" step="2"/><U102/><E118/><V97/><F97/><W24/><G99/><T112/><D112/><U32/><E117/><V84/><F84/><W127/><G86/><T39/><D39/><U71/><E36/><V76/><AGARI ba="0,2" hai="5,8,14,37,43,45,46,48,52,73,76,80,88,89" machi="76" ten="30,12000,1" yaku="1,1,0,1,52,1,54,2,53,0" doraHai="69" doraHaiUra="28" who="2" fromWho="2" sc="163,-40,289,-40,240,140,288,-40" /><INIT seed="2,1,0,4,2,16" ten="123,249,380,248" oya="2" hai0="135,110,21,5,115,76,61,126,103,12,28,45,10" hai1="34,134,118,44,48,8,100,56,131,124,102,23,14" hai2="79,24,125,62,11,120,93,35,128,121,51,40,57" hai3="91,96,18,9,81,47,37,107,106,19,60,59,88"/><V25/><F79/><W99/><G37/><T67/><D115/><U85/><E118/><V122/><F125/><W101/><G47/><T26/><D126/><U98/><E124/><V87/><F128/><W30/><G30/><T41/><D135/><U53/><E131/><V32/><F11/><W92/><G9/><T104/><D110/><U83/><E34/><V74/><F74/><W7/><G7/><T84/><D103/><U78/><E134/><V127/><F127/><W38/><G38/><T4/><D104/><U105/><E102/><V49/><F93/><W31/><G31/><T63/><D4/><U111/><E111/><V68/><F68/><W114/><G114/><T3/><D3/><U2/><E2/><V20/><F87/><W29/><G29/><T33/><D33/><U46/><REACH who="1" step="1"/><E23/><REACH who="1" ten="123,239,380,248" step="2"/><V82/><F35/><W22/><G107/><T1/><D1/><U58/><E58/><V0/><F0/><W89/><G106/><T52/><D21/><U69/><E69/><V123/><F32/><W15/><G101/><T39/><D10/><U70/><E70/><V109/><F109/><W65/><G99/><T55/><D5/><AGARI ba="1,1" hai="5,8,14,44,46,48,53,56,78,83,85,98,100,105" machi="5" ten="30,2000,0" yaku="1,1,7,1,53,0" doraHai="16" doraHaiUra="133" who="1" fromWho="0" sc="123,-23,239,33,380,0,248,0" /><INIT seed="3,0,0,1,4,27" ten="100,272,380,248" oya="3" hai0="51,65,95,58,72,83,22,13,59,107,127,93,89" hai1="30,128,53,69,97,26,57,40,0,42,130,100,47" hai2="64,19,122,106,5,70,135,109,87,88,82,15,98" hai3="74,3,14,71,12,134,37,39,132,120,101,1,119"/><W131/><G101/><T56/><D107/><U118/><E69/><V55/><F109/><W85/><G71/><T44/><D127/><U102/><E0/><N who="3" m="74" /><G85/><T45/><D72/><U29/><E118/><V10/><F135/><N who="3" m="51755" /><G74/><T86/><D65/><U94/><E102/><V114/><F114/><W46/><G46/><T24/><D13/><N who="3" m="5225" /><G131/><N who="1" m="50218" /><E26/><V67/><F70/><W23/><G119/><T18/><REACH who="0" step="1"/><D44/><REACH who="0" ten="90,272,380,248" step="2"/><U115/><E47/><V61/><F67/><W112/><G112/><T79/><D79/><U6/><E115/><V52/><F64/><W113/><G113/><T76/><D76/><U48/><E6/><V78/><F5/><W11/><G120/><T117/><D117/><U124/><E124/><V116/><F116/><W123/><G123/><T104/><D104/><U105/><E105/><V126/><F122/><W60/><G11/><T84/><D84/><U36/><E36/><V80/><F106/><W34/><G39/><T92/><D92/><U133/><E133/><V20/><F10/><W68/><G37/><T111/><D111/><U38/><E38/><V73/><F126/><W77/><G77/><T8/><D8/><U99/><E99/><V16/><F78/><W103/><G68/><T81/><D81/><U54/><E54/><AGARI ba="0,1" hai="18,22,24,45,51,54,56,58,59,83,86,89,93,95" machi="54" ten="40,2600,0" yaku="1,1,8,1,53,0" doraHai="27" doraHaiUra="96" who="0" fromWho="1" sc="90,36,272,-26,380,0,248,0" /><INIT seed="4,0,0,0,3,31" ten="126,246,380,248" oya="0" hai0="73,75,63,33,18,100,44,51,109,46,35,4,16" hai1="40,7,67,128,45,101,69,95,111,26,48,125,2" hai2="118,84,83,82,27,11,20,58,43,12,113,93,96" hai3="8,126,55,13,60,61,89,98,106,71,29,30,105"/><T10/><D109/><U3/><E3/><V114/><BYE who="1" /><F118/><W119/><G119/><T74/><D100/><U115/><E115/><N who="2" m="44043" /><F58/><W19/><G126/><T54/><D46/><U56/><E56/><V62/><F62/><W32/><G30/><T120/><D120/><U39/><E39/><V78/><F83/><W104/><G55/><T68/><D68/><U123/><E123/><V131/><F43/><UN n1="%64%62%79%79%64%73" /><W59/><G71/><T37/><D37/><U65/><E111/><V132/><F131/><W134/><G134/><T117/><D117/><U6/><E67/><V133/><F20/><W130/><G130/><T108/><D108/><U129/><E65/><V121/><F27/><W99/><G61/><T50/><D50/><U25/><E69/><V116/><F121/><W23/><G23/><T24/><D63/><U81/><E26/><V127/><F127/><W92/><G60/><T17/><REACH who="0" step="1"/><D24/><REACH who="0" ten="116,246,380,248" step="2"/><U57/><E25/><V76/><F116/><W34/><G59/><T97/><D97/><U22/><E40/><V103/><F132/><W90/><G29/><T21/><D21/><U14/><E48/><V86/><F133/><W79/><G99/><T88/><D88/><U28/><E45/><V9/><F76/><W87/><REACH who="3" step="1"/><G79/><REACH who="3" ten="116,246,380,238" step="2"/><T94/><D94/><AGARI ba="0,2" hai="8,13,19,32,34,87,89,90,92,94,98,104,105,106" machi="94" ten="40,8000,1" yaku="1,1,2,1,52,2,53,0" doraHai="31" doraHaiUra="70" who="3" fromWho="0" sc="116,-80,246,0,380,0,238,100" /><INIT seed="5,0,0,0,5,24" ten="36,246,380,338" oya="1" hai0="14,84,116,66,88,45,112,124,59,48,102,121,22" hai1="92,50,117,54,106,46,39,32,20,105,108,69,83" hai2="30,18,13,127,67,10,29,104,62,133,34,56,94" hai3="23,68,90,130,35,95,89,126,21,101,57,99,128"/><U1/><E117/><V17/><F104/><W125/><G57/><T5/><D116/><U3/><E32/><V26/><F127/><N who="3" m="48651" /><G35/><T61/><D102/><U114/><E69/><V82/><F133/><W71/><G23/><T86/><D121/><U98/><E108/><V85/><F94/><W44/><G21/><T134/><D124/><U75/><E39/><V43/><F43/><W81/><G44/><T97/><D134/><U31/><E114/><V15/><F26/><W58/><G58/><T115/><D112/><U132/><E132/><V0/><F0/><W42/><G42/><T53/><D115/><U2/><E83/><V37/><F37/><W131/><G81/><T11/><REACH who="0" step="1"/><D22/><REACH who="0" ten="26,246,380,338" step="2"/><U79/><E20/><N who="2" m="11311" /><F34/><W28/><G28/><T118/><D118/><U119/><E31/><V120/><F120/><W63/><G71/><T93/><AGARI ba="0,1" hai="5,11,14,45,48,53,59,61,66,84,86,88,93,97" machi="93" ten="30,8000,1" yaku="1,1,0,1,8,1,54,1,53,1" doraHai="24" doraHaiUra="52" who="0" fromWho="0" sc="26,90,246,-40,380,-20,338,-20" /><INIT seed="6,0,0,5,4,36" ten="116,206,360,318" oya="2" hai0="61,38,69,122,35,67,12,49,128,64,42,13,54" hai1="43,108,102,84,80,129,76,121,100,109,37,106,17" hai2="19,21,135,127,39,90,97,115,3,45,123,44,125" hai3="111,23,33,15,0,65,58,20,56,18,103,107,24"/><V51/><F115/><W85/><G111/><T14/><D35/><U32/><E32/><V5/><F123/><W119/><G0/><T2/><D122/><U70/><E70/><V96/><F135/><W74/><G74/><T113/><D113/><U46/><E121/><V31/><F31/><W66/><G119/><T83/><D2/><U104/><E129/><V22/><F39/><W87/><G107/><T81/><D64/><N who="3" m="24681" /><G103/><T1/><D1/><U117/><E117/><V73/><F73/><W132/><G33/><T75/><D75/><U126/><E126/><N who="2" m="48139" /><F90/><W53/><G58/><T101/><D101/><U47/><E109/><V41/><F45/><W55/><G55/><T4/><D4/><U116/><E116/><V93/><F93/><W134/><G134/><T105/><D105/><U124/><E124/><V6/><F22/><W28/><G132/><T30/><D30/><U92/><E108/><V59/><F59/><W68/><G68/><T26/><D26/><U10/><E102/><V130/><F130/><W29/><G29/><T79/><D79/><U7/><E104/><V114/><F114/><W112/><G112/><T99/><D128/><U34/><E34/><V133/><F133/><W25/><G25/><T8/><D8/><U86/><E100/><V50/><F50/><AGARI ba="0,0" hai="15,18,20,23,24,28,50,53,56,85,87" m="24681" machi="50" ten="30,1000,0" yaku="8,1" doraHai="36" who="3" fromWho="2" sc="116,0,206,0,360,-10,318,10" /><INIT seed="7,0,0,3,4,26" ten="116,206,350,328" oya="3" hai0="21,77,12,66,98,25,129,133,123,63,132,41,117" hai1="118,50,9,71,49,13,105,56,40,10,100,74,68" hai2="69,43,5,64,6,3,27,115,88,31,97,16,72" hai3="2,93,19,28,101,54,60,80,89,24,34,8,107"/><W55/><G107/><T47/><D123/><U29/><E74/><V108/><F108/><W20/><G101/><T106/><D117/><U111/><E111/><V112/><F72/><W128/><G128/><T83/><D129/><U58/><E100/><V104/><F43/><W92/><G80/><T125/><D98/><U73/><E73/><V78/><F78/><W23/><G93/><T85/><D106/><U59/><E105/><V135/><F135/><W61/><G34/><T113/><D125/><U70/><E118/><V90/><F16/><W33/><G33/><T62/><D113/><N who="2" m="43594" /><F104/><W45/><G8/><T4/><D66/><U75/><E75/><V1/><F64/><W32/><G32/><T134/><D12/><U22/><E40/><V76/><F69/><W51/><G55/><T86/><D85/><U94/><E94/><N who="2" m="56519" /><F76/><W120/><G2/><N who="2" m="521" /><F90/><W95/><G120/><T131/><D131/><U42/><E42/><V121/><F121/><W130/><G130/><T127/><D127/><U103/><E103/><V79/><F79/><W116/><G116/><T52/><D4/><U11/><E13/><V37/><F37/><W35/><G95/><T124/><D124/><U82/><E82/><V14/><F14/><N who="3" m="9335" /><G35/><AGARI ba="0,0" hai="5,6,27,31,35" m="521,56519,43594" machi="35" ten="30,3900,0" yaku="15,1,52,1,54,1" doraHai="26" who="2" fromWho="3" sc="116,0,206,0,350,39,328,-39" owari="116,-38.0,206,-19.0,389,48.0,289,9.0" /></mjloggm>