<mjloggm ver="2.3"><GO type="41" lobby="0"/><UN n0="%E3%82%A2%E3%83%AD%E3%83%8F" n1="%E2%93%9D%53%75%70%68%78" n2="%E3%81%84%E3%82%8D%E3%81%AF%E3%81%AB%E3%81%BB%E3%81%B8%E3%81%A8" n3="%E7%8C%AA%E7%8B%A9%E5%AE%88" dan="13,18,14,15" rate="1824.84,2121.93,1932.66,2055.76" sx="M,M,M,M"/><TAIKYOKU oya="0"/><INIT seed="0,0,0,1,1,0" ten="250,250,250,250" oya="0" hai0="31,83,111,9,36,97,32,117,66,18,58,55,103" hai1="26,91,129,25,52,21,120,92,53,10,104,110,12" hai2="69,88,56,29,134,128,86,115,45,132,39,1,131" hai3="94,50,35,101,108,114,59,48,84,67,17,121,34"/><T123/><D117/><U85/><E110/><V11/><F69/><W28/><G108/><T47/><D123/><U116/><E129/><N who="2" m="49739" /><F115/><W65/><G114/><T57/><D111/><U44/><E104/><V3/><F29/><W61/><G67/><T105/><D36/><U102/><E120/><V63/><F45/><W6/><G34/><T77/><D32/><U16/><E116/><V24/><F24/><W30/><G35/><T71/><D31/><U40/><E102/><V118/><F39/><W43/><G17/><T73/><D71/><U135/><E135/><N who="2" m="51755" /><F118/><W98/><G6/><T89/><D66/><U62/><E62/><V37/><F37/><W93/><G30/><T75/><D75/><U80/><E26/><V27/><F27/><W74/><G28/><T90/><D47/><U82/><E40/><V72/><F72/><W19/><G74/><T38/><D38/><U126/><E126/><V81/><F11/><W130/><G121/><T113/><D113/><U106/><E106/><V87/><F87/><W4/><G43/><T109/><D109/><U79/><E44/><V42/><F42/><W68/><G68/><T70/><D70/><U46/><E46/><V49/><F49/><W22/><G48/><T127/><D127/><U7/><E82/><V100/><F100/><W122/><G50/><T119/><D119/><U8/><E8/><V33/><F33/><W5/><G122/><T95/><D55/><AGARI ba="0,0" hai="1,3,55,56,63,81,86,88" m="51755,49739" machi="55" ten="30,3900,0" yaku="19,1,20,1,54,1" doraHai="0" who="2" fromWho="0" sc="250,-39,250,0,250,39,250,0" /><INIT seed="1,0,0,0,5,99" ten="211,250,289,250" oya="1" hai0="34,91,63,112,61,7,55,131,113,2,58,18,96" hai1="125,25,70,100,135,105,21,27,84,33,38,12,85" hai2="24,41,16,68,40,23,56,46,4,3,102,44,83" hai3="31,43,76,101,30,126,28,128,37,72,94,134,107"/><U75/><E75/><V82/><F68/><W106/><G128/><T92/><D131/><U15/><E38/><V108/><F108/><W77/><G126/><T114/><D34/><U53/><E70/><V6/><F3/><W89/><G134/><T22/><D7/><N who="2" m="2602" /><F56/><W62/><G107/><T13/><REACH who="0" step="1"/><D2/><REACH who="0" ten="201,250,289,250" step="2"/><U81/><E33/><V5/><F5/><W93/><G72/><T120/><D120/><U109/><E109/><V98/><F41/><W52/><G43/><T8/><D8/><U104/><E125/><V133/><F40/><W9/><G9/><T116/><D116/><U123/><E123/><V64/><F133/><W14/><G37/><T48/><AGARI ba="0,1" hai="13,18,22,48,55,58,61,63,91,92,96,112,113,114" machi="48" ten="30,2000,0" yaku="1,1,0,1,53,0" doraHai="99" doraHaiUra="36" who="0" fromWho="0" sc="201,30,250,-10,289,-5,250,-5" /><INIT seed="2,0,0,2,2,129" ten="231,240,284,245" oya="2" hai0="98,111,48,113,115,4,94,15,100,68,72,127,45" hai1="109,126,97,85,6,44,73,95,60,11,80,58,32" hai2="124,29,71,67,99,86,122,2,114,112,70,17,20" hai3="120,133,121,51,39,43,108,116,91,69,132,131,47"/><V53/><F122/><N who="3" m="47211" /><G91/><T31/><D111/><U38/><E126/><V76/><F124/><W96/><G96/><T1/><D127/><U130/><E32/><V110/><F110/><W88/><G88/><T41/><D72/><U14/><E130/><V21/><F2/><W123/><G108/><T119/><D68/><U78/><E109/><V107/><F29/><W135/><G131/><T90/><D119/><U63/><E73/><V19/><F107/><W35/><G35/><T52/><D1/><U30/><E30/><V37/><F99/><W125/><G125/><T26/><D15/><U50/><E58/><V42/><F86/><W106/><G106/><T105/><D4/><U59/><E59/><V9/><F76/><W46/><G123/><T104/><D105/><U0/><E38/><V79/><F79/><W10/><G10/><T24/><D24/><U3/><E3/><V87/><F9/><W33/><G33/><T84/><REACH who="0" step="1"/><D41/><REACH who="0" ten="221,240,284,245" step="2"/><N who="1" m="24847" /><E0/><V117/><F42/><N who="3" m="22879" /><G69/><T25/><D25/><U55/><E55/><V134/><F53/><W12/><G12/><T101/><D101/><AGARI ba="0,1" hai="6,11,14,60,63,78,80,85,95,97,101" m="24847" machi="101" ten="30,2000,0" yaku="25,1,8,1" doraHai="129" who="1" fromWho="0" sc="221,-20,240,30,284,0,245,0" /><INIT seed="3,0,0,2,1,77" ten="201,270,284,245" oya="3" hai0="129,101,76,20,59,97,29,24,28,43,50,22,133" hai1="121,130,80,63,13,53,3,9,2,21,56,108,64" hai2="19,131,74,17,115,85,47,117,83,37,118,124,116" hai3="45,8,72,109,32,41,125,42,92,7,51,79,99"/><W82/><G125/><T127/><D129/><U128/><E121/><V90/><F115/><W112/><G32/><T65/><D133/><U57/><E21/><V6/><F124/><W30/><G109/><T48/><D127/><U25/><E25/><V36/><F131/><N who="1" m="50217" /><E108/><V123/><F123/><W88/><G30/><T1/><D1/><U71/><E80/><V12/><F74/><W134/><G134/><T4/><D76/><U105/><E105/><V96/><F96/><W75/><G112/><T104/><D43/><U23/><E23/><V91/><F91/><W15/><G42/><T132/><D4/><N who="1" m="3239" /><E71/><V40/><REACH who="2" step="1"/><F37/><REACH who="2" ten="201,270,274,245" step="2"/><W94/><G92/><T27/><REACH who="0" step="1"/><D132/><REACH who="0" ten="191,270,274,245" step="2"/><U31/><E31/><V78/><F78/><W54/><REACH who="3" step="1"/><G41/><REACH who="3" ten="191,270,274,235" step="2"/><T68/><D68/><U69/><E69/><V100/><F100/><W114/><G114/><T67/><D67/><U122/><E122/><V46/><F46/><W119/><G119/><T11/><D11/><AGARI ba="0,3" hai="6,11,12,17,19,36,40,47,83,85,90,116,117,118" machi="11" ten="40,2600,0" yaku="1,1,52,1,53,0" doraHai="77" doraHaiUra="61" who="2" fromWho="0" sc="191,-26,270,0,274,56,235,0" /><INIT seed="4,0,0,2,1,0" ten="165,270,330,235" oya="0" hai0="80,106,35,127,37,17,9,85,72,135,38,131,33" hai1="26,129,19,34,121,133,100,97,20,48,99,10,111" hai2="77,12,82,88,59,73,124,23,50,68,76,47,60" hai3="43,130,95,24,78,62,116,71,74,109,8,40,105"/><T21/><D127/><U4/><E111/><V13/><F68/><W64/><G109/><T66/><D131/><U41/><E133/><V90/><F124/><W112/><G116/><T3/><D135/><U27/><E121/><V113/><F113/><W102/><G130/><T84/><D106/><U107/><E129/><V120/><F120/><W6/><G112/><T29/><D72/><U104/><E41/><V128/><F128/><W22/><G105/><T56/><D38/><U14/><E48/><V7/><F77/><W93/><G78/><T79/><D37/><U67/><E67/><V114/><F114/><W25/><G25/><T115/><D115/><U63/><E63/><V108/><F108/><W28/><G74/><T117/><D117/><U110/><E110/><V32/><F32/><W87/><G95/><T16/><D85/><U92/><REACH who="1" step="1"/><E99/><REACH who="1" ten="165,260,330,235" step="2"/><V46/><F50/><W125/><G125/><T89/><D66/><U44/><E44/><V81/><F60/><W52/><G52/><T2/><D56/><U70/><E70/><V54/><F59/><W75/><G75/><T126/><D126/><U118/><E118/><V45/><F54/><W123/><G123/><T53/><D79/><U1/><E1/><N who="0" m="9" /><D53/><U94/><E94/><V103/><F47/><W49/><G49/><T55/><D55/><U69/><E69/><V5/><F46/><W86/><G40/><T57/><D57/><U39/><E39/><V101/><F45/><W61/><G43/><T98/><D98/><U96/><E96/><V31/><F73/><W132/><G132/><T30/><D9/><RYUUKYOKU ba="0,1" sc="165,-10,260,30,330,-10,235,-10" hai1="4,10,14,19,20,26,27,34,92,97,100,104,107" /><INIT seed="5,1,1,2,2,63" ten="155,290,320,225" oya="1" hai0="127,45,51,44,85,58,83,70,131,36,27,69,10" hai1="52,82,15,2,0,16,75,110,32,28,34,90,56" hai2="93,7,1,4,37,31,123,99,103,129,91,67,120" hai3="6,118,132,74,39,133,78,109,101,111,30,21,46"/><U55/><E110/><V38/><F129/><W100/><G6/><T128/><D127/><U33/><E28/><V94/><F31/><W50/><G39/><T19/><D27/><U71/><E71/><N who="0" m="27145" /><D19/><U48/><E55/><V18/><F18/><W81/><G118/><T115/><D10/><U42/><E42/><V122/><F67/><W29/><G29/><T89/><D89/><U92/><E82/><V5/><REACH who="2" step="1"/><F1/><REACH who="2" ten="155,290,310,225" step="2"/><W35/><G111/><T102/><D85/><AGARI ba="1,2" hai="4,5,7,37,38,85,91,93,94,99,103,120,122,123" machi="85" ten="50,6400,0" yaku="1,1,2,1,53,1" doraHai="63" doraHaiUra="96" who="2" fromWho="0" sc="155,-67,290,0,310,87,225,0" /><INIT seed="6,0,0,1,5,76" ten="88,290,397,225" oya="2" hai0="3,91,97,19,102,51,129,104,125,46,118,37,12" hai1="11,113,70,59,13,56,90,69,25,106,100,105,96" hai2="81,109,44,119,26,23,115,85,99,60,4,5,42" hai3="1,78,21,63,133,57,53,131,50,122,22,92,7"/><V58/><F115/><W33/><G122/><T124/><D118/><U82/><E113/><V120/><F119/><W32/><G131/><T95/><D37/><U77/><E106/><V75/><F120/><W87/><G133/><T30/><D3/><U67/><E90/><V0/><F75/><W14/><G32/><T62/><D129/><U38/><E38/><V117/><F117/><W135/><G33/><T79/><D79/><U43/><E43/><V127/><F127/><N who="0" m="48714" /><D30/><U107/><E107/><V61/><F61/><W83/><G1/><T121/><D62/><U108/><E108/><V101/><F109/><W116/><G135/><T45/><D121/><U27/><E70/><V6/><F0/><W49/><G116/><T132/><D132/><U65/><E69/><V39/><F99/><W34/><G34/><T112/><D112/><U111/><E67/><V72/><F72/><W126/><G92/><T64/><D64/><U74/><E111/><V20/><F101/><W18/><G7/><T88/><D46/><U29/><E65/><V15/><F15/><W98/><G98/><T10/><D104/><U93/><E105/><V73/><F73/><W17/><REACH who="3" step="1"/><G126/><REACH who="3" ten="88,290,397,215" step="2"/><T48/><D48/><U8/><E96/><V41/><F6/><W68/><G68/><T16/><D19/><U103/><E29/><V35/><F35/><W31/><G31/><T36/><D36/><U110/><E110/><V40/><F39/><W52/><G52/><AGARI ba="0,1" hai="10,12,16,45,51,52,88,91,95,97,102" m="48714" machi="52" ten="30,7700,0" yaku="18,1,54,3" doraHai="76" who="0" fromWho="3" sc="88,87,290,0,397,0,215,-77" /><INIT seed="7,0,0,0,0,106" ten="175,290,397,138" oya="3" hai0="58,64,109,83,27,132,22,122,43,119,115,129,118" hai1="67,42,68,21,77,17,8,97,78,87,40,18,56" hai2="3,34,95,25,60,7,65,45,110,125,50,72,102" hai3="123,80,79,128,112,134,37,31,116,53,51,96,81"/><W20/><G116/><T59/><D122/><U24/><E68/><V36/><F36/><W73/><G123/><T86/><D109/><U127/><E127/><V91/><F102/><W76/><G128/><T120/><D120/><U63/><E97/><V100/><F100/><W52/><G134/><T89/><D132/><U49/><E8/><V30/><F110/><W4/><G112/><T2/><D129/><U88/><E18/><V33/><F72/><W38/><G4/><T135/><D115/><U0/><E0/><V71/><F125/><W1/><G1/><T14/><D2/><U13/><E24/><V9/><F25/><W57/><G96/><T61/><D135/><U46/><REACH who="1" step="1"/><E42/><REACH who="1" ten="175,280,397,138" step="2"/><V94/><F3/><W47/><G31/><T32/><D119/><U62/><E62/><V117/><F9/><W121/><G121/><T29/><D118/><U26/><E26/><V35/><F60/><W23/><G20/><T131/><D43/><U41/><E41/><V111/><F30/><W12/><G23/><T104/><D131/><U11/><E11/><V124/><F117/><W10/><G10/><T5/><D32/><U70/><E70/><V66/><F35/><W44/><G12/><T130/><D130/><U75/><E75/><V105/><F71/><W28/><G28/><T84/><D14/><U48/><E48/><V108/><F34/><W55/><G37/><T15/><D15/><U133/><E133/><V103/><F33/><W114/><G114/><T69/><D69/><U101/><E101/><V98/><F124/><W6/><G38/><T126/><D126/><RYUUKYOKU ba="0,1" sc="175,-10,280,30,397,-10,138,-10" hai1="13,17,21,40,46,49,56,63,67,77,78,87,88" owari="165,-23.0,310,11.0,397,49.0,128,-37.0" /></mjloggm>