<mjloggm ver="2.3"><GO type="41" lobby="0"/><UN n0="%E7%A8%AE%E3%81%AE%E8%B5%B7%E6%BA%90" n1="%E2%93%9D%53%75%70%68%78" n2="%E4%BB%99%E5%A2%83%E5%B0%BE%E7%80%AC%E6%B2%BC%E8%8A%B1%E3%81%AE%E5%8E%9F" n3="%E3%82%BF%E3%83%83%E3%83%97" dan="14,17,14,16" rate="1942.94,2102.46,1958.63,2082.90" sx="M,M,F,M"/><TAIKYOKU oya="0"/><INIT seed="0,0,0,3,5,106" ten="250,250,250,250" oya="0" hai0="42,44,77,129,100,21,117,98,78,1,14,23,25" hai1="133,49,113,125,131,69,50,101,94,70,105,45,123" hai2="57,15,107,58,2,66,51,130,52,12,6,13,37" hai3="11,26,135,38,90,118,112,4,119,74,126,75,5"/><T95/><D117/><N who="3" m="44553" /><G38/><T54/><D129/><U34/><E105/><V18/><F130/><W102/><G26/><T87/><D1/><U127/><E34/><V32/><F107/><W63/><G63/><T89/><D14/><U81/><E131/><V27/><F37/><W19/><G19/><T55/><D77/><U109/><E81/><V67/><F58/><W88/><G11/><T59/><D78/><U103/><E94/><V60/><F60/><W8/><G8/><T72/><D72/><N who="3" m="27689" /><G112/><T47/><D42/><U116/><E116/><V39/><F39/><W43/><G43/><T7/><D7/><N who="3" m="2633" /><G102/><T64/><D64/><U110/><E113/><V80/><F18/><W16/><G16/><N who="0" m="12455" /><D23/><U79/><E69/><V96/><F67/><W128/><G128/><T82/><D55/><U30/><E70/><V122/><F52/><W104/><G104/><T31/><D31/><U35/><E30/><V65/><F66/><W84/><G84/><T22/><D22/><U92/><E35/><V120/><F65/><W40/><G40/><T73/><D73/><U93/><E49/><AGARI ba="0,0" hai="44,47,49,54,59,82,87,89,95,98,100" m="12455" machi="49" ten="30,2900,0" yaku="8,1,54,1" doraHai="106" who="0" fromWho="1" sc="250,29,250,-29,250,0,250,0" /><INIT seed="0,1,0,2,0,23" ten="279,221,250,250" oya="0" hai0="46,105,13,67,87,15,94,110,128,70,66,113,95" hai1="74,10,84,20,6,114,81,83,93,133,134,37,30" hai2="116,48,91,36,126,41,40,9,27,43,21,3,108" hai3="22,124,123,80,68,88,117,34,4,85,69,12,51"/><T54/><D105/><U26/><E37/><V28/><F36/><W60/><G117/><T24/><D113/><U11/><E114/><V107/><F108/><W130/><G34/><T57/><D128/><U90/><E10/><V100/><F126/><W14/><G130/><T47/><D70/><U86/><E74/><V131/><F116/><W7/><G124/><T25/><D110/><U101/><E101/><V97/><F131/><W112/><G112/><T129/><D129/><U59/><E59/><V118/><F118/><W0/><G0/><T45/><D87/><U89/><REACH who="1" step="1"/><E93/><REACH who="1" ten="279,211,250,250" step="2"/><N who="0" m="35337" /><D67/><U76/><E76/><V78/><F78/><W17/><G123/><T122/><D66/><U16/><E16/><V109/><F109/><W96/><G4/><T35/><D122/><U72/><E72/><V125/><F125/><W103/><G7/><T111/><D111/><U8/><E8/><V64/><F64/><W115/><G115/><T42/><D42/><U5/><E5/><V44/><F9/><W52/><G68/><T92/><D92/><U61/><E61/><V32/><F40/><W73/><G60/><N who="0" m="35895" /><D35/><U50/><E50/><V49/><F32/><W18/><G73/><T62/><D62/><U132/><E132/><V75/><F75/><W106/><G69/><T29/><D29/><U53/><E53/><V104/><F104/><W98/><G106/><T120/><D120/><U33/><E33/><V79/><F41/><W135/><G135/><T58/><D58/><U77/><E77/><V99/><F43/><W121/><G121/><T102/><D102/><U63/><E63/><RYUUKYOKU ba="1,1" sc="279,15,211,15,250,-15,250,-15" hai0="13,15,24,25,45,46,47" hai1="6,11,20,26,30,81,83,84,86,89,90,133,134" /><INIT seed="0,2,1,2,0,12" ten="294,226,235,235" oya="0" hai0="117,38,14,24,124,49,28,89,42,3,79,71,87" hai1="91,5,108,7,104,19,44,60,130,80,26,13,40" hai2="70,102,11,131,134,62,10,45,82,9,43,98,51" hai3="73,57,25,54,90,21,16,34,83,52,1,56,77"/><T86/><D117/><U50/><E108/><V59/><F131/><W118/><G118/><T75/><D3/><U121/><E104/><V122/><F134/><W53/><G1/><T85/><D38/><U112/><E121/><V30/><F122/><W23/><G34/><T128/><D71/><U92/><E130/><V31/><F70/><W4/><G4/><T99/><D128/><U69/><E112/><V65/><REACH who="2" step="1"/><F82/><REACH who="2" ten="294,226,225,235" step="2"/><W103/><G103/><T123/><D123/><U132/><E80/><V39/><F39/><W6/><G6/><T119/><D119/><U35/><E132/><V15/><F15/><W47/><G90/><T109/><D14/><U115/><E115/><V17/><F17/><W88/><G88/><T105/><D89/><U63/><E69/><V116/><F116/><W68/><G68/><T46/><D109/><U66/><E5/><V125/><F125/><W61/><G47/><T93/><D124/><U106/><E7/><V27/><F27/><W101/><G101/><T129/><D129/><U96/><E26/><V111/><F111/><W78/><G77/><T41/><D46/><U107/><E13/><V135/><F135/><W22/><G57/><T113/><D79/><U64/><E19/><V36/><F36/><W110/><REACH who="3" step="1"/><G110/><REACH who="3" ten="294,226,225,225" step="2"/><T32/><D113/><U48/><E44/><V94/><AGARI ba="2,3" hai="9,10,11,30,31,43,45,51,59,62,65,94,98,102" machi="94" ten="30,4000,0" yaku="1,1,0,1,8,1,53,0" doraHai="12" doraHaiUra="33" who="2" fromWho="2" sc="294,-22,226,-12,225,76,225,-12" /><INIT seed="1,0,0,3,2,15" ten="272,214,301,213" oya="1" hai0="108,65,118,52,123,1,22,103,84,67,16,64,8" hai1="81,77,45,127,78,106,33,58,7,105,10,12,98" hai2="44,4,49,73,63,135,3,36,119,55,57,129,100" hai3="93,69,38,117,97,37,21,42,112,107,59,88,68"/><U126/><E33/><V27/><F119/><W54/><G112/><T79/><D108/><U51/><E58/><V132/><F73/><W53/><G117/><T121/><D118/><U56/><E56/><V96/><F129/><W99/><G42/><T62/><D103/><U20/><E77/><V29/><F36/><W122/><G122/><N who="0" m="46603" /><D1/><U66/><E66/><V130/><F130/><W26/><G38/><T70/><D8/><U80/><E80/><V92/><F4/><W110/><G37/><T24/><D52/><U13/><E98/><V50/><F3/><W5/><G5/><T61/><D61/><U115/><E115/><V41/><REACH who="2" step="1"/><F63/><REACH who="2" ten="272,214,291,213" step="2"/><W35/><G110/><T82/><AGARI ba="0,1" hai="16,22,24,62,64,65,67,70,79,82,84" m="46603" machi="82" ten="30,4000,0" yaku="13,1,52,1,54,1" doraHai="15" who="0" fromWho="0" sc="272,50,214,-20,291,-10,213,-10" /><INIT seed="2,0,0,3,4,1" ten="322,194,281,203" oya="2" hai0="37,109,4,113,125,133,14,16,61,95,120,80,34" hai1="7,94,63,12,58,9,98,28,20,36,62,78,104" hai2="67,121,118,134,103,57,135,26,30,116,117,122,132" hai3="83,54,45,18,6,106,97,64,131,0,38,73,112"/><V25/><F103/><W76/><G131/><T86/><D120/><N who="2" m="46186" /><F57/><W102/><G112/><T51/><D34/><U32/><E36/><V10/><F67/><W115/><G115/><T19/><D37/><U127/><E104/><V27/><F10/><N who="3" m="2375" /><G54/><T130/><D95/><U47/><E127/><V84/><F84/><W5/><G64/><T100/><D100/><U75/><E32/><AGARI ba="0,0" hai="25,26,27,30,32,116,117,118,132,134,135" m="46186" machi="32" ten="40,7700,0" yaku="20,1,34,2" doraHai="1" who="2" fromWho="1" sc="322,0,194,-77,281,77,203,0" /><INIT seed="2,1,0,3,4,0" ten="322,117,358,203" oya="2" hai0="62,133,59,34,56,27,17,112,97,51,60,89,122" hai1="105,19,68,30,120,8,66,57,77,43,10,100,52" hai2="119,64,135,18,4,91,36,6,74,44,31,125,126" hai3="26,39,35,22,86,130,24,129,48,32,88,67,37"/><V73/><F119/><W75/><G75/><N who="2" m="28681" /><F64/><W90/><G67/><T92/><D122/><U84/><E120/><V94/><F31/><W95/><G48/><T45/><D133/><U69/><E43/><N who="2" m="22631" /><F18/><W110/><G22/><N who="0" m="13775" /><D34/><U102/><E30/><V79/><F79/><W12/><G12/><T38/><D38/><U111/><E66/><V72/><F135/><W40/><G40/><N who="0" m="24999" /><D112/><U42/><E42/><V54/><F54/><W131/><G90/><T134/><D134/><U87/><E77/><V114/><F72/><W20/><G24/><T14/><D14/><U3/><E3/><V121/><F114/><W58/><G37/><T70/><D70/><U49/><E68/><V61/><F61/><AGARI ba="1,0" hai="56,59,60,61,62,89,92,97" m="24999,13775" machi="61" ten="30,1000,0" yaku="8,1" doraHai="0" who="0" fromWho="2" sc="322,13,117,0,358,-13,203,0" /><INIT seed="3,0,0,5,1,38" ten="335,117,345,203" oya="3" hai0="11,119,109,46,39,73,120,72,70,66,8,83,6" hai1="94,82,25,107,110,64,47,101,24,56,114,21,35" hai2="3,12,61,4,30,65,100,41,74,134,92,87,75" hai3="9,60,51,96,15,52,130,111,104,32,48,40,57"/><W91/><G32/><T93/><D109/><U116/><E114/><V63/><F134/><W53/><G111/><T88/><D119/><U85/><E107/><V10/><F30/><W18/><G130/><T86/><D120/><U54/><E35/><V117/><F61/><W81/><G104/><T102/><D70/><U28/><E25/><V26/><F26/><W118/><G118/><T58/><D66/><U115/><E115/><V108/><F108/><W95/><G81/><T122/><D58/><U71/><E71/><V76/><F100/><W79/><G79/><T126/><D126/><U7/><E7/><V49/><F3/><W1/><G1/><T14/><D11/><U125/><E125/><V113/><F113/><W23/><G40/><T98/><REACH who="0" step="1"/><D122/><REACH who="0" ten="325,117,345,203" step="2"/><U19/><E116/><V22/><F65/><N who="3" m="39055" /><G9/><T124/><D124/><U103/><E110/><V45/><F10/><W44/><G44/><T131/><D131/><U78/><E47/><V17/><F45/><W80/><G80/><T42/><AGARI ba="0,1" hai="6,8,14,39,42,46,72,73,83,86,88,93,98,102" machi="42" ten="30,8000,1" yaku="1,1,0,1,52,1,54,1,53,1" doraHai="38" doraHaiUra="84" who="0" fromWho="0" sc="325,90,117,-20,345,-20,203,-40" /><INIT seed="4,0,0,4,5,127" ten="415,97,325,163" oya="0" hai0="33,25,47,124,67,62,36,50,27,68,105,85,90" hai1="99,12,54,104,5,125,29,0,115,80,102,101,108" hai2="86,93,61,21,88,134,51,113,119,95,96,98,8" hai3="16,118,120,75,3,79,130,129,48,13,44,97,78"/><T83/><D36/><U131/><E108/><V31/><F134/><W49/><G118/><T10/><D124/><U59/><E125/><V66/><F113/><W52/><G3/><T135/><D135/><U100/><E0/><V11/><F119/><W38/><G38/><T7/><D105/><U32/><E115/><V82/><F51/><W40/><G120/><T109/><D33/><U132/><E132/><V56/><F95/><W22/><G97/><T133/><D109/><U24/><E80/><V106/><F98/><W77/><REACH who="3" step="1"/><G75/><REACH who="3" ten="415,97,325,153" step="2"/><T92/><D133/><U60/><E131/><V122/><F122/><W126/><G126/><T128/><D128/><U69/><E69/><V116/><F116/><W15/><G15/><T39/><D39/><U20/><E32/><V110/><F110/><W30/><G30/><T6/><D27/><U9/><AGARI ba="0,1" hai="5,9,12,20,24,29,54,59,60,99,100,101,102,104" machi="9" ten="30,1100,0" yaku="0,1" doraHai="127" who="1" fromWho="1" sc="415,-5,97,21,325,-3,153,-3" /><INIT seed="5,0,0,5,1,41" ten="410,118,322,150" oya="1" hai0="14,87,85,104,68,64,94,105,44,74,72,47,118" hai1="101,129,7,61,3,63,50,2,18,80,27,17,134" hai2="135,48,125,66,123,11,92,57,56,96,33,37,128" hai3="126,122,97,39,0,38,108,78,112,103,45,51,40"/><U49/><E7/><V70/><F33/><W81/><G108/><T88/><D118/><U58/><E101/><V13/><F37/><W46/><G122/><T53/><D53/><U93/><E80/><V77/><F123/><W65/><G112/><T6/><D6/><U35/><E93/><V119/><F119/><W75/><G126/><T98/><D14/><U15/><E15/><V1/><F125/><W130/><G130/><T120/><D120/><U73/><E58/><V99/><F128/><W117/><G117/><T4/><D4/><U21/><E129/><V131/><F1/><W111/><G111/><T91/><D94/><U24/><E21/><V71/><F56/><W100/><G0/><T31/><D31/><U54/><E54/><V83/><F99/><W52/><G65/><T30/><D30/><U8/><E73/><V28/><F57/><W133/><G133/><T10/><D10/><U114/><E8/><V26/><F135/><W5/><G5/><T59/><D59/><U25/><E25/><V86/><F26/><W32/><G32/><T42/><D42/><U43/><E43/><V106/><F13/><W62/><G62/><T60/><D60/><U22/><E22/><V127/><F11/><W76/><G76/><T90/><D90/><U113/><REACH who="1" step="1"/><E35/><REACH who="1" ten="410,108,322,150" step="2"/><V16/><F131/><W89/><REACH who="3" step="1"/><G38/><REACH who="3" ten="410,108,322,140" step="2"/><T29/><D64/><U102/><E102/><N who="2" m="62791" /><F66/><W9/><G9/><T116/><D116/><U132/><AGARI ba="0,2" hai="2,3,17,18,24,27,49,50,61,63,113,114,132,134" machi="132" ten="25,9600,0" yaku="1,1,0,1,22,2,53,0" doraHai="41" doraHaiUra="115" who="1" fromWho="1" sc="410,-32,108,116,322,-32,140,-32" /><INIT seed="5,1,0,0,2,120" ten="378,224,290,108" oya="1" hai0="84,79,117,131,89,50,43,122,46,72,112,80,66" hai1="32,78,116,77,86,6,3,91,25,2,98,124,23" hai2="132,47,44,33,13,10,135,121,37,100,65,28,108" hai3="109,56,20,26,48,21,52,29,54,133,114,41,71"/><U67/><E116/><V74/><F121/><W39/><G114/><T126/><D117/><U90/><E32/><V53/><F74/><W101/><G133/><T95/><D122/><U64/><E124/><V58/><F65/><W4/><G71/><T27/><D112/><U40/><E40/><V70/><F70/><W24/><G4/><T63/><D131/><U34/><E34/><V128/><F128/><W9/><G9/><T11/><D126/><U115/><E115/><V111/><F100/><W0/><G0/><T125/><D125/><U16/><E3/><V5/><F28/><W82/><G101/><T62/><D66/><N who="1" m="25131" /><E6/><V7/><F7/><W106/><G106/><T69/><D69/><U134/><E134/><N who="2" m="51243" /><F33/><W104/><G104/><T102/><D11/><U12/><E2/><V103/><F103/><W45/><G82/><T17/><D102/><U130/><E130/><V81/><F81/><W22/><G54/><T97/><D72/><U127/><E127/><V49/><F37/><W87/><G87/><T59/><D59/><U99/><E86/><V8/><F8/><W30/><REACH who="3" step="1"/><G22/><AGARI ba="1,0" hai="17,22,27,43,46,50,62,63,79,80,84,89,95,97" machi="22" ten="40,1300,0" yaku="8,1" doraHai="120" who="0" fromWho="3" sc="378,16,224,0,290,0,108,-16" /><INIT seed="6,0,0,4,0,93" ten="394,224,290,92" oya="2" hai0="127,110,122,94,55,98,39,114,75,58,102,23,116" hai1="117,9,29,13,24,81,18,3,90,31,56,22,100" hai2="83,33,53,51,108,38,16,27,44,36,99,72,68" hai3="129,106,104,123,130,40,11,7,20,49,4,109,43"/><V120/><F120/><W70/><G109/><T96/><D114/><U50/><E117/><V1/><F1/><W97/><G70/><T0/><D110/><U21/><E100/><V88/><F68/><W105/><G97/><T5/><D122/><U48/><E3/><V6/><F6/><W10/><G20/><T115/><D115/><U45/><E56/><V8/><F108/><W54/><G123/><T63/><D75/><U32/><E50/><V60/><F60/><W112/><G112/><T91/><D39/><U69/><E29/><V62/><F62/><W124/><G54/><T87/><D127/><U107/><E107/><V103/><F33/><W65/><G65/><T101/><D116/><U80/><E69/><V82/><F82/><W135/><G49/><T15/><D0/><U111/><E81/><V64/><F64/><W119/><G104/><T2/><D2/><U77/><E90/><V121/><F121/><W113/><G113/><T66/><D66/><U35/><E35/><V46/><F46/><W92/><G92/><T67/><D67/><U125/><E125/><V79/><F88/><W42/><G43/><T37/><D37/><U12/><E111/><V14/><REACH who="2" step="1"/><F27/><REACH who="2" ten="394,224,280,92" step="2"/><W126/><REACH who="3" step="1"/><G119/><REACH who="3" ten="394,224,280,82" step="2"/><T128/><D55/><U28/><E24/><V84/><F84/><W118/><G118/><T76/><D87/><U86/><E86/><V52/><F52/><W133/><AGARI ba="0,2" hai="4,7,10,11,40,42,105,106,124,126,129,130,133,135" machi="133" ten="25,6400,0" yaku="1,1,0,1,22,2,53,0" doraHai="93" doraHaiUra="71" who="3" fromWho="3" sc="394,-16,224,-16,280,-32,82,84" /><INIT seed="7,0,0,3,5,133" ten="378,208,248,166" oya="3" hai0="66,112,95,26,125,18,73,103,101,84,76,118,20" hai1="74,47,5,127,126,122,48,134,11,56,123,130,44" hai2="70,116,75,3,13,46,0,41,39,43,58,92,29" hai3="32,82,17,119,106,83,132,19,113,81,38,109,80"/><W22/><N who="3" m="20480" /><DORA hai="45" /><W115/><G119/><T85/><D76/><U57/><E74/><V79/><F116/><W99/><G132/><T107/><D73/><U88/><E134/><V97/><F70/><W60/><G38/><T63/><D107/><U62/><E88/><V2/><F75/><W52/><G32/><T53/><D118/><U30/><E30/><V110/><F110/><W105/><G109/><T94/><D125/><N who="1" m="47627" /><E130/><V71/><F71/><W15/><G19/><T64/><D112/><N who="3" m="43081" /><G99/><N who="0" m="59639" /><D53/><N who="1" m="31911" /><E122/><V42/><F39/><W93/><G93/><T117/><D117/><U68/><E68/><V34/><F79/><W23/><G22/><T10/><D10/><U49/><E123/><V98/><F92/><W28/><G28/><T51/><D63/><U6/><E11/><V91/><F29/><W128/><G128/><T129/><D95/><U21/><E21/><V120/><F34/><W55/><G60/><T61/><D61/><U67/><E47/><V59/><F120/><W37/><G37/><T4/><D103/><U111/><E111/><V100/><F100/><W102/><G102/><T114/><D114/><U7/><E7/><V78/><F78/><W77/><G77/><T33/><D33/><U72/><E72/><V96/><F98/><W124/><G124/><T121/><D121/><U108/><E108/><V36/><F97/><W24/><G24/><T54/><D129/><U8/><E8/><V25/><F96/><W90/><G90/><T12/><D26/><U87/><E87/><N who="0" m="33353" /><D4/><U131/><E131/><V135/><F91/><W16/><G17/><T104/><D104/><AGARI ba="0,0" hai="15,16,23,52,55,104,105,106" m="43081,20480" machi="104" ten="50,12000,1" yaku="6,1,15,1,54,2" doraHai="133,45" who="3" fromWho="0" sc="378,-120,208,0,248,0,166,120" /><INIT seed="7,1,0,2,4,88" ten="258,208,248,286" oya="3" hai0="96,104,83,61,77,118,21,48,102,109,42,60,49" hai1="122,47,36,16,55,119,99,15,134,111,6,19,87" hai2="2,81,1,5,12,64,53,4,80,33,0,127,69" hai3="17,43,75,106,28,129,44,84,56,30,31,82,95"/><W90/><G106/><T25/><D118/><U18/><E111/><V78/><F33/><W29/><G129/><T132/><D132/><U86/><E122/><V126/><F53/><W38/><G31/><T105/><D105/><U114/><E134/><V98/><F12/><W121/><G121/><T39/><D39/><U103/><E114/><V91/><F64/><W57/><G75/><T76/><D109/><U112/><E112/><V68/><F98/><W52/><G17/><T23/><D77/><U135/><E119/><V124/><F91/><W71/><G71/><N who="2" m="27209" /><F78/><W120/><G120/><T110/><D110/><U50/><E36/><V107/><F107/><W97/><REACH who="3" step="1"/><G52/><REACH who="3" ten="258,208,248,276" step="2"/><T40/><D40/><U26/><E135/><V108/><F108/><W94/><G94/><T131/><D131/><U130/><E130/><V125/><F124/><W62/><G62/><T8/><D42/><U54/><E54/><V27/><F125/><W67/><G67/><T70/><D60/><U123/><E123/><V128/><F128/><W11/><G11/><T3/><D61/><U115/><E115/><V79/><F127/><W66/><G66/><T101/><D8/><N who="1" m="4503" /><E26/><V10/><F27/><W7/><G7/><T89/><D25/><U35/><E35/><V92/><F126/><W72/><G72/><T133/><D133/><U13/><E13/><V65/><F65/><W9/><G9/><T116/><D116/><U32/><E32/><V14/><F4/><W34/><G34/><T63/><D63/><U93/><AGARI ba="1,1" hai="16,18,19,47,50,55,86,87,93,99,103" m="4503" machi="93" ten="30,4000,0" yaku="8,1,52,1,54,1" doraHai="88" who="1" fromWho="1" sc="258,-11,208,53,248,-11,276,-21" /><INIT seed="8,0,0,2,2,134" ten="247,261,237,255" oya="0" hai0="119,41,84,13,81,28,118,30,102,100,78,124,25" hai1="0,32,67,96,40,99,128,64,69,8,31,46,89" hai2="56,24,17,108,52,74,54,130,111,63,83,50,19" hai3="9,135,5,48,98,44,55,29,97,18,123,47,35"/><T16/><D124/><U34/><E128/><V51/><F130/><W91/><G135/><T39/><D30/><U14/><E0/><V53/><F74/><W122/><G18/><T112/><D112/><U82/><E69/><V125/><F125/><W105/><G105/><T85/><D39/><U126/><E126/><V88/><F111/><W79/><G79/><T132/><D41/><U101/><E32/><V57/><F24/><W72/><G72/><T75/><D132/><U117/><E31/><V42/><F42/><W76/><G76/><T4/><D4/><U23/><E23/><V49/><F108/><W27/><G44/><T86/><D119/><U109/><E34/><V10/><F10/><W121/><REACH who="3" step="1"/><G91/><REACH who="3" ten="247,261,237,245" step="2"/><T95/><D118/><U107/><E117/><V106/><F106/><W68/><G68/><T20/><REACH who="0" step="1"/><D95/><REACH who="0" ten="237,261,237,245" step="2"/><U116/><E116/><V133/><F133/><W59/><G59/><T7/><D7/><U115/><E109/><V129/><F129/><W12/><AGARI ba="0,2" hai="5,9,12,27,29,35,47,48,55,97,98,121,122,123" machi="12" ten="30,4000,0" yaku="1,1,0,1,13,1,53,0" doraHai="134" doraHaiUra="114" who="3" fromWho="3" sc="237,-20,261,-10,237,-10,245,60" owari="217,-28.0,251,5.0,227,-17.0,305,40.0" /></mjloggm>