<mjloggm ver="2.3"><GO type="41" lobby="0"/><UN n0="%D0%90%D0%BB%D1%91%D1%88%D0%B0" n1="%6C%65%6C%65%6C%65%35%36" n2="%E2%93%9D%53%75%70%68%78" n3="%E3%81%A6%E3%82%89%E3%81%B5%E3%81%89%E3%80%82" dan="14,13,18,15" rate="1928.80,1865.56,2071.71,2034.07" sx="M,M,M,M"/><TAIKYOKU oya="0"/><INIT seed="0,0,0,3,5,8" ten="250,250,250,250" oya="0" hai0="61,98,88,41,73,0,62,76,102,29,7,53,56" hai1="52,90,113,103,32,75,105,40,48,93,43,74,23" hai2="81,118,110,94,83,123,59,46,100,42,130,58,133" hai3="37,55,95,35,9,27,67,3,66,126,101,38,128"/><T70/><D41/><U135/><E32/><V134/><F123/><W22/><G35/><T47/><D29/><U10/><E105/><V18/><F110/><W57/><G126/><T92/><D47/><U82/><E103/><V85/><F130/><W132/><G132/><N who="2" m="50793" /><F118/><W84/><G128/><T60/><D70/><U96/><E135/><V119/><F83/><W15/><G3/><T124/><D124/><U4/><E23/><V114/><F114/><W12/><G38/><T65/><D65/><N who="3" m="24585" /><G9/><T116/><D116/><U25/><E25/><V51/><F119/><W13/><G37/><T80/><REACH who="0" step="1"/><D102/><REACH who="0" ten="240,250,250,250" step="2"/><U86/><E43/><V6/><F100/><W39/><G39/><T69/><D69/><U106/><E40/><V24/><F42/><W87/><G101/><T89/><D89/><U79/><E113/><V97/><F46/><W78/><G78/><T112/><D112/><U131/><E131/><V34/><F59/><W21/><G95/><T19/><D19/><U2/><E106/><V72/><F18/><N who="3" m="12727" /><G22/><T77/><D77/><U5/><E4/><V129/><F6/><W26/><G26/><T63/><D63/><AGARI ba="0,1" hai="12,13,15,55,57,63,84,87" m="12727,24585" machi="63" ten="30,7700,0" yaku="8,1,52,3" doraHai="8" who="3" fromWho="0" sc="240,-77,250,0,250,0,250,87" /><INIT seed="1,0,0,3,1,33" ten="163,250,250,337" oya="1" hai0="74,44,37,3,127,76,103,60,123,72,87,70,14" hai1="16,117,108,88,129,133,68,115,90,114,36,30,84" hai2="75,98,49,81,17,111,82,42,46,63,119,130,13" hai3="99,15,79,78,18,43,128,73,96,94,34,12,107"/><U59/><E68/><V28/><F119/><W109/><G34/><T52/><D123/><U45/><E117/><V64/><F111/><W121/><G121/><T120/><D120/><U0/><E30/><V27/><F130/><W102/><G109/><T126/><D103/><U67/><E108/><V69/><F75/><W4/><G128/><T77/><D14/><U54/><E67/><V65/><F65/><W85/><G85/><T95/><D37/><U57/><E57/><V118/><F118/><W31/><G31/><T5/><D70/><U20/><E129/><V91/><F91/><W51/><G4/><T71/><D71/><U89/><E0/><V10/><REACH who="2" step="1"/><F98/><REACH who="2" ten="163,250,240,337" step="2"/><N who="3" m="59735" /><G73/><T134/><D72/><U19/><E133/><V41/><F41/><W24/><G96/><T112/><D134/><U93/><E90/><V25/><F25/><W104/><G99/><T47/><D74/><U8/><E89/><V22/><AGARI ba="0,1" hai="10,13,17,22,27,28,42,46,49,63,64,69,81,82" machi="22" ten="20,2700,0" yaku="1,1,0,1,7,1,53,0" doraHai="33" doraHaiUra="116" who="2" fromWho="2" sc="163,-7,250,-13,240,37,337,-7" /><INIT seed="2,0,0,0,2,82" ten="156,237,277,330" oya="2" hai0="6,112,59,1,88,35,57,26,58,0,114,103,12" hai1="124,85,3,17,67,129,23,135,7,56,15,21,70" hai2="123,90,14,117,9,83,86,102,121,24,50,120,111" hai3="76,78,55,41,20,31,80,93,36,8,74,91,18"/><V30/><F117/><W100/><G100/><T10/><D103/><U110/><E70/><V54/><F111/><W32/><G78/><T109/><D109/><U25/><E110/><V47/><F102/><W87/><G8/><T61/><D35/><U94/><E124/><V13/><REACH who="2" step="1"/><F9/><REACH who="2" ten="156,237,267,330" step="2"/><W118/><G118/><T133/><D114/><U134/><E129/><V49/><F49/><W43/><G36/><T37/><D112/><U127/><E127/><V119/><F119/><W126/><G126/><T65/><D37/><U122/><E122/><V28/><F28/><W99/><G31/><T52/><D133/><U4/><E134/><V101/><F101/><W73/><G32/><AGARI ba="0,1" hai="13,14,24,30,32,47,50,54,83,86,90,120,121,123" machi="32" ten="40,3900,0" yaku="1,1,52,1,53,0" doraHai="82" doraHaiUra="53" who="2" fromWho="3" sc="156,0,237,0,267,49,330,-39" /><INIT seed="2,1,0,5,3,59" ten="156,237,316,291" oya="2" hai0="25,89,123,100,126,28,3,12,128,55,13,18,132" hai1="36,67,49,131,133,33,97,60,112,16,119,78,53" hai2="95,51,134,26,15,77,57,40,14,19,22,83,76" hai3="84,88,68,127,29,32,54,6,66,72,106,93,27"/><V69/><F69/><W94/><G127/><T107/><D123/><U80/><E112/><V0/><F0/><W41/><G72/><T52/><D126/><U9/><E119/><V116/><F134/><W17/><G106/><T121/><D132/><U99/><E131/><V73/><F116/><W104/><G104/><T30/><D3/><U46/><E33/><V110/><F110/><W2/><G41/><T87/><D121/><U108/><E108/><V35/><F77/><W118/><G118/><T58/><D128/><U4/><E36/><V85/><F35/><W122/><G122/><T113/><D113/><U24/><E4/><V92/><F73/><W50/><G17/><T98/><D55/><U82/><E82/><V11/><F15/><W120/><G94/><T64/><D64/><U62/><E133/><V38/><F38/><W124/><G124/><T61/><D25/><U43/><E43/><V63/><F51/><W81/><G93/><T96/><D96/><N who="1" m="36939" /><E67/><N who="2" m="39407" /><F40/><W103/><G103/><T90/><D90/><U42/><E42/><V71/><F71/><W79/><G79/><T111/><D111/><U21/><E9/><V39/><F39/><W47/><G120/><T135/><D135/><U129/><E129/><V117/><F117/><W65/><REACH who="3" step="1"/><G68/><REACH who="3" ten="156,237,316,281" step="2"/><T44/><D107/><U56/><E46/><V20/><F11/><AGARI ba="1,1" hai="2,6,11,27,29,32,47,50,54,65,66,81,84,88" machi="11" ten="40,5200,0" yaku="1,1,2,1,54,1,53,0" doraHai="59" doraHaiUra="102" who="3" fromWho="2" sc="156,0,237,0,316,-55,281,65" /><INIT seed="3,0,0,4,0,69" ten="156,237,261,346" oya="3" hai0="42,30,91,19,27,18,88,1,106,133,45,119,115" hai1="79,126,11,90,41,107,95,94,4,109,122,93,63" hai2="80,82,5,59,132,20,129,9,68,77,0,23,13" hai3="116,87,123,103,15,104,135,51,75,58,35,70,55"/><W24/><G116/><T134/><D119/><U81/><E122/><V125/><F68/><W85/><G123/><T43/><D106/><U72/><E63/><V127/><F132/><N who="0" m="50794" /><D1/><U50/><E109/><V46/><F129/><W37/><G75/><T2/><D2/><U100/><E126/><N who="2" m="48139" /><F82/><W99/><G135/><T22/><D115/><U113/><E113/><V108/><F59/><W120/><G120/><T92/><D42/><U29/><E29/><V101/><F101/><W89/><G89/><N who="0" m="34379" /><D92/><U112/><E112/><V105/><F105/><W118/><G118/><T21/><D21/><U61/><E61/><V53/><F0/><W66/><G15/><T83/><D83/><U96/><E50/><AGARI ba="0,0" hai="18,19,22,27,30,43,45,50" m="34379,50794" machi="50" ten="30,2000,0" yaku="20,1,54,1" doraHai="69" who="0" fromWho="1" sc="156,20,237,-20,261,0,346,0" /><INIT seed="4,0,0,1,0,14" ten="176,217,261,346" oya="0" hai0="35,83,66,68,54,31,81,116,106,104,77,65,73" hai1="92,56,103,130,96,98,44,40,75,28,85,131,102" hai2="132,36,5,25,23,50,39,43,119,107,71,4,6" hai3="41,90,33,88,74,3,79,53,108,37,69,78,38"/><T134/><D116/><U30/><E75/><V18/><F71/><W10/><G33/><T24/><D134/><U133/><E133/><V113/><F132/><W21/><G69/><T20/><D54/><U84/><E56/><V99/><F119/><W105/><G105/><T22/><D83/><U0/><E0/><V32/><F113/><W52/><G21/><T19/><D20/><U128/><E30/><V45/><REACH who="2" step="1"/><F32/><REACH who="2" ten="176,217,251,346" step="2"/><W1/><G108/><T34/><D34/><U67/><E67/><V135/><F135/><W47/><G74/><T62/><REACH who="0" step="1"/><D65/><REACH who="0" ten="166,217,251,346" step="2"/><U7/><E128/><V125/><F125/><W82/><G82/><T76/><D76/><U49/><E130/><V94/><F94/><W120/><G78/><T80/><D80/><U64/><E64/><V27/><F27/><AGARI ba="0,2" hai="19,22,24,27,31,35,62,66,68,73,77,81,104,106" machi="27" ten="30,5800,0" yaku="1,1,7,1,52,1,53,0" doraHai="14" doraHaiUra="112" who="0" fromWho="2" sc="166,78,217,0,251,-58,346,0" /><INIT seed="4,1,0,5,0,71" ten="244,217,193,346" oya="0" hai0="32,16,22,118,98,63,107,40,100,114,104,134,99" hai1="41,47,35,110,120,72,65,68,121,127,92,14,20" hai2="37,87,38,3,125,18,19,39,1,86,89,2,55" hai3="24,97,111,132,130,58,42,43,57,10,115,122,30"/><T117/><D32/><U119/><E110/><V60/><F125/><W0/><G111/><T26/><D114/><U49/><E119/><V75/><F75/><W31/><G115/><T51/><D134/><U94/><E35/><V11/><F11/><W44/><G43/><T59/><D51/><U21/><E72/><V131/><F131/><W48/><G132/><T46/><D46/><U50/><E65/><V91/><F55/><W4/><G130/><T108/><D40/><U133/><E68/><V93/><REACH who="2" step="1"/><F60/><REACH who="2" ten="244,217,183,346" step="2"/><W79/><G10/><T12/><D108/><U69/><E127/><V13/><F13/><W23/><G0/><T109/><D12/><U5/><E14/><V52/><F52/><W17/><G122/><T113/><D109/><U112/><E133/><V6/><F6/><W67/><G4/><T56/><D113/><U62/><E5/><V61/><F61/><W70/><G24/><T135/><D135/><U84/><E112/><V102/><F102/><W126/><G126/><T106/><D100/><U45/><E62/><V83/><AGARI ba="1,1" hai="1,2,3,18,19,37,38,39,83,86,87,89,91,93" machi="83" ten="40,8000,1" yaku="1,1,0,1,52,3,53,0" doraHai="71" doraHaiUra="128" who="2" fromWho="2" sc="244,-41,217,-21,183,93,346,-21" /><INIT seed="5,0,0,0,5,116" ten="203,196,276,325" oya="1" hai0="110,7,108,28,33,106,79,76,21,40,131,90,92" hai1="104,13,103,45,2,4,73,121,111,107,96,78,25" hai2="11,101,43,20,54,10,100,135,69,19,129,60,91" hai3="123,68,1,58,27,24,62,75,113,61,98,126,99"/><U102/><E121/><V51/><F129/><W14/><G1/><T6/><D33/><U55/><E13/><V133/><F43/><W48/><G75/><T57/><D106/><U26/><E111/><V63/><F91/><W39/><G39/><T130/><D40/><U9/><E78/><N who="0" m="29737" /><D57/><U29/><E73/><V53/><F20/><W72/><G72/><T81/><D21/><U117/><E117/><V12/><F51/><W36/><G36/><T93/><D28/><U8/><E8/><V128/><F128/><N who="0" m="49194" /><D6/><U124/><E124/><V114/><F19/><W31/><G14/><T71/><D7/><U44/><E55/><V95/><F12/><W35/><G68/><T64/><D64/><U85/><E85/><V37/><F37/><W86/><G31/><T65/><D65/><U125/><E125/><V22/><F22/><W66/><G126/><T5/><D5/><U127/><E127/><V16/><F69/><W87/><G66/><T18/><D18/><U23/><REACH who="1" step="1"/><E26/><REACH who="1" ten="203,186,276,325" step="2"/><V118/><F118/><W0/><G27/><T67/><D110/><U74/><E74/><V59/><F11/><W82/><G24/><T88/><D108/><U105/><E105/><V94/><F10/><W122/><G0/><T32/><D67/><U97/><AGARI ba="0,1" hai="2,4,9,23,25,29,44,45,96,97,102,103,104,107" machi="97" ten="30,6000,0" yaku="1,1,0,1,9,1,53,0" doraHai="116" doraHaiUra="70" who="1" fromWho="1" sc="203,-20,186,70,276,-20,325,-20" /><INIT seed="5,1,0,2,1,7" ten="183,256,256,305" oya="1" hai0="27,121,91,30,25,32,26,82,104,36,70,65,40" hai1="101,89,22,99,14,6,62,53,60,74,72,130,95" hai2="33,111,129,55,16,115,11,75,134,124,68,35,56" hai3="4,80,44,76,123,94,42,100,109,12,84,107,77"/><U9/><E130/><V5/><F111/><W0/><G109/><T66/><D121/><U114/><E114/><V31/><F68/><W116/><G123/><T120/><D120/><U117/><E117/><V127/><F75/><W38/><G107/><T79/><D104/><U54/><E74/><V118/><F134/><W29/><G116/><T67/><D70/><U98/><E72/><V28/><F118/><W3/><G76/><T24/><D91/><U8/><E22/><V58/><F55/><W63/><G29/><N who="2" m="11337" /><F58/><W132/><G63/><T45/><REACH who="0" step="1"/><D65/><REACH who="0" ten="173,256,256,305" step="2"/><U93/><REACH who="1" step="1"/><E9/><REACH who="1" ten="173,246,256,305" step="2"/><V128/><F128/><W1/><G132/><T87/><AGARI ba="1,2" hai="24,25,26,27,30,32,36,40,45,66,67,79,82,87" machi="87" ten="30,4000,0" yaku="1,1,2,1,0,1,53,0" doraHai="7" doraHaiUra="110" who="0" fromWho="0" sc="173,63,246,-21,256,-11,305,-11" /><INIT seed="6,0,0,1,2,87" ten="236,225,245,294" oya="2" hai0="53,66,94,125,50,59,44,72,33,7,6,70,78" hai1="58,40,106,8,32,91,124,64,97,52,77,111,48" hai2="79,20,41,49,37,102,82,5,39,35,30,74,17" hai3="135,27,31,123,110,19,117,65,114,75,116,86,68"/><V73/><F73/><W71/><G75/><T67/><D33/><U0/><E111/><V115/><F115/><W85/><G110/><T9/><D125/><U38/><E32/><V28/><F5/><W89/><G123/><T88/><D70/><U56/><E77/><V83/><F102/><W61/><G114/><T21/><D72/><U51/><E38/><V126/><F126/><W4/><G4/><N who="0" m="1579" /><D78/><U129/><E8/><V13/><F83/><W96/><G71/><T122/><D122/><U127/><E0/><V98/><F98/><W2/><G2/><T18/><D9/><U12/><E12/><V22/><F35/><W43/><G43/><T26/><D44/><U84/><E40/><V46/><REACH who="2" step="1"/><F22/><REACH who="2" ten="236,225,235,294" step="2"/><N who="3" m="13791" /><G96/><AGARI ba="0,1" hai="18,21,26,50,53,59,66,67,88,94,96" m="1579" machi="96" ten="30,3900,0" yaku="8,1,52,1,54,1" doraHai="87" who="0" fromWho="3" sc="236,49,225,0,235,0,294,-39" /><INIT seed="7,0,0,3,5,135" ten="285,225,235,255" oya="3" hai0="53,71,64,73,102,13,130,32,131,55,36,21,92" hai1="66,19,76,126,58,6,34,45,115,8,23,77,119" hai2="116,46,70,41,79,113,129,52,1,24,29,17,25" hai3="0,133,121,101,114,44,9,28,122,43,125,120,11"/><W104/><G114/><T3/><D3/><U35/><E115/><V22/><F113/><W47/><G133/><T93/><D32/><U40/><E77/><V84/><F70/><W123/><G125/><T65/><D73/><U69/><E69/><V68/><F68/><W26/><G0/><T97/><D36/><U106/><E106/><V48/><F129/><N who="0" m="49162" /><D92/><U90/><E76/><V18/><F116/><W74/><G74/><T132/><D132/><U16/><E58/><V20/><F1/><W109/><G109/><T112/><D112/><U56/><E56/><V118/><F118/><W2/><G2/><T78/><D78/><U33/><E66/><N who="0" m="25705" /><D71/><U124/><E119/><V12/><F79/><W94/><G104/><T103/><D103/><U42/><E35/><V51/><F84/><W96/><N who="3" m="30720" /><DORA hai="38" /><W108/><G108/><T110/><D110/><U75/><E75/><V88/><F88/><W85/><G85/><T128/><N who="0" m="49170" /><T10/><DORA hai="100" /><D21/><U91/><E23/><V117/><F117/><W5/><G5/><AGARI ba="0,0" hai="5,10,13,53,55,93,97,102" m="25705,49170" machi="5" ten="40,1300,0" yaku="19,1" doraHai="135,38,100" who="0" fromWho="3" sc="285,13,225,0,235,0,255,-13" /><INIT seed="8,0,0,5,4,65" ten="298,225,235,242" oya="0" hai0="119,57,117,55,17,97,123,68,86,46,96,78,104" hai1="39,71,116,34,9,58,18,4,74,62,37,10,56" hai2="31,29,108,12,38,54,43,121,133,110,89,77,32" hai3="83,101,113,85,41,0,91,27,15,5,92,59,98"/><T30/><D68/><U63/><E74/><V21/><F77/><W40/><G113/><T70/><D70/><U107/><E34/><V80/><F121/><W14/><G0/><T1/><D1/><U72/><E72/><V73/><F54/><W106/><G27/><T128/><D123/><U23/><E107/><V132/><F43/><N who="3" m="16459" /><G106/><T81/><D30/><U42/><E116/><V135/><F38/><W124/><G124/><T125/><D125/><U134/><E4/><V93/><F32/><W122/><G122/><T87/><D104/><U82/><E82/><V76/><F12/><N who="3" m="4651" /><G59/><T90/><D128/><U114/><E114/><V47/><F47/><W16/><G16/><T26/><D46/><U131/><E18/><V109/><REACH who="2" step="1"/><F21/><REACH who="2" ten="298,225,225,242" step="2"/><W100/><G5/><T19/><D119/><U6/><E23/><V35/><F35/><W28/><G28/><T126/><D117/><U88/><E6/><V60/><F60/><W13/><G13/><T7/><D126/><U84/><E39/><V50/><F50/><W49/><G49/><N who="0" m="30959" /><D26/><U2/><E37/><V61/><F61/><W129/><G129/><T44/><D44/><U95/><E131/><V75/><F75/><W79/><AGARI ba="0,1" hai="79,83,85,91,92,98,100,101" m="4651,16459" machi="79" ten="30,1100,0" yaku="8,1" doraHai="65" who="3" fromWho="3" sc="298,-5,225,-3,225,-3,242,21" /><INIT seed="9,0,0,3,4,42" ten="293,222,222,263" oya="1" hai0="9,116,118,99,78,83,32,38,81,114,86,72,63" hai1="75,11,39,69,88,80,33,50,20,43,0,120,104" hai2="122,18,36,105,1,34,107,54,25,127,23,110,90" hai3="61,97,117,8,82,53,15,124,7,57,121,134,55"/><U73/><E120/><V51/><F122/><W76/><G121/><T2/><D32/><U119/><E33/><V123/><F123/><W49/><G124/><T93/><D114/><U29/><E119/><V126/><F36/><W135/><G117/><T84/><D38/><U115/><E104/><V56/><F1/><W17/><G97/><T102/><D63/><U100/><E100/><V95/><F110/><W108/><G108/><T6/><REACH who="0" step="1"/><D72/><REACH who="0" ten="283,222,222,263" step="2"/><U58/><E39/><V87/><REACH who="2" step="1"/><F34/><REACH who="2" ten="283,222,212,263" step="2"/><W28/><G135/><T46/><D46/><U89/><E115/><V111/><F111/><W35/><G134/><T52/><D52/><U130/><E43/><V10/><F10/><W106/><G35/><T109/><D109/><U79/><E11/><V48/><F48/><W64/><G53/><T67/><D67/><U85/><E50/><V60/><F60/><W14/><G64/><T112/><D112/><U94/><E73/><V129/><F129/><W68/><G61/><T59/><D59/><U65/><E58/><V133/><F133/><W13/><G49/><T103/><D103/><U71/><E130/><V70/><F70/><W74/><G68/><T26/><D26/><N who="1" m="16583" /><E65/><V125/><AGARI ba="0,2" hai="18,23,25,51,54,56,87,90,95,105,107,125,126,127" machi="125" ten="30,7900,0" yaku="1,1,0,1,18,1,53,1" doraHai="42" doraHaiUra="21" who="2" fromWho="2" sc="283,-20,222,-39,212,99,263,-20" owari="263,6.0,183,-32.0,311,42.0,243,-16.0" /></mjloggm>