<mjloggm ver="2.3"><GO type="41" lobby="0"/><UN n0="%E2%93%9D%53%75%70%68%78" n1="%74%74%61%61%72%72%72" n2="%E8%8C%9C%E3%81%A1%E3%82%83%E3%82%93%E3%82%84%E3%81%A7" n3="%4B%69%63%68%69%72%6F" dan="18,14,15,14" rate="2103.33,1999.94,2046.26,1915.60" sx="M,M,F,M"/><TAIKYOKU oya="0"/><INIT seed="0,0,0,2,3,18" ten="250,250,250,250" oya="0" hai0="12,54,29,102,14,58,62,4,75,36,110,132,44" hai1="82,45,27,106,118,16,59,103,67,98,30,78,124" hai2="10,5,57,40,79,9,63,105,115,24,100,77,113" hai3="94,53,2,127,104,3,20,85,99,116,41,32,114"/><T31/><D75/><U81/><E118/><V39/><F115/><W64/><G114/><T8/><D132/><U73/><E124/><V88/><F105/><W26/><G32/><T49/><D36/><U21/><E45/><V84/><F100/><W86/><G127/><T7/><D110/><U34/><E82/><V93/><F113/><W123/><G41/><T61/><D102/><U133/><E133/><V101/><F101/><W35/><G35/><T80/><D80/><U121/><E121/><V135/><F135/><W122/><G104/><T13/><D62/><U87/><E59/><V111/><F111/><W55/><G64/><T96/><D96/><U60/><E60/><V70/><F70/><W46/><G46/><T22/><D7/><U90/><E67/><V28/><F40/><W107/><G107/><T129/><D129/><U112/><E112/><V92/><F92/><W95/><G99/><T117/><D117/><U1/><E1/><V108/><F39/><W38/><G38/><T119/><D119/><U52/><E52/><N who="2" m="34215" /><F108/><W42/><G42/><T6/><D6/><U89/><REACH who="1" step="1"/><E73/><REACH who="1" ten="250,240,250,250" step="2"/><V56/><F56/><W126/><G126/><T37/><D37/><U15/><AGARI ba="0,1" hai="15,16,21,27,30,34,78,81,87,89,90,98,103,106" machi="15" ten="20,12000,2" yaku="1,1,2,1,0,1,7,1,52,1,54,1,53,0" doraHai="18" doraHaiUra="65" who="1" fromWho="1" sc="250,-60,240,130,250,-30,250,-30" /><INIT seed="1,0,0,0,0,134" ten="190,370,220,220" oya="1" hai0="80,111,84,18,63,112,126,67,78,22,92,10,15" hai1="30,88,129,121,70,83,130,69,124,131,27,74,45" hai2="41,60,117,58,9,119,55,89,77,51,8,0,107" hai3="132,59,100,104,57,128,85,11,3,72,20,23,38"/><U81/><E121/><V61/><F107/><W116/><G72/><T68/><D111/><U109/><E109/><V44/><F77/><W106/><G132/><T96/><D112/><U86/><E45/><V19/><F8/><W17/><G38/><T101/><REACH who="0" step="1"/><D22/><REACH who="0" ten="180,370,220,220" step="2"/><U73/><E129/><V71/><F119/><W95/><G23/><T40/><D40/><U127/><E130/><V52/><F117/><W98/><G128/><T65/><D65/><U6/><E131/><V24/><F41/><W47/><G116/><T2/><D2/><U91/><E74/><V122/><F0/><W82/><G3/><T21/><D21/><U48/><E73/><V1/><F1/><W42/><G20/><T37/><D37/><U113/><E113/><V115/><F115/><W66/><G66/><T90/><D90/><U108/><E108/><V49/><F89/><W34/><G34/><T94/><D94/><U118/><E118/><V26/><F26/><W29/><G106/><T125/><AGARI ba="0,1" hai="10,15,18,63,67,68,78,80,84,92,96,101,125,126" machi="125" ten="30,8000,1" yaku="1,1,0,1,52,2,53,1" doraHai="134" doraHaiUra="97" who="0" fromWho="0" sc="180,90,370,-40,220,-20,220,-20" /><INIT seed="2,0,0,2,4,23" ten="270,330,200,200" oya="2" hai0="79,106,75,11,89,127,21,70,42,115,87,94,27" hai1="83,77,45,86,129,24,48,34,65,56,124,10,69" hai2="1,105,5,58,104,96,20,54,119,122,53,44,12" hai3="114,72,40,66,110,29,4,84,97,80,113,26,35"/><V14/><F122/><W93/><G72/><T67/><D115/><U6/><E129/><V112/><F112/><W128/><G128/><T43/><D106/><U59/><E124/><V55/><F119/><W78/><G4/><T134/><D134/><U62/><E34/><V25/><F44/><W91/><G110/><T85/><D75/><N who="1" m="43455" /><E48/><V102/><F105/><W60/><REACH who="3" step="1"/><G40/><REACH who="3" ten="270,330,200,190" step="2"/><T2/><D43/><U47/><E6/><V81/><F5/><W82/><G82/><T73/><D42/><U49/><E47/><V101/><F1/><W51/><G51/><T108/><D73/><U0/><E49/><V126/><F126/><W19/><G19/><T116/><D108/><U18/><E18/><V9/><F81/><W37/><G37/><T41/><D41/><U111/><E0/><V121/><F121/><W36/><G36/><T7/><D127/><U15/><E45/><V90/><F58/><AGARI ba="0,1" hai="26,29,35,58,60,66,78,80,84,91,93,97,113,114" machi="58" ten="40,2600,0" yaku="1,1,52,1,53,0" doraHai="23" doraHaiUra="100" who="3" fromWho="2" sc="270,0,330,0,200,-26,190,36" /><INIT seed="3,0,0,2,0,43" ten="270,330,174,226" oya="3" hai0="50,124,24,66,100,126,108,127,90,51,13,130,26" hai1="31,96,37,30,70,12,102,128,83,76,67,34,73" hai2="53,56,6,132,62,115,131,29,19,81,121,15,23" hai3="71,117,119,0,47,111,28,88,16,68,129,123,45"/><W64/><G28/><T91/><D108/><U69/><E30/><V113/><F131/><W4/><G123/><T72/><D130/><U85/><E85/><V116/><F116/><W93/><G4/><T55/><D72/><U125/><E12/><V109/><F109/><W79/><G0/><T86/><D66/><U101/><E101/><V65/><F132/><W39/><G39/><T8/><D100/><U75/><E75/><V3/><F121/><W105/><G105/><T18/><D51/><U59/><E59/><V122/><F122/><W99/><G111/><T135/><D91/><U120/><E125/><V38/><F38/><W80/><G129/><T118/><D118/><U60/><E128/><V74/><F65/><W14/><G117/><T20/><D135/><U107/><E120/><V52/><F53/><W46/><G64/><T89/><D89/><U57/><E37/><V11/><REACH who="2" step="1"/><F29/><REACH who="2" ten="270,330,164,226" step="2"/><W106/><G119/><T44/><REACH who="0" step="1"/><D20/><REACH who="0" ten="260,330,164,226" step="2"/><U22/><E22/><V33/><F33/><W110/><G110/><T48/><D48/><U49/><E49/><V61/><F61/><W82/><G106/><T27/><D27/><U25/><AGARI ba="0,2" hai="25,31,34,57,60,67,69,70,73,76,83,96,102,107" machi="25" ten="30,1100,0" yaku="0,1" doraHai="43" who="1" fromWho="1" sc="260,-3,330,31,164,-3,226,-5" /><INIT seed="4,0,0,1,3,113" ten="257,361,161,221" oya="0" hai0="135,105,134,40,74,110,112,39,87,54,6,32,101" hai1="41,51,2,68,24,52,38,8,27,81,7,49,124" hai2="100,29,5,89,70,80,98,92,30,82,18,88,9" hai3="104,131,34,60,23,16,93,65,99,115,122,22,13"/><T62/><D112/><U130/><E68/><V55/><F70/><W123/><G34/><T77/><D87/><U69/><E69/><V108/><F108/><W47/><G131/><T42/><D32/><U107/><E107/><V95/><F18/><W94/><G47/><T14/><D77/><U73/><E51/><V67/><F67/><W125/><G125/><T85/><D85/><U79/><E130/><V106/><F55/><W86/><G23/><T48/><D74/><U117/><E117/><V58/><F58/><N who="3" m="37015" /><G86/><T3/><D42/><U44/><E124/><V128/><F128/><W129/><G115/><T25/><D40/><U4/><E4/><V72/><F106/><W114/><G114/><T121/><D6/><U90/><E90/><V132/><F132/><W126/><G126/><T56/><D135/><U66/><E66/><V19/><F19/><W11/><G11/><T35/><D35/><U12/><E12/><V75/><F5/><W116/><G116/><T97/><D14/><U0/><E0/><V59/><F59/><AGARI ba="0,0" hai="2,7,8,24,27,38,41,44,49,52,59,73,79,81" machi="59" ten="30,7700,0" yaku="7,1,25,2,54,1" doraHai="113" who="1" fromWho="2" sc="257,0,361,77,161,-77,221,0" /><INIT seed="5,0,0,3,3,134" ten="257,438,84,221" oya="1" hai0="80,51,108,90,100,14,123,113,34,17,65,64,46" hai1="133,9,79,53,124,74,96,70,11,83,125,107,16" hai2="55,109,75,26,71,6,45,2,10,69,12,87,24" hai3="36,120,42,127,129,128,35,63,95,67,86,40,19"/><U0/><E70/><V132/><F109/><W118/><G35/><T61/><D34/><U111/><E53/><V99/><F75/><W48/><G120/><T41/><D113/><U22/><E133/><V93/><F132/><W20/><G48/><T81/><D100/><U3/><E111/><V77/><F2/><W121/><G36/><T4/><D4/><U32/><E32/><V130/><F130/><W92/><G121/><T56/><D123/><U31/><E31/><V27/><F87/><W89/><G95/><T101/><D101/><U84/><E74/><V7/><F77/><W117/><G42/><T38/><D65/><U5/><E96/><V62/><F6/><W33/><G40/><T43/><D108/><U122/><E107/><V116/><F116/><N who="3" m="44651" /><G33/><T60/><D60/><U110/><E110/><V126/><F69/><N who="3" m="42239" /><G127/><N who="1" m="48714" /><E122/><V78/><F126/><W119/><N who="3" m="44659" /><W97/><DORA hai="39" /><G97/><T54/><D38/><U115/><E115/><V57/><F71/><W50/><G50/><T102/><D102/><U72/><E72/><V18/><F45/><W73/><G73/><T82/><D90/><U114/><E114/><V135/><F78/><W30/><G30/><T76/><D76/><U15/><E0/><V49/><F135/><W105/><G105/><T28/><D28/><U58/><E58/><V68/><F68/><W91/><G91/><T66/><D66/><U103/><E103/><N who="2" m="60911" /><F62/><W106/><G106/><T29/><D29/><U37/><E37/><V112/><F112/><W94/><G94/><T47/><D47/><U23/><AGARI ba="0,0" hai="3,5,9,11,15,16,22,23,79,83,84" m="48714" machi="23" ten="30,12000,1" yaku="18,1,52,3,54,1" doraHai="134,39" who="1" fromWho="1" sc="257,-40,438,120,84,-40,221,-40" /><INIT seed="5,1,0,5,1,82" ten="217,558,44,181" oya="1" hai0="87,104,28,32,96,76,122,16,90,52,56,22,121" hai1="10,34,85,67,35,135,40,66,46,114,95,24,0" hai2="126,81,30,74,51,23,25,75,105,113,79,103,4" hai3="11,58,48,53,63,8,88,108,60,130,19,91,29"/><U21/><E114/><V77/><F126/><W127/><G127/><T71/><D71/><U39/><E135/><V89/><F113/><W1/><G108/><T120/><D76/><U20/><E20/><V101/><F4/><W64/><G29/><T61/><D32/><U123/><E34/><V102/><F51/><W125/><G130/><T129/><D28/><U65/><E35/><V92/><F77/><W99/><G63/><T37/><D37/><U9/><E0/><V110/><F74/><W15/><G99/><T3/><D3/><U36/><E36/><V59/><F59/><W119/><G119/><T13/><D129/><U133/><E133/><V83/><F83/><W62/><G62/><T31/><D31/><U124/><E123/><V131/><F131/><W128/><G125/><T86/><D90/><U42/><E42/><V115/><F115/><W44/><G128/><T116/><REACH who="0" step="1"/><D116/><REACH who="0" ten="207,558,44,181" step="2"/><U109/><E39/><V100/><F110/><W12/><REACH who="3" step="1"/><G1/><REACH who="3" ten="207,558,44,171" step="2"/><T49/><D49/><U73/><E124/><V111/><F111/><W27/><G27/><T117/><D117/><U38/><E24/><V17/><F30/><W118/><G118/><T5/><D5/><AGARI ba="1,2" hai="5,8,11,12,15,19,44,48,53,58,60,64,88,91" machi="5" ten="30,7700,0" yaku="1,1,7,1,8,1,54,1,53,0" doraHai="82" doraHaiUra="68" who="3" fromWho="0" sc="207,-80,558,0,44,0,171,100" /><INIT seed="6,0,0,4,4,102" ten="127,558,44,271" oya="2" hai0="14,21,99,118,104,13,78,120,112,127,77,43,79" hai1="98,62,126,113,53,17,73,8,38,72,88,66,124" hai2="9,57,0,28,44,128,25,121,61,54,65,47,64" hai3="75,33,91,20,39,50,86,115,83,36,94,71,29"/><V60/><F128/><W51/><G33/><T23/><D120/><U7/><E17/><V103/><F121/><W132/><G71/><T122/><D122/><U116/><E53/><V97/><F0/><W4/><G4/><T16/><D112/><U11/><E11/><V31/><F9/><W96/><G132/><T111/><D111/><U46/><E46/><V10/><F10/><W109/><G75/><T84/><D127/><U89/><E38/><V125/><F31/><W59/><G109/><T48/><D118/><U32/><E32/><V49/><F125/><W93/><G93/><T105/><D99/><U37/><E37/><V41/><F44/><W68/><G68/><T110/><D110/><U135/><E98/><V45/><F45/><W82/><G82/><T35/><D35/><U26/><E26/><V100/><F60/><W56/><G115/><T5/><D5/><U133/><E8/><V76/><F76/><W30/><G39/><T114/><D114/><U101/><E7/><V92/><REACH who="2" step="1"/><F100/><REACH who="2" ten="127,558,34,271" step="2"/><N who="3" m="60439" /><G30/><T108/><D108/><U87/><E101/><V117/><F117/><W19/><G29/><T6/><D6/><U1/><E1/><V55/><F55/><W85/><G36/><T12/><D16/><U42/><E116/><V131/><F131/><W63/><G63/><T81/><D79/><U80/><E124/><V27/><F27/><W15/><G51/><T18/><D78/><U34/><E126/><V69/><F69/><W95/><G50/><T2/><D2/><U58/><E113/><V90/><F90/><AGARI ba="0,1" hai="15,19,20,56,59,83,85,86,90,91,95" m="60439" machi="90" ten="30,1000,0" yaku="8,1" doraHai="102" who="3" fromWho="2" sc="127,0,558,0,34,-10,271,20" /><INIT seed="7,0,0,5,4,72" ten="127,558,24,291" oya="3" hai0="30,117,19,12,115,80,91,110,107,125,36,60,70" hai1="127,21,111,88,135,55,22,113,3,54,128,78,11" hai2="81,119,59,124,123,87,120,27,74,6,37,77,25" hai3="10,93,116,69,86,31,105,57,52,1,40,106,32"/><W97/><G116/><T73/><D110/><U51/><E111/><V20/><F37/><W24/><G69/><T68/><D107/><U42/><E78/><V96/><F6/><W126/><G40/><T9/><D125/><U61/><E88/><V122/><F59/><W65/><G65/><T41/><D30/><U114/><E127/><V33/><F124/><W29/><G29/><T23/><D115/><U76/><E76/><V134/><F134/><W48/><G86/><T103/><D103/><U130/><E42/><V43/><F43/><W101/><G126/><T94/><D117/><U66/><E11/><V47/><F47/><W58/><G58/><T75/><D70/><U4/><E4/><V129/><F119/><W45/><G45/><T2/><D75/><U121/><E3/><V102/><F33/><W131/><G131/><N who="1" m="50218" /><E135/><V100/><F129/><W99/><G10/><T104/><D73/><U35/><E35/><V18/><F27/><W82/><G82/><T98/><D80/><U8/><E8/><V0/><F0/><W44/><G44/><T14/><D2/><U67/><E55/><V38/><F38/><W133/><G133/><T39/><D41/><U50/><E50/><V28/><F74/><W95/><G1/><T79/><D39/><U85/><E85/><V15/><REACH who="2" step="1"/><F96/><REACH who="2" ten="127,558,14,291" step="2"/><W34/><G34/><T62/><D98/><U71/><E67/><V63/><F63/><W109/><G109/><T112/><D62/><U26/><E61/><V46/><F46/><W7/><G7/><T17/><D60/><U89/><E66/><V90/><F90/><RYUUKYOKU ba="0,1" sc="127,-15,558,-15,14,15,291,15" hai2="15,18,20,25,28,77,81,87,100,102,120,122,123" hai3="24,31,32,48,52,57,93,95,97,99,101,105,106" /><INIT seed="7,1,1,2,0,125" ten="112,543,29,306" oya="3" hai0="33,110,83,4,90,129,62,84,56,45,54,21,115" hai1="99,73,22,98,57,81,100,29,106,64,1,135,46" hai2="5,25,23,35,63,77,103,50,121,120,39,42,132" hai3="36,13,91,37,32,134,18,85,28,43,112,109,74"/><W133/><G74/><T51/><D110/><U31/><E1/><V52/><F103/><W41/><G28/><T76/><D33/><U101/><E46/><N who="2" m="23903" /><F77/><W124/><G32/><T113/><D4/><U27/><E135/><V8/><F23/><W66/><G66/><T12/><D129/><U108/><E108/><V119/><F25/><W107/><G124/><T127/><D127/><U34/><E81/><V68/><F8/><W26/><G26/><T14/><D76/><U97/><E73/><V82/><F82/><W114/><G107/><T16/><D14/><U2/><E2/><V0/><F5/><W17/><G109/><T123/><D123/><N who="2" m="47178" /><F0/><W78/><G78/><T102/><D102/><U15/><E15/><V20/><F20/><W116/><G85/><T92/><D83/><U58/><E97/><V80/><F80/><W122/><G91/><T128/><D128/><U11/><E11/><V65/><F35/><W49/><G13/><T79/><D79/><U67/><E67/><V48/><F132/><W96/><G96/><T87/><D87/><U44/><E44/><N who="2" m="27655" /><F50/><W60/><G49/><T69/><D45/><U6/><E58/><V30/><F30/><W75/><G75/><T111/><D111/><U19/><E6/><V3/><F3/><W130/><G60/><T55/><D51/><U95/><E34/><V9/><F9/><W86/><G86/><T94/><D84/><U93/><E106/><V126/><F126/><W105/><G122/><T47/><D47/><U40/><E40/><V61/><F63/><AGARI ba="1,1" hai="19,22,27,29,31,57,63,64,93,95,98,99,100,101" machi="63" ten="40,2600,0" yaku="9,1,8,1" doraHai="125" who="1" fromWho="2" sc="112,0,543,39,29,-29,306,0" owari="112,-29.0,582,68.0,0,-50.0,306,11.0" /></mjloggm>