<mjloggm ver="2.3"><GO type="41" lobby="0"/><UN n0="%E3%81%9F%E3%82%93%E3%81%9F%E3%81%9F%E3%82%93" n1="%E3%82%A6%E3%82%A4%E3%83%B3%E3%83%89%E3%83%A9%E3%83%B3%E3%83%8A%E3%83%BC" n2="%E2%93%9D%53%75%70%68%78" n3="%E3%81%9F%E3%81%9F%E3%81%8B%E3%81%86%E4%B8%AD%E5%8D%92" dan="15,13,17,15" rate="2009.33,1928.78,2082.27,2015.45" sx="M,M,M,M"/><TAIKYOKU oya="0"/><INIT seed="0,0,0,0,2,118" ten="250,250,250,250" oya="0" hai0="133,91,102,5,8,117,131,44,130,135,113,10,1" hai1="51,78,52,134,32,60,125,83,30,87,104,14,49" hai2="54,79,25,34,9,4,127,0,98,105,19,45,20" hai3="109,63,114,13,76,85,58,110,82,18,108,97,132"/><T6/><D102/><U92/><E104/><V38/><F127/><W128/><G128/><N who="0" m="49195" /><D91/><U36/><E125/><V70/><F70/><W35/><G35/><T48/><D48/><U80/><E36/><V112/><F112/><W29/><G29/><T42/><D44/><U88/><E134/><N who="0" m="51209" /><D42/><U53/><E14/><V61/><F38/><W50/><G50/><T26/><D117/><U106/><E106/><V39/><F39/><W62/><G132/><T46/><D46/><U94/><E60/><V86/><F45/><W11/><G114/><T33/><D113/><U68/><E68/><V15/><F105/><W73/><G97/><T123/><D123/><U37/><E37/><V67/><F98/><W121/><G121/><T74/><D74/><U28/><E32/><V17/><F34/><W71/><G71/><T122/><D122/><U16/><E78/><V31/><F79/><W21/><G73/><T43/><D43/><U93/><E93/><V111/><F86/><W24/><G58/><T107/><D107/><U126/><E126/><V103/><F103/><W120/><G120/><T65/><D65/><U57/><E87/><V59/><F67/><W89/><G76/><T84/><D84/><U66/><E66/><V64/><F64/><W116/><G116/><T41/><D41/><U101/><E101/><V12/><F59/><W40/><G40/><T55/><D55/><U47/><E47/><V129/><F54/><W3/><G63/><T27/><D33/><U7/><E88/><V115/><F129/><W119/><G62/><T77/><D77/><U100/><E100/><RYUUKYOKU ba="0,0" sc="250,30,250,-10,250,-10,250,-10" hai0="1,5,6,8,10,26,27" /><INIT seed="0,1,0,4,3,123" ten="280,240,240,240" oya="0" hai0="62,65,35,73,74,12,51,67,63,131,17,107,40" hai1="29,4,43,99,121,57,6,113,109,22,115,69,3" hai2="76,105,126,110,58,55,125,75,59,20,101,37,98" hai3="117,108,26,61,23,96,85,89,1,11,25,79,54"/><T100/><D35/><U50/><E121/><V130/><F37/><W19/><G117/><T16/><D131/><U91/><E69/><V104/><F130/><W118/><G118/><T90/><D100/><U111/><E99/><V124/><F105/><W10/><G1/><T36/><D107/><U21/><E91/><V14/><F55/><W83/><G26/><T119/><D36/><U7/><E3/><V42/><F42/><W39/><G39/><T45/><D119/><U133/><E133/><V77/><F110/><N who="1" m="41993" /><E57/><N who="2" m="21515" /><F75/><W56/><REACH who="3" step="1"/><G108/><REACH who="3" ten="280,240,240,230" step="2"/><T15/><D12/><U53/><E29/><V97/><F126/><W8/><G8/><T66/><D15/><U13/><E13/><V78/><F125/><W38/><G38/><T84/><D67/><U46/><E43/><V30/><F124/><W106/><G106/><T60/><D66/><U103/><E103/><V88/><F104/><W87/><G87/><T2/><D65/><U44/><E44/><V82/><F101/><W18/><G18/><T92/><REACH who="0" step="1"/><D2/><REACH who="0" ten="270,240,240,230" step="2"/><U81/><E115/><V41/><F14/><W127/><G127/><T86/><D86/><U34/><E113/><V28/><F98/><W32/><G32/><T24/><D24/><U27/><E27/><V52/><F97/><W129/><G129/><T31/><D31/><U48/><E34/><V0/><F30/><W5/><G5/><T80/><D80/><U128/><E81/><V135/><F82/><W71/><G71/><T47/><D47/><N who="1" m="27871" /><E128/><V120/><F0/><W70/><G70/><T132/><D132/><U72/><E72/><AGARI ba="1,2" hai="16,17,40,45,51,60,62,63,72,73,74,84,90,92" machi="72" ten="40,3900,0" yaku="1,1,54,1,53,0" doraHai="123" doraHaiUra="95" who="0" fromWho="1" sc="270,62,240,-42,240,0,230,0" /><INIT seed="0,2,0,5,4,99" ten="332,198,240,230" oya="0" hai0="113,36,66,47,111,37,45,70,19,58,95,51,76" hai1="14,30,77,123,35,108,16,129,64,78,119,57,97" hai2="80,116,134,44,75,88,90,18,107,87,0,55,25" hai3="94,71,53,98,32,49,33,4,24,104,12,62,86"/><T109/><D76/><U39/><E123/><V7/><F134/><W20/><G104/><T29/><D29/><U67/><E39/><N who="0" m="14921" /><D95/><U38/><E38/><V69/><F69/><W135/><G135/><T21/><D21/><U89/><E119/><V132/><F75/><W105/><G105/><T101/><D19/><U120/><E120/><V22/><F116/><W112/><G32/><T124/><D101/><U41/><E41/><V68/><F68/><W83/><G33/><T10/><D10/><U96/><E129/><V91/><F107/><W26/><G112/><T73/><D73/><U13/><E108/><N who="0" m="41545" /><D113/><U17/><E35/><V82/><F132/><W106/><G106/><T125/><D70/><U103/><E89/><V23/><F23/><W48/><G71/><T85/><D85/><U110/><E110/><V11/><F80/><W63/><G4/><T42/><D45/><U60/><E57/><V9/><F9/><W118/><G118/><T43/><D42/><U34/><E34/><V56/><REACH who="2" step="1"/><F44/><REACH who="2" ten="332,198,230,230" step="2"/><W122/><G83/><T46/><D46/><U127/><E30/><V114/><F114/><W72/><G20/><T131/><D131/><U59/><E59/><V121/><F121/><W84/><G72/><T8/><D8/><U81/><E81/><V117/><F117/><W115/><G115/><T102/><D102/><U74/><E74/><V6/><F6/><W79/><G122/><T27/><D27/><U5/><E5/><V130/><F130/><W1/><G24/><T61/><AGARI ba="2,1" hai="43,47,51,58,61,66,124,125" m="41545,14921" machi="61" ten="40,12000,1" yaku="14,1,10,1,34,2" doraHai="99" who="0" fromWho="0" sc="332,136,198,-42,230,-42,230,-42" /><INIT seed="0,3,0,4,5,75" ten="468,156,188,188" oya="0" hai0="43,34,37,119,36,11,50,44,134,29,84,23,55" hai1="126,19,104,52,133,76,9,72,115,100,125,8,118" hai2="65,61,38,110,3,31,59,83,74,124,22,16,70" hai3="128,67,1,63,130,129,27,114,87,30,82,79,24"/><T93/><D119/><U101/><E115/><V68/><F110/><W32/><G1/><T120/><D120/><U58/><E118/><V47/><F124/><N who="1" m="47721" /><E133/><V64/><F31/><W85/><G27/><T40/><D34/><U127/><N who="1" m="47729" /><U41/><DORA hai="66" /><E41/><V94/><F3/><W132/><G132/><T123/><D123/><U69/><E69/><V97/><F65/><W39/><G39/><T106/><D106/><U35/><E35/><V96/><F96/><W86/><REACH who="3" step="1"/><G114/><REACH who="3" ten="468,156,188,178" step="2"/><T14/><D134/><U0/><E0/><V111/><F38/><W80/><G80/><T121/><D37/><U91/><E104/><V62/><F83/><W103/><G103/><N who="1" m="39498" /><E91/><V46/><F111/><W26/><G26/><T116/><D36/><U7/><E19/><V81/><F16/><W25/><G25/><T4/><D121/><U15/><E8/><V5/><F81/><W54/><G54/><T49/><D116/><U117/><E117/><V18/><F18/><W12/><G12/><T20/><D29/><U6/><E6/><V135/><F5/><W113/><G113/><T112/><D112/><U88/><E88/><V60/><F135/><W89/><G89/><N who="0" m="53415" /><D43/><U109/><E109/><V78/><F64/><W107/><G107/><T90/><D90/><U17/><E7/><V98/><F94/><W73/><G73/><T10/><D11/><U71/><E71/><AGARI ba="3,1" hai="24,30,32,63,67,71,79,82,85,86,87,128,129,130" machi="71" ten="40,8000,1" yaku="1,1,19,1,52,2,53,0" doraHai="75,66" doraHaiUra="122,131" who="3" fromWho="1" sc="468,0,156,-89,188,0,178,99" /><INIT seed="1,0,0,4,3,103" ten="468,67,188,277" oya="1" hai0="74,88,70,50,42,33,22,114,9,54,67,47,43" hai1="10,15,118,58,65,57,82,56,27,108,59,14,79" hai2="18,83,60,26,89,62,73,77,129,8,81,84,99" hai3="35,66,39,101,98,117,2,68,7,78,91,102,75"/><U64/><N who="1" m="14336" /><DORA hai="69" /><U110/><E118/><V111/><F129/><W48/><G91/><T125/><D33/><U12/><E27/><V112/><F111/><N who="1" m="42537" /><E10/><V115/><F99/><W4/><G48/><T80/><D9/><U55/><E55/><V36/><F36/><W133/><G7/><T121/><D114/><N who="2" m="43562" /><F26/><W92/><G133/><T17/><D70/><U28/><E28/><V30/><F30/><W31/><G101/><T116/><D67/><N who="1" m="25675" /><E79/><V25/><F25/><W93/><G66/><T24/><D54/><U49/><E49/><V87/><F73/><W130/><G31/><T126/><D116/><U23/><E82/><V13/><AGARI ba="0,0" hai="8,13,18,60,62,77,81,83,84,87,89" m="43562" machi="13" ten="30,1100,0" yaku="11,1" doraHai="103,69" who="2" fromWho="2" sc="468,-3,67,-5,188,11,277,-3" /><INIT seed="2,0,0,4,4,32" ten="465,62,199,274" oya="2" hai0="74,126,55,17,30,35,129,121,51,118,27,8,114" hai1="18,134,3,89,62,5,20,91,65,47,115,54,117" hai2="64,102,96,81,48,98,111,101,39,1,93,69,38" hai3="13,9,52,83,68,131,113,130,29,73,124,132,110"/><V112/><F112/><W80/><G110/><T26/><D121/><U71/><E117/><V109/><F48/><W23/><G113/><T25/><D74/><U90/><E115/><V120/><F120/><W36/><G36/><T97/><D114/><U85/><E134/><V108/><F81/><W41/><G41/><T119/><D97/><U4/><E47/><V82/><F82/><W0/><G68/><T10/><D129/><N who="3" m="49161" /><G73/><T66/><D66/><U79/><E54/><V84/><F84/><W7/><G132/><T15/><D126/><U19/><E20/><V21/><F21/><W95/><G124/><T53/><D53/><U28/><E28/><V40/><F40/><W16/><G95/><T31/><D8/><U75/><E75/><V6/><F64/><W24/><G52/><T105/><D105/><U92/><E79/><V77/><F69/><W44/><G44/><T46/><D27/><U63/><E63/><V103/><F77/><W42/><G42/><T99/><D99/><N who="2" m="37930" /><F93/><W76/><G76/><T125/><D125/><U2/><E92/><V133/><F133/><W60/><G60/><T57/><D46/><U104/><E104/><V33/><F33/><AGARI ba="0,0" hai="0,7,9,13,16,23,24,29,33,80,83" m="49161" machi="33" ten="30,7700,0" yaku="24,1,19,1,52,1,54,1" doraHai="32" who="3" fromWho="2" sc="465,0,62,0,199,-77,274,77" /><AGARI ba="0,0" hai="10,15,17,25,26,30,31,33,35,51,55,57,118,119" machi="33" ten="40,1300,0" yaku="9,1" doraHai="32" who="0" fromWho="2" sc="465,13,62,0,122,-13,351,0" /><INIT seed="3,0,0,1,2,8" ten="478,62,109,351" oya="3" hai0="120,2,41,110,50,93,27,32,78,94,69,55,44" hai1="111,62,51,82,118,132,18,108,101,77,49,75,130" hai2="14,11,80,109,40,21,10,5,76,79,86,85,48" hai3="90,61,6,1,65,121,123,47,59,0,42,64,102"/><W39/><G102/><T28/><D110/><N who="1" m="42027" /><E118/><V22/><F109/><W45/><G45/><T24/><D120/><U112/><E112/><V81/><F11/><W52/><G90/><T4/><D69/><U60/><E101/><V115/><F115/><W58/><G6/><T7/><D78/><U25/><E130/><V96/><F96/><W17/><G17/><T56/><D24/><U53/><E132/><V124/><F124/><W113/><G113/><T66/><D66/><U12/><E25/><V98/><F98/><W13/><G13/><T20/><D32/><U104/><E104/><V15/><F15/><W134/><G134/><T119/><D119/><U67/><E53/><V16/><F5/><N who="0" m="2122" /><D2/><U127/><E127/><V70/><F70/><W83/><G83/><T54/><D41/><U46/><E46/><AGARI ba="0,0" hai="10,14,16,21,22,40,46,48,76,79,80,81,85,86" machi="46" ten="40,8000,1" yaku="9,1,8,1,52,1,54,1" doraHai="8" who="2" fromWho="1" sc="478,0,62,-80,109,80,351,0" owari="478,58.0,-18,-52.0,189,-21.0,351,15.0" /></mjloggm>