<mjloggm ver="2.3"><GO type="41" lobby="0"/><UN n0="%E7%B7%B4%E7%BF%92%E5%9E%A2%78%78" n1="%E2%93%9D%53%75%70%68%78" n2="%44%27%73%2D%E3%82%B9%E3%82%BF%E3%82%B8%E3%82%AA" n3="%6B%65%69%6F%74%6B%68%74" dan="14,18,14,13" rate="1947.73,2087.83,1923.01,1849.58" sx="M,M,M,M"/><TAIKYOKU oya="0"/><INIT seed="0,0,0,3,1,17" ten="250,250,250,250" oya="0" hai0="89,106,113,90,30,107,80,0,36,27,57,47,62" hai1="9,111,103,91,118,24,46,20,56,66,93,84,37" hai2="15,130,109,59,26,129,42,85,71,8,44,95,35" hai3="2,135,29,82,6,64,97,123,22,125,28,94,40"/><T120/><D113/><U116/><E111/><V127/><F109/><W73/><G40/><T10/><D120/><U52/><E9/><V12/><F71/><W76/><G123/><T104/><D36/><U58/><E103/><V38/><F127/><W114/><G114/><T14/><D0/><U88/><E66/><V100/><F59/><W78/><G125/><T134/><D47/><U11/><E11/><V16/><F15/><W5/><G135/><T115/><D134/><U96/><E58/><V63/><F63/><W55/><G64/><T74/><D74/><U77/><E77/><V54/><F54/><W1/><G76/><T101/><D101/><U50/><E37/><V60/><F60/><W34/><G34/><T117/><D117/><U13/><E13/><V105/><F105/><W31/><G2/><T4/><D80/><U33/><E33/><V122/><F122/><W51/><G1/><T119/><D119/><U23/><E23/><V61/><F61/><W53/><G22/><T72/><D72/><U65/><E65/><V133/><F133/><W126/><G126/><T99/><D99/><U92/><E56/><V39/><F39/><W41/><G41/><T108/><D115/><U70/><E70/><V21/><F35/><W48/><G97/><T18/><D4/><N who="3" m="1641" /><G94/><T102/><D102/><U49/><E49/><V124/><F124/><W68/><G68/><T45/><D108/><U43/><E43/><V69/><F69/><W67/><G67/><N who="0" m="39375" /><D45/><U87/><E96/><N who="2" m="59423" /><F85/><W132/><G132/><T79/><D79/><U128/><E128/><V121/><F121/><RYUUKYOKU ba="0,0" sc="250,0,250,0,250,0,250,0" hai0="10,14,18,27,30,89,90,104,106,107" hai1="20,24,46,50,52,84,87,88,91,92,93,116,118" hai2="8,12,16,21,26,38,42,44,129,130" hai3="28,29,31,48,51,53,55,73,78,82" /><INIT seed="0,1,0,4,4,114" ten="250,250,250,250" oya="0" hai0="25,126,15,131,11,125,110,40,124,117,32,17,6" hai1="18,66,71,90,130,102,99,35,128,36,37,96,58" hai2="49,41,9,97,129,61,133,112,65,39,123,3,84" hai3="86,10,104,69,107,118,59,93,64,91,12,21,60"/><T56/><D40/><U5/><E58/><V63/><F123/><W20/><G118/><T30/><D56/><U7/><E18/><V74/><F74/><W127/><G127/><T106/><D106/><U92/><E35/><V31/><F112/><W111/><G111/><T2/><D110/><U87/><E66/><V33/><F133/><W101/><G101/><T75/><D75/><U82/><E71/><V70/><F129/><N who="1" m="49769" /><E7/><V53/><F63/><W135/><G135/><T88/><D88/><N who="1" m="51319" /><E5/><V51/><F51/><W47/><G69/><T29/><D131/><U80/><E80/><V122/><F122/><W57/><G57/><T77/><D77/><U105/><AGARI ba="1,0" hai="36,37,90,92,96,99,102,105" m="51319,49769" machi="105" ten="30,2000,0" yaku="19,1,54,1" doraHai="114" who="1" fromWho="1" sc="250,-11,250,23,250,-6,250,-6" /><INIT seed="1,0,0,4,4,50" ten="239,273,244,244" oya="1" hai0="41,133,96,107,43,0,5,106,80,54,76,118,4" hai1="18,99,8,101,14,47,114,115,62,12,22,132,27" hai2="35,42,126,85,55,108,37,119,19,6,116,111,74" hai3="67,52,127,48,124,109,122,17,113,87,40,134,71"/><U31/><E132/><V29/><F74/><W94/><G122/><T11/><D118/><U32/><E47/><V95/><F126/><N who="3" m="48171" /><G113/><T82/><D133/><U81/><E81/><V28/><F6/><W53/><G134/><T129/><D129/><U91/><E91/><V63/><F37/><W104/><G104/><T3/><D82/><U65/><E14/><V117/><F42/><W88/><G109/><T9/><D106/><U110/><E110/><V38/><F38/><W45/><G67/><T78/><D78/><U23/><E115/><V72/><F72/><W84/><G71/><T56/><D96/><U25/><E114/><V26/><F29/><W66/><G66/><T68/><D107/><U30/><E99/><V100/><F19/><W92/><G17/><T51/><REACH who="0" step="1"/><D68/><REACH who="0" ten="229,273,244,244" step="2"/><U70/><REACH who="1" step="1"/><E101/><REACH who="1" ten="229,263,244,244" step="2"/><V90/><F100/><W103/><G103/><T64/><D64/><U97/><E97/><V135/><F135/><W93/><G93/><T1/><D1/><U59/><E59/><V102/><F102/><W10/><G94/><T77/><D77/><U21/><AGARI ba="0,2" hai="8,12,18,21,22,23,25,27,30,31,32,62,65,70" machi="21" ten="20,3900,0" yaku="1,1,0,1,7,1,53,0" doraHai="50" doraHaiUra="131" who="1" fromWho="1" sc="229,-13,263,59,244,-13,244,-13" /><INIT seed="1,1,0,1,4,33" ten="216,322,231,231" oya="1" hai0="90,119,115,96,53,124,78,135,13,49,121,111,31" hai1="63,19,94,77,73,106,114,82,69,103,24,9,127" hai2="86,44,100,87,51,62,2,67,120,46,93,129,131" hai3="47,20,101,85,21,15,8,7,66,117,3,34,17"/><U76/><E114/><V28/><F120/><W84/><G117/><T54/><D115/><U41/><E127/><V27/><F46/><W118/><G118/><T57/><D124/><U91/><E77/><V18/><F18/><W40/><G34/><T83/><D119/><U64/><E41/><V11/><F131/><W110/><G110/><T112/><D111/><U123/><E123/><V42/><F129/><W32/><G32/><T23/><D112/><U71/><E71/><V108/><F108/><W70/><G101/><T29/><D135/><U98/><E9/><V99/><F11/><W38/><G70/><T48/><D13/><U36/><E36/><V58/><REACH who="2" step="1"/><F2/><REACH who="2" ten="216,322,221,231" step="2"/><W14/><G66/><T10/><D10/><U88/><REACH who="1" step="1"/><E106/><REACH who="1" ten="216,312,221,231" step="2"/><V61/><F61/><W113/><G113/><T1/><D121/><U16/><E16/><AGARI ba="1,2" hai="3,7,8,14,15,16,17,20,21,38,40,47,84,85" machi="16" ten="40,5200,0" yaku="9,1,52,1,54,1" doraHai="33" who="3" fromWho="1" sc="216,0,312,-55,221,0,231,75" /><INIT seed="2,0,0,1,1,77" ten="216,257,221,306" oya="2" hai0="53,8,124,22,5,41,116,86,13,93,112,98,23" hai1="127,87,10,133,130,126,122,94,79,21,73,57,103" hai2="129,48,0,37,33,70,128,51,89,35,32,17,43" hai3="58,25,62,82,50,20,14,109,55,65,80,76,75"/><V16/><F0/><W46/><G109/><T63/><D112/><U60/><E10/><V69/><F89/><W92/><G92/><T121/><D121/><U64/><E133/><V120/><F37/><W9/><G76/><T119/><D124/><U114/><E130/><N who="2" m="50283" /><F43/><W97/><G97/><T105/><D41/><U113/><E122/><V104/><F104/><W83/><G75/><T134/><D134/><U40/><E73/><V44/><F44/><W110/><G110/><T131/><D131/><U36/><E79/><V90/><F90/><W135/><G135/><T67/><D53/><U61/><E40/><V34/><F120/><W11/><G14/><T132/><D86/><U54/><E36/><V12/><F35/><W118/><G118/><N who="0" m="45099" /><D105/><U102/><E114/><V99/><F99/><W115/><G115/><T26/><D26/><U91/><E113/><V15/><F15/><W28/><AGARI ba="0,0" hai="9,11,20,25,28,46,50,55,58,62,65,80,82,83" machi="28" ten="30,8000,1" yaku="0,1,8,1,52,3" doraHai="77" who="3" fromWho="3" sc="216,-20,257,-20,221,-40,306,80" /><INIT seed="3,0,0,1,4,64" ten="196,237,181,386" oya="3" hai0="47,44,108,4,21,16,62,67,59,10,76,52,17" hai1="1,35,19,0,80,2,54,27,70,135,103,46,117" hai2="98,22,28,32,43,97,121,93,31,109,3,85,72" hai3="96,118,87,48,107,82,74,6,73,20,58,125,110"/><W105/><G118/><T57/><D108/><U134/><E103/><V77/><F109/><W132/><G132/><N who="1" m="50730" /><E80/><V61/><F121/><W126/><G110/><T79/><D79/><U122/><E54/><V130/><F130/><W83/><G6/><T45/><D76/><U104/><E46/><V65/><F32/><W5/><G5/><T49/><REACH who="0" step="1"/><D21/><REACH who="0" ten="186,237,181,386" step="2"/><U29/><E117/><V114/><F22/><W116/><G20/><T120/><D120/><U66/><E122/><V50/><F77/><W99/><G116/><T13/><AGARI ba="0,1" hai="4,10,13,16,17,44,45,47,49,52,57,59,62,67" machi="13" ten="30,16000,3" yaku="1,1,0,1,8,1,54,2,53,3" doraHai="64" doraHaiUra="40" who="0" fromWho="0" sc="186,170,237,-40,181,-40,386,-80" /><INIT seed="4,0,0,5,2,12" ten="356,197,141,306" oya="0" hai0="5,90,33,64,37,4,17,18,68,123,67,45,16" hai1="36,46,107,43,57,84,10,121,54,44,106,120,69" hai2="80,115,91,101,124,55,31,59,25,9,122,82,113" hai3="7,114,52,51,111,125,116,66,47,60,56,62,30"/><T117/><D117/><U130/><E84/><V112/><F124/><W109/><G7/><N who="0" m="2635" /><D33/><U1/><E10/><V98/><F9/><W133/><G30/><T11/><D68/><U28/><E28/><V50/><F122/><W49/><G116/><T13/><D37/><U14/><E14/><V134/><F91/><W15/><G15/><T99/><D123/><U77/><E77/><V119/><F134/><W118/><G118/><T53/><D99/><U97/><E97/><V85/><F85/><W71/><G133/><T19/><D90/><U103/><E69/><V2/><F2/><W87/><G87/><T72/><D72/><U24/><E1/><V38/><F38/><W3/><G3/><T92/><D92/><U42/><E103/><V78/><F78/><W86/><G86/><T88/><D88/><U96/><E96/><V39/><F39/><W104/><G104/><T48/><AGARI ba="0,0" hai="11,13,16,17,18,19,45,48,53,64,67" m="2635" machi="48" ten="30,18000,2" yaku="8,1,52,4,54,1" doraHai="12" who="0" fromWho="0" sc="356,180,197,-60,141,-60,306,-60" /><INIT seed="4,1,0,3,0,91" ten="536,137,81,246" oya="0" hai0="54,109,131,31,12,8,64,49,28,84,86,35,68" hai1="57,104,106,22,127,87,27,113,14,119,96,62,45" hai2="133,100,71,82,65,17,135,9,61,33,88,72,55" hai3="125,48,101,38,30,126,134,42,92,58,111,15,95"/><T56/><D131/><U118/><E127/><V50/><F33/><W25/><G111/><T4/><D109/><U108/><E108/><V3/><F100/><W83/><G38/><T13/><D35/><U11/><E113/><V20/><F72/><W124/><G101/><T10/><D64/><U90/><E45/><V46/><F3/><W129/><G83/><T128/><D68/><U29/><E96/><V2/><F2/><W105/><G105/><T122/><D122/><U40/><E40/><V79/><F79/><W97/><G97/><T1/><D1/><U121/><E121/><V69/><F69/><W110/><G110/><T81/><D128/><U36/><E36/><V59/><F71/><W21/><G129/><T98/><D98/><U19/><E106/><V103/><F103/><W73/><G73/><T51/><D81/><U130/><E130/><V32/><F32/><W120/><G120/><T102/><D102/><U7/><E104/><V34/><F34/><W78/><G78/><T44/><D31/><U5/><E119/><V0/><F0/><W85/><G85/><T89/><D28/><U41/><E41/><V80/><F80/><W114/><G114/><T6/><REACH who="0" step="1"/><D89/><REACH who="0" ten="526,137,81,246" step="2"/><U37/><E118/><V24/><F88/><W107/><G126/><T116/><D116/><U18/><E29/><V26/><F82/><W74/><G30/><T76/><D76/><U112/><E112/><V53/><F65/><W66/><G66/><T67/><D67/><N who="1" m="39375" /><E37/><V117/><F117/><W75/><G124/><T60/><D60/><U115/><E115/><V70/><F61/><RYUUKYOKU ba="1,1" sc="526,15,137,15,81,-15,246,-15" hai0="4,6,8,10,12,13,44,49,51,54,56,84,86" hai1="5,7,11,14,18,19,22,27,87,90" /><INIT seed="4,2,1,3,4,50" ten="541,152,66,231" oya="0" hai0="58,77,83,17,88,127,70,125,135,93,41,82,63" hai1="57,16,81,66,25,26,28,112,37,51,126,131,12" hai2="42,79,64,96,78,72,87,23,111,76,40,8,110" hai3="62,6,3,121,73,105,98,94,43,92,31,53,114"/><T97/><D70/><U104/><E37/><V108/><F72/><W90/><G73/><T48/><D135/><U123/><E104/><V35/><F35/><W22/><G43/><T56/><D41/><U134/><E131/><V4/><F64/><W116/><G116/><T61/><D17/><U20/><E126/><N who="0" m="48137" /><D77/><U120/><E112/><V49/><F87/><W36/><G36/><T124/><N who="0" m="48145" /><T133/><DORA hai="5" /><D133/><U47/><E134/><V33/><F33/><W68/><G31/><T119/><D119/><U15/><E123/><V7/><F23/><W95/><G6/><T74/><D74/><U29/><E120/><V1/><F7/><W113/><G121/><T55/><D48/><U80/><E29/><V30/><F30/><W11/><G62/><T106/><D106/><U46/><E26/><V67/><F67/><AGARI ba="2,1" hai="55,56,58,61,63,67,82,83,88,93,97" m="48145" machi="67" ten="40,7700,0" yaku="18,1,52,1,54,1" doraHai="50,5" who="0" fromWho="2" sc="541,93,152,0,66,-83,231,0" owari="634,74.0,152,-25.0,-17,-52.0,231,3.0" /></mjloggm>