<mjloggm ver="2.3"><GO type="41" lobby="0"/><UN n0="%EF%BC%A0%E3%82%AD%E3%83%A7%E3%82%A6%E3%82%BF%EF%BC%A0" n1="%E3%82%AA%E3%83%8B%E3%82%A2%E3%82%B5%E3%83%AA" n2="%E6%AF%94%E5%A5%88%E6%A3%AE%E5%A6%99%E5%B7%A7" n3="%E2%93%9D%53%75%70%68%78" dan="14,15,13,18" rate="1921.61,1972.79,1896.30,2082.14" sx="M,M,M,M"/><TAIKYOKU oya="0"/><INIT seed="0,0,0,0,4,0" ten="250,250,250,250" oya="0" hai0="6,32,101,36,11,31,8,129,86,23,124,104,121" hai1="81,115,106,117,54,91,84,46,48,12,108,18,95" hai2="66,61,21,20,85,89,33,83,133,79,63,114,75" hai3="57,96,53,30,98,14,64,19,10,42,70,92,103"/><T77/><D32/><U51/><E117/><V100/><F114/><W68/><G42/><T93/><D121/><U78/><E108/><V94/><F33/><W113/><G113/><T55/><D36/><U41/><E115/><V125/><F125/><W38/><G38/><T50/><D124/><U97/><E106/><V27/><F133/><W69/><G30/><T60/><D129/><U110/><E110/><V105/><F27/><W71/><G71/><T1/><D104/><U49/><REACH who="1" step="1"/><E41/><REACH who="1" ten="250,240,250,250" step="2"/><V90/><F90/><W74/><G74/><T126/><D126/><U132/><E132/><V62/><REACH who="2" step="1"/><F66/><REACH who="2" ten="250,240,240,250" step="2"/><W99/><REACH who="3" step="1"/><G64/><REACH who="3" ten="250,240,240,240" step="2"/><T116/><D116/><U24/><E24/><V102/><F102/><W111/><G111/><T73/><D101/><U131/><E131/><V130/><F130/><W25/><G25/><T56/><D31/><U4/><E4/><V118/><F118/><W13/><G13/><T107/><D6/><U80/><E80/><V59/><F59/><W76/><G76/><T135/><D77/><U65/><E65/><V17/><F17/><W40/><G40/><T88/><D56/><U47/><E47/><V7/><F7/><W82/><G82/><T39/><D135/><U45/><E45/><V37/><F37/><W43/><G43/><T3/><D39/><U134/><E134/><V15/><F15/><W109/><G109/><T34/><D1/><U87/><E87/><V28/><F28/><W119/><G119/><T120/><D86/><U127/><E127/><V9/><F9/><AGARI ba="0,3" hai="9,12,18,46,48,49,51,54,78,81,84,91,95,97" machi="9" ten="30,3900,0" yaku="1,1,7,1,8,1,53,0" doraHai="0" doraHaiUra="128" who="1" fromWho="2" sc="250,0,240,69,240,-39,240,0" /><INIT seed="1,0,0,2,1,65" ten="250,309,201,240" oya="1" hai0="9,54,67,88,90,17,60,112,20,23,5,25,55" hai1="50,49,69,100,117,134,121,24,118,103,2,108,107" hai2="22,124,30,78,83,61,58,106,63,68,6,36,29" hai3="131,77,48,130,73,102,16,110,99,125,94,8,64"/><U87/><E121/><V18/><F106/><W14/><G125/><T74/><D74/><U93/><E2/><V86/><F36/><W91/><G110/><T132/><D132/><U127/><E24/><V3/><F124/><W10/><G64/><T128/><D128/><N who="3" m="49193" /><G48/><T96/><D112/><U109/><E107/><V101/><F101/><W43/><G43/><T56/><D23/><U45/><E127/><V122/><F122/><W113/><G113/><T133/><D133/><U120/><E120/><V129/><F129/><W51/><G51/><T123/><D123/><U38/><E38/><V12/><F3/><W42/><G42/><T62/><D96/><U7/><E7/><V37/><F6/><W80/><G10/><T84/><D84/><U72/><E72/><V31/><F37/><W98/><G98/><T59/><REACH who="0" step="1"/><D67/><REACH who="0" ten="240,309,201,240" step="2"/><U70/><E134/><V35/><F35/><W28/><G28/><T26/><D26/><U95/><REACH who="1" step="1"/><E87/><REACH who="1" ten="240,299,201,240" step="2"/><V11/><F86/><W75/><G75/><T39/><D39/><U79/><E79/><V116/><F78/><W57/><G77/><T92/><D92/><U115/><E115/><V33/><F33/><W41/><G73/><T114/><D114/><U19/><E19/><V21/><F18/><W0/><G16/><T89/><D89/><U105/><E105/><V52/><F116/><W111/><G91/><T1/><AGARI ba="0,2" hai="1,5,9,17,20,25,54,55,56,59,60,62,88,90" machi="1" ten="20,8000,1" yaku="1,1,0,1,7,1,9,1,54,1,53,0" doraHai="65" doraHaiUra="27" who="0" fromWho="0" sc="240,100,299,-40,201,-20,240,-20" /><INIT seed="2,0,0,4,1,41" ten="340,259,181,220" oya="2" hai0="7,82,12,93,9,35,133,17,96,16,119,87,59" hai1="74,43,13,62,45,118,77,130,44,22,38,89,99" hai2="63,29,110,116,76,6,64,84,106,71,52,81,124" hai3="120,91,15,107,123,97,115,2,126,86,78,49,135"/><V101/><F116/><W125/><G15/><T1/><D119/><U42/><E118/><V11/><F124/><N who="3" m="47723" /><G49/><T75/><D75/><U109/><E109/><V131/><F110/><W83/><G2/><T40/><D133/><U39/><E130/><V114/><F114/><W90/><G135/><T88/><D35/><U68/><E74/><V10/><F131/><W129/><G129/><T60/><D40/><U14/><E77/><V5/><F29/><W58/><G58/><T100/><REACH who="0" step="1"/><D1/><REACH who="0" ten="330,259,181,220" step="2"/><U28/><E42/><V122/><F122/><N who="3" m="46635" /><G115/><T94/><D94/><U112/><E43/><V72/><F72/><W85/><G85/><T70/><D70/><U128/><E68/><V95/><F106/><W33/><G33/><T0/><D0/><U57/><E112/><V65/><F71/><W127/><G127/><T24/><D24/><U104/><E104/><V21/><F84/><W80/><G80/><T105/><D105/><U51/><E128/><V111/><F81/><W8/><G8/><T79/><D79/><U92/><E92/><V31/><F76/><W134/><G134/><T121/><D121/><U102/><E38/><V27/><F111/><W55/><G55/><AGARI ba="0,1" hai="7,9,12,16,17,55,59,60,82,87,88,93,96,100" machi="55" ten="30,8000,1" yaku="1,1,7,1,8,1,54,2,53,0" doraHai="41" doraHaiUra="66" who="0" fromWho="3" sc="330,90,259,0,181,0,220,-80" /><INIT seed="3,0,0,4,1,49" ten="420,259,181,140" oya="3" hai0="5,68,96,90,55,39,27,44,124,79,128,59,95" hai1="13,85,1,103,6,35,75,111,60,78,107,81,100" hai2="76,91,41,127,102,64,53,45,116,57,19,97,87" hai3="52,66,72,47,82,121,0,50,67,125,133,36,93"/><W28/><G121/><T17/><D68/><U43/><E111/><V12/><F116/><W61/><G0/><T21/><D128/><U8/><E35/><V115/><F115/><W65/><G133/><T74/><D124/><U112/><E112/><V69/><F127/><W11/><G125/><T18/><D5/><U129/><E129/><V30/><F30/><W134/><G134/><T99/><D74/><U33/><E33/><V135/><F69/><W108/><G36/><T132/><D79/><U54/><E107/><V98/><F64/><W56/><G108/><T42/><D132/><U32/><E32/><V48/><F102/><W62/><G28/><T122/><D122/><U24/><E24/><V71/><F71/><W37/><G11/><T34/><D34/><U106/><E106/><V29/><F76/><W104/><G104/><T92/><D17/><U131/><E131/><V77/><F77/><W15/><G37/><T105/><D105/><U25/><E25/><V51/><F29/><W38/><G38/><T117/><D117/><U26/><E26/><V101/><F101/><W58/><G15/><T7/><D7/><U16/><E43/><V40/><F40/><W9/><G9/><T80/><D80/><U119/><E119/><V84/><F135/><W4/><G4/><T23/><D23/><N who="1" m="11663" /><E75/><V130/><F130/><W46/><G82/><T110/><D110/><U126/><E126/><V63/><F41/><N who="3" m="24911" /><G72/><T3/><D3/><U109/><E109/><V86/><F12/><W120/><G120/><T88/><D39/><U123/><E123/><V31/><F31/><RYUUKYOKU ba="0,0" sc="420,-10,259,30,181,-10,140,-10" hai1="1,6,8,54,60,78,81,85,100,103" /><INIT seed="4,1,0,3,1,24" ten="410,289,171,130" oya="0" hai0="53,60,104,62,14,77,86,4,27,52,15,65,84" hai1="7,69,6,36,38,21,108,98,66,101,26,93,72" hai2="81,30,45,107,74,91,63,20,134,11,129,119,10" hai3="8,16,47,128,18,75,79,37,19,73,64,29,41"/><T50/><D104/><U17/><E108/><V103/><F129/><W23/><G128/><T1/><D53/><U55/><E72/><V116/><F134/><W97/><G64/><T106/><D106/><U114/><E114/><V124/><F124/><W48/><G37/><T34/><D1/><U70/><E55/><V42/><F63/><W122/><G122/><T67/><D67/><U78/><E78/><N who="2" m="44247" /><F91/><W33/><G33/><T76/><D76/><U127/><E127/><V89/><F89/><W111/><G111/><T102/><D102/><U31/><E66/><V100/><F107/><W56/><G97/><T126/><D126/><U121/><E121/><V44/><F103/><W105/><G105/><T57/><D62/><U83/><E83/><V71/><F100/><W133/><G133/><T13/><D4/><U96/><E96/><V61/><F61/><W131/><G131/><T125/><D77/><U9/><E6/><V2/><F71/><W51/><G79/><T115/><D115/><U94/><E94/><V32/><F32/><W46/><G56/><T49/><D49/><U58/><E58/><V135/><F135/><W40/><G8/><N who="2" m="3113" /><F42/><W82/><G82/><T68/><REACH who="0" step="1"/><D125/><REACH who="0" ten="400,289,171,130" step="2"/><U120/><E120/><V132/><F2/><W130/><G130/><T35/><D35/><U113/><E113/><V112/><F132/><W3/><G3/><T25/><D25/><AGARI ba="1,1" hai="16,18,19,23,25,29,40,41,46,47,48,51,73,75" machi="25" ten="40,5200,0" yaku="9,1,52,1,54,1" doraHai="24" who="3" fromWho="0" sc="400,-55,289,0,171,0,130,65" /><INIT seed="5,0,0,3,2,67" ten="345,289,171,195" oya="1" hai0="14,117,6,122,8,46,60,11,98,15,20,1,83" hai1="76,115,53,26,30,96,31,59,69,84,50,106,129" hai2="18,36,87,3,97,77,86,74,80,134,58,55,100" hai3="79,118,121,112,12,34,56,82,21,22,124,95,88"/><U119/><E119/><V113/><F36/><W126/><G34/><T2/><D117/><U120/><E120/><V27/><F3/><W90/><G118/><T24/><D122/><U57/><E115/><V40/><F40/><W25/><G121/><T37/><D60/><U49/><E129/><V101/><F134/><W62/><G12/><T13/><D98/><U135/><E135/><V108/><F108/><W41/><G41/><T43/><D83/><U130/><E69/><V0/><F0/><W92/><G112/><T5/><REACH who="0" step="1"/><D14/><REACH who="0" ten="335,289,171,195" step="2"/><U127/><E96/><V73/><F113/><W128/><G82/><T70/><D70/><U16/><E130/><V78/><F74/><W125/><G128/><T35/><D35/><U38/><E84/><V63/><F73/><W103/><G126/><T10/><D10/><U65/><E127/><V28/><F97/><W131/><G131/><T17/><AGARI ba="0,1" hai="1,2,5,6,8,11,13,15,17,20,24,37,43,46" machi="17" ten="20,5200,0" yaku="1,1,0,1,7,1,9,1,53,0" doraHai="67" doraHaiUra="54" who="0" fromWho="0" sc="335,62,289,-26,171,-13,195,-13" /><INIT seed="6,0,0,5,5,27" ten="397,263,158,182" oya="2" hai0="70,53,109,28,132,5,60,73,125,118,61,91,81" hai1="66,103,82,36,34,126,111,84,128,68,58,33,13" hai2="85,74,40,117,3,89,93,123,54,78,98,56,77" hai3="83,38,50,47,45,2,23,86,120,92,127,15,75"/><V99/><F123/><W95/><G2/><T57/><D109/><U14/><E111/><V72/><F117/><W20/><G75/><T32/><D118/><U104/><E36/><V135/><F3/><W10/><G127/><T114/><D125/><U19/><E68/><V18/><F40/><W9/><G38/><T131/><D5/><U106/><E58/><V76/><F18/><W25/><G120/><T35/><D114/><U42/><E66/><V12/><F12/><W129/><G129/><T121/><D121/><U37/><E37/><V112/><F112/><W49/><G83/><T0/><D0/><U48/><E48/><V69/><F69/><W97/><G86/><T80/><D131/><U30/><E103/><V116/><F116/><W94/><G97/><N who="2" m="36873" /><F54/><W24/><G95/><T122/><D122/><U134/><E42/><V6/><F56/><W65/><G15/><T110/><D110/><U67/><E13/><V71/><F6/><W39/><G39/><T21/><D35/><U102/><E14/><V7/><F7/><W11/><G11/><T1/><D32/><U26/><E34/><V52/><F52/><W43/><G43/><T124/><D53/><U46/><E126/><V51/><F51/><W62/><REACH who="3" step="1"/><G65/><REACH who="3" ten="397,263,158,172" step="2"/><T31/><D1/><U101/><E67/><V105/><F71/><W63/><AGARI ba="0,1" hai="9,10,20,23,24,25,45,47,49,50,62,63,92,94" machi="63" ten="25,16000,3" yaku="1,1,2,1,0,1,22,2,8,1,53,2" doraHai="27" doraHaiUra="17" who="3" fromWho="3" sc="397,-40,263,-40,158,-80,172,170" /><INIT seed="7,0,0,0,0,52" ten="357,223,78,342" oya="3" hai0="94,31,124,79,29,25,125,84,19,77,73,97,102" hai1="65,131,109,106,83,135,17,63,55,44,112,110,47" hai2="62,13,71,133,5,82,3,23,22,117,15,128,87" hai3="70,81,126,35,46,1,57,121,7,113,53,24,91"/><W27/><G121/><T122/><D122/><U48/><E106/><V101/><F117/><W56/><G70/><T16/><D73/><U96/><E96/><V39/><F39/><W20/><G1/><T129/><D129/><U134/><E83/><V104/><F128/><W68/><G68/><T10/><D31/><U34/><E34/><V123/><F123/><W119/><G119/><T98/><D98/><U86/><E86/><V120/><F120/><W67/><G35/><T74/><D74/><U127/><E17/><N who="0" m="6729" /><D84/><U116/><E116/><V36/><F36/><W28/><G113/><T2/><D10/><U6/><E6/><V105/><F3/><W80/><G126/><N who="0" m="48747" /><D2/><U64/><E127/><V107/><F133/><N who="1" m="50697" /><E131/><V69/><F101/><W40/><G7/><T26/><D26/><U108/><E112/><V18/><F5/><W8/><G8/><T59/><D59/><N who="3" m="22601" /><G27/><T90/><D102/><U111/><E111/><V72/><F72/><W114/><G114/><T115/><D115/><U33/><E33/><AGARI ba="0,0" hai="25,29,33,77,79,90,94,97" m="48747,6729" machi="33" ten="30,2000,0" yaku="18,1,54,1" doraHai="52" who="0" fromWho="1" sc="357,20,223,-20,78,0,342,0" owari="377,48.0,203,-20.0,78,-42.0,342,14.0" /></mjloggm>