<mjloggm ver="2.3"><GO type="41" lobby="0"/><UN n0="%E3%83%90%E3%82%AD%E3%81%AE%E5%B1%B1" n1="%E2%93%9D%53%75%70%68%78" n2="%E3%83%8B%E3%83%A3%E3%83%B3%E3%82%BF%E5%85%88%E7%94%9F" n3="%E2%98%86%E5%A6%B9%E5%B0%BE%E4%BD%B3%E7%B9%94%E2%98%86" dan="14,18,14,14" rate="1938.39,2072.08,1933.85,1886.59" sx="M,M,M,F"/><TAIKYOKU oya="0"/><INIT seed="0,0,0,0,3,29" ten="250,250,250,250" oya="0" hai0="77,56,101,72,89,110,79,64,34,124,133,122,80" hai1="100,31,90,119,128,85,116,88,82,71,129,51,66" hai2="113,41,121,76,104,102,131,93,20,0,9,32,107" hai3="44,53,60,125,30,33,75,73,13,97,98,115,91"/><T17/><D122/><U27/><E51/><V7/><F121/><W57/><G115/><T62/><D124/><U14/><E14/><V21/><F113/><W103/><G125/><T123/><D123/><U58/><E58/><V109/><F109/><W112/><G112/><T120/><D120/><U69/><E100/><V48/><F131/><N who="1" m="50249" /><E90/><V46/><F76/><W47/><G13/><T92/><D133/><U114/><E114/><V55/><F32/><W108/><G91/><T18/><D110/><U78/><E66/><V37/><F104/><W8/><G8/><T28/><D79/><U86/><E71/><V5/><F5/><W127/><G127/><T67/><D67/><U24/><E24/><V132/><F132/><W134/><G134/><T19/><D101/><U23/><E69/><V81/><F107/><W126/><G126/><T42/><D42/><U39/><E39/><V25/><F81/><AGARI ba="0,0" hai="23,27,31,78,81,82,85,86,88,116,119" m="50249" machi="81" ten="30,2000,0" yaku="19,1,54,1" doraHai="29" who="1" fromWho="2" sc="250,0,250,20,250,-20,250,0" /><INIT seed="1,0,0,2,1,75" ten="250,270,230,250" oya="1" hai0="111,112,128,88,59,39,74,14,134,22,65,93,135" hai1="86,0,20,133,126,8,45,48,124,98,85,19,1" hai2="91,68,30,121,44,96,55,104,83,28,80,122,33" hai3="94,24,71,2,29,62,43,77,37,66,119,99,79"/><U84/><E133/><N who="0" m="50697" /><D112/><U95/><E8/><V89/><F68/><W61/><G2/><T103/><D39/><U63/><E63/><V101/><F44/><W57/><G37/><T25/><D128/><U10/><E10/><V117/><F117/><W27/><G43/><T32/><D111/><U4/><E4/><V70/><F70/><W115/><G115/><T46/><D46/><U109/><E109/><V56/><F33/><W52/><G119/><T6/><D103/><U129/><E129/><V60/><F28/><W54/><G54/><T34/><D74/><U73/><E73/><V16/><F30/><W13/><G13/><T87/><D6/><U47/><E47/><V15/><F89/><W53/><G53/><T132/><D14/><U58/><E58/><V100/><F100/><W114/><G27/><T23/><N who="0" m="50705" /><T106/><DORA hai="76" /><D106/><U105/><E105/><V108/><F108/><W40/><G40/><T31/><D32/><U107/><E107/><V78/><F91/><W11/><G11/><T116/><D116/><U125/><E1/><V81/><REACH who="2" step="1"/><F78/><REACH who="2" ten="250,270,220,250" step="2"/><W127/><G114/><T123/><D123/><U69/><E45/><V18/><F18/><W26/><G29/><T12/><D34/><U113/><E113/><V41/><F41/><W110/><G110/><T3/><D31/><U51/><E69/><V97/><F97/><W131/><G131/><T21/><D88/><N who="1" m="55655" /><E0/><V36/><F36/><W72/><G72/><T67/><D3/><U5/><E5/><V50/><F50/><W38/><G38/><T17/><D17/><U49/><E19/><RYUUKYOKU ba="0,1" sc="250,-15,270,15,220,15,250,-15" hai1="20,48,49,51,84,85,86,124,125,126" hai2="15,16,55,56,60,80,81,83,96,101,104,121,122" /><INIT seed="1,1,1,0,4,29" ten="235,285,235,235" oya="1" hai0="81,28,75,73,23,14,87,117,122,114,66,5,26" hai1="72,24,35,130,12,94,111,116,32,8,49,124,11" hai2="52,44,129,19,105,121,74,108,134,65,13,79,97" hai3="27,50,98,78,38,34,115,51,31,91,36,109,53"/><U6/><E72/><V48/><F121/><W16/><G115/><T21/><D114/><U42/><E116/><V84/><F74/><W123/><G123/><T125/><D117/><U90/><E130/><V126/><F129/><W104/><G109/><T67/><D122/><U62/><E124/><V46/><F126/><W30/><G30/><T107/><D107/><U120/><E24/><V69/><F108/><W40/><G78/><T110/><D125/><U135/><E135/><V99/><F134/><W103/><G40/><T37/><D37/><U106/><E106/><V128/><F128/><W68/><G68/><T113/><D113/><U80/><E80/><V61/><F105/><W33/><G91/><T83/><D110/><U18/><E62/><V93/><F44/><W89/><G89/><T64/><D83/><U76/><E76/><V133/><F133/><W54/><G16/><N who="0" m="10391" /><D75/><U15/><E111/><V102/><F97/><W58/><REACH who="3" step="1"/><G34/><REACH who="3" ten="235,285,235,225" step="2"/><T96/><D73/><U22/><E120/><V100/><F79/><W59/><AGARI ba="1,2" hai="27,31,33,36,38,50,51,53,54,58,59,98,103,104" machi="59" ten="20,12000,2" yaku="1,1,2,1,0,1,7,1,9,1,52,1,53,0" doraHai="29" doraHaiUra="1" who="3" fromWho="3" sc="235,-31,285,-61,235,-31,225,143" /><INIT seed="2,0,0,0,2,75" ten="204,224,204,368" oya="2" hai0="76,30,132,98,90,113,50,58,79,112,41,7,64" hai1="42,40,36,45,72,10,127,74,44,37,8,59,55" hai2="39,47,134,35,63,3,126,31,87,99,17,92,104" hai3="70,77,83,103,66,14,5,25,61,67,20,118,100"/><V33/><F3/><W12/><G118/><T32/><D7/><U56/><REACH who="1" step="1"/><E55/><REACH who="1" ten="204,214,204,368" step="2"/><V111/><F134/><W48/><G67/><T38/><D132/><U93/><E93/><V23/><F126/><AGARI ba="0,1" hai="8,10,36,37,40,42,44,45,56,59,72,74,126,127" machi="126" ten="25,12000,2" yaku="21,2,22,2,53,2" doraHai="75" doraHaiUra="69" who="1" fromWho="2" sc="204,0,214,130,204,-120,368,0" /><INIT seed="3,0,0,4,3,114" ten="204,344,84,368" oya="3" hai0="46,35,79,23,127,34,22,65,69,116,129,103,76" hai1="66,43,105,91,33,53,73,47,125,82,12,75,10" hai2="132,37,117,56,133,27,86,96,115,113,85,28,100" hai3="93,112,128,70,90,30,92,67,121,78,9,29,131"/><W63/><G112/><N who="2" m="43081" /><F37/><W15/><G121/><T25/><D127/><U1/><E66/><V107/><F56/><W130/><G78/><T119/><D129/><U59/><E33/><V39/><F39/><W62/><G63/><T99/><D46/><U41/><E1/><V120/><F27/><W80/><G80/><T104/><D76/><U68/><E105/><V135/><F28/><W102/><G102/><T7/><D79/><U64/><E68/><V0/><F0/><W58/><G70/><T55/><D55/><U95/><E64/><V89/><F120/><W32/><G32/><T122/><D7/><U54/><E125/><V38/><F38/><W118/><G92/><T101/><D122/><U123/><E82/><N who="2" m="49335" /><F86/><N who="3" m="52439" /><G30/><N who="0" m="19791" /><D35/><U18/><E123/><V77/><F77/><W17/><G29/><T57/><D57/><U16/><E75/><V94/><F94/><W6/><G17/><T4/><D4/><U20/><E18/><V26/><F26/><W106/><G106/><T45/><D45/><U97/><E73/><V49/><F49/><W111/><G58/><T3/><D103/><U88/><E91/><V13/><F13/><W48/><G48/><T98/><D98/><U87/><E97/><V108/><F108/><W31/><G31/><T2/><D2/><U72/><E72/><V50/><F50/><W40/><G111/><T19/><D3/><U8/><E47/><V124/><F124/><W81/><G67/><T134/><D22/><U21/><E21/><V44/><F44/><W61/><G40/><N who="1" m="15434" /><E54/><V14/><F14/><W84/><G130/><T71/><D23/><RYUUKYOKU ba="0,0" sc="204,-15,344,15,84,15,368,-15" hai1="8,10,12,16,20,53,59,87,88,95" hai2="96,100,107,117,132,133,135" /><INIT seed="4,1,0,3,4,34" ten="189,359,99,353" oya="0" hai0="125,95,21,84,107,65,81,126,7,50,16,132,20" hai1="80,102,128,39,44,71,8,101,64,85,110,106,40" hai2="22,135,35,62,9,96,48,100,53,94,33,11,105" hai3="26,103,79,13,83,5,77,32,93,109,36,47,97"/><T45/><D107/><U55/><E110/><V91/><F135/><W98/><G109/><T124/><D65/><U131/><E55/><V24/><F62/><W134/><G134/><T49/><D132/><U129/><E106/><V4/><F33/><W116/><G116/><T17/><D95/><U60/><REACH who="1" step="1"/><E8/><REACH who="1" ten="189,349,99,353" step="2"/><V86/><F35/><W12/><G5/><T72/><D7/><U127/><E127/><V51/><F9/><W115/><G115/><T2/><D2/><U78/><AGARI ba="1,1" hai="39,40,44,60,64,71,78,80,85,101,102,128,129,131" machi="78" ten="30,4000,0" yaku="1,1,0,1,19,1,53,0" doraHai="34" doraHaiUra="15" who="1" fromWho="1" sc="189,-21,349,53,99,-11,353,-11" /><INIT seed="5,0,0,1,4,77" ten="168,402,88,342" oya="1" hai0="92,44,66,6,113,105,70,115,17,123,55,114,131" hai1="12,31,103,135,133,111,47,26,125,109,75,36,98" hai2="27,3,124,91,59,107,60,84,73,97,126,45,57" hai3="53,112,94,86,65,40,11,128,18,19,25,48,58"/><U129/><E12/><V72/><F3/><W37/><G112/><T118/><D118/><U22/><E125/><N who="2" m="48235" /><F45/><W87/><G128/><T42/><D105/><U35/><E75/><V64/><F27/><W81/><G94/><T120/><D6/><U52/><E129/><V0/><F0/><W2/><G25/><T50/><D92/><N who="1" m="58823" /><E35/><V95/><F57/><W101/><G101/><AGARI ba="0,0" hai="59,60,64,72,73,84,91,95,97,101,107" m="48235" machi="101" ten="30,1000,0" yaku="18,1" doraHai="77" who="2" fromWho="3" sc="168,0,402,0,88,10,342,-10" /><INIT seed="6,0,0,0,2,58" ten="168,402,98,332" oya="2" hai0="26,112,4,41,30,62,17,67,74,115,21,114,110" hai1="53,79,24,9,100,15,36,2,70,119,3,131,10" hai2="33,18,96,113,87,106,120,12,103,14,54,40,118" hai3="43,1,108,135,59,65,97,130,72,48,11,105,81"/><V35/><F120/><W51/><G108/><T95/><D110/><U63/><E131/><V77/><F118/><W98/><G130/><T37/><D74/><U38/><E24/><V64/><F113/><W42/><G135/><T16/><D4/><U91/><E100/><V27/><F40/><W101/><G97/><T19/><D95/><U7/><E79/><V122/><F122/><W75/><G48/><T45/><REACH who="0" step="1"/><D30/><REACH who="0" ten="158,402,98,332" step="2"/><U49/><E7/><V89/><F77/><W84/><G75/><T31/><D31/><U39/><E119/><V55/><F64/><W6/><G72/><T61/><D61/><U22/><E63/><V5/><F5/><W68/><G68/><AGARI ba="0,1" hai="16,17,19,21,26,37,41,45,62,67,68,112,114,115" machi="68" ten="40,8000,1" yaku="1,1,15,1,52,1,54,1,53,1" doraHai="58" doraHaiUra="71" who="0" fromWho="3" sc="158,90,402,0,98,0,332,-80" /><INIT seed="7,0,0,0,5,48" ten="248,402,98,252" oya="3" hai0="125,58,55,50,37,111,103,93,97,54,104,66,31" hai1="110,68,129,75,39,23,73,62,122,106,52,71,116" hai2="72,112,33,56,85,28,95,89,69,25,128,98,126" hai3="70,7,127,57,131,82,67,74,51,26,99,10,24"/><W14/><G127/><T130/><D111/><U43/><E129/><V22/><F69/><W108/><G131/><T5/><D37/><U35/><E75/><V92/><F72/><W6/><G108/><T16/><D130/><U119/><E73/><V1/><F128/><W121/><G121/><T107/><D5/><U36/><E106/><V47/><F126/><W123/><G123/><T102/><D125/><U61/><E23/><V94/><F112/><W78/><G7/><T21/><D31/><U76/><E76/><V30/><F1/><W135/><G135/><T105/><D66/><U42/><E122/><V29/><F47/><W19/><G6/><T40/><D40/><U20/><E20/><V64/><F33/><W91/><G70/><T117/><D117/><U4/><E4/><V27/><F27/><W13/><G13/><T109/><D109/><U120/><E120/><V18/><REACH who="2" step="1"/><F98/><REACH who="2" ten="248,402,88,252" step="2"/><W53/><G67/><T133/><D133/><U132/><E110/><V60/><AGARI ba="0,1" hai="18,22,25,28,29,30,56,60,64,85,89,92,94,95" machi="60" ten="30,7900,0" yaku="1,1,2,1,0,1,8,1,53,0" doraHai="48" doraHaiUra="49" who="2" fromWho="2" sc="248,-20,402,-20,88,89,252,-39" owari="228,3.0,382,48.0,177,-32.0,213,-19.0" /></mjloggm>