<mjloggm ver="2.3"><GO type="41" lobby="0"/><UN n0="%54%61%62%6F%6F%6F" n1="%E2%93%9D%53%75%70%68%78" n2="%E3%83%92%E3%83%AD%E3%83%A4%E3%83%83%E3%82%B3" n3="%E3%82%84%E3%81%A9%E3%82%93%EF%BC%9F" dan="14,18,14,14" rate="1892.75,2109.91,1973.07,1947.58" sx="M,M,M,M"/><TAIKYOKU oya="0"/><INIT seed="0,0,0,1,1,0" ten="250,250,250,250" oya="0" hai0="51,133,39,24,18,106,41,30,84,13,4,134,115" hai1="61,123,126,5,77,118,66,55,38,26,53,47,12" hai2="6,56,60,122,7,46,124,91,87,121,72,9,57" hai3="29,20,99,88,14,93,89,76,25,49,8,116,54"/><T44/><D106/><U17/><E123/><V104/><F72/><W101/><G116/><T64/><D115/><U86/><E126/><V95/><F104/><W48/><G76/><T90/><D64/><U68/><E118/><V65/><F124/><W117/><G117/><T113/><D113/><U23/><E38/><V107/><F107/><W19/><REACH who="3" step="1"/><G49/><REACH who="3" ten="250,250,250,240" step="2"/><T33/><D51/><U120/><E120/><V16/><F122/><W2/><G2/><T127/><D127/><U103/><E77/><V15/><F121/><W28/><G28/><T81/><REACH who="0" step="1"/><D4/><REACH who="0" ten="240,250,250,240" step="2"/><U92/><E5/><V59/><REACH who="2" step="1"/><F46/><AGARI ba="0,2" hai="8,14,19,20,25,29,46,48,54,88,89,93,99,101" machi="46" ten="30,7700,0" yaku="1,1,7,1,8,1,54,1,53,0" doraHai="0" doraHaiUra="129" who="3" fromWho="2" sc="240,0,250,0,250,-77,240,97" /><INIT seed="1,0,0,5,3,33" ten="240,250,173,337" oya="1" hai0="97,28,128,75,4,38,36,3,39,129,125,111,35" hai1="132,123,118,78,27,50,18,102,56,25,44,12,20" hai2="55,46,71,99,85,82,117,88,47,72,37,49,83" hai3="8,30,70,7,135,106,126,53,103,34,63,98,122"/><U13/><E118/><V11/><F117/><W45/><G122/><T67/><D67/><U110/><E123/><V100/><F71/><W26/><G53/><T80/><D97/><U119/><E119/><V134/><F134/><W14/><G45/><T61/><D61/><U6/><E132/><V59/><F37/><N who="0" m="9474" /><T73/><DORA hai="1" /><D111/><U69/><E69/><V104/><F72/><N who="0" m="27722" /><D80/><U89/><E78/><V65/><F82/><W76/><G76/><T41/><D41/><U22/><E110/><V105/><F105/><W109/><G109/><T124/><D28/><U29/><E102/><V2/><REACH who="2" step="1"/><F65/><REACH who="2" ten="240,250,163,337" step="2"/><N who="3" m="41279" /><G135/><T54/><D54/><U115/><E115/><V121/><F121/><W96/><G96/><T107/><D107/><U9/><E56/><V130/><F130/><N who="0" m="50282" /><D35/><U95/><E95/><V15/><F15/><W23/><G23/><T40/><D40/><U5/><E13/><V87/><F87/><W42/><G42/><T94/><D94/><U74/><E74/><V112/><F112/><W48/><G48/><T84/><D84/><U92/><E50/><V101/><F101/><W58/><G58/><T66/><D66/><U91/><E92/><V17/><F17/><W57/><G57/><T81/><D81/><U32/><E32/><V86/><F86/><W131/><G131/><T116/><D116/><U114/><E114/><V43/><F43/><W113/><G113/><T52/><D52/><U79/><E44/><V24/><F24/><W64/><G64/><T62/><D62/><U90/><E79/><V10/><F10/><AGARI ba="0,1" hai="3,4,10,124,125" m="50282,27722,9474" machi="10" ten="50,8000,1" yaku="19,1,23,1,52,2" doraHai="33,1" who="0" fromWho="2" sc="240,90,250,0,163,-80,337,0" /><INIT seed="2,0,0,2,3,32" ten="330,250,83,337" oya="2" hai0="6,120,34,66,18,10,86,124,72,92,105,3,63" hai1="35,81,4,101,129,103,54,27,73,94,118,99,16" hai2="91,50,131,48,119,58,33,117,89,62,126,96,110" hai3="57,45,79,74,9,68,20,12,1,38,14,111,133"/><V13/><F126/><W114/><G111/><T71/><D124/><U17/><E118/><V31/><F131/><W84/><G133/><T23/><D120/><U2/><E129/><V59/><F110/><W52/><G68/><T128/><D105/><U102/><E54/><V37/><F37/><W112/><G74/><T46/><D128/><U26/><E73/><V69/><F69/><W51/><G20/><T36/><D72/><U127/><E81/><V106/><F106/><W75/><G75/><T85/><D34/><U0/><E4/><V40/><F13/><W65/><G65/><T22/><D92/><U93/><E35/><V123/><F123/><W70/><G70/><T28/><D28/><U30/><E30/><V47/><F48/><W132/><G132/><T83/><D83/><U76/><E103/><V88/><F96/><W90/><G79/><T60/><D60/><U107/><E107/><V61/><F61/><W108/><G108/><T55/><D23/><U19/><E76/><V80/><F80/><W130/><G130/><T115/><D115/><N who="3" m="44073" /><G45/><T87/><D87/><U135/><E135/><V122/><F122/><W98/><G98/><T29/><D29/><U67/><E127/><V77/><F77/><W82/><G38/><T125/><D125/><U24/><E67/><N who="2" m="39383" /><F59/><W11/><G11/><T116/><D116/><U21/><E21/><V64/><F64/><W109/><G109/><T42/><D55/><U25/><E25/><AGARI ba="0,0" hai="3,6,10,18,22,25,36,42,46,63,66,71,85,86" machi="25" ten="30,2000,0" yaku="7,1,52,1" doraHai="32" who="0" fromWho="1" sc="330,20,250,-20,83,0,337,0" /><INIT seed="3,0,0,2,2,77" ten="350,230,83,337" oya="3" hai0="63,26,12,133,131,92,94,73,19,100,45,87,83" hai1="69,27,112,32,15,132,61,7,14,135,1,79,66" hai2="104,116,24,33,52,38,125,11,37,22,119,109,88" hai3="3,5,85,105,103,117,59,102,89,53,25,72,76"/><W121/><G117/><T46/><D133/><N who="1" m="51275" /><E112/><V78/><F104/><W16/><G121/><T51/><D131/><U2/><E79/><V108/><F33/><W90/><G90/><T107/><D63/><U126/><E126/><V58/><F11/><W128/><G128/><T123/><D123/><U29/><E7/><V68/><F68/><W98/><G5/><T9/><D73/><U84/><E84/><V49/><F125/><W122/><G3/><AGARI ba="0,0" hai="1,2,3,14,15,27,29,32,61,66,69" m="51275" machi="3" ten="30,1000,0" yaku="20,1" doraHai="77" who="1" fromWho="3" sc="350,0,230,10,83,0,337,-10" /><INIT seed="4,0,0,2,0,70" ten="350,240,83,327" oya="0" hai0="89,114,110,36,24,82,59,112,14,104,51,133,69" hai1="106,16,72,126,132,57,81,43,45,60,90,97,113" hai2="95,0,62,13,83,103,61,121,3,96,1,102,107" hai3="48,47,54,98,9,39,88,50,122,52,33,84,135"/><T7/><D69/><U65/><E126/><V119/><F121/><W17/><G33/><T131/><D104/><U18/><E132/><V56/><F119/><W66/><G135/><T130/><D133/><U25/><E113/><N who="0" m="43625" /><D24/><U87/><E72/><V64/><F103/><W44/><G122/><T127/><D127/><U105/><E25/><V94/><F61/><W23/><G98/><T27/><D27/><U93/><E106/><V55/><F83/><W58/><G66/><T123/><D123/><U31/><E31/><V92/><REACH who="2" step="1"/><F13/><REACH who="2" ten="350,240,73,327" step="2"/><N who="3" m="7343" /><G23/><T73/><D14/><U26/><E105/><V67/><AGARI ba="0,1" hai="0,1,3,55,56,62,64,67,92,94,95,96,102,107" machi="67" ten="40,2700,0" yaku="1,1,0,1,53,0" doraHai="70" doraHaiUra="12" who="2" fromWho="2" sc="350,-13,240,-7,73,37,327,-7" /><INIT seed="5,0,0,4,0,9" ten="337,233,110,320" oya="1" hai0="67,107,31,121,25,58,10,32,111,115,97,51,14" hai1="50,66,8,88,61,126,130,108,30,76,135,109,39" hai2="123,127,49,133,95,63,40,131,96,46,86,55,134" hai3="87,57,93,103,13,99,42,21,5,22,104,7,89"/><U19/><E39/><V3/><F3/><W117/><G117/><T36/><D111/><N who="1" m="42571" /><E76/><V105/><F105/><W38/><G38/><T2/><D36/><U37/><E37/><N who="2" m="21775" /><F86/><W17/><G42/><T68/><D115/><U113/><E30/><V18/><F95/><W62/><REACH who="3" step="1"/><G22/><REACH who="3" ten="337,233,110,310" step="2"/><T47/><D121/><U33/><E113/><V120/><F123/><W28/><G28/><T4/><D68/><U102/><E33/><V110/><F120/><W35/><G35/><T48/><D32/><U59/><E126/><V71/><F127/><W118/><G118/><T79/><D31/><U85/><E130/><V15/><F131/><W43/><G43/><T124/><D124/><U24/><E135/><V26/><F110/><W60/><G60/><T78/><D25/><U122/><E24/><V128/><F26/><W52/><AGARI ba="0,1" hai="5,7,13,17,21,52,57,62,87,89,93,99,103,104" machi="52" ten="20,12000,2" yaku="1,1,0,1,7,1,52,1,54,1,53,1" doraHai="9" doraHaiUra="53" who="3" fromWho="3" sc="337,-30,233,-60,110,-30,310,130" /><INIT seed="6,0,0,4,2,121" ten="307,173,80,440" oya="2" hai0="6,81,36,55,4,105,84,122,59,16,2,120,67" hai1="39,60,134,49,79,127,44,85,46,104,107,130,131" hai2="100,112,110,51,23,1,50,88,123,13,95,119,20" hai3="30,56,11,75,135,74,57,62,114,14,108,111,5"/><V71/><F119/><W35/><G135/><T33/><D105/><U70/><E127/><V106/><F123/><W42/><G42/><T53/><D33/><U58/><E79/><V24/><F112/><W103/><G103/><T22/><D36/><U101/><E85/><V93/><F1/><W65/><G114/><T83/><D67/><N who="1" m="41319" /><E101/><V128/><F71/><W91/><G35/><T89/><D83/><U15/><E15/><V3/><F3/><W76/><G30/><T118/><D118/><U54/><E107/><V77/><F77/><W129/><G129/><N who="1" m="49162" /><E104/><V27/><F106/><W7/><G7/><T113/><D113/><U12/><E12/><V133/><F133/><W125/><G125/><T73/><D73/><U68/><E68/><V18/><F13/><W48/><G91/><T90/><D90/><U9/><E9/><V61/><F61/><W25/><G25/><T40/><D2/><U115/><E115/><V116/><F116/><W102/><G102/><T126/><D126/><U98/><E98/><N who="2" m="59471" /><F128/><W109/><REACH who="3" step="1"/><G76/><REACH who="3" ten="307,173,80,430" step="2"/><T31/><D122/><U52/><E134/><V86/><F110/><W132/><G132/><T21/><D120/><U38/><E46/><V45/><F45/><W72/><G72/><T87/><D31/><AGARI ba="0,1" hai="18,20,23,24,27,31,50,51,86,88,95" m="59471" machi="31" ten="30,2900,0" yaku="8,1,54,1" doraHai="121" who="2" fromWho="0" sc="307,-29,173,0,80,39,430,0" /><INIT seed="6,1,0,2,4,61" ten="278,173,119,430" oya="2" hai0="119,118,76,126,39,51,54,98,83,135,36,28,116" hai1="72,84,74,31,82,46,89,29,70,56,123,121,64" hai2="6,22,96,88,21,8,90,20,30,75,41,52,42" hai3="129,3,35,15,73,59,112,85,23,26,77,58,34"/><V91/><F75/><N who="1" m="28713" /><E70/><V109/><F109/><W79/><G3/><T0/><D0/><U53/><E46/><V19/><F30/><W130/><G85/><T2/><D2/><U128/><E64/><V44/><F96/><W63/><G73/><N who="0" m="43407" /><D126/><U1/><E128/><N who="3" m="49258" /><G112/><T108/><D108/><U114/><E1/><V102/><F102/><W27/><G15/><T66/><D66/><U111/><E114/><V33/><F33/><N who="3" m="12299" /><G63/><T37/><D28/><U48/><E111/><V86/><F86/><W134/><G134/><T87/><D87/><U14/><E14/><N who="2" m="7623" /><F6/><W16/><G26/><T68/><D68/><U11/><E11/><V5/><F5/><W40/><G40/><T17/><D135/><U47/><E31/><V78/><F78/><AGARI ba="1,0" hai="16,23,27,58,59,77,78,79" m="12299,49258" machi="78" ten="30,2000,0" yaku="19,1,54,1" doraHai="61" who="3" fromWho="2" sc="278,0,173,0,119,-23,430,23" /><INIT seed="7,0,0,3,0,71" ten="278,173,96,453" oya="3" hai0="134,107,82,11,29,84,33,10,94,60,36,102,21" hai1="98,67,93,25,34,23,119,28,87,38,65,113,114" hai2="126,74,16,70,96,108,35,24,12,104,52,55,105" hai3="125,63,62,47,2,72,73,97,103,1,32,44,18"/><W30/><G18/><T123/><D123/><U76/><E38/><V90/><F70/><W100/><G97/><N who="0" m="59703" /><D36/><U68/><E34/><V41/><F74/><W46/><G46/><T15/><D33/><U20/><E119/><V85/><F108/><W6/><G32/><T122/><D107/><U118/><E118/><V49/><F126/><W40/><G40/><T95/><D95/><U80/><E23/><V115/><F115/><N who="1" m="44041" /><E68/><V133/><F133/><W116/><G116/><T8/><D134/><U112/><E112/><V99/><F41/><W129/><G129/><T9/><D122/><U77/><E77/><V56/><F55/><W54/><G54/><T27/><D60/><U117/><E117/><V58/><F58/><W120/><G120/><T22/><D22/><U14/><E14/><V66/><F66/><W43/><G43/><T61/><D61/><U13/><E13/><V7/><F7/><W132/><G132/><T26/><D26/><U89/><AGARI ba="0,0" hai="20,25,28,65,67,76,80,87,89,93,98" m="44041" machi="89" ten="30,1100,0" yaku="15,1" doraHai="71" who="1" fromWho="1" sc="278,-3,173,11,96,-3,453,-5" owari="275,8.0,184,-22.0,93,-41.0,448,55.0" /></mjloggm>