<mjloggm ver="2.3"><GO type="41" lobby="0"/><UN n0="%E2%93%9D%53%75%70%68%78" n1="%E2%91%A3%E9%81%BF%E9%81%8A%E6%88%AF%E3%80%90%E6%9D%B1%E5%8D%97%E3%80%91" n2="%E3%83%8A%E3%83%81%E3%83%A5%E3%83%A9%E3%83%AA%E3%82%B9%E3%83%88" n3="%74%68%65%74%61%3D" dan="18,13,15,14" rate="2143.89,1939.78,2040.55,1924.00" sx="M,M,M,M"/><TAIKYOKU oya="0"/><INIT seed="0,0,0,4,2,29" ten="250,250,250,250" oya="0" hai0="65,102,103,34,97,42,49,21,37,69,54,12,111" hai1="74,79,63,48,46,114,13,59,14,76,132,112,86" hai2="23,64,40,70,99,36,39,68,117,62,98,73,78" hai3="17,4,45,130,95,134,101,44,89,9,56,71,35"/><T110/><D42/><U131/><E74/><V0/><F117/><W2/><G71/><T33/><D37/><U122/><E122/><V8/><F23/><W119/><G101/><T85/><D85/><U135/><E46/><V15/><F15/><N who="1" m="5641" /><E48/><V53/><F53/><W106/><G106/><T118/><D118/><U1/><E1/><V107/><F98/><W52/><G17/><N who="0" m="10407" /><D65/><N who="1" m="39167" /><E131/><V32/><F68/><W115/><G130/><T11/><D11/><U120/><E120/><V80/><F40/><W24/><G119/><T75/><D75/><U31/><E31/><V10/><F10/><W125/><G115/><N who="1" m="44074" /><E86/><V83/><F83/><W30/><G134/><AGARI ba="0,0" hai="76,79,132,134,135" m="44074,39167,5641" machi="134" ten="30,2000,0" yaku="20,1,11,1" doraHai="29" who="1" fromWho="3" sc="250,0,250,20,250,0,250,-20" /><INIT seed="1,0,0,4,2,121" ten="250,270,250,230" oya="1" hai0="90,61,49,2,69,22,96,111,125,10,130,37,66" hai1="92,105,106,97,117,45,51,34,98,23,84,58,102" hai2="104,80,77,57,93,26,6,5,135,47,8,131,108" hai3="28,32,71,27,33,95,129,65,29,24,113,44,122"/><U7/><E34/><V112/><F104/><W99/><G122/><T53/><D37/><U133/><E117/><V82/><F112/><W86/><G129/><T70/><D125/><U109/><E7/><V67/><F131/><W62/><G86/><T14/><D2/><U115/><E115/><V126/><F135/><W94/><G113/><T39/><D39/><U19/><E133/><V17/><F126/><W64/><G64/><T91/><D70/><U3/><E3/><V25/><F67/><W50/><REACH who="3" step="1"/><G99/><REACH who="3" ten="250,270,250,220" step="2"/><T127/><D96/><U40/><E98/><V4/><F77/><W1/><G1/><T88/><D130/><U74/><E74/><V128/><F128/><W63/><G63/><T30/><D127/><U20/><E84/><V85/><F85/><W9/><G9/><T42/><D10/><U11/><E11/><V48/><F80/><W123/><G123/><T110/><D42/><AGARI ba="0,1" hai="24,27,28,29,32,33,42,44,50,62,65,71,94,95" machi="42" ten="30,7700,0" yaku="1,1,7,1,9,1,53,1" doraHai="121" doraHaiUra="38" who="3" fromWho="0" sc="250,-77,270,0,250,0,220,87" /><INIT seed="2,0,0,5,5,119" ten="173,270,250,307" oya="2" hai0="118,102,94,129,6,111,72,49,113,68,48,80,65" hai1="51,121,9,36,8,133,122,24,27,16,52,83,54" hai2="132,88,47,128,77,43,82,92,90,120,22,70,57" hai3="14,18,135,107,91,50,0,59,4,32,30,125,130"/><V56/><F70/><W93/><G107/><T97/><D113/><U127/><E36/><V3/><F3/><W45/><G135/><T19/><D129/><U115/><E115/><V25/><F132/><W1/><G4/><T98/><D111/><U5/><E133/><V64/><F128/><W61/><G125/><T29/><D29/><U53/><E127/><V42/><F120/><N who="1" m="46185" /><E83/><V55/><F57/><W26/><G130/><T124/><D80/><U114/><E114/><V112/><F112/><W108/><G108/><T123/><D118/><U87/><E87/><N who="2" m="50295" /><F64/><W99/><G61/><T10/><D65/><U37/><E37/><V89/><F89/><W46/><G46/><T12/><D68/><U21/><E27/><V41/><F47/><W35/><G35/><T13/><D124/><U76/><E76/><V126/><F77/><W15/><G15/><T7/><D123/><U96/><E96/><N who="2" m="57367" /><F126/><W134/><G59/><T2/><D98/><U66/><E66/><V67/><F67/><W69/><G69/><T109/><D109/><U60/><E60/><N who="2" m="35871" /><F43/><W101/><G134/><T110/><D110/><U58/><E9/><V44/><F44/><W39/><G39/><T63/><D63/><U71/><E71/><V33/><F33/><W40/><G91/><T117/><D117/><U28/><E28/><AGARI ba="0,0" hai="22,25,28,41,42" m="35871,57367,50295" machi="28" ten="30,2900,0" yaku="8,1,54,1" doraHai="119" who="2" fromWho="1" sc="173,0,270,-29,250,29,307,0" /><INIT seed="2,1,0,0,1,25" ten="173,241,279,307" oya="2" hai0="110,1,59,62,65,102,14,104,48,42,28,50,12" hai1="122,96,24,18,63,27,117,88,2,31,68,39,20" hai2="72,44,43,89,49,90,3,11,108,69,30,23,40" hai3="126,86,52,123,79,51,134,58,37,41,84,93,128"/><V73/><F69/><W131/><G123/><T47/><D1/><U85/><E117/><V132/><F132/><W66/><G79/><T98/><D110/><U77/><E39/><V8/><F108/><W133/><G66/><T56/><D56/><U91/><E2/><V76/><F76/><W94/><G94/><T87/><D50/><U45/><E45/><V70/><F70/><W9/><G9/><N who="2" m="3657" /><F3/><W57/><G93/><T32/><REACH who="0" step="1"/><D87/><REACH who="0" ten="163,241,279,307" step="2"/><N who="3" m="33321" /><G57/><T13/><D13/><U83/><E122/><V0/><F0/><W74/><G126/><T113/><D113/><U100/><E68/><V109/><F109/><W67/><G74/><T36/><D36/><U121/><E63/><V130/><F130/><N who="3" m="49707" /><G67/><T10/><D10/><U80/><E80/><V81/><F81/><W116/><G116/><T53/><D53/><U75/><E75/><V92/><F73/><W106/><G37/><T6/><D6/><U26/><E121/><V35/><F72/><W127/><G41/><T64/><D64/><U61/><E61/><V46/><F43/><W38/><G38/><T19/><D19/><U22/><REACH who="1" step="1"/><E26/><AGARI ba="1,1" hai="12,14,26,28,32,42,47,48,59,62,65,98,102,104" machi="26" ten="40,5200,0" yaku="1,1,52,1,53,1" doraHai="25" doraHaiUra="55" who="0" fromWho="1" sc="163,65,241,-55,279,0,307,0" /><INIT seed="3,0,0,5,3,77" ten="228,186,279,307" oya="3" hai0="6,30,55,93,10,124,16,56,14,99,80,81,90" hai1="76,54,64,103,9,95,101,134,117,63,41,92,115" hai2="100,72,107,78,26,36,113,68,94,65,18,52,129" hai3="21,131,49,106,135,120,48,39,91,13,127,97,114"/><W98/><G120/><T38/><D124/><U25/><E115/><V22/><F36/><W19/><G114/><T104/><D38/><U83/><E41/><V23/><F113/><W66/><G39/><T62/><D104/><U96/><E54/><V51/><F107/><W75/><G75/><T44/><D30/><U57/><E9/><V59/><F129/><W69/><G135/><T40/><D40/><U61/><E61/><V29/><F68/><W20/><G131/><T35/><D35/><U133/><E117/><V128/><F128/><W118/><G118/><T45/><D6/><U70/><E70/><V89/><F100/><W5/><G127/><T42/><D42/><U46/><E46/><AGARI ba="0,0" hai="10,14,16,44,45,46,55,56,62,80,81,90,93,99" machi="46" ten="40,8000,1" yaku="8,1,52,2,54,1" doraHai="77" who="0" fromWho="1" sc="228,80,186,-80,279,0,307,0" /><INIT seed="4,0,0,1,0,31" ten="308,106,279,307" oya="0" hai0="60,42,28,21,18,77,115,112,99,131,123,105,65" hai1="51,97,43,133,119,122,130,111,94,124,82,125,114" hai2="30,56,54,98,116,86,134,87,102,12,126,71,104" hai3="22,92,33,128,79,61,53,40,81,96,13,91,52"/><T25/><D123/><U107/><E43/><V85/><F116/><W9/><G128/><T35/><D77/><U75/><E51/><V6/><F126/><N who="1" m="48745" /><E122/><V90/><F134/><W69/><G40/><T11/><D131/><U27/><E27/><V127/><F71/><W19/><G69/><N who="0" m="42151" /><D11/><U66/><E66/><V16/><F30/><W64/><G22/><T135/><D42/><U15/><E15/><V5/><F127/><W117/><G117/><T68/><D68/><U39/><E39/><V84/><F90/><W108/><G108/><T129/><D135/><U1/><E1/><V26/><F26/><W2/><G2/><T63/><D63/><U50/><E50/><V8/><N who="2" m="21504" /><DORA hai="36" /><V0/><REACH who="2" step="1"/><F0/><REACH who="2" ten="308,106,269,307" step="2"/><W20/><G91/><T132/><D132/><U38/><E133/><V10/><F10/><W73/><G9/><T47/><D129/><U120/><E119/><V103/><F103/><W121/><G121/><T34/><D28/><U59/><E130/><V48/><AGARI ba="0,1" hai="5,6,8,12,16,48,54,56,98,102,104" m="21504" machi="48" ten="40,8000,1" yaku="1,1,0,1,54,1,53,1" doraHai="31,36" doraHaiUra="46,74" who="2" fromWho="2" sc="308,-40,106,-20,269,90,307,-20" /><INIT seed="5,0,0,0,3,80" ten="268,86,359,287" oya="1" hai0="135,9,61,86,134,13,72,100,114,62,19,45,89" hai1="94,38,93,124,67,35,104,11,88,92,91,110,73" hai2="78,22,26,118,39,85,130,24,79,97,46,84,40" hai3="116,43,99,16,121,7,47,52,122,41,8,44,4"/><U63/><E38/><V21/><F118/><W108/><G108/><T96/><D72/><U87/><E35/><V71/><F71/><W2/><G116/><T14/><D114/><U77/><E11/><V12/><F130/><W76/><G99/><T119/><D119/><U112/><E63/><V64/><F64/><W74/><G16/><T129/><D129/><U56/><E56/><V113/><F113/><W59/><G7/><T127/><D127/><U18/><E112/><V15/><F97/><W125/><G125/><T66/><D14/><N who="2" m="5162" /><F39/><W69/><G69/><T60/><D45/><U48/><E18/><N who="2" m="12343" /><F40/><W49/><G44/><T33/><D33/><U34/><E48/><V101/><F101/><W5/><G4/><T29/><D29/><U20/><E67/><V123/><F123/><W83/><REACH who="3" step="1"/><G43/><REACH who="3" ten="268,86,359,277" step="2"/><T37/><D66/><U3/><E124/><V107/><F46/><W30/><G30/><T111/><D111/><U23/><E110/><V36/><F107/><W57/><G57/><T28/><D28/><U10/><E104/><V1/><F36/><AGARI ba="0,1" hai="2,5,8,36,41,47,49,52,59,74,76,83,121,122" machi="36" ten="30,12000,2" yaku="1,1,7,1,25,2,54,1,53,1" doraHai="80" doraHaiUra="54" who="3" fromWho="2" sc="268,0,86,0,359,-120,277,130" /><INIT seed="6,0,0,2,5,1" ten="268,86,239,407" oya="2" hai0="52,49,29,13,37,40,76,81,111,64,127,50,22" hai1="122,124,91,15,59,90,47,38,58,80,66,56,125" hai2="96,69,60,94,71,84,70,25,39,33,93,112,12" hai3="72,121,10,117,45,18,89,98,100,54,42,133,68"/><V36/><F112/><W44/><G121/><T83/><D111/><U2/><E2/><V99/><F60/><W120/><G120/><T55/><D37/><U77/><E122/><V104/><F104/><W43/><G68/><T35/><D35/><U32/><E32/><V3/><F3/><W26/><G72/><T132/><D132/><U85/><E66/><V86/><F12/><W21/><G89/><T51/><D127/><U73/><E38/><V102/><F36/><W46/><G10/><T6/><D40/><U57/><N who="1" m="14336" /><DORA hai="0" /><U92/><E47/><V75/><F75/><W128/><G128/><T74/><D64/><U113/><E91/><V20/><F33/><W88/><G54/><N who="0" m="20523" /><D76/><U131/><E131/><V103/><REACH who="2" step="1"/><F39/><REACH who="2" ten="268,86,229,407" step="2"/><W31/><G42/><T19/><D74/><U130/><E130/><V23/><F23/><W28/><G43/><T48/><D48/><U7/><REACH who="1" step="1"/><E113/><REACH who="1" ten="268,76,229,407" step="2"/><V63/><F63/><W106/><G117/><T61/><D61/><U116/><E116/><V109/><F109/><W65/><G65/><T9/><D51/><U27/><E27/><V82/><F82/><W34/><G26/><N who="0" m="16599" /><D50/><U79/><E79/><V118/><F118/><W135/><G135/><T17/><D49/><U5/><E5/><V95/><F95/><W108/><G133/><T4/><D4/><U129/><E129/><V41/><F41/><W115/><G108/><T11/><D6/><U8/><AGARI ba="0,2" hai="7,8,15,73,77,80,85,90,92,124,125" m="14336" machi="8" ten="50,8000,1" yaku="1,1,0,1,52,2,53,0" doraHai="1,0" doraHaiUra="24,62" who="1" fromWho="1" sc="268,-20,76,100,229,-40,407,-20" /><INIT seed="7,0,0,2,1,88" ten="248,176,189,387" oya="3" hai0="120,29,126,7,122,24,49,18,101,3,2,14,107" hai1="99,68,106,58,80,87,83,129,121,72,54,5,93" hai2="41,65,98,23,43,110,12,67,62,40,39,73,111" hai3="76,20,56,31,17,134,105,53,119,9,64,47,30"/><W38/><G105/><T60/><D60/><U100/><E68/><V77/><F77/><W90/><G90/><T102/><D49/><U103/><E121/><V45/><F73/><W21/><G38/><T61/><D61/><U66/><E66/><V11/><F23/><W104/><G104/><T85/><D126/><U125/><E125/><V84/><F84/><W96/><G47/><T25/><D107/><U135/><E5/><V94/><F111/><W26/><G96/><T4/><D85/><U92/><E106/><V114/><F110/><W86/><G53/><T15/><D18/><U8/><E8/><V59/><F114/><W42/><G64/><T51/><D51/><N who="1" m="31071" /><E72/><V117/><F117/><W89/><G42/><T46/><D46/><U44/><E44/><V130/><F130/><W6/><G17/><T0/><D0/><U37/><E37/><V19/><F67/><W63/><G56/><T116/><D29/><U16/><E129/><V28/><F28/><W71/><G63/><T108/><D108/><U48/><E48/><V50/><F39/><W127/><G30/><T123/><D123/><U132/><E16/><V115/><F115/><W79/><G31/><T70/><D70/><U78/><E83/><V55/><F65/><W52/><G71/><T75/><D75/><U124/><E124/><V112/><F112/><W131/><G127/><T35/><D116/><U128/><E128/><V95/><F95/><N who="1" m="36425" /><E99/><V57/><F59/><W74/><G131/><T81/><D81/><U69/><E69/><V109/><F109/><W34/><G74/><T22/><D122/><RYUUKYOKU ba="0,0" sc="248,-15,176,15,189,15,387,-15" hai1="78,80,87,100,103,132,135" hai2="11,12,19,40,41,43,45,50,55,57,62,94,98" owari="233,3.0,191,-31.0,204,-20.0,372,48.0" /></mjloggm>