<mjloggm ver="2.3"><GO type="41" lobby="0"/><UN n0="%E2%93%9D%53%75%70%68%78" n1="%62%6C%6B" n2="%E5%8C%A0%40" n3="%4D%2E%63" dan="18,13,13,13" rate="2131.65,1865.37,1848.46,1894.76" sx="M,M,M,F"/><TAIKYOKU oya="0"/><INIT seed="0,0,0,0,2,5" ten="250,250,250,250" oya="0" hai0="51,23,1,65,69,124,27,17,29,135,22,61,95" hai1="39,118,98,20,110,30,75,109,8,9,72,6,114" hai2="93,54,80,41,133,40,48,16,86,123,34,38,94" hai3="82,63,101,113,116,33,50,102,119,87,128,77,130"/><T104/><D124/><U25/><E39/><V71/><F133/><W43/><G33/><T0/><D104/><U73/><E118/><N who="3" m="45098" /><G63/><T134/><D95/><U47/><E114/><V19/><F34/><W2/><G2/><T90/><D90/><U127/><E127/><V3/><F38/><W45/><G113/><T131/><D131/><AGARI ba="0,0" hai="43,45,50,77,82,87,101,102,128,130,131" m="45098" machi="131" ten="30,1000,0" yaku="19,1" doraHai="5" who="3" fromWho="0" sc="250,-10,250,0,250,0,250,10" /><INIT seed="1,0,0,2,5,135" ten="240,250,250,260" oya="1" hai0="88,65,85,94,122,51,106,4,128,61,93,50,10" hai1="1,59,40,57,36,78,22,107,121,96,35,7,127" hai2="48,87,86,47,97,124,27,29,52,31,92,82,60" hai3="125,104,70,9,74,15,90,53,25,41,75,95,76"/><U58/><E121/><V77/><F124/><W100/><G70/><T103/><D106/><U42/><E35/><V3/><F3/><W133/><G133/><T83/><D128/><U73/><E127/><V38/><F38/><W2/><G2/><T56/><D122/><U8/><E22/><V79/><F27/><W21/><G41/><T18/><D18/><U119/><E119/><V108/><F108/><W37/><G37/><T6/><D6/><U66/><E66/><V13/><F13/><W33/><G33/><T116/><D116/><U110/><E110/><V45/><F47/><W0/><G0/><T131/><D131/><U101/><E36/><V34/><F34/><W26/><G76/><T16/><D4/><U11/><E11/><V91/><F60/><W43/><G43/><T118/><D118/><U64/><E64/><V68/><F68/><W99/><G125/><T126/><D126/><U20/><E20/><V80/><AGARI ba="0,0" hai="29,31,45,48,52,77,79,80,82,86,87,91,92,97" machi="80" ten="30,7900,0" yaku="0,1,9,1,8,1,54,1" doraHai="135" who="2" fromWho="2" sc="240,-20,250,-39,250,79,260,-20" /><INIT seed="2,0,0,4,1,9" ten="220,211,329,240" oya="2" hai0="63,2,89,41,7,121,108,131,54,113,73,48,37" hai1="80,92,77,30,90,34,66,36,58,103,78,96,67" hai2="117,55,133,14,42,44,1,26,126,118,75,11,27" hai3="110,49,60,106,22,8,128,64,97,13,115,127,116"/><V76/><F133/><W72/><G116/><T46/><D73/><U87/><E36/><V124/><F55/><W23/><G110/><T120/><D7/><U24/><E58/><V69/><F69/><W105/><G72/><T134/><D2/><U57/><E57/><V123/><F1/><W111/><G111/><T16/><D108/><U10/><E10/><V33/><F123/><W21/><G127/><N who="2" m="48681" /><F76/><W65/><G128/><T19/><D113/><U119/><E119/><N who="2" m="45579" /><F33/><W61/><G49/><T82/><D131/><U45/><E45/><V0/><F0/><W132/><G132/><T70/><D134/><U99/><REACH who="1" step="1"/><E78/><REACH who="1" ten="220,201,329,240" step="2"/><V114/><F114/><W95/><G115/><T85/><D121/><U84/><E84/><V6/><F75/><W29/><G29/><T3/><D120/><U53/><E53/><V98/><F98/><W71/><G97/><T50/><D54/><U93/><AGARI ba="0,1" hai="24,30,34,66,67,77,80,87,90,92,93,96,99,103" machi="93" ten="20,8000,1" yaku="1,1,0,1,7,1,53,2" doraHai="9" doraHaiUra="91" who="1" fromWho="1" sc="220,-20,201,90,329,-40,240,-20" /><INIT seed="3,0,0,2,2,89" ten="200,291,289,220" oya="3" hai0="16,94,83,24,74,33,57,28,104,101,82,120,81" hai1="54,59,49,130,106,7,124,73,93,100,91,41,108" hai2="31,11,119,58,135,15,125,123,8,99,3,68,121" hai3="18,17,92,22,112,113,35,29,27,44,5,105,88"/><W62/><G105/><T9/><D120/><U20/><E108/><V97/><F68/><W32/><G5/><T72/><D104/><U117/><E130/><V71/><F71/><W86/><G44/><T66/><D66/><U55/><E124/><V75/><F75/><W85/><G62/><T30/><D30/><U42/><E73/><V80/><F80/><W64/><G64/><T114/><D114/><U111/><E111/><V46/><F46/><W134/><G134/><T4/><D57/><U50/><E117/><V1/><F58/><W65/><G65/><T63/><D63/><U53/><E7/><V69/><F69/><W2/><G2/><T61/><D61/><U70/><E70/><V56/><F56/><W131/><G131/><T40/><D40/><U118/><E118/><V14/><F31/><W34/><REACH who="3" step="1"/><G86/><REACH who="3" ten="200,291,289,210" step="2"/><T52/><D74/><U10/><E106/><V126/><F119/><W79/><G79/><T43/><D72/><U84/><E42/><V87/><F87/><W95/><G95/><T21/><D43/><U77/><E77/><V26/><F135/><W96/><G96/><N who="0" m="59543" /><D52/><U76/><E76/><V67/><F67/><W37/><G37/><T0/><D83/><U19/><E41/><V36/><F36/><W133/><G133/><T38/><D38/><U13/><E55/><V25/><AGARI ba="0,1" hai="1,3,8,11,14,15,25,26,97,99,121,123,125,126" machi="25" ten="25,3200,0" yaku="0,1,22,2" doraHai="89" who="2" fromWho="2" sc="200,-8,291,-8,289,42,210,-16" /><INIT seed="4,0,0,0,2,69" ten="192,283,331,194" oya="0" hai0="49,54,35,24,2,18,123,109,95,82,63,39,9" hai1="43,71,57,132,87,62,104,99,125,53,124,56,29" hai2="131,129,46,84,61,127,72,11,77,17,67,96,78" hai3="51,26,114,88,98,117,108,119,76,40,4,102,89"/><T41/><D123/><U48/><E132/><V45/><F72/><W92/><G108/><T1/><D109/><U28/><E71/><V20/><F127/><N who="1" m="48713" /><E87/><V106/><F106/><W135/><G4/><T121/><D121/><U90/><E90/><V75/><F96/><W115/><G26/><T93/><D63/><U25/><E25/><V0/><F75/><W112/><G135/><T31/><D82/><U15/><E15/><V30/><F30/><W7/><G7/><T58/><D18/><U23/><E23/><V68/><F11/><W105/><G76/><N who="2" m="29289" /><F84/><W110/><G110/><T21/><D21/><U100/><E43/><V19/><F0/><W97/><G40/><T85/><D9/><U126/><E126/><V70/><F68/><W116/><G51/><T80/><D2/><U38/><E38/><V81/><F81/><W32/><G32/><T12/><D12/><U128/><E128/><N who="2" m="49227" /><F19/><W73/><G73/><T134/><D134/><U103/><E100/><AGARI ba="0,0" hai="88,89,92,97,98,100,102,105,112,114,115,116,117,119" machi="100" ten="50,8000,1" yaku="15,1,34,3,54,1" doraHai="69" who="3" fromWho="1" sc="192,0,283,-80,331,0,194,80" /><INIT seed="5,0,0,4,2,41" ten="192,203,331,274" oya="1" hai0="95,10,84,119,14,72,47,90,42,62,13,97,61" hai1="109,50,75,67,115,74,26,117,103,88,25,80,94" hai2="22,43,51,124,130,118,69,89,27,63,0,98,132" hai3="113,68,32,71,56,126,78,83,7,96,129,34,45"/><U59/><E115/><V76/><F0/><W1/><G113/><T15/><D72/><U106/><E117/><V92/><F69/><W23/><G129/><T5/><D119/><U102/><E109/><V134/><F76/><W85/><G126/><T54/><D54/><U131/><E131/><V12/><F63/><W101/><G23/><T52/><D97/><U6/><E6/><V86/><F12/><W20/><G20/><T112/><D112/><U58/><E106/><V11/><F11/><W91/><G56/><T87/><D87/><U73/><E80/><V3/><F3/><W29/><G78/><T48/><REACH who="0" step="1"/><D42/><REACH who="0" ten="182,203,331,274" step="2"/><U79/><E75/><V121/><F118/><W127/><G127/><T120/><D120/><U110/><E74/><V33/><F121/><W64/><G64/><T114/><D114/><U77/><E110/><V55/><F124/><W46/><G96/><T57/><D57/><U105/><E73/><V116/><F43/><W60/><G85/><T35/><D35/><U133/><E59/><N who="2" m="33279" /><F33/><W16/><G32/><T36/><D36/><U82/><E67/><V123/><F130/><W19/><G34/><T4/><D4/><U104/><E58/><V18/><F123/><W9/><G7/><T81/><D81/><U128/><E128/><V37/><F37/><W111/><G83/><T28/><D28/><U21/><E82/><N who="2" m="49367" /><F116/><W38/><G38/><T44/><D44/><U66/><E66/><V70/><F98/><W122/><G122/><T24/><D24/><U17/><E25/><V93/><F27/><W49/><G71/><T108/><D108/><RYUUKYOKU ba="0,1" sc="182,30,203,-10,331,-10,274,-10" hai0="5,10,13,14,15,47,48,52,61,62,84,90,95" /><INIT seed="6,1,1,5,3,30" ten="212,193,321,264" oya="2" hai0="102,31,6,3,43,14,115,13,76,126,23,97,112" hai1="36,108,39,134,22,71,16,86,28,100,68,58,60" hai2="135,66,90,10,67,11,129,83,81,4,119,12,61" hai3="46,59,49,24,110,19,52,27,98,37,89,8,34"/><V18/><F135/><W101/><G110/><T109/><D43/><U118/><E134/><V85/><F129/><W106/><G37/><T56/><D76/><U38/><E118/><V7/><F119/><W0/><G0/><T35/><D56/><U82/><E108/><V33/><F18/><W45/><G89/><T104/><D109/><U92/><E28/><V26/><F83/><W2/><G34/><T20/><D126/><U84/><E71/><V93/><F61/><W5/><G19/><N who="0" m="10351" /><D14/><U88/><E68/><V95/><F26/><W94/><G106/><T107/><D23/><U44/><E100/><V99/><F33/><W125/><G125/><T72/><D72/><U116/><E116/><V130/><F95/><W87/><G87/><T32/><D107/><U114/><E114/><N who="0" m="43561" /><D31/><U1/><E1/><V127/><F127/><W47/><AGARI ba="1,1" hai="2,5,8,24,27,45,46,47,49,52,59,94,98,101" machi="47" ten="30,2000,0" yaku="0,1,54,1" doraHai="30" who="3" fromWho="3" sc="212,-6,193,-6,321,-11,264,33" /><INIT seed="7,0,0,5,0,32" ten="206,187,310,297" oya="3" hai0="54,50,73,41,29,9,27,111,117,40,2,125,58" hai1="110,123,119,4,128,37,64,14,57,98,129,71,51" hai2="66,134,70,86,67,44,7,5,68,93,92,121,30" hai3="33,83,120,122,13,106,97,96,16,19,52,104,99"/><W124/><G33/><T22/><D117/><U91/><E110/><V84/><F134/><W25/><G124/><T65/><D111/><U15/><E123/><V24/><F24/><W38/><G38/><T108/><D73/><U100/><E37/><V55/><F55/><W28/><G83/><T90/><D108/><U34/><E34/><V102/><F102/><W109/><G109/><T48/><D125/><U31/><E31/><V131/><F30/><W46/><G28/><T35/><D35/><U8/><E119/><V95/><F92/><W114/><G114/><T1/><D65/><U81/><E71/><V126/><F126/><W42/><G25/><T53/><D90/><U11/><E81/><V23/><F23/><W103/><G19/><T78/><D78/><U63/><E91/><V89/><F89/><W87/><G87/><T135/><D135/><U21/><E51/><V56/><F121/><W26/><G26/><T10/><D10/><U75/><E75/><V101/><F101/><W76/><G76/><T20/><D9/><U36/><E36/><V47/><F131/><N who="1" m="50249" /><E21/><V72/><F72/><W0/><G103/><T49/><D22/><U107/><E11/><V118/><F118/><W77/><G77/><T94/><D94/><U82/><E82/><V105/><F105/><W133/><G106/><T45/><D41/><U60/><E60/><V132/><F132/><W85/><G133/><T74/><D74/><U69/><E69/><V43/><F43/><W3/><G42/><T59/><AGARI ba="0,0" hai="1,2,20,27,29,40,45,48,49,50,53,54,58,59" machi="59" ten="20,8000,1" yaku="0,1,7,1,9,1,52,2" doraHai="32" who="0" fromWho="0" sc="206,80,187,-20,310,-20,297,-40" /><INIT seed="8,0,0,0,2,122" ten="286,167,290,257" oya="0" hai0="38,108,72,20,111,67,8,118,132,125,54,29,93" hai1="74,48,101,44,76,116,71,34,123,16,130,57,102" hai2="46,85,25,95,50,106,40,18,64,21,127,119,63" hai3="10,66,43,22,23,60,120,24,31,6,12,103,30"/><T37/><D72/><U5/><E123/><V11/><F106/><W91/><G120/><T28/><D118/><U105/><E116/><V121/><F127/><W26/><G43/><T33/><D33/><U35/><E130/><V56/><F119/><W62/><G103/><T81/><D81/><U115/><E115/><V45/><F46/><W13/><G91/><T110/><D132/><U39/><E39/><N who="0" m="14857" /><D67/><U129/><E71/><V112/><F112/><W65/><G13/><T99/><D125/><U133/><E129/><V9/><F121/><W14/><G14/><T3/><D54/><U7/><E133/><V47/><F47/><W97/><G97/><T36/><D20/><U70/><E70/><V59/><F59/><W53/><REACH who="3" step="1"/><G53/><REACH who="3" ten="286,167,290,247" step="2"/><T135/><D135/><U52/><E102/><V17/><F18/><W58/><G58/><T79/><D36/><U55/><E5/><V94/><F94/><W117/><G117/><T86/><D99/><U96/><E7/><V114/><F114/><W0/><G0/><T82/><D93/><U41/><E41/><V92/><F92/><W78/><G78/><T84/><D84/><U2/><E2/><V128/><F128/><W104/><G104/><T68/><D68/><U80/><REACH who="1" step="1"/><E16/><REACH who="1" ten="286,157,290,247" step="2"/><V61/><F17/><W42/><G42/><T83/><D3/><U124/><E124/><V77/><F40/><W1/><G1/><T109/><D109/><U107/><E107/><V126/><F126/><W88/><G88/><N who="0" m="51287" /><D8/><U69/><E69/><V90/><F9/><W89/><G89/><T27/><D111/><U51/><AGARI ba="0,2" hai="34,35,44,48,51,52,55,57,74,76,80,96,101,105" machi="51" ten="20,8000,1" yaku="1,1,5,1,0,1,7,1,54,1,53,0" doraHai="122" doraHaiUra="87" who="1" fromWho="1" sc="286,-40,157,100,290,-20,247,-20" /><INIT seed="9,0,0,4,1,70" ten="246,257,270,227" oya="1" hai0="130,119,105,19,83,117,8,49,32,12,108,113,89" hai1="28,125,110,102,62,80,64,38,1,112,3,43,22" hai2="54,63,53,100,73,91,79,123,128,9,21,111,7" hai3="74,132,26,90,76,23,103,81,129,75,65,68,115"/><U2/><E112/><V118/><F111/><W47/><G115/><T69/><D113/><U121/><E121/><V104/><F128/><W58/><G129/><T40/><D130/><U17/><E125/><V30/><F123/><W126/><G126/><T41/><D32/><U11/><E110/><V99/><F63/><W39/><G68/><T35/><D35/><U120/><E120/><V67/><F67/><W5/><G132/><T25/><D105/><U27/><E102/><V60/><F60/><W36/><G5/><T24/><D69/><U134/><E134/><V71/><F71/><W114/><G114/><T42/><D49/><U82/><E64/><V13/><F91/><W66/><G103/><T95/><D83/><U72/><E62/><V29/><F118/><N who="0" m="45066" /><D108/><U31/><E11/><V15/><F79/><W93/><G75/><T131/><D131/><U109/><E109/><V55/><F73/><W122/><G122/><T34/><D34/><U46/><REACH who="1" step="1"/><E82/><REACH who="1" ten="246,247,270,227" step="2"/><V127/><F127/><W37/><G47/><T85/><AGARI ba="0,1" hai="8,12,19,24,25,40,41,42,85,89,95" m="45066" machi="85" ten="30,1100,0" yaku="16,1" doraHai="70" who="0" fromWho="0" sc="246,21,247,-5,270,-3,227,-3" /><INIT seed="10,0,0,3,5,77" ten="267,242,267,224" oya="2" hai0="35,31,11,24,124,70,84,16,95,64,36,1,55" hai1="12,57,78,53,51,106,133,93,126,127,40,89,61" hai2="129,9,76,114,19,0,18,72,123,50,41,29,34" hai3="88,67,22,15,81,73,43,30,46,13,116,47,83"/><V112/><F123/><W17/><G116/><T38/><D124/><N who="1" m="47659" /><E106/><V105/><F105/><W80/><G67/><T71/><D55/><U25/><E133/><V132/><F41/><W104/><G73/><T23/><D71/><U3/><E3/><V54/><F132/><W101/><G104/><T45/><D45/><N who="3" m="16905" /><G101/><T102/><D64/><U8/><E25/><V82/><F19/><W48/><G30/><T128/><D128/><U27/><E27/><V91/><F29/><W33/><G33/><T79/><D70/><U74/><E40/><V100/><F34/><W86/><G15/><N who="0" m="9631" /><D102/><U58/><E74/><V135/><F100/><W75/><G75/><T26/><D26/><U7/><E78/><V120/><F135/><W115/><G115/><T32/><D32/><U99/><E58/><N who="2" m="33111" /><F120/><W37/><G37/><T65/><D38/><U21/><E21/><V98/><F129/><W94/><G43/><T5/><D36/><U56/><E56/><V68/><F68/><W109/><G109/><T118/><D118/><U63/><AGARI ba="0,0" hai="7,8,12,51,53,57,61,63,89,93,99" m="47659" machi="63" ten="30,1100,0" yaku="18,1" doraHai="77" who="1" fromWho="1" sc="267,-3,242,11,267,-5,224,-3" /><INIT seed="11,0,0,2,5,64" ten="264,253,262,221" oya="3" hai0="16,57,22,126,39,34,11,110,4,7,29,85,1" hai1="14,109,125,13,45,3,88,2,28,42,66,53,122" hai2="20,131,8,62,6,101,5,108,124,17,35,21,69" hai3="99,96,95,33,70,84,37,118,9,24,56,130,107"/><W135/><G37/><T59/><D110/><U55/><E122/><V129/><F108/><W120/><G120/><T30/><D39/><U81/><E109/><V26/><F101/><W60/><G118/><T73/><D73/><U106/><E106/><V104/><F104/><W89/><G135/><T134/><D126/><U71/><E125/><V116/><F62/><W23/><G130/><N who="2" m="49673" /><F124/><W114/><G114/><T44/><D44/><U36/><E28/><N who="2" m="19863" /><F116/><W79/><G79/><T91/><D134/><U54/><E2/><N who="2" m="55" /><F69/><W80/><G70/><T40/><D34/><U115/><E115/><V50/><F50/><W51/><G107/><T103/><D103/><U0/><E0/><V82/><F82/><W49/><G33/><T100/><D100/><U68/><E3/><V32/><F6/><W132/><G132/><T72/><D7/><U87/><REACH who="1" step="1"/><E71/><REACH who="1" ten="264,243,262,221" step="2"/><V111/><F111/><W133/><G133/><T121/><D121/><U10/><E10/><V63/><F32/><W113/><G9/><T19/><D11/><U78/><E78/><V127/><F127/><W97/><G113/><T90/><D1/><U46/><E46/><V38/><F21/><W105/><G105/><T58/><D22/><U76/><E76/><V117/><F117/><W43/><G80/><T61/><D4/><U74/><E74/><V98/><F20/><W86/><G86/><T67/><D72/><U94/><E94/><V48/><F17/><N who="3" m="12399" /><G43/><T102/><D40/><U93/><E93/><V41/><F41/><W123/><G123/><T27/><D19/><U75/><E75/><V47/><F47/><RYUUKYOKU ba="0,1" sc="264,-15,243,15,262,-15,221,15" hai1="13,14,36,42,45,53,54,55,66,68,81,87,88" hai3="49,51,56,60,84,89,95,96,97,99" /><INIT seed="11,1,1,3,3,124" ten="249,258,247,236" oya="3" hai0="89,64,20,129,123,99,134,1,94,120,36,80,9" hai1="49,87,81,92,73,67,24,61,128,71,103,90,132" hai2="86,33,7,105,93,117,11,91,82,45,58,85,95" hai3="122,104,29,65,21,48,74,127,118,57,135,18,6"/><W25/><G122/><T32/><D32/><U27/><E132/><V13/><F105/><W44/><G74/><T84/><D36/><U23/><E128/><V19/><F33/><W119/><G104/><T79/><D129/><U133/><E133/><V69/><F69/><W126/><G135/><T43/><D43/><U37/><E37/><V102/><F117/><N who="3" m="44555" /><G6/><T63/><D134/><U34/><E34/><V111/><F111/><W39/><G39/><T108/><D108/><U54/><E23/><V15/><F58/><W8/><G65/><T46/><D46/><U51/><E51/><V16/><F45/><W66/><G66/><T77/><D123/><U60/><E60/><V22/><F102/><W72/><G72/><T5/><D120/><U2/><E2/><V68/><F68/><W100/><G100/><T10/><D1/><U121/><E121/><V110/><F19/><W41/><G57/><N who="0" m="36975" /><D5/><U56/><E73/><V114/><F114/><W40/><G40/><T112/><D112/><U28/><E28/><V115/><F115/><W14/><AGARI ba="1,1" hai="8,14,18,21,25,29,41,44,48,126,127" m="44555" machi="14" ten="30,1500,0" yaku="16,1" doraHai="124" who="3" fromWho="3" sc="249,-6,258,-6,247,-6,236,28" /><INIT seed="11,2,0,1,1,69" ten="243,252,241,264" oya="3" hai0="57,129,112,74,91,95,9,30,54,15,37,52,80" hai1="90,134,28,62,49,20,59,78,56,63,42,72,82" hai2="70,25,108,128,105,132,68,114,110,16,111,22,3" hai3="119,27,55,99,118,40,14,113,0,73,104,102,53"/><W19/><G113/><T17/><D112/><U115/><E115/><V65/><F114/><RYUUKYOKU type="kaze4" ba="2,0" sc="243,0,252,0,241,0,264,0" /><INIT seed="11,3,0,3,5,31" ten="243,252,241,264" oya="3" hai0="47,18,119,123,1,45,117,4,30,130,126,131,55" hai1="98,42,21,12,104,6,56,86,102,118,97,122,69" hai2="5,35,26,14,74,124,58,2,53,60,38,94,92" hai3="83,61,23,71,70,82,62,16,51,103,32,96,9"/><W36/><G36/><T90/><D123/><U52/><E118/><N who="0" m="45065" /><D126/><U22/><E122/><V85/><F38/><W48/><G9/><N who="0" m="2191" /><D30/><U0/><E69/><V107/><F124/><W17/><G23/><T11/><D90/><U72/><E72/><V84/><F107/><W27/><G27/><T112/><D55/><U129/><E129/><N who="0" m="49161" /><D112/><U113/><E113/><V77/><F74/><W50/><G32/><T67/><D67/><U68/><E68/><V95/><F26/><W132/><G132/><T8/><D8/><U28/><E42/><V34/><F2/><W49/><G49/><T121/><D121/><U65/><E65/><V127/><F127/><W25/><G51/><T66/><D66/><U37/><E37/><V44/><F5/><W133/><G25/><T3/><D18/><U57/><E0/><V128/><F128/><W114/><G133/><T110/><D110/><U43/><E43/><V134/><F134/><W78/><G114/><T33/><D33/><N who="2" m="12298" /><F77/><W76/><G103/><T10/><D10/><U108/><E108/><V101/><F101/><W7/><G7/><AGARI ba="3,0" hai="3,7,11,45,47" m="49161,2191,45065" machi="7" ten="30,2000,0" yaku="16,1,19,1" doraHai="31" who="0" fromWho="3" sc="243,29,252,0,241,0,264,-29" owari="272,37.0,252,5.0,241,-16.0,235,-26.0" /></mjloggm>