<mjloggm ver="2.3"><GO type="41" lobby="0"/><UN n0="%E3%81%93%E3%81%8F%E3%82%89%E3%81%82%E3%81%95%E3%81%B2" n1="%74%65%68%69%30%35%31%30" n2="%53%48" n3="%E2%93%9D%53%75%70%68%78" dan="13,15,14,18" rate="1805.55,1966.87,1916.22,2133.51" sx="F,M,M,M"/><TAIKYOKU oya="0"/><INIT seed="0,0,0,2,0,23" ten="250,250,250,250" oya="0" hai0="135,43,59,130,120,110,27,7,61,83,44,79,116" hai1="69,76,111,100,31,103,129,131,58,10,92,94,54" hai2="89,0,41,63,118,70,12,90,25,97,24,46,2" hai3="91,18,106,65,42,20,77,133,132,82,30,5,75"/><T122/><D116/><U78/><E69/><V45/><F118/><W9/><G30/><T112/><D112/><U87/><E10/><V52/><F70/><W32/><G32/><T15/><D130/><N who="1" m="49675" /><E31/><V74/><F74/><W60/><G42/><T35/><D135/><U72/><E54/><V121/><F121/><W50/><G106/><T115/><D115/><U1/><E58/><N who="2" m="35271" /><F0/><W3/><G91/><N who="2" m="34825" /><F2/><W8/><G50/><T98/><D110/><U117/><E1/><V49/><F46/><W71/><REACH who="3" step="1"/><G9/><REACH who="3" ten="250,250,250,240" step="2"/><T128/><D128/><U51/><E117/><V84/><F84/><W19/><G19/><T101/><D35/><U29/><E51/><V119/><F119/><W21/><G21/><T14/><D120/><U109/><E29/><V64/><F97/><W55/><G55/><T38/><D98/><U108/><E72/><V13/><F64/><W40/><G40/><T4/><D43/><U6/><E6/><V104/><F104/><W28/><G28/><T11/><D4/><U66/><E66/><V67/><F67/><W127/><G127/><T124/><D7/><U17/><E17/><V22/><F22/><W73/><G73/><T88/><D124/><U85/><E76/><V33/><F33/><W36/><G36/><T86/><D38/><U93/><E78/><V123/><F123/><W107/><G107/><T57/><D79/><U39/><E39/><V80/><F80/><W16/><G16/><T102/><D83/><U125/><E125/><V96/><F96/><W81/><G81/><T95/><D122/><U48/><E48/><V105/><F105/><RYUUKYOKU ba="0,1" sc="250,-30,250,10,250,10,240,10" hai1="85,87,92,93,94,100,103,108,109,111" hai2="12,13,24,25,41,45,49" hai3="3,5,8,18,20,60,65,71,75,77,82,132,133" /><INIT seed="1,1,1,2,3,116" ten="220,260,260,250" oya="1" hai0="17,131,69,96,6,126,7,36,15,110,127,108,18" hai1="89,56,41,119,86,35,67,75,4,25,82,58,121" hai2="32,95,88,97,109,111,47,10,90,87,71,78,125" hai3="68,114,54,102,64,50,11,103,26,46,9,44,0"/><U13/><E121/><V77/><F32/><W106/><G114/><T130/><D15/><U39/><E119/><V117/><F117/><W73/><G73/><T37/><REACH who="0" step="1"/><D96/><REACH who="0" ten="210,260,260,250" step="2"/><U48/><E13/><V81/><F125/><W49/><G0/><T105/><D105/><U8/><E4/><V91/><F71/><AGARI ba="1,2" hai="6,7,17,18,36,37,69,71,108,110,126,127,130,131" machi="71" ten="25,3200,0" yaku="1,1,22,2,53,0" doraHai="116" doraHaiUra="55" who="0" fromWho="2" sc="210,55,260,0,260,-35,250,0" /><INIT seed="2,0,0,5,2,124" ten="265,260,225,250" oya="2" hai0="114,73,62,135,52,127,109,25,20,14,93,77,110" hai1="58,95,30,40,44,105,42,13,91,56,59,88,112" hai2="102,46,118,107,82,31,19,97,87,17,69,49,75" hai3="24,67,83,94,27,65,71,48,5,90,6,22,37"/><V96/><F118/><W15/><G37/><T18/><D114/><U47/><E112/><V45/><F69/><W84/><G27/><T121/><D121/><U41/><E105/><V116/><F116/><W8/><G71/><T76/><D127/><U28/><E13/><V89/><F75/><W33/><G33/><T130/><D135/><U4/><E4/><V86/><F31/><N who="1" m="11817" /><E95/><V98/><F87/><W72/><G6/><T32/><D93/><U2/><E2/><V78/><F46/><AGARI ba="0,0" hai="40,41,42,44,46,47,56,58,59,88,91" m="11817" machi="46" ten="40,8000,1" yaku="28,2,8,1,54,1" doraHai="124" who="1" fromWho="2" sc="265,0,260,80,225,-80,250,0" /><INIT seed="3,0,0,5,3,100" ten="265,340,145,250" oya="3" hai0="76,10,14,63,93,0,8,58,64,41,71,4,109" hai1="52,67,88,95,2,115,86,132,59,13,120,20,81" hai2="92,12,83,129,31,7,111,3,121,85,130,56,15" hai3="84,135,37,77,53,87,50,62,118,68,48,125,49"/><W9/><G118/><T133/><D109/><U75/><E120/><V80/><F111/><W25/><G37/><T42/><D133/><U34/><E132/><V104/><F104/><W79/><G135/><T16/><D76/><N who="3" m="29257" /><G68/><T117/><D117/><U124/><E115/><V30/><F3/><W43/><G125/><T38/><D38/><U126/><E34/><V45/><F45/><W23/><G9/><T11/><D11/><U106/><E2/><V116/><F92/><W127/><G43/><T69/><D69/><U60/><E75/><V103/><F103/><W101/><G101/><T122/><D122/><U105/><E67/><V51/><F116/><W46/><G127/><N who="1" m="48682" /><E81/><V72/><F121/><W6/><G6/><T24/><D71/><U91/><E91/><V54/><F72/><W89/><G62/><T107/><D107/><N who="1" m="40971" /><E20/><V32/><F32/><W65/><G65/><T40/><D0/><U98/><E13/><V28/><F80/><N who="3" m="49287" /><G87/><AGARI ba="0,0" hai="52,59,60,86,87,88,95,98" m="40971,48682" machi="87" ten="30,12000,2" yaku="18,1,52,3,54,2" doraHai="100" who="1" fromWho="3" sc="265,0,340,120,145,0,250,-120" /><INIT seed="4,0,0,4,3,135" ten="265,460,145,130" oya="0" hai0="16,1,79,103,32,57,67,44,34,62,115,69,42" hai1="110,98,14,77,107,70,41,126,28,90,26,35,68" hai2="100,55,31,87,23,101,60,64,71,54,80,99,92" hai3="22,66,105,82,112,21,109,127,50,52,119,128,116"/><T61/><D1/><U0/><E0/><V39/><F39/><W133/><G109/><T58/><D115/><U8/><E110/><V53/><F101/><W117/><G105/><T114/><D114/><U59/><E41/><V10/><F10/><W75/><G112/><T122/><D122/><U12/><E77/><V4/><F4/><W85/><G75/><T20/><D103/><U78/><E78/><V111/><F111/><W5/><G128/><T113/><D113/><U19/><E126/><V118/><F118/><W72/><G72/><T24/><D79/><U81/><E107/><V18/><F31/><W30/><G66/><T91/><D91/><U104/><E104/><V33/><F33/><W15/><G133/><T129/><D129/><U43/><E43/><V9/><F9/><W89/><G30/><T13/><D13/><U49/><E14/><V132/><F132/><W38/><G38/><T11/><D11/><U130/><E130/><V73/><F73/><W124/><G5/><T76/><D76/><U108/><E108/><V6/><F6/><W106/><G106/><T121/><D121/><U56/><E56/><V86/><REACH who="2" step="1"/><F80/><REACH who="2" ten="265,460,135,130" step="2"/><W51/><G22/><T83/><D83/><U36/><E36/><V37/><F37/><W3/><G3/><T45/><D32/><U47/><E81/><V131/><F131/><W120/><G120/><T93/><D34/><U46/><E8/><V74/><F74/><W40/><G21/><T134/><D20/><U102/><E102/><V2/><F2/><W84/><G119/><T65/><D134/><U63/><E35/><RYUUKYOKU ba="0,1" sc="265,-10,460,-10,135,30,130,-10" hai2="18,23,53,54,55,60,64,71,86,87,92,99,100" /><INIT seed="5,1,1,0,2,92" ten="255,450,165,120" oya="1" hai0="44,135,43,21,93,65,98,103,37,71,124,64,74" hai1="76,41,25,59,107,84,19,22,110,18,2,75,7" hai2="29,119,79,117,125,57,90,32,31,27,26,40,36" hai3="47,122,46,96,30,121,39,4,104,23,112,70,45"/><U11/><E107/><V42/><F125/><W0/><G70/><T81/><D124/><U99/><E110/><V114/><F114/><W132/><G112/><T118/><D118/><U17/><E75/><V1/><F1/><W72/><G72/><T116/><D116/><U108/><E108/><V12/><F12/><W13/><G39/><T78/><D71/><U105/><E41/><V109/><F57/><W73/><G73/><T102/><D135/><U48/><E76/><V6/><F6/><W91/><G132/><T34/><D34/><U16/><E84/><V89/><F79/><W111/><G111/><T134/><D134/><U126/><E126/><V33/><F109/><W80/><G0/><T95/><D21/><U67/><E67/><V38/><AGARI ba="1,1" hai="26,27,29,31,32,33,36,38,40,42,89,90,117,119" machi="38" ten="25,3200,0" yaku="0,1,22,2" doraHai="92" who="2" fromWho="2" sc="255,-9,450,-17,165,45,120,-9" /><INIT seed="6,0,0,0,5,48" ten="246,433,210,111" oya="2" hai0="30,36,55,2,96,35,10,74,127,113,60,72,119" hai1="65,98,56,4,42,28,44,135,24,20,79,97,54" hai2="33,106,38,5,85,51,132,111,46,118,75,9,67" hai3="122,62,1,116,95,108,88,81,45,89,27,107,115"/><V3/><F118/><W68/><G116/><T52/><D119/><U103/><E135/><V86/><F132/><W64/><G108/><T57/><D36/><U7/><E79/><V101/><F111/><W112/><G107/><T104/><D113/><N who="3" m="43593" /><G1/><T131/><D127/><U13/><E65/><V110/><F110/><W25/><G122/><T105/><D131/><U26/><E26/><N who="3" m="9738" /><G95/><T39/><D104/><U121/><E121/><V134/><F33/><W109/><G109/><T92/><D35/><U124/><E124/><V22/><F134/><W128/><G81/><T114/><D114/><U23/><E44/><V31/><F31/><W70/><G45/><T100/><D105/><U102/><E42/><V14/><F38/><W130/><G70/><T17/><D2/><U90/><E90/><AGARI ba="0,0" hai="62,64,68,88,89,90,128,130" m="9738,43593" machi="90" ten="30,3900,0" yaku="15,1,11,1,54,1" doraHai="48" who="3" fromWho="1" sc="246,0,433,-39,210,0,111,39" /><INIT seed="7,0,0,2,0,56" ten="246,394,210,150" oya="3" hai0="92,123,33,6,88,39,51,14,115,112,54,57,82" hai1="113,26,119,59,86,69,100,43,126,63,28,0,17" hai2="97,85,22,122,16,83,60,131,99,50,45,46,21" hai3="29,93,34,37,114,9,105,121,41,53,128,23,118"/><W111/><G118/><T106/><D123/><U58/><E0/><V12/><F131/><W125/><G121/><T27/><D39/><U20/><E119/><V32/><F122/><W81/><G105/><T24/><D106/><U124/><E113/><N who="0" m="43593" /><D82/><U25/><E43/><N who="2" m="24895" /><F32/><W42/><G114/><T30/><D24/><U77/><E100/><V65/><F46/><W101/><G34/><T132/><D132/><U18/><E77/><N who="2" m="46319" /><F22/><W127/><G128/><T95/><D88/><U87/><E69/><V73/><F73/><W130/><G130/><T90/><D90/><U91/><E126/><N who="3" m="48138" /><G37/><T4/><D4/><U62/><E124/><V76/><F76/><W102/><G111/><T107/><D107/><U49/><E49/><V133/><F133/><W129/><G129/><T8/><AGARI ba="0,0" hai="6,8,14,27,30,33,51,54,57,92,95" m="43593" machi="8" ten="30,2000,0" yaku="15,1,11,1" doraHai="56" who="0" fromWho="0" sc="246,20,394,-5,210,-5,150,-10" owari="266,7.0,389,48.0,205,-19.0,140,-36.0" /></mjloggm>