<mjloggm ver="2.3"><GO type="41" lobby="0"/><UN n0="%4F%63%74%31%37" n1="%E3%81%A8%E3%82%89%E3%81%B5%E3%81%8B%E3%82%89%E3%81%A3%E3%81%B1" n2="%E3%82%86%E3%81%97%E3%81%BE" n3="%E2%93%9D%53%75%70%68%78" dan="15,13,15,16" rate="1942.18,1889.89,1972.12,2086.80" sx="M,M,M,M"/><TAIKYOKU oya="0"/><INIT seed="0,0,0,3,0,45" ten="250,250,250,250" oya="0" hai0="5,109,72,97,75,119,86,50,99,41,21,58,3" hai1="56,113,124,117,43,74,132,10,11,44,129,29,0" hai2="84,19,38,77,64,27,20,35,57,93,26,13,73" hai3="96,65,51,68,8,123,89,110,120,101,17,18,52"/><T62/><D119/><U34/><E74/><V103/><F38/><W111/><G89/><T46/><D109/><N who="3" m="41481" /><G65/><T88/><D72/><U133/><E129/><V33/><F33/><W28/><G28/><T55/><D75/><U2/><E124/><V39/><F39/><W114/><G68/><T135/><D135/><N who="1" m="51787" /><E56/><V49/><F73/><W115/><G8/><N who="1" m="3114" /><E117/><V40/><F35/><W66/><G66/><T15/><D3/><N who="1" m="1067" /><E44/><V24/><F103/><W105/><G115/><T81/><D5/><U22/><E43/><V1/><F1/><W23/><G114/><T30/><D30/><U131/><E113/><V60/><F40/><W134/><G134/><T6/><D6/><U25/><E131/><V59/><F93/><W125/><G125/><T126/><D126/><U76/><E76/><V69/><F69/><W107/><G107/><T32/><D32/><AGARI ba="0,0" hai="22,25,29,32,34" m="1067,3114,51787" machi="32" ten="40,5200,0" yaku="20,1,34,2" doraHai="45" who="1" fromWho="0" sc="250,-52,250,52,250,0,250,0" /><INIT seed="1,0,0,0,0,5" ten="198,302,250,250" oya="1" hai0="18,51,104,73,123,83,92,14,45,86,98,95,117" hai1="13,78,127,76,94,33,19,46,132,69,79,115,133" hai2="35,0,119,129,135,50,20,134,120,90,29,26,27" hai3="81,34,7,11,68,67,102,71,64,88,16,91,124"/><U32/><E127/><V28/><F120/><W42/><G34/><T60/><D73/><U36/><E69/><V59/><F119/><W38/><G102/><T55/><D117/><U106/><E106/><V108/><F90/><W107/><G107/><T122/><D60/><U53/><E115/><V10/><F59/><W85/><G124/><T24/><D24/><U111/><E111/><V96/><F96/><W8/><G38/><T89/><D104/><U47/><E36/><V80/><F80/><W130/><G42/><T66/><D66/><N who="3" m="25129" /><G7/><T131/><D131/><U99/><E53/><V105/><F105/><W109/><G130/><T30/><D30/><U44/><E33/><V4/><F129/><W22/><G71/><T65/><D65/><U57/><E57/><V25/><F50/><W112/><G109/><T103/><REACH who="0" step="1"/><D95/><REACH who="0" ten="188,302,250,250" step="2"/><U116/><E116/><V56/><F108/><W58/><G68/><T31/><D31/><U3/><E32/><V40/><F27/><N who="3" m="14791" /><G112/><T118/><D118/><U37/><E37/><V82/><F82/><N who="3" m="49207" /><G58/><T54/><D54/><U74/><E74/><V87/><F56/><W84/><AGARI ba="0,1" hai="8,11,81,84,91" m="49207,14791,25129" machi="84" ten="30,8000,1" yaku="8,1,52,2,54,2" doraHai="5" who="3" fromWho="3" sc="188,-20,302,-40,250,-20,250,90" /><INIT seed="2,0,0,1,4,16" ten="168,262,230,340" oya="2" hai0="87,66,126,122,59,81,129,39,133,6,76,1,69" hai1="45,56,103,27,9,99,85,46,106,18,124,102,38" hai2="118,90,70,123,135,79,117,115,64,121,14,33,52" hai3="25,20,86,55,111,7,67,128,77,2,40,130,53"/><V54/><F33/><W100/><G111/><T92/><D39/><U4/><E124/><V134/><F79/><W47/><G67/><T113/><D113/><U13/><E103/><V80/><F14/><W5/><G100/><T23/><D69/><U83/><E38/><V101/><F90/><W93/><G93/><T15/><D122/><N who="2" m="46602" /><F80/><W29/><G86/><T10/><D126/><U131/><E131/><N who="3" m="50218" /><G77/><T12/><D133/><N who="2" m="50698" /><F101/><W119/><G119/><N who="2" m="45577" /><F115/><W65/><G7/><T107/><D107/><U62/><E27/><V61/><AGARI ba="0,0" hai="52,54,61,64,70" m="45577,50698,46602" machi="61" ten="40,12000,1" yaku="20,1,34,2,54,1" doraHai="16" who="2" fromWho="2" sc="168,-40,262,-40,230,120,340,-40" /><INIT seed="2,1,0,2,0,79" ten="128,222,350,300" oya="2" hai0="32,39,71,12,95,22,91,87,82,24,131,54,130" hai1="21,37,58,48,107,41,60,114,124,94,75,42,110" hai2="45,104,85,56,73,47,69,112,14,33,88,31,15" hai3="19,70,72,17,101,133,121,128,122,129,52,134,18"/><V120/><F112/><W46/><G70/><T74/><D71/><U43/><E107/><V84/><F69/><W1/><G72/><T2/><D39/><U27/><E75/><V106/><F73/><W115/><G101/><T63/><D2/><U108/><E124/><V65/><F33/><W40/><G1/><T116/><D32/><U38/><E94/><V62/><F31/><W96/><G96/><T98/><D12/><U93/><E93/><V125/><F120/><N who="3" m="46187" /><G40/><T28/><D74/><U49/><E21/><V9/><F14/><W64/><G64/><T4/><D4/><U35/><E27/><V100/><F125/><W102/><G102/><T20/><D20/><U76/><E76/><V50/><F84/><W127/><G115/><T103/><D116/><U117/><E35/><V80/><F47/><W10/><G10/><T66/><REACH who="0" step="1"/><D54/><REACH who="0" ten="118,222,350,300" step="2"/><N who="1" m="33879" /><E117/><V23/><F23/><W89/><G127/><T99/><D99/><U119/><E119/><V83/><F100/><W6/><G6/><T135/><D135/><U11/><E11/><V90/><F104/><W44/><G134/><T68/><AGARI ba="1,1" hai="22,24,28,63,66,68,82,87,91,95,98,103,130,131" machi="68" ten="30,4000,0" yaku="1,1,0,1,52,1,53,0" doraHai="79" doraHaiUra="34" who="0" fromWho="0" sc="118,53,222,-11,350,-21,300,-11" /><INIT seed="3,0,0,3,1,69" ten="171,211,329,289" oya="3" hai0="1,47,82,112,62,121,108,133,63,109,106,72,120" hai1="130,14,53,31,99,59,43,11,24,114,105,78,100" hai2="77,52,68,86,101,93,90,70,60,84,132,45,38" hai3="64,26,104,25,135,75,17,8,51,19,107,37,0"/><W110/><G75/><T128/><D1/><U124/><E130/><V83/><F132/><W49/><G64/><T123/><D133/><U87/><E124/><V74/><F86/><W29/><G135/><T119/><D128/><U42/><E78/><V41/><REACH who="2" step="1"/><F101/><REACH who="2" ten="171,211,319,289" step="2"/><W131/><G131/><T16/><D112/><U39/><E87/><V134/><F134/><W4/><G110/><T44/><D119/><U28/><E114/><V89/><F89/><W7/><G29/><T18/><D121/><U33/><E100/><V76/><F76/><W129/><G129/><T88/><D72/><U40/><E39/><V113/><F113/><W54/><G37/><T118/><D118/><U125/><E125/><V61/><F61/><W117/><G117/><T111/><D111/><U48/><E31/><V22/><F22/><W57/><G51/><T5/><D88/><U32/><E28/><V55/><F55/><W126/><G126/><T20/><D109/><U35/><E35/><V56/><AGARI ba="0,1" hai="38,41,45,52,56,60,68,70,74,77,83,84,90,93" machi="56" ten="30,7900,0" yaku="1,1,0,1,52,1,54,1,53,0" doraHai="69" doraHaiUra="97" who="2" fromWho="2" sc="171,-20,211,-20,319,89,289,-39" /><INIT seed="4,0,0,4,1,24" ten="151,191,408,250" oya="0" hai0="48,19,33,66,4,21,119,22,40,61,76,129,67" hai1="135,95,121,54,124,134,118,57,56,65,44,11,122" hai2="63,90,38,87,59,39,29,10,20,107,103,75,14" hai3="70,53,99,47,101,25,52,113,114,125,15,8,35"/><T100/><D119/><U9/><E95/><V126/><F75/><W28/><G70/><T1/><D33/><U30/><E118/><V62/><F107/><W88/><G125/><T85/><D100/><U109/><E109/><V77/><F103/><W131/><G131/><T16/><D4/><U18/><E18/><N who="0" m="6697" /><D1/><U110/><E110/><V115/><F115/><N who="3" m="44043" /><G47/><N who="0" m="25703" /><D129/><U27/><E124/><V86/><F39/><W133/><G133/><N who="1" m="50698" /><E65/><N who="0" m="24585" /><D61/><N who="1" m="35991" /><E57/><V58/><F58/><W60/><G60/><T91/><D76/><U92/><E44/><V79/><F59/><W93/><G101/><T128/><D128/><U112/><E112/><V123/><F62/><W105/><G105/><T104/><D104/><U116/><E92/><AGARI ba="0,0" hai="21,22,85,91,92" m="24585,25703,6697" machi="92" ten="30,2900,0" yaku="8,1,54,1" doraHai="24" who="0" fromWho="1" sc="151,29,191,-29,408,0,250,0" /><INIT seed="4,1,0,3,0,98" ten="180,162,408,250" oya="0" hai0="7,112,113,40,48,44,79,124,119,21,27,109,86" hai1="53,74,101,66,41,80,45,70,17,49,38,96,6" hai2="63,8,18,99,134,114,116,110,127,30,47,130,115" hai3="123,58,122,36,11,89,19,43,12,35,67,135,121"/><T97/><D119/><U0/><E17/><V61/><F116/><W59/><G135/><T100/><D124/><U90/><E90/><V81/><F110/><W71/><G35/><T29/><D109/><U92/><E80/><V37/><F130/><W57/><G89/><T107/><D7/><U133/><E74/><V68/><F30/><W85/><G85/><T56/><REACH who="0" step="1"/><D56/><REACH who="0" ten="170,162,408,250" step="2"/><U51/><E6/><V132/><F127/><W52/><G71/><T118/><D118/><U131/><E131/><V13/><F68/><W104/><G67/><T28/><D28/><U16/><E133/><N who="2" m="51307" /><F47/><N who="3" m="24039" /><G104/><T65/><D65/><U78/><E66/><V69/><F69/><W10/><G10/><T111/><D111/><U3/><E70/><V82/><F37/><W88/><G59/><T120/><D120/><U72/><E38/><V128/><F128/><W75/><G58/><T32/><D32/><U39/><E39/><V31/><F31/><W42/><G123/><T76/><D76/><U5/><E5/><V84/><F61/><W77/><G122/><T46/><D46/><U34/><E34/><V105/><F63/><W102/><G77/><T94/><D94/><U33/><E33/><V83/><F84/><W15/><G121/><T64/><D64/><U60/><E60/><V20/><F8/><W14/><G11/><T24/><D24/><U22/><E78/><V62/><F62/><W55/><G57/><T2/><D2/><U129/><E129/><V108/><F108/><W93/><G93/><T4/><D4/><U54/><E0/><V26/><F26/><W125/><G125/><RYUUKYOKU ba="1,1" sc="170,15,162,-15,408,15,250,-15" hai0="21,27,29,40,44,48,79,86,97,100,107,112,113" hai2="13,18,20,81,82,83,99,105,114,115" /><INIT seed="4,2,1,4,5,29" ten="185,147,423,235" oya="0" hai0="117,19,103,55,4,71,124,130,77,22,9,54,122" hai1="131,18,44,106,58,112,92,70,27,89,51,88,62" hai2="73,135,75,108,42,28,120,12,104,38,128,129,83" hai3="57,90,31,26,78,39,65,47,23,82,72,99,64"/><T2/><D71/><U63/><E106/><V125/><F12/><W85/><G39/><T41/><D122/><U86/><E131/><V81/><F28/><W48/><G57/><T101/><D117/><U97/><E112/><V53/><F53/><W66/><G99/><T37/><D124/><U80/><E70/><V3/><F42/><W52/><REACH who="3" step="1"/><G66/><REACH who="3" ten="185,147,423,225" step="2"/><T96/><D130/><U46/><E58/><V34/><F128/><W5/><G5/><T119/><D119/><U24/><E46/><V100/><F100/><W60/><G60/><N who="1" m="23082" /><E18/><V74/><F74/><W115/><G115/><T59/><D103/><U121/><E121/><V15/><F75/><W20/><G20/><T116/><D116/><U17/><E17/><V127/><F127/><W13/><G13/><T56/><D59/><U94/><E24/><V10/><F15/><W107/><G107/><T79/><D56/><U76/><E27/><V133/><F125/><W87/><G87/><T118/><D118/><U8/><E8/><V21/><F10/><W68/><G68/><T11/><D11/><U40/><E97/><V132/><F132/><W1/><G1/><T7/><D7/><U114/><E114/><V102/><F133/><W84/><G84/><T33/><D19/><U0/><E0/><V98/><F135/><W50/><G50/><T105/><D22/><U123/><E123/><V16/><F21/><W110/><G110/><T126/><D126/><U134/><E134/><V111/><F16/><W93/><AGARI ba="2,2" hai="23,26,31,47,48,52,64,65,72,78,82,85,90,93" machi="93" ten="20,5200,0" yaku="1,1,0,1,7,1,54,1,53,0" doraHai="29" doraHaiUra="67" who="3" fromWho="3" sc="185,-28,147,-15,423,-15,225,78" /><INIT seed="5,0,0,5,3,95" ten="157,132,408,303" oya="1" hai0="31,120,12,102,46,22,20,84,16,33,78,128,82" hai1="117,106,24,85,109,55,89,34,135,3,52,60,118" hai2="50,130,87,19,81,91,18,13,74,54,105,67,121" hai3="126,39,7,64,73,129,65,133,125,8,100,6,32"/><U35/><E106/><V132/><F121/><W66/><G32/><T61/><D128/><U110/><E3/><V26/><F74/><W104/><G39/><T47/><D33/><N who="1" m="12299" /><E24/><V108/><F105/><W23/><G133/><T51/><D61/><U17/><E17/><V63/><F108/><N who="1" m="41577" /><E135/><V58/><F130/><W10/><G73/><T27/><D120/><U53/><E60/><V107/><F107/><W90/><G129/><T99/><REACH who="0" step="1"/><D51/><REACH who="0" ten="147,132,408,303" step="2"/><U83/><AGARI ba="0,1" hai="52,53,55,83,85,89,117,118" m="41577,12299" machi="83" ten="40,3900,0" yaku="10,1,54,1" doraHai="95" who="1" fromWho="1" sc="147,-13,132,49,408,-13,303,-13" /><INIT seed="5,1,0,2,5,87" ten="134,181,395,290" oya="1" hai0="78,10,131,6,128,53,61,43,113,69,33,118,70" hai1="57,94,8,75,72,0,42,9,123,27,85,106,107" hai2="46,130,20,14,134,15,114,83,71,59,111,7,124" hai3="2,108,135,47,29,17,41,110,66,96,38,90,62"/><U5/><E123/><V121/><F71/><W65/><G2/><T122/><D33/><U48/><E75/><V55/><F111/><W58/><G29/><T116/><D78/><U97/><E72/><V40/><F121/><W95/><G135/><T52/><D10/><U102/><E27/><V56/><F56/><W109/><REACH who="3" step="1"/><G17/><REACH who="3" ten="134,181,395,280" step="2"/><T16/><D16/><U133/><E133/><V76/><F134/><W115/><G115/><T112/><D6/><U51/><E5/><V24/><F7/><W30/><G30/><T84/><D84/><U39/><E0/><V3/><F3/><W11/><G11/><T68/><D122/><U37/><E85/><V117/><F124/><W126/><G126/><T99/><D99/><U93/><E97/><V49/><F114/><N who="0" m="44138" /><D43/><U64/><E42/><V12/><F117/><N who="0" m="45162" /><D61/><U92/><E8/><V79/><F130/><AGARI ba="1,1" hai="52,53,68,69,70,128,130,131" m="45162,44138" machi="130" ten="40,12000,2" yaku="28,2,19,1,15,1,34,2,54,1" doraHai="87" who="0" fromWho="2" sc="134,133,181,0,395,-123,280,0" /><INIT seed="6,0,0,0,2,118" ten="267,181,272,280" oya="2" hai0="62,133,37,88,134,66,105,72,78,12,57,44,8" hai1="74,130,14,34,2,120,113,123,45,35,0,108,71" hai2="107,70,135,63,61,17,10,96,89,103,110,102,39" hai3="7,112,47,114,97,73,49,38,52,33,101,87,127"/><V23/><F39/><W50/><G73/><T56/><D105/><U28/><E71/><V15/><F135/><W93/><G33/><T69/><D78/><U48/><E74/><V13/><F70/><W32/><G32/><T40/><D72/><U106/><E106/><V122/><F122/><N who="1" m="46633" /><E108/><V90/><F110/><W64/><G127/><T5/><REACH who="0" step="1"/><D88/><REACH who="0" ten="257,181,272,280" step="2"/><U119/><E119/><V83/><F90/><W43/><G114/><T98/><D98/><U21/><E113/><V82/><F102/><W54/><G112/><T67/><D67/><U121/><N who="1" m="46641" /><U115/><DORA hai="22" /><E115/><V84/><REACH who="2" step="1"/><F83/><REACH who="2" ten="257,181,262,280" step="2"/><W104/><G101/><T11/><D11/><U65/><E65/><V9/><F9/><W85/><G64/><T41/><D41/><N who="1" m="24623" /><E130/><V68/><F68/><W53/><G43/><T29/><D29/><U109/><E109/><V76/><F76/><W18/><G54/><T3/><D3/><N who="1" m="1067" /><E28/><V4/><AGARI ba="0,2" hai="4,10,13,15,17,23,61,63,82,84,89,96,103,107" machi="4" ten="20,12000,1" yaku="1,1,0,1,7,1,53,2" doraHai="118,22" doraHaiUra="16,86" who="2" fromWho="2" sc="257,-40,181,-40,262,140,280,-40" /><INIT seed="6,1,0,0,2,99" ten="217,141,402,240" oya="2" hai0="12,90,7,60,108,124,123,27,44,47,111,97,19" hai1="58,82,81,70,95,113,41,112,110,71,38,26,59" hai2="115,14,2,73,11,1,51,135,5,87,128,65,89" hai3="118,17,129,125,121,50,0,122,24,78,66,64,4"/><V104/><F73/><W106/><G106/><T120/><D60/><U127/><E26/><V18/><F115/><W102/><G118/><T96/><D27/><U36/><E95/><V22/><F135/><W25/><G4/><T46/><D7/><U85/><E85/><V133/><F133/><W93/><G50/><T30/><D30/><U54/><E110/><V119/><F119/><W130/><G125/><T20/><D124/><U91/><E91/><V3/><F104/><W77/><G17/><T15/><D90/><U48/><E127/><V80/><F128/><W131/><G0/><T75/><D75/><U6/><E6/><V109/><F109/><W8/><G8/><T84/><D84/><U57/><E82/><V49/><REACH who="2" step="1"/><F65/><REACH who="2" ten="217,141,392,240" step="2"/><W9/><G66/><T117/><D117/><U94/><E81/><V61/><F61/><W52/><G64/><T56/><D108/><U126/><E94/><V55/><F55/><W107/><G52/><T32/><D111/><U68/><E126/><V116/><F116/><W37/><G107/><T69/><D123/><U63/><E113/><V74/><F74/><W134/><G134/><T23/><D120/><U13/><E112/><V92/><F92/><W21/><G122/><T35/><D69/><N who="1" m="26731" /><E13/><AGARI ba="1,1" hai="1,2,3,5,11,13,14,18,22,49,51,80,87,89" machi="13" ten="40,2000,0" yaku="1,1,53,0" doraHai="99" doraHaiUra="62" who="2" fromWho="1" sc="217,0,141,-23,392,33,240,0" /><INIT seed="6,2,0,3,1,104" ten="217,118,425,240" oya="2" hai0="116,23,86,5,3,113,28,128,108,85,135,68,82" hai1="117,16,79,47,49,112,70,54,53,67,62,73,93" hai2="45,129,133,126,101,52,130,105,120,43,122,46,36" hai3="91,132,60,121,72,4,29,75,33,20,34,31,76"/><V9/><F105/><W19/><G76/><T111/><D68/><U35/><E112/><V106/><F106/><W6/><G60/><T89/><D5/><N who="3" m="2153" /><G91/><T2/><D23/><U7/><E117/><V24/><F9/><W77/><G77/><T119/><D28/><N who="3" m="10825" /><G132/><T65/><D65/><U115/><E35/><N who="3" m="13322" /><G121/><N who="2" m="46697" /><F24/><W131/><G131/><N who="2" m="50185" /><F101/><W80/><G80/><T78/><D135/><U32/><E32/><V71/><F133/><W114/><G114/><T103/><D113/><U110/><E115/><V134/><F134/><W55/><G55/><T15/><D103/><U100/><E100/><V10/><F10/><W27/><G27/><T59/><D119/><U41/><E73/><N who="3" m="28234" /><G20/><T94/><D128/><U58/><E79/><V38/><F71/><W118/><G118/><T84/><D116/><U74/><E7/><V109/><F52/><N who="1" m="20073" /><E74/><V83/><F83/><W64/><G64/><T61/><D61/><U21/><E70/><V42/><F109/><W92/><G92/><T124/><D94/><U14/><E110/><V18/><F18/><AGARI ba="2,0" hai="18,19" m="28234,13322,10825,2153" machi="18" ten="40,8000,1" yaku="28,2,52,3" doraHai="104" who="3" fromWho="2" sc="217,0,118,0,425,-86,240,86" /><INIT seed="7,0,0,0,3,29" ten="217,118,339,326" oya="3" hai0="17,134,11,3,122,69,59,120,74,43,54,13,37" hai1="109,102,111,36,15,90,70,7,22,53,12,30,112" hai2="10,52,14,41,39,56,62,27,50,45,104,31,119" hai3="73,1,97,131,132,20,94,71,110,79,46,133,44"/><W81/><G71/><T106/><D74/><U4/><E36/><V16/><F104/><W60/><G1/><T98/><D3/><U128/><E70/><V47/><F119/><W121/><G121/><T115/><D69/><U87/><E53/><V91/><F91/><W92/><G131/><T103/><D134/><N who="3" m="51817" /><G110/><T123/><D43/><U21/><E102/><V8/><F8/><W84/><G60/><T113/><D37/><U38/><E38/><V6/><F6/><W80/><G20/><T48/><AGARI ba="0,0" hai="11,13,17,48,54,59,98,103,106,113,115,120,122,123" machi="48" ten="40,1500,0" yaku="0,1" doraHai="29" who="0" fromWho="0" sc="217,15,118,-4,339,-4,326,-7" owari="232,-17.0,114,-39.0,335,44.0,319,12.0" /></mjloggm>