<mjloggm ver="2.3"><GO type="41" lobby="0"/><UN n0="%E3%81%B2%E3%81%BE%E5%AD%90" n1="%4E%78%61%6E%67%6F" n2="%E3%81%88%E3%81%B3%E3%81%99%39%2F%39" n3="%E2%93%9D%53%75%70%68%78" dan="13,13,15,18" rate="1885.28,1801.58,2033.48,2101.79" sx="F,F,M,M"/><TAIKYOKU oya="0"/><INIT seed="0,0,0,1,2,48" ten="250,250,250,250" oya="0" hai0="19,30,40,24,85,134,112,55,105,110,59,3,70" hai1="2,61,80,25,79,18,42,14,28,115,113,133,75" hai2="123,16,119,92,21,97,101,131,107,8,66,27,58" hai3="72,117,23,109,81,4,124,89,120,37,47,128,130"/><T100/><D70/><U50/><E133/><V29/><F131/><W83/><G4/><T22/><D112/><N who="1" m="43083" /><E2/><V116/><F123/><W31/><G117/><T36/><D134/><U17/><E61/><N who="2" m="38199" /><F107/><W93/><G124/><T114/><D3/><U9/><E42/><V49/><F49/><W38/><G109/><T62/><D114/><U74/><E50/><V13/><AGARI ba="0,0" hai="8,13,16,21,27,29,92,97,101,116,119" m="38199" machi="13" ten="30,2000,0" yaku="25,1,54,1" doraHai="48" who="2" fromWho="2" sc="250,-10,250,-5,250,20,250,-5" /><INIT seed="1,0,0,5,0,7" ten="240,245,270,245" oya="1" hai0="29,116,55,28,44,92,117,43,71,118,38,115,123" hai1="60,15,46,90,56,1,57,35,65,19,33,54,133" hai2="52,74,81,32,103,18,96,95,129,104,61,48,130" hai3="89,106,41,58,102,5,37,3,76,126,25,94,69"/><U88/><E1/><V63/><F32/><W12/><G126/><T50/><D115/><U132/><E35/><V62/><F104/><W2/><G69/><T11/><D11/><N who="1" m="6655" /><E33/><V119/><F119/><W91/><G76/><T70/><D123/><U64/><E46/><V111/><F111/><W51/><G106/><T9/><D9/><U16/><E65/><V100/><F100/><W75/><G102/><T110/><D92/><U8/><E133/><V78/><REACH who="2" step="1"/><F18/><REACH who="2" ten="240,245,260,245" step="2"/><W86/><G5/><T83/><D110/><U124/><E132/><V109/><F109/><W68/><G94/><T39/><D29/><U30/><E30/><V114/><F114/><W79/><G91/><T82/><D28/><U49/><E124/><V120/><F120/><W24/><G89/><T105/><D105/><U108/><E108/><V45/><AGARI ba="0,1" hai="45,48,52,61,62,63,74,78,81,95,96,103,129,130" machi="45" ten="30,4000,0" yaku="1,1,0,1,54,1,53,0" doraHai="7" doraHaiUra="23" who="2" fromWho="2" sc="240,-10,245,-20,260,50,245,-10" /><INIT seed="2,0,0,3,5,55" ten="230,225,310,235" oya="2" hai0="90,67,10,75,85,104,38,106,132,24,41,0,35" hai1="45,36,63,52,33,9,17,7,130,131,129,71,13" hai2="123,108,72,92,28,22,25,86,42,62,34,77,98" hai3="125,61,14,1,73,43,32,126,29,112,12,39,5"/><V119/><F119/><W60/><G73/><T64/><D132/><U16/><E33/><V82/><F123/><W76/><G76/><T15/><D75/><U48/><REACH who="1" step="1"/><E36/><REACH who="1" ten="230,215,310,235" step="2"/><V54/><F108/><W101/><G32/><T113/><D35/><U96/><E96/><V65/><F72/><W114/><G39/><T68/><D113/><U78/><E78/><V40/><F34/><W91/><G114/><T94/><D38/><U118/><E118/><V56/><REACH who="2" step="1"/><F65/><AGARI ba="0,1" hai="7,9,13,16,17,45,48,52,63,65,71,129,130,131" machi="65" ten="40,8000,1" yaku="1,1,19,1,54,2,53,1" doraHai="55" doraHaiUra="58" who="1" fromWho="2" sc="230,0,215,90,310,-80,235,0" /><INIT seed="3,0,0,0,5,68" ten="230,305,230,235" oya="3" hai0="49,81,91,83,107,98,74,54,75,73,89,111,0" hai1="19,53,133,77,37,61,130,99,94,24,86,66,104" hai2="128,114,132,13,46,103,3,90,121,96,38,45,123" hai3="124,102,16,10,76,55,22,44,112,97,15,117,8"/><W109/><G112/><T69/><D69/><U122/><E122/><V27/><F114/><W59/><G117/><T101/><D0/><U87/><E104/><V88/><F3/><W5/><G124/><T125/><D125/><U82/><E133/><V48/><F132/><W39/><G76/><T57/><D111/><U105/><E105/><N who="2" m="63719" /><F13/><W64/><G64/><T17/><D17/><U18/><E130/><V79/><F79/><W116/><G116/><T115/><D115/><U4/><E4/><V127/><F27/><W58/><G109/><T26/><REACH who="0" step="1"/><D26/><REACH who="0" ten="220,305,230,235" step="2"/><U28/><E19/><V80/><F127/><W47/><G5/><T60/><D60/><U129/><E18/><V52/><F128/><W30/><G10/><T40/><D40/><U131/><E129/><V33/><F80/><AGARI ba="0,1" hai="49,54,57,73,74,75,80,81,83,89,91,98,101,107" machi="80" ten="40,1300,0" yaku="1,1,53,0" doraHai="68" doraHaiUra="43" who="0" fromWho="2" sc="220,23,305,0,230,-13,235,0" /><INIT seed="4,0,0,0,1,59" ten="243,305,217,235" oya="0" hai0="11,14,66,38,128,20,91,118,82,78,21,45,120" hai1="48,123,131,132,15,13,29,96,113,127,36,52,75" hai2="106,77,103,85,133,58,89,5,88,55,39,119,84" hai3="50,108,129,134,60,26,27,51,19,116,3,124,86"/><T93/><D120/><U110/><E123/><V12/><F133/><W16/><G3/><T87/><D118/><U109/><E75/><V22/><F39/><W41/><G116/><T1/><D1/><U112/><E36/><V80/><F119/><W9/><G108/><T95/><D95/><U18/><E29/><V111/><F111/><N who="1" m="42505" /><E132/><V79/><F103/><W107/><G129/><T114/><D114/><N who="1" m="44139" /><E131/><V49/><F106/><W104/><G134/><T126/><D128/><U31/><E31/><V81/><REACH who="2" step="1"/><F22/><REACH who="2" ten="243,305,207,235" step="2"/><W24/><G107/><T62/><D38/><U30/><E127/><V2/><F2/><W54/><G104/><T105/><D105/><U25/><E13/><V61/><F61/><W76/><G60/><T73/><D126/><U46/><E15/><V94/><F94/><W47/><G124/><T122/><D122/><U102/><E25/><V56/><F56/><N who="3" m="32855" /><G9/><AGARI ba="0,1" hai="5,9,12,49,55,58,77,79,80,81,84,85,88,89" machi="9" ten="40,8000,1" yaku="1,1,9,1,8,1,54,1,53,0" doraHai="59" doraHaiUra="32" who="2" fromWho="3" sc="243,0,305,0,207,90,235,-80" /><INIT seed="5,0,0,5,2,72" ten="243,305,297,155" oya="1" hai0="99,111,18,114,53,100,66,69,50,24,116,31,12" hai1="98,102,47,19,89,118,20,76,2,8,85,119,127" hai2="82,32,108,49,27,44,94,22,4,125,93,67,6" hai3="97,135,52,14,58,109,3,103,48,42,134,92,39"/><U29/><E29/><V78/><F125/><W16/><G3/><T80/><D111/><U60/><E127/><V40/><F32/><W83/><G109/><T26/><D116/><U122/><E122/><V54/><F108/><W105/><G105/><T113/><D69/><U77/><E60/><V129/><F129/><W123/><G123/><T79/><D66/><U74/><E74/><V61/><F4/><W104/><G104/><T25/><D31/><U46/><E118/><V15/><F54/><W115/><G115/><N who="0" m="44043" /><D99/><U88/><E119/><V121/><F15/><W87/><G42/><T57/><D100/><U55/><E2/><V11/><F11/><W1/><G39/><T86/><D26/><N who="1" m="14623" /><E8/><AGARI ba="0,0" hai="8,12,18,24,25,50,53,57,79,80,86" m="44043" machi="8" ten="30,2000,0" yaku="15,1,52,1" doraHai="72" who="0" fromWho="1" sc="243,20,305,-20,297,0,155,0" /><INIT seed="6,0,0,2,0,14" ten="263,285,297,155" oya="2" hai0="4,89,55,112,27,97,15,128,44,43,93,23,108" hai1="58,63,30,21,76,133,95,67,69,64,96,132,53" hai2="105,126,104,135,81,106,57,59,83,119,56,75,66" hai3="6,115,70,39,33,129,22,16,2,109,68,94,65"/><V20/><F119/><W77/><G109/><T17/><D108/><U51/><E76/><V82/><F135/><N who="1" m="51785" /><E67/><V118/><F118/><W42/><G33/><T114/><D128/><U79/><E79/><V47/><F126/><W50/><G39/><T29/><D4/><U62/><E62/><V100/><F66/><W99/><G129/><T131/><D55/><U35/><E35/><V41/><F20/><W9/><G115/><N who="0" m="44075" /><D131/><U117/><E117/><V111/><F111/><W52/><G42/><T45/><D43/><U91/><E21/><AGARI ba="0,0" hai="15,17,21,23,27,29,44,45,89,93,97" m="44075" machi="21" ten="30,2000,0" yaku="15,1,52,1" doraHai="14" who="0" fromWho="1" sc="263,20,285,-20,297,0,155,0" /><INIT seed="7,0,0,5,5,64" ten="283,265,297,155" oya="3" hai0="101,73,126,69,78,67,7,131,128,118,22,68,75" hai1="105,25,18,114,95,92,47,42,74,85,134,24,113" hai2="121,39,56,20,71,53,89,108,123,45,72,106,30" hai3="17,43,14,54,55,61,57,60,82,6,49,19,52"/><W5/><G43/><T94/><D118/><U12/><E74/><V120/><F72/><W11/><G82/><T15/><D67/><U112/><E105/><V40/><F106/><W10/><G61/><T41/><D41/><U129/><E134/><V65/><F108/><W66/><REACH who="3" step="1"/><G49/><REACH who="3" ten="283,265,297,145" step="2"/><T110/><D110/><U124/><E124/><V2/><F40/><W76/><G76/><T21/><D78/><U13/><E129/><N who="0" m="49737" /><D126/><U86/><E42/><V70/><F123/><W103/><G103/><T116/><D116/><U28/><E112/><V80/><F80/><W3/><AGARI ba="0,1" hai="3,5,6,10,11,14,17,19,52,54,55,57,60,66" machi="3" ten="30,6000,0" yaku="1,1,0,1,54,1,53,0" doraHai="64" doraHaiUra="133" who="3" fromWho="3" sc="283,-20,265,-20,297,-20,145,70" /><INIT seed="7,1,0,0,3,94" ten="263,245,277,215" oya="3" hai0="117,46,127,106,58,38,93,95,113,49,87,82,92" hai1="30,0,3,22,80,42,123,12,48,8,83,41,4" hai2="108,130,11,115,61,104,79,73,33,19,25,120,111" hai3="76,15,81,88,103,39,129,114,45,62,21,134,125"/><W131/><G114/><T40/><D117/><U52/><E123/><V90/><F104/><W119/><G119/><T18/><D113/><U133/><E133/><V51/><F115/><W102/><G62/><T107/><D127/><U74/><E0/><V99/><F79/><W84/><G125/><T56/><D38/><U9/><E30/><V96/><F73/><W101/><G134/><T63/><D106/><U28/><E28/><V16/><F33/><W78/><G21/><T126/><D107/><U1/><E22/><N who="2" m="13511" /><F111/><W67/><G67/><T44/><D126/><U105/><E105/><V43/><F108/><W5/><G15/><T91/><D46/><U31/><E31/><V55/><F90/><W14/><G14/><T36/><D36/><U23/><E23/><V86/><F86/><W47/><G5/><T116/><D116/><U35/><E35/><V7/><F7/><W109/><G109/><T135/><D135/><U32/><E32/><V118/><F130/><N who="3" m="49675" /><G47/><T89/><D58/><U2/><E74/><V53/><F120/><W72/><G72/><T57/><D57/><U77/><E77/><V128/><F118/><W70/><G70/><T13/><D91/><U65/><E65/><V85/><F85/><W26/><G26/><T17/><REACH who="0" step="1"/><D13/><REACH who="0" ten="253,245,277,215" step="2"/><U20/><E12/><N who="2" m="7583" /><F128/><W69/><G69/><T132/><D132/><U64/><E1/><V27/><F27/><W75/><G75/><T29/><D29/><U68/><E2/><V60/><F43/><AGARI ba="1,1" hai="39,43,45,76,78,81,84,88,101,102,103" m="49675" machi="43" ten="30,2900,0" yaku="19,1,54,1" doraHai="94" who="3" fromWho="2" sc="253,0,245,0,277,-32,215,42" /><INIT seed="7,2,0,4,0,28" ten="253,245,245,257" oya="3" hai0="130,85,63,10,24,113,83,133,110,18,2,123,73" hai1="68,62,112,108,23,107,30,66,61,4,105,118,45" hai2="76,114,96,6,109,70,21,119,56,88,44,36,1" hai3="74,47,46,75,25,126,13,102,94,116,104,59,124"/><W120/><G104/><T81/><D123/><U67/><E108/><V22/><F109/><W95/><G116/><T48/><D110/><U34/><E34/><V121/><F70/><W84/><G13/><T77/><D130/><U29/><E118/><V49/><F119/><W32/><G59/><T19/><D133/><U97/><E112/><V92/><F114/><W57/><G57/><T103/><D113/><U8/><E45/><N who="3" m="16906" /><G84/><T79/><D48/><U43/><E43/><V41/><F121/><W93/><G102/><T40/><D40/><U125/><E125/><N who="3" m="48234" /><G120/><T69/><D103/><U38/><E38/><V89/><F1/><W54/><G54/><T12/><D2/><U9/><E4/><V50/><F6/><W128/><G128/><T35/><D69/><U39/><E39/><V31/><F36/><W0/><G0/><T71/><D71/><U60/><E68/><V17/><F56/><W37/><G37/><T65/><D63/><U78/><E60/><V117/><F49/><W16/><G32/><T90/><D35/><U3/><E3/><V129/><F129/><W53/><G53/><T33/><D33/><U91/><E107/><V101/><F117/><W87/><G87/><T122/><D65/><U7/><E105/><V26/><REACH who="2" step="1"/><F76/><REACH who="2" ten="253,245,235,257" step="2"/><W51/><G51/><T27/><D122/><U115/><E78/><N who="0" m="29705" /><D73/><U132/><E115/><V131/><F131/><W14/><G75/><T15/><D81/><U42/><E62/><V82/><F82/><W5/><G74/><T58/><D58/><U98/><E61/><V80/><F80/><W106/><G5/><RYUUKYOKU ba="2,1" sc="253,15,245,-15,235,15,257,-15" hai0="10,12,15,18,19,24,27,83,85,90" hai2="17,21,22,26,31,41,44,50,88,89,92,96,101" /><INIT seed="8,3,1,1,0,82" ten="268,230,250,242" oya="0" hai0="11,74,116,106,134,88,103,29,76,32,58,25,49" hai1="22,111,27,114,67,125,59,15,118,23,38,13,94" hai2="36,14,12,44,80,56,63,24,45,90,72,120,50" hai3="121,19,65,97,39,135,105,42,126,55,41,81,62"/><T20/><D116/><U43/><E111/><V129/><F120/><W6/><G6/><T92/><D134/><U102/><E118/><V107/><F107/><W117/><G117/><T26/><D106/><U86/><E38/><V131/><F36/><W69/><G135/><T110/><D103/><U79/><E43/><V91/><F24/><W31/><G126/><T35/><D76/><U89/><E125/><V37/><F37/><W16/><G55/><T93/><D74/><U87/><E114/><V104/><F104/><W9/><G121/><T64/><D11/><U77/><E102/><V53/><F44/><W68/><G68/><T84/><D110/><U40/><E40/><V46/><F45/><W1/><G42/><T96/><D26/><U66/><E22/><V34/><F34/><W51/><G39/><T57/><D57/><U123/><E123/><V98/><F72/><W7/><G31/><T4/><D4/><U75/><E75/><V71/><F71/><W70/><G70/><T73/><D73/><U10/><E59/><V122/><F122/><W130/><G130/><N who="2" m="49673" /><F98/><W60/><G97/><T17/><D17/><N who="1" m="12783" /><E15/><N who="2" m="5675" /><F80/><W5/><G81/><T18/><D35/><U47/><E47/><V30/><F30/><W100/><G105/><T28/><D32/><U0/><E0/><V124/><F124/><W2/><G2/><T108/><D108/><U54/><E54/><AGARI ba="3,1" hai="46,50,53,54,56,63,90,91" m="5675,49673" machi="54" ten="30,1000,0" yaku="19,1" doraHai="82" who="2" fromWho="1" sc="268,0,230,-19,250,29,242,0" /><INIT seed="9,0,0,3,4,123" ten="268,211,279,242" oya="1" hai0="66,82,46,60,41,78,4,13,103,77,129,0,32" hai1="119,33,22,125,106,74,131,64,112,51,5,95,98" hai2="58,81,14,30,61,6,16,87,86,85,105,29,40" hai3="76,53,122,68,15,65,83,107,59,93,97,127,134"/><U38/><E38/><V70/><F105/><W27/><G122/><T49/><D129/><U11/><E33/><V124/><F124/><W130/><G107/><T88/><D32/><U69/><E112/><V48/><F70/><W121/><G134/><T101/><D0/><U126/><E131/><V26/><F6/><W63/><G121/><T9/><D77/><U116/><E106/><V10/><F81/><W135/><G135/><T96/><D88/><N who="1" m="55655" /><E74/><V20/><F40/><W39/><G39/><T72/><D96/><U42/><E22/><V102/><F48/><W50/><G127/><N who="1" m="48650" /><E64/><N who="2" m="38967" /><F102/><W73/><G130/><T8/><D8/><U56/><E69/><AGARI ba="0,0" hai="4,9,13,41,46,49,60,66,69,72,78,82,101,103" machi="69" ten="30,1000,0" yaku="7,1" doraHai="123" who="0" fromWho="1" sc="268,10,211,-10,279,0,242,0" /><INIT seed="10,0,0,5,0,3" ten="278,201,279,242" oya="2" hai0="12,96,128,99,39,88,79,65,107,43,73,31,134" hai1="58,20,77,16,126,14,132,28,21,68,61,18,10" hai2="49,135,66,90,85,121,37,41,1,81,82,100,15" hai3="113,72,114,46,63,25,29,87,7,127,76,36,55"/><V5/><F135/><W64/><G87/><T80/><D65/><U57/><E132/><V24/><F121/><W110/><G110/><T131/><D134/><U48/><E126/><V27/><F1/><W74/><G76/><T38/><D31/><U93/><E68/><V4/><F37/><W117/><G117/><T70/><D70/><U26/><E77/><V50/><F100/><W56/><G7/><N who="2" m="2633" /><F15/><W0/><G127/><T44/><D39/><U59/><E48/><N who="2" m="18539" /><F41/><W9/><G36/><T123/><D123/><U83/><E83/><N who="2" m="31755" /><F66/><W42/><G64/><T11/><D99/><U98/><E61/><V32/><F32/><W60/><G60/><T108/><D108/><U116/><E116/><V86/><F86/><W129/><G0/><T84/><D12/><U112/><E112/><V23/><F23/><W33/><G114/><T67/><D11/><U34/><REACH who="1" step="1"/><E18/><REACH who="1" ten="278,191,279,242" step="2"/><V104/><F104/><W111/><G113/><T115/><D115/><U6/><E6/><V62/><F62/><W91/><G63/><T2/><D67/><U53/><E53/><V92/><AGARI ba="0,1" hai="24,27,85,90,92" m="31755,18539,2633" machi="92" ten="30,11700,0" yaku="8,1,52,3" doraHai="3" who="2" fromWho="2" sc="278,-39,191,-39,279,127,242,-39" owari="239,4.0,152,-35.0,406,51.0,203,-20.0" /></mjloggm>