<mjloggm ver="2.3"><GO type="41" lobby="0"/><UN n0="%E3%81%84%E3%81%A8%E3%81%A1%E3%82%83" n1="%E3%82%8A%E3%82%85%E3%81%86%E3%81%8F%E3%82%93" n2="%E2%93%9D%53%75%70%68%78" n3="%E3%82%AB%E3%83%97%E3%83%81%E3%83%BC%E3%83%8E%E2%98%85" dan="14,14,18,14" rate="1972.08,1946.79,2125.12,1996.90" sx="M,M,M,M"/><TAIKYOKU oya="0"/><INIT seed="0,0,0,5,4,78" ten="250,250,250,250" oya="0" hai0="45,60,110,27,42,6,73,77,8,91,31,64,32" hai1="123,30,12,119,83,82,89,20,52,16,39,70,22" hai2="57,76,44,86,99,23,93,87,29,74,66,55,68" hai3="47,2,0,109,62,65,4,102,96,94,1,85,54"/><T97/><D91/><U127/><E39/><V121/><F121/><W7/><G109/><T117/><D97/><U92/><E119/><V122/><F68/><W80/><G47/><T130/><D117/><U125/><E70/><V115/><F74/><W35/><G35/><T71/><D110/><U11/><E123/><V38/><F115/><W90/><REACH who="3" step="1"/><G54/><REACH who="3" ten="250,250,250,240" step="2"/><T108/><D108/><U46/><E46/><V100/><F122/><W61/><G61/><T104/><D45/><U36/><E52/><V49/><F38/><W24/><G24/><T18/><D42/><U58/><E36/><V132/><F132/><W43/><G43/><T101/><D130/><U26/><E58/><AGARI ba="0,1" hai="0,1,2,4,7,58,62,65,80,85,90,94,96,102" machi="58" ten="40,2600,0" yaku="1,1,52,1,53,0" doraHai="78" doraHaiUra="118" who="3" fromWho="1" sc="250,0,250,-26,250,0,240,36" /><INIT seed="1,0,0,2,2,2" ten="250,224,250,276" oya="1" hai0="67,33,77,44,120,85,75,101,61,55,26,97,102" hai1="80,122,135,84,64,110,70,134,99,131,6,113,5" hai2="62,14,46,87,68,107,21,93,125,90,63,58,10" hai3="23,41,73,106,104,50,71,49,38,8,78,115,112"/><U59/><E113/><V25/><F125/><W53/><G71/><T132/><D132/><N who="1" m="50731" /><E122/><V9/><F107/><W118/><G38/><T123/><D75/><U105/><E70/><V94/><F68/><W16/><G118/><T1/><D1/><U74/><E74/><V100/><F46/><W92/><G41/><T12/><D67/><U56/><E131/><V15/><F100/><W89/><G106/><T66/><D66/><U27/><E27/><V7/><F94/><W126/><G104/><T103/><D97/><U22/><E22/><V39/><F39/><W19/><G126/><T60/><D77/><N who="1" m="46095" /><E110/><V111/><F111/><W17/><G23/><T42/><D85/><U133/><N who="1" m="50739" /><U11/><DORA hai="72" /><E64/><V40/><F40/><W83/><G8/><T35/><D55/><U31/><E31/><N who="2" m="17839" /><F58/><N who="1" m="22057" /><E11/><V43/><F43/><W48/><REACH who="3" step="1"/><G53/><REACH who="3" ten="250,224,250,266" step="2"/><T81/><D123/><U52/><E52/><V24/><F24/><W65/><G65/><T114/><D26/><U96/><E105/><V18/><AGARI ba="0,1" hai="7,9,10,14,15,18,62,63,87,90,93" m="17839" machi="18" ten="30,2000,0" yaku="8,1,52,1" doraHai="2,72" who="2" fromWho="2" sc="250,-5,224,-10,250,30,266,-5" /><INIT seed="2,0,0,5,1,65" ten="245,214,280,261" oya="2" hai0="94,128,134,29,104,96,117,19,48,124,82,116,20" hai1="115,14,107,11,98,105,123,13,37,43,53,121,55" hai2="17,71,21,122,92,38,83,57,54,50,130,118,5" hai3="85,106,40,30,125,28,12,6,70,132,113,47,1"/><V90/><F118/><N who="0" m="45674" /><D48/><U93/><E115/><V52/><F130/><W84/><G106/><T7/><D7/><U86/><E86/><V133/><F133/><W25/><G1/><T62/><D29/><U39/><E11/><V68/><F122/><W63/><G30/><T23/><D104/><U114/><E114/><V61/><F38/><W101/><G28/><T35/><D82/><U31/><E31/><V46/><F83/><W10/><G6/><T64/><D35/><U18/><E18/><V131/><F131/><W4/><G4/><T59/><D128/><U75/><E98/><V120/><F120/><W112/><G85/><T0/><D0/><U77/><E93/><V42/><F42/><W45/><G84/><T34/><D34/><U111/><E43/><V110/><F110/><W79/><G40/><T72/><D72/><U88/><E77/><V49/><F49/><W91/><G79/><T102/><D124/><U100/><E100/><V16/><F17/><W24/><G101/><T95/><D95/><U129/><E129/><V127/><F127/><W60/><G125/><T73/><D73/><U9/><E75/><V15/><F5/><W3/><G3/><T108/><D134/><U135/><E135/><V74/><F74/><W41/><G41/><T67/><D23/><U78/><E111/><V44/><F44/><W81/><G81/><T56/><D108/><U80/><E80/><V66/><F54/><W69/><G132/><T22/><D19/><U2/><E2/><V26/><F26/><W58/><G112/><T99/><D96/><AGARI ba="0,0" hai="15,16,21,46,50,52,57,61,66,68,71,90,92,96" machi="96" ten="30,12000,1" yaku="7,1,52,2,54,2" doraHai="65" who="2" fromWho="0" sc="245,-120,214,0,280,120,261,0" /><INIT seed="2,1,0,2,5,17" ten="125,214,400,261" oya="2" hai0="114,55,68,31,65,104,54,20,4,3,97,41,8" hai1="117,46,98,80,118,35,16,2,70,39,82,134,71" hai2="48,61,59,45,99,105,43,120,103,132,28,125,25" hai3="10,51,40,107,100,77,94,116,53,5,109,30,124"/><V26/><F120/><W15/><G107/><T56/><D114/><U42/><E35/><V64/><F132/><W87/><G116/><T110/><D110/><U83/><E2/><V29/><REACH who="2" step="1"/><F125/><REACH who="2" ten="125,214,390,261" step="2"/><W18/><G124/><T50/><D68/><U119/><E134/><V58/><F58/><W34/><G109/><T79/><D56/><U91/><E70/><V74/><F74/><W11/><G34/><T47/><D65/><U127/><E71/><V111/><F111/><W69/><G69/><T108/><D108/><U135/><E127/><V106/><F106/><W14/><G30/><AGARI ba="1,1" hai="25,26,28,29,30,43,45,48,59,61,64,99,103,105" machi="30" ten="40,3900,0" yaku="1,1,53,1" doraHai="17" doraHaiUra="38" who="2" fromWho="3" sc="125,0,214,0,390,52,261,-42" /><INIT seed="2,2,0,2,4,4" ten="125,214,442,219" oya="2" hai0="94,19,71,91,90,126,135,0,22,10,93,61,123" hai1="46,114,104,109,124,92,49,60,105,5,95,29,59" hai2="53,106,127,24,128,101,64,120,66,40,55,57,112" hai3="54,30,111,99,130,69,27,107,96,23,70,31,9"/><V11/><F120/><W50/><G111/><T65/><D126/><U35/><E114/><V1/><F128/><W20/><G130/><T63/><D135/><U79/><E109/><V84/><F40/><W110/><G110/><T42/><D42/><U119/><E79/><V28/><F106/><W103/><G96/><T77/><D77/><U122/><E119/><V38/><F55/><W121/><G121/><T116/><D116/><U7/><E124/><V32/><F101/><W74/><G74/><T52/><D123/><U41/><E29/><V39/><F84/><W6/><G31/><T33/><D33/><U21/><E21/><V89/><F89/><W51/><G23/><T62/><D52/><U26/><E26/><V131/><F112/><W113/><G113/><T8/><D0/><U56/><E35/><V117/><F131/><W47/><REACH who="3" step="1"/><G51/><REACH who="3" ten="125,214,442,209" step="2"/><T18/><D22/><U132/><E122/><V36/><F127/><W34/><G34/><T80/><D71/><U83/><E132/><V67/><F117/><W97/><G97/><N who="0" m="57527" /><D65/><U98/><E98/><V58/><F67/><W134/><G134/><T14/><D80/><U12/><E83/><V102/><F66/><W85/><G85/><N who="0" m="52591" /><D19/><U118/><E118/><V100/><F64/><W88/><G88/><T133/><D133/><U72/><E72/><V2/><F32/><W82/><G82/><T16/><D18/><U86/><E86/><V44/><F28/><W25/><G25/><T129/><D129/><U78/><E78/><V73/><F73/><W15/><AGARI ba="2,1" hai="6,9,15,20,27,30,47,50,54,69,70,99,103,107" machi="15" ten="20,5200,0" yaku="1,1,0,1,7,1,52,1,53,0" doraHai="4" doraHaiUra="115" who="3" fromWho="3" sc="125,-15,214,-15,442,-28,209,68" /><INIT seed="3,0,0,3,1,133" ten="110,199,414,277" oya="3" hai0="77,96,10,15,27,108,100,23,46,115,127,92,37" hai1="13,75,48,76,4,35,83,56,51,134,80,120,86" hai2="91,85,14,50,103,28,118,105,22,79,82,36,64" hai3="8,30,63,135,67,131,33,34,119,130,74,9,109"/><W106/><G119/><T62/><D108/><U57/><E134/><V124/><F36/><W24/><G135/><T26/><D77/><U19/><E35/><V107/><F64/><W31/><G74/><T70/><D115/><U102/><E102/><V59/><F59/><W20/><G106/><T65/><D37/><U78/><E120/><V72/><F50/><W54/><G54/><T17/><D46/><U1/><E48/><V113/><F28/><W0/><G109/><T73/><D73/><U41/><E1/><V44/><F22/><W45/><G45/><T52/><D27/><U132/><E132/><V88/><F14/><W93/><G93/><T112/><D112/><U11/><E19/><V7/><F7/><N who="3" m="1127" /><G9/><T81/><D81/><U39/><E39/><V38/><F107/><W94/><G94/><T99/><D99/><U101/><E101/><V61/><F105/><W95/><G95/><T69/><D69/><U6/><E4/><V68/><F68/><N who="3" m="42111" /><G30/><T66/><D52/><U3/><E3/><V12/><F72/><W21/><G34/><T58/><D66/><U60/><E60/><V126/><F61/><W5/><G5/><T55/><D55/><U2/><E2/><V53/><F53/><W89/><G89/><T111/><D111/><U104/><E104/><V29/><F91/><W42/><G42/><T90/><D90/><U129/><E129/><AGARI ba="0,0" hai="20,21,24,31,33,129,130,131" m="42111,1127" machi="129" ten="30,1500,0" yaku="19,1" doraHai="133" who="3" fromWho="1" sc="110,0,199,-15,414,0,277,15" /><INIT seed="3,1,0,1,4,58" ten="110,184,414,292" oya="3" hai0="41,132,104,64,22,121,28,101,17,51,86,27,12" hai1="119,124,31,87,50,49,94,85,131,130,61,62,11" hai2="43,88,110,32,125,26,30,73,118,4,57,63,82" hai3="74,108,67,65,107,90,129,14,24,66,44,128,127"/><W106/><G74/><T46/><D121/><U68/><E119/><V35/><F110/><W97/><G108/><T114/><D104/><U135/><E31/><V117/><F125/><W72/><G72/><T126/><D101/><U52/><E124/><V89/><F43/><W84/><G127/><T6/><D132/><U18/><E135/><V70/><F70/><W78/><G78/><T54/><D126/><U1/><E1/><V2/><F35/><W102/><G106/><T96/><D96/><U38/><E38/><V23/><F32/><W9/><G24/><T40/><D6/><U80/><E94/><V109/><F109/><W34/><G34/><T5/><D5/><U71/><E18/><V75/><F75/><W60/><G44/><T122/><D122/><U20/><E20/><V103/><F103/><W39/><G39/><T76/><D64/><U91/><E11/><V42/><F42/><W133/><G133/><T113/><D76/><U47/><E49/><V16/><F30/><W93/><REACH who="3" step="1"/><G60/><REACH who="3" ten="110,184,414,282" step="2"/><N who="1" m="23146" /><E87/><V7/><F73/><W25/><G25/><T120/><D86/><U36/><E36/><V13/><F26/><W105/><G105/><T8/><D120/><U92/><E80/><V15/><F82/><W0/><G0/><T115/><AGARI ba="1,1" hai="8,12,17,22,27,28,40,41,46,51,54,113,114,115" machi="115" ten="30,2000,0" yaku="0,1,11,1" doraHai="58" who="0" fromWho="0" sc="110,33,184,-6,414,-6,282,-11" /><INIT seed="4,0,0,2,5,40" ten="143,178,408,271" oya="0" hai0="16,94,127,100,63,131,116,82,114,125,102,30,106" hai1="117,5,53,34,57,28,32,92,20,132,90,27,93" hai2="19,80,86,75,103,46,4,2,73,48,91,26,13" hai3="108,55,83,38,39,23,87,115,35,24,128,81,21"/><T60/><D114/><U3/><E132/><V70/><F70/><W96/><G35/><T6/><D116/><U11/><E117/><V58/><F2/><W71/><G71/><T113/><D113/><U42/><E93/><V76/><F103/><N who="0" m="39466" /><D106/><U67/><E67/><V101/><F101/><W41/><G39/><T49/><D30/><U10/><E10/><V129/><F129/><W33/><G38/><T18/><D6/><U15/><E42/><V133/><F58/><W89/><G33/><T66/><D94/><U98/><E3/><V110/><F110/><W43/><G81/><T47/><D82/><U0/><E0/><V111/><F133/><W37/><G83/><T107/><D107/><U104/><E104/><V79/><F111/><W134/><G37/><T88/><D88/><U123/><E123/><V118/><F75/><W29/><G89/><T68/><D63/><AGARI ba="0,0" hai="5,11,15,20,27,28,32,34,53,57,63,90,92,98" machi="63" ten="30,1000,0" yaku="7,1" doraHai="40" who="1" fromWho="0" sc="143,-10,178,10,408,0,271,0" /><INIT seed="5,0,0,5,5,38" ten="133,188,408,271" oya="1" hai0="81,72,36,42,87,54,79,52,26,105,127,90,126" hai1="96,41,35,50,129,70,65,108,22,5,67,83,9" hai2="21,16,56,125,117,116,114,94,74,10,109,19,7" hai3="44,118,0,57,93,107,66,106,11,115,59,128,77"/><U29/><E35/><V33/><F74/><W4/><G115/><T63/><D105/><U43/><E129/><V55/><F109/><W111/><G128/><T20/><D36/><U123/><E123/><V110/><F125/><W119/><G111/><T135/><D135/><U34/><E34/><V98/><F110/><W122/><G122/><T131/><D131/><U112/><E112/><V103/><F114/><W99/><G77/><T121/><D121/><U47/><E108/><V73/><F73/><W28/><G28/><T68/><D42/><U45/><E96/><V134/><F33/><W48/><G106/><T89/><D68/><U97/><E97/><V2/><F19/><W78/><G78/><T13/><D13/><U133/><E83/><V91/><F103/><W62/><G107/><T15/><D15/><U17/><E29/><V84/><F134/><W92/><G59/><T6/><D6/><U101/><E101/><V24/><F84/><W102/><REACH who="3" step="1"/><G93/><REACH who="3" ten="133,188,408,261" step="2"/><T88/><D72/><U130/><E130/><V46/><F46/><W113/><G113/><T58/><REACH who="0" step="1"/><D54/><AGARI ba="0,1" hai="0,4,11,44,48,54,57,62,66,92,99,102,118,119" machi="54" ten="40,1300,0" yaku="1,1,53,0" doraHai="38" doraHaiUra="31" who="3" fromWho="0" sc="133,-13,188,0,408,0,261,23" /><INIT seed="6,0,0,1,1,116" ten="120,188,408,284" oya="2" hai0="62,52,133,119,129,0,56,71,68,58,81,31,80" hai1="100,21,33,55,47,41,2,32,118,105,61,35,73" hai2="20,123,6,112,57,91,76,50,37,67,53,42,77" hai3="92,126,66,65,18,34,107,14,28,49,15,114,72"/><V27/><F123/><W89/><G107/><T93/><D0/><U110/><E73/><V30/><F112/><W131/><G72/><T86/><D119/><U108/><E118/><V17/><F37/><W70/><G114/><T48/><D133/><U19/><E2/><V132/><F6/><W59/><G126/><T46/><D129/><U84/><E84/><V44/><F67/><W5/><G131/><T94/><D31/><U83/><E83/><V16/><F91/><W125/><G70/><T26/><D26/><U1/><E1/><V8/><F132/><W69/><G69/><T117/><D117/><U115/><E115/><V134/><F134/><W12/><G125/><T9/><D58/><U101/><E55/><V75/><F75/><W40/><G28/><T90/><D68/><U111/><E61/><V124/><F124/><W121/><G34/><T10/><D71/><U29/><E29/><V11/><F11/><W98/><G121/><T45/><D45/><U96/><E101/><V122/><F122/><W43/><G5/><T87/><D9/><U120/><E120/><V103/><F103/><W78/><G78/><N who="2" m="30313" /><F8/><W127/><G127/><T51/><D10/><U102/><E100/><V97/><F97/><W99/><G99/><T39/><D39/><U23/><REACH who="1" step="1"/><E19/><REACH who="1" ten="120,178,408,284" step="2"/><V36/><F17/><W95/><G18/><T128/><D128/><U60/><E60/><V106/><F30/><W109/><G92/><N who="0" m="35435" /><D46/><U38/><AGARI ba="0,1" hai="21,23,32,33,35,38,41,47,96,102,105,108,110,111" machi="38" ten="40,2700,0" yaku="1,1,0,1,53,0" doraHai="116" doraHaiUra="74" who="1" fromWho="1" sc="120,-7,178,37,408,-13,284,-7" /><INIT seed="7,0,0,0,3,66" ten="113,215,395,277" oya="3" hai0="110,70,61,103,134,114,8,89,31,135,46,12,77" hai1="117,29,124,25,73,24,80,85,75,78,56,57,64" hai2="42,88,101,107,96,14,113,127,13,97,122,21,27" hai3="53,54,17,84,93,41,51,50,4,120,94,48,34"/><W126/><G34/><T71/><D110/><U30/><E124/><V129/><F113/><W67/><G120/><T79/><D61/><U49/><E117/><V32/><F129/><W118/><G118/><T119/><D119/><U130/><E56/><V52/><F42/><W0/><G126/><T19/><D103/><U10/><E10/><V3/><F3/><W123/><G123/><T43/><D31/><U82/><E82/><V72/><F72/><W125/><G125/><T60/><D60/><U22/><E130/><V26/><F97/><W62/><G41/><T128/><D128/><U132/><E132/><V98/><F98/><W108/><G108/><T38/><D89/><U86/><E86/><V23/><F107/><W20/><G4/><T131/><D131/><U47/><E57/><V87/><F96/><W63/><G0/><T18/><D18/><U105/><E64/><V58/><F32/><W99/><G84/><T112/><D79/><U116/><E105/><V104/><F101/><W37/><G37/><T68/><REACH who="0" step="1"/><D77/><REACH who="0" ten="103,215,395,277" step="2"/><U55/><E116/><V109/><F109/><W111/><G111/><T91/><D91/><U121/><E121/><V40/><F88/><N who="3" m="55719" /><G94/><T9/><D9/><U69/><E73/><V39/><F122/><W133/><G133/><AGARI ba="0,1" hai="8,12,19,38,43,46,68,70,71,112,114,133,134,135" machi="133" ten="50,8000,1" yaku="1,1,20,1,52,3,53,0" doraHai="66" doraHaiUra="115" who="0" fromWho="3" sc="103,90,215,0,395,0,277,-80" owari="193,-31.0,215,2.0,395,49.0,197,-20.0" /></mjloggm>