<mjloggm ver="2.3"><GO type="41" lobby="0"/><UN n0="%E2%93%9D%53%75%70%68%78" n1="%E3%81%AF%E3%83%BC%E3%81%A6%E3%82%83%E3%82%93%E2%80%A6" n2="%48%61%7A%61%6D%61%61%61" n3="%E3%81%8A%E9%A1%98%E3%81%84%E3%81%97%E3%81%BE%E3%81%99%E3%80%82" dan="18,13,14,13" rate="2108.19,1886.42,2004.46,1874.32" sx="M,M,M,M"/><TAIKYOKU oya="0"/><INIT seed="0,0,0,3,3,61" ten="250,250,250,250" oya="0" hai0="95,129,9,101,20,87,135,102,43,19,99,110,16" hai1="0,94,10,77,14,132,33,38,68,63,78,46,21" hai2="41,60,120,113,69,76,1,25,103,126,119,80,39" hai3="40,52,92,48,121,89,108,2,26,47,116,133,90"/><T56/><D129/><U109/><E33/><V37/><F120/><W123/><G116/><T72/><D72/><U29/><E109/><V79/><F113/><W134/><G2/><T83/><D135/><N who="3" m="51721" /><G108/><T127/><D127/><U13/><E132/><V70/><F126/><W124/><G124/><T4/><D110/><U104/><E104/><V122/><F122/><N who="3" m="46603" /><G92/><T15/><D43/><U42/><E94/><V12/><F1/><W44/><G26/><T57/><D102/><U49/><E0/><V71/><F103/><W32/><G32/><T30/><D30/><U34/><E34/><V84/><F25/><W58/><G47/><T11/><D19/><U64/><E49/><AGARI ba="0,0" hai="40,44,48,49,52,58,89,90" m="46603,51721" machi="49" ten="30,3900,0" yaku="20,1,13,1,54,1" doraHai="61" who="3" fromWho="1" sc="250,0,250,-39,250,0,250,39" /><INIT seed="1,0,0,3,1,24" ten="250,211,250,289" oya="1" hai0="17,101,56,2,132,94,42,72,57,114,116,47,46" hai1="129,63,20,61,124,40,91,96,9,89,125,33,12" hai2="65,16,41,128,54,100,10,107,13,80,117,110,39" hai3="66,127,32,28,79,7,70,131,111,68,45,76,14"/><U15/><E33/><V85/><F117/><W83/><G79/><T69/><D2/><U43/><E20/><V37/><F110/><W86/><G111/><T29/><D72/><U4/><E96/><V106/><F128/><W50/><G131/><T109/><D132/><U1/><E1/><V92/><F65/><W58/><G127/><T74/><D114/><U52/><E129/><V49/><F92/><W34/><G58/><T115/><D17/><U90/><E4/><V133/><F133/><W130/><G130/><T108/><D74/><U11/><E91/><V62/><F62/><W71/><G28/><T48/><D29/><U31/><E52/><V95/><F95/><W23/><G66/><T122/><D101/><U103/><E103/><V102/><F102/><W82/><G82/><T6/><D122/><U67/><E67/><V75/><F75/><W98/><G98/><T123/><D123/><U3/><E3/><V60/><F60/><W25/><G25/><T105/><D115/><U134/><REACH who="1" step="1"/><E31/><REACH who="1" ten="250,201,250,289" step="2"/><V118/><F100/><W22/><G23/><T77/><D109/><U88/><E88/><N who="2" m="51239" /><F41/><N who="3" m="24879" /><G22/><T104/><D108/><U53/><E53/><V119/><F107/><W35/><G35/><T30/><D105/><U99/><E99/><V78/><F106/><W38/><G34/><T73/><D104/><U18/><E18/><V113/><F78/><W55/><G55/><T21/><D77/><U126/><E126/><V8/><F8/><N who="3" m="4383" /><G32/><T5/><D30/><U59/><E59/><N who="2" m="33231" /><F113/><W26/><G26/><T121/><D57/><U97/><E97/><V51/><F10/><RYUUKYOKU ba="0,1" sc="250,-15,201,15,250,-15,289,15" hai1="9,11,12,15,40,43,61,63,89,90,124,125,134" hai3="38,68,70,71,76,83,86" /><INIT seed="1,1,1,4,2,19" ten="235,216,235,304" oya="1" hai0="38,20,33,62,134,72,121,24,106,100,101,103,14" hai1="71,113,128,34,7,84,120,53,59,50,105,35,112" hai2="2,16,6,125,86,23,78,119,52,10,92,31,79" hai3="97,116,130,57,73,46,30,107,99,109,27,82,21"/><U127/><E120/><V11/><F119/><W74/><G109/><T108/><D72/><U48/><E71/><V64/><F125/><W47/><G47/><T36/><D106/><U81/><E105/><V18/><F64/><W54/><G130/><T83/><D33/><U102/><E102/><V95/><F2/><W118/><G46/><T94/><D134/><U96/><E96/><N who="3" m="36938" /><G82/><T12/><D94/><U25/><E128/><V43/><F43/><W63/><G107/><T56/><D108/><U51/><E127/><V75/><F75/><W9/><G9/><N who="2" m="3081" /><F6/><W66/><G66/><T39/><D83/><U114/><E7/><V67/><F67/><W13/><G13/><T5/><D121/><U111/><E111/><V68/><F68/><W3/><G3/><T70/><D70/><U37/><E37/><V117/><F117/><AGARI ba="1,1" hai="21,27,30,54,57,63,73,74,116,117,118" m="36938" machi="117" ten="30,2000,0" yaku="12,1,52,1" doraHai="19" who="3" fromWho="2" sc="235,0,216,0,235,-23,304,33" /><INIT seed="2,0,0,5,4,121" ten="235,216,212,337" oya="2" hai0="107,92,108,43,88,44,69,91,77,112,47,128,89" hai1="95,84,82,12,99,17,104,39,63,46,28,48,74" hai2="81,27,0,85,75,61,105,122,129,67,133,15,14" hai3="9,125,80,131,3,135,101,119,65,6,40,31,124"/><V5/><F122/><W19/><G101/><T49/><D112/><U50/><E104/><V90/><F0/><W134/><G65/><T83/><D107/><U58/><E74/><V70/><F133/><N who="3" m="50699" /><G40/><T29/><D69/><U94/><E39/><V96/><F129/><W11/><G80/><T4/><D29/><U16/><E28/><V20/><F75/><W55/><G55/><T100/><D4/><U103/><E94/><V117/><F117/><W24/><G119/><T26/><D26/><U127/><E127/><N who="3" m="48714" /><G11/><T1/><D100/><U36/><E36/><V114/><F114/><W118/><G118/><T54/><D43/><U18/><E82/><V56/><F70/><W93/><G93/><T109/><D92/><U22/><E84/><V98/><F105/><W87/><G87/><T116/><D116/><U64/><E48/><V23/><F23/><N who="3" m="15775" /><G19/><T66/><D83/><U32/><E17/><V62/><F62/><W34/><G34/><T76/><D49/><U41/><E32/><V71/><F71/><W73/><G73/><T30/><D30/><U33/><E18/><N who="2" m="12695" /><F5/><W78/><G78/><T21/><D77/><U13/><E33/><V57/><F57/><W52/><G52/><T25/><D76/><U59/><E58/><V115/><F115/><W7/><G7/><T110/><D54/><U111/><E50/><V10/><F98/><W37/><G37/><T86/><D86/><U97/><E99/><V60/><F96/><W113/><G113/><T45/><D66/><U42/><E64/><V8/><F60/><W51/><G51/><T68/><D68/><RYUUKYOKU ba="0,0" sc="235,-15,216,-15,212,15,337,15" hai2="8,10,14,15,56,61,67,81,85,90" hai3="3,6,9,131" /><INIT seed="2,1,0,0,1,42" ten="220,201,227,352" oya="2" hai0="97,84,64,35,21,23,60,3,95,92,77,28,133" hai1="130,0,74,56,124,134,45,70,7,120,5,59,106" hai2="37,111,116,107,54,112,123,135,109,38,76,99,108" hai3="75,89,128,2,31,68,48,66,98,20,11,65,85"/><V69/><F76/><W90/><G75/><T114/><D3/><U1/><E56/><V27/><F27/><W12/><G2/><T131/><D114/><U110/><E59/><V52/><F99/><W63/><G66/><T55/><D131/><U79/><E7/><V50/><F107/><W36/><G36/><N who="2" m="13929" /><F112/><W119/><G119/><T9/><D133/><U19/><E19/><V93/><F93/><W82/><G128/><T25/><D9/><U13/><E13/><V67/><F116/><W8/><G8/><T81/><D95/><U32/><E5/><V94/><F94/><W53/><G98/><T78/><D78/><U105/><E106/><V117/><F117/><W14/><G14/><T132/><D132/><U43/><E105/><V88/><F88/><W4/><G20/><T104/><D55/><U46/><E32/><V17/><F17/><W41/><G41/><T101/><REACH who="0" step="1"/><D92/><REACH who="0" ten="210,201,227,352" step="2"/><U115/><E115/><V71/><F135/><W121/><G121/><T96/><D96/><U72/><E130/><V118/><F123/><W100/><G82/><T15/><D15/><U24/><E134/><V91/><F118/><W86/><G12/><T83/><D83/><U73/><E0/><V18/><F54/><W122/><G11/><T57/><AGARI ba="1,1" hai="21,23,25,28,35,57,60,64,77,81,84,97,101,104" machi="57" ten="20,2700,0" yaku="1,1,0,1,7,1,53,0" doraHai="42" doraHaiUra="33" who="0" fromWho="0" sc="210,40,201,-8,227,-14,352,-8" /><INIT seed="3,0,0,5,1,113" ten="250,193,213,344" oya="3" hai0="32,49,84,82,99,36,42,20,78,124,54,72,6" hai1="89,30,97,40,24,135,10,77,74,96,17,127,45" hai2="38,95,118,0,50,126,93,19,104,129,125,15,44" hai3="35,94,70,56,98,100,101,18,134,3,92,105,11"/><W121/><G121/><T9/><D32/><U33/><E135/><V75/><F118/><W67/><G70/><T83/><D124/><U109/><E109/><V79/><F0/><W58/><G35/><T66/><D66/><U39/><E127/><V31/><F104/><W59/><G134/><T69/><D69/><U1/><E17/><V8/><F38/><W86/><G67/><T91/><D20/><U65/><E65/><V52/><F129/><W87/><G105/><T48/><D99/><U85/><E89/><V47/><F31/><W5/><REACH who="3" step="1"/><G18/><REACH who="3" ten="250,193,213,334" step="2"/><T57/><D36/><U110/><E110/><V81/><F126/><W112/><G112/><T103/><D42/><U107/><E107/><V28/><F125/><W111/><G111/><T133/><D133/><U132/><E132/><V73/><F28/><W64/><G64/><T26/><D54/><U128/><E128/><V63/><F75/><W62/><G62/><T55/><D49/><U131/><E131/><V14/><F63/><W102/><G102/><T4/><D103/><U76/><E39/><V22/><REACH who="2" step="1"/><F47/><REACH who="2" ten="250,193,203,334" step="2"/><W106/><G106/><T29/><D29/><U108/><E45/><V27/><F27/><W123/><G123/><T71/><D26/><U61/><E24/><V115/><F115/><W51/><G51/><T117/><D71/><U12/><E30/><V60/><F60/><W116/><G116/><T114/><D114/><U41/><E61/><V13/><F13/><W80/><G80/><T2/><D117/><U34/><E12/><V25/><F25/><W7/><G7/><AGARI ba="0,2" hai="7,8,14,15,19,22,44,50,52,73,79,81,93,95" machi="7" ten="30,7700,0" yaku="1,1,7,1,54,1,53,1" doraHai="113" doraHaiUra="16" who="2" fromWho="3" sc="250,0,193,0,203,97,334,-77" /><INIT seed="4,0,0,3,3,53" ten="250,193,300,257" oya="0" hai0="119,31,56,36,80,38,126,42,130,0,133,22,35" hai1="127,96,91,68,79,20,21,47,85,82,121,24,25" hai2="12,26,124,61,120,102,17,86,106,40,115,33,11" hai3="88,14,16,98,92,75,43,60,4,81,10,41,39"/><T99/><D119/><U83/><E121/><V57/><F115/><W67/><G39/><T109/><D35/><U66/><E127/><V32/><F120/><W1/><G75/><T89/><D0/><U18/><E47/><V132/><F124/><W111/><G111/><T70/><D70/><U55/><E68/><V5/><F132/><W48/><G48/><T105/><D130/><U6/><E6/><V118/><F118/><W74/><G74/><T110/><D42/><U122/><E122/><V64/><F40/><W84/><G1/><T114/><D105/><U62/><E66/><V87/><F102/><W23/><G23/><T27/><D114/><U72/><E96/><V59/><F106/><W77/><REACH who="3" step="1"/><G4/><REACH who="3" ten="250,193,300,247" step="2"/><T135/><D126/><U95/><E21/><N who="2" m="13615" /><F33/><W15/><G15/><T37/><D110/><U104/><E72/><V113/><F32/><W117/><G117/><T116/><D109/><U129/><E129/><V50/><F113/><W58/><AGARI ba="0,1" hai="10,14,16,41,43,58,60,67,77,81,84,88,92,98" machi="58" ten="20,12000,2" yaku="1,1,0,1,7,1,8,1,52,1,54,2,53,0" doraHai="53" doraHaiUra="128" who="3" fromWho="3" sc="250,-60,193,-30,300,-30,247,130" /><INIT seed="5,0,0,0,2,50" ten="190,163,270,377" oya="1" hai0="115,133,6,3,79,134,104,94,16,77,47,52,21" hai1="24,15,130,125,7,129,29,87,105,1,55,35,131" hai2="78,114,108,122,46,42,90,127,106,88,39,85,9" hai3="11,81,89,116,96,112,119,111,72,26,103,102,128"/><U17/><E105/><V53/><F108/><W98/><G11/><N who="0" m="2527" /><D104/><U27/><E87/><V10/><F122/><W118/><G26/><N who="0" m="14631" /><D115/><U71/><E71/><V14/><F114/><W8/><G8/><T4/><D4/><U93/><E93/><V18/><F127/><W123/><G123/><T124/><D94/><U92/><E92/><V2/><F106/><W83/><G111/><T109/><D109/><U74/><E74/><V51/><F2/><W121/><G121/><T54/><D47/><U68/><E68/><V60/><F9/><W36/><G36/><T70/><D70/><U120/><E120/><V32/><F32/><W23/><G23/><T0/><D124/><U61/><E125/><V45/><REACH who="2" step="1"/><F60/><REACH who="2" ten="190,163,260,377" step="2"/><W63/><G63/><T13/><D0/><U28/><E1/><V25/><F25/><W76/><G112/><T86/><D13/><U64/><E7/><V110/><F110/><W126/><G126/><T75/><D75/><U97/><E27/><V69/><F69/><W5/><G118/><T107/><D107/><U84/><E24/><V37/><F37/><W49/><G119/><T82/><D79/><U91/><E35/><V101/><F101/><W43/><G103/><T58/><D58/><N who="1" m="35039" /><E97/><V33/><F33/><W38/><G102/><T12/><D12/><U67/><E29/><V99/><F99/><W117/><G98/><T95/><D95/><N who="1" m="54759" /><E28/><V41/><F41/><W66/><G43/><T73/><D73/><U132/><E132/><AGARI ba="0,1" hai="52,54,77,82,86,132,133,134" m="14631,2527" machi="132" ten="30,8000,1" yaku="20,1,52,2,54,2" doraHai="50" who="0" fromWho="1" sc="190,90,163,-80,260,0,377,0" /><INIT seed="6,0,0,2,2,25" ten="280,83,260,377" oya="2" hai0="52,68,127,89,18,55,132,36,60,39,109,30,66" hai1="9,77,130,99,43,2,14,19,11,31,48,0,95" hai2="80,15,56,23,100,71,81,65,7,26,134,82,76" hai3="50,103,79,128,75,84,96,105,131,108,104,35,28"/><V125/><F125/><W123/><G123/><T41/><D18/><U59/><E130/><N who="3" m="49706" /><G108/><T3/><D3/><U20/><E77/><V5/><F134/><W13/><G13/><T94/><D109/><U42/><E0/><V1/><F71/><W6/><G6/><T116/><D116/><U53/><E2/><V85/><F1/><W10/><G10/><T51/><D127/><U37/><E37/><V17/><F100/><W22/><G22/><T98/><D55/><U133/><E133/><V121/><F121/><W46/><G28/><T88/><D132/><U90/><REACH who="1" step="1"/><E9/><REACH who="1" ten="280,73,260,377" step="2"/><N who="2" m="4527" /><F7/><W118/><G118/><T102/><D39/><U119/><E119/><V57/><F65/><W58/><G79/><T86/><D36/><U124/><E124/><V126/><F126/><W47/><G75/><T73/><D73/><U33/><E33/><V120/><F120/><W92/><G35/><T69/><D66/><U110/><E110/><V12/><F12/><W135/><G135/><T72/><D72/><U113/><E113/><V70/><F70/><W106/><G104/><T61/><D69/><U16/><E16/><V112/><F112/><W27/><G105/><T64/><D64/><U115/><E115/><V83/><AGARI ba="0,1" hai="17,23,26,56,57,76,80,81,82,83,85" m="4527" machi="83" ten="30,1500,0" yaku="8,1" doraHai="25" who="2" fromWho="2" sc="280,-5,73,-5,260,25,377,-5" /><INIT seed="6,1,0,4,2,103" ten="275,68,285,372" oya="2" hai0="105,75,66,94,69,59,1,97,58,81,41,25,86" hai1="132,133,37,90,14,20,39,131,30,88,55,122,104" hai2="92,43,130,135,129,93,84,16,4,6,101,28,36" hai3="98,119,63,23,34,3,8,35,87,9,0,107,64"/><V57/><F135/><W50/><G119/><T74/><D1/><U116/><E55/><V114/><F114/><W78/><G50/><T65/><D41/><U32/><E14/><V46/><F28/><W68/><G34/><T47/><D47/><U117/><E20/><V125/><F125/><W120/><G23/><T15/><D69/><U19/><E19/><V85/><F93/><W110/><G110/><T18/><D105/><U71/><E30/><V38/><F38/><W2/><G35/><T5/><D75/><U73/><E32/><V61/><F85/><W126/><G120/><T49/><D74/><U54/><E54/><V134/><F134/><N who="1" m="51817" /><E71/><V62/><F62/><W24/><G24/><T77/><D5/><U21/><E21/><V82/><F92/><W60/><G60/><T12/><D25/><U17/><E17/><V112/><F101/><W76/><G126/><T96/><D15/><U121/><E39/><V102/><F102/><W52/><G52/><N who="0" m="32015" /><D59/><U83/><E37/><V44/><F44/><W22/><G22/><N who="0" m="11591" /><D97/><U33/><E33/><V99/><F99/><W115/><G98/><T53/><D53/><U67/><E67/><V70/><F70/><W95/><G107/><T26/><D26/><U124/><E124/><V91/><F112/><W123/><G123/><N who="1" m="47114" /><E131/><N who="2" m="50187" /><F16/><W11/><G115/><T7/><D7/><U27/><E27/><V10/><F10/><W106/><G106/><T108/><D108/><U45/><E45/><V48/><F36/><W31/><G31/><T80/><D80/><U56/><E83/><V29/><F29/><W51/><G51/><RYUUKYOKU ba="1,0" sc="275,10,68,-30,285,10,372,10" hai0="65,66,77,81,86,94,96" hai2="4,6,43,46,48,57,61,82,84,91" hai3="0,2,3,8,9,11,63,64,68,76,78,87,95" /><INIT seed="6,2,0,5,2,124" ten="285,38,295,382" oya="2" hai0="93,125,108,85,75,24,95,40,0,111,100,76,36" hai1="106,133,132,98,2,50,13,81,63,18,42,21,114" hai2="3,56,41,37,9,16,129,128,123,6,35,126,88" hai3="119,71,103,1,68,82,38,51,17,29,115,12,14"/><V134/><F126/><W107/><G38/><T86/><D24/><U89/><E106/><V99/><F123/><W97/><G1/><T20/><D20/><U84/><E98/><V69/><F69/><W135/><G119/><T77/><D40/><U117/><E117/><V110/><F134/><W31/><G135/><T116/><D36/><U58/><E114/><V79/><F35/><W102/><G12/><T8/><D8/><U22/><E2/><V7/><F7/><W130/><G130/><N who="2" m="50281" /><F110/><W39/><G39/><T94/><D0/><U118/><E118/><V64/><F79/><N who="0" m="30282" /><D125/><U52/><E63/><N who="2" m="37991" /><F16/><W26/><G71/><T74/><D116/><U67/><E42/><V19/><F19/><W113/><G68/><T43/><D43/><U5/><E5/><V121/><F121/><W83/><G29/><T72/><D100/><U87/><E67/><V45/><F88/><W122/><G122/><T47/><D47/><U30/><E84/><AGARI ba="2,0" hai="72,74,75,84,85,86,93,94,95,108,111" m="30282" machi="84" ten="40,8000,1" yaku="28,2,34,2" doraHai="124" who="0" fromWho="1" sc="285,86,38,-86,295,0,382,0" owari="371,17.0,-48,-55.0,295,-10.0,382,48.0" /></mjloggm>