<mjloggm ver="2.3"><GO type="41" lobby="0"/><UN n0="%E2%93%9D%53%75%70%68%78" n1="%6D%69%6C%64%31%39%34%39" n2="%6E%6F%64%6F%6B%61%27" n3="%6E%61%76%65%6C" dan="17,15,14,15" rate="2032.09,1929.30,1968.90,2011.11" sx="M,M,M,M"/><TAIKYOKU oya="0"/><INIT seed="0,0,0,2,4,36" ten="250,250,250,250" oya="0" hai0="82,35,12,44,118,39,120,54,90,107,7,47,129" hai1="27,0,97,29,45,5,133,46,75,25,1,93,80" hai2="101,135,56,95,92,30,24,85,115,71,13,125,119" hai3="42,91,8,41,22,113,43,132,86,124,96,51,83"/><T128/><D35/><U79/><E133/><V73/><F115/><W4/><G113/><T40/><D107/><U105/><E105/><V117/><F71/><W58/><G132/><T23/><D120/><U2/><E25/><V68/><F68/><W87/><G124/><T76/><D90/><U111/><E111/><V77/><F135/><W20/><G96/><T116/><D23/><U72/><E72/><V98/><F125/><W11/><G86/><T78/><D12/><U38/><E5/><V10/><F73/><W65/><G51/><N who="0" m="29031" /><D7/><U17/><E17/><V70/><F56/><W109/><G109/><T89/><D89/><U102/><REACH who="1" step="1"/><E38/><REACH who="1" ten="250,240,250,250" step="2"/><V127/><F127/><W134/><G134/><T9/><D9/><N who="3" m="3657" /><G4/><T126/><D126/><U55/><E55/><V33/><F10/><W112/><G112/><T104/><D104/><U26/><E26/><V103/><F24/><W81/><G83/><T50/><D39/><U14/><E14/><V100/><F13/><W63/><AGARI ba="0,1" hai="20,22,41,42,43,58,63,65,81,87,91" m="3657" machi="63" ten="30,7900,0" yaku="8,1,52,3" doraHai="36" who="3" fromWho="3" sc="250,-39,240,-20,250,-20,250,89" /><INIT seed="1,0,0,5,1,63" ten="211,220,230,339" oya="1" hai0="68,108,66,83,77,104,97,103,115,67,42,20,125" hai1="119,5,100,89,28,75,126,1,2,134,29,27,109" hai2="94,120,123,51,62,121,122,33,31,88,43,10,72" hai3="127,57,64,71,82,16,11,101,22,69,106,23,110"/><U7/><E119/><V18/><F72/><W93/><G110/><T38/><D68/><U61/><E75/><V87/><F33/><W36/><G36/><T112/><D108/><U24/><E109/><V116/><F116/><W58/><G127/><T44/><D125/><U76/><E76/><V47/><N who="2" m="30720" /><DORA hai="60" /><V117/><F117/><W54/><G106/><T52/><D20/><U70/><E126/><V34/><F34/><W80/><G11/><T55/><D55/><U35/><E100/><V85/><F31/><W133/><G133/><T50/><D115/><U49/><E49/><V81/><F62/><N who="3" m="37967" /><G71/><T96/><D96/><U6/><E134/><V13/><F87/><W118/><G23/><T26/><D26/><U128/><E128/><V3/><REACH who="2" step="1"/><F81/><REACH who="2" ten="211,220,220,339" step="2"/><W135/><G118/><T40/><D112/><U79/><E70/><V129/><F129/><W59/><G69/><T21/><D83/><U14/><E61/><V12/><F12/><W73/><G135/><T102/><D67/><U45/><E14/><V98/><F98/><N who="3" m="59599" /><G73/><T124/><D124/><U65/><E65/><V105/><F105/><W132/><G132/><T0/><D66/><U32/><E32/><V17/><F17/><W56/><G54/><T114/><D114/><U91/><E35/><V92/><F92/><W19/><G19/><T53/><D104/><U113/><E113/><V78/><F78/><W4/><G4/><T74/><D77/><U99/><E7/><V15/><F15/><AGARI ba="0,1" hai="15,16,22,56,58,59,80,82" m="59599,37967" machi="15" ten="30,7700,0" yaku="8,1,52,2,54,1" doraHai="63,60" who="3" fromWho="2" sc="211,0,220,0,220,-77,339,87" /><INIT seed="2,0,0,2,1,56" ten="211,220,143,426" oya="2" hai0="21,17,82,121,2,46,41,5,63,117,96,99,45" hai1="0,83,14,80,23,110,48,3,115,123,53,6,51" hai2="29,76,89,120,104,13,43,39,40,18,22,108,122" hai3="128,1,44,58,111,49,11,88,118,26,34,7,71"/><V105/><F76/><W10/><G118/><T55/><D121/><U36/><E36/><V94/><F29/><W101/><G71/><T52/><D117/><U27/><E115/><V38/><F108/><W54/><G128/><T125/><D2/><U35/><E35/><V107/><F122/><W85/><G101/><T127/><D5/><U57/><E123/><V124/><F120/><W93/><G11/><T67/><D82/><U130/><E110/><V28/><F28/><W106/><G106/><T61/><D67/><U74/><E130/><V73/><F73/><W30/><G111/><T60/><D17/><U126/><E126/><N who="0" m="48137" /><D21/><U59/><E74/><V12/><F124/><W116/><G116/><T66/><D66/><U50/><E3/><V81/><F81/><W92/><REACH who="3" step="1"/><G44/><REACH who="3" ten="211,220,143,416" step="2"/><N who="0" m="17003" /><D41/><U79/><E79/><V102/><F43/><W47/><G47/><T75/><D75/><U70/><E70/><V91/><F40/><W77/><G77/><T100/><D99/><U78/><E78/><V109/><F109/><W84/><G84/><T62/><N who="0" m="16128" /><DORA hai="31" /><T25/><D25/><U95/><E27/><V133/><F39/><W68/><G68/><T72/><D72/><U69/><E69/><V131/><F38/><W90/><G90/><T19/><D19/><U32/><E6/><V33/><F91/><W103/><G103/><T64/><D64/><U119/><E119/><V129/><F89/><W20/><G20/><T87/><D87/><U37/><E37/><V4/><F131/><W113/><G113/><T8/><D8/><U112/><E23/><V15/><F129/><RYUUKYOKU ba="0,1" sc="211,15,220,-15,143,-15,416,15" hai0="52,55,96,100" hai3="1,7,10,26,30,34,49,54,58,85,88,92,93" /><INIT seed="3,1,1,1,1,26" ten="226,205,128,431" oya="3" hai0="58,63,44,18,59,34,84,76,5,31,97,89,27" hai1="104,65,111,131,47,28,33,114,51,101,46,86,70" hai2="95,81,24,113,109,129,64,17,93,37,32,118,4" hai3="22,62,127,126,98,96,13,73,135,12,133,122,72"/><W91/><G62/><T10/><D76/><U25/><E114/><V15/><F113/><W48/><G48/><T71/><D97/><N who="1" m="61487" /><E131/><V39/><F118/><W21/><REACH who="3" step="1"/><G91/><REACH who="3" ten="226,205,128,421" step="2"/><T54/><D63/><N who="1" m="40255" /><E111/><V123/><F109/><W75/><G75/><T1/><D89/><U60/><E60/><V115/><F115/><W92/><G92/><T99/><D59/><U100/><E100/><V102/><F95/><W105/><G105/><T40/><D58/><U49/><E86/><V56/><F93/><W112/><G112/><T6/><D84/><U74/><E74/><V2/><F102/><W132/><G132/><T19/><D99/><U8/><E51/><V117/><F39/><W77/><G77/><T36/><D71/><U14/><E49/><V7/><F37/><W80/><G80/><T69/><D69/><U43/><E43/><V61/><F81/><W82/><G82/><T53/><D36/><U67/><E67/><V110/><F64/><W45/><G45/><T16/><D40/><U106/><E106/><V35/><F110/><W119/><G119/><T0/><D44/><U23/><E47/><V125/><F117/><W128/><G128/><T124/><D124/><U20/><E46/><V41/><F125/><W52/><G52/><T66/><D66/><U87/><E87/><V3/><F129/><W9/><G9/><AGARI ba="1,2" hai="0,1,5,6,9,10,16,18,19,27,31,34,53,54" machi="9" ten="40,5200,0" yaku="9,1,52,1,54,1" doraHai="26" who="0" fromWho="3" sc="226,75,205,0,128,0,421,-55" /><INIT seed="4,0,0,0,2,124" ten="301,205,128,366" oya="0" hai0="34,75,36,54,80,78,135,113,71,3,29,56,95" hai1="90,107,53,1,104,127,47,14,109,21,114,52,27" hai2="116,57,48,41,111,7,128,46,119,0,83,76,38" hai3="6,105,98,18,72,44,103,129,62,82,61,63,117"/><T79/><D113/><U20/><E1/><V33/><F111/><W120/><G117/><N who="2" m="45129" /><F57/><W25/><G120/><T15/><D135/><U64/><E109/><V134/><F48/><W101/><G6/><T49/><D3/><U74/><E74/><N who="2" m="43415" /><F134/><W99/><G44/><T122/><D79/><U30/><E127/><V69/><F33/><W93/><G72/><T4/><D36/><U24/><E64/><V110/><F110/><W96/><G82/><T123/><D71/><U37/><E14/><V13/><F13/><W26/><G129/><T19/><D4/><U66/><E66/><V35/><F35/><W55/><G55/><T22/><D34/><U28/><E114/><V43/><F41/><W16/><REACH who="3" step="1"/><G99/><REACH who="3" ten="301,205,128,356" step="2"/><T112/><D112/><U125/><E125/><V106/><F69/><W31/><G31/><T97/><REACH who="0" step="1"/><D29/><REACH who="0" ten="291,205,128,356" step="2"/><U126/><E126/><V42/><F7/><W70/><G70/><T87/><D87/><U40/><E28/><V5/><F5/><W45/><G45/><T85/><D85/><U60/><E30/><V108/><F0/><W86/><G86/><T89/><AGARI ba="0,2" hai="15,19,22,49,54,56,75,78,80,89,95,97,122,123" machi="89" ten="20,7800,0" yaku="1,1,0,1,7,1,53,1" doraHai="124" doraHaiUra="88" who="0" fromWho="0" sc="291,98,205,-26,128,-26,356,-26" /><INIT seed="4,1,0,1,4,66" ten="389,179,102,330" oya="0" hai0="113,65,11,127,36,41,64,34,31,90,40,82,129" hai1="32,115,14,81,6,103,58,92,133,120,2,105,60" hai2="27,13,117,56,38,22,73,116,57,42,17,53,21" hai3="44,49,51,35,94,68,109,79,88,131,26,104,67"/><T4/><D113/><U23/><E120/><V99/><F73/><W19/><G109/><T16/><D129/><U86/><E32/><V71/><F99/><W18/><G104/><T43/><D36/><U110/><E110/><V121/><F121/><W24/><G79/><T75/><D127/><U108/><E108/><V50/><F38/><W20/><G131/><T87/><D75/><U80/><E105/><V55/><F42/><W10/><G35/><T96/><D31/><U130/><E130/><V5/><F5/><W70/><G67/><T123/><D34/><U100/><E2/><V69/><F27/><W84/><G51/><T12/><D123/><U93/><E133/><V28/><F22/><W91/><G91/><T39/><D39/><U78/><E115/><V0/><F28/><W33/><G33/><T122/><D122/><U45/><E45/><V54/><F0/><W25/><G10/><T9/><REACH who="0" step="1"/><D96/><REACH who="0" ten="379,179,102,330" step="2"/><U112/><E112/><V125/><F125/><W74/><G74/><T119/><D119/><N who="2" m="45642" /><F55/><W48/><G48/><AGARI ba="1,1" hai="13,17,21,48,50,53,54,56,57,69,71" m="45642" machi="48" ten="30,3900,0" yaku="12,1,52,2" doraHai="66" who="2" fromWho="3" sc="379,0,179,0,102,52,330,-42" /><INIT seed="5,0,0,0,1,79" ten="379,179,154,288" oya="1" hai0="78,49,18,68,34,121,90,63,129,62,14,124,24" hai1="30,0,112,35,45,8,58,100,117,2,32,132,37" hai2="88,39,85,81,4,41,10,22,7,51,110,57,74" hai3="125,53,76,113,87,102,9,97,103,50,99,119,91"/><U101/><E117/><V72/><F39/><W60/><G119/><T107/><D124/><U46/><E112/><V36/><F110/><W64/><G125/><T86/><D129/><U123/><E58/><V127/><F127/><W3/><G76/><T17/><D107/><U114/><E114/><V75/><F36/><W42/><G42/><T61/><D68/><U20/><E37/><V82/><F22/><W134/><G134/><T31/><D78/><U80/><E20/><V19/><F19/><W104/><G9/><T5/><D121/><U71/><E71/><V67/><F4/><W135/><G3/><T111/><D111/><U28/><E8/><V131/><F131/><W6/><G6/><T16/><D49/><U65/><E65/><V13/><F41/><W29/><G29/><T93/><REACH who="0" step="1"/><D5/><REACH who="0" ten="369,179,154,288" step="2"/><U133/><REACH who="1" step="1"/><E123/><REACH who="1" ten="369,169,154,288" step="2"/><V73/><N who="2" m="18432" /><DORA hai="56" /><V48/><F57/><W70/><G113/><T21/><AGARI ba="0,2" hai="14,16,17,18,21,24,31,34,61,62,63,86,90,93" machi="21" ten="30,12000,2" yaku="1,1,0,1,52,3,54,1,53,1" doraHai="79,56" doraHaiUra="89,92" who="0" fromWho="0" sc="369,140,169,-60,154,-30,288,-30" /><INIT seed="6,0,0,2,1,37" ten="509,109,124,258" oya="2" hai0="39,77,24,130,78,20,92,107,80,30,64,42,131" hai1="120,108,55,126,113,0,118,25,71,73,91,7,102" hai2="97,112,81,65,21,50,48,14,33,32,89,52,94" hai3="99,15,85,88,9,121,133,63,2,117,72,40,79"/><V1/><F1/><W41/><G121/><T105/><D64/><U135/><RYUUKYOKU type="yao9" ba="0,0" sc="509,0,109,0,124,0,258,0" hai1="0,7,25,55,71,73,91,102,108,113,118,120,126,135" /><INIT seed="6,1,0,0,1,119" ten="509,109,124,258" oya="2" hai0="7,50,111,17,92,78,120,70,0,40,83,4,52" hai1="64,46,128,106,39,43,90,48,93,99,88,14,73" hai2="65,62,113,123,101,69,115,110,86,127,121,71,1" hai3="95,117,57,9,94,33,126,13,66,11,125,31,122"/><V47/><F1/><W28/><G117/><T2/><D120/><N who="2" m="46154" /><F101/><W55/><G66/><T80/><D40/><U44/><E73/><V112/><F127/><N who="3" m="48651" /><G11/><T102/><D111/><U51/><E106/><V134/><F110/><W104/><G104/><T34/><D34/><U68/><E128/><V29/><F29/><N who="3" m="11339" /><G33/><T133/><D2/><U63/><E14/><V130/><F130/><W10/><G10/><T16/><D102/><U103/><REACH who="1" step="1"/><E39/><REACH who="1" ten="509,99,124,258" step="2"/><V131/><F131/><W114/><G122/><T132/><D0/><U3/><E3/><V67/><F134/><W30/><G114/><T19/><D133/><U18/><E18/><V98/><F98/><W56/><G30/><T5/><D19/><U124/><E124/><V53/><F86/><W22/><G13/><T38/><D132/><U100/><E100/><V37/><F37/><W75/><G75/><T76/><D38/><U97/><E97/><V24/><F24/><W49/><G9/><T109/><D109/><U58/><E58/><N who="2" m="35151" /><F47/><W91/><G57/><T35/><D35/><U59/><E59/><V82/><F82/><W85/><G22/><T116/><D83/><AGARI ba="1,1" hai="49,55,56,83,85,91,94,95" m="11339,48651" machi="83" ten="30,1000,0" yaku="18,1" doraHai="119" who="3" fromWho="0" sc="509,-13,99,0,124,0,258,23" /><INIT seed="7,0,0,2,3,118" ten="496,99,124,281" oya="3" hai0="121,102,46,100,88,12,15,103,65,4,17,95,72" hai1="107,50,62,101,68,126,36,114,6,41,64,61,34" hai2="106,31,104,48,55,29,86,97,2,127,63,52,91" hai3="38,116,73,82,89,77,130,123,3,69,47,16,56"/><W53/><G116/><T110/><D121/><U40/><E34/><V22/><F2/><W71/><G130/><T0/><D110/><U135/><E6/><V80/><F106/><W14/><G3/><T24/><D72/><U66/><E107/><V42/><F104/><W28/><G28/><T93/><D93/><U37/><E101/><V90/><F127/><W98/><G98/><T27/><D65/><U120/><E120/><V122/><F122/><W32/><G32/><T105/><D46/><N who="1" m="25935" /><E126/><V19/><F42/><W58/><G89/><T134/><D134/><U26/><E26/><N who="2" m="14687" /><F63/><W76/><G76/><T25/><D17/><U119/><E119/><V21/><F21/><W45/><G123/><T18/><D18/><U70/><E135/><V33/><F33/><W94/><G94/><T78/><D78/><U75/><E75/><V79/><F79/><W9/><G58/><T23/><D23/><U132/><E132/><V54/><F48/><W51/><REACH who="3" step="1"/><G47/><REACH who="3" ten="496,99,124,271" step="2"/><T96/><D105/><U112/><E40/><AGARI ba="0,1" hai="9,14,16,38,40,45,51,53,56,69,71,73,77,82" machi="40" ten="40,7700,0" yaku="1,1,2,1,54,1,53,0" doraHai="118" doraHaiUra="109" who="3" fromWho="1" sc="496,0,99,-77,124,0,271,87" /><INIT seed="7,1,0,4,4,69" ten="496,22,124,358" oya="3" hai0="55,40,131,128,61,103,81,45,130,114,74,42,85" hai1="12,34,97,76,57,29,92,41,112,35,28,3,27" hai2="64,106,105,110,20,6,90,109,124,14,11,66,91" hai3="117,4,115,82,33,43,31,95,108,78,94,93,89"/><W67/><G117/><T37/><D114/><U39/><E112/><V46/><F46/><W84/><G115/><T19/><D103/><U22/><E57/><V49/><F20/><W113/><G113/><T79/><D42/><U127/><E127/><V75/><F14/><W38/><G67/><T48/><D19/><U17/><E76/><V25/><F49/><W62/><G62/><T36/><D74/><U121/><E3/><V0/><F11/><W123/><G123/><T100/><D100/><U5/><E5/><V58/><F58/><AGARI ba="1,0" hai="36,37,40,45,48,55,58,61,79,81,85,128,130,131" machi="58" ten="40,5200,0" yaku="19,1,52,2" doraHai="69" who="0" fromWho="2" sc="496,55,22,0,124,-55,358,0" owari="551,65.0,22,-48.0,69,-33.0,358,16.0" /></mjloggm>