<mjloggm ver="2.3"><GO type="41" lobby="0"/><UN n0="%E2%93%9D%53%75%70%68%78" n1="%2A%68%69%72%61%6D%61" n2="%E4%BB%81%E7%8E%8B" n3="%E7%AB%B9%E4%B8%96" dan="18,15,13,14" rate="2093.19,1984.73,1851.68,1895.93" sx="M,M,M,F"/><TAIKYOKU oya="0"/><INIT seed="0,0,0,3,3,81" ten="250,250,250,250" oya="0" hai0="68,66,50,112,33,91,105,88,130,75,3,12,79" hai1="32,113,102,53,117,96,109,116,45,82,123,1,2" hai2="127,29,57,128,77,78,54,20,18,6,94,9,111" hai3="67,108,26,93,25,38,70,134,64,103,15,22,125"/><T14/><D112/><U106/><E53/><V100/><F111/><W41/><G108/><T16/><D3/><U63/><E45/><V5/><F128/><W87/><G134/><T43/><D33/><U35/><E123/><V71/><F71/><W19/><G125/><T58/><D105/><U31/><E113/><V76/><F127/><W101/><G38/><T61/><D14/><U131/><E131/><V83/><F29/><W51/><G70/><T44/><D130/><U84/><E63/><V99/><F9/><W40/><G51/><T27/><D27/><N who="3" m="10249" /><G103/><T60/><D79/><U69/><E31/><V74/><F6/><W119/><G119/><T59/><D75/><U90/><E69/><V17/><F5/><W55/><G55/><N who="0" m="33887" /><D68/><U85/><E2/><V13/><F18/><W34/><G34/><T0/><D0/><U72/><E1/><V115/><F115/><W129/><G129/><T104/><D104/><U11/><E11/><AGARI ba="0,0" hai="11,12,16,43,44,50,59,61,66,88,91" m="33887" machi="11" ten="30,5800,0" yaku="8,1,54,2" doraHai="81" who="0" fromWho="1" sc="250,58,250,-58,250,0,250,0" /><INIT seed="0,1,0,3,5,4" ten="308,192,250,250" oya="0" hai0="109,13,19,16,82,52,86,120,133,71,32,58,31" hai1="117,64,113,30,51,10,119,130,115,42,44,12,45" hai2="110,121,9,128,24,127,62,22,65,27,2,92,69" hai3="75,46,11,25,93,15,78,88,118,94,68,79,6"/><T106/><D120/><U76/><E130/><V50/><F121/><W29/><G68/><T80/><D71/><U23/><E64/><V0/><F128/><W122/><G122/><T123/><D106/><U37/><E76/><N who="3" m="29226" /><G118/><T112/><D112/><N who="1" m="43083" /><E23/><V48/><F110/><W36/><G75/><T41/><D133/><U63/><E63/><V35/><F127/><W33/><G36/><T8/><D123/><U5/><E30/><V77/><F77/><W97/><G33/><T89/><D109/><U59/><E59/><V105/><F105/><W28/><G25/><T47/><D31/><N who="3" m="11849" /><G94/><T38/><D32/><U17/><E17/><V91/><F35/><W53/><G46/><T134/><D134/><U87/><E87/><V99/><F27/><W81/><G53/><AGARI ba="1,0" hai="5,10,12,37,42,44,45,51,53,117,119" m="43083" machi="53" ten="30,2000,0" yaku="11,1,52,1" doraHai="4" who="1" fromWho="3" sc="308,0,192,23,250,0,250,-23" /><INIT seed="1,0,0,5,4,91" ten="308,215,250,227" oya="1" hai0="106,65,50,61,26,5,87,23,64,20,7,111,127" hai1="22,21,119,129,37,103,86,27,118,125,83,11,120" hai2="13,123,1,115,0,73,95,84,60,12,107,116,4" hai3="54,126,82,45,90,93,128,102,41,108,59,96,32"/><U77/><E37/><V52/><F73/><W80/><G32/><T70/><D106/><U89/><E120/><V47/><F107/><W131/><G108/><T56/><D127/><U2/><E125/><V62/><F123/><W36/><G126/><T68/><D111/><U97/><E129/><N who="3" m="49738" /><G90/><T40/><D87/><U17/><E89/><V135/><F116/><W9/><G9/><T100/><D100/><U29/><E2/><V132/><F115/><W46/><G45/><T98/><D98/><U51/><E11/><N who="2" m="2439" /><F1/><W81/><G80/><T3/><D3/><U66/><E51/><AGARI ba="0,0" hai="36,41,46,51,54,59,81,82,93,96,102" m="49738" machi="51" ten="30,2000,0" yaku="19,1,52,1" doraHai="91" who="3" fromWho="1" sc="308,0,215,-20,250,0,227,20" /><INIT seed="2,0,0,2,1,81" ten="308,195,250,247" oya="2" hai0="0,133,117,123,115,130,75,116,29,56,54,101,135" hai1="33,58,108,6,42,126,103,120,112,45,9,118,110" hai2="21,35,98,48,79,7,18,51,125,129,73,105,12" hai3="14,92,87,94,88,74,124,32,102,61,24,89,62"/><V72/><F35/><W38/><G38/><T52/><D75/><U69/><E103/><V2/><F129/><W5/><G74/><T10/><D115/><U8/><E58/><V41/><F125/><W86/><G102/><T132/><D123/><U109/><E45/><V97/><F73/><W11/><G124/><T104/><D29/><AGARI ba="0,0" hai="5,11,14,24,29,32,61,62,86,87,88,89,92,94" machi="29" ten="40,8000,1" yaku="9,1,52,2,54,1" doraHai="81" who="3" fromWho="0" sc="308,-80,195,0,250,0,247,80" /><INIT seed="3,0,0,2,2,68" ten="228,195,250,327" oya="3" hai0="0,107,8,127,71,73,35,109,80,105,64,9,24" hai1="117,97,49,33,120,31,5,12,85,128,19,114,44" hai2="6,125,58,67,112,25,130,42,103,7,119,4,93" hai3="29,82,111,84,76,104,41,83,47,23,113,91,79"/><W86/><G113/><T72/><D127/><U36/><E114/><V110/><F112/><W108/><G104/><T69/><D80/><U88/><E128/><V94/><F130/><W39/><G91/><T60/><D109/><N who="3" m="42057" /><G23/><T26/><D60/><U22/><E120/><V45/><F110/><W40/><G41/><T100/><D64/><U56/><E117/><V133/><F119/><W20/><G20/><T124/><D35/><U11/><E97/><V51/><F125/><W37/><G29/><T18/><D124/><U16/><E56/><V63/><F133/><W129/><G129/><T77/><D77/><U122/><E36/><AGARI ba="0,0" hai="36,37,39,40,47,76,79,82,83,84,86" m="42057" machi="36" ten="30,12000,1" yaku="14,1,10,1,52,3" doraHai="68" who="3" fromWho="1" sc="228,0,195,-120,250,0,327,120" /><INIT seed="3,1,0,1,5,28" ten="228,75,250,447" oya="3" hai0="25,116,65,44,132,59,26,9,91,76,34,58,57" hai1="88,83,52,40,122,32,19,133,3,31,0,66,87" hai2="10,8,97,100,73,61,43,114,113,46,72,106,37" hai3="125,29,94,102,13,126,45,134,62,74,86,18,85"/><W98/><G74/><T51/><D116/><U67/><E122/><V14/><F61/><W49/><G134/><T115/><D132/><U68/><E133/><V70/><F70/><W109/><G62/><T24/><D115/><U23/><E40/><V71/><F71/><W5/><G5/><T16/><D76/><U129/><E32/><V77/><F10/><W120/><G120/><T79/><D79/><U93/><E31/><V84/><F73/><W64/><G64/><T96/><D34/><U95/><E3/><V110/><F110/><W27/><G109/><T4/><D65/><U50/><E0/><V69/><F69/><W33/><G125/><T80/><D4/><U82/><E68/><V41/><F41/><W124/><G124/><T7/><D7/><U118/><E118/><V75/><F75/><W42/><REACH who="3" step="1"/><G126/><REACH who="3" ten="228,75,250,437" step="2"/><T78/><D78/><U135/><E135/><V56/><F72/><W123/><G123/><T60/><D60/><U21/><E67/><V89/><F77/><W121/><G121/><T30/><D30/><U55/><E66/><V119/><F114/><W105/><G105/><T127/><D127/><U39/><E39/><V111/><F119/><W20/><AGARI ba="1,1" hai="13,18,20,27,29,33,42,45,49,85,86,94,98,102" machi="20" ten="20,12000,1" yaku="1,1,0,1,7,1,52,1,53,1" doraHai="28" doraHaiUra="47" who="3" fromWho="3" sc="228,-41,75,-41,250,-41,437,133" /><INIT seed="3,2,0,0,4,51" ten="187,34,209,570" oya="3" hai0="103,88,85,93,32,133,80,121,90,66,95,24,101" hai1="67,76,119,98,108,52,22,74,13,83,45,20,128" hai2="84,65,31,63,81,40,82,25,61,73,7,27,29" hai3="111,69,21,115,47,129,92,48,134,18,3,118,70"/><W36/><G115/><T60/><D121/><U91/><E108/><V41/><F84/><W89/><G118/><T14/><D133/><U59/><E128/><V68/><F7/><W102/><G3/><T107/><D107/><U120/><E120/><V16/><F16/><W124/><G36/><T49/><D32/><U97/><E119/><V55/><F55/><W44/><G129/><T35/><D35/><U42/><E67/><V62/><F65/><W100/><G134/><T11/><D24/><N who="2" m="9290" /><F73/><W75/><G75/><T110/><D110/><U58/><E58/><V135/><F68/><W112/><G112/><T126/><D126/><U78/><E78/><V1/><F1/><W15/><G111/><T39/><D39/><U8/><E98/><V43/><F135/><W117/><G117/><T33/><D33/><U19/><E97/><V131/><F131/><W71/><G124/><T9/><D9/><U79/><E79/><V17/><F17/><W10/><G10/><T28/><D28/><AGARI ba="2,0" hai="28,29,31,40,41,43,61,62,63,81,82" m="9290" machi="28" ten="40,5200,0" yaku="28,2,8,1" doraHai="51" who="2" fromWho="0" sc="187,-58,34,0,209,58,570,0" /><INIT seed="4,0,0,1,2,85" ten="129,34,267,570" oya="0" hai0="58,84,45,81,64,67,59,5,109,15,16,98,55" hai1="38,112,33,54,17,65,2,96,132,124,135,3,56" hai2="104,53,13,12,99,92,1,134,68,90,11,14,88" hai3="9,95,19,21,0,20,36,103,97,123,115,25,111"/><T48/><D5/><U32/><E38/><V82/><F104/><W76/><G111/><T113/><D113/><U44/><E65/><N who="0" m="25161" /><D98/><U102/><E44/><V8/><F68/><W66/><G36/><T43/><D109/><U62/><E17/><V74/><F74/><W50/><G76/><N who="0" m="46119" /><D43/><U37/><E37/><V94/><F134/><N who="1" m="51241" /><E124/><V6/><F82/><W27/><G115/><T107/><D107/><N who="1" m="63943" /><E112/><V7/><REACH who="2" step="1"/><F53/><REACH who="2" ten="129,34,257,570" step="2"/><W120/><G120/><T130/><D130/><U77/><E77/><V78/><F78/><W10/><G123/><T105/><D105/><U26/><E26/><V127/><F127/><W86/><G27/><T118/><D118/><U23/><E23/><AGARI ba="0,1" hai="15,16,23,45,48,55,58,59" m="46119,25161" machi="23" ten="30,2900,0" yaku="8,1,54,1" doraHai="85" who="0" fromWho="1" sc="129,39,34,-29,257,0,570,0" /><INIT seed="4,1,0,4,3,93" ten="168,5,257,570" oya="0" hai0="1,44,2,113,80,130,29,78,41,110,116,76,12" hai1="123,3,102,96,109,13,15,42,129,58,90,56,134" hai2="88,131,4,107,85,33,36,112,79,26,69,52,22" hai3="70,105,64,24,57,25,9,43,111,121,16,54,89"/><T98/><D116/><U7/><E123/><V40/><F33/><W18/><G111/><T82/><D110/><U100/><E109/><V125/><F79/><W60/><G105/><T92/><D113/><U115/><E115/><V94/><F112/><W59/><G43/><T124/><D130/><U126/><E129/><V17/><F131/><W91/><G70/><T6/><D29/><U21/><E126/><V67/><F107/><W34/><G34/><T51/><D124/><U83/><E3/><V20/><F125/><W50/><G121/><T45/><D45/><U118/><E118/><V86/><F4/><W74/><G74/><T23/><D2/><U66/><E42/><V73/><F73/><W37/><G37/><T101/><D1/><U38/><E38/><V11/><F40/><W84/><G9/><N who="0" m="4151" /><D23/><U35/><E35/><V32/><F32/><W120/><G120/><T95/><D95/><N who="1" m="56439" /><E83/><AGARI ba="1,0" hai="41,44,51,76,78,80,82,83,92,98,101" m="4151" machi="83" ten="30,2900,0" yaku="8,1,52,1" doraHai="93" who="0" fromWho="1" sc="168,32,5,-32,257,0,570,0" owari="200,-20.0,-27,-53.0,257,6.0,570,67.0" /></mjloggm>