<mjloggm ver="2.3"><GO type="41" lobby="0"/><UN n0="%E6%A8%AA%E5%B1%B1" n1="%E2%93%9D%53%75%70%68%78" n2="%E7%8B%82%E7%8A%AC%E3%83%9E%E3%83%83%E3%82%AF" n3="%73%73%33%31%33%31" dan="13,18,14,14" rate="1848.71,2137.76,1941.61,2070.14" sx="M,M,M,M"/><TAIKYOKU oya="0"/><INIT seed="0,0,0,3,2,133" ten="250,250,250,250" oya="0" hai0="100,8,12,71,114,23,95,50,69,32,19,111,68" hai1="92,14,112,21,18,47,76,116,43,3,46,7,53" hai2="17,115,90,101,118,58,42,108,1,88,122,70,44" hai3="22,105,106,54,74,65,27,79,10,9,20,36,109"/><T51/><D32/><U60/><E116/><V85/><F70/><W110/><G36/><T24/><D114/><U120/><E120/><V124/><F115/><W117/><G65/><T103/><D111/><U93/><E112/><V99/><F122/><W48/><G79/><T0/><D0/><U82/><E47/><V38/><F108/><W49/><G74/><T15/><D95/><U11/><E53/><V13/><F1/><W78/><G78/><T33/><D33/><U25/><E60/><V135/><F135/><W119/><G54/><T83/><D83/><U128/><E128/><V35/><F35/><W5/><G27/><T125/><D125/><U72/><REACH who="1" step="1"/><E25/><REACH who="1" ten="250,240,250,250" step="2"/><V73/><F118/><W57/><G117/><T64/><D64/><U6/><E6/><V59/><F44/><W66/><G119/><T81/><D24/><U61/><E61/><V2/><F42/><W63/><G66/><T34/><D69/><U94/><E94/><V89/><F38/><AGARI ba="0,1" hai="3,7,11,14,18,21,38,43,46,72,76,82,92,93" machi="38" ten="30,7700,0" yaku="1,1,7,1,25,2,53,0" doraHai="133" doraHaiUra="29" who="1" fromWho="2" sc="250,0,240,87,250,-77,250,0" /><INIT seed="1,0,0,1,2,79" ten="250,327,173,250" oya="1" hai0="46,65,44,125,52,107,114,77,30,134,118,62,21" hai1="73,129,90,23,115,131,97,50,35,48,36,47,59" hai2="17,0,82,43,68,4,122,24,117,116,32,91,101" hai3="22,29,109,76,5,60,12,49,84,105,100,124,20"/><U26/><E35/><V38/><F122/><W88/><G124/><T9/><D107/><U55/><E73/><V113/><F68/><W54/><G105/><T89/><D89/><U41/><E115/><V37/><F113/><W33/><G100/><T93/><D93/><U135/><E135/><V85/><F101/><W56/><G29/><T96/><D96/><U1/><E1/><V86/><F0/><W123/><G76/><T130/><D77/><U80/><E36/><V45/><F4/><W40/><G109/><T72/><D9/><U27/><E97/><V51/><F38/><W112/><G123/><T39/><D21/><U108/><E108/><V63/><F37/><W111/><G33/><T61/><D30/><U19/><REACH who="1" step="1"/><E27/><REACH who="1" ten="250,317,173,250" step="2"/><V13/><F85/><AGARI ba="0,1" hai="19,23,26,41,47,48,50,55,59,80,85,90,129,131" machi="85" ten="40,7700,0" yaku="1,1,2,1,52,1,53,0" doraHai="79" doraHaiUra="120" who="1" fromWho="2" sc="250,0,317,87,173,-77,250,0" /><INIT seed="1,1,0,3,2,44" ten="250,404,96,250" oya="1" hai0="42,104,6,53,125,60,88,66,115,72,11,27,108" hai1="61,51,76,67,57,55,48,135,99,63,95,20,2" hai2="12,31,7,36,89,14,98,110,126,122,40,90,9" hai3="105,107,59,43,69,62,83,92,38,22,39,130,101"/><U129/><E2/><V25/><F122/><W23/><G69/><T93/><D104/><U117/><E117/><V70/><F70/><W100/><G83/><T131/><D72/><U121/><E129/><V18/><F110/><W86/><G86/><T71/><D108/><U124/><E135/><V28/><F126/><W0/><G43/><T133/><D42/><U102/><E121/><V45/><F98/><W50/><G92/><T116/><D115/><U56/><E124/><V134/><F134/><W37/><G0/><T65/><D65/><U79/><E20/><V78/><F78/><AGARI ba="1,0" hai="48,51,55,56,57,61,63,67,76,78,79,95,99,102" machi="78" ten="40,7700,0" yaku="8,1,52,2" doraHai="44" who="1" fromWho="2" sc="250,0,404,80,96,-80,250,0" /><INIT seed="1,2,0,4,1,47" ten="250,484,16,250" oya="1" hai0="68,101,36,8,22,104,53,120,118,73,6,24,127" hai1="79,60,0,111,74,133,54,9,86,107,37,14,131" hai2="89,75,15,40,30,21,29,58,13,11,43,124,132" hai3="16,56,31,65,20,27,121,25,76,77,44,122,7"/><U19/><E131/><V93/><F124/><W117/><G117/><T112/><D53/><U106/><E133/><V69/><F69/><W71/><G71/><T130/><D101/><U3/><E74/><V85/><F132/><W32/><G7/><T28/><D8/><U26/><E111/><V45/><F75/><W91/><G121/><T116/><D6/><U103/><E37/><V81/><F58/><W109/><G109/><T126/><D22/><U94/><E107/><V83/><F15/><W41/><G122/><T100/><D100/><U35/><E106/><V46/><F46/><W78/><G91/><T105/><D24/><U38/><E35/><V59/><F59/><W52/><G65/><T23/><D23/><U123/><E38/><V70/><F70/><W17/><G17/><T39/><D28/><U50/><E60/><V82/><F21/><W63/><G77/><T2/><D39/><AGARI ba="2,0" hai="16,20,25,27,31,32,39,41,44,52,56,63,76,78" machi="39" ten="30,3900,0" yaku="7,1,54,2" doraHai="47" who="3" fromWho="0" sc="250,-45,484,0,16,0,250,45" /><INIT seed="2,0,0,2,0,104" ten="205,484,16,295" oya="2" hai0="112,8,74,124,18,134,55,19,6,25,9,101,103" hai1="53,132,28,116,119,51,129,46,100,72,78,10,83" hai2="24,114,113,20,82,56,111,121,90,89,33,126,38" hai3="47,44,86,5,61,128,45,36,37,94,64,39,88"/><V123/><F38/><W107/><G107/><T21/><D112/><N who="2" m="43114" /><F56/><W67/><G128/><T105/><D134/><U49/><E129/><V52/><F33/><W91/><G5/><T35/><D124/><U81/><E132/><V48/><F20/><W127/><G127/><T63/><D105/><U29/><E10/><V26/><F126/><W106/><G106/><T120/><D120/><N who="2" m="46154" /><F48/><W102/><G102/><T40/><D40/><U75/><E100/><V117/><F52/><W54/><G54/><T22/><D74/><U1/><E53/><V57/><F57/><W0/><G0/><T41/><D41/><U99/><E46/><V2/><F2/><W80/><G61/><T131/><D131/><U13/><E1/><V50/><F50/><W3/><G3/><T69/><D55/><U16/><E51/><V43/><F43/><W77/><REACH who="3" step="1"/><G91/><REACH who="3" ten="205,484,16,285" step="2"/><N who="2" m="34825" /><F82/><W79/><G79/><T42/><D63/><U76/><E76/><V109/><F117/><W17/><G17/><T66/><D19/><U84/><E119/><V60/><F60/><W12/><G12/><T68/><D18/><U115/><E116/><V85/><F85/><AGARI ba="0,1" hai="36,37,39,44,45,47,64,67,77,80,85,86,88,94" machi="85" ten="50,3200,0" yaku="1,1,54,1,53,0" doraHai="104" doraHaiUra="11" who="3" fromWho="2" sc="205,0,484,0,16,-32,285,42" owari="205,-19.0,484,58.0,-16,-52.0,327,13.0" /></mjloggm>