<mjloggm ver="2.3"><GO type="41" lobby="0"/><UN n0="%E2%93%9D%53%75%70%68%78" n1="%74%6F%62%69%73%75%6E" n2="%E5%AD%A4%E7%8B%AC%E5%85%84%E5%BC%9F" n3="%53%45%76%45%4E" dan="18,15,15,13" rate="2137.85,1997.88,1997.93,1868.08" sx="M,M,F,M"/><TAIKYOKU oya="0"/><INIT seed="0,0,0,0,5,70" ten="250,250,250,250" oya="0" hai0="80,73,112,111,34,43,42,14,47,128,17,13,86" hai1="62,100,96,54,82,57,52,58,3,99,97,78,6" hai2="4,48,12,98,19,95,77,120,92,134,53,64,124" hai3="25,93,114,15,32,10,36,41,66,9,22,81,101"/><T94/><D112/><U18/><E3/><V88/><F120/><W83/><G114/><T33/><D73/><U104/><E6/><V35/><F35/><W37/><G32/><T132/><D132/><U1/><E18/><V24/><F134/><W45/><G66/><T5/><D128/><U27/><E27/><V122/><F122/><W84/><G10/><T60/><D43/><U119/><E1/><V30/><F77/><W109/><G109/><T56/><D94/><U50/><REACH who="1" step="1"/><E119/><REACH who="1" ten="250,240,250,250" step="2"/><V105/><F4/><W118/><G118/><T72/><D5/><U85/><AGARI ba="0,1" hai="50,52,54,57,58,62,78,82,85,96,97,99,100,104" machi="85" ten="20,8000,1" yaku="1,1,2,1,0,1,7,1,54,1,53,0" doraHai="70" doraHaiUra="69" who="1" fromWho="1" sc="250,-40,240,90,250,-20,250,-20" /><INIT seed="1,0,0,4,5,80" ten="210,330,230,230" oya="1" hai0="5,70,124,108,105,129,7,119,6,131,4,89,73" hai1="83,59,47,65,69,46,114,90,22,94,103,39,128" hai2="79,100,15,23,8,40,36,64,101,126,74,132,72" hai3="38,49,55,31,133,98,50,26,57,29,92,84,66"/><U0/><E0/><V135/><F64/><W43/><G133/><N who="2" m="51273" /><F23/><W104/><G104/><T120/><D105/><U20/><E128/><N who="0" m="49225" /><D73/><N who="2" m="28266" /><F79/><W11/><G11/><T37/><D70/><U19/><E114/><V67/><F67/><W56/><G38/><T86/><D37/><U109/><E109/><V60/><F60/><W116/><G116/><T2/><D119/><U1/><E1/><V32/><F32/><W34/><G31/><T3/><D108/><U99/><E39/><V41/><F126/><W27/><G27/><T88/><D124/><U18/><E69/><V115/><F115/><W13/><G13/><T58/><D5/><U134/><E134/><V44/><F41/><W9/><G9/><T95/><D120/><U71/><E71/><V75/><N who="2" m="28274" /><V91/><DORA hai="97" /><F91/><W14/><G14/><T102/><D89/><U42/><E42/><V10/><F10/><W113/><G43/><T53/><D2/><U45/><E20/><V61/><F61/><W33/><G33/><T123/><D123/><U121/><E121/><V68/><F68/><W107/><G113/><T63/><D3/><U130/><E130/><V78/><F78/><W127/><G127/><T16/><D16/><AGARI ba="0,0" hai="8,15,16,36,40,44,100,101" m="28274,51273" machi="16" ten="40,8000,1" yaku="20,1,52,2,54,1" doraHai="80,97" who="2" fromWho="0" sc="210,-80,330,0,230,80,230,0" /><INIT seed="2,0,0,1,3,17" ten="130,330,310,230" oya="2" hai0="48,50,134,38,105,3,13,18,78,122,96,92,11" hai1="118,1,126,63,131,60,102,10,112,121,72,35,116" hai2="94,5,53,75,64,103,89,31,77,58,74,28,114" hai3="100,133,98,101,19,29,15,34,86,2,108,14,117"/><V54/><F114/><W110/><G117/><T49/><D122/><U69/><RYUUKYOKU type="yao9" ba="0,0" sc="130,0,330,0,310,0,230,0" hai1="1,10,35,60,63,69,72,102,112,116,118,121,126,131" /><INIT seed="2,1,0,3,5,48" ten="130,330,310,230" oya="2" hai0="78,125,27,52,135,7,50,94,44,11,13,80,122" hai1="117,65,24,64,45,9,32,63,134,42,66,26,74" hai2="55,91,110,97,69,3,68,61,81,31,22,84,28" hai3="100,82,114,88,39,40,67,109,99,104,103,119,16"/><V20/><F3/><W19/><G119/><T126/><D122/><U101/><E74/><V15/><F97/><W77/><G109/><T113/><D113/><U115/><E115/><V116/><F116/><W118/><G118/><T133/><D94/><U79/><E79/><V76/><F76/><W29/><G114/><T36/><D27/><U105/><E134/><N who="0" m="51209" /><D36/><U70/><E26/><V58/><F110/><W129/><G129/><T41/><D41/><U51/><E9/><V25/><F31/><W56/><G100/><T75/><AGARI ba="1,0" hai="7,11,13,44,50,52,75,78,80,125,126" m="51209" machi="75" ten="30,4000,0" yaku="20,1,52,1,54,1" doraHai="48" who="0" fromWho="0" sc="130,43,330,-11,310,-21,230,-11" /><INIT seed="3,0,0,1,2,83" ten="173,319,289,219" oya="3" hai0="1,79,0,18,28,66,93,69,21,101,114,59,41" hai1="74,57,131,118,111,61,40,51,50,122,124,58,3" hai2="75,46,55,135,96,43,100,34,68,37,17,8,24" hai3="130,106,60,117,56,82,9,44,89,23,10,90,126"/><W108/><G117/><T20/><D69/><U113/><E3/><V107/><F75/><W29/><G126/><T91/><D114/><U72/><E74/><V116/><F68/><W84/><G130/><T112/><D112/><U42/><E72/><V134/><F55/><W4/><G108/><T102/><D41/><U48/><E113/><V77/><F77/><W92/><G106/><T15/><D1/><U52/><E122/><V71/><F71/><W25/><G44/><T86/><D0/><U45/><E131/><V36/><F17/><W33/><G33/><T87/><D21/><U109/><E124/><V63/><F63/><W30/><G4/><T26/><D66/><N who="1" m="39215" /><E118/><V14/><F37/><W31/><G31/><T35/><REACH who="0" step="1"/><D59/><REACH who="0" ten="163,319,289,219" step="2"/><N who="1" m="33159" /><E40/><V54/><F116/><W73/><G30/><T12/><D12/><U22/><E22/><V99/><F14/><W80/><G73/><T62/><D62/><U67/><E67/><V47/><F43/><W110/><G110/><N who="1" m="41994" /><E58/><V19/><F34/><W38/><G9/><T39/><D39/><AGARI ba="0,1" hai="39,42,45,50,51" m="41994,33159,39215" machi="39" ten="30,7700,0" yaku="14,1,34,2,54,1" doraHai="83" who="1" fromWho="0" sc="163,-77,319,87,289,0,219,0" /><INIT seed="4,0,0,1,1,64" ten="86,406,289,219" oya="0" hai0="10,111,129,113,17,73,76,35,67,39,30,13,126" hai1="34,94,124,130,20,28,63,59,26,83,92,79,119" hai2="99,22,8,58,117,78,100,14,71,93,48,112,19" hai3="131,4,54,68,103,42,44,45,75,118,72,21,121"/><T11/><D39/><U41/><E124/><V57/><F78/><W9/><G118/><T60/><D126/><U46/><E130/><V70/><F112/><W38/><G131/><T89/><D129/><U56/><E59/><V69/><F117/><W23/><G121/><T65/><D113/><U96/><E34/><V31/><F48/><W15/><G103/><T105/><D105/><U84/><E96/><V77/><F77/><W106/><G106/><T80/><D67/><U125/><E125/><V29/><F29/><W102/><G102/><T123/><D111/><U52/><REACH who="1" step="1"/><E119/><REACH who="1" ten="86,396,289,219" step="2"/><V110/><REACH who="2" step="1"/><F110/><REACH who="2" ten="86,396,279,219" step="2"/><W128/><G128/><T127/><D127/><U66/><E66/><V25/><AGARI ba="0,2" hai="8,14,19,22,25,31,57,58,69,70,71,93,99,100" machi="25" ten="40,12000,2" yaku="1,1,2,1,0,1,52,3,53,0" doraHai="64" doraHaiUra="37" who="2" fromWho="2" sc="86,-60,396,-30,279,140,219,-30" /><INIT seed="5,0,0,1,0,111" ten="26,366,419,189" oya="1" hai0="62,125,68,76,79,52,108,3,10,20,49,34,91" hai1="112,11,132,23,130,116,37,92,40,129,12,89,33" hai2="96,50,119,55,99,100,44,84,131,39,87,28,24" hai3="26,18,7,31,98,97,15,118,16,9,69,93,48"/><U47/><E33/><V101/><F39/><W123/><G118/><T61/><D108/><U126/><E116/><V32/><F131/><N who="1" m="50185" /><E23/><V95/><REACH who="2" step="1"/><F119/><REACH who="2" ten="26,366,409,189" step="2"/><W25/><G123/><T74/><D125/><U56/><E126/><V103/><F103/><W124/><G124/><T115/><D34/><U57/><E132/><V41/><F41/><W27/><G69/><T71/><D68/><U122/><E122/><V22/><F22/><W58/><G31/><T65/><D20/><U88/><E112/><V110/><F110/><W45/><G58/><N who="1" m="22634" /><E92/><AGARI ba="0,1" hai="24,28,32,44,50,55,84,87,92,95,96,99,100,101" machi="92" ten="30,3900,0" yaku="1,1,7,1,9,1,53,0" doraHai="111" doraHaiUra="102" who="2" fromWho="1" sc="26,0,366,-39,409,49,189,0" /><INIT seed="6,0,0,5,2,54" ten="26,327,458,189" oya="2" hai0="47,62,103,19,118,106,92,30,82,67,95,24,63" hai1="25,40,116,53,119,10,110,115,7,112,31,75,125" hai2="12,20,49,87,124,94,38,18,76,4,72,59,29" hai3="35,126,127,60,121,48,122,135,6,8,100,105,84"/><V91/><F38/><W123/><G35/><T33/><D118/><U101/><E40/><V128/><F128/><W43/><G135/><T107/><D82/><U104/><E75/><V1/><F29/><W99/><G84/><T27/><D47/><U28/><E53/><N who="2" m="32175" /><F124/><W58/><G43/><T50/><D50/><U0/><E101/><V71/><F71/><W9/><G48/><T77/><D77/><U131/><E104/><V90/><F90/><W85/><G85/><T102/><D30/><U73/><E73/><V39/><F39/><W56/><G60/><T57/><D19/><U34/><E110/><V89/><F89/><W21/><G21/><T120/><D67/><U114/><E125/><N who="3" m="47626" /><G8/><T86/><D86/><U44/><E44/><V83/><F4/><W65/><G65/><T78/><D78/><U46/><E46/><V64/><F64/><W88/><G88/><T37/><D37/><U129/><REACH who="1" step="1"/><E28/><REACH who="1" ten="26,317,458,189" step="2"/><V133/><F133/><W80/><G80/><T66/><D66/><U55/><E55/><V26/><F1/><AGARI ba="0,1" hai="1,6,9,56,58,99,100,105,121,122,123" m="47626" machi="1" ten="40,5200,0" yaku="18,1,52,2" doraHai="54" who="3" fromWho="2" sc="26,0,317,0,458,-52,189,62" /><INIT seed="7,0,0,0,2,128" ten="26,317,406,251" oya="3" hai0="76,123,101,100,84,8,21,17,31,35,92,89,135" hai1="69,98,4,55,33,118,79,119,110,49,30,5,18" hai2="74,90,24,109,6,39,38,41,126,27,29,93,26" hai3="59,131,67,37,63,19,102,65,42,127,104,124,45"/><W99/><G131/><T129/><D35/><U46/><E69/><V7/><F74/><W61/><REACH who="3" step="1"/><G19/><REACH who="3" ten="26,317,406,241" step="2"/><T57/><D129/><U88/><E18/><V66/><F109/><W56/><AGARI ba="0,1" hai="37,42,45,56,59,61,63,65,67,99,102,104,124,127" machi="56" ten="30,11700,0" yaku="1,1,2,1,0,1,9,1,53,0" doraHai="128" doraHaiUra="111" who="3" fromWho="3" sc="26,-39,317,-39,406,-39,241,127" owari="-13,-51.0,278,-12.0,367,17.0,368,46.0" /></mjloggm>