<mjloggm ver="2.3"><GO type="41" lobby="0"/><UN n0="%6B%75%72%69%62%6F%6F" n1="%E3%81%82%E3%81%B5%E3%82%8D%E3%81%84%E3%81%A1%32" n2="%E2%93%9D%53%75%70%68%78" n3="%E3%81%98%E3%82%93%E3%81%BF%E3%82%87%E3%82%93" dan="13,14,17,15" rate="1893.64,1937.51,2084.89,2042.22" sx="M,M,M,F"/><TAIKYOKU oya="0"/><INIT seed="0,0,0,0,2,100" ten="250,250,250,250" oya="0" hai0="101,107,120,44,102,114,77,2,88,39,59,11,78" hai1="134,5,15,67,117,97,90,87,79,41,50,124,92" hai2="122,18,116,75,115,98,94,119,34,71,93,58,13" hai3="68,27,24,103,38,76,20,125,31,113,7,106,104"/><T123/><D114/><U23/><E117/><N who="2" m="45131" /><F71/><W22/><G113/><T99/><D2/><U29/><E134/><V62/><F115/><W84/><G38/><T52/><D11/><U135/><E124/><V95/><F75/><W130/><G68/><T53/><D39/><U127/><E67/><N who="2" m="39383" /><F34/><W47/><G7/><T6/><D6/><U33/><E33/><V129/><F129/><W16/><G130/><T54/><D44/><N who="1" m="25871" /><E135/><V118/><F122/><W131/><G131/><T25/><D25/><N who="1" m="16575" /><E127/><V73/><F73/><W57/><G125/><T10/><D10/><N who="1" m="4559" /><E79/><V51/><F118/><W110/><G110/><T112/><D112/><U96/><AGARI ba="0,0" hai="87,90,92,96,97" m="4559,16575,25871" machi="96" ten="30,1100,0" yaku="8,1" doraHai="100" who="1" fromWho="1" sc="250,-5,250,11,250,-3,250,-3" /><INIT seed="1,0,0,4,3,47" ten="245,261,247,247" oya="1" hai0="54,49,8,42,66,41,78,125,29,38,111,48,106" hai1="31,100,116,7,11,39,115,21,9,86,63,60,4" hai2="6,14,108,112,90,107,67,51,95,77,32,80,52" hai3="59,65,97,61,91,113,56,24,69,25,12,135,102"/><U87/><E115/><V88/><F107/><W70/><G113/><T123/><D106/><U105/><E39/><V133/><F32/><W44/><G135/><T92/><D78/><U89/><E105/><V19/><F112/><W110/><G110/><T27/><D111/><U93/><E100/><V45/><F108/><W122/><G122/><T53/><D123/><U103/><E103/><V120/><F133/><W121/><G121/><T33/><D125/><U30/><E116/><V62/><F6/><W114/><G114/><T96/><D66/><U20/><E93/><V15/><F15/><W13/><G44/><T3/><D3/><U17/><E17/><V34/><F34/><W117/><G102/><T85/><D85/><U35/><E35/><V73/><F95/><W10/><G117/><T131/><D8/><U99/><E99/><V79/><F79/><W72/><G72/><T84/><D84/><U28/><REACH who="1" step="1"/><E30/><REACH who="1" ten="245,251,247,247" step="2"/><V128/><F120/><W2/><G97/><T37/><D37/><U16/><E16/><V130/><F130/><W1/><G91/><AGARI ba="0,1" hai="4,7,9,11,20,21,28,31,60,63,86,87,89,91" machi="91" ten="25,9600,0" yaku="1,1,22,2,8,1,53,0" doraHai="47" doraHaiUra="129" who="1" fromWho="3" sc="245,0,251,106,247,0,247,-96" /><INIT seed="1,1,0,4,4,7" ten="245,357,247,151" oya="1" hai0="52,108,9,10,130,109,102,87,59,54,88,46,16" hai1="47,67,73,66,57,49,68,4,11,8,32,128,5" hai2="105,37,111,19,99,96,84,90,101,3,28,2,35" hai3="50,60,112,76,61,94,70,107,86,48,98,103,31"/><U51/><E73/><V125/><F37/><W39/><G39/><T14/><D130/><U30/><E128/><V34/><F111/><N who="0" m="42570" /><D102/><U126/><E126/><V56/><F125/><W33/><G112/><T110/><N who="0" m="42578" /><T20/><DORA hai="75" /><D46/><U97/><E97/><V80/><F19/><W85/><G61/><N who="0" m="36071" /><D54/><U45/><E57/><V27/><F35/><W81/><G94/><AGARI ba="1,0" hai="9,10,14,16,20,87,88,94" m="36071,42578" machi="94" ten="40,12000,2" yaku="14,1,52,2,54,3" doraHai="7,75" who="0" fromWho="3" sc="245,123,357,0,247,0,151,-123" /><INIT seed="2,0,0,2,3,107" ten="368,357,247,28" oya="2" hai0="59,90,30,96,16,92,82,119,113,79,95,128,104" hai1="0,73,99,25,17,48,129,116,68,118,40,31,75" hai2="115,55,84,5,1,123,28,122,39,132,131,86,111" hai3="52,41,135,126,114,78,91,101,65,23,34,108,46"/><V56/><F115/><W18/><G34/><T89/><D30/><U26/><E68/><V4/><F39/><W54/><G101/><T81/><D59/><U47/><E0/><V85/><F131/><W76/><G114/><T88/><D113/><U83/><E129/><V29/><F132/><W133/><G65/><T49/><D128/><U35/><E83/><V36/><F36/><W27/><G126/><T120/><D49/><U3/><E3/><V6/><F1/><W2/><G2/><T50/><D50/><U87/><E87/><V67/><F67/><W9/><G9/><T102/><D16/><U58/><E99/><V60/><REACH who="2" step="1"/><F111/><REACH who="2" ten="368,357,237,28" step="2"/><W20/><G108/><T44/><D120/><AGARI ba="0,1" hai="4,5,6,28,29,55,56,60,84,85,86,120,122,123" machi="120" ten="50,4800,0" yaku="1,1,2,1,53,0" doraHai="107" doraHaiUra="63" who="2" fromWho="0" sc="368,-48,357,0,237,58,28,0" /><INIT seed="2,1,0,1,5,52" ten="320,357,295,28" oya="2" hai0="1,113,10,44,68,120,51,92,69,106,16,19,84" hai1="108,8,65,77,127,66,46,9,36,78,79,71,57" hai2="4,70,132,99,25,98,125,28,74,47,91,62,27" hai3="107,97,102,38,15,112,76,53,82,100,116,105,2"/><V122/><F122/><W3/><G38/><T83/><D120/><U49/><E36/><V48/><F74/><W23/><G116/><T20/><D106/><U75/><E75/><V63/><F125/><W24/><G112/><T117/><D113/><U0/><E108/><V31/><F4/><W64/><G64/><N who="1" m="24682" /><E71/><V110/><F132/><W39/><G39/><T73/><D73/><U87/><E0/><V90/><F48/><W88/><G15/><T17/><D117/><U29/><E29/><V135/><F135/><W86/><G102/><T103/><D103/><U37/><E37/><V81/><F81/><W89/><G107/><T60/><D92/><U21/><E87/><V131/><F47/><W121/><G121/><T32/><D32/><U30/><E127/><V33/><F131/><W61/><G2/><T111/><D111/><U95/><E95/><V134/><F134/><W6/><G6/><T43/><D1/><U5/><E5/><V54/><F110/><W101/><G101/><T133/><D133/><U93/><E93/><V22/><F70/><W109/><G3/><T115/><D115/><U56/><E21/><V14/><F14/><W96/><G96/><T11/><D20/><U130/><E30/><V126/><F126/><W12/><G12/><T18/><N who="0" m="4096" /><DORA hai="67" /><T35/><D35/><U26/><E26/><V50/><F99/><W123/><G123/><T42/><D43/><N who="1" m="24799" /><E130/><V13/><F13/><W41/><G41/><T7/><D7/><U94/><E94/><N who="2" m="56663" /><F91/><N who="3" m="34891" /><G109/><T85/><D83/><U34/><E34/><V55/><F50/><W104/><G104/><RYUUKYOKU ba="1,0" sc="320,-15,357,15,295,15,28,-15" hai1="8,9,56,57,77,78,79" hai2="22,25,27,28,31,33,54,55,62,63" /><INIT seed="2,2,0,2,4,62" ten="305,372,310,13" oya="2" hai0="45,24,51,134,54,30,116,81,47,119,58,18,100" hai1="131,41,79,95,7,8,90,52,14,5,55,29,124" hai2="105,60,12,110,126,74,106,17,98,117,56,92,67" hai3="88,122,129,23,76,66,38,89,113,107,61,3,83"/><V19/><F117/><N who="0" m="45130" /><D134/><U73/><E73/><V135/><F74/><W57/><G122/><T36/><D100/><U46/><E131/><V133/><F126/><W43/><G129/><T40/><D81/><U16/><E79/><V32/><F32/><W25/><G3/><T121/><D18/><U120/><E124/><V15/><F110/><W101/><G113/><T104/><D104/><U50/><E120/><V91/><F106/><W20/><G20/><N who="0" m="15623" /><D121/><U64/><E29/><V39/><F39/><W75/><G101/><T42/><D47/><U72/><E72/><V59/><F105/><W93/><G107/><T6/><D42/><U11/><E64/><V65/><F19/><W4/><G4/><AGARI ba="2,0" hai="4,6,36,40,45,51,54,58" m="15623,45130" machi="4" ten="30,1000,0" yaku="12,1" doraHai="62" who="0" fromWho="3" sc="305,16,372,0,310,0,13,-16" owari="321,12.0,372,47.0,310,-9.0,-3,-50.0" /></mjloggm>