<mjloggm ver="2.3"><GO type="41" lobby="0"/><UN n0="%E3%83%94%E3%83%8E%E3%82%AD%E3%83%B2" n1="%54%6F%6E%79%4C%61%6D%61" n2="%E3%81%A6%E3%82%89%E3%81%B5%E3%81%89%E3%80%82" n3="%E2%93%9D%53%75%70%68%78" dan="14,13,15,18" rate="1963.70,1859.08,2036.33,2078.17" sx="F,M,M,M"/><TAIKYOKU oya="0"/><INIT seed="0,0,0,3,3,111" ten="250,250,250,250" oya="0" hai0="14,67,109,66,98,75,115,62,135,9,32,35,129" hai1="90,60,89,16,124,56,2,39,100,11,126,18,36" hai2="93,4,99,102,19,83,87,29,21,6,134,85,74" hai3="95,64,52,59,5,92,17,43,132,131,72,63,50"/><T51/><D115/><U15/><E2/><V73/><F134/><W7/><G72/><T105/><D109/><U82/><E100/><V112/><F112/><W133/><G43/><T12/><D135/><N who="3" m="51785" /><G131/><T1/><D75/><U37/><E82/><V107/><F29/><W114/><G17/><T128/><D1/><U20/><E124/><V48/><F85/><W108/><G108/><T120/><D120/><U46/><E46/><V42/><F74/><W8/><G114/><T110/><D110/><U44/><E44/><N who="2" m="25623" /><F107/><W40/><G40/><T30/><D51/><U77/><E77/><N who="2" m="46575" /><F73/><W125/><G125/><T22/><D105/><U104/><E104/><V79/><F79/><W80/><G80/><T23/><D98/><U113/><E113/><V31/><F31/><W76/><G76/><T53/><D53/><U26/><REACH who="1" step="1"/><E126/><REACH who="1" ten="250,240,250,250" step="2"/><V116/><F116/><W28/><G95/><T127/><D127/><U69/><E69/><V84/><F84/><W81/><G92/><T25/><D129/><U41/><E41/><V106/><F106/><W61/><G81/><T70/><D128/><U88/><E88/><V78/><F78/><W58/><G58/><T24/><D70/><U119/><E119/><V13/><AGARI ba="0,1" hai="4,6,13,19,21,93,99,102" m="46575,25623" machi="13" ten="30,1100,0" yaku="8,1" doraHai="111" who="2" fromWho="2" sc="250,-5,240,-3,250,21,250,-3" /><INIT seed="1,0,0,2,4,27" ten="245,237,271,247" oya="1" hai0="114,39,61,132,48,1,122,116,94,70,22,108,2" hai1="9,45,13,85,111,98,35,26,23,4,25,41,107" hai2="118,109,32,77,33,67,29,110,71,97,113,96,42" hai3="119,79,30,87,92,10,86,100,74,68,76,53,65"/><U131/><E131/><V124/><F118/><W66/><G68/><T24/><D114/><U127/><E127/><V69/><F124/><W62/><G74/><T112/><D39/><U55/><E107/><V121/><F77/><W16/><G119/><T37/><D37/><U19/><E98/><V18/><F18/><W81/><G30/><T12/><D112/><U93/><E111/><V120/><F67/><W21/><G10/><T47/><D116/><U104/><E104/><V125/><F42/><W28/><G28/><T88/><D108/><U8/><E35/><V51/><F51/><W75/><G75/><T135/><D122/><U7/><E41/><V40/><F40/><W3/><G3/><T59/><D70/><U78/><E26/><V31/><F125/><W134/><G134/><T90/><D12/><U50/><E9/><V102/><REACH who="2" step="1"/><F102/><REACH who="2" ten="245,237,261,247" step="2"/><W84/><G79/><T103/><D135/><U11/><E78/><V123/><F123/><W82/><G76/><T101/><D132/><U57/><E11/><V105/><F105/><W15/><G66/><T133/><D133/><U58/><E4/><V46/><F46/><W44/><G65/><T36/><D36/><U130/><E130/><V20/><F20/><W115/><G115/><AGARI ba="0,1" hai="29,31,32,33,69,71,96,97,109,110,113,115,120,121" machi="115" ten="25,8000,1" yaku="1,1,22,2,52,2,53,0" doraHai="27" doraHaiUra="60" who="2" fromWho="3" sc="245,0,237,0,261,90,247,-80" /><INIT seed="2,0,0,3,4,11" ten="245,237,351,167" oya="2" hai0="120,0,107,38,81,22,25,124,75,32,10,77,3" hai1="51,68,130,26,40,42,101,24,76,39,14,48,119" hai2="104,7,19,71,98,122,85,100,46,34,64,23,92" hai3="52,127,80,134,111,108,132,91,33,37,82,20,114"/><V13/><F122/><W45/><G33/><T87/><D120/><U57/><E68/><V60/><F34/><W43/><G91/><T94/><D124/><U96/><E119/><V99/><F7/><W21/><G127/><T16/><D107/><U123/><E123/><V86/><REACH who="2" step="1"/><F46/><REACH who="2" ten="245,237,341,167" step="2"/><W67/><G45/><T28/><D32/><U66/><E130/><V109/><F109/><W17/><G111/><T116/><D116/><U35/><E35/><V90/><AGARI ba="0,1" hai="13,19,23,60,64,71,85,86,90,92,98,99,100,104" machi="90" ten="20,7800,0" yaku="1,1,0,1,7,1,52,1,53,0" doraHai="11" doraHaiUra="55" who="2" fromWho="2" sc="245,-26,237,-26,341,88,167,-26" /><INIT seed="2,1,0,4,3,107" ten="219,211,429,141" oya="2" hai0="62,0,88,18,43,56,49,97,52,123,118,31,101" hai1="117,8,4,40,24,37,47,104,90,50,34,93,76" hai2="69,58,127,122,78,39,15,75,2,120,45,67,6" hai3="38,134,65,32,7,26,80,61,29,82,21,79,85"/><V114/><F114/><W10/><G134/><T112/><D123/><U44/><E104/><V106/><F58/><W100/><G38/><T108/><D112/><U66/><E117/><V132/><F15/><W68/><G100/><T36/><D118/><U5/><E76/><V110/><F132/><W124/><G124/><T42/><D108/><U33/><E66/><V35/><F106/><W98/><G98/><T46/><D0/><U17/><E5/><V60/><F127/><W28/><G82/><T22/><D31/><U71/><E71/><V83/><F110/><W115/><G115/><T119/><D119/><U23/><E37/><V133/><F35/><W99/><G99/><T131/><D131/><U12/><REACH who="1" step="1"/><E47/><REACH who="1" ten="219,201,429,141" step="2"/><V91/><F133/><W81/><G68/><T74/><D36/><U111/><E111/><V41/><REACH who="2" step="1"/><F91/><REACH who="2" ten="219,201,419,141" step="2"/><W54/><G32/><T103/><D88/><U57/><E57/><V55/><F55/><W59/><G54/><T64/><D103/><U16/><E16/><V87/><F87/><AGARI ba="1,2" hai="4,8,12,17,23,24,33,34,40,44,50,87,90,93" machi="87" ten="30,3900,0" yaku="1,1,7,1,53,1" doraHai="107" doraHaiUra="19" who="1" fromWho="2" sc="219,0,201,62,419,-42,141,0" /><INIT seed="3,0,0,0,3,73" ten="219,263,377,141" oya="3" hai0="71,9,130,76,5,57,92,98,39,118,85,101,131" hai1="127,69,68,105,133,89,66,129,75,81,7,121,109" hai2="54,42,21,135,58,114,82,35,99,117,52,56,51" hai3="11,80,32,2,93,10,31,50,132,102,40,90,13"/><W44/><G132/><T47/><D71/><U48/><E7/><V63/><F114/><W70/><G70/><T104/><D118/><U86/><E48/><V1/><F117/><W6/><G32/><T91/><D57/><U88/><E66/><V34/><F1/><W84/><G31/><T61/><D61/><U19/><E19/><V41/><F135/><W103/><REACH who="3" step="1"/><G93/><REACH who="3" ten="219,263,377,131" step="2"/><T20/><D131/><U87/><E133/><V122/><F35/><W79/><G79/><T65/><D130/><U126/><E129/><V111/><F34/><W94/><G94/><T74/><D76/><U110/><E121/><V29/><F122/><W72/><G72/><T124/><D74/><U116/><E75/><V18/><F29/><W36/><G36/><T115/><D39/><U134/><E134/><V30/><F30/><W45/><G45/><T22/><D47/><U107/><E116/><V12/><F82/><AGARI ba="0,1" hai="68,69,81,82,86,87,88,89,105,107,109,110,126,127" machi="82" ten="25,3200,0" yaku="22,2,54,1" doraHai="73" who="1" fromWho="2" sc="219,0,263,42,377,-32,131,0" /><INIT seed="4,0,0,4,5,55" ten="219,305,345,131" oya="0" hai0="75,115,53,91,90,59,106,81,71,83,46,34,76" hai1="74,66,39,37,78,103,62,88,60,65,56,27,23" hai2="118,93,67,121,30,122,61,6,92,129,134,96,48" hai3="10,64,40,31,63,100,45,22,24,98,4,104,102"/><T135/><D34/><U113/><E113/><V52/><F129/><W11/><G102/><T125/><D71/><U114/><E114/><V101/><F134/><W33/><G22/><T47/><D115/><U18/><E103/><V57/><F118/><W73/><G73/><T49/><D106/><U86/><E78/><V87/><F30/><W29/><G29/><T41/><D135/><U85/><E74/><V84/><F6/><W14/><G14/><T51/><D125/><U21/><E21/><V72/><F72/><W97/><G97/><T28/><D28/><U16/><E18/><V99/><F121/><W80/><G80/><T35/><D35/><U3/><E85/><V38/><F38/><W95/><G95/><T7/><D7/><U44/><E44/><N who="2" m="27655" /><F122/><W110/><G110/><T108/><D108/><U77/><E77/><V69/><F69/><W25/><G25/><T128/><D128/><U116/><E3/><V19/><F19/><W20/><G4/><T36/><REACH who="0" step="1"/><D83/><REACH who="0" ten="209,305,345,131" step="2"/><U68/><E116/><V94/><F94/><AGARI ba="0,1" hai="16,23,27,37,39,56,60,62,65,66,68,86,88,94" machi="94" ten="30,7700,0" yaku="7,1,52,1,54,2" doraHai="55" who="1" fromWho="2" sc="209,0,305,87,345,-77,131,0" /><INIT seed="5,0,0,4,1,89" ten="209,392,268,131" oya="1" hai0="65,32,110,104,16,34,20,124,58,37,31,64,46" hai1="83,81,134,13,99,54,70,129,105,120,71,111,38" hai2="106,73,36,41,2,55,28,10,86,100,85,84,102" hai3="103,15,22,114,135,18,90,62,131,67,68,9,121"/><U5/><E120/><V87/><F73/><W113/><G121/><T80/><D110/><U96/><E38/><V72/><F72/><W43/><G131/><T27/><D104/><U74/><E129/><V69/><F69/><W45/><G135/><T3/><D124/><U42/><E42/><V4/><F106/><W95/><G103/><T78/><D34/><U119/><E119/><V112/><F112/><W23/><G114/><T17/><D17/><U61/><E134/><V53/><N who="2" m="21504" /><DORA hai="24" /><V109/><F109/><W75/><G75/><T19/><D19/><U60/><E74/><V127/><F127/><W123/><G123/><T116/><D116/><U128/><E105/><V7/><F7/><W44/><G44/><T25/><D3/><U130/><E5/><V40/><F28/><W125/><G113/><T118/><D118/><U30/><E30/><V97/><F97/><W33/><G33/><T52/><D37/><U50/><E111/><V11/><F11/><W132/><G125/><T47/><D80/><U133/><E133/><V77/><F77/><W6/><G132/><T82/><D82/><U98/><E98/><V21/><F21/><W107/><G107/><T92/><D78/><U14/><E50/><V94/><F94/><W115/><G115/><T12/><D92/><U48/><E48/><V126/><F126/><W91/><G23/><T56/><D12/><U88/><E54/><N who="2" m="20491" /><F36/><N who="3" m="21735" /><G95/><T1/><D1/><U93/><E93/><V101/><F2/><N who="3" m="215" /><G91/><AGARI ba="0,0" hai="13,14,60,61,70,71,81,83,88,91,96,99,128,130" machi="91" ten="25,4800,0" yaku="22,2,54,1" doraHai="89,24" who="1" fromWho="3" sc="209,0,392,48,268,0,131,-48" /><INIT seed="5,1,0,2,1,103" ten="209,440,268,83" oya="1" hai0="51,5,82,19,128,91,132,24,38,89,120,55,68" hai1="109,100,17,93,36,50,106,3,134,99,70,37,16" hai2="102,7,85,104,30,131,10,94,125,118,32,66,61" hai3="92,23,1,4,58,27,130,42,47,29,11,114,97"/><U39/><E3/><V123/><F118/><W107/><G130/><T115/><D128/><U49/><E70/><V101/><F131/><W98/><G114/><T14/><D115/><U43/><E134/><V62/><F123/><W54/><G107/><T34/><D68/><U72/><E72/><V126/><F62/><W22/><G22/><T57/><D38/><U41/><E109/><V117/><F117/><W74/><G74/><T84/><D120/><U71/><E71/><N who="2" m="42447" /><F94/><W15/><G1/><T83/><D132/><U116/><E116/><V96/><F85/><W121/><G121/><T110/><D110/><U119/><E119/><V87/><F87/><W25/><G25/><T90/><D5/><U73/><E73/><V8/><F102/><W69/><G69/><T63/><D83/><U46/><E93/><V6/><F6/><W129/><G129/><T53/><D34/><U81/><E81/><V77/><F77/><W95/><G95/><T0/><D24/><U108/><E108/><V21/><F21/><W60/><REACH who="3" step="1"/><G92/><REACH who="3" ten="209,440,268,73" step="2"/><T52/><D0/><U111/><E111/><V80/><F80/><W2/><G2/><T44/><REACH who="0" step="1"/><D55/><REACH who="0" ten="199,440,268,73" step="2"/><U20/><E20/><AGARI ba="1,2" hai="14,19,20,44,51,52,53,57,63,82,84,89,90,91" machi="20" ten="30,12000,2" yaku="1,1,2,1,7,1,8,1,54,1,53,1" doraHai="103" doraHaiUra="78" who="0" fromWho="1" sc="199,143,440,-123,268,0,73,0" /><INIT seed="6,0,0,3,0,33" ten="342,317,268,73" oya="2" hai0="81,79,60,50,51,36,62,97,112,122,14,8,46" hai1="82,0,119,9,75,49,3,114,131,25,64,133,84" hai2="73,77,45,102,100,111,121,69,38,118,34,17,42" hai3="58,48,41,22,108,19,40,43,106,7,72,31,134"/><V130/><F130/><W80/><G108/><T63/><D122/><U65/><E119/><V125/><F125/><W18/><G106/><T98/><D112/><U15/><E75/><V70/><F118/><W126/><G126/><T20/><D36/><U76/><E131/><V11/><F121/><W12/><G134/><T91/><D20/><U110/><E110/><V27/><F111/><W4/><G72/><T93/><D98/><U1/><E133/><V66/><F66/><W123/><G31/><T89/><D89/><U68/><E68/><V32/><F32/><W96/><G123/><T95/><D95/><U57/><E25/><V23/><F34/><W101/><G80/><T30/><D30/><U92/><E92/><V99/><F100/><W135/><G135/><T109/><D109/><U87/><E87/><V120/><F120/><W127/><G127/><T132/><D132/><U44/><E57/><V71/><F11/><W52/><REACH who="3" step="1"/><G19/><REACH who="3" ten="342,317,268,63" step="2"/><T103/><D81/><U85/><E114/><V94/><F73/><W115/><G115/><T28/><D28/><U61/><E85/><V129/><F129/><W54/><G54/><T6/><D79/><U113/><E113/><V67/><F77/><W29/><G29/><T74/><D74/><U59/><E65/><V105/><REACH who="2" step="1"/><F67/><REACH who="2" ten="342,317,258,63" step="2"/><W117/><G117/><T78/><D78/><U39/><E76/><V5/><F5/><W116/><G116/><T21/><D6/><U10/><E64/><V88/><F88/><W86/><G86/><T128/><D91/><U104/><E84/><V35/><F35/><W107/><AGARI ba="0,2" hai="4,7,12,18,22,40,41,43,48,52,58,96,101,107" machi="107" ten="30,8000,1" yaku="1,1,5,1,0,1,54,1,53,1" doraHai="33" doraHaiUra="16" who="3" fromWho="3" sc="342,-20,317,-20,258,-40,63,100" /><INIT seed="7,0,0,5,4,80" ten="322,297,218,163" oya="3" hai0="89,121,32,107,57,41,119,77,50,21,82,91,18" hai1="17,111,22,123,19,135,133,9,116,101,33,14,124" hai2="110,88,16,61,132,112,86,39,53,51,67,90,1" hai3="84,122,52,126,23,71,106,95,28,62,83,45,128"/><W118/><G106/><T102/><D121/><U3/><E123/><V74/><F110/><W100/><G122/><T98/><D119/><U99/><E111/><V85/><F74/><W5/><G118/><T72/><D32/><U42/><E116/><V96/><F39/><W104/><G104/><T60/><D50/><U49/><E124/><V103/><F1/><W35/><G35/><T10/><D41/><U30/><E42/><V65/><F112/><W43/><G5/><T55/><D10/><U27/><E49/><V25/><F103/><W6/><G6/><T115/><D115/><U68/><E68/><V113/><F113/><W12/><G128/><T105/><D105/><U31/><E99/><V79/><F79/><N who="3" m="46207" /><G71/><T59/><D59/><U73/><E101/><V24/><F132/><N who="1" m="50761" /><E73/><V40/><F40/><W69/><G69/><T117/><D117/><U54/><E54/><V11/><F61/><W130/><G130/><T26/><AGARI ba="0,0" hai="18,21,26,55,57,60,72,77,82,89,91,98,102,107" machi="26" ten="20,1500,0" yaku="0,1,7,1" doraHai="80" who="0" fromWho="0" sc="322,15,297,-4,218,-4,163,-7" owari="337,44.0,293,9.0,214,-19.0,156,-34.0" /></mjloggm>