<mjloggm ver="2.3"><GO type="41" lobby="0"/><UN n0="%6D%65%74%61%6C%6B%65%6E" n1="%E4%B8%8B%E6%8C%AF%E3%82%8C%E3%82%84%E3%82%8D%E3%81%86" n2="%E2%93%9D%53%75%70%68%78" n3="%E3%83%AF%E3%82%BF%E3%83%8A%E3%83%99%E3%83%9E%E3%83%9B%E3%83%88%E3%83%88" dan="13,15,17,14" rate="1876.61,1977.45,2039.56,1986.98" sx="M,F,M,M"/><TAIKYOKU oya="0"/><INIT seed="0,0,0,4,3,58" ten="250,250,250,250" oya="0" hai0="133,72,134,14,55,40,106,9,22,122,83,110,60" hai1="62,103,47,31,88,57,125,50,96,114,90,35,51" hai2="131,69,52,82,34,30,17,1,63,135,117,41,3" hai3="26,128,112,129,61,108,76,8,87,43,28,0,123"/><T18/><D122/><U100/><E125/><V37/><F131/><N who="3" m="50251" /><G43/><T7/><D106/><U132/><E132/><N who="0" m="50793" /><D40/><U13/><E114/><V68/><F17/><W77/><G112/><T126/><D126/><U20/><E35/><V36/><F82/><W84/><G123/><T99/><D99/><U56/><E56/><V27/><F117/><W86/><G108/><T2/><D110/><U101/><E96/><V74/><F74/><W115/><G115/><T105/><D105/><U45/><E50/><V121/><F121/><W91/><G91/><N who="1" m="34858" /><E51/><V32/><F135/><W21/><G61/><T130/><D130/><U78/><E78/><V24/><F41/><W93/><G93/><T127/><D127/><U39/><E39/><V79/><F79/><W109/><G109/><T70/><D83/><U92/><E92/><V44/><F30/><W33/><G33/><T66/><D55/><N who="1" m="34111" /><E31/><V118/><F118/><W59/><G59/><T64/><D64/><U6/><E20/><V54/><F44/><W38/><G38/><T111/><D111/><U53/><E53/><V102/><F63/><W65/><G65/><T89/><D89/><U97/><E97/><V80/><REACH who="2" step="1"/><F80/><REACH who="2" ten="250,250,240,250" step="2"/><W81/><G81/><T119/><D119/><U49/><E49/><V73/><F73/><AGARI ba="0,1" hai="2,7,9,14,18,22,60,66,70,72,73" m="50793" machi="73" ten="30,2900,0" yaku="20,1,52,1" doraHai="58" who="0" fromWho="2" sc="250,39,250,0,240,-29,250,0" /><INIT seed="0,1,0,4,1,109" ten="289,250,211,250" oya="0" hai0="131,9,50,38,130,22,96,59,53,27,79,112,13" hai1="77,104,64,29,36,101,25,78,97,7,30,93,40" hai2="37,60,107,32,24,33,106,103,92,111,56,124,31" hai3="43,115,105,10,90,68,95,135,58,51,69,74,85"/><T2/><D38/><U19/><E7/><V91/><F111/><W4/><G135/><T6/><D79/><U129/><E129/><N who="0" m="49161" /><D96/><U110/><E110/><V117/><F124/><W65/><G115/><T63/><D63/><U118/><E118/><V122/><F122/><W5/><G74/><T84/><D84/><U3/><E3/><V100/><F37/><W26/><G105/><T94/><D94/><U28/><E64/><V66/><F117/><W18/><G65/><T71/><D71/><U125/><E125/><V116/><F116/><W46/><G58/><T82/><D82/><U72/><E72/><V113/><F33/><W89/><G89/><T52/><D53/><U76/><E104/><V8/><F107/><W73/><G73/><T81/><D81/><U70/><E70/><V127/><F127/><W133/><G133/><T41/><D41/><U1/><E1/><V55/><F106/><W80/><G95/><T134/><D134/><U35/><E35/><V42/><F42/><W62/><G62/><T23/><D2/><U20/><E36/><V16/><F66/><W57/><G57/><T123/><D123/><U83/><E83/><V119/><F119/><W34/><G68/><T17/><D22/><U45/><E40/><V0/><F0/><W47/><G69/><T14/><D27/><U67/><E67/><V98/><REACH who="2" step="1"/><F113/><AGARI ba="1,0" hai="6,9,13,14,17,23,50,52,59,112,113" m="49161" machi="113" ten="30,11600,0" yaku="19,1,52,2,54,1" doraHai="109" who="0" fromWho="2" sc="289,119,250,0,211,-119,250,0" /><INIT seed="0,2,0,1,1,91" ten="408,250,92,250" oya="0" hai0="127,73,82,44,41,13,23,38,105,123,71,85,117" hai1="39,68,66,128,4,53,43,9,48,110,89,51,107" hai2="67,59,109,25,75,47,34,76,99,35,17,108,93" hai3="101,65,14,86,92,57,80,52,50,129,54,100,106"/><T58/><D123/><U62/><E110/><N who="2" m="42603" /><F47/><W10/><G129/><T5/><D127/><U3/><E128/><V40/><F40/><W115/><G106/><T2/><D117/><U81/><E107/><V60/><F76/><W118/><G118/><T0/><D105/><U49/><E81/><V94/><F75/><W97/><G65/><T90/><D71/><U122/><E122/><V26/><F99/><W7/><G115/><T126/><D73/><U1/><E1/><V24/><F17/><W134/><G134/><T113/><D126/><U16/><E89/><V102/><F102/><N who="3" m="60711" /><G54/><T46/><D46/><U78/><E78/><AGARI ba="2,0" hai="7,10,14,50,52,57,78,80,86,100,101" m="60711" machi="78" ten="30,3900,0" yaku="8,1,52,1,54,1" doraHai="91" who="3" fromWho="1" sc="408,0,250,-45,92,0,250,45" /><INIT seed="1,0,0,0,2,135" ten="408,205,92,295" oya="1" hai0="81,117,42,84,127,103,80,126,106,132,75,25,40" hai1="71,115,22,46,47,1,86,11,130,94,35,64,34" hai2="123,48,68,49,95,30,78,51,36,27,19,120,14" hai3="16,93,55,0,70,4,24,41,99,97,74,62,98"/><U38/><E115/><V96/><F36/><W90/><G74/><T28/><D117/><U77/><E130/><V131/><F68/><W44/><G4/><T108/><D132/><U6/><E35/><V7/><F131/><W12/><G0/><T3/><D3/><U65/><E34/><V92/><F7/><W118/><G118/><T119/><D119/><U53/><E22/><V116/><F116/><W67/><G55/><T105/><D75/><U111/><E111/><V101/><F78/><W134/><G24/><T112/><D112/><U114/><E114/><V129/><F129/><W63/><G63/><T72/><D72/><U107/><E107/><N who="0" m="40969" /><D103/><U50/><E71/><V45/><F95/><W58/><G70/><T133/><D108/><U37/><E37/><V43/><F123/><W56/><G56/><T69/><D69/><U87/><E87/><V29/><F120/><W32/><G32/><N who="0" m="20495" /><D133/><U17/><E17/><V66/><F66/><W89/><G89/><N who="0" m="51335" /><D81/><U21/><E77/><V121/><F121/><W57/><G57/><T20/><D20/><U52/><E21/><N who="2" m="15599" /><F30/><W124/><G134/><T13/><D13/><U85/><E85/><V2/><F2/><W100/><G98/><T39/><D39/><U125/><E38/><V83/><F83/><W128/><G128/><T110/><D110/><U60/><E1/><V61/><F61/><W54/><G67/><T122/><D122/><U73/><E60/><V15/><F15/><W5/><G97/><T8/><D8/><AGARI ba="0,0" hai="8,14,19,43,45,48,49,51,92,96,101" m="15599" machi="8" ten="30,1000,0" yaku="8,1" doraHai="135" who="2" fromWho="0" sc="408,-10,205,0,92,10,295,0" /><INIT seed="2,0,0,3,0,16" ten="398,205,102,295" oya="2" hai0="38,25,36,78,45,42,103,22,28,9,98,107,117" hai1="74,70,118,23,84,109,132,126,101,3,86,110,100" hai2="27,44,97,96,1,129,113,63,54,112,41,4,75" hai3="66,19,50,12,69,120,11,39,85,127,24,60,76"/><V71/><F75/><W34/><G127/><T108/><D108/><N who="1" m="41579" /><E3/><V72/><F72/><W10/><G39/><T77/><D117/><U17/><E118/><V26/><F129/><W68/><G68/><T81/><D38/><U32/><E32/><V131/><F131/><W55/><G120/><T67/><D81/><U82/><E132/><V124/><F4/><W51/><G11/><T123/><D123/><U49/><E70/><V106/><F1/><W61/><G61/><T58/><D9/><U64/><E64/><V15/><F106/><W111/><G111/><T88/><D67/><U121/><E121/><V59/><F124/><W105/><G105/><T130/><D58/><U116/><E116/><V52/><F15/><W47/><G34/><T6/><D6/><U80/><E49/><V65/><F113/><W133/><G133/><T29/><D29/><U102/><E126/><V18/><F112/><W40/><G24/><T104/><D104/><U43/><E43/><V48/><F54/><W99/><G99/><T46/><D46/><U94/><E94/><V35/><F27/><W92/><G92/><T20/><D130/><U90/><E74/><V21/><REACH who="2" step="1"/><F35/><REACH who="2" ten="398,205,92,295" step="2"/><W95/><G55/><T83/><D28/><U13/><E90/><V119/><F119/><W114/><G114/><T33/><D33/><U122/><E122/><V135/><F135/><W57/><G12/><T115/><D115/><U8/><E8/><V79/><F79/><W128/><G10/><T56/><D77/><N who="1" m="46095" /><E102/><V93/><F93/><W7/><G95/><T134/><D103/><U0/><E0/><RYUUKYOKU ba="0,1" sc="398,-15,205,15,92,15,295,-15" hai1="13,17,23,82,86,100,101" hai2="18,21,26,41,44,48,52,59,63,65,71,96,97" /><INIT seed="2,1,1,1,4,61" ten="383,220,107,280" oya="2" hai0="107,133,59,38,64,108,117,58,20,132,42,7,10" hai1="75,2,17,21,134,88,68,73,79,56,105,84,49" hai2="121,93,69,40,18,119,60,102,39,74,26,27,115" hai3="76,36,24,91,67,51,23,3,72,126,32,77,25"/><V116/><F74/><W46/><G36/><T41/><D107/><U53/><E134/><N who="0" m="51817" /><D20/><U50/><E68/><V78/><F121/><W6/><G126/><T89/><D89/><U114/><E114/><V113/><F78/><W97/><G32/><T1/><D117/><U120/><E120/><V22/><F40/><N who="0" m="15466" /><D38/><U103/><E50/><V31/><F39/><W131/><G131/><T70/><D108/><U90/><E2/><V63/><F102/><W80/><G77/><T85/><D85/><U129/><E129/><V130/><F130/><W11/><G23/><T118/><D118/><U81/><E90/><V112/><F93/><W43/><G67/><T29/><D29/><U35/><E35/><V111/><F111/><W45/><G46/><T124/><D124/><U128/><E128/><V98/><F119/><W47/><G45/><T33/><D33/><U55/><E55/><V82/><F116/><W12/><G91/><T106/><D106/><U44/><E105/><V123/><F123/><W101/><REACH who="3" step="1"/><G3/><REACH who="3" ten="383,220,107,270" step="2"/><T99/><D64/><U95/><E103/><V109/><F115/><W34/><G34/><T0/><D0/><U62/><E79/><V96/><F109/><W66/><G66/><T9/><D70/><U5/><E88/><V127/><F127/><W110/><G110/><T13/><D99/><N who="2" m="37930" /><F69/><W54/><G54/><T8/><D1/><U87/><E53/><V83/><F113/><W48/><G48/><T57/><AGARI ba="1,2" hai="7,8,9,10,13,57,58,59" m="15466,51817" machi="57" ten="40,1500,0" yaku="20,1" doraHai="61" who="0" fromWho="0" sc="383,38,220,-5,107,-8,270,-5" /><INIT seed="3,0,0,4,4,60" ten="421,215,99,265" oya="3" hai0="23,8,73,113,97,53,33,70,110,38,27,22,12" hai1="41,103,0,61,79,11,51,90,107,2,66,132,3" hai2="75,30,56,14,42,76,19,21,78,9,55,34,69" hai3="17,96,102,92,93,104,49,13,82,98,43,94,84"/><W80/><G43/><T16/><D70/><U47/><E132/><V89/><F69/><W10/><G49/><T62/><D38/><U7/><E79/><V86/><F34/><W123/><G123/><T31/><D73/><U72/><E72/><V18/><F30/><W39/><G39/><T65/><D113/><U126/><E126/><V95/><F42/><W81/><REACH who="3" step="1"/><G96/><REACH who="3" ten="421,215,99,255" step="2"/><T128/><D128/><U57/><REACH who="1" step="1"/><E90/><AGARI ba="0,1" hai="10,13,17,80,81,82,84,90,92,93,94,98,102,104" machi="90" ten="40,7700,0" yaku="1,1,2,1,53,1" doraHai="60" doraHaiUra="87" who="3" fromWho="1" sc="421,0,215,-77,99,0,255,87" /><INIT seed="3,1,0,0,4,19" ten="421,138,99,342" oya="3" hai0="1,67,61,42,91,37,108,83,96,53,94,17,26" hai1="12,41,135,88,110,78,44,60,70,75,46,40,39" hai2="69,28,38,107,14,104,48,51,133,21,119,57,117" hai3="112,5,0,13,47,15,77,105,120,80,121,90,66"/><W45/><G112/><T115/><D1/><U52/><E135/><V71/><F38/><W3/><G105/><T7/><D115/><U131/><E131/><V124/><F14/><W50/><G66/><T29/><D108/><U116/><E116/><V31/><F57/><W129/><G129/><T97/><D7/><U56/><E110/><V72/><F72/><W125/><G125/><T109/><D109/><U95/><E70/><V55/><F55/><W93/><G3/><T8/><D42/><U126/><E12/><V54/><F54/><W85/><G0/><T74/><D37/><U62/><E126/><V106/><F106/><W86/><G45/><T73/><D53/><U22/><E22/><V89/><F89/><W127/><G127/><T43/><D43/><U63/><E78/><V79/><F124/><W9/><REACH who="3" step="1"/><G15/><REACH who="3" ten="421,138,99,332" step="2"/><T2/><D2/><U30/><E75/><V18/><F133/><W84/><G84/><T25/><D74/><U81/><E30/><V10/><F31/><W87/><G87/><T82/><D29/><U123/><E123/><V100/><F28/><W98/><G98/><T99/><D73/><U58/><E58/><V36/><F71/><W102/><G102/><T68/><D99/><U76/><E46/><V35/><F69/><W32/><G32/><T33/><D97/><U65/><E65/><V11/><F35/><W122/><G122/><T111/><D33/><U132/><E44/><V20/><F100/><W27/><G27/><N who="0" m="10251" /><D111/><U64/><E64/><V113/><F113/><W118/><G118/><T49/><D49/><U130/><E130/><RYUUKYOKU ba="1,1" sc="421,15,138,-15,99,-15,332,15" hai0="8,17,61,67,68,82,83,91,94,96" hai3="5,9,13,47,50,77,80,85,86,90,93,120,121" /><INIT seed="3,2,1,3,5,66" ten="436,123,84,347" oya="3" hai0="76,75,18,6,54,0,102,134,23,135,114,83,94" hai1="120,81,95,28,98,80,55,48,60,38,46,110,107" hai2="121,88,11,30,93,104,70,52,87,111,61,105,101" hai3="86,47,112,124,64,10,57,27,7,69,37,106,96"/><W78/><G112/><T91/><D114/><U90/><E120/><V73/><F73/><W36/><G69/><T92/><D102/><U72/><E110/><V53/><F111/><W115/><G124/><T25/><D6/><U118/><E118/><V122/><F30/><W97/><G27/><T4/><D4/><U32/><E107/><N who="2" m="41035" /><F11/><W45/><G106/><T89/><D0/><U119/><E119/><V108/><F101/><W19/><G19/><T9/><D54/><U8/><E8/><V35/><F35/><W59/><G86/><T2/><D9/><U14/><E14/><V74/><F74/><W24/><G78/><T16/><D18/><U126/><E126/><V65/><F108/><W44/><G24/><T12/><D25/><U77/><E80/><V82/><F82/><W68/><G115/><T22/><D22/><U39/><E32/><V100/><F100/><W116/><G116/><T51/><D51/><U1/><E1/><V29/><F29/><W109/><G109/><T41/><D41/><U58/><REACH who="1" step="1"/><E28/><REACH who="1" ten="436,113,84,347" step="2"/><V21/><F21/><W49/><G10/><T67/><D2/><U79/><E79/><V131/><F131/><W103/><G7/><T40/><D83/><U33/><E33/><V130/><F130/><W99/><G103/><T17/><D76/><U62/><E62/><V132/><F132/><W26/><G26/><T129/><D134/><U84/><E84/><V3/><F3/><W50/><G37/><T56/><D135/><U128/><E128/><V42/><F42/><AGARI ba="2,2" hai="38,39,42,46,48,55,58,60,72,77,81,90,95,98" machi="42" ten="30,2000,0" yaku="1,1,7,1,53,0" doraHai="66" doraHaiUra="125" who="1" fromWho="2" sc="436,0,113,46,84,-26,347,0" /><INIT seed="4,0,0,3,3,114" ten="436,159,58,347" oya="0" hai0="125,5,117,39,61,62,16,25,0,95,11,4,54" hai1="33,19,60,116,122,63,22,133,55,120,97,3,99" hai2="134,70,18,135,36,106,75,98,87,131,103,105,101" hai3="73,53,110,96,66,42,41,77,43,127,104,89,115"/><T94/><D39/><U71/><E33/><V79/><F18/><W84/><G110/><T29/><D125/><U81/><E3/><V14/><F14/><W56/><G66/><T1/><D117/><U86/><E133/><N who="2" m="50699" /><F70/><W72/><G115/><T64/><D54/><U129/><E129/><V112/><F36/><W51/><G127/><T28/><D11/><U15/><E122/><V24/><F24/><W8/><G8/><T123/><D25/><U49/><E120/><V126/><F126/><W92/><REACH who="3" step="1"/><G77/><REACH who="3" ten="436,159,58,337" step="2"/><T111/><D123/><U26/><E71/><V37/><F112/><W52/><G52/><T7/><D64/><U118/><E118/><V67/><F67/><W6/><G6/><T46/><D7/><U21/><E116/><V47/><F131/><W57/><G57/><T113/><D113/><U78/><E60/><V109/><F109/><W65/><G65/><T40/><D111/><U80/><E63/><V85/><F79/><W88/><G88/><T83/><D46/><U130/><E130/><V119/><F119/><W20/><G20/><T10/><D10/><U13/><E78/><V44/><F44/><W132/><G132/><T12/><D40/><U38/><E55/><V68/><F68/><W31/><G31/><T91/><D91/><U107/><E22/><V2/><F47/><W90/><G90/><T128/><D128/><U35/><E21/><V59/><F59/><W58/><G58/><T76/><D76/><U48/><E35/><V9/><F9/><W17/><G17/><T102/><D16/><U124/><E19/><V50/><F2/><RYUUKYOKU ba="0,1" sc="436,-10,159,-10,58,-10,337,30" hai3="41,42,43,51,53,56,72,73,84,89,92,96,104" /><INIT seed="5,1,1,1,3,48" ten="426,149,48,367" oya="1" hai0="4,64,123,81,118,99,89,39,54,135,114,67,15" hai1="84,61,93,102,52,31,134,55,107,120,124,74,132" hai2="94,112,9,38,109,24,53,51,34,10,110,30,33" hai3="111,8,91,128,77,92,68,106,69,16,97,19,45"/><U5/><E120/><V3/><F38/><W103/><G111/><T122/><D118/><U70/><E124/><V108/><F34/><W12/><G128/><T95/><D39/><U56/><E74/><V57/><F3/><W60/><G77/><T113/><D135/><N who="1" m="51755" /><E5/><V105/><F105/><W36/><G60/><T32/><D32/><U46/><E31/><V87/><REACH who="2" step="1"/><F112/><REACH who="2" ten="426,149,38,367" step="2"/><W20/><G36/><T17/><D113/><U14/><E107/><V37/><F37/><W35/><G35/><T78/><D114/><U7/><E70/><V58/><F58/><W27/><REACH who="3" step="1"/><G45/><REACH who="3" ten="426,149,38,357" step="2"/><T98/><D122/><U129/><E129/><V13/><F13/><W100/><G100/><T29/><D15/><U117/><E117/><V41/><F41/><W82/><G82/><T119/><D81/><U71/><E46/><V62/><F62/><W130/><G130/><T66/><D123/><U73/><E14/><V18/><F18/><W50/><G50/><T96/><D17/><U42/><E42/><V21/><F21/><W11/><G11/><T85/><D85/><BYE who="0" /><AGARI ba="1,3" hai="8,12,16,19,20,27,68,69,85,91,92,97,103,106" machi="85" ten="30,3900,0" yaku="1,1,7,1,54,1,53,0" doraHai="48" doraHaiUra="47" who="3" fromWho="0" sc="426,-42,149,0,38,0,357,72" /><UN n0="%6D%65%74%61%6C%6B%65%6E" /><INIT seed="6,0,0,1,5,29" ten="384,149,38,429" oya="2" hai0="66,114,11,124,28,104,129,91,36,26,120,32,56" hai1="64,10,9,89,58,60,41,2,51,132,71,31,43" hai2="81,96,87,82,98,92,30,47,110,88,68,86,83" hai3="69,13,77,126,116,7,103,121,23,109,54,122,42"/><V17/><F68/><W73/><G69/><T52/><D124/><U62/><E132/><V65/><F65/><W1/><G42/><T8/><D120/><U15/><E2/><V135/><F30/><W112/><G103/><T25/><D129/><U33/><E10/><V70/><F70/><W53/><G77/><T39/><D114/><U85/><E33/><V79/><F17/><N who="3" m="10671" /><G54/><T63/><D104/><U74/><E74/><V35/><F35/><W119/><G53/><T97/><D25/><U130/><E51/><V16/><F135/><W76/><G76/><T123/><D123/><N who="3" m="47113" /><G73/><T18/><D66/><U27/><E27/><V131/><F131/><W102/><G102/><T61/><D61/><U125/><E31/><V101/><F110/><W94/><G94/><T115/><D115/><U113/><E125/><V100/><F47/><W48/><G48/><T19/><D8/><U14/><E14/><V72/><F16/><W5/><G126/><T40/><D11/><U118/><E113/><V93/><F72/><W21/><G1/><T6/><D6/><N who="3" m="2057" /><G112/><T128/><D128/><U134/><E130/><V84/><F79/><W75/><G75/><T90/><D40/><U49/><E118/><V127/><F127/><W99/><G99/><T24/><D97/><U105/><E105/><AGARI ba="0,0" hai="81,82,83,84,86,87,88,92,93,96,98,100,101,105" machi="105" ten="40,18000,2" yaku="35,6,54,1" doraHai="29" who="2" fromWho="1" sc="384,0,149,-180,38,180,429,0" owari="384,18.0,-31,-53.0,218,-18.0,429,53.0" /></mjloggm>