<mjloggm ver="2.3"><GO type="41" lobby="0"/><UN n0="%E2%93%9D%53%75%70%68%78" n1="%E9%B3%B3%E5%8D%97%E3%81%AE%E3%83%8F%E3%83%AA%E3%83%8D%E3%82%BA%E3%83%9F" n2="%E3%82%B0%E3%83%A9%E3%82%B9%E6%9C%80%E5%BC%B7" n3="%62%6F%67%65%79%6D%61%6E" dan="18,13,14,13" rate="2133.88,1896.04,1918.19,1894.53" sx="M,F,M,M"/><TAIKYOKU oya="0"/><INIT seed="0,0,0,3,0,55" ten="250,250,250,250" oya="0" hai0="115,72,0,12,80,62,103,119,133,116,44,94,99" hai1="96,49,104,123,81,6,84,102,132,105,8,126,79" hai2="101,17,39,67,4,18,16,33,20,37,120,124,7" hai3="64,70,3,86,24,100,114,118,127,32,26,88,74"/><T11/><D115/><U106/><E123/><V87/><F120/><W1/><G114/><T53/><D0/><U23/><E126/><V128/><F33/><W43/><G118/><T122/><D133/><U76/><E132/><V31/><F124/><W134/><G74/><T66/><D122/><U129/><E129/><V121/><F128/><W14/><G127/><T110/><D110/><U117/><E117/><V42/><F121/><W89/><G43/><T95/><D95/><U25/><E79/><V68/><F101/><W77/><G100/><T22/><D22/><U92/><E49/><V5/><F31/><W130/><G77/><T78/><D53/><U2/><REACH who="1" step="1"/><E104/><REACH who="1" ten="250,240,250,250" step="2"/><V40/><F39/><W21/><G134/><T52/><D44/><U82/><E82/><V38/><F37/><W36/><G36/><T113/><D113/><U63/><E63/><V112/><F38/><W71/><G130/><T109/><D109/><U75/><E75/><V15/><F112/><W9/><G3/><T65/><D119/><U19/><AGARI ba="0,1" hai="2,6,8,19,23,25,76,81,84,92,96,102,105,106" machi="19" ten="20,2700,0" yaku="1,1,0,1,7,1,53,0" doraHai="55" doraHaiUra="57" who="1" fromWho="1" sc="250,-13,240,37,250,-7,250,-7" /><INIT seed="1,0,0,5,4,59" ten="237,277,243,243" oya="1" hai0="48,104,69,92,111,27,119,120,127,117,81,123,125" hai1="110,56,130,15,85,103,113,76,73,32,100,63,118" hai2="31,49,13,82,102,75,79,93,34,112,28,77,129" hai3="134,90,14,12,8,42,108,74,98,2,62,105,17"/><U91/><E118/><N who="0" m="45065" /><D27/><U46/><E113/><V43/><F129/><W84/><G74/><T33/><D33/><U50/><E130/><V23/><F34/><W26/><G2/><T72/><D48/><U101/><E32/><V60/><F112/><W65/><G42/><T40/><D40/><U64/><E76/><V124/><F124/><N who="0" m="47690" /><D69/><U7/><E73/><V67/><F79/><W47/><G47/><T78/><D104/><U107/><E107/><V21/><F21/><W25/><G134/><T58/><D58/><U44/><E110/><V80/><F80/><W106/><G108/><T9/><D9/><N who="1" m="4543" /><E50/><V121/><F121/><N who="0" m="46666" /><D92/><AGARI ba="0,0" hai="44,46,56,63,64,85,91,92,100,101,103" m="4543" machi="92" ten="30,2900,0" yaku="8,1,52,1" doraHai="59" who="1" fromWho="0" sc="237,-29,277,29,243,0,243,0" /><INIT seed="1,1,0,5,1,134" ten="208,306,243,243" oya="1" hai0="55,33,65,12,11,36,48,61,21,19,28,98,29" hai1="23,104,54,112,34,81,123,67,4,68,96,108,120" hai2="25,42,7,124,79,135,66,49,110,16,105,45,26" hai3="59,15,50,3,64,41,56,103,2,88,116,80,5"/><U113/><E34/><V86/><F110/><W75/><G116/><T38/><D33/><U37/><E37/><V129/><F135/><W22/><G103/><T27/><D29/><U95/><E104/><V109/><F105/><W8/><G59/><T78/><D78/><U91/><E108/><V18/><F129/><W97/><G75/><T87/><D87/><U13/><E81/><V101/><F101/><W107/><G107/><T62/><D98/><U52/><E68/><V84/><F66/><W90/><G90/><T0/><D0/><U106/><E106/><V93/><F7/><W58/><G58/><T69/><REACH who="0" step="1"/><D62/><REACH who="0" ten="198,306,243,243" step="2"/><U132/><E132/><V40/><F79/><W130/><G3/><T57/><AGARI ba="1,1" hai="11,12,19,21,27,28,36,38,48,55,57,61,65,69" machi="57" ten="20,8000,1" yaku="1,1,2,1,0,1,7,1,53,1" doraHai="134" doraHaiUra="51" who="0" fromWho="0" sc="198,93,306,-41,243,-21,243,-21" /><INIT seed="2,0,0,5,2,50" ten="291,265,222,222" oya="2" hai0="73,106,2,97,92,129,107,101,33,102,3,103,56" hai1="26,76,111,19,66,91,110,133,52,35,113,21,132" hai2="10,38,90,14,79,82,69,116,88,68,121,20,13" hai3="128,23,118,123,40,83,7,55,122,4,81,54,70"/><V117/><F121/><W47/><G70/><T30/><D129/><U64/><E113/><V53/><F38/><W41/><G23/><T28/><D73/><U98/><E76/><V29/><F29/><W18/><G18/><T108/><D108/><N who="1" m="41515" /><E35/><V93/><F69/><W124/><G47/><T49/><D33/><U84/><E98/><V130/><F130/><W112/><G128/><T72/><D72/><U45/><E64/><V62/><F68/><W39/><G112/><T96/><D103/><U17/><E17/><V9/><F20/><W99/><G99/><T12/><D92/><N who="1" m="54375" /><E66/><V31/><F31/><W65/><G65/><T115/><D115/><U77/><E77/><V109/><F109/><W11/><G124/><T58/><D49/><AGARI ba="0,0" hai="19,21,26,45,49,52,132,133" m="54375,41515" machi="49" ten="30,3900,0" yaku="14,1,52,1,54,1" doraHai="50" who="1" fromWho="0" sc="291,-39,265,39,222,0,222,0" /><INIT seed="3,0,0,3,4,79" ten="252,304,222,222" oya="3" hai0="132,80,17,14,75,101,77,32,135,7,44,24,102" hai1="71,97,31,91,45,61,90,117,86,57,4,69,104" hai2="63,123,120,43,6,13,67,107,40,83,115,108,20" hai3="52,84,81,100,36,37,16,25,72,50,111,35,33"/><W124/><G124/><T68/><D68/><U38/><E117/><V19/><F107/><W110/><G72/><T112/><D7/><U29/><E4/><V98/><F115/><W27/><G100/><T103/><D112/><U96/><E45/><V106/><F106/><W48/><G16/><T125/><D125/><U105/><E38/><V8/><F98/><W116/><G116/><T47/><D24/><U46/><E46/><V129/><F108/><W54/><G84/><T58/><D32/><U3/><E86/><V9/><F9/><W133/><G81/><T55/><D47/><U39/><E39/><V74/><F83/><W131/><G131/><T93/><D44/><U15/><E15/><V121/><F74/><W94/><G94/><T95/><D95/><U60/><REACH who="1" step="1"/><E57/><REACH who="1" ten="252,294,222,222" step="2"/><N who="2" m="37359" /><F129/><W28/><G28/><T62/><REACH who="0" step="1"/><D93/><REACH who="0" ten="242,294,222,222" step="2"/><U126/><E126/><V85/><F85/><W65/><G37/><T70/><D70/><U114/><E114/><V23/><F23/><AGARI ba="0,2" hai="14,17,23,55,58,62,75,77,80,101,102,103,132,135" machi="23" ten="40,5200,0" yaku="1,1,52,1,53,1" doraHai="79" doraHaiUra="51" who="0" fromWho="2" sc="242,72,294,0,222,-52,222,0" /><INIT seed="4,0,0,4,5,21" ten="314,294,170,222" oya="0" hai0="59,77,134,89,78,20,116,51,18,16,94,7,0" hai1="54,93,26,40,64,119,115,30,122,114,110,118,34" hai2="99,45,96,49,8,121,19,48,124,101,84,90,73" hai3="25,53,113,47,72,24,103,22,123,95,65,50,5"/><T86/><D116/><N who="1" m="44587" /><E54/><V43/><F73/><W3/><G72/><T31/><D134/><U83/><E64/><V79/><F124/><W28/><G123/><T68/><D68/><U111/><E40/><V131/><F131/><W128/><G128/><T35/><D35/><U106/><E93/><V109/><F109/><N who="1" m="41481" /><E83/><V92/><F79/><N who="0" m="30218" /><D7/><U52/><E52/><V61/><F61/><W63/><G113/><N who="1" m="43018" /><E106/><V60/><F60/><W71/><G95/><T112/><D112/><U135/><E135/><V97/><F49/><W69/><G69/><T4/><D51/><U120/><AGARI ba="0,0" hai="26,30,34,120,122" m="43018,41481,44587" machi="120" ten="40,32000,5" yakuman="50" doraHai="21" who="1" fromWho="1" sc="314,-160,294,320,170,-80,222,-80" /><INIT seed="5,0,0,4,4,34" ten="154,614,90,142" oya="1" hai0="76,36,128,70,51,127,82,121,99,24,114,49,93" hai1="18,12,47,15,40,17,72,62,27,26,11,95,4" hai2="21,110,134,60,109,64,66,117,89,0,131,6,107" hai3="86,20,129,87,75,67,71,81,125,97,32,43,39"/><U78/><E72/><V58/><F117/><W132/><G132/><T130/><D36/><U14/><E62/><V105/><F134/><W115/><G115/><T123/><D24/><N who="1" m="9259" /><E95/><V94/><F131/><N who="0" m="50218" /><D127/><U8/><E78/><V7/><F7/><W84/><G129/><T101/><D70/><U74/><E74/><V35/><F35/><W100/><G32/><T120/><D114/><U68/><E68/><V133/><F133/><W116/><G116/><T50/><D50/><U22/><E47/><V56/><F107/><W16/><G125/><T112/><D112/><U85/><E85/><AGARI ba="0,0" hai="49,51,76,82,85,93,99,101,120,121,123" m="50218" machi="85" ten="40,2600,0" yaku="13,1,19,1" doraHai="34" who="0" fromWho="1" sc="154,26,614,-26,90,0,142,0" /><INIT seed="6,0,0,1,0,20" ten="180,588,90,142" oya="2" hai0="13,48,62,97,95,124,129,105,119,75,55,16,113" hai1="47,117,23,80,6,83,63,24,82,109,104,103,133" hai2="64,68,7,134,127,30,91,61,2,25,8,90,19" hai3="123,125,37,49,31,110,71,1,60,45,14,102,78"/><V15/><F134/><W92/><G123/><T73/><D105/><U59/><E117/><V94/><F127/><W0/><G110/><T87/><D113/><U121/><E109/><V10/><REACH who="2" step="1"/><F94/><REACH who="2" ten="180,588,80,142" step="2"/><W99/><G125/><T53/><D124/><U120/><E133/><V96/><F96/><W86/><G37/><T128/><D97/><U40/><E104/><V67/><F67/><W116/><G116/><T100/><D95/><U130/><E120/><V51/><F51/><W28/><G49/><T118/><D48/><N who="1" m="26727" /><E121/><V3/><F3/><W74/><G1/><T29/><D119/><U122/><E122/><V111/><F111/><W46/><G0/><T52/><D118/><U35/><E103/><V114/><F114/><W98/><G98/><T56/><D100/><U85/><E130/><V89/><F89/><W43/><G102/><T21/><D129/><U81/><E35/><AGARI ba="0,1" hai="2,7,8,10,15,19,25,30,35,61,64,68,90,91" machi="35" ten="30,5800,0" yaku="1,1,7,1,52,1,53,0" doraHai="20" doraHaiUra="101" who="2" fromWho="1" sc="180,0,588,-58,80,68,142,0" /><INIT seed="6,1,0,5,4,7" ten="180,530,148,142" oya="2" hai0="118,96,81,74,99,46,86,90,131,20,116,43,4" hai1="21,37,49,135,56,34,67,29,8,87,62,119,66" hai2="79,54,100,68,15,112,85,1,110,13,124,17,111" hai3="83,132,75,44,120,48,42,117,53,95,0,6,26"/><V11/><F1/><W105/><G105/><T133/><D131/><U60/><E119/><N who="0" m="45609" /><D133/><U94/><E34/><V73/><F73/><W93/><G117/><T84/><D74/><U129/><E37/><V33/><F33/><W127/><G132/><T52/><D4/><U58/><E135/><V102/><F68/><W103/><G120/><T47/><D20/><U23/><E129/><V38/><F38/><W80/><G127/><T92/><D52/><U39/><E39/><V14/><F54/><W88/><G75/><T78/><D47/><U69/><E29/><V109/><F124/><W70/><G70/><T16/><D16/><U18/><E69/><V61/><F61/><W106/><G42/><T45/><D45/><U5/><E49/><AGARI ba="1,0" hai="43,46,49,78,81,84,86,90,92,96,99" m="45609" machi="49" ten="30,1000,0" yaku="12,1" doraHai="7" who="0" fromWho="1" sc="180,13,530,-13,148,0,142,0" /><INIT seed="7,0,0,2,1,64" ten="193,517,148,142" oya="3" hai0="115,25,59,126,8,81,54,106,6,39,34,95,84" hai1="97,14,56,55,83,93,49,53,70,133,20,94,13" hai2="22,15,104,102,101,62,89,51,80,131,100,36,108" hai3="134,72,61,103,9,12,78,132,40,75,45,120,38"/><W16/><G120/><T37/><D106/><U114/><E133/><N who="3" m="51306" /><G103/><T46/><D126/><U47/><E70/><V71/><F36/><W92/><G92/><N who="1" m="35434" /><E114/><V123/><F108/><W82/><G61/><T85/><D25/><U4/><E97/><V107/><F131/><W110/><G110/><T27/><D46/><U122/><E122/><V17/><F123/><W48/><G48/><T41/><D39/><U76/><E20/><V21/><F21/><W67/><G67/><T0/><D37/><U105/><E105/><V90/><F104/><W77/><G77/><T91/><D115/><U58/><E4/><V130/><F130/><W31/><G31/><T2/><D6/><U11/><E11/><V63/><F107/><W24/><G24/><T113/><D27/><U79/><E83/><V52/><F71/><W87/><AGARI ba="0,0" hai="9,12,16,38,40,45,72,75,78,82,87" m="51306" machi="87" ten="30,3000,0" yaku="20,1,54,1" doraHai="64" who="3" fromWho="3" sc="193,-10,517,-10,148,-10,142,30" /><INIT seed="7,1,0,4,1,122" ten="183,507,138,172" oya="3" hai0="114,97,123,113,71,83,18,68,103,39,40,48,35" hai1="1,116,126,11,79,13,81,60,69,117,36,77,41" hai2="109,129,64,104,27,88,19,106,52,108,132,107,46" hai3="80,24,125,102,51,87,9,42,90,30,63,85,89"/><W26/><G125/><T133/><D123/><U17/><E126/><V134/><F64/><W5/><G102/><T10/><D35/><U21/><E1/><V93/><F129/><W94/><G63/><T23/><D39/><U65/><E41/><V135/><F27/><W16/><G5/><T92/><D10/><U127/><E127/><V120/><F120/><W128/><G128/><T54/><D40/><U25/><E36/><V86/><F19/><W0/><G0/><T8/><D83/><U66/><E66/><V53/><F46/><N who="3" m="26071" /><G30/><T4/><D133/><U56/><E69/><V67/><F67/><W76/><G76/><T78/><D78/><U131/><E131/><V59/><F53/><W33/><G33/><T121/><D121/><U99/><E99/><V124/><F124/><W84/><G84/><T111/><D71/><U61/><E61/><AGARI ba="1,0" hai="52,59,61,86,88,93,104,106,107,108,109,132,134,135" machi="61" ten="50,8000,1" yaku="20,1,52,2,54,2" doraHai="122" who="2" fromWho="1" sc="183,0,507,-83,138,83,172,0" owari="183,-22.0,424,53.0,221,2.0,172,-33.0" /></mjloggm>