<mjloggm ver="2.3"><GO type="41" lobby="0"/><UN n0="%67%75%65%67%75%65" n1="%E2%93%9D%53%75%70%68%78" n2="%E3%83%91%E3%82%AA%E3%83%91%E3%82%AA%E3%81%A7%E3%81%8B%E7%BE%8E" n3="%E3%81%82%E3%81%8B%E3%81%84%E3%81%8D" dan="15,17,14,14" rate="1949.50,2007.49,1941.98,1961.80" sx="M,M,M,M"/><TAIKYOKU oya="0"/><INIT seed="0,0,0,2,1,109" ten="250,250,250,250" oya="0" hai0="25,128,102,22,9,91,28,24,123,71,57,86,69" hai1="125,95,18,111,130,88,29,61,76,132,116,48,120" hai2="58,93,4,40,17,124,65,1,13,104,107,37,84" hai3="38,35,50,11,64,41,113,46,103,83,97,52,8"/><T56/><D123/><U44/><E116/><V19/><F37/><W20/><G35/><T47/><D128/><U6/><E111/><V14/><F40/><W54/><G113/><T133/><D102/><U99/><E125/><V89/><F1/><W134/><G134/><T34/><D133/><U39/><E6/><V92/><F124/><W119/><G119/><T32/><D47/><U59/><E39/><V21/><F93/><W78/><G64/><T131/><D131/><U3/><E3/><V121/><F4/><W53/><G20/><T30/><D9/><U129/><E29/><V2/><F2/><W87/><REACH who="3" step="1"/><G38/><REACH who="3" ten="250,250,250,240" step="2"/><T81/><REACH who="0" step="1"/><D22/><REACH who="0" ten="240,250,250,240" step="2"/><U66/><E130/><V122/><F121/><W51/><G51/><T96/><D96/><U70/><E129/><V16/><F122/><W94/><AGARI ba="0,2" hai="8,11,41,46,50,52,53,54,78,83,87,94,97,103" machi="94" ten="30,7900,0" yaku="1,1,0,1,8,1,54,1,53,0" doraHai="109" doraHaiUra="117" who="3" fromWho="3" sc="240,-39,250,-20,250,-20,240,99" /><INIT seed="1,0,0,4,4,63" ten="201,230,230,339" oya="1" hai0="33,48,103,35,9,16,101,39,53,17,27,52,108" hai1="134,56,72,122,62,60,51,133,10,98,11,88,86" hai2="67,8,2,96,95,46,68,80,89,123,105,76,131" hai3="43,120,79,132,66,0,20,97,110,69,130,92,81"/><U3/><E72/><V125/><F123/><W23/><G120/><T77/><D39/><U50/><E98/><V121/><F121/><W42/><G0/><T99/><D108/><U75/><E75/><V49/><F131/><W26/><G132/><N who="1" m="50794" /><E62/><V12/><F2/><W128/><G110/><T91/><D77/><U37/><E37/><V74/><F105/><W127/><G127/><T55/><D48/><N who="1" m="18475" /><E3/><V65/><F68/><W114/><G114/><T4/><D91/><U25/><E25/><V59/><F59/><W30/><G23/><T94/><D103/><U54/><E122/><V109/><F125/><W28/><G28/><T36/><D36/><U83/><AGARI ba="0,0" hai="10,11,54,56,60,83,86,88" m="18475,50794" machi="83" ten="30,3000,0" yaku="20,1,54,1" doraHai="63" who="1" fromWho="1" sc="201,-10,230,30,230,-10,339,-10" /><INIT seed="1,1,0,0,2,109" ten="191,260,220,329" oya="1" hai0="82,105,38,25,43,118,60,64,90,55,70,23,29" hai1="41,10,0,26,46,102,91,58,107,80,96,47,119" hai2="92,27,88,72,75,87,11,130,8,99,17,33,56" hai3="1,121,6,115,48,67,97,127,22,4,111,112,37"/><U49/><E119/><V74/><F130/><W71/><G121/><T94/><D105/><U34/><E58/><V62/><F87/><W100/><G37/><T19/><D118/><U16/><E47/><V113/><F113/><W129/><G111/><T14/><D82/><U133/><E133/><V69/><F69/><W117/><G117/><T83/><D83/><U53/><E34/><V134/><F134/><W132/><G127/><T13/><D13/><U114/><E114/><V65/><REACH who="2" step="1"/><F17/><REACH who="2" ten="191,260,210,329" step="2"/><W52/><G129/><T39/><D43/><U61/><E41/><V36/><F36/><W20/><G132/><T104/><D55/><U32/><E16/><V122/><F122/><W51/><G115/><T54/><D54/><U59/><E53/><V73/><N who="2" m="18432" /><DORA hai="9" /><V108/><F108/><W76/><G112/><T85/><REACH who="0" step="1"/><D104/><REACH who="0" ten="181,260,210,329" step="2"/><U131/><E107/><V89/><F89/><W93/><G52/><T12/><D12/><U30/><E91/><V126/><F126/><W7/><G1/><T81/><D81/><U77/><E80/><V101/><F101/><W24/><G100/><T116/><D116/><U135/><E102/><V15/><F15/><W84/><G76/><T5/><D5/><U86/><E77/><V66/><F66/><W42/><G67/><T98/><D98/><U123/><E96/><V128/><F128/><W40/><G97/><T21/><AGARI ba="1,2" hai="14,19,21,23,25,29,38,39,60,64,70,85,90,94" machi="21" ten="20,8000,1" yaku="1,1,0,1,7,1,52,1,53,1" doraHai="109,9" doraHaiUra="57,110" who="0" fromWho="0" sc="181,103,260,-41,210,-21,329,-21" /><INIT seed="2,0,0,3,1,8" ten="284,219,189,308" oya="2" hai0="72,114,25,119,29,90,94,47,103,131,93,40,81" hai1="4,116,45,125,44,113,23,9,120,106,102,73,109" hai2="69,56,14,15,89,101,28,77,74,12,88,100,111" hai3="61,21,66,11,6,124,122,83,7,80,34,129,48"/><V49/><F69/><W65/><G122/><T134/><D114/><U75/><E113/><V58/><F74/><W110/><G34/><T87/><D134/><U55/><E116/><V46/><F77/><W3/><G110/><T17/><D131/><U19/><E125/><V59/><F28/><W60/><G124/><T92/><D119/><U50/><E109/><V115/><F115/><W20/><G129/><T27/><D72/><U36/><E102/><N who="2" m="39531" /><F111/><W86/><G48/><T91/><D103/><U97/><E97/><V53/><AGARI ba="0,0" hai="12,14,15,46,49,53,56,58,59,88,89" m="39531" machi="53" ten="40,12000,1" yaku="8,1,52,3,54,1" doraHai="8" who="2" fromWho="2" sc="284,-40,219,-40,189,120,308,-40" /><INIT seed="2,1,0,5,4,50" ten="244,179,309,268" oya="2" hai0="11,33,104,62,105,22,78,63,97,19,16,122,23" hai1="46,82,124,80,15,112,32,24,128,130,94,79,25" hai2="114,52,86,47,31,83,8,5,107,103,48,4,58" hai3="2,118,87,14,27,53,3,134,0,106,69,92,20"/><V59/><F114/><W7/><G118/><T98/><D33/><U115/><E46/><V133/><F133/><W110/><G106/><T42/><D11/><U29/><E94/><V13/><F107/><W101/><G110/><T108/><D108/><U45/><E45/><V60/><F103/><W9/><G134/><T93/><D93/><U74/><E15/><V85/><F31/><W44/><G69/><T66/><D78/><U109/><E109/><V34/><F34/><W61/><G101/><T71/><D71/><U81/><E25/><V96/><F96/><W17/><G44/><T113/><D113/><U119/><E124/><V91/><F59/><W117/><G117/><T90/><D90/><U131/><E119/><V95/><F5/><W129/><G129/><T99/><D99/><U65/><E65/><V1/><F1/><W76/><G92/><T126/><D66/><U37/><E37/><V73/><F73/><W111/><G111/><T125/><REACH who="0" step="1"/><D42/><REACH who="0" ten="234,179,309,268" step="2"/><U12/><E115/><V26/><F95/><W67/><G67/><T6/><D6/><U43/><E112/><V39/><F39/><W135/><G135/><T116/><D116/><U72/><E43/><N who="2" m="24703" /><F85/><W88/><G87/><T57/><D57/><U18/><REACH who="1" step="1"/><E79/><REACH who="1" ten="234,169,309,268" step="2"/><V41/><F41/><W77/><G76/><T89/><D89/><U127/><E127/><V100/><F100/><W49/><G77/><T132/><D132/><U56/><E56/><V10/><F10/><AGARI ba="1,2" hai="10,12,18,24,29,32,72,74,80,81,82,128,130,131" machi="10" ten="50,3200,0" yaku="1,1,19,1,53,0" doraHai="50" doraHaiUra="51" who="1" fromWho="2" sc="234,0,169,55,309,-35,268,0" /><INIT seed="3,0,0,5,3,26" ten="234,224,274,268" oya="3" hai0="49,75,36,20,23,111,80,40,105,129,34,86,102" hai1="5,41,119,22,59,3,11,82,108,21,90,9,92" hai2="61,19,54,127,74,0,57,116,10,35,60,65,107" hai3="81,14,88,29,84,63,109,4,95,118,112,78,51"/><W66/><G112/><T17/><D34/><U126/><E108/><V110/><F116/><W28/><G118/><T15/><D36/><U56/><E119/><V103/><F74/><W101/><G109/><T53/><D75/><U39/><E126/><V44/><F110/><W93/><G51/><T89/><D129/><U113/><E82/><V62/><F35/><W12/><G101/><T8/><D40/><U128/><E113/><V2/><F127/><W67/><G95/><T83/><D83/><U48/><E39/><V125/><F125/><W96/><G67/><T55/><D55/><U76/><E76/><V64/><F64/><W106/><G106/><T73/><D73/><U13/><E128/><V114/><F114/><W91/><G78/><T31/><D31/><N who="3" m="11849" /><G4/><T133/><D133/><U124/><E124/><V18/><F107/><W115/><G115/><T98/><REACH who="0" step="1"/><D111/><REACH who="0" ten="224,224,274,268" step="2"/><U58/><E41/><V72/><F72/><W32/><G32/><T30/><D30/><U122/><E48/><V43/><F43/><W71/><G71/><T37/><D37/><U24/><E122/><V6/><F54/><W130/><G130/><T42/><D42/><U134/><E134/><V45/><F65/><W135/><G135/><T46/><AGARI ba="0,1" hai="8,15,17,20,23,46,49,53,80,86,89,98,102,105" machi="46" ten="20,8000,1" yaku="1,1,0,1,7,1,25,2,53,0" doraHai="26" doraHaiUra="69" who="0" fromWho="0" sc="224,90,224,-20,274,-20,268,-40" /><INIT seed="4,0,0,0,2,92" ten="314,204,254,228" oya="0" hai0="126,60,50,69,48,55,98,12,104,70,119,106,112" hai1="88,90,89,110,97,27,123,53,16,133,95,118,83" hai2="127,84,54,56,117,52,66,22,49,45,109,64,79" hai3="129,101,124,4,125,25,31,114,32,115,87,107,8"/><T105/><D119/><U62/><E110/><V28/><F109/><W24/><G87/><T37/><D37/><U43/><E123/><V81/><F117/><W15/><G129/><T29/><D29/><U11/><E133/><V130/><F127/><N who="3" m="48715" /><G25/><T128/><D128/><U1/><E43/><V113/><F113/><N who="3" m="43019" /><G101/><T18/><D112/><U100/><E1/><V71/><F71/><W36/><G36/><T120/><D120/><U35/><E118/><V58/><F130/><W33/><G107/><T41/><D41/><U14/><E35/><AGARI ba="0,0" hai="4,8,15,24,31,32,33,35" m="43019,48715" machi="35" ten="30,7700,0" yaku="18,1,15,1,34,2" doraHai="92" who="3" fromWho="1" sc="314,0,204,-77,254,0,228,77" /><INIT seed="5,0,0,2,2,1" ten="314,127,254,305" oya="1" hai0="125,61,2,76,11,8,91,71,127,80,69,95,67" hai1="34,107,36,108,124,23,12,112,65,52,46,37,86" hai2="131,3,85,15,25,35,26,42,30,87,32,6,113" hai3="104,50,109,83,60,96,47,45,75,13,129,55,43"/><U14/><E34/><V29/><F131/><W27/><G109/><T51/><D69/><U126/><E107/><V92/><F113/><W122/><G122/><T119/><D119/><U33/><E33/><V53/><F3/><W77/><G129/><T48/><D2/><U123/><E65/><V49/><F42/><W0/><G0/><T56/><D11/><U120/><E86/><V62/><F62/><W4/><G27/><T41/><D8/><U22/><E46/><V5/><F92/><W64/><G96/><N who="0" m="57471" /><D41/><U118/><E112/><V115/><F15/><W7/><G13/><T63/><D63/><U21/><E21/><V116/><F115/><W17/><G17/><T103/><D103/><U20/><E20/><V58/><REACH who="2" step="1"/><F116/><REACH who="2" ten="314,127,244,305" step="2"/><W114/><G114/><T40/><D40/><U28/><E118/><V88/><F88/><W81/><G104/><T10/><D61/><U134/><E108/><V94/><F94/><W19/><G83/><T68/><D80/><U105/><E105/><V97/><F97/><W93/><G93/><T111/><D111/><U84/><E123/><V98/><F98/><W54/><G43/><T100/><D100/><U106/><E106/><V101/><F101/><W66/><G60/><T133/><D76/><U18/><E120/><V72/><F72/><W135/><G75/><T38/><D67/><U16/><E84/><AGARI ba="0,1" hai="5,6,25,26,29,30,32,35,49,53,58,84,85,87" machi="84" ten="40,8000,1" yaku="1,1,9,1,52,2,53,0" doraHai="1" doraHaiUra="130" who="2" fromWho="1" sc="314,0,127,-80,244,90,305,0" /><INIT seed="6,0,0,4,4,99" ten="314,47,334,305" oya="2" hai0="72,100,119,65,124,21,113,112,23,61,70,133,75" hai1="82,0,67,50,125,40,130,2,83,114,48,7,80" hai2="97,49,98,32,16,135,19,52,117,41,128,76,134" hai3="22,116,74,14,47,92,90,85,55,101,88,5,108"/><V118/><F32/><W31/><G108/><T45/><D133/><N who="2" m="50698" /><F41/><W103/><G116/><N who="2" m="44649" /><F76/><W18/><G74/><N who="0" m="28203" /><D119/><U62/><E130/><V15/><F128/><W129/><G129/><T93/><D45/><U12/><E114/><N who="0" m="44137" /><D124/><U91/><E125/><V38/><F38/><W1/><G31/><T3/><D3/><U68/><E2/><V34/><F34/><W79/><G79/><T109/><D109/><U122/><E0/><V81/><F81/><N who="3" m="49199" /><G5/><T123/><D123/><U10/><E122/><V26/><F26/><W30/><G1/><T126/><D126/><U121/><E121/><V96/><F15/><W44/><G30/><T110/><D110/><U78/><E78/><V60/><F60/><W46/><G55/><T6/><D6/><U87/><E40/><V120/><F120/><W54/><G54/><T84/><D84/><AGARI ba="0,0" hai="14,18,22,44,46,47,84,90,92,101,103" m="49199" machi="84" ten="30,7700,0" yaku="8,1,52,2,54,1" doraHai="99" who="3" fromWho="0" sc="314,-77,47,0,334,0,305,77" /><INIT seed="7,0,0,5,4,97" ten="237,47,334,382" oya="3" hai0="123,84,88,107,42,122,90,80,65,75,78,72,95" hai1="100,64,81,5,121,114,125,61,27,8,26,31,45" hai2="13,86,53,71,33,126,99,2,34,83,49,60,59" hai3="119,3,55,22,41,63,101,67,133,116,112,39,77"/><W54/><G3/><T110/><D65/><U9/><E125/><V73/><F2/><W52/><G112/><T37/><D37/><U58/><E121/><N who="0" m="46089" /><D42/><U129/><E129/><V109/><F109/><W94/><G133/><T66/><D66/><U7/><E114/><V96/><F73/><N who="0" m="28234" /><D110/><U6/><E81/><V1/><F1/><W51/><G39/><T108/><D107/><U87/><E87/><V32/><F126/><W38/><G38/><T11/><D11/><U35/><E45/><V104/><F104/><W124/><G124/><T43/><D43/><U10/><REACH who="1" step="1"/><E27/><REACH who="1" ten="237,37,334,382" step="2"/><V20/><F86/><W128/><G128/><T24/><D24/><U70/><E70/><V36/><F83/><W135/><G119/><T93/><D108/><U19/><E19/><V12/><F71/><W18/><G116/><T118/><D118/><U132/><E132/><V89/><F36/><W92/><G135/><T56/><D56/><U57/><E57/><V28/><F59/><W131/><G131/><T14/><D14/><U68/><E68/><V127/><F12/><W115/><G18/><T105/><D78/><U30/><E30/><V91/><F13/><W120/><G77/><T82/><D105/><U102/><E102/><V29/><F28/><W47/><G101/><T117/><D117/><U74/><E74/><V106/><F29/><W130/><G120/><T4/><D4/><U69/><E69/><V79/><F79/><W21/><G130/><T111/><D111/><U15/><E15/><V16/><F127/><W17/><G17/><T48/><D84/><U25/><E25/><RYUUKYOKU ba="0,1" sc="237,-10,37,30,334,-10,382,-10" hai1="5,6,7,8,9,10,26,31,35,58,61,64,100" owari="227,-17.0,67,-43.0,324,12.0,382,48.0" /></mjloggm>