<mjloggm ver="2.3"><GO type="41" lobby="0"/><UN n0="%E3%82%B7%E3%83%B3%E3%82%B8%E3%83%AD%E3%83%BC" n1="%49%61%6D%62%6F%6E" n2="%E7%99%BA%E5%A3%B0%E3%81%8C%E5%A4%A7%E4%BA%8B" n3="%E2%93%9D%53%75%70%68%78" dan="13,14,15,18" rate="1805.50,1949.21,2040.22,2088.30" sx="M,M,M,M"/><TAIKYOKU oya="0"/><INIT seed="0,0,0,5,3,52" ten="250,250,250,250" oya="0" hai0="135,107,42,103,7,113,61,121,98,127,68,5,132" hai1="57,27,123,24,90,99,39,130,120,63,14,79,26" hai2="81,19,69,76,30,47,43,94,40,60,116,85,35" hai3="110,22,49,119,77,50,31,75,65,36,83,104,9"/><T112/><D121/><U88/><E39/><V10/><F116/><W62/><G104/><T67/><D42/><U34/><E34/><V44/><F35/><W66/><G110/><T128/><D128/><U15/><E130/><V32/><F32/><W102/><G102/><T13/><D127/><U4/><E79/><V82/><F30/><W56/><G36/><T126/><D126/><U115/><E115/><V105/><F105/><W118/><G66/><T80/><D80/><U78/><E78/><V17/><F94/><W125/><G125/><T92/><D92/><U16/><E123/><V21/><F10/><W41/><G9/><T6/><REACH who="0" step="1"/><D13/><REACH who="0" ten="240,250,250,250" step="2"/><U84/><E120/><V20/><F82/><W133/><G41/><T23/><D23/><U54/><E15/><V51/><F21/><W37/><G119/><T33/><D33/><U3/><E3/><V0/><F20/><W8/><G118/><T91/><D91/><U2/><E2/><V131/><F0/><W95/><G95/><T96/><D96/><U97/><E90/><V46/><F131/><W100/><G22/><T122/><D122/><U73/><E4/><V89/><F89/><W86/><G83/><T117/><D117/><U53/><E99/><V11/><F11/><W87/><G8/><T134/><AGARI ba="0,1" hai="5,6,7,61,67,68,98,103,107,112,113,132,134,135" machi="134" ten="40,12000,1" yaku="1,1,0,1,20,1,53,2" doraHai="52" doraHaiUra="111" who="0" fromWho="0" sc="240,130,250,-40,250,-40,250,-40" /><INIT seed="0,1,0,3,5,95" ten="370,210,210,210" oya="0" hai0="52,47,71,51,83,6,35,8,38,102,10,120,118" hai1="106,70,85,60,93,135,44,86,16,97,43,30,56" hai2="61,63,94,133,62,34,98,64,15,101,115,69,67" hai3="24,54,74,2,72,112,59,25,75,90,104,66,76"/><T13/><D118/><U128/><E128/><V0/><F0/><W11/><G112/><T103/><D71/><U68/><E135/><V96/><F133/><W109/><G76/><T28/><D120/><U114/><E114/><V3/><F115/><W99/><G66/><T107/><D83/><U33/><E106/><V17/><F3/><W92/><G109/><T113/><D113/><U122/><E122/><V18/><F34/><W7/><REACH who="3" step="1"/><G104/><REACH who="3" ten="370,210,210,200" step="2"/><T127/><D107/><U22/><E70/><V100/><F69/><W36/><G36/><T81/><D38/><U132/><E68/><V124/><F124/><W29/><G29/><T78/><D127/><U121/><E121/><V123/><F123/><W82/><G82/><T131/><D131/><U20/><E132/><V65/><F15/><W55/><G55/><T45/><D28/><U58/><E30/><V12/><F12/><W14/><G14/><T130/><D35/><U26/><E33/><V19/><F94/><W87/><G87/><T117/><D130/><U53/><E86/><V40/><F40/><W88/><G88/><T105/><D105/><U111/><E85/><V50/><F50/><AGARI ba="1,1" hai="2,7,11,24,25,50,54,59,72,74,75,90,92,99" machi="50" ten="40,2600,0" yaku="1,1,52,1,53,0" doraHai="95" doraHaiUra="108" who="3" fromWho="2" sc="370,0,210,0,210,-29,200,39" /><INIT seed="1,0,0,0,3,52" ten="370,210,181,239" oya="1" hai0="13,64,3,123,46,88,121,83,117,72,51,101,0" hai1="40,75,109,119,15,5,125,92,94,97,21,130,43" hai2="56,20,59,98,87,91,30,129,77,124,102,116,110" hai3="57,85,36,71,61,105,11,48,115,54,113,2,79"/><U1/><E75/><V70/><F110/><W104/><G36/><T33/><D33/><U90/><E109/><V35/><F116/><W42/><G105/><T76/><D117/><U10/><E119/><V4/><F35/><W126/><G104/><T95/><D64/><U80/><E125/><V19/><F124/><W127/><G85/><T62/><D62/><U47/><E130/><V22/><F70/><W89/><G89/><T68/><D13/><U14/><E80/><V78/><F129/><W108/><G79/><N who="2" m="30217" /><F4/><W37/><G11/><T81/><D81/><U6/><E6/><V31/><F98/><W50/><G2/><T132/><D101/><U7/><E7/><V112/><F102/><W39/><G108/><T34/><D34/><U63/><E63/><V82/><F112/><N who="3" m="43083" /><G39/><T9/><D9/><U100/><E21/><N who="2" m="8299" /><F19/><W120/><G120/><N who="0" m="46155" /><D132/><U32/><E32/><V53/><F53/><W49/><G71/><T17/><D17/><U25/><E25/><V131/><F131/><W66/><G54/><N who="0" m="30071" /><D68/><U118/><E118/><V29/><AGARI ba="0,0" hai="29,30,31,56,59,82,87,91" m="8299,30217" machi="29" ten="30,4000,0" yaku="8,1,52,2" doraHai="52" who="2" fromWho="2" sc="370,-10,210,-20,181,40,239,-10" /><INIT seed="2,0,0,0,2,123" ten="360,190,221,229" oya="2" hai0="56,108,96,1,69,77,68,50,24,117,80,114,99" hai1="43,92,22,28,128,25,23,105,32,103,5,53,132" hai2="84,9,27,41,130,124,29,37,75,8,40,81,106" hai3="111,104,135,121,134,26,13,72,30,58,6,115,112"/><V57/><F106/><W45/><G104/><T110/><D114/><N who="3" m="43561" /><G72/><T67/><D1/><U79/><E105/><V127/><F75/><W42/><G58/><T66/><D24/><U51/><E128/><V74/><F74/><W122/><G45/><T38/><D38/><U14/><E132/><N who="3" m="50730" /><G42/><N who="2" m="16489" /><F37/><W34/><G111/><N who="0" m="42539" /><D50/><U17/><E79/><N who="2" m="46143" /><F57/><W15/><G6/><T54/><D54/><U126/><E43/><V76/><F76/><W125/><G125/><N who="2" m="48201" /><F130/><W95/><G95/><T63/><D66/><U3/><E126/><V0/><F0/><W39/><G39/><T131/><D131/><U90/><E103/><V97/><F97/><N who="0" m="37450" /><D117/><U36/><E36/><V119/><F119/><W10/><G10/><T60/><D60/><U61/><E61/><V102/><F102/><W49/><G49/><T93/><D93/><U86/><E51/><V46/><F46/><W88/><G122/><T91/><D91/><U118/><E53/><V44/><F44/><W94/><G121/><T116/><D116/><U48/><E48/><V133/><F133/><W59/><G59/><T12/><D12/><U78/><E78/><V2/><F2/><W21/><G15/><T85/><AGARI ba="0,0" hai="56,63,67,68,69,77,80,85" m="37450,42539" machi="85" ten="30,7900,0" yaku="14,1,52,3" doraHai="123" who="0" fromWho="0" sc="360,79,190,-20,221,-39,229,-20" /><INIT seed="3,0,0,2,4,0" ten="439,170,182,209" oya="3" hai0="3,6,94,17,123,53,91,54,57,56,51,31,108" hai1="88,135,110,27,23,113,13,81,67,97,82,52,132" hai2="107,76,9,77,99,5,124,8,120,7,59,105,104" hai3="75,15,102,21,109,130,26,100,73,63,35,19,121"/><W65/><G121/><T60/><D123/><U71/><E113/><V84/><F120/><W45/><G130/><T79/><D79/><N who="2" m="30282" /><F84/><W89/><G109/><T114/><D114/><U34/><E34/><V64/><F59/><W74/><G45/><T129/><D129/><U106/><E110/><V80/><F80/><W41/><G41/><T134/><D134/><N who="1" m="51243" /><E71/><V92/><F92/><W72/><N who="3" m="19200" /><DORA hai="44" /><W90/><G35/><T43/><D43/><U133/><E67/><V61/><F64/><W117/><G117/><T4/><D3/><U69/><E69/><V24/><F24/><W131/><G26/><T58/><D58/><U87/><N who="1" m="51251" /><U78/><DORA hai="118" /><E13/><V86/><F86/><W125/><G125/><T93/><D31/><N who="1" m="17919" /><E106/><V83/><F83/><W11/><G131/><T119/><D119/><U33/><E33/><V16/><F124/><W47/><G47/><T36/><D36/><U39/><E39/><V29/><F107/><W127/><G127/><T103/><D103/><U2/><E2/><V10/><F105/><W101/><REACH who="3" step="1"/><G21/><REACH who="3" ten="439,170,182,199" step="2"/><T126/><D126/><U112/><E112/><V48/><F5/><W85/><G85/><T55/><D108/><U46/><E87/><V30/><F7/><W115/><G115/><T70/><D6/><U50/><E78/><V22/><F22/><W128/><G128/><T25/><D25/><U20/><E20/><V111/><F111/><W32/><G32/><T42/><D4/><U62/><E82/><V116/><F116/><W28/><G28/><T96/><D96/><U1/><E81/><V66/><F29/><RYUUKYOKU ba="0,1" sc="439,-10,170,-10,182,-10,199,30" hai3="11,15,19,63,65,89,90,100,101,102" /><INIT seed="3,1,1,1,1,45" ten="429,160,172,229" oya="3" hai0="44,126,93,86,63,17,98,65,87,92,127,99,109" hai1="42,57,67,111,94,50,122,48,76,128,2,0,131" hai2="101,51,1,77,26,35,78,80,15,19,31,117,8" hai3="38,34,60,124,112,21,47,6,120,52,82,73,79"/><W95/><G120/><T58/><D109/><U59/><E76/><V13/><F117/><W133/><G34/><T135/><D44/><U71/><E94/><N who="0" m="36457" /><D17/><U103/><E103/><V102/><F78/><W7/><G112/><T123/><D135/><U134/><E134/><V116/><F116/><W106/><G106/><T64/><D64/><U69/><E111/><V84/><F1/><W74/><G124/><N who="0" m="47659" /><D123/><U16/><E122/><V33/><F33/><W125/><G133/><T70/><D70/><U46/><E16/><V114/><F114/><W41/><G74/><T14/><D14/><U43/><E46/><V3/><F3/><W121/><G121/><T110/><D110/><U75/><E75/><V96/><F13/><W28/><G125/><T61/><D61/><U119/><E119/><V4/><F19/><W54/><G60/><T68/><D68/><U36/><REACH who="1" step="1"/><E67/><REACH who="1" ten="429,150,172,229" step="2"/><V30/><F30/><W132/><G132/><T5/><D5/><U53/><E53/><V37/><F31/><W85/><G7/><T24/><D24/><U32/><E32/><V88/><F35/><W11/><G28/><T90/><D65/><U107/><E107/><V113/><F26/><W72/><G72/><T39/><D90/><U66/><E66/><V10/><F113/><W20/><G54/><T23/><D23/><U40/><E40/><V12/><F88/><N who="3" m="53647" /><G52/><T81/><D39/><AGARI ba="1,2" hai="0,2,36,39,42,43,48,50,57,59,69,71,128,131" machi="39" ten="25,8000,1" yaku="1,1,22,2,52,2,53,0" doraHai="45" doraHaiUra="25" who="1" fromWho="0" sc="429,-83,150,103,172,0,229,0" /><INIT seed="4,0,0,1,5,32" ten="346,253,172,229" oya="0" hai0="33,12,19,106,78,63,112,25,31,59,46,72,43" hai1="127,40,41,9,113,50,91,88,86,30,89,57,111" hai2="16,118,61,84,109,97,92,68,11,131,56,124,14" hai3="38,6,18,73,99,60,108,26,79,119,101,77,103"/><T8/><D106/><U117/><E117/><V29/><F109/><W7/><G38/><T15/><D15/><U52/><E111/><V21/><F124/><W102/><G108/><T24/><D24/><U22/><E127/><V66/><F131/><W51/><G73/><T82/><D112/><U36/><E36/><V76/><F118/><W125/><G99/><T95/><D95/><U1/><E113/><V85/><F76/><W120/><G120/><T28/><D28/><U23/><E86/><V100/><F68/><W83/><G60/><T47/><REACH who="0" step="1"/><D43/><REACH who="0" ten="336,253,172,229" step="2"/><U90/><E30/><V104/><F104/><W69/><G26/><AGARI ba="0,1" hai="11,14,16,21,26,29,56,61,66,84,85,92,97,100" machi="26" ten="40,8000,1" yaku="25,2,8,1,54,1" doraHai="32" who="2" fromWho="3" sc="336,0,253,0,172,90,229,-80" /><INIT seed="5,0,0,0,5,42" ten="336,253,262,149" oya="1" hai0="3,4,52,46,109,122,83,101,63,24,87,120,33" hai1="23,96,106,5,107,89,7,53,93,99,121,40,55" hai2="125,32,36,135,67,92,111,8,39,12,79,74,35" hai3="21,84,50,9,44,28,118,110,61,119,124,59,102"/><U57/><E121/><N who="0" m="46697" /><D101/><U38/><E55/><V72/><F111/><W85/><G110/><T18/><D109/><U117/><E117/><N who="3" m="44554" /><G9/><N who="0" m="2207" /><D63/><U132/><E132/><V27/><F8/><W15/><G124/><T19/><D24/><U10/><E23/><V43/><F27/><N who="3" m="16495" /><G15/><T30/><D30/><U51/><E99/><V11/><F12/><W103/><G103/><T14/><D14/><U66/><E66/><V47/><F67/><N who="3" m="39359" /><G102/><T82/><D33/><U112/><E112/><V114/><F35/><W76/><G76/><N who="0" m="46535" /><D83/><U77/><E77/><V56/><F32/><W49/><G49/><AGARI ba="0,0" hai="18,19,46,49,52" m="46535,2207,46697" machi="49" ten="30,3900,0" yaku="13,1,52,1,54,1" doraHai="42" who="0" fromWho="3" sc="336,39,253,0,262,0,149,-39" /><INIT seed="6,0,0,0,5,130" ten="375,253,262,110" oya="2" hai0="67,58,17,105,102,117,24,22,54,82,118,32,86" hai1="39,124,35,63,76,43,7,90,61,62,133,70,33" hai2="3,104,128,91,9,122,12,78,2,129,4,0,111" hai3="46,75,120,96,101,23,53,16,8,97,5,72,20"/><V28/><F104/><W98/><G120/><T65/><D32/><U55/><E76/><V51/><F78/><W44/><G101/><T103/><D105/><U52/><E7/><V107/><F107/><W109/><G109/><T106/><D106/><U13/><E124/><V73/><F73/><W115/><G115/><T38/><D38/><U87/><E13/><V93/><F122/><W71/><G71/><T10/><D10/><U59/><E70/><V66/><F66/><W79/><G79/><N who="0" m="46431" /><D102/><U27/><E35/><V11/><F51/><W114/><G114/><T80/><D80/><U81/><E55/><V15/><F111/><W132/><G53/><T21/><D21/><U135/><E43/><V110/><F110/><W85/><G85/><T113/><D103/><U41/><E41/><V125/><F125/><W99/><G99/><T19/><D19/><U119/><E39/><V40/><F40/><W47/><G23/><T88/><D88/><U56/><E56/><V18/><REACH who="2" step="1"/><F28/><REACH who="2" ten="375,253,252,110" step="2"/><W112/><G112/><T25/><D113/><U84/><E119/><V94/><F94/><W74/><G74/><T89/><D118/><U42/><E42/><V14/><F14/><W134/><G75/><T100/><D117/><U30/><REACH who="1" step="1"/><E87/><AGARI ba="0,1" hai="0,2,3,4,9,11,12,15,18,87,91,93,128,129" machi="87" ten="40,2000,0" yaku="1,1,53,0" doraHai="130" doraHaiUra="45" who="2" fromWho="1" sc="375,0,253,-20,252,30,110,0" /><INIT seed="6,1,0,0,5,90" ten="375,233,282,110" oya="2" hai0="122,13,26,61,107,127,111,101,16,6,53,29,117" hai1="131,1,15,82,45,87,95,91,21,54,81,40,125" hai2="132,9,109,118,44,17,18,41,78,106,119,38,68" hai3="102,28,100,24,11,83,89,120,5,42,72,4,14"/><V48/><F106/><W7/><G120/><T46/><D122/><U121/><E121/><V110/><F68/><W103/><G42/><T10/><D111/><N who="2" m="42506" /><F78/><W79/><REACH who="3" step="1"/><G89/><REACH who="3" ten="375,233,282,100" step="2"/><T105/><D117/><U36/><E131/><V31/><F119/><W94/><G94/><T133/><D127/><U51/><E125/><V30/><F118/><W73/><G73/><T134/><D134/><U130/><E130/><V39/><F132/><W80/><G80/><T92/><D133/><U63/><E1/><V98/><F39/><W62/><G62/><T124/><D124/><U0/><E0/><V70/><F38/><W74/><G74/><T43/><D107/><U23/><E63/><V55/><F41/><W8/><G8/><T69/><D43/><U50/><E36/><V25/><F9/><W20/><AGARI ba="1,1" hai="4,5,7,11,14,20,24,28,72,79,83,100,102,103" machi="20" ten="30,8000,1" yaku="1,1,0,1,53,3" doraHai="90" doraHaiUra="2" who="3" fromWho="3" sc="375,-21,233,-21,282,-41,100,93" /><INIT seed="7,0,0,1,0,21" ten="354,212,241,193" oya="3" hai0="34,11,68,108,49,13,80,28,58,12,10,61,106" hai1="133,1,109,135,69,54,29,85,103,39,5,92,50" hai2="17,121,15,6,42,91,46,95,57,134,74,19,70" hai3="3,20,98,31,65,51,125,100,97,9,78,27,93"/><W75/><G125/><T47/><D68/><U41/><E69/><V110/><F74/><W82/><G65/><T26/><D106/><U107/><E109/><V67/><F70/><W83/><G83/><T131/><D131/><U105/><E41/><V55/><F67/><W62/><G62/><T63/><D63/><U117/><E39/><V32/><F32/><W76/><G76/><T25/><D25/><U2/><E117/><V73/><F73/><W124/><G124/><T59/><D59/><U37/><E37/><V36/><F134/><N who="1" m="51209" /><E29/><V123/><F110/><W111/><G111/><T115/><D115/><U96/><E5/><V71/><F6/><W77/><G77/><T129/><D129/><U52/><E54/><V18/><F71/><W24/><G98/><T84/><D11/><U102/><E85/><V81/><F17/><W114/><G114/><T120/><D10/><U44/><E103/><V43/><F18/><W130/><G130/><T30/><D30/><U8/><E8/><V4/><F4/><W64/><G64/><T101/><D101/><U7/><E7/><V127/><F127/><W14/><G3/><AGARI ba="0,0" hai="1,2,3,44,50,52,92,96,102,105,107" m="51209" machi="3" ten="30,2000,0" yaku="20,1,54,1" doraHai="21" who="1" fromWho="3" sc="354,0,212,20,241,0,193,-20" owari="354,46.0,232,-17.0,241,4.0,173,-33.0" /></mjloggm>