<mjloggm ver="2.3"><GO type="41" lobby="0"/><UN n0="%E2%93%9D%53%75%70%68%78" n1="%E3%81%A1%E3%82%89" n2="%E3%83%9C%E3%82%AF%E3%81%A1%E3%82%83%E3%82%93" n3="%54%73%75%79%6F%70%6F%6E" dan="17,15,14,13" rate="2040.94,2055.11,1934.94,1873.89" sx="M,F,M,M"/><TAIKYOKU oya="0"/><INIT seed="0,0,0,0,5,74" ten="250,250,250,250" oya="0" hai0="118,42,73,102,23,113,27,7,125,124,48,82,17" hai1="100,69,30,22,49,96,12,51,43,33,56,35,130" hai2="37,112,72,114,19,91,62,84,15,92,121,13,76" hai3="129,119,40,101,5,93,28,65,75,60,110,90,1"/><T107/><D113/><U54/><E69/><V63/><F37/><W94/><G119/><T18/><D118/><U66/><E130/><V70/><F121/><W64/><G129/><T68/><D68/><U16/><E66/><V132/><F132/><W103/><G110/><T10/><D102/><U71/><E71/><V105/><F105/><W8/><G28/><T87/><D73/><U0/><E0/><V47/><F47/><W24/><G24/><T50/><D18/><U29/><E33/><V86/><F72/><W36/><G75/><T4/><D107/><U108/><E35/><V53/><F63/><W39/><G93/><T78/><D7/><U109/><E109/><V32/><F32/><W88/><G90/><T117/><D117/><U55/><E43/><V116/><F15/><W9/><G9/><T34/><D34/><U126/><E126/><N who="0" m="48745" /><D42/><U44/><REACH who="1" step="1"/><E108/><REACH who="1" ten="250,240,250,250" step="2"/><V83/><F116/><W11/><G40/><T45/><D45/><U41/><E41/><V120/><F120/><W115/><G36/><T131/><D131/><U128/><E128/><V38/><F38/><W97/><G39/><T67/><D67/><U3/><E3/><AGARI ba="0,1" hai="3,4,10,17,23,27,48,50,78,82,87" m="48745" machi="3" ten="30,2900,0" yaku="18,1,52,1" doraHai="74" who="0" fromWho="1" sc="250,39,240,-29,250,0,250,0" /><INIT seed="0,1,0,0,3,21" ten="289,211,250,250" oya="0" hai0="103,23,122,48,132,25,27,78,29,70,66,134,20" hai1="8,56,86,83,94,96,42,90,92,32,65,35,67" hai2="98,15,13,100,1,41,52,107,68,22,125,18,47" hai3="4,79,113,55,104,38,97,51,121,14,63,59,40"/><T62/><D122/><U57/><E42/><V84/><F125/><W26/><G113/><T119/><D119/><U61/><E92/><V75/><F75/><W105/><G121/><T111/><D78/><U114/><E114/><V116/><F1/><W88/><G79/><T123/><D123/><U31/><E8/><V12/><F68/><W120/><G120/><T73/><D73/><U3/><E3/><V112/><F112/><W127/><G38/><T44/><D103/><U53/><E31/><V95/><F116/><W28/><G127/><T87/><D87/><U76/><REACH who="1" step="1"/><E65/><REACH who="1" ten="289,201,250,250" step="2"/><V124/><F124/><W110/><G40/><T115/><D115/><U118/><E118/><V0/><F0/><W43/><G43/><T99/><D99/><U39/><E39/><V93/><F41/><W10/><G110/><T9/><D9/><U130/><E130/><V11/><F11/><W71/><G105/><T7/><D111/><U81/><E81/><V60/><F107/><W64/><G104/><T89/><D7/><U24/><E24/><V45/><F93/><W85/><G97/><T6/><D6/><U69/><E69/><V129/><F129/><W80/><G28/><T91/><D134/><U101/><E101/><V109/><F109/><W131/><G131/><T102/><D102/><U133/><E133/><V34/><F34/><W117/><G117/><T36/><D36/><U50/><AGARI ba="1,1" hai="32,35,50,53,56,57,61,67,76,83,86,90,94,96" machi="50" ten="20,5200,0" yaku="1,1,0,1,7,1,53,1" doraHai="21" doraHaiUra="49" who="1" fromWho="1" sc="289,-27,201,65,250,-14,250,-14" /><INIT seed="1,0,0,2,1,100" ten="262,266,236,236" oya="1" hai0="115,43,83,31,101,106,33,25,26,97,133,108,131" hai1="44,118,62,109,11,23,30,69,68,111,53,37,91" hai2="16,2,15,17,80,93,86,57,1,38,66,28,6" hai3="90,107,54,49,64,120,105,95,59,12,129,10,40"/><U46/><E11/><V27/><F38/><W134/><G120/><T94/><D115/><U78/><E78/><V39/><F39/><W9/><G134/><T0/><D108/><N who="1" m="41547" /><E91/><V52/><F66/><W99/><G129/><T19/><D0/><U76/><E76/><V114/><F93/><W123/><G123/><T117/><D117/><U110/><E118/><V50/><F6/><W4/><G40/><T3/><D3/><U112/><E112/><V127/><F127/><W125/><G125/><T96/><D83/><U13/><E37/><V65/><F65/><W81/><G64/><T124/><D131/><U72/><E72/><V61/><F61/><W34/><G34/><T85/><D85/><U35/><N who="1" m="41555" /><U21/><DORA hai="87" /><E35/><V122/><F122/><W7/><G81/><T74/><D74/><U42/><E42/><V73/><F73/><W128/><G128/><T51/><D133/><U92/><E92/><V55/><F55/><W121/><G121/><T47/><D124/><U116/><E116/><V130/><F130/><W103/><G103/><T5/><D5/><U41/><E41/><V89/><F114/><W22/><G22/><N who="1" m="8202" /><E13/><AGARI ba="0,0" hai="4,7,9,10,12,13,49,54,59,90,95,99,105,107" machi="13" ten="30,8000,1" yaku="7,1,9,1,52,3" doraHai="100,87" who="3" fromWho="1" sc="262,0,266,-80,236,0,236,80" /><INIT seed="2,0,0,4,4,61" ten="262,186,236,316" oya="2" hai0="46,77,83,78,26,34,106,23,9,58,71,64,111" hai1="86,97,87,90,49,60,96,134,65,82,42,24,62" hai2="55,8,0,85,35,12,76,33,41,114,91,22,20" hai3="2,52,1,28,130,104,11,67,115,69,109,89,133"/><V40/><F114/><W68/><G109/><T117/><D71/><U48/><E134/><V18/><F76/><W3/><G133/><T7/><D34/><U105/><E105/><V118/><F118/><W70/><G104/><T102/><D111/><U5/><E5/><V54/><F35/><W108/><G108/><T36/><D102/><U45/><E60/><V99/><F99/><W113/><G130/><T10/><D106/><U29/><E48/><V59/><F33/><W73/><G28/><T131/><D131/><U38/><E38/><V121/><F121/><W14/><G73/><T37/><D46/><U128/><E128/><V31/><F0/><W17/><G89/><T6/><D58/><U129/><E86/><V120/><F54/><W4/><G52/><T135/><D117/><U95/><E129/><V57/><F59/><W119/><G119/><T16/><D64/><U100/><E96/><V27/><F8/><W44/><G44/><T98/><D98/><U81/><E87/><V75/><F75/><W66/><REACH who="3" step="1"/><G4/><REACH who="3" ten="262,186,236,306" step="2"/><T15/><D135/><U80/><E90/><V72/><F72/><W103/><G103/><T43/><D78/><U56/><E80/><N who="2" m="49575" /><F120/><W50/><G50/><AGARI ba="0,1" hai="12,18,20,22,27,31,40,41,50,55,57" m="49575" machi="50" ten="30,1500,0" yaku="8,1" doraHai="61" who="2" fromWho="3" sc="262,0,186,0,236,25,306,-15" /><INIT seed="2,1,0,5,3,72" ten="262,186,261,291" oya="2" hai0="42,40,47,54,13,106,108,82,87,30,31,75,62" hai1="71,130,36,128,64,23,7,84,124,39,33,15,57" hai2="48,107,18,73,22,115,74,16,52,34,131,53,126" hai3="29,101,96,76,51,122,123,38,79,121,70,10,113"/><V9/><F34/><W93/><G38/><T103/><D75/><U46/><E33/><V2/><F115/><W104/><G70/><T133/><D108/><U4/><E124/><V119/><F119/><W67/><G67/><T68/><D133/><U55/><E84/><V61/><F107/><W66/><G66/><T135/><D135/><U94/><E94/><V26/><F126/><W14/><G113/><T83/><D103/><U27/><E71/><V58/><F131/><N who="1" m="50217" /><E64/><V90/><F90/><W80/><G29/><T97/><D97/><U24/><E15/><V3/><F3/><W110/><G110/><T111/><D13/><U95/><E95/><V28/><F28/><W89/><G51/><T98/><D106/><U20/><E46/><V102/><F102/><W81/><G14/><T41/><D47/><U78/><E78/><N who="3" m="29738" /><G10/><T11/><D11/><U125/><E36/><V91/><F18/><W5/><G5/><N who="1" m="2122" /><E39/><V63/><F9/><W77/><N who="3" m="29746" /><W19/><DORA hai="118" /><G19/><T129/><D129/><U92/><E125/><V8/><F8/><W88/><G89/><T127/><D127/><U59/><E55/><V43/><F2/><W134/><G134/><T120/><D54/><U114/><E114/><V12/><F12/><W6/><G6/><T50/><D111/><U44/><E92/><V49/><F91/><W105/><G105/><T35/><D68/><U116/><E116/><V56/><F43/><W69/><G69/><T99/><D42/><U132/><E132/><V25/><F25/><N who="1" m="9801" /><E44/><V112/><F112/><W32/><G32/><T60/><D35/><RYUUKYOKU ba="1,0" sc="262,-30,186,10,261,10,291,10" hai1="20,23,57,59" hai2="16,22,26,48,49,52,53,56,58,61,63,73,74" hai3="80,81,88,93,96,101,104,121,122,123" /><INIT seed="2,2,0,2,2,81" ten="232,196,271,301" oya="2" hai0="80,122,34,41,125,105,133,90,69,129,18,102,28" hai1="23,83,67,43,72,82,71,73,62,60,8,94,48" hai2="63,128,24,13,17,111,99,77,6,107,130,88,126" hai3="5,15,95,10,89,56,65,124,4,30,70,3,108"/><V117/><F117/><W127/><G108/><T21/><D122/><U39/><E23/><V12/><F111/><W40/><G40/><T0/><D0/><U120/><E120/><V121/><F121/><W112/><G112/><T123/><D133/><U20/><E20/><V93/><F107/><W116/><G116/><T92/><D69/><U75/><E60/><V9/><F24/><W42/><G42/><T66/><D125/><N who="3" m="48201" /><G30/><T7/><D129/><U86/><E39/><V96/><F126/><W22/><G22/><T2/><D41/><U14/><E48/><V11/><F96/><W135/><G135/><T19/><D28/><U79/><E43/><V64/><REACH who="2" step="1"/><F77/><REACH who="2" ten="232,196,261,301" step="2"/><W76/><G76/><T109/><D109/><U59/><E79/><V27/><F27/><W98/><G98/><T68/><D123/><U1/><E71/><AGARI ba="2,1" hai="6,9,11,12,13,17,63,64,71,88,93,99,128,130" machi="71" ten="40,3900,0" yaku="1,1,54,1,53,0" doraHai="81" doraHaiUra="51" who="2" fromWho="1" sc="232,0,196,-45,261,55,301,0" /><INIT seed="2,3,0,0,3,90" ten="232,151,316,301" oya="2" hai0="66,67,111,131,22,4,45,106,93,30,53,61,34" hai1="110,109,36,5,80,121,10,89,39,65,69,8,31" hai2="49,96,60,74,78,50,42,58,19,130,54,79,55" hai3="123,64,104,112,100,18,97,107,75,40,51,33,11"/><V98/><F130/><W120/><G33/><T28/><D106/><U125/><E31/><V102/><F42/><W83/><G112/><T88/><D34/><U84/><E121/><V14/><F60/><W114/><G114/><T12/><D111/><N who="1" m="42507" /><E125/><V68/><F68/><W15/><G107/><T73/><D73/><U56/><E69/><V48/><F48/><W91/><G64/><N who="0" m="24619" /><D131/><U27/><E27/><V81/><F79/><W63/><G63/><T72/><D72/><U86/><E56/><V7/><F7/><W127/><G127/><T52/><D45/><U122/><E122/><V76/><F76/><W95/><G75/><T23/><D4/><U43/><E65/><V129/><F129/><W0/><G0/><T20/><D12/><N who="1" m="5135" /><E10/><V44/><F102/><W103/><G103/><T47/><D47/><N who="1" m="24039" /><E84/><V119/><REACH who="2" step="1"/><F119/><REACH who="2" ten="232,151,306,301" step="2"/><W92/><G120/><T16/><D61/><U41/><E41/><V21/><AGARI ba="3,1" hai="14,19,21,44,49,50,54,55,58,74,78,81,96,98" machi="21" ten="20,18000,2" yaku="1,1,2,1,0,1,7,1,53,2" doraHai="90" doraHaiUra="94" who="2" fromWho="2" sc="232,-63,151,-63,306,199,301,-63" /><INIT seed="2,4,0,5,4,128" ten="169,88,505,238" oya="2" hai0="93,81,24,4,60,11,92,70,10,117,5,43,55" hai1="19,41,35,126,8,95,63,135,85,15,40,59,3" hai2="1,18,115,6,61,39,87,72,64,32,36,121,20" hai3="116,88,21,12,69,114,130,48,109,30,131,68,58"/><V119/><F72/><W71/><G116/><T49/><D117/><U111/><E35/><V13/><F32/><W31/><G109/><T102/><D43/><U86/><E111/><V112/><F119/><W104/><G104/><T65/><D24/><U54/><E126/><V42/><F121/><W78/><G78/><T38/><D38/><U108/><E108/><V123/><F123/><W76/><G76/><T106/><D81/><U9/><E135/><V52/><F36/><W90/><G114/><T107/><D107/><U97/><E3/><V23/><F23/><W103/><G103/><T120/><D106/><U14/><E40/><V0/><F0/><W79/><G79/><T122/><D122/><U44/><E44/><V62/><F1/><W98/><G12/><T83/><D83/><U133/><E133/><V129/><F129/><N who="3" m="49163" /><G98/><T28/><D102/><N who="1" m="60735" /><E41/><V84/><F112/><W46/><G58/><T45/><D120/><U75/><E75/><V33/><F6/><AGARI ba="4,0" hai="6,8,9,14,15,19,54,59,63,85,86" m="60735" machi="6" ten="30,1000,0" yaku="8,1" doraHai="128" who="1" fromWho="2" sc="169,0,88,22,505,-22,238,0" /><INIT seed="3,0,0,2,0,121" ten="169,110,483,238" oya="3" hai0="49,6,93,133,41,43,47,126,48,7,76,63,118" hai1="90,74,103,46,9,62,37,32,23,105,53,60,75" hai2="134,123,22,30,71,34,131,67,0,83,82,70,12" hai3="89,86,57,61,125,40,18,25,3,84,122,39,17"/><W77/><G122/><T15/><D118/><U31/><E23/><V113/><F34/><W112/><G112/><T42/><D133/><U8/><E90/><V20/><F0/><W119/><G119/><T110/><D126/><U58/><E8/><V78/><F123/><W28/><G125/><T85/><D63/><U65/><E9/><V130/><F134/><W120/><G3/><T117/><D110/><U52/><E37/><V13/><F67/><W50/><G39/><T135/><D135/><U54/><E46/><V56/><F56/><W59/><G77/><T114/><D114/><U51/><E51/><V55/><F55/><N who="3" m="31991" /><G40/><T29/><D29/><U129/><E129/><V98/><F113/><W69/><G69/><T66/><D66/><U124/><E124/><V45/><F78/><W14/><G84/><T26/><D117/><U35/><E60/><V4/><F45/><W94/><G14/><T96/><D15/><U36/><E36/><V10/><F98/><W115/><G115/><T33/><D43/><U21/><E32/><V97/><F97/><W108/><G108/><T132/><D132/><U128/><E128/><N who="2" m="49195" /><F70/><W101/><G101/><N who="0" m="60559" /><D42/><U102/><E35/><V24/><F71/><W80/><G120/><T5/><D33/><U64/><E64/><V79/><F79/><W99/><G99/><T38/><D26/><N who="1" m="16847" /><E105/><V92/><F92/><W107/><G94/><T11/><D11/><U91/><E91/><V100/><F100/><W87/><G107/><T116/><D116/><U19/><E19/><AGARI ba="0,0" hai="4,10,12,13,19,20,22,24,30,82,83" m="49195" machi="19" ten="30,1000,0" yaku="19,1" doraHai="121" who="2" fromWho="1" sc="169,0,110,-10,483,10,238,0" /><INIT seed="4,0,0,1,0,78" ten="169,100,493,238" oya="0" hai0="38,71,7,126,130,132,133,25,70,125,3,124,127" hai1="55,19,42,85,47,8,37,105,60,18,77,45,135" hai2="11,98,35,121,62,104,123,24,46,6,40,72,109" hai3="100,103,84,116,20,88,26,65,48,94,52,111,107"/><T113/><D127/><U2/><E105/><V93/><F104/><W53/><G111/><T30/><D38/><U49/><E135/><N who="0" m="51785" /><D113/><U102/><E102/><N who="3" m="38954" /><G116/><T91/><D91/><U36/><E60/><V61/><F109/><W51/><G107/><T22/><D130/><U43/><E2/><V90/><F72/><W33/><G33/><T119/><D119/><U82/><REACH who="1" step="1"/><E8/><AGARI ba="0,0" hai="3,7,8,22,25,30,70,71,124,125,126" m="51785" machi="8" ten="40,3900,0" yaku="18,1,20,1" doraHai="78" who="0" fromWho="1" sc="169,39,100,-39,493,0,238,0" /><INIT seed="4,1,0,3,1,57" ten="208,61,493,238" oya="0" hai0="59,36,2,63,80,30,60,66,13,75,28,19,99" hai1="37,107,110,33,39,126,51,70,90,67,43,46,14" hai2="50,55,77,68,95,74,73,11,78,130,45,26,49" hai3="108,129,133,32,94,131,115,10,53,40,120,103,113"/><T84/><D75/><U82/><E110/><V92/><F68/><W105/><G32/><T56/><D36/><U9/><E126/><V62/><F130/><N who="3" m="49675" /><G40/><T91/><D2/><U97/><E33/><V4/><F26/><W25/><G25/><T42/><D42/><U0/><E0/><V96/><F50/><W128/><G128/><T86/><D99/><U16/><E107/><V15/><F95/><W93/><G10/><N who="0" m="6583" /><D86/><U122/><E122/><V29/><F29/><W125/><G53/><AGARI ba="1,0" hai="28,30,53,56,59,60,63,66,80,84,91" m="6583" machi="53" ten="30,5800,0" yaku="8,1,52,2" doraHai="57" who="0" fromWho="3" sc="208,61,61,0,493,0,238,-61" /><INIT seed="4,2,0,5,0,103" ten="269,61,493,177" oya="0" hai0="59,26,84,75,108,43,41,64,93,21,56,72,54" hai1="31,115,19,119,45,55,107,112,53,62,102,49,8" hai2="4,105,124,113,46,76,28,88,128,91,0,104,73" hai3="117,83,100,32,58,111,68,44,70,90,12,11,80"/><T78/><D108/><U95/><E31/><V127/><F113/><N who="1" m="43593" /><E119/><V106/><F28/><W35/><G111/><T122/><D122/><U86/><E8/><N who="2" m="2055" /><F128/><W18/><G117/><T38/><D75/><U79/><E19/><V123/><F123/><W135/><G135/><T133/><D72/><U39/><E39/><V96/><F96/><W66/><G100/><T60/><D38/><U33/><E33/><V132/><F132/><W36/><G70/><T98/><D133/><U30/><E30/><V14/><F14/><W3/><G68/><T85/><D78/><U7/><E7/><V9/><F9/><W114/><G3/><T99/><D99/><N who="1" m="61919" /><E79/><V20/><F20/><W87/><G114/><T120/><D120/><U10/><E10/><V94/><F94/><W110/><G110/><T134/><D134/><U101/><E101/><V23/><F23/><W126/><G83/><T1/><D1/><U6/><E6/><V118/><F118/><W129/><G129/><T24/><D21/><U74/><E74/><V65/><F65/><W13/><G13/><T15/><D15/><U109/><E109/><V37/><F76/><W17/><G17/><T116/><D116/><U71/><E95/><V69/><F69/><W82/><G18/><T57/><D26/><U40/><E86/><N who="0" m="33385" /><D24/><U92/><E92/><V63/><F73/><W121/><G121/><T89/><D64/><AGARI ba="2,0" hai="40,45,49,53,55,62,64,71" m="61919,43593" machi="64" ten="30,3900,0" yaku="15,1,11,1,52,1" doraHai="103" who="1" fromWho="0" sc="269,-45,61,45,493,0,177,0" /><INIT seed="5,0,0,2,1,128" ten="224,106,493,177" oya="1" hai0="93,82,99,70,121,126,49,117,58,90,110,112,59" hai1="63,8,44,15,131,32,107,81,28,35,30,69,55" hai2="77,51,64,105,111,34,61,124,113,1,50,92,5" hai3="40,78,123,43,20,130,98,10,42,125,122,135,80"/><U68/><E131/><V84/><F105/><W66/><G130/><T108/><D117/><U83/><E107/><V120/><F34/><W16/><G125/><T39/><D39/><U46/><E55/><V87/><F1/><W116/><G116/><T38/><D38/><U25/><E15/><V12/><F111/><W57/><G98/><T2/><D70/><U18/><E18/><V9/><F120/><W33/><G10/><T75/><D112/><U4/><E8/><V74/><F74/><W115/><G33/><T13/><D2/><U94/><E94/><V73/><F73/><W29/><G29/><T97/><D75/><U52/><E52/><V109/><F109/><W45/><G115/><T23/><D126/><U62/><REACH who="1" step="1"/><E25/><REACH who="1" ten="224,96,493,177" step="2"/><V86/><F124/><W79/><G122/><T14/><D110/><U60/><E60/><V103/><F113/><W114/><G123/><T67/><D108/><U19/><E19/><V31/><F31/><W56/><G114/><T119/><D14/><U54/><E54/><V104/><F104/><W100/><G16/><T106/><D106/><U17/><E17/><V71/><F12/><W53/><G53/><T96/><D121/><U47/><E47/><V72/><F9/><W0/><G45/><T132/><D119/><U88/><E88/><V85/><F61/><W37/><G0/><T89/><D89/><U41/><E41/><V91/><F92/><W129/><G43/><T118/><D93/><U133/><E133/><V127/><F91/><W65/><G135/><T48/><D118/><U21/><E21/><V6/><F127/><RYUUKYOKU ba="0,1" sc="224,-10,96,30,493,-10,177,-10" hai1="4,28,30,32,35,44,46,62,63,68,69,81,83" /><INIT seed="5,1,1,2,3,35" ten="214,126,483,167" oya="1" hai0="7,33,47,14,68,115,114,95,38,106,86,132,5" hai1="121,0,99,32,29,48,118,15,124,64,42,92,55" hai2="133,71,112,2,17,52,13,46,57,96,135,21,102" hai3="12,45,116,82,44,127,122,61,77,113,126,30,4"/><U75/><E118/><V120/><F71/><W123/><G30/><T34/><D106/><U103/><E121/><N who="3" m="46090" /><G61/><T40/><D68/><U23/><E75/><V22/><F120/><W3/><G12/><T97/><D86/><U56/><E124/><N who="3" m="47658" /><G113/><N who="0" m="43019" /><D132/><N who="2" m="50762" /><F112/><W49/><G49/><T88/><D14/><U19/><E64/><V80/><F80/><W26/><G26/><T18/><D18/><U101/><E32/><AGARI ba="1,1" hai="5,7,32,33,34,38,40,47,88,95,97" m="43019" machi="32" ten="30,2000,0" yaku="15,1,54,1" doraHai="35" who="0" fromWho="1" sc="214,33,126,-23,483,0,167,0" /><INIT seed="6,0,0,2,3,15" ten="247,103,483,167" oya="2" hai0="31,119,45,120,76,63,51,128,7,96,3,70,113" hai1="42,17,54,125,9,78,68,108,1,59,83,81,18" hai2="129,89,105,20,115,61,84,117,12,11,103,46,47" hai3="132,98,0,99,10,79,107,106,44,91,82,73,29"/><V135/><F117/><W57/><G29/><T38/><D113/><U26/><E108/><V110/><F115/><W55/><G132/><T56/><D128/><U22/><E68/><V16/><F135/><W133/><G133/><T60/><D38/><U21/><E125/><V118/><F118/><W30/><G30/><T101/><D120/><U13/><E42/><V122/><F122/><W95/><G44/><T90/><D76/><U123/><E123/><V58/><F129/><W127/><G127/><T134/><D90/><U32/><E32/><V87/><F87/><W71/><G71/><T36/><D36/><U102/><E102/><V2/><F110/><W37/><G37/><T41/><D31/><U64/><E64/><V23/><F105/><W5/><REACH who="3" step="1"/><G98/><REACH who="3" ten="247,103,483,157" step="2"/><T92/><D96/><U27/><E1/><V100/><F2/><W130/><G130/><T48/><D3/><U97/><E97/><V69/><F69/><W126/><G126/><T65/><D70/><U33/><E33/><V6/><F47/><W72/><G72/><T131/><D131/><U49/><E78/><V80/><F46/><W114/><G114/><T109/><D134/><U28/><AGARI ba="0,1" hai="9,13,17,18,21,22,26,27,28,49,54,59,81,83" machi="28" ten="20,8000,1" yaku="0,1,7,1,8,1,52,2" doraHai="15" who="1" fromWho="1" sc="247,-20,103,90,483,-40,157,-20" /><INIT seed="7,0,0,0,5,47" ten="227,193,443,137" oya="3" hai0="114,85,66,77,22,46,6,44,124,55,8,107,51" hai1="65,1,26,11,125,23,93,56,110,32,98,57,88" hai2="112,30,60,105,42,120,35,123,80,135,36,64,109" hai3="102,119,14,90,101,34,70,108,69,116,50,25,12"/><W61/><G108/><T20/><D107/><U45/><E110/><V121/><F112/><W106/><G90/><T99/><D124/><U0/><E32/><V87/><F105/><W132/><G106/><T100/><D66/><U7/><E125/><V131/><F135/><W16/><G132/><T28/><D28/><U133/><E133/><V118/><F118/><W37/><G37/><T97/><D46/><U59/><E45/><N who="2" m="23751" /><F131/><W49/><G61/><T15/><D114/><U19/><REACH who="1" step="1"/><E65/><REACH who="1" ten="227,183,443,137" step="2"/><V130/><F109/><W75/><G34/><T103/><D44/><U31/><E31/><V38/><F30/><W127/><G127/><T39/><D39/><U2/><AGARI ba="0,1" hai="0,1,2,7,11,19,23,26,56,57,59,88,93,98" machi="2" ten="30,4000,0" yaku="1,1,0,1,54,1,53,0" doraHai="47" doraHaiUra="122" who="1" fromWho="1" sc="227,-10,183,50,443,-10,137,-20" owari="217,-18.0,233,3.0,433,53.0,117,-38.0" /></mjloggm>