<mjloggm ver="2.3"><GO type="41" lobby="0"/><UN n0="%E8%96%84%E5%A2%A8%E5%88%9D%E7%BE%8E" n1="%E2%93%9D%53%75%70%68%78" n2="%E3%83%A9%E3%82%AA%E3%82%B5%E3%83%90%E3%82%AA" n3="%59%4D" dan="15,18,14,14" rate="1996.57,2154.62,1891.60,1999.49" sx="F,M,M,M"/><TAIKYOKU oya="0"/><INIT seed="0,0,0,2,2,109" ten="250,250,250,250" oya="0" hai0="120,121,9,13,66,86,77,92,34,85,65,115,0" hai1="90,28,14,42,83,52,63,44,15,5,89,36,105" hai2="104,55,126,31,110,40,94,97,6,128,88,72,133" hai3="3,8,29,95,38,79,18,122,62,24,68,100,37"/><T58/><D34/><U11/><E105/><V41/><F72/><W113/><G113/><T103/><D0/><U54/><E28/><V69/><F110/><W108/><G108/><T78/><D115/><U20/><E63/><V114/><F69/><W117/><G117/><T75/><D75/><U47/><E83/><V57/><F133/><W96/><G79/><N who="0" m="30219" /><D120/><U134/><E134/><V80/><F128/><W106/><G95/><T51/><D121/><U56/><E47/><V30/><F126/><W10/><G18/><N who="0" m="8495" /><D103/><U16/><REACH who="1" step="1"/><E56/><REACH who="1" ten="250,240,250,250" step="2"/><V123/><F80/><W45/><G122/><T12/><D58/><U107/><E107/><V111/><F123/><W32/><G45/><T102/><D51/><U2/><E2/><V132/><F111/><W48/><G48/><T73/><D73/><U129/><E129/><V91/><F104/><W127/><G127/><T116/><D116/><U67/><E67/><N who="0" m="25609" /><D12/><U23/><E23/><V61/><F132/><W124/><G124/><T93/><D93/><U35/><E35/><V84/><F114/><W74/><G3/><T49/><D49/><U4/><E4/><V82/><F6/><W39/><G74/><T26/><D26/><U71/><E71/><V1/><F1/><W87/><G106/><T7/><D7/><U119/><E119/><V118/><F118/><W33/><G32/><T99/><AGARI ba="0,1" hai="85,86,92,99,102" m="25609,8495,30219" machi="99" ten="30,1500,0" yaku="8,1" doraHai="109" who="0" fromWho="0" sc="250,25,240,-5,250,-5,250,-5" /><INIT seed="0,1,0,2,2,55" ten="275,235,245,245" oya="0" hai0="111,42,95,56,66,115,59,39,25,110,103,119,0" hai1="34,74,109,17,94,107,48,21,99,27,20,13,65" hai2="15,7,70,73,50,88,96,51,19,81,30,126,43" hai3="91,64,83,69,29,84,89,90,122,135,52,35,8"/><T12/><D115/><U79/><E109/><N who="0" m="41481" /><D119/><U82/><E107/><V57/><F70/><W9/><G135/><T1/><D66/><U60/><E34/><V108/><F108/><W16/><G122/><T104/><D104/><U80/><E48/><V132/><F7/><W38/><G38/><T6/><D25/><U92/><E82/><V32/><F132/><W100/><G100/><T4/><D42/><U93/><E21/><V134/><F134/><W131/><G131/><T116/><D39/><U133/><E133/><V120/><F126/><W68/><G35/><T117/><D117/><U98/><REACH who="1" step="1"/><E27/><REACH who="1" ten="275,225,245,245" step="2"/><V54/><F32/><W76/><G83/><T23/><D116/><U61/><E61/><V106/><F106/><W53/><G9/><N who="0" m="4135" /><D23/><U14/><E14/><V3/><F81/><W128/><G8/><N who="0" m="2119" /><D1/><U124/><E124/><V86/><F3/><W24/><G24/><T46/><D46/><U72/><E72/><V101/><F73/><W31/><G128/><T36/><D36/><U58/><AGARI ba="1,1" hai="13,17,20,58,60,65,74,79,80,92,93,94,98,99" machi="58" ten="30,4000,0" yaku="1,1,0,1,52,1,53,0" doraHai="55" doraHaiUra="118" who="1" fromWho="1" sc="275,-21,225,53,245,-11,245,-11" /><INIT seed="1,0,0,2,5,48" ten="254,278,234,234" oya="1" hai0="105,102,111,16,110,50,8,72,43,104,80,109,2" hai1="0,119,63,29,88,84,13,103,73,18,74,126,91" hai2="130,66,68,21,107,4,45,83,30,127,94,95,112" hai3="124,31,134,34,56,7,101,78,100,10,33,27,44"/><U17/><E0/><V90/><F130/><W132/><G124/><T26/><D102/><U42/><E119/><V69/><F107/><W92/><G78/><N who="0" m="44103" /><D2/><U75/><E29/><V1/><F127/><W41/><G34/><T24/><D24/><U47/><E126/><V49/><F112/><W97/><G56/><T53/><D43/><U131/><E131/><V135/><F135/><W11/><G101/><T12/><D26/><U57/><E103/><V23/><F30/><W67/><G67/><T28/><D28/><U118/><E118/><V38/><F38/><W82/><G82/><T93/><D93/><U122/><E122/><V98/><F83/><W20/><G20/><T123/><D123/><U70/><E70/><V15/><F94/><W77/><G77/><T51/><D51/><U86/><E42/><V58/><F1/><W76/><G76/><T62/><D62/><U32/><E32/><V96/><F68/><W71/><G71/><T85/><D85/><U55/><E47/><AGARI ba="0,0" hai="8,12,16,47,50,53,104,105,109,110,111" m="44103" machi="47" ten="30,3900,0" yaku="14,1,52,1,54,1" doraHai="48" who="0" fromWho="1" sc="254,39,278,-39,234,0,234,0" /><INIT seed="2,0,0,2,2,77" ten="293,239,234,234" oya="2" hai0="14,102,129,15,58,119,17,67,25,42,107,68,32" hai1="54,6,20,118,105,21,92,69,38,114,60,49,65" hai2="1,70,121,113,22,94,78,53,10,96,9,47,37" hai3="24,112,124,127,66,90,52,35,72,3,98,83,122"/><V28/><F121/><W135/><G3/><T19/><D119/><U40/><E105/><V34/><F70/><W7/><G122/><T76/><D58/><U85/><E114/><V18/><F34/><W36/><G36/><T134/><D134/><U80/><E118/><V128/><F128/><W87/><G7/><T61/><D129/><U84/><E6/><V88/><F1/><W12/><G12/><T110/><D110/><U57/><E85/><V8/><F28/><W99/><G72/><T100/><D42/><U86/><E86/><V73/><F113/><W5/><G5/><T81/><D14/><U116/><E92/><V123/><F123/><W4/><G4/><T97/><D100/><U44/><REACH who="1" step="1"/><E116/><REACH who="1" ten="293,229,234,234" step="2"/><V82/><F37/><W56/><G112/><T111/><D111/><U126/><E126/><N who="3" m="48170" /><G135/><T71/><D15/><U93/><E93/><V39/><F39/><W50/><G66/><T2/><D2/><U59/><E59/><V30/><F30/><AGARI ba="0,1" hai="24,30,35,50,52,56,83,87,90,98,99" m="48170" machi="30" ten="30,3900,0" yaku="18,1,52,1,54,1" doraHai="77" who="3" fromWho="2" sc="293,0,229,0,234,-39,234,49" /><INIT seed="3,0,0,5,3,69" ten="293,229,195,283" oya="3" hai0="74,68,107,119,85,89,134,42,19,73,127,35,36" hai1="86,81,125,37,47,122,41,58,15,54,103,92,56" hai2="63,21,9,98,7,135,82,29,48,44,94,102,76" hai3="1,124,28,96,4,104,90,43,70,129,113,67,50"/><W62/><G113/><T128/><RYUUKYOKU type="yao9" ba="0,0" sc="293,0,229,0,195,0,283,0" hai0="19,35,36,42,68,73,74,85,89,107,119,127,128,134" /><INIT seed="3,1,0,4,3,45" ten="293,229,195,283" oya="3" hai0="97,11,130,41,102,75,76,19,4,99,57,108,84" hai1="51,79,103,120,10,78,66,123,87,48,3,93,100" hai2="8,68,56,116,25,32,49,71,72,83,91,109,86" hai3="58,70,59,37,12,31,52,5,23,113,64,34,111"/><W16/><G113/><T82/><D108/><U20/><E66/><V28/><F116/><W14/><G37/><T135/><D130/><U107/><E20/><V29/><F109/><W26/><G111/><T128/><D128/><U88/><E3/><V36/><F36/><W60/><G5/><T95/><D135/><U115/><E10/><V134/><F134/><W81/><G81/><T101/><D41/><U105/><E115/><V44/><F72/><W24/><G70/><T33/><D33/><U54/><E54/><V73/><F73/><W18/><G18/><T121/><D121/><U43/><E43/><V40/><F8/><W35/><REACH who="3" step="1"/><G34/><REACH who="3" ten="293,229,195,273" step="2"/><T0/><D19/><U125/><E123/><V85/><F29/><W98/><G98/><T129/><D129/><U9/><E120/><V2/><F2/><W15/><G15/><T94/><D75/><U90/><E87/><V80/><REACH who="2" step="1"/><F56/><AGARI ba="1,1" hai="0,4,11,56,57,76,82,84,94,95,97,99,101,102" machi="56" ten="40,1300,0" yaku="9,1" doraHai="45" who="0" fromWho="2" sc="293,26,229,0,195,-16,273,0" /><INIT seed="4,0,0,1,5,43" ten="319,229,179,273" oya="0" hai0="86,125,99,87,25,10,16,116,92,29,107,64,22" hai1="12,7,13,0,33,94,21,115,79,15,62,70,48" hai2="58,38,109,118,80,121,133,24,49,78,102,52,101" hai3="65,27,30,34,124,77,46,1,110,67,108,61,42"/><T81/><D116/><U134/><E79/><V91/><F121/><W135/><G135/><T96/><D125/><U31/><E70/><V26/><F109/><W23/><G124/><T63/><D107/><U132/><E62/><V57/><F38/><W11/><G77/><T117/><D117/><U19/><E94/><V106/><F133/><N who="1" m="51305" /><E48/><V83/><F106/><W71/><G67/><T88/><D10/><N who="1" m="2407" /><E115/><V104/><F104/><W2/><G23/><T51/><D51/><U73/><E73/><V105/><F105/><W47/><G47/><T59/><D29/><U9/><E9/><V127/><F127/><W100/><G100/><T85/><D96/><U129/><E129/><V44/><F118/><W8/><G8/><T3/><D3/><N who="3" m="1033" /><G11/><T98/><D98/><U50/><E50/><V126/><F126/><W55/><G55/><T45/><REACH who="0" step="1"/><D45/><REACH who="0" ten="309,229,179,273" step="2"/><U122/><E122/><V131/><F131/><W114/><G114/><T14/><D14/><U40/><E40/><V28/><F28/><W112/><G112/><T20/><D20/><U6/><E6/><V68/><F44/><W36/><AGARI ba="0,1" hai="27,30,34,36,42,46,61,65,71,108,110" m="1033" machi="36" ten="30,2000,0" yaku="23,1,52,1" doraHai="43" who="3" fromWho="3" sc="309,-10,229,-5,179,-5,273,30" /><INIT seed="5,0,0,4,4,97" ten="299,224,174,303" oya="1" hai0="83,65,2,108,109,44,17,15,55,107,5,58,25" hai1="104,121,86,43,126,20,37,132,106,12,63,81,60" hai2="49,115,38,67,9,82,59,61,120,3,71,7,84" hai3="66,89,23,39,135,30,113,11,53,117,29,4,116"/><U50/><E121/><V74/><F120/><W24/><G39/><T64/><D107/><U0/><E0/><V10/><F115/><W111/><G66/><T110/><D2/><U32/><E32/><V93/><F10/><W1/><G111/><T100/><D5/><U105/><E37/><V22/><F22/><W6/><G53/><T95/><D25/><U122/><E132/><V98/><F74/><W33/><G89/><T69/><D44/><U124/><E122/><V68/><F49/><W92/><G92/><T26/><D26/><U52/><E43/><V77/><REACH who="2" step="1"/><F38/><REACH who="2" ten="299,224,164,303" step="2"/><W96/><G113/><T41/><D108/><U114/><E114/><V119/><F119/><W54/><G117/><T73/><D109/><U34/><E34/><V88/><AGARI ba="0,1" hai="3,7,9,59,61,67,68,71,77,82,84,88,93,98" machi="88" ten="20,5200,0" yaku="1,1,0,1,7,1,54,1,53,0" doraHai="97" doraHaiUra="48" who="2" fromWho="2" sc="299,-13,224,-26,164,62,303,-13" /><INIT seed="6,0,0,2,0,90" ten="286,198,226,290" oya="2" hai0="0,105,3,21,6,34,118,99,60,91,114,26,104" hai1="18,110,69,101,54,72,63,121,11,32,57,77,73" hai2="2,132,86,122,130,45,124,1,131,39,102,67,125" hai3="10,9,36,17,97,87,68,56,20,23,33,100,120"/><V25/><F122/><W113/><G120/><T16/><D118/><U4/><E121/><V65/><F25/><W94/><G68/><T44/><D114/><U62/><E110/><V49/><F102/><W127/><G36/><T93/><D34/><U12/><E32/><V78/><F78/><W115/><G127/><N who="2" m="48713" /><F86/><W123/><G123/><T129/><D129/><N who="2" m="49162" /><F39/><W14/><G33/><T107/><D6/><U92/><E77/><V8/><F8/><W126/><G126/><T70/><REACH who="0" step="1"/><D44/><REACH who="0" ten="276,198,226,290" step="2"/><U61/><E4/><V35/><F35/><W7/><G113/><T42/><D42/><U83/><E69/><V24/><F24/><W15/><G115/><T84/><D84/><U51/><REACH who="1" step="1"/><E83/><REACH who="1" ten="276,188,226,290" step="2"/><V135/><F1/><W76/><G7/><T41/><D41/><U46/><E46/><V52/><F2/><W64/><G76/><T43/><D43/><U111/><E111/><V119/><F119/><W28/><G87/><T22/><D22/><U85/><E85/><V59/><F45/><W29/><G23/><T66/><AGARI ba="0,2" hai="0,3,16,21,26,60,66,70,91,93,99,104,105,107" machi="66" ten="40,8000,1" yaku="1,1,0,1,52,1,54,1,53,0" doraHai="90" doraHaiUra="53" who="0" fromWho="0" sc="276,100,188,-20,226,-40,290,-20" /><INIT seed="7,0,0,1,4,14" ten="376,168,186,270" oya="3" hai0="10,94,113,48,20,11,50,89,112,17,62,111,0" hai1="46,12,115,59,99,74,106,132,16,90,101,24,31" hai2="13,2,9,42,30,96,131,28,97,41,64,123,61" hai3="116,130,119,7,107,129,68,44,57,133,78,124,91"/><W33/><G107/><T5/><D111/><U104/><E74/><V25/><F2/><W95/><G33/><T37/><D37/><U84/><E115/><N who="0" m="44105" /><D10/><U79/><E79/><V15/><F131/><N who="3" m="50187" /><G68/><T23/><D62/><U38/><E132/><V45/><F123/><W125/><G7/><T36/><D36/><U72/><E72/><V85/><F85/><N who="3" m="52719" /><G44/><T77/><D77/><U128/><E128/><V71/><F42/><W110/><G57/><T26/><D20/><U100/><E59/><V135/><F13/><W27/><G27/><T6/><D6/><U67/><E46/><V70/><F28/><W40/><G40/><T55/><D55/><U75/><E67/><V87/><F87/><AGARI ba="0,0" hai="0,5,11,17,23,26,48,50,87,89,94" m="44105" machi="87" ten="30,3900,0" yaku="15,1,11,1,52,1" doraHai="14" who="0" fromWho="2" sc="376,39,168,0,186,-39,270,0" owari="415,51.0,168,-23.0,147,-35.0,270,7.0" /></mjloggm>