<mjloggm ver="2.3"><GO type="41" lobby="0"/><UN n0="%E2%93%9D%53%75%70%68%78" n1="%E3%82%8A%E3%81%A1%E3%82%85%E3%81%86%E3%81%A9%E3%81%86" n2="%E6%9C%AA%E5%8B%9D%E5%88%A9%E5%B0%82" n3="%E6%9F%8A" dan="18,14,15,14" rate="2092.21,2020.35,2036.99,1924.94" sx="M,M,M,M"/><TAIKYOKU oya="0"/><INIT seed="0,0,0,4,5,63" ten="250,250,250,250" oya="0" hai0="58,0,131,46,20,28,3,75,24,8,59,77,132" hai1="23,102,57,34,13,98,71,135,15,114,38,70,7" hai2="27,53,16,22,113,128,79,86,104,103,49,123,93" hai3="80,66,52,106,12,107,96,97,72,112,50,10,41"/><T134/><D131/><U67/><E38/><V56/><F113/><W65/><G107/><T1/><D8/><U26/><E34/><V92/><F123/><W101/><G41/><T109/><D109/><U61/><E135/><N who="0" m="51753" /><D46/><U45/><E114/><V4/><F128/><W35/><G35/><T5/><D5/><U121/><E121/><V19/><F4/><W33/><G33/><T39/><D39/><U110/><E110/><V108/><F108/><W133/><G112/><T90/><D90/><U62/><E45/><V47/><F19/><W37/><G37/><T48/><D48/><U32/><E71/><V43/><F104/><W127/><G127/><T42/><D42/><U100/><E100/><V89/><F103/><W64/><G133/><T25/><D25/><U29/><E7/><V99/><F79/><W116/><G116/><T120/><D120/><U82/><E82/><AGARI ba="0,0" hai="0,1,3,20,24,28,58,59,75,77,82" m="51753" machi="82" ten="40,2000,0" yaku="20,1" doraHai="63" who="0" fromWho="1" sc="250,20,250,-20,250,0,250,0" /><INIT seed="0,1,0,5,2,102" ten="270,230,250,250" oya="0" hai0="115,127,112,83,63,49,6,71,92,5,133,134,57" hai1="131,40,18,103,64,89,124,51,53,14,132,104,41" hai2="120,11,98,62,48,93,75,78,113,73,26,21,36" hai3="96,52,50,100,66,27,107,46,60,122,10,0,128"/><T55/><D92/><U125/><E64/><V39/><F120/><W91/><G128/><T15/><D83/><U1/><E1/><V9/><F48/><W70/><G122/><T54/><D15/><U90/><E131/><V37/><F113/><N who="0" m="43594" /><D6/><U22/><E132/><N who="0" m="50793" /><D5/><U33/><E33/><V12/><F62/><W72/><G72/><T42/><D127/><N who="1" m="48715" /><E89/><V121/><F121/><W116/><G116/><T56/><D42/><U76/><E90/><V105/><F78/><W43/><G91/><T126/><D126/><U85/><E85/><V106/><F12/><W84/><G84/><T25/><D25/><U94/><E94/><V30/><F93/><W95/><G95/><T32/><D32/><U38/><E76/><V47/><F98/><W97/><G97/><T58/><D55/><U69/><E41/><V20/><F26/><W17/><G0/><T79/><D79/><U135/><E40/><V87/><F87/><W82/><G82/><T119/><D119/><U2/><E2/><V67/><F30/><W19/><G10/><T13/><D13/><U7/><E7/><V65/><F36/><W23/><G43/><T101/><D101/><U68/><E38/><V117/><REACH who="2" step="1"/><F117/><REACH who="2" ten="270,230,240,250" step="2"/><W8/><G8/><T99/><D99/><N who="1" m="61567" /><E135/><V31/><F31/><AGARI ba="1,1" hai="17,19,23,27,31,46,50,52,60,66,70,96,100,107" machi="31" ten="30,3900,0" yaku="7,1,52,1,54,1" doraHai="102" who="3" fromWho="2" sc="270,0,230,0,240,-42,250,52" /><INIT seed="1,0,0,5,4,39" ten="270,230,198,302" oya="1" hai0="32,62,15,84,36,87,35,56,125,29,42,95,100" hai1="86,126,94,107,89,50,101,49,38,78,117,119,123" hai2="46,16,130,6,104,72,59,77,3,127,10,98,76" hai3="67,74,93,113,8,25,44,40,120,116,2,37,24"/><U96/><E38/><V132/><F127/><W133/><G120/><T41/><D36/><U68/><E68/><V92/><F132/><W13/><G113/><T7/><D35/><U11/><E123/><V31/><F130/><W64/><G133/><T54/><D32/><U22/><E126/><V111/><F104/><W60/><G116/><T17/><D29/><U12/><E22/><V80/><F111/><W48/><G2/><T5/><D125/><U34/><E34/><V82/><F31/><W102/><G74/><T110/><D110/><U109/><E109/><V99/><F59/><N who="3" m="36895" /><G67/><T20/><D87/><U55/><E78/><V114/><F114/><W1/><G1/><T45/><D45/><U79/><E79/><V27/><F46/><W19/><G37/><T112/><D112/><U51/><REACH who="1" step="1"/><E55/><REACH who="1" ten="270,220,198,302" step="2"/><V108/><F108/><W28/><G28/><T134/><D134/><U9/><E9/><V61/><F77/><W91/><G102/><T47/><D100/><U88/><E88/><V105/><F76/><W33/><G33/><T103/><D103/><U135/><E135/><V52/><F72/><W121/><G121/><T14/><D54/><U30/><E30/><V118/><F52/><W97/><AGARI ba="0,1" hai="8,13,19,24,25,40,44,48,91,93,97" m="36895" machi="97" ten="30,2000,0" yaku="8,1,52,1" doraHai="39" who="3" fromWho="3" sc="270,-5,220,-10,198,-5,302,30" /><INIT seed="2,0,0,3,4,103" ten="265,210,193,332" oya="2" hai0="3,5,56,53,130,116,59,32,129,127,111,62,91" hai1="54,74,84,82,83,115,35,58,88,102,133,96,28" hai2="92,93,120,1,57,11,29,122,60,113,51,27,131" hai3="48,22,119,104,6,108,52,126,63,68,105,43,123"/><V135/><F113/><W7/><G123/><T78/><D78/><U128/><E115/><V20/><F131/><N who="0" m="50186" /><D32/><U38/><E38/><V31/><F135/><W77/><G77/><T112/><D112/><U34/><E133/><V61/><F51/><W45/><G119/><T12/><D3/><U99/><E74/><V81/><F81/><W55/><G126/><T21/><D111/><U121/><E121/><V49/><F49/><W101/><G108/><T118/><D91/><U86/><E99/><V114/><F114/><W15/><G101/><T36/><D21/><U0/><E0/><V19/><F31/><W9/><G7/><T23/><D36/><U2/><E28/><V109/><F109/><W37/><G22/><T8/><D23/><U10/><E10/><V13/><F1/><W85/><G85/><T79/><D79/><U125/><E2/><V46/><F46/><W16/><G6/><T98/><D98/><U117/><E117/><N who="0" m="45161" /><D59/><U30/><E30/><V73/><F73/><W90/><G90/><T4/><D4/><U124/><E128/><V97/><F93/><W89/><G89/><T42/><D42/><U40/><E40/><V14/><F14/><W70/><G70/><T24/><D24/><U25/><E25/><V64/><REACH who="2" step="1"/><F61/><REACH who="2" ten="265,210,183,332" step="2"/><W95/><G95/><T18/><D127/><N who="1" m="48715" /><E82/><V80/><F80/><W17/><G37/><T87/><D87/><U33/><E86/><V71/><F71/><W67/><G68/><T69/><D69/><U39/><E39/><V44/><F44/><W66/><G45/><T65/><D5/><U107/><E35/><RYUUKYOKU ba="0,1" sc="265,10,210,10,183,10,332,-30" hai0="8,12,18,53,56,62,65" hai1="33,34,54,58,83,84,88,96,102,107" hai2="11,13,19,20,27,29,57,60,64,92,97,120,122" /><INIT seed="2,1,1,5,2,93" ten="275,220,193,302" oya="2" hai0="106,118,53,55,17,31,6,108,76,26,0,127,99" hai1="89,9,63,80,88,29,116,14,95,28,84,131,34" hai2="92,74,59,72,24,70,121,58,90,122,111,86,32" hai3="69,71,51,35,78,62,56,87,104,36,110,27,133"/><V100/><F70/><W13/><G36/><T33/><D108/><U129/><E116/><V79/><F111/><W73/><G73/><T57/><D127/><U117/><E117/><V19/><F74/><W45/><G110/><T68/><D118/><U41/><E41/><V107/><F121/><W65/><G133/><T113/><D76/><U119/><E119/><V105/><F122/><W103/><G13/><T128/><D128/><N who="1" m="49227" /><E63/><V91/><F91/><W39/><G69/><T50/><D113/><U123/><E34/><V23/><F32/><W2/><G2/><T3/><D6/><N who="1" m="3383" /><E123/><V22/><F100/><W125/><G125/><T11/><D68/><U44/><E44/><V124/><F124/><W21/><G35/><T75/><D55/><U20/><E20/><V42/><F42/><W48/><G39/><T83/><D53/><U25/><E25/><V109/><F109/><W61/><G71/><T16/><D26/><U1/><E1/><V132/><F23/><W47/><G62/><T85/><D3/><U67/><E67/><V94/><F132/><W18/><G45/><T5/><D33/><U130/><N who="1" m="49235" /><U37/><DORA hai="7" /><E37/><V15/><F24/><W49/><G47/><T101/><D50/><U135/><E135/><V81/><REACH who="2" step="1"/><F94/><REACH who="2" ten="275,220,183,302" step="2"/><W126/><G126/><T82/><D75/><U77/><E89/><V40/><F40/><W97/><G78/><T52/><D101/><U96/><AGARI ba="1,2" hai="28,29,77,80,84,88,95,96" m="3383,49235" machi="96" ten="40,8000,1" yaku="19,1,52,2,54,1" doraHai="93,7" who="1" fromWho="1" sc="275,-21,220,103,183,-41,302,-21" /><INIT seed="3,0,0,2,5,123" ten="254,323,142,281" oya="3" hai0="49,24,126,65,0,72,92,60,48,131,44,27,18" hai1="11,58,100,77,42,66,106,47,86,102,38,10,16" hai2="103,111,23,113,31,36,95,82,122,30,67,2,26" hai3="9,32,21,45,79,34,105,87,93,115,91,116,125"/><W68/><G68/><T117/><D117/><U130/><E106/><V85/><F113/><W4/><G105/><T63/><D72/><U90/><E130/><V81/><F36/><W55/><G116/><T132/><D0/><U99/><E77/><V133/><F122/><W52/><G125/><T134/><D92/><U54/><E66/><V108/><F2/><W76/><G34/><T51/><D18/><U41/><E41/><V53/><F133/><N who="0" m="51306" /><D131/><U5/><E5/><V29/><F53/><W25/><G32/><T50/><D126/><U57/><E10/><V84/><F67/><W14/><G115/><T78/><D78/><N who="3" m="29737" /><G45/><T69/><D63/><U59/><E54/><AGARI ba="0,0" hai="24,27,44,48,49,50,51,54,60,65,69" m="51306" machi="54" ten="30,1000,0" yaku="20,1" doraHai="123" who="0" fromWho="1" sc="254,10,323,-10,142,0,281,0" /><INIT seed="4,0,0,5,5,80" ten="264,313,142,281" oya="0" hai0="125,93,67,123,22,19,112,68,23,101,16,109,45" hai1="84,62,44,122,113,37,120,115,117,35,69,129,11" hai2="40,60,65,18,13,27,4,43,51,95,106,49,114" hai3="71,85,72,98,8,97,75,7,31,74,118,89,127"/><T10/><D123/><U14/><E35/><V83/><F106/><W53/><G71/><T25/><D112/><N who="1" m="43083" /><E37/><V58/><F114/><W30/><G127/><T102/><D125/><U103/><E103/><V57/><F4/><W81/><G118/><T86/><D109/><U1/><E1/><V104/><F104/><W107/><G97/><T94/><D68/><U121/><E117/><V92/><F27/><W50/><G98/><T48/><D10/><U3/><E3/><V91/><F83/><W29/><G107/><T126/><D67/><N who="1" m="41207" /><E44/><V21/><F95/><W28/><N who="3" m="7168" /><DORA hai="55" /><W33/><G33/><T116/><D126/><U46/><E46/><V64/><F51/><W76/><G76/><T36/><D36/><U135/><E135/><V119/><F119/><W63/><G63/><T41/><D116/><U133/><E133/><V79/><F79/><W15/><REACH who="3" step="1"/><G72/><REACH who="3" ten="264,313,142,271" step="2"/><T59/><D102/><U96/><E96/><N who="2" m="57375" /><F65/><W90/><G90/><N who="0" m="53463" /><D101/><U24/><E121/><V34/><F34/><W124/><G124/><T5/><D48/><U26/><E120/><V82/><F82/><W54/><G54/><AGARI ba="0,1" hai="13,18,21,40,43,49,54,57,58,60,64" m="57375" machi="54" ten="30,3900,0" yaku="8,1,52,2" doraHai="80,55" who="2" fromWho="3" sc="264,0,313,0,142,49,271,-39" /><INIT seed="5,0,0,2,3,89" ten="264,313,191,232" oya="1" hai0="129,90,121,35,115,3,48,103,80,96,13,83,69" hai1="106,46,25,45,70,28,116,56,20,91,120,12,66" hai2="40,88,34,11,87,7,100,73,42,108,61,79,84" hai3="92,19,57,4,43,44,9,65,1,97,72,99,133"/><U27/><E106/><V117/><F108/><W101/><G133/><T59/><D3/><U53/><E120/><V94/><F34/><W111/><G111/><T109/><D69/><U134/><E116/><V76/><F117/><W63/><G72/><T110/><D35/><U128/><E128/><V81/><F79/><W62/><G62/><T10/><D115/><U23/><E70/><V36/><F61/><W47/><G43/><T58/><D129/><U50/><E66/><V135/><F135/><W0/><G0/><T15/><D90/><U32/><E32/><V124/><F124/><W55/><G65/><T49/><D96/><U6/><E91/><V82/><F100/><W17/><G17/><T114/><D10/><N who="1" m="4183" /><E134/><V75/><F75/><W29/><G29/><AGARI ba="0,0" hai="20,23,25,27,28,29,45,46,50,53,56" m="4183" machi="29" ten="30,1500,0" yaku="8,1" doraHai="89" who="1" fromWho="3" sc="264,0,313,15,191,0,232,-15" /><INIT seed="5,1,0,1,2,121" ten="264,328,191,217" oya="1" hai0="88,44,65,13,41,107,117,19,4,0,12,50,129" hai1="72,25,95,1,92,64,63,101,62,22,90,106,80" hai2="57,37,56,39,94,103,47,132,112,97,108,52,75" hai3="110,17,128,54,31,134,53,89,82,126,66,71,51"/><U30/><E1/><V16/><F75/><W123/><G31/><T9/><D107/><U74/><E63/><V118/><F118/><W32/><G89/><T45/><D117/><U35/><E92/><V96/><F132/><W67/><G82/><T55/><D129/><U120/><E120/><V113/><F47/><W18/><G18/><T122/><D122/><U114/><E114/><N who="2" m="44139" /><F57/><W11/><G11/><T7/><D0/><U34/><E74/><V84/><F84/><W130/><G17/><T85/><D65/><N who="3" m="24585" /><G32/><T77/><D77/><U8/><E8/><V61/><F97/><W70/><G123/><T36/><REACH who="0" step="1"/><D13/><REACH who="0" ten="254,328,191,217" step="2"/><U78/><E106/><V33/><F33/><W23/><G134/><T3/><D3/><U99/><REACH who="1" step="1"/><E90/><REACH who="1" ten="254,318,191,217" step="2"/><V135/><F135/><W40/><G128/><T125/><D125/><U105/><E105/><V116/><F116/><W79/><G126/><T100/><D100/><U20/><E20/><V43/><F103/><W27/><G23/><T98/><D98/><U46/><E46/><V68/><F96/><W111/><G130/><T76/><D76/><U21/><E21/><V91/><F91/><W15/><G79/><T60/><D60/><U58/><AGARI ba="1,2" hai="22,25,30,34,35,58,62,64,72,78,80,95,99,101" machi="58" ten="20,12000,1" yaku="1,1,0,1,7,1,25,2,53,0" doraHai="121" doraHaiUra="38" who="1" fromWho="1" sc="254,-41,318,143,191,-41,217,-41" /><INIT seed="5,2,0,1,4,111" ten="213,461,150,176" oya="1" hai0="109,100,65,26,23,76,133,58,25,28,10,50,95" hai1="105,79,83,114,48,81,38,126,51,80,70,47,82" hai2="99,97,90,18,130,77,31,86,96,106,66,46,21" hai3="93,11,7,68,73,84,98,92,37,40,30,13,101"/><U128/><E105/><V108/><F108/><W72/><G68/><T61/><D133/><U35/><E35/><V36/><F66/><W132/><G132/><T44/><D109/><U20/><E70/><V69/><F69/><W63/><G30/><T5/><D26/><U123/><E123/><V113/><F31/><W41/><G37/><T87/><D76/><U15/><E38/><V56/><F77/><W127/><G127/><T88/><D100/><U64/><E64/><V115/><F106/><W75/><G63/><T74/><D74/><U45/><E126/><V60/><F130/><W53/><G53/><T54/><D10/><U33/><E33/><V34/><F34/><W42/><G84/><T94/><REACH who="0" step="1"/><D5/><REACH who="0" ten="203,461,150,176" step="2"/><U131/><E128/><V16/><F21/><W103/><G73/><T116/><D116/><U129/><E131/><V120/><F120/><W39/><G39/><T0/><D0/><U62/><E129/><V57/><F36/><W4/><G4/><T135/><D135/><U119/><E119/><V32/><F32/><W1/><G1/><T110/><D110/><U122/><E79/><V104/><F104/><W17/><G7/><T121/><D121/><U2/><E122/><V59/><F60/><W49/><G49/><T55/><D55/><U118/><E62/><V52/><F18/><W14/><G14/><T85/><D85/><U78/><E2/><V24/><F24/><W27/><G27/><T19/><D19/><N who="1" m="10367" /><E118/><V117/><F16/><W22/><G11/><T102/><D102/><U67/><E78/><V29/><F117/><W9/><G9/><RYUUKYOKU ba="2,1" sc="203,15,461,-15,150,-15,176,15" hai0="23,25,28,44,50,54,58,61,65,87,88,94,95" hai3="13,17,22,40,41,42,72,75,92,93,98,101,103" /><INIT seed="6,3,1,5,2,126" ten="218,446,135,191" oya="2" hai0="100,63,46,105,94,16,54,5,21,58,42,122,79" hai1="102,101,91,82,17,78,85,113,28,52,51,133,33" hai2="121,0,131,83,48,108,57,95,15,45,97,90,109" hai3="125,11,12,41,27,7,22,34,135,20,40,120,117"/><V13/><F0/><W1/><G41/><T98/><D122/><U68/><E68/><V26/><F121/><W53/><G40/><T110/><D110/><N who="2" m="42602" /><F57/><W106/><G106/><T6/><D79/><U114/><E133/><V88/><F26/><W96/><G96/><T36/><D105/><U38/><E38/><V118/><F118/><W35/><G53/><T74/><D74/><U9/><E28/><V3/><F3/><W37/><G37/><T80/><D80/><U29/><E29/><V107/><F107/><W59/><G59/><T8/><D8/><U10/><E33/><N who="3" m="12298" /><G120/><T24/><AGARI ba="3,1" hai="5,6,16,21,24,36,42,46,54,58,63,94,98,100" machi="24" ten="20,2700,0" yaku="0,1,7,1,54,1" doraHai="126" who="0" fromWho="0" sc="218,46,446,-10,135,-16,191,-10" /><INIT seed="7,0,0,5,0,82" ten="264,436,119,181" oya="3" hai0="115,18,87,89,107,71,43,127,70,10,78,30,130" hai1="72,100,17,35,122,64,116,90,69,51,106,11,103" hai2="32,81,131,91,46,28,36,126,88,22,84,76,6" hai3="98,21,66,23,29,77,97,40,55,125,120,80,8"/><W74/><G120/><T68/><D107/><U53/><E53/><V56/><F28/><W50/><G125/><T27/><D78/><U65/><E17/><V118/><F118/><W2/><G66/><T49/><D130/><U112/><E90/><V60/><F131/><W31/><G40/><T48/><D115/><U108/><E106/><V113/><F32/><W16/><G23/><T83/><D127/><U133/><E35/><V9/><F126/><W119/><G119/><T93/><D43/><U135/><E51/><V104/><F104/><W61/><G61/><T128/><D128/><U41/><E41/><V26/><F46/><W7/><G31/><T15/><D93/><U33/><E33/><V134/><F36/><W132/><G29/><T102/><D102/><U117/><E72/><V12/><F113/><W19/><G19/><T24/><D24/><U95/><E95/><V105/><F105/><W101/><G101/><T86/><D86/><U124/><E124/><V57/><F57/><W63/><G63/><T96/><D96/><U0/><E0/><V38/><F38/><W4/><G4/><T25/><D25/><U62/><E62/><V114/><F114/><W79/><G79/><T129/><D129/><U44/><E112/><V92/><F134/><W34/><G34/><T59/><D59/><U42/><E122/><V54/><F92/><W52/><G132/><T85/><D30/><U111/><E133/><V75/><F75/><W99/><G50/><T14/><D49/><U67/><E135/><V1/><F1/><W121/><G2/><T20/><D48/><RYUUKYOKU ba="0,0" sc="264,-10,436,-10,119,30,181,-10" hai2="6,9,12,22,26,54,56,60,76,81,84,88,91" owari="254,5.0,426,53.0,149,-35.0,171,-23.0" /></mjloggm>