<mjloggm ver="2.3"><GO type="41" lobby="0"/><UN n0="%67%61%6B%6B%69%69%38%30" n1="%E2%93%9D%53%75%70%68%78" n2="%E3%81%8B%E3%81%A3%E3%81%97%E3%83%BC" n3="%73%61%74%6F%35%31" dan="15,18,14,13" rate="2040.99,2156.94,1878.14,1870.35" sx="M,M,M,F"/><TAIKYOKU oya="0"/><INIT seed="0,0,0,1,0,45" ten="250,250,250,250" oya="0" hai0="56,131,3,95,113,50,69,101,42,27,46,59,125" hai1="88,129,107,67,117,133,47,44,76,55,65,92,124" hai2="73,89,4,57,70,87,61,39,112,103,71,5,30" hai3="53,134,79,29,8,123,68,66,60,33,102,132,93"/><T14/><D3/><U10/><E117/><V106/><F112/><W6/><G79/><T135/><D69/><U94/><E107/><V2/><F2/><W105/><G123/><T43/><D113/><U36/><E129/><V19/><F30/><W54/><G105/><T91/><D131/><U13/><E133/><N who="3" m="51306" /><G29/><T28/><D135/><U126/><E76/><V62/><F39/><W32/><G102/><T22/><D125/><N who="1" m="48235" /><E94/><V23/><F73/><W75/><G75/><T7/><D101/><U38/><E47/><V41/><F103/><W119/><G119/><T96/><D43/><N who="1" m="22631" /><E55/><N who="3" m="21002" /><G93/><T1/><REACH who="0" step="1"/><D1/><AGARI ba="0,0" hai="1,6,8,32,33,60,66,68" m="21002,51306" machi="1" ten="30,1000,0" yaku="20,1" doraHai="45" who="3" fromWho="0" sc="250,-10,250,0,250,0,250,10" /><INIT seed="1,0,0,4,1,11" ten="240,250,250,260" oya="1" hai0="9,68,72,50,118,93,45,20,59,18,0,79,39" hai1="38,61,112,55,132,78,51,19,104,29,23,30,32" hai2="114,54,85,119,10,6,83,66,105,98,12,121,7" hai3="82,73,33,127,70,14,123,120,1,47,21,89,57"/><U58/><E112/><V65/><F119/><W92/><G33/><T27/><D68/><U113/><E113/><V115/><F121/><W28/><G1/><T52/><D118/><U5/><E38/><V16/><F115/><W15/><G70/><T63/><D39/><U87/><E104/><V4/><F114/><W116/><G116/><T90/><D72/><U80/><E132/><V67/><F105/><W108/><G108/><T76/><D0/><U88/><E5/><V133/><F133/><W97/><G127/><T24/><D9/><U48/><E78/><V110/><F110/><W37/><G123/><T35/><D27/><U131/><E131/><V22/><F98/><W135/><G120/><T40/><REACH who="0" step="1"/><D35/><REACH who="0" ten="230,250,250,260" step="2"/><U101/><E32/><V43/><F10/><W44/><G135/><T128/><D128/><U94/><E30/><V17/><F17/><W77/><G37/><T60/><D60/><U26/><E29/><V106/><F16/><W69/><G69/><T122/><D122/><U46/><E51/><V74/><F74/><W64/><G28/><T91/><D91/><U102/><REACH who="1" step="1"/><E80/><REACH who="1" ten="230,240,250,260" step="2"/><V81/><F83/><W124/><G82/><T129/><D129/><U111/><E111/><V99/><F81/><W8/><G77/><T25/><D25/><U100/><E100/><V3/><F7/><W95/><G73/><T84/><AGARI ba="0,2" hai="18,20,24,40,45,50,52,59,63,76,79,84,90,93" machi="84" ten="20,8000,1" yaku="1,1,0,1,7,1,8,1,54,1,53,0" doraHai="11" doraHaiUra="34" who="0" fromWho="0" sc="230,100,240,-40,250,-20,260,-20" /><INIT seed="2,0,0,5,2,58" ten="330,200,230,240" oya="2" hai0="135,40,11,68,69,134,45,44,81,111,55,52,94" hai1="93,48,97,61,105,26,4,102,13,66,109,131,14" hai2="108,120,95,9,27,49,3,29,112,54,114,77,2" hai3="65,67,5,21,59,34,126,127,0,1,73,117,121"/><V7/><F120/><W98/><G121/><T16/><D81/><U99/><E109/><V46/><F108/><W38/><G117/><T41/><D111/><U123/><E131/><V91/><F77/><W30/><G73/><T10/><D94/><U80/><E123/><V64/><F3/><W28/><G38/><T115/><D115/><U101/><E4/><V106/><F106/><W90/><G34/><T39/><D39/><U37/><E37/><V92/><F92/><W83/><G5/><T110/><D110/><U35/><E48/><V32/><REACH who="2" step="1"/><F64/><REACH who="2" ten="330,200,220,240" step="2"/><W87/><G67/><T71/><D71/><U36/><E80/><V31/><F31/><W50/><G1/><T6/><D6/><U47/><E105/><V84/><AGARI ba="0,1" hai="2,7,9,27,29,32,46,49,54,84,91,95,112,114" machi="84" ten="20,7800,0" yaku="1,1,0,1,7,1,53,1" doraHai="58" doraHaiUra="89" who="2" fromWho="2" sc="330,-26,200,-26,220,88,240,-26" /><INIT seed="2,1,0,3,1,57" ten="304,174,308,214" oya="2" hai0="49,71,28,0,108,27,90,134,107,89,128,53,6" hai1="93,97,17,29,104,24,51,54,121,76,75,101,11" hai2="3,79,40,118,10,63,77,5,127,86,9,31,102" hai3="47,92,96,2,78,106,44,48,72,37,60,74,88"/><V32/><F118/><W36/><G2/><T62/><D107/><U135/><E135/><V110/><F127/><W94/><G106/><T22/><D134/><U99/><E121/><V119/><F119/><W15/><G36/><T126/><D126/><U19/><E76/><V111/><F40/><W14/><G37/><T59/><D108/><N who="2" m="41514" /><F9/><W84/><G74/><T123/><D123/><U33/><E75/><V91/><F102/><W13/><G72/><T61/><D128/><U95/><E11/><V133/><F133/><W122/><G122/><T73/><D73/><U132/><E104/><V38/><F38/><W18/><G78/><T45/><D71/><U116/><E116/><V46/><F46/><W50/><G18/><T85/><D0/><U43/><E43/><V70/><F31/><W56/><G44/><T125/><D125/><U26/><E132/><V68/><F32/><W30/><G30/><T34/><D34/><U41/><E41/><V103/><F103/><N who="3" m="60807" /><G47/><T98/><D6/><U42/><E42/><V1/><F3/><W115/><G115/><T67/><D67/><AGARI ba="1,0" hai="13,14,15,48,50,56,60,67,84,88,94" m="60807" machi="67" ten="30,3900,0" yaku="8,1,52,1,54,1" doraHai="57" who="3" fromWho="0" sc="304,-42,174,0,308,0,214,42" /><INIT seed="3,0,0,2,3,28" ten="262,174,308,256" oya="3" hai0="128,55,19,77,11,49,58,97,105,115,52,82,98" hai1="75,9,3,31,8,67,4,74,93,126,18,131,92" hai2="99,29,56,85,24,87,89,68,65,46,130,127,17" hai3="59,135,81,21,122,23,22,27,37,43,78,129,7"/><W69/><G122/><T113/><D128/><U120/><E120/><V124/><F68/><W102/><G129/><T80/><D105/><U72/><E131/><V54/><F65/><W100/><G69/><T35/><D35/><U62/><E126/><N who="2" m="48171" /><F46/><W5/><G135/><T1/><D55/><U57/><E31/><V2/><F17/><W20/><G59/><T16/><D82/><U64/><REACH who="1" step="1"/><E64/><REACH who="1" ten="262,164,308,256" step="2"/><V51/><F130/><W117/><G117/><T70/><D113/><U38/><E38/><V101/><F2/><W110/><G110/><T45/><D115/><U13/><AGARI ba="0,1" hai="3,4,8,9,13,18,57,62,67,72,74,75,92,93" machi="13" ten="40,2700,0" yaku="1,1,0,1,53,0" doraHai="28" doraHaiUra="40" who="1" fromWho="1" sc="262,-7,164,37,308,-7,256,-13" /><INIT seed="4,0,0,0,3,77" ten="255,201,301,243" oya="0" hai0="114,55,99,91,4,62,21,66,93,14,58,42,39" hai1="19,95,54,65,106,118,57,6,76,115,80,135,73" hai2="88,112,69,100,32,64,123,29,130,79,12,92,96" hai3="63,45,11,129,90,103,30,8,37,16,108,107,74"/><T3/><D3/><U43/><E118/><V78/><F123/><W86/><G108/><T84/><D114/><U82/><E106/><V27/><F130/><W94/><G129/><T124/><D124/><U40/><E135/><V85/><F69/><W56/><G30/><T31/><D39/><U35/><E35/><V7/><F64/><W126/><G126/><T98/><D42/><U121/><E6/><V51/><F112/><W97/><G37/><T131/><D131/><U2/><E2/><V113/><F113/><W44/><G8/><T9/><D31/><U28/><E28/><V46/><F12/><N who="3" m="7199" /><G74/><T52/><D21/><U105/><E105/><V117/><F7/><W110/><G110/><T41/><D41/><U48/><E121/><V81/><REACH who="2" step="1"/><F117/><REACH who="2" ten="255,201,291,243" step="2"/><W70/><G70/><T18/><D4/><U38/><E38/><V71/><F71/><W119/><G119/><T10/><REACH who="0" step="1"/><D10/><REACH who="0" ten="245,201,291,243" step="2"/><U36/><E36/><V109/><F109/><W49/><G107/><T23/><D23/><U87/><E115/><V116/><F116/><W0/><G0/><T33/><D33/><U20/><E20/><V102/><F102/><W5/><G5/><T53/><AGARI ba="0,2" hai="9,14,18,52,53,55,58,62,66,84,91,93,98,99" machi="53" ten="30,11700,0" yaku="1,1,0,1,8,1,54,1,53,0" doraHai="77" doraHaiUra="24" who="0" fromWho="0" sc="245,137,201,-39,291,-39,243,-39" /><INIT seed="4,1,0,2,5,47" ten="382,162,252,204" oya="0" hai0="14,49,120,71,99,25,56,34,65,19,81,133,10" hai1="58,64,31,112,59,75,82,54,110,20,51,123,9" hai2="106,24,2,55,119,102,26,48,114,29,42,101,27" hai3="70,91,111,108,5,132,1,76,79,57,61,116,93"/><T92/><D120/><U77/><E123/><V124/><F114/><W62/><G116/><T41/><D71/><U125/><E110/><V38/><F124/><W23/><G132/><T50/><D133/><U3/><E125/><V0/><F119/><W16/><G70/><T7/><D41/><U89/><E112/><V17/><F29/><W121/><G121/><T127/><D127/><U40/><E40/><V103/><F106/><W104/><G104/><T68/><D68/><U117/><E117/><V90/><F42/><W109/><G5/><T43/><D43/><U66/><E89/><V80/><F38/><W98/><G1/><T6/><D81/><U100/><E100/><V94/><F80/><W129/><G129/><T126/><D126/><U88/><E59/><V122/><F17/><W30/><G30/><T11/><D34/><U33/><E33/><V73/><F73/><W113/><G113/><T85/><D85/><U22/><E31/><V97/><REACH who="2" step="1"/><F122/><REACH who="2" ten="382,162,242,204" step="2"/><W87/><G111/><T12/><D19/><U83/><E83/><V131/><F131/><W135/><G109/><T134/><D134/><U15/><E75/><V95/><F95/><N who="3" m="54783" /><G108/><T78/><D78/><U84/><E77/><V67/><F67/><N who="1" m="25641" /><E3/><V72/><F72/><W63/><G135/><T18/><D18/><AGARI ba="1,1" hai="9,15,18,20,22,51,54,58,82,84,88" m="25641" machi="18" ten="30,3900,0" yaku="8,1,52,1,54,1" doraHai="47" who="1" fromWho="0" sc="382,-42,162,52,242,0,204,0" /><INIT seed="5,0,0,4,2,49" ten="340,214,242,204" oya="1" hai0="30,8,116,93,67,94,90,132,63,100,135,117,91" hai1="32,105,111,14,55,29,126,10,114,106,69,12,72" hai2="73,44,107,62,52,120,86,68,40,88,70,25,115" hai3="64,22,123,131,60,54,7,134,19,0,56,71,3"/><U21/><E72/><V42/><F120/><W24/><G123/><T83/><D30/><U51/><E69/><V48/><F73/><W87/><G131/><T58/><D8/><U15/><E32/><V26/><F107/><W125/><G134/><N who="0" m="51243" /><D100/><U112/><E126/><V2/><F2/><W36/><G125/><T133/><N who="0" m="51251" /><T38/><DORA hai="39" /><D38/><U41/><E111/><V92/><F115/><N who="1" m="44073" /><E41/><N who="2" m="15979" /><F68/><W1/><G36/><T122/><D83/><U43/><E43/><N who="2" m="24607" /><F70/><W75/><G75/><T121/><D122/><U95/><E95/><N who="0" m="36361" /><D121/><U119/><E119/><AGARI ba="0,0" hai="58,63,67,90,91,116,117,119" m="36361,51251" machi="119" ten="50,1600,0" yaku="20,1" doraHai="49,39" who="0" fromWho="1" sc="340,16,214,-16,242,0,204,0" /><INIT seed="6,0,0,3,2,79" ten="356,198,242,204" oya="2" hai0="63,0,73,71,56,55,60,17,132,61,126,64,133" hai1="85,104,130,39,122,83,100,30,95,54,59,18,81" hai2="47,102,44,84,21,106,38,78,115,128,10,40,129" hai3="121,92,109,89,75,50,14,31,11,25,66,88,69"/><V26/><F115/><W45/><G121/><T9/><D73/><U107/><E39/><V90/><F78/><W24/><G109/><T1/><D17/><U27/><E122/><V125/><F125/><W134/><G134/><T52/><D126/><U46/><E130/><V98/><F10/><W58/><G69/><T8/><D63/><U110/><E110/><V99/><F99/><W123/><G123/><T70/><D56/><U108/><E46/><V34/><F34/><W53/><G75/><T16/><D16/><U36/><E36/><V6/><F6/><W86/><G89/><T35/><D64/><U4/><E107/><V37/><F47/><W65/><G45/><T19/><D19/><U13/><E104/><V29/><REACH who="2" step="1"/><F38/><REACH who="2" ten="356,198,232,204" step="2"/><W77/><G77/><T48/><D35/><U131/><E108/><V93/><AGARI ba="0,1" hai="21,26,29,37,40,44,84,90,93,98,102,106,128,129" machi="93" ten="30,6000,0" yaku="1,1,2,1,0,1,53,0" doraHai="79" doraHaiUra="118" who="2" fromWho="2" sc="356,-20,198,-20,232,70,204,-20" /><INIT seed="6,1,0,3,4,87" ten="336,178,302,184" oya="2" hai0="20,73,40,109,80,131,2,98,129,71,116,122,88" hai1="53,13,26,120,132,36,8,78,99,34,96,114,12" hai2="61,5,135,21,9,72,39,0,54,115,127,94,107" hai3="79,31,117,62,46,4,63,30,59,15,24,81,100"/><V35/><F107/><W66/><G117/><T110/><D71/><U64/><E36/><V10/><F72/><W60/><G100/><T27/><D2/><U48/><E114/><V89/><F39/><W22/><G30/><T51/><D122/><U134/><E64/><V16/><F35/><W128/><G128/><N who="0" m="49227" /><D116/><U56/><E78/><V76/><F76/><W84/><REACH who="3" step="1"/><G46/><REACH who="3" ten="336,178,302,174" step="2"/><N who="0" m="26055" /><D109/><U65/><E120/><V28/><F28/><W41/><G41/><T74/><D110/><U93/><E134/><V6/><F135/><W133/><G133/><T106/><D106/><U49/><E132/><V19/><F115/><W91/><G91/><T47/><D47/><U14/><E34/><V32/><F32/><W111/><G111/><T113/><D113/><U82/><E8/><AGARI ba="1,1" hai="4,8,15,22,24,31,59,60,62,63,66,79,81,84" machi="8" ten="40,2600,0" yaku="1,1,8,1,53,0" doraHai="87" doraHaiUra="50" who="3" fromWho="1" sc="336,0,178,-29,302,0,174,39" /><INIT seed="7,0,0,3,0,102" ten="336,149,302,213" oya="3" hai0="132,117,8,84,56,52,42,99,51,108,78,30,5" hai1="113,29,55,37,50,44,120,134,32,71,131,11,40" hai2="130,89,92,21,3,22,59,80,18,121,128,90,69" hai3="126,34,67,13,27,101,15,65,104,7,12,106,79"/><W100/><G126/><T75/><D108/><U60/><E11/><V85/><F69/><W135/><G7/><T87/><D117/><U88/><E29/><V107/><F3/><W115/><G79/><T61/><D132/><U35/><E120/><V86/><F121/><W39/><G39/><T33/><D99/><U127/><E127/><V26/><F107/><N who="3" m="41003" /><G34/><T2/><D30/><U38/><E35/><V10/><F10/><W49/><G49/><T23/><D33/><U114/><E88/><V57/><REACH who="2" step="1"/><F22/><REACH who="2" ten="336,149,292,213" step="2"/><W98/><G135/><T36/><D23/><U54/><E32/><V96/><F96/><W58/><G98/><T124/><D124/><U6/><E6/><V93/><F93/><W116/><G116/><T28/><D28/><U41/><E134/><V4/><F4/><W20/><G20/><T123/><D123/><U110/><E110/><V125/><F125/><W81/><G81/><N who="0" m="45279" /><D61/><U133/><E133/><V19/><F19/><W25/><G115/><N who="1" m="44042" /><E131/><AGARI ba="0,1" hai="18,21,26,57,59,80,85,86,89,90,92,128,130,131" machi="131" ten="40,5200,0" yaku="1,1,19,1,53,1" doraHai="102" doraHaiUra="91" who="2" fromWho="1" sc="336,0,149,-52,292,62,213,0" owari="336,14.0,97,-40.0,354,45.0,213,-19.0" /></mjloggm>