<mjloggm ver="2.3"><GO type="41" lobby="0"/><UN n0="%E2%93%9D%53%75%70%68%78" n1="%E2%98%86%E6%9A%B4%E7%89%8C%E4%BB%99%E4%BA%BA%E2%98%86" n2="%E9%BA%BB%E9%9B%80%E7%8C%9B%E5%8B%89%E5%BC%B7%E4%B8%AD" n3="%E3%81%98%E3%82%85%E3%82%93%E3%81%9F%E3%82%8D%E3%81%86" dan="17,15,15,14" rate="2054.27,1943.40,2019.51,1971.29" sx="M,M,M,M"/><TAIKYOKU oya="0"/><INIT seed="0,0,0,0,4,53" ten="250,250,250,250" oya="0" hai0="63,13,58,57,62,75,20,115,11,74,33,89,15" hai1="71,107,22,52,37,1,36,21,4,59,9,86,27" hai2="122,84,14,96,73,16,120,29,92,125,118,8,18" hai3="49,38,42,131,65,113,50,90,28,126,133,6,130"/><T114/><D20/><U30/><E107/><V98/><F73/><W80/><G113/><T117/><D89/><U48/><E71/><V124/><F118/><W39/><G6/><T3/><D11/><U47/><E86/><V70/><F70/><W0/><G0/><T46/><D46/><U68/><E68/><V34/><F34/><W95/><G28/><T83/><D33/><U45/><REACH who="1" step="1"/><E21/><REACH who="1" ten="250,240,250,250" step="2"/><V127/><F120/><W106/><G106/><T94/><D117/><U66/><E66/><V12/><F122/><W25/><G65/><T116/><D116/><U108/><E108/><V5/><F84/><W91/><G131/><T79/><D94/><U55/><E55/><V129/><F129/><W7/><G130/><T40/><D83/><U88/><E88/><N who="2" m="55303" /><F98/><W110/><G110/><T10/><D10/><U67/><E67/><V35/><F12/><W128/><G128/><T119/><D119/><U43/><E43/><V132/><F132/><W104/><G133/><T105/><D105/><U103/><E103/><V41/><F41/><W111/><G42/><T44/><D40/><U31/><E31/><V134/><F134/><W78/><G111/><T17/><D3/><U121/><E121/><V82/><F82/><W109/><G109/><T85/><D85/><U60/><E60/><V97/><F97/><W69/><G104/><T102/><D102/><U19/><E19/><V64/><F64/><W23/><G80/><T123/><D123/><U77/><E77/><V51/><F51/><W101/><G101/><T112/><D112/><U135/><E135/><V72/><F72/><RYUUKYOKU ba="0,1" sc="250,-15,240,15,250,15,250,-15" hai1="1,4,9,22,27,30,36,37,45,47,48,52,59" hai2="5,8,14,16,18,29,35,124,125,127" /><INIT seed="1,1,1,5,4,8" ten="235,255,265,235" oya="1" hai0="71,50,41,61,69,22,108,56,58,7,15,42,93" hai1="36,18,57,67,72,78,24,39,30,53,103,135,94" hai2="38,87,111,74,113,125,45,110,127,122,73,106,120" hai3="85,91,114,2,6,37,95,96,115,132,133,129,47"/><U86/><E135/><N who="3" m="51786" /><G6/><T14/><D108/><N who="2" m="41514" /><F38/><W9/><G2/><T21/><D93/><U4/><E4/><V117/><F45/><W112/><G9/><T116/><D7/><U76/><E67/><V82/><F117/><W102/><G47/><T79/><D79/><U26/><E72/><N who="2" m="27755" /><F106/><N who="3" m="63815" /><G37/><T119/><REACH who="0" step="1"/><D50/><REACH who="0" ten="225,255,265,235" step="2"/><N who="1" m="30903" /><E76/><N who="2" m="46535" /><F113/><W97/><G129/><T49/><D49/><U98/><E39/><V27/><F27/><W46/><G46/><T1/><D1/><U29/><E36/><V32/><F32/><W81/><G97/><T128/><D128/><U100/><E98/><V40/><F40/><W44/><G44/><T68/><D68/><U84/><E30/><V55/><F55/><W131/><G131/><T121/><D121/><AGARI ba="1,2" hai="120,121,122,125,127" m="46535,27755,41514" machi="121" ten="40,5200,0" yaku="14,1,34,2" doraHai="8" who="2" fromWho="0" sc="225,-55,255,0,265,75,235,0" /><INIT seed="2,0,0,3,0,86" ten="170,255,340,235" oya="2" hai0="69,66,17,52,67,72,28,94,36,4,135,47,32" hai1="80,1,123,133,131,42,84,125,117,12,68,90,33" hai2="3,108,46,78,88,13,79,19,134,22,127,41,51" hai3="70,121,71,93,30,18,119,37,35,60,75,115,129"/><V91/><F3/><W118/><G75/><T92/><D72/><U120/><E1/><V62/><F134/><W116/><G121/><N who="1" m="46666" /><E33/><V21/><F127/><W45/><G129/><T97/><D4/><U107/><E68/><V29/><F108/><W48/><G37/><T57/><D135/><U6/><E42/><V14/><F62/><W26/><G115/><T95/><D28/><U81/><E133/><V100/><F100/><W34/><G34/><T59/><D32/><U114/><E114/><V49/><F49/><W124/><G124/><T99/><D69/><U96/><E125/><V113/><F113/><W63/><G63/><T58/><D17/><U11/><E131/><V0/><F0/><W132/><G132/><T65/><D36/><U87/><E117/><V106/><F106/><W112/><G112/><T31/><D31/><U56/><E56/><V85/><F14/><W130/><G130/><T43/><D43/><U82/><E87/><V83/><REACH who="2" step="1"/><F79/><REACH who="2" ten="170,255,330,235" step="2"/><W110/><G110/><T109/><D109/><U8/><E8/><V122/><F122/><W73/><G119/><T101/><D101/><AGARI ba="0,1" hai="6,11,12,80,81,82,84,90,96,101,107" m="46666" machi="101" ten="30,2000,0" yaku="13,1,52,1" doraHai="86" who="1" fromWho="0" sc="170,-20,255,30,330,0,235,0" /><INIT seed="3,0,0,2,4,47" ten="150,285,330,235" oya="3" hai0="109,22,87,11,65,84,105,78,21,86,107,116,6" hai1="72,83,123,131,80,1,64,13,127,49,90,92,27" hai2="73,118,99,111,94,115,28,67,38,122,66,51,41" hai3="75,79,54,130,62,2,129,44,91,14,106,81,10"/><W89/><G106/><T48/><D116/><U128/><E1/><V12/><F111/><W3/><G3/><T9/><D78/><U120/><E64/><V133/><F133/><W134/><G134/><T40/><D65/><U58/><E127/><V112/><F118/><W69/><G2/><T50/><D40/><U20/><E13/><V59/><F73/><W53/><G69/><T132/><D132/><U0/><E0/><V5/><F28/><W23/><G23/><N who="0" m="8715" /><D6/><U31/><E72/><V29/><F29/><W104/><G104/><N who="0" m="40011" /><D109/><U33/><E33/><V25/><F25/><W56/><G130/><N who="1" m="49706" /><E123/><V110/><F110/><W30/><G30/><T35/><D35/><U97/><E120/><V102/><F122/><W32/><G32/><T36/><D36/><U93/><E92/><V98/><F98/><W7/><REACH who="3" step="1"/><G129/><REACH who="3" ten="150,285,330,225" step="2"/><T126/><D126/><U8/><E31/><V108/><F108/><W96/><G96/><T101/><D101/><U61/><E97/><V71/><F99/><W18/><G18/><T135/><D135/><U16/><E20/><V119/><F102/><W19/><G19/><T46/><D46/><U77/><E16/><V60/><F71/><W114/><G114/><T117/><D117/><U52/><E27/><V55/><F112/><W88/><G88/><T68/><D68/><U103/><E90/><V125/><F119/><W17/><G17/><T113/><D113/><U95/><E103/><V42/><F115/><W82/><G82/><T4/><D4/><U124/><E83/><V74/><F5/><W121/><G121/><T85/><D85/><RYUUKYOKU ba="0,1" sc="150,15,285,-15,330,-15,225,15" hai0="9,11,48,50,84,86,87" hai3="7,10,14,44,53,54,56,62,75,79,81,89,91" /><INIT seed="3,1,1,5,2,115" ten="165,270,315,240" oya="3" hai0="71,0,121,86,80,45,12,25,82,70,113,31,77" hai1="19,17,32,42,87,132,23,95,109,128,6,89,97" hai2="9,24,76,110,81,35,92,104,44,28,10,62,49" hai3="58,57,127,94,91,124,116,51,79,30,125,66,18"/><W108/><G66/><T65/><D121/><U56/><E32/><V50/><F110/><W55/><G79/><T134/><D0/><U133/><E109/><V59/><F104/><W111/><G30/><T114/><D134/><N who="1" m="51819" /><E6/><V69/><F92/><W129/><G129/><T40/><D12/><U39/><E128/><V21/><F35/><W119/><G57/><T38/><D82/><N who="1" m="49399" /><E56/><V22/><F22/><W120/><G120/><T107/><D107/><U61/><E61/><V123/><F69/><W83/><G83/><T102/><D102/><N who="1" m="60735" /><E23/><V2/><F2/><W88/><G108/><T60/><REACH who="0" step="1"/><D71/><REACH who="0" ten="155,270,315,240" step="2"/><U131/><E131/><V43/><F123/><W34/><G111/><T100/><D100/><U1/><E1/><V7/><F7/><W103/><G34/><AGARI ba="1,2" hai="25,31,34,38,40,45,60,65,70,77,80,86,113,114" machi="34" ten="40,2600,0" yaku="1,1,53,1" doraHai="115" doraHaiUra="68" who="0" fromWho="3" sc="155,49,270,0,315,0,240,-29" /><INIT seed="4,0,0,0,5,70" ten="204,270,315,211" oya="0" hai0="1,64,111,108,31,53,36,65,40,24,49,85,72" hai1="100,73,16,47,92,14,120,62,106,121,75,122,79" hai2="18,129,20,134,109,116,63,135,102,97,26,71,131" hai3="130,32,3,34,114,91,132,30,44,103,43,2,5"/><T76/><D85/><U107/><E62/><V6/><F109/><N who="0" m="42058" /><D1/><U38/><E92/><V90/><F90/><W123/><G123/><T55/><D76/><U46/><E100/><V25/><F116/><W11/><G103/><T57/><D72/><U27/><E27/><N who="2" m="14743" /><F63/><W115/><G91/><T101/><D101/><U45/><E79/><V66/><F66/><N who="0" m="25706" /><D24/><U61/><E61/><V28/><F71/><W124/><G2/><T105/><D31/><U56/><E56/><V60/><F60/><W95/><G95/><T21/><D21/><U50/><E50/><V15/><F28/><W113/><G30/><T89/><D89/><U59/><E59/><V84/><F84/><W4/><G4/><T119/><D105/><U99/><E99/><V13/><F97/><W125/><G132/><N who="2" m="50729" /><F102/><W10/><G10/><T126/><D119/><U96/><E96/><V37/><F25/><W33/><G130/><N who="2" m="49673" /><F26/><W83/><G83/><T88/><D88/><U23/><E107/><V82/><F82/><W110/><G110/><T19/><D19/><U39/><REACH who="1" step="1"/><E106/><REACH who="1" ten="204,260,315,211" step="2"/><V117/><F117/><W0/><G3/><T104/><D104/><U112/><E112/><V22/><F22/><W118/><G118/><T133/><D133/><U87/><E87/><V69/><F69/><W8/><G8/><T17/><D57/><U80/><E80/><V98/><F98/><W54/><G54/><T41/><D55/><U12/><E12/><N who="2" m="4683" /><F6/><W74/><REACH who="3" step="1"/><G74/><AGARI ba="0,1" hai="14,16,23,38,39,45,46,47,73,74,75,120,121,122" machi="74" ten="50,8000,1" yaku="1,1,52,2,54,1,53,0" doraHai="70" doraHaiUra="51" who="1" fromWho="3" sc="204,0,260,90,315,0,211,-80" /><INIT seed="5,0,0,2,0,33" ten="204,350,315,131" oya="1" hai0="124,78,86,67,128,41,103,134,70,122,110,76,57" hai1="28,88,107,101,84,102,6,42,16,69,81,99,30" hai2="71,68,121,35,19,13,10,47,94,32,100,26,49" hai3="36,82,119,15,58,133,1,65,11,3,43,93,56"/><U108/><E69/><V55/><F121/><W24/><G119/><T53/><D110/><U80/><E108/><V95/><F68/><W22/><G133/><T2/><D128/><U39/><E6/><V105/><F71/><W62/><G82/><T131/><D124/><U91/><E102/><V77/><F77/><W54/><G93/><T20/><D41/><U135/><E135/><V0/><F105/><W75/><G43/><T130/><D20/><U79/><E16/><V97/><F95/><W125/><G75/><T127/><D127/><U21/><E21/><V126/><F126/><W12/><G36/><T7/><D67/><U87/><E79/><V27/><F32/><W44/><G44/><AGARI ba="0,0" hai="28,30,39,42,44,80,81,84,87,88,91,99,101,107" machi="44" ten="40,3900,0" yaku="9,1,54,1" doraHai="33" who="1" fromWho="3" sc="204,0,350,39,315,0,131,-39" /><INIT seed="5,1,0,3,3,100" ten="204,389,315,92" oya="1" hai0="61,103,23,72,33,86,71,113,122,106,30,67,62" hai1="130,64,4,35,50,107,28,3,73,129,9,131,74" hai2="59,79,75,19,105,102,117,95,112,116,16,41,27" hai3="56,36,99,54,8,92,96,87,76,65,22,91,0"/><U108/><E107/><V26/><F112/><W40/><G65/><T66/><D72/><U60/><E50/><V44/><F79/><W109/><G109/><T90/><D23/><U63/><E108/><V126/><F126/><W127/><G127/><T85/><D113/><U31/><E63/><V119/><F75/><N who="1" m="28681" /><E35/><V13/><F95/><W111/><G111/><T45/><D45/><U101/><E101/><V125/><F125/><W10/><G36/><T118/><D118/><U5/><E5/><V32/><F59/><AGARI ba="1,0" hai="3,4,9,28,31,59,60,64,129,130,131" m="28681" machi="59" ten="40,2000,0" yaku="19,1" doraHai="100" who="1" fromWho="2" sc="204,0,389,23,315,-23,92,0" /><INIT seed="5,2,0,0,4,73" ten="204,412,292,92" oya="1" hai0="5,21,104,95,69,67,61,93,70,135,108,124,87" hai1="14,19,79,29,84,36,132,85,59,90,81,110,106" hai2="112,15,22,0,53,9,40,123,92,117,83,34,26" hai3="27,97,51,101,49,91,74,125,114,113,2,60,42"/><U126/><E106/><V99/><F123/><W133/><G2/><T46/><D108/><U8/><E110/><V64/><F117/><W41/><G125/><T89/><D104/><U118/><E126/><V120/><F120/><W54/><G60/><T10/><D135/><U77/><E36/><V96/><F34/><W121/><G121/><T109/><D109/><U33/><E118/><V98/><F0/><W80/><G133/><T66/><D21/><U88/><E132/><V57/><F64/><W43/><G27/><T6/><D46/><U94/><E29/><V7/><F40/><W129/><G129/><T122/><D124/><U38/><E38/><V11/><F112/><W62/><G62/><T119/><D122/><U50/><E33/><V55/><F11/><W39/><G39/><T58/><D119/><U52/><AGARI ba="2,0" hai="8,14,19,50,52,59,77,79,81,84,85,88,90,94" machi="52" ten="30,18000,2" yaku="0,1,8,1,52,2,54,2" doraHai="73" who="1" fromWho="1" sc="204,-62,412,186,292,-62,92,-62" /><INIT seed="5,3,0,3,2,51" ten="142,598,230,30" oya="1" hai0="75,39,6,42,126,49,132,108,14,102,71,82,7" hai1="113,65,86,46,120,28,4,48,121,33,47,43,16" hai2="130,124,106,125,99,1,104,105,135,60,115,32,15" hai3="129,55,89,103,22,74,45,31,127,52,24,44,64"/><U92/><E113/><V30/><F115/><W13/><G74/><T68/><D108/><U61/><E4/><V100/><F1/><W70/><G127/><T27/><D39/><U5/><E5/><V23/><F15/><W94/><G103/><T11/><D132/><U18/><E121/><V112/><F112/><W93/><G70/><T67/><D67/><U37/><E120/><V109/><F109/><W78/><G78/><T20/><D102/><U54/><E28/><V111/><F111/><W58/><G129/><T8/><D126/><U0/><E0/><V118/><F118/><W87/><G94/><T3/><D42/><U9/><E9/><V133/><F23/><W12/><G64/><T81/><D49/><U25/><E25/><N who="2" m="18511" /><F130/><W69/><G69/><T29/><D82/><U123/><E33/><V117/><F117/><W90/><G90/><T128/><REACH who="0" step="1"/><D128/><REACH who="0" ten="132,598,230,30" step="2"/><U41/><E123/><V59/><F125/><W83/><G83/><T53/><D53/><N who="3" m="20553" /><G58/><T88/><D88/><N who="1" m="53271" /><E37/><V95/><F124/><W122/><G122/><T97/><D97/><U56/><E41/><V110/><F110/><W66/><G66/><T34/><D34/><U2/><E43/><V63/><F59/><W77/><G77/><AGARI ba="3,1" hai="3,6,7,8,11,14,20,27,29,68,71,75,77,81" machi="77" ten="40,2600,0" yaku="1,1,53,1" doraHai="51" doraHaiUra="10" who="0" fromWho="3" sc="132,45,598,0,230,0,30,-35" owari="177,-22.0,598,70.0,230,3.0,-5,-51.0" /></mjloggm>