<mjloggm ver="2.3"><GO type="41" lobby="0"/><UN n0="%E2%93%9D%53%75%70%68%78" n1="%E3%81%8A%E3%81%95%E3%81%A3%E3%81%A1%E3%82%87" n2="%E3%81%AD%E3%81%93%E3%81%BE%E3%81%A4%E3%82%8A" n3="%E6%AC%A1%E9%8B%92%E3%83%AC%E3%82%AA%E3%83%91%E3%83%AB%E3%83%89%E3%83%B3" dan="17,14,14,16" rate="2066.20,1986.72,1820.24,2019.31" sx="M,M,M,M"/><TAIKYOKU oya="0"/><INIT seed="0,0,0,5,0,23" ten="250,250,250,250" oya="0" hai0="48,12,114,87,85,133,84,59,36,121,110,62,40" hai1="129,79,46,103,21,60,109,11,113,9,5,58,102" hai2="105,80,101,83,123,29,90,81,34,74,26,27,68" hai3="134,132,49,91,128,82,13,107,10,76,120,130,1"/><T122/><D114/><U53/><E109/><V67/><F123/><W52/><G120/><T31/><D36/><U44/><E129/><N who="3" m="49770" /><G1/><T71/><D133/><N who="3" m="51305" /><G107/><T77/><D71/><U17/><E113/><V124/><F74/><W115/><G115/><T63/><D110/><U6/><E79/><V32/><F90/><W98/><G91/><T14/><D31/><U65/><E9/><V45/><F45/><N who="1" m="17513" /><E65/><V19/><F68/><W125/><G98/><T43/><D77/><U118/><E118/><V4/><F67/><W99/><G99/><T20/><D122/><U111/><E111/><V41/><F101/><N who="1" m="38409" /><E11/><V22/><F105/><W18/><G82/><T66/><D121/><U116/><E116/><V94/><F4/><W61/><G61/><T42/><D63/><U50/><E60/><V39/><F94/><W97/><G97/><T72/><D72/><U75/><E75/><V70/><F70/><W100/><G100/><T108/><D108/><U119/><E119/><V78/><F78/><W104/><G104/><T92/><D92/><U112/><E112/><V64/><F64/><W38/><G38/><T117/><D117/><U135/><E135/><V28/><F39/><W69/><G69/><T25/><REACH who="0" step="1"/><D48/><REACH who="0" ten="240,250,250,250" step="2"/><U24/><AGARI ba="0,1" hai="5,6,17,21,24,50,53,58" m="38409,17513" machi="24" ten="30,2000,0" yaku="8,1,52,1" doraHai="23" who="1" fromWho="1" sc="240,-10,250,30,250,-5,250,-5" /><INIT seed="1,0,0,3,3,5" ten="230,280,245,245" oya="1" hai0="64,52,11,81,10,108,0,70,20,117,79,16,133" hai1="39,17,34,50,131,18,73,69,42,92,83,100,63" hai2="121,41,127,57,129,122,58,80,103,118,9,28,71" hai3="15,24,89,1,106,12,90,78,4,134,120,60,96"/><U30/><E131/><V104/><F129/><W65/><G120/><T7/><D117/><U94/><E39/><V23/><F118/><W88/><G134/><T93/><D108/><U110/><E110/><V67/><F41/><W99/><G78/><T74/><D133/><U109/><E109/><V82/><F127/><W66/><G1/><T44/><D93/><U40/><E30/><V132/><F132/><W45/><G106/><T97/><D97/><N who="3" m="37449" /><G15/><T76/><D76/><U53/><E34/><V86/><F104/><W3/><G3/><T14/><D64/><N who="3" m="24681" /><G60/><T115/><D70/><U51/><E69/><V47/><F103/><W2/><G2/><T77/><D77/><U13/><E100/><V85/><F71/><W87/><G24/><T128/><D128/><U29/><E29/><V62/><F57/><W116/><G116/><T111/><D111/><U48/><E83/><N who="2" m="31787" /><F122/><W8/><G45/><T107/><D107/><U114/><E73/><V102/><F47/><W21/><G21/><T130/><D130/><U37/><E114/><V124/><F124/><W36/><G36/><T105/><D105/><U113/><E18/><V25/><F102/><W68/><G68/><T95/><D115/><U32/><E32/><V101/><F101/><W123/><G123/><T91/><D0/><U38/><E37/><V6/><F121/><W61/><G61/><T125/><D125/><U56/><E38/><V43/><F43/><N who="1" m="16425" /><E113/><V22/><F22/><AGARI ba="0,0" hai="13,17,22,48,50,51,53,56,63,92,94" m="16425" machi="22" ten="30,1500,0" yaku="8,1" doraHai="5" who="1" fromWho="2" sc="230,0,280,15,245,-15,245,0" /><INIT seed="1,1,0,1,5,25" ten="230,295,230,245" oya="1" hai0="103,12,131,134,30,130,14,114,88,82,124,46,7" hai1="17,37,86,23,121,36,11,112,4,32,24,19,83" hai2="38,64,104,77,120,101,56,27,42,128,65,75,33" hai3="59,53,50,62,73,8,126,85,78,110,22,66,69"/><U21/><E112/><V99/><F120/><W5/><G110/><T29/><D114/><U96/><E121/><V89/><F128/><N who="0" m="49194" /><D134/><U51/><E32/><V129/><F129/><W94/><G126/><T119/><D119/><U122/><E96/><V43/><F56/><W93/><G73/><T41/><D103/><U31/><E51/><V55/><F55/><W70/><G70/><T39/><D124/><U109/><E122/><V57/><F38/><W54/><G54/><T35/><D35/><U9/><E109/><V15/><F75/><W117/><G117/><T108/><D108/><U71/><E71/><V115/><F77/><W91/><G78/><T90/><D14/><U98/><E98/><V72/><F72/><W28/><G22/><T40/><D40/><U105/><E105/><V106/><F106/><W127/><G127/><T123/><D123/><U0/><E11/><V125/><F125/><W13/><G28/><N who="0" m="10859" /><D82/><AGARI ba="1,0" hai="5,8,13,50,53,59,62,66,69,82,85,91,93,94" machi="82" ten="30,1000,0" yaku="7,1" doraHai="25" who="3" fromWho="0" sc="230,-13,295,0,230,0,245,13" /><INIT seed="2,0,0,1,3,38" ten="217,295,230,258" oya="2" hai0="16,36,0,18,43,6,104,76,79,113,57,134,129" hai1="122,60,90,21,32,87,39,75,67,40,102,133,20" hai2="46,89,93,50,84,13,103,5,55,106,42,3,66" hai3="56,100,19,27,54,64,121,83,7,99,120,107,70"/><V114/><F114/><W72/><G7/><T132/><D104/><U26/><E75/><V91/><F3/><W117/><G117/><T128/><D57/><U69/><E133/><N who="0" m="51305" /><D113/><U135/><E122/><V116/><F116/><W15/><G27/><T78/><D6/><U29/><E135/><V130/><F130/><N who="0" m="50282" /><D0/><U49/><E39/><V95/><F106/><W30/><G30/><T127/><D127/><U23/><E102/><V17/><F5/><W112/><G112/><T4/><D4/><U109/><E109/><V94/><F66/><W65/><G65/><T9/><D9/><U119/><E119/><V62/><F103/><W52/><G64/><T34/><D34/><U10/><E10/><N who="2" m="6327" /><F84/><W96/><G70/><T80/><D80/><U73/><E73/><V48/><F62/><W47/><G83/><T82/><D82/><U22/><N who="1" m="5120" /><DORA hai="111" /><U81/><REACH who="1" step="1"/><E49/><REACH who="1" ten="217,285,230,258" step="2"/><V24/><F24/><W31/><G72/><T74/><D74/><U105/><E105/><V51/><F51/><W61/><G107/><T85/><D85/><U12/><E12/><V35/><F35/><W1/><G15/><T63/><D63/><U71/><E71/><V101/><F101/><W58/><G100/><T97/><D97/><U108/><E108/><V8/><F8/><W2/><G61/><T45/><AGARI ba="0,1" hai="16,18,36,43,45,76,78,79" m="50282,51305" machi="45" ten="40,8000,1" yaku="20,1,19,1,52,1,54,1" doraHai="38,111" who="0" fromWho="0" sc="217,90,285,-20,230,-40,258,-20" /><INIT seed="3,0,0,2,2,123" ten="307,265,190,238" oya="3" hai0="99,110,16,75,90,28,125,15,21,115,76,126,86" hai1="103,48,128,64,105,32,122,67,27,42,53,61,23" hai2="19,56,52,109,43,121,49,54,14,102,3,124,46" hai3="11,84,12,5,94,22,97,29,65,104,96,107,24"/><W9/><G97/><T78/><D75/><U39/><E122/><V74/><F3/><W80/><G9/><T129/><D129/><U13/><E128/><V38/><F121/><W51/><G65/><T41/><D110/><U57/><E32/><V50/><F74/><W66/><G66/><T116/><D116/><U117/><E117/><V63/><F124/><N who="0" m="47722" /><D41/><U83/><E13/><V40/><F102/><W25/><G25/><N who="0" m="16431" /><D99/><U69/><E83/><V58/><F109/><W134/><G134/><T108/><D115/><U31/><E103/><V44/><REACH who="2" step="1"/><F14/><REACH who="2" ten="307,265,180,238" step="2"/><W20/><G20/><N who="0" m="11295" /><D108/><U59/><E105/><V30/><F30/><W88/><REACH who="3" step="1"/><G51/><REACH who="3" ten="307,265,180,228" step="2"/><T33/><D33/><U93/><E23/><V35/><F35/><W68/><G68/><T26/><D26/><U10/><E27/><V36/><F36/><W7/><G7/><T85/><D85/><U79/><E39/><V2/><F2/><W95/><G95/><AGARI ba="0,2" hai="76,78,86,90,95" m="11295,16431,47722" machi="95" ten="30,2000,0" yaku="18,1,54,1" doraHai="123" who="0" fromWho="3" sc="307,40,265,0,180,0,228,-20" /><INIT seed="4,0,0,0,1,41" ten="347,265,180,208" oya="0" hai0="49,94,69,37,55,88,79,78,42,43,65,68,27" hai1="64,56,124,121,40,122,11,25,44,107,38,16,101" hai2="123,45,126,120,75,73,36,5,104,31,134,46,102" hai3="18,29,92,130,117,66,1,39,48,83,91,110,14"/><T26/><D37/><U74/><E74/><V86/><F31/><W119/><G39/><T57/><D69/><U20/><E124/><V84/><F5/><W34/><G1/><T108/><D108/><U76/><E76/><N who="0" m="29225" /><D68/><U61/><E107/><V13/><F13/><W93/><G110/><T71/><D71/><U10/><REACH who="1" step="1"/><E101/><REACH who="1" ten="347,255,180,208" step="2"/><V3/><F126/><W129/><G117/><T0/><D0/><U7/><E7/><V72/><F104/><W19/><G119/><T59/><D65/><U70/><E70/><V112/><F3/><W89/><G66/><T53/><D43/><U51/><E51/><V32/><F36/><W98/><G48/><N who="0" m="30887" /><D42/><U125/><E125/><V24/><F75/><W113/><G130/><T33/><D33/><U22/><E22/><V100/><F32/><W30/><G129/><T58/><D58/><U82/><E82/><V81/><F81/><W96/><G83/><T17/><D17/><U114/><E114/><V95/><F112/><W133/><G113/><T2/><D2/><U132/><E132/><V127/><F127/><W21/><G133/><T54/><D54/><U97/><E97/><AGARI ba="0,1" hai="26,27,49,55,59,88,94,97" m="30887,29225" machi="97" ten="30,2900,0" yaku="8,1,54,1" doraHai="41" who="0" fromWho="1" sc="347,39,255,-29,180,0,208,0" /><INIT seed="4,1,0,3,1,69" ten="386,226,180,208" oya="0" hai0="43,102,46,18,22,47,31,63,9,116,1,65,78" hai1="33,16,110,122,15,89,11,68,23,115,14,120,57" hai2="13,128,70,81,109,107,32,75,121,86,52,21,38" hai3="50,71,97,0,62,25,94,7,53,48,73,72,61"/><T129/><D116/><U93/><E68/><V111/><F121/><W55/><G25/><T117/><D129/><U3/><E110/><V4/><F128/><W83/><G7/><T99/><D78/><U24/><E115/><V125/><F107/><W51/><G0/><T41/><D31/><U10/><E57/><V42/><F32/><W126/><G126/><T84/><D84/><U34/><E89/><V87/><F70/><W6/><G6/><T26/><D117/><U103/><E93/><V60/><F125/><W19/><G19/><T91/><D9/><U37/><E37/><V96/><F75/><W119/><G119/><T58/><D91/><U44/><E44/><V105/><F86/><W27/><G27/><T20/><D20/><U135/><E103/><V98/><F98/><W36/><G36/><T17/><D1/><U82/><E82/><V114/><F114/><W130/><G130/><T88/><D102/><U133/><E3/><V80/><F80/><W106/><G106/><T8/><D47/><U67/><E67/><V5/><F13/><N who="1" m="4617" /><E10/><V118/><F21/><W95/><G95/><N who="0" m="56807" /><D46/><U127/><E11/><V113/><F113/><W79/><G72/><T28/><D8/><U131/><E131/><V108/><F118/><W132/><G71/><T90/><D90/><U35/><E127/><V40/><F105/><W92/><G92/><T124/><D124/><U85/><E85/><V29/><F96/><W56/><G94/><T54/><D65/><U100/><E100/><V12/><F38/><W39/><G97/><T59/><D59/><U112/><E112/><RYUUKYOKU ba="1,0" sc="386,15,226,15,180,-15,208,-15" hai0="17,18,22,26,28,41,43,54,58,63" hai1="16,23,24,33,34,35,120,122,133,135" /><INIT seed="4,2,0,2,1,124" ten="401,241,165,193" oya="0" hai0="44,105,6,39,19,22,15,43,100,84,7,90,86" hai1="70,128,66,29,56,52,104,102,34,132,96,3,33" hai2="67,59,110,49,64,32,77,16,45,9,127,12,50" hai3="10,74,60,88,21,31,17,112,101,55,2,116,11"/><T122/><D122/><U18/><E3/><V103/><F127/><W42/><G116/><T78/><D105/><U71/><E132/><V134/><F134/><W46/><G74/><T119/><D100/><U75/><E75/><V36/><F110/><W63/><G31/><T114/><D114/><U118/><E118/><V117/><F117/><W135/><G112/><T65/><D65/><U125/><E125/><V51/><F32/><W98/><G2/><T80/><REACH who="0" step="1"/><D119/><REACH who="0" ten="391,241,165,193" step="2"/><U81/><E66/><V113/><F113/><W20/><G101/><T72/><D72/><U89/><E102/><V28/><F67/><W23/><G135/><T47/><D47/><U38/><E104/><V130/><F64/><W121/><G121/><T99/><D99/><U37/><E96/><V108/><F45/><W79/><G46/><T73/><D73/><U5/><E71/><V35/><F103/><W62/><G98/><T92/><AGARI ba="2,1" hai="6,7,15,19,22,39,43,44,78,80,84,86,90,92" machi="92" ten="20,3900,0" yaku="1,1,0,1,7,1,53,0" doraHai="124" doraHaiUra="53" who="0" fromWho="0" sc="391,55,241,-15,165,-15,193,-15" /><INIT seed="4,3,0,4,3,77" ten="446,226,150,178" oya="0" hai0="126,55,7,63,92,93,76,39,1,109,110,49,90" hai1="70,44,84,50,8,123,125,91,48,88,74,62,112" hai2="120,114,83,127,103,96,54,108,116,51,22,130,53" hai3="119,135,71,60,134,27,113,33,32,133,132,67,56"/><T9/><D126/><U25/><E123/><V64/><F120/><W85/><G119/><T86/><D39/><U68/><E74/><V121/><F121/><W41/><G113/><T15/><D76/><U52/><E125/><V43/><F127/><W35/><G41/><T128/><D128/><U82/><E112/><V106/><F114/><W78/><N who="3" m="33792" /><DORA hai="38" /><W104/><G104/><T131/><D63/><U30/><E62/><V4/><F130/><W59/><G27/><T37/><D37/><U80/><E8/><V98/><F108/><N who="0" m="41578" /><D131/><U75/><E50/><V100/><F116/><W11/><G11/><T24/><D24/><U65/><E65/><V58/><F64/><W73/><G73/><T46/><D93/><U94/><E75/><V101/><F106/><W10/><G10/><T31/><D31/><U5/><E5/><V107/><F107/><W69/><G71/><T12/><AGARI ba="3,0" hai="1,7,9,12,15,46,49,55,86,90,92" m="41578" machi="12" ten="30,1500,0" yaku="10,1" doraHai="77,38" who="0" fromWho="0" sc="446,24,226,-8,150,-8,178,-8" /><INIT seed="4,4,0,0,1,62" ten="470,218,142,170" oya="0" hai0="68,78,127,81,131,21,49,40,110,51,113,42,92" hai1="119,26,27,10,122,97,135,15,55,41,129,39,24" hai2="65,5,82,31,45,43,90,83,11,59,33,30,71" hai3="108,3,63,16,111,76,60,95,104,46,94,8,130"/><T38/><D127/><U17/><E119/><V61/><F33/><W132/><G104/><T84/><D113/><U18/><E122/><V34/><F34/><W93/><G130/><T4/><D38/><U13/><E129/><V106/><F106/><W86/><G132/><T101/><D4/><U47/><E135/><V80/><F71/><W28/><G28/><T79/><D110/><U120/><E120/><V64/><F90/><W89/><G76/><T117/><D21/><U126/><E126/><V114/><F114/><W14/><G3/><T67/><D92/><N who="3" m="35433" /><G111/><T56/><D68/><U6/><E97/><V22/><F22/><W88/><G89/><T102/><D117/><U98/><E98/><V23/><F23/><W87/><G87/><T44/><D79/><U107/><E107/><V99/><F99/><W0/><G0/><T37/><D37/><U134/><E134/><V118/><F118/><W100/><G100/><T7/><D7/><U69/><E69/><V52/><F31/><W53/><G108/><T74/><D74/><U109/><E109/><V29/><F29/><W70/><G70/><T85/><D85/><U91/><E91/><V12/><REACH who="2" step="1"/><F30/><REACH who="2" ten="470,218,132,170" step="2"/><W125/><G125/><T2/><D131/><U96/><E96/><V9/><F9/><W115/><G115/><T36/><D102/><U77/><E77/><V103/><F103/><W58/><G46/><T35/><D101/><U19/><REACH who="1" step="1"/><E55/><REACH who="1" ten="470,208,132,170" step="2"/><V50/><AGARI ba="4,2" hai="5,11,12,43,45,50,52,59,61,64,65,80,82,83" machi="50" ten="30,12000,2" yaku="1,1,0,1,8,1,52,2,54,1,53,0" doraHai="62" doraHaiUra="32" who="2" fromWho="2" sc="470,-64,208,-34,132,152,170,-34" /><INIT seed="5,0,0,2,3,19" ten="406,174,284,136" oya="1" hai0="59,122,10,32,58,98,103,107,102,82,76,67,72" hai1="45,0,44,29,42,101,133,68,127,1,2,89,9" hai2="87,26,116,78,11,86,83,117,121,97,16,88,85" hai3="106,112,110,69,28,119,126,105,56,118,57,70,66"/><U33/><E68/><N who="3" m="26218" /><G110/><T6/><D32/><U53/><E133/><V80/><F121/><W4/><G66/><T114/><D114/><U17/><E101/><V99/><F117/><N who="3" m="44555" /><G112/><T81/><D103/><U50/><E127/><V14/><F116/><W135/><G135/><T35/><D35/><U79/><E79/><N who="2" m="46239" /><F26/><W95/><G95/><AGARI ba="0,0" hai="11,14,16,78,83,86,87,88,95,97,99" m="46239" machi="95" ten="30,3900,0" yaku="8,1,54,2" doraHai="19" who="2" fromWho="3" sc="406,0,174,0,284,39,136,-39" /><INIT seed="6,0,0,3,4,106" ten="406,174,323,97" oya="2" hai0="35,116,36,120,46,54,31,7,69,15,67,129,79" hai1="42,91,77,115,0,135,58,8,85,23,25,105,14" hai2="40,47,62,84,49,55,2,93,100,83,112,66,33" hai3="130,132,108,103,3,121,86,41,26,113,21,95,75"/><V80/><F112/><W30/><G121/><T71/><D129/><U88/><E105/><V59/><F2/><W128/><G108/><T87/><D71/><U34/><E115/><V104/><F33/><W29/><G3/><T1/><D69/><U5/><E135/><V57/><F104/><W82/><G113/><T81/><D67/><U38/><E38/><V19/><F19/><W13/><G132/><T17/><D116/><U133/><E42/><V99/><REACH who="2" step="1"/><F84/><REACH who="2" ten="406,174,313,97" step="2"/><W16/><G86/><T117/><D35/><U114/><E114/><V65/><F65/><W126/><G130/><T90/><D17/><U63/><E133/><V127/><F127/><W61/><G126/><T72/><D1/><U53/><E34/><V118/><F118/><W107/><G107/><T76/><D87/><U60/><E0/><V102/><F102/><W122/><G103/><T20/><D117/><U96/><E96/><V11/><F11/><W68/><G128/><T98/><D98/><U92/><E91/><V97/><F97/><W123/><G123/><T125/><D90/><U70/><E70/><V12/><F12/><W56/><G68/><T110/><D15/><U10/><E10/><V131/><F131/><W22/><G122/><T51/><D120/><U78/><E63/><AGARI ba="0,1" hai="40,47,49,55,57,59,62,63,66,80,83,93,99,100" machi="63" ten="30,5800,0" yaku="1,1,7,1,8,1,53,0" doraHai="106" doraHaiUra="134" who="2" fromWho="1" sc="406,0,174,-58,313,68,97,0" /><INIT seed="6,1,0,5,3,98" ten="406,116,381,97" oya="2" hai0="74,62,7,116,66,77,6,135,38,12,132,81,130" hai1="99,32,122,117,111,27,106,92,2,14,100,26,85" hai2="59,51,16,63,29,76,110,118,30,48,87,108,25" hai3="82,69,90,8,28,80,101,102,13,134,73,94,133"/><V114/><F114/><W21/><G69/><T88/><D130/><U113/><E111/><N who="2" m="42539" /><F118/><W119/><G119/><T127/><D127/><U58/><E2/><V75/><F75/><W11/><G28/><N who="2" m="10857" /><F76/><W112/><G21/><T68/><D38/><U31/><E117/><V109/><F109/><W124/><G124/><T46/><D46/><U97/><E113/><V96/><F87/><W49/><G49/><T35/><D35/><U42/><E122/><V95/><F25/><W86/><G112/><T115/><D115/><U64/><E27/><V39/><F16/><N who="3" m="8231" /><G11/><T60/><D116/><U72/><E72/><V65/><F39/><W5/><G5/><T67/><D7/><U47/><E85/><V53/><F65/><W125/><G125/><T105/><D74/><U4/><E4/><V120/><F120/><W89/><G80/><T79/><D81/><U52/><E64/><V33/><F33/><W93/><G82/><T131/><D6/><U23/><E14/><V15/><F15/><W104/><G104/><T43/><D105/><U70/><E70/><V121/><F121/><W37/><G37/><T123/><D12/><U61/><E32/><V45/><F45/><W44/><G44/><T103/><D123/><U24/><E24/><V3/><F3/><W126/><G73/><T71/><D71/><U19/><E31/><V40/><F40/><W20/><G126/><T0/><D68/><U1/><E1/><V10/><F10/><W50/><G20/><T18/><D0/><U36/><E106/><V55/><F55/><W17/><G17/><T78/><D18/><RYUUKYOKU ba="1,0" sc="406,-15,116,15,381,15,97,-15" hai1="19,23,26,36,42,47,52,58,61,92,97,99,100" hai2="48,51,53,59,63,95,96" /><INIT seed="6,2,0,2,1,53" ten="391,131,396,82" oya="2" hai0="16,87,63,133,6,17,0,15,2,43,13,1,30" hai1="45,98,14,110,3,128,121,8,107,135,11,46,134" hai2="5,47,78,97,41,119,103,123,51,38,106,29,12" hai3="113,23,117,37,102,65,50,54,40,55,34,36,7"/><V89/><F119/><W79/><G34/><T61/><D43/><U67/><E110/><V92/><F123/><W81/><G117/><T94/><D133/><N who="1" m="50699" /><E121/><V44/><F29/><W64/><G7/><T35/><D87/><U71/><E128/><V127/><F127/><W75/><G113/><T60/><D94/><U59/><E71/><V74/><F5/><W126/><G55/><T28/><D6/><N who="1" m="1119" /><E98/><V25/><F25/><W116/><G116/><T52/><D52/><U20/><E107/><V68/><F68/><W57/><G126/><T56/><D56/><U96/><E20/><V18/><F74/><W112/><G112/><T90/><D90/><U21/><E21/><V83/><F83/><W32/><G32/><T77/><D77/><U130/><E96/><V48/><F78/><W88/><G88/><T115/><D115/><U95/><E95/><V39/><F47/><W93/><G93/><T49/><D35/><U109/><E130/><V84/><REACH who="2" step="1"/><F39/><REACH who="2" ten="391,131,386,82" step="2"/><W104/><G36/><T4/><D4/><N who="1" m="3431" /><E109/><V73/><F73/><W114/><G114/><T69/><D69/><U66/><E66/><V125/><F125/><W91/><G64/><T19/><D2/><U122/><E122/><V111/><F111/><W27/><G65/><T101/><D1/><U10/><E10/><AGARI ba="2,1" hai="10,12,18,38,41,44,48,51,84,89,92,97,103,106" machi="10" ten="30,2900,0" yaku="1,1,7,1,53,0" doraHai="53" doraHaiUra="24" who="2" fromWho="1" sc="391,0,131,-35,386,45,82,0" /><INIT seed="6,3,0,0,4,112" ten="391,96,431,82" oya="2" hai0="46,68,110,55,118,122,135,82,94,69,109,8,51" hai1="43,12,63,20,66,126,9,132,111,32,86,2,53" hai2="85,120,101,131,64,72,74,28,76,117,13,33,41" hai3="71,58,113,108,115,124,127,96,84,7,22,106,37"/><V116/><F120/><W102/><G37/><T3/><D94/><U125/><E111/><N who="0" m="42505" /><D8/><U114/><E32/><V29/><F131/><W119/><G108/><T60/><D82/><U62/><E2/><V103/><F85/><W18/><G71/><N who="0" m="27211" /><D3/><U14/><E114/><N who="3" m="43530" /><G7/><T123/><D135/><U10/><E43/><V31/><F76/><W30/><G30/><T4/><D4/><U128/><E66/><V59/><F64/><W16/><G58/><N who="0" m="34911" /><D118/><N who="2" m="45674" /><F13/><N who="3" m="9487" /><G119/><T129/><D129/><U36/><E128/><V88/><F88/><W52/><G84/><T26/><D26/><U27/><E86/><V11/><F11/><W87/><G87/><T6/><D6/><U24/><E36/><V92/><F92/><W97/><G97/><T79/><D79/><U130/><E130/><V1/><F1/><W65/><G18/><T19/><D19/><U121/><E121/><V133/><F133/><W73/><G73/><N who="2" m="28265" /><F33/><W98/><G98/><T83/><D83/><U44/><E132/><V105/><F105/><W89/><G89/><T15/><D15/><U77/><E77/><V17/><F17/><W49/><G65/><T100/><D100/><N who="2" m="38474" /><F59/><W81/><G81/><T57/><D57/><U99/><E99/><V75/><N who="2" m="28273" /><V25/><DORA hai="38" /><F25/><W54/><G96/><T23/><D23/><U104/><E20/><V134/><F134/><W45/><G106/><T67/><D67/><U35/><E104/><V90/><F90/><W93/><G93/><T42/><AGARI ba="3,0" hai="42,46,51,122,123" m="34911,27211,42505" machi="42" ten="30,4000,0" yaku="34,2,52,1" doraHai="112,38" who="0" fromWho="0" sc="391,49,96,-13,431,-23,82,-13" /><INIT seed="7,0,0,2,4,116" ten="440,83,408,69" oya="3" hai0="39,100,84,5,26,33,28,96,101,121,40,10,88" hai1="23,2,127,62,37,54,25,15,42,87,43,17,9" hai2="7,134,105,114,89,74,38,45,117,69,129,112,57" hai3="135,107,122,113,27,83,47,124,111,59,0,78,4"/><W49/><G107/><T77/><D121/><U36/><E2/><V90/><F105/><W60/><G122/><T53/><D77/><U67/><E127/><V41/><F117/><W133/><G124/><T102/><D53/><U109/><E109/><V70/><F74/><W97/><G111/><T11/><D40/><U6/><E37/><V51/><F129/><W1/><G97/><T75/><D75/><U64/><E36/><V132/><F7/><W86/><G27/><T72/><D72/><U55/><E87/><V44/><F89/><W115/><G4/><T103/><D39/><U8/><E8/><V82/><F90/><W76/><G78/><T131/><D131/><U22/><E22/><V24/><F82/><W130/><G130/><T21/><D33/><U71/><E42/><N who="2" m="24983" /><F57/><W119/><G119/><T13/><D103/><U93/><E43/><V118/><F24/><W61/><G0/><T29/><D11/><U120/><E120/><V104/><F118/><W81/><G83/><N who="0" m="49183" /><D29/><U50/><E67/><V34/><F34/><W125/><G1/><T3/><D3/><U14/><E14/><V110/><F110/><W63/><G59/><T85/><D85/><U48/><E93/><AGARI ba="0,0" hai="5,10,13,21,26,28,93,96,100,101,102" m="49183" machi="93" ten="30,2000,0" yaku="8,1,54,1" doraHai="116" who="0" fromWho="1" sc="440,20,83,-20,408,0,69,0" owari="460,56.0,63,-44.0,408,21.0,69,-33.0" /></mjloggm>