<mjloggm ver="2.3"><GO type="41" lobby="0"/><UN n0="%73%61%6B%6B%75%2B" n1="%E2%93%9D%53%75%70%68%78" n2="%E8%9B%8D%E7%83%8F%E8%B3%8A" n3="%E5%8B%98%E5%86%B4%E3%81%88%E3%81%A6%E6%82%94%E3%81%97%E3%81%84%E3%82%8F" dan="15,18,14,13" rate="1998.02,2079.48,1827.12,1940.74" sx="M,M,M,F"/><TAIKYOKU oya="0"/><INIT seed="0,0,0,3,5,48" ten="250,250,250,250" oya="0" hai0="18,32,27,19,57,2,1,105,0,74,131,38,80" hai1="116,17,24,76,98,92,89,130,53,26,33,95,50" hai2="84,61,23,100,70,13,110,128,102,39,16,114,21" hai3="31,22,4,65,44,133,29,115,103,35,106,120,101"/><T69/><D69/><U62/><E130/><V112/><F39/><W9/><G120/><T54/><D131/><U132/><E132/><V43/><F43/><W83/><G133/><T14/><D38/><U90/><E116/><V135/><F128/><W126/><G115/><T45/><D45/><U97/><E33/><V25/><F135/><W52/><G126/><T87/><D74/><U66/><E76/><V55/><F110/><W134/><G134/><T72/><D72/><U88/><E17/><V124/><F124/><W58/><G106/><T75/><D75/><U107/><E90/><V82/><F70/><W91/><G35/><T129/><D105/><U93/><E93/><V122/><F122/><W8/><G22/><T108/><D108/><U34/><E34/><V121/><F121/><W104/><G104/><T46/><D46/><N who="1" m="27863" /><E107/><V15/><F15/><N who="3" m="5511" /><G44/><T96/><D129/><U41/><E41/><V99/><F99/><W86/><G65/><T7/><D32/><U12/><E12/><V113/><F61/><N who="3" m="36039" /><G9/><T67/><D67/><U111/><E111/><V71/><F55/><W28/><AGARI ba="0,0" hai="28,29,31,83,86,91,101,103" m="36039,5511" machi="28" ten="30,4000,0" yaku="8,1,52,1,54,1" doraHai="48" who="3" fromWho="3" sc="250,-20,250,-10,250,-10,250,40" /><INIT seed="1,0,0,2,1,21" ten="230,240,240,290" oya="1" hai0="60,29,44,72,98,131,33,67,113,121,93,30,54" hai1="101,127,76,19,85,119,56,69,70,28,112,104,134" hai2="123,110,114,115,117,107,2,47,92,50,40,129,61" hai3="128,22,106,122,39,63,24,87,45,135,3,94,96"/><U73/><E112/><N who="2" m="43051" /><F2/><W130/><G122/><T77/><D121/><U4/><E4/><V103/><F123/><W84/><G3/><T9/><D131/><N who="3" m="50217" /><G106/><T52/><D33/><U116/><E19/><V71/><F129/><W120/><G135/><T38/><D9/><U118/><E56/><V14/><F107/><W6/><G6/><T97/><D113/><U100/><E28/><V26/><F14/><W31/><G63/><T89/><D97/><U105/><E85/><V12/><F12/><W132/><G132/><T62/><D38/><U51/><E134/><V88/><F117/><W65/><G65/><T37/><D37/><U86/><E86/><N who="2" m="52247" /><F103/><N who="3" m="60823" /><G120/><T58/><D72/><U35/><E73/><V102/><F102/><W32/><G32/><T99/><D67/><U7/><E35/><V133/><F133/><W36/><G36/><T90/><D77/><U64/><E76/><V46/><F110/><W13/><G13/><T75/><D75/><U43/><E105/><V111/><F111/><W0/><G0/><T23/><D93/><U126/><E104/><V49/><F71/><N who="1" m="27145" /><E7/><V41/><F61/><W25/><G39/><T66/><D62/><U48/><E101/><V125/><F125/><N who="1" m="47625" /><E100/><V81/><F81/><W83/><G83/><T15/><D60/><U20/><E64/><V34/><F34/><N who="3" m="20839" /><G45/><T42/><D44/><N who="1" m="25631" /><E51/><V1/><F1/><W55/><G84/><T74/><D66/><U80/><E80/><V8/><F8/><W78/><G87/><T11/><D11/><U82/><E82/><V95/><F95/><W59/><G78/><T108/><D74/><RYUUKYOKU ba="0,0" sc="230,-15,240,15,240,15,290,-15" hai1="20,116,118,119" hai2="26,40,41,46,47,49,50" /><INIT seed="1,1,0,5,4,39" ten="215,255,255,275" oya="1" hai0="46,112,114,21,105,73,48,24,53,5,18,50,108" hai1="88,106,80,125,42,47,34,70,8,110,127,55,94" hai2="130,83,41,22,84,38,40,129,69,52,7,20,25" hai3="134,121,9,116,59,71,67,2,60,75,103,115,57"/><U61/><E106/><V27/><F7/><W122/><G116/><T45/><D108/><U56/><E34/><V109/><F69/><W13/><G75/><T77/><D105/><U96/><E110/><V107/><F38/><W72/><G72/><T111/><D111/><U3/><E70/><V85/><F107/><W11/><G134/><T132/><D132/><U68/><E68/><V17/><F109/><W78/><G78/><T135/><D135/><U100/><E8/><V54/><F17/><W16/><G115/><T44/><D5/><U101/><E3/><V119/><REACH who="2" step="1"/><F83/><REACH who="2" ten="215,255,245,275" step="2"/><W6/><REACH who="3" step="1"/><G103/><REACH who="3" ten="215,255,245,265" step="2"/><T102/><D102/><U104/><E101/><V118/><AGARI ba="1,2" hai="20,22,25,27,40,41,52,54,84,85,118,119,129,130" machi="118" ten="25,16000,3" yaku="1,1,2,1,0,1,22,2,52,2,54,1,53,0" doraHai="39" doraHaiUra="30" who="2" fromWho="2" sc="215,-41,255,-81,245,183,265,-41" /><INIT seed="2,0,0,4,4,105" ten="174,174,428,224" oya="2" hai0="19,9,1,23,35,74,89,113,3,125,31,121,37" hai1="72,15,2,88,69,127,80,120,28,77,96,82,32" hai2="133,99,109,53,118,12,116,131,86,63,94,95,134" hai3="44,83,39,59,114,0,106,30,60,73,29,122,6"/><V81/><F131/><W70/><G122/><T36/><D121/><U4/><E120/><V92/><F12/><W33/><G114/><T55/><D113/><U135/><E69/><V119/><F109/><W56/><G106/><T54/><D125/><U49/><E2/><V87/><F63/><W13/><G70/><T51/><D89/><U25/><E135/><N who="2" m="51723" /><F53/><W10/><G59/><T22/><D35/><U64/><E64/><V26/><F26/><W110/><G33/><T65/><D65/><U124/><E49/><V108/><F108/><W101/><G101/><T61/><D61/><U117/><E117/><V14/><F14/><W115/><G115/><T27/><D9/><U84/><REACH who="1" step="1"/><E96/><REACH who="1" ten="174,164,428,224" step="2"/><V76/><F87/><W24/><G110/><T104/><D51/><U48/><E48/><V38/><F38/><W67/><G24/><T129/><D27/><U11/><AGARI ba="0,1" hai="4,11,15,25,28,32,72,77,80,82,84,88,124,127" machi="11" ten="30,7900,0" yaku="1,1,0,1,52,1,54,1,53,0" doraHai="105" doraHaiUra="102" who="1" fromWho="1" sc="174,-20,164,89,428,-39,224,-20" /><INIT seed="3,0,0,2,0,59" ten="154,253,389,204" oya="3" hai0="14,64,115,49,52,83,131,96,70,91,117,86,106" hai1="50,107,13,124,79,69,84,11,33,114,135,9,92" hai2="24,17,0,56,77,45,119,60,2,15,32,132,1" hai3="126,78,123,38,44,4,128,130,87,101,36,68,61"/><W74/><G123/><T75/><D117/><U67/><E107/><V47/><F119/><W55/><G74/><T27/><D131/><N who="3" m="50217" /><G101/><T18/><D115/><U71/><E33/><V48/><F132/><W98/><G98/><T39/><D39/><N who="3" m="14889" /><G4/><T66/><D75/><U37/><E124/><V93/><F77/><W65/><G87/><T6/><D6/><U62/><E114/><V16/><F93/><W103/><G103/><T58/><D27/><U108/><E92/><V20/><F32/><W72/><G72/><T54/><D70/><U121/><E71/><V104/><F104/><W76/><G126/><T129/><D129/><U94/><E121/><V73/><F73/><W113/><G113/><T134/><D134/><U100/><E37/><V41/><F47/><W82/><G82/><T111/><D111/><U10/><E108/><V43/><F43/><W90/><G90/><T51/><D96/><U8/><E135/><V46/><F46/><W110/><G110/><T22/><REACH who="0" step="1"/><D106/><REACH who="0" ten="144,253,389,204" step="2"/><U63/><E100/><V30/><REACH who="2" step="1"/><F15/><REACH who="2" ten="144,253,379,204" step="2"/><W7/><G7/><T23/><D23/><U26/><E13/><V97/><F97/><W116/><G116/><T35/><D35/><U5/><E5/><V89/><F89/><W40/><G40/><T12/><D12/><U21/><E21/><V88/><F88/><W127/><G127/><T125/><D125/><U53/><E11/><V112/><F112/><W3/><G3/><T109/><D109/><U57/><E10/><V29/><F29/><W42/><G42/><T99/><D99/><U80/><E9/><V95/><F95/><RYUUKYOKU ba="0,2" sc="144,10,253,-30,379,10,204,10" hai0="14,18,22,49,51,52,54,58,64,66,83,86,91" hai2="0,1,2,16,17,20,24,30,41,45,48,56,60" hai3="44,55,61,65,68,76,78" /><INIT seed="3,1,2,4,2,110" ten="154,223,389,214" oya="3" hai0="11,135,30,32,113,42,129,114,118,15,61,70,100" hai1="18,104,117,93,19,82,87,83,78,72,14,115,8" hai2="85,12,44,47,65,121,53,45,21,84,69,0,123" hai3="51,52,132,41,13,94,128,73,96,125,9,17,66"/><W6/><G73/><T133/><D118/><U127/><E117/><V107/><F0/><W75/><G75/><T92/><D129/><U60/><E104/><V67/><F107/><W23/><G128/><T103/><D42/><U59/><E127/><V7/><F53/><W134/><G125/><T97/><D103/><U80/><E115/><N who="0" m="44041" /><D30/><U101/><E19/><N who="2" m="10471" /><F7/><W37/><G41/><T108/><D32/><U50/><E50/><V105/><F105/><W49/><G37/><T130/><D108/><U38/><E38/><V34/><F34/><W86/><G66/><N who="2" m="25097" /><F69/><W25/><G86/><T57/><D70/><U36/><E72/><V102/><F102/><W27/><G27/><T10/><D130/><U76/><E36/><V28/><F28/><W79/><G79/><T20/><D20/><U43/><E43/><V33/><F33/><W95/><G95/><T62/><D11/><U46/><E78/><V35/><F35/><W71/><G71/><T48/><D48/><U31/><E76/><V91/><F91/><W81/><G81/><T22/><D22/><U119/><E119/><V55/><F55/><W98/><G51/><T90/><D100/><U5/><E101/><V56/><F56/><N who="3" m="32783" /><G94/><T122/><D122/><AGARI ba="1,2" hai="44,45,47,84,85,121,122,123" m="25097,10471" machi="122" ten="30,1000,0" yaku="13,1" doraHai="110" who="2" fromWho="0" sc="154,-13,223,0,389,33,214,0" /><INIT seed="4,0,0,5,4,7" ten="141,223,422,214" oya="0" hai0="11,9,79,116,119,114,107,127,39,98,46,86,13" hai1="52,118,2,18,23,129,110,76,111,126,120,103,117" hai2="135,132,94,67,96,48,42,82,128,30,105,95,36" hai3="34,33,53,65,59,60,63,81,72,31,113,0,121"/><T70/><D70/><U66/><E76/><V101/><F36/><W99/><G121/><T133/><D114/><U108/><E103/><V35/><F67/><W125/><G113/><T130/><D130/><U77/><E77/><V88/><F35/><W17/><G0/><T93/><D127/><U5/><E52/><V104/><F30/><W12/><G125/><T10/><D133/><N who="2" m="51274" /><F42/><W123/><G123/><T37/><D13/><U71/><E66/><V20/><F20/><W91/><G72/><T74/><D74/><U134/><E71/><V58/><F48/><W85/><G31/><T6/><D6/><U64/><E64/><V40/><F58/><W54/><G34/><T97/><D37/><U124/><E120/><V84/><F40/><W112/><G33/><T28/><D28/><U21/><E134/><V38/><F38/><W90/><G112/><T62/><D62/><U115/><E115/><V14/><F14/><W26/><G26/><T78/><D107/><N who="2" m="41034" /><F128/><W131/><G131/><T27/><D27/><N who="1" m="14775" /><E129/><V51/><F51/><W47/><G47/><T87/><D46/><U32/><E32/><V15/><F15/><W16/><G12/><T57/><D39/><U92/><E23/><V83/><AGARI ba="0,0" hai="82,83,84,88,94,95,96,101" m="41034,51274" machi="83" ten="40,8000,1" yaku="20,1,34,2,54,1" doraHai="7" who="2" fromWho="2" sc="141,-40,223,-20,422,80,214,-20" /><INIT seed="5,0,0,0,0,18" ten="101,203,502,194" oya="1" hai0="102,115,101,133,91,64,119,13,135,83,61,43,63" hai1="12,35,46,25,78,86,124,105,114,125,82,54,26" hai2="66,107,131,60,14,70,49,44,88,75,80,32,62" hai3="24,93,53,85,40,87,72,7,36,123,42,98,20"/><U92/><E105/><V121/><F121/><W33/><G123/><T39/><D119/><U47/><E114/><V45/><F107/><W6/><G72/><T59/><D115/><U103/><E12/><V71/><F32/><W132/><G33/><T134/><D43/><U30/><E26/><V104/><F104/><W2/><G2/><T118/><D39/><U51/><REACH who="1" step="1"/><E47/><REACH who="1" ten="101,193,502,194" step="2"/><V96/><F45/><W106/><G24/><T74/><D118/><U9/><E9/><V90/><F14/><W128/><G106/><T57/><D13/><U31/><E31/><V122/><F122/><W116/><G116/><T100/><D74/><U126/><E126/><V17/><F75/><W52/><G128/><T5/><D5/><N who="3" m="1545" /><G132/><T77/><D135/><U48/><E48/><V50/><F50/><W99/><G36/><T8/><D134/><U113/><E113/><V21/><F131/><W34/><G34/><T56/><D133/><U73/><E73/><V67/><F49/><W68/><G68/><T41/><D8/><U127/><E127/><V37/><F44/><W111/><G111/><T29/><D29/><U58/><E58/><V65/><F37/><W94/><G94/><T28/><D28/><U15/><E15/><V1/><F71/><W81/><G93/><T3/><D3/><U16/><E16/><V117/><F70/><W22/><G81/><T4/><D83/><U19/><E19/><V69/><F69/><W130/><G130/><T110/><D110/><U120/><E120/><V109/><F1/><W84/><G40/><T76/><D41/><U38/><E38/><RYUUKYOKU ba="0,1" sc="101,-10,193,30,502,-10,194,-10" hai1="25,30,35,46,51,54,78,82,86,92,103,124,125" /><INIT seed="5,1,1,1,5,75" ten="91,223,492,184" oya="1" hai0="125,76,45,87,90,118,60,31,28,85,81,35,121" hai1="93,126,29,70,69,132,95,111,23,12,5,17,37" hai2="117,73,89,46,40,15,113,8,116,127,7,27,123" hai3="68,80,98,14,25,104,122,57,65,78,128,120,107"/><U0/><E37/><V38/><F123/><W52/><G68/><T86/><D118/><U130/><E130/><V129/><F129/><W110/><G65/><T19/><D121/><U79/><E132/><V112/><F73/><W102/><G110/><T71/><D125/><U74/><E126/><V50/><F127/><W94/><G128/><T48/><D19/><U53/><E29/><V32/><F38/><W66/><G66/><T10/><D10/><U18/><E0/><V59/><F32/><W54/><G54/><T64/><D35/><U84/><E5/><V49/><F27/><W103/><G25/><T97/><D97/><U99/><E74/><V13/><F89/><W61/><G102/><T26/><D26/><U133/><E133/><V58/><F46/><W134/><G134/><T22/><D22/><U91/><E111/><V135/><F135/><W92/><G92/><T39/><D39/><U1/><E1/><V105/><F105/><W11/><G120/><T82/><REACH who="0" step="1"/><D87/><REACH who="0" ten="81,223,492,184" step="2"/><U63/><E18/><V114/><F8/><W36/><G36/><T101/><D101/><U43/><E23/><V115/><F115/><W3/><G122/><T20/><D20/><U67/><E17/><V42/><F114/><W109/><G109/><T55/><AGARI ba="1,2" hai="28,31,45,48,55,60,64,71,76,81,82,85,86,90" machi="55" ten="20,12000,2" yaku="1,1,0,1,7,1,52,1,53,2" doraHai="75" doraHaiUra="83" who="0" fromWho="0" sc="81,143,223,-61,492,-31,184,-31" /><INIT seed="6,0,0,1,1,39" ten="224,162,461,153" oya="2" hai0="44,48,105,7,83,24,15,18,23,34,113,114,115" hai1="135,77,1,103,45,122,63,92,118,27,93,25,86" hai2="65,89,19,8,21,37,46,4,132,6,125,82,95" hai3="71,116,117,57,35,2,78,102,72,53,106,101,111"/><V14/><F132/><W38/><G71/><T49/><D105/><U88/><E118/><V97/><F125/><W22/><G38/><T20/><D34/><U73/><E1/><V42/><F65/><W5/><G35/><T79/><D7/><U61/><E135/><V12/><F82/><W50/><G111/><T58/><D58/><U54/><E73/><V68/><F68/><W59/><G106/><T80/><D80/><U13/><E77/><V94/><F94/><W96/><G78/><T75/><D44/><U99/><E122/><V62/><F62/><N who="1" m="23561" /><E13/><V129/><F129/><W108/><G72/><T121/><D121/><U98/><E86/><V85/><F85/><W128/><G128/><T16/><AGARI ba="0,0" hai="15,16,18,20,23,24,48,49,75,79,83,113,114,115" machi="16" ten="40,5200,0" yaku="0,1,15,1,54,1" doraHai="39" who="0" fromWho="0" sc="224,52,162,-13,461,-26,153,-13" /><INIT seed="7,0,0,0,4,117" ten="276,149,435,140" oya="3" hai0="7,132,79,32,37,25,22,66,5,84,18,57,92" hai1="35,94,113,15,10,58,2,85,6,20,43,110,121" hai2="97,78,62,74,108,134,100,103,17,88,81,123,129" hai3="75,33,118,105,12,29,125,39,69,106,41,49,133"/><W8/><G69/><T112/><D37/><U111/><E43/><V44/><F108/><W71/><G71/><T4/><D32/><U1/><E58/><V76/><F76/><W38/><G118/><T53/><D132/><U72/><E72/><V116/><F116/><W47/><G75/><T23/><D112/><U24/><E94/><V64/><F134/><W86/><G133/><T40/><D40/><U127/><E85/><V70/><F129/><W3/><G3/><N who="1" m="1034" /><E127/><V130/><F130/><W13/><G125/><T16/><D66/><U126/><E126/><V135/><F123/><W131/><G131/><T19/><D92/><U128/><E128/><V120/><F120/><W80/><G12/><T82/><D25/><U46/><E46/><V55/><F88/><W0/><G0/><T104/><D104/><N who="3" m="40041" /><G29/><T68/><D68/><U30/><E121/><V31/><F31/><W60/><G60/><AGARI ba="0,0" hai="4,5,7,16,18,19,22,23,53,57,60,79,82,84" machi="60" ten="40,2600,0" yaku="8,1,54,1" doraHai="117" who="0" fromWho="3" sc="276,26,149,0,435,0,140,-26" owari="302,10.0,149,-25.0,435,54.0,114,-39.0" /></mjloggm>