<mjloggm ver="2.3"><GO type="41" lobby="0"/><UN n0="%74%40%6D%61" n1="%E2%93%9D%53%75%70%68%78" n2="%EF%BC%A5%EF%BC%AC%EF%BC%AC%EF%BC%A5%EF%BC%97" n3="%E3%83%91%E3%83%B3%E3%80%82" dan="15,18,15,15" rate="1995.09,2081.19,2031.54,1989.78" sx="M,M,M,M"/><TAIKYOKU oya="0"/><INIT seed="0,0,0,3,5,19" ten="250,250,250,250" oya="0" hai0="112,117,114,33,30,115,26,40,116,42,22,20,34" hai1="39,27,103,75,97,113,120,13,106,54,35,52,123" hai2="24,119,118,15,1,71,132,127,94,59,130,6,0" hai3="38,23,8,61,110,128,133,69,73,29,122,78,79"/><T85/><D85/><U2/><E2/><V89/><F71/><W91/><G38/><T105/><D105/><U17/><E39/><V93/><F127/><W107/><G107/><T129/><D129/><U62/><E75/><V77/><F130/><W66/><G110/><T56/><D56/><U51/><E113/><V4/><F77/><W36/><G36/><T32/><D42/><U108/><E108/><V90/><F24/><W60/><G60/><T3/><D40/><U21/><E62/><V28/><F28/><W64/><G64/><T88/><D3/><U7/><E54/><V16/><F132/><W10/><G122/><T57/><D57/><U43/><E43/><V50/><F59/><W134/><G128/><T96/><D96/><U72/><E72/><V48/><F15/><W46/><G46/><T45/><D88/><U11/><REACH who="1" step="1"/><E35/><REACH who="1" ten="250,240,250,250" step="2"/><N who="0" m="13385" /><D45/><AGARI ba="0,1" hai="7,11,13,17,21,27,45,51,52,97,103,106,120,123" machi="45" ten="30,7700,0" yaku="1,1,7,1,52,1,54,1,53,0" doraHai="19" doraHaiUra="109" who="1" fromWho="0" sc="250,-77,240,87,250,0,250,0" /><INIT seed="1,0,0,4,5,74" ten="173,327,250,250" oya="1" hai0="127,73,82,80,16,5,135,121,17,37,56,59,1" hai1="110,129,108,23,36,99,119,48,77,71,130,104,85" hai2="100,26,103,126,98,111,118,9,7,133,11,50,24" hai3="102,0,20,68,124,53,6,30,116,4,51,45,60"/><U41/><E23/><V83/><F118/><W57/><G124/><T32/><D32/><U28/><E28/><V70/><F70/><W47/><G116/><T58/><D121/><U13/><E119/><V55/><F126/><W81/><G0/><T134/><D37/><U91/><E48/><V131/><F111/><N who="1" m="42537" /><E13/><V89/><F133/><N who="0" m="50698" /><D127/><U88/><E71/><V92/><F131/><N who="1" m="50185" /><E41/><V120/><F120/><W67/><G51/><T107/><D107/><U132/><E36/><V43/><F43/><W109/><G20/><T27/><D27/><U8/><E8/><V94/><F55/><W95/><G53/><T15/><D1/><U87/><E132/><V31/><F50/><W72/><G30/><T35/><D35/><U101/><E87/><V86/><F31/><W78/><G109/><T49/><D49/><U10/><E10/><V65/><F65/><W3/><G3/><T75/><D5/><U61/><E61/><V79/><F11/><W25/><G60/><T2/><D2/><U115/><E115/><V12/><F103/><W18/><G102/><T52/><D52/><U84/><E84/><AGARI ba="0,0" hai="7,9,12,24,26,79,83,84,86,89,92,94,98,100" machi="84" ten="30,3900,0" yaku="7,1,8,1,52,1" doraHai="74" who="2" fromWho="1" sc="173,0,327,-39,250,39,250,0" /><INIT seed="2,0,0,4,4,104" ten="173,288,289,250" oya="2" hai0="7,35,86,98,60,126,16,20,111,31,54,100,28" hai1="26,23,25,116,43,17,8,83,84,70,22,92,131" hai2="129,120,62,132,58,49,103,108,77,29,67,19,50" hai3="114,45,73,1,88,38,24,93,36,107,121,127,89"/><V55/><F120/><W124/><G107/><T113/><D111/><U47/><E70/><V110/><F29/><W18/><G121/><T97/><D113/><U69/><E69/><V42/><F103/><W94/><G1/><T27/><D126/><U15/><E131/><V10/><F10/><W76/><G114/><T37/><D37/><U105/><E105/><V135/><F19/><W56/><G56/><N who="0" m="34839" /><D35/><U9/><E92/><V65/><F129/><W14/><G24/><T90/><D7/><U53/><E116/><V40/><F77/><W102/><G102/><T2/><D2/><U74/><E74/><V122/><F122/><W13/><G45/><T118/><D118/><U125/><E125/><V63/><F62/><W134/><G76/><T133/><D133/><N who="2" m="51274" /><F67/><W30/><G134/><T85/><D85/><U99/><E84/><V52/><F50/><W128/><G128/><T48/><D48/><U75/><E75/><V78/><F78/><W64/><G64/><T106/><D106/><U44/><E17/><V41/><F55/><W68/><G18/><T117/><D117/><U80/><E53/><V0/><F0/><W101/><G101/><T46/><D100/><U4/><E4/><V72/><F72/><W87/><G73/><T39/><D98/><U11/><E99/><V32/><F32/><W66/><G66/><T33/><D97/><U123/><E123/><V51/><F51/><W81/><G30/><T79/><D79/><U21/><E15/><V5/><F5/><W95/><G124/><T59/><D33/><U12/><E12/><V6/><F6/><RYUUKYOKU ba="0,0" sc="173,-10,288,-10,289,30,250,-10" hai2="40,41,42,49,52,58,63,65,108,110" /><INIT seed="2,1,0,0,2,104" ten="163,278,319,240" oya="2" hai0="72,35,3,8,71,16,109,29,88,83,113,9,12" hai1="4,96,68,13,99,125,42,5,89,0,116,26,19" hai2="34,22,82,52,117,121,36,118,133,45,48,20,92" hai3="110,119,115,75,24,112,114,14,107,103,2,27,73"/><V101/><F121/><W105/><G2/><T43/><D71/><U25/><E68/><V64/><F34/><W28/><G119/><T76/><D109/><U106/><E116/><V41/><F133/><W79/><G79/><T46/><D113/><U10/><E42/><V131/><F131/><W7/><G110/><T80/><D29/><U54/><E125/><V69/><F118/><W90/><G90/><T17/><D35/><U58/><E106/><N who="3" m="40458" /><G103/><T74/><D9/><U53/><E53/><V23/><F117/><W135/><G135/><T31/><D31/><U50/><E0/><V66/><F82/><W132/><G132/><T33/><D33/><U32/><E32/><V55/><F69/><W126/><G126/><T11/><D12/><U62/><E62/><V70/><F70/><W47/><G47/><T94/><D11/><U127/><E127/><V56/><F55/><W87/><G87/><T1/><D3/><U30/><E30/><V81/><REACH who="2" step="1"/><F81/><REACH who="2" ten="163,278,309,240" step="2"/><W91/><G114/><T63/><D80/><U85/><E5/><V6/><F6/><W134/><G7/><N who="0" m="1135" /><D63/><U98/><REACH who="1" step="1"/><E4/><REACH who="1" ten="163,268,309,240" step="2"/><V39/><F39/><W102/><G134/><T40/><D40/><U97/><N who="1" m="24576" /><DORA hai="49" /><U57/><E57/><V51/><F51/><W61/><G115/><T130/><D43/><U124/><E124/><V128/><F128/><W77/><G112/><T86/><D130/><U21/><E21/><V84/><F84/><W100/><G61/><T15/><D86/><U123/><E123/><V67/><F67/><W95/><G75/><T65/><D74/><U111/><E111/><RYUUKYOKU ba="1,2" sc="163,-15,268,15,309,15,240,-15" hai1="10,13,19,25,26,50,54,58,85,89" hai2="20,22,23,36,41,45,48,52,56,64,66,92,101" /><INIT seed="2,2,2,3,3,133" ten="148,283,324,225" oya="2" hai0="102,121,11,32,34,80,38,17,4,119,75,93,21" hai1="36,30,131,43,120,12,123,65,52,83,100,46,96" hai2="78,27,59,111,0,89,134,23,97,129,18,29,91" hai3="79,28,50,122,37,92,24,103,61,135,85,104,127"/><V67/><F0/><W108/><G37/><T9/><D38/><U57/><E131/><V113/><F113/><W35/><G122/><N who="1" m="46634" /><E30/><V82/><F134/><W40/><G108/><T22/><D119/><U58/><E65/><V1/><F1/><W3/><G3/><N who="0" m="159" /><D75/><U107/><E12/><V126/><F111/><W5/><G5/><T10/><D93/><U63/><E58/><V105/><F129/><W41/><G104/><T118/><D80/><AGARI ba="2,2" hai="36,43,46,52,57,63,80,83,96,100,107" m="46634" machi="80" ten="30,2000,0" yaku="13,1,54,1" doraHai="133" who="1" fromWho="0" sc="148,-26,283,46,324,0,225,0" /><INIT seed="3,0,0,1,5,45" ten="122,329,324,225" oya="3" hai0="116,34,132,43,20,124,59,24,126,67,81,53,106" hai1="13,0,84,31,123,42,21,33,36,129,25,118,61" hai2="79,82,96,52,70,68,105,10,9,49,114,125,97" hai3="85,19,75,57,39,101,121,73,55,47,76,69,111"/><W89/><G121/><T65/><D106/><U18/><E123/><V1/><F114/><W41/><G111/><T29/><D116/><U128/><E118/><V88/><F125/><N who="0" m="48234" /><D43/><U78/><E0/><V8/><F1/><W6/><G6/><T107/><D107/><U66/><E42/><V51/><F105/><W35/><G101/><T122/><D81/><U98/><E36/><V30/><F30/><W104/><G76/><T5/><D5/><U92/><E84/><N who="2" m="50199" /><F70/><W109/><G109/><T83/><D83/><U100/><REACH who="1" step="1"/><E78/><REACH who="1" ten="122,319,324,225" step="2"/><V91/><F79/><W56/><G41/><T108/><D108/><U7/><E7/><V115/><F115/><W62/><G39/><T90/><D122/><U103/><E103/><V99/><F68/><AGARI ba="0,1" hai="13,18,21,25,31,33,61,66,68,92,98,100,128,129" machi="68" ten="40,1300,0" yaku="1,1,53,0" doraHai="45" doraHaiUra="54" who="1" fromWho="2" sc="122,0,319,23,324,-13,225,0" /><INIT seed="4,0,0,1,0,117" ten="122,342,311,225" oya="0" hai0="88,50,14,79,83,78,22,66,12,77,7,43,119" hai1="52,122,110,69,103,21,129,106,34,46,51,64,90" hai2="104,81,18,114,102,59,5,6,31,70,41,2,73" hai3="28,32,3,123,1,17,105,75,121,65,95,54,120"/><T62/><D119/><U56/><E34/><V40/><F114/><W13/><G105/><T29/><D43/><U115/><E106/><V100/><F70/><W48/><G75/><T45/><D7/><U128/><E103/><V38/><F38/><W124/><G124/><T108/><D108/><U92/><E21/><V27/><F104/><W15/><G65/><T36/><D36/><U82/><E82/><V91/><F73/><W23/><G15/><T8/><D62/><N who="1" m="40087" /><E122/><V44/><F2/><W26/><G95/><T118/><D66/><U57/><E110/><V99/><F44/><AGARI ba="0,0" hai="1,3,13,17,23,26,28,32,44,48,54,120,121,123" machi="44" ten="40,8000,1" yaku="13,1,52,3" doraHai="117" who="3" fromWho="2" sc="122,0,342,0,311,-80,225,80" /><INIT seed="5,0,0,2,1,83" ten="122,342,231,305" oya="1" hai0="101,57,20,130,125,124,46,9,96,48,6,39,81" hai1="55,116,89,117,84,22,71,58,60,36,43,65,1" hai2="31,85,104,40,115,34,122,70,129,114,0,100,27" hai3="78,105,3,111,87,41,95,66,24,15,106,45,112"/><U118/><E1/><V38/><F122/><W53/><G3/><T88/><D39/><U107/><E107/><V64/><F129/><W56/><G111/><T132/><D57/><U72/><E72/><V11/><F100/><W90/><G66/><T21/><D130/><U25/><E43/><V59/><F104/><W98/><G112/><N who="2" m="43049" /><F59/><W74/><G74/><T113/><D132/><U76/><E76/><V44/><F85/><W47/><G47/><T18/><D113/><U108/><E36/><V91/><F91/><W134/><G134/><T110/><D6/><U102/><E102/><V63/><F11/><W121/><G121/><T120/><D110/><U133/><E108/><V69/><F69/><W12/><G106/><T32/><D32/><U7/><E133/><V123/><F123/><W52/><G78/><T51/><D51/><U131/><E131/><V86/><F86/><W50/><G53/><T19/><D120/><U54/><E71/><V17/><F17/><W8/><G8/><T49/><D101/><U10/><E10/><V80/><F80/><W42/><G42/><T128/><D128/><U94/><REACH who="1" step="1"/><E7/><REACH who="1" ten="122,332,231,305" step="2"/><V23/><F0/><W75/><G75/><T28/><D9/><U103/><E103/><V79/><F79/><W77/><G41/><T92/><D46/><U16/><AGARI ba="0,1" hai="16,22,25,54,55,58,60,65,84,89,94,116,117,118" machi="16" ten="30,11700,0" yaku="1,1,0,1,52,1,54,1,53,0" doraHai="83" doraHaiUra="67" who="1" fromWho="1" sc="122,-39,332,127,231,-39,305,-39" /><INIT seed="5,1,0,2,2,134" ten="83,459,192,266" oya="1" hai0="3,7,77,122,6,11,15,26,78,10,118,28,85" hai1="72,21,103,24,25,107,9,32,58,94,74,31,51" hai2="17,114,80,59,89,91,60,130,120,22,112,106,127" hai3="110,38,90,73,105,53,113,23,83,18,1,29,12"/><U97/><E107/><V93/><F120/><W33/><G110/><T109/><D109/><U40/><E9/><V104/><F130/><W13/><G1/><T123/><D78/><U57/><E40/><V86/><F59/><W102/><G38/><T35/><D85/><U128/><E128/><V30/><F30/><W54/><G113/><N who="2" m="43625" /><F60/><W129/><G129/><T20/><D77/><U5/><E5/><V115/><N who="2" m="43633" /><V43/><DORA hai="119" /><F43/><W100/><G12/><T133/><D133/><U82/><E82/><V0/><F0/><W19/><G19/><T135/><D135/><U69/><E69/><V87/><F22/><W71/><G29/><T111/><D111/><U56/><REACH who="1" step="1"/><E51/><REACH who="1" ten="83,449,192,266" step="2"/><V125/><F17/><AGARI ba="1,1" hai="17,21,24,25,31,32,56,57,58,72,74,94,97,103" machi="17" ten="40,3900,0" yaku="1,1,2,1,53,0" doraHai="134,119" doraHaiUra="47,76" who="1" fromWho="2" sc="83,0,449,52,192,-42,266,0" /><INIT seed="5,2,0,0,3,10" ten="83,501,150,266" oya="1" hai0="21,55,132,40,11,121,28,66,72,120,68,77,131" hai1="75,97,62,130,52,13,27,12,16,5,125,44,47" hai2="108,114,70,54,106,134,133,118,89,111,8,34,105" hai3="67,109,73,61,63,56,78,45,92,53,84,59,36"/><U98/><E130/><V79/><F70/><W88/><G109/><N who="2" m="42057" /><F54/><W71/><G73/><T119/><D77/><U60/><E125/><V83/><F34/><W107/><G107/><N who="2" m="40969" /><F8/><W127/><G78/><T38/><D72/><U7/><E27/><V31/><F31/><W58/><REACH who="3" step="1"/><G127/><REACH who="3" ten="83,501,150,256" step="2"/><T42/><D131/><U100/><E75/><N who="2" m="43519" /><F118/><W2/><G2/><T135/><D119/><U20/><E100/><V112/><F89/><W32/><G32/><T29/><D29/><U51/><E7/><V126/><F126/><W39/><G39/><T86/><D38/><U24/><E5/><V85/><F85/><W96/><G96/><N who="1" m="36970" /><E47/><V124/><F124/><W123/><G123/><T57/><D86/><U93/><E44/><V19/><F19/><W30/><G30/><T18/><D28/><U33/><E33/><V110/><N who="2" m="42065" /><V95/><DORA hai="117" /><F95/><W41/><AGARI ba="2,1" hai="36,41,45,53,56,58,59,61,63,67,71,84,88,92" machi="41" ten="30,7900,0" yaku="1,1,0,1,54,1,53,1" doraHai="10,117" doraHaiUra="25,80" who="3" fromWho="3" sc="83,-22,501,-41,150,-22,256,95" /><INIT seed="6,0,0,1,1,29" ten="61,460,128,351" oya="2" hai0="59,34,96,97,14,11,32,115,20,2,8,41,89" hai1="75,19,38,127,95,98,118,124,86,79,93,49,46" hai2="78,37,67,130,77,80,12,131,13,74,101,83,72" hai3="3,107,60,35,85,87,42,52,114,1,33,132,108"/><V25/><F37/><W5/><G108/><T43/><D2/><U129/><E129/><V69/><F67/><W84/><G107/><T22/><D59/><U28/><E118/><V24/><REACH who="2" step="1"/><F101/><REACH who="2" ten="61,460,118,351" step="2"/><W0/><G132/><T119/><D119/><U48/><E38/><V21/><F21/><W55/><G114/><T10/><D115/><U92/><E127/><V111/><F111/><W47/><G5/><T68/><D68/><AGARI ba="0,1" hai="12,13,24,25,68,69,72,74,77,78,80,83,130,131" machi="68" ten="25,4800,0" yaku="1,1,22,2,53,0" doraHai="29" doraHaiUra="57" who="2" fromWho="0" sc="61,-48,460,0,118,58,351,0" /><INIT seed="6,1,0,4,0,74" ten="13,460,176,351" oya="2" hai0="133,42,49,33,96,60,98,94,109,15,48,17,79" hai1="53,93,59,70,26,78,110,21,128,72,36,99,6" hai2="100,87,41,126,120,3,105,44,63,62,111,124,92" hai3="123,12,73,24,114,86,65,7,37,28,8,25,2"/><V20/><F120/><W46/><G123/><T71/><D109/><U81/><E128/><V9/><F111/><W67/><G25/><T22/><D33/><U107/><E107/><V103/><F20/><W64/><G114/><T77/><D133/><U118/><E36/><V45/><F105/><W51/><G37/><T125/><D71/><U18/><E6/><V134/><F134/><W84/><G73/><T58/><D125/><N who="2" m="48234" /><F3/><W55/><REACH who="3" step="1"/><G2/><REACH who="3" ten="13,460,176,341" step="2"/><T66/><D98/><U32/><E72/><V16/><F103/><W102/><G102/><N who="0" m="60695" /><D42/><U68/><E26/><V95/><F100/><W23/><AGARI ba="1,1" hai="7,8,12,23,24,28,46,51,55,64,65,67,84,86" machi="23" ten="30,4000,0" yaku="1,1,0,1,8,1,53,0" doraHai="74" doraHaiUra="113" who="3" fromWho="3" sc="13,-11,460,-11,176,-21,341,53" /><INIT seed="7,0,0,3,4,105" ten="2,449,155,394" oya="3" hai0="31,30,90,88,28,18,5,113,132,77,12,3,102" hai1="129,119,11,85,38,86,93,98,104,99,8,24,70" hai2="52,109,92,57,56,115,15,133,66,10,120,125,117" hai3="111,43,26,46,7,59,96,84,72,51,80,78,65"/><W60/><G111/><T2/><D102/><U39/><E129/><V134/><F109/><W62/><G7/><T32/><D77/><U55/><E104/><V61/><F117/><W40/><G96/><T19/><D132/><U89/><E55/><V0/><F0/><W91/><G26/><T63/><D63/><U97/><E70/><V22/><F22/><W67/><G40/><T9/><D113/><U108/><E108/><V69/><F92/><W135/><G135/><T23/><D90/><U33/><E119/><V48/><F69/><W73/><G91/><T79/><D88/><U110/><E110/><V112/><F15/><W71/><AGARI ba="0,0" hai="43,46,51,59,60,62,65,67,71,72,73,78,80,84" machi="71" ten="20,7800,0" yaku="0,1,7,1,52,2" doraHai="105" who="3" fromWho="3" sc="2,-26,449,-26,155,-26,394,78" owari="-24,-52.0,423,22.0,129,-27.0,472,57.0" /></mjloggm>