<mjloggm ver="2.3"><GO type="41" lobby="0"/><UN n0="%28%E9%83%A8%E9%95%B7%29" n1="%E3%81%95%E3%82%93%E3%81%95%E3%83%BC%E3%82%89" n2="%E3%82%89%E3%81%99%E3%81%B0%E3%81%A3%E3%81%8B" n3="%E2%93%9D%53%75%70%68%78" dan="15,13,13,17" rate="2009.97,1819.52,1860.78,2062.79" sx="M,M,M,M"/><TAIKYOKU oya="0"/><INIT seed="0,0,0,3,1,8" ten="250,250,250,250" oya="0" hai0="58,29,6,46,120,72,17,40,11,76,104,90,47" hai1="75,119,62,7,114,92,115,25,60,73,128,99,135" hai2="101,1,51,10,49,96,12,43,126,88,53,81,111" hai3="132,14,86,82,28,38,52,63,95,19,13,85,78"/><T117/><D117/><U59/><E119/><V5/><F111/><W103/><G38/><T118/><D118/><U121/><E121/><V32/><F32/><W105/><G105/><T33/><D120/><U122/><E122/><V98/><F126/><W87/><G132/><T133/><D104/><U4/><E25/><V44/><F98/><N who="3" m="59871" /><G28/><T50/><D133/><U61/><E59/><V91/><F81/><W68/><G68/><T0/><D90/><U26/><E26/><V69/><F1/><W80/><G19/><T84/><D72/><U134/><E128/><V127/><F69/><W70/><G70/><T97/><D97/><U21/><E134/><V116/><F127/><W35/><G35/><T55/><D17/><U20/><E135/><V37/><F37/><W131/><G131/><T24/><REACH who="0" step="1"/><D40/><REACH who="0" ten="240,250,250,250" step="2"/><U42/><E42/><V112/><F116/><W9/><G87/><T36/><D36/><U57/><E75/><V67/><F112/><W34/><G86/><T56/><D56/><U89/><E73/><V123/><F123/><W16/><G85/><T23/><D23/><N who="1" m="8779" /><E57/><V107/><F67/><W102/><G34/><T71/><D71/><U130/><E130/><V15/><REACH who="2" step="1"/><F15/><REACH who="2" ten="240,250,240,250" step="2"/><W31/><G14/><T3/><D3/><U65/><E65/><V30/><F30/><W66/><G31/><T106/><D106/><U94/><E115/><V54/><F54/><W74/><G52/><T93/><D93/><U129/><E114/><V77/><F77/><W64/><G64/><T109/><D109/><U41/><E94/><V100/><F100/><W27/><G102/><RYUUKYOKU ba="0,2" sc="240,15,250,-15,240,15,250,-15" hai0="0,6,11,24,29,33,46,47,50,55,58,76,84" hai2="5,10,12,43,44,49,51,53,88,91,96,101,107" /><INIT seed="0,1,2,0,1,8" ten="255,235,255,235" oya="0" hai0="105,118,40,86,130,58,46,110,37,39,71,43,25" hai1="31,135,23,48,79,77,117,50,32,49,3,131,35" hai2="29,87,7,22,104,95,102,34,30,103,44,59,89" hai3="126,96,74,91,78,63,76,64,52,33,101,20,73"/><T13/><D118/><U113/><E117/><V108/><F34/><W24/><G33/><T98/><D71/><U75/><E3/><V111/><F7/><W85/><G126/><T11/><D130/><U81/><E131/><V12/><F44/><W10/><G74/><T5/><D110/><N who="2" m="42026" /><F59/><W72/><G72/><T41/><D58/><U55/><E135/><V47/><F47/><W128/><G73/><T21/><D39/><U133/><E79/><V26/><F12/><W97/><G64/><T57/><D86/><U88/><E133/><V107/><F103/><W60/><G10/><T45/><D37/><U70/><E70/><V56/><F56/><N who="3" m="34823" /><G101/><T109/><D109/><U15/><E55/><V2/><F2/><W93/><G63/><T106/><D57/><U6/><E31/><N who="2" m="17879" /><F102/><W66/><G66/><T67/><D67/><U1/><E1/><V123/><F123/><W62/><G62/><T127/><D127/><U114/><E113/><V82/><F82/><W61/><G61/><T54/><D45/><U83/><E114/><V119/><F119/><W19/><G128/><T0/><D0/><U132/><E132/><V115/><F115/><W51/><G51/><T4/><D4/><U100/><E100/><V122/><F122/><W92/><G92/><T36/><D36/><U80/><E81/><V129/><F129/><W18/><G18/><N who="0" m="12471" /><D46/><U124/><E124/><V14/><F14/><W121/><G121/><T116/><D116/><U65/><E65/><V90/><F90/><W16/><G19/><T112/><D112/><U42/><E88/><V125/><F125/><RYUUKYOKU ba="1,2" sc="255,-15,235,-15,255,15,235,15" hai2="29,30,87,89,95,104,107" hai3="16,20,24,76,78,85,91,93,96,97" /><INIT seed="1,2,2,4,1,5" ten="240,220,270,250" oya="1" hai0="46,82,8,114,96,41,12,35,110,113,30,101,50" hai1="111,79,43,23,121,127,117,63,1,4,130,3,56" hai2="100,103,104,22,21,48,38,69,17,52,37,60,16" hai3="128,20,83,45,97,95,11,81,109,134,76,105,29"/><U42/><E117/><V44/><F69/><W2/><G105/><T84/><D110/><U18/><E121/><V9/><F9/><W54/><G109/><T115/><D30/><U62/><E111/><V75/><F75/><W64/><G64/><T80/><D35/><U36/><E127/><V108/><F108/><W68/><G68/><T94/><REACH who="0" step="1"/><D84/><REACH who="0" ten="230,220,270,250" step="2"/><U70/><E130/><V49/><F104/><W24/><G128/><T73/><D73/><U131/><E131/><V27/><F38/><W107/><G107/><T135/><D135/><U13/><E36/><V57/><F37/><W99/><G134/><T0/><D0/><U85/><E1/><V28/><F28/><W93/><G2/><T126/><D126/><U116/><E116/><V33/><F33/><W87/><G87/><T34/><D34/><U78/><E85/><V88/><F49/><W15/><G76/><T51/><D51/><U61/><E78/><V102/><F48/><N who="3" m="28943" /><G95/><T40/><D40/><U125/><E42/><V106/><F106/><W53/><G93/><T132/><D132/><U31/><E43/><V92/><F44/><W59/><G83/><T58/><D58/><U124/><E79/><V32/><F32/><W10/><G81/><T98/><D98/><N who="3" m="37385" /><G15/><T118/><D118/><U72/><E13/><N who="2" m="9391" /><F103/><W7/><G7/><AGARI ba="2,3" hai="7,8,12,41,46,50,80,82,94,96,101,113,114,115" machi="7" ten="40,2600,0" yaku="1,1,52,1,53,0" doraHai="5" doraHaiUra="120" who="0" fromWho="3" sc="230,62,220,0,270,0,250,-32" /><INIT seed="2,0,0,1,0,65" ten="292,220,270,218" oya="2" hai0="108,71,1,81,46,4,129,52,98,21,29,120,126" hai1="121,117,91,30,80,51,113,24,13,133,111,118,55" hai2="34,95,27,102,60,39,54,94,79,26,17,78,8" hai3="37,33,36,116,100,38,115,99,85,59,31,135,76"/><V53/><F39/><W14/><G116/><T67/><D120/><U35/><E113/><V48/><F34/><W32/><G115/><T75/><D1/><U12/><E111/><V112/><F112/><W57/><G135/><T89/><D4/><U7/><E133/><V15/><F60/><W123/><G123/><T43/><D129/><U10/><E121/><V130/><F130/><W131/><G131/><T2/><D2/><U119/><E80/><V47/><F54/><W128/><G14/><T5/><D5/><U58/><REACH who="1" step="1"/><E91/><REACH who="1" ten="292,210,270,218" step="2"/><V68/><F102/><W73/><G128/><T87/><D81/><U107/><E107/><V62/><F79/><W69/><G76/><T134/><D89/><U83/><E83/><V90/><F78/><W77/><G77/><T72/><D134/><U49/><E49/><V93/><REACH who="2" step="1"/><F90/><REACH who="2" ten="292,210,260,218" step="2"/><W114/><G114/><T23/><D75/><U42/><E42/><V61/><F61/><W92/><G73/><T122/><D72/><U110/><E110/><V56/><F56/><W132/><G59/><T66/><D108/><U64/><E64/><AGARI ba="0,2" hai="8,15,17,26,27,47,48,53,62,64,68,93,94,95" machi="64" ten="40,3900,0" yaku="1,1,52,1,53,0" doraHai="65" doraHaiUra="0" who="2" fromWho="1" sc="292,0,210,-39,260,59,218,0" /><INIT seed="2,1,0,4,3,119" ten="292,171,319,218" oya="2" hai0="128,90,57,42,95,114,75,35,26,135,60,5,16" hai1="37,64,34,111,127,46,107,103,89,66,47,85,38" hai2="45,130,120,21,9,2,92,23,110,39,31,43,11" hai3="44,17,94,98,100,52,102,3,131,93,40,29,108"/><V121/><F130/><W20/><G3/><T36/><D114/><U62/><E111/><V97/><F110/><W25/><G108/><T80/><D128/><U113/><E113/><V109/><F109/><W50/><G131/><T79/><D135/><U14/><E34/><V78/><F78/><W115/><G115/><T33/><D5/><U6/><E66/><V134/><F134/><W1/><G1/><T104/><D104/><U49/><E107/><V81/><F81/><W7/><G7/><T63/><D42/><U125/><E103/><V77/><F77/><W101/><G94/><T129/><D36/><U96/><E96/><V67/><F67/><W56/><REACH who="3" step="1"/><G29/><REACH who="3" ten="292,171,319,208" step="2"/><T48/><D129/><U99/><E6/><V117/><F2/><W4/><G4/><T58/><D95/><U54/><E125/><V41/><F117/><W0/><G0/><T73/><D80/><U86/><E127/><V24/><F9/><W8/><G8/><T70/><D75/><U10/><E10/><V88/><F11/><W27/><G27/><T51/><D26/><U61/><E14/><V12/><REACH who="2" step="1"/><F43/><REACH who="2" ten="292,171,309,208" step="2"/><W72/><G72/><T122/><D73/><U124/><E124/><V69/><F69/><W28/><G28/><T133/><D70/><U30/><E30/><V91/><F91/><W84/><G84/><T13/><D90/><U55/><E86/><V83/><F83/><W15/><G15/><T18/><D79/><U126/><E85/><V74/><F74/><W68/><G68/><T53/><D13/><U82/><E126/><V59/><F59/><W106/><G106/><RYUUKYOKU ba="1,2" sc="292,-15,171,-15,309,15,208,15" hai2="12,21,23,24,31,39,41,45,88,92,97,120,121" hai3="17,20,25,40,44,50,52,56,93,98,100,101,102" /><INIT seed="2,2,2,2,0,45" ten="277,156,324,223" oya="2" hai0="131,84,86,11,35,119,82,7,122,75,111,91,71" hai1="33,67,78,52,15,93,127,55,34,47,87,50,121" hai2="88,16,96,44,65,0,69,43,61,53,56,116,62" hai3="18,57,103,17,115,6,85,68,32,112,37,100,26"/><V125/><F116/><W107/><G68/><T60/><D119/><U80/><E127/><V20/><F125/><W108/><G37/><T9/><D122/><U118/><E118/><V42/><F0/><W98/><G108/><T21/><D35/><U77/><E67/><V92/><REACH who="2" step="1"/><F44/><REACH who="2" ten="277,156,314,223" step="2"/><W73/><G115/><T38/><D111/><U25/><E121/><V124/><F124/><W130/><G112/><T99/><D131/><U117/><E117/><V132/><F132/><W41/><G130/><T19/><D38/><U135/><E135/><V120/><F120/><W46/><G46/><T106/><D75/><U133/><E133/><V4/><F4/><W31/><G6/><T27/><D7/><U95/><E55/><V2/><F2/><W90/><G73/><T83/><D99/><U14/><E47/><V114/><F114/><W13/><G98/><T101/><D86/><U110/><E52/><V12/><AGARI ba="2,3" hai="12,16,20,42,43,53,56,61,62,65,69,88,92,96" machi="12" ten="20,18000,2" yaku="1,1,0,1,7,1,54,2,53,1" doraHai="45" doraHaiUra="63" who="2" fromWho="2" sc="277,-62,156,-62,314,216,223,-62" /><INIT seed="2,3,0,3,3,62" ten="215,94,530,161" oya="2" hai0="96,37,30,130,135,16,41,72,57,29,104,27,98" hai1="21,123,102,15,126,61,113,107,51,5,121,71,60" hai2="128,106,120,99,53,101,95,87,114,117,108,89,2" hai3="119,93,92,124,90,18,79,127,77,23,26,78,25"/><V50/><F120/><W39/><G39/><T63/><D130/><U38/><E113/><V131/><F117/><W47/><G119/><T118/><D135/><U109/><E109/><V31/><F2/><W1/><G1/><T24/><D72/><U74/><E74/><V82/><F114/><W91/><G47/><T58/><D37/><U33/><E38/><V44/><F31/><N who="0" m="11786" /><D41/><U3/><E33/><V110/><REACH who="2" step="1"/><F106/><REACH who="2" ten="215,94,520,161" step="2"/><W6/><G127/><T56/><D104/><U73/><E3/><V84/><F84/><W4/><G124/><T133/><D118/><U68/><E107/><V40/><F40/><W85/><REACH who="3" step="1"/><G26/><REACH who="3" ten="215,94,520,151" step="2"/><T7/><D24/><U97/><E126/><V8/><F8/><W67/><G67/><T80/><D27/><U28/><E121/><V65/><F65/><W54/><G54/><T76/><D133/><U11/><E123/><V100/><F100/><W45/><G45/><T75/><D56/><U115/><E102/><V59/><F59/><W0/><G0/><T17/><D57/><U48/><E11/><V70/><F70/><W122/><G122/><T20/><D58/><U116/><E68/><V36/><F36/><W69/><G69/><T32/><D63/><U46/><E71/><V64/><F64/><W55/><G55/><T22/><D75/><U112/><E73/><V81/><F81/><W134/><G134/><T83/><D80/><U88/><E61/><V125/><F125/><W132/><G132/><T105/><D83/><U35/><E60/><V13/><F13/><W10/><G10/><T43/><D43/><U103/><E15/><RYUUKYOKU ba="3,2" sc="215,-15,94,-15,520,15,151,15" hai2="44,50,53,82,87,89,95,99,101,108,110,128,131" hai3="4,6,18,23,25,77,78,79,85,90,91,92,93" /><INIT seed="2,4,2,1,5,40" ten="200,79,535,166" oya="2" hai0="55,104,116,98,126,67,88,58,37,19,32,47,41" hai1="108,52,112,94,78,132,120,79,35,127,36,51,130" hai2="70,82,87,15,95,5,0,119,69,93,74,135,14" hai3="46,28,3,29,114,131,103,24,64,23,2,62,125"/><V106/><F106/><W66/><G131/><T56/><D126/><U109/><E112/><V107/><F107/><W42/><G125/><T12/><D32/><U96/><E127/><V50/><F74/><W110/><G114/><T86/><D116/><U123/><E130/><V133/><F0/><W11/><G110/><N who="1" m="42602" /><E36/><V71/><F50/><W111/><G111/><T65/><D98/><U102/><E35/><V60/><F60/><W1/><G103/><T81/><D104/><U100/><E100/><V129/><F129/><W22/><G11/><T20/><REACH who="0" step="1"/><D56/><REACH who="0" ten="190,79,535,166" step="2"/><N who="1" m="32799" /><E132/><V105/><F135/><W16/><G29/><T8/><D8/><U76/><AGARI ba="4,3" hai="76,78,79,94,96,102,120,123" m="32799,42602" machi="76" ten="40,2700,0" yaku="14,1,54,1" doraHai="40" who="1" fromWho="1" sc="190,-11,79,69,535,-17,166,-11" /><INIT seed="3,0,0,1,0,11" ten="179,148,518,155" oya="3" hai0="40,13,67,49,55,82,110,70,111,51,27,41,123" hai1="43,19,114,89,71,46,8,81,74,87,53,103,135" hai2="83,14,134,30,31,16,117,76,97,68,129,85,91" hai3="127,108,34,45,66,57,24,125,10,5,75,107,29"/><W109/><G75/><T12/><D123/><U52/><E114/><V65/><F129/><W88/><G107/><T9/><D70/><U39/><E71/><V90/><F134/><W38/><G66/><T35/><D67/><U122/><E122/><V17/><F68/><W106/><G106/><T33/><D82/><U78/><E135/><V28/><F65/><W112/><G57/><T63/><D63/><U22/><E103/><V54/><F17/><W15/><G112/><T69/><D69/><U131/><E8/><N who="2" m="6215" /><F117/><W37/><G88/><N who="2" m="33833" /><F54/><W96/><G96/><AGARI ba="0,0" hai="28,30,31,76,83,85,96,97" m="33833,6215" machi="96" ten="30,7700,0" yaku="8,1,52,1,54,2" doraHai="11" who="2" fromWho="3" sc="179,0,148,0,518,77,155,-77" /><INIT seed="4,0,0,2,5,45" ten="179,148,595,78" oya="0" hai0="36,61,94,18,96,119,125,22,115,63,1,100,17" hai1="70,3,90,6,105,106,69,123,56,89,47,66,59" hai2="127,33,130,19,87,25,53,50,126,72,110,68,62" hai3="21,101,112,23,38,30,108,57,85,14,60,121,35"/><T12/><D119/><U135/><E123/><V58/><F72/><W43/><G108/><T116/><D116/><U91/><E3/><V11/><F110/><W67/><G112/><T44/><D115/><U104/><E6/><V77/><F130/><W120/><G35/><T113/><D113/><U13/><E13/><V103/><F103/><W65/><G43/><T109/><D125/><U41/><E47/><V82/><F33/><W133/><G38/><T15/><D1/><U46/><E46/><V114/><F114/><W16/><G133/><T28/><D28/><U52/><E41/><V92/><F92/><W88/><G101/><T4/><D4/><U132/><E52/><V98/><F98/><W81/><REACH who="3" step="1"/><G67/><REACH who="3" ten="179,148,595,68" step="2"/><T55/><D109/><U34/><E66/><V111/><F111/><W122/><G122/><T76/><D36/><U80/><E34/><V131/><F127/><W73/><G73/><T42/><D42/><U99/><E99/><V7/><F126/><W86/><G86/><T8/><D100/><U102/><E102/><V0/><F87/><W49/><G49/><T9/><D96/><U39/><E39/><V48/><F50/><W31/><G31/><T5/><D61/><U78/><E132/><V75/><F62/><W124/><G124/><T29/><D63/><U26/><E135/><V93/><F48/><W79/><G79/><T84/><D76/><U27/><E78/><V51/><F51/><W97/><G97/><T134/><D134/><U71/><REACH who="1" step="1"/><E80/><REACH who="1" ten="179,138,595,68" step="2"/><V107/><F82/><W83/><G83/><T95/><D55/><U129/><E129/><RYUUKYOKU ba="0,2" sc="179,-15,138,15,595,-15,68,15" hai1="26,27,56,59,69,70,71,89,90,91,104,105,106" hai3="14,16,21,23,30,57,60,65,81,85,88,120,121" /><INIT seed="5,1,2,3,2,65" ten="164,153,580,83" oya="1" hai0="20,69,70,105,9,10,63,12,117,130,132,85,102" hai1="97,30,103,56,47,26,98,86,134,135,67,108,37" hai2="72,52,121,96,31,82,90,79,74,125,110,7,2" hai3="59,93,55,112,40,45,116,92,0,131,58,73,57"/><U88/><E108/><V17/><F110/><W32/><G73/><T18/><D117/><U123/><E37/><V87/><F125/><W133/><G0/><T21/><D132/><N who="1" m="50731" /><E47/><V53/><F31/><W41/><G133/><T8/><D130/><U3/><E3/><V94/><F121/><W23/><G32/><T60/><D85/><U61/><E103/><V4/><F74/><W5/><G112/><T106/><D20/><N who="1" m="15687" /><E123/><V76/><F2/><W25/><G131/><T89/><D89/><U83/><AGARI ba="1,2" hai="56,61,67,83,86,88,97,98" m="15687,50731" machi="83" ten="30,3000,0" yaku="20,1,54,1" doraHai="65" who="1" fromWho="1" sc="164,-11,153,53,580,-11,83,-11" /><INIT seed="5,2,0,2,2,18" ten="153,206,569,72" oya="1" hai0="128,2,63,25,70,75,99,26,60,13,78,23,58" hai1="101,52,80,68,121,115,51,77,91,3,122,130,90" hai2="94,11,85,17,103,22,10,16,53,97,104,112,109" hai3="0,129,116,132,47,83,41,49,89,98,31,118,133"/><U117/><E117/><N who="3" m="45162" /><G0/><T96/><D2/><U82/><E68/><V33/><F33/><W105/><G31/><T56/><D70/><U12/><E3/><V6/><F17/><W36/><G83/><T86/><D75/><U87/><E101/><V50/><F112/><W92/><G105/><T119/><D128/><U8/><E91/><V30/><F30/><W134/><G129/><T29/><D119/><U79/><E90/><V43/><F43/><W37/><AGARI ba="2,0" hai="36,37,41,47,49,89,92,98,132,133,134" m="45162" machi="37" ten="40,2700,0" yaku="20,1,12,1" doraHai="18" who="3" fromWho="3" sc="153,-9,206,-15,569,-9,72,33" /><INIT seed="6,0,0,5,0,34" ten="144,191,560,105" oya="2" hai0="87,54,33,29,43,52,115,56,15,114,81,132,47" hai1="28,120,135,3,12,126,95,73,104,103,106,51,59" hai2="21,101,45,124,22,1,38,20,118,14,90,94,37" hai3="17,19,116,16,105,112,7,89,125,96,40,8,129"/><V102/><F1/><W0/><G116/><T10/><D132/><U134/><E73/><V108/><F108/><W30/><G129/><T42/><D29/><U49/><E28/><V50/><F124/><W107/><G125/><T6/><D33/><U66/><E3/><V39/><F14/><W130/><G130/><T61/><D54/><U122/><E12/><V86/><REACH who="2" step="1"/><F118/><REACH who="2" ten="144,191,550,105" step="2"/><W117/><G117/><T82/><D15/><U31/><E126/><V127/><F127/><W55/><G112/><T18/><D114/><U133/><E134/><V71/><F71/><W98/><G107/><T57/><D115/><U48/><E104/><V46/><F46/><W77/><G105/><T70/><D47/><U60/><E106/><V84/><F84/><W5/><G0/><T24/><D87/><U67/><E133/><V4/><F4/><W25/><G7/><T65/><D70/><U110/><E135/><V58/><F58/><W78/><G5/><T69/><D69/><U36/><E59/><V100/><F100/><W79/><G8/><T113/><D113/><U41/><E103/><V111/><F111/><W64/><G98/><T92/><D10/><U75/><E110/><V76/><F76/><W123/><G96/><T91/><D57/><U26/><E120/><V119/><F119/><W11/><G11/><T2/><D2/><U32/><E122/><V74/><F74/><W99/><G123/><T97/><D6/><U23/><E75/><V109/><F109/><W131/><G131/><T53/><D56/><U88/><E88/><V83/><F83/><N who="0" m="31754" /><D97/><U62/><E26/><RYUUKYOKU ba="0,1" sc="144,-10,191,-10,550,30,105,-10" hai2="20,21,22,37,38,39,45,50,86,90,94,101,102" /><INIT seed="6,1,1,4,5,44" ten="134,181,580,95" oya="2" hai0="96,8,75,9,128,114,62,54,51,48,31,2,12" hai1="89,21,80,70,113,38,84,98,99,87,26,4,117" hai2="126,15,85,118,33,64,18,88,115,83,107,103,119" hai3="37,29,56,125,124,101,93,57,3,0,130,68,6"/><V72/><F33/><W69/><G29/><T1/><D75/><U112/><E117/><V58/><F126/><N who="3" m="48747" /><G37/><T46/><D31/><N who="1" m="17871" /><E70/><N who="3" m="27242" /><G6/><T42/><D114/><N who="1" m="44139" /><E4/><V129/><F115/><W95/><G101/><T40/><D128/><U49/><E49/><V20/><F129/><W34/><G130/><T43/><D96/><U52/><E52/><V90/><F72/><W106/><G106/><T120/><D120/><U30/><E30/><V65/><F103/><W32/><G57/><N who="0" m="35127" /><D1/><N who="3" m="585" /><G56/><T73/><D73/><U97/><E38/><V27/><F58/><W133/><G133/><T55/><D2/><U92/><E87/><V11/><F85/><W25/><G25/><T35/><D35/><AGARI ba="1,1" hai="32,34,35,93,95" m="585,27242,48747" machi="35" ten="40,5200,0" yaku="28,2,18,1" doraHai="44" who="3" fromWho="0" sc="134,-55,181,0,580,0,95,65" /><INIT seed="7,0,0,1,1,53" ten="79,181,580,160" oya="3" hai0="98,130,26,1,128,102,11,57,6,87,5,25,110" hai1="52,49,12,107,89,9,77,24,94,62,101,56,54" hai2="73,16,88,23,115,34,2,116,28,83,132,104,67" hai3="59,29,58,10,85,41,60,111,44,63,79,113,55"/><W33/><G113/><T81/><D110/><U82/><E107/><V27/><F67/><W18/><G111/><T71/><D71/><U86/><E24/><V68/><F68/><W84/><G33/><T46/><D46/><N who="1" m="27703" /><E101/><V95/><F104/><W126/><G126/><T118/><D118/><U80/><E77/><V38/><F83/><W61/><G29/><T3/><D128/><U37/><E37/><V90/><F73/><W134/><G134/><T39/><D130/><U93/><E94/><V32/><F2/><W72/><G72/><T51/><D39/><U35/><E35/><V96/><F116/><W65/><G63/><T74/><D74/><U108/><E108/><V100/><F38/><W133/><G79/><T48/><D98/><U127/><E127/><V97/><F132/><W112/><G112/><T21/><D102/><U17/><AGARI ba="0,0" hai="9,12,17,54,56,62,80,82,86,89,93" m="27703" machi="17" ten="30,4000,0" yaku="8,1,52,1,54,1" doraHai="53" who="1" fromWho="1" sc="79,-10,181,40,580,-10,160,-20" owari="69,-43.0,221,2.0,570,67.0,140,-26.0" /></mjloggm>