<mjloggm ver="2.3"><GO type="41" lobby="0"/><UN n0="%E2%93%9D%53%75%70%68%78" n1="%28%3D%5E%CF%89%5E%3D%29" n2="%E3%82%B3%E3%82%A6%E3%82%B1%E3%83%B3%E3%83%86%E3%83%84" n3="%E8%A3%95%E4%B8%96" dan="18,16,14,13" rate="2101.37,2041.49,1882.91,1868.14" sx="M,F,M,M"/><TAIKYOKU oya="0"/><INIT seed="0,0,0,5,5,6" ten="250,250,250,250" oya="0" hai0="113,22,61,88,84,80,104,119,33,51,122,81,30" hai1="20,56,75,99,123,60,2,110,82,133,78,93,35" hai2="32,37,120,70,19,42,96,115,13,117,7,121,95" hai3="62,26,97,85,64,129,112,16,125,91,77,83,52"/><T76/><D113/><U134/><E35/><V66/><F115/><W34/><G112/><T100/><D33/><U58/><E123/><V107/><F32/><W92/><G129/><T106/><D122/><U72/><E110/><V0/><F107/><W101/><G125/><T3/><D3/><U94/><E2/><V44/><F117/><W53/><G34/><T1/><D1/><U49/><E75/><V45/><F45/><W18/><G77/><T17/><D30/><U74/><E74/><V102/><F7/><W11/><G18/><T38/><D38/><U46/><E20/><V111/><F0/><W116/><G116/><T5/><D5/><U24/><E24/><V12/><F111/><W69/><REACH who="3" step="1"/><G26/><REACH who="3" ten="250,250,250,240" step="2"/><T79/><D119/><U25/><E25/><V28/><F28/><W36/><G36/><T89/><D79/><U31/><E31/><V86/><F121/><W54/><G54/><T27/><D76/><U21/><E78/><V118/><F120/><W65/><G65/><T114/><D114/><U39/><E39/><V98/><F118/><W87/><G87/><T131/><D84/><U29/><E29/><V126/><F86/><W130/><G130/><T124/><D124/><U67/><E67/><V4/><F126/><W55/><G55/><T59/><D131/><U43/><E72/><V40/><F66/><W48/><G48/><T90/><D51/><U73/><E49/><V127/><F127/><W108/><G108/><T14/><D27/><U63/><E73/><V71/><F19/><W128/><G128/><T47/><D17/><U23/><E63/><RYUUKYOKU ba="0,1" sc="250,-10,250,-10,250,-10,240,30" hai3="11,16,52,53,62,64,69,83,85,91,92,97,101" /><INIT seed="1,1,1,1,5,135" ten="240,240,240,270" oya="1" hai0="133,59,23,101,61,28,98,0,110,113,9,10,123" hai1="47,104,44,71,90,32,5,18,22,126,54,97,50" hai2="8,20,12,91,96,36,25,35,109,11,15,124,37" hai3="57,4,119,77,46,56,7,83,2,122,58,81,75"/><U55/><E32/><V14/><F91/><W99/><G122/><T24/><D113/><U95/><E71/><V131/><F96/><W127/><G119/><T134/><D110/><U17/><E104/><V111/><F37/><W105/><G83/><T78/><D78/><U60/><E5/><V118/><F36/><W125/><G46/><T52/><D123/><U38/><E38/><V40/><F40/><W6/><REACH who="3" step="1"/><G2/><REACH who="3" ten="240,240,240,260" step="2"/><T62/><D0/><U53/><E47/><V21/><F118/><W27/><G27/><T69/><D134/><U30/><E44/><V92/><F131/><W94/><G94/><T86/><D133/><U63/><E95/><V67/><F92/><W29/><G29/><T121/><D121/><U80/><E30/><N who="2" m="19919" /><F67/><W74/><G74/><T130/><D130/><U129/><E80/><V132/><F132/><W76/><G76/><T68/><D28/><U64/><E64/><V43/><F43/><W87/><G87/><T102/><D86/><U108/><E129/><V100/><F100/><AGARI ba="1,2" hai="4,6,7,56,57,58,75,77,81,99,100,105,125,127" machi="100" ten="50,6400,0" yaku="1,1,52,2,53,0" doraHai="135" doraHaiUra="66" who="3" fromWho="2" sc="240,0,240,0,240,-67,260,87" /><INIT seed="2,0,0,0,2,111" ten="240,240,173,347" oya="2" hai0="40,106,100,115,38,132,81,14,66,15,117,134,116" hai1="35,31,58,131,78,113,97,17,54,130,122,77,33" hai2="129,118,104,127,10,86,51,22,79,0,93,91,92" hai3="125,133,52,5,24,25,16,96,126,65,70,101,80"/><V56/><F118/><N who="0" m="45674" /><D66/><U11/><E122/><V49/><F104/><W29/><G5/><T102/><D81/><U26/><E35/><V37/><F37/><W30/><G80/><T32/><D32/><U21/><E11/><V19/><F129/><N who="1" m="49161" /><E97/><V83/><F127/><W108/><G108/><T71/><D71/><U88/><E88/><N who="2" m="51295" /><F10/><W18/><G65/><T20/><D106/><U4/><E4/><V72/><F79/><W112/><G70/><T53/><D40/><U43/><E43/><V13/><F72/><W89/><G89/><T2/><D38/><U59/><E113/><V42/><F0/><W67/><G112/><T36/><D2/><U109/><E109/><V87/><F42/><W121/><G67/><T48/><D36/><U103/><E103/><N who="0" m="39465" /><D115/><U60/><E59/><V76/><F76/><W74/><G74/><T3/><D3/><U82/><E82/><N who="2" m="49655" /><F56/><W39/><G39/><T41/><D41/><U69/><E69/><V124/><F124/><W120/><G121/><T98/><D134/><U55/><E55/><V62/><F62/><W34/><G133/><T95/><D132/><U105/><E105/><V50/><AGARI ba="0,0" hai="13,19,22,49,50,51,92,93" m="49655,51295" machi="50" ten="30,3000,0" yaku="8,1,54,1" doraHai="111" who="2" fromWho="2" sc="240,-10,240,-10,173,30,347,-10" /><INIT seed="2,1,0,0,2,55" ten="230,230,203,337" oya="2" hai0="63,46,53,80,41,1,60,12,72,18,109,56,116" hai1="32,65,85,27,19,17,102,84,76,108,86,92,124" hai2="91,120,28,81,62,135,40,96,29,111,94,122,123" hai3="30,73,31,58,114,34,103,90,100,106,0,36,10"/><V3/><F3/><W132/><G36/><T43/><D109/><U79/><E108/><V47/><F111/><W33/><G73/><T127/><D1/><U87/><E124/><V38/><F135/><W54/><G132/><T97/><D127/><U50/><E32/><V57/><REACH who="2" step="1"/><F81/><REACH who="2" ten="230,230,193,337" step="2"/><W8/><G0/><T61/><D80/><U126/><E126/><V68/><F68/><W9/><G114/><T129/><D116/><U77/><E77/><V110/><F110/><W133/><G133/><T93/><D129/><U11/><E79/><V44/><F44/><W89/><G33/><T115/><D115/><U74/><E76/><V64/><AGARI ba="1,1" hai="28,29,38,40,47,57,62,64,91,94,96,120,122,123" machi="64" ten="30,6000,0" yaku="1,1,0,1,52,1,53,0" doraHai="55" doraHaiUra="121" who="2" fromWho="2" sc="230,-21,230,-21,193,73,337,-21" /><INIT seed="2,2,0,1,1,69" ten="209,209,266,316" oya="2" hai0="4,44,54,31,73,26,123,34,38,61,6,20,97" hai1="15,131,2,63,75,80,50,83,36,100,112,29,37" hai2="8,3,13,129,116,135,85,5,128,102,90,133,76" hai3="52,81,72,11,18,17,39,117,55,88,132,45,67"/><V109/><F102/><W105/><G105/><T82/><D123/><U24/><E2/><V41/><F116/><W59/><G117/><T96/><D34/><U28/><E112/><V22/><F76/><W127/><G67/><T68/><D73/><U42/><E100/><V111/><F41/><W95/><G132/><N who="2" m="50761" /><F90/><W30/><G30/><T35/><D35/><U104/><E104/><V134/><F85/><W53/><G72/><T62/><D82/><U60/><E75/><V1/><N who="2" m="50769" /><V120/><DORA hai="110" /><F120/><W9/><G81/><T87/><D87/><U103/><E103/><V92/><F92/><W113/><G59/><T56/><D97/><U125/><E42/><V118/><F118/><W101/><G101/><T71/><D96/><U108/><E50/><V94/><F94/><W10/><G113/><T48/><D71/><U93/><E93/><V130/><F22/><W84/><REACH who="3" step="1"/><G127/><REACH who="3" ten="209,209,266,306" step="2"/><T19/><D68/><U114/><E125/><V79/><F79/><W106/><G106/><T16/><D31/><U99/><E114/><V89/><F89/><W74/><G74/><T14/><D62/><U91/><E91/><V65/><F65/><W43/><AGARI ba="2,1" hai="9,10,11,17,18,39,43,45,52,53,55,84,88,95" machi="43" ten="40,8000,1" yaku="1,1,0,1,52,1,54,2,53,0" doraHai="69,110" doraHaiUra="66,57" who="3" fromWho="3" sc="209,-22,209,-22,266,-42,306,96" /><INIT seed="3,0,0,0,5,5" ten="187,187,224,402" oya="3" hai0="109,107,28,84,25,60,102,15,94,26,90,118,117" hai1="82,87,133,135,27,76,41,65,31,40,108,80,89" hai2="12,49,44,68,125,42,126,47,113,66,120,52,70" hai3="64,124,74,36,11,104,10,97,2,100,67,86,131"/><W130/><G2/><T7/><D109/><U50/><E108/><V75/><F113/><W98/><G74/><T88/><D26/><U8/><E65/><V69/><F75/><W37/><G86/><T24/><D24/><U18/><E50/><V122/><F12/><W61/><G124/><T96/><D90/><U112/><E112/><V9/><F9/><W19/><G19/><T79/><D60/><U55/><E55/><V73/><F66/><W127/><G127/><N who="2" m="48649" /><F73/><W3/><G3/><T81/><D7/><U134/><E82/><V132/><F132/><W77/><G77/><T59/><D59/><U4/><E18/><V29/><F29/><W22/><G22/><T92/><D15/><N who="1" m="5511" /><E76/><V103/><F103/><W114/><G114/><T85/><REACH who="0" step="1"/><D107/><REACH who="0" ten="177,187,224,402" step="2"/><U116/><E116/><V62/><F62/><W106/><G61/><T13/><D13/><U93/><E93/><V32/><F32/><AGARI ba="0,1" hai="25,28,32,79,81,84,85,88,92,94,96,102,117,118" machi="32" ten="30,7700,0" yaku="1,1,7,1,54,1,53,1" doraHai="5" doraHaiUra="21" who="0" fromWho="2" sc="177,87,187,0,224,-77,402,0" /><AGARI ba="0,0" hai="27,31,32,40,41,80,87,89,133,134,135" m="5511" machi="32" ten="30,2000,0" yaku="20,1,52,1" doraHai="5" who="1" fromWho="2" sc="264,0,187,20,147,-20,402,0" /><INIT seed="4,0,0,3,2,128" ten="264,207,127,402" oya="0" hai0="24,55,75,67,39,17,10,85,80,86,3,70,90" hai1="134,101,38,19,91,29,58,22,7,73,25,16,8" hai2="1,94,69,2,114,11,35,63,84,13,30,56,23" hai3="83,132,4,112,77,119,129,72,57,111,130,88,97"/><T27/><D75/><U100/><E38/><V79/><F114/><W76/><G4/><T50/><D39/><U37/><E37/><V47/><F69/><W92/><G57/><T78/><D70/><U68/><E68/><V123/><F123/><W62/><G62/><T45/><D67/><U6/><E73/><V52/><F35/><W14/><G14/><T41/><D41/><U9/><E134/><V110/><F110/><W34/><G132/><T124/><D124/><U116/><E116/><V109/><F109/><W32/><G111/><T118/><D118/><U120/><E120/><V103/><F47/><W113/><G77/><T46/><D46/><U64/><E91/><V125/><F125/><W126/><G126/><T102/><D102/><N who="1" m="39531" /><E9/><V107/><F107/><W93/><G93/><T18/><D3/><U36/><E36/><V20/><F79/><W87/><G72/><T0/><D0/><U74/><E74/><V89/><F103/><W115/><G119/><T108/><D108/><U131/><E131/><AGARI ba="0,0" hai="32,34,76,83,87,88,92,97,112,113,115,129,130,131" machi="131" ten="50,6400,0" yaku="15,1,19,1,54,1" doraHai="128" who="3" fromWho="1" sc="264,0,207,-64,127,0,402,64" /><INIT seed="5,0,0,1,4,84" ten="264,143,127,466" oya="1" hai0="98,39,13,111,102,24,116,37,34,117,90,113,60" hai1="124,42,89,104,11,58,66,8,35,76,110,40,101" hai2="26,77,23,114,10,67,109,65,95,18,99,73,55" hai3="49,128,108,68,126,121,30,53,127,22,118,20,33"/><U72/><E35/><V59/><F109/><W54/><G68/><T106/><D13/><U31/><E31/><V71/><F71/><W129/><G108/><T43/><D113/><U15/><E110/><V38/><F38/><W62/><G121/><T100/><D111/><U119/><E119/><V2/><F114/><W85/><G85/><T94/><D60/><U41/><E124/><V16/><F77/><W27/><G118/><T92/><D43/><U48/><E104/><V79/><F79/><W120/><G62/><T56/><D56/><U47/><E101/><V93/><F73/><W103/><G103/><T21/><D34/><U36/><E36/><V86/><F86/><W107/><G107/><T12/><D106/><U132/><E132/><V131/><F93/><W19/><G54/><T1/><D1/><U61/><E11/><V78/><F78/><W135/><G33/><T0/><D0/><U91/><E76/><V97/><F97/><W51/><G51/><T115/><D115/><U123/><E72/><V82/><F82/><W96/><G96/><T7/><D39/><U130/><E130/><N who="3" m="50282" /><G120/><T45/><D117/><U52/><E123/><V87/><F131/><W69/><G69/><T70/><D70/><U112/><E112/><V50/><F87/><W28/><G28/><N who="0" m="17423" /><D116/><U4/><AGARI ba="0,0" hai="4,8,15,40,41,42,47,48,52,58,61,66,89,91" machi="4" ten="30,12000,1" yaku="0,1,8,1,52,2,54,1" doraHai="84" who="1" fromWho="1" sc="264,-40,143,120,127,-40,466,-40" /><INIT seed="5,1,0,5,0,105" ten="224,263,87,426" oya="1" hai0="2,13,109,44,68,87,8,47,14,9,104,119,51" hai1="76,24,90,120,42,128,40,23,79,102,17,21,96" hai2="25,31,37,98,61,81,110,3,65,60,74,97,89" hai3="132,62,108,112,56,94,54,113,34,36,45,49,35"/><U11/><E120/><V83/><F110/><W80/><G36/><T39/><D2/><U4/><E128/><V130/><F3/><W43/><G108/><T1/><D1/><U63/><E90/><V32/><F130/><W12/><G12/><T86/><D109/><U127/><E127/><V30/><F37/><W66/><G66/><T48/><D39/><U100/><E63/><V5/><F5/><W129/><G132/><T50/><D104/><U73/><E23/><V84/><F30/><W107/><G107/><T115/><D68/><U92/><E102/><V78/><REACH who="2" step="1"/><F60/><REACH who="2" ten="224,263,77,426" step="2"/><W6/><G6/><T82/><D51/><U75/><E4/><V95/><F95/><W20/><G129/><T0/><D0/><U111/><E111/><V29/><F29/><W121/><G62/><T57/><D50/><U22/><E92/><V18/><F18/><W126/><G94/><T16/><D48/><U93/><E17/><V135/><F135/><W123/><G49/><T70/><D16/><U131/><E93/><V118/><F118/><W38/><G38/><T55/><D119/><U91/><E131/><V85/><F85/><W28/><G28/><T117/><D87/><U72/><E72/><V125/><F125/><W134/><G126/><T53/><D86/><U19/><E75/><V133/><F133/><W88/><G134/><T64/><D117/><U77/><E73/><V101/><F101/><W15/><G123/><T33/><D47/><U103/><E103/><V52/><F52/><W116/><G121/><T46/><D46/><U41/><E100/><V114/><F114/><RYUUKYOKU ba="1,1" sc="224,-10,263,-10,77,30,426,-10" hai2="25,31,32,61,65,74,78,81,83,84,89,97,98" /><INIT seed="6,2,1,2,3,53" ten="214,253,107,416" oya="2" hai0="120,52,72,60,71,1,26,115,117,83,116,77,63" hai1="118,105,40,6,130,94,97,16,57,4,101,128,99" hai2="3,111,46,39,8,122,43,50,5,134,2,68,51" hai3="80,48,98,56,114,38,124,121,31,55,49,76,92"/><V12/><F122/><W125/><G38/><T103/><D120/><U95/><E118/><N who="0" m="45673" /><D1/><U10/><E40/><V41/><F68/><W58/><G31/><T73/><D115/><U106/><E57/><N who="3" m="22122" /><G55/><T109/><D109/><U54/><E54/><V61/><F111/><W34/><G34/><T133/><D133/><U42/><E42/><V66/><F134/><W110/><G110/><T79/><D103/><U69/><E69/><V132/><F132/><W45/><G45/><T36/><D36/><U82/><E82/><V89/><F89/><N who="3" m="55567" /><G114/><T28/><D71/><U25/><E106/><V129/><F129/><W21/><G21/><N who="0" m="15439" /><D52/><U67/><E105/><V104/><F104/><W35/><G35/><T96/><D96/><U78/><E99/><V100/><F100/><W0/><G0/><T75/><D79/><U74/><E78/><V13/><F2/><W44/><G44/><T123/><D123/><U64/><E97/><V37/><F39/><W135/><G135/><T65/><D65/><U17/><E101/><V84/><F37/><W18/><G18/><T62/><AGARI ba="2,1" hai="60,62,63,72,73,75,77,83" m="15439,45673" machi="62" ten="30,1100,0" yaku="12,1" doraHai="53" who="0" fromWho="0" sc="214,27,253,-5,107,-7,416,-5" /><INIT seed="7,0,0,5,2,24" ten="241,248,100,411" oya="3" hai0="52,111,112,2,130,110,123,55,35,128,15,11,34" hai1="78,44,122,73,53,104,121,68,63,45,72,119,38" hai2="12,77,6,13,48,118,115,36,25,102,42,3,87" hai3="75,60,100,47,49,18,30,51,127,69,29,20,70"/><W9/><G75/><T94/><D94/><U109/><E109/><N who="0" m="41481" /><D55/><U40/><E104/><V107/><F118/><W134/><G127/><T58/><D123/><U46/><E119/><V91/><F115/><W116/><G116/><T135/><D135/><U99/><E99/><V32/><F91/><W82/><G9/><T22/><D112/><U57/><E78/><V76/><F36/><W39/><G39/><T97/><D97/><U95/><E95/><V74/><F74/><W105/><G82/><T126/><D2/><U17/><E17/><V108/><F3/><W93/><G105/><T80/><D22/><U106/><E106/><V64/><F108/><W31/><G60/><N who="0" m="35911" /><D80/><U125/><E125/><V71/><F32/><W81/><G81/><T86/><D86/><U0/><E0/><V79/><F87/><W83/><G83/><T96/><D96/><U131/><E73/><V4/><F107/><W66/><G66/><T92/><D92/><U28/><E72/><V43/><F64/><W59/><G100/><T101/><D101/><U19/><E19/><V103/><F71/><W26/><G93/><T132/><D132/><U129/><E28/><V27/><REACH who="2" step="1"/><F79/><REACH who="2" ten="241,248,90,411" step="2"/><W88/><G69/><T90/><D126/><U124/><E124/><V56/><F56/><W8/><G70/><T65/><D65/><U84/><E84/><V62/><F62/><W23/><G59/><T117/><D117/><U16/><E68/><V98/><F98/><W5/><G134/><T7/><D90/><U37/><E37/><V85/><F85/><W120/><G88/><T14/><D35/><RYUUKYOKU ba="0,1" sc="241,-10,248,-10,90,30,411,-10" hai2="4,6,12,13,25,27,42,43,48,76,77,102,103" owari="231,-17.0,238,4.0,120,-38.0,411,51.0" /></mjloggm>