<mjloggm ver="2.3"><GO type="41" lobby="0"/><UN n0="%69%6D%70%61%72%74%35%35" n1="%E2%93%9D%53%75%70%68%78" n2="%E2%98%86%E5%A4%A9%E5%85%83%E7%AA%81%E7%A0%B4%E2%98%86" n3="%E3%83%AA%E3%83%A5%E3%82%A6%E3%82%AA%E3%82%A6" dan="14,19,14,13" rate="1923.19,2140.41,1891.59,1826.32" sx="M,M,M,M"/><TAIKYOKU oya="0"/><INIT seed="0,0,0,0,2,58" ten="250,250,250,250" oya="0" hai0="7,112,51,68,33,37,65,39,64,56,11,60,106" hai1="133,2,79,1,18,104,9,83,57,90,54,85,70" hai2="42,50,113,32,111,66,99,0,86,120,29,80,130" hai3="131,115,41,89,87,35,77,43,121,12,126,81,30"/><T118/><D112/><U105/><E70/><V49/><F113/><W132/><G115/><T78/><D33/><U88/><E133/><V108/><F120/><W63/><G132/><T129/><D106/><U94/><E90/><V123/><F123/><W109/><G109/><N who="2" m="42057" /><F0/><W110/><G110/><T76/><D118/><U100/><E105/><V119/><F119/><W74/><G126/><T16/><D129/><U19/><E100/><V71/><F130/><W10/><G131/><T47/><D39/><U36/><E36/><V122/><F122/><W102/><G102/><T134/><D37/><U62/><E104/><V55/><F99/><W14/><G14/><N who="0" m="7263" /><D7/><U114/><E114/><V127/><F127/><W21/><G35/><T52/><D68/><U48/><E2/><V31/><F32/><W61/><G43/><N who="0" m="25087" /><D134/><U59/><E9/><V25/><F71/><W26/><G41/><T103/><D103/><U84/><E1/><V96/><F42/><W92/><REACH who="3" step="1"/><G121/><REACH who="3" ten="250,250,250,240" step="2"/><T72/><D72/><U98/><REACH who="1" step="1"/><E98/><REACH who="1" ten="250,240,250,240" step="2"/><V17/><F96/><W93/><G93/><T5/><D5/><AGARI ba="0,2" hai="5,10,12,21,26,30,61,63,74,77,81,87,89,92" machi="5" ten="30,7700,0" yaku="1,1,7,1,52,2,53,0" doraHai="58" doraHaiUra="135" who="3" fromWho="0" sc="250,-77,240,0,250,0,240,97" /><INIT seed="1,0,0,3,3,67" ten="173,240,250,337" oya="1" hai0="63,58,14,2,119,76,79,28,65,10,88,69,40" hai1="126,117,35,74,31,77,102,94,128,38,18,0,24" hai2="20,81,17,55,71,73,101,75,89,43,19,133,12" hai3="36,131,70,62,9,4,132,34,116,111,105,11,49"/><U8/><E117/><V60/><F101/><W107/><G11/><T30/><D119/><U25/><E38/><V53/><F43/><W113/><G49/><T135/><D135/><U15/><E128/><V32/><F32/><W26/><G62/><T93/><D2/><U61/><E126/><V68/><F133/><W56/><G56/><T41/><D40/><U104/><E104/><V91/><F60/><W80/><G9/><T47/><D79/><U100/><E25/><V120/><F20/><W46/><G80/><T129/><D76/><U83/><E94/><V90/><F81/><W108/><G46/><T130/><D58/><U6/><REACH who="1" step="1"/><E61/><REACH who="1" ten="173,230,250,337" step="2"/><V44/><F120/><W123/><G26/><T52/><D130/><U1/><E1/><V22/><F12/><W66/><G107/><T95/><D129/><U98/><E98/><V37/><F37/><W125/><G4/><T72/><D95/><U33/><E33/><V5/><F5/><W99/><G99/><T97/><D14/><U124/><E124/><V106/><F106/><W21/><G21/><AGARI ba="0,1" hai="0,6,8,15,18,21,24,31,35,74,77,83,100,102" machi="21" ten="30,11600,0" yaku="1,1,7,1,24,2,53,0" doraHai="67" doraHaiUra="112" who="1" fromWho="3" sc="173,0,230,126,250,0,337,-116" /><INIT seed="1,1,0,4,5,130" ten="173,356,250,221" oya="1" hai0="66,52,44,57,65,30,135,20,85,127,117,104,8" hai1="41,47,3,58,42,49,74,7,129,123,122,115,0" hai2="102,114,94,89,1,31,120,116,103,80,62,10,93" hai3="98,45,48,22,87,118,21,82,69,105,68,46,53"/><U26/><E74/><V97/><F116/><W95/><G118/><T16/><D117/><U35/><E7/><V43/><F120/><W5/><G105/><T121/><D104/><U125/><E129/><V61/><F31/><W100/><G46/><T54/><D121/><U76/><E115/><V33/><F33/><W18/><G21/><T72/><D72/><U50/><E76/><V51/><F1/><W133/><G5/><T81/><D127/><U91/><E91/><V25/><F25/><W14/><REACH who="3" step="1"/><G133/><REACH who="3" ten="173,356,250,211" step="2"/><T36/><D135/><U27/><E47/><V96/><F114/><W107/><G107/><T23/><D23/><U110/><E123/><V124/><F10/><W108/><G108/><T134/><D134/><U2/><E110/><V12/><F124/><W119/><G119/><T99/><D8/><U112/><E112/><V34/><F34/><W84/><G84/><T17/><D44/><U113/><E113/><V67/><F43/><W39/><G39/><T37/><D37/><U71/><E35/><V79/><F96/><W64/><G64/><N who="0" m="24683" /><D99/><U19/><E122/><V126/><F97/><W73/><G73/><T111/><D36/><U6/><E125/><V109/><F67/><W56/><G56/><T40/><D111/><U55/><E42/><V77/><F109/><W131/><G131/><T60/><D20/><U83/><E41/><V90/><F126/><W78/><AGARI ba="1,1" hai="14,18,22,45,48,53,68,69,78,82,87,95,98,100" machi="78" ten="20,5200,0" yaku="1,1,0,1,7,1,53,1" doraHai="130" doraHaiUra="75" who="3" fromWho="3" sc="173,-14,356,-27,250,-14,211,65" /><INIT seed="2,0,0,0,5,80" ten="159,329,236,276" oya="2" hai0="9,77,75,78,49,20,14,111,99,58,0,52,2" hai1="122,19,97,131,96,33,87,125,123,120,29,132,42" hai2="10,21,47,85,36,76,70,30,67,115,130,112,38" hai3="93,98,95,46,129,28,71,104,119,84,56,3,23"/><V60/><F38/><W100/><G3/><T13/><D111/><U83/><E131/><V72/><F72/><W31/><G71/><T55/><D99/><U68/><E132/><V6/><F130/><W40/><G119/><T89/><D89/><U24/><E125/><V106/><F106/><W54/><G129/><T64/><D64/><U128/><E128/><V32/><F32/><W43/><G104/><T118/><D118/><U94/><E68/><V127/><F36/><W25/><G31/><T108/><D108/><U117/><E117/><V135/><F47/><W50/><G46/><T34/><D34/><U124/><E124/><V102/><F102/><W8/><G8/><T12/><D75/><U37/><E94/><V66/><F66/><W11/><G11/><T16/><D55/><U82/><E82/><V17/><F127/><W86/><G93/><T107/><D107/><U101/><E101/><V22/><F30/><W61/><G61/><T90/><D90/><N who="1" m="51583" /><E19/><V63/><F17/><W57/><REACH who="3" step="1"/><G56/><REACH who="3" ten="159,329,236,266" step="2"/><T121/><D0/><U69/><E69/><V105/><F105/><W103/><G103/><T1/><D1/><U27/><E29/><V65/><F70/><W53/><G53/><T74/><D2/><U44/><E33/><V92/><F92/><W113/><G113/><T15/><D9/><U4/><E4/><V81/><F112/><W109/><G109/><T7/><D7/><U116/><E116/><V133/><F115/><W41/><AGARI ba="0,1" hai="23,25,28,40,41,43,50,54,57,84,86,95,98,100" machi="41" ten="30,8000,1" yaku="1,1,0,1,8,1,52,2,53,0" doraHai="80" doraHaiUra="114" who="3" fromWho="3" sc="159,-20,329,-20,236,-40,266,90" /><INIT seed="3,0,0,1,2,3" ten="139,309,196,356" oya="3" hai0="43,16,20,6,10,84,58,100,22,114,21,33,125" hai1="35,27,7,95,93,73,83,85,14,133,54,132,44" hai2="50,71,67,0,107,112,53,74,131,116,60,42,98" hai3="126,80,115,130,135,66,29,51,30,122,105,90,113"/><W123/><G105/><T12/><D125/><U2/><E2/><V9/><F112/><W48/><G66/><T106/><D114/><N who="3" m="43529" /><G126/><T13/><D43/><U46/><E73/><V57/><F74/><W65/><G65/><T55/><D33/><U86/><E27/><V52/><F116/><W77/><G77/><T81/><D100/><U118/><E35/><V68/><F131/><W17/><G17/><T76/><REACH who="0" step="1"/><D106/><REACH who="0" ten="129,309,196,356" step="2"/><U26/><E118/><V62/><F42/><W87/><G130/><T38/><D38/><U101/><E101/><V127/><F107/><W75/><G135/><T72/><D72/><U119/><E133/><V40/><F127/><W49/><G75/><T97/><D97/><U108/><E132/><V63/><F98/><W103/><G103/><T64/><D64/><U5/><E119/><V4/><F40/><W129/><G129/><T128/><D128/><U124/><E124/><V121/><F121/><N who="3" m="46091" /><G87/><T99/><D99/><U8/><E86/><V69/><REACH who="2" step="1"/><F67/><REACH who="2" ten="129,309,186,356" step="2"/><W41/><G41/><T47/><D47/><AGARI ba="0,2" hai="0,4,9,47,50,52,53,57,60,62,63,68,69,71" machi="47" ten="40,8000,1" yaku="1,1,2,1,52,1,54,1,53,0" doraHai="3" doraHaiUra="28" who="2" fromWho="0" sc="129,-80,309,0,186,100,356,0" /><INIT seed="4,0,0,3,3,112" ten="49,309,286,356" oya="0" hai0="77,27,98,26,110,86,68,73,108,9,115,1,69" hai1="74,17,47,130,70,31,57,135,67,100,111,82,38" hai2="127,91,50,133,33,42,88,13,114,76,72,44,125" hai3="87,46,102,103,45,105,61,41,84,101,58,48,23"/><T124/><D115/><U126/><E111/><N who="0" m="42537" /><D124/><N who="2" m="47690" /><F33/><W116/><G105/><T95/><D73/><U92/><E130/><V2/><F2/><W85/><G116/><T53/><D53/><U28/><E135/><V104/><F104/><W25/><G46/><T62/><D77/><U83/><E70/><N who="0" m="27241" /><D62/><U121/><E74/><V90/><F114/><W63/><REACH who="3" step="1"/><G58/><REACH who="3" ten="49,309,286,346" step="2"/><T10/><D86/><U134/><E126/><V97/><F133/><W40/><G40/><T59/><D59/><U54/><E57/><V12/><F97/><W60/><G60/><T22/><D1/><U64/><E134/><V51/><F51/><W89/><G89/><N who="0" m="55663" /><D26/><U132/><E132/><V123/><F123/><W7/><G7/><T93/><D93/><U37/><E92/><V122/><F122/><W15/><G15/><T117/><D117/><U4/><E121/><V6/><F6/><W11/><G11/><T36/><D36/><U79/><E38/><V18/><F12/><W52/><G52/><T39/><D39/><U96/><E37/><V24/><F24/><W65/><G65/><T128/><D128/><U55/><E67/><V35/><F13/><W66/><G66/><T109/><N who="0" m="42545" /><T49/><DORA hai="29" /><D49/><U43/><E64/><V71/><F71/><W19/><AGARI ba="0,1" hai="19,23,25,41,45,48,61,63,84,85,87,101,102,103" machi="19" ten="30,12000,2" yaku="1,1,0,1,8,1,53,3" doraHai="112,29" doraHaiUra="30,81" who="3" fromWho="3" sc="49,-60,309,-30,286,-30,346,130" owari="-11,-51.0,279,8.0,256,-14.0,476,57.0" /></mjloggm>