<mjloggm ver="2.3"><GO type="41" lobby="0"/><UN n0="%73%65%6B%69%65" n1="%E2%93%9D%53%75%70%68%78" n2="%E3%81%B7%E3%81%88%E3%81%AC" n3="%E2%93%9D%4E%41%47%41%32%35" dan="14,18,14,17" rate="1834.12,2067.92,2008.31,2169.89" sx="M,M,F,F"/><TAIKYOKU oya="0"/><INIT seed="0,0,0,3,3,22" ten="250,250,250,250" oya="0" hai0="41,79,15,73,36,46,47,76,16,95,134,27,77" hai1="2,93,120,81,59,88,87,107,43,56,119,124,12" hai2="92,45,25,70,82,110,19,125,54,129,20,31,48" hai3="1,85,40,127,68,116,57,34,17,37,115,111,4"/><T6/><D73/><U78/><E119/><V75/><F110/><W24/><G68/><T38/><D134/><U3/><E120/><V11/><F125/><W86/><G116/><T99/><D6/><U131/><E107/><V72/><F129/><W106/><G115/><T33/><D38/><U96/><E131/><V53/><F70/><W13/><G106/><T97/><D47/><U62/><E124/><V49/><F82/><W29/><G111/><T64/><D64/><U14/><E43/><V133/><F133/><W112/><G112/><T63/><D63/><U105/><E59/><V32/><F11/><W23/><G127/><T26/><D33/><U69/><E69/><V35/><F92/><W83/><G57/><T123/><D123/><U114/><E114/><V104/><F104/><W42/><G37/><T65/><D65/><U67/><REACH who="1" step="1"/><E105/><REACH who="1" ten="250,240,250,250" step="2"/><V103/><F103/><W9/><REACH who="3" step="1"/><G86/><REACH who="3" ten="250,240,250,240" step="2"/><T135/><D135/><U0/><AGARI ba="0,2" hai="0,2,3,12,14,56,62,67,78,81,87,88,93,96" machi="0" ten="30,7900,0" yaku="1,1,2,1,0,1,54,1,53,0" doraHai="22" doraHaiUra="132" who="1" fromWho="1" sc="250,-39,240,99,250,-20,240,-20" /><INIT seed="1,0,0,5,1,51" ten="211,339,230,220" oya="1" hai0="49,131,112,45,33,80,125,21,59,134,128,94,55" hai1="73,38,113,99,48,90,26,111,95,119,8,43,77" hai2="97,100,101,23,46,63,25,39,41,52,27,44,29" hai3="10,115,69,16,109,31,116,62,42,32,9,2,105"/><U30/><E113/><V132/><F132/><W57/><G115/><T117/><D112/><U98/><E119/><V87/><F87/><W5/><G105/><T76/><D117/><U88/><E38/><V114/><F114/><W107/><G107/><T103/><D134/><U15/><E111/><V53/><F46/><W84/><G116/><T68/><D68/><U60/><E73/><V135/><F135/><W71/><G42/><T129/><D33/><U36/><E36/><V28/><F63/><W79/><G109/><T54/><D21/><U7/><E77/><V24/><F24/><W65/><G31/><T14/><D14/><U92/><E60/><V11/><F11/><W72/><G32/><T0/><D0/><U70/><E70/><V12/><F12/><W13/><REACH who="3" step="1"/><G72/><REACH who="3" ten="211,339,230,210" step="2"/><T124/><D103/><U108/><E108/><V58/><F100/><W82/><AGARI ba="0,1" hai="2,5,9,10,13,16,57,62,65,69,71,79,82,84" machi="82" ten="30,8000,1" yaku="1,1,2,1,0,1,54,1,53,1" doraHai="51" doraHaiUra="56" who="3" fromWho="3" sc="211,-20,339,-40,230,-20,210,90" /><INIT seed="2,0,0,5,0,24" ten="191,299,210,300" oya="2" hai0="78,32,21,132,20,75,106,114,134,43,85,68,36" hai1="120,69,54,125,107,108,105,99,45,115,127,100,31" hai2="102,131,61,124,41,13,92,77,130,128,30,8,55" hai3="35,90,1,3,87,103,96,84,11,71,117,101,113"/><V133/><F41/><W119/><G71/><T48/><D114/><U15/><E115/><V18/><F124/><N who="1" m="47689" /><E108/><V110/><F133/><W58/><G113/><T122/><D122/><U14/><E107/><V6/><F77/><W86/><G35/><T66/><D106/><U47/><E69/><V109/><F6/><W65/><G90/><T89/><D32/><U22/><E120/><V98/><F30/><W57/><G11/><T93/><D36/><U29/><E54/><V50/><REACH who="2" step="1"/><F61/><REACH who="2" ten="191,299,200,300" step="2"/><W81/><G119/><T104/><D132/><U49/><E31/><V16/><F16/><W28/><G28/><T33/><D78/><U67/><E29/><V70/><F70/><W2/><G117/><T74/><D43/><U88/><E49/><V7/><F7/><W112/><G112/><T94/><D48/><U126/><E126/><V37/><F37/><W97/><G3/><T38/><D38/><U118/><E118/><V40/><F40/><W5/><G5/><T10/><D68/><U64/><E15/><V111/><F111/><W27/><G27/><T62/><D62/><U72/><E14/><V116/><F116/><W121/><G121/><T46/><D134/><U123/><E123/><V80/><F80/><W25/><G25/><T63/><D63/><U17/><E17/><V23/><F23/><W44/><G81/><T19/><D21/><U26/><E22/><V52/><F52/><W34/><G34/><T9/><D33/><U53/><E26/><V42/><F42/><W59/><G2/><T79/><D20/><U95/><E53/><V129/><F129/><RYUUKYOKU ba="0,1" sc="191,-10,299,-10,200,30,300,-10" hai2="8,13,18,50,55,92,98,102,109,110,128,130,131" /><INIT seed="2,1,1,5,5,30" ten="181,289,230,290" oya="2" hai0="78,111,36,64,82,18,1,77,70,19,128,25,12" hai1="131,16,79,46,130,9,0,106,72,71,50,15,32" hai2="40,41,85,56,54,98,76,52,35,118,60,67,3" hai3="74,61,102,114,133,22,103,134,42,44,47,94,73"/><V14/><F3/><W127/><G127/><T109/><D1/><U58/><E71/><V5/><F118/><W126/><G126/><T2/><D2/><U124/><E124/><V45/><F98/><W34/><G114/><T129/><D36/><U28/><E106/><V75/><F75/><W49/><G22/><N who="0" m="13527" /><D64/><U120/><E58/><V105/><F105/><W96/><G103/><T99/><D70/><U91/><E91/><V21/><F35/><W51/><G61/><T117/><D99/><U7/><E79/><N who="0" m="30217" /><D82/><U8/><E120/><V93/><F41/><W24/><G24/><T69/><D69/><U39/><E39/><V26/><F93/><W104/><G34/><T95/><D95/><U116/><E116/><V43/><F43/><N who="3" m="24735" /><G104/><T38/><D38/><U23/><E72/><V115/><F115/><W132/><AGARI ba="1,1" hai="42,47,51,73,74,94,96,102,132,133,134" m="24735" machi="132" ten="30,1100,0" yaku="20,1" doraHai="30" who="3" fromWho="3" sc="181,-4,289,-4,230,-6,290,24" /><INIT seed="3,0,0,0,0,39" ten="177,285,224,314" oya="3" hai0="4,34,121,16,113,108,49,13,15,76,58,46,30" hai1="53,26,125,81,27,132,116,97,128,35,74,42,104" hai2="110,107,24,75,22,63,43,17,119,95,79,25,14" hai3="106,31,83,98,10,70,124,6,66,20,103,37,12"/><W102/><G124/><T47/><D121/><U1/><E1/><V57/><F107/><W111/><G37/><T59/><D113/><U40/><E128/><V82/><F119/><W7/><G103/><T90/><D108/><U2/><E2/><V29/><F110/><W45/><G111/><T88/><D76/><U33/><E132/><V118/><F118/><W67/><G7/><T78/><D78/><U86/><E74/><V115/><F115/><W52/><G83/><T133/><D133/><U72/><E72/><V44/><F95/><W134/><G70/><T112/><D112/><U32/><E53/><V130/><F130/><W64/><G134/><T80/><D30/><U36/><E36/><V38/><REACH who="2" step="1"/><F29/><REACH who="2" ten="177,285,214,314" step="2"/><W84/><G31/><T129/><D129/><U21/><E116/><V18/><F18/><W51/><G106/><T69/><D4/><U99/><E104/><V100/><F100/><W3/><G102/><T68/><D34/><U5/><E5/><V71/><F71/><W109/><G109/><T126/><D126/><U77/><E125/><V19/><F19/><W23/><G3/><T131/><D131/><U41/><REACH who="1" step="1"/><E21/><REACH who="1" ten="177,275,214,314" step="2"/><V61/><F61/><W89/><G23/><T62/><D62/><U8/><E8/><V117/><F117/><W93/><REACH who="3" step="1"/><G20/><REACH who="3" ten="177,275,214,304" step="2"/><T94/><D68/><U92/><E92/><V123/><F123/><W50/><G50/><T54/><D69/><U96/><AGARI ba="0,3" hai="26,27,32,33,35,40,41,42,77,81,86,96,97,99" machi="96" ten="40,12000,2" yaku="1,1,0,1,29,2,52,3,53,0" doraHai="39" doraHaiUra="114" who="1" fromWho="1" sc="177,-30,275,150,214,-30,304,-60" /><INIT seed="4,0,0,5,5,71" ten="147,425,184,244" oya="0" hai0="47,32,57,34,125,58,99,19,40,111,28,46,30" hai1="86,33,21,14,62,128,81,31,94,7,51,48,97" hai2="93,105,113,43,16,73,26,53,96,106,132,0,2" hai3="8,79,27,103,134,61,112,90,55,41,29,76,37"/><T88/><D125/><U117/><E128/><V56/><F113/><W20/><G112/><T36/><D111/><U126/><E33/><V121/><F73/><W116/><G116/><T50/><D34/><U63/><E117/><V67/><F121/><W95/><G134/><T17/><D32/><U104/><E104/><V66/><F132/><W110/><G103/><T100/><D30/><U15/><E7/><V23/><F43/><W82/><G110/><T101/><D28/><U1/><E1/><V108/><F108/><W9/><G37/><T115/><D115/><U129/><E129/><V65/><F106/><W68/><G41/><T74/><D74/><U22/><E31/><V118/><F105/><W91/><G91/><T87/><D101/><U11/><E15/><V119/><F2/><W39/><G39/><T75/><D75/><U72/><E72/><V98/><F0/><W70/><G70/><T24/><D24/><U5/><E22/><V25/><F25/><W78/><G82/><T102/><D102/><N who="1" m="60727" /><E21/><V124/><F124/><W60/><G68/><T77/><D77/><N who="1" m="46383" /><E126/><V114/><F114/><W80/><G80/><N who="0" m="49255" /><D100/><U123/><E123/><V107/><F107/><W44/><G9/><T109/><D99/><U10/><E10/><V84/><F84/><N who="3" m="52679" /><G8/><T122/><D122/><U135/><E135/><V83/><F83/><W69/><G69/><T42/><D109/><U52/><E51/><AGARI ba="0,0" hai="20,27,29,44,51,55,60,61,76,78,79" m="52679" machi="51" ten="30,1000,0" yaku="8,1" doraHai="71" who="3" fromWho="1" sc="147,0,425,-10,184,0,244,10" /><INIT seed="5,0,0,1,1,63" ten="147,415,184,254" oya="1" hai0="135,118,37,19,68,54,74,48,46,131,29,109,86" hai1="16,17,33,20,72,94,122,40,31,45,112,92,53" hai2="102,61,91,104,97,114,103,51,120,84,39,89,85" hai3="65,95,11,36,50,121,21,130,34,101,71,69,79"/><U1/><E112/><V134/><F39/><W15/><G34/><T44/><D118/><U3/><E72/><V83/><F61/><W90/><G36/><T41/><D109/><U10/><E53/><V56/><F120/><W47/><G121/><T115/><D74/><U7/><E3/><V35/><F35/><W98/><G130/><T93/><D115/><U14/><E17/><V66/><F114/><W133/><G133/><T49/><D131/><U6/><E6/><V127/><F127/><W128/><G128/><T52/><D135/><U62/><E62/><V25/><F25/><W82/><G21/><T38/><D41/><U111/><E111/><V87/><F66/><W23/><G23/><T100/><D68/><U129/><E122/><V116/><F56/><W81/><G101/><T99/><D29/><U42/><E42/><V132/><F51/><W67/><G71/><T28/><D28/><U108/><E108/><V75/><F116/><W117/><G69/><T107/><D19/><U13/><E13/><V110/><F110/><W30/><G30/><T22/><D22/><U96/><E129/><V73/><F134/><W2/><G2/><T12/><D12/><U58/><E31/><V88/><F132/><W59/><G59/><T9/><REACH who="0" step="1"/><D9/><REACH who="0" ten="137,415,184,254" step="2"/><U32/><E20/><V60/><F60/><W124/><G117/><T18/><D18/><U0/><E16/><V8/><F8/><W125/><G11/><T113/><D113/><U80/><E10/><V123/><F123/><W119/><G119/><T77/><D77/><U70/><E33/><V105/><F83/><RYUUKYOKU ba="0,1" sc="137,15,415,-15,184,15,254,-15" hai0="37,38,44,46,48,49,52,54,86,93,99,100,107" hai2="73,75,84,85,87,88,89,91,97,102,103,104,105" /><INIT seed="6,1,1,4,5,59" ten="152,400,199,239" oya="2" hai0="120,67,126,125,6,87,65,15,31,42,100,21,77" hai1="104,118,103,26,122,123,66,60,127,36,107,78,135" hai2="56,133,33,39,2,12,16,114,20,109,35,92,14" hai3="1,55,113,86,63,38,17,11,64,84,57,95,121"/><V46/><F109/><W116/><G116/><T49/><D120/><N who="1" m="46123" /><E127/><N who="0" m="48649" /><D100/><U13/><E135/><V88/><F133/><W99/><G121/><T85/><D31/><U73/><E36/><V62/><F114/><W106/><G38/><T129/><D129/><U82/><E118/><V45/><F2/><W80/><G106/><T79/><D42/><U7/><E103/><V115/><F115/><W111/><G111/><T54/><D6/><U50/><E50/><V25/><F35/><W91/><G113/><T128/><D128/><U28/><E13/><V96/><F39/><W70/><G80/><T34/><D34/><N who="1" m="20759" /><E7/><V0/><F0/><W41/><G41/><T47/><D15/><N who="2" m="5674" /><F33/><W53/><G17/><T108/><D21/><U81/><E81/><V90/><F90/><W32/><G32/><T101/><D101/><U37/><E37/><V119/><F119/><W4/><REACH who="3" step="1"/><G55/><AGARI ba="1,1" hai="16,20,25,45,46,55,56,62,88,92,96" m="5674" machi="55" ten="30,12000,1" yaku="25,1,8,1,52,1,54,2" doraHai="59" who="2" fromWho="3" sc="152,0,400,0,199,133,239,-123" /><INIT seed="6,2,0,4,3,98" ten="152,400,332,116" oya="2" hai0="127,68,16,125,39,120,106,81,67,59,56,131,90" hai1="28,15,116,54,128,108,42,63,104,124,135,53,9" hai2="96,8,65,78,89,73,5,88,117,115,33,13,25" hai3="46,80,77,6,2,23,35,84,100,123,109,99,21"/><V14/><F117/><W40/><G109/><T45/><D120/><U72/><E128/><V87/><F115/><W52/><G35/><T10/><D131/><U95/><E135/><V29/><F65/><W74/><G123/><T37/><D106/><U57/><E124/><N who="0" m="47689" /><D68/><U12/><E42/><V111/><F111/><W107/><G84/><N who="0" m="50447" /><D67/><U30/><E104/><V60/><F60/><W70/><G70/><T61/><D61/><U0/><E0/><V110/><F110/><W92/><G107/><T94/><D94/><U66/><E72/><V34/><F96/><W132/><G132/><T44/><D39/><U3/><E3/><V51/><F34/><W83/><G83/><T43/><D45/><U22/><E116/><V118/><F118/><W4/><G52/><N who="1" m="20074" /><E95/><V48/><F14/><AGARI ba="2,0" hai="10,14,16,37,43,44,56,59" m="50447,47689" machi="14" ten="30,2000,0" yaku="18,1,54,1" doraHai="98" who="0" fromWho="2" sc="152,26,400,0,332,-26,116,0" /><INIT seed="7,0,0,1,1,105" ten="178,400,306,116" oya="3" hai0="133,9,32,66,104,48,42,35,73,113,88,11,21" hai1="74,127,57,101,99,124,75,30,25,111,20,12,89" hai2="76,123,83,47,122,109,92,46,116,52,56,134,36" hai3="62,13,17,67,72,107,78,60,44,115,100,24,96"/><W80/><G115/><T130/><D104/><U70/><E111/><V55/><F109/><W95/><G24/><T68/><D113/><U40/><E70/><V112/><F116/><W41/><G67/><T7/><D133/><U93/><E40/><V65/><F112/><W26/><G26/><T85/><D130/><U10/><E57/><V106/><F106/><W120/><G120/><T1/><D11/><U102/><E102/><V125/><F125/><N who="1" m="48201" /><E101/><V114/><F114/><W58/><G58/><T98/><D98/><U8/><E8/><V90/><F134/><W81/><G81/><T5/><D5/><AGARI ba="0,0" hai="5,10,12,20,25,30,74,75,89,93,99" m="48201" machi="5" ten="30,3900,0" yaku="18,1,52,2" doraHai="105" who="1" fromWho="0" sc="178,-39,400,39,306,0,116,0" owari="139,-26.0,439,53.0,306,11.0,116,-38.0" /></mjloggm>