<mjloggm ver="2.3"><GO type="41" lobby="0"/><UN n0="%E6%9D%B1%E5%B1%B1%E5%A5%88%E5%A4%AE%40%E3%83%97%E3%83%99%E7%B5%84" n1="%E8%96%84%E3%81%84%E3%83%87%E3%82%B8%E3%82%BF%E3%83%AB" n2="%E2%93%9D%53%75%70%68%78" n3="%44%6F%70%70%79" dan="15,13,18,14" rate="1982.34,1835.04,2090.15,1970.15" sx="F,M,M,M"/><TAIKYOKU oya="0"/><INIT seed="0,0,0,0,1,22" ten="250,250,250,250" oya="0" hai0="83,125,97,48,91,58,14,6,79,120,88,37,27" hai1="100,11,67,129,124,44,127,69,28,78,128,81,117" hai2="133,76,90,113,131,39,16,3,107,26,92,32,8" hai3="102,132,86,98,95,40,126,96,0,94,65,7,68"/><T101/><D120/><U33/><E117/><V121/><F107/><W10/><G132/><T2/><D2/><U119/><E119/><V23/><F131/><N who="1" m="50249" /><E11/><V55/><F113/><W30/><G126/><N who="1" m="48170" /><E44/><V42/><F76/><W18/><G40/><T49/><D125/><U105/><E67/><V35/><F133/><W114/><G114/><T63/><D37/><U123/><E123/><V84/><F121/><W122/><G122/><T51/><D14/><U15/><E15/><V82/><F42/><W43/><G43/><T103/><D6/><U17/><E17/><V74/><F39/><W59/><G18/><T87/><D27/><N who="1" m="18591" /><E69/><V46/><F3/><W111/><G68/><T53/><REACH who="0" step="1"/><D103/><REACH who="0" ten="240,250,250,250" step="2"/><U75/><E100/><V110/><F26/><W93/><G102/><T41/><D41/><U4/><E4/><V118/><F118/><W31/><G0/><T12/><D12/><U135/><E135/><V56/><F8/><W50/><G10/><T130/><D130/><U89/><E89/><V66/><F90/><W19/><G7/><T54/><D54/><U71/><E71/><V29/><F55/><W5/><G5/><T112/><D112/><U70/><E70/><V73/><F66/><W36/><G65/><T38/><D38/><U77/><E77/><V25/><F25/><W134/><G36/><T24/><D24/><U109/><E105/><AGARI ba="0,1" hai="48,49,51,53,58,63,79,83,87,88,91,97,101,105" machi="105" ten="40,3900,0" yaku="1,1,54,1,53,0" doraHai="22" doraHaiUra="61" who="0" fromWho="1" sc="240,49,250,-39,250,0,250,0" /><INIT seed="0,1,0,5,2,1" ten="289,211,250,250" oya="0" hai0="108,71,95,42,110,92,7,14,56,58,73,77,132" hai1="51,66,63,130,48,107,134,99,82,127,23,119,39" hai2="21,27,85,10,62,35,78,31,5,60,80,13,131" hai3="52,15,24,4,124,81,69,91,106,121,75,105,118"/><T122/><D122/><U38/><E119/><V0/><REACH who="2" step="1"/><F131/><REACH who="2" ten="289,211,240,250" step="2"/><W59/><G121/><T30/><D132/><U61/><E134/><V40/><F40/><W6/><G118/><T114/><D114/><U109/><E130/><V64/><F64/><W54/><G124/><T112/><D112/><U93/><E66/><V97/><F97/><W115/><G115/><T102/><D42/><U57/><E99/><V20/><F20/><W129/><G129/><T37/><D37/><U33/><E23/><V116/><F116/><W86/><G69/><T103/><D71/><U96/><E96/><V128/><F128/><W74/><G106/><T3/><D103/><U90/><E107/><V133/><F133/><W76/><G105/><T12/><D102/><U18/><E127/><V117/><F117/><W26/><G75/><T17/><D73/><U53/><E38/><V25/><F25/><W111/><G111/><T45/><D108/><U32/><E39/><V19/><AGARI ba="1,1" hai="0,5,10,13,19,21,27,31,35,60,62,78,80,85" machi="19" ten="30,12000,2" yaku="21,2,0,1,24,2,52,1,53,0" doraHai="1" doraHaiUra="36" who="2" fromWho="2" sc="289,-61,211,-31,240,133,250,-31" /><INIT seed="1,0,0,5,3,40" ten="228,180,373,219" oya="1" hai0="55,127,64,7,50,33,89,118,53,105,63,101,121" hai1="34,112,62,106,32,49,36,126,92,85,3,21,91" hai2="46,80,26,29,76,43,35,132,78,120,57,86,96" hai3="117,69,125,123,115,97,27,134,14,102,99,94,28"/><U72/><E36/><V109/><F109/><W83/><G123/><T61/><D118/><U113/><E3/><V25/><F132/><W77/><G69/><T75/><D121/><U114/><E126/><V128/><F128/><W1/><G1/><T18/><D75/><U90/><E72/><V11/><F120/><W129/><G115/><T2/><D127/><U56/><E106/><V15/><F57/><W107/><G117/><T24/><D105/><U16/><E49/><V9/><F26/><W22/><G129/><T84/><D101/><U119/><E91/><V124/><F96/><W54/><G54/><T103/><D103/><U48/><E48/><V116/><F11/><W31/><G14/><T59/><D33/><U79/><E79/><V47/><F43/><W88/><G134/><T122/><D122/><U0/><E0/><V70/><F70/><W10/><G10/><T23/><D2/><U19/><E19/><V5/><F116/><W12/><G12/><T45/><D7/><U17/><E17/><V6/><F124/><W93/><G107/><T30/><D18/><U4/><E4/><V44/><F6/><W81/><G125/><T130/><D130/><U98/><E85/><V71/><F71/><W73/><REACH who="3" step="1"/><G81/><REACH who="3" ten="228,180,373,209" step="2"/><N who="0" m="49295" /><D64/><U111/><E119/><V13/><F13/><W135/><G135/><T68/><D68/><U37/><E111/><V131/><F131/><W82/><G82/><T67/><D67/><U87/><E113/><V65/><F65/><W133/><G133/><T20/><D63/><U51/><E114/><V104/><F104/><W38/><G38/><RYUUKYOKU ba="0,1" sc="228,10,180,-30,373,10,209,10" hai0="20,23,24,30,45,50,53,55,59,61" hai2="5,9,15,25,29,35,44,46,47,76,78,80,86" hai3="22,27,28,31,73,77,83,88,93,94,97,99,102" /><INIT seed="2,1,1,2,2,23" ten="238,150,383,219" oya="2" hai0="115,113,68,3,61,13,121,29,1,38,84,98,39" hai1="21,90,17,63,16,27,132,28,40,76,36,24,64" hai2="11,30,14,120,50,25,106,103,31,26,69,130,109" hai3="118,41,47,49,127,108,48,125,60,46,8,134,58"/><V15/><F120/><W18/><G118/><T22/><D121/><U62/><E132/><V67/><F106/><W80/><G134/><T123/><D123/><U20/><E76/><V100/><F69/><W42/><G108/><T101/><D84/><U2/><E2/><V70/><F70/><W55/><G80/><T99/><D68/><U54/><E36/><V44/><F130/><W7/><REACH who="3" step="1"/><G18/><REACH who="3" ten="238,150,383,209" step="2"/><N who="1" m="7274" /><E40/><V73/><F109/><W56/><G56/><T4/><D113/><U74/><E74/><V59/><F73/><W93/><G93/><T122/><D115/><U81/><E64/><V95/><F95/><W10/><G10/><T116/><D116/><U135/><E135/><V82/><F82/><W110/><G110/><T35/><D122/><U89/><E81/><V92/><F92/><W94/><G94/><T33/><D4/><U32/><E32/><V83/><F83/><W126/><G126/><T9/><D9/><U45/><E45/><V114/><F114/><W12/><AGARI ba="1,2" hai="7,8,12,41,42,46,47,48,49,55,58,60,125,127" machi="12" ten="30,4000,0" yaku="1,1,0,1,9,1,53,0" doraHai="23" doraHaiUra="128" who="3" fromWho="3" sc="238,-11,150,-11,383,-21,209,63" /><INIT seed="3,0,0,0,0,56" ten="227,139,362,272" oya="3" hai0="121,40,97,128,72,129,44,113,58,20,76,59,65" hai1="2,52,125,6,118,87,62,80,23,126,66,25,131" hai2="61,17,19,95,37,122,34,60,43,111,83,57,26" hai3="3,31,22,81,12,5,82,89,88,119,33,10,133"/><W74/><G119/><T104/><D121/><U14/><E2/><V36/><F111/><W28/><G33/><T15/><D113/><U1/><E1/><V7/><F7/><W115/><G115/><T4/><D72/><U49/><E131/><N who="0" m="50249" /><D76/><U132/><E132/><V86/><F43/><W13/><G133/><T93/><D104/><U123/><E123/><V100/><F37/><W130/><G74/><T110/><D110/><U102/><E102/><V71/><F36/><W135/><G135/><T16/><D4/><U101/><E101/><V109/><F71/><W41/><G41/><T77/><D77/><U70/><E118/><V105/><F105/><W45/><G45/><T116/><D116/><U63/><E6/><V35/><F109/><W69/><G69/><T107/><D65/><U91/><E14/><V94/><F35/><W64/><G64/><T55/><D55/><U85/><E85/><V120/><F86/><W18/><G130/><T78/><D78/><U90/><E90/><N who="3" m="34922" /><G3/><T48/><D107/><U73/><E73/><V103/><F34/><W68/><G68/><T39/><D39/><U79/><E79/><V53/><F122/><W38/><G38/><T67/><D67/><U84/><E84/><V50/><F120/><W117/><G117/><T96/><D96/><U92/><E80/><AGARI ba="0,0" hai="5,10,12,13,18,22,28,31,80,81,82" m="34922" machi="80" ten="30,2900,0" yaku="8,1,54,1" doraHai="56" who="3" fromWho="1" sc="227,0,139,-29,362,0,272,29" /><INIT seed="3,1,0,2,5,62" ten="227,110,362,301" oya="3" hai0="25,49,42,113,65,15,35,83,121,11,46,132,128" hai1="9,84,100,53,61,40,64,95,13,105,101,23,14" hai2="58,116,87,18,17,68,75,130,21,119,32,126,31" hai3="94,135,134,38,98,91,92,22,107,96,71,48,51"/><W59/><G38/><T112/><D121/><U47/><E105/><V109/><F75/><W8/><G71/><T118/><D118/><U97/><E53/><V80/><F109/><W37/><G37/><T129/><D83/><U20/><E84/><V108/><F108/><W4/><G22/><T12/><D132/><N who="3" m="50729" /><G59/><T19/><D15/><U120/><E101/><V57/><F57/><W28/><G28/><T63/><D25/><U67/><E120/><V33/><F58/><W131/><G131/><T36/><D35/><U44/><E61/><V89/><F68/><W90/><G107/><T123/><D123/><U102/><E102/><V0/><F33/><W74/><G74/><T45/><D45/><N who="1" m="17483" /><E40/><V81/><F130/><N who="0" m="50282" /><D36/><U124/><E124/><V27/><F126/><W103/><G103/><T41/><D41/><U70/><E70/><AGARI ba="1,0" hai="11,12,19,42,46,49,63,65,70,112,113" m="50282" machi="70" ten="30,2000,0" yaku="19,1,52,1" doraHai="62" who="0" fromWho="1" sc="227,23,110,-23,362,0,301,0" /><INIT seed="4,0,0,0,4,56" ten="250,87,362,301" oya="0" hai0="26,22,89,25,92,0,45,77,119,39,4,48,115" hai1="6,125,10,67,20,103,1,87,36,123,75,121,13" hai2="27,34,105,2,107,111,132,96,110,50,122,127,63" hai3="37,78,21,33,124,30,19,117,12,113,32,114,11"/><T134/><D119/><U93/><E125/><V16/><F2/><W49/><G37/><T55/><D134/><U73/><E36/><V81/><F122/><W116/><G78/><T44/><D77/><U46/><E123/><V133/><F50/><W90/><G90/><T70/><D70/><U60/><E121/><V79/><F63/><W80/><G80/><T51/><D115/><N who="3" m="44041" /><G49/><T126/><D126/><U85/><E46/><V120/><F120/><W91/><G91/><T101/><D39/><U72/><E1/><V97/><F127/><W52/><G52/><T24/><D101/><U57/><REACH who="1" step="1"/><E20/><REACH who="1" ten="250,77,362,301" step="2"/><V53/><F133/><W86/><G124/><T129/><D129/><U28/><E28/><V112/><F132/><W58/><G30/><T40/><D0/><U104/><E104/><V100/><F107/><W14/><G32/><T7/><REACH who="0" step="1"/><D22/><REACH who="0" ten="240,77,362,301" step="2"/><U76/><E76/><V8/><F112/><W15/><G21/><T31/><D31/><U71/><E71/><V88/><F79/><W135/><G135/><T98/><AGARI ba="0,2" hai="4,7,24,25,26,40,44,45,48,51,55,89,92,98" machi="98" ten="30,6000,0" yaku="1,1,0,1,8,1,53,0" doraHai="56" doraHaiUra="9" who="0" fromWho="0" sc="240,80,77,-20,362,-20,301,-20" /><INIT seed="4,1,0,1,2,82" ten="320,57,342,281" oya="0" hai0="43,26,56,28,73,39,124,1,119,126,86,3,0" hai1="92,40,88,31,66,10,61,81,30,107,105,41,110" hai2="52,32,60,87,106,7,96,98,114,111,20,49,83" hai3="79,53,37,2,131,59,64,15,21,93,42,77,109"/><T13/><D119/><U94/><E110/><V118/><F111/><W6/><G131/><T130/><D73/><U84/><E107/><V128/><F32/><W36/><G2/><T134/><D134/><U69/><E105/><V120/><F120/><W67/><G37/><T29/><D56/><U116/><E116/><V121/><F121/><W76/><G36/><T62/><D62/><U104/><E104/><V89/><F114/><W50/><G42/><T71/><D71/><U16/><E41/><V55/><F128/><W102/><G109/><T58/><D58/><U103/><E40/><V123/><F7/><W101/><G6/><T14/><D43/><U22/><E10/><V112/><F112/><W133/><G133/><T47/><D47/><U35/><E35/><V46/><F123/><W74/><G74/><T63/><D63/><U19/><E19/><V9/><F9/><W95/><G15/><N who="0" m="5643" /><D39/><U27/><REACH who="1" step="1"/><E81/><REACH who="1" ten="320,47,342,281" step="2"/><V117/><F117/><W5/><G5/><T90/><D130/><U115/><E115/><V91/><F118/><W12/><G95/><N who="0" m="54743" /><D29/><U18/><E18/><V70/><F106/><W129/><G129/><T24/><D28/><U54/><E54/><V44/><F55/><W51/><G53/><T132/><D132/><U100/><E100/><V45/><F52/><W108/><G102/><T25/><D124/><U33/><E33/><V4/><F4/><W80/><G108/><T57/><D126/><U75/><E75/><V113/><F113/><W38/><G101/><T68/><D68/><U122/><E122/><V99/><F70/><W78/><G38/><RYUUKYOKU ba="1,1" sc="320,15,47,15,342,-15,281,-15" hai0="0,1,3,24,25,26,57" hai1="16,22,27,30,31,61,66,69,84,88,92,94,103" /><INIT seed="4,2,1,5,5,118" ten="335,62,327,266" oya="0" hai0="77,71,83,106,32,35,67,6,65,104,39,33,94" hai1="110,68,78,49,13,20,86,1,22,116,113,28,58" hai2="45,5,18,34,31,134,122,53,55,27,101,74,66" hai3="16,17,23,121,8,15,109,36,76,11,108,69,75"/><T87/><D39/><U10/><E116/><V19/><F74/><W24/><G36/><T123/><D71/><U98/><E110/><V85/><F122/><W21/><G69/><T81/><D6/><U42/><E68/><V54/><F134/><W44/><G44/><T107/><D123/><U72/><E72/><V127/><F127/><W111/><G121/><T62/><D62/><U12/><E1/><V80/><F101/><W61/><G61/><T102/><D102/><U57/><E98/><V135/><F135/><W52/><G52/><T124/><D124/><U4/><E22/><V47/><F5/><W91/><G91/><T2/><D2/><U50/><E113/><V40/><F66/><W120/><G120/><T29/><D94/><U46/><E50/><V125/><F125/><W114/><G114/><T51/><D51/><U115/><E115/><V103/><F103/><W89/><G89/><T56/><D56/><U93/><E93/><V30/><F30/><N who="3" m="17679" /><G76/><T128/><D128/><U96/><E96/><V48/><REACH who="2" step="1"/><F47/><REACH who="2" ten="335,62,317,266" step="2"/><W43/><G75/><T132/><D132/><U119/><E119/><V37/><F37/><W26/><G43/><T79/><REACH who="0" step="1"/><D29/><REACH who="0" ten="325,62,317,266" step="2"/><U117/><E117/><V7/><F7/><W64/><G64/><T0/><D0/><U95/><E28/><V9/><F9/><AGARI ba="2,3" hai="8,9,11,15,16,17,23,26,108,109,111" m="17679" machi="9" ten="30,3900,0" yaku="34,2,54,1" doraHai="118" who="3" fromWho="2" sc="325,0,62,0,317,-45,266,75" /><INIT seed="5,0,0,4,2,36" ten="325,62,272,341" oya="1" hai0="2,130,96,61,50,69,99,105,6,113,46,18,86" hai1="29,51,79,16,103,115,26,117,28,82,81,14,63" hai2="90,102,109,95,55,58,40,11,133,49,70,23,122" hai3="98,104,57,54,129,131,123,9,12,76,74,97,112"/><U75/><E117/><V41/><F122/><W38/><G38/><T134/><D113/><U48/><E115/><V120/><F120/><W71/><G71/><T0/><D130/><N who="3" m="49673" /><G123/><T31/><D31/><U135/><E135/><V100/><F109/><W85/><G74/><T24/><D134/><U33/><E103/><N who="2" m="39467" /><F70/><W118/><G104/><T93/><D105/><U10/><E29/><V3/><F3/><W87/><G118/><T94/><D69/><U17/><E17/><V45/><F11/><W125/><G125/><T8/><D61/><U66/><REACH who="1" step="1"/><E81/><REACH who="1" ten="325,52,272,341" step="2"/><V22/><F133/><W65/><G112/><T34/><D18/><U106/><E106/><V84/><F58/><AGARI ba="0,1" hai="10,14,16,26,28,33,48,51,58,63,66,75,79,82" machi="58" ten="30,11600,0" yaku="1,1,7,1,54,1,53,1" doraHai="36" doraHaiUra="5" who="1" fromWho="2" sc="325,0,52,126,272,-116,341,0" /><INIT seed="5,1,0,3,2,33" ten="325,178,156,341" oya="1" hai0="28,38,56,128,130,95,90,124,63,37,69,71,8" hai1="45,55,98,3,57,59,117,73,104,51,102,88,108" hai2="122,23,133,65,50,86,84,25,119,48,106,52,4" hai3="61,78,107,81,21,29,67,10,22,27,105,43,129"/><U97/><E117/><V75/><F119/><W46/><G129/><N who="0" m="49771" /><D124/><U134/><E73/><V85/><F122/><W31/><G10/><T44/><D8/><U6/><E134/><V12/><F75/><W13/><G13/><T24/><D44/><U74/><E74/><V18/><F106/><W127/><G127/><T121/><D121/><U126/><E126/><V30/><F133/><W11/><G11/><T91/><D91/><U132/><E132/><V94/><F65/><W0/><G0/><T66/><D56/><U2/><E108/><V15/><F50/><W135/><G43/><T40/><D40/><U118/><E118/><V125/><F4/><W112/><G46/><T96/><D71/><U34/><E34/><AGARI ba="1,0" hai="24,28,34,37,38,63,66,69,90,95,96" m="49771" machi="34" ten="30,1000,0" yaku="19,1" doraHai="33" who="0" fromWho="1" sc="325,13,178,-13,156,0,341,0" /><INIT seed="6,0,0,2,2,55" ten="338,165,156,341" oya="2" hai0="38,9,2,4,108,112,43,20,78,98,15,103,75" hai1="57,14,126,70,17,1,8,25,109,101,48,50,35" hai2="87,122,69,51,7,82,0,76,133,128,66,52,65" hai3="61,21,120,54,6,74,44,71,94,11,39,92,22"/><V27/><F122/><W90/><G74/><T104/><D108/><U89/><E109/><V26/><F128/><W88/><G71/><T41/><D112/><U46/><E70/><V127/><F133/><W49/><G39/><T80/><D41/><U107/><E126/><V59/><F127/><W33/><G33/><T102/><D102/><U116/><E116/><V91/><F0/><W114/><G61/><T124/><D15/><U111/><E111/><V132/><F132/><W118/><G120/><T86/><D20/><U37/><E1/><V64/><F69/><W58/><G44/><N who="0" m="23671" /><D86/><U110/><E110/><V42/><F7/><W81/><G81/><T45/><D45/><U40/><E107/><V10/><F10/><W18/><G118/><T30/><D30/><U119/><E119/><V97/><F42/><W36/><G36/><T106/><D106/><U77/><E101/><V68/><F68/><W117/><G114/><T29/><D29/><U63/><E77/><V134/><F134/><W19/><G6/><T95/><D95/><AGARI ba="0,0" hai="26,27,51,52,59,64,65,66,76,82,87,91,95,97" machi="95" ten="40,7700,0" yaku="8,1,52,1,54,1" doraHai="55" who="2" fromWho="0" sc="338,-77,165,0,156,77,341,0" /><INIT seed="6,1,0,3,5,97" ten="261,165,233,341" oya="2" hai0="7,64,118,56,58,54,72,14,9,81,3,12,123" hai1="68,74,8,38,53,75,117,51,78,66,46,88,62" hai2="63,135,15,47,110,95,23,40,28,116,85,6,86" hai3="109,71,96,44,60,77,133,1,101,32,69,13,17"/><V113/><F116/><W70/><G1/><T33/><D123/><U104/><E117/><V49/><F113/><W114/><G109/><T27/><D118/><U100/><E38/><V26/><F110/><W43/><G32/><T5/><D72/><U36/><E36/><V125/><F125/><W87/><G133/><T22/><D81/><U25/><E78/><V121/><F121/><W34/><G34/><T73/><D73/><U132/><E132/><V94/><F135/><W108/><G87/><N who="2" m="33289" /><F63/><W93/><G77/><T92/><D92/><U124/><E124/><V0/><F0/><W45/><G114/><T83/><D83/><U37/><E37/><V126/><F126/><W10/><G108/><T18/><D64/><U127/><E127/><V84/><F84/><W106/><G60/><T131/><D131/><U39/><E39/><V31/><F31/><W4/><G43/><T105/><D105/><U35/><E88/><V59/><F59/><W20/><G106/><T130/><D130/><U103/><E8/><AGARI ba="1,0" hai="6,8,15,23,26,28,40,47,49,94,95" m="33289" machi="8" ten="30,1500,0" yaku="8,1" doraHai="97" who="2" fromWho="1" sc="261,0,165,-18,233,18,341,0" /><INIT seed="6,2,0,3,1,111" ten="261,147,251,341" oya="2" hai0="0,36,85,91,89,29,78,100,8,28,16,30,120" hai1="76,33,31,18,20,65,6,53,128,38,21,98,87" hai2="24,119,80,101,50,109,112,52,99,35,1,118,51" hai3="132,117,41,86,79,103,93,92,26,22,48,126,14"/><V2/><F109/><W58/><G117/><T114/><D120/><U122/><E128/><V60/><F80/><W56/><G132/><T106/><D36/><U74/><E74/><V44/><F112/><W72/><G126/><T95/><D0/><U107/><E33/><V133/><F133/><W7/><G72/><T96/><D114/><U129/><E129/><V17/><F60/><W104/><G104/><T115/><D115/><U11/><E31/><V116/><F51/><W57/><G79/><T88/><REACH who="0" step="1"/><D78/><REACH who="0" ten="251,147,251,341" step="2"/><U124/><E76/><V61/><F2/><W66/><G66/><T77/><D77/><U70/><E65/><V40/><F1/><W54/><G41/><T94/><D94/><U131/><E122/><V25/><F119/><W102/><G92/><T19/><D19/><U59/><E18/><V75/><F75/><W5/><G7/><T127/><D127/><U71/><E6/><V43/><F43/><W55/><G54/><T46/><D46/><U27/><E53/><V12/><F118/><W49/><G55/><T134/><D134/><U62/><E124/><V13/><F116/><W84/><G93/><T110/><D110/><U34/><E131/><V4/><F4/><W42/><G42/><T47/><D47/><U9/><E107/><N who="2" m="63935" /><F17/><N who="3" m="10551" /><G5/><T73/><D73/><U121/><E121/><V63/><F40/><W23/><G103/><T37/><D37/><U69/><E38/><V67/><F67/><W108/><G102/><T39/><D39/><U15/><E71/><V113/><F113/><W10/><G108/><T64/><D64/><U105/><E70/><RYUUKYOKU ba="2,1" sc="251,30,147,-10,251,-10,341,-10" hai0="8,16,28,29,30,85,88,89,91,95,96,100,106" /><INIT seed="7,3,1,4,3,30" ten="281,137,241,331" oya="3" hai0="121,47,129,99,68,38,88,134,85,103,39,93,49" hai1="113,111,42,40,17,19,130,91,120,69,32,114,31" hai2="66,7,36,67,86,89,124,63,126,74,83,53,73" hai3="0,77,76,127,33,125,131,123,22,46,24,34,98"/><W1/><G123/><T64/><D121/><U75/><E75/><V3/><F36/><W78/><G131/><T45/><D129/><U97/><E130/><V132/><F132/><W60/><G98/><T80/><D134/><U4/><E120/><V108/><F108/><W65/><G46/><T2/><D2/><U118/><E111/><V25/><F53/><W21/><G1/><T102/><D102/><U18/><E69/><V44/><F44/><W37/><G37/><T107/><D47/><U16/><E97/><V94/><F25/><W100/><G100/><T9/><D9/><U90/><E31/><V29/><F29/><W128/><G0/><T96/><D64/><U61/><E4/><V52/><F52/><W50/><G50/><T112/><D68/><U41/><N who="1" m="4096" /><DORA hai="28" /><U92/><E61/><V119/><F119/><W133/><G24/><T13/><D13/><U79/><E79/><V11/><F67/><W27/><G27/><T71/><D71/><U87/><E118/><V12/><F3/><W104/><G133/><T15/><D15/><U122/><E122/><V81/><F74/><W116/><G116/><T59/><D59/><U135/><E135/><V23/><F73/><W14/><G14/><T117/><D117/><U106/><E106/><V110/><F110/><W55/><G104/><T5/><D5/><U57/><E57/><N who="2" m="37231" /><F23/><N who="3" m="8715" /><G65/><T82/><D38/><U62/><E62/><V43/><F43/><N who="1" m="16457" /><E91/><V70/><F70/><W6/><G128/><T105/><D105/><U115/><N who="1" m="16465" /><U20/><DORA hai="56" /><E20/><V35/><F7/><W84/><G6/><RYUUKYOKU ba="3,1" sc="281,-10,137,30,241,-10,331,-10" hai1="32,87,90,92,113,114,115" owari="271,7.0,167,-33.0,231,-17.0,331,43.0" /></mjloggm>