<mjloggm ver="2.3"><GO type="41" lobby="0"/><UN n0="%E8%B1%86%E3%83%80%E3%83%9E%E8%AD%A6%E5%AF%9F" n1="%E2%93%9D%53%75%70%68%78" n2="%70%61%73%73%69%6E%67" n3="%4C%75%6D%6F%73" dan="13,19,14,15" rate="1877.11,2098.35,1959.97,2128.83" sx="M,M,M,M"/><TAIKYOKU oya="0"/><INIT seed="0,0,0,0,3,97" ten="250,250,250,250" oya="0" hai0="9,113,118,95,93,69,11,55,105,83,77,65,98" hai1="64,122,88,135,48,76,104,8,61,57,0,60,32" hai2="127,23,96,34,50,131,129,14,38,52,106,94,27" hai3="92,58,7,78,112,28,2,101,24,123,116,90,59"/><T66/><D113/><U89/><E122/><V42/><F106/><W40/><G112/><T130/><D118/><U29/><E135/><V79/><F79/><W47/><G116/><T134/><D130/><U91/><E104/><V86/><F86/><W81/><G123/><T63/><D134/><U44/><E76/><V36/><F127/><W22/><G7/><T114/><D95/><U20/><E32/><V121/><F34/><W128/><G2/><T35/><D35/><U100/><E61/><V30/><F14/><W49/><G128/><N who="2" m="49225" /><F42/><W74/><REACH who="3" step="1"/><G101/><REACH who="3" ten="250,250,250,240" step="2"/><T109/><D114/><U19/><E100/><N who="2" m="60439" /><F121/><W111/><G111/><T107/><D109/><U15/><E0/><V99/><F99/><AGARI ba="0,1" hai="22,24,28,40,47,49,58,59,74,78,81,90,92,99" machi="99" ten="30,3900,0" yaku="1,1,7,1,53,1" doraHai="97" doraHaiUra="84" who="3" fromWho="2" sc="250,0,250,0,250,-39,240,49" /><INIT seed="1,0,0,5,3,124" ten="250,250,211,289" oya="1" hai0="21,79,132,97,22,68,35,117,55,30,60,44,125" hai1="8,75,38,105,57,64,110,82,77,61,83,129,74" hai2="120,36,27,118,130,73,93,18,25,128,6,84,107" hai3="113,52,43,13,65,91,116,10,92,23,67,32,4"/><U45/><E105/><V135/><F107/><W14/><G113/><T89/><D117/><U88/><E110/><V2/><F36/><W114/><G114/><T98/><D132/><U81/><E129/><N who="2" m="49771" /><F73/><W41/><G32/><T0/><D0/><U108/><E108/><V7/><F135/><W96/><G116/><T24/><D79/><U29/><E29/><V76/><F118/><W95/><G95/><T103/><D35/><U54/><E75/><V46/><F120/><W99/><G99/><T133/><D98/><U87/><E8/><N who="2" m="2135" /><F7/><W9/><G23/><T63/><D133/><U127/><E127/><V26/><F46/><W47/><G41/><T17/><D125/><U131/><E131/><V69/><F69/><W50/><REACH who="3" step="1"/><G43/><REACH who="3" ten="250,250,211,279" step="2"/><T62/><D68/><U49/><E38/><V3/><F3/><W72/><G72/><T28/><D30/><U78/><E74/><V126/><F126/><W119/><G119/><T70/><D70/><U12/><E12/><V66/><F66/><W58/><G58/><T16/><D28/><U86/><E78/><V134/><F134/><W115/><G115/><T34/><D34/><U100/><E77/><V1/><F1/><W94/><G94/><N who="0" m="56527" /><D44/><U112/><E112/><V31/><F31/><W51/><G51/><T123/><D123/><U39/><E39/><V42/><F42/><W40/><G40/><T101/><D55/><U90/><E83/><N who="2" m="47207" /><F93/><W111/><G111/><T37/><D37/><U53/><E64/><V5/><F5/><AGARI ba="0,1" hai="4,5,9,10,13,14,47,50,52,65,67,91,92,96" machi="5" ten="30,8000,1" yaku="1,1,7,1,9,1,8,1,54,1,53,0" doraHai="124" doraHaiUra="56" who="3" fromWho="2" sc="250,0,250,0,211,-80,279,90" /><INIT seed="2,0,0,4,1,89" ten="250,250,131,369" oya="2" hai0="36,35,70,22,80,19,31,125,38,40,135,122,115" hai1="131,73,98,107,51,9,46,61,27,106,59,109,100" hai2="90,113,130,57,28,18,93,67,2,11,30,105,33" hai3="55,91,127,66,101,4,77,42,32,1,6,60,8"/><V81/><F105/><W39/><G127/><T129/><D122/><U52/><E109/><V14/><F113/><W12/><G32/><T29/><D115/><U48/><E73/><V95/><F130/><W37/><G101/><T17/><D70/><U68/><E131/><V64/><F2/><W123/><G123/><T24/><D129/><U53/><E9/><V62/><F67/><W88/><G77/><T108/><D108/><U72/><E72/><V65/><F64/><W0/><G55/><T58/><D125/><U117/><E117/><V45/><F33/><W15/><G42/><T69/><D69/><U7/><E7/><V34/><F34/><W92/><G66/><T84/><D58/><U112/><E112/><V26/><F26/><W50/><G50/><T49/><D135/><U102/><E68/><V83/><F45/><W25/><G25/><T126/><D126/><U120/><E120/><V43/><F43/><W86/><G60/><T121/><D121/><U10/><E10/><V78/><F83/><W118/><G118/><T63/><D63/><U82/><E82/><V21/><F21/><W79/><G79/><T54/><D40/><U85/><E61/><V41/><F41/><W104/><G104/><T20/><D38/><U116/><E116/><V74/><REACH who="2" step="1"/><F95/><REACH who="2" ten="250,250,121,369" step="2"/><W71/><G92/><T128/><D128/><U5/><E107/><V47/><F47/><W97/><G0/><T44/><D36/><U96/><E106/><V94/><F94/><W87/><G1/><T16/><D31/><U134/><E46/><V110/><F110/><W133/><G39/><RYUUKYOKU ba="0,1" sc="250,15,250,-15,121,15,369,-15" hai0="16,17,19,20,22,24,29,35,44,49,54,80,84" hai2="11,14,18,28,30,57,62,65,74,78,81,90,93" /><INIT seed="2,1,1,5,2,14" ten="265,235,136,354" oya="2" hai0="15,44,113,109,31,99,6,81,112,42,18,122,7" hai1="89,59,20,57,50,129,17,105,96,80,9,120,128" hai2="95,93,74,110,78,39,100,61,70,10,91,123,1" hai3="26,121,72,87,132,48,67,46,116,130,28,111,131"/><V24/><F39/><W119/><G72/><T134/><D122/><U3/><E120/><V118/><F123/><W49/><G121/><T29/><D99/><U133/><E133/><V92/><F118/><W5/><G111/><T94/><D94/><U77/><E9/><V90/><F110/><W84/><G132/><T115/><D81/><U11/><E50/><V40/><F40/><W83/><G5/><T53/><D109/><U19/><E89/><V107/><F24/><W135/><G67/><T37/><D134/><U13/><E96/><V35/><F35/><W76/><G87/><T52/><D6/><U88/><E105/><V106/><F10/><W22/><G49/><T66/><D66/><U51/><E3/><V45/><F45/><W97/><G97/><T69/><D69/><U114/><E114/><V68/><F1/><W23/><G135/><T62/><D7/><U60/><E51/><V4/><F4/><W63/><G63/><T125/><D125/><U8/><E60/><V79/><F61/><W25/><G131/><N who="1" m="50250" /><E11/><V98/><F107/><W64/><G64/><T82/><D82/><U30/><E30/><V65/><F65/><W71/><G71/><N who="2" m="27177" /><F74/><W104/><G104/><T38/><D38/><U43/><E43/><V54/><F54/><W16/><G130/><T103/><D53/><AGARI ba="1,1" hai="16,22,23,25,26,28,46,48,53,76,83,84,116,119" machi="53" ten="30,3900,0" yaku="7,1,52,1,54,1" doraHai="14" who="3" fromWho="0" sc="265,-42,235,0,136,0,354,52" /><INIT seed="3,0,0,4,1,55" ten="223,235,136,406" oya="3" hai0="23,48,37,80,58,133,60,24,68,99,121,21,49" hai1="129,112,104,86,32,51,35,7,108,127,31,25,33" hai2="76,122,70,43,52,132,9,134,96,13,62,54,8" hai3="106,107,14,93,109,71,63,4,100,50,83,53,18"/><W56/><G4/><T88/><D37/><U123/><E104/><V75/><F96/><W79/><G109/><T124/><D121/><U64/><E112/><V36/><F122/><W26/><G26/><T130/><D130/><U81/><E127/><V74/><F76/><W3/><G3/><T69/><D124/><U120/><E64/><V91/><F91/><W39/><G39/><T34/><D34/><U42/><E108/><V11/><F36/><W1/><G1/><T118/><D133/><U28/><E129/><V84/><F84/><W92/><G107/><T114/><D118/><U102/><E102/><V101/><F101/><W110/><G110/><T27/><D69/><U20/><E7/><V95/><F43/><W105/><G105/><T77/><D68/><U135/><E135/><V16/><F95/><W61/><G106/><T30/><D114/><U73/><E73/><V47/><F75/><W111/><G71/><T103/><D103/><U41/><E31/><V128/><F74/><W119/><G119/><T59/><D77/><U78/><E42/><V40/><F128/><W82/><G82/><T115/><D115/><U15/><E15/><V5/><F132/><W67/><G67/><T0/><D0/><U85/><E123/><V45/><F134/><W10/><G111/><T126/><D126/><U17/><E120/><V97/><F70/><W90/><G100/><T87/><D99/><U98/><E98/><V65/><F97/><N who="3" m="57495" /><G93/><T66/><REACH who="0" step="1"/><D59/><REACH who="0" ten="213,235,136,406" step="2"/><U117/><E117/><V72/><F5/><W2/><G2/><T6/><D6/><U12/><E86/><AGARI ba="0,1" hai="10,14,18,50,53,56,61,63,79,83,86" m="57495" machi="86" ten="30,5800,0" yaku="6,1,8,1,52,1" doraHai="55" who="3" fromWho="1" sc="213,0,235,-58,136,0,406,68" /><INIT seed="3,1,0,1,4,69" ten="213,177,136,474" oya="3" hai0="112,21,127,8,53,92,64,40,20,33,54,90,123" hai1="89,102,37,58,62,16,36,43,46,10,104,42,6" hai2="105,24,97,48,44,26,25,2,19,115,14,75,31" hai3="15,38,59,13,101,135,99,61,45,65,32,85,130"/><W60/><G135/><T34/><D123/><U94/><E104/><V47/><F75/><W95/><G32/><T126/><D64/><U83/><E102/><V11/><F97/><W116/><G116/><T100/><D40/><U18/><E83/><V73/><F73/><W119/><G130/><T125/><D112/><U76/><E76/><V66/><F105/><W4/><G119/><T129/><D100/><U52/><E43/><V63/><F115/><W87/><G61/><T56/><D8/><U117/><E37/><V7/><F47/><W0/><G0/><T35/><D129/><U114/><E117/><V50/><F50/><W96/><G96/><T86/><REACH who="0" step="1"/><D54/><REACH who="0" ten="203,177,136,474" step="2"/><U122/><E122/><V120/><F120/><W51/><G65/><T88/><D88/><U77/><E114/><V1/><F2/><W128/><G128/><T57/><D57/><U23/><E77/><V124/><F1/><W111/><G59/><T131/><D131/><U121/><E121/><V118/><F118/><W107/><G101/><T93/><D93/><U81/><E81/><V30/><F7/><W79/><G4/><T98/><D98/><U70/><E70/><V113/><F113/><W109/><G95/><T68/><D68/><U67/><E67/><V5/><F5/><W91/><G91/><T22/><D22/><U71/><E23/><V80/><F80/><W106/><G99/><T84/><D84/><N who="1" m="52519" /><E71/><V17/><F66/><W41/><G87/><T103/><D103/><U132/><E132/><V27/><F31/><W134/><G85/><T78/><D78/><U110/><E110/><RYUUKYOKU ba="1,1" sc="203,15,177,15,136,-15,474,-15" hai0="20,21,33,34,35,53,56,86,90,92,125,126,127" hai1="6,10,16,18,36,42,46,52,58,62" /><INIT seed="4,2,1,1,2,65" ten="218,192,121,459" oya="0" hai0="85,90,86,84,133,33,25,55,93,66,97,95,19" hai1="49,34,128,135,4,53,130,30,77,69,87,104,23" hai2="94,102,126,96,101,20,2,40,52,62,109,7,124" hai3="28,50,54,11,0,134,111,12,63,80,89,29,82"/><T32/><D133/><U98/><E34/><V129/><F109/><W75/><G111/><T70/><D55/><U73/><E4/><V18/><F40/><W106/><G0/><T115/><D115/><U6/><E6/><V45/><F7/><W9/><G106/><T132/><D132/><U10/><E10/><V110/><F2/><W41/><G9/><T44/><D44/><U114/><E87/><V103/><F102/><W92/><G63/><T100/><D19/><U127/><E127/><V116/><F110/><W112/><G41/><T38/><D38/><U83/><E114/><V57/><F103/><W51/><G51/><T17/><D17/><U74/><E74/><V14/><F116/><W1/><G1/><T76/><D76/><U24/><E135/><V56/><F129/><N who="1" m="49769" /><E98/><V123/><F123/><W46/><G75/><T113/><D113/><U5/><E5/><V88/><F45/><W78/><G78/><T13/><D13/><U37/><E37/><V58/><F126/><W21/><G11/><T60/><REACH who="0" step="1"/><D33/><REACH who="0" ten="208,192,121,459" step="2"/><U61/><E53/><V8/><F124/><W118/><G54/><T120/><D120/><U125/><E125/><V121/><F121/><W43/><G12/><T79/><D79/><U67/><E49/><V107/><F8/><W105/><G50/><T122/><D122/><U131/><E131/><V59/><F107/><AGARI ba="2,2" hai="23,24,30,61,67,69,73,77,83,104,107" m="49769" machi="107" ten="30,2000,0" yaku="19,1,52,1" doraHai="65" who="1" fromWho="2" sc="208,0,192,46,121,-26,459,0" /><INIT seed="5,0,0,5,5,62" ten="208,238,95,459" oya="1" hai0="48,113,81,16,35,6,39,77,26,19,105,36,53" hai1="109,65,101,110,44,55,135,115,64,71,4,127,91" hai2="78,67,106,94,90,79,25,49,86,119,107,50,97" hai3="23,46,57,118,18,31,2,0,10,85,41,33,3"/><U126/><E101/><V15/><F119/><W131/><G118/><T99/><D113/><U83/><E4/><V76/><F15/><W72/><G131/><T7/><D36/><U5/><E5/><V75/><F25/><W37/><G72/><T100/><D39/><U63/><E83/><V73/><F49/><W12/><G85/><T120/><D120/><U30/><E91/><N who="2" m="55519" /><F50/><W84/><G84/><T103/><D103/><U60/><E30/><V24/><F24/><N who="3" m="18663" /><G57/><T51/><D51/><N who="1" m="29159" /><E135/><V70/><F67/><W74/><G74/><N who="2" m="28169" /><F70/><W47/><G47/><T59/><D35/><U121/><E121/><V108/><F108/><N who="1" m="41577" /><E115/><V125/><F125/><W40/><G40/><T122/><D122/><U34/><E34/><V93/><AGARI ba="0,0" hai="76,78,79,86,90,93,106,107" m="28169,55519" machi="93" ten="30,8000,1" yaku="35,5" doraHai="62" who="2" fromWho="2" sc="208,-20,238,-40,95,80,459,-20" /><INIT seed="6,0,0,1,5,10" ten="188,198,175,439" oya="2" hai0="130,59,67,8,75,34,66,86,87,128,54,94,119" hai1="22,56,110,23,120,4,49,44,125,1,80,26,46" hai2="88,50,76,2,27,84,122,55,71,117,58,39,32" hai3="69,131,60,7,53,63,107,101,9,103,62,30,13"/><V109/><F71/><W127/><G131/><N who="0" m="50219" /><D75/><U81/><E110/><V104/><F2/><W74/><G74/><T35/><D119/><U12/><E1/><V114/><F104/><W112/><G127/><T89/><D8/><N who="1" m="4103" /><E23/><V73/><F39/><W111/><G30/><T85/><D66/><U57/><E46/><V98/><F117/><W52/><G107/><T96/><D67/><U20/><E20/><V25/><F122/><W47/><G69/><T19/><D19/><N who="1" m="12639" /><E125/><V90/><F109/><W42/><G103/><T43/><D43/><N who="1" m="24735" /><E120/><V124/><F124/><W79/><G101/><T18/><D18/><U14/><E14/><V102/><F32/><W77/><G77/><T97/><D97/><U133/><E133/><V92/><F73/><W21/><G79/><T6/><D6/><U121/><E121/><V106/><F106/><W91/><G21/><T29/><D29/><U15/><E15/><V82/><REACH who="2" step="1"/><F114/><REACH who="2" ten="188,198,165,439" step="2"/><W5/><G112/><T11/><D11/><U118/><E118/><V0/><F0/><W70/><G111/><T40/><D34/><U105/><E105/><V64/><F64/><W48/><G70/><T28/><D35/><U93/><E93/><V3/><F3/><W129/><G129/><T38/><D38/><U24/><E24/><AGARI ba="0,1" hai="24,25,27,50,55,58,76,82,84,88,90,92,98,102" machi="24" ten="40,7700,0" yaku="1,1,8,1,54,1,53,0" doraHai="10" doraHaiUra="61" who="2" fromWho="1" sc="188,0,198,-77,165,87,439,0" /><INIT seed="6,1,0,2,1,104" ten="188,121,252,439" oya="2" hai0="11,103,44,27,39,135,80,46,96,134,82,41,81" hai1="118,71,2,35,4,68,76,129,123,10,74,37,72" hai2="12,49,122,43,128,3,115,45,61,114,34,30,113" hai3="131,26,9,38,116,86,126,75,24,79,8,14,119"/><V106/><F106/><W60/><G131/><T90/><D27/><U48/><E48/><V42/><F3/><W36/><G126/><T84/><D11/><U51/><E51/><V132/><F122/><W70/><G75/><N who="1" m="28714" /><E76/><V53/><F30/><W7/><G60/><T57/><D57/><U88/><E88/><V19/><F34/><W5/><G70/><N who="1" m="26666" /><E118/><V95/><F128/><W55/><G55/><T91/><D46/><U33/><E129/><V62/><F95/><W127/><G127/><T66/><D66/><U17/><E17/><V29/><F29/><W28/><G28/><T98/><D98/><U112/><E112/><V67/><F62/><W31/><G31/><T20/><D20/><U92/><E92/><V50/><F50/><W23/><G23/><T107/><REACH who="0" step="1"/><D81/><REACH who="0" ten="178,121,252,439" step="2"/><U16/><E123/><V64/><F64/><W18/><G26/><T69/><D69/><U97/><E97/><V124/><F67/><W120/><G79/><T110/><D110/><U54/><E54/><V109/><F109/><W15/><G86/><AGARI ba="1,1" hai="39,41,44,80,82,84,86,90,91,96,103,107,134,135" machi="86" ten="40,2600,0" yaku="1,1,9,1,53,0" doraHai="104" doraHaiUra="13" who="0" fromWho="3" sc="178,39,121,0,252,0,439,-29" /><INIT seed="7,0,0,1,1,6" ten="217,121,252,410" oya="3" hai0="46,113,103,133,96,80,129,56,58,44,2,59,108" hai1="33,14,84,109,68,5,26,7,132,54,106,43,27" hai2="63,60,81,51,75,135,88,38,19,28,1,126,93" hai3="119,4,95,91,36,94,112,3,72,69,87,89,98"/><W130/><G36/><T123/><D123/><U78/><E106/><V128/><F38/><W57/><G69/><T47/><D108/><U9/><E68/><V23/><F1/><W131/><G72/><T55/><D129/><N who="3" m="49161" /><G112/><T34/><D133/><U104/><E104/><V18/><F18/><W116/><G57/><T107/><D34/><U100/><E100/><V16/><F128/><W48/><G48/><T50/><D113/><U13/><E109/><V67/><F67/><W24/><BYE who="2" /><G24/><T110/><D110/><U0/><E54/><V17/><F17/><W31/><G31/><T10/><REACH who="0" step="1"/><D80/><REACH who="0" ten="207,121,252,410" step="2"/><U8/><E132/><V66/><F66/><W37/><G119/><T127/><D127/><U124/><E124/><V52/><F52/><W134/><G116/><T73/><D73/><U53/><E0/><V71/><F71/><W102/><G3/><T92/><D92/><U62/><E33/><V22/><F22/><W61/><G95/><UN n2="%70%61%73%73%69%6E%67" /><T105/><D105/><U70/><E43/><V101/><F28/><W125/><G94/><T117/><D117/><U83/><REACH who="1" step="1"/><E53/><REACH who="1" ten="207,111,252,410" step="2"/><V30/><F101/><W65/><G102/><T29/><D29/><U114/><E114/><V121/><F126/><W20/><G134/><T41/><D41/><U25/><E25/><V97/><F135/><W120/><G125/><T77/><D77/><U76/><E76/><V11/><F121/><W64/><G120/><T111/><D111/><U122/><E122/><V115/><F115/><W39/><G20/><T40/><D40/><U82/><E82/><V49/><F81/><N who="3" m="49391" /><G65/><AGARI ba="0,2" hai="5,7,8,9,13,14,26,27,62,65,70,78,83,84" machi="65" ten="40,8000,1" yaku="1,1,9,1,52,2,53,0" doraHai="6" doraHaiUra="32" who="1" fromWho="3" sc="207,0,111,100,252,0,410,-80" owari="207,-29.0,211,-19.0,252,5.0,330,43.0" /></mjloggm>