<mjloggm ver="2.3"><GO type="41" lobby="0"/><UN n0="%E2%93%9D%53%75%70%68%78" n1="%E8%99%B9%E8%89%B2%E3%81%B1%E3%82%93%E3%81%A4" n2="%62%6F%73%6F%6E%76%74" n3="%E3%82%B5%E3%82%A4%E3%83%8E%E3%82%AB%E3%83%AF%E3%83%A9" dan="18,13,15,13" rate="2078.59,1910.06,1975.89,1915.08" sx="M,F,M,M"/><TAIKYOKU oya="0"/><INIT seed="0,0,0,2,3,18" ten="250,250,250,250" oya="0" hai0="100,90,89,70,119,61,109,129,114,67,63,40,33" hai1="110,58,125,19,38,85,27,7,126,99,13,134,8" hai2="24,26,52,107,15,96,120,128,48,60,29,68,106" hai3="10,32,80,76,50,57,4,77,22,12,39,43,49"/><T105/><D114/><U16/><E38/><V45/><F120/><W130/><G32/><T44/><D119/><U116/><E116/><V73/><F73/><W121/><G130/><T1/><D1/><U37/><E37/><V118/><F128/><W23/><G50/><T42/><D129/><U64/><E134/><V78/><F78/><W71/><G71/><T75/><D75/><U108/><E85/><V31/><F15/><W11/><G121/><T72/><D72/><U93/><E58/><V131/><F131/><W87/><G77/><T53/><D33/><U35/><E64/><V86/><F86/><W54/><REACH who="3" step="1"/><G11/><REACH who="3" ten="250,250,250,240" step="2"/><T83/><D70/><U103/><E35/><V69/><F68/><W62/><G62/><T84/><D63/><U82/><E82/><V21/><F118/><W124/><G124/><N who="1" m="47722" /><E27/><V127/><F127/><W17/><G17/><AGARI ba="0,1" hai="7,8,13,16,17,19,93,99,103,108,110" m="47722" machi="17" ten="30,2000,0" yaku="18,1,54,1" doraHai="18" who="1" fromWho="3" sc="250,0,250,30,250,0,240,-20" /><INIT seed="1,0,0,0,0,38" ten="250,280,250,220" oya="1" hai0="130,4,108,79,32,21,52,115,74,75,10,26,127" hai1="56,25,89,27,41,57,69,116,88,120,64,45,128" hai2="53,84,82,129,48,58,78,105,54,126,28,66,95" hai3="39,134,106,112,14,40,50,122,80,96,114,121,99"/><U103/><E120/><V110/><F105/><W20/><G134/><T109/><D115/><U91/><E116/><V111/><F129/><W94/><G99/><T7/><D32/><U118/><E128/><V22/><F126/><W77/><G106/><T6/><D130/><U43/><E118/><V104/><F104/><W70/><G70/><T23/><D10/><U71/><E103/><V59/><F66/><W76/><G76/><T119/><D119/><U30/><E64/><V18/><F95/><W63/><G63/><T9/><D9/><U85/><E85/><V131/><F28/><W83/><G83/><T135/><D79/><U0/><E30/><V37/><F37/><W8/><G20/><T47/><D135/><U35/><E35/><V2/><F2/><W133/><G39/><T73/><D127/><U34/><E34/><V81/><F82/><W98/><G98/><T16/><REACH who="0" step="1"/><D23/><REACH who="0" ten="240,280,250,220" step="2"/><U67/><E67/><V44/><F131/><W113/><G133/><T132/><D132/><U12/><E0/><V3/><F3/><W42/><G121/><T24/><D24/><N who="1" m="9291" /><E12/><V123/><F123/><W90/><G122/><T117/><D117/><U100/><E100/><V124/><F124/><W49/><G114/><T19/><D19/><U46/><E71/><V55/><F18/><N who="3" m="8519" /><G113/><T11/><D11/><U1/><E69/><V61/><REACH who="2" step="1"/><F22/><REACH who="2" ten="240,280,240,220" step="2"/><W17/><G112/><T87/><D87/><U33/><E1/><V29/><F29/><W13/><G80/><T5/><N who="0" m="1024" /><DORA hai="86" /><T102/><D102/><U107/><E33/><V60/><AGARI ba="0,2" hai="44,48,53,54,55,58,59,60,61,78,81,84,110,111" machi="60" ten="30,4000,0" yaku="1,1,0,1,9,1,53,0" doraHai="38,86" doraHaiUra="68,125" who="2" fromWho="2" sc="240,-10,280,-20,240,60,220,-10" /><INIT seed="2,0,0,0,3,48" ten="230,260,300,210" oya="2" hai0="108,118,42,86,13,119,129,96,104,72,20,115,34" hai1="25,55,124,43,46,131,31,116,49,16,101,27,60" hai2="10,28,103,37,19,6,126,123,127,135,95,7,67" hai3="40,65,97,44,70,99,17,133,91,18,0,22,120"/><V45/><F123/><W33/><G133/><T76/><D34/><U98/><E116/><V79/><F135/><W32/><G120/><T15/><D42/><U113/><E113/><V107/><F107/><W53/><G0/><T82/><D15/><U83/><E131/><V69/><F28/><W36/><G18/><T125/><D20/><N who="1" m="15783" /><E124/><V9/><F19/><W1/><G1/><T94/><D13/><U92/><E83/><V75/><F75/><W68/><G33/><T56/><D56/><N who="1" m="34847" /><E27/><V38/><F67/><W3/><G32/><T54/><D125/><U4/><E16/><V51/><F69/><W62/><G3/><T93/><D129/><U59/><E59/><V111/><F126/><W84/><G70/><T11/><D115/><U23/><E23/><V78/><F37/><W26/><REACH who="3" step="1"/><G53/><REACH who="3" ten="230,260,300,200" step="2"/><T64/><D54/><U128/><E128/><V73/><F127/><W102/><G102/><T112/><D112/><U74/><E74/><V132/><F103/><W121/><G121/><T12/><D72/><U14/><E4/><V106/><F73/><W80/><AGARI ba="0,1" hai="17,22,26,36,40,44,62,65,68,80,84,91,97,99" machi="80" ten="20,5200,0" yaku="1,1,0,1,7,1,53,1" doraHai="48" doraHaiUra="71" who="3" fromWho="3" sc="230,-13,260,-13,300,-26,200,62" /><INIT seed="3,0,0,3,3,55" ten="217,247,274,262" oya="3" hai0="116,120,86,26,61,70,126,112,82,99,22,115,48" hai1="34,75,27,17,107,37,65,43,28,77,117,54,72" hai2="36,94,89,122,52,78,47,56,20,80,104,7,2" hai3="14,51,84,127,71,11,59,91,23,41,87,69,113"/><W49/><G113/><N who="0" m="43595" /><D48/><U92/><E107/><V25/><F104/><W60/><G127/><T85/><D120/><U132/><E117/><V45/><F36/><W4/><G71/><T131/><D116/><U125/><E125/><V10/><F89/><W31/><G69/><T19/><D131/><U1/><E1/><V119/><F119/><W100/><G100/><T124/><D86/><U73/><E132/><V8/><F10/><W35/><G35/><T12/><D99/><U93/><E77/><V66/><F94/><W118/><G87/><T30/><D61/><U64/><E17/><V13/><F66/><W63/><G63/><T134/><D70/><U5/><E5/><V38/><F38/><W50/><G41/><T123/><D134/><U6/><E6/><V108/><F108/><W76/><G76/><N who="0" m="46279" /><D123/><U46/><E64/><V40/><F40/><W15/><G51/><T128/><D128/><U106/><E65/><V110/><F2/><W114/><G114/><T18/><D18/><U103/><E106/><V98/><F110/><W88/><G91/><T130/><D130/><U53/><E103/><V95/><F95/><N who="3" m="54663" /><G31/><T21/><AGARI ba="0,0" hai="12,19,21,22,26,30,124,126" m="46279,43595" machi="21" ten="30,1100,0" yaku="11,1" doraHai="55" who="0" fromWho="0" sc="217,11,247,-3,274,-3,262,-5" /><INIT seed="4,0,0,3,0,128" ten="228,244,271,257" oya="0" hai0="47,91,98,124,102,39,36,35,116,48,43,78,3" hai1="7,65,77,28,70,125,75,55,26,95,17,107,44" hai2="61,100,62,99,9,13,134,40,106,53,121,96,10" hai3="81,34,66,24,37,6,123,45,33,110,16,29,41"/><T90/><D116/><U56/><E107/><V82/><F121/><W19/><G110/><T18/><D35/><U49/><E125/><V126/><F40/><W54/><G123/><T63/><D3/><U114/><E7/><V42/><F42/><W64/><G34/><T31/><D31/><U84/><E75/><V103/><F126/><W133/><G133/><T131/><D78/><U71/><E114/><V76/><F134/><W83/><G6/><T58/><D131/><U57/><E17/><V68/><F53/><W127/><G54/><T94/><D124/><U115/><E115/><V129/><F68/><W79/><G83/><T112/><D112/><U52/><E65/><V22/><F22/><W5/><G5/><T0/><D0/><U72/><E72/><V12/><F12/><W85/><G127/><T30/><D30/><U122/><E122/><V4/><F9/><W120/><G120/><T113/><D113/><U46/><E71/><V130/><F130/><W101/><G101/><T50/><D39/><U108/><E70/><V11/><F11/><W135/><G135/><T87/><D18/><U67/><E67/><V21/><F21/><W74/><G74/><T89/><REACH who="0" step="1"/><D87/><REACH who="0" ten="218,244,271,257" step="2"/><U111/><E108/><V59/><F129/><W117/><G117/><T32/><D32/><N who="1" m="20503" /><E111/><V92/><F59/><W118/><G118/><T23/><D23/><U8/><E8/><V73/><AGARI ba="0,1" hai="4,10,13,61,62,73,76,82,92,96,99,100,103,106" machi="73" ten="20,1500,0" yaku="0,1,7,1" doraHai="128" who="2" fromWho="2" sc="218,-7,244,-4,271,25,257,-4" /><INIT seed="5,0,0,4,3,89" ten="211,240,296,253" oya="1" hai0="3,39,35,18,72,17,119,10,113,59,19,101,117" hai1="11,79,92,20,61,37,68,63,50,41,34,103,134" hai2="53,57,110,132,130,111,121,54,7,83,38,91,29" hai3="43,26,44,115,42,86,22,2,9,48,6,85,23"/><U16/><E34/><V52/><F38/><W128/><G115/><T67/><D72/><U30/><E37/><V94/><F121/><W122/><G128/><T78/><D78/><U129/><E68/><V120/><F120/><W31/><G122/><T108/><D39/><U27/><E129/><V62/><F130/><W102/><G43/><T131/><D101/><U24/><E79/><V1/><F83/><W84/><REACH who="3" step="1"/><G102/><REACH who="3" ten="211,240,296,243" step="2"/><T73/><D113/><U133/><E134/><V0/><F132/><W28/><G28/><T104/><D131/><U33/><E133/><V90/><F29/><W106/><G106/><T124/><D104/><U116/><E116/><V60/><F111/><W55/><G55/><T88/><D108/><U8/><E41/><V109/><F109/><W99/><G99/><T47/><D119/><U12/><E33/><AGARI ba="0,1" hai="2,6,9,22,23,26,31,33,42,44,48,84,85,86" machi="33" ten="40,1300,0" yaku="1,1,53,0" doraHai="89" doraHaiUra="56" who="3" fromWho="1" sc="211,0,240,-13,296,0,243,23" /><INIT seed="6,0,0,3,2,127" ten="211,227,296,266" oya="2" hai0="115,62,96,82,38,109,50,126,17,21,71,46,44" hai1="80,7,117,30,90,78,31,69,59,89,122,111,108" hai2="84,41,95,56,135,10,118,29,27,55,81,91,121" hai3="6,74,119,114,24,11,72,61,34,4,51,75,14"/><V33/><F118/><W106/><G119/><T113/><D82/><U16/><E117/><V125/><F121/><W77/><G106/><T99/><D109/><U64/><E69/><V73/><F125/><W86/><G86/><T26/><D126/><U58/><E122/><V63/><F135/><W36/><G36/><T45/><D38/><U134/><E7/><V20/><F41/><W9/><G77/><T39/><D39/><U18/><E64/><V0/><F0/><W93/><G93/><T54/><D62/><U1/><E80/><V128/><F128/><W70/><G51/><T67/><D67/><U37/><E37/><V83/><F73/><W87/><G87/><T94/><D71/><U85/><E85/><V133/><F133/><W5/><G9/><T66/><D66/><U103/><E103/><V124/><F124/><W2/><G2/><T92/><D115/><U32/><E32/><V120/><F120/><W107/><G107/><T88/><REACH who="0" step="1"/><D113/><REACH who="0" ten="201,227,296,266" step="2"/><U102/><E134/><V110/><F110/><W57/><G70/><T12/><D12/><U19/><E1/><V43/><F43/><W49/><G114/><T123/><D123/><U35/><E111/><V68/><F68/><W76/><G61/><T23/><D23/><U3/><E108/><V28/><F33/><W47/><G72/><T112/><D112/><U132/><E3/><V48/><F10/><W25/><G75/><T97/><D97/><U129/><E35/><V22/><F63/><W8/><G74/><T53/><D53/><U13/><E132/><V42/><F42/><W15/><G34/><RYUUKYOKU ba="0,1" sc="201,15,227,-15,296,15,266,-15" hai0="17,21,26,44,45,46,50,54,88,92,94,96,99" hai2="20,22,27,28,29,48,55,56,81,83,84,91,95" /><INIT seed="6,1,1,3,1,70" ten="216,212,311,251" oya="2" hai0="28,88,40,67,5,82,58,97,7,75,42,45,24" hai1="93,9,112,63,107,26,102,86,11,98,92,96,126" hai2="116,105,121,81,68,95,27,85,6,64,49,109,32" hai3="48,10,110,66,119,91,14,127,77,74,123,133,71"/><V65/><F105/><W89/><G110/><T52/><D67/><U131/><E112/><V37/><F116/><W111/><G111/><T90/><D75/><U113/><E113/><V25/><F109/><W44/><G127/><T18/><D18/><U106/><E126/><V117/><F117/><W99/><G133/><T47/><D24/><U0/><E131/><V17/><F121/><W34/><G34/><T84/><D28/><U12/><E86/><V61/><F65/><W1/><G1/><T60/><D97/><U103/><E63/><V39/><F6/><N who="0" m="2058" /><D90/><U53/><E53/><V132/><F95/><W94/><G91/><T35/><D35/><U3/><REACH who="1" step="1"/><E12/><REACH who="1" ten="216,202,311,251" step="2"/><V118/><F61/><W50/><G14/><T101/><D101/><U16/><E16/><V135/><F17/><W38/><G119/><T134/><D134/><U13/><E13/><V108/><F118/><W54/><G123/><T76/><D76/><U114/><E114/><V83/><F132/><W21/><G54/><T4/><D4/><U33/><E33/><V41/><F32/><W80/><G66/><T125/><D125/><U62/><E62/><V128/><F64/><W51/><G71/><T120/><D120/><U115/><E115/><V2/><F68/><W31/><G74/><T20/><D20/><U122/><E122/><V79/><F128/><W124/><G21/><T129/><D129/><U78/><E78/><V72/><F79/><W55/><G77/><T100/><D100/><U69/><E69/><V87/><F72/><W56/><G124/><T104/><D104/><U59/><E59/><RYUUKYOKU ba="1,2" sc="216,15,202,15,311,-15,251,-15" hai0="40,42,45,47,52,58,60,82,84,88" hai1="0,3,9,11,26,92,93,96,98,102,103,106,107" /><INIT seed="7,2,2,5,3,126" ten="231,217,296,236" oya="3" hai0="74,57,4,89,51,39,107,43,75,135,3,38,73" hai1="122,86,46,9,18,85,47,36,31,99,84,87,125" hai2="127,42,10,128,112,41,12,121,114,37,82,52,0" hai3="88,120,1,70,27,66,69,13,33,65,22,113,48"/><W59/><G120/><T92/><D107/><U14/><E122/><V95/><F0/><W130/><G1/><T83/><D135/><U72/><E125/><V81/><F127/><W30/><G113/><N who="2" m="43625" /><F121/><W93/><G69/><T109/><D109/><U28/><E72/><V117/><F117/><W124/><G124/><T21/><D21/><U63/><N who="1" m="21504" /><DORA hai="116" /><U50/><E63/><V34/><F34/><W102/><G102/><T111/><D111/><U108/><E108/><V40/><F37/><W103/><G103/><T105/><D105/><U119/><E119/><V11/><F95/><W64/><G70/><T44/><D83/><N who="2" m="31754" /><F128/><W101/><G101/><T16/><D39/><U79/><E79/><V132/><F132/><W100/><G130/><T29/><D38/><U61/><E61/><V104/><F104/><W23/><G100/><T96/><D75/><U17/><E99/><V62/><F12/><W106/><G106/><T35/><D74/><U49/><E36/><V118/><F118/><W2/><G2/><T129/><D129/><U56/><E56/><AGARI ba="2,2" hai="10,11,40,41,42,52,56,62" m="31754,43625" machi="56" ten="40,2600,0" yaku="15,1,54,1" doraHai="126,116" who="2" fromWho="1" sc="231,0,217,-32,296,52,236,0" owari="231,-17.0,185,-31.0,348,44.0,236,4.0" /></mjloggm>