<mjloggm ver="2.3"><GO type="41" lobby="0"/><UN n0="%E3%81%8A%E3%81%AA%E3%81%8B%E3%81%BD%E3%82%93%E3%81%BD%E3%82%93" n1="%57%42%48%45%4B" n2="%E2%93%9D%53%75%70%68%78" n3="%6D%74%6A%74" dan="14,15,16,14" rate="1923.77,2020.47,2086.83,1932.01" sx="M,M,M,M"/><TAIKYOKU oya="0"/><INIT seed="0,0,0,1,0,29" ten="250,250,250,250" oya="0" hai0="109,44,90,99,110,82,117,40,91,9,43,84,39" hai1="123,75,120,2,41,92,45,3,76,50,12,10,56" hai2="18,128,98,47,78,17,93,80,20,67,36,30,127" hai3="35,37,61,58,74,49,86,111,63,121,119,116,113"/><T23/><D117/><U28/><E92/><V27/><F128/><W1/><G113/><T34/><D40/><U62/><E75/><V68/><F127/><W107/><G74/><T133/><D133/><U105/><E105/><V118/><F118/><W7/><G107/><T52/><D23/><U85/><E28/><V54/><F68/><W46/><G37/><T122/><D122/><U114/><E114/><V129/><F67/><W31/><G121/><T89/><D9/><U64/><E123/><V101/><F129/><W57/><G86/><T53/><D99/><U42/><E42/><V79/><F36/><W26/><G111/><N who="0" m="42507" /><D34/><U60/><E60/><V94/><F18/><W25/><G1/><T38/><D38/><U6/><REACH who="1" step="1"/><E120/><REACH who="1" ten="250,240,250,250" step="2"/><V21/><F94/><W59/><G119/><T125/><D125/><U97/><E97/><V15/><F80/><AGARI ba="0,1" hai="2,3,6,10,12,41,45,50,56,62,64,76,80,85" machi="80" ten="40,5200,0" yaku="1,1,25,2,53,0" doraHai="29" doraHaiUra="14" who="1" fromWho="2" sc="250,0,240,62,250,-52,250,0" /><INIT seed="1,0,0,0,0,70" ten="250,302,198,250" oya="1" hai0="41,25,43,16,79,27,80,121,126,34,64,101,21" hai1="47,62,95,33,89,111,7,54,42,0,9,15,86" hai2="92,6,12,51,113,130,50,100,102,46,107,55,17" hai3="2,78,18,84,103,118,71,106,76,97,40,11,35"/><U77/><E33/><V119/><F119/><W38/><G35/><T90/><D126/><U72/><E111/><V93/><F130/><W69/><G118/><T133/><D133/><U109/><E109/><V60/><F107/><W68/><G84/><T61/><D101/><U66/><E54/><V129/><F6/><W127/><G127/><T125/><D125/><U24/><E24/><V65/><F129/><W110/><G110/><T63/><D90/><U44/><E0/><V88/><F93/><W82/><G82/><T131/><D131/><U31/><E31/><V81/><F51/><W91/><G91/><T23/><D121/><U67/><E62/><V52/><F55/><W114/><G114/><T75/><D34/><U99/><E72/><V22/><F81/><W1/><G18/><T96/><D96/><U28/><E28/><V45/><F45/><N who="1" m="17481" /><E42/><V74/><F74/><W105/><G105/><T14/><D14/><U20/><E20/><V132/><F132/><W134/><G134/><T135/><D135/><U5/><E5/><V122/><F113/><W36/><G40/><T73/><D75/><U104/><E104/><V85/><REACH who="2" step="1"/><F122/><REACH who="2" ten="250,302,188,250" step="2"/><W49/><G49/><T108/><D108/><U56/><E95/><V37/><F37/><W124/><G124/><T120/><D120/><U29/><E7/><V26/><F26/><W115/><G115/><T19/><REACH who="0" step="1"/><D63/><REACH who="0" ten="240,302,188,250" step="2"/><N who="1" m="38247" /><E77/><V58/><AGARI ba="0,2" hai="12,17,22,46,50,52,58,60,65,85,88,92,100,102" machi="58" ten="20,12000,2" yaku="1,1,0,1,7,1,8,1,54,2,53,0" doraHai="70" doraHaiUra="4" who="2" fromWho="2" sc="240,-30,302,-60,188,140,250,-30" /><INIT seed="2,0,0,1,1,126" ten="210,242,328,220" oya="2" hai0="32,108,95,104,86,30,21,69,67,70,13,58,116" hai1="42,76,19,56,123,34,129,135,133,105,26,53,15" hai2="88,44,91,120,35,5,131,112,62,23,128,7,102" hai3="78,24,43,134,64,73,82,107,66,130,99,85,33"/><V98/><F112/><W28/><G134/><N who="1" m="51210" /><E105/><V125/><F120/><W79/><G43/><T68/><D104/><U14/><E123/><V89/><F35/><W113/><G113/><T31/><D108/><U59/><E42/><V48/><F62/><W22/><G130/><N who="2" m="49705" /><F23/><W6/><G6/><N who="2" m="2057" /><F125/><W52/><G33/><T2/><D32/><U40/><E129/><V127/><F127/><W4/><G73/><T97/><D21/><U51/><E40/><N who="2" m="24583" /><F102/><W122/><G122/><T80/><D2/><U83/><E34/><V10/><F10/><W3/><G22/><T11/><D11/><U110/><E110/><V41/><F41/><W121/><G121/><T9/><D9/><U77/><E26/><V0/><F98/><W114/><G99/><T111/><D97/><U45/><E45/><V124/><F124/><W118/><G114/><T27/><D111/><U90/><E14/><V109/><F109/><W72/><G24/><T47/><D27/><U100/><E100/><V92/><F92/><W71/><G3/><AGARI ba="0,0" hai="0,3,88,89,91" m="24583,2057,49705" machi="3" ten="40,12000,1" yaku="19,1,52,3,54,1" doraHai="126" who="2" fromWho="3" sc="210,0,242,0,328,120,220,-120" /><INIT seed="2,1,0,1,5,106" ten="210,242,448,100" oya="2" hai0="114,93,87,30,58,99,22,9,78,11,79,34,0" hai1="59,102,12,40,33,116,39,4,96,2,91,67,50" hai2="125,133,35,101,124,65,104,45,122,32,109,86,60" hai3="129,108,13,73,121,19,88,81,44,120,69,117,97"/><V36/><F122/><W83/><G117/><T135/><D114/><U48/><E116/><V31/><F86/><W94/><G108/><T103/><D135/><U47/><E33/><V16/><F16/><W10/><G129/><T77/><D34/><U105/><E2/><V56/><F109/><W110/><G110/><T38/><D38/><U46/><E91/><V70/><F56/><W24/><G69/><T51/><D0/><U3/><E3/><V27/><F35/><W68/><G68/><T95/><D87/><U127/><E127/><V74/><F133/><W72/><G44/><T75/><D93/><U17/><E4/><V1/><F74/><W98/><G24/><N who="0" m="16663" /><D75/><N who="3" m="28745" /><G19/><T123/><D123/><N who="3" m="47177" /><G13/><T63/><D51/><U61/><E47/><V62/><F1/><W76/><G10/><AGARI ba="1,0" hai="10,12,17,39,40,46,48,50,59,61,67,96,102,105" machi="10" ten="30,1000,0" yaku="7,1" doraHai="106" who="1" fromWho="3" sc="210,0,242,13,448,0,100,-13" /><INIT seed="3,0,0,0,5,115" ten="210,255,448,87" oya="3" hai0="10,126,87,5,13,73,91,65,34,80,4,70,103" hai1="114,134,119,18,36,104,84,127,102,118,78,117,55" hai2="41,130,96,105,85,95,63,99,49,0,47,112,113" hai3="81,32,88,123,38,64,29,57,125,93,24,46,2"/><W19/><G123/><T23/><D34/><U48/><E114/><V50/><F0/><W94/><G125/><T135/><D126/><U69/><E127/><V74/><F105/><W133/><G133/><T97/><D135/><U11/><E134/><V37/><F130/><W31/><G31/><T30/><D73/><U132/><E132/><V77/><F99/><W92/><G2/><T58/><D70/><U89/><E36/><V98/><F98/><W106/><G106/><T45/><D45/><U54/><E104/><V6/><F63/><W14/><G64/><T20/><D4/><U100/><E78/><V56/><F56/><W43/><G57/><T67/><D58/><N who="1" m="33095" /><E55/><V122/><F6/><W33/><G33/><T116/><D116/><U61/><E61/><V90/><F122/><W107/><G107/><T109/><D109/><U72/><E72/><V3/><F74/><W7/><G7/><T59/><D59/><U62/><E62/><V71/><F71/><W83/><REACH who="3" step="1"/><G88/><REACH who="3" ten="210,255,448,77" step="2"/><T39/><D67/><U21/><E69/><V108/><F113/><W120/><G120/><T17/><D65/><U121/><E121/><V68/><F112/><W16/><G16/><T124/><D30/><U75/><E119/><V128/><F68/><W131/><G131/><T27/><D124/><U12/><E118/><V82/><F128/><W52/><G52/><T51/><D5/><U35/><E18/><V111/><F3/><W25/><G25/><T9/><D27/><U22/><E35/><V40/><F40/><W79/><G79/><T44/><D17/><U26/><E89/><RYUUKYOKU ba="0,1" sc="210,-15,255,-15,448,15,77,15" hai2="37,41,47,49,50,77,82,85,90,95,96,108,111" hai3="14,19,24,29,32,38,43,46,81,83,92,93,94" /><INIT seed="3,1,1,1,3,24" ten="195,240,463,92" oya="3" hai0="30,65,7,131,45,117,106,28,42,118,92,43,36" hai1="50,88,18,17,21,9,101,72,71,81,40,6,123" hai2="47,126,54,132,41,14,135,98,130,120,60,108,82" hai3="112,111,49,8,27,100,86,78,75,61,116,95,39"/><W57/><G116/><T87/><D106/><U84/><E123/><V32/><F126/><W37/><G75/><T67/><D131/><U79/><E71/><V34/><F108/><W96/><G112/><T122/><D122/><U1/><E101/><V56/><F130/><W58/><G111/><T110/><D110/><U22/><E40/><V48/><F120/><W53/><G8/><T90/><D7/><U127/><E127/><V20/><F82/><W115/><G115/><T38/><D118/><U31/><E50/><V129/><F98/><W19/><G19/><T3/><D117/><U80/><REACH who="1" step="1"/><E21/><REACH who="1" ten="195,230,463,92" step="2"/><V5/><F20/><W10/><G10/><T64/><REACH who="0" step="1"/><D3/><REACH who="0" ten="185,230,463,92" step="2"/><U74/><E74/><V99/><F129/><W25/><G78/><T83/><D83/><U85/><E85/><V104/><F104/><W33/><G86/><T59/><D59/><U55/><E55/><V2/><F54/><W51/><G51/><T97/><D97/><U15/><E15/><V66/><F99/><W11/><G11/><T63/><D63/><U16/><E16/><V114/><F114/><W89/><G49/><T121/><D121/><U109/><E109/><V70/><F56/><W124/><G58/><T77/><D77/><U125/><E125/><V68/><F68/><W52/><G124/><T105/><D105/><U44/><E44/><AGARI ba="1,3" hai="28,30,36,38,42,43,44,45,64,65,67,87,90,92" machi="44" ten="40,8000,1" yaku="1,1,9,1,52,2,53,0" doraHai="24" doraHaiUra="102" who="0" fromWho="1" sc="185,113,230,-83,463,0,92,0" /><INIT seed="4,0,0,3,2,50" ten="298,147,463,92" oya="0" hai0="44,90,66,60,59,63,18,72,20,97,131,120,95" hai1="109,53,114,13,17,68,100,135,56,30,119,37,89" hai2="132,125,10,96,116,49,33,107,113,32,91,124,134" hai3="40,75,22,71,43,0,39,78,127,51,24,11,105"/><T122/><D72/><U99/><E119/><V6/><F113/><W101/><G127/><N who="2" m="48713" /><F116/><W57/><G39/><T15/><D131/><U3/><E3/><N who="2" m="351" /><F49/><W115/><G71/><T76/><D76/><U23/><E114/><V46/><F46/><W19/><G115/><T12/><D12/><U14/><E109/><V41/><F41/><W45/><G105/><T88/><D44/><U31/><E68/><V110/><F110/><W5/><G101/><T98/><D60/><N who="1" m="35855" /><E135/><N who="2" m="51755" /><F91/><W84/><G75/><T81/><REACH who="0" step="1"/><D81/><REACH who="0" ten="288,147,463,92" step="2"/><U82/><E82/><V112/><F112/><W80/><REACH who="3" step="1"/><G57/><REACH who="3" ten="288,147,463,82" step="2"/><T128/><D128/><U48/><E37/><V54/><F107/><W77/><G77/><T52/><D52/><AGARI ba="0,2" hai="0,5,11,19,22,24,40,43,45,51,52,78,80,84" machi="52" ten="30,7700,0" yaku="1,1,7,1,52,1,54,1,53,0" doraHai="50" doraHaiUra="130" who="3" fromWho="0" sc="288,-77,147,0,463,0,82,97" /><INIT seed="5,0,0,5,3,85" ten="211,147,463,179" oya="1" hai0="6,15,90,3,74,77,97,41,111,14,45,118,68" hai1="128,112,42,32,22,82,87,129,61,28,125,65,101" hai2="39,117,21,38,88,60,67,79,105,89,8,114,37" hai3="120,16,133,66,131,70,48,54,102,75,119,34,29"/><U104/><E112/><V11/><F105/><W135/><G75/><T130/><D111/><U30/><E125/><V107/><F107/><W94/><G120/><T122/><D68/><N who="1" m="42031" /><E42/><V113/><F79/><W78/><G78/><T35/><D35/><U127/><E127/><V56/><F117/><W31/><G119/><T73/><D118/><U63/><E63/><V123/><F21/><W49/><G49/><T83/><D122/><U64/><E64/><V36/><F36/><W93/><G34/><T100/><D130/><N who="1" m="50283" /><E22/><V40/><F40/><W20/><G131/><T9/><D73/><U27/><E28/><N who="3" m="10826" /><G66/><T99/><D90/><N who="2" m="34922" /><F123/><W110/><G110/><T25/><D25/><U72/><E72/><V84/><F84/><W53/><G102/><T81/><D81/><U5/><E5/><V2/><F2/><W134/><G70/><T12/><REACH who="0" step="1"/><D100/><REACH who="0" ten="201,147,463,179" step="2"/><U98/><E87/><V55/><F67/><W46/><G54/><T1/><D1/><U4/><E4/><V80/><F80/><AGARI ba="0,1" hai="27,30,32,80,82,98,101,104" m="50283,42031" machi="80" ten="30,2900,0" yaku="25,1,19,1" doraHai="85" who="1" fromWho="2" sc="201,0,147,39,463,-29,179,0" /><INIT seed="5,1,0,3,2,15" ten="201,186,434,179" oya="1" hai0="74,38,16,3,130,92,50,41,27,99,11,126,114" hai1="35,18,120,72,104,108,46,71,129,36,133,12,0" hai2="75,26,32,28,80,4,52,105,57,59,118,109,107" hai3="58,21,9,102,39,132,68,122,89,2,30,79,42"/><U127/><RYUUKYOKU type="yao9" ba="1,0" sc="201,0,186,0,434,0,179,0" hai1="0,12,18,35,36,46,71,72,104,108,120,127,129,133" /><INIT seed="5,2,0,2,5,27" ten="201,186,434,179" oya="1" hai0="79,99,19,32,119,111,63,30,44,91,68,2,107" hai1="118,105,96,98,17,134,56,34,135,5,113,125,50" hai2="20,59,86,128,24,82,4,127,18,104,41,75,129" hai3="65,62,81,123,72,40,64,25,89,1,45,133,48"/><U130/><E118/><V53/><F127/><W100/><G123/><T103/><D91/><U69/><E69/><V37/><F75/><W61/><G1/><T11/><D19/><U95/><E125/><V33/><F104/><W6/><G6/><N who="0" m="1495" /><D119/><U10/><E113/><V7/><F41/><W0/><G0/><T43/><D111/><U101/><E130/><N who="2" m="50283" /><F33/><W93/><G133/><N who="1" m="50698" /><E34/><V74/><F74/><W126/><G126/><T36/><D79/><U8/><E17/><V47/><F47/><W76/><G100/><T14/><D14/><U114/><E114/><V22/><F37/><W88/><G25/><N who="0" m="18511" /><D63/><U73/><E5/><V3/><F22/><W28/><G28/><T58/><D58/><U92/><E73/><V42/><F3/><W112/><G112/><T38/><D38/><U120/><E120/><V124/><F124/><W39/><G39/><T121/><D121/><U71/><E71/><AGARI ba="2,0" hai="36,43,44,68,71,99,103,107" m="18511,1495" machi="71" ten="30,3900,0" yaku="33,2,52,1" doraHai="27" who="0" fromWho="1" sc="201,45,186,-45,434,0,179,0" /><INIT seed="6,0,0,4,3,40" ten="246,141,434,179" oya="2" hai0="104,129,128,34,94,125,60,29,71,117,88,21,7" hai1="41,8,19,1,99,110,59,135,77,20,0,66,124" hai2="36,63,33,90,132,17,95,4,126,81,38,25,28" hai3="58,91,50,67,24,102,118,55,85,84,12,26,10"/><V133/><F126/><W9/><G118/><T64/><D117/><U15/><E110/><V43/><F81/><W39/><G39/><T119/><D125/><U98/><E124/><V53/><F4/><W65/><G102/><T6/><D119/><U62/><E135/><V42/><F17/><W112/><G112/><T123/><D123/><U70/><E77/><V48/><F63/><W96/><G96/><N who="0" m="57415" /><D104/><U113/><E113/><V57/><F38/><W115/><G115/><T13/><D34/><U86/><E41/><V3/><F3/><W101/><G101/><T32/><D32/><U74/><E74/><V5/><F5/><W14/><G91/><T121/><D121/><U37/><E86/><V45/><F43/><W120/><G120/><T49/><D49/><U80/><E80/><V79/><F79/><W54/><G50/><T30/><D13/><U27/><E37/><V127/><F127/><W105/><REACH who="3" step="1"/><G58/><REACH who="3" ten="246,141,434,169" step="2"/><T130/><D30/><N who="1" m="17767" /><E70/><V46/><F57/><W89/><G89/><T23/><D29/><U134/><E134/><V51/><F36/><W100/><G100/><T73/><D73/><U111/><E111/><V22/><F133/><W69/><G69/><T108/><D108/><U78/><E78/><V44/><F132/><W18/><G18/><T52/><D130/><U56/><E56/><N who="2" m="32807" /><F33/><W11/><G11/><T116/><D129/><U97/><E0/><V82/><F82/><W122/><G122/><T107/><D128/><U47/><E1/><V103/><F103/><W109/><G109/><T131/><D116/><U83/><E83/><V61/><F61/><RYUUKYOKU ba="0,1" sc="246,-30,141,10,434,10,169,10" hai1="8,15,19,47,59,62,66,97,98,99" hai2="22,25,28,42,44,45,46,51,90,95" hai3="9,10,12,14,24,26,54,55,65,67,84,85,105" /><INIT seed="6,1,1,4,5,68" ten="216,151,444,179" oya="2" hai0="26,45,106,91,13,99,37,105,78,87,128,48,17" hai1="113,6,42,130,21,123,122,98,104,71,120,8,131" hai2="43,63,107,57,15,7,92,47,38,55,29,9,35" hai3="96,28,73,23,53,109,69,90,10,83,125,56,135"/><V1/><F107/><W34/><G69/><T20/><D128/><N who="1" m="49195" /><E71/><V100/><F29/><W27/><G109/><T117/><D117/><U67/><E67/><V65/><F35/><W119/><G119/><T77/><D37/><U102/><E113/><V40/><F40/><W76/><G125/><T44/><D106/><U93/><E21/><V36/><F1/><W101/><G135/><T33/><D105/><U39/><E93/><V52/><REACH who="2" step="1"/><F38/><REACH who="2" ten="216,151,434,179" step="2"/><W111/><G34/><T115/><D33/><U126/><E126/><V14/><F14/><W58/><G28/><T3/><D3/><N who="1" m="95" /><E39/><V75/><F75/><W12/><G73/><T30/><D115/><U108/><E108/><V121/><F121/><W84/><G111/><T114/><D114/><U59/><E42/><V112/><F112/><W116/><G116/><T49/><D30/><U25/><E25/><V64/><F64/><W54/><G27/><T61/><D26/><U132/><E132/><V24/><F24/><W72/><G72/><T124/><D124/><U94/><E104/><V19/><F19/><W133/><G133/><T11/><D17/><U89/><E59/><V0/><F0/><W74/><G56/><T97/><D44/><U46/><E46/><V62/><F62/><W118/><G58/><T18/><D61/><U51/><E123/><V86/><F86/><W16/><G84/><T88/><D87/><N who="1" m="52543" /><E51/><V41/><F41/><W85/><G118/><T50/><D45/><U81/><E81/><V129/><F129/><W31/><G83/><T134/><D48/><U5/><E5/><V82/><F82/><RYUUKYOKU ba="1,2" sc="216,-15,151,15,434,15,179,-15" hai1="98,102,120,122" hai2="7,9,15,36,43,47,52,55,57,63,65,92,100" /><INIT seed="6,2,2,0,0,30" ten="201,166,449,164" oya="2" hai0="122,114,29,119,107,31,116,73,74,64,38,45,132" hai1="5,28,65,72,68,19,24,22,112,96,83,118,10" hai2="60,50,101,46,134,125,63,66,56,7,81,42,79" hai3="126,2,102,129,53,135,76,3,51,69,85,106,130"/><V97/><F134/><W40/><G135/><T108/><D132/><U91/><E118/><N who="0" m="45097" /><D108/><U93/><E112/><V98/><F125/><W6/><G126/><T113/><D122/><U49/><E68/><V131/><F131/><N who="3" m="50187" /><G69/><T103/><D64/><U27/><E65/><V0/><F63/><W84/><G40/><N who="0" m="22679" /><D29/><U67/><E67/><V52/><F101/><W88/><G6/><T121/><D31/><U26/><E49/><V48/><F0/><W34/><G34/><T133/><D133/><U1/><REACH who="1" step="1"/><E28/><REACH who="1" ten="201,156,449,164" step="2"/><V120/><F50/><W75/><G2/><T90/><D121/><U21/><E21/><V18/><F48/><W87/><G3/><T86/><D114/><U33/><E33/><V13/><F66/><W95/><G51/><T94/><D113/><U99/><E99/><AGARI ba="2,3" hai="73,74,86,90,94,99,103,107" m="22679,45097" machi="99" ten="30,1000,0" yaku="12,1" doraHai="30" who="0" fromWho="1" sc="201,46,156,-16,449,0,164,0" /><INIT seed="7,0,0,4,0,25" ten="247,140,449,164" oya="3" hai0="36,80,40,88,61,89,12,128,60,0,65,85,71" hai1="104,22,35,2,124,109,24,11,39,17,111,79,116" hai2="66,9,52,1,49,118,73,100,120,91,134,5,107" hai3="46,122,82,15,41,31,112,29,87,108,129,119,21"/><W76/><G122/><T97/><D0/><U43/><E104/><V47/><F134/><W90/><G119/><T45/><D128/><U38/><E79/><V123/><F66/><W101/><G129/><T72/><D72/><U78/><E78/><V18/><F100/><W83/><G108/><N who="1" m="41546" /><E43/><V32/><F32/><W86/><G101/><T74/><D74/><U84/><E84/><V20/><F118/><W50/><G112/><T4/><D60/><U51/><E51/><V93/><F107/><W3/><G3/><T115/><D115/><U67/><E67/><V125/><F125/><W23/><REACH who="3" step="1"/><G15/><REACH who="3" ten="247,140,449,154" step="2"/><T132/><D132/><U92/><E92/><V127/><F123/><W77/><G77/><T62/><D12/><N who="1" m="9511" /><E39/><V26/><F120/><W114/><G114/><T33/><D36/><U81/><E81/><V126/><F73/><W48/><G48/><T117/><D80/><U69/><E69/><V133/><F133/><W98/><G98/><T42/><D97/><U121/><E38/><V63/><F127/><W113/><G113/><T102/><D71/><U14/><E124/><V57/><F126/><W94/><G94/><T135/><D135/><U106/><E106/><V99/><F49/><W28/><AGARI ba="0,1" hai="21,23,28,29,31,41,46,50,76,82,83,86,87,90" machi="28" ten="30,18000,2" yaku="1,1,0,1,8,1,52,3,53,0" doraHai="25" doraHaiUra="131" who="3" fromWho="3" sc="247,-60,140,-60,449,-60,154,190" /><INIT seed="7,1,0,1,1,135" ten="187,80,389,344" oya="3" hai0="18,120,49,38,116,118,41,80,47,21,100,83,16" hai1="81,62,54,35,36,87,95,17,97,7,108,99,125" hai2="0,69,68,50,53,128,93,20,65,122,76,110,129" hai3="109,107,59,33,57,26,74,86,60,4,8,66,91"/><W85/><G74/><T124/><D120/><U72/><E108/><V73/><F0/><W79/><G109/><T75/><D124/><U37/><E35/><V131/><F110/><W101/><G101/><T130/><D100/><U10/><E72/><V103/><F122/><W88/><G107/><T51/><D130/><U12/><E37/><V92/><F20/><W58/><G33/><T64/><D64/><U39/><E39/><V78/><F65/><W123/><G123/><T67/><D67/><U121/><E121/><V43/><F43/><W48/><G26/><T61/><D61/><U32/><E32/><V31/><F31/><W132/><G132/><T11/><D11/><U46/><E36/><V9/><F9/><W126/><G126/><T2/><D2/><U127/><E7/><V42/><F42/><W63/><G48/><T114/><D114/><U55/><E55/><V24/><F24/><W52/><G79/><N who="2" m="30249" /><F73/><W28/><G28/><T5/><D5/><U82/><E82/><V27/><F27/><W94/><G8/><T23/><D75/><U113/><E113/><V44/><F103/><W134/><G4/><T70/><D41/><U119/><E119/><V29/><F29/><W89/><G134/><T104/><D38/><U19/><E19/><V111/><F111/><W15/><G15/><T133/><D133/><U13/><E13/><V25/><F25/><W30/><G30/><T34/><D118/><U14/><E14/><V112/><F112/><W115/><G115/><T56/><D116/><U22/><E127/><V106/><F106/><W105/><G105/><RYUUKYOKU ba="1,0" sc="187,-10,80,-10,389,30,344,-10" hai2="44,50,53,68,69,92,93,128,129,131" owari="177,-22.0,70,-43.0,419,52.0,334,13.0" /></mjloggm>