<mjloggm ver="2.3"><GO type="41" lobby="0"/><UN n0="%E2%93%9D%53%75%70%68%78" n1="%E3%83%96%E3%82%AB%E3%83%81%E3%82%A3" n2="%E3%83%A9%E3%83%93%E3%83%83%E3%83%88%4B" n3="%E3%82%AA%E3%83%AC%E3%82%AA%E3%81%8A%E3%82%8C%E3%81%8A" dan="18,13,17,14" rate="2091.84,1873.67,2122.66,1908.72" sx="M,M,M,M"/><TAIKYOKU oya="0"/><INIT seed="0,0,0,0,3,20" ten="250,250,250,250" oya="0" hai0="111,32,12,116,102,27,121,86,135,13,78,36,101" hai1="34,69,125,10,43,3,132,1,87,66,93,25,89" hai2="124,46,119,30,47,112,79,72,128,16,110,39,98" hai3="129,61,58,73,28,94,50,64,130,82,115,8,14"/><T117/><D36/><U62/><E125/><V77/><F124/><W65/><G115/><T56/><D121/><U23/><E132/><V97/><F112/><W48/><G28/><T15/><D135/><U21/><E34/><V38/><F30/><W84/><G73/><T133/><D133/><U0/><E43/><V24/><F110/><W2/><G2/><T52/><D111/><U68/><E21/><V26/><F128/><N who="3" m="49259" /><G94/><T41/><D41/><U54/><E54/><V96/><F96/><W83/><G64/><T60/><D117/><U11/><REACH who="1" step="1"/><E69/><REACH who="1" ten="250,240,250,250" step="2"/><V49/><F119/><W40/><G40/><T109/><D116/><U103/><E103/><V55/><F55/><W31/><G31/><AGARI ba="0,1" hai="0,1,3,10,11,23,25,31,62,66,68,87,89,93" machi="31" ten="40,2600,0" yaku="1,1,52,1,53,0" doraHai="20" doraHaiUra="44" who="1" fromWho="3" sc="250,0,240,36,250,0,250,-26" /><INIT seed="1,0,0,1,2,64" ten="250,276,250,224" oya="1" hai0="106,87,102,10,58,76,96,3,133,35,29,123,38" hai1="67,104,100,52,22,25,93,103,26,59,121,15,49" hai2="28,80,127,128,41,90,50,42,18,105,68,86,113" hai3="70,79,82,48,88,117,62,45,4,27,85,46,81"/><U95/><E121/><V119/><F119/><W132/><G132/><T39/><D58/><U57/><E104/><V92/><F105/><W56/><G117/><T109/><D109/><U9/><E25/><V63/><F128/><W2/><G27/><T112/><D112/><U118/><E118/><V120/><F28/><W60/><G2/><T7/><D87/><U31/><E95/><V131/><F50/><W0/><G0/><T71/><D133/><U34/><E34/><V108/><F108/><W20/><G20/><T13/><D76/><U74/><E74/><V47/><F47/><W33/><G33/><T40/><D13/><U111/><E111/><V61/><F90/><W44/><G4/><T73/><D40/><U124/><E124/><V1/><F42/><W99/><G99/><T65/><D73/><U36/><E93/><V54/><F41/><W69/><G48/><T75/><D75/><U98/><E98/><V37/><F86/><W78/><G78/><T129/><D123/><U72/><E36/><V6/><F37/><W97/><G62/><N who="0" m="40375" /><D129/><U77/><E77/><V116/><F131/><W21/><G21/><T83/><D83/><U16/><E72/><V130/><F80/><W66/><REACH who="3" step="1"/><G97/><REACH who="3" ten="250,276,250,214" step="2"/><T8/><D8/><U30/><E30/><V110/><F116/><W84/><AGARI ba="0,1" hai="44,45,46,56,60,66,69,70,79,81,82,84,85,88" machi="84" ten="30,12000,2" yaku="1,1,2,1,0,1,52,2,54,1,53,0" doraHai="64" doraHaiUra="91" who="3" fromWho="3" sc="250,-30,276,-60,250,-30,214,130" /><INIT seed="2,0,0,2,3,126" ten="220,216,220,344" oya="2" hai0="73,19,87,114,125,80,47,52,88,55,123,64,67" hai1="68,103,36,18,97,107,17,116,119,43,5,91,96" hai2="51,65,0,4,30,94,117,81,44,101,53,63,25" hai3="57,34,6,132,12,127,11,92,26,78,89,98,133"/><V104/><F117/><W22/><G78/><T60/><D123/><U20/><E68/><V61/><F0/><W113/><G127/><T111/><D114/><U109/><E5/><V112/><F4/><W48/><G113/><T54/><D125/><U24/><E109/><V84/><F104/><W75/><G75/><T45/><D111/><U9/><E36/><V74/><F74/><W33/><G48/><T72/><D72/><U121/><E43/><V77/><F65/><N who="0" m="25162" /><D73/><U83/><E121/><V71/><F71/><W8/><G57/><N who="0" m="34855" /><D19/><U58/><E58/><V16/><F112/><W41/><G41/><T120/><D120/><U79/><E79/><V49/><F51/><W66/><G66/><T37/><D37/><U39/><E39/><V2/><F2/><W15/><G34/><T108/><D108/><U82/><E116/><V86/><F30/><W7/><REACH who="3" step="1"/><G33/><REACH who="3" ten="220,216,220,334" step="2"/><T95/><D55/><U115/><E115/><V42/><F53/><W106/><G106/><T3/><D54/><U28/><E119/><V130/><F63/><W129/><G129/><T110/><D110/><U50/><E50/><V38/><F61/><W13/><G13/><T93/><D3/><U122/><E122/><V31/><F38/><W128/><G128/><T70/><D70/><U40/><E40/><V46/><F130/><W124/><G124/><T99/><D95/><N who="1" m="56447" /><E82/><V62/><F62/><W134/><G134/><T35/><D35/><U105/><E83/><V29/><F81/><W1/><G1/><T135/><D135/><U23/><E28/><AGARI ba="0,1" hai="6,7,8,11,12,15,22,26,28,89,92,98,132,133" machi="28" ten="40,2600,0" yaku="1,1,9,1,53,0" doraHai="126" doraHaiUra="32" who="3" fromWho="1" sc="220,0,216,-26,220,0,334,36" /><INIT seed="3,0,0,1,5,28" ten="220,190,220,370" oya="3" hai0="38,75,123,71,78,2,55,106,41,40,135,103,45" hai1="23,16,12,77,121,76,31,72,27,104,128,3,120" hai2="63,134,1,52,117,53,86,19,88,101,122,14,85" hai3="74,70,91,42,112,8,80,126,37,0,83,21,108"/><W44/><G112/><T9/><D55/><N who="2" m="21066" /><F134/><W99/><G70/><T10/><D10/><U90/><E104/><V102/><F117/><W109/><G126/><T119/><D41/><U62/><E72/><V61/><F1/><W133/><G133/><T67/><D123/><U30/><E62/><N who="2" m="23563" /><F86/><W131/><G131/><T39/><D119/><U33/><E90/><V127/><F122/><N who="1" m="47209" /><E76/><V59/><F59/><W54/><G21/><T87/><D78/><U125/><E77/><V100/><F127/><W36/><G74/><T96/><D75/><U84/><E84/><V17/><F14/><W98/><G54/><T79/><D87/><U4/><E125/><V115/><F115/><W118/><G118/><T124/><D79/><U13/><E128/><V65/><F65/><W5/><G37/><N who="0" m="21647" /><D135/><U130/><E130/><V24/><F24/><W82/><REACH who="3" step="1"/><G91/><REACH who="3" ten="220,190,220,360" step="2"/><T25/><D124/><U111/><E111/><AGARI ba="0,1" hai="0,5,8,36,42,44,80,82,83,98,99,108,109,111" machi="111" ten="40,12000,1" yaku="1,1,2,1,14,1,10,1,53,0" doraHai="28" doraHaiUra="49" who="3" fromWho="1" sc="220,0,190,-120,220,0,360,130" /><INIT seed="3,1,0,1,3,15" ten="220,70,220,490" oya="3" hai0="135,87,86,40,3,19,83,42,134,112,21,60,88" hai1="116,129,91,85,63,122,11,103,107,66,24,65,45" hai2="123,57,90,50,22,118,5,8,62,84,49,28,33" hai3="74,61,119,47,48,132,29,126,18,127,121,44,115"/><W93/><G121/><T1/><D112/><U110/><E122/><V94/><F33/><W96/><G74/><T130/><D130/><U108/><E129/><V35/><F35/><W51/><G115/><T55/><D60/><U95/><E116/><V75/><F75/><W13/><G119/><T125/><D55/><U99/><E45/><V23/><F118/><W92/><G29/><T38/><D125/><N who="3" m="47625" /><G132/><N who="0" m="50731" /><D87/><U41/><E41/><N who="0" m="15977" /><D38/><U111/><E11/><V124/><F123/><W128/><G61/><T7/><D7/><U76/><E24/><AGARI ba="1,0" hai="1,3,19,21,24,83,86,88" m="15977,50731" machi="24" ten="30,3900,0" yaku="20,1,52,1,54,1" doraHai="15" who="0" fromWho="1" sc="220,42,70,-42,220,0,490,0" /><INIT seed="4,0,0,2,0,43" ten="262,28,220,490" oya="0" hai0="75,96,57,72,123,29,100,81,77,116,130,37,1" hai1="13,94,18,80,78,54,20,48,32,39,61,36,102" hai2="21,0,114,51,15,42,92,8,50,104,40,117,69" hai3="103,70,110,98,22,68,10,9,33,23,74,45,4"/><T16/><D116/><U60/><E32/><V88/><F104/><W46/><G33/><T41/><D123/><U132/><E132/><V84/><F69/><W126/><G74/><T26/><D130/><U122/><E122/><V118/><F0/><W121/><G121/><T95/><D1/><U38/><E102/><V97/><F21/><W62/><G110/><T82/><D57/><U53/><E94/><V35/><F35/><W30/><G126/><T6/><D6/><U71/><E71/><V90/><F114/><W133/><G133/><T2/><D2/><U106/><E106/><V55/><F51/><W44/><G9/><T79/><D29/><U31/><E31/><V107/><F107/><W115/><G115/><T67/><D67/><U19/><E19/><N who="2" m="8679" /><F117/><W59/><G70/><T63/><D63/><U134/><E134/><V28/><F28/><W58/><G68/><T108/><D108/><U24/><E24/><V5/><F5/><W7/><G10/><T113/><D113/><U112/><E112/><V76/><F76/><W87/><G87/><T128/><D128/><U3/><E3/><V66/><F66/><N who="3" m="39255" /><G59/><T47/><D26/><U14/><E14/><V64/><F64/><W127/><G30/><T131/><D131/><U52/><REACH who="1" step="1"/><E48/><REACH who="1" ten="262,18,220,490" step="2"/><V11/><F118/><W120/><G120/><T56/><D16/><U91/><E91/><V85/><F90/><W101/><G7/><T105/><D105/><U135/><E135/><V111/><F111/><W86/><G4/><T83/><D79/><U89/><E89/><V65/><F88/><W49/><G49/><RYUUKYOKU ba="0,1" sc="262,-10,18,30,220,-10,490,-10" hai1="13,18,20,36,38,39,52,53,54,60,61,78,80" /><INIT seed="5,1,1,0,1,35" ten="252,48,210,480" oya="1" hai0="115,74,92,62,15,33,28,42,134,117,40,11,120" hai1="5,103,4,104,73,10,81,133,30,36,85,17,67" hai2="96,37,131,111,107,132,24,51,109,1,3,83,116" hai3="45,75,66,76,98,59,49,19,53,100,124,25,46"/><U16/><E36/><V58/><F116/><W90/><G124/><T89/><D74/><U21/><E73/><V87/><F37/><W7/><G7/><N who="1" m="2634" /><E104/><V8/><F8/><W31/><G19/><N who="1" m="7242" /><E133/><V9/><F9/><W88/><G76/><T125/><D120/><U127/><E127/><V93/><F24/><W99/><G75/><T129/><D117/><U65/><E10/><V44/><F58/><W50/><G66/><N who="1" m="25098" /><E103/><V119/><F132/><W38/><G38/><T79/><D134/><U82/><E85/><V78/><F119/><W0/><G100/><T118/><D118/><U97/><E97/><V22/><F107/><W106/><G106/><T108/><D125/><U113/><E113/><V70/><F96/><W12/><G99/><T94/><D115/><U13/><E13/><V69/><F87/><W41/><G12/><T63/><D15/><U57/><E57/><V48/><F51/><W23/><G59/><T39/><D39/><U102/><E102/><V105/><F48/><W54/><G98/><T95/><D11/><U6/><N who="1" m="2642" /><U55/><DORA hai="47" /><E55/><V121/><F105/><W114/><G114/><T52/><D52/><U43/><E43/><V68/><F68/><W91/><G41/><T112/><D42/><U56/><E56/><V26/><F70/><W60/><G54/><T135/><D40/><U27/><AGARI ba="1,1" hai="21,27,30,81,82" m="25098,7242,2642" machi="27" ten="40,3900,0" yaku="8,1,54,1" doraHai="35,47" who="1" fromWho="1" sc="252,-14,48,52,210,-14,480,-14" /><INIT seed="5,2,0,4,4,0" ten="238,100,196,466" oya="1" hai0="130,135,53,21,74,85,73,57,34,84,97,33,110" hai1="65,1,127,134,79,43,112,5,101,19,56,96,9" hai2="95,98,6,10,66,92,70,104,13,119,113,61,125" hai3="81,54,36,132,122,48,129,17,103,77,18,128,68"/><U126/><E112/><V37/><F119/><W123/><G36/><T102/><D110/><U14/><E134/><V67/><F125/><N who="1" m="47625" /><E79/><V25/><F37/><W11/><G68/><T45/><D130/><N who="3" m="50281" /><G132/><T118/><D74/><U22/><E43/><V7/><F113/><W75/><G103/><T94/><D73/><U90/><E90/><V100/><F66/><W107/><G107/><T44/><D118/><U23/><E65/><V16/><REACH who="2" step="1"/><F25/><REACH who="2" ten="238,100,186,466" step="2"/><W55/><G122/><T83/><D135/><U46/><E56/><V117/><F117/><W40/><G123/><T30/><D57/><U109/><E109/><V50/><F50/><W72/><G48/><T93/><D45/><U82/><E46/><V124/><F124/><W62/><G62/><T47/><D47/><U131/><E131/><V3/><F3/><W71/><G40/><T29/><D44/><U38/><E38/><V42/><F42/><W59/><G55/><T120/><D53/><U24/><E82/><V115/><F115/><W32/><G54/><T15/><D83/><U12/><E23/><V58/><F58/><W51/><G81/><T69/><D21/><U121/><E121/><V8/><F8/><W76/><G59/><T87/><D120/><U99/><E101/><V108/><F108/><W133/><G51/><T80/><D80/><U20/><E20/><V88/><F88/><W64/><G133/><T39/><D39/><U28/><E1/><V49/><F49/><W2/><G72/><T111/><D111/><U86/><E86/><V60/><F60/><N who="3" m="40327" /><G75/><T27/><D102/><U4/><E14/><RYUUKYOKU ba="2,1" sc="238,-15,100,15,186,15,466,-15" hai1="4,5,9,12,19,22,24,28,96,99" hai2="6,7,10,13,16,61,67,70,92,95,98,100,104" /><INIT seed="5,3,1,0,2,99" ten="223,115,201,451" oya="1" hai0="90,116,85,10,14,15,12,16,54,47,37,46,106" hai1="126,43,117,61,67,44,127,48,5,58,129,13,7" hai2="30,45,112,84,131,53,93,114,26,88,57,101,20" hai3="11,62,70,39,74,34,86,41,55,125,94,35,77"/><U6/><E117/><V71/><F131/><W51/><G125/><T105/><D116/><U50/><E129/><V76/><F71/><W130/><G74/><T79/><D79/><U33/><E33/><V42/><F76/><W92/><G11/><T133/><D133/><U49/><REACH who="1" step="1"/><E13/><REACH who="1" ten="223,105,201,451" step="2"/><V18/><F114/><W87/><G130/><T89/><D15/><U52/><E52/><V66/><F112/><W104/><G55/><T134/><D54/><U83/><E83/><N who="2" m="49183" /><F53/><W124/><G34/><T32/><D32/><U110/><E110/><V123/><F123/><W107/><G35/><T23/><D14/><U25/><E25/><V122/><F122/><W81/><G81/><T24/><D12/><U103/><E103/><V108/><F108/><W56/><G41/><T97/><D24/><U29/><E29/><V78/><F30/><W59/><G77/><T60/><D134/><U21/><E21/><V75/><F78/><W0/><G0/><T82/><D23/><U119/><E119/><V115/><F115/><W65/><G65/><T1/><D1/><U73/><E73/><V63/><F75/><W69/><G87/><T9/><D85/><U27/><E27/><V100/><F93/><W68/><G92/><T135/><D135/><U120/><E120/><V72/><F72/><W113/><G94/><T132/><D132/><U36/><AGARI ba="3,2" hai="5,6,7,36,43,44,48,49,50,58,61,67,126,127" machi="36" ten="40,7800,0" yaku="1,1,0,1,53,1" doraHai="99" doraHaiUra="40" who="1" fromWho="1" sc="223,-29,105,107,201,-29,451,-29" /><INIT seed="5,4,0,3,4,112" ten="194,212,172,422" oya="1" hai0="135,15,111,23,133,97,34,116,68,124,30,85,53" hai1="27,107,41,94,39,57,52,18,35,73,22,99,72" hai2="134,24,92,102,44,7,77,104,51,42,55,78,74" hai3="13,110,59,69,123,105,46,2,49,109,66,115,81"/><U79/><E107/><V47/><F104/><W3/><G105/><T4/><D68/><U83/><E35/><V113/><F113/><W37/><G115/><T101/><D111/><U5/><E5/><V103/><F134/><N who="0" m="51210" /><D85/><U0/><E0/><V121/><F121/><W98/><G59/><T132/><D53/><U114/><E114/><V60/><F60/><W86/><G49/><T76/><D76/><U118/><E118/><V17/><F7/><W127/><G13/><T80/><D80/><U50/><E41/><V56/><F74/><W1/><G86/><T8/><D124/><U106/><E106/><V11/><F102/><W130/><G81/><T90/><D90/><U87/><E39/><V6/><F17/><W129/><G123/><T31/><D34/><U14/><E14/><N who="2" m="5495" /><F24/><W75/><G2/><N who="0" m="23" /><D116/><U117/><E117/><V19/><F19/><W89/><G127/><T36/><D36/><U40/><E40/><V65/><F65/><W120/><G66/><T128/><D132/><U64/><E64/><V54/><F54/><W32/><G37/><T70/><D70/><U108/><E108/><V96/><F42/><W25/><G69/><T9/><D9/><U95/><E95/><V33/><F33/><W20/><G32/><T58/><D15/><U63/><E50/><V91/><F91/><AGARI ba="4,0" hai="18,22,27,52,57,63,72,73,79,83,87,91,94,99" machi="91" ten="30,11600,0" yaku="7,1,25,2,54,1" doraHai="112" who="1" fromWho="2" sc="194,0,212,128,172,-128,422,0" /><INIT seed="5,5,0,3,3,26" ten="194,340,44,422" oya="1" hai0="56,120,64,43,122,10,57,39,124,29,68,132,9" hai1="128,62,83,109,3,0,91,42,85,99,19,66,80" hai2="73,67,97,21,14,59,95,7,53,16,118,111,44" hai3="121,108,113,75,74,71,17,27,133,6,76,31,104"/><U20/><E128/><V23/><F111/><W33/><G6/><T50/><D10/><U13/><E109/><V51/><F118/><W100/><G76/><T49/><D9/><U37/><E80/><V22/><F73/><W117/><G100/><T112/><D29/><U98/><E37/><V28/><F7/><W41/><G31/><T103/><D103/><U32/><E42/><V69/><F69/><W38/><G41/><T1/><D1/><U15/><E32/><V47/><F67/><W63/><G17/><T114/><D132/><U46/><E46/><V94/><F94/><W18/><G18/><T87/><D87/><U2/><REACH who="1" step="1"/><E13/><REACH who="1" ten="194,330,44,422" step="2"/><V84/><F44/><W55/><G33/><T25/><D39/><U127/><E127/><V36/><F36/><W101/><G38/><T119/><D124/><U110/><E110/><V30/><F47/><W58/><G108/><T90/><D43/><U102/><E102/><N who="2" m="60735" /><F84/><W107/><G117/><T61/><D119/><U81/><E81/><V105/><F105/><W79/><G107/><T129/><D129/><U5/><E5/><V125/><F125/><W45/><G104/><T35/><D35/><U82/><E82/><V106/><F106/><W65/><G45/><T92/><D92/><U4/><E4/><V78/><F78/><W60/><G79/><T89/><D89/><U115/><E115/><V54/><F54/><W123/><G55/><N who="0" m="31855" /><D90/><U34/><E34/><V135/><F135/><W12/><G133/><T86/><D86/><U130/><E130/><V40/><F40/><W93/><G75/><T48/><D114/><RYUUKYOKU ba="5,1" sc="194,-15,330,15,44,15,422,-15" hai1="0,2,3,15,19,20,62,66,83,85,91,98,99" hai2="14,16,21,22,23,28,30,51,53,59" /><INIT seed="5,6,1,0,0,122" ten="179,345,59,407" oya="1" hai0="94,114,16,21,106,116,81,37,22,53,129,51,123" hai1="26,91,86,63,34,6,28,29,58,87,10,42,11" hai2="57,45,31,83,126,132,25,50,66,27,55,82,1" hai3="125,23,79,41,4,56,35,8,124,77,78,117,105"/><U111/><E42/><V99/><F132/><W100/><G117/><T65/><D106/><U96/><E96/><V33/><F126/><N who="3" m="48747" /><G35/><T48/><D114/><U130/><E130/><V24/><F1/><N who="3" m="15" /><G41/><T95/><D65/><U84/><E28/><V101/><F33/><W38/><G38/><T88/><D129/><U46/><E46/><V128/><F128/><W112/><G112/><T19/><D116/><U36/><E36/><V93/><F31/><W61/><G23/><T52/><D37/><U20/><E34/><V14/><F14/><W121/><G121/><T74/><D74/><U127/><E127/><V69/><F69/><W12/><G12/><T115/><D115/><U43/><E43/><V135/><F135/><W15/><G15/><T131/><D131/><U70/><E70/><V47/><F66/><N who="3" m="39207" /><G100/><T0/><D0/><U18/><E29/><V113/><REACH who="2" step="1"/><F113/><REACH who="2" ten="179,345,49,407" step="2"/><W102/><G102/><T134/><D134/><U49/><E6/><V67/><F67/><W103/><G103/><T39/><D123/><U109/><E10/><V71/><F71/><W76/><N who="3" m="19456" /><DORA hai="80" /><W72/><G72/><T119/><D119/><U75/><E11/><V32/><F32/><W3/><G105/><T98/><D22/><U62/><E75/><V110/><F110/><N who="1" m="41993" /><E91/><V68/><F68/><W120/><G120/><T44/><D88/><U30/><E30/><V13/><F13/><W59/><G3/><T73/><D73/><U17/><E17/><V85/><F85/><W54/><G54/><AGARI ba="6,2" hai="18,20,26,49,54,58,62,63,84,86,87" m="41993" machi="54" ten="30,18000,2" yaku="10,1,52,6" doraHai="122,80" who="1" fromWho="3" sc="179,0,345,218,49,0,407,-198" /><INIT seed="5,7,0,0,0,90" ten="179,563,49,209" oya="1" hai0="76,30,89,97,71,39,134,83,120,8,48,3,45" hai1="91,59,10,9,77,21,46,33,51,63,75,16,24" hai2="128,2,60,117,36,118,58,108,94,133,109,44,37" hai3="50,56,80,112,34,73,26,23,22,129,65,31,96"/><U131/><E131/><V81/><F2/><W49/><G112/><T98/><D71/><U93/><E33/><V68/><F81/><W99/><G129/><T13/><D39/><N who="2" m="14922" /><F128/><W125/><G125/><T106/><D134/><U15/><E77/><V5/><F5/><W41/><G50/><T85/><D106/><U115/><E75/><V1/><F1/><W57/><G57/><T0/><D30/><U105/><E105/><V4/><F4/><W127/><G127/><T92/><D98/><N who="1" m="57663" /><E115/><V38/><F94/><W95/><G96/><T40/><REACH who="0" step="1"/><D120/><REACH who="0" ten="169,563,49,209" step="2"/><U28/><E28/><V70/><F133/><W17/><G31/><T82/><D82/><U107/><E107/><V67/><N who="2" m="14930" /><V116/><DORA hai="55" /><F44/><W84/><G80/><T122/><D122/><U54/><E15/><V101/><F101/><W87/><G99/><T78/><D78/><U130/><E130/><V110/><AGARI ba="7,1" hai="58,60,67,68,70,108,109,110,116,117,118" m="14930" machi="110" ten="60,7900,0" yaku="34,2,52,1" doraHai="90,55" who="2" fromWho="2" sc="169,-27,563,-46,49,110,209,-27" /><INIT seed="6,0,0,0,4,106" ten="142,517,159,182" oya="2" hai0="30,26,88,76,115,95,64,2,101,5,6,93,135" hai1="130,134,113,22,108,19,67,84,59,133,40,83,55" hai2="72,128,34,75,60,123,44,57,46,126,21,79,63" hai3="32,45,124,58,127,15,11,28,122,94,89,10,52"/><V20/><F123/><W118/><G118/><T14/><D2/><U104/><E104/><V132/><F34/><W4/><G122/><T65/><D115/><U50/><E108/><V119/><F119/><W3/><G45/><N who="2" m="17513" /><F57/><W8/><G28/><T27/><D76/><N who="1" m="46183" /><E113/><V87/><F87/><W120/><G32/><T66/><D135/><N who="1" m="51723" /><E130/><V51/><F51/><W103/><G103/><T92/><D101/><U29/><E29/><V78/><F132/><W82/><G82/><T13/><D88/><U49/><E67/><V105/><F126/><N who="3" m="48171" /><G3/><T56/><D56/><U48/><E40/><V7/><F7/><N who="0" m="2570" /><D30/><U85/><E85/><V97/><F97/><N who="3" m="57551" /><G120/><T36/><D36/><U102/><E102/><V107/><F128/><W109/><G109/><T25/><AGARI ba="0,0" hai="13,14,25,26,27,64,65,66,92,93,95" m="2570" machi="25" ten="40,8000,1" yaku="29,2,28,2,8,1" doraHai="106" who="0" fromWho="0" sc="142,80,517,-20,159,-40,182,-20" /><INIT seed="7,0,0,4,5,47" ten="222,497,119,162" oya="3" hai0="27,88,105,12,74,129,37,99,123,7,68,61,81" hai1="98,19,89,31,28,66,22,2,42,80,11,63,50" hai2="49,48,6,117,131,64,90,65,133,104,21,72,87" hai3="134,13,86,110,113,25,38,29,101,97,120,106,79"/><W96/><G38/><T115/><D123/><U20/><E2/><V69/><F117/><W0/><G0/><T35/><D129/><U108/><E108/><V91/><F72/><W56/><G120/><T33/><D115/><U132/><E132/><V77/><F131/><W18/><G134/><T46/><D27/><U116/><E116/><V30/><F104/><W103/><G113/><T128/><D61/><U39/><E11/><V10/><F133/><W122/><G122/><T127/><D127/><U43/><E39/><V84/><F77/><W102/><G110/><T112/><D68/><U16/><E66/><N who="2" m="25707" /><F69/><W100/><G56/><T62/><D105/><U34/><E63/><V24/><F10/><W67/><G67/><T52/><D37/><U26/><E34/><V125/><F6/><W9/><G97/><T44/><D99/><U3/><E3/><V85/><F125/><W23/><REACH who="3" step="1"/><G79/><REACH who="3" ten="222,497,119,152" step="2"/><T57/><D112/><U41/><E98/><V92/><F87/><AGARI ba="0,1" hai="9,13,18,23,25,29,86,87,96,100,101,102,103,106" machi="87" ten="40,3900,0" yaku="1,1,2,1,53,0" doraHai="47" doraHaiUra="118" who="3" fromWho="2" sc="222,0,497,0,119,-39,152,49" /><INIT seed="7,1,0,2,4,99" ten="222,497,80,201" oya="3" hai0="113,56,12,64,34,59,43,36,118,74,80,48,92" hai1="68,10,19,26,63,79,86,8,82,87,29,13,42" hai2="53,131,94,102,55,45,108,105,104,132,101,100,117" hai3="54,133,109,27,135,73,106,65,81,77,35,70,14"/><W134/><G106/><T16/><D34/><U85/><E42/><V122/><F117/><W24/><G14/><T125/><D118/><U30/><E8/><V69/><F69/><W41/><G41/><T20/><D125/><U98/><E29/><V84/><F108/><W67/><G109/><T129/><D129/><U127/><E127/><V28/><F131/><W11/><G11/><T44/><D113/><U71/><E98/><V25/><F132/><W110/><G110/><T93/><D36/><U76/><E63/><V32/><F122/><W78/><G78/><T89/><D74/><U97/><E97/><V52/><F45/><W75/><G75/><T128/><D128/><U49/><E49/><V47/><F47/><W121/><G54/><T60/><D59/><U91/><E86/><AGARI ba="1,0" hai="12,16,20,43,44,48,56,60,64,80,86,89,92,93" machi="86" ten="40,2600,0" yaku="8,1,54,1" doraHai="99" who="0" fromWho="1" sc="222,29,497,-29,80,0,201,0" owari="251,5.0,468,57.0,80,-42.0,201,-20.0" /></mjloggm>