<mjloggm ver="2.3"><GO type="41" lobby="0"/><UN n0="%E2%93%9D%53%75%70%68%78" n1="%77%6A%31%32%33%34%35" n2="%E3%83%94%E3%83%BC%E3%82%B9%E3%83%BB" n3="%E9%89%84%E5%85%B5" dan="18,13,13,15" rate="2084.91,1898.51,2037.36,2016.00" sx="M,M,M,M"/><TAIKYOKU oya="0"/><INIT seed="0,0,0,5,2,121" ten="250,250,250,250" oya="0" hai0="77,111,42,58,57,43,68,52,86,95,25,82,67" hai1="134,9,49,88,97,123,31,98,19,100,135,35,16" hai2="93,2,21,90,18,66,119,12,5,132,99,63,65" hai3="62,84,0,110,94,10,120,80,46,115,14,106,69"/><T107/><D107/><U45/><E123/><V17/><F132/><N who="1" m="50729" /><E9/><V109/><F109/><W89/><G120/><T41/><D68/><U36/><E36/><V96/><F119/><W118/><G115/><T114/><D114/><U26/><E97/><V113/><F113/><W60/><G118/><T131/><D131/><U64/><E64/><V39/><F39/><W112/><G0/><T6/><D6/><U75/><E75/><V103/><F2/><W74/><G112/><T87/><D111/><U40/><E88/><V81/><F5/><W54/><G110/><T4/><D4/><U7/><E7/><V59/><F18/><N who="3" m="8535" /><G74/><T53/><D67/><U129/><E129/><V127/><F127/><W38/><G38/><T24/><D95/><AGARI ba="0,0" hai="16,19,26,31,35,40,45,49,95,98,100" m="50729" machi="95" ten="30,2000,0" yaku="20,1,54,1" doraHai="121" who="1" fromWho="0" sc="250,-20,250,20,250,0,250,0" /><INIT seed="1,0,0,0,5,79" ten="230,270,250,250" oya="1" hai0="12,2,33,75,117,27,23,84,95,15,57,4,8" hai1="10,73,30,129,0,35,106,44,107,94,22,74,68" hai2="65,29,43,98,3,81,31,17,118,90,19,83,40" hai3="49,125,50,13,16,103,82,126,5,48,102,69,32"/><U101/><E68/><V9/><F118/><W121/><G121/><T88/><D117/><U111/><E35/><V34/><F34/><W42/><G32/><T25/><D75/><U78/><E129/><V53/><F3/><W89/><G5/><T21/><D33/><U41/><E73/><V114/><F114/><W37/><G37/><T11/><D57/><U132/><E132/><V108/><F108/><W119/><G42/><N who="2" m="15913" /><F65/><W60/><G60/><T115/><D115/><U135/><E135/><V123/><F123/><W56/><G56/><T99/><D99/><N who="1" m="59639" /><E22/><N who="0" m="8201" /><D2/><U86/><E30/><N who="2" m="11275" /><F53/><W116/><G69/><T14/><D14/><U92/><E92/><N who="2" m="56599" /><F9/><N who="3" m="6191" /><G119/><T45/><D45/><U47/><E47/><V64/><F64/><W100/><G116/><T124/><D124/><N who="3" m="47721" /><G103/><T104/><D104/><U18/><E106/><V93/><F93/><W59/><G59/><T66/><D66/><U71/><E107/><V6/><F6/><AGARI ba="0,0" hai="4,6,8,11,12,15,25,27,84,88,95" m="8201" machi="6" ten="30,2000,0" yaku="8,1,54,1" doraHai="79" who="0" fromWho="2" sc="230,20,270,0,250,-20,250,0" /><INIT seed="2,0,0,0,1,118" ten="250,270,230,250" oya="2" hai0="98,31,59,30,8,60,88,111,7,95,37,129,105" hai1="102,86,9,39,4,89,19,116,1,135,41,55,74" hai2="112,38,70,36,127,49,52,69,43,54,106,58,3" hai3="104,124,27,90,34,108,2,65,126,62,113,48,132"/><V23/><F106/><W128/><G108/><T109/><D37/><N who="2" m="14442" /><F23/><W66/><G48/><T121/><D129/><U100/><E74/><V6/><F6/><W45/><G45/><T46/><D121/><U22/><E116/><V133/><F3/><W56/><G2/><T57/><D57/><U73/><E73/><V32/><F32/><W81/><G104/><T78/><D78/><U44/><E135/><V107/><F107/><W123/><G132/><T92/><D105/><U75/><E75/><V10/><F10/><W76/><G123/><T103/><D46/><U80/><REACH who="1" step="1"/><E55/><REACH who="1" ten="250,260,230,250" step="2"/><V28/><F133/><W50/><G124/><T25/><D111/><U117/><E117/><V134/><F134/><W40/><G126/><T35/><D109/><U99/><E99/><V47/><F127/><W91/><G113/><T97/><D35/><U82/><E82/><V12/><F112/><W11/><G128/><T20/><D31/><U131/><E131/><V51/><F28/><W114/><G114/><T14/><D98/><U84/><E84/><V64/><F12/><AGARI ba="0,1" hai="1,4,9,12,19,22,39,41,44,80,86,89,100,102" machi="12" ten="30,3900,0" yaku="1,1,7,1,53,1" doraHai="118" doraHaiUra="33" who="1" fromWho="2" sc="250,0,260,49,230,-39,250,0" /><INIT seed="3,0,0,3,5,91" ten="250,309,191,250" oya="3" hai0="48,121,28,44,78,47,57,43,75,95,89,105,16" hai1="61,101,26,83,24,130,33,72,67,107,18,125,106" hai2="35,73,114,2,81,69,68,132,94,0,58,1,21" hai3="60,85,100,133,66,38,7,36,42,64,39,123,97"/><W92/><G133/><T13/><D105/><U10/><E130/><V23/><F114/><W9/><G123/><T63/><D121/><U5/><E125/><V50/><F35/><W8/><G8/><T116/><D116/><U41/><E41/><V113/><F113/><W20/><G20/><T34/><D75/><U112/><E112/><V87/><F132/><W53/><G85/><T30/><D47/><U96/><E18/><V119/><F119/><W49/><G42/><T129/><D78/><U65/><E107/><V109/><F109/><W11/><G11/><N who="0" m="6207" /><D34/><U31/><E26/><V15/><F73/><W84/><G84/><N who="0" m="52647" /><D129/><U32/><E32/><V135/><F135/><W108/><G108/><T118/><D118/><U98/><E98/><V128/><F128/><W90/><G100/><T71/><D71/><U122/><E122/><V27/><F15/><W104/><G104/><T117/><D117/><U40/><E40/><V77/><F23/><W22/><G22/><T110/><D110/><U51/><E72/><V52/><REACH who="2" step="1"/><F94/><REACH who="2" ten="250,309,181,250" step="2"/><W86/><G86/><T46/><D46/><U74/><E74/><V103/><F103/><W111/><G111/><T17/><D17/><AGARI ba="0,1" hai="0,1,2,17,21,27,50,52,58,68,69,77,81,87" machi="17" ten="40,2600,0" yaku="1,1,54,1,53,0" doraHai="91" doraHaiUra="127" who="2" fromWho="0" sc="250,-26,309,0,181,36,250,0" /><INIT seed="4,0,0,2,4,94" ten="224,309,217,250" oya="0" hai0="37,75,58,8,90,98,29,125,77,24,96,21,33" hai1="45,6,105,115,66,95,34,57,101,103,89,55,109" hai2="43,78,16,42,28,118,60,81,36,100,102,108,99" hai3="18,117,80,17,49,62,12,64,79,13,68,116,122"/><T106/><D37/><U113/><E34/><V85/><F108/><W112/><G112/><N who="1" m="43082" /><E6/><V54/><F118/><W50/><G122/><T88/><D33/><U87/><E109/><V52/><F36/><W1/><G1/><T97/><D106/><U134/><E134/><V65/><F28/><W135/><G135/><T26/><D125/><U10/><E10/><V110/><F110/><W119/><G13/><T63/><D26/><U3/><E3/><V84/><F84/><W53/><G53/><T51/><D51/><N who="1" m="29167" /><E105/><V72/><F72/><W27/><G27/><T38/><D38/><U44/><E44/><V70/><F102/><W20/><REACH who="3" step="1"/><G17/><REACH who="3" ten="224,309,217,240" step="2"/><T23/><D8/><U92/><E92/><V76/><F54/><W131/><G131/><T14/><D14/><U67/><E67/><V4/><F52/><W121/><G121/><T41/><D23/><U91/><E66/><V22/><F4/><W86/><AGARI ba="0,1" hai="12,18,20,49,50,62,64,68,79,80,86,116,117,119" machi="86" ten="30,4000,0" yaku="1,1,0,1,53,1" doraHai="94" doraHaiUra="11" who="3" fromWho="3" sc="224,-20,309,-10,217,-10,240,50" /><INIT seed="5,0,0,0,5,27" ten="204,299,207,290" oya="1" hai0="130,72,110,50,64,18,44,34,117,3,94,108,5" hai1="37,112,35,9,52,28,129,103,21,67,100,11,26" hai2="57,114,53,23,127,113,65,19,90,89,85,81,83" hai3="107,58,93,106,59,70,14,0,135,48,38,121,17"/><U36/><E112/><N who="2" m="43115" /><F65/><W86/><G121/><T69/><D117/><U8/><E67/><V88/><F127/><W111/><G0/><T123/><D72/><U133/><E133/><V31/><F31/><W131/><G111/><T92/><D130/><U42/><E42/><V132/><F132/><W24/><G38/><T122/><D18/><U134/><E134/><V33/><F33/><W80/><G135/><T54/><D5/><U96/><E129/><V119/><F119/><W73/><G70/><T20/><D20/><U62/><E35/><V76/><F83/><W56/><G24/><T41/><D3/><U120/><E120/><N who="0" m="46121" /><D34/><U126/><E126/><V32/><F32/><W45/><G93/><N who="0" m="35947" /><D41/><U79/><E79/><V49/><F76/><W95/><G95/><T16/><D16/><U40/><E40/><V63/><F63/><AGARI ba="0,0" hai="44,50,54,63,64,69,108,110" m="35947,46121" machi="63" ten="30,1000,0" yaku="13,1" doraHai="27" who="0" fromWho="2" sc="204,10,299,0,207,-10,290,0" /><INIT seed="6,0,0,1,0,3" ten="214,299,197,290" oya="2" hai0="118,109,46,4,73,48,82,111,15,57,129,110,43" hai1="101,116,40,125,128,11,93,69,91,65,123,63,7" hai2="78,96,41,84,98,58,50,85,60,53,89,106,10" hai3="71,90,36,94,12,17,35,99,32,28,66,124,44"/><V2/><F106/><W70/><G124/><T107/><D107/><U39/><E125/><V61/><F2/><W76/><G76/><T134/><D129/><U62/><E123/><V16/><F78/><W120/><G120/><T115/><D115/><U122/><E122/><V74/><F74/><W52/><G36/><T86/><D134/><U95/><E116/><V102/><F84/><W64/><G70/><T31/><D31/><U79/><E128/><V119/><F119/><W113/><G71/><T34/><D34/><U5/><E101/><V108/><F108/><W88/><G35/><T132/><D132/><U9/><E79/><V92/><F41/><W126/><G126/><T135/><D135/><U80/><E40/><V26/><F98/><W45/><G45/><T19/><D73/><U72/><E72/><V18/><F18/><W75/><G75/><T30/><D30/><U54/><E39/><V56/><F56/><W27/><G90/><T20/><D57/><U81/><E54/><V22/><REACH who="2" step="1"/><F10/><REACH who="2" ten="214,299,187,290" step="2"/><W1/><G1/><T100/><D118/><U29/><E69/><V25/><F25/><W83/><G113/><T112/><D112/><U0/><E0/><V55/><F55/><W127/><G127/><T105/><D105/><U37/><E9/><V121/><F121/><W23/><G83/><T24/><D111/><U8/><E11/><V68/><F68/><W42/><G42/><T130/><D130/><U104/><E8/><V33/><F33/><W117/><G117/><T133/><D110/><U14/><E65/><N who="3" m="25194" /><G52/><T131/><D131/><U103/><E104/><RYUUKYOKU ba="0,1" sc="214,-15,299,-15,187,15,290,15" hai2="16,22,26,50,53,58,60,61,85,89,92,96,102" hai3="12,17,23,27,28,32,44,88,94,99" /><INIT seed="6,1,1,2,0,17" ten="199,284,202,305" oya="2" hai0="29,68,97,0,81,115,82,133,83,94,67,117,50" hai1="46,41,99,69,47,87,95,28,98,12,78,3,2" hai2="89,75,61,39,49,128,62,24,70,45,23,30,65" hai3="53,126,111,63,4,14,72,60,131,11,100,35,19"/><V122/><F122/><W107/><G111/><T103/><D0/><U5/><E69/><V59/><F39/><W9/><G35/><T124/><D115/><U7/><E28/><V121/><F121/><W21/><G72/><T15/><D124/><U101/><E98/><V130/><F75/><W116/><G116/><T79/><D133/><U114/><E114/><V34/><F89/><W54/><G126/><T96/><D117/><U134/><E134/><V125/><F125/><W66/><G131/><N who="2" m="50217" /><F61/><W26/><G11/><T113/><D113/><U93/><E46/><V135/><F135/><W77/><G77/><T40/><D79/><U6/><E12/><V85/><F85/><W8/><G8/><T57/><D15/><U22/><E22/><V48/><F70/><W13/><G13/><T120/><D68/><U106/><E106/><V16/><F45/><W44/><G44/><T132/><D120/><U123/><E123/><V84/><F84/><W76/><G76/><T33/><D132/><U37/><REACH who="1" step="1"/><E93/><REACH who="1" ten="199,274,202,305" step="2"/><V129/><N who="2" m="50225" /><V74/><DORA hai="64" /><F74/><W25/><G107/><T32/><D32/><U71/><E71/><V110/><F110/><W104/><G104/><T109/><D109/><U42/><E42/><V55/><F65/><W18/><G66/><T127/><D127/><U119/><E119/><V52/><F55/><W51/><G53/><N who="0" m="31927" /><D67/><U91/><E91/><V112/><F112/><W56/><G100/><T1/><D40/><U88/><E88/><V92/><F92/><W80/><G54/><T118/><D118/><U20/><E20/><V90/><F90/><RYUUKYOKU ba="1,2" sc="199,-15,274,15,202,15,305,-15" hai1="2,3,5,6,7,37,41,47,78,87,95,99,101" hai2="16,23,24,30,34,48,49,52,59,62" /><INIT seed="6,2,2,4,1,19" ten="184,289,217,290" oya="2" hai0="51,50,3,61,123,127,8,98,121,91,135,75,80" hai1="59,38,131,66,20,42,65,37,6,87,40,71,128" hai2="106,93,9,7,85,64,77,36,68,113,95,18,134" hai3="99,119,54,108,27,133,35,10,67,70,21,33,109"/><V90/><F106/><W48/><G119/><T45/><D135/><U112/><E6/><V116/><F116/><W5/><G133/><T52/><D127/><U102/><E102/><V126/><F134/><W110/><G99/><T101/><D61/><N who="1" m="40367" /><E87/><V16/><F36/><N who="1" m="13929" /><E20/><V74/><F74/><W122/><G122/><T15/><D3/><U55/><E112/><V46/><F77/><W53/><G35/><T88/><D123/><U12/><E12/><V25/><F113/><W13/><G33/><T57/><D121/><U11/><E11/><V56/><F126/><W105/><G105/><T73/><D73/><U86/><E86/><V84/><F25/><W44/><G21/><T81/><D75/><U28/><E28/><V132/><F132/><W39/><G27/><T47/><D101/><U62/><E66/><V63/><F85/><W129/><G109/><T96/><D15/><U78/><E78/><V69/><F93/><W114/><G108/><T32/><D32/><U58/><E58/><V30/><F30/><W0/><G110/><T14/><D57/><U82/><E82/><N who="0" m="31849" /><D98/><U76/><E76/><V111/><F111/><W60/><G0/><T41/><D96/><U107/><E107/><V34/><F34/><W17/><G114/><T117/><D117/><U94/><E94/><V103/><F103/><W97/><G97/><T49/><D49/><U1/><E1/><V92/><F95/><W115/><G39/><T72/><D72/><U24/><E24/><V2/><F69/><W43/><G115/><T120/><D120/><U124/><E124/><V125/><F125/><RYUUKYOKU ba="2,2" sc="184,15,289,15,217,-15,290,-15" hai0="8,14,41,45,47,50,51,52,88,91" hai1="40,42,55,59,62,128,131" /><INIT seed="7,3,2,3,2,6" ten="199,304,202,275" oya="3" hai0="125,107,60,41,25,80,96,84,64,46,22,72,104" hai1="1,61,78,23,2,94,21,24,100,16,124,134,74" hai2="103,56,42,91,30,35,116,26,65,118,117,83,37" hai3="99,17,50,79,128,7,121,71,73,55,27,109,63"/><W32/><G121/><T49/><D72/><U19/><E78/><V48/><F103/><W97/><G7/><T8/><D125/><U58/><E74/><V114/><F114/><W85/><G73/><T115/><D115/><U45/><E134/><V43/><F37/><W34/><G34/><T31/><D96/><U11/><E124/><V68/><F68/><W20/><G128/><T3/><D8/><U54/><E45/><V87/><REACH who="2" step="1"/><F48/><REACH who="2" ten="199,304,192,275" step="2"/><W40/><G71/><T120/><D120/><U135/><E135/><V12/><F12/><W123/><G123/><T129/><D129/><U127/><E127/><V53/><F53/><W131/><G131/><T36/><D36/><U110/><E110/><V44/><F44/><W9/><G40/><T4/><D3/><U93/><E1/><V10/><F10/><W133/><G50/><T113/><D113/><U132/><E2/><V77/><F77/><W62/><G109/><T130/><D130/><U102/><E132/><V75/><F75/><W70/><G70/><T92/><D4/><U81/><E11/><V86/><F86/><W95/><G133/><T47/><D47/><U108/><E108/><V122/><F122/><W57/><G79/><T0/><D0/><U51/><E51/><V29/><F29/><N who="3" m="19519" /><G85/><T82/><D84/><U67/><E54/><V105/><F105/><W69/><G69/><N who="0" m="42119" /><D107/><U76/><E100/><V18/><F18/><W66/><G9/><T38/><D104/><U98/><E76/><V39/><F39/><W89/><G17/><T119/><D38/><U106/><E81/><N who="0" m="31337" /><D119/><U59/><E59/><RYUUKYOKU ba="3,3" sc="199,10,304,10,192,10,275,-30" hai0="22,25,31,41,46,49,92" hai1="16,19,21,23,24,58,61,67,93,94,98,102,106" hai2="26,30,35,42,43,56,65,83,87,91,116,117,118" owari="209,-19.0,344,44.0,202,-30.0,245,5.0" /></mjloggm>