<mjloggm ver="2.3"><GO type="41" lobby="0"/><UN n0="%E5%96%B0%E6%96%AD%E6%99%A8%E6%98%8F" n1="%E3%83%AC%E3%83%83%E3%83%89%E3%83%BB%E3%82%A6%E3%83%BC" n2="%E2%93%9D%53%75%70%68%78" n3="%50%6F%74%74%6F%44%61%79" dan="15,13,17,13" rate="1956.36,1868.58,2080.91,1851.86" sx="M,M,M,M"/><TAIKYOKU oya="0"/><INIT seed="0,0,0,0,0,33" ten="250,250,250,250" oya="0" hai0="103,54,93,37,99,120,111,116,74,35,76,63,40" hai1="64,104,57,20,82,43,28,17,18,32,7,42,81" hai2="41,49,85,38,119,14,101,10,89,121,44,45,106" hai3="66,72,110,107,126,132,73,131,79,65,108,77,117"/><T129/><D116/><U98/><E32/><V94/><F119/><W105/><G117/><T71/><D120/><U87/><E104/><N who="3" m="40010" /><G132/><T2/><D35/><U15/><E98/><V13/><F121/><W130/><G65/><T5/><D129/><N who="3" m="49161" /><G126/><T67/><D54/><U27/><E7/><V59/><F59/><W12/><G12/><T91/><D111/><N who="3" m="42537" /><G66/><T0/><D5/><U118/><E118/><V31/><F14/><W23/><G23/><T26/><D26/><U96/><E28/><V68/><F31/><W92/><G92/><T30/><D30/><U50/><E81/><V69/><F106/><W46/><G46/><T39/><D103/><U95/><E64/><V134/><F101/><W58/><G58/><T102/><D102/><N who="1" m="60703" /><E57/><V109/><F109/><W86/><G86/><T25/><D25/><U3/><E3/><V21/><F134/><W88/><G88/><T47/><REACH who="0" step="1"/><D39/><REACH who="0" ten="240,250,250,250" step="2"/><U56/><E56/><V16/><REACH who="2" step="1"/><F21/><REACH who="2" ten="240,250,240,250" step="2"/><W48/><G48/><T97/><D97/><U127/><E50/><V19/><F19/><W70/><G70/><T55/><D55/><AGARI ba="0,2" hai="10,13,16,38,41,44,45,49,55,68,69,85,89,94" machi="55" ten="30,3900,0" yaku="1,1,7,1,54,1,53,0" doraHai="33" doraHaiUra="22" who="2" fromWho="0" sc="240,-39,250,0,240,59,250,0" /><INIT seed="1,0,0,0,2,15" ten="201,250,299,250" oya="1" hai0="31,105,36,4,20,19,3,0,2,32,49,13,47" hai1="102,67,22,73,96,85,135,121,6,18,64,55,60" hai2="53,107,122,23,30,42,66,9,71,41,52,130,95" hai3="115,113,74,101,116,8,10,126,51,108,124,72,104"/><U46/><E73/><V132/><F107/><W16/><G10/><N who="0" m="2311" /><D36/><U133/><E121/><V86/><F130/><W70/><G70/><T26/><D105/><U48/><E6/><V127/><F132/><N who="1" m="50761" /><E85/><V77/><F127/><N who="3" m="48683" /><G108/><T81/><D81/><U27/><E60/><V128/><F128/><W93/><G104/><AGARI ba="0,0" hai="18,22,27,46,48,55,64,67,96,102,104" m="50761" machi="104" ten="30,2900,0" yaku="20,1,52,1" doraHai="15" who="1" fromWho="3" sc="201,0,250,29,299,0,250,-29" /><INIT seed="1,1,0,0,0,29" ten="201,279,299,221" oya="1" hai0="115,3,51,11,12,59,10,112,60,15,88,39,80" hai1="117,63,116,113,19,114,130,77,25,2,38,58,127" hai2="85,50,121,76,23,30,68,135,65,111,21,74,49" hai3="43,42,78,52,108,32,41,35,82,72,124,33,91"/><U62/><E2/><V84/><F121/><W31/><G108/><T122/><D39/><U4/><E4/><V89/><F74/><W24/><G124/><T9/><D3/><U103/><E103/><V13/><F68/><W81/><G81/><T75/><D122/><U40/><E25/><V99/><F135/><W109/><G109/><T104/><D104/><U37/><E19/><V106/><F65/><W54/><G91/><T47/><D75/><U53/><E77/><V101/><F111/><W110/><G110/><T90/><D115/><N who="1" m="44043" /><E127/><V16/><F76/><W128/><G128/><T83/><D112/><U36/><E130/><V102/><F102/><W98/><REACH who="3" step="1"/><G98/><REACH who="3" ten="201,279,299,211" step="2"/><T96/><D80/><U71/><E40/><V14/><F89/><N who="0" m="34410" /><D83/><U67/><AGARI ba="1,1" hai="36,37,38,53,58,62,63,67,71,116,117" m="44043" machi="67" ten="40,3900,0" yaku="34,2" doraHai="29" who="1" fromWho="1" sc="201,-14,279,52,299,-14,211,-14" /><INIT seed="1,2,0,0,0,135" ten="187,331,285,197" oya="1" hai0="41,8,68,75,15,66,50,97,98,109,69,12,95" hai1="26,100,76,49,64,55,21,78,28,110,10,111,92" hai2="33,32,127,17,104,18,105,31,34,79,124,85,65" hai3="67,23,91,59,35,1,115,56,88,45,63,72,99"/><U81/><E64/><V42/><F31/><W84/><G35/><T131/><D75/><U6/><E92/><V62/><F42/><W116/><G1/><T126/><D109/><N who="1" m="41483" /><E100/><V20/><F79/><W51/><G72/><T121/><D66/><U43/><E43/><V61/><F85/><W9/><G9/><T122/><D8/><U24/><E24/><V53/><F53/><W39/><G39/><T107/><D41/><U25/><E25/><V123/><F65/><W7/><G7/><T134/><D95/><U48/><E81/><V40/><F40/><W13/><G99/><T3/><D107/><N who="2" m="41034" /><F123/><W14/><G115/><T4/><D4/><U11/><E49/><V52/><F52/><N who="3" m="31775" /><G45/><T44/><D44/><N who="1" m="28039" /><E11/><V128/><F128/><W90/><G116/><T5/><D5/><U93/><E93/><V117/><F117/><W38/><G38/><T46/><D46/><U108/><N who="1" m="41491" /><U102/><DORA hai="94" /><E102/><V119/><F119/><W73/><G73/><T58/><D50/><U0/><AGARI ba="2,0" hai="0,6,10,21,26,28,76,78" m="28039,41491" machi="0" ten="40,3900,0" yaku="14,1,10,1" doraHai="135,94" who="1" fromWho="1" sc="187,-15,331,45,285,-15,197,-15" /><INIT seed="1,3,0,5,4,46" ten="172,376,270,182" oya="1" hai0="92,108,3,17,85,59,84,74,15,14,122,36,123" hai1="47,125,4,58,18,119,91,110,23,9,11,57,25" hai2="134,13,121,114,29,48,49,95,76,8,45,73,56" hai3="71,21,70,39,116,117,78,109,2,106,42,27,103"/><U5/><E119/><N who="3" m="45642" /><G2/><T93/><D74/><U129/><E129/><V43/><F121/><N who="0" m="46090" /><D36/><U44/><E125/><V51/><F134/><W87/><G39/><T35/><D35/><U127/><E127/><V1/><F114/><W72/><G72/><T113/><D113/><U65/><E110/><V30/><F1/><W55/><G42/><T24/><D3/><U112/><E112/><V99/><F76/><W66/><G66/><T124/><D108/><U6/><E91/><N who="2" m="55807" /><F73/><W62/><G109/><T0/><D0/><U89/><E89/><V32/><F32/><W94/><G106/><T38/><D38/><U63/><E58/><V69/><F69/><W97/><G87/><N who="0" m="33355" /><D124/><U86/><E86/><V104/><F104/><W128/><G128/><T67/><D24/><U100/><E100/><V7/><F56/><N who="3" m="35103" /><G78/><T82/><D82/><U60/><E60/><V130/><F130/><W105/><G105/><T12/><D17/><AGARI ba="3,0" hai="17,21,27,70,71,94,97,103" m="35103,45642" machi="17" ten="30,1000,0" yaku="12,1" doraHai="46" who="3" fromWho="0" sc="172,-19,376,0,270,0,182,19" /><INIT seed="2,0,0,2,3,69" ten="153,376,270,201" oya="2" hai0="15,26,47,117,64,1,106,33,86,109,50,93,132" hai1="73,122,103,58,126,83,131,116,40,62,96,66,123" hai2="130,87,84,37,45,55,44,90,17,57,2,12,13" hai3="115,80,75,54,7,68,49,101,24,16,108,10,85"/><V98/><F2/><W99/><G75/><T9/><D106/><U118/><E73/><V51/><F130/><W72/><G72/><T67/><D1/><U112/><E131/><V61/><F13/><N who="3" m="7223" /><G68/><T81/><D132/><U39/><E83/><V110/><F110/><W114/><G108/><T5/><D109/><U8/><E8/><V28/><F28/><W65/><G65/><T105/><D105/><U22/><E22/><V129/><F129/><W29/><G7/><T42/><D117/><U125/><E103/><V91/><F98/><W60/><G60/><T124/><D124/><N who="1" m="47723" /><E96/><V71/><F71/><W38/><G99/><T79/><D93/><U120/><E112/><N who="3" m="43050" /><G101/><T3/><D3/><U48/><E48/><V111/><F111/><W20/><G54/><T104/><D104/><U32/><E32/><V25/><F87/><W102/><G49/><T78/><D78/><U53/><E53/><V0/><F51/><W134/><G102/><T113/><D113/><U52/><E66/><V100/><F100/><W94/><G94/><T92/><D92/><U14/><E14/><V6/><F12/><W23/><G23/><T95/><D95/><U36/><E40/><V41/><F84/><W59/><G59/><T135/><D135/><U127/><E127/><V43/><F0/><W82/><G82/><T63/><D63/><U70/><E70/><V128/><F128/><W34/><G134/><T133/><D133/><U27/><E27/><V18/><F25/><W89/><G34/><T35/><D35/><U21/><E21/><V30/><F61/><W74/><G74/><RYUUKYOKU ba="0,0" sc="153,10,376,10,270,-30,201,10" hai0="5,9,15,26,33,42,47,50,64,67,79,81,86" hai1="36,39,52,58,62,116,118,120,122,123" hai3="20,24,29,38,80,85,89" /><INIT seed="3,1,0,2,1,15" ten="163,386,240,211" oya="3" hai0="58,72,117,5,86,49,62,125,111,64,22,80,129" hai1="55,91,9,44,53,71,96,1,131,12,121,16,45" hai2="126,77,24,30,63,97,60,88,101,92,114,90,31" hai3="123,34,66,70,76,18,25,78,46,13,8,42,93"/><W105/><G105/><T47/><D72/><U19/><E71/><V83/><F114/><W2/><G123/><T112/><D117/><U102/><E1/><V67/><F126/><W54/><G54/><N who="1" m="20490" /><E121/><V85/><F63/><W120/><G120/><T20/><D112/><U116/><E116/><V87/><F24/><W56/><G70/><T134/><D125/><U27/><E131/><V124/><F124/><W75/><G2/><T65/><D129/><U108/><E108/><V122/><F122/><W51/><G75/><T109/><D134/><U110/><E110/><N who="0" m="41993" /><D5/><N who="1" m="3119" /><E102/><V133/><F133/><W23/><G34/><T100/><D100/><U74/><E74/><V73/><F73/><W40/><G40/><N who="0" m="24807" /><D65/><U36/><E36/><V29/><REACH who="2" step="1"/><F87/><REACH who="2" ten="163,386,230,211" step="2"/><W39/><G39/><T119/><D119/><U17/><E27/><V3/><F3/><W37/><G37/><T132/><D132/><U50/><E50/><V113/><F113/><W84/><G66/><T28/><D28/><U89/><E89/><AGARI ba="1,1" hai="20,22,58,62,64,80,86,89" m="24807,41993" machi="89" ten="30,1000,0" yaku="14,1" doraHai="15" who="0" fromWho="1" sc="163,23,386,-13,230,0,211,0" /><INIT seed="4,0,0,5,5,111" ten="186,373,230,211" oya="0" hai0="61,106,26,30,69,62,121,125,19,3,9,25,27" hai1="87,101,52,21,34,13,80,92,6,96,81,79,65" hai2="99,108,32,28,60,55,36,1,2,59,17,57,8" hai3="12,130,107,127,74,76,114,98,15,113,131,63,67"/><T39/><D121/><U68/><E68/><V117/><F108/><W48/><G76/><T43/><D125/><U78/><E65/><V42/><F117/><W124/><G74/><T66/><D106/><U93/><E34/><V38/><F28/><W89/><G48/><T72/><D62/><U84/><E6/><V14/><F32/><W10/><G107/><T56/><D72/><U88/><E21/><V95/><F42/><W115/><G98/><T70/><D30/><U20/><E20/><V22/><F59/><N who="3" m="37375" /><G89/><T122/><D122/><U100/><E52/><V132/><F132/><W94/><G94/><T83/><D83/><U134/><E13/><N who="3" m="5194" /><G10/><T71/><D19/><U16/><E16/><V123/><F123/><W54/><G54/><T109/><D109/><U11/><E11/><V37/><REACH who="2" step="1"/><F8/><REACH who="2" ten="186,373,220,211" step="2"/><W91/><G91/><AGARI ba="0,1" hai="1,2,14,17,22,36,37,38,55,57,60,91,95,99" machi="91" ten="40,2600,0" yaku="1,1,2,1,53,0" doraHai="111" doraHaiUra="47" who="2" fromWho="3" sc="186,0,373,0,220,36,211,-26" /><INIT seed="5,0,0,0,4,56" ten="186,373,256,185" oya="1" hai0="27,93,59,35,50,47,61,132,68,129,124,12,38" hai1="74,65,43,106,110,105,30,121,69,53,64,1,20" hai2="19,134,40,24,60,36,133,127,95,111,84,94,117" hai3="85,22,14,78,116,70,49,57,42,97,109,2,44"/><U89/><E74/><V83/><F111/><W39/><G70/><T130/><D124/><U96/><E1/><V123/><F123/><W128/><G2/><T120/><D120/><U21/><E121/><V7/><F7/><W113/><G109/><T16/><D132/><N who="2" m="50794" /><F117/><W63/><G113/><T13/><D68/><U101/><E110/><V72/><F72/><W88/><G97/><T26/><D38/><U25/><E43/><V125/><F40/><W90/><G116/><T9/><D93/><N who="2" m="35338" /><F60/><W100/><G100/><T118/><D118/><U80/><E105/><V71/><F36/><W54/><G128/><N who="0" m="49259" /><D35/><U77/><E89/><N who="2" m="51359" /><F71/><W91/><G78/><T41/><D13/><U131/><E53/><AGARI ba="0,0" hai="9,12,16,26,27,41,47,50,53,59,61" m="49259" machi="53" ten="30,3900,0" yaku="19,1,52,1,54,1" doraHai="56" who="0" fromWho="1" sc="186,39,373,-39,256,0,185,0" /><INIT seed="6,0,0,1,5,51" ten="225,334,256,185" oya="2" hai0="20,3,36,104,79,22,46,86,45,16,93,9,114" hai1="69,4,74,64,115,47,55,66,100,102,128,133,52" hai2="101,132,28,126,25,21,49,34,105,119,76,84,118" hai3="33,19,96,10,58,29,90,98,111,95,94,83,37"/><V35/><F126/><W70/><G70/><T130/><D104/><U48/><E74/><V11/><F132/><W71/><G71/><T108/><D108/><U110/><E133/><V99/><F11/><W123/><G37/><T106/><D106/><U63/><E110/><V92/><F49/><W131/><G111/><T43/><D130/><U77/><E77/><V17/><F35/><W120/><G131/><T82/><D114/><U30/><E128/><V87/><F87/><W85/><G29/><T73/><D46/><U32/><E32/><V39/><F39/><W54/><G33/><T116/><D116/><U80/><E30/><V129/><F129/><W134/><G134/><T13/><D3/><U127/><E80/><V56/><F56/><W135/><G135/><T15/><REACH who="0" step="1"/><D13/><REACH who="0" ten="215,334,256,185" step="2"/><U122/><E115/><V68/><F105/><W53/><G123/><T14/><D14/><U89/><E127/><V24/><F119/><W109/><G120/><T0/><D0/><U59/><E122/><V107/><F107/><W40/><G109/><T72/><D72/><U81/><E4/><V31/><F118/><W75/><G75/><T26/><D26/><U125/><E125/><V91/><F25/><W42/><G58/><T18/><D18/><U112/><E112/><V44/><F68/><W65/><G65/><N who="1" m="25194" /><E69/><V6/><F6/><W88/><G19/><T8/><D8/><U5/><E5/><V23/><F17/><W57/><G57/><T2/><D2/><U12/><E12/><V50/><F24/><W1/><G10/><T7/><D7/><U117/><E117/><RYUUKYOKU ba="0,1" sc="215,15,334,15,256,-15,185,-15" hai0="9,15,16,20,22,36,43,45,73,79,82,86,93" hai1="47,48,52,55,59,63,81,89,100,102" /><INIT seed="7,1,1,1,0,128" ten="230,349,241,170" oya="3" hai0="113,44,15,118,33,104,45,32,36,56,62,47,10" hai1="23,63,95,20,0,2,49,120,38,99,59,66,86" hai2="35,94,134,127,125,100,101,124,90,121,6,98,61" hai3="107,82,60,46,43,16,22,88,37,133,108,25,130"/><W116/><G107/><T126/><D118/><U50/><E38/><V24/><F121/><W84/><G116/><T91/><D36/><U83/><E0/><V1/><F134/><W68/><G130/><T71/><D71/><U17/><E2/><V111/><F111/><W31/><G108/><T123/><D104/><U55/><E120/><V29/><REACH who="2" step="1"/><F61/><REACH who="2" ten="230,349,231,170" step="2"/><W79/><G133/><T75/><D123/><U42/><E50/><V81/><F81/><W97/><G60/><T85/><D75/><U54/><E49/><V51/><F51/><W78/><G68/><T14/><D126/><U19/><E83/><V109/><F109/><W21/><REACH who="3" step="1"/><G97/><REACH who="3" ten="230,349,231,160" step="2"/><T28/><D62/><U115/><E99/><V110/><F110/><W13/><AGARI ba="1,3" hai="13,16,21,22,25,31,37,43,46,78,79,82,84,88" machi="13" ten="20,18000,2" yaku="1,1,2,1,0,1,7,1,54,2,53,0" doraHai="128" doraHaiUra="105" who="3" fromWho="3" sc="230,-61,349,-61,231,-61,160,213" owari="169,-33.0,288,9.0,170,-23.0,373,47.0" /></mjloggm>