<mjloggm ver="2.3"><GO type="41" lobby="0"/><UN n0="%61%6D%30%33" n1="%E2%93%9D%53%75%70%68%78" n2="%E5%8B%98%E5%86%B4%E3%81%88%E3%81%A6%E6%82%94%E3%81%97%E3%81%84%E3%82%8F" n3="%E3%81%91%E3%81%A0%E3%81%BE%E3%81%BE%E3%81%BE%E3%81%BE" dan="15,18,13,14" rate="2006.77,2066.55,1943.09,1888.22" sx="M,M,F,M"/><TAIKYOKU oya="0"/><INIT seed="0,0,0,1,3,89" ten="250,250,250,250" oya="0" hai0="115,129,22,9,93,41,30,0,97,128,132,77,84" hai1="95,53,49,50,4,63,18,3,12,29,51,27,23" hai2="74,114,113,121,79,71,13,98,94,124,78,38,122" hai3="87,19,96,83,36,67,105,54,37,15,16,133,111"/><T45/><D115/><N who="2" m="44042" /><F71/><W91/><G111/><T52/><D132/><U55/><E63/><V99/><F38/><W43/><G133/><T42/><D0/><U64/><E64/><V125/><F13/><W120/><G120/><N who="2" m="46185" /><F74/><W76/><G67/><T110/><D110/><U61/><E61/><V123/><N who="2" m="46193" /><V88/><DORA hai="69" /><F99/><W126/><G126/><AGARI ba="0,0" hai="78,79,88,94,98,124,125,126" m="46193,44042" machi="126" ten="50,8000,1" yaku="18,1,34,2,52,1,54,1" doraHai="89,69" who="2" fromWho="3" sc="250,0,250,0,250,80,250,-80" /><INIT seed="1,0,0,5,4,2" ten="250,250,330,170" oya="1" hai0="134,99,81,35,104,1,114,71,78,128,117,55,5" hai1="36,88,62,63,130,22,32,61,47,101,131,39,17" hai2="102,69,29,65,135,45,67,100,11,112,129,84,124" hai3="79,109,87,126,43,52,14,6,107,50,23,116,68"/><U113/><E32/><V110/><F112/><W0/><G0/><T90/><D114/><U31/><E113/><V85/><F110/><W7/><G107/><T57/><D71/><U105/><E31/><V93/><F135/><W72/><G72/><T89/><D35/><U27/><E101/><V97/><F129/><N who="1" m="49161" /><E105/><V34/><F124/><W3/><G3/><T21/><D117/><U30/><E30/><V48/><F69/><W58/><G68/><T82/><D128/><U96/><E47/><V133/><F133/><W13/><G126/><T54/><D134/><U74/><E74/><V46/><F34/><W73/><G73/><T64/><D21/><U132/><E132/><V123/><F29/><W66/><G116/><T26/><D26/><U15/><E27/><V25/><F25/><W95/><G109/><T44/><D104/><U12/><E12/><N who="3" m="4714" /><G23/><T92/><D44/><U83/><E96/><V103/><F46/><N who="3" m="25951" /><G66/><N who="2" m="25097" /><F123/><W94/><G94/><T127/><D127/><U38/><E38/><V91/><F11/><W120/><G120/><T40/><D40/><AGARI ba="0,0" hai="40,45,48,84,85,91,93,97,100,102,103" m="25097" machi="40" ten="30,1000,0" yaku="8,1" doraHai="2" who="2" fromWho="0" sc="250,-10,250,0,330,10,170,0" /><INIT seed="2,0,0,3,2,5" ten="240,250,340,170" oya="2" hai0="110,91,89,86,17,26,41,120,122,27,123,97,73" hai1="25,38,11,20,32,105,6,127,43,7,85,121,36" hai2="44,53,54,55,82,68,15,114,56,113,111,88,34" hai3="33,46,8,90,69,78,61,63,49,81,100,106,12"/><V77/><F68/><W70/><G33/><T119/><D73/><U31/><E105/><V95/><F34/><W124/><G124/><T76/><D110/><U57/><E7/><V118/><F118/><W39/><G39/><T66/><D119/><U135/><E135/><V125/><F125/><W75/><G90/><T4/><D41/><U59/><E121/><V23/><F111/><W30/><G30/><T65/><D4/><U104/><E104/><V19/><F44/><W84/><G75/><T22/><D76/><U9/><E32/><V0/><F0/><W71/><G100/><T28/><D97/><U40/><E6/><V92/><F92/><W108/><G106/><T116/><D116/><U102/><E102/><V16/><F19/><W47/><G108/><T133/><D133/><U3/><E3/><V1/><F1/><W14/><G14/><T24/><D24/><U132/><E132/><V29/><F29/><W117/><G117/><T115/><D115/><U130/><E130/><V21/><F21/><W74/><G74/><T80/><REACH who="0" step="1"/><D91/><REACH who="0" ten="230,250,340,170" step="2"/><U2/><E2/><V107/><F114/><W112/><G112/><T48/><D48/><U60/><E38/><V52/><F113/><W72/><G72/><T45/><D45/><U94/><E36/><V126/><F126/><W79/><G79/><T64/><D64/><N who="1" m="38927" /><E127/><V18/><F77/><W51/><G46/><T37/><D37/><U87/><E43/><V58/><N who="2" m="13312" /><DORA hai="62" /><V93/><F107/><W10/><G49/><T99/><D99/><U42/><E42/><V103/><F103/><W98/><G98/><RYUUKYOKU ba="0,1" sc="230,30,250,-10,340,-10,170,-10" hai0="17,22,26,27,28,65,66,80,86,89,120,122,123" /><INIT seed="3,1,1,1,2,10" ten="260,240,330,160" oya="3" hai0="75,110,129,79,51,107,47,135,53,46,37,34,29" hai1="28,86,62,19,97,87,5,36,76,112,4,14,57" hai2="12,91,61,117,39,123,127,41,31,132,11,125,44" hai3="128,106,124,74,72,134,20,42,50,52,8,92,30"/><W81/><G106/><T116/><D29/><U126/><E36/><V114/><F117/><W60/><G124/><N who="2" m="47689" /><F114/><W119/><G119/><T94/><D94/><U96/><E28/><V131/><F131/><W54/><G128/><T88/><D88/><U2/><E2/><V103/><F103/><W40/><G134/><T35/><D79/><U73/><E73/><V130/><F130/><W95/><G74/><T27/><D75/><U104/><E112/><V17/><F132/><W100/><G72/><T99/><D116/><U25/><E25/><V133/><F133/><W23/><G81/><T101/><D135/><U66/><E126/><V65/><F17/><W68/><G8/><T21/><D129/><U45/><E45/><V24/><F91/><W69/><G69/><T64/><D110/><U89/><E104/><V80/><F80/><W58/><G68/><T120/><D120/><U105/><E76/><V6/><F123/><W3/><G3/><T71/><D37/><U78/><E105/><V16/><F6/><N who="1" m="2665" /><E78/><V59/><F31/><W32/><G32/><T102/><D107/><U55/><E66/><V93/><F93/><N who="3" m="35915" /><G100/><T70/><D102/><U67/><E67/><V15/><F11/><W9/><G9/><T56/><D64/><U82/><E87/><V26/><F26/><N who="3" m="16711" /><G23/><AGARI ba="1,1" hai="14,19,23,55,57,62,82,86,89,96,97" m="2665" machi="23" ten="30,2000,0" yaku="8,1,52,1" doraHai="10" who="1" fromWho="3" sc="260,0,240,33,330,0,160,-23" /><AGARI ba="1,0" hai="12,15,16,23,24,39,41,44,59,61,65" m="47689" machi="23" ten="30,7700,0" yaku="18,1,52,2,54,1" doraHai="10" who="2" fromWho="3" sc="260,0,273,0,330,77,137,-77" /><INIT seed="4,0,0,2,0,14" ten="260,273,407,60" oya="0" hai0="33,10,83,55,38,132,16,61,2,82,43,86,19" hai1="130,53,65,96,18,88,128,7,79,89,32,87,49" hai2="42,15,97,4,75,111,77,9,105,115,116,68,80" hai3="22,45,56,21,90,98,60,35,127,114,133,125,119"/><T109/><D33/><U113/><E7/><V12/><F68/><W117/><G35/><T67/><D38/><U92/><E65/><V62/><F116/><W23/><G45/><T72/><D43/><U100/><E32/><V108/><F115/><W48/><G48/><T103/><D2/><U63/><E63/><V58/><F42/><W85/><G98/><T28/><D28/><U1/><E1/><V91/><F15/><W106/><G106/><T26/><D72/><U93/><E79/><V71/><F71/><W102/><G102/><T78/><D132/><U81/><E113/><V40/><F40/><W29/><G114/><T123/><D123/><U135/><E135/><V126/><F126/><N who="3" m="48139" /><G29/><T59/><D109/><U41/><E41/><V52/><REACH who="2" step="1"/><F91/><REACH who="2" ten="260,273,397,60" step="2"/><W69/><G69/><T74/><D103/><AGARI ba="0,1" hai="4,9,12,52,58,62,75,77,80,97,103,105,108,111" machi="103" ten="40,5200,0" yaku="1,1,2,1,54,1,53,0" doraHai="14" doraHaiUra="47" who="2" fromWho="0" sc="260,-52,273,0,397,62,60,0" /><INIT seed="5,0,0,5,2,37" ten="208,273,459,60" oya="1" hai0="125,49,0,90,35,36,58,70,84,80,12,50,82" hai1="77,2,65,89,72,34,13,32,94,19,29,97,56" hai2="23,95,18,73,47,61,93,79,81,107,4,88,40" hai3="86,30,33,38,118,103,83,66,76,102,85,64,63"/><U11/><E2/><V59/><F107/><W16/><G38/><T112/><D35/><U71/><E71/><V115/><F4/><W119/><G30/><T101/><D36/><U42/><E72/><V78/><F78/><W108/><G33/><T1/><D70/><U60/><E77/><V106/><F106/><W41/><G108/><T31/><D101/><U9/><E29/><V129/><F115/><W26/><G86/><T39/><D39/><U91/><E11/><V27/><F129/><W105/><G105/><T99/><D99/><U46/><REACH who="1" step="1"/><E91/><REACH who="1" ten="208,263,459,60" step="2"/><V123/><F88/><W55/><G118/><T74/><D31/><U24/><E24/><V104/><F123/><W113/><G119/><T124/><D0/><U15/><E15/><V28/><F28/><W134/><G113/><T67/><D1/><U17/><E17/><V5/><F5/><W8/><G134/><T133/><D112/><U68/><E68/><V3/><F3/><W132/><G132/><T48/><D133/><U120/><E120/><V45/><F18/><W43/><G26/><T131/><D12/><U57/><E57/><V20/><F59/><W128/><G128/><T52/><D131/><U96/><E96/><V126/><F27/><W62/><G16/><T92/><D74/><U121/><E121/><V110/><F79/><W130/><G8/><T111/><D111/><U117/><E117/><V69/><F110/><W135/><G135/><T21/><D21/><U6/><E6/><V25/><F25/><W75/><G130/><T114/><D114/><U7/><E7/><V44/><F23/><RYUUKYOKU ba="0,1" sc="208,-10,263,30,459,-10,60,-10" hai1="9,13,19,32,34,42,46,56,60,65,89,94,97" /><INIT seed="5,1,1,1,0,120" ten="198,293,449,50" oya="1" hai0="62,74,36,101,10,40,54,46,70,84,52,78,3" hai1="68,115,8,117,43,77,111,44,19,81,2,66,130" hai2="100,126,50,103,90,123,112,95,119,64,25,9,86" hai3="4,41,17,56,107,124,71,102,24,37,61,6,93"/><U128/><E117/><V26/><F123/><W21/><G107/><T16/><D101/><U76/><E115/><V55/><F112/><W30/><G71/><T14/><D74/><U80/><E66/><V125/><F119/><W97/><G124/><N who="2" m="47721" /><F64/><W94/><G94/><T63/><D70/><U127/><E127/><V72/><F72/><W69/><G69/><T7/><D78/><N who="1" m="30315" /><E68/><V20/><F9/><W99/><G99/><T122/><D122/><U38/><E19/><N who="2" m="12447" /><F26/><W89/><G37/><T42/><D84/><U82/><E8/><V65/><F65/><W22/><G41/><T92/><D92/><U59/><E2/><V67/><F67/><N who="3" m="39335" /><G89/><T135/><D42/><U15/><E15/><AGARI ba="1,1" hai="4,6,15,17,21,22,24,30,93,97,102" m="39335" machi="15" ten="30,2000,0" yaku="25,1,8,1" doraHai="120" who="3" fromWho="1" sc="198,0,293,-23,449,0,50,33" /><INIT seed="6,0,0,0,3,116" ten="198,270,449,83" oya="2" hai0="67,4,8,22,25,38,63,103,47,26,100,108,2" hai1="128,43,73,65,0,87,29,72,99,27,53,93,36" hai2="58,21,39,16,5,127,91,118,71,126,35,79,50" hai3="11,60,66,124,68,84,80,109,102,131,76,37,101"/><V115/><F71/><W7/><G37/><T83/><D108/><U122/><E0/><V82/><F39/><W46/><G109/><T9/><D9/><U129/><E87/><V135/><F35/><W70/><G124/><N who="2" m="47657" /><F118/><W17/><G70/><T13/><D25/><U106/><E53/><N who="2" m="32055" /><F135/><W78/><G78/><T119/><D119/><U14/><E43/><V86/><F5/><W110/><G110/><T89/><D2/><U111/><E111/><V120/><F115/><W32/><G32/><T10/><D10/><U49/><E36/><V12/><F91/><W1/><G131/><T114/><D114/><U48/><E129/><V52/><F52/><W96/><G46/><T132/><D132/><U20/><E128/><V44/><F44/><W30/><G30/><T62/><D47/><U45/><E45/><V88/><F88/><W23/><REACH who="3" step="1"/><G96/><REACH who="3" ten="198,270,449,73" step="2"/><T55/><D38/><U95/><E99/><V134/><F134/><W54/><G54/><T97/><D55/><U56/><E49/><V3/><F3/><W81/><G81/><T92/><D83/><U125/><E48/><V42/><F42/><W6/><G6/><T57/><D63/><U75/><E125/><V133/><F133/><W113/><G113/><T123/><D67/><U107/><E65/><V34/><F34/><W64/><G64/><T130/><D130/><U90/><E29/><V104/><F82/><W61/><G61/><T19/><D62/><U15/><E56/><V40/><F79/><W31/><G31/><T33/><D57/><U28/><E28/><V94/><F40/><W98/><G98/><RYUUKYOKU ba="0,1" sc="198,-10,270,-10,449,-10,73,30" hai3="1,7,11,17,23,60,66,68,76,80,84,101,102" /><INIT seed="7,1,1,4,3,79" ten="188,260,439,103" oya="3" hai0="4,129,124,0,120,14,76,97,19,83,28,12,67" hai1="72,109,52,30,9,85,60,102,11,77,26,3,5" hai2="17,40,47,8,115,13,22,46,44,89,55,69,33" hai3="117,36,57,116,75,114,39,107,48,111,112,27,37"/><W133/><G107/><T43/><D0/><U128/><E109/><V34/><F69/><W41/><G27/><T105/><D28/><U126/><E72/><V62/><F115/><N who="3" m="44075" /><G75/><T31/><D31/><U74/><E128/><V122/><F122/><W96/><G96/><T104/><D120/><U71/><E126/><V73/><F73/><W15/><G15/><T38/><D67/><U2/><E85/><V70/><F34/><W80/><G80/><T16/><D4/><U92/><E92/><V125/><F33/><W56/><G133/><T21/><D129/><U98/><E98/><V132/><F125/><W87/><G87/><T81/><D124/><U123/><E74/><V78/><F78/><W134/><G134/><T106/><D97/><U45/><E77/><V20/><F20/><W68/><G68/><T49/><D38/><U103/><E123/><V50/><F22/><W93/><G93/><T94/><D94/><U10/><E3/><V110/><F70/><W101/><G101/><T66/><D66/><U108/><E103/><V118/><F132/><W135/><G135/><T32/><D32/><U100/><E100/><V6/><F6/><W23/><G23/><T82/><D76/><U53/><E102/><V95/><F110/><W88/><G88/><T25/><D19/><U121/><E108/><V18/><F18/><W7/><G7/><T86/><D86/><U64/><E121/><V42/><F17/><W90/><G90/><T29/><D16/><U130/><E130/><V113/><F13/><W131/><G131/><T59/><D25/><U1/><E5/><RYUUKYOKU ba="1,1" sc="188,0,260,0,439,0,103,0" owari="188,-21.0,260,6.0,449,55.0,103,-40.0" /></mjloggm>