<mjloggm ver="2.3"><GO type="41" lobby="0"/><UN n0="%E7%8B%82%E7%A5%9E%E6%88%A6%E5%A3%AB%EF%BC%8E%E5%81%B2" n1="%E6%9D%BE%E5%AE%9F%E3%81%AE%E5%A6%B9" n2="%E2%93%9D%53%75%70%68%78" n3="%E5%A4%A9%E4%B8%8B%E7%84%A1%E5%8F%8C" dan="13,13,18,15" rate="1804.70,1878.12,2147.33,2063.54" sx="M,F,M,M"/><TAIKYOKU oya="0"/><INIT seed="0,0,0,0,5,122" ten="250,250,250,250" oya="0" hai0="72,57,78,17,53,108,44,59,101,61,19,85,58" hai1="42,60,41,30,56,64,105,99,80,46,113,4,12" hai2="111,117,14,37,25,22,49,134,94,26,62,129,114" hai3="135,24,91,70,100,21,89,20,107,102,11,33,51"/><T126/><D126/><U92/><E105/><V110/><F114/><W132/><G70/><T29/><D72/><U50/><E30/><V16/><F37/><W1/><G33/><T65/><D101/><U43/><E113/><V76/><F129/><W5/><G51/><N who="0" m="28903" /><D29/><U124/><E124/><V9/><F134/><N who="3" m="51243" /><G21/><T133/><D133/><U103/><REACH who="1" step="1"/><E80/><REACH who="1" ten="250,240,250,250" step="2"/><V98/><F117/><W67/><G107/><T97/><D108/><N who="2" m="41514" /><F76/><W112/><G112/><T8/><D97/><U69/><E69/><V48/><F62/><W128/><G128/><T45/><D45/><U93/><E93/><V87/><F87/><W81/><G81/><N who="0" m="47287" /><D8/><AGARI ba="0,1" hai="4,8,12,41,42,43,46,50,56,60,64,92,99,103" machi="8" ten="40,2600,0" yaku="1,1,8,1,53,0" doraHai="122" doraHaiUra="125" who="1" fromWho="0" sc="250,-26,240,36,250,0,250,0" /><INIT seed="1,0,0,2,5,31" ten="224,276,250,250" oya="1" hai0="68,35,103,7,53,106,13,44,96,30,25,64,11" hai1="45,65,82,54,116,109,62,119,74,123,27,58,55" hai2="98,21,34,14,125,24,16,112,92,135,81,19,131" hai3="107,132,77,15,104,37,42,20,5,70,9,36,26"/><U126/><E74/><V120/><F120/><W57/><G70/><T69/><D68/><U38/><E123/><V0/><F125/><W111/><G111/><T60/><D53/><U110/><E82/><V83/><F0/><W28/><G132/><T67/><D44/><U124/><E27/><V102/><F131/><W84/><G57/><T122/><D122/><U29/><E29/><V73/><F112/><W66/><G66/><AGARI ba="0,0" hai="7,11,13,25,30,35,60,64,66,67,69,96,103,106" machi="66" ten="40,5200,0" yaku="25,2,52,1" doraHai="31" who="0" fromWho="3" sc="224,52,276,0,250,0,250,-52" /><INIT seed="2,0,0,2,4,108" ten="276,276,250,198" oya="2" hai0="132,18,104,71,77,80,14,121,83,24,43,103,78" hai1="27,52,68,86,115,126,66,59,105,17,81,64,38" hai2="100,9,39,12,70,6,58,57,63,19,96,49,35" hai3="118,36,4,133,40,117,72,76,128,55,116,124,13"/><V8/><F39/><W73/><G128/><T20/><D71/><U10/><E105/><V11/><F35/><W44/><G133/><T74/><D132/><U60/><E126/><V75/><F75/><W79/><G124/><T32/><D121/><U15/><E38/><V31/><F31/><W112/><G55/><T129/><D129/><U91/><E27/><V119/><F119/><W0/><G13/><T120/><D120/><U99/><E99/><V98/><F70/><W50/><G50/><T23/><D32/><U111/><E111/><V5/><F49/><W48/><G48/><T65/><D65/><U53/><E115/><V88/><F100/><W3/><G112/><T28/><D43/><U107/><E107/><V113/><F113/><W41/><G41/><T7/><D103/><U93/><E93/><N who="2" m="56359" /><F98/><W45/><G45/><T62/><D104/><U25/><E68/><V101/><F101/><W87/><G87/><T2/><D62/><U67/><E25/><V26/><F26/><W135/><G4/><N who="2" m="1641" /><F58/><W106/><G106/><T130/><D130/><U33/><E33/><V46/><F46/><W92/><G135/><T42/><D42/><U16/><E53/><AGARI ba="0,0" hai="8,9,11,12,19,53,57,63" m="1641,56359" machi="53" ten="30,2900,0" yaku="8,1,54,1" doraHai="108" who="2" fromWho="1" sc="276,0,276,-29,250,29,198,0" /><INIT seed="2,1,0,5,2,120" ten="276,247,279,198" oya="2" hai0="115,109,113,106,95,135,73,66,57,94,121,69,24" hai1="72,42,27,20,10,64,7,34,44,29,21,112,32" hai2="9,86,133,83,131,36,49,46,87,108,77,58,25" hai3="22,38,126,90,88,55,1,50,47,100,60,19,14"/><V3/><F131/><W51/><G126/><T75/><D24/><U78/><E112/><V30/><F133/><W92/><G1/><T15/><D15/><U40/><E64/><V81/><F36/><W59/><G38/><T102/><D121/><U18/><E42/><V118/><F118/><W45/><G100/><T74/><D57/><U91/><E91/><V61/><F3/><W127/><G127/><T98/><D66/><U39/><E20/><V128/><F128/><W11/><G11/><T33/><D69/><U93/><E93/><N who="0" m="35337" /><D33/><U23/><E21/><V53/><F9/><W8/><G8/><T104/><D109/><U2/><REACH who="1" step="1"/><E29/><REACH who="1" ten="276,237,279,198" step="2"/><V4/><F30/><W110/><G110/><T31/><D135/><U111/><E111/><V52/><F108/><W89/><REACH who="3" step="1"/><G92/><REACH who="3" ten="276,237,279,188" step="2"/><N who="0" m="58695" /><D31/><U68/><E68/><V37/><F37/><W116/><G116/><T41/><D41/><U101/><E101/><V54/><F4/><W62/><G62/><T67/><D67/><U48/><E48/><AGARI ba="1,2" hai="14,19,22,45,47,48,50,51,55,59,60,88,89,90" machi="48" ten="40,5200,0" yaku="1,1,8,1,54,1,53,0" doraHai="120" doraHaiUra="103" who="3" fromWho="1" sc="276,0,237,-55,279,0,188,75" /><INIT seed="3,0,0,0,1,122" ten="276,182,279,263" oya="3" hai0="11,40,129,62,90,7,9,97,38,33,55,17,100" hai1="113,85,31,81,79,86,78,112,109,94,45,51,46" hai2="49,98,133,105,70,77,53,66,99,103,8,134,27" hai3="128,132,127,111,47,52,21,0,12,48,35,101,125"/><W118/><G118/><T88/><D33/><U131/><E31/><V63/><F77/><W23/><G35/><T32/><D32/><U34/><E34/><V58/><F27/><W92/><G0/><T36/><D40/><U114/><E131/><V87/><F87/><W83/><G132/><N who="2" m="50793" /><F99/><N who="3" m="59623" /><G83/><T123/><D123/><U74/><E46/><N who="2" m="27831" /><F8/><W95/><G95/><T30/><D30/><U50/><E45/><V107/><F107/><W16/><G128/><T39/><D17/><U104/><E50/><V1/><F1/><W37/><G23/><T22/><D22/><U6/><E6/><V54/><F54/><W121/><G37/><T69/><D129/><U10/><E10/><V84/><F84/><W106/><G106/><T18/><D18/><U67/><E67/><V124/><F124/><N who="3" m="47691" /><G121/><T5/><D55/><U59/><E104/><V75/><F75/><W108/><AGARI ba="0,0" hai="12,16,21,47,48,52,108,111" m="47691,59623" machi="108" ten="40,12000,1" yaku="18,1,52,2,54,2" doraHai="122" who="3" fromWho="3" sc="276,-40,182,-40,279,-40,263,120" /><INIT seed="3,1,0,5,0,9" ten="236,142,239,383" oya="3" hai0="3,28,18,94,43,96,113,105,133,114,21,31,65" hai1="97,0,59,93,58,10,42,83,57,73,107,49,101" hai2="99,68,46,102,47,2,122,126,14,6,4,19,69" hai3="66,44,37,38,71,95,20,86,26,32,70,75,90"/><W25/><G75/><T128/><D105/><U118/><E118/><V85/><F2/><W92/><G44/><T16/><D43/><U125/><E125/><V82/><F126/><W134/><G134/><T117/><D117/><U81/><E73/><V7/><F122/><W34/><G20/><T33/><D65/><U62/><E62/><V51/><F69/><W54/><G54/><T12/><D3/><U88/><E0/><V109/><F109/><W115/><G86/><T132/><D128/><U124/><E124/><V5/><F5/><W8/><G8/><T13/><D94/><U131/><E131/><V17/><F17/><W121/><G90/><T78/><D96/><U67/><E67/><V35/><F35/><W45/><G45/><T23/><D78/><U123/><E123/><V30/><F30/><W104/><G66/><T80/><D80/><U111/><E111/><V87/><F47/><W39/><G121/><T56/><D56/><U129/><E129/><V74/><F68/><N who="3" m="26155" /><G115/><T22/><D23/><U50/><E10/><N who="2" m="6615" /><F74/><W127/><G104/><T77/><D77/><U110/><E110/><V63/><F82/><W55/><G55/><T61/><REACH who="0" step="1"/><D61/><REACH who="0" ten="226,142,239,383" step="2"/><U91/><E42/><N who="2" m="25047" /><F63/><W100/><G127/><T116/><D116/><U108/><E108/><V64/><F64/><W52/><G95/><AGARI ba="1,1" hai="4,6,7,85,87,95,99,102" m="25047,6615" machi="95" ten="30,2000,0" yaku="8,1,52,1" doraHai="9" who="2" fromWho="3" sc="226,0,142,0,239,33,383,-23" /><INIT seed="4,0,0,4,0,122" ten="226,142,272,360" oya="0" hai0="54,3,79,28,26,34,41,58,117,119,87,96,4" hai1="27,56,77,123,129,53,48,86,98,18,68,46,47" hai2="120,12,113,69,126,121,88,57,112,116,81,93,97" hai3="92,134,29,72,36,95,61,80,124,37,128,9,111"/><T125/><D125/><U70/><E123/><N who="2" m="47179" /><F57/><W75/><G111/><T109/><D96/><U30/><E129/><V74/><F12/><W25/><G134/><T50/><D109/><U107/><E68/><V32/><F32/><W101/><G128/><T76/><D87/><U24/><E70/><V63/><F63/><W115/><G115/><N who="2" m="44105" /><F69/><W15/><G124/><T64/><D79/><U62/><E47/><V42/><F42/><W103/><G61/><T84/><D64/><U10/><E30/><V43/><F43/><W59/><G59/><T20/><D34/><U110/><E110/><V39/><F39/><W19/><G37/><T51/><D41/><U131/><E131/><V14/><F14/><W78/><G72/><T2/><D51/><U108/><E108/><V23/><F23/><W45/><G45/><T105/><D105/><U22/><E10/><V94/><F94/><W1/><G1/><T91/><D76/><U130/><E27/><V106/><F126/><W85/><G36/><T35/><D35/><U65/><E130/><V89/><F106/><W60/><G60/><T0/><REACH who="0" step="1"/><D4/><REACH who="0" ten="216,142,272,360" step="2"/><U132/><E107/><V5/><F5/><W73/><G78/><T31/><D31/><U16/><E18/><V104/><F104/><W7/><G19/><T71/><D71/><U135/><REACH who="1" step="1"/><E98/><REACH who="1" ten="216,132,272,360" step="2"/><V49/><F97/><W11/><G29/><T33/><D33/><U55/><E55/><V118/><F74/><W66/><G73/><T67/><D67/><U127/><E127/><V6/><F6/><W21/><G7/><T17/><D17/><U102/><E102/><RYUUKYOKU ba="0,2" sc="216,15,132,15,272,-15,360,-15" hai0="0,2,3,20,26,28,50,54,58,84,91,117,119" hai1="16,22,24,46,48,53,56,62,65,77,86,132,135" /><INIT seed="4,1,2,4,5,119" ten="231,147,257,345" oya="0" hai0="103,108,0,123,120,16,70,49,6,110,19,76,85" hai1="107,33,4,13,18,12,121,28,7,115,117,48,91" hai2="24,99,118,10,78,15,38,32,40,124,61,77,46" hai3="129,44,57,52,80,8,83,27,39,51,25,1,122"/><T73/><D70/><U36/><E36/><V100/><F124/><W92/><G129/><T62/><D73/><U109/><E107/><V72/><F118/><W2/><G122/><N who="0" m="46635" /><D62/><U98/><E109/><N who="0" m="42089" /><D103/><U14/><E121/><V90/><F90/><W82/><G92/><T75/><D49/><U128/><E117/><V125/><F61/><W97/><G97/><T79/><D75/><U41/><E128/><V102/><F102/><W113/><G113/><T87/><D6/><U60/><E60/><V105/><F125/><W34/><G39/><T94/><D0/><U81/><E28/><V114/><F72/><W45/><G1/><T96/><D96/><U47/><E33/><V37/><F37/><W101/><G34/><T29/><D29/><U3/><E3/><V135/><F99/><W9/><G101/><T69/><D69/><U112/><E18/><N who="0" m="6697" /><D94/><N who="1" m="56671" /><E81/><V54/><F100/><W58/><G2/><T88/><D87/><U20/><E20/><V35/><F35/><W31/><G31/><T93/><AGARI ba="1,2" hai="76,79,85,88,93" m="6697,42089,46635" machi="93" ten="40,18000,2" yaku="10,1,52,3,54,2" doraHai="119" who="0" fromWho="0" sc="231,203,147,-61,257,-61,345,-61" /><INIT seed="4,2,0,1,4,62" ten="434,86,196,284" oya="0" hai0="47,26,105,135,30,116,125,61,95,134,27,13,119" hai1="114,77,98,75,92,93,97,100,36,18,74,128,35" hai2="104,130,9,89,87,21,15,24,107,58,46,65,4" hai3="8,78,117,16,51,133,52,12,88,29,34,31,1"/><T41/><D105/><U83/><E36/><V2/><F130/><W54/><G117/><T94/><D125/><U73/><E35/><V84/><F2/><W76/><G133/><N who="0" m="50699" /><D61/><U6/><E6/><V90/><F46/><N who="3" m="27767" /><G1/><T43/><D13/><U108/><E18/><V32/><F32/><W112/><G112/><T23/><D27/><U59/><E59/><V123/><F123/><W66/><G34/><T81/><D81/><U0/><E0/><V28/><F107/><W101/><G101/><T33/><D23/><U20/><E20/><V48/><F104/><W91/><G54/><T63/><D63/><U38/><E38/><V69/><F24/><W25/><G25/><T106/><D106/><N who="1" m="63759" /><E108/><V57/><F21/><W85/><G66/><T7/><D7/><U110/><E110/><V55/><F65/><W124/><G124/><T86/><D86/><N who="1" m="48495" /><E128/><V132/><F132/><W40/><G40/><N who="0" m="15435" /><D47/><U120/><E120/><V102/><F4/><W115/><G115/><T53/><D53/><U45/><E45/><V126/><F55/><W22/><G22/><T39/><D39/><U103/><E114/><V60/><F126/><W79/><G91/><T121/><D121/><U127/><E127/><V14/><F90/><W68/><G68/><T80/><D80/><AGARI ba="2,0" hai="8,12,16,29,31,76,78,79,80,85,88" m="27767" machi="80" ten="30,8000,1" yaku="25,1,8,1,54,3" doraHai="62" who="3" fromWho="0" sc="434,-86,86,0,196,0,284,86" /><INIT seed="5,0,0,1,4,119" ten="348,86,196,370" oya="1" hai0="40,110,42,74,73,128,10,87,45,24,27,56,70" hai1="67,117,23,94,20,25,130,107,43,126,5,37,9" hai2="85,125,71,29,50,17,65,19,35,68,60,44,46" hai3="129,41,81,79,105,97,124,72,2,91,21,69,75"/><U100/><E117/><V61/><F125/><W90/><G69/><T131/><D70/><U99/><E67/><V104/><F104/><W86/><G2/><T82/><D56/><U77/><E77/><V8/><F35/><W114/><G21/><T12/><D110/><U98/><E126/><V127/><F127/><W15/><G15/><T52/><D52/><U106/><E130/><N who="0" m="49705" /><D42/><U59/><E59/><V0/><F29/><W64/><G64/><T1/><D1/><U51/><E37/><V123/><F85/><N who="3" m="48319" /><G41/><T135/><D135/><U132/><E132/><V33/><F33/><W112/><G124/><T101/><D101/><U18/><E23/><V36/><F36/><W3/><G3/><T95/><D95/><U111/><E111/><V103/><F65/><W89/><G129/><T115/><D115/><N who="3" m="44073" /><G86/><T54/><D54/><U32/><E32/><V7/><F0/><W28/><G28/><T121/><D45/><U22/><E22/><V113/><F46/><W108/><G108/><T102/><D40/><U66/><E66/><V48/><F44/><W58/><G58/><T109/><D109/><U55/><E43/><V118/><F113/><W116/><G116/><T53/><D27/><U78/><E78/><V31/><F118/><W38/><G38/><T134/><D24/><U92/><E106/><V80/><F71/><W6/><G6/><T120/><D134/><U88/><E107/><V30/><F68/><W93/><G105/><T133/><D53/><U16/><E25/><V63/><F7/><W47/><G47/><T62/><D133/><U34/><E34/><RYUUKYOKU ba="0,0" sc="348,-10,86,-10,196,-10,370,30" hai3="72,75,89,90,91,93,97" /><INIT seed="6,1,0,3,2,68" ten="338,76,186,400" oya="2" hai0="25,84,62,131,40,104,90,112,45,7,22,65,48" hai1="76,83,46,123,15,133,8,61,125,60,52,20,117" hai2="94,82,135,98,16,38,49,53,10,128,67,93,134" hai3="109,21,132,35,122,59,57,121,3,118,14,51,26"/><V47/><F128/><W1/><G109/><T63/><D112/><U115/><E117/><V107/><F67/><W27/><G118/><T6/><D104/><U2/><E115/><V96/><F82/><W66/><G132/><N who="2" m="50729" /><F107/><W77/><G77/><T58/><D63/><U114/><E114/><V9/><F38/><W79/><G79/><T43/><D43/><U70/><E133/><V108/><F108/><W30/><G14/><T95/><REACH who="0" step="1"/><D131/><REACH who="0" ten="328,76,186,400" step="2"/><U28/><E125/><V99/><F10/><W119/><G119/><T72/><D72/><U75/><E123/><V89/><F94/><W41/><G121/><T87/><D87/><U81/><E70/><V88/><F93/><W101/><G41/><T80/><D80/><U74/><E81/><V33/><F33/><W29/><G122/><T97/><D97/><U85/><E74/><V103/><F103/><W11/><G35/><T64/><D64/><U36/><E75/><V32/><F32/><W91/><G66/><T12/><D12/><AGARI ba="1,1" hai="9,12,16,47,49,53,88,89,96,98,99" m="50729" machi="12" ten="30,5800,0" yaku="20,1,54,2" doraHai="68" who="2" fromWho="0" sc="328,-61,76,0,186,71,400,0" /><INIT seed="6,2,0,1,5,111" ten="267,76,257,400" oya="2" hai0="48,74,83,82,53,12,7,21,1,3,123,73,33" hai1="130,93,68,63,129,70,6,131,10,117,60,61,56" hai2="14,75,40,51,24,50,90,62,109,15,72,106,4" hai3="112,47,87,127,126,27,44,134,92,133,46,42,54"/><V77/><F106/><W43/><G27/><T22/><D33/><U66/><E93/><V2/><F2/><W76/><G112/><T69/><D7/><U113/><E10/><V64/><F109/><W105/><G105/><T88/><D69/><U108/><E6/><V38/><F38/><W103/><G103/><T86/><D123/><U39/><E108/><V65/><F4/><W107/><G107/><T31/><D74/><U97/><E97/><V26/><F62/><W125/><G92/><T13/><D73/><U67/><E39/><V28/><F40/><N who="3" m="15403" /><G54/><T98/><D98/><U19/><E19/><V128/><F28/><W118/><G118/><T0/><D83/><AGARI ba="2,0" hai="44,46,47,76,83,87,125,126,127,133,134" m="15403" machi="83" ten="40,1300,0" yaku="18,1" doraHai="111" who="3" fromWho="0" sc="267,-19,76,0,257,0,400,19" /><INIT seed="7,0,0,5,5,46" ten="248,76,257,419" oya="3" hai0="101,89,111,3,123,14,81,82,42,33,95,110,37" hai1="73,64,40,59,86,125,90,72,78,41,2,19,128" hai2="11,76,24,130,7,99,15,91,60,53,28,65,32" hai3="69,124,80,1,31,93,35,21,27,122,43,51,22"/><W103/><G122/><T94/><D123/><U4/><E125/><V83/><F130/><W12/><G69/><T119/><D33/><U30/><E128/><V85/><F99/><W25/><G1/><T44/><D3/><U131/><E131/><V8/><F8/><W34/><G80/><T49/><D119/><U133/><E133/><V20/><F32/><W108/><G12/><T54/><D95/><U38/><E38/><V13/><F13/><W48/><G108/><T121/><D121/><U120/><E120/><V116/><F116/><W132/><G43/><T39/><D39/><U62/><E2/><V61/><F65/><W52/><G51/><T68/><D68/><U55/><E4/><V63/><F91/><W75/><G75/><T97/><D14/><U100/><E100/><V109/><F109/><W74/><G74/><T98/><D110/><U79/><E72/><V112/><F112/><W104/><G104/><T129/><D111/><U118/><E73/><V88/><F76/><W127/><G132/><T84/><D98/><U67/><E67/><V114/><F114/><W102/><G93/><T45/><D129/><U134/><E134/><V77/><F77/><W9/><G9/><T26/><D26/><U6/><E6/><V71/><F71/><W70/><G70/><T117/><D117/><U106/><E106/><V47/><F63/><W23/><G124/><T66/><D66/><U56/><E118/><V29/><F29/><W126/><G31/><T87/><D87/><U10/><E30/><V115/><F115/><W96/><G127/><T17/><D17/><RYUUKYOKU ba="0,0" sc="248,15,76,-15,257,15,419,-15" hai0="37,42,44,45,49,54,81,82,84,89,94,97,101" hai2="7,11,15,20,24,28,47,53,60,61,83,85,88" owari="263,-14.0,61,-44.0,272,7.0,404,51.0" /></mjloggm>