<mjloggm ver="2.3"><GO type="41" lobby="0"/><UN n0="%E3%83%9B%E3%83%83%E3%83%97%E3%82%B9%E3%83%86%E3%83%83%E3%83%97" n1="%E3%82%8C%E3%81%8A%E3%81%97%E3%82%87%E3%81%86" n2="%53%69%65%72%72%61" n3="%E2%93%9D%53%75%70%68%78" dan="14,13,14,17" rate="1839.90,1852.41,1989.92,2071.74" sx="M,M,M,M"/><TAIKYOKU oya="0"/><INIT seed="0,0,0,5,1,17" ten="250,250,250,250" oya="0" hai0="118,27,49,12,25,100,117,70,66,101,4,60,16" hai1="92,89,64,36,3,39,78,18,14,97,29,28,54" hai2="116,129,125,48,26,106,120,132,38,41,90,11,15" hai3="71,2,57,96,131,87,110,72,93,123,59,122,19"/><T43/><D4/><U84/><E3/><V63/><F106/><W112/><G112/><T83/><D118/><U44/><E64/><V107/><F107/><W5/><G72/><T58/><D117/><U30/><E54/><V34/><F38/><W99/><G110/><T80/><D70/><U102/><E78/><V73/><F73/><W33/><G33/><T127/><D127/><U104/><REACH who="1" step="1"/><E44/><REACH who="1" ten="250,240,250,250" step="2"/><V47/><F47/><W9/><G2/><T81/><D43/><U13/><E13/><V75/><F15/><W6/><G123/><T8/><D49/><U35/><E35/><V103/><F34/><W55/><G55/><T121/><D121/><U23/><AGARI ba="0,1" hai="14,18,23,28,29,30,36,39,84,89,92,97,102,104" machi="23" ten="30,4000,0" yaku="1,1,0,1,52,1,53,0" doraHai="17" doraHaiUra="52" who="1" fromWho="1" sc="250,-20,240,50,250,-10,250,-10" /><INIT seed="1,0,0,0,3,77" ten="230,290,240,240" oya="1" hai0="53,122,5,13,71,19,47,87,82,25,80,55,106" hai1="63,10,29,118,97,4,51,44,125,105,2,68,34" hai2="60,104,27,40,109,123,120,64,45,23,65,124,24" hai3="127,46,75,0,100,110,30,121,50,103,86,43,108"/><U84/><E118/><V22/><F109/><N who="3" m="42091" /><G75/><T128/><D71/><U94/><E125/><V91/><F124/><W31/><G0/><T52/><D106/><U26/><E105/><V20/><F104/><W90/><G121/><T37/><D122/><U62/><E68/><V21/><F91/><W35/><G127/><T126/><D126/><U59/><E59/><V117/><F117/><W58/><G58/><T15/><D128/><U54/><E84/><V114/><F114/><W111/><N who="3" m="42099" /><W66/><DORA hai="74" /><G66/><T32/><D32/><U92/><E92/><V42/><F64/><W95/><G35/><T17/><D87/><U49/><E51/><V89/><F89/><AGARI ba="0,0" hai="2,4,10,26,29,34,44,49,54,62,63,89,94,97" machi="89" ten="30,1500,0" yaku="7,1" doraHai="77,74" who="1" fromWho="2" sc="230,0,290,15,240,-15,240,0" /><INIT seed="1,1,0,1,3,56" ten="230,305,225,240" oya="1" hai0="77,63,89,132,41,79,55,59,29,107,3,51,126" hai1="39,11,123,47,13,1,64,45,117,2,30,85,42" hai2="69,122,22,70,43,127,88,114,80,95,74,32,17" hai3="12,105,27,92,91,109,38,133,99,23,49,24,18"/><U31/><E117/><V87/><F122/><W53/><G109/><T19/><D107/><U129/><E123/><V66/><F32/><W111/><G111/><T40/><D3/><U102/><E129/><V33/><F33/><W76/><G38/><T94/><D126/><U37/><E102/><V34/><F34/><W15/><G133/><T61/><D132/><U0/><E85/><V131/><F131/><W16/><G76/><N who="0" m="29259" /><D29/><U10/><E10/><V5/><F5/><W134/><G105/><T54/><D19/><U4/><E64/><V71/><F74/><W113/><G113/><T78/><N who="0" m="29267" /><T62/><DORA hai="72" /><D55/><U25/><E25/><V135/><F43/><AGARI ba="1,0" hai="0,1,2,4,11,13,30,31,37,39,42,43,45,47" machi="43" ten="40,2000,0" yaku="9,1" doraHai="56,72" who="1" fromWho="2" sc="230,0,305,23,225,-23,240,0" /><INIT seed="1,2,0,0,5,72" ten="230,328,202,240" oya="1" hai0="114,118,69,55,77,66,103,108,40,23,37,130,5" hai1="54,39,58,33,76,100,133,44,8,50,2,134,85" hai2="0,83,38,105,60,11,106,73,112,92,18,59,49" hai3="30,109,116,24,82,104,117,135,128,87,3,46,96"/><U81/><E33/><V89/><F38/><W111/><G3/><T93/><D114/><U124/><E124/><V53/><F112/><W65/><G65/><T4/><D118/><N who="3" m="45673" /><G46/><T75/><D75/><U41/><E100/><V14/><F0/><W56/><G56/><T127/><D127/><U71/><E71/><V91/><F60/><W94/><G24/><T62/><D130/><U25/><E25/><V101/><F101/><N who="3" m="62503" /><G30/><T57/><D108/><N who="3" m="41545" /><G135/><T97/><D37/><U52/><E54/><V129/><F129/><W6/><G6/><T88/><D40/><U125/><E125/><V74/><F74/><W98/><G128/><T99/><D23/><U63/><E39/><V61/><F61/><W126/><G126/><T47/><D5/><U102/><E2/><V79/><F89/><N who="3" m="55631" /><G87/><AGARI ba="2,0" hai="11,14,18,49,53,59,73,79,83,87,91,92,105,106" machi="87" ten="30,2000,0" yaku="7,1,52,1" doraHai="72" who="2" fromWho="3" sc="230,0,328,0,202,26,240,-26" /><INIT seed="2,0,0,3,5,104" ten="230,328,228,214" oya="2" hai0="135,9,14,41,97,82,123,0,29,37,30,85,86" hai1="12,69,115,60,102,39,126,50,65,124,51,11,46" hai2="71,120,36,130,90,84,74,132,112,4,95,63,28" hai3="57,79,89,109,58,8,47,52,75,31,107,1,23"/><V80/><F112/><W96/><G109/><T105/><D123/><U44/><E115/><V99/><F120/><W35/><G35/><T62/><D0/><U113/><E113/><V6/><F36/><W17/><G31/><T101/><D135/><U110/><E102/><V19/><F130/><W26/><G107/><T16/><D86/><U66/><E110/><V73/><F28/><W118/><G118/><T48/><D37/><U76/><E76/><V49/><F132/><W131/><G131/><T127/><D127/><U128/><E128/><V92/><F92/><W32/><G32/><T81/><D81/><U40/><E11/><V125/><F125/><N who="1" m="48233" /><E12/><V72/><F49/><W3/><G8/><T53/><D41/><N who="1" m="24847" /><E66/><V117/><F117/><W15/><G15/><T134/><D62/><U114/><E114/><V94/><F94/><W13/><G13/><T129/><D129/><U133/><E133/><V78/><REACH who="2" step="1"/><F19/><REACH who="2" ten="230,328,218,214" step="2"/><W77/><G17/><T111/><D134/><U27/><E39/><V20/><F20/><W64/><G23/><T98/><D111/><U122/><E122/><V88/><F88/><W119/><G89/><T7/><D7/><U116/><E116/><V61/><F61/><W42/><G119/><T83/><D83/><U67/><E60/><V106/><F106/><W38/><G38/><T100/><D100/><U33/><E51/><V2/><F2/><W103/><G3/><T91/><D98/><U25/><E33/><V21/><F21/><W18/><G96/><T43/><D43/><U70/><E40/><V54/><F54/><W93/><G42/><RYUUKYOKU ba="0,1" sc="230,15,328,-15,218,15,214,-15" hai0="9,14,16,29,30,48,53,82,85,91,97,101,105" hai2="4,6,63,71,72,73,74,78,80,84,90,95,99" /><INIT seed="2,1,1,4,0,126" ten="245,313,233,199" oya="2" hai0="73,122,2,133,85,99,9,51,22,34,120,68,12" hai1="135,48,58,98,105,92,15,103,61,90,57,56,84" hai2="8,6,17,128,134,86,130,82,60,79,131,75,4" hai3="20,74,104,32,69,129,96,23,95,83,101,117,107"/><V118/><F118/><W26/><G117/><T63/><D34/><U5/><E135/><V127/><F127/><W19/><G69/><T59/><D73/><U65/><E48/><V64/><F134/><W97/><G32/><T88/><D133/><U91/><E91/><V132/><F132/><W46/><G46/><T45/><D68/><U109/><E109/><V27/><F75/><W76/><G129/><T123/><D2/><U54/><E65/><V94/><F94/><W125/><G125/><T37/><D37/><U72/><E72/><V70/><F27/><W106/><REACH who="3" step="1"/><G23/><REACH who="3" ten="245,313,233,189" step="2"/><T31/><D22/><U93/><E105/><V41/><F41/><W115/><G115/><T102/><D122/><U1/><E1/><V14/><AGARI ba="1,2" hai="4,6,8,14,17,60,64,70,79,82,86,128,130,131" machi="14" ten="40,12000,1" yaku="0,1,19,1,52,3" doraHai="126" who="2" fromWho="2" sc="245,-41,313,-41,233,143,189,-41" /><INIT seed="2,2,0,3,2,117" ten="204,272,376,148" oya="2" hai0="1,81,3,118,121,113,69,63,24,109,82,32,120" hai1="97,71,103,0,95,133,9,119,55,60,44,51,111" hai2="12,72,128,85,25,58,39,30,45,106,43,23,115" hai3="27,86,123,34,105,80,124,108,88,127,110,93,100"/><V53/><F72/><W17/><G17/><T114/><D69/><U29/><E119/><V92/><F128/><W74/><G27/><T134/><D63/><U49/><E133/><V31/><F115/><N who="0" m="44042" /><D82/><U41/><E111/><N who="3" m="42538" /><G34/><T67/><D81/><U28/><E71/><V98/><F12/><W132/><G132/><T16/><D67/><U2/><E60/><V94/><F31/><W26/><G26/><T89/><D89/><U78/><E78/><V35/><F35/><W33/><G33/><T70/><D70/><U22/><E9/><V135/><F135/><W101/><G123/><N who="0" m="47179" /><D134/><U56/><E22/><V102/><F85/><W52/><G52/><T66/><D66/><U68/><REACH who="1" step="1"/><E68/><REACH who="1" ten="204,262,376,148" step="2"/><V87/><F87/><W38/><G74/><T19/><D118/><U20/><E20/><V61/><AGARI ba="2,1" hai="23,25,30,39,43,45,53,58,61,92,94,98,102,106" machi="61" ten="20,2100,0" yaku="0,1,7,1" doraHai="117" who="2" fromWho="2" sc="204,-9,262,-9,376,37,148,-9" /><INIT seed="2,3,0,1,4,32" ten="195,253,413,139" oya="2" hai0="59,76,121,15,75,83,56,45,51,17,29,52,132" hai1="43,90,42,36,115,85,88,94,66,39,78,6,80" hai2="77,69,122,71,95,5,46,33,11,81,109,110,67" hai3="99,10,98,104,89,125,114,82,79,35,47,124,119"/><V7/><F122/><W57/><G35/><T135/><D121/><U9/><E115/><V123/><F123/><W113/><G57/><T129/><D29/><U24/><E66/><V62/><F33/><W37/><G10/><T44/><D59/><U72/><E90/><V54/><F95/><N who="3" m="56687" /><G47/><T86/><D75/><U117/><E117/><V118/><F118/><W20/><G20/><T84/><D86/><U87/><E72/><V41/><F54/><W30/><G30/><T97/><D97/><U50/><E42/><V48/><F69/><W60/><G37/><T40/><D129/><U108/><E108/><N who="2" m="41579" /><F11/><W61/><G61/><T26/><D26/><U38/><E24/><V106/><F106/><W31/><G60/><T133/><REACH who="0" step="1"/><D40/><REACH who="0" ten="185,253,413,139" step="2"/><U2/><REACH who="1" step="1"/><E38/><REACH who="1" ten="185,243,413,139" step="2"/><V58/><F71/><W14/><G119/><T27/><D27/><U1/><E1/><V112/><F112/><W18/><G114/><T34/><D34/><U105/><E105/><V111/><F111/><W64/><G104/><T134/><N who="0" m="33792" /><DORA hai="28" /><T120/><D120/><U13/><E13/><V63/><F41/><W103/><G14/><T74/><D74/><U68/><E68/><V130/><F130/><W22/><G113/><T25/><D25/><U128/><E128/><V73/><F73/><W19/><G31/><T100/><D100/><U107/><E107/><V21/><F67/><W16/><G64/><T3/><D3/><U91/><E91/><V101/><F101/><W126/><G103/><T92/><D92/><U8/><E8/><AGARI ba="3,2" hai="8,15,17,44,45,51,52,56,76,83,84" m="33792" machi="8" ten="70,8000,1" yaku="1,1,20,1,54,1,53,0" doraHai="32,28" doraHaiUra="70,93" who="0" fromWho="1" sc="185,109,243,-89,413,0,139,0" /><INIT seed="3,0,0,1,0,65" ten="294,154,413,139" oya="3" hai0="120,46,126,49,82,84,102,116,30,123,81,31,2" hai1="14,121,128,112,59,86,48,77,109,47,15,61,105" hai2="36,73,79,13,91,113,115,63,60,114,25,111,97" hai3="89,66,52,42,117,85,127,124,53,101,131,7,18"/><W104/><G117/><T83/><D116/><U54/><E121/><V0/><F0/><W33/><G33/><T75/><D2/><U76/><E105/><V134/><F36/><W107/><G7/><T21/><D75/><U43/><E112/><V93/><F111/><W122/><G42/><T108/><D108/><U135/><E109/><V44/><F134/><W10/><G66/><T90/><D126/><N who="3" m="48169" /><G131/><T125/><D125/><U55/><E135/><V64/><F44/><W71/><G122/><T106/><D123/><U28/><E128/><V78/><F73/><W99/><G107/><T19/><D120/><U132/><E132/><V3/><F3/><W100/><G100/><T5/><D5/><U38/><E28/><N who="0" m="10793" /><D102/><U72/><E72/><V6/><F25/><W22/><G10/><T16/><D106/><U69/><E76/><V70/><F63/><W103/><G103/><T92/><D21/><U9/><E9/><V24/><F24/><N who="3" m="14423" /><G71/><T51/><D51/><U45/><E69/><V57/><F70/><W37/><G37/><T129/><D129/><U34/><E34/><V118/><F118/><W40/><G40/><AGARI ba="0,0" hai="16,19,40,46,49,81,82,83,84,90,92" m="10793" machi="40" ten="30,2000,0" yaku="8,1,54,1" doraHai="65" who="0" fromWho="3" sc="294,20,154,0,413,0,139,-20" /><INIT seed="4,0,0,5,4,78" ten="314,154,413,119" oya="0" hai0="80,4,18,59,86,93,60,62,26,1,132,118,97" hai1="48,17,54,110,61,3,69,85,84,75,46,98,44" hai2="100,31,12,57,0,25,43,111,65,70,92,109,123" hai3="120,52,58,128,112,125,133,81,115,32,42,38,116"/><T29/><D118/><U8/><E110/><V7/><F123/><W67/><G32/><T95/><D132/><U45/><E75/><V107/><F107/><W99/><G116/><T24/><D1/><U77/><E98/><V130/><F0/><W5/><G5/><T10/><D4/><U119/><E119/><V72/><F72/><W27/><G27/><T96/><D10/><U16/><E3/><V121/><F43/><W87/><G67/><T108/><D108/><U76/><E69/><V15/><F70/><W63/><G128/><T36/><D36/><U22/><E61/><V74/><F74/><W105/><G125/><T56/><D18/><U114/><E114/><N who="3" m="43562" /><G133/><T37/><D37/><U64/><E64/><V66/><F7/><W41/><G38/><T127/><D127/><U21/><E8/><V126/><F126/><W102/><G120/><T134/><D134/><U53/><E46/><V91/><F65/><W14/><G14/><T50/><D50/><AGARI ba="0,0" hai="16,17,21,22,44,45,48,50,53,54,76,77,84,85" machi="50" ten="25,6400,0" yaku="22,2,8,1,54,1" doraHai="78" who="1" fromWho="0" sc="314,-64,154,64,413,0,119,0" /><INIT seed="5,0,0,5,1,6" ten="250,218,413,119" oya="1" hai0="125,15,130,115,43,9,95,5,30,12,67,119,110" hai1="17,45,94,107,55,7,96,10,42,129,50,108,40" hai2="11,47,112,123,75,65,105,54,64,34,44,128,82" hai3="78,49,24,97,114,127,104,77,109,48,106,84,131"/><U89/><E107/><V1/><F34/><W69/><G69/><T35/><D119/><U124/><E124/><V57/><F128/><W58/><G127/><T90/><D125/><U79/><E129/><V36/><F123/><W73/><G131/><T80/><D130/><U122/><E122/><V28/><F28/><W102/><G58/><T111/><D115/><U26/><E108/><V91/><F105/><W32/><G24/><T31/><D80/><U133/><E133/><V52/><F54/><W0/><G0/><T118/><D118/><U121/><E121/><V63/><F91/><W38/><G38/><T66/><D43/><U126/><E126/><V71/><F112/><W81/><G32/><T37/><D37/><U33/><E33/><V41/><F47/><W116/><G114/><T103/><D103/><U56/><E45/><V3/><F3/><W83/><G116/><T13/><D35/><U39/><E39/><V74/><F82/><W25/><G25/><T8/><D5/><U85/><E17/><V87/><F87/><W59/><G109/><T60/><D60/><U86/><E26/><V2/><F2/><W23/><G106/><T99/><D111/><U98/><E85/><V16/><F65/><N who="0" m="24586" /><D110/><U76/><E76/><V68/><F68/><W20/><REACH who="3" step="1"/><G59/><REACH who="3" ten="250,218,413,109" step="2"/><T27/><D27/><U120/><E120/><V18/><F1/><W62/><G62/><T19/><D19/><U134/><E56/><V22/><F22/><AGARI ba="0,1" hai="20,22,23,48,49,73,77,78,81,83,84,97,102,104" machi="22" ten="40,2600,0" yaku="1,1,53,1" doraHai="6" doraHaiUra="92" who="3" fromWho="2" sc="250,0,218,0,413,-26,109,36" /><INIT seed="6,0,0,2,4,81" ten="250,218,387,145" oya="2" hai0="7,46,133,63,68,92,67,19,73,86,93,48,77" hai1="10,24,116,0,119,40,71,134,96,100,41,59,111" hai2="76,95,135,62,115,130,56,13,64,25,82,9,107" hai3="57,42,104,126,49,102,88,54,80,101,2,98,32"/><V94/><F107/><W117/><G117/><T34/><D73/><U87/><E111/><V26/><F115/><W120/><G120/><T69/><D133/><U110/><E110/><V4/><F135/><W118/><G118/><T39/><D69/><U129/><E134/><V43/><F43/><W85/><G126/><T58/><D34/><U35/><E129/><V36/><F36/><W90/><G2/><T60/><D7/><U33/><E33/><V112/><F112/><W105/><G32/><T114/><D114/><U65/><E116/><V106/><F106/><W127/><G127/><T6/><D6/><U79/><E10/><V132/><F132/><W16/><G42/><T20/><D39/><U84/><E0/><V74/><F130/><W50/><G50/><T45/><D45/><U38/><E79/><V8/><F8/><W123/><G123/><T12/><D63/><U31/><E38/><V15/><F15/><W97/><G16/><T89/><D77/><AGARI ba="0,0" hai="49,54,57,77,80,85,88,90,97,98,101,102,104,105" machi="77" ten="30,7700,0" yaku="7,1,9,1,52,1,54,1" doraHai="81" who="3" fromWho="0" sc="250,-77,218,0,387,0,145,77" /><INIT seed="7,0,0,3,2,41" ten="173,218,387,222" oya="3" hai0="92,125,43,14,56,127,133,27,50,96,135,22,18" hai1="118,7,46,24,12,119,4,91,31,117,40,66,16" hai2="100,108,131,95,34,15,70,45,64,58,128,124,81" hai3="123,20,97,87,109,126,88,99,102,39,132,17,30"/><W90/><G123/><T129/><D56/><U57/><E91/><V69/><F34/><W61/><G39/><T54/><D54/><U67/><E57/><V62/><F108/><W105/><G132/><N who="0" m="50763" /><D50/><N who="1" m="26951" /><E67/><V83/><F124/><N who="0" m="47690" /><D43/><U6/><E66/><V86/><F45/><W5/><G126/><T84/><D84/><U72/><E72/><V26/><F26/><W115/><G87/><T101/><D14/><U63/><E63/><V1/><F1/><W73/><G61/><T134/><N who="0" m="50771" /><T77/><DORA hai="33" /><D77/><U19/><E12/><V48/><F15/><W36/><G36/><T120/><D120/><U59/><E59/><V116/><F116/><W113/><G73/><T78/><D78/><U29/><E29/><V110/><F48/><W0/><G30/><T11/><D11/><U103/><E103/><V44/><F110/><W23/><G109/><T93/><D93/><U107/><E107/><V21/><F100/><W28/><G102/><T8/><D8/><U38/><E38/><V111/><F95/><W71/><G105/><T52/><D52/><U82/><E82/><V89/><F81/><W122/><G122/><T47/><D47/><U75/><E75/><V98/><F44/><W65/><G65/><T130/><AGARI ba="0,0" hai="18,22,27,92,96,101,129,130" m="47690,50771" machi="130" ten="50,8000,1" yaku="30,2,20,1,18,1" doraHai="41,33" who="0" fromWho="0" sc="173,80,218,-20,387,-20,222,-40" owari="253,5.0,198,-20.0,367,47.0,182,-32.0" /></mjloggm>