<mjloggm ver="2.3"><GO type="41" lobby="0"/><UN n0="%E2%93%9D%53%75%70%68%78" n1="%E6%B5%AA%E6%BC%AB%E3%83%86%E3%82%A3%E3%83%83%E3%82%AF" n2="%E6%B8%85%E6%8E%83%E5%93%A1%4E" n3="%73%77%65%65%74%63%70%72" dan="19,14,14,13" rate="2099.85,1918.26,1882.94,1819.75" sx="M,M,M,F"/><TAIKYOKU oya="0"/><INIT seed="0,0,0,5,0,20" ten="250,250,250,250" oya="0" hai0="116,10,61,86,21,78,104,111,105,50,29,91,0" hai1="35,24,122,130,65,37,70,66,9,103,59,14,51" hai2="72,43,106,82,90,121,33,47,39,81,110,124,74" hai3="13,93,119,32,102,40,96,68,7,15,5,45,98"/><T30/><D116/><U79/><E122/><V75/><F33/><W67/><G32/><T108/><D78/><U97/><E130/><V100/><F121/><W54/><G119/><T36/><D36/><U109/><E79/><V125/><F47/><W11/><G68/><T115/><D61/><U128/><E128/><V87/><F43/><W49/><G67/><T22/><D50/><U18/><E37/><V107/><F39/><W120/><G120/><T41/><D115/><U89/><E89/><V123/><F123/><W63/><G63/><T127/><D127/><N who="2" m="48714" /><F110/><N who="0" m="42026" /><D22/><U88/><E109/><V38/><F38/><W64/><G64/><T16/><D41/><U69/><E66/><V19/><F19/><W6/><G40/><T4/><D30/><U57/><E70/><V80/><F100/><W113/><G113/><T92/><D29/><U76/><E76/><V27/><F27/><AGARI ba="0,0" hai="0,4,10,16,21,27,86,91,92,104,105" m="42026" machi="27" ten="30,11600,0" yaku="14,1,10,1,52,1,54,1" doraHai="20" who="0" fromWho="2" sc="250,116,250,0,250,-116,250,0" /><INIT seed="0,1,0,5,5,113" ten="366,250,134,250" oya="0" hai0="19,126,109,42,60,37,18,69,43,3,123,133,97" hai1="117,80,44,7,8,89,47,83,102,36,81,39,1" hai2="107,4,72,38,26,130,52,105,68,87,88,63,30" hai3="61,10,58,84,116,91,64,48,114,23,108,70,29"/><T6/><D123/><U41/><E117/><V34/><F72/><W128/><G114/><T15/><D3/><U21/><E102/><V134/><F38/><W59/><G116/><T65/><D126/><U77/><E89/><V27/><F130/><W2/><G128/><T22/><D6/><U96/><E96/><V54/><F4/><W56/><G108/><T74/><D133/><U118/><E21/><V62/><F68/><W9/><G2/><T45/><D43/><U115/><E115/><V31/><F87/><W79/><G79/><T40/><D40/><U121/><E121/><V132/><F34/><W111/><G48/><T5/><D74/><U94/><E94/><V73/><F73/><W93/><G111/><T67/><D67/><U55/><E118/><V78/><REACH who="2" step="1"/><F88/><REACH who="2" ten="366,250,124,250" step="2"/><W75/><G75/><T17/><D109/><U50/><E36/><V90/><F90/><W101/><G101/><T51/><D5/><U53/><E77/><AGARI ba="1,1" hai="26,27,30,31,52,54,62,63,77,78,105,107,132,134" machi="77" ten="25,6400,0" yaku="1,1,22,2,54,1,53,0" doraHai="113" doraHaiUra="112" who="2" fromWho="1" sc="366,0,250,-67,124,77,250,0" /><INIT seed="1,0,0,2,2,23" ten="366,183,201,250" oya="1" hai0="113,17,84,100,41,131,55,92,70,99,26,126,135" hai1="74,22,73,125,132,59,129,61,77,128,33,127,60" hai2="78,65,122,16,81,120,40,94,133,110,124,83,105" hai3="106,108,119,38,0,46,12,42,91,30,52,97,10"/><U62/><E33/><V82/><F105/><W85/><G0/><T101/><D131/><U116/><E59/><V36/><F110/><W123/><G123/><T37/><D135/><U69/><E69/><V87/><F65/><W7/><G108/><T66/><D126/><U27/><E116/><V56/><F56/><W9/><G119/><T20/><D113/><U68/><E68/><V112/><F124/><N who="1" m="47689" /><E77/><V109/><F109/><W44/><G10/><T18/><D55/><U25/><E22/><V21/><F133/><W67/><G67/><T54/><D54/><U88/><E88/><V47/><F112/><W31/><G97/><T8/><D66/><U29/><E29/><V107/><F107/><W49/><REACH who="3" step="1"/><G106/><REACH who="3" ten="366,183,201,240" step="2"/><T102/><D99/><U71/><E132/><V24/><REACH who="2" step="1"/><F94/><AGARI ba="0,1" hai="7,9,12,30,31,38,42,44,46,49,52,85,91,94" machi="94" ten="30,8000,1" yaku="1,1,2,1,7,1,54,1,53,1" doraHai="23" doraHaiUra="39" who="3" fromWho="2" sc="366,0,183,0,201,-80,240,90" /><INIT seed="2,0,0,5,3,11" ten="366,183,121,330" oya="2" hai0="108,58,88,77,102,59,100,125,118,9,69,18,0" hai1="126,10,134,44,7,95,120,122,53,36,50,87,37" hai2="67,15,54,29,113,70,107,93,92,101,121,124,3" hai3="119,116,20,65,127,8,105,43,133,5,40,48,112"/><V82/><F113/><W73/><G105/><T71/><D77/><U47/><E134/><V52/><F121/><W57/><G73/><T30/><D30/><U78/><E126/><V98/><F3/><W26/><G112/><T76/><D76/><U34/><E34/><V38/><F38/><W55/><G65/><T130/><D108/><U39/><E47/><V110/><F110/><W96/><G96/><T85/><D130/><U21/><E21/><V12/><F29/><W103/><G103/><T94/><D118/><U80/><REACH who="1" step="1"/><E95/><REACH who="1" ten="366,173,121,330" step="2"/><N who="2" m="58591" /><F124/><W66/><G116/><T97/><D125/><U99/><E99/><V25/><F107/><W24/><G119/><T63/><D102/><U114/><E114/><V42/><F82/><W135/><G20/><T33/><D33/><U91/><E91/><V2/><F2/><AGARI ba="0,1" hai="2,7,10,36,37,39,44,50,53,78,80,87,120,122" machi="2" ten="40,1300,0" yaku="1,1,53,0" doraHai="11" doraHaiUra="27" who="1" fromWho="2" sc="366,0,173,23,121,-13,330,0" /><INIT seed="3,0,0,1,0,87" ten="366,196,108,330" oya="3" hai0="28,29,83,18,48,92,108,7,99,49,19,55,42" hai1="70,120,114,110,131,50,98,75,30,3,121,25,17" hai2="104,63,97,111,38,39,24,34,134,105,4,36,112" hai3="80,47,1,37,84,61,69,60,64,93,85,96,94"/><W71/><G1/><T72/><D108/><U124/><E98/><V106/><F111/><W22/><G22/><T20/><D72/><U123/><E50/><V67/><F134/><W89/><G84/><T31/><D7/><U66/><E66/><V45/><F4/><W56/><G61/><T81/><D42/><U21/><E30/><V74/><F112/><W59/><G71/><T82/><D20/><U103/><E103/><V40/><F74/><W26/><G26/><T109/><D109/><U53/><E53/><V5/><F5/><W119/><G119/><T44/><REACH who="0" step="1"/><D49/><REACH who="0" ten="356,196,108,330" step="2"/><U116/><E110/><V23/><F97/><W132/><G96/><T0/><D0/><U117/><E21/><V43/><F43/><W126/><G132/><T102/><AGARI ba="0,1" hai="18,19,28,29,31,44,48,55,81,82,83,92,99,102" machi="102" ten="30,4000,0" yaku="1,1,0,1,8,1,53,0" doraHai="87" doraHaiUra="11" who="0" fromWho="0" sc="356,50,196,-10,108,-10,330,-20" /><INIT seed="4,0,0,3,3,81" ten="406,186,98,310" oya="0" hai0="100,57,125,3,32,83,102,119,27,54,21,26,66" hai1="109,71,47,39,38,72,36,68,23,134,98,87,10" hai2="41,44,9,8,91,104,55,12,123,131,128,11,77" hai3="114,73,80,74,63,46,116,70,108,58,48,97,79"/><T51/><D3/><U49/><E109/><V86/><F123/><W33/><G108/><T85/><D125/><U59/><E72/><V117/><F104/><W56/><G116/><T43/><D119/><U113/><E98/><V7/><F117/><W4/><G33/><T103/><D32/><U89/><E134/><V13/><F55/><W35/><G35/><T19/><D43/><U25/><E10/><V45/><F77/><W99/><G114/><T29/><D66/><U107/><E107/><V126/><F126/><W37/><G37/><T94/><D94/><U93/><E59/><V129/><F41/><W76/><G70/><T40/><D40/><U5/><E5/><V92/><REACH who="2" step="1"/><F8/><REACH who="2" ten="406,186,88,310" step="2"/><W96/><G76/><N who="0" m="46311" /><D29/><U15/><E38/><V50/><F50/><W124/><G79/><T1/><D1/><U16/><E39/><V132/><F132/><W118/><G48/><T90/><D90/><U65/><E36/><V120/><F120/><W6/><G118/><T95/><D95/><U34/><E65/><V101/><F101/><W14/><G124/><T130/><D130/><U115/><E115/><V2/><F2/><W133/><G133/><T105/><D105/><U78/><E78/><V88/><F88/><W122/><G122/><T31/><D31/><N who="1" m="19823" /><E113/><V60/><F60/><W53/><G63/><T20/><D103/><U82/><E93/><V75/><F75/><W28/><G73/><T84/><D102/><U112/><E112/><V18/><AGARI ba="0,1" hai="7,9,11,12,13,18,44,45,86,91,92,128,129,131" machi="18" ten="30,7900,0" yaku="1,1,0,1,19,1,52,1,53,0" doraHai="81" doraHaiUra="62" who="2" fromWho="2" sc="406,-39,186,-20,88,89,310,-20" /><INIT seed="5,0,0,2,1,2" ten="367,166,177,290" oya="1" hai0="24,30,20,133,22,90,115,118,23,26,74,77,122" hai1="37,46,31,55,17,60,10,47,116,106,59,68,113" hai2="72,45,28,49,93,36,125,12,66,112,34,134,79" hai3="119,96,85,69,51,4,128,9,56,104,130,7,92"/><U98/><E116/><V48/><F125/><W1/><G69/><T50/><D118/><U64/><E113/><V124/><F134/><W132/><G119/><T42/><D115/><U76/><E31/><V91/><F124/><W53/><G132/><T117/><D122/><U82/><E106/><V109/><F109/><W108/><G108/><T75/><D77/><U107/><E107/><V120/><F120/><W19/><G104/><T65/><D65/><U41/><E98/><V18/><F66/><W129/><G1/><T111/><D90/><U5/><E46/><V33/><F79/><W87/><G19/><T86/><D86/><N who="3" m="32777" /><G9/><T99/><D75/><U84/><E17/><V14/><F72/><W81/><G81/><T58/><D74/><U114/><E114/><V101/><F12/><W25/><G25/><T121/><D26/><U6/><E10/><V67/><F33/><W44/><G44/><T63/><D121/><U127/><E127/><V103/><F34/><W35/><G35/><T57/><D24/><U89/><E76/><V40/><F28/><W32/><G32/><T61/><D30/><U126/><E126/><V94/><F94/><W21/><G21/><T0/><D23/><U15/><E15/><V110/><F110/><W39/><G39/><T100/><D133/><U105/><E105/><V38/><F38/><W71/><G71/><T123/><D117/><U52/><E55/><V131/><F112/><W95/><G92/><T135/><D135/><U73/><E73/><V70/><F70/><W80/><G80/><T8/><D123/><U43/><E43/><RYUUKYOKU ba="0,0" sc="367,-15,166,15,177,-15,290,15" hai1="5,6,37,41,47,52,59,60,64,68,82,84,89" hai3="4,7,51,53,56,95,96,128,129,130" /><INIT seed="5,1,0,3,0,118" ten="352,181,162,305" oya="1" hai0="15,46,93,3,21,65,129,37,43,120,75,19,91" hai1="106,71,13,109,78,127,7,101,73,82,25,49,117" hai2="57,58,59,12,76,11,123,42,40,9,38,80,31" hai3="92,51,100,135,33,16,77,130,113,107,2,89,72"/><U133/><E117/><V32/><F31/><W39/><G39/><T68/><D75/><U54/><E133/><V114/><F32/><W26/><G2/><T86/><D129/><U87/><E127/><V20/><F114/><W128/><G135/><T35/><D3/><U126/><E126/><V24/><F38/><W124/><G113/><T14/><D35/><U45/><E109/><V103/><F103/><W96/><G51/><T122/><REACH who="0" step="1"/><D15/><REACH who="0" ten="342,181,162,305" step="2"/><U94/><E73/><V83/><F12/><W56/><G33/><T121/><D121/><U1/><E1/><V132/><F123/><W67/><G124/><T97/><D97/><U6/><E13/><V84/><F132/><W62/><G128/><T116/><D116/><U99/><E25/><V112/><F112/><W22/><G130/><T29/><D29/><U90/><REACH who="1" step="1"/><E71/><REACH who="1" ten="342,171,162,305" step="2"/><V108/><F24/><W79/><G72/><T8/><D8/><U104/><E104/><V44/><F9/><W17/><G17/><T95/><D95/><U119/><E119/><V74/><F11/><W69/><G69/><T27/><D27/><U48/><E48/><V36/><F108/><W63/><G16/><T34/><D34/><U60/><E60/><AGARI ba="1,2" hai="14,19,21,37,43,46,60,65,68,86,91,93,120,122" machi="60" ten="40,5200,0" yaku="1,1,52,2,53,0" doraHai="118" doraHaiUra="55" who="0" fromWho="1" sc="342,75,171,-55,162,0,305,0" /><INIT seed="6,0,0,2,5,123" ten="417,116,162,305" oya="2" hai0="17,50,96,121,1,116,119,37,132,106,3,110,85" hai1="64,18,79,70,41,22,103,49,44,112,47,10,14" hai2="93,92,130,94,19,83,9,5,122,128,72,63,2" hai3="40,113,55,118,115,75,15,107,54,134,127,48,77"/><V90/><F122/><W46/><G107/><T68/><D132/><U65/><E112/><N who="3" m="43082" /><G75/><T104/><D50/><U114/><E114/><V28/><F28/><W42/><G77/><T4/><D17/><U117/><E117/><V61/><F19/><W95/><G95/><T58/><D58/><U81/><E103/><V129/><F72/><W125/><G15/><T8/><D85/><AGARI ba="0,0" hai="2,5,9,61,63,83,85,90,92,93,94,128,129,130" machi="85" ten="50,2400,0" yaku="19,1" doraHai="123" who="2" fromWho="0" sc="417,-24,116,0,162,24,305,0" /><INIT seed="6,1,0,4,3,69" ten="393,116,186,305" oya="2" hai0="62,134,24,44,17,76,111,48,46,53,95,97,59" hai1="32,81,90,5,16,49,72,78,45,122,60,4,101" hai2="33,1,84,85,92,115,71,116,43,83,120,40,88" hai3="19,89,15,106,28,129,29,113,121,127,13,50,104"/><V117/><F120/><W35/><G121/><T102/><D111/><U57/><E122/><V107/><F107/><W125/><G35/><T6/><D134/><U41/><E32/><V30/><F71/><W99/><G129/><T34/><D6/><U23/><E101/><V25/><F1/><W118/><G118/><T94/><D76/><U42/><E42/><V130/><F115/><W22/><G113/><T126/><D126/><N who="3" m="48137" /><G50/><T128/><D128/><U74/><E74/><V8/><F8/><W124/><G104/><T96/><D34/><U38/><E49/><V87/><F87/><W10/><N who="3" m="48145" /><W47/><DORA hai="93" /><G47/><T109/><D109/><U133/><E90/><V3/><F3/><W119/><G119/><T65/><D46/><U105/><E105/><V55/><F130/><W112/><G112/><T75/><D75/><U20/><E20/><V63/><F116/><W132/><G132/><T51/><D51/><U86/><E72/><V12/><F12/><W9/><G22/><N who="0" m="13391" /><D102/><U68/><E68/><V0/><F0/><W73/><G73/><T11/><D11/><U7/><E133/><V135/><F135/><W77/><G77/><T2/><D2/><U108/><E108/><V98/><F117/><W36/><G106/><T27/><D27/><U67/><REACH who="1" step="1"/><E4/><REACH who="1" ten="393,106,186,305" step="2"/><V91/><REACH who="2" step="1"/><F85/><REACH who="2" ten="393,106,176,305" step="2"/><W14/><G9/><T37/><D44/><U79/><E79/><V131/><F131/><W31/><G10/><T82/><D59/><AGARI ba="1,2" hai="25,30,33,40,43,55,59,63,83,84,88,91,92,98" machi="59" ten="40,12000,1" yaku="1,1,52,1,54,1,53,1" doraHai="69,93" doraHaiUra="70,52" who="2" fromWho="0" sc="393,-123,106,0,176,143,305,0" /><INIT seed="6,2,0,1,3,4" ten="270,106,319,305" oya="2" hai0="5,19,9,133,38,46,0,134,39,29,8,69,85" hai1="130,95,24,113,118,17,1,44,112,88,65,10,90" hai2="111,102,83,71,89,35,70,25,43,125,2,132,6" hai3="131,115,13,27,80,67,30,135,114,122,21,14,92"/><V48/><F125/><W28/><G67/><T47/><D29/><N who="3" m="11369" /><G115/><T105/><D105/><U126/><E126/><V81/><F132/><N who="0" m="50794" /><D69/><U100/><E130/><V87/><F102/><W63/><G63/><T34/><D34/><U77/><E118/><V16/><F35/><W64/><G64/><T119/><D85/><U104/><E77/><V94/><F6/><W66/><G66/><T23/><D119/><U61/><E44/><N who="0" m="16937" /><D23/><U74/><E74/><V54/><F2/><W55/><G92/><T124/><D124/><U91/><E24/><V108/><F43/><W127/><G131/><T107/><D107/><U26/><E26/><V41/><F41/><W36/><G27/><T117/><D117/><U15/><E1/><V22/><F70/><W58/><G21/><T37/><D19/><U99/><REACH who="1" step="1"/><E104/><REACH who="1" ten="270,96,319,305" step="2"/><V50/><F71/><AGARI ba="2,1" hai="10,15,17,61,65,71,88,90,91,95,99,100,112,113" machi="71" ten="40,8000,1" yaku="1,1,2,1,52,1,54,1,53,0" doraHai="4" doraHaiUra="129" who="1" fromWho="2" sc="270,0,96,96,319,-86,305,0" /><INIT seed="7,0,0,4,1,132" ten="270,192,233,305" oya="3" hai0="42,98,12,60,120,55,1,35,130,6,118,31,49" hai1="41,26,95,65,102,125,10,7,58,99,110,115,50" hai2="81,86,40,121,23,11,108,68,114,51,28,34,61" hai3="25,107,131,122,74,54,5,91,106,9,20,75,80"/><W56/><G122/><T52/><D1/><U16/><E110/><V133/><F108/><W101/><G131/><T19/><D118/><U135/><E135/><V123/><F114/><W94/><G101/><T67/><D6/><U129/><E129/><V78/><F34/><W72/><G80/><T14/><D31/><U53/><E115/><V13/><F133/><W62/><G9/><T39/><D39/><U66/><E41/><V59/><F68/><W93/><G5/><T43/><D35/><U124/><E26/><V4/><F23/><W21/><G20/><T57/><D120/><U45/><E16/><V83/><F83/><W127/><G93/><T63/><D98/><U111/><E111/><V103/><F103/><W48/><G48/><T47/><D130/><U109/><E109/><V32/><F28/><W113/><G127/><N who="1" m="48714" /><E45/><N who="2" m="26023" /><F32/><W29/><REACH who="3" step="1"/><G113/><REACH who="3" ten="270,192,233,295" step="2"/><T33/><D33/><U70/><E70/><V84/><F84/><AGARI ba="0,1" hai="21,25,29,54,56,62,72,74,75,84,91,94,106,107" machi="84" ten="40,7700,0" yaku="1,1,2,1,53,1" doraHai="132" doraHaiUra="24" who="3" fromWho="2" sc="270,0,192,0,233,-77,295,87" owari="270,7.0,192,-21.0,156,-34.0,382,48.0" /></mjloggm>