<mjloggm ver="2.3"><GO type="41" lobby="0"/><UN n0="%E2%93%9D%53%75%70%68%78" n1="%E5%8F%B0%E5%8C%97%E7%9B%B4%E7%9B%B4%E5%8F%A3%E3%83%B3" n2="%E7%A9%82%E5%9D%82%E4%B8%83%E6%B5%B7" n3="%E3%83%A9%E3%83%B3%E3%83%89%E3%83%AC%E3%83%BC%E3%82%B9" dan="17,14,14,15" rate="2036.98,1923.32,1896.09,1983.02" sx="M,F,M,M"/><TAIKYOKU oya="0"/><INIT seed="0,0,0,4,0,123" ten="250,250,250,250" oya="0" hai0="46,12,11,91,38,34,122,77,70,10,87,111,32" hai1="22,25,75,2,132,90,26,4,60,135,14,134,33" hai2="74,96,53,124,106,85,99,3,8,23,126,129,110" hai3="16,55,78,31,107,93,20,118,100,44,9,0,79"/><T15/><D122/><U76/><E76/><V48/><F74/><W97/><G118/><T63/><D77/><U114/><E75/><V128/><F110/><W109/><G109/><T7/><D111/><U105/><E105/><V5/><F23/><W42/><G107/><T88/><D91/><U37/><E37/><V101/><F85/><W62/><G31/><T21/><D21/><U86/><E114/><V41/><F96/><W83/><G62/><T47/><D70/><U51/><E33/><V40/><F40/><W36/><G55/><T43/><D47/><U17/><E60/><V80/><F80/><W69/><G69/><T98/><D98/><U28/><E51/><V95/><F41/><W58/><G58/><T24/><D24/><U56/><E56/><V30/><F30/><W127/><G127/><N who="2" m="48681" /><F106/><W131/><G131/><T121/><D121/><U116/><E116/><V49/><F49/><W71/><G71/><T64/><D64/><U92/><REACH who="1" step="1"/><E28/><REACH who="1" ten="250,240,250,250" step="2"/><V39/><F39/><W54/><G79/><T81/><REACH who="0" step="1"/><D63/><REACH who="0" ten="240,240,250,250" step="2"/><U45/><E45/><AGARI ba="0,2" hai="3,5,8,45,48,53,95,99,101,128,129" m="48681" machi="45" ten="30,1000,0" yaku="18,1" doraHai="123" who="2" fromWho="1" sc="240,0,240,-10,250,30,250,0" /><INIT seed="1,0,0,5,1,33" ten="240,230,280,250" oya="1" hai0="11,31,109,29,32,122,45,64,100,108,80,87,113" hai1="16,133,71,41,37,120,24,83,105,73,95,50,42" hai2="60,19,63,59,65,134,35,111,43,61,106,96,98" hai3="104,48,128,39,10,110,56,91,67,0,30,23,107"/><U9/><E120/><V38/><F111/><N who="0" m="42570" /><D113/><U93/><E133/><V6/><F134/><W13/><G110/><T123/><D64/><U101/><E71/><V15/><F35/><W1/><G39/><T47/><D100/><U22/><E37/><V118/><F118/><W77/><G77/><T54/><D11/><U102/><E105/><V7/><F38/><W53/><G107/><T78/><D54/><U8/><E73/><V58/><F43/><N who="1" m="16393" /><E83/><V127/><F63/><W25/><G104/><T88/><D78/><U20/><E50/><V40/><F127/><W12/><G12/><T117/><D117/><U69/><E69/><V94/><F106/><W68/><G128/><T44/><D32/><U79/><E79/><V86/><F40/><W70/><G91/><T4/><D4/><U57/><E57/><V112/><F112/><W26/><G26/><T66/><D66/><U85/><E22/><V129/><F129/><W76/><G76/><T28/><AGARI ba="0,0" hai="28,29,31,44,45,47,80,87,88,122,123" m="42570" machi="28" ten="40,2700,0" yaku="14,1,54,1" doraHai="33" who="0" fromWho="0" sc="240,27,230,-13,280,-7,250,-7" /><INIT seed="2,0,0,1,5,13" ten="267,217,273,243" oya="2" hai0="116,132,105,45,18,75,14,122,50,107,51,106,57" hai1="99,48,8,100,97,125,66,28,81,40,0,77,60" hai2="86,87,115,65,114,35,21,76,111,71,37,69,110" hai3="11,90,102,96,44,29,34,78,113,103,104,56,6"/><V126/><F35/><W7/><G113/><N who="2" m="43017" /><F37/><W24/><G78/><T130/><D122/><U12/><E125/><V52/><F126/><W2/><G6/><T84/><D75/><U95/><E0/><V117/><F117/><W17/><G44/><T31/><D132/><U94/><E28/><V16/><F65/><W121/><G121/><T38/><D130/><U54/><E40/><V20/><F76/><W98/><G90/><T58/><D31/><U85/><E60/><V26/><F20/><W83/><G83/><T74/><D74/><U67/><E54/><V32/><F32/><W10/><G56/><T19/><D38/><U68/><E48/><V42/><F42/><W119/><G11/><T80/><D116/><U118/><E68/><N who="2" m="26187" /><F52/><W41/><G41/><T63/><D51/><U120/><E118/><V22/><F21/><W59/><G59/><T112/><D58/><U61/><E61/><V88/><F88/><W72/><G119/><T124/><D124/><U5/><REACH who="1" step="1"/><E120/><REACH who="1" ten="267,207,273,243" step="2"/><V127/><F127/><W49/><G49/><T39/><D112/><U3/><E3/><V92/><F92/><W62/><G62/><T25/><D39/><U134/><E134/><V4/><F4/><W64/><G64/><T133/><D133/><U70/><E70/><V79/><F79/><W108/><G2/><T91/><D63/><U89/><AGARI ba="0,1" hai="5,8,12,66,67,77,81,85,89,94,95,97,99,100" machi="89" ten="20,8000,1" yaku="1,1,0,1,7,1,8,1,53,1" doraHai="13" doraHaiUra="82" who="1" fromWho="1" sc="267,-20,207,90,273,-40,243,-20" /><INIT seed="3,0,0,4,2,62" ten="247,297,233,223" oya="3" hai0="76,15,45,106,123,51,47,105,55,24,30,9,44" hai1="58,98,133,2,22,35,92,0,68,127,101,113,119" hai2="116,110,81,36,6,18,91,13,125,60,80,23,41" hai3="28,79,33,71,74,89,34,69,120,82,21,70,135"/><W40/><G120/><T122/><D76/><U39/><E119/><V107/><F116/><W86/><G135/><T50/><D106/><U95/><E68/><V93/><F107/><W115/><G40/><T27/><D105/><U114/><E35/><V88/><F110/><W16/><G115/><T118/><D118/><U134/><E39/><V129/><F129/><W112/><G112/><N who="1" m="43114" /><E127/><V87/><F125/><W83/><REACH who="3" step="1"/><G28/><REACH who="3" ten="247,297,233,213" step="2"/><T77/><D123/><U31/><E31/><V42/><F42/><W75/><G75/><T12/><D30/><U37/><E37/><V72/><F36/><W111/><G111/><T29/><D29/><U52/><E134/><V97/><F41/><W61/><G61/><T100/><D122/><U57/><E133/><V1/><F72/><W78/><G78/><T102/><D77/><U3/><E3/><V132/><F132/><W108/><G108/><T124/><D124/><U130/><E0/><V53/><F1/><W25/><AGARI ba="0,1" hai="16,21,25,33,34,69,70,71,74,79,82,83,86,89" machi="25" ten="30,6000,0" yaku="1,1,0,1,54,1,53,0" doraHai="62" doraHaiUra="63" who="3" fromWho="3" sc="247,-20,297,-20,233,-20,213,70" /><INIT seed="3,1,0,0,3,58" ten="227,277,213,283" oya="3" hai0="40,111,59,24,90,54,30,53,122,43,134,87,112" hai1="16,129,73,27,80,70,9,32,86,85,1,13,74" hai2="106,49,14,34,132,103,22,79,78,117,110,11,56" hai3="72,105,66,76,35,115,94,98,3,75,61,21,108"/><W0/><G115/><T88/><D122/><U2/><E129/><V119/><F34/><W135/><G135/><T60/><D111/><U29/><E85/><V28/><F132/><W99/><G21/><T52/><D134/><U125/><E125/><V102/><F110/><W68/><G94/><T44/><D112/><U20/><E70/><V82/><F79/><W96/><G108/><T83/><D90/><U65/><E65/><V17/><F106/><W55/><G105/><T64/><REACH who="0" step="1"/><D44/><REACH who="0" ten="217,277,213,283" step="2"/><U47/><E47/><V127/><F127/><W6/><G76/><T33/><AGARI ba="1,1" hai="24,30,33,40,43,52,53,54,59,60,64,83,87,88" machi="33" ten="30,12000,2" yaku="1,1,2,1,0,1,52,1,54,2,53,0" doraHai="58" doraHaiUra="15" who="0" fromWho="0" sc="217,133,277,-31,213,-31,283,-61" /><INIT seed="4,0,0,0,3,90" ten="350,246,182,222" oya="0" hai0="2,38,131,10,104,21,77,94,73,123,48,1,34" hai1="13,115,122,96,118,117,31,81,27,60,9,45,65" hai2="59,42,83,102,28,47,5,40,76,20,86,85,108" hai3="95,121,14,128,89,12,3,35,107,67,6,16,33"/><T64/><D123/><U22/><E122/><V24/><F108/><W56/><G107/><T75/><D34/><U97/><E115/><V98/><F59/><W101/><G121/><T100/><D38/><U52/><E81/><V49/><F5/><W23/><G128/><T119/><D119/><U18/><E117/><V36/><F36/><W55/><G67/><T58/><D21/><U69/><REACH who="1" step="1"/><E118/><REACH who="1" ten="350,236,182,222" step="2"/><V63/><F63/><W72/><G72/><T15/><D75/><U4/><E4/><V50/><F50/><AGARI ba="0,1" hai="9,13,18,22,27,31,45,50,52,60,65,69,96,97" machi="50" ten="40,8000,1" yaku="1,1,54,1,53,2" doraHai="90" doraHaiUra="92" who="1" fromWho="2" sc="350,0,236,90,182,-80,222,0" /><INIT seed="5,0,0,0,3,74" ten="350,326,102,222" oya="1" hai0="22,130,71,57,97,128,104,43,3,48,68,84,36" hai1="26,134,2,107,60,112,96,10,28,58,88,7,127" hai2="131,102,126,94,108,20,23,33,132,92,85,45,116" hai3="83,38,133,1,29,98,99,18,34,50,62,12,8"/><U82/><E112/><V125/><F116/><W95/><G38/><T89/><D3/><U51/><E134/><V30/><F108/><W72/><G133/><T120/><D36/><U25/><E127/><N who="2" m="48651" /><F132/><W73/><G1/><T15/><D97/><U6/><E6/><V76/><F131/><N who="0" m="50218" /><D104/><U86/><E51/><V87/><F33/><W61/><G73/><T111/><D120/><U80/><E80/><N who="2" m="47239" /><F45/><W17/><G34/><T52/><D43/><U63/><E63/><V119/><F30/><W65/><G29/><T110/><D110/><U105/><E96/><N who="2" m="59655" /><F119/><W78/><G98/><T77/><D111/><U67/><REACH who="1" step="1"/><E25/><REACH who="1" ten="350,316,102,222" step="2"/><V44/><F44/><W135/><G135/><T91/><D48/><U32/><AGARI ba="0,1" hai="2,7,10,26,28,32,58,60,67,82,86,88,105,107" machi="32" ten="20,18000,2" yaku="1,1,2,1,0,1,7,1,54,1,53,1" doraHai="74" doraHaiUra="55" who="1" fromWho="1" sc="350,-60,316,190,102,-60,222,-60" /><INIT seed="5,1,0,0,0,49" ten="290,506,42,162" oya="1" hai0="17,40,46,43,115,22,118,33,73,20,56,87,134" hai1="90,14,104,94,16,26,13,98,39,121,83,55,85" hai2="95,61,60,111,132,25,32,2,48,45,130,84,9" hai3="114,38,116,125,82,119,35,30,81,57,100,79,66"/><U27/><E121/><V15/><F111/><W123/><G66/><T109/><D33/><U53/><E39/><V101/><F132/><W31/><G57/><T77/><D115/><U19/><E104/><V1/><F130/><W96/><G123/><T68/><D118/><U107/><E107/><V47/><F1/><W64/><G64/><T12/><D73/><U89/><E14/><V124/><F2/><W23/><G23/><T106/><D68/><U88/><E89/><V44/><F124/><W133/><G96/><T120/><D109/><U128/><E128/><V67/><F61/><W34/><G100/><T122/><D134/><U99/><E99/><V74/><F74/><W129/><G79/><T65/><D77/><U131/><E131/><V24/><F32/><W37/><G129/><T5/><D106/><U72/><E72/><V117/><F117/><W126/><G133/><T80/><D122/><U52/><E19/><V51/><F24/><W78/><G78/><T105/><D17/><U59/><E59/><N who="2" m="37279" /><F25/><W21/><G21/><AGARI ba="1,0" hai="13,16,21,26,27,52,53,55,83,85,88,90,94,98" machi="21" ten="40,18000,2" yaku="8,1,52,3,54,3" doraHai="49" who="1" fromWho="3" sc="290,0,506,183,42,0,162,-183" owari="290,9.0,689,79.0,42,-36.0,-21,-52.0" /></mjloggm>