<mjloggm ver="2.3"><GO type="41" lobby="0"/><UN n0="%E3%81%9F%E3%81%8B%E3%81%BC%E3%82%93%E2%98%85" n1="%E2%93%9D%53%75%70%68%78" n2="%E3%83%AA%E3%83%A5%E3%82%AA%E3%83%B3" n3="%43%6F%6E%63%65%72%74" dan="14,18,15,13" rate="1895.86,2094.46,1975.26,1876.30" sx="M,M,M,M"/><TAIKYOKU oya="0"/><INIT seed="0,0,0,2,3,37" ten="250,250,250,250" oya="0" hai0="38,74,6,59,119,70,72,47,77,25,40,100,34" hai1="65,129,62,21,110,73,91,89,99,64,128,116,117" hai2="3,53,1,118,71,103,45,121,58,7,35,125,92" hai3="55,9,106,105,135,80,22,123,61,120,97,127,11"/><T50/><D119/><U41/><E21/><V131/><F121/><N who="3" m="46667" /><G22/><T51/><D100/><U96/><E62/><V93/><F71/><W90/><G127/><T8/><D70/><U30/><E30/><V101/><F35/><W85/><G135/><T112/><D112/><U133/><E73/><V98/><F131/><W95/><G11/><T14/><D72/><U79/><E79/><V114/><F114/><W23/><G23/><T109/><D109/><U68/><E68/><V42/><F7/><W17/><G17/><T130/><D130/><U56/><E56/><V82/><F125/><W94/><G9/><T13/><D13/><U108/><REACH who="1" step="1"/><E41/><REACH who="1" ten="250,240,250,250" step="2"/><V107/><F42/><W2/><G61/><T111/><D111/><U83/><E83/><V87/><F82/><W104/><G2/><T24/><D59/><U134/><AGARI ba="0,1" hai="64,65,89,91,96,99,108,110,116,117,128,129,133,134" machi="134" ten="25,6400,0" yaku="1,1,0,1,22,2,53,0" doraHai="37" doraHaiUra="46" who="1" fromWho="1" sc="250,-32,240,74,250,-16,250,-16" /><INIT seed="1,0,0,2,2,94" ten="218,314,234,234" oya="1" hai0="36,81,43,129,30,102,40,110,13,124,66,106,29" hai1="101,86,59,103,63,38,35,80,39,44,48,91,89" hai2="126,37,6,16,47,119,62,111,32,18,116,71,34" hai3="107,1,46,10,31,115,90,112,49,28,77,123,7"/><U132/><E35/><V58/><F71/><W135/><G123/><T41/><D110/><U72/><E132/><V54/><F111/><W88/><G135/><T3/><D3/><U51/><E72/><V100/><F6/><W21/><G77/><T8/><D66/><U17/><E39/><V76/><F76/><W118/><G118/><T11/><D124/><U95/><E38/><V97/><F126/><W20/><G107/><T130/><D81/><U9/><E9/><V19/><F34/><W96/><G21/><T131/><D36/><U92/><E17/><V26/><F32/><W84/><G28/><T24/><D30/><U74/><E74/><V75/><F75/><W122/><G20/><T98/><D13/><U27/><E27/><V114/><F114/><W85/><G31/><T104/><D106/><U93/><E91/><V128/><F128/><W121/><G90/><T73/><REACH who="0" step="1"/><D73/><REACH who="0" ten="208,314,234,234" step="2"/><U55/><REACH who="1" step="1"/><E51/><REACH who="1" ten="208,304,234,234" step="2"/><V67/><F26/><W23/><G115/><T61/><D61/><U70/><E70/><V52/><F37/><W25/><G112/><T12/><D12/><U60/><E60/><V64/><F62/><W65/><G121/><T127/><D127/><U5/><E5/><V14/><F14/><W78/><G122/><T108/><D108/><U117/><E117/><V57/><F119/><W113/><G113/><T68/><D68/><U99/><E99/><V133/><F116/><W83/><G96/><T105/><D105/><U22/><E22/><AGARI ba="0,2" hai="8,11,22,24,29,40,41,43,98,102,104,129,130,131" machi="22" ten="50,6400,0" yaku="1,1,19,1,52,1,53,0" doraHai="94" doraHaiUra="0" who="0" fromWho="1" sc="208,84,304,-64,234,0,234,0" /><INIT seed="2,0,0,0,4,18" ten="292,240,234,234" oya="2" hai0="40,43,112,94,41,31,4,35,47,88,26,62,126" hai1="106,52,24,1,98,82,91,109,86,3,125,101,80" hai2="30,74,127,130,2,134,116,57,53,104,129,13,33" hai3="27,55,16,17,12,113,103,48,89,110,11,63,42"/><V70/><RYUUKYOKU type="yao9" ba="0,0" sc="292,0,240,0,234,0,234,0" hai2="2,13,30,33,53,57,70,74,104,116,127,129,130,134" /><INIT seed="2,1,0,0,3,85" ten="292,240,234,234" oya="2" hai0="42,34,111,24,56,54,22,93,124,12,101,96,38" hai1="95,122,16,5,135,41,82,109,86,103,108,59,19" hai2="61,112,75,114,94,71,15,14,17,73,36,131,44" hai3="0,8,9,130,134,119,57,107,65,113,47,98,89"/><V43/><F131/><W80/><G119/><T60/><D111/><N who="1" m="42571" /><E135/><V66/><F14/><W133/><G130/><T25/><D124/><U88/><E122/><V79/><F94/><W18/><G113/><T30/><D12/><U68/><E68/><V51/><F36/><W102/><G47/><T21/><D38/><U116/><E116/><V118/><F118/><W27/><G0/><T81/><D42/><U67/><E5/><V128/><F128/><W117/><G117/><T104/><D81/><U20/><E41/><V37/><F37/><W4/><G4/><T106/><D34/><U63/><E20/><V45/><F45/><W126/><G126/><T123/><D123/><U78/><E103/><V83/><REACH who="2" step="1"/><F75/><AGARI ba="1,0" hai="16,19,59,63,67,75,78,82,86,88,95" m="42571" machi="75" ten="30,7700,0" yaku="14,1,52,1,54,2" doraHai="85" who="1" fromWho="2" sc="292,0,240,80,234,-80,234,0" /><INIT seed="3,0,0,2,0,5" ten="292,320,154,234" oya="3" hai0="87,41,57,89,31,72,46,26,4,132,104,97,40" hai1="122,79,75,131,14,22,115,38,53,96,126,85,16" hai2="63,28,0,36,51,33,54,99,111,135,67,1,116" hai3="62,88,17,109,37,112,98,44,127,91,66,118,20"/><W90/><G118/><T13/><D72/><U110/><E115/><V24/><F116/><W35/><G35/><T7/><D132/><U73/><E122/><V120/><F111/><W64/><G112/><T9/><D57/><U58/><E38/><V119/><F119/><W23/><G127/><T60/><D60/><U48/><E131/><V134/><F36/><W11/><G109/><T121/><D121/><U19/><E110/><V61/><F120/><W15/><G37/><T27/><D7/><U25/><E96/><V12/><F12/><W100/><G44/><T29/><D104/><U125/><E85/><V105/><F63/><W42/><G42/><N who="0" m="16491" /><D97/><U45/><E58/><V82/><F82/><W77/><G77/><T114/><D46/><U76/><E76/><V39/><F39/><W70/><REACH who="3" step="1"/><G64/><REACH who="3" ten="292,320,154,224" step="2"/><T94/><D114/><U107/><E79/><V133/><F54/><W3/><G3/><T95/><D95/><AGARI ba="0,1" hai="11,15,17,20,23,62,66,70,88,90,91,95,98,100" machi="95" ten="40,12000,1" yaku="1,1,52,1,54,1,53,1" doraHai="5" doraHaiUra="8" who="3" fromWho="0" sc="292,-120,320,0,154,0,224,130" /><INIT seed="3,1,0,5,4,129" ten="172,320,154,354" oya="3" hai0="134,1,74,8,131,100,44,50,117,115,71,79,77" hai1="126,16,135,110,28,93,17,62,14,106,120,130,85" hai2="118,105,103,108,86,45,42,12,92,133,21,35,61" hai3="56,34,3,46,25,90,124,48,83,122,57,24,6"/><W37/><G122/><T132/><D115/><U123/><E106/><V32/><F118/><W20/><G34/><T121/><D117/><U112/><E112/><V119/><F119/><W51/><G124/><T109/><D121/><U52/><E28/><V75/><F75/><W76/><G90/><T107/><D131/><U99/><E130/><V58/><F105/><W81/><G37/><T111/><D71/><U65/><E110/><N who="0" m="41993" /><D107/><U97/><E65/><V102/><F108/><W43/><G3/><T116/><D116/><U9/><E126/><V98/><F103/><W114/><G6/><N who="0" m="1103" /><D100/><U69/><E69/><V54/><F86/><W23/><G114/><T29/><D29/><U27/><E123/><V113/><F113/><W125/><G125/><T15/><D15/><U73/><E73/><V70/><F70/><W104/><G104/><T7/><D7/><U67/><E120/><V47/><F133/><N who="0" m="51306" /><D74/><U31/><E135/><V33/><REACH who="2" step="1"/><F42/><AGARI ba="1,0" hai="42,44,50,77,79" m="51306,1103,41993" machi="42" ten="30,8000,1" yaku="14,1,20,1,52,3" doraHai="129" who="0" fromWho="2" sc="172,83,320,0,154,-83,354,0" /><INIT seed="4,0,0,1,3,48" ten="255,320,71,354" oya="0" hai0="21,17,39,81,14,123,98,7,113,18,114,46,2" hai1="50,76,64,101,83,0,55,66,25,68,115,23,40" hai2="72,80,121,6,52,20,89,44,63,42,32,75,69" hai3="70,67,8,97,34,79,10,47,57,65,9,31,15"/><T16/><D123/><U41/><E0/><V26/><F32/><W126/><G79/><T93/><D81/><U111/><E111/><V58/><F121/><W100/><G126/><T74/><D74/><U56/><E115/><N who="0" m="44041" /><D2/><U104/><E104/><V95/><F6/><W78/><G78/><T33/><D33/><U90/><E101/><V94/><F69/><W19/><G67/><N who="1" m="25642" /><E68/><V105/><F105/><N who="3" m="63631" /><G47/><T35/><D35/><U73/><E73/><V128/><F128/><W36/><G57/><T132/><D132/><U4/><E4/><V27/><F27/><N who="3" m="18815" /><G36/><T37/><D46/><U131/><E76/><V122/><F122/><W107/><G107/><T3/><D3/><U38/><E38/><N who="0" m="14345" /><D7/><U135/><E135/><V118/><F118/><W84/><G84/><T60/><D60/><AGARI ba="0,0" hai="8,9,10,15,19,60,65,70" m="18815,63631" machi="60" ten="30,1000,0" yaku="25,1" doraHai="48" who="3" fromWho="0" sc="255,-10,320,0,71,0,354,10" /><INIT seed="5,0,0,3,0,22" ten="245,320,71,364" oya="1" hai0="123,14,12,114,44,98,50,134,105,20,122,0,53" hai1="56,125,32,89,108,26,15,121,62,21,2,34,51" hai2="6,46,78,25,57,113,75,61,52,37,79,63,81" hai3="11,88,70,87,59,119,7,33,109,60,94,132,115"/><U3/><E121/><N who="0" m="46089" /><D0/><U45/><E125/><V74/><F113/><W95/><G109/><T38/><D114/><U36/><E36/><V48/><F6/><W120/><G120/><T129/><D129/><U84/><E15/><V39/><F63/><W80/><G115/><T135/><D38/><U29/><E108/><V16/><F78/><W104/><G104/><T101/><D14/><U90/><E90/><V17/><F75/><W27/><G70/><T86/><D86/><U91/><E91/><V103/><F103/><W97/><G132/><N who="0" m="50731" /><D20/><U83/><E3/><V8/><F17/><W82/><G119/><T73/><D12/><U133/><E2/><V24/><F8/><W69/><G69/><T4/><D73/><U54/><REACH who="1" step="1"/><E133/><REACH who="1" ten="245,310,71,364" step="2"/><V19/><F39/><W5/><G5/><AGARI ba="0,1" hai="4,5,44,50,53,98,101,105" m="50731,46089" machi="5" ten="30,2000,0" yaku="13,1,20,1" doraHai="22" who="0" fromWho="3" sc="245,30,310,0,71,0,364,-20" /><INIT seed="6,0,0,5,5,122" ten="275,310,71,344" oya="2" hai0="52,132,113,129,40,111,5,119,29,36,127,50,93" hai1="97,130,65,98,25,56,33,60,17,106,78,66,88" hai2="10,81,100,6,108,51,14,116,26,28,9,21,96" hai3="63,77,67,15,23,2,123,44,4,90,16,133,64"/><V1/><F116/><W47/><G123/><T58/><D93/><U134/><E130/><V120/><F120/><W76/><G133/><T94/><D94/><U79/><E134/><V61/><F81/><W91/><G2/><T104/><D104/><U112/><E112/><V20/><F51/><W24/><G76/><T22/><D5/><U86/><E66/><N who="3" m="25130" /><G77/><N who="1" m="29194" /><E33/><V31/><F61/><W48/><G63/><T74/><D74/><U99/><E106/><V12/><F96/><W7/><G47/><T124/><D113/><U32/><E32/><N who="2" m="20503" /><F100/><W84/><G24/><N who="0" m="16535" /><D129/><U35/><E35/><V110/><F31/><W57/><G57/><T55/><D55/><U75/><E75/><V70/><F70/><W128/><G128/><T45/><D132/><U8/><E25/><V73/><F73/><W18/><G18/><T117/><D119/><U89/><E86/><V27/><F27/><W118/><G118/><T62/><D117/><U37/><E37/><V49/><F49/><W125/><G125/><N who="0" m="48203" /><D50/><U114/><E114/><V126/><F126/><W43/><G91/><T115/><D115/><U109/><E89/><V131/><F131/><W34/><G34/><T3/><D3/><U68/><E88/><V72/><F72/><W82/><AGARI ba="0,0" hai="4,7,15,16,23,43,44,48,82,84,90" m="25130" machi="82" ten="30,2000,0" yaku="8,1,54,1" doraHai="122" who="3" fromWho="3" sc="275,-5,310,-5,71,-10,344,20" /><INIT seed="7,0,0,3,5,101" ten="270,305,61,364" oya="3" hai0="31,107,115,72,108,41,125,14,9,24,73,53,121" hai1="45,35,117,82,63,118,80,3,77,114,23,26,68" hai2="123,42,116,5,66,6,20,67,50,79,106,124,131" hai3="134,16,38,96,1,104,112,120,105,11,81,84,13"/><W94/><G38/><T12/><D108/><U49/><E35/><V103/><F79/><W48/><G120/><T100/><D121/><U99/><E3/><V30/><F123/><W86/><G134/><T88/><D41/><U61/><E114/><V75/><F75/><W8/><G112/><T40/><D40/><U59/><E68/><V102/><F42/><W15/><G1/><T69/><D69/><U97/><E49/><V37/><F50/><W98/><G48/><T25/><D53/><U44/><E23/><V92/><F92/><W28/><G28/><T64/><D115/><U133/><E26/><V78/><F78/><W85/><G81/><T132/><D100/><U130/><E77/><V2/><F2/><W93/><G85/><T128/><D132/><U65/><E133/><V83/><F83/><W10/><G10/><T135/><D31/><U71/><E71/><V52/><F30/><W62/><G16/><T56/><D9/><U21/><E21/><V122/><F122/><W129/><G62/><T110/><D110/><U76/><E76/><V127/><F20/><W95/><G95/><T46/><D135/><U60/><E60/><V57/><F57/><W47/><G47/><T17/><D46/><U74/><E59/><V113/><F113/><W4/><G4/><T58/><D17/><U55/><E55/><V111/><F111/><W22/><G22/><T19/><D19/><U51/><E51/><V54/><F131/><AGARI ba="0,0" hai="8,11,13,15,84,86,93,94,96,98,104,105,129,131" machi="131" ten="25,9600,0" yaku="22,2,52,2" doraHai="101" who="3" fromWho="2" sc="270,0,305,0,61,-96,364,96" owari="270,-13.0,305,11.0,-35,-54.0,460,56.0" /></mjloggm>