<mjloggm ver="2.3"><GO type="41" lobby="0"/><UN n0="%E2%93%9D%53%75%70%68%78" n1="%E6%B1%90" n2="%E3%83%9E%E3%83%BC%23" n3="%68%6B%6A%73%66" dan="18,14,15,14" rate="2077.92,1878.09,1954.45,1969.61" sx="M,M,M,M"/><TAIKYOKU oya="0"/><INIT seed="0,0,0,0,2,50" ten="250,250,250,250" oya="0" hai0="99,39,65,92,91,5,68,35,129,80,49,38,73" hai1="112,90,11,79,89,52,83,109,75,33,107,0,125" hai2="106,9,56,70,126,134,55,130,17,127,37,62,27" hai3="128,84,102,22,113,82,131,103,86,98,96,95,72"/><T120/><D120/><U12/><E12/><V100/><F130/><N who="3" m="49707" /><G22/><T111/><D129/><U24/><E125/><N who="2" m="47627" /><F37/><W74/><G113/><T105/><D35/><U133/><E107/><V48/><F134/><W21/><G21/><T67/><D5/><U1/><E109/><V18/><F27/><W116/><G116/><T132/><D68/><U16/><E133/><V2/><F106/><N who="3" m="63815" /><G86/><T59/><D111/><U101/><E112/><V122/><F100/><W28/><G28/><T66/><D132/><U53/><E0/><V4/><F122/><W43/><G43/><T77/><REACH who="0" step="1"/><D105/><REACH who="0" ten="240,250,250,250" step="2"/><U110/><E110/><V85/><F70/><W26/><G26/><T60/><D60/><U63/><E63/><V7/><F62/><W88/><AGARI ba="0,1" hai="72,74,82,84,88,95,98,103" m="63815,49707" machi="88" ten="30,7900,0" yaku="19,1,34,2,54,1" doraHai="50" who="3" fromWho="3" sc="240,-39,250,-20,250,-20,250,89" /><INIT seed="1,0,0,4,5,2" ten="201,230,230,339" oya="1" hai0="70,43,18,74,38,75,85,82,52,106,80,76,67" hai1="60,77,57,54,36,34,1,126,84,78,51,46,24" hai2="127,134,121,79,86,69,71,47,8,129,19,133,122" hai3="39,53,81,124,93,11,61,49,12,131,68,14,16"/><U4/><E126/><V92/><F127/><W6/><G124/><T65/><D106/><U101/><E101/><V113/><F129/><W95/><G39/><T100/><D100/><U96/><E96/><V31/><F31/><W44/><G131/><T130/><D130/><U102/><E102/><V88/><F113/><W21/><G68/><T48/><D43/><U115/><E36/><V56/><F47/><W30/><G30/><T98/><D98/><U23/><E34/><V22/><F8/><W37/><G37/><T40/><D40/><U29/><E84/><V42/><F42/><N who="3" m="24727" /><G81/><T112/><D112/><U66/><REACH who="1" step="1"/><E115/><REACH who="1" ten="201,220,230,339" step="2"/><V120/><F133/><W32/><G32/><T7/><D38/><U3/><E3/><V94/><F134/><W87/><G87/><T132/><D132/><U107/><E107/><V35/><F35/><W64/><G95/><T17/><D85/><U26/><E26/><V13/><F94/><W116/><G93/><T125/><D125/><U110/><E110/><V89/><F89/><W59/><G116/><T128/><D128/><U63/><E63/><V15/><F79/><W105/><G105/><T111/><D76/><U50/><E50/><V0/><F0/><W83/><G83/><T55/><D48/><U117/><E117/><V73/><F73/><W108/><G108/><T41/><D111/><U9/><AGARI ba="0,1" hai="1,4,9,23,24,29,46,51,54,57,60,66,77,78" machi="9" ten="30,6000,0" yaku="1,1,0,1,52,1,53,0" doraHai="2" doraHaiUra="10" who="1" fromWho="1" sc="201,-20,220,70,230,-20,339,-20" /><INIT seed="1,1,0,2,2,7" ten="181,290,210,319" oya="1" hai0="19,48,72,16,109,82,20,39,46,4,1,90,101" hai1="43,131,119,117,22,28,86,85,52,112,121,74,17" hai2="89,123,47,12,50,51,110,49,64,61,99,135,63" hai3="120,60,79,127,8,107,113,66,88,25,67,3,118"/><U34/><E121/><V40/><F123/><W76/><G120/><T129/><D109/><U29/><E112/><V59/><F110/><W53/><G113/><T13/><D129/><U54/><E131/><V106/><F106/><W32/><G127/><T18/><D101/><U78/><E17/><V132/><F99/><W126/><G107/><T75/><D39/><U58/><E58/><V81/><F81/><W10/><G126/><T6/><D1/><U21/><E78/><N who="3" m="29738" /><G3/><T96/><D75/><U71/><E43/><V68/><F89/><W41/><G32/><T93/><D72/><U9/><E9/><N who="3" m="3690" /><G41/><T36/><D36/><U108/><E74/><V130/><F12/><W111/><G111/><T73/><D73/><U134/><E108/><V62/><F130/><W87/><G118/><T31/><D82/><U57/><E57/><V35/><F35/><W65/><G25/><N who="0" m="16807" /><D13/><U14/><E14/><V114/><F114/><W55/><G60/><N who="2" m="23145" /><F68/><W37/><G37/><AGARI ba="1,0" hai="37,40,47,49,50,51,59,63,64,132,135" m="23145" machi="37" ten="30,2000,0" yaku="34,2" doraHai="7" who="2" fromWho="3" sc="181,0,290,0,210,23,319,-23" /><INIT seed="2,0,0,0,5,59" ten="181,290,233,296" oya="2" hai0="49,30,3,18,27,66,125,79,34,109,72,1,135" hai1="14,128,68,9,29,114,80,131,99,124,48,7,15" hai2="126,132,10,119,94,21,84,83,89,97,86,93,101" hai3="45,63,41,104,100,24,57,103,117,122,50,58,71"/><V4/><F119/><W55/><G117/><T2/><D109/><U129/><E68/><V46/><F132/><W134/><G122/><T31/><D49/><U87/><E114/><V20/><F126/><W74/><G134/><T77/><D135/><U98/><E124/><V116/><F116/><W43/><G74/><T62/><D125/><U25/><E48/><V73/><F73/><W39/><G104/><T11/><D31/><U64/><E15/><V19/><F46/><W23/><G41/><T69/><REACH who="0" step="1"/><D72/><REACH who="0" ten="171,290,233,296" step="2"/><U123/><E123/><V54/><F19/><W115/><G115/><T95/><D95/><U60/><E29/><V118/><F118/><W52/><G71/><T38/><D38/><U107/><E107/><V82/><F82/><W96/><G96/><T32/><D32/><U120/><E120/><V35/><F35/><W91/><G91/><T36/><D36/><U6/><E99/><V88/><REACH who="2" step="1"/><F54/><REACH who="2" ten="171,290,223,296" step="2"/><W133/><G133/><T76/><D76/><U33/><E80/><V40/><F40/><W56/><G56/><T78/><D78/><U61/><E33/><V44/><F44/><W42/><G43/><T111/><D111/><U108/><E98/><V92/><F92/><W105/><G105/><T113/><D113/><U13/><E108/><V67/><F67/><W65/><G65/><T28/><D28/><AGARI ba="0,2" hai="23,24,28,39,42,45,50,52,55,57,58,63,100,103" machi="28" ten="30,3900,0" yaku="7,1,52,1,54,1" doraHai="59" who="3" fromWho="0" sc="171,-39,290,0,223,0,296,59" /><INIT seed="3,0,0,3,3,48" ten="132,290,223,355" oya="3" hai0="72,96,78,111,92,101,85,124,112,115,50,27,77" hai1="8,30,113,95,117,81,20,65,58,99,54,87,41" hai2="61,7,33,28,23,107,29,13,10,17,123,93,132" hai3="121,67,55,19,120,134,97,70,98,66,43,26,12"/><W38/><G134/><T75/><D27/><N who="1" m="16743" /><E113/><N who="0" m="43593" /><D50/><N who="1" m="31063" /><E117/><V37/><F107/><W4/><G38/><T135/><D111/><U122/><E122/><V102/><F37/><W64/><G43/><T128/><D128/><U90/><E41/><V126/><F61/><W83/><G70/><T110/><D124/><U53/><E65/><V2/><F126/><W59/><G4/><T79/><D110/><U68/><E68/><V63/><F63/><W104/><G26/><T21/><D21/><U73/><E73/><N who="0" m="28233" /><D135/><U35/><E35/><V127/><F127/><W25/><G25/><T76/><D76/><N who="1" m="46503" /><E8/><V44/><F33/><W16/><G104/><T6/><D6/><U36/><E36/><V91/><F132/><W9/><G19/><T1/><D1/><U106/><E106/><V34/><F34/><W11/><G11/><T60/><D60/><U39/><E39/><V89/><F123/><W15/><G15/><T88/><D79/><U14/><E14/><V42/><F2/><W18/><G18/><T56/><D56/><U22/><E22/><V86/><F10/><W131/><G121/><T114/><N who="0" m="43601" /><T103/><DORA hai="52" /><D78/><U129/><E129/><V40/><F7/><W24/><G120/><T57/><D57/><U109/><E109/><V5/><F5/><W94/><G131/><T84/><D77/><U46/><E46/><V108/><F44/><W71/><G71/><T118/><D118/><U74/><E74/><V3/><F3/><W49/><G24/><T116/><D116/><U45/><E45/><V119/><F108/><W100/><G9/><T51/><D51/><RYUUKYOKU ba="0,0" sc="132,15,290,15,223,-15,355,-15" hai0="84,85,88,92,96,101,103" hai1="53,90,95,99" /><INIT seed="4,1,0,2,5,68" ten="147,305,208,340" oya="0" hai0="87,134,23,124,28,116,135,90,110,45,36,53,111" hai1="60,125,108,62,54,89,120,57,19,112,38,100,15" hai2="118,20,103,114,84,5,13,27,127,17,31,109,40" hai3="58,99,122,117,35,51,101,18,67,48,105,6,14"/><T11/><D11/><U56/><E108/><N who="0" m="41513" /><D116/><U37/><E120/><V4/><F118/><W86/><G117/><T102/><D102/><U104/><E125/><V21/><F109/><W49/><G35/><T65/><D65/><U129/><E129/><V25/><F114/><W30/><G122/><T44/><D124/><U1/><E1/><V24/><F103/><W123/><G30/><T78/><D78/><U113/><E89/><V98/><F98/><W107/><G123/><T73/><D73/><U3/><E3/><V128/><F127/><W133/><G133/><N who="0" m="50699" /><D53/><N who="1" m="33807" /><E100/><V97/><F97/><W131/><G131/><T71/><D71/><U47/><E47/><N who="0" m="17993" /><D23/><N who="1" m="11775" /><E104/><V95/><F128/><W126/><G126/><T26/><D26/><N who="2" m="10346" /><F40/><W12/><G107/><T46/><D28/><U22/><E22/><V85/><F85/><W132/><G86/><T9/><D9/><U64/><E64/><V16/><F31/><W74/><G74/><T34/><D34/><U72/><E72/><V76/><F76/><W43/><G132/><T50/><D87/><U79/><E79/><V106/><F106/><W81/><G105/><T33/><D33/><U115/><AGARI ba="1,0" hai="37,38,54,57,62,112,113,115" m="11775,33807" machi="115" ten="30,7900,0" yaku="15,1,11,1,52,2" doraHai="68" who="1" fromWho="1" sc="147,-40,305,82,208,-21,340,-21" /><INIT seed="5,0,0,0,5,62" ten="107,387,187,319" oya="1" hai0="36,116,111,97,3,57,64,104,40,132,48,108,43" hai1="74,51,63,0,50,99,20,83,129,42,15,32,102" hai2="44,92,133,98,27,89,21,114,112,22,59,73,4" hai3="25,84,60,1,49,122,119,28,120,78,100,76,128"/><U45/><E32/><V121/><F121/><W79/><G1/><T38/><D97/><U101/><E0/><V35/><F73/><W106/><G128/><T53/><D104/><U13/><E129/><V12/><F133/><W18/><G119/><T54/><D3/><U123/><E123/><V90/><F44/><W85/><G120/><T134/><D116/><U87/><E74/><V77/><F77/><W66/><G122/><T24/><D24/><U118/><E118/><V105/><F105/><W2/><G2/><T86/><D86/><U52/><E63/><V94/><F59/><N who="3" m="37151" /><G106/><T71/><D64/><U69/><E69/><V113/><F35/><W16/><G100/><N who="1" m="38506" /><E99/><V130/><F130/><W126/><G126/><T103/><D103/><U56/><E20/><V115/><N who="2" m="28672" /><DORA hai="33" /><V131/><F131/><W39/><G39/><T80/><D71/><U127/><E127/><V96/><REACH who="2" step="1"/><F27/><REACH who="2" ten="107,387,177,319" step="2"/><W81/><G78/><AGARI ba="0,1" hai="13,15,42,45,50,51,52,56,78,83,87" m="38506" machi="78" ten="30,2900,0" yaku="8,1,54,1" doraHai="62,33" who="1" fromWho="3" sc="107,0,387,39,177,0,319,-29" /><INIT seed="5,1,0,4,4,0" ten="107,426,177,290" oya="1" hai0="101,129,32,115,83,60,12,128,107,42,130,125,46" hai1="112,123,27,9,74,88,4,68,85,111,102,26,28" hai2="66,37,21,82,67,45,94,25,53,10,109,11,44" hai3="64,3,131,122,54,57,80,18,50,29,58,76,7"/><U120/><E68/><V36/><F109/><W116/><G122/><T90/><D32/><U127/><E74/><V132/><F132/><W51/><G131/><T13/><D115/><U98/><E112/><V48/><F94/><W39/><G116/><T17/><D125/><U99/><E127/><V108/><F108/><W103/><G39/><T40/><D60/><U1/><E111/><V47/><F36/><W84/><G29/><T114/><D114/><U124/><E124/><V22/><F37/><W119/><G119/><T56/><D56/><U87/><E87/><V79/><F22/><W23/><G103/><T106/><D101/><U52/><E99/><V104/><F104/><W20/><G3/><T81/><D46/><U59/><E28/><V63/><F10/><W70/><G70/><T110/><D110/><U30/><E30/><V5/><F63/><W93/><G93/><T92/><D92/><U31/><E31/><V71/><F71/><W126/><G126/><T62/><D62/><U19/><E19/><N who="2" m="12479" /><F67/><W100/><G100/><T14/><D17/><U69/><E69/><V78/><F66/><W8/><G64/><T41/><REACH who="0" step="1"/><D90/><REACH who="0" ten="97,426,177,290" step="2"/><U6/><E123/><V65/><F65/><W105/><G105/><AGARI ba="1,1" hai="12,13,14,40,41,42,81,83,105,106,107,128,129,130" machi="105" ten="50,12000,2" yaku="1,1,2,1,29,2,28,2,19,1,53,0" doraHai="0" doraHaiUra="2" who="0" fromWho="3" sc="97,133,426,0,177,0,290,-123" /><INIT seed="6,0,0,2,3,112" ten="230,426,177,167" oya="2" hai0="57,33,0,7,116,60,111,103,89,46,6,64,105" hai1="91,26,37,52,42,31,4,121,119,3,38,58,100" hai2="53,69,45,98,75,129,80,13,127,11,79,73,67" hai3="17,130,16,133,104,18,2,99,101,123,34,125,27"/><V22/><F127/><W21/><G123/><T63/><D111/><U94/><E121/><V113/><F113/><W66/><G130/><T68/><D33/><U132/><E132/><V81/><F129/><W40/><G133/><T86/><D0/><U65/><E65/><V76/><F98/><W131/><G131/><T120/><D116/><U82/><E82/><V96/><F96/><W49/><G125/><T62/><D62/><U48/><E42/><V102/><F102/><W25/><G2/><T70/><D46/><U36/><E100/><V12/><F22/><W92/><G66/><T110/><D110/><U77/><E77/><V72/><F72/><W8/><G104/><T10/><D10/><U41/><E41/><V47/><F13/><W108/><G108/><T124/><D105/><U118/><E4/><V50/><F45/><N who="3" m="25767" /><G34/><T126/><D103/><U61/><E61/><V106/><F106/><W107/><G107/><T95/><D120/><U128/><E3/><V115/><F115/><W44/><G44/><T84/><D64/><U28/><E128/><V55/><F67/><W43/><G43/><T24/><D126/><U20/><REACH who="1" step="1"/><E31/><REACH who="1" ten="230,416,177,167" step="2"/><V1/><F1/><W30/><G8/><T39/><D124/><U134/><E134/><V35/><F69/><W51/><G51/><T54/><D70/><U78/><E78/><V93/><F55/><W9/><G9/><T114/><D114/><U85/><AGARI ba="0,1" hai="20,26,28,36,37,38,48,52,58,85,91,94,118,119" machi="85" ten="30,12000,2" yaku="1,1,0,1,52,2,54,1,53,1" doraHai="112" doraHaiUra="88" who="1" fromWho="1" sc="230,-30,416,130,177,-60,167,-30" /><INIT seed="7,0,0,4,2,50" ten="200,546,117,137" oya="3" hai0="125,82,97,38,74,56,10,30,118,16,121,24,71" hai1="114,69,109,120,119,105,9,3,19,134,39,116,100" hai2="101,45,131,44,95,80,8,1,81,49,108,54,85" hai3="11,76,91,99,72,90,47,66,23,123,133,32,40"/><W130/><G32/><T62/><D121/><U33/><E19/><V135/><F108/><W93/><G123/><T12/><D38/><U51/><E51/><V26/><F135/><W103/><G133/><T106/><D71/><U117/><E9/><V61/><F131/><W28/><G130/><T70/><D70/><U75/><E100/><V57/><F44/><W59/><G72/><T14/><D125/><U20/><E20/><V124/><F124/><W78/><G11/><T43/><D118/><U88/><E88/><N who="3" m="33834" /><G40/><T27/><D43/><U17/><E17/><V5/><F85/><W92/><G47/><T34/><D74/><U31/><E31/><V29/><F95/><W127/><G93/><T60/><D34/><U0/><E0/><V41/><REACH who="2" step="1"/><F101/><REACH who="2" ten="200,546,107,137" step="2"/><W55/><G127/><T113/><D106/><U15/><E117/><V63/><F63/><N who="3" m="36351" /><G66/><T42/><D62/><U107/><E107/><V35/><AGARI ba="0,1" hai="1,5,8,26,29,35,41,45,49,54,57,61,80,81" machi="35" ten="20,8000,1" yaku="1,1,0,1,7,1,52,1,53,1" doraHai="50" doraHaiUra="7" who="2" fromWho="2" sc="200,-20,546,-20,107,90,137,-40" owari="180,-22.0,526,62.0,197,0.0,97,-40.0" /></mjloggm>