<mjloggm ver="2.3"><GO type="41" lobby="0"/><UN n0="%E3%81%B0%E3%82%93%E3%81%9F%E3%82%93" n1="%E6%96%89%E8%97%A4%E7%A5%90" n2="%50%E3%82%BF%E3%83%83%E3%82%AD%E3%83%BC" n3="%E2%93%9D%53%75%70%68%78" dan="13,13,14,18" rate="1843.45,1963.00,1899.34,2097.77" sx="M,M,M,M"/><TAIKYOKU oya="0"/><INIT seed="0,0,0,1,4,21" ten="250,250,250,250" oya="0" hai0="26,80,87,60,115,24,79,15,83,50,57,2,36" hai1="105,77,64,82,92,70,110,126,6,135,4,89,40" hai2="127,71,48,134,49,7,130,25,90,63,103,52,12" hai3="121,38,54,29,132,104,59,46,116,56,100,1,117"/><T86/><D115/><U125/><E105/><V84/><F103/><W18/><G1/><T28/><D2/><U16/><E40/><V66/><F134/><W27/><G132/><T8/><D36/><U3/><E110/><V108/><F108/><W72/><G72/><T128/><D50/><U129/><E129/><V45/><F130/><W85/><G18/><T61/><D28/><U10/><E4/><V76/><F76/><W68/><G68/><T93/><D93/><U35/><E35/><V75/><F75/><W31/><G85/><T42/><D42/><U17/><E64/><V9/><F48/><W58/><G121/><T122/><D122/><U109/><E70/><V14/><F127/><N who="1" m="48649" /><E109/><V19/><F14/><W113/><G113/><T91/><D128/><U33/><E33/><V111/><F111/><W124/><G124/><T101/><D101/><U11/><E11/><V41/><F41/><W44/><G100/><T22/><D22/><U133/><E135/><V37/><F37/><W32/><G104/><T99/><D99/><N who="1" m="57743" /><E133/><V23/><F7/><W74/><G38/><T73/><D73/><AGARI ba="0,0" hai="3,6,10,16,17,73,77,82" m="57743,48649" machi="73" ten="30,2000,0" yaku="18,1,54,1" doraHai="21" who="1" fromWho="0" sc="250,-20,250,20,250,0,250,0" /><INIT seed="1,0,0,3,2,110" ten="230,270,250,250" oya="1" hai0="58,14,131,37,0,57,11,21,92,87,74,3,63" hai1="100,94,73,41,116,65,31,84,36,19,88,114,113" hai2="127,117,124,55,95,32,7,86,28,125,106,1,35" hai3="120,93,30,75,109,6,134,8,46,105,80,77,85"/><U50/><E116/><V4/><F106/><W42/><G109/><T108/><D131/><U130/><E130/><V76/><F76/><W118/><G134/><T45/><D108/><U12/><E73/><V72/><F72/><W70/><G120/><T53/><D74/><U112/><E31/><V123/><F95/><W5/><G5/><N who="2" m="2121" /><F28/><W128/><G70/><T17/><D37/><U82/><E65/><V69/><F86/><W119/><G30/><T91/><D45/><U78/><E36/><V135/><F69/><W132/><G132/><T10/><D0/><U34/><E34/><N who="2" m="12843" /><F135/><W20/><G105/><T40/><D3/><U33/><E33/><V13/><F1/><W79/><G128/><T43/><D10/><U62/><E62/><V133/><F133/><W81/><G93/><T96/><D11/><U104/><E50/><V122/><F55/><W29/><G29/><T49/><D96/><U9/><E41/><V39/><F39/><W97/><G97/><T25/><REACH who="0" step="1"/><D25/><REACH who="0" ten="220,270,250,250" step="2"/><U54/><E104/><V60/><F117/><W99/><G99/><T90/><D90/><U107/><E107/><V103/><F103/><W83/><G119/><T61/><D61/><U26/><E100/><V89/><F89/><W66/><G118/><T16/><D16/><U59/><E26/><V111/><F111/><W64/><G75/><T126/><D126/><U129/><E129/><V68/><F13/><N who="3" m="5271" /><G79/><T15/><D15/><U56/><E54/><AGARI ba="0,1" hai="14,17,21,40,43,49,53,54,57,58,63,87,91,92" machi="54" ten="30,8000,1" yaku="1,1,7,1,25,2,8,1,53,0" doraHai="110" doraHaiUra="121" who="0" fromWho="1" sc="220,90,270,-80,250,0,250,0" /><INIT seed="2,0,0,0,2,91" ten="310,190,250,250" oya="2" hai0="86,70,69,21,60,2,109,131,119,10,100,23,59" hai1="122,113,43,35,45,99,135,96,116,8,57,125,92" hai2="32,84,127,114,34,107,58,1,15,61,38,67,115" hai3="17,129,9,24,11,79,74,104,112,120,95,3,126"/><V124/><F107/><W103/><G120/><T54/><D131/><U93/><E35/><V62/><F38/><W42/><G104/><T20/><D109/><U39/><E116/><V98/><F84/><W134/><G126/><N who="2" m="48169" /><F98/><N who="1" m="37417" /><E125/><V50/><F50/><W64/><G74/><T56/><D119/><U19/><E39/><V94/><F1/><W106/><G106/><T13/><D2/><U55/><E113/><N who="2" m="43019" /><F15/><W88/><G3/><T76/><D100/><U105/><E135/><V130/><F130/><W83/><G103/><T29/><D59/><U36/><E36/><V128/><F128/><W6/><G129/><T111/><D70/><U22/><E8/><V40/><F40/><W102/><G42/><T123/><D69/><U65/><E105/><V16/><F16/><W87/><G102/><T132/><D13/><N who="1" m="9583" /><E122/><V41/><F41/><W47/><G112/><T63/><D123/><U37/><E37/><V133/><F133/><W72/><G134/><T31/><D132/><U81/><E81/><V27/><F27/><W101/><G24/><T49/><D86/><U108/><E108/><V80/><F80/><W118/><G118/><T68/><D111/><U44/><E43/><V75/><F75/><W53/><G72/><T46/><D68/><U14/><E14/><V52/><F32/><W117/><G117/><T33/><D33/><U4/><E4/><V7/><F7/><W97/><G6/><T48/><D48/><N who="1" m="30951" /><E65/><V30/><F34/><W26/><G101/><T0/><D0/><U121/><E121/><V89/><F67/><W110/><G110/><T90/><D10/><RYUUKYOKU ba="0,0" sc="310,-10,190,30,250,-10,250,-10" hai1="44,45,92,93" /><INIT seed="3,1,0,4,2,135" ten="300,220,240,240" oya="3" hai0="44,100,63,60,83,55,16,30,132,134,7,121,78" hai1="6,58,48,32,96,12,52,35,108,111,15,127,73" hai2="68,45,9,110,118,69,13,54,72,91,1,122,94" hai3="39,84,24,46,87,5,114,3,8,0,75,82,81"/><W64/><G114/><T98/><D121/><U97/><E73/><V123/><F72/><W28/><G64/><T59/><D7/><U88/><E97/><V99/><F118/><W51/><G3/><T22/><D30/><U40/><E40/><V107/><F107/><W20/><G39/><T130/><D44/><U79/><E79/><V115/><F115/><W29/><G29/><T116/><D130/><U18/><E6/><V10/><F1/><W93/><G93/><T117/><D117/><U21/><E12/><V27/><F27/><W124/><G124/><T90/><D90/><U17/><E18/><V125/><F125/><W26/><G26/><T77/><D63/><U65/><E65/><V101/><F101/><W41/><REACH who="3" step="1"/><G75/><REACH who="3" ten="300,220,240,230" step="2"/><T37/><D37/><U89/><E127/><V103/><F123/><W128/><G128/><T4/><D116/><U42/><E35/><V25/><F25/><W120/><G120/><T67/><D67/><U80/><E32/><V11/><F122/><W131/><G131/><T113/><D113/><U85/><REACH who="1" step="1"/><E42/><REACH who="1" ten="300,210,240,230" step="2"/><V86/><F13/><W31/><G31/><T23/><D134/><U57/><E57/><V56/><F68/><W104/><G104/><T36/><D59/><U49/><E49/><N who="2" m="28975" /><F56/><W126/><G126/><T38/><D132/><U119/><E119/><V109/><F69/><W33/><G33/><T19/><D38/><U62/><E62/><V76/><F103/><W61/><G61/><T34/><D60/><U133/><E133/><V105/><F105/><W53/><G53/><T106/><D100/><U66/><E66/><RYUUKYOKU ba="1,2" sc="300,-30,210,10,240,10,230,10" hai1="15,17,21,48,52,58,80,85,88,89,96,108,111" hai2="9,10,11,76,86,91,94,99,109,110" hai3="0,5,8,20,24,28,41,46,51,81,82,84,87" /><INIT seed="3,2,2,1,2,118" ten="270,220,250,240" oya="3" hai0="30,25,96,4,92,47,24,81,99,104,45,13,111" hai1="38,94,122,3,101,29,117,79,126,8,2,85,74" hai2="28,89,27,90,34,18,10,59,61,56,63,41,1" hai3="121,91,65,49,108,50,98,16,82,19,55,21,66"/><W68/><G121/><T87/><D111/><U93/><E117/><V62/><F41/><W9/><G108/><T135/><D135/><U52/><E38/><V103/><F103/><W127/><G127/><T75/><D75/><U131/><E29/><V84/><F90/><W12/><G68/><T60/><D60/><U86/><E131/><V80/><F18/><W128/><G128/><T132/><D132/><U120/><E79/><V46/><F46/><N who="0" m="17418" /><D104/><U14/><E74/><V53/><REACH who="2" step="1"/><F59/><REACH who="2" ten="270,220,240,240" step="2"/><N who="3" m="33263" /><G50/><T26/><D30/><U70/><E101/><V64/><F64/><W72/><G72/><T77/><D92/><U133/><E93/><V44/><F44/><W115/><G115/><T130/><D130/><U95/><E95/><V67/><F67/><W22/><G98/><T20/><D4/><AGARI ba="2,3" hai="1,4,10,27,28,34,53,56,61,62,63,80,84,89" machi="4" ten="40,1300,0" yaku="1,1,53,0" doraHai="118" doraHaiUra="125" who="2" fromWho="0" sc="270,-19,220,0,240,49,240,0" /><INIT seed="4,0,0,3,4,124" ten="251,220,289,240" oya="0" hai0="113,27,129,7,38,43,88,119,128,55,118,89,77" hai1="59,41,75,5,12,17,132,57,63,28,91,125,94" hai2="110,56,106,102,135,25,34,123,122,24,82,107,112" hai3="50,127,103,111,19,99,9,98,49,101,40,42,46"/><T33/><D113/><U73/><E125/><V15/><F112/><W90/><G127/><T105/><D105/><U22/><E132/><V14/><F135/><W71/><G71/><T76/><D7/><U48/><E28/><V117/><F110/><W20/><G9/><T133/><D133/><U18/><E5/><V93/><F93/><N who="3" m="56631" /><G111/><T131/><D38/><U30/><E30/><V10/><F34/><W44/><G99/><T54/><D43/><U23/><E41/><V109/><F109/><W4/><G4/><T114/><D114/><U70/><E70/><V100/><F82/><W16/><G19/><T21/><D33/><U83/><E83/><V96/><F96/><W53/><G53/><N who="0" m="19979" /><D119/><U84/><E48/><V60/><F60/><W35/><G35/><T72/><D118/><U8/><E8/><V64/><F64/><W26/><AGARI ba="0,0" hai="16,20,26,40,42,44,46,49,50,101,103" m="56631" machi="26" ten="30,2000,0" yaku="8,1,54,1" doraHai="124" who="3" fromWho="3" sc="251,-10,220,-5,289,-5,240,20" /><INIT seed="5,0,0,5,3,114" ten="241,215,284,260" oya="1" hai0="52,25,56,55,58,83,29,131,54,113,72,6,120" hai1="22,21,60,50,2,112,63,77,17,76,129,8,115" hai2="89,94,104,101,71,35,91,11,93,135,125,59,12" hai3="124,44,42,134,1,123,68,97,100,117,133,0,109"/><U65/><E129/><V102/><F35/><W64/><G109/><T15/><D131/><U37/><E37/><V92/><F71/><W20/><G123/><T61/><D113/><N who="1" m="43595" /><E63/><V116/><F59/><W122/><G124/><T106/><D106/><U30/><E50/><V107/><F11/><W75/><G75/><T86/><D72/><U121/><E121/><V32/><F32/><W14/><G117/><T103/><D103/><N who="2" m="39434" /><F125/><W70/><G122/><T34/><D120/><U19/><E30/><V5/><F5/><W39/><G70/><T23/><D61/><U28/><E28/><V51/><F51/><W67/><G68/><T46/><D46/><U130/><E130/><V13/><F135/><N who="3" m="51723" /><G67/><T10/><REACH who="0" step="1"/><D34/><REACH who="0" ten="231,215,284,260" step="2"/><U81/><E60/><V98/><F107/><N who="3" m="63887" /><G64/><T78/><AGARI ba="0,1" hai="6,10,15,23,25,29,52,54,55,56,58,78,83,86" machi="78" ten="30,7900,0" yaku="1,1,0,1,8,1,54,1,53,0" doraHai="114" doraHaiUra="118" who="0" fromWho="0" sc="231,89,215,-39,284,-20,260,-20" /><INIT seed="6,0,0,3,0,113" ten="320,176,264,240" oya="2" hai0="72,98,37,101,8,77,38,21,88,59,65,34,111" hai1="48,114,44,71,133,41,31,80,92,90,115,130,55" hai2="68,58,135,13,93,73,43,1,124,96,121,4,19" hai3="117,22,112,23,128,47,104,66,107,20,84,129,105"/><V79/><F68/><W51/><G112/><N who="1" m="43050" /><E31/><V39/><F135/><W50/><G66/><T132/><D34/><U52/><E80/><V32/><F32/><W12/><G12/><T53/><D65/><U89/><E92/><V94/><F94/><W46/><G84/><T30/><D8/><U40/><E133/><V3/><F4/><W18/><G18/><T110/><D72/><U78/><E78/><V85/><F121/><W63/><G63/><T106/><D88/><N who="1" m="33899" /><E71/><V16/><F85/><W7/><G7/><T119/><D77/><U100/><E100/><V83/><F19/><W29/><G29/><T70/><D70/><U6/><E6/><V125/><F39/><W0/><G0/><T35/><D37/><U123/><E123/><V17/><F17/><W74/><G74/><T56/><D38/><U64/><E64/><V120/><F120/><W67/><G67/><T87/><D35/><U61/><E130/><N who="3" m="50282" /><G117/><T126/><D119/><U122/><E122/><V28/><F28/><W33/><G33/><T95/><D132/><U5/><E5/><V42/><F1/><W15/><G15/><T86/><D87/><U45/><E61/><V91/><F3/><W127/><G127/><T97/><D126/><U109/><E109/><V54/><F125/><W108/><G108/><T10/><D111/><U102/><E102/><V76/><F124/><W116/><G116/><T60/><D101/><U99/><E99/><V82/><F79/><W69/><G69/><T49/><D98/><U26/><E26/><V57/><F82/><W2/><G2/><T131/><D110/><RYUUKYOKU ba="0,0" sc="320,-15,176,15,264,-15,240,15" hai1="40,41,44,45,48,52,55" hai3="20,22,23,46,47,50,51,104,105,107" /><INIT seed="7,1,0,0,1,66" ten="305,191,249,255" oya="3" hai0="98,76,45,94,14,46,100,135,119,20,107,63,127" hai1="54,17,12,7,47,113,80,114,78,93,6,44,30" hai2="108,58,129,38,32,130,77,49,88,19,123,0,103" hai3="96,55,25,56,92,50,34,1,27,83,116,70,2"/><W69/><G116/><T40/><D119/><U97/><E30/><V48/><F32/><W131/><G131/><N who="2" m="50185" /><F38/><W31/><G27/><T13/><D135/><U72/><E113/><V102/><F0/><W71/><REACH who="3" step="1"/><G83/><REACH who="3" ten="305,191,249,245" step="2"/><T59/><D127/><U43/><E114/><V110/><F123/><W111/><G111/><T133/><D133/><U82/><E80/><V104/><F110/><W51/><G51/><N who="0" m="27047" /><D46/><U87/><E47/><V124/><F124/><W105/><G105/><T120/><D107/><U41/><E72/><V122/><F122/><W57/><G57/><T84/><D120/><U39/><E43/><V8/><F104/><W10/><G10/><T24/><D76/><U125/><E125/><V134/><F134/><W101/><AGARI ba="1,1" hai="1,2,25,31,34,50,55,56,69,70,71,92,96,101" machi="101" ten="30,18000,2" yaku="1,1,0,1,52,3,53,1" doraHai="66" doraHaiUra="95" who="3" fromWho="3" sc="305,-61,191,-61,249,-61,245,193" owari="244,4.0,130,-37.0,188,-21.0,438,54.0" /></mjloggm>