<mjloggm ver="2.3"><GO type="41" lobby="0"/><UN n0="%E3%83%8A%E3%83%8A%E3%82%A4%E3%83%AD%E3%83%A9%E3%82%A4%E3%83%88%E2%98%86" n1="%53%68%69%6E%43%68%69" n2="%E2%93%9D%53%75%70%68%78" n3="%E5%A4%A9%E7%A5%9E%E9%B3%B3%E4%BD%8D" dan="15,14,18,14" rate="2035.41,1926.49,2118.05,1960.68" sx="F,M,M,M"/><TAIKYOKU oya="0"/><INIT seed="0,0,0,5,0,134" ten="250,250,250,250" oya="0" hai0="42,58,31,135,103,75,32,38,29,37,26,2,55" hai1="115,117,65,35,15,87,4,130,5,54,62,12,129" hai2="64,101,92,121,72,127,102,49,89,118,13,106,9" hai3="20,45,10,68,85,107,33,84,124,30,63,122,0"/><T128/><D135/><U80/><E117/><V48/><F121/><W97/><G20/><T82/><D2/><U133/><E35/><V93/><F72/><W46/><G122/><T66/><D128/><N who="1" m="49259" /><E54/><V47/><F106/><W67/><G124/><T70/><D103/><U99/><E99/><V108/><F108/><W110/><G110/><T44/><D31/><U25/><E25/><V51/><F64/><W8/><G46/><T94/><D94/><U79/><E115/><V111/><F127/><W23/><G23/><T86/><D75/><U59/><E133/><V22/><F118/><W11/><G45/><T21/><D38/><U119/><E119/><V74/><F74/><W28/><G0/><T131/><D131/><U61/><E62/><V41/><F111/><W19/><G30/><T114/><D114/><U83/><E80/><V132/><F93/><W50/><G19/><T78/><D66/><U88/><E79/><V43/><F132/><W90/><G50/><N who="2" m="19561" /><F43/><W109/><G90/><T57/><D70/><U18/><E12/><V105/><F105/><W73/><G73/><T53/><D32/><U27/><E27/><V1/><F1/><W76/><G76/><T17/><D29/><U69/><E69/><V91/><F91/><W112/><G112/><T52/><AGARI ba="0,0" hai="17,21,26,37,42,44,52,53,55,57,58,78,82,86" machi="52" ten="30,3000,0" yaku="0,1,54,1" doraHai="134" who="0" fromWho="0" sc="250,30,250,-10,250,-10,250,-10" /><INIT seed="0,1,0,0,4,102" ten="280,240,240,240" oya="0" hai0="83,98,97,130,59,82,81,24,75,9,106,54,7" hai1="65,62,4,93,96,132,79,46,85,43,55,69,18" hai2="66,20,114,115,64,21,14,122,31,121,88,40,6" hai3="60,86,71,70,26,2,99,128,17,110,73,35,51"/><T80/><D130/><U113/><E132/><V134/><F40/><W50/><G73/><T3/><D24/><U105/><E113/><V1/><F88/><W57/><G2/><T104/><N who="0" m="20480" /><DORA hai="27" /><T129/><D129/><U123/><E79/><V37/><F37/><W116/><G86/><T41/><D41/><U94/><E85/><V12/><F6/><W58/><G26/><T56/><D75/><U135/><E135/><V22/><F134/><W77/><G128/><T101/><REACH who="0" step="1"/><D54/><REACH who="0" ten="270,240,240,240" step="2"/><U120/><E55/><V39/><F115/><W103/><G77/><T126/><D126/><U13/><E120/><V90/><F114/><W100/><G116/><T76/><D76/><U48/><E123/><V117/><F117/><W45/><G35/><T28/><D28/><U89/><E4/><V127/><F31/><W133/><G133/><T0/><D0/><U68/><E89/><V92/><F1/><W16/><G110/><T78/><D78/><U111/><E111/><V33/><F127/><W29/><G29/><T131/><D131/><U49/><E13/><V5/><F14/><W112/><G112/><T44/><D44/><U72/><E46/><V34/><F12/><W107/><G45/><T38/><D38/><U87/><E43/><V25/><F39/><W67/><G60/><T15/><D15/><U74/><E72/><V53/><F25/><W95/><G51/><T8/><D8/><U36/><E74/><V124/><F122/><W108/><G50/><T32/><D32/><U30/><E36/><V42/><F121/><W19/><G108/><T47/><D47/><RYUUKYOKU ba="1,1" sc="270,30,240,-10,240,-10,240,-10" hai0="3,7,9,56,59,97,98,101,104,106" /><INIT seed="0,2,1,5,5,58" ten="300,230,230,230" oya="0" hai0="63,75,20,62,65,80,51,96,85,113,94,15,50" hai1="52,111,123,107,84,110,91,47,48,124,32,130,37" hai2="74,12,13,55,17,122,120,108,119,35,19,28,57" hai3="70,106,26,44,4,76,98,114,118,128,81,1,31"/><T77/><D113/><U60/><E107/><V59/><F74/><N who="3" m="43159" /><G114/><T131/><D131/><U67/><E123/><V88/><F108/><N who="1" m="41513" /><E32/><V2/><F2/><W36/><G128/><T18/><D75/><U54/><E130/><V45/><F45/><W100/><G118/><T103/><REACH who="0" step="1"/><D63/><REACH who="0" ten="290,230,230,230" step="2"/><U116/><E116/><V41/><F119/><W86/><G86/><T38/><D38/><U104/><E37/><V89/><F122/><W115/><G115/><T14/><D14/><U23/><E124/><V121/><F121/><W53/><G36/><T0/><D0/><U109/><E109/><V83/><F13/><W79/><G1/><T22/><D22/><U93/><E23/><V25/><F12/><W101/><G26/><T68/><AGARI ba="2,2" hai="15,18,20,50,51,62,65,68,77,80,85,94,96,103" machi="68" ten="20,7800,0" yaku="1,1,0,1,7,1,52,1,53,0" doraHai="58" doraHaiUra="39" who="0" fromWho="0" sc="290,104,230,-28,230,-28,230,-28" /><INIT seed="0,3,0,1,3,131" ten="394,202,202,202" oya="0" hai0="50,88,129,121,54,12,86,46,61,38,95,135,57" hai1="6,77,113,32,125,40,134,76,111,56,87,101,18" hai2="115,105,66,4,82,97,51,123,7,78,5,99,15" hai3="13,81,122,11,3,10,39,19,91,104,2,36,130"/><T124/><D121/><U102/><E32/><V100/><F123/><W68/><G122/><T42/><D129/><U120/><E40/><V47/><F115/><W108/><G130/><T126/><D135/><U60/><E6/><V33/><F33/><W45/><G104/><T67/><REACH who="0" step="1"/><D12/><REACH who="0" ten="384,202,202,202" step="2"/><U35/><E120/><V128/><F15/><W75/><G13/><T37/><D37/><U63/><E134/><V119/><F128/><W31/><G39/><T20/><D20/><U90/><E35/><V92/><F119/><W59/><G36/><T116/><D116/><U49/><E113/><V14/><F14/><W52/><G2/><T30/><D30/><U69/><E125/><V0/><F0/><W24/><G31/><T114/><D114/><U118/><E118/><V89/><F7/><W112/><G3/><T41/><D41/><U55/><E18/><V70/><F5/><W96/><G19/><T79/><D79/><U109/><E77/><V8/><F4/><W84/><G112/><T44/><AGARI ba="3,1" hai="38,42,44,46,50,54,57,61,67,86,88,95,124,126" machi="44" ten="30,6000,0" yaku="1,1,0,1,54,1,53,0" doraHai="131" doraHaiUra="16" who="0" fromWho="0" sc="384,79,202,-23,202,-23,202,-23" /><INIT seed="0,4,0,0,1,10" ten="463,179,179,179" oya="0" hai0="51,3,49,91,23,118,19,1,0,107,83,93,84" hai1="28,80,9,45,131,122,130,78,109,53,31,79,65" hai2="8,97,113,95,105,135,50,123,94,17,12,76,44" hai3="125,102,26,27,5,38,58,63,115,111,100,64,22"/><T34/><D118/><U126/><E122/><V108/><F108/><W73/><G115/><T117/><D117/><U120/><E120/><V75/><F123/><W6/><G73/><T104/><D34/><U2/><E109/><V116/><F135/><W29/><G38/><T42/><D93/><U128/><E65/><V36/><F36/><W40/><G125/><T87/><D87/><U119/><E126/><V89/><F116/><W39/><G111/><T56/><D42/><U60/><E79/><V43/><F105/><W16/><G40/><T68/><D68/><U62/><E60/><V90/><F113/><W127/><G39/><T72/><D72/><U77/><E77/><V124/><F124/><W47/><G47/><T114/><D114/><U121/><E121/><V18/><F76/><W30/><G30/><T82/><D83/><U37/><E37/><V86/><REACH who="2" step="1"/><F75/><REACH who="2" ten="463,179,169,179" step="2"/><W69/><G127/><T33/><D104/><U85/><E119/><V11/><F11/><W110/><G110/><T46/><D107/><U59/><E45/><V88/><F88/><W14/><G69/><T52/><D46/><U106/><E106/><V74/><F74/><W15/><G100/><T70/><D91/><U92/><E92/><V35/><F35/><W134/><G102/><T48/><D33/><U71/><E71/><V32/><F32/><W101/><G101/><T112/><D70/><U7/><AGARI ba="4,1" hai="2,7,9,28,31,53,59,62,78,80,85,128,130,131" machi="7" ten="40,2700,0" yaku="0,1,19,1" doraHai="10" who="1" fromWho="1" sc="463,-17,179,49,169,-11,179,-11" /><INIT seed="1,0,0,4,5,96" ten="446,228,158,168" oya="1" hai0="84,76,15,29,38,7,83,46,50,3,62,10,42" hai1="22,61,133,58,81,59,79,13,56,64,8,120,80" hai2="35,121,39,127,51,116,53,109,117,43,24,63,27" hai3="52,134,100,32,31,5,19,82,37,25,36,21,11"/><U67/><E120/><V122/><F27/><W74/><G134/><T115/><D115/><U105/><E105/><V126/><F24/><W2/><G100/><T45/><D29/><U33/><E33/><V110/><F63/><W57/><G82/><T20/><D62/><U97/><E133/><V23/><F23/><W78/><G78/><T69/><D69/><U85/><E22/><V94/><F94/><W55/><G74/><T48/><D46/><U124/><E124/><N who="2" m="47659" /><F43/><W114/><G55/><T112/><D112/><U28/><E28/><V135/><F39/><W111/><G111/><N who="2" m="42505" /><F35/><W108/><G114/><T1/><D20/><U16/><E80/><V71/><F71/><W49/><REACH who="3" step="1"/><G108/><REACH who="3" ten="446,228,158,158" step="2"/><T90/><D76/><U77/><E79/><V123/><F135/><W75/><G75/><T92/><D83/><U73/><E73/><V4/><F4/><W70/><G70/><T17/><D7/><U125/><E125/><V119/><F123/><W93/><G93/><T9/><D92/><U104/><REACH who="1" step="1"/><E61/><REACH who="1" ten="446,218,158,158" step="2"/><V87/><F87/><W106/><G106/><T129/><D84/><U95/><E95/><V113/><F113/><W86/><G86/><T66/><D10/><U14/><E14/><AGARI ba="0,2" hai="2,5,11,14,19,21,25,31,32,36,37,49,52,57" machi="14" ten="30,8000,1" yaku="1,1,7,1,24,2,54,1,53,0" doraHai="96" doraHaiUra="98" who="3" fromWho="1" sc="446,0,218,-80,158,0,158,100" /><INIT seed="2,0,0,3,2,134" ten="446,138,158,258" oya="2" hai0="43,34,0,70,22,50,14,82,87,97,56,13,28" hai1="16,95,89,55,62,113,128,102,42,33,53,126,27" hai2="104,84,101,111,81,17,75,51,36,114,72,99,32" hai3="92,58,116,125,80,49,47,60,83,103,31,132,8"/><V86/><F36/><W39/><G39/><T54/><D70/><U129/><E113/><V38/><F38/><W23/><G8/><T4/><D34/><U135/><E135/><V15/><F32/><W76/><G116/><T61/><D0/><U68/><E42/><V119/><F119/><W63/><G132/><T5/><D97/><U94/><E102/><V1/><F1/><W12/><G76/><T96/><D96/><U90/><E33/><V65/><F114/><W45/><G63/><T110/><D110/><U37/><E37/><V21/><F86/><W6/><G125/><T79/><D28/><U18/><E27/><V29/><F65/><N who="3" m="39063" /><G6/><N who="0" m="2667" /><D22/><U124/><E62/><V67/><F67/><W64/><G45/><AGARI ba="0,0" hai="13,14,43,45,50,54,56,61,79,82,87" m="2667" machi="45" ten="30,1000,0" yaku="8,1" doraHai="134" who="0" fromWho="3" sc="446,10,138,0,158,0,258,-10" /><INIT seed="3,0,0,2,3,58" ten="456,138,158,248" oya="3" hai0="67,101,36,54,20,64,121,29,31,82,41,119,127" hai1="45,52,92,74,43,6,126,111,44,133,46,103,17" hai2="57,89,75,81,14,63,113,72,122,69,37,21,22" hai3="38,104,95,123,130,65,71,106,105,117,135,18,2"/><W48/><G117/><T39/><D119/><U100/><E74/><V34/><F113/><W97/><G38/><T8/><D101/><U59/><E111/><V86/><F34/><W1/><G123/><T27/><D29/><U56/><E126/><V12/><F69/><W78/><G78/><T50/><D121/><U62/><E6/><V112/><F112/><W28/><G28/><T98/><D127/><U53/><E133/><V102/><F37/><W47/><G18/><T51/><D98/><U114/><E114/><V99/><F75/><W49/><G49/><T134/><D134/><U80/><E80/><V3/><F3/><W77/><G77/><T66/><D8/><U96/><E100/><V42/><F42/><W16/><G16/><T0/><D0/><U128/><E17/><V4/><F72/><W109/><G130/><T118/><D118/><U13/><E13/><N who="2" m="5227" /><F4/><W93/><G93/><T9/><D9/><U83/><E83/><V55/><F122/><W79/><G79/><T125/><D125/><U87/><E87/><V26/><F26/><W108/><G135/><T132/><D132/><U24/><E24/><V73/><F73/><W110/><G71/><T10/><D10/><U60/><E128/><V131/><F131/><W129/><G129/><T70/><D70/><U91/><E103/><V120/><F120/><W84/><G84/><T107/><D82/><U116/><E116/><V76/><F76/><W88/><G65/><T94/><D94/><AGARI ba="0,0" hai="21,22,55,57,63,81,86,89,94,99,102" m="5227" machi="94" ten="30,2000,0" yaku="8,1,52,1" doraHai="58" who="2" fromWho="0" sc="456,-20,138,0,158,20,248,0" /><INIT seed="4,0,0,4,5,107" ten="436,138,178,248" oya="0" hai0="102,92,121,100,132,113,96,11,80,42,60,51,14" hai1="111,5,78,36,70,26,119,24,123,103,109,71,46" hai2="6,34,29,112,94,124,135,43,93,48,50,85,84" hai3="20,110,44,52,62,55,118,101,53,30,114,83,54"/><T45/><D121/><U47/><E123/><V105/><F105/><W120/><G120/><T15/><D113/><U25/><E103/><V66/><F34/><W81/><G110/><N who="1" m="41994" /><E78/><V18/><F29/><W27/><G118/><T97/><D132/><U106/><E106/><V49/><F124/><W125/><G114/><T4/><D80/><N who="3" m="30793" /><G101/><T75/><D60/><U17/><E17/><V23/><F6/><W40/><G125/><T63/><D63/><U133/><E5/><V69/><F69/><N who="1" m="26121" /><E36/><V79/><F135/><W72/><G72/><T65/><D65/><U58/><E58/><V7/><F7/><W77/><G77/><T33/><D33/><U68/><N who="1" m="26129" /><U131/><DORA hai="117" /><E133/><V116/><F79/><W38/><G38/><T35/><D35/><U129/><E119/><V3/><F116/><W74/><G74/><T104/><REACH who="0" step="1"/><D75/><REACH who="0" ten="426,138,178,248" step="2"/><U28/><E28/><V41/><F112/><W87/><G62/><T12/><AGARI ba="0,1" hai="4,11,12,14,15,42,45,51,92,96,97,100,102,104" machi="12" ten="20,18000,2" yaku="1,1,2,1,0,1,7,1,53,3" doraHai="107,117" doraHaiUra="98,91" who="0" fromWho="0" sc="426,190,138,-60,178,-60,248,-60" /><INIT seed="4,1,0,1,4,88" ten="616,78,118,188" oya="0" hai0="80,130,103,102,68,11,76,62,31,85,114,122,117" hai1="110,6,116,106,15,70,113,12,40,20,53,2,35" hai2="93,41,28,13,124,98,36,21,132,27,8,57,86" hai3="9,7,32,33,127,60,47,73,125,23,38,45,119"/><T39/><D117/><U51/><E70/><V78/><F132/><W58/><G73/><T71/><D39/><U89/><E106/><V108/><F124/><N who="3" m="47691" /><G23/><T19/><D122/><U22/><E110/><V48/><F36/><W52/><G119/><T129/><D114/><U94/><E116/><V95/><F108/><W128/><G128/><N who="0" m="49259" /><D31/><U66/><E40/><V135/><F135/><W65/><G65/><N who="0" m="41015" /><D71/><U46/><E35/><N who="3" m="13386" /><G38/><T75/><D75/><U64/><E2/><AGARI ba="1,0" hai="2,7,9,45,47,52,58,60" m="13386,47691" machi="2" ten="30,2000,0" yaku="18,1,54,1" doraHai="88" who="3" fromWho="1" sc="616,0,78,-23,118,0,188,23" /><INIT seed="5,0,0,2,2,24" ten="616,55,118,211" oya="1" hai0="57,69,7,89,120,104,46,2,3,10,132,109,112" hai1="81,102,131,39,127,68,88,105,99,4,91,12,28" hai2="73,129,101,62,32,34,100,52,26,118,48,111,67" hai3="51,42,96,92,114,95,135,17,29,87,59,134,25"/><U74/><E68/><V76/><F111/><W65/><G17/><T0/><D104/><U37/><E4/><V115/><F118/><W86/><G114/><T103/><D3/><U80/><E12/><V84/><F73/><W125/><G92/><T15/><D15/><U60/><E60/><V117/><F129/><W30/><G25/><T49/><D10/><U133/><E74/><V71/><F117/><W16/><G16/><T124/><D7/><U35/><E35/><V128/><F128/><W107/><G107/><T9/><D69/><U116/><E105/><V19/><F34/><W41/><G65/><T110/><D9/><U6/><E6/><V53/><F53/><N who="3" m="32191" /><G125/><T18/><D124/><U70/><E70/><V79/><F115/><W54/><G54/><T1/><D112/><U106/><E106/><V43/><F32/><W8/><G8/><T61/><D61/><U90/><E127/><V5/><F5/><W21/><G21/><T38/><D2/><U77/><E77/><V123/><F79/><W97/><G97/><T31/><D1/><U72/><E72/><V122/><F71/><W93/><G93/><T85/><D0/><U66/><E66/><V50/><F67/><W98/><G98/><T47/><D38/><U27/><E131/><V121/><F62/><W22/><G22/><T75/><D75/><U13/><E39/><V58/><F76/><W14/><G14/><T36/><D36/><U56/><E37/><V40/><F50/><W20/><G20/><T113/><D113/><U44/><E99/><V64/><F64/><W83/><G96/><RYUUKYOKU ba="0,0" sc="616,0,55,0,118,0,211,0" /><INIT seed="6,1,0,3,2,127" ten="616,55,118,211" oya="2" hai0="133,98,18,8,17,77,40,84,47,61,50,112,23" hai1="35,7,94,36,119,124,130,1,3,38,51,32,13" hai2="5,31,11,65,19,63,33,52,73,0,46,97,78" hai3="113,66,102,58,81,129,6,57,43,96,123,34,116"/><V68/><F19/><W114/><G116/><T79/><D112/><N who="3" m="43113" /><G123/><T128/><D133/><U54/><E124/><V48/><F78/><W53/><G34/><T95/><D128/><U87/><E119/><V42/><F73/><W104/><G129/><T76/><D61/><U27/><E130/><V125/><F125/><W2/><G81/><N who="0" m="47143" /><D8/><U37/><E27/><V59/><F97/><W91/><G91/><N who="0" m="55679" /><D18/><U55/><E54/><V12/><F31/><W24/><G24/><AGARI ba="1,0" hai="17,23,24,40,47,50,77,79" m="55679,47143" machi="24" ten="30,1000,0" yaku="8,1" doraHai="127" who="0" fromWho="3" sc="616,13,55,0,118,0,211,-13" /><INIT seed="7,0,0,0,0,117" ten="629,55,118,198" oya="3" hai0="74,76,113,11,64,3,34,81,57,18,89,134,21" hai1="110,6,93,99,4,39,56,40,53,42,32,16,31" hai2="66,67,9,100,19,25,55,7,94,133,36,95,68" hai3="85,41,90,58,12,75,114,132,1,84,38,101,107"/><W111/><G1/><T15/><D34/><U43/><E110/><V91/><F36/><W62/><G75/><T61/><D134/><U103/><E32/><V29/><F68/><W130/><G85/><T52/><D113/><U48/><E31/><V60/><F19/><W98/><G12/><T135/><D135/><U88/><E39/><V59/><F100/><W72/><G72/><T83/><D83/><U22/><REACH who="1" step="1"/><E103/><REACH who="1" ten="629,45,118,198" step="2"/><V33/><F133/><W106/><G111/><T125/><D52/><U17/><E17/><V70/><F55/><W54/><G54/><T10/><D125/><U79/><E79/><V26/><F33/><W104/><G38/><T105/><D105/><U69/><E69/><V20/><F70/><W82/><G104/><T123/><D123/><U47/><E47/><V65/><F29/><W102/><G106/><T129/><D129/><U45/><E45/><V131/><F131/><W50/><G130/><T119/><D119/><U14/><AGARI ba="0,1" hai="4,6,14,16,22,40,42,43,48,53,56,88,93,99" machi="14" ten="30,8000,1" yaku="1,1,0,1,8,1,54,2,53,0" doraHai="117" doraHaiUra="24" who="1" fromWho="1" sc="629,-20,45,90,118,-20,198,-40" owari="609,70.0,135,-26.0,98,-40.0,158,-4.0" /></mjloggm>