<mjloggm ver="2.3"><GO type="41" lobby="0"/><UN n0="%E2%93%9D%53%75%70%68%78" n1="%73%68%69%67%65%72%75" n2="%6C%65%67%61%63%79" n3="%E4%BB%A3%E3%80%85%E6%9C%A8%E5%AF%BF%E4%BA%BA" dan="17,15,14,15" rate="2050.06,1990.21,1898.84,1988.97" sx="M,M,M,M"/><TAIKYOKU oya="0"/><INIT seed="0,0,0,0,3,124" ten="250,250,250,250" oya="0" hai0="59,95,17,97,53,65,107,35,127,42,134,30,108" hai1="86,110,54,114,122,0,125,89,49,55,24,133,74" hai2="44,14,121,63,90,102,77,99,31,130,92,82,8" hai3="94,13,28,81,115,71,61,75,111,4,103,37,7"/><T68/><D127/><U52/><E122/><V16/><F121/><W117/><G37/><T18/><D107/><U56/><E125/><V19/><F31/><W135/><G71/><T47/><D134/><U40/><E133/><V15/><F63/><W116/><G61/><T27/><D108/><U1/><E110/><V80/><F130/><W129/><G81/><T48/><D65/><U93/><E74/><V21/><F77/><W32/><G94/><T34/><D34/><U33/><E114/><V128/><F128/><W26/><G103/><T69/><D69/><U120/><E120/><V25/><F25/><W118/><G75/><T96/><D96/><U10/><E10/><V22/><F8/><N who="3" m="4231" /><G111/><T79/><D79/><U58/><E40/><V112/><F112/><W76/><G76/><T100/><REACH who="0" step="1"/><D68/><REACH who="0" ten="240,250,250,250" step="2"/><U84/><E84/><V62/><F102/><W2/><G135/><T51/><AGARI ba="0,1" hai="17,18,27,30,35,42,47,48,51,53,59,95,97,100" machi="51" ten="20,12000,1" yaku="1,1,2,1,0,1,7,1,53,1" doraHai="124" doraHaiUra="88" who="0" fromWho="0" sc="240,130,250,-40,250,-40,250,-40" /><INIT seed="0,1,0,3,2,99" ten="370,210,210,210" oya="0" hai0="60,43,45,63,51,32,75,103,114,62,78,36,56" hai1="87,102,59,14,80,97,26,85,34,125,7,61,25" hai2="73,89,44,65,91,46,27,118,123,11,0,31,48" hai3="127,79,86,88,120,104,64,69,94,76,132,77,8"/><T129/><D32/><U83/><E125/><V17/><F123/><W112/><G64/><T81/><D129/><U6/><E34/><V128/><F73/><W41/><G69/><T121/><D121/><U37/><E37/><V38/><F128/><W4/><G120/><T72/><D114/><U15/><E59/><V50/><F38/><W53/><G112/><T18/><D75/><U111/><E111/><V13/><F0/><W52/><G127/><T2/><D18/><U23/><E23/><V67/><F67/><W28/><G132/><T5/><D103/><U113/><E113/><V109/><F109/><W33/><G104/><T95/><D95/><N who="1" m="58687" /><E61/><V131/><F65/><W21/><G33/><T92/><D92/><U3/><E3/><V135/><F135/><W101/><G41/><T108/><D108/><U98/><E98/><V119/><F131/><W9/><G101/><T134/><D134/><U100/><E100/><V29/><F27/><N who="1" m="10249" /><E15/><V84/><F13/><N who="3" m="5255" /><G9/><N who="0" m="2231" /><D51/><U117/><E117/><V126/><F11/><W68/><G68/><T40/><D40/><U116/><E14/><V130/><F126/><W106/><G106/><T74/><D74/><U49/><E49/><V47/><F130/><W10/><G10/><T96/><D96/><U55/><E55/><AGARI ba="1,0" hai="36,43,45,55,56,60,62,63,72,78,81" m="2231" machi="55" ten="30,1500,0" yaku="25,1" doraHai="99" who="0" fromWho="1" sc="370,18,210,-18,210,0,210,0" /><INIT seed="0,2,0,2,1,89" ten="388,192,210,210" oya="0" hai0="43,13,65,120,75,123,35,66,96,73,41,104,32" hai1="134,0,88,39,42,113,95,91,124,50,67,82,20" hai2="56,31,36,61,109,112,63,18,129,85,53,46,69" hai3="93,7,29,107,121,106,14,38,135,72,71,45,60"/><T4/><D13/><U108/><E0/><V2/><F2/><W131/><G135/><T54/><D96/><U23/><E39/><V125/><F31/><W90/><G72/><T1/><D1/><U11/><E134/><V24/><F18/><W16/><G121/><T100/><D100/><U3/><E3/><V119/><F24/><W21/><G131/><T48/><D48/><U84/><E108/><V99/><F109/><W12/><G29/><T5/><REACH who="0" step="1"/><D54/><REACH who="0" ten="378,192,210,210" step="2"/><U47/><E67/><V79/><F99/><W30/><G12/><T80/><D80/><U94/><E113/><V40/><F112/><W116/><G14/><T52/><D52/><N who="1" m="29791" /><E124/><V132/><F125/><W97/><G97/><T77/><D77/><U37/><E37/><V64/><F132/><W34/><G38/><T126/><D126/><U111/><E111/><V130/><F79/><W27/><G106/><AGARI ba="2,1" hai="4,5,32,35,41,43,65,66,73,75,104,106,120,123" machi="106" ten="25,4800,0" yaku="1,1,22,2,53,0" doraHai="89" doraHaiUra="22" who="0" fromWho="3" sc="378,64,192,0,210,0,210,-54" /><INIT seed="0,3,0,3,2,38" ten="442,192,210,156" oya="0" hai0="90,49,15,21,14,26,57,111,114,3,11,17,88" hai1="73,43,99,70,75,50,124,117,68,55,97,89,8" hai2="7,92,40,12,59,123,19,46,9,45,48,16,5" hai3="62,47,84,10,115,106,39,76,120,18,63,58,96"/><T126/><D114/><U101/><E117/><V105/><F105/><W25/><G115/><T72/><D72/><U33/><E33/><V51/><F123/><W113/><G113/><T23/><D126/><U30/><E124/><V64/><F92/><W93/><G120/><T22/><D3/><U95/><E30/><V100/><F100/><W116/><G116/><T41/><D111/><U121/><E121/><V65/><F19/><W36/><G106/><T24/><D15/><U103/><E8/><V133/><F133/><W110/><G110/><T112/><D112/><U127/><E127/><V52/><F7/><W13/><G63/><T85/><D90/><U134/><E134/><V91/><F91/><W86/><G25/><T128/><D128/><U42/><E89/><V83/><F83/><W1/><G1/><T60/><D49/><U61/><E61/><N who="2" m="36071" /><F5/><W102/><G76/><T94/><REACH who="0" step="1"/><D41/><AGARI ba="3,0" hai="9,12,16,40,41,45,46,48,51,64,65" m="36071" machi="41" ten="30,8000,1" yaku="8,1,52,2,54,2" doraHai="38" who="2" fromWho="0" sc="442,-89,192,0,210,89,156,0" /><INIT seed="1,0,0,5,5,9" ten="353,192,299,156" oya="1" hai0="16,91,65,11,51,128,32,43,62,81,89,87,100" hai1="38,27,14,73,61,115,96,4,106,103,120,90,40" hai2="50,53,105,7,30,97,71,76,45,122,26,42,49" hai3="56,82,110,46,80,123,132,57,127,54,20,37,101"/><U129/><E120/><V111/><F111/><W125/><G123/><T41/><D32/><U119/><E119/><V64/><F122/><W15/><G110/><T22/><D128/><U60/><E115/><V0/><F76/><W55/><G101/><T130/><D11/><U121/><E121/><V69/><F64/><W23/><G46/><T31/><D31/><U52/><E73/><V28/><F28/><W86/><G86/><T95/><D100/><U102/><E129/><V77/><F77/><W6/><G37/><T126/><D126/><U66/><E27/><V2/><F7/><W72/><G6/><T5/><D51/><U85/><E38/><V19/><F19/><W109/><G109/><T135/><D135/><U94/><E40/><V88/><F0/><W75/><REACH who="3" step="1"/><G132/><REACH who="3" ten="353,192,299,146" step="2"/><T68/><D5/><U44/><E103/><V35/><F105/><W114/><G114/><T104/><D104/><U74/><E74/><V131/><F45/><W124/><G124/><T58/><D130/><U21/><E66/><V18/><F42/><W79/><G79/><T83/><D43/><U34/><E34/><V36/><F36/><W134/><G134/><T29/><D41/><U84/><E84/><V108/><F35/><W107/><G107/><T112/><D112/><U118/><E118/><V24/><F108/><W17/><G17/><T48/><D29/><U12/><E4/><V99/><F18/><W70/><G70/><T1/><D68/><U10/><E106/><V133/><F131/><W67/><G67/><T117/><D117/><U8/><E85/><V13/><F133/><RYUUKYOKU ba="0,1" sc="353,-10,192,-10,299,-10,146,30" hai3="15,20,23,54,55,56,57,72,75,80,82,125,127" /><INIT seed="2,1,1,1,5,55" ten="343,182,289,176" oya="2" hai0="57,17,9,110,75,132,130,131,135,88,119,38,23" hai1="74,134,19,40,50,77,7,68,35,25,70,29,20" hai2="80,96,87,31,97,89,129,112,37,98,28,62,109" hai3="13,21,103,59,64,69,101,34,43,78,107,12,30"/><V32/><F37/><W128/><G69/><T45/><D110/><U18/><E134/><N who="0" m="51241" /><D75/><U125/><E125/><V114/><F129/><N who="0" m="49162" /><D9/><U36/><E36/><V92/><F62/><N who="3" m="37983" /><G107/><T56/><D119/><U58/><E7/><V95/><F32/><W104/><G104/><T24/><D88/><U3/><E3/><V41/><F41/><AGARI ba="1,1" hai="17,23,24,38,41,45,56,57" m="49162,51241" machi="41" ten="30,7700,0" yaku="20,1,19,1,52,2" doraHai="55" who="0" fromWho="2" sc="343,90,182,0,289,-80,176,0" /><INIT seed="3,0,0,2,4,29" ten="433,182,209,176" oya="3" hai0="120,119,6,17,128,117,3,79,31,14,59,108,60" hai1="11,109,100,81,1,20,129,98,52,70,127,93,83" hai2="105,134,131,2,133,13,18,37,53,0,111,21,44" hai3="9,25,42,36,30,5,121,48,7,99,57,50,56"/><W102/><G121/><T32/><D128/><U71/><E109/><V77/><F131/><W19/><G36/><T96/><D108/><U24/><E129/><V125/><F111/><W51/><G19/><T95/><D120/><U85/><E127/><V34/><F105/><W87/><G87/><T15/><D3/><U72/><E72/><V46/><F125/><W67/><G42/><T91/><D6/><U58/><E1/><V38/><F77/><W86/><G86/><T118/><D79/><U22/><E11/><V84/><F84/><W23/><G67/><T135/><D135/><U27/><E70/><V90/><F90/><W124/><G124/><T113/><D113/><U107/><E107/><V45/><F53/><W115/><G115/><T28/><D15/><U39/><E39/><V75/><F45/><W114/><G5/><T106/><D106/><U101/><E71/><V62/><F13/><W132/><G132/><T64/><REACH who="0" step="1"/><D32/><REACH who="0" ten="423,182,209,176" step="2"/><U66/><E27/><V116/><F134/><W43/><G114/><T12/><D12/><U49/><E24/><V110/><F133/><W35/><G35/><T126/><D126/><U33/><E33/><V63/><F110/><W112/><G112/><T104/><D104/><U82/><E82/><V4/><F34/><W69/><G7/><T122/><D122/><U76/><E81/><V130/><F4/><W103/><G25/><T10/><AGARI ba="0,1" hai="10,14,17,28,31,59,60,64,91,95,96,117,118,119" machi="10" ten="30,4000,0" yaku="1,1,0,1,53,1" doraHai="29" doraHaiUra="88" who="0" fromWho="0" sc="423,50,182,-10,209,-10,176,-20" /><INIT seed="4,0,0,4,5,102" ten="473,172,199,156" oya="0" hai0="126,135,114,48,123,17,23,47,100,69,50,110,97" hai1="13,80,94,125,45,6,81,11,130,26,120,37,16" hai2="84,78,124,34,109,113,20,42,134,21,33,66,2" hai3="5,79,73,86,3,101,108,106,62,88,32,67,27"/><T54/><D114/><U117/><E117/><V39/><F109/><W104/><G108/><T76/><D135/><U112/><E120/><V10/><F134/><W89/><G3/><T46/><D126/><U74/><E125/><V107/><F107/><W118/><G118/><T72/><D69/><U4/><E112/><V43/><F78/><W15/><G73/><T131/><D131/><U36/><E130/><V111/><F111/><W22/><G79/><T61/><D61/><U52/><E94/><V83/><F83/><N who="1" m="31817" /><E74/><V59/><F59/><W68/><G101/><T30/><D30/><U19/><E37/><V57/><F57/><W56/><G68/><T8/><D8/><U132/><E36/><V44/><F39/><W63/><G63/><T58/><D123/><U31/><E31/><V87/><F44/><W49/><G49/><T93/><D110/><U90/><E90/><V91/><F91/><W121/><G89/><T1/><D1/><U9/><E26/><V133/><F133/><W129/><G121/><T71/><D71/><U77/><E77/><V18/><F2/><W53/><G129/><T38/><D38/><U35/><E35/><V115/><F124/><W70/><G32/><T12/><D72/><U28/><E28/><V85/><F85/><W119/><G119/><T92/><D76/><U75/><E75/><V41/><F41/><W55/><G104/><N who="0" m="63503" /><D47/><U40/><E40/><V116/><F116/><W64/><G106/><T60/><D46/><U51/><E132/><V25/><F10/><N who="3" m="4559" /><G70/><T14/><D14/><AGARI ba="0,0" hai="4,6,9,11,13,14,16,19,45,51,52" m="31817" machi="14" ten="30,3900,0" yaku="8,1,54,2" doraHai="102" who="1" fromWho="0" sc="473,-39,172,39,199,0,156,0" /><INIT seed="5,0,0,4,5,104" ten="434,211,199,156" oya="1" hai0="39,62,115,102,61,64,43,73,44,81,94,26,69" hai1="111,79,59,98,19,35,41,12,50,77,117,76,24" hai2="30,51,108,95,66,15,55,14,65,58,105,83,67" hai3="36,20,49,122,103,32,70,135,31,89,1,63,28"/><U112/><E117/><V11/><F108/><W5/><G122/><T96/><D115/><U101/><E112/><V53/><F105/><W23/><G36/><T45/><D45/><U116/><E116/><V6/><F30/><W80/><G135/><T99/><D62/><U129/><E129/><V128/><F128/><W54/><G103/><T7/><D7/><U93/><E111/><V2/><F95/><W47/><G1/><T57/><D99/><U48/><E35/><V38/><F38/><W124/><G5/><T40/><D40/><U84/><E24/><V18/><F83/><W78/><G89/><T118/><D26/><U25/><E25/><V132/><F132/><W60/><G124/><T114/><D114/><U130/><E130/><V29/><F29/><W8/><G8/><T131/><D131/><U110/><E110/><V3/><REACH who="2" step="1"/><F55/><REACH who="2" ten="434,211,189,156" step="2"/><W75/><G32/><T27/><D118/><U52/><E93/><V97/><F97/><W86/><G31/><T91/><D94/><N who="1" m="58583" /><E84/><V46/><F46/><W92/><G28/><T16/><D96/><U9/><E41/><V34/><F34/><W21/><G92/><T17/><D43/><U22/><E48/><V4/><F4/><W82/><G63/><T123/><D39/><U71/><E71/><V56/><F56/><W100/><G100/><T37/><D69/><U121/><E121/><V113/><F113/><W68/><G60/><T107/><D123/><U133/><E133/><V33/><F33/><W126/><G126/><T72/><D37/><U90/><E9/><AGARI ba="0,1" hai="2,3,6,9,11,14,15,18,51,53,58,65,66,67" machi="9" ten="40,1300,0" yaku="1,1,53,0" doraHai="104" doraHaiUra="127" who="2" fromWho="1" sc="434,0,211,-13,189,23,156,0" /><INIT seed="6,0,0,2,2,58" ten="434,198,212,156" oya="2" hai0="45,35,71,132,118,7,56,53,84,95,115,46,33" hai1="47,127,40,119,88,61,107,91,23,93,111,120,85" hai2="49,62,75,4,54,82,3,121,10,68,41,26,81" hai3="18,12,114,78,6,28,97,19,64,106,77,34,135"/><V76/><F121/><W102/><G135/><T86/><D115/><U134/><E119/><V42/><F26/><W44/><G114/><T13/><D71/><U15/><E111/><V96/><F96/><W101/><G34/><T2/><D2/><U80/><E107/><V25/><F25/><W1/><G28/><T131/><D131/><U55/><E134/><V128/><F128/><W113/><G113/><T70/><D56/><N who="1" m="34975" /><E127/><V65/><REACH who="2" step="1"/><F82/><REACH who="2" ten="434,198,202,156" step="2"/><W69/><G101/><T92/><D132/><U0/><E120/><V38/><F38/><W100/><G102/><T16/><D35/><U117/><E117/><V30/><F30/><W126/><G97/><T90/><D33/><U43/><E80/><V133/><F133/><W108/><G100/><T59/><D118/><U66/><E85/><V17/><F17/><W116/><G18/><T94/><D86/><U50/><E93/><V103/><F103/><W39/><G39/><T8/><D95/><U22/><E91/><V112/><F112/><W37/><G116/><T104/><D94/><U122/><E88/><V79/><F79/><W83/><G78/><T72/><D92/><U110/><E122/><V130/><F130/><W109/><G77/><T123/><D123/><U73/><E110/><V20/><F20/><W124/><G108/><T125/><D84/><U60/><E23/><V27/><F27/><W14/><G109/><T48/><D90/><U87/><E22/><V98/><F98/><W21/><G21/><T57/><D16/><U9/><E87/><V74/><F74/><W105/><G19/><T24/><D72/><RYUUKYOKU ba="0,1" sc="434,-10,198,-10,202,30,156,-10" hai2="3,4,10,41,42,49,54,62,65,68,75,76,81" /><INIT seed="6,1,1,5,0,100" ten="424,188,232,146" oya="2" hai0="115,95,75,98,17,15,94,43,29,7,47,13,119" hai1="16,58,26,110,135,11,132,89,72,109,34,91,131" hai2="129,23,124,123,120,117,64,18,38,19,35,46,93" hai3="12,90,82,5,3,14,25,49,114,118,134,104,69"/><V78/><F117/><W45/><G118/><T71/><D115/><U42/><E72/><V65/><F35/><W85/><G69/><T84/><D75/><U67/><E42/><V55/><F78/><W103/><G134/><N who="1" m="51242" /><E131/><V125/><F129/><W96/><G114/><T83/><D98/><U92/><E92/><V59/><F93/><W86/><G25/><T61/><D61/><N who="1" m="38327" /><E34/><V48/><F19/><W41/><REACH who="3" step="1"/><G86/><REACH who="3" ten="424,188,232,136" step="2"/><T9/><D84/><U126/><E110/><V80/><F123/><W27/><G27/><T31/><D71/><U105/><E109/><V56/><F120/><W6/><G6/><T97/><D7/><U77/><E26/><V101/><F65/><W107/><G107/><T88/><D119/><U44/><E105/><V32/><F64/><W111/><G111/><T133/><D133/><U81/><E126/><V53/><F125/><W52/><G52/><T66/><D66/><U60/><E77/><V87/><F124/><W30/><G30/><T74/><D31/><U76/><E76/><V39/><F32/><W22/><G22/><T54/><D29/><U73/><E73/><V128/><F128/><W36/><G36/><T122/><D122/><U68/><E68/><V99/><F55/><W51/><G51/><T106/><D106/><U116/><E116/><V0/><F39/><W20/><G20/><T33/><D74/><U121/><E121/><V102/><F38/><W2/><G2/><T10/><D33/><U70/><E70/><V79/><F0/><W4/><G4/><T21/><D21/><U40/><E40/><V127/><F127/><RYUUKYOKU ba="1,2" sc="424,-10,188,-10,232,-10,136,30" hai3="3,5,12,14,41,45,49,82,85,90,96,103,104" /><INIT seed="7,2,2,4,2,129" ten="414,178,222,166" oya="3" hai0="133,96,23,98,58,83,16,35,51,127,41,110,5" hai1="124,113,43,49,99,3,109,75,125,101,33,6,15" hai2="37,59,39,97,31,38,123,36,53,9,134,112,86" hai3="74,73,135,67,47,84,17,20,46,104,14,131,82"/><W77/><G131/><T8/><D110/><U25/><E75/><V115/><F123/><W121/><G121/><T85/><D35/><U120/><E120/><V70/><F70/><W12/><G104/><T87/><D133/><U1/><E109/><V26/><F39/><W119/><G119/><T118/><D127/><N who="1" m="48715" /><E113/><N who="2" m="43595" /><F134/><W22/><G135/><T11/><D87/><U108/><E108/><V32/><F9/><W95/><G67/><T128/><D58/><U72/><E72/><V24/><F24/><W100/><G74/><T60/><D51/><U0/><E15/><V107/><F86/><W81/><G95/><T122/><D41/><U105/><E6/><V66/><F66/><W44/><G100/><T40/><D60/><U79/><E79/><V13/><F13/><W61/><G61/><T78/><D40/><U52/><E43/><V94/><F107/><W89/><REACH who="3" step="1"/><G12/><REACH who="3" ten="414,178,222,156" step="2"/><T93/><D128/><U90/><E105/><V7/><F94/><W114/><G114/><T2/><D93/><N who="1" m="56759" /><E101/><V68/><F97/><W126/><G126/><T65/><D98/><U29/><E0/><V45/><F68/><W116/><G116/><T69/><D118/><U57/><AGARI ba="2,3" hai="1,3,25,29,33,49,52,57" m="56759,48715" machi="57" ten="30,2000,0" yaku="18,1,54,1" doraHai="129" who="1" fromWho="1" sc="414,-7,178,56,222,-7,156,-12" owari="407,51.0,234,3.0,215,-18.0,144,-36.0" /></mjloggm>