<mjloggm ver="2.3"><GO type="41" lobby="0"/><UN n0="%4A%75%65%59%75%61%6E" n1="%47%6F%6F%64%59%65%61%72" n2="%E3%81%AF%E3%82%8D%E3%81%AF%E3%81%B4" n3="%E2%93%9D%53%75%70%68%78" dan="13,15,15,17" rate="1912.97,2097.93,2000.27,2039.82" sx="F,M,M,M"/><TAIKYOKU oya="0"/><INIT seed="0,0,0,5,5,78" ten="250,250,250,250" oya="0" hai0="34,28,121,107,123,9,36,63,110,7,74,35,44" hai1="54,43,49,27,56,90,127,92,106,24,30,22,89" hai2="135,72,25,33,117,19,40,32,125,64,134,113,18" hai3="50,3,26,48,51,84,102,55,0,68,128,38,45"/><T29/><D107/><U91/><E106/><V105/><F64/><W122/><G128/><T52/><D36/><U99/><E127/><V8/><F40/><W62/><G102/><T53/><D74/><U47/><REACH who="1" step="1"/><E24/><REACH who="1" ten="250,240,250,250" step="2"/><V79/><F125/><W67/><G26/><T15/><D121/><U12/><E12/><V14/><F25/><W129/><G3/><T86/><D123/><U85/><E85/><V75/><F14/><W101/><G0/><T37/><D110/><U114/><E114/><V124/><F113/><W93/><G84/><T120/><D120/><U57/><E57/><V13/><F124/><W11/><G122/><T65/><D86/><U88/><E88/><V109/><F13/><W23/><G101/><T81/><D44/><U115/><E115/><V82/><F109/><W98/><G45/><T108/><D108/><U6/><E6/><V76/><F134/><W73/><G73/><T60/><D7/><U133/><E133/><V97/><F135/><W1/><G1/><T94/><D15/><U103/><E103/><V100/><F117/><W20/><G129/><T118/><D118/><U4/><E4/><V66/><F8/><W130/><G11/><T96/><D9/><U31/><E31/><V69/><F69/><W83/><G68/><T80/><D28/><U59/><E59/><V17/><F66/><W131/><G131/><T87/><D29/><U21/><E21/><V10/><F10/><W77/><G130/><T39/><D65/><U119/><E119/><V95/><F105/><W132/><G132/><T126/><D126/><U71/><E71/><RYUUKYOKU ba="0,1" sc="250,-15,240,15,250,15,250,-15" hai1="22,27,30,43,47,49,54,56,89,90,91,92,99" hai2="17,18,19,32,33,72,75,76,79,82,95,97,100" /><INIT seed="1,1,1,0,5,123" ten="235,255,265,235" oya="1" hai0="58,37,87,68,112,49,46,91,67,130,80,135,59" hai1="89,61,118,56,35,32,50,134,79,5,25,66,78" hai2="26,116,40,19,11,109,3,95,42,14,88,75,111" hai3="43,73,34,30,17,44,31,103,38,16,54,62,15"/><U97/><E118/><V98/><F116/><W82/><G103/><T65/><D112/><U119/><E119/><V57/><F75/><W131/><G131/><T39/><D130/><U0/><E134/><V83/><F3/><W114/><G114/><T94/><D135/><U23/><E35/><V99/><F83/><W74/><G17/><T4/><D68/><U72/><E32/><V102/><F57/><W21/><G34/><T41/><D4/><U51/><E0/><V76/><F26/><W104/><G104/><T52/><D58/><U129/><E5/><V84/><F76/><N who="1" m="29225" /><E72/><V64/><F84/><W27/><G82/><T28/><D28/><N who="1" m="17471" /><E129/><V108/><REACH who="2" step="1"/><F64/><REACH who="2" ten="235,255,255,235" step="2"/><W12/><G74/><T71/><D67/><U24/><E24/><V9/><F9/><W7/><G73/><T33/><D80/><U126/><E126/><V124/><F124/><W127/><G127/><T13/><D65/><U85/><E97/><V92/><AGARI ba="1,2" hai="11,14,19,40,42,88,92,95,98,99,102,108,109,111" machi="92" ten="40,12000,2" yaku="1,1,0,1,14,1,52,3,54,1,53,0" doraHai="123" doraHaiUra="81" who="2" fromWho="2" sc="235,-31,255,-61,255,143,235,-31" /><INIT seed="2,0,0,3,4,96" ten="204,194,398,204" oya="2" hai0="89,85,117,129,29,134,20,132,127,99,84,32,105" hai1="97,7,133,19,21,44,120,111,86,6,98,113,34" hai2="57,61,121,33,123,135,90,66,53,116,25,131,54" hai3="59,55,77,107,94,5,47,114,74,50,24,12,82"/><V88/><F116/><W63/><G107/><T64/><D32/><U78/><E113/><V18/><F135/><N who="0" m="51754" /><D64/><U52/><E133/><V76/><F131/><W87/><G114/><T103/><D29/><U67/><E34/><V110/><F76/><W81/><G24/><T126/><D20/><U122/><E111/><V26/><F110/><W13/><G5/><T46/><D46/><U124/><E67/><V108/><F108/><W73/><G94/><T62/><D62/><U40/><E124/><N who="0" m="47657" /><D117/><U27/><E7/><V38/><F33/><W51/><G74/><T15/><D15/><U68/><E68/><V58/><F38/><W60/><G60/><T17/><D17/><U93/><E6/><V75/><F18/><W36/><G36/><T14/><D14/><U104/><E52/><V80/><F66/><W118/><G118/><T128/><D89/><U49/><E19/><V30/><F61/><W39/><G39/><T16/><D16/><U42/><E21/><V92/><F30/><W35/><G35/><T72/><D72/><U23/><E23/><V3/><F75/><W37/><G37/><T101/><D101/><N who="1" m="62511" /><E27/><V65/><F65/><W0/><G13/><T48/><D48/><U4/><E4/><V102/><F54/><N who="3" m="30047" /><G12/><T41/><D41/><U2/><E2/><V8/><F53/><W83/><G0/><T100/><D100/><N who="1" m="60495" /><E40/><V115/><F3/><W43/><G73/><T125/><N who="0" m="47665" /><T71/><DORA hai="69" /><D71/><U31/><E31/><V95/><F26/><W112/><G112/><T56/><D56/><U79/><E42/><V45/><F115/><RYUUKYOKU ba="0,0" sc="204,15,194,-15,398,-15,204,15" hai0="84,85,99,103,105,128,129" hai3="43,51,55,59,63,77,81,82,83,87" /><INIT seed="3,1,0,1,3,132" ten="219,179,383,219" oya="3" hai0="35,109,28,54,1,90,43,21,117,127,107,110,120" hai1="61,52,82,3,115,135,103,86,89,5,81,48,29" hai2="44,87,47,23,84,25,7,94,133,40,85,111,70" hai3="56,8,123,78,51,22,57,106,65,75,112,9,50"/><W37/><G37/><T19/><D117/><U131/><E135/><V64/><F133/><W74/><G106/><T108/><D120/><U79/><E115/><V13/><F111/><W24/><G123/><T17/><D107/><U32/><E131/><V15/><F64/><W121/><G121/><T55/><D1/><U63/><E103/><V105/><F105/><W18/><G112/><T134/><D134/><U38/><E38/><V42/><F70/><W128/><G78/><T14/><D43/><U41/><E41/><V99/><F7/><W59/><G65/><T116/><D116/><U20/><E32/><V60/><F60/><W100/><G100/><T101/><D101/><U45/><E3/><V49/><F42/><W46/><G128/><T88/><D35/><U114/><E5/><V95/><F47/><W130/><G130/><T62/><D28/><U125/><E114/><V30/><F95/><W98/><G98/><T72/><D72/><U102/><E102/><AGARI ba="1,0" hai="13,15,23,25,30,40,44,49,84,85,87,94,99,102" machi="102" ten="40,1300,0" yaku="8,1" doraHai="132" who="2" fromWho="1" sc="219,0,179,-16,383,16,219,0" /><INIT seed="4,0,0,3,2,113" ten="219,163,399,219" oya="0" hai0="105,130,72,17,77,124,97,1,25,29,122,22,129" hai1="73,65,99,38,11,9,86,24,81,107,119,32,100" hai2="74,51,71,94,23,50,92,43,40,61,76,4,31" hai3="45,5,118,12,85,69,102,33,98,89,57,79,135"/><T90/><D122/><U112/><E38/><V53/><F4/><W75/><G69/><T128/><D1/><U62/><E112/><V96/><F74/><W19/><G33/><T115/><D115/><U104/><E104/><V47/><F76/><W84/><G135/><T21/><D124/><U78/><E86/><V134/><F134/><W106/><G5/><T42/><D42/><U88/><E88/><V111/><F111/><W26/><G26/><T103/><D90/><U68/><REACH who="1" step="1"/><E119/><REACH who="1" ten="219,153,399,219" step="2"/><V66/><F96/><W28/><G85/><T44/><D77/><U2/><E2/><V91/><F94/><W131/><G118/><T123/><D123/><U117/><E117/><V20/><F92/><W27/><G84/><T18/><D72/><U108/><E108/><V114/><F91/><W13/><G89/><T58/><D44/><U7/><E7/><V37/><F114/><W36/><G45/><T82/><D82/><U67/><E67/><V101/><F66/><W59/><G79/><T39/><D39/><U70/><E70/><V0/><F37/><W80/><G36/><T15/><D58/><U93/><E93/><V54/><F71/><W10/><G80/><T109/><REACH who="0" step="1"/><D109/><REACH who="0" ten="209,153,399,219" step="2"/><U133/><E133/><V120/><F0/><W49/><G59/><T8/><D8/><U121/><E121/><V48/><F120/><W56/><G75/><T46/><D46/><U132/><E132/><V34/><F47/><W35/><G57/><T63/><D63/><U87/><E87/><V52/><F61/><W14/><G56/><T127/><D127/><U6/><E6/><RYUUKYOKU ba="0,2" sc="209,15,153,15,399,-15,219,-15" hai0="15,17,18,21,22,25,29,97,103,105,128,129,130" hai1="9,11,24,32,62,65,68,73,78,81,99,100,107" /><INIT seed="4,1,2,4,4,125" ten="224,168,384,204" oya="0" hai0="71,58,53,47,78,60,106,9,67,66,54,119,101" hai1="103,109,36,88,32,90,110,79,93,20,45,111,65" hai2="102,131,73,82,27,104,132,115,126,61,46,74,29" hai3="112,37,26,2,113,96,10,86,5,117,41,63,72"/><T14/><D119/><U116/><E116/><V21/><F126/><W77/><G86/><T108/><D108/><U84/><E32/><V114/><F132/><W85/><G85/><T97/><D78/><U107/><E65/><V57/><F46/><N who="3" m="23855" /><G117/><T118/><D118/><U35/><E35/><V4/><F4/><W129/><G96/><T80/><D80/><N who="1" m="47135" /><E20/><V127/><F127/><W121/><G63/><T68/><D67/><U133/><E45/><V124/><F124/><W11/><G11/><T91/><D91/><N who="1" m="34859" /><E36/><V94/><F104/><W100/><G100/><T23/><D23/><U43/><E43/><V25/><F82/><N who="3" m="45351" /><G121/><T50/><REACH who="0" step="1"/><D66/><REACH who="0" ten="214,168,384,204" step="2"/><U64/><E64/><V128/><F74/><W18/><G113/><N who="2" m="43017" /><F73/><W48/><G112/><T105/><D105/><U0/><E107/><V135/><F25/><W17/><G26/><T22/><D22/><U89/><E111/><V12/><F135/><W1/><G10/><T44/><D44/><U30/><E133/><V98/><F12/><W120/><G120/><T40/><D40/><U75/><E75/><V39/><F39/><W92/><G2/><T76/><D76/><U7/><E0/><V3/><F3/><W59/><G1/><T130/><D130/><U83/><E110/><V13/><F13/><W24/><G129/><T31/><D31/><U122/><E30/><V28/><F28/><W81/><G24/><T95/><D95/><U8/><E122/><V33/><F21/><W42/><G92/><T19/><AGARI ba="1,3" hai="9,14,19,47,50,53,54,58,60,68,71,97,101,106" machi="19" ten="20,7800,0" yaku="1,1,0,1,7,1,53,1" doraHai="125" doraHaiUra="55" who="0" fromWho="0" sc="214,111,168,-27,384,-27,204,-27" /><INIT seed="4,2,0,3,2,131" ten="325,141,357,177" oya="0" hai0="123,53,69,72,65,48,2,108,22,18,66,42,36" hai1="97,38,68,101,47,102,133,104,120,50,40,126,130" hai2="127,124,129,71,110,9,0,132,43,67,93,113,54" hai3="5,46,90,115,31,61,103,26,76,79,135,16,6"/><T51/><D123/><U25/><E130/><V81/><F129/><W118/><G118/><T8/><D69/><U20/><E120/><V34/><F54/><W4/><G103/><T32/><D32/><U112/><E126/><V119/><F93/><W107/><G107/><T23/><D23/><U125/><E125/><V134/><F43/><W106/><G106/><T24/><D72/><U73/><E73/><V92/><F92/><W14/><G115/><T100/><D100/><U78/><E112/><V121/><F81/><W37/><G61/><T33/><D36/><U1/><E1/><V60/><F121/><W98/><G135/><N who="2" m="51753" /><F119/><W86/><G98/><T55/><D33/><U128/><E133/><V84/><F84/><W111/><G46/><T19/><D42/><U85/><E128/><V13/><F113/><W44/><G44/><T74/><D53/><U64/><E47/><V116/><F116/><W58/><G37/><T75/><D55/><U27/><E38/><V83/><F83/><W56/><G86/><T94/><D94/><U15/><E85/><V41/><F0/><W39/><G39/><T109/><D2/><U30/><E104/><V91/><F91/><W62/><G90/><T52/><D74/><U7/><E102/><V105/><F105/><W59/><G62/><T95/><D95/><U45/><E101/><V114/><F114/><W57/><N who="3" m="14848" /><DORA hai="77" /><W122/><G122/><T88/><D88/><U28/><E97/><V12/><F34/><N who="3" m="20855" /><G111/><T117/><D117/><U35/><BYE who="0" /><E78/><V87/><F110/><W3/><G3/><T10/><D10/><AGARI ba="2,0" hai="4,5,6,10,14,16,76,79" m="20855,14848" machi="10" ten="40,2600,0" yaku="6,1,54,1" doraHai="131,77" who="3" fromWho="0" sc="325,-32,141,0,357,0,177,32" /><INIT seed="5,0,0,0,0,98" ten="293,141,357,209" oya="1" hai0="58,119,67,109,123,95,8,2,73,33,16,102,20" hai1="64,90,122,120,117,26,42,89,85,127,13,29,62" hai2="99,125,57,63,6,28,65,72,39,43,50,128,116" hai3="92,107,82,54,88,113,69,55,121,61,24,59,41"/><U46/><E117/><V135/><F116/><W44/><G121/><T110/><D110/><U111/><E127/><V5/><F72/><W48/><G107/><T104/><D104/><U86/><E111/><V84/><F125/><W80/><G113/><T76/><D76/><U30/><E13/><V35/><F135/><W60/><G24/><T126/><D126/><U51/><E86/><V100/><F128/><W131/><G131/><T96/><D96/><U115/><E115/><UN n0="%4A%75%65%59%75%61%6E" /><V71/><F84/><N who="3" m="52231" /><G69/><T52/><D119/><U94/><E90/><V106/><F39/><W78/><G78/><T19/><D73/><U83/><E94/><V79/><F79/><W112/><G112/><T101/><D109/><U40/><E40/><V129/><F129/><W124/><G124/><T4/><D33/><U108/><E108/><V87/><F87/><W53/><G61/><T27/><D67/><AGARI ba="0,0" hai="41,44,48,53,54,55,59,60,67,80,82" m="52231" machi="67" ten="30,2000,0" yaku="8,1,54,1" doraHai="98" who="3" fromWho="0" sc="293,-20,141,0,357,0,209,20" /><INIT seed="6,0,0,4,3,40" ten="273,141,357,229" oya="2" hai0="2,13,112,55,81,6,132,21,99,53,89,113,127" hai1="44,93,33,20,57,121,129,27,84,114,43,71,74" hai2="102,130,131,77,31,72,95,66,23,28,82,67,35" hai3="8,16,68,83,46,24,63,110,101,94,107,18,79"/><V96/><F35/><W116/><G107/><T123/><D123/><U65/><E121/><V0/><F0/><W88/><G101/><T75/><D2/><U25/><E114/><V59/><F23/><W47/><G110/><T105/><D132/><U4/><E129/><N who="2" m="49163" /><F59/><W32/><G116/><T100/><D127/><U51/><E74/><V56/><F56/><W10/><G68/><T19/><D6/><U30/><E71/><V62/><F62/><W128/><G128/><T42/><D42/><U1/><E57/><V3/><F3/><W45/><G63/><T54/><D75/><U14/><E65/><AGARI ba="0,0" hai="28,31,65,66,67,72,77,82,95,96,102" m="49163" machi="65" ten="30,1500,0" yaku="19,1" doraHai="40" who="2" fromWho="1" sc="273,0,141,-15,357,15,229,0" /><INIT seed="6,1,0,4,0,16" ten="273,126,372,229" oya="2" hai0="49,12,103,96,83,39,86,70,112,104,90,100,102" hai1="53,77,51,27,82,105,7,99,121,126,38,50,62" hai2="114,6,43,92,20,128,47,87,37,44,30,34,85" hai3="63,91,109,19,101,21,3,24,75,59,120,73,33"/><V78/><F114/><W18/><G109/><T17/><D39/><U0/><E126/><V108/><F128/><W15/><G120/><T48/><D70/><U45/><E121/><V94/><F34/><W133/><G3/><T13/><D13/><U46/><E38/><V25/><F6/><W118/><G118/><T125/><D112/><U134/><E134/><V135/><F135/><W58/><G101/><T111/><D111/><U95/><E105/><V42/><F108/><W113/><G59/><T1/><D1/><U31/><E62/><V80/><F87/><W54/><G113/><T55/><D49/><AGARI ba="1,0" hai="20,25,30,37,42,43,44,47,49,78,80,85,92,94" machi="49" ten="30,2900,0" yaku="7,1,52,1" doraHai="16" who="2" fromWho="0" sc="273,-32,126,0,372,32,229,0" /><INIT seed="6,2,0,2,2,81" ten="241,126,404,229" oya="2" hai0="19,129,97,101,111,2,110,8,47,42,27,22,119" hai1="84,124,116,64,15,109,87,63,18,3,46,45,1" hai2="132,4,51,12,65,89,95,68,122,29,123,82,70" hai3="52,62,53,39,31,121,59,103,86,41,0,24,78"/><V85/><F132/><W55/><G0/><T7/><D129/><U134/><E116/><V100/><F29/><W49/><G121/><T43/><D43/><U74/><E74/><V14/><F12/><W61/><G103/><T71/><D71/><U11/><E109/><V98/><F51/><W23/><G39/><T33/><D33/><U56/><E134/><V10/><F68/><W67/><G62/><T105/><REACH who="0" step="1"/><D119/><REACH who="0" ten="231,126,404,229" step="2"/><U69/><E69/><V17/><F70/><W91/><G41/><T20/><D20/><U126/><E3/><V9/><F123/><W25/><G25/><T6/><D6/><U72/><E1/><V13/><F122/><W75/><G75/><T135/><D135/><U44/><REACH who="1" step="1"/><E72/><REACH who="1" ten="231,116,404,229" step="2"/><V96/><F98/><W57/><G78/><T21/><D21/><U37/><E37/><V90/><BYE who="0" /><F100/><W112/><G112/><T117/><D117/><U58/><E58/><UN n0="%4A%75%65%59%75%61%6E" /><V76/><F76/><W16/><G31/><T48/><D48/><U113/><BYE who="0" /><E113/><V92/><F82/><AGARI ba="2,2" hai="16,23,24,49,52,53,55,57,59,61,67,82,86,91" machi="82" ten="30,8000,1" yaku="7,1,8,1,52,1,54,2" doraHai="81" who="3" fromWho="2" sc="231,0,116,0,404,-86,229,106" /><INIT seed="7,0,0,1,5,47" ten="231,116,318,335" oya="3" hai0="29,22,45,133,105,119,55,104,26,103,97,78,134" hai1="63,69,30,37,71,32,106,87,31,88,1,24,4" hai2="46,114,102,108,9,11,8,60,93,19,40,35,85" hai3="111,92,116,101,86,28,130,96,56,27,75,126,18"/><W123/><G116/><T113/><D113/><U12/><E37/><V80/><F114/><W83/><G123/><T84/><D84/><U72/><E72/><V66/><F35/><W33/><G130/><T17/><D17/><U25/><E106/><V90/><F108/><W64/><G126/><T73/><D73/><U38/><E38/><V67/><F60/><W128/><G128/><T132/><D132/><U20/><E63/><V6/><F19/><W91/><G75/><T118/><D118/><U13/><E71/><V121/><F121/><W15/><G56/><T44/><D44/><U0/><E69/><UN n0="%4A%75%65%59%75%61%6E" /><V14/><F14/><W98/><G111/><T70/><D78/><U61/><E61/><V43/><F43/><W34/><G64/><T110/><D70/><U120/><E120/><V58/><F58/><W109/><G109/><T21/><D110/><U74/><E74/><V99/><REACH who="2" step="1"/><F6/><REACH who="2" ten="231,116,308,335" step="2"/><W131/><G131/><T42/><D42/><U39/><E39/><AGARI ba="0,1" hai="8,9,11,39,40,46,66,67,80,85,90,93,99,102" machi="39" ten="40,2600,0" yaku="1,1,2,1,53,0" doraHai="47" doraHaiUra="50" who="2" fromWho="1" sc="231,0,116,-26,308,36,335,0" owari="231,-17.0,90,-41.0,344,44.0,335,14.0" /></mjloggm>