<mjloggm ver="2.3"><GO type="41" lobby="0"/><UN n0="%E2%93%9D%53%75%70%68%78" n1="%E3%81%A1%E3%82%87%E3%81%A3%E3%81%A8%E3%81%AD%E3%82%80%E3%81%84" n2="%E3%82%B7%E3%83%BC%E3%82%B8%E3%83%97%E3%83%AC%E3%82%A4%E3%83%A4%E3%83%BC" n3="%73%61%77%61%6B%6F%61%69" dan="17,13,14,14" rate="2083.53,1932.97,1883.08,1937.95" sx="M,M,M,M"/><TAIKYOKU oya="0"/><INIT seed="0,0,0,1,1,61" ten="250,250,250,250" oya="0" hai0="67,96,37,125,40,124,72,107,49,25,70,16,122" hai1="43,35,127,112,26,64,89,52,126,81,93,6,51" hai2="109,94,135,31,101,50,80,59,5,18,108,63,38" hai3="129,10,98,22,66,42,30,84,104,117,36,2,28"/><T106/><D72/><U105/><E105/><V115/><F38/><W75/><G117/><T39/><D122/><U46/><E112/><V74/><F115/><W1/><G75/><T33/><D49/><U78/><E6/><V47/><F135/><W32/><G129/><T76/><D76/><U99/><E26/><V15/><F31/><W82/><G32/><T53/><D53/><U134/><E35/><V119/><F5/><W69/><G42/><T130/><D130/><U41/><E134/><V121/><F119/><W12/><G36/><T21/><D33/><U20/><E20/><V100/><F80/><W27/><G28/><T118/><D118/><U86/><REACH who="1" step="1"/><E64/><REACH who="1" ten="250,240,250,250" step="2"/><V95/><F121/><W90/><G104/><T17/><D107/><U57/><E57/><V62/><F108/><W0/><G98/><T7/><D7/><U83/><E83/><V116/><F109/><W131/><G131/><T88/><D106/><U97/><E97/><V48/><F94/><W91/><G91/><T19/><D88/><U110/><E110/><V85/><F95/><W13/><REACH who="3" step="1"/><G10/><REACH who="3" ten="250,240,250,240" step="2"/><T103/><D96/><U60/><E60/><AGARI ba="0,2" hai="0,1,2,12,13,22,27,30,60,66,69,82,84,90" machi="60" ten="40,5200,0" yaku="1,1,2,1,52,1,53,0" doraHai="61" doraHaiUra="29" who="3" fromWho="1" sc="250,0,240,-52,250,0,240,72" /><INIT seed="1,0,0,1,0,58" ten="250,188,250,312" oya="1" hai0="40,105,36,16,118,104,99,94,92,64,18,49,68" hai1="15,7,83,80,98,82,117,111,21,135,19,43,76" hai2="133,66,95,115,130,124,44,46,52,1,26,127,55" hai3="123,24,78,31,131,97,17,33,87,53,5,65,121"/><U86/><E135/><V70/><F26/><W41/><G131/><T8/><D36/><U30/><E117/><V9/><F9/><W89/><G41/><T75/><D75/><U72/><E111/><V23/><F23/><W61/><G5/><T119/><D40/><U134/><E134/><V79/><F1/><W12/><G53/><N who="2" m="20553" /><F95/><W42/><G42/><T57/><D57/><U27/><E43/><V54/><F79/><W85/><G97/><T2/><D99/><U39/><E39/><V38/><F133/><W32/><G32/><T128/><D8/><U6/><E98/><V90/><F90/><W60/><G65/><T88/><D64/><U122/><E122/><V74/><F74/><W14/><G14/><T102/><D88/><U29/><E29/><V48/><F38/><W47/><G47/><N who="2" m="17961" /><F130/><W120/><G78/><T126/><D128/><U4/><REACH who="1" step="1"/><E72/><REACH who="1" ten="250,178,250,312" step="2"/><V51/><F115/><W103/><G103/><T116/><D102/><U110/><E110/><V3/><F3/><W91/><G120/><T107/><D2/><U63/><E63/><N who="2" m="40287" /><F48/><W106/><G121/><T62/><D49/><U125/><E125/><V77/><F77/><W114/><G123/><T59/><D126/><U100/><E100/><V56/><AGARI ba="0,1" hai="51,54,56,124,127" m="40287,17961,20553" machi="56" ten="30,7900,0" yaku="34,2,52,1,54,1" doraHai="58" who="2" fromWho="2" sc="250,-20,178,-39,250,89,312,-20" /><INIT seed="2,0,0,4,4,74" ten="230,139,339,292" oya="2" hai0="106,36,133,0,40,50,17,27,43,122,86,15,26" hai1="130,110,21,53,45,11,29,128,112,99,125,12,113" hai2="109,14,126,119,38,62,101,96,108,91,131,34,84" hai3="10,104,6,134,56,28,135,23,20,123,16,51,19"/><V25/><F119/><W32/><G123/><T116/><D0/><U97/><E45/><V41/><F62/><W78/><G104/><T66/><D106/><U33/><E53/><V22/><F34/><W24/><G56/><T30/><D133/><N who="3" m="50697" /><G51/><T72/><D72/><U127/><E99/><V111/><F14/><N who="3" m="5463" /><G78/><T5/><D36/><U44/><E97/><V80/><F126/><N who="1" m="48137" /><E44/><V9/><F9/><W67/><G67/><T3/><D66/><U1/><E110/><V85/><F85/><W117/><G117/><T18/><D86/><U4/><E33/><V107/><F41/><W69/><G69/><T102/><D43/><U77/><E77/><V31/><REACH who="2" step="1"/><F38/><REACH who="2" ten="230,139,329,292" step="2"/><W87/><G87/><T2/><D40/><U129/><E29/><V121/><F121/><W95/><G95/><T94/><D94/><U35/><E35/><V81/><F81/><W55/><G55/><T42/><D42/><U52/><E52/><V68/><F68/><W132/><N who="3" m="50705" /><W82/><DORA hai="60" /><G82/><T70/><D70/><U59/><E59/><V98/><F98/><W88/><G88/><T8/><D122/><U100/><E100/><V83/><F83/><W49/><G49/><T7/><D50/><U37/><E37/><V61/><F61/><W58/><G58/><T57/><D57/><U118/><E118/><V89/><F89/><W76/><G76/><T54/><D116/><U114/><E113/><V124/><F124/><W65/><G65/><T73/><D54/><U79/><E79/><V48/><F48/><W115/><G115/><T92/><D102/><U103/><E103/><RYUUKYOKU ba="0,1" sc="230,-30,139,10,329,10,292,10" hai1="1,4,11,12,21,112,114,128,129,130" hai2="22,25,31,80,84,91,96,101,107,108,109,111,131" hai3="16,19,20,23,24,28,32" /><INIT seed="2,1,1,3,0,6" ten="200,149,339,302" oya="2" hai0="27,23,112,25,132,8,49,26,125,74,9,14,32" hai1="102,61,30,85,3,57,68,69,133,39,56,81,135" hai2="106,37,120,15,128,131,43,55,21,109,5,111,7" hai3="42,123,47,66,70,20,52,130,51,63,82,11,118"/><V97/><F106/><W53/><G123/><T58/><D74/><U54/><E102/><V18/><F97/><W134/><G118/><T72/><D72/><U116/><E3/><V83/><F55/><W89/><G130/><N who="2" m="49705" /><F83/><W117/><G134/><N who="1" m="51210" /><E30/><V2/><F43/><W34/><G34/><T36/><D112/><U122/><E85/><V44/><F44/><W98/><G117/><T124/><D132/><U33/><E81/><V96/><F96/><W41/><G41/><T0/><D36/><U77/><E33/><V73/><F37/><W88/><G20/><T91/><D32/><U4/><E4/><N who="2" m="1611" /><F73/><W115/><G115/><T110/><D0/><U13/><E13/><V90/><F90/><W101/><G82/><T104/><D91/><U100/><E100/><V129/><F2/><W64/><G64/><T46/><D104/><U105/><E105/><V93/><F93/><W38/><G38/><T48/><D14/><U95/><E95/><V45/><F45/><W35/><G35/><T29/><D46/><U17/><E77/><V119/><F129/><W107/><G89/><T80/><D80/><U92/><E92/><V65/><F65/><W16/><G88/><T24/><D29/><U67/><E39/><V87/><F87/><W78/><G78/><T127/><D49/><U126/><E67/><V99/><F99/><W62/><G62/><T75/><D75/><U28/><E61/><V113/><F119/><W19/><G19/><N who="0" m="12415" /><D110/><N who="2" m="41994" /><F113/><W59/><G70/><T121/><D121/><AGARI ba="1,1" hai="15,18,21,120,121" m="41994,1611,49705" machi="121" ten="40,12000,1" yaku="19,1,14,1,10,1,34,2" doraHai="6" who="2" fromWho="0" sc="200,-123,149,0,339,133,302,0" /><INIT seed="2,2,0,5,4,102" ten="77,149,472,302" oya="2" hai0="37,128,72,106,17,134,25,108,104,129,91,6,1" hai1="86,96,34,95,20,124,47,65,32,4,98,110,131" hai2="126,114,0,61,28,39,69,42,50,127,89,93,78" hai3="41,122,101,46,84,80,118,119,44,123,82,113,2"/><V64/><F114/><W121/><G2/><T116/><D37/><U45/><E110/><V38/><F0/><W85/><G113/><T67/><D108/><U12/><E12/><V62/><F78/><W9/><G9/><N who="0" m="2255" /><D72/><U60/><E4/><V24/><F24/><W27/><G27/><T3/><D67/><U94/><E20/><V100/><F100/><W55/><G101/><T31/><D91/><U71/><E60/><N who="2" m="40071" /><F28/><W120/><N who="3" m="30720" /><DORA hai="107" /><W112/><G112/><T16/><D134/><U99/><E65/><V111/><F89/><W63/><G63/><N who="2" m="24073" /><F93/><W48/><G85/><T21/><D116/><U56/><E99/><V81/><F81/><W76/><REACH who="3" step="1"/><G82/><REACH who="3" ten="77,149,472,292" step="2"/><T105/><D3/><U125/><E86/><V135/><F111/><W97/><G97/><T40/><D25/><U43/><E98/><V49/><F135/><W53/><G53/><T10/><D10/><U18/><E96/><V66/><F66/><W73/><G73/><T130/><D31/><U52/><E52/><V36/><F42/><W70/><G70/><T22/><D40/><U14/><E43/><V54/><F54/><W8/><G8/><T11/><D11/><U133/><E71/><V88/><F88/><W51/><AGARI ba="2,1" hai="41,44,46,48,51,55,76,80,84,118,119" m="30720" machi="51" ten="60,4000,0" yaku="1,1,0,1,53,0" doraHai="102,107" doraHaiUra="33,35" who="3" fromWho="3" sc="77,-12,149,-12,472,-22,292,56" /><INIT seed="3,0,0,3,4,133" ten="65,137,450,348" oya="3" hai0="124,40,129,45,111,99,5,36,88,119,59,74,10" hai1="118,104,20,18,71,131,122,53,78,72,89,79,105" hai2="61,95,46,100,135,127,96,37,83,60,108,47,42" hai3="91,6,34,13,86,28,120,7,32,9,4,17,39"/><W57/><G39/><T62/><D119/><U26/><E131/><V81/><F108/><W58/><G120/><T48/><D74/><U67/><E118/><V68/><F135/><W29/><G34/><T70/><D111/><U30/><E72/><V3/><F3/><W103/><G103/><T102/><D129/><U109/><E105/><V19/><F127/><W97/><G97/><T87/><D70/><U15/><E122/><V106/><F106/><W101/><G101/><T43/><D36/><U27/><E27/><V113/><F113/><W21/><G32/><T93/><D43/><U23/><E104/><V33/><F33/><W14/><G29/><T11/><D5/><N who="3" m="2153" /><G28/><T80/><REACH who="0" step="1"/><D124/><REACH who="0" ten="55,137,450,348" step="2"/><U121/><E109/><V117/><F68/><W114/><G114/><T134/><D134/><U90/><E121/><V64/><F37/><W41/><G41/><T35/><D35/><U69/><E71/><V112/><F42/><W116/><G116/><T98/><D98/><U92/><E69/><V115/><F96/><W52/><G52/><AGARI ba="0,1" hai="10,11,40,45,48,52,59,62,80,87,88,93,99,102" machi="52" ten="30,8000,1" yaku="1,1,7,1,8,1,54,2,53,0" doraHai="133" doraHaiUra="126" who="0" fromWho="3" sc="55,90,137,0,450,0,348,-80" /><INIT seed="4,0,0,5,2,7" ten="145,137,450,268" oya="0" hai0="20,15,112,72,135,30,99,27,1,128,51,108,129" hai1="52,117,122,46,5,114,58,123,17,106,115,12,35" hai2="2,88,48,101,42,113,23,49,37,103,39,83,130" hai3="134,45,36,66,93,133,9,26,57,76,54,44,19"/><T119/><D72/><U8/><E106/><V31/><F2/><W34/><G76/><T40/><D119/><U111/><E111/><V22/><F88/><W94/><G66/><T60/><D1/><U47/><E117/><V25/><F25/><W13/><G34/><T82/><D112/><N who="1" m="43051" /><E35/><V65/><F65/><W87/><G26/><T127/><D127/><U64/><E64/><V75/><F31/><W63/><G36/><T56/><D135/><N who="3" m="51721" /><G87/><T6/><D108/><U69/><E69/><V4/><F4/><W62/><G62/><T120/><D6/><U14/><E46/><AGARI ba="0,0" hai="9,13,19,44,45,46,54,57,63,93,94" m="51721" machi="46" ten="30,2000,0" yaku="20,1,52,1" doraHai="7" who="3" fromWho="1" sc="145,0,137,-20,450,0,268,20" /><INIT seed="5,0,0,5,1,13" ten="145,117,450,288" oya="1" hai0="113,26,119,38,110,130,59,10,8,2,62,64,65" hai1="33,54,80,100,127,63,77,24,101,129,95,67,122" hai2="132,30,42,36,45,117,60,17,128,69,22,104,71" hai3="78,41,87,73,32,105,116,39,50,20,53,90,12"/><U1/><E122/><V51/><F117/><W106/><G116/><T49/><D119/><U88/><E1/><V94/><F104/><W118/><G32/><T81/><D110/><U70/><E129/><V82/><F128/><W85/><G118/><T98/><D38/><U131/><E131/><V46/><F30/><W31/><G106/><T28/><D113/><U97/><E127/><V102/><F82/><W93/><G105/><T19/><D65/><U89/><E89/><V25/><F132/><W43/><G39/><T6/><D98/><U133/><E133/><V55/><F60/><W123/><G73/><T44/><D81/><U109/><E109/><V35/><F35/><W72/><G72/><T3/><D130/><U66/><E66/><V27/><F25/><W75/><G75/><T107/><D107/><U11/><E11/><V99/><AGARI ba="0,0" hai="17,22,27,36,42,45,46,51,55,69,71,94,99,102" machi="99" ten="30,2000,0" yaku="0,1,52,1" doraHai="13" who="2" fromWho="2" sc="145,-5,117,-10,450,20,288,-5" /><INIT seed="6,0,0,1,5,117" ten="140,107,470,283" oya="2" hai0="99,46,87,110,40,116,3,24,59,48,129,108,106" hai1="4,8,122,42,115,20,113,75,10,60,105,23,53" hai2="89,15,19,92,81,55,37,11,45,41,120,130,31" hai3="103,104,123,91,121,94,16,12,2,50,13,82,100"/><V127/><F120/><W64/><G2/><T44/><D3/><U97/><E75/><V78/><F130/><W26/><G64/><T49/><D87/><U21/><E42/><V86/><F31/><W88/><G104/><T131/><D24/><U134/><E105/><V109/><F55/><W135/><G135/><T119/><D99/><U98/><E60/><V27/><F27/><W35/><G50/><T107/><D59/><U5/><E53/><V51/><F127/><W79/><G13/><T34/><REACH who="0" step="1"/><D40/><REACH who="0" ten="130,107,470,283" step="2"/><U68/><E68/><V63/><F41/><W43/><G43/><T18/><D18/><U96/><E134/><V101/><F86/><W65/><G26/><T114/><D114/><N who="1" m="43531" /><E122/><V36/><F19/><W124/><G121/><T14/><D14/><U95/><E95/><V58/><F15/><W125/><G123/><T0/><D0/><U80/><E80/><V74/><F58/><W30/><G124/><T133/><D133/><U1/><E1/><V9/><F74/><W47/><G125/><T85/><D85/><U70/><E70/><V72/><F72/><W90/><G12/><T102/><D102/><U118/><E118/><V73/><F101/><W93/><G100/><T57/><D57/><U66/><E66/><V126/><F73/><W71/><G65/><T33/><AGARI ba="0,1" hai="33,34,44,46,48,49,106,107,108,110,116,119,129,131" machi="33" ten="25,6400,0" yaku="1,1,0,1,22,2,53,0" doraHai="117" doraHaiUra="6" who="0" fromWho="0" sc="130,74,107,-16,470,-32,283,-16" /><INIT seed="7,0,0,5,4,62" ten="204,91,438,267" oya="3" hai0="48,135,22,130,7,94,24,73,9,119,71,103,41" hai1="56,51,50,25,128,57,0,69,43,126,95,97,101" hai2="91,10,90,63,12,37,116,1,46,23,66,114,33" hai3="105,99,76,110,85,134,39,67,59,70,72,132,125"/><W20/><G39/><T117/><D73/><U28/><E128/><V111/><F33/><W121/><G72/><T6/><D71/><U80/><E126/><V35/><F111/><W18/><G70/><T55/><D41/><U61/><E0/><V49/><F35/><W19/><G121/><T122/><D135/><U120/><E120/><V109/><F37/><W26/><G110/><T131/><D94/><U34/><E80/><V40/><F109/><W42/><G42/><T106/><D103/><U27/><E27/><V3/><F116/><W124/><G19/><T17/><D106/><U87/><E87/><V100/><F23/><W77/><G99/><T113/><D113/><U13/><E13/><V29/><F100/><W2/><G105/><T58/><D7/><U86/><E86/><V133/><F90/><W32/><G2/><N who="0" m="215" /><D122/><U54/><E43/><V74/><F133/><W118/><G118/><T47/><D47/><U44/><E51/><V107/><F29/><W92/><G92/><T21/><D21/><U83/><E83/><V14/><F14/><W112/><G125/><T98/><D98/><U11/><E11/><V115/><F74/><W52/><G20/><T68/><D68/><U4/><E4/><N who="2" m="3143" /><F107/><W89/><G124/><T127/><D127/><U88/><E101/><V45/><F91/><W64/><G89/><T5/><D5/><U123/><E123/><V96/><F96/><W78/><G132/><T53/><D53/><U30/><E30/><V15/><F114/><W82/><G112/><T8/><D8/><U104/><E104/><V31/><F115/><RYUUKYOKU ba="0,0" sc="204,15,91,15,438,-15,267,-15" hai0="17,22,24,48,55,58,117,119,130,131" hai1="25,28,34,44,50,54,56,57,61,69,88,95,97" owari="219,-18.0,106,-39.0,423,52.0,252,5.0" /></mjloggm>