<mjloggm ver="2.3"><GO type="41" lobby="0"/><UN n0="%E2%93%9D%53%75%70%68%78" n1="%E9%A6%96%E9%83%BD%E5%A4%A7%E3%81%AE%E9%9B%80%E9%AC%BC" n2="%E3%82%B9%E3%83%BC%E3%83%91%E3%83%BC%E3%82%86%E3%81%86%E3%81%9F" n3="%73%6F%64%6F%72" dan="18,15,14,13" rate="2070.45,2120.04,1870.15,1922.12" sx="M,M,M,M"/><TAIKYOKU oya="0"/><INIT seed="0,0,0,2,1,55" ten="250,250,250,250" oya="0" hai0="90,121,83,38,40,68,91,6,45,102,104,95,12" hai1="115,56,35,52,113,10,119,31,77,59,74,28,87" hai2="129,96,82,132,30,85,101,109,100,50,70,54,131" hai3="66,33,62,111,11,58,79,14,22,133,34,17,69"/><T3/><D121/><U110/><E119/><V9/><F70/><W81/><G111/><T88/><D68/><U0/><E110/><V25/><F109/><W78/><G133/><T63/><D104/><U53/><E74/><V112/><F9/><W36/><G36/><T128/><D3/><U43/><E43/><V67/><F67/><W126/><G126/><T42/><D128/><N who="2" m="49226" /><F96/><W94/><G94/><T124/><D124/><U5/><E77/><N who="2" m="46287" /><F132/><W4/><G69/><T114/><D114/><N who="1" m="43531" /><E87/><V57/><F112/><W19/><G19/><T15/><D83/><U23/><E35/><AGARI ba="0,0" hai="25,30,35,50,54,57,100,101" m="46287,49226" machi="35" ten="30,2000,0" yaku="19,1,52,1" doraHai="55" who="2" fromWho="1" sc="250,0,250,-20,250,20,250,0" /><INIT seed="1,0,0,3,0,111" ten="250,230,270,250" oya="1" hai0="135,76,69,129,42,108,31,39,126,87,29,92,82" hai1="41,13,72,36,62,17,5,52,103,11,83,124,47" hai2="98,101,26,119,99,71,106,117,46,66,112,6,2" hai3="57,80,20,15,100,128,44,64,104,56,24,63,48"/><U131/><E124/><V86/><F2/><W61/><G128/><T96/><D108/><U9/><E131/><V127/><F6/><W34/><G80/><T123/><D69/><U45/><E103/><V50/><F127/><W55/><G34/><T116/><D135/><U19/><E11/><V25/><F98/><W107/><G100/><T65/><D123/><U105/><E105/><V7/><F7/><W30/><REACH who="3" step="1"/><G15/><REACH who="3" ten="250,230,270,240" step="2"/><T110/><D129/><U33/><E33/><V84/><F117/><W22/><G22/><T115/><D116/><U28/><E28/><V10/><F119/><W77/><G77/><T90/><D126/><U1/><E13/><V95/><F10/><W88/><G88/><T35/><D110/><U21/><E21/><V38/><F101/><W133/><G133/><T125/><D35/><U132/><E132/><V118/><F118/><W59/><G59/><T67/><D125/><U97/><E97/><V85/><F99/><W94/><G94/><T60/><D31/><U51/><E62/><N who="2" m="40407" /><F95/><W18/><G18/><T121/><D29/><U79/><AGARI ba="0,1" hai="1,5,9,17,19,36,41,45,47,51,52,72,79,83" machi="79" ten="30,11700,0" yaku="0,1,25,2,54,1" doraHai="111" who="1" fromWho="1" sc="250,-39,230,127,270,-39,240,-39" /><INIT seed="1,1,0,1,1,7" ten="211,357,231,201" oya="1" hai0="123,34,74,121,37,38,119,106,61,113,99,29,97" hai1="77,93,92,81,19,9,134,101,88,63,3,95,41" hai2="55,50,36,80,2,85,65,71,111,89,57,94,129" hai3="48,8,126,56,120,112,128,130,12,90,6,40,83"/><U104/><E41/><V24/><F111/><W87/><G120/><N who="0" m="46155" /><D113/><U32/><E32/><V23/><F129/><N who="3" m="49771" /><G112/><T18/><D18/><U117/><E117/><V125/><F125/><W73/><G73/><T49/><D49/><U70/><E134/><V51/><F36/><N who="0" m="13930" /><D74/><U86/><E70/><V131/><F131/><W105/><G105/><T132/><D119/><U76/><E63/><V91/><F2/><W44/><G56/><T5/><D5/><U4/><REACH who="1" step="1"/><E19/><REACH who="1" ten="211,347,231,201" step="2"/><V75/><F71/><W79/><G126/><T42/><D61/><U124/><E124/><V68/><F68/><W122/><G122/><T116/><D132/><U54/><E54/><V45/><F65/><W82/><G82/><T17/><D17/><U21/><E21/><V60/><F60/><W39/><G39/><T114/><D116/><U107/><E107/><V102/><F55/><W118/><G118/><T16/><D106/><U27/><E27/><V1/><F23/><W127/><G127/><T59/><D114/><U43/><E43/><V25/><F24/><W20/><G20/><T115/><D42/><U22/><E22/><V13/><F25/><W35/><G35/><T28/><D34/><U100/><E100/><V64/><F102/><W47/><G40/><T14/><D115/><U109/><E109/><V31/><F64/><W11/><G11/><N who="0" m="6239" /><D59/><U30/><E30/><AGARI ba="1,1" hai="28,29,30,97,99" m="6239,13930,46155" machi="30" ten="30,3900,0" yaku="13,1,52,1,54,1" doraHai="7" who="0" fromWho="1" sc="211,52,347,-42,231,0,201,0" /><INIT seed="2,0,0,5,3,35" ten="263,305,231,201" oya="2" hai0="36,100,101,60,77,82,118,30,96,20,67,73,53" hai1="115,78,104,124,135,97,40,56,74,15,86,43,2" hai2="72,21,69,1,80,38,47,32,83,93,119,34,45" hai3="120,48,58,89,3,79,7,133,111,51,75,63,54"/><V110/><F119/><W117/><G120/><T87/><D36/><U27/><E74/><V0/><F69/><W71/><G117/><T121/><D121/><U128/><E27/><V64/><F72/><W6/><G111/><T91/><D53/><U9/><E15/><V33/><F33/><W123/><G123/><T125/><D125/><U76/><E56/><V5/><F5/><W94/><G133/><T113/><D113/><U70/><E9/><V112/><F38/><W132/><G132/><T122/><D122/><U44/><E44/><V39/><F39/><W16/><G79/><T42/><D42/><U65/><E86/><V29/><F21/><W28/><G28/><T81/><D118/><U19/><E97/><V130/><F93/><W62/><G75/><T31/><D20/><U129/><E65/><V114/><F29/><W90/><G90/><T18/><D18/><U8/><E8/><V106/><F106/><W107/><G16/><T4/><D4/><U116/><E19/><V49/><F49/><W105/><G105/><T13/><D13/><U17/><E17/><V11/><F11/><N who="3" m="2527" /><G7/><T50/><D50/><U98/><E104/><V41/><F41/><N who="1" m="15945" /><E135/><V61/><F64/><N who="3" m="41375" /><G107/><T66/><D31/><U85/><E116/><V95/><F95/><W84/><G51/><T23/><D30/><U10/><E115/><V68/><F68/><W37/><G48/><T26/><D23/><U25/><E70/><V102/><F61/><W131/><G37/><T22/><D22/><U127/><E127/><V134/><F134/><W126/><G126/><T99/><D60/><RYUUKYOKU ba="0,0" sc="263,-10,305,-10,231,-10,201,30" hai3="54,58,62,84,89,94,131" /><INIT seed="3,1,0,0,4,45" ten="253,295,221,231" oya="3" hai0="126,59,91,58,106,122,50,8,57,128,23,31,15" hai1="55,78,73,89,3,36,135,29,100,133,42,65,72" hai2="14,33,125,67,88,24,81,102,110,129,69,62,56" hai3="86,16,64,134,96,47,4,61,39,80,25,77,123"/><W66/><G123/><T76/><D106/><U70/><E3/><V38/><F110/><W112/><G112/><T10/><D122/><U26/><E89/><V131/><F125/><W22/><G134/><T20/><D128/><N who="2" m="49226" /><F38/><W13/><G96/><T0/><D76/><U6/><E6/><V92/><F14/><W5/><G39/><T2/><D126/><U40/><E55/><V105/><F81/><W87/><G86/><T35/><D35/><U118/><E65/><V130/><F69/><W95/><G95/><T41/><D2/><U93/><E70/><V117/><F117/><W97/><G97/><T21/><D31/><U37/><E78/><V48/><F105/><W54/><G5/><T63/><D0/><U85/><E118/><V82/><F82/><W83/><G83/><T34/><D34/><U18/><E93/><V68/><F130/><W49/><G61/><T104/><D104/><U84/><E100/><V60/><F60/><W116/><G116/><T7/><D10/><AGARI ba="1,0" hai="4,10,13,16,22,25,47,49,54,64,66,77,80,87" machi="10" ten="40,7700,0" yaku="8,1,52,1,54,1" doraHai="45" who="3" fromWho="0" sc="253,-80,295,0,221,0,231,80" /><INIT seed="3,2,0,5,2,125" ten="173,295,221,311" oya="3" hai0="43,86,95,35,64,40,1,75,116,101,34,94,36" hai1="105,81,12,61,132,59,127,22,71,54,74,21,96" hai2="89,29,117,123,98,134,91,120,79,84,102,108,113" hai3="131,38,77,37,82,55,130,62,15,57,20,7,73"/><W14/><G14/><T18/><D75/><U10/><E132/><V111/><F29/><W47/><G47/><T33/><D1/><U45/><E127/><V90/><F134/><W52/><G55/><T46/><D116/><U31/><E71/><V19/><F117/><W48/><G62/><T63/><D43/><U53/><E105/><V92/><F113/><W119/><G119/><T104/><D18/><U17/><E96/><V83/><REACH who="2" step="1"/><F19/><REACH who="2" ten="173,295,211,311" step="2"/><N who="3" m="10367" /><G7/><T24/><D35/><U97/><E31/><V2/><F2/><W26/><G26/><T122/><D24/><U68/><E17/><V56/><F56/><W51/><G51/><T65/><D34/><U76/><E59/><V106/><F106/><W25/><G25/><T78/><D104/><U88/><E68/><V41/><F41/><W103/><G103/><T121/><D101/><U109/><E45/><V27/><F27/><W129/><AGARI ba="2,1" hai="37,38,48,52,57,73,77,82,129,130,131" m="10367" machi="129" ten="30,12000,1" yaku="19,1,52,3,54,1" doraHai="125" who="3" fromWho="3" sc="173,-42,295,-42,211,-42,311,136" /><INIT seed="3,3,0,1,3,40" ten="131,253,169,447" oya="3" hai0="91,89,31,79,116,95,7,102,53,47,77,54,90" hai1="23,46,104,108,93,98,130,8,5,88,70,69,63" hai2="58,49,96,28,36,21,13,129,4,113,65,115,112" hai3="41,134,118,131,126,106,114,87,76,78,27,11,20"/><W123/><G118/><T12/><D116/><U94/><E108/><V82/><F36/><W125/><G123/><T0/><D0/><U128/><E104/><V124/><F124/><W107/><G114/><T57/><D31/><U111/><E111/><V18/><F129/><W60/><G131/><N who="1" m="50218" /><E23/><V73/><F96/><W64/><G134/><T43/><D102/><N who="1" m="60751" /><E63/><V121/><F121/><W83/><G11/><T1/><D1/><N who="1" m="47" /><E46/><V56/><F4/><W97/><G41/><T33/><D33/><U119/><E119/><V48/><F28/><W19/><G78/><T45/><D43/><U101/><E101/><V127/><F127/><N who="3" m="48651" /><G97/><AGARI ba="3,0" hai="69,70,88,94,97" m="47,60751,50218" machi="97" ten="30,2000,0" yaku="19,1,54,1" doraHai="40" who="1" fromWho="3" sc="131,0,253,29,169,0,447,-29" /><INIT seed="4,0,0,1,5,90" ten="131,282,169,418" oya="0" hai0="84,126,23,45,0,44,56,108,63,115,51,119,11" hai1="25,32,86,135,4,52,75,20,14,7,122,85,10" hai2="26,34,33,104,118,103,80,66,21,102,62,18,128" hai3="71,88,124,92,96,15,133,2,74,78,58,70,117"/><T112/><D23/><U73/><E135/><V91/><F128/><W39/><G117/><T132/><D0/><U30/><E122/><V106/><F118/><W17/><G2/><T50/><D11/><U79/><E75/><V54/><F103/><W107/><G133/><T131/><D84/><U72/><E72/><V114/><F114/><N who="0" m="43562" /><D119/><U1/><E4/><V76/><F91/><W100/><G39/><T64/><D132/><U110/><E110/><V94/><F54/><W98/><G78/><T38/><D108/><U9/><E52/><V99/><F34/><W129/><G74/><T61/><D126/><U36/><E36/><V95/><F33/><W93/><G124/><T27/><D27/><U113/><E10/><V47/><F47/><N who="0" m="17994" /><D38/><U37/><E37/><V97/><F76/><W48/><G129/><T105/><D105/><U109/><E109/><V123/><F80/><W77/><G77/><T120/><D131/><U6/><E6/><V24/><F123/><W68/><G107/><T87/><D87/><U116/><E116/><V134/><F134/><W130/><G130/><T3/><D3/><U13/><E13/><V46/><F46/><W28/><G28/><T53/><D120/><U83/><E113/><V43/><F26/><W35/><G35/><T82/><D82/><U89/><E89/><N who="2" m="55503" /><F104/><W40/><G15/><T59/><AGARI ba="0,0" hai="50,51,53,56,59,61,63,64" m="17994,43562" machi="59" ten="30,6000,0" yaku="15,1,34,2" doraHai="90" who="0" fromWho="0" sc="131,60,282,-20,169,-20,418,-20" /><INIT seed="4,1,0,5,4,61" ten="191,262,149,398" oya="0" hai0="5,25,40,132,20,109,103,93,47,6,15,134,114" hai1="56,107,96,49,81,29,135,116,94,78,27,24,39" hai2="34,1,91,14,65,46,69,9,89,22,133,42,64" hai3="12,50,11,112,36,126,33,106,31,127,111,63,100"/><T32/><D114/><U76/><E135/><N who="0" m="51753" /><D32/><U84/><E116/><V130/><F133/><W45/><G111/><T70/><D70/><U68/><E39/><V77/><F34/><W3/><G3/><T129/><D15/><U102/><E68/><V86/><F69/><W7/><G112/><T124/><D124/><U104/><E76/><V72/><F1/><W62/><G36/><N who="0" m="21895" /><D129/><U95/><E27/><V85/><F72/><W0/><G31/><N who="0" m="17831" /><D109/><U41/><E41/><V123/><F130/><W23/><G33/><T74/><D74/><U28/><E28/><V97/><F22/><W17/><G127/><T53/><D53/><U92/><E24/><V4/><F123/><W83/><G126/><T16/><D16/><U44/><E29/><V8/><F9/><W98/><REACH who="3" step="1"/><G83/><REACH who="3" ten="191,262,149,388" step="2"/><T35/><D35/><U71/><E81/><V55/><F77/><W2/><G2/><T13/><D13/><U73/><E78/><V66/><F14/><W21/><G21/><T128/><D128/><U131/><E131/><V113/><F8/><W67/><G67/><N who="2" m="25673" /><F113/><W59/><G59/><T58/><D58/><U80/><E56/><V117/><F117/><W75/><G75/><T119/><D119/><U60/><E73/><V122/><F122/><W87/><G87/><N who="2" m="33289" /><F97/><AGARI ba="1,1" hai="5,6,93,97,103" m="17831,21895,51753" machi="97" ten="30,1500,0" yaku="20,1" doraHai="61" who="0" fromWho="2" sc="191,28,262,0,149,-18,388,0" /><INIT seed="4,2,0,5,2,42" ten="219,262,131,388" oya="0" hai0="39,7,16,45,89,83,24,71,56,20,78,2,27" hai1="25,69,124,73,131,49,67,81,92,130,13,133,36" hai2="8,10,123,120,108,84,62,38,113,100,61,21,19" hai3="97,86,57,5,63,117,80,50,58,77,114,103,88"/><T135/><D71/><U31/><E36/><V132/><F108/><W60/><G117/><T28/><D135/><U53/><E133/><V96/><F132/><W93/><G114/><T119/><D119/><U35/><E124/><V34/><F34/><W106/><G5/><T101/><D101/><U9/><E67/><V110/><F110/><W95/><G95/><T64/><D89/><U134/><E69/><V4/><F113/><W23/><G23/><T122/><D122/><U85/><E73/><V72/><F72/><W115/><G115/><T70/><D70/><U55/><E92/><V14/><F10/><W121/><G121/><T98/><D98/><U91/><E134/><V33/><F33/><W111/><G111/><T74/><D56/><U51/><E51/><V44/><F84/><W82/><G82/><T30/><D64/><U18/><REACH who="1" step="1"/><E53/><REACH who="1" ten="219,252,131,388" step="2"/><V127/><F127/><W79/><G106/><T54/><D54/><U75/><E75/><V125/><F125/><W1/><G63/><T40/><D27/><U11/><E11/><AGARI ba="2,1" hai="2,7,11,16,20,24,28,30,39,40,45,74,78,83" machi="11" ten="40,12000,1" yaku="25,2,52,1,54,1" doraHai="42" who="0" fromWho="1" sc="219,136,252,-126,131,0,388,0" /><INIT seed="4,3,0,4,3,73" ten="355,126,131,388" oya="0" hai0="29,20,30,123,74,54,117,8,101,78,68,58,98" hai1="2,40,70,48,107,12,91,56,10,97,112,135,111" hai2="66,17,3,92,65,55,36,130,9,21,121,32,24" hai3="31,129,85,84,38,4,126,134,11,59,19,99,26"/><T113/><D117/><U34/><E70/><V86/><F121/><W72/><G72/><T39/><D123/><U80/><E111/><V89/><F130/><W1/><G129/><T119/><D39/><U50/><E34/><V93/><F36/><W90/><G38/><T120/><D113/><U47/><E112/><V133/><F133/><W5/><G134/><T106/><D119/><U116/><E116/><V83/><F32/><W114/><G5/><T102/><D102/><U109/><E109/><V0/><F0/><W6/><G6/><T15/><D68/><U88/><E2/><V22/><F3/><W71/><G71/><T128/><D20/><U79/><E135/><V131/><F9/><W45/><G114/><T127/><D127/><U23/><E23/><V115/><F131/><W13/><G45/><T82/><D120/><U100/><E50/><V81/><F93/><W28/><G59/><T60/><REACH who="0" step="1"/><D128/><REACH who="0" ten="345,126,131,388" step="2"/><U61/><E61/><V108/><F108/><W46/><G126/><T18/><AGARI ba="3,1" hai="8,15,18,29,30,54,58,60,74,78,82,98,101,106" machi="18" ten="20,12000,1" yaku="1,1,2,1,0,1,7,1,52,1,53,0" doraHai="73" doraHaiUra="43" who="0" fromWho="0" sc="345,139,126,-43,131,-43,388,-43" /><INIT seed="4,4,0,0,5,61" ten="484,83,88,345" oya="0" hai0="17,55,122,76,25,71,21,92,124,119,130,135,118" hai1="48,67,6,110,28,129,15,120,73,50,27,66,108" hai2="77,131,106,3,70,107,127,2,115,88,62,52,68" hai3="12,79,95,93,116,10,14,5,63,58,90,24,54"/><T97/><D122/><U41/><E73/><V42/><F62/><W81/><G116/><T57/><D124/><U31/><E120/><V86/><F86/><W18/><G24/><T45/><D135/><U99/><E99/><V109/><F42/><W47/><G47/><T126/><D130/><U98/><E98/><V30/><F77/><W91/><G93/><T113/><D113/><U75/><E75/><V13/><F13/><W128/><G128/><T51/><D71/><N who="2" m="27178" /><F131/><W69/><G69/><T133/><D133/><U35/><E129/><V44/><F44/><W7/><G7/><T29/><D126/><U72/><E72/><V8/><F8/><W121/><G121/><T102/><D76/><U33/><E15/><V9/><F9/><N who="3" m="6479" /><G95/><T134/><D134/><U111/><E6/><V80/><F80/><W103/><G103/><T125/><D125/><U89/><E89/><V32/><F127/><W16/><G5/><T94/><D94/><U46/><REACH who="1" step="1"/><E48/><REACH who="1" ten="484,73,88,345" step="2"/><V101/><F88/><W83/><G81/><T59/><D119/><U100/><E100/><V39/><F101/><W74/><G74/><T43/><D118/><U85/><E85/><V96/><F96/><W104/><G104/><T38/><D102/><U37/><E37/><V132/><F39/><W19/><G79/><T112/><D97/><U0/><E0/><V1/><F132/><W53/><G83/><T65/><D92/><U117/><E117/><V11/><F106/><W34/><G91/><T82/><D82/><U36/><E36/><V20/><F107/><W56/><G90/><T40/><D38/><RYUUKYOKU ba="4,1" sc="484,-10,73,30,88,-10,345,-10" hai1="27,28,31,33,35,41,46,50,66,67,108,110,111" /><INIT seed="5,5,1,0,4,116" ten="474,103,78,335" oya="1" hai0="79,54,84,96,98,28,87,20,31,97,3,121,102" hai1="69,132,4,25,64,15,74,133,49,40,119,13,39" hai2="42,11,57,92,80,75,110,91,56,126,63,26,22" hai3="134,37,127,59,50,34,30,0,47,76,6,85,38"/><U21/><E74/><V24/><F110/><W113/><G113/><T108/><D3/><U14/><E119/><V71/><F126/><W17/><G127/><T78/><D108/><U93/><E4/><V95/><F42/><W67/><G134/><N who="1" m="51818" /><E39/><V88/><F11/><W128/><G128/><T106/><D106/><U99/><E64/><V2/><F2/><W105/><G105/><T32/><D32/><U16/><E69/><V1/><F1/><W68/><G68/><T109/><D102/><N who="1" m="60783" /><E49/><V52/><F71/><W23/><G6/><T48/><D109/><U86/><E86/><N who="2" m="52343" /><F22/><W8/><G8/><T62/><D87/><U66/><E66/><N who="2" m="39271" /><F80/><W123/><G0/><T120/><D84/><U10/><E40/><V122/><F75/><W89/><G38/><T60/><D48/><U111/><E111/><V131/><F131/><W58/><G37/><T27/><D62/><U18/><AGARI ba="5,1" hai="10,13,14,15,16,18,21,25" m="60783,51818" machi="18" ten="30,3000,0" yaku="20,1,54,1" doraHai="116" who="1" fromWho="1" sc="474,-15,103,55,78,-15,335,-15" /><INIT seed="5,6,0,5,1,1" ten="459,158,63,320" oya="1" hai0="89,94,111,95,82,11,24,3,100,93,126,35,50" hai1="47,8,51,14,53,74,37,42,103,56,124,55,21" hai2="58,60,23,91,40,104,117,65,52,116,113,32,13" hai3="101,127,69,9,45,108,44,20,33,66,19,115,79"/><U2/><E124/><V61/><F32/><W125/><G108/><T22/><D111/><U6/><E103/><V106/><F113/><W16/><G115/><T110/><D35/><U34/><E34/><V17/><F106/><W64/><G33/><T71/><D71/><U109/><E109/><V75/><F104/><W128/><G101/><T83/><D3/><U29/><E74/><V84/><F40/><W118/><G79/><T131/><D131/><U46/><E29/><V86/><F86/><W38/><G128/><T48/><D11/><U120/><E21/><V105/><F105/><W31/><G31/><T12/><D12/><U81/><E81/><V41/><F41/><W114/><G114/><T134/><D134/><U57/><E120/><V97/><F97/><W96/><G96/><T98/><D126/><U119/><E119/><V90/><F90/><W99/><G99/><N who="0" m="57775" /><D95/><U0/><REACH who="1" step="1"/><E46/><REACH who="1" ten="459,148,63,320" step="2"/><V77/><F75/><W87/><G118/><T107/><D110/><U68/><E68/><V133/><F133/><W5/><G127/><T59/><D107/><U78/><E78/><V92/><REACH who="2" step="1"/><F77/><REACH who="2" ten="459,148,53,320" step="2"/><W70/><G125/><T7/><D100/><U4/><E4/><V102/><F102/><W43/><G5/><T112/><D7/><U49/><AGARI ba="6,2" hai="0,2,6,8,14,37,42,47,49,51,53,55,56,57" machi="49" ten="20,12000,1" yaku="1,1,0,1,7,1,9,1,52,1,53,0" doraHai="1" doraHaiUra="73" who="1" fromWho="1" sc="459,-46,148,158,53,-46,320,-46" /><INIT seed="5,7,0,5,0,123" ten="413,306,7,274" oya="1" hai0="24,9,88,49,100,71,116,30,3,46,21,22,105" hai1="51,111,23,81,112,106,83,31,130,10,61,36,27" hai2="13,59,129,85,127,114,5,77,78,41,20,113,134" hai3="96,17,73,122,16,11,115,109,79,74,110,125,117"/><U19/><E36/><V72/><F59/><W28/><G122/><T121/><D116/><U98/><E130/><V132/><F41/><W67/><G117/><T34/><D71/><U32/><E112/><N who="2" m="43115" /><F5/><W62/><G115/><T65/><D105/><U25/><E111/><V56/><F56/><W1/><G28/><T8/><D100/><U126/><E126/><V42/><F42/><W64/><G125/><T70/><D70/><U82/><E61/><V44/><F44/><W101/><G67/><T50/><D50/><U124/><E10/><V102/><F13/><W40/><G40/><T128/><D9/><U108/><E108/><V14/><F14/><W95/><G79/><N who="2" m="30217" /><F20/><W35/><G35/><T68/><D22/><U87/><E51/><V33/><F33/><W133/><G74/><T99/><D34/><U97/><E124/><V93/><F127/><W66/><G73/><T54/><D8/><U6/><E6/><V94/><F72/><W4/><G66/><T90/><D65/><U7/><E7/><V60/><F60/><W91/><G62/><T47/><D68/><U118/><E27/><V2/><F2/><W135/><G64/><T18/><D3/><U92/><E32/><V15/><F15/><W76/><G110/><T0/><D0/><U57/><E31/><V45/><F45/><W12/><G109/><T39/><D30/><U53/><E118/><V37/><F37/><W43/><G43/><T52/><D39/><U75/><E75/><V86/><F129/><W55/><G17/><T29/><D128/><U26/><E19/><V69/><F69/><RYUUKYOKU ba="7,0" sc="413,0,306,0,7,0,274,0" /><INIT seed="6,8,0,2,0,40" ten="413,306,7,274" oya="2" hai0="16,42,60,93,34,61,54,127,78,4,107,76,135" hai1="52,82,73,85,99,21,122,115,120,96,90,80,22" hai2="65,102,11,24,53,6,101,31,71,89,18,129,74" hai3="117,33,0,37,62,121,125,39,25,46,111,124,10"/><V105/><F74/><W28/><G121/><N who="1" m="46698" /><E115/><V57/><F129/><W32/><G111/><T56/><D34/><U126/><E126/><N who="3" m="48746" /><G117/><T66/><D135/><U106/><E106/><V81/><F18/><W36/><G62/><T70/><D42/><U3/><E3/><V15/><F65/><W14/><G0/><T48/><D61/><U132/><E132/><V49/><F71/><W13/><G13/><T1/><D107/><U44/><E96/><V64/><F64/><W27/><G25/><T86/><D127/><U5/><E99/><V114/><F105/><W17/><G33/><T77/><D1/><U26/><E5/><V83/><F114/><W50/><G50/><T20/><D4/><U41/><E52/><V75/><F75/><W92/><G92/><T69/><D69/><U94/><E22/><N who="2" m="15767" /><F89/><W112/><G112/><T109/><D70/><U98/><E73/><V45/><F57/><W58/><G58/><T104/><D104/><U116/><E116/><V95/><F95/><W51/><G51/><T72/><D72/><U84/><E82/><AGARI ba="8,0" hai="6,11,15,45,49,53,81,82,83,101,102" m="15767" machi="82" ten="30,2900,0" yaku="8,1,52,1" doraHai="40" who="2" fromWho="1" sc="413,0,306,-53,7,53,274,0" /><INIT seed="6,9,0,5,0,3" ten="413,253,60,274" oya="2" hai0="12,13,68,123,36,73,26,38,109,61,0,67,107" hai1="28,74,95,122,1,116,42,111,127,133,60,126,90" hai2="24,9,53,121,69,94,78,14,40,110,6,32,22" hai3="104,75,115,19,4,62,77,21,20,102,18,106,81"/><V16/><F121/><W132/><G132/><T51/><D0/><U119/><E74/><V93/><F69/><W45/><G115/><T87/><D109/><U108/><E42/><V113/><F40/><W55/><G102/><T103/><D51/><U76/><E1/><V131/><F113/><W128/><G128/><T11/><D13/><U47/><E47/><V25/><F131/><W66/><G4/><T50/><D26/><U27/><E60/><V112/><F112/><W100/><G100/><T5/><D87/><N who="1" m="52703" /><E122/><V82/><F110/><N who="1" m="42025" /><E133/><V91/><F53/><W129/><G129/><T8/><D8/><U125/><E76/><V135/><F135/><W72/><G72/><T31/><D50/><U86/><E86/><N who="2" m="48471" /><F32/><AGARI ba="9,0" hai="27,28,32,116,119,125,126,127" m="42025,52703" machi="32" ten="40,1300,0" yaku="18,1" doraHai="3" who="1" fromWho="2" sc="413,0,253,40,60,-40,274,0" /><INIT seed="7,0,0,5,1,99" ten="413,293,20,274" oya="3" hai0="9,135,115,7,59,46,70,31,43,16,101,81,41" hai1="104,13,114,82,118,116,56,27,22,28,51,15,39" hai2="77,94,73,125,17,8,96,84,67,90,34,49,62" hai3="4,20,40,36,53,48,113,119,107,123,132,133,19"/><W105/><G123/><T50/><D70/><U37/><E114/><V106/><F106/><BYE who="2" /><W89/><G119/><N who="1" m="45610" /><E104/><V44/><F44/><N who="3" m="23559" /><G89/><T88/><D135/><N who="3" m="51785" /><G4/><T79/><D31/><U61/><E51/><V80/><F80/><W60/><G60/><T66/><D43/><U98/><E98/><V1/><F1/><W64/><G64/><T102/><D115/><U112/><E82/><V45/><F45/><N who="3" m="27791" /><G113/><T100/><D66/><N who="1" m="39207" /><E112/><V65/><F65/><W121/><G121/><T10/><D7/><U111/><E111/><V0/><F0/><W57/><G57/><T3/><D59/><U25/><E25/><AGARI ba="0,0" hai="19,20,25,105,107" m="27791,51785,23559" machi="25" ten="30,1500,0" yaku="20,1" doraHai="99" who="3" fromWho="1" sc="413,0,293,-15,20,0,274,15" /><INIT seed="7,1,0,4,5,82" ten="413,278,20,289" oya="3" hai0="33,101,29,36,30,126,42,11,63,117,109,51,73" hai1="18,12,69,2,54,84,6,124,24,0,80,32,20" hai2="79,85,23,81,119,39,94,91,56,8,123,44,27" hai3="75,38,77,47,10,49,40,7,25,28,106,70,5"/><W103/><G49/><T21/><D109/><U114/><E69/><V87/><F87/><W113/><G7/><T128/><D126/><U15/><E124/><V111/><F111/><W97/><G113/><T31/><D128/><U13/><E114/><V95/><F95/><W74/><G77/><T59/><D117/><U71/><E71/><V86/><F86/><W66/><G25/><T48/><D36/><U108/><E108/><V17/><F17/><W1/><REACH who="3" step="1"/><G28/><REACH who="3" ten="413,278,20,279" step="2"/><T16/><D31/><N who="1" m="19559" /><E54/><V37/><F37/><W116/><G116/><T68/><D30/><U22/><E80/><V130/><F130/><W72/><G72/><T58/><D73/><U133/><E133/><V43/><F43/><W100/><G100/><T122/><D101/><U104/><E104/><V98/><F98/><W53/><G53/><T105/><D42/><U14/><E84/><V99/><F99/><W135/><G135/><T93/><D29/><U132/><E132/><V131/><F131/><W9/><G9/><T102/><D11/><N who="1" m="2503" /><E2/><V89/><F89/><W90/><G90/><T4/><D102/><U64/><E64/><V121/><F121/><W35/><G35/><T65/><D33/><U50/><E50/><V92/><F92/><W120/><G120/><T62/><D122/><U41/><E41/><V127/><F127/><W129/><G129/><T34/><D34/><U60/><E60/><AGARI ba="1,1" hai="1,5,10,38,40,47,60,66,70,74,75,97,103,106" machi="60" ten="40,18000,2" yaku="1,1,33,3,53,2" doraHai="82" doraHaiUra="107" who="3" fromWho="1" sc="413,0,278,-183,20,0,279,193" owari="413,21.0,95,-30.0,20,-48.0,472,57.0" /></mjloggm>