<mjloggm ver="2.3"><GO type="41" lobby="0"/><UN n0="%E2%93%9D%53%75%70%68%78" n1="%E6%AF%94%E5%98%89%E7%A6%BF%E4%BB%81" n2="%53%68%6F%6A%69" n3="%E3%81%8E%E3%82%83%E3%82%8F" dan="17,14,14,13" rate="2066.90,2018.94,1924.25,1854.38" sx="M,M,M,M"/><TAIKYOKU oya="0"/><INIT seed="0,0,0,4,4,34" ten="250,250,250,250" oya="0" hai0="107,28,128,66,46,121,35,13,110,31,80,20,33" hai1="71,90,96,32,73,47,11,16,119,74,9,111,72" hai2="62,104,56,23,106,22,10,85,112,41,51,131,135" hai3="12,75,91,59,77,87,30,120,124,88,8,86,50"/><T133/><D107/><U19/><E119/><V57/><F112/><W5/><G120/><T101/><D101/><U42/><E32/><V40/><F135/><W122/><G122/><T102/><D102/><U26/><E71/><V123/><F123/><W132/><G132/><T129/><D66/><U81/><E111/><V118/><F118/><W48/><G124/><T130/><D121/><U44/><E26/><V36/><F36/><W93/><G30/><N who="0" m="11307" /><D46/><U76/><E90/><V78/><F131/><W60/><G77/><T79/><D133/><U84/><E96/><V125/><F125/><W52/><REACH who="3" step="1"/><G75/><REACH who="3" ten="250,250,250,240" step="2"/><N who="0" m="43135" /><D110/><U69/><E74/><V25/><F78/><W4/><G4/><T126/><D126/><U15/><E73/><V127/><F127/><W21/><G21/><T115/><D115/><U64/><E72/><V116/><F23/><W134/><G134/><T2/><D35/><U38/><E76/><V68/><F22/><W99/><G99/><T100/><D33/><U94/><E84/><V98/><F85/><W63/><G63/><T54/><D20/><U67/><E38/><V65/><F62/><W17/><G17/><T6/><D130/><U113/><E19/><V27/><F116/><W1/><G1/><T49/><D2/><U70/><E16/><V61/><F61/><W117/><G117/><T55/><D129/><U14/><E113/><V37/><F27/><W7/><G7/><T29/><D29/><U45/><E15/><V97/><F25/><W24/><G24/><T53/><D128/><U108/><E14/><V0/><F98/><W89/><G89/><RYUUKYOKU ba="0,1" sc="250,-10,250,-10,250,-10,240,30" hai3="5,8,12,48,50,52,59,60,86,87,88,91,93" /><INIT seed="1,1,1,5,1,132" ten="240,240,240,270" oya="1" hai0="6,122,93,128,81,92,123,131,74,44,104,110,30" hai1="89,10,47,14,17,60,38,59,50,5,90,133,78" hai2="20,129,1,2,40,106,112,55,32,77,86,72,109" hai3="19,130,29,49,111,24,80,116,125,45,35,99,48"/><U46/><E133/><V61/><F32/><W94/><G116/><T120/><D30/><U64/><E38/><V88/><F72/><W127/><G111/><T8/><D44/><U25/><E47/><V41/><F77/><W75/><G130/><N who="0" m="49707" /><D110/><U100/><E100/><V114/><F106/><W102/><G45/><T15/><D104/><U26/><E78/><AGARI ba="1,1" hai="6,8,15,74,78,81,92,93,120,122,123" m="49707" machi="78" ten="40,2600,0" yaku="13,1,19,1" doraHai="132" who="0" fromWho="1" sc="240,39,240,-29,240,0,270,0" /><INIT seed="2,0,0,5,2,35" ten="279,211,240,270" oya="2" hai0="73,15,10,131,89,26,72,117,39,48,59,53,108" hai1="109,47,129,60,6,106,64,103,81,99,29,58,79" hai2="70,24,45,8,49,84,124,57,2,22,46,113,110" hai3="77,28,52,51,134,18,25,34,107,104,11,63,122"/><V123/><F113/><W32/><G122/><T7/><D108/><U121/><E109/><V19/><F123/><W96/><G134/><T105/><D39/><U31/><E121/><V69/><F110/><W38/><G38/><T23/><D131/><U4/><E129/><V119/><F119/><W20/><G34/><T12/><D105/><U127/><E127/><V14/><F124/><W13/><G77/><T87/><D117/><U62/><E47/><V44/><F2/><W3/><G63/><T50/><D15/><U67/><E31/><V41/><F70/><W94/><G96/><T111/><D50/><U95/><E106/><V27/><F69/><W1/><G94/><T120/><D111/><U36/><E29/><V75/><F27/><W128/><G128/><T42/><D42/><U100/><E100/><V85/><F75/><W83/><G83/><T66/><D66/><U9/><E9/><V98/><F98/><W135/><G135/><T43/><D43/><U0/><E0/><V91/><F57/><N who="3" m="32927" /><G3/><T21/><D120/><U16/><E36/><V37/><F37/><W71/><G71/><T40/><D40/><U74/><REACH who="1" step="1"/><E16/><REACH who="1" ten="279,201,240,270" step="2"/><N who="2" m="8263" /><F85/><W102/><G102/><T61/><D73/><U126/><E126/><V78/><F78/><W68/><G68/><AGARI ba="0,1" hai="4,6,58,60,62,64,67,68,74,79,81,95,99,103" machi="68" ten="30,2000,0" yaku="1,1,7,1,53,0" doraHai="35" doraHaiUra="114" who="1" fromWho="3" sc="279,0,201,30,240,0,270,-20" /><INIT seed="3,0,0,5,1,129" ten="279,231,240,250" oya="3" hai0="135,95,118,81,79,62,64,117,103,46,80,78,121" hai1="88,53,96,67,35,34,69,13,87,31,76,82,27" hai2="92,108,109,111,42,75,119,47,73,107,66,101,29" hai3="90,0,1,37,93,48,33,43,113,120,86,133,39"/><W21/><G120/><T28/><D46/><U125/><E125/><V91/><F119/><W65/><G33/><T134/><D28/><U56/><E13/><V12/><F29/><W105/><G113/><T130/><D62/><U115/><E115/><V38/><F107/><W3/><G105/><T17/><D64/><U60/><E96/><V132/><F101/><W23/><G65/><T72/><D17/><U106/><E106/><V40/><F40/><W30/><G30/><T74/><D130/><U122/><E122/><V54/><F66/><W55/><G133/><N who="0" m="50699" /><D121/><U126/><E126/><V112/><F112/><W61/><G61/><T102/><D95/><U68/><E35/><V18/><F132/><W26/><G43/><T4/><D4/><U50/><E69/><V116/><F54/><W41/><G41/><T63/><D63/><U22/><E34/><V114/><F114/><W89/><G89/><T97/><D97/><U57/><E68/><V51/><F116/><AGARI ba="0,0" hai="72,74,78,79,80,81,102,103,116,117,118" m="50699" machi="116" ten="30,12000,2" yaku="20,1,34,2,52,3" doraHai="129" who="0" fromWho="2" sc="279,120,231,0,240,-120,250,0" /><INIT seed="4,0,0,4,1,96" ten="399,231,120,250" oya="0" hai0="15,107,34,134,75,126,35,36,97,48,131,132,111" hai1="11,18,64,65,80,133,70,135,57,10,4,46,27" hai2="0,72,2,118,71,109,16,81,32,24,110,94,59" hai3="52,23,33,102,83,113,89,76,86,95,88,12,108"/><T84/><D126/><U93/><E70/><V51/><F71/><W9/><G108/><T130/><D48/><U74/><E46/><V44/><F118/><W13/><G113/><T106/><D15/><U40/><E40/><V53/><F110/><W19/><G33/><N who="0" m="12299" /><D84/><U90/><E80/><V30/><F109/><W129/><G129/><N who="0" m="49163" /><D111/><U39/><E74/><V92/><F92/><W101/><G89/><T115/><D115/><U116/><E93/><V123/><F123/><W91/><G91/><T85/><D85/><U56/><E90/><V105/><F105/><N who="0" m="39946" /><D97/><U20/><E116/><V8/><F94/><W29/><G29/><T119/><D119/><U7/><E56/><V58/><F58/><W62/><G62/><T17/><D17/><U5/><E57/><V3/><F59/><W112/><G52/><T124/><D124/><U45/><E18/><V125/><F125/><W31/><G31/><T21/><D21/><U6/><E20/><V47/><F47/><W69/><G112/><T61/><D61/><U127/><E45/><V128/><F128/><W122/><G122/><T66/><D66/><U49/><E49/><V55/><F55/><W82/><G69/><T41/><D75/><U73/><E73/><V68/><F68/><W67/><G67/><T25/><D25/><U63/><E27/><V99/><F99/><N who="3" m="57831" /><G83/><T43/><D36/><U100/><E39/><V78/><REACH who="2" step="1"/><F16/><AGARI ba="0,0" hai="9,12,13,16,19,23,76,82,86,101,102" m="57831" machi="16" ten="30,8000,1" yaku="8,1,52,2,54,2" doraHai="96" who="3" fromWho="2" sc="399,0,231,0,120,-80,250,80" /><INIT seed="5,0,0,3,1,110" ten="399,231,40,330" oya="1" hai0="112,135,18,96,107,93,132,104,57,56,76,126,26" hai1="55,64,116,4,72,59,29,114,83,130,111,34,49" hai2="9,119,78,133,74,99,17,23,94,3,42,1,60" hai3="31,21,46,87,73,86,53,37,117,125,106,52,92"/><U62/><E116/><V75/><F119/><W20/><G117/><T35/><D112/><U127/><E127/><V129/><F129/><W79/><G106/><T134/><D76/><U90/><E130/><V115/><F115/><W54/><G125/><T15/><D126/><U58/><E114/><V81/><F133/><W91/><G73/><T22/><D35/><U27/><E111/><V43/><F74/><W11/><G11/><T131/><D131/><U71/><E4/><V25/><F60/><W48/><G37/><T33/><D107/><U105/><E105/><V44/><F9/><W32/><G32/><T120/><D104/><U7/><E7/><V124/><F124/><W70/><G70/><T45/><D45/><U82/><E72/><V113/><F113/><W36/><G36/><T0/><D120/><U102/><E102/><V108/><F108/><W123/><G123/><T30/><REACH who="0" step="1"/><D0/><REACH who="0" ten="389,231,40,330" step="2"/><U77/><E77/><V13/><F1/><W95/><G79/><T97/><D97/><U67/><E71/><V103/><F3/><W88/><REACH who="3" step="1"/><G31/><REACH who="3" ten="389,231,40,320" step="2"/><T118/><D118/><U128/><E128/><V66/><F78/><W100/><G100/><AGARI ba="0,2" hai="15,18,22,26,30,33,56,57,93,96,100,132,134,135" machi="100" ten="40,2600,0" yaku="1,1,20,1,53,0" doraHai="110" doraHaiUra="80" who="0" fromWho="3" sc="389,46,231,0,40,0,320,-26" /><INIT seed="6,0,0,3,1,108" ten="435,231,40,294" oya="2" hai0="29,39,100,25,63,77,67,82,51,123,16,101,121" hai1="6,44,47,43,4,24,32,35,99,50,23,60,3" hai2="86,59,42,83,118,87,89,128,75,104,95,52,27" hai3="132,64,22,103,84,45,134,49,94,53,28,127,98"/><V26/><F104/><W125/><G64/><T5/><D39/><U10/><E6/><V57/><F118/><W130/><G84/><T88/><D5/><U129/><E129/><V78/><F42/><W93/><G93/><T131/><D131/><U62/><E62/><V72/><F128/><W46/><G46/><T135/><D135/><N who="3" m="51753" /><G130/><T1/><D1/><U85/><E85/><V120/><F120/><W40/><G40/><T97/><D51/><U102/><E60/><V124/><F124/><W92/><G92/><T81/><D101/><U74/><E74/><V126/><F126/><W79/><G79/><T70/><D88/><U34/><E47/><V18/><F59/><W11/><G11/><T96/><D96/><U111/><E111/><V69/><F69/><W107/><G107/><N who="0" m="63887" /><D82/><U13/><E99/><V2/><F2/><W7/><G7/><T17/><D123/><U106/><E102/><V48/><REACH who="2" step="1"/><F18/><REACH who="2" ten="435,231,30,294" step="2"/><W19/><G28/><T68/><D121/><U15/><E106/><V12/><F12/><AGARI ba="0,1" hai="12,19,22,45,49,53,94,98,103,125,127" m="51753" machi="12" ten="30,1000,0" yaku="20,1" doraHai="108" who="3" fromWho="2" sc="435,0,231,0,30,-10,294,20" /><INIT seed="7,0,0,4,2,107" ten="435,231,20,314" oya="3" hai0="5,87,29,81,59,135,94,88,55,76,54,109,37" hai1="66,78,101,44,90,79,26,58,24,4,125,53,117" hai2="96,39,56,121,112,89,106,61,99,120,32,134,64" hai3="13,27,33,38,132,131,98,93,15,84,103,18,130"/><W2/><G38/><T8/><D109/><U63/><E125/><V119/><F89/><W25/><G132/><T34/><D37/><U85/><E117/><V17/><F17/><W70/><G70/><T28/><D34/><U115/><E115/><V40/><F40/><W67/><G2/><T75/><D135/><U74/><E101/><V95/><F95/><W126/><G126/><T77/><D55/><U9/><E26/><V124/><F56/><W86/><G67/><T12/><D77/><U45/><E24/><V110/><F61/><AGARI ba="0,0" hai="5,8,12,28,29,54,59,61,75,76,81,87,88,94" machi="61" ten="30,3900,0" yaku="7,1,52,1,54,1" doraHai="107" who="0" fromWho="2" sc="435,39,231,0,20,-39,314,0" owari="474,58.0,231,-17.0,-19,-52.0,314,11.0" /></mjloggm>