<mjloggm ver="2.3"><GO type="41" lobby="0"/><UN n0="%E2%93%9D%53%75%70%68%78" n1="%E3%81%B6%E3%81%95%E3%81%AA%E3%82%8A%E3%81%B2" n2="%4E%2E%6B%61%7A%75" n3="%E5%8D%93%E4%B8%8A%E3%81%AE%E7%B4%B3%E5%A3%AB" dan="18,15,13,15" rate="2091.30,1968.05,1823.22,2007.26" sx="M,M,M,M"/><TAIKYOKU oya="0"/><INIT seed="0,0,0,1,4,11" ten="250,250,250,250" oya="0" hai0="21,124,78,7,50,42,107,98,54,19,40,70,36" hai1="88,46,71,93,38,57,110,118,25,115,67,47,15" hai2="77,66,129,86,23,74,130,51,125,121,32,127,133" hai3="101,94,30,16,39,89,132,10,99,92,6,24,126"/><T4/><D70/><U113/><E118/><V73/><F32/><W3/><G39/><T76/><D124/><N who="2" m="47690" /><F66/><W58/><G126/><T64/><D64/><U75/><E75/><V117/><F51/><W5/><G132/><T29/><D29/><U82/><E82/><N who="2" m="47439" /><F23/><W128/><G128/><N who="2" m="49257" /><F121/><W28/><G6/><N who="0" m="2091" /><D107/><U55/><E71/><V90/><F90/><W85/><G58/><N who="0" m="33111" /><D36/><U48/><E67/><V114/><F114/><W35/><G30/><T106/><D106/><U81/><E38/><V52/><F52/><W0/><REACH who="3" step="1"/><G16/><REACH who="3" ten="250,250,250,240" step="2"/><T65/><D19/><U68/><E115/><V122/><F122/><W135/><G135/><T80/><D65/><U60/><E113/><V41/><F133/><W27/><G27/><T63/><D63/><U8/><E25/><V100/><F41/><W109/><G109/><T45/><D42/><U116/><E60/><V83/><F117/><W33/><G33/><T112/><D40/><U59/><E68/><V123/><F123/><W62/><G62/><T31/><D112/><U34/><E34/><V18/><F18/><W49/><G49/><T44/><D31/><U108/><E48/><V134/><F134/><W96/><G96/><T95/><D45/><U131/><E47/><V14/><F14/><AGARI ba="0,1" hai="0,3,5,10,14,24,28,35,85,89,92,94,99,101" machi="14" ten="30,7700,0" yaku="1,1,7,1,52,1,53,1" doraHai="11" doraHaiUra="2" who="3" fromWho="2" sc="250,0,250,0,250,-77,240,87" /><INIT seed="1,0,0,2,2,23" ten="250,250,173,327" oya="1" hai0="121,111,26,17,68,112,108,129,77,96,79,1,47" hai1="16,66,14,102,120,42,101,69,10,117,48,128,0" hai2="116,90,109,135,93,63,124,18,43,22,95,98,133" hai3="12,52,39,126,75,55,119,32,29,37,84,24,60"/><U94/><E117/><V74/><F74/><W50/><G119/><T132/><D112/><U33/><E128/><V20/><F116/><W110/><G75/><T27/><D1/><U49/><E120/><V73/><F73/><W76/><G126/><T40/><D68/><U106/><E106/><V125/><F43/><W46/><G110/><N who="0" m="42027" /><D132/><N who="2" m="50762" /><F63/><W54/><G12/><T103/><D17/><U45/><E0/><V127/><F109/><W80/><REACH who="3" step="1"/><G60/><REACH who="3" ten="250,250,173,317" step="2"/><T67/><D129/><U30/><E69/><V61/><F61/><W58/><G58/><T51/><D121/><U62/><E62/><V9/><F93/><W65/><G65/><T85/><D67/><U134/><E66/><V5/><F18/><W3/><G3/><AGARI ba="0,1" hai="3,5,9,20,22,90,95,98,124,125,127" m="50762" machi="3" ten="40,2600,0" yaku="18,1,20,1" doraHai="23" who="2" fromWho="3" sc="250,0,250,0,173,36,317,-26" /><INIT seed="2,0,0,2,1,103" ten="250,250,209,291" oya="2" hai0="71,115,101,130,19,64,118,16,114,72,23,135,129" hai1="25,112,121,65,56,126,62,29,22,12,128,131,104" hai2="52,132,96,35,57,54,92,68,105,90,27,49,36" hai3="133,13,48,0,3,79,69,134,58,102,14,51,110"/><V28/><F132/><N who="3" m="50795" /><G69/><T106/><D72/><U116/><E112/><V75/><F36/><W122/><G122/><T89/><D89/><U97/><E116/><V37/><F37/><W76/><G102/><T119/><D64/><U78/><E126/><V15/><F75/><W67/><G67/><T123/><D71/><U100/><E78/><N who="3" m="29738" /><G110/><T60/><D60/><U83/><E121/><V2/><F2/><N who="3" m="555" /><G58/><T38/><D38/><U6/><E83/><V33/><F68/><W47/><G47/><T21/><D135/><U8/><AGARI ba="0,0" hai="6,8,12,22,25,29,56,62,65,97,100,104,128,131" machi="8" ten="30,2000,0" yaku="0,1,52,1" doraHai="103" who="1" fromWho="1" sc="250,-5,250,20,209,-10,291,-5" /><INIT seed="3,0,0,4,2,42" ten="245,270,199,286" oya="3" hai0="21,103,115,58,75,3,88,32,27,5,26,4,106" hai1="41,66,122,74,107,108,94,34,101,70,113,102,80" hai2="125,124,48,39,53,45,71,47,87,1,86,99,76" hai3="51,98,69,131,23,16,84,105,97,40,59,62,112"/><W128/><G112/><T54/><D75/><U29/><E113/><V35/><F35/><W55/><G84/><T12/><D115/><U132/><E108/><V120/><F71/><W92/><G105/><T119/><D119/><U10/><E132/><V36/><F1/><W49/><G69/><T110/><D103/><U95/><E122/><V22/><F99/><W63/><G98/><T104/><D3/><U2/><E107/><V78/><F22/><W135/><G135/><T67/><D67/><U72/><E2/><V133/><F133/><W83/><G83/><T65/><D65/><U73/><E80/><V68/><F68/><W24/><G63/><T129/><D129/><N who="3" m="49737" /><G40/><T121/><D106/><U61/><E34/><V31/><F31/><W30/><G30/><T118/><D104/><U117/><E29/><V25/><F25/><W15/><G15/><T33/><D12/><U17/><E117/><V90/><F120/><W0/><G0/><T46/><D27/><U89/><E102/><AGARI ba="0,0" hai="16,23,24,49,51,55,59,62,92,97,102" m="49737" machi="102" ten="30,2900,0" yaku="19,1,54,1" doraHai="42" who="3" fromWho="1" sc="245,0,270,-29,199,0,286,29" /><INIT seed="3,1,0,5,5,60" ten="245,241,199,315" oya="3" hai0="30,21,77,124,92,39,117,76,27,112,119,91,1" hai1="18,46,55,129,134,98,93,130,12,64,90,101,11" hai2="111,65,97,85,56,0,58,17,79,81,38,82,57" hai3="108,103,49,89,83,126,87,20,107,36,88,35,52"/><W110/><G35/><T34/><D39/><U53/><E134/><V69/><F0/><W128/><G36/><T78/><D1/><U6/><E6/><V10/><F38/><W73/><G73/><T28/><D124/><U32/><E32/><V120/><F111/><N who="3" m="42539" /><G126/><T62/><D112/><U123/><E123/><V24/><F120/><W54/><G128/><T132/><D132/><U51/><E64/><V74/><F97/><N who="3" m="61935" /><G20/><T116/><D34/><U68/><E68/><V95/><F95/><N who="3" m="54687" /><G49/><T63/><REACH who="0" step="1"/><D30/><REACH who="0" ten="235,241,199,315" step="2"/><U133/><E133/><V70/><F70/><W48/><G48/><T43/><D43/><U86/><REACH who="1" step="1"/><E55/><REACH who="1" ten="235,231,199,315" step="2"/><V84/><F69/><W5/><G5/><T94/><D94/><AGARI ba="1,2" hai="11,12,18,46,51,53,86,90,93,94,98,101,129,130" machi="94" ten="40,5200,0" yaku="1,1,2,1,53,1" doraHai="60" doraHaiUra="50" who="1" fromWho="0" sc="235,-55,231,75,199,0,315,0" /><INIT seed="4,0,0,5,2,84" ten="180,306,199,315" oya="0" hai0="31,112,41,133,132,89,22,2,47,82,108,126,21" hai1="54,111,90,105,122,86,16,124,45,83,117,14,76" hai2="46,101,96,5,103,55,29,3,48,67,72,110,37" hai3="66,59,94,35,70,71,81,131,58,52,109,57,56"/><T134/><D112/><U63/><E111/><V125/><F72/><W36/><G35/><T60/><D2/><U18/><E124/><V77/><F110/><W68/><G81/><T61/><D108/><U95/><E105/><V49/><F77/><W32/><G32/><T118/><D118/><U114/><E117/><V104/><F37/><W13/><G13/><T123/><D123/><U10/><E122/><V74/><F74/><W97/><G109/><T53/><D126/><U85/><E114/><V0/><F67/><W12/><G12/><T87/><D53/><U80/><E18/><V39/><F39/><W130/><G36/><N who="0" m="21927" /><D31/><U50/><E63/><AGARI ba="0,0" hai="21,22,60,61,63,82,87,89,132,133,134" m="21927" machi="63" ten="30,2900,0" yaku="20,1,52,1" doraHai="84" who="0" fromWho="1" sc="180,29,306,-29,199,0,315,0" /><INIT seed="4,1,0,2,1,101" ten="209,277,199,315" oya="0" hai0="29,92,55,48,31,34,17,70,61,67,73,11,72" hai1="129,88,75,125,93,115,49,82,52,94,109,8,123" hai2="44,42,102,95,110,19,15,58,2,21,43,96,80" hai3="3,131,51,77,117,45,64,84,57,107,50,135,22"/><T103/><D34/><U89/><E109/><V118/><F110/><W32/><G32/><T30/><D11/><U5/><E115/><V66/><F2/><W90/><G3/><T27/><D17/><U76/><E123/><V59/><F118/><W133/><G117/><T130/><D130/><U100/><E129/><V1/><F1/><W128/><G77/><T39/><D39/><U13/><E125/><V69/><F43/><W97/><G22/><T23/><D73/><U12/><E12/><V112/><F112/><W56/><G64/><T98/><REACH who="0" step="1"/><D72/><REACH who="0" ten="199,277,199,315" step="2"/><U132/><E132/><N who="3" m="50762" /><G131/><T99/><D99/><U74/><E75/><V20/><F21/><W79/><G128/><T14/><D14/><U26/><E26/><V71/><F20/><W7/><G7/><T81/><D81/><U60/><E13/><V108/><F80/><W85/><G84/><T18/><D18/><U106/><E8/><V86/><F108/><W91/><G85/><T78/><D78/><U25/><E82/><V63/><F86/><W121/><G79/><T116/><D116/><U83/><E83/><V38/><F15/><W47/><G121/><T33/><D33/><U126/><E74/><V28/><F19/><W127/><G97/><T87/><D87/><U134/><E76/><V114/><F114/><W46/><G127/><T54/><D54/><U36/><E126/><V35/><F35/><W6/><G6/><T124/><D124/><U120/><E5/><V105/><F28/><W104/><G90/><T10/><D10/><U113/><E134/><V53/><F95/><W0/><G0/><RYUUKYOKU ba="1,1" sc="199,15,277,-15,199,15,315,-15" hai0="23,27,29,30,31,48,55,61,67,70,92,98,103" hai2="38,42,44,53,58,59,63,66,69,71,96,102,105" /><INIT seed="4,2,1,1,3,111" ten="214,262,214,300" oya="0" hai0="106,26,22,100,61,119,126,14,1,109,58,128,73" hai1="116,123,113,18,28,8,11,45,74,0,32,50,9" hai2="75,7,99,131,94,46,105,101,37,36,78,6,77" hai3="3,52,121,51,96,135,132,133,115,24,65,112,55"/><T23/><D119/><U12/><E116/><V29/><F131/><W103/><G3/><T64/><D1/><U47/><E123/><V63/><F29/><W33/><G121/><T16/><D128/><U122/><E122/><V85/><F63/><W124/><G124/><T95/><D73/><U42/><E74/><V40/><F37/><W43/><G65/><T60/><D106/><U89/><E89/><V90/><REACH who="2" step="1"/><F77/><REACH who="2" ten="214,262,204,300" step="2"/><W30/><G51/><T88/><D126/><U48/><E28/><V80/><AGARI ba="2,2" hai="6,7,36,40,46,75,78,80,85,90,94,99,101,105" machi="80" ten="30,12000,2" yaku="1,1,2,1,0,1,24,2,53,1" doraHai="111" doraHaiUra="91" who="2" fromWho="2" sc="214,-62,262,-32,204,146,300,-32" /><INIT seed="5,0,0,5,1,52" ten="152,230,350,268" oya="1" hai0="111,56,135,101,1,62,8,0,86,57,126,125,129" hai1="66,65,16,25,93,10,21,27,120,127,22,36,81" hai2="128,77,78,58,7,38,29,104,47,55,103,67,31" hai3="37,69,49,79,134,76,4,63,94,48,18,28,84"/><U107/><E127/><N who="0" m="48649" /><D111/><U53/><E120/><V2/><F128/><W34/><G37/><T102/><D129/><U15/><E107/><V97/><F67/><W51/><G134/><T24/><D135/><U112/><E36/><V35/><F47/><W54/><G4/><N who="0" m="1031" /><D1/><U133/><E112/><V92/><F38/><W26/><G18/><T23/><D86/><U30/><E133/><V98/><F7/><W70/><G94/><T99/><D62/><U14/><E93/><V45/><F45/><W11/><G11/><T13/><D13/><U5/><E15/><V61/><F2/><W43/><G43/><T50/><D50/><U130/><E130/><V121/><F121/><W123/><G123/><T82/><D82/><U131/><E131/><V44/><F44/><W96/><G96/><T87/><D87/><U119/><E119/><V114/><F114/><W39/><G39/><T41/><D41/><U124/><E124/><V91/><REACH who="2" step="1"/><F35/><REACH who="2" ten="152,230,340,268" step="2"/><W116/><G116/><T3/><D3/><U75/><E53/><V40/><F40/><W6/><G6/><T90/><D90/><U89/><E89/><V106/><F106/><W59/><G76/><AGARI ba="0,1" hai="29,31,55,58,61,76,77,78,91,92,97,98,103,104" machi="76" ten="40,2600,0" yaku="1,1,52,1,53,0" doraHai="52" doraHaiUra="32" who="2" fromWho="3" sc="152,0,230,0,340,36,268,-26" /><INIT seed="6,0,0,2,5,41" ten="152,230,376,242" oya="2" hai0="60,28,1,21,123,122,113,72,96,26,62,29,134" hai1="9,75,45,61,25,118,115,43,57,99,33,128,40" hai2="71,132,35,66,30,133,68,0,121,23,92,74,11" hai3="103,32,17,16,114,101,98,70,80,119,50,7,81"/><V12/><F74/><W83/><G70/><T37/><D72/><U120/><E115/><V38/><F121/><W102/><G32/><T67/><D113/><U5/><E128/><V2/><F92/><W10/><G114/><T88/><D1/><U124/><E124/><V89/><F89/><W22/><G119/><T44/><D134/><N who="2" m="51818" /><F35/><W130/><G130/><T53/><D29/><U56/><E118/><V95/><F95/><W31/><G50/><T77/><D77/><U111/><E111/><V63/><F71/><W125/><G125/><T76/><D76/><U18/><E75/><V64/><F64/><W94/><G31/><T84/><D96/><U46/><E33/><V15/><F38/><W127/><G127/><T19/><D28/><U27/><E99/><V34/><F34/><W82/><N who="3" m="20480" /><DORA hai="65" /><W42/><G42/><T20/><D37/><U110/><E110/><V39/><F39/><W59/><G59/><T13/><D123/><U112/><E112/><V52/><F52/><W135/><G135/><T91/><D122/><U79/><E79/><V69/><F68/><W97/><G94/><N who="0" m="54535" /><D91/><U85/><E85/><V109/><F109/><W106/><G106/><T8/><D67/><U126/><E126/><V47/><F47/><W93/><G93/><T108/><D108/><U86/><E86/><V4/><F30/><W131/><G131/><T36/><D36/><U100/><E120/><V51/><F51/><W55/><G55/><T54/><D54/><U14/><E100/><V117/><F117/><W90/><G90/><T116/><D116/><U49/><E49/><RYUUKYOKU ba="0,0" sc="152,-10,230,-10,376,30,242,-10" hai2="0,2,4,11,12,15,23,63,66,69" /><INIT seed="6,1,0,0,0,90" ten="142,220,406,232" oya="2" hai0="69,18,113,120,52,82,50,74,67,43,127,116,51" hai1="121,4,34,32,33,111,103,21,85,12,123,112,29" hai2="15,84,28,14,89,131,44,22,76,119,108,98,25" hai3="46,0,23,75,110,95,6,42,124,129,88,65,56"/><V8/><F131/><W118/><G118/><T30/><D30/><U17/><E103/><V83/><F108/><W97/><G110/><T132/><D74/><U117/><E85/><V11/><F119/><W40/><G75/><T45/><D116/><U96/><E96/><V86/><F98/><W135/><G129/><T91/><D120/><N who="1" m="46155" /><E117/><V20/><F44/><W7/><G135/><T61/><D132/><U41/><E41/><N who="3" m="15978" /><G124/><T70/><D18/><U79/><E79/><V101/><F101/><W107/><G107/><T35/><D35/><U55/><E55/><V57/><F57/><W87/><G0/><T105/><D105/><U13/><E111/><V109/><F109/><W59/><G46/><T133/><D133/><U2/><E112/><V47/><F47/><W94/><G23/><T115/><D127/><U64/><E64/><V31/><F15/><W78/><G78/><T10/><D43/><U130/><E130/><V36/><F36/><W3/><G3/><T24/><D115/><U5/><E29/><V122/><F122/><W48/><G65/><T125/><D125/><U102/><E102/><V126/><F126/><W37/><G37/><T38/><D113/><U128/><E128/><V39/><F39/><W114/><G114/><T72/><D38/><U134/><E134/><V106/><F106/><W99/><G99/><T16/><D67/><U93/><E2/><V66/><F66/><W26/><G26/><T58/><D24/><N who="1" m="14383" /><E93/><N who="2" m="54439" /><F31/><W1/><G1/><T9/><D45/><U71/><E71/><V100/><F100/><N who="3" m="60471" /><G59/><T53/><D58/><U63/><E63/><RYUUKYOKU ba="1,0" sc="142,-30,220,10,406,10,232,10" hai1="4,5,12,13,32,33,34" hai2="8,11,14,20,22,25,28,76,83,86" hai3="6,7,48,56,87,88,95" /><INIT seed="6,2,0,4,4,51" ten="112,230,416,242" oya="2" hai0="39,86,63,71,101,14,135,0,68,78,99,8,81" hai1="12,123,125,83,9,19,118,73,112,29,28,84,54" hai2="127,95,50,56,76,27,75,82,13,6,117,49,60" hai3="128,104,74,108,79,48,38,59,132,120,80,41,62"/><V55/><F117/><W22/><G104/><T23/><D135/><U116/><E112/><V42/><F127/><W33/><G120/><T66/><D39/><U36/><E125/><V106/><F106/><W115/><G33/><T72/><D0/><U122/><E73/><V64/><F27/><W133/><G108/><T52/><D23/><U18/><E36/><V109/><F109/><W4/><G38/><T43/><D43/><U47/><E84/><V32/><F32/><W121/><G4/><T57/><D72/><U89/><E89/><V30/><F30/><W35/><G35/><T126/><D126/><U85/><E85/><V16/><F6/><W114/><G121/><N who="1" m="46090" /><E83/><V113/><F113/><N who="3" m="43019" /><G22/><T131/><D131/><U105/><E18/><V34/><F34/><W44/><G128/><T90/><D78/><U53/><E105/><V1/><F1/><W111/><G111/><T20/><D20/><U24/><E47/><V91/><F64/><AGARI ba="2,0" hai="41,44,48,59,62,64,74,79,80,132,133" m="43019" machi="64" ten="30,2000,0" yaku="15,1,11,1" doraHai="51" who="3" fromWho="2" sc="112,0,230,0,416,-26,242,26" /><INIT seed="7,0,0,2,3,47" ten="112,230,390,268" oya="3" hai0="115,34,132,26,110,78,20,2,31,116,14,22,93" hai1="80,67,4,117,25,49,53,55,109,1,48,41,7" hai2="131,6,46,52,85,12,27,130,87,18,13,11,63" hai3="100,133,51,96,127,9,8,125,95,10,17,30,56"/><W57/><G133/><T19/><D78/><U35/><E109/><V113/><F27/><W99/><G30/><T105/><D105/><U5/><E117/><V33/><F113/><W58/><G17/><T72/><D72/><U43/><E1/><V81/><F33/><W21/><G21/><T91/><D116/><U129/><E67/><V128/><F81/><W111/><G111/><T123/><D123/><U88/><E129/><V77/><F77/><W112/><G112/><T135/><D93/><U62/><E62/><V60/><F60/><W89/><REACH who="3" step="1"/><G51/><REACH who="3" ten="112,230,390,258" step="2"/><N who="1" m="19530" /><E35/><V3/><F46/><W126/><G126/><T86/><D115/><U59/><E25/><V94/><F18/><W103/><G103/><T90/><D110/><U84/><E59/><V71/><F71/><W24/><G24/><T75/><D34/><U118/><E118/><V23/><F23/><W45/><G45/><T69/><D69/><U38/><E38/><V54/><F63/><W119/><G119/><T134/><D134/><U15/><E15/><V29/><F29/><W101/><G101/><T40/><D135/><U98/><E41/><V107/><F13/><W65/><G65/><T66/><D132/><U0/><E43/><V39/><F12/><W122/><G122/><T61/><D40/><U42/><E42/><V121/><F121/><W120/><G120/><T114/><D114/><U82/><E0/><V124/><F39/><W68/><G68/><T79/><D2/><U108/><E108/><V50/><F3/><W92/><AGARI ba="0,1" hai="8,9,10,56,57,58,89,92,95,96,99,100,125,127" machi="92" ten="40,3900,0" yaku="1,1,0,1,53,0" doraHai="47" doraHaiUra="73" who="3" fromWho="3" sc="112,-13,230,-13,390,-13,258,49" /><INIT seed="7,1,0,1,5,26" ten="99,217,377,307" oya="3" hai0="57,53,63,22,15,19,77,16,122,40,41,87,13" hai1="94,134,116,118,29,96,60,103,73,107,51,68,69" hai2="8,7,104,120,38,75,11,64,49,24,70,20,43" hai3="112,1,2,0,101,35,90,10,121,59,66,99,50"/><W37/><G37/><T9/><REACH who="0" step="1"/><D122/><REACH who="0" ten="89,217,377,307" step="2"/><U30/><E116/><V78/><F120/><W56/><G121/><T48/><D48/><U98/><E118/><V113/><F49/><W61/><G35/><T31/><D31/><U17/><E51/><V84/><F38/><W55/><G112/><T58/><D58/><U52/><E30/><V131/><F113/><W82/><G10/><T27/><D27/><U129/><E29/><V109/><F24/><W117/><G117/><T39/><D39/><U33/><E33/><V4/><F11/><W102/><G99/><T89/><D89/><U74/><E69/><V93/><F70/><W127/><G127/><T110/><D110/><U72/><E68/><V76/><F109/><W62/><G50/><T125/><D125/><U79/><E98/><V5/><F8/><W65/><REACH who="3" step="1"/><G55/><REACH who="3" ten="89,217,377,297" step="2"/><T119/><D119/><U54/><E52/><V80/><F43/><W86/><AGARI ba="1,2" hai="0,1,2,56,59,61,62,65,66,82,86,90,101,102" machi="86" ten="40,12000,1" yaku="1,1,2,1,0,1,9,1,53,0" doraHai="26" doraHaiUra="21" who="3" fromWho="3" sc="89,-41,217,-41,377,-41,297,143" owari="48,-45.0,176,-22.0,336,14.0,440,53.0" /></mjloggm>