<mjloggm ver="2.3"><GO type="41" lobby="0"/><UN n0="%31%32%33%34%35%39%36%33" n1="%66%75%6E%6C%69%75%6E%67" n2="%E3%83%80%E3%83%B4%E3%82%A3" n3="%E2%93%9D%53%75%70%68%78" dan="14,14,15,18" rate="1968.61,1940.06,1883.77,2142.27" sx="M,M,M,M"/><TAIKYOKU oya="0"/><INIT seed="0,0,0,1,3,24" ten="250,250,250,250" oya="0" hai0="88,75,57,22,69,79,59,30,10,131,53,0,133" hai1="83,54,14,60,50,118,113,68,58,32,111,27,20" hai2="110,126,66,37,23,102,55,43,28,74,100,1,81" hai3="4,127,121,84,39,9,34,46,116,90,13,29,95"/><T56/><D133/><U85/><E118/><V86/><F1/><W134/><G116/><T44/><D131/><U78/><E111/><V73/><F110/><W112/><G112/><T124/><D124/><U38/><E38/><V8/><F126/><W3/><G127/><T107/><D69/><U114/><E32/><V41/><F55/><W89/><G121/><T117/><D117/><U103/><E103/><V97/><F8/><W93/><G134/><T119/><D119/><U80/><E14/><V63/><F100/><W40/><G34/><T52/><D107/><U76/><E60/><V12/><F73/><W72/><G72/><T101/><D101/><U5/><E5/><V123/><F123/><W96/><REACH who="3" step="1"/><G29/><REACH who="3" ten="250,250,250,240" step="2"/><T47/><D75/><U104/><E114/><V51/><F74/><W122/><G122/><T128/><D128/><U49/><E113/><V129/><F129/><W120/><G120/><T15/><D30/><U106/><E106/><V70/><F28/><W31/><G31/><T115/><D115/><U65/><E104/><V18/><F37/><W7/><G7/><T67/><D0/><AGARI ba="0,1" hai="0,3,4,9,13,39,40,46,84,89,90,93,95,96" machi="0" ten="40,2600,0" yaku="1,1,53,1" doraHai="24" doraHaiUra="11" who="3" fromWho="0" sc="250,-26,250,0,250,0,240,36" /><INIT seed="1,0,0,3,2,119" ten="224,250,250,276" oya="1" hai0="40,120,134,3,63,73,132,102,14,70,123,27,8" hai1="50,2,23,109,65,88,118,9,32,43,114,115,61" hai2="122,52,26,39,94,49,111,79,124,44,55,95,98" hai3="106,38,66,110,84,33,42,21,129,10,97,93,28"/><U60/><E118/><V1/><F111/><W4/><G129/><T135/><D73/><U112/><E32/><V113/><F113/><W37/><G33/><T99/><D3/><U78/><E109/><V91/><F124/><W64/><G106/><T127/><D127/><U69/><E78/><V18/><F1/><W48/><G84/><T133/><D40/><U72/><E72/><V6/><F6/><W128/><G128/><T25/><D63/><U89/><E61/><V0/><F0/><W29/><G38/><T107/><D70/><U16/><E43/><V76/><F39/><W101/><G37/><T53/><D53/><U74/><E74/><V36/><F36/><W92/><G92/><T85/><D85/><U116/><E50/><N who="2" m="29127" /><F122/><N who="0" m="46634" /><D132/><U54/><E54/><V5/><F5/><AGARI ba="0,0" hai="5,8,14,25,27,99,102,107,133,134,135" m="46634" machi="5" ten="40,8000,1" yaku="20,1,13,1,52,3" doraHai="119" who="0" fromWho="2" sc="224,80,250,0,250,-80,276,0" /><INIT seed="2,0,0,3,5,111" ten="304,250,170,276" oya="2" hai0="89,65,5,69,86,76,122,119,48,59,129,91,73" hai1="41,99,131,103,57,44,4,88,2,113,83,20,34" hai2="17,125,79,97,43,22,39,78,53,40,18,11,108" hai3="10,95,100,6,42,84,24,116,123,29,55,92,63"/><V67/><F108/><W72/><G72/><T50/><D122/><U60/><E34/><V80/><F125/><W134/><G116/><T36/><D119/><U0/><E4/><V126/><F126/><W66/><G42/><T107/><D36/><U120/><E120/><V127/><F127/><W135/><G55/><T1/><D129/><U90/><E131/><V19/><F97/><W94/><G123/><T38/><D38/><U106/><E20/><V33/><F33/><W62/><G84/><T112/><D112/><U27/><E27/><V68/><F53/><W37/><G100/><T130/><D130/><U13/><E13/><V21/><F11/><W51/><G51/><T52/><D107/><U118/><E118/><V64/><F68/><W14/><G37/><T54/><D73/><U58/><E58/><V128/><F39/><W25/><G25/><T46/><D1/><U71/><E71/><V7/><F7/><W109/><G109/><T30/><D5/><U56/><E56/><V45/><F45/><W35/><REACH who="3" step="1"/><G66/><REACH who="3" ten="304,250,170,266" step="2"/><N who="2" m="25129" /><F128/><W49/><G49/><T12/><D65/><U47/><E41/><N who="2" m="15947" /><F80/><W31/><G31/><T124/><D30/><U9/><E83/><V133/><F133/><AGARI ba="0,1" hai="6,10,14,24,29,35,62,63,92,94,95,133,134,135" machi="133" ten="40,2600,0" yaku="1,1,20,1,53,0" doraHai="111" doraHaiUra="32" who="3" fromWho="2" sc="304,0,250,0,170,-26,266,36" /><INIT seed="3,0,0,5,2,125" ten="304,250,144,302" oya="3" hai0="25,58,46,75,66,93,52,18,132,65,96,40,27" hai1="82,62,14,13,35,47,95,112,76,56,81,67,59" hai2="78,97,34,9,124,119,48,21,87,6,106,128,23" hai3="30,70,4,77,39,22,127,122,17,20,133,29,89"/><W68/><G39/><T83/><D132/><U108/><E112/><V101/><F124/><W49/><G127/><T50/><D75/><U130/><E35/><V74/><F34/><W79/><G4/><T55/><D83/><U37/><E108/><V32/><F32/><W100/><G100/><T38/><D55/><U94/><E37/><V31/><F119/><W99/><G49/><T26/><REACH who="0" step="1"/><D18/><REACH who="0" ten="294,250,144,302" step="2"/><U53/><E53/><V105/><F74/><W5/><G17/><T45/><D45/><U117/><E47/><V121/><F48/><W113/><G133/><T15/><D15/><U69/><E117/><V126/><F126/><W64/><G113/><T85/><D85/><U33/><E82/><V88/><F121/><W86/><G86/><T80/><D80/><U24/><E81/><V63/><F63/><W16/><G16/><T103/><AGARI ba="0,1" hai="25,26,27,38,40,46,50,52,58,65,66,93,96,103" machi="103" ten="30,4000,0" yaku="1,1,0,1,54,1,53,0" doraHai="125" doraHaiUra="131" who="0" fromWho="0" sc="294,50,250,-10,144,-10,302,-20" /><INIT seed="4,0,0,2,1,90" ten="344,240,134,282" oya="0" hai0="122,102,101,23,99,25,118,60,132,78,108,57,75" hai1="134,36,89,32,41,38,113,59,56,28,127,123,21" hai2="55,80,8,58,61,33,14,31,50,103,79,87,26" hai3="1,34,110,105,62,94,0,82,135,69,11,4,96"/><T98/><D118/><U91/><E123/><V111/><F111/><W100/><G110/><T76/><D108/><U107/><E107/><V27/><F103/><W15/><G135/><T77/><D122/><U42/><E21/><V68/><F68/><W52/><G34/><T16/><D132/><U112/><E134/><V85/><F27/><W43/><G43/><T93/><D75/><U133/><E133/><V64/><F64/><W83/><G105/><T124/><D124/><U47/><E28/><V67/><F67/><W81/><REACH who="3" step="1"/><G69/><REACH who="3" ten="344,240,134,272" step="2"/><T126/><D126/><U119/><E127/><V116/><F116/><W106/><G106/><T54/><REACH who="0" step="1"/><D78/><REACH who="0" ten="334,240,134,272" step="2"/><U17/><E119/><V120/><F120/><W45/><G45/><T74/><D74/><U7/><E47/><V13/><F85/><W22/><G22/><T95/><AGARI ba="0,2" hai="16,23,25,54,57,60,76,77,93,95,98,99,101,102" machi="95" ten="20,24000,3" yaku="1,1,0,1,7,1,9,1,8,1,52,2,54,1,53,0" doraHai="90" doraHaiUra="65" who="0" fromWho="0" sc="334,260,240,-80,134,-80,272,-80" /><INIT seed="4,1,0,1,0,41" ten="594,160,54,192" oya="0" hai0="48,131,49,107,78,13,22,42,60,84,111,91,27" hai1="120,35,73,106,117,122,103,19,51,3,9,135,133" hai2="58,125,31,11,116,95,74,46,4,113,101,134,17" hai3="76,8,24,38,34,47,65,32,92,102,63,36,16"/><T50/><D131/><U87/><E87/><V72/><F116/><W43/><G76/><T124/><D124/><U110/><E51/><V33/><F125/><W88/><G102/><T98/><D111/><U28/><E19/><V75/><F134/><N who="1" m="51209" /><E73/><V118/><F118/><W132/><G38/><T105/><D78/><U37/><E37/><V66/><F113/><W15/><G24/><T18/><D60/><U77/><E77/><V128/><F128/><W70/><G132/><T57/><D57/><U112/><E117/><V85/><F17/><W79/><G79/><T69/><D69/><U14/><E110/><V23/><F33/><W99/><AGARI ba="1,0" hai="8,15,16,32,34,36,43,47,63,65,70,88,92,99" machi="99" ten="20,8000,1" yaku="0,1,7,1,52,1,54,2" doraHai="41" who="3" fromWho="3" sc="594,-41,160,-21,54,-21,192,83" /><INIT seed="5,0,0,3,3,73" ten="553,139,33,275" oya="1" hai0="0,128,83,67,71,2,115,64,88,48,76,59,109" hai1="24,85,33,90,119,36,130,93,87,40,35,103,102" hai2="96,53,70,106,37,134,4,77,131,82,57,135,118" hai3="52,61,108,62,132,38,30,28,100,99,49,75,116"/><U18/><E119/><V80/><F118/><W112/><G108/><T120/><D109/><U17/><E130/><V123/><F123/><W11/><G75/><T114/><D128/><U42/><E93/><V7/><F70/><W22/><G112/><N who="0" m="43051" /><D120/><U92/><E92/><V122/><F122/><W14/><G132/><N who="2" m="50729" /><F131/><W6/><G38/><T41/><D71/><U105/><E36/><V10/><F37/><W34/><G34/><T8/><D88/><U55/><E90/><V69/><F69/><W19/><G99/><T74/><D8/><U44/><E24/><V107/><F7/><W1/><G100/><T78/><D78/><U72/><E72/><N who="2" m="43047" /><F82/><W23/><G116/><T56/><D41/><U58/><E44/><V68/><F68/><W125/><G6/><T51/><D59/><U39/><E58/><V104/><F96/><W45/><G45/><T13/><D13/><U94/><E94/><V127/><F127/><W16/><G14/><T20/><D20/><U84/><E39/><V15/><F104/><W117/><G125/><T113/><D113/><U101/><E105/><V121/><F121/><W126/><G126/><T29/><D29/><U86/><E86/><V27/><F27/><W5/><G30/><T12/><D12/><U26/><E26/><V95/><F95/><W79/><G28/><T43/><D43/><N who="1" m="16427" /><E55/><V9/><F9/><W63/><G117/><T111/><D111/><U47/><E47/><V66/><F66/><N who="0" m="25130" /><D56/><U31/><E31/><V65/><F65/><W129/><G129/><T97/><D97/><U91/><E91/><V110/><F110/><RYUUKYOKU ba="0,0" sc="553,10,139,10,33,10,275,-30" hai0="0,2,48,51,74,76,83" hai1="17,18,33,35,84,85,87,101,102,103" hai2="4,10,15,53,57,106,107" /><INIT seed="5,1,0,1,4,132" ten="563,149,43,245" oya="1" hai0="65,71,32,16,20,100,43,31,0,83,44,12,74" hai1="111,19,13,7,122,116,39,54,2,38,56,131,78" hai2="125,64,61,121,29,55,23,22,95,80,87,85,102" hai3="37,26,109,17,48,128,33,119,92,15,8,81,41"/><U25/><E116/><V133/><F121/><W10/><G109/><T126/><D126/><U50/><E122/><V112/><F112/><W58/><G128/><T114/><D114/><U99/><E131/><V73/><F73/><W93/><G37/><T42/><D0/><U60/><E111/><V97/><F133/><W77/><G33/><T130/><D130/><U104/><E78/><V51/><F125/><W70/><G70/><T117/><D117/><U59/><E25/><V105/><F105/><W14/><G26/><T76/><D100/><U9/><E99/><V107/><F107/><W30/><G30/><T35/><D43/><U120/><E104/><V3/><F3/><W40/><G119/><T21/><D71/><U123/><E123/><V62/><F87/><N who="3" m="48559" /><G58/><T91/><D65/><U28/><E28/><V6/><F6/><N who="3" m="3351" /><G41/><T98/><D21/><U110/><E110/><V34/><F34/><W1/><G1/><T67/><D67/><U79/><E79/><N who="2" m="46239" /><F64/><W108/><G108/><T63/><D63/><N who="2" m="24074" /><F29/><W27/><G27/><T46/><D31/><U127/><E127/><V101/><F101/><W90/><G90/><T4/><D4/><U118/><E118/><V84/><F84/><W113/><G113/><T72/><D35/><U94/><E120/><V124/><F124/><W88/><G88/><T129/><D32/><U11/><REACH who="1" step="1"/><E94/><REACH who="1" ten="563,139,43,245" step="2"/><V45/><AGARI ba="1,1" hai="22,23,45,51,55,95,97,102" m="24074,46239" machi="45" ten="30,1100,0" yaku="8,1" doraHai="132" who="2" fromWho="2" sc="563,-4,139,-6,43,24,245,-4" /><INIT seed="6,0,0,2,5,82" ten="559,133,67,241" oya="2" hai0="36,6,20,35,97,96,45,60,133,101,124,27,99" hai1="30,127,77,33,119,80,58,29,100,111,106,7,91" hai2="107,120,73,130,5,12,83,92,37,93,110,66,109" hai3="88,68,52,19,54,132,62,71,10,122,24,84,39"/><V134/><F37/><W128/><G122/><T79/><D133/><U53/><E111/><N who="2" m="42507" /><F134/><W131/><G39/><T104/><D124/><U48/><E127/><V2/><F120/><W74/><G74/><T40/><D35/><U72/><E119/><V67/><F107/><W105/><G105/><T135/><D135/><U28/><E7/><V112/><F112/><W87/><G132/><T118/><D118/><U1/><E1/><V17/><F130/><N who="3" m="49707" /><G87/><T32/><D32/><U76/><E76/><N who="2" m="44431" /><F2/><W4/><G19/><T3/><D79/><U22/><E33/><V115/><F5/><W11/><G24/><T44/><D6/><U113/><E113/><V61/><F115/><W85/><G85/><T38/><D3/><U15/><E91/><V41/><F41/><W56/><G54/><T117/><D117/><U70/><E70/><N who="3" m="26666" /><G4/><T95/><D60/><U129/><E129/><V121/><F121/><W23/><G23/><T94/><D104/><U18/><REACH who="1" step="1"/><E106/><REACH who="1" ten="559,123,67,241" step="2"/><V126/><F126/><W86/><G88/><T8/><D101/><AGARI ba="0,1" hai="15,18,22,28,29,30,48,53,58,72,77,80,100,101" machi="101" ten="40,2600,0" yaku="1,1,2,1,53,0" doraHai="82" doraHaiUra="59" who="1" fromWho="0" sc="559,-26,123,36,67,0,241,0" /><INIT seed="7,0,0,2,4,24" ten="533,159,67,241" oya="3" hai0="96,14,25,77,110,121,66,20,65,71,55,131,51" hai1="32,39,97,49,62,69,0,129,40,108,21,68,50" hai2="2,1,86,106,19,107,67,127,45,117,78,120,112" hai3="83,36,80,75,58,79,114,93,111,103,7,28,90"/><W116/><G36/><T31/><D121/><U57/><E32/><V38/><F120/><W118/><G7/><T124/><D110/><U23/><E0/><V5/><F117/><W95/><G58/><T82/><D131/><U88/><E108/><V15/><F112/><W70/><G28/><T34/><D124/><U9/><E9/><V6/><F67/><W48/><G48/><T72/><D71/><U125/><E69/><V16/><F127/><W43/><G43/><T30/><D96/><U113/><E125/><V89/><F78/><W64/><G64/><T85/><D72/><U37/><E37/><V13/><F38/><W60/><G60/><T42/><D42/><U10/><E10/><V99/><F45/><W98/><G70/><T101/><D101/><U12/><E12/><V35/><F35/><W122/><G114/><T74/><D74/><U92/><E50/><V54/><F54/><W56/><G122/><T81/><D81/><U123/><E129/><V130/><F130/><W29/><G83/><T104/><D104/><U109/><E109/><V33/><F33/><W61/><G111/><T105/><D105/><U102/><E123/><V126/><F126/><W84/><G118/><T8/><D34/><U53/><E113/><V132/><F99/><W22/><G116/><T63/><D31/><U52/><E53/><V119/><F119/><W18/><G29/><T94/><D94/><U26/><E39/><V76/><F76/><W115/><G115/><T11/><D63/><U27/><E68/><V133/><F86/><W44/><G84/><T91/><D85/><RYUUKYOKU ba="0,0" sc="533,-10,159,-10,67,30,241,-10" hai2="1,2,5,6,13,15,16,19,89,106,107,132,133" owari="523,62.0,149,-25.0,97,-40.0,231,3.0" /></mjloggm>