<mjloggm ver="2.3"><GO type="41" lobby="0"/><UN n0="%4C%61%7A%79%47%61%69%61" n1="%E5%81%BD%E5%81%BD%E3%82%A2%E3%82%AB%E3%82%AE" n2="%64%62%61%6B%61" n3="%E2%93%9D%53%75%70%68%78" dan="14,15,14,17" rate="2006.14,2096.80,1913.97,2017.03" sx="M,M,M,M"/><TAIKYOKU oya="0"/><INIT seed="0,0,0,4,2,18" ten="250,250,250,250" oya="0" hai0="65,39,28,6,85,42,7,131,87,128,92,122,76" hai1="70,117,102,48,35,53,32,44,14,126,109,55,29" hai2="23,120,4,1,112,17,66,40,111,20,118,63,13" hai3="8,2,77,133,89,11,105,62,0,135,96,25,10"/><T59/><D122/><U81/><E117/><V115/><F120/><W90/><G77/><T69/><D69/><U50/><E109/><V101/><F111/><W19/><G62/><T123/><D123/><U47/><E126/><V36/><F118/><W67/><G67/><T71/><D71/><U15/><E70/><V56/><F101/><W57/><G57/><T129/><D39/><U86/><E102/><V79/><F79/><W54/><G54/><T80/><D42/><U104/><E104/><V24/><F4/><W84/><G96/><T121/><D121/><U134/><E134/><N who="3" m="51210" /><G105/><T127/><D127/><U93/><E93/><V130/><F1/><N who="3" m="619" /><G84/><T78/><D28/><U119/><E119/><V37/><F130/><W125/><G125/><T108/><D108/><U73/><E73/><V49/><F49/><W88/><G25/><T116/><D116/><U98/><E98/><V31/><REACH who="2" step="1"/><F40/><REACH who="2" ten="250,250,240,250" step="2"/><W64/><G64/><T41/><D41/><U72/><E72/><V38/><AGARI ba="0,1" hai="13,17,20,23,24,31,36,37,38,56,63,66,112,115" machi="38" ten="30,8000,1" yaku="1,1,2,1,0,1,52,2,53,0" doraHai="18" doraHaiUra="43" who="2" fromWho="2" sc="250,-40,250,-20,240,90,250,-20" /><INIT seed="1,0,0,1,3,56" ten="210,230,330,230" oya="1" hai0="25,11,81,0,75,58,32,19,18,8,134,60,50" hai1="62,10,22,57,98,64,124,67,102,46,15,12,38" hai2="116,97,82,80,131,49,135,44,37,74,108,113,127" hai3="72,39,13,119,35,73,40,7,126,36,23,95,79"/><U24/><E124/><V76/><F116/><W84/><G35/><T55/><D134/><U120/><E120/><V48/><F135/><W34/><G34/><T14/><D0/><U53/><E38/><V86/><F127/><W63/><G126/><T65/><D32/><U109/><E109/><V83/><F108/><W9/><G119/><T99/><D25/><U93/><E46/><V133/><F133/><W66/><G40/><T30/><D30/><U100/><E102/><V69/><F69/><W5/><G5/><T2/><D2/><U85/><E85/><V104/><F131/><W33/><G33/><T70/><D99/><U125/><E125/><V111/><F111/><W94/><G23/><T61/><D75/><U47/><E47/><V3/><F3/><W68/><G95/><T52/><D81/><U54/><E64/><V89/><F113/><W71/><G71/><T28/><D28/><N who="1" m="17431" /><E15/><V115/><F115/><W121/><G121/><T91/><D91/><U118/><E118/><V129/><F129/><W107/><G73/><T90/><D90/><U78/><E78/><V122/><F122/><W17/><G72/><T42/><D42/><U45/><E45/><V96/><F104/><W16/><G107/><T103/><D103/><U77/><E77/><V88/><F37/><N who="3" m="14411" /><G79/><T123/><D123/><U114/><E114/><V27/><F27/><W132/><G132/><T59/><D11/><U6/><AGARI ba="0,0" hai="6,10,12,53,54,57,62,67,93,98,100" m="17431" machi="6" ten="30,6000,0" yaku="25,1,8,1,52,1" doraHai="56" who="1" fromWho="1" sc="210,-20,230,60,330,-20,230,-20" /><INIT seed="1,1,0,3,5,10" ten="190,290,310,210" oya="1" hai0="112,5,18,127,40,100,108,115,75,1,56,74,2" hai1="46,79,12,85,55,24,26,28,130,8,45,16,58" hai2="81,22,30,82,69,49,111,128,6,52,50,51,104" hai3="72,67,54,132,129,107,114,76,15,87,126,86,90"/><U14/><E130/><V101/><F69/><W119/><G114/><T59/><D18/><N who="1" m="8455" /><E28/><V99/><F111/><W95/><G126/><T61/><D61/><N who="1" m="36063" /><E79/><V135/><F135/><W94/><G119/><T120/><D108/><U105/><E105/><V103/><F103/><W25/><G107/><T17/><D17/><U38/><E38/><V109/><F109/><W91/><G132/><T93/><D5/><U53/><E85/><V48/><F128/><W68/><G76/><T60/><D60/><U31/><E31/><V34/><F6/><W47/><G72/><T78/><D78/><U110/><E110/><V13/><F34/><W102/><G129/><T71/><D71/><U0/><E0/><V116/><F116/><W20/><G68/><T57/><D127/><U29/><E29/><V92/><N who="2" m="12288" /><DORA hai="35" /><V39/><F104/><W80/><G87/><T7/><D7/><U89/><E89/><V65/><F39/><W4/><G91/><T117/><D75/><U33/><E53/><V125/><F125/><W98/><G54/><T113/><D74/><U27/><E33/><V83/><F65/><W124/><G67/><T122/><D40/><U118/><E118/><V37/><F37/><W9/><G124/><T21/><D117/><U11/><AGARI ba="1,0" hai="11,14,16,24,26,27,45,46" m="36063,8455" machi="11" ten="30,11700,0" yaku="8,1,52,2,54,1" doraHai="10,35" who="1" fromWho="1" sc="190,-40,290,120,310,-40,210,-40" /><INIT seed="1,2,0,3,1,99" ten="150,410,270,170" oya="1" hai0="20,68,70,134,55,38,111,97,100,35,2,104,115" hai1="32,92,34,117,37,22,120,46,69,24,54,64,43" hai2="65,66,13,33,48,15,131,103,128,39,28,124,110" hai3="3,80,127,85,98,50,29,107,90,132,76,52,135"/><U78/><E117/><V73/><F39/><W44/><G3/><T129/><RYUUKYOKU type="yao9" ba="2,0" sc="150,0,410,0,270,0,170,0" hai0="2,20,35,38,55,68,70,97,100,104,111,115,129,134" /><INIT seed="1,3,0,1,4,87" ten="150,410,270,170" oya="1" hai0="29,100,78,53,107,118,38,90,106,132,57,21,51" hai1="43,31,81,60,112,116,46,2,11,119,9,14,24" hai2="64,91,109,117,114,124,95,86,4,32,47,52,76" hai3="135,73,48,92,84,83,36,12,121,88,66,1,71"/><U5/><E112/><V40/><F117/><W34/><G36/><T133/><D118/><U98/><E60/><V16/><F32/><W44/><G1/><T108/><D38/><U126/><E126/><V69/><F4/><W15/><G34/><T77/><D108/><U61/><E61/><V127/><F127/><W54/><BYE who="2" /><G121/><T101/><D29/><U62/><E62/><V93/><F93/><W103/><G135/><N who="0" m="51787" /><D21/><UN n2="%64%62%61%6B%61" /><U128/><E128/><V79/><F109/><W125/><G71/><T0/><D0/><U30/><E81/><V55/><F124/><W33/><G33/><T28/><D28/><U105/><E31/><V123/><F64/><W111/><G66/><T75/><D75/><U56/><E56/><V80/><F69/><W20/><G111/><T94/><D53/><N who="2" m="20554" /><F123/><W96/><G125/><T25/><D25/><U27/><E27/><V58/><F58/><W50/><G73/><T39/><D51/><U3/><E24/><V89/><F114/><W72/><G72/><T113/><D39/><N who="1" m="21887" /><E30/><V17/><F40/><N who="3" m="24583" /><G20/><T65/><D57/><AGARI ba="3,0" hai="12,15,50,54,57,83,84,88,92,96,103" m="24583" machi="57" ten="30,3900,0" yaku="8,1,52,1,54,1" doraHai="87" who="3" fromWho="0" sc="150,-48,410,0,270,0,170,48" /><INIT seed="2,0,0,2,5,31" ten="102,410,270,218" oya="2" hai0="74,7,122,63,123,92,127,132,135,18,110,24,2" hai1="15,109,102,79,21,124,46,35,45,76,114,44,73" hai2="59,41,118,53,14,130,93,65,87,115,117,70,120" hai3="97,116,19,43,78,36,75,50,55,10,85,32,95"/><V13/><F120/><W94/><G75/><T83/><D2/><U20/><E114/><V25/><F115/><W96/><G36/><T52/><D7/><U61/><E109/><V72/><F72/><W49/><G32/><T38/><D38/><U119/><E119/><V82/><F130/><W107/><G107/><T30/><D110/><U6/><E35/><V48/><F93/><W4/><G19/><T129/><D18/><U28/><E61/><V104/><F104/><W39/><G39/><T57/><D127/><U121/><E102/><V0/><F0/><W12/><G116/><T98/><D83/><U56/><E56/><V54/><F41/><W8/><G8/><T89/><D74/><U105/><E105/><V71/><F25/><W106/><G106/><T23/><REACH who="0" step="1"/><D129/><REACH who="0" ten="92,410,270,218" step="2"/><U86/><E73/><V11/><F117/><W91/><G4/><T108/><D108/><U17/><E6/><V66/><F118/><W51/><G43/><T134/><AGARI ba="0,1" hai="23,24,30,52,57,63,89,92,98,122,123,132,134,135" machi="134" ten="30,8000,1" yaku="1,1,0,1,20,1,54,1,53,1" doraHai="31" doraHaiUra="22" who="0" fromWho="0" sc="92,90,410,-20,270,-40,218,-20" /><INIT seed="3,0,0,5,5,27" ten="182,390,230,198" oya="3" hai0="40,86,82,6,2,0,96,117,77,104,115,88,118" hai1="129,80,12,78,33,38,120,132,71,109,122,24,83" hai2="45,81,60,131,47,15,13,106,112,100,67,28,103" hai3="69,26,99,61,48,74,92,133,119,21,125,65,85"/><W98/><G74/><T35/><D35/><U23/><E71/><V93/><F112/><W56/><G125/><T113/><D40/><U46/><E109/><V101/><F106/><W25/><G133/><T108/><D108/><U44/><E132/><V30/><F131/><W49/><G26/><T20/><D20/><U10/><E33/><V53/><F81/><W34/><G34/><T94/><D6/><U14/><E129/><V29/><F93/><W22/><G22/><T4/><D4/><U7/><E38/><V55/><F67/><W89/><G119/><T52/><D52/><N who="2" m="20042" /><F60/><W42/><G69/><T58/><D58/><U114/><E14/><AGARI ba="0,0" hai="13,14,15,28,29,30,45,47,100,101,103" m="20042" machi="14" ten="40,12000,2" yaku="28,2,8,1,52,3,54,1" doraHai="27" who="2" fromWho="1" sc="182,0,390,-120,230,120,198,0" /><INIT seed="4,0,0,5,4,6" ten="182,270,350,198" oya="0" hai0="89,97,4,79,61,117,74,49,114,68,25,72,128" hai1="44,59,107,35,76,26,52,124,96,131,15,66,0" hai2="47,102,123,98,37,11,99,18,43,112,95,5,75" hai3="132,92,60,32,27,118,101,85,81,19,34,91,82"/><T24/><D117/><U41/><E0/><V111/><F111/><W50/><G118/><T22/><D114/><U113/><E113/><V42/><F112/><W129/><G132/><T58/><D128/><U86/><E131/><V84/><F123/><W48/><G129/><T29/><D68/><U67/><E107/><V20/><F43/><W122/><G122/><T78/><D74/><U38/><E124/><V36/><F75/><W14/><G34/><T21/><D49/><U53/><E96/><V9/><F5/><W31/><G60/><T121/><D72/><U69/><E15/><V40/><F84/><W127/><G127/><T104/><D4/><U8/><E8/><V51/><F51/><W109/><G109/><T12/><D12/><U94/><E53/><V63/><F63/><W45/><G101/><T30/><D121/><U119/><E69/><V125/><F125/><W93/><G82/><T103/><REACH who="0" step="1"/><D89/><REACH who="0" ten="172,270,350,198" step="2"/><U56/><E119/><V130/><F130/><W135/><G50/><T77/><D77/><U10/><E76/><V105/><F36/><W65/><G135/><T120/><D120/><U28/><E38/><V134/><F134/><W83/><G48/><T1/><D1/><U7/><E41/><V110/><F42/><W46/><G46/><T3/><D3/><U17/><E44/><V62/><F110/><W88/><G45/><T71/><D71/><U106/><E59/><V23/><F62/><W2/><G2/><T39/><D39/><U108/><E56/><V54/><F37/><W57/><G57/><T133/><D133/><U126/><E126/><RYUUKYOKU ba="0,1" sc="172,30,270,-10,350,-10,198,-10" hai0="21,22,24,25,29,30,58,61,78,79,97,103,104" /><INIT seed="4,1,1,1,4,52" ten="202,260,340,188" oya="0" hai0="75,53,116,6,80,87,44,123,7,108,105,42,77" hai1="63,46,59,126,48,35,133,9,128,115,85,38,124" hai2="26,65,76,12,79,16,57,23,95,81,60,17,122" hai3="125,120,37,8,127,62,25,131,61,89,20,100,51"/><T56/><D116/><U74/><E74/><V19/><F122/><W109/><G37/><T132/><D132/><U121/><E35/><V113/><F113/><W32/><G109/><T104/><D123/><U11/><E121/><V119/><F119/><W66/><G120/><T101/><D108/><U64/><E133/><V1/><F1/><W99/><G32/><T71/><D71/><U36/><E128/><V112/><F112/><W29/><G89/><T58/><D101/><U31/><E115/><V15/><F95/><W22/><G51/><T130/><D130/><U39/><E31/><N who="2" m="17887" /><F81/><W41/><G41/><T103/><D103/><U117/><E85/><V110/><F110/><W90/><G90/><T86/><D75/><U45/><E117/><V34/><F34/><W72/><G72/><T5/><D87/><U3/><E46/><V111/><F111/><W88/><G131/><T84/><D84/><U129/><E129/><V28/><F28/><W98/><G100/><T70/><D70/><U107/><E107/><V4/><F4/><W93/><G99/><T14/><D14/><AGARI ba="1,1" hai="12,14,15,16,17,19,57,60,65,76,79" m="17887" machi="14" ten="30,3900,0" yaku="8,1,52,1,54,1" doraHai="52" who="2" fromWho="0" sc="202,-42,260,0,340,52,188,0" /><INIT seed="5,0,0,4,5,116" ten="160,260,392,188" oya="1" hai0="34,93,36,74,71,57,49,89,114,115,95,105,118" hai1="45,29,50,14,113,44,15,62,0,119,98,128,51" hai2="32,24,56,47,91,129,70,48,11,27,120,96,112" hai3="26,65,87,76,12,35,55,31,123,64,117,2,40"/><U133/><E119/><V82/><F70/><W8/><G117/><T127/><D34/><U81/><E0/><V97/><F120/><W10/><G40/><T17/><D71/><U59/><E113/><N who="0" m="43017" /><D36/><U134/><E128/><V83/><F129/><W106/><G106/><T99/><D118/><U78/><E98/><V37/><F32/><W60/><G123/><T73/><D17/><U84/><E29/><V90/><F37/><W108/><G108/><T7/><D7/><U52/><E133/><V132/><F112/><W88/><G76/><T1/><D1/><U67/><REACH who="1" step="1"/><E134/><REACH who="1" ten="160,250,392,188" step="2"/><V130/><F132/><W110/><G2/><T131/><D131/><U42/><AGARI ba="0,1" hai="14,15,42,44,45,50,51,52,59,62,67,78,81,84" machi="42" ten="20,18000,2" yaku="1,1,2,1,0,1,7,1,8,1,54,1,53,1" doraHai="116" doraHaiUra="63" who="1" fromWho="1" sc="160,-60,250,190,392,-60,188,-60" /><INIT seed="5,1,0,4,3,113" ten="100,440,332,128" oya="1" hai0="129,46,87,35,8,120,53,48,93,10,101,45,27" hai1="2,30,130,36,103,4,3,97,47,72,61,62,122" hai2="95,12,41,134,54,70,5,55,80,32,125,39,111" hai3="11,33,127,131,9,126,85,86,69,117,124,24,104"/><U78/><E122/><V63/><F111/><W112/><G112/><T29/><D129/><U94/><E130/><V13/><F32/><W23/><G131/><T89/><D120/><U16/><E30/><V121/><F121/><W0/><G104/><T73/><D73/><U21/><E78/><V107/><F107/><W128/><G128/><T91/><D101/><U114/><E72/><V98/><F134/><W110/><G69/><T116/><D45/><U105/><E105/><V64/><F125/><W56/><G33/><T43/><D43/><U135/><E135/><V115/><F115/><W20/><G110/><T108/><D108/><U40/><E114/><V42/><F80/><W52/><G117/><T132/><D132/><U18/><E18/><V82/><F82/><W22/><G24/><T49/><D49/><U71/><E71/><V57/><F55/><W67/><G67/><T19/><D19/><U76/><E76/><V68/><F70/><W119/><G119/><T38/><D38/><U90/><E103/><V100/><F5/><N who="3" m="1191" /><G11/><T44/><D44/><U79/><E79/><V37/><F41/><W81/><G81/><T66/><D66/><U96/><E96/><V133/><F133/><W123/><G123/><T77/><D77/><U31/><E31/><V92/><F37/><W58/><G52/><T88/><D116/><U51/><E36/><V25/><F95/><W75/><G75/><T14/><REACH who="0" step="1"/><D10/><REACH who="0" ten="90,440,332,128" step="2"/><U60/><REACH who="1" step="1"/><E4/><REACH who="1" ten="90,430,332,128" step="2"/><V106/><F39/><W15/><G127/><T26/><D26/><AGARI ba="1,2" hai="2,3,16,21,26,40,47,51,60,61,62,90,94,97" machi="26" ten="40,7700,0" yaku="1,1,2,1,54,1,53,0" doraHai="113" doraHaiUra="28" who="1" fromWho="0" sc="90,-80,430,100,332,0,128,0" /><INIT seed="5,2,0,3,0,55" ten="10,530,332,128" oya="1" hai0="133,40,96,13,63,17,33,57,7,66,23,6,39" hai1="30,125,94,2,19,51,97,68,118,101,21,107,95" hai2="3,106,98,122,104,93,123,72,43,80,25,69,83" hai3="114,11,111,105,22,60,103,85,87,58,91,14,89"/><U99/><E118/><V109/><F69/><W117/><G111/><T115/><D33/><U120/><E120/><V56/><F3/><W59/><G114/><T15/><D115/><U110/><E2/><V37/><F109/><W41/><G105/><T35/><D35/><U81/><E68/><V49/><F72/><W100/><G41/><T70/><D133/><U129/><E30/><V131/><F37/><W88/><G22/><T75/><D75/><U52/><E110/><V53/><F131/><W32/><G32/><T112/><D112/><U127/><E129/><V79/><F43/><W119/><G60/><T135/><D135/><U16/><E81/><V71/><F71/><W20/><G20/><T29/><D29/><U92/><E99/><V42/><F42/><W28/><G28/><T76/><D70/><U74/><E74/><V4/><F4/><N who="0" m="1578" /><D40/><U102/><E102/><N who="3" m="38954" /><G119/><T50/><D39/><U134/><E134/><V46/><F123/><W45/><G45/><T64/><D50/><U24/><REACH who="1" step="1"/><E19/><REACH who="1" ten="10,520,332,128" step="2"/><V113/><F80/><N who="3" m="49191" /><G117/><T47/><D47/><AGARI ba="2,1" hai="16,21,24,47,51,52,92,94,95,97,101,107,125,127" machi="47" ten="40,7700,0" yaku="1,1,54,2,53,0" doraHai="55" doraHaiUra="0" who="1" fromWho="0" sc="10,-83,520,93,332,0,128,0" owari="-73,-57.0,613,71.0,332,13.0,128,-27.0" /></mjloggm>