<mjloggm ver="2.3"><GO type="41" lobby="0"/><UN n0="%E3%83%92%E3%83%AD%E3%83%83%E3%83%81%E3%83%BC" n1="%6B%6D%61%73%61%39%34%34" n2="%E2%93%9D%53%75%70%68%78" n3="%E9%9B%B7%E5%B8%9D" dan="14,14,16,15" rate="1885.52,1885.21,2034.84,1940.35" sx="M,M,M,M"/><TAIKYOKU oya="0"/><INIT seed="0,0,0,1,2,91" ten="250,250,250,250" oya="0" hai0="116,127,129,83,29,53,48,105,3,27,92,68,35" hai1="9,103,7,114,135,85,52,34,38,45,32,122,112" hai2="23,93,98,47,25,11,60,0,76,19,74,42,63" hai3="78,66,110,67,69,99,12,36,89,120,113,111,84"/><T26/><D116/><U97/><E122/><V51/><F74/><W8/><G36/><T128/><D3/><U10/><E85/><V126/><F126/><W15/><G113/><N who="1" m="43626" /><E38/><V44/><F76/><W6/><G120/><T131/><D105/><U16/><E7/><V40/><F0/><W2/><G78/><T55/><D68/><U81/><E81/><V95/><F11/><W13/><G99/><T108/><D83/><U59/><E45/><V118/><F118/><W77/><G77/><T54/><D127/><U96/><E96/><V72/><F72/><W58/><G69/><T124/><D26/><U100/><E100/><V64/><F98/><W39/><G39/><T21/><D124/><U41/><E41/><V61/><REACH who="2" step="1"/><F64/><REACH who="2" ten="250,250,240,250" step="2"/><W22/><G67/><T46/><D108/><U65/><E65/><V101/><F101/><W50/><G111/><T80/><D80/><U107/><E135/><V33/><F33/><W20/><G110/><T104/><D35/><U49/><E10/><V71/><F71/><W106/><G66/><T130/><D130/><U90/><E90/><V123/><F123/><W88/><G89/><T30/><D104/><U62/><E34/><V125/><F125/><W121/><G106/><T94/><D30/><U5/><E32/><V79/><F79/><W87/><G121/><T73/><D73/><U109/><E109/><V1/><F1/><W115/><G115/><T75/><D75/><U119/><E119/><V24/><F24/><W14/><N who="3" m="3072" /><DORA hai="70" /><W18/><G88/><T57/><D46/><U17/><E9/><V86/><F86/><RYUUKYOKU ba="0,1" sc="250,15,250,-15,240,15,250,-15" hai0="21,27,29,48,53,54,55,57,92,94,128,129,131" hai2="19,23,25,40,42,44,47,51,60,61,63,93,95" /><INIT seed="0,1,1,1,4,35" ten="265,235,255,235" oya="0" hai0="58,123,74,9,26,3,88,120,28,115,24,98,15" hai1="42,46,109,53,31,21,132,10,90,131,84,45,62" hai2="5,95,69,100,117,23,83,86,78,22,12,65,104" hai3="14,63,125,56,112,43,54,13,50,126,93,127,0"/><T55/><D115/><U121/><E121/><V80/><F104/><W116/><G116/><T36/><D36/><U64/><E131/><V134/><F134/><W19/><G112/><T91/><D74/><U119/><E119/><V101/><F69/><W68/><G68/><T96/><D3/><U130/><E130/><V17/><F65/><W41/><G0/><T37/><D37/><U39/><E132/><V89/><F117/><W87/><G63/><T111/><D123/><U71/><E109/><V30/><F5/><W105/><G105/><T48/><D111/><U6/><E31/><V82/><REACH who="2" step="1"/><F78/><REACH who="2" ten="265,235,245,235" step="2"/><W77/><G77/><T18/><D120/><U47/><E39/><V33/><F33/><W34/><G34/><T16/><D28/><U52/><E42/><V70/><F70/><W11/><G13/><T92/><D18/><U20/><E20/><V1/><F1/><W44/><G43/><T40/><D40/><U27/><E6/><V124/><F124/><W103/><G41/><T122/><D122/><U97/><E10/><V67/><F67/><W75/><G11/><T7/><D7/><U81/><E21/><V99/><F99/><W4/><G4/><T2/><D2/><U133/><E97/><V129/><F129/><W72/><G127/><T51/><D98/><U79/><E133/><V135/><F135/><W73/><G126/><T49/><D91/><U114/><E114/><V108/><F108/><W128/><G125/><T106/><D106/><U32/><E79/><V25/><AGARI ba="1,2" hai="12,17,22,23,25,30,80,82,83,86,89,95,100,101" machi="25" ten="30,4000,0" yaku="1,1,0,1,8,1,53,0" doraHai="35" doraHaiUra="57" who="2" fromWho="2" sc="265,-21,235,-11,245,63,235,-11" /><INIT seed="1,0,0,1,3,81" ten="244,224,308,224" oya="1" hai0="25,7,3,33,2,32,132,19,31,61,28,40,1" hai1="126,43,65,96,22,112,56,86,64,20,90,118,73" hai2="102,42,34,74,48,16,97,107,23,4,91,38,114" hai3="95,54,106,6,121,80,89,15,120,63,101,77,49"/><U93/><E112/><V78/><F34/><N who="0" m="13418" /><D40/><U11/><E118/><V135/><F135/><W26/><G63/><T87/><D61/><U111/><E73/><V76/><F38/><W59/><G106/><T67/><D67/><U52/><E43/><V115/><F4/><W10/><G101/><T30/><D87/><U82/><E126/><V129/><F129/><W27/><G121/><T94/><D94/><U99/><E99/><V35/><F35/><W69/><G69/><T18/><D132/><U0/><E0/><V130/><F130/><W29/><G120/><T133/><D133/><U66/><E11/><V116/><F116/><W122/><G122/><T75/><D75/><U127/><E127/><V58/><F74/><W83/><G29/><N who="0" m="11371" /><D7/><U100/><E111/><V44/><F91/><W47/><G47/><T50/><D50/><AGARI ba="0,0" hai="20,22,50,52,56,64,65,66,82,86,90,93,96,100" machi="50" ten="40,7700,0" yaku="8,1,52,1,54,1" doraHai="81" who="1" fromWho="0" sc="244,-77,224,77,308,0,224,0" /><INIT seed="1,1,0,4,1,63" ten="167,301,308,224" oya="1" hai0="50,66,24,79,35,78,29,125,123,104,16,85,42" hai1="84,17,103,36,100,41,95,64,87,82,124,108,102" hai2="55,96,111,6,89,86,26,70,44,58,10,7,132" hai3="74,105,77,49,62,135,69,15,9,72,127,109,97"/><U88/><E41/><V91/><F70/><W130/><G130/><T76/><D104/><U133/><E36/><V31/><F111/><W71/><G71/><T117/><D117/><U128/><E108/><V90/><F132/><W25/><G135/><T45/><D123/><U39/><E39/><V60/><F96/><W112/><G109/><T11/><D125/><U5/><E5/><V3/><F7/><W92/><G105/><T40/><D42/><U14/><E133/><V57/><F44/><W75/><G127/><T12/><REACH who="0" step="1"/><D66/><REACH who="0" ten="157,301,308,224" step="2"/><U30/><E124/><V73/><F55/><W51/><G112/><T115/><D115/><U80/><E64/><V118/><F118/><W81/><G69/><T1/><D1/><U33/><E128/><V21/><F3/><W38/><G38/><T129/><D129/><U120/><E120/><V94/><F94/><W18/><G92/><T68/><D68/><U110/><E110/><V119/><F119/><W98/><G81/><AGARI ba="1,1" hai="11,12,16,24,29,35,40,45,50,76,78,79,81,85" machi="81" ten="40,5200,0" yaku="1,1,54,1,53,1" doraHai="63" doraHaiUra="46" who="0" fromWho="3" sc="157,65,301,0,308,0,224,-55" /><INIT seed="2,0,0,2,1,133" ten="222,301,308,169" oya="2" hai0="61,110,84,60,119,24,98,88,106,109,22,45,75" hai1="97,28,43,10,20,81,33,127,18,102,89,51,63" hai2="26,134,71,49,32,108,17,31,125,9,52,35,2" hai3="65,50,55,11,67,0,101,29,95,99,38,115,37"/><V47/><F134/><W128/><G128/><T23/><D75/><U90/><E81/><V80/><F71/><W123/><G123/><T107/><D119/><U42/><E42/><V21/><F108/><N who="0" m="41578" /><D45/><U1/><E43/><V91/><F125/><W124/><G37/><T111/><N who="0" m="41586" /><T129/><DORA hai="73" /><D129/><U34/><E51/><V59/><F59/><W104/><G38/><T118/><D118/><U13/><E63/><N who="0" m="24137" /><D98/><U100/><E100/><V135/><F135/><W103/><G124/><T30/><D22/><U5/><E34/><V113/><F113/><W41/><G115/><T117/><D117/><U77/><E127/><V86/><F2/><W36/><G41/><T126/><D126/><U120/><E120/><V39/><F39/><W16/><G36/><T114/><D114/><U78/><E90/><V54/><F54/><W12/><G0/><T27/><D24/><N who="1" m="18567" /><E89/><V131/><F131/><W83/><G83/><AGARI ba="0,0" hai="23,27,30,83,84,88,106,107" m="24137,41586" machi="83" ten="40,2600,0" yaku="14,1,54,1" doraHai="133,73" who="0" fromWho="3" sc="222,26,301,0,308,0,169,-26" /><INIT seed="3,0,0,0,5,29" ten="248,301,308,143" oya="3" hai0="118,88,40,38,45,126,44,0,32,98,93,112,33" hai1="55,105,24,127,116,111,58,22,86,124,46,78,8" hai2="63,61,87,74,59,34,95,57,77,49,119,90,89" hai3="23,69,135,102,114,48,76,70,26,18,72,73,110"/><W92/><G114/><T1/><D118/><U14/><E105/><V80/><F119/><W20/><G135/><T15/><D15/><U47/><E116/><V75/><F34/><W109/><G76/><T19/><D19/><U85/><E111/><N who="3" m="42506" /><G48/><T41/><D112/><U130/><E130/><V125/><F125/><W42/><G42/><T52/><D52/><U27/><E27/><V39/><F39/><W11/><G11/><T53/><D53/><U51/><E78/><V2/><F49/><W104/><G104/><T133/><D126/><N who="1" m="48171" /><E47/><V67/><F2/><W108/><N who="3" m="42514" /><W103/><DORA hai="68" /><G23/><T115/><D115/><U10/><E46/><V134/><F134/><W30/><G18/><T113/><D113/><U84/><E14/><V91/><REACH who="2" step="1"/><F75/><REACH who="2" ten="248,301,298,143" step="2"/><N who="3" m="28747" /><G92/><T131/><D133/><U128/><E128/><V28/><F28/><AGARI ba="0,1" hai="8,10,22,24,28,51,55,58,84,85,86" m="48171" machi="28" ten="30,1000,0" yaku="18,1" doraHai="29,68" who="1" fromWho="2" sc="248,0,301,20,298,-10,143,0" /><INIT seed="4,0,0,0,2,121" ten="248,321,288,143" oya="0" hai0="71,105,33,111,135,27,117,123,15,90,51,85,24" hai1="103,23,54,134,65,28,125,101,88,68,18,83,50" hai2="108,128,69,107,129,124,118,91,58,21,74,79,11" hai3="99,62,52,4,49,131,30,100,106,110,93,19,3"/><T64/><D123/><U81/><E28/><V34/><F34/><W5/><G131/><T37/><D37/><U20/><E20/><V120/><F120/><W42/><G30/><T61/><D117/><U119/><E119/><V45/><F124/><W122/><G122/><T7/><D135/><U77/><E125/><V70/><F58/><W41/><G3/><T89/><D105/><U55/><E55/><V60/><F91/><W66/><G106/><T102/><D102/><U86/><E65/><V76/><F11/><W67/><G67/><T0/><D0/><U87/><E68/><V133/><F21/><W17/><G110/><T59/><D15/><U40/><E40/><V32/><F108/><W97/><G97/><T75/><D7/><U116/><E134/><V132/><F107/><W92/><G92/><T31/><D24/><N who="1" m="14455" /><E116/><V1/><F118/><W12/><G41/><T114/><D111/><U39/><E39/><V22/><F1/><W130/><G42/><T80/><D75/><U78/><E78/><V9/><F79/><W43/><G43/><T53/><D114/><U26/><E26/><V44/><F76/><AGARI ba="0,0" hai="27,31,33,51,53,59,61,64,71,76,80,85,89,90" machi="76" ten="30,1500,0" yaku="7,1" doraHai="121" who="0" fromWho="2" sc="248,15,321,0,288,-15,143,0" /><INIT seed="4,1,0,5,2,1" ten="263,321,273,143" oya="0" hai0="64,72,66,122,50,27,59,88,62,12,2,134,77" hai1="14,13,106,67,68,78,83,3,8,107,105,53,133" hai2="5,43,131,126,23,26,95,71,128,61,70,19,112" hai3="73,10,132,111,63,15,110,7,135,35,46,124,98"/><T38/><D2/><U33/><E33/><V37/><F112/><W85/><G73/><T82/><D38/><U102/><E53/><V17/><F126/><W24/><G98/><T41/><D122/><U80/><E14/><V48/><F37/><W96/><G96/><T119/><D119/><U79/><E13/><V45/><F95/><W29/><G85/><T103/><D103/><U81/><E133/><N who="3" m="51274" /><G63/><T109/><D109/><N who="3" m="41481" /><G46/><T123/><D123/><U115/><E115/><V86/><F86/><W58/><G58/><T39/><D39/><U75/><E102/><V94/><F94/><W101/><G101/><T32/><D134/><U125/><E125/><AGARI ba="1,0" hai="7,10,15,24,29,35,124,125" m="41481,51274" machi="125" ten="40,8000,1" yaku="20,1,34,2,52,1" doraHai="1" who="3" fromWho="1" sc="263,0,321,-83,273,0,143,83" /><INIT seed="5,0,0,5,1,113" ten="263,238,273,226" oya="1" hai0="14,34,53,19,130,98,69,59,60,84,106,57,44" hai1="4,94,89,62,121,88,37,119,5,115,18,15,47" hai2="40,35,61,12,3,132,31,110,50,124,109,42,55" hai3="120,112,20,27,93,72,56,36,97,17,87,54,64"/><U41/><E121/><V39/><F12/><W114/><G120/><T131/><D34/><U8/><E115/><V70/><F3/><W43/><G72/><T28/><D28/><U26/><E119/><V123/><F31/><W81/><G64/><T82/><D69/><U107/><E107/><V16/><F16/><W96/><G36/><T2/><D2/><U91/><E62/><V73/><F73/><W116/><G116/><T102/><D57/><U32/><E32/><V103/><F103/><W9/><G9/><T85/><D44/><U128/><E128/><N who="0" m="49193" /><D82/><U78/><E78/><V52/><F35/><W101/><G43/><N who="2" m="16425" /><F132/><W46/><G46/><T0/><D0/><U134/><E134/><V13/><F70/><W129/><G129/><T135/><D135/><U118/><E118/><V24/><F123/><W92/><G114/><T25/><D25/><U95/><REACH who="1" step="1"/><E5/><REACH who="1" ten="263,228,273,226" step="2"/><V75/><F61/><W22/><G112/><T79/><D79/><U49/><E49/><V58/><F50/><W63/><G22/><AGARI ba="0,1" hai="14,19,22,53,59,60,84,85,98,102,106" m="49193" machi="22" ten="30,1000,0" yaku="19,1" doraHai="113" who="0" fromWho="3" sc="263,20,228,0,273,0,226,-10" /><AGARI ba="0,0" hai="4,8,15,18,22,26,37,41,47,88,89,91,94,95" machi="22" ten="40,3900,0" yaku="1,1,54,1,53,0" doraHai="113" doraHaiUra="99" who="1" fromWho="3" sc="283,0,228,39,273,0,216,-39" /><INIT seed="5,1,0,2,3,48" ten="283,267,273,177" oya="1" hai0="76,42,54,21,130,101,45,122,59,110,4,119,118" hai1="121,17,28,64,65,60,58,92,10,47,73,74,23" hai2="62,1,123,108,93,32,104,27,87,103,67,75,44" hai3="127,95,22,91,114,81,12,63,0,37,106,34,94"/><U36/><E121/><V126/><F108/><W131/><G37/><T128/><D110/><U113/><E113/><V43/><F1/><W2/><G106/><T50/><D101/><U85/><E28/><V61/><F75/><W134/><G34/><T125/><D4/><U112/><E112/><V71/><F62/><W80/><G114/><T98/><D98/><U116/><E116/><N who="0" m="44585" /><D76/><U6/><E65/><V132/><F126/><W120/><G127/><T46/><D21/><U7/><E47/><N who="0" m="17929" /><D125/><U51/><E36/><V18/><F103/><W24/><G120/><T52/><D122/><U56/><E10/><V19/><F104/><W72/><G72/><T70/><D70/><U35/><E35/><V14/><F71/><W102/><G0/><T41/><D54/><N who="1" m="31839" /><E74/><V90/><F32/><W99/><G2/><T105/><D105/><U84/><E73/><V96/><F123/><W33/><G33/><T133/><D133/><U86/><E92/><V57/><F93/><W38/><G134/><T135/><D135/><U69/><E69/><V107/><F132/><W89/><G102/><T83/><D83/><U100/><E100/><V30/><F107/><W117/><G117/><T97/><D97/><U11/><E11/><V29/><F96/><W82/><G99/><T124/><D124/><U25/><AGARI ba="1,0" hai="6,7,17,23,25,58,60,64,84,85,86" m="31839" machi="25" ten="30,3000,0" yaku="8,1,52,1" doraHai="48" who="1" fromWho="1" sc="283,-11,267,33,273,-11,177,-11" /><INIT seed="5,2,0,2,5,6" ten="272,300,262,166" oya="1" hai0="54,15,80,102,86,83,94,114,93,110,35,121,127" hai1="76,2,49,115,1,96,44,45,133,90,130,13,126" hai2="59,40,47,27,10,129,52,81,11,42,22,71,64" hai3="85,66,109,51,118,69,25,34,117,72,101,60,68"/><U21/><E115/><V84/><F129/><W67/><G72/><T24/><D110/><U46/><E130/><V106/><F106/><W55/><G109/><T92/><D121/><U57/><E133/><V39/><F42/><W50/><G101/><T123/><D114/><U29/><E126/><V3/><F3/><W95/><G95/><T105/><D123/><U113/><E113/><V28/><F64/><W100/><G100/><T37/><D37/><U5/><E76/><V131/><F71/><W107/><G107/><T103/><D80/><U33/><E33/><V73/><F73/><W58/><G85/><T87/><D87/><U62/><E2/><V61/><F131/><W16/><G34/><T65/><D65/><U108/><E1/><V119/><F119/><W128/><G128/><T99/><D103/><U14/><E108/><V82/><F82/><W4/><G4/><T19/><D54/><U75/><E75/><V122/><F122/><W112/><G112/><T30/><D127/><U97/><E90/><AGARI ba="2,0" hai="10,11,22,27,28,39,40,47,52,59,61,81,84,90" machi="90" ten="30,7700,0" yaku="7,1,52,2,54,1" doraHai="6" who="2" fromWho="1" sc="272,0,300,-83,262,83,166,0" /><INIT seed="6,0,0,1,5,87" ten="272,217,345,166" oya="2" hai0="74,3,111,92,95,133,20,49,108,66,124,10,99" hai1="121,77,19,82,101,73,67,25,14,47,33,11,78" hai2="98,71,62,34,63,75,44,43,4,84,104,118,42" hai3="110,22,88,100,46,123,106,23,18,38,27,30,26"/><V53/><F75/><W57/><G123/><T61/><D74/><U93/><E121/><V24/><F4/><W135/><G110/><T90/><D133/><U1/><E78/><V17/><F118/><W117/><G117/><T16/><D124/><U36/><E67/><V79/><F43/><W2/><G2/><T97/><D49/><U80/><E80/><V72/><F84/><W37/><G135/><T113/><D10/><U51/><E101/><V0/><F17/><W76/><G76/><T54/><D3/><U21/><E93/><V83/><F53/><W122/><G122/><T9/><D9/><U114/><E114/><V126/><F63/><W69/><G69/><T85/><D85/><U134/><E134/><V56/><F62/><W102/><G106/><T7/><D7/><U35/><E36/><V116/><F104/><W12/><G38/><T130/><D113/><U5/><REACH who="1" step="1"/><E1/><REACH who="1" ten="272,207,345,166" step="2"/><V48/><F83/><W60/><G37/><T91/><D66/><U29/><E29/><V81/><F81/><W89/><G46/><T132/><D132/><U128/><E128/><V59/><F44/><W13/><G102/><T52/><D130/><U15/><E15/><N who="3" m="5706" /><G100/><T70/><D111/><U109/><E109/><V45/><F79/><W119/><G119/><T94/><D108/><U120/><E120/><V112/><F116/><W39/><G39/><T28/><D97/><U65/><E65/><AGARI ba="0,1" hai="18,22,23,26,27,30,57,60,65,88,89" m="5706" machi="65" ten="30,7700,0" yaku="8,1,52,2,54,1" doraHai="87" who="3" fromWho="1" sc="272,0,207,-77,345,0,166,87" /><INIT seed="7,0,0,2,3,99" ten="272,130,345,253" oya="3" hai0="25,2,88,54,102,40,9,58,71,15,113,94,124" hai1="6,29,110,92,28,87,135,96,76,17,46,79,114" hai2="106,75,66,107,59,63,22,91,39,133,123,64,55" hai3="13,65,127,109,67,105,12,34,7,104,68,73,125"/><W78/><G34/><T95/><D71/><U16/><E114/><V117/><F117/><W41/><G41/><T101/><D2/><U83/><E110/><V38/><F75/><W98/><G68/><T72/><D72/><U35/><E35/><V134/><F91/><W5/><G109/><T36/><D124/><N who="3" m="47689" /><G78/><T93/><D113/><U61/><E135/><N who="2" m="51723" /><F123/><W47/><G47/><T112/><D40/><U121/><E121/><V44/><F22/><W115/><G73/><T129/><D36/><N who="2" m="13866" /><F44/><W18/><G115/><T3/><D112/><U77/><E6/><N who="3" m="2058" /><G98/><T23/><D3/><U1/><E1/><V118/><F118/><W30/><G30/><N who="0" m="17727" /><D129/><U132/><E132/><V50/><F50/><W130/><G130/><T119/><D119/><U31/><E46/><V116/><F116/><W100/><G18/><N who="0" m="8559" /><D88/><N who="1" m="51327" /><E61/><AGARI ba="0,0" hai="54,58,61,93,94,95,101,102" m="8559,17727" machi="61" ten="30,3900,0" yaku="8,1,52,2" doraHai="99" who="0" fromWho="1" sc="272,39,130,-39,345,0,253,0" owari="311,11.0,91,-41.0,345,45.0,253,-15.0" /></mjloggm>