<mjloggm ver="2.3"><GO type="41" lobby="0"/><UN n0="%E3%81%82%E3%81%AA%E3%81%9F%E3%81%AE%E7%A9%BA" n1="%E2%93%9D%53%75%70%68%78" n2="%74%69%6D%61%73%61%6E" n3="%E5%90%89%E7%A5%A5%2E%79%66" dan="14,17,13,15" rate="1922.14,2060.29,1811.94,2004.61" sx="F,M,M,M"/><TAIKYOKU oya="0"/><INIT seed="0,0,0,0,1,68" ten="250,250,250,250" oya="0" hai0="105,69,64,125,25,59,128,119,130,5,14,71,77" hai1="127,89,58,24,50,23,52,115,12,65,1,9,2" hai2="114,63,33,10,116,80,133,43,122,40,53,29,57" hai3="96,135,97,28,94,37,27,61,132,48,67,22,31"/><T16/><D119/><U106/><E127/><V60/><F122/><W66/><G48/><T38/><D125/><U0/><E115/><V51/><F114/><W70/><G67/><T129/><D105/><U49/><E106/><V90/><F133/><W120/><G120/><T112/><D112/><U107/><E107/><V36/><F10/><W95/><G31/><T35/><D77/><U88/><E65/><V99/><F116/><W41/><G95/><T131/><D5/><U109/><E109/><V32/><F43/><W15/><G15/><T20/><N who="0" m="32768" /><DORA hai="102" /><T72/><D72/><U91/><E50/><V82/><F82/><W104/><G104/><T85/><D85/><U39/><E39/><V134/><F134/><N who="3" m="51243" /><G94/><T93/><D93/><U34/><E34/><V21/><F21/><W79/><G79/><T118/><D118/><U86/><E86/><V8/><F8/><W117/><G117/><T92/><D92/><U111/><E111/><V110/><F110/><W78/><G78/><T83/><D83/><U13/><REACH who="1" step="1"/><E9/><REACH who="1" ten="250,240,250,250" step="2"/><V17/><F32/><W123/><G123/><T30/><REACH who="0" step="1"/><D38/><REACH who="0" ten="240,240,250,250" step="2"/><U3/><N who="1" m="256" /><DORA hai="126" /><U108/><E108/><V46/><F36/><W113/><G113/><T62/><AGARI ba="0,2" hai="14,16,20,25,30,35,59,62,64,69,71" m="32768" machi="62" ten="60,24000,3" yaku="1,1,0,1,19,1,52,4,54,1,53,0" doraHai="68,102,126" doraHaiUra="103,84,42" who="0" fromWho="0" sc="240,260,240,-80,250,-80,250,-80" /><INIT seed="0,1,0,0,2,117" ten="500,160,170,170" oya="0" hai0="82,89,94,128,13,113,122,73,102,104,11,20,35" hai1="6,24,8,34,120,81,132,79,99,43,25,119,125" hai2="2,124,115,100,39,121,26,75,134,96,37,0,78" hai3="44,74,77,84,16,1,5,98,91,76,106,27,70"/><T51/><D113/><U9/><E119/><V54/><F115/><W30/><G70/><T109/><D35/><U123/><E43/><V126/><F54/><W133/><G133/><T83/><D128/><U97/><E132/><V66/><F66/><W45/><G5/><T52/><D20/><U40/><E40/><V131/><F26/><W62/><G1/><T87/><D109/><U33/><E81/><V47/><F131/><W110/><G110/><T60/><D60/><U41/><E41/><V93/><F134/><W14/><G62/><T111/><D111/><U112/><E112/><V86/><F86/><W90/><G74/><T135/><D135/><U19/><E79/><V46/><F78/><W7/><G7/><T114/><D114/><U12/><E125/><V118/><F75/><W127/><G127/><T48/><D48/><U3/><E99/><V130/><F130/><W61/><G61/><T32/><D32/><N who="1" m="12395" /><E97/><V80/><F80/><N who="3" m="47119" /><G76/><T57/><D73/><U28/><E25/><V53/><F118/><W95/><G91/><T69/><D69/><U63/><E63/><V88/><F100/><W101/><G101/><T56/><D102/><U38/><E38/><V36/><F36/><W58/><G27/><T85/><D104/><U92/><E92/><V21/><F93/><W50/><G30/><T68/><D68/><U67/><E67/><V103/><F103/><W10/><G106/><T55/><D122/><U42/><E42/><V49/><F121/><W29/><G29/><T22/><D22/><AGARI ba="1,0" hai="3,6,8,9,12,19,22,24,28,120,123" m="12395" machi="22" ten="30,7700,0" yaku="34,2,52,2" doraHai="117" who="1" fromWho="0" sc="500,-80,160,80,170,0,170,0" /><INIT seed="1,0,0,4,3,89" ten="420,240,170,170" oya="1" hai0="50,52,53,87,125,69,119,16,124,27,128,60,12" hai1="102,85,96,38,84,35,32,121,109,56,62,116,34" hai2="74,115,120,99,68,123,22,86,75,33,58,131,55" hai3="31,10,43,91,94,26,82,14,67,42,44,105,30"/><U4/><E116/><V134/><F68/><W25/><G105/><T130/><D119/><U11/><E38/><V114/><F33/><W1/><G1/><T72/><D72/><N who="2" m="27690" /><F22/><W23/><G67/><N who="0" m="41191" /><D87/><U61/><E121/><N who="2" m="46667" /><F134/><W51/><G82/><T79/><D79/><U98/><E109/><V0/><F0/><W65/><G65/><T107/><D107/><U21/><E21/><V129/><F58/><W17/><G42/><T118/><D118/><U95/><E62/><V36/><F55/><N who="0" m="21066" /><D27/><U132/><E132/><V113/><F36/><W13/><G13/><T20/><D50/><U9/><E61/><V135/><F135/><W112/><G112/><T24/><D24/><N who="3" m="9321" /><G23/><T127/><AGARI ba="0,0" hai="12,16,20,124,125,127,128,130" m="21066,41191" machi="127" ten="40,5200,0" yaku="18,1,54,2" doraHai="89" who="0" fromWho="0" sc="420,52,240,-26,170,-13,170,-13" /><INIT seed="2,0,0,1,1,74" ten="472,214,157,157" oya="2" hai0="103,82,134,97,106,16,8,73,115,3,71,22,89" hai1="51,59,23,116,35,56,36,66,54,126,39,30,114" hai2="101,12,9,55,121,21,29,37,13,33,91,80,60" hai3="20,132,105,11,38,45,42,40,4,10,113,57,44"/><V64/><F37/><W104/><G132/><T128/><D115/><U63/><E35/><V68/><F33/><W52/><G113/><T0/><D128/><U100/><E114/><V107/><F121/><W25/><G11/><T15/><D71/><U1/><E1/><V50/><F9/><W125/><G125/><T6/><D134/><U79/><E116/><V83/><F83/><W93/><G93/><T75/><D3/><U78/><E126/><V47/><F101/><W53/><G53/><T127/><D127/><U99/><E39/><V18/><F107/><W76/><G76/><T119/><REACH who="0" step="1"/><D119/><REACH who="0" ten="462,214,157,157" step="2"/><U85/><E36/><V112/><F112/><W81/><G105/><T27/><D27/><N who="1" m="16767" /><E85/><AGARI ba="0,1" hai="0,6,8,15,16,22,73,75,82,85,89,97,103,106" machi="85" ten="40,5200,0" yaku="1,1,54,1,53,1" doraHai="74" doraHaiUra="5" who="0" fromWho="1" sc="462,62,214,-52,157,0,157,0" /><INIT seed="3,0,0,0,3,50" ten="524,162,157,157" oya="3" hai0="107,51,112,65,111,55,100,95,49,104,14,105,108" hai1="127,57,97,64,16,7,133,70,37,120,131,39,85" hai2="42,134,34,26,128,83,59,33,71,41,20,13,52" hai3="2,87,125,102,47,12,92,25,76,82,78,60,101"/><W11/><G2/><T72/><D72/><U28/><E120/><V8/><F71/><W110/><G125/><T9/><D65/><U69/><E28/><V118/><F118/><W84/><G110/><N who="0" m="42027" /><D112/><U1/><E131/><V15/><F128/><W109/><G109/><T4/><D100/><U74/><E133/><V67/><F67/><W119/><G119/><T22/><D22/><U63/><E74/><V21/><F134/><W116/><G116/><T66/><D66/><U73/><E73/><V123/><F123/><W27/><G60/><T48/><D95/><U0/><E127/><V106/><F106/><N who="0" m="27138" /><T122/><DORA hai="43" /><D122/><U32/><E70/><V114/><F114/><W58/><G58/><AGARI ba="0,0" hai="4,9,14,48,49,51,55,58" m="27138,42027" machi="58" ten="40,2600,0" yaku="14,1,52,1" doraHai="50,43" who="0" fromWho="3" sc="524,26,162,0,157,0,157,-26" /><INIT seed="4,0,0,3,1,21" ten="550,162,157,131" oya="0" hai0="86,65,22,56,66,3,114,68,17,126,32,115,51" hai1="58,84,91,132,34,130,113,60,19,76,57,103,70" hai2="40,75,116,135,25,128,111,112,53,61,101,35,110" hai3="50,109,127,15,0,46,104,13,49,10,47,123,94"/><T12/><D3/><U119/><E119/><V31/><F75/><W14/><G104/><T54/><D126/><U134/><E76/><V43/><F112/><N who="0" m="43050" /><D32/><U89/><E130/><V133/><F128/><W24/><G109/><T125/><D125/><U11/><E103/><V95/><F116/><W99/><G123/><T18/><D18/><U93/><E34/><V78/><F78/><W6/><G127/><T9/><D9/><U62/><E70/><V48/><F61/><W38/><G38/><T30/><D30/><U71/><E71/><V20/><F35/><W27/><G47/><T122/><D122/><U82/><E113/><V98/><F43/><W1/><G1/><T67/><D86/><U55/><E11/><V124/><F40/><W16/><G16/><T129/><D129/><U74/><E19/><V87/><F87/><W2/><G2/><T107/><D107/><U88/><E74/><V4/><F4/><W64/><G64/><N who="0" m="16387" /><T117/><DORA hai="44" /><D117/><U63/><E84/><V105/><F105/><W80/><G80/><T37/><D37/><U92/><E82/><V23/><F23/><W85/><G85/><T96/><D96/><U79/><E79/><V121/><F121/><W100/><REACH who="3" step="1"/><G46/><REACH who="3" ten="550,162,157,121" step="2"/><T42/><D42/><U102/><E93/><V33/><F124/><W106/><G106/><T77/><D77/><U90/><E92/><V83/><F83/><W69/><G69/><AGARI ba="0,1" hai="12,17,22,51,54,56,68,69" m="16387,43050" machi="69" ten="40,3900,0" yaku="15,1,52,1" doraHai="21,44" who="0" fromWho="3" sc="550,49,162,0,157,0,121,-39" /><INIT seed="4,1,0,5,4,14" ten="599,162,157,82" oya="0" hai0="122,60,80,25,22,51,52,104,83,121,23,55,5" hai1="82,31,77,103,112,40,105,17,24,119,34,84,109" hai2="120,32,36,134,57,65,4,19,21,71,99,45,47" hai3="79,30,11,78,3,89,26,128,41,130,38,12,53"/><T39/><D104/><U117/><E109/><V127/><F32/><W129/><G3/><T29/><D39/><U123/><E123/><V113/><F120/><W132/><G132/><T118/><D118/><U66/><E40/><V7/><F71/><W85/><G53/><T87/><D5/><U102/><E112/><V97/><F21/><W10/><G41/><T20/><D60/><U68/><E103/><V1/><F113/><W16/><G10/><T35/><D83/><U108/><E17/><V37/><F127/><W58/><G58/><T70/><D70/><U64/><E108/><V46/><F57/><W59/><G59/><T86/><D86/><U135/><E135/><V116/><F65/><W92/><REACH who="3" step="1"/><G38/><REACH who="3" ten="599,162,157,72" step="2"/><T95/><D55/><U69/><E69/><V115/><F115/><W88/><G88/><T49/><D49/><U9/><E9/><V74/><F1/><W94/><G94/><T76/><REACH who="0" step="1"/><D95/><REACH who="0" ten="589,162,157,72" step="2"/><U73/><E68/><V90/><F134/><W63/><G63/><T15/><D15/><U75/><E119/><V125/><F37/><W50/><G50/><T96/><D96/><U98/><E117/><V131/><F116/><W91/><G91/><T43/><D43/><U13/><E13/><V107/><F90/><W42/><G42/><T106/><D106/><U56/><E66/><V33/><F107/><W110/><G110/><T124/><D124/><U18/><E64/><V61/><F125/><W27/><G27/><T93/><D93/><U126/><E126/><V114/><F33/><AGARI ba="1,2" hai="11,12,16,26,30,33,78,79,85,89,92,128,129,130" machi="33" ten="40,8000,1" yaku="1,1,19,1,52,1,54,1,53,1" doraHai="14" doraHaiUra="81" who="3" fromWho="2" sc="589,0,162,0,157,-83,72,103" /><INIT seed="5,0,0,3,3,55" ten="589,162,74,175" oya="1" hai0="98,1,44,23,92,37,110,130,45,104,19,135,105" hai1="69,64,119,87,13,8,29,24,0,56,132,134,126" hai2="30,113,32,84,120,86,91,83,31,96,79,131,20" hai3="102,66,14,76,111,114,68,54,74,133,93,28,65"/><U121/><E119/><V82/><F120/><W25/><G111/><T63/><D1/><U12/><E69/><V57/><F131/><W75/><G68/><T85/><D110/><U40/><E40/><V15/><F32/><W72/><G114/><T5/><D5/><U123/><E87/><V52/><F113/><W73/><G133/><N who="1" m="51306" /><E126/><V77/><F91/><W48/><G14/><N who="1" m="5738" /><E64/><V26/><F96/><W34/><G76/><T4/><D4/><N who="1" m="1031" /><E56/><V58/><F15/><W41/><G41/><T95/><D135/><U61/><E61/><V129/><F129/><W106/><G106/><T78/><D37/><U122/><E122/><V89/><F89/><W9/><G9/><T36/><D130/><U117/><E117/><V6/><F6/><W18/><G102/><T94/><D36/><U100/><E100/><V128/><F128/><W7/><G7/><T38/><D38/><U33/><AGARI ba="0,0" hai="24,29,33,121,123" m="1031,5738,51306" machi="33" ten="30,6000,0" yaku="20,1,34,2" doraHai="55" who="1" fromWho="1" sc="589,-20,162,60,74,-20,175,-20" /><INIT seed="5,1,0,1,5,18" ten="569,222,54,155" oya="1" hai0="83,13,62,133,108,82,102,26,112,0,125,45,44" hai1="106,31,119,72,78,55,12,71,116,93,130,101,86" hai2="37,36,129,30,53,6,14,43,60,128,91,123,56" hai3="121,132,94,23,84,88,63,35,48,122,131,75,113"/><U114/><E71/><V124/><F30/><W59/><G35/><T10/><D108/><U77/><E12/><V134/><F123/><W27/><G75/><T70/><D0/><U33/><E55/><V50/><F91/><W7/><G7/><T110/><D110/><U66/><E66/><V74/><F14/><W107/><G113/><T97/><D112/><U80/><E33/><V117/><F117/><N who="1" m="45129" /><E31/><V111/><F74/><W49/><G107/><T127/><D133/><U58/><E58/><V22/><F6/><W39/><G132/><T90/><D26/><U76/><E130/><N who="2" m="50283" /><F134/><W79/><G39/><N who="2" m="14921" /><F22/><W73/><G131/><T64/><D10/><U51/><E114/><V5/><F5/><W46/><G122/><T34/><D34/><U25/><E25/><V16/><F111/><W41/><G73/><T3/><D3/><U40/><E78/><V32/><F32/><W118/><G79/><T81/><D13/><U57/><E77/><V68/><F124/><N who="0" m="47690" /><D90/><U61/><E72/><V52/><F68/><W96/><G118/><T11/><D11/><U67/><E76/><V103/><F103/><W9/><G9/><T24/><D24/><U4/><E101/><V29/><F29/><N who="3" m="17663" /><G96/><T92/><AGARI ba="1,0" hai="44,45,62,64,70,81,82,83,92,97,102" m="47690" machi="92" ten="30,1100,0" yaku="18,1" doraHai="18" who="0" fromWho="0" sc="569,14,222,-6,54,-4,155,-4" /><INIT seed="6,0,0,4,4,43" ten="583,216,50,151" oya="2" hai0="56,135,10,79,21,67,26,36,9,77,101,6,118" hai1="122,25,60,45,81,114,83,113,1,69,98,40,49" hai2="17,54,62,39,8,127,24,84,80,38,42,2,31" hai3="7,33,129,134,87,90,58,23,74,95,78,12,53"/><V72/><F127/><W128/><G33/><T125/><D118/><U103/><E1/><V112/><F112/><N who="1" m="43113" /><E122/><V115/><F115/><W16/><G134/><T94/><D125/><U52/><E25/><V85/><F39/><W0/><G74/><T86/><D36/><U131/><E131/><V124/><F124/><W120/><G120/><T65/><D135/><U29/><E29/><V93/><F93/><W63/><G78/><N who="0" m="29707" /><D6/><U117/><E117/><V116/><F116/><W11/><AGARI ba="0,0" hai="0,7,11,12,16,23,53,58,63,87,90,95,128,129" machi="11" ten="30,2000,0" yaku="0,1,54,1" doraHai="43" who="3" fromWho="3" sc="583,-5,216,-5,50,-10,151,20" /><INIT seed="7,0,0,1,0,42" ten="578,211,40,171" oya="3" hai0="130,86,13,105,117,68,36,101,19,99,28,96,123" hai1="51,11,59,43,55,103,115,18,5,107,109,135,83" hai2="75,116,40,63,70,45,120,16,113,0,8,126,90" hai3="37,65,62,128,74,78,54,72,131,34,124,57,112"/><W15/><G34/><T93/><D36/><U81/><E109/><V71/><F116/><W58/><G112/><T25/><D68/><U125/><E135/><V23/><F120/><W44/><G124/><T17/><D123/><U127/><E18/><V49/><F75/><W98/><G98/><T20/><D117/><U118/><E43/><V77/><F113/><W76/><G15/><T106/><D130/><N who="3" m="49705" /><G37/><T69/><D69/><U94/><E107/><V79/><F126/><N who="1" m="48137" /><E115/><V56/><F71/><W133/><G133/><T102/><D13/><N who="1" m="5359" /><E118/><V9/><F70/><W2/><G2/><T7/><D7/><U108/><E108/><V48/><F0/><W53/><G72/><T121/><D121/><U119/><E119/><V60/><F60/><N who="3" m="35895" /><G74/><T64/><D64/><U92/><E103/><V110/><F110/><W95/><G95/><AGARI ba="0,0" hai="51,55,59,81,83,92,94,95" m="5359,48137" machi="95" ten="30,1000,0" yaku="18,1" doraHai="42" who="1" fromWho="3" sc="578,0,211,10,40,0,171,-10" owari="578,68.0,221,2.0,40,-46.0,161,-24.0" /></mjloggm>