<mjloggm ver="2.3"><GO type="41" lobby="0"/><UN n0="%65%6B%61%72%75%74%65" n1="%E2%93%9D%53%75%70%68%78" n2="%E7%B4%AC%E3%83%B4%E3%82%A7%E3%83%B3%E3%83%80%E3%83%BC%E3%82%B9" n3="%69%74%61%2D%70" dan="15,18,13,15" rate="2029.96,2132.16,2005.77,2008.97" sx="M,M,F,M"/><TAIKYOKU oya="0"/><INIT seed="0,0,0,4,0,123" ten="250,250,250,250" oya="0" hai0="133,50,46,17,107,80,100,40,63,14,109,41,129" hai1="8,131,13,12,2,28,6,90,108,10,87,74,127" hai2="66,54,81,134,37,106,84,47,83,121,65,117,36" hai3="39,93,70,119,82,32,0,95,23,79,7,135,96"/><T67/><D129/><U101/><E74/><V114/><F121/><W130/><G119/><T99/><D133/><U53/><E101/><V57/><F114/><W5/><G130/><T125/><D125/><U71/><E71/><V9/><F134/><W97/><G135/><T30/><D30/><U76/><E76/><V35/><F35/><W105/><G70/><T60/><D41/><U58/><E127/><V110/><F106/><W126/><G39/><T85/><D67/><U56/><E28/><V22/><F9/><W61/><G32/><T64/><D64/><U124/><E2/><V102/><F102/><W16/><G61/><T112/><D112/><U1/><E1/><V113/><F113/><W52/><G52/><T88/><REACH who="0" step="1"/><D109/><REACH who="0" ten="240,250,250,250" step="2"/><U68/><E108/><V78/><F110/><W44/><G126/><T116/><D116/><U11/><E131/><V89/><F117/><W4/><G0/><T62/><D62/><U120/><E124/><V55/><F66/><W72/><G105/><T42/><D42/><U19/><E120/><V15/><F65/><W38/><G38/><T59/><D59/><U98/><E68/><V91/><F57/><W21/><G44/><T49/><D49/><N who="1" m="30767" /><E58/><V33/><F47/><W104/><G104/><T115/><D115/><U122/><E122/><V77/><F36/><W111/><G111/><T94/><D94/><N who="1" m="54623" /><E98/><N who="3" m="37994" /><G95/><T27/><D27/><U34/><E34/><V51/><F37/><W128/><G93/><T45/><D45/><U73/><E73/><V75/><F75/><W118/><G128/><T132/><D132/><U69/><E69/><RYUUKYOKU ba="0,1" sc="240,15,250,15,250,-15,250,-15" hai0="14,17,40,46,50,60,63,80,85,88,99,100,107" hai1="6,8,10,11,12,13,19" /><INIT seed="0,1,1,1,1,104" ten="255,265,235,235" oya="0" hai0="112,120,79,98,87,128,100,93,127,83,109,47,99" hai1="20,46,58,67,40,103,121,27,134,30,25,29,77" hai2="23,11,80,49,108,116,110,14,125,36,131,86,64" hai3="122,94,62,95,45,106,96,12,31,130,68,65,13"/><T97/><D112/><U132/><E121/><V41/><F36/><W35/><G122/><T43/><D120/><U15/><E103/><V76/><F125/><W10/><G130/><T92/><D128/><U18/><E77/><V75/><F131/><W101/><G45/><T19/><D127/><U124/><E58/><V71/><F23/><W53/><G53/><T89/><D19/><U133/><E67/><V90/><F64/><W8/><G13/><T63/><D63/><U33/><E124/><V37/><F37/><W126/><G126/><T113/><D113/><U52/><E52/><V1/><F1/><W4/><REACH who="3" step="1"/><G8/><REACH who="3" ten="255,265,235,225" step="2"/><T91/><D109/><U69/><E46/><V5/><F110/><W6/><G6/><T129/><D129/><U88/><E40/><V50/><F108/><W28/><G28/><T9/><D9/><U24/><E30/><V115/><F41/><W70/><G70/><T119/><D119/><U0/><E69/><V105/><F71/><W84/><G84/><N who="0" m="52263" /><D47/><U135/><E135/><V34/><F115/><W82/><G82/><N who="0" m="49655" /><D43/><U16/><E0/><V81/><F116/><W21/><G21/><T22/><D22/><N who="1" m="13383" /><E27/><AGARI ba="1,2" hai="4,10,12,27,31,35,62,65,68,94,95,96,101,106" machi="27" ten="40,5200,0" yaku="1,1,25,2,53,0" doraHai="104" doraHaiUra="73" who="3" fromWho="1" sc="255,0,265,-55,235,0,225,75" /><INIT seed="1,0,0,4,3,135" ten="255,210,235,300" oya="1" hai0="112,129,110,119,65,9,91,37,29,59,51,63,26" hai1="13,113,66,85,28,128,4,80,94,134,21,78,56" hai2="18,5,40,16,96,64,103,36,127,111,39,17,90" hai3="10,116,22,20,1,68,41,86,31,33,102,50,58"/><U93/><E113/><V88/><F111/><W8/><G68/><T38/><D112/><U24/><E128/><V118/><F118/><W48/><G116/><T122/><D129/><U35/><E134/><V104/><F127/><W81/><G102/><T34/><D110/><U105/><E105/><V133/><F133/><W30/><G33/><T11/><D119/><U74/><E74/><V7/><F64/><W14/><G1/><T123/><D91/><U89/><E35/><V69/><F69/><W101/><G101/><T131/><D131/><U0/><E0/><V71/><F71/><W25/><G41/><T79/><D79/><U44/><E44/><V100/><F100/><W19/><G58/><T47/><D38/><U62/><REACH who="1" step="1"/><E89/><REACH who="1" ten="255,200,235,300" step="2"/><V99/><F90/><N who="3" m="51535" /><G8/><AGARI ba="0,1" hai="4,8,13,21,24,28,56,62,66,78,80,85,93,94" machi="8" ten="40,3900,0" yaku="1,1,8,1,53,0" doraHai="135" doraHaiUra="98" who="1" fromWho="3" sc="255,0,200,49,235,0,300,-39" /><INIT seed="1,1,0,3,4,122" ten="255,249,235,261" oya="1" hai0="54,96,114,127,21,2,34,0,91,49,6,41,38" hai1="7,129,97,32,33,116,94,75,3,93,29,80,73" hai2="132,130,14,64,125,27,48,92,95,15,52,86,134" hai3="72,121,119,50,67,110,11,79,120,85,36,78,4"/><U63/><E116/><V22/><F125/><W84/><G110/><T123/><D114/><U76/><E129/><V58/><F64/><W135/><G119/><T117/><D34/><U17/><E17/><V26/><F130/><W74/><G135/><N who="2" m="51753" /><F27/><W124/><G124/><T56/><D123/><U43/><E75/><V100/><F100/><W77/><G67/><T57/><D117/><U108/><E94/><N who="2" m="35883" /><F86/><W62/><G62/><T68/><D68/><U101/><E63/><V45/><F45/><W13/><G36/><T88/><D96/><U20/><E33/><V39/><F39/><W24/><G24/><T46/><D127/><U55/><E32/><V70/><F70/><W1/><G120/><T109/><D57/><U107/><E101/><V37/><F37/><W8/><G121/><T115/><D38/><U112/><E97/><V90/><F90/><W65/><G65/><T12/><D88/><U126/><E126/><V66/><F66/><W82/><G50/><T53/><D91/><U113/><E113/><V89/><F89/><W102/><G102/><T98/><D56/><U28/><E112/><V118/><F118/><W61/><G61/><T51/><D51/><U71/><E71/><V16/><AGARI ba="1,0" hai="14,15,16,22,26,48,52,58" m="35883,51753" machi="16" ten="30,4000,0" yaku="20,1,54,2" doraHai="122" who="2" fromWho="2" sc="255,-11,249,-21,235,43,261,-11" /><INIT seed="2,0,0,3,3,33" ten="244,228,278,250" oya="2" hai0="22,82,102,29,123,48,34,115,27,120,46,15,135" hai1="124,134,88,26,44,87,63,37,130,67,77,19,114" hai2="131,23,9,110,5,18,68,30,41,95,58,78,69" hai3="128,127,47,113,96,94,21,104,97,49,93,38,36"/><V51/><F131/><W89/><G128/><T125/><D115/><U79/><E114/><V119/><F119/><W116/><G116/><T84/><D102/><U132/><E130/><V70/><F30/><W64/><G104/><T133/><D15/><U90/><E124/><V24/><F110/><W50/><G127/><T80/><D34/><U62/><E44/><V16/><F78/><W17/><G64/><T14/><D14/><U55/><E55/><V2/><F95/><W107/><G107/><T53/><D82/><U117/><E37/><V3/><F18/><W60/><G60/><T99/><D99/><U28/><E19/><V108/><F108/><W126/><G126/><T40/><D53/><U81/><E63/><V106/><F106/><W105/><G105/><T118/><D118/><U0/><E79/><V103/><F103/><W112/><G47/><T101/><D101/><U1/><E117/><V39/><F39/><W54/><G54/><T75/><D75/><U109/><E109/><V25/><F25/><W8/><G8/><T100/><D100/><U72/><E90/><V66/><F58/><W13/><G38/><T43/><D43/><U76/><E76/><V52/><F66/><W10/><G36/><T35/><D35/><N who="1" m="20887" /><E77/><V91/><F91/><N who="3" m="55359" /><G21/><T129/><D129/><U11/><E72/><V83/><F83/><W12/><G12/><T31/><D125/><U56/><E11/><V92/><F92/><W7/><G17/><T61/><D31/><U98/><E98/><V57/><F41/><W42/><G42/><T121/><D61/><U74/><E74/><RYUUKYOKU ba="0,0" sc="244,0,228,0,278,0,250,0" hai0="22,27,29,40,46,48,80,84,120,121,123,133,135" hai1="0,1,56,62,67,81,87,88,132,134" hai2="2,3,5,9,16,23,24,51,52,57,68,69,70" hai3="7,10,13,49,50,89,94,97,112,113" /><INIT seed="2,1,0,0,2,78" ten="244,228,278,250" oya="2" hai0="102,60,84,56,87,31,116,120,90,117,112,7,89" hai1="49,67,115,72,77,113,58,122,107,10,45,88,86" hai2="2,135,57,51,37,48,22,105,42,36,133,59,35" hai3="126,9,33,52,97,4,1,109,17,92,41,96,55"/><V128/><F35/><W101/><G109/><T118/><D112/><U131/><E107/><V39/><F2/><W103/><G126/><T38/><D38/><U76/><E131/><V123/><F105/><W21/><G41/><T64/><D120/><U124/><E72/><V3/><F3/><W93/><REACH who="3" step="1"/><G33/><REACH who="3" ten="244,228,278,240" step="2"/><T83/><D116/><U125/><E115/><V26/><F123/><W32/><G32/><T25/><D117/><U121/><E113/><V132/><F128/><W106/><G106/><T95/><D118/><U75/><E122/><V14/><F42/><W82/><G82/><T0/><D102/><U68/><E121/><V16/><REACH who="2" step="1"/><F26/><AGARI ba="1,1" hai="1,4,9,17,21,26,52,55,92,93,96,97,101,103" machi="26" ten="30,8000,1" yaku="1,1,7,1,9,1,54,1,53,1" doraHai="78" doraHaiUra="15" who="3" fromWho="2" sc="244,0,228,0,278,-83,240,93" /><INIT seed="3,0,0,0,0,124" ten="244,228,195,333" oya="3" hai0="2,103,94,84,60,90,80,61,112,59,95,68,38" hai1="105,108,135,100,29,85,50,93,13,125,89,35,25" hai2="83,132,54,66,0,131,15,48,75,47,65,69,97" hai3="101,129,73,86,45,22,41,20,116,33,120,62,36"/><W77/><G116/><T39/><D2/><U14/><E108/><V91/><F0/><W106/><G120/><T9/><D112/><U63/><E135/><V87/><F132/><W126/><G126/><T6/><D68/><U19/><E125/><V133/><F133/><W44/><G33/><T111/><D111/><U99/><E50/><V123/><F123/><W107/><G73/><T21/><D21/><U88/><E19/><V81/><F69/><W104/><G62/><T34/><D34/><U52/><REACH who="1" step="1"/><E89/><REACH who="1" ten="244,218,195,333" step="2"/><V8/><F91/><W70/><G36/><T79/><D39/><U37/><E37/><V67/><F48/><W102/><G41/><T31/><D38/><U40/><E40/><V109/><F109/><W127/><G127/><T11/><D90/><U10/><E10/><V58/><F8/><W64/><G45/><T3/><D11/><U74/><E74/><V130/><F47/><W134/><G44/><T122/><D122/><U57/><AGARI ba="0,1" hai="13,14,25,29,35,52,57,63,85,88,93,99,100,105" machi="57" ten="30,7900,0" yaku="1,1,0,1,54,2,53,0" doraHai="124" doraHaiUra="128" who="1" fromWho="1" sc="244,-20,218,89,195,-20,333,-39" /><INIT seed="4,0,0,4,2,93" ten="224,307,175,294" oya="0" hai0="24,23,101,102,65,14,26,8,98,121,99,96,115" hai1="28,74,72,126,79,132,134,108,30,38,44,86,10" hai2="48,12,18,114,22,33,109,69,40,78,131,68,120" hai3="17,85,35,57,11,76,13,41,53,39,113,45,82"/><T123/><D115/><U36/><E126/><V29/><F109/><W27/><G113/><T111/><D111/><U51/><E86/><V84/><F120/><W77/><G35/><T3/><D3/><U89/><E89/><V58/><F114/><W112/><G112/><T5/><D65/><U83/><E10/><V106/><F131/><W6/><G27/><T119/><D119/><U107/><E107/><V37/><F37/><N who="1" m="14441" /><E74/><V47/><F106/><W75/><G75/><T118/><D118/><U70/><E70/><V20/><F33/><W59/><G59/><T122/><REACH who="0" step="1"/><D26/><REACH who="0" ten="214,307,175,294" step="2"/><U49/><E108/><V94/><F69/><W129/><G129/><T42/><D42/><U100/><E134/><V127/><F68/><W19/><G76/><T73/><D73/><U95/><E132/><V104/><F78/><W125/><G125/><T67/><D67/><U90/><E79/><V31/><F40/><W116/><G116/><T52/><D52/><U63/><E72/><V128/><F127/><W56/><G56/><T16/><AGARI ba="0,1" hai="5,8,14,16,23,24,96,98,99,101,102,121,122,123" machi="16" ten="40,18000,2" yaku="1,1,0,1,52,3,54,1,53,0" doraHai="93" doraHaiUra="54" who="0" fromWho="0" sc="214,190,307,-60,175,-60,294,-60" /><INIT seed="4,1,0,0,0,68" ten="404,247,115,234" oya="0" hai0="57,53,11,69,102,26,123,3,129,42,24,75,91" hai1="127,22,108,71,133,43,59,93,79,89,31,29,10" hai2="80,92,132,111,109,121,46,52,122,49,60,1,20" hai3="28,87,110,88,66,106,21,135,18,83,116,34,16"/><T61/><D123/><U107/><E108/><V4/><F132/><W8/><G110/><T118/><D118/><U62/><E107/><V47/><F1/><W90/><G116/><T73/><D129/><U78/><E71/><V64/><F4/><W0/><G106/><T134/><D134/><U13/><E43/><V103/><F80/><W100/><G100/><T30/><D102/><U6/><E127/><V119/><F119/><W120/><G135/><T15/><D3/><U25/><E31/><V70/><F111/><W56/><G120/><T67/><D42/><U41/><E41/><V33/><F33/><W35/><G35/><T82/><D91/><U40/><E40/><V27/><F109/><W37/><G37/><T72/><D82/><U131/><E131/><V44/><F103/><W81/><G34/><T98/><D98/><N who="1" m="57647" /><E133/><V84/><F84/><N who="3" m="50191" /><G0/><T77/><D77/><U95/><E95/><V12/><F92/><W128/><G8/><T32/><D26/><U36/><E36/><V2/><F12/><W112/><G112/><T117/><D117/><U19/><E29/><V5/><F5/><W58/><G128/><T23/><D32/><U113/><E113/><V14/><F14/><W63/><G56/><T94/><D94/><U104/><E104/><V54/><F2/><W51/><G51/><N who="0" m="30911" /><D72/><U124/><E124/><V45/><REACH who="2" step="1"/><F54/><AGARI ba="1,0" hai="6,10,13,19,22,25,54,59,62,78,79" m="57647" machi="54" ten="30,2000,0" yaku="25,1,8,1" doraHai="68" who="1" fromWho="2" sc="404,0,247,23,115,-23,234,0" /><INIT seed="5,0,0,4,1,34" ten="404,270,92,234" oya="1" hai0="10,106,81,88,32,125,21,19,104,119,51,92,87" hai1="108,94,110,16,15,99,31,82,55,53,45,101,122" hai2="127,46,14,71,116,36,112,68,126,80,84,28,59" hai3="83,79,93,43,131,60,2,48,20,132,24,23,86"/><U26/><E122/><V8/><F116/><W50/><G2/><T134/><D119/><U56/><E45/><V40/><F28/><W76/><G132/><T120/><D32/><U47/><E47/><V41/><F41/><W4/><G131/><T73/><D120/><U72/><E82/><V96/><F112/><W44/><G4/><T129/><D129/><U98/><E72/><V25/><F25/><W95/><G76/><T74/><D10/><U97/><E55/><V11/><F11/><W118/><G118/><T117/><D125/><U67/><E67/><V135/><F135/><W18/><G50/><T63/><D51/><U61/><E26/><V103/><F59/><W65/><REACH who="3" step="1"/><G23/><REACH who="3" ten="404,270,92,224" step="2"/><T115/><D21/><N who="1" m="11423" /><E31/><V109/><F126/><W111/><G111/><AGARI ba="0,1" hai="53,56,61,94,97,98,99,101,108,110,111" m="11423" machi="111" ten="30,2900,0" yaku="10,1,54,1" doraHai="34" who="1" fromWho="3" sc="404,0,270,39,92,0,224,-29" /><INIT seed="5,1,0,1,3,5" ten="404,309,92,195" oya="1" hai0="7,83,30,86,78,8,52,108,114,27,70,4,41" hai1="94,32,76,26,54,10,80,14,51,102,21,74,64" hai2="127,39,42,6,2,99,1,50,79,66,104,46,19" hai3="59,107,29,9,69,109,56,55,88,61,3,112,131"/><U25/><E32/><V85/><F127/><W16/><G109/><T73/><D108/><U120/><E120/><V115/><F115/><W63/><G107/><T75/><D70/><U116/><E116/><V33/><F33/><W36/><G36/><T135/><D114/><U58/><E64/><V45/><F66/><W35/><G69/><T71/><D71/><U95/><E102/><V67/><F67/><N who="3" m="39335" /><G35/><T101/><D135/><U68/><E68/><V134/><F134/><W22/><G3/><T125/><D41/><U133/><E133/><V72/><F72/><W124/><G131/><T12/><D7/><U38/><E38/><V28/><F28/><W91/><G124/><T87/><D75/><U23/><E23/><V15/><F6/><W60/><G60/><T20/><D125/><U43/><E43/><V129/><F129/><W122/><G122/><T117/><D117/><U119/><E119/><V13/><F13/><N who="3" m="7215" /><G112/><T24/><D27/><AGARI ba="1,0" hai="22,27,29,55,59,63,88,91" m="7215,39335" machi="27" ten="30,7700,0" yaku="8,1,52,1,54,2" doraHai="5" who="3" fromWho="0" sc="404,-80,309,0,92,0,195,80" /><INIT seed="6,0,0,4,4,112" ten="324,309,92,275" oya="2" hai0="26,37,2,90,93,25,91,118,99,125,89,6,69" hai1="1,48,74,16,50,7,43,24,58,32,59,105,130" hai2="84,18,110,77,109,116,29,57,21,30,82,49,9" hai3="86,121,19,11,63,4,54,81,61,0,44,42,117"/><V3/><F116/><W79/><G121/><T55/><D69/><U127/><E105/><V71/><F71/><W39/><G117/><T122/><D37/><U35/><E74/><V27/><F3/><W66/><G54/><T114/><D122/><U87/><E7/><V65/><F9/><W134/><G134/><T92/><D125/><U15/><E130/><V8/><F8/><W123/><G123/><T83/><D2/><U119/><E119/><V70/><F70/><W51/><G19/><T133/><D6/><U106/><E106/><V56/><F56/><W34/><G34/><T23/><D114/><U97/><E97/><V73/><F73/><W33/><G33/><T47/><D133/><U5/><E5/><V12/><F12/><W52/><REACH who="3" step="1"/><G66/><REACH who="3" ten="324,309,92,265" step="2"/><T38/><D55/><U132/><E35/><V60/><REACH who="2" step="1"/><F49/><REACH who="2" ten="324,309,82,265" step="2"/><W14/><G14/><T96/><D118/><U100/><E50/><V75/><F75/><W10/><G10/><T64/><D38/><U28/><E48/><V68/><F68/><W41/><G41/><T94/><D26/><U111/><E43/><V113/><F113/><W40/><G40/><T31/><D25/><U103/><E15/><V22/><F22/><W20/><G20/><T36/><D23/><U135/><E135/><V80/><F80/><W17/><G17/><T67/><D83/><U129/><E132/><V128/><F128/><W101/><G101/><T126/><D36/><U46/><E129/><V13/><F13/><W131/><G131/><T85/><D31/><AGARI ba="0,2" hai="18,21,27,29,30,31,57,60,65,77,82,84,109,110" machi="31" ten="40,2000,0" yaku="1,1,53,0" doraHai="112" doraHaiUra="115" who="2" fromWho="0" sc="324,-20,309,0,82,40,265,0" /><INIT seed="6,1,0,1,3,97" ten="304,309,122,265" oya="2" hai0="19,9,69,115,102,116,59,41,84,89,74,51,27" hai1="78,6,60,118,17,76,64,50,135,81,73,114,1" hai2="40,65,119,13,105,90,45,93,101,111,8,15,83" hai3="20,39,123,121,108,49,29,66,54,52,109,129,62"/><V14/><F119/><W128/><G20/><T95/><D74/><U110/><E110/><N who="3" m="42602" /><G39/><T35/><D69/><U94/><E114/><V34/><F111/><W53/><G49/><T58/><D115/><U47/><E135/><V96/><F34/><W57/><G29/><T5/><D35/><U130/><E130/><AGARI ba="1,0" hai="52,53,54,57,62,66,121,123,128,129,130" m="42602" machi="130" ten="40,8000,1" yaku="19,1,34,2,54,1" doraHai="97" who="3" fromWho="1" sc="304,0,309,-83,122,0,265,83" /><INIT seed="7,0,0,1,5,95" ten="304,226,122,348" oya="3" hai0="123,68,31,0,130,9,116,61,51,80,19,70,108" hai1="20,74,52,107,29,93,43,84,48,56,5,46,112" hai2="105,27,134,3,113,47,132,85,23,16,117,24,79" hai3="65,37,126,120,44,76,49,64,7,101,86,21,55"/><W12/><G120/><T13/><D116/><U26/><E107/><V92/><F105/><W88/><G37/><T63/><D123/><U18/><E74/><V127/><F47/><W102/><G126/><T8/><D108/><U119/><E112/><V69/><F69/><W118/><G76/><T121/><D130/><U2/><E2/><V58/><F58/><W94/><G118/><T39/><D39/><U98/><E5/><V35/><F92/><W115/><G115/><T125/><D121/><U14/><E84/><V111/><F85/><W42/><G55/><T131/><D131/><U104/><E104/><V72/><F79/><W78/><G78/><T30/><D125/><U1/><E1/><V62/><F62/><W73/><G73/><T33/><D51/><U129/><E129/><V133/><F72/><W41/><G41/><T83/><D0/><U10/><E119/><V60/><F60/><W75/><G75/><T38/><D38/><U99/><E93/><V59/><F59/><W54/><G54/><T100/><D13/><U40/><REACH who="1" step="1"/><E40/><REACH who="1" ten="304,216,122,348" step="2"/><V135/><N who="2" m="33792" /><DORA hai="57" /><V128/><F117/><W22/><G7/><T87/><D87/><U114/><E114/><V34/><F113/><W6/><G6/><T15/><D70/><U67/><E67/><V50/><F128/><W106/><G65/><T89/><D68/><U66/><E66/><V17/><F50/><AGARI ba="0,1" hai="10,14,18,20,26,29,43,46,48,50,52,56,98,99" machi="50" ten="30,12000,2" yaku="1,1,7,1,8,1,52,2,54,1,53,0" doraHai="95,57" doraHaiUra="82,96" who="1" fromWho="2" sc="304,0,216,130,122,-120,348,0" owari="304,-10.0,346,15.0,2,-50.0,348,45.0" /></mjloggm>