<mjloggm ver="2.3"><GO type="41" lobby="0"/><UN n0="%E3%81%95%E3%81%99%E3%82%89%E3%81%84%E3%81%AE%E9%BE%8D" n1="%E2%93%9D%53%75%70%68%78" n2="%E4%BC%8F%E9%BB%92%E7%94%9A%E7%88%BE" n3="%E3%82%B1%E3%82%A4%E3%82%BF%E3%83%8B" dan="14,18,16,14" rate="1933.10,2121.74,2067.47,1977.48" sx="M,M,M,M"/><TAIKYOKU oya="0"/><INIT seed="0,0,0,5,2,36" ten="250,250,250,250" oya="0" hai0="66,34,121,104,84,71,120,93,38,105,35,86,17" hai1="96,108,7,100,74,40,8,45,56,98,60,119,20" hai2="77,4,24,70,102,126,37,6,43,0,92,54,21" hai3="67,41,48,112,27,47,13,99,118,124,83,28,117"/><T127/><D86/><U73/><E108/><V72/><F70/><W39/><G112/><T133/><D17/><U132/><E132/><V2/><F54/><W101/><G124/><T19/><D19/><U80/><E20/><V78/><F92/><W9/><G83/><T123/><D93/><U115/><E119/><V106/><F106/><N who="0" m="41066" /><D84/><U91/><E115/><V57/><F57/><W22/><G67/><T90/><D90/><U14/><E100/><V58/><F58/><W63/><G63/><N who="0" m="40415" /><D133/><U87/><E74/><V128/><F72/><W53/><G99/><T107/><N who="0" m="41074" /><T134/><DORA hai="69" /><D134/><U33/><E33/><N who="0" m="12297" /><D127/><U116/><E116/><V113/><F126/><W75/><G101/><T11/><D11/><U94/><E73/><V29/><F102/><W59/><REACH who="3" step="1"/><G75/><REACH who="3" ten="250,250,250,240" step="2"/><T109/><D109/><U111/><E111/><V46/><F113/><W25/><G25/><T12/><D12/><U50/><REACH who="1" step="1"/><E94/><REACH who="1" ten="250,240,250,240" step="2"/><V52/><F24/><W31/><G31/><T32/><D32/><U23/><E23/><V95/><F21/><W64/><G64/><AGARI ba="0,2" hai="7,8,14,40,45,50,56,60,64,80,87,91,96,98" machi="64" ten="30,12000,2" yaku="1,1,7,1,8,1,52,1,53,2" doraHai="36,69" doraHaiUra="76,62" who="1" fromWho="3" sc="250,0,240,140,250,0,240,-120" /><INIT seed="1,0,0,0,4,122" ten="250,380,250,120" oya="1" hai0="7,40,117,110,53,28,88,0,39,116,62,73,4" hai1="41,133,131,114,104,42,63,22,98,123,121,48,23" hai2="27,97,20,76,65,26,126,11,10,102,49,93,106" hai3="125,2,21,66,18,90,58,37,31,45,56,112,64"/><U16/><E114/><V127/><F65/><W94/><G112/><T25/><D73/><U24/><E131/><V68/><F68/><W78/><G2/><T105/><D105/><U100/><E133/><V75/><F27/><W33/><G125/><N who="2" m="47625" /><F49/><W34/><G78/><T47/><D7/><U29/><E63/><V109/><F106/><W61/><G37/><T55/><D4/><U80/><E80/><N who="2" m="45087" /><F109/><W79/><G79/><T46/><D0/><U108/><E108/><V113/><F113/><W84/><G45/><T77/><D77/><U38/><E38/><V1/><F1/><W134/><G134/><T44/><D88/><U82/><E82/><V103/><F103/><W8/><G8/><T70/><D25/><U51/><E51/><V3/><F3/><W12/><REACH who="3" step="1"/><G31/><AGARI ba="0,0" hai="10,11,20,26,31,93,97,102" m="45087,47625" machi="31" ten="30,1000,0" yaku="18,1" doraHai="122" who="2" fromWho="3" sc="250,0,380,0,250,10,120,-10" /><INIT seed="2,0,0,5,2,17" ten="250,380,260,110" oya="2" hai0="120,20,117,125,124,68,39,101,85,38,43,22,112" hai1="118,35,21,82,26,1,69,10,80,89,51,107,115" hai2="121,29,3,44,34,128,91,95,37,58,83,63,41" hai3="71,92,93,70,99,76,129,7,119,90,88,27,123"/><V12/><F3/><W87/><G129/><T133/><D112/><U96/><E35/><V106/><F106/><W102/><G119/><T14/><D120/><U126/><E69/><V127/><F127/><N who="0" m="48714" /><D68/><U60/><E60/><V59/><F128/><W13/><G123/><T98/><D117/><U108/><E108/><V105/><F105/><W122/><G122/><T62/><D62/><U31/><E115/><V42/><F59/><W110/><G110/><T84/><D14/><U47/><E118/><V61/><F63/><W45/><G45/><N who="0" m="23799" /><D39/><U0/><E0/><V77/><F41/><W49/><G49/><T56/><D56/><U134/><E1/><V4/><F34/><W116/><G116/><T65/><D65/><U97/><E51/><V55/><F29/><W57/><G57/><T11/><D11/><U111/><E10/><V75/><F12/><W33/><G76/><T81/><D133/><U130/><E134/><V73/><F121/><W32/><G102/><T78/><D85/><U109/><E130/><V46/><F44/><W6/><G13/><T52/><D52/><U100/><E126/><V16/><F4/><W94/><G94/><AGARI ba="0,0" hai="20,22,78,81,84,94,98,101" m="23799,48714" machi="94" ten="30,3900,0" yaku="18,1,52,2" doraHai="17" who="0" fromWho="3" sc="250,39,380,0,260,0,110,-39" /><INIT seed="3,0,0,2,2,63" ten="289,380,260,71" oya="3" hai0="45,114,40,110,90,51,42,117,82,53,96,55,125" hai1="13,99,109,30,133,86,28,124,52,32,23,77,94" hai2="97,111,12,129,123,127,22,120,56,103,43,46,76" hai3="47,112,0,132,119,67,84,35,37,16,7,68,65"/><W49/><G112/><T50/><D117/><U116/><E32/><V36/><F76/><W8/><G119/><T9/><D114/><U93/><E109/><V75/><F111/><W58/><G35/><T41/><D125/><U61/><E133/><V130/><F75/><W27/><G132/><T48/><D9/><U83/><E94/><V33/><F33/><W54/><G84/><T73/><D73/><U78/><E78/><V34/><F34/><W102/><G102/><T6/><D6/><U72/><E72/><V135/><F135/><W25/><G68/><T70/><D96/><U91/><E124/><V44/><F44/><W122/><G122/><N who="2" m="46633" /><F56/><W17/><G37/><N who="0" m="21647" /><D82/><U113/><E116/><V126/><F126/><W88/><G88/><T29/><D90/><U15/><E113/><V107/><F127/><W69/><G69/><T74/><D29/><N who="1" m="11371" /><E23/><V11/><F22/><W71/><G71/><T80/><D80/><U131/><E131/><V26/><F26/><W81/><G81/><T108/><D74/><U19/><E19/><AGARI ba="0,0" hai="11,12,19,36,43,46,97,103,107,129,130" m="46633" machi="19" ten="30,1000,0" yaku="13,1" doraHai="63" who="2" fromWho="1" sc="289,0,380,-10,260,10,71,0" /><INIT seed="4,0,0,3,4,52" ten="289,370,270,71" oya="0" hai0="88,26,1,58,94,77,111,123,108,116,71,30,96" hai1="44,14,91,114,24,90,35,74,31,133,121,20,124" hai2="79,64,43,67,118,129,36,40,85,18,19,69,107" hai3="83,17,49,95,68,93,72,106,48,127,6,4,120"/><T5/><D123/><U32/><E74/><V89/><F107/><W113/><G127/><T112/><D116/><U62/><E121/><V98/><F129/><W63/><G113/><T42/><D71/><U131/><E133/><V51/><F69/><W39/><G106/><T16/><D112/><U22/><E114/><V119/><F36/><W109/><G109/><N who="0" m="42059" /><D77/><U29/><E44/><V56/><F79/><W128/><G128/><T86/><D42/><N who="2" m="15914" /><F98/><W59/><G39/><T8/><D96/><U100/><E100/><V132/><F132/><W12/><G68/><T37/><D37/><U34/><E124/><V50/><F118/><W7/><G83/><T2/><D2/><U125/><E131/><V61/><F67/><N who="3" m="39423" /><G72/><T81/><D81/><U9/><E125/><V21/><F119/><W101/><G120/><T134/><D134/><U97/><E97/><V84/><F84/><W80/><G80/><T87/><D87/><U3/><E3/><V54/><F64/><W0/><G0/><T126/><D126/><U25/><E62/><V102/><F102/><W92/><G101/><T78/><D78/><U104/><E104/><V38/><F38/><W55/><G55/><T10/><D30/><U57/><E91/><V28/><F28/><W117/><G117/><T15/><D26/><U46/><E90/><V47/><F47/><W76/><G76/><T110/><N who="0" m="42067" /><T103/><DORA hai="105" /><D103/><U122/><E122/><V27/><F19/><W41/><G41/><T66/><D66/><U33/><E33/><V70/><F70/><W23/><AGARI ba="0,0" hai="4,6,7,12,17,23,48,49,92,93,95" m="39423" machi="23" ten="30,2000,0" yaku="8,1,52,1" doraHai="52,105" who="3" fromWho="3" sc="289,-10,370,-5,270,-5,71,20" /><INIT seed="5,0,0,0,2,74" ten="279,365,265,91" oya="1" hai0="88,96,132,90,110,102,45,13,53,27,36,72,41" hai1="124,112,116,76,32,38,69,105,34,91,33,77,31" hai2="60,98,7,103,61,134,119,84,131,97,113,129,89" hai3="56,100,49,47,125,108,9,115,64,135,20,29,52"/><U111/><E116/><V3/><F134/><W126/><G108/><T46/><D132/><U51/><E38/><V65/><F119/><W122/><G135/><T58/><D110/><U107/><E31/><V73/><F73/><W101/><G122/><T86/><D72/><U117/><E124/><N who="3" m="47722" /><G115/><T93/><D46/><U43/><E69/><V80/><F113/><W92/><G9/><T79/><D27/><U0/><E0/><V5/><F3/><W106/><G106/><T4/><D4/><U2/><E2/><V10/><F98/><W104/><G104/><T128/><D128/><N who="2" m="49226" /><F10/><W28/><G92/><T62/><REACH who="0" step="1"/><D13/><REACH who="0" ten="269,365,265,91" step="2"/><U71/><E111/><V8/><F5/><W57/><G20/><T83/><AGARI ba="0,1" hai="36,41,45,53,58,62,79,83,86,88,90,93,96,102" machi="83" ten="30,12000,2" yaku="1,1,2,1,0,1,52,1,54,1,53,1" doraHai="74" doraHaiUra="50" who="0" fromWho="0" sc="269,130,365,-60,265,-30,91,-30" /><INIT seed="6,0,0,1,1,98" ten="399,305,235,61" oya="2" hai0="58,125,53,105,101,40,87,117,122,20,41,113,108" hai1="70,77,5,25,67,52,68,63,76,116,14,133,124" hai2="60,3,119,69,86,49,16,57,72,0,103,59,107" hai3="115,126,22,43,134,19,47,28,64,48,97,6,7"/><V36/><F72/><W82/><G126/><T29/><D122/><U73/><E116/><V100/><F119/><W30/><G134/><T121/><D108/><U51/><E124/><V102/><F36/><W83/><G115/><T135/><D135/><U132/><E25/><V46/><F69/><W88/><G64/><T94/><D121/><U118/><E118/><V112/><F112/><W80/><G28/><T75/><D75/><U89/><E89/><V18/><F3/><W32/><G32/><T111/><D105/><U114/><E114/><V2/><F2/><W106/><G30/><T8/><D8/><U62/><E73/><V44/><F0/><W93/><REACH who="3" step="1"/><G106/><REACH who="3" ten="399,305,235,51" step="2"/><T61/><D29/><U31/><E31/><V71/><F107/><W10/><G10/><T24/><D125/><U26/><E67/><N who="2" m="39311" /><F71/><W129/><G129/><T9/><D113/><U104/><E104/><V79/><F59/><W56/><G56/><T81/><D117/><U55/><E70/><V45/><F49/><W27/><AGARI ba="0,1" hai="6,7,19,22,27,43,47,48,80,82,83,88,93,97" machi="27" ten="30,7900,0" yaku="1,1,0,1,8,1,54,1,53,0" doraHai="98" doraHaiUra="65" who="3" fromWho="3" sc="399,-20,305,-20,235,-39,51,89" /><INIT seed="7,0,0,2,0,108" ten="379,285,196,140" oya="3" hai0="99,94,65,97,44,130,91,13,36,38,53,102,9" hai1="0,27,119,115,69,64,51,95,134,6,86,116,1" hai2="29,31,12,47,122,81,100,56,88,128,131,132,57" hai3="101,43,124,49,77,90,59,18,3,46,63,17,111"/><W72/><G111/><T22/><D130/><N who="2" m="49706" /><F132/><W21/><G3/><T117/><D117/><U96/><E86/><N who="2" m="50255" /><F100/><W73/><G101/><T107/><D65/><U45/><E64/><V2/><F2/><W83/><G124/><T24/><D53/><U60/><E6/><V34/><F122/><W113/><G90/><T104/><D44/><U98/><E45/><V52/><F12/><W112/><G73/><T4/><D107/><U79/><E134/><V32/><F47/><W127/><G127/><T129/><D129/><U68/><E27/><V92/><F92/><W5/><G5/><T106/><D106/><U35/><E95/><V114/><F114/><N who="3" m="44139" /><G21/><T118/><D118/><U8/><E115/><V110/><F110/><W71/><G71/><T23/><D23/><U19/><E69/><V39/><F57/><W10/><G10/><T67/><D22/><U135/><E8/><V55/><F39/><W120/><G120/><T42/><D38/><U85/><E119/><V28/><F55/><AGARI ba="0,0" hai="17,18,43,46,49,55,59,63,72,77,83" m="44139" machi="55" ten="30,11600,0" yaku="15,1,52,3" doraHai="108" who="3" fromWho="2" sc="379,0,285,0,196,-116,140,116" /><INIT seed="7,1,0,1,5,76" ten="379,285,80,256" oya="3" hai0="51,23,78,120,110,121,125,102,8,36,130,135,96" hai1="37,74,49,40,48,44,56,55,114,50,35,103,131" hai2="65,52,73,21,41,126,72,10,64,106,6,26,47" hai3="13,54,82,104,115,18,58,45,0,75,118,66,3"/><W62/><G118/><T98/><D36/><U99/><E35/><V53/><F106/><W89/><G115/><T92/><D8/><U24/><E74/><V4/><F10/><W80/><G104/><T107/><D51/><U94/><E131/><V67/><F126/><W81/><G75/><T83/><D23/><U113/><REACH who="1" step="1"/><E24/><REACH who="1" ten="379,275,80,256" step="2"/><V116/><F64/><W70/><G45/><T9/><D130/><U71/><E71/><V133/><F47/><W122/><G122/><T127/><D121/><U124/><E124/><V31/><F26/><W132/><G132/><T7/><D135/><U68/><E68/><V108/><F133/><W32/><G32/><T42/><D120/><U129/><E129/><V88/><F21/><W59/><G70/><T60/><D125/><U2/><E2/><V101/><F116/><W11/><REACH who="3" step="1"/><G89/><REACH who="3" ten="379,275,80,246" step="2"/><T91/><D91/><U111/><E111/><V22/><F88/><W87/><G87/><T93/><D110/><U123/><E123/><V34/><F108/><W39/><G39/><T77/><D127/><U128/><E128/><V33/><F22/><W17/><G17/><T46/><D102/><U85/><E85/><V86/><F86/><W100/><G100/><T63/><D78/><U15/><E15/><V43/><REACH who="2" step="1"/><F101/><REACH who="2" ten="379,275,70,246" step="2"/><W119/><G119/><T61/><D77/><U97/><E97/><V84/><F84/><W20/><G20/><T25/><D98/><U19/><E19/><V105/><F105/><W27/><G27/><T90/><D96/><U29/><E29/><AGARI ba="1,3" hai="4,6,29,31,33,34,41,43,52,53,65,67,72,73" machi="29" ten="25,6400,0" yaku="1,1,22,2,54,1,53,0" doraHai="76" doraHaiUra="109" who="2" fromWho="1" sc="379,0,275,-67,70,97,246,0" owari="379,47.0,208,-19.0,167,-33.0,246,5.0" /></mjloggm>