<mjloggm ver="2.3"><GO type="41" lobby="0"/><UN n0="%E5%B9%B8%E9%81%8B%E3%81%AE%E7%8D%85%E5%AD%90" n1="%E2%93%9D%53%75%70%68%78" n2="%E3%81%8A%E3%81%8B%E3%82%82%E3%82%8D%E3%82%93" n3="%E3%83%9E%E3%83%8B%E3%82%AA" dan="15,18,15,13" rate="2054.30,2099.25,1998.59,1852.33" sx="M,M,M,M"/><TAIKYOKU oya="0"/><INIT seed="0,0,0,0,5,78" ten="250,250,250,250" oya="0" hai0="91,63,45,26,19,13,107,0,130,83,88,70,131" hai1="14,110,116,68,27,115,117,28,69,16,65,12,72" hai2="52,10,126,90,87,20,56,59,129,108,46,82,32" hai3="21,38,125,17,30,47,58,122,44,74,51,76,101"/><T15/><D0/><U105/><E72/><V135/><F32/><W81/><G38/><T37/><D107/><U31/><E105/><V132/><F108/><W121/><G30/><T73/><D70/><U55/><E65/><V100/><F126/><W1/><G101/><T120/><D63/><U7/><E55/><V34/><F34/><W2/><G58/><T111/><D120/><N who="3" m="46185" /><G125/><T127/><D127/><U103/><E103/><V18/><F129/><N who="0" m="49162" /><D111/><U40/><E110/><V60/><F10/><W112/><G112/><T94/><D26/><U4/><E27/><V8/><F8/><W25/><G47/><T104/><D104/><U9/><E9/><V119/><F119/><W89/><G89/><N who="0" m="34379" /><D94/><U24/><E24/><N who="2" m="14359" /><F100/><W85/><G74/><T86/><D73/><U49/><E115/><V53/><F46/><W97/><G97/><T79/><D19/><U114/><E16/><V50/><F135/><W35/><G35/><T57/><D57/><U128/><E128/><V64/><F132/><W77/><G77/><T71/><D71/><U6/><E114/><V54/><AGARI ba="0,0" hai="50,52,53,54,56,59,60,64,82,87,90" m="14359" machi="54" ten="30,4000,0" yaku="8,1,52,1,54,1" doraHai="78" who="2" fromWho="2" sc="250,-20,250,-10,250,40,250,-10" /><INIT seed="1,0,0,5,1,47" ten="230,240,290,240" oya="1" hai0="4,32,115,48,66,62,107,127,99,59,103,91,50" hai1="100,21,121,57,27,29,39,119,128,63,83,87,129" hai2="14,124,35,74,95,89,41,17,24,0,11,92,6" hai3="111,106,34,70,75,135,67,76,22,84,25,13,64"/><U118/><E39/><V19/><F74/><W20/><G106/><T101/><D115/><U81/><E121/><V10/><F124/><W134/><G75/><T131/><D127/><U52/><E100/><V80/><F41/><W58/><G70/><T43/><D131/><N who="1" m="50251" /><E83/><V56/><F80/><W90/><G76/><AGARI ba="0,0" hai="21,27,29,52,57,63,76,81,87,118,119" m="50251" machi="76" ten="30,2900,0" yaku="19,1,54,1" doraHai="47" who="1" fromWho="3" sc="230,0,240,29,290,0,240,-29" /><INIT seed="1,1,0,3,4,29" ten="230,269,290,211" oya="1" hai0="21,80,109,101,56,11,77,44,68,128,87,98,125" hai1="39,85,50,81,90,46,112,33,69,45,111,73,19" hai2="79,122,36,37,94,5,17,83,123,58,31,53,47" hai3="63,6,110,119,52,15,48,22,42,88,59,10,25"/><U28/><E112/><V32/><F5/><W124/><G110/><T24/><D68/><U26/><E69/><V7/><F7/><W75/><G75/><T34/><D34/><U71/><E71/><V8/><F94/><W84/><G124/><T2/><D125/><U120/><E120/><V135/><F135/><W92/><G119/><T108/><D128/><U12/><E111/><N who="0" m="42569" /><D56/><U60/><E73/><V9/><F122/><W67/><G42/><T55/><D55/><U121/><E121/><V54/><F123/><W65/><REACH who="3" step="1"/><G63/><REACH who="3" ten="230,269,290,201" step="2"/><T74/><D74/><U102/><E60/><V57/><F37/><W115/><G115/><T126/><D126/><U43/><E39/><V16/><F36/><W35/><G35/><T99/><D101/><U103/><REACH who="1" step="1"/><E46/><REACH who="1" ten="230,259,290,201" step="2"/><V40/><F47/><W27/><G27/><T118/><D44/><U96/><E96/><V49/><F49/><W114/><G114/><T62/><D62/><U23/><AGARI ba="1,2" hai="12,19,23,26,28,33,43,45,50,81,85,90,102,103" machi="23" ten="20,12000,1" yaku="1,1,0,1,7,1,52,1,53,1" doraHai="29" doraHaiUra="82" who="1" fromWho="1" sc="230,-41,259,143,290,-41,201,-41" /><INIT seed="1,2,0,5,1,8" ten="189,402,249,160" oya="1" hai0="120,109,7,132,17,123,90,56,63,84,39,32,61" hai1="15,36,31,118,99,89,13,88,74,95,65,10,59" hai2="22,28,54,43,127,69,91,111,67,119,51,12,126" hai3="27,97,41,131,30,60,38,62,20,116,128,83,57"/><U68/><E68/><V71/><F119/><W40/><G83/><T129/><D39/><U1/><E118/><V37/><F111/><W4/><G116/><T124/><D32/><U79/><E36/><V114/><F114/><W26/><G4/><T117/><D117/><U3/><E31/><V112/><F112/><W85/><G85/><T35/><D35/><U76/><E74/><V81/><F37/><W0/><G0/><T55/><D109/><U47/><E47/><V87/><F43/><W86/><G86/><T121/><D7/><U130/><E130/><V98/><F98/><W2/><G2/><T77/><D77/><N who="1" m="29771" /><E3/><V78/><F78/><W64/><G38/><T93/><D129/><N who="3" m="49737" /><G27/><T104/><D104/><U73/><E10/><V115/><F115/><W100/><G60/><T133/><D124/><N who="2" m="47658" /><F67/><W125/><G125/><T42/><D42/><U53/><E65/><V94/><F81/><W24/><G24/><T11/><REACH who="0" step="1"/><D63/><REACH who="0" ten="179,402,249,160" step="2"/><N who="1" m="36335" /><E73/><V48/><F48/><W45/><G45/><T33/><D33/><U66/><E1/><V16/><F28/><W92/><AGARI ba="2,1" hai="20,26,30,40,41,57,62,64,92,97,100" m="49737" machi="92" ten="30,2000,0" yaku="25,1,19,1" doraHai="8" who="3" fromWho="3" sc="179,-7,402,-12,249,-7,160,36" /><INIT seed="2,0,0,4,1,130" ten="172,390,242,196" oya="2" hai0="10,107,77,49,85,58,20,67,0,105,48,23,59" hai1="72,63,51,18,95,116,101,100,5,4,64,112,82" hai2="33,118,29,119,25,104,46,56,109,134,87,122,32" hai3="74,125,15,57,120,70,98,54,84,96,115,117,131"/><V102/><F122/><W44/><G120/><T6/><D107/><U65/><E112/><V27/><F104/><W71/><G117/><T90/><D105/><U41/><E72/><V80/><F102/><W124/><G74/><T17/><D77/><U92/><E82/><V103/><F103/><W127/><G131/><T30/><D30/><U9/><E18/><V123/><F123/><W60/><G44/><T2/><D2/><U62/><E51/><V81/><F46/><W1/><G1/><T52/><D17/><U106/><E106/><V97/><F97/><N who="3" m="37483" /><G115/><T16/><D16/><U36/><E36/><V108/><F56/><W14/><G84/><T12/><D0/><U42/><REACH who="1" step="1"/><E9/><REACH who="1" ten="172,380,242,196" step="2"/><V11/><F11/><W79/><G79/><T76/><D76/><U39/><E39/><V37/><F37/><W7/><G7/><T126/><D126/><U68/><E68/><AGARI ba="0,1" hai="14,15,54,57,60,68,70,71,124,125,127" m="37483" machi="68" ten="40,1300,0" yaku="18,1" doraHai="130" who="3" fromWho="1" sc="172,0,380,-13,242,0,196,23" /><INIT seed="3,0,0,0,5,49" ten="172,367,242,219" oya="3" hai0="93,121,12,31,95,39,81,23,85,28,111,20,104" hai1="74,7,63,64,6,37,22,4,35,60,29,57,58" hai2="90,14,48,73,83,38,32,53,117,24,55,133,2" hai3="115,71,21,118,98,132,128,51,42,78,119,126,110"/><W127/><G21/><T65/><D104/><U66/><E37/><V9/><F117/><W124/><G78/><T13/><D39/><U96/><E74/><V1/><F38/><W72/><G72/><T8/><D121/><U0/><E35/><V27/><F133/><W112/><G98/><T106/><D106/><U125/><E125/><V87/><F73/><W97/><G97/><T30/><D111/><U18/><E29/><V122/><F122/><W100/><G100/><T123/><D65/><U101/><E0/><V62/><F32/><W43/><G110/><T68/><D68/><U108/><E108/><V34/><F34/><W69/><G51/><T67/><D67/><U41/><E41/><N who="3" m="15370" /><G132/><T25/><D123/><U61/><E61/><V107/><F107/><W19/><G19/><T52/><D13/><U82/><E82/><V10/><F2/><W103/><G128/><T50/><D95/><N who="1" m="58527" /><E7/><N who="2" m="3391" /><F10/><W120/><G103/><T54/><D93/><U88/><E88/><N who="2" m="51327" /><F1/><W99/><G99/><T11/><D50/><U44/><E44/><N who="2" m="27783" /><F90/><W79/><G79/><N who="0" m="46271" /><D11/><U129/><E129/><V91/><F91/><W134/><G120/><T15/><D15/><AGARI ba="0,0" hai="4,6,15,18,22,57,58,60,63,64,66" m="58527" machi="15" ten="30,1000,0" yaku="8,1" doraHai="49" who="1" fromWho="0" sc="172,-10,367,10,242,0,219,0" /><INIT seed="4,0,0,2,1,79" ten="162,377,242,219" oya="0" hai0="41,106,42,115,23,102,121,127,84,99,47,76,15" hai1="34,56,44,128,82,81,50,133,112,119,18,67,131" hai2="2,12,48,61,30,111,114,21,103,80,37,36,105" hai3="58,51,129,38,55,120,100,73,71,22,110,53,122"/><T31/><D121/><N who="3" m="46697" /><G73/><T98/><D127/><U65/><E119/><V68/><F111/><W7/><G100/><T74/><D115/><U3/><E133/><V109/><F109/><W57/><G7/><T54/><D74/><U130/><E34/><V124/><F114/><W32/><G22/><T19/><D98/><U16/><E3/><V49/><F2/><W39/><G32/><T116/><D116/><U26/><E56/><V33/><F33/><W24/><G24/><T77/><D31/><U43/><E112/><V96/><F124/><W125/><G125/><T85/><D54/><U104/><E104/><V14/><F37/><N who="3" m="13835" /><G110/><T66/><D66/><N who="1" m="25099" /><E18/><V87/><F36/><W69/><G129/><T92/><D106/><U52/><E43/><N who="0" m="16393" /><D47/><U135/><E135/><V95/><F105/><W25/><G25/><T132/><D132/><U107/><E107/><V11/><F68/><W78/><G78/><AGARI ba="0,0" hai="15,19,23,76,77,78,84,85,92,99,102" m="16393" machi="78" ten="30,1500,0" yaku="8,1" doraHai="79" who="0" fromWho="3" sc="162,15,377,0,242,0,219,-15" /><INIT seed="4,1,0,3,3,5" ten="177,377,242,204" oya="0" hai0="88,8,113,56,75,127,32,97,35,99,133,104,85" hai1="63,115,120,126,12,105,118,53,25,100,46,74,109" hai2="47,10,77,26,21,62,87,36,33,2,42,131,128" hai3="73,6,107,4,55,59,66,58,130,67,38,65,52"/><T111/><D75/><U0/><E109/><V16/><F33/><W17/><G73/><T108/><D113/><U11/><E0/><V83/><REACH who="2" step="1"/><F62/><REACH who="2" ten="177,377,232,204" step="2"/><W37/><G130/><T96/><D32/><U49/><E63/><V129/><F129/><W70/><G70/><T91/><D35/><U116/><E115/><V112/><F112/><W132/><G132/><T86/><D133/><U43/><E118/><V19/><F19/><W84/><G17/><T122/><D111/><U41/><E116/><V15/><F15/><W102/><G102/><T110/><D108/><U45/><E100/><V7/><AGARI ba="1,1" hai="2,7,10,16,21,26,36,42,47,77,83,87,128,131" machi="7" ten="30,7900,0" yaku="1,1,0,1,52,1,54,1,53,0" doraHai="5" doraHaiUra="54" who="2" fromWho="2" sc="177,-40,377,-21,232,92,204,-21" /><INIT seed="5,0,0,1,3,41" ten="137,356,324,183" oya="1" hai0="75,18,91,84,23,106,31,126,45,7,3,34,65" hai1="86,12,24,48,32,127,70,52,80,85,19,110,124" hai2="61,15,1,73,82,71,88,81,9,97,122,2,66" hai3="60,33,44,26,77,50,36,35,78,135,116,128,108"/><U63/><E110/><V107/><F122/><W39/><G108/><T111/><D75/><U29/><E63/><V95/><F107/><W90/><G128/><T0/><D111/><U112/><E70/><V89/><F82/><W125/><G135/><T53/><D106/><U131/><E112/><V8/><F9/><W104/><G125/><N who="1" m="48202" /><E131/><V134/><F134/><W133/><G104/><T101/><D126/><U100/><E100/><V38/><F38/><W68/><G133/><T4/><D101/><U58/><E80/><V49/><F49/><W105/><G105/><T94/><D65/><U51/><E51/><V16/><REACH who="2" step="1"/><F89/><REACH who="2" ten="137,356,314,183" step="2"/><W114/><G39/><T37/><D37/><U103/><E103/><V55/><F55/><W87/><G36/><T102/><D53/><U119/><E119/><V98/><F98/><W83/><G116/><T62/><D91/><U27/><E27/><V54/><F54/><W20/><G114/><T79/><D0/><U64/><E64/><V129/><F129/><W76/><G60/><T47/><D62/><U115/><E115/><V46/><F46/><W123/><G123/><T120/><D47/><U17/><E12/><V109/><F109/><W99/><G99/><T40/><D45/><U43/><E43/><V113/><F113/><W117/><G117/><T121/><D40/><U96/><E96/><V13/><F13/><W74/><G74/><T93/><D3/><U57/><E86/><V5/><F5/><W10/><G10/><T11/><D11/><U30/><E85/><V72/><F72/><W21/><G87/><T92/><D84/><RYUUKYOKU ba="0,1" sc="137,-10,356,-10,314,30,183,-10" hai2="1,2,8,15,16,61,66,71,73,81,88,95,97" /><INIT seed="6,1,1,0,0,82" ten="127,346,344,173" oya="2" hai0="67,128,58,113,118,6,32,68,125,94,41,1,31" hai1="47,17,101,33,103,18,123,8,39,114,14,126,26" hai2="24,117,7,9,115,134,25,87,135,95,22,2,97" hai3="55,76,110,28,29,70,12,132,75,30,99,59,71"/><V63/><F117/><W72/><G110/><T10/><D118/><U78/><E114/><V106/><F115/><W96/><G76/><T15/><D113/><U119/><E126/><V102/><F63/><W16/><G132/><N who="2" m="50729" /><F22/><W100/><G55/><T44/><D125/><U40/><E123/><V36/><F36/><W38/><G59/><T109/><D109/><U80/><E119/><V129/><F129/><W66/><G38/><T69/><D128/><U107/><E107/><V74/><F74/><W50/><G50/><T91/><D1/><U0/><E0/><V19/><F19/><W111/><G111/><T88/><D58/><U35/><E18/><V60/><F60/><W4/><G4/><T52/><D67/><U98/><E26/><V54/><F54/><W131/><G131/><T105/><D105/><U112/><E112/><V108/><F108/><W46/><G46/><T81/><D52/><U43/><E43/><V116/><F116/><W42/><G42/><T130/><D130/><U90/><E35/><V51/><F51/><W121/><G121/><T53/><D53/><U85/><E33/><V93/><F106/><W37/><G37/><N who="0" m="21551" /><D32/><U34/><E34/><V127/><F127/><W3/><G3/><T61/><D61/><U5/><E17/><V92/><F92/><W73/><G66/><T56/><D94/><U27/><E27/><V104/><F104/><W120/><G120/><T122/><D122/><U49/><E39/><V57/><F57/><W89/><G100/><T21/><D56/><U62/><E62/><V48/><F48/><W124/><G124/><RYUUKYOKU ba="1,1" sc="127,-15,346,15,344,15,173,-15" hai1="5,8,14,40,47,49,78,80,85,90,98,101,103" hai2="2,7,9,24,25,87,93,95,97,102" /><INIT seed="6,2,1,4,4,4" ten="112,361,359,158" oya="2" hai0="124,106,66,65,13,71,84,80,53,39,15,113,57" hai1="92,27,6,74,63,69,7,72,120,103,54,47,19" hai2="98,82,26,107,9,129,56,2,83,97,43,37,116" hai3="48,21,33,91,93,52,105,0,88,85,77,119,45"/><V108/><F116/><W3/><G119/><T14/><D106/><U55/><E69/><V135/><F129/><W134/><G33/><T20/><D39/><U122/><E103/><V76/><F135/><W60/><G105/><T61/><D113/><U32/><E92/><V78/><F26/><W104/><G104/><T44/><D124/><U112/><E63/><V133/><F133/><W117/><G117/><T79/><D71/><U5/><E47/><V28/><F28/><W22/><G134/><T34/><D34/><U75/><E112/><V41/><F108/><W67/><G77/><T50/><REACH who="0" step="1"/><D20/><REACH who="0" ten="102,361,359,158" step="2"/><N who="1" m="13727" /><E32/><V90/><F107/><W118/><G118/><T51/><D51/><U109/><E109/><V10/><F37/><W35/><G35/><T25/><D25/><U100/><E100/><V87/><F2/><W130/><G130/><T111/><D111/><U12/><E12/><V29/><F29/><W127/><G127/><T99/><D99/><U95/><E95/><V23/><F23/><W132/><G132/><T62/><D62/><U115/><E115/><V131/><F131/><W81/><G0/><T123/><D123/><AGARI ba="2,2" hai="5,6,7,54,55,72,74,75,120,122,123" m="13727" machi="123" ten="40,1300,0" yaku="13,1" doraHai="4" who="1" fromWho="0" sc="102,-19,361,39,359,0,158,0" /><INIT seed="7,0,0,2,2,90" ten="83,400,359,158" oya="3" hai0="1,84,17,30,117,13,128,32,50,20,121,86,102" hai1="41,6,89,9,130,92,75,26,107,2,63,104,108" hai2="36,94,61,125,95,120,66,76,57,127,44,72,42" hai3="18,37,74,51,122,4,71,110,124,69,53,46,22"/><W31/><G74/><T131/><D121/><U35/><E108/><V48/><F120/><W135/><G122/><T118/><D50/><U73/><E130/><N who="0" m="49705" /><D102/><U5/><E41/><V83/><REACH who="2" step="1"/><F36/><REACH who="2" ten="83,400,349,158" step="2"/><W14/><G110/><T23/><D86/><U68/><E75/><V85/><F85/><W43/><G37/><T39/><D84/><U34/><E73/><V47/><F47/><W106/><G46/><T81/><D39/><U129/><E129/><V67/><F67/><W7/><G71/><T58/><D81/><U78/><E68/><V40/><F40/><W54/><G69/><T100/><D118/><U132/><E78/><V123/><F123/><W112/><G43/><T116/><D116/><U10/><E35/><V64/><F64/><W12/><G54/><T28/><D117/><U111/><E111/><V49/><F49/><W97/><G53/><T70/><D70/><U59/><E34/><V119/><F119/><W113/><G51/><T91/><D32/><U77/><E77/><V96/><F96/><W115/><G97/><T3/><D58/><U15/><E59/><V45/><F45/><W134/><G106/><T8/><D100/><U11/><E107/><V24/><F24/><N who="3" m="16791" /><G124/><AGARI ba="0,1" hai="42,44,48,57,61,66,72,76,83,94,95,124,125,127" machi="124" ten="40,8000,1" yaku="1,1,18,1,52,2,53,0" doraHai="90" doraHaiUra="109" who="2" fromWho="3" sc="83,0,400,0,349,90,158,-80" owari="83,-32.0,400,20.0,439,54.0,78,-42.0" /></mjloggm>