<mjloggm ver="2.3"><GO type="41" lobby="0"/><UN n0="%E3%82%A2%E3%83%93%E3%82%B3" n1="%4D%4A%E3%82%A2%E3%83%B3%E3%82%B0%E3%83%A9%E3%83%BC" n2="%73%6F%72%61%73%69" n3="%E2%93%9D%53%75%70%68%78" dan="14,13,15,18" rate="1986.06,1889.59,2015.85,2156.31" sx="M,M,M,M"/><TAIKYOKU oya="0"/><INIT seed="0,0,0,0,4,129" ten="250,250,250,250" oya="0" hai0="116,9,29,42,135,8,11,126,38,22,16,73,88" hai1="113,79,81,59,48,3,107,10,89,44,117,66,133" hai2="60,128,0,53,132,84,102,64,31,13,74,41,5" hai3="112,118,114,7,51,35,77,108,32,37,21,92,54"/><T1/><D116/><U100/><E117/><V122/><F122/><W75/><G118/><T52/><D73/><U24/><E113/><V121/><F121/><W111/><G37/><T96/><D126/><U87/><E24/><V12/><F74/><W85/><G7/><T80/><D29/><U17/><E107/><V30/><F0/><W98/><G21/><T83/><D1/><U18/><E100/><V103/><F128/><W56/><G85/><T28/><D28/><U55/><E3/><V43/><F53/><W49/><G49/><T127/><D127/><U70/><E70/><V119/><F119/><W76/><G75/><T34/><D34/><N who="3" m="12841" /><G114/><T78/><D78/><U124/><E124/><V69/><F84/><W91/><G112/><T67/><D67/><U2/><E2/><V101/><F5/><W47/><G56/><T123/><D123/><U71/><E71/><V27/><F27/><W86/><G86/><T90/><D42/><U134/><E79/><V50/><F50/><W72/><G72/><T23/><D38/><U26/><E26/><V15/><F43/><W97/><G97/><T82/><D23/><U14/><E18/><V105/><F41/><W46/><G46/><T20/><D20/><U25/><E25/><V120/><F120/><W57/><G47/><T40/><D40/><U65/><E59/><V6/><F6/><W130/><G130/><T125/><D125/><U58/><E58/><V110/><F69/><W33/><G33/><T19/><D19/><U104/><E104/><V36/><F105/><W4/><G4/><T63/><D96/><RYUUKYOKU ba="0,0" sc="250,-15,250,15,250,-15,250,15" hai1="10,14,17,44,48,55,65,66,81,87,89,133,134" hai3="51,54,57,76,77,91,92,98,108,111" /><INIT seed="1,1,0,3,3,19" ten="235,265,235,265" oya="1" hai0="105,17,56,86,95,117,53,130,85,99,76,54,16" hai1="78,34,0,104,70,10,113,35,21,127,118,96,114" hai2="46,33,2,58,84,115,123,44,69,119,60,8,107" hai3="30,6,71,100,98,24,65,88,31,4,32,68,81"/><U67/><E118/><V79/><F119/><W41/><G41/><T36/><D117/><U14/><E78/><V1/><F123/><W18/><G31/><T83/><D130/><U62/><E127/><V27/><F69/><W29/><G29/><T135/><D135/><U39/><E39/><V90/><F107/><W129/><G18/><T116/><D116/><U82/><E82/><V23/><F33/><W77/><G129/><T9/><D36/><U91/><E91/><V15/><F2/><W47/><G47/><T80/><D105/><U13/><E13/><V61/><F79/><W120/><G120/><T38/><D38/><U128/><E128/><V52/><F61/><W20/><G32/><T103/><D9/><U75/><E75/><V108/><F108/><W3/><G65/><T25/><D25/><U97/><E35/><V72/><F72/><W64/><G64/><T109/><D54/><U126/><E34/><V22/><F1/><W73/><G3/><T26/><D26/><U101/><E126/><V102/><F102/><W55/><G55/><T50/><REACH who="0" step="1"/><D109/><REACH who="0" ten="225,265,235,265" step="2"/><U134/><E134/><V87/><F115/><W63/><G24/><T111/><D111/><U92/><E114/><V124/><F124/><W110/><G110/><T37/><D37/><U48/><E113/><V49/><F27/><W51/><G30/><T59/><D59/><U11/><E104/><V5/><F46/><W112/><G112/><T121/><D121/><U122/><E122/><V93/><REACH who="2" step="1"/><F87/><REACH who="2" ten="225,265,225,265" step="2"/><W7/><G73/><T94/><D94/><U74/><E92/><V89/><F89/><AGARI ba="1,2" hai="16,17,50,53,56,76,80,83,85,86,89,95,99,103" machi="89" ten="30,8000,1" yaku="1,1,6,1,7,1,8,1,54,1,53,0" doraHai="19" doraHaiUra="66" who="0" fromWho="2" sc="225,103,265,0,225,-83,265,0" /><INIT seed="2,0,0,1,2,122" ten="328,265,142,265" oya="2" hai0="42,53,26,93,27,105,40,54,11,58,74,117,128" hai1="12,59,102,14,85,15,62,111,99,133,63,4,83" hai2="22,97,134,110,78,88,73,98,96,126,10,18,77" hai3="28,38,112,118,41,8,5,6,24,57,1,29,108"/><V82/><F134/><W37/><G118/><T67/><D105/><U71/><E133/><V61/><F126/><W19/><G41/><T50/><D128/><U36/><E36/><V70/><F78/><W46/><G57/><T87/><D74/><U91/><E71/><V121/><F121/><W109/><G46/><T72/><D72/><U48/><E48/><V131/><F131/><W100/><G100/><T56/><D67/><U86/><E86/><V0/><F110/><N who="3" m="42603" /><G112/><T120/><D120/><U114/><E114/><V92/><F0/><W35/><G29/><T119/><D42/><U84/><E111/><V90/><F10/><N who="3" m="2351" /><G19/><T132/><D40/><U95/><E59/><V130/><F130/><W116/><G116/><T68/><D68/><U44/><E44/><V34/><F34/><W47/><G47/><T2/><D132/><U39/><E39/><V129/><F129/><W81/><G81/><T135/><D135/><U52/><E4/><V104/><F104/><W51/><G51/><T113/><D113/><U103/><E83/><V31/><F31/><W25/><G25/><T33/><D50/><U7/><E7/><V94/><F70/><W45/><G45/><T64/><D58/><N who="1" m="35143" /><E63/><V20/><F61/><W32/><G32/><T21/><D33/><U75/><E103/><V55/><F55/><W65/><G65/><T80/><D64/><U43/><E43/><V9/><REACH who="2" step="1"/><F98/><REACH who="2" ten="328,265,132,265" step="2"/><W101/><G101/><T123/><D54/><U107/><E102/><V66/><F66/><W76/><G76/><T125/><D119/><U16/><E99/><V89/><F89/><RYUUKYOKU ba="0,1" sc="328,-15,265,-15,132,15,265,15" hai2="9,18,20,22,73,77,82,88,90,92,94,96,97" hai3="6,8,24,28,35,37,38" /><INIT seed="2,1,1,4,0,21" ten="313,250,147,280" oya="2" hai0="94,40,121,73,65,38,66,90,27,86,11,48,95" hai1="118,22,51,25,111,1,62,134,32,108,71,105,13" hai2="102,24,12,8,129,44,74,97,33,87,5,68,107" hai3="57,64,81,135,46,63,96,9,54,101,61,23,103"/><V79/><F129/><W113/><G135/><T7/><D73/><U93/><E134/><V55/><F74/><W115/><G9/><T98/><D38/><U78/><E78/><V3/><F68/><W14/><G81/><T39/><D39/><U26/><E105/><V56/><F44/><W2/><G2/><T84/><D121/><U53/><E1/><V109/><F109/><N who="1" m="42057" /><E32/><V0/><F79/><W15/><G103/><T42/><D48/><U123/><E123/><V112/><F112/><N who="3" m="43083" /><G23/><T76/><D76/><U41/><E41/><V88/><F33/><W127/><G127/><T30/><D42/><U37/><E37/><V80/><REACH who="2" step="1"/><F24/><REACH who="2" ten="313,250,137,280" step="2"/><N who="1" m="9321" /><E118/><V70/><F70/><N who="3" m="42255" /><G46/><T130/><D130/><U104/><E71/><V35/><F35/><W83/><G83/><T6/><D40/><U17/><E104/><AGARI ba="1,2" hai="14,15,54,57,63,96,101,104" m="42255,43083" machi="104" ten="30,1000,0" yaku="11,1" doraHai="21" who="3" fromWho="1" sc="313,0,250,-13,137,0,280,33" /><INIT seed="3,0,0,2,0,114" ten="313,237,137,313" oya="3" hai0="24,101,28,105,134,128,38,133,20,53,135,43,125" hai1="40,1,14,92,59,50,98,15,7,82,4,22,68" hai2="29,100,8,95,97,55,78,108,81,118,33,84,131" hai3="44,126,5,110,48,71,27,94,104,9,52,103,62"/><W76/><G104/><T63/><D128/><U6/><E68/><V37/><F37/><W18/><G126/><T87/><D125/><U74/><E1/><V3/><F131/><W19/><G76/><T49/><D38/><U54/><E74/><V67/><F108/><W21/><G110/><T132/><D132/><U32/><E32/><V60/><F55/><W99/><G71/><T11/><D43/><U130/><E130/><V17/><F3/><W34/><G34/><T25/><D63/><U129/><E129/><V80/><F8/><W47/><G62/><T16/><D87/><U26/><E40/><V106/><F17/><W89/><G103/><T57/><D11/><U58/><E82/><V64/><F64/><W69/><G69/><T111/><D111/><U124/><E59/><V45/><F45/><W35/><G35/><N who="0" m="20871" /><D101/><U36/><E36/><V13/><F13/><N who="3" m="5295" /><G19/><T112/><D105/><U39/><E39/><V66/><F66/><W30/><G30/><T88/><D112/><U109/><E109/><V51/><F51/><W75/><G75/><T102/><D102/><N who="1" m="60743" /><E124/><V113/><F113/><W0/><G0/><T91/><AGARI ba="0,0" hai="16,20,25,49,53,57,88,91,133,134,135" m="20871" machi="91" ten="40,5200,0" yaku="20,1,54,2" doraHai="114" who="0" fromWho="0" sc="313,52,237,-13,137,-13,313,-26" /><INIT seed="4,0,0,1,2,68" ten="365,224,124,287" oya="0" hai0="31,48,49,112,111,102,2,32,74,117,26,57,121" hai1="109,120,1,20,9,116,36,11,114,65,14,4,29" hai2="40,19,78,81,115,91,95,94,18,66,99,39,27" hai3="85,88,23,51,125,132,34,134,98,86,59,76,119"/><T113/><D117/><U12/><E116/><V60/><F115/><W100/><G34/><T80/><D121/><U33/><E120/><V24/><F39/><W15/><G125/><T110/><D2/><U6/><E65/><V45/><F27/><W0/><G0/><T75/><D102/><U97/><E97/><V133/><F133/><N who="3" m="51307" /><G76/><N who="0" m="44055" /><D75/><U122/><E122/><V107/><F107/><W43/><G119/><T62/><D49/><U89/><E89/><V22/><F19/><N who="3" m="10751" /><G88/><T82/><D48/><U92/><E92/><V131/><F131/><W73/><G73/><T13/><D13/><U135/><E135/><V42/><F45/><N who="3" m="26047" /><G59/><T71/><D82/><U38/><E114/><N who="0" m="44137" /><D71/><U10/><E33/><V30/><F18/><W41/><G41/><T101/><D101/><U21/><E38/><V127/><F127/><W58/><G58/><T79/><D79/><U63/><E36/><V106/><F106/><AGARI ba="0,0" hai="85,86,98,100,106" m="26047,10751,51307" machi="106" ten="30,1000,0" yaku="20,1" doraHai="68" who="3" fromWho="2" sc="365,0,224,0,124,-10,287,10" /><INIT seed="5,0,0,1,4,19" ten="365,224,114,297" oya="1" hai0="35,10,37,33,23,92,134,98,34,68,85,88,132" hai1="43,64,61,81,110,112,106,114,22,108,51,3,76" hai2="135,9,38,1,128,65,99,96,44,120,63,0,6" hai3="7,126,115,107,122,59,127,20,28,121,104,57,119"/><U77/><E3/><V32/><F120/><N who="3" m="46187" /><G7/><T45/><D68/><U41/><E106/><N who="3" m="40490" /><G115/><N who="1" m="44074" /><E51/><V80/><F128/><W73/><G73/><T50/><D37/><U95/><E95/><V97/><F135/><N who="0" m="51754" /><D10/><U11/><E11/><V56/><F32/><W87/><G87/><T12/><D85/><N who="1" m="48295" /><E77/><V5/><F80/><W60/><G60/><T55/><D12/><U36/><E36/><V17/><F6/><W103/><G103/><T86/><D86/><U130/><E130/><V113/><F113/><W14/><G14/><T90/><D90/><U16/><E43/><V129/><F129/><W62/><G62/><T94/><D94/><U89/><E41/><V116/><F116/><W48/><G119/><T69/><D69/><N who="1" m="42127" /><E89/><V52/><F38/><W31/><G48/><T21/><AGARI ba="0,0" hai="21,23,33,34,35,45,50,55,88,92,98" m="51754" machi="21" ten="40,8000,1" yaku="20,1,52,2,54,1" doraHai="19" who="0" fromWho="0" sc="365,80,224,-40,114,-20,297,-20" /><INIT seed="6,0,0,5,1,48" ten="445,184,94,277" oya="2" hai0="127,34,68,52,130,9,4,77,124,74,20,100,80" hai1="114,62,36,47,103,50,5,101,41,66,115,128,104" hai2="55,61,93,117,109,112,89,43,119,38,85,71,94" hai3="49,102,67,10,84,123,3,65,76,70,31,106,132"/><V15/><F112/><W35/><G123/><T24/><D34/><U11/><E128/><V22/><F109/><W29/><G132/><T30/><D130/><U126/><E126/><V64/><F93/><W12/><G3/><T131/><D131/><U133/><E133/><V69/><F69/><W18/><G106/><T32/><D68/><U6/><E6/><V7/><F22/><W21/><G35/><T105/><D32/><U28/><E28/><V83/><F83/><W27/><G102/><T58/><D100/><U81/><E81/><V75/><F75/><W42/><G70/><T88/><D88/><U45/><E104/><V78/><F78/><W120/><G120/><T97/><D97/><U122/><E122/><V33/><F33/><W79/><G31/><T116/><D105/><U134/><E134/><V57/><F15/><W44/><G84/><T16/><D30/><U19/><E19/><V110/><F7/><W2/><G2/><T111/><D116/><U98/><E98/><V13/><F13/><W129/><G129/><T87/><D74/><U40/><E115/><V72/><F72/><W60/><G60/><N who="0" m="35911" /><D111/><U39/><E114/><V56/><F110/><W90/><G90/><T107/><D107/><U96/><E96/><V8/><F8/><W125/><G125/><N who="0" m="48203" /><D9/><U1/><E39/><V54/><F38/><W108/><G108/><T59/><D59/><AGARI ba="0,0" hai="1,5,11,36,40,41,45,47,50,59,62,66,101,103" machi="59" ten="30,1000,0" yaku="7,1" doraHai="48" who="1" fromWho="0" sc="445,-10,184,10,94,0,277,0" /><INIT seed="7,0,0,1,4,131" ten="435,194,94,277" oya="3" hai0="93,25,64,52,88,101,73,31,105,27,47,117,100" hai1="51,111,5,110,33,97,126,75,90,18,71,121,128" hai2="85,113,30,17,87,83,108,119,8,56,7,55,35" hai3="133,32,120,20,134,109,50,86,22,13,129,66,103"/><W135/><G129/><T102/><D117/><U61/><E75/><V118/><F113/><W40/><G120/><T10/><D73/><U114/><E121/><V65/><F108/><W67/><G32/><T74/><D74/><U45/><E33/><V48/><F118/><W1/><G1/><T12/><D105/><U91/><E114/><V96/><F119/><W21/><G109/><T0/><D64/><N who="3" m="24617" /><G103/><T11/><D0/><U63/><E128/><V41/><F35/><W69/><G86/><N who="0" m="52375" /><D31/><U62/><E71/><V123/><F123/><W58/><G69/><T38/><D38/><U95/><E5/><V46/><F30/><W94/><G94/><T60/><D10/><U70/><E70/><V98/><F65/><W53/><G40/><T115/><D115/><U59/><E111/><V15/><F87/><W39/><G39/><T89/><D89/><U3/><E3/><V6/><F6/><W106/><G106/><T76/><D76/><U16/><E110/><V14/><F56/><W116/><G116/><T9/><D9/><U26/><E91/><V112/><F112/><W92/><G92/><T125/><D47/><U99/><E99/><V43/><F43/><W107/><G107/><T104/><D104/><U36/><E36/><V4/><F55/><W122/><G122/><T24/><D52/><U130/><E130/><V37/><F37/><W2/><G2/><T23/><D60/><U132/><E63/><V68/><F68/><W42/><G42/><T29/><D102/><U81/><E62/><V44/><F44/><W49/><G49/><T28/><D101/><RYUUKYOKU ba="0,0" sc="435,-10,194,-10,94,-10,277,30" hai3="13,20,21,22,50,53,58,133,134,135" /><INIT seed="7,1,0,2,0,119" ten="425,184,84,307" oya="3" hai0="58,84,109,24,132,81,97,128,98,106,57,67,113" hai1="65,0,44,20,120,10,55,124,90,21,134,68,64" hai2="1,51,66,38,63,47,35,4,5,126,122,14,125" hai3="25,8,129,77,16,100,18,15,79,41,130,13,59"/><W83/><G100/><T9/><D109/><U52/><E134/><V48/><F35/><W127/><G127/><N who="2" m="48649" /><F1/><W40/><G25/><T88/><D132/><U75/><E124/><V93/><F14/><W95/><G95/><T103/><D128/><N who="3" m="49257" /><G59/><T11/><D113/><U112/><E112/><V131/><F5/><W102/><G102/><T19/><D98/><U74/><E0/><V17/><F4/><W91/><G91/><T80/><D80/><U111/><E111/><V42/><F93/><W99/><G99/><T54/><D67/><U36/><E10/><V56/><F17/><W53/><G53/><T110/><D58/><U85/><E90/><V73/><F73/><N who="3" m="43439" /><G79/><T6/><D110/><U45/><E85/><V50/><F131/><W72/><G72/><T108/><D108/><U94/><E94/><V37/><F37/><W115/><G115/><T26/><D19/><U39/><E68/><V32/><F32/><W116/><G116/><T27/><REACH who="0" step="1"/><D6/><REACH who="0" ten="415,184,84,307" step="2"/><U43/><E43/><V23/><F23/><AGARI ba="1,1" hai="8,13,15,16,18,23,40,41" m="43439,49257" machi="23" ten="30,2900,0" yaku="19,1,54,1" doraHai="119" who="3" fromWho="2" sc="415,0,184,0,84,-32,307,42" /><INIT seed="7,2,0,1,2,129" ten="415,184,52,349" oya="3" hai0="124,132,55,14,134,76,106,39,93,105,67,58,78" hai1="45,92,82,63,17,131,128,133,130,53,118,81,83" hai2="25,33,121,117,75,11,126,28,87,0,86,35,51" hai3="21,74,38,71,27,73,15,18,52,108,12,115,4"/><W34/><G38/><T102/><D39/><U91/><E63/><V99/><F75/><W95/><G71/><T98/><D67/><U32/><E53/><V135/><F99/><W113/><G95/><T24/><D124/><U2/><E17/><V89/><F51/><W90/><G90/><T112/><D112/><N who="3" m="43081" /><G108/><T48/><D14/><N who="3" m="5161" /><G4/><T79/><REACH who="0" step="1"/><D24/><REACH who="0" ten="405,184,52,349" step="2"/><U64/><E2/><V42/><F25/><W66/><G66/><T13/><D13/><U1/><E64/><V77/><F126/><W5/><G5/><T62/><D62/><U101/><E1/><V26/><F26/><W69/><G69/><T36/><D36/><U116/><E32/><V57/><F117/><W7/><G7/><T19/><D19/><U72/><E118/><V123/><F0/><W43/><G34/><T47/><D47/><U85/><E45/><V6/><F6/><W111/><G111/><T100/><D100/><U10/><E116/><V114/><F114/><W68/><G68/><T70/><D70/><U44/><E44/><V50/><F11/><W104/><G43/><T46/><D46/><U110/><E10/><V29/><F42/><W8/><G8/><T56/><D56/><U30/><E110/><V54/><F57/><W41/><G41/><T20/><D20/><U120/><E30/><V96/><F54/><W122/><G122/><T22/><D22/><U109/><E109/><V49/><F77/><W60/><G104/><AGARI ba="2,1" hai="48,55,58,76,78,79,93,98,102,104,105,106,132,134" machi="104" ten="40,5200,0" yaku="1,1,52,2,53,0" doraHai="129" doraHaiUra="61" who="0" fromWho="3" sc="405,68,184,0,52,0,349,-58" owari="473,58.0,184,-22.0,52,-45.0,291,9.0" /></mjloggm>