<mjloggm ver="2.3"><GO type="41" lobby="0"/><UN n0="%E3%82%82%E3%81%8B%E3%81%BE%E3%82%8B%EF%BC%92" n1="%E3%81%97%E3%81%8A%E3%82%8A%E3%82%93%E3%81%90" n2="%EF%BC%A0%E3%81%A0%E3%82%8A%E3%81%97%E3%82%83%E3%82%93" n3="%E2%93%9D%53%75%70%68%78" dan="14,15,14,18" rate="1917.38,2005.17,1953.04,2133.50" sx="M,M,M,M"/><TAIKYOKU oya="0"/><INIT seed="0,0,0,2,0,49" ten="250,250,250,250" oya="0" hai0="108,23,120,82,38,115,107,69,112,39,33,2,90" hai1="124,1,116,46,97,94,36,85,19,92,20,106,4" hai2="105,87,27,111,70,80,84,58,30,109,7,86,96" hai3="88,22,78,101,71,9,123,114,125,132,11,37,10"/><T61/><D120/><U14/><E116/><V55/><F70/><W130/><G114/><T54/><D23/><U43/><E124/><V72/><F7/><W100/><G37/><N who="0" m="13835" /><D33/><U119/><E119/><V5/><F5/><W122/><G78/><T89/><D82/><U34/><E34/><V79/><F27/><W113/><G130/><T42/><D89/><U73/><E106/><V6/><F6/><W91/><G71/><T67/><D90/><N who="3" m="34345" /><G132/><T0/><D107/><U102/><E73/><V83/><F30/><W31/><G113/><N who="0" m="43595" /><D42/><U62/><E85/><V98/><F83/><W63/><G125/><T53/><D0/><U25/><E94/><V12/><F12/><W51/><G22/><T75/><D2/><U99/><E99/><V93/><F105/><W110/><G31/><T65/><D75/><U44/><E1/><V56/><F93/><W3/><G3/><T35/><D35/><U16/><E4/><V59/><F98/><W24/><G24/><T32/><D32/><U77/><E77/><V18/><F18/><W17/><G17/><T128/><D128/><U118/><E118/><V126/><F126/><W68/><G123/><T52/><D67/><U45/><REACH who="1" step="1"/><E62/><REACH who="1" ten="250,240,250,250" step="2"/><N who="2" m="36127" /><F96/><W81/><G122/><T8/><D8/><AGARI ba="0,1" hai="8,14,16,19,20,25,36,43,44,45,46,92,97,102" machi="8" ten="30,3900,0" yaku="1,1,7,1,54,1,53,0" doraHai="49" doraHaiUra="76" who="1" fromWho="0" sc="250,-39,240,49,250,0,250,0" /><INIT seed="1,0,0,1,1,61" ten="211,289,250,250" oya="1" hai0="68,85,88,51,21,63,113,5,132,16,129,14,90" hai1="77,95,99,9,128,112,91,133,28,1,3,82,48" hai2="81,20,52,74,114,124,10,125,126,89,11,110,39" hai3="62,55,116,87,115,44,84,25,134,86,8,122,73"/><U119/><E112/><V12/><F39/><W38/><G73/><T104/><D113/><U33/><E119/><V18/><F114/><W120/><G115/><T26/><D104/><U30/><E128/><V0/><F74/><W93/><G134/><T72/><D132/><U23/><E133/><V37/><F37/><W32/><G8/><T41/><D72/><U7/><E33/><V53/><F110/><W78/><G78/><T22/><D5/><U117/><E117/><V6/><F81/><W92/><G116/><T131/><D51/><U57/><E3/><V27/><REACH who="2" step="1"/><F89/><REACH who="2" ten="211,289,240,250" step="2"/><W31/><G38/><T98/><D90/><U108/><E108/><V42/><F42/><W121/><G121/><T2/><D41/><U123/><E123/><V59/><F59/><W24/><G122/><T49/><D68/><U54/><REACH who="1" step="1"/><E23/><REACH who="1" ten="211,279,240,250" step="2"/><V80/><F80/><W75/><G120/><T13/><D22/><U50/><E50/><V58/><F58/><W106/><G32/><T36/><D49/><U96/><E96/><V83/><F83/><W100/><G44/><T56/><D36/><U19/><E19/><AGARI ba="0,2" hai="0,6,10,11,12,18,19,20,27,52,53,124,125,126" machi="19" ten="40,5200,0" yaku="1,1,18,1,54,1,53,0" doraHai="61" doraHaiUra="111" who="2" fromWho="1" sc="211,0,279,-52,240,72,250,0" /><INIT seed="2,0,0,3,2,3" ten="211,227,312,250" oya="2" hai0="62,45,120,37,42,14,18,129,29,67,63,28,32" hai1="123,126,85,30,31,47,0,112,127,10,99,16,38" hai2="108,110,55,1,115,82,93,81,44,92,70,71,36" hai3="68,6,34,106,2,46,133,91,23,114,24,124,11"/><V52/><F1/><W130/><G106/><T65/><D120/><U97/><E112/><V86/><F115/><W132/><G68/><T41/><D129/><U8/><E38/><V17/><F17/><W76/><G76/><T78/><D78/><U119/><E47/><V131/><F36/><W35/><G91/><T89/><D89/><U59/><E59/><V39/><F39/><W69/><G69/><T79/><D79/><U135/><E135/><N who="3" m="51786" /><G124/><N who="1" m="47658" /><E119/><V5/><F44/><W121/><G114/><T102/><D37/><U49/><E49/><V125/><F125/><W12/><G46/><T51/><D45/><U96/><E85/><V116/><F86/><W58/><G58/><T26/><D51/><U95/><E95/><V113/><F113/><W107/><G107/><T13/><D26/><U104/><E123/><V100/><F100/><W53/><G53/><T33/><REACH who="0" step="1"/><D18/><REACH who="0" ten="201,227,312,250" step="2"/><U111/><E16/><V56/><F116/><W19/><G121/><T27/><D27/><U90/><E90/><V50/><F50/><W20/><G130/><T74/><D74/><U128/><E128/><V75/><F75/><W88/><G88/><T84/><D84/><U80/><E99/><V117/><F117/><W72/><G72/><T60/><D60/><U43/><E97/><V94/><F131/><W4/><G23/><T134/><D134/><U7/><E96/><V21/><F110/><W57/><G57/><T40/><D40/><U64/><E43/><V77/><F108/><W105/><G105/><T83/><D83/><U61/><E111/><V15/><F56/><W87/><G87/><RYUUKYOKU ba="0,1" sc="201,15,227,-15,312,-15,250,15" hai0="13,14,28,29,32,33,41,42,62,63,65,67,102" hai3="2,4,6,11,12,19,20,24,34,35" /><INIT seed="3,1,1,0,0,73" ten="216,212,297,265" oya="3" hai0="67,12,100,103,107,89,83,74,65,1,40,95,134" hai1="84,25,92,21,17,51,110,124,119,132,96,9,46" hai2="113,93,86,30,6,131,77,85,109,135,47,13,94" hai3="130,24,38,53,64,101,10,0,35,129,68,23,76"/><W20/><G38/><T22/><D134/><U41/><E110/><V60/><F135/><W45/><G101/><T16/><D1/><U4/><E124/><V58/><F113/><W7/><G64/><T69/><D40/><U63/><E119/><V104/><F104/><W80/><G68/><T112/><D112/><U11/><E132/><V50/><F109/><W26/><G53/><T70/><D67/><U66/><E84/><V106/><F106/><W33/><G45/><T57/><D57/><U29/><E17/><V102/><F131/><N who="3" m="50187" /><G80/><T8/><D65/><U105/><E105/><V28/><F102/><W90/><G76/><T19/><D107/><U117/><E4/><V52/><F86/><W79/><G79/><T123/><D123/><U36/><E36/><V87/><F87/><W78/><G90/><T120/><D120/><U75/><E117/><V118/><F118/><W15/><G78/><T121/><D121/><U44/><E44/><V32/><F32/><N who="3" m="12363" /><G23/><T27/><D70/><U128/><E75/><V18/><F93/><W48/><G48/><T39/><D69/><U14/><E128/><V43/><F94/><W111/><G111/><T125/><D39/><U2/><E63/><V59/><F59/><W99/><G99/><N who="0" m="57839" /><D83/><U55/><E66/><V3/><F85/><W71/><G71/><T37/><D37/><U81/><E81/><V126/><F77/><W72/><G72/><T61/><D74/><U97/><E92/><V127/><F127/><W91/><G91/><T54/><D125/><U122/><E122/><V133/><F126/><W34/><G34/><RYUUKYOKU ba="1,1" sc="216,15,212,-15,297,-15,265,15" hai0="8,12,16,19,22,27,54,61,100,103" hai3="0,7,10,15,20,24,26" /><INIT seed="3,2,1,0,3,37" ten="231,197,282,280" oya="3" hai0="94,87,101,109,31,75,83,59,56,1,118,126,76" hai1="122,52,49,129,77,103,120,97,128,64,130,66,58" hai2="29,16,43,131,19,65,123,74,107,80,36,110,9" hai3="24,72,47,4,78,82,119,102,135,132,114,63,99"/><W35/><G114/><T73/><D118/><U55/><E77/><V91/><F123/><N who="1" m="47145" /><E97/><V25/><F107/><W13/><G119/><T17/><D1/><U89/><E89/><V84/><F110/><W93/><G63/><T48/><D31/><U54/><E103/><V12/><F131/><W117/><G117/><T27/><D109/><U40/><E58/><V112/><F112/><W46/><G4/><T68/><D68/><U60/><E60/><V90/><F74/><W26/><G13/><T5/><D5/><U0/><E0/><V111/><F111/><W113/><G113/><T125/><D75/><U57/><E57/><V6/><F65/><N who="1" m="25193" /><E49/><V8/><F8/><W105/><G105/><T70/><D70/><U14/><E14/><V45/><REACH who="2" step="1"/><F91/><REACH who="2" ten="231,197,272,280" step="2"/><W61/><G72/><T88/><D73/><U62/><E62/><V23/><AGARI ba="2,2" hai="6,9,12,16,19,23,25,29,36,43,45,80,84,90" machi="23" ten="20,12000,2" yaku="1,1,2,1,0,1,7,1,52,1,54,1,53,1" doraHai="37" doraHaiUra="22" who="2" fromWho="2" sc="231,-32,197,-32,272,146,280,-62" /><INIT seed="4,0,0,4,5,102" ten="199,165,418,218" oya="0" hai0="71,12,107,91,129,13,19,117,82,125,29,84,92" hai1="2,75,57,7,3,104,35,25,76,56,0,100,97" hai2="45,9,113,72,4,123,93,1,86,62,61,111,38" hai3="20,60,133,69,33,10,16,78,24,87,66,49,54"/><T17/><D117/><U127/><E127/><V131/><F111/><W39/><G39/><T80/><D129/><U74/><E57/><V114/><F131/><W47/><G133/><T134/><D134/><U95/><E56/><V36/><F123/><W22/><G33/><T109/><D125/><U128/><E128/><V81/><F93/><W48/><G10/><T99/><D109/><U27/><E27/><V31/><F31/><W90/><G78/><T55/><D29/><N who="1" m="19887" /><E95/><V126/><F126/><W88/><G87/><T64/><D55/><U68/><E68/><V65/><F38/><W96/><G96/><T119/><D119/><U115/><E115/><N who="2" m="44043" /><F65/><W14/><REACH who="3" step="1"/><G49/><REACH who="3" ten="199,165,418,208" step="2"/><T94/><D107/><U63/><E63/><V50/><F36/><W28/><AGARI ba="0,1" hai="14,16,20,22,24,28,47,48,54,60,66,69,88,90" machi="28" ten="20,12000,2" yaku="1,1,2,1,0,1,7,1,54,2,53,1" doraHai="102" doraHaiUra="58" who="3" fromWho="3" sc="199,-60,165,-30,418,-30,208,130" /><INIT seed="5,0,0,4,5,61" ten="139,135,388,338" oya="1" hai0="27,69,26,24,130,126,71,10,90,124,122,78,37" hai1="68,12,99,93,114,119,132,17,5,51,89,135,80" hai2="107,109,15,96,103,75,21,88,128,98,72,53,77" hai3="65,16,101,45,0,121,31,14,84,76,2,70,112"/><U34/><E119/><V28/><F109/><W74/><G121/><T94/><D37/><U105/><E34/><V35/><F35/><W127/><G74/><T133/><D122/><U23/><E114/><V19/><F28/><W40/><G101/><T102/><D102/><U85/><E105/><V129/><F77/><W111/><G127/><N who="0" m="48683" /><D78/><U58/><E68/><N who="0" m="26185" /><D10/><U123/><E123/><V64/><F53/><W60/><G31/><T20/><D133/><U39/><E39/><V67/><F75/><W9/><G111/><T125/><N who="0" m="48691" /><T86/><DORA hai="29" /><D130/><N who="2" m="50282" /><F72/><W47/><G112/><T50/><D50/><U49/><E5/><V43/><F43/><W73/><G73/><T48/><D48/><U81/><E81/><V110/><F110/><W41/><G41/><T92/><D92/><AGARI ba="0,0" hai="15,19,21,64,67,88,92,96,98,103,107" m="50282" machi="92" ten="30,7700,0" yaku="19,1,52,2,54,1" doraHai="61,29" who="2" fromWho="0" sc="139,-77,135,0,388,77,338,0" /><INIT seed="6,0,0,3,0,100" ten="62,135,465,338" oya="2" hai0="54,89,134,13,27,94,35,98,70,68,58,62,76" hai1="9,61,85,30,44,101,60,24,133,93,83,21,39" hai2="34,116,7,129,106,123,29,118,67,42,36,32,72" hai3="115,92,56,114,131,51,88,33,55,17,84,50,97"/><V4/><F72/><W15/><G33/><T125/><D134/><U87/><E133/><V120/><F67/><W66/><G131/><T135/><D135/><U69/><E69/><V10/><F42/><W14/><G66/><T64/><D125/><U102/><E39/><V16/><F106/><W79/><G15/><T5/><D76/><U22/><E44/><V38/><F29/><W77/><G51/><T128/><D128/><U47/><E47/><V71/><F71/><W0/><G0/><T8/><REACH who="0" step="1"/><D64/><REACH who="0" ten="52,135,465,338" step="2"/><U48/><E101/><V86/><F129/><W52/><G55/><T113/><D113/><N who="3" m="43017" /><G97/><T103/><D103/><U104/><E102/><V75/><F75/><W81/><G81/><T57/><D57/><U117/><E83/><V6/><F86/><W1/><G1/><T110/><D110/><U127/><E87/><V78/><F78/><W112/><G112/><T132/><D132/><U31/><E85/><V90/><F90/><W74/><G74/><T3/><D3/><U46/><E127/><V59/><F59/><W41/><G41/><T25/><D25/><U2/><E24/><V126/><F126/><W91/><G91/><T49/><D49/><U20/><E48/><V108/><F108/><W40/><G40/><T105/><D105/><U73/><E104/><V43/><F43/><W37/><G37/><T121/><D121/><N who="2" m="46666" /><F38/><W111/><G111/><T28/><AGARI ba="0,1" hai="5,8,13,27,28,35,54,58,62,68,70,89,94,98" machi="28" ten="30,4000,0" yaku="1,1,0,1,53,1" doraHai="100" doraHaiUra="26" who="0" fromWho="0" sc="52,50,135,-10,465,-20,338,-10" /><INIT seed="7,0,0,4,1,56" ten="102,125,445,328" oya="3" hai0="58,126,31,115,24,85,88,92,48,89,86,4,95" hai1="98,104,121,116,97,122,51,84,8,7,66,2,23" hai2="94,61,42,12,14,105,15,25,65,54,9,111,117" hai3="75,118,107,113,35,10,106,19,80,46,129,30,63"/><W50/><G118/><T38/><D38/><U52/><E116/><V33/><F117/><W57/><G113/><T120/><D120/><U93/><E66/><V124/><F124/><W102/><G129/><T81/><D126/><U28/><E104/><V0/><F105/><W36/><G36/><T32/><D4/><U21/><E84/><V82/><F42/><W60/><G35/><T45/><D58/><U29/><E97/><V37/><F37/><W108/><G30/><T47/><D115/><U125/><E125/><V1/><F54/><W132/><G132/><T27/><D81/><U64/><E64/><V17/><F82/><W133/><G133/><T69/><D69/><U71/><E71/><V13/><F94/><W101/><G108/><T79/><D79/><U39/><E39/><V6/><F111/><W78/><G107/><T73/><D73/><U119/><E119/><V83/><F83/><W62/><G57/><T41/><REACH who="0" step="1"/><D27/><REACH who="0" ten="92,125,445,328" step="2"/><U11/><E121/><V3/><F65/><W22/><G106/><T87/><D87/><U16/><E122/><V5/><F33/><W49/><G10/><T114/><D114/><U109/><E109/><V74/><F74/><W34/><G34/><T135/><D135/><U59/><E11/><V110/><F110/><W103/><REACH who="3" step="1"/><G46/><AGARI ba="0,1" hai="24,31,32,41,45,46,47,48,85,86,88,89,92,95" machi="46" ten="40,8000,1" yaku="1,1,9,1,54,1,53,1" doraHai="56" doraHaiUra="20" who="0" fromWho="3" sc="92,90,125,0,445,0,328,-80" owari="182,-22.0,125,-37.0,445,54.0,248,5.0" /></mjloggm>