<mjloggm ver="2.3"><GO type="41" lobby="0"/><UN n0="%2A%68%69%72%61%6D%61" n1="%E3%81%86%E3%81%9A%E3%82%89%E5%8D%B5%E3%83%95%E3%83%A9%E3%82%A4" n2="%E2%93%9D%53%75%70%68%78" n3="%E3%81%AB%E3%83%BC%E3%82%88%E3%82%93%E3%81%BE%E3%82%8B" dan="15,14,18,14" rate="1952.58,1924.21,2076.87,2001.31" sx="M,M,M,M"/><TAIKYOKU oya="0"/><INIT seed="0,0,0,2,3,93" ten="250,250,250,250" oya="0" hai0="62,123,44,82,91,10,101,53,43,33,1,135,124" hai1="131,21,2,49,104,111,88,22,76,128,63,20,72" hai2="69,13,94,11,32,109,25,18,80,126,107,77,28" hai3="65,50,84,39,4,97,134,116,27,58,48,105,51"/><T47/><D123/><U95/><E104/><V117/><F109/><W60/><G116/><T12/><D124/><U19/><E111/><V115/><F126/><W7/><G39/><T125/><D135/><U59/><E49/><V8/><F107/><W3/><G3/><T61/><D1/><U66/><E2/><V57/><F69/><W6/><G134/><T29/><D125/><U103/><E103/><V118/><F115/><W40/><G40/><T70/><D101/><U120/><E120/><V100/><F57/><W87/><G105/><T129/><D47/><U38/><E38/><V15/><F94/><W99/><G27/><T16/><D70/><U113/><E113/><V92/><F92/><W133/><G133/><T81/><D81/><N who="1" m="45191" /><E19/><V34/><F100/><W64/><G65/><T74/><D129/><N who="1" m="49739" /><E20/><V98/><F34/><W119/><G119/><T17/><D17/><U36/><E36/><V5/><REACH who="2" step="1"/><F98/><AGARI ba="0,0" hai="4,6,7,48,50,51,58,60,64,84,87,97,98,99" machi="98" ten="40,8000,1" yaku="8,1,52,3" doraHai="93" who="3" fromWho="2" sc="250,0,250,0,250,-80,250,80" /><AGARI ba="0,0" hai="21,22,59,63,66,88,95,98" m="49739,45191" machi="98" ten="30,3900,0" yaku="19,1,52,1,54,1" doraHai="93" who="1" fromWho="2" sc="250,0,250,39,170,-39,330,0" /><INIT seed="1,0,0,3,4,39" ten="250,289,131,330" oya="1" hai0="22,84,119,20,127,102,63,4,16,42,130,53,54" hai1="82,12,129,85,72,104,122,117,59,43,98,75,97" hai2="73,126,128,17,95,41,101,28,32,65,131,45,134" hai3="64,14,46,48,61,88,125,47,3,94,44,86,11"/><U70/><E70/><V36/><F17/><W109/><G109/><T124/><D119/><U113/><E113/><V112/><F95/><W33/><G33/><T27/><D130/><N who="2" m="49706" /><F101/><W96/><G125/><T5/><D102/><U31/><E117/><V15/><F15/><W38/><G38/><T62/><D84/><U9/><E129/><V110/><F73/><W79/><G3/><T81/><D81/><U58/><E75/><V116/><F116/><W66/><G61/><T115/><D16/><U77/><E122/><V92/><F92/><W108/><G108/><T57/><D27/><U99/><E72/><V51/><F28/><W10/><G10/><T80/><D57/><U114/><E114/><V90/><F90/><W6/><G48/><T26/><D26/><U2/><E31/><V55/><F32/><W133/><G133/><T87/><D87/><U135/><E135/><V23/><F23/><W13/><G13/><T0/><D80/><AGARI ba="0,0" hai="6,11,14,44,46,47,64,66,79,80,86,88,94,96" machi="80" ten="40,2600,0" yaku="8,1,54,1" doraHai="39" who="3" fromWho="0" sc="250,-26,289,0,131,0,330,26" /><INIT seed="2,0,0,5,3,132" ten="224,289,131,356" oya="2" hai0="24,66,91,44,21,100,57,10,80,0,83,128,71" hai1="117,96,31,43,112,86,18,62,7,129,54,41,98" hai2="107,118,131,68,63,5,16,101,111,23,88,13,20" hai3="50,51,32,102,126,119,69,39,64,30,135,67,75"/><V17/><F118/><W25/><G119/><T15/><D128/><U82/><E112/><V105/><F131/><W106/><G67/><T11/><D71/><U77/><E129/><V125/><F5/><W55/><G50/><T6/><D100/><U79/><E31/><V56/><F68/><W8/><G8/><T95/><D44/><U19/><E7/><V45/><F101/><W65/><G65/><T42/><D42/><N who="1" m="15883" /><E79/><V84/><F45/><W59/><G75/><T94/><D11/><U46/><E117/><V26/><F125/><W116/><G135/><T76/><D0/><U124/><E124/><V53/><REACH who="2" step="1"/><F111/><REACH who="2" ten="224,289,121,356" step="2"/><W120/><G116/><T113/><D6/><U58/><E46/><V104/><F104/><W37/><G126/><T61/><D113/><U121/><E121/><V90/><F90/><W74/><G120/><T34/><D91/><U78/><E78/><V29/><F29/><W72/><G37/><T4/><D76/><U115/><E115/><V35/><F35/><W133/><G39/><T89/><D34/><U49/><E19/><V33/><F33/><W40/><G40/><T97/><D94/><AGARI ba="0,1" hai="13,16,17,20,23,26,53,56,63,84,88,94,105,107" machi="94" ten="30,11600,0" yaku="1,1,7,1,54,2,53,0" doraHai="132" doraHaiUra="99" who="2" fromWho="0" sc="224,-116,289,0,121,126,356,0" /><INIT seed="2,1,0,2,5,43" ten="108,289,247,356" oya="2" hai0="122,93,63,103,96,36,118,88,4,21,94,32,107" hai1="50,83,34,40,68,97,64,98,66,31,95,125,35" hai2="76,37,126,102,56,134,92,129,135,6,52,91,51" hai3="86,71,49,46,109,79,89,3,120,57,48,113,33"/><V0/><F37/><W123/><G3/><T45/><D32/><U132/><E132/><N who="2" m="50731" /><F76/><W85/><G33/><T99/><D118/><U25/><E35/><V65/><F102/><W112/><G71/><T22/><D122/><U127/><E68/><V58/><F126/><N who="1" m="48137" /><E83/><V47/><F129/><W27/><G27/><T74/><D74/><U119/><E119/><V82/><F82/><N who="3" m="47327" /><G49/><T124/><D124/><U128/><E128/><V38/><F38/><W7/><G7/><T87/><D4/><U69/><E69/><V39/><F39/><W42/><G57/><N who="2" m="22121" /><F65/><N who="1" m="25193" /><E95/><V1/><F6/><W106/><G106/><T13/><D63/><U5/><E5/><V14/><F14/><W105/><G105/><T30/><D13/><U104/><E104/><V62/><F62/><W19/><G19/><T24/><D36/><U11/><E11/><V121/><F121/><W17/><G17/><T81/><D107/><U10/><E10/><V80/><F80/><N who="3" m="49351" /><G109/><T26/><D24/><U61/><E61/><V84/><AGARI ba="1,0" hai="0,1,47,51,52,84,91,92" m="22121,50731" machi="84" ten="30,6000,0" yaku="20,1,52,1,54,1" doraHai="43" who="2" fromWho="2" sc="108,-21,289,-21,247,63,356,-21" /><INIT seed="2,2,0,4,3,106" ten="87,268,310,335" oya="2" hai0="23,43,12,19,101,98,20,73,83,115,99,34,1" hai1="112,127,50,25,132,28,45,121,70,4,3,52,67" hai2="22,68,35,11,102,81,66,69,85,7,113,10,110" hai3="62,134,119,6,56,86,5,123,65,109,84,18,124"/><V44/><F113/><W32/><G109/><T40/><D115/><U30/><E112/><V47/><F35/><W114/><G32/><T33/><D1/><U82/><E132/><V13/><F110/><W130/><G114/><T90/><D33/><U108/><E108/><V95/><F66/><W53/><G119/><T125/><D125/><U15/><E127/><V0/><F22/><W51/><G123/><T94/><D34/><U71/><E3/><V17/><F95/><W64/><G64/><T103/><D23/><U105/><E105/><V37/><F102/><W31/><G31/><T29/><D29/><U49/><E67/><V72/><F47/><W27/><G124/><T9/><D9/><U59/><E82/><V118/><F85/><W54/><G54/><T26/><D26/><U79/><E79/><N who="2" m="44263" /><F118/><W87/><G130/><T104/><REACH who="0" step="1"/><D90/><REACH who="0" ten="77,268,310,335" step="2"/><U93/><E25/><V78/><F78/><AGARI ba="2,1" hai="12,19,20,40,43,73,78,83,94,98,99,101,103,104" machi="78" ten="40,5200,0" yaku="1,1,2,1,52,1,53,0" doraHai="106" doraHaiUra="117" who="0" fromWho="2" sc="77,68,268,0,310,-58,335,0" /><INIT seed="3,0,0,5,5,77" ten="145,268,252,335" oya="3" hai0="34,111,17,2,90,53,67,54,20,104,76,48,106" hai1="125,132,85,37,36,14,96,31,15,91,59,82,131" hai2="128,113,80,64,29,23,101,88,130,56,3,40,108" hai3="112,133,65,124,11,118,39,27,8,52,79,45,7"/><W0/><G112/><T47/><D34/><U63/><E131/><N who="2" m="50219" /><F3/><W83/><G118/><T107/><D2/><U60/><E132/><V30/><F113/><W99/><G124/><T120/><D120/><U66/><E125/><V135/><F101/><W46/><G133/><T19/><D111/><U105/><E31/><V69/><F69/><W68/><G65/><T5/><D5/><U18/><E14/><V41/><F108/><W26/><G68/><T89/><D67/><U93/><E105/><V42/><F23/><W87/><G11/><T1/><D1/><U78/><REACH who="1" step="1"/><E63/><REACH who="1" ten="145,258,252,335" step="2"/><N who="2" m="37991" /><F135/><W102/><G39/><T117/><D107/><U4/><E4/><V16/><F16/><W58/><G26/><T35/><D106/><U123/><E123/><V100/><F100/><W95/><REACH who="3" step="1"/><G27/><REACH who="3" ten="145,258,252,325" step="2"/><T43/><D117/><U22/><AGARI ba="0,2" hai="15,18,22,36,37,59,60,66,78,82,85,91,93,96" machi="22" ten="20,8000,1" yaku="1,1,0,1,7,1,52,1,53,1" doraHai="77" doraHaiUra="86" who="1" fromWho="1" sc="145,-20,258,100,252,-20,325,-40" /><INIT seed="4,0,0,3,3,100" ten="125,358,232,285" oya="0" hai0="58,66,40,57,93,125,2,60,98,19,130,0,67" hai1="12,77,110,116,4,108,126,45,44,59,87,112,25" hai2="133,128,109,64,94,20,111,115,84,102,105,73,118" hai3="14,23,72,95,103,85,17,63,41,106,37,9,81"/><T135/><D125/><U91/><E116/><V131/><F64/><W119/><G119/><T49/><D130/><N who="2" m="49706" /><F20/><W47/><G72/><T70/><D135/><U76/><E25/><V129/><F118/><W127/><G127/><T86/><D70/><U15/><E59/><V92/><F129/><W134/><G134/><T96/><D86/><U78/><E112/><V24/><F24/><W74/><G74/><T124/><D124/><U46/><E126/><V65/><F65/><W97/><G63/><T107/><D19/><U22/><E4/><V62/><F62/><W56/><G56/><T82/><D82/><U51/><E51/><V29/><F29/><W123/><G123/><T1/><D40/><U120/><E120/><V26/><F26/><W13/><G95/><N who="2" m="36393" /><F73/><W38/><G38/><T121/><D49/><U113/><E113/><V34/><F34/><W35/><G35/><T11/><D11/><U68/><E68/><V36/><F36/><W5/><G13/><T30/><D30/><U114/><E114/><V69/><F69/><W122/><G122/><T54/><D58/><U53/><E53/><V16/><F115/><W61/><G61/><T10/><D10/><U55/><E55/><V71/><F71/><W99/><G23/><T42/><D42/><U132/><E132/><V31/><F31/><W43/><G43/><T39/><D39/><U48/><E48/><V101/><F133/><W32/><G32/><T21/><D21/><U6/><E22/><V27/><F27/><W104/><G5/><T89/><D121/><U33/><E6/><V83/><F16/><RYUUKYOKU ba="0,0" sc="125,30,358,-10,232,-10,285,-10" hai0="0,1,2,54,57,60,66,67,89,93,96,98,107" /><INIT seed="4,1,0,4,0,73" ten="155,348,222,275" oya="0" hai0="112,72,82,97,7,10,76,52,90,20,75,14,17" hai1="119,18,49,58,99,104,42,125,87,70,31,55,0" hai2="66,6,69,88,127,109,86,133,79,114,51,23,19" hai3="35,46,24,57,8,36,60,38,116,30,101,9,110"/><T26/><D112/><U5/><E119/><V2/><F109/><W113/><G110/><T102/><D75/><U37/><E31/><V132/><F114/><W131/><G113/><T13/><D90/><U15/><E5/><V47/><F127/><W135/><G135/><N who="2" m="51785" /><F66/><W107/><G131/><T129/><D129/><U1/><E87/><V27/><F69/><W77/><G101/><T117/><D117/><U126/><E70/><V62/><F62/><W64/><G107/><T95/><REACH who="0" step="1"/><D52/><REACH who="0" ten="145,348,222,275" step="2"/><U68/><E55/><N who="2" m="30207" /><F79/><W134/><G134/><T3/><AGARI ba="1,1" hai="3,7,10,13,14,17,20,26,72,76,82,95,97,102" machi="3" ten="20,7800,0" yaku="1,1,0,1,7,1,52,1,53,0" doraHai="73" doraHaiUra="100" who="0" fromWho="0" sc="145,91,348,-27,222,-27,275,-27" /><INIT seed="4,2,0,2,2,41" ten="236,321,195,248" oya="0" hai0="22,49,101,25,38,119,33,115,69,86,93,57,3" hai1="9,135,39,52,126,17,114,61,15,58,34,35,60" hai2="81,95,125,122,73,6,53,87,111,30,11,134,5" hai3="102,74,91,106,105,36,59,54,78,133,63,46,121"/><T75/><D119/><U112/><E39/><V2/><F111/><W51/><G133/><T45/><D75/><U13/><E135/><V76/><F134/><W110/><G110/><T113/><D69/><U0/><E126/><V77/><F122/><W29/><G121/><T55/><D3/><U20/><E0/><V50/><F6/><W131/><G36/><T99/><D33/><U19/><REACH who="1" step="1"/><E61/><REACH who="1" ten="236,311,195,248" step="2"/><V84/><F125/><W96/><G131/><T79/><D38/><U26/><E26/><V109/><F109/><W104/><G29/><T37/><D37/><U21/><E21/><V56/><F30/><W120/><G120/><T70/><D22/><U100/><E100/><V27/><F27/><W24/><G24/><T90/><D25/><U98/><E98/><V28/><F28/><W16/><G102/><T117/><D117/><U8/><E8/><V82/><F73/><W66/><G74/><T43/><D70/><U7/><E7/><V116/><F116/><W124/><G124/><T107/><REACH who="0" step="1"/><D79/><REACH who="0" ten="226,311,195,248" step="2"/><U48/><E48/><V72/><F72/><W4/><G78/><T92/><D92/><AGARI ba="2,2" hai="2,5,11,50,53,56,76,77,81,82,84,87,92,95" machi="92" ten="40,1300,0" yaku="9,1" doraHai="41" who="2" fromWho="0" sc="226,-19,311,0,195,39,248,0" /><INIT seed="5,0,0,1,2,10" ten="207,311,234,248" oya="1" hai0="45,51,99,75,17,44,7,27,110,107,77,103,79" hai1="115,43,117,80,67,14,58,57,66,37,1,18,125" hai2="59,73,35,85,3,118,53,50,89,95,109,105,49" hai3="88,21,72,61,0,131,94,76,60,23,112,132,78"/><U70/><E117/><V30/><F109/><W116/><G112/><T83/><D110/><U55/><E1/><V127/><F118/><W34/><G34/><T19/><D79/><U4/><E4/><V32/><F105/><W40/><G0/><T122/><D122/><U15/><E37/><V114/><F73/><W41/><G132/><T28/><D7/><U6/><E70/><V100/><F127/><W96/><G131/><T29/><D29/><U135/><E43/><N who="3" m="16458" /><G72/><T24/><D24/><U5/><E115/><V38/><F38/><W133/><G133/><T101/><D101/><U111/><E111/><V134/><F3/><W13/><G23/><T52/><REACH who="0" step="1"/><D45/><REACH who="0" ten="197,311,234,248" step="2"/><U56/><E5/><V63/><F134/><W124/><G116/><T97/><D97/><U123/><E123/><V126/><F114/><W120/><G120/><T11/><D11/><N who="1" m="4471" /><E125/><V106/><F126/><W121/><G124/><T16/><D16/><U108/><E108/><V26/><REACH who="2" step="1"/><F35/><AGARI ba="0,1" hai="17,19,27,28,35,44,51,52,75,77,83,99,103,107" machi="35" ten="30,7700,0" yaku="1,1,7,1,54,1,53,1" doraHai="10" doraHaiUra="22" who="0" fromWho="2" sc="197,87,311,0,234,-77,248,0" /><INIT seed="6,0,0,3,3,49" ten="284,311,157,248" oya="2" hai0="131,119,122,69,32,99,20,65,118,44,77,5,68" hai1="24,83,72,55,113,126,56,61,7,75,30,108,43" hai2="41,22,102,104,107,109,134,13,15,34,6,26,53" hai3="36,66,35,128,133,89,86,47,37,62,87,46,130"/><V18/><F41/><W95/><G35/><T111/><D32/><U9/><E108/><V29/><F109/><W21/><G133/><T63/><D111/><U90/><E113/><V80/><F134/><W81/><G37/><T123/><D77/><U100/><E100/><V78/><F102/><W27/><G36/><T73/><D73/><U23/><E126/><V70/><F70/><W12/><G12/><T103/><D5/><U2/><E43/><V115/><F115/><W97/><G87/><T38/><D20/><U31/><E31/><V10/><REACH who="2" step="1"/><F53/><REACH who="2" ten="284,311,147,248" step="2"/><W25/><G130/><T88/><D131/><U40/><E40/><V59/><F59/><N who="3" m="37215" /><G128/><T135/><D103/><U98/><E55/><V106/><F106/><W60/><G60/><T17/><D135/><U28/><E56/><V3/><F3/><W8/><G8/><T48/><D63/><U71/><E61/><V11/><F11/><W76/><G27/><T125/><D69/><U58/><E71/><V82/><F82/><W45/><G47/><T91/><D44/><U14/><E58/><V112/><F112/><W96/><G46/><T42/><D42/><U57/><E57/><V117/><F117/><W93/><G45/><T33/><D119/><U16/><E83/><V79/><F79/><W19/><G76/><T67/><D118/><U94/><REACH who="1" step="1"/><E30/><REACH who="1" ten="284,301,147,248" step="2"/><V116/><F116/><W74/><G74/><AGARI ba="0,2" hai="6,10,13,15,18,22,26,29,34,74,78,80,104,107" machi="74" ten="30,2900,0" yaku="1,1,7,1,53,0" doraHai="49" doraHaiUra="124" who="2" fromWho="3" sc="284,0,301,0,147,49,248,-29" /><INIT seed="6,1,0,0,1,54" ten="284,301,196,219" oya="2" hai0="10,90,16,24,15,88,135,21,4,117,38,39,31" hai1="68,116,133,9,125,80,103,35,3,78,98,112,25" hai2="102,50,113,87,22,132,0,104,26,71,105,107,99" hai3="29,86,128,57,115,100,49,119,52,109,55,33,58"/><V108/><F0/><W65/><G109/><T75/><D75/><U129/><E68/><V118/><F118/><W82/><G119/><T41/><D117/><U12/><E116/><V47/><F71/><W95/><G128/><T2/><D135/><U34/><E133/><V13/><F132/><W43/><G115/><T66/><D66/><U111/><E111/><V85/><F113/><W130/><G130/><T134/><D134/><U123/><E3/><V106/><F108/><W69/><G33/><T77/><D77/><U124/><E129/><V126/><F13/><W11/><G29/><T19/><D19/><U131/><E25/><V30/><REACH who="2" step="1"/><F126/><REACH who="2" ten="284,301,186,219" step="2"/><W18/><G69/><T101/><D15/><U81/><E131/><V110/><F110/><W63/><G43/><AGARI ba="1,1" hai="22,26,30,43,47,50,85,87,99,102,104,105,106,107" machi="43" ten="40,2000,0" yaku="1,1,53,0" doraHai="54" doraHaiUra="60" who="2" fromWho="3" sc="284,0,301,0,186,33,219,-23" /><INIT seed="6,2,0,0,5,48" ten="284,301,219,196" oya="2" hai0="114,9,33,108,22,100,75,128,26,122,77,121,87" hai1="36,125,37,57,127,56,60,62,106,55,5,43,112" hai2="35,28,126,91,47,24,1,115,52,7,17,61,123" hai3="96,29,124,73,116,111,39,109,84,50,0,103,30"/><V97/><F123/><W45/><G73/><T59/><D75/><U90/><E5/><V40/><F115/><W99/><G0/><T64/><D33/><U76/><E76/><V79/><F79/><W89/><G39/><N who="1" m="14922" /><E90/><V98/><F126/><N who="1" m="48137" /><E106/><V20/><F40/><W49/><G116/><T135/><D128/><U86/><E86/><V2/><F7/><W12/><G12/><T104/><D135/><U78/><E78/><V19/><F2/><W63/><G63/><T38/><D108/><U94/><E94/><V74/><F74/><W133/><G133/><T71/><D38/><U23/><E23/><V34/><F1/><W4/><G45/><T54/><D9/><U8/><E8/><V110/><F110/><W69/><G69/><T117/><D100/><U101/><E101/><V92/><F98/><W6/><G124/><T72/><D104/><U32/><E32/><V85/><F35/><W95/><G103/><T129/><D87/><U118/><E43/><V15/><F97/><W120/><G84/><T27/><D22/><U81/><E81/><V70/><F34/><W53/><G89/><T119/><D26/><U31/><E31/><V113/><F15/><W102/><G102/><T80/><D27/><U132/><E132/><V65/><REACH who="2" step="1"/><F113/><REACH who="2" ten="284,301,209,196" step="2"/><W3/><G3/><T83/><D114/><U51/><E112/><V44/><F44/><W18/><G120/><T41/><D122/><U13/><E13/><V134/><F134/><W67/><G111/><T14/><D121/><U11/><E11/><V130/><F130/><W42/><G109/><T88/><D129/><RYUUKYOKU ba="2,1" sc="284,-10,301,-10,209,30,196,-10" hai2="17,19,20,24,28,47,52,61,65,70,85,91,92" /><INIT seed="6,3,1,4,3,17" ten="274,291,239,186" oya="2" hai0="34,74,98,118,61,18,101,66,94,39,43,10,69" hai1="87,73,29,5,41,91,85,71,62,36,23,51,1" hai2="68,37,84,107,27,57,38,83,115,78,127,119,42" hai3="86,40,28,134,21,93,19,52,97,67,131,121,109"/><V75/><F119/><W81/><G109/><T44/><D118/><U80/><E36/><V88/><F68/><W4/><G121/><T0/><D34/><U96/><E73/><V8/><F127/><W35/><G35/><T53/><D74/><U124/><E124/><V26/><F115/><W31/><G4/><T77/><D77/><U9/><E96/><V45/><F107/><W108/><G40/><T30/><D30/><U15/><E41/><V100/><F100/><W123/><G67/><T82/><D82/><U105/><E51/><V16/><F57/><W20/><G108/><T72/><D72/><U56/><E71/><V102/><F102/><N who="3" m="60719" /><G123/><T12/><REACH who="0" step="1"/><D53/><REACH who="0" ten="264,291,239,186" step="2"/><U58/><E29/><V11/><F78/><W6/><G31/><T128/><D128/><U60/><E80/><V126/><F75/><W13/><G131/><T3/><AGARI ba="3,2" hai="0,3,10,12,18,39,43,44,61,66,69,94,98,101" machi="3" ten="30,4000,0" yaku="1,1,0,1,53,1" doraHai="17" doraHaiUra="89" who="0" fromWho="0" sc="264,69,291,-13,239,-23,186,-13" /><INIT seed="7,0,0,0,4,89" ten="333,278,216,173" oya="3" hai0="114,76,8,9,53,99,65,24,57,43,104,78,110" hai1="25,6,120,28,79,49,86,97,85,56,40,68,115" hai2="108,30,51,7,35,133,5,34,50,66,98,77,111" hai3="58,18,84,123,64,88,44,102,96,103,55,87,94"/><W29/><G123/><T61/><D110/><U82/><E120/><V118/><F77/><W107/><G29/><T38/><D114/><U67/><E68/><V71/><F71/><W105/><G64/><T93/><D104/><U69/><E69/><V75/><F98/><W122/><G122/><T45/><D24/><U39/><E39/><V52/><F66/><W10/><G44/><T80/><D53/><U46/><E6/><V131/><F30/><W135/><G135/><T100/><D78/><U19/><E115/><V113/><F113/><W62/><G103/><T121/><D121/><U134/><E134/><V20/><F20/><W12/><REACH who="3" step="1"/><G87/><AGARI ba="0,0" hai="8,9,38,43,45,57,61,65,76,80,87,93,99,100" machi="87" ten="30,2000,0" yaku="7,1,52,1" doraHai="89" who="0" fromWho="3" sc="333,20,278,0,216,0,173,-20" owari="353,45.0,278,8.0,216,-18.0,153,-35.0" /></mjloggm>