<mjloggm ver="2.3"><GO type="41" lobby="0"/><UN n0="%E3%81%B5%E3%81%B2%E3%82%83%E3%81%B5%E3%81%B2%E3%82%83" n1="%E2%93%9D%53%75%70%68%78" n2="%6B%6F%62%6F" n3="%E3%81%A6%E3%82%8A%E3%81%86%E3%82%80" dan="15,17,16,13" rate="2002.36,2050.19,1998.08,1871.91" sx="M,M,F,M"/><TAIKYOKU oya="0"/><INIT seed="0,0,0,4,3,13" ten="250,250,250,250" oya="0" hai0="44,68,79,128,35,112,74,62,18,127,21,101,50" hai1="108,123,63,69,39,94,12,75,19,4,106,65,83" hai2="25,111,113,51,134,97,92,125,6,103,41,20,52" hai3="3,57,117,98,46,88,86,23,85,80,67,93,34"/><T60/><D112/><U109/><E106/><V56/><F113/><W22/><G34/><T89/><D35/><U37/><E4/><V119/><F111/><N who="1" m="42569" /><E94/><V76/><F134/><W104/><G3/><T129/><D101/><U96/><E96/><V48/><F125/><W130/><G117/><T0/><D0/><U72/><E123/><V43/><F119/><W36/><G104/><T90/><D127/><U100/><E100/><V61/><F6/><W54/><G67/><T71/><D79/><N who="1" m="44519" /><E75/><V84/><F76/><W110/><G110/><T2/><D2/><U33/><E33/><V1/><F84/><W38/><G86/><T15/><D74/><U31/><E31/><V47/><F1/><W26/><G130/><N who="0" m="50283" /><D60/><U14/><E14/><V55/><REACH who="2" step="1"/><F48/><REACH who="2" ten="250,250,240,250" step="2"/><W59/><G85/><T10/><D62/><U16/><E12/><V7/><F7/><W91/><G38/><AGARI ba="0,1" hai="16,19,37,38,39,63,65,69" m="44519,42569" machi="38" ten="30,7700,0" yaku="14,1,52,2,54,1" doraHai="13" who="1" fromWho="3" sc="250,0,250,87,240,0,250,-77" /><INIT seed="1,0,0,5,3,74" ten="250,337,240,173" oya="1" hai0="96,65,67,55,48,1,130,116,81,37,71,131,47" hai1="87,68,98,58,50,13,107,70,22,7,72,11,78" hai2="17,73,120,15,112,60,3,9,132,99,34,119,69" hai3="12,117,51,88,29,101,36,105,32,42,33,49,125"/><U40/><E72/><V90/><F119/><W80/><G36/><T56/><D1/><U16/><E107/><V118/><F118/><W108/><G117/><T104/><D104/><U0/><E98/><V19/><F120/><W89/><G108/><T128/><D96/><U66/><E66/><V38/><F38/><W31/><G105/><T28/><D28/><U18/><E18/><V115/><F34/><W97/><G12/><T20/><D20/><U109/><E109/><V75/><F3/><W62/><G62/><N who="0" m="40375" /><D116/><U83/><REACH who="1" step="1"/><E58/><REACH who="1" ten="250,327,240,173" step="2"/><V103/><F19/><W122/><G97/><T54/><D81/><U30/><E30/><V84/><F75/><W100/><G80/><T91/><D91/><U85/><E85/><V6/><F73/><W2/><G88/><T14/><D14/><U133/><E133/><V113/><F132/><W5/><G89/><T43/><D67/><U27/><E27/><V24/><F24/><W86/><G86/><T46/><D56/><U23/><E23/><V79/><F90/><W59/><G59/><T124/><D124/><U39/><E39/><V53/><F17/><W25/><G125/><T35/><D35/><U76/><E76/><V126/><F126/><W121/><G25/><T21/><D21/><U93/><E93/><N who="2" m="58863" /><F79/><W8/><G31/><T134/><D134/><U61/><E61/><V82/><F84/><W106/><G29/><T110/><D110/><U135/><E135/><V63/><F63/><W4/><G32/><T44/><D37/><U127/><E127/><V95/><F15/><W10/><G33/><T45/><AGARI ba="0,1" hai="43,44,45,46,47,48,54,55,128,130,131" m="40375" machi="45" ten="40,8000,1" yaku="5,1,19,1,34,2" doraHai="74" who="0" fromWho="0" sc="250,90,327,-40,240,-20,173,-20" /><INIT seed="2,0,0,0,5,82" ten="340,287,220,153" oya="2" hai0="8,134,49,108,45,38,17,11,97,3,102,68,123" hai1="36,52,18,125,91,80,116,69,133,31,85,56,20" hai2="81,132,9,30,78,63,90,73,59,120,70,6,44" hai3="27,98,42,19,57,135,39,10,131,35,29,26,74"/><V66/><F132/><W15/><G74/><T75/><D68/><U77/><E116/><V53/><F120/><W5/><G39/><T89/><D38/><U40/><E69/><V2/><F30/><W28/><G42/><T13/><D123/><U115/><E115/><V4/><F4/><W58/><G131/><T84/><D75/><U101/><E125/><V114/><F44/><W21/><G98/><T129/><D108/><U88/><E101/><V122/><F90/><W111/><G57/><T128/><D3/><U76/><E31/><V96/><F96/><W67/><G58/><T50/><D134/><U64/><E64/><V47/><F47/><W22/><G67/><T41/><D50/><N who="1" m="30743" /><E36/><V130/><F122/><W110/><REACH who="3" step="1"/><G135/><REACH who="3" ten="340,287,220,143" step="2"/><T126/><D126/><U86/><E40/><V121/><F121/><W51/><G51/><T127/><D127/><U95/><E133/><V54/><F130/><W46/><G46/><T93/><REACH who="0" step="1"/><D8/><REACH who="0" ten="330,287,220,143" step="2"/><U37/><E37/><V62/><REACH who="2" step="1"/><F54/><REACH who="2" ten="330,287,210,143" step="2"/><W104/><G104/><AGARI ba="0,3" hai="11,13,17,41,45,49,84,89,93,97,102,104,128,129" machi="104" ten="40,5200,0" yaku="1,1,2,1,52,1,53,0" doraHai="82" doraHaiUra="112" who="0" fromWho="3" sc="330,82,287,0,210,0,143,-52" /><INIT seed="3,0,0,3,3,95" ten="412,287,210,91" oya="3" hai0="62,6,37,54,29,7,129,73,106,121,76,135,69" hai1="46,27,82,109,1,10,100,72,79,30,33,127,92" hai2="101,31,93,5,60,115,134,125,116,20,41,75,58" hai3="112,35,22,122,12,80,66,8,48,126,43,128,124"/><W25/><G112/><T51/><D29/><U49/><E109/><V68/><F115/><W99/><G122/><T32/><D6/><U39/><E127/><V18/><F125/><N who="3" m="48235" /><G35/><T38/><D7/><U132/><E132/><V14/><F134/><W110/><G66/><T130/><D73/><U88/><E100/><V107/><F68/><W83/><G128/><N who="0" m="49259" /><D76/><U87/><E10/><V44/><F116/><W17/><G110/><T97/><D32/><U105/><E105/><V2/><F75/><W28/><G43/><T84/><D84/><U42/><REACH who="1" step="1"/><E1/><REACH who="1" ten="412,277,210,91" step="2"/><V96/><F107/><W19/><G28/><T90/><D135/><U108/><E108/><V104/><F31/><W91/><G48/><AGARI ba="0,1" hai="27,30,33,39,42,46,48,49,72,79,82,87,88,92" machi="48" ten="40,2600,0" yaku="1,1,54,1,53,0" doraHai="95" doraHaiUra="4" who="1" fromWho="3" sc="412,0,277,36,210,0,91,-26" /><INIT seed="4,0,0,2,5,60" ten="412,313,210,65" oya="0" hai0="82,85,117,40,72,86,0,52,111,44,104,56,31" hai1="50,12,22,130,99,119,3,79,54,19,23,84,17" hai2="29,132,18,73,7,108,33,98,27,1,135,39,112" hai3="134,102,115,36,87,53,20,97,118,47,120,69,96"/><T4/><D104/><U83/><E130/><V67/><F108/><W8/><G118/><T61/><D111/><U62/><E3/><V110/><F110/><W66/><G115/><T93/><D117/><U5/><E119/><V91/><F112/><W78/><G134/><T41/><D41/><U124/><E124/><V92/><F73/><W63/><G120/><T16/><D31/><U133/><E5/><V13/><F39/><W46/><G8/><T58/><D0/><U100/><E62/><V107/><F107/><W126/><G126/><T57/><D4/><U48/><E54/><V127/><F127/><W76/><G36/><T38/><D72/><U113/><E133/><V68/><F68/><W81/><G78/><T103/><D103/><U15/><REACH who="1" step="1"/><E113/><REACH who="1" ten="412,303,210,65" step="2"/><V49/><F7/><W24/><G53/><T129/><D129/><U128/><E128/><V80/><F1/><W88/><G76/><T75/><D75/><U105/><AGARI ba="0,1" hai="12,15,17,19,22,23,48,50,79,83,84,99,100,105" machi="105" ten="20,12000,2" yaku="1,1,0,1,7,1,9,1,53,2" doraHai="60" doraHaiUra="11" who="1" fromWho="1" sc="412,-60,303,130,210,-30,65,-30" /><INIT seed="5,0,0,5,5,5" ten="352,433,180,35" oya="1" hai0="51,57,9,42,29,1,11,118,63,70,71,54,69" hai1="61,122,56,17,133,76,53,77,79,31,91,37,49" hai2="93,7,32,64,109,78,111,100,98,52,80,50,89" hai3="121,47,19,23,62,94,84,33,75,44,12,82,120"/><U114/><E122/><V16/><F32/><W74/><G33/><T108/><D108/><U25/><E114/><V28/><F28/><W26/><G120/><T117/><D1/><U131/><E131/><V104/><F64/><W72/><G121/><T112/><D29/><U110/><E133/><V4/><F4/><W48/><G94/><T92/><D112/><U87/><E37/><V128/><F7/><W24/><G62/><T13/><D13/><U96/><E96/><V58/><F128/><W97/><G97/><T60/><D60/><U90/><E110/><V101/><F101/><W35/><G35/><T99/><D42/><U36/><E36/><V127/><F127/><W105/><G105/><T126/><D63/><U45/><E17/><V10/><F100/><W55/><REACH who="3" step="1"/><G47/><REACH who="3" ten="352,433,180,25" step="2"/><T21/><D126/><U134/><E45/><V102/><F104/><W22/><G22/><T59/><D59/><U113/><E61/><V116/><F109/><W115/><G115/><T85/><D21/><U34/><E113/><V6/><F58/><W8/><G8/><T86/><D118/><U18/><E34/><V20/><F10/><W130/><G130/><T0/><D117/><U124/><E124/><V129/><F116/><W41/><G41/><T39/><D0/><U119/><E56/><V125/><F111/><W15/><G15/><T106/><D106/><U40/><E40/><V95/><F125/><W83/><G83/><T2/><D2/><U68/><E119/><V132/><F80/><W46/><G46/><T67/><D71/><U43/><E68/><V135/><F95/><RYUUKYOKU ba="0,1" sc="352,-10,433,-10,180,-10,25,30" hai3="12,19,23,24,26,44,48,55,72,74,75,82,84" /><INIT seed="6,1,1,2,4,106" ten="342,423,170,55" oya="2" hai0="24,40,26,85,124,35,33,100,70,127,42,134,91" hai1="94,36,43,93,114,120,98,95,2,1,39,19,72" hai2="49,83,123,117,97,22,130,51,65,13,107,6,118" hai3="73,86,88,75,78,76,8,18,66,81,69,44,15"/><V46/><F123/><W122/><G122/><T38/><D70/><U14/><E72/><V16/><F130/><W132/><G132/><T115/><D100/><U47/><E120/><V110/><F110/><W121/><G121/><T133/><D91/><U34/><E34/><N who="0" m="12809" /><D85/><U74/><E74/><V30/><F65/><W27/><G66/><T4/><D38/><U84/><E114/><V112/><F112/><W55/><G69/><T111/><D115/><U90/><E39/><V125/><F125/><N who="0" m="48202" /><D4/><U105/><E105/><V52/><F6/><W64/><G64/><T92/><D92/><U61/><E95/><V80/><F30/><W71/><G71/><T102/><D102/><U12/><E94/><V135/><F135/><N who="0" m="51722" /><D111/><U60/><E84/><V21/><F107/><W9/><G78/><T17/><D17/><U101/><E101/><V67/><F67/><W32/><G76/><T104/><D104/><U50/><E36/><V53/><F97/><W28/><REACH who="3" step="1"/><G8/><REACH who="3" ten="342,423,170,45" step="2"/><T68/><D68/><U113/><E113/><V119/><F117/><W89/><G89/><T20/><D20/><U126/><E126/><V58/><F119/><W62/><G62/><T96/><D96/><U31/><E61/><V29/><F118/><W129/><G129/><T116/><D116/><U103/><E60/><V10/><F22/><W79/><G79/><T48/><D48/><AGARI ba="1,2" hai="9,15,18,27,28,32,44,48,55,73,75,81,86,88" machi="48" ten="40,12000,2" yaku="1,1,25,2,52,2,54,1,53,0" doraHai="106" doraHaiUra="131" who="3" fromWho="0" sc="342,-123,423,0,170,0,45,143" /><INIT seed="7,0,0,2,1,109" ten="219,423,170,188" oya="3" hai0="23,90,125,8,78,27,69,93,48,50,68,44,49" hai1="22,135,38,15,128,129,127,58,26,43,51,95,105" hai2="17,9,75,41,120,55,118,12,66,56,4,122,72" hai3="100,82,67,39,111,87,85,60,63,71,33,108,113"/><W134/><G113/><T5/><D125/><U28/><E135/><V79/><F118/><W110/><G134/><T45/><D78/><U6/><E105/><V62/><F41/><W77/><G39/><T74/><D74/><U112/><E112/><V98/><F98/><W10/><G33/><T119/><D68/><U29/><E95/><V21/><F66/><W86/><G63/><T59/><D59/><U115/><E115/><V35/><F35/><W131/><G131/><T54/><D69/><U46/><E29/><V52/><F55/><W34/><G34/><T80/><D80/><U73/><E127/><V81/><REACH who="2" step="1"/><F72/><REACH who="2" ten="219,423,160,188" step="2"/><N who="3" m="43303" /><G100/><T53/><D119/><U103/><E103/><V106/><F106/><W64/><G67/><T57/><D53/><U18/><E73/><V94/><F94/><W117/><G117/><T2/><D44/><U89/><E129/><V84/><F84/><W0/><G87/><T25/><D45/><U31/><E128/><V101/><F101/><W88/><G88/><T42/><D42/><U124/><E124/><V107/><F107/><W99/><G99/><T132/><D93/><U91/><E91/><V116/><F116/><W3/><G3/><AGARI ba="0,1" hai="3,4,9,12,17,21,52,56,62,75,79,81,120,122" machi="3" ten="40,2600,0" yaku="1,1,54,1,53,0" doraHai="109" doraHaiUra="123" who="2" fromWho="3" sc="219,0,423,0,160,36,188,-26" owari="219,2.0,423,52.0,196,-20.0,162,-34.0" /></mjloggm>