<mjloggm ver="2.3"><GO type="41" lobby="0"/><UN n0="%79%6F%77" n1="%42%45%53%48%49" n2="%6E%6F%62%75%73%61%74%6F" n3="%E2%93%9D%53%75%70%68%78" dan="14,14,13,18" rate="1965.96,1912.39,1865.75,2096.40" sx="M,M,M,M"/><TAIKYOKU oya="0"/><INIT seed="0,0,0,0,0,62" ten="250,250,250,250" oya="0" hai0="40,39,78,83,14,111,125,25,28,38,32,76,6" hai1="123,135,3,15,99,64,127,89,51,75,81,20,5" hai2="91,102,116,131,56,108,117,4,57,85,1,133,54" hai3="66,119,113,70,2,22,126,44,24,94,53,59,41"/><T69/><D125/><U101/><E123/><V0/><F108/><W97/><G2/><T79/><D69/><U120/><E120/><V115/><F115/><W74/><G74/><T30/><D30/><U93/><E127/><V19/><F102/><W103/><G126/><T33/><D33/><U61/><E3/><V47/><F133/><W10/><G10/><T98/><D111/><U29/><E135/><V106/><F106/><W13/><G13/><T7/><D98/><U128/><E128/><V82/><F131/><W122/><G119/><N who="2" m="45641" /><F19/><W49/><G113/><T132/><D132/><U121/><E121/><V130/><F4/><W52/><G70/><T110/><D110/><U23/><E29/><V129/><F129/><W112/><G112/><T104/><D104/><U118/><E51/><N who="2" m="29055" /><F130/><W67/><G122/><T72/><D6/><U77/><E118/><V21/><F21/><W27/><G53/><T109/><D7/><U9/><REACH who="1" step="1"/><E101/><REACH who="1" ten="250,240,250,250" step="2"/><V43/><F1/><W80/><G27/><T95/><D25/><U37/><E37/><V45/><F0/><W8/><G8/><T73/><D39/><AGARI ba="0,1" hai="39,43,45,56,57,82,85,91" m="29055,45641" machi="39" ten="30,1000,0" yaku="12,1" doraHai="62" who="2" fromWho="0" sc="250,-10,240,0,250,20,250,0" /><INIT seed="1,0,0,5,3,60" ten="240,240,270,250" oya="1" hai0="61,128,67,83,76,34,53,14,109,52,49,100,82" hai1="19,30,120,91,51,92,45,70,112,22,124,8,21" hai2="32,0,129,133,64,40,116,118,86,11,17,15,130" hai3="62,73,80,102,81,6,29,71,66,20,65,122,50"/><U75/><E120/><V35/><F40/><W99/><G122/><T78/><D34/><N who="2" m="12842" /><F64/><W110/><G110/><T85/><D109/><U131/><E75/><V119/><F86/><W125/><G125/><T42/><D128/><N who="2" m="49258" /><F133/><W37/><G37/><T69/><D100/><U108/><E124/><V46/><F46/><W97/><G73/><T103/><D103/><U101/><E101/><V33/><N who="2" m="12850" /><V105/><DORA hai="39" /><F105/><W68/><G102/><T95/><D95/><U41/><E131/><V4/><F17/><W48/><G6/><T44/><REACH who="0" step="1"/><D14/><AGARI ba="0,0" hai="0,4,11,14,15,116,118,119" m="49258,12850" machi="14" ten="50,6400,0" yaku="19,1,34,2" doraHai="60,39" who="2" fromWho="0" sc="240,-64,240,0,270,64,250,0" /><INIT seed="2,0,0,4,0,35" ten="176,240,334,250" oya="2" hai0="81,80,52,62,116,43,23,68,125,31,48,29,134" hai1="94,133,72,3,93,15,10,96,119,38,0,33,105" hai2="60,18,8,57,106,77,19,44,32,58,9,70,98" hai3="27,130,21,61,13,56,54,75,126,39,107,12,128"/><V26/><F77/><W65/><G107/><T88/><D125/><U24/><E38/><V59/><F44/><W37/><G75/><T73/><D134/><U6/><E72/><V67/><F106/><W104/><G104/><T40/><D116/><U111/><E119/><V86/><F86/><W22/><G126/><T53/><D73/><U110/><E133/><V132/><F98/><W69/><G39/><T82/><D68/><U103/><E33/><V135/><F19/><W100/><G100/><T101/><D101/><U95/><REACH who="1" step="1"/><E24/><REACH who="1" ten="176,230,334,250" step="2"/><V63/><F135/><W114/><G37/><T129/><D129/><U76/><E76/><V36/><F36/><W127/><G127/><T91/><D62/><U64/><E64/><V1/><F132/><W4/><G27/><N who="0" m="16639" /><D31/><U28/><E28/><V51/><F32/><W87/><G130/><T97/><D97/><U47/><E47/><V90/><F63/><W16/><G128/><T120/><D120/><U34/><E34/><V25/><F51/><W113/><G61/><T117/><D117/><U118/><E118/><V5/><REACH who="2" step="1"/><F90/><REACH who="2" ten="176,230,324,250" step="2"/><N who="0" m="34346" /><D48/><U115/><E115/><V49/><F49/><W99/><G114/><T102/><D102/><U17/><E17/><V109/><F109/><AGARI ba="0,2" hai="0,3,6,10,15,93,94,95,96,103,105,109,110,111" machi="109" ten="40,8000,1" yaku="1,1,14,1,52,2,53,0" doraHai="35" doraHaiUra="84" who="1" fromWho="2" sc="176,0,230,100,324,-80,250,0" /><INIT seed="3,0,0,1,3,47" ten="176,330,244,250" oya="3" hai0="32,93,3,81,39,124,96,64,60,94,54,89,19" hai1="11,45,117,109,82,125,133,28,40,118,107,88,103" hai2="0,5,34,66,17,113,115,84,131,85,55,35,121" hai3="50,68,101,83,72,63,79,126,67,95,71,8,76"/><W98/><G126/><T127/><D39/><U77/><E125/><N who="0" m="48201" /><D32/><U75/><E28/><V74/><F74/><W116/><G116/><N who="1" m="44650" /><E109/><V112/><F66/><W114/><G114/><T122/><D3/><U105/><E11/><V25/><F55/><W134/><G134/><T70/><D122/><U16/><E133/><V61/><F61/><W41/><G79/><T1/><D1/><U87/><E16/><V38/><F38/><W73/><G8/><T104/><D19/><U13/><E13/><V120/><F85/><W33/><G33/><N who="2" m="12297" /><F84/><W57/><REACH who="3" step="1"/><G73/><REACH who="3" ten="176,330,244,240" step="2"/><T44/><D81/><N who="1" m="49263" /><E103/><V106/><F120/><W36/><G36/><AGARI ba="0,1" hai="36,40,45,75,77,82,105,107" m="49263,44650" machi="36" ten="30,2000,0" yaku="12,1,54,1" doraHai="47" who="1" fromWho="3" sc="176,0,330,30,244,0,240,-20" /><INIT seed="4,0,0,1,4,66" ten="176,360,244,220" oya="0" hai0="126,11,32,46,112,98,44,123,43,52,99,57,13" hai1="70,30,71,42,17,129,28,55,124,90,34,69,12" hai2="125,101,64,78,33,29,88,14,84,16,62,18,94" hai3="133,72,40,31,81,75,41,122,117,23,80,0,8"/><T15/><D123/><U110/><E42/><V36/><F36/><W97/><G117/><T130/><D32/><U4/><E4/><V100/><F125/><W7/><G133/><T9/><D126/><U86/><E124/><V119/><F18/><W20/><G97/><N who="0" m="36875" /><D130/><U77/><E77/><V63/><F63/><W79/><G122/><T76/><D76/><U106/><E106/><V39/><F39/><W59/><G31/><T87/><D87/><U104/><E104/><V82/><F29/><W10/><G79/><T113/><D43/><U89/><E89/><V68/><F33/><W24/><G7/><N who="0" m="3263" /><D113/><U19/><E19/><V116/><F119/><W102/><G24/><T1/><D1/><U21/><E34/><V121/><F121/><W128/><G0/><T74/><D74/><U108/><E55/><V5/><F5/><W105/><G105/><T96/><N who="0" m="36883" /><T114/><DORA hai="131" /><D114/><U91/><E129/><V45/><F45/><W48/><G128/><T56/><D56/><U107/><E91/><V135/><F135/><W61/><G59/><T54/><D54/><U118/><E107/><V49/><F49/><W3/><G3/><T92/><D92/><N who="1" m="54359" /><E118/><V58/><F58/><W103/><REACH who="3" step="1"/><G61/><REACH who="3" ten="176,360,244,210" step="2"/><N who="0" m="36007" /><D112/><U53/><E53/><V73/><REACH who="2" step="1"/><F116/><REACH who="2" ten="176,360,234,210" step="2"/><W115/><G115/><T26/><D26/><U120/><E120/><V6/><F6/><AGARI ba="0,2" hai="6,11,15,44,46" m="36007,3263,36883" machi="6" ten="30,2900,0" yaku="8,1,54,1" doraHai="66,131" who="0" fromWho="2" sc="176,49,360,0,234,-29,210,0" /><INIT seed="4,1,0,1,1,113" ten="225,360,205,210" oya="0" hai0="36,77,30,69,17,102,15,63,61,9,119,41,66" hai1="34,27,114,127,38,124,48,13,29,18,62,55,8" hai2="47,133,54,51,118,82,111,46,103,37,98,19,104" hai3="87,40,53,126,79,4,16,132,88,56,65,25,106"/><T101/><D77/><U95/><E38/><V85/><F111/><W93/><G106/><T96/><D119/><U64/><E95/><V72/><F72/><W67/><G132/><T117/><D117/><U0/><E114/><V129/><F118/><W68/><G68/><T49/><D36/><U7/><E48/><V94/><F129/><W31/><G4/><T81/><D81/><U130/><E55/><V2/><F2/><W116/><G126/><N who="1" m="48170" /><E62/><V100/><F133/><W11/><G40/><T108/><D63/><U73/><E64/><V5/><F5/><W112/><G116/><T105/><D102/><U59/><E59/><V74/><F19/><W70/><G70/><T78/><D78/><U20/><E73/><V83/><F83/><W134/><G134/><T80/><D80/><U135/><E135/><V22/><F22/><N who="3" m="15799" /><G112/><T43/><D30/><U90/><E90/><N who="2" m="53583" /><F103/><W128/><G128/><AGARI ba="1,0" hai="0,7,8,13,18,20,27,29,34,128,130" m="48170" machi="128" ten="30,7700,0" yaku="24,1,18,1,34,2" doraHai="113" who="1" fromWho="3" sc="225,0,360,80,205,0,210,-80" /><INIT seed="5,0,0,4,5,16" ten="225,440,205,130" oya="1" hai0="55,14,103,45,82,59,73,114,83,115,5,119,51" hai1="81,41,127,44,97,99,108,48,78,74,124,7,69" hai2="96,61,85,91,86,102,128,56,95,57,131,107,49" hai3="26,133,111,0,47,118,64,13,67,15,23,53,93"/><U2/><E69/><V132/><F132/><W1/><G111/><T87/><D119/><U109/><E7/><V54/><REACH who="2" step="1"/><F86/><REACH who="2" ten="225,440,195,130" step="2"/><W60/><G133/><T17/><D87/><U21/><E109/><V130/><F130/><W76/><G118/><T12/><D73/><U20/><E108/><V38/><F38/><W104/><G76/><T90/><D115/><U35/><E74/><V27/><F27/><W94/><G26/><T33/><D114/><U126/><E78/><V106/><F106/><W100/><G104/><T18/><D82/><U34/><E81/><V129/><F129/><W79/><G79/><T75/><D83/><U84/><E84/><V28/><F28/><W50/><G94/><T19/><D75/><U10/><E124/><V112/><F112/><W110/><G110/><T89/><D103/><U30/><E126/><V29/><F29/><W135/><G135/><T71/><D90/><U11/><E127/><V46/><F46/><W125/><G125/><T98/><D89/><U63/><E30/><V37/><F37/><W92/><G92/><T105/><D45/><U9/><E44/><V122/><F122/><W40/><G93/><T66/><D105/><U31/><E31/><V68/><F68/><W58/><G100/><T6/><D71/><U77/><E77/><V134/><F134/><W24/><G24/><T123/><D123/><U65/><E34/><V62/><F62/><W43/><G43/><T36/><D36/><U8/><E63/><V117/><F117/><W4/><G40/><T80/><D33/><U3/><E35/><V52/><AGARI ba="0,1" hai="49,52,54,56,57,61,85,91,95,96,102,107,128,131" machi="52" ten="30,7900,0" yaku="1,1,5,1,0,1,54,1,53,0" doraHai="16" doraHaiUra="120" who="2" fromWho="2" sc="225,-20,440,-39,195,89,130,-20" /><INIT seed="6,0,0,5,0,58" ten="205,401,284,110" oya="2" hai0="71,17,26,43,90,87,110,50,129,72,91,112,114" hai1="82,80,27,68,5,92,66,56,76,10,36,79,42" hai2="30,128,33,131,67,122,20,19,132,65,59,22,120" hai3="34,126,96,85,37,94,88,38,115,116,11,52,25"/><V8/><F67/><W123/><G116/><T95/><D71/><U14/><E68/><V13/><F65/><W74/><G123/><N who="2" m="47145" /><F59/><W23/><G74/><T97/><D43/><U104/><E104/><V12/><F132/><W60/><G34/><T121/><D121/><U101/><E42/><V119/><F119/><W106/><G11/><T24/><D110/><U124/><E36/><V41/><F41/><W39/><G126/><T99/><D17/><U32/><E124/><V31/><F33/><W53/><G115/><T16/><D50/><U118/><E118/><V29/><F13/><W40/><G40/><T45/><D45/><U125/><E125/><V64/><F64/><W57/><G53/><T111/><D111/><U21/><E32/><V70/><F70/><W35/><G35/><T44/><D44/><U4/><E4/><V63/><F63/><W77/><G77/><T84/><D16/><U108/><E108/><V73/><F73/><W47/><G47/><T48/><D48/><U93/><E56/><V117/><F117/><W15/><G15/><T61/><D72/><U49/><E49/><V0/><F0/><W78/><G78/><T127/><D127/><U86/><E66/><V98/><F98/><W62/><G62/><T103/><D95/><U28/><E101/><V54/><F54/><W51/><G51/><T100/><REACH who="0" step="1"/><D61/><REACH who="0" ten="195,401,284,110" step="2"/><U55/><E55/><V83/><F83/><W46/><G46/><T113/><D113/><U9/><E9/><V18/><F18/><N who="3" m="12535" /><G106/><T109/><D109/><U107/><E107/><V133/><F133/><W81/><G81/><RYUUKYOKU ba="0,1" sc="195,0,401,0,284,0,110,0" hai0="24,26,84,87,90,91,97,99,100,103,112,114,129" hai1="5,10,14,21,27,28,76,79,80,82,86,92,93" hai2="8,12,19,20,22,29,30,31,128,131" hai3="37,38,39,52,57,60,85,88,94,96" /><INIT seed="6,1,1,0,1,75" ten="195,401,284,110" oya="2" hai0="123,7,116,56,30,2,69,25,21,77,18,9,52" hai1="10,67,65,33,134,12,93,47,36,117,106,113,71" hai2="49,0,80,122,44,4,17,110,51,15,102,19,35" hai3="125,37,108,86,57,105,1,43,45,87,31,90,64"/><V13/><F122/><W91/><G108/><T129/><D69/><U14/><E106/><V127/><F35/><W16/><G105/><T28/><D129/><U121/><E117/><V46/><F102/><W78/><G1/><T81/><D123/><U76/><E121/><V95/><F95/><W5/><G5/><T53/><D116/><U124/><E76/><V11/><F127/><W59/><G31/><T126/><D126/><U34/><E124/><V24/><F24/><W66/><G125/><T55/><REACH who="0" step="1"/><D56/><REACH who="0" ten="185,401,284,110" step="2"/><U79/><E71/><V118/><F118/><W42/><G45/><T111/><D111/><U60/><E134/><V96/><F110/><W109/><G109/><T39/><D39/><U94/><E36/><V131/><F131/><W104/><G37/><T84/><AGARI ba="1,2" hai="2,7,9,18,21,25,28,30,52,53,55,77,81,84" machi="84" ten="30,8000,1" yaku="1,1,0,1,52,1,54,1,53,1" doraHai="75" doraHaiUra="83" who="0" fromWho="0" sc="185,103,401,-21,284,-41,110,-21" /><INIT seed="7,0,0,3,0,1" ten="288,380,243,89" oya="3" hai0="103,108,93,100,101,120,37,134,58,129,80,74,24" hai1="60,41,104,82,39,126,73,95,98,62,53,79,16" hai2="55,97,67,52,5,44,96,0,91,33,64,92,87" hai3="57,122,89,59,127,106,71,10,9,31,25,14,81"/><W77/><G122/><T21/><D108/><U2/><E104/><V3/><F33/><W115/><G71/><T66/><D120/><U42/><E2/><V128/><F128/><W48/><G106/><T119/><D37/><U125/><E16/><V4/><F0/><W133/><G115/><T117/><D129/><U83/><E83/><V88/><F3/><W69/><G69/><T12/><D12/><U114/><E114/><V51/><F97/><W34/><G133/><T27/><D134/><U30/><E30/><V32/><F32/><W6/><G127/><N who="1" m="48650" /><E53/><V132/><F132/><W109/><G109/><T110/><D110/><U102/><E39/><V124/><F55/><W105/><G105/><T40/><D40/><AGARI ba="0,0" hai="40,41,42,60,62,73,79,82,95,98,102" m="48650" machi="40" ten="30,1000,0" yaku="18,1" doraHai="1" who="1" fromWho="0" sc="288,-10,380,10,243,0,89,0" owari="278,8.0,390,49.0,243,-16.0,89,-41.0" /></mjloggm>