<mjloggm ver="2.3"><GO type="41" lobby="0"/><UN n0="%E2%98%86%41%6E%64%79%E2%98%86" n1="%E2%93%9D%53%75%70%68%78" n2="%E3%81%AA%E3%82%93%E3%81%A0%E3%81%97%E3%81%86%E3%81%97" n3="%37%65%6D%6E" dan="14,18,15,14" rate="1927.36,2144.69,1990.78,1836.17" sx="M,M,M,M"/><TAIKYOKU oya="0"/><INIT seed="0,0,0,2,2,83" ten="250,250,250,250" oya="0" hai0="68,103,37,79,0,40,111,61,51,50,129,116,63" hai1="64,78,48,123,118,65,88,54,93,133,31,25,1" hai2="49,46,27,105,5,128,95,106,9,11,126,35,12" hai3="72,13,6,135,94,122,125,77,110,132,134,107,112"/><T21/><D0/><U57/><E118/><V15/><F126/><W91/><G112/><T69/><D103/><U26/><E123/><V66/><F128/><W121/><G6/><T109/><D79/><U82/><E133/><V24/><F66/><W119/><G119/><T97/><D97/><U29/><E1/><V115/><F115/><W56/><G56/><T60/><D21/><U117/><E117/><V70/><F70/><N who="0" m="27242" /><D129/><U92/><E92/><V71/><F71/><W81/><G13/><T101/><D101/><U38/><E38/><V102/><F35/><W32/><G32/><T90/><D90/><U55/><E55/><V36/><F36/><W67/><G67/><N who="1" m="25674" /><E82/><V23/><F95/><W89/><G125/><T120/><D120/><N who="3" m="46185" /><G107/><T108/><D116/><U62/><E78/><V96/><F106/><W20/><G20/><T73/><D73/><U8/><E8/><V87/><F23/><W113/><G113/><T80/><D80/><U3/><E3/><V17/><F87/><N who="3" m="52543" /><G91/><T2/><D2/><U114/><E114/><V127/><F127/><W18/><G18/><T53/><D53/><AGARI ba="0,0" hai="5,9,11,12,15,17,24,27,46,49,53,96,102,105" machi="53" ten="30,1000,0" yaku="7,1" doraHai="83" who="2" fromWho="0" sc="250,-10,250,0,250,10,250,0" /><INIT seed="1,0,0,3,3,62" ten="240,250,260,250" oya="1" hai0="131,129,26,37,78,65,108,55,106,68,104,56,116" hai1="50,72,43,97,57,82,73,16,85,77,11,21,96" hai2="30,67,2,14,69,89,13,94,20,107,70,34,79" hai3="27,111,122,115,45,44,28,0,121,132,64,110,93"/><U35/><E35/><V81/><F107/><W128/><G0/><T32/><D116/><U7/><E72/><V101/><F2/><W22/><G115/><T5/><D5/><U9/><E73/><V3/><F3/><W120/><G132/><T125/><D37/><U92/><E7/><V15/><F101/><W103/><G128/><N who="0" m="49227" /><D78/><U76/><E76/><V63/><F34/><W40/><G40/><T130/><D130/><U105/><E105/><V33/><F33/><W53/><G53/><T95/><D95/><U58/><E97/><V24/><F81/><W126/><G126/><T49/><D125/><U42/><E42/><V119/><F79/><W100/><G93/><T47/><D68/><U4/><E4/><V39/><F39/><W8/><G8/><N who="1" m="3146" /><E50/><V46/><F119/><W12/><G12/><T87/><D87/><U113/><E43/><V88/><F46/><W135/><G135/><T10/><D10/><U84/><E85/><V74/><F74/><W83/><G83/><T41/><D41/><U90/><E113/><V134/><F134/><W60/><G103/><T52/><D55/><U123/><E123/><V29/><F70/><N who="3" m="42247" /><G100/><T19/><D32/><U31/><E31/><V59/><F69/><W54/><G54/><T17/><D17/><U114/><E114/><V91/><REACH who="2" step="1"/><F30/><REACH who="2" ten="240,250,250,250" step="2"/><W48/><G45/><T99/><D104/><U133/><E133/><V112/><F112/><W124/><G124/><T61/><D106/><U66/><E66/><V86/><AGARI ba="0,1" hai="13,14,15,20,24,29,59,63,67,86,88,89,91,94" machi="86" ten="30,8000,1" yaku="1,1,0,1,8,1,52,1,54,1,53,0" doraHai="62" doraHaiUra="6" who="2" fromWho="2" sc="240,-20,250,-40,250,90,250,-20" /><INIT seed="2,0,0,2,1,74" ten="220,210,340,230" oya="2" hai0="43,91,52,132,88,86,30,21,93,24,63,67,105" hai1="58,102,59,92,1,135,51,57,76,121,38,71,60" hai2="13,2,116,6,62,35,104,84,28,44,97,90,131" hai3="96,114,9,94,41,112,109,17,45,12,115,48,89"/><V34/><F116/><W79/><G79/><T123/><D132/><U18/><E1/><V122/><F122/><W110/><AGARI ba="0,0" hai="9,12,17,41,45,48,89,94,96,109,110,112,114,115" machi="110" ten="40,2700,0" yaku="0,1,11,1" doraHai="74" who="3" fromWho="3" sc="220,-7,210,-7,340,-13,230,27" /><INIT seed="3,0,0,2,5,78" ten="213,203,327,257" oya="3" hai0="125,105,112,113,84,34,3,37,117,80,92,36,97" hai1="72,29,28,128,129,103,44,85,120,134,49,87,77" hai2="122,116,52,74,24,119,127,7,83,45,41,18,21" hai3="102,9,130,51,55,86,93,104,4,6,12,124,39"/><W123/><G123/><T75/><D117/><U62/><E120/><V98/><F122/><W88/><G39/><T132/><D132/><U23/><E103/><V27/><F127/><W131/><G124/><T64/><D64/><U11/><E62/><V100/><F7/><W53/><G104/><T108/><D108/><U95/><E11/><V70/><F70/><W38/><G38/><T73/><D3/><U17/><E72/><N who="0" m="27721" /><D34/><U10/><E10/><V19/><F41/><W81/><G55/><T60/><D60/><U63/><E85/><V30/><F19/><W13/><G102/><N who="0" m="62671" /><D36/><U35/><E63/><V121/><F121/><W101/><G101/><T133/><D37/><U46/><E35/><V1/><F1/><W76/><G12/><T20/><D20/><U32/><E32/><V99/><F24/><W91/><G6/><T14/><D14/><U110/><E134/><V15/><F100/><W106/><G106/><T48/><D48/><U71/><E49/><V68/><F68/><W82/><G93/><T115/><D133/><U2/><E95/><V96/><F119/><W111/><G111/><T90/><D125/><U114/><E110/><V25/><F116/><W22/><G22/><T107/><D107/><U118/><E118/><V50/><REACH who="2" step="1"/><F30/><REACH who="2" ten="213,203,317,257" step="2"/><W40/><G40/><T79/><D112/><U126/><E114/><V16/><F16/><W59/><REACH who="3" step="1"/><G91/><REACH who="3" ten="213,203,317,247" step="2"/><T67/><D67/><U43/><E126/><V61/><F61/><W47/><G47/><T0/><D0/><U31/><E2/><V109/><F109/><W135/><G135/><T5/><D5/><RYUUKYOKU ba="0,2" sc="213,10,203,-30,317,10,247,10" hai0="79,80,84,90,92,113,115" hai2="15,18,21,25,27,45,50,52,74,83,96,98,99" hai3="4,9,13,51,53,59,76,81,82,86,88,130,131" /><INIT seed="3,1,2,2,5,118" ten="223,173,327,257" oya="3" hai0="123,19,70,95,18,78,90,44,60,122,131,15,21" hai1="29,72,86,121,92,39,87,97,120,128,98,73,31" hai2="43,84,34,30,59,105,71,10,54,7,75,94,8" hai3="61,23,26,64,68,126,41,6,81,25,107,132,32"/><W17/><G107/><T74/><D131/><U4/><E4/><V58/><F71/><W57/><G126/><T115/><D115/><U129/><REACH who="1" step="1"/><E92/><REACH who="1" ten="223,163,327,257" step="2"/><V80/><F94/><W28/><G132/><T101/><D95/><U11/><E11/><V79/><F8/><W35/><G6/><T48/><D101/><U42/><E42/><V91/><F43/><W45/><G68/><T40/><D74/><U63/><E63/><V114/><F10/><W33/><REACH who="3" step="1"/><G81/><REACH who="3" ten="223,163,327,247" step="2"/><T51/><D70/><U27/><E27/><V125/><F7/><W96/><G96/><T36/><D78/><U93/><E93/><V3/><F80/><W53/><G53/><T12/><D90/><U116/><E116/><V124/><F54/><W135/><G135/><T88/><D88/><U69/><E69/><V16/><F91/><W76/><G76/><T83/><D83/><U5/><E5/><V119/><F79/><W13/><G13/><T65/><D65/><U1/><E1/><V82/><F3/><W66/><G66/><T24/><D60/><U14/><E14/><V99/><F119/><W111/><G111/><T0/><D0/><U50/><E50/><AGARI ba="1,4" hai="17,23,25,26,28,32,33,35,41,45,50,57,61,64" machi="50" ten="30,5800,0" yaku="1,1,7,1,53,1" doraHai="118" doraHaiUra="37" who="3" fromWho="1" sc="223,0,163,-61,327,0,247,101" /><INIT seed="3,2,0,4,3,40" ten="223,102,327,348" oya="3" hai0="105,0,107,72,4,94,116,87,134,62,84,22,14" hai1="120,132,35,38,15,68,126,69,17,20,98,60,25" hai2="37,81,92,32,113,67,97,26,59,27,66,12,82" hai3="36,106,88,5,117,64,55,33,124,7,18,133,75"/><W114/><G117/><T77/><D116/><U24/><E120/><V80/><F113/><W85/><G75/><T130/><D0/><U93/><E126/><V104/><F104/><W71/><G106/><T79/><D62/><U76/><E132/><V122/><F122/><W30/><G114/><T135/><D22/><U48/><E38/><V3/><F3/><W115/><G115/><T13/><D4/><U73/><E35/><V91/><F37/><W9/><G36/><T129/><REACH who="0" step="1"/><D94/><REACH who="0" ten="213,102,327,348" step="2"/><U86/><E60/><V19/><F32/><W70/><G5/><T112/><D112/><U42/><E68/><V46/><F27/><W50/><G71/><T56/><D56/><U34/><E69/><V108/><F26/><W44/><G70/><T41/><D41/><U121/><E34/><V51/><F59/><W23/><G64/><T78/><D78/><U83/><E121/><V95/><F92/><W58/><G58/><T57/><D57/><U127/><E127/><V28/><F28/><W45/><G124/><T43/><D43/><U89/><REACH who="1" step="1"/><E73/><AGARI ba="2,1" hai="13,14,72,73,77,79,84,87,105,107,129,130,134,135" machi="73" ten="25,3200,0" yaku="1,1,22,2,53,0" doraHai="40" doraHaiUra="63" who="0" fromWho="1" sc="213,48,102,-38,327,0,348,0" /><INIT seed="4,0,0,4,1,44" ten="261,64,327,348" oya="0" hai0="32,129,102,135,133,82,23,124,33,3,19,16,56" hai1="100,115,61,88,114,116,29,110,60,53,121,122,83" hai2="12,64,125,7,113,10,43,0,47,128,123,93,58" hai3="48,130,30,108,52,51,68,40,105,109,104,79,95"/><T65/><D102/><U73/><E29/><V59/><F113/><N who="1" m="43017" /><E100/><V103/><F125/><W24/><G79/><T118/><D118/><U106/><E106/><V57/><F128/><W131/><G68/><T78/><D124/><U71/><E73/><V22/><F123/><N who="1" m="47113" /><E83/><V69/><F69/><W6/><G6/><T8/><D129/><N who="3" m="49161" /><G95/><T9/><D82/><U54/><E88/><V28/><F64/><W92/><G92/><T86/><D86/><U132/><E110/><N who="3" m="42602" /><G40/><T80/><D80/><U21/><E21/><V15/><F22/><N who="3" m="15639" /><G48/><T63/><D78/><U85/><E85/><V127/><F127/><W39/><G39/><T98/><D19/><U66/><E116/><V81/><F81/><W11/><G11/><N who="0" m="4171" /><D3/><U5/><E5/><V35/><F28/><W1/><G1/><T75/><D98/><U72/><E72/><V107/><F107/><W41/><G41/><T112/><D75/><U34/><E71/><V20/><F35/><W50/><G50/><T14/><D112/><U87/><E34/><V45/><F20/><W49/><G49/><T111/><D111/><U89/><E87/><V18/><F43/><W134/><G134/><AGARI ba="0,0" hai="14,16,23,32,33,56,63,65,133,134,135" m="4171" machi="134" ten="30,2900,0" yaku="20,1,54,1" doraHai="44" who="0" fromWho="3" sc="261,29,64,0,327,0,348,-29" /><INIT seed="4,1,0,2,5,71" ten="290,64,327,319" oya="0" hai0="81,99,16,47,46,15,13,114,30,57,134,118,20" hai1="122,28,133,89,26,86,87,60,75,69,61,117,36" hai2="102,31,79,97,101,126,90,1,17,128,104,88,29" hai3="51,74,129,10,49,135,124,131,98,4,42,27,84"/><T93/><D134/><U92/><E117/><V111/><F111/><W11/><G135/><T0/><D114/><U8/><E75/><V91/><F1/><W123/><G74/><T103/><D0/><U24/><E133/><V77/><F17/><W3/><G124/><T108/><D118/><U23/><E122/><V38/><F126/><W115/><G123/><T62/><D108/><U76/><E69/><V107/><F128/><N who="3" m="49227" /><G115/><T22/><D81/><U94/><E8/><V82/><F38/><W12/><G27/><N who="0" m="16743" /><D13/><U100/><E36/><V54/><F54/><AGARI ba="1,0" hai="15,16,22,46,47,54,57,62,93,99,103" m="16743" machi="54" ten="30,2900,0" yaku="8,1,54,1" doraHai="71" who="0" fromWho="2" sc="290,32,64,0,327,-32,319,0" /><INIT seed="4,2,0,2,1,81" ten="322,64,295,319" oya="0" hai0="71,80,58,106,98,100,59,88,40,35,102,104,44" hai1="110,97,130,103,3,116,62,89,118,67,38,115,131" hai2="31,120,15,87,26,23,107,111,76,11,43,4,122" hai3="96,27,82,25,48,68,12,64,73,112,90,24,60"/><T70/><D35/><U133/><E3/><V17/><F111/><W0/><G0/><T9/><D58/><U30/><E30/><V41/><F107/><W39/><G39/><T63/><D9/><U47/><E89/><V53/><F120/><W125/><G112/><T101/><D70/><U124/><E97/><V20/><F122/><W28/><G125/><T50/><D71/><U79/><E79/><V132/><F132/><W77/><G48/><T6/><D6/><U51/><E103/><V95/><F53/><W65/><G65/><T123/><D123/><U56/><E110/><V99/><F76/><W21/><REACH who="3" step="1"/><G12/><REACH who="3" ten="322,64,295,309" step="2"/><T49/><D49/><U29/><E124/><V22/><F15/><W105/><G105/><T117/><D106/><U66/><E115/><V121/><F121/><W8/><G8/><T2/><D2/><U36/><E67/><V33/><F11/><W10/><G10/><T19/><D117/><N who="1" m="45163" /><E133/><V129/><F4/><W72/><G72/><T84/><REACH who="0" step="1"/><D19/><REACH who="0" ten="312,64,295,309" step="2"/><U37/><E29/><V92/><F17/><W114/><G114/><T57/><D57/><U45/><E51/><V78/><F31/><W134/><G134/><T127/><D127/><U126/><E126/><V128/><F129/><AGARI ba="2,2" hai="36,37,38,45,47,56,62,66,129,130,131" m="45163" machi="129" ten="40,5200,0" yaku="19,1,34,2" doraHai="81" who="1" fromWho="2" sc="312,0,64,78,295,-58,309,0" /><INIT seed="5,0,0,1,1,70" ten="312,142,237,309" oya="1" hai0="123,68,120,26,36,113,22,48,3,108,27,21,85" hai1="118,93,117,4,84,121,96,13,8,49,134,130,60" hai2="131,17,106,63,72,0,135,65,79,122,78,107,73" hai3="10,18,128,40,28,52,32,53,102,54,20,38,82"/><U67/><E121/><N who="0" m="46665" /><D68/><U46/><E130/><V100/><F131/><W114/><G128/><T7/><D48/><U92/><E134/><V116/><F135/><W14/><G114/><T5/><D85/><U62/><E118/><V105/><F116/><W80/><G102/><T75/><D75/><U42/><E117/><V51/><F0/><W103/><G103/><T129/><D129/><U69/><E60/><V47/><F122/><W2/><G32/><T110/><D113/><U90/><REACH who="1" step="1"/><E96/><REACH who="1" ten="312,132,237,309" step="2"/><V39/><F63/><W112/><G112/><T81/><D108/><U37/><E37/><V15/><F39/><W94/><G38/><T77/><D36/><U43/><E43/><V74/><F106/><W86/><G40/><T29/><D110/><U115/><E115/><V31/><F107/><W61/><G61/><T50/><D50/><U55/><E55/><V111/><F111/><W11/><G2/><T16/><D3/><U132/><E132/><V12/><F105/><W58/><G28/><T126/><D126/><U127/><E127/><V104/><F31/><W133/><G133/><T89/><D29/><U76/><E76/><V125/><F78/><W83/><G58/><T101/><D77/><U97/><E97/><N who="2" m="61455" /><F79/><W34/><G34/><T88/><D101/><U119/><E119/><V6/><F125/><W71/><G71/><T1/><D1/><U9/><E9/><V56/><F56/><W45/><G45/><T59/><D59/><U87/><E87/><V124/><F124/><W33/><G33/><T98/><D98/><U66/><E66/><V25/><F65/><RYUUKYOKU ba="0,1" sc="312,-15,132,15,237,-15,309,15" hai1="4,8,13,42,46,49,62,67,69,84,90,92,93" hai3="10,11,14,18,20,52,53,54,80,82,83,86,94" /><INIT seed="5,1,1,1,5,111" ten="297,147,222,324" oya="1" hai0="24,45,31,68,120,106,19,91,33,32,121,60,125" hai1="37,34,0,56,90,116,12,39,133,29,71,17,47" hai2="16,6,26,3,50,73,94,55,99,10,112,95,69" hai3="130,21,129,115,114,49,126,77,64,82,97,134,9"/><U110/><E116/><V43/><F73/><W46/><G64/><N who="0" m="40967" /><D125/><U42/><E0/><V119/><F69/><W11/><G126/><T53/><D106/><U96/><E71/><V13/><F119/><W23/><G134/><T14/><D91/><U103/><E110/><V87/><F43/><N who="3" m="24799" /><G97/><T131/><D131/><N who="3" m="50185" /><G9/><T41/><D53/><U127/><E127/><V2/><F87/><N who="3" m="48591" /><G11/><N who="0" m="6623" /><D24/><U15/><E133/><V38/><F38/><W102/><G102/><T63/><D63/><U67/><E37/><V88/><F95/><W22/><AGARI ba="1,1" hai="21,22,23,114,115" m="48591,50185,24799" machi="22" ten="40,5200,0" yaku="19,1,52,2" doraHai="111" who="3" fromWho="3" sc="297,-14,147,-27,222,-14,324,65" /><INIT seed="6,0,0,4,0,28" ten="283,120,208,389" oya="2" hai0="15,59,36,85,77,93,95,73,102,120,123,19,133" hai1="105,110,16,128,84,99,17,132,115,127,71,6,63" hai2="87,24,67,88,86,8,41,53,83,45,66,4,57" hai3="114,25,103,58,42,61,55,79,14,20,5,2,27"/><V1/><F24/><W78/><G2/><T43/><D43/><U60/><E110/><V131/><F131/><W65/><G42/><T81/><D59/><U116/><E116/><V107/><F107/><W74/><G103/><T96/><D19/><U46/><E128/><V89/><F57/><W35/><G74/><T104/><D15/><U70/><E84/><V9/><F9/><N who="3" m="4399" /><G35/><T0/><D36/><U10/><E127/><V125/><F53/><W122/><G122/><N who="0" m="46635" /><D0/><U129/><E129/><V54/><F54/><W106/><G106/><T94/><D133/><U117/><E132/><V108/><F108/><W82/><G78/><T33/><D33/><U134/><E134/><V64/><F125/><W22/><G55/><T49/><D49/><U40/><E117/><V34/><F34/><W23/><G114/><T111/><D111/><U100/><E115/><V21/><F21/><W101/><G101/><T91/><AGARI ba="0,0" hai="73,77,81,85,91,93,94,95,96,102,104" m="46635" machi="91" ten="30,4000,0" yaku="24,1,34,2" doraHai="28" who="0" fromWho="0" sc="283,40,120,-10,208,-20,389,-10" /><INIT seed="7,0,0,1,2,12" ten="323,110,188,379" oya="3" hai0="132,102,101,94,81,49,84,96,92,50,115,75,1" hai1="4,55,29,126,44,13,122,65,103,8,113,40,99" hai2="82,107,23,79,19,116,52,31,30,112,26,72,86" hai3="76,2,63,53,130,27,5,45,91,35,48,133,119"/><W58/><G119/><T70/><D70/><U38/><E122/><V37/><F116/><W121/><G121/><T46/><D1/><U21/><E113/><V66/><F107/><W69/><G133/><T74/><D132/><U3/><E126/><V134/><F134/><W97/><G130/><T39/><D115/><U10/><E65/><V125/><F112/><W64/><G76/><T42/><D74/><U14/><E55/><V80/><F37/><W88/><G2/><T57/><D75/><U32/><E32/><V114/><F114/><W87/><G97/><T95/><D39/><U124/><E124/><V25/><F125/><W123/><G5/><T47/><D57/><U62/><E62/><V77/><F66/><W118/><G118/><T16/><D102/><U108/><E108/><V83/><F83/><W0/><G0/><T78/><REACH who="0" step="1"/><D16/><REACH who="0" ten="313,110,188,379" step="2"/><U61/><E8/><V117/><F117/><W71/><G123/><T73/><D73/><U110/><E110/><V127/><F127/><W98/><G71/><T22/><D22/><U131/><E131/><V129/><F129/><W60/><G69/><T56/><D56/><U11/><E11/><V20/><F19/><W135/><G135/><T41/><AGARI ba="0,1" hai="41,42,46,47,49,50,78,81,84,92,94,95,96,101" machi="41" ten="20,12000,2" yaku="1,1,0,1,7,1,9,1,8,1,53,2" doraHai="12" doraHaiUra="43" who="0" fromWho="0" sc="313,130,110,-30,188,-30,379,-60" owari="443,54.0,80,-42.0,158,-24.0,319,12.0" /></mjloggm>