<mjloggm ver="2.3"><GO type="41" lobby="0"/><UN n0="%43%68%72%69%73%74%31%32" n1="%E2%93%9D%53%75%70%68%78" n2="%E4%B8%80%E6%97%A5%E4%B8%80%E5%96%84" n3="%6A%6F%69%68" dan="15,18,14,16" rate="1983.75,2131.45,1908.05,1992.93" sx="M,M,M,M"/><TAIKYOKU oya="0"/><INIT seed="0,0,0,2,2,43" ten="250,250,250,250" oya="0" hai0="32,104,68,10,129,49,21,63,101,89,28,50,133" hai1="51,77,17,73,62,18,30,12,107,70,6,131,110" hai2="39,114,90,46,14,111,81,121,86,36,85,135,106" hai3="117,71,31,119,74,23,80,125,57,83,94,34,112"/><T75/><D75/><U99/><E110/><V108/><F114/><W45/><G71/><T3/><D21/><U122/><E131/><V126/><F121/><W2/><G112/><T79/><D79/><U13/><E6/><V53/><F106/><W78/><G125/><T60/><D60/><U16/><E30/><V47/><F53/><W84/><G2/><T116/><D116/><U24/><E24/><V132/><F14/><W19/><G34/><T105/><D89/><U41/><E122/><V1/><F1/><W98/><G31/><T29/><D133/><N who="2" m="51274" /><F86/><W26/><G84/><T96/><D105/><U124/><E124/><V93/><F81/><W27/><G80/><T4/><D129/><U64/><E73/><V52/><F52/><W128/><G128/><T72/><D72/><U5/><E5/><V7/><F7/><W92/><G27/><N who="0" m="18463" /><D29/><U95/><E107/><V134/><N who="2" m="51282" /><V69/><DORA hai="61" /><F69/><W22/><G74/><T0/><D0/><U127/><E77/><V102/><F102/><W58/><G78/><T76/><D76/><U123/><E127/><V20/><F20/><W130/><G23/><T56/><D56/><U66/><E123/><V15/><F15/><N who="1" m="5705" /><E70/><V97/><F85/><W65/><G130/><T100/><D100/><N who="1" m="60543" /><E62/><V40/><F126/><W11/><G22/><T48/><D68/><U38/><E38/><N who="2" m="14379" /><F40/><W88/><G26/><T54/><D63/><U37/><E37/><V25/><F25/><W8/><G117/><T109/><D109/><AGARI ba="0,0" hai="46,47,90,93,97,108,109,111" m="14379,51282" machi="109" ten="50,8000,1" yaku="14,1,20,1,52,2" doraHai="43,61" who="2" fromWho="0" sc="250,-80,250,0,250,80,250,0" /><INIT seed="1,0,0,1,5,32" ten="170,250,330,250" oya="1" hai0="112,59,93,13,5,9,68,65,80,120,17,82,127" hai1="49,21,40,35,62,128,110,16,135,58,4,96,38" hai2="130,98,74,70,26,51,73,15,107,125,57,121,91" hai3="33,83,104,42,30,8,97,86,48,132,88,44,131"/><U50/><E35/><V99/><F70/><W92/><G132/><T87/><D112/><U41/><E135/><V0/><F26/><W90/><G131/><T55/><D127/><U75/><E75/><V119/><F57/><W54/><G33/><T25/><D120/><U81/><E128/><V95/><F51/><W12/><G30/><T124/><D124/><U118/><E118/><V20/><F20/><W94/><G104/><T69/><D65/><U106/><E4/><V46/><F46/><W117/><G117/><T1/><D93/><U100/><E81/><V102/><F15/><W28/><G28/><T113/><D25/><U71/><E110/><V101/><F0/><W31/><G31/><T27/><D27/><U24/><E71/><V111/><F119/><W85/><G42/><T61/><D82/><U78/><E78/><V116/><F116/><W2/><G2/><T72/><D72/><N who="2" m="27754" /><F121/><W129/><G129/><T34/><D113/><U6/><E6/><V60/><F60/><W47/><G54/><T18/><D18/><U77/><E77/><V84/><F130/><W53/><G53/><T14/><D14/><U123/><E123/><V19/><F19/><N who="3" m="8583" /><G48/><T126/><D126/><U11/><E11/><V7/><F7/><W105/><G44/><T114/><D114/><U79/><E79/><V29/><F29/><W134/><G47/><T10/><D34/><U39/><E50/><V115/><F125/><W45/><G45/><T64/><D55/><N who="1" m="34143" /><E49/><V63/><F115/><W122/><G122/><T56/><D69/><U23/><E23/><V37/><F107/><RYUUKYOKU ba="0,0" sc="170,15,250,15,330,-15,250,-15" hai0="1,5,9,10,13,17,56,59,61,64,68,80,87" hai1="16,21,24,38,39,40,41,96,100,106" /><INIT seed="1,1,0,5,1,6" ten="185,265,315,235" oya="1" hai0="17,48,16,59,9,20,77,28,21,111,7,76,98" hai1="1,4,34,51,122,37,57,94,35,29,42,88,71" hai2="68,2,15,8,33,36,14,100,54,60,131,107,3" hai3="106,116,45,73,25,109,78,99,108,43,44,52,83"/><U75/><E122/><V47/><F131/><W127/><G116/><T104/><D111/><U11/><E71/><V110/><F110/><W132/><G127/><T27/><D104/><U5/><E75/><V91/><F33/><W128/><G128/><T97/><D17/><U69/><E69/><V53/><F107/><W133/><G25/><N who="0" m="14471" /><D48/><U67/><E5/><V58/><F100/><W90/><G108/><T114/><D114/><U84/><E29/><V80/><F68/><W18/><G18/><T125/><D59/><U134/><E134/><V82/><F15/><W117/><G117/><T64/><D64/><U105/><E105/><V46/><F46/><W126/><G109/><T10/><D7/><U86/><E37/><V79/><F91/><W55/><G90/><T50/><D50/><U89/><E42/><V72/><F82/><W66/><G83/><T39/><D39/><U123/><E123/><V65/><F65/><W118/><G66/><T87/><D125/><U32/><E51/><V63/><F63/><W92/><G126/><T102/><D102/><U19/><E19/><V129/><F129/><W61/><G106/><T135/><D135/><U115/><E115/><V31/><F36/><W62/><G133/><T22/><D22/><U23/><E23/><V41/><F41/><W74/><G43/><T93/><D87/><N who="1" m="52511" /><E89/><V103/><F103/><W120/><G132/><T112/><D112/><U12/><E12/><V85/><F2/><W81/><G118/><T56/><D98/><U96/><E96/><V113/><F113/><W95/><G99/><T13/><D97/><RYUUKYOKU ba="1,0" sc="185,-10,265,30,315,-10,235,-10" hai1="1,4,11,32,34,35,57,67,84,86" /><INIT seed="1,2,0,5,5,27" ten="175,295,305,225" oya="1" hai0="37,123,94,85,68,14,56,90,98,33,75,127,79" hai1="131,106,117,26,111,13,113,20,53,128,7,35,126" hai2="88,57,78,122,125,119,21,89,80,124,70,32,74" hai3="29,83,39,40,120,76,50,58,62,60,59,11,105"/><U38/><E106/><V22/><F32/><W77/><G105/><T64/><D37/><U102/><E102/><V0/><F70/><W3/><G120/><T71/><D33/><U112/><E53/><V103/><F0/><W31/><G39/><T61/><D123/><U43/><E43/><V92/><F119/><W132/><G132/><T116/><D116/><U19/><E38/><V18/><F122/><W49/><G3/><T93/><D127/><N who="2" m="48714" /><F57/><W118/><G118/><T96/><D75/><U48/><E48/><V10/><F10/><W45/><G11/><T17/><D79/><N who="3" m="30281" /><G83/><T86/><D71/><U133/><E126/><V91/><F18/><W135/><G135/><T42/><D42/><U84/><E117/><V82/><F82/><W23/><G23/><N who="2" m="8713" /><F103/><W44/><G59/><T28/><D68/><U12/><E133/><V95/><AGARI ba="2,0" hai="74,78,80,88,89,91,92,95" m="8713,48714" machi="95" ten="40,2700,0" yaku="18,1,54,1" doraHai="27" who="2" fromWho="2" sc="175,-9,295,-15,305,33,225,-9" /><INIT seed="2,0,0,5,0,107" ten="166,280,338,216" oya="2" hai0="1,4,133,58,98,95,33,101,0,25,97,131,39" hai1="18,73,96,16,71,47,42,91,35,102,65,115,123" hai2="70,93,29,75,10,46,120,30,68,112,19,105,63" hai3="34,99,77,125,59,41,116,36,7,114,57,69,79"/><V111/><F105/><W15/><G116/><T117/><D39/><U24/><E115/><V85/><F120/><W60/><G114/><T86/><D117/><U121/><E91/><V23/><F112/><W40/><G125/><T103/><D131/><U20/><E35/><V134/><F46/><W89/><G34/><T72/><D133/><U126/><E126/><V127/><F10/><W48/><G69/><T90/><D4/><U43/><E73/><V64/><F70/><W5/><G36/><T2/><D58/><U113/><E113/><V38/><F38/><W76/><G59/><T22/><D33/><U13/><E65/><V49/><F49/><W61/><G61/><T31/><REACH who="0" step="1"/><D72/><REACH who="0" ten="156,280,338,216" step="2"/><U129/><E129/><V104/><F75/><W106/><G5/><T118/><D118/><U45/><E71/><V6/><F6/><W51/><G7/><T108/><D108/><U80/><E123/><V87/><F134/><W82/><G57/><T3/><N who="0" m="0" /><DORA hai="130" /><T44/><D44/><U53/><E121/><V55/><F111/><W110/><G110/><T27/><D27/><U12/><E24/><V50/><F68/><W17/><G15/><T9/><D9/><U62/><E13/><V14/><F14/><W37/><G37/><T84/><D84/><U66/><E47/><V28/><F85/><W83/><G99/><AGARI ba="0,1" hai="22,25,31,86,90,95,97,98,99,101,103" m="0" machi="99" ten="70,2300,0" yaku="1,1,53,0" doraHai="107,130" doraHaiUra="67,128" who="0" fromWho="3" sc="156,33,280,0,338,0,216,-23" /><INIT seed="3,0,0,1,1,11" ten="189,280,338,193" oya="3" hai0="0,35,61,76,32,101,123,40,3,111,72,27,100" hai1="42,105,70,67,28,83,94,51,74,7,53,4,2" hai2="134,85,20,86,23,18,57,8,89,52,127,24,95" hai3="113,91,88,102,117,106,77,68,65,12,108,21,92"/><W15/><G113/><T114/><D123/><U38/><E105/><V80/><F127/><W63/><G117/><T109/><D114/><U10/><E7/><V59/><F134/><W97/><G108/><N who="0" m="41547" /><D40/><U131/><E94/><V37/><F37/><W29/><G77/><T41/><D41/><U81/><E131/><V103/><F8/><W133/><G133/><T73/><D61/><N who="1" m="40303" /><E28/><V19/><F52/><W22/><G91/><T26/><D76/><U58/><E74/><N who="0" m="28777" /><D27/><U48/><E48/><V64/><F64/><W75/><G75/><T96/><D96/><U124/><E124/><V39/><F39/><W6/><G6/><T135/><D26/><U44/><AGARI ba="0,0" hai="2,4,10,38,42,44,51,53,58,81,83" m="40303" machi="44" ten="30,1100,0" yaku="24,1" doraHai="11" who="1" fromWho="1" sc="189,-3,280,11,338,-3,193,-5" /><INIT seed="4,0,0,5,0,5" ten="186,291,335,188" oya="0" hai0="102,59,60,63,65,72,113,61,110,109,118,95,38" hai1="34,92,24,12,3,75,128,124,90,108,2,97,73" hai2="105,91,6,21,58,33,116,88,41,82,68,52,133" hai3="126,10,25,71,0,86,42,80,56,4,89,16,49"/><T96/><D118/><U134/><E108/><N who="0" m="41577" /><D72/><U115/><E128/><V8/><F68/><W29/><G126/><T94/><D38/><U40/><E134/><V100/><F33/><W84/><G71/><T117/><D117/><U120/><E120/><V78/><F41/><W39/><G39/><T51/><D113/><U47/><E124/><V43/><F43/><W28/><G84/><T130/><D130/><U121/><E121/><V31/><F100/><W127/><G127/><T67/><D94/><U57/><E75/><V54/><F105/><W15/><G25/><T112/><D112/><U11/><E73/><V103/><F103/><W77/><G77/><T66/><D51/><U107/><E107/><V132/><F21/><W98/><G98/><T83/><D83/><U44/><E115/><V45/><F45/><W104/><G104/><T23/><D23/><U18/><E47/><V37/><F31/><W35/><G35/><T135/><D135/><N who="2" m="51786" /><F37/><W81/><G42/><T7/><D7/><U36/><REACH who="1" step="1"/><E57/><AGARI ba="0,0" hai="57,59,60,61,63,65,66,67,95,96,102" m="41577" machi="57" ten="40,2000,0" yaku="10,1" doraHai="5" who="0" fromWho="1" sc="186,20,291,-20,335,0,188,0" /><INIT seed="4,1,0,5,5,87" ten="206,271,335,188" oya="0" hai0="35,56,53,77,17,50,36,89,125,98,120,31,18" hai1="90,83,58,128,88,85,23,110,12,21,101,40,42" hai2="84,73,10,126,8,43,14,46,41,127,97,47,63" hai3="92,49,20,123,129,55,113,105,74,112,27,72,71"/><T133/><D120/><U61/><E110/><V13/><F73/><W26/><G123/><T70/><D36/><U106/><E128/><V25/><F97/><W107/><G129/><T64/><D133/><U44/><E106/><V96/><F96/><W37/><G37/><T48/><D125/><U29/><E101/><V57/><F25/><W66/><G71/><T117/><D117/><U109/><E109/><V93/><F93/><W118/><G66/><T19/><D77/><U134/><E134/><V28/><F84/><W1/><G118/><T80/><D70/><U122/><E122/><V130/><F28/><W103/><G1/><T24/><D64/><N who="1" m="38967" /><E44/><V62/><REACH who="2" step="1"/><F57/><REACH who="2" ten="206,271,325,188" step="2"/><W94/><G103/><T6/><D98/><U4/><E29/><V79/><F79/><W132/><G74/><T67/><D80/><U38/><E83/><V3/><F3/><W65/><G72/><T33/><D31/><U114/><E85/><V111/><F111/><W68/><G94/><T7/><D24/><U45/><E90/><V115/><F115/><W82/><G27/><T0/><D89/><U75/><E88/><V60/><F60/><W104/><G26/><T116/><D116/><U95/><E95/><V78/><F78/><W76/><G113/><T15/><D0/><U22/><E114/><V2/><F2/><W54/><G112/><T34/><D15/><U32/><E75/><V100/><F100/><W91/><G91/><T39/><D39/><U51/><E38/><V86/><F86/><W131/><G68/><T9/><D35/><U52/><E32/><N who="0" m="12393" /><D56/><U81/><E81/><RYUUKYOKU ba="1,1" sc="206,-15,271,15,325,15,188,-15" hai1="4,12,21,22,23,40,42,45,51,52" hai2="8,10,13,14,41,43,46,47,62,63,126,127,130" /><INIT seed="5,2,1,2,2,122" ten="191,286,340,173" oya="1" hai0="80,77,121,53,73,60,50,71,68,63,115,105,21" hai1="70,49,89,86,19,34,13,38,25,48,37,85,114" hai2="47,3,56,66,42,94,58,65,123,101,32,12,16" hai3="120,7,24,119,93,2,69,5,40,1,39,102,110"/><U28/><E70/><V10/><F32/><W14/><G120/><T36/><D121/><U117/><E117/><V125/><F3/><W64/><G119/><T43/><D105/><U81/><E114/><V45/><F125/><W108/><G39/><T79/><D115/><U118/><E118/><V11/><F11/><W100/><G40/><T133/><D133/><U74/><E74/><V109/><F109/><W72/><G72/><T8/><D79/><U61/><E61/><V98/><F123/><W52/><G64/><N who="2" m="24681" /><F42/><W59/><G69/><T44/><D63/><U30/><E30/><V54/><F58/><W0/><G24/><T84/><D60/><AGARI ba="2,1" hai="10,12,16,45,47,54,56,60,94,98,101" m="24681" machi="60" ten="30,2000,0" yaku="8,1,54,1" doraHai="122" who="2" fromWho="0" sc="191,-26,286,0,340,36,173,0" /><INIT seed="6,0,0,4,2,20" ten="165,286,376,173" oya="2" hai0="100,77,40,116,36,64,93,24,111,15,98,118,22" hai1="16,13,8,1,62,78,82,115,2,133,19,90,79" hai2="106,72,126,71,63,124,25,47,53,101,67,113,121" hai3="134,35,119,10,46,107,102,65,38,123,86,131,23"/><V14/><F72/><W41/><G119/><N who="0" m="45611" /><D111/><U59/><E115/><V56/><F121/><W50/><G123/><T94/><D77/><U69/><E69/><V66/><F106/><W26/><G134/><T110/><D110/><U112/><E112/><V12/><F101/><W29/><G131/><T39/><D64/><U130/><E130/><V27/><F47/><W105/><G65/><N who="2" m="24585" /><F71/><W5/><G102/><T88/><D15/><N who="2" m="5674" /><F113/><W54/><G35/><T30/><D40/><U28/><E133/><V127/><AGARI ba="0,0" hai="25,27,53,56,63,124,126,127" m="5674,24585" machi="127" ten="40,7800,0" yaku="18,1,52,2" doraHai="20" who="2" fromWho="2" sc="165,-26,286,-26,376,78,173,-26" /><INIT seed="6,1,0,1,0,81" ten="139,260,454,147" oya="2" hai0="76,43,9,104,29,97,16,50,27,17,66,46,80" hai1="101,68,25,88,31,41,107,98,82,89,18,108,14" hai2="106,6,112,83,125,91,131,53,15,1,78,23,129" hai3="69,65,62,4,110,56,3,13,90,134,118,135,59"/><V34/><F106/><W127/><G3/><T124/><D124/><U105/><E108/><V117/><F117/><W28/><G118/><T55/><D66/><U64/><E107/><V100/><F100/><W5/><G110/><T67/><D67/><U51/><E41/><V133/><F34/><W24/><G127/><T54/><D104/><U19/><E51/><V10/><F91/><W61/><G90/><T113/><D97/><U111/><E111/><V8/><F53/><W93/><G93/><T12/><D17/><U38/><E38/><V74/><F112/><W92/><G92/><T128/><D128/><N who="2" m="49226" /><F23/><W45/><G69/><T58/><D113/><U84/><E14/><V32/><F32/><W22/><G13/><T47/><D58/><U71/><E71/><V102/><F102/><W103/><G103/><T130/><D47/><U2/><E2/><V96/><F96/><W121/><G45/><T109/><D109/><U60/><E89/><V36/><F36/><W57/><G57/><T85/><REACH who="0" step="1"/><D130/><REACH who="0" ten="129,260,454,147" step="2"/><U44/><E44/><V115/><F125/><W94/><G59/><T70/><D70/><U35/><AGARI ba="1,1" hai="18,19,25,31,35,60,64,68,82,84,88,98,101,105" machi="35" ten="20,12000,2" yaku="0,1,7,1,25,2,52,1,54,1" doraHai="81" who="1" fromWho="1" sc="129,-31,260,133,454,-61,147,-31" /><INIT seed="7,0,0,2,2,13" ten="98,393,393,116" oya="3" hai0="80,133,128,43,114,98,63,126,45,111,40,93,15" hai1="105,91,132,106,68,94,131,129,0,102,62,75,60" hai2="123,23,86,107,73,84,4,88,78,42,47,92,37" hai3="117,21,100,33,53,121,119,64,36,44,122,3,58"/><W135/><G33/><T10/><D111/><U30/><E0/><V57/><F107/><N who="1" m="40969" /><E132/><V65/><F73/><W69/><G3/><T46/><D128/><N who="1" m="49227" /><E75/><V25/><F4/><W6/><G6/><T20/><D126/><U24/><E102/><V96/><F78/><W118/><G100/><N who="0" m="60495" /><D133/><U35/><E68/><V112/><F112/><W27/><G135/><T66/><D114/><U72/><E72/><V74/><F74/><W9/><G122/><T5/><D80/><U82/><E82/><V134/><F123/><W7/><G121/><T12/><D66/><U116/><E116/><V34/><F34/><W90/><G119/><T61/><D43/><U54/><E54/><V85/><F134/><W110/><G118/><T2/><D2/><U8/><E8/><V127/><F127/><W95/><G117/><T76/><D76/><U31/><E31/><V32/><F32/><W101/><G69/><T18/><D40/><U99/><AGARI ba="0,0" hai="24,30,35,60,62,91,94,99" m="49227,40969" machi="99" ten="30,1100,0" yaku="19,1" doraHai="13" who="1" fromWho="1" sc="98,-3,393,11,393,-3,116,-5" owari="95,-40.0,404,50.0,390,19.0,111,-29.0" /></mjloggm>