<mjloggm ver="2.3"><GO type="41" lobby="0"/><UN n0="%E8%BB%A2%E8%81%B7%E8%8B%A6%E6%88%A6%E4%B8%AD" n1="%E2%93%9D%53%75%70%68%78" n2="%E3%81%BD%E3%82%88%E3%81%AE%E3%81%93" n3="%E5%B9%B2%E3%81%97%E8%8A%8B%E5%A5%BD%E3%81%8D" dan="14,18,15,13" rate="1949.03,2095.41,1982.74,1820.68" sx="M,M,M,M"/><TAIKYOKU oya="0"/><INIT seed="0,0,0,0,0,76" ten="250,250,250,250" oya="0" hai0="119,117,30,74,94,52,16,114,58,42,34,63,2" hai1="55,39,21,106,79,6,81,89,33,12,77,113,57" hai2="25,62,72,100,28,131,13,44,64,23,56,47,49" hai3="124,8,122,20,96,35,93,127,99,92,50,7,68"/><T95/><D114/><U15/><E106/><V51/><F131/><W111/><G35/><T3/><D74/><U109/><E33/><V80/><F100/><W102/><G68/><T48/><D34/><U65/><E109/><V126/><F126/><W43/><G111/><T19/><D3/><U36/><E65/><V115/><F115/><W123/><G20/><T71/><D2/><U54/><E89/><V18/><F72/><W135/><G135/><T118/><D30/><U134/><E57/><V82/><F51/><W91/><G50/><T1/><D1/><U128/><E21/><V40/><REACH who="2" step="1"/><F47/><REACH who="2" ten="250,250,240,250" step="2"/><W41/><G124/><T5/><D5/><U46/><E128/><V66/><F66/><W84/><G127/><T103/><D103/><U29/><E6/><V101/><F101/><W31/><G99/><T14/><D19/><U24/><E113/><V105/><F105/><W90/><G31/><T98/><D117/><U125/><E125/><V97/><F97/><W132/><G132/><T116/><D98/><U78/><E134/><V9/><AGARI ba="0,1" hai="9,13,18,23,25,28,40,44,49,56,62,64,80,82" machi="9" ten="20,12000,2" yaku="1,1,0,1,7,1,8,1,52,2,53,0" doraHai="76" doraHaiUra="69" who="2" fromWho="2" sc="250,-60,250,-30,240,130,250,-30" /><INIT seed="1,0,0,3,0,18" ten="190,220,370,220" oya="1" hai0="96,36,45,87,75,46,73,12,88,80,134,72,68" hai1="130,43,14,49,97,115,128,32,113,6,125,37,8" hai2="114,60,126,21,120,79,29,92,99,19,20,5,11" hai3="65,33,110,116,26,123,23,3,98,111,93,118,17"/><U124/><E49/><V106/><F120/><W105/><G105/><T61/><D134/><U44/><E97/><V31/><F106/><W94/><G3/><T15/><D96/><U82/><E82/><V48/><F126/><N who="1" m="48745" /><E32/><V50/><F114/><AGARI ba="0,0" hai="6,8,14,37,43,44,113,114,115,128,130" m="48745" machi="114" ten="30,1500,0" yaku="18,1" doraHai="18" who="1" fromWho="2" sc="190,0,220,15,370,-15,220,0" /><INIT seed="1,1,0,3,5,115" ten="190,235,355,220" oya="1" hai0="43,84,50,1,46,81,123,133,49,106,90,57,11" hai1="5,27,62,59,61,25,131,114,58,109,53,75,38" hai2="78,91,74,85,89,116,86,3,56,107,79,21,121" hai3="28,63,134,40,37,52,113,111,47,122,31,4,101"/><U22/><E114/><V19/><F3/><W42/><G111/><T76/><D133/><U117/><E75/><V135/><F121/><W104/><G122/><T12/><D123/><U132/><E132/><V32/><F32/><W6/><G113/><T108/><D108/><U95/><E109/><V71/><F71/><W125/><G125/><T126/><D126/><U105/><E105/><V23/><F135/><W96/><G42/><T72/><D1/><U20/><E38/><V124/><F124/><W33/><G134/><T110/><D106/><U112/><E131/><V10/><F107/><W48/><G63/><T82/><D57/><U93/><E112/><V70/><F56/><W34/><G28/><T118/><D110/><U51/><E5/><V14/><F70/><W44/><REACH who="3" step="1"/><G31/><REACH who="3" ten="190,235,355,210" step="2"/><T97/><D43/><U128/><E128/><V13/><F74/><W8/><G8/><T35/><D11/><U127/><E127/><V30/><F30/><W94/><G94/><T120/><D72/><U119/><E53/><V65/><F10/><W68/><G68/><T98/><D120/><U2/><E2/><V26/><F65/><W39/><G39/><T83/><D83/><U77/><E51/><V66/><F66/><W100/><G100/><T55/><D49/><U7/><E7/><AGARI ba="1,1" hai="4,6,7,33,34,37,40,44,47,48,52,96,101,104" machi="7" ten="40,2600,0" yaku="1,1,54,1,53,0" doraHai="115" doraHaiUra="24" who="3" fromWho="1" sc="190,0,235,-29,355,0,210,39" /><INIT seed="2,0,0,5,3,49" ten="190,206,355,249" oya="2" hai0="78,96,5,57,64,130,69,110,0,36,116,11,95" hai1="35,21,56,19,27,104,127,28,2,112,82,54,103" hai2="85,119,115,134,42,100,30,63,29,41,61,88,44" hai3="89,14,117,72,98,79,47,91,17,87,97,32,46"/><V77/><F115/><W50/><G32/><T43/><D110/><U7/><E127/><V12/><F119/><W93/><G72/><T70/><D116/><U40/><E112/><V99/><F134/><W34/><G34/><T62/><D130/><U108/><E40/><N who="2" m="15467" /><F77/><W22/><G79/><T6/><D6/><U66/><E66/><V48/><F12/><W55/><G117/><T74/><D95/><U80/><E108/><V128/><F128/><W67/><G67/><T1/><D96/><U58/><E58/><V123/><F123/><W121/><G121/><T9/><D9/><U73/><E73/><V51/><F51/><W92/><REACH who="3" step="1"/><G87/><REACH who="3" ten="190,206,355,239" step="2"/><T3/><D69/><U111/><E111/><V13/><F85/><W16/><G16/><T45/><REACH who="0" step="1"/><D70/><REACH who="0" ten="180,206,355,239" step="2"/><U90/><E7/><V125/><F125/><W75/><G75/><T83/><AGARI ba="0,2" hai="0,1,3,5,11,36,43,45,57,62,64,74,78,83" machi="83" ten="30,8000,1" yaku="1,1,2,1,0,1,25,2,53,0" doraHai="49" doraHaiUra="129" who="0" fromWho="0" sc="180,100,206,-20,355,-40,239,-20" /><INIT seed="3,0,0,3,2,24" ten="280,186,315,219" oya="3" hai0="70,47,63,90,95,11,36,13,14,66,23,69,114" hai1="31,52,51,131,12,67,61,32,1,94,58,122,48" hai2="84,18,81,41,121,88,118,55,49,113,73,77,28" hai3="8,74,25,89,107,59,79,20,104,56,102,83,64"/><W91/><G8/><T123/><D123/><U93/><E122/><V44/><F121/><W112/><G112/><T78/><D114/><U99/><E1/><V105/><F113/><W68/><G68/><T42/><D69/><U53/><E131/><V103/><F118/><W82/><G82/><T132/><D132/><U115/><E115/><V75/><F18/><W34/><G34/><T17/><D78/><U100/><E12/><V30/><F75/><W111/><G111/><T45/><D42/><U72/><E72/><V62/><F62/><W106/><G102/><T35/><D36/><U37/><E37/><V19/><F19/><W3/><G3/><T54/><D54/><U116/><E116/><V119/><F119/><W96/><G96/><T108/><D35/><U128/><E128/><V27/><F27/><W15/><G15/><T120/><D108/><U85/><E32/><V76/><F41/><W92/><G92/><T110/><D110/><U86/><E31/><V109/><F109/><W50/><G50/><T29/><D29/><U21/><E21/><V134/><F77/><W2/><G2/><T57/><D70/><U4/><E4/><V0/><F0/><W129/><G129/><T5/><REACH who="0" step="1"/><D120/><REACH who="0" ten="270,186,315,219" step="2"/><U40/><E40/><V98/><F134/><W71/><G71/><T38/><D38/><U33/><E33/><V16/><F16/><W125/><G64/><T46/><D46/><N who="1" m="27671" /><E67/><V26/><F26/><W65/><G65/><T80/><D80/><AGARI ba="0,1" hai="28,30,44,49,55,73,76,80,81,84,88,98,103,105" machi="80" ten="30,7700,0" yaku="7,1,52,2,54,1" doraHai="24" who="2" fromWho="0" sc="270,-77,186,0,315,87,219,0" /><INIT seed="4,0,0,2,3,31" ten="193,186,402,219" oya="0" hai0="71,63,59,20,60,123,127,114,17,65,125,58,27" hai1="64,93,32,91,12,131,100,44,3,101,53,133,46" hai2="70,96,41,102,76,105,85,13,97,10,57,81,95" hai3="0,5,103,24,69,55,116,135,54,30,22,108,43"/><T78/><D123/><U98/><E3/><V110/><F70/><W122/><G108/><T128/><D114/><U75/><E75/><V18/><F110/><W48/><G116/><T67/><D128/><U132/><E64/><V40/><REACH who="2" step="1"/><F57/><REACH who="2" ten="193,186,392,219" step="2"/><W130/><G69/><T107/><D71/><U73/><E131/><V134/><F134/><W11/><G135/><T121/><D121/><U77/><E133/><V8/><F8/><W23/><G130/><T2/><D2/><U19/><E132/><V88/><AGARI ba="0,1" hai="10,13,18,40,41,76,81,85,88,95,96,97,102,105" machi="88" ten="20,8000,1" yaku="1,1,0,1,7,1,54,1,53,1" doraHai="31" doraHaiUra="15" who="2" fromWho="2" sc="193,-40,186,-20,392,90,219,-20" /><INIT seed="5,0,0,3,5,125" ten="153,166,482,199" oya="1" hai0="39,124,127,54,61,88,110,42,132,1,5,44,71" hai1="117,43,133,19,93,84,27,119,24,100,21,15,69" hai2="106,40,78,126,28,22,63,131,45,97,89,79,95" hai3="60,29,116,55,86,26,30,134,68,94,96,58,56"/><U7/><E69/><V112/><F126/><N who="0" m="48170" /><D110/><U118/><E43/><V83/><F106/><W11/><G134/><T130/><D132/><U33/><E133/><V104/><F104/><W102/><G68/><T73/><D73/><U128/><E100/><V66/><F112/><W20/><G11/><N who="0" m="2479" /><D54/><U99/><E84/><V47/><F83/><W65/><G86/><T0/><D0/><U51/><E51/><V75/><F75/><W17/><REACH who="3" step="1"/><G116/><REACH who="3" ten="153,166,482,189" step="2"/><T74/><D74/><U10/><E119/><V46/><F97/><W52/><G52/><T32/><D32/><U35/><E118/><V49/><F66/><W38/><G38/><T67/><D88/><U109/><E117/><V113/><F89/><W8/><G8/><T57/><D71/><U13/><E35/><V111/><F111/><W82/><G82/><T50/><D39/><U34/><E34/><V114/><F113/><W80/><G80/><T2/><D2/><U77/><E33/><V37/><F114/><W72/><G72/><T87/><D87/><U120/><E109/><V103/><F37/><W18/><G18/><T64/><D64/><U101/><E77/><V36/><F79/><W108/><G108/><T115/><D115/><U6/><E6/><V31/><F78/><W62/><AGARI ba="0,1" hai="17,20,26,29,30,55,56,58,60,62,65,94,96,102" machi="62" ten="20,5200,0" yaku="1,1,0,1,7,1,8,1,53,0" doraHai="125" doraHaiUra="122" who="3" fromWho="3" sc="153,-13,166,-26,482,-13,189,62" /><INIT seed="6,0,0,5,1,46" ten="140,140,469,251" oya="2" hai0="16,29,4,94,88,116,65,70,78,62,56,58,59" hai1="134,57,79,20,96,90,118,121,82,110,54,130,93" hai2="42,60,45,77,2,100,105,114,49,47,33,52,8" hai3="24,81,30,68,125,128,25,66,87,132,108,39,127"/><V119/><F119/><W3/><G108/><T73/><D116/><U64/><E118/><V89/><F33/><W72/><G39/><T84/><D4/><U106/><E110/><V76/><F114/><W15/><G3/><T102/><D29/><U11/><E134/><V115/><F115/><W131/><G72/><T122/><D122/><U22/><E130/><N who="3" m="49706" /><G15/><T1/><D1/><U129/><E129/><V10/><F105/><W69/><G66/><T5/><D5/><U55/><E106/><V67/><F100/><W12/><G12/><T13/><D102/><U43/><E43/><V120/><F120/><W86/><G81/><N who="0" m="47159" /><D73/><U85/><E121/><V112/><F112/><W92/><G92/><T6/><D6/><U14/><E64/><V27/><F2/><W7/><G7/><T36/><D70/><N who="3" m="27241" /><G30/><T51/><D51/><N who="1" m="30943" /><E55/><V104/><F104/><W113/><G132/><T109/><D109/><U32/><E32/><V41/><F41/><W37/><G37/><T38/><D38/><U117/><E117/><V44/><F42/><W48/><G48/><T23/><D36/><U97/><E97/><AGARI ba="0,0" hai="13,16,23,56,58,59,62,65,88,94,97" m="47159" machi="97" ten="30,3900,0" yaku="8,1,54,2" doraHai="46" who="0" fromWho="1" sc="140,39,140,-39,469,0,251,0" /><INIT seed="7,0,0,0,5,83" ten="179,101,469,251" oya="3" hai0="98,18,22,69,97,57,130,71,3,123,66,49,52" hai1="111,134,104,0,12,79,135,39,108,116,122,4,106" hai2="31,60,94,105,81,112,40,91,100,32,119,64,37" hai3="11,43,20,16,92,36,35,62,9,26,76,126,68"/><W10/><G35/><T58/><D130/><U63/><E12/><V1/><F1/><W90/><G126/><T107/><D123/><U28/><E28/><V118/><F112/><W110/><G76/><T129/><D129/><U77/><E63/><V82/><F40/><W88/><G110/><T6/><D66/><U89/><E4/><V132/><F37/><W55/><G92/><T133/><D133/><U103/><E39/><V115/><F115/><W78/><G78/><T99/><D58/><U42/><E42/><V38/><F38/><W109/><G109/><T59/><D59/><U125/><E0/><V67/><F132/><W84/><G84/><T30/><D30/><U113/><E113/><V114/><F114/><W23/><G23/><T73/><D73/><U93/><E93/><V44/><F44/><W87/><G87/><T65/><D65/><U19/><E19/><V53/><F100/><W101/><G101/><T33/><D33/><U128/><E103/><V80/><F105/><W41/><G43/><T25/><REACH who="0" step="1"/><D107/><REACH who="0" ten="169,101,469,251" step="2"/><U96/><E128/><V46/><F94/><W24/><G68/><T124/><D124/><U86/><E125/><V15/><F32/><W8/><G62/><T34/><D34/><U5/><E122/><V121/><F121/><W127/><G127/><T120/><D120/><U72/><E72/><V17/><F91/><W56/><G56/><T14/><D14/><U13/><E89/><V54/><F60/><W47/><G24/><T21/><D21/><U117/><E13/><V74/><F74/><W45/><G10/><AGARI ba="0,1" hai="3,6,10,18,22,25,49,52,57,69,71,97,98,99" machi="10" ten="40,5200,0" yaku="1,1,54,1,53,1" doraHai="83" doraHaiUra="51" who="0" fromWho="3" sc="169,62,101,0,469,0,251,-52" owari="231,3.0,101,-40.0,469,57.0,199,-20.0" /></mjloggm>