<mjloggm ver="2.3"><GO type="41" lobby="0"/><UN n0="%41%4E%41%4E%54%41" n1="%E3%81%8B%E3%81%9F%E3%81%82%E3%81%92" n2="%E2%93%9D%53%75%70%68%78" n3="%E3%81%84%E3%81%A1%E3%81%AE%E3%81%9B%E3%81%BB%E3%81%AA%E3%81%BF" dan="14,13,18,15" rate="1961.62,1862.17,2131.49,2081.49" sx="M,M,M,F"/><TAIKYOKU oya="0"/><INIT seed="0,0,0,0,4,124" ten="250,250,250,250" oya="0" hai0="45,9,3,88,101,23,73,129,2,46,77,75,126" hai1="103,50,123,132,31,135,63,4,26,94,108,69,44" hai2="6,71,55,119,19,42,98,113,54,102,96,28,130" hai3="1,40,10,115,11,13,105,32,61,14,80,120,66"/><T92/><D126/><U37/><E123/><V76/><F113/><W35/><G115/><T79/><D101/><U67/><E37/><V8/><F71/><W16/><G1/><T91/><D23/><U53/><E108/><V51/><F76/><W87/><G40/><T85/><D9/><U57/><E69/><V41/><F28/><W27/><G27/><T122/><D122/><U134/><E4/><V24/><F119/><W38/><G105/><T118/><D118/><U100/><REACH who="1" step="1"/><E94/><REACH who="1" ten="250,240,250,250" step="2"/><V47/><F6/><W109/><G38/><T20/><D92/><U5/><E5/><V65/><F98/><W104/><G109/><T62/><D3/><U49/><E49/><V18/><F96/><W81/><G104/><T86/><D2/><U59/><E59/><V82/><F51/><W114/><G114/><T95/><D95/><U110/><E110/><V74/><F47/><W131/><G120/><T93/><D93/><U111/><E111/><V12/><F102/><W29/><G61/><T133/><D62/><U83/><E83/><V33/><F82/><W30/><G87/><T21/><REACH who="0" step="1"/><D133/><REACH who="0" ten="240,240,250,250" step="2"/><U25/><E25/><V17/><F24/><W39/><G80/><T64/><D64/><U68/><E68/><V0/><F65/><W48/><G66/><T43/><D43/><U112/><E112/><V128/><F0/><W56/><G81/><T84/><D84/><U89/><E89/><V15/><F42/><W97/><G97/><T127/><D127/><U58/><E58/><V106/><F41/><W121/><G56/><T52/><D52/><U90/><E90/><RYUUKYOKU ba="0,2" sc="240,15,240,15,250,-15,250,-15" hai0="20,21,45,46,73,75,77,79,85,86,88,91,129" hai1="26,31,44,50,53,57,63,67,100,103,132,134,135" /><INIT seed="0,1,2,1,2,130" ten="255,255,235,235" oya="0" hai0="44,111,97,47,46,12,6,94,128,98,88,116,68" hai1="108,55,2,18,1,109,78,5,62,81,117,64,89" hai2="123,73,96,54,65,90,11,48,21,60,45,58,80" hai3="85,120,0,20,126,17,27,99,9,30,51,91,101"/><T36/><D116/><U110/><E117/><V3/><F123/><W10/><G120/><T103/><D128/><U93/><E55/><V75/><F21/><W34/><G126/><T107/><D68/><U15/><E5/><V131/><F131/><W112/><G112/><T133/><D111/><U49/><E49/><V69/><F3/><W32/><G32/><T115/><D115/><U63/><E63/><V92/><F11/><W39/><G39/><T74/><D74/><U121/><E121/><V19/><F19/><W77/><G77/><T105/><D105/><U14/><E14/><V56/><F80/><W119/><G0/><T52/><D36/><U29/><E29/><V66/><F69/><W113/><G51/><T41/><D41/><U43/><E43/><V53/><F66/><W118/><G113/><T127/><D127/><U122/><E122/><V132/><F132/><W106/><G118/><T87/><D97/><N who="1" m="57519" /><E81/><V95/><F95/><W25/><G119/><T84/><D84/><U71/><E78/><V104/><F104/><W16/><REACH who="3" step="1"/><G17/><REACH who="3" ten="255,255,235,225" step="2"/><T42/><D42/><U26/><E26/><V100/><F90/><W13/><G13/><T33/><D33/><U83/><E83/><AGARI ba="1,3" hai="9,10,16,20,25,27,30,34,83,85,91,99,101,106" machi="83" ten="30,7700,0" yaku="1,1,7,1,54,1,53,1" doraHai="130" doraHaiUra="24" who="3" fromWho="1" sc="255,0,255,-80,235,0,225,110" /><INIT seed="1,0,0,0,4,62" ten="255,175,235,335" oya="1" hai0="66,22,20,34,47,48,49,56,85,125,50,37,28" hai1="131,10,117,84,41,88,73,59,126,3,17,108,27" hai2="43,102,7,23,110,116,26,18,11,112,4,75,29" hai3="123,60,99,130,35,129,5,32,135,111,6,119,31"/><U71/><E117/><V54/><F75/><W134/><G123/><T65/><D125/><U132/><E73/><V103/><F43/><W115/><G60/><T8/><D8/><U25/><E71/><V15/><F110/><W95/><G115/><T70/><D70/><U58/><E126/><V118/><F112/><W12/><G95/><T124/><D124/><U133/><E131/><V72/><F72/><W77/><G99/><T33/><D56/><N who="1" m="21547" /><E41/><V92/><F54/><W93/><G93/><T0/><D0/><U105/><E105/><V67/><F118/><W9/><G77/><T53/><D53/><U82/><E108/><V69/><F116/><W64/><G9/><T81/><D47/><U61/><E61/><V39/><F39/><W68/><G68/><T57/><D57/><U120/><E120/><V79/><F79/><W106/><G111/><T86/><D37/><U74/><E74/><V44/><F44/><W14/><G106/><T90/><D85/><U19/><E3/><V46/><F46/><W38/><G119/><T94/><D81/><U107/><E107/><V100/><REACH who="2" step="1"/><F92/><REACH who="2" ten="255,175,225,335" step="2"/><W30/><G38/><T16/><D94/><U52/><E52/><V98/><F98/><W42/><G42/><T122/><D122/><U89/><E89/><V24/><F24/><N who="1" m="9289" /><E10/><V21/><F21/><W40/><G40/><T87/><D90/><U55/><E55/><V78/><F78/><W104/><G104/><T114/><D114/><U127/><E127/><V101/><N who="2" m="26112" /><DORA hai="36" /><V80/><F80/><W1/><G1/><T96/><D96/><U97/><E97/><RYUUKYOKU ba="0,1" sc="255,-30,175,10,225,10,335,10" hai1="17,19,82,84,88,132,133" hai2="4,7,11,15,18,23,26,29,67,69" hai3="5,6,12,14,30,31,32,35,64,129,130,134,135" /><INIT seed="1,1,1,1,0,52" ten="225,185,235,345" oya="1" hai0="41,17,116,23,111,90,20,15,71,102,50,81,12" hai1="94,103,49,117,135,120,98,0,44,3,125,86,29" hai2="5,126,118,108,40,46,114,131,79,25,45,35,34" hai3="18,36,122,77,132,128,16,119,96,55,56,59,22"/><U62/><E117/><V130/><F118/><W32/><G119/><T28/><D116/><RYUUKYOKU type="kaze4" ba="1,1" sc="225,0,185,0,235,0,345,0" /><INIT seed="1,2,1,0,4,133" ten="225,185,235,345" oya="1" hai0="13,59,72,28,93,46,124,34,35,56,89,41,120" hai1="64,99,110,106,26,11,18,67,12,16,25,51,7" hai2="112,98,117,30,43,77,20,6,24,83,113,73,75" hai3="66,94,87,116,107,5,68,119,92,19,44,104,81"/><U49/><E110/><V53/><F117/><N who="3" m="45131" /><G5/><T15/><D72/><U118/><E118/><V21/><F43/><W1/><G1/><T88/><D120/><U134/><E134/><V128/><F128/><W47/><G66/><N who="1" m="25130" /><E99/><V9/><F75/><W101/><G68/><T45/><D28/><U62/><E62/><V115/><F53/><W8/><G8/><T130/><D93/><N who="3" m="35945" /><G19/><N who="1" m="7210" /><E106/><N who="3" m="40490" /><G101/><T22/><D22/><U52/><E51/><V27/><F98/><W39/><G39/><T69/><D69/><U103/><E103/><V105/><F105/><W23/><G23/><N who="2" m="8777" /><F30/><W109/><G109/><T0/><D0/><AGARI ba="2,1" hai="0,6,9,24,27,73,77,83,112,113,115" m="8777" machi="0" ten="30,1000,0" yaku="11,1" doraHai="133" who="2" fromWho="0" sc="225,-16,185,0,235,26,345,0" /><INIT seed="2,0,0,3,5,68" ten="209,185,261,345" oya="2" hai0="22,55,110,46,122,30,111,62,129,4,132,127,13" hai1="52,115,41,101,120,87,75,99,119,57,54,126,86" hai2="118,37,47,74,92,3,102,26,59,72,29,50,35" hai3="94,80,19,134,130,79,6,1,125,7,31,98,95"/><V43/><F118/><W67/><G130/><T58/><D122/><U40/><E75/><V93/><F3/><W96/><G134/><T51/><D30/><U90/><E115/><V65/><F93/><W135/><G135/><T48/><D4/><U21/><E119/><V109/><F109/><N who="0" m="41482" /><D22/><U63/><E126/><V108/><F108/><W53/><G31/><T124/><D13/><U10/><E120/><V28/><F28/><W131/><G131/><T24/><D24/><U12/><E21/><V34/><F34/><W23/><G125/><N who="0" m="48203" /><D129/><U88/><E54/><V49/><F74/><W77/><G53/><N who="0" m="29847" /><D132/><U25/><E25/><V38/><F72/><W15/><G15/><T18/><D18/><N who="1" m="8471" /><E101/><V71/><F102/><W9/><G19/><T0/><D0/><U33/><E33/><V104/><F35/><W45/><G23/><T39/><D39/><U42/><E99/><V16/><F29/><W5/><G9/><T73/><D73/><U128/><E128/><V112/><F26/><W76/><G1/><T2/><D2/><U60/><E87/><V27/><F27/><W107/><G96/><T82/><D82/><N who="1" m="49239" /><E90/><V20/><F20/><W103/><G80/><T117/><D117/><U44/><E44/><V85/><F16/><W36/><G45/><T105/><D105/><U61/><AGARI ba="0,0" hai="40,41,42,52,57,60,61,63" m="49239,8471" machi="61" ten="30,4000,0" yaku="8,1,54,2" doraHai="68" who="1" fromWho="1" sc="209,-10,185,40,261,-20,345,-10" /><INIT seed="3,0,0,4,0,24" ten="199,225,241,335" oya="3" hai0="101,121,110,83,77,75,105,51,26,111,70,18,55" hai1="28,36,109,14,23,40,45,41,130,8,6,0,80" hai2="88,100,54,98,27,17,63,12,72,116,50,21,102" hai3="49,57,66,120,15,127,30,133,117,47,11,103,32"/><W123/><G117/><T95/><D121/><U1/><E109/><N who="0" m="41481" /><D70/><U39/><E130/><V84/><F72/><W91/><G103/><T33/><D105/><U44/><E80/><V3/><F3/><W69/><G69/><T79/><D79/><U22/><E23/><V48/><F116/><W135/><G127/><T86/><D75/><U4/><E4/><V92/><F102/><W108/><G108/><T53/><D51/><U126/><E126/><V61/><F50/><W118/><G118/><T13/><D26/><AGARI ba="0,0" hai="0,1,6,8,14,22,26,28,36,39,40,41,44,45" machi="26" ten="40,2600,0" yaku="9,1,52,1" doraHai="24" who="1" fromWho="0" sc="199,-26,225,26,241,0,335,0" /><INIT seed="4,0,0,3,0,43" ten="173,251,241,335" oya="0" hai0="54,105,73,23,115,126,11,121,83,2,14,114,13" hai1="111,29,75,102,8,61,90,12,119,52,19,15,58" hai2="42,24,25,6,74,22,55,16,103,109,27,30,48" hai3="53,49,131,124,101,96,21,18,133,84,80,104,77"/><T135/><D121/><U130/><E119/><V31/><F74/><W71/><G131/><T10/><D105/><U78/><E111/><V63/><F109/><W65/><G133/><T67/><D67/><U132/><E102/><V41/><F6/><W32/><G32/><T110/><D83/><U33/><E78/><V88/><F63/><W98/><G98/><T26/><D73/><U17/><E75/><V45/><F103/><W9/><G9/><N who="0" m="3083" /><D54/><U69/><E130/><V62/><F88/><W118/><G65/><T66/><D66/><U0/><E0/><V28/><F62/><W56/><G71/><T120/><D110/><U57/><E69/><V94/><F94/><W51/><G118/><T36/><D36/><U129/><E129/><V46/><F55/><W107/><G104/><T40/><D40/><U125/><E132/><V81/><F81/><W128/><G128/><T106/><D106/><U79/><E79/><V50/><AGARI ba="0,0" hai="16,22,24,25,27,28,30,31,41,42,45,46,48,50" machi="50" ten="30,12000,2" yaku="0,1,9,1,8,1,52,2,54,1" doraHai="43" who="2" fromWho="2" sc="173,-60,251,-30,241,120,335,-30" /><INIT seed="5,0,0,3,5,56" ten="113,221,361,305" oya="1" hai0="73,128,70,23,26,115,114,67,112,41,15,19,135" hai1="131,38,9,123,121,29,34,3,48,74,17,24,60" hai2="77,51,78,119,68,33,49,104,53,105,91,22,43" hai3="132,72,129,111,64,21,79,95,76,106,94,86,45"/><U50/><E38/><V90/><F68/><W109/><G21/><T65/><D135/><U89/><E74/><V62/><F33/><W30/><G30/><T103/><D128/><U99/><E131/><V44/><F105/><W52/><G129/><T84/><D73/><U8/><E8/><V110/><F110/><W117/><G64/><T134/><D134/><U14/><E123/><V92/><F104/><W39/><G106/><T130/><D130/><U10/><E121/><V113/><F113/><W37/><G72/><T42/><D103/><U120/><E120/><V20/><F119/><W71/><G45/><T11/><D84/><U63/><E3/><V118/><F118/><W32/><G86/><T35/><D35/><U6/><E6/><V97/><F91/><W47/><G47/><T7/><REACH who="0" step="1"/><D65/><REACH who="0" ten="103,221,361,305" step="2"/><U80/><E34/><V13/><F97/><W5/><G32/><T126/><D126/><U85/><E99/><V61/><F78/><W31/><G132/><T124/><D124/><U100/><E100/><V101/><F77/><W122/><G117/><T25/><D25/><U1/><E24/><V69/><F101/><W16/><G122/><T75/><D75/><U12/><E85/><V18/><F90/><W57/><G79/><T108/><D108/><U59/><E89/><V98/><F98/><W125/><G76/><T127/><D127/><U28/><E80/><V87/><F87/><W0/><G125/><T116/><D116/><U133/><E133/><V81/><F81/><W102/><G109/><T88/><D88/><U54/><E54/><V66/><F53/><RYUUKYOKU ba="0,1" sc="103,30,221,-10,361,-10,305,-10" hai0="7,11,15,19,23,26,41,42,67,70,112,114,115" /><INIT seed="6,1,1,1,2,7" ten="133,211,351,295" oya="2" hai0="6,81,43,41,76,8,126,112,61,73,129,72,15" hai1="54,10,118,36,66,101,31,32,123,59,90,99,19" hai2="14,71,128,4,125,9,108,96,65,69,124,117,74" hai3="37,45,107,68,87,78,44,121,2,135,24,13,109"/><V100/><F117/><W110/><G2/><T106/><D112/><U131/><E118/><V93/><F128/><W86/><G121/><T82/><D129/><U80/><E36/><V20/><F74/><W53/><G107/><T51/><D126/><N who="2" m="48746" /><F65/><W16/><G24/><T64/><D106/><U5/><E123/><V75/><F75/><W35/><G35/><T115/><D51/><U130/><E66/><V85/><F108/><W33/><G33/><T103/><D103/><U91/><E31/><V38/><F38/><W92/><G68/><T40/><D115/><U56/><E32/><V34/><F34/><W0/><G37/><T105/><D105/><U57/><E54/><V17/><F85/><W102/><G86/><T88/><D43/><U120/><E120/><V83/><F83/><W49/><G87/><T95/><D95/><U98/><E80/><V1/><AGARI ba="1,1" hai="1,4,9,14,17,20,69,71,93,96,100" m="48746" machi="1" ten="30,3000,0" yaku="18,1,52,1" doraHai="7" who="2" fromWho="2" sc="133,-11,211,-11,351,43,295,-11" /><INIT seed="6,2,0,0,4,7" ten="122,200,394,284" oya="2" hai0="34,1,91,100,13,108,105,12,79,4,21,131,128" hai1="73,63,51,35,23,29,110,125,44,25,135,16,3" hai2="120,132,89,94,107,49,10,71,121,58,115,117,22" hai3="56,118,53,59,33,64,119,5,54,75,88,57,78"/><V6/><F115/><W101/><G101/><T15/><D79/><U90/><E73/><V18/><F117/><W32/><G64/><T2/><D91/><U116/><E116/><V39/><F39/><W134/><G134/><T37/><D100/><U109/><E109/><V127/><F127/><W19/><G5/><T76/><D76/><U24/><E3/><N who="0" m="1033" /><D105/><U122/><E110/><V98/><F71/><W20/><G78/><T65/><D65/><U123/><E125/><V69/><F69/><W62/><G75/><T74/><D74/><U99/><E63/><V106/><F106/><W87/><G118/><T104/><D37/><U46/><E135/><V67/><F107/><W36/><G36/><T83/><D83/><U60/><E60/><V8/><F6/><W82/><G119/><T96/><D96/><U66/><E66/><V52/><F132/><W133/><G133/><T68/><D104/><U77/><E77/><V9/><F67/><W80/><G80/><T26/><D68/><U47/><REACH who="1" step="1"/><E51/><REACH who="1" ten="122,190,394,284" step="2"/><V102/><F102/><W27/><G62/><T40/><D108/><U70/><E70/><V11/><N who="2" m="2560" /><DORA hai="103" /><V130/><F130/><N who="0" m="49706" /><D4/><U45/><N who="1" m="11264" /><DORA hai="85" /><U126/><E126/><V42/><F42/><W86/><REACH who="3" step="1"/><G87/><REACH who="3" ten="122,190,394,274" step="2"/><T112/><D112/><U92/><AGARI ba="2,2" hai="16,23,24,25,29,35,90,92,99,122,123" m="11264" machi="92" ten="50,12000,2" yaku="1,1,0,1,52,1,54,1,53,3" doraHai="7,103,85" doraHaiUra="28,95,93" who="1" fromWho="1" sc="122,-32,190,146,394,-62,274,-32" /><INIT seed="7,0,0,4,0,17" ten="90,336,332,242" oya="3" hai0="93,8,14,32,25,55,88,31,39,12,40,83,119" hai1="62,20,47,45,118,89,103,104,127,63,5,28,48" hai2="111,75,99,135,49,59,110,78,95,46,60,81,128" hai3="41,42,18,36,92,80,76,34,102,38,56,21,22"/><W69/><G69/><T29/><D119/><U115/><E118/><V67/><F128/><W77/><G34/><T130/><D130/><U109/><E109/><V131/><F131/><W0/><G0/><T53/><D39/><U123/><E123/><V52/><F135/><W65/><G38/><T15/><D40/><N who="3" m="15465" /><G18/><T2/><D2/><U113/><E127/><V10/><F10/><W68/><G68/><T16/><D31/><U37/><E5/><V72/><F72/><W124/><G124/><T82/><D15/><U24/><E37/><V35/><F35/><W105/><G105/><T91/><D14/><U43/><E47/><V33/><F33/><W74/><G74/><T122/><D122/><U54/><E43/><V107/><F107/><W30/><G30/><T126/><D126/><U58/><E58/><V19/><F19/><W116/><G80/><T26/><D26/><U50/><E50/><V66/><F66/><W121/><G116/><T23/><D32/><U6/><E6/><V64/><F64/><W44/><G44/><T51/><D91/><AGARI ba="0,0" hai="46,49,52,59,60,67,75,78,81,91,95,99,110,111" machi="91" ten="30,2000,0" yaku="7,1,54,1" doraHai="17" who="2" fromWho="0" sc="90,-20,336,0,332,20,242,0" owari="70,-43.0,336,14.0,352,45.0,242,-16.0" /></mjloggm>