<mjloggm ver="2.3"><GO type="41" lobby="0"/><UN n0="%E4%BA%95%E6%89%8B%E3%81%9F%E3%81%84%E3%81%97%E3%82%87%E3%83%BC" n1="%E2%93%9D%53%75%70%68%78" n2="%70%74%2B%2B" n3="%64%72%61%66%74%6C%61%6E" dan="14,18,14,13" rate="1914.14,2060.65,2137.68,1833.28" sx="M,M,F,M"/><TAIKYOKU oya="0"/><INIT seed="0,0,0,4,3,65" ten="250,250,250,250" oya="0" hai0="106,132,72,90,114,33,8,39,64,26,17,7,20" hai1="41,131,82,120,66,18,111,104,119,54,23,48,70" hai2="6,98,109,91,5,63,77,13,99,89,24,100,27" hai3="79,95,122,75,107,55,68,108,10,71,94,86,28"/><T21/><D114/><U103/><E119/><V2/><F2/><W29/><G107/><T59/><D39/><U117/><E120/><V38/><F38/><W46/><G75/><T127/><D132/><U112/><E111/><V73/><F109/><W44/><G10/><T135/><D135/><U118/><E41/><V57/><F73/><W14/><G14/><T1/><D106/><U76/><E131/><V126/><F126/><W34/><G108/><T115/><D72/><U110/><E103/><V40/><F40/><W51/><G79/><T30/><D127/><U78/><E104/><V12/><F77/><W93/><G86/><T129/><D115/><U25/><E112/><V101/><REACH who="2" step="1"/><F57/><REACH who="2" ten="250,250,240,250" step="2"/><W96/><G122/><T15/><D129/><U123/><E123/><V88/><F88/><W19/><G44/><T16/><D90/><U22/><E110/><V121/><F121/><W74/><G74/><T36/><D36/><U35/><E118/><V4/><F4/><W52/><G96/><T83/><D83/><U116/><E116/><V62/><AGARI ba="0,1" hai="5,6,12,13,24,27,62,63,89,91,98,99,100,101" machi="62" ten="25,12000,2" yaku="1,1,0,1,22,2,8,1,53,2" doraHai="65" doraHaiUra="58" who="2" fromWho="2" sc="250,-60,250,-30,240,130,250,-30" /><INIT seed="1,0,0,5,4,118" ten="190,220,370,220" oya="1" hai0="83,113,48,42,103,71,6,86,33,90,88,122,29" hai1="37,133,70,115,116,35,24,11,111,135,112,76,91" hai2="28,100,1,62,51,21,39,14,81,84,61,20,3" hai3="102,124,50,52,15,82,34,45,22,25,55,110,4"/><U57/><E76/><V78/><F39/><W13/><G34/><T46/><D71/><U68/><E91/><V58/><F100/><W49/><G124/><T47/><D113/><N who="1" m="43595" /><E11/><V26/><F1/><W119/><G110/><T67/><D67/><U87/><E87/><V125/><F3/><W79/><G119/><T66/><D66/><U19/><E19/><N who="2" m="10359" /><F125/><W73/><G102/><T134/><D134/><N who="1" m="51211" /><E116/><V36/><F36/><W123/><G123/><T41/><D6/><U121/><E111/><V80/><F80/><W10/><G15/><T98/><D33/><U0/><E0/><V7/><F7/><W18/><REACH who="3" step="1"/><G49/><REACH who="3" ten="190,220,370,210" step="2"/><T31/><D122/><U130/><E37/><V132/><F132/><W44/><G44/><T12/><D12/><U16/><E121/><V56/><F51/><W8/><G8/><T104/><D90/><U38/><E38/><AGARI ba="0,1" hai="29,31,38,41,42,46,47,48,83,86,88,98,103,104" machi="38" ten="30,2000,0" yaku="7,1,54,1" doraHai="118" who="0" fromWho="1" sc="190,30,220,-20,370,0,210,0" /><INIT seed="2,0,0,5,4,121" ten="220,200,370,210" oya="2" hai0="20,99,31,51,9,110,127,119,109,102,125,133,40" hai1="7,8,38,54,104,112,6,87,115,107,126,4,65" hai2="32,74,117,122,93,123,132,45,0,23,103,12,113" hai3="66,19,5,124,76,75,83,116,92,101,50,82,62"/><V80/><F113/><W84/><G116/><T97/><D119/><U79/><E65/><V13/><F117/><W17/><G124/><N who="0" m="47691" /><D9/><U111/><E126/><V15/><F32/><W64/><G5/><T89/><D89/><U55/><E8/><V29/><F0/><W49/><G92/><N who="0" m="58663" /><D99/><U96/><E96/><V2/><F122/><W128/><G101/><T52/><D40/><U78/><E7/><V131/><F123/><W25/><G128/><T48/><D133/><U47/><E47/><V35/><F45/><W70/><G64/><T72/><D72/><U86/><E38/><V95/><F132/><W22/><REACH who="3" step="1"/><G19/><REACH who="3" ten="220,200,370,200" step="2"/><T63/><D63/><U21/><E115/><V106/><F103/><W39/><G39/><T88/><D88/><AGARI ba="0,1" hai="17,22,25,49,50,62,66,70,75,76,82,83,84,88" machi="88" ten="30,7700,0" yaku="1,1,7,1,54,1,53,1" doraHai="121" doraHaiUra="60" who="3" fromWho="0" sc="220,-77,200,0,370,0,200,87" /><INIT seed="3,0,0,4,5,96" ten="143,200,370,287" oya="3" hai0="58,125,67,88,111,93,134,17,5,53,27,109,35" hai1="92,7,103,28,115,128,105,63,123,1,48,62,6" hai2="133,64,26,113,118,15,14,39,135,87,13,16,127" hai3="97,91,45,78,106,8,68,46,24,9,19,40,132"/><W94/><G68/><T33/><D125/><U101/><E105/><V22/><F127/><W60/><G132/><N who="2" m="50761" /><F118/><W102/><G78/><T29/><D134/><U79/><E123/><V82/><F39/><W95/><G106/><T41/><D67/><U117/><E115/><V2/><F113/><W61/><G45/><T76/><D33/><U57/><E1/><V44/><F2/><W49/><G8/><T119/><D119/><U71/><E92/><V50/><F64/><W55/><G40/><T122/><D122/><U81/><E128/><V90/><F26/><W59/><G46/><T126/><D126/><U120/><E71/><V107/><F107/><W23/><REACH who="3" step="1"/><G9/><REACH who="3" ten="143,200,370,277" step="2"/><T10/><D76/><U80/><E120/><V0/><F0/><W77/><G77/><T108/><D41/><AGARI ba="0,1" hai="13,14,15,16,22,41,44,50,82,87,90" m="50761" machi="41" ten="30,2000,0" yaku="20,1,54,1" doraHai="96" who="2" fromWho="0" sc="143,-20,200,0,370,30,277,0" /><INIT seed="4,0,0,4,0,20" ten="123,200,400,277" oya="0" hai0="67,100,56,3,55,1,66,11,58,42,98,107,134" hai1="24,116,61,114,82,35,17,87,108,23,13,93,27" hai2="75,99,40,37,104,10,33,105,122,47,6,69,34" hai3="124,32,52,103,92,123,106,125,110,101,31,118,102"/><T86/><D134/><U132/><E116/><V36/><F122/><W48/><G110/><T76/><D42/><U29/><E108/><V89/><F36/><W77/><G118/><T119/><D119/><U115/><E93/><V117/><F117/><W14/><G106/><T129/><D129/><U5/><E61/><V73/><F69/><W120/><G77/><T25/><D25/><U64/><E64/><V133/><F133/><W38/><G38/><T62/><D11/><U22/><E132/><V96/><F96/><W46/><G14/><T85/><D76/><U97/><E97/><V135/><F135/><W88/><G31/><T2/><REACH who="0" step="1"/><D67/><REACH who="0" ten="113,200,400,277" step="2"/><U54/><E23/><V72/><F10/><W70/><G32/><T113/><D113/><U8/><REACH who="1" step="1"/><E54/><REACH who="1" ten="113,190,400,277" step="2"/><V4/><F33/><W30/><G123/><T18/><D18/><U78/><AGARI ba="0,2" hai="5,8,13,17,22,24,27,29,35,78,82,87,114,115" machi="78" ten="30,8000,1" yaku="1,1,2,1,0,1,52,2,53,0" doraHai="20" doraHaiUra="65" who="1" fromWho="1" sc="113,-40,190,100,400,-20,277,-20" /><INIT seed="5,0,0,5,1,64" ten="73,290,380,257" oya="1" hai0="18,42,87,132,36,113,39,27,117,11,89,92,10" hai1="59,28,123,49,68,58,50,118,85,84,70,43,131" hai2="47,95,24,96,12,23,57,61,9,1,130,103,133" hai3="90,29,86,21,79,129,124,16,22,31,101,65,135"/><U93/><E28/><N who="3" m="10826" /><G135/><T54/><D132/><U30/><E30/><N who="2" m="17695" /><F133/><W37/><G37/><T108/><D117/><U17/><E17/><N who="2" m="8335" /><F1/><W115/><G115/><T125/><D108/><U109/><E93/><V35/><F130/><W60/><G129/><T13/><D125/><U52/><E131/><V102/><F47/><W75/><G75/><T44/><D113/><U6/><E6/><V105/><F105/><W7/><G7/><T38/><D27/><U55/><E118/><V122/><F122/><W19/><G79/><T98/><D54/><U94/><E94/><V51/><F51/><W71/><G101/><T97/><D10/><U119/><E119/><V99/><F35/><W106/><G106/><T76/><D76/><U3/><E3/><V45/><F45/><W78/><G78/><T74/><D74/><U127/><E127/><V83/><F83/><N who="3" m="49503" /><G124/><T91/><REACH who="0" step="1"/><D97/><REACH who="0" ten="63,290,380,257" step="2"/><U33/><E109/><V34/><F96/><W126/><G126/><T14/><D14/><U128/><E128/><V111/><F111/><W100/><G65/><T8/><D8/><U67/><E67/><N who="2" m="39343" /><F34/><W15/><G15/><T116/><D116/><U82/><E33/><V112/><F112/><W72/><G72/><T104/><D104/><U66/><E66/><V69/><F102/><W110/><G110/><T120/><D120/><U25/><E123/><V107/><F107/><W81/><G71/><AGARI ba="0,1" hai="69,71,95,99,103" m="39343,8335,17695" machi="71" ten="30,3900,0" yaku="25,1,52,2" doraHai="64" who="2" fromWho="3" sc="63,0,290,0,380,49,257,-39" /><INIT seed="6,0,0,1,2,51" ten="63,290,429,218" oya="2" hai0="47,22,121,88,125,12,78,123,74,18,133,110,45" hai1="26,34,89,119,66,3,109,77,100,2,87,20,32" hai2="14,19,81,112,134,38,96,64,75,7,122,31,99" hai3="57,135,79,73,86,129,120,21,131,36,85,58,124"/><V10/><F122/><W94/><G120/><T103/><D110/><U8/><E77/><V92/><F38/><W42/><G124/><T43/><D125/><U55/><E66/><V102/><F112/><W44/><G135/><T65/><D133/><U0/><E100/><V63/><F134/><W11/><G11/><T52/><D103/><U68/><E68/><V37/><F37/><W67/><G73/><T50/><D65/><U132/><E119/><V111/><F111/><W113/><G113/><T17/><D74/><U54/><E8/><V33/><F96/><W40/><G40/><T5/><D78/><U84/><E109/><V62/><F81/><W70/><G70/><T59/><D5/><U28/><E87/><N who="3" m="33290" /><G79/><T41/><D88/><U23/><E132/><V108/><F75/><W61/><G94/><T16/><D121/><U104/><E104/><V90/><F108/><W105/><G21/><T1/><D1/><U117/><E117/><V69/><F102/><W48/><G105/><T60/><D123/><U82/><REACH who="1" step="1"/><E23/><REACH who="1" ten="63,280,429,218" step="2"/><V29/><F64/><W71/><G131/><T27/><D27/><U4/><E4/><V56/><F69/><W115/><G129/><T97/><REACH who="0" step="1"/><D97/><REACH who="0" ten="53,280,429,218" step="2"/><U30/><E30/><V101/><F29/><W127/><G127/><T91/><D91/><U13/><E13/><V49/><F101/><W118/><G118/><T116/><D116/><U126/><E126/><V76/><F76/><W80/><G115/><T130/><D130/><U46/><E46/><V98/><F90/><W39/><G44/><T95/><D95/><U107/><E107/><RYUUKYOKU ba="0,2" sc="53,15,280,15,429,-15,218,-15" hai0="12,16,17,18,22,41,43,45,47,50,52,59,60" hai1="0,2,3,20,26,28,32,34,54,55,82,84,89" /><INIT seed="7,1,2,1,4,28" ten="68,295,414,203" oya="3" hai0="117,111,1,30,115,6,58,60,63,54,5,91,19" hai1="15,36,126,61,95,73,118,31,80,131,23,22,20" hai2="24,51,40,66,104,7,108,102,79,71,120,11,55" hai3="46,21,127,100,103,124,110,135,34,112,25,8,67"/><W35/><G112/><T84/><D111/><U29/><E36/><V57/><F108/><W32/><G110/><T42/><D117/><U97/><E131/><V56/><F120/><W128/><G128/><T13/><D115/><U130/><E130/><V116/><F116/><W109/><G109/><T114/><D114/><U125/><E118/><V26/><F71/><W43/><G135/><T105/><D105/><U74/><E15/><N who="2" m="5631" /><F104/><W121/><G67/><T82/><D1/><U52/><E80/><V86/><F102/><W129/><G8/><T64/><D30/><N who="1" m="11275" /><E61/><N who="2" m="38183" /><F40/><W83/><G121/><T106/><D106/><U18/><E18/><V94/><F79/><W69/><G129/><T98/><D98/><U119/><E52/><V2/><F2/><W33/><N who="3" m="8192" /><DORA hai="41" /><W81/><G69/><T90/><D42/><U37/><E37/><V10/><F10/><W16/><G43/><T70/><REACH who="0" step="1"/><D90/><AGARI ba="1,2" hai="24,26,51,55,57,86,90,94" m="38183,5631" machi="90" ten="30,1000,0" yaku="8,1" doraHai="28,41" who="2" fromWho="0" sc="68,-13,295,0,414,33,203,0" owari="55,-44.0,295,10.0,447,54.0,203,-20.0" /></mjloggm>