<mjloggm ver="2.3"><GO type="41" lobby="0"/><UN n0="%4B%41%47%45%4D%41%52%55" n1="%E3%81%9F%E3%81%91%E3%81%A7%E3%82%93" n2="%E7%B4%AC%E3%83%B4%E3%82%A7%E3%83%B3%E3%83%80%E3%83%BC%E3%82%B9" n3="%E2%93%9D%53%75%70%68%78" dan="14,14,15,17" rate="1958.43,1969.72,2055.35,2062.20" sx="M,M,F,M"/><TAIKYOKU oya="0"/><INIT seed="0,0,0,1,5,118" ten="250,250,250,250" oya="0" hai0="111,21,117,64,110,52,44,14,29,45,128,129,53" hai1="42,43,72,26,12,124,0,74,16,133,79,134,100" hai2="31,4,131,80,130,73,28,55,20,71,22,8,81" hai3="65,92,62,109,1,9,34,108,57,102,120,58,116"/><T49/><D117/><U88/><E0/><V2/><F71/><W75/><G116/><T90/><D64/><U36/><E124/><V77/><F81/><W70/><G75/><T10/><D90/><U7/><E100/><V25/><REACH who="2" step="1"/><F55/><REACH who="2" ten="250,250,240,250" step="2"/><W17/><G70/><T112/><D112/><U127/><E127/><V67/><F67/><W104/><G65/><T123/><D123/><U78/><E134/><V85/><F85/><W132/><G132/><T15/><D53/><U37/><E133/><V33/><F33/><W48/><G34/><T23/><D44/><U107/><E72/><V91/><F91/><W84/><G84/><T96/><D96/><U126/><E74/><V35/><F35/><W105/><G58/><T51/><D52/><U32/><E88/><V56/><F56/><W68/><G57/><T101/><D45/><U13/><E126/><V47/><F47/><W95/><G68/><T59/><D59/><U6/><E32/><V54/><F54/><W11/><G120/><T125/><D101/><U122/><E122/><V3/><F3/><W113/><G102/><T76/><D125/><U103/><E103/><V38/><F38/><W46/><G46/><T66/><D66/><U30/><E107/><V115/><F115/><W121/><G121/><T99/><D99/><U87/><E87/><V89/><F89/><W98/><G98/><T27/><D76/><U135/><E135/><V61/><F61/><W39/><G113/><T24/><D29/><U83/><E30/><V69/><F69/><W93/><G105/><T94/><D94/><U18/><E83/><RYUUKYOKU ba="0,1" sc="250,10,250,10,240,10,250,-30" hai0="10,14,15,21,23,24,27,49,51,110,111,128,129" hai1="6,7,12,13,16,18,26,36,37,42,43,78,79" hai2="2,4,8,20,22,25,28,31,73,77,80,130,131" /><INIT seed="0,1,1,0,5,4" ten="260,260,250,220" oya="0" hai0="44,104,108,46,45,53,78,19,20,94,130,80,54" hai1="79,92,66,89,102,83,6,99,14,84,109,39,98" hai2="86,60,116,97,56,52,48,120,105,5,128,31,91" hai3="88,23,75,100,87,57,73,13,30,21,55,72,67"/><T119/><D119/><U2/><E39/><V114/><F120/><W36/><G36/><T63/><D130/><U126/><E126/><V15/><F114/><W113/><G113/><T10/><D104/><U12/><E109/><V135/><F135/><W77/><G67/><T111/><D94/><U70/><E70/><V101/><F128/><W95/><G100/><T26/><D63/><U16/><E66/><V37/><F37/><W47/><G47/><T90/><D90/><U122/><E122/><V11/><F31/><W51/><G30/><T38/><D38/><U18/><E2/><V29/><F29/><W93/><G93/><T22/><D22/><U106/><REACH who="1" step="1"/><E14/><REACH who="1" ten="260,250,250,220" step="2"/><V58/><F116/><W42/><G42/><T134/><D134/><U117/><E117/><V1/><F1/><W59/><G13/><T40/><D40/><U68/><E68/><V3/><F3/><W123/><G123/><T8/><D108/><U103/><E103/><V110/><F110/><W25/><G25/><T49/><D111/><U85/><E85/><V125/><F125/><W28/><G75/><T35/><D35/><U41/><E41/><V107/><F107/><W64/><G73/><T7/><D53/><U115/><E115/><V61/><REACH who="2" step="1"/><F56/><REACH who="2" ten="260,250,240,220" step="2"/><W118/><G118/><T82/><D45/><U17/><E17/><V27/><F27/><W32/><G59/><T71/><D44/><U62/><E62/><V50/><F50/><W65/><G51/><T24/><D71/><U133/><E133/><V33/><F33/><W0/><G32/><T34/><D34/><U127/><E127/><RYUUKYOKU ba="1,3" sc="260,-15,250,15,240,15,220,-15" hai1="6,12,16,18,79,83,84,89,92,98,99,102,106" hai2="5,11,15,48,52,58,60,61,86,91,97,101,105" /><INIT seed="1,2,3,4,0,17" ten="245,265,255,205" oya="1" hai0="20,74,99,131,33,80,41,53,23,1,79,105,54" hai1="58,40,71,91,27,2,9,8,24,43,10,97,116" hai2="100,90,60,98,102,38,50,6,108,15,52,62,120" hai3="5,51,57,113,107,126,46,125,127,0,85,124,16"/><U3/><E116/><V18/><F38/><W119/><G113/><T28/><D1/><U121/><E71/><V78/><F120/><W112/><G112/><T81/><D131/><U66/><E121/><V4/><F108/><W7/><G107/><T122/><D122/><U117/><E117/><V118/><F78/><W135/><G119/><T106/><D80/><U55/><E66/><V14/><F90/><W93/><G135/><T63/><D41/><N who="1" m="15947" /><E3/><V76/><F76/><W61/><G0/><T95/><D33/><U48/><E2/><V36/><F36/><W77/><G127/><T101/><D28/><U67/><E67/><V92/><F102/><W21/><G51/><T129/><D129/><U103/><E103/><V130/><F130/><W89/><G46/><T44/><D44/><U72/><E72/><V31/><F31/><W59/><G77/><T128/><D128/><U69/><E69/><V25/><F25/><N who="3" m="14503" /><G59/><T19/><D19/><U75/><E75/><V64/><F64/><AGARI ba="2,3" hai="5,7,57,61,64,85,89,93,124,125,126" m="14503" machi="64" ten="30,3900,0" yaku="18,1,52,1,54,1" doraHai="17" who="3" fromWho="2" sc="245,0,265,0,255,-45,205,75" /><INIT seed="2,0,0,4,5,97" ten="245,265,210,280" oya="2" hai0="26,79,50,56,78,130,3,76,82,9,126,120,113" hai1="81,49,37,38,68,14,32,48,105,44,121,102,4" hai2="12,118,93,28,8,45,74,41,11,67,10,85,92" hai3="21,2,7,60,63,18,100,107,20,31,99,73,109"/><V77/><F118/><W71/><G73/><T132/><D113/><U91/><E32/><V123/><F123/><W24/><G109/><T58/><D120/><U1/><E68/><V131/><F131/><W39/><G39/><T22/><D130/><U51/><E1/><V112/><F74/><W116/><G116/><T52/><D126/><U55/><E38/><V84/><F112/><W83/><G83/><T5/><D132/><U103/><E37/><V127/><F127/><W57/><G71/><T125/><D125/><U27/><E27/><V19/><F28/><W59/><G7/><T90/><D90/><U101/><E105/><V43/><F67/><W34/><G2/><T61/><D82/><U65/><E65/><V69/><F69/><W89/><G89/><T96/><D96/><U0/><E0/><V124/><F124/><W16/><G34/><T133/><D133/><U42/><E42/><N who="2" m="15883" /><F45/><W29/><G59/><T87/><D87/><N who="2" m="33354" /><F77/><W94/><G107/><T36/><D36/><U6/><E121/><V98/><F98/><W35/><G35/><T75/><D75/><U88/><E81/><V95/><AGARI ba="0,0" hai="8,10,11,12,19,92,93,95" m="33354,15883" machi="95" ten="30,1500,0" yaku="8,1" doraHai="97" who="2" fromWho="2" sc="245,-5,265,-5,210,15,280,-5" /><INIT seed="2,1,0,3,2,15" ten="240,260,225,275" oya="2" hai0="123,104,96,61,105,87,22,102,56,59,49,128,5" hai1="6,99,11,82,23,20,122,101,10,7,44,117,77" hai2="74,114,29,35,39,43,57,110,45,70,8,120,48" hai3="83,60,108,86,67,47,72,92,103,125,14,65,33"/><V116/><F74/><W2/><G2/><T112/><D112/><U53/><E117/><V58/><F29/><W69/><G33/><T90/><D123/><U46/><E122/><V28/><F28/><W26/><G26/><T111/><D111/><U94/><E23/><V109/><F35/><W13/><G125/><T68/><D128/><U131/><E131/><V81/><F120/><W52/><G72/><T75/><D75/><U40/><E53/><V71/><F81/><W97/><G108/><N who="2" m="41577" /><F8/><W88/><REACH who="3" step="1"/><G67/><REACH who="3" ten="240,260,225,265" step="2"/><T24/><D5/><U9/><E7/><V118/><F114/><W91/><G91/><T12/><D12/><U84/><E6/><V93/><F93/><W4/><G4/><T54/><D105/><U31/><E40/><V134/><F134/><W17/><G17/><T42/><D42/><U95/><E95/><V64/><F64/><W127/><G127/><T73/><D73/><U78/><E78/><V18/><F18/><W106/><G106/><T76/><D76/><U98/><E98/><V50/><F118/><W21/><G21/><T100/><D96/><U130/><E130/><V119/><F119/><W124/><G124/><T37/><D104/><U41/><E41/><V132/><F116/><W51/><AGARI ba="1,1" hai="13,14,47,51,52,60,65,69,83,86,88,92,97,103" machi="51" ten="30,8000,1" yaku="1,1,0,1,54,2,53,1" doraHai="15" doraHaiUra="80" who="3" fromWho="3" sc="240,-21,260,-21,225,-41,265,93" /><INIT seed="3,0,0,3,4,103" ten="219,239,184,358" oya="3" hai0="80,19,84,7,79,30,127,87,132,82,86,99,13" hai1="100,69,134,37,107,34,31,92,64,55,58,63,11" hai2="125,130,23,124,32,94,71,110,3,73,50,35,5" hai3="1,16,89,68,131,119,83,2,36,22,112,38,12"/><W113/><G68/><T10/><D127/><U78/><E134/><V45/><F110/><W20/><G83/><T59/><D132/><U90/><E78/><V129/><F73/><W123/><G89/><T115/><D115/><U0/><E37/><V96/><F71/><W14/><G131/><N who="2" m="50185" /><F5/><W121/><REACH who="3" step="1"/><G16/><REACH who="3" ten="219,239,184,348" step="2"/><T56/><D30/><U111/><E69/><V4/><F125/><W61/><G61/><T70/><D19/><U57/><E111/><V133/><F124/><W40/><G40/><T62/><D70/><U9/><E90/><V47/><F133/><W85/><G85/><T81/><D62/><U28/><E63/><V72/><F72/><W128/><G128/><T54/><D99/><U29/><E34/><V27/><F32/><W74/><G74/><T109/><D109/><U48/><E31/><V104/><F35/><W135/><G135/><T118/><D79/><U76/><E29/><V42/><F42/><W122/><G122/><T51/><REACH who="0" step="1"/><D118/><AGARI ba="0,1" hai="1,2,12,14,20,22,36,38,112,113,118,119,121,123" machi="118" ten="25,4800,0" yaku="1,1,22,2,53,0" doraHai="103" doraHaiUra="15" who="3" fromWho="0" sc="219,-48,239,0,184,0,348,58" /><INIT seed="3,1,0,1,1,128" ten="171,239,184,406" oya="3" hai0="89,96,11,47,44,83,84,118,125,49,40,34,9" hai1="134,38,14,67,50,18,103,97,92,33,15,135,88" hai2="70,48,4,58,19,20,39,29,25,110,63,52,74" hai3="68,16,117,46,5,124,127,36,116,90,100,61,91"/><W119/><G5/><T102/><D118/><U80/><E33/><V121/><F110/><W126/><G100/><T122/><D122/><U64/><E38/><V101/><F121/><W3/><G3/><T87/><D125/><U28/><E28/><V66/><F39/><W37/><G16/><T65/><D34/><U69/><E50/><V95/><F74/><W109/><G109/><T27/><D27/><U108/><E108/><V45/><F4/><W10/><G10/><T132/><D65/><U7/><E7/><V123/><F123/><W8/><G8/><T78/><D132/><N who="1" m="50731" /><E69/><V114/><F114/><W60/><G68/><T57/><D57/><U71/><E71/><V35/><F101/><W72/><G72/><T130/><D47/><U41/><E41/><V24/><F95/><W2/><G2/><T81/><REACH who="0" step="1"/><D130/><REACH who="0" ten="161,239,184,406" step="2"/><U0/><E0/><V94/><F70/><W76/><G119/><T85/><D85/><N who="1" m="50215" /><E14/><V17/><F35/><W23/><G127/><T75/><D75/><U62/><E62/><V104/><F63/><W26/><G126/><T42/><D42/><U107/><E107/><AGARI ba="1,1" hai="9,11,40,44,49,78,81,83,84,87,89,96,102,107" machi="107" ten="30,2000,0" yaku="1,1,7,1,53,0" doraHai="128" doraHaiUra="106" who="0" fromWho="1" sc="161,33,239,-23,184,0,406,0" /><INIT seed="4,0,0,1,4,82" ten="194,216,184,406" oya="0" hai0="98,66,63,127,107,76,128,2,89,56,96,52,35" hai1="80,67,3,129,54,5,92,71,34,118,42,50,111" hai2="91,33,72,48,88,17,44,65,84,114,13,78,59" hai3="122,36,70,95,40,57,19,6,24,49,18,23,55"/><T53/><D127/><U38/><E34/><V120/><F33/><W79/><G70/><T81/><D2/><U113/><E118/><V87/><F120/><W101/><G6/><T112/><D112/><U41/><E111/><V90/><F72/><W32/><G36/><T99/><D128/><U105/><E105/><V130/><F78/><W21/><G40/><T15/><D35/><U123/><E92/><V133/><F133/><W1/><G1/><T22/><D107/><U83/><E129/><V119/><F119/><W108/><G79/><T64/><D64/><U86/><E83/><V62/><F114/><W93/><G108/><T47/><D47/><U74/><E74/><V28/><F28/><W109/><G122/><T20/><D89/><U8/><E123/><V69/><F69/><W25/><G32/><T126/><D126/><U94/><E94/><V124/><F124/><W102/><G109/><T51/><D15/><U12/><E3/><V100/><F100/><AGARI ba="0,0" hai="18,19,21,23,24,25,49,55,57,93,95,100,101,102" machi="100" ten="40,2600,0" yaku="9,1,8,1" doraHai="82" who="3" fromWho="2" sc="194,0,216,0,184,-26,406,26" /><INIT seed="5,0,0,3,1,120" ten="194,216,158,432" oya="1" hai0="73,9,66,29,118,71,93,106,13,79,81,64,50" hai1="56,26,47,40,112,74,84,88,52,70,92,25,129" hai2="16,72,31,48,2,96,55,125,43,51,32,53,89" hai3="23,127,95,132,103,131,111,60,126,12,99,42,6"/><U18/><E70/><V15/><F72/><W110/><G132/><T49/><D106/><U3/><E74/><V82/><F2/><W11/><G131/><T76/><D118/><U67/><E3/><V54/><F125/><N who="3" m="47627" /><G42/><T101/><D76/><U114/><E67/><V119/><F119/><W97/><G23/><T14/><D29/><U121/><E121/><V1/><F1/><W87/><G87/><T21/><D21/><U8/><E8/><V69/><F69/><W134/><G134/><T130/><D130/><U34/><E129/><V19/><F43/><W83/><G83/><T85/><D73/><U41/><E18/><V128/><F19/><W37/><G37/><T117/><D117/><U39/><E41/><V36/><F36/><W45/><G45/><T122/><D122/><U102/><E102/><V115/><F115/><N who="1" m="44073" /><E34/><V108/><F128/><W100/><G60/><AGARI ba="0,0" hai="25,26,39,40,47,52,56,60,84,88,92" m="44073" machi="60" ten="30,5800,0" yaku="15,1,54,2" doraHai="120" who="1" fromWho="3" sc="194,0,216,58,158,0,432,-58" /><INIT seed="5,1,0,2,0,3" ten="194,274,158,374" oya="1" hai0="102,21,105,58,96,6,110,128,63,71,29,98,79" hai1="48,73,104,108,82,133,65,40,115,123,69,57,45" hai2="117,31,89,42,47,81,119,0,34,107,80,116,36" hai3="25,33,114,56,67,52,134,26,92,76,22,23,86"/><U14/><E104/><V51/><F107/><W8/><G33/><T62/><D110/><U109/><E123/><V122/><F122/><W135/><G67/><T127/><D127/><U32/><E32/><V70/><F70/><W16/><G8/><T83/><D128/><U60/><E14/><V66/><F66/><W28/><G114/><T87/><D98/><U94/><E94/><V17/><F31/><W9/><G9/><T91/><D71/><U112/><E82/><V30/><F30/><W1/><G1/><T75/><D58/><U95/><E95/><V111/><F111/><N who="1" m="42569" /><E73/><V35/><F35/><W100/><G76/><T46/><D46/><U18/><E18/><V13/><F34/><W44/><G44/><T39/><D39/><N who="1" m="21663" /><E133/><V93/><F0/><W54/><G100/><T4/><D29/><U125/><E125/><V43/><F36/><W68/><G92/><N who="0" m="54399" /><D21/><U121/><E121/><V20/><REACH who="2" step="1"/><F42/><REACH who="2" ten="194,274,148,374" step="2"/><W84/><G68/><T90/><D90/><U37/><E37/><V10/><F10/><W50/><G135/><T49/><D49/><U24/><E24/><V41/><F41/><W7/><G134/><T12/><D12/><U72/><E69/><V126/><F126/><W132/><G132/><T124/><D124/><U113/><E72/><V11/><F11/><W85/><G26/><T78/><D78/><U5/><E5/><AGARI ba="1,1" hai="4,5,6,62,63,75,79,83,96,102,105" m="54399" machi="5" ten="30,7700,0" yaku="24,1,52,3" doraHai="3" who="0" fromWho="1" sc="194,90,274,-80,148,0,374,0" /><INIT seed="6,0,0,5,0,12" ten="284,194,148,374" oya="2" hai0="124,46,62,1,68,86,73,19,83,16,53,94,39" hai1="41,104,51,54,61,84,60,117,99,17,36,111,32" hai2="55,65,47,113,52,120,103,37,80,114,128,135,133" hai3="82,105,108,102,110,4,58,10,15,34,6,67,131"/><V45/><F103/><W28/><G131/><T27/><D124/><U115/><E32/><V64/><F80/><W130/><G130/><T3/><D73/><U93/><E117/><V43/><F128/><W59/><G59/><T85/><D68/><U118/><E118/><V106/><F106/><W26/><G6/><T50/><D39/><U75/><E75/><V89/><F89/><W35/><G35/><T121/><D62/><U44/><E104/><V2/><F2/><W18/><G82/><T96/><D121/><U101/><E111/><V0/><F0/><W134/><G134/><N who="2" m="51209" /><F120/><W72/><G72/><T23/><D19/><U98/><E98/><V9/><F9/><W5/><G110/><T132/><D132/><U33/><E33/><V49/><F55/><W21/><G108/><T71/><D71/><U100/><E100/><V57/><F47/><W116/><G116/><T129/><D129/><U24/><E115/><AGARI ba="0,0" hai="37,43,45,49,52,57,64,65,113,114,115" m="51209" machi="115" ten="30,12000,1" yaku="15,1,20,1,34,2,54,1" doraHai="12" who="2" fromWho="1" sc="284,0,194,-120,148,120,374,0" /><INIT seed="6,1,0,3,5,97" ten="284,74,268,374" oya="2" hai0="51,123,4,98,17,9,13,58,12,33,73,96,1" hai1="99,69,127,52,55,111,23,90,39,80,10,86,57" hai2="75,54,125,87,134,129,30,36,61,31,14,32,42" hai3="92,3,81,126,15,82,132,38,47,21,19,93,77"/><V43/><F75/><W94/><G3/><T131/><D123/><U78/><E69/><V102/><F125/><W26/><G132/><T74/><D131/><U5/><E39/><V85/><F32/><W70/><G70/><T29/><D13/><U110/><E127/><V45/><F129/><W113/><G113/><T128/><D128/><U2/><E55/><V79/><F79/><W59/><G126/><T95/><D51/><U120/><E120/><V11/><F134/><W91/><G47/><T114/><D58/><U109/><E23/><V40/><F36/><W117/><G117/><T0/><D0/><U66/><E66/><V6/><F102/><W121/><G38/><T83/><D83/><N who="3" m="31753" /><G77/><T62/><D62/><U106/><E78/><V116/><F116/><W133/><G133/><T18/><D18/><U122/><E122/><V7/><F7/><W44/><G44/><T119/><D114/><U72/><E72/><V112/><F112/><W25/><G121/><T50/><D50/><U35/><E35/><V22/><F45/><W8/><G59/><T124/><D124/><U24/><E24/><N who="3" m="9322" /><G21/><N who="0" m="11431" /><D119/><U28/><E28/><N who="2" m="10795" /><F22/><W115/><G115/><T53/><D53/><U20/><E20/><V68/><F68/><W104/><G19/><T84/><D73/><U130/><E130/><V48/><F48/><W135/><G135/><T76/><D74/><U63/><REACH who="1" step="1"/><E110/><REACH who="1" ten="284,64,268,374" step="2"/><V37/><F37/><W105/><G91/><N who="0" m="53735" /><D76/><U16/><E16/><V49/><F49/><W27/><G27/><AGARI ba="1,1" hai="1,4,9,27,29,33,96,98" m="53735,11431" machi="27" ten="30,1000,0" yaku="24,1" doraHai="97" who="0" fromWho="3" sc="284,23,64,0,268,0,374,-13" /><INIT seed="7,0,0,0,3,32" ten="307,64,268,361" oya="3" hai0="115,113,119,107,69,35,129,7,93,118,29,95,79" hai1="68,23,74,84,55,109,20,111,39,63,51,67,43" hai2="45,64,31,104,48,66,57,78,120,102,83,18,28" hai3="88,70,46,10,124,13,135,12,132,91,33,54,126"/><W6/><G33/><T3/><D69/><U49/><E74/><V81/><F102/><W94/><G70/><T36/><D36/><U97/><E97/><V56/><F104/><W122/><G122/><T71/><D71/><U61/><E84/><V80/><F18/><W0/><G54/><T26/><D107/><U34/><E34/><V87/><F120/><W41/><G13/><T16/><D79/><U22/><E39/><V90/><F28/><W106/><G12/><T24/><D93/><U60/><E43/><V105/><F105/><W65/><G65/><T82/><D95/><U100/><E100/><V117/><F31/><W123/><G106/><T42/><D42/><U58/><E68/><V52/><F117/><N who="0" m="44554" /><D82/><U112/><E112/><V53/><F57/><W134/><G123/><T75/><D75/><U98/><E98/><V116/><F116/><W8/><G8/><N who="0" m="2175" /><D129/><U47/><REACH who="1" step="1"/><E67/><REACH who="1" ten="307,54,268,361" step="2"/><V9/><F9/><W108/><G41/><T44/><D44/><U17/><E17/><V77/><F77/><W62/><G46/><T121/><D121/><U96/><E96/><V110/><F110/><W133/><G133/><T99/><D99/><U127/><E127/><V2/><F2/><W40/><G126/><T37/><D37/><U11/><E11/><V89/><F89/><W128/><G124/><T101/><D101/><U30/><E30/><V130/><F130/><W59/><G128/><T125/><D125/><U21/><N who="1" m="5120" /><DORA hai="92" /><U131/><E131/><V85/><REACH who="2" step="1"/><F81/><REACH who="2" ten="307,54,258,361" step="2"/><W19/><G135/><T86/><D16/><U76/><E76/><V5/><F5/><RYUUKYOKU ba="0,2" sc="307,-15,54,15,258,15,361,-15" hai1="47,49,51,55,58,60,61,63,109,111" hai2="45,48,52,53,56,64,66,78,80,83,85,87,90" owari="292,9.0,69,-43.0,273,-13.0,366,47.0" /></mjloggm>