<mjloggm ver="2.3"><GO type="41" lobby="0"/><UN n0="%E2%93%9D%53%75%70%68%78" n1="%E3%82%84%E3%81%A3%E3%81%9F%E3%81%8B%EF%BC%9F" n2="%E9%BB%92%E3%82%84%E3%81%8E" n3="%E7%A2%A7%E4%B9%83" dan="18,14,14,15" rate="2089.90,1923.11,1886.16,2062.67" sx="M,M,M,M"/><TAIKYOKU oya="0"/><INIT seed="0,0,0,2,3,104" ten="250,250,250,250" oya="0" hai0="121,49,42,0,128,63,112,103,72,113,62,28,111" hai1="70,4,13,50,130,23,36,41,10,48,85,20,39" hai2="125,115,135,117,34,116,79,24,132,93,74,87,60" hai3="109,133,43,11,19,124,105,90,9,110,75,82,81"/><T54/><D0/><U38/><E70/><V77/><F115/><W76/><G105/><T16/><D28/><U55/><E130/><V88/><F24/><W37/><G124/><T51/><D103/><U47/><REACH who="1" step="1"/><E85/><REACH who="1" ten="250,240,250,250" step="2"/><V120/><F125/><W31/><G133/><T8/><D128/><U71/><E71/><V65/><F120/><W102/><G110/><T17/><D111/><U66/><E66/><V126/><F126/><W69/><G109/><T18/><D121/><U131/><E131/><V123/><F123/><W119/><G69/><T29/><D113/><U33/><E33/><V52/><F34/><W114/><G114/><T84/><D112/><U7/><E7/><V30/><F65/><W45/><G119/><T44/><D84/><U12/><E12/><V91/><F117/><W134/><G134/><T118/><D118/><U2/><E2/><V80/><F116/><W95/><G102/><T94/><D72/><U46/><AGARI ba="0,1" hai="4,10,13,20,23,36,38,39,41,46,47,48,50,55" machi="46" ten="40,2700,0" yaku="1,1,0,1,53,0" doraHai="104" doraHaiUra="21" who="1" fromWho="1" sc="250,-13,240,37,250,-7,250,-7" /><INIT seed="1,0,0,2,4,66" ten="237,277,243,243" oya="1" hai0="28,115,55,93,49,69,114,87,97,126,41,135,25" hai1="110,95,105,70,48,60,132,121,40,77,31,82,83" hai2="43,124,38,131,88,13,15,61,35,90,85,113,86" hai3="59,109,81,68,129,22,45,104,75,3,46,53,73"/><U16/><E105/><V52/><F124/><W118/><G104/><T134/><D41/><U79/><E121/><V92/><F131/><W23/><G3/><T47/><D87/><U108/><E31/><V91/><F35/><W67/><G109/><N who="1" m="42090" /><E132/><N who="0" m="50729" /><D126/><U42/><E95/><V112/><F43/><N who="1" m="16425" /><E48/><V26/><F38/><W128/><G118/><T32/><D69/><U57/><E57/><V36/><F36/><W76/><G73/><T80/><D80/><N who="1" m="30763" /><E16/><V96/><F113/><W11/><G45/><T56/><D47/><U99/><E99/><V94/><F112/><W27/><G46/><T65/><D65/><AGARI ba="0,0" hai="60,65,70,77,79" m="30763,16425,42090" machi="65" ten="30,5800,0" yaku="14,1,10,1,52,1" doraHai="66" who="1" fromWho="0" sc="237,-58,277,58,243,0,243,0" /><INIT seed="1,1,0,1,1,62" ten="179,335,243,243" oya="1" hai0="100,53,89,73,20,36,52,58,56,31,124,103,63" hai1="93,67,42,97,128,24,132,113,109,131,102,40,7" hai2="81,13,27,96,8,5,66,94,22,68,18,50,111" hai3="114,108,117,25,44,29,116,19,120,60,87,10,43"/><U65/><E113/><V37/><F111/><W26/><G114/><T118/><D118/><N who="3" m="45673" /><G108/><T76/><D36/><U135/><E109/><V64/><F37/><W75/><G75/><T127/><D89/><U74/><E74/><V16/><F68/><W91/><G120/><T121/><D121/><U98/><E7/><V46/><F81/><N who="3" m="49647" /><G29/><T107/><D76/><U33/><E33/><V1/><F1/><W51/><G60/><T104/><D73/><U99/><E24/><V55/><REACH who="2" step="1"/><F5/><REACH who="2" ten="179,335,233,243" step="2"/><W72/><G72/><T110/><D110/><U3/><E3/><V12/><F12/><AGARI ba="1,1" hai="10,12,19,25,26,43,44,51" m="49647,45673" machi="12" ten="30,1000,0" yaku="12,1" doraHai="62" who="3" fromWho="2" sc="179,0,335,0,233,-13,243,23" /><INIT seed="2,0,0,1,1,79" ten="179,335,220,266" oya="2" hai0="84,117,132,130,100,21,76,9,37,71,96,64,87" hai1="5,80,29,49,38,6,1,0,57,129,131,88,46" hai2="128,99,36,70,89,45,107,73,95,14,25,20,47" hai3="54,72,126,86,4,104,43,51,31,103,82,112,113"/><V67/><F73/><W16/><G4/><T93/><D37/><U66/><E38/><V27/><F128/><N who="1" m="49225" /><E29/><V39/><F107/><W127/><G31/><T121/><D121/><U2/><E57/><V92/><F70/><W74/><G43/><T108/><D132/><U110/><E66/><V10/><F67/><W60/><G60/><T55/><D108/><U122/><E122/><V63/><F63/><W75/><G16/><T48/><D117/><U61/><E61/><V33/><F36/><W68/><G68/><T40/><D40/><N who="1" m="24775" /><E110/><V24/><F33/><W15/><G15/><T90/><D64/><U58/><E58/><V32/><F32/><W41/><G41/><T17/><D130/><U125/><E125/><N who="3" m="47626" /><G54/><T98/><D71/><U120/><E120/><V34/><F34/><W52/><G52/><T44/><D9/><U42/><E42/><V116/><F20/><W102/><G51/><T133/><D133/><U109/><E109/><V77/><F39/><W94/><G104/><T115/><D115/><N who="3" m="44105" /><G94/><T119/><D119/><U134/><E134/><V97/><F116/><W23/><G23/><T26/><REACH who="0" step="1"/><D100/><REACH who="0" ten="169,335,220,266" step="2"/><U65/><E65/><V69/><F69/><W85/><G103/><T28/><D28/><U8/><E8/><V105/><F105/><W22/><G102/><T30/><D30/><U59/><E59/><V101/><REACH who="2" step="1"/><F77/><REACH who="2" ten="169,335,210,266" step="2"/><N who="3" m="46287" /><G22/><T35/><D35/><U114/><E114/><V135/><F135/><W12/><G72/><T81/><AGARI ba="0,2" hai="17,21,26,44,48,55,76,81,84,87,90,93,96,98" machi="81" ten="30,7900,0" yaku="1,1,0,1,8,1,52,1,53,0" doraHai="79" doraHaiUra="106" who="0" fromWho="0" sc="169,99,335,-20,210,-39,266,-20" /><INIT seed="3,0,0,5,2,122" ten="268,315,171,246" oya="3" hai0="104,39,81,99,130,40,105,91,129,94,76,26,103" hai1="86,128,67,89,70,123,27,56,98,22,131,132,8" hai2="80,48,35,84,112,49,9,28,44,125,69,120,60" hai3="42,53,62,107,83,134,61,36,46,85,17,29,14"/><W51/><G107/><T114/><D40/><U16/><E70/><V12/><F112/><W1/><G134/><T119/><D39/><U124/><E132/><V3/><F120/><W32/><G1/><T121/><D26/><U111/><E123/><V23/><F3/><W77/><G29/><T96/><D121/><U52/><E67/><V30/><F35/><W116/><G32/><T13/><D13/><U126/><E8/><V87/><F125/><N who="1" m="48233" /><E111/><V10/><F49/><W7/><G7/><T18/><D18/><U58/><E58/><V106/><F106/><W11/><REACH who="3" step="1"/><G116/><REACH who="3" ten="268,315,171,236" step="2"/><T66/><D119/><U93/><E86/><V43/><F87/><W55/><G55/><T50/><D105/><U100/><E100/><V38/><F30/><W20/><G20/><T110/><D104/><U68/><E68/><V19/><F28/><W72/><G72/><T47/><D103/><U135/><E135/><V117/><F117/><W5/><G5/><T63/><D99/><U97/><E97/><V118/><F118/><W41/><G41/><T65/><D96/><U74/><E74/><V82/><F38/><W37/><G37/><T95/><D66/><U15/><E15/><V90/><F9/><W2/><G2/><T45/><D65/><U54/><E54/><V79/><F10/><W101/><G101/><T109/><D109/><U71/><E71/><V24/><F43/><W57/><AGARI ba="0,1" hai="11,14,17,36,42,46,51,53,57,61,62,77,83,85" machi="57" ten="20,7800,0" yaku="1,1,0,1,7,1,53,1" doraHai="122" doraHaiUra="4" who="3" fromWho="3" sc="268,-26,315,-26,171,-26,236,88" /><INIT seed="3,1,0,2,2,86" ten="242,289,145,324" oya="3" hai0="61,69,18,13,30,22,110,93,11,128,78,91,31" hai1="40,4,26,20,71,123,10,60,59,39,121,9,25" hai2="130,74,118,45,6,85,99,24,37,120,43,97,122" hai3="38,80,101,129,96,66,113,82,58,0,94,63,77"/><W56/><G113/><T27/><D110/><U117/><E71/><V98/><F118/><W23/><G129/><T103/><D128/><U2/><E117/><V125/><F130/><W107/><G0/><T42/><D78/><U16/><E39/><V19/><F74/><W115/><G115/><T126/><D126/><U92/><E40/><V48/><F125/><W7/><G38/><T53/><D42/><U73/><E73/><V44/><F6/><W14/><G107/><T84/><D103/><U8/><E8/><V106/><F106/><W72/><G82/><T109/><D109/><U102/><E26/><V114/><F114/><W64/><G23/><T79/><D79/><U12/><E102/><V105/><F105/><W47/><G47/><T127/><D127/><U49/><E49/><V90/><F24/><W55/><REACH who="3" step="1"/><G58/><REACH who="3" ten="242,289,145,314" step="2"/><N who="0" m="35023" /><D69/><U28/><REACH who="1" step="1"/><E92/><REACH who="1" ten="242,279,145,314" step="2"/><V133/><F122/><W17/><G17/><AGARI ba="1,2" hai="11,13,17,18,22,27,30,31,84,91,93" m="35023" machi="17" ten="30,2000,0" yaku="8,1,52,1" doraHai="86" who="0" fromWho="3" sc="242,43,279,0,145,0,314,-23" /><INIT seed="4,0,0,4,1,22" ten="285,279,145,291" oya="0" hai0="124,26,108,40,12,83,44,59,96,15,132,66,116" hai1="79,21,102,0,53,5,58,45,95,48,67,111,115" hai2="46,86,6,68,107,114,27,37,94,34,29,122,91" hai3="112,90,13,104,105,127,19,133,128,76,88,82,64"/><T2/><D2/><U117/><E117/><V120/><F114/><W8/><G112/><T47/><D116/><U25/><E115/><V93/><F107/><W71/><G127/><T119/><D119/><U17/><E111/><V23/><F68/><W130/><G133/><T43/><D124/><U121/><E121/><V87/><F6/><W85/><G64/><T28/><D132/><U74/><E74/><V20/><F122/><W18/><G71/><T31/><D96/><U35/><E35/><V10/><F10/><W4/><G105/><T72/><D83/><U24/><E79/><V73/><F73/><W77/><G104/><T84/><D84/><U50/><E0/><V81/><F120/><W54/><G77/><T78/><D78/><U55/><E5/><V101/><F81/><W56/><G130/><T51/><D31/><U3/><E3/><V38/><F46/><W100/><G100/><T61/><D108/><U41/><E67/><V125/><F125/><W126/><G128/><T14/><D72/><U63/><E102/><V123/><F123/><W65/><G65/><T70/><D70/><U98/><E98/><V129/><F129/><W118/><G118/><T52/><REACH who="0" step="1"/><D47/><REACH who="0" ten="275,279,145,291" step="2"/><N who="1" m="25711" /><E95/><V80/><F80/><W135/><G126/><T60/><D60/><U134/><E134/><V97/><F86/><N who="3" m="48455" /><G135/><T99/><D99/><U69/><E69/><V30/><REACH who="2" step="1"/><F34/><AGARI ba="0,1" hai="12,14,15,26,28,34,40,43,44,51,52,59,61,66" machi="34" ten="40,12000,1" yaku="1,1,52,1,54,1,53,1" doraHai="22" doraHaiUra="57" who="0" fromWho="2" sc="275,130,279,0,145,-120,291,0" /><INIT seed="4,1,0,1,0,105" ten="405,279,25,291" oya="0" hai0="122,88,54,96,26,44,108,117,90,91,35,73,58" hai1="87,112,36,28,57,52,75,60,43,62,64,98,45" hai2="4,46,72,115,97,100,81,17,39,114,110,67,33" hai3="80,37,16,38,131,68,78,2,86,61,95,27,84"/><T22/><D117/><U20/><E98/><V101/><F33/><W47/><G2/><T129/><D122/><U71/><E75/><V29/><F29/><W65/><G131/><T49/><D35/><U11/><E87/><V89/><F17/><W74/><G47/><T111/><D129/><U53/><E11/><V69/><F67/><W50/><G50/><T19/><D73/><U14/><E14/><V128/><F69/><W1/><G1/><T92/><REACH who="0" step="1"/><D58/><REACH who="0" ten="395,279,25,291" step="2"/><U104/><E104/><V6/><F128/><W107/><G107/><T13/><D13/><U24/><E112/><N who="2" m="43051" /><F110/><AGARI ba="1,1" hai="19,22,26,44,49,54,88,90,91,92,96,108,110,111" machi="110" ten="40,7700,0" yaku="1,1,10,1,54,1,53,0" doraHai="105" doraHaiUra="134" who="0" fromWho="2" sc="395,90,279,0,25,-80,291,0" owari="485,59.0,279,-12.0,-55,-56.0,291,9.0" /></mjloggm>