<mjloggm ver="2.3"><GO type="41" lobby="0"/><UN n0="%E2%93%9D%53%75%70%68%78" n1="%E3%82%8A%E3%81%B5%E3%82%8C%E3%81%8F" n2="%6A%79%75%72%69%35%37" n3="%53%41%4B%55%4B%59%4F" dan="18,15,14,15" rate="2139.21,2012.45,1917.41,1938.67" sx="M,M,M,M"/><TAIKYOKU oya="0"/><INIT seed="0,0,0,1,0,97" ten="250,250,250,250" oya="0" hai0="131,86,40,83,8,79,129,113,64,12,121,31,90" hai1="89,1,78,85,46,122,54,82,3,36,7,70,4" hai2="92,123,57,66,21,96,48,16,120,94,5,32,33" hai3="130,39,23,17,111,19,63,22,102,47,77,112,26"/><T99/><D121/><U9/><E122/><V71/><F5/><W81/><G112/><T42/><D31/><U60/><E7/><V62/><F94/><W119/><G111/><T103/><D64/><U45/><E36/><V108/><F108/><W87/><G130/><N who="0" m="49675" /><D113/><U98/><E3/><V69/><F123/><W27/><G119/><T133/><D133/><U124/><E124/><V56/><F120/><W80/><G63/><T88/><D42/><U0/><E0/><V25/><F56/><W44/><G39/><T76/><D40/><U107/><E78/><V11/><F11/><W6/><G6/><N who="0" m="3095" /><D79/><U74/><E74/><V38/><F38/><W58/><G58/><T53/><D53/><U55/><E55/><V73/><F73/><W13/><G13/><T72/><D72/><U115/><E115/><V61/><F48/><W59/><G59/><T95/><AGARI ba="0,0" hai="76,83,86,88,90,95,99,103" m="3095,49675" machi="95" ten="30,6000,0" yaku="19,1,52,1,54,1" doraHai="97" who="0" fromWho="0" sc="250,60,250,-20,250,-20,250,-20" /><INIT seed="0,1,0,0,4,25" ten="310,230,230,230" oya="0" hai0="85,75,62,17,135,70,107,22,99,38,95,19,63" hai1="93,2,76,125,101,114,89,54,32,131,44,96,122" hai2="80,78,6,10,105,45,124,50,113,128,121,35,77" hai3="18,0,43,39,120,118,127,36,79,7,112,51,87"/><T40/><D75/><U115/><E122/><V56/><F121/><W106/><G112/><N who="1" m="43050" /><E2/><V130/><F105/><W73/><G118/><T82/><D107/><N who="1" m="63911" /><E32/><V102/><F102/><W66/><G73/><T15/><D135/><U132/><E54/><V86/><F124/><W119/><G119/><T59/><D70/><U31/><E44/><V57/><F35/><W69/><G127/><T12/><D38/><U26/><E125/><V8/><F78/><W98/><G0/><T117/><D40/><U67/><E67/><V52/><F113/><W30/><G7/><T109/><D109/><U92/><E31/><V60/><F57/><W90/><G18/><T58/><D58/><U74/><E26/><V41/><REACH who="2" step="1"/><F10/><REACH who="2" ten="310,230,220,230" step="2"/><W42/><G69/><T104/><D104/><U111/><E111/><V29/><F29/><W133/><G30/><T5/><D117/><U21/><E21/><V110/><F110/><W91/><G106/><T4/><D59/><U97/><E132/><V16/><F16/><W11/><G133/><T129/><D19/><U49/><E49/><V94/><F94/><W68/><G51/><T116/><D116/><U72/><E131/><V64/><F64/><W34/><G66/><T23/><D129/><U37/><E37/><V47/><F47/><W46/><G46/><T108/><D108/><U100/><E76/><V65/><F65/><W123/><G79/><N who="0" m="46303" /><D23/><U53/><E53/><V20/><F20/><W88/><G36/><T48/><D48/><U1/><E1/><AGARI ba="1,1" hai="1,6,8,41,45,50,52,56,60,77,80,86,128,130" machi="1" ten="40,2600,0" yaku="1,1,54,1,53,0" doraHai="25" doraHaiUra="84" who="2" fromWho="1" sc="310,0,230,-29,220,39,230,0" /><INIT seed="1,0,0,0,1,117" ten="310,201,259,230" oya="1" hai0="26,106,125,71,54,133,21,81,48,111,44,102,105" hai1="124,40,110,132,87,59,115,86,55,13,75,109,130" hai2="97,74,57,2,22,88,5,3,24,56,80,18,126" hai3="73,41,96,7,116,120,39,68,67,14,78,107,94"/><U93/><E115/><V95/><F126/><W98/><G116/><T23/><D71/><U47/><E75/><V84/><F74/><W76/><G73/><T6/><D111/><N who="1" m="42507" /><E124/><V37/><F37/><W11/><G39/><T77/><D133/><U50/><E132/><V4/><F2/><W19/><G41/><T62/><D6/><U127/><E127/><V101/><F3/><W128/><G128/><T89/><D23/><U70/><E70/><V64/><F57/><W29/><G29/><T30/><D102/><U92/><E13/><V90/><F90/><W25/><G68/><T129/><D129/><U135/><E135/><V99/><F99/><W33/><G67/><T31/><D89/><U61/><E130/><V16/><F18/><W65/><G65/><T51/><D31/><U72/><E72/><V83/><F83/><W0/><G98/><T85/><D125/><U12/><E12/><V134/><F134/><W8/><G107/><T32/><D106/><U58/><E58/><V131/><F131/><W52/><G25/><T10/><D105/><U118/><E118/><V123/><F123/><W119/><G119/><T17/><D30/><U35/><E35/><V43/><F43/><W121/><G33/><T79/><D32/><U27/><E27/><V49/><F64/><W108/><G108/><T122/><D26/><U38/><E38/><V34/><F34/><W69/><G69/><T112/><D112/><U100/><E100/><V66/><F66/><W63/><G120/><T82/><D122/><U28/><E28/><V104/><F104/><W42/><G121/><RYUUKYOKU ba="0,0" sc="310,-15,201,15,259,15,230,-15" hai1="40,47,50,55,59,61,86,87,92,93" hai2="4,5,16,22,24,49,56,80,84,88,95,97,101" /><INIT seed="1,1,0,1,2,122" ten="295,216,274,215" oya="1" hai0="55,88,53,49,119,72,25,67,134,118,75,130,98" hai1="14,4,37,44,131,108,32,7,71,66,79,77,105" hai2="24,13,81,43,133,5,50,35,3,39,128,103,70" hai3="89,40,117,59,17,106,10,135,93,129,27,26,82"/><U29/><E14/><V90/><F39/><W73/><G106/><T116/><D67/><U57/><E57/><V127/><F3/><W11/><G129/><T69/><D69/><U99/><E7/><V52/><F70/><W125/><G135/><T61/><D130/><U65/><E65/><V95/><F133/><W6/><G125/><T113/><D113/><U109/><E4/><V23/><F35/><W114/><G114/><T60/><BYE who="3" /><D25/><N who="1" m="18479" /><E131/><V54/><F127/><W2/><G2/><T110/><D134/><U97/><E97/><V87/><F128/><W19/><G19/><T64/><D64/><U91/><E91/><V9/><F103/><W101/><G101/><T31/><D88/><U8/><E8/><V22/><F95/><W21/><G21/><N who="2" m="7689" /><F24/><W20/><G20/><T30/><D119/><U126/><E126/><V94/><F94/><W76/><G76/><N who="1" m="29258" /><E44/><AGARI ba="1,0" hai="5,9,13,43,44,50,52,54,81,87,90" m="7689" machi="44" ten="30,2000,0" yaku="8,1,54,1" doraHai="122" who="2" fromWho="1" sc="295,0,216,-23,274,23,215,0" /><INIT seed="2,0,0,3,5,71" ten="295,193,297,215" oya="2" hai0="42,30,135,75,21,108,123,45,68,134,86,127,65" hai1="2,6,77,64,37,91,26,110,7,28,16,24,9" hai2="44,83,62,97,10,81,101,133,70,27,79,32,128" hai3="130,47,14,80,51,106,115,132,23,8,29,119,85"/><V59/><F128/><W58/><G58/><T34/><D75/><U38/><E110/><V39/><F133/><W111/><G111/><T18/><D108/><U48/><E64/><V53/><F70/><W49/><G49/><T124/><D30/><U73/><E48/><V69/><F69/><W131/><G131/><T125/><D34/><U93/><E77/><V57/><F57/><W92/><G92/><T0/><D0/><U89/><E73/><V15/><F32/><W43/><G43/><T99/><D99/><U31/><E7/><V88/><F27/><W87/><G87/><T118/><D118/><U104/><E104/><V1/><F1/><W120/><G120/><T35/><D35/><U103/><E103/><V90/><F39/><W11/><G11/><T52/><D86/><U78/><E78/><V61/><F61/><W66/><G66/><T19/><D123/><U129/><E129/><V114/><F44/><W100/><G100/><T36/><D52/><U22/><E31/><V116/><F116/><W20/><G20/><T50/><D50/><U113/><E113/><V98/><F98/><W17/><G17/><N who="0" m="6155" /><D21/><U46/><E46/><V3/><F3/><W60/><G60/><AGARI ba="0,0" hai="36,42,45,60,65,68,124,125,127,134,135" m="6155" machi="60" ten="40,2600,0" yaku="18,1,52,1" doraHai="71" who="0" fromWho="3" sc="295,26,193,0,297,0,215,-26" /><INIT seed="3,0,0,4,4,119" ten="321,193,297,189" oya="3" hai0="113,123,12,54,23,104,112,99,84,15,82,66,18" hai1="36,14,30,87,76,78,34,69,97,88,59,94,40" hai2="127,101,110,105,25,26,135,56,22,120,45,74,33" hai3="62,61,129,39,103,111,49,81,63,130,37,107,27"/><W42/><G42/><T95/><D104/><U124/><E69/><V7/><F74/><W11/><G11/><T117/><D117/><U9/><E124/><V115/><F127/><W32/><G32/><T29/><D123/><U102/><E34/><V118/><F115/><N who="0" m="44106" /><D66/><U65/><E30/><V57/><F118/><W17/><G17/><T24/><D54/><U73/><E73/><UN n3="%53%41%4B%55%4B%59%4F" /><V108/><F7/><W106/><G27/><T89/><D29/><U70/><E70/><V68/><F45/><W92/><G111/><T109/><D109/><U67/><E40/><V125/><F68/><W71/><G71/><T53/><D53/><U47/><E47/><V122/><F33/><W55/><G81/><T132/><D132/><U75/><E75/><V38/><F38/><N who="3" m="14347" /><G92/><T100/><AGARI ba="0,0" hai="12,15,18,23,24,82,84,89,95,99,100" m="44106" machi="100" ten="30,1100,0" yaku="11,1" doraHai="119" who="0" fromWho="0" sc="321,11,193,-3,297,-3,189,-5" /><INIT seed="4,0,0,1,1,76" ten="332,190,294,184" oya="0" hai0="32,49,34,20,72,3,12,106,105,125,30,97,45" hai1="89,109,119,1,8,14,31,25,82,21,111,117,15" hai2="100,84,132,102,70,130,114,88,77,99,135,51,67" hai3="115,50,16,63,37,120,83,0,134,123,110,85,56"/><T90/><D3/><U26/><E89/><V92/><F70/><W79/><G110/><N who="1" m="41994" /><E82/><N who="2" m="47183" /><F67/><W121/><G37/><T108/><D125/><U55/><E55/><V58/><F130/><W113/><G0/><T39/><D72/><U95/><E95/><V96/><F58/><W124/><G124/><T62/><D34/><N who="1" m="20847" /><E1/><V27/><F27/><W24/><G134/><N who="2" m="51241" /><F51/><W104/><G50/><T54/><D49/><U6/><E15/><V74/><F74/><W13/><G104/><T98/><D12/><U75/><E75/><V86/><F114/><W112/><G24/><T107/><D108/><U35/><E35/><V4/><F4/><W66/><REACH who="3" step="1"/><G115/><REACH who="3" ten="332,190,294,174" step="2"/><T57/><D107/><U18/><AGARI ba="0,1" hai="6,8,14,18,21,26,117,119" m="20847,41994" machi="18" ten="30,2000,0" yaku="34,2" doraHai="76" who="1" fromWho="1" sc="332,-10,190,30,294,-5,174,-5" /><INIT seed="5,0,0,2,5,9" ten="322,220,289,169" oya="1" hai0="108,53,4,70,97,129,85,55,99,47,132,27,25" hai1="96,82,74,52,73,48,23,116,58,10,41,18,62" hai2="90,118,104,94,65,67,72,31,35,122,8,133,61" hai3="84,117,12,26,109,134,69,63,2,91,105,123,115"/><U121/><E116/><V71/><F118/><W54/><G2/><T38/><D108/><U93/><E121/><V128/><F122/><W33/><G109/><T80/><D70/><U110/><E110/><V21/><F104/><W79/><G117/><T131/><D4/><U16/><E82/><V43/><F72/><W6/><G123/><T28/><D132/><U113/><E113/><V37/><F35/><W86/><G105/><T22/><D27/><N who="1" m="14823" /><E41/><V15/><F67/><W119/><G119/><T5/><D5/><U101/><E74/><V107/><F107/><W81/><G115/><T59/><D38/><U56/><E73/><V77/><F77/><W103/><G103/><T64/><D64/><N who="1" m="38983" /><E18/><V95/><F31/><W124/><G124/><T36/><D36/><U3/><E3/><V127/><F43/><W40/><G40/><T30/><D30/><U42/><E42/><V68/><F37/><W125/><G125/><T0/><D0/><U11/><AGARI ba="0,0" hai="10,11,48,52,58,93,96,101" m="38983,14823" machi="11" ten="30,6000,0" yaku="8,1,54,2" doraHai="9" who="1" fromWho="1" sc="322,-20,220,60,289,-20,169,-20" /><INIT seed="5,1,0,4,3,12" ten="302,280,269,149" oya="1" hai0="110,111,46,68,37,52,84,33,90,25,36,70,83" hai1="120,88,98,64,61,59,28,54,38,92,74,7,0" hai2="76,85,93,35,32,67,29,99,24,53,62,115,113" hai3="39,66,73,102,101,45,86,40,4,89,26,132,124"/><U134/><E120/><V119/><F119/><W1/><G132/><T11/><D11/><U49/><E74/><V15/><F53/><W23/><G124/><T118/><D118/><U43/><E134/><V16/><F76/><W105/><G105/><T14/><D14/><U2/><E7/><V48/><F48/><W80/><G66/><T112/><D112/><N who="2" m="43082" /><F85/><W135/><G135/><T125/><D125/><U127/><E28/><V34/><F93/><W103/><G73/><T69/><D37/><U42/><E127/><V50/><F50/><W114/><G114/><T55/><D55/><U72/><E72/><V56/><F99/><W95/><G4/><T129/><D36/><U58/><REACH who="1" step="1"/><E38/><REACH who="1" ten="302,270,269,149" step="2"/><V10/><AGARI ba="1,1" hai="10,15,16,24,29,32,34,35,56,62,67" m="43082" machi="10" ten="30,7900,0" yaku="15,1,11,1,52,1,54,1" doraHai="12" who="2" fromWho="2" sc="302,-21,270,-40,269,92,149,-21" /><INIT seed="6,0,0,0,3,65" ten="281,230,361,128" oya="2" hai0="126,34,33,83,29,95,43,132,93,87,108,130,76" hai1="73,92,6,120,54,1,114,56,82,13,115,94,134" hai2="118,75,23,32,113,9,10,109,68,69,104,28,20" hai3="88,70,42,84,35,122,27,48,31,103,99,123,60"/><V58/><F75/><W112/><G112/><N who="1" m="43050" /><E1/><V106/><F113/><W24/><G24/><T47/><D108/><U100/><E134/><V127/><F58/><W30/><G30/><T117/><D130/><U15/><E120/><V41/><F41/><W3/><G3/><T98/><D126/><U14/><E6/><V81/><F81/><W110/><G110/><T107/><D117/><U36/><E36/><V61/><F61/><W17/><G17/><T45/><D107/><N who="2" m="41002" /><F109/><W129/><G129/><T102/><D132/><U40/><E40/><V55/><F55/><W86/><G86/><T135/><D135/><U119/><E100/><V8/><F28/><W21/><G35/><T91/><D29/><U59/><E119/><V38/><F38/><W25/><G25/><T116/><D116/><U46/><E46/><V51/><F51/><W121/><G42/><T12/><D47/><U67/><E67/><V97/><F97/><W37/><G48/><T66/><D66/><U49/><E56/><V128/><F128/><W57/><G37/><T74/><D34/><U53/><E53/><V125/><F32/><W2/><G2/><T0/><D0/><U90/><E73/><V62/><F62/><W79/><G79/><T105/><D33/><U71/><E71/><N who="2" m="27211" /><F118/><W4/><G70/><T18/><D43/><U63/><E63/><V85/><F85/><AGARI ba="0,0" hai="13,14,15,49,54,59,82,85,90,92,94" m="43050" machi="85" ten="30,1000,0" yaku="15,1" doraHai="65" who="1" fromWho="2" sc="281,0,230,10,361,-10,128,0" /><INIT seed="7,0,0,4,0,94" ten="281,240,351,128" oya="3" hai0="108,67,128,109,103,96,77,79,13,106,102,84,74" hai1="45,87,100,64,36,56,95,105,92,34,30,120,135" hai2="52,101,88,75,111,0,7,37,69,41,22,122,98" hai3="43,5,49,44,4,123,24,55,48,51,40,3,9"/><W63/><G123/><T23/><D67/><U35/><E120/><V19/><F111/><W14/><G24/><T99/><D23/><U39/><E135/><V59/><F69/><W129/><G129/><T68/><D13/><U46/><E64/><V27/><F75/><W134/><G134/><T61/><BYE who="3" /><D61/><U42/><E56/><V26/><F37/><W54/><G54/><T11/><D11/><U57/><E57/><V71/><F71/><W33/><G33/><T93/><D68/><U118/><E118/><V114/><F41/><W104/><G104/><T50/><D50/><U73/><E73/><V97/><F7/><W18/><G18/><T115/><D115/><U21/><E21/><V86/><F0/><W119/><G119/><T76/><D74/><U126/><E126/><V25/><F114/><W47/><G47/><T116/><D116/><U81/><E105/><V15/><F101/><W70/><G70/><T127/><D128/><U110/><E110/><N who="0" m="42601" /><D127/><U72/><E72/><V89/><F122/><W133/><G133/><T32/><D32/><N who="1" m="12331" /><E30/><V112/><F112/><W60/><G60/><T38/><D38/><U83/><E100/><V132/><F132/><W10/><G10/><T107/><D107/><U66/><E66/><V62/><F89/><W113/><G113/><T29/><D29/><U1/><E1/><V91/><F91/><W16/><G16/><T130/><D130/><U17/><E39/><V131/><F131/><W85/><G85/><AGARI ba="0,0" hai="76,77,79,84,85,93,96,99,102,103,106" m="42601" machi="85" ten="30,7700,0" yaku="34,2,52,2" doraHai="94" who="0" fromWho="3" sc="281,77,240,0,351,0,128,-77" owari="358,46.0,240,-16.0,351,15.0,51,-45.0" /></mjloggm>