<mjloggm ver="2.3"><GO type="41" lobby="0"/><UN n0="%62%62%62%62%62%62" n1="%E3%83%9D%E3%83%B3%E3%82%B3%E3%83%84" n2="%47%65%72%62%65%72%61" n3="%E2%93%9D%53%75%70%68%78" dan="14,14,15,16" rate="1932.20,1875.80,1986.15,2092.35" sx="M,M,M,M"/><TAIKYOKU oya="0"/><INIT seed="0,0,0,0,1,86" ten="250,250,250,250" oya="0" hai0="62,61,28,67,69,84,92,101,2,97,48,133,43" hai1="87,75,10,105,24,11,37,104,57,38,29,115,134" hai2="82,106,112,20,118,7,77,59,45,132,80,0,125" hai3="122,135,119,17,103,1,30,72,54,66,128,15,76"/><T100/><D2/><U13/><E57/><V52/><F112/><W3/><G119/><T98/><D133/><U131/><E24/><V64/><F118/><W46/><G128/><T32/><D62/><U55/><E87/><V65/><F106/><W21/><G122/><T19/><D84/><U95/><E13/><V73/><F125/><W4/><G66/><T89/><D48/><U39/><E75/><V56/><F82/><W63/><G103/><T58/><D43/><U78/><E95/><V71/><F59/><W41/><G30/><T70/><D19/><U9/><E131/><V35/><F35/><W113/><G113/><T27/><REACH who="0" step="1"/><D100/><REACH who="0" ten="240,250,250,250" step="2"/><U53/><E134/><V26/><F0/><W127/><G3/><T49/><D49/><U123/><E115/><V25/><F132/><W16/><G17/><T8/><D8/><U90/><E123/><V120/><F120/><W47/><G135/><T79/><D79/><U68/><E29/><V107/><F77/><W51/><G76/><T117/><D117/><U124/><E124/><V96/><F73/><W18/><G72/><T108/><D108/><U109/><E109/><V36/><F7/><W5/><G127/><T22/><D22/><U126/><E126/><V110/><F20/><W33/><G5/><T114/><D114/><U31/><E38/><V88/><F36/><N who="3" m="21799" /><G18/><T44/><D44/><U94/><E39/><V130/><F45/><W40/><G4/><T85/><D85/><U99/><E37/><V34/><F110/><W23/><G1/><T93/><AGARI ba="0,1" hai="27,28,32,58,61,67,69,70,89,92,93,97,98,101" machi="93" ten="20,7800,0" yaku="1,1,0,1,7,1,52,1,53,0" doraHai="86" doraHaiUra="74" who="0" fromWho="0" sc="240,88,250,-26,250,-26,250,-26" /><INIT seed="0,1,0,0,5,71" ten="328,224,224,224" oya="0" hai0="0,116,36,121,3,21,26,5,133,72,107,96,49" hai1="120,128,124,23,94,66,92,95,81,93,64,118,44" hai2="78,112,55,130,115,63,108,41,119,85,127,75,114" hai3="53,105,67,2,106,122,35,18,51,70,89,9,27"/><T111/><D49/><U52/><E120/><V83/><F41/><W50/><G122/><T20/><D121/><U17/><E118/><V100/><F63/><W87/><G70/><T46/><D72/><U10/><E128/><V68/><F55/><W59/><G67/><T6/><D116/><U28/><E124/><V126/><F68/><W132/><G132/><T34/><D107/><U117/><E81/><N who="2" m="45279" /><F119/><W129/><G129/><T79/><D79/><U131/><E117/><V69/><F69/><W88/><G89/><T43/><D96/><U84/><E131/><V31/><F31/><W7/><G51/><T80/><D80/><U102/><E102/><V48/><F48/><W74/><G74/><T29/><D133/><U22/><E84/><V30/><F30/><W91/><G91/><T109/><D5/><U45/><E10/><V113/><F130/><W90/><G90/><T37/><D6/><U13/><E28/><V86/><F114/><W47/><G59/><T24/><D34/><U33/><E33/><V54/><F54/><W110/><G35/><T103/><D103/><U76/><E76/><N who="2" m="46311" /><F108/><N who="0" m="41546" /><D37/><U4/><E4/><V60/><F60/><W19/><G110/><T11/><D11/><N who="1" m="6335" /><E52/><V32/><F32/><W40/><G53/><T16/><AGARI ba="1,0" hai="0,3,16,20,21,24,26,29,36,43,46" m="41546" machi="16" ten="30,11700,0" yaku="14,1,10,1,52,1,54,1" doraHai="71" who="0" fromWho="0" sc="328,120,224,-40,224,-40,224,-40" /><INIT seed="0,2,0,5,1,60" ten="448,184,184,184" oya="0" hai0="46,50,48,74,89,16,4,131,116,96,32,40,118" hai1="87,72,104,66,71,94,101,1,18,126,39,73,129" hai2="80,11,7,43,84,51,119,49,130,134,42,99,111" hai3="125,102,24,88,70,41,120,52,82,83,123,34,79"/><T47/><D74/><U100/><E18/><V86/><F111/><W68/><G41/><T109/><D32/><U3/><E39/><V81/><F130/><W57/><G102/><T62/><D131/><U5/><E129/><V17/><F134/><W19/><G125/><T25/><D4/><U121/><E121/><N who="3" m="46666" /><G88/><T59/><D109/><U55/><E126/><V0/><F17/><W95/><G95/><T30/><D116/><U28/><E104/><V91/><F99/><W103/><G103/><T9/><D118/><U13/><E28/><V122/><F119/><W77/><G83/><T108/><D108/><U127/><E127/><V114/><F114/><W29/><G19/><T64/><D9/><U75/><E94/><V132/><F132/><W6/><G6/><T44/><D48/><U92/><E55/><V117/><F117/><W31/><G31/><T38/><D30/><U8/><E87/><V14/><F122/><W78/><G82/><T63/><D38/><U65/><E100/><V27/><F43/><W53/><G53/><T15/><D15/><U12/><E71/><V107/><F42/><W36/><G36/><T69/><D69/><U93/><E92/><V54/><F107/><W115/><G115/><T56/><D40/><U124/><E124/><V58/><F27/><W85/><G85/><T45/><D96/><N who="1" m="59535" /><E1/><V23/><F84/><W135/><G135/><T21/><D89/><U33/><E33/><V22/><F81/><W133/><G133/><T128/><D128/><U112/><E112/><V67/><F0/><W106/><G106/><T2/><D2/><RYUUKYOKU ba="2,0" sc="448,-15,184,15,184,-15,184,15" hai1="3,5,8,12,13,65,66,72,73,75" hai3="24,29,34,52,57,68,70,77,78,79" /><INIT seed="1,3,0,0,4,24" ten="433,199,169,199" oya="1" hai0="75,36,8,26,18,112,63,71,114,116,113,39,21" hai1="23,65,2,131,103,38,132,19,99,130,115,108,107" hai2="7,122,25,6,45,104,30,48,29,47,111,93,46" hai3="121,17,14,72,50,12,16,118,4,32,10,59,79"/><U73/><E65/><V105/><F122/><W9/><G121/><T92/><D75/><U57/><E57/><V81/><F48/><W134/><G134/><T11/><D116/><U74/><E2/><V120/><F120/><W127/><G127/><T91/><D71/><U97/><E38/><V62/><F93/><W15/><G118/><T34/><D63/><U123/><E123/><V58/><F81/><W13/><G32/><T83/><D83/><U69/><E69/><V60/><F111/><W98/><G72/><T64/><D64/><U22/><E108/><V109/><F109/><W42/><G79/><T110/><D110/><U40/><E115/><V78/><F78/><W96/><G42/><T3/><D3/><U95/><E40/><V44/><F44/><W61/><G50/><T84/><D34/><U41/><E41/><V43/><F43/><W117/><G117/><T77/><D77/><U102/><E132/><V106/><F25/><W119/><G119/><T133/><REACH who="0" step="1"/><D133/><REACH who="0" ten="423,199,169,199" step="2"/><U1/><E1/><V87/><F60/><W129/><G129/><N who="1" m="49162" /><E22/><V125/><F125/><W101/><G10/><AGARI ba="3,1" hai="8,10,11,18,21,26,36,39,84,91,92,112,113,114" machi="10" ten="40,2600,0" yaku="1,1,53,1" doraHai="24" doraHaiUra="82" who="0" fromWho="3" sc="423,45,199,0,169,0,199,-35" /><INIT seed="2,0,0,0,5,132" ten="468,199,169,164" oya="2" hai0="114,47,83,5,18,105,124,30,108,111,6,92,39" hai1="110,14,82,7,90,4,32,121,118,11,69,77,135" hai2="70,117,37,74,58,106,109,9,122,0,17,115,26" hai3="48,53,93,75,112,22,38,49,34,12,120,56,129"/><V113/><RYUUKYOKU type="yao9" ba="0,0" sc="468,0,199,0,169,0,164,0" hai2="0,9,17,26,37,58,70,74,106,109,113,115,117,122" /><INIT seed="2,1,0,3,2,57" ten="468,199,169,164" oya="2" hai0="63,123,1,111,124,56,78,48,117,69,68,4,26" hai1="100,40,55,32,98,46,96,39,135,62,116,67,42" hai2="43,9,105,70,64,106,33,16,41,11,20,110,113" hai3="44,73,10,114,99,95,15,6,128,97,115,36,60"/><V79/><F113/><N who="3" m="43019" /><G73/><T3/><D78/><U7/><E116/><V126/><F33/><W53/><G128/><T129/><D129/><U59/><E32/><V77/><F126/><W58/><G95/><T52/><D26/><U131/><E7/><V91/><F110/><W122/><G122/><T75/><D75/><U87/><E131/><V30/><F30/><W112/><N who="3" m="43027" /><W49/><DORA hai="133" /><G36/><T76/><D76/><N who="2" m="29258" /><F70/><W37/><G37/><T104/><D124/><U29/><E87/><V108/><F64/><AGARI ba="1,0" hai="6,10,15,44,49,53,58,60,64,97,99" m="43027" machi="64" ten="40,2600,0" yaku="11,1,52,1" doraHai="57,133" who="3" fromWho="2" sc="468,0,199,0,169,-29,164,29" /><INIT seed="3,0,0,4,4,87" ten="468,199,140,193" oya="3" hai0="101,70,10,77,81,94,116,95,38,61,60,7,62" hai1="79,74,107,49,129,127,123,19,114,76,27,133,85" hai2="89,9,39,24,20,66,54,119,72,65,25,30,134" hai3="82,96,53,41,16,91,34,99,15,5,23,1,108"/><W71/><G71/><T17/><D116/><U78/><E27/><V48/><F119/><W52/><G34/><T131/><D17/><U55/><E19/><V121/><F134/><W130/><G130/><T110/><D131/><U4/><E129/><V120/><F39/><W26/><G1/><T115/><D110/><U56/><E123/><V37/><F37/><W97/><G41/><T57/><D70/><U104/><E133/><V122/><F72/><W8/><G108/><T132/><D57/><U125/><E4/><V42/><F42/><W32/><G32/><T2/><D101/><U100/><E114/><V111/><F111/><W45/><G45/><T28/><D132/><U84/><E74/><V13/><F25/><W12/><G26/><T106/><D106/><U51/><E55/><N who="3" m="21066" /><G82/><T21/><D115/><U112/><E56/><V11/><F89/><AGARI ba="0,0" hai="5,8,12,15,16,23,89,91,96,97,99" m="21066" machi="89" ten="30,12000,1" yaku="8,1,52,2,54,2" doraHai="87" who="3" fromWho="2" sc="468,0,199,0,140,-120,193,120" /><INIT seed="3,1,0,4,2,73" ten="468,199,20,313" oya="3" hai0="107,8,95,37,60,22,29,43,123,121,100,45,66" hai1="27,49,118,122,42,39,97,55,54,19,82,51,30" hai2="4,34,0,2,26,112,72,96,130,5,35,75,114" hai3="17,57,81,58,70,33,124,115,79,18,110,41,125"/><W24/><G115/><T99/><D8/><U135/><E122/><V116/><F96/><W106/><G70/><T67/><D67/><U104/><E39/><V59/><F59/><N who="3" m="22539" /><G106/><T13/><D95/><U113/><E118/><V89/><F89/><W15/><G41/><T92/><D13/><U25/><E135/><V36/><F36/><W46/><G46/><T65/><D65/><U109/><E113/><V119/><REACH who="2" step="1"/><F26/><REACH who="2" ten="468,199,10,313" step="2"/><W28/><G110/><T61/><D107/><U10/><E97/><V52/><F52/><W14/><G14/><T129/><D61/><U77/><E104/><V31/><F31/><W16/><G15/><T38/><D38/><U84/><E30/><V80/><F80/><W131/><G131/><AGARI ba="1,1" hai="0,2,4,5,34,35,72,75,112,114,116,119,130,131" machi="131" ten="25,3200,0" yaku="1,1,22,2,53,0" doraHai="73" doraHaiUra="53" who="2" fromWho="3" sc="468,0,199,0,10,45,313,-35" /><INIT seed="4,0,0,4,1,98" ten="468,199,55,278" oya="0" hai0="107,37,82,36,62,66,100,21,54,51,57,92,58" hai1="69,48,123,111,7,47,96,75,9,39,11,34,2" hai2="27,122,1,53,77,52,42,67,6,73,102,134,120" hai3="12,19,45,38,124,81,76,17,46,23,78,26,87"/><T135/><D107/><U106/><E123/><V3/><F134/><W113/><G113/><T59/><D135/><U131/><E48/><V115/><F115/><W86/><G124/><T35/><D35/><U44/><E131/><V109/><F67/><W65/><G38/><T4/><D4/><U101/><E111/><V43/><F6/><W89/><G65/><T130/><D82/><U71/><E9/><V60/><F27/><W33/><G33/><T50/><D130/><U31/><E75/><V74/><F60/><W49/><G87/><T90/><D100/><U15/><E15/><V72/><F72/><W14/><G46/><T99/><D21/><U24/><REACH who="1" step="1"/><E47/><REACH who="1" ten="468,189,55,278" step="2"/><V88/><F109/><W20/><REACH who="3" step="1"/><G26/><REACH who="3" ten="468,189,55,268" step="2"/><T18/><D36/><U110/><E110/><V41/><F122/><W25/><G25/><T22/><D37/><U127/><E127/><V103/><F120/><W91/><G91/><T112/><D112/><U80/><E80/><V84/><F88/><W32/><G32/><T105/><D90/><U40/><AGARI ba="0,2" hai="2,7,11,24,31,34,39,40,44,69,71,96,101,106" machi="40" ten="30,12000,2" yaku="1,1,0,1,33,3,52,1,53,0" doraHai="98" doraHaiUra="114" who="1" fromWho="1" sc="468,-60,189,140,55,-30,268,-30" /><INIT seed="5,0,0,0,5,41" ten="408,329,25,238" oya="1" hai0="75,3,120,127,26,38,100,59,45,21,15,27,76" hai1="23,111,118,60,80,37,133,91,51,101,88,67,55" hai2="12,132,81,10,63,61,112,65,128,18,40,57,97" hai3="126,90,64,47,95,11,17,99,2,93,9,114,5"/><U19/><E118/><V6/><F128/><W105/><G114/><T43/><D100/><U115/><E111/><V135/><F112/><W0/><G105/><T48/><D3/><U107/><E133/><N who="2" m="51275" /><F40/><W110/><G126/><T16/><D127/><U78/><E37/><V46/><F46/><W104/><G104/><T13/><D120/><U98/><E115/><V49/><F49/><W109/><G64/><T73/><D76/><U119/><E119/><V131/><F131/><W74/><G74/><T102/><D102/><U39/><E39/><V77/><F63/><W124/><G124/><T4/><D38/><U86/><E60/><V52/><F97/><W123/><G123/><T14/><D59/><U103/><E67/><V71/><F71/><W94/><G110/><T31/><REACH who="0" step="1"/><D4/><REACH who="0" ten="398,329,25,238" step="2"/><U33/><E103/><V92/><F6/><W122/><G122/><T66/><D66/><U108/><E108/><V129/><F65/><W7/><G109/><T134/><D134/><U25/><E33/><AGARI ba="0,1" hai="13,14,15,16,21,26,27,31,33,43,45,48,73,75" machi="33" ten="40,8000,1" yaku="1,1,52,1,54,1,53,1" doraHai="41" doraHaiUra="24" who="0" fromWho="1" sc="398,90,329,-80,25,0,238,0" /><INIT seed="6,0,0,1,3,107" ten="488,249,25,238" oya="2" hai0="68,102,1,26,39,67,10,103,81,37,61,57,46" hai1="24,78,13,25,119,106,104,8,41,52,74,100,42" hai2="12,130,131,53,85,60,33,28,6,47,40,121,15" hai3="112,3,58,72,115,43,73,113,5,7,36,71,80"/><V22/><F121/><W63/><G80/><T120/><D120/><U99/><E119/><V87/><F33/><W30/><G30/><T129/><D129/><N who="2" m="49162" /><F53/><N who="3" m="34255" /><G71/><T96/><D102/><U93/><E25/><N who="2" m="16439" /><F60/><W14/><G14/><N who="2" m="5161" /><F6/><N who="3" m="2059" /><G3/><T116/><D116/><U27/><E41/><V44/><F44/><AGARI ba="0,0" hai="36,43,44,72,73,112,113,115" m="2059,34255" machi="44" ten="40,8000,1" yaku="15,1,11,1,52,2" doraHai="107" who="3" fromWho="2" sc="488,0,249,0,25,-80,238,80" owari="488,59.0,249,-15.0,-55,-56.0,318,12.0" /></mjloggm>