<mjloggm ver="2.3"><GO type="41" lobby="0"/><UN n0="%E3%82%B2%E3%83%A9%EF%BC%9D%E3%83%8F" n1="%E3%82%81%E3%81%88%E3%81%93" n2="%6D%61%65%62%69%6E" n3="%E2%93%9D%53%75%70%68%78" dan="13,13,14,17" rate="1882.12,1894.13,1911.07,2044.90" sx="M,F,M,M"/><TAIKYOKU oya="0"/><INIT seed="0,0,0,1,2,1" ten="250,250,250,250" oya="0" hai0="11,115,114,2,82,85,107,67,12,35,110,46,83" hai1="120,130,63,7,117,59,86,8,125,10,56,44,79" hai2="113,76,52,23,78,26,18,27,48,37,124,97,118" hai3="57,100,123,51,116,43,29,112,77,39,92,72,135"/><T129/><D107/><U89/><E117/><V71/><F37/><W104/><G135/><T74/><D35/><U94/><E120/><V101/><F71/><W91/><G112/><T30/><D30/><U16/><E130/><V24/><F113/><W50/><G116/><T42/><D67/><U53/><E125/><V93/><F124/><W62/><G100/><T22/><D129/><U126/><E126/><V5/><F5/><W60/><G77/><N who="2" m="29801" /><F118/><W81/><G81/><T102/><D102/><U21/><E79/><V32/><F32/><W80/><G80/><N who="0" m="30763" /><D74/><U75/><E75/><V28/><F28/><W40/><G29/><T58/><D115/><U109/><E109/><V70/><F70/><W119/><G104/><T121/><D121/><U88/><E10/><V64/><F64/><W68/><G119/><T87/><D110/><U131/><E131/><V73/><F73/><W90/><G68/><T47/><D2/><U108/><E108/><V54/><F54/><W111/><G111/><T105/><D105/><U95/><E56/><AGARI ba="0,0" hai="18,23,24,26,27,48,52,56,93,97,101" m="29801" machi="56" ten="30,2000,0" yaku="8,1,54,1" doraHai="1" who="2" fromWho="1" sc="250,0,250,-20,250,20,250,0" /><INIT seed="1,0,0,3,3,118" ten="250,230,270,250" oya="1" hai0="55,16,42,107,111,33,15,100,11,89,57,101,29" hai1="92,84,58,72,78,129,106,96,75,103,120,99,79" hai2="48,56,63,125,12,35,91,83,116,67,8,133,59" hai3="69,74,126,122,40,34,1,87,73,28,4,38,32"/><U71/><E71/><V135/><F35/><W19/><G87/><T86/><D111/><U102/><E58/><V50/><F116/><W88/><G19/><T51/><D107/><U124/><E124/><V97/><F125/><W41/><G126/><T121/><D121/><U23/><E23/><V66/><F83/><W130/><G88/><T85/><D86/><U44/><E44/><V0/><F0/><W105/><G130/><T132/><D132/><N who="2" m="50762" /><F91/><W80/><G80/><T17/><D29/><U134/><E134/><V13/><F97/><W18/><G28/><T64/><D33/><U3/><E3/><V7/><F12/><W109/><G1/><T5/><D42/><U123/><E129/><V52/><F67/><W14/><G14/><T21/><D64/><U47/><E47/><V45/><F50/><W53/><G34/><T113/><D113/><U117/><E117/><V24/><F24/><W115/><G115/><T81/><REACH who="0" step="1"/><D17/><REACH who="0" ten="240,230,270,250" step="2"/><U9/><E9/><V95/><F95/><W112/><G112/><T37/><D37/><U46/><E46/><AGARI ba="0,1" hai="7,8,13,45,46,48,52,56,59,63,66" m="50762" machi="46" ten="30,2000,0" yaku="20,1,54,1" doraHai="118" who="2" fromWho="1" sc="240,0,230,-20,270,30,250,0" /><INIT seed="2,0,0,2,0,51" ten="240,210,300,250" oya="2" hai0="17,13,115,129,126,92,45,36,23,42,82,61,104" hai1="65,31,111,35,81,107,72,132,0,3,54,133,97" hai2="49,110,124,74,114,5,125,26,25,117,40,62,116" hai3="56,131,91,109,48,20,113,52,38,29,7,30,75"/><V64/><F74/><W83/><G38/><T19/><D104/><U21/><E21/><V127/><F5/><W41/><G109/><T130/><D115/><U73/><E111/><V57/><F114/><W86/><G113/><T106/><D106/><U87/><E65/><V88/><F110/><W76/><G131/><N who="0" m="50187" /><D126/><U70/><E70/><V59/><F88/><W90/><G41/><T119/><D82/><U60/><E73/><V85/><F85/><W135/><G135/><T78/><D78/><U27/><E72/><V44/><REACH who="2" step="1"/><F57/><REACH who="2" ten="240,210,290,250" step="2"/><W80/><G7/><T43/><D119/><AGARI ba="0,1" hai="25,26,40,44,49,59,62,64,116,117,119,124,125,127" machi="119" ten="50,9600,0" yaku="1,1,2,1,18,1,53,0" doraHai="51" doraHaiUra="14" who="2" fromWho="0" sc="240,-96,210,0,290,106,250,0" /><INIT seed="2,1,0,3,1,11" ten="144,210,396,250" oya="2" hai0="133,13,86,40,134,31,76,107,114,94,128,38,4" hai1="104,65,50,109,102,45,32,21,15,29,130,34,124" hai2="115,26,129,51,22,71,116,81,27,120,121,30,61" hai3="85,60,100,10,91,112,41,1,96,89,97,69,57"/><V83/><F116/><W33/><G33/><T117/><D107/><U5/><E109/><V113/><F51/><W79/><G69/><T108/><D114/><U78/><E130/><V110/><F71/><W8/><G112/><T62/><D128/><U92/><E104/><V103/><F129/><W19/><G41/><T98/><D117/><U52/><E124/><V95/><F110/><W135/><G135/><N who="0" m="51723" /><D31/><U64/><E78/><V46/><F46/><W70/><G70/><T6/><D62/><U37/><E37/><V24/><F115/><W125/><G1/><T0/><D0/><U122/><E122/><V132/><F113/><W49/><G49/><T43/><D38/><U111/><E111/><V25/><F132/><W126/><G60/><T101/><D4/><U16/><E5/><V80/><F121/><W74/><G126/><T2/><D2/><U59/><E45/><V28/><F120/><W84/><G125/><T56/><D56/><U72/><E72/><V44/><F44/><W87/><G57/><T35/><D35/><U18/><E18/><N who="2" m="12375" /><F61/><W82/><G19/><T20/><D108/><U131/><E131/><V9/><F9/><W54/><G10/><N who="0" m="4311" /><D20/><U73/><E73/><V75/><F75/><W93/><G8/><T36/><D36/><U77/><E32/><V42/><F42/><W119/><G119/><T55/><D55/><U12/><E34/><V53/><F53/><W118/><G54/><T127/><D127/><U3/><E3/><V39/><F39/><W66/><G118/><T14/><D14/><U17/><E50/><V99/><AGARI ba="1,0" hai="25,26,27,28,30,80,81,83,95,99,103" m="12375" machi="99" ten="40,3900,0" yaku="5,1,8,1" doraHai="11" who="2" fromWho="2" sc="144,-14,210,-14,396,42,250,-14" /><INIT seed="2,2,0,0,3,57" ten="130,196,438,236" oya="2" hai0="2,12,53,33,97,89,83,124,22,49,9,115,48" hai1="3,76,28,67,128,47,121,43,42,52,10,130,135" hai2="17,129,38,126,29,62,102,55,7,96,92,104,81" hai3="0,80,61,133,56,91,90,23,127,110,54,100,98"/><V113/><F113/><W79/><G0/><T70/><D115/><U40/><E76/><V86/><F38/><W1/><G1/><T93/><D70/><U65/><E28/><V99/><F7/><W103/><G110/><T112/><D33/><U18/><E3/><V44/><F29/><W20/><G133/><T26/><D2/><U73/><E73/><V8/><F126/><W72/><G103/><T122/><D124/><U58/><E18/><V50/><F129/><N who="1" m="49769" /><E10/><V71/><F99/><W101/><G101/><T77/><D122/><U19/><E19/><V15/><F104/><W116/><G116/><T27/><D112/><U88/><E88/><N who="2" m="51279" /><F71/><W51/><G127/><T63/><D27/><U82/><E82/><V69/><F69/><W24/><G23/><T46/><D83/><U132/><E47/><V105/><F105/><W78/><G78/><T94/><D77/><U5/><E5/><V87/><F87/><W31/><REACH who="3" step="1"/><G51/><REACH who="3" ten="130,196,438,226" step="2"/><N who="0" m="28919" /><D63/><AGARI ba="2,1" hai="8,15,17,44,50,55,62,63,92,96,102" m="51279" machi="63" ten="30,12000,1" yaku="25,1,8,1,52,2,54,1" doraHai="57" who="2" fromWho="0" sc="130,-126,196,0,438,136,226,0" /><INIT seed="2,3,0,3,2,47" ten="4,196,574,226" oya="2" hai0="54,44,53,134,105,13,30,108,58,62,96,84,16" hai1="61,101,131,36,78,64,14,133,42,128,5,122,115" hai2="123,28,52,31,92,21,37,25,102,98,107,97,99" hai3="74,29,75,3,46,20,111,27,104,26,39,48,121"/><V86/><F123/><W93/><G104/><T56/><D108/><U7/><E115/><V67/><F37/><W109/><G39/><T90/><D134/><U125/><E133/><V94/><F67/><W85/><G3/><T9/><D105/><U19/><E122/><V135/><F135/><W112/><G121/><T51/><D30/><U15/><E125/><V72/><F72/><W127/><G127/><T66/><D96/><U83/><E101/><V32/><F32/><W126/><G126/><T2/><D2/><U71/><E42/><V17/><F107/><W41/><G112/><T110/><D110/><N who="3" m="41993" /><G27/><T89/><D84/><U129/><E36/><V77/><F31/><W6/><G6/><N who="1" m="2058" /><E19/><V120/><F28/><W87/><G87/><AGARI ba="3,0" hai="14,15,61,64,71,78,83,87,128,129,131" m="2058" machi="87" ten="30,1000,0" yaku="19,1" doraHai="47" who="1" fromWho="3" sc="4,0,196,19,574,0,226,-19" /><INIT seed="3,0,0,4,0,90" ten="4,215,574,207" oya="3" hai0="60,116,134,82,45,54,129,94,67,101,37,99,55" hai1="23,38,65,43,16,20,80,18,30,63,77,113,109" hai2="39,108,127,87,6,34,13,128,11,81,97,76,117" hai3="121,73,66,48,100,0,120,102,96,27,135,75,104"/><W59/><G0/><T31/><D116/><U51/><E113/><V112/><F108/><W56/><G27/><T3/><D3/><U42/><E109/><V57/><F112/><W4/><G4/><T89/><D31/><U58/><E38/><V28/><F39/><W64/><G48/><T115/><D115/><U35/><E35/><V107/><F117/><W5/><G5/><T132/><D129/><U26/><E51/><V95/><F128/><W46/><G96/><T98/><D37/><U44/><E44/><V79/><F127/><W126/><G46/><T131/><D131/><U33/><E33/><V118/><F107/><W106/><REACH who="3" step="1"/><G135/><REACH who="3" ten="4,215,574,197" step="2"/><N who="0" m="51755" /><D45/><U83/><E30/><V133/><F133/><W111/><G111/><T92/><D82/><N who="1" m="31275" /><E77/><V78/><F118/><W49/><G49/><T74/><D74/><U24/><AGARI ba="0,1" hai="16,18,20,23,24,26,42,43,58,63,65" m="31275" machi="24" ten="30,2000,0" yaku="8,1,54,1" doraHai="90" who="1" fromWho="1" sc="4,-5,215,30,574,-5,197,-10" owari="-1,-50.0,245,5.0,569,66.0,187,-21.0" /></mjloggm>