<mjloggm ver="2.3"><GO type="41" lobby="0"/><UN n0="%35%31%32%6D%69%79%75%75" n1="%E2%93%9D%53%75%70%68%78" n2="%E3%81%B5%E3%81%98%E3%81%93%EF%BC%BE%32" n3="%4E%4F%57%48%45%52%45" dan="14,18,13,16" rate="1869.57,2129.04,1886.36,2000.54" sx="M,M,F,F"/><TAIKYOKU oya="0"/><INIT seed="0,0,0,0,0,3" ten="250,250,250,250" oya="0" hai0="117,14,129,46,47,2,84,42,85,38,88,80,17" hai1="91,130,73,76,35,26,125,16,128,134,61,23,64" hai2="15,29,24,4,96,89,19,69,102,118,83,7,39" hai3="21,50,58,53,86,34,112,77,49,105,131,78,44"/><T41/><D117/><U40/><E125/><V120/><F118/><W57/><G112/><T28/><D129/><N who="1" m="49771" /><E40/><V119/><F119/><W60/><G34/><T72/><D28/><U52/><E134/><V37/><F69/><W124/><G105/><T75/><D2/><U94/><E76/><V109/><F109/><W123/><G124/><T30/><D30/><U13/><E73/><V48/><F48/><W70/><G70/><T104/><D104/><U0/><E0/><V10/><F120/><W95/><G21/><T11/><REACH who="0" step="1"/><D84/><REACH who="0" ten="240,250,250,250" step="2"/><N who="1" m="52583" /><E35/><V81/><F37/><AGARI ba="0,1" hai="11,14,17,37,38,41,42,46,47,72,75,80,85,88" machi="37" ten="30,11600,0" yaku="1,1,7,1,9,1,54,1,53,0" doraHai="3" doraHaiUra="59" who="0" fromWho="2" sc="240,126,250,0,250,-116,250,0" /><INIT seed="0,1,0,5,3,3" ten="366,250,134,250" oya="0" hai0="21,105,73,101,53,110,29,130,86,135,117,103,76" hai1="64,36,81,4,66,91,79,25,98,37,20,121,14" hai2="10,82,114,80,65,32,54,71,68,51,125,9,22" hai3="108,8,89,18,5,129,97,28,47,83,45,33,70"/><T90/><D117/><U124/><E121/><V102/><F114/><W104/><G108/><T132/><D29/><U52/><E124/><V87/><F32/><W19/><G129/><T1/><D21/><U59/><E37/><V107/><F125/><W23/><G70/><T7/><D130/><U119/><E36/><V41/><F41/><W27/><G19/><T48/><D105/><U115/><E119/><V34/><F34/><W72/><G72/><T131/><D76/><U93/><E115/><V85/><F65/><W2/><G83/><T109/><D73/><U17/><E4/><V77/><F22/><W24/><REACH who="3" step="1"/><G89/><REACH who="3" ten="366,250,134,240" step="2"/><T30/><D131/><U84/><REACH who="1" step="1"/><E25/><REACH who="1" ten="366,240,134,240" step="2"/><V13/><F68/><W120/><G120/><T69/><D69/><U46/><E46/><V78/><F71/><W122/><G122/><T88/><D110/><U26/><E26/><V15/><F102/><AGARI ba="1,2" hai="2,5,8,18,23,24,27,28,33,45,47,97,102,104" machi="102" ten="40,2600,0" yaku="1,1,52,1,53,0" doraHai="3" doraHaiUra="38" who="3" fromWho="2" sc="366,0,240,0,134,-29,240,49" /><INIT seed="1,0,0,2,3,101" ten="366,240,105,289" oya="1" hai0="53,81,110,24,38,116,111,125,1,106,80,20,84" hai1="118,98,61,88,86,40,19,78,72,2,102,60,122" hai2="63,18,30,9,15,69,52,22,121,39,135,54,8" hai3="117,21,76,7,95,37,79,97,96,17,26,0,130"/><U120/><E2/><V6/><F39/><W105/><G130/><T5/><D116/><U10/><E118/><V127/><F121/><W67/><G117/><T57/><D38/><U91/><E40/><V112/><F112/><W113/><G113/><T134/><D5/><U65/><E91/><V92/><F135/><W70/><G37/><T50/><D1/><U71/><E61/><V48/><F30/><W11/><G67/><T100/><D125/><U66/><E66/><V82/><F82/><N who="0" m="31850" /><D84/><U109/><E78/><V103/><F6/><W126/><G70/><T44/><D100/><U131/><E72/><V12/><F127/><W34/><G34/><T75/><D44/><U99/><E131/><V107/><F92/><W104/><G96/><T4/><D4/><U87/><E87/><V59/><F15/><W89/><REACH who="3" step="1"/><G126/><REACH who="3" ten="366,240,105,279" step="2"/><T23/><D134/><U58/><E71/><V14/><F69/><W115/><G115/><T16/><D75/><U29/><E122/><V31/><F31/><W46/><G46/><T47/><D47/><U13/><E29/><V55/><F48/><W43/><G43/><T62/><D50/><U28/><E28/><V33/><F33/><W119/><G119/><T90/><D62/><U83/><E120/><V64/><F64/><W93/><G93/><T77/><D53/><U49/><E49/><V129/><F55/><W74/><G74/><T51/><D51/><U27/><E65/><V85/><F54/><W133/><G133/><T25/><D57/><U114/><E114/><V42/><F129/><W132/><G132/><T45/><D45/><RYUUKYOKU ba="0,1" sc="366,-10,240,-10,105,-10,279,30" hai3="0,7,11,17,21,26,76,79,89,95,97,104,105" /><INIT seed="2,1,1,0,1,38" ten="356,230,95,309" oya="2" hai0="88,54,105,83,18,58,59,29,60,102,127,76,68" hai1="56,12,5,4,64,106,72,25,111,109,49,43,73" hai2="95,129,80,30,110,26,37,113,62,74,65,128,85" hai3="71,7,117,23,47,34,93,24,20,92,15,39,99"/><V69/><F113/><W0/><G117/><T79/><D68/><U97/><E25/><V107/><F95/><W42/><G71/><T120/><D120/><U1/><E12/><V55/><F107/><W53/><G0/><T86/><D127/><U119/><E119/><V81/><F37/><W101/><G34/><T11/><D105/><U94/><E106/><V98/><F98/><W45/><G93/><T121/><D102/><U6/><E1/><V96/><F96/><W78/><G78/><T41/><D29/><U48/><E64/><V131/><F55/><W27/><G7/><T36/><D58/><U57/><E97/><V51/><F51/><W67/><G67/><T123/><D123/><U112/><E94/><V77/><F110/><N who="1" m="41993" /><E112/><V132/><F132/><W89/><G101/><T133/><D133/><U87/><E87/><V118/><F118/><W75/><G75/><N who="1" m="28746" /><E49/><V19/><F74/><W126/><G15/><T33/><D33/><U35/><E35/><N who="2" m="20951" /><F80/><W90/><G39/><T124/><D124/><U16/><E16/><AGARI ba="1,1" hai="16,19,62,65,69,77,81,85,128,129,131" m="20951" machi="16" ten="30,2900,0" yaku="19,1,54,1" doraHai="38" who="2" fromWho="1" sc="356,0,230,-32,95,42,309,0" /><INIT seed="2,2,0,1,0,71" ten="356,198,137,309" oya="2" hai0="56,75,7,6,115,30,66,86,26,74,97,22,2" hai1="42,113,3,39,91,24,130,110,93,31,55,46,119" hai2="90,1,72,128,99,134,120,132,83,129,27,63,62" hai3="53,131,20,111,87,28,112,67,77,81,79,64,49"/><V103/><F1/><W51/><G111/><T13/><D115/><U5/><E113/><V25/><F120/><W89/><G131/><N who="2" m="50249" /><F72/><W123/><G123/><T4/><D2/><U35/><E130/><V59/><F83/><W107/><G107/><T65/><D75/><U100/><E119/><V18/><F90/><W11/><G11/><N who="0" m="4327" /><D74/><U8/><E110/><V12/><F62/><W36/><G112/><T85/><D97/><U70/><E70/><V33/><F33/><W44/><G51/><T10/><D10/><U92/><E100/><V40/><F40/><W45/><G79/><T34/><D34/><U109/><E109/><V58/><F58/><W14/><G77/><T15/><D15/><U50/><REACH who="1" step="1"/><E91/><REACH who="1" ten="356,188,137,309" step="2"/><V68/><F68/><W101/><G101/><T60/><D66/><U84/><E84/><AGARI ba="2,1" hai="6,7,22,26,30,56,60,65,84,85,86" m="4327" machi="84" ten="30,1000,0" yaku="8,1" doraHai="71" who="0" fromWho="1" sc="356,26,188,-16,137,0,309,0" /><INIT seed="3,0,0,5,0,135" ten="382,172,137,309" oya="3" hai0="62,127,40,34,3,103,111,23,86,58,29,112,68" hai1="110,51,45,66,96,115,0,101,44,90,94,14,64" hai2="49,11,59,24,20,71,122,27,107,76,108,72,98" hai3="134,6,80,57,126,102,19,36,26,97,100,124,82"/><W106/><G134/><T7/><D127/><N who="3" m="48681" /><G36/><T5/><D34/><U28/><E110/><V84/><F108/><W105/><G6/><T22/><D23/><U52/><E0/><V78/><F72/><W85/><G57/><T18/><D29/><U42/><E115/><V39/><F71/><W121/><G121/><T35/><D35/><U8/><E101/><N who="3" m="39018" /><G97/><T133/><D68/><U15/><E28/><V88/><F98/><W99/><G99/><T73/><D103/><U10/><E10/><V79/><F11/><W53/><G53/><T91/><D7/><U13/><REACH who="1" step="1"/><E8/><REACH who="1" ten="382,162,137,309" step="2"/><V60/><F122/><W116/><G116/><T75/><D112/><U9/><E9/><V2/><F2/><W109/><G109/><T1/><D5/><U12/><N who="1" m="3584" /><DORA hai="125" /><U25/><E25/><V55/><F107/><N who="3" m="40971" /><G85/><T117/><D3/><U50/><AGARI ba="0,1" hai="42,44,45,50,51,52,64,66,90,94,96" m="3584" machi="50" ten="40,8000,1" yaku="1,1,0,1,8,1,54,1,53,1" doraHai="135,125" doraHaiUra="93,67" who="1" fromWho="1" sc="382,-20,162,90,137,-20,309,-40" /><INIT seed="4,0,0,0,4,9" ten="362,252,117,269" oya="0" hai0="126,7,67,23,110,130,86,20,123,93,60,96,31" hai1="79,45,62,53,1,108,40,36,14,55,4,42,114" hai2="43,104,128,11,12,73,84,41,124,101,131,78,50" hai3="116,18,35,97,24,83,22,68,27,26,66,111,13"/><T33/><D123/><U76/><E1/><V135/><F73/><W0/><G111/><T98/><D126/><U81/><E108/><V71/><F71/><W99/><G116/><T109/><D33/><U118/><E118/><V63/><F124/><W39/><G39/><T48/><D98/><U89/><E114/><V37/><F37/><W69/><G0/><T122/><D122/><U100/><E100/><V133/><F63/><W15/><G83/><T94/><D48/><U121/><E89/><V75/><F75/><W113/><G113/><T54/><D54/><U82/><E121/><V120/><F120/><W125/><G125/><T85/><D7/><U132/><E132/><N who="2" m="50763" /><F104/><W102/><G99/><T127/><D127/><U92/><E62/><V72/><F72/><W30/><G27/><T10/><D10/><U29/><E36/><V119/><F101/><W64/><G69/><T47/><D47/><U16/><E45/><N who="2" m="25903" /><F43/><W77/><G77/><T28/><D60/><U70/><E70/><V21/><F21/><W115/><G115/><T52/><D52/><U74/><E55/><V34/><F34/><W105/><REACH who="3" step="1"/><G68/><REACH who="3" ten="362,252,117,259" step="2"/><T103/><D96/><U80/><E79/><V117/><F117/><W5/><G5/><T59/><D103/><U8/><E76/><V19/><F119/><W32/><G32/><T90/><D90/><U44/><E74/><V2/><F2/><W88/><G88/><T65/><D59/><U49/><E4/><V129/><F131/><AGARI ba="0,1" hai="20,23,28,31,65,67,85,86,93,94,109,110,130,131" machi="131" ten="25,2400,0" yaku="22,2" doraHai="9" who="0" fromWho="2" sc="362,34,252,0,117,-24,259,0" /><INIT seed="4,1,0,3,1,60" ten="396,252,93,259" oya="0" hai0="135,130,35,47,125,40,106,43,28,101,128,76,27" hai1="51,2,45,97,34,61,30,102,72,52,80,116,93" hai2="31,23,121,32,66,71,111,41,58,87,83,15,126" hai3="81,55,11,117,22,70,91,29,108,44,84,54,62"/><T78/><D106/><U110/><E116/><V26/><F121/><W19/><G108/><T25/><D25/><U90/><E2/><V86/><F111/><W89/><G117/><T92/><D101/><U10/><E110/><V36/><F71/><W1/><G29/><T98/><D98/><U123/><E123/><V63/><F126/><W112/><G112/><T17/><D17/><U50/><E34/><V104/><F104/><W131/><G131/><T67/><D92/><U64/><E51/><V107/><F107/><W96/><G96/><T129/><D125/><U53/><E10/><V114/><F114/><W94/><G44/><T65/><D135/><U18/><E30/><V118/><F118/><W14/><G91/><T5/><D5/><U69/><E18/><V99/><F99/><W113/><G94/><T33/><D33/><U122/><E122/><V74/><F74/><W82/><G82/><T37/><D43/><U103/><REACH who="1" step="1"/><E53/><REACH who="1" ten="396,242,93,259" step="2"/><V120/><F120/><W57/><G113/><T39/><D37/><U56/><E56/><V95/><F36/><W127/><G127/><T68/><D68/><U75/><E75/><V79/><F32/><W105/><G70/><T38/><D39/><U77/><AGARI ba="1,1" hai="45,50,52,61,64,69,72,77,80,90,93,97,102,103" machi="77" ten="30,7900,0" yaku="1,1,0,1,52,1,54,1,53,0" doraHai="60" doraHaiUra="12" who="1" fromWho="1" sc="396,-40,242,92,93,-21,259,-21" /><INIT seed="5,0,0,0,4,126" ten="356,334,72,238" oya="1" hai0="6,49,42,66,114,131,51,102,35,56,105,41,54" hai1="127,46,129,9,99,2,110,107,28,119,10,11,7" hai2="72,16,17,59,26,62,67,52,100,25,84,134,86" hai3="113,22,120,85,97,50,34,73,64,60,81,36,121"/><U24/><E119/><V125/><F125/><W53/><G113/><T32/><D114/><U103/><E127/><V112/><F72/><W18/><G34/><T130/><D6/><U122/><E122/><V91/><F100/><W45/><G36/><T104/><D102/><U124/><E124/><V118/><F118/><W12/><G97/><T30/><D66/><U109/><E46/><V78/><F112/><W57/><REACH who="3" step="1"/><G73/><REACH who="3" ten="356,334,72,228" step="2"/><T65/><D35/><N who="1" m="20871" /><E129/><N who="0" m="49161" /><D42/><U69/><E69/><V94/><F134/><W29/><G29/><T93/><D41/><U92/><E107/><V27/><REACH who="2" step="1"/><F67/><REACH who="2" ten="356,334,62,228" step="2"/><W79/><AGARI ba="0,2" hai="12,18,22,45,50,53,57,60,64,79,81,85,120,121" machi="79" ten="20,2700,0" yaku="1,1,0,1,7,1,53,0" doraHai="126" doraHaiUra="133" who="3" fromWho="3" sc="356,-7,334,-13,62,-7,228,47" /><INIT seed="6,0,0,4,0,11" ten="349,321,55,275" oya="2" hai0="135,92,103,54,119,111,128,46,105,70,100,109,5" hai1="45,3,75,59,27,22,86,107,33,64,130,52,124" hai2="7,56,10,117,127,79,6,39,87,8,9,42,122" hai3="16,18,32,36,115,131,97,77,68,116,41,132,34"/><V1/><F117/><W37/><G116/><T26/><D70/><U23/><E75/><V55/><F122/><W24/><G68/><T102/><D119/><U50/><E107/><V101/><F127/><W35/><G77/><T14/><D105/><U110/><E3/><V134/><F134/><W91/><G132/><T88/><D135/><U65/><E110/><V104/><F101/><W30/><G131/><T0/><D0/><U4/><E33/><V13/><F9/><W60/><G60/><T81/><D128/><U106/><E4/><V47/><F104/><W129/><G115/><T2/><D2/><U94/><E23/><V74/><F87/><W126/><G129/><T49/><D26/><U25/><E25/><V133/><F133/><W73/><G73/><T123/><D123/><U58/><E124/><V61/><F79/><W69/><G69/><T95/><D111/><U80/><E94/><V38/><REACH who="2" step="1"/><F74/><REACH who="2" ten="349,321,45,275" step="2"/><W31/><G126/><T67/><D109/><U120/><E130/><V17/><F17/><W108/><G108/><T43/><D103/><U20/><E106/><V114/><F114/><W99/><G91/><T78/><D78/><N who="1" m="46359" /><E120/><V84/><F84/><W72/><G72/><T118/><D102/><U66/><E22/><V51/><AGARI ba="0,1" hai="1,6,7,8,10,13,38,39,42,47,51,55,56,61" machi="51" ten="20,7800,0" yaku="1,1,0,1,7,1,52,1,53,0" doraHai="11" doraHaiUra="89" who="2" fromWho="2" sc="349,-26,321,-26,45,88,275,-26" /><INIT seed="6,1,0,5,0,81" ten="323,295,133,249" oya="2" hai0="124,100,42,1,86,8,130,67,79,17,13,38,101" hai1="64,61,62,19,74,82,104,126,46,56,5,31,32" hai2="135,30,29,105,22,41,3,60,54,2,53,26,27" hai3="11,131,73,48,4,89,45,114,77,83,98,123,107"/><V110/><F105/><W127/><G131/><T90/><D130/><U65/><E104/><V103/><F103/><W37/><G127/><T91/><D124/><U40/><E126/><V57/><F135/><W14/><G114/><T63/><D38/><U69/><E5/><V66/><F41/><W28/><G37/><T122/><D122/><U0/><E0/><V18/><F110/><W7/><G28/><T112/><D42/><U109/><E19/><V43/><F43/><W125/><G125/><T10/><D112/><U70/><E109/><V134/><F134/><W50/><G123/><T88/><D1/><U115/><E56/><V95/><F18/><W85/><G4/><T133/><D8/><U34/><E31/><V51/><F95/><N who="3" m="54703" /><G45/><T55/><D55/><U15/><E15/><V49/><F54/><W128/><G128/><T20/><D10/><U12/><E12/><V96/><F96/><W132/><G132/><T118/><D118/><U6/><E6/><V33/><REACH who="2" step="1"/><F51/><REACH who="2" ten="323,295,123,249" step="2"/><W23/><G50/><T92/><D133/><U111/><E111/><V72/><F72/><W80/><G48/><T36/><D36/><N who="1" m="21767" /><E115/><V76/><F76/><AGARI ba="1,1" hai="32,34,61,62,64,65,69,70,74,76,82" m="21767" machi="76" ten="30,2000,0" yaku="33,2" doraHai="81" who="1" fromWho="2" sc="323,0,295,33,123,-23,249,0" /><INIT seed="7,0,0,0,4,83" ten="323,328,100,249" oya="3" hai0="23,110,25,78,115,125,114,102,10,9,106,124,21" hai1="99,91,2,98,81,92,46,108,101,128,13,127,16" hai2="41,117,126,104,55,120,37,40,94,43,134,42,118" hai3="111,44,133,6,39,80,31,3,36,29,19,26,18"/><W89/><G133/><T63/><D110/><U75/><E2/><V53/><F104/><W52/><G111/><T131/><D78/><U90/><E108/><V88/><N who="2" m="10240" /><DORA hai="17" /><V61/><F134/><W49/><G6/><T59/><D131/><U27/><E127/><N who="0" m="48713" /><D106/><U57/><E46/><V105/><F105/><W66/><G66/><N who="0" m="39295" /><D102/><U51/><E75/><V1/><F1/><W121/><G121/><T4/><D23/><N who="1" m="13799" /><E128/><V50/><F126/><W113/><G113/><N who="0" m="43019" /><D4/><U35/><E35/><V95/><F37/><W58/><G3/><T32/><D32/><U5/><E99/><V135/><F135/><W100/><G100/><T14/><D14/><U77/><E77/><V48/><F120/><W33/><G31/><AGARI ba="0,0" hai="9,10,21,25,31" m="43019,39295,48713" machi="31" ten="30,7700,0" yaku="18,1,15,1,11,1,52,1" doraHai="83,17" who="0" fromWho="3" sc="323,77,328,0,100,0,249,-77" owari="400,50.0,328,13.0,100,-40.0,172,-23.0" /></mjloggm>