<mjloggm ver="2.3"><GO type="41" lobby="0"/><UN n0="%64%61%6E%63" n1="%E6%94%BF%E4%BA%94%E9%83%8E%E4%B8%B8" n2="%6F%6B%61%73%69%34%31" n3="%E2%93%9D%53%75%70%68%78" dan="14,13,15,18" rate="1832.73,1858.44,1987.31,2159.34" sx="M,M,M,M"/><TAIKYOKU oya="0"/><INIT seed="0,0,0,5,2,45" ten="250,250,250,250" oya="0" hai0="15,47,35,106,103,25,46,120,72,121,102,56,129" hai1="12,68,125,26,116,36,110,31,48,21,88,96,64" hai2="127,63,42,93,28,118,18,108,91,55,54,104,17" hai3="5,76,8,11,22,65,107,2,44,90,40,3,13"/><T6/><D72/><U94/><E110/><V126/><F104/><W60/><G107/><T86/><D35/><U131/><E36/><V97/><F108/><W122/><G122/><T74/><D74/><U115/><E125/><N who="2" m="47627" /><F118/><W100/><G100/><T105/><D25/><U51/><E131/><V9/><F42/><W61/><G76/><T4/><D56/><U33/><E115/><V34/><F34/><W66/><G22/><T117/><D15/><U130/><E130/><V79/><F28/><W23/><G90/><T57/><D57/><U70/><E116/><V14/><F79/><W134/><G23/><T78/><D78/><U85/><E96/><V1/><F1/><W24/><G24/><T81/><D86/><U73/><E73/><V123/><F123/><W53/><G3/><T16/><D117/><U20/><E33/><V52/><F18/><W49/><G134/><T67/><D81/><U71/><REACH who="1" step="1"/><E64/><REACH who="1" ten="250,240,250,250" step="2"/><V87/><F97/><W77/><G66/><T111/><D67/><U113/><E113/><V112/><F112/><W19/><G65/><T133/><D111/><U58/><E58/><AGARI ba="0,1" hai="9,14,17,52,54,55,58,63,87,91,93" m="47627" machi="58" ten="30,2000,0" yaku="18,1,54,1" doraHai="45" who="2" fromWho="1" sc="250,0,240,-20,250,30,250,0" /><INIT seed="1,0,0,2,5,13" ten="250,220,280,250" oya="1" hai0="54,37,100,70,29,82,17,126,50,95,88,96,132" hai1="18,24,86,57,21,115,133,51,19,106,65,47,114" hai2="28,49,73,25,124,40,46,31,117,77,60,15,127" hai3="87,69,39,110,130,33,111,56,38,9,52,113,101"/><U27/><E133/><V3/><F3/><W78/><G33/><T108/><D108/><N who="3" m="41513" /><G101/><T118/><D126/><U4/><E106/><V44/><F117/><W135/><G113/><T45/><D132/><U85/><E4/><V93/><F127/><W102/><G102/><T61/><D118/><U26/><E114/><V105/><F105/><W66/><G9/><T64/><D29/><U48/><E115/><V6/><F124/><W131/><G87/><N who="1" m="33290" /><E21/><V0/><F0/><W89/><G89/><T63/><D82/><U14/><E14/><V30/><F73/><W116/><G78/><T67/><D100/><U81/><E81/><V94/><F77/><W20/><G20/><T109/><D109/><U35/><E35/><V112/><F112/><W53/><G69/><T72/><D72/><U2/><E2/><V68/><F68/><W58/><G66/><T1/><D1/><U7/><E7/><V128/><F128/><N who="3" m="49195" /><G135/><T107/><D67/><U74/><E74/><V120/><F120/><W43/><G43/><T99/><D64/><U122/><E122/><V76/><F76/><W80/><G80/><T16/><D70/><U36/><E36/><N who="3" m="13866" /><G116/><T11/><D11/><U71/><E71/><V125/><F125/><W84/><G84/><T91/><D107/><U98/><E98/><V75/><F75/><W129/><G129/><T12/><D99/><U97/><E97/><V23/><F23/><W92/><G92/><T55/><D96/><U119/><E65/><V8/><F94/><W90/><G90/><T134/><D95/><U103/><E103/><V79/><F93/><RYUUKYOKU ba="0,0" sc="250,-10,220,-10,280,-10,250,30" hai3="52,53,56,58" /><INIT seed="2,1,0,2,3,132" ten="240,210,270,280" oya="2" hai0="130,114,32,87,36,79,45,91,63,89,6,61,92" hai1="62,113,38,112,18,111,122,54,49,110,57,51,77" hai2="75,86,121,131,90,103,15,115,100,14,25,123,83" hai3="109,76,68,133,108,23,27,40,19,126,96,116,33"/><V41/><F115/><N who="1" m="44105" /><E18/><V53/><F131/><W64/><G116/><T0/><D32/><U34/><E34/><V105/><F41/><W2/><G76/><T16/><D114/><U94/><E38/><V13/><F123/><W56/><G2/><T20/><D79/><U26/><E26/><V78/><F121/><W28/><G68/><T99/><D130/><U104/><E94/><V72/><F72/><W102/><G133/><T47/><D6/><U22/><E22/><V3/><F3/><W71/><G40/><T21/><D21/><U50/><E104/><V31/><F53/><W12/><G56/><T124/><D0/><U69/><E69/><V120/><F120/><W37/><G37/><T127/><D47/><N who="1" m="27967" /><E77/><V97/><F103/><W70/><G70/><T42/><D63/><U93/><E93/><N who="2" m="54487" /><F14/><W43/><G43/><T17/><D61/><U129/><E129/><V44/><F44/><W118/><G12/><T7/><D7/><U1/><E1/><V24/><F24/><W98/><G27/><T80/><REACH who="0" step="1"/><D20/><AGARI ba="1,0" hai="13,15,20,25,31,75,78,83,97,100,105" m="54487" machi="20" ten="30,1500,0" yaku="24,1" doraHai="132" who="2" fromWho="0" sc="240,-18,210,0,270,18,280,0" /><INIT seed="2,2,0,5,5,33" ten="222,210,288,280" oya="2" hai0="58,97,38,121,89,37,62,75,79,35,72,0,99" hai1="64,27,87,94,47,31,52,45,120,135,114,39,32" hai2="116,119,111,13,90,132,59,11,71,95,96,6,129" hai3="8,22,21,57,113,17,68,126,106,40,24,78,15"/><V28/><F71/><W20/><G68/><T69/><D69/><U98/><E135/><V74/><F74/><W63/><G106/><T122/><D35/><U82/><E120/><N who="0" m="46185" /><D58/><U92/><E114/><V25/><F132/><W44/><G126/><T110/><D62/><U10/><E64/><V3/><F129/><W105/><G105/><T85/><D79/><U49/><E98/><N who="0" m="37385" /><D85/><U100/><E100/><V51/><F111/><W134/><G113/><T12/><D12/><U34/><E32/><V42/><F13/><W123/><G78/><T131/><D89/><U43/><REACH who="1" step="1"/><E10/><REACH who="1" ten="222,200,288,280" step="2"/><V65/><F65/><W60/><G134/><T88/><D131/><U67/><E67/><V14/><F119/><W18/><G123/><T26/><D110/><U70/><E70/><V117/><F117/><W103/><G103/><T76/><D76/><AGARI ba="2,1" hai="27,31,34,39,43,45,47,49,52,76,82,87,92,94" machi="76" ten="30,8000,1" yaku="1,1,7,1,54,1,53,2" doraHai="33" doraHaiUra="41" who="1" fromWho="0" sc="222,-86,200,96,288,0,280,0" /><INIT seed="3,0,0,3,1,48" ten="136,296,288,280" oya="3" hai0="87,116,52,94,42,15,36,132,30,91,135,72,27" hai1="31,19,119,39,92,65,7,8,23,0,32,134,133" hai2="67,110,71,75,90,86,53,40,29,43,62,81,83" hai3="93,56,47,126,45,98,80,66,49,106,58,63,21"/><W54/><G106/><T11/><D116/><U108/><E39/><V101/><F110/><W28/><G126/><T85/><D72/><U46/><E65/><V55/><F101/><W68/><G80/><T5/><D42/><U124/><E46/><V84/><F75/><W60/><G28/><T13/><D36/><U1/><E92/><V89/><F29/><W95/><G95/><T10/><D85/><U38/><E38/><V2/><F2/><W37/><G21/><T59/><D27/><N who="1" m="18559" /><E124/><V128/><F128/><W121/><G121/><T74/><D30/><U115/><E115/><V20/><F20/><W33/><G33/><T104/><D74/><U96/><E96/><V17/><F17/><W109/><G109/><T64/><D64/><U51/><E51/><V18/><F18/><W77/><G77/><T114/><D114/><U79/><E79/><V100/><F100/><W24/><G24/><T9/><D104/><U131/><E119/><V123/><F123/><W99/><G99/><T50/><REACH who="0" step="1"/><D11/><REACH who="0" ten="126,296,288,280" step="2"/><U105/><E105/><V76/><F76/><W122/><G122/><T70/><D70/><U127/><E127/><V97/><F97/><W120/><G120/><T82/><D82/><U130/><E108/><V61/><F67/><W78/><G78/><T3/><D3/><U26/><E0/><V4/><F71/><W14/><G37/><T41/><D41/><U44/><E130/><V112/><F112/><W117/><G117/><T22/><D22/><U111/><E111/><V73/><F73/><W88/><G14/><T125/><D125/><U129/><E129/><RYUUKYOKU ba="0,1" sc="126,10,296,-30,288,10,280,10" hai0="5,9,10,13,15,50,52,59,87,91,94,132,135" hai2="4,40,43,53,55,61,62,81,83,84,86,89,90" hai3="45,47,49,54,56,58,60,63,66,68,88,93,98" /><INIT seed="3,1,1,4,4,74" ten="136,266,298,290" oya="3" hai0="104,37,120,119,124,26,127,72,88,99,48,63,80" hai1="64,14,21,44,118,34,110,2,89,96,1,61,78" hai2="38,106,33,87,135,46,6,60,7,108,57,4,69" hai3="75,12,92,111,97,115,105,55,98,131,102,83,73"/><W121/><G12/><T22/><D37/><U90/><E110/><V13/><F69/><W8/><G8/><T91/><D119/><U52/><E34/><V41/><F106/><W86/><G55/><T36/><D36/><U53/><E2/><V71/><F71/><W56/><G56/><T59/><D120/><U117/><E1/><V79/><F135/><W20/><G20/><T77/><D48/><U133/><E133/><V9/><F108/><W76/><G111/><T125/><D104/><U49/><E117/><V11/><F33/><W30/><G30/><T29/><REACH who="0" step="1"/><D99/><REACH who="0" ten="126,266,298,290" step="2"/><U16/><E118/><V129/><F129/><W126/><G131/><T112/><D112/><U109/><E96/><V18/><F38/><W116/><G116/><T5/><D5/><U40/><E109/><V68/><F6/><W32/><G121/><T27/><D27/><U130/><E130/><V128/><F128/><W67/><G115/><T39/><D39/><U58/><E49/><V0/><F7/><W113/><G113/><T70/><D70/><U93/><E40/><V62/><F0/><W134/><G134/><T100/><D100/><U31/><E44/><V3/><F68/><W94/><G105/><T35/><D35/><U101/><E101/><V47/><F47/><W50/><G32/><T123/><D123/><U15/><E15/><V114/><F114/><W65/><G50/><T45/><D45/><U85/><E14/><V19/><F57/><W51/><G51/><T25/><D25/><U43/><E43/><V132/><F132/><W24/><G24/><T42/><D42/><RYUUKYOKU ba="1,2" sc="126,30,266,-10,298,-10,290,-10" hai0="22,26,29,59,63,72,77,80,88,91,124,125,127" /><INIT seed="4,2,2,4,1,81" ten="156,256,288,280" oya="0" hai0="88,41,74,120,37,107,16,115,69,34,132,102,104" hai1="33,13,93,62,92,14,85,128,31,65,53,7,36" hai2="8,75,87,29,131,0,3,24,9,109,11,130,79" hai3="83,129,100,46,44,119,84,114,122,12,133,89,23"/><T110/><D16/><U135/><E128/><N who="2" m="49195" /><F75/><W48/><G119/><T4/><D88/><U45/><E36/><V51/><F51/><W117/><G114/><T20/><D20/><U57/><E92/><V82/><F109/><W21/><G133/><T76/><D76/><U126/><E135/><V113/><F113/><W55/><G122/><T103/><D102/><U64/><E126/><V35/><AGARI ba="2,2" hai="0,3,8,9,11,24,29,35,79,82,87" m="49195" machi="35" ten="30,2000,0" yaku="19,1,52,1" doraHai="81" who="2" fromWho="2" sc="156,-12,256,-7,288,46,280,-7" /><INIT seed="5,0,0,5,0,28" ten="144,249,334,273" oya="1" hai0="16,51,20,31,33,105,35,129,92,87,96,79,101" hai1="133,1,59,110,63,61,78,72,127,40,27,121,56" hai2="60,83,114,99,108,37,58,54,122,70,47,39,21" hai3="88,69,102,81,132,0,29,85,52,4,95,74,36"/><U128/><E121/><V104/><F122/><W23/><G36/><T49/><D129/><U107/><E128/><V19/><F108/><W93/><G69/><T32/><D31/><U76/><E110/><V24/><F114/><W43/><G43/><T119/><D119/><U117/><E117/><V82/><F70/><W94/><G132/><T80/><REACH who="0" step="1"/><D105/><REACH who="0" ten="134,249,334,273" step="2"/><U71/><E107/><V30/><F30/><W57/><G29/><T48/><D48/><U3/><E133/><V131/><F39/><W38/><G38/><T135/><D135/><U8/><E127/><V75/><F131/><W44/><G102/><T10/><D10/><U100/><E8/><V34/><F37/><W123/><G123/><T12/><AGARI ba="0,1" hai="12,16,20,32,33,35,49,51,79,80,87,92,96,101" machi="12" ten="30,12000,2" yaku="1,1,0,1,52,3,54,1,53,1" doraHai="28" doraHaiUra="73" who="0" fromWho="0" sc="134,130,249,-60,334,-30,273,-30" /><INIT seed="6,0,0,5,3,73" ten="264,189,304,243" oya="2" hai0="36,63,111,126,46,116,130,13,128,117,41,119,29" hai1="120,57,26,98,135,129,23,109,58,9,31,101,59" hai2="42,115,10,61,68,94,28,40,14,110,75,118,6" hai3="0,133,7,51,103,95,107,19,50,87,112,53,106"/><V11/><F118/><W90/><G133/><T20/><D111/><U25/><E135/><V84/><F75/><W121/><G121/><T34/><D63/><U76/><E129/><N who="0" m="49769" /><D126/><U39/><E109/><V134/><F110/><W123/><G51/><T67/><D67/><U8/><E39/><V54/><F134/><W12/><G112/><T97/><D97/><U105/><E120/><V131/><F131/><W45/><G123/><T22/><D13/><U21/><REACH who="1" step="1"/><E76/><REACH who="1" ten="264,179,304,243" step="2"/><V88/><F115/><W16/><G107/><T5/><D5/><U43/><E43/><V86/><F42/><W104/><G104/><T96/><D36/><U79/><E79/><V60/><F40/><W55/><G106/><T33/><D41/><U70/><E70/><V49/><F68/><W124/><G124/><T2/><D116/><U15/><E15/><V66/><F66/><W81/><G55/><T1/><D117/><U65/><E65/><V113/><F113/><W3/><G7/><T100/><D1/><U35/><E35/><V69/><F69/><W102/><G3/><T62/><D33/><U132/><E132/><V64/><F64/><W89/><G0/><T44/><D34/><U78/><E78/><V30/><F6/><W74/><G74/><T93/><D2/><U85/><E85/><V48/><F14/><W27/><G12/><T72/><D72/><U83/><E83/><V17/><F54/><W4/><G4/><T24/><D119/><U47/><E47/><V82/><F82/><W52/><G53/><T122/><D122/><U125/><E125/><V91/><F94/><RYUUKYOKU ba="0,1" sc="264,-15,179,15,304,15,243,-15" hai1="8,9,21,23,25,26,31,57,58,59,98,101,105" hai2="10,11,17,28,30,48,49,60,61,84,86,88,91" /><INIT seed="6,1,1,2,0,133" ten="249,194,319,228" oya="2" hai0="85,104,81,108,29,7,62,63,30,83,71,100,1" hai1="80,118,23,49,51,21,111,10,52,114,26,6,98" hai2="106,112,36,110,88,28,32,65,69,67,58,19,53" hai3="60,109,0,117,126,132,11,33,95,43,8,34,131"/><V41/><F106/><W35/><G109/><T15/><D108/><U119/><E111/><V27/><F110/><W96/><G117/><T72/><D1/><U14/><E114/><V128/><F112/><W16/><G132/><T9/><D72/><U39/><E39/><V103/><F103/><W127/><G43/><T57/><D71/><U22/><E49/><V59/><F69/><W76/><G76/><T42/><D81/><U102/><E80/><V101/><F101/><W91/><G131/><T40/><D63/><U92/><REACH who="1" step="1"/><E26/><REACH who="1" ten="249,184,319,228" step="2"/><V12/><F36/><W125/><G0/><T44/><D83/><U17/><E17/><V4/><F19/><W45/><G16/><T73/><D30/><U97/><E97/><V116/><F27/><W90/><G45/><AGARI ba="1,2" hai="6,10,14,21,22,23,45,51,52,92,98,102,118,119" machi="45" ten="40,2600,0" yaku="1,1,54,1,53,0" doraHai="133" doraHaiUra="37" who="1" fromWho="3" sc="249,0,184,49,319,0,228,-29" /><INIT seed="7,0,0,4,5,115" ten="249,233,319,199" oya="3" hai0="34,107,71,126,99,77,63,33,102,103,79,98,17" hai1="49,42,111,131,129,16,135,9,74,91,18,114,117" hai2="124,65,100,84,64,27,32,6,101,31,110,39,24" hai3="47,73,43,81,13,10,12,133,55,109,112,60,120"/><W11/><G120/><T8/><D126/><U130/><E111/><V70/><F110/><W23/><G109/><T104/><D77/><U28/><E114/><V50/><F39/><W78/><G112/><T45/><D79/><U35/><E135/><V85/><F124/><W96/><G133/><T90/><D90/><U105/><E105/><V7/><F50/><W15/><G23/><T61/><D45/><N who="1" m="25783" /><E74/><V108/><F108/><W95/><G55/><T88/><D88/><U0/><E91/><V83/><F70/><W59/><G59/><T52/><D71/><U5/><E117/><V46/><F46/><W38/><REACH who="3" step="1"/><G60/><REACH who="3" ten="249,233,319,189" step="2"/><T20/><D61/><U122/><E122/><V67/><F32/><W106/><G106/><T22/><D52/><U68/><E68/><V56/><F56/><W121/><G121/><T44/><D63/><U54/><E54/><V40/><F65/><W19/><G19/><T62/><D62/><U72/><E72/><V87/><F67/><W57/><G57/><T76/><D17/><U123/><E123/><V30/><F64/><W92/><G92/><T125/><D125/><U37/><E37/><V118/><F40/><W14/><N who="3" m="3328" /><DORA hai="127" /><W21/><G21/><T80/><D22/><U1/><E1/><V3/><F3/><W51/><G51/><T93/><D20/><U66/><E66/><V113/><F113/><W26/><G26/><AGARI ba="0,1" hai="0,5,9,16,18,26,28,35,129,130,131" m="25783" machi="26" ten="30,8000,1" yaku="19,1,52,3,54,1" doraHai="115,127" who="1" fromWho="3" sc="249,0,233,90,319,0,189,-80" owari="249,-15.0,323,42.0,319,12.0,109,-39.0" /></mjloggm>