<mjloggm ver="2.3"><GO type="41" lobby="0"/><UN n0="%7A%7A%64%6F%74%7A%7A" n1="%E3%81%B1%E3%82%93%E3%81%A0%E3%81%91" n2="%79%75%73%61%68%69" n3="%E2%93%9D%53%75%70%68%78" dan="14,14,13,17" rate="1968.67,1960.88,1912.07,2063.68" sx="M,M,M,M"/><TAIKYOKU oya="0"/><INIT seed="0,0,0,2,5,57" ten="250,250,250,250" oya="0" hai0="80,30,110,98,8,10,40,120,15,49,24,115,47" hai1="91,0,103,60,92,87,46,105,122,20,68,33,111" hai2="58,129,27,19,104,96,72,117,12,29,65,83,51" hai3="85,89,123,134,128,17,41,82,2,79,102,9,114"/><T95/><D115/><U97/><E0/><V125/><F129/><W86/><G114/><T62/><D120/><U55/><E122/><V36/><F36/><W53/><G134/><T121/><D121/><U94/><E111/><V76/><F125/><W35/><G35/><T78/><D110/><U59/><E33/><V18/><F117/><W109/><G41/><T21/><D15/><U61/><E46/><V52/><F65/><W34/><G34/><T81/><D81/><U64/><E20/><V28/><F19/><W44/><G102/><T7/><D7/><U84/><REACH who="1" step="1"/><E84/><REACH who="1" ten="250,240,250,250" step="2"/><V43/><F43/><W130/><G86/><T66/><D8/><U107/><AGARI ba="0,1" hai="55,59,60,61,64,68,87,91,92,94,97,103,105,107" machi="107" ten="30,8000,1" yaku="1,1,2,1,0,1,52,2,53,0" doraHai="57" doraHaiUra="75" who="1" fromWho="1" sc="250,-40,240,90,250,-20,250,-20" /><INIT seed="1,0,0,0,1,102" ten="210,330,230,230" oya="1" hai0="81,47,122,118,78,5,13,71,100,64,49,86,128" hai1="124,84,39,15,113,31,14,62,87,123,50,99,44" hai2="135,40,0,23,97,52,67,112,63,94,117,24,29" hai3="12,107,73,53,58,8,26,59,120,48,72,69,2"/><U32/><E123/><V76/><F135/><W27/><G69/><T18/><D128/><U129/><E129/><V92/><F0/><W7/><G120/><T103/><D118/><U110/><E113/><V79/><F117/><W21/><G27/><T55/><D122/><U54/><E124/><V4/><F4/><W131/><G131/><T134/><D134/><U37/><E110/><V104/><F40/><W6/><G107/><T43/><D71/><U3/><E3/><V80/><F112/><W68/><G68/><T41/><D64/><U132/><E132/><V121/><F67/><W115/><G115/><T56/><D43/><U90/><E32/><V33/><F33/><W82/><G82/><T130/><D130/><U10/><E31/><V46/><F79/><W109/><G109/><T126/><D126/><U9/><E62/><V95/><F104/><W88/><G59/><T61/><REACH who="0" step="1"/><D5/><REACH who="0" ten="200,330,230,230" step="2"/><N who="1" m="3375" /><E39/><V11/><F121/><W108/><G108/><T74/><D74/><U65/><E37/><V93/><F97/><W25/><G73/><T51/><D51/><U98/><E65/><V42/><F63/><W28/><G72/><T101/><D101/><U22/><E50/><V125/><F42/><W77/><G7/><T16/><D16/><N who="1" m="10527" /><E10/><AGARI ba="0,1" hai="10,13,18,41,47,49,55,56,61,78,81,86,100,103" machi="10" ten="30,3900,0" yaku="1,1,7,1,8,1,53,0" doraHai="102" doraHaiUra="119" who="0" fromWho="1" sc="200,49,330,-39,230,0,230,0" /><INIT seed="2,0,0,4,3,5" ten="249,291,230,230" oya="2" hai0="84,13,75,28,44,82,15,134,99,46,41,98,50" hai1="52,16,105,25,77,91,29,4,56,14,109,26,72" hai2="94,64,87,76,126,39,30,89,43,78,108,54,42" hai3="131,48,2,81,85,49,129,92,121,53,130,20,45"/><V47/><F126/><W112/><G121/><T110/><D110/><U51/><E105/><V107/><F108/><W96/><G2/><T74/><D134/><U1/><E109/><V116/><F107/><W22/><G112/><T122/><D122/><U31/><E91/><V79/><F116/><W65/><G65/><T128/><D128/><U34/><E72/><V135/><F135/><W80/><G49/><T118/><D118/><U60/><E77/><V93/><F64/><W103/><REACH who="3" step="1"/><G81/><REACH who="3" ten="249,291,230,220" step="2"/><T73/><D82/><U115/><E1/><V119/><F119/><W33/><G33/><T106/><D50/><U10/><E115/><V61/><F42/><W7/><G7/><T86/><D41/><U57/><E4/><V17/><F61/><W102/><G102/><T132/><D132/><U18/><E34/><V133/><F54/><W24/><G24/><N who="1" m="9322" /><E18/><V11/><F133/><W83/><G83/><T67/><D67/><AGARI ba="0,1" hai="10,14,16,29,31,51,52,56,57,60,67" m="9322" machi="67" ten="30,7700,0" yaku="8,1,52,1,54,2" doraHai="5" who="1" fromWho="0" sc="249,-77,291,87,230,0,220,0" /><INIT seed="3,0,0,4,2,21" ten="172,378,230,220" oya="3" hai0="30,77,0,85,50,22,71,58,109,41,105,28,124" hai1="95,65,5,46,42,61,108,81,26,54,88,87,90" hai2="15,12,112,125,107,34,14,39,92,117,102,106,114" hai3="128,74,121,127,32,94,16,119,97,38,100,52,111"/><W3/><RYUUKYOKU type="yao9" ba="0,0" sc="172,0,378,0,230,0,220,0" hai3="3,16,32,38,52,74,94,97,100,111,119,121,127,128" /><INIT seed="3,1,0,2,1,127" ten="172,378,230,220" oya="3" hai0="22,44,76,110,66,86,81,108,118,75,6,103,56" hai1="62,37,31,7,43,57,27,79,120,77,131,73,123" hai2="101,85,41,132,26,71,40,8,121,51,69,107,52" hai3="15,64,16,11,134,33,23,1,130,111,82,83,88"/><W91/><G33/><T38/><D118/><U58/><E7/><V32/><F121/><W46/><G134/><T39/><D103/><U124/><E124/><V30/><F132/><W117/><G117/><T3/><D39/><U84/><E73/><V29/><F29/><W78/><G111/><T19/><D66/><U126/><E126/><V92/><F107/><W13/><G1/><T53/><D86/><U34/><E131/><V17/><F69/><W63/><G130/><T36/><D36/><U90/><E58/><V65/><F65/><W42/><G46/><T115/><D115/><U99/><E99/><V105/><F105/><W50/><G50/><T122/><D122/><U61/><E61/><V129/><F71/><W25/><G42/><T114/><D114/><U72/><E72/><V133/><F133/><W100/><G100/><T5/><D5/><U10/><E10/><V109/><F109/><W2/><G2/><T70/><D70/><U59/><E59/><V119/><F119/><W113/><G15/><N who="0" m="9599" /><D56/><U45/><E123/><V18/><F129/><W68/><G113/><T9/><D53/><U74/><E74/><V49/><F49/><W55/><G55/><T54/><D54/><U48/><E37/><V98/><F85/><W104/><G104/><T116/><D116/><U96/><E96/><V35/><F35/><W112/><G112/><T24/><D24/><U102/><E102/><V60/><F60/><W14/><G14/><T93/><D93/><N who="1" m="54471" /><E120/><V12/><F18/><N who="3" m="8511" /><G83/><T89/><D89/><U106/><E106/><V95/><F95/><W28/><G16/><RYUUKYOKU ba="1,0" sc="172,0,378,0,230,0,220,0" hai0="3,6,9,38,44,75,76,81,108,110" hai1="27,31,34,43,45,48,57,62,77,79" hai2="8,12,17,26,30,32,40,41,51,52,92,98,101" hai3="23,25,28,63,64,68,78,82,88,91" /><INIT seed="3,2,0,5,1,12" ten="172,378,230,220" oya="3" hai0="16,99,42,132,113,40,133,115,51,75,77,67,125" hai1="79,13,109,102,50,26,126,1,23,3,24,21,78" hai2="9,35,97,60,20,49,64,46,127,90,65,87,30" hai3="134,107,89,44,72,130,54,104,91,37,95,52,66"/><W47/><G72/><T118/><D118/><U128/><E126/><V80/><F127/><W36/><G66/><T6/><D6/><U121/><E102/><V11/><F35/><W2/><G95/><T17/><D125/><U0/><E50/><V82/><F82/><W84/><G84/><T117/><D117/><U63/><E63/><V74/><F74/><W59/><G59/><T38/><D67/><U85/><E85/><V100/><F65/><W62/><G62/><T116/><D116/><U70/><E70/><V122/><F30/><W31/><G31/><T39/><D99/><U5/><E121/><V96/><F20/><N who="1" m="7753" /><E79/><V57/><F122/><W33/><G33/><T86/><D86/><U69/><E78/><V25/><F25/><N who="1" m="9833" /><E69/><V58/><F58/><W120/><G120/><T83/><D51/><U105/><E105/><V27/><F27/><W135/><REACH who="3" step="1"/><G2/><REACH who="3" ten="172,378,230,210" step="2"/><T129/><D75/><U7/><E0/><V28/><F28/><W18/><G18/><T61/><D61/><U4/><E1/><V14/><F14/><W88/><G88/><T103/><D115/><U34/><E3/><V94/><REACH who="2" step="1"/><F97/><REACH who="2" ten="172,378,220,210" step="2"/><W108/><G108/><T32/><D113/><U56/><E109/><V124/><F124/><W19/><G19/><T101/><D16/><U22/><E56/><V55/><AGARI ba="2,2" hai="9,11,46,49,55,57,60,64,80,87,90,94,96,100" machi="55" ten="20,5200,0" yaku="1,1,0,1,7,1,8,1,53,0" doraHai="12" doraHaiUra="8" who="2" fromWho="2" sc="172,-15,378,-15,220,78,210,-28" /><INIT seed="4,0,0,4,3,85" ten="157,363,298,182" oya="0" hai0="97,31,73,10,74,121,5,41,65,87,83,39,98" hai1="51,37,29,4,16,42,63,111,126,6,130,100,75" hai2="11,49,123,108,7,35,67,69,99,88,66,128,76" hai3="60,91,84,0,94,34,38,125,64,68,53,82,17"/><T30/><D121/><U110/><E75/><V116/><F35/><W103/><G125/><T25/><D65/><U61/><E126/><V19/><F123/><W72/><G38/><T28/><D41/><U15/><E130/><V106/><F76/><W3/><G34/><T93/><D39/><U107/><E37/><V101/><F19/><W55/><G17/><T59/><D59/><U32/><E111/><V70/><F108/><W14/><G14/><T95/><D73/><U71/><E110/><V26/><F26/><W2/><REACH who="3" step="1"/><G103/><REACH who="3" ten="157,363,298,172" step="2"/><T127/><D127/><U114/><E15/><V113/><F128/><W48/><G48/><T89/><D25/><U124/><E16/><V44/><F113/><W112/><G112/><T45/><D31/><U122/><E114/><V90/><F116/><W20/><G20/><T56/><D30/><U102/><E124/><V43/><F70/><W12/><G12/><T81/><D28/><U46/><E29/><V1/><REACH who="2" step="1"/><F69/><REACH who="2" ten="157,363,288,172" step="2"/><W50/><G50/><T52/><D5/><U58/><E71/><V134/><F134/><W129/><G129/><T9/><D74/><U22/><E32/><V92/><F92/><W36/><G36/><T132/><D95/><U105/><E122/><V117/><F117/><W104/><G104/><T27/><D93/><U24/><E105/><V135/><F135/><W133/><G133/><T109/><D132/><U21/><E107/><V119/><F119/><W40/><G40/><T79/><D109/><U115/><E42/><V62/><F62/><W86/><G86/><T8/><D87/><U78/><E61/><RYUUKYOKU ba="0,2" sc="157,-15,363,-15,288,15,172,15" hai2="1,7,11,43,44,49,66,67,88,90,99,101,106" hai3="0,2,3,53,55,60,64,68,72,82,84,91,94" /><INIT seed="5,1,2,2,2,116" ten="142,348,303,187" oya="1" hai0="86,134,135,126,29,28,82,99,58,79,23,44,92" hai1="103,38,67,95,87,69,68,133,48,13,120,5,16" hai2="8,26,55,14,93,35,37,19,1,117,97,2,105" hai3="98,21,50,40,115,84,125,62,41,33,3,107,91"/><U90/><E120/><V101/><F117/><W49/><G33/><T18/><D126/><U47/><E133/><N who="0" m="50697" /><D44/><U51/><E38/><V32/><F37/><W74/><G74/><T31/><D58/><U10/><E103/><V111/><F111/><W110/><G3/><T127/><D127/><U72/><E72/><V11/><F1/><W54/><G115/><T108/><D108/><U46/><E67/><V131/><F131/><W128/><G128/><T75/><D75/><U4/><E68/><V12/><F2/><W60/><G110/><T78/><D78/><U118/><E69/><V102/><F26/><W15/><G125/><T114/><D114/><U94/><E94/><V106/><F55/><W130/><G130/><T39/><D39/><U36/><E36/><V24/><F24/><W17/><G107/><T71/><D71/><U83/><E95/><V52/><F52/><W9/><G41/><T45/><D45/><U57/><E57/><V25/><F25/><W122/><G40/><T7/><D7/><U96/><E96/><V85/><F85/><W42/><G98/><T53/><D53/><N who="1" m="29847" /><E118/><V30/><F30/><W34/><G42/><AGARI ba="1,2" hai="4,5,10,13,16,42,47,51,83,87,90" m="29847" machi="42" ten="30,5800,0" yaku="25,1,8,1,54,1" doraHai="116" who="1" fromWho="3" sc="142,0,348,81,303,0,187,-61" /><INIT seed="5,2,0,4,3,82" ten="142,429,303,126" oya="1" hai0="49,81,131,107,83,29,40,3,47,61,34,86,5" hai1="53,16,12,121,101,130,4,17,14,46,120,93,116" hai2="79,122,97,50,91,59,114,109,27,41,127,22,54" hai3="23,33,0,133,77,73,80,57,62,63,30,76,6"/><U20/><E116/><V84/><F109/><W39/><G133/><T38/><D131/><U21/><E130/><V111/><F111/><W102/><G33/><T26/><D107/><U99/><E4/><V55/><F122/><W103/><G39/><T67/><D83/><U124/><E124/><V66/><F127/><W128/><G128/><T110/><D110/><U37/><E53/><V134/><F114/><W65/><G77/><T117/><D117/><U112/><REACH who="1" step="1"/><E112/><REACH who="1" ten="142,419,303,126" step="2"/><V90/><F134/><W108/><G108/><T72/><D5/><U74/><E74/><V135/><F135/><W96/><G6/><T15/><D72/><U98/><E98/><V60/><F41/><AGARI ba="2,1" hai="12,14,16,17,20,21,37,41,46,93,99,101,120,121" machi="41" ten="40,12000,1" yaku="1,1,9,1,54,1,53,1" doraHai="82" doraHaiUra="70" who="1" fromWho="2" sc="142,0,419,136,303,-126,126,0" /><INIT seed="5,3,0,0,3,19" ten="142,555,177,126" oya="1" hai0="129,63,66,35,42,43,4,91,85,25,3,71,52" hai1="130,118,48,135,65,108,50,81,32,80,55,33,124" hai2="89,105,82,40,26,39,133,59,125,17,68,45,1" hai3="90,115,0,117,16,101,107,127,120,76,132,84,27"/><U95/><E118/><V2/><F105/><W69/><G120/><T21/><D129/><U77/><E135/><V30/><F68/><W74/><G0/><T92/><D35/><U112/><E130/><V121/><F125/><W18/><G69/><T116/><D116/><U56/><E112/><V94/><F133/><W114/><G117/><T61/><D4/><U12/><E108/><V126/><F126/><W9/><G132/><T47/><D3/><U46/><E33/><V111/><F111/><W44/><G76/><T53/><D53/><U14/><E32/><V62/><F17/><W15/><G74/><T36/><D36/><U34/><E34/><V102/><F82/><N who="1" m="31849" /><E77/><V13/><F13/><N who="1" m="5225" /><E65/><V122/><F2/><W113/><G127/><T22/><D61/><U6/><E95/><V7/><F1/><W67/><G67/><T88/><D91/><U49/><E124/><V41/><F7/><W20/><G107/><T10/><D10/><U75/><E75/><V73/><F73/><W134/><G134/><T106/><D106/><U51/><E6/><V58/><F122/><W100/><G44/><AGARI ba="3,0" hai="44,46,48,49,50,51,55,56" m="5225,31849" machi="44" ten="30,1500,0" yaku="8,1" doraHai="19" who="1" fromWho="3" sc="142,0,555,24,177,0,126,-24" /><INIT seed="5,4,0,0,5,120" ten="142,579,177,102" oya="1" hai0="35,30,73,86,60,51,94,28,92,20,108,105,57" hai1="124,24,106,128,6,133,25,116,56,52,114,87,75" hai2="12,111,59,36,132,65,14,66,31,85,15,91,26" hai3="53,37,62,84,107,43,58,67,134,89,104,54,11"/><U113/><E116/><V74/><F36/><W2/><G134/><T96/><D73/><U110/><E75/><V18/><F74/><W44/><G107/><T47/><D108/><U55/><E110/><V88/><F111/><W42/><G104/><T16/><D105/><U117/><E117/><V77/><F132/><W41/><G2/><T7/><D7/><U1/><E128/><V34/><F18/><W98/><G98/><T97/><D35/><U68/><E124/><V101/><F101/><W81/><G11/><T17/><D86/><U5/><E68/><V38/><F38/><W0/><G0/><T109/><D109/><U40/><E40/><V39/><F39/><W45/><REACH who="3" step="1"/><G37/><REACH who="3" ten="142,579,177,92" step="2"/><T61/><D97/><U69/><E106/><V99/><F99/><W72/><G72/><T27/><D96/><U64/><E133/><V118/><F118/><W80/><G80/><T126/><D126/><U9/><E1/><V32/><F85/><W93/><G93/><T70/><D94/><U127/><E9/><V78/><F77/><W90/><G90/><T102/><D92/><U49/><E127/><V29/><F78/><W103/><G103/><T21/><D102/><U79/><E79/><V13/><N who="2" m="3072" /><DORA hai="112" /><V71/><F91/><W48/><G48/><T63/><D51/><U135/><E49/><V129/><F88/><W121/><G121/><T83/><D83/><U131/><E135/><V46/><F129/><W95/><G95/><T130/><D130/><U76/><E131/><V122/><F122/><W100/><G100/><T123/><D123/><U22/><E76/><RYUUKYOKU ba="4,1" sc="142,-10,579,-10,177,-10,92,30" hai3="41,42,43,44,45,53,54,58,62,67,81,84,89" /><INIT seed="6,5,1,0,0,85" ten="132,569,167,122" oya="2" hai0="33,59,66,78,63,114,76,45,50,38,56,98,123" hai1="17,82,5,74,48,125,84,12,3,113,101,23,18" hai2="99,119,25,135,117,57,69,34,30,61,27,8,64" hai3="6,41,65,37,132,97,43,26,60,89,42,71,11"/><V134/><F8/><W118/><G118/><T10/><D33/><U131/><E125/><V9/><F9/><W53/><G132/><N who="2" m="50729" /><F57/><W130/><G130/><T116/><D123/><U73/><E131/><V40/><F40/><W96/><G37/><T35/><D35/><U32/><E113/><V128/><F128/><W124/><G124/><T20/><D114/><U16/><E3/><V75/><F25/><W91/><G53/><T2/><D116/><N who="2" m="44618" /><F99/><W102/><G26/><T87/><D38/><U115/><E32/><V7/><F7/><W55/><G55/><T54/><D10/><U62/><E115/><V79/><F79/><W126/><G126/><T72/><D2/><U107/><E5/><V133/><N who="2" m="50737" /><V28/><DORA hai="31" /><F28/><W24/><G24/><T88/><D59/><U109/><E12/><V4/><F4/><W129/><G129/><T94/><D72/><AGARI ba="5,1" hai="27,30,34,61,64,69,72,75" m="44618,50737" machi="72" ten="50,9600,0" yaku="20,1,23,1,52,1" doraHai="85,31" who="2" fromWho="0" sc="132,-111,569,0,167,121,122,0" /><INIT seed="6,6,0,5,3,108" ten="21,569,288,122" oya="2" hai0="0,21,32,122,74,133,67,86,90,124,55,28,49" hai1="72,22,87,15,52,51,36,56,110,54,61,78,58" hai2="27,50,100,104,121,115,95,117,128,101,126,106,92" hai3="33,82,97,114,98,53,63,135,105,68,2,47,71"/><V91/><F27/><W66/><G2/><T84/><D122/><U112/><E110/><V19/><F50/><W102/><G135/><T93/><D124/><U80/><E112/><V75/><F19/><W43/><G53/><T42/><D133/><U79/><E36/><V34/><F34/><W37/><G98/><T31/><D0/><U20/><E72/><V45/><F45/><W120/><G120/><T83/><D32/><U46/><E78/><V8/><F8/><W9/><G114/><T39/><D67/><U107/><E107/><V129/><F121/><W24/><G82/><T41/><D39/><U10/><E46/><V76/><F115/><W59/><REACH who="3" step="1"/><G9/><REACH who="3" ten="21,569,288,112" step="2"/><T69/><D69/><U109/><REACH who="1" step="1"/><E109/><REACH who="1" ten="21,559,288,112" step="2"/><V18/><F126/><W4/><G4/><AGARI ba="6,2" hai="4,10,15,20,22,51,52,54,56,58,61,79,80,87" machi="4" ten="30,8000,1" yaku="1,1,2,1,7,1,8,1,54,1,53,0" doraHai="108" doraHaiUra="88" who="1" fromWho="3" sc="21,0,559,118,288,0,112,-98" /><INIT seed="7,0,0,4,1,98" ten="21,677,288,14" oya="3" hai0="100,94,95,47,118,54,115,38,88,26,80,5,64" hai1="30,116,12,61,58,131,128,101,60,65,43,35,32" hai2="27,134,0,123,81,111,37,52,34,10,25,113,89" hai3="48,49,107,82,51,122,77,45,104,23,125,121,68"/><W75/><G68/><T33/><D118/><U87/><E116/><V133/><F37/><W85/><G125/><T130/><D130/><N who="1" m="49707" /><E43/><V92/><F113/><W76/><G45/><T69/><D115/><U132/><E101/><V96/><F111/><W120/><G23/><T97/><D5/><U50/><E132/><N who="2" m="50795" /><F34/><N who="1" m="12841" /><E30/><V124/><F124/><W19/><G19/><T135/><D135/><U78/><E12/><V79/><F52/><W102/><REACH who="3" step="1"/><G102/><REACH who="3" ten="21,677,288,4" step="2"/><T73/><D100/><U112/><E112/><V55/><F123/><W44/><G44/><T11/><D47/><U110/><E110/><V46/><F46/><W59/><G59/><T18/><D18/><U2/><E58/><V56/><F56/><W15/><G15/><T105/><D69/><U20/><E20/><V17/><F17/><W39/><G39/><T108/><D38/><U86/><E2/><V31/><F31/><W3/><G3/><T84/><D33/><U127/><E127/><V103/><F103/><W117/><G117/><T13/><D108/><U119/><E119/><V9/><F0/><W99/><G99/><T114/><D97/><U91/><E65/><V24/><F55/><W21/><G21/><T1/><D54/><U36/><E36/><V29/><F29/><W66/><G66/><T72/><D64/><U74/><E50/><V90/><F9/><W106/><G106/><T16/><D114/><U129/><E129/><V71/><F10/><W109/><G109/><T57/><D57/><U67/><E67/><V70/><F71/><W42/><G42/><T6/><D1/><U40/><E40/><RYUUKYOKU ba="0,1" sc="21,-10,677,-10,288,-10,4,30" hai3="48,49,51,75,76,77,82,85,104,107,120,121,122" /><INIT seed="7,1,1,3,3,124" ten="11,667,278,34" oya="3" hai0="81,30,103,5,74,76,22,105,94,115,89,25,24" hai1="39,62,46,58,3,36,32,102,118,101,98,41,122" hai2="135,84,93,33,63,9,53,108,11,12,49,116,91" hai3="57,73,87,34,21,90,104,127,80,77,132,69,88"/><W75/><G34/><T6/><D115/><U129/><E32/><V67/><F108/><W65/><G69/><T113/><D113/><U20/><E122/><V7/><F135/><W126/><G21/><T112/><D112/><U97/><E129/><V79/><F116/><W68/><G68/><T28/><D103/><U44/><E3/><V121/><F121/><W120/><G120/><T133/><D105/><U106/><E20/><V42/><F42/><W31/><G31/><T47/><D47/><U110/><E110/><V54/><F79/><W70/><G70/><T0/><D0/><U123/><E123/><V82/><F82/><W45/><G45/><T60/><D60/><U40/><E58/><V16/><F49/><W37/><G37/><T56/><D56/><U17/><E17/><V66/><F33/><W4/><G4/><T78/><D78/><U38/><E62/><V15/><F66/><W125/><G132/><T107/><D107/><U13/><E13/><V64/><F64/><W114/><G114/><T85/><D133/><U61/><E61/><V59/><AGARI ba="1,1" hai="7,9,11,12,15,16,53,54,59,63,67,84,91,93" machi="59" ten="20,5200,0" yaku="0,1,7,1,8,1,54,1" doraHai="124" who="2" fromWho="2" sc="11,-14,667,-14,278,65,34,-27" owari="-3,-50.0,653,75.0,343,14.0,7,-39.0" /></mjloggm>