<mjloggm ver="2.3"><GO type="41" lobby="0"/><UN n0="%E2%93%9D%53%75%70%68%78" n1="%6B%6A%73%64%75%68" n2="%64%72%63%69" n3="%E6%A2%85%E9%95%B7%E8%98%87" dan="18,14,14,14" rate="2130.14,1826.36,1907.74,1888.48" sx="M,M,M,M"/><TAIKYOKU oya="0"/><INIT seed="0,0,0,0,0,31" ten="250,250,250,250" oya="0" hai0="44,10,80,83,72,8,77,57,81,21,106,5,16" hai1="24,43,22,130,125,100,92,23,28,36,71,61,95" hai2="69,110,14,93,78,9,41,76,74,91,90,68,35" hai3="117,124,123,17,86,99,118,18,104,107,39,32,134"/><T108/><D106/><U119/><E119/><V19/><F110/><W33/><G39/><T103/><D108/><U50/><E130/><V11/><F41/><W62/><G62/><T101/><D72/><U120/><E120/><V75/><F93/><W114/><G114/><T58/><D77/><U30/><E36/><V112/><F14/><W87/><G99/><T25/><D44/><U27/><E125/><V97/><F97/><W131/><G131/><T84/><D84/><U66/><E100/><N who="0" m="38473" /><D5/><U34/><E43/><V55/><F55/><W53/><G53/><T13/><D25/><U85/><E50/><V88/><F112/><W64/><G64/><T109/><D109/><U82/><REACH who="1" step="1"/><E34/><REACH who="1" ten="250,240,250,250" step="2"/><V42/><F42/><W49/><G49/><T15/><D21/><U40/><E40/><V73/><F35/><W45/><G124/><T52/><D52/><U70/><E70/><N who="2" m="27243" /><F19/><W122/><G45/><T121/><D121/><U133/><E133/><AGARI ba="0,1" hai="17,18,32,33,86,87,104,107,117,118,122,123,133,134" machi="133" ten="25,6400,0" yaku="22,2,52,2" doraHai="31" who="3" fromWho="1" sc="250,0,240,-64,250,0,250,74" /><INIT seed="1,0,0,2,3,104" ten="250,176,250,324" oya="1" hai0="101,130,23,27,114,81,77,10,43,108,20,86,32" hai1="79,50,41,107,93,120,82,80,13,87,60,103,78" hai2="83,53,3,61,8,109,63,113,117,76,95,85,25" hai3="84,102,57,31,135,6,68,24,71,12,34,4,44"/><U37/><E120/><V115/><F117/><W49/><G135/><T111/><D114/><N who="2" m="43530" /><F109/><N who="0" m="42058" /><D130/><U88/><E37/><V62/><F25/><W122/><G122/><T14/><D101/><U1/><E1/><V5/><F95/><W125/><G125/><T132/><D43/><U91/><E60/><V96/><F96/><W21/><G102/><T89/><D132/><U105/><E13/><V48/><F63/><W55/><G71/><T100/><D100/><U40/><E50/><V74/><F74/><W66/><G68/><T56/><D56/><AGARI ba="0,0" hai="3,5,8,48,53,56,61,62,76,83,85" m="43530" machi="56" ten="30,1000,0" yaku="11,1" doraHai="104" who="2" fromWho="0" sc="250,-10,176,0,250,10,324,0" /><INIT seed="2,0,0,2,4,90" ten="240,176,260,324" oya="2" hai0="133,75,127,14,38,105,98,37,108,135,48,111,126" hai1="46,112,25,88,53,52,50,124,81,1,96,32,19" hai2="101,104,99,2,97,129,18,76,27,26,59,117,65" hai3="57,122,62,23,55,15,134,47,6,89,94,69,60"/><V41/><F117/><W107/><G107/><T109/><D14/><U92/><E1/><V123/><F123/><W80/><G134/><N who="0" m="51211" /><D75/><U5/><E5/><V0/><F76/><W121/><G80/><T91/><D48/><N who="1" m="28695" /><E32/><V128/><F41/><W54/><G69/><T119/><D119/><U77/><E112/><V36/><F36/><N who="0" m="13930" /><D91/><U72/><E72/><V85/><F85/><W118/><G118/><T51/><D51/><U78/><E124/><N who="0" m="47657" /><D98/><U10/><E81/><V84/><F84/><W125/><G125/><T102/><D102/><U71/><E71/><V4/><F99/><W31/><G47/><T43/><D43/><U49/><E49/><V33/><F2/><W86/><G6/><T120/><D105/><U30/><E30/><V73/><F73/><W21/><G15/><T8/><D8/><U70/><E70/><V130/><F0/><W110/><G110/><T66/><D66/><U61/><E61/><N who="2" m="38079" /><F4/><W44/><G44/><T68/><D68/><U132/><E132/><V79/><F79/><W17/><G31/><T16/><D16/><U58/><E10/><V11/><F33/><W67/><G67/><T42/><D42/><U87/><E96/><V45/><F45/><W39/><G39/><T24/><D120/><U28/><E28/><V113/><F18/><W83/><G122/><T64/><D64/><U106/><E106/><V9/><F11/><W63/><G121/><T82/><D82/><U103/><E103/><V3/><F9/><W22/><G83/><T131/><D131/><U20/><AGARI ba="0,0" hai="19,20,25,50,53,58,77,78,87,88,92" m="28695" machi="20" ten="30,7900,0" yaku="8,1,52,1,54,2" doraHai="90" who="1" fromWho="1" sc="240,-20,176,79,260,-39,324,-20" /><INIT seed="3,0,0,0,1,128" ten="220,255,221,304" oya="3" hai0="31,123,56,77,98,65,58,32,117,45,17,72,112" hai1="91,94,53,70,67,10,86,121,109,24,102,127,106" hai2="6,62,131,61,110,1,122,92,69,71,89,115,79" hai3="46,25,8,133,108,28,20,3,66,29,82,125,90"/><W73/><G125/><T124/><D117/><U11/><E121/><V75/><F115/><W16/><G66/><T14/><D123/><U114/><E114/><V47/><F122/><W103/><G103/><T50/><D112/><U36/><E36/><V43/><F131/><W19/><G108/><T52/><D124/><U15/><E127/><V51/><F110/><W104/><G104/><T111/><D111/><U12/><E109/><V120/><F120/><W22/><G133/><T38/><D38/><U105/><E24/><V34/><F34/><W40/><G3/><T95/><D31/><U9/><E70/><V78/><F71/><W93/><G8/><T74/><D32/><U63/><E67/><V113/><F113/><W76/><G90/><T42/><D77/><U132/><E132/><V101/><F101/><W84/><G93/><T100/><D65/><U49/><E63/><V13/><F13/><W55/><G55/><T48/><REACH who="0" step="1"/><D58/><REACH who="0" ten="210,255,221,304" step="2"/><U119/><E119/><V41/><F79/><W135/><G135/><T118/><D118/><U54/><E54/><V85/><F78/><W83/><G73/><T37/><D37/><U57/><E106/><V18/><F75/><W35/><G35/><T87/><D87/><U5/><E105/><V30/><F85/><W33/><G33/><T26/><D26/><U64/><E64/><V81/><F30/><W116/><G116/><T99/><D99/><N who="1" m="59767" /><E5/><V130/><F6/><W23/><G82/><AGARI ba="0,1" hai="9,10,11,12,15,49,53,57,82,86,91" m="59767" machi="82" ten="30,1000,0" yaku="8,1" doraHai="128" who="1" fromWho="3" sc="210,0,255,20,221,0,304,-10" /><INIT seed="4,0,0,1,4,78" ten="210,275,221,294" oya="0" hai0="130,8,34,58,108,135,20,15,94,95,67,88,102" hai1="107,112,27,7,30,66,91,45,69,85,74,18,127" hai2="3,13,36,110,12,105,54,131,19,64,118,48,98" hai3="126,75,46,125,39,32,115,116,87,53,113,89,29"/><T59/><D34/><U33/><E74/><V44/><F110/><W17/><G75/><T16/><D130/><U31/><E31/><V60/><F3/><W128/><G128/><T61/><D135/><U84/><E127/><N who="3" m="48650" /><G116/><T104/><D104/><U81/><E112/><N who="3" m="43082" /><G17/><T52/><D108/><U55/><E107/><V72/><F131/><W129/><G129/><T57/><D67/><U114/><E114/><V40/><F72/><W121/><G121/><T132/><D132/><U37/><E7/><V70/><F118/><W111/><G111/><T82/><D20/><U26/><E69/><V103/><REACH who="2" step="1"/><F19/><REACH who="2" ten="210,275,211,294" step="2"/><W50/><G39/><T119/><D119/><U2/><E2/><V106/><F106/><W71/><G71/><T122/><D122/><U6/><E37/><V96/><F96/><W133/><G133/><T77/><D102/><U14/><E6/><V56/><AGARI ba="0,1" hai="12,13,36,40,44,48,54,56,60,64,70,98,103,105" machi="56" ten="20,8000,1" yaku="1,1,0,1,7,1,24,2,53,0" doraHai="78" doraHaiUra="24" who="2" fromWho="2" sc="210,-40,275,-20,211,90,294,-20" /><INIT seed="5,0,0,4,4,92" ten="170,255,301,274" oya="1" hai0="84,112,119,13,115,69,135,39,38,2,43,68,90" hai1="49,34,94,21,52,85,4,60,30,102,27,117,24" hai2="72,104,25,122,19,121,81,55,17,75,96,65,74" hai3="73,105,95,28,42,41,56,79,23,109,126,9,110"/><U124/><E117/><V64/><F55/><W111/><G105/><T77/><D77/><U45/><E124/><V29/><F81/><W129/><G129/><T18/><D2/><U134/><E134/><V93/><F104/><W71/><G71/><T20/><D119/><U63/><E4/><V62/><F62/><W54/><G126/><T46/><D39/><U31/><E102/><V11/><F11/><W15/><G73/><T114/><REACH who="0" step="1"/><D135/><REACH who="0" ten="160,255,301,274" step="2"/><U35/><E35/><V50/><F122/><W98/><G79/><T128/><D128/><U83/><REACH who="1" step="1"/><E94/><AGARI ba="0,1" hai="13,18,20,38,43,46,68,69,84,90,94,112,114,115" machi="94" ten="40,5200,0" yaku="1,1,15,1,53,1" doraHai="92" doraHaiUra="91" who="0" fromWho="1" sc="160,62,255,-52,301,0,274,0" /><INIT seed="6,0,0,1,5,119" ten="222,203,301,274" oya="2" hai0="95,20,29,67,107,34,65,86,112,97,104,130,92" hai1="128,40,88,114,22,85,70,14,78,57,117,41,89" hai2="28,105,23,133,24,110,81,98,43,7,44,6,54" hai3="113,135,16,131,15,3,62,106,30,55,50,134,64"/><V74/><F133/><N who="3" m="50699" /><G106/><T39/><D34/><U80/><E70/><V35/><F110/><W48/><G3/><T56/><D39/><U132/><E117/><V91/><F54/><W53/><G131/><T26/><D112/><U0/><E132/><V72/><F35/><W1/><G1/><T8/><D130/><U52/><E0/><V47/><F47/><N who="3" m="27807" /><G30/><T27/><D8/><U18/><E128/><V69/><F69/><N who="3" m="42135" /><G113/><T124/><D107/><U4/><E114/><V42/><F105/><W17/><G15/><T129/><D104/><U118/><E118/><V58/><F58/><AGARI ba="0,0" hai="16,17,50,55,58" m="42135,27807,50699" machi="58" ten="30,2000,0" yaku="20,1,54,1" doraHai="119" who="3" fromWho="2" sc="222,0,203,0,301,-20,274,20" /><INIT seed="7,0,0,1,3,0" ten="222,203,281,294" oya="3" hai0="5,67,71,3,74,40,36,124,56,81,55,20,82" hai1="57,127,75,129,59,50,88,53,72,21,115,86,43" hai2="69,1,41,94,80,47,64,105,27,122,99,25,16" hai3="19,42,2,45,126,132,107,91,101,131,60,30,9"/><W24/><G126/><T8/><D124/><U52/><E127/><V68/><F1/><W135/><G131/><T117/><D117/><U130/><E115/><V7/><F105/><W118/><G118/><T13/><D71/><U32/><E43/><V61/><F68/><W123/><G123/><T73/><D67/><U76/><E32/><V119/><F119/><W110/><G110/><T78/><D20/><U109/><E109/><V39/><F7/><W48/><G91/><T113/><D13/><U35/><E35/><V102/><F122/><W34/><G60/><T44/><D113/><U108/><E108/><V96/><F80/><W12/><REACH who="3" step="1"/><G2/><REACH who="3" ten="222,203,281,284" step="2"/><T98/><D98/><AGARI ba="0,1" hai="9,12,19,24,30,34,42,45,48,98,101,107,132,135" machi="98" ten="40,7700,0" yaku="1,1,2,1,53,1" doraHai="0" doraHaiUra="14" who="3" fromWho="0" sc="222,-77,203,0,281,0,284,87" owari="145,-35.0,203,-20.0,281,8.0,371,47.0" /></mjloggm>