<mjloggm ver="2.3"><GO type="41" lobby="0"/><UN n0="%E3%83%95%E3%83%84%E3%82%A6%E3%81%AE%E6%81%8B%E3%81%AE%E7%B5%90%E6%9C%AB" n1="%72%68%63%70" n2="%E2%93%9D%53%75%70%68%78" n3="%E4%B8%80%E5%96%9C%E4%B8%80%E6%86%82" dan="17,13,18,15" rate="2160.10,1855.65,2094.21,2018.89" sx="M,M,M,F"/><TAIKYOKU oya="0"/><INIT seed="0,0,0,2,0,82" ten="250,250,250,250" oya="0" hai0="51,100,36,41,115,128,73,34,65,18,108,64,118" hai1="77,131,86,133,97,75,62,122,24,106,101,16,61" hai2="102,104,55,30,68,28,114,48,69,109,85,60,113" hai3="52,22,40,8,23,63,46,92,83,57,2,94,20"/><T121/><D121/><U71/><E122/><V43/><F104/><W19/><G2/><T14/><D118/><U47/><E133/><V39/><F102/><W45/><G45/><T5/><D115/><U12/><E131/><V10/><F10/><W25/><G83/><T84/><D73/><U58/><E75/><V35/><F35/><W125/><G125/><T4/><D36/><U26/><E71/><V135/><F30/><W99/><G94/><T132/><D34/><U105/><E105/><V0/><F28/><W117/><G8/><N who="0" m="6471" /><D132/><U116/><E47/><V32/><F32/><W6/><G6/><N who="0" m="2667" /><D128/><U103/><E116/><V111/><F0/><W29/><G29/><T49/><D100/><U59/><E103/><V120/><F120/><W56/><G56/><T90/><D108/><U44/><E44/><V112/><F39/><W119/><G119/><T89/><D89/><U67/><E77/><V42/><F135/><W31/><G31/><T66/><D41/><U1/><E1/><V79/><F43/><W72/><G72/><T130/><D130/><U74/><E74/><V88/><F79/><W78/><G78/><T95/><AGARI ba="0,0" hai="49,51,64,65,66,84,90,95" m="2667,6471" machi="95" ten="30,3000,0" yaku="8,1,52,1" doraHai="82" who="0" fromWho="0" sc="250,30,250,-10,250,-10,250,-10" /><INIT seed="0,1,0,3,0,106" ten="280,240,240,240" oya="0" hai0="75,1,84,107,27,73,10,7,33,68,2,66,18" hai1="122,102,17,43,44,131,116,26,38,97,58,132,127" hai2="87,112,99,126,53,67,49,111,6,29,4,31,37" hai3="62,94,30,101,24,52,81,135,15,89,12,36,82"/><T93/><D1/><U134/><E122/><V21/><F111/><W130/><G36/><T95/><D95/><U50/><E116/><V83/><F37/><W110/><G110/><T74/><D107/><U90/><E90/><V114/><F126/><W98/><G130/><T123/><D123/><U113/><E127/><V71/><F71/><W124/><G135/><T5/><D5/><U104/><E131/><V48/><F67/><W88/><G82/><T80/><D93/><U118/><E118/><V65/><F65/><W25/><G25/><T103/><D103/><U119/><E119/><V129/><F129/><W54/><G124/><T0/><D0/><U55/><E113/><V16/><F99/><W109/><G109/><T85/><D80/><U64/><E64/><V105/><F105/><W57/><G54/><T14/><D66/><U47/><E44/><V46/><F114/><W8/><G81/><T77/><D77/><U96/><E96/><V115/><F115/><W59/><G57/><T51/><D51/><U86/><E86/><V120/><F49/><W91/><REACH who="3" step="1"/><G8/><REACH who="3" ten="280,240,240,230" step="2"/><T22/><D68/><U19/><REACH who="1" step="1"/><E26/><REACH who="1" ten="280,230,240,230" step="2"/><N who="2" m="14631" /><F112/><W35/><AGARI ba="1,2" hai="12,15,24,30,35,52,59,62,88,89,91,94,98,101" machi="35" ten="30,12000,2" yaku="1,1,0,1,54,2,53,2" doraHai="106" doraHaiUra="9" who="3" fromWho="3" sc="280,-61,230,-31,240,-31,230,143" /><INIT seed="1,0,0,2,1,10" ten="219,199,209,373" oya="1" hai0="134,32,5,120,118,131,101,4,114,17,60,14,34" hai1="90,57,7,75,40,76,50,21,117,96,63,51,81" hai2="107,104,133,35,3,22,78,68,24,83,9,54,42" hai3="74,36,116,70,99,82,94,2,124,91,55,135,30"/><U108/><E117/><V87/><F35/><W97/><G2/><T15/><D118/><U43/><E7/><V45/><F68/><W119/><G36/><T123/><D101/><U41/><E108/><V19/><F133/><W100/><G70/><T61/><D17/><U132/><E132/><V11/><F54/><W105/><G30/><T49/><D134/><U128/><E128/><V80/><F11/><W62/><G62/><T0/><D49/><U20/><E90/><V44/><F44/><W93/><G55/><T26/><D26/><U71/><E71/><V66/><F66/><W46/><G46/><T38/><D38/><U23/><REACH who="1" step="1"/><E96/><REACH who="1" ten="219,189,209,373" step="2"/><V127/><F3/><W59/><G135/><T115/><REACH who="0" step="1"/><D0/><REACH who="0" ten="209,189,209,373" step="2"/><U47/><E47/><V95/><F45/><W122/><G116/><T121/><D121/><U27/><E27/><V103/><F24/><W84/><G122/><T65/><D65/><AGARI ba="0,2" hai="20,21,23,40,41,43,50,51,57,63,65,75,76,81" machi="65" ten="40,2000,0" yaku="1,1,53,0" doraHai="10" doraHaiUra="64" who="1" fromWho="0" sc="209,-20,189,40,209,0,373,0" /><INIT seed="1,1,0,3,4,51" ten="189,229,209,373" oya="1" hai0="17,108,76,133,0,132,35,106,14,11,45,4,60" hai1="97,1,78,28,69,126,58,16,109,48,52,130,77" hai2="79,54,67,74,36,112,3,10,85,131,56,104,72" hai3="101,124,27,22,102,118,13,81,55,20,82,99,114"/><U25/><E69/><V95/><F104/><W43/><G114/><T50/><D106/><U93/><E1/><V105/><F105/><W38/><G124/><T49/><D108/><U32/><E126/><V90/><F36/><W123/><G123/><T5/><D35/><U110/><E130/><V30/><F67/><W6/><G43/><T44/><D60/><U134/><E134/><N who="0" m="51817" /><D76/><U117/><E117/><V83/><F30/><W23/><G38/><T103/><D103/><N who="1" m="60847" /><E16/><V26/><F131/><W31/><G102/><T111/><D111/><AGARI ba="1,0" hai="25,28,32,48,52,58,77,78,109,110,111" m="60847" machi="111" ten="30,11600,0" yaku="14,1,10,1,52,1,54,1" doraHai="51" who="1" fromWho="0" sc="189,-119,229,119,209,0,373,0" /><INIT seed="1,2,0,0,4,64" ten="70,348,209,373" oya="1" hai0="45,86,85,60,67,4,25,95,92,109,89,72,97" hai1="100,115,43,110,112,78,84,106,117,55,108,16,66" hai2="114,65,17,58,83,104,122,123,61,3,91,51,128" hai3="73,113,71,12,37,11,118,93,124,131,49,15,101"/><U35/><E35/><V31/><F3/><W75/><G113/><T96/><D72/><U81/><E117/><V94/><F104/><W18/><G37/><T120/><D109/><N who="1" m="42091" /><E43/><V7/><F7/><W133/><G118/><T103/><D120/><U22/><E55/><V36/><F128/><W1/><G1/><T48/><D4/><U47/><E47/><V116/><F114/><W23/><G124/><T68/><REACH who="0" step="1"/><D25/><REACH who="0" ten="60,348,209,373" step="2"/><N who="1" m="14535" /><E66/><V98/><F123/><W111/><G75/><T102/><D102/><U42/><E42/><AGARI ba="2,1" hai="42,45,48,60,67,68,85,86,89,92,95,96,97,103" machi="42" ten="30,3900,0" yaku="1,1,7,1,52,1,53,0" doraHai="64" doraHaiUra="76" who="0" fromWho="1" sc="60,55,348,-45,209,0,373,0" /><INIT seed="2,0,0,3,5,116" ten="115,303,209,373" oya="2" hai0="16,45,7,42,17,72,38,57,126,58,68,82,28" hai1="22,54,31,71,87,85,76,14,67,65,127,94,24" hai2="101,25,131,84,4,93,51,50,12,122,2,59,107" hai3="78,108,86,118,114,21,111,8,80,125,112,106,121"/><V27/><F2/><W19/><G106/><T70/><D126/><U66/><E127/><V134/><F107/><W100/><G125/><T5/><D28/><U120/><E71/><V109/><F131/><W44/><G100/><T96/><D96/><U34/><E85/><V115/><F134/><W113/><G8/><T56/><D82/><U26/><E14/><V29/><F115/><W110/><G44/><T30/><D30/><U37/><E37/><V74/><F74/><W73/><G118/><T61/><D72/><U20/><E54/><V62/><F122/><W49/><G49/><N who="2" m="18441" /><F109/><W117/><G117/><T43/><D61/><U81/><E120/><V64/><F29/><W32/><G32/><T11/><D11/><U132/><E132/><V98/><F84/><W39/><G39/><T128/><D128/><U53/><E34/><V35/><F35/><W103/><G121/><T92/><D92/><U48/><E94/><V41/><F41/><N who="0" m="15370" /><D45/><U79/><E79/><V124/><F124/><W77/><G73/><T15/><D15/><U63/><E63/><V89/><F101/><W46/><G103/><T0/><D38/><U135/><E135/><V3/><F3/><W90/><G46/><T133/><D133/><U123/><E123/><V60/><F60/><W1/><G1/><T75/><D75/><U52/><E48/><V130/><F130/><W95/><G80/><T105/><D105/><U10/><REACH who="1" step="1"/><E10/><AGARI ba="0,0" hai="4,10,12,25,27,59,62,64,89,93,98" m="18441" machi="10" ten="30,1500,0" yaku="8,1" doraHai="116" who="2" fromWho="1" sc="115,0,303,-15,209,15,373,0" /><INIT seed="2,1,0,5,2,56" ten="115,288,224,373" oya="2" hai0="111,68,126,70,28,86,107,130,24,112,108,82,80" hai1="132,81,48,6,58,113,66,110,92,99,12,4,64" hai2="118,0,8,88,72,67,16,23,26,41,55,1,98" hai3="96,11,117,31,53,27,106,78,30,127,38,121,95"/><V119/><F72/><W57/><G117/><T18/><D112/><U124/><E110/><N who="0" m="42025" /><D107/><U25/><E113/><V123/><F123/><W100/><G38/><T105/><D105/><U14/><E132/><V20/><F41/><W39/><G39/><T75/><D126/><U21/><E124/><V33/><F67/><W77/><G121/><T63/><D75/><U91/><E66/><V59/><F33/><W69/><G69/><N who="0" m="26731" /><D130/><U52/><E64/><V42/><F42/><W34/><G31/><T120/><D120/><U65/><E65/><V13/><F119/><W10/><G106/><T87/><D18/><U5/><REACH who="1" step="1"/><E81/><REACH who="1" ten="115,278,224,373" step="2"/><V37/><F118/><W102/><G127/><T129/><D129/><U19/><AGARI ba="1,1" hai="4,5,6,12,14,19,21,25,48,52,58,91,92,99" machi="19" ten="30,8000,1" yaku="1,1,2,1,0,1,8,1,54,1,53,0" doraHai="56" doraHaiUra="79" who="1" fromWho="1" sc="115,-21,278,93,224,-41,373,-21" /><INIT seed="3,0,0,1,1,72" ten="94,371,183,352" oya="3" hai0="10,40,96,108,18,104,42,116,92,73,52,131,83" hai1="84,118,28,51,60,25,15,48,17,102,132,13,32" hai2="53,39,63,5,7,59,120,33,35,81,110,30,107" hai3="130,64,14,126,37,68,105,112,74,125,31,4,89"/><W50/><G37/><T46/><D116/><U21/><E132/><V26/><F107/><W113/><G105/><T20/><D104/><U95/><E118/><V77/><F110/><W62/><G74/><T69/><D69/><U97/><E13/><V36/><F35/><W61/><G130/><T66/><D66/><U54/><E60/><V27/><F120/><W9/><G62/><T90/><D108/><U80/><REACH who="1" step="1"/><E54/><REACH who="1" ten="94,361,183,352" step="2"/><V55/><F55/><W16/><G4/><T121/><D121/><U1/><E1/><V56/><F7/><W119/><G119/><T78/><D131/><U109/><E109/><V128/><F5/><W101/><G101/><T47/><D10/><U11/><E11/><V98/><F128/><W124/><G50/><T91/><D52/><U123/><E123/><V134/><F39/><W71/><G71/><T57/><D57/><U29/><E29/><V43/><F59/><W49/><G49/><T87/><D46/><U88/><AGARI ba="0,1" hai="15,17,21,25,28,32,48,51,80,84,88,95,97,102" machi="88" ten="20,5200,0" yaku="1,1,0,1,7,1,54,1,53,0" doraHai="72" doraHaiUra="67" who="1" fromWho="1" sc="94,-13,361,62,183,-13,352,-26" /><INIT seed="4,0,0,5,3,101" ten="81,423,170,326" oya="0" hai0="16,44,20,108,74,13,39,83,115,65,69,18,56" hai1="38,33,95,28,126,129,119,6,86,24,42,2,121" hai2="113,127,0,45,76,3,60,105,88,51,84,35,98" hai3="103,52,23,87,112,27,50,29,114,102,4,46,7"/><T64/><D69/><U125/><E121/><V70/><F35/><W78/><G114/><T131/><D115/><U133/><E119/><V100/><F113/><W107/><G107/><T72/><D131/><U110/><E110/><V66/><F76/><W128/><G128/><T97/><D108/><U11/><E129/><V62/><F62/><W91/><G78/><T71/><D71/><U68/><E68/><V132/><F127/><N who="1" m="48649" /><E95/><V75/><F75/><W92/><REACH who="3" step="1"/><G112/><REACH who="3" ten="81,423,170,316" step="2"/><T30/><D74/><U81/><E133/><V116/><F132/><W12/><G12/><T57/><D72/><U19/><E19/><V1/><F116/><W41/><G41/><T48/><D18/><U94/><E94/><V135/><F135/><W32/><G32/><T111/><D111/><U10/><E2/><V80/><REACH who="2" step="1"/><F3/><REACH who="2" ten="81,423,160,316" step="2"/><W109/><G109/><T99/><D13/><U36/><E6/><AGARI ba="0,2" hai="4,6,7,23,27,29,46,50,52,87,91,92,102,103" machi="6" ten="40,8000,1" yaku="1,1,8,1,54,1,53,1" doraHai="101" doraHaiUra="17" who="3" fromWho="1" sc="81,0,423,-80,160,0,316,100" /><INIT seed="5,0,0,3,1,90" ten="81,343,160,416" oya="1" hai0="91,131,92,31,70,19,103,68,37,84,132,5,14" hai1="53,43,10,114,125,13,102,40,130,78,42,126,100" hai2="127,50,29,55,69,133,0,2,112,95,56,39,108" hai3="57,115,72,76,34,80,12,119,124,67,25,38,36"/><U46/><E114/><V98/><F108/><W89/><G115/><T107/><D37/><U63/><E78/><V22/><F112/><W74/><G124/><N who="1" m="47722" /><E130/><V73/><F133/><W20/><G74/><T120/><D5/><N who="1" m="3279" /><E63/><V59/><F69/><W79/><G79/><T4/><D4/><U60/><E60/><V35/><F35/><W45/><G119/><T85/><D131/><U101/><E53/><V17/><F39/><AGARI ba="0,0" hai="39,40,42,43,46,100,101,102" m="3279,47722" machi="39" ten="30,1500,0" yaku="18,1" doraHai="90" who="1" fromWho="2" sc="81,0,343,15,160,-15,416,0" /><INIT seed="5,1,0,4,3,4" ten="81,358,145,416" oya="1" hai0="45,32,8,94,10,86,121,79,28,17,119,47,74" hai1="112,134,125,39,11,107,92,103,40,27,99,85,53" hai2="12,62,0,1,97,123,82,118,117,101,132,133,13" hai3="106,116,14,122,113,98,128,33,42,87,90,43,41"/><U16/><E112/><V6/><F62/><W75/><G122/><T44/><D119/><N who="2" m="45578" /><F82/><W120/><G33/><T46/><D121/><U109/><E39/><V52/><F52/><W15/><G113/><T129/><D129/><U68/><E68/><V56/><F56/><W34/><G128/><T22/><N who="0" m="11264" /><DORA hai="64" /><T127/><D127/><U102/><E40/><V126/><F97/><W18/><G34/><T91/><D32/><U2/><E125/><V49/><F101/><W83/><G15/><N who="2" m="5705" /><F49/><W35/><G35/><T57/><D28/><U3/><E109/><V5/><F126/><W48/><G48/><T61/><D79/><U69/><E69/><V96/><F96/><W100/><G120/><T55/><REACH who="0" step="1"/><D74/><REACH who="0" ten="71,358,145,416" step="2"/><U21/><E107/><V24/><F123/><W135/><G75/><T67/><D67/><U37/><E37/><V130/><F130/><W38/><G116/><T104/><D104/><U108/><E108/><V131/><F131/><W95/><G38/><T80/><D80/><U111/><E111/><V9/><F24/><AGARI ba="1,1" hai="8,10,17,22,24,55,57,61,86,91,94" m="11264" machi="24" ten="50,8000,1" yaku="1,1,8,1,52,2,53,1" doraHai="4,64" doraHaiUra="60,81" who="0" fromWho="2" sc="71,93,358,0,145,-83,416,0" /><INIT seed="6,0,0,0,2,90" ten="164,358,62,416" oya="2" hai0="76,69,23,28,121,53,71,84,99,130,21,15,42" hai1="79,125,4,50,17,68,100,105,60,37,87,6,77" hai2="89,33,29,9,115,102,59,85,48,64,95,128,91" hai3="94,7,81,123,13,126,25,38,116,63,56,2,0"/><V51/><F115/><W66/><G123/><T30/><D53/><U135/><E37/><V5/><F128/><W11/><G126/><T26/><D42/><U65/><E125/><V82/><F102/><W118/><G38/><T119/><D99/><U112/><E112/><V70/><F70/><W49/><G81/><T39/><D39/><U20/><E135/><V93/><F29/><W52/><G0/><T72/><D72/><U61/><E50/><V96/><F33/><W110/><G110/><T18/><D121/><U114/><E114/><V54/><F64/><W98/><G25/><T97/><D130/><U133/><E133/><V127/><F127/><W108/><G108/><T74/><D74/><U124/><E124/><V120/><F120/><W32/><G2/><T40/><D40/><U107/><E61/><V73/><F73/><W88/><G32/><T19/><D97/><U67/><E67/><V106/><F106/><W122/><G122/><T78/><D15/><U113/><E87/><V34/><F34/><W57/><AGARI ba="0,0" hai="7,11,13,49,52,56,57,63,66,88,94,98,116,118" machi="57" ten="20,8000,1" yaku="0,1,7,1,52,1,54,2" doraHai="90" who="3" fromWho="3" sc="164,-20,358,-20,62,-40,416,80" /><INIT seed="7,0,0,1,2,74" ten="144,338,22,496" oya="3" hai0="105,50,113,27,116,101,13,106,103,134,28,53,102" hai1="40,86,117,57,20,14,30,135,37,7,39,87,64" hai2="83,90,77,52,31,80,67,78,59,29,41,130,129" hai3="8,124,131,88,56,21,69,35,45,47,104,94,18"/><W99/><G69/><T55/><D13/><U16/><E135/><V26/><F67/><W58/><G35/><T98/><D116/><U10/><E117/><V15/><F41/><W81/><G104/><T70/><D70/><U76/><E40/><V126/><F90/><W51/><G124/><T19/><D19/><U4/><E4/><V5/><F126/><W65/><G8/><T91/><D113/><U114/><E114/><V34/><F5/><W118/><G131/><T44/><D134/><U24/><E64/><V54/><F15/><W9/><G9/><T1/><D53/><U22/><E57/><V128/><F31/><W38/><G38/><T23/><D1/><U43/><E43/><V93/><F93/><W121/><G121/><T89/><D103/><U96/><E96/><AGARI ba="0,0" hai="23,27,28,44,50,55,89,91,96,98,101,102,105,106" machi="96" ten="40,1300,0" yaku="9,1" doraHai="74" who="0" fromWho="1" sc="144,13,338,-13,22,0,496,0" owari="157,-24.0,325,13.0,22,-48.0,496,59.0" /></mjloggm>