<mjloggm ver="2.3"><GO type="41" lobby="0"/><UN n0="%E8%B5%A4%E4%B8%83%E4%B8%8B%E6%AE%B5%E3%83%93%E3%82%BF" n1="%E2%93%9D%53%75%70%68%78" n2="%E6%96%9C%E3%82%81%E3%81%AA%E9%80%B2%E8%A1%8C" n3="%E9%89%84%E5%85%B5" dan="15,18,15,14" rate="1934.26,2108.24,2017.10,1885.10" sx="M,M,M,M"/><TAIKYOKU oya="0"/><INIT seed="0,0,0,3,4,44" ten="250,250,250,250" oya="0" hai0="62,33,113,28,54,88,78,93,95,127,74,135,75" hai1="45,49,69,110,82,76,36,117,68,85,48,83,23" hai2="97,10,71,20,42,9,64,14,79,112,131,115,73" hai3="72,15,47,66,108,2,59,134,34,6,104,31,103"/><T89/><D113/><U38/><E117/><V39/><F20/><W18/><G108/><T126/><D135/><U94/><E110/><V125/><F97/><W121/><G72/><T120/><D120/><U114/><E94/><V11/><F14/><W50/><G134/><T122/><D122/><U57/><E114/><V70/><F11/><W116/><G116/><T21/><D33/><U4/><E4/><V61/><F9/><W5/><G2/><T27/><D62/><U99/><E99/><V102/><F10/><W105/><G103/><T40/><D54/><U1/><E1/><V25/><F70/><W96/><G96/><T7/><D40/><U3/><E3/><V107/><F25/><W92/><G92/><T0/><D0/><U123/><E123/><V17/><F17/><W111/><G111/><T41/><D7/><U67/><E23/><V77/><F102/><W58/><G5/><T118/><D41/><U52/><E83/><N who="2" m="45487" /><F107/><W65/><G6/><T98/><D118/><U91/><E76/><V13/><F79/><W86/><G105/><T16/><D28/><U55/><REACH who="1" step="1"/><E67/><REACH who="1" ten="250,240,250,250" step="2"/><N who="2" m="41455" /><F112/><W109/><G104/><T46/><D78/><U63/><E63/><V26/><F64/><W24/><G109/><T101/><D101/><U129/><E129/><V19/><F131/><W32/><G66/><T119/><D119/><U30/><E30/><V133/><F115/><W130/><G65/><T22/><D22/><U43/><E43/><V90/><F133/><W106/><G121/><T56/><D95/><U132/><E132/><V51/><F42/><N who="3" m="24951" /><G130/><T37/><D89/><RYUUKYOKU ba="0,1" sc="250,-10,240,30,250,-10,250,-10" hai1="36,38,45,48,49,52,55,57,68,69,82,85,91" /><INIT seed="1,1,1,2,5,87" ten="240,270,240,240" oya="1" hai0="79,44,120,84,110,92,68,52,36,85,19,51,101" hai1="93,9,14,127,27,54,132,130,82,111,25,78,76" hai2="106,131,128,83,74,39,33,108,35,109,119,67,28" hai3="66,75,20,18,114,8,88,94,5,102,0,37,61"/><U53/><E130/><V23/><F67/><W16/><G114/><T38/><D68/><U97/><E132/><V105/><F28/><W26/><G75/><T89/><D110/><N who="2" m="42602" /><F23/><W64/><G102/><T45/><D120/><U107/><E127/><V10/><F10/><W133/><G133/><T7/><D7/><U115/><E107/><N who="2" m="40971" /><F39/><W104/><G104/><T129/><D129/><N who="2" m="49738" /><F119/><W21/><G37/><T118/><D118/><U47/><E111/><V125/><F125/><W11/><G11/><T91/><D101/><U17/><E115/><V112/><F112/><W3/><G61/><T124/><D124/><U13/><E13/><V135/><F135/><W77/><G77/><AGARI ba="1,1" hai="33,35,74,77,83" m="49738,40971,42602" machi="77" ten="40,5200,0" yaku="14,1,19,1,23,1" doraHai="87" who="2" fromWho="3" sc="240,0,270,0,240,65,240,-55" /><INIT seed="2,0,0,2,5,7" ten="240,270,305,185" oya="2" hai0="64,22,116,6,90,68,26,19,93,97,79,53,51" hai1="36,16,117,15,49,11,115,104,122,14,89,112,74" hai2="75,114,29,67,126,101,118,87,13,77,58,56,18" hai3="102,132,85,105,69,99,10,72,4,40,65,94,100"/><V27/><F118/><W92/><G132/><T113/><D116/><U34/><E117/><V20/><F114/><W66/><G72/><T55/><D113/><U110/><E36/><V2/><F2/><W134/><G134/><T123/><D123/><U3/><E104/><V12/><F126/><W46/><G94/><T103/><D79/><U5/><E74/><V42/><F42/><W78/><G69/><T82/><D68/><U128/><E128/><V50/><F75/><W73/><G102/><T107/><D64/><U35/><E49/><V31/><F58/><W111/><G111/><T52/><D6/><U96/><E89/><V45/><F13/><W88/><G78/><T61/><D82/><U125/><E96/><V108/><F108/><W38/><REACH who="3" step="1"/><G73/><REACH who="3" ten="240,270,305,175" step="2"/><T130/><D130/><U91/><E110/><V133/><F101/><W17/><G17/><T30/><D30/><U47/><E115/><V124/><F133/><W70/><G70/><T127/><D127/><U62/><E125/><V76/><F124/><W24/><G24/><T9/><D9/><U25/><E25/><V21/><F29/><W57/><G57/><T41/><D61/><U81/><E62/><N who="2" m="38343" /><F76/><W98/><G98/><T39/><D39/><U44/><E112/><V48/><F45/><W71/><G71/><T95/><REACH who="0" step="1"/><D90/><REACH who="0" ten="230,270,305,175" step="2"/><U1/><E91/><V131/><F131/><W106/><G106/><T63/><D63/><U8/><E5/><V23/><F48/><W129/><G129/><T135/><D135/><U119/><E119/><V60/><F50/><W33/><G33/><T43/><D43/><RYUUKYOKU ba="0,2" sc="230,15,270,-15,305,-15,175,15" hai0="19,22,26,41,51,52,53,55,93,95,97,103,107" hai3="4,10,38,40,46,65,66,85,88,92,99,100,105" /><INIT seed="3,1,2,5,4,128" ten="245,255,290,190" oya="3" hai0="132,98,38,21,131,110,135,66,53,114,78,106,19" hai1="35,94,109,1,113,108,69,46,82,45,121,47,102" hai2="85,81,32,95,17,91,22,16,125,15,12,48,88" hai3="3,127,28,72,33,87,119,2,73,0,105,7,96"/><W26/><G87/><T83/><D131/><U97/><E113/><V86/><F125/><W99/><G119/><T31/><D31/><U84/><E121/><V25/><F32/><W55/><G127/><T42/><D110/><N who="1" m="42603" /><E69/><V20/><F48/><W64/><G7/><T23/><D114/><U34/><E1/><V36/><F36/><W124/><G124/><T18/><D53/><U130/><E130/><V29/><F29/><W50/><G64/><T40/><D66/><U76/><AGARI ba="1,2" hai="34,35,45,46,47,76,82,84,94,97,102" m="42603" machi="76" ten="30,1100,0" yaku="14,1" doraHai="128" who="1" fromWho="1" sc="245,-4,255,34,290,-4,190,-6" /><INIT seed="4,0,0,4,4,33" ten="241,289,286,184" oya="0" hai0="71,106,63,124,113,85,37,53,70,59,135,19,112" hai1="65,109,117,5,118,116,50,3,8,83,43,92,99" hai2="128,45,14,30,126,97,125,73,6,60,89,133,16" hai3="122,74,26,0,15,84,101,7,68,44,127,47,49"/><T104/><D85/><U87/><E109/><V120/><F120/><W28/><G74/><T9/><D37/><U62/><E43/><V121/><F121/><W55/><G68/><N who="0" m="26155" /><D124/><U31/><E50/><V21/><F128/><W105/><G127/><T12/><D135/><U108/><E108/><V40/><F133/><W79/><G122/><T98/><D98/><U57/><E31/><V61/><F60/><W69/><G69/><T1/><D1/><U81/><REACH who="1" step="1"/><E87/><REACH who="1" ten="241,279,286,184" step="2"/><V107/><F30/><W78/><G84/><T4/><D4/><U134/><E134/><V91/><F6/><W67/><G28/><T38/><D38/><U95/><E95/><V20/><F126/><W13/><G7/><T111/><D111/><U32/><E32/><V88/><F125/><W52/><G49/><T115/><AGARI ba="0,1" hai="9,12,19,53,59,63,104,106,112,113,115" m="26155" machi="115" ten="40,2100,0" yaku="15,1" doraHai="33" who="0" fromWho="0" sc="241,31,279,-7,286,-7,184,-7" /><INIT seed="4,1,0,0,1,45" ten="272,272,279,177" oya="0" hai0="48,77,53,61,103,80,85,41,72,123,78,95,5" hai1="63,65,54,11,127,46,104,10,34,36,31,120,96" hai2="119,40,27,89,13,66,126,56,67,86,17,43,115" hai3="84,14,132,128,82,37,3,47,38,32,25,49,88"/><T39/><D123/><U134/><E120/><V105/><F105/><W97/><G132/><T114/><D114/><U21/><E127/><V106/><F106/><W19/><G128/><T60/><D77/><U51/><E34/><V8/><F115/><W20/><G97/><T30/><D30/><U125/><E36/><V111/><F111/><W124/><G3/><T93/><D5/><U59/><E125/><V22/><F119/><W108/><G108/><T64/><D103/><U15/><E134/><V83/><F126/><W73/><G73/><T69/><D61/><U76/><E76/><V99/><F99/><W129/><G129/><T91/><D39/><U2/><E2/><V107/><F107/><W100/><G100/><T6/><D41/><N who="2" m="15946" /><F56/><W94/><G94/><T131/><D6/><AGARI ba="1,0" hai="6,8,13,17,22,27,66,67,83,86,89" m="15946" machi="6" ten="30,1000,0" yaku="8,1" doraHai="45" who="2" fromWho="0" sc="272,-13,272,0,279,13,177,0" /><INIT seed="5,0,0,5,2,73" ten="259,272,292,177" oya="1" hai0="24,10,107,34,124,54,50,133,55,97,84,3,51" hai1="64,33,105,30,59,16,131,58,15,95,90,63,56" hai2="27,88,48,37,49,9,22,7,19,1,129,126,47" hai3="109,117,45,87,82,43,2,20,134,14,127,23,39"/><U111/><E105/><V118/><F118/><W57/><G134/><T123/><D133/><U28/><E131/><V102/><F126/><W91/><G127/><T119/><D119/><U132/><E132/><V31/><F102/><W130/><G2/><T120/><D124/><U74/><E74/><V70/><F70/><W93/><G109/><T89/><D97/><U18/><E111/><V41/><F129/><W86/><G130/><T115/><D107/><U125/><E18/><V69/><F69/><W25/><G117/><T65/><D65/><U61/><E33/><V13/><REACH who="2" step="1"/><F88/><REACH who="2" ten="259,272,282,177" step="2"/><W106/><G106/><T108/><D108/><U80/><E125/><V35/><AGARI ba="0,1" hai="1,7,9,13,19,22,27,31,35,37,41,47,48,49" machi="35" ten="20,12000,2" yaku="1,1,2,1,0,1,7,1,24,2,53,0" doraHai="73" doraHaiUra="101" who="2" fromWho="2" sc="259,-30,272,-60,282,130,177,-30" /><INIT seed="6,0,0,0,4,34" ten="229,212,412,147" oya="2" hai0="110,26,107,134,127,27,2,90,11,94,93,108,64" hai1="99,113,17,1,41,25,0,30,117,70,118,56,128" hai2="52,133,24,120,9,71,124,8,5,66,42,126,68" hai3="29,104,58,65,47,131,84,78,79,103,75,13,15"/><V31/><F42/><W87/><G131/><T61/><D107/><U46/><E70/><V102/><F120/><W132/><G132/><T72/><D72/><U92/><E113/><V106/><F52/><W12/><G47/><T89/><D134/><U53/><E17/><V43/><F43/><W37/><G37/><T22/><D127/><N who="2" m="48682" /><F9/><W36/><G36/><T96/><D26/><U112/><E112/><V97/><F66/><W28/><G103/><T44/><D44/><U60/><E128/><V10/><F8/><W59/><G104/><T33/><D33/><U77/><E77/><N who="3" m="29194" /><G75/><T7/><D22/><U16/><E118/><V81/><F81/><W85/><G65/><T109/><D27/><U105/><E105/><V19/><F19/><W51/><G51/><T95/><REACH who="0" step="1"/><D96/><REACH who="0" ten="219,212,412,147" step="2"/><U114/><E114/><V18/><F133/><W69/><G69/><AGARI ba="0,1" hai="2,7,11,61,64,69,89,90,93,94,95,108,109,110" machi="69" ten="50,6400,0" yaku="1,1,2,1,52,1,53,0" doraHai="34" doraHaiUra="50" who="0" fromWho="3" sc="219,74,212,0,412,0,147,-64" /><INIT seed="7,0,0,0,5,22" ten="293,212,412,83" oya="3" hai0="9,79,76,52,88,82,55,130,92,12,116,109,107" hai1="23,65,83,75,66,118,47,36,26,73,53,72,112" hai2="111,48,35,95,97,69,122,124,34,6,64,14,16" hai3="54,119,7,60,40,49,59,50,70,133,11,90,105"/><W63/><G105/><T28/><D116/><U84/><E112/><V42/><F111/><W10/><G119/><T120/><D109/><U115/><E115/><V68/><F6/><W113/><G113/><T2/><D2/><U99/><E118/><V38/><F48/><W89/><G133/><T80/><D107/><U121/><E121/><V62/><F68/><W94/><G70/><T110/><D110/><U58/><E99/><V18/><F18/><W37/><G37/><T29/><D130/><U4/><E4/><V85/><F85/><W87/><G90/><T114/><D114/><U98/><E98/><V8/><F124/><W134/><G134/><T108/><D108/><U43/><E53/><N who="0" m="20553" /><D120/><U125/><E58/><V13/><F13/><W19/><G63/><T71/><D71/><U51/><E36/><V61/><F61/><W123/><G123/><T44/><D44/><U91/><E125/><V131/><F131/><W128/><G128/><T81/><D29/><U126/><REACH who="1" step="1"/><E126/><REACH who="1" ten="293,202,412,83" step="2"/><V93/><F122/><W106/><G106/><T3/><D3/><U103/><E103/><V46/><F93/><W78/><G78/><T0/><D0/><U104/><E104/><V100/><AGARI ba="0,1" hai="8,14,16,34,35,38,42,46,62,64,69,95,97,100" machi="100" ten="20,2700,0" yaku="0,1,7,1,54,1" doraHai="22" who="2" fromWho="2" sc="293,-7,202,-7,412,37,83,-13" owari="286,9.0,195,-20.0,449,54.0,70,-43.0" /></mjloggm>