<mjloggm ver="2.3"><GO type="41" lobby="0"/><UN n0="%59%75%74%61%70%6F%6E" n1="%E2%93%9D%53%75%70%68%78" n2="%E5%91%82%E4%BB%81" n3="%E4%B8%8D%E6%B2%BB%E3%83%AF%E3%83%A9%E6%9B%B8%E8%A8%98" dan="15,18,13,13" rate="1962.25,2123.97,1865.78,1841.32" sx="M,M,M,M"/><TAIKYOKU oya="0"/><INIT seed="0,0,0,2,4,82" ten="250,250,250,250" oya="0" hai0="45,21,15,28,4,93,48,77,17,129,64,22,62" hai1="128,39,103,135,9,121,0,5,12,98,133,41,85" hai2="118,122,107,25,50,47,54,58,2,132,19,115,83" hai3="105,131,43,24,67,46,102,31,66,91,71,86,84"/><T70/><D129/><U44/><E121/><V57/><F115/><W80/><G131/><T40/><D77/><U11/><E128/><V109/><F122/><W74/><G74/><T8/><D28/><U10/><E85/><V111/><F132/><N who="1" m="50761" /><E12/><V113/><F113/><W104/><G71/><T35/><D35/><U42/><E42/><V72/><F118/><W63/><G63/><T68/><D68/><U127/><E127/><V79/><F107/><AGARI ba="0,0" hai="0,5,9,10,11,39,41,44,98,103,107" m="50761" machi="107" ten="30,1000,0" yaku="20,1" doraHai="82" who="1" fromWho="2" sc="250,0,250,10,250,-10,250,0" /><INIT seed="1,0,0,1,5,33" ten="250,260,240,250" oya="1" hai0="100,121,103,84,10,74,8,55,30,41,67,15,37" hai1="2,132,34,38,0,134,92,59,101,68,131,120,19" hai2="98,1,13,127,40,125,62,14,129,25,64,58,49" hai3="48,5,16,60,110,24,107,123,76,32,77,89,71"/><U47/><E68/><V35/><F1/><N who="1" m="617" /><E34/><V11/><F129/><W4/><G110/><T124/><D74/><U118/><E118/><V39/><F39/><W54/><G107/><T50/><D67/><U93/><E120/><V42/><F98/><W61/><G123/><T106/><D41/><N who="1" m="22967" /><E131/><V12/><F11/><W87/><G32/><T112/><D37/><U21/><E101/><V81/><F81/><W122/><G71/><T83/><D103/><U108/><E59/><V94/><F94/><W91/><G91/><T20/><D106/><U51/><E51/><V97/><F97/><W57/><G122/><T17/><D100/><U78/><E78/><N who="3" m="30314" /><G60/><T70/><D70/><U36/><E36/><V31/><F49/><W117/><G48/><T109/><D50/><U113/><E113/><V116/><F116/><W45/><G45/><T52/><D112/><U56/><E56/><V46/><F46/><W133/><G117/><T119/><D119/><U72/><E72/><V88/><F88/><W27/><G61/><T135/><D121/><U28/><E28/><V128/><F128/><W80/><G57/><T43/><D30/><U105/><E105/><V6/><F6/><W82/><G4/><T95/><D109/><U63/><E63/><V75/><F75/><W115/><G115/><T69/><D69/><U111/><E111/><V18/><F42/><W9/><G5/><T79/><D43/><U73/><E73/><V23/><F40/><W96/><G54/><T44/><D52/><U130/><E130/><V53/><F53/><W90/><G90/><T99/><D55/><RYUUKYOKU ba="0,0" sc="250,-10,260,-10,240,30,250,-10" hai2="12,13,14,18,23,25,31,35,58,62,64,125,127" /><INIT seed="2,1,0,5,2,85" ten="240,250,270,240" oya="2" hai0="94,128,76,102,20,61,59,100,47,135,114,104,24" hai1="39,83,107,88,41,66,97,67,74,50,73,117,19" hai2="111,90,34,121,54,75,58,77,3,1,33,25,62" hai3="9,38,51,110,17,55,109,37,120,92,28,80,14"/><V96/><F121/><W72/><G120/><T32/><D114/><U118/><E39/><V21/><F75/><W57/><G28/><T84/><D32/><U99/><E41/><V122/><F122/><W26/><G26/><T43/><D104/><U113/><E50/><V45/><F77/><W8/><G8/><T131/><D135/><U23/><E107/><V87/><F34/><W49/><G49/><N who="0" m="26879" /><D128/><U0/><E0/><V30/><F96/><W56/><G56/><T126/><D126/><U44/><E44/><V132/><F132/><W71/><G71/><T31/><D131/><U65/><E113/><V124/><F124/><W78/><REACH who="3" step="1"/><G92/><REACH who="3" ten="240,250,270,230" step="2"/><T70/><D70/><U48/><E48/><V129/><F129/><W108/><AGARI ba="1,1" hai="9,14,17,37,38,51,55,57,72,78,80,108,109,110" machi="108" ten="30,7900,0" yaku="1,1,2,1,0,1,14,1,53,0" doraHai="85" doraHaiUra="42" who="3" fromWho="3" sc="240,-21,250,-21,270,-40,230,92" /><INIT seed="3,0,0,0,4,4" ten="219,229,230,322" oya="3" hai0="94,21,10,57,48,11,14,58,46,54,81,65,44" hai1="100,23,39,12,119,15,59,104,27,64,31,33,3" hai2="19,121,73,122,47,82,29,130,61,76,109,43,134" hai3="32,110,20,105,38,34,80,40,22,99,71,83,120"/><W35/><G120/><N who="2" m="46185" /><F29/><W24/><G71/><T51/><D81/><U8/><E39/><N who="2" m="22015" /><F109/><W69/><G69/><T127/><D127/><U28/><E104/><V67/><F134/><W86/><G110/><T70/><D70/><U78/><E78/><V133/><F133/><W1/><G1/><T25/><D94/><U131/><E131/><V62/><F130/><W2/><G2/><T79/><D79/><U16/><E119/><V26/><F67/><W74/><G74/><T132/><D132/><U9/><E100/><V72/><F72/><W18/><G22/><AGARI ba="0,0" hai="19,22,26,61,62,73,76,82" m="22015,46185" machi="22" ten="30,1000,0" yaku="13,1" doraHai="4" who="2" fromWho="3" sc="219,0,229,0,230,10,322,-10" /><INIT seed="4,0,0,1,5,50" ten="219,229,240,312" oya="0" hai0="10,42,78,115,34,46,106,13,63,82,30,91,135" hai1="112,51,70,14,99,65,38,120,72,64,53,81,48" hai2="98,79,3,76,119,104,103,100,122,97,8,49,61" hai3="131,40,130,114,21,108,89,9,94,12,22,124,110"/><T28/><D106/><U15/><E38/><V59/><F122/><W116/><G40/><T16/><D115/><U73/><E120/><V71/><F71/><W58/><G116/><T111/><D135/><U105/><E70/><V95/><F119/><W109/><G124/><T37/><D111/><U117/><E117/><V17/><F49/><W11/><G58/><T5/><D34/><U2/><E2/><V33/><F33/><W68/><G68/><T101/><D101/><U129/><E81/><V107/><F95/><W56/><G56/><T43/><D43/><U60/><E129/><N who="3" m="49162" /><G114/><T35/><D91/><U123/><E112/><V125/><F125/><W26/><G89/><T0/><D35/><U121/><E60/><V74/><F74/><W25/><G94/><T44/><D63/><U86/><E105/><V133/><F133/><W36/><G36/><T57/><D57/><U83/><E83/><V88/><F88/><W47/><G47/><T90/><D90/><U19/><E99/><V18/><F59/><W85/><G85/><T62/><D46/><U32/><E32/><V39/><F39/><W4/><G11/><N who="0" m="6207" /><D62/><U113/><E113/><V27/><F61/><W24/><AGARI ba="0,0" hai="4,9,12,21,22,24,25,26,108,109,110" m="49162" machi="24" ten="40,5200,0" yaku="19,1,34,2" doraHai="50" who="3" fromWho="3" sc="219,-26,229,-13,240,-13,312,52" /><INIT seed="5,0,0,5,1,94" ten="193,216,227,364" oya="1" hai0="71,10,98,111,75,6,32,100,115,53,54,104,19" hai1="82,23,128,16,108,110,88,35,52,118,13,21,107" hai2="87,68,105,49,62,9,15,95,61,93,130,47,132" hai3="102,12,89,1,22,83,72,116,56,135,133,20,14"/><U96/><E35/><V63/><F105/><W80/><G1/><T40/><D111/><N who="1" m="42539" /><E118/><V58/><F132/><N who="3" m="50763" /><G102/><T126/><D71/><U74/><E128/><V60/><F68/><W67/><G72/><T101/><D75/><U109/><N who="1" m="42547" /><U81/><DORA hai="18" /><E74/><V42/><F130/><W117/><G56/><T106/><D32/><U34/><E34/><V41/><F41/><W113/><G67/><T131/><D40/><U77/><E77/><V134/><F134/><W79/><G89/><T26/><D131/><U69/><E69/><V129/><F129/><W48/><G48/><T121/><D126/><U122/><E122/><V91/><F95/><W59/><G59/><T25/><D121/><U17/><E52/><N who="2" m="33863" /><F63/><W57/><G57/><T7/><D115/><U103/><E88/><V0/><F0/><W119/><G113/><T45/><D45/><U123/><E123/><V76/><F76/><W99/><G99/><T11/><REACH who="0" step="1"/><D19/><AGARI ba="0,0" hai="9,15,19,42,47,49,61,62,87,91,93" m="33863" machi="19" ten="30,2000,0" yaku="8,1,54,1" doraHai="94,18" who="2" fromWho="0" sc="193,-20,216,0,227,20,364,0" /><INIT seed="6,0,0,1,3,85" ten="173,216,247,364" oya="2" hai0="12,89,88,91,123,83,116,49,122,98,102,24,118" hai1="109,128,92,36,75,99,55,50,130,43,45,81,13" hai2="66,41,78,68,131,65,44,113,52,129,86,101,70" hai3="47,71,94,105,124,90,46,104,53,110,31,87,54"/><V62/><F101/><W6/><G110/><T16/><D24/><U39/><E109/><V97/><F97/><W79/><G71/><T64/><D64/><N who="2" m="24682" /><F78/><W42/><G31/><T15/><D49/><U117/><E117/><N who="0" m="45161" /><D83/><U106/><E106/><V95/><F113/><W26/><G6/><T23/><D15/><U103/><E13/><V82/><F95/><AGARI ba="0,0" hai="12,16,23,88,89,91,95,98,102,122,123" m="45161" machi="95" ten="30,12000,2" yaku="12,1,52,3,54,2" doraHai="85" who="0" fromWho="2" sc="173,120,216,0,247,-120,364,0" /><INIT seed="7,0,0,0,0,63" ten="293,216,127,364" oya="3" hai0="21,71,82,44,14,34,52,107,129,92,119,33,88" hai1="3,105,53,58,38,59,93,86,37,0,121,66,130" hai2="111,48,64,12,2,19,90,56,28,117,133,60,76" hai3="112,16,135,126,108,77,11,23,114,55,43,74,79"/><W110/><G43/><T42/><D107/><U35/><E105/><V5/><F117/><W40/><G40/><T25/><D119/><U100/><E35/><V120/><F111/><N who="3" m="42539" /><G11/><T91/><D71/><U125/><E125/><V104/><F104/><W7/><G7/><T127/><D129/><U65/><E130/><V132/><F120/><W118/><G135/><T26/><D127/><U61/><E121/><V115/><F76/><N who="3" m="29259" /><G74/><T73/><D33/><U101/><E61/><V109/><F109/><W1/><G1/><T80/><D73/><U36/><E53/><V41/><F28/><W15/><G126/><T98/><D34/><U116/><E116/><V83/><F5/><W50/><G118/><T128/><D128/><U62/><E3/><V18/><F2/><W85/><G85/><T4/><D25/><U70/><E0/><V96/><F115/><W49/><G49/><T13/><D4/><U123/><E123/><V113/><F113/><W32/><G32/><T84/><D80/><U10/><E38/><V31/><F31/><W81/><G81/><T22/><D22/><U103/><E10/><V54/><F41/><W89/><G89/><T95/><D82/><U24/><E37/><V67/><F67/><W45/><AGARI ba="0,0" hai="15,16,23,45,50,55,112,114" m="29259,42539" machi="45" ten="30,3000,0" yaku="10,1,54,1" doraHai="63" who="3" fromWho="3" sc="293,-10,216,-10,127,-10,364,30" owari="283,8.0,206,-19.0,117,-38.0,394,49.0" /></mjloggm>