<mjloggm ver="2.3"><GO type="41" lobby="0"/><UN n0="%E5%BF%83%E8%8F%AF" n1="%E2%93%9D%53%75%70%68%78" n2="%68%65%69%74%74%65%72" n3="%E5%A4%A7%E8%A6%9A%E3%82%A2%E3%82%AD%E3%83%A9%E6%A7%98" dan="13,18,14,15" rate="1859.78,2099.47,1988.80,1927.30" sx="M,M,M,M"/><TAIKYOKU oya="0"/><INIT seed="0,0,0,0,2,72" ten="250,250,250,250" oya="0" hai0="44,92,84,4,95,81,1,77,17,41,10,69,119" hai1="111,113,55,20,83,133,15,132,78,12,115,0,117" hai2="68,123,64,22,126,128,110,74,43,109,65,6,37" hai3="125,18,16,114,67,50,33,45,135,79,28,134,100"/><T120/><D120/><U112/><E117/><V90/><F123/><W99/><G114/><T38/><D119/><U60/><E0/><V35/><F35/><W73/><G125/><T105/><D105/><U104/><E104/><V85/><F126/><W97/><G67/><T75/><D69/><U96/><E96/><N who="3" m="36938" /><G28/><T27/><D84/><N who="1" m="48247" /><E111/><V87/><F74/><W70/><G33/><T53/><REACH who="0" step="1"/><D53/><REACH who="0" ten="240,250,250,250" step="2"/><U122/><E122/><V57/><F68/><W89/><G70/><T34/><D34/><U25/><E55/><V130/><F110/><W106/><G106/><T118/><D118/><U93/><E93/><V63/><F109/><W107/><G107/><T23/><AGARI ba="0,1" hai="1,4,10,17,23,27,38,41,44,75,77,81,92,95" machi="23" ten="30,12000,1" yaku="1,1,0,1,25,2,52,1,53,0" doraHai="72" doraHaiUra="98" who="0" fromWho="0" sc="240,130,250,-40,250,-40,250,-40" /><INIT seed="0,1,0,1,0,69" ten="370,210,210,210" oya="0" hai0="43,22,12,50,125,19,5,126,47,32,44,88,7" hai1="53,16,92,51,41,62,103,104,68,129,48,97,117" hai2="87,59,14,38,2,85,71,33,116,56,36,134,80" hai3="83,21,76,115,128,1,25,98,15,23,123,35,94"/><T81/><D32/><U17/><E117/><V39/><F2/><W135/><G115/><T113/><D113/><U110/><E110/><V60/><F116/><W102/><G1/><T107/><D107/><U20/><E129/><V64/><F134/><W101/><G128/><T18/><D18/><U70/><E104/><V112/><F112/><W45/><G135/><T74/><D47/><U77/><E77/><V46/><F33/><W63/><G123/><T52/><D43/><U120/><E120/><V127/><F127/><N who="0" m="48650" /><D74/><U133/><E17/><V119/><F119/><W73/><G35/><T90/><D81/><U130/><E130/><V108/><F108/><W42/><G63/><T131/><D131/><U109/><E109/><V72/><F46/><W24/><G15/><T105/><D105/><U111/><E133/><V99/><F99/><W30/><G21/><T91/><AGARI ba="1,0" hai="5,7,12,19,22,44,50,52,88,90,91" m="48650" machi="91" ten="30,6000,0" yaku="18,1,54,2" doraHai="69" who="0" fromWho="0" sc="370,63,210,-21,210,-21,210,-21" /><INIT seed="0,2,0,0,0,107" ten="433,189,189,189" oya="0" hai0="80,67,115,94,69,109,58,54,10,48,14,18,13" hai1="2,28,134,70,74,37,78,55,131,110,89,81,130" hai2="6,75,3,62,59,39,113,51,61,133,122,103,9" hai3="93,101,129,102,88,112,124,52,40,92,60,50,16"/><T66/><D115/><U20/><E70/><V45/><F122/><W97/><G112/><T38/><D38/><U121/><E2/><V123/><F123/><W57/><G129/><N who="1" m="49162" /><E121/><V30/><F113/><W116/><G116/><T23/><D109/><U12/><E37/><V83/><F133/><W46/><G124/><T111/><D111/><U90/><E110/><V34/><F103/><W56/><G56/><T25/><D69/><U95/><E55/><V99/><F99/><W42/><G42/><T71/><D71/><U1/><E1/><V82/><F39/><W21/><G93/><T106/><D106/><U49/><E49/><V76/><F83/><W27/><AGARI ba="2,0" hai="16,21,27,40,46,50,52,57,60,88,92,97,101,102" machi="27" ten="20,16000,3" yaku="0,1,7,1,25,2,8,1,54,3" doraHai="107" who="3" fromWho="3" sc="433,-82,189,-42,189,-42,189,166" /><INIT seed="1,0,0,4,0,104" ten="351,147,147,355" oya="1" hai0="135,65,64,38,108,123,76,44,47,49,82,41,16" hai1="9,69,25,128,14,125,92,22,109,103,58,54,83" hai2="72,36,93,95,71,63,43,60,24,79,33,57,91" hai3="89,3,34,115,62,84,67,45,66,101,68,0,73"/><U87/><E128/><V77/><F95/><W80/><G115/><T114/><D114/><U32/><E69/><V52/><F36/><W130/><G34/><T122/><D135/><U118/><E32/><V127/><F127/><W23/><G130/><T20/><D108/><U61/><E125/><V55/><F43/><W97/><G45/><T121/><D47/><U7/><E118/><V12/><F72/><W35/><G35/><T98/><D98/><U102/><E92/><V46/><F71/><W134/><G134/><T8/><D8/><U110/><E110/><V124/><F124/><W106/><G67/><T10/><D10/><U48/><E61/><V30/><F12/><W86/><G23/><T85/><REACH who="0" step="1"/><D38/><REACH who="0" ten="341,147,147,355" step="2"/><U6/><E109/><V5/><F46/><W94/><G86/><T50/><D50/><U31/><REACH who="1" step="1"/><E7/><REACH who="1" ten="341,137,147,355" step="2"/><V105/><F5/><W11/><G11/><T37/><D37/><U90/><AGARI ba="0,2" hai="6,9,14,22,25,31,48,54,58,83,87,90,102,103" machi="90" ten="20,12000,1" yaku="1,1,2,1,0,1,7,1,8,1,53,0" doraHai="104" doraHaiUra="132" who="1" fromWho="1" sc="341,-40,137,140,147,-40,355,-40" /><INIT seed="1,1,0,5,0,18" ten="301,277,107,315" oya="1" hai0="19,79,20,104,97,15,92,45,47,135,105,32,86" hai1="7,90,60,48,99,62,46,109,44,125,4,95,72" hai2="27,59,23,58,53,131,68,98,6,38,113,122,96" hai3="74,112,85,51,73,12,121,71,11,56,130,26,55"/><U115/><E115/><V65/><F122/><W8/><G121/><T31/><D135/><U28/><E72/><V17/><F131/><W66/><G112/><T14/><D105/><U82/><E125/><V93/><F113/><W80/><G130/><T37/><D104/><U25/><E46/><V64/><F38/><W83/><G26/><T63/><D32/><U22/><E109/><V10/><F68/><W84/><G71/><T126/><D31/><U108/><E108/><V101/><F98/><W94/><G66/><T127/><D63/><N who="1" m="24107" /><E82/><N who="3" m="31274" /><G73/><T123/><D45/><U110/><E110/><V134/><F134/><W103/><G74/><T29/><D47/><U106/><E106/><V3/><REACH who="2" step="1"/><F59/><REACH who="2" ten="301,277,97,315" step="2"/><N who="3" m="33279" /><G103/><T120/><D123/><U118/><E118/><V76/><F76/><W30/><G56/><T40/><D79/><U129/><E129/><V36/><F36/><W5/><G5/><T52/><D37/><U78/><E78/><V50/><AGARI ba="1,1" hai="3,6,10,17,23,27,50,53,58,64,65,93,96,101" machi="50" ten="20,5200,0" yaku="1,1,0,1,7,1,52,1,53,0" doraHai="18" doraHaiUra="81" who="2" fromWho="2" sc="301,-14,277,-27,97,65,315,-14" /><INIT seed="2,0,0,2,4,51" ten="287,250,162,301" oya="2" hai0="116,78,130,70,11,118,52,44,61,32,84,9,135" hai1="79,119,124,0,94,66,83,113,35,86,46,112,129" hai2="62,67,36,95,15,64,40,121,55,128,27,99,71" hai3="107,59,5,31,14,100,7,65,123,111,39,20,88"/><V98/><F121/><W1/><G123/><T77/><D32/><U8/><E35/><V57/><F128/><W6/><G39/><T106/><D106/><U4/><E124/><V68/><F15/><W12/><G1/><T29/><D29/><U134/><E134/><V73/><F73/><W102/><G107/><T28/><D28/><U96/><E119/><N who="0" m="45609" /><D130/><U18/><E66/><V92/><F27/><N who="3" m="16871" /><G111/><T131/><D135/><U58/><E46/><N who="2" m="23815" /><F67/><W132/><G132/><T63/><D70/><U24/><E129/><V54/><F71/><W82/><G65/><T76/><D84/><U26/><E26/><V60/><F95/><W38/><G38/><T23/><D131/><U45/><E24/><V85/><F85/><N who="3" m="50231" /><G59/><N who="0" m="35047" /><D44/><U3/><E45/><V42/><F42/><W34/><G34/><T74/><D74/><U80/><E86/><V19/><F99/><W16/><G12/><T114/><D114/><U115/><E115/><V17/><F98/><W81/><G81/><T21/><D63/><U104/><E113/><V108/><F108/><W122/><G122/><T50/><D50/><U93/><E112/><V90/><F62/><W125/><G125/><T33/><D33/><U48/><E3/><V13/><F13/><W41/><G41/><T117/><D117/><U127/><E127/><V89/><F68/><W69/><G69/><T87/><D87/><N who="1" m="48543" /><E0/><V30/><F60/><W2/><G2/><T43/><D43/><U10/><E83/><V22/><F92/><W49/><G49/><T105/><D105/><U37/><E37/><V75/><F75/><W109/><G109/><RYUUKYOKU ba="0,0" sc="287,15,250,-15,162,-15,301,15" hai0="9,11,21,23,76,77,78" hai3="5,6,7,14,16,100,102" /><INIT seed="3,1,0,5,0,96" ten="302,235,147,316" oya="3" hai0="103,66,2,120,98,18,92,81,108,95,26,1,37" hai1="130,56,106,87,102,43,123,132,61,53,107,127,49" hai2="131,23,84,91,15,76,121,109,119,48,41,40,46" hai3="124,52,78,44,117,105,126,118,111,47,122,64,22"/><W67/><G105/><T74/><D120/><U69/><E123/><V57/><F119/><N who="3" m="45579" /><G78/><T125/><D37/><U0/><E0/><V68/><F121/><W104/><G104/><T83/><D108/><U100/><E130/><V7/><F68/><W65/><G22/><N who="0" m="13655" /><D2/><U19/><E132/><V32/><F32/><W90/><G90/><T82/><D74/><U5/><E127/><N who="3" m="48682" /><G122/><T54/><D66/><U9/><E107/><V25/><F109/><W110/><G52/><T34/><D1/><U58/><E106/><V6/><F131/><W99/><G99/><N who="0" m="59879" /><D34/><U128/><E128/><V77/><F40/><W59/><G59/><T62/><D125/><U3/><E69/><V38/><F38/><W89/><G89/><N who="0" m="55663" /><D54/><U31/><E43/><V17/><F57/><W21/><G21/><T11/><D62/><U113/><E61/><V135/><F135/><W70/><G70/><T101/><D11/><U55/><E55/><V80/><F77/><W45/><AGARI ba="1,0" hai="44,45,47,64,65,67,110,111" m="48682,45579" machi="45" ten="50,12000,1" yaku="28,2,18,1,34,2" doraHai="96" who="3" fromWho="3" sc="302,-41,235,-41,147,-41,316,123" /><INIT seed="3,2,0,5,2,24" ten="261,194,106,439" oya="3" hai0="77,63,120,40,129,115,66,95,27,25,39,72,79" hai1="113,98,29,85,127,35,33,6,92,16,46,20,42" hai2="118,34,108,14,62,17,52,91,0,78,23,111,124" hai3="106,126,56,70,128,65,89,134,80,37,13,5,114"/><W101/><G37/><T53/><D120/><U28/><E113/><V131/><F118/><W76/><G70/><T83/><D79/><U84/><E35/><V67/><F0/><W75/><G114/><T7/><D129/><U60/><E33/><V8/><F131/><W99/><G128/><T59/><D115/><U44/><E6/><V30/><F124/><W22/><G126/><T125/><D125/><U88/><E60/><V51/><F78/><W15/><G134/><T68/><D95/><U41/><E46/><V74/><F74/><W1/><G22/><T123/><D7/><U94/><E127/><V132/><F91/><W93/><G56/><T96/><D96/><U82/><E94/><V105/><F105/><W12/><G65/><T18/><D18/><U87/><E82/><V116/><F116/><W36/><G36/><T54/><D54/><U48/><E42/><V73/><F73/><W119/><G119/><T10/><D10/><U109/><E109/><N who="2" m="42059" /><F132/><W117/><G117/><T69/><D69/><U107/><E107/><V112/><F112/><W58/><G58/><T90/><D90/><U21/><E21/><V11/><F30/><W133/><G133/><T49/><D123/><U121/><E121/><V19/><F19/><W26/><G1/><T110/><D110/><U38/><E38/><V32/><F32/><W81/><G5/><T71/><D68/><U3/><E3/><V86/><F86/><N who="3" m="52407" /><G81/><T104/><D104/><U43/><E43/><V97/><F34/><W102/><G102/><T2/><D2/><U9/><E20/><V130/><F23/><RYUUKYOKU ba="2,0" sc="261,10,194,10,106,-30,439,10" hai0="25,27,39,40,49,53,59,63,66,71,72,77,83" hai1="9,16,28,29,41,44,48,84,85,87,88,92,98" hai3="12,13,15,26,75,76,80,99,101,106" /><INIT seed="3,3,0,2,2,116" ten="271,204,76,449" oya="3" hai0="59,134,108,43,125,91,53,39,89,95,1,124,65" hai1="51,106,85,26,103,94,92,133,63,69,25,129,101" hai2="112,49,6,3,132,84,78,126,23,83,105,70,0" hai3="44,71,114,62,93,131,96,107,36,11,104,88,52"/><W77/><G77/><T68/><D1/><U99/><E129/><V33/><F33/><W7/><G114/><T10/><D108/><U37/><E37/><V16/><F112/><W29/><G131/><T32/><D32/><U27/><E133/><V102/><F70/><W15/><G29/><T21/><D10/><U90/><E69/><V31/><F132/><W56/><REACH who="3" step="1"/><G71/><REACH who="3" ten="271,204,76,439" step="2"/><T73/><D68/><U12/><E106/><V28/><F31/><W22/><G22/><T115/><D134/><U61/><E103/><V41/><F23/><W45/><G45/><T57/><D21/><U123/><E101/><V64/><F28/><W9/><G9/><T127/><D115/><U81/><E90/><V35/><F102/><W113/><G113/><T13/><D91/><U74/><E74/><V14/><F105/><W97/><G97/><T17/><D73/><U72/><E99/><V135/><F135/><W109/><G109/><T4/><D125/><U18/><E72/><V117/><F126/><W19/><G19/><T67/><D17/><U54/><E18/><V30/><F16/><W82/><G82/><T34/><D124/><U5/><E81/><V47/><F83/><W48/><G48/><T46/><D89/><U75/><E51/><V66/><F49/><W119/><G119/><T86/><D127/><U121/><E75/><V98/><F47/><W111/><G111/><T120/><D46/><U42/><E94/><V60/><F30/><W80/><G80/><T130/><D95/><U8/><E92/><V2/><F117/><W24/><G24/><T128/><D130/><RYUUKYOKU ba="3,1" sc="271,-10,204,-10,76,-10,439,30" hai3="7,11,15,36,44,52,56,62,88,93,96,104,107" /><INIT seed="3,4,1,5,5,71" ten="261,194,66,469" oya="3" hai0="93,98,42,4,70,36,96,15,99,58,90,68,9" hai1="72,80,102,92,2,43,121,22,67,73,118,30,25" hai2="75,52,59,95,77,61,55,76,3,83,5,17,31" hai3="0,100,87,34,37,49,66,112,20,46,56,94,122"/><W64/><G112/><T26/><D58/><U10/><E121/><V107/><F107/><W32/><G122/><T110/><D110/><U115/><E115/><V35/><F77/><W29/><G0/><T91/><D26/><U13/><E2/><V130/><F130/><W12/><G37/><T114/><D114/><U50/><E67/><V120/><F120/><W65/><G34/><T117/><D117/><U131/><E80/><V23/><F95/><W124/><G32/><T1/><D1/><U127/><E127/><V41/><F41/><N who="3" m="24783" /><G124/><T132/><D132/><U89/><E102/><V6/><F3/><W101/><G56/><T39/><D42/><U123/><E131/><V24/><REACH who="2" step="1"/><F55/><REACH who="2" ten="261,194,56,469" step="2"/><W105/><G105/><T11/><D93/><U133/><E123/><V63/><F63/><W129/><G129/><T113/><D113/><U104/><E104/><V134/><F134/><W78/><G78/><T109/><D109/><U69/><E133/><V103/><F103/><W84/><G101/><T47/><D91/><U53/><E89/><V81/><F81/><W128/><G128/><T57/><D90/><U97/><E92/><V18/><F18/><N who="3" m="10311" /><G100/><T135/><D135/><U21/><E53/><V27/><AGARI ba="4,2" hai="5,6,17,23,24,27,31,35,52,59,61,75,76,83" machi="27" ten="20,8000,1" yaku="1,1,0,1,7,1,54,1,53,1" doraHai="71" doraHaiUra="79" who="2" fromWho="2" sc="261,-24,194,-24,56,112,469,-44" /><INIT seed="4,0,0,1,0,131" ten="237,170,168,425" oya="0" hai0="78,42,88,53,96,65,38,52,68,67,35,119,31" hai1="24,90,14,121,99,4,46,116,49,34,80,13,104" hai2="81,97,16,32,95,125,48,12,33,58,36,57,15" hai3="54,109,111,84,44,74,127,117,129,37,23,101,59"/><T113/><D119/><U1/><E121/><V27/><F36/><W105/><G117/><T102/><D113/><U3/><E116/><V29/><F125/><W70/><G74/><T17/><D78/><U40/><E3/><V18/><F33/><W89/><G70/><T66/><D68/><U72/><E1/><V0/><F0/><W122/><G23/><T7/><D7/><U63/><E63/><V28/><F81/><W76/><G76/><T128/><D128/><U93/><E104/><V73/><F73/><W21/><G129/><T62/><D42/><U118/><E118/><V130/><F130/><W56/><G127/><T20/><D38/><U2/><E2/><V69/><F29/><W98/><G122/><T124/><D31/><U115/><E115/><V79/><F79/><W61/><G21/><T106/><D35/><U26/><E34/><V134/><F134/><W83/><G37/><T47/><D47/><U123/><E123/><V22/><F48/><W43/><G59/><T126/><D62/><U103/><E72/><V114/><F69/><W92/><G105/><T108/><D108/><U135/><E135/><V39/><F39/><W8/><G111/><T85/><D126/><U94/><E80/><V45/><F45/><W9/><G109/><T133/><D133/><U64/><E64/><V107/><F107/><W41/><G44/><T5/><D124/><U132/><E132/><V91/><REACH who="2" step="1"/><F114/><REACH who="2" ten="237,170,158,425" step="2"/><W120/><G120/><T55/><D106/><U6/><E46/><V50/><F50/><W77/><G77/><T112/><D112/><U100/><E49/><RYUUKYOKU ba="0,1" sc="237,-15,170,-15,158,15,425,15" hai2="12,15,16,18,22,27,28,32,57,58,91,95,97" hai3="8,9,41,43,54,56,61,83,84,89,92,98,101" /><INIT seed="5,1,1,2,3,80" ten="222,155,173,440" oya="1" hai0="93,21,17,23,75,120,72,48,4,55,20,78,22" hai1="54,117,129,102,86,51,64,132,67,111,104,10,68" hai2="6,36,119,50,133,96,62,28,112,56,92,12,97" hai3="88,57,82,32,98,130,107,81,106,8,47,131,76"/><U103/><E117/><V125/><F36/><W37/><G32/><T45/><D120/><U34/><E34/><V53/><F119/><W134/><G8/><T90/><D4/><U27/><E129/><N who="3" m="49162" /><G57/><T101/><D101/><N who="1" m="38411" /><E68/><V89/><F125/><W77/><G47/><T3/><D3/><U38/><E104/><N who="3" m="39978" /><G37/><T29/><D29/><U43/><E132/><V60/><F133/><W52/><G52/><T39/><D78/><N who="3" m="30313" /><G134/><T65/><D65/><N who="1" m="25163" /><E111/><V33/><F28/><W94/><AGARI ba="1,1" hai="81,82,88,94,98" m="30313,39978,49162" machi="94" ten="40,8000,1" yaku="19,1,34,2,54,1" doraHai="80" who="3" fromWho="3" sc="222,-21,155,-41,173,-21,440,93" /><INIT seed="6,0,0,5,0,65" ten="201,114,152,533" oya="2" hai0="29,81,42,131,68,130,53,115,20,26,59,133,58" hai1="63,109,32,6,14,100,86,83,0,91,89,79,96" hai2="70,87,126,123,78,134,129,101,67,106,10,74,90" hai3="38,107,31,88,5,102,44,61,128,135,99,33,46"/><V43/><F123/><W27/><G128/><N who="0" m="49195" /><D68/><U110/><E32/><V82/><F129/><W111/><G135/><T49/><D133/><U92/><E0/><V125/><F43/><W51/><G111/><T124/><D124/><N who="2" m="47722" /><F134/><W127/><G5/><T103/><D103/><U13/><E110/><V34/><F34/><W97/><G127/><T117/><D115/><U28/><E28/><V71/><F67/><W75/><G75/><T16/><D42/><U3/><E109/><V72/><F72/><W2/><G2/><T48/><D81/><U60/><E3/><V56/><F56/><N who="0" m="21546" /><D53/><U25/><E25/><V23/><F23/><W112/><G112/><T98/><D98/><U80/><E14/><V64/><F64/><W45/><G61/><T18/><D117/><U120/><E120/><V66/><F66/><W8/><G38/><T41/><D41/><U22/><E63/><V36/><F36/><W122/><G122/><T85/><D85/><U4/><E60/><V39/><F39/><W119/><G119/><T12/><D29/><U116/><E116/><V11/><F101/><W17/><G31/><T1/><D1/><U95/><E100/><V30/><F106/><W62/><G102/><T77/><D77/><U114/><E114/><V121/><F30/><W93/><G107/><T7/><D7/><N who="1" m="2603" /><E79/><V37/><F37/><W132/><G132/><T94/><D49/><U52/><E52/><V9/><F121/><W21/><G51/><T108/><D48/><U40/><E40/><V24/><F24/><W113/><G27/><T73/><D108/><U50/><E50/><RYUUKYOKU ba="0,0" sc="201,-15,114,15,152,15,533,-15" hai1="13,22,80,83,86,89,91,92,95,96" hai2="9,10,11,70,71,74,78,82,87,90" /><INIT seed="6,1,0,4,4,106" ten="186,129,167,518" oya="2" hai0="68,117,39,47,113,129,10,95,27,11,25,8,112" hai1="16,97,31,78,20,36,72,77,104,101,132,1,19" hai2="64,66,99,126,119,59,2,15,121,88,7,91,28" hai3="83,70,41,61,74,125,0,43,35,6,63,96,124"/><V57/><F121/><W115/><G35/><T122/><D68/><U102/><E1/><V54/><F119/><W86/><G115/><N who="0" m="44107" /><D122/><U87/><E36/><V49/><F126/><N who="3" m="48747" /><G74/><T26/><D129/><U14/><E132/><V52/><F2/><W93/><G70/><T62/><D62/><N who="3" m="23561" /><G6/><T17/><D95/><U33/><E102/><V131/><F131/><W50/><G50/><T94/><D94/><U107/><E107/><V82/><F28/><W120/><G0/><T75/><D75/><U118/><E118/><V23/><F99/><W116/><G116/><T65/><D65/><N who="2" m="25194" /><F82/><W44/><G44/><T111/><D111/><U53/><E97/><V85/><F23/><W134/><G134/><T76/><D117/><U21/><E33/><V58/><F54/><W73/><G73/><T56/><D56/><N who="2" m="21610" /><F85/><W60/><G60/><T123/><D123/><U127/><E127/><V32/><F32/><W42/><G120/><T45/><D10/><AGARI ba="1,0" hai="7,10,15,49,52,59,88,91" m="21610,25194" machi="10" ten="30,5800,0" yaku="8,1,54,2" doraHai="106" who="2" fromWho="0" sc="186,-61,129,0,167,61,518,0" /><INIT seed="6,2,0,5,1,29" ten="125,129,228,518" oya="2" hai0="22,115,19,13,8,24,117,30,33,86,37,68,96" hai1="107,104,66,87,93,105,119,78,106,75,1,132,6" hai2="131,0,84,36,103,118,121,40,49,15,124,77,53" hai3="90,41,39,11,100,67,72,10,44,55,88,65,123"/><V7/><F121/><W9/><G123/><T97/><D115/><U47/><E66/><V56/><F118/><W60/><G72/><T108/><D108/><U110/><E119/><V98/><F124/><W109/><G100/><T74/><D117/><U46/><E110/><V85/><F131/><W116/><G109/><T32/><D74/><U35/><E107/><V5/><F0/><W122/><G122/><T92/><D68/><U80/><E132/><V28/><F28/><W127/><G127/><T48/><D37/><U23/><E23/><V133/><F133/><W135/><G135/><T102/><D86/><U81/><E35/><V57/><F57/><W34/><G34/><T129/><D129/><U79/><REACH who="1" step="1"/><E93/><REACH who="1" ten="125,119,228,518" step="2"/><V45/><F77/><W120/><G116/><T17/><D48/><U91/><E91/><V52/><F36/><W94/><G120/><T126/><D126/><U25/><E25/><V76/><F76/><W70/><G90/><T2/><D2/><U16/><E16/><V73/><F49/><N who="3" m="26767" /><G70/><T134/><D134/><U20/><E20/><V64/><F64/><W114/><G39/><T61/><D61/><U26/><E26/><V3/><F7/><W130/><G130/><T54/><D30/><U99/><E99/><V69/><F98/><N who="3" m="57671" /><G114/><T59/><D97/><U83/><E83/><V43/><F5/><W42/><G67/><T4/><D4/><U125/><E125/><V12/><F69/><W51/><G65/><T63/><AGARI ba="2,1" hai="8,13,17,19,22,24,32,33,54,59,63,92,96,102" machi="63" ten="20,5200,0" yaku="0,1,7,1,52,2" doraHai="29" who="0" fromWho="0" sc="125,68,119,-15,228,-28,518,-15" /><INIT seed="7,0,0,2,5,40" ten="193,104,200,503" oya="3" hai0="66,84,103,46,68,65,50,4,56,11,132,83,119" hai1="95,14,25,62,61,70,72,82,31,130,108,26,30" hai2="54,37,102,0,64,53,33,59,67,39,92,13,24" hai3="129,20,88,23,16,43,32,100,17,124,106,29,113"/><W104/><G43/><N who="0" m="24927" /><D119/><U125/><E108/><V21/><F0/><W105/><G113/><T126/><D68/><U15/><E130/><V89/><F33/><W45/><G129/><T81/><D103/><U120/><E70/><V27/><F102/><W73/><G73/><T19/><D126/><U114/><E72/><V77/><F77/><W135/><G124/><T63/><D132/><U10/><E125/><V58/><F13/><W79/><G135/><T93/><D65/><U36/><E95/><V80/><F80/><W122/><G79/><T109/><D4/><U101/><E101/><V2/><F2/><W75/><G75/><T86/><D93/><U78/><E36/><V9/><F9/><W121/><G100/><T112/><D112/><U74/><E120/><V118/><F92/><W18/><G106/><T69/><D69/><U35/><E114/><V71/><F71/><W38/><G105/><T91/><D109/><U7/><REACH who="1" step="1"/><E15/><REACH who="1" ten="193,94,200,503" step="2"/><V97/><F39/><W116/><G38/><T98/><D83/><U44/><E44/><V76/><F37/><W41/><G45/><T96/><D84/><U6/><E6/><V1/><F1/><W60/><G122/><T99/><D99/><U49/><E49/><V131/><F97/><W42/><G121/><T87/><D87/><U134/><E134/><V3/><F3/><W57/><G104/><T34/><D98/><U110/><E110/><V107/><F107/><W47/><G47/><T28/><D96/><U133/><E133/><V111/><F111/><W94/><G94/><T52/><D86/><U48/><E48/><RYUUKYOKU ba="0,1" sc="193,-10,94,30,200,-10,503,-10" hai1="7,10,14,25,26,30,31,35,61,62,74,78,82" owari="183,-22.0,124,-38.0,190,-1.0,503,61.0" /></mjloggm>