<mjloggm ver="2.3"><GO type="41" lobby="0"/><UN n0="%E2%93%9D%53%75%70%68%78" n1="%73%61%69%6B%79%6F" n2="%E3%81%8A%E3%81%8B%E3%81%A3%E3%81%B4%E3%81%8D%30%31" n3="%E5%A4%A9%E5%87%B0%E3%81%82%E3%82%8A%E3%81%8C%E3%81%A8%E3%81%86" dan="17,13,13,13" rate="2044.60,1894.29,1881.27,1807.71" sx="M,M,M,M"/><TAIKYOKU oya="0"/><INIT seed="0,0,0,0,5,123" ten="250,250,250,250" oya="0" hai0="24,40,67,118,75,52,110,131,70,7,96,3,90" hai1="28,134,0,18,39,13,1,120,121,84,44,81,38" hai2="95,65,49,94,105,55,80,101,82,26,117,71,100" hai3="10,8,77,4,98,87,43,133,9,6,47,88,21"/><T69/><D118/><U35/><E134/><V60/><F117/><W5/><G133/><T42/><D75/><U19/><E19/><V22/><F105/><W32/><G32/><T11/><D131/><U126/><E126/><V124/><F124/><W132/><G132/><T116/><D116/><U41/><E39/><V57/><F95/><W14/><G77/><T97/><D67/><U53/><E53/><V34/><F34/><W20/><G98/><T63/><D24/><U74/><E28/><V83/><REACH who="2" step="1"/><F94/><REACH who="2" ten="250,250,240,250" step="2"/><W128/><G128/><T29/><D97/><U102/><E35/><V125/><F125/><W115/><G115/><T50/><D96/><U104/><E104/><V76/><F76/><W48/><REACH who="3" step="1"/><G14/><REACH who="3" ten="250,250,240,240" step="2"/><T127/><D127/><U61/><E13/><V51/><F51/><W130/><G130/><T135/><D50/><U64/><E121/><V122/><F122/><W114/><G114/><T45/><D135/><U62/><E120/><V119/><F119/><W23/><G23/><T36/><D36/><U16/><E38/><V78/><F78/><W99/><G99/><T103/><D103/><U79/><E102/><V17/><AGARI ba="0,2" hai="17,22,26,49,55,57,60,65,71,80,82,83,100,101" machi="17" ten="30,2000,0" yaku="1,1,0,1,53,0" doraHai="123" doraHaiUra="113" who="2" fromWho="2" sc="250,-10,250,-5,240,40,240,-5" /><INIT seed="1,0,0,3,5,30" ten="240,245,280,235" oya="1" hai0="134,103,63,21,96,45,98,113,121,97,116,14,86" hai1="129,69,1,77,33,92,34,2,68,58,89,57,112" hai2="46,101,93,84,79,53,123,27,76,25,124,81,108" hai3="85,40,61,43,37,55,133,125,70,62,80,4,29"/><U126/><E112/><V83/><F123/><W18/><G133/><T5/><D116/><U54/><E77/><V56/><F124/><W109/><G125/><T131/><D131/><U20/><E126/><V47/><F108/><W13/><G109/><T42/><D113/><U64/><E129/><V19/><F27/><W48/><G70/><T87/><D134/><U3/><E64/><V71/><F71/><W122/><G4/><T118/><D118/><U135/><E135/><V15/><F25/><W117/><G117/><T6/><D103/><U99/><E20/><V130/><F130/><W94/><G94/><T74/><D74/><U44/><E44/><V82/><F82/><W91/><G29/><T132/><D63/><N who="3" m="24073" /><G37/><T16/><D121/><U119/><E119/><V110/><F110/><W60/><N who="3" m="24081" /><W65/><DORA hai="100" /><G65/><T88/><D87/><U66/><E66/><V32/><F32/><W11/><G122/><T95/><REACH who="0" step="1"/><D132/><REACH who="0" ten="230,245,280,235" step="2"/><U28/><E69/><V26/><F101/><W73/><G73/><T78/><D78/><U24/><E68/><V36/><F36/><AGARI ba="0,1" hai="5,6,14,16,21,36,42,45,86,88,95,96,97,98" machi="36" ten="40,5200,0" yaku="1,1,54,2,53,0" doraHai="30,100" doraHaiUra="105,67" who="0" fromWho="2" sc="230,62,245,0,280,-52,235,0" /><INIT seed="2,0,0,0,3,120" ten="292,245,228,235" oya="2" hai0="26,13,51,40,25,102,62,103,14,100,84,47,113" hai1="92,46,36,79,122,9,53,81,99,71,64,28,89" hai2="66,78,93,30,116,130,12,59,105,19,70,91,88" hai3="86,52,85,80,22,108,118,114,29,8,82,83,27"/><V55/><F116/><W132/><G132/><T124/><D113/><U133/><E133/><V61/><F105/><W31/><G118/><T15/><D124/><U129/><E122/><V107/><F107/><W32/><G114/><T69/><REACH who="0" step="1"/><D84/><REACH who="0" ten="282,245,228,235" step="2"/><U5/><E129/><V77/><F130/><W43/><G86/><T112/><D112/><U121/><E121/><V135/><F135/><W23/><G85/><T18/><D18/><U10/><E28/><V96/><F30/><W134/><G29/><T57/><D57/><U101/><E5/><V37/><F91/><W97/><G134/><T4/><D4/><U65/><E71/><V125/><F125/><W87/><G87/><T45/><D45/><U2/><E46/><V58/><F70/><W1/><G31/><T39/><D39/><U41/><E36/><V104/><F37/><W76/><G83/><T90/><D90/><U109/><E89/><V48/><F104/><W131/><G82/><T127/><D127/><U128/><E81/><V6/><REACH who="2" step="1"/><F6/><REACH who="2" ten="282,245,218,235" step="2"/><W74/><G131/><T110/><D110/><U49/><E109/><V33/><F33/><W72/><G32/><T115/><D115/><U119/><E128/><V67/><F67/><AGARI ba="0,2" hai="13,14,15,25,26,40,47,51,62,67,69,100,102,103" machi="67" ten="40,1300,0" yaku="1,1,53,0" doraHai="120" doraHaiUra="17" who="0" fromWho="2" sc="282,33,245,0,218,-13,235,0" /><INIT seed="3,0,0,0,2,123" ten="315,245,205,235" oya="3" hai0="69,82,21,74,76,57,85,114,71,11,103,47,116" hai1="42,115,0,126,22,59,20,36,46,132,48,25,131" hai2="121,110,88,107,95,7,17,40,43,75,28,58,5" hai3="73,133,77,64,56,19,117,61,49,33,83,112,55"/><W1/><G112/><T30/><D116/><U134/><E115/><V86/><F121/><W87/><G117/><T53/><D114/><U96/><E0/><V39/><F107/><W6/><G133/><N who="1" m="51306" /><E126/><V37/><F75/><W100/><G33/><T16/><D103/><U90/><E131/><V60/><F28/><W125/><G125/><T119/><D74/><U52/><E25/><V4/><F110/><W70/><G100/><T80/><D80/><U24/><E24/><V92/><F39/><W128/><G128/><T54/><D11/><U93/><AGARI ba="0,0" hai="20,22,36,42,46,48,52,59,90,93,96" m="51306" machi="93" ten="30,2000,0" yaku="20,1,54,1" doraHai="123" who="1" fromWho="1" sc="315,-5,245,20,205,-5,235,-10" /><INIT seed="4,0,0,4,0,21" ten="310,265,200,225" oya="0" hai0="129,12,82,37,68,117,46,115,124,43,97,86,69" hai1="47,45,4,14,116,59,83,51,41,8,109,93,10" hai2="29,131,96,76,18,61,28,57,87,103,66,130,30" hai3="35,126,55,92,25,100,114,78,13,24,36,77,54"/><T27/><D117/><U121/><E109/><V48/><F48/><W23/><G36/><T112/><D124/><U32/><E32/><V99/><F18/><N who="3" m="10703" /><G35/><T5/><D129/><U34/><E34/><V85/><F76/><N who="3" m="29291" /><G114/><N who="0" m="43563" /><D97/><U125/><E116/><V38/><F38/><W81/><G81/><T56/><D56/><U135/><E135/><V88/><F87/><W89/><G100/><T73/><D73/><U0/><E121/><V132/><F132/><W52/><G126/><T72/><D72/><U120/><E120/><V118/><F118/><W17/><G17/><T101/><D101/><U39/><E125/><V64/><F64/><W127/><G127/><T2/><D82/><U50/><E59/><V133/><F133/><W105/><G105/><T84/><D69/><U16/><E93/><V9/><F9/><W40/><G40/><T67/><D67/><U22/><E47/><V71/><F71/><W108/><G108/><T44/><D44/><U110/><E110/><V123/><F123/><W26/><G55/><T106/><D106/><U19/><REACH who="1" step="1"/><E83/><REACH who="1" ten="310,255,200,225" step="2"/><V58/><F58/><W60/><G60/><T62/><D62/><U31/><E31/><V63/><F63/><W65/><G65/><T3/><D68/><U94/><E94/><N who="2" m="54543" /><F103/><W49/><G49/><T95/><D37/><U6/><E6/><V75/><F75/><W119/><G119/><T102/><D102/><U33/><E33/><V80/><F80/><W42/><G42/><T98/><D43/><U128/><E128/><AGARI ba="0,1" hai="28,29,30,57,61,66,96,99,128,130,131" m="54543" machi="128" ten="30,2000,0" yaku="19,1,54,1" doraHai="21" who="2" fromWho="1" sc="310,0,255,-20,200,30,225,0" /><INIT seed="5,0,0,1,2,85" ten="310,235,230,225" oya="1" hai0="118,121,127,12,62,37,125,25,110,97,66,15,61" hai1="50,100,24,40,95,79,45,114,10,14,6,94,67" hai2="65,112,19,82,18,98,3,75,57,56,46,23,92" hai3="0,32,123,73,54,68,126,119,104,63,60,1,34"/><U81/><E114/><V72/><F3/><W93/><G123/><T5/><D110/><U27/><E67/><V133/><F133/><W71/><G104/><T36/><D118/><U43/><E43/><V99/><F46/><W83/><G83/><T4/><D25/><U129/><E129/><V111/><F111/><W131/><G73/><T103/><D97/><U106/><E106/><V78/><F112/><W20/><G93/><T115/><D115/><U13/><E13/><V132/><F132/><W7/><G20/><T108/><D108/><U105/><E105/><V59/><F75/><W58/><G58/><T44/><D44/><U89/><E100/><V107/><F107/><W26/><G26/><T11/><D103/><U134/><E134/><V128/><F128/><W96/><G131/><T16/><D121/><U55/><E55/><V74/><F74/><W86/><G86/><T31/><D31/><U77/><E95/><V120/><F120/><W39/><G96/><T38/><D66/><U9/><E9/><V87/><F72/><W70/><G70/><T64/><D64/><U41/><E41/><V69/><F69/><W91/><G119/><T2/><D2/><U52/><E40/><V29/><F65/><W33/><G33/><T53/><D53/><U80/><E80/><V42/><F42/><W116/><G54/><T47/><D47/><U17/><E6/><N who="0" m="2665" /><D15/><U113/><E113/><V88/><F99/><W35/><G7/><T76/><D76/><N who="1" m="29259" /><E81/><V124/><F124/><AGARI ba="0,0" hai="11,12,16,36,37,38,61,62,124,125,127" m="2665" machi="124" ten="40,2600,0" yaku="18,1,54,1" doraHai="85" who="0" fromWho="2" sc="310,26,235,0,230,-26,225,0" /><INIT seed="6,0,0,4,1,43" ten="336,235,204,225" oya="2" hai0="122,97,47,60,104,89,76,56,135,74,100,51,66" hai1="15,103,55,24,52,33,108,117,26,17,72,45,29" hai2="41,25,34,132,44,40,91,116,7,9,6,86,48" hai3="107,49,5,50,109,119,65,113,101,35,93,28,32"/><V22/><F116/><W31/><G119/><T14/><D135/><U23/><E108/><V121/><F121/><W42/><G109/><T94/><D122/><U61/><E72/><V129/><F129/><W0/><G107/><T73/><D76/><U78/><E78/><V131/><F131/><W71/><G71/><T125/><D125/><U70/><E117/><V80/><F34/><W98/><G65/><T46/><D46/><U82/><E82/><V128/><F128/><W81/><G113/><T115/><D14/><U77/><E77/><V19/><F132/><W124/><G81/><T1/><D1/><U57/><E103/><V114/><F114/><W59/><G124/><T99/><D115/><U112/><E70/><V96/><F96/><W92/><G5/><T36/><D36/><U83/><E83/><V20/><F20/><W69/><G69/><T11/><D11/><U111/><E111/><V64/><F64/><W58/><G0/><T102/><D102/><U39/><E112/><V68/><F68/><W75/><G101/><T105/><D105/><U90/><E90/><V53/><F7/><W54/><G98/><T120/><D120/><U38/><REACH who="1" step="1"/><E26/><REACH who="1" ten="336,225,204,225" step="2"/><V10/><REACH who="2" step="1"/><F10/><REACH who="2" ten="336,225,194,225" step="2"/><W62/><G35/><T95/><D104/><U106/><E106/><V85/><F85/><W127/><G32/><T3/><D74/><U79/><E79/><V13/><AGARI ba="0,2" hai="6,9,13,19,22,25,40,41,44,48,53,80,86,91" machi="13" ten="20,12000,1" yaku="1,1,0,1,7,1,8,1,52,1,53,0" doraHai="43" doraHaiUra="27" who="2" fromWho="2" sc="336,-40,225,-40,194,140,225,-40" /><INIT seed="6,1,0,3,0,104" ten="296,185,334,185" oya="2" hai0="1,110,126,118,93,50,119,27,23,66,24,5,42" hai1="96,44,6,105,67,53,46,65,18,33,124,102,94" hai2="54,60,128,32,86,4,9,31,91,68,76,61,0" hai3="107,85,98,90,123,40,78,116,2,38,48,70,77"/><V117/><F117/><N who="0" m="44554" /><D110/><U111/><E111/><V14/><F128/><W73/><G2/><T81/><D66/><U45/><E33/><V25/><F76/><W47/><G123/><T41/><D126/><U99/><E6/><V112/><F112/><W62/><G116/><T26/><D93/><U106/><E124/><V21/><F68/><W59/><G73/><T7/><D23/><U29/><E29/><V95/><F54/><N who="3" m="32199" /><G98/><T101/><D101/><U10/><E53/><V80/><F95/><N who="3" m="54735" /><G107/><T83/><D50/><U11/><E106/><V57/><F57/><W108/><G108/><T115/><D1/><U34/><E34/><V15/><F15/><W74/><G74/><T92/><D92/><U97/><E97/><V30/><F30/><W109/><G109/><T133/><D115/><U87/><E87/><V17/><AGARI ba="1,0" hai="0,4,9,14,17,21,25,31,32,60,61,80,86,91" machi="17" ten="30,6000,0" yaku="0,1,24,2" doraHai="104" who="2" fromWho="2" sc="296,-21,185,-21,334,63,185,-21" /><INIT seed="6,2,0,2,2,39" ten="275,164,397,164" oya="2" hai0="83,56,117,119,12,1,106,48,67,134,54,113,97" hai1="6,114,17,98,4,123,105,8,45,112,103,27,72" hai2="58,125,118,129,34,62,33,81,23,21,133,44,68" hai3="124,102,30,99,90,73,36,91,70,32,115,85,131"/><V87/><F118/><N who="0" m="45066" /><D1/><U132/><E72/><V63/><F133/><W121/><G70/><T104/><D113/><N who="1" m="43627" /><E132/><V78/><F129/><W61/><G36/><T130/><D130/><U25/><E123/><V100/><F125/><W7/><G7/><N who="1" m="2602" /><E45/><V80/><F100/><W110/><G91/><T53/><D67/><U28/><E28/><V41/><F68/><W35/><G99/><T94/><D83/><U38/><E38/><V18/><F23/><W82/><G85/><T122/><D122/><U51/><E51/><V49/><F81/><W52/><G61/><N who="0" m="35983" /><D134/><U29/><E29/><V116/><F116/><W86/><G30/><T107/><D48/><U71/><E71/><V66/><F63/><W2/><G121/><T3/><D3/><U96/><E96/><V109/><REACH who="2" step="1"/><F109/><REACH who="2" ten="275,164,387,164" step="2"/><W84/><G110/><T95/><D107/><U74/><E103/><V37/><F37/><W50/><G102/><T55/><D106/><U111/><E105/><V79/><F79/><W26/><G115/><T108/><D108/><U127/><E111/><V15/><AGARI ba="2,1" hai="15,18,21,33,34,41,44,49,58,62,66,78,80,87" machi="15" ten="20,12000,1" yaku="1,1,0,1,7,1,52,1,53,1" doraHai="39" doraHaiUra="75" who="2" fromWho="2" sc="275,-42,164,-42,387,136,164,-42" /><INIT seed="6,3,0,5,2,4" ten="233,122,523,122" oya="2" hai0="131,18,107,80,51,65,7,122,60,5,39,52,67" hai1="90,79,71,133,62,89,135,126,116,70,72,29,128" hai2="117,19,26,83,109,12,43,103,27,50,44,64,98" hai3="69,112,0,121,81,91,14,54,85,93,38,8,76"/><V3/><F117/><W94/><G121/><T74/><D107/><U57/><E116/><V129/><F3/><W110/><G110/><T84/><D74/><U77/><E29/><V24/><F109/><W106/><G69/><T59/><D131/><U13/><E13/><V37/><F129/><W31/><G106/><T1/><D39/><U20/><E20/><V97/><F37/><W15/><G38/><T123/><D67/><U56/><E128/><V100/><F64/><W132/><G132/><T49/><D49/><U87/><E87/><V124/><F124/><W10/><G0/><T58/><D18/><U75/><REACH who="1" step="1"/><E62/><REACH who="1" ten="233,112,523,122" step="2"/><V45/><F83/><W86/><G31/><T66/><D1/><U99/><E99/><N who="2" m="37899" /><F45/><W114/><G94/><T6/><D123/><U11/><E11/><AGARI ba="3,1" hai="11,12,19,24,26,27,43,44,50,100,103" m="37899" machi="11" ten="30,2900,0" yaku="8,1,52,1" doraHai="4" who="2" fromWho="1" sc="233,0,112,-38,523,48,122,0" /><INIT seed="6,4,0,1,0,62" ten="233,74,571,122" oya="2" hai0="106,16,116,126,48,52,57,78,135,18,133,73,117" hai1="55,109,82,110,39,113,81,20,26,58,51,22,123" hai2="131,90,65,33,44,75,63,0,66,25,127,30,101" hai3="46,60,88,8,49,3,119,71,34,70,103,59,120"/><V42/><F75/><W118/><G34/><T95/><D106/><U17/><E113/><V100/><F0/><W45/><G103/><T28/><D28/><U105/><E39/><V83/><F131/><W122/><G8/><T124/><D95/><U68/><E105/><V5/><F127/><N who="0" m="48682" /><D78/><U107/><E107/><V6/><F101/><W13/><G13/><T32/><D32/><U4/><E4/><V69/><F100/><W86/><G3/><T40/><D40/><U92/><E123/><N who="3" m="47146" /><G88/><T29/><D29/><U54/><E68/><N who="3" m="26154" /><G86/><T130/><D73/><U47/><E92/><V99/><F65/><N who="3" m="39071" /><G45/><T56/><D130/><U121/><E121/><V2/><F2/><W35/><G35/><T19/><D57/><U67/><E110/><V43/><F43/><AGARI ba="4,0" hai="43,46,49,118,119" m="39071,26154,47146" machi="43" ten="30,3900,0" yaku="34,2,52,1" doraHai="62" who="3" fromWho="2" sc="233,0,74,0,571,-51,122,51" /><INIT seed="7,0,0,3,1,7" ten="233,74,520,173" oya="3" hai0="9,42,123,73,116,74,81,39,65,59,108,89,3" hai1="76,18,124,22,54,100,15,115,41,70,60,132,46" hai2="36,28,88,32,29,34,25,33,44,14,111,97,47" hai3="92,121,125,58,43,93,6,130,21,69,127,26,98"/><W126/><G69/><T109/><D116/><U104/><E76/><V0/><F111/><W112/><G121/><T23/><D123/><U61/><E115/><V95/><F0/><W120/><G120/><T72/><D23/><U91/><E132/><V53/><F36/><W107/><G112/><T103/><D59/><U57/><E124/><V62/><F14/><W113/><G113/><T50/><D50/><U122/><E122/><V128/><F128/><W38/><G130/><T12/><D103/><U67/><E104/><V13/><F13/><W77/><G77/><T30/><D89/><U135/><E135/><V40/><F40/><W84/><G6/><T96/><D74/><U87/><E100/><V131/><F131/><W101/><G84/><T118/><D73/><U99/><E99/><V102/><F102/><W19/><G58/><T4/><D72/><U129/><E129/><V68/><F68/><W2/><G2/><T37/><D3/><U1/><E1/><V63/><F28/><W133/><G133/><T17/><D30/><U114/><E114/><V35/><REACH who="2" step="1"/><F53/><REACH who="2" ten="233,74,510,173" step="2"/><W85/><REACH who="3" step="1"/><G85/><REACH who="3" ten="233,74,510,163" step="2"/><T119/><D109/><U134/><E134/><V5/><F5/><W8/><G8/><T24/><D9/><U105/><E105/><V94/><F94/><W56/><G56/><T20/><D108/><U117/><E117/><V110/><F110/><W10/><G10/><T90/><D119/><U86/><REACH who="1" step="1"/><E91/><REACH who="1" ten="233,64,510,163" step="2"/><V79/><F79/><W49/><G49/><AGARI ba="0,3" hai="15,18,22,41,46,49,54,57,60,61,67,70,86,87" machi="49" ten="30,8000,1" yaku="1,1,2,1,7,1,53,2" doraHai="7" doraHaiUra="83" who="1" fromWho="3" sc="233,0,64,110,510,0,163,-80" owari="233,3.0,174,-23.0,510,62.0,83,-42.0" /></mjloggm>