<mjloggm ver="2.3"><GO type="41" lobby="0"/><UN n0="%E2%93%9D%53%75%70%68%78" n1="%E3%82%BF%E3%83%8B%E3%81%A1%E3%82%83%E3%82%93" n2="%E3%81%B3%E3%83%BC%E3%81%A1%E3%82%87%E3%81%86" n3="%E5%B9%BB%E9%A6%AC%E9%B9%BF%E5%BA%B5" dan="18,14,15,14" rate="2082.81,1897.36,1935.13,1960.89" sx="M,M,M,M"/><TAIKYOKU oya="0"/><INIT seed="0,0,0,4,0,18" ten="250,250,250,250" oya="0" hai0="99,42,94,39,14,35,105,111,84,103,51,3,38" hai1="123,101,97,104,57,113,24,75,129,135,48,117,118" hai2="109,63,49,26,68,130,70,115,72,88,106,53,28" hai3="46,16,89,86,10,126,95,114,122,125,31,25,50"/><T30/><D3/><U11/><E48/><V43/><F106/><W59/><G114/><T36/><D111/><U54/><E11/><V4/><F72/><W107/><G107/><T1/><D1/><U9/><E9/><V29/><F4/><W82/><G122/><T58/><D14/><U102/><E54/><V17/><F115/><W134/><G134/><T66/><D35/><U83/><E24/><V128/><F43/><W65/><G126/><T37/><D30/><U100/><E57/><V19/><F63/><N who="3" m="38143" /><G95/><T110/><D110/><U21/><E21/><N who="2" m="13615" /><F109/><W27/><G125/><T132/><D132/><U90/><E123/><V93/><F70/><W56/><G56/><T98/><D39/><U74/><E135/><V20/><F68/><W108/><G108/><T8/><D38/><U6/><E6/><V33/><F33/><W7/><G7/><T23/><D37/><U41/><E41/><V116/><F116/><W62/><G62/><T40/><D40/><U79/><E113/><V2/><F2/><W92/><G31/><T124/><D124/><U87/><E129/><N who="2" m="49771" /><F53/><N who="3" m="29911" /><G92/><T12/><D36/><U77/><E118/><V34/><F34/><W52/><G52/><T15/><D42/><U112/><E112/><V69/><F49/><W73/><G73/><N who="1" m="27658" /><E117/><V131/><F69/><W119/><G119/><T47/><D51/><U61/><E61/><V133/><F133/><W60/><G60/><T55/><D55/><U121/><E121/><V96/><F131/><W127/><G127/><T80/><D58/><U81/><E77/><V76/><F76/><W71/><G71/><RYUUKYOKU ba="0,0" sc="250,-30,250,10,250,10,250,10" hai1="79,81,83,87,90,97,100,101,102,104" hai2="19,20,28,29,88,93,96" hai3="10,16,25,27,82,86,89" /><INIT seed="1,1,0,2,0,82" ten="220,260,260,260" oya="1" hai0="70,44,87,69,32,77,91,48,135,19,85,53,49" hai1="9,73,34,64,127,78,45,79,94,97,18,55,27" hai2="76,92,60,129,1,123,106,25,0,121,133,54,24" hai3="36,5,8,120,117,13,22,38,2,28,68,116,89"/><U26/><E127/><V7/><F106/><W80/><G68/><T52/><D32/><U4/><E64/><V56/><F76/><W101/><G101/><T124/><D124/><U21/><E34/><V109/><F109/><W75/><G120/><T50/><D135/><U102/><E73/><V42/><F133/><W40/><G28/><T107/><D107/><U111/><E111/><V105/><F105/><W81/><G81/><N who="0" m="47279" /><D70/><U35/><E35/><V16/><F42/><W30/><G75/><T47/><D69/><U14/><E27/><V31/><F7/><W83/><G83/><N who="0" m="49663" /><D19/><U118/><E118/><N who="3" m="45674" /><G30/><T72/><D72/><U74/><E74/><V57/><F0/><W71/><G71/><T3/><D3/><U46/><E46/><AGARI ba="1,0" hai="44,46,47,48,49,50,52,53" m="49663,47279" machi="46" ten="30,7700,0" yaku="8,1,52,2,54,1" doraHai="82" who="0" fromWho="1" sc="220,80,260,-80,260,0,260,0" /><INIT seed="2,0,0,3,1,16" ten="300,180,260,260" oya="2" hai0="7,129,30,90,46,82,67,128,44,13,116,60,113" hai1="11,124,106,72,115,126,36,81,84,29,125,43,35" hai2="69,135,0,50,49,14,63,20,31,59,130,40,28" hai3="89,103,48,122,34,110,6,83,64,118,68,117,42"/><V127/><F0/><W65/><G103/><T71/><D113/><U91/><E115/><V119/><F119/><W3/><G34/><T56/><D30/><U99/><E36/><V86/><F69/><W62/><G3/><T33/><D33/><U104/><E43/><V109/><F127/><W96/><G96/><T37/><D7/><U2/><E2/><V131/><F135/><W1/><G1/><T58/><D13/><U5/><E5/><V77/><F28/><W111/><G6/><T108/><D90/><U39/><E39/><V132/><F132/><W66/><G89/><T100/><D82/><U70/><E70/><V18/><F109/><N who="3" m="41483" /><G83/><T88/><D88/><N who="1" m="51215" /><E11/><V8/><F77/><W92/><G92/><T133/><D108/><U61/><E61/><V52/><F86/><W4/><G4/><T54/><D133/><U85/><E72/><V9/><F9/><W19/><G19/><T45/><D100/><U97/><E29/><V75/><F75/><W47/><G122/><T114/><D114/><U102/><E35/><V98/><F98/><N who="1" m="37385" /><E102/><V15/><F31/><W24/><G24/><T32/><D32/><U87/><E87/><V105/><F105/><W51/><G51/><N who="0" m="30815" /><D37/><U79/><E79/><V123/><F123/><W134/><G134/><T94/><D94/><AGARI ba="0,0" hai="85,91,94,104,106,124,125,126" m="37385,51215" machi="94" ten="30,7700,0" yaku="18,1,34,2,54,1" doraHai="16" who="1" fromWho="0" sc="300,-77,180,77,260,0,260,0" /><INIT seed="3,0,0,2,1,84" ten="223,257,260,260" oya="3" hai0="12,134,71,8,26,104,85,21,91,72,39,65,54" hai1="106,49,105,77,117,96,47,86,13,60,50,56,63" hai2="107,4,67,30,34,79,7,17,48,135,102,128,98" hai3="18,127,109,70,46,88,120,122,119,19,31,16,132"/><W92/><G119/><T116/><D72/><U20/><E117/><V133/><F79/><W57/><G70/><T29/><D116/><U90/><E77/><V110/><F128/><W74/><G74/><T73/><D73/><U101/><E106/><V83/><F110/><W78/><G78/><T52/><D104/><U100/><E100/><V24/><F83/><W87/><G109/><T51/><D39/><U64/><E63/><V32/><F34/><W3/><G3/><T123/><D134/><N who="2" m="51210" /><F48/><W69/><G69/><T38/><D38/><U75/><E75/><V15/><F67/><W81/><G132/><T28/><D123/><U0/><E0/><V113/><F113/><W103/><G127/><T118/><D29/><U111/><E111/><V25/><F25/><W59/><G31/><T5/><D118/><U61/><E61/><V10/><AGARI ba="0,0" hai="4,7,10,15,17,24,30,32,98,102,107" m="51210" machi="10" ten="30,1100,0" yaku="20,1" doraHai="84" who="2" fromWho="2" sc="223,-3,257,-3,260,11,260,-5" /><INIT seed="4,0,0,4,4,47" ten="220,254,271,255" oya="0" hai0="96,83,3,117,6,44,91,32,101,129,88,89,37" hai1="40,35,132,134,116,90,118,102,62,71,55,16,59" hai2="30,97,68,20,28,38,72,76,123,14,51,2,93" hai3="57,1,17,60,74,114,26,63,65,119,24,50,5"/><T78/><D32/><U126/><E35/><V25/><F68/><W46/><G119/><T33/><D33/><U104/><E104/><V8/><F38/><W79/><G114/><T98/><D117/><U121/><E102/><V131/><F131/><W105/><G105/><T94/><D6/><U4/><E4/><V21/><F2/><W36/><G36/><T58/><D3/><U128/><E90/><V115/><F76/><W61/><G74/><T124/><D58/><U112/><E121/><V9/><F72/><W23/><G79/><T80/><D124/><U12/><E126/><V135/><F135/><N who="1" m="51753" /><E112/><V133/><F123/><W110/><G110/><T85/><D129/><U113/><E113/><V109/><F109/><W70/><G26/><T73/><D37/><U95/><E95/><V122/><F122/><W54/><REACH who="3" step="1"/><G70/><REACH who="3" ten="220,254,271,245" step="2"/><T29/><D29/><U84/><E71/><V48/><F133/><W0/><G0/><T107/><D44/><U125/><E125/><V52/><F115/><W15/><G15/><T19/><D19/><U13/><E13/><V82/><F30/><W66/><G66/><T111/><D111/><U108/><E108/><V7/><F8/><AGARI ba="0,1" hai="1,5,8,17,23,24,46,50,54,57,60,61,63,65" machi="8" ten="40,2600,0" yaku="1,1,52,1,53,0" doraHai="47" doraHaiUra="67" who="3" fromWho="2" sc="220,0,254,0,271,-26,245,36" /><INIT seed="5,0,0,1,0,92" ten="220,254,245,281" oya="1" hai0="90,119,34,47,68,8,12,41,106,98,71,69,13" hai1="122,113,0,19,73,94,87,101,54,52,77,100,62" hai2="86,131,75,116,36,57,89,29,123,21,96,45,115" hai3="18,31,60,64,85,132,40,59,78,65,93,95,55"/><U70/><E122/><V51/><F75/><W97/><G132/><T2/><D119/><U117/><E0/><V82/><F123/><W56/><G40/><T25/><D2/><U28/><E117/><V7/><F7/><W128/><G128/><T127/><D127/><U35/><E73/><V129/><F36/><W109/><G109/><T32/><D25/><U120/><E120/><V67/><F116/><W1/><G31/><T105/><D90/><U58/><E113/><V5/><F5/><W26/><G1/><T91/><D91/><U24/><E70/><V14/><F57/><W3/><G3/><T74/><D74/><U23/><E54/><V107/><F67/><W135/><G135/><T133/><D133/><U79/><E101/><V104/><F104/><W33/><G33/><T6/><D13/><U121/><E121/><V84/><F84/><W103/><G93/><T125/><D125/><U110/><E110/><V42/><F115/><W111/><G111/><T53/><D53/><U16/><E87/><V22/><F29/><W50/><G65/><T102/><REACH who="0" step="1"/><D106/><REACH who="0" ten="210,254,245,281" step="2"/><U108/><E108/><V80/><F14/><W124/><G124/><T126/><D126/><U72/><E72/><V46/><F82/><N who="3" m="47319" /><G26/><T27/><D27/><U112/><E112/><V76/><F76/><N who="1" m="29257" /><E35/><V17/><F131/><W30/><G55/><T39/><AGARI ba="0,1" hai="6,8,12,32,34,39,41,47,68,69,71,98,102,105" machi="39" ten="30,7900,0" yaku="1,1,0,1,52,1,53,1" doraHai="92" doraHaiUra="10" who="0" fromWho="0" sc="210,89,254,-39,245,-20,281,-20" /><INIT seed="6,0,0,2,5,120" ten="299,215,225,261" oya="2" hai0="56,62,95,53,13,64,3,52,27,83,1,115,28" hai1="127,20,18,84,63,47,44,11,87,32,9,131,17" hai2="114,132,14,24,19,93,75,34,39,57,124,98,40" hai3="107,102,85,129,50,45,16,111,133,69,104,88,118"/><V0/><F75/><W116/><G69/><T130/><D115/><U43/><E131/><V123/><F123/><W65/><G65/><T8/><D130/><U73/><E32/><V103/><F114/><W31/><G31/><T22/><D83/><U106/><E106/><V126/><F0/><W121/><G121/><T80/><D80/><U58/><E73/><V89/><F34/><W86/><G129/><T6/><D3/><U38/><E127/><N who="2" m="48683" /><F24/><W59/><G59/><T23/><D1/><U112/><E112/><V67/><F40/><W108/><G133/><T10/><D10/><U51/><E9/><N who="2" m="6607" /><F39/><W109/><G16/><T92/><D23/><U97/><E97/><V101/><F132/><W100/><G104/><T7/><D7/><U4/><E18/><V91/><F103/><W71/><G71/><T77/><D77/><U68/><E68/><V21/><F21/><W15/><G15/><T60/><D53/><U36/><E11/><V82/><F82/><W66/><G66/><T33/><D33/><U74/><E4/><V110/><F110/><W55/><G102/><T35/><D35/><U96/><E74/><V26/><F26/><W79/><G79/><T119/><D119/><U122/><E38/><V70/><F70/><AGARI ba="0,0" hai="6,8,13,22,27,28,52,56,60,62,64,70,92,95" machi="70" ten="30,2000,0" yaku="7,1,54,1" doraHai="120" who="0" fromWho="2" sc="299,20,215,0,225,-20,261,0" /><INIT seed="7,0,0,1,2,32" ten="319,215,205,261" oya="3" hai0="16,90,134,131,123,75,46,92,13,72,39,50,18" hai1="45,47,114,104,115,117,110,19,126,111,21,3,76" hai2="27,4,78,15,73,69,61,109,119,2,85,80,31" hai3="107,41,34,54,17,129,67,55,71,106,99,33,23"/><W62/><G129/><T133/><D39/><U84/><E104/><V101/><F109/><W93/><G107/><T108/><D123/><U95/><E95/><V60/><F119/><W53/><G41/><N who="0" m="24911" /><D108/><U122/><E76/><V121/><F101/><W112/><G112/><T65/><D65/><U128/><E84/><V49/><F121/><W86/><G106/><T87/><D131/><U12/><E122/><V64/><F49/><W10/><G86/><T118/><D118/><U135/><E128/><V20/><F73/><N who="0" m="28234" /><D13/><U89/><E117/><V113/><F113/><N who="1" m="43017" /><E126/><V120/><F120/><W98/><G98/><T74/><D74/><U43/><E135/><AGARI ba="0,0" hai="16,18,87,90,92,133,134,135" m="28234,24911" machi="135" ten="30,2000,0" yaku="20,1,54,1" doraHai="32" who="0" fromWho="1" sc="319,20,215,-20,205,0,261,0" owari="339,43.0,195,-30.0,205,-19.0,261,6.0" /></mjloggm>