<mjloggm ver="2.3"><GO type="41" lobby="0"/><UN n0="%73%61%6B%61%70%6F%6C%79" n1="%54%50%2D%46%49%52%45" n2="%68%7A%6B" n3="%E2%93%9D%53%75%70%68%78" dan="13,14,14,16" rate="1909.58,1918.09,1962.20,2037.42" sx="M,M,M,M"/><TAIKYOKU oya="0"/><INIT seed="0,0,0,3,5,73" ten="250,250,250,250" oya="0" hai0="44,94,3,125,16,116,65,121,66,30,93,78,18" hai1="134,113,26,115,92,5,38,70,42,46,55,120,14" hai2="15,96,124,104,7,48,122,119,61,71,45,17,64" hai3="6,25,22,24,114,130,95,97,69,68,9,133,36"/><T10/><D121/><U29/><E120/><V79/><F122/><W128/><G36/><T103/><D116/><U89/><E70/><V35/><F119/><W100/><G114/><N who="1" m="43530" /><E55/><V131/><F131/><N who="3" m="50219" /><G133/><T62/><D125/><U50/><E134/><V11/><F35/><W34/><G34/><T105/><D105/><U102/><E102/><V77/><F124/><W43/><G43/><T81/><D30/><U2/><E2/><V40/><REACH who="2" step="1"/><F7/><REACH who="2" ten="250,250,240,250" step="2"/><W13/><G25/><T51/><D3/><U90/><E5/><V85/><F85/><W135/><G135/><T63/><D18/><AGARI ba="0,1" hai="6,9,13,18,22,24,68,69,95,97,100" m="50219" machi="18" ten="30,1000,0" yaku="19,1" doraHai="73" who="3" fromWho="0" sc="250,-10,250,0,240,0,250,20" /><INIT seed="1,0,0,2,0,10" ten="240,250,240,270" oya="1" hai0="92,57,102,69,60,71,63,108,135,27,43,126,31" hai1="96,101,25,132,54,15,112,67,68,106,65,109,8" hai2="119,3,59,84,20,78,34,41,72,123,95,107,23" hai3="35,134,1,21,124,12,19,76,39,17,38,93,29"/><U81/><E112/><V2/><F34/><W56/><G1/><T37/><D135/><U122/><E132/><V130/><F119/><W79/><G134/><T28/><D126/><U87/><E122/><V100/><F123/><W114/><G114/><T98/><D108/><U24/><E109/><V40/><F130/><W127/><G93/><T110/><D110/><U115/><E115/><V32/><F32/><W30/><G56/><T16/><D71/><U85/><E54/><V61/><F2/><W11/><G35/><T6/><D6/><U118/><E118/><V105/><F3/><W48/><G48/><T99/><D69/><U74/><E74/><V4/><F4/><W58/><G58/><T111/><D111/><U73/><E73/><V62/><F62/><W9/><G21/><N who="2" m="8265" /><F105/><W133/><G133/><T26/><D37/><U80/><E68/><V125/><F125/><W128/><REACH who="3" step="1"/><G12/><REACH who="3" ten="240,250,240,260" step="2"/><T90/><D60/><U97/><E106/><V5/><F107/><W36/><G36/><T86/><D63/><U70/><E70/><V117/><F61/><W50/><G50/><T33/><D57/><U49/><E49/><V13/><F59/><W64/><G64/><T83/><D43/><U131/><E8/><V18/><F40/><W91/><G91/><T52/><D52/><U46/><E46/><V75/><F41/><W7/><G7/><T45/><D45/><U66/><E67/><V77/><F95/><W104/><G104/><T22/><D92/><U82/><E66/><V14/><F13/><W103/><G103/><T120/><D102/><U0/><E101/><RYUUKYOKU ba="0,1" sc="240,-10,250,-10,240,-10,260,30" hai3="9,11,17,19,29,30,38,39,76,79,124,127,128" /><INIT seed="2,1,1,0,1,20" ten="230,240,230,290" oya="2" hai0="135,100,38,134,16,27,36,43,108,9,76,124,60" hai1="95,35,79,71,131,73,86,57,80,25,92,70,127" hai2="110,7,97,0,82,122,23,59,44,102,10,66,33" hai3="24,117,128,65,87,4,93,32,84,26,109,99,54"/><V74/><F33/><W130/><G117/><T88/><D108/><U5/><E131/><N who="3" m="50218" /><G109/><T52/><D124/><U104/><E127/><V119/><F110/><W103/><G32/><T30/><D100/><U112/><E112/><V96/><F119/><W94/><G65/><T14/><D76/><U40/><E104/><V22/><F122/><W55/><G4/><T8/><D9/><U64/><E40/><V129/><F129/><W115/><G115/><T101/><D101/><U126/><E126/><V98/><F102/><W120/><G120/><T69/><D69/><U56/><E5/><V19/><F44/><W116/><G116/><T28/><D28/><U81/><E64/><V29/><F29/><W58/><G55/><T41/><D38/><U17/><E35/><V90/><F19/><W83/><G94/><T39/><D39/><U34/><E34/><V6/><F6/><W123/><G123/><T133/><D88/><U2/><E2/><V45/><F45/><W15/><G15/><T63/><D63/><U12/><E12/><N who="2" m="5215" /><F74/><W37/><G37/><T13/><D13/><U105/><E105/><V114/><F0/><W42/><G42/><T132/><N who="0" m="33792" /><DORA hai="46" /><T107/><D107/><U48/><E71/><V75/><F75/><W53/><G103/><T49/><D60/><U50/><E70/><V61/><F114/><W77/><G77/><T118/><D118/><U111/><E111/><V68/><F68/><W106/><G106/><T125/><D125/><U89/><E95/><N who="2" m="56439" /><F82/><W91/><G83/><T31/><D36/><U18/><E81/><V21/><AGARI ba="1,1" hai="21,22,23,59,61,66,97,98" m="56439,5215" machi="21" ten="30,3000,0" yaku="5,1,8,1" doraHai="20,46" who="2" fromWho="2" sc="230,-11,240,-11,230,43,290,-11" /><INIT seed="2,2,0,5,4,130" ten="219,229,273,279" oya="2" hai0="96,66,68,48,113,76,97,78,129,32,108,43,90" hai1="56,77,63,49,13,26,34,16,21,53,112,7,64" hai2="52,39,10,81,31,111,74,94,91,75,133,4,100" hai3="24,69,104,101,29,79,107,67,117,51,102,35,44"/><V25/><F39/><W45/><G117/><T109/><D32/><U126/><E112/><V59/><F111/><W33/><G79/><T46/><D129/><U11/><E126/><V14/><F100/><W95/><G95/><T17/><D113/><U19/><E34/><V41/><F41/><W84/><G84/><T106/><D68/><U12/><E77/><V30/><F133/><W122/><G51/><T47/><D66/><U57/><REACH who="1" step="1"/><E13/><REACH who="1" ten="219,219,273,279" step="2"/><V37/><F14/><W9/><G35/><T70/><D109/><U125/><E125/><V28/><F25/><W83/><G24/><T89/><D108/><U36/><E36/><V58/><F37/><W116/><G33/><T8/><D78/><U92/><E92/><V0/><F94/><W1/><G107/><T114/><D76/><U72/><E72/><V23/><F75/><W60/><G104/><T6/><D106/><U50/><E50/><V62/><F74/><W120/><G120/><T5/><D114/><U110/><E110/><V121/><F121/><W87/><G122/><T128/><D128/><U119/><E119/><V132/><F81/><W3/><G83/><T73/><D48/><U54/><E54/><V55/><F55/><W27/><G116/><T118/><D73/><U40/><E40/><V99/><F52/><W42/><G42/><T103/><D43/><U71/><E71/><V98/><F0/><W15/><G3/><T82/><D70/><U88/><E88/><V131/><F91/><W18/><G1/><T2/><D118/><U86/><E86/><V22/><F131/><W124/><G124/><RYUUKYOKU ba="2,1" sc="219,-10,219,30,273,-10,279,-10" hai1="7,11,12,16,19,21,26,49,53,56,57,63,64" /><INIT seed="3,3,1,4,5,100" ten="209,249,263,269" oya="3" hai0="89,114,56,18,80,70,11,13,105,26,22,76,67" hai1="37,109,8,7,57,47,36,79,15,4,46,98,32" hai2="42,40,38,85,34,90,65,71,87,74,81,63,62" hai3="10,83,119,50,120,73,33,111,97,84,125,55,131"/><W135/><G119/><T94/><D114/><U99/><E32/><V16/><F74/><W31/><G120/><T112/><D70/><U0/><E79/><V39/><F34/><W64/><G73/><T103/><D112/><U3/><E57/><V106/><F106/><W110/><G131/><T35/><D35/><U128/><E15/><V19/><F62/><W60/><G135/><T61/><D103/><U75/><E109/><N who="3" m="41482" /><G10/><T52/><D105/><U104/><E104/><V27/><F27/><N who="3" m="18687" /><G97/><T121/><D121/><U1/><E75/><V127/><F127/><W5/><G5/><T48/><D80/><U102/><E102/><V58/><F87/><W86/><G125/><T116/><D76/><U59/><E128/><V53/><F85/><W93/><G93/><T30/><D116/><U45/><E59/><V6/><F6/><N who="1" m="2089" /><E8/><V2/><F58/><N who="3" m="33143" /><G83/><T101/><D101/><U115/><E115/><V43/><F81/><W72/><G72/><T92/><D92/><U54/><E54/><V44/><F53/><W113/><G113/><T88/><D94/><U41/><E41/><V9/><F43/><W130/><G130/><T117/><D117/><U68/><E68/><AGARI ba="3,1" hai="60,64,68,84,86" m="33143,18687,41482" machi="68" ten="30,2900,0" yaku="14,1,10,1" doraHai="100" who="3" fromWho="1" sc="209,0,249,-38,263,0,269,48" /><INIT seed="3,4,0,0,5,91" ten="209,211,263,317" oya="3" hai0="124,58,82,19,34,115,24,107,131,86,73,28,118" hai1="25,64,43,90,134,69,35,49,42,41,88,78,113" hai2="53,63,80,125,67,55,121,20,111,22,84,83,92" hai3="7,12,106,100,37,2,54,26,31,133,44,17,103"/><W135/><G7/><T119/><D107/><U130/><E113/><V93/><F111/><W52/><G2/><T10/><D73/><U85/><E134/><N who="3" m="51210" /><G37/><T21/><D115/><U102/><E130/><V99/><F125/><W18/><G44/><T45/><D131/><U11/><E102/><N who="3" m="38954" /><G106/><T132/><D124/><U105/><E105/><V104/><F104/><W39/><G39/><T32/><D132/><U127/><E127/><V50/><F121/><W101/><G101/><T96/><D45/><U1/><E1/><V89/><F20/><N who="3" m="13583" /><G31/><T68/><D68/><U126/><E126/><V47/><F22/><AGARI ba="4,0" hai="12,18,22,52,54" m="13583,38954,51210" machi="22" ten="30,2900,0" yaku="20,1,54,1" doraHai="91" who="3" fromWho="2" sc="209,0,211,0,263,-41,317,41" /><INIT seed="3,5,0,2,4,45" ten="209,211,222,358" oya="3" hai0="27,97,63,39,64,94,25,87,3,86,131,75,116" hai1="110,23,18,115,57,104,108,71,117,81,47,5,38" hai2="112,54,76,73,96,60,105,24,127,43,40,0,34" hai3="52,36,7,11,122,12,91,72,20,15,101,26,123"/><W30/><G36/><T133/><D116/><U4/><E104/><V13/><F0/><W29/><G72/><T42/><D3/><U70/><E117/><V51/><F112/><W14/><G101/><T17/><D131/><U49/><E115/><V106/><F127/><W41/><G41/><T65/><D133/><U129/><E129/><V125/><F125/><W100/><G100/><T16/><D75/><U37/><E81/><V90/><F73/><W69/><G69/><T67/><D39/><U128/><E128/><V61/><F76/><W135/><G91/><T95/><D42/><U102/><E102/><V9/><F34/><W77/><G52/><T126/><D63/><N who="2" m="24138" /><F105/><W31/><G77/><T1/><D1/><U53/><E37/><V130/><F24/><N who="0" m="9290" /><D126/><U2/><E2/><V89/><F106/><W99/><G135/><T132/><D132/><U33/><E33/><V6/><F130/><W50/><G123/><T114/><D114/><U78/><E78/><V85/><F96/><W111/><G99/><T66/><N who="0" m="16384" /><DORA hai="118" /><T109/><D109/><N who="1" m="42091" /><E71/><V80/><F90/><W58/><G122/><T59/><D59/><AGARI ba="5,0" hai="6,9,13,40,43,51,54,59,80,85,89" m="24138" machi="59" ten="30,2000,0" yaku="8,1,52,1" doraHai="45,118" who="2" fromWho="0" sc="209,-35,211,0,222,35,358,0" /><INIT seed="4,0,0,1,2,6" ten="174,211,257,358" oya="0" hai0="124,38,22,52,9,80,57,120,31,128,21,79,69" hai1="115,34,75,16,65,77,36,134,33,89,119,14,125" hai2="49,105,46,18,127,76,63,116,100,97,55,15,117" hai3="87,93,43,73,118,8,68,62,106,131,60,130,2"/><T71/><D120/><U32/><E119/><V83/><F127/><W108/><G108/><T37/><D128/><N who="3" m="49193" /><G73/><T88/><D124/><U0/><E125/><V78/><F63/><W74/><G74/><T126/><D126/><U30/><E36/><V109/><F109/><W114/><G114/><T94/><D38/><U81/><E134/><V102/><F102/><W27/><G106/><T99/><D37/><U111/><E115/><V133/><F133/><W53/><G43/><T41/><D41/><U135/><E135/><V123/><F123/><W39/><G27/><T86/><D9/><U103/><E111/><V107/><F107/><W35/><G35/><T11/><D11/><U61/><E103/><V7/><F7/><W58/><G118/><N who="2" m="45673" /><F83/><W13/><G2/><T129/><D129/><U51/><E0/><V50/><F50/><N who="3" m="31031" /><G68/><T19/><D31/><U84/><E51/><V28/><F28/><W82/><G93/><T20/><REACH who="0" step="1"/><D19/><REACH who="0" ten="164,211,257,358" step="2"/><U112/><E30/><V64/><F64/><W132/><G39/><T110/><D110/><U10/><E112/><V26/><F18/><N who="3" m="8487" /><G132/><T113/><D113/><U66/><E65/><V23/><F55/><W121/><G121/><T5/><D5/><U25/><E34/><V48/><F23/><W47/><G47/><T101/><D101/><U96/><E33/><V59/><F46/><W45/><G45/><T24/><D24/><U1/><E32/><V104/><F26/><W122/><G122/><T17/><D17/><U40/><E25/><V72/><F100/><W85/><G82/><T42/><D42/><U3/><E40/><RYUUKYOKU ba="0,1" sc="164,15,211,-15,257,-15,358,15" hai0="20,21,22,52,57,69,71,79,80,86,88,94,99" hai3="60,62,85,87" /><INIT seed="4,1,1,3,3,63" ten="179,196,242,373" oya="0" hai0="49,91,109,29,127,56,94,57,60,65,77,48,43" hai1="46,112,115,45,82,120,123,54,90,7,106,117,75" hai2="68,32,122,13,105,36,23,39,35,132,83,3,78" hai3="87,62,8,40,81,97,20,5,31,107,118,80,47"/><T84/><D109/><U34/><E106/><V104/><F13/><W30/><G118/><T74/><D127/><U64/><E34/><N who="2" m="12843" /><F23/><W102/><G62/><T27/><D74/><U95/><E117/><V0/><F122/><W85/><G20/><T93/><D77/><U101/><E7/><V51/><F51/><W99/><G99/><T130/><D130/><U12/><E101/><V14/><F14/><W10/><G87/><T41/><D94/><U19/><E82/><V88/><F88/><W131/><G81/><T6/><D6/><U92/><E75/><N who="2" m="43487" /><F132/><W135/><G135/><T4/><D4/><U33/><E33/><V110/><F68/><W55/><G10/><T108/><D108/><U69/><E54/><V59/><F59/><W125/><G55/><N who="0" m="31847" /><D49/><U129/><E129/><V98/><F110/><W17/><G131/><T52/><D52/><U66/><E12/><V100/><F105/><W61/><G107/><T28/><D27/><U111/><E19/><V126/><F126/><W128/><G17/><T11/><D11/><U58/><E111/><V24/><F24/><W79/><G125/><T25/><D25/><U42/><E69/><V9/><F9/><W16/><G16/><T72/><D72/><U121/><E58/><V134/><F134/><W21/><G8/><T15/><D15/><U37/><E46/><V96/><F96/><W26/><G128/><T76/><D76/><U73/><E73/><V113/><F113/><N who="1" m="43593" /><E95/><V71/><F71/><W1/><G79/><T38/><D38/><AGARI ba="1,1" hai="0,3,36,38,39,98,100,104" m="43487,12843" machi="38" ten="30,2000,0" yaku="33,2" doraHai="63" who="2" fromWho="0" sc="179,-23,196,0,242,33,373,0" /><INIT seed="5,0,0,2,4,27" ten="156,196,275,373" oya="1" hai0="41,90,81,131,120,36,73,15,85,21,28,76,52" hai1="122,84,4,50,134,54,108,67,44,22,64,106,17" hai2="23,114,112,95,96,34,14,70,62,82,103,24,79" hai3="123,48,77,98,69,68,86,19,127,43,42,33,66"/><U117/><E122/><V99/><F34/><W92/><G127/><T100/><D131/><U107/><E117/><V47/><F14/><W80/><G33/><T118/><D120/><U29/><E134/><V56/><F70/><W10/><G69/><T93/><D118/><U109/><E84/><V5/><F5/><W83/><G83/><T91/><D36/><U2/><E4/><V135/><F47/><W125/><G125/><T32/><D41/><U55/><E2/><V60/><F99/><W38/><G66/><T115/><D115/><N who="2" m="44074" /><F56/><W126/><G68/><T30/><D32/><U57/><E17/><N who="2" m="12399" /><F135/><W35/><G35/><T74/><D100/><U104/><E22/><V65/><F65/><W49/><G126/><T128/><D128/><U110/><REACH who="1" step="1"/><E29/><REACH who="1" ten="156,186,275,373" step="2"/><N who="0" m="11369" /><D73/><AGARI ba="0,1" hai="60,62,73,79,82,95,96,103" m="12399,44074" machi="73" ten="30,2000,0" yaku="15,1,11,1" doraHai="27" who="2" fromWho="0" sc="156,-20,186,0,275,30,373,0" /><INIT seed="6,0,0,3,2,71" ten="136,186,305,373" oya="2" hai0="123,118,4,61,73,79,95,67,102,16,122,105,28" hai1="65,49,90,55,3,126,38,77,35,8,84,60,2" hai2="53,101,115,27,78,104,37,41,106,0,66,112,29" hai3="93,52,44,120,54,50,15,131,96,119,69,85,86"/><V14/><F0/><W109/><G109/><T17/><D28/><U11/><E77/><V40/><F66/><W89/><G120/><T30/><D30/><U113/><E126/><V74/><F53/><W18/><G131/><T128/><D128/><U114/><E35/><N who="2" m="20927" /><F14/><W26/><G119/><T80/><D118/><U110/><E110/><V100/><F100/><W108/><G69/><T58/><D4/><U116/><E116/><V5/><F5/><W33/><G108/><T133/><D133/><U9/><E60/><V21/><F21/><N who="3" m="11487" /><G33/><T83/><D83/><U130/><E65/><V51/><F51/><N who="3" m="28775" /><G26/><T39/><D39/><U98/><E130/><V47/><F40/><W24/><G24/><T23/><D105/><N who="2" m="40554" /><F101/><W10/><G10/><T64/><D64/><U6/><E98/><V103/><F103/><W12/><G12/><T48/><D48/><U81/><E38/><V132/><F132/><W59/><AGARI ba="0,0" hai="50,54,59,85,86,89,93,96" m="28775,11487" machi="59" ten="30,2000,0" yaku="8,1,54,1" doraHai="71" who="3" fromWho="3" sc="136,-5,186,-5,305,-10,373,20" /><INIT seed="7,0,0,0,0,87" ten="131,181,295,393" oya="3" hai0="101,69,21,124,125,116,6,97,88,78,129,59,33" hai1="22,105,61,79,28,107,29,135,54,30,112,127,12" hai2="113,92,20,8,128,96,7,34,81,93,0,111,73" hai3="9,134,90,106,119,115,89,67,13,57,83,99,26"/><W40/><G115/><T109/><D69/><U104/><E112/><V65/><F34/><W62/><G134/><T44/><D33/><U3/><E135/><V74/><F111/><W98/><G106/><T48/><D116/><U63/><E3/><V71/><F113/><W51/><G26/><T4/><D109/><U86/><E54/><V10/><F128/><W85/><G119/><T38/><D129/><U25/><E127/><N who="0" m="48713" /><D78/><U130/><E130/><V95/><F96/><N who="3" m="36907" /><G40/><N who="0" m="22551" /><D21/><U118/><E12/><V17/><F8/><W102/><G102/><T47/><D59/><U82/><E118/><V60/><REACH who="2" step="1"/><F81/><REACH who="2" ten="131,181,285,393" step="2"/><W132/><G132/><T37/><D37/><U53/><E82/><V84/><F84/><W66/><G85/><T55/><D101/><U2/><E86/><V24/><AGARI ba="0,1" hai="0,7,10,17,20,24,60,65,71,73,74,92,93,95" machi="24" ten="30,4000,0" yaku="1,1,0,1,53,1" doraHai="87" doraHaiUra="14" who="2" fromWho="2" sc="131,-10,181,-10,285,50,393,-20" owari="121,-38.0,171,-23.0,335,14.0,373,47.0" /></mjloggm>