<mjloggm ver="2.3"><GO type="41" lobby="0"/><UN n0="%E5%8C%97%E5%8D%81%E5%AD%97%E3%82%AB%E3%82%B1%E3%83%AB" n1="%E3%81%93%E3%81%8F%E3%82%89%E3%81%82%E3%81%95%E3%81%B2" n2="%E2%93%9D%53%75%70%68%78" n3="%E3%81%82%E3%81%84%E3%81%AF" dan="14,14,18,13" rate="1978.54,1945.97,2103.43,1899.54" sx="M,F,M,F"/><TAIKYOKU oya="0"/><INIT seed="0,0,0,1,0,86" ten="250,250,250,250" oya="0" hai0="27,10,14,16,94,24,63,44,11,83,132,41,133" hai1="110,107,112,102,76,57,62,73,29,129,120,109,8" hai2="19,43,32,39,13,48,84,117,123,114,87,118,50" hai3="121,78,9,23,33,60,6,130,12,55,134,18,126"/><T125/><D125/><U96/><E120/><V65/><F32/><W37/><G126/><T17/><D63/><U47/><E129/><V127/><F127/><W72/><G130/><T93/><D83/><U45/><E112/><V92/><F39/><W77/><G134/><T97/><D133/><U20/><E8/><V53/><F65/><W15/><G72/><T49/><D94/><U113/><E113/><V31/><F31/><W106/><G106/><T85/><D85/><U21/><E73/><V116/><F123/><W46/><G33/><T99/><D97/><U26/><E20/><V81/><F43/><W28/><G121/><T88/><D132/><U111/><REACH who="1" step="1"/><E76/><REACH who="1" ten="250,240,250,250" step="2"/><V104/><F114/><W38/><G78/><T122/><D122/><U68/><E68/><V64/><F118/><W90/><G77/><T5/><D17/><U95/><E95/><V105/><F92/><W70/><G70/><T115/><D115/><U100/><E100/><V135/><F135/><W69/><G69/><T0/><AGARI ba="0,1" hai="0,5,10,11,14,16,24,27,41,44,49,88,93,99" machi="0" ten="20,12000,1" yaku="0,1,7,1,52,1,54,2" doraHai="86" who="0" fromWho="0" sc="250,130,240,-40,250,-40,250,-40" /><INIT seed="0,1,0,5,3,19" ten="380,200,210,210" oya="0" hai0="86,42,32,134,53,73,132,68,2,125,3,54,135" hai1="76,40,30,129,121,80,114,109,113,9,37,107,28" hai2="92,110,36,130,59,116,1,100,23,87,69,78,118" hai3="7,14,26,24,97,38,52,58,22,29,18,75,41"/><T117/><D73/><U102/><E121/><V15/><F69/><W85/><G75/><T99/><D117/><N who="2" m="45162" /><F1/><W95/><G38/><T133/><D32/><U66/><E109/><V33/><F33/><W94/><G41/><T83/><D68/><U112/><E66/><V101/><F36/><W31/><G7/><T108/><D125/><U43/><E129/><V50/><F110/><W90/><G31/><N who="1" m="11818" /><E9/><V104/><F104/><W120/><G29/><T128/><D128/><U77/><E37/><V93/><F78/><N who="1" m="30313" /><E80/><V49/><F130/><W62/><REACH who="3" step="1"/><G120/><REACH who="3" ten="380,200,210,200" step="2"/><T81/><D42/><N who="1" m="15915" /><E107/><V70/><F93/><W67/><G67/><T8/><D108/><U91/><E102/><AGARI ba="1,1" hai="14,18,22,24,26,52,58,62,85,90,94,95,97,102" machi="102" ten="30,8000,1" yaku="1,1,7,1,8,1,52,1,54,1,53,0" doraHai="19" doraHaiUra="103" who="3" fromWho="1" sc="380,0,200,-83,210,0,200,93" /><INIT seed="1,0,0,5,4,128" ten="380,117,210,293" oya="1" hai0="125,6,43,55,104,22,126,33,31,77,81,122,121" hai1="78,97,103,61,12,96,9,57,69,112,46,56,39" hai2="98,94,79,87,134,67,24,45,15,21,8,124,83" hai3="26,88,4,34,129,85,36,48,59,107,60,25,95"/><U131/><E112/><V106/><F124/><N who="0" m="47722" /><D104/><U119/><E119/><V110/><F110/><W105/><G36/><T41/><D33/><U100/><E131/><V47/><F106/><W82/><G129/><T13/><D55/><U19/><E78/><V73/><F73/><W109/><G109/><T51/><D51/><U17/><E69/><V37/><F67/><W86/><G34/><T133/><D133/><U76/><E76/><V11/><F11/><W113/><G113/><T132/><D132/><U23/><E39/><V84/><F84/><W120/><G120/><T80/><D80/><U108/><E108/><V14/><F14/><W111/><G111/><T53/><D53/><U30/><E30/><V38/><F38/><W29/><G48/><T18/><D31/><U127/><E127/><V35/><F35/><W28/><G4/><T92/><D92/><U99/><E46/><V89/><F134/><W117/><G117/><T16/><D18/><U20/><E9/><V3/><F3/><W10/><G10/><T44/><D6/><U91/><E91/><V7/><REACH who="2" step="1"/><F37/><REACH who="2" ten="380,117,200,293" step="2"/><W116/><G107/><T115/><D115/><U101/><E61/><V74/><F74/><W93/><G105/><T1/><D1/><U114/><E114/><V42/><F42/><W63/><G116/><T58/><D43/><U72/><E72/><V65/><F65/><N who="3" m="39071" /><G63/><T27/><D41/><U123/><E123/><V135/><F135/><W2/><G2/><T32/><D121/><U40/><E40/><V52/><F52/><W71/><G71/><T70/><D122/><U66/><E66/><RYUUKYOKU ba="0,1" sc="380,-15,117,15,200,15,293,-15" hai1="12,17,19,20,23,56,57,96,97,99,100,101,103" hai2="7,8,15,21,24,45,47,79,83,87,89,94,98" /><INIT seed="1,1,1,4,0,101" ten="365,132,215,278" oya="1" hai0="119,50,42,109,98,18,57,49,1,52,14,4,113" hai1="129,134,93,51,106,68,107,8,70,89,41,24,85" hai2="60,79,6,102,92,13,120,20,77,84,62,81,7" hai3="10,19,28,5,53,115,76,56,117,74,45,100,112"/><U40/><E129/><V111/><F111/><W88/><G117/><T36/><D109/><U108/><E108/><V90/><F120/><W29/><G74/><T63/><D36/><U23/><E134/><V99/><F7/><W131/><G76/><N who="2" m="29257" /><F20/><W132/><G132/><T16/><D113/><U104/><E8/><AGARI ba="1,1" hai="6,8,13,60,62,81,84,90,92,99,102" m="29257" machi="8" ten="30,1000,0" yaku="8,1" doraHai="101" who="2" fromWho="1" sc="365,0,132,-13,215,23,278,0" /><INIT seed="2,0,0,5,0,35" ten="365,119,238,278" oya="2" hai0="44,20,72,129,46,103,104,125,7,61,60,11,74" hai1="96,25,76,63,14,13,37,65,36,39,106,124,67" hai2="95,47,52,94,23,27,134,49,19,91,57,53,123" hai3="118,83,1,51,16,119,127,50,48,34,122,121,113"/><V56/><F134/><W29/><G127/><T101/><D20/><U42/><E124/><V55/><F123/><W24/><G113/><T3/><D129/><U98/><E42/><V109/><F109/><W112/><G112/><T126/><D104/><U12/><E106/><V62/><REACH who="2" step="1"/><F91/><REACH who="2" ten="365,119,228,278" step="2"/><W99/><G122/><T0/><D7/><U38/><E76/><V100/><F100/><W108/><G121/><T71/><D11/><U22/><N who="1" m="9216" /><DORA hai="69" /><U9/><E9/><V30/><F30/><W117/><G108/><T89/><D71/><U114/><E114/><V131/><F131/><W26/><G29/><T21/><D21/><U15/><N who="1" m="3840" /><DORA hai="86" /><U77/><E77/><V6/><F6/><W43/><G118/><T97/><D89/><U87/><E87/><V66/><F66/><W41/><G117/><T130/><D130/><U59/><REACH who="1" step="1"/><E65/><REACH who="1" ten="365,109,228,278" step="2"/><V111/><F111/><W82/><G119/><T32/><D126/><U80/><E80/><V107/><F107/><W88/><G83/><T8/><D8/><U93/><E93/><V54/><F54/><W75/><G82/><T135/><D125/><U110/><E110/><V58/><F58/><W92/><G34/><T84/><D32/><U105/><E105/><V2/><F2/><W28/><G1/><T81/><D81/><U90/><E90/><V132/><F132/><W102/><G88/><T45/><D84/><U85/><E85/><V64/><F64/><W18/><G102/><T33/><D33/><U31/><AGARI ba="0,2" hai="22,25,31,59,63,67,96,98" m="3840,9216" machi="31" ten="70,12000,2" yaku="1,1,0,1,52,4,53,0" doraHai="35,69,86" doraHaiUra="78,120,128" who="1" fromWho="1" sc="365,-30,109,140,228,-60,278,-30" /><INIT seed="3,0,0,0,0,57" ten="335,249,168,248" oya="3" hai0="42,10,1,98,40,49,112,93,108,127,113,79,78" hai1="37,2,64,63,44,109,47,25,13,9,123,100,103" hai2="124,119,73,95,31,70,89,69,111,106,72,128,97" hai3="77,56,67,92,75,101,90,84,87,26,76,36,132"/><W99/><G36/><T5/><D108/><U23/><E123/><V117/><F31/><W54/><G132/><T102/><D127/><U19/><E2/><V94/><F124/><W43/><G75/><T122/><D122/><U118/><E109/><V34/><F111/><W38/><G67/><T46/><REACH who="0" step="1"/><D42/><REACH who="0" ten="325,249,168,248" step="2"/><U71/><E118/><V80/><F119/><W30/><G43/><T24/><D24/><U61/><E25/><V125/><F125/><W21/><G38/><T32/><D32/><U126/><E37/><V59/><F34/><W116/><G116/><T129/><D129/><U39/><E126/><V29/><F128/><W134/><G134/><T41/><D41/><U105/><E39/><V53/><F117/><W107/><REACH who="3" step="1"/><G87/><REACH who="3" ten="325,249,168,238" step="2"/><T33/><D33/><U16/><E64/><V65/><F65/><W14/><G14/><T18/><D18/><U17/><E13/><V85/><F73/><W3/><G3/><T81/><D81/><U11/><E17/><V27/><F72/><W130/><G130/><T8/><D8/><U22/><E71/><V28/><F70/><W96/><G96/><T115/><AGARI ba="0,2" hai="1,5,10,40,46,49,78,79,93,98,102,112,113,115" machi="115" ten="30,4000,0" yaku="1,1,0,1,11,1,53,0" doraHai="57" doraHaiUra="135" who="0" fromWho="0" sc="325,60,249,-10,168,-10,238,-20" /><INIT seed="4,0,0,5,4,52" ten="385,239,158,218" oya="0" hai0="77,53,98,47,130,119,7,22,80,45,14,17,114" hai1="84,109,4,107,133,89,32,54,118,97,60,108,117" hai2="16,2,125,44,3,43,78,13,70,67,65,74,35" hai3="81,6,123,49,121,24,113,73,1,42,103,104,85"/><T34/><D130/><U102/><E133/><V57/><F35/><W21/><G73/><T111/><D114/><U116/><E4/><V90/><F70/><W92/><G104/><T101/><D34/><U25/><E25/><V132/><F125/><W30/><G113/><T95/><D7/><U124/><E32/><V122/><F122/><W37/><G37/><T19/><D119/><U15/><E15/><V96/><F78/><W112/><G112/><T50/><D111/><U66/><E54/><V11/><F74/><W23/><G1/><T87/><D19/><U100/><E100/><V0/><F132/><W29/><G6/><T62/><D62/><U55/><E55/><V131/><F131/><W129/><G129/><T94/><D95/><U33/><E124/><V48/><REACH who="2" step="1"/><F57/><AGARI ba="0,0" hai="14,17,22,45,47,50,53,57,77,80,87,94,98,101" machi="57" ten="30,5800,0" yaku="7,1,8,1,52,1" doraHai="52" who="0" fromWho="2" sc="385,58,239,0,158,-58,218,0" /><INIT seed="4,1,0,2,1,43" ten="443,239,100,218" oya="0" hai0="32,88,3,15,41,119,83,73,77,49,91,13,105" hai1="40,89,25,6,109,64,14,58,120,29,114,87,106" hai2="37,9,82,50,2,67,27,133,10,79,17,80,122" hai3="95,51,34,45,1,110,70,81,96,108,36,26,63"/><T39/><D32/><U62/><E109/><V20/><F37/><W125/><G36/><T19/><D105/><U68/><E120/><V31/><F122/><W65/><G1/><T135/><D135/><U11/><E106/><V66/><F133/><W76/><G26/><T18/><D3/><U124/><E124/><V100/><F100/><W78/><G78/><T48/><D39/><U53/><E114/><V52/><F82/><W8/><G8/><T116/><D41/><U84/><E40/><V101/><F101/><W121/><G34/><T107/><D107/><U69/><E89/><V22/><F67/><W57/><G70/><T86/><D73/><U16/><E6/><V46/><F66/><W33/><G33/><T111/><D111/><U102/><E102/><V35/><F2/><W104/><G104/><T55/><D49/><U97/><E97/><V12/><REACH who="2" step="1"/><F35/><REACH who="2" ten="443,239,90,218" step="2"/><W4/><G121/><T92/><D83/><U131/><E68/><V5/><F5/><W128/><G81/><T75/><D75/><AGARI ba="1,1" hai="9,10,12,17,20,22,27,31,46,50,52,75,79,80" machi="75" ten="30,8000,1" yaku="1,1,7,1,52,1,54,1,53,1" doraHai="43" doraHaiUra="23" who="2" fromWho="0" sc="443,-83,239,0,90,93,218,0" /><INIT seed="5,0,0,0,4,61" ten="360,239,183,218" oya="1" hai0="95,7,89,44,55,97,67,59,90,99,5,56,109" hai1="133,80,98,77,35,29,49,38,62,122,96,127,132" hai2="130,40,39,69,102,31,91,92,36,75,6,54,48" hai3="46,16,37,112,15,79,65,21,84,58,27,32,19"/><U26/><E122/><V82/><F130/><W13/><G112/><T24/><D24/><U34/><E38/><V125/><F125/><W78/><G32/><T22/><D22/><U64/><E34/><V94/><F69/><W12/><G37/><T124/><D44/><U57/><E127/><V52/><F6/><W110/><G110/><T42/><D42/><U118/><E49/><V14/><F75/><W30/><G46/><T4/><D109/><U60/><E118/><V2/><F2/><W100/><G100/><T73/><D73/><U123/><E123/><V28/><F82/><N who="3" m="47191" /><G79/><T83/><D83/><U107/><E107/><V116/><F102/><W17/><G58/><T18/><D18/><N who="3" m="4609" /><W63/><DORA hai="93" /><G63/><N who="0" m="38399" /><D124/><U68/><E60/><V45/><F116/><W121/><G121/><T135/><D135/><N who="1" m="51787" /><E68/><V76/><F39/><W50/><G50/><N who="0" m="30839" /><D90/><U117/><E117/><V126/><F91/><W33/><G33/><T72/><D72/><AGARI ba="0,0" hai="26,29,35,57,62,64,72,77,80,96,98" m="51787" machi="72" ten="30,11600,0" yaku="20,1,52,3" doraHai="61,93" who="1" fromWho="0" sc="360,-116,239,116,183,0,218,0" /><INIT seed="5,1,0,1,2,38" ten="244,355,183,218" oya="1" hai0="30,42,39,117,64,56,86,70,24,49,35,18,118" hai1="7,41,72,85,16,22,114,89,6,76,92,88,57" hai2="59,66,58,36,55,93,19,54,107,101,126,0,45" hai3="127,1,50,119,133,123,51,31,125,28,80,112,62"/><U11/><E114/><V102/><F0/><W79/><G123/><T113/><D18/><U44/><E11/><V105/><F66/><W82/><G1/><T83/><D70/><U77/><E57/><V33/><F33/><W130/><G112/><T90/><D113/><U115/><E115/><V34/><F34/><W27/><G119/><T73/><D73/><U94/><E72/><V91/><F126/><W134/><G62/><T81/><D81/><U68/><E68/><V104/><F19/><W20/><G31/><T74/><D74/><U65/><E65/><V63/><F45/><W46/><G51/><T10/><D10/><U25/><E6/><V32/><F36/><W122/><G122/><T132/><D132/><N who="3" m="50793" /><G130/><T43/><D39/><U99/><E7/><V129/><F32/><W103/><G103/><T116/><REACH who="0" step="1"/><D49/><AGARI ba="1,0" hai="16,22,25,41,44,49,76,77,85,88,89,92,94,99" machi="49" ten="30,12000,1" yaku="7,1,8,1,52,1,54,2" doraHai="38" who="1" fromWho="0" sc="244,-123,355,123,183,0,218,0" /><INIT seed="5,2,0,2,2,57" ten="121,478,183,218" oya="1" hai0="65,7,5,21,112,94,120,113,25,81,47,110,82" hai1="71,69,24,19,97,37,89,53,10,68,131,35,12" hai2="6,58,102,61,54,64,1,51,3,33,77,96,55" hai3="106,130,15,108,93,95,122,49,111,85,107,16,90"/><U104/><E37/><V125/><F33/><W50/><G130/><T133/><D120/><U67/><E131/><V134/><F134/><W17/><G85/><T27/><D133/><U118/><E53/><V74/><F125/><W121/><G15/><T117/><D110/><U32/><E118/><V86/><F74/><W18/><G18/><T99/><D117/><U28/><E32/><V59/><F6/><W2/><G90/><T103/><D47/><U127/><E127/><V98/><F98/><W42/><G42/><T52/><D65/><U13/><E13/><V4/><F4/><W38/><G38/><T101/><D21/><U88/><E67/><V31/><F31/><W34/><REACH who="3" step="1"/><G34/><REACH who="3" ten="121,478,183,208" step="2"/><T23/><D23/><U45/><E88/><V132/><F132/><W48/><G48/><T116/><D99/><U109/><E89/><V129/><F129/><W40/><G40/><T119/><REACH who="0" step="1"/><D94/><REACH who="0" ten="111,478,183,208" step="2"/><U46/><E109/><V70/><F96/><W126/><G126/><T79/><D79/><U92/><E92/><V84/><F77/><W14/><G14/><T75/><D75/><U135/><E135/><V114/><F86/><W30/><G30/><T63/><D63/><U26/><E97/><V9/><F84/><W22/><G22/><T0/><D0/><AGARI ba="2,2" hai="0,2,16,17,49,50,93,95,106,107,108,111,121,122" machi="0" ten="25,6400,0" yaku="1,1,22,2,54,1,53,0" doraHai="57" doraHaiUra="124" who="3" fromWho="0" sc="111,-70,478,0,183,0,208,90" /><INIT seed="6,0,0,0,4,18" ten="41,478,183,298" oya="2" hai0="117,58,119,108,110,91,54,46,97,98,70,1,45" hai1="25,96,134,90,80,53,24,13,81,99,65,23,27" hai2="120,69,10,57,15,107,133,114,79,118,82,43,62" hai3="124,37,126,83,34,135,21,52,16,125,14,76,130"/><V19/><F118/><W104/><G104/><T22/><D70/><U112/><E112/><V103/><F120/><W5/><G37/><T87/><D1/><U26/><E134/><V121/><F121/><W113/><G135/><T38/><D38/><U30/><E65/><V72/><F114/><W109/><G113/><T6/><D6/><U29/><E29/><V3/><F133/><W64/><G64/><T132/><D132/><U106/><E106/><V93/><F43/><W123/><G123/><T2/><D2/><U51/><E13/><V36/><F107/><W9/><G34/><T11/><D11/><U17/><E30/><V92/><F103/><W88/><G130/><T102/><D102/><U40/><E40/><V55/><F36/><W47/><G109/><T61/><D119/><U68/><E68/><V33/><F33/><W66/><G66/><T20/><D117/><U35/><E35/><V75/><F75/><W74/><G88/><T49/><D110/><U73/><E73/><V84/><F69/><W7/><G9/><T42/><D46/><N who="1" m="27895" /><E96/><N who="0" m="36969" /><D108/><U32/><E32/><V50/><F72/><W122/><G122/><T131/><D131/><U59/><E59/><V100/><F100/><W28/><G28/><T44/><D44/><U77/><E77/><V63/><F3/><W127/><N who="3" m="31744" /><DORA hai="111" /><W71/><REACH who="3" step="1"/><G71/><REACH who="3" ten="41,478,183,288" step="2"/><T128/><D128/><U129/><E129/><V116/><F116/><W0/><G0/><T89/><D89/><U85/><E99/><V60/><AGARI ba="0,1" hai="10,15,19,50,55,57,60,62,63,79,82,84,92,93" machi="60" ten="30,3000,0" yaku="0,1,8,1" doraHai="18,111" who="2" fromWho="2" sc="41,-10,478,-10,183,40,288,-10" /><INIT seed="6,1,0,0,3,51" ten="31,468,223,278" oya="2" hai0="128,33,42,80,64,0,131,56,125,126,121,67,30" hai1="13,58,98,61,19,39,52,111,20,24,36,26,77" hai2="109,25,83,103,27,124,8,22,68,46,65,57,112" hai3="70,114,85,116,17,29,133,130,134,66,132,6,108"/><V9/><F68/><W105/><G105/><T106/><D80/><U16/><E111/><V122/><F122/><W34/><G34/><T74/><D30/><U69/><E69/><V41/><F112/><W4/><G116/><T94/><D94/><U55/><E77/><V104/><F124/><N who="0" m="47722" /><D74/><U91/><E52/><V48/><F109/><W81/><G108/><T96/><D96/><U53/><E53/><V49/><F104/><W89/><G114/><T2/><D106/><U117/><E117/><V5/><F103/><W119/><G119/><T127/><N who="0" m="47730" /><T60/><DORA hai="14" /><D33/><U135/><E24/><V18/><F27/><W54/><G29/><T28/><D28/><U21/><E135/><V43/><F5/><W23/><G130/><N who="0" m="49707" /><D0/><U93/><AGARI ba="1,0" hai="13,16,19,20,21,26,36,39,55,58,61,91,93,98" machi="93" ten="30,12000,2" yaku="0,1,25,2,52,3,54,1" doraHai="51,14" who="1" fromWho="1" sc="31,-31,468,123,223,-61,278,-31" /><BYE who="0" /><INIT seed="7,0,0,5,0,50" ten="0,591,162,247" oya="3" hai0="104,34,90,61,58,43,64,47,13,22,97,114,126" hai1="17,73,39,2,76,118,15,11,111,12,80,74,68" hai2="79,109,19,82,98,101,95,71,37,127,10,70,107" hai3="120,5,131,84,133,53,117,20,86,38,123,28,54"/><W69/><G38/><UN n0="%E5%8C%97%E5%8D%81%E5%AD%97%E3%82%AB%E3%82%B1%E3%83%AB" /><T122/><D122/><BYE who="0" /><U87/><E111/><V29/><F127/><UN n0="%E5%8C%97%E5%8D%81%E5%AD%97%E3%82%AB%E3%82%B1%E3%83%AB" /><W21/><BYE who="0" /><G69/><T56/><D56/><U115/><E39/><V41/><F109/><W108/><G108/><T4/><D4/><U23/><E115/><V88/><F29/><W105/><G105/><T6/><D6/><U112/><E112/><V91/><F41/><W14/><G117/><T45/><D45/><U33/><E118/><V106/><F19/><W25/><G133/><T124/><D124/><U128/><E128/><V48/><F48/><W60/><G131/><T116/><D116/><U35/><E68/><V125/><F10/><N who="3" m="4431" /><G123/><T119/><D119/><U30/><E2/><V8/><F8/><W26/><G60/><T134/><D134/><U42/><E73/><V113/><F37/><W46/><G46/><T81/><D81/><U1/><E1/><V99/><F71/><W93/><G120/><T65/><D65/><U100/><E74/><V103/><F70/><W16/><G93/><T52/><D52/><AGARI ba="0,0" hai="16,20,21,25,26,28,52,53,54,84,86" m="4431" machi="52" ten="30,18000,2" yaku="8,1,52,3,54,2" doraHai="50" who="3" fromWho="0" sc="0,-180,591,0,162,0,247,180" owari="-180,-68.0,591,69.0,162,-24.0,427,23.0" /></mjloggm>