<mjloggm ver="2.3"><GO type="41" lobby="0"/><UN n0="%E3%81%A9%E3%81%8D%E3%82%85%EF%BD%9E%E3%82%93" n1="%E3%81%AB%E3%83%BC%E3%82%88%E3%82%93%E3%81%BE%E3%82%8B" n2="%E2%93%9D%53%75%70%68%78" n3="%E3%82%8A%E3%82%85" dan="14,14,18,14" rate="1932.99,2002.77,2080.39,1883.12" sx="M,M,M,F"/><TAIKYOKU oya="0"/><INIT seed="0,0,0,1,3,122" ten="250,250,250,250" oya="0" hai0="52,6,62,46,97,105,117,63,123,73,61,16,34" hai1="5,98,51,109,125,75,21,100,81,47,71,42,119" hai2="99,82,108,12,70,20,45,11,67,56,114,96,64" hai3="22,24,133,26,78,112,79,59,23,49,35,130,128"/><T103/><D123/><U39/><E125/><V131/><F70/><W126/><G112/><T113/><D113/><U8/><E119/><V33/><F33/><W85/><G126/><T77/><D117/><U132/><E51/><V29/><F131/><W134/><G59/><T104/><D34/><U87/><E21/><N who="3" m="7690" /><G49/><T18/><D6/><U101/><E101/><V50/><F82/><W53/><G53/><T3/><D3/><U89/><E132/><N who="3" m="50794" /><G85/><T107/><D77/><N who="3" m="29193" /><G35/><T44/><D73/><U121/><E121/><V120/><F56/><W92/><G92/><T55/><D97/><U93/><E71/><V83/><F99/><W2/><G2/><T57/><D103/><U116/><E116/><V40/><F96/><W31/><G31/><T30/><D30/><U66/><E75/><V0/><F0/><W129/><AGARI ba="0,0" hai="24,26,128,129,130" m="29193,50794,7690" machi="129" ten="40,8000,1" yaku="28,2,19,1,20,1" doraHai="122" who="3" fromWho="3" sc="250,-40,250,-20,250,-20,250,80" /><INIT seed="1,0,0,1,0,20" ten="210,230,230,330" oya="1" hai0="8,45,38,73,57,17,52,47,118,121,39,65,36" hai1="107,98,61,74,93,113,12,114,56,130,26,13,55" hai2="62,100,42,123,124,86,60,91,105,69,116,129,59" hai3="70,7,58,14,28,29,46,119,106,103,4,31,9"/><U40/><E130/><V66/><F116/><W87/><G70/><T6/><D73/><U90/><E74/><V78/><F123/><W54/><G46/><T30/><D118/><U64/><E107/><V3/><F3/><W134/><G134/><T15/><D121/><U75/><E75/><V81/><F124/><W83/><G103/><T109/><D109/><U84/><E40/><V101/><F129/><W35/><G106/><T89/><D65/><U21/><E114/><V22/><F42/><W128/><G128/><T132/><D132/><U51/><E113/><V76/><F105/><W53/><G119/><T1/><D89/><U112/><E98/><V125/><F125/><W24/><G7/><T79/><D79/><U5/><E5/><V11/><F11/><W82/><G54/><T99/><D99/><U2/><E2/><V111/><F111/><W19/><G83/><T68/><D68/><U77/><E77/><V34/><F34/><W135/><G135/><T126/><D126/><U127/><E112/><V10/><F10/><W48/><REACH who="3" step="1"/><G4/><REACH who="3" ten="210,230,230,320" step="2"/><T50/><REACH who="0" step="1"/><D30/><REACH who="0" ten="200,230,230,320" step="2"/><U117/><E117/><V43/><F69/><W97/><G97/><T67/><D67/><U16/><E127/><V41/><F66/><W85/><G85/><T95/><D95/><U23/><E23/><AGARI ba="0,2" hai="1,6,8,15,17,23,36,38,39,45,47,50,52,57" machi="23" ten="40,8000,1" yaku="1,1,54,1,53,3" doraHai="20" doraHaiUra="71" who="0" fromWho="1" sc="200,100,230,-80,230,0,320,0" /><INIT seed="2,0,0,4,4,114" ten="300,150,230,320" oya="2" hai0="62,102,99,131,72,13,100,8,18,17,110,28,38" hai1="66,31,65,14,112,32,85,6,93,46,69,84,115" hai2="103,27,109,4,108,106,41,47,116,70,61,134,52" hai3="59,127,20,48,81,29,44,25,40,55,75,76,91"/><V77/><F77/><W126/><REACH who="3" step="1"/><G91/><REACH who="3" ten="300,150,230,310" step="2"/><T68/><D110/><N who="2" m="42602" /><F134/><W36/><AGARI ba="0,1" hai="20,25,29,36,40,44,48,55,59,75,76,81,126,127" machi="36" ten="30,4000,0" yaku="21,2,0,1,53,0" doraHai="114" doraHaiUra="113" who="3" fromWho="3" sc="300,-10,150,-10,230,-20,310,50" /><INIT seed="3,0,0,2,4,36" ten="290,140,210,360" oya="3" hai0="75,30,9,54,90,62,91,110,133,100,107,81,49" hai1="38,39,115,59,56,128,29,94,72,113,102,98,14" hai2="28,64,46,35,32,82,80,114,96,74,121,44,5" hai3="135,70,101,76,108,103,87,125,24,78,13,12,93"/><W0/><G0/><T21/><D110/><U71/><E71/><V18/><F114/><W130/><G70/><T26/><D133/><U83/><E128/><V34/><F28/><W6/><G108/><T123/><D123/><U111/><E59/><V17/><F5/><W52/><G135/><T50/><D107/><U106/><E111/><V129/><F96/><W43/><G130/><T79/><D100/><U3/><E3/><V47/><F129/><W57/><G24/><T89/><D62/><U53/><E29/><V31/><F31/><W55/><G125/><T1/><REACH who="0" step="1"/><D54/><REACH who="0" ten="280,140,210,360" step="2"/><U60/><E106/><V104/><F104/><W16/><G103/><T86/><D86/><U11/><E115/><V66/><F121/><W2/><G87/><T63/><D63/><U69/><E113/><V92/><F74/><W127/><G101/><T77/><D77/><U85/><E72/><V84/><F92/><W33/><G93/><T88/><N who="0" m="22528" /><DORA hai="37" /><T23/><D23/><U19/><E69/><V25/><F84/><W40/><G52/><T120/><D120/><U118/><E118/><V51/><F35/><W65/><G55/><T132/><D132/><U122/><E122/><V117/><F117/><W22/><G22/><T126/><D126/><U10/><E11/><V58/><F34/><W67/><G33/><T68/><D68/><U45/><E85/><V95/><F32/><W112/><G127/><T7/><AGARI ba="0,1" hai="1,7,9,21,26,30,49,50,75,79,81" m="22528" machi="7" ten="40,5200,0" yaku="1,1,0,1,54,1,53,0" doraHai="36,37" doraHaiUra="97,131" who="0" fromWho="0" sc="280,62,140,-13,210,-13,360,-26" /><INIT seed="4,0,0,4,5,63" ten="342,127,197,334" oya="0" hai0="51,80,118,37,19,30,46,134,64,52,69,58,11" hai1="35,95,59,16,6,57,75,106,26,92,23,3,96" hai2="10,41,76,56,97,53,93,50,120,66,91,77,111" hai3="38,88,78,21,8,98,55,125,14,127,71,105,18"/><T87/><D118/><U24/><E75/><V133/><F111/><W81/><G38/><T31/><D134/><U68/><E68/><V20/><F120/><W44/><G71/><T117/><D117/><U122/><E122/><V70/><F133/><W100/><G21/><T65/><D69/><U107/><E3/><V132/><F132/><W115/><G115/><T73/><D73/><U128/><E6/><V110/><F110/><W83/><G83/><T12/><D37/><U123/><E123/><V103/><F41/><W1/><G1/><T29/><REACH who="0" step="1"/><D58/><REACH who="0" ten="332,127,197,334" step="2"/><U27/><E128/><V126/><F70/><W32/><G127/><T124/><D124/><U34/><E34/><V109/><F126/><W13/><G32/><T108/><D108/><U135/><E135/><V22/><F109/><W28/><G125/><T74/><D74/><U40/><E35/><V17/><F56/><W104/><G44/><T89/><AGARI ba="0,1" hai="11,12,19,29,30,31,46,51,52,64,65,80,87,89" machi="89" ten="30,24000,3" yaku="1,1,0,1,25,2,8,1,52,2,54,1,53,1" doraHai="63" doraHaiUra="45" who="0" fromWho="0" sc="332,250,127,-80,197,-80,334,-80" /><INIT seed="4,1,0,4,1,19" ten="582,47,117,254" oya="0" hai0="102,134,95,89,9,28,12,66,109,100,101,46,91" hai1="72,122,81,112,131,13,52,38,116,128,78,99,71" hai2="32,5,103,62,14,105,120,126,43,79,31,55,129" hai3="7,18,47,74,48,1,16,24,30,73,40,29,68"/><T76/><D134/><U22/><E71/><V119/><F120/><W110/><G110/><T96/><D109/><U104/><E116/><V107/><F43/><W127/><G127/><T8/><D76/><U118/><E38/><V106/><F129/><N who="1" m="49737" /><E118/><V115/><F115/><W121/><G121/><T17/><D66/><U49/><E122/><V50/><F103/><W65/><G65/><T11/><D28/><U59/><E112/><V60/><F79/><W83/><G68/><T135/><D135/><U63/><E104/><V21/><F32/><W124/><G83/><T85/><REACH who="0" step="1"/><D46/><REACH who="0" ten="572,47,117,254" step="2"/><U15/><E99/><V39/><F31/><W25/><G47/><T90/><D90/><U97/><E97/><V27/><F119/><W117/><G117/><T98/><D98/><U94/><E94/><AGARI ba="1,1" hai="8,9,11,12,17,85,89,91,94,95,96,100,101,102" machi="94" ten="40,7700,0" yaku="1,1,8,1,53,1" doraHai="19" doraHaiUra="10" who="0" fromWho="1" sc="572,90,47,-80,117,0,254,0" owari="662,76.0,-33,-53.0,117,-28.0,254,5.0" /></mjloggm>