<mjloggm ver="2.3"><GO type="41" lobby="0"/><UN n0="%E5%8A%A0%E8%97%A4%E8%8B%B1%E6%A8%B9" n1="%E2%93%9D%53%75%70%68%78" n2="%E3%81%93%E3%81%8F%E3%81%95%E3%82%93%E3%81%AE%E3%81%8A%E3%81%AB%E3%81%8F" n3="%E5%B0%8F%E6%A3%89%E6%AF%9B" dan="14,18,13,13" rate="1906.04,2117.92,1936.28,1907.78" sx="M,M,M,M"/><TAIKYOKU oya="0"/><INIT seed="0,0,0,3,5,23" ten="250,250,250,250" oya="0" hai0="94,96,56,7,130,119,18,31,37,59,93,128,82" hai1="124,17,28,29,62,4,13,5,100,46,69,116,25" hai2="0,91,2,9,67,77,14,92,51,45,79,48,87" hai3="58,41,8,61,117,129,135,107,115,76,1,125,55"/><T88/><D37/><U134/><E116/><V68/><F68/><W83/><G117/><T43/><D43/><U19/><E100/><V120/><F67/><W64/><G115/><T39/><D39/><U109/><E46/><V72/><F120/><W50/><G107/><T36/><D36/><U42/><E62/><V108/><F108/><W32/><G32/><T44/><D44/><U20/><E69/><V63/><F63/><W132/><G125/><T22/><D31/><N who="1" m="11851" /><E42/><V89/><F89/><W33/><G33/><T57/><D7/><N who="1" m="2635" /><E134/><N who="3" m="51242" /><G41/><T47/><D47/><U75/><E75/><V10/><F91/><W12/><G129/><N who="0" m="49771" /><D96/><U118/><E118/><V90/><F45/><N who="3" m="28111" /><G1/><T66/><D66/><U131/><E131/><V102/><F72/><N who="3" m="43399" /><G8/><T105/><D105/><U21/><E109/><V113/><F51/><W103/><G12/><N who="0" m="9543" /><D119/><U34/><E124/><V123/><F48/><W98/><G98/><T71/><D71/><U16/><E34/><V30/><F14/><W49/><G49/><T95/><D95/><U26/><E13/><V27/><F92/><W101/><AGARI ba="0,0" hai="58,61,64,101,103" m="43399,28111,51242" machi="101" ten="30,1100,0" yaku="20,1" doraHai="23" who="3" fromWho="3" sc="250,-5,250,-3,250,-3,250,11" /><INIT seed="1,0,0,4,3,109" ten="245,247,247,261" oya="1" hai0="129,130,4,0,99,108,53,59,27,26,46,38,19" hai1="87,110,33,71,32,35,57,16,134,42,88,83,80" hai2="15,69,82,122,54,8,103,98,10,78,135,72,118" hai3="73,43,114,62,76,90,55,115,60,11,92,51,111"/><U21/><E71/><V75/><F118/><W100/><G43/><T124/><D99/><U107/><E110/><V105/><F122/><W29/><G111/><T25/><D108/><U28/><E107/><V68/><F135/><W96/><G29/><T66/><D66/><U36/><E134/><V50/><F72/><W65/><G11/><T101/><D101/><U41/><E28/><V132/><F8/><W47/><G100/><T125/><D4/><U61/><E36/><V117/><F117/><W74/><G60/><N who="0" m="35951" /><D0/><U13/><REACH who="1" step="1"/><E83/><REACH who="1" ten="245,237,247,261" step="2"/><V37/><F37/><W85/><G73/><T123/><D123/><U64/><AGARI ba="0,1" hai="13,16,21,32,33,35,41,42,57,61,64,80,87,88" machi="64" ten="30,12000,1" yaku="1,1,2,1,0,1,54,2,53,0" doraHai="109" doraHaiUra="67" who="1" fromWho="1" sc="245,-40,237,130,247,-40,261,-40" /><INIT seed="1,1,0,5,0,58" ten="205,367,207,221" oya="1" hai0="51,56,22,63,126,45,65,123,106,23,72,54,12" hai1="129,34,131,82,27,92,103,24,62,86,128,50,60" hai2="88,11,18,97,53,0,1,135,113,108,130,69,78" hai3="4,59,122,89,8,98,32,133,17,29,38,16,70"/><U28/><E50/><V5/><F108/><W118/><G122/><T117/><D106/><U110/><E110/><V35/><F69/><W132/><G38/><T111/><D72/><U2/><E2/><V10/><F35/><W19/><G70/><T64/><D111/><U33/><E92/><V7/><F130/><W44/><G118/><T71/><D117/><U119/><E103/><V134/><F113/><W66/><G44/><T109/><D109/><U96/><E96/><V13/><F78/><W40/><G40/><T90/><D123/><U42/><E42/><V77/><F77/><W21/><G32/><T80/><D126/><U57/><E57/><V26/><F53/><W95/><G29/><T9/><D71/><U68/><E68/><V49/><F49/><W31/><G31/><T85/><D65/><U83/><E119/><V36/><F26/><N who="1" m="9769" /><E28/><V43/><F36/><W84/><G21/><T120/><D120/><U114/><E114/><V105/><F43/><W127/><G127/><T6/><AGARI ba="1,0" hai="6,9,12,22,23,45,51,54,56,63,64,80,85,90" machi="6" ten="20,5200,0" yaku="0,1,7,1,8,1,52,1" doraHai="58" who="0" fromWho="0" sc="205,55,367,-27,207,-14,221,-14" /><INIT seed="2,0,0,3,5,91" ten="260,340,193,207" oya="2" hai0="60,52,33,99,112,35,77,87,129,92,117,19,17" hai1="89,38,18,9,69,42,125,97,61,133,110,80,2" hai2="94,64,15,46,126,70,135,107,81,63,101,106,96" hai3="5,66,98,13,65,48,128,108,31,100,131,29,45"/><V109/><F135/><W120/><G120/><T122/><D122/><U39/><E110/><V34/><F126/><W55/><G108/><T25/><D112/><U134/><E125/><V124/><F124/><W57/><G5/><T24/><D117/><U93/><E42/><V7/><F109/><W119/><G119/><T28/><D129/><N who="3" m="49737" /><G13/><T51/><D60/><U26/><E80/><V53/><F34/><W95/><G66/><T21/><D87/><U56/><E69/><V0/><F0/><W36/><G65/><T41/><D41/><AGARI ba="0,0" hai="29,31,36,41,45,48,55,57,95,98,100" m="49737" machi="41" ten="30,2000,0" yaku="19,1,52,1" doraHai="91" who="3" fromWho="0" sc="260,-20,340,0,193,0,207,20" /><INIT seed="3,0,0,5,4,132" ten="240,340,193,227" oya="3" hai0="52,118,77,134,44,115,78,127,61,82,94,103,114" hai1="99,54,81,40,14,34,53,20,65,31,17,11,96" hai2="16,22,119,64,68,9,110,87,69,0,124,4,29" hai3="121,126,89,43,100,12,104,15,102,59,7,122,27"/><W123/><G43/><T58/><D118/><U75/><E34/><V24/><F110/><W117/><G117/><T25/><D25/><U46/><E65/><V51/><F119/><W108/><G104/><T80/><D134/><U50/><E75/><V38/><F38/><W93/><G108/><T116/><D116/><U47/><E81/><N who="0" m="31337" /><D127/><U36/><E31/><V5/><F5/><W84/><G27/><T37/><D37/><U112/><E112/><N who="0" m="43049" /><D44/><U67/><E67/><V2/><F87/><W86/><G126/><T131/><D131/><U76/><E76/><V42/><F0/><W73/><G73/><T88/><D103/><U74/><E74/><V10/><F10/><W72/><G72/><T101/><D101/><U3/><E3/><V55/><F42/><W105/><G84/><AGARI ba="0,0" hai="52,58,61,77,78,84,88,94" m="43049,31337" machi="84" ten="30,3900,0" yaku="11,1,54,2" doraHai="132" who="0" fromWho="3" sc="240,39,340,0,193,0,227,-39" /><INIT seed="4,0,0,0,0,32" ten="279,340,193,188" oya="0" hai0="48,109,94,57,23,99,27,116,31,30,5,106,89" hai1="6,13,85,91,111,134,71,84,59,126,76,9,56" hai2="120,83,82,12,47,128,118,101,103,112,110,115,60" hai3="4,125,79,65,55,86,36,73,105,127,16,102,22"/><T42/><D106/><U68/><E111/><V19/><F110/><W20/><G36/><T44/><D109/><U100/><E134/><V96/><F120/><W88/><G4/><T41/><D116/><U34/><E34/><V21/><F118/><W15/><G65/><T51/><D5/><U50/><E126/><N who="3" m="48138" /><G73/><T39/><D39/><U74/><E100/><N who="2" m="38475" /><F96/><N who="3" m="61639" /><G79/><T133/><D133/><U92/><E74/><V64/><F47/><W29/><G55/><T67/><D67/><U132/><E132/><V135/><F128/><W37/><G37/><T104/><D104/><U131/><E131/><V78/><F78/><W46/><G46/><N who="0" m="25679" /><D57/><U95/><E71/><N who="2" m="42375" /><F135/><W17/><G29/><AGARI ba="0,0" hai="23,27,29,30,31,42,44,51,89,94,99" m="25679" machi="29" ten="30,1500,0" yaku="8,1" doraHai="32" who="0" fromWho="3" sc="279,15,340,0,193,0,188,-15" /><INIT seed="4,1,0,5,5,105" ten="294,340,193,173" oya="0" hai0="33,120,38,15,56,49,113,109,108,16,28,2,43" hai1="132,3,98,67,42,118,53,25,80,88,130,9,71" hai2="60,45,64,135,29,51,75,39,0,59,123,83,48" hai3="114,32,72,134,85,81,77,95,21,101,84,47,126"/><T90/><D2/><U11/><E118/><V79/><F135/><W30/><G114/><T70/><D70/><U99/><E42/><V128/><F128/><W19/><G134/><T62/><D38/><U96/><E132/><V89/><F123/><W34/><G126/><T50/><D90/><U65/><E71/><V102/><F102/><W66/><G66/><N who="1" m="25098" /><E3/><V26/><F89/><W87/><G47/><T76/><D76/><U112/><E130/><V97/><F97/><W17/><G101/><T13/><D43/><U37/><E25/><V58/><F0/><W41/><G41/><T31/><D15/><U44/><E37/><V14/><F39/><W54/><G54/><N who="0" m="34071" /><D120/><U100/><E112/><V73/><F14/><W125/><G125/><T35/><D113/><U117/><E117/><V92/><F51/><N who="0" m="19466" /><D33/><U107/><E100/><V52/><F92/><W131/><G95/><T124/><D35/><U110/><E107/><V86/><REACH who="2" step="1"/><F45/><REACH who="2" ten="294,340,183,173" step="2"/><W40/><G131/><T55/><D124/><U46/><E46/><V61/><F61/><W93/><G93/><T68/><D68/><U36/><E36/><V20/><AGARI ba="1,1" hai="20,26,29,48,52,58,59,60,64,73,75,79,83,86" machi="20" ten="20,12000,2" yaku="1,1,0,1,7,1,52,2,54,1,53,0" doraHai="105" doraHaiUra="127" who="2" fromWho="2" sc="294,-61,340,-31,183,133,173,-31" /><INIT seed="5,0,0,4,1,121" ten="233,309,316,142" oya="1" hai0="13,14,1,33,26,134,73,44,42,96,74,75,131" hai1="31,60,45,76,128,92,122,7,105,2,0,91,25" hai2="109,82,71,52,90,86,61,21,59,126,106,130,30" hai3="85,6,127,123,47,65,35,72,53,16,79,98,69"/><U93/><E105/><V43/><F106/><W48/><G123/><T129/><D1/><U4/><E122/><V87/><F109/><W114/><G35/><T41/><D96/><U50/><E76/><N who="2" m="46407" /><F71/><W124/><G114/><T8/><D134/><U117/><E128/><N who="0" m="49225" /><D44/><U100/><E60/><V64/><F126/><N who="3" m="48171" /><G72/><N who="0" m="18435" /><T32/><DORA hai="56" /><D26/><U118/><E100/><V55/><F43/><N who="0" m="16394" /><D8/><U3/><E25/><N who="2" m="16687" /><F130/><W9/><G98/><T119/><D119/><U89/><E45/><V88/><F90/><W84/><G79/><T67/><D67/><U78/><E78/><V58/><F58/><W110/><G110/><T116/><D116/><U112/><E118/><V24/><F24/><W70/><G70/><T22/><D22/><U68/><E68/><V115/><F115/><W39/><G39/><T103/><D103/><U46/><E112/><V36/><F36/><W107/><G107/><T77/><D77/><U111/><E117/><V15/><F15/><AGARI ba="0,0" hai="13,14,15,32,33" m="16394,18435,49225" machi="15" ten="50,6400,0" yaku="28,2,19,1" doraHai="121,56" who="0" fromWho="2" sc="233,64,309,0,316,-64,142,0" /><INIT seed="6,0,0,2,5,65" ten="297,309,252,142" oya="2" hai0="102,93,64,23,2,4,103,18,113,38,16,41,5" hai1="26,85,100,77,118,11,117,3,82,29,131,10,120" hai2="17,32,112,7,90,127,67,83,105,0,75,114,106" hai3="25,50,76,128,36,72,14,107,53,28,94,109,123"/><V115/><F127/><W42/><G107/><T24/><D2/><U97/><E131/><V47/><F32/><W8/><G128/><T27/><D41/><U71/><E71/><V126/><F126/><W79/><G123/><T31/><D38/><U135/><E135/><V130/><F130/><W116/><G116/><T12/><D64/><U21/><E120/><V92/><F0/><W54/><G36/><T125/><D125/><U62/><E62/><V48/><F7/><N who="0" m="2634" /><D113/><U121/><E121/><V35/><F35/><W101/><G109/><T40/><D40/><U96/><E96/><V20/><F67/><W34/><G42/><T86/><D31/><U30/><E30/><V124/><F83/><W15/><G54/><T95/><D27/><U129/><E129/><V52/><F75/><W59/><G15/><T33/><D33/><U78/><E3/><V111/><F111/><W132/><G72/><T61/><D61/><U51/><E118/><V84/><REACH who="2" step="1"/><F124/><REACH who="2" ten="297,309,242,142" step="2"/><W19/><REACH who="3" step="1"/><G132/><REACH who="3" ten="297,309,242,132" step="2"/><T91/><D95/><N who="1" m="58431" /><E117/><V110/><F110/><W22/><G22/><AGARI ba="0,2" hai="12,16,18,22,23,24,86,91,93,102,103" m="2634" machi="22" ten="30,2000,0" yaku="8,1,54,1" doraHai="65" who="0" fromWho="3" sc="297,40,309,0,242,0,132,-20" /><INIT seed="7,0,0,0,0,1" ten="337,309,242,112" oya="3" hai0="75,37,58,99,11,113,85,72,87,123,82,109,40" hai1="100,126,19,95,52,33,121,125,98,44,86,46,38" hai2="18,5,54,26,122,93,32,84,68,79,47,117,119" hai3="77,9,128,134,43,64,42,25,56,39,3,0,133"/><W94/><G128/><T10/><D123/><U31/><E121/><V97/><F68/><W49/><G77/><T127/><D109/><U104/><E19/><V92/><F32/><W74/><G74/><T6/><D99/><U131/><E131/><V17/><F122/><W23/><G39/><T118/><D118/><U35/><E31/><V57/><F47/><W69/><G94/><T70/><D70/><U112/><E112/><V88/><F26/><W36/><G9/><T30/><D30/><U27/><E27/><V34/><F34/><W65/><G69/><T89/><D58/><U20/><E20/><V120/><F120/><W62/><G36/><T110/><D110/><U63/><E46/><V41/><F41/><N who="3" m="15371" /><G49/><T22/><D127/><N who="1" m="48651" /><E38/><V115/><F79/><W71/><G65/><T60/><D60/><U91/><E63/><N who="2" m="36279" /><F115/><W67/><G67/><T96/><D113/><U129/><E129/><V59/><F59/><W111/><G71/><T50/><D37/><U8/><E8/><V61/><F61/><W51/><G51/><AGARI ba="0,0" hai="33,35,44,51,52,86,91,95,98,100,104" m="48651" machi="51" ten="30,2000,0" yaku="18,1,54,1" doraHai="1" who="1" fromWho="3" sc="337,0,309,20,242,0,112,-20" owari="337,44.0,329,13.0,242,-16.0,92,-41.0" /></mjloggm>