<mjloggm ver="2.3"><GO type="41" lobby="0"/><UN n0="%E2%93%9D%53%75%70%68%78" n1="%41%59%4F%59%4F" n2="%61%6C%6C" n3="%E3%82%84%E3%82%81%E3%82%8B%E3%81%8B%EF%BC%9F" dan="18,13,13,15" rate="2114.45,1928.03,1850.66,1928.08" sx="M,F,M,M"/><TAIKYOKU oya="0"/><INIT seed="0,0,0,1,1,20" ten="250,250,250,250" oya="0" hai0="51,28,121,11,79,49,123,41,125,24,76,128,35" hai1="99,16,9,15,7,96,116,132,95,131,17,14,111" hai2="43,114,117,104,78,33,40,112,74,64,93,102,118" hai3="5,68,26,75,45,130,77,87,122,34,31,44,66"/><T63/><D128/><U82/><E116/><V29/><F64/><W100/><G122/><T88/><D125/><U80/><E131/><V1/><F1/><W4/><G75/><T56/><D123/><U110/><E7/><V32/><F104/><W58/><G58/><T46/><D121/><U42/><E42/><V61/><F61/><W57/><G57/><T18/><D51/><U60/><E60/><V30/><F102/><W81/><G68/><T13/><REACH who="0" step="1"/><D88/><REACH who="0" ten="240,250,250,250" step="2"/><U8/><REACH who="1" step="1"/><E95/><REACH who="1" ten="240,240,250,250" step="2"/><V19/><F118/><W120/><G130/><T83/><D83/><U52/><E52/><AGARI ba="0,2" hai="11,13,18,24,28,35,41,46,49,52,56,63,76,79" machi="52" ten="30,12000,1" yaku="1,1,7,1,52,1,54,1,53,1" doraHai="20" doraHaiUra="22" who="0" fromWho="1" sc="240,140,240,-120,250,0,250,0" /><INIT seed="0,1,0,5,3,69" ten="380,120,250,250" oya="0" hai0="115,93,111,78,71,17,120,23,91,127,15,110,130" hai1="94,92,28,121,19,57,8,116,49,102,72,31,47" hai2="37,24,76,50,16,33,80,77,59,12,88,118,36" hai3="108,20,26,68,21,123,46,131,64,3,48,128,43"/><T13/><D115/><U58/><E116/><V70/><F70/><W65/><G3/><T25/><D120/><U2/><E121/><V10/><F118/><W109/><G123/><T81/><D71/><U14/><E2/><V18/><F59/><N who="1" m="22537" /><E72/><V56/><F33/><W52/><G43/><T132/><D130/><N who="3" m="49705" /><G20/><T133/><D127/><U30/><E102/><V40/><F24/><W0/><G0/><T97/><D15/><U66/><E66/><N who="3" m="25706" /><G68/><T107/><D107/><U5/><E5/><V84/><F18/><AGARI ba="1,0" hai="18,21,26,46,48,52,108,109" m="25706,49705" machi="18" ten="30,2000,0" yaku="19,1,54,1" doraHai="69" who="3" fromWho="2" sc="380,0,120,0,250,-23,250,23" /><INIT seed="1,0,0,3,5,32" ten="380,120,227,273" oya="1" hai0="127,124,41,126,6,22,8,46,98,114,76,118,20" hai1="18,112,103,19,61,90,88,38,106,105,72,108,53" hai2="52,60,14,125,73,122,120,135,47,40,128,107,29" hai3="62,84,96,12,70,113,24,91,109,99,89,5,63"/><U78/><E112/><V30/><F107/><W129/><G113/><T54/><D114/><U1/><E38/><V23/><F73/><W26/><G109/><T9/><D9/><U121/><E121/><V82/><F122/><W31/><G70/><T115/><D118/><U71/><E108/><V119/><F119/><W15/><G129/><T51/><D115/><U92/><E88/><V25/><F120/><W21/><G5/><T36/><D98/><U85/><E1/><V42/><F82/><W17/><G26/><T39/><D76/><U133/><E133/><V75/><F75/><W65/><G12/><N who="0" m="5143" /><D39/><U110/><E110/><V100/><F128/><W116/><G89/><T117/><D117/><U87/><E87/><V131/><F100/><W28/><G28/><T4/><D4/><U50/><E71/><V93/><F135/><W95/><G116/><T64/><D64/><U55/><E61/><N who="3" m="23050" /><G65/><T33/><D33/><U11/><E11/><V37/><F37/><W27/><G24/><T77/><D77/><U7/><E7/><V68/><F30/><W0/><G0/><T35/><D35/><U130/><E130/><V66/><F131/><W57/><G57/><AGARI ba="0,0" hai="20,22,36,41,46,51,54,57,124,126,127" m="5143" machi="57" ten="30,1000,0" yaku="18,1" doraHai="32" who="0" fromWho="3" sc="380,10,120,0,227,0,273,-10" /><INIT seed="2,0,0,5,4,104" ten="390,120,227,263" oya="2" hai0="57,122,44,41,94,95,66,52,119,108,51,48,115" hai1="10,79,63,74,25,127,19,65,81,116,35,78,61" hai2="90,131,73,117,50,132,45,80,93,7,13,135,43" hai3="84,17,114,76,103,71,9,96,134,5,62,3,14"/><V121/><F7/><W29/><G134/><N who="2" m="51241" /><F117/><W75/><G84/><T64/><D108/><U28/><E116/><V6/><F121/><W36/><G36/><T32/><D32/><U110/><E110/><V112/><F112/><W118/><G114/><T101/><D122/><U46/><E127/><V129/><F6/><W124/><G124/><T126/><D126/><U11/><E78/><N who="2" m="44111" /><F13/><W111/><G29/><T54/><D115/><U0/><E19/><V24/><F24/><W88/><G111/><T21/><D119/><U58/><E0/><V22/><F22/><W30/><G30/><T59/><D21/><U70/><REACH who="1" step="1"/><E46/><REACH who="1" ten="390,110,227,263" step="2"/><V37/><F37/><W130/><G17/><T85/><D44/><U120/><E120/><V18/><F18/><W72/><G3/><T4/><D4/><U31/><E31/><V102/><F102/><W34/><G103/><T123/><D123/><U125/><E125/><V113/><F113/><W92/><G34/><T68/><D101/><U98/><E98/><AGARI ba="0,1" hai="43,45,50,90,93,98,129,131" m="44111,51241" machi="98" ten="30,2900,0" yaku="20,1,52,1" doraHai="104" who="2" fromWho="1" sc="390,0,110,-29,227,39,263,0" /><INIT seed="2,1,0,4,4,69" ten="390,81,266,263" oya="2" hai0="31,93,106,101,64,5,113,71,0,126,21,46,133" hai1="4,88,63,10,62,109,115,11,51,44,81,97,91" hai2="29,118,90,68,95,130,56,98,96,85,104,60,48" hai3="89,83,43,108,119,20,110,65,99,13,9,41,38"/><V131/><F68/><W3/><G119/><T30/><D113/><U58/><E115/><V75/><F75/><W135/><G65/><T80/><D106/><U54/><E109/><V61/><F118/><W36/><G3/><T70/><D133/><U19/><E58/><V17/><F29/><W86/><G135/><T92/><D126/><U105/><E4/><V127/><F127/><W32/><G32/><T45/><D80/><U78/><E105/><V76/><F48/><W7/><G20/><T47/><D5/><U94/><E91/><V39/><F17/><W24/><G24/><T23/><D47/><U37/><E37/><N who="3" m="14442" /><G99/><T59/><D64/><U117/><E117/><V6/><F6/><W74/><G74/><T116/><D116/><U57/><E19/><V102/><F56/><W16/><G7/><T107/><D71/><U82/><E62/><V33/><F33/><W122/><G122/><T132/><D70/><U120/><E120/><V27/><F27/><W12/><G13/><T8/><D132/><U15/><E15/><V55/><F55/><W114/><G114/><T129/><D0/><U121/><E121/><V18/><F18/><W1/><G1/><T40/><D31/><U134/><E134/><V73/><F98/><W49/><G49/><T79/><D30/><U128/><E128/><N who="2" m="49195" /><F39/><W125/><G125/><T124/><D129/><U53/><E81/><AGARI ba="1,0" hai="60,61,73,76,81,85,90,95,96,102,104" m="49195" machi="81" ten="30,2900,0" yaku="24,1,19,1" doraHai="69" who="2" fromWho="1" sc="390,0,81,-32,266,32,263,0" /><INIT seed="2,2,0,3,2,134" ten="390,49,298,263" oya="2" hai0="70,64,71,37,2,43,74,116,83,111,51,58,108" hai1="48,121,87,4,62,67,131,86,91,112,14,52,78" hai2="55,114,66,40,99,16,82,50,39,61,53,15,85" hai3="107,31,117,97,76,68,109,32,101,88,47,106,113"/><V63/><F39/><W13/><G68/><T46/><D2/><U122/><E112/><V45/><F114/><W79/><G117/><T18/><D18/><U26/><E131/><V20/><F99/><W5/><G113/><T69/><D83/><U35/><E121/><V41/><F41/><W17/><G5/><T128/><D74/><U38/><E122/><V21/><F21/><W3/><G3/><T135/><D135/><U133/><E133/><V126/><F126/><W65/><G65/><T81/><D81/><U132/><E132/><V25/><F25/><W29/><G107/><T98/><D98/><U94/><E38/><V96/><F96/><W119/><G109/><N who="0" m="42059" /><D128/><U59/><E35/><V8/><F20/><W110/><G47/><T102/><D102/><U9/><E26/><V57/><REACH who="2" step="1"/><F61/><REACH who="2" ten="390,49,288,263" step="2"/><W124/><G110/><T54/><D116/><U95/><E78/><AGARI ba="2,1" hai="8,15,16,40,45,50,53,55,57,63,66,78,82,85" machi="78" ten="30,18000,2" yaku="1,1,2,1,7,1,8,1,54,1,53,1" doraHai="134" doraHaiUra="7" who="2" fromWho="1" sc="390,0,49,-186,288,196,263,0" owari="390,19.0,-137,-64.0,484,59.0,263,-14.0" /></mjloggm>