<mjloggm ver="2.3"><GO type="41" lobby="0"/><UN n0="%54%48%41%4E%4B" n1="%E2%93%9D%53%75%70%68%78" n2="%68%61%6B%75%72%79%75%75" n3="%E8%8B%A5%E7%99%BD%E9%AB%AA%E4%BC%AF%E7%88%B5" dan="13,18,15,14" rate="1804.02,2157.87,2003.02,1922.16" sx="M,M,M,M"/><TAIKYOKU oya="0"/><INIT seed="0,0,0,0,3,123" ten="250,250,250,250" oya="0" hai0="69,85,108,56,19,63,15,13,118,125,23,41,43" hai1="129,115,10,64,119,121,134,103,77,6,111,109,18" hai2="60,44,112,30,17,100,101,9,57,12,128,55,40" hai3="50,124,116,31,62,29,33,120,1,72,76,86,70"/><T16/><D118/><U126/><E103/><V135/><F128/><W61/><G1/><T84/><D69/><U22/><E77/><V58/><F135/><W42/><G72/><T106/><D106/><U102/><E102/><V39/><F112/><W24/><G120/><T107/><D107/><U34/><E64/><V26/><REACH who="2" step="1"/><F58/><REACH who="2" ten="250,250,240,250" step="2"/><W0/><G70/><T104/><D125/><U27/><E129/><V7/><F7/><W110/><G124/><T98/><D104/><U96/><E126/><V92/><F92/><W81/><G116/><T46/><D98/><U4/><E119/><V127/><F127/><W66/><G66/><N who="0" m="39271" /><D108/><N who="1" m="41547" /><E121/><V95/><F95/><W68/><G68/><T117/><D117/><U114/><E96/><V73/><F73/><W83/><G110/><T59/><D59/><U131/><E131/><V35/><AGARI ba="0,1" hai="9,12,17,26,30,35,39,40,44,55,57,60,100,101" machi="35" ten="20,2700,0" yaku="1,1,0,1,7,1,53,0" doraHai="123" doraHaiUra="88" who="2" fromWho="2" sc="250,-13,250,-7,240,37,250,-7" /><INIT seed="1,0,0,2,0,42" ten="237,243,277,243" oya="1" hai0="39,32,26,14,6,94,5,2,112,63,68,100,72" hai1="125,84,45,92,3,40,38,122,11,102,104,117,56" hai2="95,118,132,134,25,59,44,126,28,107,13,18,55" hai3="41,123,49,0,110,115,114,34,9,61,21,78,77"/><U19/><E122/><V15/><F118/><W57/><G110/><T29/><D72/><U1/><E117/><V79/><F107/><W4/><G34/><T70/><D112/><U85/><E104/><V65/><F126/><W36/><G123/><T121/><D121/><U76/><E125/><V31/><F79/><W8/><G36/><T135/><D135/><N who="2" m="51754" /><F65/><W67/><G114/><T108/><D39/><U54/><E85/><V7/><F7/><W16/><G9/><T83/><D83/><U10/><E76/><V74/><F95/><W111/><G111/><T91/><D100/><U101/><E101/><V66/><F66/><W131/><G131/><T60/><D5/><U22/><E3/><V73/><F18/><W133/><G133/><T80/><D80/><U89/><E102/><V53/><F59/><W113/><G113/><T109/><D2/><U71/><E71/><V88/><F88/><W62/><G62/><T58/><D63/><U93/><E93/><V69/><F69/><W27/><REACH who="3" step="1"/><G115/><REACH who="3" ten="237,243,277,233" step="2"/><T75/><D109/><U106/><E1/><V119/><F119/><W86/><G86/><T12/><D108/><U43/><E38/><V128/><F128/><W33/><G33/><T48/><D60/><U87/><E87/><V90/><F74/><W96/><G96/><N who="0" m="57439" /><D75/><U17/><E84/><V20/><F73/><W120/><G120/><T23/><D32/><U103/><E11/><V116/><F116/><W30/><G30/><T99/><D99/><U98/><E10/><V24/><F28/><W50/><G50/><T51/><D51/><U37/><E37/><RYUUKYOKU ba="0,1" sc="237,-10,243,-10,277,-10,233,30" hai3="0,4,8,16,21,27,41,49,57,61,67,77,78" /><INIT seed="2,1,1,4,5,48" ten="227,233,267,263" oya="2" hai0="45,119,14,59,134,20,109,86,116,67,58,127,133" hai1="82,17,108,64,63,16,123,94,91,88,40,73,98" hai2="80,23,76,44,92,84,93,53,104,54,103,51,56" hai3="81,95,85,87,117,6,29,22,96,34,79,43,52"/><V15/><F104/><W0/><G34/><T46/><D86/><N who="1" m="50263" /><E73/><V50/><F103/><W2/><G43/><T60/><D14/><U122/><E108/><V42/><F42/><W121/><G121/><N who="1" m="46090" /><E40/><V66/><F66/><W37/><G117/><N who="0" m="45131" /><D20/><U4/><E4/><V118/><F118/><W78/><G37/><T41/><D109/><U9/><E9/><V47/><F56/><AGARI ba="1,1" hai="16,17,56,63,64,91,94,98" m="46090,50263" machi="56" ten="30,3900,0" yaku="13,1,54,2" doraHai="48" who="1" fromWho="2" sc="227,0,233,52,267,-42,263,0" /><INIT seed="3,0,0,5,2,114" ten="227,285,225,263" oya="3" hai0="113,7,4,15,90,98,127,28,19,11,81,44,122" hai1="116,22,23,48,77,87,128,2,88,35,96,32,38" hai2="76,42,130,132,86,29,67,9,6,61,123,51,18" hai3="50,84,55,41,58,43,45,102,49,36,135,115,100"/><W120/><G120/><T34/><D122/><U26/><E38/><V37/><F37/><W95/><G115/><T131/><D113/><U33/><E2/><V99/><F132/><W72/><G72/><T75/><D131/><U129/><E77/><V30/><F130/><N who="1" m="50281" /><E96/><V101/><F18/><W5/><G135/><T126/><D98/><U118/><E48/><V105/><F123/><W111/><G111/><T78/><D90/><U121/><E121/><V60/><F60/><W134/><G5/><T103/><D103/><N who="3" m="39465" /><G134/><T40/><D28/><N who="1" m="17495" /><E23/><V21/><F21/><W93/><G36/><T64/><D34/><U74/><E74/><V69/><F76/><W109/><G109/><T106/><D106/><U89/><E89/><V27/><F86/><W24/><G24/><T124/><REACH who="0" step="1"/><D64/><REACH who="0" ten="217,285,225,263" step="2"/><U52/><E52/><V91/><F91/><N who="3" m="53479" /><G95/><AGARI ba="0,1" hai="32,33,35,87,88,95,116,118" m="17495,50281" machi="95" ten="40,8000,1" yaku="19,1,52,2,54,1" doraHai="114" who="1" fromWho="3" sc="217,0,285,90,225,0,263,-80" /><INIT seed="4,0,0,1,3,123" ten="217,375,225,183" oya="0" hai0="17,51,56,102,82,39,92,116,130,112,86,20,5" hai1="106,134,50,3,108,71,124,23,76,2,128,33,45" hai2="88,34,14,6,100,64,90,21,122,131,99,19,35" hai3="85,16,105,49,18,57,94,83,70,95,80,74,107"/><T13/><D112/><U7/><E128/><V79/><F122/><W103/><G57/><T87/><D116/><U46/><E134/><V84/><F131/><W78/><G49/><T55/><D39/><U66/><E124/><V8/><F64/><W127/><G127/><T114/><D114/><U24/><E76/><V132/><F79/><W77/><G70/><T61/><D130/><U37/><E7/><V62/><F62/><W118/><G18/><T9/><D82/><U43/><E106/><N who="3" m="40458" /><G16/><T30/><D30/><U22/><E33/><V67/><F67/><W15/><G15/><T40/><D102/><U98/><E3/><V53/><F53/><W32/><G32/><T96/><D40/><U38/><E2/><V109/><F132/><W117/><G117/><T68/><D68/><U27/><E43/><V75/><F35/><W1/><G1/><T44/><D96/><U41/><E98/><V28/><F34/><W129/><G129/><T81/><D81/><U69/><E41/><V12/><F28/><W104/><G118/><T59/><D92/><U26/><E66/><V101/><F100/><W133/><G133/><T110/><D59/><U97/><E71/><V31/><F31/><W115/><G115/><T29/><D29/><U52/><E69/><V54/><F101/><W0/><G0/><T135/><D135/><U91/><E38/><V4/><F54/><W113/><G113/><T65/><D110/><U36/><E108/><V126/><F109/><W58/><G58/><T25/><AGARI ba="0,0" hai="5,9,13,17,20,25,44,51,55,56,61,65,86,87" machi="25" ten="20,3900,0" yaku="0,1,7,1,8,1" doraHai="123" who="0" fromWho="0" sc="217,39,375,-13,225,-13,183,-13" /><INIT seed="4,1,0,3,3,69" ten="256,362,212,170" oya="0" hai0="57,49,90,120,111,118,12,19,100,22,0,116,2" hai1="94,66,16,40,87,124,53,45,63,1,135,14,48" hai2="42,110,125,93,70,77,112,134,121,30,26,88,98" hai3="29,10,8,34,18,54,84,67,73,99,23,71,123"/><T51/><D120/><U107/><E1/><V86/><F121/><W96/><G73/><T32/><D32/><U79/><E107/><V106/><F112/><W103/><G99/><T39/><D100/><U36/><E135/><V5/><F110/><W109/><G54/><T13/><D111/><U122/><E124/><V127/><F134/><W104/><G84/><T56/><D22/><U61/><E122/><V114/><F5/><W27/><G109/><T126/><D90/><U85/><E79/><V15/><F15/><W78/><G78/><T91/><D91/><U83/><E94/><V59/><F70/><W105/><G105/><T4/><D19/><U132/><E66/><V11/><F11/><W89/><G89/><T128/><D4/><U28/><E28/><V102/><F114/><W81/><G81/><T44/><D44/><U97/><E97/><V92/><F92/><W24/><REACH who="3" step="1"/><G123/><REACH who="3" ten="256,362,212,160" step="2"/><T17/><D126/><U46/><E132/><V20/><F77/><W101/><G101/><T133/><D133/><U65/><E83/><V74/><F74/><W80/><G80/><T47/><D118/><U43/><E53/><V38/><REACH who="2" step="1"/><F59/><REACH who="2" ten="256,362,202,160" step="2"/><W129/><G129/><T50/><D128/><U3/><E87/><V58/><F58/><W75/><G75/><T6/><D57/><U108/><E85/><V60/><F60/><AGARI ba="1,2" hai="8,10,18,23,24,27,29,34,60,67,71,96,103,104" machi="60" ten="40,8000,1" yaku="1,1,25,2,53,1" doraHai="69" doraHaiUra="62" who="3" fromWho="2" sc="256,0,362,0,202,-83,160,103" /><INIT seed="5,0,0,2,2,15" ten="256,362,119,263" oya="1" hai0="12,78,115,129,100,72,16,102,59,10,113,24,65" hai1="84,25,109,124,14,108,3,97,119,56,36,43,66" hai2="83,110,52,82,131,91,22,11,38,98,13,32,1" hai3="40,51,120,103,112,48,19,20,125,117,88,68,69"/><U8/><E119/><V111/><F38/><W86/><G120/><T35/><D129/><U73/><E73/><V28/><F131/><W31/><G31/><N who="0" m="19943" /><D78/><U132/><E3/><V123/><F123/><W104/><G112/><N who="0" m="43083" /><D72/><U92/><E132/><V87/><F98/><W96/><G125/><T62/><AGARI ba="0,0" hai="10,12,16,59,62,65,100,102" m="43083,19943" machi="62" ten="30,4000,0" yaku="15,1,52,1,54,1" doraHai="15" who="0" fromWho="0" sc="256,40,362,-20,119,-10,263,-10" /><INIT seed="6,0,0,5,5,69" ten="296,342,109,253" oya="2" hai0="62,120,9,70,25,86,52,106,89,30,21,96,65" hai1="112,74,63,19,51,49,109,14,93,40,57,11,59" hai2="88,58,67,97,108,39,130,100,94,29,5,113,133" hai3="85,1,16,8,34,12,27,7,10,132,104,111,131"/><V75/><F75/><W126/><G104/><T35/><D120/><U134/><E109/><V53/><F108/><W23/><G85/><T28/><D9/><U32/><E32/><V71/><F113/><W73/><G73/><T68/><D30/><U98/><E134/><V3/><F133/><W90/><G90/><T99/><D70/><U46/><E74/><V61/><F29/><N who="3" m="19775" /><G132/><T87/><D21/><U101/><E112/><V123/><F123/><W119/><G119/><T117/><D117/><U18/><E51/><V20/><F130/><W102/><G102/><T47/><D89/><U116/><E116/><V129/><F129/><W76/><G76/><T122/><D99/><U55/><E59/><V91/><F39/><W81/><G81/><T78/><D78/><U124/><E124/><V95/><F95/><W37/><G37/><T6/><D6/><AGARI ba="0,0" hai="6,11,14,18,19,40,46,49,55,57,63,93,98,101" machi="6" ten="30,2000,0" yaku="7,1,8,1" doraHai="69" who="1" fromWho="0" sc="296,-20,342,20,109,0,253,0" /><INIT seed="7,0,0,2,3,15" ten="276,362,109,253" oya="3" hai0="122,73,75,108,131,3,39,57,80,116,96,60,74" hai1="76,110,117,5,81,112,16,9,109,0,21,88,70" hai2="133,89,13,35,62,93,100,115,82,104,41,135,23" hai3="46,61,119,95,84,134,10,30,129,1,106,63,120"/><W86/><G119/><T113/><D3/><U103/><E70/><V52/><F35/><W69/><G120/><T22/><D39/><U121/><E103/><V59/><F115/><W114/><G106/><T12/><D116/><U105/><E105/><V26/><F133/><W125/><G134/><T55/><D108/><U17/><E17/><V32/><F135/><W77/><G129/><T111/><D111/><U19/><E19/><V29/><F41/><W49/><G30/><T126/><D122/><U45/><E88/><V92/><F82/><W25/><G25/><T58/><D126/><U91/><E91/><V128/><F128/><W67/><G63/><T107/><D131/><U101/><E101/><V123/><F123/><W8/><G114/><T40/><D113/><U24/><E121/><V71/><F71/><W56/><G69/><T127/><D75/><N who="1" m="43167" /><E117/><V78/><F78/><W83/><G1/><T97/><D40/><U90/><E90/><V98/><F32/><W72/><G95/><T34/><D34/><U65/><E112/><V28/><F13/><W94/><G94/><T64/><D107/><U18/><E110/><V130/><F130/><W132/><G132/><T54/><D64/><U14/><E65/><V2/><F2/><W37/><G37/><T11/><D127/><U36/><E109/><V7/><F7/><W87/><REACH who="3" step="1"/><G125/><REACH who="3" ten="276,362,109,243" step="2"/><T20/><D60/><U68/><E68/><V27/><F104/><W48/><G48/><T53/><D12/><U43/><E14/><V118/><F118/><W66/><G66/><T50/><D50/><U33/><E36/><RYUUKYOKU ba="0,1" sc="276,-10,362,-10,109,-10,243,30" hai3="8,10,46,49,56,61,67,72,77,83,84,86,87" /><INIT seed="7,1,1,4,0,90" ten="266,352,99,273" oya="3" hai0="51,83,108,73,124,117,21,26,71,112,75,106,74" hai1="37,70,45,103,44,116,133,5,43,78,101,77,62" hai2="0,132,31,46,47,123,58,128,67,63,36,8,81" hai3="38,120,54,129,12,33,32,48,52,76,118,115,126"/><W29/><G118/><T121/><D71/><U13/><E133/><V122/><F31/><W1/><G120/><N who="2" m="46121" /><F0/><W88/><G38/><T69/><D69/><U135/><E45/><N who="2" m="16907" /><F8/><W72/><G115/><T6/><D117/><U35/><E103/><V104/><F104/><W91/><G126/><T100/><D112/><U130/><E130/><V125/><F81/><W107/><G129/><T93/><D124/><U113/><E135/><V97/><F97/><W27/><G107/><T57/><D108/><U18/><E35/><V22/><F22/><W34/><G1/><T105/><D105/><U17/><E113/><V14/><F14/><W95/><G91/><T60/><D121/><U80/><E78/><V3/><F3/><W28/><G12/><T127/><D127/><U41/><E41/><V49/><F132/><W25/><G48/><T131/><D131/><U11/><E116/><V16/><F125/><W15/><G15/><T102/><D74/><U40/><E40/><V87/><F87/><W9/><G9/><T23/><D75/><U86/><E101/><V2/><F16/><W98/><G34/><T68/><D73/><U119/><E119/><V114/><F2/><W109/><G109/><T61/><D68/><U24/><E24/><V39/><F114/><W55/><G72/><T110/><D106/><U59/><E70/><N who="2" m="42367" /><F128/><W64/><G76/><T30/><D110/><U65/><AGARI ba="1,1" hai="5,11,13,17,18,37,43,44,59,62,65,77,80,86" machi="65" ten="20,1500,0" yaku="0,1,7,1" doraHai="90" who="1" fromWho="1" sc="266,-5,352,28,99,-5,273,-8" owari="261,-14.0,380,48.0,94,-41.0,265,7.0" /></mjloggm>