<mjloggm ver="2.3"><GO type="41" lobby="0"/><UN n0="%E3%81%B5%E3%81%8F%E3%82%8D%E3%81%86%31%30%39" n1="%6E%69%63%6B%6C%6F%77" n2="%E3%81%A8%E3%82%82%E3%82%82%E3%82%82" n3="%E2%93%9D%53%75%70%68%78" dan="14,15,13,18" rate="1873.56,2027.02,1933.52,2094.97" sx="M,M,M,M"/><TAIKYOKU oya="0"/><INIT seed="0,0,0,1,5,127" ten="250,250,250,250" oya="0" hai0="125,82,124,50,32,27,89,37,85,21,13,63,72" hai1="20,73,65,83,98,115,55,81,104,133,17,48,117" hai2="59,128,101,28,78,102,46,15,130,22,103,58,38" hai3="97,108,19,87,100,109,6,56,4,62,44,118,90"/><T77/><D37/><U111/><E117/><V16/><F78/><W91/><G44/><T112/><D112/><U43/><E111/><N who="3" m="42570" /><G19/><T39/><D39/><U93/><E104/><V66/><F28/><W105/><G118/><T76/><D50/><U86/><E133/><V79/><F79/><W126/><G126/><N who="0" m="48747" /><D72/><U99/><E73/><V34/><F34/><W75/><G75/><T120/><D120/><U107/><E107/><V114/><F114/><W47/><G47/><T54/><D32/><U134/><E134/><V60/><REACH who="2" step="1"/><F58/><REACH who="2" ten="250,250,240,250" step="2"/><W52/><G91/><T5/><D76/><U10/><E115/><V1/><F1/><W106/><G106/><T0/><D77/><U95/><E86/><V70/><F70/><W7/><G90/><T12/><D0/><U31/><E31/><V132/><F132/><W51/><G87/><T57/><D5/><U64/><E99/><V23/><F23/><W119/><G119/><T49/><D63/><AGARI ba="0,1" hai="4,6,7,51,52,56,62,63,97,100,105" m="42570" machi="63" ten="30,2000,0" yaku="14,1,54,1" doraHai="127" who="3" fromWho="0" sc="250,-20,250,0,240,0,250,30" /><INIT seed="1,0,0,4,0,116" ten="230,250,240,280" oya="1" hai0="8,109,58,107,22,93,18,15,7,127,119,43,14" hai1="131,13,61,52,69,9,89,41,71,74,36,23,96" hai2="128,30,54,95,10,103,31,97,98,104,90,83,76" hai3="110,91,11,2,134,123,26,111,78,120,106,37,66"/><U112/><E112/><V88/><F10/><W124/><G37/><T94/><D119/><U67/><E74/><V73/><F54/><W16/><G78/><T42/><D127/><U50/><E131/><V118/><F118/><W99/><G66/><T6/><D109/><N who="3" m="41481" /><G134/><T68/><D107/><U56/><E23/><V108/><F31/><W102/><G124/><T100/><D68/><N who="1" m="42095" /><E89/><N who="2" m="55535" /><F30/><W53/><G53/><T59/><D100/><U86/><E86/><V29/><F29/><W82/><G2/><T49/><D6/><U17/><E96/><N who="2" m="61543" /><F108/><W63/><G63/><T21/><D21/><U3/><E3/><V28/><F28/><W77/><G91/><N who="2" m="34857" /><F128/><W135/><G135/><T75/><D42/><U38/><E38/><V39/><F39/><W0/><G0/><T70/><D70/><U35/><E35/><V125/><F98/><W117/><G117/><T84/><D43/><U132/><E132/><V85/><F125/><W5/><G5/><T25/><D7/><U72/><E71/><V122/><F122/><W48/><G11/><T101/><D8/><U126/><E69/><V133/><F133/><W64/><G64/><T81/><D49/><U20/><E9/><V12/><F12/><W80/><G48/><T92/><D14/><U129/><E129/><V65/><F65/><W46/><G123/><T62/><D15/><U27/><E13/><V55/><F55/><W45/><G120/><T121/><D121/><U4/><E126/><V113/><F113/><W87/><G82/><T34/><D81/><U19/><E4/><V33/><F33/><W105/><G105/><RYUUKYOKU ba="0,0" sc="230,-15,250,-15,240,15,280,15" hai2="73,76,83,85" hai3="16,26,45,46,77,80,87,99,102,106" /><INIT seed="2,1,0,2,5,133" ten="215,235,255,295" oya="2" hai0="120,99,9,28,96,135,59,76,13,70,10,116,42" hai1="117,65,47,18,37,101,43,114,34,15,8,51,94" hai2="6,84,118,126,78,100,93,17,26,54,131,22,11" hai3="45,1,91,35,74,102,64,3,104,82,115,134,73"/><V40/><F118/><W128/><G64/><T68/><D120/><U89/><E117/><V36/><F131/><W110/><G45/><T25/><D116/><U125/><E114/><V4/><F40/><W67/><G67/><T112/><D135/><U127/><E65/><V53/><F36/><W57/><G57/><T90/><D112/><U97/><E34/><V72/><F72/><W61/><G91/><T21/><D42/><U38/><REACH who="1" step="1"/><E101/><REACH who="1" ten="215,225,255,295" step="2"/><V87/><F100/><W14/><G102/><T5/><D70/><U77/><E77/><V19/><F78/><W109/><G35/><T32/><D68/><U2/><E2/><V111/><F111/><W20/><G3/><T69/><D76/><U130/><E130/><V108/><F108/><W41/><G1/><T52/><D69/><U129/><E129/><V103/><F103/><W98/><G128/><T60/><D32/><U30/><E30/><V86/><F93/><W29/><G29/><T48/><D90/><U79/><E79/><V113/><F113/><W95/><G115/><T58/><REACH who="0" step="1"/><D10/><REACH who="0" ten="205,225,255,295" step="2"/><U85/><E85/><V119/><F119/><W16/><G110/><T31/><D31/><U66/><E66/><AGARI ba="1,2" hai="5,9,13,21,25,28,48,52,58,59,60,66,96,99" machi="66" ten="30,7700,0" yaku="1,1,7,1,8,1,54,1,53,0" doraHai="133" doraHaiUra="39" who="0" fromWho="1" sc="205,100,225,-80,255,0,295,0" /><INIT seed="3,0,0,3,2,118" ten="305,145,255,295" oya="3" hai0="68,106,37,98,79,88,23,47,54,43,17,52,21" hai1="22,80,130,51,109,32,104,71,123,114,85,96,92" hai2="62,78,77,13,3,33,40,19,27,46,16,133,115" hai3="135,61,107,41,50,125,0,5,101,128,10,111,25"/><W49/><G128/><T95/><D68/><U18/><E114/><V12/><F115/><W53/><G135/><T72/><D106/><U30/><E130/><V1/><F133/><W48/><G125/><T44/><D44/><U58/><E71/><V126/><F126/><W102/><G111/><T34/><D34/><U11/><E104/><V116/><F116/><W108/><G108/><T113/><D113/><U89/><E109/><V117/><F117/><W129/><G129/><T82/><REACH who="0" step="1"/><D23/><REACH who="0" ten="295,145,255,295" step="2"/><U97/><E32/><V29/><F33/><W132/><G132/><T55/><D55/><U63/><E123/><V124/><F124/><W4/><G107/><T56/><D56/><U127/><E127/><V131/><F131/><W121/><G121/><T26/><AGARI ba="0,1" hai="17,21,26,37,43,47,52,54,72,79,82,88,95,98" machi="26" ten="20,8000,1" yaku="1,1,0,1,7,1,54,2,53,0" doraHai="118" doraHaiUra="83" who="0" fromWho="0" sc="295,90,145,-20,255,-20,295,-40" /><INIT seed="4,0,0,4,3,11" ten="385,125,235,255" oya="0" hai0="92,69,47,9,26,66,65,64,80,104,85,132,96" hai1="113,1,8,5,68,3,45,98,44,23,131,115,41" hai2="36,88,97,38,76,59,123,24,126,133,51,31,120" hai3="114,27,42,100,6,107,0,54,125,50,37,103,58"/><T77/><D132/><U14/><E68/><V108/><F108/><W95/><G107/><T49/><D104/><U111/><E111/><V81/><F126/><W71/><G114/><N who="1" m="43530" /><E45/><V72/><F133/><W67/><G6/><T39/><D39/><N who="1" m="21567" /><E98/><V53/><F38/><W127/><G0/><T16/><D69/><U102/><E102/><V70/><F36/><W10/><G103/><T29/><D29/><U25/><E131/><V34/><F70/><W17/><G42/><T79/><D79/><U118/><E118/><V56/><F59/><W116/><G116/><T18/><D26/><U89/><E89/><V63/><F63/><W130/><G27/><T124/><D124/><U4/><E4/><V28/><F31/><AGARI ba="0,0" hai="1,3,5,8,14,23,25,31" m="21567,43530" machi="31" ten="30,3900,0" yaku="15,1,11,1,52,1" doraHai="11" who="1" fromWho="2" sc="385,0,125,39,235,-39,255,0" /><INIT seed="5,0,0,1,3,71" ten="385,164,196,255" oya="1" hai0="46,37,69,57,70,92,132,85,110,129,112,3,118" hai1="34,120,75,49,135,128,19,133,125,103,25,33,30" hai2="14,18,23,61,11,77,39,72,44,76,31,82,114" hai3="95,2,121,134,87,12,90,41,38,83,91,10,59"/><U50/><E75/><V60/><F77/><W74/><G121/><T130/><D85/><U6/><E120/><V78/><F76/><W131/><G134/><N who="1" m="51210" /><E103/><V104/><F104/><W106/><G131/><T13/><D92/><U65/><E128/><V8/><F114/><W32/><G32/><N who="1" m="12394" /><E65/><V0/><F31/><W79/><G106/><T113/><D13/><U51/><E125/><V119/><F119/><W100/><G100/><T126/><D126/><U35/><E6/><N who="2" m="1095" /><F11/><W73/><G73/><T99/><D3/><U67/><E67/><V36/><F36/><W97/><G2/><T28/><D132/><U56/><E19/><V93/><F93/><W108/><G74/><T53/><D129/><U81/><E81/><V68/><F68/><W22/><G83/><T24/><D130/><U109/><E109/><V1/><F1/><W21/><G108/><T102/><D113/><U124/><E124/><V4/><F4/><W27/><G95/><T64/><D112/><U48/><N who="1" m="12288" /><DORA hai="88" /><U96/><E56/><V42/><AGARI ba="0,0" hai="14,18,23,39,42,44,60,61,72,78,82" m="1095" machi="42" ten="30,2000,0" yaku="25,1,52,1" doraHai="71,88" who="2" fromWho="2" sc="385,-5,164,-10,196,20,255,-5" /><INIT seed="6,0,0,4,4,31" ten="380,154,216,250" oya="2" hai0="89,21,47,131,15,124,82,24,76,46,106,34,20" hai1="16,85,11,57,99,14,4,117,36,28,13,50,118" hai2="109,90,115,66,102,128,6,94,125,71,41,55,5" hai3="22,17,56,63,83,122,74,64,95,119,30,68,12"/><V7/><F102/><W104/><G104/><T45/><D131/><U114/><E36/><V126/><F41/><W98/><G119/><T26/><D124/><N who="2" m="47722" /><F128/><W27/><G122/><T133/><D133/><U59/><E114/><V40/><F115/><W8/><G74/><T120/><D120/><U116/><E99/><N who="2" m="57815" /><F40/><W77/><G68/><T35/><D106/><U42/><E28/><V132/><F132/><W60/><G60/><T96/><D15/><U58/><E85/><V87/><F109/><W78/><G83/><T110/><D110/><U33/><E42/><V111/><F111/><W65/><REACH who="3" step="1"/><G65/><REACH who="3" ten="380,154,216,240" step="2"/><T52/><D82/><U1/><E1/><V127/><F127/><W121/><G121/><T79/><D76/><U10/><REACH who="1" step="1"/><E50/><REACH who="1" ten="380,144,216,240" step="2"/><V84/><F71/><W32/><G32/><AGARI ba="0,2" hai="4,10,11,13,14,16,32,33,57,58,59,116,117,118" machi="32" ten="50,8000,1" yaku="1,1,2,1,52,2,54,1,53,0" doraHai="31" doraHaiUra="86" who="1" fromWho="3" sc="380,0,144,100,216,0,240,-80" /><INIT seed="7,0,0,5,0,135" ten="380,244,216,160" oya="3" hai0="40,36,15,35,125,61,107,38,78,2,53,24,79" hai1="5,21,97,113,13,54,82,98,89,10,8,37,56" hai2="87,4,11,105,28,16,101,73,123,106,19,100,80" hai3="119,132,67,85,33,43,25,75,17,134,41,46,58"/><W77/><G119/><T64/><D125/><U96/><E37/><V63/><F73/><W94/><G75/><T60/><D2/><U70/><E70/><V112/><F112/><W88/><G77/><T104/><D15/><N who="1" m="5519" /><E21/><V42/><F123/><W91/><G91/><T18/><D53/><U48/><E113/><V6/><F28/><W114/><G114/><T121/><D121/><U44/><E56/><V7/><F63/><W90/><G90/><T127/><D127/><U95/><E82/><V50/><F106/><W45/><G58/><T0/><D78/><U23/><E23/><V39/><F39/><W116/><G116/><T130/><D18/><AGARI ba="0,0" hai="10,13,18,44,48,54,89,95,96,97,98" m="5519" machi="18" ten="30,1000,0" yaku="8,1" doraHai="135" who="1" fromWho="0" sc="380,-10,244,10,216,0,160,0" owari="370,47.0,254,5.0,216,-18.0,160,-34.0" /></mjloggm>