<mjloggm ver="2.3"><GO type="41" lobby="0"/><UN n0="%79%75%6D%69%63%6F%2E%6F" n1="%6B%69%6E%6B%69%6E" n2="%E2%93%9D%53%75%70%68%78" n3="%E3%83%99%E3%83%8B%E3%83%BC%E3%81%A1%E3%82%83%E3%82%93" dan="14,13,18,14" rate="1921.69,1900.94,2159.30,1932.49" sx="M,M,M,M"/><TAIKYOKU oya="0"/><INIT seed="0,0,0,3,5,92" ten="250,250,250,250" oya="0" hai0="38,56,48,63,12,126,110,95,75,81,32,114,2" hai1="105,45,115,69,135,43,118,42,76,127,34,54,111" hai2="55,40,108,117,122,121,102,31,64,27,21,61,100" hai3="67,11,39,98,87,33,50,14,80,107,57,65,37"/><T4/><D114/><U16/><E118/><V52/><F117/><W53/><G33/><T77/><D32/><U131/><E115/><V20/><F40/><W60/><G67/><T88/><D38/><U94/><E105/><V0/><F0/><W46/><G107/><T79/><D2/><U35/><E69/><V74/><F74/><W5/><REACH who="3" step="1"/><G98/><REACH who="3" ten="250,250,250,240" step="2"/><T9/><D126/><U15/><E127/><V72/><F64/><W125/><G125/><T36/><D110/><U23/><E111/><V49/><F108/><W28/><G28/><T132/><D132/><U73/><E135/><V116/><F116/><W120/><G120/><T51/><D36/><U1/><E35/><V66/><F66/><W29/><G29/><T84/><D79/><AGARI ba="0,1" hai="5,11,14,37,39,46,50,53,57,60,65,79,80,87" machi="79" ten="30,2000,0" yaku="1,1,7,1,53,0" doraHai="92" doraHaiUra="18" who="3" fromWho="0" sc="250,-20,250,0,250,0,240,30" /><INIT seed="1,0,0,2,5,133" ten="230,250,250,270" oya="1" hai0="67,77,129,102,90,93,118,59,49,42,7,66,54" hai1="125,30,39,86,107,26,75,109,132,46,6,88,131" hai2="12,74,61,99,45,1,96,113,35,47,14,95,116" hai3="11,37,76,40,17,50,101,15,105,5,0,92,134"/><U81/><E132/><V10/><F35/><W4/><G105/><T84/><D118/><U31/><E107/><V82/><F1/><W106/><G37/><T44/><D129/><U41/><E131/><V69/><F74/><W94/><G76/><T70/><D7/><U120/><E120/><V130/><F113/><W71/><G71/><T28/><D28/><U60/><E109/><V21/><F82/><W34/><G34/><T73/><D70/><U108/><E108/><V32/><F32/><W19/><G17/><T124/><D102/><U68/><E75/><V16/><F99/><W85/><G106/><T9/><D9/><U117/><E117/><V121/><F121/><W23/><G4/><T114/><D114/><U135/><E135/><V43/><F116/><W115/><G115/><T48/><D124/><U122/><E122/><V126/><F126/><W52/><G40/><T29/><D29/><U98/><E125/><V27/><F14/><W58/><G134/><T36/><D36/><U83/><E6/><V3/><F3/><W22/><G94/><T119/><D119/><U89/><E31/><V64/><F43/><W20/><G101/><T127/><D127/><U56/><E68/><V33/><F33/><W72/><REACH who="3" step="1"/><G72/><REACH who="3" ten="230,250,250,260" step="2"/><T57/><D73/><U100/><E83/><V97/><F130/><W53/><G53/><T123/><D77/><U111/><E111/><V79/><F79/><W13/><G13/><T62/><D123/><U91/><E100/><N who="2" m="60447" /><F97/><W2/><G2/><T63/><D63/><U8/><E98/><V103/><F103/><W112/><G112/><RYUUKYOKU ba="0,1" sc="230,10,250,-30,250,10,260,10" hai0="42,44,48,49,54,57,59,62,66,67,84,90,93" hai2="10,12,16,21,27,45,47,61,64,69" hai3="0,5,11,15,19,20,22,23,50,52,58,85,92" /><INIT seed="2,1,1,2,0,64" ten="240,220,260,270" oya="2" hai0="5,114,50,81,61,109,83,72,126,16,55,115,71" hai1="42,10,99,80,116,84,6,33,76,77,132,62,40" hai2="13,2,123,11,39,56,66,38,125,101,57,119,9" hai3="111,112,47,51,27,95,14,102,130,46,135,88,18"/><V127/><F123/><W133/><G111/><T37/><D37/><N who="2" m="13834" /><F119/><W96/><G130/><T104/><D104/><U45/><E116/><V4/><F101/><W36/><G27/><T89/><D109/><U17/><E33/><V21/><F21/><W35/><G35/><T124/><D5/><U86/><E132/><N who="3" m="50762" /><G36/><T44/><D83/><U69/><E17/><N who="2" m="8367" /><F66/><W82/><G112/><T22/><D72/><U122/><E122/><V85/><F85/><N who="3" m="50231" /><G51/><T79/><D79/><U128/><E99/><V121/><F121/><W63/><G63/><T23/><D23/><AGARI ba="1,1" hai="14,18,23,46,47,95,96,102" m="50231,50762" machi="23" ten="30,2000,0" yaku="20,1,54,1" doraHai="64" who="3" fromWho="0" sc="240,-23,220,0,260,0,270,33" /><INIT seed="3,0,0,1,4,57" ten="217,220,260,303" oya="3" hai0="100,112,52,78,0,127,28,40,39,48,10,36,6" hai1="90,121,7,73,11,41,116,111,70,20,75,76,2" hai2="92,113,32,53,26,74,62,122,47,108,60,68,13" hai3="49,61,64,38,35,89,103,58,66,1,123,63,21"/><W126/><G1/><T95/><D78/><U3/><E121/><V80/><F113/><W12/><G35/><T87/><D112/><U18/><E116/><V19/><F68/><W4/><G38/><T43/><D127/><U118/><E118/><V97/><F108/><W132/><G126/><T130/><D28/><U67/><E111/><V56/><F47/><W8/><G132/><T135/><D135/><U71/><E41/><V81/><F74/><W134/><G134/><T83/><D130/><U9/><E90/><V55/><F26/><W54/><G103/><T85/><D39/><U129/><E129/><V128/><F32/><W106/><G106/><T117/><D36/><U96/><E96/><V82/><F122/><W45/><G89/><T104/><D104/><U51/><E51/><V29/><F29/><W25/><G123/><T105/><D105/><U93/><E93/><V59/><F128/><W31/><REACH who="3" step="1"/><G63/><REACH who="3" ten="217,220,260,293" step="2"/><T88/><D100/><U94/><E3/><V86/><F97/><W99/><G99/><T110/><D110/><U79/><E2/><V114/><F114/><W24/><G24/><T84/><D117/><U119/><E119/><V14/><F14/><W72/><G72/><T98/><REACH who="0" step="1"/><D83/><REACH who="0" ten="207,220,260,293" step="2"/><U46/><E76/><N who="2" m="46343" /><F92/><W91/><G91/><T34/><D34/><U33/><E94/><V5/><F82/><W77/><G77/><T15/><D15/><N who="1" m="9311" /><E33/><V65/><F81/><W101/><G101/><T50/><D50/><U131/><E79/><V115/><F115/><W37/><G37/><T23/><D23/><U109/><E131/><V120/><F120/><RYUUKYOKU ba="0,2" sc="207,15,220,-15,260,-15,293,15" hai0="0,6,10,40,43,48,52,84,85,87,88,95,98" hai3="4,8,12,21,25,31,45,49,54,58,61,64,66" /><INIT seed="3,1,2,2,3,127" ten="222,205,245,308" oya="3" hai0="3,72,42,52,95,9,56,99,79,74,4,101,20" hai1="11,135,54,117,53,85,124,88,119,107,31,28,93" hai2="131,134,75,2,120,73,115,29,26,86,37,81,67" hai3="102,129,7,89,109,121,58,62,125,21,112,80,111"/><W91/><G121/><T76/><D42/><U35/><E107/><V71/><F115/><W27/><G112/><T24/><D74/><U133/><E124/><V38/><F2/><W83/><G125/><T43/><D43/><U57/><E11/><V23/><F134/><N who="1" m="51209" /><E35/><V8/><F67/><W94/><G102/><T63/><REACH who="0" step="1"/><D72/><REACH who="0" ten="212,205,245,308" step="2"/><U22/><E54/><V104/><F75/><W61/><G109/><T14/><D14/><U77/><E77/><V33/><F73/><W132/><G111/><T64/><D64/><U87/><E119/><V5/><F38/><W46/><G132/><T90/><D90/><N who="1" m="53455" /><E117/><V113/><F37/><W6/><G91/><T116/><D116/><U12/><E88/><V70/><F113/><W44/><G89/><T36/><D36/><U82/><E87/><V59/><F86/><W110/><G27/><T108/><D108/><U96/><E96/><V122/><F26/><W65/><G110/><T123/><D123/><U0/><E82/><V51/><F122/><W45/><G65/><T13/><D13/><U39/><E39/><V49/><F81/><W1/><G80/><T97/><D97/><U18/><E0/><V41/><F120/><W106/><G83/><T10/><D10/><U114/><E114/><V47/><F8/><W105/><G1/><T32/><D32/><U78/><E78/><V126/><F33/><W55/><G55/><T19/><AGARI ba="1,3" hai="3,4,9,19,20,24,52,56,63,76,79,95,99,101" machi="19" ten="20,5200,0" yaku="1,1,0,1,7,1,54,1,53,0" doraHai="127" doraHaiUra="30" who="0" fromWho="0" sc="212,85,205,-14,245,-14,308,-27" /><INIT seed="4,0,0,0,4,109" ten="297,191,231,281" oya="0" hai0="102,30,53,9,17,2,86,34,15,92,132,73,134" hai1="68,45,12,61,112,29,60,135,58,19,91,51,62" hai2="18,101,121,80,13,122,133,99,27,87,98,129,50" hai3="43,125,6,115,131,3,105,90,46,97,16,89,71"/><T10/><D73/><U88/><E68/><V94/><F129/><W59/><G71/><T28/><D2/><U49/><E135/><N who="0" m="51753" /><D53/><U95/><E112/><V33/><F133/><W55/><G6/><T31/><D86/><U64/><E29/><N who="0" m="11369" /><D92/><U47/><E58/><V41/><F33/><W70/><G3/><T123/><D102/><U4/><E4/><V20/><F99/><W79/><G79/><T1/><D123/><U44/><E64/><V56/><F122/><W8/><G105/><T119/><D119/><U110/><E110/><V54/><F121/><W23/><G97/><T22/><D1/><U63/><N who="1" m="15360" /><DORA hai="24" /><U7/><E7/><V84/><F84/><W107/><G55/><T103/><D103/><U83/><E83/><V74/><F74/><W128/><G107/><T126/><D126/><U26/><E26/><AGARI ba="0,0" hai="9,10,15,17,22,26,31,34" m="11369,51753" machi="26" ten="30,18000,2" yaku="20,1,34,2,52,4" doraHai="109,24" who="0" fromWho="1" sc="297,180,191,-180,231,0,281,0" /><INIT seed="4,1,0,3,0,89" ten="477,11,231,281" oya="0" hai0="35,24,32,113,105,122,62,118,87,115,94,104,111" hai1="37,0,54,99,20,135,91,75,133,9,43,45,2" hai2="126,77,61,124,50,41,84,96,86,8,103,52,85" hai3="114,21,65,36,14,83,27,78,13,123,60,97,73"/><T6/><D122/><U88/><E75/><V95/><F41/><W90/><G36/><T76/><D118/><U119/><E119/><V56/><F77/><W112/><G123/><T72/><D72/><U34/><E34/><V53/><REACH who="2" step="1"/><F8/><REACH who="2" ten="477,11,221,281" step="2"/><W67/><G114/><T15/><D115/><U1/><E9/><V18/><F18/><W57/><G112/><T93/><D113/><U81/><E20/><V49/><F49/><W4/><G4/><T17/><D76/><U120/><E120/><V38/><F38/><W55/><G78/><T64/><D17/><U47/><E81/><V25/><F25/><W63/><G73/><T46/><D24/><U31/><E31/><V10/><F10/><W92/><G83/><T131/><D6/><U19/><E19/><V79/><F79/><W3/><G3/><T5/><D5/><U134/><E99/><V22/><F22/><W7/><G7/><T116/><D35/><U129/><E129/><V74/><F74/><W70/><REACH who="3" step="1"/><G67/><REACH who="3" ten="477,11,221,271" step="2"/><T40/><D131/><U68/><E68/><V11/><F11/><W132/><G132/><T98/><D64/><U108/><E108/><V117/><F117/><W29/><AGARI ba="1,2" hai="13,14,21,27,29,55,57,60,63,65,70,90,92,97" machi="29" ten="20,5200,0" yaku="1,1,0,1,7,1,52,1,53,0" doraHai="89" doraHaiUra="28" who="3" fromWho="3" sc="477,-27,11,-14,221,-14,271,75" owari="450,54.0,-3,-50.0,207,-19.0,346,15.0" /></mjloggm>