<mjloggm ver="2.3"><GO type="41" lobby="0"/><UN n0="%E2%93%9D%53%75%70%68%78" n1="%53%65%72%69%61" n2="%E3%82%B9%E3%83%9E%E3%83%9B%E7%94%A8%E3%81%AE%E3%82%84%E3%81%A4" n3="%E3%81%86%E3%81%88%E3%81%B0" dan="17,15,15,14" rate="2077.69,2019.25,1989.07,1932.14" sx="M,M,M,M"/><TAIKYOKU oya="0"/><INIT seed="0,0,0,3,4,128" ten="250,250,250,250" oya="0" hai0="79,133,116,124,86,46,98,16,83,51,126,2,81" hai1="114,36,135,129,15,10,32,68,28,77,29,125,25" hai2="48,22,58,90,1,11,95,134,71,72,47,55,7" hai3="64,105,92,27,107,53,37,127,60,5,103,0,49"/><T108/><D116/><U63/><E36/><V99/><F72/><W31/><G37/><T42/><D2/><U85/><E68/><V35/><F35/><W30/><G5/><T44/><D108/><U34/><E63/><V97/><F71/><W123/><G127/><N who="0" m="48683" /><D98/><U8/><E85/><V82/><F82/><W13/><G13/><T96/><D96/><U88/><E88/><V12/><F99/><W57/><G123/><T38/><D83/><U61/><E61/><V117/><F117/><W115/><G115/><T43/><D16/><N who="1" m="8311" /><E77/><V80/><F80/><W131/><G131/><T104/><D104/><U45/><E45/><V89/><F89/><W110/><G110/><T24/><D24/><N who="1" m="18471" /><E129/><V101/><F90/><W70/><G0/><T33/><D33/><U41/><E41/><V121/><F121/><W50/><G103/><T111/><D111/><U59/><E59/><V54/><F1/><W52/><G92/><T4/><D4/><U132/><E125/><V122/><F122/><W18/><G105/><T65/><D65/><U87/><E87/><V67/><F67/><W14/><G107/><T102/><D102/><U17/><E114/><V118/><F118/><W109/><G109/><T66/><D66/><U94/><E94/><V26/><F47/><W112/><G112/><T69/><D69/><U120/><E120/><V40/><F101/><W74/><G70/><T21/><D21/><U39/><E39/><V20/><F22/><W62/><G64/><T100/><D100/><U106/><E106/><V9/><F20/><N who="3" m="11351" /><G62/><T91/><D91/><U23/><E23/><RYUUKYOKU ba="0,0" sc="250,15,250,15,250,-15,250,-15" hai0="38,42,43,44,46,51,79,81,86,133" hai1="8,17,25,28,34,132,135" /><INIT seed="0,1,0,5,2,21" ten="265,265,235,235" oya="0" hai0="122,85,134,72,53,9,2,94,24,82,56,16,69" hai1="75,8,1,71,90,45,37,81,93,84,54,46,80" hai2="91,15,34,59,98,3,23,118,125,6,14,127,128" hai3="26,131,95,130,38,133,36,57,124,108,33,68,0"/><T79/><D122/><U100/><E71/><V25/><F59/><W123/><RYUUKYOKU type="yao9" ba="1,0" sc="265,0,265,0,235,0,235,0" hai3="0,26,33,36,38,57,68,95,108,123,124,130,131,133" /><INIT seed="0,2,0,3,3,115" ten="265,265,235,235" oya="0" hai0="71,106,15,8,48,105,27,118,77,65,84,80,91" hai1="22,64,73,94,43,119,124,101,7,108,90,67,0" hai2="17,3,36,33,135,92,47,95,37,54,16,113,38" hai3="24,110,72,96,114,127,49,31,100,63,68,42,10"/><T120/><D120/><U79/><E101/><V18/><F113/><W53/><G72/><T66/><D118/><U28/><E22/><V104/><F135/><W74/><G110/><T6/><D71/><U26/><E26/><V126/><F126/><W86/><G74/><T107/><D27/><U50/><E28/><V30/><F3/><W69/><G127/><T97/><REACH who="0" step="1"/><D48/><REACH who="0" ten="255,265,235,235" step="2"/><U99/><E50/><V14/><F38/><W131/><G49/><T55/><D55/><U75/><E119/><V78/><F54/><W87/><G53/><T125/><D125/><U4/><E124/><V93/><F37/><W103/><G69/><T132/><D132/><U32/><E67/><V130/><F36/><W59/><G68/><T52/><D52/><U76/><E64/><V21/><F47/><W61/><G114/><T133/><D133/><U85/><E108/><V117/><F117/><W23/><G24/><T121/><D121/><U41/><E41/><V46/><F46/><W13/><G42/><T11/><D11/><U34/><E43/><V5/><F30/><W111/><G10/><T19/><D19/><U116/><E116/><V123/><F17/><W35/><G31/><T39/><D39/><U9/><E9/><V58/><F18/><W122/><G111/><T98/><D98/><U29/><E29/><V51/><F51/><W134/><G134/><T89/><D89/><U62/><E90/><V102/><F123/><W25/><G25/><T82/><D82/><U112/><E112/><V2/><F16/><W128/><G122/><T20/><D20/><U56/><E34/><RYUUKYOKU ba="2,1" sc="255,30,265,-10,235,-10,235,-10" hai0="6,8,15,65,66,77,80,84,91,97,105,106,107" /><INIT seed="0,3,1,2,0,122" ten="285,255,225,225" oya="0" hai0="81,43,50,52,46,100,8,124,76,115,41,14,87" hai1="5,47,7,74,113,135,109,4,48,30,37,66,38" hai2="112,17,34,71,13,58,15,123,97,16,45,129,60" hai3="18,111,12,133,110,10,54,70,23,89,103,96,3"/><T32/><D124/><U116/><E116/><V69/><F123/><W65/><G133/><T64/><D115/><U21/><E74/><V20/><F112/><W78/><G78/><T118/><D32/><U102/><E113/><V104/><F129/><W132/><G132/><T55/><D118/><U44/><E135/><V79/><F34/><W107/><G65/><T127/><D127/><U86/><E66/><V62/><F79/><W126/><G70/><T92/><D64/><U11/><E11/><V39/><F39/><W117/><G117/><T108/><D108/><N who="3" m="41513" /><G126/><T33/><D33/><U61/><E61/><V93/><F104/><W40/><G40/><T85/><D43/><U130/><E102/><V24/><F45/><W77/><G77/><T101/><D101/><U6/><E47/><V88/><F62/><W68/><G68/><T56/><D56/><U1/><E44/><V131/><F131/><W98/><G54/><T72/><D72/><U114/><E130/><V36/><F36/><W28/><G28/><T75/><D75/><U91/><E30/><V90/><F90/><W22/><G3/><T29/><D29/><U99/><E1/><V25/><F69/><W19/><G18/><N who="0" m="8519" /><D100/><U84/><E114/><V27/><F71/><W120/><G120/><T9/><D55/><U121/><E121/><V94/><F17/><W119/><G119/><T106/><D41/><U0/><E0/><V2/><F2/><W82/><G98/><T128/><D128/><U59/><N who="1" m="1024" /><DORA hai="125" /><U63/><E109/><V26/><N who="2" m="6144" /><DORA hai="57" /><V35/><F35/><W134/><G134/><RYUUKYOKU ba="3,1" sc="285,-10,255,-10,225,-10,225,30" hai3="10,12,19,22,23,82,89,96,103,107" /><INIT seed="1,4,1,4,0,109" ten="275,245,215,255" oya="1" hai0="130,134,126,118,107,51,13,28,80,18,81,43,6" hai1="21,69,26,36,41,52,111,40,108,32,83,42,76" hai2="67,125,115,3,33,47,82,48,120,12,64,117,14" hai3="31,99,114,91,4,122,2,102,100,129,131,57,124"/><U71/><E32/><V72/><F117/><W29/><G122/><T7/><D107/><U90/><E90/><V77/><F120/><W87/><G124/><T119/><D126/><U94/><E94/><V39/><F125/><W46/><G46/><T88/><D130/><N who="3" m="49673" /><G57/><T121/><D134/><U37/><E21/><V98/><F33/><W106/><G100/><T70/><D70/><N who="1" m="26635" /><E26/><V73/><F39/><N who="1" m="14921" /><E83/><V110/><F110/><N who="1" m="42025" /><E76/><V68/><F73/><W44/><G4/><T16/><D7/><U128/><E128/><V24/><F3/><W135/><G2/><T5/><D5/><U38/><E38/><V79/><F79/><W101/><G101/><T17/><D6/><U53/><AGARI ba="4,1" hai="40,41,42,52,53" m="42025,14921,26635" machi="53" ten="40,18000,2" yaku="28,2,14,1,10,1,34,2,54,1" doraHai="109" who="1" fromWho="1" sc="275,-64,245,202,215,-64,255,-64" /><INIT seed="1,5,0,1,5,74" ten="211,447,151,191" oya="1" hai0="8,99,51,82,109,28,72,36,128,15,29,17,9" hai1="5,71,68,57,4,41,125,103,6,105,34,13,48" hai2="47,123,49,38,90,101,59,118,78,53,21,63,70" hai3="67,104,92,81,0,1,37,130,98,23,55,94,93"/><U127/><E34/><V107/><F118/><W115/><G115/><T11/><D36/><U121/><E121/><V61/><F123/><W31/><G37/><T3/><D109/><U24/><E24/><V27/><F107/><W60/><G130/><T14/><D99/><N who="1" m="61695" /><E13/><V50/><F101/><W85/><G55/><T132/><D51/><U32/><E32/><V79/><F38/><W80/><G104/><T134/><D82/><U19/><E19/><N who="2" m="12735" /><F70/><W56/><G98/><T26/><D72/><U64/><E64/><N who="2" m="38975" /><F63/><W69/><G69/><T18/><D128/><U110/><E110/><V77/><F50/><W86/><G23/><T116/><D116/><U30/><E30/><N who="0" m="11881" /><D26/><U87/><E71/><V54/><F90/><W126/><G126/><T66/><D66/><U89/><E68/><V35/><F35/><W75/><G31/><T76/><D18/><U111/><E111/><V129/><F129/><W20/><G20/><T97/><D17/><U12/><E127/><V16/><F16/><W42/><G75/><T73/><D73/><U40/><E125/><V45/><F54/><W124/><G124/><T106/><D106/><U83/><E12/><V100/><F100/><W135/><G42/><T131/><D15/><U7/><E7/><V65/><F65/><W119/><G119/><T10/><D131/><U108/><E108/><V112/><F112/><W2/><REACH who="3" step="1"/><G135/><REACH who="3" ten="211,447,151,181" step="2"/><T120/><D134/><U84/><E41/><V102/><F102/><W44/><G44/><AGARI ba="5,1" hai="44,45,47,49,53,77,78,79" m="38975,12735" machi="44" ten="30,7700,0" yaku="8,1,52,3" doraHai="74" who="2" fromWho="3" sc="211,0,447,0,151,102,181,-92" /><INIT seed="2,0,0,4,0,17" ten="211,447,253,89" oya="2" hai0="100,9,21,84,13,83,5,95,43,90,133,36,79" hai1="130,59,99,24,42,19,109,33,41,96,26,0,55" hai2="39,66,121,101,93,122,38,45,8,72,57,6,51" hai3="111,102,60,10,68,61,120,71,50,1,56,127,70"/><V132/><F72/><W34/><G120/><T63/><D133/><U28/><E109/><V91/><F132/><W80/><G111/><T124/><D124/><U108/><E108/><V113/><F113/><W103/><G127/><T64/><D36/><U87/><E0/><V98/><F122/><W35/><G80/><T76/><D43/><U123/><E123/><V40/><F121/><W3/><G50/><T30/><D100/><U82/><E130/><V97/><F66/><W69/><N who="3" m="17408" /><DORA hai="4" /><W2/><G10/><T7/><D7/><U112/><E19/><V78/><F78/><W107/><G107/><T52/><D64/><U88/><E26/><V14/><REACH who="2" step="1"/><F57/><REACH who="2" ten="211,447,243,89" step="2"/><W89/><G56/><N who="0" m="35207" /><D83/><U47/><E112/><V20/><F20/><W106/><G106/><AGARI ba="0,1" hai="6,8,14,38,39,40,45,51,91,93,97,98,101,106" machi="106" ten="30,5800,0" yaku="1,1,7,1,52,1,53,0" doraHai="17,4" doraHaiUra="110,134" who="2" fromWho="3" sc="211,0,447,0,243,68,89,-58" /><INIT seed="2,1,0,5,1,50" ten="211,447,311,31" oya="2" hai0="73,36,120,135,54,41,87,52,25,115,32,38,12" hai1="47,129,72,2,53,80,116,123,31,82,103,78,125" hai2="108,113,19,74,40,86,57,112,14,69,121,45,55" hai3="101,70,62,84,85,15,18,128,76,67,119,109,20"/><V98/><F121/><W17/><G119/><T58/><D73/><U104/><E2/><V93/><F74/><W34/><G34/><T29/><D120/><U9/><E31/><V83/><F69/><W68/><G109/><T118/><D115/><U16/><E116/><V100/><F108/><W1/><G1/><T95/><D135/><U39/><E129/><V65/><F65/><W107/><G70/><T59/><D41/><U75/><E125/><V110/><F110/><W27/><G128/><T77/><D118/><U134/><E134/><V56/><F56/><W7/><G7/><T71/><D71/><U117/><E39/><V24/><F24/><W60/><G76/><T44/><D44/><U6/><E6/><V92/><F92/><W42/><G42/><T94/><D12/><U4/><E4/><V64/><F64/><W22/><REACH who="3" step="1"/><G60/><REACH who="3" ten="211,447,311,21" step="2"/><T124/><D77/><U81/><E78/><N who="2" m="46455" /><F113/><W96/><AGARI ba="1,1" hai="15,17,18,20,22,27,62,67,68,84,85,96,101,107" machi="96" ten="30,2000,0" yaku="1,1,0,1,53,0" doraHai="50" doraHaiUra="30" who="3" fromWho="3" sc="211,-6,447,-6,311,-11,21,33" /><INIT seed="3,0,0,0,0,92" ten="205,441,300,54" oya="3" hai0="22,121,122,94,95,70,71,72,78,126,29,28,61" hai1="125,118,96,2,73,135,55,83,110,37,51,119,35" hai2="60,23,67,124,15,38,64,30,42,134,66,85,76" hai3="99,98,127,120,123,6,101,18,105,58,27,16,97"/><W75/><G75/><T114/><D72/><U82/><E110/><V129/><F129/><W0/><G123/><T81/><D22/><U20/><E35/><V44/><F134/><W12/><G120/><T56/><D56/><U84/><E135/><V59/><F124/><W111/><G0/><T112/><D81/><U5/><E37/><V131/><F131/><W87/><G6/><T43/><D61/><U49/><E125/><V31/><F76/><W65/><G127/><T57/><D57/><U21/><E96/><V128/><F128/><W130/><G130/><T90/><D126/><U52/><E73/><V13/><F85/><W63/><G111/><T108/><D108/><U41/><E41/><V1/><F1/><W3/><G3/><T117/><D43/><U79/><E2/><V115/><F115/><W100/><G105/><T93/><D78/><U36/><E36/><V45/><F45/><W50/><G87/><T104/><D104/><U19/><E5/><V53/><F30/><W68/><G68/><T107/><D107/><U32/><E32/><V106/><F106/><W24/><G50/><N who="1" m="18954" /><E20/><V7/><F7/><W47/><G47/><T11/><D122/><U46/><E83/><V9/><F9/><N who="3" m="6159" /><G18/><T40/><D121/><U4/><E4/><V74/><REACH who="2" step="1"/><F74/><REACH who="2" ten="205,441,290,54" step="2"/><W77/><G77/><T33/><D114/><U14/><E46/><V103/><F103/><AGARI ba="0,1" hai="24,27,58,63,65,97,98,99,100,101,103" m="6159" machi="103" ten="30,12000,1" yaku="8,1,52,3,54,1" doraHai="92" who="3" fromWho="2" sc="205,0,441,0,290,-120,54,130" /><INIT seed="3,1,0,3,0,97" ten="205,441,170,184" oya="3" hai0="2,20,33,0,59,6,104,124,52,51,41,107,35" hai1="55,120,63,11,73,31,118,89,54,47,129,64,40" hai2="112,65,109,100,9,122,1,76,108,39,105,81,48" hai3="29,38,19,13,14,7,80,99,57,72,75,98,106"/><W21/><G38/><T37/><D124/><U123/><E73/><V49/><F39/><W82/><G29/><T70/><D20/><U62/><E31/><V22/><F112/><W110/><G110/><N who="2" m="42601" /><F122/><W24/><G57/><T128/><D128/><U93/><E129/><V126/><F126/><W36/><G36/><T67/><D6/><U23/><E23/><V95/><F105/><N who="0" m="40522" /><D35/><U53/><E118/><V25/><F65/><W135/><G135/><T86/><D86/><U115/><E115/><V127/><F9/><W12/><G7/><T87/><D87/><U134/><E134/><V79/><F1/><W3/><G3/><T5/><D33/><U74/><E74/><N who="2" m="43159" /><F79/><W91/><G75/><T116/><D5/><U30/><E11/><V101/><F127/><W119/><G119/><T113/><D116/><U46/><E30/><N who="2" m="17719" /><F95/><W94/><REACH who="3" step="1"/><G72/><REACH who="3" ten="205,441,170,174" step="2"/><T92/><D113/><U133/><E133/><V85/><F85/><W125/><G125/><T68/><D2/><U44/><E123/><V15/><F15/><W8/><G8/><T84/><D0/><U34/><E120/><V4/><F4/><W77/><G77/><T114/><D114/><U88/><E34/><V45/><F45/><W32/><G32/><T78/><D78/><U90/><E47/><V42/><F42/><W71/><G71/><T17/><D70/><U28/><E46/><V102/><AGARI ba="1,1" hai="48,49,100,101,102" m="17719,43159,42601" machi="102" ten="30,7900,0" yaku="14,1,52,3" doraHai="97" who="2" fromWho="2" sc="205,-21,441,-21,170,92,174,-40" /><INIT seed="4,0,0,4,3,44" ten="184,420,262,134" oya="0" hai0="100,53,129,81,23,9,101,88,61,64,112,8,14" hai1="4,98,109,32,17,36,55,56,29,71,65,86,108" hai2="115,77,102,24,20,38,58,63,33,68,59,114,40" hai3="122,105,60,130,42,121,62,25,84,94,45,93,127"/><T76/><D112/><N who="2" m="43050" /><F33/><W16/><G105/><T123/><D129/><U27/><E36/><V73/><F102/><W120/><G127/><T97/><D123/><U118/><E118/><V82/><F38/><W91/><G130/><T67/><D23/><U113/><E113/><V47/><F68/><W2/><G94/><T92/><D9/><U57/><E4/><V30/><F63/><W89/><G89/><T21/><D21/><U41/><E86/><V125/><F125/><W96/><G2/><T5/><D53/><U111/><E17/><V22/><F22/><W132/><G96/><T51/><D51/><U133/><E41/><V107/><F107/><W18/><G132/><T72/><REACH who="0" step="1"/><D67/><REACH who="0" ten="174,420,262,134" step="2"/><U6/><E65/><V15/><F15/><W126/><G126/><T131/><D131/><U43/><E55/><V99/><F99/><W28/><G60/><T49/><D49/><U37/><E98/><V117/><F117/><W11/><G62/><T34/><D34/><U110/><E110/><V10/><F10/><W7/><G11/><T128/><D128/><U80/><E111/><V3/><F3/><W106/><G7/><T35/><D35/><U103/><E6/><V134/><F134/><W46/><G106/><T124/><D124/><U95/><E133/><V104/><F104/><W119/><G119/><T70/><AGARI ba="0,1" hai="5,8,14,61,64,70,72,76,81,88,92,97,100,101" machi="70" ten="20,12000,1" yaku="1,1,0,1,7,1,54,1,53,1" doraHai="44" doraHaiUra="90" who="0" fromWho="0" sc="174,130,420,-40,262,-40,134,-40" /><INIT seed="4,1,0,4,5,42" ten="304,380,222,94" oya="0" hai0="74,85,33,114,105,83,20,23,133,71,21,67,97" hai1="50,65,70,9,44,0,11,87,104,10,25,99,12" hai2="116,24,122,30,64,37,121,118,128,59,15,60,91" hai3="129,90,113,18,80,41,92,110,35,43,130,115,56"/><T125/><D74/><U48/><E0/><V14/><F128/><N who="3" m="49259" /><G35/><T76/><D114/><N who="3" m="43529" /><G110/><T61/><D133/><U5/><E5/><V7/><F37/><W62/><G80/><T124/><REACH who="0" step="1"/><D33/><REACH who="0" ten="294,380,222,94" step="2"/><U93/><E104/><V29/><F122/><W94/><G18/><T111/><D111/><U132/><E132/><V57/><F121/><W82/><G82/><T108/><D108/><U26/><E93/><N who="3" m="35946" /><G90/><T40/><D40/><U38/><E87/><V77/><F7/><W127/><G127/><T88/><D88/><U17/><E99/><V39/><F91/><W3/><G3/><T69/><D69/><U8/><E70/><V89/><F89/><W54/><AGARI ba="1,1" hai="41,43,54,56,62" m="35946,43529,49259" machi="54" ten="40,2700,0" yaku="19,1,15,1" doraHai="42" who="3" fromWho="3" sc="294,-14,380,-8,222,-8,94,40" /><INIT seed="5,0,0,0,5,62" ten="280,372,214,134" oya="1" hai0="90,67,50,16,17,102,14,60,131,79,95,122,114" hai1="30,41,12,119,65,5,74,15,73,134,11,0,45" hai2="23,24,105,19,118,49,129,124,93,54,94,44,22" hai3="8,112,106,43,37,63,130,10,78,4,133,28,132"/><U34/><E119/><V84/><F118/><W128/><G106/><T38/><D38/><U40/><E134/><N who="3" m="51818" /><G112/><T117/><D131/><N who="3" m="50217" /><G78/><T123/><D102/><U70/><E41/><V46/><F124/><W83/><G83/><T103/><D103/><U116/><E15/><V27/><F105/><W25/><G63/><T53/><D79/><U82/><E12/><V1/><F1/><W42/><G37/><T39/><D39/><N who="1" m="21663" /><E82/><V108/><F108/><W64/><G64/><T121/><D114/><U32/><E116/><V33/><F33/><N who="1" m="12905" /><E30/><N who="2" m="17687" /><F129/><W113/><G113/><T66/><D117/><U85/><E85/><V92/><F46/><W7/><G7/><T3/><D123/><U61/><AGARI ba="0,0" hai="0,5,11,61,65,70,73,74" m="12905,21663" machi="61" ten="30,6000,0" yaku="33,2,52,1" doraHai="62" who="1" fromWho="1" sc="280,-20,372,60,214,-20,134,-20" /><INIT seed="5,1,0,5,2,21" ten="260,432,194,114" oya="1" hai0="14,98,86,132,23,73,114,47,55,133,80,8,1" hai1="93,68,16,102,92,74,3,20,58,33,95,111,63" hai2="103,77,75,99,135,90,0,53,51,65,124,18,31" hai3="35,109,17,125,115,46,89,108,2,72,76,123,126"/><U88/><E74/><V44/><F135/><W134/><G123/><T50/><D73/><U97/><E3/><V127/><F0/><W37/><G2/><T19/><D114/><U82/><E68/><V91/><F31/><W32/><G115/><T43/><D98/><U56/><E33/><V122/><F122/><W28/><G17/><T117/><D117/><U101/><E111/><N who="3" m="42570" /><G89/><T59/><D1/><U106/><E106/><V4/><F4/><W128/><G134/><T40/><D40/><U30/><E58/><V38/><F65/><W64/><G64/><T129/><D129/><U96/><E30/><V6/><F6/><W57/><G57/><T67/><D67/><N who="1" m="39399" /><E82/><N who="2" m="45375" /><F38/><W26/><G32/><T12/><D133/><U39/><E39/><V49/><F49/><W119/><G119/><T113/><D113/><U83/><E83/><V118/><F18/><W9/><G9/><T66/><D132/><U110/><E110/><V85/><F118/><W120/><G120/><T15/><D8/><U107/><E107/><N who="2" m="63999" /><F85/><W27/><G27/><T100/><D66/><U11/><E11/><V54/><F54/><W70/><G70/><T5/><D5/><U45/><E45/><V131/><F131/><W42/><G128/><T112/><D112/><U71/><E71/><V105/><F105/><W130/><G130/><T104/><D104/><U94/><E97/><V121/><F121/><W87/><G87/><T24/><D86/><U78/><E78/><V69/><F69/><W10/><G10/><T25/><D59/><U61/><E61/><V84/><F84/><W116/><G116/><RYUUKYOKU ba="1,0" sc="260,-30,432,10,194,10,114,10" hai1="16,20,88,92,93,94,95,96,101,102" hai2="44,51,53,90,91,124,127" hai3="26,28,35,37,42,46,72,76,125,126" /><INIT seed="5,2,0,3,5,107" ten="230,442,204,124" oya="1" hai0="45,18,26,124,25,50,77,81,7,17,54,0,98" hai1="72,1,91,131,127,2,117,89,71,12,21,38,105" hai2="90,60,61,42,13,123,73,48,121,51,3,64,37" hai3="69,32,29,36,41,119,20,53,43,6,68,34,125"/><U62/><E105/><V86/><F3/><W28/><G6/><T39/><D124/><U52/><E72/><V65/><F13/><W35/><G53/><T126/><D126/><U23/><E38/><V95/><F37/><W109/><G125/><T49/><D39/><U4/><E71/><V56/><F73/><W78/><G36/><T15/><D98/><U46/><E127/><V80/><F95/><W106/><G106/><T11/><D50/><U24/><E131/><V132/><F132/><W55/><G55/><T74/><REACH who="0" step="1"/><D18/><REACH who="0" ten="220,442,204,124" step="2"/><U84/><E117/><V130/><F130/><W9/><G119/><T44/><D44/><U14/><E46/><V104/><F104/><W67/><G28/><T103/><D103/><U22/><E62/><V85/><F85/><W100/><G100/><T59/><D59/><U108/><E84/><V87/><F56/><W120/><G68/><T96/><D96/><U135/><E135/><V83/><REACH who="2" step="1"/><F90/><REACH who="2" ten="220,442,194,124" step="2"/><W5/><G69/><T94/><D94/><U101/><E91/><V47/><F47/><W133/><G133/><T111/><D111/><U97/><E89/><V128/><F128/><W82/><G109/><T58/><D58/><U63/><E108/><V118/><F118/><W99/><G99/><T92/><D92/><U88/><E88/><V16/><F16/><W122/><G122/><T116/><D116/><U66/><E97/><V75/><F75/><W27/><G120/><T112/><D112/><U79/><E101/><V31/><F31/><W33/><N who="3" m="8192" /><DORA hai="57" /><W40/><G5/><T102/><D102/><U129/><E129/><RYUUKYOKU ba="2,2" sc="220,15,442,-15,194,15,124,-15" hai0="0,7,11,15,17,25,26,45,49,54,74,77,81" hai2="42,48,51,60,61,64,65,80,83,86,87,121,123" /><INIT seed="6,3,2,0,2,118" ten="235,427,209,109" oya="2" hai0="14,7,113,135,120,71,93,64,24,84,32,17,96" hai1="22,48,89,82,90,9,26,77,108,27,25,69,76" hai2="72,44,74,34,29,30,42,88,23,87,130,122,78" hai3="47,123,117,19,33,107,132,41,13,131,8,103,50"/><V56/><F34/><W20/><G117/><T60/><D120/><U134/><E69/><V11/><F122/><W61/><G33/><T112/><D84/><U15/><E108/><V129/><F11/><W86/><G123/><T0/><D135/><U97/><E134/><V2/><F2/><W101/><G131/><N who="2" m="50185" /><F56/><W98/><G132/><T114/><D7/><U62/><E22/><V55/><F55/><W99/><G86/><T1/><D24/><U102/><E15/><V104/><F104/><W18/><G61/><T80/><D80/><U111/><E9/><V37/><F23/><W65/><G65/><T100/><D32/><U51/><E111/><V40/><F40/><W127/><G127/><T57/><D71/><U92/><E27/><V109/><F109/><W85/><G85/><T125/><D125/><U67/><E26/><V10/><F10/><AGARI ba="3,2" hai="0,1,10,14,17,57,60,64,93,96,100,112,113,114" machi="10" ten="40,1300,0" yaku="15,1" doraHai="118" who="0" fromWho="2" sc="235,42,427,0,209,-22,109,0" /><INIT seed="7,0,0,5,1,41" ten="277,427,187,109" oya="3" hai0="55,54,114,81,120,51,89,67,102,70,43,20,90" hai1="134,126,121,108,39,122,93,15,56,101,26,53,79" hai2="18,91,46,78,58,117,105,59,113,109,72,24,118" hai3="14,32,2,132,97,111,130,100,85,28,63,94,98"/><W115/><G2/><T75/><D120/><U42/><E79/><V84/><F105/><W4/><G32/><T125/><D125/><U12/><E108/><V47/><F113/><W1/><G1/><T76/><D102/><U31/><E126/><V10/><F109/><W92/><G28/><T123/><D55/><U3/><E3/><V83/><F59/><W13/><G111/><T11/><D43/><U33/><E134/><V80/><F58/><W86/><G115/><T128/><D128/><U116/><E116/><V65/><F65/><W64/><G132/><T57/><D123/><U96/><E15/><V23/><REACH who="2" step="1"/><F10/><REACH who="2" ten="277,427,177,109" step="2"/><W131/><G130/><T124/><D11/><U34/><E56/><V19/><F19/><W25/><G131/><T95/><D67/><U133/><E133/><V45/><AGARI ba="0,1" hai="18,23,24,45,46,47,72,78,80,83,84,91,117,118" machi="45" ten="30,8000,1" yaku="1,1,0,1,52,3,53,0" doraHai="41" doraHaiUra="35" who="2" fromWho="2" sc="277,-20,427,-20,177,90,109,-40" owari="257,-14.0,407,50.0,267,7.0,69,-43.0" /></mjloggm>