<mjloggm ver="2.3"><GO type="41" lobby="0"/><UN n0="%E3%82%B7%E3%83%B3%E3%82%B7%E3%83%A3" n1="%E3%81%81%EF%BD%9E%E3%81%8F%E3%82%93" n2="%EF%BC%92%EF%BC%8D%EF%BC%99%E4%BC%9D%E8%AA%AC" n3="%E2%93%9D%53%75%70%68%78" dan="14,14,14,18" rate="1914.60,1934.16,2085.06,2116.99" sx="M,M,M,M"/><TAIKYOKU oya="0"/><INIT seed="0,0,0,3,4,7" ten="250,250,250,250" oya="0" hai0="31,48,127,4,14,9,96,15,72,19,49,30,76" hai1="89,91,39,109,67,59,94,101,0,60,33,13,104" hai2="81,106,73,110,44,45,22,40,77,105,8,17,62" hai3="50,24,68,112,12,25,35,123,116,107,64,51,86"/><T20/><D127/><U114/><E0/><V85/><F110/><W1/><G116/><T10/><D72/><U95/><E33/><V34/><F34/><W11/><G1/><T61/><D76/><U58/><E39/><V28/><F28/><N who="0" m="10794" /><D96/><U5/><E109/><V63/><F73/><W108/><G112/><T128/><D128/><U70/><E114/><V41/><F105/><W57/><G68/><T133/><D133/><U43/><E43/><N who="2" m="16459" /><F106/><W38/><G123/><T53/><D20/><U130/><E130/><V69/><F69/><W82/><G107/><T125/><D125/><U6/><E104/><V120/><F120/><W113/><G38/><T129/><D129/><U117/><E101/><V71/><F71/><W56/><G113/><T115/><D115/><U99/><E117/><V134/><F134/><W88/><G35/><T74/><D74/><U98/><E5/><V121/><F121/><W102/><G102/><T111/><D111/><U75/><E75/><V47/><F22/><W54/><G108/><T65/><D65/><U131/><E131/><V124/><F124/><W3/><G3/><T16/><D19/><U119/><E119/><V32/><F32/><W80/><G80/><T46/><D46/><N who="2" m="11778" /><V90/><DORA hai="37" /><F77/><W2/><G2/><T103/><D103/><U100/><E100/><V84/><F84/><W97/><G97/><T27/><D27/><U79/><E79/><V26/><F26/><W126/><G126/><T132/><D132/><U21/><E21/><V23/><F23/><W29/><G29/><T36/><D36/><U135/><E135/><RYUUKYOKU ba="0,0" sc="250,10,250,10,250,10,250,-30" hai0="4,9,10,14,15,16,48,49,53,61" hai1="6,13,58,59,60,67,70,89,91,94,95,98,99" hai2="8,17,62,63,81,85,90" /><INIT seed="0,1,0,2,1,130" ten="260,260,260,220" oya="0" hai0="106,65,81,87,51,69,15,101,63,12,48,76,116" hai1="68,114,20,56,83,49,67,53,73,96,95,42,82" hai2="112,108,60,92,110,41,115,109,119,80,132,103,120" hai3="25,57,135,14,5,85,111,117,1,122,98,134,44"/><T8/><D116/><U31/><E73/><V64/><F80/><W59/><G117/><T29/><D29/><U97/><E114/><N who="2" m="43563" /><F92/><W13/><G111/><T27/><D27/><N who="1" m="16871" /><E68/><N who="2" m="41991" /><F103/><W36/><G122/><T11/><D101/><N who="1" m="60575" /><E97/><V23/><F23/><W7/><G25/><T2/><D2/><U0/><E0/><V78/><F78/><W79/><G98/><T133/><D133/><N who="3" m="50697" /><G1/><T50/><REACH who="0" step="1"/><D106/><REACH who="0" ten="250,260,260,220" step="2"/><U46/><E42/><V75/><F132/><W86/><G14/><AGARI ba="1,1" hai="8,11,12,14,15,48,50,51,63,65,69,76,81,87" machi="14" ten="40,3900,0" yaku="1,1,2,1,53,0" doraHai="130" doraHaiUra="52" who="0" fromWho="3" sc="250,52,260,0,260,0,220,-42" /><INIT seed="0,2,0,2,0,33" ten="302,260,260,178" oya="0" hai0="26,39,69,10,61,118,18,4,40,41,23,107,64" hai1="86,73,34,79,43,6,120,76,77,5,91,15,83" hai2="51,109,92,22,114,101,87,20,52,82,105,93,31" hai3="68,98,58,134,46,19,131,70,21,100,1,90,119"/><T89/><D118/><U132/><E120/><V111/><F114/><W84/><G119/><T117/><D117/><U50/><E34/><V95/><F105/><W123/><G134/><T63/><D39/><U13/><E132/><V122/><F101/><W59/><G131/><T49/><D107/><U103/><E103/><V94/><F122/><W37/><G123/><T3/><D63/><U24/><E24/><V62/><F62/><W88/><G46/><T135/><D135/><U112/><E112/><V124/><F124/><W16/><G100/><T27/><D27/><U30/><E30/><V14/><F14/><N who="1" m="5129" /><E73/><V115/><F115/><W128/><G84/><T38/><D38/><U17/><E17/><V126/><F126/><W55/><G37/><T47/><REACH who="0" step="1"/><D89/><REACH who="0" ten="292,260,260,178" step="2"/><U66/><E66/><V36/><F36/><W78/><G90/><T80/><D80/><U65/><E65/><V35/><F51/><W133/><G133/><T106/><D106/><U110/><E110/><V75/><F111/><W48/><G48/><T97/><D97/><U56/><E76/><V108/><F109/><W99/><G78/><T121/><D121/><U104/><E77/><V72/><F108/><W57/><G99/><T130/><D130/><U71/><E104/><V113/><F113/><W2/><G128/><T44/><D44/><N who="1" m="25887" /><E71/><V116/><F116/><W25/><G70/><T29/><D29/><U85/><E85/><V32/><F87/><W9/><G68/><T67/><D67/><U60/><E91/><V0/><F31/><W74/><G98/><T54/><AGARI ba="2,1" hai="3,4,10,18,23,26,40,41,47,49,54,61,64,69" machi="54" ten="20,7800,0" yaku="1,1,0,1,7,1,52,1,53,0" doraHai="33" doraHaiUra="127" who="0" fromWho="0" sc="292,94,260,-28,260,-28,178,-28" /><INIT seed="0,3,0,3,5,36" ten="386,232,232,150" oya="0" hai0="44,90,22,18,94,2,124,25,96,119,76,31,80" hai1="132,120,101,89,40,16,9,75,121,70,135,104,97" hai2="7,133,117,56,84,34,86,60,73,65,11,115,4" hai3="93,134,58,20,27,91,23,47,54,43,10,33,66"/><T62/><D124/><U130/><E70/><V87/><F115/><W49/><G134/><N who="1" m="51242" /><E75/><V71/><F133/><W116/><G116/><T29/><D119/><U92/><E130/><V113/><F117/><W12/><G66/><T1/><D62/><U8/><E8/><V38/><F113/><W111/><G111/><T63/><D63/><U61/><E61/><V127/><F127/><W114/><G33/><T52/><D1/><U0/><E0/><V24/><F73/><W108/><G108/><T78/><D2/><U72/><E72/><V39/><F71/><W107/><G107/><T129/><D129/><U118/><E118/><V131/><F131/><W35/><G35/><T5/><D5/><U13/><E40/><V3/><REACH who="2" step="1"/><F7/><REACH who="2" ten="386,232,222,150" step="2"/><W68/><G68/><T106/><D106/><U50/><E50/><V32/><F32/><W69/><G69/><T123/><D123/><U15/><E15/><V82/><F82/><W81/><G81/><T122/><D122/><U83/><E83/><V37/><F37/><W110/><G114/><T79/><REACH who="0" step="1"/><D80/><REACH who="0" ten="376,232,222,150" step="2"/><U14/><E120/><V19/><F19/><W6/><G110/><T53/><D53/><U85/><E121/><V109/><F109/><W126/><G126/><T105/><D105/><U42/><E104/><V102/><F102/><W100/><G100/><T57/><D57/><U125/><E101/><V64/><F64/><W30/><G58/><T112/><D112/><U26/><E125/><V59/><F59/><W28/><G54/><T88/><D88/><U98/><E89/><V74/><F74/><W99/><G30/><AGARI ba="3,2" hai="3,4,11,24,30,34,38,39,56,60,65,84,86,87" machi="30" ten="40,2600,0" yaku="1,1,6,1,53,0" doraHai="36" doraHaiUra="67" who="2" fromWho="3" sc="376,0,232,0,222,55,150,-35" /><INIT seed="1,0,0,2,0,108" ten="376,232,277,115" oya="1" hai0="13,91,111,12,62,82,92,100,71,80,63,3,18" hai1="37,107,114,27,134,52,5,72,47,102,44,78,41" hai2="121,98,131,69,90,95,30,26,38,124,84,6,132" hai3="87,50,85,120,86,94,74,40,32,1,93,43,45"/><U8/><E114/><V135/><F38/><W97/><G74/><T128/><D111/><U14/><E134/><N who="2" m="51243" /><F69/><W42/><G32/><T119/><D119/><U79/><E27/><V19/><F6/><W46/><G120/><T65/><D3/><U36/><E72/><V115/><F121/><W10/><G1/><T99/><D128/><U16/><E5/><V9/><F131/><W68/><G68/><T61/><D13/><U130/><E130/><V126/><F9/><W122/><G122/><T49/><D49/><U96/><REACH who="1" step="1"/><E52/><REACH who="1" ten="376,222,277,115" step="2"/><V7/><F7/><W81/><G43/><AGARI ba="0,1" hai="8,14,16,36,37,41,43,44,47,78,79,96,102,107" machi="43" ten="40,12000,1" yaku="1,1,2,1,9,1,54,1,53,0" doraHai="108" doraHaiUra="55" who="1" fromWho="3" sc="376,0,222,130,277,0,115,-120" owari="376,48.0,352,15.0,277,-12.0,-5,-51.0" /></mjloggm>