<mjloggm ver="2.3"><GO type="41" lobby="0"/><UN n0="%E3%81%BF%E3%81%A4%25" n1="%4D%61%79%75%6D%69%6E" n2="%E2%93%9D%53%75%70%68%78" n3="%E5%86%85%E7%94%B0%E5%90%9B" dan="14,13,18,14" rate="1941.50,1908.11,2105.71,1854.09" sx="M,F,M,M"/><TAIKYOKU oya="0"/><INIT seed="0,0,0,3,4,33" ten="250,250,250,250" oya="0" hai0="52,16,42,4,11,43,24,105,64,98,128,106,73" hai1="34,1,55,0,44,119,14,26,82,123,35,78,125" hai2="102,28,67,116,79,115,93,12,108,60,27,2,46" hai3="96,56,77,109,81,59,120,48,83,40,10,49,74"/><T113/><D113/><U99/><E123/><V39/><F108/><W95/><G120/><T130/><D73/><U127/><E119/><V50/><F39/><W51/><G109/><T3/><D64/><U54/><E14/><V19/><F79/><W85/><G40/><T5/><D98/><U53/><E44/><V121/><F116/><W76/><REACH who="3" step="1"/><G10/><REACH who="3" ten="250,250,250,240" step="2"/><T7/><D43/><U135/><E135/><V89/><F121/><W37/><G37/><T80/><D42/><U84/><E99/><V13/><F115/><W114/><G114/><T62/><D80/><U70/><E70/><V6/><F93/><W75/><G75/><T103/><D105/><U71/><E71/><V18/><F18/><W29/><G29/><T132/><D132/><U72/><E72/><V134/><F19/><W31/><G31/><T23/><D106/><U22/><E35/><V124/><F134/><W68/><G68/><T100/><D103/><AGARI ba="0,1" hai="48,49,51,56,59,74,76,77,81,83,85,95,96,103" machi="103" ten="40,1300,0" yaku="1,1,53,0" doraHai="33" doraHaiUra="58" who="3" fromWho="0" sc="250,-13,250,0,250,0,240,23" /><INIT seed="1,0,0,3,4,62" ten="237,250,250,263" oya="1" hai0="79,63,109,98,80,9,103,24,21,108,32,94,96" hai1="6,68,22,128,12,65,31,131,27,36,114,92,48" hai2="23,130,61,91,86,17,125,113,64,120,115,42,25" hai3="41,33,74,127,126,124,45,5,132,60,117,71,81"/><U116/><E114/><N who="2" m="43531" /><F120/><W106/><G5/><T39/><D39/><U129/><E36/><V57/><F130/><W69/><G117/><T99/><D32/><U112/><E116/><V29/><F42/><W28/><G106/><T30/><D9/><U95/><E112/><V59/><F125/><W50/><G132/><T110/><REACH who="0" step="1"/><D63/><REACH who="0" ten="227,250,250,263" step="2"/><N who="1" m="39999" /><E48/><V82/><F29/><W4/><G60/><T83/><D83/><U90/><E90/><V88/><F91/><W19/><G28/><T35/><D35/><U89/><E89/><V54/><F59/><W70/><G33/><T119/><D119/><U0/><E0/><V77/><F77/><N who="3" m="44215" /><G4/><T133/><D133/><U107/><E107/><V78/><F78/><W75/><G19/><T20/><D20/><U8/><AGARI ba="0,1" hai="6,8,12,22,27,31,92,95,128,129,131" m="39999" machi="8" ten="40,3900,0" yaku="19,1,52,1" doraHai="62" who="1" fromWho="1" sc="227,-13,250,49,250,-13,263,-13" /><INIT seed="1,1,0,0,4,83" ten="214,299,237,250" oya="1" hai0="71,57,125,92,69,24,81,43,59,6,73,118,79" hai1="46,1,66,72,98,75,26,9,95,54,88,25,55" hai2="19,45,90,41,8,62,100,129,13,47,65,0,96" hai3="61,127,122,16,38,53,105,116,91,93,14,34,51"/><U30/><E66/><V63/><F129/><W130/><G122/><T58/><D118/><U27/><E30/><V103/><F0/><W99/><G127/><T21/><D125/><U56/><E46/><V68/><F47/><W123/><G123/><T10/><D43/><U89/><E55/><V36/><F63/><W128/><G116/><T17/><REACH who="0" step="1"/><D92/><REACH who="0" ten="204,299,237,250" step="2"/><U22/><E1/><AGARI ba="1,1" hai="1,6,10,17,21,24,57,58,59,69,71,73,79,81" machi="1" ten="40,5200,0" yaku="1,1,2,1,53,1" doraHai="83" doraHaiUra="106" who="0" fromWho="1" sc="204,65,299,-55,237,0,250,0" /><INIT seed="2,0,0,5,4,19" ten="269,244,237,250" oya="2" hai0="134,129,121,30,13,72,54,118,83,47,46,50,71" hai1="22,11,77,9,34,128,27,107,124,1,45,65,73" hai2="133,49,103,59,92,35,7,53,36,26,109,29,15" hai3="81,17,60,82,98,108,42,85,126,3,79,115,91"/><V43/><F133/><W87/><G115/><T122/><D134/><U52/><E107/><V89/><F109/><W18/><G3/><T51/><D129/><U123/><E34/><V61/><F103/><W31/><G126/><T64/><D30/><U2/><E123/><V110/><F110/><W96/><G108/><T24/><D24/><U131/><E65/><V99/><F36/><W74/><G42/><T5/><D118/><U94/><E124/><V20/><F35/><W55/><G31/><T78/><D64/><U67/><E67/><V21/><F43/><W63/><G74/><T112/><D71/><U101/><E77/><V119/><F119/><W23/><G55/><T62/><D62/><U68/><E73/><V39/><F39/><W135/><G135/><T97/><D97/><N who="3" m="37481" /><G18/><T100/><D100/><U14/><E101/><V117/><F117/><W25/><AGARI ba="0,0" hai="17,23,25,60,63,79,81,82,85,87,91" m="37481" machi="25" ten="30,2000,0" yaku="8,1,52,1" doraHai="19" who="3" fromWho="3" sc="269,-5,244,-5,237,-10,250,20" /><INIT seed="3,0,0,0,1,117" ten="264,239,227,270" oya="3" hai0="35,131,48,112,64,29,89,5,56,75,22,13,129" hai1="31,104,103,15,108,11,54,134,70,101,94,126,60" hai2="28,62,132,124,32,37,38,119,92,41,40,114,0" hai3="7,85,50,3,78,24,111,77,123,118,71,79,127"/><W109/><G118/><T52/><D75/><U33/><E108/><N who="3" m="41546" /><G71/><T106/><D106/><U51/><E126/><V122/><F0/><W81/><G127/><T116/><D116/><U91/><E134/><V130/><F28/><W96/><G96/><T39/><D39/><U49/><E104/><V93/><F32/><W107/><G107/><T23/><D112/><U1/><E1/><V100/><F130/><W34/><G50/><T121/><D121/><U125/><E51/><V86/><F119/><W97/><G97/><T16/><D5/><U14/><E14/><V99/><F132/><W2/><G123/><T44/><D35/><U17/><E125/><V120/><F124/><W9/><G2/><T69/><D69/><U27/><E60/><V36/><F114/><W87/><G85/><T58/><D89/><U128/><E128/><N who="0" m="49225" /><D64/><U113/><E113/><V12/><F62/><W84/><G84/><T67/><D67/><U59/><E70/><V65/><F65/><W82/><G82/><T83/><D83/><U21/><E33/><V4/><F86/><AGARI ba="0,0" hai="11,15,17,21,27,31,49,54,59,86,91,94,101,103" machi="86" ten="30,2000,0" yaku="7,1,8,1" doraHai="117" who="1" fromWho="2" sc="264,0,239,20,227,-20,270,0" /><INIT seed="4,0,0,5,0,49" ten="264,259,207,270" oya="0" hai0="73,39,20,21,11,70,53,128,57,112,28,77,31" hai1="101,129,36,134,23,54,68,62,100,76,24,6,25" hai2="82,130,132,67,47,122,126,51,89,109,98,64,50" hai3="45,34,27,29,33,44,40,3,14,103,78,87,80"/><T65/><D112/><U41/><E76/><V133/><F82/><W63/><G3/><T90/><D128/><U115/><E129/><V104/><F130/><W97/><G63/><T55/><D39/><U43/><E6/><V106/><F109/><W58/><G58/><T72/><D70/><U121/><E121/><V66/><F122/><W113/><G113/><T124/><D124/><U22/><E115/><V93/><F51/><W119/><G119/><T127/><D127/><U95/><E36/><V123/><F123/><W38/><G44/><T125/><D11/><U19/><E134/><N who="2" m="51819" /><F126/><W5/><G5/><T4/><D4/><U30/><E68/><V96/><F96/><W8/><G8/><T111/><D111/><U102/><E95/><V71/><F71/><W114/><G14/><T16/><D77/><U85/><E85/><V110/><F110/><W17/><G17/><T86/><D125/><U42/><E62/><V37/><F37/><W120/><G120/><T60/><D73/><U107/><E107/><V56/><F56/><W75/><G87/><T69/><D72/><U61/><E61/><V35/><F35/><N who="3" m="20927" /><G114/><T84/><D69/><U18/><E30/><N who="0" m="11305" /><D21/><N who="1" m="7691" /><E54/><AGARI ba="0,0" hai="47,50,54,64,66,67,89,93,98,104,106" m="51819" machi="54" ten="30,2000,0" yaku="20,1,52,1" doraHai="49" who="2" fromWho="1" sc="264,0,259,-20,207,20,270,0" /><INIT seed="5,0,0,1,0,84" ten="264,239,227,270" oya="1" hai0="52,46,13,8,118,37,133,23,79,111,62,54,109" hai1="108,29,123,85,6,10,34,104,32,25,93,26,96" hai2="24,69,119,131,121,15,39,114,44,94,0,65,78" hai3="68,63,101,99,7,9,80,43,12,120,49,4,51"/><U66/><E123/><V17/><F119/><W86/><G120/><T77/><D118/><U91/><E66/><V88/><F121/><W55/><G68/><T70/><D133/><U21/><E108/><V117/><F0/><W107/><G63/><T130/><D130/><U73/><E73/><V122/><F117/><W71/><G71/><T22/><D70/><U90/><E104/><V97/><F122/><W127/><G127/><T61/><D8/><U128/><E26/><V2/><F2/><W27/><G27/><T126/><D46/><U30/><E30/><V124/><F78/><W89/><G49/><T31/><D31/><U28/><E28/><V59/><F69/><W106/><G106/><T132/><D132/><U115/><E115/><V35/><F24/><W135/><G135/><T98/><D98/><U116/><E128/><V125/><F35/><W76/><G43/><T129/><D129/><U81/><E116/><V102/><F114/><W33/><G33/><T5/><D13/><AGARI ba="0,0" hai="6,10,13,21,25,29,32,34,81,85,90,91,93,96" machi="13" ten="30,5800,0" yaku="7,1,52,2" doraHai="84" who="1" fromWho="0" sc="264,-58,239,58,227,0,270,0" /><INIT seed="5,1,0,3,3,60" ten="206,297,227,270" oya="1" hai0="48,120,65,54,84,15,96,110,50,75,41,115,14" hai1="49,44,122,132,53,63,64,3,83,8,13,114,26" hai2="6,38,10,129,71,55,91,61,127,80,100,135,94" hai3="78,73,81,28,57,18,47,56,130,25,117,59,82"/><U74/><E122/><V105/><F38/><W16/><G117/><T76/><D75/><U109/><E3/><V42/><F42/><W131/><G47/><T121/><D110/><U107/><E109/><V111/><F105/><W98/><G98/><T5/><D115/><U93/><E107/><V33/><F33/><W77/><G28/><T27/><D96/><U52/><E114/><V19/><F129/><N who="3" m="49163" /><G25/><T106/><D106/><U108/><E108/><V134/><F127/><W4/><G4/><T23/><D50/><U123/><E123/><V104/><F104/><W69/><G69/><T35/><D35/><U34/><E93/><V43/><F43/><W32/><G32/><T51/><D51/><U126/><E132/><V24/><F94/><W118/><G118/><T99/><D99/><U66/><E126/><V92/><F92/><W102/><G102/><T0/><D0/><U89/><E26/><V119/><F100/><W88/><G88/><T101/><D101/><U90/><E34/><V20/><F119/><W58/><N who="3" m="14336" /><DORA hai="31" /><W86/><AGARI ba="1,0" hai="16,18,73,77,78,81,82,86" m="14336,49163" machi="86" ten="50,6400,0" yaku="4,1,19,1,54,1" doraHai="60,31" who="3" fromWho="3" sc="206,-17,297,-33,227,-17,270,67" /><INIT seed="6,0,0,1,2,128" ten="189,264,210,337" oya="2" hai0="6,98,87,116,96,120,81,2,130,52,105,129,13" hai1="101,71,93,88,27,131,114,117,44,32,40,26,51" hai2="33,111,82,124,92,97,113,12,37,85,43,8,83" hai3="72,39,70,109,78,107,64,23,20,80,65,121,127"/><V4/><F33/><W36/><G121/><T50/><D120/><U9/><E117/><V122/><F122/><W119/><G119/><T69/><D2/><U0/><E131/><N who="0" m="50185" /><D69/><U132/><E71/><V134/><F113/><W18/><G127/><T48/><D48/><U17/><E114/><V133/><F111/><W61/><G23/><T19/><D6/><U74/><E74/><V95/><F124/><W112/><G112/><T31/><D31/><U126/><E101/><V58/><F83/><W89/><G107/><T60/><D60/><U106/><E106/><V28/><F28/><W73/><G73/><T5/><D5/><U108/><E108/><V35/><F35/><W46/><G109/><T57/><D105/><U99/><E126/><V14/><F58/><W86/><G65/><T84/><D116/><U10/><E0/><V16/><F43/><W94/><G46/><N who="0" m="27735" /><D87/><U62/><E32/><V66/><F37/><W79/><G79/><N who="0" m="46143" /><D57/><U47/><E62/><V77/><F66/><W25/><AGARI ba="0,0" hai="18,20,25,36,39,61,64,70,72,78,80,86,89,94" machi="25" ten="20,1500,0" yaku="0,1,7,1" doraHai="128" who="3" fromWho="3" sc="189,-4,264,-4,210,-7,337,15" /><INIT seed="7,0,0,0,1,82" ten="185,260,203,352" oya="3" hai0="20,117,5,17,102,39,8,23,109,108,69,33,3" hai1="35,129,0,1,113,81,31,131,27,105,65,115,99" hai2="133,10,126,28,4,73,127,122,135,34,18,52,77" hai3="30,93,91,51,75,63,125,71,79,86,57,14,45"/><W114/><G114/><N who="1" m="43530" /><E65/><V11/><F77/><W101/><G71/><T66/><D39/><U84/><E99/><V43/><F43/><W96/><G125/><N who="2" m="47625" /><F73/><W78/><G30/><T130/><D102/><U123/><E105/><V97/><F122/><W40/><G14/><N who="0" m="9271" /><D66/><U53/><E53/><V112/><F112/><W19/><G19/><T36/><D36/><U95/><E95/><V83/><F83/><N who="3" m="49631" /><G75/><T80/><D80/><U64/><E64/><AGARI ba="0,0" hai="40,45,51,57,63,64,78,79,93,96,101" m="49631" machi="64" ten="30,2900,0" yaku="8,1,52,1" doraHai="82" who="3" fromWho="1" sc="185,0,260,-29,203,0,352,29" owari="185,-31.0,231,3.0,203,-20.0,381,48.0" /></mjloggm>