<mjloggm ver="2.3"><GO type="41" lobby="0"/><UN n0="%6C%6F%62%6F%40" n1="%E2%93%9D%53%75%70%68%78" n2="%E5%A4%A9%E9%A2%A8%E3%81%97%E3%81%8A%E3%82%8A" n3="%E3%81%BE%E3%81%A1%E3%82%8B" dan="14,17,14,13" rate="2060.34,2033.99,1946.91,1813.39" sx="M,M,F,M"/><TAIKYOKU oya="0"/><INIT seed="0,0,0,0,3,4" ten="250,250,250,250" oya="0" hai0="90,9,119,120,53,21,3,134,87,132,54,133,60" hai1="121,122,28,114,47,2,107,27,24,0,31,42,110" hai2="94,73,70,82,67,35,18,117,63,59,76,46,115" hai3="12,44,55,78,75,97,89,77,6,124,86,51,125"/><T41/><BYE who="2" /><D120/><UN n2="%E5%A4%A9%E9%A2%A8%E3%81%97%E3%81%8A%E3%82%8A" /><U48/><E107/><V38/><F115/><W43/><G75/><T81/><D119/><U74/><E74/><V40/><F94/><W22/><G97/><T79/><D41/><U49/><E42/><V34/><F117/><W71/><G71/><T91/><D21/><U135/><E47/><V99/><F99/><W37/><G22/><T65/><D54/><U8/><E135/><V56/><F56/><W95/><G6/><N who="0" m="1247" /><D53/><U83/><E83/><V33/><F59/><AGARI ba="0,0" hai="59,60,65,79,81,87,90,91,132,133,134" m="1247" machi="59" ten="30,2900,0" yaku="20,1,52,1" doraHai="4" who="0" fromWho="2" sc="250,29,250,0,250,-29,250,0" /><INIT seed="0,1,0,2,5,77" ten="279,250,221,250" oya="0" hai0="60,66,117,58,32,34,132,99,11,93,118,109,62" hai1="2,29,112,24,124,5,46,92,86,41,4,10,85" hai2="15,55,12,19,26,129,0,83,100,88,28,90,79" hai3="113,101,73,61,20,67,53,82,52,97,44,80,49"/><T87/><D132/><U127/><E5/><V63/><F0/><W47/><G113/><T33/><D11/><U116/><E116/><V25/><F100/><W68/><G73/><T51/><D51/><U13/><E112/><V105/><F105/><W48/><G20/><T115/><D115/><U121/><E121/><V65/><F55/><W57/><G68/><T9/><D109/><U6/><E6/><V42/><F42/><W31/><G31/><T125/><D125/><N who="1" m="48203" /><E92/><AGARI ba="1,0" hai="44,47,48,49,52,53,57,61,67,80,82,92,97,101" machi="92" ten="30,12000,2" yaku="7,1,9,1,8,1,52,2,54,1" doraHai="77" who="3" fromWho="1" sc="279,0,250,-123,221,0,250,123" /><INIT seed="1,0,0,2,3,107" ten="279,127,221,373" oya="1" hai0="23,11,65,44,38,46,71,127,73,12,55,109,25" hai1="134,67,124,116,78,97,36,129,69,111,108,94,80" hai2="48,41,13,15,37,22,79,125,115,0,106,7,42" hai3="16,83,56,66,122,118,4,47,61,17,52,14,86"/><U30/><E36/><V19/><F106/><W24/><G122/><T54/><D127/><U5/><E5/><V77/><F125/><W110/><G110/><N who="1" m="42026" /><E124/><V58/><F115/><W33/><G118/><T93/><D109/><U20/><E69/><V18/><F0/><W29/><G4/><T72/><D71/><U21/><E67/><V100/><F100/><W121/><G121/><T76/><D65/><U63/><E63/><V49/><F37/><W91/><G14/><T132/><D76/><U64/><E64/><V112/><F112/><W68/><G47/><T120/><D120/><U96/><E129/><V128/><F7/><W39/><G39/><T74/><D132/><U123/><E123/><V88/><F88/><W130/><G130/><T9/><D93/><U85/><E116/><V1/><F1/><W114/><G114/><T103/><D103/><N who="1" m="60823" /><E30/><V75/><F128/><W26/><G26/><T2/><D2/><U119/><E119/><V104/><F104/><W117/><G117/><T34/><D38/><U62/><E62/><AGARI ba="0,0" hai="16,17,24,29,33,52,56,61,62,66,68,83,86,91" machi="62" ten="30,3900,0" yaku="7,1,54,2" doraHai="107" who="3" fromWho="1" sc="279,0,127,-39,221,0,373,39" /><INIT seed="2,0,0,4,0,124" ten="279,88,221,412" oya="2" hai0="49,88,60,11,68,28,5,52,108,92,15,73,121" hai1="82,17,90,38,33,83,130,94,80,16,129,111,98" hai2="122,104,102,44,132,14,69,43,10,32,126,0,25" hai3="84,59,93,109,128,2,58,74,19,66,64,101,113"/><V34/><F126/><W62/><G74/><T37/><D37/><U119/><E119/><V65/><F132/><W48/><G109/><T107/><D108/><U57/><E111/><V47/><F47/><W22/><G113/><T30/><D73/><U29/><E38/><N who="2" m="21623" /><F14/><W106/><G128/><N who="1" m="49258" /><E57/><V127/><F122/><W78/><G106/><T35/><D107/><U39/><E39/><V36/><F36/><W71/><G2/><T6/><D35/><U18/><E29/><V123/><F25/><W103/><G71/><T131/><D121/><U75/><E33/><V81/><F81/><N who="3" m="47159" /><G93/><T54/><D5/><U70/><E70/><V51/><F51/><W1/><G1/><T135/><D135/><U86/><E75/><V53/><F53/><N who="3" m="32039" /><G66/><T4/><D4/><U115/><E115/><V31/><F31/><W100/><G100/><AGARI ba="0,0" hai="16,17,18,80,82,83,86,90,94,98,100" m="49258" machi="100" ten="30,8000,1" yaku="19,1,52,3,54,1" doraHai="124" who="1" fromWho="3" sc="279,0,88,80,221,0,412,-80" /><INIT seed="3,0,0,5,2,45" ten="279,168,221,332" oya="3" hai0="127,46,61,43,12,10,86,40,90,100,118,34,88" hai1="19,3,32,109,2,56,69,128,1,132,104,107,85" hai2="87,17,78,16,25,28,36,6,111,105,21,98,77" hai3="48,81,96,112,68,83,39,29,115,108,30,91,14"/><W101/><G39/><T0/><D0/><U37/><E128/><V124/><F36/><W66/><G108/><T24/><D118/><U125/><E37/><V76/><F111/><W23/><G68/><T5/><D90/><U63/><E109/><V9/><F124/><W67/><G112/><T26/><D100/><U94/><E32/><V129/><F129/><W44/><G115/><T121/><D127/><U8/><E132/><V134/><F134/><W73/><G83/><T38/><D43/><U35/><E35/><V122/><F122/><W131/><G131/><T20/><D34/><U120/><E69/><V54/><F87/><N who="3" m="50671" /><G73/><T41/><D41/><U126/><E120/><V55/><F105/><W116/><G116/><T80/><D121/><U42/><E42/><V27/><F98/><W60/><G30/><T97/><D97/><U93/><E85/><V89/><F89/><W53/><G60/><T130/><D130/><U103/><E103/><V79/><N who="2" m="19456" /><DORA hai="62" /><V4/><F4/><W15/><G96/><T59/><REACH who="0" step="1"/><D20/><REACH who="0" ten="269,168,221,332" step="2"/><U84/><E126/><V58/><F28/><W72/><G101/><T47/><D47/><U110/><E110/><V31/><F31/><W113/><G113/><T52/><AGARI ba="0,1" hai="5,10,12,24,26,38,40,46,52,59,61,80,86,88" machi="52" ten="20,12000,2" yaku="1,1,0,1,7,1,54,2,53,1" doraHai="45,62" doraHaiUra="50,133" who="0" fromWho="0" sc="269,130,168,-30,221,-30,332,-60" /><INIT seed="4,0,0,4,5,5" ten="399,138,191,272" oya="0" hai0="11,8,80,126,45,132,30,106,40,29,48,63,32" hai1="100,104,75,56,122,110,127,123,130,10,52,124,113" hai2="33,14,94,47,118,46,18,111,125,28,73,83,131" hai3="23,135,55,54,101,66,81,19,71,44,53,65,129"/><T91/><D106/><U22/><E75/><V107/><F118/><W62/><G129/><T31/><D132/><U105/><E110/><V86/><F111/><W96/><G135/><T90/><D32/><U114/><E22/><V42/><F131/><W3/><G3/><T79/><D126/><N who="1" m="48171" /><E130/><V99/><F125/><W108/><G108/><T9/><REACH who="0" step="1"/><D63/><REACH who="0" ten="389,138,191,272" step="2"/><N who="1" m="36231" /><E105/><V24/><F107/><W2/><G62/><T41/><D41/><U102/><E104/><V51/><F73/><AGARI ba="0,1" hai="8,9,11,29,30,31,40,45,48,73,79,80,90,91" machi="73" ten="40,12000,1" yaku="1,1,52,3,53,0" doraHai="5" doraHaiUra="109" who="0" fromWho="2" sc="389,130,138,0,191,-120,272,0" /><INIT seed="4,1,0,2,4,77" ten="519,138,71,272" oya="0" hai0="69,109,59,44,10,45,35,124,40,6,100,119,65" hai1="63,84,127,120,48,50,102,131,72,38,81,134,3" hai2="118,49,66,37,61,33,53,74,21,34,128,126,132" hai3="27,64,110,55,60,17,85,20,54,11,98,112,93"/><T25/><D119/><U15/><E3/><V26/><F118/><W58/><G110/><T129/><D109/><U47/><E72/><V30/><F128/><W43/><G112/><T5/><D69/><U29/><E134/><V7/><F132/><W83/><G43/><T8/><D129/><U101/><E127/><V73/><F126/><W70/><G11/><T103/><D124/><U123/><E38/><V116/><F116/><W108/><G108/><T46/><D40/><U115/><E29/><V97/><F37/><W87/><G87/><T86/><D86/><U135/><E63/><V56/><F7/><W76/><G70/><T91/><D91/><AGARI ba="1,0" hai="17,20,27,54,55,58,60,64,76,83,85,91,93,98" machi="91" ten="30,3900,0" yaku="7,1,8,1,52,1" doraHai="77" who="3" fromWho="0" sc="519,-42,138,0,71,0,272,42" /><INIT seed="5,0,0,5,4,37" ten="477,138,71,314" oya="1" hai0="98,115,40,79,113,122,57,76,24,41,16,5,129" hai1="47,134,127,51,93,43,67,45,1,116,0,107,39" hai2="131,133,55,10,108,125,64,123,48,36,120,61,59" hai3="66,71,75,68,91,94,14,38,103,102,100,99,4"/><U62/><E107/><V135/><F36/><W87/><G75/><T18/><D122/><N who="2" m="46634" /><F108/><W3/><G3/><T84/><D129/><U97/><E134/><N who="2" m="51211" /><F10/><W60/><G38/><T118/><D118/><U25/><E127/><V121/><N who="2" m="46642" /><V86/><DORA hai="132" /><F86/><W72/><G72/><T30/><D5/><U70/><E116/><V130/><F125/><W19/><G4/><T78/><D98/><U96/><E25/><V13/><F13/><W34/><G34/><T89/><D57/><AGARI ba="0,0" hai="48,55,57,59,61,64,130,131" m="51211,46642" machi="57" ten="50,6400,0" yaku="20,1,34,2" doraHai="37,132" who="2" fromWho="0" sc="477,-64,138,0,71,64,314,0" /><INIT seed="6,0,0,4,1,33" ten="413,138,135,314" oya="2" hai0="54,92,69,27,70,94,114,82,18,49,86,135,128" hai1="107,101,29,124,64,93,106,117,31,55,4,8,1" hai2="36,60,59,48,44,88,17,80,132,99,25,96,67" hai3="98,122,90,116,108,134,50,45,72,38,20,7,119"/><V51/><F132/><W73/><G134/><T66/><D135/><U30/><E117/><V40/><F99/><W125/><G108/><T24/><D128/><U22/><E64/><V104/><F104/><W83/><G122/><T113/><D94/><U13/><E124/><V65/><F65/><W129/><G38/><T5/><D5/><U79/><E79/><V58/><F58/><W85/><G129/><T133/><D92/><U68/><E68/><V12/><F25/><W2/><G125/><T6/><D6/><U112/><E112/><N who="0" m="43113" /><D18/><U56/><E101/><V97/><F51/><W14/><G98/><T34/><D133/><U63/><REACH who="1" step="1"/><E93/><REACH who="1" ten="413,128,135,314" step="2"/><V123/><F123/><W103/><G103/><T115/><D66/><U126/><E126/><V23/><REACH who="2" step="1"/><F36/><REACH who="2" ten="413,128,125,314" step="2"/><W46/><G119/><T10/><D115/><U118/><E118/><V43/><F43/><W78/><G116/><T77/><D70/><U19/><AGARI ba="0,2" hai="1,4,8,13,19,22,29,30,31,55,56,63,106,107" machi="19" ten="30,4000,0" yaku="1,1,0,1,52,1,53,0" doraHai="33" doraHaiUra="130" who="1" fromWho="1" sc="413,-10,128,60,125,-20,314,-10" /><INIT seed="7,0,0,1,3,103" ten="403,188,105,304" oya="3" hai0="100,76,89,56,90,81,101,5,51,34,112,128,19" hai1="105,50,38,73,72,118,134,32,92,57,63,17,65" hai2="8,47,86,94,71,69,135,41,64,58,88,53,30" hai3="85,132,87,25,0,113,74,130,93,115,60,20,55"/><W35/><G74/><T126/><D34/><U108/><E108/><V67/><F135/><W131/><G35/><T120/><D5/><U111/><E111/><V116/><F116/><W84/><G0/><T43/><D120/><U83/><E38/><V13/><F30/><W97/><G60/><T91/><D128/><N who="3" m="49193" /><G55/><T24/><D126/><U59/><E73/><V79/><F79/><W80/><G132/><T109/><D112/><N who="3" m="43081" /><G20/><T48/><D109/><U15/><E72/><V70/><F70/><W28/><G28/><T2/><D2/><U77/><E63/><V121/><F121/><W44/><G44/><T127/><D127/><U22/><E32/><V16/><F71/><W123/><G25/><T129/><D129/><U125/><E125/><V98/><F69/><W66/><G66/><T114/><D114/><U42/><E65/><V14/><F14/><W1/><G1/><T46/><D24/><U31/><E15/><V9/><F9/><W54/><G54/><N who="0" m="31815" /><D19/><U3/><E17/><V23/><F8/><W133/><G133/><T45/><D45/><U40/><E3/><V61/><REACH who="2" step="1"/><F98/><REACH who="2" ten="403,188,95,304" step="2"/><W82/><G123/><T119/><D119/><U11/><E134/><V52/><F52/><W36/><G36/><AGARI ba="0,1" hai="13,16,23,36,41,47,53,58,61,64,67,86,88,94" machi="36" ten="30,8000,1" yaku="1,1,7,1,54,2,53,1" doraHai="103" doraHaiUra="37" who="2" fromWho="3" sc="403,0,188,0,95,90,304,-80" owari="403,50.0,188,-21.0,185,-31.0,224,2.0" /></mjloggm>