<mjloggm ver="2.3"><GO type="41" lobby="0"/><UN n0="%E3%81%88%E3%81%B3%E3%81%A9%E3%82%8A%E3%81%82" n1="%E3%83%A2%E3%83%AD%E3%82%A4" n2="%E3%82%AB%E3%81%B4%E3%83%90%E3%83%A9%E3%81%95%E3%82%93" n3="%E2%93%9D%53%75%70%68%78" dan="15,15,14,18" rate="2023.09,2032.46,1935.76,2111.05" sx="M,M,F,M"/><TAIKYOKU oya="0"/><INIT seed="0,0,0,4,1,49" ten="250,250,250,250" oya="0" hai0="94,109,69,119,75,23,21,45,134,107,68,115,6" hai1="77,74,130,40,8,19,65,81,88,61,95,53,105" hai2="34,67,100,87,44,111,129,18,91,85,124,83,29" hai3="125,37,14,58,41,116,4,28,13,59,106,46,56"/><T98/><D75/><U33/><E33/><V86/><F124/><W113/><G113/><T25/><D107/><U0/><E130/><V89/><F67/><W48/><G106/><T38/><D119/><U12/><E105/><V104/><F18/><W128/><G116/><T78/><D78/><U1/><E40/><V50/><F111/><W79/><G128/><T15/><D134/><U36/><E36/><V110/><F110/><W16/><G28/><T10/><D115/><U122/><E122/><V47/><F47/><W70/><G70/><T32/><D32/><U102/><E102/><V62/><F62/><W103/><G103/><T57/><D23/><U114/><E114/><V121/><F121/><W93/><G93/><T82/><D82/><U123/><E123/><V101/><F87/><W30/><G30/><T76/><D76/><U72/><E72/><V126/><F126/><W39/><G125/><T42/><D57/><U63/><E63/><V7/><F7/><W99/><G99/><T54/><D54/><U118/><E118/><V55/><F104/><W64/><G79/><T127/><D127/><U135/><E135/><V112/><F129/><W5/><G64/><T96/><D96/><U24/><E24/><V26/><F112/><W9/><REACH who="3" step="1"/><G5/><REACH who="3" ten="250,250,250,240" step="2"/><T51/><D109/><U20/><E65/><V27/><F27/><W133/><G133/><T3/><D69/><U43/><E77/><V108/><F108/><W22/><AGARI ba="0,1" hai="4,9,13,14,16,22,37,39,41,46,48,56,58,59" machi="22" ten="30,4000,0" yaku="1,1,0,1,54,1,53,0" doraHai="49" doraHaiUra="117" who="3" fromWho="3" sc="250,-20,250,-10,250,-10,240,50" /><INIT seed="1,0,0,1,4,76" ten="230,240,240,290" oya="1" hai0="42,63,20,2,10,77,89,49,125,112,70,115,56" hai1="83,18,81,88,52,38,123,29,37,87,67,60,128" hai2="133,126,97,44,109,85,113,98,102,124,41,11,27" hai3="116,47,62,45,107,95,54,92,32,50,72,84,17"/><U103/><E123/><V36/><F97/><W24/><G72/><T16/><D125/><N who="2" m="48234" /><F109/><W79/><G107/><T119/><D119/><U90/><E128/><V129/><F129/><W110/><G110/><T99/><D70/><U12/><E29/><V35/><F11/><W3/><G3/><T5/><D77/><U26/><E26/><V122/><F122/><W80/><G116/><T75/><D75/><U21/><E103/><V1/><F1/><W30/><G17/><T57/><D57/><N who="1" m="34855" /><E38/><V0/><F0/><W14/><G14/><T40/><D49/><U15/><E37/><V46/><F44/><W131/><G131/><T53/><D112/><U96/><E67/><V61/><F113/><W93/><REACH who="3" step="1"/><G62/><REACH who="3" ten="230,240,240,280" step="2"/><T33/><D115/><U127/><E127/><V86/><F61/><W132/><G132/><T58/><D58/><AGARI ba="0,1" hai="24,30,32,45,47,50,54,58,79,80,84,92,93,95" machi="58" ten="40,2600,0" yaku="1,1,52,1,53,0" doraHai="76" doraHaiUra="19" who="3" fromWho="0" sc="230,-26,240,0,240,0,280,36" /><INIT seed="2,0,0,0,1,117" ten="204,240,240,316" oya="2" hai0="130,91,42,44,128,20,121,109,90,72,97,24,125" hai1="60,103,7,78,18,17,112,111,55,6,77,122,5" hai2="92,33,93,124,26,51,46,126,110,114,118,73,102" hai3="98,101,67,10,64,132,19,49,95,9,41,127,50"/><V94/><F118/><W40/><G127/><N who="2" m="48681" /><F114/><W23/><G132/><T3/><D3/><U129/><E112/><V108/><F73/><W63/><G50/><T71/><D71/><U1/><E111/><N who="2" m="42539" /><F33/><W0/><G0/><T58/><D58/><U16/><E1/><V30/><F26/><W15/><G67/><T62/><D62/><U48/><E103/><V52/><F30/><W53/><G41/><T38/><D72/><U70/><E129/><V12/><F12/><W123/><G40/><T85/><D91/><U82/><E82/><V134/><F134/><W61/><G123/><T29/><D97/><AGARI ba="0,0" hai="46,51,52,92,93,94,97,102" m="42539,48681" machi="97" ten="30,11600,0" yaku="18,1,14,1,10,1,54,1" doraHai="117" who="2" fromWho="0" sc="204,-116,240,0,240,116,316,0" /><INIT seed="2,1,0,4,5,31" ten="88,240,356,316" oya="2" hai0="120,82,84,52,46,98,61,11,55,123,79,110,64" hai1="117,72,135,26,14,74,41,43,83,3,133,100,95" hai2="116,32,126,12,1,99,2,5,35,97,102,68,42" hai3="80,124,62,10,103,127,19,77,96,28,30,16,87"/><V65/><F12/><W114/><G114/><T78/><D110/><U81/><E3/><V67/><F42/><W105/><G62/><T51/><D79/><U122/><E26/><V130/><F116/><W76/><G76/><T15/><D98/><U94/><E14/><V6/><F102/><W69/><G69/><T118/><D118/><U58/><E58/><V60/><F60/><W128/><G128/><T101/><D101/><U89/><E117/><V40/><F40/><W25/><G30/><T8/><D8/><U131/><E100/><V36/><F68/><W71/><G71/><T34/><D55/><U37/><E89/><V88/><F126/><N who="3" m="48171" /><G10/><T33/><D120/><U54/><E54/><V45/><F45/><W93/><G105/><T22/><D22/><AGARI ba="1,0" hai="16,19,22,25,28,77,80,87,93,96,103" m="48171" machi="22" ten="30,2000,0" yaku="18,1,54,1" doraHai="31" who="3" fromWho="0" sc="88,-23,240,0,356,0,316,23" /><INIT seed="3,0,0,2,1,32" ten="65,240,356,339" oya="3" hai0="121,101,112,28,37,115,42,8,90,69,34,97,79" hai1="81,22,59,25,83,107,10,94,45,119,56,131,74" hai2="40,43,133,113,127,96,85,116,58,84,12,75,108" hai3="3,102,47,76,14,87,126,106,128,89,109,27,99"/><W54/><G128/><T44/><D90/><U16/><E107/><V48/><F113/><W123/><G123/><T98/><D98/><U50/><E119/><V88/><F116/><W92/><G126/><T5/><D79/><U118/><E118/><V1/><F1/><W39/><G14/><T66/><D121/><U71/><E71/><V95/><F75/><W104/><G27/><T134/><D134/><U93/><E131/><V117/><F117/><W61/><G109/><T6/><D6/><U82/><E74/><V120/><F120/><W130/><G130/><T11/><D11/><U91/><E10/><V80/><F108/><W17/><G17/><T53/><D53/><U114/><E114/><V78/><F133/><W65/><G76/><T35/><D28/><U51/><E51/><V55/><F127/><W41/><G54/><T9/><D9/><U52/><REACH who="1" step="1"/><E93/><REACH who="1" ten="65,230,356,339" step="2"/><V20/><REACH who="2" step="1"/><F96/><AGARI ba="0,1" hai="16,22,25,45,50,52,56,59,81,82,83,91,94,96" machi="96" ten="40,12000,2" yaku="1,1,2,1,8,1,54,2,53,1" doraHai="32" doraHaiUra="21" who="1" fromWho="2" sc="65,0,230,130,356,-120,339,0" /><INIT seed="4,0,0,1,2,96" ten="65,360,236,339" oya="0" hai0="89,88,126,130,118,59,91,52,109,22,33,29,69" hai1="11,18,104,47,50,112,79,84,76,111,44,38,75" hai2="74,85,1,90,58,21,53,20,123,105,54,72,64" hai3="37,17,127,25,128,0,27,100,3,62,13,133,113"/><T45/><D118/><U93/><E104/><V10/><F105/><W94/><G37/><T16/><D109/><U132/><E111/><V73/><F123/><W61/><G128/><T60/><D130/><U57/><E38/><V110/><F110/><W129/><G133/><T12/><D126/><U135/><E75/><V28/><F64/><W134/><G134/><T117/><D117/><U103/><E135/><V51/><F28/><W65/><G113/><T32/><D69/><U55/><E132/><V23/><F1/><W41/><G41/><T15/><D29/><U63/><E47/><V71/><F71/><W92/><G129/><T120/><D120/><U106/><E106/><V131/><F131/><W80/><G80/><T2/><D2/><U8/><E112/><V95/><F10/><W9/><G3/><T5/><REACH who="0" step="1"/><D45/><REACH who="0" ten="55,360,236,339" step="2"/><U101/><E44/><V77/><REACH who="2" step="1"/><F54/><REACH who="2" ten="55,360,226,339" step="2"/><W108/><G0/><T78/><D78/><AGARI ba="0,2" hai="20,21,23,51,53,58,72,73,74,77,78,85,90,95" machi="78" ten="50,3200,0" yaku="1,1,2,1,53,0" doraHai="96" doraHaiUra="97" who="2" fromWho="0" sc="55,-32,360,0,226,52,339,0" /><INIT seed="5,0,0,1,4,40" ten="23,360,278,339" oya="1" hai0="22,42,8,12,127,34,77,81,78,131,43,106,135" hai1="15,75,55,1,107,37,115,7,122,35,61,66,71" hai2="64,92,83,36,52,87,68,129,11,102,70,4,58" hai3="116,49,93,16,132,46,130,110,134,30,17,57,84"/><U18/><E35/><V90/><F129/><W21/><G110/><T72/><D34/><U20/><E122/><V0/><F36/><W33/><G130/><T14/><D106/><U60/><E107/><V9/><F64/><W24/><G57/><T94/><D131/><U103/><E103/><V53/><F53/><N who="3" m="29879" /><G33/><T73/><D94/><U41/><E75/><V120/><F120/><W63/><G63/><T74/><D22/><U126/><E126/><V26/><F11/><W82/><G93/><T114/><D127/><U111/><E111/><V45/><F26/><W108/><G116/><T56/><D56/><U59/><E115/><V118/><F118/><W10/><G108/><T25/><D25/><U98/><E98/><V31/><F31/><W117/><G117/><T19/><D114/><U62/><E62/><V13/><F0/><W6/><G134/><T99/><D99/><U5/><REACH who="1" step="1"/><E1/><REACH who="1" ten="23,350,278,339" step="2"/><V125/><F125/><W105/><G132/><T123/><D135/><U109/><E109/><V44/><F102/><W3/><G105/><T100/><D100/><U47/><AGARI ba="0,1" hai="5,7,15,18,20,37,41,47,55,59,60,61,66,71" machi="47" ten="30,6000,0" yaku="1,1,0,1,52,1,53,0" doraHai="40" doraHaiUra="113" who="1" fromWho="1" sc="23,-20,350,70,278,-20,339,-20" /><INIT seed="5,1,0,5,0,3" ten="3,420,258,319" oya="1" hai0="89,106,80,9,61,130,81,76,67,135,133,43,41" hai1="7,59,82,88,66,46,69,39,131,29,65,14,104" hai2="124,27,78,85,1,75,114,123,128,45,48,72,62" hai3="107,100,25,77,119,95,0,122,98,102,51,42,58"/><U28/><E104/><V73/><F123/><W132/><G122/><T6/><D106/><U54/><E131/><V120/><F120/><W113/><G0/><T86/><D130/><U56/><E69/><V10/><F128/><W15/><G113/><T118/><D118/><U92/><E82/><V23/><F124/><W109/><G109/><T53/><D53/><U91/><E39/><V44/><F114/><W103/><G132/><N who="0" m="50763" /><D61/><U116/><E46/><V5/><F62/><W50/><G25/><T105/><D67/><U35/><E35/><V121/><F121/><W79/><G119/><T8/><D8/><N who="1" m="4383" /><E116/><V22/><F22/><W31/><G107/><T70/><D70/><U55/><E55/><V18/><F44/><W110/><G110/><T13/><D105/><U64/><E56/><V24/><F24/><W40/><G58/><T71/><D71/><U34/><E34/><V90/><F78/><W19/><G79/><T11/><D11/><U68/><E68/><V12/><F1/><W20/><G77/><T99/><D99/><N who="1" m="57735" /><E91/><V52/><REACH who="2" step="1"/><F72/><AGARI ba="1,0" hai="6,9,13,41,43,72,76,80,81,86,89" m="50763" machi="72" ten="30,2000,0" yaku="20,1,52,1" doraHai="3" who="0" fromWho="2" sc="3,23,420,0,258,-23,319,0" /><INIT seed="6,0,0,4,0,7" ten="26,420,235,319" oya="2" hai0="6,69,75,71,67,39,26,126,34,41,31,98,121" hai1="27,112,4,40,99,66,130,3,117,28,62,68,122" hai2="88,16,50,125,36,82,110,113,60,111,54,15,132" hai3="120,79,25,33,107,32,63,13,124,47,119,123,8"/><V133/><F36/><W95/><G107/><T64/><D121/><U101/><E122/><V55/><F113/><W20/><G79/><T72/><D126/><U21/><E117/><V19/><F125/><W135/><G63/><T103/><D67/><U29/><E112/><V9/><F60/><W24/><G95/><T84/><D84/><U12/><E130/><V22/><F55/><W92/><G92/><T93/><D93/><U97/><E40/><V78/><F88/><W127/><G47/><T131/><D131/><U56/><E29/><V49/><F82/><W80/><G80/><T14/><D14/><U52/><E3/><V46/><F50/><W17/><G135/><N who="2" m="51785" /><F78/><W105/><G105/><T48/><D6/><U85/><E85/><V81/><F81/><W87/><G87/><T76/><D48/><U61/><REACH who="1" step="1"/><E101/><REACH who="1" ten="26,410,235,319" step="2"/><V89/><F89/><W128/><G128/><T96/><D76/><U114/><E114/><V5/><F19/><W129/><G129/><T11/><D72/><U30/><E30/><V109/><F109/><W1/><G127/><T65/><D75/><U45/><E45/><V116/><F116/><W90/><G119/><T86/><D86/><U134/><E134/><V10/><F10/><AGARI ba="0,1" hai="4,10,12,21,27,28,52,56,61,62,66,68,97,99" machi="10" ten="40,8000,1" yaku="1,1,52,1,54,1,53,1" doraHai="7" doraHaiUra="51" who="1" fromWho="2" sc="26,0,410,90,235,-80,319,0" /><INIT seed="7,0,0,1,1,30" ten="26,500,155,319" oya="3" hai0="99,66,120,74,130,50,22,40,5,49,92,131,33" hai1="38,58,95,89,55,122,62,79,82,88,94,25,96" hai2="90,31,123,83,45,85,24,125,57,17,115,101,15" hai3="29,78,121,61,135,43,124,39,80,54,2,108,13"/><W46/><G121/><T81/><D33/><U6/><E122/><V28/><F125/><W8/><G124/><T16/><D66/><U72/><E38/><V98/><F123/><W77/><G135/><T116/><D5/><U47/><E6/><V41/><F115/><W87/><G2/><T91/><D120/><U42/><E25/><V51/><F57/><W0/><G0/><T100/><D116/><U84/><E47/><V23/><REACH who="2" step="1"/><F24/><REACH who="2" ten="26,500,145,319" step="2"/><W56/><G108/><T52/><D130/><U107/><E107/><AGARI ba="0,1" hai="15,17,23,28,31,41,45,51,83,85,90,98,101,107" machi="107" ten="30,3900,0" yaku="1,1,2,1,7,1,53,0" doraHai="30" doraHaiUra="106" who="2" fromWho="1" sc="26,0,500,-39,145,49,319,0" owari="26,-47.0,461,56.0,194,-21.0,319,12.0" /></mjloggm>