<mjloggm ver="2.3"><GO type="41" lobby="0"/><UN n0="%E5%A4%A7%E6%A0%B9%E3%81%8A%E3%82%8D%E3%81%97" n1="%E5%8F%8C%E7%AB%9C%E5%85%84%E5%BC%9F" n2="%53%48%41%4E%4B" n3="%E2%93%9D%53%75%70%68%78" dan="13,15,15,18" rate="1944.73,2075.57,1933.94,2116.85" sx="M,M,M,M"/><TAIKYOKU oya="0"/><INIT seed="0,0,0,0,1,32" ten="250,250,250,250" oya="0" hai0="132,53,60,119,52,100,102,120,121,46,54,71,18" hai1="111,48,57,92,49,15,37,113,8,118,84,30,126" hai2="47,72,11,89,3,77,58,115,114,61,91,20,33" hai3="28,1,62,51,76,23,14,5,69,36,13,2,90"/><T0/><D0/><U42/><E118/><V35/><F11/><W26/><G36/><T97/><D18/><U74/><E74/><V56/><F72/><W39/><G39/><T59/><D97/><U45/><E111/><V70/><F61/><W131/><G76/><T82/><D82/><U86/><E113/><V95/><F47/><W16/><G131/><T27/><D27/><U80/><E126/><V4/><F77/><W116/><G116/><T83/><D83/><U17/><E30/><V21/><F70/><W109/><G109/><T79/><D79/><N who="1" m="46111" /><E37/><V133/><F133/><W34/><G51/><N who="1" m="19530" /><E57/><V19/><F19/><W44/><G44/><T127/><D132/><U125/><E125/><V107/><F95/><W123/><G123/><T124/><D119/><U104/><E104/><V22/><F22/><W117/><G117/><T73/><D73/><U122/><E122/><N who="0" m="47209" /><D102/><U25/><E25/><V50/><F50/><W66/><REACH who="3" step="1"/><G90/><REACH who="3" ten="250,250,250,240" step="2"/><T31/><D46/><U99/><E45/><V12/><F115/><W88/><G88/><T43/><D127/><U7/><E42/><V135/><F114/><W130/><G130/><T64/><D43/><U94/><E86/><V75/><F135/><W87/><G87/><T93/><D124/><U96/><E96/><V103/><F75/><W129/><G129/><T6/><D100/><U108/><E108/><V40/><F103/><W128/><G128/><T98/><D98/><U38/><E38/><V105/><F89/><W106/><G106/><T134/><D134/><U81/><E99/><V112/><F112/><W67/><G67/><RYUUKYOKU ba="0,1" sc="250,-10,250,-10,250,-10,240,30" hai3="1,2,5,13,14,16,23,26,28,34,62,66,69" /><INIT seed="1,1,1,0,3,79" ten="240,240,240,270" oya="1" hai0="41,3,44,121,101,19,39,60,53,134,94,70,32" hai1="18,58,67,128,10,99,117,1,63,4,89,52,15" hai2="104,24,30,111,40,22,66,103,49,116,34,74,108" hai3="37,135,21,20,100,97,77,6,29,120,7,78,2"/><U91/><E117/><V123/><F116/><W57/><G37/><T95/><D121/><U115/><E128/><V38/><F123/><W83/><G120/><T36/><D134/><U92/><E115/><V13/><F74/><W84/><G135/><T0/><D36/><U12/><E67/><V65/><F38/><W47/><G47/><T76/><D32/><U113/><E113/><V125/><F125/><W127/><G2/><T124/><D124/><U59/><E59/><V5/><F104/><W69/><G69/><T130/><D130/><U23/><REACH who="1" step="1"/><E1/><REACH who="1" ten="240,230,240,270" step="2"/><V28/><F66/><W87/><G57/><T35/><D3/><U85/><E85/><V118/><F65/><W112/><G112/><T14/><D0/><U9/><E9/><V105/><F118/><W75/><G127/><T68/><D68/><U71/><E71/><V73/><F73/><W8/><G75/><T93/><D70/><U107/><E107/><V56/><F56/><W126/><G8/><T132/><D132/><U16/><E16/><V82/><F105/><W42/><G126/><T27/><D19/><U119/><E119/><V114/><F114/><W54/><G87/><T81/><D44/><U88/><AGARI ba="1,2" hai="4,10,12,15,18,23,52,58,63,88,89,91,92,99" machi="88" ten="20,18000,2" yaku="1,1,0,1,7,1,8,1,54,2,53,0" doraHai="79" doraHaiUra="98" who="1" fromWho="1" sc="240,-61,230,203,240,-61,270,-61" /><INIT seed="1,2,0,2,2,56" ten="179,433,179,209" oya="1" hai0="124,92,47,125,104,99,45,61,106,119,60,27,126" hai1="118,66,101,86,123,80,130,15,3,16,100,14,117" hai2="83,44,109,71,53,40,39,90,65,121,97,103,133" hai3="51,36,63,2,64,67,88,5,8,91,1,32,11"/><U94/><E123/><V73/><F121/><W38/><G51/><T35/><D119/><U17/><E3/><V98/><F109/><W57/><G32/><T85/><D85/><U128/><E66/><V115/><F133/><W70/><G57/><T89/><D27/><U52/><E94/><V75/><F115/><W113/><G113/><T28/><D28/><U4/><E4/><V95/><F53/><W116/><G116/><T93/><D35/><U29/><E29/><V111/><F111/><W10/><G5/><T84/><D106/><U48/><E118/><V79/><F71/><W81/><G81/><T120/><D104/><U19/><E117/><V24/><F24/><W129/><G129/><N who="1" m="49770" /><E101/><V0/><F0/><W134/><G134/><T77/><D77/><N who="1" m="46351" /><E100/><V31/><F31/><W87/><G67/><T78/><D78/><U122/><E122/><V20/><F65/><W23/><G2/><T76/><D76/><U82/><E82/><V22/><REACH who="2" step="1"/><F75/><REACH who="2" ten="179,433,169,209" step="2"/><W26/><G1/><T58/><D120/><U13/><E14/><V74/><F74/><W68/><G68/><T110/><D110/><U132/><E132/><V62/><F62/><N who="0" m="24170" /><D58/><AGARI ba="2,1" hai="13,15,16,17,19,48,52,58" m="46351,49770" machi="58" ten="30,5800,0" yaku="19,1,54,2" doraHai="56" who="1" fromWho="0" sc="179,-64,433,74,169,0,209,0" /><INIT seed="1,3,0,2,0,46" ten="115,507,169,209" oya="1" hai0="85,102,64,83,16,63,87,130,76,112,0,88,100" hai1="28,53,27,121,2,29,55,105,114,41,118,99,38" hai2="95,116,59,36,74,22,20,9,89,106,4,132,23" hai3="113,110,69,42,11,47,48,67,107,66,51,25,119"/><U54/><E121/><V117/><F106/><W129/><G107/><T61/><D130/><U6/><E118/><V84/><F132/><W7/><G113/><T103/><D112/><U45/><E114/><V82/><F36/><W86/><G110/><T133/><D133/><U18/><E2/><V135/><F135/><W62/><G67/><T92/><D0/><U127/><E6/><V60/><F74/><W58/><G129/><T71/><D63/><U78/><E78/><V108/><F108/><W5/><G119/><T32/><D32/><U8/><E127/><V128/><F128/><W104/><G104/><T80/><D92/><U123/><E123/><V10/><F95/><W124/><G124/><T134/><D134/><U1/><E1/><V120/><F120/><W77/><G25/><T90/><D76/><U26/><E8/><V3/><REACH who="2" step="1"/><F10/><REACH who="2" ten="115,507,159,209" step="2"/><W111/><G111/><T57/><D71/><U37/><E37/><V73/><F73/><W56/><G69/><T30/><REACH who="0" step="1"/><D30/><REACH who="0" ten="105,507,159,209" step="2"/><U15/><E28/><V33/><F33/><W65/><G7/><T24/><D24/><U94/><E105/><V17/><F17/><AGARI ba="3,2" hai="16,17,57,61,64,80,83,85,87,88,90,100,102,103" machi="17" ten="40,8000,1" yaku="1,1,9,1,8,1,54,2,53,0" doraHai="46" doraHaiUra="35" who="0" fromWho="2" sc="105,109,507,0,159,-89,209,0" /><INIT seed="2,0,0,5,1,4" ten="214,507,70,209" oya="2" hai0="96,99,83,10,23,87,95,39,72,28,90,13,106" hai1="110,26,121,40,81,102,21,25,74,45,24,53,111" hai2="22,127,104,17,32,75,78,112,108,100,114,77,69" hai3="73,109,38,126,132,115,107,58,60,30,48,44,47"/><V16/><F32/><W1/><G107/><T63/><D39/><U123/><E102/><V120/><F120/><N who="1" m="46153" /><E53/><V94/><F104/><W36/><G30/><T119/><D119/><U135/><E135/><V5/><F69/><W80/><G1/><T64/><D72/><U84/><E74/><V113/><F5/><W68/><G80/><T2/><D2/><U8/><E21/><V93/><F127/><W33/><G33/><T54/><D54/><U118/><E118/><V116/><F116/><W101/><G101/><T19/><D106/><U91/><E8/><V52/><F108/><W14/><G109/><T50/><D50/><AGARI ba="0,0" hai="24,25,26,40,45,50,81,84,91,110,111" m="46153" machi="50" ten="30,1000,0" yaku="13,1" doraHai="4" who="1" fromWho="0" sc="214,-10,507,10,70,0,209,0" /><INIT seed="3,0,0,0,4,12" ten="204,517,70,209" oya="3" hai0="30,94,6,1,4,58,99,55,130,60,29,9,67" hai1="10,49,48,26,18,103,125,96,20,104,68,115,13" hai2="107,52,121,21,122,43,7,56,79,41,134,90,88" hai3="119,14,63,81,112,108,123,109,74,98,116,59,33"/><W87/><G33/><T114/><D6/><U42/><E125/><V89/><F107/><W120/><G14/><T83/><D114/><U38/><E68/><V5/><F79/><W84/><G59/><T95/><D130/><U127/><E127/><V2/><F134/><W45/><G63/><T28/><D83/><U91/><E115/><V35/><F35/><W76/><G45/><T117/><D117/><N who="3" m="45129" /><G98/><T113/><D113/><U85/><E38/><V70/><F70/><W102/><G102/><T37/><D37/><U92/><REACH who="1" step="1"/><E42/><REACH who="1" ten="204,507,70,209" step="2"/><V106/><F43/><W118/><G112/><T129/><D129/><U50/><E50/><N who="2" m="30743" /><F41/><W64/><G118/><T34/><D34/><U51/><E51/><V19/><F121/><N who="3" m="46667" /><G64/><T66/><REACH who="0" step="1"/><D94/><REACH who="0" ten="194,507,70,209" step="2"/><U133/><E133/><V97/><F122/><W100/><G100/><AGARI ba="0,2" hai="1,4,9,28,29,30,55,58,60,66,67,95,99,100" machi="100" ten="40,2600,0" yaku="1,1,2,1,53,0" doraHai="12" doraHaiUra="15" who="0" fromWho="3" sc="194,46,507,0,70,0,209,-26" /><INIT seed="4,0,0,5,2,127" ten="240,507,70,183" oya="0" hai0="134,95,72,120,2,14,110,86,101,45,117,49,90" hai1="129,61,70,93,80,96,111,37,74,84,68,77,123" hai2="57,35,78,79,118,87,104,39,17,108,5,58,109" hai3="59,116,43,112,94,32,1,133,100,19,48,102,126"/><T47/><D117/><U85/><E111/><V135/><F118/><W89/><G32/><T128/><D2/><U66/><E123/><V105/><F35/><W31/><G133/><T113/><D72/><U38/><E68/><V24/><F135/><W46/><G112/><T71/><D71/><U41/><E129/><V4/><F87/><W124/><G31/><T13/><D134/><U65/><E65/><V7/><F7/><W16/><G1/><T3/><D3/><U28/><E28/><V40/><F17/><N who="3" m="6731" /><G59/><T83/><D113/><U54/><E54/><V30/><F40/><W56/><G56/><T52/><D110/><U33/><E33/><V29/><REACH who="2" step="1"/><F39/><REACH who="2" ten="240,507,60,183" step="2"/><W67/><G116/><T11/><D120/><U6/><E6/><V103/><F103/><W15/><G102/><T97/><D128/><U92/><E41/><V22/><F22/><W115/><G100/><T106/><D106/><U44/><E38/><V114/><F114/><W27/><G115/><T20/><D20/><U8/><E37/><V125/><F125/><W50/><G126/><T60/><D11/><U76/><E8/><V63/><F63/><W26/><G124/><T107/><D60/><U88/><E61/><V36/><F36/><W91/><G43/><N who="0" m="24767" /><D107/><U64/><E70/><V23/><F23/><W75/><G50/><AGARI ba="0,1" hai="13,14,47,50,52,83,86,90,95,97,101" m="24767" machi="50" ten="30,2900,0" yaku="8,1,54,1" doraHai="127" who="0" fromWho="3" sc="240,39,507,0,60,0,183,-29" /><INIT seed="4,1,0,2,2,78" ten="279,507,60,154" oya="0" hai0="100,64,41,72,14,119,12,125,68,22,113,95,51" hai1="0,130,132,97,92,38,37,39,103,91,102,47,30" hai2="58,111,25,56,16,112,20,84,62,105,69,19,50" hai3="2,40,109,17,93,121,128,66,85,124,79,75,34"/><T1/><D1/><U70/><E0/><V86/><F111/><W110/><G34/><T101/><D119/><U120/><E120/><V36/><F112/><W126/><G40/><T10/><D113/><U134/><E70/><V107/><F36/><W6/><G17/><T88/><D72/><U23/><E130/><V5/><F69/><W81/><G66/><T77/><D77/><U63/><E63/><V133/><F133/><N who="1" m="51305" /><E47/><V42/><F5/><W9/><G128/><T21/><D68/><U44/><E44/><V45/><F58/><W116/><G116/><T29/><D64/><U13/><E30/><V76/><F19/><AGARI ba="1,0" hai="13,19,23,37,38,39,91,92,97,102,103" m="51305" machi="19" ten="40,1300,0" yaku="20,1" doraHai="78" who="1" fromWho="2" sc="279,0,507,16,60,-16,154,0" /><INIT seed="5,0,0,2,2,117" ten="279,523,44,154" oya="1" hai0="1,126,86,49,51,37,105,50,77,131,99,113,6" hai1="54,38,10,5,40,111,3,93,32,68,11,100,13" hai2="0,133,101,58,28,8,9,18,15,46,14,35,74" hai3="83,109,17,90,97,104,106,47,92,107,16,130,119"/><U70/><E32/><V34/><F74/><W122/><G109/><T65/><D37/><U24/><E24/><V123/><F58/><W61/><G122/><T132/><D113/><U75/><E54/><V64/><F46/><W42/><G130/><T53/><D131/><U39/><E39/><V30/><F101/><W108/><G108/><T87/><D65/><U59/><E59/><V76/><F76/><W20/><G119/><T124/><D132/><U63/><E63/><V85/><F85/><N who="0" m="32266" /><D77/><U21/><E21/><V25/><F64/><W89/><G61/><T84/><N who="0" m="32274" /><T115/><DORA hai="94" /><D115/><U118/><E118/><V95/><F95/><W45/><G83/><T110/><D6/><U62/><E62/><V7/><F133/><W69/><G69/><T73/><D73/><U23/><E111/><V72/><F72/><W135/><G135/><T96/><D1/><U103/><E75/><V129/><F129/><W56/><G56/><N who="0" m="32815" /><D105/><U66/><E3/><V19/><F123/><W125/><G107/><T80/><D80/><U33/><E66/><V60/><F60/><W81/><G106/><T120/><D120/><U88/><E68/><V26/><F0/><W112/><G104/><T121/><D121/><U2/><E2/><V127/><F127/><N who="0" m="48682" /><D110/><U27/><E70/><V114/><F114/><W71/><G125/><T67/><D67/><U116/><E116/><V134/><F134/><W4/><G112/><T78/><D78/><U36/><E36/><V43/><F43/><W128/><G128/><T29/><D29/><N who="1" m="17663" /><E38/><V82/><F82/><W48/><G81/><RYUUKYOKU ba="0,0" sc="279,15,523,-15,44,15,154,-15" hai0="50,51,96,99" hai2="7,8,9,14,15,18,19,25,26,28,30,34,35" /><INIT seed="6,1,0,1,3,51" ten="294,508,59,139" oya="2" hai0="102,73,83,112,64,24,97,58,35,79,104,95,7" hai1="74,123,15,96,60,86,14,70,42,110,18,87,49" hai2="16,39,113,105,129,132,22,114,89,9,72,53,4" hai3="11,92,10,133,120,125,38,118,52,100,27,1,36"/><V17/><F105/><W103/><G118/><T128/><D112/><N who="2" m="43114" /><F39/><W61/><G120/><T75/><D128/><U126/><E74/><V109/><F72/><W119/><G133/><T135/><D73/><U3/><E96/><V47/><F132/><W116/><G27/><T101/><D135/><U50/><E87/><V44/><F129/><W63/><G92/><T26/><D7/><U45/><E86/><V131/><F131/><W19/><G19/><N who="2" m="7241" /><F22/><W94/><G94/><T40/><D40/><U2/><E42/><V32/><F32/><W111/><G38/><T23/><D35/><U71/><E18/><V5/><F109/><W6/><G111/><T43/><D43/><U130/><E130/><V12/><F89/><W80/><G36/><T134/><D134/><U59/><E110/><V46/><F4/><W48/><G119/><T54/><D101/><U34/><E34/><V29/><F29/><W56/><G103/><T81/><D23/><U82/><E71/><V121/><F121/><W76/><G100/><T78/><D104/><U69/><E123/><V99/><F99/><W62/><G116/><T25/><D25/><U91/><E70/><V122/><F122/><W66/><G11/><T57/><D102/><U124/><E69/><V68/><F68/><W20/><G20/><T8/><D8/><U37/><E37/><V41/><F41/><W67/><G125/><T28/><D28/><U88/><E126/><V21/><F21/><W106/><G106/><T77/><D97/><U90/><E124/><V13/><F13/><W108/><G108/><T55/><D75/><AGARI ba="1,0" hai="1,6,10,48,52,56,61,62,63,66,67,75,76,80" machi="75" ten="40,5200,0" yaku="6,1,52,1,54,1" doraHai="51" who="3" fromWho="0" sc="294,-55,508,0,59,0,139,55" /><INIT seed="7,0,0,5,3,39" ten="239,508,59,194" oya="3" hai0="65,94,121,38,43,62,129,17,86,0,71,130,54" hai1="93,57,125,110,28,41,106,67,133,115,11,36,109" hai2="127,64,82,29,5,59,80,112,87,111,91,51,16" hai3="89,35,52,117,8,124,102,19,108,134,83,58,132"/><W95/><G117/><T27/><D121/><U126/><E106/><V74/><F111/><W44/><G35/><T79/><D0/><U105/><E105/><V37/><F37/><W18/><G124/><N who="1" m="47722" /><E115/><V7/><F112/><W60/><G108/><T97/><D54/><U123/><E123/><V100/><F29/><W4/><G83/><N who="0" m="47487" /><D17/><U22/><E93/><V42/><F127/><W31/><G102/><T99/><D27/><N who="1" m="16503" /><E133/><N who="3" m="51306" /><G31/><T92/><D92/><U1/><E36/><V104/><F64/><W34/><G34/><T75/><D75/><U96/><E96/><V24/><F100/><W46/><G19/><T55/><D55/><U3/><E41/><V13/><F104/><W21/><G21/><T30/><D30/><U85/><E11/><V81/><F24/><W119/><G119/><T107/><D107/><U56/><E110/><V9/><F59/><W120/><G18/><T50/><D38/><U45/><E109/><V6/><REACH who="2" step="1"/><F74/><REACH who="2" ten="239,508,49,194" step="2"/><W84/><G120/><T69/><D65/><U101/><E67/><V116/><F116/><W131/><G131/><T128/><D130/><U103/><E103/><V32/><F32/><W98/><G98/><T78/><D99/><U76/><E101/><V26/><F26/><W40/><G84/><T114/><D97/><U70/><E85/><V68/><F68/><W66/><G66/><T72/><D69/><U12/><E70/><V25/><F25/><W63/><G58/><T15/><D128/><U77/><E57/><V33/><F33/><W122/><G122/><T90/><D129/><U113/><E56/><V20/><F20/><RYUUKYOKU ba="0,1" sc="239,-10,508,-10,49,30,194,-10" hai2="5,6,7,9,13,16,42,51,80,81,82,87,91" owari="229,3.0,508,61.0,79,-42.0,184,-22.0" /></mjloggm>