<mjloggm ver="2.3"><GO type="41" lobby="0"/><UN n0="%62%2D%73%69%64%65" n1="%53%45%41%47%41%4C" n2="%E7%B5%90%E3%82%86%E3%81%84" n3="%E2%93%9D%53%75%70%68%78" dan="13,14,14,18" rate="1863.34,1940.01,1978.21,2080.68" sx="M,M,M,M"/><TAIKYOKU oya="0"/><INIT seed="0,0,0,0,0,12" ten="250,250,250,250" oya="0" hai0="70,120,6,85,75,108,111,128,4,100,96,16,18" hai1="106,71,22,29,28,54,115,82,113,55,123,99,93" hai2="130,117,69,61,125,62,21,23,124,17,10,98,59" hai3="36,25,27,72,20,50,110,89,101,84,37,126,129"/><T9/><D75/><U26/><E71/><V91/><F69/><W122/><G72/><T31/><D70/><U83/><E106/><V116/><F130/><W68/><G110/><N who="0" m="42027" /><D128/><U60/><E123/><V87/><F98/><W86/><G126/><N who="2" m="48745" /><F10/><W103/><G68/><T15/><D120/><U94/><E29/><V64/><F62/><W78/><G122/><T81/><D31/><U63/><E93/><N who="2" m="54527" /><F23/><W38/><G20/><T112/><D6/><U132/><E132/><V47/><F47/><W33/><G129/><T102/><D112/><N who="1" m="43083" /><E63/><V2/><F2/><W107/><G107/><N who="0" m="63879" /><D102/><N who="1" m="60791" /><E60/><V95/><F95/><W90/><G103/><T65/><D65/><U8/><E8/><V34/><F34/><W105/><G101/><T46/><D46/><U1/><E1/><V3/><F3/><W52/><G33/><T39/><D39/><U53/><AGARI ba="0,0" hai="22,26,28,53,54,55,82,83" m="60791,43083" machi="53" ten="30,1100,0" yaku="11,1" doraHai="12" who="1" fromWho="1" sc="250,-5,250,11,250,-3,250,-3" /><INIT seed="1,0,0,1,5,68" ten="245,261,247,247" oya="1" hai0="23,72,118,102,77,65,0,62,76,25,4,21,106" hai1="24,122,113,55,79,6,38,116,18,126,66,8,99" hai2="92,124,125,10,67,90,32,34,88,61,53,11,115" hai3="111,3,121,103,31,75,130,12,114,5,119,108,107"/><U132/><E122/><V127/><F53/><W83/><G121/><T131/><D118/><U37/><E113/><V63/><F115/><W17/><G114/><T42/><D131/><U89/><E116/><V110/><F110/><W71/><G71/><T74/><D23/><U14/><E79/><V58/><F63/><W26/><G103/><T80/><D76/><U73/><E73/><V87/><REACH who="2" step="1"/><F90/><REACH who="2" ten="245,261,237,247" step="2"/><W93/><G111/><T85/><D102/><U52/><E66/><V101/><F101/><W49/><G108/><T27/><D106/><U69/><E89/><V43/><F43/><W133/><G107/><T123/><D42/><U105/><E105/><V96/><F96/><W54/><G54/><T56/><D123/><U120/><E99/><V134/><F134/><W44/><G133/><T104/><D104/><U82/><E120/><V46/><F46/><W109/><G44/><T70/><D70/><U100/><E69/><V129/><F129/><W39/><G130/><T47/><D47/><U33/><E100/><V97/><F97/><W112/><G109/><T81/><D62/><U9/><E132/><V64/><F64/><W45/><G112/><T84/><D65/><U20/><E55/><V19/><F19/><W95/><G119/><T59/><D77/><U86/><E52/><V28/><F28/><W48/><G45/><T35/><D59/><U41/><E41/><V15/><F15/><W1/><G12/><T13/><D56/><U40/><E40/><V36/><F36/><W117/><G117/><T78/><D13/><U128/><E14/><V2/><F2/><RYUUKYOKU ba="0,1" sc="245,-10,261,-10,237,30,247,-10" hai2="10,11,32,34,58,61,67,87,88,92,124,125,127" /><INIT seed="2,1,1,1,2,116" ten="235,251,267,237" oya="2" hai0="33,13,121,3,115,135,35,59,39,74,52,107,127" hai1="46,62,89,24,91,41,9,133,8,72,110,34,47" hai2="124,92,132,97,36,12,126,29,51,53,1,113,117" hai3="32,111,48,80,57,108,64,27,2,103,100,6,84"/><V118/><F1/><W129/><G129/><T96/><RYUUKYOKU type="yao9" ba="1,1" sc="235,0,251,0,267,0,237,0" hai0="3,13,33,35,39,52,59,74,96,107,115,121,127,135" /><INIT seed="2,2,1,3,4,79" ten="235,251,267,237" oya="2" hai0="99,121,133,75,34,130,80,3,107,78,88,17,53" hai1="86,116,82,52,47,83,68,21,40,35,106,125,113" hai2="41,54,104,42,70,30,117,112,25,2,66,36,97" hai3="72,109,95,6,76,103,69,120,27,24,122,12,63"/><V14/><F2/><W57/><G69/><T1/><D121/><U19/><E35/><N who="2" m="20943" /><F112/><W101/><G109/><T15/><D34/><U44/><E68/><V110/><F117/><W31/><G72/><T20/><D130/><U28/><E106/><V48/><F110/><W13/><G76/><T89/><D133/><U87/><E28/><V4/><F36/><W85/><G6/><T5/><D5/><U102/><E102/><N who="2" m="62543" /><F14/><W61/><G31/><T81/><D53/><U49/><E125/><V67/><F4/><W60/><G122/><T29/><D29/><U7/><E7/><V65/><F67/><W108/><G108/><T124/><D89/><N who="1" m="51415" /><E113/><V96/><F96/><W50/><G120/><T74/><D124/><U18/><E40/><V132/><F66/><W8/><G103/><T23/><D75/><U51/><E21/><V33/><F33/><W100/><G100/><T92/><D23/><U119/><E116/><V71/><F70/><W134/><G101/><T115/><D115/><U55/><E119/><V129/><F132/><W39/><G134/><T59/><D107/><U58/><E58/><N who="2" m="33095" /><F129/><W127/><G127/><T111/><D111/><U43/><E43/><V123/><F123/><W73/><G57/><T56/><D56/><U105/><E105/><V37/><F37/><W98/><G39/><T16/><D59/><U45/><E45/><V128/><F128/><W0/><G63/><AGARI ba="2,1" hai="41,42,63,65,71" m="33095,62543,20943" machi="63" ten="30,1500,0" yaku="25,1" doraHai="79" who="2" fromWho="3" sc="235,0,251,0,267,31,237,-21" /><INIT seed="2,3,0,0,0,19" ten="235,251,298,216" oya="2" hai0="97,89,122,28,39,116,24,26,80,34,66,85,134" hai1="37,115,51,76,56,119,72,49,109,23,33,35,87" hai2="135,126,2,114,40,57,38,59,103,60,36,52,58" hai3="117,105,29,133,123,54,5,118,73,90,4,62,79"/><V16/><F2/><W100/><G123/><T129/><D122/><U17/><E119/><V75/><F75/><W110/><G110/><T48/><D129/><U69/><E37/><V43/><F103/><W95/><G133/><T132/><D39/><N who="2" m="14890" /><F16/><W0/><G29/><T31/><D66/><U98/><E72/><V64/><F114/><W71/><G100/><T45/><D116/><U92/><E109/><V112/><F112/><W25/><G5/><T125/><D125/><U74/><E74/><V82/><F82/><W22/><G4/><T106/><D97/><U124/><E124/><V70/><F126/><W10/><G105/><T3/><D3/><U107/><E107/><V42/><F135/><W21/><G0/><T32/><REACH who="0" step="1"/><D106/><REACH who="0" ten="225,251,298,216" step="2"/><U63/><E115/><V18/><F18/><W47/><G118/><T7/><D7/><U111/><E111/><V88/><F88/><W44/><G90/><T8/><D8/><U11/><E11/><V53/><AGARI ba="3,1" hai="40,42,43,52,53,57,58,59,60,64,70" m="14890" machi="53" ten="40,18000,2" yaku="35,5,54,1" doraHai="19" who="2" fromWho="2" sc="225,-63,251,-63,298,199,216,-63" /><INIT seed="2,4,0,4,2,28" ten="162,188,497,153" oya="2" hai0="90,33,68,47,10,106,65,127,48,86,93,35,8" hai1="52,85,66,43,44,21,34,70,81,45,22,26,92" hai2="50,17,54,74,38,97,30,7,107,14,128,49,4" hai3="15,62,99,84,20,79,3,75,118,40,2,135,112"/><V78/><F38/><W119/><G75/><T122/><D106/><U130/><E130/><V82/><F128/><W41/><G99/><T101/><D122/><U98/><E70/><V108/><F30/><W64/><G112/><T115/><D115/><U103/><E66/><V132/><F132/><W60/><G84/><T87/><D101/><U18/><E34/><V16/><F50/><W94/><G15/><T37/><D37/><U23/><E44/><V71/><F71/><W123/><G94/><T46/><D127/><U32/><E32/><V63/><F63/><W55/><G20/><T102/><D102/><U126/><E126/><V80/><F80/><W5/><G5/><T88/><D68/><U61/><E43/><V39/><F39/><W129/><G129/><T13/><D65/><U105/><E105/><V11/><F17/><W73/><G64/><T24/><D24/><U134/><E134/><V31/><F31/><W76/><G73/><T83/><D47/><U58/><REACH who="1" step="1"/><E45/><REACH who="1" ten="162,178,497,153" step="2"/><V111/><F107/><W0/><G135/><T36/><D36/><U67/><E67/><V72/><F111/><W113/><G113/><T133/><D133/><U125/><E125/><V1/><F108/><W109/><G109/><T53/><REACH who="0" step="1"/><D10/><REACH who="0" ten="152,178,497,153" step="2"/><U56/><E56/><V121/><F11/><W100/><G123/><T57/><D57/><U19/><E19/><AGARI ba="4,2" hai="8,13,19,33,35,46,48,53,83,86,87,88,90,93" machi="19" ten="30,16000,3" yaku="1,1,7,1,25,2,52,2,54,1,53,2" doraHai="28" doraHaiUra="29" who="0" fromWho="1" sc="152,192,178,-172,497,0,153,0" /><INIT seed="3,0,0,0,0,82" ten="344,6,497,153" oya="3" hai0="81,100,7,123,124,53,98,3,54,62,11,49,125" hai1="75,78,5,28,104,79,70,45,85,120,95,42,41" hai2="90,20,133,16,84,39,91,105,43,67,122,69,19" hai3="57,117,130,109,132,52,116,99,32,96,34,31,64"/><W22/><G64/><T89/><D123/><U10/><E42/><V40/><F105/><W24/><G130/><T38/><D38/><U27/><E85/><V88/><F39/><W126/><G132/><T114/><D114/><U118/><E79/><V35/><F35/><W110/><G126/><N who="0" m="48747" /><D62/><U14/><E95/><V6/><F6/><W15/><G15/><T1/><D1/><N who="1" m="303" /><E118/><V9/><F67/><W13/><G13/><T135/><D135/><U26/><E26/><V121/><F69/><W47/><G47/><T48/><D48/><U59/><E14/><N who="2" m="7247" /><F133/><W37/><G37/><T18/><D18/><U65/><E59/><V111/><F111/><N who="3" m="42507" /><G117/><T25/><D25/><U56/><E56/><V119/><F119/><W12/><G116/><T55/><D89/><U93/><E120/><N who="2" m="46187" /><F84/><W74/><G12/><AGARI ba="0,0" hai="12,19,20,40,43,88,90,91" m="46187,7247" machi="12" ten="30,3900,0" yaku="13,1,54,2" doraHai="82" who="2" fromWho="3" sc="344,0,6,0,497,39,153,-39" /><INIT seed="4,0,0,0,3,91" ten="344,6,536,114" oya="0" hai0="30,61,0,125,126,29,53,133,17,102,21,1,52" hai1="108,12,78,92,103,97,114,84,46,109,122,98,10" hai2="83,135,62,117,120,47,28,79,66,134,31,35,54" hai3="104,67,37,121,40,82,86,105,81,44,85,22,130"/><T41/><D41/><U49/><E122/><V74/><F120/><W107/><G121/><T39/><D39/><U127/><E127/><N who="0" m="48649" /><D133/><N who="2" m="50698" /><F117/><W89/><G67/><T56/><D102/><U20/><E20/><V60/><F35/><W63/><G63/><T112/><D112/><U64/><E64/><V58/><F47/><W113/><G130/><T14/><D53/><U26/><E26/><V19/><F19/><W13/><G113/><T80/><D80/><U116/><E116/><V131/><F131/><W45/><G45/><T3/><AGARI ba="0,0" hai="0,1,3,14,17,21,29,30,52,56,61" m="48649" machi="3" ten="40,3900,0" yaku="18,1,54,1" doraHai="91" who="0" fromWho="0" sc="344,39,6,-13,536,-13,114,-13" owari="383,18.0,-7,-51.0,523,63.0,101,-30.0" /></mjloggm>