<mjloggm ver="2.3"><GO type="41" lobby="0"/><UN n0="%E2%93%9D%53%75%70%68%78" n1="%E6%AD%A6%E4%BA%BA" n2="%6D%6F%63%68%69%40%6B" n3="%E5%81%A5%E5%9D%8A%EF%BC%91%EF%BC%92%EF%BC%93" dan="18,14,14,14" rate="2112.41,1932.40,1903.10,1858.87" sx="M,M,M,M"/><TAIKYOKU oya="0"/><INIT seed="0,0,0,1,2,60" ten="250,250,250,250" oya="0" hai0="21,105,19,63,67,126,109,95,90,71,81,83,28" hai1="72,43,59,108,113,91,47,79,117,115,125,68,122" hai2="31,107,54,23,42,130,1,114,16,104,41,51,40" hai3="98,106,82,55,49,73,56,80,2,58,119,77,30"/><T93/><D105/><U22/><E122/><V5/><F114/><N who="1" m="43529" /><E117/><V97/><F130/><W78/><G2/><T39/><D39/><U35/><E35/><V52/><F31/><W65/><G119/><T112/><D112/><U127/><E72/><V17/><F17/><W24/><G106/><T121/><D126/><N who="1" m="48139" /><E79/><V46/><F97/><W27/><G98/><T92/><D121/><U103/><E103/><V100/><F100/><W66/><G58/><T129/><D129/><U131/><E22/><V96/><F96/><W64/><REACH who="3" step="1"/><G30/><REACH who="3" ten="250,250,250,240" step="2"/><T6/><D28/><U84/><E59/><V15/><REACH who="2" step="1"/><F54/><REACH who="2" ten="250,250,240,240" step="2"/><W86/><AGARI ba="0,2" hai="24,27,49,55,56,64,65,66,73,77,78,80,82,86" machi="86" ten="30,12000,2" yaku="1,1,2,1,0,1,52,3,53,0" doraHai="60" doraHaiUra="102" who="3" fromWho="3" sc="250,-60,250,-30,240,-30,240,140" /><INIT seed="1,0,0,3,4,59" ten="190,220,210,380" oya="1" hai0="6,134,1,51,27,121,32,102,68,62,118,41,72" hai1="30,111,106,37,39,110,71,94,116,126,122,18,33" hai2="87,25,64,82,63,60,114,31,98,34,133,5,54" hai3="28,22,124,16,73,88,70,99,43,20,36,65,40"/><U50/><E122/><V127/><F133/><W131/><G73/><T74/><D118/><U86/><E116/><V45/><F127/><W19/><G124/><T128/><D51/><U95/><E126/><V91/><F114/><W79/><G79/><T125/><D41/><U66/><E106/><V3/><F45/><W15/><G28/><T97/><D128/><U7/><E7/><V29/><F29/><W103/><G36/><T96/><D96/><U100/><E50/><V55/><F98/><W12/><G131/><T52/><D134/><U58/><E71/><V104/><F104/><W46/><G46/><T8/><D121/><U10/><E100/><V49/><F64/><W83/><G103/><T93/><D125/><U84/><E30/><V9/><REACH who="2" step="1"/><F49/><REACH who="2" ten="190,220,200,380" step="2"/><W92/><G83/><T132/><D132/><U78/><E39/><V119/><F119/><W89/><G65/><T67/><D52/><AGARI ba="0,1" hai="3,5,9,25,31,34,52,54,55,60,63,82,87,91" machi="52" ten="40,8000,1" yaku="1,1,52,2,54,1,53,0" doraHai="59" doraHaiUra="13" who="2" fromWho="0" sc="190,-80,220,0,200,90,380,0" /><INIT seed="2,0,0,4,3,31" ten="110,220,290,380" oya="2" hai0="43,15,124,85,70,35,2,44,131,117,129,26,8" hai1="113,109,128,54,4,125,6,72,75,30,102,73,9" hai2="40,94,29,127,16,135,18,57,10,5,64,133,56" hai3="45,105,83,37,28,80,21,106,91,110,84,22,53"/><V65/><F40/><W99/><G110/><T111/><D70/><U58/><E109/><V23/><F127/><W130/><G130/><N who="0" m="49675" /><D85/><U52/><E128/><V27/><F94/><W98/><G37/><T63/><D63/><U59/><E113/><V11/><F57/><W20/><G28/><N who="0" m="19863" /><D44/><U104/><E30/><V97/><F97/><W46/><G20/><T19/><D43/><U92/><E125/><V12/><F56/><N who="1" m="21545" /><E9/><V38/><F38/><W68/><G68/><T96/><D96/><U67/><E92/><V119/><F119/><W90/><G84/><T103/><D103/><U71/><E71/><V122/><F122/><W24/><G53/><N who="1" m="20586" /><E102/><V33/><F64/><W89/><G90/><T14/><D111/><U13/><E67/><V82/><F65/><W39/><G39/><T112/><D124/><U55/><N who="1" m="20594" /><U51/><DORA hai="32" /><E51/><V88/><F82/><W79/><G79/><T87/><D112/><U132/><E104/><V3/><F88/><W50/><G50/><T47/><D117/><U25/><E25/><AGARI ba="0,0" hai="3,5,10,11,12,16,18,23,25,27,29,33,133,135" machi="25" ten="40,18000,2" yaku="34,3,52,2,54,1" doraHai="31,32" who="2" fromWho="1" sc="110,0,220,-180,290,180,380,0" /><AGARI ba="0,0" hai="21,22,24,25,45,46,80,83,89,91,98,99,105,106" machi="25" ten="25,1600,0" yaku="22,2" doraHai="31,32" who="3" fromWho="1" sc="110,0,40,-16,470,0,380,16" /><INIT seed="2,1,0,1,0,56" ten="110,24,470,396" oya="2" hai0="42,47,17,55,104,29,109,16,92,114,38,105,83" hai1="54,13,98,100,28,3,116,58,9,80,19,112,71" hai2="35,62,133,31,96,91,24,117,90,88,59,124,89" hai3="94,4,12,113,132,37,64,102,32,108,10,15,129"/><V73/><F117/><W11/><G37/><T33/><D114/><U119/><E112/><V74/><F133/><W130/><G64/><T85/><D109/><U122/><E122/><V18/><F124/><W46/><G46/><T81/><D92/><U48/><E71/><V44/><F44/><W66/><G113/><T34/><D55/><U70/><E70/><V69/><F69/><W30/><G66/><T75/><D75/><U78/><E28/><V1/><F1/><W67/><G67/><T128/><D128/><N who="3" m="49257" /><G94/><T53/><D53/><U120/><E3/><V6/><F6/><N who="3" m="3159" /><G102/><T40/><D47/><U77/><E120/><V111/><F111/><W5/><G108/><T123/><D123/><U36/><E36/><V79/><F96/><W26/><G132/><T103/><D38/><U101/><E101/><V115/><F115/><W8/><G8/><T131/><D131/><U87/><REACH who="1" step="1"/><E78/><REACH who="1" ten="110,14,470,396" step="2"/><V14/><F79/><W126/><G126/><T135/><D103/><U52/><E52/><V86/><F91/><W23/><G4/><T21/><D135/><U121/><E121/><V107/><F90/><W61/><G32/><T25/><D34/><U0/><E0/><V27/><F89/><W7/><G7/><T51/><D33/><U95/><AGARI ba="1,1" hai="9,13,19,48,54,58,77,80,87,95,98,100,116,119" machi="95" ten="20,2700,0" yaku="1,1,0,1,7,1,53,0" doraHai="56" doraHaiUra="125" who="1" fromWho="1" sc="110,-8,14,40,470,-14,396,-8" /><INIT seed="3,0,0,0,4,118" ten="102,54,456,388" oya="3" hai0="112,85,110,26,77,29,73,117,40,97,0,101,70" hai1="60,28,104,32,18,56,68,45,127,124,54,108,62" hai2="21,119,134,47,19,95,122,39,11,58,33,128,121" hai3="66,133,35,129,61,96,88,10,5,36,20,109,106"/><W27/><G36/><T1/><D85/><U67/><E104/><V24/><F119/><W98/><G133/><T41/><D117/><U86/><E32/><V78/><F134/><W115/><G115/><T12/><D12/><U9/><E28/><V74/><F33/><W17/><G129/><T114/><D110/><U72/><E72/><V50/><F128/><W30/><G109/><T84/><D84/><U71/><E108/><V43/><F11/><W135/><G135/><T131/><D70/><N who="1" m="42359" /><E86/><V113/><F95/><W123/><G123/><N who="2" m="47113" /><F113/><W46/><G46/><T31/><D131/><U63/><E18/><V44/><F58/><W93/><G106/><T52/><D114/><U2/><E9/><V22/><F22/><W59/><G35/><T4/><D112/><U130/><E2/><V6/><F6/><W89/><G30/><T76/><D31/><U57/><E45/><V125/><F125/><N who="1" m="48201" /><E130/><V126/><F126/><W83/><G83/><T80/><D1/><U92/><E92/><V25/><F25/><W7/><G10/><T103/><D26/><U120/><E120/><V75/><F78/><W107/><REACH who="3" step="1"/><G89/><REACH who="3" ten="102,54,456,378" step="2"/><T55/><D77/><U38/><E38/><V53/><AGARI ba="0,1" hai="19,21,24,39,43,44,47,50,53,74,75" m="47113" machi="53" ten="30,7900,0" yaku="13,1,52,3" doraHai="118" who="2" fromWho="2" sc="102,-20,54,-20,456,89,378,-39" /><INIT seed="4,0,0,1,1,118" ten="82,34,545,339" oya="0" hai0="51,44,83,97,6,59,58,68,20,14,11,24,4" hai1="1,119,47,5,28,56,76,134,60,106,61,66,37" hai2="50,63,78,30,84,131,67,104,98,52,86,64,69" hai3="128,40,53,110,74,38,57,33,27,13,39,62,111"/><T16/><D68/><U135/><E119/><V46/><F131/><W32/><G74/><T107/><D6/><U121/><E106/><V123/><F123/><W133/><G133/><N who="1" m="50698" /><E76/><V65/><F30/><W109/><G13/><T12/><D83/><U7/><E28/><V130/><F130/><W122/><G128/><T125/><D125/><U77/><E77/><V3/><F3/><W95/><G27/><T103/><REACH who="0" step="1"/><D24/><REACH who="0" ten="72,34,545,339" step="2"/><U91/><E7/><V9/><F69/><W17/><G111/><T94/><D94/><U112/><E5/><V115/><F104/><W45/><G95/><T0/><D0/><U2/><E1/><V85/><F78/><W36/><G110/><T43/><AGARI ba="0,1" hai="4,11,12,14,16,20,43,44,51,58,59,97,103,107" machi="43" ten="20,7800,0" yaku="1,1,0,1,7,1,54,1,53,0" doraHai="118" doraHaiUra="73" who="0" fromWho="0" sc="72,88,34,-26,545,-26,339,-26" /><INIT seed="4,1,0,0,5,133" ten="160,8,519,313" oya="0" hai0="46,73,18,42,51,23,116,62,11,1,129,120,24" hai1="15,104,118,21,44,97,110,79,29,93,117,72,74" hai2="35,17,5,19,58,70,54,52,63,132,83,67,88" hai3="13,38,53,27,112,82,69,99,25,30,85,47,81"/><T119/><D120/><U98/><E44/><V41/><F35/><W75/><G69/><T121/><D121/><U122/><E29/><V80/><F132/><W22/><G13/><T134/><D134/><U33/><E15/><V34/><F34/><W39/><G112/><T113/><D73/><N who="1" m="28267" /><E21/><V10/><F41/><W48/><G99/><T103/><D129/><U123/><E33/><V89/><F70/><W71/><G71/><T8/><D113/><U106/><E79/><V86/><F5/><W43/><G75/><T14/><D1/><U45/><E45/><V37/><F37/><W101/><G101/><T128/><D128/><U6/><E6/><V40/><F40/><W50/><G81/><T94/><D11/><U36/><E36/><V131/><F131/><W124/><G25/><T111/><D111/><U9/><E9/><V95/><F80/><W59/><G124/><T55/><D42/><U61/><E61/><V127/><F127/><W130/><REACH who="3" step="1"/><G130/><REACH who="3" ten="160,8,519,303" step="2"/><T100/><D14/><U64/><E110/><V65/><F10/><W126/><G126/><T28/><D8/><U96/><E64/><V2/><F67/><W109/><G109/><T114/><D114/><U135/><E135/><V87/><F2/><W16/><G16/><AGARI ba="1,1" hai="16,17,19,52,54,58,63,65,83,86,87,88,89,95" machi="16" ten="40,8000,1" yaku="8,1,54,3" doraHai="133" who="2" fromWho="3" sc="160,0,8,0,519,93,303,-83" /><INIT seed="5,0,0,2,2,13" ten="160,8,612,220" oya="1" hai0="87,20,11,80,46,110,38,8,72,59,71,39,101" hai1="116,57,64,76,18,30,104,55,6,47,32,73,77" hai2="86,43,102,132,7,67,22,36,118,121,99,40,70" hai3="65,9,83,123,10,61,12,56,103,92,128,41,68"/><U88/><E104/><V96/><F118/><W66/><G123/><T89/><D71/><U33/><E73/><V58/><F121/><W130/><G41/><T15/><D110/><U97/><E116/><V63/><F132/><W79/><G9/><T135/><D72/><U2/><E2/><V95/><F7/><W0/><G0/><T114/><D114/><U23/><E32/><V16/><F36/><W120/><G120/><T81/><D101/><U85/><E33/><V98/><F70/><W75/><G68/><T34/><D34/><U5/><E30/><V42/><F86/><W51/><G51/><T25/><D11/><U26/><E64/><V62/><F63/><W74/><G74/><T91/><D135/><U108/><E47/><V45/><F45/><W21/><G66/><T1/><D1/><U53/><E97/><V131/><F131/><W49/><G49/><T35/><D35/><U60/><E55/><V17/><F17/><W27/><G10/><T48/><D39/><U14/><E108/><V125/><F125/><W106/><G12/><AGARI ba="0,0" hai="12,16,22,40,42,43,58,62,67,95,96,98,99,102" machi="12" ten="40,5200,0" yaku="8,1,52,1,54,1" doraHai="13" who="2" fromWho="3" sc="160,0,8,0,612,52,220,-52" /><INIT seed="6,0,0,1,5,111" ten="160,8,664,168" oya="2" hai0="82,80,49,70,18,13,76,119,26,9,37,98,104" hai1="11,21,52,58,84,85,135,86,74,15,101,24,20" hai2="78,14,123,93,69,102,57,107,55,116,22,12,130" hai3="117,27,95,45,30,40,131,68,90,25,41,16,47"/><V48/><F116/><W94/><G68/><T17/><D37/><U7/><E74/><V109/><F123/><W0/><G0/><T72/><D70/><U92/><E135/><V105/><F69/><W134/><G117/><T125/><D125/><U114/><E114/><V121/><F78/><W113/><G134/><T126/><D126/><U64/><E64/><V79/><F79/><W46/><G131/><T35/><D82/><U1/><E1/><V29/><F93/><W99/><G113/><T51/><D119/><U108/><E108/><V33/><F22/><N who="1" m="8809" /><E24/><V87/><F87/><N who="1" m="22273" /><U120/><DORA hai="2" /><E120/><V5/><F102/><W97/><G30/><T132/><D132/><U91/><E101/><V129/><F29/><W39/><G47/><T62/><D26/><U10/><E10/><V66/><F14/><W124/><G124/><T19/><D13/><U96/><E58/><N who="2" m="33127" /><F33/><W112/><G112/><T56/><D35/><U4/><E52/><V34/><F34/><W36/><G16/><AGARI ba="0,0" hai="4,7,11,15,16,91,92,96" m="22273,8809" machi="16" ten="30,7700,0" yaku="8,1,52,2,54,1" doraHai="111,2" who="1" fromWho="3" sc="160,0,8,77,664,0,168,-77" /><INIT seed="7,0,0,3,5,112" ten="160,85,664,91" oya="3" hai0="63,123,33,118,85,122,36,95,73,97,121,37,0" hai1="6,103,51,104,9,38,115,133,58,107,69,56,98" hai2="39,28,100,48,74,18,106,89,2,57,67,96,65" hai3="130,47,30,20,127,81,29,105,43,44,99,24,41"/><W86/><G127/><T94/><D0/><U7/><E115/><V124/><F39/><W54/><G130/><T117/><D63/><U5/><E133/><V12/><F2/><W16/><G54/><T8/><D8/><U22/><E69/><V109/><F124/><W26/><G105/><T62/><D62/><U83/><E38/><V70/><F74/><W46/><G99/><T91/><D33/><U40/><E107/><V77/><F77/><W34/><REACH who="3" step="1"/><G16/><REACH who="3" ten="160,85,664,81" step="2"/><T111/><D97/><U87/><E9/><V92/><F106/><W125/><G125/><T84/><D123/><U116/><E116/><V120/><F120/><W113/><G113/><T15/><D122/><U53/><E22/><V78/><F28/><W59/><G59/><T19/><D19/><U64/><E40/><V60/><F70/><W50/><G50/><T119/><D37/><U10/><E10/><V35/><F48/><W71/><G71/><T68/><D36/><U134/><E134/><V49/><F49/><W3/><G3/><T23/><D121/><U66/><REACH who="1" step="1"/><E58/><REACH who="1" ten="160,75,664,81" step="2"/><V131/><F131/><W102/><G102/><T75/><D68/><U129/><E129/><V4/><F100/><W128/><G128/><T93/><D119/><U88/><AGARI ba="0,2" hai="5,6,7,51,53,56,64,66,83,87,88,98,103,104" machi="88" ten="30,4000,0" yaku="1,1,0,1,54,1,53,0" doraHai="112" doraHaiUra="25" who="1" fromWho="1" sc="160,-10,75,60,664,-10,81,-20" owari="150,-5.0,135,-26.0,654,75.0,61,-44.0" /></mjloggm>