<mjloggm ver="2.3"><GO type="41" lobby="0"/><UN n0="%E5%A4%A7%E9%98%AA%E3%81%BE%E3%82%81%E3%82%93%33" n1="%E3%82%B7%E3%83%A2%E3%83%98%E3%82%A4%E3%83%98" n2="%6B%69%79%6F%74%61%6B%61" n3="%E2%93%9D%53%75%70%68%78" dan="14,15,14,18" rate="1955.38,1995.09,1817.69,2082.54" sx="M,M,M,M"/><TAIKYOKU oya="0"/><INIT seed="0,0,0,1,1,35" ten="250,250,250,250" oya="0" hai0="50,4,121,96,95,36,107,134,58,133,119,32,2" hai1="6,8,81,17,100,66,71,44,109,103,30,64,27" hai2="104,48,25,26,130,0,77,98,15,74,124,59,89" hai3="63,46,73,28,16,132,85,65,93,19,75,86,42"/><T61/><D36/><U20/><E109/><V38/><F38/><W52/><G28/><T91/><D121/><U110/><E110/><V126/><F74/><W102/><G132/><N who="0" m="50795" /><D32/><U87/><E71/><V11/><F77/><W14/><G75/><T88/><D119/><U116/><E116/><V21/><F130/><W54/><G19/><T127/><D50/><U67/><E44/><V57/><F48/><W84/><G73/><T13/><D13/><U129/><E129/><V78/><F78/><W115/><G115/><T49/><D49/><U7/><E17/><V80/><F26/><W112/><G42/><T31/><D31/><U113/><E113/><V18/><F104/><W9/><G46/><T56/><D107/><U76/><REACH who="1" step="1"/><E6/><REACH who="1" ten="250,240,250,250" step="2"/><V101/><F59/><N who="0" m="22570" /><D61/><U41/><E41/><V99/><F57/><N who="3" m="37103" /><G112/><T39/><D39/><U24/><E24/><V40/><F40/><W45/><G45/><T83/><D127/><U117/><E117/><V12/><F124/><W34/><G34/><T69/><D69/><U5/><E5/><V1/><F25/><W3/><G54/><T33/><D4/><U125/><E125/><V82/><F126/><W131/><G131/><T94/><D33/><U105/><E105/><V120/><F120/><W111/><G111/><T72/><D95/><U135/><E135/><V108/><F108/><W118/><G118/><T92/><D94/><U114/><E114/><V51/><F18/><W62/><G62/><T23/><D23/><U90/><E90/><V29/><F89/><W79/><G93/><T10/><D91/><U37/><E37/><RYUUKYOKU ba="0,1" sc="250,-10,240,30,250,-10,250,-10" hai1="7,8,20,27,30,64,66,67,76,81,87,100,103" /><INIT seed="1,1,1,0,2,116" ten="240,270,240,240" oya="1" hai0="5,71,109,82,61,67,34,36,2,59,12,97,8" hai1="32,27,28,24,42,111,44,99,37,20,25,40,104" hai2="101,26,88,69,105,47,122,77,127,90,85,110,3" hai3="58,68,1,43,96,63,10,56,13,78,129,0,75"/><U70/><E111/><V130/><F69/><W92/><G129/><T54/><D109/><U31/><E42/><V22/><F3/><W107/><G107/><T124/><D124/><U53/><E53/><V114/><F127/><W76/><G68/><T80/><D34/><U89/><E70/><V108/><F114/><W84/><G75/><T81/><D36/><U21/><E104/><V126/><F126/><W73/><G73/><T94/><D2/><U86/><E99/><V11/><F130/><W49/><G1/><T74/><D74/><U98/><E98/><V102/><F77/><W123/><G123/><T121/><D121/><U23/><REACH who="1" step="1"/><E27/><REACH who="1" ten="240,260,240,240" step="2"/><V57/><F105/><W128/><G96/><T55/><REACH who="0" step="1"/><D71/><REACH who="0" ten="230,260,240,240" step="2"/><U45/><E45/><V62/><F47/><W35/><G128/><T134/><D134/><U72/><E72/><V9/><F110/><W93/><G58/><T6/><D6/><U106/><E106/><V103/><F108/><W18/><G56/><T66/><D66/><U16/><E16/><N who="2" m="12615" /><F122/><W30/><G18/><T113/><D113/><U29/><E29/><V39/><F39/><W4/><G30/><T132/><D132/><U41/><E41/><V117/><F117/><W14/><G43/><T46/><D46/><U38/><E38/><V118/><F118/><W120/><G120/><T48/><D48/><U91/><E91/><AGARI ba="1,3" hai="5,8,12,54,55,59,61,67,80,81,82,91,94,97" machi="91" ten="40,2600,0" yaku="1,1,8,1,53,0" doraHai="116" doraHaiUra="119" who="0" fromWho="1" sc="230,59,260,-29,240,0,240,0" /><INIT seed="2,0,0,2,5,52" ten="289,231,240,240" oya="2" hai0="130,8,98,2,9,92,111,32,65,103,96,44,76" hai1="1,82,62,95,77,43,134,28,73,3,128,63,69" hai2="15,119,120,45,110,84,38,108,68,7,35,47,6" hai3="48,5,14,13,131,74,81,129,115,61,59,29,30"/><V26/><F68/><W25/><G48/><T34/><D130/><N who="3" m="49673" /><G115/><T37/><D111/><N who="2" m="42538" /><F119/><W114/><G114/><T109/><D109/><U54/><E134/><V123/><F38/><W71/><G71/><T24/><D65/><U106/><E128/><V132/><F132/><W127/><G5/><N who="2" m="1545" /><F15/><N who="3" m="5643" /><G127/><T41/><D2/><U89/><E43/><V75/><F75/><W72/><G81/><T70/><D70/><U87/><E28/><N who="3" m="10858" /><G25/><T94/><D76/><U31/><E31/><N who="2" m="19959" /><F84/><W49/><G49/><T102/><D24/><U21/><E21/><V112/><F112/><W57/><G61/><T55/><D55/><U17/><E17/><V18/><F18/><W90/><G90/><T10/><AGARI ba="0,0" hai="8,9,10,32,34,37,41,44,92,94,96,98,102,103" machi="10" ten="30,2000,0" yaku="0,1,9,1" doraHai="52" who="0" fromWho="0" sc="289,20,231,-5,240,-10,240,-5" /><INIT seed="3,0,0,0,0,60" ten="309,226,230,235" oya="3" hai0="67,124,81,36,122,105,4,21,57,71,120,106,26" hai1="127,16,96,5,54,111,90,42,116,135,74,13,0" hai2="68,109,89,128,24,118,92,123,113,79,117,102,84" hai3="77,47,61,125,104,80,6,33,20,3,28,38,133"/><W97/><G20/><T114/><D36/><U101/><E111/><V49/><F68/><W75/><G133/><T52/><D4/><U8/><E135/><V39/><F39/><W18/><G18/><T93/><D124/><U29/><E127/><V40/><F113/><W62/><G125/><T43/><D114/><U73/><E116/><V1/><F1/><W9/><G97/><T11/><D11/><U32/><E42/><V44/><F109/><W50/><G104/><T83/><D43/><U45/><E90/><V70/><F70/><W14/><G14/><T129/><D129/><U87/><E87/><V12/><F123/><W99/><G99/><T69/><D93/><U35/><E54/><V10/><F128/><W37/><G37/><T115/><D115/><U126/><E45/><V46/><F46/><W121/><G121/><T130/><D130/><U98/><E126/><V2/><F102/><W31/><G50/><T108/><D108/><U53/><E53/><V22/><F2/><W63/><REACH who="3" step="1"/><G33/><REACH who="3" ten="309,226,230,225" step="2"/><T76/><D122/><U95/><E98/><V78/><F117/><W51/><G51/><T48/><D120/><U30/><E35/><V19/><REACH who="2" step="1"/><F118/><REACH who="2" ten="309,226,220,225" step="2"/><W112/><G112/><T56/><D71/><U132/><E132/><V134/><F134/><W23/><G23/><T27/><D69/><U41/><E32/><V94/><F94/><W64/><G64/><T91/><D21/><U66/><E66/><V55/><F55/><W72/><G72/><T65/><D105/><U103/><E73/><V100/><F100/><W59/><G59/><T25/><D106/><RYUUKYOKU ba="0,2" sc="309,-15,226,-15,220,15,225,15" hai2="10,12,19,22,24,40,44,49,78,79,84,89,92" hai3="3,6,9,28,31,38,47,61,62,63,75,77,80" /><INIT seed="3,1,2,2,4,60" ten="294,211,235,240" oya="3" hai0="112,103,40,42,54,100,70,125,26,15,19,32,78" hai1="105,39,72,117,9,134,93,133,69,96,130,2,120" hai2="106,79,73,49,58,0,82,25,11,34,110,21,111" hai3="104,57,48,59,128,41,17,135,80,126,66,53,127"/><W124/><G104/><T122/><D122/><U97/><RYUUKYOKU type="yao9" ba="1,2" sc="294,0,211,0,235,0,240,0" hai1="2,9,39,69,72,93,96,97,105,117,120,130,133,134" /><INIT seed="3,2,2,1,2,116" ten="294,211,235,240" oya="3" hai0="82,33,11,28,7,52,9,67,58,86,56,36,114" hai1="125,90,130,98,105,101,115,128,21,78,49,25,77" hai2="13,22,31,121,73,50,108,29,91,106,83,27,1" hai3="76,134,24,3,39,6,2,132,4,113,41,87,93"/><W110/><G113/><T81/><D114/><U54/><E115/><V20/><F106/><W42/><G24/><T57/><D36/><U55/><E90/><V40/><F1/><N who="3" m="11" /><G39/><T71/><D71/><U94/><E125/><V53/><F40/><N who="3" m="15467" /><G110/><T19/><D67/><U16/><E105/><V97/><F108/><W60/><G60/><T95/><D28/><U70/><E70/><V35/><F73/><W104/><G104/><T85/><D33/><U23/><E23/><V69/><F69/><W68/><G68/><T45/><D7/><N who="3" m="2601" /><G93/><T111/><D19/><U32/><E32/><V131/><F35/><W89/><G89/><N who="0" m="51383" /><D95/><U84/><E84/><V44/><F13/><W74/><G87/><T30/><D111/><U46/><REACH who="1" step="1"/><E55/><REACH who="1" ten="294,201,235,240" step="2"/><V62/><F91/><W80/><G74/><T5/><D86/><U123/><E123/><V75/><F121/><W12/><G80/><T92/><D81/><U119/><E119/><V122/><F122/><W124/><G124/><T107/><D107/><U63/><E63/><V117/><F117/><W64/><G64/><T96/><D92/><U103/><E103/><V79/><F62/><W37/><G76/><AGARI ba="2,3" hai="16,21,25,46,49,54,76,77,78,94,98,101,128,130" machi="76" ten="40,5200,0" yaku="1,1,54,1,53,1" doraHai="116" doraHaiUra="88" who="1" fromWho="3" sc="294,0,201,88,235,0,240,-58" /><INIT seed="4,0,0,4,3,26" ten="294,289,235,182" oya="0" hai0="44,19,34,60,124,24,15,41,13,128,123,52,72" hai1="135,76,108,36,54,12,20,99,114,46,4,27,90" hai2="133,97,71,134,47,95,14,65,10,48,32,91,96" hai3="103,31,45,132,6,98,110,102,23,125,55,115,38"/><T68/><D123/><U35/><E108/><V43/><F32/><W105/><G110/><T131/><D72/><U0/><E135/><V121/><F121/><W21/><G132/><N who="2" m="50793" /><F65/><W106/><G6/><T73/><D73/><U83/><E114/><V129/><F71/><W11/><G11/><T17/><D124/><U112/><E112/><V75/><F75/><W87/><G115/><T82/><D68/><U74/><E54/><V113/><F113/><W1/><G1/><T7/><D7/><U8/><E99/><N who="2" m="57855" /><F129/><N who="0" m="49738" /><D82/><U51/><E51/><V100/><F100/><W107/><G103/><T56/><D24/><U122/><E90/><V39/><F39/><W85/><G38/><N who="0" m="21559" /><D34/><U28/><E12/><AGARI ba="0,0" hai="12,13,15,17,19,52,56,60" m="21559,49738" machi="12" ten="30,2900,0" yaku="19,1,54,1" doraHai="26" who="0" fromWho="1" sc="294,29,289,-29,235,0,182,0" /><INIT seed="4,1,0,0,0,10" ten="323,260,235,182" oya="0" hai0="79,46,54,35,123,90,70,14,115,9,114,7,96" hai1="33,67,98,45,73,127,132,124,94,68,109,99,13" hai2="58,71,5,53,80,27,6,26,47,40,69,131,103" hai3="19,74,88,22,75,2,17,37,125,89,84,28,121"/><T43/><D123/><U95/><E33/><V25/><F131/><W30/><G2/><T116/><D116/><U62/><E73/><V107/><F107/><W111/><G37/><T102/><D70/><U1/><E1/><V60/><F103/><W104/><G104/><T48/><D35/><U76/><E76/><V105/><F105/><W18/><G125/><N who="1" m="48202" /><E45/><V4/><REACH who="2" step="1"/><F80/><REACH who="2" ten="323,260,225,182" step="2"/><W126/><G126/><T50/><D90/><N who="1" m="55639" /><E109/><V11/><F11/><W86/><G111/><T34/><D79/><U133/><E13/><V82/><F82/><W38/><G121/><T85/><D85/><U24/><E24/><V59/><F59/><W16/><G75/><T120/><D120/><U51/><E51/><AGARI ba="1,1" hai="4,5,6,25,26,27,40,47,51,53,58,60,69,71" machi="51" ten="40,8000,1" yaku="1,1,53,3" doraHai="10" doraHaiUra="3" who="2" fromWho="1" sc="323,0,260,-83,225,93,182,0" /><INIT seed="5,0,0,0,2,82" ten="323,177,318,182" oya="1" hai0="78,45,119,132,4,35,114,59,7,29,33,54,116" hai1="109,67,32,28,80,5,62,100,111,112,58,70,1" hai2="84,18,115,107,24,87,93,65,46,131,95,92,101" hai3="102,125,9,6,88,134,27,94,79,49,52,74,133"/><U8/><E100/><V98/><F65/><W97/><G125/><T44/><D114/><U21/><E112/><V96/><F46/><W75/><G27/><T30/><D78/><U42/><E58/><V122/><F115/><W60/><G60/><T34/><D132/><N who="3" m="50793" /><G79/><T31/><D59/><U26/><E26/><V106/><F18/><W17/><G17/><T73/><D54/><U61/><E61/><V23/><F23/><W47/><G102/><T2/><D73/><U89/><E89/><N who="2" m="55311" /><F24/><W104/><G104/><N who="2" m="39977" /><F122/><W3/><AGARI ba="0,0" hai="3,6,9,47,49,52,74,75,88,94,97" m="50793" machi="3" ten="30,4000,0" yaku="20,1,54,2" doraHai="82" who="3" fromWho="3" sc="323,-10,177,-20,318,-10,182,40" /><INIT seed="6,0,0,4,3,105" ten="313,157,308,222" oya="2" hai0="54,47,73,16,91,92,22,40,49,11,103,32,113" hai1="53,24,41,117,51,13,37,100,124,6,57,116,101" hai2="21,86,72,122,42,17,8,87,1,90,55,3,63" hai3="14,61,58,106,127,115,15,104,118,111,25,9,109"/><V60/><F72/><W39/><G39/><T38/><D73/><U23/><E124/><V85/><F122/><W107/><G118/><T31/><D113/><U59/><E6/><V46/><F8/><W27/><G127/><T99/><D11/><U132/><E13/><V88/><F1/><W119/><G119/><T108/><D108/><U89/><E23/><V19/><F3/><W68/><G68/><T28/><D32/><U120/><E24/><V95/><F55/><W65/><G115/><T36/><D36/><U10/><E10/><V2/><F2/><W45/><G45/><T126/><D126/><U5/><E5/><V76/><F76/><W112/><G112/><T77/><D103/><U79/><E79/><V75/><F75/><W74/><G74/><T70/><D70/><U35/><E35/><V26/><F17/><W30/><G27/><T110/><D110/><U94/><E132/><V123/><F123/><W52/><G65/><T81/><D81/><U4/><E4/><V125/><F86/><W84/><G84/><T129/><D129/><U130/><E130/><V114/><F114/><W131/><G131/><T97/><D77/><U43/><E120/><V56/><F56/><W93/><G111/><T44/><REACH who="0" step="1"/><D99/><REACH who="0" ten="303,157,308,222" step="2"/><U78/><E78/><V33/><F33/><N who="3" m="20687" /><G109/><T67/><D67/><U50/><E37/><V18/><F125/><W83/><G83/><T134/><D134/><U62/><E116/><V102/><F102/><W128/><G128/><T0/><D0/><U48/><E117/><V7/><F90/><W82/><G9/><T12/><AGARI ba="0,1" hai="12,16,22,28,31,38,40,44,47,49,54,91,92,97" machi="12" ten="20,8000,1" yaku="1,1,5,1,0,1,7,1,54,1,53,0" doraHai="105" doraHaiUra="80" who="0" fromWho="0" sc="303,90,157,-20,308,-40,222,-20" /><INIT seed="7,0,0,2,1,124" ten="393,137,268,202" oya="3" hai0="15,48,133,103,95,0,111,112,61,88,122,59,71" hai1="85,10,64,21,55,52,18,13,34,27,81,90,17" hai2="51,118,11,84,9,107,57,22,106,92,82,39,42" hai3="66,105,132,75,127,89,24,96,8,29,128,60,35"/><W101/><G127/><T41/><D0/><U97/><E34/><V120/><F118/><W45/><G132/><T49/><D49/><U37/><E37/><V63/><F39/><W43/><G89/><T91/><D91/><U32/><E32/><V123/><F120/><W3/><G75/><T121/><D71/><U30/><E64/><V83/><F123/><W25/><G25/><T1/><D1/><U33/><REACH who="1" step="1"/><E97/><REACH who="1" ten="393,127,268,202" step="2"/><V47/><F106/><W4/><G128/><T135/><D122/><U16/><E16/><V87/><F107/><W44/><REACH who="3" step="1"/><G43/><REACH who="3" ten="393,127,268,192" step="2"/><T76/><D121/><U116/><E116/><V129/><F129/><W54/><G54/><T26/><D26/><AGARI ba="0,2" hai="10,13,17,18,21,26,27,30,33,52,55,81,85,90" machi="26" ten="30,8000,1" yaku="1,1,7,1,54,1,53,2" doraHai="124" doraHaiUra="23" who="1" fromWho="0" sc="393,-80,127,100,268,0,192,0" owari="313,41.0,227,-17.0,268,7.0,192,-31.0" /></mjloggm>