<mjloggm ver="2.3"><GO type="41" lobby="0"/><UN n0="%E2%93%9D%53%75%70%68%78" n1="%E5%90%8D%E5%89%8D%E3%81%A9%E3%81%86%E3%81%99%E3%81%A3%E3%81%8B%EF%BC%9F" n2="%E6%88%91%E9%B7%B9" n3="%E3%81%99%E3%81%9A%E3%82%81%E3%82%81%E3%82%81" dan="17,15,14,14" rate="2078.98,1935.56,1942.73,1948.60" sx="M,M,M,M"/><TAIKYOKU oya="0"/><INIT seed="0,0,0,3,2,48" ten="250,250,250,250" oya="0" hai0="124,132,134,71,14,36,101,88,100,68,93,46,113" hai1="60,56,128,9,120,40,31,66,89,102,13,126,21" hai2="38,97,55,29,32,105,10,107,79,94,7,41,59" hai3="76,35,24,81,47,34,95,115,118,82,61,122,1"/><T73/><D113/><U78/><E120/><V74/><F29/><W70/><G118/><T63/><D73/><U123/><E123/><V8/><F32/><W90/><G115/><T17/><D124/><U42/><E126/><V25/><F25/><W26/><G1/><T2/><D2/><U62/><E78/><V43/><F38/><W12/><G35/><T57/><D46/><U91/><E102/><N who="0" m="39529" /><D36/><U117/><E117/><V114/><F94/><W3/><G3/><T135/><D14/><U96/><E128/><V30/><F30/><W15/><G47/><T64/><D17/><U131/><E131/><V83/><F97/><AGARI ba="0,0" hai="57,63,64,68,71,88,93,97,132,134,135" m="39529" machi="97" ten="30,2900,0" yaku="20,1,54,1" doraHai="48" who="0" fromWho="2" sc="250,29,250,0,250,-29,250,0" /><INIT seed="0,1,0,0,5,53" ten="279,250,221,250" oya="0" hai0="31,73,126,21,27,60,64,56,135,122,24,86,110" hai1="124,43,55,48,91,66,63,37,80,104,133,4,109" hai2="54,99,79,15,68,67,41,77,51,2,98,70,71" hai3="101,102,85,30,94,12,33,38,134,121,112,47,108"/><T74/><D122/><U75/><E104/><V93/><F2/><W127/><G108/><T118/><D118/><U62/><E75/><V52/><F41/><W16/><G134/><T42/><D135/><U20/><E133/><V113/><F67/><W45/><G127/><T89/><D126/><U22/><E124/><V7/><F113/><W44/><G112/><T100/><D110/><U83/><E4/><V11/><F54/><W129/><G38/><T78/><D78/><U3/><E3/><V92/><F92/><W61/><G129/><T5/><D100/><U39/><E109/><V106/><F106/><W50/><G33/><T105/><D105/><U116/><E116/><V125/><F98/><W132/><G30/><T131/><D131/><U58/><E39/><V87/><F87/><W10/><G50/><T117/><D117/><U19/><E91/><V49/><F49/><W59/><G121/><T114/><D5/><U8/><E8/><V13/><F15/><W84/><G132/><T17/><D42/><U95/><E95/><V57/><REACH who="2" step="1"/><F125/><REACH who="2" ten="279,250,211,250" step="2"/><W28/><G28/><T14/><D114/><U96/><E96/><V35/><F35/><W130/><G130/><T123/><D123/><U32/><E32/><V9/><F9/><W69/><G69/><T82/><REACH who="0" step="1"/><D27/><REACH who="0" ten="269,250,211,250" step="2"/><U40/><E40/><V26/><F26/><W115/><G115/><T65/><D65/><U6/><E43/><V120/><F120/><W72/><G102/><AGARI ba="1,2" hai="7,11,13,51,52,57,68,70,71,77,79,93,99,102" machi="102" ten="40,5200,0" yaku="1,1,52,1,54,1,53,0" doraHai="53" doraHaiUra="29" who="2" fromWho="3" sc="269,0,250,0,211,75,250,-55" /><INIT seed="1,0,0,1,1,53" ten="269,250,286,195" oya="1" hai0="36,98,62,95,65,48,130,133,108,111,99,18,134" hai1="74,12,79,125,17,84,30,45,132,73,42,56,37" hai2="63,68,116,102,124,78,117,69,61,113,114,31,7" hai3="44,57,87,52,93,5,29,128,64,4,122,92,51"/><U71/><E71/><N who="2" m="27211" /><F102/><W6/><G128/><T70/><D36/><U96/><E132/><N who="0" m="50793" /><D130/><U129/><E129/><V54/><F78/><W103/><G122/><T105/><D18/><U86/><E30/><V41/><F31/><W126/><G126/><T91/><D48/><U59/><E125/><V1/><F7/><W123/><G123/><T115/><D115/><N who="2" m="44042" /><F1/><W101/><G29/><T15/><D15/><U26/><E26/><V106/><F106/><W67/><G87/><T13/><D13/><U80/><E96/><V135/><F135/><W127/><G127/><T94/><D105/><U119/><E86/><V20/><F20/><W109/><G109/><T40/><D40/><U112/><E112/><V33/><F33/><W38/><G38/><T121/><D121/><U82/><E119/><V16/><F16/><W24/><G24/><T39/><D39/><U49/><E37/><V0/><F0/><W89/><G93/><T55/><D95/><U2/><E2/><V10/><F10/><W50/><G103/><T76/><D99/><U22/><E74/><V110/><F41/><N who="3" m="24847" /><G89/><AGARI ba="0,0" hai="12,17,22,42,45,49,56,59,73,79,80,82,84,89" machi="89" ten="30,5800,0" yaku="7,1,52,2" doraHai="53" who="1" fromWho="3" sc="269,0,250,58,286,0,195,-58" /><INIT seed="1,1,0,2,2,62" ten="269,308,286,137" oya="1" hai0="27,71,66,47,49,33,63,34,13,29,12,87,128" hai1="82,115,125,16,119,7,101,108,57,76,111,21,123" hai2="45,83,122,31,14,117,135,130,28,44,102,50,41" hai3="75,124,60,55,90,32,118,88,67,86,104,133,8"/><U0/><E115/><V37/><F122/><W5/><G75/><T17/><D128/><U73/><E119/><V46/><F117/><W42/><G118/><T91/><D34/><U85/><E123/><V3/><F3/><W10/><G32/><T105/><D105/><U121/><E121/><V35/><F130/><W132/><G104/><T74/><D74/><U134/><E134/><N who="3" m="51818" /><G124/><T95/><REACH who="0" step="1"/><D17/><REACH who="0" ten="259,308,286,137" step="2"/><U79/><E125/><V9/><F35/><W40/><G55/><AGARI ba="1,1" hai="12,13,27,29,33,47,49,55,63,66,71,87,91,95" machi="55" ten="30,7700,0" yaku="1,1,2,1,7,1,52,1,53,0" doraHai="62" doraHaiUra="52" who="0" fromWho="3" sc="259,90,308,0,286,0,137,-80" /><INIT seed="2,0,0,4,2,126" ten="349,308,286,57" oya="2" hai0="48,30,47,52,89,6,66,57,29,108,85,107,3" hai1="75,27,9,113,14,92,61,73,104,134,11,131,4" hai2="43,98,38,110,50,58,90,102,130,65,69,135,19" hai3="53,123,114,125,22,111,51,10,33,80,1,21,88"/><V112/><F112/><W122/><G125/><T100/><D108/><U45/><E104/><V28/><F69/><W8/><G111/><T97/><D3/><U118/><E118/><V124/><F38/><W12/><G33/><T109/><D6/><U95/><E113/><V119/><F110/><W84/><G114/><T31/><D109/><U115/><E115/><V83/><F124/><W68/><G68/><T133/><D133/><U59/><E134/><V63/><F119/><W127/><G127/><T128/><D128/><U70/><E70/><V78/><F90/><W44/><G1/><T121/><D121/><U101/><E45/><V36/><F36/><W86/><G8/><T93/><REACH who="0" step="1"/><D66/><REACH who="0" ten="339,308,286,57" step="2"/><U91/><E131/><V35/><F135/><W82/><G123/><T64/><D64/><U106/><E75/><V32/><F130/><W20/><G122/><T5/><D5/><U46/><E73/><V132/><F132/><W120/><G120/><T37/><D37/><U72/><E72/><V99/><F32/><W42/><G42/><T62/><D62/><U129/><E61/><V103/><F35/><W17/><REACH who="3" step="1"/><G21/><REACH who="3" ten="339,308,286,47" step="2"/><T41/><D41/><U13/><E129/><V116/><F43/><W60/><G60/><T24/><D24/><U54/><E27/><V39/><F63/><W18/><G18/><T49/><D49/><U74/><E4/><V16/><F19/><W34/><G34/><T96/><D96/><U67/><E67/><V25/><F98/><W71/><G71/><T23/><D23/><U76/><E11/><V7/><F99/><W81/><G81/><RYUUKYOKU ba="0,2" sc="339,15,308,-15,286,-15,47,15" hai0="29,30,31,47,48,52,57,85,89,93,97,100,107" hai3="10,12,17,20,22,44,51,53,80,82,84,86,88" /><INIT seed="3,1,2,4,1,50" ten="354,293,271,62" oya="3" hai0="45,10,111,77,81,124,14,79,94,107,42,37,40" hai1="2,13,12,3,127,54,36,46,64,65,22,110,21" hai2="90,85,114,121,26,69,11,132,31,95,33,66,99" hai3="30,73,60,98,96,5,86,119,52,80,51,6,68"/><W135/><G119/><T123/><D107/><U125/><E110/><V16/><F114/><W100/><G73/><T32/><D32/><U7/><E36/><V103/><F121/><W113/><G113/><T122/><D111/><U134/><E134/><V59/><F132/><W87/><G135/><T118/><D124/><U91/><E91/><V131/><F131/><W71/><G30/><T58/><D118/><U43/><E43/><V126/><F126/><W35/><G35/><T25/><D25/><U105/><E105/><V104/><F59/><W88/><G60/><T120/><D42/><U84/><E84/><V19/><F11/><W63/><G63/><AGARI ba="1,2" hai="16,19,26,31,33,63,66,69,85,90,95,99,103,104" machi="63" ten="40,5200,0" yaku="25,2,54,1" doraHai="50" who="2" fromWho="3" sc="354,0,293,0,271,75,62,-55" /><INIT seed="4,0,0,4,1,118" ten="354,293,346,7" oya="0" hai0="95,109,7,20,4,126,40,108,46,97,69,73,101" hai1="122,15,60,67,3,12,5,71,31,2,104,39,132" hai2="32,128,79,91,120,52,26,54,110,72,18,130,27" hai3="124,129,68,105,59,81,96,51,119,112,35,82,61"/><T86/><D73/><U45/><E132/><V44/><F110/><N who="0" m="42602" /><D69/><U121/><E104/><V117/><F117/><W25/><G25/><BYE who="3" /><T53/><D126/><U21/><E15/><V85/><F27/><W23/><G23/><T114/><D114/><U98/><E98/><V33/><F79/><W78/><G78/><T83/><D53/><N who="2" m="20586" /><F72/><W43/><G43/><T10/><D20/><U70/><E70/><V6/><F120/><W90/><G90/><N who="0" m="51551" /><D10/><U87/><E87/><V99/><F99/><W107/><G107/><T13/><D13/><U57/><E71/><V63/><F6/><UN n3="%E3%81%99%E3%81%9A%E3%82%81%E3%82%81%E3%82%81" /><W131/><G131/><BYE who="3" /><N who="2" m="50217" /><F63/><W0/><G0/><T100/><D100/><U37/><E37/><AGARI ba="0,0" hai="4,7,37,40,46,95,97,101" m="51551,42602" machi="37" ten="30,1500,0" yaku="10,1" doraHai="118" who="0" fromWho="1" sc="354,15,293,-15,346,0,7,0" /><INIT seed="4,1,0,2,4,0" ten="369,278,346,7" oya="0" hai0="68,75,76,40,47,134,54,81,1,110,49,112,99" hai1="102,45,117,80,103,24,61,4,22,16,129,128,119" hai2="2,82,88,83,51,93,120,118,97,26,31,72,58" hai3="10,109,37,30,44,125,127,94,59,100,67,50,111"/><T113/><D134/><U28/><E80/><V27/><F120/><W42/><G42/><T5/><D68/><U84/><E84/><V35/><F118/><W116/><G116/><T77/><D77/><U7/><E119/><V56/><F2/><W36/><G36/><T92/><D110/><UN n3="%E3%81%99%E3%81%9A%E3%82%81%E3%82%81%E3%82%81" /><U98/><BYE who="3" /><E117/><V11/><F72/><W79/><G79/><T87/><D87/><U132/><E132/><V89/><F11/><W101/><G101/><T60/><D60/><U63/><E45/><V124/><F124/><W62/><G62/><T17/><D17/><U15/><E63/><V41/><F27/><W8/><G8/><T104/><D104/><U19/><E61/><V106/><F106/><W122/><G122/><T18/><D18/><U29/><E102/><V131/><F131/><N who="1" m="50249" /><E103/><UN n3="%E3%81%99%E3%81%9A%E3%82%81%E3%82%81%E3%82%81" /><V135/><F135/><W70/><G70/><T96/><BYE who="3" /><D96/><U21/><E98/><V130/><F130/><W55/><G55/><T25/><D54/><U32/><E32/><V105/><F105/><W107/><G107/><T95/><D99/><U3/><E3/><V34/><F35/><W78/><G78/><T12/><D1/><U66/><E66/><V121/><F121/><W126/><G126/><T9/><REACH who="0" step="1"/><D25/><REACH who="0" ten="359,278,346,7" step="2"/><U133/><E133/><V74/><F74/><W46/><G46/><T20/><D20/><U115/><E115/><AGARI ba="1,1" hai="5,9,12,40,47,49,75,76,81,92,95,112,113,115" machi="115" ten="40,12000,1" yaku="1,1,15,1,52,1,53,1" doraHai="0" doraHaiUra="6" who="0" fromWho="1" sc="359,133,278,-123,346,0,7,0" /><INIT seed="4,2,0,3,4,7" ten="492,155,346,7" oya="0" hai0="72,24,120,122,45,18,1,39,88,98,126,109,78" hai1="25,43,41,79,104,80,29,107,100,131,86,33,134" hai2="9,13,125,128,0,105,129,68,65,133,57,113,110" hai3="54,11,95,59,63,21,93,114,119,77,97,74,82"/><T96/><D126/><U19/><E134/><V55/><F65/><W70/><G70/><T85/><D109/><U42/><E131/><V99/><F99/><W8/><G8/><T44/><D78/><U12/><REACH who="1" step="1"/><E100/><REACH who="1" ten="492,145,346,7" step="2"/><V121/><F133/><W81/><G81/><T28/><D122/><U31/><E31/><V76/><F121/><W53/><G53/><T67/><D28/><U117/><E117/><V111/><F55/><W123/><G123/><T112/><D120/><U116/><E116/><V66/><F110/><W94/><G94/><T3/><D67/><U102/><E102/><V4/><F111/><W46/><G46/><T17/><D45/><U34/><E34/><V71/><F128/><W92/><G92/><T6/><D44/><U69/><E69/><V115/><F129/><W36/><G36/><T89/><D39/><U35/><E35/><V75/><F68/><W52/><G52/><T38/><D38/><U124/><E124/><V127/><F71/><W49/><G49/><T135/><D135/><U90/><E90/><V16/><F125/><W118/><G118/><T101/><D89/><U5/><E5/><V50/><F127/><W22/><G22/><AGARI ba="2,1" hai="12,19,22,25,29,33,41,42,43,79,80,86,104,107" machi="22" ten="40,1300,0" yaku="1,1,53,0" doraHai="7" doraHaiUra="130" who="1" fromWho="3" sc="492,0,145,29,346,0,7,-19" owari="492,59.0,174,-23.0,346,15.0,-12,-51.0" /></mjloggm>