<mjloggm ver="2.3"><GO type="41" lobby="0"/><UN n0="%E2%93%9D%53%75%70%68%78" n1="%30%34%36%6A%61%70%61%6E" n2="%E3%81%A1%E3%82%87%E3%81%A3%E3%81%A8%E3%81%AD%E3%82%80%E3%81%84" n3="%73%63%61%74%74%61%72%6F" dan="17,16,13,14" rate="2041.50,2072.23,1932.58,1912.59" sx="M,M,M,M"/><TAIKYOKU oya="0"/><INIT seed="0,0,0,5,0,5" ten="250,250,250,250" oya="0" hai0="84,10,64,15,109,97,14,66,60,101,125,131,118" hai1="25,38,20,18,132,126,11,55,30,44,91,115,122" hai2="54,68,63,26,129,100,134,81,116,104,53,99,7" hai3="70,49,65,83,24,103,117,16,124,39,77,31,1"/><T120/><D118/><U128/><E122/><V9/><F134/><W86/><G39/><T95/><D120/><U35/><E128/><V106/><F129/><W72/><G1/><T0/><D131/><U113/><E126/><V51/><F81/><W74/><G124/><T41/><D125/><U52/><E132/><V75/><F75/><W32/><G117/><T119/><D119/><U112/><E91/><V88/><F106/><W110/><G103/><T37/><D109/><U71/><E71/><V123/><F123/><W59/><G110/><T111/><D111/><U93/><E93/><V121/><F51/><W29/><G31/><T3/><D15/><N who="1" m="7551" /><E35/><V94/><F26/><W4/><G4/><T107/><D66/><U135/><E135/><V12/><F121/><W82/><G70/><T8/><D14/><U43/><AGARI ba="0,0" hai="20,25,30,38,43,44,52,55,112,113,115" m="7551" machi="43" ten="40,5200,0" yaku="11,1,52,1,54,1" doraHai="5" who="1" fromWho="1" sc="250,-26,250,52,250,-13,250,-13" /><INIT seed="1,0,0,5,5,108" ten="224,302,237,237" oya="1" hai0="43,125,57,4,44,37,77,35,10,58,66,2,84" hai1="14,117,78,3,22,65,11,96,85,46,134,115,38" hai2="39,127,36,9,120,64,72,20,133,47,23,7,59" hai3="62,13,113,15,82,107,16,103,132,30,1,79,111"/><U42/><E117/><V104/><F104/><W41/><G1/><T33/><D125/><U69/><E134/><V81/><F39/><W18/><G132/><T94/><D66/><U128/><E128/><V110/><F110/><W89/><G111/><T130/><D130/><U122/><E3/><V70/><F59/><W92/><G41/><T68/><D68/><U97/><E122/><V135/><F23/><W75/><G30/><T88/><REACH who="0" step="1"/><D77/><REACH who="0" ten="214,302,237,237" step="2"/><U51/><E65/><V126/><F64/><W114/><G62/><T76/><D76/><U6/><E69/><V29/><F70/><W74/><G75/><T67/><D67/><U80/><E38/><V0/><F72/><W48/><G79/><T106/><D106/><U49/><E49/><V27/><F36/><W93/><G48/><T112/><D112/><U99/><E22/><V123/><F20/><W119/><G107/><T131/><D131/><U71/><E71/><V45/><F127/><W87/><G119/><T90/><D90/><U60/><E60/><V52/><F126/><W26/><G74/><T91/><D91/><U25/><E115/><V32/><F135/><W83/><G82/><T19/><D19/><U17/><E17/><V121/><F81/><W102/><G102/><T61/><D61/><U40/><E25/><V31/><F133/><W24/><G103/><T129/><D129/><U124/><E124/><V100/><F100/><W63/><G63/><T109/><D109/><U95/><E42/><V54/><F31/><W28/><G28/><T86/><D86/><U73/><E73/><V5/><F5/><RYUUKYOKU ba="0,1" sc="214,10,302,10,237,10,237,-30" hai0="2,4,10,33,35,37,43,44,57,58,84,88,94" hai1="6,11,14,40,46,51,78,80,85,95,96,97,99" hai2="0,7,9,27,29,32,45,47,52,54,120,121,123" /><INIT seed="1,1,1,0,4,91" ten="224,312,247,207" oya="1" hai0="77,35,18,74,60,132,134,63,25,22,5,24,34" hai1="82,1,71,57,117,88,102,79,115,0,86,94,13" hai2="101,62,83,99,92,53,131,135,28,90,56,97,36" hai3="43,85,76,58,106,128,27,39,121,81,11,31,51"/><U7/><E71/><V44/><F135/><N who="0" m="51754" /><D77/><U47/><E117/><V123/><F131/><W72/><G128/><T3/><D74/><U37/><E115/><V45/><F123/><W10/><G121/><T120/><D63/><U30/><E102/><V100/><F36/><W48/><G39/><T23/><D60/><U129/><E129/><V12/><F28/><W130/><G130/><T54/><D54/><U65/><E30/><V16/><F83/><W29/><G72/><T21/><D120/><U41/><E57/><V96/><F96/><W126/><G106/><T104/><D104/><U116/><E116/><V93/><F90/><W59/><G126/><T46/><D46/><U98/><REACH who="1" step="1"/><E65/><REACH who="1" ten="224,302,247,207" step="2"/><V55/><REACH who="2" step="1"/><F53/><REACH who="2" ten="224,302,237,207" step="2"/><W67/><G67/><T70/><D70/><U9/><AGARI ba="1,3" hai="0,1,7,9,13,37,41,47,79,82,86,88,94,98" machi="9" ten="30,18000,2" yaku="1,1,2,1,0,1,52,1,54,1,53,1" doraHai="91" doraHaiUra="69" who="1" fromWho="1" sc="224,-61,302,213,237,-61,207,-61" /><INIT seed="1,2,0,0,5,66" ten="163,515,176,146" oya="1" hai0="35,14,98,21,58,52,80,34,51,9,81,65,71" hai1="12,56,24,132,62,113,6,91,55,70,60,82,53" hai2="30,8,7,85,90,115,89,110,118,120,63,40,49" hai3="101,87,68,84,18,1,125,103,57,46,121,97,106"/><U114/><E132/><V45/><F110/><W31/><G121/><T22/><D35/><U39/><E39/><V104/><F104/><W42/><G103/><T111/><D34/><U88/><E24/><V11/><F120/><W105/><G105/><T54/><D111/><U133/><E133/><V134/><F134/><W130/><G1/><T94/><D65/><U28/><E28/><V44/><F118/><W95/><G130/><T73/><D71/><U93/><E82/><N who="0" m="31849" /><D54/><U119/><E119/><V23/><F63/><W59/><G125/><T124/><D73/><U108/><E70/><V37/><F23/><W75/><G75/><T77/><D77/><U78/><E78/><V10/><F30/><W135/><G135/><T122/><D124/><U67/><E55/><V38/><F7/><W86/><G68/><T36/><D36/><U48/><E108/><V4/><F4/><W99/><G31/><T32/><D32/><U96/><E60/><V25/><F25/><W50/><REACH who="3" step="1"/><G18/><REACH who="3" ten="163,515,176,136" step="2"/><N who="0" m="8527" /><D122/><U123/><E123/><V2/><F2/><W20/><G20/><T112/><D112/><U61/><E114/><V127/><F115/><W64/><G64/><T27/><D27/><U69/><E113/><V74/><F74/><W116/><G116/><T72/><D72/><U17/><E6/><V128/><F128/><W100/><AGARI ba="2,1" hai="42,46,50,57,59,84,86,87,95,97,99,100,101,106" machi="100" ten="30,4000,0" yaku="1,1,0,1,53,1" doraHai="66" doraHaiUra="47" who="3" fromWho="3" sc="163,-12,515,-22,176,-12,136,56" /><INIT seed="2,0,0,1,2,46" ten="151,493,164,192" oya="2" hai0="91,70,50,33,133,17,20,63,40,101,23,117,76" hai1="110,16,93,66,59,81,104,1,74,114,56,116,45" hai2="29,53,18,78,122,62,119,11,6,82,118,26,10" hai3="73,31,83,77,89,131,120,55,34,123,128,25,95"/><V85/><F122/><W3/><G3/><T129/><D33/><U47/><E104/><V86/><F86/><W0/><G0/><T96/><D129/><U51/><E1/><V37/><F37/><W44/><G44/><T100/><D133/><U8/><E110/><V71/><BYE who="1" /><F18/><W126/><G55/><UN n1="%30%34%36%6A%61%70%61%6E" /><T5/><D5/><U134/><E116/><V87/><F87/><W103/><G126/><T49/><D76/><U28/><E28/><V60/><F60/><W14/><G14/><T24/><D40/><U42/><E114/><V135/><F135/><W4/><G4/><T27/><D70/><U67/><E93/><V107/><F107/><W75/><G73/><T125/><D125/><U113/><E81/><V112/><F112/><W94/><G103/><N who="0" m="39499" /><D63/><U105/><E74/><V84/><F84/><W7/><G7/><T92/><D117/><U90/><E105/><V43/><F43/><W115/><G115/><T15/><D15/><N who="1" m="7271" /><E113/><V68/><F68/><W36/><G36/><T12/><D12/><U130/><E130/><N who="3" m="49706" /><G95/><T124/><D124/><U19/><E134/><V64/><F11/><W35/><G35/><T99/><D99/><AGARI ba="0,0" hai="25,31,34,75,77,83,89,94,99,120,123" m="49706" machi="99" ten="30,1000,0" yaku="19,1" doraHai="46" who="3" fromWho="0" sc="151,-10,493,0,164,0,192,10" /><INIT seed="3,0,0,1,3,50" ten="141,493,164,202" oya="3" hai0="45,42,107,31,81,91,116,59,117,76,12,21,23" hai1="94,67,5,131,122,32,26,68,37,112,20,80,100" hai2="61,44,129,66,35,88,10,34,87,78,33,17,134" hai3="56,82,93,79,64,72,133,127,28,14,114,36,43"/><W130/><G114/><T132/><D107/><U126/><E37/><V16/><F134/><W108/><G133/><T86/><D132/><U89/><E68/><V18/><F129/><W25/><G130/><T74/><D23/><U120/><E67/><V11/><F44/><W48/><G36/><T38/><D59/><U99/><E112/><V115/><F78/><W69/><G69/><T19/><REACH who="0" step="1"/><D31/><REACH who="0" ten="131,493,164,202" step="2"/><U8/><E20/><V119/><F115/><W118/><G28/><T46/><D46/><U27/><E131/><V62/><F119/><W1/><G118/><T128/><D128/><U3/><E120/><V98/><F98/><W125/><G56/><T41/><D41/><U24/><E122/><V13/><F13/><W65/><G14/><T71/><D71/><U109/><E99/><V83/><REACH who="2" step="1"/><F66/><REACH who="2" ten="131,493,154,202" step="2"/><W135/><G135/><T6/><D6/><U105/><E5/><V51/><F51/><W101/><G48/><T30/><D30/><U77/><E105/><V106/><F106/><W54/><G65/><T63/><D63/><AGARI ba="0,2" hai="10,11,16,17,18,33,34,35,61,62,63,83,87,88" machi="63" ten="50,8000,1" yaku="1,1,54,2,53,1" doraHai="50" doraHaiUra="85" who="2" fromWho="0" sc="131,-80,493,0,154,100,202,0" /><INIT seed="4,0,0,4,0,88" ten="51,493,254,202" oya="0" hai0="107,0,113,87,11,14,20,66,15,98,86,16,95" hai1="90,133,104,111,67,37,68,19,7,77,27,45,118" hai2="84,46,8,3,36,93,52,30,117,40,122,25,26" hai3="135,132,80,61,112,44,130,126,89,63,81,106,57"/><T97/><D113/><U9/><E19/><V114/><F122/><W62/><G106/><T127/><D0/><U54/><E54/><V120/><F120/><W64/><G89/><T101/><D127/><U53/><E53/><V18/><F117/><W115/><G126/><T48/><D66/><U94/><E104/><V131/><F131/><W123/><G123/><T6/><REACH who="0" step="1"/><D48/><REACH who="0" ten="41,493,254,202" step="2"/><U2/><E67/><V35/><F114/><N who="3" m="43563" /><G64/><T105/><D105/><U43/><E2/><V134/><F3/><W1/><G1/><T38/><D38/><U92/><E37/><V76/><F36/><W78/><G130/><T99/><D99/><U124/><E124/><V116/><F116/><W34/><G34/><T21/><D21/><U73/><E118/><V5/><F35/><W108/><G108/><T71/><D71/><U74/><E68/><V51/><F51/><W31/><G132/><T49/><D49/><U28/><E133/><V91/><F134/><W83/><G135/><T100/><AGARI ba="0,1" hai="6,11,14,15,16,20,86,87,95,97,98,100,101,107" machi="100" ten="20,12000,1" yaku="1,1,0,1,7,1,52,1,54,1,53,0" doraHai="88" doraHaiUra="39" who="0" fromWho="0" sc="41,130,493,-40,254,-40,202,-40" /><INIT seed="4,1,0,0,5,71" ten="171,453,214,162" oya="0" hai0="17,11,39,106,110,34,33,31,1,122,55,103,108" hai1="24,77,105,53,95,3,75,15,133,61,35,87,124" hai2="30,84,68,118,85,49,74,117,20,0,134,90,64" hai3="19,65,10,38,128,29,88,100,22,78,50,67,36"/><T2/><D55/><U131/><E3/><N who="0" m="1033" /><D103/><U41/><E105/><V25/><F0/><W121/><G29/><T72/><D106/><U130/><E124/><V93/><F134/><W42/><G100/><T63/><D63/><U101/><E133/><V7/><F7/><W111/><G111/><N who="0" m="42539" /><D72/><U12/><E41/><V73/><F49/><W132/><G132/><T83/><D83/><U112/><E75/><V43/><F85/><W94/><G121/><T9/><D122/><U97/><E95/><V18/><F43/><W70/><G128/><T54/><D54/><U104/><E87/><V26/><F64/><W37/><G78/><T60/><D60/><U115/><E77/><V109/><F68/><W119/><G119/><N who="2" m="45577" /><F109/><W92/><G94/><T102/><D102/><U28/><E61/><V16/><F18/><W66/><G10/><N who="0" m="3595" /><D31/><U82/><E53/><V23/><AGARI ba="1,0" hai="16,20,23,25,26,30,73,74,84,90,93" m="45577" machi="23" ten="30,2000,0" yaku="12,1,54,1" doraHai="71" who="2" fromWho="2" sc="171,-11,453,-6,214,23,162,-6" /><INIT seed="5,0,0,2,0,66" ten="160,447,237,156" oya="1" hai0="50,105,49,70,65,122,35,90,84,110,96,89,116" hai1="102,128,118,92,28,91,27,76,94,46,135,22,52" hai2="25,103,7,39,130,29,109,125,126,10,44,8,56" hai3="54,119,113,32,75,86,95,31,43,20,47,6,11"/><U17/><E118/><V12/><F56/><W18/><G75/><T80/><D110/><U51/><E135/><V55/><F55/><W33/><G119/><T64/><D35/><U4/><E128/><V133/><F44/><W74/><G74/><T106/><D116/><U132/><E4/><N who="2" m="3079" /><F103/><W114/><G54/><T45/><D122/><U34/><E132/><V57/><F57/><W71/><G71/><T107/><D50/><U97/><E76/><V15/><F39/><W117/><G117/><T62/><D65/><U121/><E121/><V99/><F99/><W48/><G86/><T100/><REACH who="0" step="1"/><D90/><REACH who="0" ten="150,447,237,156" step="2"/><U37/><E37/><V101/><F109/><W85/><G33/><T42/><AGARI ba="0,1" hai="42,45,49,62,64,70,80,84,89,96,100,105,106,107" machi="42" ten="20,8000,1" yaku="1,1,2,1,0,1,7,1,52,1,53,0" doraHai="66" doraHaiUra="13" who="0" fromWho="0" sc="150,90,447,-40,237,-20,156,-20" /><INIT seed="6,0,0,4,3,74" ten="240,407,217,136" oya="2" hai0="83,112,105,96,113,131,88,133,69,36,29,109,121" hai1="15,120,34,9,58,104,45,31,11,19,67,6,116" hai2="1,48,123,40,85,38,65,8,73,64,108,134,63" hai3="100,122,23,55,22,49,14,17,90,2,32,77,84"/><V46/><F73/><W70/><G122/><T82/><D36/><U30/><E104/><V59/><F85/><W54/><G32/><T125/><D69/><U78/><E116/><V28/><F28/><W13/><G2/><T25/><D109/><U132/><E34/><V97/><F97/><W126/><G70/><T135/><D125/><U130/><E130/><V3/><F8/><W124/><G100/><N who="0" m="62599" /><D121/><U37/><E132/><N who="0" m="50761" /><D131/><U94/><E94/><V68/><F134/><W57/><G124/><T76/><D25/><U61/><E37/><V47/><F123/><W118/><G126/><T106/><D29/><U56/><E120/><V51/><F3/><W93/><G118/><T21/><D21/><U107/><E31/><V33/><F33/><W87/><G55/><T110/><D110/><U53/><E30/><V24/><F24/><W92/><G23/><T41/><D41/><U86/><E11/><V42/><F1/><W117/><G117/><T98/><D83/><U27/><E27/><V26/><F26/><W80/><REACH who="3" step="1"/><G14/><REACH who="3" ten="240,407,217,126" step="2"/><T43/><D106/><U79/><E107/><V18/><F108/><W50/><G50/><T115/><D115/><U91/><E15/><V0/><F0/><W16/><G16/><T102/><D102/><U72/><E19/><V81/><F18/><W52/><G52/><T95/><D43/><U12/><E53/><N who="2" m="32167" /><F81/><AGARI ba="0,1" hai="13,17,22,49,54,57,77,80,81,84,87,90,92,93" machi="81" ten="30,7700,0" yaku="1,1,7,1,8,1,52,1,53,0" doraHai="74" doraHaiUra="20" who="3" fromWho="2" sc="240,0,407,0,217,-77,126,87" /><INIT seed="7,0,0,5,3,86" ten="240,407,140,213" oya="3" hai0="97,93,17,117,9,40,28,43,115,2,37,22,101" hai1="111,96,106,13,63,118,90,99,42,85,95,57,98" hai2="73,80,112,72,24,15,41,133,6,83,19,16,18" hai3="68,58,52,74,29,107,50,70,88,20,62,100,129"/><W75/><G129/><T94/><D117/><U49/><E111/><V84/><F133/><W33/><G70/><T132/><D37/><U4/><E106/><V87/><F112/><W55/><G33/><T135/><D28/><U91/><E118/><V46/><F24/><W65/><G107/><T60/><D60/><U39/><E39/><V110/><F110/><W66/><G100/><T11/><D94/><U38/><E38/><V119/><F119/><W12/><G66/><T113/><D2/><U5/><E90/><V32/><F32/><W14/><G55/><T56/><D56/><U130/><E13/><V89/><F6/><W134/><G134/><N who="0" m="51243" /><D43/><U122/><E130/><V82/><F82/><W59/><G68/><T126/><D40/><U125/><E125/><V116/><F116/><W104/><G104/><T7/><D7/><U131/><E131/><V53/><F53/><W21/><G14/><N who="0" m="9527" /><D126/><U109/><E109/><V79/><REACH who="2" step="1"/><F15/><REACH who="2" ten="240,407,130,213" step="2"/><W67/><G12/><T81/><D81/><U124/><E5/><V8/><F8/><AGARI ba="0,1" hai="8,9,11,93,97,101,113,115" m="9527,51243" machi="8" ten="30,1000,0" yaku="20,1" doraHai="86" who="0" fromWho="2" sc="240,20,407,0,130,-10,213,0" owari="260,6.0,407,51.0,120,-38.0,213,-19.0" /></mjloggm>