<mjloggm ver="2.3"><GO type="41" lobby="0"/><UN n0="%6E%61%6F%2E" n1="%E2%93%9D%53%75%70%68%78" n2="%73%75%7A%75%72%69%33%32" n3="%4D%72%46%65%6E%67" dan="14,17,14,15" rate="1924.13,2001.22,1878.07,1991.00" sx="M,M,M,M"/><TAIKYOKU oya="0"/><INIT seed="0,0,0,0,1,58" ten="250,250,250,250" oya="0" hai0="132,80,94,3,11,26,17,71,48,102,22,92,98" hai1="62,91,50,61,66,86,57,84,83,101,30,127,46" hai2="21,74,103,122,42,112,129,96,99,59,31,73,109" hai3="41,14,63,36,125,37,5,111,89,110,2,87,108"/><T135/><D71/><U44/><E127/><V65/><F112/><W29/><G125/><T43/><D80/><U0/><E0/><V115/><F115/><W88/><G2/><T6/><REACH who="0" step="1"/><D94/><REACH who="0" ten="240,250,250,250" step="2"/><U15/><E83/><V77/><F122/><W104/><G104/><T27/><D27/><U131/><E131/><V33/><F129/><W10/><G111/><T134/><D134/><U64/><E64/><V54/><F65/><W105/><G110/><T19/><D19/><U90/><E66/><V133/><F133/><W34/><G108/><T55/><D55/><U47/><E30/><V68/><F54/><W70/><G105/><T56/><D56/><U39/><E57/><V4/><F59/><W53/><G70/><T18/><D18/><U13/><E47/><AGARI ba="0,1" hai="3,6,11,17,22,26,43,47,48,92,98,102,132,135" machi="47" ten="40,2000,0" yaku="1,1,53,0" doraHai="58" doraHaiUra="78" who="0" fromWho="1" sc="240,30,250,-20,250,0,250,0" /><INIT seed="0,1,0,2,1,49" ten="270,230,250,250" oya="0" hai0="3,55,47,126,124,99,123,128,20,114,67,51,40" hai1="22,52,81,131,38,16,90,29,93,71,24,69,95" hai2="60,88,54,37,21,0,130,43,122,108,132,9,117" hai3="82,27,76,127,61,102,34,129,104,113,66,105,6"/><T98/><D123/><U111/><E38/><V10/><F108/><W41/><G113/><T57/><D114/><U42/><E42/><V28/><F122/><W39/><G127/><N who="0" m="48683" /><D3/><U12/><E131/><V134/><F130/><W45/><G129/><T63/><D128/><U116/><E116/><V8/><F43/><W96/><G6/><T50/><D20/><U94/><E111/><V109/><F37/><W115/><G104/><T119/><D119/><U4/><E4/><V87/><F21/><W83/><G76/><T30/><D30/><U65/><E65/><V26/><F109/><W44/><G44/><AGARI ba="1,0" hai="40,44,47,50,51,55,57,63,67,98,99" m="48683" machi="44" ten="30,2900,0" yaku="18,1,52,1" doraHai="49" who="0" fromWho="3" sc="270,32,230,0,250,0,250,-32" /><INIT seed="0,2,0,4,2,105" ten="302,230,250,218" oya="0" hai0="66,48,64,115,6,45,110,47,87,20,109,13,91" hai1="73,53,54,27,5,113,103,123,120,14,74,85,0" hai2="17,130,8,117,58,16,125,83,80,95,128,11,100" hai3="61,135,59,75,111,132,32,40,12,82,28,21,37"/><T102/><D115/><U107/><E14/><V4/><F125/><W3/><G3/><T134/><D102/><U56/><E113/><V116/><F58/><W34/><G111/><N who="0" m="42507" /><D134/><N who="3" m="51241" /><G40/><T81/><D45/><U79/><E27/><V96/><F128/><W104/><G37/><T122/><D122/><U86/><E79/><V69/><F69/><W101/><G101/><T106/><D106/><U126/><E103/><V114/><F130/><W42/><G42/><T10/><D20/><U44/><E107/><V52/><F52/><AGARI ba="2,0" hai="6,10,13,47,48,52,64,66,81,87,91" m="42507" machi="52" ten="30,5800,0" yaku="14,1,10,1,54,1" doraHai="105" who="0" fromWho="2" sc="302,64,230,0,250,-64,218,0" /><INIT seed="0,3,0,2,2,120" ten="366,230,186,218" oya="0" hai0="104,128,3,34,94,23,0,78,113,63,101,16,69" hai1="126,73,64,81,10,39,103,31,123,61,91,30,28" hai2="112,66,132,1,42,29,102,105,62,86,72,93,60" hai3="37,2,134,79,9,87,6,129,121,41,11,15,59"/><T51/><D34/><U45/><E123/><V108/><F1/><W99/><G121/><T35/><D113/><U24/><E103/><V95/><F72/><W44/><G129/><T22/><D35/><U58/><E126/><V25/><F42/><W97/><G134/><T116/><D104/><U40/><E10/><V84/><F112/><W18/><G87/><T43/><D116/><U118/><E118/><V8/><F8/><W107/><G107/><T117/><D117/><U88/><REACH who="1" step="1"/><E24/><REACH who="1" ten="366,220,186,218" step="2"/><V96/><F132/><W55/><REACH who="3" step="1"/><G79/><AGARI ba="3,1" hai="28,30,31,39,40,45,58,61,64,73,79,81,88,91" machi="79" ten="40,5200,0" yaku="1,1,2,1,54,1,53,0" doraHai="120" doraHaiUra="125" who="1" fromWho="3" sc="366,0,220,71,186,0,218,-61" /><INIT seed="1,0,0,4,5,120" ten="366,291,186,157" oya="1" hai0="106,121,48,84,82,83,29,50,60,74,12,37,66" hai1="94,77,127,0,71,13,46,97,72,3,111,90,129" hai2="45,96,35,79,55,124,10,41,126,21,87,125,16" hai3="117,107,14,33,76,8,70,44,11,112,59,103,75"/><U51/><E71/><V101/><F35/><W68/><G112/><T104/><D121/><U89/><E129/><V9/><F55/><W49/><G33/><T109/><D37/><U92/><E127/><V18/><F87/><W62/><G117/><T2/><D2/><U30/><E30/><V78/><F79/><W34/><G34/><T110/><D29/><U1/><E13/><V69/><F78/><W113/><G11/><N who="2" m="4105" /><F21/><W26/><G26/><T4/><D12/><U100/><E111/><N who="0" m="42505" /><D4/><U58/><E58/><V31/><F69/><W43/><G113/><T135/><D135/><U40/><REACH who="1" step="1"/><E94/><REACH who="1" ten="366,281,186,157" step="2"/><N who="2" m="58519" /><F31/><W132/><G70/><T15/><D15/><U88/><E88/><V23/><F23/><W130/><G68/><N who="0" m="42055" /><D106/><U81/><AGARI ba="0,1" hai="0,1,3,40,46,51,72,77,81,89,90,92,97,100" machi="81" ten="40,7800,0" yaku="1,1,0,1,53,1" doraHai="120" doraHaiUra="42" who="1" fromWho="1" sc="366,-26,281,88,186,-26,157,-26" /><INIT seed="1,1,0,5,4,63" ten="340,369,160,131" oya="1" hai0="90,12,51,115,95,105,60,10,93,103,54,100,21" hai1="56,108,97,75,121,34,79,84,91,22,87,65,71" hai2="89,69,8,45,28,35,40,135,32,88,81,107,30" hai3="72,82,92,33,114,109,66,132,18,26,39,86,125"/><U24/><E71/><V50/><F107/><W116/><G114/><T78/><D115/><U11/><E34/><V118/><F118/><W49/><G39/><T15/><D105/><U98/><E75/><V74/><F135/><W61/><G116/><T42/><D78/><U112/><E108/><V14/><F69/><W19/><G109/><T120/><D42/><U134/><E121/><V57/><F74/><W0/><G0/><T127/><D127/><U38/><E11/><V123/><F123/><W31/><G132/><T111/><D111/><U17/><E38/><V58/><F35/><W48/><G92/><T129/><D60/><N who="1" m="38023" /><E112/><V67/><F32/><W47/><G72/><T126/><D129/><U106/><E106/><V29/><F81/><W124/><G49/><T117/><D117/><U96/><E134/><V119/><F119/><W76/><G125/><T9/><D21/><U55/><E79/><V77/><F77/><W43/><REACH who="3" step="1"/><G124/><REACH who="3" ten="340,369,160,121" step="2"/><T1/><D1/><U122/><E122/><V16/><F57/><AGARI ba="1,1" hai="18,19,26,31,33,43,47,48,57,61,66,76,82,86" machi="57" ten="30,7700,0" yaku="1,1,2,1,7,1,52,1,53,0" doraHai="63" doraHaiUra="102" who="3" fromWho="2" sc="340,0,369,0,160,-80,121,90" /><INIT seed="2,0,0,5,4,128" ten="340,369,80,211" oya="2" hai0="131,14,31,18,7,95,113,49,125,48,41,91,104" hai1="71,61,117,135,32,12,114,20,52,127,47,57,111" hai2="88,67,37,65,10,66,112,85,24,96,19,45,115" hai3="69,132,64,30,121,106,21,80,60,75,17,4,123"/><V93/><F37/><W53/><G106/><T62/><D104/><U26/><E114/><V50/><F10/><W42/><G30/><T58/><D113/><U63/><E117/><V11/><F24/><W46/><G4/><T90/><D131/><U51/><E111/><V82/><F19/><W77/><G53/><T98/><D125/><U116/><E116/><V102/><REACH who="2" step="1"/><F11/><REACH who="2" ten="340,369,70,211" step="2"/><W74/><G121/><T54/><D7/><U79/><E26/><V126/><F126/><W55/><G123/><T73/><D31/><U130/><E127/><V109/><F109/><W33/><G17/><T119/><D119/><U35/><E130/><V94/><F94/><W100/><G80/><T5/><D5/><U1/><E12/><V105/><F105/><W29/><G29/><T23/><D14/><U72/><E35/><V68/><F68/><W124/><G69/><T89/><D18/><U70/><E70/><V39/><F39/><W40/><G33/><T6/><D6/><U43/><E32/><V38/><F38/><W27/><G27/><T34/><D34/><U2/><E20/><V8/><F8/><W81/><G21/><T44/><D23/><U101/><E71/><V36/><F36/><W120/><G120/><T107/><D107/><U118/><E118/><V78/><F78/><W25/><G77/><T133/><D133/><U110/><E135/><V56/><F56/><W87/><G132/><T92/><D95/><U15/><E110/><V83/><F83/><W122/><G81/><T9/><D9/><U84/><E79/><V16/><F16/><W99/><G124/><RYUUKYOKU ba="0,1" sc="340,-10,369,-10,70,30,211,-10" hai2="45,50,65,66,67,82,85,88,93,96,102,112,115" /><INIT seed="2,1,1,5,2,76" ten="330,359,100,201" oya="2" hai0="129,23,114,85,91,58,84,92,19,117,24,28,102" hai1="10,41,55,69,46,110,89,86,66,111,11,44,108" hai2="51,103,62,122,7,115,99,32,63,109,43,88,45" hai3="14,57,118,47,1,40,130,106,105,82,128,120,75"/><V94/><F32/><W42/><G1/><T65/><D114/><U70/><E55/><V81/><F115/><W125/><G120/><T34/><D117/><U79/><E79/><V50/><F122/><W132/><G118/><T31/><D129/><N who="3" m="49769" /><G125/><T38/><D38/><N who="1" m="21559" /><E46/><V30/><F109/><W126/><G126/><T39/><D39/><U67/><E67/><V104/><F30/><W26/><G42/><T29/><D85/><U0/><E66/><V112/><F112/><W16/><G26/><T90/><D91/><U21/><E21/><V71/><F104/><W116/><G132/><T134/><D134/><U4/><E11/><V77/><F103/><W27/><G27/><T101/><D34/><U133/><E133/><V13/><F51/><N who="3" m="27111" /><G57/><T60/><AGARI ba="1,1" hai="19,23,24,28,29,31,58,60,65,84,90,92,101,102" machi="60" ten="30,2000,0" yaku="0,1,8,1" doraHai="76" who="0" fromWho="0" sc="330,33,359,-6,100,-11,201,-6" /><INIT seed="3,0,0,1,3,85" ten="363,353,89,195" oya="3" hai0="112,126,25,27,54,70,49,20,124,68,61,109,125" hai1="41,44,35,86,2,42,46,39,120,59,11,129,115" hai2="98,82,83,97,31,128,92,131,24,101,72,53,38" hai3="43,30,23,0,77,123,100,52,62,130,75,4,22"/><W108/><G123/><T74/><D74/><U33/><E120/><V81/><F38/><W32/><G130/><N who="2" m="49705" /><F53/><W28/><G108/><T12/><D112/><U37/><E129/><V10/><F10/><W56/><G100/><T132/><D109/><U71/><E115/><V15/><F15/><W67/><G43/><T114/><D114/><U93/><E59/><V99/><F24/><W1/><G77/><T91/><D132/><U113/><E71/><V65/><F65/><W84/><G75/><T40/><D40/><U78/><E113/><V60/><F60/><W118/><G32/><T57/><D91/><U13/><E2/><V55/><F55/><W36/><G36/><T96/><D96/><N who="2" m="36970" /><F31/><N who="3" m="11819" /><G4/><T45/><D12/><U121/><E121/><V3/><F3/><W95/><G1/><T133/><D133/><U19/><REACH who="1" step="1"/><E78/><AGARI ba="0,0" hai="72,78,81,82,83,92,99,101" m="36970,49705" machi="78" ten="30,3900,0" yaku="19,1,34,2" doraHai="85" who="2" fromWho="1" sc="363,0,353,-39,89,39,195,0" /><INIT seed="4,0,0,3,4,118" ten="363,314,128,195" oya="0" hai0="14,92,112,0,44,24,15,68,31,121,119,80,85" hai1="41,99,89,2,34,86,21,76,70,61,96,128,129" hai2="126,97,23,74,59,26,37,19,10,124,51,77,63" hai3="82,134,87,127,8,50,132,32,40,7,93,45,54"/><T49/><D68/><U84/><E41/><V35/><F37/><W88/><G32/><T110/><D0/><U75/><E21/><V91/><F77/><W95/><G127/><T52/><D119/><U120/><E2/><V79/><F79/><W42/><G42/><T38/><D110/><U58/><E34/><V16/><F74/><W47/><G132/><T33/><D112/><U17/><E17/><V56/><F51/><W6/><G134/><T94/><D38/><U60/><E70/><V66/><F35/><W62/><G7/><T104/><D104/><U107/><E58/><V106/><F59/><W43/><G43/><T130/><D130/><U11/><E11/><V22/><F10/><W90/><G90/><T39/><D39/><U25/><E25/><V131/><F131/><W113/><G113/><T135/><D135/><U116/><E89/><V123/><F91/><W29/><G29/><T100/><D121/><U18/><E18/><V20/><F123/><W28/><G28/><T13/><REACH who="0" step="1"/><D100/><REACH who="0" ten="353,314,128,195" step="2"/><U36/><E36/><V9/><F106/><W69/><G69/><T27/><D27/><U72/><E107/><V3/><F26/><W98/><G98/><T105/><D105/><U78/><E116/><V114/><F97/><W102/><G102/><T57/><D57/><U65/><E65/><V46/><F114/><W125/><G125/><N who="2" m="48233" /><F46/><W115/><G115/><T67/><D67/><U71/><E71/><V83/><F66/><W133/><G133/><T103/><D103/><U64/><E64/><V73/><F56/><N who="3" m="35095" /><G47/><T122/><D122/><AGARI ba="0,1" hai="60,61,72,75,76,78,84,86,96,99,120,122,128,129" machi="122" ten="25,6400,0" yaku="22,2,52,2" doraHai="118" who="1" fromWho="0" sc="353,-64,314,74,128,0,195,0" /><INIT seed="5,0,0,5,5,55" ten="289,388,128,195" oya="1" hai0="54,9,70,4,11,86,37,73,110,53,64,77,18" hai1="47,51,91,20,123,30,130,58,107,13,43,23,99" hai2="21,59,88,133,117,108,124,25,122,63,75,102,129" hai3="119,31,40,82,1,56,66,10,93,84,29,115,44"/><U46/><E130/><V36/><F108/><W78/><G119/><T68/><D37/><U85/><E123/><V104/><F117/><W52/><G66/><T15/><D110/><U106/><E99/><V39/><F122/><W103/><G115/><T2/><D73/><U83/><E107/><V116/><F75/><W80/><G80/><T71/><REACH who="0" step="1"/><D64/><REACH who="0" ten="279,388,128,195" step="2"/><U12/><E43/><V105/><F116/><W94/><G40/><T90/><D90/><U113/><E91/><V121/><F39/><W41/><G103/><T89/><D89/><U127/><E113/><V67/><F36/><W74/><G74/><T109/><D109/><U35/><E85/><V128/><F102/><W27/><G41/><T26/><D26/><U92/><E83/><AGARI ba="0,1" hai="2,4,9,11,15,18,53,54,68,70,71,77,83,86" machi="83" ten="40,5200,0" yaku="1,1,53,2" doraHai="55" doraHaiUra="7" who="0" fromWho="1" sc="279,62,388,-52,128,0,195,0" /><INIT seed="6,0,0,4,3,101" ten="341,336,128,195" oya="2" hai0="110,118,2,29,68,11,48,42,65,91,82,113,19" hai1="88,133,50,28,36,32,45,3,64,57,116,112,92" hai2="109,103,59,77,67,129,105,63,10,52,70,131,120" hai3="16,80,89,6,40,97,126,81,78,8,96,17,51"/><V104/><F77/><W84/><G126/><T62/><D118/><U108/><E108/><V15/><F109/><W135/><G135/><T35/><D110/><U49/><E3/><V5/><F120/><W74/><G40/><T61/><D113/><U26/><E116/><V4/><F103/><W86/><G74/><T83/><D35/><U18/><E112/><V27/><F27/><W41/><G41/><T54/><D29/><U107/><E107/><V7/><F4/><W21/><G51/><T124/><D124/><U114/><E36/><V25/><F5/><W33/><G33/><T134/><D42/><U58/><E133/><V55/><F25/><W94/><G21/><T73/><D134/><U53/><E114/><V9/><F9/><W66/><G66/><T128/><D128/><N who="2" m="49226" /><F55/><W56/><G56/><T130/><D130/><U34/><E34/><V24/><F24/><W14/><G96/><T75/><D61/><AGARI ba="0,0" hai="7,10,15,52,59,61,63,67,70,104,105" m="49226" machi="61" ten="30,11600,0" yaku="19,1,52,2,54,1" doraHai="101" who="2" fromWho="0" sc="341,-116,336,0,128,116,195,0" /><INIT seed="6,1,0,1,2,4" ten="225,336,244,195" oya="2" hai0="63,39,37,114,106,105,84,62,127,31,50,116,52" hai1="131,86,43,40,29,58,9,45,124,59,46,61,11" hai2="38,119,56,96,67,88,6,49,83,82,25,122,3" hai3="101,99,48,0,69,51,89,73,13,110,129,14,81"/><V15/><F38/><W111/><G0/><T8/><D116/><U7/><E131/><V109/><F3/><W66/><G129/><T33/><D127/><U23/><E7/><V135/><F122/><W98/><G66/><T28/><D114/><U91/><E124/><V53/><F135/><W80/><G69/><T100/><D84/><U26/><E59/><V115/><F115/><W120/><G89/><T74/><D74/><U97/><E97/><V123/><F123/><W16/><G120/><T22/><D22/><U32/><E32/><V2/><F2/><W24/><G24/><T104/><D100/><U78/><E78/><V107/><F25/><W77/><G13/><T5/><D33/><U10/><E43/><V57/><F107/><W108/><G81/><T134/><D134/><U75/><E40/><V117/><F109/><W47/><G47/><T85/><D85/><U133/><E75/><V34/><F34/><W17/><G17/><T95/><D95/><N who="1" m="54775" /><E133/><V130/><F130/><W36/><G36/><T126/><D126/><U65/><AGARI ba="1,0" hai="9,10,11,23,26,29,45,46,58,61,65" m="54775" machi="65" ten="30,7900,0" yaku="8,1,52,3" doraHai="4" who="1" fromWho="1" sc="225,-21,336,82,244,-40,195,-21" /><INIT seed="7,0,0,3,3,12" ten="204,418,204,174" oya="3" hai0="77,126,74,23,122,17,114,13,69,101,21,92,15" hai1="84,36,29,19,72,71,108,134,93,135,130,100,102" hai2="132,89,64,38,7,32,22,96,14,52,81,117,16" hai3="61,75,97,28,57,56,98,6,78,82,37,63,105"/><W133/><G37/><T59/><D69/><U45/><E108/><V124/><F38/><W30/><G133/><T60/><D122/><U66/><E130/><V88/><F32/><W99/><G105/><T106/><D106/><U25/><E19/><V68/><F117/><W109/><G109/><T120/><D120/><U40/><E72/><V127/><F132/><N who="1" m="50729" /><E66/><V2/><F64/><W115/><G115/><T55/><D126/><N who="2" m="48170" /><F68/><W48/><G6/><T128/><D114/><U123/><E123/><V83/><F52/><W24/><G48/><T3/><D3/><U20/><E71/><V79/><F96/><W113/><G113/><T94/><D128/><U54/><E54/><V85/><F81/><W18/><G57/><T11/><D74/><U43/><E43/><V9/><AGARI ba="0,0" hai="2,7,9,14,16,22,79,83,85,88,89" m="48170" machi="9" ten="30,7900,0" yaku="18,1,52,1,54,2" doraHai="12" who="2" fromWho="2" sc="204,-20,418,-20,204,79,174,-39" owari="184,-22.0,398,50.0,283,8.0,135,-36.0" /></mjloggm>