<mjloggm ver="2.3"><GO type="41" lobby="0"/><UN n0="%E2%93%9D%53%75%70%68%78" n1="%E3%83%89%E3%83%A9%E3%82%AF%E3%83%AD%E3%82%A2" n2="%75%72%75%7A%37" n3="%E6%AF%94%E5%98%89%E7%A7%80%E4%BB%81" dan="19,14,14,15" rate="2155.42,1916.51,1963.00,1963.27" sx="M,M,M,M"/><TAIKYOKU oya="0"/><INIT seed="0,0,0,5,0,1" ten="250,250,250,250" oya="0" hai0="92,33,2,91,48,43,0,76,20,79,10,72,4" hai1="114,118,84,16,135,88,32,62,3,29,107,19,66" hai2="106,8,73,86,21,50,26,115,15,65,53,17,103" hai3="34,121,68,77,39,44,113,85,90,117,96,47,14"/><T130/><D33/><U134/><E3/><V93/><F73/><W87/><G117/><T30/><D130/><U46/><E107/><V110/><F115/><W31/><G113/><T83/><D79/><U129/><E114/><V122/><F122/><W75/><G68/><T67/><D67/><U36/><E118/><V23/><F106/><W57/><G75/><T123/><D123/><U127/><E127/><V60/><F110/><W78/><G39/><T24/><D2/><U7/><E7/><V98/><F86/><W116/><G116/><T38/><D48/><U55/><E129/><V100/><F100/><W128/><G128/><T74/><D74/><U54/><E54/><V119/><F119/><W105/><G105/><T27/><D27/><U125/><E125/><V111/><F111/><W81/><G34/><T70/><D70/><U42/><E29/><V59/><REACH who="2" step="1"/><F26/><REACH who="2" ten="250,250,240,250" step="2"/><W133/><G121/><T126/><D126/><U89/><E84/><V35/><F35/><W6/><G87/><T51/><D92/><U132/><E32/><V9/><F9/><W95/><G78/><T97/><D91/><N who="1" m="34891" /><E55/><V101/><F101/><W112/><G112/><T12/><D72/><U5/><E134/><V71/><AGARI ba="0,1" hai="8,15,17,21,23,50,53,59,60,65,71,93,98,103" machi="71" ten="20,2700,0" yaku="1,1,0,1,7,1,53,0" doraHai="1" doraHaiUra="28" who="2" fromWho="2" sc="250,-13,250,-7,240,37,250,-7" /><INIT seed="1,0,0,4,1,65" ten="237,243,277,243" oya="1" hai0="83,7,57,110,87,49,14,23,58,71,25,132,95" hai1="46,99,3,60,19,75,41,27,121,86,6,59,94" hai2="64,123,102,128,74,26,18,78,119,115,79,13,29" hai3="20,61,47,35,15,52,112,98,39,9,38,34,69"/><U77/><E121/><V44/><F119/><W89/><G112/><T17/><D110/><U93/><E75/><V40/><F123/><W67/><G20/><T48/><D132/><U107/><E3/><V5/><F5/><W28/><G28/><T133/><D71/><U36/><E6/><V122/><F102/><W117/><G117/><T2/><D95/><U127/><E127/><V51/><F128/><W10/><G38/><T43/><D2/><U8/><E107/><V4/><F4/><W0/><G0/><T114/><D133/><U96/><E77/><V12/><F12/><W105/><G10/><T80/><D80/><U135/><E135/><V37/><F37/><W88/><G105/><T126/><D114/><U131/><E131/><V11/><F74/><W92/><G89/><T106/><D106/><U113/><E113/><V120/><F115/><W56/><G39/><T97/><D97/><U108/><E108/><V16/><F18/><W101/><G101/><T111/><D126/><U22/><E8/><V104/><F104/><W45/><G34/><T31/><D7/><U33/><E33/><V100/><F100/><W109/><G35/><T21/><D111/><U68/><E68/><V73/><F122/><W1/><G1/><T42/><D49/><U125/><E125/><V134/><F134/><W54/><G109/><T85/><D48/><U50/><E36/><V55/><F51/><N who="3" m="30751" /><G54/><T116/><D116/><U118/><E118/><V30/><F55/><W130/><G130/><T124/><D124/><U66/><E94/><V81/><F120/><W63/><G63/><RYUUKYOKU ba="0,0" sc="237,-15,243,15,277,-15,243,15" hai1="19,22,27,41,46,50,59,60,66,86,93,96,99" hai3="9,15,45,47,61,67,69,88,92,98" /><INIT seed="1,1,0,2,3,24" ten="222,258,262,258" oya="1" hai0="25,33,7,28,91,119,108,76,58,82,92,44,2" hai1="46,134,39,23,106,21,4,1,50,38,29,47,68" hai2="70,51,80,3,118,10,8,5,78,49,83,45,73" hai3="87,16,81,99,67,42,52,120,54,74,97,98,93"/><U107/><E68/><V104/><F118/><W48/><G120/><T26/><D108/><U22/><E134/><V35/><F104/><W89/><G67/><T57/><D119/><U123/><E50/><V66/><F35/><W101/><G42/><T30/><D44/><U41/><E4/><V69/><F10/><W132/><G132/><T84/><D7/><U122/><E1/><V18/><F83/><W17/><G54/><T43/><D43/><U90/><E41/><V135/><F49/><W32/><G32/><T36/><D36/><U37/><E29/><V62/><F18/><N who="3" m="7275" /><G74/><T88/><D2/><U86/><E90/><V112/><F112/><W34/><G34/><T71/><D71/><U64/><E86/><V95/><F135/><W27/><G27/><T103/><D103/><U85/><E85/><V59/><F95/><W129/><G129/><T20/><REACH who="0" step="1"/><D91/><REACH who="0" ten="212,258,262,258" step="2"/><U11/><E11/><V127/><F127/><W105/><G105/><N who="1" m="39946" /><E64/><V116/><F116/><W102/><G102/><T19/><D19/><U109/><E109/><V121/><F121/><AGARI ba="1,1" hai="21,22,23,37,38,39,46,47,121,122,123" m="39946" machi="121" ten="40,3900,0" yaku="28,2" doraHai="24" who="1" fromWho="2" sc="212,0,258,52,262,-42,258,0" /><INIT seed="1,2,0,2,5,11" ten="212,310,220,258" oya="1" hai0="62,43,112,93,100,85,115,6,111,61,130,52,64" hai1="121,75,109,108,40,120,42,102,54,20,98,63,84" hai2="66,18,104,86,79,135,114,1,10,44,0,27,94" hai3="58,123,16,45,73,92,116,74,106,22,33,119,34"/><U80/><E75/><N who="3" m="28682" /><G106/><T110/><D6/><U97/><E20/><V29/><F104/><W55/><G45/><T24/><D24/><U36/><E54/><V50/><F135/><W28/><G28/><T76/><D76/><U5/><E5/><V67/><F114/><W7/><G7/><T125/><D85/><U118/><E63/><V3/><F79/><W89/><G123/><T46/><D93/><U23/><E23/><V65/><F86/><N who="3" m="52279" /><G58/><N who="0" m="35015" /><D100/><U124/><E36/><V19/><F94/><W57/><G57/><N who="0" m="36943" /><D125/><U82/><E84/><V134/><F134/><W26/><G55/><T14/><D14/><U59/><E59/><V21/><F10/><W101/><G101/><T133/><D130/><U41/><E118/><AGARI ba="2,0" hai="16,22,26,33,34,116,118,119" m="52279,28682" machi="118" ten="30,2000,0" yaku="12,1,54,1" doraHai="11" who="3" fromWho="1" sc="212,0,310,-26,220,0,258,26" /><INIT seed="2,0,0,4,5,5" ten="212,284,220,284" oya="2" hai0="16,82,67,96,108,45,26,103,78,31,56,9,70" hai1="18,80,64,74,44,92,32,58,52,63,30,14,73" hai2="127,112,79,130,97,123,34,135,87,1,49,116,4" hai3="85,68,113,99,121,122,133,42,65,17,15,104,0"/><V129/><F112/><W37/><G0/><T41/><D70/><U119/><E119/><V100/><F116/><W25/><G113/><T61/><D108/><U75/><E30/><V117/><F123/><W23/><G133/><T128/><D128/><U91/><E32/><V55/><F117/><W19/><G37/><T111/><D111/><U27/><E27/><V69/><F69/><W13/><G42/><T90/><D90/><U106/><E106/><V48/><F34/><W54/><G54/><T109/><D109/><U36/><E80/><N who="2" m="47519" /><F127/><W20/><G85/><T11/><D31/><U57/><E74/><V98/><F98/><W81/><G81/><T86/><D16/><U66/><E66/><V88/><F100/><W2/><G2/><T40/><D26/><U3/><E3/><V124/><F55/><W43/><G43/><T76/><D76/><U77/><E77/><V53/><F53/><W83/><G83/><T60/><D60/><U95/><E95/><N who="2" m="56551" /><F124/><W35/><G35/><T84/><D84/><U118/><E118/><V102/><F102/><W22/><G65/><T89/><D78/><U107/><E107/><V132/><F4/><W10/><G68/><T110/><D110/><U131/><E131/><V28/><F1/><W120/><REACH who="3" step="1"/><G25/><REACH who="3" ten="212,284,220,274" step="2"/><T71/><D71/><U126/><E126/><V6/><F130/><W33/><G33/><T62/><D41/><N who="1" m="22567" /><E64/><V50/><F129/><W24/><G24/><T38/><REACH who="0" step="1"/><D62/><REACH who="0" ten="202,284,220,274" step="2"/><U94/><E58/><V47/><F47/><W101/><AGARI ba="0,2" hai="10,13,15,17,19,20,22,23,99,101,104,120,121,122" machi="101" ten="40,8000,1" yaku="1,1,0,1,52,1,53,1" doraHai="5" doraHaiUra="7" who="3" fromWho="3" sc="202,-20,284,-20,220,-40,274,100" /><INIT seed="3,0,0,5,1,8" ten="182,264,180,374" oya="3" hai0="133,5,55,18,104,126,72,42,56,110,24,54,83" hai1="85,68,58,69,89,38,107,116,37,90,46,16,115" hai2="44,92,19,63,35,48,101,52,36,11,102,109,29" hai3="15,22,0,132,4,91,9,40,78,80,135,103,20"/><W57/><G103/><T2/><D104/><U64/><E107/><V74/><F109/><W106/><G106/><T95/><D110/><U6/><E6/><V75/><F36/><W39/><G57/><T32/><D126/><U34/><E34/><V82/><F63/><W100/><G100/><T93/><D133/><N who="3" m="51273" /><G91/><T120/><D120/><U53/><E115/><V114/><F114/><W117/><G117/><T125/><D56/><U67/><E116/><V99/><F102/><W73/><G0/><T50/><D2/><U112/><E112/><V81/><F81/><W62/><G62/><T13/><D83/><U7/><E7/><V33/><F82/><W1/><G1/><T122/><D5/><U59/><E46/><AGARI ba="0,0" hai="4,9,15,20,22,39,40,46,73,78,80" m="51273" machi="46" ten="30,2900,0" yaku="20,1,52,1" doraHai="8" who="3" fromWho="1" sc="182,0,264,-29,180,0,374,29" /><INIT seed="3,1,0,5,5,90" ten="182,235,180,403" oya="3" hai0="96,28,84,82,35,107,94,128,3,78,113,46,91" hai1="43,71,53,17,45,87,126,69,89,77,16,68,19" hai2="30,80,100,134,121,124,13,112,88,60,65,4,83" hai3="27,56,58,6,111,10,72,15,108,105,130,9,47"/><W26/><G105/><T21/><D3/><U99/><E126/><V74/><F112/><W14/><G72/><T70/><D113/><U98/><E77/><V41/><F30/><W103/><G103/><T104/><D35/><U123/><E53/><V63/><F100/><W12/><G47/><T133/><D70/><U1/><E1/><V57/><F41/><W5/><G15/><T23/><D128/><AGARI ba="1,0" hai="5,6,9,10,12,14,26,27,56,58,108,111,128,130" machi="128" ten="25,2400,0" yaku="22,2" doraHai="90" who="3" fromWho="0" sc="182,-27,235,0,180,0,403,27" /><INIT seed="3,2,0,5,2,111" ten="155,235,180,430" oya="3" hai0="68,0,45,54,28,84,7,6,108,63,98,101,93" hai1="74,12,119,30,75,100,107,61,20,22,95,40,104" hai2="31,24,65,110,4,66,102,50,10,94,5,96,59" hai3="103,132,113,9,39,114,58,57,127,29,82,106,27"/><W85/><G39/><T62/><D108/><U115/><E119/><V89/><F110/><W46/><G132/><T73/><D73/><U124/><E124/><V15/><F4/><W37/><G127/><T55/><D28/><U48/><E95/><V32/><F50/><W3/><G103/><T116/><D116/><U16/><E61/><V33/><F33/><W135/><G106/><T56/><D0/><U18/><E30/><V121/><F121/><W91/><G135/><T17/><D68/><U105/><E100/><V133/><F133/><W97/><G97/><T81/><D17/><U42/><E48/><V35/><F35/><W67/><G3/><T36/><D36/><U117/><E117/><V13/><F13/><W8/><G37/><T78/><REACH who="0" step="1"/><D45/><REACH who="0" ten="145,235,180,430" step="2"/><U34/><E34/><V41/><F59/><AGARI ba="2,1" hai="6,7,54,55,56,59,62,63,78,81,84,93,98,101" machi="59" ten="40,8000,1" yaku="1,1,2,1,9,1,8,1,53,1" doraHai="111" doraHaiUra="90" who="0" fromWho="2" sc="145,96,235,0,180,-86,430,0" /><INIT seed="4,0,0,1,0,56" ten="241,235,94,430" oya="0" hai0="16,80,37,29,98,32,103,86,96,39,15,112,13" hai1="27,110,38,109,19,87,94,14,135,124,107,28,58" hai2="51,20,99,5,77,66,90,30,36,34,22,59,118" hai3="55,78,24,62,134,21,43,79,82,105,101,8,76"/><T71/><D112/><U116/><E107/><V133/><F36/><W42/><G134/><T65/><D15/><U6/><E38/><V111/><F111/><W64/><G101/><T73/><D73/><U121/><E6/><V2/><F77/><W89/><G105/><T70/><D98/><U106/><E106/><V128/><F128/><W67/><G8/><T129/><D129/><U23/><E116/><V25/><F133/><W97/><G55/><T102/><D29/><U0/><E0/><V132/><F51/><W35/><G35/><T12/><D32/><U60/><E135/><V123/><F123/><W117/><G117/><T10/><D103/><U115/><E124/><V53/><F66/><W120/><G120/><T50/><D50/><U9/><E115/><V31/><F31/><W91/><G67/><T100/><D100/><U69/><E69/><V44/><F44/><W131/><G131/><T41/><D41/><U33/><E33/><V92/><F118/><W40/><G97/><T68/><D13/><U18/><E28/><V104/><F104/><W7/><G7/><T11/><D11/><U113/><E113/><V93/><F132/><W85/><G91/><T47/><D47/><U72/><E72/><V119/><F119/><W127/><G127/><T17/><D65/><U63/><E58/><V46/><F46/><W126/><G126/><T49/><D49/><U88/><REACH who="1" step="1"/><E121/><REACH who="1" ten="241,225,94,430" step="2"/><V1/><F1/><W45/><G45/><T52/><D39/><U57/><E57/><V61/><F2/><W125/><G125/><T3/><D37/><U48/><E48/><RYUUKYOKU ba="0,1" sc="241,-10,225,30,94,-10,430,-10" hai1="9,14,18,19,23,27,60,63,87,88,94,109,110" /><INIT seed="5,1,1,1,5,115" ten="231,255,84,420" oya="1" hai0="51,118,135,134,104,128,26,120,33,81,32,133,4" hai1="53,38,76,65,91,16,12,48,2,74,90,103,73" hai2="86,87,107,13,93,101,98,41,112,3,40,99,66" hai3="108,123,35,24,8,20,100,19,83,37,71,92,63"/><U27/><E2/><V97/><F3/><W49/><G37/><T77/><D128/><U62/><E38/><V30/><F112/><W46/><G123/><T96/><D120/><U39/><E27/><V44/><F30/><W56/><G71/><T69/><D69/><U15/><E39/><V61/><F99/><N who="3" m="59495" /><G35/><T11/><D51/><U111/><E12/><V114/><F13/><W9/><G83/><T47/><D47/><U102/><E111/><V31/><F31/><W54/><G108/><T21/><D118/><U67/><E76/><V82/><F82/><W18/><G18/><N who="0" m="12599" /><D96/><U88/><E62/><V79/><F79/><W129/><G129/><T60/><D60/><U127/><E127/><V116/><F116/><W125/><G125/><T52/><D104/><U70/><E70/><V94/><F107/><W72/><G72/><N who="0" m="43175" /><D52/><AGARI ba="1,1" hai="8,9,19,20,24,46,49,52,54,56,63" m="59495" machi="52" ten="30,2000,0" yaku="8,1,54,1" doraHai="115" who="3" fromWho="0" sc="231,-23,255,0,84,0,420,33" /><INIT seed="6,0,0,4,0,100" ten="208,255,84,453" oya="2" hai0="128,110,126,125,33,80,67,94,23,57,17,53,45" hai1="63,83,50,36,118,15,93,10,66,19,108,35,134" hai2="133,18,95,122,40,84,14,43,77,120,72,58,8" hai3="12,61,135,49,48,106,52,85,21,115,20,37,113"/><V27/><F133/><W25/><G37/><T1/><D33/><U109/><E36/><V34/><F72/><W129/><G135/><T70/><D1/><U30/><E118/><V44/><F58/><N who="3" m="35015" /><G129/><T28/><D28/><U29/><E134/><V112/><F112/><N who="3" m="43083" /><G106/><T54/><D110/><U2/><E30/><V91/><F34/><W3/><G3/><T98/><D70/><U7/><E93/><V32/><F32/><W51/><G85/><T87/><D128/><U31/><E31/><V62/><F77/><W90/><G90/><T105/><D105/><U68/><E50/><V103/><F103/><W9/><G25/><T123/><D123/><U59/><E68/><V111/><F111/><W76/><G76/><T73/><D73/><U130/><E130/><V104/><F104/><W75/><G75/><T124/><D124/><U86/><E29/><V69/><F27/><W89/><G89/><T127/><D127/><U121/><E121/><V6/><F43/><W101/><G101/><T5/><D126/><U81/><E81/><V116/><F116/><W107/><G107/><T132/><D80/><U102/><E102/><V74/><F74/><W71/><G71/><T79/><D132/><U13/><E2/><V38/><REACH who="2" step="1"/><F6/><AGARI ba="0,0" hai="6,9,12,20,21,48,49,51" m="43083,35015" machi="6" ten="30,3900,0" yaku="15,1,11,1,54,1" doraHai="100" who="3" fromWho="2" sc="208,0,255,0,84,-39,453,39" /><INIT seed="7,0,0,4,5,73" ten="208,255,45,492" oya="3" hai0="117,11,12,0,59,71,121,91,1,63,102,46,83" hai1="94,77,38,85,9,69,126,90,66,81,49,84,75" hai2="28,99,133,129,14,128,8,97,22,57,43,78,125" hai3="30,52,106,101,116,41,131,32,123,65,89,122,88"/><W29/><G116/><T25/><D121/><U62/><E126/><V110/><F110/><W37/><G65/><T74/><D71/><U80/><E38/><V47/><F133/><W3/><G3/><T135/><D102/><U100/><E100/><V95/><F125/><W24/><G29/><T33/><D46/><U79/><E9/><V104/><F104/><W51/><G131/><T113/><D113/><U82/><E49/><V87/><F57/><W124/><G124/><T36/><D36/><U72/><REACH who="1" step="1"/><E82/><REACH who="1" ten="208,245,45,492" step="2"/><V70/><F70/><W119/><G123/><T96/><D83/><U31/><E31/><V7/><F129/><W132/><G122/><T58/><D11/><U34/><E34/><V93/><F128/><W39/><G39/><T112/><D33/><U50/><E50/><V92/><F97/><AGARI ba="0,1" hai="62,66,69,72,75,77,79,80,81,84,85,90,94,97" machi="97" ten="30,8000,1" yaku="1,1,7,1,9,1,52,2,53,0" doraHai="73" doraHaiUra="42" who="1" fromWho="2" sc="208,0,245,90,45,-80,492,0" owari="208,-19.0,335,14.0,-35,-54.0,492,59.0" /></mjloggm>