<mjloggm ver="2.3"><GO type="41" lobby="0"/><UN n0="%E2%93%9D%53%75%70%68%78" n1="%69%74%69%6E%69%73%73%61" n2="%E3%81%96%E3%81%8D%E3%82%93%E3%81%93" n3="%78%61%62%69%38" dan="18,15,16,15" rate="2120.26,2099.52,2056.05,2034.45" sx="M,M,F,M"/><TAIKYOKU oya="0"/><INIT seed="0,0,0,0,1,74" ten="250,250,250,250" oya="0" hai0="105,118,133,48,79,47,90,44,41,49,73,131,62" hai1="109,32,50,22,117,75,24,23,39,119,72,67,11" hai2="25,66,68,45,57,58,40,42,60,134,8,97,83" hai3="86,77,65,126,10,70,43,51,27,28,6,102,82"/><T19/><D118/><U3/><E39/><V103/><F134/><W113/><G113/><T96/><D131/><U129/><E67/><V61/><F8/><W1/><G126/><T93/><D133/><U31/><E50/><V18/><F83/><W114/><G114/><T16/><D105/><U29/><E129/><V17/><F25/><W33/><G102/><T121/><D121/><U98/><E98/><V37/><F42/><W115/><G115/><T132/><D132/><U110/><E72/><V4/><F4/><W52/><G65/><T21/><D62/><U128/><E75/><V76/><F76/><W36/><G36/><T38/><D38/><U78/><E78/><V12/><F12/><W64/><G64/><T108/><D108/><N who="1" m="41579" /><E128/><V101/><F101/><W116/><G116/><N who="1" m="44618" /><E31/><V84/><F84/><W14/><G43/><T94/><D73/><U71/><E71/><V112/><F112/><W56/><REACH who="3" step="1"/><G70/><REACH who="3" ten="250,250,250,240" step="2"/><T95/><D41/><U100/><E100/><V7/><F68/><W9/><G9/><T59/><D47/><U15/><E3/><AGARI ba="0,1" hai="1,3,6,10,14,27,28,33,51,52,56,77,82,86" machi="3" ten="40,8000,1" yaku="1,1,52,1,54,1,53,1" doraHai="74" doraHaiUra="26" who="3" fromWho="1" sc="250,0,250,-80,250,0,240,90" /><INIT seed="1,0,0,0,5,56" ten="250,170,250,330" oya="1" hai0="36,30,110,63,52,6,59,34,46,79,8,5,29" hai1="51,116,31,61,20,94,47,69,102,18,9,97,55" hai2="77,128,41,14,124,25,80,134,12,93,95,57,64" hai3="117,120,123,109,40,111,103,129,92,81,68,54,135"/><U2/><E31/><V4/><F134/><W65/><G103/><T60/><D110/><N who="3" m="41993" /><G92/><T67/><D79/><U132/><E132/><V72/><F128/><W16/><G81/><T82/><D6/><U50/><E116/><V104/><F104/><W98/><G135/><T10/><D10/><U33/><E33/><V48/><F124/><W53/><G98/><T13/><D34/><U58/><E69/><V28/><F41/><W131/><G117/><T26/><D26/><U23/><E50/><V78/><F78/><W35/><G35/><T38/><D82/><U1/><E9/><V86/><F72/><W83/><G40/><T27/><D46/><U85/><E85/><V84/><F84/><W76/><G65/><T89/><D89/><U100/><E100/><V105/><F105/><W99/><G99/><T133/><D133/><U90/><E102/><V130/><F95/><W118/><G16/><T113/><D113/><U49/><E49/><V39/><F93/><W22/><G22/><T32/><D30/><U3/><REACH who="1" step="1"/><E18/><REACH who="1" ten="250,160,250,330" step="2"/><V96/><F86/><N who="3" m="48487" /><G68/><AGARI ba="0,1" hai="5,8,13,27,29,32,36,38,52,59,60,63,67,68" machi="68" ten="30,7700,0" yaku="7,1,52,2,54,1" doraHai="56" who="0" fromWho="3" sc="250,87,160,0,250,0,330,-77" /><INIT seed="2,0,0,2,2,36" ten="337,160,250,253" oya="2" hai0="25,85,26,44,124,127,17,29,42,130,35,0,104" hai1="99,1,32,23,53,45,112,22,114,76,11,78,28" hai2="122,50,82,13,115,67,10,116,68,24,70,48,93" hai3="74,132,134,117,14,63,109,56,9,91,65,47,98"/><V46/><F122/><W131/><G117/><T72/><D72/><U3/><E99/><V39/><F116/><W105/><G74/><T2/><D104/><U77/><E53/><V97/><F115/><W113/><G113/><N who="1" m="43626" /><E45/><V96/><F24/><W88/><G109/><T81/><D130/><U128/><E128/><V111/><F111/><W69/><G131/><T92/><D92/><U94/><E94/><V103/><F82/><W6/><G69/><T84/><D17/><U121/><E11/><V18/><F39/><W61/><G61/><T49/><D26/><U101/><E101/><V110/><F110/><W108/><G47/><T135/><D135/><N who="3" m="51753" /><G108/><T41/><D85/><U107/><E107/><V118/><F118/><W20/><G20/><N who="1" m="7722" /><E28/><V15/><F67/><W133/><N who="3" m="51761" /><W120/><DORA hai="87" /><G120/><T60/><D44/><U12/><E12/><V19/><F97/><W33/><G33/><T102/><D35/><U7/><E32/><V79/><F79/><W64/><G65/><T75/><D29/><U86/><E121/><V66/><F66/><W89/><G105/><T54/><D25/><U80/><E3/><V83/><F68/><W90/><N who="3" m="22528" /><DORA hai="57" /><W27/><G27/><T95/><D2/><U40/><E1/><V58/><F70/><W55/><G64/><T129/><D129/><U31/><E31/><V8/><F83/><W30/><G30/><T34/><D81/><U37/><E80/><V16/><F58/><W71/><G71/><T59/><D59/><U106/><E106/><V126/><F46/><W38/><G38/><T21/><D34/><RYUUKYOKU ba="0,0" sc="337,-10,160,-10,250,-10,253,30" hai3="6,9,14,55,56,63,98" /><INIT seed="3,1,0,4,3,55" ten="327,150,240,283" oya="3" hai0="120,117,72,78,33,61,70,17,5,88,53,109,74" hai1="126,42,92,62,85,59,26,39,35,16,125,111,32" hai2="4,44,79,124,68,47,97,65,63,1,57,34,76" hai3="56,43,106,31,3,14,27,129,102,112,40,23,131"/><W51/><G3/><T28/><D117/><U104/><E104/><V45/><F34/><W71/><G71/><T60/><D5/><U54/><E111/><V108/><F108/><W135/><G112/><T37/><D37/><U36/><E35/><V21/><F124/><N who="1" m="47721" /><E42/><V94/><F68/><W69/><G69/><T113/><D120/><U95/><E32/><V98/><F21/><W15/><G102/><T22/><D78/><U90/><E92/><V130/><F130/><N who="3" m="49675" /><G106/><T118/><D118/><U87/><E87/><V9/><REACH who="2" step="1"/><F97/><REACH who="2" ten="327,150,230,283" step="2"/><W13/><G135/><T29/><D109/><U67/><E67/><V19/><F19/><W2/><G2/><T46/><D17/><U0/><E0/><V121/><F121/><W41/><G15/><T73/><D33/><U128/><E128/><V105/><F105/><W99/><G99/><T110/><D110/><U107/><E107/><V50/><F50/><W119/><G119/><T134/><D134/><U24/><E24/><V123/><F123/><W12/><G12/><T10/><D70/><U81/><E81/><V101/><AGARI ba="1,1" hai="1,4,9,44,45,47,57,63,65,76,79,94,98,101" machi="101" ten="30,4000,0" yaku="1,1,0,1,52,1,53,0" doraHai="55" doraHaiUra="48" who="2" fromWho="2" sc="327,-11,150,-11,230,53,283,-21" /><INIT seed="4,0,0,2,5,33" ten="316,139,283,262" oya="0" hai0="92,52,74,135,60,119,5,69,38,124,17,19,103" hai1="71,87,44,29,14,116,64,50,10,106,96,54,2" hai2="0,84,27,79,105,41,75,7,134,4,20,94,53" hai3="36,16,121,13,55,30,82,113,88,78,40,62,15"/><T66/><D119/><U127/><E116/><V47/><F105/><W8/><G113/><T126/><D74/><U117/><E117/><V122/><F122/><W114/><G114/><T104/><D38/><U85/><E127/><N who="0" m="48681" /><D104/><U89/><E29/><V42/><F75/><W59/><G121/><T32/><D32/><U34/><E34/><V102/><F134/><W118/><G30/><T63/><D5/><U129/><E129/><V81/><F7/><W86/><G118/><T133/><D92/><U73/><E73/><V56/><F47/><W26/><G26/><T70/><D103/><U83/><E85/><V22/><F94/><W125/><G125/><T72/><D72/><U110/><E96/><V90/><F102/><W76/><G40/><T132/><D70/><U57/><E106/><V31/><F22/><N who="3" m="11535" /><G36/><T65/><D65/><U43/><E71/><V39/><F39/><W108/><G108/><T6/><D6/><AGARI ba="0,0" hai="6,8,15,55,59,62,76,78,82,86,88" m="11535" machi="6" ten="30,3900,0" yaku="8,1,54,2" doraHai="33" who="3" fromWho="0" sc="316,-39,139,0,283,0,262,39" /><INIT seed="5,0,0,4,5,92" ten="277,139,283,301" oya="1" hai0="119,21,51,117,105,56,82,17,96,16,90,107,110" hai1="53,132,93,34,8,55,10,1,41,74,61,69,88" hai2="133,2,76,20,98,112,114,37,0,47,108,78,54" hai3="48,44,18,91,101,71,70,83,126,80,36,103,27"/><U35/><E132/><V113/><F133/><W68/><G36/><T59/><D110/><U42/><E74/><V116/><F116/><W39/><G39/><T32/><D32/><U46/><E1/><V45/><F108/><W40/><G126/><T109/><D109/><U85/><E42/><V24/><F37/><W86/><G27/><T64/><D64/><U29/><E69/><V3/><F98/><W129/><G129/><T14/><D51/><N who="1" m="27087" /><E34/><V57/><F47/><W23/><G23/><T52/><D59/><N who="1" m="35055" /><E29/><N who="2" m="17543" /><F45/><W120/><G18/><T31/><D31/><U58/><E35/><V7/><F7/><W9/><G9/><T60/><D17/><U66/><E66/><V115/><N who="2" m="28672" /><DORA hai="63" /><V11/><F11/><W62/><G120/><T25/><D119/><U50/><AGARI ba="0,0" hai="8,10,50,55,58,85,88,93" m="35055,27087" machi="50" ten="30,3000,0" yaku="8,1,54,1" doraHai="92,63" who="1" fromWho="1" sc="277,-10,139,30,283,-10,301,-10" /><INIT seed="5,1,0,1,2,4" ten="267,169,273,291" oya="1" hai0="20,104,52,111,34,0,128,48,113,121,77,56,89" hai1="123,117,25,32,67,60,72,21,86,17,66,81,36" hai2="42,79,98,30,84,41,29,124,82,94,119,50,125" hai3="3,106,78,28,80,2,132,120,83,105,64,63,57"/><U8/><E123/><V91/><F119/><W92/><G120/><T15/><D111/><U130/><E36/><V13/><F13/><W7/><G28/><N who="2" m="10857" /><F50/><W31/><G31/><T85/><D128/><U59/><E32/><V126/><AGARI ba="1,0" hai="41,42,79,82,84,91,94,98,124,125,126" m="10857" machi="126" ten="40,1500,0" yaku="18,1" doraHai="4" who="2" fromWho="2" sc="267,-5,169,-8,273,18,291,-5" /><INIT seed="6,0,0,0,4,133" ten="262,161,291,286" oya="2" hai0="14,46,100,72,112,26,28,102,36,134,17,125,90" hai1="103,1,101,129,77,67,42,118,124,81,15,110,106" hai2="32,45,49,96,88,75,11,18,115,66,131,117,51" hai3="121,92,41,68,30,37,4,109,40,62,58,10,128"/><V108/><F75/><W52/><G109/><T71/><D71/><U23/><E1/><V83/><F32/><W39/><G121/><T114/><D72/><U13/><E118/><V95/><F117/><W104/><G104/><T86/><D134/><U21/><E110/><V44/><F131/><W59/><G30/><T80/><D125/><U60/><E129/><V27/><F115/><N who="0" m="44074" /><D46/><N who="2" m="18026" /><F66/><W16/><G128/><T2/><D2/><U65/><E42/><V82/><F108/><W111/><G111/><T61/><D61/><U120/><E120/><V94/><F95/><W6/><G68/><T91/><D91/><U105/><E60/><V78/><F27/><W5/><G59/><T31/><D36/><U97/><E81/><N who="2" m="30731" /><F78/><W12/><G39/><T116/><D116/><U24/><E77/><V87/><F96/><W43/><G37/><T35/><D31/><U29/><E29/><V99/><F99/><W89/><G43/><T107/><D107/><U130/><E130/><V47/><F47/><W63/><G62/><T122/><D122/><U20/><E97/><AGARI ba="0,0" hai="4,5,6,10,12,16,40,41,52,58,63,89,92,97" machi="97" ten="40,5200,0" yaku="8,1,54,2" doraHai="133" who="3" fromWho="1" sc="262,0,161,-52,291,0,286,52" /><INIT seed="7,0,0,3,0,36" ten="262,109,291,338" oya="3" hai0="117,132,41,48,121,130,21,111,54,51,81,134,72" hai1="84,118,90,87,58,2,64,75,4,7,107,126,38" hai2="94,69,66,59,6,9,63,80,1,62,105,103,127" hai3="37,39,97,15,57,5,53,71,40,12,8,32,116"/><W67/><G32/><T115/><D72/><U3/><E75/><V45/><F127/><W33/><G33/><T31/><D81/><U73/><E73/><V123/><F123/><W82/><G116/><T124/><D31/><U98/><E126/><V113/><F113/><W106/><G39/><T34/><D34/><U68/><E38/><V135/><F135/><N who="0" m="51754" /><D21/><U43/><E58/><V22/><F105/><W120/><G120/><T18/><D18/><U101/><E64/><V28/><F80/><W30/><G30/><T74/><D74/><U42/><E68/><V129/><F129/><W133/><G133/><T52/><D124/><U88/><E107/><V122/><F122/><W95/><G106/><T119/><D121/><U102/><REACH who="1" step="1"/><E98/><REACH who="1" ten="262,99,291,338" step="2"/><V79/><F69/><W29/><G97/><T112/><D130/><U70/><E70/><V50/><F66/><W19/><G67/><T25/><D111/><U108/><E108/><V35/><F59/><W93/><G57/><N who="0" m="32903" /><D25/><U61/><E61/><V49/><F62/><W110/><G71/><T17/><D119/><AGARI ba="0,1" hai="2,3,4,7,42,43,84,87,88,90,101,102,118,119" machi="119" ten="25,12000,2" yaku="1,1,22,2,52,2,54,1,53,0" doraHai="36" doraHaiUra="109" who="1" fromWho="0" sc="262,-120,99,130,291,0,338,0" owari="142,-36.0,229,-17.0,291,9.0,338,44.0" /></mjloggm>