<mjloggm ver="2.3"><GO type="41" lobby="0"/><UN n0="%67%61%63%68%61%70%69%6E" n1="%E2%93%9D%53%75%70%68%78" n2="%E3%81%AF%E3%82%8D%E3%81%AF%E3%81%B4" n3="%6B%75%72%6F%6C%69%62%65" dan="15,17,14,15" rate="1966.76,2049.95,1987.32,1962.46" sx="M,M,M,M"/><TAIKYOKU oya="0"/><INIT seed="0,0,0,2,0,83" ten="250,250,250,250" oya="0" hai0="9,84,36,128,39,32,17,67,98,108,119,48,18" hai1="6,87,106,3,129,29,55,62,123,125,0,61,50" hai2="102,5,120,93,89,44,79,66,70,7,105,97,135" hai3="82,19,100,127,111,77,60,68,115,21,73,16,38"/><T132/><D119/><U37/><E106/><V116/><F120/><W45/><G115/><T95/><D128/><U110/><E37/><V74/><F135/><W54/><G127/><T109/><D132/><U24/><E110/><N who="0" m="42601" /><D32/><U113/><E6/><V27/><F27/><W1/><G100/><N who="0" m="60511" /><D67/><U53/><E125/><V56/><F70/><W80/><G1/><T64/><D64/><U86/><E123/><V88/><F116/><W118/><G118/><T2/><D48/><U107/><E107/><V49/><F66/><W43/><G68/><T76/><D2/><U58/><E113/><V33/><F33/><W11/><G111/><T28/><D28/><U26/><E50/><V31/><F31/><W63/><G54/><T122/><D122/><U41/><E29/><V103/><F56/><W99/><G99/><T104/><D104/><U52/><E55/><V57/><F57/><W91/><G60/><T22/><D9/><U25/><E58/><V130/><F103/><W59/><G59/><T20/><D20/><U42/><REACH who="1" step="1"/><E26/><REACH who="1" ten="250,240,250,250" step="2"/><V94/><F105/><W133/><G133/><T85/><D36/><U90/><E90/><V23/><F89/><W121/><G91/><T124/><D39/><U72/><E72/><V134/><F74/><W13/><G121/><T96/><D124/><U46/><E46/><V112/><F44/><W65/><G65/><T78/><D17/><U131/><AGARI ba="0,1" hai="0,3,24,25,41,42,52,53,61,62,86,87,129,131" machi="131" ten="25,12000,2" yaku="1,1,0,1,22,2,52,2,54,1,53,0" doraHai="83" doraHaiUra="10" who="1" fromWho="1" sc="250,-60,240,130,250,-30,250,-30" /><INIT seed="1,0,0,0,5,46" ten="190,370,220,220" oya="1" hai0="113,120,8,5,66,100,44,125,50,39,133,35,123" hai1="105,2,13,38,79,101,45,124,10,114,4,7,34" hai2="130,70,3,72,95,112,40,116,96,127,88,122,18" hai3="43,110,90,36,29,9,41,56,82,115,129,91,83"/><U132/><E114/><V80/><F80/><W102/><G115/><T6/><D113/><U37/><E132/><V71/><F40/><W131/><G102/><T16/><D35/><U0/><E124/><V121/><F18/><W98/><G29/><T49/><D125/><U81/><E34/><V93/><F96/><W22/><G22/><T134/><D39/><U84/><E105/><V52/><F52/><W60/><G36/><T69/><D100/><U51/><E101/><V26/><F26/><W65/><G110/><T89/><D89/><N who="3" m="33801" /><G98/><T1/><D5/><U55/><REACH who="1" step="1"/><E13/><REACH who="1" ten="190,360,220,220" step="2"/><V20/><F127/><W76/><G131/><T73/><D133/><U19/><E19/><V128/><F112/><W61/><G129/><T23/><D134/><U15/><E15/><V106/><F128/><W11/><G83/><T97/><D120/><U47/><E47/><V107/><F106/><W12/><G12/><T118/><D123/><U103/><E103/><V68/><F107/><W74/><G82/><T62/><D44/><U64/><E64/><V75/><F130/><W53/><G65/><T59/><D118/><U21/><E21/><V99/><F20/><W17/><G17/><T85/><D23/><U94/><E94/><V25/><F95/><W42/><G9/><AGARI ba="0,1" hai="0,2,4,7,9,10,37,38,45,51,55,79,81,84" machi="9" ten="40,7700,0" yaku="1,1,9,1,52,1,53,0" doraHai="46" doraHaiUra="57" who="1" fromWho="3" sc="190,0,360,87,220,0,220,-77" /><INIT seed="1,1,0,2,4,17" ten="190,447,220,143" oya="1" hai0="10,54,37,8,101,20,135,21,29,69,0,126,31" hai1="50,2,57,62,114,80,107,7,127,49,91,44,19" hai2="3,66,5,15,128,13,9,131,104,122,55,46,1" hai3="38,14,84,125,132,115,82,94,58,120,98,40,60"/><U133/><E133/><V123/><F104/><W73/><G120/><N who="2" m="46121" /><F55/><W129/><G115/><T112/><D112/><U67/><E127/><V76/><F46/><W121/><G125/><T116/><D126/><U79/><E2/><N who="2" m="183" /><F66/><W26/><G132/><T65/><D135/><U88/><E7/><V100/><F100/><W68/><G129/><N who="2" m="49737" /><F76/><W11/><G121/><T59/><D116/><U23/><E107/><V51/><F51/><W45/><G68/><T47/><D101/><U85/><E114/><V22/><F15/><W117/><G117/><T41/><D0/><U28/><E50/><V124/><F124/><W134/><G134/><T27/><D65/><U34/><E49/><V83/><F83/><W99/><G73/><T111/><D69/><U36/><E44/><V92/><F92/><W106/><G106/><T93/><D93/><U42/><E67/><V64/><F64/><W77/><G94/><T33/><D111/><U103/><E103/><V96/><F96/><W24/><G99/><T81/><D81/><U43/><E80/><V74/><F74/><W105/><G98/><T87/><D87/><U78/><E85/><V18/><AGARI ba="1,0" hai="1,3,13,18,22" m="49737,183,46121" machi="18" ten="40,8000,1" yaku="19,1,34,2,52,1" doraHai="17" who="2" fromWho="2" sc="190,-21,447,-41,220,83,143,-21" /><INIT seed="2,0,0,2,5,108" ten="169,406,303,122" oya="2" hai0="31,125,71,30,11,17,97,20,60,19,75,44,4" hai1="89,96,41,115,22,121,21,103,13,77,47,23,66" hai2="18,112,90,40,79,0,111,133,62,95,67,53,37" hai3="116,1,6,15,128,107,72,94,50,58,5,70,48"/><V51/><F0/><W7/><G70/><T55/><D125/><U10/><E115/><V105/><F105/><W64/><G107/><T106/><D75/><U25/><E121/><V36/><F79/><W59/><G72/><T118/><D118/><U83/><E89/><V45/><F133/><W127/><G116/><T82/><D82/><U120/><E66/><V85/><F18/><W35/><G35/><T100/><D17/><U52/><E120/><V12/><F12/><W93/><G128/><T28/><D71/><U117/><E52/><V109/><F112/><W24/><G127/><T114/><D114/><U8/><E8/><V69/><REACH who="2" step="1"/><F40/><REACH who="2" ten="169,406,293,122" step="2"/><W101/><G1/><T122/><D122/><U9/><E13/><V130/><F130/><W129/><G129/><T65/><D19/><U68/><E117/><V135/><F135/><W102/><G15/><T91/><D106/><U2/><E2/><V54/><F54/><W119/><G119/><T134/><D55/><U38/><E10/><V78/><F78/><W80/><G64/><T43/><D43/><U76/><E76/><V63/><F63/><W33/><G5/><T73/><D60/><U87/><E9/><V110/><AGARI ba="0,1" hai="36,37,45,51,53,62,67,69,85,90,95,109,110,111" machi="110" ten="30,11700,0" yaku="1,1,0,1,14,1,10,1,53,0" doraHai="108" doraHaiUra="92" who="2" fromWho="2" sc="169,-39,406,-39,293,127,122,-39" /><INIT seed="2,1,0,1,2,79" ten="130,367,420,83" oya="2" hai0="113,29,78,34,76,62,127,81,82,46,40,132,12" hai1="83,80,90,88,91,42,11,103,114,41,75,87,19" hai2="22,111,47,67,66,53,43,25,86,94,69,96,129" hai3="54,30,133,56,6,70,23,73,130,15,37,65,97"/><V3/><F129/><W115/><G73/><T48/><D113/><U100/><E114/><V84/><F3/><W20/><G37/><T28/><D132/><U122/><E122/><V124/><F124/><W120/><G115/><T58/><D127/><U26/><E75/><V9/><F9/><W59/><G70/><T64/><D34/><U112/><E112/><V116/><F116/><W102/><G120/><T135/><D135/><U17/><E11/><V134/><F134/><W101/><G130/><T109/><D109/><U95/><E26/><V72/><F72/><W105/><G102/><N who="1" m="38954" /><E95/><V21/><F111/><W125/><G125/><T27/><D27/><U14/><E87/><V39/><F53/><W38/><G38/><T123/><D123/><U126/><E14/><V36/><F39/><W77/><G133/><T10/><D78/><U5/><E5/><V60/><F66/><W57/><G77/><T71/><D71/><U61/><E61/><V74/><F21/><W99/><G65/><T118/><D118/><U63/><E63/><V117/><F117/><W55/><G97/><T35/><D35/><U32/><E32/><V107/><F107/><W18/><G6/><N who="0" m="3159" /><D76/><U2/><E2/><V92/><F74/><W49/><G55/><T31/><AGARI ba="1,0" hai="28,29,31,40,46,48,58,62,64,81,82" m="3159" machi="31" ten="30,4000,0" yaku="8,1,52,2" doraHai="79" who="0" fromWho="0" sc="130,43,367,-11,420,-21,83,-11" /><INIT seed="3,0,0,5,5,108" ten="173,356,399,72" oya="3" hai0="116,54,62,75,104,14,53,35,110,134,31,36,128" hai1="72,120,11,107,2,23,124,105,25,15,48,91,34" hai2="45,32,81,12,121,13,26,84,80,57,0,9,27" hai3="68,95,122,10,74,111,133,65,90,103,59,102,43"/><W61/><G122/><T1/><RYUUKYOKU type="yao9" ba="0,0" sc="173,0,356,0,399,0,72,0" hai0="1,14,31,35,36,53,54,62,75,104,110,116,128,134" /><INIT seed="3,1,0,1,4,17" ten="173,356,399,72" oya="3" hai0="96,29,131,18,101,24,63,94,58,105,26,73,56" hai1="127,49,36,13,78,68,83,52,46,115,54,81,80" hai2="48,62,74,99,130,109,40,113,22,51,47,93,4" hai3="45,5,39,66,6,84,133,82,15,14,67,28,44"/><W30/><G39/><T37/><D131/><U10/><E115/><V38/><F74/><W61/><G133/><T60/><D73/><U88/><E68/><V118/><F4/><W23/><G61/><T12/><D37/><U7/><E127/><V65/><F118/><W98/><G98/><T57/><D105/><U69/><E69/><V64/><F64/><W129/><G129/><T55/><D29/><U104/><E104/><V34/><F34/><W75/><G75/><T8/><REACH who="0" step="1"/><D56/><REACH who="0" ten="163,356,399,72" step="2"/><U97/><E36/><V59/><F130/><W126/><G126/><T134/><D134/><U3/><E3/><V124/><F124/><W53/><G82/><T71/><D71/><U123/><E123/><V121/><F121/><W120/><G120/><T0/><D0/><U102/><E78/><V106/><F106/><W132/><G132/><T107/><D107/><U1/><E1/><V90/><F113/><W77/><G77/><T20/><D20/><U70/><E70/><V110/><F22/><W128/><G128/><T87/><D87/><N who="1" m="50279" /><E83/><V25/><F25/><W91/><G84/><T119/><D119/><U50/><E81/><V31/><F31/><W11/><G11/><T72/><D72/><U117/><E117/><V95/><REACH who="2" step="1"/><F93/><REACH who="2" ten="163,356,389,72" step="2"/><W125/><G125/><T116/><D116/><U19/><E10/><V86/><F86/><W42/><G23/><T9/><D9/><U92/><E92/><V100/><F100/><W33/><G33/><T112/><D112/><U41/><E102/><V76/><F76/><W89/><G42/><T79/><D79/><U111/><E41/><RYUUKYOKU ba="1,2" sc="163,10,356,-30,389,10,72,10" hai0="8,12,18,24,26,55,57,58,60,63,94,96,101" hai2="38,40,47,48,51,59,62,65,90,95,99,109,110" hai3="5,6,14,15,28,30,44,45,53,66,67,89,91" /><INIT seed="3,2,2,5,3,89" ten="173,326,399,82" oya="3" hai0="133,120,126,48,76,103,52,86,79,83,66,69,127" hai1="45,74,6,40,121,13,14,71,115,58,131,64,80" hai2="44,128,4,36,55,84,87,67,57,72,21,7,18" hai3="109,122,33,81,31,102,114,24,37,119,94,28,129"/><W59/><G122/><T134/><D103/><U123/><E115/><V41/><F72/><W116/><G114/><T91/><D120/><U118/><E71/><V113/><F113/><W108/><G37/><T50/><D66/><U26/><E131/><V30/><F67/><W106/><G129/><T9/><D9/><U61/><E118/><V0/><F128/><W60/><G31/><T104/><D104/><U93/><E26/><V111/><F30/><W20/><G81/><T70/><D69/><U47/><E6/><V77/><F77/><N who="0" m="29770" /><D70/><U38/><E80/><V43/><F43/><W10/><G10/><T23/><D23/><U1/><E40/><V8/><F111/><N who="3" m="42571" /><G106/><T11/><D11/><U2/><E123/><V117/><F7/><W130/><G33/><T56/><D48/><U73/><E38/><V49/><F117/><W42/><G42/><T100/><D100/><U105/><E105/><V125/><F125/><AGARI ba="2,2" hai="50,52,56,83,86,91,125,126,127,133,134" m="29770" machi="125" ten="30,2000,0" yaku="18,1,54,1" doraHai="89" who="0" fromWho="2" sc="173,46,326,0,399,-26,82,0" /><INIT seed="4,0,0,1,0,64" ten="219,326,373,82" oya="0" hai0="89,63,52,56,109,54,29,53,108,2,62,14,65" hai1="49,31,32,83,35,118,43,23,71,103,102,90,126" hai2="119,106,129,122,15,20,5,113,60,98,28,61,78" hai3="9,104,75,48,99,105,76,58,107,70,84,30,131"/><T134/><D2/><U94/><E118/><V40/><F119/><W55/><G131/><T135/><D14/><U11/><E126/><V111/><F122/><W3/><G30/><T47/><D29/><U79/><E11/><V77/><F40/><W22/><G75/><T36/><D89/><U57/><E71/><V115/><F129/><W101/><G22/><T97/><D97/><U85/><E35/><V13/><F98/><W50/><G3/><T121/><D121/><U127/><E32/><V123/><F123/><W133/><G9/><T73/><D73/><U117/><E127/><V88/><F20/><W91/><G76/><T128/><D128/><U21/><E21/><V34/><F28/><W42/><G133/><N who="0" m="50699" /><D63/><U38/><E117/><V96/><F96/><W66/><G84/><T51/><D36/><U74/><E38/><V110/><F34/><W130/><G130/><T6/><D6/><U41/><E31/><V24/><F5/><W0/><G0/><T69/><D69/><U100/><E23/><V37/><F88/><W72/><G72/><T26/><D26/><U92/><E74/><V17/><F24/><W59/><G70/><T45/><D45/><U132/><E132/><V27/><F27/><W86/><G86/><T93/><D93/><N who="1" m="35947" /><E90/><V68/><F68/><W112/><G91/><T46/><D46/><U95/><E95/><V125/><F37/><W33/><G33/><T116/><D116/><U7/><E7/><V4/><F4/><W82/><G105/><T81/><D81/><U44/><E44/><V19/><F106/><W8/><G107/><RYUUKYOKU ba="0,0" sc="219,10,326,10,373,10,82,-30" hai0="47,51,52,53,54,56,62,65,108,109" hai1="41,43,49,57,79,83,85,100,102,103" hai2="13,15,17,19,60,61,77,78,110,111,113,115,125" /><INIT seed="4,1,0,5,5,39" ten="229,336,383,52" oya="0" hai0="2,8,9,118,77,20,42,40,23,35,50,124,75" hai1="104,61,76,27,18,89,0,34,31,64,134,119,101" hai2="48,133,82,41,84,24,11,108,114,96,4,100,127" hai3="72,14,121,97,99,10,113,129,58,91,109,130,67"/><T37/><D118/><U46/><E119/><V6/><F133/><W65/><G72/><T32/><D37/><U103/><E0/><V70/><F70/><W78/><G78/><T117/><D117/><U123/><E123/><V38/><F38/><W56/><G121/><T98/><D98/><U13/><E76/><V59/><F127/><W95/><G113/><T80/><D124/><U79/><E79/><V43/><F108/><W116/><G109/><T93/><D93/><U22/><E134/><V55/><F24/><W45/><G116/><T88/><D88/><U30/><E30/><V29/><F29/><W87/><G65/><T66/><D66/><U60/><E60/><V49/><F49/><W111/><G111/><T69/><D69/><U92/><E46/><V86/><F86/><W33/><G33/><T1/><D77/><U36/><E104/><V73/><F73/><W74/><G74/><T131/><D75/><U110/><E36/><V102/><F114/><W85/><G85/><T81/><REACH who="0" step="1"/><D50/><REACH who="0" ten="219,336,383,52" step="2"/><U12/><E110/><V112/><F96/><W26/><G99/><T120/><D120/><U125/><E125/><V51/><F102/><W71/><G97/><T105/><D105/><U107/><E107/><V19/><F100/><W28/><G71/><T54/><D54/><U25/><E103/><V83/><F51/><W44/><G67/><T122/><D122/><U15/><E101/><V47/><F84/><W62/><G87/><T106/><D106/><U68/><E89/><V17/><F48/><W128/><G91/><T132/><D132/><U5/><E92/><RYUUKYOKU ba="1,1" sc="219,15,336,15,383,-15,52,-15" hai0="1,2,8,9,20,23,32,35,40,42,80,81,131" hai1="5,12,13,15,18,22,25,27,31,34,61,64,68" /><INIT seed="4,2,1,4,2,121" ten="234,351,368,37" oya="0" hai0="69,20,29,89,12,98,58,119,25,46,37,122,112" hai1="63,104,39,21,60,8,131,67,125,84,103,127,124" hai2="101,9,22,11,114,43,13,26,1,32,94,0,42" hai3="65,7,79,123,135,52,56,30,97,115,17,110,82"/><T4/><D122/><U111/><E131/><V66/><F66/><W83/><G123/><T24/><D119/><U126/><E39/><V31/><F94/><W59/><G135/><T118/><D118/><U16/><E127/><V93/><F93/><W45/><G115/><T113/><D69/><U64/><E8/><N who="2" m="3147" /><F42/><W47/><G30/><T54/><D4/><U134/><E134/><V91/><F91/><W62/><G7/><T80/><D12/><U6/><E6/><V2/><F43/><W49/><G97/><T117/><D117/><U88/><E103/><V95/><F95/><W87/><G83/><T70/><D70/><U130/><E130/><V81/><F101/><W129/><G129/><T36/><D98/><U75/><E75/><V96/><F96/><W74/><G74/><T116/><D116/><U108/><E104/><V15/><F81/><W105/><G105/><T27/><D89/><U34/><E34/><V120/><F120/><W51/><G17/><T41/><D80/><N who="1" m="49159" /><E67/><V86/><F86/><W132/><G132/><T99/><D99/><U55/><E55/><V73/><F73/><W71/><G110/><N who="1" m="42026" /><E64/><V102/><F102/><W61/><G61/><N who="0" m="36055" /><D37/><U78/><E78/><V19/><F114/><AGARI ba="2,1" hai="20,24,25,27,29,36,41,46,112,113,114" m="36055" machi="114" ten="30,1500,0" yaku="15,1" doraHai="121" who="0" fromWho="2" sc="234,31,351,0,368,-21,37,0" /><INIT seed="4,3,0,1,4,37" ten="265,351,347,37" oya="0" hai0="68,75,88,134,114,61,40,74,95,125,106,53,90" hai1="8,78,112,86,11,120,3,76,126,42,63,113,133" hai2="129,47,104,82,118,50,99,130,65,12,15,41,39" hai3="83,103,100,34,97,123,16,55,25,10,132,81,0"/><T36/><D106/><U98/><E120/><V89/><F65/><W124/><G123/><T49/><D114/><N who="1" m="44139" /><E133/><V24/><F24/><W107/><G132/><T94/><D134/><U77/><E126/><V66/><F66/><W62/><G124/><T115/><D125/><U1/><E86/><N who="2" m="50391" /><F39/><W33/><G103/><T22/><D115/><U108/><E108/><V9/><F9/><N who="1" m="3657" /><E63/><V20/><F20/><W38/><G38/><T84/><D61/><U70/><E70/><V60/><F60/><W109/><G109/><T71/><D68/><U29/><E29/><V52/><F118/><W67/><G55/><T2/><D71/><U5/><E5/><V28/><F52/><W31/><G34/><T111/><D111/><U44/><E98/><V59/><F59/><W13/><REACH who="3" step="1"/><G0/><REACH who="3" ten="265,351,347,27" step="2"/><T110/><D2/><U35/><E35/><V30/><F104/><W54/><G54/><T57/><D110/><U80/><E80/><V101/><F101/><W58/><AGARI ba="3,1" hai="10,13,16,25,31,33,58,62,67,81,83,97,100,107" machi="58" ten="20,12000,2" yaku="1,1,0,1,7,1,54,1,53,2" doraHai="37" doraHaiUra="79" who="3" fromWho="3" sc="265,-63,351,-33,347,-33,27,139" /><INIT seed="5,0,0,3,0,62" ten="202,318,314,166" oya="1" hai0="105,13,28,50,58,101,36,47,65,133,132,20,59" hai1="88,40,12,64,39,48,9,63,87,92,53,34,107" hai2="74,33,49,120,57,103,96,98,19,31,134,123,66" hai3="37,71,43,2,130,97,41,125,25,56,54,102,52"/><U29/><E107/><V115/><F134/><N who="0" m="51818" /><D36/><U73/><E73/><V112/><F74/><W77/><G2/><T1/><D1/><U119/><E119/><V79/><F49/><W78/><G71/><T46/><D101/><U85/><E34/><V55/><F79/><W6/><G6/><T93/><D93/><U109/><E29/><V110/><F55/><W67/><G37/><T70/><D105/><U22/><E22/><V61/><F19/><W60/><G130/><T104/><D104/><U69/><E109/><V11/><F11/><W108/><G125/><T38/><D38/><U127/><E127/><V18/><F18/><W82/><G108/><T42/><D46/><U86/><E40/><N who="3" m="15434" /><G25/><N who="0" m="16423" /><D13/><U122/><E122/><N who="2" m="46635" /><F103/><W118/><G118/><T8/><D8/><U116/><E39/><V84/><F84/><N who="3" m="48207" /><G78/><T72/><D72/><U113/><E116/><V68/><F68/><W100/><G100/><T45/><D47/><U80/><E80/><V91/><F91/><W90/><G102/><T30/><D30/><U126/><E126/><V14/><F14/><W24/><G24/><T124/><D124/><U128/><E12/><V51/><F110/><W106/><G106/><T32/><D32/><U89/><E89/><V111/><F111/><W21/><G21/><T135/><D135/><U131/><E9/><V95/><F31/><W5/><G5/><T75/><D75/><U27/><E27/><V117/><F33/><W17/><G17/><T83/><D83/><U94/><E94/><AGARI ba="0,0" hai="52,54,56,60,67,90,94,97" m="48207,15434" machi="94" ten="30,3900,0" yaku="8,1,52,1,54,1" doraHai="62" who="3" fromWho="1" sc="202,0,318,-39,314,0,166,39" /><INIT seed="6,0,0,2,3,110" ten="202,279,314,205" oya="2" hai0="10,87,112,88,93,99,45,23,29,13,53,103,129" hai1="7,86,80,14,54,17,108,92,109,74,76,77,44" hai2="78,31,2,90,3,98,57,124,0,135,68,117,75" hai3="71,111,49,119,94,102,82,105,19,118,96,4,46"/><V107/><F117/><W38/><G71/><T28/><D129/><U8/><E77/><V11/><F90/><W69/><G69/><T120/><D120/><U84/><E74/><V122/><F122/><W58/><G111/><T39/><D112/><U30/><E30/><V128/><F31/><W1/><G38/><T116/><D116/><U66/><E66/><V12/><F68/><W20/><G82/><T121/><D121/><U130/><E130/><V89/><F128/><W18/><G105/><T34/><D34/><U95/><E109/><V6/><F135/><W62/><G19/><T32/><D32/><U85/><E108/><V15/><F57/><W40/><G4/><T25/><D29/><U48/><E7/><V132/><F15/><W101/><G1/><T63/><D39/><U73/><AGARI ba="0,0" hai="8,14,17,44,48,54,73,76,80,84,85,86,92,95" machi="73" ten="30,1100,0" yaku="0,1" doraHai="110" who="1" fromWho="1" sc="202,-3,279,11,314,-5,205,-3" /><INIT seed="7,0,0,1,4,56" ten="199,290,309,202" oya="3" hai0="27,134,121,48,18,49,81,102,32,10,110,47,58" hai1="12,74,59,52,55,76,66,31,89,125,116,5,123" hai2="69,78,79,7,71,80,131,46,36,4,43,82,63" hai3="57,96,28,37,114,33,127,53,128,83,3,50,13"/><W106/><G37/><T29/><D110/><U94/><E123/><V8/><F131/><W109/><G3/><T101/><D121/><U62/><E125/><V23/><F23/><W44/><G109/><T88/><D134/><U91/><E74/><V112/><F112/><W105/><G127/><T104/><D104/><U45/><E76/><V40/><F40/><W20/><G128/><T16/><D58/><U1/><E1/><V2/><F7/><W34/><G114/><T38/><D38/><U86/><E31/><V65/><F71/><W60/><G83/><T100/><D10/><N who="1" m="4175" /><E116/><V115/><F115/><W9/><G34/><T19/><REACH who="0" step="1"/><D47/><REACH who="0" ten="189,290,309,202" step="2"/><U118/><E118/><V77/><AGARI ba="0,1" hai="2,4,8,36,43,46,63,65,69,77,78,79,80,82" machi="77" ten="30,2000,0" yaku="0,1,52,1" doraHai="56" who="2" fromWho="2" sc="189,-5,290,-5,309,30,202,-10" owari="184,-32.0,285,9.0,339,44.0,192,-21.0" /></mjloggm>