<mjloggm ver="2.3"><GO type="41" lobby="0"/><UN n0="%68%74%79%73" n1="%E2%93%9D%53%75%70%68%78" n2="%E3%81%86%E3%81%83%E3%82%93%E3%81%A7%E3%81%83" n3="%EF%BC%96%E3%83%A1%E3%82%AC%E3%83%8D%EF%BC%96" dan="15,18,15,13" rate="1923.97,2137.11,1998.24,1874.55" sx="M,M,M,M"/><TAIKYOKU oya="0"/><INIT seed="0,0,0,2,2,39" ten="250,250,250,250" oya="0" hai0="25,131,61,135,9,127,74,120,115,94,29,124,59" hai1="126,58,103,47,106,45,10,118,35,89,132,99,32" hai2="1,112,51,80,100,65,82,63,77,76,22,122,83" hai3="107,20,134,46,18,17,114,116,36,11,19,12,23"/><T69/><D115/><U53/><E118/><V48/><F122/><W31/><G107/><T37/><D120/><U2/><E126/><V6/><F100/><W49/><G36/><T73/><D131/><U7/><E132/><V27/><F1/><W117/><G134/><T15/><D135/><U41/><E47/><V105/><F6/><W111/><G111/><T101/><D69/><U38/><REACH who="1" step="1"/><E89/><REACH who="1" ten="250,240,250,250" step="2"/><V68/><F112/><W24/><G114/><T125/><D127/><U57/><E57/><V88/><F88/><W67/><G116/><T4/><D125/><U96/><E96/><V5/><F77/><W93/><G117/><T14/><D124/><U123/><E123/><V110/><F76/><W91/><G46/><T26/><D59/><U40/><E40/><V81/><F110/><W44/><G67/><T121/><D121/><U62/><AGARI ba="0,1" hai="2,7,10,32,35,38,41,45,53,58,62,99,103,106" machi="62" ten="20,5200,0" yaku="1,1,0,1,7,1,52,1,53,0" doraHai="39" doraHaiUra="128" who="1" fromWho="1" sc="250,-26,240,62,250,-13,250,-13" /><INIT seed="1,0,0,1,4,72" ten="224,302,237,237" oya="1" hai0="128,19,117,46,135,61,1,89,96,33,93,60,112" hai1="10,120,118,130,21,31,49,105,27,59,108,67,121" hai2="81,123,101,109,64,44,58,39,23,86,62,55,87" hai3="85,41,90,30,4,36,20,18,91,48,9,133,77"/><U88/><E118/><V11/><F109/><W13/><G36/><T5/><D112/><U26/><E105/><V106/><F123/><W92/><G133/><T103/><D117/><U74/><E74/><V17/><F11/><W8/><G9/><T47/><D135/><U56/><E130/><V134/><F134/><W69/><G69/><T73/><D73/><U84/><E108/><V51/><F39/><W114/><G114/><T3/><D33/><U45/><E27/><V0/><F0/><W15/><G30/><T111/><D111/><U125/><E125/><V6/><F6/><W57/><G57/><T24/><D128/><U99/><E99/><V116/><F116/><W110/><G110/><T75/><D75/><U53/><E59/><V29/><F29/><W38/><G38/><T115/><D115/><U129/><E129/><V107/><F87/><W40/><G41/><T104/><D1/><U7/><E67/><V95/><F95/><W63/><G63/><T126/><D126/><U68/><E68/><V100/><F107/><W83/><REACH who="3" step="1"/><G92/><REACH who="3" ten="224,302,237,227" step="2"/><T124/><D124/><U70/><E70/><V98/><F106/><W12/><G12/><T79/><D104/><U37/><E37/><V52/><F64/><W122/><G122/><T94/><D3/><U25/><E56/><V32/><F58/><W50/><G50/><T66/><D61/><U97/><E121/><V16/><F62/><W35/><G35/><T76/><D60/><U65/><E120/><V132/><F32/><W113/><G113/><T71/><D66/><U42/><E65/><V2/><F132/><RYUUKYOKU ba="0,1" sc="224,-10,302,-10,237,-10,227,30" hai3="4,8,13,15,18,20,40,48,77,83,85,90,91" /><INIT seed="2,1,1,5,5,67" ten="214,292,227,257" oya="2" hai0="16,61,84,89,57,128,34,33,121,130,0,45,132" hai1="17,81,19,12,49,116,72,73,37,1,85,68,15" hai2="113,50,39,32,13,42,93,62,41,53,64,91,107" hai3="70,24,26,30,77,5,135,36,134,29,112,105,94"/><V4/><F113/><W118/><G105/><T115/><D121/><U100/><E1/><V111/><F32/><W117/><G36/><T60/><D115/><U79/><E37/><V123/><F123/><W48/><G94/><T99/><D132/><N who="3" m="50729" /><G48/><T11/><D45/><U80/><E100/><V76/><F107/><W92/><G92/><T18/><D99/><U114/><E116/><N who="3" m="44650" /><G77/><T96/><D96/><U7/><E7/><V88/><F76/><W95/><G95/><T65/><D61/><U43/><E49/><V82/><F82/><W59/><G59/><T38/><D38/><U14/><E114/><V101/><F111/><W69/><G112/><T103/><D103/><U126/><E81/><V47/><F101/><W10/><G10/><T63/><D63/><U78/><E80/><V21/><F39/><W87/><G87/><T125/><D11/><U66/><E85/><N who="2" m="52367" /><F91/><W98/><G5/><T108/><D89/><U97/><E97/><V127/><F4/><W25/><G98/><T75/><D84/><U35/><E79/><V102/><F102/><W2/><G2/><T46/><D0/><U8/><E78/><V20/><F62/><W86/><G86/><T133/><D60/><U22/><E8/><V90/><F90/><W129/><G129/><T40/><D130/><U54/><E73/><V6/><F6/><W122/><G122/><T58/><D128/><U131/><E72/><V55/><F50/><W83/><G83/><T119/><D75/><U28/><E131/><V120/><F120/><W3/><G3/><T44/><D119/><U110/><E110/><RYUUKYOKU ba="1,1" sc="214,-10,292,-10,227,-10,257,30" hai3="24,25,26,29,30,69,70" /><INIT seed="3,2,1,0,3,54" ten="204,282,217,287" oya="3" hai0="1,48,89,75,93,124,115,13,44,23,43,40,2" hai1="128,114,96,33,4,74,3,35,108,62,86,68,7" hai2="10,79,97,21,72,130,105,106,102,63,11,12,73" hai3="103,78,92,134,36,80,29,19,53,94,98,133,82"/><W87/><G36/><T15/><D124/><U101/><E86/><V18/><F130/><W30/><G53/><T91/><D75/><U34/><E114/><V22/><F106/><W88/><G19/><T129/><D129/><U77/><E108/><V95/><F105/><N who="3" m="63735" /><G29/><T76/><D76/><U17/><E17/><V38/><F38/><W47/><G47/><T25/><D115/><U20/><E20/><V39/><F39/><W85/><G30/><T0/><D43/><U121/><E121/><V42/><F42/><W45/><G45/><T67/><D67/><N who="1" m="41079" /><E128/><V118/><F118/><W71/><G71/><T32/><D32/><U107/><E7/><V132/><F132/><AGARI ba="2,1" hai="78,80,82,85,87,88,92,94,132,133,134" m="63735" machi="132" ten="30,11600,0" yaku="20,1,34,2,54,1" doraHai="54" who="3" fromWho="2" sc="204,0,282,0,217,-122,287,132" /><INIT seed="3,3,0,0,4,90" ten="204,282,95,419" oya="3" hai0="46,135,48,6,89,103,111,134,38,119,19,53,106" hai1="68,67,107,102,133,56,126,84,2,10,70,43,64" hai2="47,101,25,59,40,61,98,36,73,85,8,58,23" hai3="27,118,76,112,1,41,129,77,32,69,66,88,4"/><W31/><G88/><T20/><D119/><U72/><E72/><V37/><F73/><W75/><G77/><T57/><D111/><U7/><E133/><V124/><F124/><W83/><G129/><T120/><D120/><U21/><E43/><V81/><F37/><W71/><G118/><T116/><D116/><U11/><E21/><V74/><F74/><W99/><G112/><T22/><D6/><U65/><E56/><V79/><F8/><N who="3" m="2063" /><G99/><T13/><D103/><U35/><E35/><V86/><F86/><W5/><G5/><T80/><D106/><U114/><E114/><V30/><REACH who="2" step="1"/><F61/><REACH who="2" ten="204,282,85,419" step="2"/><W97/><G97/><T113/><D113/><U109/><E84/><V115/><F115/><W16/><G41/><T3/><D38/><U94/><E126/><V131/><F131/><W78/><G75/><T123/><D123/><U122/><E122/><V54/><F54/><W100/><G83/><T39/><D80/><U15/><E109/><V33/><F33/><W52/><G32/><T62/><D39/><U26/><E11/><V14/><F14/><W17/><G76/><T121/><D121/><U9/><E15/><V127/><F127/><W108/><G78/><T132/><D3/><U12/><E2/><V42/><F42/><W110/><G52/><N who="0" m="29719" /><D20/><U93/><E10/><V63/><F63/><W117/><G108/><T55/><D55/><U44/><E9/><V92/><AGARI ba="3,1" hai="23,25,30,36,40,47,58,59,79,81,85,92,98,101" machi="92" ten="20,5200,0" yaku="1,1,0,1,7,1,52,1,53,0" doraHai="90" doraHaiUra="50" who="2" fromWho="2" sc="204,-16,282,-16,85,71,419,-29" /><INIT seed="4,0,0,4,1,118" ten="188,266,156,390" oya="0" hai0="5,112,48,90,2,93,131,14,110,121,83,130,113" hai1="91,8,30,108,124,126,10,52,117,4,0,94,28" hai2="63,99,47,95,77,69,22,13,9,122,60,36,81" hai3="89,62,21,44,31,49,56,64,72,50,57,18,102"/><T40/><D2/><U74/><E74/><V23/><F122/><W38/><G72/><T127/><D127/><N who="1" m="48683" /><E108/><V76/><F36/><W12/><G38/><T96/><D110/><U25/><E117/><V67/><F47/><W134/><G134/><T79/><D40/><U3/><E52/><V15/><F63/><W7/><G7/><T20/><D48/><U26/><E94/><V119/><F119/><W98/><G89/><T75/><D5/><N who="1" m="1063" /><E91/><V123/><F123/><W92/><G57/><T80/><D14/><U29/><AGARI ba="0,0" hai="3,4,10,25,26,28,29,30" m="1063,48683" machi="29" ten="30,4000,0" yaku="18,1,34,2" doraHai="118" who="1" fromWho="1" sc="188,-20,266,40,156,-10,390,-10" /><INIT seed="5,0,0,3,3,15" ten="168,306,146,380" oya="1" hai0="126,128,46,14,134,8,94,78,24,57,114,71,58" hai1="53,93,11,19,87,135,36,40,21,23,29,69,123" hai2="35,54,111,62,68,60,27,0,95,116,96,125,85" hai3="107,18,61,51,32,122,113,129,17,70,106,44,16"/><U63/><E123/><V41/><F111/><W31/><G122/><T48/><D71/><U5/><E135/><V99/><F125/><W6/><G70/><T121/><D126/><U90/><E36/><V120/><F116/><W79/><G61/><T77/><D121/><U34/><E40/><V101/><F0/><W1/><G79/><T55/><D134/><U28/><E23/><V97/><F41/><W56/><G56/><T115/><D128/><U20/><E20/><V7/><F7/><W92/><G92/><T75/><D24/><U91/><E34/><V118/><F118/><W124/><G124/><T98/><D75/><U38/><E38/><V9/><F9/><W10/><G113/><T86/><D115/><U80/><E53/><V2/><F2/><W119/><G119/><T133/><D133/><U74/><E63/><V12/><F12/><W81/><G81/><N who="0" m="47407" /><D78/><U76/><E69/><V22/><F35/><W127/><G127/><T39/><D39/><U82/><E11/><V45/><F120/><W37/><G37/><T52/><D114/><U67/><E67/><V25/><F25/><W72/><G72/><T26/><D26/><U4/><E29/><V13/><F68/><W100/><G31/><T104/><D104/><U64/><E64/><V131/><F131/><W109/><G32/><T73/><D73/><U47/><E28/><V65/><F65/><W102/><G129/><T33/><D33/><U43/><E74/><V130/><F130/><W59/><G109/><T105/><D105/><N who="3" m="39945" /><G44/><T83/><D46/><U132/><E47/><V42/><F45/><RYUUKYOKU ba="0,0" sc="168,-10,306,-10,146,-10,380,30" hai3="1,6,10,16,17,18,51,59,100,102" /><INIT seed="6,1,0,5,2,102" ten="158,296,136,410" oya="2" hai0="93,131,56,132,83,97,119,75,107,29,87,134,38" hai1="58,25,40,15,94,14,4,68,42,13,99,126,79" hai2="49,105,121,127,89,32,45,57,69,104,62,0,17" hai3="122,116,124,33,100,130,113,55,26,118,12,120,109"/><V81/><F121/><N who="3" m="46699" /><G12/><T133/><D38/><U6/><E126/><V91/><F127/><W103/><G26/><T2/><D2/><U123/><E68/><V98/><F69/><W53/><G33/><T63/><D131/><U59/><E79/><V50/><F32/><W37/><G124/><T65/><D119/><N who="3" m="45609" /><G100/><T88/><D29/><U74/><E74/><V72/><F0/><W66/><G103/><N who="0" m="62959" /><D75/><U5/><E25/><V23/><F72/><W19/><G19/><T9/><D9/><U90/><REACH who="1" step="1"/><E123/><REACH who="1" ten="158,286,136,410" step="2"/><V92/><F89/><W36/><G130/><T76/><D76/><U22/><E22/><V10/><F10/><W106/><G109/><T43/><D134/><U31/><E31/><V112/><F23/><W27/><G27/><T77/><D133/><U21/><E21/><V129/><F129/><W71/><G113/><T34/><D132/><U73/><E73/><V101/><F112/><W60/><G106/><T44/><D34/><U95/><E95/><V86/><F105/><W47/><G36/><T18/><D93/><U110/><E110/><V7/><F104/><W125/><G125/><T114/><D114/><U61/><E61/><V111/><F111/><W128/><G128/><T20/><D77/><U8/><E8/><V135/><F135/><W115/><G115/><T80/><D20/><U85/><E85/><V51/><F62/><W82/><G82/><T54/><D83/><U117/><E117/><V64/><F81/><W1/><G1/><T46/><D80/><U108/><E108/><V78/><F86/><W24/><G24/><T30/><D87/><RYUUKYOKU ba="1,1" sc="158,-15,286,15,136,-15,410,15" hai1="4,5,6,13,14,15,40,42,58,59,90,94,99" hai3="37,47,53,55,60,66,71" /><INIT seed="7,2,1,3,2,11" ten="143,301,121,425" oya="3" hai0="57,45,111,12,127,32,8,5,102,104,42,72,135" hai1="29,115,28,41,22,100,50,46,53,74,77,27,80" hai2="25,1,24,126,107,83,33,113,37,35,66,75,121" hai3="47,117,52,58,91,70,2,71,120,20,122,84,38"/><W130/><G2/><T15/><D111/><U67/><E115/><V49/><F37/><W44/><G117/><T78/><D127/><U134/><E134/><V89/><F113/><W79/><G79/><T51/><D135/><U85/><E74/><V82/><F107/><W61/><G91/><T17/><D32/><U73/><E73/><V9/><F126/><W63/><G84/><T132/><D132/><U43/><E67/><V16/><F66/><W76/><G20/><T40/><D104/><U36/><E36/><V18/><F75/><W90/><G90/><T64/><D102/><U26/><REACH who="1" step="1"/><E100/><REACH who="1" ten="143,291,121,425" step="2"/><V112/><F112/><W125/><G38/><T133/><D133/><U65/><E65/><V92/><F121/><W7/><G125/><T13/><D72/><U99/><E99/><N who="2" m="57743" /><F35/><AGARI ba="2,2" hai="22,26,27,28,29,35,41,43,46,50,53,77,80,85" machi="35" ten="30,2000,0" yaku="1,1,7,1,53,0" doraHai="11" doraHaiUra="62" who="1" fromWho="2" sc="143,0,291,46,121,-26,425,0" owari="143,-26.0,337,14.0,95,-40.0,425,52.0" /></mjloggm>