<mjloggm ver="2.3"><GO type="41" lobby="0"/><UN n0="%E3%82%A8%E3%83%83%E3%83%95%E3%82%A7%E3%83%AB%E5%A1%94" n1="%54%61%6B%65%73%68%69%6E" n2="%E2%93%9D%53%75%70%68%78" n3="%6B%68%61%6E%68%64%7A" dan="14,13,18,13" rate="1962.12,1886.29,2134.03,1825.02" sx="M,M,M,M"/><TAIKYOKU oya="0"/><INIT seed="0,0,0,4,3,85" ten="250,250,250,250" oya="0" hai0="69,64,58,4,59,70,81,135,94,108,9,92,39" hai1="101,86,62,113,22,12,40,47,8,41,93,78,28" hai2="27,23,77,72,30,55,65,21,89,116,67,120,84" hai3="53,38,35,5,44,123,112,52,87,2,6,25,18"/><T127/><D39/><U24/><E113/><V54/><F120/><W0/><G112/><T133/><D81/><U48/><E101/><V131/><F131/><W130/><G130/><T3/><D127/><U114/><E62/><V79/><F72/><W106/><G106/><T88/><D94/><U42/><E114/><V103/><F103/><W63/><G123/><T132/><D108/><U15/><E15/><V80/><F116/><W56/><G87/><N who="0" m="52255" /><D64/><N who="2" m="24650" /><F23/><W60/><G0/><T121/><D121/><U1/><E1/><V122/><F122/><W26/><G2/><T128/><D128/><U33/><E33/><V43/><F43/><W125/><G125/><T34/><D34/><U124/><E124/><V90/><F79/><W95/><G95/><T97/><D97/><U46/><E47/><V36/><F36/><W71/><G38/><T99/><D99/><U76/><E78/><V104/><F104/><W115/><G115/><T119/><D119/><U107/><E107/><V49/><F55/><W110/><G53/><T129/><D129/><U73/><E73/><V68/><F68/><AGARI ba="0,0" hai="3,4,9,58,59,68,69,70,132,133,135" m="52255" machi="68" ten="40,7700,0" yaku="20,1,52,1,54,1" doraHai="85" who="0" fromWho="2" sc="250,77,250,0,250,-77,250,0" /><INIT seed="0,1,0,0,2,36" ten="327,250,173,250" oya="0" hai0="34,105,100,50,74,104,123,9,38,135,59,117,69" hai1="55,124,26,77,45,126,3,75,128,81,97,102,13" hai2="22,131,106,52,53,1,31,112,70,8,21,125,68" hai3="62,133,86,20,48,44,120,101,35,115,88,6,47"/><T11/><D59/><U113/><E3/><V17/><F112/><W82/><G115/><T107/><D50/><U122/><E113/><V99/><F131/><W90/><G35/><T76/><D100/><U18/><E128/><V23/><F31/><W60/><G133/><T130/><D11/><U127/><E122/><V37/><F37/><W41/><G120/><T108/><D9/><U65/><E65/><V15/><F125/><W40/><G101/><T30/><D76/><U84/><E55/><V0/><F99/><W118/><G118/><T103/><D30/><U29/><E45/><V93/><F93/><W16/><G6/><T27/><D27/><U92/><E18/><V54/><REACH who="2" step="1"/><F106/><REACH who="2" ten="327,250,163,250" step="2"/><W57/><G90/><T119/><D105/><N who="1" m="63695" /><E29/><V25/><F25/><N who="3" m="14471" /><G57/><T67/><D103/><U28/><E13/><V19/><F19/><W4/><G4/><T91/><D130/><U89/><E26/><V78/><F78/><W66/><G66/><T94/><D67/><U24/><E24/><V58/><F58/><W98/><G98/><T12/><D104/><U110/><E28/><V14/><F14/><W2/><G2/><AGARI ba="1,1" hai="0,1,2,8,15,17,21,22,23,52,53,54,68,70" machi="2" ten="50,3200,0" yaku="1,1,54,1,53,0" doraHai="36" doraHaiUra="87" who="2" fromWho="3" sc="327,0,250,0,163,45,250,-35" /><INIT seed="1,0,0,2,1,126" ten="327,250,208,215" oya="1" hai0="108,83,29,34,71,69,61,50,68,134,132,122,99" hai1="33,89,93,101,77,10,11,36,55,12,128,64,17" hai2="16,73,79,28,107,98,42,13,133,40,97,86,118" hai3="114,5,124,72,21,96,58,65,53,46,70,14,102"/><U119/><E119/><V103/><F118/><W0/><G114/><T51/><D108/><U82/><E33/><V75/><F28/><W120/><G120/><T7/><D122/><U111/><E111/><V49/><F133/><W113/><G113/><T62/><D7/><U129/><E101/><V3/><F3/><W19/><G72/><T109/><D83/><U26/><E64/><V47/><F98/><W44/><G124/><T123/><D99/><U24/><E11/><V66/><F66/><W39/><G70/><T59/><D109/><U88/><E55/><V2/><F2/><W104/><G65/><T37/><D37/><U116/><E36/><V48/><F86/><W84/><G84/><T135/><D123/><U125/><E125/><V60/><F60/><N who="0" m="23146" /><D59/><U32/><E116/><V127/><F79/><W112/><G39/><T81/><D81/><U52/><E52/><V91/><F91/><W63/><REACH who="3" step="1"/><G112/><REACH who="3" ten="327,250,208,205" step="2"/><T105/><D71/><U100/><E32/><V90/><F127/><W95/><G95/><T87/><D69/><U20/><E93/><V80/><F80/><W30/><G30/><T27/><D68/><U78/><E78/><V4/><F75/><W117/><G117/><T74/><D74/><U115/><E115/><V76/><F76/><W8/><AGARI ba="0,1" hai="0,5,8,14,19,21,44,46,53,58,63,96,102,104" machi="8" ten="30,4000,0" yaku="1,1,0,1,53,1" doraHai="126" doraHaiUra="18" who="3" fromWho="3" sc="327,-10,250,-20,208,-10,205,50" /><INIT seed="2,0,0,1,1,1" ten="317,230,198,255" oya="2" hai0="97,41,104,91,76,109,120,48,132,81,23,54,99" hai1="46,128,119,102,58,79,110,117,133,64,100,113,73" hai2="3,40,118,62,7,56,66,30,37,96,131,65,60" hai3="98,122,121,10,32,129,34,50,127,59,67,27,115"/><V35/><F118/><W61/><G127/><T70/><D120/><U95/><E110/><V134/><F131/><W89/><G129/><T125/><D70/><U93/><E128/><V112/><F112/><W20/><G115/><T74/><D109/><U18/><E113/><V94/><F134/><W68/><G68/><T53/><D125/><U9/><E133/><V51/><F37/><W55/><G121/><T78/><D78/><U69/><E69/><V44/><F35/><W25/><G122/><T45/><D132/><U86/><E73/><V82/><F30/><W63/><G10/><T52/><D104/><U14/><E117/><V21/><F21/><W16/><G25/><T15/><REACH who="0" step="1"/><D91/><REACH who="0" ten="307,230,198,255" step="2"/><N who="1" m="53495" /><E119/><V77/><F77/><W24/><G89/><T87/><D87/><U124/><E79/><V111/><F111/><W88/><G88/><T43/><D43/><U123/><E123/><V5/><F82/><W71/><G98/><T90/><D90/><U84/><E124/><V6/><F3/><W107/><G107/><T75/><D75/><U135/><E135/><V49/><F96/><W26/><G34/><T17/><AGARI ba="0,1" hai="15,17,23,41,45,48,52,53,54,74,76,81,97,99" machi="17" ten="30,4000,0" yaku="1,1,0,1,54,1,53,0" doraHai="1" doraHaiUra="83" who="0" fromWho="0" sc="307,50,230,-10,198,-20,255,-10" /><INIT seed="3,0,0,0,5,50" ten="357,220,178,245" oya="3" hai0="106,116,113,55,121,3,101,46,77,82,24,81,25" hai1="39,108,135,63,17,129,4,13,31,12,86,65,32" hai2="2,98,87,44,64,53,131,94,128,62,30,71,29" hai3="124,70,95,102,74,57,119,69,75,78,123,103,41"/><W34/><G119/><T16/><D116/><U79/><E108/><V104/><F2/><W40/><G123/><T7/><D121/><U56/><E39/><V9/><F104/><W99/><G34/><T84/><D113/><U37/><E37/><V19/><F87/><W23/><G124/><T15/><D3/><U122/><E122/><V109/><F19/><W107/><G23/><T1/><D7/><U27/><E135/><V22/><F9/><W73/><G78/><T92/><D106/><U49/><E129/><N who="2" m="49739" /><F22/><W96/><REACH who="3" step="1"/><G57/><REACH who="3" ten="357,220,178,235" step="2"/><T110/><D77/><U38/><E32/><V52/><F109/><W91/><G91/><T48/><D110/><U132/><E79/><V11/><F11/><W133/><G133/><T117/><D117/><U36/><E56/><V43/><F30/><W114/><G114/><T83/><D101/><U88/><E31/><V8/><F8/><W93/><G93/><T112/><D112/><U130/><E130/><V10/><F10/><W125/><G125/><T26/><D1/><U35/><E132/><V111/><F29/><W14/><G14/><T60/><D15/><U80/><E13/><V45/><F111/><W47/><G47/><N who="2" m="17993" /><F43/><AGARI ba="0,1" hai="40,41,43,69,70,73,74,75,95,96,99,102,103,107" machi="43" ten="40,2000,0" yaku="1,1,53,0" doraHai="50" doraHaiUra="72" who="3" fromWho="2" sc="357,0,220,0,178,-20,235,30" /><INIT seed="3,1,0,3,3,65" ten="357,220,158,265" oya="3" hai0="34,32,24,15,127,17,84,59,62,129,36,46,4" hai1="8,115,71,35,47,10,80,119,82,57,18,116,33" hai2="56,91,95,26,76,73,5,114,7,107,41,44,89" hai3="101,93,77,110,40,109,83,6,49,124,94,0,37"/><W2/><G124/><T128/><D127/><U13/><E115/><V98/><F114/><W69/><G49/><T86/><D4/><U97/><E47/><V121/><F107/><W60/><G101/><T122/><D122/><U22/><E97/><V130/><F130/><N who="0" m="50282" /><D46/><U66/><E80/><V29/><F76/><W27/><G27/><T28/><D34/><N who="1" m="12811" /><E57/><V103/><F73/><N who="3" m="43439" /><G94/><T81/><D36/><U104/><E82/><V131/><F121/><W99/><G93/><T105/><D105/><U19/><E104/><V87/><F131/><W3/><G99/><T11/><D81/><U51/><E51/><V21/><F91/><W53/><G53/><AGARI ba="1,0" hai="11,15,17,24,28,32,53,59,62,84,86" m="50282" machi="53" ten="30,1000,0" yaku="19,1" doraHai="65" who="0" fromWho="3" sc="357,13,220,0,158,0,265,-13" /><INIT seed="4,0,0,4,4,97" ten="370,220,158,252" oya="0" hai0="72,133,19,8,69,114,40,50,32,53,0,13,4" hai1="58,45,27,129,35,7,33,104,2,130,117,20,10" hai2="113,52,9,25,63,112,134,51,61,70,94,109,82" hai3="17,30,49,28,56,81,125,55,105,79,98,110,26"/><T23/><D114/><N who="2" m="44138" /><F82/><W37/><G110/><T115/><D115/><U86/><E117/><V88/><F109/><W102/><G37/><T83/><D133/><U111/><E111/><V90/><F134/><W65/><G125/><T36/><D69/><U131/><E104/><V59/><F9/><W108/><G108/><T54/><D50/><U68/><E68/><V126/><F126/><W96/><G96/><T1/><D1/><U66/><E86/><N who="2" m="52503" /><F90/><W14/><G26/><T75/><D32/><N who="1" m="12363" /><E45/><V71/><F25/><W127/><G127/><T57/><D57/><U5/><E58/><N who="2" m="33055" /><F63/><W99/><G99/><T41/><D83/><U31/><E66/><AGARI ba="0,0" hai="59,61,66,70,71" m="33055,52503,44138" machi="66" ten="30,3900,0" yaku="15,1,54,2" doraHai="97" who="2" fromWho="1" sc="370,0,220,-39,158,39,252,0" /><INIT seed="5,0,0,4,3,123" ten="370,181,197,252" oya="1" hai0="58,90,64,135,61,100,126,112,45,125,48,22,88" hai1="119,96,105,93,120,87,122,30,4,47,25,111,26" hai2="54,35,34,24,21,39,128,52,74,107,77,124,92" hai3="33,20,80,32,36,27,0,56,2,103,68,8,129"/><U95/><E119/><V1/><F107/><W82/><G68/><T130/><D112/><U81/><E105/><V108/><F39/><W118/><G36/><T67/><D130/><U131/><E131/><V19/><F128/><W127/><G129/><T65/><D135/><U106/><E4/><V55/><F1/><W31/><G127/><N who="0" m="48651" /><D22/><U121/><E47/><V76/><F124/><W44/><G103/><T16/><D16/><U73/><E73/><V99/><F108/><W78/><G44/><T109/><D100/><U66/><E66/><N who="0" m="25705" /><D109/><U98/><E111/><V57/><F74/><W114/><G114/><T37/><D37/><U46/><E46/><V94/><F57/><W14/><G118/><T42/><AGARI ba="0,0" hai="42,45,48,58,61,67,88,90" m="25705,48651" machi="42" ten="30,2000,0" yaku="18,1,54,1" doraHai="123" who="0" fromWho="0" sc="370,20,181,-10,197,-5,252,-5" /><INIT seed="6,0,0,5,0,43" ten="390,171,192,247" oya="2" hai0="21,41,65,30,33,127,46,16,68,54,67,5,116" hai1="104,83,125,123,76,32,51,120,28,34,86,20,57" hai2="81,59,19,29,45,93,8,55,112,1,56,130,70" hai3="50,105,11,14,128,100,4,10,53,135,89,95,17"/><V103/><F70/><W31/><G128/><T66/><D68/><U75/><E104/><V58/><F130/><W107/><G135/><T39/><D127/><U27/><E125/><V124/><F124/><W132/><G132/><T69/><D69/><U119/><E119/><V134/><F112/><W22/><G31/><T122/><D122/><U44/><E57/><V52/><F29/><W82/><G82/><T13/><D116/><U114/><E114/><V47/><F1/><W126/><G126/><T108/><D108/><U7/><E7/><V96/><F134/><W6/><G105/><T26/><D54/><N who="2" m="20522" /><F81/><W61/><G61/><T62/><D62/><U2/><E2/><V23/><F8/><N who="3" m="3115" /><G107/><T78/><D78/><U92/><E92/><V85/><F85/><N who="3" m="52655" /><G100/><T60/><D60/><U129/><E75/><V97/><F97/><W133/><G133/><T71/><D71/><U24/><E129/><V64/><F64/><W117/><G117/><T38/><REACH who="0" step="1"/><D5/><REACH who="0" ten="380,171,192,247" step="2"/><U74/><E74/><V106/><F106/><W118/><G118/><T90/><D90/><U40/><REACH who="1" step="1"/><E34/><REACH who="1" ten="380,161,192,247" step="2"/><V131/><F131/><W63/><G63/><T3/><D3/><U79/><E79/><V111/><F111/><W9/><G4/><T36/><AGARI ba="0,2" hai="13,16,21,26,30,33,36,38,39,41,46,65,66,67" machi="36" ten="30,7900,0" yaku="1,1,0,1,52,1,54,1,53,0" doraHai="43" doraHaiUra="110" who="0" fromWho="0" sc="380,99,161,-20,192,-39,247,-20" /><INIT seed="7,0,0,3,2,100" ten="479,141,153,227" oya="3" hai0="67,29,94,26,87,34,19,25,7,35,41,89,59" hai1="10,104,32,130,110,62,126,1,78,96,132,3,69" hai2="8,98,11,44,15,92,107,47,91,81,118,55,84" hai3="102,111,63,83,72,125,9,99,113,114,60,56,14"/><W39/><G39/><T38/><D7/><U58/><E110/><V42/><F118/><W27/><G111/><T66/><D38/><U37/><E32/><V80/><F107/><W82/><G125/><T4/><D41/><U64/><E37/><V5/><F11/><W134/><G134/><T95/><D4/><U135/><E126/><V43/><F81/><W61/><G56/><T12/><D59/><U77/><E130/><V33/><F33/><W30/><G72/><T0/><D95/><U6/><E3/><V68/><F68/><W74/><G74/><T50/><D50/><U106/><E58/><V88/><F55/><W90/><G9/><T93/><D93/><U103/><REACH who="1" step="1"/><E104/><REACH who="1" ten="479,131,153,227" step="2"/><V52/><F47/><W53/><G113/><T128/><D19/><U112/><E112/><V24/><F24/><W120/><G27/><T119/><D89/><U65/><E65/><V123/><F123/><W79/><G114/><T54/><D94/><U97/><E97/><V49/><AGARI ba="0,1" hai="5,8,15,42,43,44,49,52,80,84,88,91,92,98" machi="49" ten="30,7900,0" yaku="0,1,8,1,54,2" doraHai="100" who="2" fromWho="2" sc="479,-20,131,-20,153,89,227,-39" owari="459,56.0,111,-39.0,242,4.0,188,-21.0" /></mjloggm>