<mjloggm ver="2.3"><GO type="41" lobby="0"/><UN n0="%E9%BA%BB%E9%9B%80%E3%81%AF%E6%B5%81%E3%82%8C%E3%81%A7%E3%81%99%E3%80%82" n1="%E6%A1%9C%E5%B0%8F%E8%B7%AF%E6%89%8D%E8%8F%AF" n2="%4C%69%6C%79%37%E4%B8%96" n3="%E2%93%9D%53%75%70%68%78" dan="14,13,15,18" rate="2029.28,1917.92,1986.41,2055.91" sx="M,M,M,M"/><TAIKYOKU oya="0"/><INIT seed="0,0,0,0,3,74" ten="250,250,250,250" oya="0" hai0="94,82,35,85,69,33,48,113,67,41,135,34,45" hai1="52,17,49,26,124,105,51,7,130,84,89,77,92" hai2="29,42,18,32,12,132,115,20,10,27,95,111,55" hai3="112,107,43,1,14,88,102,73,134,65,110,75,59"/><T15/><D113/><U80/><E130/><V16/><F115/><W64/><G112/><T31/><D135/><U23/><E124/><V114/><F114/><W71/><G1/><T19/><D69/><U30/><E105/><V38/><F132/><W101/><G43/><T96/><D67/><U61/><E7/><V87/><F111/><W97/><G59/><T11/><D31/><U60/><E30/><V93/><F55/><W8/><G110/><T9/><D9/><U0/><E0/><V25/><REACH who="2" step="1"/><F87/><REACH who="2" ten="250,250,240,250" step="2"/><W81/><G75/><T129/><D129/><U2/><E2/><V22/><F22/><W122/><G73/><T46/><D33/><U118/><E118/><V79/><F79/><W116/><G134/><T121/><D121/><U53/><E53/><V40/><F40/><W58/><G116/><T44/><D35/><U127/><E127/><V21/><F21/><W70/><G122/><T90/><REACH who="0" step="1"/><D34/><REACH who="0" ten="240,250,240,250" step="2"/><U117/><E117/><V133/><F133/><W24/><G71/><T39/><D39/><U6/><E23/><V104/><F104/><W91/><G70/><T98/><D98/><U120/><E120/><V103/><F103/><AGARI ba="0,2" hai="11,15,19,41,44,45,46,48,82,85,90,94,96,103" machi="103" ten="30,5800,0" yaku="1,1,7,1,8,1,53,0" doraHai="74" doraHaiUra="57" who="0" fromWho="2" sc="240,78,250,0,240,-58,250,0" /><INIT seed="0,1,0,0,5,110" ten="318,250,182,250" oya="0" hai0="77,12,10,117,23,89,106,105,4,40,70,88,1" hai1="129,46,39,91,72,101,43,95,76,134,84,111,55" hai2="123,6,113,41,98,93,85,42,130,127,50,47,14" hai3="107,57,29,21,33,131,66,90,128,37,3,13,22"/><T25/><D117/><U60/><E111/><V64/><F123/><W48/><G37/><T122/><D122/><U97/><E129/><V20/><F130/><W116/><G107/><T96/><D70/><U75/><E134/><V31/><F127/><W86/><G3/><T133/><D133/><U5/><E5/><V74/><F74/><W62/><G33/><T34/><D77/><U63/><E55/><V81/><F64/><W11/><G116/><T32/><D40/><U83/><REACH who="1" step="1"/><E75/><REACH who="1" ten="318,240,182,250" step="2"/><V19/><F6/><W82/><G131/><T18/><D34/><U7/><E7/><V135/><F135/><W28/><G128/><T8/><D32/><U79/><E79/><V112/><F42/><W69/><G29/><T92/><REACH who="0" step="1"/><D89/><REACH who="0" ten="308,240,182,250" step="2"/><U121/><E121/><V16/><F31/><AGARI ba="1,2" hai="1,4,8,10,12,18,23,25,31,88,92,96,105,106" machi="31" ten="30,12000,1" yaku="1,1,2,1,7,1,54,1,53,1" doraHai="110" doraHaiUra="24" who="0" fromWho="2" sc="308,143,240,0,182,-123,250,0" /><INIT seed="0,2,0,4,4,117" ten="451,240,59,250" oya="0" hai0="32,31,83,87,33,5,74,126,27,26,60,122,12" hai1="135,80,25,93,113,111,18,98,119,89,61,92,8" hai2="110,107,69,53,22,73,66,50,71,28,34,4,51" hai3="124,20,76,86,59,56,108,6,95,17,70,58,128"/><T121/><D74/><U134/><E119/><V75/><F107/><W52/><G70/><T39/><D39/><U118/><E118/><V42/><F34/><W7/><G108/><T82/><D126/><U132/><E111/><V37/><F4/><W72/><G128/><T48/><D83/><U96/><E113/><V85/><F110/><W38/><G72/><T84/><D84/><U78/><E61/><V13/><F85/><W130/><G38/><T0/><D0/><U133/><N who="1" m="33792" /><DORA hai="105" /><U100/><E25/><V55/><F28/><W19/><G130/><T11/><D48/><U106/><E18/><V101/><F101/><W10/><G19/><T15/><D15/><U62/><E62/><N who="2" m="40151" /><F71/><W115/><G124/><T65/><D27/><U114/><E8/><V9/><F22/><W16/><G115/><T102/><D102/><U30/><E30/><V3/><F3/><W104/><G10/><T47/><D47/><U81/><E114/><V46/><F51/><W67/><G20/><T57/><D33/><U1/><E1/><V36/><F53/><W64/><G52/><T79/><AGARI ba="2,0" hai="5,11,12,26,31,32,57,60,65,79,82,87,121,122" machi="79" ten="20,7800,0" yaku="0,1,7,1,52,2" doraHai="117,105" who="0" fromWho="0" sc="451,84,240,-28,59,-28,250,-28" /><INIT seed="0,3,0,1,4,46" ten="535,212,31,222" oya="0" hai0="58,100,11,133,98,35,97,33,15,134,116,70,4" hai1="16,56,129,73,92,88,45,119,60,66,20,123,90" hai2="9,24,5,43,68,22,17,114,86,130,69,78,36" hai3="84,120,44,28,128,110,101,53,65,1,54,80,93"/><T131/><D116/><U38/><E119/><V83/><F114/><W82/><G1/><T75/><D75/><U48/><E123/><V109/><F109/><W94/><G128/><T55/><D70/><U76/><E38/><V32/><F130/><W52/><G110/><T14/><D14/><U37/><E37/><V89/><F32/><W135/><G135/><N who="0" m="51723" /><D97/><U40/><E129/><V59/><F59/><W111/><G65/><T30/><D30/><U107/><E107/><V106/><F106/><W42/><G28/><T79/><D79/><U85/><E73/><V6/><F6/><W50/><G120/><T62/><D131/><U95/><E76/><V47/><REACH who="2" step="1"/><F78/><REACH who="2" ten="535,212,21,222" step="2"/><W7/><G7/><T108/><D108/><U117/><E117/><V21/><F21/><W19/><G111/><T87/><D35/><U122/><E122/><V13/><AGARI ba="3,1" hai="5,9,13,17,22,24,36,43,47,68,69,83,86,89" machi="13" ten="20,2700,0" yaku="1,1,0,1,7,1,53,0" doraHai="46" doraHaiUra="112" who="2" fromWho="2" sc="535,-16,212,-10,21,46,222,-10" /><INIT seed="1,0,0,1,5,80" ten="519,202,67,212" oya="1" hai0="72,7,100,36,0,81,12,134,75,47,129,30,61" hai1="92,118,87,124,82,14,17,2,110,90,84,31,93" hai2="35,51,135,21,102,103,59,76,71,29,40,113,42" hai3="16,15,101,122,111,13,44,114,63,23,37,67,28"/><U60/><E118/><V115/><F71/><W79/><G114/><N who="2" m="43529" /><F35/><W78/><G111/><T6/><D30/><U65/><E2/><V98/><F76/><W43/><G122/><T39/><D100/><N who="2" m="38442" /><F98/><W74/><G74/><T53/><D75/><U86/><E110/><V123/><F123/><W38/><G38/><T126/><D72/><U11/><E124/><V1/><F1/><W121/><G121/><T69/><D39/><U83/><E31/><V46/><F59/><W49/><G101/><T9/><D69/><U125/><E125/><V4/><F4/><W66/><G37/><T52/><D7/><U8/><E8/><V56/><F56/><W24/><G15/><T127/><D12/><U5/><E5/><V99/><F99/><W95/><G79/><T85/><D127/><U33/><E33/><V108/><F135/><W19/><G78/><T96/><D134/><U104/><E104/><V131/><F131/><W132/><G132/><T97/><D129/><U70/><REACH who="1" step="1"/><E93/><REACH who="1" ten="519,192,67,212" step="2"/><V68/><F108/><W107/><G107/><T62/><D126/><U73/><E73/><V89/><F29/><W34/><G95/><T128/><D128/><U20/><E20/><V77/><F21/><W57/><G19/><T45/><D9/><U112/><E112/><V54/><F68/><W94/><G94/><T120/><D6/><U50/><E50/><V109/><F109/><W64/><AGARI ba="0,1" hai="13,16,23,24,28,34,43,44,49,57,63,64,66,67" machi="64" ten="20,2700,0" yaku="0,1,7,1,54,1" doraHai="80" who="3" fromWho="3" sc="519,-7,192,-13,67,-7,212,37" /><INIT seed="2,0,0,1,2,83" ten="512,179,60,249" oya="2" hai0="100,8,18,43,119,12,87,61,13,51,73,3,52" hai1="64,58,89,5,7,36,45,25,34,20,112,10,110" hai2="37,104,4,72,106,50,133,53,98,57,22,105,82" hai3="122,70,109,54,135,111,114,121,68,63,116,11,24"/><V62/><F37/><W124/><G24/><T96/><D73/><U134/><E112/><V88/><F133/><W128/><G11/><T78/><D3/><U86/><E34/><V102/><F4/><W123/><G114/><T101/><D43/><U55/><E134/><V38/><F38/><W99/><G99/><T74/><D74/><U80/><E110/><N who="3" m="41994" /><G135/><T132/><D119/><U84/><E64/><V108/><F108/><W127/><G128/><T21/><D61/><N who="1" m="36063" /><E45/><V131/><F131/><W23/><G23/><T81/><D96/><U19/><E36/><V31/><F62/><W90/><G90/><T14/><D132/><U29/><E29/><V56/><F56/><N who="3" m="35223" /><G116/><T16/><D12/><U107/><E107/><V94/><F31/><W39/><G39/><T44/><AGARI ba="0,0" hai="8,13,14,16,18,21,44,51,52,78,81,87,100,101" machi="44" ten="20,12000,2" yaku="0,1,7,1,8,1,52,1,54,2" doraHai="83" who="0" fromWho="0" sc="512,120,179,-30,60,-60,249,-30" /><INIT seed="3,0,0,5,3,71" ten="632,149,0,219" oya="3" hai0="74,24,131,8,89,31,122,27,124,5,93,127,98" hai1="120,133,56,128,50,16,135,4,35,72,58,129,21" hai2="49,117,81,44,86,23,65,104,80,82,101,61,62" hai3="132,109,51,106,70,112,22,69,76,53,64,68,11"/><W114/><G106/><T134/><D122/><U36/><E72/><V10/><F117/><W79/><G22/><T26/><D131/><N who="1" m="50251" /><E35/><V25/><F10/><W121/><G121/><T14/><D74/><U17/><E120/><V42/><F104/><W34/><G34/><T52/><D134/><N who="1" m="51211" /><E4/><V18/><F101/><W118/><G118/><T88/><D31/><U39/><E17/><V100/><F100/><W59/><G79/><T55/><D89/><U110/><E110/><V57/><F61/><W20/><G76/><AGARI ba="0,0" hai="18,23,25,42,44,49,57,62,65,76,80,81,82,86" machi="76" ten="30,2000,0" yaku="7,1,8,1" doraHai="71" who="2" fromWho="3" sc="632,0,149,0,0,20,219,-20" /><INIT seed="4,0,0,1,0,93" ten="632,149,20,199" oya="0" hai0="30,60,34,89,38,69,108,127,32,113,25,53,133" hai1="39,56,16,112,40,95,75,94,37,51,107,117,58" hai2="85,1,7,8,90,100,55,2,5,62,43,31,35" hai3="48,115,77,99,49,67,59,73,132,33,78,9,101"/><T11/><D113/><U23/><E117/><V71/><F43/><W88/><G33/><T18/><D38/><U129/><E107/><V28/><F100/><W44/><G73/><T17/><D133/><U22/><E75/><V72/><F72/><W121/><G121/><T64/><D127/><U97/><E129/><V54/><F71/><W19/><G115/><T114/><D114/><U135/><E112/><V104/><F104/><W91/><G132/><T110/><D34/><U46/><E135/><V96/><F35/><W92/><G49/><T63/><D89/><N who="3" m="34377" /><G59/><N who="0" m="34927" /><D11/><U87/><E87/><V82/><F96/><W109/><G67/><T6/><D6/><U98/><E51/><V24/><F24/><W119/><G109/><AGARI ba="0,0" hai="17,18,25,30,32,63,64,69,108,109,110" m="34927" machi="109" ten="30,1500,0" yaku="10,1" doraHai="93" who="0" fromWho="3" sc="632,15,149,0,20,0,199,-15" /><INIT seed="4,1,0,0,1,86" ten="647,149,20,184" oya="0" hai0="132,108,129,99,92,65,85,1,116,130,72,88,19" hai1="98,32,59,9,52,28,102,49,22,96,67,70,68" hai2="40,121,117,6,100,107,97,123,35,128,73,64,75" hai3="15,51,74,14,111,135,131,81,76,43,38,54,94"/><T7/><D116/><U10/><E32/><V95/><F117/><W21/><G111/><T84/><D108/><U26/><E98/><V2/><F35/><W79/><G135/><T34/><D72/><U82/><E82/><V87/><F64/><W78/><G131/><T69/><D34/><U30/><E30/><V120/><F40/><W55/><G38/><T124/><D124/><U106/><REACH who="1" step="1"/><E67/><REACH who="1" ten="647,139,20,184" step="2"/><V61/><F128/><W118/><G81/><T25/><D65/><U5/><E5/><V56/><F6/><W47/><G118/><T83/><D83/><U101/><E101/><V125/><F125/><W24/><G74/><T60/><D7/><U48/><E48/><V13/><F2/><W113/><G51/><T127/><D1/><U27/><E27/><V126/><F126/><W39/><G24/><T80/><D25/><U71/><AGARI ba="1,1" hai="9,10,22,26,28,49,52,59,68,70,71,96,102,106" machi="71" ten="30,4000,0" yaku="1,1,0,1,54,1,53,0" doraHai="86" doraHaiUra="90" who="1" fromWho="1" sc="647,-21,139,53,20,-11,184,-11" /><INIT seed="5,0,0,5,4,19" ten="626,192,9,173" oya="1" hai0="21,47,53,16,112,113,84,88,44,48,41,89,56" hai1="106,86,17,57,62,76,36,105,10,71,29,135,52" hai2="103,92,87,68,6,133,131,13,104,75,78,124,125" hai3="37,9,80,93,49,24,130,14,83,64,94,108,1"/><U12/><E36/><V121/><F68/><W33/><G1/><T126/><D126/><N who="2" m="48746" /><F6/><W119/><G108/><T91/><D84/><U90/><E135/><V128/><F13/><W3/><G3/><T116/><D116/><U55/><E76/><V110/><F121/><W11/><G130/><N who="2" m="49705" /><F110/><W0/><G0/><T42/><D47/><U27/><E55/><V18/><F18/><W129/><G14/><N who="0" m="9367" /><D44/><U120/><E71/><V31/><F31/><W45/><G129/><T123/><D123/><U5/><E5/><V58/><F58/><W82/><G45/><T4/><D4/><U95/><E120/><V40/><F40/><W60/><G119/><T67/><D67/><U26/><E26/><V127/><N who="2" m="48754" /><V73/><DORA hai="38" /><F104/><W114/><G24/><T46/><D46/><U74/><E74/><N who="2" m="28171" /><F78/><W43/><G43/><T54/><D54/><U81/><E29/><V65/><F65/><W118/><G64/><T85/><D85/><U61/><E27/><V39/><F39/><W34/><G37/><T50/><D50/><U32/><E62/><V134/><F103/><W22/><G118/><T23/><D42/><U100/><E32/><V15/><F15/><W69/><G34/><T102/><D41/><U2/><E2/><V63/><F63/><W132/><G60/><T59/><D102/><U111/><E111/><V72/><N who="2" m="28179" /><V107/><DORA hai="79" /><F107/><W51/><G33/><T117/><D56/><U99/><AGARI ba="0,0" hai="10,12,17,52,57,61,81,86,90,95,99,100,105,106" machi="99" ten="30,6000,0" yaku="0,1,52,1,54,1" doraHai="19,38,79" who="1" fromWho="1" sc="626,-20,192,60,9,-20,173,-20" owari="606,71.0,252,5.0,-11,-51.0,153,-25.0" /></mjloggm>