<mjloggm ver="2.3"><GO type="41" lobby="0"/><UN n0="%34%4E%41%54%4D" n1="%E8%9B%87%E3%81%A8%E9%AD%9A" n2="%52%65%62%75%73" n3="%E2%93%9D%53%75%70%68%78" dan="13,13,13,18" rate="1953.10,1890.99,1862.52,2114.91" sx="M,M,M,M"/><TAIKYOKU oya="0"/><INIT seed="0,0,0,0,5,14" ten="250,250,250,250" oya="0" hai0="112,92,109,100,129,133,55,89,53,98,103,24,96" hai1="121,52,93,113,26,101,73,108,78,106,130,18,62" hai2="104,33,111,86,72,70,57,25,122,118,0,117,48" hai3="107,84,5,74,23,40,44,3,54,30,125,97,21"/><T22/><D112/><U1/><E121/><V75/><F122/><W82/><G125/><T119/><D129/><U132/><E130/><V8/><F57/><W43/><G74/><T64/><D119/><U114/><E108/><V27/><F48/><W79/><G3/><T66/><D133/><U90/><E132/><V9/><F86/><W13/><G107/><T6/><D6/><U63/><E1/><V38/><F0/><W128/><G97/><T56/><D109/><U10/><E101/><V135/><F135/><W60/><G30/><T45/><D45/><U16/><E106/><V99/><F111/><W49/><G128/><T67/><D55/><U126/><E10/><V127/><F104/><W95/><G95/><T15/><D15/><U20/><E126/><V120/><F99/><W85/><G85/><T34/><D34/><U19/><E78/><V17/><F120/><W102/><G102/><T39/><D39/><U76/><E76/><V68/><F127/><W71/><G43/><T105/><D105/><U91/><E73/><V65/><F38/><W110/><G110/><T131/><D96/><N who="1" m="57399" /><E91/><V61/><F61/><N who="1" m="23049" /><E52/><V58/><F58/><N who="3" m="34903" /><G71/><T2/><D2/><U77/><E77/><V94/><F94/><W80/><G80/><T29/><REACH who="0" step="1"/><D131/><REACH who="0" ten="240,250,250,250" step="2"/><U134/><E134/><V50/><F33/><W59/><G59/><T47/><D47/><U115/><AGARI ba="0,1" hai="16,18,19,20,26,113,114,115" m="23049,57399" machi="115" ten="40,8000,1" yaku="11,1,52,3,54,1" doraHai="14" who="1" fromWho="1" sc="240,-40,250,90,250,-20,250,-20" /><INIT seed="1,0,0,2,3,11" ten="200,340,230,230" oya="1" hai0="81,23,1,73,129,47,57,26,75,89,133,20,80" hai1="71,110,31,115,32,36,95,74,34,43,45,91,103" hai2="48,84,61,123,22,19,38,14,27,39,124,130,79" hai3="65,117,83,18,53,16,72,69,116,25,64,107,21"/><U40/><E115/><V3/><F123/><W55/><G107/><T82/><D1/><U50/><E71/><V114/><F130/><W46/><G69/><T127/><D129/><U113/><E113/><V7/><F124/><W96/><G96/><T119/><D119/><N who="3" m="45641" /><G46/><T98/><D133/><U132/><E74/><V131/><F131/><W12/><G83/><T88/><D127/><U49/><E132/><V128/><F128/><W41/><G41/><T86/><D47/><U120/><E120/><V135/><F135/><W92/><G92/><T77/><D23/><U52/><E103/><V105/><F3/><W101/><G101/><T4/><D4/><U24/><E36/><V42/><F105/><W51/><G72/><T76/><D57/><U85/><E110/><V126/><F126/><W90/><G90/><T8/><D8/><U5/><E5/><V97/><F39/><W108/><G108/><T44/><D44/><U35/><E43/><V118/><F38/><W63/><G51/><T100/><D89/><U37/><E37/><V121/><F114/><W56/><G65/><T99/><REACH who="0" step="1"/><D100/><REACH who="0" ten="190,340,230,230" step="2"/><U104/><E104/><V125/><F118/><W134/><G134/><T94/><D94/><U2/><E2/><V102/><F125/><W30/><G18/><AGARI ba="0,1" hai="18,20,26,73,75,76,77,80,81,82,86,88,98,99" machi="18" ten="30,8000,1" yaku="1,1,7,1,9,1,54,1,53,1" doraHai="11" doraHaiUra="13" who="0" fromWho="3" sc="190,90,340,0,230,0,230,-80" /><INIT seed="2,0,0,0,0,10" ten="280,340,230,150" oya="2" hai0="17,21,115,69,71,47,77,135,102,20,15,105,37" hai1="72,117,25,75,2,0,42,113,119,80,65,92,95" hai2="74,93,84,58,82,116,125,11,54,134,90,78,46" hai3="91,114,99,56,70,101,27,100,49,41,89,109,31"/><V118/><F134/><W38/><G70/><T83/><D115/><U129/><E113/><V94/><F125/><W3/><G3/><T33/><D33/><U23/><E129/><V59/><F118/><W97/><G38/><T1/><D1/><U64/><E80/><V44/><F116/><W18/><G109/><T28/><D105/><U48/><E48/><V52/><F11/><W22/><G114/><T98/><D37/><U103/><E25/><V112/><F112/><W79/><G79/><T36/><D36/><U106/><E106/><V66/><F66/><W51/><G31/><T131/><D47/><U133/><E23/><V68/><F68/><W14/><G27/><T130/><D135/><U107/><E107/><V132/><F132/><W40/><G56/><N who="2" m="21545" /><F74/><W81/><G81/><T29/><D98/><U61/><E133/><V26/><F26/><W128/><G22/><T6/><D102/><U123/><E103/><V4/><F4/><W50/><G50/><T87/><D6/><U24/><E24/><V5/><F5/><W32/><G32/><T124/><D124/><U53/><E61/><V76/><F76/><W35/><G35/><T55/><D21/><U34/><E34/><V16/><F78/><W126/><G126/><T85/><D28/><U96/><E96/><V122/><F122/><W19/><G128/><N who="0" m="49195" /><D29/><U110/><E123/><V30/><F30/><W12/><AGARI ba="0,0" hai="12,14,18,19,40,41,49,51,89,91,97,99,100,101" machi="12" ten="25,12000,2" yaku="0,1,22,2,8,1,52,2" doraHai="10" who="3" fromWho="3" sc="280,-30,340,-30,230,-60,150,120" /><INIT seed="3,0,0,4,2,44" ten="250,310,170,270" oya="3" hai0="107,74,65,55,87,22,129,104,80,34,47,52,50" hai1="117,36,33,98,53,86,25,73,110,38,106,118,6" hai2="28,72,24,18,125,9,4,135,51,58,12,57,123" hai3="77,1,15,37,89,29,67,83,79,100,61,30,39"/><W102/><G1/><T88/><D34/><U14/><E73/><V8/><F72/><W7/><G89/><T13/><D74/><U99/><E110/><V45/><F135/><W105/><G7/><T121/><D121/><U85/><E6/><V127/><F123/><W40/><G15/><T59/><D129/><U5/><E25/><V19/><F127/><W126/><G40/><T115/><D115/><U70/><E33/><V128/><F125/><W97/><G126/><T69/><D69/><U23/><E70/><V64/><F128/><W56/><G102/><T134/><D134/><U16/><E5/><V133/><F133/><W90/><G90/><T113/><D113/><U71/><E71/><V92/><F64/><W2/><G2/><T116/><D116/><N who="1" m="44651" /><E53/><V75/><F75/><W11/><G11/><T130/><D130/><U48/><E48/><V27/><F92/><W81/><G39/><N who="1" m="14890" /><E99/><V122/><F122/><W60/><G37/><T96/><D96/><U101/><AGARI ba="0,0" hai="14,16,23,85,86,98,101,106" m="14890,44651" machi="101" ten="40,2700,0" yaku="12,1,54,1" doraHai="44" who="1" fromWho="1" sc="250,-7,310,27,170,-7,270,-13" /><INIT seed="4,0,0,4,2,131" ten="243,337,163,257" oya="0" hai0="19,104,12,37,112,85,113,38,116,133,72,129,74" hai1="57,25,77,105,123,96,6,11,101,21,132,99,4" hai2="23,66,121,124,83,69,3,2,125,5,94,100,26" hai3="126,40,58,111,17,34,89,15,65,128,22,52,102"/><T107/><D116/><U51/><E123/><V59/><F121/><W36/><G111/><T29/><D29/><U70/><E70/><V56/><F83/><W87/><G34/><T46/><D85/><U93/><E77/><V82/><F82/><W16/><G126/><N who="2" m="48745" /><F69/><W108/><G128/><T44/><D129/><U35/><E35/><V47/><F47/><N who="0" m="17962" /><D12/><U86/><E86/><V103/><F5/><W27/><G108/><T43/><D43/><U114/><E6/><V32/><F32/><W9/><G36/><N who="0" m="13931" /><D19/><U20/><E20/><V24/><F66/><W135/><G65/><T55/><D55/><U1/><E51/><V7/><F7/><W106/><G40/><T45/><N who="0" m="17970" /><T127/><DORA hai="60" /><D127/><U61/><E25/><N who="2" m="9835" /><F23/><W84/><G84/><T39/><D133/><U118/><E132/><V97/><F103/><W10/><G135/><T14/><D14/><U18/><E118/><V79/><F79/><W76/><G76/><T67/><D67/><U28/><E28/><V120/><F120/><W81/><G27/><T122/><D122/><U75/><E61/><V13/><F13/><W50/><REACH who="3" step="1"/><G17/><REACH who="3" ten="243,337,163,247" step="2"/><T71/><D39/><U117/><E18/><V53/><F53/><W30/><G30/><T33/><D33/><U64/><E64/><V92/><F97/><AGARI ba="0,1" hai="9,10,15,16,22,50,52,58,81,87,89,97,102,106" machi="97" ten="40,8000,1" yaku="1,1,54,2,53,1" doraHai="131,60" doraHaiUra="41,8" who="3" fromWho="2" sc="243,0,337,0,163,-80,247,90" /><INIT seed="5,0,0,2,5,2" ten="243,337,83,337" oya="1" hai0="130,1,107,127,72,94,34,108,38,118,132,68,113" hai1="25,84,78,70,123,26,22,80,62,133,54,122,114" hai2="31,67,30,36,105,95,3,112,119,101,69,79,0" hai3="14,39,131,44,110,61,100,90,104,65,102,103,57"/><U111/><E133/><V124/><F95/><W82/><G110/><T106/><D94/><U10/><E111/><V96/><F119/><W23/><G131/><T88/><D88/><U19/><E114/><V89/><F124/><W53/><G104/><T93/><D93/><U109/><E109/><V121/><F89/><W45/><G39/><T83/><D83/><U8/><E26/><V134/><F121/><AGARI ba="0,0" hai="1,34,38,68,72,106,107,108,113,118,121,127,130,132" machi="121" ten="0,32000,5" yakuman="47" doraHai="2" who="0" fromWho="2" sc="243,320,337,0,83,-320,337,0" owari="563,66.0,337,14.0,-237,-74.0,337,-6.0" /></mjloggm>