<mjloggm ver="2.3"><GO type="41" lobby="0"/><UN n0="%74%6F%6D%6F%6B%69%63%68" n1="%E2%93%9D%53%75%70%68%78" n2="%E6%B1%80%E5%AE%B6" n3="%E3%81%82%E3%82%8B%E3%81%A6" dan="13,18,14,13" rate="1874.80,2122.45,1924.85,1885.31" sx="M,M,M,M"/><TAIKYOKU oya="0"/><INIT seed="0,0,0,1,5,46" ten="250,250,250,250" oya="0" hai0="123,117,58,76,31,6,93,29,77,41,11,60,99" hai1="66,3,125,45,95,57,72,36,87,113,128,24,73" hai2="119,50,47,78,102,26,135,85,86,51,2,63,96" hai3="69,13,134,53,59,18,83,79,21,22,114,52,94"/><T71/><D123/><U67/><E3/><V111/><F2/><W64/><G114/><T106/><D106/><U16/><E128/><V110/><F135/><W5/><G134/><T129/><D71/><U84/><E125/><V20/><F119/><W0/><G0/><T101/><D129/><U61/><E113/><V133/><F133/><W130/><G94/><T14/><D41/><U48/><E36/><V115/><F115/><W12/><G69/><T37/><D37/><U82/><E67/><V15/><F15/><W80/><G130/><T124/><D124/><U120/><E120/><V35/><F63/><N who="3" m="38015" /><G79/><N who="0" m="30283" /><D117/><U109/><E109/><N who="2" m="41483" /><F47/><W127/><G127/><T112/><D112/><U25/><E73/><V39/><F39/><W132/><G132/><T55/><AGARI ba="0,0" hai="6,11,14,29,31,55,58,60,93,99,101" m="30283" machi="55" ten="30,1500,0" yaku="8,1" doraHai="46" who="0" fromWho="0" sc="250,15,250,-5,250,-5,250,-5" /><INIT seed="0,1,0,5,2,24" ten="265,245,245,245" oya="0" hai0="36,59,19,55,83,26,5,73,91,18,27,8,134" hai1="75,25,130,80,28,44,32,7,67,76,86,0,66" hai2="10,89,119,101,57,106,68,65,131,61,60,87,23" hai3="46,94,72,114,122,33,31,90,79,81,52,96,111"/><T112/><D36/><U93/><E130/><V15/><F131/><W121/><G111/><T71/><D71/><U117/><E117/><V125/><F125/><W6/><G6/><T123/><D112/><U128/><E128/><V20/><F119/><W69/><G69/><T70/><D70/><U74/><E44/><V14/><F101/><W64/><G64/><T85/><D73/><U45/><E75/><V77/><F77/><W53/><G46/><T113/><D134/><U129/><E129/><V1/><F1/><W2/><G2/><T78/><D78/><U58/><E58/><V99/><F99/><W133/><G133/><T39/><D39/><U95/><E45/><V48/><F48/><W49/><G49/><T92/><D83/><U11/><REACH who="1" step="1"/><E74/><REACH who="1" ten="265,235,245,245" step="2"/><V51/><F68/><W105/><G114/><T13/><D123/><N who="3" m="47113" /><G105/><T98/><D113/><U124/><E124/><V109/><F106/><W17/><G17/><N who="0" m="6155" /><D85/><U54/><E54/><V12/><F65/><AGARI ba="1,1" hai="0,7,11,25,28,32,65,66,67,76,80,86,93,95" machi="65" ten="40,2600,0" yaku="1,1,52,1,53,0" doraHai="24" doraHaiUra="126" who="1" fromWho="2" sc="265,0,235,39,245,-29,245,0" /><INIT seed="1,0,0,1,5,13" ten="265,274,216,245" oya="1" hai0="65,78,93,135,134,31,70,17,96,9,0,110,66" hai1="77,33,40,41,49,68,84,124,75,90,73,106,104" hai2="102,125,133,46,8,14,127,52,12,92,121,42,113" hai3="109,119,101,30,24,72,129,57,5,112,81,29,62"/><U25/><E68/><V37/><F121/><W67/><G109/><T47/><D110/><U122/><E122/><V39/><F39/><W111/><G112/><T130/><D31/><U6/><E6/><V23/><F113/><W115/><G115/><T22/><D78/><U48/><E77/><V118/><F118/><W88/><G111/><T98/><D130/><U89/><E25/><V107/><F107/><W50/><G129/><T16/><D47/><U20/><E20/><V3/><F3/><W123/><G123/><T26/><D70/><U126/><REACH who="1" step="1"/><E84/><REACH who="1" ten="265,264,216,245" step="2"/><V55/><F127/><W32/><G5/><T83/><D98/><U114/><E114/><V85/><F125/><W71/><G119/><T76/><D76/><U27/><E27/><V21/><F85/><W43/><G71/><T132/><D83/><U69/><E69/><V18/><F21/><W82/><G82/><T86/><D86/><U4/><E4/><V35/><F35/><AGARI ba="0,1" hai="33,35,40,41,48,49,73,75,89,90,104,106,124,126" machi="35" ten="25,4800,0" yaku="1,1,22,2,53,0" doraHai="13" doraHaiUra="61" who="1" fromWho="2" sc="265,0,264,58,216,-48,245,0" /><INIT seed="1,1,0,1,2,13" ten="265,322,168,245" oya="1" hai0="96,130,104,42,84,125,47,133,76,124,123,31,46" hai1="48,69,74,17,9,118,25,54,60,70,102,116,24" hai2="41,122,68,52,79,83,45,58,37,20,109,91,120" hai3="121,87,100,50,85,23,110,32,101,61,56,3,27"/><U75/><E102/><V90/><F109/><W117/><G110/><T71/><D71/><U127/><E127/><N who="0" m="48713" /><D31/><U43/><E43/><V94/><F68/><W131/><G121/><T4/><D4/><U134/><E134/><V99/><F91/><W12/><G32/><T80/><D123/><U63/><E9/><V22/><F22/><W95/><G3/><T64/><D64/><U111/><E111/><V77/><F77/><W0/><G0/><T57/><D57/><U36/><E48/><V67/><F67/><W114/><G114/><T59/><D59/><U10/><E10/><V28/><F28/><W62/><G12/><T5/><D5/><U119/><E119/><V2/><F20/><W44/><G61/><T14/><D14/><U66/><E66/><V112/><F112/><W34/><G34/><T81/><D47/><U26/><E26/><V98/><F98/><W128/><G56/><T97/><D130/><N who="3" m="49705" /><G62/><T16/><D81/><U8/><E8/><V21/><F21/><W35/><G35/><T49/><D133/><U73/><E70/><V1/><F122/><W135/><G135/><T51/><D51/><U53/><E69/><V72/><REACH who="2" step="1"/><F120/><REACH who="2" ten="265,322,158,245" step="2"/><W103/><G117/><T65/><D65/><U30/><E30/><V92/><F92/><W55/><G95/><T88/><D97/><U19/><E75/><V108/><F108/><W89/><G89/><T106/><D106/><U11/><E11/><V39/><F39/><AGARI ba="1,1" hai="17,19,24,25,36,39,53,54,60,63,73,74,116,118" machi="39" ten="25,9600,0" yaku="22,2,52,2" doraHai="13" who="1" fromWho="2" sc="265,0,322,109,158,-99,245,0" /><INIT seed="1,2,0,3,5,93" ten="265,431,59,245" oya="1" hai0="35,61,44,58,29,28,121,66,88,81,82,53,124" hai1="26,77,116,38,11,32,135,109,22,111,117,87,113" hai2="78,127,84,98,118,34,23,5,64,39,128,41,83" hai3="0,33,21,123,9,47,36,71,8,119,106,62,134"/><U4/><E38/><V126/><F118/><N who="1" m="45673" /><E87/><V68/><F34/><W103/><G123/><T85/><D124/><U24/><E77/><V74/><F23/><W96/><G21/><T63/><D121/><U105/><E105/><V92/><F64/><N who="3" m="41367" /><G119/><T133/><D133/><U108/><E113/><V100/><F68/><W37/><G8/><T19/><D35/><U67/><E67/><V132/><F132/><W112/><G134/><T104/><D104/><U43/><E43/><V48/><F128/><W75/><G112/><T72/><D19/><N who="1" m="12383" /><E135/><V107/><F5/><N who="3" m="1191" /><G33/><T18/><D18/><U2/><E32/><V54/><F41/><N who="3" m="22951" /><G37/><T42/><D42/><U46/><E46/><V30/><F30/><W101/><G103/><T16/><D44/><U50/><E50/><V122/><F39/><W73/><AGARI ba="2,0" hai="73,75,96,101,106" m="22951,1191,41367" machi="73" ten="30,4000,0" yaku="33,2,52,1" doraHai="93" who="3" fromWho="3" sc="265,-12,431,-22,59,-12,245,46" /><INIT seed="2,0,0,3,1,99" ten="253,409,47,291" oya="2" hai0="120,71,103,23,34,42,56,28,29,76,107,6,52" hai1="116,5,133,119,18,129,125,58,20,63,44,69,86" hai2="10,121,35,100,49,89,26,88,61,79,47,110,128" hai3="33,104,25,1,75,67,38,59,41,24,108,112,39"/><V43/><F121/><W3/><G108/><T123/><D71/><U132/><E125/><V21/><F35/><W13/><G75/><T80/><D6/><U96/><E129/><V101/><F128/><W64/><G13/><T84/><D42/><U62/><E86/><V37/><F37/><W40/><G59/><T74/><D23/><U102/><E44/><V134/><F134/><N who="1" m="51817" /><E5/><V8/><F79/><W105/><REACH who="3" step="1"/><G33/><REACH who="3" ten="253,409,47,281" step="2"/><T15/><D15/><N who="1" m="9311" /><E69/><V131/><F131/><W19/><G19/><T54/><D28/><U45/><E45/><V115/><F115/><AGARI ba="0,1" hai="1,3,24,25,38,39,40,41,64,67,104,105,112,115" machi="115" ten="25,3200,0" yaku="1,1,22,2,53,0" doraHai="99" doraHaiUra="93" who="3" fromWho="2" sc="253,0,409,0,47,-32,281,42" /><INIT seed="3,0,0,5,2,74" ten="253,409,15,323" oya="3" hai0="49,5,99,38,60,41,126,98,71,109,28,82,101" hai1="9,80,29,0,130,110,79,134,102,23,78,93,104" hai2="118,100,113,43,12,55,122,135,106,75,112,132,30" hai3="123,40,19,77,14,95,54,108,11,15,90,96,56"/><W25/><G123/><T35/><D38/><U83/><E104/><V117/><F43/><W32/><G40/><T57/><D71/><U103/><E110/><V69/><F30/><W63/><G108/><T70/><D5/><U84/><E134/><N who="2" m="51243" /><F12/><W76/><G32/><T129/><D28/><U94/><E130/><V58/><F55/><W87/><G87/><T61/><D129/><U89/><E9/><V13/><F13/><W125/><G125/><T16/><D35/><U120/><E0/><V42/><F58/><W64/><G64/><T119/><D109/><U116/><E116/><N who="2" m="44651" /><F42/><W53/><G53/><T45/><D119/><U3/><E3/><V51/><F51/><W46/><G46/><T24/><D126/><U97/><E120/><V10/><F10/><W27/><G14/><T17/><D24/><AGARI ba="0,0" hai="11,15,19,24,25,27,54,56,63,76,77,90,95,96" machi="24" ten="40,7700,0" yaku="8,1,52,2" doraHai="74" who="3" fromWho="0" sc="253,-77,409,0,15,0,323,77" /><INIT seed="3,1,0,3,4,102" ten="176,409,15,400" oya="3" hai0="101,12,24,64,63,130,1,32,11,73,110,18,9" hai1="62,129,28,84,135,34,114,4,97,108,70,54,68" hai2="20,23,44,103,126,55,19,122,53,87,58,33,5" hai3="38,17,30,79,117,57,104,112,66,65,60,49,133"/><W132/><G104/><T21/><D110/><U36/><E114/><V89/><F33/><W116/><G38/><T3/><D73/><U47/><E4/><V134/><F134/><N who="3" m="51819" /><G79/><T83/><D101/><U77/><E129/><V15/><F126/><W95/><G30/><N who="0" m="19527" /><D83/><U14/><E14/><V100/><F122/><W48/><G95/><T67/><D63/><U72/><E62/><V46/><F5/><W26/><G26/><N who="0" m="14647" /><D67/><N who="3" m="25609" /><G17/><N who="0" m="8335" /><D130/><U35/><E72/><V25/><F53/><N who="3" m="33839" /><G112/><T37/><D37/><U128/><E36/><V96/><F100/><W98/><G98/><T69/><D64/><U8/><E97/><V94/><F46/><W13/><G13/><T7/><D69/><U82/><E70/><V106/><F44/><W2/><G48/><T61/><D61/><U6/><E68/><V42/><F42/><W125/><G125/><T113/><D113/><U90/><E135/><V22/><REACH who="2" step="1"/><F25/><REACH who="2" ten="176,409,5,400" step="2"/><W71/><G71/><T40/><D40/><U121/><E128/><V51/><AGARI ba="1,1" hai="15,19,20,22,23,51,55,58,87,89,94,96,103,106" machi="51" ten="20,12000,2" yaku="1,1,2,1,0,1,7,1,25,2,52,1,53,0" doraHai="102" doraHaiUra="0" who="2" fromWho="2" sc="176,-31,409,-31,5,133,400,-61" /><INIT seed="4,0,0,2,2,85" ten="145,378,138,339" oya="0" hai0="37,81,52,54,87,109,65,67,64,66,94,33,28" hai1="21,111,50,17,59,115,35,110,118,63,1,68,20" hai2="96,46,39,43,26,84,133,53,99,70,10,11,76" hai3="126,117,89,44,90,24,61,8,41,104,127,88,60"/><T82/><D109/><U93/><E118/><V16/><F70/><W107/><G117/><T62/><D37/><U74/><E1/><V15/><F133/><W2/><G24/><T134/><D134/><U25/><E74/><V101/><F26/><W45/><G8/><T97/><D28/><U47/><E68/><V19/><F53/><W86/><G86/><T79/><D33/><U36/><E36/><V120/><F120/><W91/><G2/><T130/><D82/><U80/><E115/><V32/><F32/><W18/><G18/><T7/><D130/><U57/><E35/><V29/><F29/><W42/><G44/><T55/><D7/><U105/><E105/><N who="3" m="40522" /><G45/><T73/><D73/><U27/><E80/><V78/><F84/><W116/><N who="3" m="22528" /><DORA hai="71" /><W100/><G100/><T129/><D129/><U106/><E111/><V72/><F72/><W31/><G31/><T83/><D83/><U92/><E110/><V13/><REACH who="2" step="1"/><F99/><REACH who="2" ten="145,378,128,339" step="2"/><W9/><G116/><T108/><D108/><U30/><E27/><V0/><F0/><W5/><G42/><T34/><D34/><U49/><E25/><V128/><F128/><W48/><G41/><T114/><D114/><U51/><E30/><V69/><F69/><W132/><G132/><T75/><D75/><U122/><E122/><V14/><F14/><N who="3" m="5423" /><G48/><T95/><N who="0" m="16384" /><DORA hai="56" /><T135/><D135/><U112/><E51/><V124/><F124/><AGARI ba="0,1" hai="60,61,124,126,127" m="5423,22528,40522" machi="124" ten="50,16000,3" yaku="18,1,52,6,54,1" doraHai="85,71,56" who="3" fromWho="2" sc="145,0,378,0,128,-160,339,170" owari="145,-25.0,378,18.0,-32,-53.0,509,60.0" /></mjloggm>