<mjloggm ver="2.3"><GO type="41" lobby="0"/><UN n0="%EF%BC%A0%E3%81%A0%E3%82%8A%E3%81%97%E3%82%83%E3%82%93" n1="%E3%83%92%E3%83%AB%E9%AD%94%E5%A6%96%E4%B8%80" n2="%E3%81%A6%E3%82%93%E3%81%93" n3="%E2%93%9D%53%75%70%68%78" dan="14,14,14,18" rate="1963.77,1927.42,2009.94,2128.56" sx="M,F,M,M"/><TAIKYOKU oya="0"/><INIT seed="0,0,0,3,4,68" ten="250,250,250,250" oya="0" hai0="66,51,107,43,41,73,8,37,83,18,127,96,23" hai1="10,33,6,21,95,38,112,123,78,104,28,61,76" hai2="67,103,58,84,69,64,71,27,7,2,116,47,54" hai3="44,132,48,108,88,77,50,62,89,70,49,120,3"/><T46/><D127/><U82/><E123/><V32/><F116/><W129/><G3/><T135/><D135/><U79/><E104/><V93/><F47/><W53/><G77/><T52/><D66/><U20/><E112/><V81/><F2/><W91/><G129/><T80/><D43/><U25/><E82/><V94/><F7/><W97/><G108/><T42/><D42/><U60/><E38/><V45/><F45/><W134/><G97/><T57/><D8/><U34/><E95/><V30/><F71/><W90/><G90/><T124/><D124/><U105/><E105/><V31/><F31/><W101/><G101/><T72/><D80/><U56/><E21/><V74/><F74/><W115/><G115/><T122/><D122/><U92/><E92/><V110/><F110/><W100/><G100/><T121/><D121/><U130/><E130/><V26/><F26/><W16/><G120/><T13/><REACH who="0" step="1"/><D83/><REACH who="0" ten="240,250,250,250" step="2"/><U117/><E117/><V102/><F67/><W65/><G134/><T17/><D17/><U39/><E10/><V0/><F64/><W40/><G132/><T109/><D109/><U114/><E114/><V128/><F128/><W55/><REACH who="3" step="1"/><G16/><REACH who="3" ten="240,250,250,240" step="2"/><T19/><D19/><U85/><E6/><V111/><F111/><W22/><G22/><T106/><D106/><U87/><E20/><V113/><F113/><W126/><G126/><T63/><D63/><U29/><E61/><V36/><F32/><W11/><G11/><T99/><D99/><U59/><E60/><V1/><F30/><W9/><G9/><T35/><D35/><N who="1" m="20879" /><E29/><V131/><F131/><RYUUKYOKU ba="0,2" sc="240,15,250,-15,250,-15,240,15" hai0="13,18,23,37,41,46,51,52,57,72,73,96,107" hai3="40,44,48,49,50,53,55,62,65,70,88,89,91" /><INIT seed="0,1,2,4,4,48" ten="255,235,235,255" oya="0" hai0="54,12,108,73,37,69,121,55,16,26,36,105,116" hai1="129,94,119,99,79,57,72,120,33,110,9,43,17" hai2="125,6,80,128,101,13,134,47,111,115,22,63,70" hai3="133,85,0,88,86,60,8,51,10,29,135,53,24"/><T74/><D105/><U18/><E120/><V20/><F115/><W131/><G60/><T4/><D121/><U117/><E33/><V100/><F111/><W123/><G86/><T130/><D116/><U92/><E110/><V114/><F114/><W34/><G131/><T103/><D108/><U35/><E35/><V93/><F128/><W122/><G122/><T28/><D130/><U127/><E129/><V14/><F125/><W95/><G123/><T61/><D4/><U42/><E57/><V39/><F134/><N who="3" m="51211" /><G0/><T98/><D37/><U67/><E67/><V62/><F80/><W97/><G97/><T84/><D36/><U44/><E127/><V102/><F93/><W107/><G107/><T104/><D84/><U112/><E112/><V11/><F70/><W83/><G95/><T56/><D69/><U71/><E71/><V3/><F3/><W91/><G91/><T81/><D81/><U124/><E124/><V38/><F38/><W90/><G90/><T109/><D109/><U25/><E99/><V5/><F39/><W75/><G75/><T68/><D68/><U126/><E126/><V49/><F5/><W21/><G34/><T40/><D40/><U52/><E72/><V77/><F77/><W45/><AGARI ba="1,2" hai="8,10,21,24,29,45,51,53,83,85,88" m="51211" machi="45" ten="30,4000,0" yaku="20,1,52,1,54,1" doraHai="48" who="3" fromWho="3" sc="255,-21,235,-11,235,-11,255,63" /><INIT seed="1,0,0,0,4,54" ten="234,224,224,318" oya="1" hai0="43,8,97,48,20,32,42,131,14,105,121,128,60" hai1="120,6,44,127,39,37,51,102,16,93,55,11,3" hai2="62,64,41,126,35,66,130,123,81,106,38,15,52" hai3="77,96,18,9,100,13,116,91,61,7,114,110,89"/><U74/><E127/><V46/><F35/><W99/><G110/><T72/><D72/><U28/><E120/><V104/><F123/><W118/><G114/><T53/><D32/><U88/><E74/><V21/><F126/><W132/><G77/><T75/><D75/><U107/><E28/><V86/><F130/><W23/><G132/><T90/><D121/><U111/><E111/><V34/><F34/><W94/><G61/><T24/><D105/><U112/><E112/><V103/><F103/><W125/><G125/><T33/><D33/><U49/><E49/><V101/><F101/><W59/><G59/><N who="0" m="34927" /><D131/><U22/><E102/><V4/><F106/><W36/><G36/><T25/><D128/><U113/><E107/><V80/><F104/><W47/><G47/><N who="0" m="25719" /><D20/><U76/><E76/><V85/><F21/><W30/><G30/><T17/><D43/><U129/><E129/><V78/><F4/><W29/><G29/><T124/><D124/><U19/><E113/><V27/><F27/><W95/><REACH who="3" step="1"/><G100/><REACH who="3" ten="234,224,224,308" step="2"/><T10/><D10/><U109/><E109/><V45/><F38/><W84/><G84/><T83/><D97/><U57/><E37/><V82/><F86/><AGARI ba="0,1" hai="8,14,17,24,25,83,86,90" m="25719,34927" machi="86" ten="30,2000,0" yaku="8,1,52,1" doraHai="54" who="0" fromWho="2" sc="234,30,224,0,224,-20,308,0" /><INIT seed="2,0,0,5,4,39" ten="264,224,204,308" oya="2" hai0="15,2,62,99,111,51,72,90,114,31,79,87,84" hai1="24,34,18,113,59,8,48,38,96,76,1,129,121" hai2="81,98,9,23,43,77,132,104,0,13,116,127,131" hai3="56,57,25,122,95,134,135,67,16,112,45,65,107"/><V42/><F116/><W70/><G107/><T68/><D2/><U21/><E113/><V91/><F0/><W33/><G95/><T66/><D114/><U93/><E129/><V97/><F131/><W89/><G89/><T14/><D111/><U10/><E38/><V74/><F132/><N who="3" m="50731" /><G122/><T29/><D99/><U40/><E76/><V12/><F127/><W82/><G82/><T123/><D123/><U20/><E1/><V118/><F118/><W69/><G33/><T94/><D72/><U55/><E34/><V103/><F23/><N who="3" m="13543" /><G45/><T32/><D32/><U88/><E121/><V106/><F13/><W100/><G100/><T63/><D15/><U53/><E53/><V86/><F98/><W126/><G126/><T110/><D110/><U44/><REACH who="1" step="1"/><E21/><REACH who="1" ten="264,214,204,308" step="2"/><V85/><F106/><W54/><G112/><T47/><D79/><U125/><E125/><V17/><REACH who="2" step="1"/><F85/><REACH who="2" ten="264,214,194,308" step="2"/><W27/><G27/><T92/><D87/><U83/><E83/><AGARI ba="0,2" hai="9,12,17,42,43,74,77,81,83,86,91,97,103,104" machi="83" ten="30,18000,2" yaku="1,1,2,1,7,1,52,2,53,1" doraHai="39" doraHaiUra="101" who="2" fromWho="1" sc="264,0,214,-180,194,200,308,0" /><INIT seed="2,1,0,0,3,112" ten="264,34,394,308" oya="2" hai0="3,40,95,55,82,11,33,2,19,106,113,35,13" hai1="56,30,87,63,107,99,122,47,74,70,98,42,84" hai2="17,131,101,120,81,85,51,80,92,128,41,7,27" hai3="59,66,29,50,75,43,64,123,52,110,111,89,6"/><V78/><F120/><W37/><G75/><T57/><D106/><U77/><E70/><V36/><F36/><W54/><G6/><T4/><D40/><U115/><E115/><V10/><F17/><W96/><G29/><T58/><D58/><U62/><E122/><V79/><F27/><W109/><G123/><T127/><D82/><U119/><E119/><V38/><F38/><W45/><REACH who="3" step="1"/><G54/><REACH who="3" ten="264,34,394,298" step="2"/><T126/><D113/><U53/><E30/><V133/><F131/><W121/><G121/><T71/><D71/><U129/><E129/><V20/><F128/><W0/><G0/><N who="0" m="43" /><D55/><U114/><E74/><V34/><F133/><W22/><G22/><T93/><D57/><U32/><E56/><V83/><F20/><W118/><G118/><T124/><D4/><U49/><E53/><V88/><F34/><AGARI ba="1,1" hai="11,13,19,33,34,35,93,95,124,126,127" m="43" machi="34" ten="40,1300,0" yaku="18,1" doraHai="112" who="0" fromWho="2" sc="264,26,34,0,394,-16,298,0" /><INIT seed="3,0,0,0,0,122" ten="290,34,378,298" oya="3" hai0="128,35,55,31,62,29,108,19,88,104,34,114,91" hai1="113,3,100,87,45,81,56,8,112,103,43,66,76" hai2="20,63,126,93,13,132,51,110,7,42,118,67,78" hai3="97,53,57,21,27,49,85,28,116,90,127,134,9"/><W119/><G134/><T96/><D114/><U80/><E8/><V15/><F118/><W123/><G127/><T39/><D39/><U4/><E4/><V125/><F132/><W74/><G74/><T109/><D19/><U59/><E3/><V95/><F78/><W32/><G123/><T60/><D55/><U72/><E112/><V18/><F110/><N who="0" m="42602" /><D128/><U115/><E115/><V65/><F65/><W82/><G32/><N who="0" m="12331" /><D104/><U10/><E10/><V50/><F7/><W23/><G9/><T36/><D36/><U77/><E113/><V61/><F18/><W83/><G23/><T12/><D12/><U25/><E25/><V0/><F67/><W5/><G5/><T124/><D124/><U11/><E11/><V68/><F0/><W54/><G54/><T120/><D120/><U41/><E66/><V98/><F20/><W135/><G135/><T130/><D130/><U6/><E6/><V129/><F129/><W70/><G119/><T46/><D46/><U111/><E111/><V38/><F38/><W105/><G116/><T86/><D96/><U47/><E72/><V40/><F98/><W17/><G17/><T2/><D2/><U106/><E106/><V44/><F44/><W94/><REACH who="3" step="1"/><G70/><AGARI ba="0,0" hai="13,15,40,42,50,51,61,63,68,70,93,95,125,126" machi="70" ten="25,1600,0" yaku="22,2" doraHai="122" who="2" fromWho="3" sc="290,0,34,0,378,16,298,-16" /><INIT seed="4,0,0,3,4,36" ten="290,34,394,282" oya="0" hai0="123,17,61,97,96,19,135,100,14,115,3,25,35" hai1="130,38,16,6,83,41,13,106,45,129,82,70,8" hai2="40,128,72,18,84,134,117,30,89,80,90,132,12" hai3="46,26,108,23,51,31,126,131,27,109,32,104,110"/><T120/><D3/><U43/><E70/><V116/><F30/><W121/><G104/><T91/><D115/><U79/><E106/><V48/><F72/><W5/><G131/><N who="1" m="50186" /><E79/><V93/><F128/><W28/><G126/><T113/><D113/><U107/><E107/><V85/><F48/><W95/><G121/><T52/><D135/><N who="2" m="51754" /><F40/><N who="1" m="15433" /><E6/><V10/><AGARI ba="0,0" hai="10,12,18,80,84,85,89,90,93,116,117" m="51754" machi="10" ten="30,1100,0" yaku="20,1" doraHai="36" who="2" fromWho="2" sc="290,-5,34,-3,394,11,282,-3" /><INIT seed="5,0,0,2,0,81" ten="285,31,405,279" oya="1" hai0="123,111,76,75,9,39,84,49,3,112,116,122,60" hai1="22,135,65,90,79,15,114,93,69,54,98,10,74" hai2="36,58,29,83,35,64,80,106,33,31,17,2,1" hai3="105,125,92,23,128,66,6,85,115,108,26,27,97"/><U109/><E114/><V127/><F36/><W134/><G108/><T43/><D111/><U56/><E135/><V0/><F106/><W16/><G115/><T21/><D112/><U63/><E109/><V18/><F64/><W88/><G128/><T11/><D116/><U132/><E132/><V19/><F58/><W68/><G134/><T5/><D75/><U102/><E22/><V28/><F127/><W8/><G125/><T46/><D39/><U61/><E102/><V91/><F91/><W117/><G117/><T89/><D76/><U20/><E20/><V62/><F62/><W12/><G66/><T78/><D78/><U113/><E113/><V87/><F87/><W30/><G68/><T45/><D45/><U118/><E118/><V110/><F110/><W37/><G37/><T53/><D11/><U77/><REACH who="1" step="1"/><E74/><REACH who="1" ten="285,21,405,279" step="2"/><V121/><F121/><N who="0" m="46090" /><D21/><U133/><E133/><V126/><F126/><W24/><G30/><T59/><D89/><U52/><E52/><V25/><F25/><W50/><G105/><T13/><D84/><U34/><E34/><AGARI ba="0,1" hai="0,1,2,17,18,19,28,29,31,33,34,35,80,83" machi="34" ten="50,8000,1" yaku="29,2,28,2" doraHai="81" who="2" fromWho="1" sc="285,0,21,-80,405,90,279,0" owari="285,9.0,-59,-56.0,495,59.0,279,-12.0" /></mjloggm>