<mjloggm ver="2.3"><GO type="41" lobby="0"/><UN n0="%E7%A9%BA%E3%81%AB" n1="%E8%AA%98%E3%81%86%E3%81%8D%E3%81%A4%E3%81%AD%E3%81%86%E3%81%A9%E3%82%93" n2="%E2%93%9D%53%75%70%68%78" n3="%6E%61%6B%61%33%33%33%33" dan="15,14,16,14" rate="2054.78,1919.17,2087.76,1933.17" sx="F,M,M,M"/><TAIKYOKU oya="0"/><INIT seed="0,0,0,4,1,49" ten="250,250,250,250" oya="0" hai0="110,76,66,45,8,16,28,3,104,55,120,36,27" hai1="54,113,97,46,38,122,123,89,119,62,9,51,81" hai2="47,57,18,82,33,12,87,69,93,53,116,29,40" hai3="79,84,103,95,134,20,72,68,90,21,63,43,106"/><T10/><D120/><U13/><E119/><V131/><F131/><W101/><G134/><T99/><D110/><U86/><E113/><V94/><F69/><W22/><G43/><T14/><D66/><U126/><E126/><V25/><F116/><W117/><G117/><T112/><D112/><U115/><E115/><V48/><F18/><W100/><G68/><T56/><D76/><U107/><E38/><V74/><F12/><W75/><G63/><T111/><D111/><U67/><E97/><V118/><F74/><W61/><G61/><T78/><D78/><U71/><REACH who="1" step="1"/><E107/><REACH who="1" ten="250,240,250,250" step="2"/><V42/><F118/><W2/><G2/><T39/><D104/><U30/><E30/><V130/><F130/><W127/><G127/><T98/><D36/><U124/><E124/><V65/><F42/><W34/><G106/><T4/><D39/><U26/><E26/><V6/><F40/><W19/><G79/><T77/><D77/><U7/><AGARI ba="0,1" hai="7,9,13,46,51,54,62,67,71,81,86,89,122,123" machi="7" ten="20,8000,1" yaku="1,1,0,1,7,1,52,1,53,1" doraHai="49" doraHaiUra="64" who="1" fromWho="1" sc="250,-40,240,90,250,-20,250,-20" /><INIT seed="1,0,0,1,4,47" ten="210,330,230,230" oya="1" hai0="119,36,125,107,8,72,94,11,115,88,14,106,0" hai1="10,95,120,84,66,112,59,99,22,49,26,124,19" hai2="44,97,132,27,74,3,61,5,17,1,64,45,102" hai3="118,55,113,68,32,86,54,121,91,50,58,117,77"/><U129/><E112/><V25/><F74/><W83/><G32/><T52/><D115/><U33/><E120/><V104/><F132/><W128/><G68/><T131/><D119/><U4/><E129/><V30/><F17/><W29/><G29/><T75/><D131/><U43/><E124/><V114/><F27/><W71/><G71/><T79/><D125/><U12/><E84/><V60/><F60/><W41/><G41/><T134/><D134/><U38/><E38/><V31/><F31/><W21/><G113/><T123/><D123/><U81/><E81/><V101/><F101/><W111/><G121/><T20/><D36/><U2/><E66/><V56/><F114/><W53/><G111/><T98/><D20/><U28/><E59/><V63/><F63/><W87/><G21/><T18/><D79/><U42/><REACH who="1" step="1"/><E49/><REACH who="1" ten="210,320,230,230" step="2"/><V103/><F56/><W35/><G128/><T15/><D72/><U89/><AGARI ba="0,1" hai="2,4,10,12,19,22,26,28,33,42,43,89,95,99" machi="89" ten="20,18000,2" yaku="1,1,2,1,0,1,7,1,24,2,53,1" doraHai="47" doraHaiUra="34" who="1" fromWho="1" sc="210,-60,320,190,230,-60,230,-60" /><INIT seed="1,1,0,1,3,115" ten="150,510,170,170" oya="1" hai0="97,75,74,135,90,56,106,84,33,39,132,14,117" hai1="6,73,41,60,36,29,38,110,114,1,109,72,95" hai2="125,98,35,122,96,18,129,26,40,87,133,42,54" hai3="119,44,116,118,25,50,92,134,66,32,104,55,94"/><U88/><E114/><V13/><F122/><W0/><G104/><T23/><D33/><U100/><E100/><V68/><F68/><W67/><G0/><T30/><D39/><U65/><E29/><V4/><F129/><W20/><G32/><T79/><D56/><U121/><E121/><V58/><F125/><W59/><G134/><N who="0" m="51243" /><D30/><U46/><E38/><V69/><F69/><W8/><G8/><T103/><D14/><U31/><E31/><V107/><F107/><W71/><G71/><T37/><D37/><U45/><E45/><V48/><F133/><W51/><G94/><N who="0" m="54599" /><D23/><U63/><E6/><V105/><F4/><W91/><G20/><T47/><D47/><U112/><E1/><V9/><F35/><W82/><G82/><N who="0" m="45431" /><D75/><U43/><E43/><V61/><F42/><N who="3" m="24855" /><G25/><T2/><D2/><U80/><E112/><V120/><F26/><W123/><G123/><T85/><D85/><AGARI ba="1,0" hai="51,55,59,66,67,85,91,92,116,118,119" m="24855" machi="85" ten="30,7700,0" yaku="12,1,52,3" doraHai="115" who="3" fromWho="0" sc="150,-80,510,0,170,0,170,80" /><INIT seed="2,0,0,1,4,117" ten="70,510,170,250" oya="2" hai0="49,60,92,126,113,10,94,31,82,88,44,114,125" hai1="19,55,57,111,105,3,45,132,85,59,50,135,130" hai2="54,129,133,13,102,4,25,6,28,106,36,131,118" hai3="90,110,17,74,109,89,52,120,1,9,76,116,70"/><V16/><F36/><W51/><G70/><T7/><D31/><U34/><E111/><V61/><F102/><W112/><G116/><T108/><D108/><N who="3" m="41577" /><G112/><T8/><D60/><U48/><E85/><V0/><F106/><W21/><G76/><T67/><D67/><U47/><E105/><V86/><F86/><W83/><G83/><T95/><D82/><U43/><E34/><N who="2" m="20751" /><F133/><N who="1" m="51273" /><E3/><V75/><F0/><W81/><G81/><T127/><D88/><N who="3" m="33897" /><G74/><T41/><REACH who="0" step="1"/><D8/><REACH who="0" ten="60,510,170,250" step="2"/><U107/><E130/><N who="2" m="49675" /><F118/><W12/><G9/><T69/><D69/><U56/><E55/><V98/><F54/><W119/><G119/><T32/><D32/><U2/><E43/><V53/><F53/><W78/><G1/><AGARI ba="0,1" hai="1,7,10,41,44,49,92,94,95,113,114,125,126,127" machi="1" ten="50,3200,0" yaku="1,1,18,1,53,0" doraHai="117" doraHaiUra="24" who="0" fromWho="3" sc="60,42,510,0,170,0,250,-32" /><INIT seed="3,0,0,1,5,6" ten="102,510,170,218" oya="3" hai0="51,22,109,12,36,70,20,31,121,67,86,130,32" hai1="54,8,18,74,11,68,24,7,4,103,60,19,57" hai2="81,132,115,69,37,111,84,127,97,113,34,13,114" hai3="65,5,128,104,29,87,25,76,102,85,21,95,135"/><W2/><G104/><T26/><D121/><U118/><E74/><V52/><F37/><W116/><G116/><T66/><D36/><U75/><E75/><V43/><F43/><W133/><G128/><T1/><D130/><U79/><E79/><V131/><F34/><W83/><G65/><T134/><D1/><U30/><E68/><V14/><F69/><W89/><REACH who="3" step="1"/><G102/><REACH who="3" ten="102,510,170,208" step="2"/><T23/><D66/><U61/><E118/><V47/><F131/><W58/><G58/><T94/><D67/><U59/><E103/><V73/><F115/><W80/><G80/><T45/><D70/><U64/><E64/><V38/><F114/><W71/><G71/><T28/><D94/><U56/><E56/><V92/><F113/><W3/><G3/><T107/><D107/><U62/><E62/><V91/><F92/><W124/><G124/><T48/><D45/><U78/><E57/><V16/><F127/><W105/><G105/><T15/><D109/><U112/><E59/><V123/><F111/><W33/><G33/><T27/><D32/><U110/><E61/><V41/><F47/><W50/><G50/><T98/><D48/><U42/><E60/><V17/><F38/><W44/><G44/><T125/><D51/><U72/><E110/><V77/><F81/><W55/><G55/><T53/><D53/><U99/><E54/><V122/><F52/><W117/><G117/><T106/><D125/><U40/><E40/><V39/><F41/><W90/><G90/><T49/><D49/><U93/><E42/><V9/><F39/><W0/><G0/><T120/><D106/><RYUUKYOKU ba="0,1" sc="102,-10,510,-10,170,-10,208,30" hai3="2,5,21,25,29,76,83,85,87,89,95,133,135" /><INIT seed="3,1,1,2,4,62" ten="92,500,160,238" oya="3" hai0="111,96,110,4,93,95,102,99,13,69,71,11,42" hai1="129,131,50,32,73,35,90,18,97,44,6,63,104" hai2="23,128,126,40,78,68,39,56,98,58,1,29,55" hai3="109,61,8,112,85,17,24,123,82,84,53,94,103"/><W10/><G112/><T89/><REACH who="0" step="1"/><D42/><REACH who="0" ten="82,500,160,238" step="2"/><U117/><E117/><V36/><F40/><W59/><G123/><T20/><D20/><U48/><E129/><V134/><F23/><N who="3" m="13423" /><G109/><AGARI ba="1,2" hai="4,11,13,69,71,89,93,95,96,99,102,109,110,111" machi="109" ten="40,5200,0" yaku="21,2,14,1,53,0" doraHai="62" doraHaiUra="77" who="0" fromWho="3" sc="82,75,500,0,160,0,238,-55" /><INIT seed="4,0,0,2,4,7" ten="157,500,160,183" oya="0" hai0="109,100,52,75,62,85,59,134,133,50,92,24,55" hai1="77,54,81,69,128,35,1,123,76,23,57,21,51" hai2="102,38,72,14,43,31,34,118,114,111,0,9,22" hai3="74,47,48,67,105,15,2,110,120,27,53,89,13"/><T80/><D109/><U84/><E123/><V60/><F111/><W101/><G110/><T8/><D75/><U25/><E69/><V28/><F72/><W125/><G2/><T106/><D106/><U30/><E128/><V3/><F43/><W46/><G74/><T78/><D24/><U33/><E1/><N who="2" m="587" /><F60/><W41/><G67/><T93/><D100/><U108/><E108/><V58/><F58/><W83/><G27/><T11/><D133/><U97/><E77/><V18/><F38/><W86/><G125/><T122/><D134/><U19/><E97/><V112/><F102/><W117/><G117/><T32/><D32/><U56/><E56/><V16/><F34/><W39/><REACH who="3" step="1"/><G120/><REACH who="3" ten="157,500,160,173" step="2"/><T4/><D122/><U5/><E5/><V135/><F135/><W91/><G91/><T49/><D4/><U61/><E35/><V40/><F118/><W6/><G6/><T131/><D131/><U26/><E33/><V129/><F129/><W94/><G94/><N who="0" m="36459" /><D62/><AGARI ba="0,1" hai="19,21,23,25,26,30,51,54,57,61,62,76,81,84" machi="62" ten="40,1300,0" yaku="8,1" doraHai="7" who="1" fromWho="0" sc="157,-13,500,23,160,0,173,0" /><INIT seed="5,0,0,1,1,101" ten="144,523,160,173" oya="1" hai0="134,123,2,51,36,114,62,110,21,119,24,11,83" hai1="7,66,124,135,0,28,129,27,63,75,55,82,107" hai2="113,13,34,95,132,10,84,104,35,87,32,38,70" hai3="77,109,26,118,86,4,81,8,99,89,54,111,130"/><U128/><E135/><V53/><F70/><W3/><G130/><N who="1" m="50282" /><E124/><V74/><F74/><W131/><G131/><T96/><D110/><U79/><E55/><V50/><F38/><W68/><G68/><T67/><D119/><U48/><E48/><V44/><F104/><W71/><G71/><T42/><D134/><U9/><E63/><V105/><F105/><W73/><G99/><T121/><D51/><U1/><E66/><V80/><F113/><W115/><G115/><T60/><D114/><U43/><E43/><V69/><F69/><W90/><G90/><T72/><D67/><U126/><E126/><V41/><F132/><W100/><G100/><T78/><D60/><U33/><E1/><V19/><F41/><W85/><G73/><T64/><D64/><U45/><E45/><V31/><F31/><W5/><G54/><T127/><D127/><U17/><E17/><V18/><F18/><W76/><G76/><T92/><D72/><U29/><E29/><V39/><F39/><W65/><G65/><T93/><D62/><U20/><E20/><V116/><F116/><W16/><G5/><T30/><D36/><U122/><E122/><V25/><F35/><W98/><G98/><T46/><D96/><U12/><E12/><V97/><F34/><W133/><G133/><T6/><D46/><U94/><E94/><N who="0" m="36457" /><D42/><U102/><E102/><N who="2" m="60735" /><F32/><W14/><G26/><T106/><D106/><AGARI ba="0,0" hai="0,7,9,27,28,33,75,79,82,106,107" m="50282" machi="106" ten="30,11600,0" yaku="19,1,23,1,52,2" doraHai="101" who="1" fromWho="0" sc="144,-116,523,116,160,0,173,0" /><INIT seed="5,1,0,2,1,30" ten="28,639,160,173" oya="1" hai0="54,42,19,90,47,45,119,38,59,121,84,66,72" hai1="75,33,80,108,9,123,16,91,117,62,35,49,52" hai2="68,103,125,94,127,61,100,113,86,41,104,6,3" hai3="46,70,79,18,32,51,120,88,14,101,55,126,71"/><U15/><E117/><V99/><F41/><W69/><G120/><T36/><D121/><U58/><E123/><V85/><F6/><W40/><G126/><N who="2" m="48137" /><F3/><W110/><G110/><T95/><D119/><U43/><E108/><V82/><F61/><W17/><G17/><T73/><D66/><U93/><E75/><V23/><F23/><W107/><G32/><T133/><D133/><U26/><E80/><V63/><F113/><W128/><G128/><T89/><D19/><U135/><E135/><V13/><F13/><W132/><G79/><T37/><D89/><U12/><E12/><V56/><F68/><W27/><G27/><T31/><D31/><U1/><E1/><V106/><F103/><W5/><G5/><T53/><D53/><U114/><E114/><V78/><F86/><W34/><G34/><T102/><D102/><U134/><E134/><V97/><F97/><W48/><G132/><T115/><D115/><U116/><E116/><V29/><F29/><W87/><G107/><T28/><D28/><U22/><E43/><V4/><F4/><W105/><G105/><T44/><REACH who="0" step="1"/><D42/><REACH who="0" ten="18,639,160,173" step="2"/><U10/><E10/><V131/><F131/><W50/><G101/><T8/><D8/><U64/><E9/><V81/><F106/><W25/><G40/><T7/><D7/><U112/><E112/><V20/><F104/><W130/><G130/><T111/><D111/><U60/><E26/><V57/><F20/><N who="3" m="11351" /><G25/><T21/><D21/><U92/><E22/><V74/><F63/><AGARI ba="1,1" hai="36,37,38,44,45,47,54,59,63,72,73,84,90,95" machi="63" ten="50,1600,0" yaku="1,1,53,0" doraHai="30" doraHaiUra="122" who="0" fromWho="2" sc="18,29,639,0,160,-19,173,0" /><INIT seed="6,0,0,5,0,104" ten="47,639,141,173" oya="2" hai0="15,94,56,120,18,41,1,53,34,115,84,57,52" hai1="129,27,100,83,67,62,63,16,90,114,96,4,19" hai2="10,61,23,128,81,82,5,111,25,13,79,105,48" hai3="132,29,75,108,127,78,71,112,68,113,31,69,50"/><V86/><F128/><W44/><G108/><T135/><D120/><U91/><E129/><V93/><F105/><W73/><G132/><T24/><D135/><U9/><E114/><N who="3" m="44138" /><G127/><T30/><D115/><U28/><E83/><V122/><F111/><W87/><G87/><T22/><D41/><U7/><E100/><V35/><F35/><W103/><G103/><T126/><D126/><U33/><E63/><V116/><F116/><W12/><G12/><T72/><D1/><U8/><E96/><V97/><F82/><N who="3" m="45391" /><G75/><T60/><D72/><U2/><E90/><V0/><F0/><W32/><G32/><T77/><D77/><U64/><E91/><V99/><F122/><W134/><G134/><T14/><D84/><U39/><E39/><V65/><F93/><W74/><G74/><T95/><REACH who="0" step="1"/><D14/><REACH who="0" ten="37,639,141,173" step="2"/><U17/><E2/><V3/><F3/><W49/><G49/><AGARI ba="0,1" hai="15,18,22,24,30,34,49,52,53,56,57,60,94,95" machi="49" ten="30,7700,0" yaku="1,1,2,1,7,1,54,1,53,0" doraHai="104" doraHaiUra="102" who="0" fromWho="3" sc="37,87,639,0,141,0,173,-77" /><INIT seed="7,0,0,1,4,78" ten="124,639,141,96" oya="3" hai0="120,107,36,20,28,80,12,42,21,7,74,19,110" hai1="50,48,104,91,1,127,112,128,35,108,71,24,5" hai2="93,126,116,16,66,10,118,6,111,73,100,39,95" hai3="4,44,114,69,124,82,79,65,63,62,3,90,92"/><W64/><G114/><T123/><D110/><U34/><E108/><V52/><F111/><W45/><G124/><T59/><D107/><U0/><E112/><V115/><F73/><W57/><G4/><T97/><D97/><U87/><E104/><V23/><F39/><W103/><G103/><T133/><D133/><U53/><E128/><V70/><F66/><W31/><G31/><T25/><D59/><U55/><E71/><V135/><F70/><W67/><G3/><T99/><D99/><U58/><E127/><V49/><F115/><W68/><G57/><T84/><D74/><U76/><E76/><V22/><F135/><W122/><G122/><T94/><D94/><U8/><E24/><V47/><F126/><W51/><G51/><T15/><D7/><U81/><E0/><V38/><F38/><W113/><G113/><T32/><D12/><U9/><E9/><V102/><F118/><W33/><G33/><T86/><D86/><U18/><E18/><V106/><F116/><W109/><G109/><T129/><D129/><U37/><E37/><V117/><F106/><W13/><G13/><T43/><D32/><U61/><E61/><V17/><F117/><W83/><G67/><T101/><D101/><N who="2" m="39018" /><F6/><W56/><G56/><AGARI ba="0,0" hai="1,5,8,34,35,48,50,53,55,56,58,81,87,91" machi="56" ten="30,3900,0" yaku="7,1,9,1,52,1" doraHai="78" who="1" fromWho="3" sc="124,0,639,39,141,0,96,-39" owari="124,-28.0,678,78.0,141,-6.0,57,-44.0" /></mjloggm>