<mjloggm ver="2.3"><GO type="41" lobby="0"/><UN n0="%E3%82%86%E3%81%86%E3%81%99%E3%81%91%EF%BC%81" n1="%64%65%6E%6F%73%75%6B%65" n2="%E2%93%9D%53%75%70%68%78" n3="%E3%81%86%E3%81%BF%E3%82%93%E3%81%A1%E3%82%85%34%31%39" dan="14,13,17,13" rate="1934.71,1863.01,2074.35,1868.44" sx="M,M,M,M"/><TAIKYOKU oya="0"/><INIT seed="0,0,0,0,1,28" ten="250,250,250,250" oya="0" hai0="32,83,17,91,85,90,121,51,69,46,43,63,104" hai1="56,3,79,27,55,1,14,101,49,20,73,47,11" hai2="125,113,115,133,26,135,70,108,118,54,64,5,15" hai3="123,80,94,74,42,25,110,131,120,29,84,19,128"/><T103/><D121/><N who="3" m="46665" /><G42/><T6/><D6/><U130/><E130/><N who="3" m="49706" /><G19/><T129/><D129/><U81/><E101/><V65/><F26/><W12/><G12/><T124/><D124/><U100/><E100/><V0/><F15/><W33/><G110/><T126/><D126/><U95/><E95/><V77/><F108/><W112/><G112/><T89/><D17/><U4/><E56/><V132/><F125/><W18/><G18/><AGARI ba="0,0" hai="1,3,4,11,14,18,20,27,47,49,55,73,79,81" machi="18" ten="30,1000,0" yaku="7,1" doraHai="28" who="1" fromWho="3" sc="250,0,250,10,250,0,250,-10" /><INIT seed="1,0,0,3,5,35" ten="250,260,250,240" oya="1" hai0="67,85,66,48,116,10,25,92,81,114,37,44,96" hai1="125,135,22,26,97,78,56,24,41,50,3,59,91" hai2="69,12,73,122,57,111,84,31,98,11,39,30,86" hai3="113,61,133,87,76,46,43,33,90,115,34,23,88"/><U129/><E125/><V75/><F69/><W45/><G133/><T105/><D114/><U2/><E78/><V82/><F39/><W42/><G76/><T104/><D116/><U13/><E135/><V36/><F36/><W132/><G132/><T101/><D37/><U63/><E129/><V29/><F111/><W47/><G61/><T52/><D25/><U108/><E13/><V51/><F98/><W74/><G74/><T55/><D55/><U123/><E123/><V102/><F102/><W99/><G99/><T38/><D38/><U106/><E108/><V54/><F122/><W6/><G6/><T49/><D49/><U64/><E26/><V4/><REACH who="2" step="1"/><F86/><REACH who="2" ten="250,260,240,240" step="2"/><W89/><G87/><T128/><D128/><U121/><E121/><V62/><F62/><W40/><REACH who="3" step="1"/><G23/><REACH who="3" ten="250,260,240,230" step="2"/><T20/><D20/><U120/><E120/><V68/><F68/><W28/><G28/><T127/><D85/><U14/><E106/><V7/><F7/><W119/><G119/><T58/><D104/><U72/><E72/><V107/><F107/><W124/><G124/><T126/><D105/><U16/><E63/><V1/><F1/><W53/><G53/><T118/><D118/><U110/><E110/><V60/><F60/><W17/><G17/><T32/><D127/><U80/><E2/><V65/><F65/><W93/><G93/><T9/><D126/><U15/><E3/><V79/><AGARI ba="0,2" hai="4,11,12,29,30,31,51,54,57,73,75,79,82,84" machi="79" ten="30,4000,0" yaku="1,1,0,1,53,1" doraHai="35" doraHaiUra="8" who="2" fromWho="2" sc="250,-10,260,-20,240,60,230,-10" /><INIT seed="2,0,0,5,1,88" ten="240,240,300,220" oya="2" hai0="10,83,73,6,98,74,100,38,51,84,106,47,102" hai1="29,134,81,45,9,68,24,122,123,49,17,77,60" hai2="115,120,39,19,40,64,79,14,8,103,105,108,18" hai3="62,35,110,57,30,58,3,67,32,2,28,101,37"/><V25/><F115/><W0/><G37/><T94/><D38/><U119/><E119/><V127/><F120/><W70/><G110/><T99/><D10/><U91/><E134/><V131/><F79/><W56/><REACH who="3" step="1"/><G101/><REACH who="3" ten="240,240,300,210" step="2"/><T76/><REACH who="0" step="1"/><D6/><REACH who="0" ten="230,240,300,210" step="2"/><U11/><E123/><V31/><F39/><W61/><G61/><T130/><D130/><U95/><E60/><V13/><F131/><W117/><G117/><T50/><D50/><U116/><E116/><V59/><F108/><W107/><G107/><T53/><AGARI ba="0,2" hai="47,51,53,73,74,76,83,84,94,98,99,100,102,106" machi="53" ten="20,5200,0" yaku="1,1,0,1,7,1,52,1,53,0" doraHai="88" doraHaiUra="22" who="0" fromWho="0" sc="230,72,240,-13,300,-26,210,-13" /><INIT seed="3,0,0,4,3,30" ten="302,227,274,197" oya="3" hai0="116,101,90,64,5,71,46,96,105,93,14,109,103" hai1="44,132,31,98,75,58,115,131,65,55,110,74,10" hai2="51,42,130,106,0,34,80,1,69,24,45,17,60" hai3="25,15,102,72,43,67,18,9,83,91,33,135,22"/><W99/><G135/><T61/><D116/><U37/><E110/><V113/><F113/><W89/><G43/><T35/><D109/><U118/><E115/><V87/><F106/><W29/><G67/><T68/><D68/><U97/><E131/><V107/><F107/><W6/><G83/><T50/><D35/><U11/><E132/><V122/><F130/><W78/><G78/><T86/><D5/><U117/><E65/><V112/><F122/><W36/><G36/><T66/><D66/><U127/><E127/><V123/><F60/><W129/><G72/><T63/><D63/><U41/><E31/><V111/><F123/><W119/><G119/><N who="1" m="45578" /><E74/><V27/><F69/><W134/><G134/><T84/><D14/><U38/><E38/><V81/><F111/><W108/><G129/><T82/><D103/><U8/><E75/><V76/><F112/><W104/><REACH who="3" step="1"/><G108/><REACH who="3" ten="302,227,274,187" step="2"/><T23/><D82/><U20/><E37/><V52/><F81/><W124/><G124/><T133/><D133/><U40/><E40/><V16/><F42/><W28/><G28/><T13/><D64/><U49/><E41/><V7/><F76/><W3/><AGARI ba="0,1" hai="3,6,9,15,18,22,25,29,33,89,91,99,102,104" machi="3" ten="20,18000,2" yaku="1,1,0,1,7,1,24,2,52,1,53,1" doraHai="30" doraHaiUra="95" who="3" fromWho="3" sc="302,-60,227,-60,274,-60,187,190" /><INIT seed="3,1,0,1,4,32" ten="242,167,214,377" oya="3" hai0="50,113,27,16,97,6,56,127,85,79,69,135,25" hai1="99,124,12,84,117,110,119,67,66,106,91,62,70" hai2="7,48,37,19,36,112,107,75,95,80,88,90,46" hai3="0,122,82,115,11,35,8,120,77,87,74,131,58"/><W22/><G115/><T61/><D113/><U92/><E110/><V108/><F107/><W133/><G35/><T23/><D135/><U94/><E124/><V43/><F112/><W17/><G133/><T83/><D127/><U5/><E67/><V9/><F108/><W59/><G131/><T2/><D69/><U129/><E129/><V73/><F19/><W123/><G74/><T114/><D114/><U64/><E64/><V104/><F104/><W44/><G44/><T26/><D97/><U40/><E40/><V111/><F111/><W126/><G126/><T101/><D101/><U63/><E63/><V24/><F24/><W98/><G98/><T42/><D6/><U134/><E106/><V10/><F10/><W105/><G105/><T3/><D26/><U29/><E29/><V13/><F90/><W30/><G30/><T103/><D25/><U65/><E65/><V128/><F128/><W31/><G31/><T81/><D81/><U78/><E134/><V96/><REACH who="2" step="1"/><F80/><REACH who="2" ten="242,167,204,377" step="2"/><W55/><G11/><T39/><D103/><U100/><E78/><V45/><F45/><W68/><G8/><T33/><D16/><U34/><E34/><V72/><AGARI ba="1,1" hai="7,9,13,36,37,43,46,48,72,73,75,88,95,96" machi="72" ten="30,4000,0" yaku="1,1,0,1,54,1,53,0" doraHai="32" doraHaiUra="125" who="2" fromWho="2" sc="242,-11,167,-11,204,53,377,-21" /><INIT seed="4,0,0,2,5,1" ten="231,156,257,356" oya="0" hai0="89,120,52,105,39,8,17,118,33,55,107,7,72" hai1="42,113,61,58,41,75,5,63,50,91,108,69,80" hai2="37,109,101,12,10,104,71,43,19,131,112,122,132" hai3="47,111,49,92,74,65,66,73,97,134,93,25,23"/><T40/><D118/><U102/><E102/><V13/><F109/><W114/><G111/><T117/><D117/><U133/><E108/><V95/><F71/><W34/><G34/><T82/><D120/><U116/><E116/><V128/><F104/><N who="0" m="40010" /><D17/><U115/><E133/><V87/><F112/><N who="1" m="43081" /><E75/><V32/><F32/><W16/><G134/><T28/><D33/><U123/><E123/><V20/><F122/><W45/><G45/><N who="0" m="23711" /><D28/><U88/><E69/><V38/><F132/><W100/><G114/><T85/><D85/><N who="1" m="50215" /><E91/><V51/><F101/><W59/><G74/><T6/><D6/><U94/><E94/><V0/><F95/><N who="3" m="58431" /><G73/><T84/><D84/><U31/><E31/><V79/><F87/><W53/><G92/><T67/><D89/><U129/><E129/><V24/><F131/><W26/><G93/><T30/><D30/><U3/><E50/><V124/><F51/><N who="3" m="31167" /><G26/><T14/><D72/><U18/><E18/><V46/><F128/><W36/><G36/><T9/><D82/><U35/><E35/><V11/><F38/><W130/><G130/><T103/><D103/><U68/><E68/><V90/><F37/><W126/><G16/><T60/><D8/><N who="1" m="2111" /><E63/><V125/><F19/><W2/><G49/><T27/><D27/><U22/><E22/><V96/><F20/><W81/><G25/><T57/><D60/><U70/><E70/><V48/><F24/><W83/><G23/><T64/><D9/><U78/><E78/><V121/><F79/><W62/><G62/><T29/><D29/><U44/><E44/><V135/><F121/><W119/><G47/><RYUUKYOKU ba="0,0" sc="231,-10,156,30,257,-10,356,-10" hai1="41,42,58,61" /><INIT seed="5,1,0,4,1,91" ten="221,186,247,346" oya="1" hai0="108,75,48,102,32,3,129,130,70,43,114,60,109" hai1="89,71,132,69,117,11,18,105,51,125,76,106,2" hai2="7,63,79,82,58,87,30,111,118,93,126,116,37" hai3="56,36,13,8,12,34,68,53,77,44,55,22,61"/><U40/><E117/><V86/><F111/><W135/><G34/><T127/><D75/><U15/><E76/><V90/><F37/><W81/><G68/><T46/><D3/><U83/><E132/><V0/><F126/><W33/><G33/><T101/><D32/><U41/><E2/><V85/><F30/><W84/><G135/><T35/><D35/><U26/><E125/><V59/><F59/><W10/><G22/><T24/><D24/><U131/><E131/><N who="0" m="50185" /><D127/><U6/><E71/><V67/><REACH who="2" step="1"/><F87/><REACH who="2" ten="221,186,237,346" step="2"/><W17/><G36/><T100/><D114/><U29/><E69/><V99/><F99/><W65/><REACH who="3" step="1"/><G44/><REACH who="3" ten="221,186,237,336" step="2"/><T28/><D28/><U115/><E115/><V54/><F54/><W45/><G45/><T120/><D120/><U42/><E29/><V73/><F73/><W31/><G31/><T23/><D23/><N who="1" m="13687" /><E106/><V9/><AGARI ba="1,2" hai="0,7,9,58,63,67,79,82,85,86,90,93,116,118" machi="9" ten="30,4000,0" yaku="1,1,0,1,52,1,53,0" doraHai="91" doraHaiUra="27" who="2" fromWho="2" sc="221,-11,186,-21,237,63,336,-11" /><INIT seed="6,0,0,1,0,99" ten="210,165,300,325" oya="2" hai0="22,39,112,42,114,70,123,119,134,115,127,18,21" hai1="126,25,128,74,5,57,106,11,88,7,33,92,72" hai2="107,81,50,79,19,116,1,118,60,34,64,16,59" hai3="40,3,46,97,125,17,47,12,86,14,9,62,130"/><V31/><F1/><W58/><G125/><T6/><D70/><U129/><E106/><V109/><F107/><W110/><G3/><T91/><D123/><U73/><E126/><V32/><F109/><W83/><G110/><T80/><D127/><U37/><E37/><V52/><F118/><W101/><G130/><T53/><D119/><U96/><E57/><V36/><F36/><W95/><G14/><T85/><D6/><U61/><E61/><V67/><F67/><W104/><G40/><T87/><D134/><U20/><E33/><V113/><F113/><W15/><G15/><T122/><D122/><U28/><REACH who="1" step="1"/><E11/><REACH who="1" ten="210,155,300,325" step="2"/><V75/><F116/><W135/><G104/><T43/><D39/><U120/><E120/><V103/><F34/><W0/><G135/><T131/><D131/><AGARI ba="0,1" hai="5,7,20,25,28,72,73,74,88,92,96,128,129,131" machi="131" ten="50,8000,1" yaku="1,1,19,1,54,1,53,1" doraHai="99" doraHaiUra="26" who="1" fromWho="0" sc="210,-80,155,90,300,0,325,0" /><INIT seed="7,0,0,4,3,85" ten="130,245,300,325" oya="3" hai0="103,64,81,36,102,8,78,49,0,132,106,133,131" hai1="76,94,123,60,62,21,71,42,112,67,1,35,122" hai2="43,115,79,130,108,91,15,45,120,46,25,12,11" hai3="54,69,128,37,14,99,134,56,13,61,100,39,3"/><W23/><G3/><T116/><D116/><U124/><E35/><V129/><F79/><W29/><G134/><T31/><D36/><U110/><E110/><V97/><F108/><W73/><G73/><T84/><D31/><U105/><E105/><V126/><F126/><W28/><G128/><N who="2" m="49257" /><F115/><W92/><G69/><T74/><D64/><U44/><E112/><V72/><F72/><W83/><G83/><N who="0" m="45527" /><D49/><U41/><E76/><V52/><F25/><W24/><G39/><T104/><D8/><U86/><E1/><V121/><F52/><W118/><G37/><T135/><D0/><U113/><E124/><V89/><F97/><W93/><G118/><T98/><D131/><U58/><E113/><V51/><F46/><W2/><G2/><T65/><D65/><U95/><E21/><V53/><F53/><W75/><G75/><T33/><D33/><U18/><E18/><N who="2" m="8479" /><F15/><W26/><G93/><N who="0" m="58703" /><D103/><U90/><E95/><V50/><F50/><W59/><G59/><T32/><D32/><AGARI ba="0,0" hai="13,14,23,24,26,28,29,32,54,56,61,92,99,100" machi="32" ten="30,1500,0" yaku="7,1" doraHai="85" who="3" fromWho="0" sc="130,-15,245,0,300,0,325,15" owari="115,-38.0,245,-15.0,300,10.0,340,43.0" /></mjloggm>