<mjloggm ver="2.3"><GO type="41" lobby="0"/><UN n0="%E2%93%9D%53%75%70%68%78" n1="%73%68%75%6D%61%6E" n2="%E3%81%92%E3%81%99%E3%81%AA%E3%83%BC" n3="%33%37%34%31" dan="17,15,13,13" rate="2046.45,1988.93,1905.18,1879.01" sx="M,M,M,M"/><TAIKYOKU oya="0"/><INIT seed="0,0,0,3,1,44" ten="250,250,250,250" oya="0" hai0="32,117,120,67,18,113,42,0,61,129,5,54,64" hai1="60,19,72,46,26,93,92,59,114,103,49,135,21" hai2="4,119,51,20,25,14,101,110,43,16,12,95,116" hai3="97,74,109,68,87,2,80,65,111,48,13,37,10"/><T98/><BYE who="2" /><D113/><UN n2="%E3%81%92%E3%81%99%E3%81%AA%E3%83%BC" /><U100/><E72/><V134/><F110/><N who="3" m="41995" /><G37/><T17/><D117/><N who="2" m="45130" /><F4/><N who="3" m="1303" /><G74/><T104/><D129/><U122/><E135/><V23/><F23/><W124/><G124/><T89/><D120/><U9/><E9/><V88/><F101/><N who="1" m="38985" /><E122/><V30/><F30/><W132/><G97/><T126/><D98/><U53/><E114/><V22/><F22/><W57/><G132/><T70/><D126/><U28/><E28/><V102/><F102/><W3/><G3/><T99/><D0/><U78/><E78/><V45/><F134/><W29/><G29/><T128/><D128/><U8/><E8/><V40/><F40/><AGARI ba="0,0" hai="19,21,26,40,46,49,53,59,60,92,93" m="38985" machi="40" ten="30,2000,0" yaku="8,1,52,1" doraHai="44" who="1" fromWho="2" sc="250,0,250,20,250,-20,250,0" /><INIT seed="1,0,0,5,0,34" ten="250,270,230,250" oya="1" hai0="129,127,80,37,107,134,26,99,113,53,87,15,35" hai1="102,5,92,60,0,1,58,7,2,10,109,41,135" hai2="32,125,83,88,54,12,66,50,49,103,8,20,65" hai3="114,79,56,25,86,84,81,131,108,128,89,118,17"/><U18/><E41/><V69/><F32/><W42/><G114/><T27/><D113/><U122/><E122/><V13/><F125/><W98/><G42/><T11/><D37/><U116/><E116/><V62/><F66/><W30/><G118/><T120/><D134/><U100/><E135/><V70/><F103/><W64/><G108/><T119/><D129/><U106/><E106/><V33/><F33/><W47/><G47/><T3/><D127/><U48/><E48/><V132/><F132/><W133/><G133/><T4/><D120/><U28/><E28/><V19/><F70/><W96/><G17/><T75/><D75/><U93/><E109/><V71/><F69/><W22/><G64/><T72/><D72/><U94/><E18/><V126/><F126/><W124/><G124/><T55/><D15/><U16/><E16/><V14/><F50/><W68/><G56/><T117/><D117/><U104/><E104/><V85/><REACH who="2" step="1"/><F20/><REACH who="2" ten="250,270,220,250" step="2"/><W77/><G68/><T40/><D35/><U63/><E58/><AGARI ba="0,1" hai="8,12,13,14,19,49,54,58,62,65,71,83,85,88" machi="58" ten="30,8000,1" yaku="1,1,2,1,7,1,54,1,53,1" doraHai="34" doraHaiUra="45" who="2" fromWho="1" sc="250,0,270,-80,220,90,250,0" /><INIT seed="2,0,0,0,4,116" ten="250,190,310,250" oya="2" hai0="31,17,79,106,126,15,24,130,84,20,75,78,85" hai1="61,21,69,52,103,104,18,9,134,74,73,62,95" hai2="135,28,57,97,39,33,124,63,65,83,115,133,67" hai3="70,49,125,123,47,108,36,113,40,76,43,4,37"/><V118/><F39/><N who="3" m="14923" /><G76/><T56/><D106/><U86/><E134/><N who="2" m="51211" /><F115/><W91/><G4/><T88/><D130/><U48/><E104/><V10/><F118/><W71/><G91/><T96/><D126/><U122/><E122/><V35/><F124/><W66/><G125/><T114/><D75/><U29/><E69/><N who="3" m="26122" /><G113/><T90/><D96/><U102/><E73/><V25/><F67/><W112/><G112/><T11/><D114/><U7/><E74/><V72/><F97/><W54/><G108/><T41/><D41/><N who="3" m="15945" /><G66/><T129/><D129/><U110/><E29/><V12/><F72/><W46/><G46/><T68/><D68/><U34/><E34/><N who="2" m="20751" /><F83/><W8/><G8/><T81/><D56/><U98/><E110/><V132/><F132/><W92/><G92/><AGARI ba="0,0" hai="11,15,17,20,24,31,78,79,81,84,85,88,90,92" machi="92" ten="30,3900,0" yaku="7,1,8,1,54,1" doraHai="116" who="0" fromWho="3" sc="250,39,190,0,310,0,250,-39" /><INIT seed="3,0,0,1,5,71" ten="289,190,310,211" oya="3" hai0="77,15,68,43,78,61,100,80,91,120,0,114,50" hai1="65,129,85,133,55,127,132,69,45,107,76,33,128" hai2="135,46,64,42,86,34,124,79,72,97,115,22,4" hai3="52,57,102,94,119,47,66,109,39,3,95,112,131"/><W83/><G112/><T134/><D0/><U106/><E33/><V87/><F34/><W90/><G119/><T25/><D134/><U51/><E76/><V19/><F115/><W74/><G3/><T58/><D68/><U38/><E85/><V9/><F124/><W99/><G131/><T63/><D120/><U36/><E65/><V21/><F64/><W108/><G66/><T2/><D2/><U20/><E69/><V122/><F122/><W37/><G47/><T56/><D25/><U7/><E20/><V24/><F135/><N who="1" m="51785" /><E7/><V75/><F97/><W111/><G74/><T23/><D78/><U116/><E116/><V49/><F22/><W54/><G83/><T73/><D73/><U118/><E118/><V93/><F87/><N who="3" m="52575" /><G54/><T103/><D80/><U81/><E81/><V16/><F19/><W6/><G6/><T67/><D67/><U105/><E127/><V101/><F101/><W29/><G29/><T40/><D103/><U53/><E55/><V35/><F35/><W130/><G130/><AGARI ba="0,0" hai="36,38,45,51,53,105,106,107,128,129,130" m="51785" machi="130" ten="40,8000,1" yaku="19,1,20,1,52,2" doraHai="71" who="1" fromWho="3" sc="289,0,190,80,310,0,211,-80" /><INIT seed="4,0,0,4,1,26" ten="289,270,310,131" oya="0" hai0="17,133,35,41,80,88,102,9,117,101,21,96,58" hai1="103,46,92,10,36,109,100,13,37,19,131,31,52" hai2="15,71,44,7,64,68,105,112,5,107,38,86,84" hai3="62,120,76,93,66,33,20,116,14,24,49,48,79"/><T104/><D117/><U87/><E109/><V70/><F64/><W119/><G33/><T51/><D35/><U129/><E36/><V27/><F112/><W78/><G120/><T122/><D122/><U125/><E125/><V91/><F15/><W18/><G93/><T0/><D133/><U45/><E45/><V123/><F123/><W124/><G124/><T56/><D0/><U74/><E74/><V111/><F111/><W114/><G114/><T61/><D9/><U1/><E1/><V127/><F127/><W11/><G119/><T75/><D75/><U42/><E31/><V81/><F86/><W85/><G116/><T77/><D77/><U47/><E87/><V134/><F134/><W83/><G49/><T118/><D104/><U115/><E115/><V63/><F63/><W12/><G48/><T25/><D118/><U110/><E110/><V121/><F121/><W130/><G130/><T59/><D61/><U54/><E47/><V55/><F55/><N who="1" m="21033" /><E92/><V73/><F73/><W53/><G53/><T57/><D57/><U128/><AGARI ba="0,0" hai="10,13,19,37,42,46,100,103,128,129,131" m="21033" machi="128" ten="40,2700,0" yaku="19,1,54,1" doraHai="26" who="1" fromWho="1" sc="289,-13,270,27,310,-7,131,-7" /><INIT seed="5,0,0,3,1,57" ten="276,297,303,124" oya="1" hai0="121,97,71,59,79,34,132,109,81,56,92,53,49" hai1="1,98,118,106,108,67,75,84,23,2,128,13,135" hai2="110,80,66,87,72,114,74,122,25,15,4,96,103" hai3="10,12,127,65,124,99,52,93,95,38,32,18,129"/><U51/><E118/><V107/><F110/><W40/><G32/><T117/><D71/><U16/><E75/><V11/><F122/><W33/><G33/><T116/><D109/><U5/><E135/><V120/><F120/><W39/><G129/><T58/><D121/><U21/><E128/><V68/><F25/><W26/><G26/><T89/><D34/><U86/><E67/><V102/><F102/><W77/><G77/><T91/><D132/><U14/><E108/><V29/><F29/><W112/><G112/><T119/><REACH who="0" step="1"/><D91/><REACH who="0" ten="266,297,303,124" step="2"/><U27/><E106/><V6/><F114/><W54/><G95/><T60/><D60/><U0/><E5/><V70/><F70/><W3/><G3/><T125/><D125/><N who="3" m="48201" /><G65/><T42/><D42/><U46/><E98/><V123/><F123/><W55/><G40/><T76/><D76/><U24/><E84/><AGARI ba="0,1" hai="49,53,56,58,59,79,81,84,89,92,97,116,117,119" machi="84" ten="40,1300,0" yaku="1,1,53,0" doraHai="57" doraHaiUra="20" who="0" fromWho="1" sc="266,23,297,-13,303,0,124,0" /><INIT seed="6,0,0,2,0,67" ten="289,284,303,124" oya="2" hai0="49,32,75,41,4,30,12,23,114,28,99,35,96" hai1="0,56,98,51,8,100,40,76,108,45,71,124,126" hai2="65,130,20,19,74,38,14,133,39,119,83,34,54" hai3="127,94,84,131,80,111,105,7,91,37,26,36,106"/><V52/><F119/><W113/><G111/><T77/><D75/><U31/><E108/><V48/><F34/><W57/><G7/><T135/><D77/><U116/><E116/><V73/><F133/><W53/><G131/><T66/><D66/><U90/><E76/><V122/><F122/><W11/><G127/><T121/><D114/><U109/><E109/><V43/><F130/><W5/><G113/><T64/><D64/><U110/><E31/><V92/><F83/><W89/><G26/><T118/><D49/><U104/><E110/><V120/><F120/><W55/><G55/><T134/><D41/><U13/><E0/><V97/><F39/><W103/><G103/><T47/><D47/><U24/><E24/><V88/><F65/><W59/><G59/><T27/><D121/><U107/><E104/><V128/><F128/><W82/><G82/><T129/><D129/><U81/><E56/><V85/><F97/><N who="0" m="37450" /><D30/><U70/><E90/><V10/><F10/><W50/><G37/><T63/><D63/><U115/><E81/><V78/><F78/><W2/><REACH who="3" step="1"/><G36/><REACH who="3" ten="289,284,303,114" step="2"/><T29/><D118/><U112/><E115/><V1/><F54/><W61/><G61/><T25/><D4/><N who="1" m="3207" /><E112/><V60/><F60/><W125/><G125/><AGARI ba="0,1" hai="40,45,51,70,71,98,100,107,124,125,126" m="3207" machi="125" ten="30,3900,0" yaku="18,1,52,2" doraHai="67" who="1" fromWho="3" sc="289,0,284,49,303,0,114,-39" /><INIT seed="7,0,0,0,3,57" ten="289,333,303,75" oya="3" hai0="24,69,74,133,64,38,98,2,42,39,90,13,45" hai1="16,59,52,60,28,120,11,106,96,110,29,124,44" hai2="121,82,6,41,49,114,89,101,95,116,84,103,135" hai3="1,68,132,108,22,55,97,65,109,104,43,111,5"/><W53/><G22/><T122/><D122/><U107/><E110/><N who="3" m="28162" /><W100/><DORA hai="46" /><G132/><T33/><D133/><U77/><E77/><V27/><F116/><W40/><G1/><T7/><D13/><U118/><E107/><V94/><F121/><W72/><G72/><T34/><D90/><U20/><E124/><V12/><F114/><W127/><G5/><T26/><D26/><U31/><E118/><V105/><F105/><W128/><G127/><T75/><D98/><U73/><E73/><N who="0" m="27657" /><D39/><U80/><E80/><V47/><F135/><W92/><G104/><T62/><D24/><U71/><E11/><AGARI ba="0,0" hai="2,7,11,33,34,38,42,45,62,64,69" m="27657" machi="11" ten="30,3900,0" yaku="33,2,52,1" doraHai="57,46" who="0" fromWho="1" sc="289,39,333,-39,303,0,75,0" owari="328,43.0,294,-11.0,303,10.0,75,-42.0" /></mjloggm>