<mjloggm ver="2.3"><GO type="41" lobby="0"/><UN n0="%E3%81%86%E3%81%BE%E3%81%86%E3%81%BE%30%33%30%35" n1="%E2%93%9D%53%75%70%68%78" n2="%E5%BC%B7%E3%81%8F%E3%81%AA%E3%82%8B" n3="%E7%89%8C%E3%81%AE%E5%A3%B0%E3%81%8C%E8%81%9E%E3%81%88%E3%82%8B%E7%94%B7" dan="16,16,15,14" rate="2098.35,2032.98,2019.12,1864.01" sx="M,M,M,M"/><TAIKYOKU oya="0"/><INIT seed="0,0,0,4,2,11" ten="250,250,250,250" oya="0" hai0="12,96,105,15,120,8,25,27,114,98,36,5,4" hai1="3,62,26,65,130,73,115,9,80,78,88,126,81" hai2="95,77,33,43,23,48,49,10,119,13,92,100,75" hai3="39,107,64,112,55,59,93,66,72,108,102,53,129"/><T63/><D114/><U134/><E130/><V54/><F33/><W135/><G107/><T57/><D36/><U121/><E121/><V1/><F1/><W82/><G112/><T94/><D120/><U127/><E115/><V104/><F119/><W113/><G113/><T16/><D105/><U21/><E134/><V109/><F109/><W45/><G135/><T110/><D110/><U47/><E47/><V17/><F77/><W99/><G129/><T76/><D5/><U18/><E9/><V103/><F75/><W70/><G108/><T83/><D96/><U79/><E3/><V32/><F32/><W46/><G70/><T28/><D28/><U74/><REACH who="1" step="1"/><E88/><REACH who="1" ten="250,240,250,250" step="2"/><V125/><F125/><W87/><G46/><T116/><D116/><U35/><E35/><V52/><F10/><W42/><G72/><T118/><D118/><U117/><E117/><V97/><F43/><W41/><G41/><T68/><D83/><U22/><E22/><V122/><F122/><W71/><G71/><AGARI ba="0,1" hai="18,21,26,62,65,71,73,74,78,79,80,81,126,127" machi="71" ten="40,2600,0" yaku="1,1,9,1,53,0" doraHai="11" doraHaiUra="90" who="1" fromWho="3" sc="250,0,240,36,250,0,250,-26" /><INIT seed="1,0,0,5,5,58" ten="250,276,250,224" oya="1" hai0="29,100,26,27,23,106,69,73,71,128,41,39,126" hai1="82,47,28,32,101,107,51,14,120,83,67,87,99" hai2="62,19,43,88,113,124,90,117,97,35,79,89,24" hai3="102,72,57,36,2,93,65,127,116,68,121,131,86"/><U50/><E120/><V119/><F124/><W130/><G72/><T12/><D73/><U25/><E83/><V81/><F113/><W55/><G121/><T53/><D126/><U8/><E67/><V133/><F133/><W132/><G2/><T49/><D128/><N who="3" m="49193" /><G127/><T56/><D100/><U112/><E112/><V16/><F43/><W37/><G86/><T30/><D106/><U60/><E47/><V33/><F97/><N who="3" m="59695" /><G132/><T10/><D41/><U0/><E0/><V129/><F129/><W95/><G95/><T17/><REACH who="0" step="1"/><D39/><REACH who="0" ten="240,276,250,224" step="2"/><U94/><E107/><V15/><F119/><W45/><G116/><T85/><D85/><U75/><E75/><V77/><F117/><W20/><G37/><T92/><D92/><U103/><E103/><V125/><F125/><W64/><G36/><T4/><D4/><U98/><E98/><V21/><F81/><W134/><G134/><T109/><D109/><U54/><E87/><V78/><REACH who="2" step="1"/><F62/><REACH who="2" ten="240,276,240,224" step="2"/><W42/><G42/><T110/><D110/><U104/><E82/><V70/><F70/><W34/><G68/><T5/><D5/><U11/><E104/><V111/><F111/><W3/><G65/><T96/><D96/><U122/><E122/><V31/><F31/><W114/><G64/><T105/><D105/><U61/><E61/><V13/><F13/><W7/><G114/><T44/><D44/><U38/><E14/><V40/><F40/><W9/><G45/><T108/><D108/><U91/><E38/><V76/><N who="2" m="19456" /><DORA hai="18" /><V22/><AGARI ba="0,2" hai="15,16,19,21,22,24,33,35,88,89,90" m="19456" machi="22" ten="50,12000,2" yaku="1,1,4,1,0,1,52,2,54,2,53,0" doraHai="58,18" doraHaiUra="63,118" who="2" fromWho="2" sc="240,-30,276,-60,240,140,224,-30" /><INIT seed="2,0,0,3,1,111" ten="210,216,380,194" oya="2" hai0="94,85,38,76,30,112,127,16,126,43,27,90,64" hai1="63,97,40,14,6,93,68,89,110,123,37,116,17" hai2="122,130,45,50,132,36,69,2,47,73,4,102,70" hai3="78,26,113,32,104,59,117,53,10,87,101,115,114"/><V51/><F102/><W3/><G117/><T19/><D64/><U96/><E110/><V54/><F73/><W8/><G3/><T131/><D131/><U100/><E123/><V11/><F122/><W86/><G78/><T33/><D76/><U79/><E6/><V60/><F130/><W91/><G104/><T106/><D106/><U128/><E116/><V46/><F132/><W83/><G87/><T107/><D107/><U41/><E37/><V134/><F134/><W18/><G101/><T49/><D38/><U29/><E29/><V5/><F60/><N who="3" m="35951" /><G18/><N who="0" m="6699" /><D49/><U52/><E68/><V62/><F62/><W92/><G92/><T103/><D43/><U124/><E124/><N who="0" m="47657" /><D103/><U61/><E79/><V25/><F4/><W66/><G66/><T1/><D1/><U82/><E128/><V108/><F108/><W118/><G118/><T22/><D33/><U133/><E133/><V0/><F0/><W105/><G105/><T99/><D85/><N who="1" m="50359" /><E97/><V95/><F36/><W44/><G44/><T21/><D21/><U15/><E15/><BYE who="1" /><V98/><F47/><W88/><G91/><T13/><D13/><U35/><E35/><V135/><F135/><W56/><G56/><UN n1="%E2%93%9D%53%75%70%68%78" /><T7/><D7/><U129/><E129/><V24/><F70/><W20/><G32/><T67/><D67/><U125/><E125/><V48/><F69/><W58/><G58/><T39/><D39/><U71/><E71/><V23/><F23/><W12/><G12/><T57/><D57/><U75/><E75/><V28/><F2/><W55/><G55/><T84/><D84/><U65/><E65/><RYUUKYOKU ba="0,0" sc="210,15,216,-15,380,-15,194,15" hai0="22,27,30,90,94,99,112" hai3="8,10,20,26,83,86,88,113,114,115" /><INIT seed="3,1,0,1,0,117" ten="225,201,365,209" oya="3" hai0="119,131,130,59,23,29,48,109,115,52,38,17,2" hai1="135,72,16,114,82,97,118,60,91,50,116,43,20" hai2="1,67,56,71,88,8,10,64,31,73,12,57,129" hai3="79,49,45,111,90,28,133,41,89,93,42,0,132"/><W18/><G0/><T84/><D119/><N who="1" m="45611" /><E114/><V25/><F73/><W36/><G79/><T103/><D38/><U83/><E72/><V3/><F129/><N who="0" m="49162" /><D115/><U35/><E35/><V70/><F12/><W80/><G28/><T58/><D29/><U104/><E60/><V122/><F31/><W19/><G111/><T102/><D109/><U106/><E135/><N who="3" m="51786" /><G80/><N who="1" m="30762" /><E97/><V32/><F32/><W47/><G90/><T62/><D84/><AGARI ba="1,0" hai="18,19,36,41,42,45,47,49,84,89,93" m="51786" machi="84" ten="30,1500,0" yaku="20,1" doraHai="117" who="3" fromWho="0" sc="225,-18,201,0,365,0,209,18" /><INIT seed="3,2,0,1,5,12" ten="207,201,365,227" oya="3" hai0="39,116,10,72,126,38,62,80,122,123,2,79,133" hai1="77,109,24,101,97,8,128,36,46,17,74,82,86" hai2="30,94,56,33,117,134,18,99,75,87,114,90,78" hai3="96,119,37,28,120,27,26,51,65,43,127,73,1"/><W106/><G73/><T63/><D116/><U84/><E109/><V58/><F117/><W89/><G119/><T60/><D133/><U0/><E128/><V59/><F114/><W6/><G120/><T64/><D126/><U13/><E0/><V41/><F134/><W81/><G127/><T22/><D64/><U52/><E24/><V20/><F41/><W107/><G37/><T98/><D98/><U31/><E31/><V49/><F75/><W104/><G65/><T4/><REACH who="0" step="1"/><D22/><REACH who="0" ten="197,201,365,227" step="2"/><U108/><E108/><V47/><F99/><W132/><G132/><T66/><D66/><U71/><E71/><V15/><F33/><W112/><G96/><T121/><AGARI ba="2,1" hai="2,4,10,38,39,60,62,63,72,79,80,121,122,123" machi="121" ten="40,2700,0" yaku="1,1,0,1,53,0" doraHai="12" doraHaiUra="110" who="0" fromWho="0" sc="197,43,201,-9,365,-9,227,-15" /><INIT seed="4,0,0,2,1,19" ten="240,192,356,212" oya="0" hai0="87,93,34,68,130,51,20,132,73,15,54,48,59" hai1="94,2,135,108,11,96,128,104,52,92,22,58,117" hai2="13,32,80,62,109,61,43,55,3,10,111,28,99" hai3="114,50,0,121,36,84,131,82,60,44,75,38,97"/><T49/><D73/><U16/><E108/><V124/><F3/><W21/><G121/><T78/><D68/><U113/><E117/><V67/><F43/><W66/><G75/><T125/><D34/><U110/><E110/><V14/><F14/><W106/><G0/><T70/><D70/><U5/><E128/><V39/><F39/><W107/><G131/><T8/><D130/><U17/><E135/><V76/><F124/><W116/><G116/><T69/><D69/><U105/><E17/><V47/><F99/><W79/><G38/><T29/><D125/><U4/><E94/><V95/><F95/><W81/><G36/><T71/><D71/><U41/><E41/><V1/><F1/><W27/><G81/><N who="0" m="47543" /><D93/><U86/><E113/><V83/><F83/><W37/><G97/><T88/><D88/><N who="1" m="53271" /><E96/><V57/><F28/><W64/><G37/><T24/><D132/><U63/><E105/><V56/><F32/><W115/><G107/><T98/><D98/><U118/><E118/><V102/><F102/><W91/><G106/><T7/><AGARI ba="0,0" hai="7,8,15,20,24,29,48,49,51,54,59" m="47543" machi="7" ten="30,3000,0" yaku="8,1,52,1" doraHai="19" who="0" fromWho="0" sc="240,30,192,-10,356,-10,212,-10" /><INIT seed="4,1,0,0,4,95" ten="270,182,346,202" oya="0" hai0="15,134,45,3,91,70,114,14,26,84,94,86,30" hai1="9,75,124,25,109,72,102,131,69,99,117,18,65" hai2="63,7,129,11,28,61,29,78,121,101,100,67,16" hai3="49,39,128,19,33,108,77,60,104,74,56,111,1"/><T6/><D70/><U118/><E109/><V127/><F121/><W22/><G104/><T92/><D114/><U106/><E131/><V66/><F129/><W88/><G39/><T20/><D134/><U48/><E48/><V132/><F132/><W58/><G128/><T42/><D3/><U34/><E124/><V107/><F78/><W35/><G1/><T57/><D6/><U54/><E54/><V32/><F32/><W62/><G49/><T44/><D57/><U38/><E18/><V51/><F51/><W79/><G74/><N who="1" m="28202" /><E9/><V115/><F115/><W8/><G8/><T76/><D42/><U41/><E41/><V105/><F16/><W21/><REACH who="3" step="1"/><G19/><REACH who="3" ten="270,182,346,192" step="2"/><T135/><D135/><U37/><E37/><V125/><F11/><W110/><G110/><T52/><D30/><N who="1" m="19791" /><E38/><V13/><F7/><W89/><AGARI ba="1,1" hai="21,22,33,35,56,58,60,62,77,79,88,89,108,111" machi="89" ten="25,8000,1" yaku="1,1,0,1,22,2,54,1,53,0" doraHai="95" doraHaiUra="36" who="3" fromWho="3" sc="270,-41,182,-21,346,-21,192,93" /><INIT seed="5,0,0,0,2,101" ten="229,161,325,285" oya="1" hai0="45,60,76,57,86,46,19,118,7,61,25,116,110" hai1="51,103,12,31,22,122,88,126,94,41,2,48,80" hai2="40,98,52,56,59,43,131,83,89,100,75,15,133" hai3="29,17,8,24,73,90,63,77,121,65,79,130,4"/><U104/><E122/><V132/><F15/><N who="3" m="5511" /><G73/><T123/><D110/><U54/><E2/><V64/><F131/><W135/><G130/><T95/><D123/><U44/><E126/><V1/><F1/><W82/><G29/><T28/><D7/><U99/><E80/><V49/><F64/><W11/><G135/><N who="2" m="51785" /><F59/><N who="3" m="37119" /><G121/><T9/><D118/><U6/><E31/><V81/><F89/><W93/><G82/><N who="2" m="31241" /><F75/><W35/><G35/><T92/><D76/><U20/><E6/><V23/><F23/><N who="3" m="13423" /><G11/><T58/><D116/><U53/><E12/><V109/><F109/><W125/><G125/><T13/><D61/><U21/><REACH who="1" step="1"/><E51/><REACH who="1" ten="229,151,325,285" step="2"/><V14/><F14/><W26/><G26/><T119/><D25/><U84/><AGARI ba="0,1" hai="20,21,22,41,44,48,53,54,84,88,94,99,103,104" machi="84" ten="30,12000,1" yaku="1,1,2,1,0,1,52,1,54,1,53,0" doraHai="101" doraHaiUra="111" who="1" fromWho="1" sc="229,-40,151,130,325,-40,285,-40" /><INIT seed="5,1,0,0,5,96" ten="189,281,285,245" oya="1" hai0="118,102,23,126,59,7,54,14,47,28,66,9,132" hai1="87,6,123,100,38,22,72,91,25,115,61,110,125" hai2="108,83,124,65,5,116,130,8,46,53,76,103,133" hai3="19,50,81,43,113,68,11,78,82,134,39,26,90"/><U62/><E72/><V55/><F116/><W49/><G68/><T48/><D118/><U4/><E123/><V128/><F108/><W1/><G113/><T18/><D132/><U30/><E38/><V27/><F65/><W20/><G134/><T64/><D126/><U75/><E75/><V121/><F133/><W24/><G24/><T99/><D28/><U104/><E125/><V2/><F124/><W131/><G131/><T89/><D89/><U12/><E115/><V119/><F119/><W17/><G90/><T84/><D84/><U127/><E110/><V29/><F103/><W111/><G111/><T52/><D54/><U120/><E120/><V94/><F94/><W73/><G82/><T34/><D47/><U57/><E62/><V77/><F121/><W98/><G98/><T109/><D34/><U67/><E127/><V41/><F77/><W0/><G17/><T86/><D86/><U58/><E58/><V70/><F70/><W35/><G35/><T129/><D129/><N who="2" m="49770" /><F76/><W95/><G95/><N who="0" m="58751" /><D109/><U107/><E107/><V105/><F83/><W112/><G1/><T31/><D31/><U80/><E104/><V40/><F105/><W135/><G112/><T101/><D101/><U21/><E100/><V114/><F114/><W32/><G32/><T13/><AGARI ba="1,0" hai="7,9,13,14,18,23,48,52,59,64,66" m="58751" machi="13" ten="30,4000,0" yaku="8,1,52,1,54,1" doraHai="96" who="0" fromWho="0" sc="189,43,281,-21,285,-11,245,-11" /><INIT seed="6,0,0,2,3,103" ten="232,260,274,234" oya="2" hai0="29,129,38,115,92,44,91,35,111,63,99,86,78" hai1="65,68,101,81,77,97,95,59,102,123,43,90,104" hai2="61,133,89,80,71,124,36,94,23,40,66,3,93" hai3="19,8,100,62,56,64,4,30,28,116,126,33,13"/><V87/><F3/><W134/><G116/><T72/><D111/><U12/><E68/><V31/><F133/><W22/><G134/><T108/><D108/><U48/><E123/><V14/><F124/><W112/><G126/><T105/><D129/><U16/><E43/><V9/><F36/><W79/><G79/><T114/><D63/><U109/><E109/><V54/><F40/><W37/><G37/><T73/><D38/><U128/><E128/><V11/><F54/><W132/><G132/><T20/><D44/><U84/><E104/><V131/><F131/><W26/><G30/><T119/><D35/><U135/><E135/><V88/><F80/><W107/><G112/><N who="0" m="43051" /><D119/><U5/><E5/><V32/><F32/><W15/><REACH who="3" step="1"/><G100/><REACH who="3" ten="232,260,274,224" step="2"/><N who="0" m="62623" /><D78/><U51/><E102/><V120/><F120/><W106/><AGARI ba="0,1" hai="4,8,13,15,19,22,26,28,33,56,62,64,106,107" machi="106" ten="30,7900,0" yaku="1,1,0,1,52,2,53,0" doraHai="103" doraHaiUra="45" who="3" fromWho="3" sc="232,-20,260,-20,274,-39,224,89" /><INIT seed="7,0,0,3,2,77" ten="212,240,235,313" oya="3" hai0="67,7,45,0,25,26,92,59,121,109,37,103,131" hai1="39,79,118,94,86,104,22,54,119,66,134,122,88" hai2="30,65,38,5,129,13,8,69,73,50,93,61,40" hai3="76,71,23,128,89,90,123,105,9,112,11,18,52"/><W111/><G71/><T41/><D121/><U21/><E122/><V28/><F73/><W72/><G105/><T1/><D109/><U44/><E104/><V95/><F129/><W20/><G111/><T15/><D131/><U102/><E134/><V125/><F125/><W19/><G76/><T113/><D113/><U17/><E66/><V98/><F93/><W35/><G72/><T32/><D0/><U2/><E2/><V132/><F132/><W48/><G35/><T74/><D1/><U6/><E6/><V80/><F38/><W108/><G112/><T64/><D74/><U85/><E102/><V12/><F80/><W117/><G117/><N who="1" m="44554" /><E17/><V133/><F133/><W43/><G43/><T127/><D127/><U114/><E114/><V36/><F36/><W91/><G108/><T120/><D120/><U55/><E39/><V135/><F135/><W53/><G123/><T31/><D26/><U34/><E34/><V57/><F13/><N who="3" m="9295" /><G128/><T14/><D7/><U124/><E124/><V78/><F78/><W96/><G96/><T62/><REACH who="0" step="1"/><D67/><REACH who="0" ten="202,240,235,313" step="2"/><U42/><E55/><N who="2" m="31991" /><F40/><W10/><G52/><T115/><D115/><U126/><E54/><V33/><F33/><W60/><G53/><T99/><AGARI ba="0,1" hai="14,15,25,31,32,37,41,45,59,62,64,92,99,103" machi="99" ten="30,2000,0" yaku="1,1,0,1,53,0" doraHai="77" doraHaiUra="16" who="0" fromWho="0" sc="202,30,240,-5,235,-5,313,-10" owari="232,-17.0,235,4.0,230,-27.0,303,40.0" /></mjloggm>