<mjloggm ver="2.3"><GO type="41" lobby="0"/><UN n0="%51%75%65%5F%74%61" n1="%41%75%73%74%75%72%38" n2="%E6%96%B0%E6%B5%B7%E8%AA%A0" n3="%E2%93%9D%53%75%70%68%78" dan="14,13,15,17" rate="1924.26,1823.12,1995.19,2069.31" sx="M,M,M,M"/><TAIKYOKU oya="0"/><INIT seed="0,0,0,0,0,127" ten="250,250,250,250" oya="0" hai0="100,93,53,128,75,102,56,1,116,87,77,30,57" hai1="6,50,120,41,11,95,98,44,34,108,85,131,115" hai2="82,134,39,92,49,72,68,24,47,61,80,37,71" hai3="2,109,58,60,55,25,69,119,3,10,52,113,74"/><T111/><D116/><U118/><E34/><V125/><F134/><W126/><G113/><T35/><D1/><U45/><E120/><V29/><F125/><W21/><G126/><T104/><D111/><U107/><E108/><V12/><F12/><W121/><G109/><T18/><D30/><U79/><E107/><V129/><F71/><W94/><G74/><T15/><D35/><U42/><E115/><V38/><F72/><W112/><G69/><T4/><D4/><U23/><E23/><V9/><F9/><W46/><G119/><T51/><D104/><U122/><E122/><V0/><F92/><W91/><G112/><T67/><D75/><U103/><E118/><V81/><F0/><W73/><G73/><T27/><D27/><U70/><E70/><V19/><F19/><W36/><G10/><T63/><D128/><U22/><E22/><V114/><F114/><W105/><G105/><T7/><D7/><U86/><E79/><V62/><F129/><W123/><G123/><T132/><D132/><U101/><E101/><V26/><F68/><W124/><G121/><T14/><D14/><U83/><E83/><V54/><REACH who="2" step="1"/><F29/><REACH who="2" ten="250,250,240,250" step="2"/><W133/><G133/><T5/><D5/><U16/><E131/><V17/><F17/><W76/><G3/><T84/><D93/><U8/><E11/><V33/><F33/><W88/><G2/><T13/><D13/><N who="1" m="7207" /><E6/><V106/><F106/><W43/><G124/><T89/><D15/><U64/><E95/><V90/><F90/><W31/><G76/><T28/><D18/><U96/><E103/><N who="0" m="39465" /><D28/><U117/><E117/><RYUUKYOKU ba="0,1" sc="250,-10,250,-10,240,30,250,-10" hai2="24,26,37,38,39,47,49,54,61,62,80,81,82" /><INIT seed="1,1,1,3,2,22" ten="240,240,270,240" oya="1" hai0="116,18,109,93,77,96,3,37,124,63,100,56,111" hai1="49,58,117,5,135,73,83,9,64,89,39,92,12" hai2="133,85,105,52,106,129,121,71,110,54,55,75,68" hai3="21,27,102,132,66,1,72,53,10,46,51,20,127"/><U29/><E117/><V7/><F121/><W130/><G72/><T128/><D3/><U86/><E39/><V87/><F75/><W107/><G130/><T62/><D37/><U15/><E135/><V69/><F7/><W33/><G127/><T47/><D116/><U43/><E64/><V40/><F110/><W65/><G33/><T14/><D124/><U125/><E125/><V103/><F103/><W126/><G21/><T38/><D77/><U131/><E131/><V34/><F129/><W61/><G132/><T94/><D94/><U95/><E29/><V97/><F97/><W6/><G126/><T60/><D128/><U23/><E73/><V70/><N who="2" m="17408" /><DORA hai="122" /><V119/><F133/><W25/><G61/><T81/><D81/><U36/><E36/><V123/><F34/><W17/><REACH who="3" step="1"/><G27/><REACH who="3" ten="240,240,270,230" step="2"/><T50/><D38/><U42/><E42/><V76/><F119/><W108/><G108/><N who="0" m="41547" /><D62/><U26/><E15/><V67/><F123/><W80/><G80/><T59/><D63/><U4/><E43/><V19/><F67/><W98/><AGARI ba="1,2" hai="1,6,10,17,20,25,46,51,53,65,66,98,102,107" machi="98" ten="30,4000,0" yaku="1,1,0,1,52,1,53,0" doraHai="22,122" doraHaiUra="120,31" who="3" fromWho="3" sc="240,-11,240,-21,270,-11,230,63" /><INIT seed="2,0,0,4,1,94" ten="229,219,259,293" oya="2" hai0="72,9,77,99,36,110,123,19,107,55,52,53,56" hai1="47,21,66,54,23,65,57,112,125,100,11,35,44" hai2="67,102,95,70,20,30,75,118,119,10,42,27,0" hai3="1,129,91,133,86,58,34,73,82,60,92,104,69"/><V84/><F75/><W115/><G1/><T13/><D36/><U111/><E112/><V7/><F42/><W61/><G34/><T49/><D123/><U81/><E35/><V15/><F70/><W17/><G104/><T88/><D110/><U51/><E111/><V26/><F67/><W113/><G133/><T117/><D117/><U48/><E125/><V89/><F102/><W135/><G129/><T40/><D40/><U103/><E81/><V76/><F76/><W29/><G29/><T59/><D107/><U108/><E11/><V87/><F87/><W83/><G135/><T96/><D72/><U64/><E108/><V62/><F62/><W32/><G32/><T2/><D2/><U97/><E100/><V24/><F0/><W25/><G61/><N who="0" m="35983" /><D77/><U126/><E126/><V122/><F122/><W124/><G69/><T50/><D88/><U43/><REACH who="1" step="1"/><E57/><AGARI ba="0,0" hai="9,13,19,49,50,52,55,57,59,96,99" m="35983" machi="57" ten="30,7700,0" yaku="8,1,52,2,54,1" doraHai="94" who="0" fromWho="1" sc="229,77,219,-77,259,0,293,0" /><INIT seed="3,0,0,3,2,126" ten="306,142,259,293" oya="3" hai0="78,49,43,89,60,2,114,46,77,28,73,37,72" hai1="99,109,19,84,115,14,57,81,116,104,47,86,69" hai2="119,88,10,16,3,1,91,50,23,41,83,128,87" hai3="82,85,29,13,68,11,118,27,67,131,107,112,120"/><W65/><G112/><T100/><D100/><U24/><E115/><V35/><F119/><W9/><G120/><T42/><D28/><U54/><E69/><V31/><F128/><W4/><G118/><T132/><D132/><U66/><E116/><V130/><F130/><W53/><G107/><T79/><D2/><U20/><E66/><V105/><F105/><W7/><G131/><T94/><D114/><U32/><E109/><V63/><F31/><W93/><G93/><T123/><D123/><U103/><E47/><V55/><F35/><W0/><G53/><T124/><D124/><U113/><E113/><V64/><F41/><W45/><G45/><T17/><D17/><U134/><E134/><V98/><F10/><W102/><G102/><T133/><D133/><U21/><E81/><V25/><F91/><W62/><G62/><T110/><D110/><U127/><E32/><V33/><F98/><W106/><G68/><T22/><D22/><U59/><E59/><V12/><F12/><W51/><G51/><T39/><D60/><U48/><REACH who="1" step="1"/><E127/><REACH who="1" ten="306,132,259,293" step="2"/><V101/><F33/><W6/><G67/><T74/><REACH who="0" step="1"/><D43/><REACH who="0" ten="296,132,259,293" step="2"/><U75/><E75/><V125/><F125/><W76/><G0/><T5/><D5/><U70/><E70/><V38/><F3/><W15/><G7/><T121/><D121/><U108/><E108/><V61/><F1/><W36/><G6/><T97/><AGARI ba="0,2" hai="37,39,42,46,49,72,73,74,77,78,79,89,94,97" machi="97" ten="40,2700,0" yaku="1,1,0,1,53,0" doraHai="126" doraHaiUra="117" who="0" fromWho="0" sc="296,47,132,-7,259,-7,293,-13" /><INIT seed="4,0,0,4,5,52" ten="343,125,252,280" oya="0" hai0="117,41,26,54,72,51,23,116,34,7,88,114,98" hai1="120,97,102,83,121,74,78,119,84,64,11,22,57" hai2="12,131,112,1,123,125,126,67,109,48,28,38,30" hai3="61,24,0,132,135,39,122,134,49,47,46,90,8"/><T105/><D72/><U128/><E119/><V130/><F38/><W68/><G24/><T107/><D34/><U104/><E128/><N who="2" m="49195" /><F48/><W63/><G90/><T129/><D129/><U93/><E11/><V59/><F67/><W92/><G92/><T3/><D41/><U77/><E22/><V5/><F59/><W53/><G0/><T65/><D65/><U27/><E27/><V124/><F112/><W103/><G103/><T50/><D114/><U55/><E78/><V81/><F81/><W82/><G8/><T73/><D73/><U108/><E64/><V37/><F37/><W35/><G82/><T95/><D51/><U2/><E2/><V71/><F71/><W15/><G15/><T100/><D105/><U40/><E40/><V21/><F123/><W113/><G35/><T80/><D80/><U66/><E66/><V106/><F106/><W10/><G113/><T76/><D76/><U118/><E118/><V89/><F89/><W60/><G10/><T127/><D3/><U86/><E108/><V36/><F36/><W75/><G75/><T58/><D7/><U79/><E86/><V91/><F91/><W133/><G133/><T17/><REACH who="0" step="1"/><D127/><REACH who="0" ten="333,125,252,280" step="2"/><U42/><E42/><V62/><F5/><W9/><G135/><T87/><AGARI ba="0,1" hai="17,23,26,50,54,58,87,88,95,98,100,107,116,117" machi="87" ten="20,18000,2" yaku="1,1,2,1,0,1,7,1,52,1,54,1,53,0" doraHai="52" doraHaiUra="43" who="0" fromWho="0" sc="333,190,125,-60,252,-60,280,-60" /><INIT seed="4,1,0,1,2,10" ten="523,65,192,220" oya="0" hai0="3,84,11,119,64,95,123,29,9,133,88,48,67" hai1="96,28,0,131,121,13,43,128,31,5,54,102,116" hai2="55,47,45,41,42,69,110,56,115,40,124,7,46" hai3="24,8,83,68,23,1,107,51,50,22,77,15,80"/><T62/><D123/><U26/><E116/><V122/><F7/><W25/><G68/><T70/><D67/><U132/><E121/><V113/><F122/><W73/><G107/><T63/><D63/><U34/><E43/><N who="2" m="16459" /><F110/><W58/><G1/><T89/><D29/><U74/><E74/><V105/><F105/><W94/><G94/><T81/><D133/><U78/><E78/><V98/><F98/><W53/><G51/><T103/><D103/><U75/><E75/><V19/><F19/><W18/><REACH who="3" step="1"/><G83/><REACH who="3" ten="523,65,192,210" step="2"/><T118/><D48/><U99/><E0/><V104/><F104/><W79/><G79/><T36/><D36/><U117/><E131/><V97/><F69/><W92/><G92/><T127/><D3/><U32/><E128/><V100/><F124/><W44/><G44/><T86/><D127/><U126/><E126/><V21/><F42/><W87/><G87/><T71/><D71/><U65/><E117/><V14/><F47/><W125/><G125/><T61/><D61/><U20/><E99/><V27/><F97/><W12/><G12/><T76/><D118/><U130/><E130/><V38/><F14/><W129/><G129/><T85/><D119/><U57/><E96/><V33/><F46/><W59/><G59/><T109/><D109/><U30/><E57/><V35/><F100/><W106/><G106/><T39/><D39/><U135/><E102/><V120/><F120/><W101/><G101/><T114/><D95/><U66/><E13/><V134/><F45/><W112/><G112/><T16/><D114/><U72/><E72/><V37/><F113/><RYUUKYOKU ba="1,1" sc="523,-10,65,-10,192,-10,210,30" hai3="8,15,18,22,23,24,25,50,53,58,73,77,80" /><INIT seed="5,2,1,4,2,22" ten="513,55,182,240" oya="1" hai0="40,128,43,69,12,75,1,99,103,105,72,62,79" hai1="113,125,58,38,14,76,133,123,32,127,130,91,20" hai2="98,55,33,10,18,101,96,24,15,77,5,35,29" hai3="107,73,92,119,85,17,46,102,66,36,112,70,51"/><U13/><E38/><V129/><F129/><W68/><G73/><T104/><D1/><U95/><E130/><V7/><F77/><W23/><G107/><T52/><D104/><U116/><E123/><V39/><F35/><W45/><G112/><T115/><D115/><U49/><E116/><V26/><F39/><W114/><G114/><T4/><D75/><U57/><E113/><V71/><F71/><W50/><G66/><T54/><D54/><U56/><E32/><V21/><F5/><W109/><G109/><T94/><D105/><U82/><E133/><V108/><F108/><W111/><G36/><T19/><D4/><U117/><E117/><V120/><F120/><W8/><G70/><T132/><D132/><U131/><E131/><V31/><F101/><W0/><G68/><T41/><D128/><U89/><E49/><V106/><F106/><W100/><G8/><T2/><D2/><U78/><E20/><N who="2" m="15495" /><F55/><W83/><G111/><T81/><D69/><U6/><E78/><V30/><F30/><W27/><G0/><AGARI ba="2,1" hai="0,7,10,15,18,21,26,31,33,96,98" m="15495" machi="0" ten="30,3900,0" yaku="24,1,52,2" doraHai="22" who="2" fromWho="3" sc="513,0,55,0,182,55,240,-45" /><INIT seed="6,0,0,4,3,12" ten="513,55,237,195" oya="2" hai0="3,93,56,106,15,104,22,9,36,63,8,43,42" hai1="50,89,107,71,60,102,29,16,133,126,132,135,116" hai2="72,109,77,27,103,84,134,108,64,96,75,58,80" hai3="4,128,33,30,0,38,94,55,79,20,100,111,48"/><V85/><F27/><W115/><G111/><N who="2" m="42569" /><F58/><W46/><G128/><T83/><D36/><U90/><E116/><V117/><F64/><W120/><G120/><T118/><D83/><U129/><E29/><V21/><F21/><W69/><G115/><T14/><D3/><U87/><E50/><V34/><F34/><W78/><G38/><T127/><D93/><U41/><E126/><V24/><F24/><W57/><G69/><T47/><D127/><U70/><E41/><V7/><F7/><W10/><G33/><T54/><D22/><U81/><E129/><V28/><F28/><W114/><G114/><T131/><D118/><U123/><E123/><V26/><F26/><W17/><G30/><T66/><D47/><U61/><E71/><V121/><F121/><W6/><G6/><N who="0" m="3351" /><D106/><U11/><E90/><V2/><F2/><W125/><G125/><T25/><D104/><U45/><E45/><V130/><F134/><W31/><G31/><T32/><D25/><U95/><E107/><N who="2" m="63975" /><F130/><W99/><G57/><N who="0" m="37231" /><D32/><U13/><REACH who="1" step="1"/><E70/><REACH who="1" ten="513,45,237,195" step="2"/><V35/><F117/><W19/><G46/><T82/><D131/><U98/><AGARI ba="0,1" hai="11,13,16,60,61,81,87,89,95,98,102,132,133,135" machi="98" ten="40,12000,2" yaku="1,1,2,1,0,1,20,1,52,1,54,1,53,0" doraHai="12" doraHaiUra="52" who="1" fromWho="1" sc="513,-30,45,130,237,-60,195,-30" /><INIT seed="7,0,0,5,1,64" ten="483,175,177,165" oya="3" hai0="87,103,21,4,126,90,119,47,7,28,29,51,1" hai1="124,116,10,11,69,71,36,14,56,49,95,63,106" hai2="61,84,42,97,2,135,50,113,41,117,70,134,88" hai3="107,100,128,31,52,3,114,133,17,55,80,127,120"/><W43/><G120/><T98/><D1/><U57/><E106/><V83/><F117/><W75/><G3/><T20/><D119/><U76/><E36/><V77/><F113/><W18/><G114/><T25/><D126/><U30/><E116/><V6/><F50/><W46/><G31/><T15/><D98/><U111/><E111/><V48/><F48/><N who="3" m="26719" /><G107/><T92/><D103/><U115/><E115/><V67/><F6/><W27/><G127/><T35/><D35/><U54/><E124/><V94/><F2/><W99/><G128/><T13/><D13/><U86/><E30/><V132/><AGARI ba="0,0" hai="41,42,61,67,70,77,83,84,88,94,97,132,134,135" machi="132" ten="30,7900,0" yaku="0,1,20,1,52,1,54,1" doraHai="64" who="2" fromWho="2" sc="483,-20,175,-20,177,79,165,-39" owari="463,55.0,155,-24.0,256,6.0,126,-37.0" /></mjloggm>