<mjloggm ver="2.3"><GO type="41" lobby="0"/><UN n0="%54%61%6B%65%73%68%69%6E" n1="%6E%6B%6E%73" n2="%72%73%65%63%69%6B" n3="%E2%93%9D%53%75%70%68%78" dan="14,13,14,18" rate="1953.30,1822.38,1999.07,2145.33" sx="M,M,M,M"/><TAIKYOKU oya="0"/><INIT seed="0,0,0,1,1,85" ten="250,250,250,250" oya="0" hai0="60,62,1,38,71,80,76,118,95,116,65,79,73" hai1="117,14,83,134,78,57,5,11,56,31,35,104,106" hai2="33,29,82,98,50,75,68,23,8,112,26,135,133" hai3="89,100,53,4,107,121,129,0,40,36,7,90,58"/><T64/><D38/><U3/><E117/><V127/><F68/><W48/><G129/><T87/><D1/><U41/><E134/><V16/><F112/><W30/><G121/><T86/><D73/><U123/><E123/><V28/><F127/><W47/><G30/><T93/><REACH who="0" step="1"/><D80/><REACH who="0" ten="240,250,250,250" step="2"/><U12/><E83/><V115/><F115/><W131/><G131/><T49/><D49/><U84/><E3/><V45/><F135/><W102/><G0/><T111/><D111/><U130/><E130/><V119/><F133/><W122/><G122/><T21/><D21/><U15/><E35/><V125/><F125/><W10/><G10/><T81/><D81/><U120/><E120/><V37/><F37/><W77/><G77/><T88/><D88/><U108/><E108/><V126/><F126/><W34/><G34/><T46/><D46/><U91/><E78/><V9/><F119/><W113/><G113/><T92/><D92/><U94/><E106/><V105/><F75/><W51/><G36/><T42/><D42/><U69/><E41/><V13/><F82/><W2/><G2/><T96/><D96/><U20/><E104/><V44/><F44/><W99/><REACH who="3" step="1"/><G102/><REACH who="3" ten="240,250,250,240" step="2"/><T43/><D43/><U97/><E11/><V74/><F9/><W63/><G63/><T25/><D25/><U72/><E5/><AGARI ba="0,2" hai="4,5,7,40,47,48,51,53,58,89,90,99,100,107" machi="5" ten="40,5200,0" yaku="1,1,52,2,53,0" doraHai="85" doraHaiUra="18" who="3" fromWho="1" sc="240,0,250,-52,250,0,240,72" /><INIT seed="1,0,0,1,4,86" ten="240,198,250,312" oya="1" hai0="31,95,101,116,56,127,83,35,53,74,88,59,99" hai1="89,100,68,42,24,135,105,128,109,67,87,70,63" hai2="91,73,90,97,34,96,103,132,131,51,44,113,66" hai3="106,7,38,62,52,107,27,32,46,30,39,22,102"/><U21/><E128/><V71/><F34/><W130/><G130/><T92/><D127/><U94/><E135/><V98/><F73/><W124/><G124/><T4/><D4/><U64/><E109/><V78/><F131/><W23/><G7/><T125/><D125/><U47/><E100/><V48/><F78/><W20/><G102/><T18/><D31/><U60/><E105/><V85/><F103/><W122/><G122/><T81/><D35/><U54/><E54/><V121/><F85/><W8/><G8/><T14/><D74/><U9/><E9/><V26/><F121/><W65/><G107/><T33/><D33/><U117/><E117/><V104/><F104/><W40/><G106/><T75/><D75/><U10/><E10/><V80/><F80/><N who="0" m="30794" /><D53/><U28/><E47/><V120/><F120/><W0/><G0/><T84/><D116/><U110/><E110/><V37/><F26/><W119/><G119/><T112/><D112/><U6/><E6/><V43/><F132/><W16/><G39/><T29/><D29/><U25/><E25/><V129/><F129/><W69/><REACH who="3" step="1"/><G52/><REACH who="3" ten="240,198,250,302" step="2"/><T13/><D18/><AGARI ba="0,1" hai="16,18,20,22,23,27,30,32,38,40,46,62,65,69" machi="18" ten="40,5200,0" yaku="1,1,2,1,54,1,53,0" doraHai="86" doraHaiUra="45" who="3" fromWho="0" sc="240,-52,198,0,250,0,302,62" /><INIT seed="2,0,0,4,3,49" ten="188,198,250,364" oya="2" hai0="92,80,107,76,128,33,30,98,120,90,78,73,111" hai1="93,56,37,110,119,114,5,85,25,34,29,18,22" hai2="57,89,118,116,99,38,125,84,104,15,87,129,66" hai3="77,3,94,40,91,103,133,47,69,123,16,31,26"/><V6/><F38/><W63/><G3/><T88/><D111/><U59/><E114/><V17/><F129/><W102/><G77/><N who="0" m="44079" /><D30/><U79/><E119/><V62/><F125/><W71/><G133/><T112/><D33/><U113/><E113/><V130/><F6/><W97/><G123/><T65/><D65/><U50/><E37/><V1/><F1/><W39/><G63/><T21/><D21/><U108/><E5/><V101/><F130/><W106/><G16/><T64/><D64/><U54/><E59/><V42/><F42/><W72/><G72/><T9/><D9/><U2/><E2/><V121/><F87/><W58/><G58/><T96/><D112/><U27/><REACH who="1" step="1"/><E93/><REACH who="1" ten="188,188,250,364" step="2"/><V135/><F121/><W75/><G94/><N who="0" m="56391" /><D128/><U12/><E12/><V19/><F135/><W74/><G39/><T117/><D117/><U11/><E11/><V95/><F19/><W4/><G4/><T35/><D35/><U20/><E20/><AGARI ba="0,1" hai="15,17,20,57,62,66,84,89,95,99,101,104,116,118" machi="20" ten="30,1500,0" yaku="7,1" doraHai="49" who="2" fromWho="1" sc="188,0,188,-15,250,25,364,0" /><INIT seed="2,1,0,1,3,30" ten="188,173,275,364" oya="2" hai0="84,27,9,13,110,73,121,29,67,64,41,75,34" hai1="86,69,2,87,20,16,81,44,125,118,134,71,57" hai2="132,6,0,1,116,65,108,33,50,59,12,40,49" hai3="42,48,3,47,70,36,51,106,25,114,14,135,111"/><V112/><F116/><W55/><G3/><T91/><D110/><U98/><E118/><V11/><F112/><W21/><G106/><T32/><D41/><U4/><E134/><V104/><F104/><W39/><G111/><T119/><D121/><U22/><E125/><V128/><F108/><W92/><G70/><T113/><D113/><U124/><E124/><V74/><F74/><W15/><G135/><T103/><D103/><U66/><E22/><V45/><F132/><W94/><G39/><T5/><D119/><U130/><E130/><V109/><F109/><W53/><G36/><T23/><D75/><U107/><E44/><V54/><F128/><W62/><G62/><T129/><D73/><U19/><E19/><V24/><REACH who="2" step="1"/><F65/><REACH who="2" ten="188,173,265,364" step="2"/><W18/><G114/><T133/><D133/><U80/><E66/><V127/><F127/><W79/><G79/><T35/><REACH who="0" step="1"/><D129/><REACH who="0" ten="178,173,265,364" step="2"/><U126/><E126/><V90/><F90/><W123/><G123/><T43/><D43/><U63/><E107/><V8/><F8/><W88/><G42/><T26/><D26/><U76/><E76/><V89/><F89/><W17/><G88/><T120/><D120/><U101/><E101/><V72/><F72/><W61/><G25/><T115/><D115/><U58/><E98/><V105/><F105/><W60/><G47/><T77/><D77/><U56/><E87/><V28/><AGARI ba="1,2" hai="0,1,6,11,12,24,28,33,40,45,49,50,54,59" machi="28" ten="30,6000,0" yaku="1,1,0,1,52,1,53,0" doraHai="30" doraHaiUra="83" who="2" fromWho="2" sc="178,-21,173,-21,265,83,364,-21" /><INIT seed="2,2,0,4,5,9" ten="157,152,348,343" oya="2" hai0="44,81,115,123,76,63,5,2,32,82,31,105,79" hai1="60,84,37,116,73,118,1,110,14,88,49,8,43" hai2="117,11,15,33,97,126,101,99,62,38,25,6,129" hai3="109,69,93,13,51,92,26,122,75,7,87,85,86"/><V127/><F117/><W80/><G69/><T100/><D115/><U89/><E37/><V54/><F38/><W58/><G109/><T65/><D123/><U57/><E1/><V91/><F129/><W71/><G71/><T52/><D5/><U45/><E73/><V125/><F91/><W36/><G26/><T119/><D2/><U134/><E134/><V95/><F99/><W56/><G75/><T66/><D100/><U83/><E110/><V106/><F95/><N who="3" m="36427" /><G36/><T121/><D105/><U94/><E94/><V111/><F111/><W12/><G7/><T48/><D121/><U29/><E29/><V22/><F33/><W61/><G122/><T20/><D32/><U133/><E133/><V107/><F107/><W120/><G80/><N who="0" m="30827" /><D119/><U77/><E118/><V131/><F131/><W90/><G90/><T104/><D104/><U42/><E42/><V55/><REACH who="2" step="1"/><F62/><REACH who="2" ten="157,152,338,343" step="2"/><W30/><G120/><T50/><D50/><U53/><REACH who="1" step="1"/><E116/><REACH who="1" ten="157,142,338,343" step="2"/><V19/><AGARI ba="2,2" hai="6,11,15,19,22,25,54,55,97,101,106,125,126,127" machi="19" ten="30,12000,1" yaku="1,1,2,1,0,1,18,1,52,1,53,0" doraHai="9" doraHaiUra="59" who="2" fromWho="2" sc="157,-42,142,-42,338,146,343,-42" /><INIT seed="2,3,0,0,5,34" ten="115,100,484,301" oya="2" hai0="126,96,125,95,129,107,80,31,75,64,26,40,102" hai1="5,81,67,58,135,20,29,50,105,42,127,43,132" hai2="86,57,88,79,73,68,15,104,83,91,100,13,101" hai3="51,114,109,74,76,45,69,9,3,130,110,28,60"/><V8/><F68/><W71/><G28/><T55/><D64/><U134/><E105/><V77/><F57/><W98/><G114/><T84/><D40/><N who="1" m="15403" /><E81/><V92/><F13/><W103/><G130/><T10/><D129/><U46/><E5/><V38/><F38/><W44/><G76/><N who="0" m="44063" /><D10/><U118/><E20/><V17/><F79/><W120/><G120/><T48/><D55/><N who="1" m="30167" /><E29/><V35/><F35/><W23/><G74/><T124/><D48/><U121/><E118/><V78/><F78/><W63/><G23/><T22/><D22/><U47/><E121/><V89/><F101/><W4/><G51/><T16/><D16/><U111/><E127/><V56/><F56/><W112/><G112/><T106/><D26/><U24/><E24/><V94/><F94/><W33/><G33/><T6/><D6/><U41/><E111/><N who="3" m="42506" /><G71/><T30/><D30/><U32/><E32/><V18/><F18/><W7/><G7/><T25/><D25/><U52/><E67/><V72/><F72/><W133/><G69/><T66/><D66/><U39/><E134/><V82/><F82/><W87/><G133/><T62/><D62/><AGARI ba="3,0" hai="39,41,47,52,58,62,132,135" m="30167,15403" machi="62" ten="30,3900,0" yaku="34,2,54,1" doraHai="34" who="1" fromWho="0" sc="115,-48,100,48,484,0,301,0" /><INIT seed="3,0,0,2,5,5" ten="67,148,484,301" oya="3" hai0="19,132,12,96,95,80,41,37,86,122,119,29,38" hai1="85,79,39,91,92,76,57,123,42,27,70,83,110" hai2="126,55,68,64,13,46,67,22,81,16,61,105,114" hai3="88,9,58,1,14,11,130,100,134,103,77,128,121"/><W23/><G121/><T10/><D119/><U69/><E123/><V120/><F105/><W15/><G1/><T6/><D122/><U2/><E2/><V127/><F120/><W129/><G77/><T78/><D132/><U26/><E110/><V48/><F114/><W33/><G33/><T109/><D109/><U124/><E124/><V73/><F67/><W21/><G58/><T82/><D29/><U74/><E79/><V98/><F98/><W31/><G31/><T51/><D80/><U101/><E57/><V44/><F73/><W20/><G88/><N who="0" m="55399" /><D19/><U56/><E56/><V54/><F81/><W75/><G75/><T60/><D60/><U7/><E7/><V131/><F131/><W116/><G134/><T35/><D35/><U0/><E0/><V25/><F25/><W63/><G63/><T71/><D71/><U45/><E27/><V30/><F30/><W66/><G66/><T104/><D104/><U34/><E34/><V117/><F117/><W28/><G28/><T17/><D17/><U102/><E26/><V93/><F93/><W47/><G116/><T65/><D65/><U52/><REACH who="1" step="1"/><E52/><REACH who="1" ten="67,138,484,301" step="2"/><V97/><F55/><W89/><G130/><T32/><D32/><U133/><E133/><V40/><F54/><W62/><G129/><T113/><D113/><U106/><E106/><V53/><F53/><W18/><G128/><T36/><D36/><U8/><E8/><V94/><F46/><AGARI ba="0,1" hai="6,10,12,37,38,41,46,51,78,82,86" m="55399" machi="46" ten="30,3900,0" yaku="25,1,52,1,54,1" doraHai="5" who="0" fromWho="2" sc="67,49,138,0,484,-39,301,0" /><INIT seed="4,0,0,5,1,10" ten="116,138,445,301" oya="0" hai0="96,92,46,35,73,130,2,19,49,88,48,42,74" hai1="56,41,15,38,87,25,67,134,28,116,22,71,91" hai2="101,83,132,127,54,12,79,27,117,84,97,110,102" hai3="5,57,24,52,98,107,123,103,113,112,114,36,80"/><T126/><D35/><U58/><E116/><V21/><F117/><W93/><G36/><T76/><D2/><U7/><E134/><V64/><F132/><W3/><G123/><T131/><D126/><U118/><E118/><V89/><F127/><W51/><G80/><T30/><D30/><U100/><E100/><V11/><F64/><W133/><G133/><T1/><D1/><U26/><E38/><V23/><F110/><W16/><G3/><T44/><D19/><U86/><E41/><V120/><F120/><W81/><G81/><T60/><D60/><U14/><E71/><V37/><F37/><W121/><G121/><T104/><D104/><U43/><E43/><V82/><F54/><W75/><G5/><T32/><D32/><U40/><E40/><V108/><F108/><W8/><G75/><T85/><D96/><U124/><E7/><V17/><F23/><N who="3" m="13415" /><G8/><T29/><D29/><U94/><E124/><V99/><F102/><W47/><G57/><N who="1" m="22122" /><E67/><V18/><REACH who="2" step="1"/><F101/><REACH who="2" ten="116,138,435,301" step="2"/><W105/><AGARI ba="0,1" hai="47,51,52,93,98,103,105,107,112,113,114" m="13415" machi="105" ten="40,5200,0" yaku="15,1,54,2" doraHai="10" who="3" fromWho="3" sc="116,-26,138,-13,435,-13,301,62" /><INIT seed="5,0,0,3,1,57" ten="90,125,422,363" oya="1" hai0="119,89,71,1,102,8,53,61,83,50,103,43,23" hai1="38,69,10,73,122,41,46,59,45,31,13,21,0" hai2="118,70,86,28,25,78,4,36,15,117,48,34,116" hai3="131,95,16,109,60,3,128,47,97,32,77,134,27"/><U101/><E122/><V130/><F36/><W55/><G3/><T26/><D119/><U93/><E73/><V80/><F70/><W9/><G109/><T126/><D126/><U108/><E108/><V22/><F130/><N who="3" m="49707" /><G77/><T33/><D33/><U58/><E69/><V39/><F39/><W111/><G134/><T106/><D106/><U110/><E0/><V84/><F84/><W132/><G132/><T120/><D120/><U52/><E110/><V51/><REACH who="2" step="1"/><F22/><REACH who="2" ten="90,125,412,363" step="2"/><W7/><G111/><T29/><D71/><U74/><E74/><V24/><F24/><W63/><G32/><T66/><D8/><AGARI ba="0,1" hai="4,8,15,25,28,34,48,51,78,80,86,116,117,118" machi="8" ten="40,2600,0" yaku="1,1,53,1" doraHai="57" doraHaiUra="72" who="2" fromWho="0" sc="90,-26,125,0,412,36,363,0" /><INIT seed="6,0,0,5,5,78" ten="64,125,448,363" oya="2" hai0="39,107,67,13,26,71,59,100,108,60,20,54,7" hai1="116,34,126,42,80,95,46,18,8,72,124,91,28" hai2="12,133,9,73,68,101,94,1,87,99,84,119,62" hai3="110,134,14,83,98,75,63,17,4,32,50,90,96"/><V127/><F119/><W121/><G110/><T61/><D108/><U130/><E116/><V122/><F73/><W115/><G32/><T89/><D100/><U3/><E34/><V65/><F1/><W66/><G134/><T114/><D107/><U56/><E28/><V21/><F122/><W70/><G4/><T5/><D114/><U36/><E130/><V38/><F38/><W97/><G121/><T125/><D13/><U92/><E56/><V85/><F133/><W105/><G115/><T15/><D15/><U10/><E18/><V45/><F21/><W55/><G105/><T64/><D125/><U77/><E10/><V57/><F127/><N who="1" m="48681" /><E91/><V113/><F113/><W112/><G112/><T69/><D89/><U86/><E86/><V128/><F128/><W88/><G75/><T58/><D39/><U25/><E25/><V41/><F68/><W120/><G120/><T111/><D111/><U0/><E0/><V6/><F45/><W106/><G106/><T131/><D131/><U79/><E79/><V49/><F49/><W123/><G123/><T33/><D33/><U2/><E2/><V48/><F48/><W47/><REACH who="3" step="1"/><G83/><REACH who="3" ten="64,125,448,353" step="2"/><T24/><REACH who="0" step="1"/><D54/><REACH who="0" ten="54,125,448,353" step="2"/><U27/><E27/><V23/><F23/><AGARI ba="0,2" hai="14,17,23,47,50,55,63,66,70,88,90,96,97,98" machi="23" ten="40,5200,0" yaku="1,1,2,1,54,1,53,0" doraHai="78" doraHaiUra="109" who="3" fromWho="2" sc="54,0,125,0,448,-52,353,72" /><AGARI ba="0,0" hai="5,7,20,23,24,26,58,59,60,61,64,67,69,71" machi="23" ten="25,6400,0" yaku="1,1,2,1,22,2,53,0" doraHai="78" doraHaiUra="109" who="0" fromWho="2" sc="54,64,125,0,396,-64,425,0" /><INIT seed="7,0,0,0,4,0" ten="118,125,332,425" oya="3" hai0="45,70,105,113,35,58,134,7,39,18,129,65,112" hai1="23,10,25,62,77,11,76,132,53,93,26,3,101" hai2="99,57,131,42,20,49,78,116,98,71,133,79,34" hai3="31,17,50,109,54,72,94,100,122,63,107,117,55"/><W126/><G126/><T27/><D105/><U83/><E132/><V121/><F133/><W64/><G117/><T44/><D7/><U13/><E3/><V89/><F34/><W6/><G122/><T52/><D134/><U69/><E69/><V87/><F71/><W84/><G109/><T22/><D35/><U66/><E66/><V32/><F32/><W80/><G72/><T95/><D65/><U73/><E76/><V123/><F131/><W51/><G17/><T38/><D70/><U104/><E104/><V82/><F116/><W108/><G51/><T15/><D129/><U59/><E13/><V8/><F20/><W36/><G94/><T30/><D39/><U29/><REACH who="1" step="1"/><E26/><REACH who="1" ten="118,115,332,425" step="2"/><V124/><F124/><W43/><G107/><T81/><D38/><U97/><AGARI ba="0,1" hai="10,11,23,25,29,53,59,62,73,77,83,93,97,101" machi="97" ten="30,4000,0" yaku="1,1,2,1,0,1,53,0" doraHai="0" doraHaiUra="41" who="1" fromWho="1" sc="118,-10,115,50,332,-10,425,-20" owari="108,-39.0,165,-23.0,322,12.0,405,50.0" /></mjloggm>