<mjloggm ver="2.3"><GO type="41" lobby="0"/><UN n0="%E2%93%9D%53%75%70%68%78" n1="%E3%83%A4%E3%83%89%E3%83%B3%E3%83%91%E3%83%A9%E3%83%80%E3%82%A4%E3%82%B9" n2="%E3%81%95%E3%82%93%E3%81%8D%E3%81%A3%E3%81%A1%E3%82%83%E3%82%93" n3="%E3%81%AE%E3%82%89%E3%81%BC%E3%81%86" dan="18,14,13,14" rate="2115.87,1937.21,1846.64,1872.52" sx="M,M,M,M"/><TAIKYOKU oya="0"/><INIT seed="0,0,0,0,3,23" ten="250,250,250,250" oya="0" hai0="34,96,123,66,13,0,70,110,124,135,49,73,95" hai1="125,51,116,18,46,78,47,33,132,31,97,6,55" hai2="109,1,99,62,106,127,50,105,10,11,88,94,83" hai3="68,84,120,69,87,85,80,8,61,15,118,5,12"/><T3/><D123/><U113/><E116/><V126/><F1/><W67/><G118/><T92/><D73/><U82/><E125/><N who="2" m="47627" /><F109/><W74/><G120/><T91/><D124/><U53/><E132/><V22/><F62/><W93/><G93/><T115/><D34/><U41/><E18/><V75/><F75/><W63/><G74/><T89/><D115/><U81/><E6/><V48/><F83/><W60/><G80/><T45/><D135/><U29/><E29/><V79/><F79/><W121/><G121/><T56/><D70/><U98/><E113/><V58/><F22/><W65/><REACH who="3" step="1"/><G60/><REACH who="3" ten="250,250,250,240" step="2"/><T38/><D95/><U77/><E82/><V90/><F106/><W21/><G21/><T111/><D111/><U2/><E81/><V59/><F105/><W40/><G40/><T16/><D110/><U129/><E41/><V71/><F11/><W52/><G52/><N who="0" m="29743" /><D92/><U27/><E77/><V114/><F94/><W14/><AGARI ba="0,1" hai="5,8,12,14,15,61,63,65,67,68,69,84,85,87" machi="14" ten="30,4000,0" yaku="1,1,0,1,9,1,53,0" doraHai="23" doraHaiUra="117" who="3" fromWho="3" sc="250,-20,250,-10,250,-10,240,50" /><INIT seed="1,0,0,4,4,92" ten="230,240,240,290" oya="1" hai0="40,59,99,124,86,122,67,98,111,29,35,91,114" hai1="11,90,39,51,107,84,70,102,109,13,94,105,33" hai2="26,117,42,5,78,106,64,113,15,10,30,134,85" hai3="8,71,115,48,119,38,61,96,127,25,128,50,9"/><U45/><E109/><V121/><F117/><W118/><G115/><T76/><D114/><U24/><E70/><V32/><F121/><W41/><G127/><T60/><D124/><U97/><E39/><V131/><F106/><W123/><G123/><T20/><D35/><U82/><E24/><V77/><F134/><W12/><G128/><T2/><D2/><U37/><E37/><V132/><F131/><W73/><G73/><T125/><D122/><U0/><E0/><V101/><F132/><W75/><G75/><T6/><D40/><U47/><E47/><V54/><F42/><W43/><G38/><T1/><D76/><U68/><E68/><V27/><F64/><W110/><G25/><N who="0" m="16551" /><D1/><U19/><REACH who="1" step="1"/><E33/><REACH who="1" ten="230,230,240,290" step="2"/><V57/><F113/><W18/><G71/><T22/><D125/><U31/><E31/><V89/><F27/><W58/><G110/><T72/><D111/><U95/><E95/><V69/><F69/><W83/><G119/><T66/><D59/><U63/><E63/><V80/><F101/><W87/><G58/><T104/><D60/><AGARI ba="0,1" hai="5,10,15,26,30,32,54,57,60,77,78,80,85,89" machi="60" ten="30,1000,0" yaku="7,1" doraHai="92" who="2" fromWho="0" sc="230,-10,230,0,240,20,290,0" /><INIT seed="2,0,0,4,3,133" ten="220,230,260,290" oya="2" hai0="45,124,31,47,118,60,27,68,128,106,112,0,135" hai1="126,34,53,83,69,50,115,71,134,80,2,78,40" hai2="110,99,76,14,119,5,29,120,113,41,72,28,90" hai3="35,61,74,109,39,67,33,18,70,127,98,36,94"/><V100/><F120/><W4/><G109/><T89/><D128/><U44/><E115/><V22/><F113/><W66/><G74/><T7/><D112/><U107/><E134/><V10/><F119/><W19/><G4/><T1/><D135/><U79/><E34/><V3/><F41/><W23/><G23/><T87/><D106/><U96/><E2/><V95/><F110/><W48/><G48/><T26/><D60/><U111/><E111/><V75/><F76/><W49/><G49/><T56/><D56/><U37/><E126/><V32/><F29/><W59/><G59/><T63/><D63/><U57/><E107/><V103/><F75/><W12/><G61/><T132/><D31/><U15/><E15/><V91/><F72/><W73/><G73/><T93/><D68/><U62/><E96/><V11/><F91/><W117/><G117/><T46/><D132/><U8/><E8/><V92/><F92/><W82/><G94/><T121/><D121/><U116/><E116/><V25/><F11/><W16/><G70/><T86/><D118/><U54/><E80/><V105/><F105/><W102/><G82/><T30/><D93/><U131/><E131/><V9/><REACH who="2" step="1"/><F9/><REACH who="2" ten="220,230,250,290" step="2"/><W114/><G114/><T58/><D89/><U55/><E79/><V97/><F97/><W6/><G98/><T42/><D42/><U21/><E40/><V129/><F129/><W88/><G88/><T123/><D123/><U108/><E108/><V101/><F101/><W64/><G102/><T13/><D30/><U17/><E78/><V65/><F65/><W122/><G122/><RYUUKYOKU ba="0,1" sc="220,-10,230,-10,250,30,290,-10" hai2="3,5,10,14,22,25,28,32,90,95,99,100,103" /><INIT seed="2,1,1,4,0,34" ten="210,220,280,280" oya="2" hai0="61,88,54,5,106,117,40,97,98,45,37,7,134" hai1="36,70,26,92,23,69,32,133,135,51,96,9,15" hai2="60,2,71,113,20,84,67,89,94,8,3,91,104" hai3="72,118,14,10,119,29,43,77,100,31,52,124,64"/><V42/><F113/><W56/><G124/><T122/><D122/><U50/><E36/><V75/><F75/><W102/><G43/><T83/><D134/><N who="1" m="51211" /><E32/><V121/><F104/><W55/><G72/><T108/><D108/><U41/><E51/><V107/><F121/><W16/><G77/><T112/><D112/><U129/><E129/><V99/><F107/><W74/><G74/><T87/><D117/><U25/><E50/><V21/><F8/><W33/><G119/><T19/><D19/><N who="1" m="8687" /><E41/><V95/><REACH who="2" step="1"/><F42/><REACH who="2" ten="210,220,270,280" step="2"/><W38/><G118/><T39/><D106/><U4/><E4/><V127/><F127/><W73/><G73/><T0/><D39/><U65/><E69/><V44/><F44/><W79/><G38/><T22/><D7/><U53/><E70/><V57/><F57/><W101/><G56/><T90/><D45/><U81/><E26/><V85/><F85/><W28/><G33/><T116/><D116/><U76/><E25/><V120/><F120/><W6/><G10/><T78/><D40/><U12/><E12/><V126/><F126/><W68/><G6/><T82/><D5/><U49/><E65/><V24/><F24/><W17/><G68/><T131/><D37/><U47/><E47/><V59/><F59/><W35/><G64/><T58/><D58/><U128/><E128/><V80/><F80/><W30/><G35/><T66/><D131/><U111/><E81/><V123/><F123/><W110/><G14/><T109/><D83/><U27/><E27/><V86/><F86/><W114/><G114/><T62/><D82/><U105/><E105/><RYUUKYOKU ba="1,2" sc="210,-10,220,-10,270,30,280,-10" hai2="2,3,20,21,60,67,71,84,89,91,94,95,99" /><INIT seed="2,2,2,1,1,30" ten="200,210,300,270" oya="2" hai0="33,27,9,73,68,131,133,62,51,58,43,92,70" hai1="29,91,0,2,113,46,105,83,80,106,39,115,61" hai2="53,93,103,125,55,37,24,7,25,101,81,67,49" hai3="50,63,100,42,13,48,121,118,35,84,123,36,65"/><V126/><F126/><W57/><G118/><T11/><D73/><U76/><E39/><V23/><F23/><W54/><G36/><T1/><D131/><U114/><E46/><V66/><F66/><W59/><G35/><T87/><D133/><U134/><E134/><V120/><F120/><W16/><G100/><T112/><D112/><U116/><E116/><V3/><F3/><W130/><G130/><T74/><D74/><U78/><E29/><V102/><F102/><W44/><REACH who="3" step="1"/><G84/><REACH who="3" ten="200,210,300,260" step="2"/><T110/><D87/><U108/><E114/><V28/><F28/><W64/><G64/><T4/><D33/><U31/><E113/><V107/><F107/><W34/><G34/><T20/><D70/><U98/><E115/><V117/><F117/><W17/><G17/><T60/><D68/><U79/><E106/><V95/><F95/><W5/><G5/><T135/><D135/><U69/><E69/><V127/><F127/><W97/><G97/><T12/><D92/><U19/><E98/><V47/><F47/><W72/><G72/><T119/><D119/><U8/><E105/><V122/><F122/><W96/><G96/><T32/><D32/><U18/><E18/><V71/><F71/><W75/><G75/><T77/><D4/><U21/><E19/><V85/><F85/><W109/><G109/><T132/><D132/><U14/><E108/><V38/><F38/><W6/><G6/><T90/><D110/><U26/><E31/><V89/><F89/><W94/><G94/><T15/><D90/><U82/><E91/><V99/><F99/><W56/><G56/><RYUUKYOKU ba="2,3" sc="200,-10,210,-10,300,-10,260,30" hai3="13,16,42,44,48,50,54,57,59,63,65,121,123" /><INIT seed="3,3,3,5,2,133" ten="190,200,290,290" oya="3" hai0="115,110,42,35,17,0,67,59,55,95,101,4,20" hai1="78,54,39,60,114,103,44,129,9,134,23,34,46" hai2="126,19,33,88,18,70,135,38,111,116,21,51,28" hai3="81,107,45,26,85,87,72,22,30,73,10,99,6"/><W15/><G45/><T79/><D35/><U64/><E34/><V122/><F122/><W130/><G130/><T89/><D115/><U98/><E114/><V57/><F57/><W40/><G40/><T125/><D110/><U94/><E134/><V12/><F12/><W37/><G37/><T96/><D79/><U108/><E108/><V93/><F93/><W2/><G87/><T24/><D67/><U63/><E39/><V90/><F90/><W86/><G86/><T120/><D120/><U102/><E102/><V58/><F58/><W53/><G53/><T25/><D42/><U75/><E129/><V92/><F92/><W83/><G83/><T52/><D125/><U1/><E75/><V100/><F100/><W69/><G69/><T27/><D55/><U65/><E78/><V128/><F128/><W113/><G113/><T91/><D4/><U119/><E119/><V36/><F36/><W71/><G71/><T104/><D0/><U14/><E23/><V66/><F66/><N who="1" m="25705" /><E1/><V8/><F8/><W84/><G84/><T74/><D74/><U127/><E127/><V121/><F121/><W13/><G13/><N who="0" m="9263" /><D104/><U49/><E46/><V117/><F117/><W62/><G62/><AGARI ba="3,3" hai="24,25,27,52,59,62,89,91,95,96,101" m="9263" machi="62" ten="30,2000,0" yaku="8,1,54,1" doraHai="133" who="0" fromWho="3" sc="190,59,200,0,290,0,290,-29" /><INIT seed="4,0,0,4,5,56" ten="249,200,290,261" oya="0" hai0="48,73,46,105,101,26,118,55,61,45,53,32,103" hai1="38,12,121,83,75,65,43,63,77,33,131,28,128" hai2="19,15,100,30,84,16,36,8,110,49,35,130,60" hai3="13,96,52,132,25,104,71,58,86,111,120,27,11"/><T59/><D118/><U62/><E121/><V2/><F2/><W44/><G111/><T89/><D73/><U93/><E65/><V107/><F107/><W125/><G120/><T135/><D135/><U68/><E68/><V66/><F66/><W57/><G132/><T106/><D89/><U31/><E12/><V3/><F3/><W17/><G71/><T90/><D90/><U1/><E1/><V51/><F51/><W127/><G104/><T5/><D5/><U113/><E113/><V92/><F92/><W47/><G96/><T99/><D46/><N who="1" m="23927" /><E93/><V9/><F9/><W94/><G94/><T64/><D32/><U116/><E116/><V133/><F133/><W42/><G86/><T70/><D26/><N who="1" m="18583" /><E31/><V117/><F117/><W88/><G88/><T102/><REACH who="0" step="1"/><D106/><REACH who="0" ten="239,200,290,261" step="2"/><U78/><E78/><V124/><F124/><W108/><G108/><T123/><D123/><U67/><E67/><V18/><F18/><W79/><G127/><T34/><D34/><U29/><E29/><V50/><F50/><AGARI ba="0,1" hai="45,48,50,53,55,59,61,64,70,99,101,102,103,105" machi="50" ten="30,5800,0" yaku="1,1,7,1,52,1,53,0" doraHai="56" doraHaiUra="20" who="0" fromWho="2" sc="239,68,200,0,290,-58,261,0" /><INIT seed="4,1,0,0,3,16" ten="307,200,232,261" oya="0" hai0="109,39,96,131,125,103,44,34,87,47,37,127,119" hai1="22,56,82,114,14,55,100,102,93,72,6,63,120" hai2="92,3,110,9,26,0,104,99,77,42,27,105,12" hai3="78,49,123,124,118,36,54,25,67,2,20,106,128"/><T30/><D119/><U122/><E114/><V89/><F89/><W115/><G118/><T48/><D87/><U59/><E6/><V17/><F17/><W40/><G2/><T126/><D131/><U28/><E72/><V69/><F69/><W75/><G115/><T60/><D109/><U35/><E35/><V50/><F50/><W83/><G128/><T91/><D91/><U81/><E120/><V98/><F98/><W86/><G123/><T18/><D60/><U71/><E71/><V10/><F10/><W43/><G124/><T8/><D30/><U94/><E59/><V121/><F121/><W33/><G33/><T133/><D133/><U107/><E107/><V23/><F23/><W130/><G130/><T135/><D135/><U84/><E82/><V41/><F41/><W79/><G106/><N who="0" m="63847" /><D34/><U132/><E132/><V70/><F70/><W74/><G67/><T51/><D18/><N who="1" m="10583" /><E28/><V116/><F116/><W65/><G65/><T66/><D8/><U21/><E21/><V46/><F46/><N who="0" m="17450" /><D66/><U32/><E32/><V11/><F11/><W1/><G1/><T117/><D117/><U68/><E68/><V53/><F53/><W52/><G36/><AGARI ba="1,0" hai="36,37,39,48,51,125,126,127" m="17450,63847" machi="36" ten="40,2000,0" yaku="18,1" doraHai="16" who="0" fromWho="3" sc="307,23,200,0,232,0,261,-23" /><INIT seed="4,2,0,4,1,8" ten="330,200,232,238" oya="0" hai0="84,10,12,6,113,94,133,62,22,25,63,79,88" hai1="26,100,124,68,135,44,3,16,21,34,134,98,18" hai2="48,47,129,15,31,24,73,87,121,60,11,90,2" hai3="58,102,5,120,80,17,23,104,53,50,97,74,115"/><T118/><D113/><U49/><E3/><V69/><F69/><W71/><G115/><T126/><D118/><U1/><E68/><V51/><F51/><W72/><G120/><T59/><D126/><U114/><E124/><V9/><F9/><W0/><G71/><T66/><D133/><N who="1" m="50699" /><E1/><V123/><F123/><W131/><G131/><T127/><D127/><U107/><E34/><V42/><F42/><W14/><G0/><T57/><D79/><U28/><E114/><V36/><F36/><W30/><G5/><T91/><D91/><U35/><E35/><V77/><F77/><W41/><G30/><T122/><D122/><U67/><E67/><V7/><F7/><W4/><G4/><T111/><D111/><U29/><E29/><V40/><F40/><AGARI ba="2,0" hai="16,18,21,26,28,40,44,49,98,100,107" m="50699" machi="40" ten="30,2000,0" yaku="20,1,54,1" doraHai="8" who="1" fromWho="2" sc="330,0,200,26,232,-26,238,0" /><INIT seed="5,0,0,3,1,23" ten="330,226,206,238" oya="1" hai0="135,37,6,122,57,74,19,134,104,84,31,56,92" hai1="116,64,50,118,131,115,15,34,96,46,20,94,108" hai2="107,129,114,17,49,42,41,70,11,62,10,128,39" hai3="2,71,30,82,123,29,69,24,33,1,25,26,112"/><U127/><E34/><V47/><F47/><W53/><G123/><T3/><D104/><U77/><E115/><V61/><F61/><W95/><G112/><T124/><D124/><U130/><E127/><V14/><F14/><W36/><G36/><T132/><D74/><U32/><E32/><V16/><F16/><W83/><G95/><T75/><D75/><U79/><E64/><V18/><F18/><W93/><G93/><T67/><D31/><N who="3" m="11785" /><G33/><T72/><D72/><U126/><E126/><V45/><F45/><W99/><G53/><T113/><D122/><U4/><E108/><V87/><F87/><W63/><G63/><T80/><D92/><U97/><E97/><V110/><F110/><W5/><G5/><T109/><D109/><U76/><E4/><V65/><F65/><W59/><G59/><T44/><D67/><U8/><E20/><V51/><F51/><W105/><G99/><T48/><D37/><U103/><E15/><V55/><F55/><W68/><G105/><T60/><D113/><U119/><REACH who="1" step="1"/><E8/><REACH who="1" ten="330,216,206,238" step="2"/><V89/><F89/><W0/><AGARI ba="0,1" hai="0,1,2,24,25,26,68,69,71,82,83" m="11785" machi="0" ten="50,12000,2" yaku="29,2,28,2,52,3" doraHai="23" who="3" fromWho="3" sc="330,-30,216,-60,206,-30,238,130" /><INIT seed="6,0,0,5,1,1" ten="300,156,176,368" oya="2" hai0="92,121,135,38,58,73,86,90,52,19,124,62,96" hai1="34,65,50,107,5,81,4,108,87,57,115,130,3" hai2="30,64,10,9,22,29,2,18,12,54,23,89,112" hai3="15,53,46,97,82,104,63,43,102,83,71,119,111"/><V31/><F31/><W98/><G111/><T11/><D121/><U126/><E108/><V103/><F103/><W113/><G119/><T56/><D73/><U40/><E115/><V48/><F48/><W25/><G113/><T117/><D135/><U61/><E126/><V67/><F67/><W99/><G104/><T76/><D38/><U60/><E130/><V44/><F44/><W118/><G118/><T49/><D124/><U85/><E3/><V94/><F94/><W77/><G102/><T39/><D39/><U55/><E34/><V79/><F79/><W129/><G129/><T13/><D117/><U122/><E107/><V51/><F51/><W100/><G100/><T74/><D74/><U17/><E122/><V59/><F59/><W72/><G83/><T68/><D68/><U26/><E40/><V84/><F84/><N who="1" m="32329" /><E81/><V114/><F114/><W33/><G15/><T132/><D132/><U78/><E78/><V16/><F16/><W131/><G131/><T109/><D109/><U36/><E36/><V70/><F70/><W35/><G25/><T27/><D27/><U20/><E61/><V24/><F24/><W47/><G47/><AGARI ba="0,0" hai="4,5,17,20,26,47,50,55,57,60,65" m="32329" machi="47" ten="30,3900,0" yaku="8,1,52,2" doraHai="1" who="1" fromWho="3" sc="300,0,156,39,176,0,368,-39" /><INIT seed="7,0,0,0,3,79" ten="300,195,176,329" oya="3" hai0="83,70,22,67,118,111,121,6,1,110,60,9,77" hai1="12,95,51,90,69,27,66,54,106,11,17,86,87" hai2="93,15,21,31,81,48,85,108,33,109,52,72,91" hai3="39,97,123,100,73,57,127,28,107,56,59,24,47"/><W38/><G123/><T126/><D121/><U130/><E106/><V122/><F122/><W96/><G127/><T105/><D126/><U4/><E66/><V116/><F116/><W26/><G73/><T89/><D118/><U14/><E69/><V3/><F3/><W49/><G96/><T82/><D105/><U19/><E27/><V34/><F34/><W114/><G114/><T13/><D89/><U8/><E87/><V98/><F98/><W132/><G132/><T71/><D71/><U104/><E130/><V113/><F113/><W119/><G119/><T88/><D88/><U75/><E104/><V61/><F61/><W2/><G2/><T68/><D68/><U35/><E35/><V80/><F80/><W40/><REACH who="3" step="1"/><G24/><REACH who="3" ten="300,195,176,319" step="2"/><T117/><D117/><U46/><E75/><V74/><F74/><W30/><G30/><T62/><D1/><U36/><E36/><V92/><F92/><W20/><AGARI ba="0,1" hai="20,26,28,38,39,40,47,49,56,57,59,97,100,107" machi="20" ten="30,3000,0" yaku="1,1,0,1,53,0" doraHai="79" doraHaiUra="124" who="3" fromWho="3" sc="300,-10,195,-10,176,-10,319,40" owari="290,9.0,185,-21.0,166,-33.0,359,45.0" /></mjloggm>