<mjloggm ver="2.3"><GO type="41" lobby="0"/><UN n0="%79%75%6B%69" n1="%E3%83%98%E3%83%AA%E3%82%B3%E3%83%90%E3%82%AF%E3%82%BF%E3%83%BC%50" n2="%E2%93%9D%53%75%70%68%78" n3="%E3%81%86%E3%81%9F%E3%81%BE%E3%82%8B%31%33%32%36" dan="14,14,18,14" rate="1852.80,1911.14,2137.23,1911.26" sx="M,M,M,M"/><TAIKYOKU oya="0"/><INIT seed="0,0,0,5,3,17" ten="250,250,250,250" oya="0" hai0="115,73,109,8,32,98,38,68,86,49,24,84,19" hai1="66,89,92,77,51,126,85,105,111,99,96,10,76" hai2="103,9,45,97,22,7,50,23,29,91,25,63,36" hai3="108,12,59,129,101,134,60,133,37,79,122,62,88"/><T87/><D38/><U16/><E66/><V113/><F36/><W21/><G37/><T1/><D68/><U28/><E28/><V82/><F113/><W39/><G39/><T67/><D67/><U52/><E126/><V54/><F63/><W94/><G79/><N who="1" m="30282" /><E105/><V58/><F58/><W43/><G43/><T13/><D115/><U48/><E48/><V3/><F91/><W6/><G101/><T83/><D73/><U40/><E40/><V42/><F82/><W18/><G6/><T70/><D70/><U53/><E111/><V27/><F42/><W117/><G117/><T33/><D49/><U41/><E41/><V120/><F120/><W131/><G108/><T112/><D109/><U135/><E135/><N who="3" m="51722" /><G122/><T15/><D1/><U80/><E92/><V118/><F118/><W127/><G127/><T46/><D46/><N who="1" m="27767" /><E53/><V4/><F4/><W0/><G0/><T35/><D112/><U72/><E72/><V121/><F121/><W57/><G57/><T90/><D98/><U95/><E95/><V65/><F65/><N who="3" m="39071" /><G62/><T128/><D86/><AGARI ba="0,0" hai="12,18,21,86,88,94,129,131" m="39071,51722" machi="86" ten="30,3900,0" yaku="20,1,52,1,54,1" doraHai="17" who="3" fromWho="0" sc="250,-39,250,0,250,0,250,39" /><INIT seed="1,0,0,3,3,135" ten="211,250,250,289" oya="1" hai0="121,11,108,22,52,58,98,93,101,49,67,120,36" hai1="0,60,71,110,97,40,23,42,35,4,41,117,99" hai2="28,12,53,114,88,96,54,10,50,46,126,44,118" hai3="24,87,16,18,45,29,64,75,84,57,91,130,122"/><U65/><E35/><V2/><F118/><W115/><G122/><N who="0" m="47211" /><D36/><U129/><E117/><V132/><F132/><W124/><G115/><T13/><D108/><U109/><E129/><V62/><F2/><W5/><G75/><T38/><D38/><U81/><E81/><V9/><F28/><W116/><G5/><N who="0" m="3311" /><D22/><U48/><E48/><V61/><F114/><W76/><G45/><T90/><D67/><U104/><E23/><V134/><F134/><W43/><G43/><T39/><D39/><U111/><REACH who="1" step="1"/><E104/><REACH who="1" ten="211,240,250,289" step="2"/><V30/><F50/><W25/><G116/><T37/><D37/><U89/><E89/><AGARI ba="0,1" hai="49,52,58,89,90,93,98,101" m="3311,47211" machi="89" ten="30,2000,0" yaku="13,1,54,1" doraHai="135" who="0" fromWho="1" sc="211,30,240,-20,250,0,289,0" /><INIT seed="2,0,0,3,1,60" ten="241,220,250,289" oya="2" hai0="100,37,10,64,15,106,28,69,121,14,26,67,56" hai1="3,129,17,75,35,96,97,65,51,71,91,76,134" hai2="125,22,49,20,127,112,126,122,8,34,41,74,47" hai3="83,87,120,81,114,92,131,16,78,32,29,18,23"/><V4/><F122/><W27/><G120/><T90/><D37/><U110/><E3/><V46/><F112/><W11/><G114/><T2/><D121/><U9/><E35/><V61/><F34/><W57/><G131/><T128/><D128/><U104/><E129/><V30/><F74/><W101/><G11/><T42/><D42/><U62/><E110/><V33/><F47/><W44/><G44/><T70/><D56/><U24/><E134/><V111/><F111/><W58/><G83/><T113/><D2/><U89/><E76/><V5/><F5/><W6/><G6/><T63/><D113/><U66/><E75/><V95/><F95/><W68/><G68/><T119/><D10/><U88/><E51/><V124/><N who="2" m="32000" /><DORA hai="43" /><V59/><F30/><W79/><G79/><T52/><D90/><U108/><E108/><V25/><F25/><W93/><G18/><T55/><D119/><U85/><E66/><N who="2" m="39231" /><F33/><W130/><G130/><T38/><D38/><U12/><E24/><V1/><AGARI ba="0,0" hai="1,4,8,20,22,41,46,49" m="39231,32000" machi="1" ten="60,11700,0" yaku="18,1,52,2" doraHai="60,43" who="2" fromWho="2" sc="241,-39,220,-39,250,117,289,-39" /><INIT seed="2,1,0,3,1,80" ten="202,181,367,250" oya="2" hai0="104,131,93,66,10,42,120,24,71,107,118,48,87" hai1="130,101,122,7,46,91,133,76,114,84,57,94,105" hai2="134,22,58,109,12,14,39,98,113,53,125,96,81" hai3="135,36,18,78,99,103,35,70,97,62,111,132,2"/><V89/><F113/><W9/><G36/><T68/><D131/><U73/><E7/><V5/><F134/><W30/><G78/><T102/><D120/><U37/><E37/><V44/><F125/><W55/><G111/><T127/><D127/><U50/><E57/><V65/><F65/><W33/><G99/><T54/><D24/><U45/><E45/><V19/><F109/><W41/><G41/><T6/><D42/><U74/><E50/><V0/><F0/><W110/><G55/><T90/><D118/><U4/><E4/><V115/><F115/><W100/><G100/><T25/><D25/><U40/><E46/><V129/><F129/><W77/><G77/><T51/><D51/><U13/><E13/><V32/><F32/><W121/><G18/><T60/><D71/><U28/><E28/><V27/><F44/><W63/><G121/><T23/><D102/><U11/><E11/><N who="2" m="4207" /><F14/><W79/><G70/><T112/><D23/><U56/><E56/><V3/><F3/><W88/><G2/><T85/><D112/><U108/><E40/><V86/><F39/><W64/><G110/><T34/><D34/><U69/><E69/><V29/><F29/><W126/><G126/><T49/><D49/><AGARI ba="1,0" hai="19,22,27,49,53,58,81,86,89,96,98" m="4207" machi="49" ten="30,2900,0" yaku="8,1,52,1" doraHai="80" who="2" fromWho="0" sc="202,-32,181,0,367,32,250,0" /><INIT seed="2,2,0,4,2,45" ten="170,181,399,250" oya="2" hai0="124,34,118,17,39,119,120,71,18,128,25,48,2" hai1="81,44,135,62,126,123,0,86,74,93,54,122,105" hai2="14,31,121,108,87,85,21,61,109,47,111,27,35" hai3="132,5,106,63,6,72,129,10,104,133,89,88,42"/><V130/><F121/><N who="1" m="46089" /><E0/><V98/><F130/><W64/><G72/><T49/><D39/><U4/><E4/><V30/><F98/><W115/><G42/><T100/><D120/><U1/><E1/><V80/><F61/><W82/><G10/><T50/><D128/><U22/><E22/><V16/><F31/><W97/><G82/><T94/><D124/><U51/><E105/><V90/><F47/><W43/><G43/><T38/><D71/><U3/><E3/><V32/><F87/><W33/><G64/><T117/><D38/><U8/><E8/><AGARI ba="2,0" hai="8,14,16,21,27,30,32,35,80,85,90,108,109,111" machi="8" ten="40,7700,0" yaku="14,1,10,1,54,1" doraHai="45" who="2" fromWho="1" sc="170,0,181,-83,399,83,250,0" /><INIT seed="2,3,0,2,3,51" ten="170,98,482,250" oya="2" hai0="69,46,88,127,119,35,9,32,106,4,39,135,105" hai1="76,25,110,18,3,31,10,11,99,80,126,22,116" hai2="86,19,100,45,23,133,47,104,109,21,73,113,129" hai3="13,63,40,42,72,83,91,20,78,95,71,131,56"/><V24/><F113/><W5/><G71/><T108/><D108/><U125/><E99/><V12/><F129/><W84/><G131/><T2/><D69/><U96/><E96/><V16/><F73/><W34/><G34/><T26/><D135/><U77/><E76/><V89/><F133/><W111/><G111/><T44/><D127/><U70/><E70/><V62/><F109/><W118/><G118/><T124/><D124/><N who="1" m="47723" /><E80/><V103/><F62/><W49/><G5/><T43/><D119/><U92/><E92/><V74/><F74/><W128/><G128/><T17/><D46/><N who="2" m="17418" /><F104/><W8/><G8/><N who="1" m="3114" /><E77/><V81/><AGARI ba="3,0" hai="12,16,19,21,23,24,81,86,89,100,103" m="17418" machi="81" ten="30,3000,0" yaku="8,1,54,1" doraHai="51" who="2" fromWho="2" sc="170,-13,98,-13,482,39,250,-13" /><INIT seed="2,4,0,3,4,88" ten="157,85,521,237" oya="2" hai0="121,133,11,94,129,68,35,18,48,92,120,30,85" hai1="109,110,14,61,17,8,105,126,79,63,112,24,50" hai2="52,66,87,73,99,69,130,4,28,102,42,3,40" hai3="97,23,90,103,19,38,114,89,49,36,20,67,34"/><V122/><F122/><W59/><G34/><T98/><D68/><U82/><E105/><V124/><F124/><W104/><G36/><T119/><D119/><U131/><E126/><V132/><F132/><W22/><G38/><T46/><D133/><U128/><E82/><V39/><F130/><N who="1" m="49705" /><E79/><V56/><F73/><W117/><G117/><T25/><D129/><U116/><E50/><V115/><F115/><W41/><G114/><T15/><D85/><U29/><E63/><V78/><F28/><W86/><G90/><T107/><D107/><U123/><E61/><V43/><F66/><W108/><G41/><T101/><REACH who="0" step="1"/><D94/><REACH who="0" ten="147,85,521,237" step="2"/><U21/><E116/><V10/><F69/><W65/><G108/><N who="1" m="41578" /><E112/><V51/><F39/><W16/><G104/><T37/><D37/><U44/><E44/><V12/><F87/><W106/><G59/><T26/><D26/><U96/><E96/><V5/><F99/><W64/><REACH who="3" step="1"/><G49/><REACH who="3" ten="147,85,521,227" step="2"/><T91/><D91/><U72/><E72/><V75/><F75/><W27/><G27/><T2/><D2/><U81/><E81/><AGARI ba="4,2" hai="16,19,20,22,23,64,65,67,81,86,89,97,103,106" machi="81" ten="40,2600,0" yaku="1,1,54,1,53,0" doraHai="88" doraHaiUra="74" who="3" fromWho="1" sc="147,0,85,-38,521,0,227,58" /><INIT seed="3,0,0,4,3,28" ten="147,47,521,285" oya="3" hai0="133,55,71,117,21,92,14,122,97,110,27,95,68" hai1="126,63,56,48,108,4,106,10,114,25,81,100,99" hai2="85,107,88,79,33,69,53,118,65,37,109,87,91" hai3="38,9,26,119,90,116,6,72,89,121,36,104,128"/><W12/><G121/><T35/><D122/><U32/><E48/><V76/><F33/><W66/><G104/><T60/><D117/><U131/><E56/><V7/><F69/><W18/><G72/><T50/><D110/><U59/><E59/><V13/><F65/><W42/><G66/><T5/><D60/><U61/><E61/><V15/><F7/><W130/><G26/><T98/><D133/><U46/><E108/><V103/><F103/><W62/><G62/><T11/><D97/><U47/><E47/><V115/><F115/><W84/><G6/><T77/><D95/><U125/><E114/><V111/><F37/><W3/><G3/><T40/><D77/><U39/><E131/><N who="3" m="50218" /><G90/><T96/><D96/><U105/><E105/><V24/><F24/><W20/><G9/><T83/><D83/><U54/><E54/><V134/><F107/><W41/><G36/><T19/><D40/><N who="3" m="15465" /><G38/><T64/><D64/><U129/><E129/><V73/><F73/><W112/><G112/><T67/><D67/><U113/><E63/><V120/><F120/><W70/><G70/><T135/><D135/><U124/><E81/><AGARI ba="0,0" hai="12,18,20,81,84,89,116,119" m="15465,50218" machi="81" ten="30,1500,0" yaku="19,1" doraHai="28" who="3" fromWho="1" sc="147,0,47,-15,521,0,285,15" /><INIT seed="3,1,0,0,1,50" ten="147,32,521,300" oya="3" hai0="127,92,93,0,64,95,69,84,97,38,117,10,35" hai1="58,17,103,14,122,49,96,113,33,1,36,66,116" hai2="53,104,23,83,19,125,99,134,82,115,91,29,42" hai3="70,34,79,126,131,7,107,39,119,112,98,54,20"/><W130/><G119/><T63/><D117/><U128/><E116/><V123/><F134/><W73/><G112/><T31/><D38/><U18/><E36/><V78/><F125/><W28/><G34/><T65/><D127/><U67/><E1/><V80/><F104/><W56/><G70/><T55/><D64/><U132/><E33/><V89/><F42/><W3/><G39/><T24/><D84/><U124/><E124/><V129/><F129/><N who="3" m="49163" /><G126/><T61/><D10/><U94/><E128/><V100/><F29/><W71/><G71/><T106/><D0/><U118/><E132/><V60/><F123/><W90/><G7/><T77/><D77/><U120/><E113/><V11/><F78/><W109/><G3/><T72/><D72/><U5/><E118/><V26/><F115/><W16/><G28/><T81/><D81/><U32/><E32/><V6/><F6/><W85/><G109/><T102/><REACH who="0" step="1"/><D93/><REACH who="0" ten="137,32,521,300" step="2"/><U87/><E122/><V111/><F83/><N who="3" m="45551" /><G107/><T44/><D44/><U25/><E120/><V108/><F82/><N who="3" m="49463" /><G98/><T37/><D37/><U2/><E2/><V121/><F121/><W48/><G20/><T40/><D40/><U110/><E110/><V12/><F111/><W114/><G114/><T13/><D13/><U133/><E133/><V51/><F108/><W101/><G101/><T57/><AGARI ba="1,1" hai="24,31,35,55,57,61,63,65,69,92,95,97,102,106" machi="57" ten="30,8000,1" yaku="1,1,0,1,25,2,52,1,53,0" doraHai="50" doraHaiUra="46" who="0" fromWho="0" sc="137,93,32,-21,521,-21,300,-41" /><INIT seed="4,0,0,0,5,115" ten="230,11,500,259" oya="0" hai0="105,111,23,84,34,10,17,116,125,72,22,70,122" hai1="90,39,45,51,0,48,124,63,46,89,31,121,8" hai2="18,113,52,75,130,35,43,96,109,4,110,76,62" hai3="30,117,3,6,129,11,65,58,28,69,24,77,5"/><T97/><D122/><U83/><E121/><V71/><F130/><W108/><G108/><T1/><D70/><U91/><E31/><V86/><F43/><W14/><G69/><T32/><D72/><U92/><E124/><V82/><F35/><W101/><G77/><T123/><D123/><U95/><E63/><V13/><F4/><W133/><G58/><T120/><D120/><U54/><E39/><V20/><F113/><W106/><G101/><T40/><D40/><U61/><E61/><V38/><F96/><W66/><G106/><T107/><D125/><U135/><E135/><V67/><F38/><W12/><G11/><T88/><D111/><U44/><E83/><V98/><F98/><W2/><G24/><T102/><D116/><U33/><E33/><V112/><F112/><W16/><G16/><T37/><D37/><U85/><E0/><V99/><F99/><W21/><G21/><T60/><D107/><U19/><E85/><V36/><F36/><W118/><G133/><T50/><D23/><U59/><REACH who="1" step="1"/><E51/><REACH who="1" ten="230,1,500,259" step="2"/><V100/><F110/><W93/><G129/><T74/><D60/><U49/><E49/><V55/><F109/><W42/><G2/><T26/><D50/><U134/><E134/><V29/><F29/><W126/><G3/><T73/><D74/><U78/><E78/><V81/><F100/><W128/><G128/><T68/><D73/><U119/><E119/><V79/><AGARI ba="0,1" hai="13,18,20,52,55,62,67,71,75,76,79,81,82,86" machi="79" ten="20,2700,0" yaku="0,1,7,1,54,1" doraHai="115" who="2" fromWho="2" sc="230,-13,1,-7,500,37,259,-7" owari="217,-18.0,-6,-51.0,537,64.0,252,5.0" /></mjloggm>