<mjloggm ver="2.3"><GO type="41" lobby="0"/><UN n0="%69%64%E5%A4%B1%E5%8A%B9%E3%81%97%E3%81%9F" n1="%E3%81%8A%E3%82%84%E3%81%98" n2="%E2%93%9D%53%75%70%68%78" n3="%31%33%31%34" dan="15,14,18,15" rate="1970.15,1929.13,2103.06,2006.87" sx="M,M,M,F"/><TAIKYOKU oya="0"/><INIT seed="0,0,0,5,3,78" ten="250,250,250,250" oya="0" hai0="15,12,66,130,70,89,13,21,75,129,97,71,111" hai1="72,127,69,56,117,95,63,6,53,64,123,81,115" hai2="49,54,29,28,30,55,16,4,68,119,118,26,120" hai3="1,8,80,3,82,131,125,59,116,48,11,79,128"/><T93/><D75/><U43/><E123/><V86/><F68/><W36/><G36/><T14/><D111/><U44/><E117/><N who="2" m="44555" /><F4/><W60/><G116/><T39/><D39/><U104/><E104/><V132/><F132/><W45/><G125/><T20/><N who="0" m="3072" /><DORA hai="2" /><T47/><D47/><U106/><E106/><V114/><F114/><W74/><G1/><T0/><D0/><U33/><E33/><V25/><F120/><W18/><G18/><T85/><D97/><U23/><E23/><N who="2" m="13543" /><F86/><W100/><G100/><T50/><D50/><U87/><E127/><V94/><F94/><W19/><G74/><T35/><D35/><U126/><E126/><V91/><F91/><W27/><G48/><T122/><D122/><U109/><E109/><V113/><F113/><W76/><G76/><T10/><D10/><U105/><E105/><V65/><F49/><W58/><G8/><T38/><D38/><U40/><E72/><V90/><F90/><W46/><G79/><T107/><D107/><U7/><E95/><V108/><F108/><W34/><G11/><T124/><D124/><U73/><E73/><V52/><F65/><W32/><G128/><N who="0" m="49259" /><D66/><U110/><E110/><V133/><F133/><W31/><G131/><T62/><D62/><U99/><E99/><V102/><F102/><W103/><G103/><T22/><AGARI ba="0,0" hai="20,21,22,70,71,85,89,93" m="49259,3072" machi="22" ten="50,2400,0" yaku="19,1" doraHai="78,2" who="0" fromWho="0" sc="250,24,250,-8,250,-8,250,-8" /><INIT seed="0,1,0,3,1,36" ten="274,242,242,242" oya="0" hai0="35,123,89,19,6,56,45,128,25,92,108,12,121" hai1="99,47,107,0,79,124,112,64,97,7,8,30,59" hai2="82,16,74,94,33,73,42,29,102,134,52,101,50" hai3="38,60,91,130,132,28,49,118,103,68,78,15,22"/><T80/><D128/><U95/><E107/><V61/><F134/><W26/><G118/><T40/><D108/><U53/><E124/><V69/><F29/><W3/><G130/><T58/><D80/><U5/><E79/><V37/><F33/><W67/><G132/><T9/><D123/><U117/><E117/><V83/><F37/><W2/><G38/><T17/><D17/><U10/><E64/><V116/><F69/><W86/><G78/><T126/><D126/><U87/><E30/><V77/><F61/><W106/><G15/><T43/><D35/><U32/><E47/><V100/><F42/><N who="0" m="15914" /><D45/><U44/><E44/><V84/><F116/><W54/><G106/><T1/><D1/><U122/><E112/><V23/><F83/><W63/><G2/><T81/><D81/><U85/><E32/><V55/><F74/><W70/><G3/><T57/><D121/><U90/><E122/><V62/><F73/><W110/><G110/><T135/><D135/><U88/><E8/><V98/><F62/><W114/><G60/><T4/><D25/><U24/><E7/><V65/><F65/><W76/><G114/><T93/><D93/><U13/><E24/><N who="2" m="14439" /><F55/><W66/><G68/><T75/><D75/><U96/><E0/><V129/><F129/><W27/><G27/><T115/><D115/><U31/><E31/><V11/><F11/><W119/><G66/><T20/><D9/><U72/><E72/><V127/><F127/><W105/><G26/><T111/><D111/><U133/><E133/><V131/><F131/><W41/><G28/><T71/><D71/><RYUUKYOKU ba="1,0" sc="274,15,242,-15,242,15,242,-15" hai0="4,6,12,19,20,56,57,58,89,92" hai2="50,52,77,82,84,94,98,100,101,102" /><INIT seed="0,2,0,3,4,39" ten="289,227,257,227" oya="0" hai0="118,44,104,112,3,83,99,58,24,133,98,89,49" hai1="131,81,106,40,36,73,53,38,94,121,129,4,128" hai2="25,134,71,66,109,70,69,21,0,120,54,7,91" hai3="65,2,95,75,67,33,113,51,115,16,10,117,26"/><T47/><D112/><U84/><E106/><V110/><F120/><W88/><G117/><T102/><D3/><U52/><E73/><V107/><F107/><W82/><G113/><T43/><D118/><U80/><E4/><V62/><F54/><N who="1" m="21097" /><E121/><V34/><F34/><W1/><G115/><T96/><D133/><U56/><E56/><V28/><F91/><W79/><G51/><T48/><D58/><U57/><E57/><V132/><F7/><W6/><G1/><T130/><D130/><U14/><E14/><V15/><F15/><W123/><G123/><T86/><REACH who="0" step="1"/><D24/><REACH who="0" ten="279,227,257,227" step="2"/><U92/><E128/><V68/><REACH who="2" step="1"/><F0/><REACH who="2" ten="279,227,247,227" step="2"/><W105/><G2/><T114/><D114/><U93/><E129/><V11/><F11/><W46/><G10/><T35/><D35/><U50/><E131/><V59/><F59/><W74/><G33/><T18/><D18/><U135/><E135/><AGARI ba="2,2" hai="21,25,28,62,66,68,69,70,71,109,110,132,134,135" machi="135" ten="50,3200,0" yaku="1,1,20,1,53,0" doraHai="39" doraHaiUra="100" who="2" fromWho="1" sc="279,0,227,-38,247,58,227,0" /><INIT seed="1,0,0,5,1,95" ten="279,189,305,227" oya="1" hai0="21,18,24,47,28,45,72,135,98,23,49,110,76" hai1="79,89,115,4,120,17,31,126,14,7,41,86,131" hai2="55,6,124,50,20,106,127,84,32,51,112,133,101" hai3="19,108,96,8,71,77,87,130,39,69,94,40,129"/><U3/><E120/><V0/><F32/><W65/><G108/><T70/><D110/><U105/><E115/><V74/><F74/><W66/><G40/><T119/><D119/><U44/><E105/><V92/><F133/><W100/><G39/><T48/><D70/><U27/><E131/><N who="3" m="50186" /><G77/><T12/><D76/><U132/><E79/><V22/><F106/><W56/><G87/><T15/><D135/><U80/><E3/><V52/><F6/><W78/><G78/><T111/><D12/><U43/><E126/><V114/><F84/><W30/><G30/><T2/><D2/><U83/><E80/><V91/><F0/><W61/><G65/><T67/><D67/><U102/><E43/><V35/><F35/><W13/><AGARI ba="0,0" hai="8,13,19,56,61,66,69,71,94,96,100" m="50186" machi="13" ten="30,2000,0" yaku="19,1,52,1" doraHai="95" who="3" fromWho="3" sc="279,-5,189,-10,305,-5,227,20" /><INIT seed="2,0,0,0,1,48" ten="274,179,300,247" oya="2" hai0="37,126,112,40,131,130,121,44,133,132,61,96,125" hai1="1,2,51,102,22,0,82,87,24,111,34,19,106" hai2="9,54,45,75,95,6,83,10,60,63,123,76,41" hai3="104,134,113,59,32,117,55,114,12,26,90,20,56"/><V65/><F123/><W93/><G117/><T73/><D73/><U69/><E69/><V17/><F95/><W27/><G104/><T74/><D74/><U21/><E34/><V49/><F17/><N who="3" m="10279" /><G32/><T46/><D121/><U109/><E102/><V81/><F81/><W66/><G134/><N who="0" m="51819" /><D96/><U91/><E106/><V85/><F75/><W58/><G66/><T53/><D112/><N who="3" m="43113" /><G26/><T47/><D61/><U39/><E39/><V57/><REACH who="2" step="1"/><F6/><REACH who="2" ten="274,179,290,247" step="2"/><W115/><N who="3" m="43121" /><W110/><DORA hai="120" /><G110/><N who="1" m="41994" /><E22/><V124/><F124/><N who="0" m="47722" /><D53/><U92/><E51/><V135/><F135/><W118/><G118/><T98/><D98/><U86/><E86/><V3/><F3/><W64/><G55/><T15/><D15/><U70/><E82/><V4/><F4/><W7/><G7/><T129/><AGARI ba="0,1" hai="37,40,44,46,47,129,130,131" m="47722,51819" machi="129" ten="40,32000,5" yakuman="39" doraHai="48,120" who="0" fromWho="0" sc="274,330,179,-80,290,-160,247,-80" /><INIT seed="3,0,0,0,2,7" ten="604,99,130,167" oya="3" hai0="104,124,94,115,127,5,109,119,27,100,63,14,54" hai1="26,110,36,128,89,86,10,58,21,102,90,28,57" hai2="77,2,65,42,31,126,98,4,13,123,22,73,134" hai3="97,70,95,9,25,114,62,112,68,46,121,78,53"/><W20/><G121/><T15/><D104/><U39/><E110/><V99/><F134/><W83/><G112/><T71/><D27/><U23/><E102/><V41/><F126/><W29/><G114/><T84/><D109/><U72/><E72/><V108/><F2/><W44/><G68/><T106/><D54/><U91/><E128/><V118/><F118/><W96/><G70/><T64/><D84/><U92/><E10/><N who="2" m="4295" /><F73/><W3/><G3/><T17/><D94/><U35/><E35/><V107/><F107/><W12/><G83/><T79/><D79/><U0/><E0/><V16/><F31/><W130/><G130/><T85/><D85/><U75/><E92/><V6/><F6/><N who="3" m="3127" /><G78/><T38/><D5/><U103/><E86/><V49/><F123/><W37/><G37/><T24/><D38/><U48/><E75/><V19/><F108/><W40/><G40/><N who="2" m="15465" /><F77/><W116/><G116/><T122/><D119/><U135/><E135/><V82/><F82/><W69/><G69/><T33/><D122/><U50/><E39/><V81/><F81/><W131/><G131/><T30/><D115/><U133/><E36/><V45/><F65/><W18/><G29/><T113/><D113/><U66/><E66/><V76/><F76/><W59/><G96/><N who="2" m="36905" /><F22/><W61/><G61/><T32/><D32/><U56/><E21/><V74/><F74/><W132/><G132/><T93/><D106/><U117/><E117/><V129/><F129/><W47/><G47/><T11/><D14/><U111/><E111/><V105/><F105/><W55/><G55/><AGARI ba="0,0" hai="16,19,45,49,55" m="36905,15465,4295" machi="55" ten="30,3900,0" yaku="8,1,52,1,54,1" doraHai="7" who="2" fromWho="3" sc="604,0,99,0,130,39,167,-39" /><INIT seed="4,0,0,4,2,7" ten="604,99,169,128" oya="0" hai0="18,134,96,87,111,104,66,3,109,11,22,122,105" hai1="126,116,50,30,131,20,92,9,16,54,119,81,17" hai2="32,94,5,26,4,80,46,115,84,21,114,74,56" hai3="108,125,13,68,34,99,117,98,76,40,103,89,48"/><T45/><D122/><U60/><E126/><V101/><F32/><W28/><G108/><T91/><D134/><U83/><E60/><V65/><F74/><W93/><G125/><T120/><D45/><U135/><E135/><V95/><F46/><W133/><G133/><T113/><D113/><N who="2" m="43018" /><F65/><W70/><G117/><T12/><D96/><U0/><E131/><V107/><F107/><W42/><G76/><T132/><D120/><U52/><E0/><V67/><F56/><W100/><G34/><T43/><D43/><U124/><E124/><V15/><F67/><W19/><G28/><T127/><D66/><U82/><E30/><N who="2" m="17743" /><F101/><W112/><G100/><T118/><D127/><U90/><E116/><V36/><F36/><W24/><G112/><T51/><D118/><U102/><E102/><V63/><F63/><W55/><G68/><T64/><D51/><U58/><E54/><V77/><F5/><W14/><G103/><T61/><D132/><U57/><E57/><V27/><F27/><W71/><G24/><N who="0" m="14423" /><D3/><U88/><E119/><V8/><AGARI ba="0,0" hai="4,8,15,77,80,84,94,95" m="17743,43018" machi="8" ten="30,2000,0" yaku="15,1,52,1" doraHai="7" who="2" fromWho="2" sc="604,-10,99,-5,169,20,128,-5" /><INIT seed="5,0,0,0,0,28" ten="594,94,189,123" oya="1" hai0="8,91,93,47,130,7,121,4,2,3,110,102,13" hai1="14,131,27,36,32,116,86,40,55,25,33,54,61" hai2="15,85,129,51,108,133,64,0,34,44,90,29,105" hai3="73,124,112,96,60,84,31,123,49,17,6,94,128"/><U83/><E116/><V68/><F108/><W104/><G123/><T50/><D110/><U71/><E14/><V115/><F105/><W74/><G112/><T48/><D130/><U114/><E40/><V10/><F133/><W43/><G128/><T56/><D121/><U52/><E36/><V79/><F0/><W46/><G124/><T76/><D76/><U22/><E131/><V16/><F79/><W109/><G109/><T81/><D4/><U26/><E114/><V111/><F111/><W125/><G125/><T1/><D56/><U23/><E71/><V126/><F126/><W24/><G6/><T89/><D48/><U38/><E38/><V101/><F101/><W19/><G104/><T30/><D30/><U127/><E61/><V103/><F103/><W119/><G60/><T99/><REACH who="0" step="1"/><D81/><REACH who="0" ten="584,94,189,123" step="2"/><U95/><E127/><V100/><F129/><W11/><G49/><T82/><D82/><U37/><E37/><V9/><F51/><W122/><G122/><T70/><D70/><U78/><REACH who="1" step="1"/><E95/><REACH who="1" ten="584,84,189,123" step="2"/><V21/><F68/><W53/><G94/><T63/><D63/><U59/><E59/><V67/><F115/><W20/><G119/><T69/><D69/><U132/><E132/><V75/><F44/><W41/><G46/><T35/><D35/><AGARI ba="0,2" hai="22,23,25,26,27,32,33,35,52,54,55,78,83,86" machi="35" ten="50,12000,1" yaku="1,1,52,3,54,1,53,0" doraHai="28" doraHaiUra="117" who="1" fromWho="0" sc="584,-120,84,140,189,0,123,0" /><INIT seed="5,1,0,2,3,55" ten="464,224,189,123" oya="1" hai0="98,49,21,84,95,65,85,53,68,25,115,34,41" hai1="37,69,106,129,35,128,82,40,11,6,124,8,76" hai2="33,113,13,114,70,71,120,67,123,75,108,111,58" hai3="89,38,134,86,135,107,32,27,103,104,66,16,28"/><U61/><E106/><V30/><F13/><W48/><G38/><T42/><D34/><U119/><E119/><V59/><F75/><W102/><G104/><T3/><D3/><U117/><E117/><V17/><F17/><W19/><G48/><T14/><D14/><U87/><E35/><V73/><F73/><W81/><G66/><T130/><D115/><N who="2" m="44042" /><F30/><W79/><G79/><T80/><D130/><N who="1" m="50283" /><E6/><V15/><F15/><W52/><G102/><N who="0" m="60767" /><D65/><N who="1" m="41135" /><E124/><V94/><F94/><W43/><G43/><N who="0" m="16395" /><D68/><N who="2" m="26154" /><F33/><W77/><G77/><T7/><D80/><U100/><E100/><V64/><F64/><W31/><G103/><T83/><D83/><U57/><E57/><N who="2" m="21515" /><F67/><W51/><G107/><T10/><D10/><U109/><E11/><V90/><F90/><W44/><REACH who="3" step="1"/><G28/><REACH who="3" ten="464,224,189,113" step="2"/><T12/><D7/><U96/><E76/><V56/><F56/><W127/><G127/><T110/><D12/><U2/><E2/><V122/><AGARI ba="1,1" hai="108,111,120,122,123" m="21515,26154,44042" machi="122" ten="40,16000,3" yaku="28,2,15,1,11,1,34,2,52,3" doraHai="55" who="2" fromWho="2" sc="464,-41,224,-81,189,173,113,-41" /><INIT seed="6,0,0,4,5,20" ten="423,143,362,72" oya="2" hai0="18,95,36,26,130,109,50,84,118,102,91,133,68" hai1="33,114,16,92,101,3,85,7,81,90,12,80,86" hai2="69,34,104,66,39,113,46,40,129,21,54,43,77" hai3="123,120,103,25,83,94,2,17,73,121,134,11,23"/><V122/><F34/><W72/><G83/><T98/><D109/><U45/><E33/><V19/><F104/><W125/><G125/><T4/><D36/><U97/><E3/><V24/><F122/><W100/><G134/><T116/><D130/><U0/><E0/><V63/><F129/><W76/><G76/><T6/><D68/><U59/><E45/><V67/><F113/><W15/><G2/><T64/><D64/><U87/><E7/><V31/><F67/><W127/><G127/><T13/><D50/><U79/><E59/><V49/><F77/><W62/><G62/><T75/><D75/><U131/><E131/><V71/><F71/><W14/><G14/><T27/><D133/><U55/><E55/><V58/><F43/><W110/><G110/><T106/><D4/><U35/><E35/><V32/><F32/><W48/><G48/><T126/><D6/><U37/><E37/><V9/><F9/><W56/><G56/><T1/><D1/><U51/><E51/><V112/><F112/><W74/><REACH who="3" step="1"/><G94/><REACH who="3" ten="423,143,362,62" step="2"/><T115/><D126/><U88/><E114/><V93/><F93/><W61/><G61/><T89/><D115/><U8/><REACH who="1" step="1"/><E81/><REACH who="1" ten="423,133,362,62" step="2"/><V82/><F82/><W22/><G22/><T30/><D13/><U132/><E132/><V60/><F60/><W47/><G47/><T108/><D108/><U65/><E65/><V124/><F124/><W99/><G99/><T57/><D98/><U28/><E28/><AGARI ba="0,2" hai="19,21,24,28,31,39,40,46,49,54,58,63,66,69" machi="28" ten="40,7700,0" yaku="24,2,52,1" doraHai="20" who="2" fromWho="1" sc="423,0,133,-77,362,97,62,0" /><AGARI ba="0,0" hai="11,15,17,23,25,28,72,73,74,100,103,120,121,123" machi="28" ten="50,8000,1" yaku="1,1,52,1,53,3" doraHai="20" doraHaiUra="119" who="3" fromWho="1" sc="423,0,56,-80,459,0,62,80" owari="423,22.0,-24,-52.0,459,56.0,142,-26.0" /></mjloggm>