<mjloggm ver="2.3"><GO type="41" lobby="0"/><UN n0="%E5%AE%89%E8%8A%B8%E7%9C%9F%E7%90%B4" n1="%E2%93%9D%53%75%70%68%78" n2="%6F%6F%68%61%73%68%69" n3="%4E%6F%4E%71%6D%65" dan="15,18,14,13" rate="1939.51,2121.24,1978.94,1860.12" sx="F,M,M,M"/><TAIKYOKU oya="0"/><INIT seed="0,0,0,5,3,112" ten="250,250,250,250" oya="0" hai0="109,21,35,48,42,89,36,64,98,22,113,131,130" hai1="32,127,0,70,91,125,88,118,58,77,78,79,43" hai2="10,74,31,105,44,71,7,103,76,90,18,122,62" hai3="50,82,96,116,41,46,26,17,61,28,115,83,73"/><T99/><D113/><U121/><E70/><V57/><F122/><W39/><G115/><T49/><D35/><U5/><E32/><V27/><F71/><W24/><G17/><T56/><D109/><U97/><E43/><V52/><F105/><W87/><G73/><T67/><D36/><U123/><E58/><V119/><F103/><W92/><G83/><T94/><D42/><U25/><E25/><V69/><F74/><W19/><G61/><T111/><D111/><U100/><E5/><V104/><F76/><W29/><G19/><T135/><D135/><U60/><E0/><V47/><F104/><W95/><G116/><T65/><D99/><U9/><E9/><V114/><F114/><W2/><G2/><T117/><D117/><U8/><E60/><V72/><F72/><W124/><G124/><N who="1" m="47690" /><E8/><V54/><F119/><W23/><G96/><T1/><D1/><U34/><E34/><V16/><F69/><W6/><G6/><T128/><REACH who="0" step="1"/><D56/><REACH who="0" ten="240,250,250,250" step="2"/><U30/><E118/><V13/><F47/><W15/><G39/><T63/><D63/><U101/><E97/><V75/><F44/><W86/><G41/><T107/><D107/><U14/><E123/><V133/><F133/><W129/><G46/><T12/><D12/><U134/><E14/><V3/><F3/><W45/><G15/><T84/><D84/><U33/><E134/><V68/><F68/><W80/><G45/><T59/><D59/><U110/><E121/><V55/><F75/><W102/><G86/><T51/><AGARI ba="0,1" hai="21,22,48,49,51,64,65,67,89,94,98,128,130,131" machi="51" ten="40,12000,1" yaku="1,1,0,1,29,2,19,1,53,0" doraHai="112" doraHaiUra="40" who="0" fromWho="0" sc="240,130,250,-40,250,-40,250,-40" /><INIT seed="0,1,0,0,3,93" ten="370,210,210,210" oya="0" hai0="106,28,115,123,91,23,19,99,120,119,116,34,62" hai1="85,133,103,41,87,61,12,30,43,17,77,111,109" hai2="105,25,45,2,96,31,92,83,130,110,20,16,42" hai3="44,82,21,98,56,15,76,47,9,10,113,75,53"/><T135/><D115/><U5/><E30/><V37/><F2/><W134/><G113/><T104/><D62/><U24/><E24/><V101/><F110/><N who="1" m="41993" /><E5/><V126/><F130/><W112/><G112/><T117/><D28/><U129/><E133/><V84/><F126/><W121/><G134/><T58/><D34/><U88/><E103/><V49/><F37/><W35/><G35/><T73/><D58/><U7/><E7/><V89/><REACH who="2" step="1"/><F31/><REACH who="2" ten="370,210,200,210" step="2"/><W36/><G36/><T40/><D135/><U72/><E129/><V69/><F69/><W57/><G121/><T100/><D120/><U114/><E114/><V102/><F102/><W86/><G75/><T18/><D73/><U60/><E72/><V70/><F70/><W55/><G9/><T97/><D123/><U90/><E77/><V48/><F48/><W52/><G21/><T51/><D23/><N who="1" m="11687" /><E61/><V78/><F78/><W11/><G10/><T68/><D68/><U132/><E60/><V67/><F67/><W59/><REACH who="3" step="1"/><G98/><REACH who="3" ten="370,210,200,200" step="2"/><T107/><D99/><U50/><E132/><V22/><F22/><W3/><G3/><T0/><D0/><U29/><E87/><V122/><F122/><W124/><G124/><T131/><D131/><U65/><E85/><V125/><F125/><W46/><G46/><T1/><D1/><U39/><E39/><V27/><F27/><W94/><G94/><AGARI ba="1,2" hai="16,20,25,42,45,49,83,84,89,92,94,96,101,105" machi="94" ten="40,5200,0" yaku="1,1,52,1,54,1,53,0" doraHai="93" doraHaiUra="33" who="2" fromWho="3" sc="370,0,210,0,200,75,200,-55" /><INIT seed="1,0,0,3,5,89" ten="370,210,275,145" oya="1" hai0="81,87,40,46,77,66,95,76,98,3,114,9,34" hai1="119,12,82,72,85,55,2,48,132,11,61,86,32" hai2="63,1,38,129,33,39,88,62,126,131,118,101,44" hai3="105,80,25,75,27,112,22,121,78,53,74,6,10"/><U70/><E119/><V17/><F33/><W58/><G105/><T19/><D114/><U90/><E2/><V127/><F118/><W71/><G112/><T28/><D66/><U51/><E72/><V79/><F1/><W125/><G71/><T36/><D28/><U122/><E32/><V135/><F101/><W111/><G121/><T133/><D133/><U108/><E122/><V49/><F79/><W109/><G125/><N who="2" m="47625" /><F17/><W26/><G75/><T42/><D42/><U120/><E108/><V83/><F83/><W13/><REACH who="3" step="1"/><G22/><REACH who="3" ten="370,210,275,135" step="2"/><T8/><D34/><U128/><E120/><V47/><F135/><W52/><G52/><T60/><D40/><U31/><E132/><V67/><F67/><W21/><G21/><T41/><D41/><U106/><E55/><V4/><F39/><W99/><G99/><T56/><D98/><U116/><E116/><V50/><F38/><W93/><G93/><T91/><D95/><U35/><E106/><V69/><F69/><W45/><G45/><T15/><D46/><U104/><E104/><V73/><F73/><W30/><G30/><T20/><D36/><U110/><E31/><V102/><F44/><W7/><G7/><N who="0" m="1151" /><D20/><U134/><E134/><V5/><F4/><W130/><G130/><T43/><D43/><U0/><E128/><V100/><F5/><W14/><G14/><T107/><D107/><U29/><E0/><V115/><F115/><W54/><G54/><N who="0" m="33815" /><D15/><U117/><E117/><V65/><F129/><W37/><G37/><T123/><D123/><U97/><E35/><V96/><F131/><W18/><G18/><RYUUKYOKU ba="0,1" sc="370,15,210,-15,275,-15,135,15" hai0="9,19,76,77,81,87,91" hai3="6,10,13,25,26,27,53,58,74,78,80,109,111" /><INIT seed="2,1,1,5,3,119" ten="385,195,260,150" oya="2" hai0="2,67,0,131,33,109,40,110,77,18,111,124,117" hai1="12,92,81,61,9,103,75,105,65,50,22,47,120" hai2="13,5,115,72,59,42,76,88,43,4,70,121,58" hai3="51,36,125,48,134,35,87,128,112,32,26,55,123"/><V118/><F118/><W10/><G112/><T116/><D40/><N who="2" m="15402" /><F115/><W133/><G36/><T107/><D67/><U20/><E105/><V93/><F72/><W45/><G125/><T99/><D124/><U80/><E120/><V95/><F70/><W37/><G37/><T129/><D77/><U83/><E75/><V31/><F76/><W68/><G68/><T21/><D33/><U25/><E25/><V108/><F121/><W11/><G26/><N who="0" m="14647" /><D99/><U29/><E29/><V41/><F108/><W63/><G63/><T78/><D78/><U60/><E60/><V38/><F38/><W1/><G128/><N who="0" m="49227" /><D107/><U74/><E74/><V96/><F41/><W102/><G45/><T49/><D49/><U82/><E50/><V127/><F127/><W69/><G69/><T34/><D34/><U8/><E47/><V7/><F31/><W53/><G102/><T86/><D86/><U71/><E103/><N who="2" m="60815" /><F13/><W52/><G87/><AGARI ba="1,1" hai="4,5,7,58,59,87,88,95" m="60815,15402" machi="87" ten="30,2900,0" yaku="8,1,54,1" doraHai="119" who="2" fromWho="3" sc="385,0,195,0,260,42,150,-32" /><INIT seed="2,2,0,4,5,81" ten="385,195,302,118" oya="2" hai0="75,112,6,86,47,53,90,40,8,11,59,95,99" hai1="9,34,58,13,48,42,18,88,131,94,33,64,14" hai2="83,19,0,101,49,82,25,105,84,93,134,22,132" hai3="56,113,117,115,1,129,39,24,103,104,107,124,89"/><V16/><F0/><W128/><G39/><T71/><D112/><N who="3" m="43081" /><G1/><T20/><D71/><U65/><E131/><N who="3" m="50250" /><G56/><T118/><D118/><U43/><E34/><V96/><F105/><N who="3" m="40523" /><G24/><T72/><D20/><U106/><E106/><V52/><F19/><W23/><G23/><T7/><D99/><U76/><E33/><V116/><F116/><W28/><G28/><T97/><D97/><U91/><E14/><V17/><F17/><W130/><G117/><T133/><D59/><U57/><E57/><V114/><F114/><W26/><G26/><T44/><D8/><U36/><E36/><V69/><F69/><W80/><N who="3" m="50258" /><W135/><DORA hai="30" /><G103/><T63/><D11/><U50/><E58/><V3/><F3/><W127/><G135/><T79/><D133/><U51/><E65/><V45/><F132/><W12/><G12/><T92/><D6/><U109/><E64/><V121/><F134/><W41/><G41/><T126/><D40/><U87/><E43/><V2/><F2/><W70/><G70/><T125/><D7/><U10/><E42/><V54/><F54/><W32/><G32/><T29/><D29/><U122/><E10/><V38/><F38/><W31/><G31/><T110/><D53/><U46/><E9/><V27/><F27/><W98/><G98/><T66/><D66/><U77/><E13/><V55/><F55/><W73/><G89/><T67/><D90/><U119/><E119/><V61/><F61/><W102/><G102/><T15/><D63/><U108/><E18/><V100/><F101/><W123/><G123/><T37/><D67/><RYUUKYOKU ba="2,0" sc="385,-10,195,-10,302,-10,118,30" hai3="73,80,124,127" /><INIT seed="3,3,0,0,5,120" ten="375,185,292,148" oya="3" hai0="1,127,68,112,128,105,87,66,5,113,6,115,121" hai1="123,19,40,73,101,108,10,97,48,20,22,60,82" hai2="126,134,119,110,63,94,102,18,64,52,107,118,78" hai3="44,0,99,13,46,122,49,55,125,109,103,33,72"/><W61/><G122/><T85/><D121/><U104/><E123/><V21/><F107/><W16/><G72/><T7/><D105/><U54/><E40/><V74/><F134/><W98/><G0/><T111/><D1/><U9/><E60/><V50/><F126/><W135/><G33/><T47/><D127/><U2/><E22/><V62/><F74/><W129/><G125/><T43/><D128/><U71/><E71/><V42/><F78/><W79/><G129/><T130/><D130/><U81/><E108/><V39/><F102/><W96/><G79/><T83/><D111/><U86/><E73/><V67/><F94/><W132/><G109/><T70/><D66/><N who="2" m="25130" /><F18/><W133/><G44/><T114/><D113/><U124/><E82/><V89/><F89/><W90/><G90/><N who="0" m="51519" /><D87/><U31/><E2/><V117/><F21/><N who="3" m="11407" /><G61/><N who="2" m="23049" /><F42/><W106/><AGARI ba="3,0" hai="46,49,55,96,98,99,103,106,132,133,135" m="11407" machi="106" ten="30,3000,0" yaku="20,1,54,1" doraHai="120" who="3" fromWho="3" sc="375,-13,185,-13,292,-13,148,39" /><INIT seed="3,4,0,3,3,47" ten="362,172,279,187" oya="3" hai0="126,49,102,29,37,67,122,96,42,107,91,79,36" hai1="0,93,106,74,86,71,90,95,83,40,55,38,28" hai2="35,100,111,20,97,133,76,62,108,121,19,18,24" hai3="33,113,88,27,59,123,58,48,41,44,124,69,118"/><W9/><G123/><T87/><D122/><U26/><E106/><V117/><F121/><W51/><G69/><T104/><D104/><U13/><E0/><V127/><F117/><W12/><G113/><T99/><D67/><U128/><E128/><V23/><F35/><W101/><G101/><T115/><D115/><U39/><E40/><V78/><F133/><W89/><G118/><T132/><D29/><U17/><E71/><V10/><F127/><W80/><G124/><T46/><D126/><U72/><E72/><V34/><F34/><W109/><G33/><T56/><D99/><U4/><E4/><V60/><F10/><W8/><G27/><T129/><D129/><U116/><E74/><V11/><F11/><N who="3" m="4171" /><G12/><T120/><D132/><U94/><E116/><V2/><F2/><W130/><G130/><T63/><D79/><U110/><E110/><N who="2" m="42027" /><F76/><W134/><G134/><T68/><D68/><U6/><E6/><V131/><F78/><W125/><G125/><T3/><D3/><U70/><E70/><V103/><F131/><W82/><G109/><T61/><D120/><U77/><E77/><V31/><F31/><W64/><G64/><N who="0" m="38951" /><D63/><N who="2" m="24106" /><F97/><W52/><G59/><T114/><D114/><U92/><E28/><V73/><F73/><W53/><G41/><T85/><D85/><U54/><E86/><V81/><F81/><AGARI ba="4,0" hai="44,48,51,52,53,58,80,81,82,88,89" m="4171" machi="81" ten="30,12000,1" yaku="8,1,52,2,54,2" doraHai="47" who="3" fromWho="2" sc="362,0,172,0,279,-132,187,132" /><INIT seed="3,5,0,2,5,125" ten="362,172,147,319" oya="3" hai0="59,77,10,33,119,12,19,116,62,67,17,26,64" hai1="32,120,79,21,118,16,56,132,121,113,11,24,0" hai2="80,100,93,4,114,44,58,88,111,31,86,110,69" hai3="47,127,1,27,96,14,92,130,23,128,50,22,81"/><W91/><G1/><T5/><D67/><U106/><E106/><V54/><F69/><W101/><G127/><T40/><D40/><U71/><E71/><V122/><F114/><W15/><G23/><T3/><D77/><U9/><E79/><V97/><F122/><N who="1" m="47209" /><E56/><V42/><F31/><W102/><G101/><T38/><D38/><U63/><E63/><V84/><F4/><W103/><G102/><T109/><D109/><U131/><E113/><V89/><F58/><W18/><G81/><T75/><D75/><U66/><E66/><V55/><F111/><W36/><G36/><T45/><D45/><U46/><E46/><V37/><REACH who="2" step="1"/><F110/><REACH who="2" ten="362,172,137,319" step="2"/><W76/><G103/><T28/><D17/><U49/><E118/><V72/><F72/><W126/><G126/><T65/><D65/><U104/><E16/><V124/><F124/><W123/><G123/><T68/><D68/><U129/><E0/><V135/><F135/><W115/><G115/><T94/><D119/><U52/><E132/><V41/><F41/><N who="3" m="24943" /><G76/><T2/><D116/><U30/><E104/><AGARI ba="5,1" hai="37,42,44,54,55,80,84,86,88,89,93,97,100,104" machi="104" ten="30,8000,1" yaku="1,1,7,1,54,1,53,2" doraHai="125" doraHaiUra="85" who="2" fromWho="1" sc="362,0,172,-95,137,105,319,0" /><INIT seed="4,0,0,1,3,118" ten="362,77,242,319" oya="0" hai0="59,80,124,119,121,42,99,128,21,5,39,22,95" hai1="14,103,134,4,82,29,50,1,105,30,132,101,85" hai2="17,57,100,63,67,91,76,108,127,75,98,131,47" hai3="2,102,28,20,60,54,81,73,62,94,0,25,86"/><T114/><D119/><U96/><E1/><V130/><F108/><W68/><G73/><T12/><D114/><U15/><E50/><V74/><F76/><W72/><G72/><T133/><D80/><U64/><E64/><V27/><F127/><W11/><G60/><T23/><D59/><U49/><E49/><V93/><F47/><W104/><G104/><T55/><D55/><U123/><E4/><V115/><F115/><W13/><G102/><T9/><D128/><N who="2" m="49194" /><F100/><W34/><G94/><T135/><D124/><U10/><E10/><V112/><F112/><W7/><G34/><T31/><D42/><U36/><E36/><V16/><F17/><W26/><G25/><T71/><D71/><U113/><E113/><V116/><F116/><W6/><G7/><T87/><D87/><U109/><E85/><V53/><F67/><W52/><G68/><T58/><D58/><U37/><E37/><V40/><F40/><W48/><G62/><T120/><D31/><U66/><E66/><V77/><F77/><W38/><G54/><T33/><D33/><U35/><E35/><V78/><F78/><W51/><G38/><T46/><D46/><U18/><E105/><V110/><F110/><W126/><G126/><T79/><D79/><U44/><E44/><V129/><N who="2" m="49202" /><V122/><DORA hai="45" /><F122/><N who="0" m="47210" /><D39/><U111/><E123/><V117/><F117/><W83/><G83/><T84/><D84/><U65/><E65/><V24/><F24/><W56/><REACH who="3" step="1"/><G51/><REACH who="3" ten="362,77,242,309" step="2"/><T106/><D106/><U41/><E82/><V97/><F97/><W92/><G92/><T70/><D70/><RYUUKYOKU ba="0,1" sc="362,10,77,-30,242,10,309,10" hai0="5,9,12,21,22,23,95,99,133,135" hai2="16,27,53,57,63,74,75,91,93,98" hai3="0,2,6,11,13,20,26,28,48,52,56,81,86" /><INIT seed="4,1,1,1,1,66" ten="372,47,252,319" oya="0" hai0="20,106,52,11,102,109,13,35,29,126,69,108,44" hai1="72,5,101,23,53,10,76,68,61,105,14,113,19" hai2="73,123,21,24,131,132,129,8,92,107,135,74,88" hai3="42,7,83,27,59,84,33,93,57,39,3,67,82"/><T30/><D126/><U103/><E113/><V4/><F4/><W133/><G133/><N who="2" m="51273" /><F8/><W124/><G42/><T37/><D35/><U60/><E105/><V97/><F24/><W25/><G39/><T90/><D69/><U117/><E117/><V111/><F21/><W119/><G119/><T36/><D102/><U128/><E128/><N who="2" m="49227" /><F123/><W134/><G7/><T26/><D106/><U46/><E72/><N who="2" m="27755" /><F111/><N who="0" m="42570" /><D90/><U121/><E121/><V94/><F94/><W116/><G116/><T17/><D29/><U86/><E103/><V49/><F49/><AGARI ba="1,1" hai="11,13,17,20,26,30,36,37,44,49,52" m="42570" machi="49" ten="30,2900,0" yaku="10,1,54,1" doraHai="66" who="0" fromWho="2" sc="372,42,47,0,252,-32,319,0" /><INIT seed="4,2,0,4,1,48" ten="414,47,220,319" oya="0" hai0="82,70,74,99,64,20,109,63,65,114,118,80,51" hai1="0,134,77,34,62,35,133,93,57,129,116,46,79" hai2="32,31,104,83,60,92,53,105,111,121,4,55,36" hai3="108,124,11,21,17,72,58,98,115,30,28,24,119"/><T110/><D118/><U128/><E46/><V84/><F111/><N who="0" m="42506" /><D74/><U112/><E0/><V120/><F36/><W71/><G72/><T86/><D114/><U39/><E39/><V27/><F60/><W73/><G73/><T18/><D65/><U127/><E93/><V40/><F40/><W22/><G71/><T96/><D51/><U3/><E3/><V125/><F4/><W131/><G108/><T5/><D5/><U113/><E62/><V67/><F67/><W52/><G119/><T45/><D45/><U29/><E29/><V10/><F10/><W1/><G115/><N who="1" m="44106" /><E57/><V94/><F125/><W123/><G124/><T106/><D106/><U25/><E25/><V126/><F126/><W49/><G131/><N who="1" m="50250" /><E116/><V78/><F92/><W91/><G1/><T26/><D80/><U90/><E90/><AGARI ba="2,0" hai="18,20,26,63,64,70,82,86,90,96,99" m="42506" machi="90" ten="30,1500,0" yaku="10,1" doraHai="48" who="0" fromWho="1" sc="414,21,47,-21,220,0,319,0" /><INIT seed="4,3,0,5,3,107" ten="435,26,220,319" oya="0" hai0="27,61,54,88,63,4,128,132,32,23,74,71,115" hai1="80,120,42,40,24,124,53,125,112,102,134,65,9" hai2="17,78,2,47,73,133,129,123,15,39,50,45,64" hai3="37,114,11,100,68,16,30,81,26,96,106,35,29"/><T14/><D74/><U31/><E120/><V110/><F110/><W82/><G37/><T21/><D115/><U62/><E102/><V56/><F123/><W67/><G30/><T20/><D128/><U121/><E121/><V85/><F2/><W72/><G114/><T1/><D132/><U104/><E104/><V43/><F133/><W33/><G33/><T79/><D79/><U12/><E53/><V113/><F113/><W66/><G67/><T119/><D88/><U103/><E103/><V98/><F129/><W118/><G118/><T94/><D94/><U34/><E80/><V0/><F0/><W95/><G95/><T6/><D61/><U55/><E55/><V83/><F98/><W131/><G131/><T22/><D54/><U58/><E134/><V46/><F50/><W76/><G81/><T19/><D119/><U105/><E105/><V60/><REACH who="2" step="1"/><F85/><REACH who="2" ten="435,26,210,319" step="2"/><W130/><G130/><T28/><D1/><U44/><E112/><V48/><F48/><W93/><G72/><T59/><D63/><U99/><E99/><V77/><F77/><W127/><G96/><T97/><D97/><U57/><E57/><V86/><F86/><W87/><G76/><T90/><D59/><U7/><REACH who="1" step="1"/><E44/><REACH who="1" ten="435,16,210,319" step="2"/><V8/><AGARI ba="3,2" hai="8,15,17,39,43,45,46,47,56,60,64,73,78,83" machi="8" ten="20,5200,0" yaku="1,1,0,1,7,1,52,1,53,0" doraHai="107" doraHaiUra="135" who="2" fromWho="2" sc="435,-29,16,-16,210,81,319,-16" /><INIT seed="5,0,0,5,3,69" ten="406,0,291,303" oya="1" hai0="9,106,98,53,0,51,91,36,109,5,87,56,117" hai1="111,28,33,81,122,70,12,57,92,75,16,37,124" hai2="29,71,79,131,10,54,44,135,130,65,45,132,116" hai3="34,55,72,94,101,20,77,23,73,42,95,83,17"/><U107/><E122/><V14/><F79/><W25/><G34/><T88/><D109/><U50/><E107/><V105/><F105/><W21/><G73/><T19/><D117/><U134/><E70/><V11/><F29/><W108/><G108/><T128/><D36/><U40/><E111/><V119/><F71/><W78/><G77/><T100/><D128/><U26/><E134/><V38/><F65/><W60/><G42/><T86/><D19/><U2/><E2/><V85/><F85/><W30/><G101/><T104/><D104/><U125/><E92/><V52/><F14/><W123/><G123/><T99/><D99/><U13/><E13/><V3/><REACH who="2" step="1"/><F38/><REACH who="2" ten="406,0,281,303" step="2"/><W31/><G30/><T46/><D87/><U67/><E37/><V32/><F32/><W62/><G31/><T84/><D86/><U7/><E7/><V110/><F110/><W115/><G115/><T35/><D35/><U80/><E75/><V1/><AGARI ba="0,1" hai="1,3,10,11,44,45,52,54,116,119,130,131,132,135" machi="1" ten="25,12000,2" yaku="1,1,0,1,22,2,54,1,53,2" doraHai="69" doraHaiUra="48" who="2" fromWho="2" sc="406,-30,0,-60,281,130,303,-30" owari="376,18.0,-60,-56.0,411,51.0,273,-13.0" /></mjloggm>