<mjloggm ver="2.3"><GO type="41" lobby="0"/><UN n0="%E3%81%95%E3%81%AA%31%39%39%37" n1="%31%75%6B%61%E6%98%AF%E4%B8%AA%E5%91%86%E7%B2%89" n2="%E3%83%A8%E3%82%AC%E7%88%BA%32" n3="%E2%93%9D%53%75%70%68%78" dan="13,15,15,19" rate="1853.87,1955.02,1960.06,2101.01" sx="M,F,M,M"/><TAIKYOKU oya="0"/><INIT seed="0,0,0,2,5,86" ten="250,250,250,250" oya="0" hai0="106,5,13,48,77,83,51,30,53,91,19,66,111" hai1="125,114,74,44,98,96,90,87,4,124,0,100,97" hai2="29,67,36,1,11,40,69,112,62,23,3,113,42" hai3="6,33,105,85,76,132,108,93,39,50,47,101,25"/><T115/><D106/><N who="1" m="63751" /><E44/><V15/><F40/><W22/><G108/><T17/><D115/><U88/><E4/><V37/><F15/><W122/><G132/><T104/><D104/><U72/><E0/><V35/><F23/><W28/><G122/><T63/><D30/><U102/><E114/><N who="2" m="44139" /><F11/><W75/><G75/><N who="1" m="28714" /><E87/><V81/><F81/><W71/><G85/><N who="0" m="50623" /><D77/><U68/><E68/><V65/><F65/><W18/><G76/><T109/><D5/><U82/><E82/><V121/><F121/><W70/><G6/><T126/><D126/><N who="1" m="48747" /><E98/><V7/><F7/><W110/><G71/><T8/><D53/><U55/><E55/><V57/><F57/><W133/><G70/><N who="0" m="42335" /><D17/><U41/><E41/><V95/><F42/><W61/><G18/><T78/><D78/><U117/><E117/><V58/><F1/><W46/><G46/><T54/><D54/><U2/><E2/><V59/><F3/><W92/><G47/><T123/><D123/><U24/><E24/><V56/><F29/><W14/><G28/><T32/><D32/><U9/><E9/><V79/><F35/><W80/><G33/><T129/><D129/><U84/><E84/><V38/><F79/><W135/><G25/><T73/><D73/><U34/><E34/><V134/><F95/><AGARI ba="0,0" hai="88,90,95,97,102" m="48747,28714,63751" machi="95" ten="30,12000,2" yaku="18,1,34,2,52,2,54,1" doraHai="86" who="1" fromWho="2" sc="250,0,250,120,250,-120,250,0" /><INIT seed="1,0,0,5,1,132" ten="250,370,130,250" oya="1" hai0="13,16,10,88,6,119,103,113,55,50,45,111,14" hai1="24,107,5,67,104,108,62,20,90,123,26,64,18" hai2="84,7,70,46,79,49,75,120,86,17,12,1,91" hai3="118,110,44,80,38,22,37,126,15,48,127,43,56"/><U33/><E123/><V29/><F70/><W89/><G110/><T129/><D111/><U87/><E5/><V100/><F100/><W130/><G130/><T73/><D73/><U101/><E108/><V82/><F120/><W65/><G22/><T72/><D72/><U78/><E78/><V66/><F66/><W74/><G15/><T83/><D119/><U124/><E124/><N who="3" m="47658" /><G118/><T96/><D129/><U60/><E67/><V35/><F29/><W11/><G11/><T58/><D113/><U112/><E112/><V85/><F35/><W21/><G21/><N who="0" m="11407" /><D103/><U39/><E101/><V51/><F1/><W131/><G131/><T133/><D133/><U4/><E4/><V76/><F7/><W47/><G47/><T57/><D96/><U3/><E33/><V40/><F75/><W105/><G105/><T54/><D55/><U97/><E3/><V128/><F128/><W41/><G41/><T63/><D63/><U53/><E62/><V122/><F122/><W59/><G65/><T19/><D6/><U28/><E64/><V8/><F49/><W52/><G59/><T30/><D30/><U0/><E0/><V92/><F85/><AGARI ba="0,0" hai="10,14,19,45,50,54,57,58,83,85,88" m="11407" machi="85" ten="30,7700,0" yaku="25,1,8,1,54,2" doraHai="132" who="0" fromWho="2" sc="250,77,370,0,130,-77,250,0" /><INIT seed="2,0,0,4,5,108" ten="327,370,53,250" oya="2" hai0="122,25,54,134,3,59,18,9,0,76,68,107,67" hai1="66,78,92,120,114,35,62,126,34,115,36,109,131" hai2="6,79,55,118,23,99,49,86,8,95,88,74,63" hai3="10,41,85,33,26,61,57,100,50,98,72,14,128"/><V22/><F118/><W1/><G72/><T105/><D122/><U31/><E109/><V133/><F133/><W71/><G1/><T121/><D121/><U90/><E120/><V84/><F74/><W24/><G128/><T2/><D68/><U40/><E78/><V52/><F79/><W5/><G33/><T44/><D76/><U13/><E131/><V75/><F75/><W129/><G71/><T4/><D67/><U112/><E126/><V106/><F106/><W91/><G129/><T102/><D44/><U20/><E40/><V51/><F63/><W28/><G28/><T46/><D46/><U12/><E36/><V30/><F30/><W94/><G50/><N who="2" m="18953" /><F8/><W89/><G41/><T82/><D82/><U60/><E13/><V111/><F6/><W15/><G15/><T43/><D43/><U93/><E62/><V87/><F111/><W125/><G125/><T37/><D37/><U130/><E130/><V64/><F64/><W65/><REACH who="3" step="1"/><G91/><REACH who="3" ten="327,370,53,240" step="2"/><T19/><D0/><U113/><E35/><V127/><F127/><W135/><G135/><T32/><D2/><U101/><E34/><V48/><N who="2" m="18961" /><V53/><AGARI ba="0,1" hai="22,23,52,53,55,84,86,87,88,95,99" m="18961" machi="53" ten="40,12000,1" yaku="4,1,8,1,54,2" doraHai="108" who="2" fromWho="2" sc="327,-40,370,-40,53,130,240,-40" /><INIT seed="2,1,0,2,1,36" ten="287,330,183,200" oya="2" hai0="53,122,132,55,70,5,1,17,29,4,98,135,39" hai1="13,61,31,86,67,99,43,107,131,73,92,113,82" hai2="106,58,127,51,8,81,80,95,123,75,44,90,42" hai3="12,25,128,126,121,57,101,104,91,105,34,22,23"/><V6/><F123/><W74/><G74/><T76/><D70/><U97/><E113/><V66/><F106/><W87/><G121/><T124/><D76/><U112/><E112/><V37/><F127/><W96/><G128/><T78/><D78/><U20/><E73/><V100/><F100/><W52/><G126/><T62/><D62/><U130/><E99/><V83/><F37/><W88/><G105/><T102/><D39/><U18/><E31/><V21/><F21/><W64/><G64/><T72/><D72/><U69/><E107/><V71/><F71/><W115/><G115/><T3/><D17/><U68/><E68/><V50/><F75/><W93/><G12/><T118/><D29/><U125/><E125/><V59/><F66/><W46/><G46/><T38/><D38/><U26/><E26/><V28/><F28/><W45/><G45/><T119/><D124/><U110/><E110/><V49/><F8/><W109/><G109/><T134/><D122/><U40/><E86/><V24/><F6/><N who="0" m="2666" /><D98/><U14/><E82/><V2/><F2/><N who="0" m="522" /><D102/><N who="1" m="60711" /><E13/><V103/><F24/><W114/><G114/><T108/><D108/><U48/><E48/><N who="2" m="26647" /><F103/><W10/><G104/><T0/><D0/><U79/><E79/><V30/><F30/><N who="3" m="19791" /><G101/><T16/><D16/><U65/><E67/><V60/><F60/><N who="3" m="35879" /><G10/><T56/><D56/><N who="2" m="21546" /><F49/><W19/><G19/><T116/><AGARI ba="1,0" hai="53,55,116,118,119,132,134,135" m="522,2666" machi="116" ten="50,8000,1" yaku="28,2,12,1,20,1" doraHai="36" who="0" fromWho="0" sc="287,83,330,-21,183,-41,200,-21" /><INIT seed="3,0,0,5,3,30" ten="370,309,142,179" oya="3" hai0="50,4,67,12,31,63,28,100,77,126,15,53,52" hai1="114,131,134,33,55,6,128,61,80,101,45,94,78" hai2="90,103,62,48,119,74,130,85,26,66,9,69,98" hai3="129,23,68,10,65,75,86,107,36,111,0,3,57"/><W105/><G57/><N who="0" m="37359" /><D126/><U121/><E121/><V24/><F119/><W70/><G86/><T34/><D34/><U60/><E114/><V93/><F130/><N who="1" m="49705" /><E6/><V125/><F74/><W124/><G23/><T59/><D100/><U99/><E134/><V58/><F125/><W51/><G51/><N who="0" m="31135" /><D77/><U122/><E122/><V13/><F69/><W135/><G124/><T123/><D123/><U18/><E18/><V11/><F48/><W96/><G70/><T14/><D4/><U117/><E117/><V17/><REACH who="2" step="1"/><F9/><REACH who="2" ten="370,309,132,179" step="2"/><W64/><G10/><T22/><D22/><U49/><E33/><V115/><F115/><W120/><G129/><T102/><D102/><U41/><E41/><V27/><F27/><W133/><G120/><T72/><D72/><AGARI ba="0,1" hai="45,49,55,60,61,72,78,80,94,99,101" m="49705" machi="72" ten="30,1000,0" yaku="19,1" doraHai="30" who="1" fromWho="0" sc="370,-10,309,20,132,0,179,0" /><INIT seed="4,0,0,0,4,76" ten="360,329,132,179" oya="0" hai0="43,65,77,91,13,11,106,40,72,109,78,59,116" hai1="17,90,67,130,84,0,26,108,96,118,112,54,135" hai2="131,9,8,38,69,53,128,55,100,81,28,51,62" hai3="14,41,134,31,57,58,80,126,15,46,7,2,124"/><T22/><D116/><U86/><E118/><V24/><F38/><W29/><G2/><T115/><D106/><U129/><E108/><V75/><F100/><W50/><G134/><T92/><D115/><U83/><E112/><V61/><F69/><W37/><G7/><T35/><D35/><U93/><E0/><V21/><F128/><N who="1" m="49257" /><E67/><V122/><F131/><W82/><G50/><T16/><D109/><U121/><E121/><V105/><F105/><W89/><G89/><T85/><D11/><U119/><E119/><V99/><F99/><W95/><G95/><T44/><D72/><U123/><E123/><V45/><F122/><W73/><G73/><T52/><D65/><U102/><E54/><V104/><F104/><W33/><G33/><T18/><D18/><U30/><E17/><V125/><F125/><W10/><G10/><T110/><D110/><U19/><E19/><V88/><F75/><W63/><G63/><N who="2" m="24073" /><F53/><W68/><G68/><T98/><D44/><U103/><E135/><V1/><F1/><W20/><G46/><T120/><D120/><U101/><E30/><V34/><F34/><W113/><G113/><T60/><REACH who="0" step="1"/><D98/><REACH who="0" ten="350,329,132,179" step="2"/><U49/><E96/><V25/><F24/><W79/><G126/><T107/><D107/><U127/><E127/><V133/><F133/><W23/><G124/><T47/><D47/><U32/><E32/><V3/><F3/><W48/><G15/><T12/><D12/><U71/><E26/><V117/><F117/><W66/><G14/><T111/><D111/><U114/><E114/><V74/><F74/><W4/><G66/><RYUUKYOKU ba="0,1" sc="350,15,329,-15,132,15,179,-15" hai0="13,16,22,40,43,52,59,60,77,78,85,91,92" hai2="8,9,21,25,28,45,51,55,81,88" /><INIT seed="4,1,1,3,4,84" ten="365,314,147,164" oya="0" hai0="56,62,135,4,104,119,79,61,81,0,129,29,127" hai1="59,24,22,21,93,112,74,90,18,72,13,46,111" hai2="36,64,9,85,108,88,128,65,1,17,27,120,40" hai3="11,48,34,33,94,99,35,32,133,50,134,101,70"/><T6/><D104/><U16/><E111/><V20/><F108/><W55/><G70/><T43/><D119/><U54/><E46/><V124/><F128/><W14/><N who="3" m="8704" /><DORA hai="121" /><W69/><G69/><T82/><D29/><U126/><E126/><V8/><F124/><W78/><G78/><T98/><D98/><U77/><E77/><V47/><F120/><W63/><G63/><T7/><D43/><U80/><E80/><V3/><F8/><W42/><G42/><T44/><D44/><U45/><E45/><V66/><REACH who="2" step="1"/><F9/><REACH who="2" ten="365,314,137,164" step="2"/><W68/><G68/><T107/><D129/><U60/><REACH who="1" step="1"/><E112/><REACH who="1" ten="365,304,137,164" step="2"/><V2/><F2/><W114/><G114/><T96/><D0/><U86/><AGARI ba="1,3" hai="13,16,18,21,22,24,54,59,60,72,74,86,90,93" machi="86" ten="20,12000,2" yaku="1,1,2,1,0,1,7,1,52,1,54,1,53,1" doraHai="84,121" doraHaiUra="130,58" who="1" fromWho="1" sc="365,-61,304,153,137,-31,164,-31" /><INIT seed="5,0,0,1,1,32" ten="304,457,106,133" oya="1" hai0="19,83,11,119,31,114,111,57,64,125,66,44,9" hai1="94,115,39,3,15,85,46,52,29,91,1,121,70" hai2="58,80,93,69,123,55,27,45,4,92,48,8,129" hai3="21,100,65,98,53,42,118,34,6,50,96,106,84"/><U75/><E75/><V47/><F123/><W74/><G34/><T24/><D111/><U122/><E121/><V14/><F69/><W59/><G74/><T51/><D119/><U113/><E70/><V49/><F129/><W116/><G42/><T67/><D114/><N who="1" m="43531" /><E122/><V73/><F27/><W107/><G65/><T36/><D36/><U81/><E29/><V128/><F128/><W18/><G6/><T135/><D135/><U56/><E15/><V38/><F38/><W127/><G84/><T124/><D83/><U33/><E33/><V102/><F102/><W16/><G127/><N who="0" m="48715" /><D57/><U103/><E103/><V131/><F131/><W22/><G107/><T89/><D89/><N who="1" m="51375" /><E46/><V126/><F126/><W78/><G78/><T26/><D19/><U25/><E25/><N who="0" m="9833" /><D31/><U28/><E28/><V72/><F72/><W134/><G134/><T101/><D101/><U109/><E109/><V108/><F108/><W13/><G118/><T17/><D17/><U5/><E39/><V62/><F80/><W2/><G116/><T99/><D99/><N who="1" m="57823" /><E5/><V37/><F37/><W43/><G98/><T0/><D44/><U77/><E77/><V7/><F4/><W71/><G71/><T88/><D67/><U97/><E97/><V132/><F73/><W54/><G18/><T95/><D66/><U110/><E110/><V120/><F132/><W63/><G22/><T82/><D64/><U105/><E105/><V40/><F120/><W130/><G130/><T112/><D112/><U79/><E79/><V61/><F45/><N who="3" m="25919" /><G54/><T35/><D35/><U30/><E30/><V104/><F104/><RYUUKYOKU ba="0,0" sc="304,-30,457,10,106,10,133,10" hai1="1,3,52,56" hai2="7,8,14,40,47,48,49,55,58,61,62,92,93" hai3="2,13,16,21,53,59,63,96,100,106" /><INIT seed="5,1,0,1,3,73" ten="274,467,116,143" oya="1" hai0="61,133,87,32,60,109,83,101,129,63,2,107,72" hai1="26,65,69,4,16,21,71,8,68,13,122,112,40" hai2="51,52,14,120,53,74,42,45,128,130,92,84,95" hai3="70,20,121,91,135,39,38,35,43,76,59,12,22"/><U66/><E122/><V97/><F74/><W99/><G35/><T31/><D2/><U108/><E112/><V116/><F116/><W104/><G70/><T88/><D109/><U19/><E108/><V37/><F120/><W134/><G121/><T24/><D133/><N who="3" m="50697" /><G43/><T126/><D129/><N who="2" m="49770" /><F14/><W47/><G47/><T80/><D126/><U105/><E105/><V36/><F84/><W100/><G91/><T124/><D124/><U56/><E40/><V79/><F79/><W18/><G59/><T64/><D72/><U55/><REACH who="1" step="1"/><E4/><REACH who="1" ten="274,457,116,143" step="2"/><V48/><F42/><W3/><G104/><T81/><REACH who="0" step="1"/><D64/><REACH who="0" ten="264,457,116,143" step="2"/><U28/><E28/><V110/><F110/><W49/><G39/><T6/><D6/><U127/><E127/><V113/><F113/><W50/><G38/><T125/><D125/><U25/><E25/><V30/><F30/><W58/><G18/><T77/><D77/><U62/><AGARI ba="1,2" hai="8,13,16,19,21,26,55,56,62,65,66,68,69,71" machi="62" ten="30,6000,0" yaku="1,1,0,1,54,1,53,0" doraHai="73" doraHaiUra="89" who="1" fromWho="1" sc="264,-21,457,83,116,-21,143,-21" /><INIT seed="5,2,0,1,4,76" ten="243,540,95,122" oya="1" hai0="8,113,77,72,60,89,70,55,52,9,22,38,104" hai1="130,81,67,27,106,21,20,131,82,46,116,37,24" hai2="12,84,64,63,134,1,44,107,120,99,13,121,10" hai3="53,73,43,31,91,109,26,105,14,4,126,94,69"/><U100/><E116/><V11/><F134/><W118/><G109/><T25/><D38/><U115/><E67/><V39/><F1/><W68/><G105/><T41/><D104/><U98/><E115/><V92/><F107/><W114/><G73/><T56/><D41/><U132/><E132/><V90/><F39/><W61/><G43/><T86/><D70/><U51/><E37/><V32/><F32/><W95/><G95/><T135/><D135/><U49/><E27/><V40/><F40/><W47/><G126/><T36/><D36/><U54/><E49/><V133/><F44/><W124/><G124/><T23/><D23/><N who="1" m="8779" /><E24/><V122/><F133/><W7/><G69/><T71/><D71/><U97/><E97/><V80/><F13/><W128/><G14/><T112/><D77/><U111/><E111/><V57/><REACH who="2" step="1"/><F12/><REACH who="2" ten="243,540,85,122" step="2"/><W28/><G26/><T117/><D112/><U48/><E51/><V45/><F45/><W29/><G47/><T15/><D113/><U65/><E65/><V102/><AGARI ba="2,1" hai="10,11,57,63,64,80,84,90,92,99,102,120,121,122" machi="102" ten="30,4000,0" yaku="1,1,0,1,52,1,53,0" doraHai="76" doraHaiUra="123" who="2" fromWho="2" sc="243,-12,540,-22,85,56,122,-12" /><INIT seed="6,0,0,3,5,54" ten="231,518,141,110" oya="2" hai0="57,1,65,64,13,45,128,59,117,113,24,100,106" hai1="9,51,124,42,7,26,25,95,12,73,60,58,99" hai2="36,46,116,85,38,5,55,31,75,18,135,97,10" hai3="121,66,67,41,81,35,131,130,78,126,93,74,39"/><V111/><F116/><W0/><G121/><T76/><D1/><U123/><E73/><V110/><F75/><W104/><G93/><T115/><D117/><U28/><E124/><V61/><F135/><W14/><G14/><T4/><D128/><U107/><E107/><V89/><F18/><W29/><G126/><T40/><D76/><U134/><E134/><V27/><F97/><W77/><G77/><T114/><D24/><U50/><E123/><V16/><F46/><W118/><G118/><T80/><D80/><U133/><E133/><V6/><F55/><W43/><G104/><T103/><D100/><N who="1" m="60543" /><E42/><V63/><F89/><W129/><G0/><T37/><D103/><U84/><E84/><V15/><F85/><W98/><G98/><T71/><D106/><U122/><E122/><V112/><F112/><W125/><G125/><T132/><D132/><U52/><E28/><V49/><F49/><AGARI ba="0,0" hai="7,9,12,25,26,49,50,51,52,58,60" m="60543" machi="49" ten="30,3900,0" yaku="8,1,52,1,54,1" doraHai="54" who="1" fromWho="2" sc="231,0,518,39,141,-39,110,0" /><INIT seed="7,0,0,0,2,6" ten="231,557,102,110" oya="3" hai0="135,50,1,64,134,128,100,75,16,40,37,10,42" hai1="53,91,15,52,44,115,89,45,21,17,106,116,29" hai2="22,83,39,3,78,90,47,69,23,102,98,107,126" hai3="133,49,5,12,95,59,4,111,67,38,110,0,33"/><W25/><G38/><T35/><D35/><U82/><E106/><V76/><F69/><W65/><G0/><T132/><D75/><U19/><E29/><V28/><F126/><W7/><G133/><T125/><D100/><U18/><E115/><V79/><F3/><W81/><G81/><T60/><D1/><U34/><E34/><V27/><F23/><W112/><G112/><T26/><D125/><U92/><E116/><V127/><F127/><W11/><G95/><T2/><D37/><U57/><E82/><V113/><F113/><W71/><G71/><T86/><D86/><N who="1" m="52279" /><E91/><V96/><F39/><W8/><G25/><T66/><D64/><N who="3" m="24649" /><G12/><N who="0" m="7191" /><D2/><U105/><E105/><V54/><F96/><W74/><G74/><T58/><D128/><U123/><E123/><V14/><F90/><W84/><G84/><T68/><D26/><N who="1" m="14639" /><E53/><AGARI ba="0,0" hai="40,42,50,53,58,60,66,68,132,134,135" m="7191" machi="53" ten="30,3900,0" yaku="20,1,52,1,54,1" doraHai="6" who="0" fromWho="1" sc="231,39,557,-39,102,0,110,0" owari="270,7.0,518,62.0,102,-40.0,110,-29.0" /></mjloggm>