<mjloggm ver="2.3"><GO type="41" lobby="0"/><UN n0="%E3%83%A0%E3%83%A9%E3%83%AA%E3%83%B3" n1="%E2%93%9D%53%75%70%68%78" n2="%E5%B0%8F%E7%80%AC%E5%B7%9D%E7%99%BD%E6%9C%9B" n3="%E7%9C%A0%E3%81%84%EF%BD%9E" dan="13,18,14,13" rate="1880.25,2122.94,1984.26,1861.95" sx="M,M,F,M"/><TAIKYOKU oya="0"/><INIT seed="0,0,0,4,0,29" ten="250,250,250,250" oya="0" hai0="117,42,127,131,66,71,15,2,77,54,4,76,5" hai1="75,111,59,65,10,9,79,55,49,93,17,88,12" hai2="14,6,27,40,19,92,91,130,18,1,28,63,96" hai3="52,124,107,121,62,43,114,82,101,68,102,61,34"/><T116/><D2/><U58/><E111/><V123/><F123/><W46/><G124/><T36/><D71/><U70/><E70/><V8/><F130/><W113/><G121/><T7/><D66/><U104/><E104/><V64/><F40/><W47/><G82/><T97/><D127/><U106/><E106/><V20/><REACH who="2" step="1"/><F1/><REACH who="2" ten="250,250,240,250" step="2"/><W37/><G43/><T89/><D131/><U110/><E110/><V134/><F134/><W84/><G114/><T122/><D42/><U119/><E119/><V0/><F0/><W105/><G113/><T98/><D122/><U23/><E75/><V50/><F50/><W126/><G126/><T72/><D36/><U74/><E74/><V90/><F90/><W24/><G37/><T94/><D116/><U95/><E79/><V25/><F25/><W120/><G24/><T133/><D117/><U48/><E48/><V83/><F83/><W132/><G120/><T69/><D133/><U100/><E100/><V67/><F67/><W53/><G102/><T13/><D72/><U118/><E118/><V78/><F78/><W51/><G101/><T26/><D26/><U35/><E95/><V31/><F31/><W21/><G107/><T129/><D129/><U103/><E103/><V85/><F85/><W99/><G84/><N who="0" m="52519" /><D76/><U80/><E80/><V11/><F11/><W125/><G105/><T30/><D77/><U115/><E115/><V60/><F60/><N who="3" m="23147" /><G125/><T33/><D54/><U87/><E65/><V22/><F22/><W56/><G52/><T45/><D30/><U3/><E55/><V108/><F108/><W41/><G132/><RYUUKYOKU ba="0,1" sc="250,-10,250,-10,240,30,250,-10" hai2="6,8,14,18,19,20,27,28,63,64,91,92,96" /><INIT seed="1,1,1,2,1,113" ten="240,240,270,240" oya="1" hai0="6,3,130,75,20,49,129,59,56,47,110,112,96" hai1="42,88,57,33,84,86,98,107,25,10,134,18,100" hai2="51,27,1,135,97,117,68,120,61,21,106,23,80" hai3="28,7,101,4,62,76,38,63,44,43,81,31,17"/><U85/><E134/><V16/><F120/><W8/><G101/><T39/><D75/><U111/><E111/><V119/><F1/><W131/><G131/><N who="0" m="50187" /><D39/><U123/><E123/><V53/><F135/><W73/><G4/><T74/><D112/><U94/><E42/><V30/><F80/><W90/><G17/><T64/><D74/><U124/><E124/><V132/><F132/><W32/><G90/><T127/><D127/><U48/><E33/><V77/><F77/><W122/><G122/><T24/><D64/><U26/><E107/><V14/><F106/><W29/><REACH who="3" step="1"/><G32/><REACH who="3" ten="240,240,270,230" step="2"/><T45/><D110/><U5/><E100/><V34/><F34/><W69/><G69/><T79/><D79/><U54/><REACH who="1" step="1"/><E18/><REACH who="1" ten="240,230,270,230" step="2"/><V50/><F16/><W103/><G103/><T102/><D102/><U99/><E99/><V83/><F97/><W105/><G105/><T104/><D96/><U72/><E72/><V46/><F30/><W52/><G52/><T121/><D104/><U78/><E78/><V9/><F53/><W40/><G40/><T60/><D121/><U116/><E116/><V118/><F118/><W82/><G82/><T128/><D128/><U87/><N who="1" m="21504" /><DORA hai="2" /><U92/><E92/><V35/><F117/><W11/><G11/><T55/><D55/><U70/><E70/><V108/><F83/><W37/><G37/><T58/><D6/><U19/><E19/><V109/><F109/><W115/><G115/><T12/><D3/><AGARI ba="1,3" hai="3,5,10,25,26,48,54,57,88,94,98" m="21504" machi="3" ten="50,9600,0" yaku="1,1,52,1,54,1,53,0" doraHai="113,2" doraHaiUra="71,114" who="1" fromWho="0" sc="240,-99,230,129,270,0,230,0" /><AGARI ba="1,0" hai="3,7,8,28,29,31,38,43,44,62,63,73,76,81" machi="3" ten="40,8000,1" yaku="1,1,25,2,52,1,53,1" doraHai="113,2" doraHaiUra="71,114" who="3" fromWho="0" sc="141,-80,359,0,270,0,230,80" /><INIT seed="1,2,0,4,0,4" ten="61,359,270,310" oya="1" hai0="20,108,74,35,80,83,55,44,127,132,94,114,86" hai1="6,71,26,60,37,10,39,79,9,65,31,30,81" hai2="14,84,38,105,43,17,110,78,82,66,56,106,123" hai3="126,103,102,11,27,29,33,90,49,89,117,61,95"/><U125/><E125/><V42/><F123/><W120/><G126/><T23/><D114/><U1/><E31/><V16/><F110/><W98/><G120/><T111/><D127/><U77/><E77/><V5/><F105/><W40/><G117/><T92/><D35/><U0/><E0/><V7/><F106/><W109/><G109/><T91/><D55/><U36/><E6/><V107/><F107/><BYE who="2" /><W115/><G115/><T104/><D44/><U118/><E1/><V63/><F63/><W70/><G103/><T51/><D51/><U45/><E118/><V50/><F50/><W52/><G40/><T28/><D28/><U116/><E45/><V34/><F34/><W96/><G96/><T54/><D54/><U13/><E13/><V121/><F121/><W97/><G97/><T48/><D48/><U85/><REACH who="1" step="1"/><E116/><REACH who="1" ten="61,349,270,310" step="2"/><V131/><F131/><W8/><G29/><T19/><D19/><U18/><E18/><V129/><F129/><W41/><G33/><AGARI ba="2,1" hai="9,10,26,30,33,36,37,39,60,65,71,79,81,85" machi="33" ten="40,18000,2" yaku="1,1,52,2,53,3" doraHai="4" doraHaiUra="69" who="1" fromWho="3" sc="61,0,349,196,270,0,310,-186" /><INIT seed="1,3,0,5,2,125" ten="61,545,270,124" oya="1" hai0="63,96,95,76,82,56,123,126,26,61,43,97,99" hai1="75,83,17,3,2,106,94,53,19,98,59,120,16" hai2="0,4,92,47,104,9,114,132,21,39,131,33,42" hai3="68,62,71,78,64,124,103,49,31,119,118,130,41"/><U109/><E106/><UN n2="%E5%B0%8F%E7%80%AC%E5%B7%9D%E7%99%BD%E6%9C%9B" /><V34/><F104/><W69/><G103/><T91/><D126/><U101/><E120/><V74/><F132/><W27/><G78/><T89/><D123/><U87/><E75/><V115/><F92/><W72/><G72/><T30/><D43/><U11/><E109/><V128/><F21/><W38/><G124/><T105/><D105/><U50/><REACH who="1" step="1"/><E11/><REACH who="1" ten="61,535,270,124" step="2"/><V20/><F74/><W45/><G31/><T113/><D113/><N who="2" m="43018" /><F20/><W100/><G119/><T134/><D134/><U121/><E121/><V25/><F25/><W23/><G118/><T10/><D10/><U129/><E129/><AGARI ba="3,1" hai="0,4,9,33,34,39,42,47,128,129,131" m="43018" machi="129" ten="30,12000,2" yaku="19,1,11,1,23,1,52,3" doraHai="125" who="2" fromWho="1" sc="61,0,535,-129,270,139,124,0" /><INIT seed="2,0,0,3,4,56" ten="61,406,409,124" oya="2" hai0="13,125,72,111,32,86,14,84,21,83,121,129,106" hai1="100,78,61,110,15,45,130,9,63,118,29,40,109" hai2="127,103,48,134,85,55,68,42,131,89,31,116,33" hai3="10,79,38,20,102,98,22,6,62,50,67,16,94"/><V35/><F116/><W30/><G38/><T87/><D32/><U37/><E118/><V73/><F73/><W59/><G79/><T0/><D0/><U2/><E130/><V122/><F122/><W71/><G50/><T17/><D121/><U74/><E100/><V101/><F131/><W114/><G114/><T27/><D129/><U19/><E29/><V11/><F68/><W18/><G71/><T76/><D111/><N who="1" m="42507" /><E2/><V92/><F134/><W28/><G6/><T77/><D106/><U132/><E132/><V124/><F42/><W4/><G10/><T51/><D125/><N who="2" m="48202" /><F11/><W65/><G65/><T115/><D115/><U120/><E120/><V96/><F31/><W126/><G4/><T24/><D72/><U46/><E46/><N who="2" m="28055" /><F101/><W123/><G123/><T107/><D107/><AGARI ba="0,0" hai="33,35,85,89,92,96,103,107" m="28055,48202" machi="107" ten="30,1500,0" yaku="18,1" doraHai="56" who="2" fromWho="0" sc="61,-15,406,0,409,15,124,0" /><INIT seed="2,1,0,0,5,68" ten="46,406,424,124" oya="2" hai0="130,16,14,52,0,4,72,30,36,98,69,120,115" hai1="131,67,47,42,10,54,58,109,6,85,89,110,127" hai2="100,74,49,46,82,57,91,37,80,87,27,33,29" hai3="132,48,119,23,88,35,55,102,31,114,11,9,43"/><V12/><F100/><W90/><G132/><T79/><D120/><U71/><E127/><V5/><F57/><W18/><G35/><T3/><D115/><U70/><E131/><V112/><F112/><W40/><G119/><T15/><D69/><U44/><E85/><V73/><F80/><W108/><G108/><N who="1" m="41578" /><E89/><V41/><REACH who="2" step="1"/><F49/><REACH who="2" ten="46,406,414,124" step="2"/><W21/><G48/><T134/><D36/><N who="1" m="21575" /><E67/><V94/><F94/><W45/><G102/><T81/><D81/><U103/><E103/><V65/><F65/><W118/><G114/><T104/><D104/><U56/><E56/><V38/><F38/><W2/><G90/><T95/><D95/><U92/><E92/><V124/><F124/><W113/><G88/><T93/><D93/><U78/><E78/><V128/><F128/><W51/><G51/><T106/><D106/><U24/><E47/><V116/><F116/><W61/><G45/><T105/><D105/><U50/><E24/><V60/><F60/><W107/><G61/><T133/><D130/><U1/><AGARI ba="1,1" hai="1,6,10,50,54,58,70,71" m="21575,41578" machi="1" ten="30,2000,0" yaku="14,1,52,1" doraHai="68" who="1" fromWho="1" sc="46,-6,406,33,414,-11,124,-6" /><INIT seed="3,0,0,0,2,47" ten="40,439,403,118" oya="3" hai0="52,62,102,131,126,79,106,15,34,46,67,53,36" hai1="100,63,42,132,65,133,66,70,73,0,39,121,128" hai2="43,107,12,35,91,113,38,86,95,119,8,88,92" hai3="110,116,89,76,11,21,127,99,40,25,68,30,6"/><W44/><G116/><T54/><D34/><U118/><E73/><V55/><F119/><W123/><G123/><T108/><D108/><U74/><E74/><V97/><F35/><W101/><G127/><T112/><D112/><U115/><E0/><V60/><F113/><W23/><G68/><T26/><D126/><U28/><E128/><V77/><F107/><W10/><G110/><T56/><D131/><U84/><E100/><V51/><F38/><W41/><G76/><T7/><D79/><U96/><E66/><V117/><F117/><W31/><G89/><T111/><D26/><U81/><E28/><V78/><F43/><W27/><G6/><T59/><D111/><U13/><E96/><V122/><F60/><W125/><G125/><T120/><D120/><U32/><E115/><V104/><F104/><W29/><G29/><T48/><D102/><U103/><E103/><V90/><F90/><W75/><G75/><T93/><D93/><U82/><E82/><V45/><F122/><W134/><G134/><T16/><D7/><AGARI ba="0,0" hai="7,8,12,45,51,55,77,78,86,88,91,92,95,97" machi="7" ten="30,7700,0" yaku="7,1,8,1,52,1,54,1" doraHai="47" who="2" fromWho="0" sc="40,-77,439,0,403,77,118,0" owari="-37,-54.0,439,24.0,480,58.0,118,-28.0" /></mjloggm>