<mjloggm ver="2.3"><GO type="41" lobby="0"/><UN n0="%40%6E%6F%73%75%6B%65%40" n1="%63%61%69%6E%30%30%30%31" n2="%E2%93%9D%53%75%70%68%78" n3="%6B%69%6E%67%66%69%73%68" dan="15,14,18,13" rate="1988.39,2033.45,2098.13,1885.53" sx="M,M,M,M"/><TAIKYOKU oya="0"/><INIT seed="0,0,0,3,0,99" ten="250,250,250,250" oya="0" hai0="49,65,90,84,115,106,135,109,71,52,50,114,75" hai1="61,69,70,64,123,102,62,0,73,42,11,130,92" hai2="59,104,9,107,129,3,36,18,85,91,5,33,43" hai3="95,37,10,103,119,29,51,105,120,45,39,133,118"/><T117/><D117/><U56/><E123/><V53/><F33/><W76/><G105/><T32/><D75/><U21/><E73/><V19/><F129/><W74/><G120/><T20/><D32/><U44/><E130/><V38/><F107/><W12/><G133/><T124/><D135/><U127/><E127/><V80/><F104/><W47/><G29/><T96/><D124/><U112/><E112/><V58/><F58/><W22/><G22/><T97/><D50/><U122/><E122/><V89/><F89/><W4/><G47/><T72/><D72/><U35/><E35/><V6/><F6/><W1/><G1/><T31/><D109/><U81/><E81/><V41/><F38/><W46/><G46/><T113/><D65/><U78/><E78/><V66/><F66/><W7/><G7/><T2/><D2/><U26/><E11/><V134/><F134/><W48/><G48/><T34/><D71/><U27/><E26/><V16/><REACH who="2" step="1"/><F36/><REACH who="2" ten="250,250,240,250" step="2"/><W82/><G39/><T101/><D34/><U55/><E0/><V79/><F79/><W98/><G37/><T100/><D106/><U17/><E64/><V93/><F93/><W131/><REACH who="3" step="1"/><G131/><REACH who="3" ten="250,250,240,240" step="2"/><T54/><D114/><U28/><E70/><V125/><F125/><W60/><G60/><AGARI ba="0,2" hai="3,5,9,16,18,19,41,43,53,59,60,80,85,91" machi="60" ten="40,2600,0" yaku="1,1,54,1,53,0" doraHai="99" doraHaiUra="25" who="2" fromWho="3" sc="250,0,250,0,240,46,240,-26" /><INIT seed="1,0,0,0,0,10" ten="250,250,286,214" oya="1" hai0="56,21,128,76,134,32,101,40,97,68,88,100,107" hai1="24,111,60,87,15,39,46,26,42,72,43,118,135" hai2="1,2,117,125,105,99,82,131,79,70,116,27,103" hai3="81,36,93,95,45,28,16,96,4,12,48,38,130"/><U44/><E118/><V23/><F131/><W55/><G130/><T106/><D128/><U5/><E72/><V17/><F125/><W80/><G4/><T102/><D32/><U78/><E135/><V50/><F70/><W13/><G36/><T3/><D68/><U18/><E111/><V89/><F89/><W34/><G34/><T122/><D134/><U67/><E5/><V112/><F112/><W84/><G38/><T114/><D114/><U109/><E109/><V133/><F133/><W11/><G28/><T51/><D3/><U119/><E119/><V66/><F66/><W124/><G124/><T69/><D69/><U123/><E123/><V121/><F121/><W47/><G47/><T37/><D76/><U31/><E31/><V14/><F50/><W91/><G13/><T113/><D122/><U8/><E87/><V115/><F115/><W6/><G6/><T73/><D73/><U20/><E78/><V127/><F127/><W59/><G59/><T57/><D113/><U92/><E92/><V30/><F117/><W104/><G104/><T71/><D71/><U65/><E60/><V132/><F132/><W52/><G55/><T61/><D37/><U120/><E120/><V62/><F62/><W64/><G64/><T129/><D129/><U22/><E22/><V33/><REACH who="2" step="1"/><F116/><REACH who="2" ten="250,250,276,214" step="2"/><W110/><G110/><T7/><D51/><N who="1" m="27031" /><E67/><V49/><F49/><W25/><G25/><N who="1" m="9834" /><E65/><V85/><AGARI ba="0,1" hai="1,2,14,17,23,27,30,33,79,82,85,99,103,105" machi="85" ten="20,5200,0" yaku="1,1,0,1,7,1,52,1,53,0" doraHai="10" doraHaiUra="63" who="2" fromWho="2" sc="250,-13,250,-26,276,62,214,-13" /><INIT seed="2,0,0,4,3,43" ten="237,224,338,201" oya="2" hai0="17,57,109,110,4,38,100,56,117,103,6,83,9" hai1="118,46,84,66,133,59,32,34,80,77,33,78,76" hai2="54,104,79,45,8,29,15,31,60,13,51,74,93" hai3="24,123,21,73,22,121,125,39,120,97,86,2,36"/><V61/><F104/><W62/><G73/><T71/><D71/><U90/><E133/><V85/><F74/><W40/><G2/><T101/><D117/><U81/><E118/><V111/><F15/><W16/><G125/><T67/><D38/><U130/><E130/><V99/><F111/><W96/><G40/><T105/><D105/><U124/><E124/><V11/><F11/><W98/><G86/><T0/><D6/><U119/><E119/><V53/><F85/><W48/><G48/><T30/><D30/><N who="2" m="11274" /><F54/><W52/><G22/><T28/><D28/><U115/><E115/><V20/><F79/><W87/><G87/><T72/><D67/><U12/><E12/><V50/><F50/><W135/><G135/><T35/><D35/><U65/><E81/><V27/><F20/><W113/><G113/><T95/><D110/><U25/><E25/><V70/><F70/><W127/><G127/><T5/><D5/><U129/><E129/><V64/><F64/><W91/><G91/><T10/><D109/><U63/><E32/><V122/><F122/><W134/><G134/><T112/><D112/><U132/><E33/><V82/><F82/><W42/><G42/><T58/><D83/><U88/><E34/><V108/><F27/><W92/><G92/><T75/><D95/><N who="1" m="54727" /><E66/><V44/><F108/><W47/><G62/><T102/><N who="0" m="25600" /><DORA hai="37" /><T55/><REACH who="0" step="1"/><D55/><REACH who="0" ten="227,224,338,201" step="2"/><U94/><E132/><V114/><F114/><W18/><G123/><T107/><D107/><U41/><E80/><V126/><F126/><W68/><G121/><T69/><D69/><U128/><E128/><RYUUKYOKU ba="0,1" sc="227,30,224,-10,338,-10,201,-10" hai0="0,4,9,10,17,56,57,58,72,75" /><INIT seed="3,1,1,3,0,0" ten="257,214,328,191" oya="3" hai0="103,117,94,10,76,41,86,112,20,130,111,38,85" hai1="45,14,82,26,122,57,35,44,88,104,97,42,62" hai2="49,2,134,5,8,65,87,28,46,39,69,109,34" hai3="54,23,75,63,79,53,124,7,56,52,92,36,1"/><W61/><G36/><T19/><D117/><U106/><E122/><V107/><F87/><W11/><G124/><T101/><D111/><U113/><E113/><V127/><F49/><W47/><G92/><T120/><D120/><U121/><E121/><V48/><F48/><W71/><G23/><T83/><D112/><U31/><E14/><V64/><F134/><W24/><G24/><T59/><D130/><U15/><E15/><V116/><F65/><W114/><G114/><T74/><D74/><U77/><E77/><V133/><F109/><W108/><G108/><T18/><D41/><U89/><E89/><V32/><F133/><W25/><G47/><T126/><D38/><U72/><E72/><V22/><F107/><W99/><G25/><T93/><D126/><U12/><E12/><V80/><F116/><W50/><G50/><T129/><D129/><U16/><E16/><N who="0" m="6185" /><D20/><U100/><E106/><V102/><F22/><W40/><G40/><T96/><D10/><U98/><E42/><V30/><F39/><W95/><G79/><T4/><D59/><U105/><E105/><V128/><F46/><W90/><REACH who="3" step="1"/><G75/><REACH who="3" ten="257,214,328,181" step="2"/><T115/><D115/><U21/><E35/><V123/><F127/><W67/><AGARI ba="1,2" hai="1,7,11,52,53,54,56,61,63,67,71,90,95,99" machi="67" ten="30,18000,2" yaku="1,1,2,1,0,1,52,1,54,1,53,1" doraHai="0" doraHaiUra="3" who="3" fromWho="3" sc="257,-61,214,-61,328,-61,181,203" /><INIT seed="3,2,0,1,4,97" ten="196,153,267,384" oya="3" hai0="70,5,55,53,109,108,38,36,12,77,63,7,107" hai1="126,68,34,40,30,119,73,45,71,86,9,133,29" hai2="95,60,20,72,26,3,33,83,127,57,24,78,74" hai3="25,37,28,102,66,111,49,130,44,120,41,50,13"/><W22/><G120/><T100/><D77/><U82/><E73/><V93/><F3/><W15/><G130/><T116/><D116/><U59/><E133/><V80/><F127/><W112/><G112/><T99/><D70/><U122/><E122/><V96/><F33/><W128/><G128/><T18/><D7/><U94/><E126/><V2/><F2/><W56/><G111/><N who="0" m="42571" /><D5/><U39/><E119/><V114/><F114/><W35/><G35/><T62/><D55/><U115/><E115/><V64/><F95/><W87/><G87/><T129/><D129/><U21/><E34/><V76/><REACH who="2" step="1"/><F20/><REACH who="2" ten="196,153,257,384" step="2"/><W4/><G22/><N who="0" m="11591" /><D53/><U92/><E94/><V105/><F105/><W48/><G66/><T79/><D79/><U27/><E92/><V43/><F43/><W6/><G41/><T46/><D46/><U123/><E123/><V89/><AGARI ba="2,1" hai="24,26,57,60,64,72,74,76,78,80,83,89,93,96" machi="89" ten="20,8000,1" yaku="1,1,0,1,7,1,9,1,53,1" doraHai="97" doraHaiUra="88" who="2" fromWho="2" sc="196,-22,153,-22,257,96,384,-42" /><INIT seed="4,0,0,1,5,52" ten="174,131,353,342" oya="0" hai0="76,26,63,17,21,5,79,42,133,107,113,95,62" hai1="129,86,50,49,51,105,41,85,46,12,77,111,123" hai2="2,120,97,37,25,7,130,88,69,67,106,3,6" hai3="70,110,14,11,87,99,0,24,60,126,83,127,81"/><T4/><D113/><U30/><E123/><V118/><F120/><W112/><G112/><T54/><D107/><U73/><E129/><V40/><F130/><W92/><G0/><T39/><D133/><U64/><E105/><V29/><F118/><W19/><G110/><T96/><D42/><U135/><E111/><V94/><F3/><W84/><G24/><T55/><D39/><U114/><E114/><V108/><F2/><W38/><G38/><T31/><D31/><U78/><E135/><V48/><F37/><W91/><G70/><T59/><D79/><U53/><E30/><V66/><F69/><W57/><G127/><T34/><D76/><U122/><E64/><V56/><F106/><W45/><G45/><T100/><D34/><U98/><E122/><V115/><F108/><W27/><G27/><T72/><D72/><U10/><E98/><V28/><F28/><W71/><G71/><T131/><D131/><U124/><E51/><V68/><F68/><W9/><G9/><T74/><D74/><U61/><E61/><N who="2" m="38183" /><F67/><N who="3" m="39311" /><G126/><T82/><D82/><AGARI ba="0,0" hai="11,14,19,81,82,83,84,87,91,92,99" m="39311" machi="82" ten="30,2000,0" yaku="8,1,52,1" doraHai="52" who="3" fromWho="0" sc="174,-20,131,0,353,0,342,20" /><INIT seed="5,0,0,4,0,55" ten="154,131,353,362" oya="1" hai0="28,48,67,21,87,63,84,17,110,38,111,13,96" hai1="5,130,35,30,100,116,44,133,74,7,109,134,12" hai2="112,23,90,37,22,59,2,115,15,127,103,47,89" hai3="114,58,26,92,99,33,123,10,83,131,69,77,43"/><U88/><E116/><V66/><F2/><W71/><G114/><N who="2" m="43561" /><F127/><W126/><G123/><T125/><D125/><U57/><E130/><V54/><F103/><W72/><G126/><T82/><D38/><U98/><E109/><V68/><F66/><W118/><G118/><T31/><D111/><U20/><E74/><V46/><F68/><W65/><G131/><T102/><D48/><U108/><E44/><N who="2" m="16939" /><F37/><W124/><G124/><T97/><D110/><U129/><E108/><V70/><F70/><W132/><G132/><N who="1" m="50794" /><E129/><V64/><F64/><W53/><G43/><T76/><D87/><U40/><E40/><V62/><F15/><W49/><G65/><T91/><D76/><U61/><E88/><AGARI ba="0,0" hai="22,23,54,59,62,88,89,90" m="16939,43561" machi="88" ten="30,7700,0" yaku="15,1,11,1,52,1,54,1" doraHai="55" who="2" fromWho="1" sc="154,0,131,-77,353,77,362,0" /><INIT seed="6,0,0,3,0,2" ten="154,54,430,362" oya="2" hai0="51,34,11,128,31,124,47,130,55,44,86,58,24" hai1="45,21,88,28,6,7,97,66,8,16,3,1,89" hai2="99,56,68,123,49,121,30,70,32,126,78,20,4" hai3="33,63,23,134,110,94,9,113,22,15,93,98,125"/><V42/><F4/><N who="1" m="1577" /><E66/><V79/><F126/><W75/><G110/><T80/><D11/><U43/><E45/><V18/><F70/><W119/><G119/><T40/><D124/><U117/><E43/><V35/><F99/><W100/><G125/><T37/><REACH who="0" step="1"/><D44/><REACH who="0" ten="144,54,430,362" step="2"/><U114/><E117/><V73/><F123/><W17/><G134/><T48/><D48/><U122/><E114/><V71/><F49/><W92/><G113/><T50/><D50/><U61/><E122/><V83/><F121/><W12/><G63/><T57/><D57/><U52/><E1/><V65/><F56/><W127/><G127/><T81/><D81/><U41/><E3/><V135/><F71/><W36/><G36/><T109/><D109/><U27/><E41/><V85/><F68/><W76/><G100/><T104/><D104/><U112/><E8/><V14/><F42/><W25/><G9/><T105/><D105/><U115/><E112/><V64/><F135/><W53/><G94/><T108/><D108/><U59/><E115/><V13/><F83/><W74/><G93/><T67/><D67/><U26/><E97/><V102/><F65/><W19/><G98/><T132/><D132/><U54/><E54/><V90/><F64/><W103/><G53/><T69/><D69/><U131/><E131/><V46/><F46/><W62/><G62/><T77/><AGARI ba="0,1" hai="24,31,34,37,40,47,51,55,58,77,80,86,128,130" machi="77" ten="30,2000,0" yaku="1,1,0,1,53,0" doraHai="2" doraHaiUra="5" who="0" fromWho="0" sc="144,30,54,-5,430,-10,362,-5" /><INIT seed="7,0,0,1,3,39" ten="174,49,420,357" oya="3" hai0="29,133,44,8,128,6,85,130,5,34,12,61,49" hai1="81,95,87,30,91,111,88,114,126,113,1,104,40" hai2="64,4,14,103,68,110,22,116,121,86,16,17,74" hai3="117,18,24,109,99,112,78,26,3,31,19,54,7"/><W72/><G117/><T48/><D133/><U79/><E1/><V71/><F110/><W100/><G112/><T45/><D6/><U89/><E111/><V101/><F74/><W13/><G72/><T108/><D108/><U10/><E10/><V67/><F116/><W98/><G109/><T135/><D135/><U125/><E30/><V82/><F121/><W27/><G78/><T15/><D15/><U63/><E63/><V129/><F129/><W134/><G134/><T51/><D61/><U90/><E104/><V131/><F131/><N who="0" m="50218" /><D85/><U75/><REACH who="1" step="1"/><E40/><REACH who="1" ten="174,39,420,357" step="2"/><V52/><F71/><W127/><G3/><T123/><D8/><U119/><E119/><V76/><F68/><W9/><G127/><AGARI ba="0,1" hai="75,79,81,87,88,89,90,91,95,113,114,125,126,127" machi="127" ten="40,12000,2" yaku="1,1,18,1,34,3,54,1,53,0" doraHai="39" doraHaiUra="55" who="1" fromWho="3" sc="174,0,39,130,420,0,357,-120" owari="174,-23.0,169,-33.0,420,52.0,237,4.0" /></mjloggm>