<mjloggm ver="2.3"><GO type="41" lobby="0"/><UN n0="%E7%8C%AA%E7%8B%A9%E5%AE%88" n1="%70%69%72%6F%6D%69%32" n2="%E3%82%84%E3%81%BE%E6%82%A0%59%59%59%59" n3="%E2%93%9D%53%75%70%68%78" dan="15,15,14,18" rate="2020.10,1925.00,1901.99,2150.47" sx="M,M,M,M"/><TAIKYOKU oya="0"/><INIT seed="0,0,0,3,4,97" ten="250,250,250,250" oya="0" hai0="12,2,32,37,5,107,111,40,118,54,117,101,112" hai1="20,26,108,7,90,4,52,30,122,100,63,11,86" hai2="64,91,51,55,75,15,94,113,61,8,89,67,14" hai3="45,84,28,17,1,36,83,76,102,133,132,85,6"/><T88/><D112/><U98/><E108/><V25/><F113/><W59/><G28/><T120/><D120/><U50/><E63/><V119/><F75/><W135/><G17/><T103/><D32/><U62/><E62/><V123/><F123/><W92/><G59/><T93/><D107/><U95/><E11/><V3/><F3/><W48/><G36/><T126/><D2/><U80/><REACH who="1" step="1"/><E122/><REACH who="1" ten="250,240,250,250" step="2"/><V41/><F8/><W13/><G1/><T9/><D111/><U66/><E66/><V127/><F61/><W82/><G6/><T121/><D121/><U46/><AGARI ba="0,1" hai="4,7,20,26,30,46,50,52,80,86,90,95,98,100" machi="46" ten="20,12000,2" yaku="1,1,0,1,7,1,8,1,52,1,54,1,53,0" doraHai="97" doraHaiUra="69" who="1" fromWho="1" sc="250,-60,240,130,250,-30,250,-30" /><INIT seed="1,0,0,3,3,59" ten="190,370,220,220" oya="1" hai0="125,116,118,80,54,67,8,3,25,111,61,79,16" hai1="20,56,71,0,84,105,29,82,44,68,42,74,87" hai2="98,134,48,5,94,70,88,40,6,100,76,72,81" hai3="26,114,46,90,1,131,24,35,13,52,109,2,7"/><U23/><E105/><V28/><F134/><W17/><G90/><T10/><D111/><U64/><E0/><N who="3" m="106" /><G52/><T104/><D125/><U38/><E74/><V122/><F122/><W12/><G46/><T22/><D104/><U93/><E93/><V45/><F70/><W55/><G55/><T91/><D91/><U69/><E29/><V127/><F127/><W53/><G53/><T92/><D92/><U14/><E14/><V9/><F9/><N who="3" m="4287" /><G114/><T86/><D3/><U11/><E11/><V19/><F100/><W78/><G78/><T128/><D128/><U47/><E47/><V120/><F120/><W57/><G57/><N who="0" m="37295" /><D118/><U73/><E73/><V96/><F96/><W95/><G95/><T15/><D116/><U51/><E84/><V49/><F49/><W63/><G63/><T102/><D102/><U21/><E38/><V75/><F75/><W50/><G50/><T65/><D65/><U112/><E112/><V89/><F89/><W66/><G66/><T106/><D106/><U107/><E107/><V110/><F81/><W113/><G113/><T97/><D97/><U32/><E64/><V62/><F98/><W77/><G109/><T126/><D126/><U99/><E99/><V60/><F72/><W83/><G131/><T43/><D43/><U129/><E129/><V133/><F110/><W101/><G101/><T31/><D54/><U30/><E71/><V37/><F37/><W121/><G121/><T130/><D130/><U117/><E117/><V108/><F108/><W85/><G35/><T124/><D124/><U41/><E32/><V36/><F36/><RYUUKYOKU ba="0,0" sc="190,15,370,-15,220,-15,220,15" hai0="8,10,15,16,22,25,31,79,80,86" hai3="12,17,24,26,77,83,85" /><INIT seed="2,1,0,1,4,4" ten="205,355,205,235" oya="2" hai0="54,22,39,124,41,34,37,32,66,69,51,133,116" hai1="91,108,119,113,105,46,52,28,130,7,15,123,122" hai2="118,68,60,131,98,71,100,101,43,81,16,84,29" hai3="14,25,76,5,111,57,93,35,73,75,95,87,19"/><V23/><F118/><W13/><G111/><T114/><D114/><U48/><E105/><V20/><F131/><W117/><G117/><T127/><D116/><U126/><E119/><V83/><F101/><W78/><G5/><T44/><D22/><U94/><E113/><V55/><F43/><W112/><G112/><T40/><D32/><U31/><E108/><V106/><F83/><W1/><G57/><T125/><D34/><U128/><E126/><V85/><F29/><N who="1" m="11337" /><E15/><V6/><F23/><W67/><G87/><T72/><D72/><U53/><E53/><V109/><F6/><W45/><G35/><T97/><D97/><N who="1" m="57567" /><E7/><V11/><F109/><W107/><G107/><T50/><D133/><U10/><E10/><V2/><F2/><W110/><G110/><T36/><D50/><U80/><E80/><V30/><F30/><W121/><G1/><T49/><REACH who="0" step="1"/><D51/><REACH who="0" ten="195,355,205,235" step="2"/><U64/><E130/><V21/><F21/><W38/><G73/><T132/><D132/><U86/><E128/><V62/><F20/><W103/><G75/><T17/><D17/><U58/><E86/><V18/><F16/><W3/><G19/><T26/><D26/><U47/><E123/><V90/><F18/><W24/><G121/><T74/><D74/><U115/><E122/><V70/><F85/><W99/><G25/><T12/><D12/><U82/><E115/><V88/><F84/><W96/><G24/><T77/><D77/><U8/><E82/><V129/><F81/><W33/><G33/><T104/><D104/><U134/><E134/><V42/><F129/><W65/><G76/><RYUUKYOKU ba="1,1" sc="195,30,355,-10,205,-10,235,-10" hai0="36,37,39,40,41,44,49,54,66,69,124,125,127" /><INIT seed="3,2,1,2,2,92" ten="225,345,195,225" oya="3" hai0="51,33,59,100,7,40,44,25,19,106,95,76,125" hai1="37,78,38,129,131,57,82,58,27,101,48,123,132" hai2="85,34,84,47,26,42,121,15,102,49,18,111,120" hai3="109,0,90,66,31,50,105,124,117,69,88,94,77"/><W128/><G117/><T110/><D106/><U130/><E123/><V12/><F102/><W28/><G0/><T71/><D71/><U99/><E27/><V17/><F111/><W63/><G105/><T74/><D110/><U56/><E48/><V118/><F118/><W10/><G109/><T96/><D7/><U22/><E22/><V97/><F34/><W67/><G124/><T13/><D125/><U98/><E101/><V73/><F73/><W54/><G128/><T9/><D59/><U119/><E132/><V87/><F97/><N who="1" m="36873" /><E119/><V1/><F1/><W89/><G94/><T61/><D61/><U112/><E112/><V55/><F42/><W104/><G104/><T79/><REACH who="0" step="1"/><D74/><AGARI ba="2,1" hai="37,38,56,57,58,74,78,82,129,130,131" m="36873" machi="74" ten="40,8000,1" yaku="19,1,52,3" doraHai="92" who="1" fromWho="0" sc="225,-86,345,96,195,0,225,0" /><INIT seed="4,0,0,4,0,29" ten="139,441,195,225" oya="0" hai0="48,103,98,3,22,15,39,38,81,83,116,128,13" hai1="70,23,59,85,56,0,44,14,114,46,96,30,57" hai2="32,19,91,122,40,17,86,62,126,72,6,55,107" hai3="8,11,12,76,113,16,97,90,131,7,134,51,71"/><T53/><D116/><U79/><E0/><V108/><F108/><W27/><G71/><T129/><D3/><U34/><E34/><V36/><F107/><W132/><G76/><T63/><D63/><U94/><E70/><V106/><F106/><W110/><G51/><T35/><D35/><U121/><E121/><V21/><F72/><W74/><G74/><T84/><D39/><U60/><E60/><V89/><F89/><W130/><G90/><T95/><D38/><U67/><E67/><V58/><F126/><W33/><G97/><T47/><D22/><U50/><E50/><V43/><F6/><W105/><G113/><T118/><D118/><U28/><E28/><V120/><F17/><W123/><G105/><T73/><D73/><U88/><E114/><V101/><F101/><W102/><G102/><T125/><D125/><U117/><E117/><V82/><F32/><W1/><G110/><T24/><D24/><N who="1" m="16671" /><E14/><N who="0" m="5129" /><D84/><U64/><E64/><V93/><F36/><W26/><G123/><T111/><D111/><U66/><E66/><V25/><F122/><W68/><G68/><T115/><D115/><U133/><E133/><N who="3" m="51306" /><G27/><T4/><D4/><U127/><E127/><V18/><F120/><W100/><G100/><T78/><D78/><U49/><E49/><V45/><F82/><AGARI ba="0,0" hai="44,46,56,57,59,79,82,85,88,94,96" m="16671" machi="82" ten="30,2000,0" yaku="8,1,54,1" doraHai="29" who="1" fromWho="2" sc="139,0,441,20,195,-20,225,0" /><INIT seed="5,0,0,1,1,132" ten="139,461,175,225" oya="1" hai0="86,64,85,121,0,35,43,73,5,97,87,106,101" hai1="88,39,110,113,112,29,115,8,46,90,63,92,51" hai2="89,100,135,67,84,49,126,134,68,118,13,1,72" hai3="18,44,28,82,12,10,34,77,109,120,48,58,37"/><U56/><E39/><V47/><F1/><W99/><G109/><T116/><D116/><U7/><E29/><V17/><F118/><W6/><G120/><T55/><D35/><U93/><E110/><V80/><F72/><W25/><G58/><T83/><D64/><U81/><E81/><V75/><F75/><W70/><G99/><T32/><D32/><U15/><E93/><V50/><F100/><W119/><G70/><T103/><D55/><U111/><E92/><V65/><F68/><W40/><G119/><T104/><D43/><U22/><E22/><V41/><F50/><W79/><G37/><T122/><D5/><U71/><E71/><V33/><F33/><W60/><G60/><T4/><D4/><U98/><E98/><V45/><F45/><W133/><G133/><N who="2" m="50697" /><F126/><W78/><REACH who="3" step="1"/><G6/><REACH who="3" ten="139,461,175,215" step="2"/><T3/><D122/><U94/><E111/><V52/><F41/><W62/><G62/><T96/><D121/><U53/><E94/><V30/><F30/><W124/><G124/><T20/><REACH who="0" step="1"/><D20/><AGARI ba="0,1" hai="13,17,20,47,49,52,65,67,80,84,89" m="50697" machi="20" ten="30,2000,0" yaku="20,1,54,1" doraHai="132" who="2" fromWho="0" sc="139,-20,461,0,175,30,215,0" /><INIT seed="6,0,0,2,4,41" ten="119,461,205,215" oya="2" hai0="69,19,72,30,134,36,1,99,104,92,42,66,3" hai1="67,113,33,35,97,45,105,51,109,80,127,31,10" hai2="68,12,93,21,82,15,90,49,22,40,125,116,111" hai3="52,39,91,8,76,131,29,73,46,108,98,34,56"/><V71/><F116/><W17/><G108/><T123/><D123/><U86/><E109/><V119/><F119/><W79/><G34/><T20/><D134/><U24/><E67/><V122/><F122/><W102/><G73/><T118/><D72/><U110/><E110/><V95/><F125/><W43/><G29/><T18/><D104/><U6/><E113/><V4/><F111/><W65/><G91/><T0/><D118/><U100/><E35/><V135/><F135/><W124/><G65/><T112/><D112/><U5/><E10/><V89/><F49/><W44/><G131/><T54/><D54/><U106/><E106/><V84/><F40/><W126/><G17/><T37/><D66/><U101/><E101/><V120/><F120/><W16/><G46/><T94/><D69/><U70/><E70/><V128/><F82/><W129/><G129/><T7/><D7/><U115/><E115/><V107/><F107/><W85/><G85/><T25/><D94/><U114/><E127/><N who="3" m="48682" /><G98/><T26/><D26/><U103/><E103/><V23/><F128/><W9/><G102/><T77/><D77/><N who="3" m="29769" /><G16/><T57/><D57/><U96/><E96/><V59/><F4/><W50/><AGARI ba="0,0" hai="8,9,39,43,44,50,52,56" m="29769,48682" machi="50" ten="30,4000,0" yaku="18,1,52,1,54,1" doraHai="41" who="3" fromWho="3" sc="119,-10,461,-10,205,-20,215,40" /><INIT seed="7,0,0,5,1,75" ten="109,451,185,255" oya="3" hai0="114,25,101,69,63,37,94,12,16,56,4,29,82" hai1="40,6,5,23,32,21,98,128,51,102,43,113,19" hai2="65,89,115,122,41,109,135,91,52,60,84,13,70" hai3="14,73,39,120,126,130,116,74,134,125,77,48,17"/><W71/><G116/><T28/><D37/><U20/><E32/><V79/><F109/><W38/><G120/><T30/><D69/><U2/><E2/><V127/><F122/><W131/><G48/><T45/><D45/><U118/><E128/><N who="3" m="49194" /><G71/><T68/><D68/><U133/><E133/><V50/><F41/><N who="1" m="15945" /><E113/><V92/><F115/><W8/><G73/><T42/><D114/><U95/><E118/><V105/><F105/><W24/><G24/><T62/><D42/><U1/><E1/><V88/><F135/><W55/><G55/><T59/><D82/><U18/><E51/><V61/><F61/><W78/><G74/><T49/><D49/><U9/><E9/><V104/><F104/><W26/><G26/><T15/><D25/><N who="1" m="14487" /><E23/><V10/><F79/><N who="3" m="30219" /><G134/><T11/><D62/><U58/><E58/><V97/><F50/><W111/><G111/><T112/><D112/><U3/><E3/><V57/><F70/><W36/><AGARI ba="0,0" hai="8,14,17,36,38,39,125,126" m="30219,49194" machi="36" ten="40,12000,1" yaku="19,1,52,3" doraHai="75" who="3" fromWho="3" sc="109,-40,451,-40,185,-40,255,120" /><INIT seed="7,1,0,5,4,115" ten="69,411,145,375" oya="3" hai0="10,81,14,58,3,39,73,44,21,129,116,65,104" hai1="102,32,56,52,6,60,51,37,18,130,113,106,77" hai2="97,29,94,109,70,79,19,27,135,78,100,117,17" hai3="13,118,128,47,74,80,26,72,8,20,7,66,34"/><W103/><G118/><T38/><D104/><U82/><E32/><V101/><F109/><W99/><G34/><T108/><D108/><U41/><E113/><V83/><F117/><W49/><G66/><T33/><D129/><U134/><E6/><V91/><F70/><W55/><G80/><T88/><D116/><U107/><E130/><V16/><F135/><W121/><G121/><T30/><D73/><U2/><E2/><V28/><F28/><W123/><G123/><T11/><D44/><U9/><E102/><V133/><F133/><W53/><G53/><T132/><D132/><U90/><E134/><V68/><F68/><W95/><REACH who="3" step="1"/><G128/><REACH who="3" ten="69,411,145,365" step="2"/><T89/><D81/><U105/><E41/><V125/><F83/><W22/><G22/><T127/><D33/><U120/><E120/><V23/><F125/><W122/><G122/><T35/><D35/><U93/><E9/><V1/><F23/><W98/><G98/><T119/><D127/><U24/><E37/><V42/><F97/><W75/><G75/><T50/><D119/><U5/><E82/><V96/><F96/><W4/><G4/><T85/><D65/><U126/><E5/><V48/><F42/><W86/><G86/><T45/><D85/><N who="1" m="52431" /><E126/><V31/><F79/><W25/><G25/><N who="0" m="16687" /><D38/><U0/><E77/><V87/><F78/><W84/><G84/><T64/><D39/><U59/><E24/><V92/><F27/><W61/><G61/><N who="0" m="37943" /><D10/><U71/><E60/><V46/><F87/><W124/><G124/><T76/><D76/><U110/><E110/><V131/><F131/><W69/><G69/><RYUUKYOKU ba="1,1" sc="69,-10,411,-10,145,-10,365,30" hai3="7,8,13,20,26,47,49,55,72,74,95,99,103" /><INIT seed="7,2,1,5,1,10" ten="59,401,135,395" oya="3" hai0="7,115,105,8,99,64,27,76,131,5,88,134,121" hai1="85,55,128,122,68,108,45,28,46,113,48,118,89" hai2="18,110,117,96,100,83,133,16,127,29,42,53,39" hai3="109,125,94,72,66,37,104,106,73,56,9,58,102"/><W130/><G37/><T79/><D121/><U31/><E108/><V11/><F117/><W15/><G109/><T43/><D131/><U107/><E122/><V132/><F110/><W61/><G130/><T22/><D134/><N who="2" m="51818" /><F127/><W60/><G125/><T52/><D105/><U34/><E68/><V129/><F129/><W75/><G94/><N who="0" m="56775" /><D5/><U38/><E107/><N who="2" m="63879" /><F29/><W124/><G102/><T35/><D64/><U21/><E34/><V126/><F126/><W47/><G47/><T41/><D41/><U13/><E46/><N who="2" m="23903" /><F11/><W86/><G124/><T111/><D43/><U40/><E128/><V120/><F120/><W62/><G86/><T54/><D35/><U103/><E85/><V50/><F83/><W70/><G70/><T59/><D111/><U14/><E38/><V36/><F36/><W33/><G33/><T91/><D91/><U26/><E89/><V57/><AGARI ba="2,1" hai="16,18,50,53,57" m="23903,63879,51818" machi="57" ten="30,2000,0" yaku="20,1,54,1" doraHai="10" who="2" fromWho="2" sc="59,-7,401,-7,135,36,395,-12" owari="52,-45.0,394,50.0,171,-23.0,383,18.0" /></mjloggm>