<mjloggm ver="2.3"><GO type="41" lobby="0"/><UN n0="%54%41%54%53%55%4F" n1="%E2%93%9D%53%75%70%68%78" n2="%69%4E%74%41%32" n3="%74%6F%6D%75%74%6F%6D%69" dan="15,18,13,15" rate="2000.20,2125.52,1831.28,1995.39" sx="M,M,M,M"/><TAIKYOKU oya="0"/><INIT seed="0,0,0,4,3,46" ten="250,250,250,250" oya="0" hai0="23,43,98,74,22,125,31,1,40,20,50,84,7" hai1="123,91,129,19,102,92,66,45,11,124,33,99,29" hai2="119,133,134,82,39,116,38,68,49,101,81,12,59" hai3="118,112,73,67,24,113,128,65,121,10,72,34,71"/><T2/><D74/><U132/><E123/><V122/><F68/><W90/><G118/><N who="2" m="45097" /><F101/><W79/><G121/><T27/><D125/><U61/><E129/><V54/><F12/><W93/><G128/><T53/><D98/><U35/><E132/><N who="2" m="50795" /><F122/><W70/><G10/><T25/><D84/><U80/><E124/><V62/><F82/><W109/><G109/><T95/><D95/><U15/><E29/><V6/><F6/><W89/><G93/><T30/><D23/><U52/><E66/><N who="2" m="39263" /><F81/><W41/><G24/><T104/><D104/><U103/><E103/><V120/><F120/><W44/><G34/><T135/><D135/><U4/><E4/><V76/><F76/><W0/><G79/><T8/><REACH who="0" step="1"/><D1/><REACH who="0" ten="240,250,250,250" step="2"/><U100/><E35/><V17/><F17/><W87/><G0/><T115/><D115/><U110/><E33/><V26/><F26/><W57/><G87/><T77/><D77/><U58/><E102/><V47/><AGARI ba="0,1" hai="38,39,47,49,54" m="39263,50795,45097" machi="47" ten="30,8000,1" yaku="12,1,20,1,34,2,52,1" doraHai="46" who="2" fromWho="2" sc="240,-40,250,-20,250,90,250,-20" /><INIT seed="1,0,0,5,4,52" ten="200,230,340,230" oya="1" hai0="49,88,93,32,21,78,1,58,38,72,135,33,43" hai1="64,51,107,19,104,36,127,111,109,81,132,44,117" hai2="125,68,46,91,119,34,5,45,115,101,17,133,42" hai3="90,87,122,16,110,77,86,48,67,97,92,40,82"/><U102/><E117/><V71/><F34/><W113/><G110/><N who="1" m="41994" /><E132/><V108/><F119/><W13/><G113/><T12/><D1/><U23/><E127/><V0/><F101/><W105/><G122/><T60/><D135/><U28/><E36/><V66/><F91/><W124/><G124/><T94/><D38/><U100/><E28/><V75/><F75/><W6/><G6/><T3/><D3/><U95/><E64/><V8/><F115/><W11/><G105/><N who="1" m="40522" /><E95/><V47/><F125/><W118/><G118/><T37/><D94/><U55/><E81/><V128/><F133/><W62/><G48/><T54/><D37/><U120/><E120/><V130/><F108/><W69/><REACH who="3" step="1"/><G40/><REACH who="3" ten="200,230,340,220" step="2"/><T131/><D43/><U103/><E103/><V74/><F42/><W116/><G116/><T50/><D49/><U73/><E73/><AGARI ba="0,1" hai="11,13,16,62,67,69,73,77,82,86,87,90,92,97" machi="73" ten="30,3900,0" yaku="1,1,7,1,54,1,53,0" doraHai="52" doraHaiUra="24" who="3" fromWho="1" sc="200,0,230,-39,340,0,220,49" /><INIT seed="2,0,0,5,2,122" ten="200,191,340,269" oya="2" hai0="100,41,101,24,103,12,64,18,90,2,111,17,102" hai1="6,19,14,108,44,10,126,13,62,118,51,43,29" hai2="114,40,8,105,48,88,106,39,78,3,116,71,36" hai3="22,131,134,70,133,89,11,69,120,109,21,16,119"/><V68/><F114/><W5/><G120/><T55/><N who="0" m="25600" /><DORA hai="125" /><T132/><D2/><U35/><E126/><V121/><F121/><W94/><G119/><T99/><D64/><U20/><E118/><V33/><F116/><W86/><G22/><N who="0" m="13391" /><D132/><N who="3" m="50793" /><G109/><T27/><D41/><U50/><E62/><V47/><F33/><W42/><G131/><T34/><D34/><U61/><E61/><V0/><F78/><W15/><G42/><T79/><D79/><U93/><E93/><V67/><F88/><W87/><G86/><T57/><D27/><AGARI ba="0,0" hai="5,11,15,16,21,27,69,70,87,89,94" m="50793" machi="27" ten="30,2000,0" yaku="20,1,54,1" doraHai="122,125" who="3" fromWho="0" sc="200,-20,191,0,340,0,269,20" /><INIT seed="3,0,0,1,2,54" ten="180,191,340,289" oya="3" hai0="117,42,25,33,24,32,97,87,13,94,27,65,105" hai1="2,48,134,9,68,99,7,76,130,18,71,111,30" hai2="21,66,22,91,52,73,63,31,85,67,123,86,126" hai3="77,104,103,74,69,70,129,108,41,3,17,29,43"/><W116/><G116/><T57/><D117/><U112/><E112/><V120/><F73/><W64/><G3/><T132/><D105/><U72/><E111/><V55/><F126/><W50/><G129/><T35/><D132/><U28/><E130/><V101/><F101/><W80/><G108/><T83/><D42/><U128/><E128/><V84/><F91/><W62/><G29/><T110/><D110/><U39/><E48/><V60/><F86/><W89/><G89/><T118/><D118/><U26/><E30/><AGARI ba="0,0" hai="21,22,30,31,52,55,60,63,66,67,84,85,120,123" machi="30" ten="25,3200,0" yaku="22,2,54,1" doraHai="54" who="2" fromWho="1" sc="180,0,191,-32,340,32,289,0" /><INIT seed="4,0,0,0,4,85" ten="180,159,372,289" oya="0" hai0="40,33,111,134,37,76,135,73,74,128,46,38,112" hai1="114,52,12,81,121,131,129,11,31,55,92,108,124" hai2="25,32,72,47,66,90,132,71,110,7,15,122,24" hai3="57,51,113,43,1,2,106,3,5,102,65,130,54"/><T82/><D112/><U50/><E108/><V123/><F110/><W80/><G130/><N who="1" m="49674" /><E121/><V9/><F72/><W56/><G113/><T68/><D128/><U44/><E114/><V0/><F132/><N who="0" m="50730" /><D111/><U107/><E107/><V60/><F47/><W27/><G27/><T39/><D74/><U75/><E31/><V28/><F24/><W10/><G43/><T119/><D119/><U91/><E124/><V96/><F15/><W104/><G80/><T18/><D33/><U87/><E75/><V83/><F83/><W98/><G106/><T99/><D68/><U88/><E55/><V93/><AGARI ba="0,0" hai="0,7,9,25,28,32,60,66,71,90,93,96,122,123" machi="93" ten="30,2000,0" yaku="0,1,52,1" doraHai="85" who="2" fromWho="2" sc="180,-10,159,-5,372,20,289,-5" /><INIT seed="5,0,0,2,1,6" ten="170,154,392,284" oya="1" hai0="135,53,128,36,49,60,30,0,61,12,52,17,91" hai1="28,57,64,94,45,104,117,93,18,26,127,99,4" hai2="71,16,59,66,27,108,37,134,29,88,33,115,81" hai3="109,100,58,89,43,121,32,131,73,62,39,114,76"/><U125/><E117/><V90/><F108/><W9/><G121/><T51/><D36/><U111/><E111/><V92/><F134/><W63/><G109/><T97/><D0/><U120/><E120/><V102/><F37/><W106/><G32/><T5/><D135/><U25/><E45/><V2/><F2/><W31/><G31/><T103/><D30/><U15/><E4/><V35/><F35/><W107/><G114/><T95/><D5/><U44/><E44/><V46/><F46/><W72/><G131/><T21/><D128/><U20/><E104/><V119/><F119/><W1/><G106/><T112/><D112/><U23/><E26/><V65/><F115/><W80/><G72/><T124/><D124/><N who="1" m="47691" /><E99/><V83/><F102/><W56/><G89/><T87/><D51/><U54/><E64/><V133/><F133/><W24/><G24/><T78/><D78/><U3/><E3/><V75/><F71/><W41/><G107/><T82/><REACH who="0" step="1"/><D53/><REACH who="0" ten="160,154,392,284" step="2"/><U110/><E110/><V47/><F29/><W69/><G39/><T14/><D14/><U40/><E40/><V55/><F66/><W13/><G1/><T101/><D101/><U118/><E118/><V42/><F65/><W98/><G100/><T48/><D48/><AGARI ba="0,1" hai="15,18,20,23,25,28,48,54,57,93,94" m="47691" machi="48" ten="30,1500,0" yaku="18,1" doraHai="6" who="1" fromWho="0" sc="160,-15,154,25,392,0,284,0" /><INIT seed="5,1,0,4,3,125" ten="145,179,392,284" oya="1" hai0="61,20,77,16,63,106,31,69,99,8,80,113,115" hai1="105,2,27,116,101,82,97,93,73,55,112,40,44" hai2="25,132,15,41,74,89,42,29,76,119,45,7,134" hai3="39,5,36,124,34,9,111,43,18,135,103,33,46"/><U118/><E55/><V48/><F119/><W17/><G111/><T133/><D133/><U35/><E112/><N who="0" m="43081" /><D31/><U96/><E2/><V70/><F70/><W72/><G124/><T81/><D8/><U130/><E130/><V38/><F89/><W51/><G135/><T95/><D106/><U32/><E27/><V60/><F60/><N who="0" m="23114" /><D69/><U37/><E93/><V131/><F131/><W92/><G72/><T114/><N who="0" m="43089" /><T123/><DORA hai="30" /><D123/><U91/><E97/><V71/><F71/><W128/><G128/><T64/><D77/><N who="1" m="44335" /><E91/><V47/><F76/><W10/><G92/><T19/><D64/><U52/><E52/><V90/><F74/><W57/><G103/><N who="0" m="60927" /><D19/><U85/><E85/><V56/><F56/><W4/><G18/><T87/><D87/><U12/><E12/><AGARI ba="1,0" hai="12,16,20,80,81" m="60927,23114,43089" machi="12" ten="40,2600,0" yaku="15,1,54,1" doraHai="125,30" who="0" fromWho="1" sc="145,29,179,-29,392,0,284,0" /><INIT seed="6,0,0,1,5,60" ten="174,150,392,284" oya="2" hai0="105,94,125,133,95,11,126,131,61,66,85,41,98" hai1="16,19,69,50,96,82,114,30,40,101,59,57,36" hai2="39,78,113,55,73,49,65,77,88,26,74,130,102" hai3="109,134,122,23,64,86,84,35,124,33,58,34,71"/><V42/><F113/><W91/><G109/><T24/><D131/><U1/><E69/><V18/><F130/><W56/><G122/><T117/><D133/><U111/><E1/><V116/><F102/><W8/><G134/><T53/><D117/><U52/><E111/><V47/><F116/><W89/><G124/><N who="0" m="47723" /><D41/><U108/><E108/><V14/><F26/><W4/><G23/><T103/><D53/><U97/><E30/><V120/><F120/><W100/><G100/><T72/><D72/><U87/><E114/><V43/><F74/><W75/><G75/><T6/><D24/><U2/><E2/><V79/><F73/><W135/><G135/><T83/><D11/><U110/><E110/><V46/><F65/><W5/><G71/><N who="0" m="42447" /><D6/><N who="3" m="2665" /><G64/><T118/><D118/><U54/><E40/><V51/><F39/><W81/><G8/><T32/><D32/><U12/><E36/><V80/><F55/><W99/><G81/><T62/><D62/><N who="1" m="36135" /><E101/><V121/><F121/><W0/><G0/><T22/><D22/><N who="1" m="11527" /><E19/><V48/><F48/><W119/><G119/><T70/><D70/><U132/><E132/><V3/><F3/><W123/><G123/><T128/><D128/><U44/><E59/><N who="3" m="22570" /><G99/><T115/><D115/><U29/><E29/><V104/><F104/><W112/><G112/><T37/><D37/><U17/><E17/><V129/><F129/><W27/><G27/><T127/><N who="0" m="47731" /><T31/><DORA hai="68" /><D31/><U45/><E45/><V28/><F28/><W93/><G33/><T9/><D9/><U13/><E13/><V92/><F47/><W7/><G7/><RYUUKYOKU ba="0,0" sc="174,10,150,10,392,-30,284,10" hai0="83,85,94,95,98,103,105" hai1="44,50,54,82,87,96,97" hai3="34,35,84,86,89,91,93" /><INIT seed="7,1,0,5,2,37" ten="184,160,362,294" oya="3" hai0="76,127,103,15,59,81,1,98,106,95,32,134,89" hai1="54,66,29,75,62,57,102,129,69,7,12,126,23" hai2="11,61,113,55,13,71,125,21,107,77,94,22,3" hai3="50,78,88,70,18,93,119,43,30,120,14,82,46"/><W90/><G120/><T20/><D32/><U47/><E75/><V84/><F107/><W17/><G119/><T72/><D1/><U131/><E102/><V53/><F125/><W27/><G70/><T116/><D116/><U31/><E126/><V8/><F113/><W104/><G104/><T135/><D127/><U60/><E47/><V130/><F130/><N who="1" m="49673" /><E23/><V124/><F124/><W38/><G38/><T64/><D20/><U25/><E25/><V52/><F3/><W114/><G114/><T92/><D15/><U87/><E87/><V101/><F61/><W44/><G44/><T41/><D41/><U68/><E68/><V48/><F48/><W133/><G133/><N who="0" m="50699" /><D59/><U115/><E115/><V49/><F49/><W97/><G90/><T91/><D64/><U99/><E99/><V74/><F74/><W108/><G14/><T58/><D58/><U16/><E16/><V19/><F71/><W100/><G100/><T86/><D91/><U45/><E45/><V83/><F22/><N who="3" m="15735" /><G108/><T112/><D112/><U117/><E117/><V96/><AGARI ba="1,0" hai="8,11,13,19,21,52,53,55,77,83,84,94,96,101" machi="96" ten="30,4000,0" yaku="0,1,8,1,54,1" doraHai="37" who="2" fromWho="2" sc="184,-11,160,-11,362,43,294,-21" owari="173,-23.0,149,-35.0,405,51.0,273,7.0" /></mjloggm>