<mjloggm ver="2.3"><GO type="41" lobby="0"/><UN n0="%61%62%6F%26%79%75" n1="%E3%81%AC%E3%82%93%E3%81%8D%E3%81%A1" n2="%53%55%5A" n3="%E2%93%9D%53%75%70%68%78" dan="15,14,14,18" rate="1979.57,1889.89,1934.92,2089.13" sx="M,M,M,M"/><TAIKYOKU oya="0"/><INIT seed="0,0,0,1,3,82" ten="250,250,250,250" oya="0" hai0="134,69,103,91,83,118,115,124,20,33,11,50,13" hai1="122,93,46,41,53,35,102,58,40,48,70,85,67" hai2="98,0,113,39,121,34,57,111,44,127,43,117,38" hai3="28,47,64,51,78,31,14,59,90,119,10,92,131"/><T110/><D115/><U5/><E35/><V130/><F98/><W76/><G131/><T42/><D118/><U112/><E112/><V21/><F21/><W126/><G126/><T123/><D33/><U86/><E40/><V66/><F0/><W60/><G119/><T97/><D69/><U87/><E5/><V105/><F105/><W120/><G120/><T6/><D124/><U1/><E1/><V8/><F8/><W61/><G61/><T55/><D123/><U108/><E122/><V49/><F34/><W52/><G31/><T15/><D134/><U9/><E9/><V88/><F127/><W94/><G28/><T17/><D42/><U135/><E135/><V3/><F3/><W7/><REACH who="3" step="1"/><G94/><REACH who="3" ten="250,250,250,240" step="2"/><T79/><D110/><U73/><E93/><V63/><F111/><W30/><G30/><T81/><D79/><U84/><E108/><V99/><F121/><W114/><G114/><T96/><D81/><U129/><E129/><V26/><F117/><W24/><G24/><T65/><D65/><U72/><E102/><V45/><F26/><W116/><G116/><T22/><D22/><U107/><N who="1" m="21504" /><DORA hai="32" /><U12/><E107/><V19/><F113/><W29/><G29/><T133/><D83/><U128/><E128/><V100/><F100/><W62/><G62/><T106/><D133/><U56/><E12/><V95/><F130/><W54/><G54/><T80/><D80/><U74/><REACH who="1" step="1"/><E53/><REACH who="1" ten="250,240,250,240" step="2"/><V18/><F43/><W71/><G71/><T25/><D15/><U27/><E27/><V68/><F68/><W4/><G4/><T36/><D55/><RYUUKYOKU ba="0,2" sc="250,-15,240,15,250,-15,240,15" hai1="41,46,48,56,58,67,70,72,73,74" hai3="7,10,14,47,51,52,59,60,64,76,78,90,92" /><INIT seed="1,1,2,2,0,122" ten="235,255,235,255" oya="1" hai0="55,105,109,125,126,86,111,123,26,127,11,62,20" hai1="9,69,83,68,102,132,60,77,29,4,80,92,76" hai2="43,117,3,36,64,87,78,46,74,61,113,7,118" hai3="63,72,57,121,6,73,35,50,25,18,75,13,32"/><U65/><E132/><V56/><F87/><W39/><G39/><T44/><D123/><U5/><E29/><V119/><F113/><W98/><G121/><T112/><D112/><U103/><E92/><V41/><F41/><W104/><G6/><T116/><D116/><U85/><E69/><V37/><F37/><W97/><G50/><N who="0" m="29127" /><D105/><U81/><E4/><V94/><F94/><W133/><G25/><T124/><D11/><U10/><E10/><V45/><F45/><W70/><G70/><T48/><D48/><U135/><E135/><V16/><F16/><W108/><G133/><T19/><N who="0" m="31744" /><DORA hai="42" /><T90/><D62/><U82/><REACH who="1" step="1"/><E77/><REACH who="1" ten="235,245,235,255" step="2"/><V49/><F7/><W89/><G104/><T8/><D8/><U21/><E21/><V52/><F3/><AGARI ba="1,3" hai="3,5,9,60,65,68,76,80,81,82,83,85,102,103" machi="3" ten="40,2000,0" yaku="1,1,53,0" doraHai="122,42" doraHaiUra="93,130" who="1" fromWho="2" sc="235,0,245,53,235,-23,255,0" /><INIT seed="1,2,0,4,1,76" ten="235,298,212,255" oya="1" hai0="101,103,106,53,124,29,51,26,112,21,86,74,3" hai1="35,134,80,97,122,49,120,110,38,8,24,83,17" hai2="129,100,73,131,6,126,20,36,93,79,47,108,42" hai3="94,64,11,30,130,58,48,96,70,7,13,85,114"/><U82/><E38/><V59/><F108/><W37/><G130/><T72/><D112/><U119/><E119/><V84/><F126/><W50/><G70/><T128/><D124/><U78/><E110/><V104/><F104/><W63/><G37/><T41/><D3/><U95/><E78/><V98/><F6/><W61/><G61/><T56/><D128/><U118/><E118/><V31/><F73/><W125/><G114/><T16/><D41/><U19/><E134/><V117/><F117/><W111/><G111/><T28/><D72/><U5/><E49/><V121/><F121/><W107/><G107/><T123/><D74/><U89/><E17/><V65/><F84/><W88/><G125/><T40/><D123/><U135/><E135/><V32/><F32/><W44/><G30/><N who="0" m="11883" /><D106/><U132/><E132/><V66/><F66/><W127/><G127/><T69/><D69/><U99/><E99/><V71/><F79/><W10/><G10/><T55/><D40/><U0/><REACH who="1" step="1"/><E35/><REACH who="1" ten="235,288,212,255" step="2"/><V116/><F116/><W18/><G18/><T54/><D86/><U113/><E113/><V68/><F129/><W91/><REACH who="3" step="1"/><G44/><REACH who="3" ten="235,288,212,245" step="2"/><T1/><D51/><U39/><E39/><V102/><F131/><W77/><G77/><T15/><D1/><U27/><E27/><N who="2" m="16871" /><F102/><N who="0" m="38922" /><D26/><U92/><E92/><AGARI ba="2,2" hai="7,11,13,48,50,58,63,64,85,88,91,92,94,96" machi="92" ten="30,7700,0" yaku="1,1,7,1,8,1,54,1,53,0" doraHai="76" doraHaiUra="115" who="3" fromWho="1" sc="235,0,288,-83,212,0,245,103" /><INIT seed="2,0,0,5,5,128" ten="235,205,212,348" oya="2" hai0="126,49,116,121,42,98,1,106,132,69,111,113,131" hai1="5,104,118,133,107,81,36,135,57,112,68,11,48" hai2="44,17,58,38,30,119,91,19,63,51,93,47,31" hai3="3,117,8,0,95,86,134,84,71,90,115,73,109"/><V53/><F119/><W70/><G73/><T83/><D42/><U82/><E36/><V61/><F38/><W110/><G117/><T27/><D49/><U103/><E68/><V108/><F108/><W60/><G115/><T100/><D83/><U26/><E118/><V33/><F33/><W89/><G8/><T52/><D52/><N who="1" m="31879" /><E26/><V130/><F130/><W23/><G23/><T105/><D98/><U72/><E112/><V77/><F77/><W123/><G60/><T114/><D100/><U127/><E127/><V20/><F19/><W6/><G6/><T9/><D9/><U88/><E72/><V16/><F17/><W62/><G62/><T92/><D92/><U37/><E37/><V56/><F47/><W67/><G95/><T34/><D27/><U50/><E50/><V13/><F58/><W18/><G18/><T94/><D94/><U66/><E66/><V32/><F32/><W125/><G67/><T41/><D41/><U25/><E25/><V80/><F80/><N who="1" m="30825" /><E88/><V74/><F74/><W97/><G125/><T15/><D114/><U120/><E120/><V54/><F63/><W96/><G123/><T122/><D122/><U40/><E40/><V85/><AGARI ba="0,0" hai="13,16,20,30,31,44,51,53,54,56,61,85,91,93" machi="85" ten="20,7800,0" yaku="0,1,7,1,8,1,54,1" doraHai="128" who="2" fromWho="2" sc="235,-26,205,-26,212,78,348,-26" /><INIT seed="2,1,0,4,4,35" ten="209,179,290,322" oya="2" hai0="9,63,69,115,19,10,101,82,130,62,113,67,118" hai1="31,15,121,48,30,20,29,75,107,61,12,87,52" hai2="109,90,51,66,132,104,8,72,41,133,64,78,56" hai3="71,45,125,49,89,80,25,126,105,77,44,134,123"/><V127/><F104/><W129/><G123/><T13/><D130/><U94/><E75/><V106/><F106/><W131/><G105/><T11/><D118/><U34/><E107/><V26/><F78/><W6/><G89/><T95/><D62/><U124/><E34/><V112/><F72/><W3/><G25/><T135/><D135/><N who="2" m="51786" /><F8/><N who="3" m="2143" /><G71/><T47/><D47/><N who="3" m="17993" /><G49/><T96/><REACH who="0" step="1"/><D82/><REACH who="0" ten="199,179,290,322" step="2"/><U122/><E61/><V21/><F112/><AGARI ba="1,1" hai="9,10,11,13,19,63,67,69,95,96,101,112,113,115" machi="112" ten="40,2600,0" yaku="1,1,2,1,53,0" doraHai="35" doraHaiUra="55" who="0" fromWho="2" sc="199,39,179,0,290,-29,322,0" /><INIT seed="3,0,0,4,4,121" ten="238,179,261,322" oya="3" hai0="3,16,59,90,98,131,67,21,45,7,126,50,107" hai1="68,82,93,83,29,10,128,96,119,130,27,26,81" hai2="122,51,80,25,41,79,20,62,49,33,63,74,94" hai3="73,28,61,46,88,55,127,65,9,102,11,85,75"/><W13/><G127/><T56/><D131/><U18/><E68/><V86/><F33/><W37/><G102/><T112/><D126/><U78/><E119/><V104/><F104/><W19/><G28/><T111/><D112/><U124/><E124/><V97/><F74/><W40/><G55/><T106/><D106/><U108/><E78/><V5/><F5/><W135/><G11/><T69/><D69/><U70/><E70/><V43/><F51/><W92/><REACH who="3" step="1"/><G135/><REACH who="3" ten="238,179,261,312" step="2"/><T77/><D107/><U42/><E29/><V87/><F43/><W101/><G101/><T66/><D67/><U24/><E42/><V120/><F41/><W48/><G48/><T132/><D66/><U114/><E114/><V38/><F49/><W0/><G0/><T95/><D132/><U17/><E10/><V72/><F120/><W35/><G35/><T53/><D3/><U32/><E32/><V71/><F122/><W31/><G31/><T123/><D123/><U34/><E34/><V105/><F38/><W110/><G110/><T30/><D30/><U1/><E1/><V23/><F23/><W6/><G6/><T134/><D134/><U57/><E108/><V89/><F105/><W113/><G113/><T12/><D7/><U103/><E130/><V100/><F100/><W133/><G133/><T22/><D111/><U4/><E4/><V44/><F44/><W14/><G14/><T58/><D22/><U118/><E128/><V52/><F52/><W115/><G115/><T64/><D64/><U84/><E118/><V109/><F109/><W76/><G76/><AGARI ba="0,1" hai="12,16,21,45,50,53,56,58,59,76,77,90,95,98" machi="76" ten="40,2600,0" yaku="8,1,54,1" doraHai="121" who="0" fromWho="3" sc="238,36,179,0,261,0,312,-26" /><INIT seed="4,0,0,5,2,133" ten="274,179,261,286" oya="0" hai0="24,13,17,105,31,6,25,59,106,71,82,0,102" hai1="121,52,19,126,18,27,40,11,120,87,15,36,37" hai2="77,2,119,69,70,114,116,39,118,56,20,68,26" hai3="91,47,48,123,14,38,21,23,125,58,134,88,99"/><T107/><D71/><U12/><E27/><V113/><F2/><W34/><G34/><T109/><D109/><U22/><E87/><V46/><F77/><W135/><G38/><T1/><D102/><U112/><E112/><N who="2" m="43115" /><F20/><W115/><G125/><T104/><D6/><U78/><E78/><V86/><F86/><W94/><G123/><T97/><D97/><U81/><E81/><V122/><F26/><W65/><G115/><T79/><D24/><U57/><E126/><V72/><F72/><W93/><G58/><T61/><N who="0" m="26624" /><DORA hai="117" /><T60/><D17/><U67/><E67/><V7/><F7/><W53/><G65/><T62/><D59/><U30/><E30/><V64/><F122/><W54/><G14/><T43/><D13/><U42/><E37/><V66/><F56/><W41/><G135/><T73/><REACH who="0" step="1"/><D43/><AGARI ba="0,0" hai="39,43,46,64,66,68,69,70,116,118,119" m="43115" machi="43" ten="50,8000,1" yaku="12,1,15,1,34,2" doraHai="133,117" who="2" fromWho="0" sc="274,-80,179,0,261,80,286,0" /><INIT seed="5,0,0,3,5,64" ten="194,179,341,286" oya="1" hai0="68,29,25,98,34,88,48,112,63,50,127,19,111" hai1="12,44,97,91,108,99,103,131,113,45,21,65,114" hai2="106,57,80,46,61,128,16,78,79,0,24,5,47" hai3="4,40,129,100,73,86,77,125,1,84,67,89,96"/><U120/><E120/><V54/><F106/><W66/><G129/><T82/><D112/><N who="1" m="43115" /><E131/><V95/><F128/><W94/><G125/><T27/><D127/><U18/><E108/><V90/><F5/><W72/><G40/><T118/><D118/><U36/><E36/><V9/><F0/><W3/><G86/><T75/><D75/><U33/><E33/><V13/><F24/><W17/><G17/><T101/><D19/><U135/><E135/><V133/><F133/><W7/><G73/><T107/><D25/><U85/><E65/><V83/><F83/><N who="3" m="45479" /><G67/><N who="0" m="41087" /><D111/><U52/><E103/><V11/><F11/><W92/><G66/><T62/><D62/><U41/><E41/><V130/><F130/><W32/><G32/><T58/><D58/><U38/><E38/><V110/><F110/><W8/><G8/><T115/><D115/><U117/><E45/><N who="2" m="16907" /><F80/><W74/><G3/><T71/><D71/><U87/><E87/><AGARI ba="0,0" hai="9,13,16,54,57,61,78,79,87,90,95" m="16907" machi="87" ten="30,2000,0" yaku="8,1,54,1" doraHai="64" who="2" fromWho="1" sc="194,0,179,-20,341,20,286,0" /><AGARI ba="0,0" hai="27,29,34,48,50,82,87,88,98,101,107" m="41087" machi="87" ten="30,3900,0" yaku="25,1,52,1,54,1" doraHai="64" who="0" fromWho="1" sc="194,39,159,-39,361,0,286,0" /><INIT seed="6,0,0,3,5,79" ten="233,120,361,286" oya="2" hai0="28,16,6,128,80,110,35,42,111,97,15,14,93" hai1="134,88,100,59,91,94,52,62,4,19,17,132,31" hai2="49,13,108,86,27,37,112,104,121,21,115,43,55" hai3="99,81,78,135,82,90,92,29,53,119,66,50,7"/><V45/><F121/><W87/><G119/><T11/><D42/><U30/><E4/><V5/><F104/><W3/><G135/><T77/><D128/><U22/><E100/><V24/><F108/><W68/><G29/><T71/><D71/><U131/><E131/><V33/><F33/><W65/><G68/><T44/><D44/><U107/><E107/><V48/><F48/><W83/><G3/><T126/><D126/><U51/><E19/><V114/><F86/><N who="3" m="48439" /><G7/><T20/><D28/><U103/><E134/><V125/><F125/><W54/><G54/><T118/><D35/><U124/><E124/><V56/><F21/><W109/><G109/><T25/><D25/><U85/><E132/><V96/><F96/><W70/><G70/><T123/><D118/><U72/><E72/><V23/><F23/><W32/><G32/><T84/><REACH who="0" step="1"/><D123/><REACH who="0" ten="223,120,361,286" step="2"/><U2/><E2/><V116/><F116/><W130/><G130/><T64/><D64/><N who="3" m="24681" /><G99/><T58/><D58/><AGARI ba="0,1" hai="50,53,58,82,83,87,90,92" m="24681,48439" machi="58" ten="30,7700,0" yaku="8,1,52,3" doraHai="79" who="3" fromWho="0" sc="223,-77,120,0,361,0,286,87" /><INIT seed="7,0,0,1,4,106" ten="146,120,361,373" oya="3" hai0="80,2,0,94,31,47,56,128,114,22,57,40,9" hai1="69,83,126,32,25,82,121,21,84,65,36,86,92" hai2="130,3,67,117,60,134,4,20,122,27,110,120,33" hai3="17,88,101,104,11,76,116,1,43,50,77,109,131"/><W58/><G116/><T23/><D128/><U59/><E36/><V12/><F117/><W5/><G131/><T79/><D0/><U124/><E69/><V87/><F130/><W6/><G104/><T54/><D94/><U100/><E32/><V118/><F118/><W96/><G101/><T113/><D31/><U127/><E121/><N who="2" m="46699" /><F110/><W103/><G103/><T64/><D64/><U115/><E115/><N who="0" m="44041" /><D9/><U71/><E71/><V29/><F3/><W46/><G109/><T18/><D2/><U48/><E86/><V61/><F134/><W85/><G96/><T7/><D7/><N who="3" m="2569" /><G58/><N who="0" m="22635" /><D54/><U89/><E100/><V41/><F67/><W129/><G129/><T107/><D18/><U98/><E98/><V135/><F135/><W53/><G53/><T38/><D107/><U15/><E15/><V111/><F111/><W93/><G1/><T28/><D28/><U78/><E78/><V125/><F4/><W19/><G19/><T73/><AGARI ba="0,0" hai="22,23,38,40,47,73,79,80" m="22635,44041" machi="73" ten="30,4000,0" yaku="15,1,11,1,52,1" doraHai="106" who="0" fromWho="0" sc="146,40,120,-10,361,-10,373,-20" owari="186,-21.0,110,-39.0,351,15.0,353,45.0" /></mjloggm>