<mjloggm ver="2.3"><GO type="41" lobby="0"/><UN n0="%E6%9C%AA%E6%9D%A5%E3%81%B8%E3%81%AE%E7%B5%86" n1="%E2%93%9D%53%75%70%68%78" n2="%E3%83%94%E3%82%BF%E3%82%B4%E3%83%A9%E3%82%B9%E3%83%93%E3%83%83%E3%83%81" n3="%E3%81%A4%E3%81%8B%7A%6F%75%33" dan="13,18,13,14" rate="1827.53,2132.01,1934.89,1964.97" sx="M,M,M,F"/><TAIKYOKU oya="0"/><INIT seed="0,0,0,0,4,94" ten="250,250,250,250" oya="0" hai0="33,73,122,4,112,98,104,44,129,88,0,36,125" hai1="56,66,57,30,111,85,74,49,102,2,120,7,99" hai2="124,63,22,81,61,64,89,45,90,15,46,67,70" hai3="101,77,12,14,24,106,68,100,91,58,55,17,27"/><T13/><RYUUKYOKU type="yao9" ba="0,0" sc="250,0,250,0,250,0,250,0" hai0="0,4,13,33,36,44,73,88,98,104,112,122,125,129" /><INIT seed="0,1,0,2,3,85" ten="250,250,250,250" oya="0" hai0="1,105,125,91,44,20,49,5,53,18,130,35,14" hai1="108,41,30,80,121,13,109,10,52,103,98,112,78" hai2="23,133,118,19,135,4,17,129,34,57,84,65,95" hai3="28,59,93,82,104,114,64,113,9,79,31,8,101"/><T126/><D105/><U110/><E121/><V47/><F34/><W68/><G104/><T116/><D116/><U77/><E41/><V25/><F118/><W83/><G68/><T38/><D38/><U51/><E30/><V107/><F107/><W86/><G113/><T117/><D117/><U134/><E134/><N who="2" m="51211" /><F129/><W115/><G115/><T39/><D39/><U88/><E103/><V132/><F4/><W131/><G131/><T75/><D75/><U15/><E112/><V89/><N who="2" m="51219" /><V22/><DORA hai="62" /><F47/><W50/><G114/><T21/><D35/><U36/><E36/><V54/><F65/><W61/><G50/><T96/><D130/><U6/><E15/><V73/><F73/><W24/><G31/><T100/><D21/><N who="2" m="7690" /><F25/><W29/><G28/><T7/><D100/><U40/><E40/><V87/><F87/><W45/><G45/><T42/><D42/><U97/><E97/><V33/><F33/><W63/><G24/><T76/><D76/><U92/><E80/><N who="3" m="30762" /><G29/><T102/><D102/><U58/><AGARI ba="1,0" hai="6,10,13,51,52,58,77,78,88,92,98,108,109,110" machi="58" ten="30,8000,1" yaku="0,1,14,1,52,1,54,2" doraHai="85,62" who="1" fromWho="1" sc="250,-41,250,83,250,-21,250,-21" /><INIT seed="1,0,0,0,4,16" ten="209,333,229,229" oya="1" hai0="18,133,27,92,119,127,82,6,11,131,83,68,15" hai1="80,7,0,86,99,71,69,3,63,67,20,29,8" hai2="57,90,109,120,46,113,105,31,100,36,5,37,30" hai3="76,123,45,24,93,21,87,26,53,32,4,81,112"/><U124/><E124/><V1/><F109/><W34/><G112/><T128/><D68/><U22/><E71/><V117/><F117/><W88/><G123/><T33/><D119/><U52/><E3/><V106/><F120/><W135/><G135/><T58/><D127/><U9/><E9/><V97/><F113/><W48/><G4/><T42/><D133/><U39/><E39/><V102/><F90/><W66/><G26/><T10/><D42/><U74/><E74/><V98/><F57/><W121/><G66/><T89/><D58/><U79/><E29/><V41/><F36/><W85/><G121/><T125/><D125/><U35/><E35/><V104/><REACH who="2" step="1"/><F106/><REACH who="2" ten="209,333,219,229" step="2"/><W62/><REACH who="3" step="1"/><G62/><REACH who="3" ten="209,333,219,219" step="2"/><T75/><D131/><U101/><E63/><V103/><F103/><W126/><G126/><T60/><D128/><U115/><E115/><V118/><F118/><W56/><G56/><T12/><D60/><U94/><E69/><V55/><F55/><W40/><G40/><T14/><D75/><U110/><E67/><V61/><F61/><W108/><G108/><T134/><D134/><U111/><E52/><V114/><F114/><W23/><G23/><T96/><REACH who="0" step="1"/><D12/><REACH who="0" ten="199,333,219,219" step="2"/><U77/><E111/><V2/><F2/><W19/><AGARI ba="0,3" hai="19,21,24,32,34,45,48,53,76,81,85,87,88,93" machi="19" ten="20,8000,1" yaku="1,1,0,1,7,1,52,1,54,1,53,0" doraHai="16" doraHaiUra="65" who="3" fromWho="3" sc="199,-20,333,-40,219,-20,219,110" /><INIT seed="2,0,0,1,3,110" ten="179,293,199,329" oya="2" hai0="14,64,118,107,71,117,128,31,79,130,112,47,40" hai1="62,102,92,67,132,41,87,122,52,126,89,53,134" hai2="24,33,18,85,103,34,78,96,36,133,3,95,69" hai3="11,26,116,99,68,45,4,10,63,50,127,113,22"/><V43/><F133/><N who="1" m="51305" /><E126/><V55/><F3/><W75/><G116/><N who="0" m="44651" /><D79/><U109/><E109/><V1/><F1/><W8/><G127/><T13/><D107/><U97/><E41/><V93/><F69/><W104/><G75/><T49/><D31/><U131/><E131/><N who="0" m="50217" /><D13/><U98/><E122/><V91/><F78/><W66/><G104/><T135/><D14/><U28/><E28/><V90/><F103/><W73/><G73/><T56/><D135/><U65/><E98/><V108/><F108/><W59/><G68/><T20/><D20/><U37/><E37/><V119/><F119/><W80/><G99/><T15/><D15/><U16/><E16/><V106/><F106/><W30/><G80/><T12/><D12/><U57/><E67/><V88/><F91/><W70/><G70/><T83/><D83/><AGARI ba="0,0" hai="52,53,57,62,65,83,87,89,92,97,102" m="51305" machi="83" ten="30,2000,0" yaku="20,1,54,1" doraHai="110" who="1" fromWho="0" sc="179,-20,293,20,199,0,329,0" /><INIT seed="3,0,0,1,4,119" ten="159,313,199,329" oya="3" hai0="53,12,31,90,2,107,85,104,91,42,51,98,3" hai1="17,24,48,58,54,67,118,99,39,134,100,34,83" hai2="105,129,70,122,72,36,47,95,59,6,123,41,102" hai3="115,127,117,7,44,109,116,133,65,69,5,22,126"/><W135/><G69/><T111/><D31/><U23/><E134/><N who="3" m="51210" /><G65/><T78/><D42/><U8/><E118/><N who="3" m="45674" /><G44/><T71/><D71/><U131/><E131/><V77/><F70/><W124/><G115/><T35/><D35/><U81/><E39/><V82/><F129/><W25/><G109/><T80/><D111/><U94/><E34/><V112/><F112/><W87/><G87/><T28/><D28/><AGARI ba="0,0" hai="5,7,22,25,28,124,126,127" m="45674,51210" machi="28" ten="40,12000,1" yaku="18,1,20,1,34,2" doraHai="119" who="3" fromWho="0" sc="159,-120,313,0,199,0,329,120" /><INIT seed="3,1,0,5,5,78" ten="39,313,199,449" oya="3" hai0="18,51,21,104,12,55,96,97,47,82,108,61,52" hai1="16,84,58,90,7,34,93,0,42,15,30,113,9" hai2="32,70,37,44,39,11,94,65,46,111,35,106,135" hai3="87,1,124,54,4,33,24,112,68,62,92,3,126"/><W95/><G112/><T66/><D108/><U14/><E113/><V69/><F135/><W98/><G4/><T99/><D104/><U134/><E134/><V72/><F106/><W103/><G87/><T26/><D55/><U41/><E15/><V86/><F111/><W81/><G81/><T83/><REACH who="0" step="1"/><D12/><REACH who="0" ten="29,313,199,449" step="2"/><U22/><E58/><AGARI ba="1,1" hai="18,21,26,47,51,52,58,61,66,82,83,96,97,99" machi="58" ten="40,12000,2" yaku="1,1,2,1,8,1,52,2,54,1,53,0" doraHai="78" doraHaiUra="27" who="0" fromWho="1" sc="29,133,313,-123,199,0,449,0" /><INIT seed="4,0,0,4,3,27" ten="162,190,199,449" oya="0" hai0="92,105,11,114,86,125,59,6,70,36,67,50,112" hai1="76,23,62,134,57,106,46,129,14,109,4,84,100" hai2="38,34,133,79,9,53,15,29,122,85,127,93,5" hai3="124,118,16,68,91,78,126,48,8,28,107,75,65"/><T82/><D105/><U104/><E109/><V24/><F127/><N who="3" m="48683" /><G107/><T32/><D36/><U7/><E129/><V43/><F133/><W42/><G118/><T108/><D32/><U61/><E134/><V115/><F122/><W132/><G132/><T30/><D108/><U110/><E110/><V103/><F115/><N who="0" m="44074" /><D70/><U83/><E62/><V56/><F38/><W80/><G91/><N who="0" m="51671" /><D125/><U117/><E117/><V49/><F43/><W90/><G90/><T98/><D6/><U88/><E106/><V64/><F64/><W19/><G68/><T111/><D11/><U60/><E104/><V35/><F79/><W102/><G65/><T81/><D111/><U25/><E7/><V17/><F85/><W47/><G102/><N who="0" m="60743" /><D81/><U130/><E83/><V51/><F51/><W94/><G94/><T3/><D3/><U63/><E4/><V120/><F120/><W119/><G119/><T1/><D1/><U31/><E100/><V128/><F128/><W116/><G116/><T87/><D87/><U135/><E130/><V131/><F131/><W58/><G8/><T121/><D121/><U52/><E135/><V0/><F35/><W97/><G97/><T22/><D67/><U66/><E76/><V73/><F0/><W40/><G40/><T113/><N who="0" m="44082" /><T13/><DORA hai="44" /><D59/><U54/><E66/><V20/><F34/><W12/><G58/><T18/><D50/><N who="1" m="28759" /><E14/><V123/><F123/><W77/><G12/><T10/><D10/><U89/><E84/><V71/><F71/><W41/><G78/><T72/><D72/><U95/><E95/><V33/><F73/><RYUUKYOKU ba="0,0" sc="162,15,190,15,199,-15,449,-15" hai0="13,18,22,30" hai1="23,25,31,54,57,60,61,63,88,89" /><INIT seed="4,1,0,2,3,123" ten="177,205,184,434" oya="0" hai0="131,88,118,4,83,10,133,55,78,119,20,90,60" hai1="124,51,27,0,48,72,49,29,134,132,9,41,86" hai2="44,39,70,96,6,58,12,91,127,111,19,107,87" hai3="36,15,13,54,77,98,67,105,74,120,21,117,68"/><T93/><D131/><U125/><E72/><V114/><F70/><W2/><G36/><T121/><D121/><U92/><E41/><V115/><F127/><N who="1" m="48713" /><E9/><V62/><F6/><W38/><G2/><T24/><D133/><N who="1" m="51307" /><E0/><V37/><F44/><W1/><G38/><T31/><D119/><U85/><E92/><V95/><F39/><W53/><G117/><T71/><D118/><U61/><E61/><V108/><F37/><W81/><G120/><T50/><D71/><U3/><E3/><V65/><F107/><W17/><G1/><T64/><D93/><U110/><E110/><V102/><F102/><W103/><G67/><T135/><D135/><U43/><E43/><V26/><F87/><N who="1" m="33289" /><E27/><V57/><F57/><W8/><G68/><T73/><D10/><U89/><E29/><V5/><F26/><W52/><G54/><T30/><D4/><AGARI ba="1,0" hai="4,8,13,15,17,21,52,53,74,77,81,98,103,105" machi="4" ten="30,2000,0" yaku="7,1,54,1" doraHai="123" who="3" fromWho="0" sc="177,-23,205,0,184,0,434,23" /><INIT seed="5,0,0,5,4,79" ten="154,205,184,457" oya="1" hai0="9,124,18,77,109,26,121,69,91,25,5,33,65" hai1="34,131,73,132,28,49,19,99,110,29,134,108,88" hai2="4,107,16,41,23,119,38,17,50,112,45,14,43" hai3="117,76,81,62,135,31,48,6,130,12,84,58,74"/><U92/><E131/><V101/><F119/><W90/><G117/><T52/><D121/><U66/><E66/><V24/><F112/><W87/><G130/><T2/><D109/><N who="1" m="42091" /><E73/><V93/><F107/><W57/><G135/><N who="1" m="51754" /><E34/><V36/><F4/><W104/><G104/><T22/><D124/><U103/><E19/><V126/><F126/><W95/><G31/><N who="1" m="11850" /><E49/><V123/><F123/><W97/><G48/><T96/><D33/><U11/><E11/><V35/><F35/><W47/><G47/><T61/><D77/><U8/><E8/><V56/><F56/><W120/><G57/><T75/><D75/><U78/><E78/><V89/><F101/><AGARI ba="0,0" hai="88,92,99,101,103" m="11850,51754,42091" machi="101" ten="40,7700,0" yaku="10,1,20,1,54,1" doraHai="79" who="1" fromWho="2" sc="154,0,205,77,184,-77,457,0" /><INIT seed="5,1,0,4,0,26" ten="154,282,107,457" oya="1" hai0="44,43,109,21,123,73,127,102,126,72,36,75,96" hai1="101,103,53,115,20,12,76,64,61,65,68,135,23" hai2="124,18,46,77,42,133,97,5,91,24,7,70,57" hai3="122,2,100,16,89,79,33,4,56,71,113,114,69"/><U85/><E115/><N who="3" m="44042" /><G122/><T54/><D21/><U121/><E135/><V118/><F133/><W99/><G79/><T15/><D15/><U81/><E121/><V22/><F124/><N who="0" m="47658" /><D109/><U50/><E65/><V62/><F70/><W125/><G125/><T35/><D54/><U94/><E94/><V74/><F118/><W134/><G134/><T111/><D123/><U17/><REACH who="1" step="1"/><E23/><REACH who="1" ten="154,272,107,457" step="2"/><V47/><F74/><W19/><G33/><T13/><D111/><U107/><E107/><V52/><F77/><W32/><G32/><T98/><D35/><U106/><E106/><V116/><F116/><W132/><G132/><T86/><D86/><U25/><E25/><V38/><REACH who="2" step="1"/><F47/><AGARI ba="1,1" hai="12,17,20,47,50,53,61,64,68,76,81,85,101,103" machi="47" ten="30,5800,0" yaku="1,1,7,1,53,1" doraHai="26" doraHaiUra="40" who="1" fromWho="2" sc="154,0,272,71,107,-61,457,0" /><INIT seed="5,2,0,3,1,134" ten="154,343,46,457" oya="1" hai0="65,71,24,37,88,22,86,23,123,30,14,70,32" hai1="38,72,101,100,6,19,67,84,29,46,50,45,122" hai2="10,78,116,119,26,77,63,99,59,5,114,92,85" hai3="121,9,15,43,44,21,118,94,7,49,135,103,98"/><U39/><E72/><V117/><F26/><W36/><G135/><T35/><D37/><U115/><E122/><V2/><F114/><W0/><G121/><T4/><D123/><U73/><E73/><V51/><F51/><W41/><G118/><T131/><D131/><U47/><E6/><V56/><F85/><W66/><G66/><T64/><D71/><U25/><E67/><V60/><F59/><W112/><G112/><T28/><D70/><U69/><E69/><V76/><REACH who="2" step="1"/><F56/><REACH who="2" ten="154,343,36,457" step="2"/><W34/><G36/><T58/><D35/><U133/><E39/><V83/><F83/><W109/><G109/><T127/><D32/><U53/><E38/><V111/><F111/><W75/><G75/><T89/><D58/><U17/><E133/><V61/><F61/><W68/><G68/><T79/><D24/><U55/><E115/><V48/><F48/><W81/><G81/><T130/><D130/><U105/><E84/><V11/><F11/><W129/><G129/><T126/><D86/><U42/><E50/><V104/><F104/><W52/><G34/><T132/><D132/><U82/><E105/><V12/><F12/><W13/><G0/><T1/><D1/><U97/><E82/><V110/><F110/><W124/><G124/><N who="0" m="47659" /><D79/><U16/><E25/><V31/><F31/><N who="0" m="11818" /><D4/><U18/><E29/><V93/><F93/><W40/><G15/><T120/><D120/><U96/><E19/><V90/><AGARI ba="2,1" hai="2,5,10,60,63,76,77,78,90,92,99,116,117,119" machi="90" ten="40,2700,0" yaku="1,1,0,1,53,0" doraHai="134" doraHaiUra="108" who="2" fromWho="2" sc="154,-9,343,-15,36,43,457,-9" /><INIT seed="6,0,0,2,3,88" ten="145,328,79,448" oya="2" hai0="2,123,110,117,5,66,44,45,41,71,131,95,94" hai1="108,51,59,133,73,135,31,119,81,104,80,91,61" hai2="96,52,107,0,48,97,55,114,56,120,84,79,28" hai3="33,92,1,8,89,98,99,36,7,6,43,85,102"/><V26/><F114/><W10/><G33/><T54/><D123/><U16/><E108/><V126/><F126/><W42/><G36/><T23/><D117/><U93/><E31/><V65/><F0/><W3/><G99/><T69/><D110/><U63/><E104/><AGARI ba="0,0" hai="1,3,6,7,8,10,42,43,85,89,92,98,102,104" machi="104" ten="30,3900,0" yaku="7,1,9,1,52,1" doraHai="88" who="3" fromWho="1" sc="145,0,328,-39,79,0,448,39" /><INIT seed="7,0,0,1,2,10" ten="145,289,79,487" oya="3" hai0="124,24,51,46,38,132,16,74,29,45,95,125,32" hai1="83,44,76,84,114,43,79,123,128,52,89,77,67" hai2="18,87,120,7,106,0,17,57,111,110,109,3,21" hai3="68,78,94,58,126,86,99,93,107,50,92,70,2"/><W6/><G126/><N who="0" m="48747" /><D74/><U98/><E128/><V56/><F106/><W35/><G35/><T61/><D132/><U115/><E67/><V22/><F87/><W100/><G68/><T85/><D38/><U71/><E71/><V49/><F49/><W112/><G70/><T91/><D61/><U118/><E123/><V105/><F105/><W64/><G64/><T25/><D51/><U131/><E118/><V97/><F97/><W75/><G50/><T30/><D16/><U103/><E131/><V5/><F57/><W134/><G58/><T119/><D119/><U39/><E52/><V81/><F56/><W104/><G134/><T88/><D91/><U26/><E26/><V8/><F81/><W60/><G60/><T33/><AGARI ba="0,0" hai="24,25,29,30,32,33,45,46,85,88,95" m="48747" machi="33" ten="30,2000,0" yaku="18,1,54,1" doraHai="10" who="0" fromWho="0" sc="145,20,289,-5,79,-5,487,-10" owari="165,-23.0,284,8.0,74,-43.0,477,58.0" /></mjloggm>