<mjloggm ver="2.3"><GO type="41" lobby="0"/><UN n0="%E2%93%9D%53%75%70%68%78" n1="%E3%81%AA%E3%81%A3%E3%81%A1%E3%82%85" n2="%E3%82%AA%E3%83%A2%E3%83%81" n3="%2A%48%41%4E%41%42%49%2A" dan="18,15,13,14" rate="2096.07,2000.01,1858.46,1960.52" sx="M,F,M,M"/><TAIKYOKU oya="0"/><INIT seed="0,0,0,2,2,99" ten="250,250,250,250" oya="0" hai0="101,54,43,69,4,107,102,74,49,16,81,28,115" hai1="26,9,105,57,89,3,68,44,112,40,90,47,21" hai2="132,133,42,23,51,88,1,128,7,11,85,93,41" hai3="118,2,32,110,31,77,22,53,25,91,129,24,59"/><T20/><D115/><U97/><E112/><V131/><F23/><W73/><G2/><T66/><D107/><U10/><E68/><V92/><F92/><W72/><G77/><T52/><D69/><U13/><E3/><V106/><F106/><W100/><G129/><N who="2" m="49737" /><F51/><W58/><G110/><T15/><D66/><U95/><E105/><V65/><F65/><W45/><G100/><N who="0" m="38507" /><D74/><U78/><E78/><V46/><F46/><W87/><G45/><N who="0" m="25791" /><D28/><U56/><E47/><V86/><F86/><W114/><G58/><T79/><D4/><U5/><E57/><V119/><F119/><W127/><G114/><T121/><D121/><U50/><E56/><V67/><F67/><W111/><G111/><T135/><D135/><AGARI ba="0,0" hai="1,7,11,41,42,85,88,93,132,133,135" m="49737" machi="135" ten="30,3900,0" yaku="20,1,19,1,54,1" doraHai="99" who="2" fromWho="0" sc="250,-39,250,0,250,39,250,0" /><INIT seed="1,0,0,0,4,58" ten="211,250,289,250" oya="1" hai0="92,23,4,119,57,126,72,102,93,53,31,3,75" hai1="48,86,123,120,100,51,95,21,135,22,114,106,52" hai2="87,94,131,70,37,54,109,11,60,105,16,110,103" hai3="49,129,69,13,133,111,101,117,62,121,97,9,24"/><U50/><E114/><V55/><F105/><W98/><G121/><T65/><D119/><U0/><E0/><V40/><F131/><W89/><G111/><N who="2" m="42505" /><F37/><W59/><G129/><T112/><D126/><U45/><E135/><V10/><F40/><W8/><G133/><T41/><D65/><U73/><E73/><V64/><F10/><W132/><G132/><T15/><D75/><U18/><E106/><V84/><F103/><W134/><G134/><T96/><D72/><U46/><E51/><V26/><F94/><W25/><G9/><T34/><D93/><U125/><E125/><V128/><F128/><W116/><G89/><T90/><D41/><U28/><E28/><V33/><F33/><W107/><G49/><T122/><D34/><U35/><E35/><V85/><F11/><W6/><G69/><T68/><D68/><U32/><E32/><V61/><F61/><W7/><G7/><T36/><D4/><U30/><E30/><V78/><F78/><W81/><G81/><T17/><D31/><U71/><E71/><V91/><F91/><W42/><G42/><T130/><D130/><U83/><E100/><V20/><AGARI ba="0,0" hai="16,20,26,54,55,60,64,70,84,85,87" m="42505" machi="20" ten="40,5200,0" yaku="14,1,52,1,54,1" doraHai="58" who="2" fromWho="2" sc="211,-13,250,-26,289,52,250,-13" /><INIT seed="2,0,0,5,0,90" ten="198,224,341,237" oya="2" hai0="122,44,36,86,29,8,81,132,47,114,67,98,94" hai1="40,23,54,120,108,134,101,2,32,43,124,5,38" hai2="15,51,115,96,21,117,19,89,49,76,75,74,45" hai3="126,82,27,6,105,106,59,68,62,87,46,70,60"/><V41/><F117/><W118/><G126/><T34/><D114/><U127/><E120/><V107/><F115/><W104/><G118/><T64/><D122/><U18/><E108/><V109/><F109/><W35/><G6/><T58/><D132/><U20/><E134/><V125/><F125/><W48/><G35/><T97/><D36/><U13/><E101/><V42/><F107/><W65/><G27/><T99/><D29/><U56/><E32/><V69/><F69/><W100/><G100/><T72/><D72/><U91/><E23/><V130/><F130/><W80/><G80/><T92/><D8/><U3/><E3/><V63/><F76/><W112/><G60/><N who="0" m="37911" /><D67/><U111/><E111/><V66/><F51/><W30/><G30/><T128/><D34/><U22/><E22/><V88/><F42/><W79/><REACH who="3" step="1"/><G112/><REACH who="3" ten="198,224,341,227" step="2"/><T113/><D128/><U78/><E5/><V133/><F133/><W1/><G1/><T85/><D113/><U39/><E2/><V110/><F110/><W131/><G131/><T57/><D81/><U10/><E124/><V33/><F33/><W61/><G61/><T24/><D24/><U119/><E119/><V55/><F63/><W12/><G12/><T103/><D103/><U11/><E13/><V52/><F15/><W0/><G0/><T50/><D94/><U93/><E93/><V121/><F121/><W16/><G16/><T73/><D92/><U7/><E18/><V77/><F19/><W26/><G26/><T14/><D14/><U17/><E127/><V25/><F25/><W71/><G71/><T9/><D9/><RYUUKYOKU ba="0,1" sc="198,-10,224,-10,341,-10,227,30" hai3="46,48,59,62,65,68,70,79,82,87,104,105,106" /><INIT seed="3,1,1,2,2,40" ten="188,214,331,257" oya="3" hai0="80,60,73,41,120,72,127,74,6,46,98,47,82" hai1="25,135,78,62,103,50,106,128,71,27,38,75,28" hai2="130,22,93,88,101,1,19,33,23,45,113,52,36" hai3="123,51,11,42,0,95,10,44,65,61,116,105,56"/><W39/><G123/><T66/><D120/><U63/><E128/><V77/><F130/><W90/><G105/><T122/><D122/><U69/><E135/><V100/><F33/><W5/><G10/><T132/><D132/><U117/><E117/><V16/><F1/><W109/><G109/><T121/><D121/><U104/><E50/><N who="2" m="28751" /><F36/><W84/><REACH who="3" step="1"/><G39/><REACH who="3" ten="188,214,331,247" step="2"/><T7/><D7/><U86/><E38/><V131/><F131/><W133/><G133/><T79/><D6/><U18/><E104/><V99/><F113/><W35/><G35/><T30/><D127/><U76/><E106/><V97/><F77/><W92/><G92/><T112/><D79/><U24/><E78/><V118/><F118/><AGARI ba="1,2" hai="0,5,11,42,44,51,56,61,65,84,90,95,116,118" machi="118" ten="40,3900,0" yaku="1,1,52,1,53,0" doraHai="40" doraHaiUra="67" who="3" fromWho="2" sc="188,0,214,0,331,-42,247,62" /><INIT seed="3,2,0,4,4,124" ten="188,214,289,309" oya="3" hai0="122,36,63,29,5,97,31,1,68,23,115,50,22" hai1="20,101,70,79,17,117,108,123,83,46,77,133,96" hai2="84,72,99,85,45,55,41,59,10,90,52,106,16" hai3="129,127,14,38,88,92,47,102,86,49,71,19,58"/><W43/><G127/><T75/><D75/><U2/><E123/><V18/><F72/><W12/><G71/><T9/><D36/><U56/><E117/><V67/><F106/><W100/><G129/><T15/><D50/><U33/><E108/><V91/><F67/><W110/><G110/><T131/><D63/><U116/><E2/><V93/><F10/><W25/><G25/><T87/><D87/><U113/><E33/><V30/><F30/><N who="0" m="11274" /><D97/><U66/><E116/><V118/><F118/><W7/><G58/><T104/><D104/><U27/><E70/><V82/><F55/><W135/><G135/><T132/><D68/><U40/><E133/><V35/><F35/><W98/><G38/><T26/><D115/><U48/><E113/><V111/><F111/><W44/><G44/><T37/><D37/><U121/><E121/><V32/><F32/><W81/><G81/><T103/><D103/><U11/><E83/><V39/><F99/><W34/><G34/><T62/><D122/><U57/><E66/><V74/><F74/><W130/><G98/><T76/><D132/><U0/><E56/><V6/><F6/><W51/><G51/><AGARI ba="2,0" hai="16,18,39,41,45,51,52,59,82,84,85,90,91,93" machi="51" ten="30,3900,0" yaku="7,1,54,2" doraHai="124" who="2" fromWho="3" sc="188,0,214,0,289,45,309,-45" /><INIT seed="4,0,0,2,0,29" ten="188,214,334,264" oya="0" hai0="24,76,105,122,115,120,125,20,3,5,66,124,98" hai1="81,97,96,49,27,62,113,28,93,11,0,74,117" hai2="9,65,39,95,71,50,89,112,21,119,134,18,101" hai3="58,6,56,67,79,2,60,64,107,111,12,94,118"/><T48/><D66/><U17/><E117/><V22/><F119/><W8/><G111/><T43/><D76/><U10/><E113/><V35/><F112/><W127/><G127/><N who="0" m="48715" /><D48/><U34/><E96/><V102/><F39/><W38/><G38/><T86/><D86/><U33/><E49/><V44/><F35/><W23/><G107/><T99/><D115/><U47/><E47/><V13/><F134/><W15/><G79/><T52/><D43/><U1/><E62/><V106/><F106/><W46/><G46/><T135/><D135/><U30/><E81/><V100/><F65/><W70/><G118/><T87/><D87/><U84/><E74/><V61/><F61/><W59/><G67/><T83/><D83/><U7/><E84/><N who="2" m="52647" /><F71/><W132/><G132/><T19/><D105/><U36/><E93/><V37/><F37/><W77/><G77/><T40/><D40/><AGARI ba="0,0" hai="9,13,18,21,22,40,44,50,100,101,102" m="52647" machi="40" ten="30,1000,0" yaku="8,1" doraHai="29" who="2" fromWho="0" sc="188,-10,214,0,334,10,264,0" /><INIT seed="5,0,0,1,2,121" ten="178,214,344,264" oya="1" hai0="122,46,107,110,80,109,126,53,95,24,31,43,49" hai1="84,73,108,38,130,127,32,132,17,19,29,16,25" hai2="37,50,88,33,106,93,61,47,76,115,96,11,54" hai3="28,89,134,36,35,18,1,21,39,66,15,30,131"/><U135/><E38/><V99/><F33/><W26/><G28/><T97/><D107/><U125/><E73/><V5/><F76/><W101/><G101/><T52/><D122/><U0/><E84/><V51/><F37/><W90/><G134/><N who="1" m="51242" /><E0/><V98/><F106/><W56/><G131/><T120/><D120/><U67/><E67/><V8/><F61/><W94/><G89/><T20/><D126/><N who="1" m="48139" /><E108/><V55/><F115/><W128/><G128/><AGARI ba="0,0" hai="16,17,19,25,29,32,128,130" m="48139,51242" machi="128" ten="40,18000,2" yaku="30,2,20,1,18,1,34,2,54,1" doraHai="121" who="1" fromWho="3" sc="178,0,214,180,344,0,264,-180" /><INIT seed="5,1,0,3,2,130" ten="178,394,344,84" oya="1" hai0="114,108,35,86,110,131,91,40,128,78,56,9,105" hai1="96,109,121,37,120,6,42,51,73,90,50,41,134" hai2="92,55,124,115,69,7,81,3,22,25,89,82,10" hai3="106,76,102,116,53,103,101,107,113,59,13,63,75"/><U88/><E73/><V46/><F69/><W98/><G113/><T70/><D40/><U125/><E6/><V95/><F115/><W30/><G116/><T20/><D35/><U29/><E29/><V15/><F124/><W0/><G0/><T52/><D78/><U132/><E125/><V17/><F95/><W47/><G30/><T54/><D105/><U135/><E109/><V14/><F14/><W68/><G13/><T12/><D70/><U48/><E37/><V45/><F45/><W119/><G119/><T49/><D54/><U93/><E90/><V26/><F26/><W2/><G2/><T4/><D20/><U118/><E118/><V127/><F127/><W38/><G98/><T19/><D4/><U8/><E8/><V23/><F55/><W1/><G1/><T39/><D39/><U27/><E27/><V36/><F46/><W16/><G16/><T33/><D33/><U104/><E104/><V133/><F36/><W18/><G18/><T83/><REACH who="0" step="1"/><D114/><REACH who="0" ten="168,394,344,84" step="2"/><U28/><E28/><V24/><F23/><W11/><G11/><T64/><D64/><U61/><E41/><V62/><F7/><W34/><G34/><T74/><D74/><U99/><E42/><V79/><F22/><W126/><G126/><T84/><D84/><U80/><E99/><V97/><F79/><W60/><G76/><T58/><D58/><U111/><E96/><V77/><F97/><W87/><G87/><T100/><D100/><U57/><E57/><V117/><F77/><W72/><G106/><T71/><D71/><U66/><E66/><V5/><F5/><RYUUKYOKU ba="1,1" sc="168,30,394,-10,344,-10,84,-10" hai0="9,12,19,49,52,56,83,86,91,108,110,128,131" /><INIT seed="6,2,1,2,0,53" ten="198,384,334,74" oya="2" hai0="49,98,1,18,118,29,128,77,124,79,80,84,102" hai1="114,32,0,69,12,88,134,24,5,66,112,64,33" hai2="43,111,131,97,109,87,50,135,116,34,42,22,100" hai3="62,61,107,103,4,15,129,13,68,27,81,125,99"/><V78/><F34/><W93/><G125/><T96/><D1/><U89/><E12/><V16/><F116/><W39/><G129/><T40/><D29/><U60/><E134/><V23/><F131/><W63/><G39/><T115/><D115/><U56/><E69/><V127/><F127/><W75/><G107/><T31/><D31/><U70/><E70/><V113/><F113/><W48/><G27/><T106/><D18/><U82/><E82/><V85/><F135/><W20/><G48/><T14/><D14/><U130/><E24/><V132/><F132/><W86/><G75/><T59/><D98/><U74/><E74/><V38/><F50/><W25/><G68/><T83/><D118/><U45/><E5/><V110/><F23/><W10/><G62/><T58/><D128/><U90/><E0/><V52/><F52/><W76/><REACH who="3" step="1"/><G15/><REACH who="3" ten="198,384,334,64" step="2"/><T28/><D124/><U91/><E60/><V35/><F38/><W9/><G9/><T11/><D11/><U123/><E130/><V2/><F2/><W108/><G108/><T46/><D28/><AGARI ba="2,2" hai="4,10,13,20,25,28,61,63,76,81,86,93,99,103" machi="28" ten="30,3900,0" yaku="1,1,7,1,8,1,53,0" doraHai="53" doraHaiUra="104" who="3" fromWho="0" sc="198,-45,384,0,334,0,64,65" /><INIT seed="7,0,0,4,1,29" ten="153,384,334,129" oya="3" hai0="8,131,76,24,75,64,103,124,113,23,5,53,78" hai1="59,35,21,91,114,58,110,40,117,37,135,73,84" hai2="55,38,90,123,97,4,100,120,89,116,41,85,129" hai3="112,83,45,48,93,15,27,12,104,31,11,49,63"/><W50/><G112/><T33/><D33/><U133/><E114/><V54/><F38/><W108/><G108/><T69/><D113/><U92/><E73/><V9/><F41/><W30/><G104/><T81/><D131/><U79/><E79/><V39/><F39/><W2/><G2/><T46/><D103/><U130/><E35/><V88/><F116/><W99/><G63/><T127/><D78/><U52/><E110/><V132/><F85/><W14/><G83/><T26/><D64/><U22/><E130/><V109/><F129/><W18/><G45/><T67/><D67/><U94/><E117/><V25/><F25/><W101/><REACH who="3" step="1"/><G30/><REACH who="3" ten="153,384,334,119" step="2"/><T70/><D46/><U106/><E106/><V19/><F123/><W34/><AGARI ba="0,1" hai="11,12,14,15,18,27,31,34,48,49,50,93,99,101" machi="34" ten="30,11700,0" yaku="1,1,2,1,0,1,52,1,53,0" doraHai="29" doraHaiUra="1" who="3" fromWho="3" sc="153,-39,384,-39,334,-39,119,127" /><INIT seed="7,1,0,0,0,106" ten="114,345,295,246" oya="3" hai0="43,28,80,20,46,25,85,9,104,69,71,117,123" hai1="86,68,17,61,82,66,45,135,54,47,134,103,109" hai2="31,2,50,38,34,110,124,13,18,29,22,30,121" hai3="94,55,127,93,60,1,33,90,89,4,75,107,72"/><W40/><G107/><T74/><D123/><U15/><E109/><V57/><F38/><W59/><G33/><T131/><D117/><U11/><E103/><V78/><F78/><W42/><G127/><T56/><D131/><U65/><E65/><V32/><F50/><W73/><G4/><T49/><D104/><U41/><E41/><V132/><F57/><W95/><REACH who="3" step="1"/><G1/><REACH who="3" ten="114,345,295,236" step="2"/><T39/><D71/><U98/><E135/><V16/><F124/><W67/><G67/><T27/><D69/><U70/><E70/><V37/><F132/><W24/><G24/><T108/><D108/><U5/><E5/><V122/><F110/><W21/><G21/><T97/><D27/><U88/><E134/><V102/><F37/><W6/><G6/><T130/><D130/><U64/><E64/><V36/><F36/><W114/><G114/><T119/><D119/><U133/><E133/><V35/><F2/><W118/><G118/><T62/><D39/><U96/><E68/><V91/><F102/><W126/><G126/><T100/><D9/><U83/><E66/><V113/><F113/><W77/><G77/><T7/><D7/><U120/><E11/><N who="2" m="6463" /><F91/><AGARI ba="1,1" hai="40,42,55,59,60,72,73,75,89,90,91,93,94,95" machi="91" ten="50,12000,1" yaku="1,1,52,3,53,0" doraHai="106" doraHaiUra="111" who="3" fromWho="2" sc="114,0,345,0,295,-123,236,133" owari="114,-39.0,345,15.0,172,-23.0,369,47.0" /></mjloggm>