<mjloggm ver="2.3"><GO type="41" lobby="0"/><UN n0="%E2%93%9D%53%75%70%68%78" n1="%E3%81%84%E3%81%91%E3%81%B4%E3%83%BC%EF%BC%9F" n2="%E3%81%8B%E3%81%84%E3%81%A5%E3%81%8B" n3="%48%6F%6B%75%73%65%69" dan="17,15,14,15" rate="2044.85,1996.67,1935.61,2066.20" sx="M,M,F,M"/><TAIKYOKU oya="0"/><INIT seed="0,0,0,3,0,16" ten="250,250,250,250" oya="0" hai0="14,68,66,51,84,88,120,32,56,93,13,100,101" hai1="24,25,34,86,61,12,126,8,102,103,135,41,57" hai2="38,107,109,110,108,26,22,6,37,134,23,7,77" hai3="82,106,39,94,40,4,48,52,3,133,65,112,111"/><T2/><D120/><U35/><E135/><V75/><F107/><W131/><G112/><T90/><D2/><U125/><E41/><V42/><F134/><W97/><G133/><T71/><D32/><U70/><E70/><V28/><F75/><W43/><G106/><T117/><D117/><U45/><E45/><V132/><F77/><W119/><G65/><T76/><D76/><U33/><E86/><V31/><F132/><W96/><G119/><T46/><D71/><U27/><E57/><V78/><F78/><W5/><G82/><T83/><D68/><U60/><E12/><N who="0" m="4713" /><D56/><U58/><E8/><V62/><F62/><N who="1" m="24169" /><E58/><V73/><F73/><W21/><G48/><T99/><D66/><U49/><E49/><V89/><F89/><W115/><G94/><T92/><D92/><U63/><N who="1" m="24177" /><U10/><DORA hai="29" /><E10/><V128/><F128/><W59/><G59/><T105/><D105/><U104/><E104/><V9/><F42/><AGARI ba="0,0" hai="42,46,51,83,84,88,90,93,99,100,101" m="4713" machi="42" ten="30,2900,0" yaku="8,1,54,1" doraHai="16,29" who="0" fromWho="2" sc="250,29,250,0,250,-29,250,0" /><INIT seed="0,1,0,2,0,9" ten="279,250,221,250" oya="0" hai0="115,35,64,11,135,36,16,118,78,92,48,69,77" hai1="56,120,13,109,75,71,127,86,41,70,125,19,84" hai2="110,113,131,50,73,116,24,44,28,129,90,38,21" hai3="130,52,61,3,68,94,83,96,30,37,66,100,14"/><T29/><D115/><U49/><E120/><V26/><F113/><W42/><G3/><T4/><D36/><U34/><E75/><V12/><F38/><W107/><G130/><T79/><D118/><U22/><E34/><V133/><F110/><W7/><G83/><T40/><D135/><U88/><E86/><V60/><F133/><W47/><G30/><T128/><D128/><U53/><E41/><V20/><F116/><W98/><G52/><T51/><D29/><U62/><E109/><V74/><F60/><W119/><G119/><T59/><D69/><U91/><E91/><V112/><F112/><W58/><G7/><T8/><D35/><U117/><E117/><V103/><F103/><W101/><REACH who="3" step="1"/><G14/><REACH who="3" ten="279,250,221,240" step="2"/><N who="0" m="5383" /><D40/><U121/><E121/><V108/><F131/><W95/><G95/><T124/><D92/><N who="1" m="54279" /><E62/><V10/><F129/><W65/><G65/><T39/><D64/><U63/><E63/><V67/><F67/><W2/><G2/><T126/><D126/><AGARI ba="1,1" hai="13,19,22,49,53,56,70,71,125,126,127" m="54279" machi="126" ten="30,7700,0" yaku="25,1,18,1,52,1,54,1" doraHai="9" who="1" fromWho="0" sc="279,-80,250,90,221,0,240,0" /><INIT seed="1,0,0,2,3,97" ten="199,340,221,240" oya="1" hai0="46,84,98,80,55,92,42,22,125,95,30,106,28" hai1="100,119,86,112,9,79,127,118,17,3,54,6,76" hai2="29,62,69,75,126,70,99,71,105,67,117,25,109" hai3="40,135,82,66,77,83,93,111,121,47,90,129,35"/><U10/><E112/><V87/><F117/><W32/><G121/><T12/><D106/><U41/><E41/><V110/><F87/><W49/><G111/><N who="2" m="42505" /><F126/><W20/><G129/><T104/><D104/><U51/><E127/><V124/><F75/><W45/><G135/><T132/><D95/><U73/><E73/><V1/><F1/><W43/><G66/><T81/><D55/><U61/><E61/><V130/><F130/><W34/><G20/><T56/><D81/><U57/><E76/><V94/><F124/><W101/><G101/><T88/><D56/><U60/><E60/><V96/><F96/><W16/><G16/><N who="0" m="10503" /><D132/><U59/><E59/><V115/><F115/><W50/><REACH who="3" step="1"/><G77/><REACH who="3" ten="199,340,221,230" step="2"/><N who="0" m="46095" /><D125/><U85/><E100/><N who="2" m="62623" /><F94/><W65/><G65/><T131/><D131/><U15/><REACH who="1" step="1"/><E79/><REACH who="1" ten="199,330,221,230" step="2"/><V68/><F68/><W64/><G64/><T102/><D102/><U5/><E5/><V128/><F128/><W23/><G23/><AGARI ba="0,2" hai="23,25,29,62,67,69,70,71" m="62623,42505" machi="23" ten="30,2000,0" yaku="14,1,52,1" doraHai="97" who="2" fromWho="3" sc="199,0,330,0,221,40,230,-20" /><INIT seed="2,0,0,2,1,54" ten="199,330,261,210" oya="2" hai0="111,115,82,62,106,127,1,28,89,40,125,35,47" hai1="8,91,55,52,25,24,100,30,49,108,18,87,63" hai2="116,83,34,14,97,57,36,33,105,4,9,50,75" hai3="81,84,98,68,76,41,132,113,22,44,43,99,12"/><V103/><F116/><W123/><G123/><T88/><D115/><U85/><E108/><V67/><F36/><W77/><G113/><T79/><D1/><U10/><E100/><V124/><F124/><N who="0" m="47690" /><D106/><U38/><E38/><V71/><F71/><W37/><G132/><T90/><D28/><U94/><E85/><V101/><F101/><W86/><G68/><T135/><D35/><U32/><E63/><V112/><F112/><W72/><G72/><N who="0" m="43367" /><D62/><U74/><E74/><V61/><REACH who="2" step="1"/><F50/><REACH who="2" ten="199,330,251,210" step="2"/><W51/><G51/><N who="0" m="27111" /><D135/><U6/><E49/><V69/><F69/><W29/><G37/><T48/><D48/><U65/><E32/><V46/><F46/><W110/><G44/><T114/><D114/><U58/><E58/><V2/><F2/><W7/><G77/><AGARI ba="0,1" hai="4,9,14,33,34,57,61,67,75,77,83,97,103,105" machi="77" ten="40,3900,0" yaku="1,1,52,1,53,0" doraHai="54" doraHaiUra="39" who="2" fromWho="3" sc="199,0,330,0,251,49,210,-39" /><INIT seed="2,1,0,0,1,24" ten="199,330,300,171" oya="2" hai0="25,55,43,38,56,20,59,84,10,64,86,49,21" hai1="108,32,11,118,13,9,79,48,133,44,22,93,85" hai2="54,91,12,62,61,74,94,39,97,129,3,88,126" hai3="57,104,130,68,37,40,46,34,72,17,63,7,131"/><V70/><F3/><W120/><G120/><T117/><D117/><U119/><E32/><V23/><F74/><W42/><G104/><T122/><D122/><U35/><E35/><V109/><F129/><W30/><G72/><T65/><D38/><U52/><E133/><V95/><F126/><W112/><G112/><T92/><D43/><U110/><E22/><V5/><F39/><W27/><G42/><T106/><D106/><U4/><E11/><V28/><F109/><N who="1" m="42089" /><E93/><V58/><F70/><W82/><G68/><T60/><D21/><U36/><E36/><V127/><F127/><W98/><G7/><T76/><D10/><U8/><E9/><N who="2" m="4143" /><F62/><W67/><G98/><T75/><D65/><U90/><E90/><V29/><F23/><W71/><G82/><AGARI ba="1,0" hai="4,8,13,44,48,52,79,82,85,118,119" m="42089" machi="82" ten="30,2000,0" yaku="14,1,54,1" doraHai="24" who="1" fromWho="3" sc="199,0,330,23,300,0,171,-23" /><INIT seed="3,0,0,0,2,30" ten="199,353,300,148" oya="3" hai0="126,82,43,121,98,79,58,56,37,107,64,25,75" hai1="87,51,24,88,12,96,76,65,55,10,26,105,115" hai2="7,21,108,22,63,33,70,73,117,20,95,129,47" hai3="18,27,83,102,118,11,86,52,91,15,59,80,81"/><W16/><G118/><T72/><D121/><U19/><E115/><V50/><F117/><W132/><G132/><T69/><D58/><U93/><E65/><V32/><F108/><W77/><G102/><N who="0" m="62935" /><D56/><U31/><E31/><V125/><F125/><W119/><G119/><T6/><D6/><U134/><E134/><V113/><F113/><W45/><G77/><T66/><D66/><U92/><E105/><V122/><F122/><W127/><G127/><T9/><D9/><U71/><E71/><V34/><F129/><W35/><G35/><T106/><D106/><U54/><E76/><V130/><F130/><W74/><G74/><N who="0" m="43383" /><D25/><N who="1" m="9835" /><E51/><V29/><F29/><W114/><G114/><T67/><D67/><U46/><E46/><V128/><F128/><W38/><G38/><T0/><D0/><U90/><AGARI ba="0,0" hai="10,12,19,54,55,87,88,90,92,93,96" m="9835" machi="90" ten="30,2000,0" yaku="8,1,54,1" doraHai="30" who="1" fromWho="1" sc="199,-5,353,20,300,-5,148,-10" /><INIT seed="4,0,0,1,5,38" ten="194,373,295,138" oya="0" hai0="56,131,134,80,113,47,34,89,43,45,60,87,69" hai1="30,130,18,48,68,111,86,106,57,4,84,114,108" hai2="95,73,35,44,25,97,7,112,82,110,92,81,36" hai3="133,32,24,10,115,54,126,27,94,101,33,1,70"/><T14/><D113/><U132/><E106/><V26/><F110/><W121/><G70/><T20/><D34/><U67/><E30/><V37/><F7/><W52/><G115/><T58/><D131/><U9/><E18/><V63/><F112/><W71/><G71/><T40/><D134/><U65/><E114/><V42/><F63/><W122/><G133/><T118/><D118/><U125/><E132/><V15/><F15/><W5/><G101/><T75/><D75/><U102/><E102/><V103/><F37/><W39/><G39/><T22/><D69/><U3/><E68/><V21/><F73/><W109/><G109/><T13/><D60/><U61/><E67/><V104/><F35/><W0/><G10/><T85/><D80/><U98/><E98/><V88/><F104/><W116/><G94/><T129/><D129/><U8/><E8/><V135/><F26/><W74/><G74/><T29/><D89/><U72/><E72/><V107/><F107/><W6/><REACH who="3" step="1"/><G126/><REACH who="3" ten="194,373,295,128" step="2"/><T16/><D29/><U17/><E125/><V66/><F135/><W59/><G59/><T12/><D12/><U11/><E130/><V23/><F95/><W127/><G127/><T78/><D16/><U76/><E17/><V64/><F103/><W83/><G83/><T119/><REACH who="0" step="1"/><D119/><AGARI ba="0,1" hai="0,1,5,6,24,27,32,33,52,54,116,119,121,122" machi="119" ten="25,6400,0" yaku="1,1,22,2,54,1,53,0" doraHai="38" doraHaiUra="62" who="3" fromWho="0" sc="194,-64,373,0,295,0,128,74" /><INIT seed="5,0,0,4,4,96" ten="130,373,295,202" oya="1" hai0="43,105,63,83,87,49,86,37,78,81,54,45,7" hai1="94,6,66,32,114,76,23,101,8,62,5,108,27" hai2="115,79,61,48,104,15,124,9,31,75,14,85,53" hai3="130,89,22,102,111,103,4,100,92,33,16,40,73"/><U110/><E32/><V35/><F75/><W41/><G111/><N who="1" m="42538" /><E76/><V119/><F119/><W52/><G73/><T95/><D105/><U77/><E77/><V132/><F124/><W128/><G33/><T80/><D7/><U99/><E8/><V12/><F132/><W56/><G4/><T98/><D63/><U126/><E126/><V65/><F104/><W93/><G130/><T123/><D123/><U11/><E11/><V116/><F116/><W97/><G93/><T46/><REACH who="0" step="1"/><D87/><REACH who="0" ten="120,373,295,202" step="2"/><U113/><E5/><V82/><F61/><N who="3" m="35975" /><G128/><T34/><D34/><U13/><E6/><V57/><F35/><W88/><G89/><AGARI ba="0,1" hai="37,43,45,46,49,54,78,80,81,83,86,89,95,98" machi="89" ten="30,3900,0" yaku="1,1,7,1,53,1" doraHai="96" doraHaiUra="38" who="0" fromWho="3" sc="120,49,373,0,295,0,202,-39" /><INIT seed="6,0,0,4,5,91" ten="169,373,295,163" oya="2" hai0="131,93,56,74,125,126,105,11,72,18,61,21,5" hai1="51,16,58,81,6,120,100,41,135,71,132,62,73" hai2="110,32,107,55,52,65,30,108,47,37,54,75,48" hai3="13,67,115,119,134,15,24,46,45,83,89,35,102"/><V27/><F75/><W33/><G119/><T112/><D105/><U90/><E71/><V14/><F107/><W2/><G2/><T103/><D112/><U25/><E6/><V12/><F37/><W98/><G134/><T95/><D131/><U77/><E100/><V59/><F65/><W133/><G115/><T85/><D85/><U64/><E120/><V43/><REACH who="2" step="1"/><F59/><REACH who="2" ten="169,373,285,163" step="2"/><W118/><G67/><T114/><D74/><U19/><E135/><V22/><F22/><W86/><G133/><T29/><D72/><U60/><E132/><V101/><F101/><W129/><G102/><T39/><D39/><U7/><E64/><V79/><F79/><W66/><G66/><T49/><D114/><U113/><E113/><V17/><F17/><W123/><G129/><T20/><D103/><U117/><E19/><V97/><F97/><W124/><G98/><T4/><D18/><U8/><E16/><V106/><F106/><W10/><G118/><T116/><D116/><U34/><E77/><V104/><F104/><W50/><G35/><T109/><D21/><U127/><E34/><V42/><F42/><W70/><G33/><T68/><D20/><U130/><E41/><V94/><F94/><W26/><G70/><T38/><D68/><U31/><E130/><V121/><F121/><W80/><G123/><T88/><D95/><U44/><E73/><V84/><F84/><W23/><G86/><T53/><D93/><U92/><E92/><V78/><F78/><W82/><G23/><T63/><D56/><U111/><E117/><V96/><F96/><W128/><G128/><RYUUKYOKU ba="0,1" sc="169,-10,373,-10,285,30,163,-10" hai2="12,14,27,30,32,43,47,48,52,54,55,108,110" /><INIT seed="6,1,1,4,2,94" ten="159,363,315,153" oya="2" hai0="124,33,65,17,58,26,68,71,19,31,127,48,117" hai1="77,92,123,103,126,62,40,129,4,57,113,2,38" hai2="99,13,120,21,35,24,110,7,75,134,61,69,98" hai3="27,132,70,39,15,76,20,80,131,84,91,106,81"/><V112/><F120/><W25/><G39/><T66/><D117/><U3/><E123/><V118/><F118/><W28/><G131/><T23/><D19/><U5/><E129/><V74/><F112/><W128/><G132/><T78/><D78/><U67/><E113/><V85/><F134/><W10/><G128/><T89/><D89/><U14/><E77/><V22/><F35/><W37/><G37/><T95/><D95/><U133/><E133/><V1/><F1/><W119/><G119/><T114/><D114/><U36/><E126/><N who="0" m="48169" /><D48/><U11/><E40/><V93/><F110/><W135/><G70/><N who="0" m="26667" /><D58/><U46/><E46/><V29/><F75/><W97/><G135/><T87/><D87/><U49/><E49/><V52/><F74/><W79/><G81/><T34/><D34/><U111/><E111/><V115/><F115/><W104/><G27/><AGARI ba="1,1" hai="17,23,26,27,31,33,65,66" m="26667,48169" machi="27" ten="30,1000,0" yaku="18,1" doraHai="94" who="0" fromWho="3" sc="159,23,363,0,315,0,153,-13" /><INIT seed="7,0,0,0,3,50" ten="182,363,315,140" oya="3" hai0="128,45,66,1,51,121,58,74,113,93,36,116,48" hai1="8,18,135,119,111,61,130,107,95,133,60,65,37" hai2="122,44,54,127,10,82,89,20,118,80,27,131,78" hai3="126,102,101,110,96,129,9,105,87,23,117,81,25"/><W98/><G117/><T84/><D1/><U68/><E107/><V83/><F118/><W104/><G129/><T124/><D74/><U73/><E73/><V6/><F131/><W69/><G126/><T52/><D128/><U17/><E130/><V75/><F127/><W30/><G110/><T46/><D124/><U14/><E119/><V103/><F103/><W59/><G59/><T21/><D36/><U106/><E106/><V32/><F32/><W15/><G69/><T33/><D33/><U123/><E123/><V67/><F67/><W76/><REACH who="3" step="1"/><G9/><REACH who="3" ten="182,363,315,130" step="2"/><T90/><D116/><U63/><E111/><V11/><F11/><W0/><G0/><T100/><D121/><U120/><E120/><V43/><F122/><W91/><G91/><T35/><D58/><U132/><E68/><V112/><F89/><W97/><G97/><T12/><D90/><U134/><E134/><V5/><F10/><W99/><G99/><T39/><D100/><U26/><E65/><V55/><F78/><W40/><G40/><T108/><D108/><U38/><E95/><V125/><F125/><W24/><G24/><T79/><D93/><U16/><E26/><V71/><F71/><W41/><G41/><T19/><D66/><U115/><E115/><V47/><F112/><W49/><G49/><T4/><D113/><U28/><E38/><V53/><F43/><W29/><G29/><T2/><D39/><U57/><E37/><V62/><F27/><W70/><G70/><T72/><D2/><U22/><E28/><V86/><F47/><N who="0" m="17930" /><D79/><U94/><E94/><V85/><F44/><RYUUKYOKU ba="0,1" sc="182,-10,363,-10,315,-10,130,30" hai3="15,23,25,30,76,81,87,96,98,101,102,104,105" /><INIT seed="7,1,1,5,1,107" ten="172,353,305,160" oya="3" hai0="45,103,117,19,80,121,69,67,91,95,13,11,76" hai1="124,118,109,123,81,21,17,122,66,104,46,79,24" hai2="20,101,89,59,5,63,78,7,34,129,99,41,8" hai3="112,106,100,97,27,1,130,115,73,36,0,72,70"/><W90/><G90/><T75/><D117/><U30/><E109/><V50/><F34/><W31/><G130/><T110/><D110/><U125/><E104/><V128/><F89/><W64/><G36/><T62/><D103/><U52/><E66/><V51/><F20/><W26/><G26/><T39/><D121/><U132/><E118/><V32/><F32/><N who="3" m="20607" /><G64/><T57/><D45/><U53/><E30/><V54/><F78/><W111/><G70/><T134/><D39/><U49/><E53/><V108/><F108/><W96/><G96/><T12/><D12/><U61/><E61/><V74/><F7/><W94/><G94/><T35/><D35/><U135/><E123/><V77/><F129/><W6/><G111/><T71/><D134/><N who="1" m="51243" /><E122/><V133/><F128/><W86/><G86/><AGARI ba="1,1" hai="11,13,19,57,62,67,69,71,75,76,80,86,91,95" machi="86" ten="30,2000,0" yaku="7,1,52,1" doraHai="107" who="0" fromWho="3" sc="172,33,353,0,305,0,160,-23" /><AGARI ba="1,0" hai="17,21,24,46,49,52,79,81,86,124,125" m="51243" machi="86" ten="30,2000,0" yaku="20,1,54,1" doraHai="107" who="1" fromWho="3" sc="205,0,353,20,305,0,137,-20" owari="205,-19.0,373,46.0,305,11.0,117,-38.0" /></mjloggm>