<mjloggm ver="2.3"><GO type="41" lobby="0"/><UN n0="%E5%B9%B3%E5%9D%87%E5%BE%97%E7%82%B9%E3%81%AE%E4%BA%BA" n1="%E2%93%9D%53%75%70%68%78" n2="%6F%6E%69%79%6F%73%68%69" n3="%E6%82%B2%E9%81%8B%E3%81%AE%E6%B5%81%E6%98%9F" dan="16,18,15,14" rate="1987.64,2103.56,1938.80,1950.46" sx="F,M,M,M"/><TAIKYOKU oya="0"/><INIT seed="0,0,0,2,5,8" ten="250,250,250,250" oya="0" hai0="105,92,69,91,80,18,57,122,95,39,114,104,29" hai1="109,52,31,45,13,81,30,6,60,111,2,102,47" hai2="87,72,53,118,131,128,120,16,89,88,41,123,40" hai3="130,74,4,51,115,116,96,44,98,129,63,84,32"/><T62/><D122/><U42/><E2/><V101/><F72/><W19/><G116/><T36/><D114/><U17/><E6/><V135/><F118/><W127/><G74/><T68/><D29/><U7/><E7/><V65/><F65/><W10/><G115/><T133/><D80/><U3/><E102/><V54/><F101/><W112/><G112/><T59/><D62/><U5/><E5/><V77/><F87/><W90/><G19/><T26/><D18/><U24/><E3/><V93/><F16/><W76/><G32/><T12/><D91/><U79/><E24/><V66/><F66/><W71/><G76/><T126/><D26/><U15/><E17/><V9/><F9/><W108/><G127/><T99/><D99/><U58/><E31/><V75/><F75/><W106/><G63/><T134/><REACH who="0" step="1"/><D126/><REACH who="0" ten="240,250,250,250" step="2"/><U21/><E30/><V83/><F83/><W119/><G96/><T121/><D121/><U61/><E61/><V70/><F93/><W132/><G98/><T37/><D37/><U38/><E21/><V107/><F89/><W22/><G90/><T46/><D46/><U86/><REACH who="1" step="1"/><E47/><REACH who="1" ten="240,240,250,250" step="2"/><V113/><F113/><W11/><G44/><T34/><D34/><U20/><E20/><V85/><F107/><W35/><G22/><T50/><D50/><U117/><E117/><V1/><F1/><W27/><G119/><T56/><D56/><U78/><E78/><V33/><F77/><W0/><G35/><T94/><D94/><U125/><E125/><V28/><F33/><W67/><G51/><T73/><D73/><U48/><E48/><RYUUKYOKU ba="0,2" sc="240,15,240,15,250,-15,250,-15" hai0="12,36,39,57,59,68,69,92,95,104,105,133,134" hai1="13,15,38,42,45,52,58,60,79,81,86,109,111" /><INIT seed="0,1,2,0,3,116" ten="255,255,235,235" oya="0" hai0="128,5,8,53,59,62,80,133,37,135,52,60,134" hai1="63,48,36,108,70,24,44,3,86,91,64,127,109" hai2="119,124,32,69,4,6,75,129,18,96,84,38,93" hai3="77,88,14,78,118,114,27,22,101,98,67,87,71"/><T81/><D37/><U105/><E105/><V110/><F6/><W90/><G90/><T16/><D128/><U47/><E3/><V112/><F4/><W25/><G14/><N who="0" m="7239" /><D5/><U104/><E104/><V94/><F18/><W111/><G27/><T74/><D74/><U41/><E24/><V11/><F11/><W43/><G43/><T56/><AGARI ba="1,2" hai="52,53,56,59,60,62,80,81,133,134,135" m="7239" machi="56" ten="40,7800,0" yaku="20,1,54,2" doraHai="116" who="0" fromWho="0" sc="255,101,255,-27,235,-27,235,-27" /><INIT seed="0,2,0,2,5,66" ten="356,228,208,208" oya="0" hai0="62,41,121,120,35,110,104,11,74,96,30,32,119" hai1="111,24,107,128,99,15,23,10,4,109,38,57,78" hai2="16,45,94,69,105,53,46,88,50,92,124,133,100" hai3="112,61,7,127,129,93,126,82,19,44,118,91,85"/><T106/><D119/><U17/><E38/><V56/><F133/><W18/><G118/><T79/><D41/><U130/><E78/><V2/><F2/><W71/><G112/><T48/><D48/><U114/><E57/><V75/><F75/><W125/><G129/><N who="1" m="49770" /><E99/><V108/><F108/><N who="1" m="41545" /><E107/><V80/><F124/><W76/><G7/><T47/><D47/><U83/><E83/><V29/><F29/><W3/><G3/><T86/><D86/><U84/><E84/><V122/><F122/><W98/><G44/><T102/><D106/><U13/><E114/><V9/><F105/><W59/><REACH who="3" step="1"/><G71/><REACH who="3" ten="356,228,208,198" step="2"/><T33/><D110/><U135/><E135/><V51/><F69/><W81/><G81/><T25/><D121/><U55/><E55/><AGARI ba="2,1" hai="18,19,55,59,61,76,82,85,91,93,98,125,126,127" machi="55" ten="40,2600,0" yaku="1,1,18,1,53,0" doraHai="66" doraHaiUra="65" who="3" fromWho="1" sc="356,0,228,-32,208,0,198,42" /><INIT seed="1,0,0,2,4,9" ten="356,196,208,240" oya="1" hai0="36,0,80,74,113,44,54,102,107,135,123,95,84" hai1="77,86,2,83,40,90,17,126,30,116,15,133,81" hai2="64,96,4,112,62,72,52,85,58,56,61,48,35" hai3="38,12,23,7,75,89,129,60,91,22,88,50,98"/><U46/><E116/><V27/><F72/><W53/><G75/><T104/><D0/><U69/><E2/><V115/><F4/><W57/><G38/><T103/><D54/><U94/><E133/><V67/><F96/><W71/><G129/><T20/><D20/><U128/><E126/><V125/><F85/><W127/><G127/><T25/><D25/><U110/><E69/><V39/><F39/><W32/><G32/><T49/><D49/><U100/><E110/><V131/><F125/><W76/><G76/><N who="0" m="44055" /><D44/><U59/><E128/><V13/><F131/><W68/><G68/><T106/><D36/><U117/><E117/><V42/><F42/><W134/><G134/><T87/><D135/><U108/><E30/><V109/><F109/><W5/><G71/><T124/><D124/><U121/><E121/><V37/><F37/><W93/><G60/><T97/><D113/><U1/><E1/><V43/><F43/><W122/><G122/><T111/><D111/><U34/><E34/><V51/><F13/><W63/><G63/><T19/><D19/><U78/><E108/><V119/><F119/><W65/><G65/><T8/><D8/><N who="1" m="6375" /><E40/><V21/><F35/><W55/><G53/><T70/><D70/><U132/><E46/><V29/><F51/><W31/><G31/><T3/><D3/><U101/><E132/><V118/><F118/><W79/><G79/><N who="1" m="30218" /><E59/><AGARI ba="0,0" hai="21,27,29,48,52,56,58,59,61,62,64,67,112,115" machi="59" ten="40,2600,0" yaku="9,1,54,1" doraHai="9" who="2" fromWho="1" sc="356,0,196,-26,208,26,240,0" /><INIT seed="2,0,0,4,3,23" ten="356,170,234,240" oya="2" hai0="32,7,22,69,20,43,49,76,9,36,56,39,80" hai1="12,6,17,60,3,122,28,68,99,86,128,124,5" hai2="15,132,50,48,91,42,88,116,41,35,130,95,83" hai3="106,126,59,55,19,44,72,127,90,14,107,46,120"/><V100/><F116/><W67/><G72/><T97/><D69/><U70/><E124/><V119/><F119/><W75/><G75/><T64/><D32/><U84/><E128/><V8/><F130/><W98/><G67/><T81/><D97/><U77/><E3/><V134/><F100/><W113/><G120/><T33/><D33/><U82/><E28/><V115/><F115/><W96/><G113/><T4/><D64/><U52/><E122/><V26/><F83/><W112/><G112/><T121/><D121/><U54/><E99/><V103/><F103/><W1/><G1/><T57/><D49/><U94/><E70/><V89/><F95/><W11/><G98/><T102/><D102/><U66/><E6/><V78/><F78/><W129/><G129/><T30/><D9/><U61/><E5/><V108/><F108/><W13/><G13/><T110/><D43/><U65/><E65/><V45/><F50/><W71/><G71/><T31/><REACH who="0" step="1"/><D76/><REACH who="0" ten="346,170,234,240" step="2"/><U87/><E61/><V118/><F42/><W37/><G11/><T16/><D16/><U10/><REACH who="1" step="1"/><E94/><REACH who="1" ten="346,160,234,240" step="2"/><V105/><F118/><W25/><G126/><T21/><D21/><U133/><E133/><N who="2" m="51307" /><F105/><W117/><G107/><T40/><D40/><U135/><E135/><V125/><F125/><W111/><G106/><T2/><D2/><U27/><E27/><V114/><F114/><W92/><G25/><T24/><D24/><U58/><E58/><V101/><F26/><W79/><G59/><T53/><D53/><AGARI ba="0,2" hai="10,12,17,52,53,54,60,66,68,77,82,84,86,87" machi="53" ten="40,2600,0" yaku="1,1,54,1,53,0" doraHai="23" doraHaiUra="109" who="1" fromWho="0" sc="346,-26,160,46,234,0,240,0" /><INIT seed="3,0,0,0,2,5" ten="320,206,234,240" oya="3" hai0="91,77,8,124,70,50,34,26,0,71,64,125,95" hai1="74,33,44,119,43,29,53,126,67,132,97,128,133" hai2="52,25,20,79,105,57,6,123,75,17,55,130,18" hai3="11,31,32,41,36,72,81,2,135,12,80,58,121"/><W10/><G121/><T22/><D34/><U113/><E74/><V115/><F115/><W56/><G135/><T7/><D50/><U127/><E97/><V90/><F105/><W40/><G31/><T21/><D77/><U89/><E89/><V28/><F130/><W9/><G32/><T134/><D21/><U102/><E102/><V92/><F55/><W47/><G41/><T54/><D54/><U49/><E29/><V107/><F107/><W19/><G81/><T51/><D51/><U131/><E119/><V16/><F123/><W63/><G63/><T14/><D0/><U48/><E67/><V65/><F65/><W104/><G104/><T86/><D134/><N who="1" m="51819" /><E113/><V35/><F6/><N who="3" m="1239" /><G10/><T42/><D42/><U27/><E33/><V45/><F79/><AGARI ba="0,0" hai="11,12,19,36,40,47,56,58,72,79,80" m="1239" machi="79" ten="30,5800,0" yaku="25,1,52,2" doraHai="5" who="3" fromWho="2" sc="320,0,206,0,234,-58,240,58" /><INIT seed="3,1,0,2,0,78" ten="320,206,176,298" oya="3" hai0="29,104,81,122,95,20,73,36,35,120,133,13,85" hai1="86,26,79,125,114,2,80,132,52,112,113,99,25" hai2="19,6,33,30,106,111,44,31,50,21,89,69,92" hai3="121,129,55,17,66,93,34,87,46,70,42,41,9"/><W28/><G121/><T127/><D36/><U84/><E2/><V119/><F111/><W54/><G129/><T130/><D35/><U63/><E132/><V27/><F69/><W64/><G70/><T88/><D130/><U72/><E125/><V67/><F106/><W126/><G126/><T109/><D127/><U15/><E15/><V56/><F6/><W61/><G34/><T49/><D133/><U37/><E37/><V134/><F119/><W57/><G28/><T40/><D109/><U96/><E86/><V43/><F33/><W48/><G41/><T59/><D104/><U11/><E11/><V39/><F134/><W22/><G9/><T107/><D107/><U5/><E72/><V124/><F124/><W45/><G55/><N who="0" m="32239" /><D40/><U105/><E5/><V118/><F118/><W18/><G46/><T60/><D60/><U62/><E62/><N who="2" m="38343" /><F39/><W1/><G1/><T58/><D58/><U51/><E63/><V0/><F0/><W75/><G75/><T103/><D103/><U53/><E105/><V68/><F68/><W77/><G17/><N who="0" m="10287" /><D29/><U47/><REACH who="1" step="1"/><E53/><REACH who="1" ten="320,196,176,298" step="2"/><V14/><F14/><N who="3" m="9559" /><G93/><T98/><D98/><AGARI ba="1,1" hai="25,26,47,51,52,79,80,84,96,98,99,112,113,114" machi="98" ten="40,5200,0" yaku="1,1,52,1,54,1,53,0" doraHai="78" doraHaiUra="123" who="1" fromWho="0" sc="320,-55,196,65,176,0,298,0" /><AGARI ba="1,0" hai="19,21,27,30,31,43,44,50,89,92,98" m="38343" machi="98" ten="30,1000,0" yaku="8,1" doraHai="78" who="2" fromWho="0" sc="265,-10,261,0,176,10,298,0" /><INIT seed="4,0,0,4,2,87" ten="255,261,186,298" oya="0" hai0="36,73,53,115,0,61,94,15,30,70,19,75,42" hai1="108,71,68,107,27,131,49,32,55,118,44,79,100" hai2="6,47,132,85,56,63,65,52,25,82,31,5,50" hai3="119,41,101,9,51,54,133,46,104,91,80,92,40"/><T64/><D0/><U128/><E79/><V17/><F132/><W35/><G35/><T78/><D30/><N who="1" m="19551" /><E108/><V76/><REACH who="2" step="1"/><F17/><REACH who="2" ten="255,261,176,298" step="2"/><W26/><G133/><T114/><D114/><U22/><E131/><V123/><F123/><W83/><G119/><T48/><D115/><U129/><E118/><V18/><F18/><W20/><G9/><T3/><D3/><U98/><E22/><AGARI ba="0,1" hai="5,6,22,25,31,47,50,52,56,63,65,76,82,85" machi="22" ten="30,7700,0" yaku="1,1,7,1,8,1,54,1,53,0" doraHai="87" doraHaiUra="93" who="2" fromWho="1" sc="255,0,261,-77,176,87,298,0" /><INIT seed="5,0,0,0,1,47" ten="255,184,263,298" oya="1" hai0="131,110,93,43,116,16,13,1,27,22,66,111,64" hai1="17,119,26,124,38,54,129,99,122,135,48,84,98" hai2="107,75,95,19,126,55,89,123,79,2,49,90,50" hai3="63,30,101,28,80,94,100,0,5,86,104,6,41"/><U74/><E119/><V118/><F107/><W83/><G104/><T3/><D43/><U112/><E74/><V73/><F2/><N who="0" m="522" /><D93/><U25/><E122/><V18/><F123/><W37/><G37/><T46/><D46/><U127/><E38/><V81/><F118/><W78/><G41/><T114/><D64/><U103/><E135/><V35/><F35/><W117/><G117/><T128/><D66/><U29/><E112/><V53/><F126/><N who="1" m="48169" /><E129/><N who="0" m="49737" /><D116/><U52/><E54/><V96/><F75/><W9/><G6/><T33/><D114/><U69/><E69/><V51/><F95/><W85/><G63/><T113/><D113/><U70/><E70/><V20/><F19/><W10/><G10/><N who="0" m="6199" /><D33/><N who="1" m="20655" /><E103/><V58/><F55/><W71/><G71/><T14/><D14/><U120/><E120/><V105/><F73/><W59/><G59/><T45/><D45/><N who="1" m="27663" /><E84/><N who="2" m="48191" /><F105/><W34/><G101/><T82/><D82/><U108/><E108/><V11/><F53/><W91/><REACH who="3" step="1"/><G34/><REACH who="3" ten="255,184,263,288" step="2"/><T115/><D115/><U97/><E17/><AGARI ba="0,1" hai="17,22,27,110,111" m="6199,49737,522" machi="17" ten="30,7700,0" yaku="19,1,34,2,54,1" doraHai="47" who="0" fromWho="1" sc="255,87,184,-77,263,0,288,0" /><INIT seed="6,0,0,5,4,123" ten="342,107,263,288" oya="2" hai0="106,38,93,116,112,42,48,51,17,113,49,54,37" hai1="45,44,59,119,5,121,92,40,10,12,135,79,43" hai2="133,96,11,23,50,126,120,78,63,80,82,18,81" hai3="132,129,74,13,32,7,30,85,88,55,1,100,36"/><V98/><F120/><W130/><G1/><T19/><D106/><U131/><E121/><V66/><F133/><W89/><G74/><T105/><D105/><U73/><E131/><N who="3" m="50186" /><G36/><N who="0" m="13931" /><D93/><U29/><E119/><V125/><F78/><W24/><G100/><T62/><D116/><U46/><E135/><V34/><F34/><W35/><G132/><T111/><D17/><U75/><E29/><V103/><F11/><N who="3" m="4351" /><G35/><T61/><D19/><U114/><E114/><N who="0" m="44137" /><D42/><U6/><E92/><V70/><F50/><N who="0" m="19562" /><D111/><U25/><E43/><V101/><F103/><W84/><G55/><T72/><D72/><U16/><E75/><V97/><REACH who="2" step="1"/><F101/><REACH who="2" ten="342,107,253,288" step="2"/><W109/><G109/><T31/><D31/><U108/><E108/><V60/><F60/><W65/><G65/><T33/><D33/><U41/><E41/><V87/><F87/><AGARI ba="0,1" hai="24,30,32,84,85,87,88,89" m="4351,50186" machi="87" ten="30,2000,0" yaku="19,1,54,1" doraHai="123" who="3" fromWho="2" sc="342,0,107,0,253,-20,288,30" /><INIT seed="7,0,0,2,3,33" ten="342,107,233,318" oya="3" hai0="107,52,129,0,108,73,133,104,5,10,95,60,65" hai1="7,72,4,117,6,44,86,13,100,21,120,130,110" hai2="131,31,134,25,85,46,63,132,90,26,40,98,75" hai3="29,15,68,80,125,53,8,45,11,62,55,82,23"/><W127/><G8/><T91/><D108/><U67/><E72/><V17/><F75/><W24/><G55/><T102/><D73/><U118/><E100/><V135/><F131/><W36/><G68/><T124/><D129/><U54/><E67/><V128/><F128/><W35/><G23/><T122/><D122/><U3/><E86/><V123/><F123/><W79/><G36/><T87/><D124/><N who="3" m="47689" /><G79/><T89/><D133/><U97/><E97/><V103/><F63/><W83/><G62/><T38/><D38/><U113/><E44/><V111/><F111/><W18/><G83/><T27/><D52/><U47/><E47/><V84/><F17/><W19/><G18/><T71/><D102/><U114/><E54/><V28/><F31/><W121/><G121/><T66/><D66/><U43/><E43/><V119/><F28/><W99/><G99/><T64/><D64/><U101/><E101/><V34/><F34/><W109/><G109/><T69/><D69/><U126/><E130/><V51/><F119/><W106/><G106/><T42/><D42/><U74/><E74/><V16/><F16/><W88/><G88/><T76/><D76/><U57/><E126/><V37/><F37/><W96/><G96/><T59/><D71/><U115/><E120/><V14/><F103/><W2/><G2/><T32/><D91/><U9/><E110/><V30/><F98/><W58/><G58/><T48/><D48/><AGARI ba="0,0" hai="11,15,19,24,29,35,45,48,53,80,82" m="47689" machi="48" ten="30,1500,0" yaku="18,1" doraHai="33" who="3" fromWho="0" sc="342,-15,107,0,233,0,318,15" owari="327,13.0,107,-39.0,233,-17.0,333,43.0" /></mjloggm>