<mjloggm ver="2.3"><GO type="41" lobby="0"/><UN n0="%E3%82%8A%E3%82%87%E3%82%84" n1="%73%69%61%6C%74%65" n2="%53%54%4E" n3="%E2%93%9D%53%75%70%68%78" dan="13,15,15,18" rate="1817.46,2011.01,1982.87,2048.93" sx="M,M,F,M"/><TAIKYOKU oya="0"/><INIT seed="0,0,0,5,3,55" ten="250,250,250,250" oya="0" hai0="54,9,113,83,22,11,35,17,110,39,0,23,74" hai1="53,114,31,116,41,15,105,111,18,12,47,92,94" hai2="42,96,13,51,86,69,2,120,68,48,80,129,19" hai3="21,6,43,37,16,36,20,65,5,10,108,46,99"/><T126/><D113/><U128/><E105/><V89/><F2/><W97/><G108/><T112/><D112/><U60/><E111/><V45/><F120/><W76/><G76/><T130/><D126/><U34/><E31/><V14/><F129/><W66/><G10/><T79/><D130/><U77/><E34/><V135/><F135/><W133/><G46/><T95/><D35/><U59/><E77/><V109/><F109/><W27/><G43/><T85/><D39/><U1/><E1/><V81/><F13/><W44/><G44/><T26/><D0/><U7/><E116/><V3/><F3/><W117/><G27/><T64/><D64/><U91/><E128/><V72/><F51/><W70/><G70/><T87/><D74/><U63/><E92/><V115/><F115/><W127/><G16/><N who="0" m="12615" /><D54/><U67/><E7/><V102/><F80/><W62/><G127/><T29/><D29/><U4/><E4/><V40/><F72/><W122/><G117/><T57/><D110/><U56/><E18/><V98/><F40/><W123/><REACH who="3" step="1"/><G62/><REACH who="3" ten="250,250,250,240" step="2"/><T73/><D9/><U125/><E125/><V84/><F68/><W52/><G52/><T38/><D11/><U134/><E114/><V131/><F69/><W107/><G107/><T93/><D79/><U82/><E53/><V78/><F131/><W103/><G103/><T119/><D119/><U25/><E60/><V32/><F102/><W58/><G58/><T49/><D57/><U88/><E59/><V30/><F30/><W8/><G8/><T118/><D118/><U100/><E63/><V124/><F124/><RYUUKYOKU ba="0,1" sc="250,-10,250,-10,250,-10,240,30" hai3="5,6,20,21,36,37,65,66,97,99,122,123,133" /><INIT seed="1,1,1,0,3,83" ten="240,240,240,270" oya="1" hai0="115,116,108,117,102,23,35,120,89,62,72,101,123" hai1="87,9,67,98,0,69,127,112,43,15,66,30,118" hai2="122,95,54,26,4,58,24,121,125,3,68,71,106" hai3="19,126,134,74,55,107,96,131,63,20,84,17,25"/><U36/><E118/><V103/><F125/><W79/><G74/><T2/><D35/><U130/><E69/><V65/><F106/><W133/><G131/><T113/><D2/><U45/><E0/><V94/><F4/><W39/><G39/><T61/><D23/><U32/><E112/><N who="0" m="43081" /><D72/><U28/><E98/><V132/><F3/><W104/><G19/><T33/><D33/><U128/><E127/><V13/><F132/><N who="3" m="50795" /><G96/><T135/><D135/><U100/><E100/><N who="0" m="38505" /><D89/><U119/><E119/><N who="0" m="45641" /><D108/><U44/><E44/><V50/><F13/><W46/><G46/><T29/><D29/><U92/><E30/><V77/><F24/><W6/><G126/><T64/><D64/><U31/><E31/><V111/><F26/><W86/><G79/><T7/><D7/><N who="1" m="3519" /><E32/><V57/><F77/><W110/><G6/><T38/><D38/><U41/><E28/><V14/><F111/><W129/><G110/><T81/><D81/><U75/><E75/><V60/><F14/><W5/><G5/><T85/><D85/><N who="3" m="32873" /><G129/><N who="1" m="49770" /><E41/><V76/><F76/><W1/><G1/><T47/><D47/><U16/><E16/><V97/><F68/><W82/><G82/><T78/><D78/><U40/><E40/><V22/><F71/><W90/><G90/><AGARI ba="1,1" hai="36,43,45,66,67,87,90,92" m="49770,3519" machi="90" ten="30,2900,0" yaku="19,1,52,1" doraHai="83" who="1" fromWho="3" sc="240,0,240,42,240,0,270,-32" /><INIT seed="1,2,0,4,0,133" ten="240,282,240,238" oya="1" hai0="83,111,127,12,74,75,82,13,108,113,80,55,0" hai1="49,134,47,51,91,18,1,95,38,121,29,118,6" hai2="94,99,117,81,60,120,103,59,84,116,22,36,54" hai3="16,46,23,129,53,58,112,65,21,131,114,42,79"/><U87/><E121/><V69/><F120/><W57/><G79/><T109/><D113/><U48/><E118/><V64/><F22/><W130/><G23/><T40/><D0/><U45/><E29/><V76/><REACH who="2" step="1"/><F36/><REACH who="2" ten="240,282,230,238" step="2"/><N who="3" m="21831" /><G21/><T3/><D3/><U96/><E38/><V8/><F8/><W30/><G30/><T77/><D77/><U63/><E1/><V115/><F115/><W110/><G114/><T4/><D74/><U135/><E6/><V125/><F125/><W26/><G112/><T70/><D75/><U7/><E7/><V61/><AGARI ba="2,1" hai="54,59,60,61,64,69,76,81,84,94,99,103,116,117" machi="61" ten="20,2700,0" yaku="1,1,0,1,7,1,53,0" doraHai="133" doraHaiUra="122" who="2" fromWho="2" sc="240,-9,282,-15,230,43,238,-9" /><INIT seed="2,0,0,5,5,98" ten="231,267,273,229" oya="2" hai0="90,114,10,17,99,15,59,126,103,127,42,93,89" hai1="92,55,107,133,21,4,80,39,124,46,47,109,64" hai2="119,32,36,62,23,94,56,82,40,22,125,87,28" hai3="101,108,8,111,50,73,35,83,60,77,116,75,117"/><V65/><F119/><N who="3" m="45643" /><G50/><T113/><D42/><U20/><E107/><V85/><F125/><N who="0" m="47626" /><D59/><U34/><E64/><V27/><F40/><W71/><G8/><T41/><D41/><U79/><E34/><V91/><REACH who="2" step="1"/><F36/><REACH who="2" ten="231,267,263,229" step="2"/><W105/><G111/><T25/><D25/><U97/><E109/><V26/><F26/><W104/><G108/><T131/><D131/><U102/><E39/><V57/><F57/><W14/><G71/><T96/><D90/><AGARI ba="0,1" hai="22,23,27,28,32,56,62,65,82,85,87,90,91,94" machi="90" ten="30,2900,0" yaku="1,1,7,1,53,0" doraHai="98" doraHaiUra="121" who="2" fromWho="0" sc="231,-29,267,0,263,39,229,0" /><INIT seed="2,1,0,0,5,15" ten="202,267,302,229" oya="2" hai0="29,65,30,64,77,104,12,46,68,22,54,79,112" hai1="14,122,94,126,33,5,131,86,87,129,134,116,108" hai2="124,83,95,37,27,28,121,48,42,93,69,59,17" hai3="6,70,38,118,110,58,53,45,119,61,92,21,111"/><V100/><F121/><W9/><G92/><T96/><D112/><U8/><E33/><V1/><F1/><W19/><G70/><T99/><D68/><U63/><E122/><V117/><F117/><W101/><G101/><T4/><D104/><U35/><E35/><V120/><F120/><W7/><G38/><T16/><D4/><U73/><E73/><V47/><F124/><W84/><G84/><T49/><D65/><U0/><E116/><V97/><F69/><W36/><G119/><T135/><D64/><U127/><E63/><V105/><F83/><W106/><G106/><T67/><D67/><U103/><E108/><N who="3" m="41514" /><G9/><T85/><D135/><U75/><E75/><V41/><F41/><N who="3" m="22695" /><G118/><T55/><D55/><U3/><E134/><V11/><F59/><W71/><G71/><T44/><D46/><U114/><E114/><V57/><F57/><W132/><G132/><T25/><D30/><U32/><E32/><V56/><F56/><W40/><G40/><T50/><D50/><U109/><E109/><V128/><F37/><W23/><G23/><N who="0" m="15551" /><D77/><U51/><E51/><V115/><F115/><W125/><G125/><N who="1" m="47626" /><E0/><V20/><REACH who="2" step="1"/><F128/><REACH who="2" ten="202,267,292,229" step="2"/><W31/><G31/><T81/><AGARI ba="1,1" hai="12,16,22,44,49,54,79,81,85,96,99" m="15551" machi="81" ten="30,4000,0" yaku="8,1,52,1,54,1" doraHai="15" who="0" fromWho="0" sc="202,53,267,-11,292,-21,229,-11" /><INIT seed="3,0,0,3,3,108" ten="255,256,271,218" oya="3" hai0="71,39,65,56,101,29,23,10,20,27,51,49,5" hai1="79,53,57,85,62,80,73,102,93,60,81,14,69" hai2="88,30,11,114,2,98,135,76,35,126,44,82,22" hai3="78,77,47,48,83,43,55,91,89,1,86,8,31"/><W52/><G31/><T119/><D39/><U105/><E69/><V7/><F126/><W58/><G55/><T94/><D71/><U95/><E62/><V21/><F135/><W121/><G121/><T104/><D104/><U19/><E102/><V50/><F35/><W37/><REACH who="3" step="1"/><G78/><REACH who="3" ten="255,256,271,208" step="2"/><T6/><D29/><U123/><E123/><V118/><F30/><W68/><G68/><T4/><D65/><U64/><E64/><V26/><F76/><W92/><G92/><T100/><D94/><U133/><E105/><V41/><F118/><W61/><G61/><T103/><D119/><U116/><E133/><V110/><F110/><W59/><G59/><T132/><D56/><U3/><E116/><V32/><F32/><W124/><G124/><T0/><D132/><U120/><E120/><V28/><F28/><W45/><G45/><T38/><D38/><U15/><E95/><V12/><F44/><W25/><G25/><T131/><D27/><U107/><E93/><V9/><F26/><W130/><G130/><T122/><D131/><U67/><E107/><V40/><F50/><W129/><G129/><T75/><D122/><U87/><E79/><V96/><F98/><W74/><G74/><T63/><D63/><U127/><E73/><V70/><F96/><W99/><G99/><T112/><D75/><U117/><E60/><V34/><F70/><W36/><G36/><T90/><D49/><U113/><E57/><V109/><F34/><W17/><G17/><T18/><D18/><U111/><E127/><V125/><F125/><W46/><G46/><T134/><D51/><RYUUKYOKU ba="0,1" sc="255,-10,256,-10,271,-10,208,30" hai3="1,8,37,43,47,48,52,58,77,83,86,89,91" /><INIT seed="3,1,1,4,4,105" ten="245,246,261,238" oya="3" hai0="18,3,46,32,107,10,80,11,34,55,69,79,0" hai1="25,65,51,81,6,36,62,15,89,86,96,39,70" hai2="134,87,114,128,28,26,4,47,126,40,131,2,121" hai3="5,68,8,90,17,37,122,16,82,112,133,95,104"/><W120/><G104/><T66/><D107/><U94/><E51/><V109/><F114/><W29/><G68/><T123/><D123/><U132/><E132/><V93/><F109/><W92/><G37/><T49/><D69/><U21/><E15/><V110/><F110/><W85/><G112/><T101/><D101/><U63/><E6/><V118/><F118/><W33/><G133/><T124/><D66/><U56/><E63/><V31/><F134/><W84/><G29/><T91/><D34/><U52/><E70/><V74/><F126/><W61/><G33/><T103/><D103/><U20/><E65/><V64/><F64/><W50/><G61/><T97/><D32/><U106/><E21/><V77/><F121/><W99/><G122/><T78/><D79/><U76/><REACH who="1" step="1"/><E106/><REACH who="1" ten="245,236,261,238" step="2"/><V23/><F23/><W19/><G120/><T113/><D49/><U59/><E59/><V57/><F57/><W27/><G50/><T102/><D46/><U127/><E127/><V14/><F14/><N who="3" m="7239" /><G5/><T38/><D124/><U60/><E60/><V111/><F47/><W72/><G27/><T13/><D13/><U129/><E129/><V119/><F26/><W130/><G130/><T30/><D113/><U24/><E24/><V116/><F128/><W108/><G108/><T12/><D12/><U83/><E83/><N who="2" m="45495" /><F111/><W67/><G67/><T115/><D115/><U100/><E100/><V9/><F131/><W22/><G22/><T45/><D102/><U42/><E42/><V88/><F40/><W98/><G82/><T7/><D80/><U44/><E44/><V54/><F54/><RYUUKYOKU ba="1,2" sc="245,-15,236,15,261,15,238,-15" hai1="20,25,36,39,52,56,62,76,81,86,89,94,96" hai2="2,4,9,28,31,87,88,93,116,119" /><INIT seed="4,2,2,2,3,89" ten="230,251,276,223" oya="0" hai0="25,82,80,7,47,100,79,22,17,66,19,132,8" hai1="122,75,118,33,32,26,59,30,49,130,64,123,27" hai2="117,58,0,37,50,61,51,42,119,102,129,48,76" hai3="10,4,46,38,39,107,115,36,21,9,15,24,97"/><T81/><D66/><U2/><E118/><N who="2" m="45067" /><F0/><W98/><G115/><T44/><D132/><U93/><E75/><V88/><F76/><W133/><G133/><T78/><D100/><U1/><E130/><V112/><F112/><W41/><G10/><T52/><D44/><U45/><E59/><V74/><F74/><W28/><REACH who="3" step="1"/><G107/><REACH who="3" ten="230,251,276,213" step="2"/><T83/><D80/><U92/><E122/><V127/><F129/><W34/><G34/><T14/><D19/><U105/><E105/><V96/><F127/><W86/><G86/><T99/><D99/><AGARI ba="2,3" hai="4,9,15,21,24,28,36,38,39,41,46,97,98,99" machi="99" ten="40,1300,0" yaku="1,1,53,0" doraHai="89" doraHaiUra="67" who="3" fromWho="0" sc="230,-19,251,0,276,0,213,49" /><INIT seed="5,0,0,1,4,6" ten="211,251,276,262" oya="1" hai0="82,30,101,133,16,95,128,79,17,22,59,72,39" hai1="109,75,114,124,24,7,25,57,108,68,55,43,120" hai2="27,76,134,48,4,112,91,69,62,106,78,47,102" hai3="3,118,1,113,115,132,19,87,121,58,10,41,45"/><U105/><E75/><V71/><F134/><W117/><G58/><T65/><D133/><U36/><E68/><V93/><F112/><N who="3" m="43083" /><G132/><T20/><D39/><U110/><E105/><V44/><F102/><W29/><G87/><T38/><D38/><U99/><E99/><V8/><F27/><W5/><G121/><T130/><D30/><U81/><E81/><V88/><F106/><W56/><G56/><T54/><D65/><U92/><E92/><V85/><F91/><W26/><G19/><T89/><D101/><U2/><E120/><V77/><F62/><W14/><G45/><T97/><D22/><U83/><E83/><V135/><F47/><W34/><G41/><T21/><D21/><U15/><E2/><AGARI ba="0,0" hai="1,2,3,5,10,14,26,29,34,117,118" m="43083" machi="2" ten="30,7700,0" yaku="15,1,34,2,52,1" doraHai="6" who="3" fromWho="1" sc="211,0,251,-77,276,0,262,77" /><INIT seed="6,0,0,5,5,35" ten="211,174,276,339" oya="2" hai0="42,36,67,122,44,30,20,54,68,108,104,77,26" hai1="107,91,58,85,132,9,102,113,39,50,127,124,112" hai2="126,103,53,32,99,4,6,41,71,59,10,64,83" hai3="121,49,117,118,129,70,60,95,87,69,57,92,98"/><V13/><F126/><N who="1" m="48169" /><E39/><V106/><F32/><W1/><G1/><T80/><D108/><U16/><E132/><V88/><F41/><W52/><G121/><T2/><D122/><U75/><E75/><V37/><F37/><W82/><G95/><T74/><D104/><U111/><E111/><V34/><F34/><W55/><G129/><T101/><D101/><U94/><E58/><V65/><F4/><W3/><G3/><T105/><D105/><U31/><E31/><V81/><F81/><W14/><G70/><T28/><D54/><U38/><E38/><V135/><F71/><W86/><G69/><T29/><D67/><U133/><E50/><V125/><F135/><W130/><G130/><T23/><D68/><U33/><E33/><V46/><F46/><W116/><G14/><T89/><D89/><U123/><E133/><V15/><F15/><W22/><G118/><T43/><D43/><U93/><E123/><V131/><F131/><W97/><G117/><T27/><REACH who="0" step="1"/><D2/><REACH who="0" ten="201,174,276,339" step="2"/><U40/><E40/><V11/><F125/><W100/><G116/><T24/><AGARI ba="0,1" hai="20,23,24,26,27,28,29,30,36,42,44,74,77,80" machi="24" ten="30,4000,0" yaku="1,1,2,1,0,1,53,0" doraHai="35" doraHaiUra="5" who="0" fromWho="0" sc="201,50,174,-10,276,-20,339,-10" /><INIT seed="7,0,0,1,0,22" ten="251,164,256,329" oya="3" hai0="13,103,95,82,112,7,106,50,51,101,54,111,34" hai1="45,33,129,123,2,70,57,125,44,131,132,49,67" hai2="47,32,77,28,84,96,104,73,114,81,39,86,113" hai3="110,124,48,78,64,55,61,14,60,21,93,116,0"/><W80/><G0/><T26/><D111/><U126/><E2/><V71/><F71/><W25/><G124/><N who="1" m="47722" /><E70/><V30/><F30/><W53/><G116/><T65/><D65/><U16/><E33/><V97/><F47/><N who="1" m="17993" /><E123/><V90/><F39/><W85/><G14/><T83/><D106/><U107/><E107/><V115/><F28/><W8/><G8/><T15/><D7/><U12/><E12/><V69/><F32/><W58/><G110/><T91/><D34/><U88/><E88/><N who="2" m="51215" /><F69/><W134/><G64/><T29/><D91/><U76/><E16/><V63/><F63/><W4/><G61/><T105/><D105/><U135/><E76/><V72/><F77/><W42/><G78/><T128/><D29/><U120/><E120/><V121/><F121/><W122/><G122/><T38/><D38/><U75/><E75/><N who="2" m="28747" /><F104/><W133/><G4/><T37/><D37/><U89/><E89/><V46/><F46/><W24/><G58/><T100/><D13/><U31/><E31/><V52/><F52/><W3/><G55/><T62/><D54/><N who="1" m="31951" /><E67/><V6/><F6/><W27/><G53/><T23/><D15/><U10/><E10/><V99/><F99/><W92/><G3/><T1/><D1/><U43/><E43/><V130/><F130/><AGARI ba="0,0" hai="129,130,131,132,135" m="31951,17993,47722" machi="130" ten="40,12000,2" yaku="30,2,19,1,18,1,34,2" doraHai="22" who="1" fromWho="2" sc="251,0,164,120,256,-120,329,0" owari="251,-15.0,284,8.0,136,-36.0,329,43.0" /></mjloggm>