<mjloggm ver="2.3"><GO type="41" lobby="0"/><UN n0="%77%6F%72%6B%73%5F%31%35" n1="%E3%82%B3%E3%82%AB%E3%83%BB%E3%82%B3%E3%83%BC%E3%83%A9" n2="%53%65%70%6F%6E" n3="%E2%93%9D%53%75%70%68%78" dan="14,15,15,18" rate="1950.99,1998.35,2026.23,2094.93" sx="M,M,M,M"/><TAIKYOKU oya="0"/><INIT seed="0,0,0,5,2,129" ten="250,250,250,250" oya="0" hai0="88,12,48,93,11,52,37,27,99,30,33,45,24" hai1="105,123,125,60,73,130,89,119,118,64,83,31,96" hai2="76,15,16,4,86,49,111,104,121,35,32,3,18" hai3="58,50,100,98,34,0,70,53,63,91,92,66,25"/><T42/><D24/><U67/><E31/><V54/><F104/><W101/><REACH who="3" step="1"/><G0/><REACH who="3" ten="250,250,250,240" step="2"/><T85/><D99/><U78/><E118/><V68/><F121/><W116/><G116/><T126/><D126/><U114/><E119/><V87/><F3/><W77/><G77/><T1/><D1/><U133/><E123/><V22/><F76/><W95/><G95/><T127/><D127/><U46/><E78/><V108/><F108/><W38/><G38/><T97/><D97/><U80/><E125/><V75/><F111/><W6/><G6/><T135/><D37/><U19/><E130/><V8/><F4/><W115/><G115/><T39/><D39/><U132/><E114/><V21/><F75/><W26/><G26/><T65/><D65/><U124/><E96/><V120/><F120/><W51/><G51/><T112/><D112/><U28/><E73/><V10/><F49/><W20/><G20/><T102/><D102/><U2/><E124/><V14/><F68/><W82/><G82/><T13/><D42/><U110/><E80/><V56/><F35/><W5/><G5/><T107/><D107/><U94/><E83/><V62/><REACH who="2" step="1"/><F32/><REACH who="2" ten="250,250,240,240" step="2"/><W7/><G7/><T71/><D71/><U122/><E2/><V23/><AGARI ba="0,2" hai="8,10,14,15,16,18,21,22,23,54,56,62,86,87" machi="23" ten="30,12000,2" yaku="1,1,2,1,0,1,9,1,8,1,54,1,53,0" doraHai="129" doraHaiUra="79" who="2" fromWho="2" sc="250,-60,250,-30,240,140,240,-30" /><INIT seed="1,0,0,2,3,129" ten="190,220,380,210" oya="1" hai0="75,126,120,72,79,91,67,2,134,101,61,65,64" hai1="15,46,133,66,77,21,122,63,135,80,17,95,81" hai2="40,96,33,130,7,119,87,85,127,106,76,19,70" hai3="36,90,93,108,104,20,131,71,56,31,18,89,110"/><U49/><E122/><V11/><F119/><W132/><G71/><T102/><D2/><U50/><E95/><V32/><F130/><W9/><G36/><T1/><D1/><U82/><E77/><V13/><F70/><W54/><G31/><T59/><D120/><U112/><E112/><V121/><F121/><W3/><G104/><T35/><D35/><U86/><E86/><V23/><F127/><W83/><G83/><T29/><D29/><U48/><REACH who="1" step="1"/><E46/><REACH who="1" ten="190,210,380,210" step="2"/><V38/><F76/><W97/><G131/><T99/><D79/><U109/><E109/><V73/><F73/><W22/><G110/><T69/><D75/><U107/><E107/><V117/><F87/><W105/><G105/><T16/><D72/><U43/><E43/><V62/><F85/><W0/><G108/><T28/><D126/><U6/><E6/><V26/><F40/><W14/><G90/><T100/><D91/><U55/><E55/><V10/><F106/><W98/><G98/><T37/><D99/><U25/><E25/><V116/><F96/><W41/><G41/><T115/><D115/><U8/><E8/><V68/><F116/><W57/><G54/><T27/><D27/><U113/><E113/><V125/><F26/><W88/><G89/><T118/><D118/><U47/><E47/><V111/><F117/><W5/><G5/><T34/><D102/><U103/><E103/><V114/><F114/><W39/><G88/><T123/><D101/><U78/><E78/><V4/><F7/><W124/><G97/><T45/><D100/><U12/><E12/><V84/><F13/><RYUUKYOKU ba="0,1" sc="190,-10,210,30,380,-10,210,-10" hai1="15,17,21,48,49,50,63,66,80,81,82,133,135" /><INIT seed="1,1,1,1,0,99" ten="180,240,370,200" oya="1" hai0="1,68,81,31,56,89,72,5,119,85,14,27,12" hai1="44,71,53,75,134,57,35,102,116,42,55,37,101" hai2="112,43,40,3,18,47,78,28,94,60,106,115,33" hai3="133,10,88,73,51,66,126,77,7,111,100,52,118"/><U123/><E116/><V2/><F106/><W121/><G121/><T26/><D68/><U135/><E123/><V9/><F78/><W103/><G118/><T95/><D119/><U131/><E35/><V38/><F43/><W127/><G66/><T83/><D1/><U0/><E0/><V58/><F28/><W22/><G111/><T82/><D72/><U92/><E75/><V49/><F33/><W120/><G22/><T29/><D56/><U87/><E71/><V76/><F76/><W79/><G133/><N who="1" m="50698" /><E131/><V70/><F94/><W21/><G21/><T130/><D130/><U17/><E17/><V32/><F32/><W108/><G108/><T86/><D5/><U109/><E55/><V34/><F34/><W114/><G114/><N who="2" m="43561" /><F70/><W62/><G120/><T64/><D64/><U30/><E30/><N who="0" m="11273" /><D95/><U98/><E87/><N who="0" m="33289" /><D89/><N who="1" m="55567" /><E109/><V110/><F38/><W36/><G36/><T48/><D48/><AGARI ba="1,1" hai="37,42,44,48,53,57,101,102" m="55567,50698" machi="48" ten="30,5800,0" yaku="20,1,52,2" doraHai="99" who="1" fromWho="0" sc="180,-61,240,71,370,0,200,0" /><INIT seed="1,2,0,1,0,33" ten="119,311,370,200" oya="1" hai0="131,18,71,89,125,3,132,113,45,83,77,133,84" hai1="76,81,52,96,99,55,72,100,98,65,95,94,0" hai2="121,56,122,73,30,5,103,58,114,63,86,105,46" hai3="120,17,38,107,130,15,135,126,22,24,93,8,25"/><U13/><E65/><V9/><F73/><W35/><G107/><T117/><D45/><U101/><E0/><V41/><F30/><W106/><G106/><T54/><D54/><U27/><E27/><V66/><F114/><W48/><G38/><T67/><D18/><U14/><E96/><V4/><F4/><W6/><G120/><T124/><D3/><U91/><E91/><V59/><F86/><W36/><G36/><T74/><D67/><U57/><REACH who="1" step="1"/><E55/><REACH who="1" ten="119,301,370,200" step="2"/><V128/><F121/><W40/><G25/><T79/><D71/><U119/><E119/><V50/><F122/><W60/><G24/><T112/><D117/><U115/><E115/><N who="0" m="44105" /><D77/><U80/><E80/><V111/><F128/><W82/><G82/><N who="0" m="45431" /><D131/><U39/><E39/><V7/><F66/><W21/><G130/><T43/><D43/><U37/><E37/><V90/><F41/><W123/><G40/><T49/><D49/><AGARI ba="2,1" hai="13,14,49,52,57,72,76,81,94,95,98,99,100,101" machi="49" ten="30,11600,0" yaku="1,1,7,1,9,1,54,1,53,0" doraHai="33" doraHaiUra="118" who="1" fromWho="0" sc="119,-122,301,132,370,0,200,0" owari="-3,-50.0,433,53.0,370,17.0,200,-20.0" /></mjloggm>