<mjloggm ver="2.3"><GO type="41" lobby="0"/><UN n0="%E5%9C%92%E5%B4%8E%E6%B3%95%E5%AD%90" n1="%E2%93%9D%53%75%70%68%78" n2="%E3%81%BE%E3%81%A3%E3%81%99%E3%83%BC%38%33%31%33" n3="%E5%92%B2%EF%BC%A0%E7%9B%A3%E7%9D%A3" dan="13,18,13,14" rate="1923.16,2186.17,1839.71,1891.88" sx="F,M,M,M"/><TAIKYOKU oya="0"/><INIT seed="0,0,0,5,1,3" ten="250,250,250,250" oya="0" hai0="69,66,18,77,56,12,116,105,111,80,94,61,114" hai1="127,89,95,23,122,84,100,32,46,20,64,72,87" hai2="62,134,44,96,101,93,51,91,73,24,25,2,121" hai3="58,50,126,85,90,86,104,81,34,17,82,115,40"/><T13/><D114/><U38/><E72/><V37/><F134/><W110/><G115/><T132/><D116/><U53/><E32/><V68/><F121/><W41/><G34/><T67/><D132/><U26/><E127/><V125/><F73/><W9/><G104/><T102/><D105/><U33/><E33/><V98/><F37/><W35/><G35/><T113/><D18/><U63/><E100/><V120/><F125/><W45/><G126/><T60/><D113/><U47/><E23/><V16/><F2/><W118/><G118/><T15/><D111/><U74/><E74/><V88/><F91/><W21/><G58/><T28/><D28/><U4/><E53/><V76/><F76/><W65/><G65/><T117/><D117/><U123/><E87/><V39/><F39/><W11/><G40/><T97/><REACH who="0" step="1"/><D12/><REACH who="0" ten="240,250,250,250" step="2"/><U57/><E123/><V129/><F16/><W52/><G110/><T112/><D112/><U0/><E122/><V107/><F120/><W8/><G41/><T22/><D22/><U131/><E20/><V48/><F24/><W55/><G21/><T31/><D31/><U19/><E19/><V75/><F25/><W128/><G17/><T49/><D49/><U135/><E38/><V29/><F29/><W71/><G50/><T14/><D14/><U124/><E124/><V6/><F51/><W70/><G8/><T10/><D10/><N who="1" m="2311" /><E135/><V130/><F107/><W103/><G9/><T78/><D78/><U79/><E79/><V83/><F48/><W36/><G11/><T42/><D42/><U30/><E30/><V54/><F62/><RYUUKYOKU ba="0,1" sc="240,30,250,-10,250,-10,250,-10" hai0="13,15,56,60,61,66,67,69,77,80,94,97,102" /><INIT seed="0,1,1,0,5,105" ten="270,240,240,240" oya="0" hai0="70,72,19,91,67,103,43,10,121,96,79,125,98" hai1="75,26,48,119,69,120,78,122,35,14,3,45,7" hai2="73,40,17,117,99,94,36,62,116,46,0,4,33" hai3="118,127,9,123,130,128,109,16,97,44,18,76,80"/><T95/><D121/><U110/><E119/><V106/><F33/><W68/><G118/><N who="2" m="45673" /><F106/><W65/><G123/><T60/><D125/><U101/><E69/><V77/><F62/><W64/><G127/><T135/><D135/><U111/><E101/><V59/><F59/><W87/><G97/><T37/><D37/><U28/><E14/><V22/><F4/><W49/><G68/><T63/><D63/><U29/><E29/><V71/><F0/><W11/><G11/><T124/><D124/><U61/><E61/><V108/><F108/><N who="1" m="41513" /><E7/><V12/><F71/><W132/><G109/><T31/><D31/><U74/><E78/><V129/><F129/><W85/><G85/><T112/><D112/><U104/><E104/><V83/><F94/><W21/><G9/><T2/><D2/><U52/><E3/><V58/><F58/><W126/><G126/><T113/><D113/><U107/><E107/><V27/><F99/><W30/><G30/><T84/><D103/><U13/><E13/><AGARI ba="1,1" hai="12,13,17,22,27,36,40,46,73,77,83" m="45673" machi="13" ten="30,2000,0" yaku="12,1,52,1" doraHai="105" who="2" fromWho="1" sc="270,0,240,-23,240,33,240,0" /><INIT seed="1,0,0,3,4,112" ten="270,217,273,240" oya="1" hai0="13,35,58,132,28,107,47,1,9,45,63,79,12" hai1="100,43,26,21,62,73,40,118,49,75,97,8,84" hai2="44,4,14,106,57,5,11,60,16,85,135,86,90" hai3="23,2,36,101,25,64,128,51,41,39,42,91,32"/><U37/><E37/><V80/><F135/><W67/><G2/><T17/><D132/><U30/><E118/><V113/><F106/><W10/><G32/><T102/><D1/><U33/><E33/><V94/><F44/><W88/><G101/><T134/><D134/><U53/><E62/><V66/><REACH who="2" step="1"/><F113/><REACH who="2" ten="270,217,263,240" step="2"/><W74/><G128/><T124/><D107/><U116/><E116/><V103/><F103/><W72/><G10/><T0/><D9/><U76/><E8/><V92/><F92/><W3/><G23/><T56/><D102/><U129/><E129/><V104/><F104/><W77/><G3/><T46/><D0/><U34/><E34/><V114/><F114/><W99/><G99/><T123/><D35/><U71/><E97/><V105/><F105/><W82/><G82/><T119/><D119/><U29/><E100/><V87/><F87/><W130/><G130/><T122/><D45/><U83/><E75/><V126/><F126/><W69/><G74/><T31/><D124/><U111/><E73/><V19/><F19/><W48/><G72/><T110/><D17/><U98/><E98/><V95/><F95/><W6/><G6/><T61/><D110/><U59/><E111/><V70/><F70/><W68/><G77/><AGARI ba="0,1" hai="12,13,28,31,46,47,56,58,61,63,77,79,122,123" machi="77" ten="25,1600,0" yaku="22,2" doraHai="112" who="0" fromWho="3" sc="270,26,217,0,263,0,240,-16" /><AGARI ba="0,0" hai="4,5,11,14,16,57,60,66,77,80,85,86,90,94" machi="77" ten="30,7700,0" yaku="1,1,7,1,8,1,54,1,53,0" doraHai="112" doraHaiUra="125" who="2" fromWho="3" sc="296,0,217,0,263,77,224,-77" /><INIT seed="2,0,0,2,3,61" ten="296,217,340,147" oya="2" hai0="132,83,77,125,49,111,73,17,105,12,58,134,10" hai1="34,104,96,66,126,65,108,84,112,23,109,5,114" hai2="120,92,63,46,37,29,113,110,115,9,88,78,30" hai3="128,80,53,72,22,57,14,75,86,7,97,32,103"/><V38/><F120/><W56/><G32/><T127/><D105/><U18/><E34/><V107/><F107/><W101/><G128/><T71/><D71/><U40/><E5/><V116/><F116/><W74/><G7/><T130/><D111/><N who="1" m="42571" /><E40/><V100/><F110/><W59/><G53/><N who="0" m="32047" /><BYE who="2" /><D130/><U39/><E39/><V42/><F42/><W119/><G119/><T48/><D48/><U124/><E84/><V11/><F11/><W52/><G52/><UN n2="%E3%81%BE%E3%81%A3%E3%81%99%E3%83%BC%38%33%31%33" /><T85/><D73/><U102/><E114/><V81/><F9/><W1/><G1/><T76/><D76/><U60/><E112/><V20/><F100/><W99/><G14/><T54/><D54/><U2/><E60/><V26/><F46/><W3/><G22/><T94/><D94/><U4/><E4/><V93/><F63/><W45/><G45/><T89/><D77/><U6/><E6/><V28/><F93/><W91/><G3/><T51/><D51/><U50/><E50/><V64/><F115/><W19/><REACH who="3" step="1"/><G19/><REACH who="3" ten="296,217,340,137" step="2"/><T117/><D117/><U69/><E2/><V129/><F129/><W123/><G123/><T43/><D43/><U55/><E55/><V16/><F113/><W35/><G35/><T106/><D106/><U0/><E0/><V79/><F30/><W31/><G31/><T25/><D25/><N who="1" m="14583" /><E69/><V133/><F29/><W67/><G67/><AGARI ba="0,1" hai="65,66,67,96,102,104,124,126" m="14583,42571" machi="67" ten="30,7700,0" yaku="14,1,52,3" doraHai="61" who="1" fromWho="3" sc="296,0,217,87,340,0,137,-77" /><INIT seed="3,0,0,3,2,24" ten="296,304,340,60" oya="3" hai0="80,76,73,92,30,15,56,49,65,115,113,106,122" hai1="9,18,105,40,12,17,78,57,6,64,60,117,104" hai2="67,35,28,62,42,63,81,112,23,114,44,59,108" hai3="119,34,27,97,54,77,98,79,33,58,39,123,13"/><W47/><G123/><T128/><D122/><U36/><E117/><V69/><F35/><W10/><G119/><T45/><D106/><U1/><E18/><V93/><F108/><W55/><G39/><T41/><D128/><U94/><E78/><V110/><F110/><W100/><G47/><T43/><D15/><U2/><E40/><V88/><F81/><W22/><G97/><T129/><D129/><U37/><E94/><V89/><F89/><W83/><G54/><T3/><D3/><U133/><E133/><V52/><F28/><W96/><G98/><T4/><D92/><U121/><E2/><V90/><F90/><W84/><G77/><T103/><D103/><U91/><E121/><V132/><F23/><W131/><G131/><T21/><D4/><U120/><E91/><V38/><F132/><W126/><G126/><T32/><D32/><U20/><REACH who="1" step="1"/><E120/><REACH who="1" ten="296,294,340,60" step="2"/><V31/><REACH who="2" step="1"/><F31/><REACH who="2" ten="296,294,330,60" step="2"/><W95/><G34/><T50/><D76/><U118/><E118/><V86/><AGARI ba="0,2" hai="38,42,44,52,59,62,63,67,69,86,88,93,112,114" machi="86" ten="20,12000,2" yaku="1,1,2,1,0,1,7,1,54,2,53,0" doraHai="24" doraHaiUra="5" who="2" fromWho="2" sc="296,-30,294,-30,330,140,60,-60" /><INIT seed="4,0,0,1,0,68" ten="266,264,470,0" oya="0" hai0="108,66,70,12,114,125,96,21,121,38,62,129,131" hai1="104,73,31,109,81,92,67,105,99,60,124,49,15" hai2="77,24,5,0,43,100,84,97,71,29,63,82,122" hai3="9,112,111,132,98,16,126,78,46,50,54,45,91"/><T51/><D121/><U115/><E109/><V88/><F122/><W86/><G112/><T10/><D114/><U103/><E115/><V37/><F5/><W6/><G111/><T107/><D108/><U69/><E124/><V117/><F0/><W79/><G126/><T13/><D125/><U2/><E2/><V44/><F71/><W89/><G132/><T113/><D38/><U11/><E31/><V20/><F117/><W76/><G45/><T90/><D51/><U116/><E116/><V133/><F133/><W61/><G61/><T17/><D113/><U74/><E49/><V42/><F42/><W19/><G98/><T48/><D48/><U52/><E52/><V4/><F63/><W26/><G26/><T23/><D107/><U94/><E105/><V65/><F4/><W85/><G6/><T75/><D75/><U57/><E69/><V64/><F77/><W83/><G9/><T135/><D135/><U33/><E33/><V34/><F34/><W47/><G47/><T18/><D10/><U119/><E119/><V59/><F59/><W123/><G123/><T41/><D41/><U127/><E127/><V27/><F27/><W25/><G25/><T95/><AGARI ba="0,0" hai="12,13,17,18,21,23,62,66,70,90,95,96,129,131" machi="95" ten="30,3000,0" yaku="0,1,9,1" doraHai="68" who="0" fromWho="0" sc="266,30,264,-10,470,-10,0,-10" owari="296,10.0,254,-15.0,460,56.0,-10,-51.0" /></mjloggm>