<mjloggm ver="2.3"><GO type="41" lobby="0"/><UN n0="%E6%A1%9C%E3%83%91%E3%83%91" n1="%E4%B8%8A%E6%9F%BF%E6%83%A0" n2="%42%72%61%76%65%72%79%E2%85%A1" n3="%E2%93%9D%53%75%70%68%78" dan="14,13,16,18" rate="1959.51,1920.91,2042.05,2160.21" sx="M,F,M,M"/><TAIKYOKU oya="0"/><INIT seed="0,0,0,4,5,74" ten="250,250,250,250" oya="0" hai0="71,19,0,25,44,48,91,34,61,94,41,133,135" hai1="23,101,59,27,5,63,124,98,132,78,121,86,60" hai2="64,26,93,113,119,11,131,39,22,43,122,109,104" hai3="115,129,102,6,70,92,52,114,24,16,108,82,97"/><T30/><D0/><U96/><E121/><V21/><F104/><W87/><G70/><T75/><D75/><U79/><E86/><V45/><F113/><W99/><G108/><T36/><D36/><U13/><E124/><V42/><F109/><W112/><G6/><T84/><D71/><U125/><E125/><V128/><F122/><W111/><G111/><T65/><D65/><U47/><E47/><N who="2" m="24031" /><F64/><W105/><G129/><N who="2" m="49737" /><F119/><W31/><G52/><T50/><D61/><N who="1" m="23627" /><E59/><V126/><F126/><W20/><G99/><N who="1" m="37930" /><E101/><V107/><F93/><W51/><G51/><T83/><D50/><U72/><E72/><V80/><F107/><W85/><G105/><T57/><D57/><U76/><E132/><V2/><F26/><W8/><G87/><T29/><D29/><N who="1" m="17663" /><E13/><V9/><F80/><W117/><G117/><T130/><D130/><U55/><E55/><V110/><F110/><W120/><G120/><T123/><D123/><U17/><E5/><N who="2" m="1207" /><F11/><W62/><G8/><T103/><D103/><U12/><E12/><V106/><F106/><W37/><G115/><T116/><D116/><U90/><E90/><V77/><F77/><N who="3" m="46287" /><G114/><T58/><D58/><U49/><E49/><AGARI ba="0,0" hai="21,22,43,45,49" m="1207,49737,24031" machi="49" ten="30,1000,0" yaku="19,1" doraHai="74" who="2" fromWho="1" sc="250,0,250,-10,250,10,250,0" /><INIT seed="1,0,0,1,4,33" ten="250,240,260,250" oya="1" hai0="113,57,29,108,119,46,19,84,42,115,107,123,31" hai1="68,112,50,130,73,76,64,40,125,96,101,16,100" hai2="104,63,36,114,24,109,103,25,44,3,8,56,105" hai3="124,131,45,11,61,77,90,26,13,89,75,132,35"/><U118/><E118/><V111/><F114/><W17/><G131/><T38/><D107/><N who="2" m="41034" /><F103/><W67/><G132/><T0/><D119/><U106/><E130/><V87/><F87/><W54/><G124/><T59/><D123/><U88/><E112/><V71/><F71/><W30/><G77/><T37/><D84/><U12/><E125/><V93/><F93/><W28/><G75/><T20/><D108/><N who="2" m="41546" /><F44/><W97/><G30/><T62/><D62/><U72/><E76/><V120/><F36/><W15/><G97/><T43/><D46/><U116/><E116/><V69/><F69/><W99/><G99/><T49/><D19/><U6/><E6/><N who="2" m="1119" /><F120/><W80/><G80/><T1/><D20/><U58/><E68/><V135/><F135/><W10/><G45/><T27/><D27/><U128/><E128/><V126/><F126/><W60/><G90/><T92/><D92/><U32/><E88/><V66/><AGARI ba="0,0" hai="24,25,56,63,66" m="1119,41546,41034" machi="66" ten="30,2000,0" yaku="14,1,52,1" doraHai="33" who="2" fromWho="2" sc="250,-5,240,-10,260,20,250,-5" /><INIT seed="2,0,0,5,3,65" ten="245,230,280,245" oya="2" hai0="14,118,8,134,71,76,11,6,94,130,106,99,33" hai1="7,55,49,18,116,115,73,122,20,38,107,54,111" hai2="67,82,46,25,129,126,83,0,57,109,9,119,114" hai3="124,97,34,59,27,39,64,16,1,96,31,135,37"/><V90/><F114/><W123/><G123/><T131/><D106/><U91/><E116/><V51/><F119/><W42/><G1/><T29/><D118/><U60/><E115/><V100/><F100/><W78/><G78/><T68/><D134/><U85/><E107/><V36/><F36/><W108/><G124/><T10/><D76/><U15/><E73/><V88/><F126/><W50/><G108/><T84/><D84/><U103/><E103/><V113/><F113/><W80/><G80/><N who="2" m="30761" /><F0/><W72/><G72/><T101/><D29/><U120/><E38/><V35/><F35/><W132/><G39/><T102/><D33/><U28/><E28/><V79/><F79/><W133/><G37/><T128/><D102/><U12/><E111/><V63/><F109/><W104/><G104/><T26/><D26/><U89/><E60/><V30/><F9/><AGARI ba="0,0" hai="6,8,9,10,11,14,68,71,94,99,101,128,130,131" machi="9" ten="50,6400,0" yaku="19,1,52,2" doraHai="65" who="0" fromWho="2" sc="245,64,230,0,280,-64,245,0" /><INIT seed="3,0,0,3,4,11" ten="309,230,216,245" oya="3" hai0="12,63,41,72,60,32,58,112,59,82,95,100,38" hai1="125,9,0,33,40,126,77,119,13,103,3,115,27" hai2="120,74,134,36,109,17,102,7,135,83,50,64,108" hai3="8,39,79,121,57,14,101,113,53,87,94,128,44"/><W90/><G128/><T19/><D32/><U71/><E71/><V133/><F36/><W28/><G121/><T92/><D112/><U67/><E67/><V111/><F120/><W80/><G113/><T73/><D38/><U10/><E103/><V127/><F127/><N who="1" m="48649" /><E77/><V26/><F7/><W89/><G28/><T20/><D41/><U104/><E40/><V110/><N who="2" m="27648" /><DORA hai="117" /><V16/><F64/><W76/><G44/><T106/><D106/><U91/><E104/><V96/><F26/><W48/><G101/><T46/><D46/><U68/><E91/><V4/><F4/><W5/><REACH who="3" step="1"/><G39/><REACH who="3" ten="309,230,216,235" step="2"/><T1/><D100/><U54/><E115/><V65/><F135/><W78/><G78/><T69/><D69/><U49/><E68/><V81/><F134/><W29/><G29/><T122/><D122/><U45/><E119/><V124/><F102/><W51/><G51/><T75/><D63/><U30/><E9/><V116/><F50/><W88/><G88/><T85/><D60/><U62/><E62/><V99/><F124/><W55/><G55/><T21/><D59/><U123/><E123/><V97/><F133/><W47/><G47/><T31/><D58/><U37/><E37/><V23/><F116/><W2/><G2/><T61/><D1/><U42/><E54/><V34/><F65/><W15/><G15/><T131/><D61/><U56/><E56/><V98/><F34/><W22/><G22/><T132/><D132/><U6/><AGARI ba="0,1" hai="0,3,6,10,13,27,30,33,42,45,49" m="48649" machi="6" ten="30,2000,0" yaku="18,1,52,1" doraHai="11,117" who="1" fromWho="1" sc="309,-5,230,30,216,-5,235,-10" /><INIT seed="4,0,0,4,3,5" ten="304,260,211,225" oya="0" hai0="63,94,15,0,22,99,135,92,101,109,117,43,54" hai1="56,129,6,20,69,91,119,113,8,87,41,78,86" hai2="105,17,133,10,53,130,28,75,47,37,131,26,34" hai3="128,2,126,73,112,110,16,61,77,33,9,127,125"/><T103/><D117/><U72/><E119/><V115/><F75/><W42/><G110/><T60/><D109/><U39/><E69/><V93/><F105/><W51/><G33/><T29/><D0/><U134/><E129/><V18/><F115/><W46/><G112/><T120/><D120/><U48/><E134/><V89/><F133/><W84/><G128/><N who="2" m="49193" /><F37/><W121/><G121/><T45/><D135/><U95/><E113/><V71/><F71/><W85/><G61/><T111/><D111/><U40/><E72/><V122/><F122/><W96/><G96/><T114/><D114/><U81/><E39/><V64/><F64/><W14/><G2/><T65/><D65/><U13/><E20/><V1/><F47/><W68/><G68/><T90/><D54/><AGARI ba="0,0" hai="6,8,13,40,41,48,54,56,78,81,86,87,91,95" machi="54" ten="40,2600,0" yaku="8,1,52,1" doraHai="5" who="1" fromWho="0" sc="304,-26,260,26,211,0,225,0" /><INIT seed="5,0,0,1,2,127" ten="278,286,211,225" oya="1" hai0="0,117,66,67,31,15,45,18,87,118,40,114,51" hai1="49,32,68,63,24,75,69,103,10,96,58,36,21" hai2="13,111,30,98,26,19,7,22,8,27,120,38,125" hai3="130,64,29,43,44,100,85,47,126,84,80,97,113"/><U121/><E75/><V2/><F38/><W128/><G126/><T48/><D0/><U95/><E36/><V115/><F98/><W6/><G113/><T92/><D114/><U57/><E32/><N who="2" m="20567" /><F125/><W90/><G29/><T119/><D31/><U60/><E121/><V83/><F83/><W71/><G6/><T20/><D92/><U110/><E49/><V59/><F59/><W11/><G11/><T14/><D87/><U28/><E10/><N who="2" m="2423" /><F115/><W62/><G85/><T102/><D102/><U133/><E133/><V70/><F70/><W76/><G76/><T5/><D5/><U52/><REACH who="1" step="1"/><E110/><REACH who="1" ten="278,276,211,225" step="2"/><V25/><F111/><W88/><G47/><T41/><D51/><U46/><E46/><V78/><F120/><W82/><G82/><T99/><D48/><U101/><E101/><V3/><F78/><W79/><G79/><T109/><D45/><U122/><E122/><V4/><AGARI ba="0,1" hai="3,4,8,13,19,22,25,27" m="2423,20567" machi="4" ten="30,12000,2" yaku="24,1,35,5" doraHai="127" who="2" fromWho="2" sc="278,-30,276,-60,211,130,225,-30" /><INIT seed="6,0,0,1,2,7" ten="248,216,341,195" oya="2" hai0="117,135,19,39,52,5,84,74,100,113,23,90,9" hai1="21,94,25,123,36,11,70,54,132,37,50,131,111" hai2="59,118,124,106,57,41,56,73,24,42,61,63,83" hai3="93,101,43,108,29,119,2,96,120,78,55,58,72"/><V28/><F106/><W95/><G120/><T109/><D109/><U125/><E111/><V92/><F118/><W32/><G108/><T60/><D117/><U10/><E70/><V127/><F73/><W82/><G119/><T107/><D74/><U105/><E123/><V130/><F83/><W48/><G2/><T51/><D39/><U14/><E105/><V22/><F130/><W3/><G3/><T30/><D107/><U20/><E131/><V68/><F92/><W16/><G29/><T49/><D135/><U122/><E122/><V4/><F4/><W67/><G32/><T85/><D100/><U65/><E132/><V71/><F68/><W129/><G43/><N who="2" m="16393" /><F71/><W69/><G129/><T88/><D30/><U79/><E125/><AGARI ba="0,0" hai="22,24,28,56,57,59,61,63,124,125,127" m="16393" machi="125" ten="30,1500,0" yaku="18,1" doraHai="7" who="2" fromWho="1" sc="248,0,216,-15,341,15,195,0" /><INIT seed="6,1,0,3,1,73" ten="248,201,356,195" oya="2" hai0="86,61,53,112,6,119,49,3,104,117,45,65,81" hai1="125,87,40,59,93,35,106,77,24,19,111,14,51" hai2="80,133,121,5,36,18,84,12,30,66,64,88,57" hai3="132,103,68,126,38,102,130,124,41,60,4,17,25"/><V67/><F36/><W10/><G130/><T28/><D104/><U47/><E106/><V22/><F121/><W85/><G132/><T7/><D3/><U100/><E111/><V79/><F133/><W9/><G41/><T2/><D2/><U72/><E125/><N who="3" m="48234" /><G38/><T92/><D28/><U82/><E59/><V107/><F107/><W118/><G118/><N who="0" m="45067" /><D92/><U129/><E129/><V13/><F30/><W108/><G85/><T96/><D96/><U78/><E35/><V89/><F57/><W29/><G17/><T120/><D120/><U105/><E24/><V56/><F56/><W116/><G108/><T46/><D46/><U94/><E105/><V69/><F69/><W32/><G116/><T0/><D0/><U99/><E72/><V127/><F127/><W16/><G4/><T95/><D95/><U8/><E94/><V54/><F54/><W52/><G52/><N who="0" m="29743" /><D112/><U75/><E75/><V115/><F115/><W42/><G42/><T33/><D33/><U62/><E62/><V31/><F31/><W34/><G34/><T98/><D98/><U58/><E58/><V123/><F123/><W43/><G43/><T91/><D53/><U55/><E40/><V135/><F135/><W97/><G97/><T1/><D1/><U27/><E27/><V23/><F5/><N who="0" m="1546" /><D61/><U128/><E128/><V113/><F113/><W74/><G74/><T83/><D83/><U90/><AGARI ba="1,0" hai="8,14,19,47,51,55,77,78,82,87,90,93,99,100" machi="90" ten="20,12000,2" yaku="0,1,7,1,25,2,8,1,52,2" doraHai="73" who="1" fromWho="1" sc="248,-31,201,123,356,-61,195,-31" /><INIT seed="7,0,0,0,2,28" ten="217,324,295,164" oya="3" hai0="34,71,9,41,118,57,135,56,90,134,62,46,70" hai1="48,39,91,31,84,79,116,19,87,68,108,6,124" hai2="82,105,115,113,63,100,36,51,93,121,120,107,94" hai3="132,1,42,117,24,17,38,106,18,65,73,37,110"/><W66/><G117/><T43/><D118/><U67/><E108/><V103/><F36/><W35/><G110/><T101/><D101/><N who="2" m="38986" /><F63/><W27/><G42/><T40/><D34/><U59/><E39/><V10/><F51/><W13/><G13/><T50/><D9/><U96/><E116/><V86/><F10/><W8/><G8/><T11/><D11/><U109/><E109/><V104/><F94/><W88/><G73/><T78/><D78/><U85/><E124/><V89/><F93/><W53/><G53/><N who="0" m="29911" /><D90/><U95/><E31/><V21/><F21/><W122/><G88/><T72/><D72/><U2/><E68/><N who="0" m="26153" /><D57/><U22/><E6/><V129/><F129/><W23/><G23/><T60/><D60/><U30/><E2/><V76/><F89/><W47/><G1/><T112/><D112/><AGARI ba="0,0" hai="76,82,86,104,105,107,112,113,115,120,121" m="38986" machi="112" ten="40,5200,0" yaku="15,1,34,2" doraHai="28" who="2" fromWho="0" sc="217,-52,324,0,295,52,164,0" owari="165,-23.0,324,12.0,347,45.0,164,-34.0" /></mjloggm>