<mjloggm ver="2.3"><GO type="41" lobby="0"/><UN n0="%E4%BB%86%E8%A1%97%E5%A4%A9%E9%B3%A5%E7%89%8C%E6%93%8D%E6%8E%A7%E7%9A%84" n1="%E3%82%B0%E3%83%AA%E3%82%B3%E3%83%BC%E3%82%B2%E3%83%B3" n2="%68%69%72%61%73%68%69" n3="%E2%93%9D%53%75%70%68%78" dan="14,14,15,18" rate="1920.86,1888.39,2011.88,2086.00" sx="M,M,M,M"/><TAIKYOKU oya="0"/><INIT seed="0,0,0,4,1,116" ten="250,250,250,250" oya="0" hai0="121,98,25,27,88,24,49,48,122,62,31,80,108" hai1="12,13,61,127,95,91,105,26,106,11,103,0,44" hai2="29,55,131,58,66,133,23,15,100,43,86,46,119" hai3="50,53,114,77,102,83,125,126,68,60,9,99,34"/><T113/><D113/><U74/><E74/><V93/><F119/><W47/><G34/><T56/><D31/><U115/><E115/><V38/><F131/><W87/><G114/><T1/><D1/><U84/><E127/><V101/><F133/><W90/><G68/><T134/><D134/><U41/><E103/><V10/><F66/><W39/><G39/><T59/><D108/><U109/><E109/><V70/><F70/><W65/><G9/><T16/><D121/><U111/><E111/><V64/><F64/><W112/><G112/><T94/><D122/><U54/><E26/><N who="0" m="10345" /><D80/><U8/><E0/><V40/><F40/><W123/><G77/><T132/><D132/><U51/><E61/><V17/><F29/><W22/><G22/><N who="0" m="13767" /><D59/><U5/><REACH who="1" step="1"/><E41/><REACH who="1" ten="250,240,250,250" step="2"/><V18/><F100/><W130/><G126/><T71/><D71/><U81/><E81/><V33/><F101/><W42/><G125/><T117/><D117/><U6/><AGARI ba="0,1" hai="5,6,8,11,12,13,44,51,54,84,91,95,105,106" machi="6" ten="20,5200,0" yaku="1,1,0,1,7,1,9,1,53,0" doraHai="116" doraHaiUra="72" who="1" fromWho="1" sc="250,-26,240,62,250,-13,250,-13" /><INIT seed="1,0,0,0,4,104" ten="224,302,237,237" oya="1" hai0="2,56,50,77,63,21,83,78,119,132,67,126,37" hai1="73,65,9,76,129,107,79,30,34,27,66,74,127" hai2="7,96,0,35,124,28,100,90,45,123,62,130,103" hai3="113,59,8,75,18,4,33,46,48,55,82,99,61"/><U13/><E107/><V12/><F123/><W112/><G33/><T19/><D119/><U97/><E97/><V116/><F116/><W23/><G99/><T49/><D2/><U29/><E127/><V44/><F124/><W40/><G23/><T118/><D118/><U72/><E129/><V80/><F130/><W69/><G18/><T64/><D37/><U20/><E30/><V92/><F0/><W111/><G111/><T121/><D121/><U93/><E93/><V60/><F35/><W84/><G75/><T86/><D126/><U6/><REACH who="1" step="1"/><E34/><REACH who="1" ten="224,292,237,237" step="2"/><V25/><F28/><W47/><G113/><T95/><D95/><U125/><E125/><V14/><F92/><W68/><G112/><T105/><D105/><U51/><E51/><V53/><F96/><W26/><G48/><T85/><D132/><U81/><E81/><V58/><F80/><W128/><G82/><N who="0" m="47311" /><D67/><AGARI ba="0,1" hai="6,9,13,20,27,29,65,66,67,72,73,74,76,79" machi="67" ten="40,12000,1" yaku="1,1,52,3,53,0" doraHai="104" doraHaiUra="98" who="1" fromWho="0" sc="224,-120,292,130,237,0,237,0" /><INIT seed="1,1,0,3,4,115" ten="104,422,237,237" oya="1" hai0="131,13,135,99,26,28,44,17,15,98,23,89,129" hai1="102,2,63,121,24,30,20,133,67,19,25,101,77" hai2="97,66,76,65,9,86,0,105,100,132,43,34,38" hai3="71,114,112,6,14,93,72,126,32,64,62,47,85"/><U116/><E121/><V96/><F132/><W42/><G72/><T103/><D135/><U88/><E2/><V69/><F97/><W50/><G32/><T125/><D125/><U94/><E116/><V4/><F86/><W16/><G6/><T36/><D36/><U55/><E133/><V60/><F66/><W11/><REACH who="3" step="1"/><G126/><REACH who="3" ten="104,422,237,227" step="2"/><T29/><D129/><U33/><E77/><V111/><F111/><W82/><G82/><T117/><D131/><U90/><E55/><V21/><F21/><W118/><G118/><T5/><D5/><U52/><E52/><V123/><F123/><W73/><G73/><T120/><D117/><U1/><E1/><V22/><F22/><W84/><G84/><T91/><D120/><U81/><E81/><V75/><F34/><W83/><G83/><T3/><D3/><U110/><E110/><V46/><F76/><W35/><G35/><T57/><D23/><U130/><E130/><V92/><F92/><W10/><G10/><T45/><D26/><U124/><E124/><V70/><REACH who="2" step="1"/><F75/><REACH who="2" ten="104,422,227,227" step="2"/><W108/><G108/><T127/><D127/><U48/><E94/><V95/><F95/><W27/><G27/><T31/><D31/><U78/><E78/><V74/><F74/><W106/><G106/><T8/><D29/><U104/><E104/><V49/><F49/><W18/><G18/><T59/><D28/><U7/><E24/><V41/><F41/><W54/><G54/><T37/><D17/><U128/><E25/><V39/><F39/><W53/><G53/><T58/><D37/><U109/><E128/><V119/><F119/><RYUUKYOKU ba="1,2" sc="104,-15,422,-15,227,15,227,15" hai2="0,4,9,38,43,46,60,65,69,70,96,100,105" hai3="11,14,16,42,47,50,62,64,71,85,93,112,114" /><INIT seed="2,2,2,5,3,108" ten="89,407,242,242" oya="2" hai0="73,13,95,75,85,15,76,110,97,125,11,81,27" hai1="6,96,126,112,55,28,0,20,65,32,57,124,105" hai2="68,5,22,99,51,36,134,66,131,91,77,1,9" hai3="118,86,107,71,93,128,4,70,100,88,42,67,8"/><V109/><F36/><W3/><G118/><T59/><D110/><U58/><E32/><V60/><F109/><W29/><G128/><T129/><D129/><U41/><E41/><V33/><F131/><W82/><G29/><T89/><D125/><N who="1" m="48235" /><E6/><V74/><F134/><W84/><G67/><T26/><D15/><U46/><E0/><V50/><F33/><W25/><G25/><T83/><D59/><U80/><E65/><V24/><F77/><W16/><G42/><T44/><D44/><U31/><E80/><V21/><F74/><W123/><G123/><T127/><D127/><U48/><E112/><V120/><F120/><W69/><G16/><T114/><D114/><U115/><E115/><V49/><REACH who="2" step="1"/><F24/><REACH who="2" ten="89,407,232,242" step="2"/><W135/><G135/><T18/><REACH who="0" step="1"/><D73/><REACH who="0" ten="79,407,232,242" step="2"/><U102/><E31/><V101/><F101/><AGARI ba="2,4" hai="11,13,18,26,27,75,76,81,83,85,89,95,97,101" machi="101" ten="30,3900,0" yaku="1,1,2,1,7,1,53,0" doraHai="108" doraHaiUra="130" who="0" fromWho="2" sc="79,85,407,0,232,-45,242,0" /><INIT seed="3,0,0,4,5,42" ten="164,407,187,242" oya="3" hai0="131,60,30,108,4,76,53,113,90,6,51,120,133" hai1="82,116,89,33,103,78,132,97,44,69,1,29,73" hai2="107,68,95,20,104,98,21,93,87,58,111,94,100" hai3="88,10,25,18,23,55,22,35,64,61,86,38,84"/><W26/><G35/><T128/><D120/><U102/><E69/><V15/><F68/><W92/><G38/><T11/><D108/><U34/><E1/><V119/><F111/><W66/><G10/><T50/><D76/><U41/><E132/><V37/><F37/><W45/><G86/><T39/><D39/><U31/><E89/><V129/><F119/><W72/><G72/><T99/><D30/><U81/><E116/><V59/><F129/><N who="0" m="49738" /><D113/><U74/><E41/><V135/><F135/><W115/><G115/><T16/><D60/><U127/><E127/><V56/><F87/><W85/><G85/><T27/><D51/><U109/><E109/><V70/><F70/><W130/><G130/><T79/><D79/><U123/><E78/><V43/><F43/><W12/><G61/><T62/><D62/><U117/><E117/><V67/><F67/><N who="3" m="25643" /><G23/><N who="0" m="13799" /><D11/><U91/><E123/><V0/><F0/><W118/><G118/><T125/><D125/><U110/><E110/><V19/><F19/><W8/><G22/><N who="2" m="8809" /><F15/><W63/><G63/><T65/><D65/><U80/><E91/><V2/><F2/><W14/><G14/><T54/><D133/><U36/><E36/><V47/><F107/><W77/><G77/><T28/><D28/><U83/><E29/><V24/><F24/><W124/><G124/><T122/><D122/><U5/><E31/><V32/><F32/><W106/><G106/><T126/><D126/><U75/><E33/><V112/><F112/><W101/><G26/><T114/><D114/><U9/><E34/><V40/><F40/><W17/><G25/><RYUUKYOKU ba="0,0" sc="164,-10,407,-10,187,30,242,-10" hai2="47,56,58,59,93,94,95,98,100,104" /><INIT seed="4,1,0,5,0,109" ten="154,397,217,232" oya="0" hai0="32,98,0,14,126,49,40,92,1,15,70,86,120" hai1="39,128,59,102,65,101,56,36,83,130,66,88,115" hai2="57,73,131,90,89,104,51,72,19,61,114,55,110" hai3="53,30,129,71,122,47,28,11,85,64,67,33,35"/><T97/><D120/><U43/><E43/><V9/><F104/><W103/><G129/><N who="1" m="49770" /><E115/><V80/><F131/><W135/><G135/><T7/><D70/><U82/><E59/><V37/><F37/><N who="1" m="14409" /><E56/><V76/><F110/><W62/><G67/><N who="1" m="25610" /><E88/><V42/><F73/><W99/><G64/><T124/><D40/><U93/><E93/><V68/><F114/><W119/><G53/><T91/><D32/><U34/><E34/><V123/><F68/><W31/><G35/><T63/><D63/><U106/><E106/><V112/><F112/><W18/><G62/><T108/><D108/><U23/><E23/><V58/><F123/><W5/><G33/><T95/><D49/><U77/><E77/><V38/><F38/><W3/><G71/><T24/><D24/><U46/><E46/><V48/><F42/><W96/><G47/><T50/><D50/><U105/><E105/><V10/><F51/><W20/><G122/><T52/><D52/><U79/><E79/><V81/><F81/><AGARI ba="1,0" hai="81,82,83,101,102" m="25610,14409,49770" machi="81" ten="40,5200,0" yaku="28,2,19,1" doraHai="109" who="1" fromWho="2" sc="154,0,397,55,217,-55,232,0" /><INIT seed="5,0,0,3,5,37" ten="154,452,162,232" oya="1" hai0="16,122,17,32,121,34,73,88,101,30,25,21,47" hai1="126,3,65,62,8,29,49,20,26,92,125,56,106" hai2="45,39,74,95,81,134,41,4,64,110,70,107,24" hai3="5,0,68,85,83,19,44,11,51,52,118,35,114"/><U117/><E106/><V42/><F110/><W79/><G114/><T13/><D73/><U120/><E117/><V53/><F107/><W98/><G118/><T99/><D101/><U108/><E120/><N who="0" m="46185" /><D47/><U82/><E108/><V69/><F4/><W105/><G35/><N who="0" m="20943" /><D99/><U6/><E92/><V28/><F134/><W133/><G68/><T80/><D80/><U130/><E130/><V104/><F104/><W71/><G71/><T7/><D88/><U129/><E129/><V132/><F132/><W96/><G133/><T94/><D94/><U23/><E82/><V116/><F116/><W60/><G105/><T78/><D78/><U61/><E49/><V22/><F70/><W72/><G72/><T100/><D100/><U91/><E91/><V55/><F95/><W40/><REACH who="3" step="1"/><G19/><REACH who="3" ten="154,452,162,222" step="2"/><N who="0" m="10479" /><D7/><U111/><E111/><V112/><F112/><W115/><G115/><T76/><D76/><U1/><E6/><V50/><F74/><W67/><G67/><T113/><D113/><U123/><E65/><V66/><F66/><W10/><G10/><T97/><D97/><U18/><E8/><V77/><F64/><W2/><G2/><T63/><D63/><U12/><E123/><V58/><F69/><W31/><G31/><T75/><D75/><U38/><E1/><V9/><F9/><W119/><G119/><T127/><D127/><N who="1" m="48651" /><E3/><V109/><F109/><W57/><AGARI ba="0,1" hai="0,5,11,40,44,51,52,57,60,79,83,85,96,98" machi="57" ten="30,8000,1" yaku="1,1,0,1,52,1,54,1,53,1" doraHai="37" doraHaiUra="33" who="3" fromWho="3" sc="154,-20,452,-40,162,-20,222,90" /><INIT seed="6,0,0,4,5,50" ten="134,412,142,312" oya="2" hai0="109,69,33,51,83,52,11,94,25,82,102,22,49" hai1="9,66,96,87,8,60,23,75,61,19,64,91,13" hai2="39,56,118,128,63,99,44,112,104,37,48,101,108" hai3="36,89,113,6,15,35,14,32,105,76,93,129,42"/><V124/><F118/><W103/><G105/><T135/><D109/><U95/><E75/><V3/><F3/><W126/><G103/><T77/><D69/><U84/><E84/><V26/><F108/><W119/><G126/><T12/><D33/><U62/><E87/><V92/><F124/><W55/><G129/><T16/><D135/><U132/><E132/><V80/><F128/><W4/><G42/><T134/><D134/><U81/><E81/><V41/><F112/><W71/><G36/><T21/><D51/><U123/><E123/><V67/><F80/><N who="0" m="30762" /><D77/><U31/><E31/><V30/><REACH who="2" step="1"/><F104/><REACH who="2" ten="134,412,132,312" step="2"/><W65/><G119/><T59/><D25/><U0/><E0/><V5/><F5/><W74/><G6/><T72/><D72/><U47/><E64/><V115/><F115/><W90/><G65/><T130/><D130/><U125/><E66/><V88/><F88/><W53/><G4/><T2/><D2/><U7/><E125/><V117/><F117/><W106/><G106/><T58/><D58/><U122/><E122/><V73/><F73/><W38/><G113/><T107/><D107/><U85/><E7/><V127/><F127/><W79/><G74/><T17/><D17/><U18/><E18/><V1/><F1/><W10/><G79/><T28/><D28/><U45/><E85/><V40/><F40/><W70/><G76/><T121/><D121/><U116/><E116/><V86/><F86/><W114/><G114/><T46/><D59/><U100/><E91/><V110/><F110/><W111/><G111/><T98/><AGARI ba="0,1" hai="11,12,16,21,22,46,49,52,94,98,102" m="30762" machi="98" ten="30,7900,0" yaku="8,1,52,1,54,2" doraHai="50" who="0" fromWho="0" sc="134,89,412,-20,132,-39,312,-20" /><INIT seed="7,0,0,2,3,99" ten="223,392,93,292" oya="3" hai0="85,8,62,70,49,21,63,104,106,52,18,14,28" hai1="32,121,12,58,31,89,76,20,15,120,36,116,38" hai2="95,42,113,40,30,51,132,133,67,119,105,5,117" hai3="75,46,7,45,81,129,19,88,47,43,78,53,93"/><W98/><G129/><T92/><D104/><U86/><E76/><V2/><F5/><W61/><G7/><T80/><D106/><U109/><E109/><V27/><F2/><W50/><G61/><T1/><D70/><U131/><E131/><V87/><F105/><W123/><G123/><T134/><D134/><U103/><E103/><V26/><F95/><W102/><G19/><T124/><D124/><U60/><E32/><V79/><F87/><W111/><G111/><T107/><D107/><U3/><E3/><V135/><F79/><W0/><G0/><T83/><D83/><U56/><E116/><V54/><F30/><W33/><G33/><T72/><D72/><U64/><E36/><V96/><F96/><W84/><REACH who="3" step="1"/><G43/><REACH who="3" ten="223,392,93,282" step="2"/><T126/><D1/><U71/><E60/><V34/><F34/><W112/><G112/><T13/><D63/><U39/><E120/><V55/><F113/><W110/><G110/><T10/><D62/><U66/><E121/><V11/><F67/><W59/><G59/><T90/><D28/><U17/><E31/><V23/><F51/><W130/><G130/><T4/><D126/><U41/><E41/><V127/><F127/><W97/><G97/><T9/><REACH who="0" step="1"/><D92/><AGARI ba="0,1" hai="45,46,47,50,53,75,78,81,84,88,92,93,98,102" machi="92" ten="30,11600,0" yaku="1,1,7,1,52,1,54,1,53,0" doraHai="99" doraHaiUra="68" who="3" fromWho="0" sc="223,-116,392,0,93,0,282,126" owari="107,-29.0,392,19.0,93,-41.0,408,51.0" /></mjloggm>