<mjloggm ver="2.3"><GO type="41" lobby="0"/><UN n0="%52%65%62%75%73" n1="%E2%93%9D%53%75%70%68%78" n2="%E3%83%88%E3%83%BC%E3%83%8F" n3="%E7%B4%AC%E3%83%B4%E3%82%A7%E3%83%B3%E3%83%80%E3%83%BC%E3%82%B9" dan="13,18,14,13" rate="1857.39,2114.53,1886.30,2023.40" sx="M,M,M,F"/><TAIKYOKU oya="0"/><INIT seed="0,0,0,0,1,91" ten="250,250,250,250" oya="0" hai0="115,68,103,10,13,23,76,82,86,62,83,126,33" hai1="135,8,119,24,19,26,61,87,79,73,131,44,52" hai2="94,95,109,0,41,58,107,97,36,34,12,20,11" hai3="67,101,84,133,75,65,93,2,14,69,35,3,72"/><T125/><D33/><U50/><E119/><V49/><F34/><W7/><G133/><T120/><D68/><U80/><E131/><V51/><F36/><W63/><G35/><T31/><D62/><U15/><E135/><V48/><F0/><W129/><G129/><T127/><D120/><U78/><E73/><V113/><F113/><W22/><G67/><T47/><D83/><U59/><REACH who="1" step="1"/><E79/><REACH who="1" ten="250,240,250,250" step="2"/><V60/><F109/><W28/><G75/><T128/><D128/><U18/><E18/><N who="2" m="10311" /><F107/><W89/><G72/><T99/><D115/><U21/><E21/><V134/><F134/><W98/><G22/><T77/><D31/><U43/><AGARI ba="0,1" hai="8,15,19,24,26,43,44,50,52,59,61,78,80,87" machi="43" ten="20,8000,1" yaku="1,1,0,1,7,1,8,1,54,1,53,0" doraHai="91" doraHaiUra="124" who="1" fromWho="1" sc="250,-40,240,90,250,-20,250,-20" /><INIT seed="1,0,0,2,5,68" ten="210,330,230,230" oya="1" hai0="79,104,119,29,88,113,24,127,83,107,120,39,94" hai1="7,108,126,131,71,53,118,14,65,95,59,57,55" hai2="122,96,70,109,28,132,54,35,82,12,100,90,15" hai3="32,124,16,34,38,50,89,3,64,116,52,19,0"/><U48/><E118/><V8/><F109/><W115/><G38/><T25/><D113/><U58/><E95/><V43/><F70/><W17/><G115/><T13/><D119/><U6/><E108/><V84/><F132/><W103/><G124/><T78/><D127/><U31/><E126/><V102/><F102/><W41/><G41/><T9/><D120/><U76/><E131/><V77/><F122/><W81/><G64/><T56/><D39/><U20/><E76/><V121/><F121/><W49/><G49/><T129/><D129/><U4/><E71/><V106/><F43/><W46/><G103/><T37/><D37/><U2/><E2/><V130/><F130/><W123/><G123/><T97/><D56/><U18/><E65/><V62/><F12/><W74/><G116/><T26/><D29/><U67/><E67/><V21/><F35/><W101/><G101/><T135/><D135/><U111/><E111/><V85/><F21/><W66/><G66/><T23/><D79/><U60/><E31/><V110/><F28/><W5/><G74/><T45/><D45/><AGARI ba="0,0" hai="4,6,7,14,18,20,45,48,53,55,57,58,59,60" machi="45" ten="40,2000,0" yaku="8,1" doraHai="68" who="1" fromWho="0" sc="210,-20,330,20,230,0,230,0" /><INIT seed="1,1,0,4,5,107" ten="190,350,230,230" oya="1" hai0="89,95,105,74,40,33,39,26,44,69,118,97,83" hai1="116,25,113,64,70,79,30,2,104,109,87,1,76" hai2="85,120,41,38,28,77,35,29,21,31,49,84,12" hai3="94,42,51,102,115,62,65,98,126,80,37,55,63"/><U53/><E113/><V54/><F120/><W24/><G115/><T124/><D118/><U112/><E112/><V91/><F35/><W56/><G126/><T46/><D124/><U68/><E53/><V121/><F121/><W50/><G24/><T17/><D69/><U119/><E87/><V78/><F38/><W86/><G42/><T48/><D33/><U66/><E25/><V73/><F41/><W52/><G37/><T20/><D105/><U60/><E104/><V34/><F34/><W122/><G122/><T7/><D7/><U19/><E19/><N who="2" m="10471" /><F73/><W101/><G101/><T57/><D57/><U93/><E93/><N who="2" m="54503" /><F85/><W71/><REACH who="3" step="1"/><G55/><REACH who="3" ten="190,350,230,220" step="2"/><T27/><D26/><U127/><E127/><V92/><F92/><W82/><G82/><T133/><D133/><U45/><E119/><V108/><F108/><W10/><G10/><T130/><D130/><U100/><E109/><V3/><F3/><W58/><G58/><AGARI ba="1,1" hai="28,29,31,49,54,58,77,78" m="54503,10471" machi="58" ten="30,2000,0" yaku="25,1,8,1" doraHai="107" who="2" fromWho="3" sc="190,0,350,0,230,33,220,-23" /><INIT seed="2,0,0,0,0,100" ten="190,350,263,197" oya="2" hai0="89,6,118,61,91,24,112,109,27,20,133,12,64" hai1="2,108,51,35,77,122,131,25,59,106,5,32,97" hai2="50,104,114,101,95,4,127,105,90,65,134,84,130" hai3="75,16,21,14,53,58,8,67,47,44,111,38,86"/><V92/><F65/><W135/><G75/><T85/><D109/><U9/><E131/><V82/><F4/><W132/><G111/><T80/><D112/><U115/><E77/><N who="2" m="46159" /><F50/><W121/><G121/><T52/><D133/><U128/><E128/><V10/><F10/><W68/><G38/><T37/><D37/><U103/><E122/><V81/><F130/><W123/><G123/><T56/><D118/><U120/><E115/><V49/><F49/><W11/><G68/><T129/><D129/><U63/><E120/><V98/><F114/><W74/><G74/><T15/><D91/><U66/><E108/><V1/><F1/><W29/><G86/><T102/><D102/><U117/><E117/><V73/><F134/><N who="3" m="51243" /><G67/><T60/><D6/><U42/><REACH who="1" step="1"/><E25/><REACH who="1" ten="190,340,263,197" step="2"/><V46/><F127/><W41/><G41/><T7/><D27/><U57/><E57/><V26/><F46/><AGARI ba="0,1" hai="2,5,9,32,35,42,46,51,59,63,66,97,103,106" machi="46" ten="40,5200,0" yaku="1,1,52,1,53,1" doraHai="100" doraHaiUra="43" who="1" fromWho="2" sc="190,0,340,62,263,-52,197,0" /><INIT seed="3,0,0,1,2,56" ten="190,402,211,197" oya="3" hai0="4,30,39,118,131,114,64,59,68,44,77,97,133" hai1="116,26,129,93,52,31,96,78,0,102,106,94,46" hai2="67,98,49,45,103,104,1,53,61,47,123,132,38" hai3="43,21,62,41,120,15,113,85,91,42,119,16,66"/><W24/><G113/><T71/><D118/><U17/><E0/><V9/><F132/><W90/><G119/><T63/><D30/><U87/><E129/><V79/><F123/><W112/><G112/><T89/><D4/><U12/><E78/><V128/><F128/><W57/><G120/><T124/><D77/><U35/><E87/><V108/><F108/><W58/><G58/><T107/><D131/><U6/><E6/><V127/><F127/><W109/><G109/><T25/><D25/><U27/><E27/><V72/><F1/><W3/><G3/><T60/><D107/><U18/><E18/><V2/><F2/><W115/><G115/><T8/><D8/><U122/><E122/><V54/><F9/><W14/><REACH who="3" step="1"/><G91/><REACH who="3" ten="190,402,211,187" step="2"/><T70/><D89/><U88/><E88/><V117/><F117/><W82/><AGARI ba="0,1" hai="14,15,16,21,24,41,42,43,57,62,66,82,85,90" machi="82" ten="30,18000,2" yaku="1,1,2,1,0,1,8,1,52,1,54,1,53,1" doraHai="56" doraHaiUra="55" who="3" fromWho="3" sc="190,-60,402,-60,211,-60,187,190" /><INIT seed="3,1,0,1,3,110" ten="130,342,151,377" oya="3" hai0="84,24,67,106,42,114,101,66,111,98,9,55,18" hai1="33,32,2,30,72,115,28,123,64,91,134,130,10" hai2="77,48,82,19,96,20,46,29,37,27,124,95,78" hai3="102,103,21,97,25,80,60,83,38,85,61,44,133"/><W1/><G133/><T89/><D111/><U34/><E72/><V40/><F124/><W51/><G38/><T79/><D42/><U22/><E64/><V112/><F112/><W131/><G1/><T53/><D79/><U119/><E91/><V107/><F107/><W14/><G14/><T7/><D24/><U54/><E54/><V45/><F29/><N who="1" m="11369" /><E130/><V100/><REACH who="2" step="1"/><F82/><REACH who="2" ten="130,342,141,377" step="2"/><W117/><G80/><T0/><D114/><U92/><E115/><V104/><F104/><W15/><G83/><T58/><D18/><U126/><E126/><V90/><F90/><W36/><G131/><T127/><D127/><U6/><E134/><V31/><F31/><W132/><G132/><T5/><D5/><U86/><E34/><V11/><F11/><W120/><G21/><T128/><D128/><U35/><E22/><V125/><F125/><W74/><G103/><T73/><D73/><U118/><E35/><V49/><F49/><W108/><G74/><T12/><D0/><U135/><E135/><V81/><F81/><W62/><G51/><T94/><REACH who="0" step="1"/><D55/><AGARI ba="1,1" hai="19,20,27,37,40,45,46,48,55,77,78,95,96,100" machi="55" ten="30,3900,0" yaku="1,1,7,1,53,1" doraHai="110" doraHaiUra="16" who="2" fromWho="0" sc="130,-42,342,0,141,52,377,0" /><INIT seed="4,0,0,2,0,5" ten="88,342,193,377" oya="0" hai0="89,73,17,116,93,55,125,22,71,39,134,124,132" hai1="99,11,97,110,30,121,135,74,24,86,76,117,42" hai2="14,92,21,72,50,26,25,129,32,98,77,19,7" hai3="47,35,109,54,108,107,66,85,133,94,49,61,9"/><T68/><D73/><U118/><E42/><V126/><F129/><W18/><G107/><T58/><D39/><U69/><E69/><V105/><F105/><W131/><G35/><T82/><D82/><U96/><E110/><V59/><F126/><N who="0" m="48746" /><D116/><U90/><E135/><N who="0" m="51753" /><D71/><U91/><E121/><V119/><F119/><W34/><G34/><T29/><D68/><U130/><E74/><V10/><F77/><W37/><G37/><T48/><D29/><U95/><E76/><V1/><F72/><W43/><G133/><T15/><D93/><U28/><E28/><V33/><F33/><W88/><G131/><T128/><D89/><U8/><E130/><AGARI ba="0,0" hai="15,17,22,48,55,58,128,130" m="51753,48746" machi="130" ten="40,12000,1" yaku="30,2,18,1,20,1" doraHai="5" who="0" fromWho="1" sc="88,120,342,-120,193,0,377,0" /><INIT seed="4,1,0,2,0,67" ten="208,222,193,377" oya="0" hai0="2,54,100,132,84,33,65,32,131,134,75,72,122" hai1="109,18,60,64,45,103,14,120,31,91,85,19,51" hai2="114,41,92,115,71,36,47,25,118,62,112,17,117" hai3="7,128,88,94,70,86,23,21,20,28,119,38,97"/><T102/><D122/><U74/><E74/><V77/><F77/><W113/><G128/><T135/><D2/><U52/><E109/><V4/><F4/><W61/><G113/><T39/><D39/><U79/><E120/><V82/><F82/><W123/><G123/><T95/><D54/><U13/><E31/><V87/><F87/><W35/><G119/><N who="2" m="45577" /><F92/><W130/><G38/><T66/><D131/><U96/><E79/><V6/><F6/><W81/><G7/><T99/><D102/><U59/><E14/><V12/><F25/><W133/><G133/><T16/><D16/><U48/><E48/><V26/><F26/><W9/><G9/><T68/><D66/><U27/><E27/><V40/><F40/><W101/><G130/><T108/><D84/><U129/><E129/><V110/><F12/><W69/><G35/><N who="0" m="13387" /><D108/><U58/><E58/><V111/><F17/><W11/><G11/><T1/><D1/><U56/><E56/><V3/><F3/><W8/><G8/><T42/><D42/><U5/><E5/><V125/><F125/><W89/><G28/><T46/><D46/><U124/><E124/><V93/><F93/><W55/><G101/><T53/><D53/><U30/><E30/><V126/><F126/><W127/><G127/><T49/><D49/><U105/><REACH who="1" step="1"/><E13/><REACH who="1" ten="208,212,193,377" step="2"/><V10/><F10/><W24/><G24/><T78/><D78/><U83/><AGARI ba="1,1" hai="18,19,45,51,52,59,60,64,83,85,91,96,103,105" machi="83" ten="20,12000,2" yaku="1,1,2,1,0,1,7,1,54,1,53,1" doraHai="67" doraHaiUra="80" who="1" fromWho="1" sc="208,-61,212,133,193,-31,377,-31" /><INIT seed="5,0,0,0,5,9" ten="147,345,162,346" oya="1" hai0="44,98,24,43,35,23,75,130,16,112,111,95,103" hai1="4,46,125,126,78,2,3,127,65,90,114,128,133" hai2="76,47,91,73,67,109,26,64,53,124,30,107,134" hai3="69,11,40,17,13,48,41,118,89,38,108,71,132"/><U15/><E114/><V97/><F109/><W106/><G108/><T25/><D111/><U21/><E78/><V62/><F134/><W84/><G38/><T51/><D112/><U45/><E133/><V18/><F18/><W6/><G132/><T123/><D75/><U70/><E128/><V122/><F124/><W27/><G106/><T88/><D130/><U68/><E90/><V39/><F91/><W80/><G118/><T81/><D35/><U1/><E65/><V56/><F76/><W60/><G60/><T104/><D123/><U87/><E87/><V8/><F73/><W119/><G119/><T61/><D61/><U7/><E21/><V82/><F82/><W54/><G71/><N who="1" m="27178" /><E15/><V72/><F72/><W33/><G69/><T102/><D104/><U57/><E57/><V101/><F8/><W31/><REACH who="3" step="1"/><G6/><AGARI ba="0,0" hai="1,2,3,4,6,7,45,46,125,126,127" m="27178" machi="6" ten="50,9600,0" yaku="28,2,18,1" doraHai="9" who="1" fromWho="3" sc="147,0,345,96,162,0,346,-96" /><INIT seed="5,1,0,3,0,134" ten="147,441,162,250" oya="1" hai0="121,3,26,103,97,14,30,65,68,69,112,20,29" hai1="24,32,111,126,13,63,122,6,76,52,18,53,25" hai2="47,27,9,39,127,84,95,96,129,49,92,108,54" hai3="77,23,22,120,90,62,75,80,4,45,46,21,71"/><U43/><E126/><V123/><F108/><W58/><G120/><T5/><D112/><U60/><E6/><V17/><F123/><W59/><G71/><T107/><D121/><U55/><E43/><V85/><F129/><W74/><G74/><T38/><D38/><U72/><E32/><V42/><F95/><W98/><G4/><T31/><D69/><U8/><E122/><V100/><F127/><W125/><G59/><T2/><D31/><U44/><E44/><V114/><F114/><W82/><G125/><T119/><D30/><U51/><E51/><V66/><F66/><W101/><G90/><T19/><D119/><U37/><E37/><V81/><F81/><W133/><G80/><T34/><REACH who="0" step="1"/><D5/><REACH who="0" ten="137,441,162,250" step="2"/><U57/><E111/><V102/><F39/><W67/><REACH who="3" step="1"/><G133/><REACH who="3" ten="137,441,162,240" step="2"/><T131/><D131/><U28/><E57/><V86/><F102/><W117/><G117/><T70/><D70/><U50/><E28/><V116/><F116/><W94/><AGARI ba="1,2" hai="21,22,23,45,46,58,62,67,75,77,82,94,98,101" machi="94" ten="30,4000,0" yaku="1,1,0,1,53,1" doraHai="134" doraHaiUra="105" who="3" fromWho="3" sc="137,-11,441,-21,162,-11,240,63" /><INIT seed="6,0,0,1,4,55" ten="126,420,151,303" oya="2" hai0="81,114,76,3,85,26,98,83,78,69,120,40,123" hai1="8,132,36,19,92,63,129,41,22,124,74,38,57" hai2="113,6,115,107,53,35,110,116,84,119,62,23,104" hai3="79,5,99,87,39,25,111,60,68,121,30,75,130"/><V11/><F110/><W48/><G39/><T95/><D69/><U90/><E132/><V34/><F23/><W131/><G75/><T66/><D3/><U27/><E129/><V32/><F84/><W0/><G111/><T15/><D66/><U82/><E124/><V109/><F109/><W61/><G68/><T91/><D40/><U54/><E41/><V56/><F107/><W1/><G99/><T33/><D15/><U122/><E122/><V128/><F104/><W43/><G79/><T101/><D33/><U59/><E8/><V125/><F128/><N who="3" m="49195" /><G87/><T102/><D26/><U135/><E135/><V126/><F11/><N who="3" m="2471" /><G1/><T80/><D114/><N who="2" m="43530" /><F6/><W127/><G127/><AGARI ba="0,0" hai="32,34,35,53,56,62,116,119,125,126,127" m="43530" machi="127" ten="40,7700,0" yaku="18,1,15,1,52,1" doraHai="55" who="2" fromWho="3" sc="126,0,420,0,151,77,303,-77" /><INIT seed="6,1,0,2,2,123" ten="126,420,228,226" oya="2" hai0="12,96,76,8,117,114,64,92,4,39,97,19,90" hai1="6,27,53,71,51,74,72,124,88,28,133,29,16" hai2="65,109,122,107,102,35,24,44,0,128,112,105,130" hai3="26,17,127,108,101,89,1,80,57,43,48,106,119"/><V41/><F122/><W46/><G119/><T70/><D114/><U87/><E133/><V135/><F0/><W62/><G127/><T37/><D117/><U93/><E71/><V36/><F112/><W68/><G68/><T61/><D76/><U5/><E74/><V18/><F135/><W3/><G101/><T99/><D39/><U25/><E72/><V22/><F65/><W63/><G106/><T66/><D37/><U77/><E77/><V118/><F118/><W7/><G63/><T49/><D70/><U23/><E124/><V84/><F84/><W100/><G100/><T69/><D69/><U120/><E120/><V40/><F40/><W132/><G132/><T103/><D61/><U86/><E86/><V42/><F42/><W58/><G58/><T54/><D99/><U131/><E131/><N who="2" m="50219" /><F35/><W78/><G89/><T126/><D126/><U30/><E27/><V91/><F91/><W134/><G134/><T73/><D73/><U32/><E32/><V110/><F102/><W31/><G17/><T75/><D75/><U55/><E55/><V14/><F24/><W81/><G81/><T67/><D66/><U111/><E53/><V2/><F2/><W9/><G3/><T21/><D97/><U10/><E87/><V82/><F82/><W50/><G80/><T56/><REACH who="0" step="1"/><D103/><REACH who="0" ten="116,420,228,226" step="2"/><U15/><E88/><V60/><F60/><W79/><G62/><T115/><D115/><U33/><E33/><V59/><F107/><W13/><G79/><T125/><D125/><U85/><E85/><V104/><F104/><W121/><G78/><T83/><D83/><RYUUKYOKU ba="1,1" sc="116,30,420,-10,228,-10,226,-10" hai0="4,8,12,19,21,49,54,56,64,67,90,92,96" /><INIT seed="7,2,1,3,3,125" ten="146,410,218,216" oya="3" hai0="40,75,35,123,135,21,77,11,102,100,13,27,90" hai1="15,44,61,38,71,39,132,122,84,115,22,110,10" hai2="48,85,116,47,36,0,53,89,98,33,52,83,92" hai3="106,20,62,81,80,54,126,86,24,50,14,76,113"/><W131/><G106/><T112/><D123/><U2/><E2/><V42/><F116/><W108/><G113/><T124/><D124/><U28/><E132/><V78/><F0/><W59/><G126/><T31/><D40/><U63/><E110/><V74/><F33/><W57/><G108/><T45/><D45/><U109/><E71/><V97/><F53/><W127/><G131/><T120/><D120/><U55/><E39/><V114/><F114/><W68/><G127/><T91/><D112/><U64/><E38/><V117/><F117/><W130/><G130/><T119/><D119/><U73/><E73/><V129/><F129/><W9/><G68/><T58/><D75/><U66/><E84/><V134/><F134/><W60/><G59/><AGARI ba="2,1" hai="36,42,47,48,52,59,74,78,83,85,89,92,97,98" machi="59" ten="30,2000,0" yaku="7,1,54,1" doraHai="125" who="2" fromWho="3" sc="146,0,410,0,218,36,216,-26" owari="146,-35.0,410,51.0,254,5.0,190,-21.0" /></mjloggm>