<mjloggm ver="2.3"><GO type="41" lobby="0"/><UN n0="%4B%69%64%2C" n1="%E3%83%8F%E3%82%B2%E3%82%B8%E3%83%AD%E3%82%A6" n2="%E3%82%AD%E3%83%A3%E3%83%99%E3%83%84%E9%A3%9F%E3%81%84" n3="%E2%93%9D%53%75%70%68%78" dan="13,14,14,18" rate="1886.33,1918.90,1961.14,2145.19" sx="M,M,M,M"/><TAIKYOKU oya="0"/><INIT seed="0,0,0,2,4,85" ten="250,250,250,250" oya="0" hai0="56,37,2,17,99,124,10,50,109,19,41,8,125" hai1="57,108,77,82,135,128,107,15,112,29,9,89,59" hai2="111,58,45,30,83,75,62,22,11,131,21,94,39" hai3="123,129,69,120,103,4,68,86,116,88,81,61,23"/><T95/><D109/><U63/><E107/><V26/><F131/><W64/><G116/><T100/><D37/><U118/><E118/><V5/><F111/><W36/><G36/><T115/><D115/><U40/><E108/><V122/><F122/><N who="3" m="46635" /><G129/><T52/><D41/><U60/><E40/><V18/><F94/><W38/><G38/><T98/><D98/><U79/><E29/><V54/><F39/><W102/><G4/><T67/><D67/><U35/><E35/><V91/><F45/><W127/><G127/><N who="0" m="48715" /><D2/><U44/><E44/><V0/><F75/><W84/><G69/><T65/><D65/><U117/><E117/><V42/><F42/><W133/><G133/><T28/><D28/><U96/><E96/><V1/><F1/><W101/><G86/><T51/><D51/><U7/><E135/><V14/><REACH who="2" step="1"/><F83/><REACH who="2" ten="250,250,240,250" step="2"/><W90/><G23/><T106/><D106/><U43/><E43/><V93/><F93/><W6/><G6/><T119/><D119/><U3/><E3/><V73/><F73/><W105/><G105/><T32/><D32/><U70/><E128/><V74/><F74/><W80/><G80/><T49/><D49/><U130/><E82/><V104/><F104/><W126/><G126/><T97/><D97/><U47/><E130/><V87/><F87/><W72/><G72/><T55/><D55/><U66/><E7/><V134/><F134/><W78/><AGARI ba="0,1" hai="61,64,68,78,81,84,88,90,101,102,103" m="46635" machi="78" ten="30,7900,0" yaku="13,1,52,2,54,1" doraHai="85" who="3" fromWho="3" sc="250,-39,250,-20,240,-20,250,89" /><INIT seed="1,0,0,2,5,93" ten="211,230,220,339" oya="1" hai0="111,87,69,36,54,65,32,19,49,66,24,77,61" hai1="113,34,84,90,127,7,37,100,31,40,35,105,55" hai2="21,25,112,74,20,57,133,12,114,94,15,30,6" hai3="85,104,121,33,8,102,4,47,79,76,26,0,73"/><U135/><E113/><N who="2" m="43627" /><F74/><W81/><G121/><T106/><D106/><U131/><E127/><V115/><F57/><W39/><G79/><T14/><D111/><U13/><E31/><V11/><N who="2" m="43635" /><V128/><DORA hai="120" /><F94/><W97/><G85/><T53/><D36/><U52/><E40/><V48/><F48/><W82/><G82/><T107/><D107/><U42/><E42/><V62/><F62/><W98/><G98/><T132/><D132/><U60/><E37/><V126/><F133/><W56/><G56/><T116/><D116/><U71/><E55/><V41/><F41/><N who="3" m="22975" /><G26/><T109/><D66/><U91/><E91/><V99/><F126/><W58/><G58/><T59/><D54/><U23/><E71/><V92/><F128/><W29/><G29/><T117/><D117/><U27/><E131/><V123/><F123/><W103/><G103/><T118/><D118/><U51/><E60/><V70/><F70/><W78/><G78/><T101/><D101/><U72/><E72/><V83/><F83/><W68/><G68/><T18/><D77/><U1/><E1/><N who="2" m="463" /><F20/><W46/><G46/><T124/><D124/><U50/><E50/><V96/><F96/><W134/><G134/><T17/><D87/><U9/><E100/><AGARI ba="0,0" hai="12,15,21,25,30,92,99,100" m="463,43635" machi="100" ten="40,2600,0" yaku="11,1,52,1" doraHai="93,120" who="2" fromWho="1" sc="211,0,230,-26,220,26,339,0" /><INIT seed="2,0,0,4,5,18" ten="211,204,246,339" oya="2" hai0="45,112,117,122,134,81,33,114,97,6,86,104,109" hai1="131,2,66,51,11,9,77,17,30,90,106,46,60" hai2="22,62,111,25,58,107,69,65,39,15,10,113,80" hai3="82,26,48,53,55,1,130,36,68,35,76,41,78"/><V79/><F113/><W0/><G68/><T61/><D6/><U13/><E106/><V125/><F39/><W95/><G130/><T63/><D45/><U38/><E38/><V47/><F107/><W101/><G41/><T99/><D86/><U70/><E30/><V14/><F125/><W102/><G26/><T31/><D31/><U40/><E131/><V89/><F89/><W4/><G4/><T96/><D81/><U34/><E34/><V43/><F111/><W116/><G36/><T56/><D56/><U74/><E2/><V20/><F69/><W110/><G82/><T23/><D33/><U54/><E74/><V108/><F108/><W12/><G116/><T73/><D73/><U120/><E120/><V123/><F123/><W132/><G35/><T87/><D104/><U103/><E103/><V133/><F25/><W100/><G132/><T50/><D134/><U121/><E121/><V105/><F15/><W19/><G1/><T8/><D117/><U83/><E77/><N who="3" m="29802" /><G0/><T27/><D109/><U49/><E83/><V67/><F105/><W71/><G71/><T16/><D122/><U29/><E29/><V118/><F133/><W52/><G110/><T98/><D114/><U7/><E90/><V21/><F118/><W94/><G48/><T59/><D50/><U24/><E24/><V85/><F43/><W72/><G72/><T93/><D112/><U92/><E92/><V75/><F75/><W64/><G64/><T127/><D93/><U42/><E51/><V37/><F37/><W135/><G135/><T126/><N who="0" m="24576" /><DORA hai="91" /><T119/><D27/><RYUUKYOKU ba="0,0" sc="211,-15,204,15,246,-15,339,15" hai1="7,9,11,13,17,40,42,46,49,54,60,66,70" hai3="12,19,52,53,55,94,95,100,101,102" /><INIT seed="3,1,0,3,0,77" ten="196,219,231,354" oya="3" hai0="58,52,121,107,49,130,64,66,125,69,93,97,67" hai1="109,116,104,24,74,36,128,110,38,13,95,59,122" hai2="82,115,32,3,102,15,10,68,48,127,98,81,90" hai3="83,61,11,55,94,118,2,56,79,135,42,100,112"/><W75/><G112/><T46/><D107/><U96/><E104/><V45/><F115/><W132/><G118/><T133/><D121/><U19/><E74/><V0/><F32/><W70/><G70/><T72/><D72/><U113/><E113/><V123/><F68/><W29/><G29/><T50/><D125/><U8/><E122/><V85/><F123/><W86/><G42/><T51/><D133/><N who="3" m="51273" /><G11/><T129/><D69/><U28/><E116/><V126/><F126/><W78/><G2/><T4/><D4/><U87/><E87/><V99/><F127/><W17/><G17/><T39/><D93/><U134/><E134/><V62/><F62/><W21/><G21/><T44/><D97/><U108/><E59/><V5/><F99/><N who="3" m="59511" /><G75/><T114/><D114/><U117/><E117/><V25/><F25/><W14/><G14/><T40/><D46/><U92/><E92/><N who="2" m="58695" /><F0/><W103/><G103/><T16/><D16/><U22/><REACH who="1" step="1"/><E128/><AGARI ba="1,0" hai="39,40,44,49,50,51,52,58,64,66,67,128,129,130" machi="128" ten="40,8000,1" yaku="19,1,34,3,54,1" doraHai="77" who="0" fromWho="1" sc="196,83,219,-83,231,0,354,0" /><INIT seed="4,0,0,5,1,99" ten="279,136,231,354" oya="0" hai0="76,20,57,46,17,56,82,78,75,13,11,9,117" hai1="120,126,79,105,107,15,110,129,3,121,19,112,26" hai2="98,97,27,111,92,80,86,116,73,84,88,33,58" hai3="77,23,66,62,100,114,106,91,41,128,61,35,54"/><T53/><D117/><U55/><E79/><N who="2" m="44143" /><F27/><W16/><G114/><T2/><D78/><U50/><E110/><V74/><F33/><W133/><G133/><T37/><D2/><U94/><E3/><V6/><F6/><W118/><G128/><T87/><D75/><U5/><E129/><V83/><F58/><W131/><G41/><T124/><D124/><U60/><E60/><V0/><F0/><W29/><G106/><T63/><REACH who="0" step="1"/><D57/><REACH who="0" ten="269,136,231,354" step="2"/><U127/><E120/><V42/><F116/><W119/><G119/><T64/><D64/><U34/><E121/><V52/><F74/><W109/><G66/><T123/><D123/><U102/><E112/><V71/><F71/><W108/><G131/><T103/><D103/><U69/><E69/><V48/><F111/><W45/><G109/><T70/><D70/><U81/><E126/><V12/><F12/><W85/><G108/><T59/><D59/><U14/><E127/><V125/><F125/><W1/><G1/><T72/><D72/><U10/><E102/><V68/><F68/><W135/><G100/><T8/><D8/><U96/><E10/><V113/><F113/><W31/><G118/><T25/><D25/><U22/><E26/><V39/><F83/><W51/><G77/><T134/><D134/><U7/><E81/><V89/><F92/><N who="3" m="54383" /><G135/><T65/><D65/><U132/><E132/><V43/><F39/><W21/><G62/><T38/><D38/><U122/><E122/><V49/><F89/><W104/><G61/><T30/><D30/><U67/><E107/><V115/><F115/><W47/><G104/><RYUUKYOKU ba="0,1" sc="269,30,136,-10,231,-10,354,-10" hai0="9,11,13,17,20,37,46,53,56,63,76,82,87" /><INIT seed="4,1,1,2,3,120" ten="299,126,221,344" oya="0" hai0="93,35,11,85,48,5,63,60,6,2,72,46,17" hai1="130,53,55,12,14,117,116,20,97,56,96,19,78" hai2="68,58,84,113,99,66,18,107,44,25,8,76,64" hai3="67,29,21,33,125,73,31,26,82,24,103,95,22"/><T112/><D72/><U127/><E127/><V121/><F121/><W92/><G125/><T30/><D112/><U80/><E130/><V114/><F68/><W45/><G33/><T34/><D6/><U52/><E56/><V39/><F107/><W23/><G67/><T70/><D17/><U9/><E116/><V3/><F99/><W128/><G128/><T105/><D105/><U94/><E117/><V43/><F58/><W81/><G73/><T4/><D4/><U75/><REACH who="1" step="1"/><E94/><REACH who="1" ten="299,116,221,344" step="2"/><V0/><F113/><W42/><G95/><T119/><D119/><U57/><E57/><V101/><F114/><W54/><G92/><T106/><D106/><U131/><E131/><V129/><F129/><W74/><G82/><T134/><D70/><U15/><E15/><V132/><F0/><W37/><G81/><T79/><D134/><U36/><E36/><V98/><F132/><W51/><G37/><T91/><D2/><U118/><E118/><V90/><F3/><W102/><G74/><T133/><D133/><U16/><AGARI ba="1,2" hai="9,12,14,16,19,20,52,53,55,75,78,80,96,97" machi="16" ten="30,12000,2" yaku="1,1,0,1,54,2,53,2" doraHai="120" doraHaiUra="13" who="1" fromWho="1" sc="299,-61,116,143,221,-31,344,-31" /><INIT seed="5,0,0,3,4,105" ten="238,259,190,313" oya="1" hai0="46,74,87,17,33,39,109,29,80,62,95,23,63" hai1="41,40,50,6,114,9,116,122,30,21,101,58,49" hai2="110,79,52,126,54,96,5,42,97,99,134,104,124" hai3="35,55,48,51,94,65,64,24,107,123,120,2,106"/><U133/><E116/><V7/><F104/><W75/><G94/><T127/><D109/><U93/><E122/><V108/><F79/><W88/><G24/><T130/><D130/><U61/><E133/><V16/><F42/><W90/><G55/><N who="2" m="21033" /><F134/><W83/><G83/><T129/><D129/><U84/><E114/><V36/><F36/><W119/><G35/><T15/><D127/><N who="2" m="48682" /><F16/><W1/><G119/><T118/><D95/><U34/><E34/><V45/><F45/><W92/><G92/><T68/><D68/><U81/><E41/><V13/><F13/><W100/><G100/><T82/><D46/><U57/><E40/><V18/><F18/><W0/><G0/><T98/><D39/><U128/><E128/><V22/><F22/><W53/><G53/><T32/><D118/><U85/><E21/><V67/><F67/><W14/><G14/><T103/><D33/><U47/><E30/><V70/><F70/><W117/><G117/><T131/><D29/><U86/><E47/><V112/><F112/><W11/><G11/><T12/><D32/><U26/><E26/><V27/><F27/><W69/><G69/><T102/><D12/><N who="1" m="5175" /><E81/><V4/><AGARI ba="0,0" hai="4,5,7,96,97,99,108,110" m="48682,21033" machi="4" ten="40,8000,1" yaku="28,2,18,1,54,1" doraHai="105" who="2" fromWho="2" sc="238,-20,259,-40,190,80,313,-20" /><INIT seed="6,0,0,4,5,43" ten="218,219,270,293" oya="2" hai0="9,130,55,59,30,36,89,60,92,53,35,95,111" hai1="39,61,64,124,68,93,25,72,79,18,29,134,105" hai2="71,90,128,104,99,108,15,54,77,113,115,11,20" hai3="98,4,120,33,14,8,121,116,32,44,52,76,110"/><V114/><F71/><W62/><G110/><T16/><D36/><U40/><E93/><N who="2" m="56759" /><F108/><W48/><G116/><T133/><D111/><U49/><E49/><V34/><F34/><W58/><G76/><T97/><D130/><U73/><E18/><N who="2" m="10335" /><F104/><W101/><G121/><T103/><D133/><U50/><E50/><V131/><F77/><W107/><REACH who="3" step="1"/><G120/><REACH who="3" ten="218,219,270,283" step="2"/><T42/><D35/><U87/><E134/><V19/><F54/><AGARI ba="0,1" hai="4,8,14,32,33,44,48,52,54,58,62,98,101,107" machi="54" ten="30,12000,2" yaku="1,1,2,1,7,1,52,1,54,1,53,2" doraHai="43" doraHaiUra="51" who="3" fromWho="2" sc="218,0,219,0,270,-120,283,130" /><INIT seed="7,0,0,5,0,63" ten="218,219,150,413" oya="3" hai0="79,129,90,77,22,99,18,95,32,56,52,66,102" hai1="135,49,23,104,128,45,50,55,88,96,7,121,65" hai2="28,103,108,15,62,39,51,92,125,131,13,69,86" hai3="6,35,118,27,112,67,113,87,16,109,31,94,80"/><W101/><G118/><T74/><D32/><U107/><E121/><V120/><F39/><W40/><G109/><T105/><D129/><U133/><E7/><V126/><F108/><W19/><G67/><T93/><D66/><U37/><E65/><V0/><F0/><W83/><G40/><T91/><D74/><U84/><E37/><V44/><F120/><W53/><G53/><T8/><D8/><U12/><E128/><V11/><F131/><W106/><G94/><T61/><D105/><U5/><E96/><V14/><F28/><W76/><G83/><T117/><D117/><U81/><E50/><V47/><F47/><W111/><G111/><T9/><D9/><N who="1" m="4143" /><E23/><V130/><F130/><W17/><G6/><T89/><D95/><U134/><AGARI ba="0,0" hai="45,49,55,81,84,88,104,107,133,134,135" m="4143" machi="134" ten="30,2000,0" yaku="20,1,54,1" doraHai="63" who="1" fromWho="1" sc="218,-5,219,20,150,-5,413,-10" owari="213,-19.0,239,4.0,145,-35.0,403,50.0" /></mjloggm>