<mjloggm ver="2.3"><GO type="41" lobby="0"/><UN n0="%61%74%65%63%68%69%32%30" n1="%E3%83%91%E3%83%B3%E3%83%81%E3%83%A9%E3%82%A4%E3%83%B3%E5%B0%8F%E6%B9%8A" n2="%6D%65%6C%65%78" n3="%E2%93%9D%53%75%70%68%78" dan="14,14,14,17" rate="1927.25,1963.74,1881.04,2063.14" sx="M,M,M,M"/><TAIKYOKU oya="0"/><INIT seed="0,0,0,2,5,26" ten="250,250,250,250" oya="0" hai0="116,92,66,79,18,108,90,44,69,111,6,59,50" hai1="62,75,126,10,131,60,87,49,73,120,29,61,17" hai2="78,47,118,80,4,14,91,19,76,15,103,115,46" hai3="113,55,102,71,112,125,77,16,36,33,83,52,100"/><T56/><D116/><U84/><E120/><V135/><F115/><W104/><G71/><T105/><D105/><U0/><E0/><V88/><F103/><W82/><G33/><T106/><D106/><U97/><E97/><V81/><F135/><W63/><G104/><T3/><D79/><U130/><E126/><V86/><F118/><W42/><G77/><T99/><D6/><U114/><E114/><V39/><F4/><W134/><G63/><T127/><D3/><U13/><E49/><V40/><F47/><W20/><G20/><T133/><D127/><U98/><E98/><V123/><F123/><W58/><G125/><T129/><D133/><U30/><E87/><V34/><F34/><W117/><G134/><T65/><D18/><U64/><E84/><V21/><REACH who="2" step="1"/><F15/><REACH who="2" ten="250,250,240,250" step="2"/><W128/><G117/><T37/><D129/><N who="1" m="49163" /><E64/><N who="0" m="24681" /><D69/><U35/><E35/><V45/><F45/><W23/><G128/><T57/><D37/><U85/><E85/><AGARI ba="0,1" hai="14,19,21,39,40,46,76,78,80,81,85,86,88,91" machi="85" ten="30,7700,0" yaku="1,1,7,1,9,1,54,1,53,0" doraHai="26" doraHaiUra="51" who="2" fromWho="1" sc="250,0,250,-77,240,87,250,0" /><INIT seed="1,0,0,5,5,10" ten="250,173,327,250" oya="1" hai0="11,105,118,124,6,23,67,1,98,24,82,123,15" hai1="53,14,69,112,131,42,48,120,45,3,30,113,110" hai2="22,26,108,132,64,41,109,56,125,101,21,32,55" hai3="79,2,135,63,92,102,72,0,58,71,99,128,9"/><U27/><E120/><V129/><F125/><W43/><G71/><T88/><D118/><U29/><E69/><V103/><F129/><W89/><G128/><T122/><D124/><U95/><E131/><V119/><F132/><W37/><G135/><T16/><D67/><U80/><E3/><V36/><F119/><W70/><G70/><T4/><D4/><U121/><E121/><N who="0" m="46089" /><D105/><U127/><E127/><V65/><F32/><W28/><G28/><T35/><D35/><U31/><E110/><N who="2" m="42603" /><F41/><W18/><G43/><T7/><D7/><U61/><E27/><V47/><F47/><W104/><G37/><T25/><D1/><U83/><E95/><V106/><F36/><W134/><G134/><T59/><D59/><N who="1" m="35055" /><E113/><V60/><F22/><W17/><G2/><T111/><D111/><U46/><E46/><V94/><F106/><W97/><G0/><N who="0" m="455" /><D82/><N who="1" m="31275" /><E112/><V20/><F20/><W96/><G104/><T73/><D73/><U117/><E117/><V76/><F76/><W50/><G79/><T90/><D90/><U52/><E42/><V57/><F64/><W19/><G72/><T66/><D66/><U40/><E40/><V133/><F133/><W13/><G89/><T8/><D8/><U126/><E126/><V33/><F33/><W51/><G92/><AGARI ba="0,0" hai="15,16,23,24,25,88,92,98" m="455,46089" machi="92" ten="30,7700,0" yaku="13,1,52,1,54,2" doraHai="10" who="0" fromWho="3" sc="250,77,173,0,327,0,250,-77" /><INIT seed="2,0,0,2,0,18" ten="327,173,327,173" oya="2" hai0="2,60,12,70,88,94,10,68,63,125,54,81,113" hai1="95,97,0,133,17,85,1,135,13,31,100,114,27" hai2="61,4,25,121,42,41,15,8,46,51,122,86,103" hai3="132,104,118,75,11,6,108,115,62,102,129,29,99"/><V93/><F61/><W112/><G118/><T28/><D2/><U23/><E114/><N who="3" m="43562" /><G108/><T39/><D39/><U120/><E120/><V74/><F74/><W117/><G117/><T40/><D40/><U76/><E76/><V45/><F25/><W38/><G129/><T19/><D113/><U52/><E85/><V80/><F103/><W90/><G132/><N who="1" m="50762" /><E52/><V123/><F93/><W64/><G90/><T3/><D81/><U47/><E47/><V89/><REACH who="2" step="1"/><F122/><REACH who="2" ten="327,173,317,173" step="2"/><W22/><G75/><T92/><D94/><U26/><E26/><V37/><AGARI ba="0,1" hai="4,8,15,37,41,42,45,46,51,80,86,89,121,123" machi="37" ten="20,7800,0" yaku="1,1,2,1,0,1,7,1,53,0" doraHai="18" doraHaiUra="96" who="2" fromWho="2" sc="327,-26,173,-26,317,88,173,-26" /><INIT seed="2,1,0,2,4,94" ten="301,147,405,147" oya="2" hai0="22,119,116,71,33,4,82,130,70,28,32,41,65" hai1="103,89,122,112,78,2,104,19,135,39,11,46,91" hai2="57,108,110,58,133,21,100,98,68,109,5,50,74" hai3="13,42,72,15,113,92,16,30,26,85,24,10,64"/><V37/><F133/><W62/><G72/><T3/><D41/><U9/><E112/><V88/><F68/><W8/><G113/><T96/><D130/><U55/><E135/><V73/><F37/><W6/><G42/><T59/><D82/><U7/><E122/><V79/><F5/><W125/><G125/><T107/><D59/><U60/><E39/><V114/><F114/><W40/><G40/><T121/><D22/><U43/><E43/><V111/><F79/><W67/><G30/><T0/><D121/><U126/><E78/><V52/><F88/><N who="3" m="53263" /><G62/><N who="0" m="40247" /><D71/><U90/><E126/><V132/><F132/><W102/><G102/><N who="0" m="62919" /><D4/><U1/><E103/><V86/><F86/><W34/><G34/><N who="0" m="13419" /><D28/><U95/><E104/><N who="2" m="63511" /><F111/><W18/><G6/><T20/><D20/><U76/><E76/><V12/><F58/><W83/><G83/><T117/><AGARI ba="1,0" hai="0,3,116,117,119" m="13419,62919,40247" machi="117" ten="40,5200,0" yaku="12,1,23,1,52,1" doraHai="94" who="0" fromWho="0" sc="301,55,147,-14,405,-27,147,-14" /><INIT seed="3,0,0,5,1,91" ten="356,133,378,133" oya="3" hai0="93,87,28,127,90,16,45,101,52,41,67,27,130" hai1="115,125,120,112,72,77,4,105,95,44,22,102,135" hai2="55,121,84,33,129,114,62,122,88,26,78,107,89" hai3="64,6,111,34,21,18,68,9,14,133,66,39,76"/><W31/><G39/><T46/><D130/><U113/><E4/><V53/><F114/><W61/><G133/><T56/><D67/><U96/><E44/><V124/><F124/><W54/><G111/><T3/><D3/><U94/><E22/><V100/><F129/><W126/><G126/><T32/><D127/><U74/><E125/><V25/><F78/><W98/><G76/><T118/><D101/><U85/><E120/><N who="2" m="46187" /><F107/><W99/><G64/><T81/><D118/><U40/><E40/><V42/><F100/><W97/><G54/><N who="2" m="20489" /><F42/><W36/><G36/><T17/><D81/><N who="1" m="47279" /><E135/><V108/><F108/><W48/><G48/><T110/><D110/><U134/><E134/><V8/><F62/><W80/><G80/><T58/><D58/><U24/><E24/><N who="2" m="9323" /><F8/><W51/><G51/><T23/><D41/><U15/><E15/><V131/><F131/><W65/><G65/><T69/><D69/><U49/><E49/><V57/><F57/><W92/><G34/><T11/><D32/><U19/><E19/><N who="0" m="7241" /><D11/><U20/><E20/><V2/><F33/><W109/><G109/><T7/><D7/><U60/><E60/><AGARI ba="0,0" hai="23,27,28,45,46,52,56,60,87,90,93" m="7241" machi="60" ten="30,7700,0" yaku="8,1,52,1,54,2" doraHai="91" who="0" fromWho="1" sc="356,77,133,-77,378,0,133,0" /><INIT seed="4,0,0,0,1,97" ten="433,56,378,133" oya="0" hai0="20,122,121,74,81,22,6,70,77,57,9,54,41" hai1="85,72,98,30,132,82,129,42,116,128,105,135,43" hai2="44,127,96,32,48,112,53,91,28,59,62,130,104" hai3="117,131,55,52,10,80,11,123,15,2,23,100,134"/><T73/><D70/><U65/><E65/><V39/><F112/><W119/><G131/><N who="1" m="50250" /><E30/><V114/><F114/><W89/><G134/><N who="1" m="51242" /><E42/><V26/><F127/><W56/><G123/><T92/><D74/><U16/><E43/><V29/><F130/><W63/><G2/><T27/><D41/><U94/><E116/><V0/><F0/><W118/><G55/><T24/><D22/><U60/><E60/><V95/><F29/><W3/><G3/><T75/><D27/><U125/><E72/><V78/><F78/><W61/><G61/><T99/><D75/><U19/><E105/><V25/><F25/><W51/><G63/><T5/><D9/><U124/><E94/><V87/><F39/><W18/><G10/><T8/><D8/><U46/><E46/><V13/><F13/><W90/><G11/><T7/><D54/><U34/><E98/><V113/><F113/><W107/><G117/><T108/><D57/><U115/><E34/><V79/><F79/><W120/><G119/><T88/><D108/><U47/><E47/><V93/><F104/><W4/><G118/><T102/><D121/><U103/><E103/><V84/><F95/><W110/><G120/><T126/><D102/><U111/><E111/><V64/><AGARI ba="0,0" hai="26,28,32,44,48,53,59,62,64,84,87,91,93,96" machi="64" ten="20,1500,0" yaku="0,1,7,1" doraHai="97" who="2" fromWho="2" sc="433,-7,56,-4,378,15,133,-4" /><INIT seed="5,0,0,1,4,81" ten="426,52,393,129" oya="1" hai0="111,128,78,75,74,70,17,55,123,56,132,61,102" hai1="19,101,116,14,117,1,85,94,82,98,93,25,92" hai2="42,66,47,119,18,4,90,28,99,133,96,79,76" hai3="100,67,6,21,33,80,105,36,41,27,32,13,34"/><U5/><E1/><V46/><F119/><W9/><G67/><T44/><D111/><U122/><E122/><V38/><F28/><W109/><G100/><T110/><D110/><U106/><E5/><V72/><F133/><W113/><G105/><T97/><D132/><U107/><E25/><V3/><F47/><W26/><G41/><T35/><D35/><U50/><E50/><V88/><F66/><W135/><G80/><T49/><D70/><U68/><E68/><V103/><F18/><N who="3" m="12727" /><G36/><T40/><D123/><U24/><E24/><V48/><F38/><W11/><G109/><T73/><D17/><U54/><E54/><V52/><F3/><N who="3" m="479" /><G113/><T131/><REACH who="0" step="1"/><D78/><REACH who="0" ten="416,52,393,129" step="2"/><N who="1" m="46295" /><E19/><V12/><F76/><W43/><G135/><T71/><D71/><U8/><E8/><V39/><F79/><W115/><G115/><T63/><D63/><U57/><E57/><V91/><F72/><W29/><G43/><T53/><D53/><U45/><E45/><V124/><F42/><W37/><G37/><T95/><AGARI ba="0,1" hai="40,44,49,55,56,61,73,74,75,95,97,102,128,131" machi="95" ten="40,2700,0" yaku="1,1,0,1,53,0" doraHai="81" doraHaiUra="22" who="0" fromWho="0" sc="416,37,52,-13,393,-7,129,-7" /><INIT seed="6,0,0,2,2,135" ten="453,39,386,122" oya="2" hai0="119,105,42,60,25,130,83,26,15,30,98,108,64" hai1="127,89,7,72,93,114,17,77,40,79,48,61,33" hai2="73,53,58,97,100,96,11,36,99,87,115,21,112" hai3="69,126,59,88,34,78,109,14,44,35,51,45,122"/><V16/><F73/><W67/><G109/><T70/><D108/><U46/><E114/><N who="2" m="43563" /><F36/><W2/><G69/><T63/><D119/><U95/><E33/><V132/><F87/><W84/><G2/><T32/><D42/><U19/><E72/><V134/><F11/><W120/><G78/><T116/><D83/><U39/><E39/><V131/><F131/><W82/><G34/><T102/><D116/><U1/><E95/><V9/><F9/><W94/><G35/><T29/><D15/><U92/><E92/><V27/><F58/><W118/><G59/><T91/><D91/><U38/><E38/><V113/><N who="2" m="43571" /><V49/><DORA hai="3" /><F49/><W75/><G51/><T18/><D60/><U80/><E61/><V24/><F53/><W125/><G118/><T5/><D18/><U23/><E80/><V56/><F56/><W106/><G75/><T12/><D130/><U103/><E103/><V76/><F76/><W43/><G82/><T52/><D52/><U104/><E104/><N who="2" m="63495" /><F24/><W71/><G106/><T133/><D133/><AGARI ba="0,0" hai="16,21,27,97,99,132,133,134" m="63495,43571" machi="133" ten="40,7700,0" yaku="20,1,15,1,54,1" doraHai="135,3" who="2" fromWho="0" sc="453,-77,39,0,386,77,122,0" /><INIT seed="6,1,0,1,0,27" ten="376,39,463,122" oya="2" hai0="31,25,91,95,63,47,11,76,43,14,7,71,93" hai1="60,102,109,68,5,40,21,131,50,82,6,48,2" hai2="59,85,75,56,116,35,28,121,126,86,83,36,0" hai3="41,87,19,8,133,22,94,32,24,26,77,78,73"/><V72/><F121/><W130/><G73/><T113/><D113/><U112/><E112/><V34/><F116/><W65/><G133/><T23/><D76/><U97/><E109/><V114/><F114/><W103/><G130/><T132/><D132/><U30/><E2/><V44/><F126/><W79/><G41/><T54/><D71/><U55/><E40/><V88/><F0/><W115/><G115/><T49/><D91/><U15/><E131/><V3/><F3/><W105/><G105/><T135/><D135/><U33/><E82/><V108/><F108/><W124/><G65/><T81/><D81/><U17/><E50/><V110/><F110/><W46/><G46/><T111/><D111/><U120/><E120/><V1/><F1/><W127/><G8/><T123/><D123/><U4/><E33/><V37/><F83/><W99/><G87/><T69/><D69/><U90/><E90/><V70/><F70/><W61/><G61/><T98/><D98/><U38/><E38/><V107/><F88/><W84/><G84/><T104/><D104/><U18/><E60/><V57/><F107/><W74/><G74/><T58/><AGARI ba="1,0" hai="7,11,14,23,25,31,43,47,49,54,58,63,93,95" machi="58" ten="30,4000,0" yaku="0,1,8,1,52,1" doraHai="27" who="0" fromWho="0" sc="376,43,39,-11,463,-21,122,-11" /><INIT seed="7,0,0,0,3,9" ten="419,28,442,111" oya="3" hai0="114,32,4,47,69,126,35,53,65,63,96,60,111" hai1="78,101,123,0,104,40,8,87,41,21,132,1,81" hai2="115,17,15,26,46,71,51,97,116,131,93,44,48" hai3="19,10,121,38,124,64,52,80,109,70,30,88,92"/><W16/><G121/><T135/><D111/><U108/><E123/><V90/><F115/><W43/><G124/><T27/><D126/><U20/><E108/><V83/><F131/><W42/><G38/><T22/><D114/><U112/><E112/><V103/><F71/><W55/><G30/><T31/><D135/><U18/><E132/><V61/><F61/><W95/><G64/><T74/><D74/><U94/><E104/><V57/><F26/><W125/><G70/><T130/><D130/><U82/><E1/><V105/><F116/><W128/><G80/><T75/><D75/><U110/><E110/><V37/><F37/><W133/><G133/><T50/><D60/><U106/><E0/><V24/><F24/><W6/><G92/><T13/><D96/><U54/><E106/><V34/><F34/><W91/><G91/><T7/><D35/><U119/><E119/><V113/><F113/><W2/><G128/><T98/><D98/><U118/><E118/><V120/><F120/><W129/><G129/><T99/><D99/><N who="1" m="59639" /><E81/><V25/><F25/><W11/><G125/><T67/><D67/><U29/><E54/><V77/><F105/><W76/><G52/><T102/><D102/><U127/><E127/><V33/><F103/><W28/><G55/><T68/><D68/><U72/><E72/><V5/><F83/><W117/><G117/><T36/><D36/><U107/><E107/><V89/><F77/><W39/><G76/><T14/><D32/><U85/><E85/><V86/><F33/><W84/><G109/><T45/><D45/><U73/><E73/><RYUUKYOKU ba="0,0" sc="419,30,28,-10,442,-10,111,-10" hai0="4,7,13,14,22,27,31,47,50,53,63,65,69" owari="449,55.0,18,-48.0,432,23.0,101,-30.0" /></mjloggm>