<mjloggm ver="2.3"><GO type="41" lobby="0"/><UN n0="%67%61%72%75%63%69%61" n1="%E3%81%A7%E3%82%8B%E3%81%B4%E3%81%88%E9%83%8E" n2="%E2%93%9D%53%75%70%68%78" n3="%E3%81%8F%E3%81%95%E3%81%BF%E3%82%84%E3%81%A1%E3%82%84%E3%81%8B" dan="14,14,18,13" rate="1938.87,1951.33,2122.17,1828.07" sx="M,M,M,M"/><TAIKYOKU oya="0"/><INIT seed="0,0,0,0,1,6" ten="250,250,250,250" oya="0" hai0="71,37,100,83,132,27,62,90,69,26,96,7,99" hai1="107,45,59,16,134,8,51,52,20,117,36,29,103" hai2="54,108,98,28,47,113,11,22,39,55,24,1,19" hai3="18,32,48,46,97,31,121,131,21,43,95,82,120"/><T35/><D37/><U9/><E117/><V15/><F108/><W73/><G131/><T111/><D132/><U110/><E110/><V79/><F113/><W33/><G31/><T119/><D111/><U126/><E134/><V129/><F129/><W30/><G73/><T58/><D119/><U94/><E107/><V84/><F1/><W85/><G30/><T40/><D40/><U41/><E29/><V12/><F98/><W0/><G0/><T133/><D133/><U4/><E4/><V66/><F66/><W49/><G49/><T53/><D7/><U91/><E103/><V106/><F106/><W74/><G74/><T135/><D135/><U61/><E36/><V130/><F130/><W125/><G125/><T101/><D35/><U127/><E127/><V86/><F79/><W63/><G63/><T124/><D124/><U64/><E64/><V10/><F39/><W75/><G75/><T42/><D42/><U122/><E122/><V123/><F123/><N who="3" m="47179" /><G95/><N who="0" m="56439" /><D101/><U68/><E68/><V70/><F70/><W60/><G60/><N who="0" m="35919" /><D83/><U102/><E102/><V25/><F55/><W13/><G97/><T50/><D50/><U65/><E65/><V44/><F54/><W34/><G33/><T109/><D109/><U78/><E126/><V3/><F3/><W92/><G92/><N who="0" m="58471" /><D71/><U2/><E2/><V80/><F80/><W104/><G104/><T76/><D76/><AGARI ba="0,0" hai="13,18,21,32,34,43,46,48,76,82,85" m="47179" machi="76" ten="30,1000,0" yaku="13,1" doraHai="6" who="3" fromWho="0" sc="250,-10,250,0,250,0,250,10" /><INIT seed="1,0,0,4,3,59" ten="240,250,250,260" oya="1" hai0="45,105,97,126,54,22,66,85,124,51,102,47,106" hai1="119,27,52,0,38,43,69,25,92,116,7,101,86" hai2="49,31,24,135,83,35,16,127,132,94,60,19,87" hai3="2,15,93,123,90,121,108,5,37,114,55,57,80"/><U53/><E69/><V46/><F94/><W88/><G108/><T39/><D106/><U95/><E0/><V4/><F4/><W128/><G114/><T125/><D22/><U42/><E38/><V40/><F127/><W81/><G37/><T73/><D73/><U64/><E7/><V61/><F19/><W134/><G2/><T117/><D117/><U91/><E64/><V36/><F16/><W62/><G134/><N who="2" m="51241" /><F36/><W84/><G128/><T6/><D6/><U109/><E109/><V82/><F82/><W12/><G81/><T99/><D99/><N who="1" m="59623" /><E119/><V56/><F56/><W3/><G3/><T70/><D85/><U9/><E9/><V26/><F26/><N who="1" m="9737" /><E116/><V107/><F107/><W1/><G1/><T78/><D78/><AGARI ba="0,0" hai="24,31,35,40,46,49,60,61,78,83,87" m="51241" machi="78" ten="30,3900,0" yaku="20,1,52,2" doraHai="59" who="2" fromWho="0" sc="240,-39,250,0,250,39,260,0" /><INIT seed="2,0,0,1,0,100" ten="201,250,289,260" oya="2" hai0="4,17,115,116,51,117,39,7,99,0,91,25,134" hai1="96,118,15,106,44,128,3,82,45,87,55,48,104" hai2="53,60,80,2,47,114,69,103,36,14,8,121,131" hai3="68,111,13,57,92,32,31,67,19,64,50,120,132"/><V71/><F121/><W77/><G111/><T93/><D39/><U10/><E118/><N who="0" m="45673" /><D115/><U26/><E3/><V30/><F131/><W41/><G120/><T56/><D4/><U1/><E1/><V130/><F30/><W29/><G68/><T113/><D113/><U119/><E128/><V129/><F103/><W85/><G32/><T23/><D134/><U12/><E26/><V61/><F80/><N who="3" m="47247" /><G92/><T76/><D76/><U122/><E122/><V42/><F2/><W34/><G34/><T40/><D0/><U72/><E72/><V35/><F35/><W33/><G33/><T75/><D7/><U63/><E96/><V88/><F114/><W105/><G105/><T86/><D75/><U97/><E97/><V49/><F130/><W28/><G132/><T127/><D127/><U110/><E110/><V46/><F129/><W37/><G37/><T125/><D125/><U16/><E119/><V95/><F71/><W5/><G5/><T81/><D40/><U94/><E94/><V43/><F43/><W18/><G18/><T6/><D6/><U78/><E15/><V66/><F14/><W98/><G98/><T109/><D109/><U83/><E83/><V107/><F107/><W90/><G90/><T135/><D135/><U73/><E73/><V22/><F88/><W9/><G41/><T70/><D70/><U133/><E133/><V65/><F95/><W52/><AGARI ba="0,0" hai="9,13,19,28,29,31,50,52,57,64,67" m="47247" machi="52" ten="30,2000,0" yaku="8,1,54,1" doraHai="100" who="3" fromWho="3" sc="201,-5,250,-5,289,-10,260,20" /><INIT seed="3,0,0,1,2,33" ten="196,245,279,280" oya="3" hai0="47,98,82,115,121,128,56,51,21,28,124,16,112" hai1="109,9,55,48,20,58,87,86,85,68,62,50,30" hai2="24,89,10,2,5,92,61,119,39,6,134,49,108" hai3="7,4,120,19,63,36,26,14,88,76,27,130,73"/><W67/><G130/><T93/><D121/><U105/><E105/><V15/><F119/><W100/><G120/><T118/><D118/><U29/><E68/><V94/><F39/><W37/><G100/><T32/><D128/><U22/><E109/><V35/><F134/><W104/><G104/><T52/><D124/><U40/><E9/><V97/><F108/><W8/><G76/><T95/><D82/><U74/><E74/><V129/><F49/><W122/><G73/><T84/><D84/><U66/><E40/><V53/><F129/><W60/><G122/><T17/><D32/><U127/><E127/><V59/><F94/><W13/><G67/><T102/><D28/><N who="1" m="10859" /><E66/><V83/><F35/><W70/><G8/><T126/><D126/><U96/><E96/><V44/><F6/><W131/><G131/><T106/><D47/><U34/><E34/><V81/><F44/><W41/><G19/><T18/><REACH who="0" step="1"/><D21/><AGARI ba="0,0" hai="20,21,22,48,50,55,58,62,85,86,87" m="10859" machi="21" ten="30,1000,0" yaku="8,1" doraHai="33" who="1" fromWho="0" sc="196,-10,245,10,279,0,280,0" /><INIT seed="4,0,0,5,3,0" ten="186,255,279,280" oya="0" hai0="96,9,120,1,16,99,119,95,133,42,134,29,88" hai1="47,84,7,98,69,66,107,63,125,127,3,26,128" hai2="102,19,32,62,33,23,65,106,18,31,20,76,117" hai3="131,105,25,71,72,135,104,38,21,14,24,54,109"/><T110/><D120/><U116/><E116/><V75/><F117/><W34/><G54/><T61/><D119/><U45/><E84/><V48/><F31/><W41/><G41/><T92/><D29/><U22/><E128/><V77/><F48/><W89/><G14/><T113/><D113/><U56/><E69/><V118/><F118/><W49/><G49/><T12/><D110/><U10/><E98/><V6/><F102/><W60/><G60/><T85/><D42/><U44/><REACH who="1" step="1"/><E107/><REACH who="1" ten="186,245,279,280" step="2"/><V68/><F106/><W130/><G104/><T51/><D51/><U53/><E53/><V67/><F68/><W37/><G130/><T103/><D61/><U13/><E13/><V57/><F62/><W74/><G105/><T129/><D129/><U100/><E100/><V78/><F75/><W124/><G74/><T43/><D43/><U17/><AGARI ba="0,1" hai="3,7,10,17,22,26,44,45,47,56,63,66,125,127" machi="17" ten="30,4000,0" yaku="1,1,0,1,52,1,53,0" doraHai="0" doraHaiUra="82" who="1" fromWho="1" sc="186,-20,245,50,279,-10,280,-10" /><INIT seed="5,0,0,5,0,135" ten="166,295,269,270" oya="1" hai0="15,34,92,76,52,126,120,42,29,67,98,97,27" hai1="3,107,115,57,17,127,32,13,68,132,0,26,31" hai2="130,53,16,114,85,131,96,22,94,93,70,121,110" hai3="46,54,11,44,102,119,62,73,9,78,66,129,36"/><U20/><E68/><V84/><F110/><W61/><G102/><T118/><D118/><U128/><E57/><V38/><F121/><W51/><G78/><T105/><D120/><U112/><E107/><V18/><F38/><W58/><G73/><T55/><D42/><U59/><E59/><V81/><F70/><W113/><G9/><T79/><D105/><U4/><E132/><V125/><F114/><N who="1" m="43561" /><E128/><N who="2" m="49195" /><F125/><W43/><G11/><T14/><D67/><U60/><E60/><V134/><F134/><W5/><G5/><T65/><D65/><U19/><E127/><V7/><F7/><W74/><G74/><T106/><D106/><U50/><E50/><V25/><F94/><W86/><G86/><N who="2" m="33385" /><F81/><W1/><G1/><N who="1" m="586" /><E4/><V69/><F69/><N who="3" m="42191" /><G113/><T117/><D117/><U71/><E71/><V90/><F53/><N who="3" m="29927" /><G129/><T87/><D126/><U49/><E49/><V23/><F23/><W64/><G119/><T122/><D122/><U103/><E103/><V41/><F41/><W89/><G89/><T63/><D87/><U104/><E104/><V45/><F45/><W91/><G91/><T72/><D72/><U83/><E83/><V116/><F116/><W28/><G28/><AGARI ba="0,0" hai="16,18,22,25,28,90,93,96" m="33385,49195" machi="28" ten="30,2000,0" yaku="19,1,54,1" doraHai="135" who="2" fromWho="3" sc="166,0,295,0,269,20,270,-20" /><INIT seed="6,0,0,0,4,100" ten="166,295,289,250" oya="2" hai0="103,102,27,75,20,82,74,23,134,94,5,31,86" hai1="48,59,16,24,21,62,47,56,64,98,90,93,46" hai2="3,104,66,112,124,11,13,121,85,25,119,126,99" hai3="122,7,96,120,39,68,76,70,40,107,89,105,63"/><V117/><F66/><W2/><G89/><T22/><D134/><U133/><E133/><V42/><F42/><W51/><G51/><T30/><D5/><U123/><E123/><V28/><F85/><W79/><G96/><T35/><D31/><U87/><E87/><V108/><F112/><W50/><G50/><T125/><D125/><N who="2" m="48234" /><F108/><W41/><G63/><T58/><D58/><U88/><E90/><V92/><F3/><W116/><G7/><T19/><D19/><U29/><E29/><V131/><F131/><W118/><REACH who="3" step="1"/><G2/><REACH who="3" ten="166,295,289,240" step="2"/><T0/><D0/><U80/><E80/><V109/><F99/><W83/><G83/><T78/><REACH who="0" step="1"/><D94/><REACH who="0" ten="156,295,289,240" step="2"/><U15/><E56/><V36/><F92/><W113/><G113/><T127/><D127/><U17/><E48/><V101/><F121/><W43/><G43/><T71/><D71/><U135/><E135/><V1/><F1/><W55/><G55/><T129/><D129/><U57/><E57/><V44/><F119/><W132/><G132/><T54/><D54/><U6/><E6/><V110/><F117/><W33/><G33/><T8/><D8/><AGARI ba="0,2" hai="8,15,16,17,21,24,46,47,59,62,64,88,93,98" machi="8" ten="30,7700,0" yaku="7,1,8,1,54,2" doraHai="100" who="1" fromWho="0" sc="156,-77,295,97,289,0,240,0" /><INIT seed="7,0,0,5,1,33" ten="79,392,289,240" oya="3" hai0="18,108,89,82,11,65,112,24,56,71,48,9,6" hai1="88,52,121,107,127,77,16,120,96,84,129,68,47" hai2="134,58,57,38,116,41,0,124,25,4,34,90,59" hai3="10,135,7,26,14,101,126,32,70,128,130,40,98"/><W8/><G70/><T30/><D108/><U13/><E68/><V2/><F116/><W69/><G69/><T85/><D71/><U15/><E121/><V46/><F4/><W74/><G74/><T133/><D133/><U53/><E120/><V105/><F105/><W118/><G118/><T66/><D112/><U72/><E72/><V55/><F124/><W22/><G40/><T21/><D30/><U131/><E107/><V17/><F134/><W99/><G135/><T119/><D119/><U60/><E96/><V31/><F90/><W102/><G32/><T93/><D11/><U79/><E15/><V73/><F73/><W44/><G44/><T110/><D110/><U19/><E19/><V63/><F17/><W103/><G126/><T132/><D132/><U1/><E1/><V37/><F37/><W81/><G81/><T23/><D23/><U76/><E60/><V114/><F114/><W91/><G10/><T113/><D113/><U109/><E127/><V27/><REACH who="2" step="1"/><F27/><REACH who="2" ten="79,392,279,240" step="2"/><W97/><REACH who="3" step="1"/><G91/><REACH who="3" ten="79,392,279,230" step="2"/><T122/><D122/><U80/><E109/><V78/><F78/><W92/><G92/><T3/><D93/><U43/><E79/><V83/><F83/><W117/><G117/><T29/><D29/><AGARI ba="0,2" hai="7,8,14,22,26,29,97,98,99,101,102,103,128,130" machi="29" ten="40,2000,0" yaku="1,1,53,0" doraHai="33" doraHaiUra="61" who="3" fromWho="0" sc="79,-20,392,0,279,0,230,40" /><INIT seed="7,1,0,0,3,27" ten="59,392,279,270" oya="3" hai0="113,25,75,98,84,64,15,33,95,28,47,50,10" hai1="79,134,111,127,1,5,123,30,21,60,117,57,103" hai2="3,122,11,65,112,52,108,36,62,26,32,88,70" hai3="63,93,61,67,130,68,40,59,43,119,129,118,125"/><W49/><G93/><T87/><D75/><U92/><E111/><V106/><F108/><W85/><G85/><T104/><D104/><U12/><E123/><V20/><BYE who="0" /><F36/><W131/><G125/><T54/><D54/><U124/><E1/><V96/><F112/><W14/><G14/><T48/><D48/><U81/><E134/><V71/><F32/><W58/><G49/><T44/><D44/><U55/><E117/><V101/><F122/><W99/><G99/><T86/><D86/><U19/><E30/><V29/><F88/><W9/><G9/><T35/><D35/><U135/><E5/><V107/><F107/><W82/><G82/><T78/><D78/><U91/><E103/><V42/><F42/><W41/><G68/><T77/><D77/><U83/><E79/><V34/><F20/><W73/><G73/><T128/><D128/><U2/><E2/><V133/><F71/><W8/><G8/><T109/><D109/><U114/><E135/><V110/><F110/><W0/><G0/><T18/><D18/><U56/><E56/><V97/><F97/><W31/><G31/><T66/><D66/><AGARI ba="1,0" hai="40,41,43,58,59,61,63,66,67,118,119,129,130,131" machi="66" ten="50,12000,1" yaku="9,1,19,1,34,3" doraHai="27" who="3" fromWho="0" sc="59,-123,392,0,279,0,270,123" owari="-64,-56.0,392,19.0,279,-12.0,393,49.0" /></mjloggm>