<mjloggm ver="2.3"><GO type="41" lobby="0"/><UN n0="%E6%9F%B4%E5%B1%B1" n1="%E5%BC%B1%E9%9B%80" n2="%E2%93%9D%53%75%70%68%78" n3="%E5%9B%BD%E8%A6%8B%E5%BC%8F%E3%82%B8%E3%83%A3%E3%83%91%E3%83%B3" dan="14,13,18,14" rate="1959.17,1851.32,2080.87,1899.75" sx="M,M,M,M"/><TAIKYOKU oya="0"/><INIT seed="0,0,0,1,2,35" ten="250,250,250,250" oya="0" hai0="41,65,124,38,109,18,114,117,42,59,16,9,68" hai1="43,31,135,67,72,127,111,3,129,23,5,25,98" hai2="48,115,29,130,22,90,118,93,10,54,63,78,122" hai3="91,45,32,19,53,46,57,131,12,36,2,34,108"/><T121/><D114/><U4/><E111/><V15/><F130/><W56/><G108/><T94/><D117/><U77/><E127/><V86/><F122/><W105/><G131/><T97/><D121/><U85/><E129/><V119/><F115/><W83/><G105/><T84/><D124/><U123/><E123/><V11/><F63/><W61/><G2/><T21/><D68/><U8/><E135/><V28/><F78/><W1/><G1/><T58/><D109/><U134/><E72/><V66/><F66/><W0/><G0/><T20/><D84/><U60/><E5/><V17/><F119/><W26/><G36/><T107/><D107/><U116/><E134/><V7/><F118/><W128/><G26/><N who="0" m="14599" /><D9/><U76/><E116/><V51/><F51/><W120/><G128/><T125/><D38/><U79/><E43/><N who="0" m="16393" /><D65/><U40/><E40/><V39/><F39/><W96/><G120/><T113/><D125/><U132/><E132/><V70/><F70/><W92/><G83/><T69/><D69/><U100/><E85/><V88/><F11/><W52/><G34/><T30/><D30/><U133/><E133/><V95/><F10/><W75/><G32/><T99/><D113/><U80/><E80/><V103/><F7/><W102/><G75/><T87/><D87/><U13/><E13/><V62/><F29/><W24/><G24/><N who="0" m="14391" /><D99/><U64/><E60/><V73/><F62/><N who="3" m="36111" /><G46/><T37/><D37/><U104/><AGARI ba="0,0" hai="3,4,8,23,25,31,64,67,76,77,79,98,100,104" machi="104" ten="30,2000,0" yaku="0,1,52,1" doraHai="35" who="1" fromWho="1" sc="250,-10,250,20,250,-5,250,-5" /><INIT seed="1,0,0,2,4,45" ten="240,270,245,245" oya="1" hai0="103,72,120,42,119,22,75,101,114,131,33,133,86" hai1="82,9,116,10,89,121,23,118,56,26,52,108,130" hai2="21,70,102,37,68,98,46,109,36,87,19,65,30" hai3="53,31,106,85,28,11,73,83,81,112,6,60,34"/><U132/><E121/><V134/><F30/><W93/><G106/><T67/><D22/><U100/><E130/><V135/><F87/><W59/><G112/><T15/><D15/><U99/><E132/><N who="2" m="50731" /><F109/><W104/><G104/><T7/><D7/><U54/><E108/><V50/><F65/><W78/><G34/><T113/><D42/><U3/><E54/><N who="2" m="30039" /><F98/><W115/><G93/><T105/><D67/><U63/><E116/><V76/><F76/><W43/><G43/><T49/><D86/><N who="1" m="50391" /><E118/><V126/><F102/><W61/><G61/><T38/><D101/><U107/><E107/><V125/><F19/><W74/><G115/><T95/><D105/><U84/><E3/><V64/><F21/><W62/><G62/><T44/><D38/><N who="2" m="14954" /><F64/><W123/><G123/><T117/><D114/><U1/><E1/><V122/><F122/><W39/><G39/><T17/><D113/><U12/><E84/><V71/><AGARI ba="0,0" hai="68,70,71,125,126" m="14954,30039,50731" machi="71" ten="40,8000,1" yaku="20,1,34,2,52,1" doraHai="45" who="2" fromWho="2" sc="240,-20,270,-40,245,80,245,-20" /><INIT seed="2,0,0,2,5,9" ten="220,230,325,225" oya="2" hai0="32,7,49,28,68,47,48,4,111,35,24,132,55" hai1="20,44,69,95,26,134,10,77,39,52,91,87,119" hai2="41,122,53,40,29,128,103,94,54,67,92,106,124" hai3="127,105,50,123,22,102,126,117,63,64,100,56,21"/><V98/><F122/><W129/><G117/><T81/><D111/><U83/><E134/><V57/><F128/><W66/><G123/><T62/><D132/><U108/><E108/><V46/><F124/><N who="3" m="47659" /><G129/><T97/><D35/><U11/><E119/><V43/><F29/><W59/><G105/><T109/><D109/><U107/><E69/><V6/><F6/><W85/><G85/><T8/><D97/><U1/><E1/><V133/><F133/><W45/><G59/><T80/><D49/><N who="1" m="28711" /><E39/><V112/><F112/><W30/><G66/><T110/><D110/><U27/><E107/><V135/><F135/><W114/><G114/><T118/><D118/><U90/><E90/><V42/><F67/><W131/><G131/><T130/><D130/><U74/><E74/><V12/><F106/><W115/><G115/><T86/><D68/><U25/><E20/><N who="3" m="7786" /><G30/><T96/><D28/><U37/><E37/><V65/><F65/><W79/><G79/><T16/><D86/><U0/><E0/><V3/><F3/><W93/><G93/><T58/><D80/><U14/><E11/><V121/><F94/><W113/><G113/><T61/><D8/><U13/><E10/><V33/><F121/><W99/><G99/><T51/><D96/><U36/><E36/><N who="2" m="21767" /><F98/><W5/><G5/><T34/><D4/><U104/><E104/><V88/><F92/><W73/><G73/><T84/><D7/><U120/><E120/><V60/><F88/><W89/><G89/><T70/><D81/><U19/><E19/><V15/><F57/><W76/><G76/><T31/><D58/><RYUUKYOKU ba="0,0" sc="220,-15,230,15,325,-15,225,15" hai1="13,14,25,26,27,77,83,87,91,95" hai3="45,50,56,63,64,100,102" /><INIT seed="3,1,0,2,0,132" ten="205,245,310,240" oya="3" hai0="104,53,89,54,131,48,44,113,110,30,79,50,99" hai1="101,47,83,134,11,106,135,76,63,97,43,12,81" hai2="111,123,49,96,94,22,78,19,34,120,88,75,8" hai3="31,17,41,13,45,57,69,84,1,60,9,2,59"/><W127/><G127/><T72/><D113/><U10/><E63/><V77/><F34/><W82/><G31/><T36/><D131/><U130/><E130/><V118/><F118/><W55/><G69/><T80/><D110/><U51/><E11/><V124/><F111/><W117/><G59/><T29/><D36/><U93/><E106/><V92/><F8/><W115/><G115/><T42/><D42/><U61/><E61/><V7/><F7/><W21/><G21/><T95/><REACH who="0" step="1"/><D104/><REACH who="0" ten="195,245,310,240" step="2"/><U109/><E109/><V128/><F128/><W18/><G117/><T64/><D64/><U119/><E119/><V14/><F123/><W129/><G129/><T90/><D90/><U65/><E65/><V85/><F120/><W87/><G87/><T58/><AGARI ba="1,1" hai="29,30,44,48,50,53,54,58,72,79,80,89,95,99" machi="58" ten="20,2700,0" yaku="1,1,0,1,7,1,53,0" doraHai="132" doraHaiUra="98" who="0" fromWho="0" sc="195,40,245,-8,310,-8,240,-14" /><INIT seed="4,0,0,4,1,123" ten="235,237,302,226" oya="0" hai0="109,85,88,127,55,26,58,22,11,76,83,97,107" hai1="111,103,6,70,124,79,52,15,87,10,125,101,116" hai2="2,112,27,14,20,104,0,59,17,21,110,4,1" hai3="48,119,43,128,120,75,47,105,132,135,36,102,78"/><T63/><D127/><N who="1" m="48715" /><E116/><V46/><F104/><W117/><G120/><T93/><D11/><U39/><E39/><V115/><F59/><W9/><G128/><T72/><D109/><U44/><E70/><V77/><F77/><W18/><G105/><T65/><D107/><U121/><E121/><V122/><F46/><N who="3" m="23911" /><G102/><T114/><D114/><N who="2" m="43562" /><F122/><W7/><G78/><T50/><D72/><U82/><E111/><V64/><F64/><W45/><G18/><T74/><D74/><U89/><E89/><V113/><F113/><W91/><G91/><T28/><REACH who="0" step="1"/><D50/><AGARI ba="0,0" hai="6,10,15,44,50,52,79,82,87,101,103" m="48715" machi="50" ten="30,2000,0" yaku="18,1,54,1" doraHai="123" who="1" fromWho="0" sc="235,-20,237,20,302,0,226,0" /><INIT seed="5,0,0,1,4,117" ten="215,257,302,226" oya="1" hai0="73,33,107,99,60,123,84,57,10,78,100,132,109" hai1="51,56,96,95,14,90,11,34,102,91,135,97,98" hai2="4,87,41,28,110,12,31,15,0,55,112,134,126" hai3="80,74,38,8,22,82,71,66,121,119,25,40,93"/><U131/><E34/><V7/><F41/><W58/><G119/><T44/><D123/><U1/><E1/><V30/><F55/><W59/><G121/><T125/><D109/><U69/><E69/><V6/><F87/><W63/><G74/><T118/><D118/><U48/><E131/><V47/><F47/><W5/><G93/><T46/><D132/><U21/><E135/><V45/><F45/><W75/><G38/><T49/><D33/><U17/><E90/><V43/><F43/><W42/><G42/><T52/><D125/><U86/><E102/><V26/><F110/><W108/><G40/><T37/><D10/><U16/><REACH who="1" step="1"/><E56/><REACH who="1" ten="215,247,302,226" step="2"/><V106/><F0/><W19/><G108/><T29/><D37/><U36/><E36/><V111/><F134/><W77/><REACH who="3" step="1"/><G80/><REACH who="3" ten="215,247,302,216" step="2"/><N who="0" m="47127" /><D73/><U64/><E64/><V23/><F111/><W18/><G18/><T127/><D127/><U35/><E35/><V39/><F39/><W24/><G24/><AGARI ba="0,2" hai="11,14,16,17,21,24,48,51,86,91,95,96,97,98" machi="24" ten="40,7700,0" yaku="1,1,8,1,54,1,53,0" doraHai="117" doraHaiUra="101" who="1" fromWho="3" sc="215,0,247,97,302,0,216,-77" /><INIT seed="5,1,0,1,1,101" ten="215,344,302,139" oya="1" hai0="52,81,14,28,18,50,135,8,56,91,132,111,68" hai1="126,125,21,110,20,49,97,92,30,76,102,104,33" hai2="45,34,41,122,36,75,69,23,16,107,3,26,13" hai3="98,123,65,89,29,85,80,94,25,48,63,130,59"/><U84/><E110/><V31/><F122/><W133/><G123/><T90/><D111/><U37/><E37/><V116/><F116/><W22/><G133/><N who="0" m="51275" /><D68/><U112/><E112/><V118/><F118/><W67/><G130/><T58/><D28/><U35/><E49/><V44/><F75/><W12/><G12/><T129/><D129/><U0/><E0/><V5/><F45/><W54/><REACH who="3" step="1"/><G63/><REACH who="3" ten="215,344,302,129" step="2"/><T105/><D105/><U32/><E104/><V66/><F107/><W60/><G60/><T134/><D134/><U117/><E117/><V100/><F3/><W121/><G121/><T113/><D113/><U99/><E125/><V4/><F69/><W88/><AGARI ba="1,1" hai="22,25,29,48,54,59,65,67,80,85,88,89,94,98" machi="88" ten="20,8000,1" yaku="1,1,0,1,7,1,8,1,54,1,53,0" doraHai="101" doraHaiUra="103" who="3" fromWho="3" sc="215,-21,344,-41,302,-21,129,93" /><INIT seed="6,0,0,1,5,122" ten="194,303,281,222" oya="2" hai0="97,27,87,74,95,70,8,52,26,39,135,6,92" hai1="5,94,23,82,75,49,121,112,71,105,10,106,115" hai2="47,11,21,124,68,59,37,28,12,63,91,116,57" hai3="128,132,80,50,31,16,119,69,43,25,30,83,18"/><V7/><F116/><W33/><G119/><T131/><D74/><U103/><E71/><V46/><F124/><W84/><G128/><T127/><D131/><U15/><E121/><V53/><F68/><W101/><G69/><T110/><D110/><U73/><E49/><V32/><F32/><W107/><G132/><T72/><D72/><N who="1" m="27723" /><E82/><V102/><F102/><W36/><G36/><T77/><D127/><U120/><E120/><V96/><F37/><W56/><G30/><T90/><D39/><U67/><E67/><V125/><F125/><W45/><G56/><T41/><D41/><U78/><E78/><V29/><F59/><W19/><REACH who="3" step="1"/><G84/><REACH who="3" ten="194,303,281,212" step="2"/><T86/><D70/><U38/><E38/><V129/><F129/><W1/><G1/><T17/><D135/><U20/><E115/><V85/><F29/><W55/><G55/><T48/><D17/><U61/><E112/><V93/><F85/><W89/><G89/><N who="0" m="53303" /><D77/><U104/><E103/><V99/><F99/><AGARI ba="0,1" hai="16,18,19,25,31,33,43,45,50,80,83,99,101,107" machi="99" ten="40,8000,1" yaku="1,1,54,1,53,3" doraHai="122" doraHaiUra="14" who="3" fromWho="2" sc="194,0,303,0,281,-80,212,90" /><INIT seed="7,0,0,2,4,8" ten="194,303,201,302" oya="3" hai0="116,16,52,47,40,68,64,38,100,98,108,49,21" hai1="17,107,102,104,119,126,127,115,56,84,54,90,57" hai2="6,15,37,118,117,132,22,23,50,85,42,53,121" hai3="125,96,58,60,41,46,11,19,32,95,9,75,43"/><W14/><G32/><T79/><D116/><U55/><E115/><V89/><F132/><W24/><G75/><T71/><D108/><U106/><E119/><V39/><F118/><W99/><G125/><N who="1" m="47626" /><E17/><V18/><F121/><W25/><G96/><T34/><D34/><U30/><E30/><V97/><F117/><W82/><G82/><T92/><D79/><U66/><E102/><V129/><F129/><W78/><G78/><T2/><D2/><U74/><E74/><V69/><F69/><W86/><G86/><T20/><D64/><U105/><E105/><V72/><F42/><N who="3" m="15883" /><G9/><T133/><D133/><U91/><E91/><V93/><F72/><W103/><G46/><T44/><D21/><U135/><E135/><V51/><F23/><W70/><G70/><T131/><REACH who="0" step="1"/><D131/><REACH who="0" ten="184,303,201,302" step="2"/><U112/><E112/><V110/><F110/><W88/><G103/><T94/><D94/><N who="1" m="54599" /><E66/><AGARI ba="0,1" hai="11,14,19,24,25,58,60,66,88,95,99" m="15883" machi="66" ten="30,5800,0" yaku="8,1,52,1,54,1" doraHai="8" who="3" fromWho="1" sc="184,0,303,-58,201,0,302,68" owari="184,-32.0,245,5.0,201,-20.0,370,47.0" /></mjloggm>