<mjloggm ver="2.3"><GO type="41" lobby="0"/><UN n0="%E6%9E%9C%E5%87%8D" n1="%E3%81%8A%E8%A9%A6%E3%81%97%E4%BC%9A%E5%93%A1" n2="%E2%93%9D%53%75%70%68%78" n3="%50%E3%83%BB%55%E3%83%BB%4E" dan="15,14,17,14" rate="1989.38,1918.07,2080.71,1895.41" sx="M,M,M,M"/><TAIKYOKU oya="0"/><INIT seed="0,0,0,5,5,71" ten="250,250,250,250" oya="0" hai0="111,0,35,85,15,1,90,10,22,100,68,87,72" hai1="78,67,46,70,74,76,86,109,122,95,25,124,50" hai2="43,3,41,127,112,84,81,97,59,44,27,129,131" hai3="89,18,17,128,82,103,117,16,13,79,45,26,62"/><T123/><D123/><U23/><E122/><V7/><F112/><W113/><G117/><T61/><D72/><U58/><E74/><V118/><F127/><W2/><G113/><T48/><D35/><U60/><E109/><V114/><F114/><W110/><G110/><T42/><D100/><U119/><E119/><V94/><F118/><W47/><G2/><T75/><D75/><U88/><E70/><V37/><F43/><W49/><G103/><T104/><D104/><U126/><E124/><V40/><F40/><W12/><G89/><T83/><D111/><U53/><REACH who="1" step="1"/><E126/><REACH who="1" ten="250,240,250,250" step="2"/><V11/><F129/><W31/><G128/><T14/><D68/><U28/><AGARI ba="0,1" hai="23,25,28,46,50,53,58,60,67,76,78,86,88,95" machi="28" ten="20,12000,2" yaku="1,1,2,1,0,1,7,1,8,1,54,1,53,1" doraHai="71" doraHaiUra="21" who="1" fromWho="1" sc="250,-60,240,130,250,-30,250,-30" /><INIT seed="1,0,0,2,1,48" ten="190,370,220,220" oya="1" hai0="135,96,109,51,24,56,78,97,49,22,132,16,87" hai1="39,38,127,32,5,108,112,28,42,86,79,1,124" hai2="26,47,29,58,33,102,10,122,15,46,72,20,77" hai3="45,130,17,119,65,4,9,104,83,6,84,76,117"/><U27/><E112/><V25/><F122/><W81/><G104/><T103/><D109/><U94/><E42/><V35/><F102/><W60/><G45/><T30/><D30/><U40/><E40/><V52/><F77/><W57/><G83/><T114/><D114/><U23/><E108/><V128/><F72/><W13/><REACH who="3" step="1"/><G130/><REACH who="3" ten="190,370,220,210" step="2"/><T12/><D132/><U107/><E107/><V68/><F128/><W105/><G105/><T2/><D135/><U120/><E94/><V43/><F47/><W14/><G14/><T69/><D12/><U75/><E75/><V34/><F46/><W118/><AGARI ba="0,1" hai="4,6,9,13,17,57,60,65,76,81,84,117,118,119" machi="118" ten="30,4000,0" yaku="1,1,0,1,12,1,53,0" doraHai="48" doraHaiUra="89" who="3" fromWho="3" sc="190,-10,370,-20,220,-10,210,50" /><INIT seed="2,0,0,3,4,121" ten="180,350,210,260" oya="2" hai0="74,28,87,22,42,17,53,88,68,66,54,70,7" hai1="120,56,16,9,126,85,34,58,65,48,33,108,13" hai2="63,19,114,105,127,111,14,3,124,36,4,80,52" hai3="47,96,94,69,81,110,86,8,23,20,125,59,1"/><V18/><F105/><W78/><G69/><T55/><D74/><U107/><E120/><V11/><F36/><W44/><G125/><N who="2" m="48201" /><F114/><W37/><G59/><T93/><D28/><U21/><E107/><V133/><F133/><W76/><G76/><T71/><D7/><U92/><E126/><V75/><F3/><W72/><G86/><T6/><D6/><U39/><E39/><V73/><F111/><W130/><G110/><T77/><D42/><U15/><E58/><N who="2" m="35271" /><F80/><W106/><G106/><T98/><D77/><U112/><E112/><V50/><F50/><W32/><G32/><T132/><D132/><U84/><E33/><V131/><F131/><W49/><G130/><T97/><REACH who="0" step="1"/><D66/><REACH who="0" ten="170,350,210,260" step="2"/><U43/><E65/><V31/><F31/><W62/><G78/><T51/><D51/><U90/><E48/><V26/><F4/><W40/><G49/><T118/><D118/><U57/><E43/><V27/><F19/><W30/><G30/><T24/><AGARI ba="0,1" hai="17,22,24,53,54,55,68,70,71,87,88,93,97,98" machi="24" ten="40,5200,0" yaku="1,1,0,1,54,1,53,0" doraHai="121" doraHaiUra="123" who="0" fromWho="0" sc="170,62,350,-13,210,-26,260,-13" /><INIT seed="3,0,0,1,5,128" ten="232,337,184,247" oya="3" hai0="72,17,124,83,47,133,56,120,84,93,110,76,102" hai1="80,60,107,9,129,8,53,5,118,69,101,134,108" hai2="135,96,10,116,31,30,106,6,7,126,4,61,104" hai3="55,67,44,38,33,125,11,87,77,40,105,48,65"/><W57/><G105/><T99/><D120/><U52/><E129/><V50/><F116/><W26/><G125/><T19/><D110/><U103/><E108/><V0/><F126/><W70/><G11/><T28/><D124/><U82/><E69/><V89/><F50/><W132/><G132/><T71/><D71/><U3/><E118/><V81/><F61/><W12/><G12/><T1/><D1/><U75/><E75/><V39/><F39/><W74/><G74/><T43/><D28/><U32/><E32/><V64/><F64/><W121/><G121/><T27/><D133/><U98/><E103/><V45/><F45/><W37/><G37/><T13/><D27/><U18/><E53/><V79/><F135/><W2/><G2/><T22/><D56/><U15/><E134/><V35/><F106/><W59/><G59/><T20/><D72/><U130/><E130/><V131/><F131/><W92/><G70/><T54/><D54/><U73/><E73/><V113/><F113/><W41/><G41/><T63/><D63/><U34/><E34/><V49/><F35/><W21/><G33/><T46/><D43/><U85/><E52/><V42/><F0/><W111/><G111/><T36/><REACH who="0" step="1"/><D36/><REACH who="0" ten="222,337,184,247" step="2"/><U24/><E60/><V29/><F42/><W91/><REACH who="3" step="1"/><G77/><REACH who="3" ten="222,337,184,237" step="2"/><T23/><D23/><U16/><E24/><V117/><F79/><W66/><G66/><T127/><D127/><U115/><E3/><V88/><F117/><W109/><G109/><T68/><D68/><U100/><E115/><V123/><F123/><W58/><G58/><T94/><D94/><RYUUKYOKU ba="0,2" sc="222,15,337,-15,184,-15,237,15" hai0="13,17,19,20,22,46,47,76,83,84,93,99,102" hai3="21,26,38,40,44,48,55,57,65,67,87,91,92" /><INIT seed="3,1,2,4,3,48" ten="237,322,169,252" oya="3" hai0="23,122,120,19,112,16,99,15,132,42,89,17,14" hai1="21,134,32,41,2,128,49,109,94,114,79,1,76" hai2="108,96,54,83,0,126,124,77,38,82,73,18,60" hai3="46,133,37,68,107,87,95,105,85,103,47,33,67"/><W27/><G133/><T88/><D112/><U78/><E32/><V72/><F38/><W40/><G47/><T59/><D132/><U63/><E134/><V125/><F0/><W51/><G95/><T127/><D42/><U58/><E114/><V8/><F108/><W22/><G22/><T111/><D111/><U93/><E1/><V11/><F96/><W97/><G107/><T13/><D127/><U74/><E2/><V84/><F18/><W116/><G51/><T39/><D39/><U115/><E74/><V57/><REACH who="2" step="1"/><F73/><REACH who="2" ten="237,322,159,252" step="2"/><W52/><G116/><T91/><D99/><U123/><E109/><V64/><F64/><W36/><G36/><T130/><D130/><U131/><E128/><V62/><F62/><W34/><G37/><T98/><D98/><U53/><E131/><V71/><F71/><W70/><G67/><T101/><D101/><U9/><E115/><V100/><F100/><W81/><G70/><T3/><D3/><U135/><E135/><V61/><F61/><W129/><G68/><T24/><D59/><U45/><E58/><V104/><F104/><W5/><G5/><T80/><REACH who="0" step="1"/><D80/><REACH who="0" ten="227,322,159,252" step="2"/><U117/><E117/><V25/><F25/><W106/><G81/><T121/><AGARI ba="1,4" hai="13,14,15,16,17,19,23,24,88,89,91,120,121,122" machi="121" ten="40,12000,2" yaku="1,1,2,1,0,1,29,2,54,2,53,0" doraHai="48" doraHaiUra="113" who="0" fromWho="0" sc="227,163,322,-31,159,-31,252,-61" /><INIT seed="4,0,0,1,4,74" ten="390,291,128,191" oya="0" hai0="34,8,84,17,125,111,4,49,7,39,124,11,1" hai1="36,64,29,71,120,33,85,70,105,72,24,129,99" hai2="104,26,63,15,135,51,45,2,100,55,106,60,65" hai3="133,3,0,134,132,68,28,76,75,82,91,118,38"/><T114/><D114/><U89/><E120/><V58/><F2/><W54/><G118/><T77/><D39/><U102/><E129/><V27/><F135/><W25/><G91/><T131/><D131/><U20/><E36/><V121/><F121/><W96/><G96/><T23/><D34/><U73/><E20/><V127/><F127/><N who="0" m="48714" /><D111/><U5/><E5/><N who="0" m="2121" /><D49/><U53/><E53/><V6/><F104/><W83/><G54/><T130/><D130/><U101/><E101/><V119/><F119/><W22/><G68/><T110/><D110/><U37/><E37/><V115/><F115/><W62/><G62/><T90/><D1/><U122/><E70/><V21/><F106/><W103/><G103/><T14/><D77/><U79/><E79/><V66/><F100/><W95/><G38/><T87/><D87/><U128/><E128/><V113/><F113/><W78/><REACH who="3" step="1"/><G95/><AGARI ba="0,0" hai="8,11,14,17,23,84,90,95" m="2121,48714" machi="95" ten="30,1500,0" yaku="18,1" doraHai="74" who="0" fromWho="3" sc="390,15,291,0,128,0,191,-15" /><INIT seed="4,1,0,5,2,3" ten="405,291,128,176" oya="0" hai0="85,26,68,127,62,24,34,29,120,57,67,105,97" hai1="4,90,54,53,115,102,95,87,124,75,106,31,103" hai2="73,89,37,98,58,0,96,130,46,33,84,109,94" hai3="91,72,112,82,11,12,100,74,135,18,35,25,52"/><T114/><D120/><U126/><E31/><V20/><F109/><W44/><G112/><T80/><D114/><U65/><E115/><V50/><F33/><W70/><G70/><T43/><D43/><U30/><E75/><V76/><F130/><W59/><G100/><N who="0" m="62607" /><D127/><N who="1" m="48683" /><E30/><V41/><F0/><W77/><G135/><T86/><D57/><U23/><E65/><V19/><F73/><W134/><G134/><T93/><D93/><U108/><E108/><V78/><F37/><W56/><G74/><T2/><D2/><U21/><E4/><V6/><F58/><W39/><G91/><T69/><D69/><U15/><E106/><V122/><F122/><W51/><REACH who="3" step="1"/><G39/><REACH who="3" ten="405,291,128,166" step="2"/><T32/><D80/><U48/><E102/><V132/><F132/><W92/><G92/><T121/><D121/><U13/><E103/><V8/><F98/><W1/><G1/><T16/><D34/><U99/><E99/><V110/><F96/><W47/><G47/><T17/><D68/><U128/><E128/><V131/><F110/><W60/><G60/><T101/><D62/><U104/><E104/><V45/><F131/><W10/><G10/><T66/><D101/><U64/><E95/><V38/><F46/><W28/><AGARI ba="1,1" hai="11,12,18,25,28,35,44,51,52,56,59,72,77,82" machi="28" ten="30,4000,0" yaku="1,1,0,1,54,1,53,0" doraHai="3" doraHaiUra="83" who="3" fromWho="3" sc="405,-21,291,-11,128,-11,166,53" /><INIT seed="5,0,0,3,2,31" ten="384,280,117,219" oya="1" hai0="111,69,75,5,133,63,105,110,24,109,68,43,107" hai1="40,6,36,112,10,61,95,19,86,115,78,85,91" hai2="62,27,76,77,100,87,13,14,29,3,52,120,129" hai3="51,58,59,116,8,7,84,41,128,28,49,79,102"/><U74/><E74/><V98/><F3/><W11/><G128/><T114/><D43/><U33/><E33/><V88/><F120/><W20/><G102/><T93/><D5/><U2/><E19/><V80/><F129/><W101/><G101/><T89/><D24/><U113/><E61/><V106/><F76/><W65/><G116/><T47/><D47/><U56/><E56/><N who="3" m="21546" /><G65/><T9/><D9/><N who="3" m="3657" /><G7/><T46/><D46/><N who="1" m="23815" /><E78/><V73/><F62/><W108/><G41/><T70/><D75/><U99/><AGARI ba="0,0" hai="2,6,10,85,86,91,95,99,112,113,115" m="23815" machi="99" ten="30,1500,0" yaku="15,1" doraHai="31" who="1" fromWho="1" sc="384,-5,280,15,117,-5,219,-5" /><INIT seed="5,1,0,3,3,18" ten="379,295,112,214" oya="1" hai0="88,30,34,12,106,133,109,90,37,20,74,116,72" hai1="3,85,36,135,11,14,19,112,40,132,39,35,96" hai2="45,114,127,95,48,31,118,122,103,83,51,104,87" hai3="107,129,38,98,42,128,22,75,44,130,111,63,43"/><U125/><E35/><V4/><F118/><W23/><G111/><T120/><D116/><U5/><E112/><V97/><F122/><W29/><G75/><T10/><D120/><U119/><E119/><V32/><F127/><W60/><G43/><T47/><D109/><U9/><E125/><V54/><F114/><W110/><G110/><T50/><D106/><U99/><E85/><V115/><F115/><W59/><G29/><T0/><D37/><U21/><E40/><V80/><F4/><W56/><G56/><T55/><D133/><N who="1" m="51275" /><E11/><V67/><F67/><W27/><G27/><T84/><D0/><U13/><E13/><V24/><F104/><W73/><G73/><T70/><D70/><U57/><E57/><V82/><REACH who="2" step="1"/><F48/><REACH who="2" ten="379,295,102,214" step="2"/><W108/><G108/><T101/><D50/><U94/><E36/><V16/><F16/><W68/><G63/><T131/><D30/><U134/><E39/><V58/><F58/><W124/><G124/><T117/><D117/><U102/><E134/><V8/><F8/><W92/><G107/><T52/><D10/><U123/><E123/><V7/><F7/><W121/><G121/><T66/><D66/><U69/><E69/><V79/><AGARI ba="1,1" hai="24,31,32,45,51,54,79,80,82,83,87,95,97,103" machi="79" ten="20,12000,2" yaku="1,1,0,1,7,1,53,3" doraHai="18" doraHaiUra="76" who="2" fromWho="2" sc="379,-31,295,-61,102,133,214,-31" /><INIT seed="6,0,0,3,1,130" ten="348,234,235,183" oya="2" hai0="105,53,127,85,78,38,5,56,128,29,52,125,101" hai1="89,131,67,33,112,10,88,20,95,40,69,62,37" hai2="73,43,94,15,134,82,76,26,0,51,55,121,21" hai3="116,58,45,83,50,133,4,28,79,9,2,27,39"/><V77/><F0/><W106/><G116/><T103/><D128/><U16/><E131/><V135/><F121/><W71/><G71/><T126/><D38/><U1/><E33/><V46/><F76/><W93/><G106/><T12/><D29/><U109/><E109/><V98/><F15/><W122/><G122/><T104/><D5/><U102/><E112/><V108/><F43/><W14/><G93/><T124/><D12/><U74/><E74/><V42/><F42/><W6/><G6/><T110/><D110/><U97/><E10/><V92/><F108/><W22/><G58/><T49/><N who="0" m="31744" /><DORA hai="100" /><T114/><D114/><U87/><E1/><V57/><F46/><W132/><G39/><T65/><D65/><U70/><E70/><V32/><F32/><W47/><G2/><T129/><D129/><U59/><E69/><V64/><F64/><W31/><G31/><T99/><D78/><U19/><E89/><V11/><F11/><W61/><G61/><N who="0" m="35975" /><D85/><U81/><E40/><V3/><F3/><W35/><G35/><T24/><D24/><U36/><E19/><V18/><REACH who="2" step="1"/><F94/><REACH who="2" ten="348,234,225,183" step="2"/><W7/><G7/><T119/><D119/><U72/><E72/><V54/><F54/><W60/><G47/><N who="0" m="27839" /><D101/><AGARI ba="0,1" hai="18,21,26,51,55,57,73,77,82,92,98,101,134,135" machi="101" ten="40,7700,0" yaku="1,1,52,2,53,0" doraHai="130,100" doraHaiUra="34,30" who="2" fromWho="0" sc="348,-77,234,0,225,87,183,0" /><INIT seed="6,1,0,3,0,122" ten="271,234,312,183" oya="2" hai0="66,50,25,67,39,21,83,15,49,74,119,17,64" hai1="34,73,27,54,38,11,40,121,118,132,5,99,123" hai2="94,131,8,116,78,23,96,126,133,92,7,93,43" hai3="98,105,76,20,128,6,111,77,28,125,71,107,19"/><V48/><F116/><W124/><G71/><T115/><D115/><U63/><E73/><V3/><F126/><N who="3" m="48747" /><G6/><T112/><D112/><U114/><E118/><V9/><F133/><W51/><G51/><T129/><D129/><U53/><E132/><V2/><F78/><N who="3" m="30315" /><G28/><T24/><D39/><U33/><E99/><V18/><F131/><W13/><G13/><T82/><D74/><U130/><E130/><V31/><F31/><W70/><G70/><T44/><D119/><U57/><E40/><V75/><F75/><W120/><G20/><T100/><D100/><U32/><E27/><V117/><F117/><W42/><G42/><T41/><REACH who="0" step="1"/><D50/><REACH who="0" ten="261,234,312,183" step="2"/><U97/><E38/><V103/><F48/><W22/><G128/><T35/><D35/><U52/><E114/><V47/><F43/><W58/><G120/><N who="1" m="46154" /><E97/><V109/><F96/><W85/><G98/><T86/><D86/><U104/><E104/><V14/><F103/><W127/><G85/><T30/><D30/><U81/><E32/><V90/><F3/><W95/><G127/><T87/><D87/><U88/><E33/><V12/><F2/><W36/><G36/><T135/><D135/><U59/><E34/><V89/><F7/><W10/><G107/><T134/><D134/><U46/><E63/><V110/><F18/><W4/><G105/><T102/><D102/><U113/><E113/><V56/><F90/><W84/><G84/><T16/><D16/><U80/><E88/><V37/><F89/><W106/><G19/><T68/><D68/><U60/><E60/><V62/><F37/><W69/><G69/><RYUUKYOKU ba="1,1" sc="261,30,234,-10,312,-10,183,-10" hai0="15,17,21,24,25,41,44,49,64,66,67,82,83" /><INIT seed="7,2,1,3,3,51" ten="291,224,302,173" oya="3" hai0="30,115,3,55,75,25,102,114,0,134,10,132,93" hai1="46,20,4,90,23,38,15,88,95,122,73,105,5" hai2="120,131,49,36,14,111,71,44,91,112,86,94,35" hai3="128,39,6,27,133,113,126,101,56,61,100,43,63"/><W104/><G6/><T118/><D75/><U54/><E105/><V9/><F111/><W34/><G113/><N who="0" m="43019" /><D118/><U106/><E106/><V69/><F112/><W26/><G126/><T17/><D55/><U19/><E73/><V83/><F36/><W81/><G128/><T13/><D93/><U28/><E122/><V40/><F35/><W74/><G133/><N who="0" m="51307" /><D102/><U48/><E38/><V60/><F131/><W65/><G34/><AGARI ba="2,1" hai="0,3,10,13,17,25,30,34" m="51307,43019" machi="34" ten="30,8000,1" yaku="15,1,11,1,20,1,34,2" doraHai="51" who="0" fromWho="3" sc="291,96,224,0,302,0,173,-86" owari="387,49.0,224,-18.0,302,10.0,87,-41.0" /></mjloggm>