<mjloggm ver="2.3"><GO type="41" lobby="0"/><UN n0="%E2%93%9D%53%75%70%68%78" n1="%E9%81%A0%E8%97%A4%E3%81%95%E3%81%8F%E3%82%89%E3%80%82" n2="%E3%82%AF%E3%82%A8%E3%83%BC%E3%82%B5%E3%83%BC" n3="%E8%BE%9B%E3%81%99%E3%81%8E" dan="18,13,14,14" rate="2151.60,1854.37,1941.32,1923.33" sx="M,F,M,M"/><TAIKYOKU oya="0"/><INIT seed="0,0,0,5,1,98" ten="250,250,250,250" oya="0" hai0="101,14,120,84,25,67,21,39,122,11,55,104,103" hai1="49,4,27,44,18,132,80,41,50,66,83,129,69" hai2="31,47,118,133,124,119,17,35,10,2,99,94,102" hai3="92,51,87,111,23,126,37,125,90,53,106,131,5"/><T12/><D39/><U28/><E132/><V110/><F110/><W116/><G37/><T96/><D67/><U52/><E4/><V0/><F124/><N who="3" m="47723" /><G111/><T134/><D134/><U70/><E18/><V61/><F133/><W32/><G116/><N who="2" m="44585" /><F31/><W76/><G32/><T58/><D84/><U115/><E129/><V40/><F61/><W109/><G109/><T123/><D11/><U1/><E1/><V26/><F35/><W64/><G131/><T113/><D113/><U89/><E115/><V73/><F73/><W72/><G64/><T7/><D7/><U29/><E29/><V97/><F97/><W85/><G72/><T20/><D101/><U78/><E89/><V43/><F43/><W22/><G5/><T19/><REACH who="0" step="1"/><D21/><REACH who="0" ten="240,250,250,250" step="2"/><U34/><E66/><V56/><F10/><W3/><G85/><T36/><D36/><U68/><REACH who="1" step="1"/><E78/><REACH who="1" ten="240,240,250,250" step="2"/><V65/><F65/><W38/><G76/><T74/><D74/><U128/><E128/><V81/><F2/><W86/><G3/><T127/><D127/><U57/><AGARI ba="0,2" hai="27,28,34,41,44,49,50,52,57,68,69,70,80,83" machi="57" ten="30,8000,1" yaku="1,1,0,1,54,1,53,2" doraHai="98" doraHaiUra="77" who="1" fromWho="1" sc="240,-40,240,100,250,-20,250,-20" /><INIT seed="1,0,0,0,5,37" ten="200,340,230,230" oya="1" hai0="118,55,86,109,66,21,133,25,4,10,90,122,45" hai1="89,51,77,7,15,64,96,100,132,62,36,111,97" hai2="0,125,61,68,33,40,56,79,127,30,99,84,39" hai3="60,24,12,75,134,35,57,131,115,29,31,98,2"/><U114/><E114/><V73/><F0/><W87/><G75/><T129/><D118/><U23/><E36/><V26/><F73/><W18/><G115/><T43/><D109/><U85/><E132/><V11/><F68/><W3/><G134/><T42/><D129/><U20/><E51/><V8/><F99/><W49/><G131/><T52/><D66/><U65/><E77/><V94/><F79/><W107/><G31/><T113/><D122/><U14/><E111/><V63/><F63/><W101/><G49/><N who="0" m="28719" /><D55/><U104/><E96/><V81/><F94/><W27/><G87/><T130/><D130/><U54/><E65/><V135/><F135/><W105/><G27/><T58/><D58/><U59/><E64/><V28/><F56/><W91/><G91/><T106/><D106/><U124/><E124/><V74/><F61/><W5/><G5/><T32/><D32/><U126/><E126/><V121/><F33/><W93/><G107/><T67/><D67/><U50/><E62/><V71/><F71/><W116/><G105/><T83/><D113/><U70/><E70/><V17/><F74/><W80/><G80/><T102/><D102/><U53/><E54/><V34/><F81/><W13/><G12/><N who="1" m="4650" /><E7/><V19/><F34/><W72/><G72/><T110/><D110/><U16/><E104/><V48/><F127/><W41/><G41/><T117/><D117/><U38/><E38/><V1/><F40/><W108/><G116/><T82/><D82/><N who="1" m="49335" /><E100/><V46/><F39/><W123/><G108/><T119/><D119/><U120/><E120/><V69/><F125/><RYUUKYOKU ba="0,0" sc="200,0,340,0,230,0,230,0" /><INIT seed="2,1,0,2,2,36" ten="200,340,230,230" oya="2" hai0="41,43,85,60,112,74,65,101,124,80,95,129,53" hai1="110,33,31,20,122,78,37,69,119,127,79,63,28" hai2="55,59,22,131,35,86,115,123,2,27,107,117,25" hai3="116,6,64,130,19,108,32,54,102,88,56,109,120"/><V0/><F123/><W57/><G116/><T91/><D112/><U18/><E119/><V133/><F117/><W121/><G32/><T52/><D129/><U98/><E110/><N who="3" m="42602" /><G6/><T70/><D124/><U100/><E122/><N who="3" m="47210" /><G102/><T49/><D53/><U68/><E37/><V84/><F107/><W21/><G130/><T8/><D8/><U12/><E127/><V73/><F35/><W30/><G30/><T106/><D106/><U26/><E31/><V34/><F34/><W103/><G103/><T72/><D74/><U5/><E5/><V111/><F2/><W90/><G64/><T11/><D11/><U76/><REACH who="1" step="1"/><E63/><REACH who="1" ten="200,330,230,230" step="2"/><V1/><F111/><W23/><G19/><T118/><D118/><U17/><E17/><V93/><F131/><W13/><G13/><T62/><D62/><U66/><E66/><V29/><F29/><W89/><G54/><T46/><REACH who="0" step="1"/><D72/><REACH who="0" ten="190,330,230,230" step="2"/><U45/><E45/><V92/><F73/><W4/><G4/><T39/><D39/><U104/><AGARI ba="1,2" hai="12,18,20,26,28,33,68,69,76,78,79,98,100,104" machi="104" ten="30,2000,0" yaku="1,1,0,1,53,0" doraHai="36" doraHaiUra="113" who="1" fromWho="1" sc="190,-6,330,43,230,-11,230,-6" /><INIT seed="3,0,0,2,3,44" ten="184,373,219,224" oya="3" hai0="80,131,128,4,18,49,20,22,123,107,33,59,130" hai1="46,96,1,51,3,62,42,64,47,83,117,60,121" hai2="27,86,56,99,127,28,13,134,126,38,17,70,120" hai3="15,21,129,6,90,37,24,66,106,82,29,98,19"/><W31/><G37/><T54/><D33/><U124/><E121/><V85/><F70/><W23/><G106/><T116/><D123/><U50/><E117/><V112/><F112/><W2/><G66/><T111/><D116/><U118/><E118/><V26/><F38/><W5/><G98/><T89/><D111/><U39/><E124/><N who="2" m="47659" /><F134/><W95/><G82/><T78/><D107/><U14/><E39/><V114/><F114/><W48/><G129/><T55/><D4/><U93/><E83/><V115/><F115/><W9/><G48/><N who="0" m="31207" /><D18/><U84/><E84/><V65/><F99/><W133/><G133/><T10/><D10/><U110/><E14/><V108/><F17/><W63/><G63/><T100/><D89/><U52/><E62/><V132/><F13/><W34/><G90/><T135/><D100/><U8/><E8/><V97/><F85/><W105/><G95/><T25/><D25/><U102/><E110/><V92/><F86/><W109/><G105/><T7/><D7/><U16/><E16/><V77/><F92/><W74/><G74/><N who="0" m="43095" /><D135/><U43/><E43/><V32/><F97/><W101/><G101/><T67/><D67/><U76/><E76/><V11/><F77/><W30/><G109/><T35/><D35/><U40/><E40/><V73/><F73/><W68/><G68/><AGARI ba="0,0" hai="1,3,42,46,47,50,51,52,60,64,68,93,96,102" machi="68" ten="30,7700,0" yaku="7,1,52,2,54,1" doraHai="44" who="1" fromWho="3" sc="184,0,373,77,219,0,224,-77" /><INIT seed="4,0,0,2,1,86" ten="184,450,219,147" oya="0" hai0="83,126,121,71,1,8,3,25,81,108,88,128,18" hai1="107,77,94,59,47,13,24,60,35,112,100,53,7" hai2="19,23,41,37,122,75,69,49,22,10,79,106,62" hai3="114,120,70,133,48,134,67,76,11,96,127,78,115"/><T110/><D121/><U97/><E77/><N who="3" m="29802" /><G70/><T132/><D71/><U116/><E116/><V102/><F106/><W58/><G11/><T109/><D128/><U20/><E35/><V72/><F10/><W111/><G96/><T55/><D132/><N who="3" m="50793" /><G67/><T61/><D126/><U6/><E112/><N who="3" m="43050" /><G111/><T44/><D8/><U33/><E33/><V82/><F69/><W99/><G127/><T123/><D1/><U65/><E107/><V26/><F75/><W117/><G48/><N who="0" m="29063" /><D3/><U93/><E13/><V124/><F72/><W16/><G58/><T118/><D123/><U64/><E94/><V27/><F49/><W80/><G120/><T51/><D51/><N who="1" m="28927" /><E65/><V54/><F122/><W103/><G117/><T39/><D118/><U5/><E5/><V28/><F124/><W74/><G16/><AGARI ba="0,0" hai="6,7,16,20,24,59,60,64,93,97,100" m="28927" machi="16" ten="30,2000,0" yaku="8,1,54,1" doraHai="86" who="1" fromWho="3" sc="184,0,450,20,219,0,147,-20" /><INIT seed="5,0,0,4,0,87" ten="184,470,219,127" oya="1" hai0="116,67,91,134,86,47,41,62,127,133,115,75,83" hai1="107,34,78,21,58,11,51,1,35,76,44,121,80" hai2="6,7,73,37,120,15,23,20,82,92,5,30,64" hai3="45,97,43,110,99,68,48,59,129,0,124,69,77"/><U132/><E121/><V117/><F37/><W88/><G0/><T126/><D75/><U19/><E132/><N who="0" m="50793" /><D116/><U57/><E107/><V100/><F117/><W84/><G110/><T95/><D83/><U60/><E1/><V135/><F120/><W108/><G108/><T25/><D25/><U65/><E11/><V70/><F70/><W22/><G124/><N who="0" m="47659" /><D115/><U101/><E58/><V27/><F64/><W52/><G129/><T93/><D93/><U94/><E94/><V85/><F73/><W63/><G77/><T109/><D109/><U103/><E78/><V38/><F82/><W31/><G68/><N who="0" m="42103" /><D47/><U79/><E76/><V106/><F27/><N who="3" m="16887" /><G69/><T26/><D26/><U98/><E79/><V28/><F106/><W16/><G16/><T36/><D41/><U24/><E80/><AGARI ba="0,0" hai="43,45,48,52,59,63,80,84,88,97,99" m="16887" machi="80" ten="30,7700,0" yaku="8,1,52,1,54,2" doraHai="87" who="3" fromWho="1" sc="184,0,470,-77,219,0,127,77" /><INIT seed="6,0,0,4,4,86" ten="184,393,219,204" oya="2" hai0="87,0,39,15,68,77,75,12,38,127,76,72,108" hai1="95,45,91,31,60,100,107,119,46,17,67,93,28" hai2="22,69,97,37,10,11,98,74,13,114,105,48,29" hai3="49,130,19,125,89,133,101,8,128,88,7,115,81"/><V112/><F37/><W122/><G122/><T34/><D87/><U61/><E119/><V102/><F74/><W54/><G125/><T41/><D41/><U120/><E107/><V113/><F69/><W79/><G133/><T92/><D92/><U9/><E120/><V135/><F135/><W21/><G101/><T57/><D57/><N who="1" m="37263" /><E61/><V82/><F98/><W35/><G35/><T83/><D34/><U73/><E100/><V70/><F70/><W24/><G115/><T16/><D68/><U20/><E73/><V1/><F82/><W90/><G81/><T6/><D83/><U129/><E9/><V118/><F118/><W85/><G79/><T117/><D117/><U124/><E129/><N who="3" m="49770" /><G85/><T80/><D80/><U106/><E106/><V96/><F96/><W116/><G116/><T131/><D131/><U123/><E95/><V27/><F1/><N who="3" m="111" /><G49/><T59/><D0/><U99/><E124/><V64/><F64/><W4/><G4/><T43/><D6/><U26/><E123/><V109/><F48/><W5/><G5/><T134/><D134/><U42/><E42/><V111/><REACH who="2" step="1"/><F11/><REACH who="2" ten="184,393,209,204" step="2"/><W94/><G94/><T40/><D127/><U23/><E93/><V33/><F33/><W32/><G32/><T84/><D84/><U55/><E99/><V58/><F58/><W78/><G54/><T104/><D59/><U36/><E55/><V121/><F121/><W103/><G103/><T65/><D65/><U52/><E52/><V3/><F3/><W30/><G78/><T47/><D77/><U66/><E36/><V53/><F53/><W51/><G51/><RYUUKYOKU ba="0,1" sc="184,-15,393,-15,209,15,204,15" hai2="10,13,22,27,29,97,102,105,109,111,112,113,114" hai3="19,21,24,30,88,89,90" /><INIT seed="6,1,1,2,1,18" ten="169,378,224,219" oya="2" hai0="36,9,45,29,122,72,62,126,33,76,14,110,54" hai1="68,90,19,12,92,56,67,32,48,4,15,113,64" hai2="129,35,128,91,39,52,8,97,95,58,21,115,17" hai3="50,94,16,44,40,131,127,132,80,27,111,43,49"/><V88/><F39/><W104/><G111/><T125/><D110/><U41/><E32/><V61/><F35/><W96/><G127/><T6/><D122/><U134/><E134/><V133/><F115/><W81/><G132/><T65/><D76/><U100/><E100/><V75/><F75/><W124/><G104/><T1/><D72/><U117/><E117/><V116/><F133/><W85/><G131/><N who="2" m="50249" /><F116/><W0/><G0/><T30/><D1/><U22/><E113/><V2/><F2/><W135/><G135/><T99/><D99/><U34/><E68/><V69/><F69/><W107/><G107/><T119/><D119/><U24/><E34/><V108/><F108/><W60/><G60/><T10/><D10/><N who="1" m="4167" /><E24/><N who="2" m="14383" /><F8/><W123/><G123/><T120/><D120/><U20/><E20/><V42/><F42/><W66/><G66/><T46/><D33/><U84/><E41/><V114/><F114/><W121/><G124/><N who="0" m="47723" /><D36/><U7/><E7/><V25/><F25/><W118/><G118/><T106/><D106/><U57/><E67/><V28/><F28/><N who="0" m="10858" /><D54/><U89/><E64/><V53/><F53/><W86/><G121/><T130/><D130/><U73/><E73/><V71/><F71/><AGARI ba="1,1" hai="6,9,14,45,46,62,65,71" m="10858,47723" machi="71" ten="30,1000,0" yaku="18,1" doraHai="18" who="0" fromWho="2" sc="169,23,378,0,224,-13,219,0" /><INIT seed="7,0,0,0,0,66" ten="192,378,211,219" oya="3" hai0="134,85,23,0,31,110,117,10,22,43,77,107,108" hai1="133,115,27,17,13,90,51,76,59,121,100,44,94" hai2="112,99,74,38,33,19,116,83,89,118,103,86,41" hai3="48,101,96,81,98,63,45,9,82,61,109,70,28"/><W67/><G28/><T129/><D107/><U7/><E121/><V34/><F112/><W78/><G61/><T120/><D43/><U14/><E133/><V92/><F34/><W97/><G109/><N who="0" m="42091" /><D85/><U62/><E76/><N who="2" m="44439" /><F33/><W135/><G135/><T68/><D68/><U47/><E100/><V57/><F57/><W127/><G127/><T26/><D77/><U104/><E104/><N who="2" m="63615" /><F19/><W124/><G124/><T84/><D84/><U2/><E27/><V25/><F25/><W79/><G101/><T35/><D134/><U32/><E32/><V39/><F41/><W18/><G81/><T53/><D53/><U87/><E2/><V16/><F16/><W36/><G36/><AGARI ba="0,0" hai="36,38,39,86,89,92,116,118" m="63615,44439" machi="36" ten="30,1000,0" yaku="24,1" doraHai="66" who="2" fromWho="3" sc="192,0,378,0,211,10,219,-10" owari="192,-31.0,378,48.0,221,2.0,209,-19.0" /></mjloggm>