<mjloggm ver="2.3"><GO type="41" lobby="0"/><UN n0="%E9%9D%9E%E6%83%85" n1="%E3%83%9E%E3%82%B7%E3%83%B3%E3%82%AC%E3%83%B3" n2="%4B%65%6B%61%79%75%74%61" n3="%E2%93%9D%53%75%70%68%78" dan="14,13,14,18" rate="1989.35,1844.37,1902.06,2122.15" sx="M,M,M,M"/><TAIKYOKU oya="0"/><INIT seed="0,0,0,0,4,24" ten="250,250,250,250" oya="0" hai0="58,83,114,93,78,3,6,97,110,121,39,89,124" hai1="11,31,74,64,21,112,56,108,9,123,113,116,18" hai2="87,92,40,75,17,42,46,135,118,16,109,69,1" hai3="79,111,54,134,131,130,33,100,133,84,49,99,7"/><T95/><D114/><N who="1" m="44139" /><E74/><V0/><F75/><W81/><G7/><T23/><D121/><U72/><E72/><V82/><F69/><W70/><G33/><T103/><D39/><U129/><E64/><V104/><F104/><N who="3" m="63519" /><G70/><T52/><D124/><U76/><E76/><V102/><F109/><W47/><G111/><T62/><D110/><U86/><E86/><V27/><F135/><AGARI ba="0,0" hai="47,49,54,79,81,84,130,131,133,134,135" m="63519" machi="135" ten="30,1000,0" yaku="20,1" doraHai="24" who="3" fromWho="2" sc="250,0,250,0,250,-10,250,10" /><INIT seed="1,0,0,0,3,60" ten="250,250,240,260" oya="1" hai0="35,7,59,133,36,2,38,103,131,135,52,47,113" hai1="89,50,127,56,88,12,67,1,75,82,64,25,65" hai2="5,107,30,117,33,20,90,0,9,68,119,115,92" hai3="54,61,28,73,130,69,4,124,45,13,99,19,123"/><U32/><E1/><V34/><F107/><W86/><G73/><T132/><D113/><U22/><E127/><V105/><F105/><W63/><G130/><T46/><D35/><U108/><E32/><V62/><F115/><W51/><G123/><T24/><D131/><U74/><E74/><V97/><F34/><W95/><G28/><T85/><D103/><U27/><E75/><V23/><F33/><W70/><G4/><T110/><D110/><U11/><E50/><V17/><F30/><W43/><G86/><T10/><D24/><U53/><E108/><V18/><F68/><W122/><G124/><T116/><D116/><U37/><E37/><N who="0" m="14441" /><D85/><N who="1" m="50231" /><E89/><V125/><F125/><W114/><G122/><T94/><D94/><U78/><E78/><V26/><REACH who="2" step="1"/><F62/><AGARI ba="0,0" hai="2,7,10,46,47,52,59,62,132,133,135" m="14441" machi="62" ten="40,2600,0" yaku="20,1,54,1" doraHai="60" who="0" fromWho="2" sc="250,26,250,0,240,-26,260,0" /><INIT seed="2,0,0,1,1,100" ten="276,250,214,260" oya="2" hai0="29,45,26,74,16,68,20,31,9,5,37,24,13" hai1="32,39,54,130,64,112,99,25,4,101,0,111,80" hai2="38,28,116,52,114,17,53,59,65,43,44,106,90" hai3="121,108,55,117,14,71,85,88,1,73,124,51,8"/><V41/><F114/><W113/><G117/><T47/><D68/><U7/><E112/><V120/><F116/><W125/><G113/><T129/><D37/><U66/><E130/><V50/><F28/><N who="0" m="10826" /><D74/><U119/><E39/><N who="2" m="21567" /><F90/><W30/><G121/><T109/><D109/><U35/><E25/><N who="0" m="9833" /><D47/><U89/><E89/><V3/><F17/><W27/><G108/><T2/><D45/><U21/><E101/><V72/><F3/><W126/><G1/><T131/><AGARI ba="0,0" hai="2,5,9,13,16,20,129,131" m="9833,10826" machi="131" ten="30,4000,0" yaku="34,2,54,1" doraHai="100" who="0" fromWho="0" sc="276,40,250,-10,214,-20,260,-10" /><INIT seed="3,0,0,4,4,4" ten="316,240,194,250" oya="3" hai0="29,7,10,100,92,43,61,123,75,91,63,121,103" hai1="53,106,72,69,45,104,8,79,95,65,88,37,127" hai2="30,132,64,118,107,16,9,134,55,110,108,78,76" hai3="97,13,85,87,17,18,96,117,50,25,77,14,82"/><W112/><G112/><T125/><D75/><U26/><E127/><V113/><F107/><W11/><G117/><T36/><D125/><U52/><E72/><V105/><F105/><W46/><G25/><T48/><D36/><U54/><E79/><N who="2" m="30251" /><F64/><W62/><G87/><T73/><D73/><U19/><E69/><V83/><F83/><W1/><G1/><T40/><D29/><U28/><E65/><V111/><F113/><W81/><G62/><T130/><D130/><U116/><E116/><V66/><F66/><W42/><G82/><T12/><D121/><U126/><E126/><V133/><F30/><W34/><REACH who="3" step="1"/><G34/><REACH who="3" ten="316,240,194,240" step="2"/><T80/><D80/><U120/><E120/><V31/><F118/><W59/><G59/><T32/><D32/><U22/><E28/><V58/><F31/><W23/><AGARI ba="0,1" hai="11,13,14,17,18,23,42,46,50,77,81,85,96,97" machi="23" ten="20,12000,1" yaku="1,1,0,1,7,1,8,1,52,1,53,0" doraHai="4" doraHaiUra="67" who="3" fromWho="3" sc="316,-40,240,-40,194,-40,240,130" /><INIT seed="3,1,0,2,4,48" ten="276,200,154,370" oya="3" hai0="32,101,64,135,39,99,120,96,109,50,63,49,66" hai1="24,91,1,46,10,81,35,108,102,12,27,51,111" hai2="123,95,62,133,69,13,14,28,126,118,58,114,74" hai3="82,7,34,134,22,19,79,90,113,25,92,33,130"/><W38/><G113/><T26/><D109/><N who="1" m="42059" /><E102/><V112/><F118/><W16/><G130/><T56/><D120/><U41/><E1/><V132/><F74/><W0/><G38/><T73/><D73/><U9/><E35/><V11/><F123/><W121/><G134/><N who="2" m="51817" /><F69/><W105/><G105/><T103/><D135/><U29/><E10/><V97/><F28/><W30/><G121/><T115/><D115/><N who="2" m="44074" /><F11/><W128/><G128/><T80/><D39/><U59/><E59/><V61/><F126/><W52/><G34/><T87/><D32/><U18/><E29/><V21/><F62/><W78/><G0/><T88/><D26/><U119/><E119/><V129/><F21/><W84/><G33/><T68/><D68/><U55/><E41/><V3/><F3/><W131/><G131/><T76/><D66/><U8/><E8/><V93/><F93/><W94/><G94/><N who="0" m="58519" /><D76/><N who="3" m="29225" /><G92/><AGARI ba="1,0" hai="49,50,56,63,64,80,87,88,92,99,103" m="58519" machi="92" ten="30,2000,0" yaku="8,1,54,1" doraHai="48" who="0" fromWho="3" sc="276,23,200,0,154,0,370,-23" /><INIT seed="4,0,0,2,2,130" ten="299,200,154,347" oya="0" hai0="53,60,74,126,38,120,78,113,10,26,115,83,0" hai1="88,129,8,85,103,15,72,35,63,50,76,61,75" hai2="90,96,9,36,54,45,7,101,44,124,99,23,73" hai3="95,125,91,40,32,123,33,56,79,71,52,5,86"/><T82/><D120/><U127/><E129/><V84/><F124/><W18/><G71/><T20/><D126/><U116/><E35/><V58/><F73/><W43/><G5/><N who="0" m="1319" /><D38/><U3/><E116/><V104/><F99/><W69/><G69/><T112/><D83/><U16/><E103/><V135/><F23/><W100/><G33/><T1/><D1/><U131/><E131/><V4/><F36/><W117/><G32/><T34/><D34/><U12/><E3/><V122/><F122/><W28/><G117/><T87/><D60/><U19/><E127/><V48/><F135/><W111/><G79/><T46/><D46/><U22/><E50/><V14/><REACH who="2" step="1"/><F4/><REACH who="2" ten="299,200,144,347" step="2"/><W42/><G123/><T49/><D20/><U94/><REACH who="1" step="1"/><E75/><REACH who="1" ten="299,190,144,347" step="2"/><V119/><F119/><W47/><G125/><T31/><D74/><U6/><E6/><V110/><F110/><W27/><G111/><T39/><D39/><U67/><E67/><V64/><F64/><W13/><G100/><T105/><D112/><U29/><E29/><V98/><F98/><W25/><G28/><T92/><D31/><U93/><E93/><AGARI ba="0,2" hai="7,9,14,44,45,48,54,58,84,90,93,96,101,104" machi="93" ten="30,3900,0" yaku="1,1,7,1,53,1" doraHai="130" doraHaiUra="80" who="2" fromWho="1" sc="299,0,190,-39,144,59,347,0" /><INIT seed="5,0,0,3,1,57" ten="299,151,203,347" oya="1" hai0="135,64,88,15,14,16,66,122,75,1,85,20,32" hai1="12,52,63,43,38,45,126,34,86,123,47,17,18" hai2="48,13,26,24,56,70,73,74,36,53,3,37,35" hai3="46,98,84,92,21,130,82,58,8,78,110,4,99"/><U33/><E123/><V113/><F3/><W23/><G130/><T134/><D75/><U44/><E126/><V87/><F70/><W111/><G99/><T79/><D1/><U116/><E116/><V77/><F13/><W41/><G58/><T27/><D79/><U94/><E45/><V114/><F87/><W90/><G111/><T96/><D96/><U39/><E39/><N who="2" m="14923" /><F77/><W115/><G115/><N who="2" m="44041" /><F35/><W6/><G110/><T61/><D122/><U121/><E121/><V128/><F128/><W125/><G125/><T9/><D32/><U10/><E18/><V118/><F118/><W89/><G6/><T103/><D103/><U42/><E42/><V51/><F51/><N who="3" m="27087" /><G78/><T100/><D100/><U65/><E47/><V22/><F26/><W2/><G2/><T91/><D66/><U69/><REACH who="1" step="1"/><E52/><REACH who="1" ten="299,141,203,347" step="2"/><V30/><AGARI ba="0,1" hai="22,24,30,48,53,56,73,74" m="44041,14923" machi="30" ten="30,2000,0" yaku="15,1,11,1" doraHai="57" who="2" fromWho="2" sc="299,-5,141,-10,203,30,347,-5" /><INIT seed="6,0,0,5,0,68" ten="294,131,233,342" oya="2" hai0="73,99,21,130,19,34,92,23,47,46,44,27,51" hai1="79,115,4,128,10,116,48,126,124,104,52,24,74" hai2="131,75,8,85,13,66,114,61,105,95,42,89,132" hai3="31,36,14,32,54,63,110,112,2,91,40,69,17"/><V122/><F114/><W106/><G110/><T18/><D130/><U7/><E116/><V76/><F122/><W121/><G2/><T78/><D34/><U103/><E128/><V101/><F132/><W113/><G106/><T125/><D125/><N who="1" m="48235" /><E24/><V20/><F20/><W12/><G91/><T80/><D92/><U94/><E104/><V123/><F123/><W56/><G69/><T67/><D99/><N who="1" m="59895" /><E115/><N who="3" m="44106" /><G121/><T72/><D67/><U35/><E35/><V16/><F42/><W57/><G17/><T77/><D77/><U25/><E25/><V33/><F33/><W133/><G133/><T84/><REACH who="0" step="1"/><D51/><REACH who="0" ten="284,131,233,342" step="2"/><U11/><E79/><V135/><F131/><W41/><G32/><T28/><D28/><U120/><E120/><V117/><F135/><W93/><G31/><T22/><D22/><U58/><E74/><V129/><F129/><W127/><G127/><T108/><D108/><U59/><E59/><N who="2" m="37183" /><F75/><W100/><G57/><T107/><D107/><U49/><E49/><V37/><F105/><W29/><G29/><T118/><D118/><U5/><AGARI ba="0,1" hai="4,5,7,10,11,48,52,58" m="59895,48235" machi="5" ten="30,2000,0" yaku="18,1,54,1" doraHai="68" who="1" fromWho="1" sc="284,-5,131,30,233,-10,342,-5" /><INIT seed="7,0,0,3,2,83" ten="279,161,223,337" oya="3" hai0="0,110,68,41,52,53,59,101,120,124,31,112,95" hai1="104,88,117,125,81,71,127,128,33,94,20,56,4" hai2="15,60,3,19,10,105,6,73,61,39,82,119,78" hai3="57,62,135,106,28,74,96,43,27,16,25,18,116"/><W47/><G135/><T99/><D110/><U21/><E71/><V58/><F119/><W63/><G74/><T44/><D120/><U13/><E104/><V115/><F115/><W86/><G63/><T131/><D68/><U37/><E37/><V22/><F105/><W7/><G7/><T76/><D0/><U121/><E121/><V64/><F39/><W113/><G96/><T55/><D76/><U11/><E33/><V1/><F61/><W100/><G27/><AGARI ba="0,0" hai="1,3,6,10,15,19,22,27,58,60,64,73,78,82" machi="27" ten="30,1000,0" yaku="7,1" doraHai="83" who="2" fromWho="3" sc="279,0,161,0,223,10,337,-10" owari="279,8.0,161,-34.0,233,-17.0,327,43.0" /></mjloggm>