<mjloggm ver="2.3"><GO type="41" lobby="0"/><UN n0="%E2%93%9D%53%75%70%68%78" n1="%E8%A5%BF%E9%87%8E%E4%B8%83%E7%80%AC" n2="%6B%6F%64%61%6E%6B%6F%64" n3="%E6%9D%B1%E6%B5%B7%E4%B8%AD%E9%80%80" dan="18,13,13,13" rate="2061.43,1862.12,1897.66,1844.41" sx="M,F,M,M"/><TAIKYOKU oya="0"/><INIT seed="0,0,0,4,0,134" ten="250,250,250,250" oya="0" hai0="49,30,32,115,31,7,106,79,36,56,6,125,59" hai1="27,51,109,16,3,40,122,5,9,54,83,12,11" hai2="15,0,65,61,100,103,43,58,72,98,13,45,116" hai3="4,39,99,105,133,114,112,120,85,104,46,66,14"/><T131/><BYE who="1" /><D115/><U33/><E33/><V107/><F107/><BYE who="2" /><UN n2="%6B%6F%64%61%6E%6B%6F%64" /><W17/><G133/><T29/><D32/><U113/><E113/><V93/><F116/><W110/><G110/><T97/><D36/><UN n1="%E8%A5%BF%E9%87%8E%E4%B8%83%E7%80%AC" /><U26/><E122/><V63/><F0/><W101/><G120/><T25/><D25/><U95/><E109/><V34/><F72/><W81/><G4/><T57/><D131/><U28/><E40/><V41/><F103/><W50/><G66/><T53/><D79/><U37/><E37/><V132/><F132/><W68/><G68/><T96/><D125/><U80/><E95/><V64/><F41/><W76/><G105/><T67/><D106/><U60/><E60/><V62/><F63/><W74/><G39/><T20/><D20/><U92/><E92/><V48/><REACH who="2" step="1"/><F34/><REACH who="2" ten="250,250,240,250" step="2"/><W75/><G75/><T24/><D67/><U128/><E128/><V23/><F23/><W52/><REACH who="3" step="1"/><G74/><REACH who="3" ten="250,250,240,240" step="2"/><T102/><D102/><U127/><E3/><V108/><F108/><W84/><G84/><T123/><D123/><U21/><E21/><V86/><F86/><W44/><G44/><N who="0" m="27815" /><D24/><U87/><E26/><V130/><F130/><W117/><G117/><T71/><D71/><AGARI ba="0,2" hai="13,15,43,45,48,58,61,62,64,65,71,93,98,100" machi="71" ten="30,2000,0" yaku="1,1,7,1,53,0" doraHai="134" doraHaiUra="124" who="2" fromWho="0" sc="250,-20,250,0,240,40,240,0" /><INIT seed="1,0,0,5,5,0" ten="230,250,280,240" oya="1" hai0="82,9,135,73,77,34,113,36,28,76,79,80,11" hai1="47,43,50,38,10,45,22,105,52,112,72,29,89" hai2="69,91,40,57,96,124,83,116,125,121,122,85,67" hai3="42,32,24,8,128,66,126,68,119,6,23,131,35"/><U120/><E120/><V19/><F69/><W129/><G119/><T53/><D113/><U21/><E112/><V130/><F40/><W102/><G42/><T44/><D135/><U12/><E105/><V127/><F19/><W13/><G102/><T117/><D117/><U70/><E70/><V108/><F116/><W61/><REACH who="3" step="1"/><G126/><REACH who="3" ten="230,250,280,230" step="2"/><T90/><D36/><U30/><E72/><V110/><F130/><W49/><G49/><T65/><D73/><U63/><E63/><V81/><F67/><W46/><G46/><T101/><D101/><U93/><E29/><AGARI ba="0,1" hai="6,8,13,23,24,29,32,35,61,66,68,128,129,131" machi="29" ten="40,8000,1" yaku="1,1,19,1,52,1,53,1" doraHai="0" doraHaiUra="18" who="3" fromWho="1" sc="230,0,250,-80,280,0,230,90" /><INIT seed="2,0,0,5,1,122" ten="230,170,280,320" oya="2" hai0="119,60,67,39,44,2,51,46,131,8,85,68,33" hai1="65,16,89,77,108,117,34,32,109,97,5,132,104" hai2="70,27,11,14,26,105,106,48,113,88,72,130,84" hai3="135,92,56,4,54,9,87,42,116,25,101,66,17"/><V13/><F72/><W63/><G135/><T112/><D33/><U64/><E117/><V29/><F113/><W7/><G116/><T80/><D119/><U0/><E132/><V82/><F70/><W57/><G42/><T95/><D131/><U35/><E77/><V47/><F130/><W103/><G103/><T31/><D31/><U126/><E126/><V41/><F14/><N who="3" m="7375" /><G25/><T133/><D95/><U30/><E30/><V129/><F129/><W40/><G40/><T53/><D112/><U22/><E5/><V115/><F115/><W86/><G86/><T78/><D133/><U69/><E0/><V76/><F27/><W75/><G75/><T19/><D39/><U74/><E74/><V98/><F98/><N who="3" m="59591" /><G87/><T73/><D73/><U45/><E45/><V102/><F102/><W83/><G83/><T37/><D46/><U99/><E69/><V43/><F43/><W59/><G59/><T125/><D37/><U24/><E104/><V23/><REACH who="2" step="1"/><F88/><REACH who="2" ten="230,170,270,320" step="2"/><W100/><G100/><T3/><D125/><U110/><E89/><V93/><F93/><W124/><G124/><T52/><REACH who="0" step="1"/><D53/><REACH who="0" ten="220,170,270,320" step="2"/><U128/><E128/><V21/><F21/><W58/><G54/><T20/><D20/><U96/><AGARI ba="0,2" hai="16,22,24,32,34,35,64,65,96,97,99,108,109,110" machi="96" ten="50,16000,3" yaku="0,1,29,2,14,1,52,3,54,1" doraHai="122" who="1" fromWho="1" sc="220,-40,170,180,270,-80,320,-40" /><INIT seed="3,0,0,1,0,67" ten="180,350,190,280" oya="3" hai0="104,97,51,107,119,49,134,114,33,58,90,52,118" hai1="5,12,83,77,110,84,37,135,122,80,45,129,59" hai2="23,96,105,89,10,115,113,132,133,22,19,88,53" hai3="81,126,73,92,0,74,78,47,35,82,124,100,112"/><W29/><G112/><N who="2" m="43081" /><F53/><W16/><G0/><T116/><D114/><U101/><E122/><V9/><F19/><W63/><G47/><T102/><D134/><N who="2" m="51818" /><F96/><W95/><G63/><T44/><D33/><U130/><E135/><V6/><F6/><W127/><G100/><T18/><D90/><N who="2" m="34922" /><F105/><W32/><G29/><T99/><D18/><U24/><E5/><V94/><F94/><N who="3" m="35883" /><G16/><T123/><D123/><U20/><E12/><V54/><F54/><W131/><G131/><T75/><D107/><U64/><E129/><V111/><F111/><W31/><G31/><T109/><D109/><U85/><E110/><V69/><F69/><W28/><G28/><T50/><D99/><U7/><E130/><V27/><F27/><W34/><G78/><T61/><REACH who="0" step="1"/><D75/><AGARI ba="0,0" hai="32,34,35,73,74,75,81,82,124,126,127" m="35883" machi="75" ten="50,9600,0" yaku="28,2,18,1" doraHai="67" who="3" fromWho="0" sc="180,-96,350,0,190,0,280,96" /><INIT seed="3,1,0,3,2,117" ten="84,350,190,376" oya="3" hai0="66,54,68,63,129,25,98,62,77,48,74,43,122" hai1="2,71,16,52,119,107,87,115,30,116,20,78,132" hai2="21,56,86,99,0,83,26,19,33,61,38,76,50" hai3="88,57,72,35,82,111,92,104,11,53,95,65,22"/><W133/><G35/><T89/><D129/><U10/><E115/><V70/><F38/><W42/><G104/><T13/><D74/><U55/><E107/><V125/><F0/><W103/><G65/><T81/><D43/><U118/><E132/><V28/><F125/><W75/><G42/><T124/><D63/><U5/><E71/><V17/><F70/><W8/><G133/><T3/><D3/><U94/><E30/><V29/><F50/><W126/><G126/><T1/><D1/><U106/><E106/><V40/><F40/><W31/><G75/><T109/><D109/><U27/><E78/><V67/><F33/><W23/><G111/><T24/><D122/><U46/><E46/><V58/><F58/><W135/><G135/><T123/><D123/><U114/><E114/><V12/><REACH who="2" step="1"/><F99/><REACH who="2" ten="84,350,180,376" step="2"/><W9/><G57/><T45/><D124/><U14/><E2/><V90/><F90/><AGARI ba="1,1" hai="5,10,14,16,20,27,52,55,87,90,94,116,118,119" machi="90" ten="40,5200,0" yaku="12,1,54,2" doraHai="117" who="1" fromWho="2" sc="84,0,350,65,180,-55,376,0" /><INIT seed="4,0,0,3,0,70" ten="84,415,125,376" oya="0" hai0="6,114,103,16,78,88,27,41,82,135,126,43,61" hai1="74,96,10,127,123,130,45,15,54,65,68,36,109" hai2="56,97,66,116,42,75,0,40,22,86,39,52,101" hai3="8,20,29,64,93,28,112,57,24,125,81,104,12"/><T119/><D119/><U49/><E123/><V30/><F75/><W87/><G104/><T73/><D114/><U76/><E127/><V124/><F124/><W92/><G112/><T19/><D126/><U44/><E130/><V18/><F0/><W35/><G35/><T113/><D113/><U129/><E129/><V84/><F116/><W9/><G29/><T58/><D103/><U133/><E109/><V55/><F30/><W3/><G3/><T91/><D6/><U37/><E44/><V107/><F66/><W132/><G132/><T14/><D135/><U98/><E133/><V69/><F69/><W46/><G46/><T71/><D71/><U122/><E122/><V102/><F102/><W4/><G9/><T99/><D27/><U89/><E74/><V80/><F86/><W128/><G128/><T72/><D19/><U38/><E68/><V85/><F85/><W95/><G125/><T33/><D33/><U17/><E65/><V2/><F2/><W63/><G95/><T50/><D50/><U51/><E76/><AGARI ba="0,0" hai="4,8,12,20,24,28,57,63,64,76,81,87,92,93" machi="76" ten="30,2000,0" yaku="7,1,8,1" doraHai="70" who="3" fromWho="1" sc="84,0,415,-20,125,0,376,20" /><INIT seed="5,0,0,0,2,96" ten="84,395,125,396" oya="1" hai0="74,27,73,88,52,21,99,63,59,17,72,16,89" hai1="95,10,20,31,64,112,7,122,102,108,32,43,51" hai2="42,90,5,14,92,121,94,61,49,124,29,93,38" hai3="6,35,8,115,30,36,47,123,77,109,126,105,9"/><U62/><E112/><V86/><F121/><W54/><G123/><T71/><D71/><U12/><E122/><V45/><F124/><W84/><G109/><T79/><D79/><U55/><E108/><V104/><F29/><W80/><G115/><T34/><D34/><U117/><E117/><V23/><F104/><W111/><G126/><T60/><D60/><U25/><E32/><V133/><F133/><W116/><G116/><T33/><D33/><U82/><E82/><V120/><F120/><W44/><G105/><T131/><D131/><U107/><E107/><V119/><F119/><W3/><G111/><T26/><D99/><U106/><E106/><V114/><F114/><W19/><G36/><T83/><D83/><U65/><E43/><V41/><F38/><W128/><G128/><T100/><D100/><U135/><E135/><V134/><F134/><W125/><G125/><T113/><D113/><U28/><E28/><V81/><F61/><W56/><G30/><T11/><D11/><U39/><E39/><V4/><F42/><W15/><G35/><T70/><D70/><U1/><E1/><V87/><F87/><W78/><G78/><T40/><D40/><U129/><E129/><V110/><F110/><W57/><G57/><T37/><D37/><U130/><E130/><V50/><F50/><AGARI ba="0,0" hai="3,6,8,9,15,19,44,47,50,54,56,77,80,84" machi="50" ten="30,1000,0" yaku="7,1" doraHai="96" who="3" fromWho="2" sc="84,0,395,0,125,-10,396,10" /><INIT seed="6,0,0,2,3,63" ten="84,395,115,406" oya="2" hai0="114,14,12,123,117,0,66,43,125,121,51,56,1" hai1="40,109,85,38,4,37,100,60,130,132,126,18,13" hai2="131,8,70,96,87,55,105,35,46,5,36,11,118" hai3="94,72,10,78,64,81,127,22,59,42,67,76,16"/><V86/><F118/><W20/><G127/><T28/><D43/><U135/><E126/><V133/><F35/><W9/><G42/><T73/><D125/><U21/><E109/><V128/><F70/><W97/><G78/><T49/><D56/><U41/><E130/><N who="2" m="49707" /><F133/><N who="1" m="51273" /><E4/><V48/><F36/><N who="1" m="13929" /><E100/><N who="2" m="62599" /><F8/><W33/><G33/><T124/><D124/><U15/><E15/><AGARI ba="0,0" hai="5,11,15,46,48,55,86,87" m="62599,49707" machi="15" ten="30,1500,0" yaku="19,1" doraHai="63" who="2" fromWho="1" sc="84,0,395,-15,115,15,406,0" /><INIT seed="6,1,0,4,3,96" ten="84,380,130,406" oya="2" hai0="68,21,123,101,27,20,22,56,60,94,3,23,112" hai1="38,110,24,17,105,51,33,119,48,109,59,32,55" hai2="13,30,50,83,1,113,97,98,5,63,0,87,85" hai3="69,132,95,129,100,26,130,9,35,102,31,89,78"/><V41/><F113/><W135/><G69/><T62/><D123/><U115/><E119/><V82/><F30/><W91/><G9/><T125/><D112/><U61/><E38/><V36/><F36/><W126/><G78/><T134/><D3/><U103/><E115/><V52/><F1/><W117/><G117/><T121/><D134/><N who="3" m="51241" /><G126/><T99/><D125/><U72/><E72/><V64/><F0/><W37/><G37/><T58/><D121/><U6/><E6/><V39/><F39/><W2/><G2/><T10/><D10/><U107/><E107/><V53/><F41/><W4/><G4/><T28/><REACH who="0" step="1"/><D68/><REACH who="0" ten="74,380,130,406" step="2"/><U92/><E109/><V76/><F5/><W65/><G130/><T57/><AGARI ba="1,1" hai="20,21,22,23,27,28,56,57,58,60,62,94,99,101" machi="57" ten="30,8000,1" yaku="1,1,2,1,0,1,8,1,52,1,53,0" doraHai="96" doraHaiUra="7" who="0" fromWho="0" sc="74,93,380,-21,130,-41,406,-21" /><INIT seed="7,0,0,2,4,111" ten="167,359,89,385" oya="3" hai0="54,32,108,28,134,17,79,73,5,78,115,18,6" hai1="52,58,7,26,74,48,107,110,19,59,121,55,93" hai2="46,80,82,81,91,44,92,43,122,104,34,99,16" hai3="38,40,41,97,86,15,24,113,126,56,64,87,49"/><W94/><G113/><T21/><D73/><U22/><E107/><V70/><F122/><W128/><G38/><T96/><D108/><U51/><E121/><V25/><F70/><W129/><G126/><T117/><D134/><U77/><E110/><V37/><F104/><W23/><G15/><T72/><D32/><U130/><E130/><N who="3" m="50282" /><G41/><T39/><D72/><U62/><E7/><V65/><F65/><W98/><G98/><T125/><D96/><U76/><E74/><V13/><F34/><W9/><G9/><T27/><D117/><U53/><E93/><V0/><F0/><W61/><G49/><T12/><D115/><U75/><E75/><V57/><F25/><W68/><G40/><T85/><D39/><U71/><E55/><V45/><REACH who="2" step="1"/><F57/><REACH who="2" ten="167,359,79,385" step="2"/><W89/><G56/><T8/><D27/><U4/><E4/><V88/><F88/><W1/><G1/><T2/><D2/><U84/><E84/><V67/><F67/><AGARI ba="0,1" hai="19,22,26,48,51,52,53,58,59,62,67,71,76,77" machi="67" ten="40,2600,0" yaku="9,1,54,1" doraHai="111" who="1" fromWho="2" sc="167,0,359,36,79,-26,385,0" owari="167,-23.0,395,49.0,53,-45.0,385,19.0" /></mjloggm>