<mjloggm ver="2.3"><GO type="41" lobby="0"/><UN n0="%E7%99%BD%E7%99%BA%E4%B8%AD%E3%81%AE%E3%81%BF" n1="%E2%93%9D%53%75%70%68%78" n2="%E3%83%8F%E3%83%81%E3%83%A5%E3%83%8A" n3="%59%4F%4B%49" dan="13,18,15,13" rate="1889.78,2079.47,1938.74,1803.43" sx="M,M,F,M"/><TAIKYOKU oya="0"/><INIT seed="0,0,0,3,1,81" ten="250,250,250,250" oya="0" hai0="134,129,40,33,13,24,64,113,126,72,31,87,62" hai1="91,103,96,127,123,57,70,38,51,47,125,108,74" hai2="79,114,118,53,117,107,26,116,22,55,50,23,61" hai3="101,9,65,67,132,11,30,68,15,86,92,48,120"/><T97/><D113/><U104/><E123/><V78/><F114/><W7/><G120/><T105/><D72/><U73/><E70/><V130/><F107/><W122/><G122/><T56/><D126/><N who="1" m="48139" /><E108/><V21/><F130/><W49/><G132/><T85/><D129/><U14/><E14/><V45/><F26/><W89/><G30/><T28/><D28/><U42/><E91/><V6/><F6/><W77/><G68/><T16/><D40/><U76/><E76/><V88/><F61/><W39/><G39/><T99/><D134/><U37/><E57/><V27/><F27/><W100/><G77/><T119/><D119/><U112/><E112/><V58/><F55/><W10/><G10/><T93/><D105/><U94/><E104/><V1/><F1/><W63/><G63/><T71/><D99/><U0/><E0/><V111/><F111/><W60/><G60/><T46/><D46/><N who="1" m="23887" /><E38/><V8/><F8/><W41/><G11/><T34/><D71/><U102/><E102/><N who="3" m="39530" /><G41/><AGARI ba="0,0" hai="41,47,51,73,74,94,96,103" m="23887,48139" machi="41" ten="30,1000,0" yaku="18,1" doraHai="81" who="1" fromWho="3" sc="250,0,250,10,250,0,250,-10" /><INIT seed="1,0,0,5,3,6" ten="250,260,250,240" oya="1" hai0="99,84,69,52,63,48,37,61,115,122,13,93,129" hai1="128,82,27,112,39,123,68,83,124,95,62,47,73" hai2="131,14,101,33,28,66,79,71,104,126,87,106,132" hai3="103,92,70,23,45,7,29,55,114,30,110,32,16"/><U100/><E123/><V107/><F126/><W5/><G70/><T60/><D115/><U65/><E112/><V11/><F131/><W94/><G114/><T98/><D37/><U18/><E128/><V85/><F132/><W43/><G110/><T113/><D113/><U12/><E73/><V50/><F101/><W109/><G109/><T78/><D122/><U31/><E124/><V89/><F79/><W58/><G32/><T102/><D98/><U108/><E108/><V127/><F127/><W10/><G5/><T2/><D2/><U26/><E26/><V41/><F33/><W54/><G29/><T17/><D69/><U96/><E47/><V24/><F41/><W133/><G30/><T116/><D116/><U19/><E19/><V22/><F50/><W35/><G35/><T51/><D51/><U88/><E100/><V72/><F72/><W81/><G81/><N who="0" m="47159" /><D63/><U36/><E36/><V64/><F71/><W1/><G133/><T46/><D129/><U86/><E96/><V76/><F76/><W4/><G4/><T105/><D105/><U3/><E3/><V97/><F97/><W42/><G103/><T9/><AGARI ba="0,0" hai="9,13,17,46,48,52,60,61,93,99,102" m="47159" machi="9" ten="30,4000,0" yaku="8,1,52,1,54,1" doraHai="6" who="0" fromWho="0" sc="250,40,260,-20,250,-10,240,-10" /><INIT seed="2,0,0,4,5,95" ten="290,240,240,230" oya="2" hai0="110,54,50,43,68,11,2,104,84,112,12,44,41" hai1="67,121,87,4,98,64,96,115,105,89,122,6,124" hai2="91,80,113,52,134,3,85,22,102,97,73,37,107" hai3="74,125,19,21,114,24,70,92,123,38,25,51,86"/><V117/><F113/><W48/><G38/><T81/><D110/><U99/><E115/><V120/><F117/><W129/><G74/><T83/><D104/><U63/><E105/><V15/><F120/><N who="1" m="46185" /><E124/><V78/><F134/><W8/><G114/><T47/><D68/><N who="1" m="42015" /><E67/><V130/><F130/><W62/><G123/><T88/><D2/><U20/><E20/><V31/><F37/><W36/><G36/><T33/><D33/><U60/><E60/><V26/><F3/><W131/><G125/><T71/><D71/><U118/><E118/><V1/><F1/><W30/><G70/><T93/><D112/><U55/><E55/><V109/><F109/><W76/><G62/><T46/><D46/><U65/><E65/><V116/><F116/><W79/><G8/><T53/><D53/><U17/><E17/><V100/><F100/><W135/><G135/><T133/><D133/><U0/><E0/><V32/><F15/><W132/><G132/><T9/><D9/><U82/><AGARI ba="0,0" hai="4,6,82,87,89,96,98,99" m="42015,46185" machi="82" ten="30,7900,0" yaku="13,1,52,3" doraHai="95" who="1" fromWho="1" sc="290,-20,240,79,240,-39,230,-20" /><INIT seed="3,0,0,0,1,56" ten="270,319,201,210" oya="3" hai0="48,84,86,89,67,73,69,43,88,47,68,79,80" hai1="50,114,26,53,111,92,123,14,46,22,110,21,9" hai2="42,27,37,18,125,103,60,2,19,119,90,82,31" hai3="3,76,38,102,11,122,39,83,13,62,108,32,115"/><W36/><G122/><T28/><D28/><U72/><E114/><V52/><F119/><W131/><G115/><T34/><D34/><U7/><E72/><V58/><F125/><W71/><G131/><T133/><D133/><U66/><E123/><V113/><F113/><W130/><G130/><T25/><D25/><U41/><E66/><V81/><F2/><W17/><G32/><T6/><D6/><U78/><E78/><V127/><F127/><W99/><G3/><T64/><D73/><U107/><E107/><V0/><F0/><W74/><G108/><N who="1" m="41514" /><E92/><V135/><F135/><W12/><G12/><T16/><D16/><N who="2" m="6186" /><F37/><W15/><G15/><T109/><D109/><U5/><E5/><V8/><F103/><W97/><REACH who="3" step="1"/><G102/><REACH who="3" ten="270,319,201,200" step="2"/><T51/><D69/><U63/><E26/><V70/><F70/><W59/><G59/><AGARI ba="0,1" hai="7,9,14,21,22,41,46,50,53,59,63" m="41514" machi="59" ten="30,2000,0" yaku="14,1,52,1" doraHai="56" who="1" fromWho="3" sc="270,0,319,30,201,0,200,-20" /><INIT seed="4,0,0,3,3,37" ten="270,349,201,180" oya="0" hai0="114,76,129,63,30,38,16,72,8,34,94,113,44" hai1="18,68,17,47,42,53,1,3,12,23,107,40,78" hai2="100,43,25,97,70,41,46,64,128,36,99,2,29" hai3="31,50,115,51,32,127,122,22,35,14,110,6,33"/><T39/><D129/><U62/><E107/><N who="2" m="63887" /><F2/><W49/><G122/><T56/><D34/><U19/><E3/><V121/><F121/><W24/><G110/><T123/><D30/><U91/><E1/><V74/><F128/><W26/><G115/><N who="0" m="44043" /><D123/><U134/><E134/><V120/><F120/><W61/><G127/><T102/><D76/><U89/><E68/><V66/><F66/><W126/><G126/><T93/><D72/><U10/><E78/><V9/><F9/><W45/><G61/><T108/><D108/><U21/><E21/><V11/><F11/><W95/><G95/><N who="0" m="36363" /><D102/><U124/><E124/><V132/><F99/><W117/><G117/><T135/><D135/><U52/><E91/><V90/><F90/><W48/><G6/><T69/><D69/><U131/><E89/><V28/><F28/><W116/><G14/><N who="0" m="7239" /><D44/><U83/><E47/><V27/><F74/><W0/><G0/><T73/><D73/><U125/><E125/><V109/><F109/><W59/><G59/><T84/><D84/><U118/><E131/><V7/><F7/><W55/><REACH who="3" step="1"/><G116/><REACH who="3" ten="270,349,201,170" step="2"/><T80/><D80/><U65/><E83/><V54/><F70/><W106/><G106/><T57/><D57/><N who="1" m="37071" /><E118/><V88/><F46/><W98/><G98/><T77/><D77/><U20/><E10/><V79/><F79/><W58/><G58/><T92/><D92/><U67/><E12/><V60/><F132/><W85/><G85/><T15/><D15/><U75/><E75/><V86/><F86/><W13/><G13/><T101/><D101/><U104/><E104/><V111/><F111/><RYUUKYOKU ba="0,1" sc="270,15,349,-15,201,-15,170,15" hai0="38,39,56,63" hai3="22,24,26,31,32,33,35,45,48,49,50,51,55" /><INIT seed="4,1,1,1,2,131" ten="285,334,186,185" oya="0" hai0="91,108,49,29,135,106,53,3,23,30,79,52,100" hai1="86,113,104,33,55,31,97,58,89,101,92,50,60" hai2="45,37,87,51,67,127,17,2,27,75,125,12,28" hai3="57,77,68,48,105,73,84,64,41,78,76,118,65"/><T18/><D3/><U13/><E113/><V95/><F75/><W44/><G118/><T61/><D108/><U93/><E33/><V90/><F37/><W130/><G130/><T117/><D79/><U32/><E32/><V43/><F2/><W10/><G105/><T25/><D117/><U96/><E31/><V112/><F67/><W83/><G68/><T94/><D135/><U5/><E104/><V81/><F112/><W59/><G73/><T1/><D1/><U34/><E34/><V120/><F120/><W69/><G69/><T109/><D109/><U38/><E38/><V6/><F6/><W82/><G10/><T21/><D100/><U119/><E119/><V0/><F0/><W19/><G19/><T116/><D106/><U107/><E107/><V102/><F102/><W80/><G84/><T62/><D53/><U114/><E114/><V4/><F4/><W46/><G46/><N who="0" m="27703" /><D116/><U122/><E122/><V35/><REACH who="2" step="1"/><F95/><REACH who="2" ten="285,334,176,185" step="2"/><W24/><G24/><N who="0" m="14391" /><D29/><U9/><E101/><V36/><F36/><W63/><G63/><T22/><D22/><AGARI ba="1,2" hai="12,17,22,27,28,35,43,45,51,81,87,90,125,127" machi="22" ten="40,1300,0" yaku="1,1,53,0" doraHai="131" doraHaiUra="98" who="2" fromWho="0" sc="285,-16,334,0,176,36,185,0" /><INIT seed="5,0,0,4,1,44" ten="269,334,212,185" oya="1" hai0="104,68,28,133,46,119,55,129,113,134,8,2,75" hai1="91,110,127,36,32,21,114,14,92,100,43,96,24" hai2="99,27,124,1,40,25,105,82,95,81,60,107,90" hai3="117,3,62,132,52,57,85,4,69,29,106,65,77"/><U108/><E114/><V64/><F124/><W76/><G106/><T11/><D28/><U84/><E127/><V26/><F1/><W37/><G117/><T125/><D11/><U78/><E32/><V58/><F40/><W126/><G126/><T116/><D55/><U10/><E78/><V93/><F107/><W67/><G132/><T79/><D46/><U83/><E36/><V20/><F105/><W74/><G74/><T66/><D66/><U88/><E43/><V102/><REACH who="2" step="1"/><F20/><REACH who="2" ten="269,334,202,185" step="2"/><W31/><G37/><T63/><D104/><U109/><E21/><V17/><F17/><W72/><G3/><T48/><D125/><U38/><E38/><V73/><F73/><W41/><G4/><T103/><D75/><U6/><E24/><V7/><F7/><W35/><G72/><T56/><D116/><U34/><E34/><V5/><F5/><W86/><G41/><T112/><D119/><U130/><E130/><V121/><F121/><W123/><G35/><T71/><D129/><U131/><E131/><V39/><F39/><W49/><G123/><T120/><D120/><U61/><E110/><V98/><AGARI ba="0,1" hai="25,26,27,58,60,64,81,82,90,93,95,98,99,102" machi="98" ten="30,4000,0" yaku="1,1,0,1,8,1,53,0" doraHai="44" doraHaiUra="13" who="2" fromWho="2" sc="269,-10,334,-20,202,50,185,-10" /><INIT seed="6,0,0,0,5,39" ten="259,314,252,175" oya="2" hai0="115,129,11,49,62,75,63,104,65,80,64,103,76" hai1="0,36,130,44,33,96,81,86,47,114,5,46,84" hai2="42,14,40,15,32,35,54,133,61,113,52,126,9" hai3="92,122,112,110,89,101,27,4,13,25,70,16,102"/><V56/><F113/><W2/><G122/><T28/><D115/><U87/><E33/><V97/><F126/><W134/><G112/><T31/><D129/><U24/><E36/><V30/><F133/><W66/><G134/><T73/><D11/><U119/><E0/><V10/><F30/><W18/><G110/><T111/><D111/><U48/><E119/><V123/><F97/><W91/><G2/><T93/><D104/><U59/><E5/><N who="2" m="3375" /><F35/><W23/><G4/><T68/><D73/><U128/><E96/><V37/><F37/><W22/><G13/><T131/><D103/><U71/><E71/><V107/><F107/><W60/><REACH who="3" step="1"/><G91/><REACH who="3" ten="259,314,252,165" step="2"/><T109/><D109/><U3/><E3/><V55/><F123/><W88/><G88/><T98/><D131/><U45/><E130/><V82/><F32/><W1/><G1/><T67/><D68/><U29/><E128/><V8/><F82/><W117/><G117/><T57/><D80/><U51/><E81/><V132/><F132/><W17/><G17/><T118/><D118/><U135/><E135/><V99/><F99/><AGARI ba="0,1" hai="16,18,22,23,25,27,60,66,70,89,92,99,101,102" machi="99" ten="30,12000,2" yaku="1,1,7,1,9,1,54,1,53,2" doraHai="39" doraHaiUra="12" who="3" fromWho="2" sc="259,0,314,0,252,-120,165,130" /><INIT seed="7,0,0,4,0,51" ten="259,314,132,295" oya="3" hai0="72,3,109,110,85,118,54,24,59,100,111,48,46" hai1="130,43,28,131,40,69,29,13,4,108,41,73,55" hai2="79,35,15,58,82,97,27,47,63,30,134,17,60" hai3="117,75,119,14,90,121,23,96,99,68,125,107,12"/><W106/><G121/><T5/><D118/><U9/><E108/><V92/><F134/><W81/><G68/><T98/><D72/><U88/><E73/><V11/><F47/><W26/><G125/><T45/><D24/><U61/><E88/><V71/><F71/><W22/><G75/><T80/><D5/><U10/><E10/><V76/><F82/><W16/><G81/><T120/><D3/><U32/><E32/><V94/><F63/><W127/><G127/><T132/><D120/><U33/><E33/><V93/><F76/><W64/><G64/><T95/><REACH who="0" step="1"/><D132/><REACH who="0" ten="249,314,132,295" step="2"/><U89/><E4/><V25/><F25/><W84/><G12/><T103/><D103/><U49/><E13/><V128/><F128/><W78/><G119/><T34/><D34/><U66/><E131/><V50/><F79/><AGARI ba="0,1" hai="45,46,48,54,59,79,80,85,95,98,100,109,110,111" machi="79" ten="40,2600,0" yaku="1,1,52,1,53,0" doraHai="51" doraHaiUra="105" who="0" fromWho="2" sc="249,36,314,0,132,-26,295,0" owari="285,-11.0,314,40.0,106,-39.0,295,10.0" /></mjloggm>