<mjloggm ver="2.3"><GO type="41" lobby="0"/><UN n0="%7A%58%E3%82%80%E3%82%89%E3%81%95%E3%81%8D%58%7A" n1="%62%6C%69%73%74%65%72%73" n2="%E5%85%A5%E5%96%84%E7%94%BA%E5%BD%B9%E5%A0%B4" n3="%E2%93%9D%53%75%70%68%78" dan="13,14,13,18" rate="1801.27,1991.00,1846.51,2051.82" sx="M,M,M,M"/><TAIKYOKU oya="0"/><INIT seed="0,0,0,2,5,44" ten="250,250,250,250" oya="0" hai0="114,65,128,66,124,135,20,125,63,55,115,54,17" hai1="93,83,11,89,103,79,134,104,80,88,78,69,45" hai2="119,36,64,97,48,84,33,31,8,56,133,121,25" hai3="49,130,122,99,127,1,106,21,96,91,81,123,70"/><T85/><D85/><N who="1" m="48279" /><E45/><V90/><F36/><W112/><G112/><T57/><D20/><U86/><E11/><V132/><F121/><W100/><G70/><T23/><D23/><U26/><E26/><V35/><F8/><W6/><G130/><T28/><D28/><U98/><E69/><V118/><F64/><N who="0" m="24682" /><D135/><N who="2" m="51786" /><F97/><W102/><G99/><T18/><D18/><U5/><E5/><V113/><F113/><N who="0" m="43018" /><D17/><U41/><E41/><V46/><F56/><W39/><G123/><T30/><D30/><U108/><E108/><V24/><F24/><W76/><G122/><T38/><D128/><U62/><E62/><V61/><F61/><W13/><G6/><T4/><D4/><U101/><E134/><V32/><F25/><W27/><G27/><T74/><D74/><N who="1" m="43511" /><E104/><V19/><F19/><W94/><G106/><T42/><D54/><U67/><E67/><V51/><F31/><W29/><G29/><T59/><D59/><U87/><E87/><V34/><N who="2" m="8192" /><DORA hai="43" /><V58/><F58/><W2/><G21/><T73/><D73/><U116/><E116/><N who="2" m="44587" /><F46/><AGARI ba="0,0" hai="38,42,46,55,57,63,124,125" m="43018,24682" machi="46" ten="30,5800,0" yaku="34,2,52,1" doraHai="44,43" who="0" fromWho="2" sc="250,58,250,0,250,-58,250,0" /><INIT seed="0,1,0,2,5,28" ten="308,250,192,250" oya="0" hai0="82,37,105,62,17,48,114,103,100,51,109,59,81" hai1="57,18,2,99,95,78,40,42,36,15,90,67,135" hai2="94,74,3,133,5,73,70,84,31,110,47,49,85" hai3="98,125,121,0,24,4,129,55,11,19,92,72,14"/><T8/><D114/><U132/><E2/><V115/><F70/><W34/><G72/><T10/><D37/><U86/><E36/><V26/><F115/><W118/><G118/><T77/><D105/><U119/><E119/><V13/><F133/><W50/><G125/><T75/><D109/><U61/><E135/><V53/><F3/><W101/><G129/><T123/><D123/><U120/><E120/><V60/><F110/><W52/><G121/><T87/><D75/><U79/><E132/><V12/><F5/><W30/><REACH who="3" step="1"/><G50/><REACH who="3" ten="308,250,192,240" step="2"/><N who="0" m="18987" /><D82/><U126/><E126/><V111/><F111/><W96/><G96/><T63/><D17/><U56/><E99/><V122/><F122/><W89/><G89/><T9/><D59/><U29/><E57/><V113/><F113/><W38/><G38/><T76/><D77/><N who="1" m="29195" /><E29/><V41/><F73/><W91/><G91/><T102/><AGARI ba="1,1" hai="8,9,10,62,63,76,81,87,100,102,103" m="18987" machi="102" ten="40,2100,0" yaku="8,1" doraHai="28" who="0" fromWho="0" sc="308,34,250,-8,192,-8,240,-8" /><INIT seed="0,2,0,3,3,112" ten="342,242,184,232" oya="0" hai0="101,56,29,128,135,57,11,109,73,5,134,40,47" hai1="114,90,64,30,130,9,69,77,84,103,4,36,53" hai2="100,45,78,95,6,99,48,44,106,97,15,68,127" hai3="38,3,20,54,41,37,43,80,82,105,85,59,13"/><T111/><D73/><U10/><E130/><V14/><F68/><W113/><G105/><T60/><D29/><U24/><E36/><V132/><F132/><N who="0" m="50730" /><D128/><U26/><E77/><V16/><F6/><W121/><G3/><N who="0" m="447" /><D101/><U50/><E114/><V123/><F123/><W116/><G113/><T91/><D91/><U88/><E103/><V117/><F117/><W19/><G116/><T18/><D18/><U124/><E124/><V12/><F78/><W65/><G121/><T74/><D74/><U107/><E107/><V52/><F45/><W8/><G38/><N who="0" m="21911" /><D60/><U31/><E4/><V17/><REACH who="2" step="1"/><F127/><REACH who="2" ten="342,242,174,232" step="2"/><W46/><G46/><T55/><D55/><U28/><E53/><V131/><F131/><W92/><G54/><T63/><D63/><U61/><E61/><V125/><F125/><W83/><G43/><T126/><D126/><U34/><E64/><V27/><F27/><W75/><G41/><T58/><AGARI ba="2,1" hai="56,57,58,109,111" m="21911,447,50730" machi="58" ten="40,2100,0" yaku="20,1" doraHai="112" who="0" fromWho="0" sc="342,37,242,-9,174,-9,232,-9" /><INIT seed="0,3,0,2,3,117" ten="379,233,165,223" oya="0" hai0="112,31,32,35,107,105,27,133,125,81,18,96,33" hai1="40,91,84,99,26,4,15,135,106,123,101,11,131" hai2="110,69,23,45,56,130,22,93,65,2,76,24,114" hai3="89,46,87,53,48,28,7,124,47,94,122,60,39"/><T34/><D112/><U54/><E135/><V58/><F2/><W78/><G124/><T17/><D133/><U73/><E131/><V49/><F114/><W86/><G28/><T55/><D125/><U113/><E113/><V132/><F132/><W59/><G39/><T66/><D66/><U10/><E40/><V83/><F130/><W82/><G7/><T134/><D134/><U104/><E104/><V75/><F110/><W57/><REACH who="3" step="1"/><G122/><REACH who="3" ten="379,233,165,213" step="2"/><T120/><D120/><U128/><E123/><V126/><F126/><W85/><G85/><T109/><D109/><U6/><E128/><V64/><F69/><W88/><G88/><T63/><D96/><U98/><E99/><V67/><F93/><W127/><G127/><T52/><D81/><U119/><E73/><V77/><F75/><W13/><G13/><T70/><D107/><U90/><E84/><V42/><F83/><W50/><G50/><T71/><D105/><U43/><E119/><V108/><F108/><W102/><G102/><T0/><D63/><U19/><E106/><V21/><REACH who="2" step="1"/><F24/><REACH who="2" ten="379,233,155,213" step="2"/><W74/><G74/><T14/><D0/><U9/><E26/><V37/><F37/><W29/><G29/><T12/><D31/><U80/><E80/><V16/><F16/><W62/><G62/><T38/><D27/><U30/><E19/><V41/><F41/><W72/><G72/><T79/><D38/><U3/><E43/><V51/><F51/><W68/><G68/><T115/><D71/><U97/><E30/><V36/><F36/><W44/><G44/><T5/><D70/><U8/><E3/><RYUUKYOKU ba="3,2" sc="379,-15,233,-15,155,15,213,15" hai2="21,22,23,42,45,49,56,58,64,65,67,76,77" hai3="46,47,48,53,57,59,60,78,82,86,87,89,94" /><INIT seed="1,4,2,1,3,31" ten="364,218,170,228" oya="1" hai0="42,33,0,88,14,122,133,93,69,8,77,103,79" hai1="11,5,32,113,19,131,29,38,15,135,28,120,116" hai2="3,66,17,25,9,37,18,81,49,12,50,16,46" hai3="60,45,132,58,96,84,39,44,53,100,43,4,7"/><U51/><E38/><V62/><F37/><W74/><G74/><T91/><D69/><U73/><E73/><V6/><F50/><W35/><G132/><T83/><D133/><U111/><E135/><V56/><F81/><W94/><G35/><T36/><D0/><U71/><E71/><V115/><F115/><W118/><G118/><T65/><D33/><U26/><E116/><V95/><F95/><W72/><G72/><T76/><D65/><U59/><E113/><V86/><F86/><W22/><G45/><T10/><D103/><U67/><E120/><V90/><F90/><W41/><G41/><T68/><D68/><U108/><E131/><V127/><F127/><W129/><G129/><T97/><D122/><U121/><E121/><V105/><F105/><W64/><G53/><T40/><D36/><U117/><E117/><V85/><F85/><W30/><REACH who="3" step="1"/><G84/><REACH who="3" ten="364,218,170,218" step="2"/><N who="0" m="50207" /><D8/><U126/><E126/><V47/><F47/><W82/><G82/><T24/><D24/><AGARI ba="4,3" hai="4,7,22,24,30,39,43,44,58,60,64,94,96,100" machi="24" ten="40,8000,1" yaku="1,1,25,2,53,1" doraHai="31" doraHaiUra="99" who="3" fromWho="0" sc="364,-92,218,0,170,0,218,122" /><INIT seed="2,0,0,5,1,28" ten="272,218,170,340" oya="2" hai0="64,106,56,43,85,4,12,15,22,65,49,17,42" hai1="23,94,116,79,60,93,62,120,80,59,109,91,30" hai2="98,72,122,82,21,83,88,50,46,121,63,18,20" hai3="100,19,27,125,123,75,77,70,0,97,35,96,34"/><V102/><F63/><W128/><G123/><T92/><D106/><U32/><E109/><V133/><F133/><W45/><G97/><T129/><D129/><U41/><E116/><V3/><F3/><W118/><G125/><T53/><D12/><U48/><E120/><V130/><F130/><W8/><G45/><T25/><D25/><U81/><E32/><V119/><F119/><W6/><G118/><T1/><D4/><U117/><E117/><V14/><F72/><W67/><G19/><T52/><D1/><U111/><E81/><V124/><F124/><W99/><G99/><T31/><D31/><U44/><E111/><V104/><F21/><W36/><G36/><T7/><D53/><U66/><E91/><V131/><F131/><W101/><G101/><T69/><D7/><U29/><E62/><V134/><F134/><W135/><G135/><T9/><D9/><U107/><E107/><V78/><F122/><W110/><G27/><T38/><D38/><U40/><E40/><V37/><F121/><W95/><G110/><T73/><D73/><U16/><E30/><V132/><F132/><W71/><G128/><T24/><D24/><N who="1" m="14439" /><E29/><V113/><F113/><W86/><G75/><T10/><D69/><U5/><E5/><V2/><F2/><W33/><REACH who="3" step="1"/><G67/><REACH who="3" ten="272,218,170,330" step="2"/><T89/><REACH who="0" step="1"/><D10/><REACH who="0" ten="262,218,170,330" step="2"/><U57/><E66/><AGARI ba="0,2" hai="15,17,22,42,43,49,52,56,64,65,66,85,89,92" machi="66" ten="40,12000,2" yaku="1,1,2,1,25,2,8,1,54,1,53,0" doraHai="28" doraHaiUra="74" who="0" fromWho="1" sc="262,140,218,-120,170,0,330,0" /><INIT seed="3,0,0,4,4,33" ten="402,98,170,330" oya="3" hai0="134,19,8,67,20,4,95,29,116,14,126,58,130" hai1="114,53,21,6,118,104,25,92,117,35,7,37,62" hai2="5,125,63,15,41,109,128,78,13,18,16,122,69" hai3="89,71,94,61,132,48,75,34,50,111,131,91,110"/><W9/><G34/><T59/><D116/><N who="1" m="44651" /><E104/><V64/><F122/><W57/><G75/><T60/><D134/><U36/><E114/><V27/><F109/><N who="3" m="41483" /><G131/><T133/><D133/><U32/><E92/><V2/><F128/><W38/><G38/><N who="1" m="14954" /><E62/><V129/><F129/><W46/><G132/><T108/><D126/><U82/><E82/><V39/><F125/><W81/><G71/><T88/><D130/><U86/><E86/><V97/><F78/><W40/><G50/><T54/><D29/><N who="1" m="17583" /><E53/><V31/><F39/><W12/><G81/><T79/><D79/><U103/><E103/><V65/><F41/><W113/><G113/><T49/><D108/><U23/><E23/><V42/><F42/><W70/><G70/><T84/><D20/><U22/><E22/><V98/><F65/><N who="3" m="39087" /><G94/><T68/><REACH who="0" step="1"/><D68/><REACH who="0" ten="392,98,170,330" step="2"/><U93/><E35/><V51/><F31/><W120/><G120/><T72/><D72/><U66/><E32/><V26/><F69/><W100/><G100/><T135/><D135/><U85/><E66/><V123/><F64/><W112/><G112/><T99/><D99/><U87/><E87/><V105/><F123/><W96/><G96/><T90/><D90/><AGARI ba="0,1" hai="6,7,85,90,93" m="17583,14954,44651" machi="90" ten="30,1000,0" yaku="12,1" doraHai="33" who="1" fromWho="0" sc="392,-10,98,20,170,0,330,0" /><INIT seed="4,0,0,0,3,114" ten="382,118,170,330" oya="0" hai0="50,101,110,69,71,57,97,104,21,135,29,55,58" hai1="32,18,133,6,52,92,24,53,49,76,81,121,56" hai2="118,3,84,10,105,47,25,74,46,129,107,8,96" hai3="72,60,34,80,70,122,91,45,63,40,4,37,102"/><T87/><D110/><U66/><E121/><V83/><F74/><W82/><G34/><T132/><D87/><U2/><E133/><N who="0" m="51273" /><D58/><U78/><E66/><V36/><F36/><W1/><G102/><T48/><D48/><U61/><E92/><V116/><F129/><W100/><G100/><T35/><D35/><U73/><E78/><V112/><F25/><AGARI ba="0,0" hai="21,25,29,50,55,57,69,71,97,101,104" m="51273" machi="25" ten="30,1500,0" yaku="20,1" doraHai="114" who="0" fromWho="2" sc="382,15,118,0,170,-15,330,0" /><INIT seed="4,1,0,3,2,83" ten="397,118,155,330" oya="0" hai0="0,95,40,101,66,126,20,7,80,98,117,13,127" hai1="17,79,70,81,30,75,63,51,130,94,91,78,97" hai2="90,120,5,77,47,25,2,69,1,52,118,103,104" hai3="35,28,65,73,19,111,6,84,54,129,22,125,34"/><T87/><D117/><U106/><E130/><V16/><F120/><W12/><G73/><T135/><D66/><U119/><E119/><V100/><F69/><W38/><G38/><T36/><D0/><U110/><E110/><V88/><F104/><W9/><G65/><T53/><D53/><U72/><E30/><V58/><F77/><N who="1" m="29193" /><E51/><V99/><F47/><W27/><G125/><N who="0" m="47627" /><D36/><U113/><E17/><V124/><F124/><W92/><G111/><T60/><D60/><U56/><E56/><V14/><F118/><W93/><G129/><T82/><D82/><U8/><E8/><N who="2" m="4367" /><F1/><W42/><G35/><T123/><D123/><U23/><E23/><N who="2" m="13543" /><F2/><W33/><G33/><T116/><D116/><U10/><E10/><V114/><F114/><W49/><G34/><T86/><D40/><U74/><E70/><V134/><F134/><W96/><G42/><T132/><D80/><U108/><E108/><V67/><F67/><W59/><G28/><T112/><D112/><U122/><E122/><V26/><F26/><W11/><G27/><T45/><D45/><U105/><E113/><V43/><F43/><W76/><G6/><T21/><D7/><U109/><E109/><V3/><F3/><W133/><G133/><N who="0" m="51275" /><D13/><U61/><E61/><N who="2" m="36039" /><F99/><W107/><G96/><T18/><D18/><U39/><E39/><V121/><F121/><W50/><G19/><T48/><D48/><U64/><E64/><V102/><AGARI ba="1,0" hai="88,90,100,102,103" m="36039,13543,4367" machi="102" ten="30,7900,0" yaku="8,1,54,3" doraHai="83" who="2" fromWho="2" sc="397,-40,118,-21,155,82,330,-21" /><INIT seed="5,0,0,1,1,30" ten="357,97,237,309" oya="1" hai0="124,133,112,111,44,82,98,92,38,15,60,79,57" hai1="116,71,73,61,34,51,113,127,95,40,41,65,125" hai2="35,8,64,114,123,66,78,93,62,85,89,31,115" hai3="83,18,101,28,26,36,56,131,119,128,122,17,10"/><U11/><E73/><V5/><F123/><W87/><G122/><T117/><D111/><U32/><E116/><V72/><F72/><W20/><G36/><T68/><D112/><N who="2" m="43050" /><F78/><W48/><G101/><T55/><D117/><U12/><E113/><V21/><F21/><W25/><G119/><T106/><D133/><U4/><E95/><V23/><F23/><W59/><G48/><T81/><D124/><N who="1" m="47691" /><E51/><V47/><F47/><W75/><G75/><T42/><D106/><U120/><E120/><V13/><F62/><W1/><G83/><T135/><D79/><U50/><E50/><V129/><F129/><N who="3" m="49739" /><G87/><T121/><D15/><U94/><E94/><V97/><F97/><W134/><G134/><T58/><D68/><U104/><E104/><V77/><F77/><W33/><G1/><T45/><D45/><U96/><E96/><V39/><F39/><W105/><G105/><T24/><D135/><U90/><E90/><V109/><F109/><W16/><G10/><T29/><D58/><AGARI ba="0,0" hai="16,17,18,20,25,26,28,33,56,58,59" m="49739" machi="58" ten="30,3900,0" yaku="19,1,52,1,54,1" doraHai="30" who="3" fromWho="0" sc="357,-39,97,0,237,0,309,39" /><INIT seed="6,0,0,3,5,88" ten="318,97,237,348" oya="2" hai0="26,103,52,65,73,46,57,91,125,98,107,102,132" hai1="99,37,105,47,17,74,62,7,85,44,82,58,25" hai2="110,112,120,71,84,124,42,6,55,89,36,16,90" hai3="119,114,22,8,54,130,66,56,64,101,123,115,2"/><V94/><F120/><W60/><G119/><T133/><D73/><U77/><E37/><V97/><F71/><W104/><G123/><T122/><D122/><U41/><E7/><V68/><F68/><W108/><G108/><T3/><D3/><U128/><E128/><V111/><F6/><N who="3" m="1111" /><G130/><T0/><D0/><U1/><E1/><V9/><F36/><W31/><G101/><T38/><D65/><U69/><E69/><V116/><F116/><W134/><G104/><T79/><D79/><U10/><E74/><V29/><F29/><W5/><G134/><N who="0" m="51819" /><D26/><U129/><E129/><V24/><F42/><W131/><G5/><T18/><D18/><U86/><E41/><V72/><F72/><W92/><G131/><T78/><D107/><U43/><E43/><V32/><F32/><W13/><G31/><T87/><D78/><U28/><E86/><V50/><F124/><W30/><G30/><T135/><D98/><U23/><E105/><V106/><F106/><W21/><G66/><T118/><D125/><U27/><E99/><V121/><F121/><W117/><G64/><T83/><D118/><U34/><REACH who="1" step="1"/><E10/><REACH who="1" ten="318,87,237,348" step="2"/><V100/><F9/><W80/><G117/><T39/><D135/><U61/><E61/><V93/><F100/><N who="0" m="38442" /><D46/><U59/><E59/><V20/><REACH who="2" step="1"/><F112/><REACH who="2" ten="318,87,227,348" step="2"/><W63/><G115/><T45/><D45/><AGARI ba="0,2" hai="16,20,24,45,50,55,84,89,90,93,94,97,110,111" machi="45" ten="40,12000,1" yaku="1,1,2,1,52,2,54,1,53,0" doraHai="88" doraHaiUra="70" who="2" fromWho="0" sc="318,-120,87,0,227,140,348,0" /><INIT seed="6,1,0,5,2,8" ten="198,87,367,348" oya="2" hai0="33,114,20,10,88,54,40,129,82,113,26,72,37" hai1="93,47,111,134,46,133,126,35,65,130,29,30,22" hai2="84,131,31,107,4,43,0,97,56,61,128,71,123" hai3="9,5,64,59,2,118,14,89,122,17,86,68,52"/><V112/><F123/><W63/><G118/><T100/><D129/><N who="2" m="49738" /><F71/><W115/><G115/><N who="0" m="44043" /><D33/><U120/><E130/><V39/><F31/><W74/><G74/><T67/><D67/><U48/><E111/><V78/><F78/><W87/><G122/><T58/><D100/><U51/><E120/><V23/><F84/><W42/><G42/><T73/><D40/><U69/><E65/><V16/><F0/><W132/><G132/><T106/><D37/><U19/><E69/><V99/><F4/><W11/><REACH who="3" step="1"/><G89/><REACH who="3" ten="198,87,367,338" step="2"/><T28/><D106/><U15/><E134/><V21/><F112/><W18/><G18/><T50/><D10/><U127/><E133/><V1/><F43/><W76/><G76/><T44/><D44/><U105/><E47/><V92/><F39/><W34/><G34/><T81/><D73/><U116/><E46/><V53/><F1/><W45/><G45/><T83/><D72/><U125/><E35/><V38/><F38/><W79/><G79/><T96/><D96/><U6/><E116/><V57/><F16/><W91/><G91/><AGARI ba="1,1" hai="20,26,28,50,54,58,81,82,83,88,91" m="44043" machi="91" ten="30,2000,0" yaku="15,1,54,1" doraHai="8" who="0" fromWho="3" sc="198,33,87,0,367,0,338,-23" /><INIT seed="7,0,0,2,1,120" ten="231,87,367,315" oya="3" hai0="21,54,97,77,26,128,69,0,43,93,99,92,133" hai1="91,62,105,85,14,109,117,106,40,41,135,24,80" hai2="73,115,56,101,66,124,13,61,67,79,89,96,90" hai3="100,25,38,7,45,16,8,44,68,76,102,107,59"/><W81/><G68/><T108/><D69/><U27/><E135/><V82/><F124/><W3/><G59/><T86/><D133/><U114/><E114/><V134/><F134/><W42/><G107/><T19/><D0/><U125/><E125/><V104/><F115/><W49/><G25/><T34/><D34/><U111/><E62/><V95/><F104/><W22/><G22/><T131/><D43/><U39/><E14/><V50/><F50/><W15/><G16/><T87/><D77/><U47/><E117/><V9/><F67/><W5/><G5/><AGARI ba="0,0" hai="5,9,13,56,61,66,73,79,82,89,90,95,96,101" machi="5" ten="30,1000,0" yaku="7,1" doraHai="120" who="2" fromWho="3" sc="231,0,87,0,367,10,315,-10" owari="231,-17.0,87,-41.0,377,47.0,305,11.0" /></mjloggm>