<mjloggm ver="2.3"><GO type="41" lobby="0"/><UN n0="%73%68%69%6D%6F%71" n1="%E7%9C%9F%E5%89%A3%E6%A7%98%E8%BB%8D%E5%9B%A3%EF%BC%A0%E3%81%82%E3%81%8B" n2="%6B%62%37%37%37" n3="%E2%93%9D%53%75%70%68%78" dan="13,13,15,18" rate="1832.20,1835.23,1985.78,2135.26" sx="M,F,M,M"/><TAIKYOKU oya="0"/><INIT seed="0,0,0,2,4,80" ten="250,250,250,250" oya="0" hai0="68,126,133,49,124,28,22,131,39,88,6,60,114" hai1="51,35,115,102,83,40,128,5,48,120,130,46,87" hai2="104,44,134,64,38,108,125,127,118,3,52,67,45" hai3="23,112,34,81,95,50,17,101,30,62,56,32,90"/><T59/><D39/><U47/><E120/><V8/><F104/><W129/><G129/><T9/><D114/><U73/><E73/><V70/><F3/><W71/><G71/><T116/><D116/><U78/><E115/><V53/><F8/><W103/><G30/><T92/><D131/><U76/><E35/><V12/><F12/><W97/><G50/><T14/><D68/><U69/><E102/><V113/><F113/><W111/><G111/><T58/><D133/><U13/><E78/><V37/><F108/><W10/><G10/><T63/><D49/><U42/><E69/><V109/><F109/><W99/><G112/><T96/><D58/><U15/><E15/><V135/><F70/><W79/><G34/><T91/><D91/><U100/><E100/><V43/><F43/><W84/><G32/><T105/><D105/><U117/><E117/><AGARI ba="0,0" hai="37,38,44,45,52,53,64,67,117,118,125,127,134,135" machi="117" ten="25,12000,2" yaku="22,2,34,3,54,1" doraHai="80" who="2" fromWho="1" sc="250,0,250,-120,250,120,250,0" /><INIT seed="1,0,0,5,0,42" ten="250,130,370,250" oya="1" hai0="111,25,91,3,18,22,76,128,105,119,53,57,114" hai1="122,32,15,131,33,112,47,79,20,118,5,100,29" hai2="61,67,82,0,50,107,8,30,78,37,89,75,62" hai3="93,135,81,44,124,26,108,123,65,68,46,58,120"/><U90/><E118/><V73/><F107/><W6/><G6/><T41/><D105/><U49/><E122/><V71/><F37/><W19/><G135/><T102/><D102/><U63/><E112/><V80/><F30/><W103/><G68/><T28/><D3/><U24/><E131/><V110/><F110/><W106/><G124/><T117/><D114/><U74/><E63/><V134/><F134/><W17/><G106/><T101/><D101/><U86/><E74/><V12/><F0/><W126/><G126/><T45/><D111/><U54/><E79/><V11/><F50/><W1/><G1/><T56/><D128/><U7/><E100/><V87/><F75/><W97/><G108/><T35/><D76/><U104/><E104/><V51/><F12/><W39/><G39/><T9/><D9/><U60/><E60/><V14/><F14/><W52/><G65/><T23/><D23/><U27/><E15/><V64/><REACH who="2" step="1"/><F51/><REACH who="2" ten="250,130,360,250" step="2"/><N who="3" m="31007" /><G123/><T115/><D115/><U130/><E130/><V77/><F77/><W84/><G120/><T40/><D28/><U129/><E129/><V70/><AGARI ba="0,1" hai="8,11,61,62,64,67,70,71,73,78,80,82,87,89" machi="70" ten="20,5200,0" yaku="1,1,0,1,7,1,9,1,53,0" doraHai="42" doraHaiUra="55" who="2" fromWho="2" sc="250,-13,130,-26,360,62,250,-13" /><INIT seed="2,0,0,4,2,121" ten="237,104,422,237" oya="2" hai0="76,65,29,71,20,125,57,101,112,64,24,8,107" hai1="3,47,95,116,80,128,93,21,52,126,111,88,4" hai2="94,41,23,96,54,113,110,10,72,15,124,106,45" hai3="135,30,92,73,102,133,87,53,67,97,79,91,70"/><V51/><F113/><W129/><G53/><T17/><D76/><U117/><E111/><V98/><F124/><W18/><G30/><T49/><D125/><U11/><E126/><V134/><F134/><N who="3" m="51211" /><G18/><T34/><D112/><U13/><E128/><V103/><F72/><W81/><G67/><T40/><D8/><U35/><E35/><V118/><F23/><W36/><G36/><T74/><D74/><U130/><E80/><V132/><F132/><W32/><G70/><T31/><D31/><U19/><E95/><V12/><F118/><W7/><G7/><T50/><D40/><U38/><E130/><V25/><F25/><W69/><G69/><T109/><D64/><U61/><E38/><V6/><F110/><W123/><G32/><T55/><D50/><U2/><E2/><V16/><F54/><W100/><G129/><T119/><D65/><U14/><E3/><V60/><F60/><W127/><G127/><T56/><D56/><U104/><E104/><V59/><F59/><W89/><G123/><T68/><D119/><U99/><REACH who="1" step="1"/><E61/><REACH who="1" ten="237,94,422,237" step="2"/><V114/><F114/><W9/><G9/><T108/><D71/><U84/><E84/><V78/><F78/><W82/><AGARI ba="0,1" hai="73,79,81,82,87,89,91,92,97,100,102" m="51211" machi="82" ten="30,4000,0" yaku="20,1,34,2" doraHai="121" who="3" fromWho="3" sc="237,-10,94,-10,422,-20,237,50" /><INIT seed="3,0,0,4,5,120" ten="227,84,402,287" oya="3" hai0="109,24,57,13,79,15,67,93,37,84,7,2,5" hai1="61,35,1,56,39,114,44,46,65,95,60,55,117" hai2="122,23,22,100,9,91,31,36,29,47,72,41,124" hai3="112,118,123,63,4,130,99,58,89,102,8,66,19"/><W134/><G123/><T111/><D37/><U82/><E35/><V80/><F124/><W108/><G112/><T0/><D24/><U115/><E1/><N who="0" m="617" /><D67/><U107/><E95/><V69/><F69/><W59/><G118/><T129/><D57/><U98/><E82/><V11/><F100/><W40/><G130/><T16/><D79/><U121/><E121/><V30/><F122/><W18/><G134/><T70/><D70/><U76/><E76/><V32/><F32/><W71/><G40/><T20/><D84/><U126/><E117/><V17/><F23/><W127/><G59/><T83/><D93/><U97/><E56/><V45/><F45/><W10/><G127/><T53/><D83/><U110/><E65/><V27/><F72/><W68/><G68/><T103/><D53/><U94/><E94/><V62/><F62/><W131/><G131/><T92/><D92/><U25/><E25/><V21/><REACH who="2" step="1"/><F22/><REACH who="2" ten="227,84,392,287" step="2"/><W87/><G63/><T106/><D129/><U6/><E61/><V33/><F33/><W28/><G71/><T50/><D50/><U38/><E60/><V54/><F54/><W86/><G66/><T77/><D77/><U48/><E55/><V43/><F43/><W116/><G116/><T52/><D52/><U119/><E119/><V90/><F90/><W88/><G89/><T64/><D64/><U42/><E42/><V105/><F105/><W49/><G88/><T132/><D103/><U14/><E126/><V81/><F81/><W26/><G58/><T133/><D106/><U128/><E107/><V3/><F3/><W74/><G102/><RYUUKYOKU ba="0,1" sc="227,-10,84,-10,392,30,287,-10" hai2="9,11,17,21,27,29,30,31,36,41,47,80,91" /><INIT seed="4,1,1,5,0,89" ten="217,74,422,277" oya="0" hai0="23,40,37,53,101,125,13,102,44,7,76,72,67" hai1="3,6,90,64,42,99,113,57,130,15,14,33,47" hai2="63,86,115,62,122,21,74,75,19,39,32,35,114" hai3="43,17,1,134,127,112,110,105,5,95,49,73,2"/><T70/><D23/><U97/><E33/><V36/><F86/><W30/><G110/><T83/><D125/><U103/><E130/><V69/><F21/><W61/><G105/><T9/><D53/><U98/><E113/><V11/><F69/><W65/><G134/><T68/><D67/><U22/><E3/><V10/><REACH who="2" step="1"/><F19/><REACH who="2" ten="217,74,412,277" step="2"/><W45/><G17/><T92/><REACH who="0" step="1"/><D101/><REACH who="0" ten="207,74,412,277" step="2"/><U123/><E22/><V79/><F79/><W34/><G127/><T126/><D126/><U59/><E103/><V38/><F38/><W82/><G65/><T121/><D121/><AGARI ba="1,3" hai="10,11,32,35,36,39,62,63,74,75,114,115,121,122" machi="121" ten="25,3200,0" yaku="1,1,22,2,53,0" doraHai="89" doraHaiUra="54" who="2" fromWho="0" sc="207,-35,74,0,412,65,277,0" /><INIT seed="5,0,0,0,3,105" ten="172,74,477,277" oya="1" hai0="122,88,27,97,84,34,20,100,77,104,74,125,90" hai1="87,15,17,69,128,132,51,72,79,76,13,56,83" hai2="92,91,65,39,115,33,108,59,26,12,32,95,134" hai3="112,19,68,5,67,78,55,37,35,62,6,135,106"/><U107/><E107/><V93/><F39/><W110/><G110/><T121/><D34/><U82/><E132/><V4/><F108/><W94/><G112/><T103/><D125/><U24/><E69/><V23/><F115/><W1/><G37/><T120/><D20/><U133/><E133/><V73/><F73/><W29/><G19/><T54/><D54/><U99/><E99/><V41/><F41/><W30/><G78/><T14/><D14/><U42/><E128/><V57/><F33/><W40/><G94/><N who="2" m="36457" /><F32/><W28/><G40/><T98/><D27/><U109/><E109/><V36/><F36/><W126/><G106/><N who="0" m="63759" /><D84/><U75/><E87/><N who="2" m="52735" /><F65/><W113/><G113/><T61/><D61/><U49/><E49/><V25/><F25/><W129/><G35/><T71/><D71/><U81/><E81/><AGARI ba="0,0" hai="74,77,81,88,90,98,103,104,120,121,122" m="63759" machi="81" ten="30,8000,1" yaku="13,1,34,2,52,1,54,1" doraHai="105" who="0" fromWho="1" sc="172,80,74,-80,477,0,277,0" owari="252,-15.0,-6,-51.0,477,58.0,277,8.0" /></mjloggm>