<mjloggm ver="2.3"><GO type="41" lobby="0"/><UN n0="%68%6C%64%6D%75%63%75%73" n1="%4B%6F%62%61%31%39%36%36" n2="%E2%93%9D%53%75%70%68%78" n3="%78%61%62%69%38" dan="14,14,18,15" rate="1894.02,2028.07,2087.95,2017.57" sx="F,M,M,M"/><TAIKYOKU oya="0"/><INIT seed="0,0,0,5,1,105" ten="250,250,250,250" oya="0" hai0="103,113,32,1,46,5,65,123,101,91,85,19,82" hai1="61,43,100,22,70,42,116,93,73,34,119,74,38" hai2="97,72,78,79,120,94,53,63,106,26,0,39,102" hai3="98,60,8,112,35,33,125,134,48,127,28,68,7"/><T126/><D113/><U15/><E34/><V99/><F39/><W80/><G112/><T111/><D123/><U89/><E100/><V31/><F0/><W36/><G36/><T130/><D130/><U90/><E61/><V108/><F108/><W58/><G68/><T110/><D32/><U128/><E38/><V115/><F120/><W51/><G28/><T129/><D129/><U13/><E128/><V132/><F132/><W52/><G98/><T30/><D30/><U71/><E93/><V95/><F115/><W44/><G80/><T92/><D126/><N who="3" m="48137" /><G51/><T75/><D65/><U121/><E22/><V37/><F37/><W11/><G11/><T64/><D64/><U16/><E121/><V87/><F106/><W86/><G86/><T25/><D46/><U118/><E118/><V2/><F87/><W109/><G109/><N who="0" m="41483" /><D5/><U14/><E14/><V96/><F96/><W122/><G134/><T6/><D6/><U49/><E49/><V23/><F99/><W17/><G17/><AGARI ba="0,0" hai="13,15,16,17,42,43,70,71,73,74,89,90,116,119" machi="17" ten="25,8000,1" yaku="22,2,52,2,54,1" doraHai="105" who="1" fromWho="3" sc="250,0,250,80,250,0,250,-80" /><INIT seed="1,0,0,1,0,118" ten="250,330,250,170" oya="1" hai0="123,33,84,37,5,81,115,63,31,130,66,19,124" hai1="35,20,101,89,27,49,32,61,69,107,106,7,94" hai2="17,67,134,68,113,103,62,104,70,128,3,56,131" hai3="10,120,100,97,25,119,42,43,18,108,83,75,88"/><U99/><E7/><V51/><F3/><W24/><G119/><T59/><D115/><U40/><E107/><V60/><F17/><W109/><G75/><T125/><D130/><N who="2" m="49706" /><F103/><W122/><G10/><T1/><D37/><U65/><E49/><V133/><F104/><W78/><G78/><T13/><D5/><U92/><E40/><N who="3" m="15402" /><G100/><T36/><D36/><U79/><E79/><V98/><F98/><W91/><G83/><T8/><D1/><U126/><E126/><V129/><F129/><W105/><G105/><T74/><D74/><U73/><E73/><V90/><F90/><N who="3" m="34347" /><G97/><T132/><D132/><N who="2" m="50794" /><F113/><W4/><G4/><T45/><D31/><U12/><E12/><V111/><F111/><N who="3" m="42571" /><G18/><T116/><D116/><U53/><E53/><N who="2" m="31807" /><F62/><W135/><G135/><T9/><D63/><U76/><E76/><V41/><F41/><W110/><N who="3" m="42579" /><W38/><DORA hai="80" /><G38/><T72/><D19/><U29/><E106/><V47/><F47/><W55/><G55/><T93/><D45/><U14/><E14/><V127/><F127/><W21/><G21/><T26/><D13/><U30/><REACH who="1" step="1"/><E30/><REACH who="1" ten="250,320,250,170" step="2"/><V23/><F23/><W117/><G117/><T64/><D124/><U52/><E52/><V6/><F6/><W46/><G46/><T28/><D125/><U0/><E0/><V95/><F95/><W121/><AGARI ba="0,1" hai="24,25,120,121,122" m="42579,34347,15402" machi="121" ten="50,12000,2" yaku="28,2,14,1,52,3,54,1" doraHai="118,80" who="3" fromWho="3" sc="250,-30,320,-60,250,-30,170,130" /><INIT seed="2,0,0,2,0,55" ten="220,260,220,300" oya="2" hai0="54,133,120,73,107,32,83,77,113,20,117,82,58" hai1="71,62,22,19,116,44,93,28,10,18,112,85,128" hai2="119,79,76,33,52,13,4,49,59,70,104,47,110" hai3="109,3,121,88,84,126,130,5,65,57,39,123,60"/><V46/><F119/><W131/><G39/><T36/><D32/><U97/><E116/><V90/><F70/><W74/><G74/><T91/><D120/><U25/><E112/><V41/><F104/><W8/><G126/><T105/><D113/><U43/><E128/><N who="3" m="49194" /><G109/><T15/><D133/><U81/><E71/><V9/><F33/><W45/><G45/><T51/><D36/><U135/><E135/><V30/><F110/><W12/><G3/><T95/><D83/><AGARI ba="0,0" hai="5,8,12,57,60,65,83,84,88,121,123" m="49194" machi="83" ten="30,3900,0" yaku="19,1,52,1,54,1" doraHai="55" who="3" fromWho="0" sc="220,-39,260,0,220,0,300,39" /><INIT seed="3,0,0,2,4,108" ten="181,260,220,339" oya="3" hai0="39,1,125,53,57,126,56,83,90,11,5,63,128" hai1="55,120,42,110,107,115,36,14,121,114,51,31,26" hai2="130,28,61,74,15,33,8,87,133,118,65,112,103" hai3="95,94,105,91,35,70,34,44,127,88,78,119,23"/><W98/><G119/><T9/><D128/><U48/><E107/><V20/><F74/><W85/><G127/><T62/><D39/><U7/><E110/><V89/><F133/><W27/><G70/><T82/><D11/><U40/><E7/><V111/><F33/><W29/><G105/><T76/><D90/><U86/><E14/><V93/><F130/><W124/><G124/><N who="0" m="47723" /><D76/><U100/><E100/><V129/><F118/><W2/><G2/><T67/><AGARI ba="0,0" hai="1,5,9,53,56,57,62,63,67,82,83" m="47723" machi="67" ten="30,1100,0" yaku="18,1" doraHai="108" who="0" fromWho="0" sc="181,11,260,-3,220,-3,339,-5" /><INIT seed="4,0,0,2,5,31" ten="192,257,217,334" oya="0" hai0="82,98,86,114,46,22,106,88,122,71,89,95,0" hai1="8,38,4,107,43,75,17,49,11,97,85,55,9" hai2="42,68,3,129,101,105,34,102,99,134,52,93,111" hai3="18,19,77,41,53,1,127,79,29,45,48,125,44"/><T128/><D122/><U84/><E75/><V54/><F111/><W110/><G110/><T78/><D71/><U33/><E33/><V132/><F3/><W36/><G29/><T117/><D0/><U7/><E38/><V73/><F129/><W118/><G1/><T28/><D117/><U80/><E43/><V70/><F42/><W60/><G60/><T74/><D128/><U63/><E63/><V131/><F131/><W27/><G118/><T108/><D108/><U50/><E17/><N who="3" m="6154" /><G27/><N who="0" m="16503" /><D46/><U14/><E107/><V51/><F73/><W67/><G67/><T116/><D116/><U96/><E14/><V32/><F105/><W103/><G103/><N who="0" m="62839" /><D89/><U25/><E25/><V72/><F72/><W39/><G39/><T126/><D114/><U83/><E11/><V10/><F10/><W69/><G69/><N who="2" m="26729" /><F102/><W94/><G94/><T115/><D115/><U130/><REACH who="1" step="1"/><E130/><REACH who="1" ten="192,247,217,334" step="2"/><V112/><F112/><W92/><G36/><T20/><D20/><U21/><E21/><V124/><F34/><W100/><G41/><T26/><D26/><U30/><E30/><V58/><F32/><W123/><G123/><T5/><D5/><U66/><E66/><V56/><F54/><AGARI ba="0,1" hai="4,7,8,9,49,50,54,55,80,83,84,85,96,97" machi="54" ten="25,6400,0" yaku="1,1,22,2,8,1,53,0" doraHai="31" doraHaiUra="61" who="1" fromWho="2" sc="192,0,247,74,217,-64,334,0" /><INIT seed="5,0,0,4,1,134" ten="192,321,153,334" oya="1" hai0="30,64,75,55,112,130,41,11,122,110,82,125,96" hai1="60,49,53,127,14,99,69,16,50,72,78,18,124" hai2="5,67,62,92,52,8,23,48,24,73,88,132,80" hai3="123,31,87,61,129,85,84,10,6,118,42,109,94"/><U83/><E99/><V7/><F132/><W39/><G123/><T56/><D110/><U40/><E40/><V37/><F37/><W113/><G109/><T32/><D112/><U43/><E43/><V79/><F8/><W89/><G113/><T117/><D117/><U2/><E2/><V111/><F111/><W119/><G31/><T97/><D130/><U29/><E29/><V33/><F33/><W121/><G121/><T26/><D64/><U19/><E14/><V98/><F67/><W104/><G61/><T77/><D122/><U36/><E36/><V51/><F51/><W0/><G104/><T3/><D41/><U15/><E15/><V135/><F135/><W76/><G76/><T95/><D95/><U115/><E115/><V106/><F106/><W59/><G59/><T116/><D116/><N who="3" m="44585" /><G129/><T120/><D120/><U27/><E27/><V4/><F62/><W114/><G114/><T70/><D70/><U28/><E28/><V57/><REACH who="2" step="1"/><F7/><REACH who="2" ten="192,321,143,334" step="2"/><W65/><G65/><T58/><D11/><U13/><E69/><V86/><F86/><W100/><G39/><T25/><D32/><U12/><E60/><V107/><F107/><W91/><G10/><T131/><D131/><U108/><E108/><V101/><F101/><W17/><G100/><T45/><D75/><U71/><E71/><V46/><F46/><W22/><G84/><T102/><D45/><N who="1" m="27823" /><E50/><V126/><F126/><N who="1" m="48169" /><E72/><V66/><F66/><W63/><G63/><T47/><D47/><U44/><E44/><V20/><F20/><W21/><G21/><T81/><D125/><U90/><E90/><RYUUKYOKU ba="0,1" sc="192,-15,321,15,143,15,334,-15" hai1="12,13,16,18,19,78,83" hai2="4,5,23,24,48,52,57,73,79,80,88,92,98" /><INIT seed="5,1,1,2,5,14" ten="177,336,158,319" oya="1" hai0="90,3,26,24,106,128,31,113,93,125,75,6,19" hai1="73,77,135,117,17,57,62,98,132,42,64,84,127" hai2="78,32,29,88,59,71,43,86,94,27,121,124,119" hai3="116,47,79,34,36,110,97,11,82,80,105,45,0"/><U1/><E117/><V123/><F119/><W46/><G36/><T50/><D106/><U67/><E73/><V15/><F71/><W60/><G34/><T69/><D113/><U96/><E1/><V122/><F124/><W44/><G110/><T51/><D125/><U100/><E42/><V2/><F2/><W8/><G116/><T111/><D111/><U30/><E30/><V23/><F43/><W55/><G0/><T126/><D75/><U114/><E127/><V102/><F102/><W120/><G79/><T101/><D101/><U41/><E41/><V107/><F107/><W35/><G35/><T66/><D128/><U74/><E74/><V68/><F68/><W103/><G60/><T37/><D37/><U40/><E40/><V131/><F78/><W91/><G91/><T18/><D66/><U9/><E114/><V7/><F59/><W72/><G72/><T13/><D69/><U81/><E67/><V39/><F39/><W112/><G112/><T76/><D76/><U130/><E130/><V5/><REACH who="2" step="1"/><F131/><REACH who="2" ten="177,336,148,319" step="2"/><W118/><G118/><T89/><D3/><U21/><E100/><V16/><AGARI ba="1,2" hai="5,7,15,16,23,27,29,32,86,88,94,121,122,123" machi="16" ten="40,12000,2" yaku="1,1,2,1,0,1,52,1,54,2,53,0" doraHai="14" doraHaiUra="52" who="2" fromWho="2" sc="177,-31,336,-61,148,143,319,-31" /><INIT seed="6,0,0,4,4,49" ten="146,275,291,288" oya="2" hai0="103,11,58,8,68,102,126,56,90,47,12,13,62" hai1="23,83,40,91,96,20,76,115,6,52,133,122,31" hai2="35,17,70,112,32,131,60,107,10,135,130,94,129" hai3="106,85,1,64,38,66,48,95,9,3,78,67,87"/><V16/><F107/><W28/><G106/><T55/><D126/><U24/><E115/><V82/><F112/><W54/><G38/><T89/><D47/><U69/><E69/><V134/><F94/><W30/><G3/><T74/><D62/><U7/><E133/><N who="2" m="50699" /><F82/><N who="3" m="47319" /><G9/><T34/><D34/><N who="2" m="12842" /><F10/><W25/><G1/><T4/><D74/><U120/><E40/><V46/><F46/><N who="3" m="27927" /><G25/><T18/><D18/><U86/><E23/><V5/><F5/><W105/><G105/><T97/><D97/><U124/><E124/><V39/><F39/><W77/><G95/><T127/><D127/><U79/><E6/><V33/><F33/><W42/><G42/><T21/><D4/><U29/><E7/><V75/><F75/><W118/><G118/><T113/><D113/><U123/><E31/><V26/><F26/><W59/><G59/><T93/><D93/><U27/><E27/><V50/><F50/><W61/><G61/><T132/><D132/><U22/><E22/><V114/><F114/><W19/><G19/><T44/><D21/><U121/><N who="1" m="30720" /><DORA hai="110" /><U92/><E92/><V15/><F15/><W53/><G30/><T104/><D104/><U116/><E116/><V101/><F101/><W128/><G28/><T63/><D63/><U71/><E71/><V14/><F14/><W43/><G43/><T80/><D68/><U88/><E91/><V100/><F100/><W41/><G41/><T37/><D37/><U117/><E117/><V2/><F2/><W125/><G125/><T81/><D44/><U45/><E96/><V109/><F109/><W0/><G0/><RYUUKYOKU ba="0,0" sc="146,10,275,10,291,10,288,-30" hai0="8,11,12,13,55,56,58,80,81,89,90,102,103" hai1="20,24,29,45,52,76,79,83,86,88" hai2="16,17,60,70,129,130,131" /><INIT seed="6,1,0,4,0,41" ten="156,285,301,258" oya="2" hai0="101,33,123,110,9,120,90,25,128,62,59,111,119" hai1="22,11,96,76,56,28,135,24,50,65,6,31,3" hai2="64,1,98,36,7,10,58,0,48,34,84,124,17" hai3="69,18,12,38,83,85,20,4,16,57,81,71,134"/><V86/><F36/><W66/><G38/><T8/><D101/><U131/><E131/><V27/><F1/><W52/><G4/><T106/><D106/><U95/><E135/><V70/><F70/><W79/><G134/><T104/><D104/><U29/><E76/><V53/><F124/><W127/><G66/><T55/><D128/><U117/><E117/><V132/><F64/><W91/><G127/><T63/><D119/><U72/><E72/><V93/><F132/><W61/><REACH who="3" step="1"/><G18/><REACH who="3" ten="156,285,301,248" step="2"/><T40/><D120/><U133/><E133/><V80/><F17/><W118/><G118/><T21/><D123/><U125/><E125/><V67/><F67/><W47/><G47/><T97/><D110/><U75/><E75/><AGARI ba="1,1" hai="12,16,20,52,57,61,69,71,75,79,81,83,85,91" machi="75" ten="30,7700,0" yaku="1,1,7,1,54,2,53,0" doraHai="41" doraHaiUra="113" who="3" fromWho="1" sc="156,0,285,-80,301,0,248,90" /><INIT seed="7,0,0,1,2,126" ten="156,205,301,338" oya="3" hai0="5,115,43,90,46,32,37,22,31,0,106,47,132" hai1="100,127,30,28,60,133,57,24,67,76,42,68,19" hai2="125,44,34,78,70,41,75,50,58,65,95,20,56" hai3="135,54,82,74,104,79,112,105,2,10,59,17,109"/><W6/><G112/><T69/><D132/><U71/><E133/><V63/><F34/><W107/><G135/><T94/><D106/><U35/><E127/><V16/><F125/><W123/><G123/><T122/><D122/><U103/><E76/><V96/><F75/><W84/><G17/><T66/><D32/><U62/><E42/><V39/><F78/><W93/><G109/><T21/><D115/><U111/><E111/><V121/><F39/><W45/><G45/><T55/><D31/><U88/><E19/><V77/><F77/><W80/><G80/><T4/><D4/><U134/><E134/><V12/><REACH who="2" step="1"/><F121/><REACH who="2" ten="156,205,291,338" step="2"/><W81/><G74/><T18/><D37/><U83/><E35/><V73/><F73/><W38/><G38/><T92/><D0/><U116/><E116/><V98/><F98/><W124/><G124/><T110/><D110/><U117/><E117/><V128/><F128/><W118/><G118/><T102/><D43/><U25/><E71/><V108/><F108/><W9/><G79/><T7/><D69/><U101/><E68/><V11/><F11/><W26/><G10/><T14/><D22/><U131/><E131/><V120/><F120/><W49/><G9/><T33/><D33/><U8/><E8/><V1/><F1/><W130/><G2/><T119/><D119/><U85/><E62/><V13/><F13/><W113/><G6/><T99/><D66/><U114/><E114/><V15/><F15/><W29/><G113/><T72/><D72/><U27/><AGARI ba="0,1" hai="24,25,27,28,30,57,60,67,83,85,88,100,101,103" machi="27" ten="30,4000,0" yaku="0,1,8,1,54,1" doraHai="126" who="1" fromWho="1" sc="156,-10,205,50,291,-10,338,-20" owari="146,-35.0,255,-14.0,281,8.0,318,41.0" /></mjloggm>