<mjloggm ver="2.3"><GO type="41" lobby="0"/><UN n0="%67%75%72%61%74%61%6E%33" n1="%68%65%79%74%61%78%69" n2="%E2%93%9D%53%75%70%68%78" n3="%53%77%69%74%63%68" dan="13,14,18,14" rate="1874.47,1941.29,2157.04,1878.27" sx="M,M,M,M"/><TAIKYOKU oya="0"/><INIT seed="0,0,0,4,2,132" ten="250,250,250,250" oya="0" hai0="67,69,53,36,28,54,134,31,34,27,10,77,25" hai1="135,59,133,11,66,40,101,115,84,15,104,70,108" hai2="128,22,86,105,62,107,61,23,65,46,48,81,38" hai3="74,17,129,73,4,131,100,35,75,126,7,56,98"/><T80/><D36/><U83/><E115/><V14/><F38/><W29/><G35/><T8/><D134/><N who="1" m="51211" /><E40/><V39/><F39/><W124/><G29/><T30/><D67/><U51/><E70/><V0/><F0/><W71/><G71/><T110/><D110/><U41/><E108/><V42/><F128/><N who="3" m="49227" /><G17/><T60/><D60/><N who="1" m="38175" /><E101/><V16/><F23/><W112/><G56/><T21/><D31/><U130/><E130/><V55/><F42/><W103/><G112/><T50/><D69/><U58/><E104/><V68/><REACH who="2" step="1"/><F62/><REACH who="2" ten="250,250,240,250" step="2"/><W93/><G103/><T96/><D54/><N who="1" m="32095" /><E41/><V79/><AGARI ba="0,1" hai="14,16,22,46,48,55,61,65,68,79,81,86,105,107" machi="79" ten="20,5200,0" yaku="1,1,0,1,7,1,54,1,53,0" doraHai="132" doraHaiUra="113" who="2" fromWho="2" sc="250,-26,250,-13,240,62,250,-13" /><INIT seed="1,0,0,1,5,130" ten="224,237,302,237" oya="1" hai0="66,22,59,3,99,125,85,124,60,126,98,120,108" hai1="70,96,78,45,105,133,100,127,44,40,52,56,47" hai2="41,77,16,67,51,10,36,53,131,95,104,91,54" hai3="25,90,132,20,29,7,129,107,8,42,76,94,48"/><U4/><E70/><V109/><F104/><W112/><G129/><T84/><D3/><U5/><E127/><V73/><F109/><W111/><G112/><T9/><D108/><U80/><E40/><V12/><F131/><W65/><G107/><T46/><D120/><U114/><E114/><V72/><F67/><W23/><G76/><T82/><D22/><U115/><E115/><V38/><F54/><W101/><G101/><T28/><D28/><U50/><REACH who="1" step="1"/><E133/><REACH who="1" ten="224,227,302,237" step="2"/><V37/><F41/><W89/><G132/><T43/><D9/><U31/><E31/><V103/><F38/><W135/><G135/><T123/><D123/><U33/><E33/><V110/><F37/><W86/><G29/><T102/><D102/><U21/><E21/><V11/><F110/><W63/><G111/><T64/><D126/><U13/><E13/><V113/><F36/><W81/><G23/><T69/><D43/><U0/><E0/><V117/><F11/><W1/><G20/><T24/><D24/><U75/><AGARI ba="0,1" hai="4,5,44,45,47,50,52,56,75,78,80,96,100,105" machi="75" ten="30,12000,1" yaku="1,1,0,1,54,1,53,2" doraHai="130" doraHaiUra="2" who="1" fromWho="1" sc="224,-40,227,130,302,-40,237,-40" /><INIT seed="1,1,0,0,3,32" ten="184,357,262,197" oya="1" hai0="66,114,122,128,7,18,35,22,125,95,67,26,43" hai1="61,73,41,115,62,83,99,16,2,3,98,110,36" hai2="134,123,120,15,84,101,25,39,46,52,109,12,47" hai3="56,87,19,106,28,37,85,126,23,132,89,54,76"/><U69/><E115/><V108/><F101/><W107/><G37/><T96/><D125/><U4/><E69/><V79/><F79/><W9/><G126/><T91/><D128/><U70/><E70/><V11/><F84/><W33/><G132/><T118/><D118/><U102/><E4/><V121/><F25/><W17/><G33/><T78/><D35/><U127/><E127/><V1/><F134/><W21/><G28/><T14/><D43/><U72/><E41/><V5/><F39/><W124/><G124/><T59/><D78/><U10/><E36/><V50/><REACH who="2" step="1"/><F47/><REACH who="2" ten="184,357,252,197" step="2"/><W133/><G76/><T48/><D26/><U111/><E102/><V82/><F82/><W129/><G87/><T8/><D95/><U68/><E83/><V63/><F63/><N who="1" m="24073" /><E68/><V31/><F31/><W100/><G100/><T135/><D91/><U130/><E130/><V103/><F103/><W92/><G133/><T116/><D135/><U24/><E24/><V112/><F112/><W38/><G38/><T49/><D14/><AGARI ba="1,1" hai="1,5,11,12,14,15,46,50,52,108,109,120,121,123" machi="14" ten="50,6400,0" yaku="1,1,52,1,54,1,53,0" doraHai="32" doraHaiUra="30" who="2" fromWho="0" sc="184,-67,357,0,252,77,197,0" /><INIT seed="2,0,0,3,0,34" ten="117,357,329,197" oya="2" hai0="57,0,92,30,32,55,90,109,43,129,74,133,112" hai1="58,79,60,131,101,110,24,105,96,82,107,132,18" hai2="76,94,130,75,12,115,5,66,81,72,63,23,25" hai3="103,116,83,7,38,111,65,106,71,85,8,120,78"/><V134/><F115/><W59/><G111/><T6/><D43/><U118/><E110/><V44/><F130/><W28/><G116/><T73/><D30/><U53/><E118/><V99/><F134/><W69/><G28/><T88/><D57/><U89/><E132/><V22/><F44/><W21/><G38/><T121/><D6/><U80/><E131/><V91/><F75/><W27/><G59/><T39/><D92/><N who="1" m="56335" /><E101/><V13/><F5/><W29/><G65/><T33/><D55/><U98/><E98/><V100/><F23/><W9/><G120/><T2/><D109/><U68/><E68/><V11/><F11/><W4/><G103/><T62/><D62/><U48/><E48/><V36/><F36/><W124/><G124/><T46/><D46/><U86/><E80/><V87/><F63/><W51/><G51/><T40/><D133/><U52/><E53/><V125/><F125/><W128/><G106/><T50/><D50/><U64/><E64/><V61/><F61/><W117/><G117/><T119/><D119/><U122/><E122/><V93/><REACH who="2" step="1"/><F66/><REACH who="2" ten="117,357,319,197" step="2"/><W126/><G126/><T54/><D39/><U35/><E35/><V102/><F102/><W10/><G128/><T67/><D129/><U104/><E105/><V47/><F47/><W127/><G127/><T114/><D67/><U56/><E58/><V37/><F37/><W14/><REACH who="3" step="1"/><G10/><REACH who="3" ten="117,357,319,187" step="2"/><T95/><D114/><U20/><AGARI ba="0,2" hai="18,20,24,52,56,60,79,82,86,104,107" m="56335" machi="20" ten="30,2000,0" yaku="25,1,54,1" doraHai="34" who="1" fromWho="1" sc="117,-5,357,40,319,-10,187,-5" /><INIT seed="3,0,0,5,4,58" ten="112,397,309,182" oya="3" hai0="113,25,30,12,67,37,5,109,110,73,20,50,127" hai1="133,64,121,18,57,115,62,24,51,79,17,81,98" hai2="31,1,78,86,23,90,63,48,92,14,11,55,68" hai3="21,97,7,71,120,52,80,38,13,3,42,111,128"/><W28/><G120/><T2/><D37/><U47/><E121/><V114/><F114/><W83/><G71/><T117/><D73/><U93/><E115/><V9/><F1/><W10/><G128/><T54/><D113/><U85/><E24/><V0/><F0/><W88/><G111/><T59/><D117/><U82/><E82/><V41/><F78/><W130/><G130/><T103/><D103/><U69/><E69/><V76/><F76/><W108/><G108/><T60/><D2/><U123/><E133/><V87/><F41/><W56/><G42/><T94/><D94/><U134/><E134/><V66/><F87/><W36/><G36/><T91/><D91/><N who="1" m="55615" /><E123/><V27/><REACH who="2" step="1"/><F14/><REACH who="2" ten="112,397,299,182" step="2"/><W4/><G3/><T49/><D127/><U116/><E116/><V34/><F34/><W6/><G38/><T99/><D99/><U65/><E64/><V40/><F40/><AGARI ba="0,1" hai="17,18,40,47,51,57,62,65,79,81,85" m="55615" machi="40" ten="30,2000,0" yaku="8,1,52,1" doraHai="58" who="1" fromWho="2" sc="112,0,397,30,299,-20,182,0" /><INIT seed="4,0,0,5,1,77" ten="112,427,279,182" oya="0" hai0="27,78,63,48,90,3,108,92,72,30,47,99,129" hai1="110,116,37,23,102,6,98,69,16,24,126,19,133" hai2="10,97,32,91,43,118,122,45,79,7,31,51,132" hai3="106,70,103,88,8,9,93,12,135,71,109,42,117"/><T53/><D108/><U56/><E116/><V20/><F132/><W62/><G109/><T134/><D134/><U68/><E37/><V119/><F32/><W50/><G117/><N who="2" m="44553" /><F79/><W22/><G106/><T55/><D129/><U84/><E110/><V76/><F76/><W35/><G103/><T0/><D63/><U65/><E133/><V115/><F115/><W64/><G35/><T29/><D55/><U86/><E126/><V89/><F97/><W131/><G71/><T75/><D29/><U80/><E86/><V95/><F95/><W74/><G74/><T4/><D4/><U100/><E6/><V82/><F82/><W113/><G113/><T59/><D59/><U25/><E68/><V44/><F44/><W105/><G105/><T36/><D36/><U54/><E69/><V13/><F122/><W15/><G131/><T14/><D14/><N who="1" m="9623" /><E65/><V1/><F31/><W121/><G15/><T66/><D66/><U111/><E111/><V2/><F2/><W87/><G121/><T124/><D124/><U52/><E54/><V123/><F123/><W128/><G128/><T120/><D120/><U57/><E57/><V41/><F41/><W60/><G70/><T17/><D17/><AGARI ba="0,0" hai="1,7,10,13,17,20,43,45,51,89,91" m="44553" machi="17" ten="30,1000,0" yaku="12,1" doraHai="77" who="2" fromWho="0" sc="112,-10,427,0,279,10,182,0" /><INIT seed="5,0,0,5,5,103" ten="102,427,289,182" oya="1" hai0="45,25,121,31,32,102,33,67,91,7,135,30,122" hai1="134,101,82,29,89,21,61,87,34,98,69,56,11" hai2="74,125,53,12,5,64,1,57,85,100,43,26,4" hai3="114,3,113,41,79,39,63,35,107,14,94,130,124"/><U46/><E134/><V42/><F1/><W51/><G3/><T23/><D102/><U15/><E69/><V129/><F74/><W105/><G35/><T77/><D77/><U128/><E128/><V38/><F125/><W97/><G39/><T127/><D45/><U109/><E34/><V28/><F64/><W108/><G108/><T49/><D49/><U22/><E46/><V66/><F66/><W131/><G79/><T81/><D67/><N who="1" m="39335" /><E29/><V27/><F100/><W50/><G63/><T44/><D44/><U90/><E109/><V16/><F129/><N who="3" m="49163" /><G14/><T36/><D36/><U95/><E90/><V24/><F28/><N who="0" m="10794" /><D91/><U8/><E8/><N who="2" m="6151" /><F38/><W2/><G2/><T123/><D81/><U76/><E76/><V92/><F43/><W86/><G86/><T6/><D127/><U119/><E119/><V78/><F42/><W83/><G83/><T65/><D65/><U13/><E13/><V126/><F126/><W20/><G20/><T116/><D116/><U10/><E10/><V59/><F78/><W132/><G132/><T115/><D115/><N who="3" m="44041" /><G124/><T88/><D88/><U71/><E71/><V47/><F85/><W72/><G72/><T75/><D75/><U54/><E54/><V104/><F53/><W106/><G41/><T17/><D135/><U133/><E133/><V52/><F52/><W111/><G111/><T110/><D110/><U68/><E68/><V18/><F47/><W70/><G70/><T40/><D40/><U58/><E58/><V48/><F59/><W0/><G0/><T9/><D6/><AGARI ba="0,0" hai="6,11,15,21,22,82,87,89,95,98,101" m="39335" machi="6" ten="30,1500,0" yaku="8,1" doraHai="103" who="1" fromWho="0" sc="102,-15,427,15,289,0,182,0" /><INIT seed="5,1,0,3,4,132" ten="87,442,289,182" oya="1" hai0="135,62,57,94,97,33,126,27,71,122,103,96,49" hai1="80,88,100,60,28,44,16,7,108,67,10,86,106" hai2="118,115,83,4,70,3,35,53,76,66,77,30,134" hai3="104,47,69,59,102,39,111,21,82,89,84,56,131"/><U73/><E108/><V13/><F118/><W2/><G111/><T19/><D122/><U107/><E73/><V45/><F3/><W18/><G2/><T123/><D123/><U68/><E28/><V133/><F66/><W11/><G69/><T72/><D72/><U92/><E44/><V12/><F70/><W128/><G11/><T51/><D71/><U24/><E100/><V54/><F115/><W120/><G120/><T15/><D135/><U116/><E116/><V119/><F83/><W64/><G104/><T109/><D109/><U58/><E68/><V31/><F45/><W87/><G102/><T114/><D114/><U127/><E127/><V36/><F119/><W43/><G64/><T17/><D33/><U125/><E125/><V105/><F4/><W75/><G75/><T9/><D97/><U0/><E80/><V14/><F14/><W130/><REACH who="3" step="1"/><G87/><REACH who="3" ten="87,442,289,172" step="2"/><T91/><D126/><U117/><E117/><V52/><F105/><W55/><G55/><N who="0" m="34111" /><D103/><U34/><E34/><V25/><F35/><W22/><G22/><AGARI ba="1,1" hai="9,15,17,19,22,27,49,51,91,94,96" m="34111" machi="22" ten="30,2000,0" yaku="25,1,8,1" doraHai="132" who="0" fromWho="3" sc="87,33,442,0,289,0,172,-23" /><INIT seed="6,0,0,2,0,42" ten="120,442,289,149" oya="2" hai0="50,128,124,72,35,101,87,60,70,61,96,3,23" hai1="14,30,119,57,27,118,74,92,64,135,104,8,85" hai2="52,120,38,56,105,29,39,122,133,112,83,130,95" hai3="80,89,123,66,16,26,28,129,100,0,17,108,110"/><V32/><F105/><W106/><G123/><T116/><D50/><U82/><E74/><V68/><F95/><W115/><G0/><T76/><D87/><U91/><E104/><V13/><F29/><W65/><G129/><T5/><D5/><U41/><E135/><V12/><F32/><W126/><G126/><T6/><D6/><U78/><E119/><V69/><F83/><W73/><G106/><T51/><D51/><U132/><E118/><V53/><F56/><W111/><G100/><T113/><D23/><N who="1" m="15743" /><E132/><V55/><F133/><W102/><G102/><T37/><D101/><U99/><E41/><V47/><F112/><W54/><G54/><T25/><D25/><U103/><E57/><V44/><REACH who="2" step="1"/><F55/><REACH who="2" ten="120,442,279,149" step="2"/><W19/><G115/><T63/><D96/><U33/><E33/><V98/><F98/><W40/><G73/><T2/><D72/><U46/><E64/><V24/><F24/><W10/><G40/><T127/><D113/><U43/><E103/><V49/><F49/><W90/><G80/><T107/><D116/><U79/><E99/><V114/><F114/><W97/><G97/><T75/><D107/><U121/><E82/><V84/><F84/><W21/><G66/><T131/><D35/><U1/><E121/><V15/><F15/><N who="3" m="7287" /><G65/><T67/><D67/><U45/><E1/><V18/><F18/><N who="3" m="6667" /><G89/><T81/><D37/><U58/><E43/><V134/><F134/><W4/><G90/><T34/><D34/><U117/><E117/><V59/><F59/><W86/><G86/><T62/><N who="0" m="15360" /><DORA hai="31" /><T11/><D70/><U93/><E58/><RYUUKYOKU ba="0,1" sc="120,-15,442,-15,279,15,149,15" hai2="12,13,38,39,44,47,52,53,68,69,120,122,130" hai3="4,21,26,28,108,110,111" /><INIT seed="6,1,1,5,4,74" ten="105,427,294,164" oya="2" hai0="126,0,38,60,127,79,27,105,16,90,113,59,115" hai1="63,66,13,32,30,46,36,120,82,23,89,73,24" hai2="6,104,31,97,47,21,70,2,4,19,93,64,72" hai3="129,8,130,112,52,88,125,9,34,7,18,123,91"/><V86/><F72/><W98/><G123/><T69/><D69/><U102/><E120/><V107/><F31/><W39/><G39/><T40/><D0/><U131/><E131/><N who="3" m="50186" /><G34/><T119/><D105/><U114/><E114/><V103/><F70/><W87/><G18/><T49/><D119/><U11/><E102/><V54/><F64/><W106/><G112/><T124/><D38/><U94/><E32/><V99/><F2/><W25/><G25/><T50/><D90/><N who="3" m="34345" /><G87/><T81/><D40/><U61/><E36/><V67/><F86/><W43/><G43/><T14/><D27/><U15/><E46/><V95/><F67/><W57/><G7/><T41/><D41/><U78/><E66/><V117/><F117/><W71/><G125/><T17/><D115/><U83/><E83/><V20/><F19/><W76/><G76/><T75/><D17/><U56/><E56/><V26/><F26/><W42/><G42/><T37/><D37/><U111/><E15/><V5/><F5/><W133/><G133/><T22/><REACH who="0" step="1"/><D113/><REACH who="0" ten="95,427,294,164" step="2"/><U108/><E108/><V118/><F118/><W121/><G121/><T109/><D109/><U28/><E111/><V92/><F6/><W51/><G71/><T44/><D44/><U96/><E28/><V12/><F4/><AGARI ba="1,2" hai="4,11,13,23,24,30,61,63,73,78,82,89,94,96" machi="4" ten="30,2000,0" yaku="7,1,52,1" doraHai="74" who="1" fromWho="2" sc="95,0,427,43,294,-23,164,0" /><INIT seed="7,0,0,3,5,119" ten="95,470,271,164" oya="3" hai0="68,42,127,75,66,30,50,118,83,124,44,103,133" hai1="56,125,64,3,71,123,17,104,107,120,111,86,25" hai2="115,90,89,95,74,31,80,67,36,76,49,48,73" hai3="47,29,37,55,45,43,100,121,52,72,101,33,91"/><W130/><G72/><T34/><D103/><U0/><E86/><V12/><F36/><W109/><G130/><T134/><D83/><U62/><E56/><V129/><F115/><W9/><G121/><N who="1" m="46666" /><E17/><V63/><F31/><W7/><G33/><T15/><D15/><U114/><E25/><V4/><F67/><W60/><G29/><T54/><D75/><U16/><E16/><V23/><F63/><W39/><G109/><T46/><D30/><U116/><E114/><V19/><F19/><W35/><G35/><T18/><D18/><U28/><E28/><V96/><F74/><W61/><G43/><T131/><D118/><U122/><E122/><V26/><F73/><W24/><G7/><T113/><D113/><U106/><E116/><V108/><F26/><W57/><G24/><T2/><D2/><N who="1" m="555" /><E125/><N who="0" m="48201" /><D34/><U13/><E13/><V21/><F12/><W53/><G9/><T110/><D110/><AGARI ba="0,0" hai="62,64,71,104,106,107,110,111" m="555,46666" machi="110" ten="40,8000,1" yaku="23,1,52,3" doraHai="119" who="1" fromWho="0" sc="95,-80,470,80,271,0,164,0" owari="15,-48.0,550,65.0,271,7.0,164,-24.0" /></mjloggm>