<mjloggm ver="2.3"><GO type="41" lobby="0"/><UN n0="%73%65%61%73%74%6F%72%79" n1="%E3%81%B5%E3%81%A2%E3%82%B3%E3%83%AD%E3%83%83%E3%82%B1" n2="%E2%93%9D%53%75%70%68%78" n3="%4D%57%4D%57%4D%57" dan="15,14,17,14" rate="2000.84,1871.42,2055.72,1900.58" sx="M,F,M,M"/><TAIKYOKU oya="0"/><INIT seed="0,0,0,3,4,37" ten="250,250,250,250" oya="0" hai0="36,22,116,68,76,50,85,11,117,40,15,95,4" hai1="48,42,45,34,83,126,26,111,58,46,9,120,114" hai2="43,39,64,62,54,33,6,25,89,44,107,59,65" hai3="128,56,5,87,28,121,86,32,70,73,13,97,61"/><T118/><D68/><U94/><E111/><V90/><F107/><W41/><G73/><T60/><D36/><U30/><E126/><V7/><F65/><W31/><G128/><T108/><D108/><U10/><E120/><V133/><F133/><W16/><G70/><T110/><D110/><U0/><E114/><V23/><F33/><W29/><G5/><T38/><D38/><U92/><E83/><V100/><F100/><W91/><G32/><T3/><D60/><U24/><E24/><V81/><F90/><W18/><G41/><T52/><D22/><U51/><E58/><V96/><F64/><W49/><G49/><T113/><D113/><U77/><E77/><V12/><F12/><W98/><G18/><T1/><D40/><U80/><E80/><V88/><F89/><W17/><G17/><T20/><D20/><U2/><E2/><V115/><F115/><W131/><G131/><T134/><D134/><U78/><E78/><V21/><F21/><W103/><G103/><T99/><D85/><N who="3" m="32265" /><G91/><T72/><D76/><U135/><E135/><V14/><F14/><W27/><G27/><T74/><D74/><U63/><E63/><V112/><F112/><W124/><G124/><T125/><D72/><U101/><E0/><V127/><F127/><W106/><G106/><T69/><D69/><U104/><E104/><V47/><F81/><W66/><G121/><T93/><D125/><U67/><E67/><V132/><F132/><W119/><G119/><T130/><D130/><U79/><E79/><V105/><F105/><W122/><G122/><T55/><D118/><RYUUKYOKU ba="0,0" sc="250,-10,250,-10,250,-10,250,30" hai3="13,16,28,29,31,56,61,66,97,98" /><INIT seed="1,1,0,3,0,18" ten="240,240,240,280" oya="1" hai0="60,72,64,32,14,4,74,103,38,41,124,107,9" hai1="127,61,31,48,101,112,6,45,40,70,21,43,1" hai2="126,46,117,52,20,24,44,75,109,84,77,11,114" hai3="28,115,68,79,119,90,120,25,133,3,30,96,7"/><U113/><E127/><V42/><F117/><W97/><G120/><T13/><D124/><U91/><E43/><V34/><F75/><W94/><G115/><T5/><D32/><U95/><E101/><V135/><F34/><W29/><G133/><T78/><D103/><U54/><E1/><V121/><F109/><W123/><G123/><T134/><D107/><U27/><E6/><V129/><F129/><W93/><G68/><T66/><D134/><U73/><E73/><V53/><F11/><W65/><G65/><T86/><D41/><U87/><REACH who="1" step="1"/><E54/><REACH who="1" ten="240,230,240,280" step="2"/><V83/><F126/><W2/><G119/><T131/><D131/><U104/><E104/><V49/><F135/><W88/><G7/><T69/><D38/><U59/><E59/><V92/><F121/><W17/><G79/><T23/><D66/><AGARI ba="1,1" hai="21,27,31,40,45,48,61,66,70,87,91,95,112,113" machi="66" ten="40,3900,0" yaku="1,1,52,1,53,0" doraHai="18" doraHaiUra="106" who="1" fromWho="0" sc="240,-42,230,52,240,0,280,0" /><INIT seed="1,2,0,3,1,90" ten="198,282,240,280" oya="1" hai0="96,109,87,70,45,66,67,21,54,130,44,30,5" hai1="93,116,135,120,126,76,17,32,37,127,59,25,107" hai2="73,123,68,91,112,69,85,15,129,10,4,27,75" hai3="89,42,34,7,131,106,65,63,29,51,92,105,60"/><U104/><E116/><V3/><F123/><W23/><G131/><T121/><D130/><U52/><E120/><V46/><F129/><W79/><G34/><T80/><D121/><U94/><E37/><V41/><F112/><W12/><G79/><T99/><D109/><U36/><E36/><V14/><F27/><W83/><G83/><T124/><D5/><U86/><E86/><V97/><F97/><W77/><G77/><T43/><D124/><N who="1" m="47659" /><E76/><V125/><F125/><W119/><G63/><T62/><D67/><U61/><E135/><V13/><F75/><W98/><G119/><T40/><D54/><U0/><E0/><V56/><F73/><W6/><G106/><N who="1" m="40490" /><E32/><V22/><F22/><AGARI ba="2,0" hai="17,22,25,52,59,61,93,94" m="40490,47659" machi="22" ten="30,11600,0" yaku="18,1,52,2,54,1" doraHai="90" who="1" fromWho="2" sc="198,0,282,122,240,-122,280,0" /><INIT seed="1,3,0,3,4,128" ten="198,404,118,280" oya="1" hai0="43,41,38,29,82,22,11,14,26,12,32,55,1" hai1="51,20,95,7,129,30,19,24,108,124,71,90,122" hai2="31,104,105,134,127,74,123,44,97,99,15,135,50" hai3="45,103,132,133,93,84,63,130,49,2,81,23,57"/><U17/><E129/><V61/><F74/><W115/><G130/><T78/><D38/><U89/><E124/><V48/><F31/><W58/><G2/><T120/><D120/><U116/><E116/><V60/><F15/><W54/><G115/><T64/><D64/><U119/><E119/><V83/><F83/><W4/><G4/><T42/><D55/><U5/><E122/><V109/><F123/><W21/><G58/><T56/><D56/><U72/><E71/><V46/><REACH who="2" step="1"/><F109/><REACH who="2" ten="198,404,108,280" step="2"/><W65/><G103/><T27/><D1/><U102/><E72/><V33/><F33/><W76/><REACH who="3" step="1"/><G93/><REACH who="3" ten="198,404,108,270" step="2"/><T113/><D113/><U85/><E95/><V0/><F0/><W68/><G68/><T73/><REACH who="0" step="1"/><D11/><REACH who="0" ten="188,404,108,270" step="2"/><U80/><E108/><V114/><F114/><W111/><G111/><T39/><D39/><U67/><E67/><V106/><F106/><W9/><G9/><T70/><D70/><U13/><E13/><V77/><F77/><W28/><G28/><AGARI ba="3,3" hai="12,14,22,26,27,28,29,32,41,42,43,73,78,82" machi="28" ten="40,1300,0" yaku="1,1,53,0" doraHai="128" doraHaiUra="91" who="0" fromWho="3" sc="188,52,404,0,108,0,270,-22" /><INIT seed="2,0,0,0,3,7" ten="240,404,108,248" oya="2" hai0="81,116,30,59,131,4,60,134,99,11,135,88,47" hai1="5,58,9,104,17,32,53,120,117,19,102,125,97" hai2="114,96,95,46,79,68,80,29,37,43,25,15,28" hai3="83,98,115,63,20,76,41,66,74,36,1,78,75"/><V3/><F114/><W91/><G115/><T57/><D131/><U106/><E117/><V111/><F68/><W0/><G20/><T22/><D116/><U113/><E113/><V72/><F111/><W50/><G50/><T118/><D47/><U55/><E125/><V56/><F15/><W105/><G91/><T38/><D38/><U52/><E32/><V10/><F56/><W71/><G78/><T49/><D49/><U90/><E120/><V65/><F65/><W110/><G75/><T6/><D6/><U45/><E106/><V101/><F25/><W107/><G110/><T27/><D118/><U12/><E90/><V128/><F128/><W16/><G16/><T24/><D24/><U93/><E104/><N who="3" m="40010" /><G98/><T26/><D26/><U112/><E112/><V85/><F85/><W92/><G92/><T14/><D59/><U124/><E124/><V8/><REACH who="2" step="1"/><F3/><REACH who="2" ten="240,404,98,248" step="2"/><W34/><G34/><T127/><D127/><U33/><E33/><V64/><F64/><W130/><G130/><T94/><REACH who="0" step="1"/><D81/><REACH who="0" ten="230,404,98,248" step="2"/><U62/><E45/><AGARI ba="0,2" hai="0,1,36,41,45,63,66,71,74,76,83" m="40010" machi="45" ten="30,2000,0" yaku="33,2" doraHai="7" who="3" fromWho="1" sc="230,0,404,-20,98,0,248,40" /><INIT seed="3,0,0,4,2,74" ten="230,384,98,288" oya="3" hai0="78,86,9,99,88,115,97,6,79,109,41,23,72" hai1="76,26,70,124,73,59,0,52,50,58,69,128,119" hai2="68,102,92,10,120,95,133,129,44,25,64,62,105" hai3="98,47,122,17,60,14,96,66,33,67,11,101,19"/><W65/><G122/><T89/><D72/><U48/><E0/><V24/><F133/><W49/><G33/><T106/><D41/><U100/><E100/><V117/><F117/><W77/><G77/><N who="0" m="29195" /><D106/><U18/><E119/><V111/><F129/><W28/><G28/><T16/><D109/><U39/><E39/><V51/><F111/><W116/><G116/><T132/><D132/><U130/><E76/><V131/><F131/><W56/><G19/><T134/><D134/><U90/><E90/><N who="0" m="34921" /><D86/><U113/><E73/><V1/><F105/><W126/><G126/><T42/><D42/><U127/><E124/><V83/><F120/><W21/><G11/><T103/><D103/><U54/><E127/><V35/><F102/><W125/><G125/><T81/><D81/><U36/><E128/><V94/><F83/><W123/><G123/><T57/><D57/><U32/><E59/><V31/><F95/><N who="3" m="58527" /><G98/><T12/><D115/><U75/><E113/><V46/><F94/><W22/><G22/><T63/><D63/><U121/><E75/><V27/><F92/><W85/><G85/><T87/><D87/><U20/><E121/><V108/><F108/><W118/><G118/><T8/><D8/><U104/><E104/><V45/><F10/><W55/><AGARI ba="0,0" hai="14,17,21,47,49,55,56,60,65,66,67" m="58527" machi="55" ten="30,1500,0" yaku="8,1" doraHai="74" who="3" fromWho="3" sc="230,-5,384,-5,98,-5,288,15" /><INIT seed="3,1,0,0,5,29" ten="225,379,93,303" oya="3" hai0="73,74,67,41,71,87,80,38,54,62,50,37,23" hai1="118,122,117,7,58,60,99,104,13,111,48,116,125" hai2="107,15,96,22,97,26,83,53,134,93,32,82,79" hai3="68,128,115,4,98,123,33,11,109,47,89,92,126"/><W110/><G123/><T24/><D38/><U8/><E122/><V16/><F134/><W56/><G115/><T78/><D41/><U108/><E125/><V64/><F64/><W70/><G126/><T86/><D37/><U52/><E48/><V39/><F39/><W114/><G114/><T66/><D66/><U113/><E113/><V9/><F107/><W55/><G47/><T3/><D87/><U36/><E36/><V6/><F97/><W43/><G43/><T77/><D77/><U57/><E57/><V31/><F53/><W72/><G33/><T10/><D10/><U0/><E0/><V132/><F132/><W35/><G35/><T5/><D5/><U27/><E27/><V44/><F44/><W88/><G89/><T133/><D3/><U49/><E49/><V14/><REACH who="2" step="1"/><F79/><REACH who="2" ten="225,379,83,303" step="2"/><W2/><G72/><T46/><REACH who="0" step="1"/><D133/><REACH who="0" ten="215,379,83,303" step="2"/><U51/><E118/><V130/><F130/><W61/><REACH who="3" step="1"/><G128/><REACH who="3" ten="215,379,83,293" step="2"/><T124/><D124/><U1/><E117/><V120/><F120/><W94/><G94/><T65/><D65/><U45/><E116/><V63/><F63/><W103/><G103/><AGARI ba="1,3" hai="6,9,14,15,16,22,26,31,32,82,83,93,96,103" machi="103" ten="30,8000,1" yaku="1,1,7,1,52,1,54,1,53,1" doraHai="29" doraHaiUra="17" who="2" fromWho="3" sc="215,0,379,0,83,113,293,-83" /><INIT seed="4,0,0,2,0,21" ten="215,379,196,210" oya="0" hai0="28,32,47,79,63,69,126,105,77,129,118,115,65" hai1="6,120,55,112,27,23,19,58,87,89,35,24,29" hai2="102,20,84,34,127,59,72,101,95,100,130,76,98" hai3="43,15,108,110,33,119,0,62,93,51,81,45,88"/><T57/><D118/><U38/><E38/><V90/><F34/><W40/><G119/><T94/><D105/><U11/><E112/><V60/><F130/><W26/><G0/><T66/><D115/><U85/><E120/><V106/><F127/><W7/><G43/><T113/><D129/><U13/><REACH who="1" step="1"/><E89/><REACH who="1" ten="215,369,196,210" step="2"/><V114/><F114/><W132/><G132/><T61/><D113/><U70/><E70/><V50/><F50/><AGARI ba="0,1" hai="6,11,13,19,23,24,27,29,35,50,55,58,85,87" machi="50" ten="30,7700,0" yaku="1,1,7,1,52,2,53,0" doraHai="21" doraHaiUra="121" who="1" fromWho="2" sc="215,0,369,87,196,-77,210,0" /><INIT seed="5,0,0,4,0,123" ten="215,456,119,210" oya="1" hai0="133,80,59,101,83,95,49,21,11,24,66,41,118" hai1="68,62,61,2,53,107,17,94,3,36,52,70,23" hai2="15,111,50,103,67,48,132,115,116,85,127,104,20" hai3="71,55,27,12,74,110,58,114,47,0,10,44,113"/><U86/><E107/><V121/><F121/><W135/><G74/><T126/><D118/><U18/><E36/><V130/><F116/><W89/><G71/><T98/><D133/><U1/><E94/><V131/><F67/><W38/><G0/><T100/><D100/><U26/><E86/><V128/><F127/><W77/><G135/><T73/><D126/><U120/><E120/><V22/><F132/><W42/><G77/><T54/><D73/><U45/><E45/><V34/><F34/><W93/><G27/><T7/><D41/><U72/><E72/><V60/><F60/><W40/><G110/><T56/><D56/><U65/><E18/><V125/><F125/><W46/><G38/><T28/><D66/><AGARI ba="0,0" hai="1,2,3,17,23,26,52,53,61,62,65,66,68,70" machi="66" ten="40,3900,0" yaku="9,1,54,1" doraHai="123" who="1" fromWho="0" sc="215,-39,456,39,119,0,210,0" /><INIT seed="5,1,0,4,3,112" ten="176,495,119,210" oya="1" hai0="39,6,10,23,30,109,55,118,77,44,4,121,84" hai1="5,33,125,89,62,47,38,37,1,82,101,126,52" hai2="71,92,28,135,61,123,76,0,98,85,21,15,73" hai3="90,114,97,104,22,46,2,74,134,133,94,124,14"/><U95/><E33/><V25/><F123/><W103/><G2/><T83/><D121/><U42/><E101/><V9/><F135/><N who="3" m="51723" /><G114/><T32/><D109/><U130/><E130/><V72/><F0/><W3/><G3/><T67/><D67/><U116/><E38/><V58/><F71/><W68/><G68/><T50/><D32/><U45/><E82/><V66/><F85/><W131/><G74/><T88/><D39/><U8/><E116/><V93/><F93/><W20/><G46/><T24/><D118/><U96/><E47/><V65/><F65/><W35/><G35/><T69/><D69/><U80/><E80/><V119/><F76/><W129/><G124/><T110/><D110/><U108/><E108/><V75/><F119/><W127/><G127/><T34/><D34/><U51/><E62/><V91/><REACH who="2" step="1"/><F75/><REACH who="2" ten="176,495,109,210" step="2"/><W107/><G107/><T40/><D77/><U102/><E126/><V78/><F78/><W54/><G129/><T106/><D106/><U13/><E125/><V26/><F26/><W115/><G131/><T12/><REACH who="0" step="1"/><D40/><REACH who="0" ten="166,495,109,210" step="2"/><U86/><E42/><V128/><F128/><W7/><G115/><T113/><D113/><U53/><E53/><V16/><AGARI ba="1,2" hai="9,15,16,21,25,28,58,61,66,72,73,91,92,98" machi="16" ten="20,5200,0" yaku="1,1,0,1,7,1,54,1,53,0" doraHai="112" doraHaiUra="117" who="2" fromWho="2" sc="166,-14,495,-27,109,75,210,-14" /><INIT seed="6,0,0,3,0,82" ten="152,468,184,196" oya="2" hai0="4,88,26,3,133,53,39,12,106,73,135,130,122" hai1="41,52,74,30,107,6,129,11,70,94,83,14,127" hai2="43,38,27,79,92,123,5,46,114,13,105,19,69" hai3="29,35,86,22,108,18,99,48,104,118,90,42,109"/><V78/><F105/><W45/><G118/><T125/><D122/><U49/><E107/><V126/><F123/><W98/><G35/><T61/><D106/><U67/><E30/><V110/><F69/><W25/><G104/><T64/><D73/><U103/><E41/><V2/><F126/><W131/><G131/><T112/><D39/><U101/><E127/><V134/><F134/><N who="0" m="51210" /><D125/><U59/><E67/><V68/><F68/><W75/><G75/><T24/><D3/><U124/><E70/><V20/><F114/><W113/><G113/><T62/><D112/><U97/><E124/><V36/><F110/><W51/><G48/><T80/><D53/><U115/><E129/><V116/><F38/><W96/><REACH who="3" step="1"/><G29/><REACH who="3" ten="152,468,184,186" step="2"/><T31/><D130/><U23/><E115/><V72/><F116/><W66/><G66/><T50/><D50/><U102/><E23/><V55/><F72/><W40/><G40/><T76/><D31/><U63/><E49/><V47/><F36/><W89/><G89/><T54/><D64/><U71/><E71/><V0/><F43/><W121/><G121/><T93/><D54/><U132/><E132/><V32/><F55/><W95/><AGARI ba="0,1" hai="18,22,25,42,45,51,86,90,95,96,98,99,108,109" machi="95" ten="30,7900,0" yaku="1,1,0,1,52,1,53,1" doraHai="82" doraHaiUra="37" who="3" fromWho="3" sc="152,-20,468,-20,184,-39,186,89" /><INIT seed="7,0,0,0,4,46" ten="132,448,145,275" oya="3" hai0="73,36,61,109,104,8,69,100,101,21,58,97,53" hai1="55,115,6,49,79,124,62,31,38,64,47,135,84" hai2="107,112,74,12,113,94,95,131,128,43,17,132,20" hai3="126,76,27,110,106,91,111,59,57,39,34,92,103"/><W89/><G39/><T1/><D109/><N who="3" m="41481" /><G126/><T81/><D36/><U28/><E124/><V80/><F107/><W63/><G76/><T65/><D101/><U66/><E38/><V16/><F43/><W22/><G34/><T37/><D37/><U77/><E115/><N who="2" m="44107" /><F132/><W122/><G59/><T87/><D73/><U13/><E64/><V30/><F30/><N who="3" m="17783" /><G106/><T35/><D35/><U134/><E79/><N who="2" m="44151" /><F17/><W3/><G3/><T72/><D72/><U93/><E47/><V120/><F120/><W7/><G7/><T82/><D21/><U26/><E13/><V119/><F119/><W4/><G4/><T19/><D1/><U0/><E84/><V68/><F68/><W5/><G5/><T88/><D19/><U90/><E62/><V123/><F123/><W127/><G127/><T29/><D29/><U60/><E66/><V15/><F15/><W10/><G10/><T129/><D129/><AGARI ba="0,0" hai="12,16,20,94,95,128,129,131" m="44151,44107" machi="129" ten="30,3900,0" yaku="19,1,15,1,54,1" doraHai="46" who="2" fromWho="0" sc="132,-39,448,0,145,39,275,0" owari="93,-41.0,448,55.0,184,-22.0,275,8.0" /></mjloggm>