<mjloggm ver="2.3"><GO type="41" lobby="0"/><UN n0="%E6%98%A5%E4%B8%80%E8%89%B2" n1="%E5%B7%A6%E6%89%8B%E3%81%AB%E8%82%89%E7%90%83" n2="%E3%83%9C%E3%83%BC%E3%83%9F" n3="%E2%93%9D%53%75%70%68%78" dan="13,15,16,18" rate="1867.27,1991.42,2008.64,2097.03" sx="M,M,M,M"/><TAIKYOKU oya="0"/><INIT seed="0,0,0,1,3,91" ten="250,250,250,250" oya="0" hai0="53,126,44,45,52,40,117,58,75,1,89,41,22" hai1="68,82,116,14,94,28,66,57,13,46,97,35,16" hai2="84,103,4,98,83,111,47,34,90,26,108,123,31" hai3="101,80,56,106,109,64,17,11,67,24,29,99,81"/><T3/><D117/><U131/><E116/><V18/><F123/><W6/><G109/><T43/><D75/><U73/><E68/><V120/><F120/><W112/><G17/><T42/><D126/><U48/><E131/><V65/><F4/><W104/><G104/><T115/><D115/><U107/><E107/><V74/><F74/><W119/><G112/><T72/><D72/><U86/><E73/><V77/><F77/><W95/><G106/><T23/><N who="0" m="10240" /><DORA hai="49" /><T133/><D133/><U87/><E28/><V2/><F2/><N who="0" m="522" /><D58/><U60/><E35/><V38/><F47/><N who="0" m="17994" /><D89/><N who="1" m="55503" /><E13/><V9/><F38/><W27/><G119/><T32/><D32/><U70/><E70/><V105/><F111/><W21/><G27/><T114/><D114/><U79/><E79/><V93/><F108/><W54/><G67/><T85/><D85/><U121/><E121/><V33/><F33/><W96/><G64/><T10/><D10/><N who="1" m="6231" /><E82/><V0/><F0/><W127/><G127/><T12/><D12/><U129/><E129/><V15/><REACH who="2" step="1"/><F65/><REACH who="2" ten="250,250,240,250" step="2"/><W122/><G122/><T92/><D92/><AGARI ba="0,1" hai="9,15,18,26,31,34,83,84,90,92,93,98,103,105" machi="92" ten="40,8000,1" yaku="1,1,2,1,52,2,53,0" doraHai="91,49" doraHaiUra="130,36" who="2" fromWho="0" sc="250,-80,250,0,240,90,250,0" /><INIT seed="1,0,0,5,0,124" ten="170,250,330,250" oya="1" hai0="106,12,98,45,49,80,65,97,118,111,74,110,104" hai1="67,40,100,26,123,55,85,87,3,13,15,82,96" hai2="2,120,84,63,28,71,132,103,42,33,14,66,102" hai3="73,77,1,58,89,30,64,133,38,10,88,17,114"/><U35/><E3/><V34/><F2/><W52/><G114/><T101/><D65/><U50/><E123/><V0/><F0/><W51/><G38/><T5/><D118/><U69/><E40/><V16/><F120/><W23/><G133/><T108/><D74/><U37/><E37/><V19/><F132/><W8/><G30/><T79/><D98/><U21/><E35/><V122/><F122/><W32/><G32/><T60/><D60/><U78/><E85/><V9/><F42/><W121/><G121/><T94/><D12/><U131/><E131/><V112/><F112/><W107/><G107/><N who="0" m="41003" /><D5/><U47/><E69/><V70/><F28/><W105/><G105/><N who="0" m="63663" /><D49/><U83/><E83/><V134/><F134/><W62/><G1/><T75/><D45/><U115/><E67/><V4/><F84/><W22/><G73/><T117/><D94/><N who="1" m="58391" /><E115/><V95/><F71/><W27/><G77/><T81/><D81/><U53/><E53/><V6/><F103/><W18/><G89/><T36/><D36/><U25/><E25/><V127/><F102/><W128/><G88/><T92/><D92/><U7/><E7/><V43/><F95/><W11/><G64/><T57/><D57/><U119/><E119/><V29/><F66/><W46/><G58/><T90/><D117/><U61/><E61/><V20/><F63/><W44/><G62/><T113/><D113/><U31/><AGARI ba="0,0" hai="13,15,21,26,31,47,50,55,78,82,87" m="58391" machi="31" ten="30,1500,0" yaku="8,1" doraHai="124" who="1" fromWho="1" sc="170,-5,250,15,330,-5,250,-5" /><INIT seed="1,1,0,4,5,15" ten="165,265,325,245" oya="1" hai0="49,34,36,86,20,22,72,1,18,21,2,123,110" hai1="65,107,92,79,63,98,69,48,25,39,113,26,101" hai2="81,10,35,41,83,4,42,128,97,66,37,134,103" hai3="75,57,70,135,125,94,51,96,24,33,95,50,82"/><U104/><E113/><V131/><F35/><W17/><G70/><T13/><D36/><U100/><E39/><V30/><F30/><W93/><G135/><T7/><D72/><U76/><E48/><V130/><F66/><W0/><G0/><N who="0" m="107" /><D49/><U77/><E92/><V78/><F134/><W19/><G125/><T73/><D86/><U109/><E109/><V44/><F42/><W115/><G115/><T133/><D73/><U11/><E11/><V80/><F10/><W87/><G75/><T27/><D133/><U61/><REACH who="1" step="1"/><E63/><REACH who="1" ten="165,255,325,245" step="2"/><V59/><F37/><W29/><G51/><T111/><D123/><U118/><E118/><V85/><F130/><W45/><G96/><AGARI ba="1,1" hai="25,26,61,65,69,76,77,79,96,98,100,101,104,107" machi="96" ten="40,3900,0" yaku="1,1,9,1,53,0" doraHai="15" doraHaiUra="105" who="1" fromWho="3" sc="165,0,255,52,325,0,245,-42" /><INIT seed="1,2,0,0,1,96" ten="165,307,325,203" oya="1" hai0="111,6,110,17,74,25,63,15,52,65,67,108,85" hai1="107,27,122,93,68,115,37,71,57,5,119,26,42" hai2="33,126,92,23,131,69,99,83,64,28,102,9,129" hai3="78,103,97,2,44,13,94,54,91,0,87,135,105"/><U55/><E115/><V132/><F33/><W60/><G135/><T20/><D74/><U39/><E119/><V53/><F132/><W34/><G34/><T133/><D133/><U124/><E107/><V51/><F126/><W120/><G120/><T79/><D6/><U113/><E113/><V109/><F109/><W32/><G32/><T127/><D127/><U30/><E5/><V18/><F28/><W80/><G13/><T89/><D79/><U12/><E12/><V114/><F9/><W8/><G8/><T121/><D121/><U101/><E124/><V117/><F83/><W76/><G76/><T106/><D106/><U4/><E4/><V10/><F10/><W104/><G104/><T47/><D25/><U95/><E42/><V48/><F117/><W70/><G44/><T58/><D47/><U56/><E122/><V66/><F51/><W16/><G16/><T100/><D100/><U77/><E77/><V29/><F69/><W21/><G21/><T45/><REACH who="0" step="1"/><D45/><REACH who="0" ten="155,307,325,203" step="2"/><U59/><E30/><V40/><F29/><W81/><G105/><T125/><D125/><U11/><E101/><V36/><F114/><W84/><REACH who="3" step="1"/><G54/><REACH who="3" ten="155,307,325,193" step="2"/><T31/><D31/><U86/><E55/><V41/><F53/><W38/><G38/><T62/><D62/><U128/><E37/><V35/><F36/><W98/><G98/><T118/><D118/><U123/><E39/><V24/><F99/><W134/><G134/><T116/><D116/><U7/><E123/><V75/><F41/><W19/><G19/><T14/><D14/><U3/><E7/><V72/><F40/><RYUUKYOKU ba="2,2" sc="155,15,307,-15,325,-15,193,15" hai0="15,17,20,52,58,63,65,67,85,89,108,110,111" hai3="0,2,60,70,78,80,81,84,87,91,94,97,103" /><INIT seed="2,3,2,3,1,25" ten="170,292,310,208" oya="2" hai0="45,17,51,52,48,63,55,30,34,82,37,110,44" hai1="53,71,125,7,97,64,103,24,104,84,32,120,72" hai2="3,73,99,42,80,87,47,83,16,126,81,96,92" hai3="59,77,35,27,43,18,106,123,66,115,20,133,85"/><V86/><F3/><W58/><G123/><T41/><D110/><U6/><E120/><V8/><F126/><W90/><G106/><T21/><D34/><U1/><E72/><V50/><F73/><W130/><G130/><T36/><D82/><U31/><E125/><V4/><F4/><W122/><G133/><T62/><D30/><U69/><E69/><V28/><F28/><W13/><G115/><T65/><D21/><U26/><E26/><V74/><F74/><W10/><G35/><T68/><D17/><U12/><E12/><N who="2" m="7175" /><F99/><W113/><G113/><T101/><D101/><AGARI ba="3,2" hai="42,47,50,80,81,83,86,87,92,96,101" m="7175" machi="101" ten="30,2900,0" yaku="8,1,54,1" doraHai="25" who="2" fromWho="0" sc="170,-38,292,0,310,58,208,0" /><INIT seed="2,4,0,3,0,121" ten="132,292,368,208" oya="2" hai0="33,44,117,114,69,45,79,73,29,2,13,78,50" hai1="37,109,38,87,6,67,119,26,93,77,22,51,12" hai2="89,88,42,62,115,111,11,100,81,61,127,57,63" hai3="30,68,17,8,60,41,4,54,36,19,135,107,0"/><V55/><F115/><W125/><G107/><T24/><D2/><U9/><E119/><V58/><F127/><W120/><G120/><T92/><D114/><U106/><E106/><V98/><F42/><W129/><G129/><T72/><D69/><U40/><E67/><V34/><F34/><W91/><G135/><T96/><D117/><U39/><E93/><V5/><F111/><W105/><G30/><T20/><D45/><N who="1" m="26023" /><E109/><V48/><F58/><W21/><G19/><N who="0" m="10351" /><D73/><U14/><E14/><V95/><REACH who="2" step="1"/><F81/><REACH who="2" ten="132,292,358,208" step="2"/><W3/><G125/><T80/><D72/><U47/><E37/><V75/><F75/><W7/><G36/><T70/><D80/><N who="1" m="47503" /><E47/><V128/><F128/><W83/><G83/><T31/><D33/><U99/><E39/><V126/><F126/><W15/><G68/><T52/><D70/><U28/><E38/><V32/><F32/><W10/><G41/><T123/><D123/><U112/><E112/><V131/><F131/><W35/><G35/><T76/><D24/><U43/><E43/><V53/><F53/><W103/><G54/><T82/><D82/><U101/><E101/><AGARI ba="4,1" hai="29,31,44,50,52,76,78,79,92,96,101" m="10351" machi="101" ten="30,2000,0" yaku="8,1,54,1" doraHai="121" who="0" fromWho="1" sc="132,42,292,-32,358,0,208,0" /><INIT seed="3,0,0,3,0,9" ten="174,260,358,208" oya="3" hai0="120,5,66,34,92,90,83,118,68,124,75,36,89" hai1="126,69,119,39,10,87,53,109,24,130,123,14,96" hai2="31,104,46,0,43,129,133,20,70,107,62,94,82" hai3="16,64,121,17,21,73,95,52,7,74,112,28,105"/><W41/><G105/><T37/><D120/><U15/><E123/><V84/><F0/><W91/><G121/><T22/><D34/><U99/><E39/><V38/><F94/><W102/><G112/><T85/><D124/><U88/><E126/><V117/><F117/><W13/><G41/><T29/><D5/><U40/><E69/><V45/><F45/><W97/><G64/><T56/><D68/><U25/><E40/><V79/><F133/><W12/><G7/><T11/><D11/><U44/><E109/><V76/><F76/><W127/><G28/><T100/><D75/><U33/><E33/><V50/><F50/><W26/><G127/><T132/><D89/><U67/><E67/><V101/><F101/><W2/><G2/><T60/><D132/><U6/><E15/><N who="3" m="5706" /><G17/><T111/><D111/><U78/><E119/><V113/><F31/><W3/><G3/><T115/><D115/><U128/><E128/><V32/><F43/><W86/><G74/><T98/><REACH who="0" step="1"/><D118/><REACH who="0" ten="164,260,358,208" step="2"/><U72/><E72/><V103/><F113/><W54/><G73/><T65/><D65/><U110/><E6/><V71/><F32/><W135/><G135/><T114/><D114/><U59/><E10/><V42/><F71/><W77/><G102/><T18/><D18/><U108/><E108/><V80/><F103/><W106/><G106/><T93/><D93/><U4/><E110/><V81/><F107/><W48/><G48/><T134/><D134/><U58/><E4/><V55/><F104/><W47/><G47/><T51/><D51/><U35/><E44/><V122/><F46/><RYUUKYOKU ba="0,1" sc="164,15,260,-15,358,-15,208,15" hai0="22,29,36,37,56,60,66,83,85,90,92,98,100" hai3="16,21,26,52,54,77,86,91,95,97" /><INIT seed="3,1,1,3,4,71" ten="179,245,343,223" oya="3" hai0="107,93,3,30,67,53,102,5,127,46,18,20,50" hai1="75,113,78,27,95,59,39,57,26,100,129,43,105" hai2="35,125,12,34,1,96,66,9,15,89,132,24,62" hai3="61,16,47,108,130,110,72,122,68,31,8,126,85"/><W114/><G72/><T0/><D107/><U131/><E113/><V91/><F1/><W48/><G114/><T23/><D127/><U44/><E105/><V109/><F109/><N who="3" m="42091" /><G31/><T55/><D67/><U101/><E78/><V7/><F125/><W74/><G74/><T111/><D30/><U14/><E75/><V41/><F132/><W83/><G126/><T134/><D5/><U84/><E14/><V117/><F117/><W10/><G130/><N who="1" m="49674" /><E84/><V52/><F24/><N who="1" m="9257" /><E95/><V98/><F66/><N who="3" m="41039" /><G122/><T64/><D64/><U106/><E106/><V118/><F118/><W128/><G16/><T133/><D3/><U56/><AGARI ba="1,1" hai="39,43,44,56,57,59,100,101" m="9257,49674" machi="56" ten="40,2700,0" yaku="19,1,52,1" doraHai="71" who="1" fromWho="1" sc="179,-8,245,40,343,-8,223,-14" /><INIT seed="4,0,0,5,4,12" ten="171,285,335,209" oya="0" hai0="106,45,90,25,17,14,40,67,114,43,122,104,112" hai1="61,30,134,42,9,15,20,13,26,41,0,19,21" hai2="89,77,62,108,18,72,103,110,37,105,66,24,3" hai3="91,113,79,55,75,6,27,57,29,81,135,78,11"/><T10/><D122/><U68/><E134/><V100/><F3/><W39/><G113/><N who="0" m="43627" /><D67/><U76/><E76/><V82/><F37/><W115/><G115/><T132/><D132/><U87/><E87/><V127/><F127/><W109/><G109/><T63/><D63/><U22/><E0/><V121/><F89/><W52/><G39/><N who="0" m="21663" /><D90/><U96/><E96/><V35/><F35/><W56/><G135/><T28/><D43/><U83/><E83/><V33/><F33/><AGARI ba="0,0" hai="10,14,17,25,28,33,104,106" m="21663,43627" machi="33" ten="30,2900,0" yaku="15,1,52,1" doraHai="12" who="0" fromWho="2" sc="171,29,285,0,335,-29,209,0" /><INIT seed="4,1,0,1,3,120" ten="200,285,306,209" oya="0" hai0="20,21,30,94,8,128,126,60,80,108,114,14,67" hai1="92,25,88,104,68,116,111,42,100,78,36,6,103" hai2="7,63,12,3,64,89,31,29,72,133,135,4,132" hai3="107,27,96,53,76,109,86,127,99,0,13,131,28"/><T17/><D114/><U50/><E36/><V87/><F72/><W57/><G0/><T47/><D128/><U70/><E6/><V112/><F3/><W121/><G107/><T122/><D126/><U49/><E78/><V62/><F112/><W129/><G13/><T18/><D122/><U19/><E116/><V97/><F97/><W124/><G86/><T32/><D47/><U26/><E42/><V81/><F63/><W24/><G76/><T5/><D80/><U35/><E19/><V130/><F130/><N who="3" m="49675" /><G27/><T74/><D74/><U45/><E45/><V10/><REACH who="2" step="1"/><F4/><REACH who="2" ten="200,285,296,209" step="2"/><W16/><G121/><T15/><D60/><U11/><E104/><V38/><F38/><W101/><G99/><T43/><D5/><U77/><E100/><V79/><F79/><W33/><G96/><T65/><D65/><U9/><E103/><V40/><F40/><W123/><G101/><T52/><D67/><U110/><E77/><V44/><F44/><W34/><G123/><T58/><D43/><U134/><E134/><V23/><F23/><N who="3" m="13415" /><G34/><T117/><D32/><U119/><E35/><V113/><F113/><W91/><G127/><T95/><D117/><U105/><E105/><V22/><F22/><W48/><G124/><T71/><D21/><U55/><E119/><V118/><F118/><W102/><G102/><T84/><D84/><U106/><E106/><V69/><AGARI ba="1,1" hai="7,10,12,29,31,62,64,69,81,87,89,132,133,135" machi="69" ten="30,7900,0" yaku="1,1,0,1,20,1,53,1" doraHai="120" doraHaiUra="56" who="2" fromWho="2" sc="200,-40,285,-21,296,92,209,-21" /><INIT seed="5,0,0,5,4,123" ten="160,264,388,188" oya="1" hai0="38,101,106,33,35,29,109,107,64,78,133,12,128" hai1="87,118,127,43,85,86,41,49,72,36,132,98,110" hai2="74,28,57,59,6,50,30,63,68,18,134,111,135" hai3="13,88,55,40,93,22,102,8,65,26,0,119,84"/><U97/><E118/><V92/><F74/><W116/><G0/><T34/><D38/><U75/><E36/><V91/><F6/><W81/><G65/><T42/><D42/><N who="1" m="15883" /><E49/><V48/><F18/><W69/><G69/><T16/><D133/><U37/><E132/><V94/><F91/><W67/><G67/><T95/><D128/><U131/><E37/><V76/><F76/><W14/><G40/><T45/><D45/><U52/><E52/><V117/><F117/><N who="3" m="45131" /><G8/><T20/><D78/><U32/><E32/><V15/><F15/><W103/><G55/><T24/><D109/><U113/><E113/><V79/><F79/><W2/><G2/><T82/><D82/><U89/><E89/><V70/><F63/><W112/><G112/><T54/><D64/><U125/><E131/><V1/><F1/><W129/><G129/><T60/><D54/><U23/><E23/><V114/><F114/><W7/><G7/><T96/><REACH who="0" step="1"/><D60/><REACH who="0" ten="150,264,388,188" step="2"/><U130/><E130/><V46/><F46/><W21/><G81/><T11/><AGARI ba="0,1" hai="11,12,16,20,24,29,33,34,35,95,96,101,106,107" machi="11" ten="30,7900,0" yaku="1,1,2,1,0,1,54,1,53,0" doraHai="123" doraHaiUra="126" who="0" fromWho="0" sc="150,89,264,-39,388,-20,188,-20" /><INIT seed="6,0,0,5,0,81" ten="239,225,368,168" oya="2" hai0="13,77,67,78,16,118,22,12,70,25,107,82,4" hai1="86,97,43,111,27,47,39,66,108,102,51,88,60" hai2="18,8,76,93,33,92,131,69,58,10,84,115,37" hai3="99,38,34,100,44,23,59,50,30,20,127,15,56"/><V80/><F69/><W40/><G127/><T123/><D123/><U135/><E135/><V98/><F37/><W63/><G34/><T134/><D134/><U105/><E39/><V11/><F33/><W32/><G32/><T54/><D107/><U121/><E27/><V42/><F42/><W45/><G59/><T79/><D118/><U2/><E2/><V94/><F115/><W9/><G30/><T65/><D54/><U128/><E128/><V83/><F131/><W53/><G100/><T48/><D48/><U24/><E24/><V64/><F18/><W91/><G99/><T85/><D4/><U1/><E1/><V49/><F83/><W17/><REACH who="3" step="1"/><G91/><REACH who="3" ten="239,225,368,158" step="2"/><N who="0" m="51639" /><D70/><U103/><E103/><V46/><F58/><W114/><G114/><T132/><D132/><U61/><E121/><V28/><F98/><W87/><G87/><T71/><D71/><U75/><E75/><V116/><F28/><W26/><G26/><T119/><D119/><U6/><E61/><V73/><F116/><W52/><AGARI ba="0,1" hai="9,15,17,20,23,38,40,44,45,50,52,53,56,63" machi="52" ten="20,5200,0" yaku="1,1,0,1,7,1,54,1,53,0" doraHai="81" doraHaiUra="21" who="3" fromWho="3" sc="239,-13,225,-13,368,-26,158,62" /><INIT seed="7,0,0,4,5,122" ten="226,212,342,220" oya="3" hai0="123,103,112,55,63,18,52,69,86,17,42,40,21" hai1="25,117,107,92,13,81,78,54,124,85,64,62,58" hai2="24,113,135,20,53,65,76,47,99,32,128,108,11" hai3="59,79,74,0,33,105,67,43,96,16,50,91,66"/><W109/><G0/><T36/><D123/><U35/><E107/><V72/><F108/><W116/><G33/><T8/><D103/><U12/><E124/><V82/><F32/><W118/><G79/><T29/><D36/><U4/><E4/><V49/><F128/><W125/><G74/><T119/><D119/><U3/><E3/><V94/><F113/><W56/><G105/><T93/><D69/><U98/><E117/><V60/><F11/><W2/><G2/><T97/><D86/><U89/><E35/><V57/><F135/><W23/><G125/><T38/><D38/><U77/><E25/><V126/><F126/><W102/><G102/><T39/><D39/><U41/><E41/><N who="0" m="15977" /><D63/><U101/><E64/><N who="3" m="24618" /><G109/><T30/><D8/><U80/><E80/><V7/><F76/><AGARI ba="0,0" hai="12,13,54,58,62,76,77,78,81,85,89,92,98,101" machi="76" ten="40,1300,0" yaku="8,1" doraHai="122" who="1" fromWho="2" sc="226,0,212,13,342,-13,220,0" owari="226,3.0,225,-17.0,329,42.0,220,-28.0" /></mjloggm>