<mjloggm ver="2.3"><GO type="41" lobby="0"/><UN n0="%67%73%30%38%30%31%33" n1="%E3%82%84%E3%81%8F%E3%81%97%E3%81%BE%E3%82%8B%E3%81%88%E3%81%A4%E3%81%93" n2="%E2%93%9D%53%75%70%68%78" n3="%E3%83%AC%E3%83%83%E3%83%89%E3%83%BB%E3%82%A6%E3%83%BC" dan="14,14,18,14" rate="1910.74,1949.46,2081.43,1989.63" sx="M,F,M,M"/><TAIKYOKU oya="0"/><INIT seed="0,0,0,1,5,101" ten="250,250,250,250" oya="0" hai0="56,48,74,87,46,71,123,55,76,103,25,108,13" hai1="99,16,49,45,102,85,24,96,69,10,129,63,51" hai2="100,115,75,106,59,117,131,92,97,104,26,68,21" hai3="67,107,135,41,60,91,111,65,3,98,17,12,128"/><T95/><D123/><U29/><E129/><V124/><F115/><W110/><G3/><T121/><D71/><U6/><E85/><V82/><F68/><W84/><G128/><T52/><D74/><U125/><E125/><V61/><F131/><W43/><G135/><T72/><D72/><U62/><E51/><V36/><F36/><W1/><G1/><T118/><D118/><U4/><E4/><V127/><F117/><W53/><G53/><T122/><D108/><N who="3" m="41513" /><G98/><N who="0" m="59871" /><D25/><U22/><E29/><N who="2" m="17615" /><F82/><N who="3" m="49559" /><G107/><N who="2" m="41001" /><F75/><W113/><G113/><T34/><D34/><U44/><E69/><V8/><F8/><N who="3" m="6279" /><G67/><AGARI ba="0,0" hai="59,61,67,92,97,100,124,127" m="41001,17615" machi="67" ten="30,7700,0" yaku="25,1,52,3" doraHai="101" who="2" fromWho="3" sc="250,0,250,0,250,77,250,-77" /><INIT seed="1,0,0,3,1,121" ten="250,250,327,173" oya="1" hai0="10,108,134,86,103,74,20,24,128,40,4,110,14" hai1="32,56,99,39,35,17,97,61,122,84,57,70,58" hai2="28,63,79,53,87,102,111,41,64,82,133,50,12" hai3="47,126,109,1,30,21,11,49,33,55,43,60,119"/><U9/><E122/><V94/><F133/><W42/><G119/><T7/><D74/><U91/><E39/><V5/><F28/><W98/><G126/><T48/><D134/><U100/><E70/><V85/><F111/><N who="0" m="42538" /><D103/><U81/><E61/><V51/><F41/><W105/><G109/><T26/><D128/><U115/><E115/><V130/><F53/><W92/><G105/><T62/><D62/><U83/><E83/><V80/><F130/><W124/><G33/><T118/><D118/><U117/><E117/><V65/><F63/><W52/><G124/><T68/><D68/><U6/><E17/><V112/><F112/><W67/><G1/><T73/><D26/><U120/><E120/><V77/><F65/><W54/><G11/><T104/><D104/><U96/><REACH who="1" step="1"/><E100/><REACH who="1" ten="250,240,327,173" step="2"/><V18/><F102/><W25/><G43/><T16/><D40/><U15/><AGARI ba="0,1" hai="6,9,15,32,35,56,57,58,81,84,91,96,97,99" machi="15" ten="30,6000,0" yaku="1,1,2,1,0,1,53,0" doraHai="121" doraHaiUra="69" who="1" fromWho="1" sc="250,-20,240,70,327,-20,173,-20" /><INIT seed="1,1,0,0,4,72" ten="230,310,307,153" oya="1" hai0="74,62,71,29,115,64,18,39,118,46,61,73,128" hai1="15,23,10,83,96,45,53,6,32,19,88,8,35" hai2="25,63,34,59,99,30,24,38,55,79,31,122,124" hai3="49,17,21,80,126,103,129,3,81,48,117,4,89"/><U56/><E45/><V0/><F122/><W78/><G117/><T95/><D118/><U90/><E10/><V111/><F111/><W20/><G3/><T37/><D115/><U70/><E70/><V77/><F124/><W94/><G4/><T67/><D29/><N who="2" m="10762" /><F38/><W132/><G126/><T60/><D128/><U2/><E90/><V86/><F34/><W108/><G129/><T42/><D39/><U109/><E109/><V125/><F0/><W87/><G108/><T120/><D62/><U104/><E104/><V5/><F99/><W9/><G132/><T14/><D95/><U68/><E68/><V16/><F5/><W36/><G36/><T66/><D66/><U130/><E130/><V50/><F86/><W54/><G103/><T97/><D97/><U52/><E52/><N who="2" m="34279" /><F125/><W44/><G49/><T7/><D7/><U123/><E123/><V85/><F85/><N who="3" m="48279" /><G94/><T113/><D113/><U22/><E35/><V116/><F116/><W76/><G89/><T127/><D120/><U121/><E32/><V84/><F84/><W131/><G131/><T11/><REACH who="0" step="1"/><D127/><REACH who="0" ten="220,310,307,153" step="2"/><U107/><E121/><V92/><F92/><W102/><G102/><T47/><D47/><U110/><E110/><V91/><F91/><W119/><G119/><T51/><D51/><N who="1" m="30783" /><E83/><V135/><F135/><W28/><G28/><T101/><D101/><N who="1" m="62887" /><E88/><V43/><F50/><W27/><G21/><T112/><D112/><U26/><E23/><V106/><F106/><W33/><G33/><T114/><D114/><U133/><E133/><V134/><F134/><W57/><G44/><T98/><D98/><RYUUKYOKU ba="1,1" sc="220,10,310,10,307,-30,153,10" hai0="11,14,18,37,42,46,60,61,64,67,71,73,74" hai1="2,6,8,15,19,22,26" hai3="9,17,20,27,48,54,57,76,81,87" /><INIT seed="1,2,1,4,2,47" ten="230,320,277,163" oya="1" hai0="31,130,77,8,79,49,76,91,11,75,115,21,17" hai1="112,37,65,15,54,97,113,74,44,124,103,19,22" hai2="101,125,38,63,26,102,23,67,99,32,0,70,87" hai3="4,117,73,110,107,98,45,100,59,122,90,84,35"/><U28/><E74/><V25/><F0/><W50/><G35/><T61/><D115/><U126/><E65/><V69/><F38/><W78/><G122/><T120/><D120/><U27/><E37/><V94/><F125/><N who="1" m="48233" /><E54/><V85/><F102/><W96/><G117/><T121/><D130/><U82/><E44/><V71/><F26/><W86/><G110/><T40/><D75/><U46/><E46/><V14/><F14/><W123/><G123/><T62/><D121/><U39/><E82/><V16/><REACH who="2" step="1"/><F32/><REACH who="2" ten="230,320,267,163" step="2"/><W106/><G4/><T60/><D31/><U68/><E39/><V66/><F66/><W80/><G84/><AGARI ba="2,2" hai="16,23,25,63,67,69,70,71,84,85,87,94,99,101" machi="84" ten="40,5200,0" yaku="1,1,54,1,53,1" doraHai="47" doraHaiUra="56" who="2" fromWho="3" sc="230,0,320,0,267,78,163,-58" /><INIT seed="2,0,0,3,0,59" ten="230,320,345,105" oya="2" hai0="66,58,8,134,7,125,97,31,108,49,32,96,6" hai1="22,101,76,44,15,33,132,114,88,104,131,133,116" hai2="124,65,60,72,43,36,105,38,111,83,26,64,42" hai3="56,37,20,99,40,53,61,93,16,21,119,117,34"/><V128/><F105/><W48/><G34/><T71/><D6/><U25/><E114/><V55/><F26/><W41/><G21/><T130/><D71/><U18/><E116/><V24/><F24/><W70/><G37/><N who="2" m="14441" /><F83/><W45/><G70/><T135/><D31/><U75/><E75/><V50/><F72/><W98/><G40/><N who="2" m="15401" /><F124/><W107/><G107/><T90/><D32/><U112/><E76/><V113/><F128/><W78/><G78/><T81/><D125/><U47/><E131/><V106/><F106/><W127/><G127/><T86/><D130/><U92/><E101/><V2/><F2/><W94/><G94/><T85/><D85/><U110/><E104/><V57/><F111/><W11/><G11/><T4/><D108/><U121/><E110/><V5/><F5/><W84/><G84/><T129/><D4/><U52/><E25/><V109/><F113/><W13/><REACH who="3" step="1"/><G99/><REACH who="3" ten="230,320,345,95" step="2"/><T3/><D129/><U54/><E33/><V89/><F109/><W123/><G123/><T14/><D97/><N who="1" m="57479" /><E121/><V120/><F120/><W17/><G17/><T82/><D96/><U19/><E19/><V87/><F87/><W69/><G69/><T74/><D74/><U0/><E112/><V118/><F118/><W39/><G39/><T126/><D82/><U68/><E68/><N who="2" m="41991" /><F89/><AGARI ba="0,1" hai="13,16,20,41,45,48,53,56,61,89,93,98,117,119" machi="89" ten="30,7700,0" yaku="1,1,7,1,52,1,54,1,53,0" doraHai="59" doraHaiUra="122" who="3" fromWho="2" sc="230,0,320,0,345,-77,95,87" /><INIT seed="3,0,0,2,4,127" ten="230,320,268,182" oya="3" hai0="105,128,25,28,45,35,89,103,77,117,57,122,129" hai1="109,19,9,52,59,119,120,66,6,2,100,84,31" hai2="70,111,97,134,98,1,113,71,95,0,63,55,15" hai3="92,96,88,82,74,11,26,102,33,108,29,126,37"/><W76/><G37/><T18/><D122/><U58/><E120/><V20/><F113/><W44/><G126/><T41/><D117/><U21/><E119/><V83/><F83/><W112/><G112/><T54/><D77/><U91/><E109/><V133/><F15/><W94/><G108/><T32/><D105/><U67/><E59/><V17/><F111/><W27/><G27/><T8/><D103/><U62/><E91/><V46/><F20/><W131/><G131/><N who="0" m="50251" /><D89/><U69/><E67/><V43/><F134/><W5/><G44/><T114/><D114/><U38/><E38/><V30/><F46/><W115/><G115/><T116/><D116/><U7/><E100/><V75/><F133/><W34/><G34/><N who="0" m="20751" /><D18/><U90/><E31/><V36/><F17/><W86/><G11/><T12/><D12/><U14/><E7/><V124/><F30/><W104/><REACH who="3" step="1"/><G5/><REACH who="3" ten="230,320,268,172" step="2"/><T22/><D8/><U42/><E9/><V64/><F124/><W10/><G10/><T118/><D22/><U99/><E6/><V47/><F36/><W93/><AGARI ba="0,1" hai="26,29,33,74,76,82,86,88,92,93,94,96,102,104" machi="93" ten="20,18000,2" yaku="1,1,0,1,7,1,24,2,54,1,53,0" doraHai="127" doraHaiUra="56" who="3" fromWho="3" sc="230,-60,320,-60,268,-60,172,190" /><INIT seed="3,1,0,1,4,77" ten="170,260,208,362" oya="3" hai0="21,71,94,26,83,58,43,51,18,27,112,126,86" hai1="36,108,64,75,74,59,5,6,105,1,100,133,0" hai2="69,115,33,93,84,113,49,103,52,85,81,88,135" hai3="2,99,134,109,20,107,128,63,45,70,3,37,97"/><W76/><G134/><T72/><D71/><U9/><E59/><V117/><F117/><W39/><G20/><T124/><D72/><U98/><E64/><V48/><F33/><W114/><G114/><T56/><D112/><U111/><E36/><V55/><F69/><W102/><G99/><T68/><D68/><U91/><E91/><N who="2" m="51599" /><F115/><W95/><G95/><T65/><D94/><U123/><E123/><V13/><F135/><W28/><G128/><T24/><D65/><U44/><E44/><N who="2" m="27655" /><F113/><W73/><G28/><T53/><D43/><U22/><E22/><V96/><F13/><W38/><G45/><T104/><D104/><U92/><E92/><N who="2" m="54287" /><F55/><W34/><G34/><T119/><D119/><U66/><E66/><V11/><F11/><W127/><G3/><T30/><D56/><U106/><E133/><V129/><F129/><W46/><G2/><T125/><REACH who="0" step="1"/><D30/><REACH who="0" ten="160,260,208,362" step="2"/><U61/><E106/><V89/><F49/><W40/><G70/><T60/><D60/><U10/><E61/><V110/><F110/><AGARI ba="1,1" hai="0,1,5,6,9,10,74,75,98,100,105,108,110,111" machi="110" ten="40,8000,1" yaku="9,1,14,1,23,2" doraHai="77" who="1" fromWho="2" sc="160,0,260,93,208,-83,362,0" /><INIT seed="4,0,0,1,4,128" ten="160,353,125,362" oya="0" hai0="125,130,18,23,7,134,77,116,119,129,43,85,9" hai1="113,133,47,67,3,29,114,88,6,111,31,135,58" hai2="30,94,38,61,8,118,117,80,16,121,107,78,87" hai3="32,100,53,14,33,11,101,73,82,19,40,51,50"/><T126/><D43/><U75/><E111/><V99/><F38/><W39/><G39/><T10/><D77/><U84/><E75/><V36/><F36/><W20/><G73/><T95/><D95/><U4/><E47/><V96/><F30/><N who="1" m="11273" /><E58/><V17/><F121/><W37/><G37/><T21/><D85/><U115/><E67/><V92/><F8/><W110/><G110/><T76/><D76/><U106/><E106/><V27/><F61/><W112/><G112/><T35/><D35/><U69/><E69/><V108/><F27/><W28/><G28/><T98/><D98/><N who="2" m="37418" /><F108/><W57/><G82/><T91/><D91/><U123/><E123/><V44/><F44/><N who="3" m="25863" /><G33/><T68/><D68/><U122/><E122/><V86/><F107/><W0/><G0/><T131/><D18/><N who="2" m="7274" /><F87/><W104/><G104/><T5/><D130/><U97/><E97/><V83/><F83/><W89/><G32/><T41/><D41/><U46/><E46/><V105/><F105/><W2/><G2/><T24/><D24/><U15/><E3/><V132/><F94/><W13/><G89/><T49/><D49/><U25/><E25/><V102/><F92/><W90/><G90/><T109/><D109/><U124/><E15/><V64/><F102/><W81/><G81/><T59/><D59/><U34/><E34/><V71/><F71/><W63/><G63/><T48/><D48/><U22/><E113/><V12/><F12/><W74/><G74/><T1/><D1/><U103/><E103/><V66/><F78/><W45/><G45/><T56/><D56/><U62/><E114/><RYUUKYOKU ba="0,0" sc="160,15,353,-15,125,-15,362,15" hai0="5,7,9,10,21,23,116,119,125,126,129,131,134" hai3="11,13,14,19,20,51,53,57,100,101" /><INIT seed="4,1,0,0,0,124" ten="175,338,110,377" oya="0" hai0="18,39,69,6,15,48,28,98,41,58,12,9,109" hai1="120,30,50,133,75,102,93,36,45,80,17,110,79" hai2="101,95,23,96,134,83,32,40,37,42,21,24,19" hai3="13,88,31,111,129,118,71,105,33,125,115,97,84"/><T114/><D114/><U116/><E110/><V89/><F134/><W121/><RYUUKYOKU type="yao9" ba="1,0" sc="175,0,338,0,110,0,377,0" hai3="13,31,33,71,84,88,97,105,111,115,118,121,125,129" /><INIT seed="4,2,0,3,0,6" ten="175,338,110,377" oya="0" hai0="33,100,110,41,11,111,54,38,125,116,58,106,7" hai1="10,39,69,56,53,20,118,83,120,55,2,32,35" hai2="87,128,129,124,81,57,34,44,134,68,26,96,77" hai3="16,95,59,23,40,46,78,1,114,107,123,98,17"/><T22/><D33/><U86/><E69/><V50/><F68/><W63/><G1/><T27/><D116/><U5/><E118/><V4/><F134/><W70/><G107/><T74/><D125/><U28/><E120/><V64/><F124/><W119/><G70/><T14/><D106/><U121/><E39/><V61/><F96/><W67/><G114/><T31/><D100/><U82/><E82/><V72/><F34/><W133/><G119/><T76/><D76/><U132/><E121/><V89/><F26/><W99/><G123/><T3/><D74/><U48/><E132/><V37/><F37/><W19/><G133/><T108/><D38/><U127/><E127/><V105/><F4/><W62/><G78/><T42/><REACH who="0" step="1"/><D3/><REACH who="0" ten="165,338,110,377" step="2"/><U117/><E117/><V51/><F105/><W90/><G99/><T84/><D84/><U112/><E112/><V15/><F72/><W75/><G75/><T91/><D91/><U18/><E32/><V115/><F77/><W80/><G80/><T93/><D93/><U85/><E83/><V122/><F122/><W36/><REACH who="3" step="1"/><G63/><AGARI ba="2,1" hai="7,11,14,22,27,31,41,42,54,58,63,108,110,111" machi="63" ten="40,7700,0" yaku="1,1,10,1,52,1,53,0" doraHai="6" doraHaiUra="12" who="0" fromWho="3" sc="165,93,338,0,110,0,377,-83" /><INIT seed="4,3,0,0,3,80" ten="258,338,110,294" oya="0" hai0="19,121,89,25,64,85,23,50,103,7,31,131,78" hai1="77,101,76,45,49,83,114,53,72,124,108,21,14" hai2="129,70,75,57,36,109,27,28,107,130,56,12,132" hai3="90,4,127,41,65,3,113,112,87,98,68,82,118"/><T22/><D121/><U54/><E108/><V63/><F75/><W6/><G3/><T123/><D7/><U8/><E124/><V104/><F36/><W133/><G118/><T66/><D123/><U96/><E114/><N who="3" m="44138" /><G127/><T48/><D103/><U95/><E77/><V29/><F12/><W105/><G133/><T62/><D78/><U32/><E32/><V117/><F27/><W125/><G125/><T88/><D131/><U38/><E38/><V10/><F63/><N who="3" m="39999" /><G41/><T20/><D89/><U39/><E21/><N who="0" m="8297" /><D31/><U115/><E115/><V59/><F117/><W93/><G105/><T135/><D135/><U116/><E116/><V71/><F132/><W86/><G98/><T69/><D69/><N who="2" m="26122" /><F109/><W11/><G11/><T40/><D62/><U73/><E39/><V1/><F10/><W5/><G5/><T106/><D106/><N who="2" m="40490" /><F1/><W43/><G43/><T18/><D18/><U122/><E122/><V47/><F29/><W30/><G30/><T97/><D97/><U2/><E2/><V94/><F28/><W55/><G55/><T44/><D48/><U13/><E8/><V26/><F130/><W100/><G100/><T60/><D60/><U74/><E53/><V9/><F9/><W99/><G99/><T17/><D17/><U102/><E102/><V128/><F128/><W134/><G134/><T34/><D34/><U51/><E51/><V0/><F0/><W61/><G61/><T111/><D111/><U119/><E119/><V126/><F126/><W58/><G58/><T35/><D35/><U91/><E101/><V33/><F129/><W79/><AGARI ba="3,0" hai="4,6,79,82,86,87,90,93" m="39999,44138" machi="79" ten="30,7900,0" yaku="5,1,15,1,52,2" doraHai="80" who="3" fromWho="3" sc="258,-42,338,-23,110,-23,294,88" /><INIT seed="5,0,0,0,5,81" ten="216,315,87,382" oya="1" hai0="13,126,25,40,105,27,54,120,18,9,15,86,99" hai1="49,76,36,135,84,96,21,109,5,107,91,17,93" hai2="94,33,62,108,73,104,34,89,22,115,100,134,43" hai3="3,28,32,41,103,24,113,65,128,37,39,124,122"/><U82/><E36/><V80/><F108/><W42/><G103/><T12/><D40/><U29/><E109/><V55/><F134/><W63/><G122/><T31/><D105/><U75/><E135/><V66/><F43/><W61/><G124/><T110/><D99/><U130/><E130/><V121/><F121/><W8/><G128/><T35/><D120/><U132/><E132/><V114/><F55/><W58/><G113/><N who="2" m="43017" /><F22/><W57/><G41/><T16/><D110/><U112/><E112/><V127/><F127/><W70/><G42/><T90/><D126/><U106/><E5/><V26/><F26/><W74/><G74/><T64/><D64/><U102/><E29/><V23/><F23/><W125/><G125/><T119/><D119/><U30/><E30/><V118/><F100/><W11/><G70/><T14/><D27/><U67/><E67/><V46/><F46/><W69/><G69/><T60/><D60/><U51/><E107/><V10/><F10/><W85/><G85/><T44/><D18/><U131/><E131/><V4/><F4/><W98/><G98/><T1/><D1/><U101/><E102/><V111/><F104/><W45/><G45/><T92/><D44/><U95/><E95/><V38/><F38/><W87/><G87/><T48/><D13/><AGARI ba="0,0" hai="13,17,21,49,51,75,76,82,84,91,93,96,101,106" machi="13" ten="30,11600,0" yaku="7,1,24,2,52,1" doraHai="81" who="1" fromWho="0" sc="216,-116,315,116,87,0,382,0" /><INIT seed="5,1,0,0,0,60" ten="100,431,87,382" oya="1" hai0="121,47,62,46,25,40,75,117,109,111,116,58,77" hai1="64,18,101,55,79,91,110,37,9,63,102,16,12" hai2="122,26,41,115,132,97,69,10,54,78,70,2,45" hai3="38,21,130,92,15,51,73,35,90,32,50,105,135"/><U86/><E37/><V59/><F122/><W22/><G73/><T52/><D75/><U128/><E128/><V72/><F132/><W3/><G38/><T107/><D107/><U129/><E129/><V112/><F26/><W27/><G3/><T65/><D77/><U104/><E104/><V84/><F84/><W95/><G105/><T14/><D25/><U44/><E79/><V94/><F59/><W99/><G135/><T120/><D14/><U71/><E110/><N who="0" m="41993" /><D46/><U127/><E127/><V67/><F54/><W88/><G130/><T126/><D126/><U103/><E18/><V56/><F78/><W74/><G74/><T0/><D0/><U11/><E11/><V6/><F72/><W66/><G66/><T80/><D80/><N who="1" m="49607" /><E103/><V20/><F10/><W113/><G113/><T39/><D65/><U53/><E53/><V114/><F114/><W8/><G35/><T4/><D4/><U123/><E123/><AGARI ba="1,0" hai="39,40,47,52,58,62,116,117,120,121,123" m="41993" machi="123" ten="30,7700,0" yaku="13,1,34,2,54,1" doraHai="60" who="0" fromWho="1" sc="100,80,431,-80,87,0,382,0" /><INIT seed="6,0,0,0,3,37" ten="180,351,87,382" oya="2" hai0="44,22,134,74,20,115,117,45,50,40,89,82,16" hai1="112,94,127,64,121,49,71,129,6,9,31,106,8" hai2="93,72,70,108,80,76,52,13,86,98,30,135,68" hai3="122,46,128,133,18,12,24,23,51,87,81,43,56"/><V132/><F30/><W17/><G122/><T63/><D134/><N who="2" m="51242" /><F13/><W25/><G133/><T29/><D74/><U2/><E106/><V73/><F70/><W53/><G128/><T38/><D115/><U14/><E112/><V120/><F68/><W91/><REACH who="3" step="1"/><G18/><REACH who="3" ten="180,351,87,372" step="2"/><T119/><D119/><U88/><E129/><V100/><F120/><W11/><G11/><T110/><D117/><U19/><E121/><V125/><F125/><W62/><AGARI ba="0,1" hai="12,17,23,24,25,43,46,51,53,56,62,81,87,91" machi="62" ten="20,8000,1" yaku="1,1,0,1,7,1,8,1,52,1,53,0" doraHai="37" doraHaiUra="90" who="3" fromWho="3" sc="180,-20,351,-20,87,-40,372,90" /><INIT seed="7,0,0,1,3,40" ten="160,331,47,462" oya="3" hai0="48,100,13,25,43,55,34,70,57,99,113,86,91" hai1="38,35,51,92,58,76,39,23,47,133,3,66,96" hai2="123,97,10,131,41,21,93,14,77,30,111,132,26" hai3="94,101,81,74,2,60,49,50,85,134,88,127,106"/><W12/><G2/><T119/><D70/><U87/><E133/><V122/><F77/><W135/><G12/><T1/><D119/><U37/><E35/><V7/><F41/><W105/><G60/><T108/><D1/><U45/><E3/><V89/><F132/><N who="3" m="50731" /><G49/><T54/><D113/><U64/><E23/><V61/><F131/><W11/><G50/><T75/><D108/><U63/><E87/><V95/><F111/><W121/><G11/><T114/><D114/><U73/><E76/><V104/><F104/><W72/><G121/><T5/><D75/><N who="3" m="28713" /><G127/><T59/><D43/><N who="1" m="25023" /><E92/><V79/><F79/><N who="3" m="46271" /><G101/><T15/><D25/><U19/><E19/><V116/><F116/><W78/><G78/><T20/><D34/><U125/><E73/><V80/><F80/><W36/><G36/><N who="1" m="13930" /><E125/><V16/><F95/><W90/><G90/><T52/><D20/><U102/><E102/><V33/><REACH who="2" step="1"/><F61/><REACH who="2" ten="160,331,37,462" step="2"/><W120/><G120/><T107/><D107/><U67/><E96/><AGARI ba="0,1" hai="88,94,96,105,106" m="46271,28713,50731" machi="96" ten="30,11600,0" yaku="20,1,34,2,54,1" doraHai="40" who="3" fromWho="1" sc="160,0,331,-116,37,0,462,126" owari="160,-24.0,215,2.0,37,-46.0,588,68.0" /></mjloggm>