<mjloggm ver="2.3"><GO type="41" lobby="0"/><UN n0="%E2%93%9D%53%75%70%68%78" n1="%73%7A%72" n2="%E2%93%9D%4E%41%47%41%32%35" n3="%4E%6F%62%75%79%61%6D%61" dan="18,14,17,14" rate="2139.94,1937.09,2070.43,1958.23" sx="M,M,F,M"/><TAIKYOKU oya="0"/><INIT seed="0,0,0,3,2,118" ten="250,250,250,250" oya="0" hai0="65,74,3,52,72,77,5,111,37,95,96,110,17" hai1="129,109,6,13,70,88,106,24,82,41,59,131,94" hai2="49,63,21,53,28,61,75,48,92,124,19,83,29" hai3="90,14,86,101,103,119,79,11,40,100,50,56,102"/><T125/><D65/><U104/><E109/><N who="0" m="41481" /><D37/><U43/><E70/><V20/><F124/><W2/><G2/><T135/><D125/><U57/><E82/><V25/><F75/><W7/><G119/><T10/><D135/><U54/><E24/><V44/><F83/><W58/><G79/><T133/><D133/><U81/><E81/><V42/><F92/><W16/><G7/><T39/><D39/><U130/><E13/><V46/><REACH who="2" step="1"/><F29/><REACH who="2" ten="250,250,240,250" step="2"/><W18/><G18/><T9/><D77/><U121/><E106/><V47/><F47/><W60/><G60/><T0/><D74/><U89/><E104/><V123/><F123/><W78/><G78/><T4/><D72/><U99/><E121/><V22/><F22/><W32/><G32/><T122/><D17/><U51/><E6/><V33/><F33/><W128/><G128/><T93/><D122/><U45/><E89/><V62/><F62/><W69/><G69/><T107/><D107/><U134/><E134/><V132/><F132/><W55/><G40/><AGARI ba="0,1" hai="40,41,43,45,51,54,57,59,88,94,99,129,130,131" machi="40" ten="40,2600,0" yaku="19,1,54,1" doraHai="118" who="1" fromWho="3" sc="250,0,250,36,240,0,250,-26" /><INIT seed="1,0,0,2,0,80" ten="250,286,240,224" oya="1" hai0="125,79,7,95,93,60,128,126,63,61,64,49,106" hai1="132,86,103,120,39,23,96,2,129,117,14,51,121" hai2="67,24,37,104,47,5,113,74,4,12,87,115,35" hai3="131,70,10,102,30,83,9,55,18,56,36,82,111"/><U110/><E117/><V92/><F74/><W90/><G70/><T62/><D106/><U134/><E129/><V124/><F104/><W40/><G111/><T11/><D49/><U108/><E39/><V101/><F67/><W118/><G118/><T91/><D79/><U59/><E2/><V28/><F124/><N who="0" m="47722" /><D91/><U13/><E86/><V44/><F12/><N who="1" m="4713" /><E23/><V25/><F25/><W105/><G131/><T76/><D76/><U54/><E121/><V20/><F20/><W17/><G30/><T0/><D128/><U31/><E31/><V116/><F116/><W53/><G105/><T100/><D100/><U98/><E120/><V26/><F26/><W81/><G102/><T45/><D45/><N who="2" m="17482" /><F37/><W127/><G40/><T38/><D38/><U41/><E41/><V109/><F109/><N who="1" m="42089" /><E103/><V77/><F101/><W33/><G127/><T107/><D107/><U88/><E96/><V43/><F43/><W84/><G33/><T122/><D122/><U19/><E19/><N who="3" m="7178" /><G36/><T130/><D130/><U3/><E3/><V89/><F77/><W16/><N who="3" m="7186" /><W50/><DORA hai="65" /><G53/><T1/><D1/><U21/><E21/><V46/><F35/><W135/><G135/><T71/><AGARI ba="0,0" hai="0,7,11,60,61,62,63,64,71,93,95" m="47722" machi="71" ten="30,2000,0" yaku="18,1,52,1" doraHai="80,65" who="0" fromWho="0" sc="250,20,286,-10,240,-5,224,-5" /><INIT seed="2,0,0,4,5,16" ten="270,276,235,219" oya="2" hai0="33,81,73,93,94,101,82,25,110,48,62,26,109" hai1="84,122,106,116,54,125,65,77,9,105,123,53,132" hai2="72,35,39,80,112,3,95,66,13,42,57,119,114" hai3="14,133,58,17,104,15,20,19,100,28,50,56,49"/><V76/><F119/><W117/><G117/><T96/><D48/><U63/><E116/><V41/><F35/><W130/><G130/><T7/><D7/><U59/><E132/><V6/><F13/><W124/><G124/><T91/><D62/><U47/><E125/><V37/><F95/><W1/><G1/><T118/><D26/><U29/><E29/><V70/><F57/><W113/><G113/><T43/><D43/><U107/><E9/><N who="2" m="2271" /><F42/><W75/><G75/><T32/><D25/><U46/><E46/><N who="2" m="23855" /><F39/><W8/><G28/><T40/><D40/><U89/><E77/><V0/><F0/><W44/><G133/><T61/><D33/><U21/><E21/><V34/><F34/><W10/><G20/><T12/><D32/><U90/><E90/><V131/><F131/><W51/><G44/><T98/><D12/><U83/><REACH who="1" step="1"/><E47/><REACH who="1" ten="270,266,235,219" step="2"/><V68/><F66/><W115/><G115/><AGARI ba="0,1" hai="68,70,72,76,80,112,114,115" m="23855,2271" machi="115" ten="30,2900,0" yaku="25,1,23,1" doraHai="16" who="2" fromWho="3" sc="270,0,266,0,235,39,219,-29" /><INIT seed="2,1,0,3,1,15" ten="270,266,274,190" oya="2" hai0="123,96,125,0,89,47,106,2,118,60,32,16,44" hai1="26,18,126,22,122,48,68,105,133,127,70,5,38" hai2="92,14,23,115,37,3,46,63,78,57,11,64,124" hai3="82,34,100,29,102,52,31,104,79,36,121,98,116"/><V30/><F115/><W134/><G36/><T86/><D123/><U67/><E122/><V99/><F124/><N who="1" m="47657" /><E133/><V110/><F78/><W13/><G121/><T113/><D32/><U76/><E38/><V131/><F131/><W45/><G134/><T43/><D113/><U90/><E105/><V65/><F110/><W6/><G116/><T81/><D60/><U10/><E76/><V103/><F3/><W101/><G34/><T120/><D118/><U51/><E90/><V129/><F129/><W12/><G98/><T61/><D61/><N who="1" m="40047" /><E70/><V54/><F37/><W4/><G104/><T53/><D120/><U62/><E62/><V19/><REACH who="2" step="1"/><F46/><REACH who="2" ten="270,266,264,190" step="2"/><W24/><G79/><T39/><D125/><U74/><E74/><V88/><F88/><W40/><G100/><T111/><D47/><U58/><E58/><V95/><F95/><W9/><G102/><T17/><D106/><U107/><E107/><V49/><F49/><W66/><G101/><T8/><D39/><U119/><E119/><V85/><F85/><W91/><G82/><T1/><D81/><U35/><E35/><V112/><F112/><W75/><G75/><T69/><D86/><U77/><E77/><V114/><F114/><W130/><G91/><T25/><D89/><U42/><E42/><V56/><F56/><W97/><G40/><T135/><D43/><U21/><E21/><V108/><F108/><W20/><G130/><T73/><D111/><U27/><E27/><AGARI ba="1,1" hai="11,14,19,23,27,30,54,57,63,64,65,92,99,103" machi="27" ten="40,7700,0" yaku="1,1,8,1,52,1,53,0" doraHai="15" doraHaiUra="84" who="2" fromWho="1" sc="270,0,266,-80,264,90,190,0" /><INIT seed="2,2,0,0,1,108" ten="270,186,354,190" oya="2" hai0="27,4,3,95,86,115,98,118,90,54,121,113,132" hai1="29,84,39,106,97,81,75,42,56,46,38,22,117" hai2="111,23,53,43,76,82,65,88,104,120,135,59,20" hai3="57,61,80,91,7,93,52,129,33,18,50,119,12"/><V71/><F120/><W130/><G119/><T72/><D3/><U89/><E117/><V103/><F135/><W107/><G107/><T109/><D118/><U96/><E75/><V133/><F133/><W102/><G33/><T8/><D132/><U58/><E38/><V60/><F43/><W10/><G102/><T79/><D27/><U70/><E70/><V31/><F111/><W123/><G80/><T105/><D54/><U14/><E97/><V126/><F126/><W9/><G123/><T128/><D8/><U122/><E122/><V131/><F131/><W110/><G110/><T25/><D25/><U40/><E40/><V0/><F0/><W99/><REACH who="3" step="1"/><G61/><REACH who="3" ten="270,186,354,180" step="2"/><T5/><D121/><U1/><E106/><V68/><F103/><W44/><G44/><T49/><D109/><U134/><E134/><V13/><F104/><W16/><G16/><T30/><D105/><U83/><E83/><V35/><F35/><W125/><G125/><T48/><D128/><U19/><E29/><V92/><F31/><W26/><G26/><T28/><D28/><U51/><E81/><V2/><F82/><W78/><G78/><T100/><D30/><U34/><E34/><V69/><F76/><W94/><G94/><N who="0" m="54615" /><D79/><U24/><E46/><V87/><F92/><W45/><G45/><T116/><D116/><U85/><E19/><V101/><F101/><W73/><G73/><T21/><D72/><U63/><E24/><V55/><F60/><W62/><G62/><T37/><D100/><U36/><E63/><V64/><F71/><W47/><G47/><T127/><D127/><RYUUKYOKU ba="2,1" sc="270,-10,186,-10,354,-10,180,30" hai3="7,9,10,12,18,50,52,57,91,93,99,129,130" /><INIT seed="3,3,1,0,0,16" ten="260,176,344,210" oya="3" hai0="126,53,41,4,69,80,3,75,70,63,131,27,58" hai1="118,96,11,30,90,105,14,132,36,59,101,134,29" hai2="23,116,92,110,38,78,66,114,39,123,97,1,34" hai3="129,65,68,50,31,73,9,121,94,37,13,109,55"/><W112/><G37/><T28/><D131/><U22/><E118/><V122/><F34/><W62/><G73/><T15/><D3/><U95/><E36/><V125/><F116/><W12/><G129/><T51/><D126/><U117/><E117/><V67/><F114/><W17/><G112/><T106/><D106/><U82/><E82/><V113/><F113/><W44/><G121/><N who="2" m="46089" /><F1/><W6/><G109/><T43/><D70/><U56/><E56/><V24/><F78/><W25/><G94/><T45/><D69/><U48/><E59/><V91/><F125/><W115/><G115/><T84/><D75/><U111/><E48/><V103/><F110/><W21/><REACH who="3" step="1"/><G13/><REACH who="3" ten="260,176,344,200" step="2"/><T104/><D15/><U5/><E111/><V128/><F128/><W40/><G40/><T35/><D104/><U32/><E134/><V133/><F133/><W33/><G33/><T8/><D43/><U74/><E132/><V18/><F39/><W135/><G135/><T81/><D35/><U89/><E74/><V49/><F38/><W86/><G86/><T54/><D41/><U42/><E42/><V107/><F49/><W93/><G93/><T83/><D84/><AGARI ba="3,2" hai="18,23,24,66,67,84,91,92,97,103,107" m="46089" machi="84" ten="30,2000,0" yaku="13,1,52,1" doraHai="16" who="2" fromWho="0" sc="260,-29,176,0,344,49,200,0" /><INIT seed="4,0,0,4,2,81" ten="231,176,393,200" oya="0" hai0="8,41,9,18,58,69,22,132,84,112,113,118,56" hai1="46,40,73,43,61,131,62,105,20,128,86,103,1" hai2="55,75,121,11,19,54,117,88,4,125,50,115,102" hai3="25,45,94,57,70,96,106,26,98,63,12,87,29"/><T49/><D69/><U116/><E116/><V99/><F121/><W79/><G70/><T13/><D118/><U66/><E73/><V68/><F117/><W48/><G106/><T123/><D123/><U30/><E1/><V80/><F68/><W51/><G51/><T35/><D35/><U93/><E105/><V71/><F71/><W39/><G39/><T100/><D100/><U127/><E127/><V108/><F108/><W47/><G47/><T34/><D34/><U133/><E133/><V32/><F32/><W122/><G12/><T83/><D132/><U90/><E103/><V28/><F28/><W14/><G14/><T60/><D113/><U21/><E40/><V65/><F65/><W23/><G25/><T74/><D74/><U82/><E82/><V59/><F19/><W33/><G33/><T0/><D0/><U31/><E31/><V129/><F129/><N who="1" m="49737" /><E66/><V16/><F125/><W6/><G6/><T52/><D112/><U5/><E5/><V92/><F115/><W89/><G79/><N who="0" m="46207" /><D41/><U10/><E10/><V3/><F75/><W124/><G124/><T101/><D101/><U64/><E64/><AGARI ba="0,0" hai="8,9,13,18,22,49,52,56,58,60,64" m="46207" machi="64" ten="30,5800,0" yaku="8,1,52,1,54,1" doraHai="81" who="0" fromWho="1" sc="231,58,176,-58,393,0,200,0" /><INIT seed="4,1,0,3,2,125" ten="289,118,393,200" oya="0" hai0="1,88,117,60,82,124,93,43,71,89,80,11,3" hai1="15,101,17,111,16,55,0,7,133,65,109,45,50" hai2="23,59,2,69,44,96,114,94,29,20,46,103,54" hai3="92,76,8,77,58,79,27,56,74,21,66,38,4"/><T97/><D117/><U18/><E133/><V24/><F69/><W129/><G38/><T51/><D124/><U108/><E0/><V122/><F122/><W53/><G74/><T25/><D25/><U57/><E101/><V83/><F2/><W19/><G92/><T63/><D71/><U81/><E81/><V126/><F126/><W32/><G32/><T134/><D134/><U104/><E104/><V102/><F114/><W132/><G132/><T99/><D51/><U75/><E75/><V14/><F103/><W118/><G118/><T34/><D34/><U115/><E115/><V5/><F83/><W106/><G106/><T42/><D11/><U52/><E65/><V121/><F121/><W127/><G127/><T113/><REACH who="0" step="1"/><D93/><REACH who="0" ten="279,118,393,200" step="2"/><U100/><E100/><V120/><F120/><W78/><G8/><T49/><D49/><U107/><E107/><V112/><F112/><AGARI ba="1,1" hai="1,3,42,43,60,63,80,82,88,89,97,99,112,113" machi="112" ten="25,9600,0" yaku="1,1,22,2,54,1,53,0" doraHai="125" doraHaiUra="6" who="0" fromWho="2" sc="279,109,118,0,393,-99,200,0" /><INIT seed="4,2,0,4,1,55" ten="388,118,294,200" oya="0" hai0="64,72,58,74,23,93,114,36,109,99,130,96,34" hai1="78,68,39,5,82,92,56,40,19,90,52,75,76" hai2="70,35,135,132,121,97,84,102,20,105,46,38,94" hai3="125,7,37,21,43,6,53,88,17,66,120,4,98"/><T45/><D34/><U31/><E68/><V104/><F35/><W89/><G120/><T91/><D114/><U57/><E76/><V123/><F70/><W11/><G66/><T65/><D130/><U73/><E73/><V9/><F9/><W71/><G71/><T103/><D109/><U16/><E31/><V86/><F20/><W54/><G11/><T12/><D45/><U29/><E29/><V85/><F38/><W26/><G125/><T69/><D36/><U49/><E5/><V59/><F59/><W118/><G118/><T0/><D0/><U110/><E110/><V115/><F46/><W41/><G37/><T129/><D129/><U113/><E113/><V106/><REACH who="2" step="1"/><F115/><REACH who="2" ten="388,118,284,200" step="2"/><W28/><G28/><T24/><D58/><U122/><E122/><AGARI ba="2,1" hai="84,85,86,94,97,102,104,105,106,121,122,123,132,135" machi="122" ten="50,8000,1" yaku="1,1,2,1,34,3,53,0" doraHai="55" doraHaiUra="87" who="2" fromWho="1" sc="388,0,118,-86,284,96,200,0" /><INIT seed="5,0,0,2,5,82" ten="388,32,380,200" oya="1" hai0="70,78,106,38,50,63,124,75,81,92,126,31,15" hai1="95,111,7,68,84,60,44,120,29,119,2,85,19" hai2="103,5,128,134,32,51,112,21,73,8,10,61,47" hai3="94,83,37,1,66,87,46,28,34,17,24,122,98"/><U113/><E120/><V76/><F32/><W110/><G1/><T118/><D106/><U114/><E119/><V105/><F73/><W42/><G122/><T107/><D107/><U99/><E111/><V77/><F128/><W129/><G129/><T23/><D38/><U125/><E125/><N who="0" m="48233" /><D92/><U57/><E68/><V39/><F39/><W9/><G110/><T108/><D50/><U133/><E133/><V11/><F5/><W30/><G66/><N who="0" m="41311" /><D108/><U48/><E29/><V86/><F61/><W71/><G71/><T20/><D118/><U13/><E7/><V64/><F64/><W59/><G59/><T127/><D127/><U3/><E3/><V72/><F105/><W80/><G30/><T65/><D65/><N who="1" m="39055" /><E2/><V69/><F69/><W101/><G80/><T130/><D130/><U102/><E114/><V54/><F112/><W104/><G104/><T96/><D31/><U14/><E113/><V135/><F103/><W53/><G53/><T132/><D132/><U22/><E13/><V0/><F0/><W27/><G28/><T109/><D109/><U88/><E102/><V16/><F72/><W43/><G34/><T55/><D15/><U115/><E115/><V25/><REACH who="2" step="1"/><F77/><REACH who="2" ten="388,32,370,200" step="2"/><W35/><G37/><T58/><D75/><U40/><AGARI ba="0,1" hai="14,19,22,40,44,48,84,85,88,95,99" m="39055" machi="40" ten="30,11700,0" yaku="8,1,52,2,54,1" doraHai="82" who="1" fromWho="1" sc="388,-39,32,127,370,-39,200,-39" /><INIT seed="5,1,0,0,1,121" ten="349,159,331,161" oya="1" hai0="33,53,127,54,47,129,34,52,96,128,69,131,4" hai1="5,55,45,126,100,125,70,24,95,36,32,77,107" hai2="82,43,73,16,38,84,98,62,103,41,35,3,72" hai3="42,97,48,58,49,22,26,11,122,83,17,135,78"/><U61/><E107/><V66/><F3/><W27/><G122/><T19/><D127/><N who="1" m="48651" /><E77/><V12/><F35/><N who="0" m="13322" /><D69/><U108/><E108/><V20/><F38/><W50/><G135/><T110/><D4/><U74/><E74/><V67/><F73/><W88/><G11/><T102/><D19/><U92/><E5/><V115/><F115/><W0/><G0/><T109/><D47/><U39/><E70/><V94/><F72/><W25/><G42/><N who="2" m="15881" /><F62/><W51/><G58/><T23/><D23/><U31/><E100/><V40/><F40/><W130/><G130/><T9/><D9/><U2/><E2/><V99/><F99/><W114/><G114/><T79/><D79/><AGARI ba="1,0" hai="12,16,20,66,67,79,82,84,94,98,103" m="15881" machi="79" ten="30,2000,0" yaku="8,1,54,1" doraHai="121" who="2" fromWho="0" sc="349,-23,159,0,331,23,161,0" /><INIT seed="6,0,0,4,2,111" ten="326,159,354,161" oya="2" hai0="126,46,80,102,47,27,127,15,124,21,66,53,34" hai1="114,9,134,69,122,121,113,68,44,26,17,112,77" hai2="5,133,99,79,32,54,49,96,39,41,107,87,25" hai3="119,61,71,78,75,50,116,65,125,74,86,88,24"/><V0/><F133/><W62/><G125/><T109/><D109/><U104/><E134/><V20/><F32/><W35/><G61/><T1/><D1/><U128/><E128/><V72/><F72/><W8/><G8/><T11/><D34/><U6/><E104/><V101/><F99/><W2/><G2/><T55/><D66/><U115/><N who="1" m="28672" /><DORA hai="33" /><U56/><E77/><V82/><F41/><W63/><G63/><T98/><D80/><U30/><E17/><V73/><F39/><W16/><G78/><T3/><D3/><N who="1" m="223" /><E56/><V59/><F0/><W48/><G119/><T10/><D10/><U85/><E85/><V42/><F5/><W81/><G116/><T84/><D84/><U14/><E14/><V90/><F79/><W108/><G108/><T110/><D15/><U118/><E44/><N who="0" m="16937" /><D11/><U131/><E131/><V95/><F107/><W132/><G132/><T23/><D110/><U120/><E118/><V31/><F73/><W22/><G75/><T91/><D127/><U13/><E13/><V4/><F4/><W43/><G74/><T97/><D126/><U19/><E19/><V40/><AGARI ba="0,0" hai="20,25,31,40,42,49,54,59,82,87,90,95,96,101" machi="40" ten="30,3000,0" yaku="0,1,8,1" doraHai="111,33" who="2" fromWho="2" sc="326,-10,159,-10,354,30,161,-10" /><INIT seed="6,1,0,1,1,16" ten="316,149,384,151" oya="2" hai0="95,29,106,4,51,130,71,99,123,80,46,133,24" hai1="92,13,90,21,23,37,36,39,60,58,74,116,134" hai2="1,41,104,101,9,109,122,66,44,61,125,73,81" hai3="76,111,32,59,42,53,129,45,88,75,85,20,112"/><V49/><F122/><W72/><G32/><T18/><D130/><U47/><E116/><V25/><F125/><W31/><G111/><T114/><D133/><U69/><E134/><V64/><F109/><W22/><G129/><T2/><D71/><U5/><E74/><V87/><F73/><W68/><G68/><T7/><D114/><U115/><E115/><V108/><F108/><W33/><G112/><T96/><D18/><U19/><E69/><V15/><F1/><W82/><G31/><T94/><D106/><U89/><E5/><V17/><F104/><W12/><G12/><T56/><D56/><U77/><E77/><V117/><F101/><W62/><G33/><T97/><D80/><U3/><E3/><V121/><F121/><W40/><G40/><T100/><D2/><U28/><E47/><V34/><F61/><W102/><G102/><T119/><D119/><U103/><E103/><V35/><F35/><W27/><G27/><T38/><D38/><U10/><E28/><V11/><F11/><W67/><G67/><T8/><D8/><U63/><E63/><V91/><F117/><W83/><REACH who="3" step="1"/><G72/><REACH who="3" ten="316,149,384,141" step="2"/><T86/><D100/><U93/><E89/><N who="2" m="51439" /><F34/><W110/><G110/><T30/><D123/><U126/><E126/><V118/><F118/><W124/><G124/><T55/><D30/><U48/><E90/><V135/><F135/><W43/><G43/><T132/><D132/><U105/><E13/><V6/><F91/><W98/><G98/><T113/><D113/><U120/><E120/><V127/><F127/><W50/><AGARI ba="1,1" hai="20,22,42,45,50,53,59,62,75,76,82,83,85,88" machi="50" ten="20,16000,3" yaku="1,1,0,1,7,1,52,2,54,1,53,2" doraHai="16" doraHaiUra="79" who="3" fromWho="3" sc="316,-41,149,-41,384,-81,141,173" /><INIT seed="7,0,0,4,3,22" ten="275,108,303,314" oya="3" hai0="57,44,96,75,134,79,103,80,15,72,74,87,45" hai1="71,27,63,33,46,29,119,92,7,20,31,55,112" hai2="4,61,107,130,93,39,111,12,51,84,127,128,8" hai3="115,76,122,117,67,83,48,132,85,0,81,82,121"/><W97/><G0/><T13/><D134/><U35/><E112/><V129/><F111/><W17/><G117/><T113/><D113/><U94/><E119/><V68/><F39/><W21/><G115/><T133/><D133/><U109/><E109/><V32/><F107/><W19/><G132/><T52/><D45/><U16/><E7/><V50/><F32/><W64/><G17/><T23/><D44/><U60/><E33/><V30/><F30/><W9/><G9/><T106/><REACH who="0" step="1"/><D23/><REACH who="0" ten="265,108,303,314" step="2"/><U110/><E110/><V42/><F42/><W77/><G122/><T62/><AGARI ba="0,1" hai="13,15,52,57,62,72,74,75,79,80,87,96,103,106" machi="62" ten="30,7900,0" yaku="1,1,2,1,0,1,54,1,53,0" doraHai="22" doraHaiUra="114" who="0" fromWho="0" sc="265,89,108,-20,303,-20,314,-39" owari="354,45.0,88,-41.0,283,8.0,275,-12.0" /></mjloggm>