<mjloggm ver="2.3"><GO type="41" lobby="0"/><UN n0="%E2%93%9D%53%75%70%68%78" n1="%E3%83%81%E3%83%8A%E3%83%84" n2="%52%6F%6E%E6%B0%8F" n3="%E3%81%B5%E3%81%89%E3%82%8C%E3%81%99%E3%81%A8%33%37" dan="17,13,14,13" rate="2010.00,1858.17,2030.31,1908.64" sx="M,M,M,M"/><TAIKYOKU oya="0"/><INIT seed="0,0,0,4,1,19" ten="250,250,250,250" oya="0" hai0="23,6,9,84,71,13,21,95,49,46,31,36,17" hai1="85,69,98,42,115,81,53,119,129,8,45,134,7" hai2="77,73,41,39,34,80,122,26,127,88,118,86,44" hai3="50,94,97,106,62,38,100,27,79,107,56,11,125"/><T133/><D71/><U75/><E119/><V93/><F122/><W70/><G38/><T114/><D36/><U25/><E134/><V66/><F127/><W30/><G125/><T120/><D120/><U32/><E69/><V128/><F128/><W55/><G79/><T92/><D114/><U96/><E129/><V130/><F130/><W113/><G113/><T61/><D133/><U116/><E115/><V64/><F118/><W135/><G11/><T28/><D61/><U109/><E116/><V57/><F57/><W60/><G135/><T68/><D68/><U52/><E109/><V1/><F1/><W22/><REACH who="3" step="1"/><G60/><REACH who="3" ten="250,250,250,240" step="2"/><T18/><D9/><U83/><E8/><V112/><F112/><W14/><G14/><N who="0" m="9399" /><D6/><U82/><E7/><V63/><F63/><W2/><G2/><T123/><D123/><U5/><E5/><V105/><F105/><W47/><G47/><T76/><D76/><U29/><E45/><V74/><F73/><W48/><G48/><T126/><D126/><U4/><E75/><V24/><REACH who="2" step="1"/><F34/><REACH who="2" ten="250,250,240,240" step="2"/><W103/><G103/><T78/><D49/><U67/><E32/><V111/><F111/><W117/><G117/><T99/><D46/><U89/><E4/><V108/><F108/><W72/><G72/><T121/><D121/><U102/><E102/><V131/><F131/><W10/><G10/><T101/><D78/><U20/><E89/><AGARI ba="0,2" hai="13,18,23,28,31,84,89,92,95,99,101" m="9399" machi="89" ten="30,5800,0" yaku="8,1,52,2" doraHai="19" who="0" fromWho="1" sc="250,78,250,-58,240,0,240,0" /><INIT seed="0,1,0,4,4,133" ten="328,192,240,240" oya="0" hai0="3,32,46,86,15,120,128,60,63,135,88,11,29" hai1="129,55,123,22,69,17,73,4,66,104,31,74,24" hai2="77,64,132,36,71,38,35,8,25,122,14,108,80" hai3="75,47,117,68,6,103,54,21,116,91,101,112,5"/><T90/><D120/><U7/><E123/><V70/><F122/><W57/><G68/><T2/><D128/><U83/><E129/><V9/><F132/><W20/><G112/><T124/><D135/><U45/><E104/><V100/><F100/><W82/><G47/><T49/><D124/><U37/><E31/><V61/><F108/><W98/><G101/><T76/><D3/><U102/><E102/><V110/><F110/><W106/><G21/><T78/><D2/><U28/><E28/><V13/><F71/><W113/><G113/><T111/><D90/><U48/><E37/><V39/><F25/><W59/><G59/><T99/><D99/><U0/><E0/><V85/><F35/><W96/><G96/><T115/><D29/><U125/><E125/><V67/><F67/><W119/><G20/><T44/><D44/><U79/><REACH who="1" step="1"/><E74/><REACH who="1" ten="328,182,240,240" step="2"/><V93/><F39/><W94/><G75/><T118/><D115/><U62/><AGARI ba="1,1" hai="4,7,17,22,24,45,48,55,62,66,69,73,79,83" machi="62" ten="30,4000,0" yaku="1,1,2,1,0,1,53,0" doraHai="133" doraHaiUra="114" who="1" fromWho="1" sc="328,-21,182,53,240,-11,240,-11" /><INIT seed="1,0,0,5,1,92" ten="307,235,229,229" oya="1" hai0="108,17,10,6,82,31,8,58,30,33,90,53,89" hai1="72,32,7,11,75,52,93,69,102,76,21,98,133" hai2="55,78,112,25,39,27,64,42,115,135,77,68,71" hai3="107,5,13,83,65,24,73,101,23,84,40,104,59"/><U14/><E133/><V95/><F135/><W26/><G73/><T22/><D108/><U60/><E32/><V36/><F95/><W106/><G40/><T37/><D37/><N who="2" m="14410" /><F42/><W109/><G109/><T38/><D38/><U29/><E76/><N who="2" m="29291" /><F55/><W88/><G101/><T61/><D33/><U43/><E43/><V99/><F64/><W81/><G81/><T46/><D46/><U127/><E127/><V50/><F50/><W110/><G110/><T113/><D113/><N who="2" m="43594" /><F99/><W18/><REACH who="3" step="1"/><G5/><REACH who="3" ten="307,235,229,219" step="2"/><T34/><D6/><U63/><E7/><V51/><F51/><W123/><G123/><T118/><D82/><U49/><E49/><V121/><F121/><W126/><G126/><T12/><D90/><U124/><E124/><V57/><F57/><W134/><G134/><T3/><D89/><U122/><E122/><V100/><F100/><W125/><G125/><T130/><D58/><U96/><E102/><V28/><F28/><W91/><G91/><T48/><D31/><U111/><E111/><V16/><F16/><W120/><G120/><T35/><D30/><U1/><E29/><V9/><F9/><W45/><G45/><T0/><D10/><U20/><E11/><V85/><F85/><W105/><N who="3" m="26624" /><DORA hai="2" /><W67/><G67/><T44/><D8/><U119/><E75/><V87/><F87/><W116/><G116/><T62/><D118/><U132/><E132/><V117/><F117/><W70/><G70/><AGARI ba="0,1" hai="25,27,68,70,71" m="43594,29291,14410" machi="70" ten="40,5200,0" yaku="28,2,11,1" doraHai="92,2" who="2" fromWho="3" sc="307,0,235,0,229,62,219,-52" /><INIT seed="2,0,0,1,3,128" ten="307,235,291,167" oya="2" hai0="66,111,24,120,79,2,51,129,27,117,88,31,126" hai1="14,84,37,94,13,22,123,8,104,36,96,47,12" hai2="10,21,87,5,76,42,118,107,3,57,7,71,68" hai3="77,23,131,133,106,59,44,93,114,99,127,90,113"/><V19/><F107/><W102/><G44/><T105/><D126/><U60/><E123/><V115/><F118/><W73/><G59/><T35/><D79/><U28/><E60/><V20/><F115/><N who="3" m="44043" /><G23/><T85/><D2/><U63/><E63/><V134/><F134/><W62/><G62/><T15/><D111/><U64/><E64/><V110/><F110/><W82/><G127/><T72/><D129/><U26/><E47/><V49/><F21/><W48/><G48/><T98/><D72/><U65/><E65/><V95/><F7/><W56/><G56/><T124/><D120/><U58/><E8/><V130/><F130/><W32/><G32/><T89/><D117/><U39/><E58/><V53/><F42/><W97/><G131/><T121/><D27/><U119/><E119/><V4/><F4/><W52/><G52/><T41/><D66/><U132/><E104/><V55/><F55/><W112/><G112/><T0/><D105/><U116/><E116/><V83/><REACH who="2" step="1"/><F95/><REACH who="2" ten="307,235,281,167" step="2"/><W17/><G17/><T29/><D124/><U70/><E132/><AGARI ba="0,1" hai="73,77,82,90,93,97,99,102,106,132,133" m="44043" machi="132" ten="30,8000,1" yaku="11,1,34,2,52,2" doraHai="128" who="3" fromWho="1" sc="307,0,235,-80,281,0,167,90" /><INIT seed="3,0,0,5,3,86" ten="307,155,281,257" oya="3" hai0="1,39,69,12,18,94,8,16,131,81,106,97,101" hai1="60,132,36,64,135,99,52,15,0,91,28,34,111" hai2="120,96,25,4,29,32,40,73,87,74,9,53,124" hai3="116,27,65,59,71,113,55,58,95,134,84,33,26"/><W7/><G116/><T115/><D131/><U105/><E0/><V14/><F120/><W63/><G71/><T72/><D69/><U38/><E111/><V78/><F124/><W43/><G113/><T117/><D39/><N who="1" m="14891" /><E15/><V31/><F31/><W5/><G43/><T54/><D1/><U66/><E52/><V126/><F126/><W76/><G134/><N who="1" m="51242" /><E60/><V75/><F40/><W130/><G130/><T22/><D106/><U129/><E129/><V67/><F67/><W107/><G107/><T46/><D117/><U44/><E44/><V21/><F96/><W45/><G45/><T93/><D115/><U49/><E49/><V17/><F53/><W80/><G95/><T92/><D46/><U88/><E105/><V19/><F19/><W13/><G33/><T82/><D54/><U121/><E121/><V6/><F6/><N who="3" m="2059" /><G13/><T103/><D97/><U133/><E133/><V10/><F10/><W2/><G2/><T102/><D72/><U11/><E11/><V42/><F42/><W83/><G83/><T37/><D37/><U50/><E50/><AGARI ba="0,0" hai="26,27,50,55,58,59,63,65,76,80,84" m="2059" machi="50" ten="30,1500,0" yaku="8,1" doraHai="86" who="3" fromWho="1" sc="307,0,155,-15,281,0,257,15" /><INIT seed="3,1,0,2,0,23" ten="307,140,281,272" oya="3" hai0="96,6,10,18,126,104,62,11,131,3,120,125,46" hai1="41,66,89,108,55,60,67,76,95,99,39,97,9" hai2="78,43,20,49,117,132,128,80,124,15,115,77,45" hai3="83,26,113,121,91,13,44,118,29,88,56,71,5"/><W34/><G71/><T25/><D46/><U114/><E114/><V70/><F70/><W42/><G121/><T65/><D120/><U8/><E108/><V22/><F117/><W75/><G118/><T116/><D116/><U109/><E109/><V30/><F115/><W51/><G113/><T122/><D131/><U85/><E55/><V32/><F128/><W57/><G75/><T12/><D122/><U101/><E76/><V112/><F112/><W58/><REACH who="3" step="1"/><G83/><REACH who="3" ten="307,140,281,262" step="2"/><T103/><D126/><U54/><E95/><V4/><F80/><W90/><G90/><T68/><D125/><U1/><E89/><V94/><F124/><W28/><G28/><T92/><D92/><U33/><E101/><V50/><F94/><W119/><G119/><T35/><D103/><U0/><E1/><V38/><F30/><W16/><G16/><T130/><D130/><U73/><E73/><V2/><F77/><W82/><G82/><T100/><D3/><U84/><E0/><V129/><F78/><W53/><G53/><T31/><D11/><AGARI ba="1,1" hai="5,11,13,26,29,34,42,44,51,56,57,58,88,91" machi="11" ten="40,7700,0" yaku="1,1,52,1,54,1,53,0" doraHai="23" doraHaiUra="127" who="3" fromWho="0" sc="307,-80,140,0,281,0,262,90" /><INIT seed="3,2,0,1,2,35" ten="227,140,281,352" oya="3" hai0="104,61,62,125,67,128,30,15,56,63,18,68,102" hai1="114,73,70,21,106,40,20,10,71,93,84,6,130" hai2="64,113,77,39,134,7,78,13,16,37,66,127,31" hai3="2,74,115,43,103,99,95,133,135,118,72,81,41"/><W22/><G115/><T121/><D121/><U79/><E114/><V46/><F113/><W12/><G118/><T53/><D128/><U123/><E123/><V0/><F31/><W111/><G111/><T91/><D125/><U60/><E130/><V42/><F37/><W34/><G34/><T24/><D91/><U28/><E106/><V89/><F127/><W122/><G122/><T23/><D104/><U51/><E73/><V65/><F134/><W107/><G107/><T116/><D102/><U48/><E93/><V14/><F14/><W59/><G59/><T1/><D116/><U38/><E38/><V80/><F89/><W27/><G12/><T120/><D120/><U47/><E51/><V25/><F25/><W26/><G2/><T129/><D129/><U105/><E105/><V117/><F117/><W33/><G33/><T69/><D1/><U88/><E79/><V19/><F78/><W9/><G9/><T124/><D124/><U57/><E10/><N who="2" m="2407" /><F13/><W11/><G11/><T85/><D85/><U36/><E6/><V132/><F132/><N who="3" m="50763" /><G27/><T87/><D15/><U108/><E108/><V55/><F55/><W126/><G126/><T4/><D4/><U83/><E36/><V92/><F92/><W76/><G74/><AGARI ba="2,0" hai="16,19,39,42,46,64,65,66,74,77,80" m="2407" machi="74" ten="30,3900,0" yaku="25,1,52,1,54,1" doraHai="35" who="2" fromWho="3" sc="227,0,140,0,281,45,352,-45" /><INIT seed="4,0,0,2,4,72" ten="227,140,326,307" oya="0" hai0="77,129,74,59,134,57,4,47,12,21,37,44,117" hai1="6,63,112,48,51,130,45,123,125,29,61,33,99" hai2="3,2,127,23,35,85,108,22,66,40,109,9,31" hai3="106,26,10,65,76,116,83,32,132,89,46,73,58"/><T18/><D117/><U7/><E123/><V56/><F85/><W19/><G116/><T114/><D114/><U39/><E112/><V102/><F102/><W111/><G111/><T28/><D129/><U119/><E119/><V50/><F66/><W36/><G106/><T14/><D134/><U135/><E135/><V91/><F91/><W34/><G132/><T93/><D28/><U110/><E110/><V15/><F56/><W82/><G58/><T80/><D93/><U53/><E130/><V120/><F50/><W101/><G101/><T98/><D98/><U95/><E125/><V70/><F70/><W43/><G65/><T20/><D47/><U24/><E39/><V42/><F42/><W113/><G113/><T69/><D69/><U124/><E124/><V27/><F40/><W94/><G82/><T81/><D81/><U38/><E38/><V68/><F68/><W118/><G118/><T79/><D79/><U131/><E131/><V8/><F127/><W84/><G26/><T103/><D103/><N who="1" m="60927" /><E51/><V105/><F105/><W49/><G49/><T86/><D74/><U133/><E133/><V92/><F92/><W30/><G30/><T115/><D115/><U128/><E128/><V75/><F75/><W5/><REACH who="3" step="1"/><G19/><REACH who="3" ten="227,140,326,297" step="2"/><N who="0" m="10343" /><D37/><U60/><E33/><V90/><F109/><W97/><G97/><T126/><D126/><U52/><E53/><V62/><F108/><W55/><G55/><T96/><D96/><U0/><E0/><AGARI ba="0,1" hai="0,5,10,32,34,36,43,46,73,76,83,84,89,94" machi="0" ten="30,12000,2" yaku="1,1,7,1,25,2,52,1,53,1" doraHai="72" doraHaiUra="1" who="3" fromWho="1" sc="227,0,140,-120,326,0,297,130" /><INIT seed="5,0,0,5,4,58" ten="227,20,326,427" oya="1" hai0="125,65,119,20,15,49,132,80,79,44,13,43,30" hai1="126,16,123,47,82,41,117,114,69,86,63,101,17" hai2="48,3,29,67,26,4,33,11,62,92,96,31,40" hai3="46,89,38,60,129,56,130,10,7,91,128,100,112"/><U12/><E123/><V109/><F109/><W32/><G32/><T83/><D119/><U73/><E117/><V22/><F33/><W127/><G112/><T74/><D132/><U98/><E114/><V70/><F48/><W57/><G100/><T116/><D125/><U0/><E126/><V66/><F66/><W134/><G56/><T68/><D116/><U94/><E0/><V61/><F40/><W110/><G110/><T51/><D51/><N who="1" m="27119" /><E73/><V78/><F78/><W106/><G106/><T81/><D74/><U76/><E69/><V8/><F8/><W97/><G127/><T133/><D133/><U108/><E108/><V99/><F99/><W115/><G115/><T64/><D79/><U131/><E131/><V27/><F67/><N who="0" m="25674" /><D68/><U39/><E39/><V87/><F87/><W85/><G97/><T121/><D121/><U35/><E35/><V122/><F70/><W24/><G24/><AGARI ba="0,0" hai="13,15,20,24,30,43,44,49,80,81,83" m="25674" machi="24" ten="30,1000,0" yaku="8,1" doraHai="58" who="0" fromWho="3" sc="227,10,20,0,326,0,427,-10" /><INIT seed="6,0,0,0,1,36" ten="237,20,326,417" oya="2" hai0="78,18,127,25,51,82,50,111,132,135,101,45,96" hai1="77,88,106,24,58,20,74,33,95,112,9,130,116" hai2="89,13,98,120,76,59,110,7,23,86,123,107,91" hai3="37,61,66,64,27,8,70,30,31,122,94,69,41"/><V100/><F110/><W131/><G122/><T115/><D111/><U14/><E116/><V93/><F76/><W54/><G131/><T133/><D115/><U47/><E130/><V114/><F114/><W134/><G134/><T108/><D108/><U46/><E112/><V63/><F7/><W12/><G94/><T53/><D127/><U40/><E106/><V43/><F43/><W73/><G73/><T16/><D51/><U65/><E33/><V26/><F13/><W105/><G54/><T56/><D56/><U60/><E74/><V57/><F91/><W72/><G105/><T118/><D25/><U75/><E75/><V81/><F57/><W4/><G72/><N who="0" m="43335" /><D118/><U99/><E77/><V102/><F107/><AGARI ba="0,0" hai="16,18,45,50,53,96,101,107,132,133,135" m="43335" machi="107" ten="30,2000,0" yaku="20,1,54,1" doraHai="36" who="0" fromWho="2" sc="237,20,20,0,326,-20,417,0" /><INIT seed="7,0,0,4,4,65" ten="257,20,306,417" oya="3" hai0="116,14,101,18,122,124,57,26,5,53,55,117,64" hai1="127,93,12,123,29,22,44,59,78,33,114,109,82" hai2="69,10,91,50,67,89,7,81,95,106,92,100,115" hai3="48,16,132,61,113,20,130,110,84,121,49,46,134"/><W23/><G121/><T31/><D122/><U75/><E123/><V19/><F115/><W128/><G113/><T96/><D124/><U0/><E114/><V98/><F19/><W79/><G61/><T30/><D5/><U38/><E127/><V103/><F50/><W52/><G110/><T74/><D74/><U83/><E109/><V105/><F67/><W40/><G79/><T131/><D131/><N who="3" m="50217" /><G84/><T112/><D112/><U118/><E83/><V51/><F51/><W27/><G23/><T36/><D36/><U80/><E82/><V25/><F69/><W62/><G62/><T35/><D31/><U34/><E118/><V21/><F21/><W42/><G42/><T73/><D73/><U88/><E0/><V66/><F66/><W28/><G28/><T41/><D41/><U63/><E38/><V8/><F25/><W108/><G108/><T2/><D2/><U111/><E111/><V11/><F7/><W86/><G86/><T90/><D64/><U94/><E44/><AGARI ba="0,0" hai="16,20,27,40,44,46,48,49,52,132,134" m="50217" machi="44" ten="30,5800,0" yaku="19,1,54,2" doraHai="65" who="3" fromWho="1" sc="257,0,20,-58,306,0,417,58" owari="257,-14.0,-38,-54.0,306,11.0,475,57.0" /></mjloggm>