<mjloggm ver="2.3"><GO type="41" lobby="0"/><UN n0="%E2%93%9D%53%75%70%68%78" n1="%E3%81%91%E3%82%93%E3%81%97%E3%82%93%EF%BC%97%EF%BC%97" n2="%E3%82%89%E3%81%BF%E3%81%BF" n3="%6D%6E%30%33%35%34%30" dan="17,15,14,14" rate="2059.09,1972.28,1978.46,1939.00" sx="M,F,F,F"/><TAIKYOKU oya="0"/><INIT seed="0,0,0,2,0,76" ten="250,250,250,250" oya="0" hai0="15,9,97,83,125,21,135,68,90,65,91,98,109" hai1="52,66,56,54,134,132,130,129,0,2,1,22,74" hai2="88,73,57,110,7,29,106,35,92,118,44,23,33" hai3="112,6,107,47,120,133,78,99,87,86,32,58,81"/><T16/><D125/><U93/><E74/><V121/><F106/><W48/><G112/><T26/><D135/><N who="1" m="51755" /><E66/><V128/><F121/><W25/><G133/><T4/><D109/><U114/><E114/><V38/><F7/><W96/><G120/><T20/><D68/><U51/><E93/><V80/><F110/><W104/><G6/><T75/><D65/><U28/><E28/><V101/><F101/><W14/><G14/><T8/><D8/><U69/><E69/><V119/><F128/><N who="1" m="49257" /><E54/><V126/><F126/><W31/><G104/><T67/><D67/><U39/><E22/><V79/><F57/><W115/><G107/><T49/><D21/><U116/><E116/><N who="2" m="44587" /><F44/><W46/><G46/><T122/><D122/><U77/><E77/><V63/><F63/><W17/><G58/><T41/><D91/><U113/><E113/><V36/><F35/><W64/><G64/><T18/><D90/><U103/><E39/><V82/><F33/><W12/><G87/><T34/><D34/><U127/><E127/><V24/><F82/><W123/><G123/><T50/><D83/><U37/><E37/><V94/><F94/><W117/><G117/><T60/><D75/><U84/><E84/><AGARI ba="0,0" hai="23,24,29,36,38,73,79,80,84,88,92" m="44587" machi="84" ten="30,3900,0" yaku="12,1,52,1,54,1" doraHai="76" who="2" fromWho="1" sc="250,0,250,-39,250,39,250,0" /><INIT seed="1,0,0,2,2,16" ten="250,211,289,250" oya="1" hai0="14,111,80,125,4,49,2,20,42,78,27,128,68" hai1="112,34,94,41,84,106,99,45,22,63,122,58,64" hai2="6,74,24,90,101,44,124,133,9,82,52,65,21" hai3="10,76,103,87,70,12,59,86,67,36,132,85,110"/><U25/><E122/><V93/><F65/><W7/><G36/><T96/><D111/><U77/><E112/><V53/><F133/><W100/><G110/><T108/><D108/><U89/><E34/><V114/><F114/><W98/><G70/><T69/><D2/><U81/><E106/><V72/><F124/><W127/><G132/><T37/><D37/><U57/><E57/><V134/><F134/><W56/><G127/><T104/><D128/><U60/><E60/><V3/><F101/><N who="3" m="38987" /><G98/><T0/><D0/><U130/><E130/><V92/><F92/><W88/><G76/><T1/><D1/><U38/><E38/><V66/><F66/><W46/><G46/><T117/><D117/><U113/><E113/><V118/><F118/><W19/><G7/><T79/><D79/><U120/><E120/><V18/><F72/><W115/><G115/><T43/><D96/><U71/><E71/><V119/><F119/><W116/><G116/><T39/><D39/><U54/><E41/><V5/><F5/><W73/><G73/><T62/><D104/><U131/><E131/><V126/><F126/><W8/><G8/><N who="0" m="4359" /><D69/><U28/><E45/><V29/><F74/><W40/><G40/><T13/><D43/><U135/><E135/><V83/><F29/><W48/><G67/><AGARI ba="0,0" hai="22,25,28,54,58,63,64,67,77,81,84,89,94,99" machi="67" ten="40,3900,0" yaku="8,1,52,1" doraHai="16" who="1" fromWho="3" sc="250,0,211,39,289,0,250,-39" /><INIT seed="1,1,0,3,0,85" ten="250,250,289,211" oya="1" hai0="37,8,24,48,69,86,107,46,72,20,103,40,111" hai1="6,2,124,106,39,81,0,7,129,65,70,96,71" hai2="97,90,22,76,27,78,60,35,11,32,25,53,118" hai3="75,126,119,4,43,34,109,100,112,16,66,42,17"/><U54/><E129/><V114/><F118/><W29/><G112/><T31/><D72/><U116/><E116/><V14/><F114/><W59/><G119/><T68/><D111/><U58/><E124/><V51/><F60/><W23/><G75/><T18/><D107/><U21/><E39/><V113/><F113/><W79/><G79/><N who="2" m="30249" /><F35/><W3/><G109/><T84/><D103/><U19/><E81/><V135/><F32/><W122/><G122/><T91/><D86/><U10/><E65/><V125/><F125/><W117/><G117/><T82/><D37/><U15/><E7/><N who="2" m="3455" /><F22/><W74/><G74/><T62/><D62/><U88/><E0/><V87/><F97/><W110/><G110/><T115/><D115/><U131/><E106/><V128/><F135/><W108/><G108/><T121/><D121/><U44/><E44/><N who="2" m="27879" /><F128/><W61/><G126/><T130/><D130/><U89/><E131/><V26/><F26/><W63/><G63/><T105/><D105/><U102/><E71/><V73/><F73/><W132/><G132/><T55/><D40/><U38/><E70/><V95/><AGARI ba="1,0" hai="25,27,87,90,95" m="27879,3455,30249" machi="95" ten="30,2000,0" yaku="8,1,52,1" doraHai="85" who="2" fromWho="2" sc="250,-6,250,-11,289,23,211,-6" /><INIT seed="2,0,0,3,1,39" ten="244,239,312,205" oya="2" hai0="62,72,74,125,56,51,113,116,19,121,87,134,38" hai1="58,101,132,119,128,76,61,118,68,50,96,102,40" hai2="79,37,115,69,70,131,81,100,57,65,17,64,27" hai3="94,13,104,63,123,45,30,47,52,44,6,16,60"/><V12/><F115/><W20/><G104/><T24/><D38/><U42/><E68/><V1/><F1/><W5/><G123/><T107/><D107/><U10/><E132/><V122/><F122/><W109/><G109/><T84/><D125/><U129/><E76/><V0/><F0/><W59/><G30/><T89/><D116/><N who="1" m="44587" /><E50/><V3/><F3/><W26/><G94/><T91/><D51/><U2/><E96/><V124/><F124/><W46/><N who="3" m="11264" /><DORA hai="67" /><W108/><G108/><T99/><D99/><U112/><E112/><V48/><F37/><W75/><G75/><T7/><D74/><U92/><E92/><V25/><F48/><W111/><G111/><T133/><D72/><U53/><E2/><V95/><F131/><N who="1" m="50249" /><E10/><V117/><F117/><W54/><G26/><T82/><D24/><U85/><E85/><V14/><F95/><W8/><REACH who="3" step="1"/><G20/><REACH who="3" ten="244,239,312,195" step="2"/><T73/><D73/><U9/><E9/><V120/><F120/><W43/><G43/><AGARI ba="0,1" hai="40,42,43,53,58,61,101,102" m="50249,44587" machi="43" ten="30,7700,0" yaku="19,1,52,3" doraHai="39,67" who="1" fromWho="3" sc="244,0,239,87,312,0,195,-77" /><INIT seed="3,0,0,4,4,97" ten="244,326,312,118" oya="3" hai0="68,56,53,43,61,6,52,89,26,41,48,59,71" hai1="66,10,120,21,128,95,8,80,16,111,99,25,5" hai2="105,42,74,65,0,23,122,11,123,114,24,76,49" hai3="4,57,1,81,125,9,91,119,40,92,22,77,109"/><W58/><G119/><T73/><D6/><U110/><E120/><N who="2" m="46123" /><F114/><W118/><G118/><T134/><D89/><U116/><E116/><V63/><F105/><W132/><G125/><T45/><D26/><U131/><E80/><N who="2" m="45079" /><F0/><W106/><G132/><T115/><D73/><U2/><E66/><V78/><F11/><W90/><G106/><T107/><D107/><U135/><E135/><V34/><F34/><W93/><G40/><N who="0" m="15435" /><D134/><U98/><E98/><V102/><F78/><W14/><G109/><N who="1" m="41482" /><E10/><V12/><F12/><W50/><G22/><T37/><D115/><U86/><E86/><V51/><F42/><AGARI ba="0,0" hai="37,42,45,48,52,53,56,59,61,68,71" m="15435" machi="42" ten="30,12000,2" yaku="35,5,54,1" doraHai="97" who="0" fromWho="2" sc="244,120,326,0,312,-120,118,0" /><INIT seed="4,0,0,1,2,131" ten="364,326,192,118" oya="0" hai0="53,4,77,17,55,111,19,11,30,61,70,95,39" hai1="35,14,69,89,106,103,26,48,23,32,37,134,47" hai2="45,42,76,34,99,88,73,110,24,100,2,71,78" hai3="105,135,68,104,1,97,121,18,133,56,90,124,16"/><T114/><D39/><U33/><E69/><V66/><F2/><W119/><G119/><T13/><D114/><U117/><E117/><V59/><F110/><W12/><G68/><T129/><D129/><U113/><E113/><V65/><F71/><W75/><G1/><T127/><D127/><U9/><E37/><V63/><F66/><W41/><G75/><T29/><D77/><U94/><E134/><N who="3" m="51210" /><G41/><T38/><D111/><U60/><E60/><V101/><F73/><W5/><G124/><T46/><D38/><U58/><E58/><V7/><F7/><W96/><G121/><T3/><D3/><U8/><E103/><V40/><F34/><W81/><G56/><T86/><D70/><U49/><E106/><N who="3" m="41066" /><G5/><T0/><D0/><U130/><E130/><V120/><F120/><W102/><G102/><N who="2" m="39529" /><F24/><W36/><G36/><T64/><D4/><U57/><E57/><V20/><F20/><N who="3" m="11271" /><G18/><T87/><D19/><U10/><E14/><V92/><F40/><W80/><G90/><T79/><D17/><U31/><E47/><V62/><F62/><W25/><G25/><T52/><D46/><U6/><E6/><V109/><F109/><W84/><G84/><T108/><D87/><U107/><E107/><V123/><F123/><W72/><G72/><T82/><D108/><U118/><E118/><V116/><F116/><W122/><G122/><T132/><D132/><U54/><E89/><V28/><F28/><W125/><G125/><T91/><D30/><U27/><E27/><V22/><F22/><W51/><G51/><AGARI ba="0,0" hai="42,45,51,59,63,65,76,78,88,92,99" m="39529" machi="51" ten="30,2000,0" yaku="8,1,54,1" doraHai="131" who="2" fromWho="3" sc="364,0,326,0,192,20,118,-20" /><INIT seed="5,0,0,0,4,98" ten="364,326,212,98" oya="1" hai0="57,88,82,7,83,13,134,125,105,35,14,121,27" hai1="106,104,46,12,40,99,23,17,68,70,29,15,45" hai2="117,48,132,44,66,90,119,34,25,74,4,52,81" hai3="123,87,8,85,47,61,122,67,84,37,30,65,77"/><U80/><E29/><V41/><F4/><W94/><G67/><T55/><D105/><U111/><E111/><V6/><F66/><W54/><G30/><T24/><D134/><U107/><E46/><V64/><F64/><W51/><G37/><T49/><D125/><U20/><E80/><V21/><F132/><W26/><G26/><T128/><D128/><U28/><E28/><V69/><F34/><W124/><G124/><T100/><D100/><U126/><E126/><V2/><F69/><W97/><G8/><T53/><D121/><U113/><E113/><V43/><F43/><W19/><G19/><T95/><D35/><U96/><E96/><V22/><F2/><W91/><REACH who="3" step="1"/><G77/><REACH who="3" ten="364,326,212,88" step="2"/><T9/><D27/><U39/><E99/><V89/><F25/><W32/><G32/><T56/><D24/><U59/><E59/><AGARI ba="0,1" hai="47,51,54,59,61,65,84,85,87,91,94,97,122,123" machi="59" ten="40,1300,0" yaku="1,1,53,0" doraHai="98" doraHaiUra="3" who="3" fromWho="1" sc="364,0,326,-13,212,0,88,23" /><INIT seed="6,0,0,2,4,135" ten="364,313,212,111" oya="2" hai0="42,15,59,95,80,38,118,98,44,106,19,116,35" hai1="52,79,7,100,104,43,93,11,92,130,109,84,88" hai2="126,6,105,73,108,21,54,32,124,123,99,56,27" hai3="63,18,4,121,31,65,1,23,119,128,102,76,134"/><V41/><F73/><W107/><G121/><T97/><D35/><U122/><E109/><V5/><F123/><W37/><G37/><T39/><D106/><U25/><E122/><V129/><F108/><W83/><G119/><N who="0" m="45611" /><D59/><U127/><E127/><N who="2" m="48683" /><F32/><W3/><G134/><T82/><D39/><U45/><E130/><V22/><F41/><W14/><G128/><T85/><D85/><U91/><E104/><V125/><N who="2" m="48691" /><V50/><DORA hai="48" /><F129/><W75/><G4/><N who="2" m="1641" /><F27/><W30/><G1/><T28/><D42/><U29/><E100/><AGARI ba="0,0" hai="21,22,50,54,56,99,100,105" m="1641,48691" machi="100" ten="40,18000,2" yaku="18,1,52,5" doraHai="135,48" who="2" fromWho="1" sc="364,0,313,-180,212,180,111,0" /><INIT seed="6,1,0,0,0,84" ten="364,133,392,111" oya="2" hai0="119,117,57,31,65,109,54,37,127,72,18,79,26" hai1="121,73,80,64,21,30,22,86,6,0,90,24,2" hai2="124,135,102,40,58,52,1,130,131,4,53,105,81" hai3="14,38,9,76,15,46,34,59,128,89,41,129,29"/><V45/><F135/><W47/><G76/><T111/><D18/><U125/><E73/><V88/><F1/><W11/><G34/><T33/><D37/><U25/><E125/><V13/><F105/><W123/><G123/><T60/><D127/><U96/><E121/><V133/><F102/><W12/><G29/><T20/><D33/><U113/><E113/><V48/><F133/><W122/><G122/><T100/><D100/><U94/><E64/><V32/><F32/><W36/><G59/><T71/><D79/><U134/><E134/><V49/><F124/><W16/><G12/><T110/><REACH who="0" step="1"/><D72/><REACH who="0" ten="354,133,392,111" step="2"/><U108/><E108/><V63/><F131/><W67/><G67/><T91/><D91/><U112/><E112/><V115/><F115/><W62/><G62/><AGARI ba="1,1" hai="20,26,31,54,57,60,62,65,71,109,110,111,117,119" machi="62" ten="50,1600,0" yaku="1,1,53,0" doraHai="84" doraHaiUra="92" who="0" fromWho="3" sc="354,29,133,0,392,0,111,-19" /><INIT seed="7,0,0,4,0,89" ten="383,133,392,92" oya="3" hai0="40,55,80,128,97,132,129,9,95,44,117,93,30" hai1="43,75,106,108,2,31,111,18,69,64,22,46,105" hai2="127,73,51,92,53,26,41,123,76,5,50,32,54" hai3="131,19,87,103,28,84,82,24,114,36,3,120,49"/><W124/><G120/><T99/><D117/><U37/><E31/><V34/><F41/><W29/><G36/><T39/><D132/><U45/><E45/><V100/><F5/><W134/><G134/><T70/><D70/><U85/><E85/><V104/><F104/><N who="1" m="40041" /><E22/><V102/><F123/><W72/><G72/><T115/><D115/><U56/><E56/><V38/><F38/><W90/><G114/><T118/><D118/><U0/><E18/><V122/><F122/><W6/><G124/><T59/><D80/><U88/><E88/><V77/><F127/><W47/><G103/><T61/><D30/><U126/><E126/><V4/><F4/><W15/><G131/><N who="0" m="50251" /><D9/><U42/><E42/><V62/><F26/><W101/><G101/><T13/><D13/><U7/><E75/><V57/><F62/><W23/><G24/><T21/><D21/><U27/><E27/><V17/><F17/><W113/><G113/><T110/><D110/><N who="1" m="42027" /><E7/><V12/><F73/><W107/><G107/><T68/><D68/><U79/><E79/><V25/><F12/><W98/><G98/><AGARI ba="0,0" hai="39,40,44,55,59,61,93,95,97,98,99" m="50251" machi="98" ten="30,3900,0" yaku="19,1,52,2" doraHai="89" who="0" fromWho="3" sc="383,39,133,0,392,0,92,-39" owari="422,53.0,133,-27.0,392,19.0,53,-45.0" /></mjloggm>