<mjloggm ver="2.3"><GO type="41" lobby="0"/><UN n0="%E3%82%A2%E3%83%AA%E3%82%AA%E5%8D%97%E8%B6%8A%E8%B0%B7" n1="%E3%81%97%E3%81%9F%E3%81%86%E3%81%91" n2="%E2%93%9D%53%75%70%68%78" n3="%53%65%76%65%72%75%73" dan="13,14,17,15" rate="1857.12,1853.14,2040.58,1937.78" sx="M,M,M,M"/><TAIKYOKU oya="0"/><INIT seed="0,0,0,3,1,76" ten="250,250,250,250" oya="0" hai0="116,35,73,78,27,109,34,93,71,55,111,10,63" hai1="120,7,6,79,69,118,133,84,31,46,17,80,86" hai2="114,5,124,94,28,102,135,4,67,3,13,43,2" hai3="70,45,121,68,108,22,38,49,41,128,39,122,92"/><T54/><D116/><U19/><E118/><V14/><F67/><W12/><G92/><T131/><D131/><U104/><E120/><N who="3" m="46186" /><G22/><T134/><D134/><U32/><E69/><N who="3" m="26730" /><G12/><T125/><D125/><U20/><E104/><V33/><F43/><W107/><G107/><T91/><D63/><U74/><E32/><N who="0" m="12329" /><D71/><U98/><E31/><V88/><F28/><W26/><G26/><T65/><D65/><U97/><E74/><V123/><F33/><W44/><G128/><T110/><D10/><U0/><E46/><V50/><F124/><W8/><G8/><T16/><D27/><U85/><E0/><V40/><F3/><W25/><G25/><T75/><D16/><U53/><E20/><V119/><F2/><W48/><G108/><N who="0" m="27651" /><T9/><DORA hai="130" /><D9/><U58/><E6/><V95/><F5/><W1/><G1/><T59/><D59/><U90/><E7/><V126/><F4/><W62/><G62/><T105/><D105/><U103/><E17/><V87/><F126/><W56/><G56/><T77/><D77/><U115/><E58/><V36/><F123/><W127/><G127/><T117/><D117/><U106/><E19/><V64/><F119/><W21/><G21/><T72/><D78/><U15/><E79/><V61/><F14/><W83/><G39/><T81/><D81/><U132/><E15/><V30/><F13/><W60/><G60/><T57/><D57/><U96/><E106/><V82/><F61/><W37/><G83/><T11/><D11/><U51/><E80/><V100/><F82/><W101/><G38/><T113/><D113/><RYUUKYOKU ba="0,0" sc="250,30,250,-10,250,-10,250,-10" hai0="54,55,72,73,75,91,93" /><INIT seed="0,1,0,1,1,116" ten="280,240,240,240" oya="0" hai0="103,130,126,128,71,35,48,83,39,127,109,56,55" hai1="30,13,97,134,66,17,105,73,34,80,4,22,33" hai2="82,77,78,51,69,75,119,115,122,14,110,96,108" hai3="28,74,1,50,92,132,5,84,89,113,114,21,25"/><T32/><D71/><U36/><E36/><V107/><F69/><W46/><G74/><T60/><D103/><U37/><E37/><V2/><F2/><W19/><G132/><T98/><D98/><U9/><E66/><V91/><F14/><W70/><G70/><T65/><D39/><U135/><E73/><V104/><F51/><W111/><G111/><N who="2" m="42537" /><F115/><W54/><G5/><T47/><D109/><U62/><E62/><V18/><F18/><W59/><G1/><T125/><REACH who="0" step="1"/><D83/><REACH who="0" ten="270,240,240,240" step="2"/><U38/><E80/><V6/><F96/><W24/><REACH who="3" step="1"/><G46/><REACH who="3" ten="270,240,240,230" step="2"/><T94/><D94/><U12/><E134/><V0/><F107/><W118/><G118/><T53/><D53/><U99/><E135/><V112/><F104/><W120/><G120/><T64/><D64/><U16/><E105/><V129/><F119/><W133/><G133/><T131/><AGARI ba="1,2" hai="32,35,47,48,55,56,60,65,125,126,127,128,130,131" machi="131" ten="40,12000,1" yaku="1,1,0,1,18,1,19,1,53,0" doraHai="116" doraHaiUra="67" who="0" fromWho="0" sc="270,143,240,-41,240,-41,230,-41" /><INIT seed="0,2,0,1,0,63" ten="413,199,199,189" oya="0" hai0="55,54,112,4,30,16,66,128,95,70,101,135,62" hai1="28,17,79,25,53,12,34,59,85,32,106,8,61" hai2="39,91,31,5,72,73,108,56,126,82,97,47,2" hai3="15,1,45,87,107,104,81,35,41,69,129,102,99"/><T134/><D112/><U89/><E106/><V10/><F108/><W109/><G35/><T60/><D128/><U113/><E113/><V77/><F126/><W46/><G1/><T125/><D125/><U65/><E79/><V19/><F31/><W96/><G109/><T124/><D124/><U3/><E3/><V71/><F71/><W49/><G129/><T76/><D76/><U68/><E34/><V37/><F73/><W118/><G118/><T119/><D119/><U75/><E75/><V121/><F121/><W43/><G69/><T6/><D30/><U52/><REACH who="1" step="1"/><E68/><REACH who="1" ten="413,189,199,189" step="2"/><V26/><F77/><W18/><G104/><T80/><D70/><U50/><E50/><V88/><F39/><W22/><G107/><T11/><D62/><U78/><E78/><V130/><F37/><W57/><G102/><T44/><D60/><U115/><E115/><V90/><F72/><W27/><G57/><T120/><D120/><U58/><E58/><V127/><F56/><W29/><G46/><T83/><D44/><U94/><AGARI ba="2,1" hai="8,12,17,25,28,32,52,53,59,61,65,85,89,94" machi="94" ten="20,12000,2" yaku="1,1,0,1,7,1,52,1,54,1,53,1" doraHai="63" doraHaiUra="24" who="1" fromWho="1" sc="413,-62,189,136,199,-32,189,-32" /><INIT seed="1,0,0,1,2,123" ten="351,325,167,157" oya="1" hai0="72,17,127,48,71,3,6,95,50,24,35,28,96" hai1="78,84,93,104,32,7,37,60,26,113,116,74,19" hai2="52,115,21,8,90,70,33,76,108,112,61,9,114" hai3="46,132,111,135,92,13,87,47,99,110,11,125,10"/><U86/><E104/><V75/><F33/><W81/><G125/><T16/><D127/><U40/><E116/><V51/><F90/><N who="3" m="55703" /><G47/><T65/><D72/><U88/><E113/><V85/><F75/><W43/><G43/><T66/><D6/><U73/><E7/><V117/><F117/><W98/><G98/><T64/><D3/><U38/><E40/><V118/><F118/><W68/><G68/><T101/><D71/><U36/><E60/><V122/><F122/><W41/><G41/><T79/><D79/><U5/><E5/><V121/><F121/><W124/><G124/><T109/><D109/><N who="3" m="41481" /><G46/><T57/><D50/><U69/><E69/><V107/><F108/><W34/><G34/><T45/><REACH who="0" step="1"/><D57/><REACH who="0" ten="341,325,167,157" step="2"/><U12/><E73/><V0/><F115/><W25/><G25/><T30/><D30/><U126/><E74/><V15/><F114/><W59/><G59/><T94/><D94/><U4/><E126/><V134/><F112/><W22/><G22/><T103/><D103/><U91/><E4/><V58/><F21/><W119/><G119/><T97/><D97/><U77/><E26/><V131/><F70/><W56/><G56/><T102/><D102/><U44/><E32/><V42/><F58/><W106/><G106/><T29/><D29/><U83/><REACH who="1" step="1"/><E44/><REACH who="1" ten="341,315,167,157" step="2"/><V133/><F107/><W105/><G105/><T1/><D1/><U82/><E82/><V100/><F0/><W49/><G81/><T18/><D18/><U67/><E67/><V20/><F42/><AGARI ba="0,2" hai="16,17,24,28,35,42,45,48,64,65,66,95,96,101" machi="42" ten="40,5200,0" yaku="1,1,54,1,53,1" doraHai="123" doraHaiUra="31" who="0" fromWho="2" sc="341,72,315,0,167,-52,157,0" /><INIT seed="2,0,0,3,3,91" ten="413,315,115,157" oya="2" hai0="129,68,106,51,128,6,32,74,27,22,82,115,73" hai1="24,103,1,93,4,94,57,118,62,15,107,14,28" hai2="69,16,121,23,37,81,63,78,116,79,119,0,97" hai3="44,65,3,58,64,66,71,110,101,133,20,131,100"/><V99/><F37/><W102/><G110/><T10/><D115/><U35/><E118/><V130/><F0/><W59/><G3/><T105/><D68/><U120/><E120/><V8/><F121/><W89/><G131/><N who="0" m="50251" /><D51/><U5/><E1/><V19/><F130/><W126/><G126/><T75/><D82/><U36/><E36/><V60/><F23/><W42/><G133/><T31/><D22/><U17/><E14/><AGARI ba="0,0" hai="6,10,14,27,31,32,73,74,75,105,106" m="50251" machi="14" ten="40,1300,0" yaku="19,1" doraHai="91" who="0" fromWho="1" sc="413,13,315,-13,115,0,157,0" /><INIT seed="3,0,0,3,0,98" ten="426,302,115,157" oya="3" hai0="9,114,107,96,62,48,131,47,123,110,126,113,44" hai1="127,125,59,75,54,91,121,120,101,79,102,12,104" hai2="116,89,20,73,78,88,70,14,27,50,100,39,97" hai3="33,23,17,94,43,117,128,28,129,21,71,86,42"/><W53/><G117/><T1/><D123/><U37/><E37/><V0/><F39/><W68/><G53/><T35/><D35/><U83/><E12/><V87/><F0/><W122/><G122/><N who="1" m="47210" /><E54/><V38/><F70/><W92/><G86/><T52/><D110/><U134/><E59/><V93/><F38/><W135/><G33/><T60/><D126/><N who="1" m="48139" /><E134/><V61/><F116/><W11/><G135/><T25/><D25/><U16/><E16/><N who="2" m="10263" /><F73/><W5/><G17/><T26/><D26/><U74/><E104/><V111/><F111/><W77/><G77/><T95/><D107/><U109/><E109/><V10/><F10/><W24/><G24/><T58/><D47/><U63/><E63/><V84/><F61/><W132/><G132/><T69/><D62/><U45/><E45/><V133/><F133/><W81/><G11/><T119/><D1/><U19/><E19/><V99/><F27/><W57/><G57/><T106/><D106/><U118/><E118/><V90/><F50/><W7/><G28/><T32/><D69/><U13/><E13/><V103/><F78/><W80/><AGARI ba="0,0" hai="5,7,21,23,42,43,68,71,80,81,92,94,128,129" machi="80" ten="25,4800,0" yaku="0,1,22,2" doraHai="98" who="3" fromWho="3" sc="426,-16,302,-16,115,-16,157,48" /><INIT seed="3,1,0,4,3,115" ten="410,286,99,205" oya="3" hai0="25,78,11,76,79,41,93,69,97,66,4,15,60" hai1="102,52,19,73,121,13,50,5,47,44,126,72,27" hai2="26,87,86,122,22,34,39,127,80,131,118,91,43" hai3="28,74,71,33,75,82,40,7,46,119,130,36,100"/><W10/><G130/><T77/><D77/><U29/><E121/><V88/><F131/><W12/><G71/><T42/><REACH who="0" step="1"/><D25/><REACH who="0" ten="400,286,99,205" step="2"/><U51/><E126/><V128/><F127/><W89/><G100/><AGARI ba="1,1" hai="4,11,15,41,42,60,66,69,76,78,79,93,97,100" machi="100" ten="40,2600,0" yaku="1,1,2,1,53,0" doraHai="115" doraHaiUra="24" who="0" fromWho="3" sc="400,39,286,0,99,0,205,-29" /><INIT seed="4,0,0,4,1,50" ten="439,286,99,176" oya="0" hai0="36,2,89,120,79,123,121,44,22,10,107,7,67" hai1="70,12,16,84,29,37,122,46,58,77,5,113,90" hai2="1,25,95,63,83,100,119,45,59,88,3,30,64" hai3="62,117,101,109,56,115,99,55,39,104,111,114,20"/><T112/><D107/><U34/><E70/><V32/><F119/><W130/><G39/><T21/><D79/><U60/><E122/><V52/><F100/><W38/><G38/><T74/><D74/><U87/><E5/><V102/><F102/><W9/><G117/><T73/><D73/><U131/><E131/><V28/><F83/><W82/><G130/><T15/><D112/><N who="3" m="43049" /><G9/><T127/><D67/><U68/><E68/><V43/><F30/><W92/><G82/><T135/><D22/><U71/><E71/><V51/><REACH who="2" step="1"/><F64/><REACH who="2" ten="439,286,89,176" step="2"/><W133/><G133/><T49/><D135/><U47/><E29/><V31/><F31/><W35/><G35/><T33/><D33/><U57/><E34/><V116/><F116/><W96/><G20/><T132/><D121/><U23/><E113/><V48/><F48/><W128/><G128/><T18/><D49/><U125/><E37/><V126/><F126/><W40/><G40/><T108/><D127/><U110/><E125/><V4/><F4/><W24/><G24/><T8/><D132/><U76/><E110/><V41/><F41/><W80/><G80/><T103/><D108/><U54/><E77/><V19/><F19/><W124/><G124/><T61/><D18/><U129/><E129/><V6/><F6/><W65/><G65/><T42/><D7/><U106/><E76/><V53/><F53/><W81/><G81/><T0/><D120/><U72/><E54/><V134/><F134/><W13/><G13/><T75/><D123/><U66/><E12/><V27/><F27/><W118/><G118/><T98/><D36/><RYUUKYOKU ba="0,1" sc="439,-15,286,-15,89,15,176,15" hai2="1,3,25,28,32,43,45,51,52,59,63,88,95" hai3="55,56,62,92,96,99,101,104,109,111" /><INIT seed="5,1,1,0,5,2" ten="424,271,104,191" oya="1" hai0="111,11,22,90,127,61,37,102,44,122,103,58,134" hai1="33,39,113,131,71,116,1,26,38,49,25,123,64" hai2="130,107,0,118,81,51,78,125,55,7,62,42,80" hai3="69,117,29,45,65,96,30,115,114,54,15,66,76"/><U60/><E123/><V43/><F118/><W6/><G117/><T75/><D122/><U28/><E116/><V135/><F107/><W47/><G76/><T70/><D70/><U101/><E131/><V68/><F130/><W52/><G96/><T12/><D75/><U23/><E113/><N who="3" m="43018" /><G69/><T67/><D134/><U41/><E41/><V8/><F81/><W84/><G84/><T9/><D127/><U126/><E126/><V3/><F3/><W10/><G66/><T89/><D89/><U56/><E49/><V24/><F135/><W92/><G92/><T133/><D90/><U105/><E56/><V74/><F125/><W121/><G65/><T57/><D57/><U53/><E53/><N who="3" m="20586" /><G121/><T112/><D58/><U59/><E59/><V124/><F124/><W17/><G17/><T108/><D67/><U119/><E119/><V35/><F68/><W109/><G109/><T120/><D120/><U132/><E132/><V5/><F62/><W88/><G88/><T4/><D61/><U100/><E100/><V27/><F55/><W73/><G73/><T72/><D103/><U86/><E86/><V95/><F74/><W83/><G83/><T20/><D72/><U91/><E91/><V34/><F80/><W77/><G77/><T98/><D102/><U82/><E82/><V128/><F78/><W32/><G32/><T19/><D112/><U31/><E1/><V87/><F128/><W36/><G36/><T106/><D37/><U46/><E46/><AGARI ba="1,1" hai="6,10,15,29,30,45,46,47" m="20586,43018" machi="46" ten="30,3900,0" yaku="15,1,52,1,54,1" doraHai="2" who="3" fromWho="1" sc="424,0,271,-42,104,0,191,52" /><INIT seed="6,0,0,3,1,46" ten="424,229,104,243" oya="2" hai0="69,34,3,50,30,19,115,70,41,110,90,122,55" hai1="71,135,1,72,20,109,75,111,132,2,118,119,133" hai2="63,25,64,89,105,96,48,40,126,108,77,123,93" hai3="99,5,38,73,107,98,87,101,117,45,116,112,44"/><V124/><F123/><W67/><G67/><T88/><D110/><U0/><E20/><V92/><F105/><W9/><G73/><T86/><D115/><U8/><E8/><V39/><F39/><W82/><G99/><T54/><D3/><U11/><E11/><V130/><F77/><W121/><G121/><T127/><D127/><N who="2" m="48682" /><F130/><W97/><G97/><T31/><D19/><U12/><E12/><V24/><F93/><W60/><G60/><T134/><D134/><U18/><E18/><V22/><F108/><N who="1" m="41545" /><E71/><N who="2" m="42399" /><F22/><W43/><G112/><T59/><D34/><U79/><E79/><V68/><F68/><W95/><G45/><AGARI ba="0,0" hai="24,25,40,45,48,89,92,96" m="42399,48682" machi="45" ten="30,2900,0" yaku="18,1,52,1" doraHai="46" who="2" fromWho="3" sc="424,0,229,0,104,29,243,-29" /><INIT seed="6,1,0,3,1,27" ten="424,229,133,214" oya="2" hai0="127,113,30,18,92,101,52,38,66,65,132,71,105" hai1="81,7,13,72,10,0,123,67,35,112,117,109,22" hai2="11,80,83,118,108,62,21,131,25,28,36,41,63" hai3="24,76,73,47,57,114,12,106,42,120,115,23,87"/><V128/><F118/><W99/><G120/><T68/><D38/><U74/><E123/><V4/><F108/><W84/><G57/><T116/><D116/><U55/><E117/><V49/><F36/><W40/><G12/><T16/><D105/><U2/><E109/><V69/><F41/><N who="3" m="15979" /><G47/><T9/><D132/><U111/><E111/><V61/><F69/><W17/><G73/><T95/><D113/><N who="3" m="43017" /><G76/><T88/><D127/><U19/><E112/><V31/><F49/><W77/><G77/><T45/><D71/><U26/><E67/><V75/><F75/><W100/><AGARI ba="1,0" hai="17,23,24,84,87,99,100,106" m="43017,15979" machi="100" ten="30,2000,0" yaku="15,1,11,1" doraHai="27" who="3" fromWho="3" sc="424,-6,229,-6,133,-11,214,23" /><INIT seed="7,0,0,0,1,118" ten="418,223,122,237" oya="3" hai0="113,135,66,84,101,99,29,92,73,58,23,106,3" hai1="125,98,26,127,60,2,53,131,80,102,46,40,65" hai2="108,93,103,56,16,74,63,49,97,95,128,76,90" hai3="31,57,24,79,114,70,61,39,119,116,120,100,1"/><W43/><G79/><T45/><D3/><U47/><E2/><V6/><F128/><W17/><G100/><T123/><D123/><U109/><E109/><V19/><F108/><W115/><G1/><T48/><D135/><U36/><E80/><V35/><F35/><W81/><G81/><T8/><D113/><N who="3" m="43017" /><G17/><T82/><D73/><U67/><E26/><V44/><F6/><W11/><G11/><T133/><D133/><U14/><E14/><V121/><F76/><W10/><G10/><T38/><D106/><U68/><E98/><V22/><F74/><W96/><G96/><T85/><D38/><U94/><E94/><V72/><F72/><W134/><G134/><T52/><D8/><U91/><E91/><V30/><F121/><W18/><G18/><T34/><D34/><U87/><E87/><V42/><F30/><W112/><G112/><T28/><D23/><U7/><E7/><V78/><F78/><W105/><G105/><T12/><D12/><U64/><E102/><V124/><F124/><N who="1" m="47689" /><E131/><V21/><F21/><N who="3" m="15759" /><G70/><T0/><D0/><U130/><E130/><V110/><F110/><W126/><G126/><T37/><D85/><U88/><E88/><V132/><F132/><W71/><G120/><T117/><D84/><U86/><E86/><V20/><F20/><W33/><G71/><T77/><D82/><U62/><E68/><V129/><F129/><W9/><G9/><T41/><D99/><U122/><E122/><V5/><F5/><W50/><G33/><T13/><D101/><U25/><E25/><V111/><F111/><W75/><G75/><RYUUKYOKU ba="0,0" sc="418,-10,223,30,122,-10,237,-10" hai1="36,40,46,47,53,60,62,64,65,67" owari="408,51.0,253,5.0,112,-39.0,227,-17.0" /></mjloggm>