<mjloggm ver="2.3"><GO type="41" lobby="0"/><UN n0="%E3%81%A1%E3%82%87%E3%81%A3%E3%81%A8%E3%81%AD%E3%82%80%E3%81%84" n1="%6C%69%6E%6A%69%6E" n2="%4B%41%53%59%41%39%30%31" n3="%E2%93%9D%53%75%70%68%78" dan="13,14,14,17" rate="1900.39,1931.78,1903.82,2055.39" sx="M,M,M,M"/><TAIKYOKU oya="0"/><INIT seed="0,0,0,2,1,43" ten="250,250,250,250" oya="0" hai0="134,11,131,80,64,37,30,88,116,92,100,56,105" hai1="16,79,1,28,113,38,107,94,99,52,133,45,81" hai2="135,130,124,13,41,77,29,34,109,8,96,75,91" hai3="123,2,89,119,22,21,112,73,132,115,84,98,71"/><T121/><D37/><U4/><E107/><V114/><F41/><W61/><G119/><T49/><D121/><U110/><E113/><V86/><F29/><W36/><G2/><T63/><D116/><U97/><E110/><V83/><F34/><W93/><G73/><T126/><D131/><U65/><E133/><V102/><F13/><W35/><G35/><T54/><D134/><U12/><E28/><V51/><F51/><W19/><G22/><T59/><D126/><U33/><E33/><V82/><F8/><W72/><G72/><T39/><D39/><U90/><E65/><V9/><F9/><W127/><G36/><T24/><D80/><U76/><E99/><V108/><F114/><W62/><G71/><T32/><D100/><U23/><E81/><N who="2" m="45247" /><F135/><W26/><G127/><T122/><D122/><U15/><E1/><V7/><F7/><W48/><G123/><T67/><D105/><U111/><E111/><N who="2" m="42571" /><F124/><W50/><G132/><T129/><D129/><U55/><E38/><V25/><F25/><W120/><G120/><T47/><D11/><N who="1" m="4199" /><E55/><V60/><F60/><N who="3" m="23147" /><G115/><T6/><D6/><U87/><E97/><V27/><F27/><W3/><G3/><T10/><D10/><U95/><E95/><N who="2" m="54775" /><F130/><W14/><G112/><T78/><D78/><U74/><E74/><V31/><F31/><N who="3" m="17871" /><G98/><N who="0" m="57607" /><D59/><U66/><E66/><V20/><F20/><W70/><G70/><T128/><D128/><U18/><E18/><V106/><AGARI ba="0,0" hai="82,83,96,102,106" m="54775,42571,45247" machi="106" ten="30,7900,0" yaku="24,1,14,1,34,2" doraHai="43" who="2" fromWho="2" sc="250,-39,250,-20,250,79,250,-20" /><INIT seed="1,0,0,0,1,70" ten="211,230,329,230" oya="1" hai0="69,0,36,4,128,134,106,119,55,7,71,53,22" hai1="115,14,2,56,122,38,33,18,92,132,116,25,83" hai2="60,61,81,89,95,21,108,63,77,107,45,52,84" hai3="94,102,74,54,13,118,121,114,97,78,98,58,37"/><U17/><E2/><V31/><F108/><W24/><G121/><T57/><D22/><U124/><E116/><V35/><F35/><W20/><G114/><T64/><D0/><U113/><E122/><V28/><F107/><W72/><G118/><T87/><D87/><U105/><E38/><V42/><F21/><W112/><G112/><T46/><D106/><U101/><E105/><V40/><F40/><W109/><G109/><T67/><D7/><U30/><E132/><V93/><F93/><W111/><G98/><T117/><D4/><U75/><E124/><V131/><F131/><W91/><G37/><T135/><D57/><U6/><E6/><V125/><F125/><W27/><G78/><T68/><D68/><U29/><E29/><V65/><F65/><W62/><G111/><T15/><D15/><U85/><E75/><V19/><F19/><W133/><G133/><T9/><D9/><U96/><E56/><V12/><F12/><W90/><G74/><T73/><D73/><U44/><E44/><V48/><REACH who="2" step="1"/><F42/><REACH who="2" ten="211,230,319,230" step="2"/><W82/><G13/><T110/><D110/><U43/><E43/><V59/><F59/><W10/><G58/><T100/><D128/><U16/><REACH who="1" step="1"/><E14/><REACH who="1" ten="211,220,319,230" step="2"/><V120/><F120/><W11/><G11/><T26/><D119/><U127/><E127/><V49/><F49/><W66/><G10/><T41/><D117/><U23/><E23/><V8/><F8/><W76/><G20/><T129/><D135/><U86/><E86/><AGARI ba="0,2" hai="28,31,45,48,52,60,61,63,77,81,84,86,89,95" machi="86" ten="40,5200,0" yaku="1,1,8,1,54,1,53,0" doraHai="70" doraHaiUra="1" who="2" fromWho="1" sc="211,0,220,-52,319,72,230,0" /><INIT seed="2,0,0,1,4,134" ten="211,168,391,230" oya="2" hai0="128,107,23,112,35,111,29,40,32,122,21,131,17" hai1="34,2,7,85,116,36,18,1,6,43,90,126,22" hai2="39,60,52,41,9,27,74,62,109,64,37,42,133" hai3="88,100,79,28,0,13,113,57,87,80,97,58,104"/><V82/><F27/><W115/><G0/><T31/><D107/><U5/><E43/><N who="2" m="16395" /><F9/><W95/><G28/><N who="0" m="10827" /><D40/><U91/><E36/><N who="2" m="13899" /><F82/><W86/><REACH who="3" step="1"/><G13/><REACH who="3" ten="211,168,391,220" step="2"/><T129/><D122/><U135/><E116/><V50/><F133/><W44/><G44/><T15/><D112/><AGARI ba="0,1" hai="57,58,79,80,86,87,88,95,97,100,104,112,113,115" machi="112" ten="40,5200,0" yaku="1,1,11,1,54,1,53,0" doraHai="134" doraHaiUra="12" who="3" fromWho="0" sc="211,-52,168,0,391,0,220,62" /><INIT seed="3,0,0,3,5,35" ten="159,168,391,282" oya="3" hai0="18,37,129,51,68,125,126,108,76,131,65,46,128" hai1="20,66,11,70,13,64,26,84,7,42,62,40,120" hai2="81,23,80,8,113,111,28,135,73,71,2,53,121" hai3="5,39,86,55,112,77,93,106,133,101,17,85,109"/><W75/><G39/><T4/><D76/><U91/><E120/><V82/><F113/><W122/><G5/><T9/><D18/><U119/><E66/><V72/><F111/><W69/><G69/><T50/><D9/><U61/><E62/><V116/><F116/><W33/><G33/><T47/><D4/><U87/><E119/><V34/><F135/><W124/><G124/><N who="0" m="47723" /><D108/><U63/><E87/><V117/><F117/><W59/><G106/><T43/><D47/><U58/><E70/><V3/><F71/><W36/><G122/><T25/><D25/><U30/><REACH who="1" step="1"/><E61/><AGARI ba="0,0" hai="37,43,46,50,51,61,65,68,128,129,131" m="47723" machi="61" ten="40,8000,1" yaku="19,1,18,1,34,2" doraHai="35" who="0" fromWho="1" sc="159,80,168,-80,391,0,282,0" /><INIT seed="4,0,0,5,5,73" ten="239,88,391,282" oya="0" hai0="4,103,30,88,70,94,33,126,102,72,85,68,2" hai1="135,112,54,39,77,132,120,131,104,122,95,22,81" hai2="0,78,101,47,62,43,80,133,108,129,123,40,71" hai3="110,6,113,42,15,66,28,105,26,84,118,115,10"/><T8/><D126/><U13/><E39/><V93/><F123/><N who="1" m="47145" /><E54/><V12/><F108/><W3/><G105/><T111/><D72/><N who="1" m="43175" /><E13/><V16/><F0/><W99/><G118/><T97/><D111/><U75/><E22/><V67/><F133/><N who="1" m="51273" /><E104/><V18/><F129/><W128/><G128/><T7/><D7/><U11/><E11/><V79/><F18/><W48/><G15/><T82/><REACH who="0" step="1"/><D103/><REACH who="0" ten="229,88,391,282" step="2"/><U124/><E131/><V90/><F101/><W35/><G110/><T27/><AGARI ba="0,1" hai="2,4,8,27,30,33,68,70,82,85,88,94,97,102" machi="27" ten="30,12000,1" yaku="1,1,2,1,0,1,54,1,53,1" doraHai="73" doraHaiUra="98" who="0" fromWho="0" sc="229,130,88,-40,391,-40,282,-40" /><INIT seed="4,1,0,0,4,46" ten="359,48,351,242" oya="0" hai0="107,26,118,8,75,124,10,121,17,130,103,32,50" hai1="14,66,81,58,28,22,31,39,87,104,92,85,15" hai2="44,51,6,29,12,24,47,52,116,68,18,99,83" hai3="132,82,43,102,41,34,91,77,37,25,131,105,111"/><T80/><D121/><U36/><E104/><V4/><F116/><W59/><G111/><T106/><D118/><U96/><E66/><V2/><F68/><W56/><G132/><T45/><D130/><U64/><E39/><V55/><F2/><W94/><G131/><T123/><D124/><U90/><E36/><V122/><F122/><W54/><G59/><T98/><D123/><U115/><E115/><V117/><F117/><W5/><G5/><T125/><D107/><U134/><E134/><V126/><F126/><W135/><G37/><T112/><D112/><U93/><E93/><V71/><F71/><W69/><G69/><T27/><D27/><N who="1" m="16503" /><E31/><V67/><F67/><W63/><G102/><T78/><D125/><U73/><E73/><V113/><F113/><W108/><G108/><T23/><REACH who="0" step="1"/><D32/><REACH who="0" ten="349,48,351,242" step="2"/><U97/><E97/><V16/><F4/><W40/><G105/><T48/><D48/><U21/><E21/><N who="2" m="15503" /><F6/><W3/><G34/><T89/><D89/><N who="1" m="51375" /><E87/><V19/><F51/><W84/><G135/><T49/><D49/><U133/><E133/><V20/><F99/><W42/><G84/><T120/><D120/><U100/><E90/><V33/><F33/><W86/><G91/><T119/><D119/><U88/><E100/><V127/><F127/><W61/><G86/><T60/><D60/><AGARI ba="1,1" hai="14,15,58,60,64,88,92,96" m="51375,16503" machi="60" ten="30,2000,0" yaku="8,1,54,1" doraHai="46" who="1" fromWho="0" sc="349,-23,48,33,351,0,242,0" /><INIT seed="5,0,0,2,1,82" ten="326,81,351,242" oya="1" hai0="75,31,80,108,127,64,12,6,77,26,58,104,50" hai1="115,103,123,93,54,125,122,60,20,106,116,117,52" hai2="36,133,124,19,7,46,51,112,119,126,57,84,74" hai3="73,134,15,100,23,92,109,89,79,113,29,30,25"/><U56/><E106/><V28/><F74/><W2/><G109/><T43/><D104/><U4/><E4/><V8/><F119/><N who="1" m="45641" /><E20/><V88/><F133/><W86/><G113/><T44/><D127/><N who="2" m="48682" /><F112/><W48/><G2/><T131/><D131/><U114/><E93/><N who="2" m="54407" /><F19/><W41/><G134/><T40/><D40/><U70/><E103/><V37/><F57/><W65/><G73/><T107/><D107/><U22/><E125/><V63/><F63/><W14/><G100/><T1/><D1/><U53/><E22/><V47/><F28/><W99/><G30/><T13/><D13/><U110/><E110/><V55/><F47/><N who="3" m="25711" /><G15/><AGARI ba="0,0" hai="7,8,15,36,37,46,51,55" m="54407,48682" machi="15" ten="30,3900,0" yaku="18,1,52,1,54,1" doraHai="82" who="2" fromWho="3" sc="326,0,81,0,351,39,242,-39" /><INIT seed="6,0,0,3,0,43" ten="326,81,390,203" oya="2" hai0="106,134,100,118,22,50,14,95,111,9,10,79,12" hai1="62,27,133,36,108,68,46,74,21,34,42,57,29" hai2="83,135,38,32,33,37,11,80,129,104,123,102,119" hai3="125,93,82,81,15,25,64,53,117,121,16,124,60"/><V84/><F123/><W132/><G117/><T41/><D106/><U58/><E108/><V89/><F119/><W55/><G25/><T31/><D79/><U59/><E74/><V65/><F135/><W96/><G121/><T71/><D111/><U92/><E133/><V99/><F129/><W13/><G13/><T98/><D71/><U3/><E3/><V26/><F65/><W75/><G132/><T120/><D120/><U24/><E92/><V72/><F11/><W47/><G75/><T77/><D77/><U105/><E105/><V85/><F72/><W97/><G82/><T87/><D87/><U109/><E109/><V28/><F33/><W23/><G81/><T69/><D69/><U40/><E40/><V128/><F128/><W131/><G131/><T86/><D86/><U114/><E114/><V76/><AGARI ba="0,0" hai="26,28,32,37,38,76,80,83,84,85,89,99,102,104" machi="76" ten="20,2100,0" yaku="0,1,7,1" doraHai="43" who="2" fromWho="2" sc="326,-7,81,-7,390,21,203,-7" /><INIT seed="6,1,0,4,2,130" ten="319,74,411,196" oya="2" hai0="18,81,96,118,24,99,131,84,27,117,125,107,50" hai1="68,36,104,87,10,62,120,65,114,71,66,115,110" hai2="76,123,97,13,25,59,54,16,133,49,44,1,37" hai3="86,52,21,105,46,56,60,48,85,19,132,88,95"/><V128/><F123/><W70/><G105/><T73/><D50/><U32/><E104/><V45/><F128/><W112/><G112/><N who="1" m="43050" /><E87/><V39/><F1/><W93/><G70/><N who="1" m="26666" /><E10/><V33/><F76/><W55/><G132/><T121/><D18/><U90/><E32/><V40/><F133/><W129/><G129/><T98/><D27/><U38/><E90/><V43/><F97/><N who="3" m="57511" /><G95/><T69/><D24/><AGARI ba="1,0" hai="19,21,24,46,48,52,55,56,60,85,86" m="57511" machi="24" ten="30,7700,0" yaku="25,1,8,1,54,2" doraHai="130" who="3" fromWho="0" sc="319,-80,74,0,411,0,196,80" /><INIT seed="7,0,0,1,0,86" ten="239,74,411,276" oya="3" hai0="74,15,59,82,84,16,92,19,85,2,12,14,65" hai1="47,18,10,43,21,99,102,25,119,108,8,40,94" hai2="110,6,63,95,26,46,81,88,122,96,49,120,34" hai3="35,4,13,91,106,7,0,97,101,87,126,44,1"/><W68/><G68/><T53/><D2/><U3/><E119/><V57/><F110/><W133/><G35/><T93/><D65/><U11/><E108/><V116/><F116/><W42/><G133/><T17/><D74/><U112/><E112/><V29/><F6/><W28/><G28/><T125/><D125/><U52/><E3/><V107/><F81/><W22/><G126/><T24/><D24/><U33/><E33/><V9/><F9/><W100/><G100/><T51/><REACH who="0" step="1"/><D85/><REACH who="0" ten="229,74,411,276" step="2"/><U55/><E43/><N who="2" m="24799" /><F120/><W117/><G1/><T41/><D41/><U78/><E78/><AGARI ba="0,1" hai="12,14,15,16,17,19,51,53,59,78,82,84,92,93" machi="78" ten="40,5200,0" yaku="1,1,8,1,54,1,53,0" doraHai="86" doraHaiUra="30" who="0" fromWho="1" sc="229,62,74,-52,411,0,276,0" owari="291,9.0,22,-48.0,411,51.0,276,-12.0" /></mjloggm>