<mjloggm ver="2.3"><GO type="41" lobby="0"/><UN n0="%EF%BC%A1%EF%BC%B6%EF%BC%A1%EF%BC%AE%EF%BC%B4%EF%BC%A9" n1="%73%69%6E%6E%67%65%6E" n2="%E3%82%AD%E3%82%B5%E3%83%A9%E3%82%AE%E4%B8%8A%E9%87%8E" n3="%E2%93%9D%53%75%70%68%78" dan="14,13,14,18" rate="1808.70,1845.88,1898.86,2078.60" sx="M,M,M,M"/><TAIKYOKU oya="0"/><INIT seed="0,0,0,0,3,48" ten="250,250,250,250" oya="0" hai0="51,62,14,5,74,54,60,128,7,68,17,64,53" hai1="29,75,65,91,86,82,103,114,37,94,115,40,31" hai2="35,36,98,84,15,109,127,26,28,96,16,123,120" hai3="81,97,57,89,112,41,104,10,102,132,85,49,18"/><T125/><D74/><U30/><E65/><V126/><F36/><W3/><G132/><T27/><D128/><U72/><E40/><V83/><F109/><W117/><G112/><N who="1" m="43050" /><E37/><V76/><F98/><AGARI ba="0,0" hai="29,30,31,72,75,82,86,91,94,98,103" m="43050" machi="98" ten="30,1000,0" yaku="11,1" doraHai="48" who="1" fromWho="2" sc="250,0,250,10,250,-10,250,0" /><INIT seed="1,0,0,4,4,22" ten="250,260,240,250" oya="1" hai0="125,14,2,27,30,90,18,49,41,118,134,71,10" hai1="16,86,63,95,76,129,46,1,56,122,8,3,112" hai2="66,45,55,73,29,97,65,62,91,68,126,84,5" hai3="85,103,53,81,25,13,98,121,110,93,40,35,75"/><U9/><E122/><V107/><F73/><W104/><G110/><T119/><D71/><U36/><E112/><V94/><F126/><W88/><G121/><T67/><D67/><U44/><E129/><V109/><F109/><W15/><G40/><T123/><D123/><U11/><E36/><V78/><F5/><W79/><REACH who="3" step="1"/><G53/><REACH who="3" ten="250,260,240,240" step="2"/><T59/><D125/><U83/><E3/><V48/><F65/><W115/><G115/><T42/><D2/><U111/><E1/><V70/><F78/><W106/><G106/><T58/><D134/><U4/><E4/><V113/><F113/><W131/><G131/><T92/><D119/><U96/><E111/><V135/><F135/><W21/><G21/><N who="0" m="15727" /><D118/><U127/><E127/><V39/><F39/><W128/><G128/><T24/><D42/><U28/><E46/><V72/><F45/><W7/><G7/><T12/><D41/><U117/><E44/><V99/><F55/><W101/><G101/><T116/><D116/><U74/><E117/><V37/><F66/><W89/><G89/><T108/><D108/><U133/><E133/><V57/><F91/><W64/><G64/><T47/><D47/><U61/><E76/><V6/><F37/><W130/><G130/><T77/><D77/><U17/><E74/><V19/><F72/><W80/><G80/><T124/><D124/><U50/><E83/><V20/><F20/><W43/><G43/><T82/><D82/><U132/><E132/><V33/><F68/><W114/><G114/><T120/><D120/><U102/><E102/><V26/><F70/><W52/><G52/><RYUUKYOKU ba="0,1" sc="250,-10,260,-10,240,-10,240,30" hai3="13,15,25,35,75,79,81,85,88,93,98,103,104" /><INIT seed="2,1,1,4,4,93" ten="240,250,230,270" oya="2" hai0="52,117,17,5,129,23,41,20,134,16,22,67,51" hai1="124,128,9,42,45,96,24,127,1,39,64,91,7" hai2="103,77,35,2,58,116,104,0,49,30,57,38,101" hai3="118,68,66,32,115,13,97,43,98,88,85,73,125"/><V87/><F116/><W114/><G73/><T60/><D117/><U102/><E91/><V122/><F122/><W80/><G118/><T131/><D41/><U76/><E128/><N who="0" m="49225" /><D5/><U133/><E133/><V31/><F87/><W119/><G119/><T130/><N who="0" m="49233" /><T92/><DORA hai="109" /><D134/><U36/><E64/><V82/><F77/><W55/><G32/><T110/><D110/><U108/><E108/><V44/><F49/><W8/><G43/><T65/><D92/><U113/><E24/><V72/><F44/><W69/><G125/><T3/><D3/><U53/><E53/><V123/><F123/><W47/><G66/><N who="0" m="25099" /><D60/><U21/><E21/><N who="0" m="5377" /><T15/><DORA hai="62" /><D15/><U40/><E76/><V54/><F31/><W90/><G13/><T6/><D6/><U59/><E59/><AGARI ba="1,1" hai="16,17,51,52,59" m="5377,25099,49233" machi="59" ten="50,12000,2" yaku="19,1,52,3,54,2" doraHai="93,109,62" who="0" fromWho="1" sc="240,133,250,-123,230,0,270,0" /><INIT seed="3,0,0,3,3,49" ten="373,127,230,270" oya="3" hai0="25,28,93,88,24,111,23,110,27,132,2,121,95" hai1="65,69,76,36,35,64,60,77,0,102,120,22,116" hai2="38,31,128,85,52,39,101,83,105,7,19,78,133" hai3="57,62,53,103,54,98,43,21,113,123,41,3,55"/><W70/><G3/><T58/><D121/><U56/><E0/><V107/><F128/><W1/><G1/><T122/><D122/><U115/><E35/><V99/><F105/><W4/><G123/><T79/><D2/><U84/><E120/><V126/><F126/><W8/><G70/><T80/><D132/><U94/><E115/><V29/><F7/><W87/><G113/><T61/><D95/><U48/><E116/><V42/><F19/><W68/><G68/><T46/><D46/><U50/><E102/><V73/><F133/><W47/><G87/><T40/><D40/><N who="3" m="15433" /><G21/><T108/><D79/><U63/><E22/><V67/><F67/><N who="3" m="39375" /><G103/><T71/><D80/><U32/><E32/><V130/><F85/><W51/><G98/><N who="0" m="57639" /><D71/><U134/><E134/><V17/><F39/><W86/><G86/><T6/><D6/><U97/><E84/><V119/><F119/><W16/><G4/><T30/><D23/><U9/><E9/><V117/><F117/><W82/><G82/><T33/><D33/><U131/><E131/><V26/><F83/><W74/><G74/><T125/><D125/><U135/><E135/><V109/><F73/><W118/><G118/><T129/><D129/><U59/><E36/><V12/><F38/><W127/><G127/><T92/><D92/><U44/><E69/><V20/><F130/><W14/><AGARI ba="0,0" hai="8,14,16,47,51,53,54,55" m="39375,15433" machi="14" ten="30,12000,1" yaku="8,1,52,3,54,1" doraHai="49" who="3" fromWho="3" sc="373,-40,127,-40,230,-40,270,120" /><INIT seed="3,1,0,3,5,134" ten="333,87,190,390" oya="3" hai0="41,135,83,21,28,111,76,9,23,59,63,27,18" hai1="66,33,16,36,75,13,19,50,132,133,7,115,107" hai2="31,122,60,121,112,91,5,89,34,94,3,117,43" hai3="96,126,14,29,10,127,99,69,1,131,70,64,56"/><W113/><G113/><T128/><D135/><U39/><E66/><V52/><F112/><W49/><G1/><T8/><D111/><U93/><E115/><V78/><F117/><W87/><G29/><T48/><D128/><U97/><E33/><V88/><F78/><W124/><G131/><T67/><D41/><U130/><E75/><V100/><F43/><W71/><G87/><N who="0" m="48615" /><D48/><U72/><E130/><V57/><F5/><N who="3" m="3407" /><G49/><T17/><D28/><U30/><E50/><V74/><F74/><W0/><G0/><T46/><D46/><U110/><E72/><V79/><F79/><W61/><AGARI ba="1,0" hai="56,61,64,69,70,71,96,99,124,126,127" m="3407" machi="61" ten="40,12000,1" yaku="18,1,52,3" doraHai="134" who="3" fromWho="3" sc="333,-41,87,-41,190,-41,390,123" /><INIT seed="3,2,0,3,5,71" ten="292,46,149,513" oya="3" hai0="7,57,24,59,10,92,42,119,26,82,75,78,49" hai1="89,111,106,126,55,65,32,58,87,12,110,85,37" hai2="60,63,68,73,13,125,105,18,61,51,97,128,43" hai3="35,6,21,17,30,84,121,45,64,129,48,2,83"/><W3/><G129/><T94/><D119/><U116/><E32/><V31/><F73/><W38/><G121/><T134/><D134/><U127/><E106/><V15/><F125/><N who="1" m="47625" /><E65/><V40/><F31/><W104/><G6/><T9/><D42/><U50/><E12/><V88/><F13/><W130/><G130/><T56/><D49/><U25/><E25/><V33/><F33/><W131/><G131/><T133/><D133/><U115/><E115/><V135/><F128/><W36/><G104/><T4/><D75/><U132/><E132/><V98/><F68/><W108/><G64/><T5/><D78/><U76/><E76/><V23/><F51/><W39/><G108/><N who="1" m="41514" /><E116/><V66/><F66/><W34/><G34/><T91/><D82/><N who="1" m="49335" /><E87/><V72/><F72/><W90/><G30/><T19/><D19/><U20/><E20/><V122/><F122/><W77/><G35/><T27/><REACH who="0" step="1"/><D91/><REACH who="0" ten="282,46,149,513" step="2"/><U67/><E67/><V8/><F88/><W1/><G77/><T16/><D16/><U70/><E70/><V93/><F18/><W117/><G117/><T41/><D41/><U114/><E114/><V112/><F43/><W80/><G80/><T123/><D123/><U102/><E102/><V28/><F40/><W99/><G17/><T101/><D101/><U109/><N who="1" m="41522" /><U69/><DORA hai="96" /><E69/><V103/><F135/><W53/><G83/><T79/><D79/><U118/><E118/><V52/><F103/><W44/><G84/><T47/><D47/><U124/><N who="1" m="47633" /><U11/><DORA hai="86" /><E11/><AGARI ba="2,1" hai="4,5,7,9,10,11,24,26,27,56,57,59,92,94" machi="11" ten="50,12000,2" yaku="1,1,29,2,28,2,8,1,53,0" doraHai="71,96,86" doraHaiUra="107,74,95" who="0" fromWho="1" sc="282,136,46,-126,149,0,513,0" owari="418,22.0,-80,-58.0,149,-25.0,513,61.0" /></mjloggm>