<mjloggm ver="2.3"><GO type="41" lobby="0"/><UN n0="%E7%9C%9F%E7%A9%BA%E3%83%95%E3%82%A7%E3%82%B9%E3%82%BF" n1="%E3%82%A8%E3%83%A0%E3%82%BA%E3%82%AC%E3%83%BC%E3%83%87%E3%83%B3" n2="%E2%93%9D%53%75%70%68%78" n3="%E3%81%A6%E3%82%89%E3%81%88%E3%82%82%E3%82%93" dan="15,13,17,14" rate="2043.16,1884.61,2055.55,1880.27" sx="M,M,M,M"/><TAIKYOKU oya="0"/><INIT seed="0,0,0,3,5,39" ten="250,250,250,250" oya="0" hai0="22,32,117,116,23,111,55,36,10,21,84,64,107" hai1="132,59,92,105,75,97,99,65,118,51,8,38,61" hai2="104,98,85,67,74,13,91,3,37,34,89,70,4" hai3="130,0,62,122,11,56,112,103,119,76,127,60,73"/><T7/><D107/><U88/><E118/><V120/><F120/><W31/><G119/><T100/><D100/><U123/><E75/><V94/><F3/><W80/><G80/><T128/><BYE who="3" /><D64/><U129/><E123/><V46/><F34/><W87/><G87/><T124/><D32/><U50/><E38/><V96/><F74/><W25/><G25/><T131/><D84/><U95/><E132/><V126/><F126/><W106/><G106/><T63/><D36/><U54/><E105/><UN n3="%E3%81%A6%E3%82%89%E3%81%88%E3%82%82%E3%82%93" /><V15/><F4/><W5/><G112/><T18/><D63/><U45/><E129/><N who="0" m="49737" /><D55/><U14/><E51/><V134/><F67/><W109/><G130/><T12/><D124/><U81/><E81/><V121/><F70/><W86/><G122/><T78/><D78/><U24/><E24/><V41/><F134/><W29/><G73/><T19/><D111/><U6/><E95/><V16/><F121/><W57/><G103/><T68/><D68/><U52/><E65/><V47/><F104/><W53/><G109/><T58/><D58/><U72/><E72/><V49/><F91/><W115/><G127/><T27/><D23/><U20/><E20/><V71/><F71/><W42/><G115/><T35/><D35/><U82/><E82/><V83/><F94/><W28/><G76/><T26/><AGARI ba="0,0" hai="7,10,12,18,19,21,22,26,27,116,117" m="49737" machi="26" ten="30,6000,0" yaku="19,1,34,2" doraHai="39" who="0" fromWho="0" sc="250,60,250,-20,250,-20,250,-20" /><INIT seed="0,1,0,0,0,6" ten="310,230,230,230" oya="0" hai0="37,36,1,39,30,43,124,18,108,66,95,47,48" hai1="24,122,2,134,93,118,94,35,42,20,69,56,76" hai2="64,58,23,109,61,9,16,130,65,67,123,82,129" hai3="117,53,91,17,85,96,103,14,34,105,128,90,119"/><T46/><D30/><U21/><E122/><V81/><F109/><W111/><G34/><T127/><D1/><U92/><E118/><V62/><F123/><W98/><G111/><T135/><D95/><U107/><E107/><V3/><F23/><W73/><G73/><T22/><D108/><U27/><E2/><V44/><F44/><W99/><G128/><N who="2" m="49257" /><F3/><W19/><G53/><T77/><D77/><U78/><E35/><V55/><F62/><W97/><G19/><T51/><D18/><U115/><E69/><V106/><F106/><W38/><G38/><T101/><D101/><U72/><E72/><V33/><F33/><W68/><G68/><T12/><D22/><N who="1" m="8811" /><E134/><V57/><F57/><W125/><G125/><N who="0" m="48203" /><D12/><AGARI ba="1,0" hai="9,12,16,55,58,61,64,65,67,81,82" m="49257" machi="12" ten="30,3900,0" yaku="19,1,52,1,54,1" doraHai="6" who="2" fromWho="0" sc="310,-42,230,0,230,42,230,0" /><INIT seed="1,0,0,5,5,3" ten="268,230,272,230" oya="1" hai0="70,40,133,64,49,18,108,28,27,89,84,61,120" hai1="86,82,47,30,126,19,74,48,113,52,53,68,76" hai2="134,73,59,117,131,41,92,37,54,42,107,96,0" hai3="33,36,88,57,7,129,122,62,125,12,114,130,15"/><U31/><E113/><V110/><F107/><W29/><G36/><T25/><D108/><U132/><E68/><V51/><F73/><W135/><G122/><T14/><D120/><U99/><E132/><V8/><F131/><N who="3" m="50187" /><G114/><T60/><D133/><U66/><E126/><V21/><F117/><W121/><G121/><T90/><D60/><U39/><E39/><V13/><F0/><W116/><G135/><T100/><D100/><U23/><E66/><V98/><F98/><W63/><G63/><T87/><D40/><U75/><E99/><V115/><F110/><W43/><G43/><T6/><D49/><U80/><E53/><V1/><F1/><W103/><G103/><T22/><D6/><U2/><E2/><V127/><F127/><W11/><G125/><T81/><REACH who="0" step="1"/><D28/><REACH who="0" ten="258,230,272,230" step="2"/><U119/><E119/><V16/><F134/><W32/><G29/><T77/><D77/><U45/><E75/><V4/><F115/><W71/><G116/><T95/><AGARI ba="0,1" hai="14,18,22,25,27,61,64,70,81,84,87,89,90,95" machi="95" ten="20,8000,1" yaku="1,1,0,1,7,1,53,2" doraHai="3" doraHaiUra="83" who="0" fromWho="0" sc="258,90,230,-40,272,-20,230,-20" /><INIT seed="2,0,0,5,5,114" ten="348,190,252,210" oya="2" hai0="134,18,110,95,118,43,115,101,119,54,90,123,113" hai1="69,76,67,132,72,8,107,21,30,9,130,17,116" hai2="70,103,81,75,125,23,44,31,64,39,10,121,16" hai3="97,133,111,32,82,93,0,131,135,71,2,60,89"/><V112/><F121/><W4/><G111/><T28/><D43/><U128/><E116/><N who="0" m="44585" /><D28/><U66/><E107/><V1/><F125/><W126/><G126/><T15/><D101/><U27/><E132/><N who="3" m="50762" /><G32/><T3/><D3/><U74/><E76/><V24/><F112/><N who="0" m="43082" /><D134/><U88/><E88/><V80/><F103/><W6/><G131/><N who="1" m="50218" /><E69/><V127/><F70/><W106/><G106/><T38/><D38/><U83/><E83/><V36/><F81/><W26/><G82/><T122/><D54/><U13/><E8/><V45/><F10/><W56/><G71/><T61/><D61/><U59/><E59/><V42/><F127/><W85/><G97/><N who="0" m="57591" /><D110/><U94/><E94/><V33/><F39/><W102/><G102/><T86/><D86/><U124/><E124/><V92/><F36/><W49/><G60/><T108/><D108/><U99/><E99/><V104/><F104/><W25/><G2/><T20/><AGARI ba="0,0" hai="15,18,20,122,123" m="57591,43082,44585" machi="20" ten="30,7900,0" yaku="12,1,52,3" doraHai="114" who="0" fromWho="0" sc="348,79,190,-20,252,-39,210,-20" /><INIT seed="3,0,0,1,5,13" ten="427,170,213,190" oya="3" hai0="84,52,55,120,4,93,6,87,112,18,63,95,92" hai1="113,116,89,110,42,19,124,33,72,129,65,118,61" hai2="27,8,106,3,126,90,98,131,85,101,51,108,17" hai3="50,100,82,22,41,16,49,0,20,127,88,40,64"/><W46/><G0/><T21/><D120/><U11/><E33/><V7/><F108/><W38/><G127/><T24/><D112/><U103/><E110/><V12/><F131/><W119/><G119/><N who="1" m="45610" /><E72/><V115/><F126/><W56/><G100/><T26/><D63/><U80/><E113/><V97/><F115/><W37/><G22/><T83/><D26/><U1/><E124/><V10/><F98/><W31/><G31/><T94/><N who="0" m="23552" /><DORA hai="68" /><T125/><D125/><U104/><E129/><V128/><F128/><W123/><G123/><T2/><D2/><U57/><E42/><V67/><F67/><W78/><G64/><T32/><D32/><U45/><E45/><V133/><F27/><W91/><G56/><T117/><D117/><U53/><E65/><V15/><F3/><W25/><G50/><T75/><D75/><U47/><E47/><V48/><REACH who="2" step="1"/><F133/><REACH who="2" ten="427,170,203,190" step="2"/><W111/><G111/><T130/><D130/><U43/><E1/><V114/><F114/><W134/><G134/><T122/><D122/><U77/><E103/><V79/><F79/><W28/><G28/><T39/><D39/><U81/><E104/><V105/><F105/><W29/><G29/><T135/><D135/><U36/><E77/><V121/><F121/><W62/><G62/><T44/><D44/><N who="1" m="23655" /><E89/><V5/><F5/><N who="0" m="2154" /><D87/><U30/><E30/><V86/><F86/><W34/><G34/><T132/><D132/><U76/><E76/><AGARI ba="0,1" hai="18,21,24,52,55,76,83,84" m="2154,23552" machi="76" ten="40,5200,0" yaku="8,1,52,1,54,1" doraHai="13,68" who="0" fromWho="1" sc="427,62,170,-52,203,0,190,0" /><INIT seed="4,0,0,0,3,61" ten="489,118,203,190" oya="0" hai0="19,130,128,28,100,45,120,67,97,23,88,87,102" hai1="90,118,39,98,3,47,108,89,129,8,38,30,66" hai2="122,110,24,48,58,54,123,80,109,10,111,114,107" hai3="52,131,6,133,121,51,79,99,17,34,112,105,0"/><T9/><D120/><U16/><E118/><V46/><F107/><W55/><G34/><T26/><D45/><U44/><E108/><V86/><F24/><W15/><G112/><T115/><D115/><U74/><E74/><V76/><F114/><W21/><G79/><T14/><D67/><U33/><E129/><V135/><F135/><W94/><G131/><N who="0" m="50219" /><D97/><U65/><E30/><V42/><REACH who="2" step="1"/><F10/><REACH who="2" ten="489,118,193,190" step="2"/><W106/><G133/><T70/><D70/><U2/><E8/><V93/><F93/><AGARI ba="0,1" hai="9,14,19,23,26,28,87,88,93,100,102" m="50219" machi="93" ten="30,2900,0" yaku="19,1,54,1" doraHai="61" who="0" fromWho="2" sc="489,39,118,0,193,-29,190,0" /><INIT seed="4,1,0,1,1,118" ten="528,118,164,190" oya="0" hai0="49,14,96,18,87,45,19,59,95,52,135,47,90" hai1="73,17,123,31,27,98,62,15,93,50,26,102,35" hai2="33,84,100,24,77,7,28,81,119,25,64,11,132" hai3="43,61,66,80,94,37,69,41,6,39,115,53,2"/><T56/><D135/><U108/><E73/><V9/><F119/><W86/><G115/><T60/><D19/><U13/><E108/><V97/><F132/><W131/><G131/><T126/><D96/><U92/><E27/><V71/><F25/><W91/><G2/><T133/><D126/><U44/><E13/><V89/><F7/><W109/><G109/><T74/><D74/><U58/><E123/><V65/><F77/><W124/><G6/><T5/><D5/><U112/><E112/><V51/><F51/><W23/><G124/><T12/><D12/><U130/><E130/><V113/><F113/><W117/><G117/><T75/><D75/><U116/><E116/><V70/><F65/><W42/><G23/><T21/><D133/><U134/><E134/><V72/><F72/><W20/><G20/><T127/><D127/><U104/><E50/><V40/><F40/><W101/><G101/><T0/><D0/><U30/><E44/><V34/><BYE who="3" /><F34/><W8/><G8/><T110/><REACH who="0" step="1"/><D110/><REACH who="0" ten="518,118,164,190" step="2"/><U121/><E121/><V99/><F99/><W3/><G3/><T46/><D46/><U82/><E31/><V16/><F16/><W111/><G111/><T106/><D106/><U128/><E128/><V114/><F114/><UN n3="%E3%81%A6%E3%82%89%E3%81%88%E3%82%82%E3%82%93" /><W57/><REACH who="3" step="1"/><G80/><REACH who="3" ten="518,118,164,180" step="2"/><T105/><D105/><U55/><REACH who="1" step="1"/><E82/><REACH who="1" ten="518,108,164,180" step="2"/><V1/><F81/><W83/><G83/><T38/><D38/><U29/><E29/><V88/><F28/><W36/><G36/><T120/><D120/><U129/><E129/><V68/><F1/><W32/><G32/><T107/><D107/><U22/><AGARI ba="1,3" hai="15,17,22,26,30,35,55,58,62,92,93,98,102,104" machi="22" ten="20,5200,0" yaku="1,1,5,1,0,1,7,1,53,0" doraHai="118" doraHaiUra="125" who="1" fromWho="1" sc="518,-27,108,85,164,-14,180,-14" /><INIT seed="5,0,0,4,5,119" ten="491,193,150,166" oya="1" hai0="87,130,84,124,96,95,73,122,98,129,6,34,117" hai1="15,125,54,94,27,33,134,108,32,50,11,8,72" hai2="59,90,9,57,10,83,31,115,52,79,56,19,14" hai3="29,48,25,64,86,53,85,71,126,67,74,22,20"/><U77/><E125/><V4/><F115/><W80/><G74/><T60/><D34/><U123/><E123/><V135/><F135/><W91/><G71/><T3/><D60/><U45/><E134/><V5/><F31/><W93/><G126/><T24/><D24/><U36/><E36/><V7/><F90/><W92/><G22/><T104/><D6/><U100/><E108/><V103/><F103/><W21/><G21/><T58/><D58/><U82/><E27/><V35/><F35/><W51/><G51/><T30/><D3/><U133/><E133/><V46/><F46/><W88/><REACH who="3" step="1"/><G80/><REACH who="3" ten="491,193,150,156" step="2"/><T99/><D124/><U65/><E8/><V114/><F114/><W12/><G12/><T61/><D73/><U70/><E70/><V23/><REACH who="2" step="1"/><F52/><REACH who="2" ten="491,193,140,156" step="2"/><W42/><G42/><T40/><D40/><U112/><E112/><V102/><F102/><W106/><G106/><T101/><D104/><U107/><E107/><V16/><F16/><W41/><G41/><T120/><D101/><U109/><E109/><V116/><F116/><W128/><G128/><N who="0" m="49259" /><D30/><U127/><E127/><V17/><F17/><W18/><G18/><T68/><D117/><U131/><E131/><V89/><F89/><W55/><G55/><T78/><D61/><U110/><E110/><V26/><F26/><W62/><G62/><T28/><D28/><U81/><E81/><V76/><F76/><W47/><AGARI ba="0,2" hai="20,25,29,47,48,53,64,67,85,86,88,91,92,93" machi="47" ten="20,12000,2" yaku="1,1,0,1,7,1,9,1,8,1,54,1,53,0" doraHai="119" doraHaiUra="97" who="3" fromWho="3" sc="491,-30,193,-60,140,-30,156,140" /><INIT seed="6,0,0,4,0,85" ten="461,133,110,296" oya="2" hai0="60,19,124,122,72,102,28,4,6,54,116,79,39" hai1="53,23,103,128,38,33,121,134,109,130,27,118,105" hai2="25,22,101,77,86,67,97,9,30,69,76,41,49" hai3="84,71,26,58,12,35,114,11,40,50,70,65,37"/><V17/><F69/><W20/><G35/><T92/><D39/><U57/><E103/><V52/><F67/><W2/><G2/><T7/><D122/><U29/><E57/><V107/><F41/><W78/><G37/><T120/><D120/><U106/><E53/><V112/><F112/><W47/><G114/><T64/><D28/><U94/><E94/><V75/><F75/><W108/><G108/><T45/><D72/><U8/><E8/><V104/><F104/><W133/><G133/><T81/><D124/><U125/><E23/><V55/><F55/><W68/><G58/><T83/><D79/><U95/><E95/><V99/><F99/><W119/><G119/><T15/><D116/><U73/><E27/><V123/><F123/><W100/><G100/><T126/><D126/><U89/><E89/><V88/><F9/><W44/><G44/><T16/><D64/><U129/><E29/><V21/><F21/><W34/><G34/><T3/><D3/><U42/><E42/><V61/><F61/><W93/><G65/><T1/><D1/><U82/><E82/><V115/><F30/><W96/><G96/><N who="0" m="59655" /><D19/><U80/><E80/><N who="2" m="49223" /><F115/><W117/><G117/><T59/><D45/><U66/><E66/><V56/><F77/><W18/><G78/><T98/><D98/><U113/><E106/><N who="2" m="63791" /><F76/><W48/><G71/><T87/><D87/><U43/><E43/><V131/><F107/><W90/><G50/><T36/><D36/><U10/><E10/><AGARI ba="0,0" hai="4,6,7,10,15,16,54,59,60,81,83" m="59655" machi="10" ten="30,2000,0" yaku="8,1,54,1" doraHai="85" who="0" fromWho="1" sc="461,20,133,-20,110,0,296,0" /><INIT seed="7,0,0,0,0,133" ten="481,113,110,296" oya="3" hai0="39,73,74,99,45,124,123,83,107,98,71,9,63" hai1="84,90,68,6,119,121,14,106,125,29,48,127,53" hai2="15,92,13,51,21,111,55,66,88,82,78,52,135" hai3="27,16,131,118,43,65,114,101,47,4,36,91,120"/><W69/><G118/><T5/><D124/><N who="1" m="47691" /><E106/><V128/><F111/><W56/><G120/><T95/><D123/><U129/><E121/><V117/><F117/><W100/><G114/><T93/><D107/><U103/><E119/><V57/><F128/><W116/><G131/><T96/><D63/><U77/><E129/><V42/><F135/><W38/><G4/><T11/><D71/><U22/><E103/><V31/><F42/><W126/><G69/><T132/><D11/><N who="1" m="4471" /><E77/><V76/><F66/><W32/><G38/><T3/><D73/><U97/><E97/><N who="2" m="57479" /><F55/><W59/><G32/><T19/><D19/><U20/><E29/><V23/><F31/><W30/><G126/><T7/><D7/><U26/><E26/><V25/><F25/><W37/><G30/><T108/><D108/><U102/><E102/><V67/><F67/><W33/><G65/><T122/><D132/><U41/><E41/><V24/><F24/><W86/><G101/><T44/><D44/><N who="1" m="27783" /><E68/><V115/><F115/><W10/><G100/><T1/><D1/><U105/><E105/><V94/><F78/><W81/><G116/><T58/><D58/><U70/><E70/><V64/><F64/><W35/><G59/><T12/><D12/><N who="2" m="4682" /><F94/><AGARI ba="0,0" hai="20,22,84,90,94" m="27783,4471,47691" machi="94" ten="30,7700,0" yaku="18,1,52,3" doraHai="133" who="1" fromWho="2" sc="481,0,113,77,110,-77,296,0" owari="481,58.0,190,-21.0,33,-47.0,296,10.0" /></mjloggm>