<mjloggm ver="2.3"><GO type="41" lobby="0"/><UN n0="%47%61%6D%62%69%74" n1="%E2%93%9D%53%75%70%68%78" n2="%E3%81%82%E3%81%A9" n3="%E5%A4%A2%E8%A6%8B%E3%82%8B%E5%BC%81%E8%AD%B7%E5%A3%AB" dan="14,18,14,15" rate="1968.12,2109.60,1855.76,1931.12" sx="F,M,M,M"/><TAIKYOKU oya="0"/><INIT seed="0,0,0,2,0,35" ten="250,250,250,250" oya="0" hai0="24,46,2,92,81,72,103,100,25,101,0,106,78" hai1="16,40,124,98,49,94,19,79,3,120,38,66,102" hai2="107,83,53,122,127,62,42,113,60,90,64,12,44" hai3="91,105,67,116,59,84,76,18,108,13,118,80,45"/><T97/><D46/><U112/><E120/><V93/><F122/><W95/><G105/><T8/><D8/><U114/><E38/><V61/><F113/><N who="1" m="43625" /><E124/><V39/><F127/><W1/><G108/><T10/><D10/><U132/><E66/><V48/><F107/><W117/><G45/><T33/><D106/><U111/><E132/><V27/><F12/><W9/><G1/><T75/><D75/><U30/><E30/><V68/><F27/><W23/><G9/><T82/><D82/><U29/><E29/><V6/><F83/><W11/><G11/><T55/><D55/><U51/><E79/><V5/><F5/><W121/><G121/><T69/><D69/><U47/><E111/><V88/><F6/><W89/><REACH who="3" step="1"/><G95/><REACH who="3" ten="250,250,250,240" step="2"/><T73/><D73/><U41/><E3/><V31/><F93/><W22/><G22/><T115/><D115/><U135/><E135/><V54/><F39/><W128/><G128/><T32/><D32/><U14/><E14/><V74/><F44/><AGARI ba="0,1" hai="16,19,40,41,44,47,49,51,94,98,102" m="43625" machi="44" ten="30,2000,0" yaku="11,1,54,1" doraHai="35" who="1" fromWho="2" sc="250,0,250,30,250,-20,240,0" /><INIT seed="1,0,0,5,3,25" ten="250,280,230,240" oya="1" hai0="34,33,17,116,24,85,18,46,97,69,6,72,44" hai1="3,110,30,98,118,90,61,7,129,36,56,126,16" hai2="9,95,58,20,93,38,117,73,84,13,15,121,71" hai3="135,124,35,65,133,123,132,91,5,107,113,57,52"/><U81/><E118/><V29/><F117/><W54/><G123/><T48/><D116/><U103/><E36/><V108/><F121/><W130/><G107/><T100/><D72/><U125/><E129/><V8/><F108/><W92/><G113/><T82/><D69/><U102/><E7/><N who="2" m="3231" /><F71/><W42/><G130/><T60/><D6/><U45/><E45/><V31/><F73/><W21/><G124/><N who="1" m="47722" /><E3/><V51/><F38/><W55/><G35/><T43/><D44/><U111/><E30/><N who="2" m="11275" /><F20/><W105/><G21/><T67/><D33/><U32/><E32/><V131/><F84/><W4/><G105/><T134/><D34/><U62/><E111/><V70/><F70/><W94/><G132/><T37/><D134/><U11/><E110/><V68/><F68/><W26/><G135/><T83/><D37/><U27/><E27/><V0/><F0/><W40/><G26/><T87/><D24/><U88/><E11/><V1/><F1/><W28/><G133/><T112/><D85/><N who="1" m="50223" /><E62/><V47/><F58/><W109/><G109/><T119/><D119/><U120/><E120/><V66/><F131/><W12/><G57/><T2/><D2/><U80/><E56/><V114/><F114/><W14/><G14/><T53/><D112/><U104/><E61/><V76/><F66/><W49/><G65/><T19/><D67/><U22/><E22/><V10/><F76/><W128/><G128/><T106/><D87/><N who="1" m="50535" /><E16/><N who="2" m="8303" /><F10/><W23/><G23/><T75/><D75/><U127/><E127/><V122/><F122/><W64/><G4/><T39/><D39/><U78/><E78/><RYUUKYOKU ba="0,0" sc="250,10,280,10,230,10,240,-30" hai0="17,18,19,43,46,48,53,60,82,83,97,100,106" hai1="98,102,103,104" hai2="47,51,93,95" /><INIT seed="1,1,0,3,5,114" ten="260,290,240,210" oya="1" hai0="87,91,5,132,42,80,11,62,31,15,37,4,102" hai1="86,121,109,93,84,33,67,71,43,3,107,104,55" hai2="119,38,27,32,10,98,99,13,79,105,72,49,124" hai3="25,64,30,112,111,34,100,122,125,22,39,35,133"/><U78/><E3/><V48/><F38/><W45/><G112/><T74/><D132/><U47/><E33/><V90/><F124/><W113/><G113/><T116/><D74/><U26/><E121/><V97/><F119/><W29/><G122/><T60/><D116/><U9/><E55/><V94/><F105/><W130/><G133/><T108/><D108/><U65/><E26/><V83/><F27/><W54/><G125/><T0/><D31/><U61/><E67/><V128/><F128/><W81/><G130/><T73/><D102/><U110/><E9/><V63/><F63/><W135/><G135/><T7/><D73/><U118/><E118/><V52/><F32/><W129/><G129/><T77/><D0/><U117/><E93/><V115/><F115/><W1/><G1/><T2/><D91/><U70/><E70/><V120/><F120/><W40/><G64/><T95/><D95/><U53/><E53/><V12/><F49/><W106/><G111/><N who="1" m="42506" /><E117/><V56/><REACH who="2" step="1"/><F13/><REACH who="2" ten="260,290,230,210" step="2"/><W6/><G39/><T127/><D127/><U24/><E24/><V59/><F59/><W58/><G106/><N who="1" m="40490" /><E78/><V92/><F92/><W19/><G58/><T131/><D131/><U75/><E75/><V134/><F134/><W20/><G25/><T66/><D2/><U36/><AGARI ba="1,1" hai="36,43,47,61,65,71,84,86" m="40490,42506" machi="36" ten="30,3000,0" yaku="14,1,10,1" doraHai="114" who="1" fromWho="1" sc="260,-11,290,43,230,-11,210,-11" /><INIT seed="1,2,0,2,2,85" ten="249,333,219,199" oya="1" hai0="104,111,67,128,76,2,53,131,91,24,37,58,123" hai1="18,134,3,50,28,60,5,87,133,57,31,96,73" hai2="14,39,43,66,33,38,83,7,122,103,1,82,65" hai3="46,120,74,35,68,115,97,63,27,45,36,126,30"/><U48/><E73/><V79/><F122/><W84/><G120/><T114/><D123/><U130/><E130/><N who="0" m="49705" /><D114/><U34/><E18/><V88/><F33/><W109/><G115/><T19/><D2/><U118/><E118/><V70/><F103/><W71/><G74/><T47/><D76/><U10/><E96/><V100/><F100/><W69/><G109/><T4/><D111/><U16/><E87/><V80/><F1/><W17/><G126/><T105/><D4/><U22/><E50/><V98/><F79/><W101/><G63/><N who="0" m="36303" /><D91/><U9/><E48/><V40/><F70/><W124/><G124/><T11/><D67/><N who="2" m="25610" /><F38/><W135/><G135/><N who="1" m="51722" /><E34/><V95/><F39/><W56/><G36/><T129/><D129/><U81/><E81/><V119/><F119/><W15/><G35/><T62/><D62/><U54/><E10/><AGARI ba="2,0" hai="7,10,14,40,43,80,82,83,88,95,98" m="25610" machi="10" ten="30,3900,0" yaku="8,1,52,1,54,1" doraHai="85" who="2" fromWho="1" sc="249,0,333,-45,219,45,199,0" /><INIT seed="2,0,0,2,3,90" ten="249,288,264,199" oya="2" hai0="89,133,18,111,0,73,71,64,25,12,97,114,43" hai1="17,93,5,24,69,87,131,92,40,91,20,85,82" hai2="116,53,61,98,1,119,77,68,30,45,86,120,47" hai3="44,128,113,59,16,74,103,67,130,101,117,23,99"/><V125/><F120/><W57/><G117/><T78/><D114/><U95/><E69/><V112/><F112/><W34/><G113/><T135/><D0/><U8/><E131/><V28/><F125/><W84/><G74/><T14/><D43/><U108/><E108/><V55/><F1/><W102/><G34/><T105/><D111/><U54/><E40/><V4/><F4/><W49/><G84/><T11/><D12/><N who="1" m="5135" /><E54/><V21/><F98/><W124/><G124/><T79/><D25/><U109/><E109/><V127/><F127/><W60/><G59/><T29/><D29/><U94/><E82/><V10/><F10/><W81/><G81/><T3/><D3/><U19/><E87/><V62/><F21/><W39/><G39/><T31/><D73/><U46/><E46/><V37/><F86/><W76/><G76/><T36/><D78/><U9/><E9/><V63/><F77/><W35/><G35/><T106/><D79/><U65/><E65/><V129/><F129/><W56/><G56/><T134/><D36/><U15/><E15/><V48/><F68/><W80/><G80/><T66/><D31/><AGARI ba="0,0" hai="17,19,20,24,31,85,91,92,93,94,95" m="5135" machi="31" ten="30,8000,1" yaku="8,1,52,4" doraHai="90" who="1" fromWho="0" sc="249,-80,288,80,264,0,199,0" /><INIT seed="3,0,0,2,0,37" ten="169,368,264,199" oya="3" hai0="72,95,13,38,103,78,45,39,3,41,46,52,124" hai1="80,1,16,5,58,101,74,110,118,62,31,84,111" hai2="108,68,22,11,51,29,53,8,42,34,121,81,56" hai3="32,30,35,105,36,65,89,2,15,83,44,129,60"/><W85/><G2/><T133/><D124/><U109/><E118/><V82/><F108/><W113/><G113/><T10/><D133/><U127/><E31/><V21/><F121/><W96/><G129/><T91/><D3/><U107/><E74/><V69/><F34/><W130/><G130/><T79/><D103/><U61/><E127/><V120/><F120/><W40/><G30/><T76/><D72/><U125/><E125/><V20/><F29/><W27/><G27/><T93/><D91/><U9/><E16/><V97/><F97/><W112/><G112/><T18/><REACH who="0" step="1"/><D38/><REACH who="0" ten="159,368,264,199" step="2"/><U7/><E101/><V86/><F68/><W50/><G36/><T88/><D88/><U71/><E1/><V135/><F69/><W119/><G119/><T114/><D114/><U70/><E70/><V26/><F135/><W67/><G89/><T87/><D87/><U131/><E131/><V100/><F100/><W25/><G85/><T64/><D64/><U19/><E84/><V99/><F81/><W128/><G83/><T17/><D17/><U63/><E80/><V55/><F99/><W49/><G128/><T92/><D92/><U43/><E71/><V106/><F86/><W57/><G96/><T0/><D0/><U132/><E132/><V23/><F82/><W4/><G67/><T14/><D14/><U117/><E111/><V104/><F106/><W73/><G105/><T54/><D54/><U126/><E126/><V75/><F75/><W24/><G73/><T48/><AGARI ba="0,1" hai="10,13,18,39,41,45,46,48,52,76,78,79,93,95" machi="48" ten="30,7900,0" yaku="1,1,0,1,52,1,54,1,53,0" doraHai="37" doraHaiUra="115" who="0" fromWho="0" sc="159,89,368,-20,264,-20,199,-39" /><INIT seed="4,0,0,4,2,111" ten="248,348,244,160" oya="0" hai0="8,32,51,84,14,110,48,109,3,72,99,34,102" hai1="107,15,91,71,73,97,13,132,44,88,101,7,65" hai2="26,20,113,28,47,30,86,57,63,79,10,125,62" hai3="92,27,31,24,95,128,85,114,54,129,119,82,33"/><T77/><D3/><U117/><E117/><V60/><F125/><W49/><G119/><T37/><D37/><U76/><E132/><V4/><F47/><W100/><G24/><T127/><D127/><U6/><E71/><V70/><F70/><W133/><G133/><T122/><D122/><U104/><E65/><V25/><F113/><W40/><G40/><T19/><D72/><U83/><E107/><V39/><F39/><W98/><G95/><T38/><D38/><U2/><E44/><V96/><F96/><W55/><G114/><T61/><D61/><U36/><E36/><V89/><F79/><W87/><G55/><T81/><D32/><U123/><E123/><V90/><F57/><W1/><G1/><T112/><D34/><U45/><E45/><V35/><REACH who="2" step="1"/><F86/><REACH who="2" ten="248,348,234,160" step="2"/><W94/><G87/><T50/><REACH who="0" step="1"/><D112/><REACH who="0" ten="238,348,234,160" step="2"/><U17/><E73/><V64/><F64/><W118/><G118/><T80/><D80/><U126/><E83/><V67/><F67/><W120/><G120/><T11/><D11/><U75/><E75/><V69/><F69/><W66/><G66/><T105/><AGARI ba="0,2" hai="8,14,19,48,50,51,77,81,84,99,102,105,109,110" machi="105" ten="30,3000,0" yaku="1,1,0,1,53,0" doraHai="111" doraHaiUra="108" who="0" fromWho="0" sc="238,50,348,-10,234,-10,160,-10" /><INIT seed="4,1,0,5,3,4" ten="288,338,224,150" oya="0" hai0="15,39,30,110,56,37,47,74,0,34,133,12,75" hai1="67,10,44,126,76,60,122,85,84,128,132,130,41" hai2="115,101,23,131,62,45,43,119,98,91,16,77,8" hai3="124,90,31,14,135,109,7,80,81,50,18,125,22"/><T48/><D0/><U61/><E122/><V11/><F115/><W86/><G109/><T19/><D110/><U114/><E126/><N who="3" m="48746" /><G135/><T55/><D133/><U46/><E132/><V32/><F32/><W66/><G66/><T94/><D12/><U108/><E108/><V58/><F77/><W79/><G31/><T71/><D71/><U42/><E76/><V134/><F91/><W28/><G28/><T6/><D6/><U13/><E67/><V88/><F134/><W87/><G50/><T9/><D94/><U65/><E65/><V53/><F88/><W3/><G7/><T20/><D34/><U25/><E13/><V92/><F131/><W35/><G3/><T49/><D37/><U96/><E25/><N who="2" m="14567" /><F119/><W112/><G35/><T113/><D39/><U57/><E114/><AGARI ba="1,0" hai="14,18,22,79,80,81,86,87,90,112,114" m="48746" machi="114" ten="30,1000,0" yaku="18,1" doraHai="4" who="3" fromWho="1" sc="288,0,338,-13,224,0,150,13" /><INIT seed="5,0,0,4,0,95" ten="288,325,224,163" oya="1" hai0="73,117,114,45,10,71,43,89,5,77,88,69,118" hai1="124,110,12,74,115,125,90,127,46,30,72,11,52" hai2="120,91,56,67,133,108,26,17,59,111,21,78,61" hai3="20,106,107,40,23,31,19,103,39,48,65,25,34"/><U93/><E115/><V81/><F120/><W14/><G39/><N who="0" m="21759" /><D114/><U63/><E30/><V53/><F133/><W58/><G34/><T128/><D128/><U28/><E28/><V64/><F91/><N who="0" m="34890" /><D117/><U70/><E110/><V85/><REACH who="2" step="1"/><F64/><REACH who="2" ten="288,325,214,163" step="2"/><W22/><G65/><T16/><D118/><U79/><E127/><V86/><F86/><W24/><G103/><T130/><D130/><U83/><E125/><V87/><F87/><W36/><G31/><T131/><D131/><U15/><E124/><V75/><F75/><W126/><G126/><T8/><D73/><U68/><E74/><V119/><F119/><W76/><G76/><T4/><D77/><U1/><E79/><V42/><F42/><W109/><G40/><T99/><D4/><U29/><E72/><V134/><F134/><W41/><G41/><T104/><D5/><U27/><E90/><V55/><F55/><W44/><G109/><T66/><D66/><U57/><E52/><V101/><F101/><W50/><G36/><T2/><D16/><U60/><E29/><V97/><F97/><W51/><G19/><T18/><D99/><U62/><E83/><V6/><F6/><W38/><G38/><T35/><D18/><U9/><E70/><V3/><F3/><W122/><G122/><T82/><D2/><U0/><E68/><N who="0" m="26185" /><D82/><U105/><E1/><V80/><F80/><W33/><G33/><T94/><D35/><U47/><E0/><V54/><F54/><W132/><G132/><T96/><D94/><U135/><E135/><V84/><F84/><W121/><G121/><T112/><D112/><RYUUKYOKU ba="0,1" sc="288,15,325,-15,214,15,163,-15" hai0="8,10,96,104" hai2="17,21,26,53,56,59,61,67,78,81,85,108,111" /><INIT seed="6,1,1,5,4,133" ten="303,310,229,148" oya="2" hai0="129,119,111,71,86,131,98,41,56,93,122,114,2" hai1="34,94,32,84,96,27,54,65,33,88,1,6,81" hai2="99,130,107,109,78,90,103,7,123,127,23,25,128" hai3="42,82,83,0,79,60,132,89,91,76,70,53,112"/><V52/><F123/><W72/><G0/><T120/><D111/><U106/><E106/><V38/><F38/><W19/><G132/><T104/><D71/><U77/><E65/><V48/><F109/><W126/><G112/><T9/><D114/><U51/><E1/><V64/><F78/><W5/><G5/><N who="0" m="1207" /><D119/><U124/><E6/><V39/><F39/><W55/><G42/><T92/><D41/><U121/><E124/><V59/><F7/><W20/><G126/><T85/><D104/><U110/><E110/><V31/><F127/><W62/><G70/><T45/><D45/><U66/><E66/><V74/><F74/><W80/><G80/><T118/><D118/><U10/><E10/><V17/><F90/><W87/><G60/><T21/><D56/><U105/><E105/><V57/><REACH who="2" step="1"/><F31/><REACH who="2" ten="303,310,219,148" step="2"/><W29/><G29/><T97/><D120/><U22/><E121/><V40/><F40/><W100/><G100/><T135/><D122/><U50/><E54/><V116/><F116/><W11/><G55/><T4/><D4/><U47/><E47/><V12/><F12/><W63/><G53/><T24/><D135/><U95/><E77/><V14/><F14/><W16/><G89/><T49/><D129/><U44/><E44/><V43/><F43/><W69/><G91/><T68/><D131/><U75/><E75/><V61/><AGARI ba="1,2" hai="17,23,25,48,52,57,59,61,64,99,103,107,128,130" machi="61" ten="30,6000,0" yaku="1,1,0,1,54,1,53,0" doraHai="133" doraHaiUra="134" who="2" fromWho="2" sc="303,-21,310,-21,219,83,148,-21" /><INIT seed="6,2,0,5,5,55" ten="282,289,302,127" oya="2" hai0="99,51,1,0,14,70,91,45,12,132,109,87,120" hai1="82,129,19,90,24,133,3,15,116,8,31,131,11" hai2="73,128,104,122,78,115,117,92,110,95,77,56,96" hai3="6,118,134,43,44,83,79,10,112,98,25,49,57"/><V2/><F2/><W94/><G118/><T21/><D109/><U93/><E82/><V32/><F32/><W102/><G134/><T42/><D120/><U54/><E54/><V66/><F117/><W59/><G112/><T125/><D132/><U64/><E64/><V36/><F122/><W27/><G25/><T75/><D75/><U35/><E133/><V52/><F36/><W17/><G17/><T53/><D70/><U111/><E116/><V62/><F115/><W68/><G27/><T29/><D125/><U114/><E114/><V126/><F126/><W65/><G65/><T113/><D113/><U41/><E41/><V103/><F128/><N who="1" m="49225" /><E90/><V9/><F9/><W124/><G68/><T46/><D99/><U100/><E93/><V34/><F34/><W84/><REACH who="3" step="1"/><G124/><REACH who="3" ten="282,289,302,117" step="2"/><T123/><D123/><U60/><E24/><V58/><F110/><W40/><G40/><T89/><D42/><U71/><E111/><V47/><F47/><W13/><AGARI ba="2,1" hai="6,10,13,43,44,49,57,59,79,83,84,94,98,102" machi="13" ten="20,16000,3" yaku="1,1,0,1,7,1,25,2,8,1,52,2,53,0" doraHai="55" doraHaiUra="119" who="3" fromWho="3" sc="282,-42,289,-42,302,-82,117,176" /><INIT seed="7,0,0,5,0,5" ten="240,247,220,293" oya="3" hai0="50,37,52,12,83,53,99,6,36,118,13,68,84" hai1="51,61,60,40,39,54,116,25,43,47,31,69,81" hai2="110,126,4,16,49,11,111,32,10,100,8,112,72" hai3="34,76,89,28,95,41,67,135,91,133,70,85,14"/><W55/><G41/><T123/><D123/><U132/><E81/><V27/><F112/><W20/><G55/><T7/><D118/><U104/><E104/><V94/><F72/><W48/><G48/><T122/><D122/><U107/><E107/><V92/><F126/><W26/><G76/><T29/><D68/><U79/><E79/><V9/><F49/><W22/><G91/><T74/><D74/><U19/><E19/><V98/><F92/><W42/><G42/><T97/><D50/><U59/><E132/><N who="3" m="50762" /><G14/><T17/><D83/><U21/><E116/><V46/><F46/><W108/><G108/><T82/><D82/><U134/><E134/><V88/><F88/><W71/><G67/><T101/><D101/><U73/><E73/><V128/><F128/><W121/><G121/><T80/><D12/><U38/><REACH who="1" step="1"/><E43/><REACH who="1" ten="240,237,220,293" step="2"/><V23/><REACH who="2" step="1"/><F32/><REACH who="2" ten="240,237,210,293" step="2"/><W44/><G34/><T102/><D80/><U120/><E120/><V45/><F45/><W66/><G44/><T65/><D6/><U33/><E33/><V15/><AGARI ba="0,2" hai="4,8,9,10,11,15,16,23,27,94,98,100,110,111" machi="15" ten="30,12000,2" yaku="1,1,0,1,52,4,54,1,53,0" doraHai="5" doraHaiUra="124" who="2" fromWho="2" sc="240,-30,237,-30,210,140,293,-60" owari="210,-19.0,207,-29.0,350,45.0,233,3.0" /></mjloggm>