<mjloggm ver="2.3"><GO type="41" lobby="0"/><UN n0="%41%4E%41%4E%54%41" n1="%E2%93%9D%53%75%70%68%78" n2="%65%6F%66" n3="%73%68%69%67%65%72%75" dan="14,18,14,14" rate="1955.90,2135.87,2141.68,2016.44" sx="M,M,F,M"/><TAIKYOKU oya="0"/><INIT seed="0,0,0,1,2,101" ten="250,250,250,250" oya="0" hai0="65,3,2,27,111,45,35,10,4,33,1,108,78" hai1="23,76,100,87,67,39,68,38,81,42,134,59,18" hai2="102,89,32,103,58,53,112,28,66,127,49,56,80" hai3="8,97,34,117,90,57,82,26,118,5,121,109,37"/><T71/><D78/><U113/><E68/><V11/><F112/><W9/><G37/><T54/><D65/><U95/><E134/><V30/><F127/><W43/><G43/><T24/><D71/><U22/><E22/><V73/><F11/><W13/><G109/><N who="0" m="42059" /><D54/><U14/><E42/><V31/><F32/><N who="0" m="12362" /><D45/><U21/><E113/><V36/><F36/><W119/><G121/><T50/><D50/><U69/><E69/><V83/><F73/><W135/><G57/><T128/><D128/><U60/><E39/><V93/><F56/><W105/><G135/><T20/><D27/><U124/><E38/><V131/><F66/><W61/><G61/><T25/><D24/><U126/><E126/><V132/><F131/><W133/><G133/><T79/><D79/><U19/><E124/><V62/><F49/><W92/><G26/><T123/><D123/><U85/><E76/><V110/><F110/><W125/><G125/><T0/><D0/><U116/><E67/><V51/><F51/><W17/><G34/><T84/><D84/><U15/><E87/><N who="2" m="52415" /><F132/><W96/><G82/><AGARI ba="0,0" hai="28,30,31,53,58,62,80,82,83,102,103" m="52415" machi="82" ten="30,1000,0" yaku="8,1" doraHai="101" who="2" fromWho="3" sc="250,0,250,0,250,10,250,-10" /><INIT seed="1,0,0,5,1,4" ten="250,250,260,240" oya="1" hai0="72,43,28,14,76,51,84,131,79,12,67,123,94" hai1="39,6,125,82,24,3,32,58,64,95,61,49,108" hai2="56,48,104,134,99,34,65,68,92,8,78,2,30" hai3="18,116,100,105,50,90,31,36,121,66,21,93,111"/><U45/><E125/><V126/><F126/><W135/><G121/><T89/><D131/><U77/><E108/><V101/><F92/><W53/><G111/><T35/><D67/><U33/><E24/><N who="2" m="18759" /><F78/><W19/><G135/><T46/><D123/><U115/><E115/><V133/><F48/><W47/><G116/><T119/><D119/><U86/><E39/><V5/><F56/><W26/><G36/><T69/><D69/><U98/><E3/><V132/><F132/><W102/><G66/><T83/><D79/><U9/><E95/><V57/><F57/><W55/><G55/><T27/><AGARI ba="0,0" hai="12,14,27,28,35,43,46,51,72,76,83,84,89,94" machi="27" ten="30,1100,0" yaku="0,1" doraHai="4" who="0" fromWho="0" sc="250,11,250,-5,260,-3,240,-3" /><INIT seed="2,0,0,5,2,126" ten="261,245,257,237" oya="2" hai0="41,49,8,117,58,30,77,44,135,89,79,100,48" hai1="132,104,134,107,83,4,62,115,37,53,71,43,20" hai2="73,93,33,114,68,95,113,110,23,3,26,81,54" hai3="60,127,103,32,69,1,29,78,72,14,102,19,31"/><V74/><F3/><W11/><G127/><T28/><D135/><N who="1" m="51755" /><E20/><V97/><F33/><W121/><G121/><T116/><D100/><U105/><E53/><V118/><F68/><W46/><G46/><T112/><D112/><U12/><E12/><V75/><F118/><N who="0" m="45674" /><D8/><U111/><E83/><V35/><F35/><W52/><G69/><T16/><D89/><U25/><E25/><V59/><F81/><W84/><G72/><T90/><D90/><U67/><E4/><V51/><F110/><W87/><G1/><T66/><D16/><U6/><E6/><V47/><F113/><W76/><G32/><T91/><D91/><U120/><E115/><V39/><F114/><W5/><G5/><T124/><D124/><U98/><E120/><V13/><F13/><W36/><G36/><T38/><D38/><U125/><E125/><V63/><F39/><W88/><G103/><T119/><D119/><U106/><E111/><V65/><REACH who="2" step="1"/><F97/><REACH who="2" ten="261,245,247,237" step="2"/><W7/><G14/><T130/><D79/><U133/><E133/><V122/><F122/><W128/><G78/><T64/><D77/><U18/><E98/><V10/><F10/><W50/><G76/><T24/><D24/><U0/><E0/><V17/><AGARI ba="0,1" hai="17,23,26,47,51,54,59,63,65,73,74,75,93,95" machi="17" ten="30,3000,0" yaku="1,1,0,1,53,0" doraHai="126" doraHaiUra="131" who="2" fromWho="2" sc="261,-10,245,-10,247,40,237,-10" /><INIT seed="2,1,0,3,0,101" ten="251,235,287,227" oya="2" hai0="26,107,48,116,123,63,19,17,95,2,10,131,55" hai1="125,16,22,24,9,15,81,91,65,113,74,114,47" hai2="45,130,38,28,69,109,36,96,67,88,20,51,97" hai3="75,76,61,44,133,7,58,31,13,71,79,92,117"/><V50/><F130/><W82/><G117/><T33/><D123/><U104/><E125/><V49/><F109/><W46/><G71/><T43/><D131/><U86/><E74/><V110/><F110/><W54/><G133/><T80/><D43/><U23/><E23/><V122/><F122/><W78/><G31/><T25/><D63/><U21/><E21/><V103/><F69/><W124/><G124/><T112/><D80/><U68/><E104/><V90/><F67/><W108/><G108/><T60/><D60/><U119/><E119/><V27/><F96/><W52/><G92/><T41/><D41/><U115/><E47/><V1/><F1/><W40/><G54/><T98/><D112/><U120/><E120/><V57/><F57/><W77/><REACH who="3" step="1"/><G40/><REACH who="3" ten="251,235,287,217" step="2"/><T35/><D95/><U89/><E68/><V6/><F28/><W59/><G59/><T100/><D116/><U18/><REACH who="1" step="1"/><E65/><REACH who="1" ten="251,225,287,217" step="2"/><V121/><F121/><W106/><G106/><T66/><D66/><U11/><E11/><AGARI ba="1,2" hai="7,11,13,44,46,52,58,61,75,76,77,78,79,82" machi="11" ten="40,5200,0" yaku="1,1,54,1,53,1" doraHai="101" doraHaiUra="0" who="3" fromWho="1" sc="251,0,225,-55,287,0,217,75" /><INIT seed="3,0,0,3,5,17" ten="251,170,287,292" oya="3" hai0="42,9,69,72,125,115,27,102,60,46,73,78,101" hai1="86,1,40,52,3,75,2,48,77,117,28,118,62" hai2="104,111,88,8,71,19,54,24,127,49,12,112,74" hai3="105,43,63,51,18,32,10,70,114,116,6,130,96"/><W76/><G116/><N who="1" m="44650" /><E40/><V121/><F112/><W33/><G114/><T50/><D125/><U122/><E75/><V21/><F127/><W109/><G130/><T133/><D133/><U45/><E28/><V57/><F121/><W99/><G76/><T128/><D128/><U93/><E62/><V68/><F74/><W44/><G109/><T81/><D73/><U11/><E122/><V0/><F111/><W132/><G132/><T94/><D60/><U56/><E56/><V92/><F104/><W67/><G18/><T31/><D69/><U83/><E93/><V124/><F0/><W7/><G7/><AGARI ba="0,0" hai="1,2,3,7,11,45,48,52,77,83,86" m="44650" machi="7" ten="30,2000,0" yaku="12,1,54,1" doraHai="17" who="1" fromWho="3" sc="251,0,170,20,287,0,292,-20" /><INIT seed="4,0,0,1,2,4" ten="251,190,287,272" oya="0" hai0="48,32,7,2,75,61,117,65,131,12,97,35,85" hai1="62,72,23,125,124,102,11,42,100,46,87,60,104" hai2="105,132,90,21,34,37,99,92,134,38,16,120,122" hai3="59,71,56,55,64,29,76,108,49,44,135,111,19"/><T1/><D75/><U78/><E72/><V0/><F34/><W43/><G29/><T118/><D48/><U58/><E23/><V54/><F0/><N who="0" m="106" /><D85/><U33/><E33/><N who="0" m="12873" /><D97/><U121/><E121/><V86/><F120/><W94/><G19/><T13/><D61/><U67/><E104/><V15/><F122/><W51/><G94/><T88/><D88/><U89/><E78/><V68/><F68/><W24/><G24/><T25/><D65/><U53/><E102/><V119/><F119/><N who="0" m="45578" /><D131/><U17/><E100/><N who="2" m="62623" /><F54/><W66/><G76/><T96/><D96/><U116/><E116/><V81/><F92/><W50/><G111/><T63/><D63/><U28/><E62/><V130/><F130/><W26/><G108/><T47/><D47/><U77/><E77/><V45/><F45/><W79/><G44/><T83/><D83/><U74/><E74/><V84/><F84/><W109/><G79/><T133/><D133/><AGARI ba="0,0" hai="15,16,21,37,38,81,86,90,132,133,134" m="62623" machi="133" ten="30,2000,0" yaku="20,1,54,1" doraHai="4" who="2" fromWho="0" sc="251,-20,190,0,287,20,272,0" /><INIT seed="5,0,0,2,4,7" ten="231,190,307,272" oya="1" hai0="15,111,10,129,126,25,30,119,95,13,85,104,17" hai1="118,67,64,134,1,93,37,54,42,97,44,6,57" hai2="82,75,132,4,3,88,16,19,109,127,59,108,46" hai3="52,125,11,66,101,128,33,41,72,53,68,50,131"/><U115/><E118/><V100/><F127/><W124/><G33/><T81/><D111/><U78/><E115/><V116/><F116/><W87/><G72/><T40/><D104/><U76/><E134/><V114/><F132/><W48/><G101/><T45/><D119/><U27/><E27/><V121/><F121/><W120/><G11/><T61/><D126/><N who="3" m="48745" /><G87/><T117/><D117/><U113/><E113/><V92/><F114/><W2/><G2/><T105/><D105/><U69/><E6/><V34/><F34/><W55/><G120/><T28/><D61/><U9/><E78/><V43/><F108/><W86/><G86/><T91/><D129/><N who="3" m="49737" /><G41/><T130/><D130/><U70/><E76/><V89/><F75/><W103/><G103/><T14/><D81/><U26/><E9/><V112/><F112/><W102/><G102/><T12/><REACH who="0" step="1"/><D25/><REACH who="0" ten="221,190,307,272" step="2"/><U32/><E26/><V110/><F110/><W62/><AGARI ba="0,1" hai="48,50,52,53,55,62,66,68" m="49737,48745" machi="62" ten="40,8000,1" yaku="18,1,19,1,34,2,54,1" doraHai="7" who="3" fromWho="3" sc="221,-20,190,-40,307,-20,272,90" /><INIT seed="6,0,0,3,3,31" ten="201,150,287,362" oya="2" hai0="76,60,81,92,15,115,59,109,77,54,130,30,72" hai1="134,53,3,117,123,62,9,133,46,110,121,97,10" hai2="91,129,52,33,56,35,19,102,125,8,64,47,6" hai3="99,21,27,105,104,86,116,48,16,120,18,122,126"/><V4/><F102/><W119/><G48/><T11/><D109/><U101/><E62/><V37/><F129/><W61/><G61/><T88/><D115/><U25/><E53/><V108/><F108/><W49/><G49/><T90/><D130/><U79/><E46/><V23/><F64/><W29/><G86/><T68/><D30/><U67/><E67/><V38/><F125/><W39/><G39/><T34/><D34/><U132/><E110/><V55/><F91/><W14/><G99/><T80/><D92/><U42/><E42/><V66/><F66/><W87/><G87/><T0/><D0/><U28/><E79/><V114/><F114/><W58/><G58/><T69/><D69/><U32/><E117/><N who="3" m="45130" /><G104/><T94/><D94/><U127/><E127/><V13/><F4/><W89/><G89/><T98/><D98/><U44/><E44/><V2/><F55/><W41/><G41/><T82/><D68/><U40/><E40/><V1/><F1/><W43/><G43/><T106/><D106/><N who="1" m="63791" /><E3/><V26/><F47/><W124/><G105/><T70/><D70/><U128/><E128/><V112/><F112/><W93/><G93/><T84/><REACH who="0" step="1"/><D80/><REACH who="0" ten="191,150,287,362" step="2"/><U57/><E57/><V7/><F37/><W65/><G126/><T83/><D83/><U103/><E103/><V100/><F38/><W20/><G124/><T75/><D75/><U95/><E95/><V96/><F100/><W111/><G111/><T71/><D71/><U118/><E118/><V113/><F113/><W73/><G73/><T135/><D135/><N who="1" m="34563" /><U131/><DORA hai="85" /><E131/><V24/><F56/><RYUUKYOKU ba="0,1" sc="191,15,150,15,287,-15,362,-15" hai0="11,15,54,59,60,72,76,77,81,82,84,88,90" hai1="9,10,25,28,32,121,123" /><INIT seed="7,1,1,0,1,71" ten="206,165,272,347" oya="3" hai0="27,87,26,99,52,96,76,46,125,31,23,65,116" hai1="130,97,55,109,69,51,111,5,28,128,110,81,127" hai2="129,35,124,80,43,84,53,67,17,113,126,105,3" hai3="1,13,0,18,61,54,83,30,24,114,37,82,49"/><W90/><G114/><T48/><D116/><U121/><E28/><V108/><F108/><W119/><G37/><T20/><D125/><N who="2" m="48234" /><F113/><W86/><G119/><T72/><D72/><U14/><E127/><V117/><F117/><W95/><G61/><T16/><D65/><U29/><E29/><V123/><F3/><W33/><G1/><T12/><D12/><U85/><E97/><V22/><F35/><W118/><G0/><T2/><D2/><U10/><E69/><V38/><F67/><W68/><G68/><T134/><D134/><U131/><E121/><V104/><F123/><W73/><G73/><T135/><D135/><U40/><E40/><V25/><F53/><W112/><G112/><T120/><D120/><U42/><E42/><V58/><F58/><W47/><G118/><T39/><D39/><U75/><E75/><V6/><F6/><W45/><G45/><T89/><D76/><U19/><E5/><V60/><F129/><W41/><G41/><T32/><D32/><U103/><E103/><V36/><F60/><W88/><G90/><T15/><D15/><U122/><E122/><V77/><F43/><W102/><G102/><T91/><D91/><U63/><E63/><V62/><F62/><W34/><G34/><T9/><D9/><AGARI ba="1,1" hai="9,13,18,24,30,33,47,49,54,82,83,86,88,95" machi="9" ten="30,2900,0" yaku="7,1,54,1" doraHai="71" who="3" fromWho="0" sc="206,-32,165,0,272,0,347,42" owari="174,-23.0,165,-33.0,272,7.0,389,49.0" /></mjloggm>