<mjloggm ver="2.3"><GO type="41" lobby="0"/><UN n0="%E3%82%AB%E3%82%AF%E3%83%8E" n1="%E2%93%9D%53%75%70%68%78" n2="%65%61%73%79" n3="%6B%75%6E%69%33%33%31" dan="15,18,15,14" rate="2037.97,2140.43,2086.99,1920.33" sx="M,M,M,F"/><TAIKYOKU oya="0"/><INIT seed="0,0,0,0,5,84" ten="250,250,250,250" oya="0" hai0="112,42,45,25,43,116,64,106,21,14,99,30,75" hai1="65,38,39,46,97,1,34,73,82,114,31,91,63" hai2="0,3,49,123,23,98,118,76,89,32,104,66,8" hai3="10,54,100,33,16,113,78,110,130,70,74,96,85"/><T19/><D112/><U125/><E1/><V124/><F124/><W40/><G113/><T50/><D116/><U2/><E2/><V7/><F32/><W119/><G119/><T71/><D75/><U90/><E114/><V62/><F123/><W4/><G70/><T88/><D106/><U93/><E125/><V9/><F118/><W79/><G33/><T86/><D99/><U111/><E111/><V95/><F76/><W6/><G110/><T35/><D64/><U20/><E34/><V12/><F49/><W83/><G130/><T129/><D71/><U61/><E46/><V69/><F23/><W41/><G78/><T5/><D5/><U131/><E131/><V67/><F67/><W22/><G74/><T120/><D129/><U101/><E63/><V58/><F69/><W13/><G54/><T121/><REACH who="0" step="1"/><D43/><REACH who="0" ten="240,250,250,250" step="2"/><U11/><E73/><V122/><F104/><W94/><G4/><T17/><D17/><U109/><E109/><V52/><F66/><W105/><G105/><T53/><D53/><U133/><E65/><V48/><F3/><AGARI ba="0,1" hai="3,6,10,13,16,22,40,41,79,83,85,94,96,100" machi="3" ten="30,2000,0" yaku="7,1,54,1" doraHai="84" who="3" fromWho="2" sc="240,0,250,0,250,-20,250,30" /><INIT seed="1,0,0,5,3,111" ten="240,250,230,280" oya="1" hai0="65,36,49,72,60,47,129,18,116,86,2,95,121" hai1="69,54,23,122,3,73,132,94,133,59,107,134,135" hai2="51,39,56,6,92,16,7,110,1,87,90,35,41" hai3="127,74,13,42,53,131,97,118,101,83,81,22,61"/><U108/><E107/><V55/><F110/><W4/><G131/><T45/><D116/><U115/><E108/><V21/><F35/><W19/><G127/><T113/><D113/><U50/><E3/><V40/><F1/><W27/><G74/><T66/><D72/><U88/><E122/><V71/><F71/><W31/><G42/><N who="2" m="16489" /><F39/><W124/><G4/><T79/><D45/><U63/><E73/><V105/><F105/><W14/><G14/><AGARI ba="0,0" hai="6,7,14,16,21,51,55,56,87,90,92" m="16489" machi="14" ten="30,3900,0" yaku="25,1,8,1,54,1" doraHai="111" who="2" fromWho="3" sc="240,0,250,0,230,39,280,-39" /><INIT seed="2,0,0,4,4,31" ten="240,250,269,241" oya="2" hai0="89,27,33,53,37,92,109,87,30,82,80,41,95" hai1="48,76,20,112,34,107,55,124,47,97,100,101,90" hai2="13,2,125,5,108,22,46,21,28,68,126,1,111" hai3="61,72,35,19,120,123,0,29,4,51,77,52,102"/><V115/><F46/><W32/><G102/><T23/><D109/><N who="2" m="42058" /><F68/><W7/><G61/><T94/><D41/><U70/><E124/><N who="2" m="47723" /><F115/><W25/><G77/><T59/><D37/><U10/><E76/><V119/><F119/><W86/><G72/><T78/><D23/><N who="2" m="8714" /><F28/><W110/><G110/><T91/><REACH who="0" step="1"/><D80/><REACH who="0" ten="230,250,269,241" step="2"/><U15/><E112/><V6/><F13/><W129/><G0/><AGARI ba="0,1" hai="0,1,2,5,6" m="8714,47723,42058" machi="0" ten="40,18000,2" yaku="28,2,14,1,10,1,18,1,34,2" doraHai="31" who="2" fromWho="3" sc="230,0,250,0,269,190,241,-180" /><INIT seed="2,1,0,2,2,95" ten="230,250,459,61" oya="2" hai0="35,23,112,78,84,122,43,81,16,37,5,83,22" hai1="121,80,30,50,39,92,126,90,123,77,82,128,98" hai2="86,7,2,54,61,3,13,114,104,75,58,102,66" hai3="113,116,67,101,15,65,88,64,47,74,130,124,40"/><V73/><F114/><W110/><G116/><T57/><D122/><N who="1" m="46603" /><E39/><V125/><F125/><W38/><G74/><T52/><D35/><U127/><E30/><V18/><F86/><W133/><G124/><N who="1" m="47658" /><E50/><V49/><F7/><W45/><G110/><T76/><D5/><U97/><E128/><V8/><F3/><W33/><G33/><T108/><D108/><U117/><E117/><V26/><F2/><W44/><G130/><T79/><D112/><U69/><E69/><V87/><F87/><W6/><G133/><T118/><D118/><U20/><E20/><V96/><REACH who="2" step="1"/><F26/><REACH who="2" ten="230,250,449,61" step="2"/><W29/><G113/><T31/><D84/><N who="1" m="52295" /><E82/><V63/><F63/><W106/><G29/><T72/><D83/><U24/><E24/><V34/><F34/><W135/><G135/><T111/><D111/><U109/><E109/><V0/><F0/><W131/><G131/><T19/><D31/><U21/><E21/><V25/><F25/><W17/><G6/><T4/><D81/><U99/><E80/><V53/><F53/><W115/><G115/><T11/><D52/><U129/><E129/><V48/><F48/><W107/><G38/><T132/><D37/><U32/><E32/><V46/><AGARI ba="1,1" hai="8,13,18,46,49,54,58,61,66,73,75,96,102,104" machi="46" ten="20,7800,0" yaku="1,1,0,1,7,1,52,1,53,0" doraHai="95" doraHaiUra="1" who="2" fromWho="2" sc="230,-27,250,-27,449,91,61,-27" /><INIT seed="2,2,0,3,2,5" ten="203,223,540,34" oya="2" hai0="24,131,51,73,107,90,105,14,0,120,4,17,97" hai1="114,113,106,57,21,70,42,19,122,59,83,125,2" hai2="8,9,116,49,126,134,20,38,18,36,66,98,93" hai3="110,39,75,94,108,104,25,118,30,72,48,115,58"/><V78/><F116/><W91/><G39/><T129/><D73/><U102/><E2/><V63/><F126/><W109/><G104/><T127/><D120/><U15/><E70/><V80/><F134/><W71/><G71/><T100/><D107/><U46/><E125/><V86/><F49/><W111/><G118/><T54/><D127/><U101/><E122/><V27/><F36/><W132/><N who="3" m="27648" /><DORA hai="32" /><W112/><G132/><T35/><D35/><U130/><E130/><V12/><F12/><W121/><G121/><T117/><D24/><U85/><E114/><V92/><F92/><W89/><G58/><T23/><D90/><N who="3" m="34313" /><G48/><T133/><D133/><U64/><E59/><N who="2" m="37247" /><F38/><W135/><G135/><T65/><D117/><U29/><E106/><V22/><F20/><W79/><G25/><T47/><REACH who="0" step="1"/><D65/><REACH who="0" ten="193,223,540,34" step="2"/><U82/><E64/><V43/><F27/><W60/><G30/><T103/><D103/><U41/><E102/><V40/><F93/><W7/><G94/><T28/><D28/><U76/><E101/><V16/><F80/><N who="3" m="45159" /><G75/><T96/><D96/><U37/><E29/><V31/><F31/><W11/><G60/><T10/><AGARI ba="2,1" hai="0,4,10,14,17,23,47,51,54,97,100,105,129,131" machi="10" ten="30,12000,2" yaku="1,1,0,1,52,2,53,2" doraHai="5,32" doraHaiUra="6,99" who="0" fromWho="0" sc="193,136,223,-32,540,-62,34,-32" /><INIT seed="3,0,0,2,2,27" ten="329,191,478,2" oya="3" hai0="101,98,5,125,119,4,104,60,2,30,112,66,36" hai1="48,68,43,9,124,76,72,80,105,128,17,100,26" hai2="54,56,35,22,118,74,40,78,61,51,73,77,133" hai3="114,135,19,58,97,69,3,63,87,24,1,38,14"/><W20/><G114/><T108/><D108/><U96/><E128/><V115/><F133/><W88/><G38/><T18/><D36/><U31/><E124/><V8/><F35/><W82/><G135/><T85/><D125/><U16/><E68/><V10/><F118/><W116/><G69/><T94/><D119/><U53/><E43/><V50/><F115/><W37/><G37/><T131/><D131/><U55/><E9/><N who="2" m="3691" /><F74/><W99/><G116/><T57/><D2/><U49/><E49/><N who="2" m="18443" /><F73/><W45/><G45/><T62/><D18/><U64/><E64/><V107/><F107/><W134/><G134/><T25/><D112/><U129/><E129/><V67/><F40/><W28/><G1/><T122/><D122/><U110/><E110/><V7/><F7/><W91/><G91/><T44/><D44/><U130/><E130/><V75/><F75/><W95/><G82/><T41/><D41/><U89/><E89/><V113/><F113/><W86/><G99/><T90/><D62/><U47/><REACH who="1" step="1"/><E55/><REACH who="1" ten="329,181,478,2" step="2"/><V117/><F67/><N who="3" m="39415" /><G3/><T21/><AGARI ba="0,1" hai="4,5,21,25,30,57,60,66,85,90,94,98,101,104" machi="21" ten="20,2700,0" yaku="0,1,7,1,52,1" doraHai="27" who="0" fromWho="0" sc="329,37,181,-7,478,-7,2,-13" owari="366,17.0,174,-23.0,471,57.0,-11,-51.0" /></mjloggm>