<mjloggm ver="2.3"><GO type="41" lobby="0"/><UN n0="%61%6C%65%78%30%34%32%32" n1="%E6%81%B5%E9%87%8C%E8%8B%A5%36%38" n2="%E2%93%9D%53%75%70%68%78" n3="%6E%6F%62%75%73%61%74%6F" dan="13,13,18,13" rate="1851.29,1823.50,2100.83,1897.64" sx="M,F,M,M"/><TAIKYOKU oya="0"/><INIT seed="0,0,0,2,5,108" ten="250,250,250,250" oya="0" hai0="69,125,16,130,106,19,73,12,135,128,29,104,113" hai1="67,95,24,75,120,79,56,23,83,88,109,54,37" hai2="45,66,74,14,41,58,93,47,1,39,78,5,103" hai3="48,65,4,11,77,86,127,100,92,50,31,96,2"/><T6/><D73/><U61/><E120/><V82/><F47/><W97/><G127/><T10/><D69/><U18/><E37/><V101/><F14/><W43/><G31/><T32/><D125/><U60/><E109/><V126/><F126/><W71/><G43/><T85/><D135/><U15/><E24/><V27/><F93/><W129/><G129/><N who="0" m="49771" /><D113/><U46/><E46/><V117/><F27/><W76/><G71/><T42/><D42/><U62/><E67/><V38/><F38/><W122/><G65/><T105/><D85/><U90/><E90/><V8/><REACH who="2" step="1"/><F117/><REACH who="2" ten="250,250,240,250" step="2"/><W40/><G122/><T133/><D133/><U110/><REACH who="1" step="1"/><E110/><REACH who="1" ten="250,240,240,250" step="2"/><V114/><F114/><W9/><G40/><T70/><D70/><U112/><E112/><V72/><F72/><W115/><G115/><T80/><D32/><U22/><E22/><V35/><F35/><W89/><G11/><T68/><D68/><U34/><E34/><V131/><F131/><W64/><G9/><T123/><D123/><U124/><E124/><V28/><F28/><W53/><G4/><T3/><D29/><U132/><E132/><V119/><F119/><W36/><G36/><T51/><D6/><U116/><E116/><V57/><F57/><W20/><G20/><T59/><D19/><U25/><E25/><V102/><F102/><W7/><G100/><T81/><D3/><U111/><E111/><V118/><F118/><W44/><G7/><T17/><D17/><U52/><E52/><AGARI ba="0,2" hai="10,12,16,51,52,59,80,81,104,105,106" m="49771" machi="52" ten="40,7700,0" yaku="19,1,54,2" doraHai="108" who="0" fromWho="1" sc="250,97,240,-77,240,0,250,0" /><INIT seed="0,1,0,3,5,94" ten="347,163,240,250" oya="0" hai0="44,56,86,109,116,119,10,105,19,58,32,135,132" hai1="90,107,33,83,20,46,87,16,108,51,126,75,14" hai2="113,47,131,91,133,57,96,40,31,22,101,68,89" hai3="6,72,25,55,79,127,35,63,43,27,18,88,7"/><T65/><D105/><U81/><E108/><V134/><F68/><W129/><G129/><T123/><D32/><U11/><E126/><V13/><F113/><W85/><G127/><T74/><D74/><U115/><E33/><V5/><F57/><N who="0" m="22122" /><D123/><U26/><E107/><V52/><F5/><W54/><G79/><T49/><D86/><U60/><E60/><V93/><F131/><W53/><G72/><T2/><D19/><U0/><E0/><V114/><F114/><W8/><G43/><N who="0" m="24735" /><D10/><U112/><E112/><V100/><F31/><W9/><G35/><T77/><D77/><U111/><E111/><V36/><F22/><N who="3" m="13527" /><G27/><T76/><D76/><U12/><E115/><V102/><F13/><W34/><G34/><T39/><D2/><U41/><E75/><V104/><F104/><W84/><G84/><T15/><D15/><U38/><E38/><V23/><F23/><W92/><G9/><T121/><D109/><U82/><REACH who="1" step="1"/><E14/><REACH who="1" ten="347,153,240,250" step="2"/><V24/><F24/><W67/><G8/><T106/><D106/><U61/><E61/><V48/><F36/><W71/><G7/><AGARI ba="1,1" hai="7,11,12,16,20,26,41,46,51,81,82,83,87,90" machi="7" ten="30,8000,1" yaku="1,1,7,1,8,1,54,1,53,1" doraHai="94" doraHaiUra="17" who="1" fromWho="3" sc="347,0,153,93,240,0,250,-83" /><INIT seed="1,0,0,0,3,25" ten="347,246,240,167" oya="1" hai0="59,132,14,94,7,15,41,51,48,95,34,81,30" hai1="96,16,38,118,134,68,108,76,21,113,92,23,97" hai2="17,22,112,63,131,121,52,120,124,79,70,122,111" hai3="65,55,2,114,40,53,47,89,128,119,37,84,87"/><U109/><E113/><V24/><F112/><W20/><G114/><T29/><D132/><U11/><E118/><V33/><F131/><W42/><G119/><T43/><D34/><U57/><E68/><V80/><F124/><W60/><G128/><T27/><D27/><U100/><E134/><V104/><F104/><W19/><G84/><T99/><D81/><U73/><E38/><V46/><F111/><N who="1" m="42569" /><E76/><V133/><F133/><W13/><G42/><T72/><D72/><U88/><E73/><V54/><F33/><W116/><G2/><T126/><D126/><U0/><E57/><V36/><F36/><W85/><G85/><T12/><D59/><U77/><E77/><V10/><F46/><W39/><G39/><T107/><D107/><N who="1" m="63879" /><E0/><V135/><F135/><W26/><G13/><AGARI ba="0,0" hai="11,13,16,21,23,88,92,97" m="63879,42569" machi="13" ten="30,11600,0" yaku="14,1,10,1,54,2" doraHai="25" who="1" fromWho="3" sc="347,0,246,116,240,0,167,-116" /><INIT seed="1,1,0,4,5,29" ten="347,362,240,51" oya="1" hai0="123,75,68,41,114,84,33,125,1,32,66,5,27" hai1="17,90,40,51,10,26,111,62,58,38,82,132,112" hai2="15,109,14,69,48,45,4,30,108,70,116,93,47" hai3="6,20,13,42,46,91,122,74,133,96,97,31,80"/><U7/><E112/><V118/><F30/><W105/><G122/><T79/><D75/><U56/><E132/><V65/><F93/><W85/><G133/><T54/><D123/><U107/><E107/><V77/><F77/><W61/><G6/><T120/><D114/><U25/><E38/><V129/><F4/><W117/><G117/><T43/><D120/><U18/><E40/><V44/><F15/><W53/><G74/><T94/><D125/><U124/><E124/><V21/><F21/><W81/><G81/><T110/><D110/><N who="2" m="42602" /><F14/><W87/><G87/><T9/><D27/><U72/><E111/><V34/><F34/><W37/><G53/><T59/><D66/><N who="1" m="39239" /><E72/><V134/><F129/><W76/><G61/><T95/><D68/><N who="2" m="26218" /><F134/><W127/><G127/><T131/><D131/><U98/><E7/><V121/><F121/><W49/><G37/><T92/><D79/><U106/><E106/><V64/><F48/><W24/><G105/><T55/><D84/><N who="1" m="50455" /><E98/><V36/><F36/><W52/><G42/><T23/><D43/><U103/><E103/><V100/><F100/><W8/><G76/><T128/><D41/><U130/><E130/><V71/><F71/><W83/><REACH who="3" step="1"/><G80/><REACH who="3" ten="347,362,240,41" step="2"/><T11/><D128/><U126/><E126/><V28/><F65/><W99/><G99/><T22/><D55/><N who="1" m="32127" /><E18/><V60/><F28/><W89/><G89/><T2/><D2/><U50/><E50/><V102/><F102/><W19/><AGARI ba="1,1" hai="8,13,19,20,24,31,46,49,52,83,85,91,96,97" machi="19" ten="20,12000,2" yaku="1,1,0,1,7,1,25,2,8,1,54,1,53,0" doraHai="29" doraHaiUra="119" who="3" fromWho="3" sc="347,-31,362,-61,240,-31,41,133" /><INIT seed="2,0,0,4,1,44" ten="316,301,209,174" oya="2" hai0="42,35,39,116,87,53,34,92,69,120,28,106,58" hai1="21,15,126,105,77,6,72,99,2,22,93,80,49" hai2="50,70,114,88,16,62,19,52,103,41,110,101,129" hai3="45,48,71,94,76,26,98,38,81,24,75,78,13"/><V7/><F114/><W102/><G71/><T33/><D120/><U130/><E126/><V89/><F129/><W90/><G38/><T40/><D106/><U104/><E130/><V113/><F113/><W112/><G112/><T32/><D69/><U68/><E68/><V125/><F7/><W128/><G128/><T131/><D131/><U135/><E135/><V107/><F107/><W97/><G13/><T86/><D39/><U14/><E2/><V109/><F41/><W132/><G78/><T95/><D28/><U134/><E134/><V17/><F62/><W119/><G119/><T5/><D5/><U30/><E105/><V118/><F70/><W60/><G60/><T96/><D95/><U51/><E104/><V74/><F74/><W27/><G132/><T43/><N who="0" m="8192" /><DORA hai="79" /><T8/><D8/><U1/><E1/><V111/><F125/><W67/><G67/><T20/><D20/><U54/><E54/><V23/><F23/><W121/><G121/><T115/><D116/><U4/><E22/><V59/><F118/><W3/><G3/><T25/><D25/><U10/><E30/><V65/><F65/><W46/><G46/><T64/><D64/><U36/><E36/><V124/><F124/><W61/><G61/><T57/><D57/><U0/><E0/><V73/><F73/><W66/><G66/><T133/><D133/><U127/><E127/><V18/><N who="2" m="4096" /><DORA hai="63" /><V117/><F117/><W82/><G75/><T47/><D58/><U108/><E21/><V11/><F11/><W56/><G56/><T123/><D115/><U31/><E31/><RYUUKYOKU ba="0,0" sc="316,-10,301,-10,209,30,174,-10" hai2="50,52,59,88,89,101,103,109,110,111" /><INIT seed="2,1,0,4,2,53" ten="306,291,239,164" oya="2" hai0="32,35,105,96,107,50,135,38,28,92,94,6,12" hai1="30,130,129,90,10,4,103,14,111,114,73,51,71" hai2="42,0,36,131,44,39,115,37,63,31,27,60,56" hai3="70,1,110,79,8,15,100,74,72,80,64,117,106"/><V5/><F115/><W108/><G117/><T99/><D38/><U43/><E114/><V25/><F131/><W125/><G125/><T120/><D120/><U29/><E73/><V66/><F27/><W82/><G1/><T83/><D135/><U33/><E71/><V86/><F86/><W9/><G70/><T123/><D123/><U81/><E111/><N who="3" m="42538" /><G64/><T116/><D116/><U132/><E132/><V45/><F5/><W26/><G26/><T48/><D6/><U54/><E43/><N who="2" m="22631" /><F25/><W7/><G9/><T67/><D67/><U104/><E33/><N who="0" m="12873" /><D83/><N who="3" m="31785" /><G79/><T77/><D28/><U20/><E103/><V18/><F31/><W2/><G15/><T23/><D23/><U88/><E104/><N who="0" m="40009" /><D77/><U112/><E112/><V87/><F0/><W16/><G16/><T58/><D58/><N who="1" m="33119" /><E81/><V101/><F18/><W126/><G126/><T57/><D12/><U24/><E30/><V49/><F39/><W78/><G78/><T61/><D57/><U119/><E119/><V133/><F133/><W128/><G128/><AGARI ba="1,0" hai="4,10,14,20,24,29,88,90,128,129,130" m="33119" machi="128" ten="30,3900,0" yaku="19,1,52,1,54,1" doraHai="53" who="1" fromWho="3" sc="306,0,291,42,239,0,164,-42" /><INIT seed="3,0,0,5,4,41" ten="306,333,239,122" oya="3" hai0="87,67,66,17,115,123,91,27,68,18,11,5,74" hai1="44,53,94,51,33,105,39,38,69,77,52,57,34" hai2="113,64,26,117,62,20,90,116,29,101,103,93,6" hai3="75,60,86,100,130,72,126,36,46,92,40,45,10"/><W81/><G130/><T37/><D74/><U23/><E105/><V132/><F113/><W50/><G126/><T124/><D37/><U49/><E77/><V98/><F132/><W104/><G104/><T30/><D115/><U32/><E69/><V65/><F65/><W112/><G112/><T19/><D123/><U55/><E53/><V59/><REACH who="2" step="1"/><F6/><REACH who="2" ten="306,333,229,122" step="2"/><W99/><G60/><T106/><D124/><U120/><E120/><V127/><F127/><W73/><G10/><T31/><D68/><U129/><E129/><V83/><F83/><W28/><G28/><T70/><D70/><U122/><E122/><V47/><F47/><W48/><REACH who="3" step="1"/><G46/><REACH who="3" ten="306,333,229,112" step="2"/><T12/><D31/><U131/><E131/><V78/><F78/><AGARI ba="0,2" hai="36,40,45,48,50,72,73,75,78,81,86,92,99,100" machi="78" ten="40,12000,1" yaku="1,1,2,1,52,1,53,1" doraHai="41" doraHaiUra="97" who="3" fromWho="2" sc="306,0,333,0,229,-120,112,140" /><INIT seed="3,1,0,3,1,103" ten="306,333,109,252" oya="3" hai0="121,59,44,96,1,45,73,119,123,114,65,30,15" hai1="93,87,50,13,95,43,24,85,4,25,14,2,81" hai2="29,37,111,60,66,107,110,21,27,102,54,9,106" hai3="26,18,97,35,79,47,40,86,68,117,58,55,116"/><W112/><G112/><T32/><D1/><U109/><E109/><N who="2" m="41483" /><F102/><W126/><G126/><T38/><D119/><U36/><E36/><V61/><F37/><W17/><G68/><T28/><D73/><U88/><E2/><V51/><F9/><W72/><G72/><T76/><D114/><U12/><E4/><V11/><F11/><W5/><G5/><T8/><D32/><U104/><E104/><N who="2" m="39979" /><F66/><W108/><G97/><T91/><D76/><N who="1" m="46247" /><E95/><V130/><F130/><W135/><G108/><T128/><D128/><U78/><E78/><V69/><F69/><W100/><G100/><T10/><D38/><U74/><E74/><V31/><F31/><N who="0" m="11818" /><D10/><U89/><E89/><V42/><F42/><W56/><G79/><T53/><D65/><U57/><E43/><V134/><F134/><W105/><G105/><T101/><D123/><U122/><E122/><V80/><F80/><W64/><G64/><T7/><D101/><U19/><E19/><V133/><F133/><W62/><G18/><T120/><D121/><U124/><E124/><V70/><F70/><W22/><G35/><T94/><D120/><U23/><E23/><V129/><F129/><W75/><G135/><T46/><D46/><AGARI ba="1,0" hai="21,27,29,46,51,54,60,61" m="39979,41483" machi="46" ten="30,7700,0" yaku="14,1,52,3" doraHai="103" who="2" fromWho="0" sc="306,-80,333,0,109,80,252,0" /><INIT seed="4,0,0,2,1,6" ten="226,333,189,252" oya="0" hai0="111,39,122,88,91,116,107,15,1,134,2,42,40" hai1="0,3,131,84,13,112,23,65,71,28,37,90,68" hai2="83,77,80,51,97,53,121,29,49,59,64,82,126" hai3="32,55,43,46,66,118,20,50,36,133,125,26,78"/><T11/><D107/><U129/><E37/><V14/><F121/><W86/><G118/><T96/><D116/><U62/><E28/><V56/><F126/><W102/><G133/><T33/><D122/><U110/><E110/><V119/><F119/><W30/><G125/><T130/><D33/><U76/><E76/><V94/><F29/><W73/><G73/><T100/><D134/><U54/><E71/><V87/><F14/><W109/><G102/><T57/><D111/><U48/><E112/><V35/><F35/><W47/><G66/><T25/><D25/><U114/><E114/><V45/><F59/><W93/><G109/><T61/><D2/><U101/><E101/><V92/><F92/><W99/><G86/><T7/><D1/><U106/><E106/><V24/><F24/><W8/><G78/><T34/><D34/><U123/><E123/><V115/><F115/><W98/><G93/><N who="0" m="58383" /><D39/><U16/><E129/><V124/><F124/><W105/><G105/><T5/><D5/><U103/><E103/><N who="2" m="60855" /><F64/><W95/><G95/><T113/><D130/><U132/><E132/><V117/><F117/><W89/><G89/><N who="0" m="34379" /><D113/><U19/><E131/><V74/><F74/><W70/><G70/><T135/><D135/><U38/><E38/><V18/><F18/><W58/><G32/><T72/><D72/><U120/><E19/><V79/><F79/><W22/><G36/><T75/><D75/><U128/><E128/><V4/><F4/><W12/><G99/><T9/><D9/><U10/><E120/><V21/><F21/><W41/><G98/><T52/><AGARI ba="0,0" hai="7,11,15,40,42,52,57,61" m="34379,58383" machi="52" ten="30,12000,1" yaku="5,1,8,1,52,1,54,2" doraHai="6" who="0" fromWho="0" sc="226,120,333,-40,189,-40,252,-40" /><INIT seed="4,1,0,4,3,2" ten="346,293,149,212" oya="0" hai0="61,69,82,40,16,17,77,83,7,129,76,34,133" hai1="25,66,122,109,80,96,31,58,68,108,100,6,97" hai2="125,117,26,57,45,91,118,60,51,89,103,29,23" hai3="11,79,22,52,65,41,24,84,3,42,90,37,94"/><T102/><D34/><U63/><E122/><V53/><F125/><W123/><G123/><T38/><D133/><U10/><E80/><V121/><F121/><W27/><G65/><T132/><D132/><U85/><E85/><V87/><F103/><W19/><G37/><T36/><D129/><U33/><E96/><V44/><F44/><W99/><G27/><T105/><D102/><U116/><E58/><V64/><REACH who="2" step="1"/><F87/><REACH who="2" ten="346,293,139,212" step="2"/><W86/><G86/><T35/><D105/><N who="1" m="63631" /><E116/><AGARI ba="1,1" hai="23,26,29,45,51,53,57,60,64,89,91,116,117,118" machi="116" ten="40,5200,0" yaku="1,1,12,1,53,1" doraHai="2" doraHaiUra="47" who="2" fromWho="1" sc="346,0,293,-55,139,65,212,0" /><INIT seed="5,0,0,4,3,9" ten="346,238,204,212" oya="1" hai0="60,87,105,10,80,13,77,75,73,101,30,11,21" hai1="71,111,99,28,36,86,72,66,94,131,113,88,134" hai2="47,26,12,100,110,29,57,124,125,95,31,50,120" hai3="46,126,44,112,58,79,42,84,5,6,106,127,15"/><U45/><E113/><V128/><F110/><W40/><G106/><T55/><D105/><U109/><E72/><V64/><F120/><W52/><G112/><T20/><D101/><U39/><E131/><V116/><F116/><W107/><G107/><T3/><D3/><U8/><E134/><V22/><F31/><W7/><G84/><T103/><D103/><U130/><E130/><V91/><F128/><W81/><G81/><T67/><D67/><U38/><E28/><V35/><F100/><W4/><G79/><T93/><D93/><U92/><E45/><N who="3" m="17514" /><G127/><T118/><D75/><U24/><E24/><V121/><F121/><W96/><G96/><T25/><D25/><U117/><E117/><V37/><F37/><W69/><G69/><T90/><D77/><U108/><E8/><V51/><F125/><W98/><G98/><T33/><D33/><U70/><E66/><V63/><F124/><W53/><G53/><T16/><D73/><U14/><E14/><V68/><F68/><W0/><G0/><T115/><D115/><U76/><E76/><V2/><F2/><W122/><G122/><T132/><D132/><U135/><E135/><V27/><F27/><W54/><G54/><T61/><D118/><U85/><E85/><N who="2" m="52719" /><F47/><W104/><G104/><T48/><D48/><N who="2" m="18474" /><F35/><W32/><G32/><T82/><D82/><U133/><REACH who="1" step="1"/><E133/><REACH who="1" ten="346,228,204,212" step="2"/><V78/><F78/><W43/><G126/><T1/><D1/><U74/><E74/><V123/><F123/><W56/><G52/><T62/><D55/><U41/><E41/><V129/><F129/><W49/><G49/><RYUUKYOKU ba="0,1" sc="346,0,228,0,204,0,212,0" hai0="10,11,13,16,20,21,30,60,61,62,80,87,90" hai1="36,38,39,70,71,86,88,92,94,99,108,109,111" hai2="12,22,26,29,57,63,64" hai3="4,5,6,7,15,40,42,43,56,58" /><INIT seed="5,1,1,0,3,81" ten="346,228,204,212" oya="1" hai0="46,43,87,96,115,3,42,62,105,79,6,19,86" hai1="70,20,18,60,103,71,52,127,117,90,88,28,8" hai2="132,113,106,48,124,101,95,1,64,126,49,89,27" hai3="22,61,77,110,10,82,75,16,54,12,122,53,9"/><U68/><E117/><V58/><F1/><W120/><G110/><T51/><D115/><U116/><E116/><V114/><F27/><W7/><G10/><T38/><D3/><U59/><E127/><N who="2" m="48683" /><F132/><W129/><G129/><T109/><D6/><U98/><E28/><V91/><F106/><W73/><G73/><T118/><D118/><U121/><E8/><V97/><F64/><W17/><G17/><T107/><D109/><U25/><REACH who="1" step="1"/><E121/><REACH who="1" ten="346,218,204,212" step="2"/><V112/><F58/><W65/><G122/><T40/><D38/><U57/><E57/><V111/><F111/><W24/><G120/><T21/><D62/><U66/><E66/><V78/><F78/><W34/><G34/><T94/><D51/><AGARI ba="1,2" hai="48,49,51,89,91,95,97,101,112,113,114" m="48683" machi="51" ten="40,5200,0" yaku="15,1,11,1,18,1" doraHai="81" who="2" fromWho="0" sc="346,-55,218,0,204,75,212,0" /><INIT seed="6,0,0,5,5,46" ten="291,218,279,212" oya="2" hai0="14,126,92,89,45,107,117,69,120,57,38,27,13" hai1="113,128,118,54,98,56,125,51,123,124,75,35,21" hai2="101,50,65,25,19,47,17,62,81,72,102,127,61" hai3="15,20,130,129,90,36,135,18,80,122,60,96,106"/><V53/><F127/><W79/><G122/><T42/><D69/><U12/><E75/><V88/><F72/><W31/><G36/><T94/><D107/><U114/><E35/><V34/><F34/><W133/><G31/><T131/><D120/><U109/><E123/><V100/><F25/><W40/><G40/><T82/><D131/><N who="3" m="50185" /><G60/><N who="2" m="23145" /><F65/><W86/><G79/><T115/><D115/><N who="1" m="44043" /><E109/><V119/><F119/><W3/><G3/><T29/><D94/><U5/><E118/><V8/><F8/><W132/><G96/><T110/><D110/><U22/><E98/><V63/><F63/><W134/><N who="3" m="33792" /><DORA hai="77" /><W66/><G106/><T32/><D57/><U6/><E128/><V93/><F93/><W0/><G0/><T73/><D126/><N who="1" m="48747" /><E12/><V104/><F104/><W39/><G39/><T78/><D117/><U41/><E41/><V103/><F103/><W7/><G7/><AGARI ba="0,0" hai="5,6,7,21,22,51,54,56" m="48747,44043" machi="7" ten="30,3900,0" yaku="15,1,18,1,52,1" doraHai="46,77" who="1" fromWho="3" sc="291,0,218,39,279,0,212,-39" /><INIT seed="7,0,0,4,4,124" ten="291,257,279,173" oya="3" hai0="11,98,64,2,119,6,100,20,84,75,88,29,61" hai1="115,51,36,130,94,112,16,39,28,53,95,17,22" hai2="15,101,123,68,5,116,70,10,63,67,109,9,120" hai3="57,103,25,85,127,87,12,104,18,97,47,72,31"/><W7/><G127/><T83/><D119/><U66/><E28/><V73/><F116/><W121/><G121/><N who="2" m="46665" /><F109/><W78/><G7/><T79/><D20/><U48/><E66/><V128/><F128/><W111/><G111/><T118/><D29/><U24/><E53/><V43/><F73/><W35/><G57/><T86/><D88/><U65/><E65/><V81/><F101/><W0/><G0/><T132/><D132/><U3/><E22/><V96/><F96/><W19/><G19/><T113/><D113/><U32/><E24/><V56/><F81/><W14/><G14/><T76/><D76/><U108/><E108/><V21/><F43/><W13/><G13/><T105/><D118/><U8/><E3/><N who="2" m="191" /><F21/><W42/><G78/><T77/><D77/><U80/><E80/><V71/><F56/><AGARI ba="0,0" hai="2,6,11,56,61,64,75,79,83,84,86,98,100,105" machi="56" ten="30,1000,0" yaku="7,1" doraHai="124" who="0" fromWho="2" sc="291,10,257,0,279,-10,173,0" owari="301,40.0,257,-14.0,269,7.0,173,-33.0" /></mjloggm>