<mjloggm ver="2.3"><GO type="41" lobby="0"/><UN n0="%E2%93%9D%53%75%70%68%78" n1="%E9%AD%9A%E6%B2%BC%E7%94%A3%E3%82%B3%E3%82%B7%E3%83%92%E3%82%AB%E3%83%AA" n2="%4D%E5%B0%82%E5%8B%99" n3="%E3%81%95%E3%81%95%E3%81%BE%E3%82%8B%33%33" dan="18,15,15,14" rate="2134.55,2024.69,2054.30,2005.48" sx="M,M,M,M"/><TAIKYOKU oya="0"/><INIT seed="0,0,0,5,2,7" ten="250,250,250,250" oya="0" hai0="120,0,134,2,39,20,61,65,74,6,73,116,76" hai1="114,51,17,58,71,110,47,118,28,115,98,127,18" hai2="35,55,52,119,13,97,79,59,36,45,81,16,56" hai3="91,24,135,64,124,34,72,70,129,99,123,50,48"/><T23/><D116/><U15/><E71/><V21/><F35/><W3/><G3/><T68/><D120/><U85/><E118/><V31/><F31/><W90/><G72/><T121/><D121/><U66/><E28/><V9/><F119/><W104/><G50/><T132/><D39/><U19/><E98/><V38/><F97/><W26/><G26/><T89/><D89/><U94/><E127/><V8/><F38/><W111/><G48/><T130/><D130/><U63/><E110/><V92/><F92/><W33/><G24/><T88/><D88/><N who="1" m="53519" /><E114/><V75/><F55/><W102/><G90/><T60/><D6/><U100/><E100/><V53/><F53/><W82/><G91/><T14/><D68/><U95/><E95/><V106/><F59/><W49/><G102/><T80/><D65/><U101/><E101/><V11/><F106/><W42/><G64/><T96/><D96/><U133/><E133/><V32/><F32/><W67/><G99/><T12/><REACH who="0" step="1"/><D80/><REACH who="0" ten="240,250,250,250" step="2"/><U5/><E115/><V112/><F112/><W108/><G123/><T43/><D43/><N who="1" m="25087" /><E5/><V10/><F36/><W62/><G67/><T41/><D41/><U122/><E122/><V40/><F40/><W107/><G70/><T77/><AGARI ba="0,1" hai="0,2,12,14,20,23,60,61,73,74,76,77,132,134" machi="77" ten="25,9600,0" yaku="1,1,0,1,22,2,53,0" doraHai="7" doraHaiUra="44" who="0" fromWho="0" sc="240,106,250,-32,250,-32,250,-32" /><INIT seed="0,1,0,5,0,75" ten="346,218,218,218" oya="0" hai0="40,35,103,90,128,8,49,74,76,70,26,48,22" hai1="129,94,99,124,37,130,115,72,125,95,51,81,4" hai2="53,29,131,84,13,127,3,105,101,59,113,54,39" hai3="91,6,66,57,68,71,24,100,9,47,78,112,96"/><T30/><D70/><U12/><E37/><V11/><F3/><W45/><G112/><T20/><D103/><U10/><E51/><V97/><F113/><W132/><G91/><T27/><D128/><N who="1" m="49259" /><E115/><V43/><F131/><W50/><G47/><T73/><D35/><U14/><E99/><V21/><F127/><N who="1" m="48713" /><E14/><V79/><F43/><W107/><G24/><T17/><D40/><U52/><E52/><V110/><F39/><W5/><G96/><T23/><D49/><U133/><E133/><V122/><F122/><W89/><G132/><T36/><D48/><U121/><E121/><V92/><F54/><W62/><G50/><T0/><D36/><U25/><E25/><V120/><F53/><W61/><G45/><T93/><D27/><U38/><E38/><V87/><F120/><W109/><G66/><T16/><D26/><U135/><E135/><V98/><F13/><W114/><G114/><T116/><D0/><U63/><E63/><V60/><F60/><W111/><G62/><T67/><D67/><U83/><E83/><V56/><F56/><W80/><G57/><T2/><D2/><U33/><E33/><V134/><F59/><W106/><G61/><T34/><D34/><U18/><E18/><V19/><F19/><W77/><G68/><T119/><D17/><U32/><E32/><V104/><F98/><W65/><G71/><T85/><D16/><U44/><E44/><V42/><F97/><W28/><G65/><T82/><D23/><U117/><E117/><V1/><F134/><W41/><G41/><T15/><D119/><U58/><E58/><RYUUKYOKU ba="1,0" sc="346,-10,218,30,218,-10,218,-10" hai1="4,10,12,72,81,94,95" /><INIT seed="1,2,0,0,0,46" ten="336,248,208,208" oya="1" hai0="41,128,72,75,59,100,92,131,118,43,85,120,115" hai1="45,48,7,82,79,95,98,24,16,4,78,87,66" hai2="119,70,135,84,83,133,109,81,90,42,134,116,113" hai3="74,77,31,125,62,93,65,110,28,105,73,47,94"/><U80/><E66/><V25/><F70/><W107/><G47/><T38/><D115/><U124/><E124/><V18/><F42/><W104/><G125/><T2/><D2/><U36/><E36/><V67/><F67/><W51/><G65/><T99/><D118/><U3/><E3/><V88/><F113/><W63/><G110/><T35/><D35/><U40/><E24/><V54/><F109/><W58/><G58/><T44/><D43/><U69/><E69/><V122/><F122/><W108/><G108/><T6/><D6/><U17/><E7/><V127/><F127/><W26/><G26/><T112/><D112/><U23/><E4/><V129/><F54/><W39/><G77/><T64/><D85/><N who="1" m="48279" /><E23/><N who="2" m="13559" /><F129/><N who="0" m="49738" /><D120/><U101/><AGARI ba="2,0" hai="16,17,40,45,48,79,82,87,95,98,101" m="48279" machi="101" ten="30,6000,0" yaku="8,1,52,1,54,1" doraHai="46" who="1" fromWho="1" sc="336,-22,248,66,208,-22,208,-22" /><INIT seed="1,3,0,1,3,78" ten="314,314,186,186" oya="1" hai0="46,121,38,123,100,16,18,56,45,94,61,41,57" hai1="21,110,91,67,108,20,54,72,66,104,40,27,50" hai2="92,15,89,64,130,19,83,14,106,95,30,128,36" hai3="32,131,124,126,114,118,68,133,119,135,29,111,51"/><U71/><E104/><V97/><F106/><W88/><G68/><T35/><D35/><U60/><E67/><V125/><F36/><W103/><G103/><T102/><D94/><U127/><E127/><N who="3" m="48682" /><G32/><T90/><D90/><U122/><E122/><N who="0" m="46601" /><D57/><U70/><E70/><V25/><F125/><W47/><G29/><T10/><D46/><U9/><E9/><V84/><F64/><W13/><G114/><T55/><D10/><U96/><E40/><V22/><F95/><W132/><G13/><T62/><D62/><U80/><E96/><V81/><F14/><W86/><G111/><N who="1" m="42538" /><E27/><V77/><REACH who="2" step="1"/><F83/><REACH who="2" ten="314,314,176,186" step="2"/><N who="3" m="49247" /><G131/><T85/><D38/><U34/><E34/><AGARI ba="3,1" hai="15,19,22,25,30,34,77,81,84,89,92,97,128,130" machi="34" ten="40,5200,0" yaku="1,1,52,1,53,1" doraHai="78" doraHaiUra="79" who="2" fromWho="1" sc="314,0,314,-61,176,71,186,0" /><INIT seed="2,0,0,2,1,122" ten="314,253,247,186" oya="2" hai0="29,65,23,39,80,119,21,83,114,26,1,110,129" hai1="86,24,51,12,69,124,52,133,68,81,118,63,6" hai2="109,61,94,92,105,53,7,30,35,70,100,0,50" hai3="25,90,49,34,131,127,17,77,38,41,44,73,47"/><V128/><F128/><W10/><G131/><T97/><D114/><U58/><E118/><V126/><F126/><W4/><G127/><T62/><D1/><U99/><E133/><V72/><F72/><W33/><G90/><T125/><D39/><U103/><E24/><N who="2" m="18887" /><F7/><W40/><G17/><T2/><D2/><U106/><E124/><V98/><F0/><N who="3" m="263" /><G25/><T48/><D119/><U43/><E12/><V93/><F50/><W88/><G88/><T19/><D48/><U134/><E6/><V27/><F27/><W20/><G20/><T46/><D23/><U111/><E111/><V56/><F109/><W123/><G123/><T102/><D110/><U95/><E106/><V42/><F42/><W130/><G130/><T116/><D116/><U101/><E101/><V64/><F53/><W78/><G78/><T18/><D129/><U132/><E69/><V59/><AGARI ba="0,0" hai="56,59,61,64,70,92,93,94,98,100,105" m="18887" machi="59" ten="30,1500,0" yaku="25,1" doraHai="122" who="2" fromWho="2" sc="314,-5,253,-5,247,15,186,-5" /><INIT seed="2,1,0,2,3,81" ten="309,248,262,181" oya="2" hai0="121,109,58,118,55,127,112,50,31,5,79,24,120" hai1="47,101,116,128,98,124,63,126,125,133,2,10,39" hai2="96,111,18,25,78,48,17,46,119,67,94,40,16" hai3="114,70,77,66,34,80,73,75,7,26,33,106,23"/><V122/><F122/><W3/><G106/><T105/><D112/><U51/><E2/><V49/><F119/><W0/><G75/><T84/><D109/><U1/><E1/><V59/><F111/><W65/><G65/><T95/><D127/><U4/><E116/><V43/><F78/><W87/><G73/><T53/><D105/><U29/><E29/><V14/><F25/><W132/><G132/><T86/><D118/><U91/><E39/><V130/><F130/><W52/><G0/><T35/><D5/><U117/><E117/><V108/><F108/><W92/><G66/><T19/><D19/><U61/><E10/><V41/><F14/><W82/><G70/><T76/><D95/><U27/><E27/><V113/><F113/><W97/><G82/><T21/><D35/><U72/><E4/><V99/><F99/><W38/><G38/><T71/><D71/><U42/><E133/><V83/><F83/><W15/><G15/><T56/><D121/><U60/><E72/><V115/><F115/><W110/><G110/><T22/><D120/><U28/><E28/><V54/><REACH who="2" step="1"/><F67/><REACH who="2" ten="309,248,252,181" step="2"/><W44/><G114/><T88/><D79/><U74/><E128/><V134/><F134/><W103/><G3/><T69/><D76/><U85/><E74/><V129/><F129/><W102/><G102/><AGARI ba="1,1" hai="16,17,18,40,41,43,46,48,49,54,59,94,96,102" machi="102" ten="40,7700,0" yaku="1,1,8,1,54,1,53,0" doraHai="81" doraHaiUra="11" who="2" fromWho="3" sc="309,0,248,0,252,90,181,-80" /><INIT seed="2,2,0,4,0,41" ten="309,248,342,101" oya="2" hai0="61,65,104,34,47,10,75,105,14,80,36,86,7" hai1="74,98,127,46,79,4,92,64,63,58,110,24,81" hai2="73,68,134,87,103,2,11,76,0,102,88,117,66" hai3="119,113,48,19,57,20,111,124,85,55,114,25,101"/><V60/><F117/><W39/><G39/><T56/><D75/><U83/><E110/><V89/><F134/><W59/><G119/><T13/><D34/><U123/><E127/><V31/><F31/><W32/><G32/><T96/><D96/><U125/><E125/><V35/><F35/><W22/><G124/><T23/><D14/><U106/><E123/><V44/><F89/><W100/><G111/><T95/><D95/><U82/><E4/><V1/><F11/><W70/><G70/><T67/><D67/><U43/><E24/><V135/><F135/><W29/><G85/><T91/><REACH who="0" step="1"/><D23/><REACH who="0" ten="299,248,342,101" step="2"/><U84/><E106/><V93/><F73/><W28/><G114/><T50/><D50/><N who="1" m="26975" /><E74/><V129/><F129/><W9/><G113/><T116/><D116/><U122/><E122/><V69/><F69/><W42/><G9/><T53/><D53/><U109/><E109/><V132/><F132/><W40/><G42/><AGARI ba="2,1" hai="7,10,13,36,42,47,56,61,65,80,86,91,104,105" machi="42" ten="40,2600,0" yaku="1,1,52,1,53,0" doraHai="41" doraHaiUra="45" who="0" fromWho="3" sc="299,42,248,0,342,0,101,-32" /><INIT seed="3,0,0,2,0,86" ten="341,248,342,69" oya="3" hai0="63,88,19,66,13,128,97,98,74,81,71,29,67" hai1="105,57,51,24,99,80,122,103,23,53,10,107,114" hai2="46,18,32,64,30,54,96,106,124,9,36,113,33" hai3="38,102,118,116,15,14,120,79,20,101,11,50,93"/><W104/><G120/><T76/><D128/><U43/><E114/><V135/><F113/><W27/><G38/><T49/><D67/><U72/><E122/><V58/><F135/><W123/><G123/><T85/><D29/><U12/><E107/><V26/><F33/><W16/><G104/><T83/><REACH who="0" step="1"/><D49/><REACH who="0" ten="331,248,342,69" step="2"/><U95/><E105/><V55/><F64/><W5/><G118/><T87/><D87/><U90/><E72/><V2/><F36/><W61/><G116/><T100/><D100/><U125/><E125/><V94/><F124/><W47/><G79/><T31/><D31/><U17/><E43/><V112/><F112/><W39/><G39/><T115/><D115/><U62/><E51/><V22/><F106/><W70/><G70/><T41/><D41/><U73/><E73/><V126/><F126/><W108/><G108/><T69/><D69/><U6/><E80/><V121/><F121/><W56/><G93/><T42/><D42/><U4/><REACH who="1" step="1"/><E103/><REACH who="1" ten="331,238,342,69" step="2"/><V34/><F54/><N who="3" m="30047" /><G102/><T25/><D25/><U68/><E68/><V91/><F46/><W8/><G101/><T45/><D45/><U48/><E48/><V35/><F55/><N who="3" m="33951" /><G27/><T109/><D109/><U37/><E37/><V119/><F119/><W44/><G44/><T129/><D129/><U3/><E3/><V28/><F58/><W92/><G92/><T7/><D7/><AGARI ba="0,2" hai="4,6,7,10,12,17,23,24,53,57,62,90,95,99" machi="7" ten="30,12000,2" yaku="1,1,7,1,25,2,8,1,52,1,53,0" doraHai="86" doraHaiUra="65" who="1" fromWho="0" sc="331,-120,238,140,342,0,69,0" /><INIT seed="4,0,0,5,0,21" ten="211,378,342,69" oya="0" hai0="70,16,31,115,84,62,49,109,28,1,80,61,13" hai1="79,112,59,36,128,18,46,88,76,55,100,19,47" hai2="124,2,77,50,71,82,130,81,22,132,104,30,103" hai3="117,4,45,105,38,75,44,9,66,120,101,15,119"/><T12/><D1/><U78/><E36/><V83/><F124/><W41/><G120/><T86/><D115/><U69/><E69/><V74/><F71/><W108/><G108/><T133/><D70/><U48/><E128/><V126/><F126/><W0/><G66/><T102/><D133/><U11/><E100/><V106/><F2/><W24/><G44/><N who="1" m="16938" /><E112/><V25/><F130/><W114/><G114/><T63/><D102/><U99/><E11/><V96/><F106/><W95/><G95/><AGARI ba="0,0" hai="18,19,48,55,59,76,78,79,88,95,99" m="16938" machi="95" ten="30,2000,0" yaku="8,1,54,1" doraHai="21" who="1" fromWho="3" sc="211,0,378,20,342,0,69,-20" /><INIT seed="5,0,0,5,5,58" ten="211,398,342,49" oya="1" hai0="46,64,15,71,79,8,83,18,45,54,116,25,35" hai1="72,34,67,77,95,3,9,23,86,22,38,90,107" hai2="60,14,16,123,20,17,62,52,120,6,7,10,111" hai3="0,24,92,57,13,103,106,55,74,91,47,41,133"/><U59/><E34/><V53/><F111/><W70/><G0/><T80/><D116/><U11/><E38/><V27/><F123/><W5/><G70/><T119/><D119/><U32/><E32/><V108/><F108/><W63/><G74/><T101/><D101/><U118/><E118/><V130/><F130/><W2/><G2/><T84/><D71/><U48/><E107/><V51/><F120/><W29/><G133/><T61/><D64/><U31/><E3/><V21/><F53/><W40/><G106/><T124/><D124/><U135/><E135/><V93/><F93/><W125/><G103/><T76/><D25/><U75/><E75/><V94/><F94/><W131/><G131/><T117/><D35/><U115/><E115/><V128/><F128/><W99/><G125/><T30/><D30/><U56/><E72/><V43/><F43/><W44/><G13/><T88/><D117/><U1/><E1/><V114/><F114/><W69/><G5/><N who="2" m="1545" /><F10/><N who="1" m="3593" /><E31/><V78/><F78/><N who="0" m="29738" /><D83/><U37/><E37/><V81/><F81/><W112/><G112/><T121/><D121/><U73/><E73/><V134/><F134/><W109/><G109/><T126/><D126/><U19/><E19/><V110/><F110/><W33/><REACH who="3" step="1"/><G69/><REACH who="3" ten="211,398,342,39" step="2"/><T87/><D87/><U85/><E86/><V26/><F14/><W129/><G129/><T127/><D127/><U36/><E85/><V50/><F50/><W100/><G100/><T122/><D122/><U39/><E48/><V105/><F105/><W4/><G4/><T49/><D49/><U82/><E39/><V66/><F51/><RYUUKYOKU ba="0,1" sc="211,15,398,-15,342,-15,39,15" hai0="8,15,18,45,46,54,61,80,84,88" hai3="24,29,33,40,41,44,47,55,57,63,91,92,99" /><INIT seed="6,1,1,3,4,12" ten="226,383,327,54" oya="2" hai0="65,135,53,31,129,107,27,16,69,75,4,1,130" hai1="104,67,76,121,64,61,81,85,106,87,108,79,7" hai2="6,97,35,19,123,68,71,95,120,102,36,21,15" hai3="51,20,8,58,127,60,113,62,18,111,117,11,37"/><V93/><F35/><W57/><G111/><T43/><D75/><U28/><E108/><V105/><F36/><W99/><G37/><T133/><D53/><U45/><E121/><V33/><F33/><W40/><G127/><T23/><D43/><U2/><E28/><V54/><F120/><W14/><G117/><T30/><D107/><U13/><E2/><V98/><F123/><W38/><G113/><T103/><D103/><U32/><E32/><V10/><F54/><W96/><G38/><T24/><D65/><U100/><E100/><V112/><F112/><W118/><G118/><T47/><D69/><U49/><E67/><V89/><REACH who="2" step="1"/><F105/><REACH who="2" ten="226,383,317,54" step="2"/><W72/><G72/><T109/><D109/><U91/><E106/><V5/><F5/><W41/><G51/><T74/><D74/><U9/><E104/><V70/><F70/><W92/><G41/><T34/><D47/><U88/><E64/><V131/><F131/><N who="0" m="50186" /><D31/><U124/><E124/><V86/><F86/><W39/><G40/><T125/><D125/><U80/><E61/><V128/><F128/><W46/><G39/><T3/><D4/><U82/><E82/><V56/><F56/><N who="3" m="21611" /><G46/><T66/><D66/><U78/><E79/><V22/><F22/><W0/><G0/><AGARI ba="1,2" hai="0,1,3,16,23,24,27,30,34,133,135" m="50186" machi="0" ten="30,8000,1" yaku="19,1,34,2,52,1,54,1" doraHai="12" who="0" fromWho="3" sc="226,103,383,0,317,0,54,-83" /><AGARI ba="1,0" hai="0,6,10,15,19,21,68,71,89,93,95,97,98,102" machi="0" ten="30,5800,0" yaku="1,1,7,1,52,1,53,0" doraHai="12" doraHaiUra="42" who="2" fromWho="3" sc="329,0,383,0,317,58,-29,-58" owari="329,-7.0,383,48.0,375,18.0,-87,-59.0" /></mjloggm>