<mjloggm ver="2.3"><GO type="41" lobby="0"/><UN n0="%69%64%32%6B%61%69%6D%65" n1="%E3%81%9F%E3%81%94%E3%81%AE%E3%81%86%E3%82%89" n2="%47%32%E9%BE%8D%E9%96%80" n3="%E2%93%9D%53%75%70%68%78" dan="14,14,15,16" rate="1918.01,1942.77,1944.29,2084.76" sx="M,M,M,M"/><TAIKYOKU oya="0"/><INIT seed="0,0,0,2,1,9" ten="250,250,250,250" oya="0" hai0="46,72,87,59,18,121,23,60,31,29,82,90,91" hai1="22,61,53,74,41,85,24,39,86,26,123,17,79" hai2="73,44,67,75,80,98,36,108,117,124,93,19,122" hai3="16,68,14,70,78,10,42,106,62,125,104,92,115"/><T118/><D121/><U99/><E123/><V119/><F122/><W50/><G115/><T89/><D72/><U100/><E41/><V114/><F67/><W120/><G120/><T129/><D46/><U43/><E43/><V38/><F114/><W128/><G128/><T48/><D48/><U55/><E39/><V102/><F108/><W13/><G125/><T2/><D2/><U1/><E1/><V57/><F124/><W6/><G78/><T54/><D129/><U52/><E61/><V56/><F44/><W11/><G92/><T28/><D118/><U131/><E131/><V110/><F110/><W8/><G8/><T7/><D7/><U103/><E103/><V135/><F19/><W113/><G113/><T132/><REACH who="0" step="1"/><D132/><REACH who="0" ten="240,250,250,250" step="2"/><U47/><E47/><V15/><F75/><W66/><G70/><T83/><D83/><U34/><E74/><V0/><F80/><W69/><G69/><T65/><D65/><U88/><E79/><V21/><F0/><W96/><G96/><T63/><D63/><U33/><E86/><V77/><F135/><W116/><G116/><T81/><D81/><U84/><E85/><V37/><F77/><W58/><REACH who="3" step="1"/><G42/><REACH who="3" ten="240,250,250,240" step="2"/><T127/><D127/><U94/><REACH who="1" step="1"/><E26/><AGARI ba="0,2" hai="18,23,26,28,29,31,54,59,60,82,87,89,90,91" machi="26" ten="40,3900,0" yaku="1,1,8,1,53,0" doraHai="9" doraHaiUra="35" who="0" fromWho="1" sc="240,59,250,-39,250,0,240,0" /><INIT seed="0,1,0,3,3,35" ten="299,211,250,240" oya="0" hai0="37,48,15,1,28,34,54,134,123,99,75,16,85" hai1="50,56,112,68,135,36,129,47,69,95,2,126,79" hai2="72,61,24,45,106,124,116,46,100,110,96,25,101" hai3="31,19,132,109,131,104,73,22,78,91,120,44,77"/><T62/><D37/><U20/><E79/><V98/><F110/><W59/><G104/><T133/><D75/><U84/><E84/><V52/><F72/><W57/><G109/><T49/><D123/><U70/><E95/><V0/><F124/><W76/><G131/><T107/><D107/><U97/><E97/><V66/><F116/><W26/><G132/><N who="0" m="50795" /><D99/><U125/><E20/><V111/><F111/><W29/><G120/><T80/><D62/><U81/><E81/><V3/><F106/><W92/><G44/><N who="0" m="27911" /><D49/><U10/><E135/><V122/><F52/><W63/><G73/><T71/><D28/><N who="3" m="10825" /><G63/><T60/><D60/><U105/><E36/><V102/><F122/><W115/><G115/><T103/><D103/><U83/><E112/><V58/><F46/><W89/><G89/><N who="0" m="51367" /><D71/><U87/><E129/><V23/><F45/><W93/><G93/><T9/><D34/><U114/><E114/><V119/><F119/><W86/><AGARI ba="1,0" hai="19,22,26,57,59,76,77,78,86,91,92" m="10825" machi="86" ten="30,1100,0" yaku="8,1" doraHai="35" who="3" fromWho="3" sc="299,-6,211,-4,250,-4,240,14" /><INIT seed="1,0,0,1,3,41" ten="293,207,246,254" oya="1" hai0="97,113,82,93,116,20,92,103,130,98,11,126,122" hai1="127,22,49,86,131,50,43,123,2,83,79,120,64" hai2="38,77,87,5,91,3,25,96,54,129,1,119,89" hai3="40,9,81,30,128,32,105,110,16,117,109,102,10"/><U76/><E127/><V74/><F119/><W69/><G69/><T8/><D113/><U46/><E131/><V100/><F38/><W114/><G105/><T67/><D116/><U88/><E2/><V75/><F129/><W39/><G102/><T132/><D126/><U115/><E115/><V13/><F25/><W121/><G81/><T85/><D130/><U135/><E135/><V29/><F29/><W0/><G40/><T101/><D132/><U4/><E4/><V112/><F112/><W62/><G62/><T17/><D67/><U56/><E22/><V66/><F66/><W80/><G80/><T72/><D72/><U12/><E12/><V6/><F54/><W26/><G39/><T71/><D71/><U55/><REACH who="1" step="1"/><E64/><REACH who="1" ten="293,197,246,254" step="2"/><V33/><F5/><W94/><G0/><T7/><D7/><U59/><E59/><V58/><F13/><W111/><G114/><T65/><D65/><U84/><E84/><V36/><F6/><W118/><G128/><T134/><D134/><U60/><E60/><V27/><F58/><W42/><G118/><T19/><D122/><AGARI ba="0,1" hai="43,46,49,50,55,56,76,79,83,86,88,120,122,123" machi="122" ten="40,7700,0" yaku="1,1,52,1,54,1,53,0" doraHai="41" doraHaiUra="14" who="1" fromWho="0" sc="293,-77,197,87,246,0,254,0" /><INIT seed="1,1,0,1,4,21" ten="216,284,246,254" oya="1" hai0="125,23,110,47,35,129,79,25,68,61,67,100,78" hai1="6,0,43,128,15,81,112,65,40,120,135,122,11" hai2="8,117,116,60,42,102,83,91,109,26,93,34,28" hai3="108,29,133,77,45,134,27,54,124,118,2,7,86"/><U14/><E112/><V56/><F109/><W1/><G108/><T94/><D110/><U31/><E135/><N who="3" m="51722" /><G124/><T71/><D125/><U12/><E128/><V63/><F42/><W49/><G7/><T99/><D35/><U114/><E114/><V101/><F83/><N who="3" m="47471" /><G118/><T92/><D129/><U132/><E65/><V59/><F8/><W123/><G123/><T5/><D5/><U44/><E132/><V130/><F130/><W32/><AGARI ba="1,0" hai="1,2,27,29,32,45,49,54" m="47471,51722" machi="32" ten="30,2000,0" yaku="20,1,52,1" doraHai="21" who="3" fromWho="3" sc="216,-6,284,-11,246,-6,254,23" /><INIT seed="2,0,0,3,3,75" ten="210,273,240,277" oya="2" hai0="68,82,73,109,21,127,23,44,49,14,133,98,59" hai1="89,37,84,55,88,46,7,105,90,43,100,115,9" hai2="97,72,3,91,106,1,50,54,40,120,128,2,95" hai3="135,38,61,122,124,62,25,111,56,53,76,69,132"/><V36/><F120/><W108/><G25/><T78/><D68/><U51/><E115/><V16/><F128/><W33/><G33/><T119/><D109/><N who="3" m="42057" /><G76/><T103/><D119/><U118/><E118/><V79/><F106/><W117/><G117/><T12/><D133/><N who="3" m="51273" /><G124/><T66/><D127/><U71/><E71/><V35/><F35/><W85/><G85/><T64/><D23/><U92/><E100/><V113/><F113/><W126/><G126/><T45/><D44/><U22/><E22/><V129/><F129/><W94/><G94/><T107/><D59/><U83/><E92/><V47/><F16/><W57/><G38/><T121/><D121/><U17/><E17/><V101/><F101/><W48/><G122/><T52/><REACH who="0" step="1"/><D21/><REACH who="0" ten="200,273,240,277" step="2"/><U110/><E110/><V24/><F24/><W125/><G125/><T42/><D42/><U112/><E112/><V19/><F40/><W65/><G62/><T86/><D86/><U41/><E37/><V104/><F36/><W8/><G8/><T134/><D134/><U29/><E9/><V74/><F74/><W15/><G15/><AGARI ba="0,1" hai="12,14,15,45,49,52,64,66,73,78,82,98,103,107" machi="15" ten="40,5200,0" yaku="1,1,52,1,54,1,53,0" doraHai="75" doraHaiUra="4" who="0" fromWho="3" sc="200,62,273,0,240,0,277,-52" /><INIT seed="3,0,0,2,3,130" ten="262,273,240,225" oya="3" hai0="11,39,2,104,27,96,1,43,46,76,37,18,6" hai1="128,20,22,72,52,45,80,82,69,14,108,126,103" hai2="32,13,122,102,40,115,114,87,88,101,53,47,84" hai3="23,118,29,110,66,28,79,117,77,94,48,41,67"/><W90/><G110/><T86/><D104/><U111/><E69/><V42/><F32/><W8/><G8/><T75/><D96/><U16/><E128/><V100/><F122/><W26/><G118/><T5/><D86/><U132/><E103/><V131/><F131/><W109/><G29/><T105/><D105/><U61/><E126/><V55/><F13/><W78/><G109/><N who="1" m="42058" /><E72/><V38/><F40/><W63/><G117/><T92/><D92/><U116/><E132/><V113/><REACH who="2" step="1"/><F84/><REACH who="2" ten="262,273,230,225" step="2"/><N who="3" m="52551" /><G63/><T44/><D27/><U127/><E116/><V50/><F50/><W119/><G119/><T24/><D6/><U74/><E61/><V134/><F134/><W62/><G62/><T70/><D70/><U54/><E127/><V71/><F71/><W98/><G98/><T133/><D2/><U95/><E14/><V19/><F19/><W57/><G41/><N who="0" m="22575" /><D18/><U89/><E16/><V12/><F12/><W33/><G33/><T0/><D24/><U129/><E129/><V112/><N who="2" m="28672" /><DORA hai="120" /><V97/><F97/><W135/><G135/><T56/><D1/><U36/><E36/><V15/><F15/><W49/><G49/><T31/><D31/><U123/><E123/><V81/><AGARI ba="0,1" hai="38,42,47,53,55,81,87,88,100,101,102" m="28672" machi="81" ten="60,7900,0" yaku="1,1,0,1,54,1,53,0" doraHai="130,120" doraHaiUra="30,25" who="2" fromWho="2" sc="262,-20,273,-20,230,89,225,-39" /><INIT seed="4,0,0,0,5,40" ten="242,253,319,186" oya="0" hai0="93,103,4,14,21,24,80,91,68,22,131,134,128" hai1="45,123,111,8,10,35,105,74,79,0,114,83,87" hai2="110,18,23,11,133,115,76,38,37,132,127,60,39" hai3="125,98,84,100,129,57,92,43,122,34,2,119,124"/><T61/><D134/><N who="2" m="51818" /><F110/><W42/><G34/><T55/><D103/><U104/><E123/><V51/><F115/><W44/><G2/><T15/><D80/><U53/><E35/><V59/><F127/><N who="3" m="48715" /><G43/><T130/><D4/><U48/><E111/><V94/><F76/><W113/><G119/><T69/><D22/><U5/><E114/><V107/><F107/><W62/><G129/><T85/><D69/><U46/><E10/><V6/><F94/><W9/><G9/><T102/><D102/><U106/><REACH who="1" step="1"/><E45/><REACH who="1" ten="242,243,319,186" step="2"/><V49/><F11/><W71/><G122/><T12/><D68/><U3/><E3/><V20/><F23/><W70/><G113/><T99/><D99/><U19/><E19/><V56/><F18/><W33/><G33/><T16/><D61/><U28/><E28/><V117/><F20/><W101/><G71/><T90/><D90/><U135/><E135/><V97/><F97/><W82/><G70/><T67/><D67/><U120/><E120/><V25/><F60/><W109/><G109/><T81/><D81/><U86/><AGARI ba="0,1" hai="0,5,8,46,48,53,74,79,83,86,87,104,105,106" machi="86" ten="40,8000,1" yaku="1,1,0,1,52,1,53,1" doraHai="40" doraHaiUra="75" who="1" fromWho="1" sc="242,-40,243,90,319,-20,186,-20" /><INIT seed="5,0,0,1,1,61" ten="202,333,299,166" oya="1" hai0="66,112,8,24,79,54,114,7,11,33,6,127,3" hai1="48,25,63,59,113,85,119,40,44,68,78,100,58" hai2="55,83,16,117,74,93,110,5,89,99,132,62,10" hai3="19,77,0,1,76,65,131,106,97,95,53,36,104"/><U111/><E119/><V71/><F117/><W4/><G36/><T20/><D79/><U133/><E133/><V26/><F110/><W34/><G34/><T57/><D54/><U107/><E113/><N who="0" m="43625" /><D127/><U56/><E107/><V108/><F108/><W23/><G131/><T18/><D33/><U72/><E72/><V81/><F74/><W51/><G106/><T69/><D57/><U28/><E100/><V82/><F132/><W46/><G104/><T17/><D17/><U120/><E120/><V31/><F71/><W15/><G1/><N who="0" m="79" /><D69/><U64/><E111/><V43/><F43/><W116/><G116/><T35/><D35/><U9/><E9/><V96/><F31/><W90/><G0/><T103/><D103/><U13/><E13/><V102/><F55/><W47/><G4/><T38/><D38/><U32/><E68/><V73/><F102/><W109/><G109/><T92/><D92/><U37/><E37/><V2/><F93/><W135/><G135/><T30/><D30/><U91/><E78/><N who="3" m="30314" /><G47/><T124/><D124/><U101/><E101/><V121/><F73/><W49/><G49/><T12/><D66/><AGARI ba="0,0" hai="15,19,23,46,51,53,65,66,90,95,97" m="30314" machi="66" ten="30,3900,0" yaku="8,1,52,2" doraHai="61" who="3" fromWho="0" sc="202,-39,333,0,299,0,166,39" /><INIT seed="6,0,0,1,5,61" ten="163,333,299,205" oya="2" hai0="65,34,104,19,24,75,102,89,130,110,40,32,108" hai1="106,39,79,37,16,52,121,31,111,33,135,22,87" hai2="107,20,71,133,81,1,8,50,93,131,80,69,12" hai3="118,126,57,117,116,122,68,11,53,98,125,86,47"/><V91/><F107/><W38/><G98/><T128/><D40/><U35/><E106/><V3/><F133/><W43/><G86/><T13/><D75/><U83/><E111/><V70/><F131/><N who="0" m="50218" /><D89/><U77/><E79/><V49/><F20/><W99/><G99/><T29/><D102/><U58/><E31/><V115/><F115/><W42/><G11/><N who="0" m="6591" /><D104/><U114/><E121/><V28/><F28/><W55/><G68/><T96/><D96/><U36/><E135/><V123/><F123/><W26/><G122/><T6/><D6/><U60/><E114/><V62/><F80/><W14/><G43/><T30/><D65/><U25/><AGARI ba="0,0" hai="16,22,25,33,35,36,37,39,52,58,60,77,83,87" machi="25" ten="30,4000,0" yaku="0,1,54,2" doraHai="61" who="1" fromWho="1" sc="163,-10,333,40,299,-20,205,-10" /><INIT seed="7,0,0,5,4,70" ten="153,373,279,195" oya="3" hai0="57,110,112,50,99,93,67,131,91,69,15,60,14" hai1="100,9,19,107,133,20,44,105,7,104,68,42,88" hai2="30,55,123,49,132,95,92,43,80,34,32,85,1" hai3="128,27,113,125,46,124,103,40,6,106,0,87,118"/><W111/><G118/><T22/><D110/><U38/><E68/><V98/><F1/><W18/><G113/><T10/><D131/><U63/><E63/><V58/><F132/><W83/><G128/><T41/><D112/><U86/><E100/><V134/><F134/><W56/><G56/><T13/><D22/><U3/><E107/><V66/><F66/><W73/><G111/><T54/><REACH who="0" step="1"/><D41/><REACH who="0" ten="143,373,279,195" step="2"/><U76/><E133/><V77/><F43/><W23/><G125/><T11/><AGARI ba="0,1" hai="10,11,13,14,15,50,54,57,60,67,69,91,93,99" machi="11" ten="30,4000,0" yaku="1,1,2,1,0,1,53,0" doraHai="70" doraHaiUra="79" who="0" fromWho="0" sc="143,50,373,-10,279,-10,195,-20" owari="193,-21.0,363,46.0,269,7.0,175,-32.0" /></mjloggm>