<mjloggm ver="2.3"><GO type="41" lobby="0"/><UN n0="%E3%81%AB%E3%81%98%E3%82%85%E3%81%86%E3%81%94" n1="%E9%8A%80%E6%99%82%E8%A8%88" n2="%E2%93%9D%53%75%70%68%78" n3="%EF%BC%88%E3%83%BD%C2%B4%E3%82%93%60%EF%BC%89" dan="14,14,18,16" rate="1908.42,1956.41,2130.95,2029.48" sx="F,M,M,M"/><TAIKYOKU oya="0"/><INIT seed="0,0,0,2,2,80" ten="250,250,250,250" oya="0" hai0="34,38,86,69,120,81,53,77,19,76,128,60,12" hai1="72,62,135,9,125,23,30,63,98,123,7,109,18" hai2="58,2,95,115,48,0,106,82,117,91,133,57,20" hai3="24,114,35,102,127,13,134,42,89,27,110,70,85"/><T112/><D38/><U90/><E123/><V96/><F115/><W92/><G114/><T40/><D34/><U100/><E72/><V29/><F106/><W118/><G118/><T130/><D40/><U55/><E109/><V52/><F133/><W93/><G70/><T49/><D112/><U51/><E125/><V68/><F68/><W122/><G122/><T14/><D120/><U99/><E30/><V113/><F117/><W11/><G110/><T87/><D60/><U22/><E18/><V37/><F37/><W97/><G134/><T59/><D69/><U83/><E9/><V131/><F131/><N who="0" m="50218" /><D19/><U54/><E83/><AGARI ba="0,0" hai="12,14,49,53,59,76,77,81,83,86,87" m="50218" machi="83" ten="30,5800,0" yaku="19,1,52,2" doraHai="80" who="0" fromWho="1" sc="250,58,250,-58,250,0,250,0" /><INIT seed="0,1,0,5,0,70" ten="308,192,250,250" oya="0" hai0="40,114,16,32,3,80,19,5,69,111,56,47,55" hai1="34,46,41,124,118,45,95,112,105,64,6,14,106" hai2="125,104,49,134,84,18,82,8,127,51,122,102,90" hai3="15,77,94,96,27,43,92,24,26,97,25,1,61"/><T120/><D69/><U107/><E118/><V44/><F122/><W79/><G1/><T50/><D114/><U9/><E124/><N who="2" m="47691" /><F134/><W7/><G43/><T2/><D32/><U20/><E34/><V88/><F90/><W30/><G61/><T133/><D133/><U29/><E64/><V121/><F121/><W68/><G68/><T100/><D120/><U22/><E45/><V53/><F51/><W83/><G15/><T110/><D100/><U0/><E95/><V117/><F102/><W11/><G11/><T113/><D80/><U48/><E112/><V42/><F104/><W58/><G7/><T60/><D113/><U52/><E29/><V75/><F75/><W116/><G58/><T66/><D66/><U99/><E99/><V135/><F135/><W23/><G83/><T59/><D59/><U129/><E129/><V108/><F108/><N who="0" m="41514" /><D5/><U132/><E132/><V13/><F117/><W10/><G10/><T54/><D54/><AGARI ba="1,0" hai="8,13,18,42,44,49,53,54,82,84,88" m="47691" machi="54" ten="30,2000,0" yaku="18,1,54,1" doraHai="70" who="2" fromWho="0" sc="308,-23,192,0,250,23,250,0" /><INIT seed="1,0,0,1,0,43" ten="285,192,273,250" oya="1" hai0="119,129,15,109,79,106,53,126,31,107,32,78,9" hai1="56,22,19,87,67,54,91,92,26,57,68,62,75" hai2="10,51,5,69,88,17,41,121,120,105,76,117,127" hai3="132,118,94,55,96,84,27,45,7,123,65,0,90"/><U72/><REACH who="1" step="1"/><E68/><REACH who="1" ten="285,182,273,250" step="2"/><V133/><F69/><W61/><G123/><T114/><D129/><U3/><E3/><V71/><F71/><W8/><G118/><T100/><D119/><U130/><E130/><V39/><F121/><W82/><G132/><T29/><D126/><U13/><E13/><V12/><F127/><W23/><G27/><T48/><D15/><U89/><E89/><V131/><F131/><W50/><G23/><T18/><D100/><U11/><E11/><V112/><F133/><W125/><G125/><T38/><D9/><U46/><E46/><V98/><F120/><W108/><G108/><T93/><D109/><U135/><E135/><V20/><F117/><W4/><G8/><T30/><D32/><U63/><AGARI ba="0,1" hai="19,22,26,54,56,57,62,63,67,72,75,87,91,92" machi="63" ten="20,7800,0" yaku="21,2,0,1,7,1,53,0" doraHai="43" doraHaiUra="64" who="1" fromWho="1" sc="285,-26,182,88,273,-26,250,-26" /><INIT seed="1,1,0,0,4,69" ten="259,270,247,224" oya="1" hai0="100,92,57,134,62,114,123,17,16,108,121,112,59" hai1="35,122,103,13,19,20,116,101,9,12,31,120,39" hai2="89,72,107,2,40,32,61,75,0,105,37,8,82" hai3="53,131,74,64,87,109,60,33,11,90,70,125,79"/><U110/><E116/><V65/><F89/><W23/><G33/><T22/><D108/><U71/><E71/><N who="2" m="42415" /><F8/><W21/><G125/><T5/><D5/><U102/><E110/><V86/><F86/><W24/><G109/><T36/><D36/><U83/><E83/><V91/><F91/><W80/><G131/><T88/><D100/><U97/><E97/><V14/><F14/><W117/><G117/><T55/><D59/><U93/><E93/><V15/><F15/><W56/><G11/><T41/><D41/><U132/><E132/><V73/><F82/><W95/><REACH who="3" step="1"/><G24/><REACH who="3" ten="259,270,247,214" step="2"/><T38/><D134/><U99/><E122/><V130/><F32/><W98/><G98/><T126/><D126/><U78/><E120/><V29/><F130/><W84/><G84/><T10/><D121/><U115/><E115/><V58/><F75/><W111/><G111/><T81/><D123/><U128/><E128/><V68/><F73/><W51/><AGARI ba="1,1" hai="21,23,51,53,56,60,64,70,74,79,80,87,90,95" machi="51" ten="20,5200,0" yaku="1,1,0,1,7,1,53,1" doraHai="69" doraHaiUra="45" who="3" fromWho="3" sc="259,-14,270,-27,247,-14,214,65" /><INIT seed="2,0,0,0,5,11" ten="245,243,233,279" oya="2" hai0="64,100,128,45,73,14,62,103,12,115,28,135,87" hai1="105,71,46,68,51,59,66,102,40,129,39,120,22" hai2="55,107,63,60,9,78,133,112,79,118,70,86,83" hai3="124,36,30,72,48,18,6,2,95,114,110,41,49"/><V121/><F112/><W35/><G72/><T3/><D73/><U77/><E77/><V90/><F118/><W88/><G110/><T76/><D3/><U94/><E105/><V7/><F121/><W32/><G124/><T109/><D115/><U1/><E1/><V104/><F133/><W25/><G35/><T53/><D109/><U19/><E120/><V29/><F29/><W5/><G114/><T57/><D128/><U61/><E129/><V131/><F131/><W132/><G132/><T119/><D28/><U116/><E116/><V74/><F63/><W47/><G18/><T125/><D125/><U44/><E102/><N who="0" m="38953" /><D119/><U21/><E21/><V17/><F17/><W26/><G26/><T99/><D99/><U93/><E71/><V4/><F4/><W91/><G91/><T75/><D75/><U8/><E8/><V123/><F123/><W106/><G106/><T98/><D98/><U65/><E65/><V54/><F107/><W52/><G2/><T130/><D130/><U0/><E0/><V20/><F20/><W23/><G36/><T67/><D67/><U27/><REACH who="1" step="1"/><E44/><REACH who="1" ten="245,233,233,279" step="2"/><V13/><F104/><W37/><G32/><T117/><D117/><U42/><E42/><V50/><F74/><W101/><G23/><T58/><D45/><U80/><E80/><V97/><F70/><W56/><G47/><T31/><D135/><U81/><E81/><V92/><F79/><W122/><G122/><T15/><D76/><U10/><E10/><V96/><F78/><W134/><G134/><T82/><D82/><U108/><E108/><V111/><F111/><RYUUKYOKU ba="0,1" sc="245,-10,233,30,233,-10,279,-10" hai1="19,22,27,39,40,46,51,59,61,66,68,93,94" /><INIT seed="3,1,1,4,1,52" ten="235,263,223,269" oya="3" hai0="132,119,61,89,16,83,79,7,112,50,1,130,109" hai1="62,29,8,78,43,96,127,111,82,92,21,26,69" hai2="86,30,63,134,58,75,73,117,35,20,94,31,27" hai3="67,60,80,105,3,90,108,97,41,42,10,4,23"/><W15/><G108/><T57/><D119/><U104/><E127/><V102/><F117/><W37/><G37/><T114/><D130/><U56/><E69/><V87/><F134/><W95/><G105/><T85/><D132/><U81/><E111/><V121/><F121/><W12/><G80/><T125/><D50/><U115/><E115/><N who="0" m="44073" /><D125/><U71/><E71/><V98/><F31/><W28/><G3/><T126/><D126/><U88/><E43/><V65/><F35/><W33/><G33/><T122/><D122/><U14/><E78/><V106/><REACH who="2" step="1"/><F106/><REACH who="2" ten="235,263,213,269" step="2"/><W64/><G28/><T113/><D109/><U34/><E34/><V39/><F39/><W77/><G77/><T18/><D79/><U100/><E104/><V107/><F107/><W118/><G118/><T59/><D113/><U32/><E32/><V22/><F22/><W2/><G23/><T40/><D40/><U128/><E128/><V55/><F55/><W110/><G110/><T120/><D120/><U6/><E100/><V17/><F17/><N who="0" m="6762" /><D61/><U9/><E9/><AGARI ba="1,2" hai="1,7,9,57,59,83,85,89" m="6762,44073" machi="9" ten="30,7700,0" yaku="11,1,52,2,54,1" doraHai="52" who="0" fromWho="1" sc="235,100,263,-80,213,0,269,0" /><INIT seed="4,0,0,5,3,114" ten="335,183,213,269" oya="0" hai0="80,98,38,43,2,126,46,26,63,47,71,24,97" hai1="42,104,102,23,131,32,73,0,22,53,50,62,13" hai2="101,14,33,96,57,5,89,6,113,21,25,128,58" hai3="76,48,52,86,39,87,117,30,95,7,93,16,31"/><T11/><D126/><U135/><E0/><V28/><F113/><W60/><G39/><T124/><D47/><U69/><E73/><V35/><F128/><W134/><G134/><T19/><D80/><U44/><E131/><V79/><F79/><W10/><G117/><T115/><D124/><U49/><E32/><V17/><F35/><W100/><G60/><T29/><D29/><N who="3" m="10761" /><G76/><T81/><D81/><U18/><E104/><V77/><F89/><W3/><G3/><T118/><D118/><U82/><E102/><V64/><F77/><W68/><G7/><T111/><D111/><U129/><E135/><V72/><F72/><W127/><G68/><T9/><D9/><U133/><E133/><V110/><F110/><W83/><G83/><T84/><D84/><N who="3" m="32297" /><G100/><T122/><D122/><U65/><E82/><V132/><F132/><W130/><G130/><T91/><D63/><U74/><E74/><V56/><REACH who="2" step="1"/><F64/><REACH who="2" ten="335,183,203,269" step="2"/><W78/><G78/><T61/><D115/><U125/><E129/><V36/><F36/><W106/><G127/><T107/><D38/><U90/><E125/><V109/><F109/><W108/><G108/><T20/><D91/><U99/><E90/><V75/><F75/><W40/><G106/><AGARI ba="0,1" hai="5,6,14,17,21,25,28,33,56,57,58,96,101,106" machi="106" ten="40,2600,0" yaku="1,1,53,1" doraHai="114" doraHaiUra="8" who="2" fromWho="3" sc="335,0,183,0,203,36,269,-26" /><INIT seed="5,0,0,3,5,20" ten="335,183,239,243" oya="1" hai0="134,43,108,74,119,73,23,18,95,60,115,88,93" hai1="29,79,49,69,89,133,107,31,80,90,81,17,123" hai2="113,127,9,104,56,45,2,44,26,48,38,40,4" hai3="94,120,135,28,50,5,106,63,14,76,27,66,11"/><U96/><E69/><V98/><F127/><W84/><G120/><T126/><D119/><U1/><E1/><V87/><F113/><W57/><G106/><T16/><D108/><U64/><E123/><V41/><F87/><W101/><G135/><T97/><D18/><U71/><E71/><V116/><F116/><W37/><G37/><T33/><D33/><U58/><E107/><V105/><F98/><W65/><G50/><T42/><D134/><U53/><E133/><V8/><F8/><W13/><G66/><T3/><D3/><U91/><E64/><V6/><F6/><W7/><G7/><T39/><D60/><U55/><E55/><V121/><F121/><W92/><G14/><T111/><D111/><U22/><E96/><V36/><F48/><W19/><G5/><T82/><D115/><U128/><E128/><V15/><F15/><W35/><REACH who="3" step="1"/><G101/><REACH who="3" ten="335,183,239,233" step="2"/><T51/><D39/><U68/><E68/><V117/><F117/><W67/><G67/><T12/><D51/><U24/><REACH who="1" step="1"/><E81/><AGARI ba="0,1" hai="11,13,19,27,28,35,57,63,65,76,81,84,92,94" machi="81" ten="40,2600,0" yaku="1,1,52,1,53,0" doraHai="20" doraHaiUra="124" who="3" fromWho="1" sc="335,0,183,-26,239,0,233,36" /><INIT seed="6,0,0,0,2,57" ten="335,157,239,269" oya="2" hai0="109,99,5,67,18,104,102,113,124,89,35,55,7" hai1="31,83,15,123,134,88,106,96,103,23,100,97,65" hai2="62,69,121,120,58,52,114,95,127,101,108,60,131" hai3="32,92,26,85,128,29,25,22,48,105,47,78,42"/><V116/><F116/><W9/><G105/><T64/><D35/><U68/><E123/><V71/><F101/><W51/><G128/><T74/><D74/><U12/><E134/><V10/><F95/><W20/><G9/><T82/><D109/><U1/><E1/><V44/><F10/><W41/><G32/><T33/><D33/><U66/><E31/><V8/><F8/><W130/><G130/><T125/><D55/><U45/><E45/><V63/><F131/><W50/><G41/><T13/><D89/><U90/><E68/><N who="2" m="26187" /><F114/><W112/><G112/><T19/><D82/><U59/><E59/><V30/><F30/><W77/><G77/><T129/><D129/><U119/><E23/><V6/><F6/><W86/><G85/><T93/><D93/><U34/><E34/><V73/><F73/><W49/><G49/><T84/><D84/><U61/><E83/><V133/><F127/><N who="0" m="48714" /><D113/><U24/><E24/><V122/><F133/><W53/><G42/><T21/><D18/><U115/><E115/><V2/><F2/><W72/><G72/><T14/><D14/><U98/><E98/><V37/><F108/><W132/><G132/><T126/><D126/><U39/><E39/><V107/><F107/><W118/><G118/><T110/><D110/><U56/><E56/><V76/><F76/><W43/><G43/><AGARI ba="0,0" hai="37,43,44,52,58,60,62,63,120,121,122" m="26187" machi="43" ten="40,18000,2" yaku="34,2,52,3,54,1" doraHai="57" who="2" fromWho="3" sc="335,0,157,0,239,180,269,-180" /><INIT seed="6,1,0,4,5,71" ten="335,157,419,89" oya="2" hai0="123,112,65,18,96,105,98,77,108,99,135,81,14" hai1="38,66,114,117,35,90,43,97,8,44,103,12,24" hai2="51,25,122,118,128,33,95,49,67,62,120,32,111" hai3="26,85,4,6,0,3,22,127,57,88,79,63,23"/><V31/><F118/><W48/><G127/><T50/><D108/><U124/><E117/><V29/><F128/><W133/><G133/><T9/><D123/><U7/><E114/><V55/><F95/><W129/><G129/><T10/><D112/><U52/><E66/><V36/><F111/><W64/><G79/><T28/><D28/><U73/><E73/><V107/><F107/><W87/><G87/><T34/><D34/><U102/><E97/><V86/><F55/><W130/><G130/><T15/><D65/><U76/><E76/><V27/><F86/><W40/><G23/><T20/><D50/><U100/><E90/><V21/><F21/><W119/><G119/><T89/><D89/><U17/><E124/><V68/><F36/><W75/><G75/><T47/><D47/><U74/><E74/><V94/><F94/><W121/><G121/><AGARI ba="1,0" hai="25,27,29,31,32,33,49,51,62,67,68,120,121,122" machi="121" ten="40,2000,0" yaku="9,1" doraHai="71" who="2" fromWho="3" sc="335,0,157,0,419,23,89,-23" /><INIT seed="6,2,0,5,5,7" ten="335,157,442,66" oya="2" hai0="34,33,23,108,39,52,110,45,67,105,74,56,24" hai1="25,116,30,84,79,122,64,111,53,94,21,9,16" hai2="60,8,81,90,44,32,54,103,4,97,112,132,101" hai3="40,6,15,100,128,72,31,70,46,115,93,129,125"/><V11/><F112/><W120/><G120/><T29/><D74/><U14/><E122/><V48/><F32/><W109/><G72/><T77/><D77/><U131/><E131/><V80/><F132/><W121/><G109/><T95/><D105/><U49/><E111/><V87/><F81/><W50/><G121/><T133/><D67/><U12/><E64/><V51/><F60/><W63/><G125/><T104/><D104/><U42/><E42/><V58/><F4/><W2/><G2/><T68/><D68/><U43/><E43/><N who="2" m="24607" /><F97/><W96/><G115/><T118/><D45/><U10/><E116/><V5/><F5/><W1/><G1/><T92/><D39/><U65/><E65/><V86/><F86/><W41/><G70/><T66/><D66/><U62/><E62/><V26/><F26/><W19/><G63/><T135/><D118/><U38/><E38/><V78/><F90/><W119/><G119/><T35/><D108/><U107/><E107/><V17/><F17/><W61/><G61/><N who="0" m="35975" /><D110/><U106/><E106/><V134/><F134/><AGARI ba="2,0" hai="23,24,29,33,34,35,92,95,133,134,135" m="35975" machi="134" ten="40,2600,0" yaku="20,1,54,1" doraHai="7" who="0" fromWho="2" sc="335,32,157,0,442,-32,66,0" /><INIT seed="7,0,0,0,3,114" ten="367,157,410,66" oya="3" hai0="103,82,19,119,77,81,115,61,10,129,92,40,33" hai1="97,30,60,53,63,56,29,52,112,39,124,8,46" hai2="70,104,110,58,64,108,107,49,86,1,7,32,6" hai3="134,14,126,20,3,12,132,109,34,117,50,48,4"/><W90/><G90/><T31/><D129/><U47/><E124/><V66/><F58/><W80/><G80/><T113/><D40/><U83/><E112/><N who="0" m="43081" /><D82/><U133/><E133/><N who="3" m="51306" /><G50/><T44/><D44/><U95/><E39/><V135/><F135/><W74/><G48/><T37/><D37/><U73/><E8/><V96/><F86/><W67/><G67/><T51/><D51/><N who="1" m="28791" /><E73/><V35/><F49/><W106/><G74/><N who="0" m="43191" /><D61/><N who="1" m="23627" /><E83/><V24/><F66/><W131/><G131/><T93/><D31/><U105/><E105/><V94/><F107/><W128/><G106/><T45/><D45/><U123/><E47/><V120/><F104/><W15/><G128/><T59/><D59/><U78/><E78/><V69/><F64/><W27/><G109/><T68/><D68/><U111/><E111/><V57/><F70/><W41/><G41/><T26/><D33/><U65/><E65/><V76/><F69/><W17/><G126/><T88/><D103/><N who="1" m="60863" /><E123/><V28/><F120/><W54/><G54/><T130/><D130/><U13/><E56/><V43/><F110/><W72/><G72/><T102/><D102/><U71/><E53/><V99/><F108/><W62/><G62/><T22/><D10/><U87/><E71/><V118/><F57/><W21/><G34/><T101/><D101/><U11/><E87/><V9/><F35/><W25/><G117/><T98/><D93/><U38/><E38/><V122/><F122/><W18/><G3/><T100/><D100/><U84/><E84/><V42/><F42/><W85/><G85/><T2/><D2/><U116/><E116/><AGARI ba="0,0" hai="19,22,26,88,92,98,116,119" m="43191,43081" machi="116" ten="30,12000,2" yaku="6,1,15,1,11,1,52,2,54,1" doraHai="114" who="0" fromWho="1" sc="367,120,157,-120,410,0,66,0" owari="487,58.0,37,-46.0,410,21.0,66,-33.0" /></mjloggm>