<mjloggm ver="2.3"><GO type="41" lobby="0"/><UN n0="%E3%83%91%E3%83%B3%E3%83%81%E3%83%A9%E3%82%A4%E3%83%B3%E5%B0%8F%E6%B9%8A" n1="%34%E3%81%8B%E3%81%BE" n2="%E2%93%9D%53%75%70%68%78" n3="%41%43%55%52%41" dan="14,15,18,13" rate="1945.84,1970.05,2118.17,1855.75" sx="M,M,M,M"/><TAIKYOKU oya="0"/><INIT seed="0,0,0,3,3,27" ten="250,250,250,250" oya="0" hai0="91,15,59,75,28,17,104,108,22,44,18,0,63" hai1="132,71,25,87,45,67,52,79,37,5,90,126,11" hai2="129,31,61,125,100,111,94,46,102,135,115,112,77" hai3="62,76,127,26,73,106,48,36,92,49,41,107,86"/><T39/><D39/><U78/><E132/><V40/><F129/><W80/><G127/><T42/><D104/><U70/><E126/><V6/><F125/><W82/><G36/><T53/><D75/><U58/><E70/><V14/><F111/><W105/><G62/><T110/><D0/><U10/><E10/><V60/><F77/><N who="3" m="44079" /><G26/><N who="0" m="16471" /><D91/><U98/><E98/><V118/><F118/><W88/><G41/><T131/><D131/><U56/><E71/><V117/><F117/><W85/><G48/><N who="0" m="26647" /><D15/><U74/><E25/><V55/><F14/><W7/><G49/><T2/><D2/><U43/><E74/><V38/><F38/><W50/><G50/><T51/><D51/><U109/><E78/><V3/><F3/><W65/><G65/><T19/><D110/><U23/><E79/><V9/><F40/><W64/><G64/><T93/><D93/><U114/><E67/><V103/><F94/><W29/><G29/><T24/><D108/><U32/><E32/><V21/><F46/><W124/><G7/><T72/><D72/><U134/><E109/><V89/><F6/><W12/><G12/><T8/><D8/><U35/><E11/><V47/><F9/><W121/><G124/><T101/><D24/><U133/><E5/><V99/><F47/><W84/><G121/><T20/><D20/><U113/><E23/><V34/><F21/><W30/><G30/><T128/><D128/><U96/><E35/><V1/><F34/><W119/><G119/><T83/><D83/><N who="1" m="49535" /><E96/><AGARI ba="0,0" hai="76,82,84,85,86,88,92,96,105,106,107" m="44079" machi="96" ten="30,12000,2" yaku="35,5,54,1" doraHai="27" who="3" fromWho="1" sc="250,0,250,-120,250,0,250,120" /><INIT seed="1,0,0,2,5,82" ten="250,130,250,370" oya="1" hai0="43,111,106,49,77,98,26,23,12,110,100,57,79" hai1="73,2,32,113,76,134,50,30,130,41,118,99,132" hai2="37,101,122,25,72,117,78,51,39,3,127,119,92" hai3="44,13,135,120,116,126,5,4,66,68,85,81,9"/><U14/><E118/><V18/><F3/><W33/><G116/><T19/><D43/><U70/><E113/><V86/><F122/><W121/><G33/><T104/><D104/><U40/><E130/><V128/><F127/><W67/><G126/><T94/><D106/><U34/><E70/><V55/><F72/><W27/><G135/><T48/><D48/><U21/><E2/><V129/><F101/><W84/><G68/><T6/><D6/><U123/><E123/><V64/><F64/><N who="3" m="24619" /><G120/><T75/><D75/><U17/><E99/><V65/><F65/><W42/><G121/><T109/><D26/><U31/><E32/><V59/><F119/><W96/><G27/><T74/><D74/><U80/><E41/><V35/><F117/><W7/><G96/><T93/><D93/><U29/><REACH who="1" step="1"/><E34/><REACH who="1" ten="250,120,250,370" step="2"/><V45/><F129/><W47/><G42/><T1/><D1/><U22/><E22/><V124/><F128/><W20/><G20/><T133/><D133/><U46/><AGARI ba="0,1" hai="14,17,21,29,30,31,40,46,50,73,76,80,132,134" machi="46" ten="30,6000,0" yaku="1,1,0,1,53,1" doraHai="82" doraHaiUra="8" who="1" fromWho="1" sc="250,-20,120,70,250,-20,370,-20" /><INIT seed="1,1,0,2,0,114" ten="230,190,230,350" oya="1" hai0="48,40,39,122,107,90,15,75,5,41,119,12,89" hai1="59,35,79,52,24,99,82,8,88,133,55,126,9" hai2="30,132,109,65,53,123,10,34,18,54,128,70,51" hai3="0,20,56,25,117,104,67,91,105,62,73,44,29"/><U134/><E126/><V83/><F109/><W124/><G124/><T72/><D122/><U46/><E46/><V118/><F128/><W36/><G73/><T97/><D39/><U13/><E35/><V38/><F132/><W86/><G0/><T33/><D33/><U1/><E24/><V84/><F38/><W2/><G2/><T14/><D5/><U49/><E1/><V3/><F54/><W21/><G21/><T102/><D119/><U131/><E131/><V23/><F70/><W103/><G103/><T50/><D14/><U98/><E8/><V93/><F65/><W28/><G28/><T135/><D97/><U58/><E88/><V74/><F74/><W11/><G11/><T63/><D63/><U129/><E129/><V77/><F118/><W71/><G117/><T37/><D37/><U26/><E26/><V7/><F123/><W64/><G67/><T112/><D107/><U31/><E31/><V106/><F106/><W27/><G25/><T100/><D112/><U76/><E133/><AGARI ba="1,0" hai="12,15,40,41,48,50,72,75,89,90,100,102,133,135" machi="133" ten="25,1600,0" yaku="22,2" doraHai="114" who="0" fromWho="1" sc="230,19,190,-19,230,0,350,0" /><INIT seed="2,0,0,5,2,45" ten="249,171,230,350" oya="2" hai0="96,66,23,19,38,85,11,13,83,95,32,69,111" hai1="16,8,76,100,114,34,26,55,37,41,15,42,97" hai2="89,24,48,104,115,117,44,43,22,126,47,113,54" hai3="123,68,81,73,14,57,3,49,46,131,107,25,62"/><V60/><F104/><W116/><G107/><T5/><D38/><U72/><E37/><V40/><F117/><W106/><G116/><T99/><D32/><U102/><E102/><V119/><F119/><W87/><G106/><T7/><D111/><U9/><E9/><V56/><F126/><W112/><G123/><T77/><D69/><U63/><E114/><V135/><F135/><W127/><G112/><T80/><D66/><U130/><E130/><V0/><F0/><W17/><G131/><T4/><D83/><U88/><E100/><V132/><F132/><W21/><G73/><T133/><D133/><U134/><E76/><V33/><F33/><W65/><G127/><T30/><D30/><U124/><E72/><V28/><REACH who="2" step="1"/><F89/><REACH who="2" ten="249,171,220,350" step="2"/><N who="3" m="51439" /><G3/><T36/><D77/><U86/><E124/><V51/><AGARI ba="0,1" hai="22,24,28,40,43,44,47,48,51,54,56,60,113,115" machi="51" ten="20,18000,2" yaku="1,1,0,1,7,1,9,1,52,2,53,0" doraHai="45" doraHaiUra="125" who="2" fromWho="2" sc="249,-60,171,-60,220,190,350,-60" /><INIT seed="2,1,0,4,4,0" ten="189,111,410,290" oya="2" hai0="28,37,19,85,18,76,50,45,12,5,51,108,56" hai1="120,133,104,7,130,48,1,81,30,83,25,40,110" hai2="82,22,35,68,90,109,44,107,125,98,6,49,65" hai3="62,114,124,126,58,111,11,122,54,21,105,118,92"/><V66/><F35/><W84/><G105/><T131/><D131/><U29/><E120/><V94/><F125/><N who="3" m="48235" /><G118/><T8/><D108/><U78/><E133/><V14/><F68/><W132/><G122/><T99/><D28/><U72/><E110/><V87/><F107/><W128/><G111/><T88/><D37/><U67/><E130/><V121/><F121/><W74/><G128/><T73/><D73/><U3/><E30/><V27/><F109/><W129/><G129/><T26/><D26/><U46/><E67/><V59/><F59/><W106/><G106/><T101/><D76/><U36/><E48/><V61/><F61/><W69/><G74/><T16/><D56/><U112/><E83/><V91/><F27/><W52/><G132/><T79/><D79/><U55/><E55/><V89/><F89/><N who="3" m="53287" /><G69/><T95/><D45/><U100/><E112/><V93/><F82/><AGARI ba="1,0" hai="5,8,12,16,18,19,50,51,82,85,88,95,99,101" machi="82" ten="40,8000,1" yaku="8,1,52,1,54,2" doraHai="0" who="0" fromWho="2" sc="189,83,111,0,410,-83,290,0" /><INIT seed="3,0,0,3,3,112" ten="272,111,327,290" oya="3" hai0="71,30,12,90,129,23,44,48,56,42,1,36,110" hai1="40,111,28,49,50,6,99,38,41,24,63,31,132" hai2="73,89,83,115,84,95,21,135,76,22,131,134,69" hai3="13,98,60,125,102,61,79,78,86,2,33,45,121"/><W17/><G121/><T100/><D71/><U65/><E132/><N who="2" m="50731" /><F115/><W4/><G33/><T85/><D1/><U92/><E38/><V116/><F131/><W87/><G125/><T70/><D110/><U67/><E6/><V26/><F69/><W9/><G45/><T18/><D129/><U94/><E24/><V5/><F5/><W97/><G78/><T64/><D100/><U119/><E99/><V15/><F15/><W52/><G79/><T82/><D30/><U25/><E25/><V54/><F54/><W39/><G39/><T11/><D70/><U105/><E111/><V126/><F126/><W120/><G120/><T106/><D106/><U96/><E96/><V117/><F22/><W81/><G81/><T72/><D72/><U32/><E63/><V103/><F103/><W130/><G130/><T113/><D113/><U91/><E91/><V47/><F47/><W14/><G2/><T19/><D36/><U10/><E10/><V55/><F55/><W124/><G124/><T53/><D53/><U7/><E7/><V29/><AGARI ba="0,0" hai="21,26,29,73,76,83,84,89,95,116,117" m="50731" machi="29" ten="30,4000,0" yaku="20,1,52,2" doraHai="112" who="2" fromWho="2" sc="272,-10,111,-10,327,40,290,-20" /><INIT seed="4,0,0,4,0,8" ten="262,101,367,270" oya="0" hai0="123,127,68,91,35,3,15,46,73,19,26,134,96" hai1="108,11,44,92,122,45,21,40,37,18,60,49,67" hai2="83,79,124,104,105,119,94,89,133,0,90,12,70" hai3="13,63,24,93,102,25,48,30,38,51,113,81,55"/><T31/><D123/><U86/><E108/><V85/><F0/><W75/><G113/><T36/><D73/><U80/><E122/><V117/><F70/><W66/><G38/><T29/><D29/><U57/><E11/><V10/><F133/><W1/><G1/><T20/><D134/><U22/><E92/><V47/><F47/><W64/><G75/><T58/><D68/><U74/><E74/><N who="2" m="43511" /><F124/><W27/><G81/><T129/><D129/><U98/><E98/><V53/><F53/><W77/><G30/><T42/><D127/><U9/><E9/><V115/><F90/><W116/><G116/><N who="2" m="44617" /><F115/><W41/><G77/><T61/><D3/><U17/><E17/><AGARI ba="0,0" hai="10,12,17,85,89,94,104,105" m="44617,43511" machi="17" ten="30,2000,0" yaku="12,1,52,1" doraHai="8" who="2" fromWho="1" sc="262,0,101,-20,367,20,270,0" /><INIT seed="5,0,0,2,5,103" ten="262,81,387,270" oya="1" hai0="18,124,27,60,53,66,123,73,38,65,46,122,127" hai1="3,132,119,96,22,71,14,57,36,77,28,13,109" hai2="24,81,104,86,4,16,75,80,23,63,120,7,84" hai3="54,106,49,85,121,55,6,100,19,68,130,39,112"/><U102/><E119/><V93/><F104/><W101/><G121/><N who="0" m="46091" /><D18/><U125/><E132/><V29/><F75/><W30/><G68/><T114/><D27/><U35/><E125/><N who="0" m="48201" /><D114/><U12/><E71/><V110/><F110/><W107/><G112/><T97/><D97/><U8/><E109/><V2/><F93/><W11/><G39/><T44/><D73/><U89/><E36/><V135/><F2/><W52/><G30/><T40/><D46/><U9/><E77/><V41/><F135/><W33/><G33/><T47/><D44/><U5/><E57/><AGARI ba="0,0" hai="38,40,47,53,57,60,65,66" m="48201,46091" machi="57" ten="30,7700,0" yaku="13,1,18,1,34,2" doraHai="103" who="0" fromWho="1" sc="262,77,81,-77,387,0,270,0" /><INIT seed="6,0,0,3,3,29" ten="339,4,387,270" oya="2" hai0="6,76,0,89,20,83,75,65,81,118,21,86,126" hai1="127,69,10,119,111,132,32,116,62,27,49,70,73" hai2="95,87,11,129,7,22,18,98,64,53,35,61,120" hai3="23,109,103,3,55,37,124,99,59,17,96,60,24"/><V123/><F129/><W39/><G3/><T67/><D118/><U47/><E73/><V78/><F35/><W38/><G109/><T102/><D126/><U117/><E10/><V90/><F53/><W106/><G124/><T88/><D102/><U5/><E5/><V25/><F78/><W79/><G79/><T94/><D65/><U92/><E92/><V40/><F40/><W48/><G99/><T28/><D28/><U72/><E72/><V105/><F105/><W115/><G115/><T68/><D6/><U112/><E27/><V8/><F8/><W9/><G9/><T33/><D33/><U77/><E77/><V58/><REACH who="2" step="1"/><F87/><REACH who="2" ten="339,4,377,270" step="2"/><W121/><G121/><T19/><D0/><AGARI ba="0,1" hai="0,7,11,18,22,25,58,61,64,90,95,98,120,123" machi="0" ten="30,5800,0" yaku="1,1,2,1,7,1,53,0" doraHai="29" doraHaiUra="107" who="2" fromWho="0" sc="339,-58,4,0,377,68,270,0" /><INIT seed="6,1,0,3,1,114" ten="281,4,445,270" oya="2" hai0="81,71,47,44,46,48,96,69,85,64,105,13,80" hai1="112,26,45,42,113,60,17,98,11,88,1,39,119" hai2="134,24,35,133,3,124,129,109,7,23,12,79,56" hai3="65,18,72,6,32,84,50,53,120,16,97,77,66"/><V95/><F124/><W51/><G120/><T62/><D105/><U90/><E119/><V101/><F129/><W117/><G117/><T54/><D96/><U127/><E127/><V130/><F130/><W89/><G32/><T76/><D71/><U22/><E60/><V4/><F109/><W57/><G72/><T52/><D54/><U78/><E78/><V132/><F12/><W68/><G68/><T111/><D111/><U19/><E98/><V83/><F35/><W99/><G77/><T0/><D0/><U21/><E112/><V15/><F15/><W49/><G6/><T82/><D13/><U37/><E113/><V5/><F56/><W87/><G57/><T94/><D94/><U10/><E1/><V2/><F95/><W27/><G53/><T8/><D8/><U91/><E45/><V38/><F38/><W86/><G89/><T107/><D107/><U36/><E42/><V125/><F101/><W33/><G33/><T115/><D115/><U41/><E41/><V102/><F102/><W34/><G34/><T74/><D81/><U9/><E26/><V61/><F125/><W121/><G121/><T93/><D93/><U58/><E58/><V30/><F61/><W59/><G59/><T75/><D74/><AGARI ba="1,0" hai="2,3,4,5,7,23,24,30,74,79,83,132,133,134" machi="74" ten="50,2400,0" yaku="20,1" doraHai="114" who="2" fromWho="0" sc="281,-27,4,0,445,27,270,0" /><INIT seed="6,2,0,2,2,86" ten="254,4,472,270" oya="2" hai0="31,126,18,96,6,68,89,22,72,123,134,4,44" hai1="56,38,80,85,14,105,93,0,21,101,97,112,46" hai2="10,28,61,17,40,115,32,107,33,102,117,95,48" hai3="129,60,77,54,75,52,73,113,79,114,111,39,37"/><V62/><F115/><N who="3" m="44043" /><G111/><T65/><D123/><U25/><E0/><V104/><F95/><W100/><G100/><T124/><D72/><N who="3" m="27721" /><G60/><N who="0" m="39975" /><D44/><U47/><E38/><N who="3" m="14346" /><G129/><T83/><D31/><U11/><E56/><V23/><F17/><W110/><G110/><T35/><D35/><U51/><E112/><V109/><F28/><W84/><G84/><N who="0" m="50335" /><D134/><U128/><E128/><V49/><F33/><W41/><G41/><T90/><D22/><U30/><E51/><V82/><F49/><W1/><G1/><T57/><D18/><U131/><E105/><V53/><F107/><W5/><G5/><T59/><D4/><U92/><E92/><V74/><F104/><W87/><G87/><T24/><D6/><U58/><E58/><V26/><F74/><W133/><G133/><T67/><D67/><U118/><E131/><V42/><F42/><W7/><G7/><T12/><D24/><U20/><E118/><V88/><F26/><W15/><G15/><T120/><D12/><U29/><E14/><V116/><F116/><W71/><G71/><T135/><D135/><U13/><E13/><V108/><F117/><W16/><G16/><T27/><D27/><U2/><E2/><V43/><F109/><W94/><G94/><N who="0" m="56407" /><D120/><U119/><E11/><V121/><F121/><W125/><G125/><AGARI ba="2,0" hai="57,59,124,125,126" m="56407,50335,39975" machi="125" ten="30,3900,0" yaku="18,1,52,2" doraHai="86" who="0" fromWho="3" sc="254,45,4,0,472,0,270,-45" /><INIT seed="7,0,0,0,1,38" ten="299,4,472,225" oya="3" hai0="100,110,95,9,53,111,131,107,62,50,94,78,97" hai1="117,30,26,66,76,134,55,128,41,60,63,96,106" hai2="13,80,21,12,34,75,33,54,65,118,125,88,91" hai3="37,89,31,64,116,67,42,43,51,90,47,84,72"/><W2/><G72/><T29/><D131/><U24/><E55/><V99/><F125/><W0/><G116/><T98/><D78/><U25/><E128/><V85/><F65/><W70/><G31/><T5/><D29/><U11/><E11/><V19/><F99/><W86/><G37/><T130/><D107/><U18/><E30/><V112/><F112/><W58/><G58/><T61/><D130/><U109/><E109/><V129/><F91/><W120/><G70/><T87/><D87/><U79/><E18/><V73/><F118/><W69/><G69/><T35/><D35/><U59/><E117/><V10/><F129/><W93/><G120/><T102/><D111/><U14/><E106/><V121/><F54/><W71/><G71/><T92/><D92/><U114/><E96/><V8/><F21/><W68/><G68/><T32/><D32/><U27/><N who="1" m="6144" /><DORA hai="83" /><U52/><E134/><V36/><F36/><W49/><REACH who="3" step="1"/><G93/><REACH who="3" ten="299,4,472,215" step="2"/><T123/><D123/><U56/><E14/><V133/><F121/><W20/><G20/><T23/><D23/><U127/><E114/><V101/><F34/><W77/><G77/><N who="1" m="29770" /><E127/><V4/><F33/><W104/><G104/><T126/><D126/><U108/><E108/><V22/><F22/><W113/><G113/><T48/><D110/><U45/><E45/><AGARI ba="0,1" hai="0,2,42,43,45,47,49,51,64,67,84,86,89,90" machi="45" ten="25,24000,3" yaku="1,1,22,2,52,4,53,2" doraHai="38,83" doraHaiUra="132,44" who="3" fromWho="1" sc="299,0,4,-240,472,0,215,250" owari="299,-10.0,-236,-74.0,472,57.0,465,27.0" /></mjloggm>