<mjloggm ver="2.3"><GO type="41" lobby="0"/><UN n0="%48%41%4C%4C%55%58" n1="%E2%93%9D%53%75%70%68%78" n2="%E3%81%A4%E3%81%B0%E3%83%A1" n3="%E3%83%8A%E3%83%8A%E3%83%B2%E3%82%A2%E3%82%AB%E3%83%AA%2A" dan="14,18,14,13" rate="1974.57,2066.23,2011.54,1829.36" sx="M,M,M,M"/><TAIKYOKU oya="0"/><INIT seed="0,0,0,4,5,61" ten="250,250,250,250" oya="0" hai0="82,27,53,99,84,78,4,106,31,134,120,23,32" hai1="36,46,100,101,128,83,98,51,87,20,124,114,66" hai2="45,97,0,55,90,10,22,6,62,60,56,35,116" hai3="126,38,49,96,118,17,111,7,69,112,25,9,115"/><T58/><D120/><U73/><E73/><V131/><F131/><W104/><G38/><T71/><D134/><U113/><E36/><V91/><F116/><W26/><G118/><T105/><D71/><U19/><E124/><V125/><F125/><W59/><G69/><T135/><D135/><U65/><E128/><V103/><F35/><W41/><G111/><T50/><D4/><U76/><E114/><V102/><F102/><N who="1" m="39529" /><E98/><V48/><F22/><W107/><G96/><T5/><D99/><U15/><E113/><V127/><F62/><W64/><G41/><AGARI ba="0,0" hai="15,19,20,41,46,51,65,66,76,83,87" m="39529" machi="41" ten="30,3900,0" yaku="8,1,52,2" doraHai="61" who="1" fromWho="3" sc="250,0,250,39,250,0,250,-39" /><INIT seed="1,0,0,2,0,118" ten="250,289,250,211" oya="1" hai0="15,27,116,31,70,120,87,105,81,6,60,50,38" hai1="111,44,10,52,34,42,103,49,5,53,133,65,55" hai2="24,36,62,4,93,125,43,78,71,102,69,107,18" hai3="11,68,40,56,75,135,83,117,41,17,39,61,2"/><U9/><E34/><V130/><F107/><W21/><G135/><T90/><D116/><U29/><E133/><V48/><F36/><W95/><G68/><T123/><D38/><U28/><E111/><V110/><F110/><W94/><G117/><T54/><D105/><U51/><E65/><V13/><F78/><W101/><G101/><T66/><D15/><U121/><E121/><N who="0" m="46665" /><D6/><U63/><E63/><V67/><F48/><W131/><G11/><N who="1" m="4106" /><E103/><V92/><F43/><W91/><G95/><T32/><D50/><U132/><E132/><V59/><F102/><W122/><G2/><T129/><D54/><N who="1" m="21099" /><E5/><V124/><F4/><W89/><G39/><T58/><D129/><U57/><AGARI ba="0,0" hai="28,29,42,44,49,51,55,57" m="21099,4106" machi="57" ten="30,3000,0" yaku="8,1,54,1" doraHai="118" who="1" fromWho="1" sc="250,-10,289,30,250,-10,211,-10" /><INIT seed="1,1,0,3,1,58" ten="240,319,240,201" oya="1" hai0="94,106,103,112,50,42,7,16,26,15,114,77,11" hai1="118,104,49,10,48,81,0,122,25,31,29,78,130" hai2="101,40,43,86,133,129,95,22,97,96,73,80,110" hai3="85,100,41,123,105,19,120,98,92,52,37,1,117"/><U70/><E118/><V127/><F110/><W108/><G108/><T53/><D106/><U32/><E122/><V27/><F73/><W84/><G41/><T91/><D77/><U87/><E130/><V69/><F127/><W57/><G37/><T21/><D42/><U44/><E104/><V125/><F125/><W135/><G135/><T12/><D103/><U51/><E31/><V38/><F133/><W13/><G1/><T39/><D39/><U72/><E70/><V3/><F3/><W113/><G113/><T14/><D112/><U56/><E56/><V132/><F132/><W17/><G17/><T24/><D114/><U134/><E134/><V30/><F129/><W116/><G85/><T124/><D12/><U65/><E65/><V34/><F69/><W47/><G47/><T59/><REACH who="0" step="1"/><D124/><REACH who="0" ten="230,319,240,201" step="2"/><U82/><E0/><V75/><F38/><W107/><G107/><T20/><D20/><U35/><E35/><V68/><F22/><N who="3" m="11631" /><G123/><T126/><D126/><U9/><REACH who="1" step="1"/><E44/><REACH who="1" ten="230,309,240,201" step="2"/><V2/><F2/><W5/><G120/><T36/><D36/><U119/><E119/><V102/><F34/><W115/><G117/><T89/><D89/><AGARI ba="1,2" hai="9,10,25,29,32,48,49,51,72,78,81,82,87,89" machi="89" ten="40,2000,0" yaku="1,1,53,0" doraHai="58" doraHaiUra="99" who="1" fromWho="0" sc="230,-23,309,43,240,0,201,0" /><INIT seed="1,2,0,0,4,132" ten="207,352,240,201" oya="1" hai0="94,43,14,38,90,87,77,129,86,52,68,40,46" hai1="134,28,100,89,23,104,75,26,24,71,33,53,93" hai2="124,91,126,114,4,103,83,119,112,15,121,0,131" hai3="1,45,22,92,116,95,120,47,74,63,128,106,30"/><U44/><E75/><V39/><F39/><W35/><G1/><T76/><D129/><U6/><E71/><V18/><F119/><W111/><G74/><T19/><D68/><U64/><E64/><V8/><F121/><W88/><G120/><T11/><D38/><U31/><E134/><V37/><F37/><W59/><G106/><T42/><D86/><U41/><E6/><V80/><F103/><W62/><G35/><T117/><D117/><U113/><E113/><N who="2" m="43627" /><F131/><W81/><G111/><T20/><REACH who="0" step="1"/><D11/><REACH who="0" ten="197,352,240,201" step="2"/><U115/><E115/><V12/><F0/><W29/><G128/><T3/><D3/><U65/><E33/><V34/><F34/><W82/><G116/><T13/><D13/><U58/><E26/><V61/><F61/><W49/><G63/><T98/><D98/><U105/><E24/><V97/><F97/><W27/><G62/><T60/><D60/><U55/><E65/><V127/><F91/><W2/><G88/><T36/><D36/><U102/><E89/><V21/><AGARI ba="2,1" hai="4,8,12,15,18,21,80,83,124,126,127" m="43627" machi="21" ten="40,8000,1" yaku="18,1,11,1,52,3" doraHai="132" who="2" fromWho="2" sc="197,-22,352,-42,240,96,201,-22" /><INIT seed="2,0,0,3,1,58" ten="175,310,336,179" oya="2" hai0="45,81,27,60,120,15,128,32,117,127,105,52,41" hai1="59,96,49,42,129,93,39,131,36,67,82,47,133" hai2="132,71,76,65,134,25,37,50,53,121,130,63,74" hai3="56,97,44,75,19,6,13,26,102,94,48,1,116"/><V86/><F121/><W109/><G109/><T40/><D120/><U79/><E133/><N who="2" m="51307" /><F86/><W16/><G75/><T20/><D105/><U87/><E67/><V17/><F17/><W31/><G1/><T114/><D114/><U5/><E59/><N who="2" m="33207" /><F25/><W34/><G116/><T84/><D32/><U8/><E131/><V91/><F91/><W62/><G6/><T4/><D128/><U55/><E55/><V123/><F76/><W80/><G80/><T38/><D127/><U66/><E66/><V21/><F21/><W103/><G103/><T115/><D117/><U43/><E43/><V95/><F95/><W119/><G119/><T92/><D92/><U11/><E11/><V10/><F10/><W69/><G69/><T83/><D38/><U35/><E35/><V90/><F90/><W122/><G122/><T98/><D98/><U23/><E23/><V12/><F12/><W24/><G24/><T28/><D115/><U22/><E22/><V101/><F101/><W108/><G108/><T14/><D83/><U135/><E129/><V110/><F74/><W85/><G85/><T9/><D14/><N who="1" m="5391" /><E135/><V125/><F130/><W30/><G30/><T104/><D104/><U57/><E96/><V126/><F123/><W70/><G70/><T54/><D81/><U112/><E112/><V7/><F7/><W64/><REACH who="3" step="1"/><G13/><REACH who="3" ten="175,310,336,169" step="2"/><T100/><D100/><U3/><E3/><V73/><F73/><W107/><G107/><T2/><D2/><U88/><E93/><V77/><F110/><W72/><G72/><T111/><D111/><U124/><E82/><V61/><F71/><RYUUKYOKU ba="0,1" sc="175,-10,310,-10,336,-10,169,30" hai3="16,19,26,31,34,44,48,56,62,64,94,97,102" /><INIT seed="3,1,1,1,2,52" ten="165,300,326,199" oya="3" hai0="121,46,130,100,21,41,30,31,75,51,74,39,58" hai1="27,69,91,59,67,28,14,10,133,63,7,8,96" hai2="82,32,135,13,0,11,25,127,38,44,111,80,84" hai3="29,18,125,1,114,43,97,115,65,20,102,34,104"/><W61/><G1/><T108/><D121/><U89/><E133/><V88/><F0/><W116/><G116/><T2/><D108/><U128/><E128/><V92/><F111/><W85/><G125/><T4/><D130/><U22/><E69/><V54/><F135/><W56/><G43/><T73/><D100/><U118/><E118/><V76/><F127/><W17/><G17/><T60/><D21/><U70/><E70/><V68/><F68/><W105/><G105/><T117/><D117/><U123/><E123/><V64/><F64/><W47/><G47/><T93/><D93/><U66/><E66/><V16/><F76/><W55/><G29/><T36/><D36/><U72/><E72/><V113/><F113/><W5/><G5/><T77/><D51/><U71/><E71/><V48/><REACH who="2" step="1"/><F38/><REACH who="2" ten="165,300,316,199" step="2"/><W81/><G65/><T33/><D77/><U45/><E67/><V23/><F23/><W3/><G3/><T109/><D33/><U6/><E22/><V87/><F87/><W49/><G34/><T9/><REACH who="0" step="1"/><D109/><REACH who="0" ten="155,300,316,199" step="2"/><U79/><E79/><V101/><F101/><W132/><G132/><T78/><D78/><U98/><E91/><V106/><F106/><W119/><G119/><T86/><D86/><U94/><E89/><V112/><F112/><W131/><G115/><T50/><D50/><U122/><E122/><V90/><F90/><N who="3" m="51503" /><G114/><T40/><D40/><U83/><E98/><V129/><F129/><W57/><G131/><T53/><AGARI ba="1,3" hai="2,4,9,30,31,39,41,46,53,58,60,73,74,75" machi="53" ten="30,4000,0" yaku="1,1,0,1,52,1,53,0" doraHai="52" doraHaiUra="12" who="0" fromWho="0" sc="155,73,300,-11,316,-11,199,-21" /><INIT seed="4,0,0,0,2,30" ten="228,289,305,178" oya="0" hai0="107,101,13,66,32,78,21,117,115,8,71,94,131" hai1="62,48,88,102,74,47,9,126,5,45,49,53,121" hai2="112,105,16,114,2,18,135,46,25,108,113,77,65" hai3="67,119,17,51,33,118,109,60,128,124,127,23,130"/><T103/><D117/><N who="3" m="44553" /><G51/><T57/><D71/><U54/><E126/><N who="3" m="48170" /><G60/><T91/><D107/><U29/><E121/><V4/><F105/><W20/><G67/><T61/><D115/><U98/><E74/><V73/><F108/><W26/><G109/><T90/><D32/><U89/><E29/><V133/><F65/><W11/><G11/><T75/><D131/><N who="3" m="50217" /><G23/><T22/><D78/><U82/><E62/><V64/><F64/><W19/><G33/><T40/><D75/><U87/><E9/><N who="2" m="2199" /><F46/><W7/><G7/><N who="0" m="3231" /><D40/><U116/><E5/><V31/><F77/><W123/><G123/><T1/><D1/><U6/><E6/><V83/><F83/><W50/><G50/><T28/><D28/><AGARI ba="0,0" hai="17,19,20,26,28" m="50217,48170,44553" machi="28" ten="40,8000,1" yaku="18,1,19,1,34,2" doraHai="30" who="3" fromWho="0" sc="228,-80,289,0,305,0,178,80" /><INIT seed="5,0,0,3,3,19" ten="148,289,305,258" oya="1" hai0="23,75,28,63,118,91,133,61,121,18,4,102,126" hai1="92,31,69,54,107,30,68,33,86,120,32,115,44" hai2="13,129,42,52,58,27,113,66,88,2,130,15,9" hai3="103,65,41,119,135,8,124,93,56,111,90,29,60"/><U1/><E107/><V108/><F108/><W11/><G111/><T45/><D118/><U100/><E1/><V89/><F2/><W128/><G124/><T49/><D75/><U0/><E0/><V79/><F66/><W39/><G128/><N who="2" m="49257" /><F79/><W26/><G135/><T94/><D133/><U53/><E44/><V10/><F42/><W97/><G119/><T48/><D126/><U101/><E92/><V17/><F27/><W72/><G72/><T71/><D121/><U77/><E86/><V55/><F113/><W37/><G90/><N who="2" m="34921" /><F58/><W20/><REACH who="3" step="1"/><G41/><REACH who="3" ten="148,289,305,248" step="2"/><T76/><D102/><U5/><E101/><V116/><F116/><W64/><G64/><T110/><D76/><U70/><E100/><V98/><F98/><W78/><G78/><T6/><D110/><U123/><E77/><V106/><F106/><W131/><G131/><T12/><D28/><U125/><E125/><V96/><F96/><W84/><G84/><T114/><D114/><U80/><E115/><V104/><F104/><W34/><G34/><T117/><D117/><U16/><E33/><V14/><F14/><W22/><G22/><T43/><D71/><U109/><E32/><V81/><F81/><W50/><G50/><T87/><REACH who="0" step="1"/><D49/><REACH who="0" ten="138,289,305,248" step="2"/><U127/><E127/><V25/><F25/><W132/><G132/><T74/><D74/><U3/><E109/><V21/><F10/><AGARI ba="0,2" hai="8,10,11,20,26,29,37,39,56,60,65,93,97,103" machi="10" ten="40,8000,1" yaku="1,1,25,2,52,1,53,0" doraHai="19" doraHaiUra="82" who="3" fromWho="2" sc="138,0,289,0,305,-80,248,100" /><INIT seed="6,0,0,1,1,94" ten="138,289,225,348" oya="2" hai0="124,41,36,2,21,126,132,43,62,91,26,63,97" hai1="42,40,60,103,105,61,5,78,133,128,29,95,104" hai2="47,85,53,67,11,57,17,34,51,65,73,100,88" hai3="10,68,48,32,130,77,70,66,101,75,125,46,28"/><V39/><F73/><W102/><G10/><T44/><D2/><U82/><E128/><V22/><F34/><W58/><G77/><T19/><D132/><U123/><E5/><V12/><F100/><W16/><G75/><T84/><D41/><U0/><E0/><V6/><F39/><W49/><G28/><T134/><D134/><U23/><E123/><V64/><F47/><W24/><G32/><T71/><D71/><U111/><E111/><V7/><REACH who="2" step="1"/><F11/><REACH who="2" ten="138,289,215,348" step="2"/><W114/><G46/><T116/><D116/><U110/><E103/><V15/><F15/><W9/><G102/><T107/><D107/><U59/><E105/><V121/><F121/><W52/><G9/><T74/><D74/><U108/><E104/><V4/><F4/><W79/><G101/><T31/><D124/><U135/><E135/><V27/><F27/><W55/><G24/><T112/><D126/><U80/><E133/><V119/><F119/><W14/><G125/><T131/><D131/><U30/><E110/><V54/><F54/><W45/><G130/><T129/><D129/><U37/><E108/><V127/><F127/><W81/><G52/><T13/><D112/><U117/><E37/><V20/><F20/><W25/><G25/><T18/><D84/><U56/><E23/><V72/><F72/><N who="3" m="43239" /><G114/><T98/><D13/><U109/><E109/><V35/><F35/><W83/><G45/><T89/><D44/><U90/><E117/><V1/><F1/><W99/><G14/><T86/><D21/><U118/><E118/><V38/><F38/><W69/><G55/><T76/><D36/><RYUUKYOKU ba="0,1" sc="138,-10,289,-10,215,30,348,-10" hai2="6,7,12,17,22,51,53,57,64,65,67,85,88" /><INIT seed="6,1,1,5,2,6" ten="128,279,245,338" oya="2" hai0="11,10,92,122,109,48,56,36,103,61,45,24,114" hai1="0,130,96,41,106,117,79,30,33,118,89,97,46" hai2="49,113,51,38,67,105,93,2,119,69,28,23,95" hai3="25,54,16,64,123,127,112,70,110,18,9,91,75"/><V68/><F119/><W80/><G110/><T35/><D109/><U115/><E0/><V12/><F105/><W128/><G123/><T131/><D122/><U40/><E79/><V133/><F38/><W5/><G70/><T44/><D114/><U73/><E73/><V15/><F2/><W76/><G64/><T20/><D131/><U42/><E46/><V108/><F113/><W116/><G112/><T132/><D132/><U66/><E115/><V88/><F133/><W43/><G116/><T102/><D35/><U135/><E66/><V77/><F77/><W22/><G127/><T86/><D36/><U62/><E62/><V17/><F108/><W65/><G65/><N who="0" m="39079" /><D86/><U8/><E130/><V53/><F69/><W121/><G121/><T14/><D14/><N who="2" m="5162" /><F68/><W124/><G124/><T99/><D103/><U100/><E135/><V21/><F67/><W72/><G72/><T107/><D107/><U57/><E118/><V87/><F95/><W32/><G128/><T31/><D44/><U126/><E126/><V37/><F37/><W111/><G32/><T55/><AGARI ba="1,1" hai="10,11,20,24,31,45,48,55,92,99,102" m="39079" machi="55" ten="30,7900,0" yaku="25,1,8,1,52,2" doraHai="6" who="0" fromWho="0" sc="128,92,279,-21,245,-40,338,-21" /><INIT seed="7,0,0,0,0,103" ten="220,258,205,317" oya="3" hai0="23,25,66,127,27,81,68,107,91,11,4,20,46" hai1="118,77,95,18,82,21,134,70,135,60,72,37,90" hai2="122,112,97,5,49,133,16,75,92,73,113,43,48" hai3="30,85,1,0,51,89,39,6,40,35,19,93,8"/><W33/><G39/><T34/><D34/><U38/><E118/><V80/><F5/><W94/><G0/><T14/><D68/><U115/><E115/><N who="2" m="44107" /><F133/><N who="1" m="50697" /><E60/><V15/><F122/><W13/><G30/><T54/><D107/><U88/><E90/><N who="2" m="55447" /><F80/><W32/><G94/><T110/><D66/><U50/><E50/><N who="2" m="19563" /><F43/><W31/><G40/><T111/><D127/><U130/><E130/><V87/><F87/><W105/><G51/><N who="0" m="29047" /><D111/><U61/><E38/><V106/><F106/><W102/><G105/><T56/><D56/><U86/><E37/><V2/><F2/><W28/><G1/><T47/><D47/><U24/><E61/><V84/><F84/><W78/><G85/><N who="0" m="50607" /><D110/><U129/><E129/><V3/><F3/><W123/><G35/><T42/><D42/><U26/><E70/><V64/><F64/><W108/><G33/><T120/><D120/><U125/><E125/><V41/><F41/><W104/><G32/><T57/><D57/><U128/><E128/><V101/><F101/><W62/><G102/><T74/><D74/><U126/><E126/><V22/><AGARI ba="0,0" hai="15,16,22,73,75" m="19563,55447,44107" machi="22" ten="30,2000,0" yaku="15,1,54,1" doraHai="103" who="2" fromWho="2" sc="220,-5,258,-5,205,20,317,-10" owari="215,-28.0,253,5.0,225,-17.0,307,40.0" /></mjloggm>