<mjloggm ver="2.3"><GO type="41" lobby="0"/><UN n0="%31%32%33%34%35%39%36%33" n1="%E3%82%84%E3%81%BE%E3%81%90%E3%81%A1%E3%81%8B%E3%81%9A%E3%81%8D" n2="%E3%83%8A%E3%83%B3%E3%83%90%E3%83%BC%E3%82%8D%E3%81%8F" n3="%E2%93%9D%53%75%70%68%78" dan="14,13,14,17" rate="1965.04,1879.79,2027.54,2052.00" sx="M,M,M,M"/><TAIKYOKU oya="0"/><INIT seed="0,0,0,5,1,104" ten="250,250,250,250" oya="0" hai0="113,86,19,79,58,48,47,16,9,105,50,53,96" hai1="134,112,25,60,83,76,106,59,84,123,101,12,66" hai2="57,92,122,49,56,120,27,94,128,118,35,42,107" hai3="135,18,24,15,67,10,52,45,125,43,124,102,63"/><T31/><D113/><U108/><E123/><V121/><F107/><W127/><G135/><T2/><D31/><U36/><E108/><V82/><F128/><W126/><G102/><T44/><D105/><U13/><E36/><V89/><F118/><W95/><G95/><T28/><D96/><U30/><E134/><V130/><F130/><W73/><G24/><T91/><D28/><U3/><E3/><V80/><F35/><W75/><N who="3" m="32000" /><DORA hai="93" /><W115/><G115/><T33/><D33/><U37/><E37/><V81/><F27/><W34/><G52/><T55/><D79/><U109/><E109/><V54/><F42/><W32/><G32/><T97/><D97/><U74/><E84/><V17/><F17/><W103/><G103/><T0/><D58/><U69/><E59/><V7/><F7/><W6/><G6/><T11/><D86/><U87/><E87/><V129/><F129/><W65/><G34/><T46/><D46/><U29/><E29/><V71/><F71/><N who="3" m="42431" /><G67/><T90/><AGARI ba="0,0" hai="0,2,9,11,16,19,44,47,48,50,53,55,90,91" machi="90" ten="25,9600,0" yaku="0,1,22,2,54,1" doraHai="104,93" who="0" fromWho="0" sc="250,96,250,-32,250,-32,250,-32" /><INIT seed="0,1,0,5,2,25" ten="346,218,218,218" oya="0" hai0="104,129,26,39,51,100,116,66,71,120,9,119,108" hai1="67,87,45,118,121,21,55,61,85,103,109,128,53" hai2="18,59,132,62,56,125,23,31,106,36,124,89,101" hai3="96,95,3,11,115,111,50,78,38,70,98,17,127"/><T8/><D120/><U79/><E109/><V43/><F132/><W0/><G38/><T14/><D108/><U82/><E128/><V22/><F106/><W47/><G70/><T15/><D129/><U41/><E121/><V54/><F101/><W135/><G127/><N who="2" m="48713" /><F89/><W77/><G115/><T112/><D112/><U97/><E118/><V5/><F5/><W42/><G98/><T126/><D126/><U44/><E87/><V107/><F107/><W7/><G3/><T19/><D39/><U110/><E21/><V134/><F134/><W91/><G135/><T81/><D104/><U6/><E6/><V133/><F133/><W33/><G111/><T12/><D100/><U35/><E35/><V86/><F86/><W28/><REACH who="3" step="1"/><G17/><REACH who="3" ten="346,218,218,208" step="2"/><T52/><D116/><U13/><E110/><V68/><F68/><W76/><G76/><T48/><D119/><U64/><E97/><V63/><F36/><W16/><G16/><T92/><D71/><U46/><E103/><V114/><F114/><W84/><G84/><T30/><D19/><U49/><E79/><V80/><F18/><W69/><G69/><T90/><D9/><U27/><E85/><V1/><F1/><W88/><G88/><T4/><D8/><U102/><E102/><V123/><F123/><W58/><G58/><T10/><D10/><U75/><E75/><V83/><F56/><W117/><G117/><T40/><D4/><U74/><E74/><V60/><F59/><W113/><G113/><T72/><D72/><U99/><E99/><V34/><F34/><W122/><G122/><T131/><D81/><RYUUKYOKU ba="1,1" sc="346,-10,218,-10,218,-10,208,30" hai3="0,7,11,28,33,42,47,50,77,78,91,95,96" /><INIT seed="1,2,1,2,5,55" ten="336,208,208,238" oya="1" hai0="25,35,109,62,124,90,122,77,0,85,123,71,66" hai1="116,53,10,120,7,113,73,27,64,125,106,43,129" hai2="104,6,51,121,112,23,54,11,76,78,38,57,45" hai3="36,61,92,39,32,29,2,28,31,3,80,14,26"/><U134/><E53/><V74/><F121/><N who="0" m="46090" /><D109/><U127/><E43/><V69/><F104/><W100/><G80/><T70/><D124/><U82/><E64/><V114/><F69/><W97/><G14/><T133/><D133/><U102/><E27/><V91/><F91/><W18/><G18/><T79/><D0/><U93/><E93/><V94/><F94/><W135/><G135/><T13/><D71/><U118/><E10/><V95/><F95/><W1/><REACH who="3" step="1"/><G61/><REACH who="3" ten="336,208,208,228" step="2"/><T126/><D13/><U128/><E82/><V119/><F119/><W34/><G34/><T117/><D117/><U107/><E7/><V22/><F112/><W19/><G19/><T111/><D126/><U4/><E4/><V42/><F114/><W131/><G131/><T130/><D130/><U88/><E134/><V5/><F5/><W16/><G16/><T103/><D111/><U21/><E113/><V98/><F78/><W101/><G101/><T52/><D103/><U59/><E102/><V40/><F40/><W60/><G60/><T37/><D79/><U48/><E127/><V75/><F75/><W12/><G12/><T89/><D77/><U115/><E115/><V67/><F67/><W81/><G81/><T105/><D35/><U17/><E125/><V65/><F65/><W72/><G72/><T9/><D66/><U63/><E73/><V87/><F74/><W58/><G58/><T15/><D62/><U47/><E116/><V86/><F76/><W24/><G24/><T110/><D110/><U96/><E118/><V56/><F56/><W41/><G41/><T33/><D33/><RYUUKYOKU ba="2,2" sc="336,-10,208,-10,208,-10,228,30" hai3="1,2,3,26,28,29,31,32,36,39,92,97,100" /><INIT seed="2,3,2,1,2,78" ten="326,198,198,258" oya="2" hai0="122,66,0,134,10,51,83,128,63,85,99,109,93" hai1="18,40,92,110,46,94,61,107,19,50,65,35,58" hai2="41,60,28,37,130,56,97,115,87,89,48,1,116" hai3="54,32,7,105,102,45,25,73,30,55,79,86,24"/><V12/><F115/><W17/><G73/><T31/><D122/><U101/><E35/><V29/><F116/><W118/><G118/><T53/><D109/><U108/><E107/><V71/><F1/><W34/><G7/><T131/><D134/><U3/><E3/><V125/><F37/><W114/><G114/><T38/><D38/><U43/><E43/><V111/><F111/><N who="1" m="42537" /><E101/><V67/><F125/><W75/><G75/><T6/><D31/><U76/><E76/><V91/><F130/><N who="0" m="49706" /><D51/><U9/><E9/><V26/><F71/><W20/><G34/><T95/><D53/><U52/><E40/><V84/><F97/><W62/><G105/><T59/><D99/><U14/><E14/><V90/><F12/><W44/><G102/><T8/><D8/><U27/><E27/><V39/><F39/><W33/><G33/><T42/><D42/><U123/><E123/><V129/><F129/><W2/><G2/><T104/><D104/><U13/><E13/><V112/><F112/><W22/><G32/><T57/><D57/><U70/><E70/><V121/><F121/><W106/><G106/><T113/><D113/><U132/><E132/><V77/><F26/><W98/><G98/><T120/><D120/><U15/><E15/><V11/><F11/><W126/><G25/><T64/><D64/><U47/><E46/><N who="2" m="25679" /><F87/><W5/><G86/><T74/><D74/><U16/><AGARI ba="3,2" hai="16,18,19,47,50,52,58,61,65,92,94" m="42537" machi="16" ten="30,4000,0" yaku="14,1,54,2" doraHai="78" who="1" fromWho="1" sc="326,-13,198,69,198,-23,258,-13" /><INIT seed="3,0,0,4,0,19" ten="313,267,175,245" oya="3" hai0="71,7,107,43,128,64,89,106,18,54,50,38,123" hai1="76,81,53,26,126,135,100,46,47,93,117,84,124" hai2="0,20,88,80,101,79,32,92,1,21,10,63,11" hai3="55,99,133,103,118,12,69,115,109,40,78,8,90"/><W82/><G115/><T27/><D123/><U4/><E117/><V60/><F32/><W127/><G118/><T57/><D128/><U33/><E135/><V13/><F101/><W29/><G69/><T61/><D7/><U104/><E104/><V113/><F113/><W17/><G127/><N who="1" m="48682" /><E4/><V85/><F1/><W48/><G109/><T51/><D89/><N who="1" m="53415" /><E100/><V111/><F111/><W132/><G40/><T95/><D95/><U9/><E9/><N who="2" m="3083" /><F13/><W105/><G29/><T74/><D74/><U66/><E66/><V28/><F0/><W52/><G90/><T122/><D122/><U45/><E33/><V112/><F28/><W16/><G17/><T49/><D106/><U15/><E15/><V36/><F36/><W94/><G105/><T6/><D107/><U96/><E96/><N who="2" m="57351" /><F112/><W42/><G133/><T67/><D6/><U86/><E26/><V24/><F24/><W14/><G14/><T119/><D119/><U62/><E62/><AGARI ba="0,0" hai="20,21,60,62,63,79,80,85" m="57351,3083" machi="62" ten="30,7700,0" yaku="8,1,52,2,54,1" doraHai="19" who="2" fromWho="1" sc="313,0,267,-77,175,77,245,0" /><INIT seed="4,0,0,5,4,95" ten="313,190,252,245" oya="0" hai0="15,8,92,94,86,107,123,121,39,40,14,38,45" hai1="118,71,79,4,72,84,83,34,87,27,131,117,75" hai2="23,82,13,128,37,56,134,108,67,111,33,43,130" hai3="66,126,9,21,135,20,124,104,53,114,69,115,35"/><T112/><D112/><N who="3" m="43049" /><G53/><T1/><D107/><U110/><E71/><V19/><F33/><W129/><G104/><T77/><D1/><U113/><E113/><V3/><F3/><W54/><G54/><T51/><D121/><U99/><E4/><V30/><F30/><W22/><G66/><T120/><D120/><U80/><E27/><V62/><F134/><W57/><G57/><T42/><D123/><U31/><E31/><V98/><F82/><W88/><G69/><T36/><D42/><U85/><E34/><V132/><F132/><W2/><G88/><T48/><D48/><U119/><E110/><V109/><REACH who="2" step="1"/><F98/><REACH who="2" ten="313,190,242,245" step="2"/><W25/><G135/><T116/><D116/><U97/><E131/><V52/><F52/><W47/><G129/><T59/><D40/><U103/><E103/><V12/><F12/><W74/><G35/><T11/><D15/><U68/><E68/><V16/><F16/><W76/><G2/><T49/><D14/><U41/><E41/><V127/><F127/><W58/><G126/><T81/><D81/><N who="1" m="31307" /><E79/><V44/><AGARI ba="0,1" hai="13,19,23,37,43,44,56,62,67,108,109,111,128,130" machi="44" ten="40,2700,0" yaku="1,1,0,1,53,0" doraHai="95" doraHaiUra="50" who="2" fromWho="2" sc="313,-13,190,-7,242,37,245,-7" /><INIT seed="5,0,0,4,1,119" ten="300,183,279,238" oya="1" hai0="9,30,130,50,32,53,135,125,120,25,78,21,62" hai1="128,67,12,42,71,26,123,116,27,28,51,117,45" hai2="44,87,92,59,122,22,93,52,43,7,79,84,126" hai3="63,86,98,65,46,83,61,115,80,68,91,127,66"/><U124/><E71/><V5/><F122/><W13/><G115/><T19/><D120/><U96/><E67/><V107/><F107/><W6/><G127/><T33/><D125/><U102/><E124/><V88/><F126/><W34/><G34/><T111/><D130/><U133/><E128/><V56/><F22/><W3/><G3/><T132/><D111/><U37/><E133/><N who="0" m="51273" /><D78/><U72/><E72/><V14/><F79/><W113/><G113/><T77/><D77/><U54/><E123/><V0/><F0/><W74/><G74/><T15/><D62/><U82/><E82/><V81/><F14/><W70/><G98/><T38/><D38/><U101/><E12/><V121/><F121/><W97/><G97/><T69/><D69/><U49/><E37/><V10/><F10/><W17/><G6/><T114/><D114/><U16/><E16/><V1/><F1/><W134/><G134/><T76/><D76/><U85/><E85/><V31/><F31/><W29/><G29/><T94/><D94/><U23/><E26/><V60/><F59/><AGARI ba="0,0" hai="9,15,19,21,25,30,32,33,50,53,59" m="51273" machi="59" ten="30,1000,0" yaku="20,1" doraHai="119" who="0" fromWho="2" sc="300,10,183,0,279,-10,238,0" /><INIT seed="6,0,0,3,1,21" ten="310,183,269,238" oya="2" hai0="31,70,46,87,95,88,125,85,89,64,135,67,60" hai1="117,102,115,55,99,81,130,124,101,134,24,86,2" hai2="4,52,76,92,15,131,41,62,30,114,32,26,80" hai3="118,72,116,66,49,91,120,33,127,128,59,103,93"/><V37/><F114/><W5/><G120/><T133/><D125/><U84/><E2/><V12/><F131/><W96/><G72/><T13/><D31/><U112/><E117/><V35/><F35/><W39/><G39/><T74/><D74/><U107/><E124/><V11/><F92/><W69/><G69/><T129/><D129/><U56/><E130/><V65/><F15/><W57/><G127/><T94/><D46/><U113/><E102/><V45/><F52/><N who="3" m="31887" /><G33/><T47/><D47/><U29/><E134/><V8/><F8/><W97/><G118/><T79/><D79/><U111/><E111/><V119/><F119/><W77/><G77/><T44/><D44/><U106/><E106/><V50/><F37/><W90/><G5/><T110/><D110/><U126/><E81/><V0/><F0/><W22/><G97/><T19/><REACH who="0" step="1"/><D67/><REACH who="0" ten="300,183,269,238" step="2"/><U38/><E126/><V73/><F65/><W17/><G128/><T43/><D43/><U78/><E78/><V108/><F108/><W123/><G116/><T16/><D16/><U100/><E38/><V82/><F73/><W71/><G123/><T83/><D83/><U7/><E7/><V25/><F80/><W54/><G66/><T51/><D51/><N who="1" m="30847" /><E101/><V40/><F40/><W105/><G103/><T58/><D58/><U75/><E75/><V14/><F76/><W42/><G42/><T6/><D6/><U132/><E132/><V20/><F82/><W28/><G59/><T98/><D98/><U61/><E61/><V1/><F62/><W27/><G96/><T9/><AGARI ba="0,1" hai="9,13,19,60,64,70,85,87,88,89,94,95,133,135" machi="9" ten="30,7900,0" yaku="1,1,0,1,9,1,54,1,53,0" doraHai="21" doraHaiUra="104" who="0" fromWho="0" sc="300,89,183,-20,269,-39,238,-20" /><INIT seed="7,0,0,1,1,42" ten="389,163,230,218" oya="3" hai0="71,77,117,78,22,115,27,98,50,49,9,82,95" hai1="4,128,0,23,59,94,30,55,126,20,102,52,48" hai2="125,104,26,37,96,105,18,86,130,114,107,116,89" hai3="66,60,81,62,106,92,5,46,74,39,127,36,14"/><W61/><G106/><T24/><D117/><U131/><E126/><V135/><F37/><W34/><G34/><T64/><D115/><U25/><E0/><V67/><F116/><W97/><G127/><T119/><D119/><U70/><E70/><V58/><F125/><W7/><G66/><T109/><D109/><U118/><E4/><V79/><F114/><W85/><G74/><T134/><D134/><U75/><E75/><V124/><F135/><W121/><G121/><T69/><D9/><U41/><E118/><V80/><F130/><W76/><G39/><T47/><D64/><U10/><E10/><V88/><F96/><W28/><G28/><T11/><D11/><U112/><E112/><V120/><F120/><W31/><G31/><T103/><D50/><U43/><E23/><V111/><F111/><W17/><G46/><T19/><D27/><U123/><E123/><V40/><F40/><W54/><G54/><T129/><D129/><U53/><E131/><V21/><F124/><W83/><G83/><T65/><D65/><U8/><E8/><V35/><F35/><W16/><G36/><T6/><D6/><N who="3" m="2057" /><G14/><T91/><D103/><AGARI ba="0,0" hai="16,17,60,61,62,76,81,85,92,97,103" m="2057" machi="103" ten="30,2900,0" yaku="8,1,54,1" doraHai="42" who="3" fromWho="0" sc="389,-29,163,0,230,0,218,29" /><INIT seed="7,1,0,0,0,92" ten="360,163,230,247" oya="3" hai0="8,36,22,13,6,100,55,95,91,89,88,49,20" hai1="12,101,31,80,129,102,108,72,99,43,69,98,111" hai2="62,70,52,126,45,53,124,28,27,76,46,25,79" hai3="94,128,57,106,11,9,132,44,86,65,41,33,87"/><W19/><G106/><T73/><D73/><U66/><E12/><V83/><F70/><W15/><G33/><T110/><D36/><U17/><E17/><V16/><F62/><W114/><G114/><T68/><D68/><U84/><E31/><V10/><F10/><W93/><G128/><T112/><D112/><U3/><E3/><V58/><F58/><W5/><G132/><T109/><D109/><U56/><E56/><V23/><F46/><W21/><G11/><T24/><D110/><N who="1" m="42027" /><E66/><V115/><F115/><W47/><G47/><N who="0" m="28095" /><D24/><U29/><E29/><V131/><F131/><W14/><G44/><T0/><D0/><U61/><E61/><V90/><F90/><N who="0" m="34922" /><D100/><N who="1" m="38507" /><E43/><V105/><F105/><W32/><G41/><T121/><D121/><U64/><E64/><V104/><F104/><W75/><G65/><T54/><D54/><N who="2" m="21098" /><F45/><W119/><G57/><T134/><D134/><U4/><E4/><V51/><F51/><W133/><G5/><T116/><D116/><U117/><E69/><V123/><F123/><W97/><G133/><T40/><D40/><U82/><E129/><V48/><F48/><W59/><G59/><T135/><D135/><U77/><E117/><V38/><F38/><W81/><G119/><T96/><AGARI ba="1,0" hai="6,8,13,20,22,91,95,96" m="34922,28095" machi="96" ten="30,4000,0" yaku="8,1,52,1,54,1" doraHai="92" who="0" fromWho="0" sc="360,43,163,-11,230,-11,247,-21" owari="403,50.0,152,-35.0,219,-18.0,226,3.0" /></mjloggm>