<mjloggm ver="2.3"><GO type="41" lobby="0"/><UN n0="%E6%9E%9D%E9%9B%80" n1="%E2%93%9D%53%75%70%68%78" n2="%6E%73%6B%31%39%38%32" n3="%31%32%33%34%35%39%36%33" dan="15,17,14,15" rate="2009.16,2077.13,1917.80,1978.36" sx="M,M,M,M"/><TAIKYOKU oya="0"/><INIT seed="0,0,0,3,4,79" ten="250,250,250,250" oya="0" hai0="71,53,119,74,42,131,22,120,114,83,75,64,110" hai1="105,48,109,81,43,45,36,78,7,5,15,39,2" hai2="85,14,6,125,27,107,117,112,129,18,61,134,91" hai3="25,95,46,69,103,50,54,97,70,4,56,40,101"/><T116/><D114/><U34/><E109/><V104/><F112/><W82/><G4/><T24/><D120/><U67/><E105/><V21/><F125/><W89/><G70/><T86/><D131/><U12/><E34/><V94/><F129/><W17/><G69/><T123/><D123/><U122/><E67/><V41/><F134/><W58/><G58/><T23/><D110/><U44/><E122/><V51/><F61/><W84/><G25/><T30/><D42/><U63/><E63/><V20/><F6/><W102/><REACH who="3" step="1"/><G17/><REACH who="3" ten="250,250,250,240" step="2"/><T37/><D71/><U118/><E7/><V29/><F117/><W35/><G35/><T132/><D116/><U108/><E118/><V19/><F19/><W62/><AGARI ba="0,1" hai="40,46,50,54,56,62,82,84,89,95,97,101,102,103" machi="62" ten="20,16000,3" yaku="1,1,0,1,7,1,8,1,52,1,53,3" doraHai="79" doraHaiUra="98" who="3" fromWho="3" sc="250,-80,250,-40,250,-40,240,170" /><INIT seed="1,0,0,0,3,5" ten="170,210,210,410" oya="1" hai0="81,63,22,88,3,49,14,34,100,51,73,126,128" hai1="120,24,0,21,103,57,133,69,30,61,90,84,111" hai2="62,52,50,135,44,79,29,102,115,124,68,9,17" hai3="54,15,129,59,13,89,86,43,122,40,2,132,93"/><U80/><E120/><V25/><F124/><W104/><G122/><T42/><D128/><U16/><E133/><V56/><F135/><W123/><G132/><T118/><D118/><U78/><E69/><V1/><F68/><W107/><G123/><T109/><D109/><U97/><E0/><V96/><F79/><W116/><G116/><T83/><D34/><U98/><E111/><V75/><F75/><W12/><G129/><T31/><D3/><U117/><E117/><V105/><F115/><W4/><G2/><T65/><D100/><U35/><E103/><V92/><F1/><W53/><G4/><T55/><D73/><U19/><E35/><V27/><F29/><W36/><G54/><T8/><D42/><U134/><E134/><V45/><F45/><W23/><G23/><T119/><D83/><U130/><E130/><V60/><F60/><W39/><G43/><T101/><D101/><U127/><E127/><V64/><REACH who="2" step="1"/><F105/><REACH who="2" ten="170,210,200,410" step="2"/><W95/><G104/><T77/><D77/><U37/><E78/><V110/><F110/><W94/><G107/><T108/><D31/><U46/><E46/><V87/><F87/><W28/><G28/><T112/><D63/><U67/><E37/><V114/><F114/><W26/><G39/><T85/><D112/><U18/><AGARI ba="0,1" hai="16,18,19,21,24,30,57,61,67,80,84,90,97,98" machi="18" ten="30,6000,0" yaku="0,1,8,1,54,1" doraHai="5" who="1" fromWho="1" sc="170,-20,210,70,200,-20,410,-20" /><INIT seed="1,1,0,2,4,125" ten="150,280,180,390" oya="1" hai0="1,123,20,88,102,86,14,113,124,95,35,87,98" hai1="67,121,26,92,43,4,94,84,47,134,68,39,122" hai2="118,133,85,107,16,90,27,110,28,81,9,63,22" hai3="11,70,132,10,23,130,5,13,89,112,30,65,52"/><U33/><E134/><V46/><F118/><W12/><G132/><T17/><D124/><U116/><E116/><V108/><F107/><W69/><G112/><T66/><D113/><U7/><E68/><V25/><F133/><W114/><G114/><T93/><D123/><U77/><E67/><V105/><F105/><W79/><G65/><T31/><D1/><U6/><E77/><V36/><F63/><W115/><G115/><T73/><D73/><U127/><E127/><V109/><F36/><W32/><G32/><T78/><D66/><U96/><E84/><V0/><F46/><W38/><G38/><T45/><D35/><U60/><E60/><V37/><F37/><W44/><G79/><T82/><REACH who="0" step="1"/><D45/><REACH who="0" ten="140,280,180,390" step="2"/><U2/><E2/><V131/><F0/><W62/><G44/><T21/><D21/><U41/><E121/><V99/><F9/><W126/><G126/><T58/><D58/><U128/><E122/><V101/><F27/><W106/><G23/><T71/><D71/><U120/><E120/><V117/><F117/><W15/><G69/><T51/><D51/><U104/><E33/><V49/><F49/><W83/><G70/><T103/><D103/><U97/><E47/><V19/><F28/><AGARI ba="1,1" hai="14,17,20,28,31,78,82,86,87,88,93,95,98,102" machi="28" ten="40,5200,0" yaku="1,1,8,1,54,1,53,0" doraHai="125" doraHaiUra="55" who="0" fromWho="2" sc="140,65,280,0,180,-55,390,0" /><INIT seed="2,0,0,5,2,129" ten="205,280,125,390" oya="2" hai0="54,118,28,4,44,85,36,47,9,46,114,82,90" hai1="58,110,42,79,10,135,126,59,101,19,127,1,12" hai2="33,120,128,115,24,55,125,14,77,75,123,134,3" hai3="50,25,26,17,111,76,113,7,107,56,100,70,98"/><V73/><F3/><W43/><G111/><T48/><D114/><U74/><E110/><V63/><F115/><W130/><G113/><T122/><D122/><U18/><E101/><V67/><F128/><W27/><G130/><T97/><D36/><U133/><E42/><V11/><F125/><N who="1" m="47625" /><E1/><V132/><F55/><W108/><G108/><T0/><D118/><U34/><E34/><V35/><F24/><W5/><G70/><T39/><D39/><U106/><E106/><V20/><F20/><W68/><G68/><T66/><D66/><U15/><E79/><V40/><F40/><W102/><G102/><T109/><D109/><U31/><E31/><V117/><F117/><W119/><G119/><T61/><D61/><U131/><E74/><N who="2" m="28171" /><F77/><W96/><G96/><T41/><D41/><U37/><E37/><V2/><F2/><W21/><G76/><T62/><D28/><U104/><E104/><V86/><F86/><W57/><G43/><T88/><D62/><U81/><E131/><V30/><F30/><W87/><G87/><T51/><D54/><U16/><E81/><V80/><F80/><W38/><G38/><T116/><D116/><U91/><E91/><V32/><F63/><W29/><G27/><T83/><D83/><U92/><E92/><V45/><F67/><W94/><G107/><T124/><REACH who="0" step="1"/><D124/><REACH who="0" ten="195,280,125,390" step="2"/><U64/><E64/><V95/><F45/><W105/><G50/><T72/><D72/><U23/><E19/><N who="2" m="8671" /><F95/><AGARI ba="0,1" hai="0,4,9,44,46,47,48,51,82,85,88,90,95,97" machi="95" ten="40,2600,0" yaku="1,1,54,1,53,0" doraHai="129" doraHaiUra="65" who="0" fromWho="2" sc="195,36,280,0,125,-26,390,0" /><INIT seed="3,0,0,1,1,45" ten="231,280,99,390" oya="3" hai0="101,23,133,62,68,123,14,26,85,120,3,65,77" hai1="99,102,96,34,117,98,109,67,39,69,131,38,70" hai2="90,94,89,74,51,119,134,79,30,41,66,18,58" hai3="4,121,82,25,86,105,6,108,76,54,11,103,75"/><W71/><G121/><T22/><D3/><U110/><E67/><V93/><F134/><W135/><G135/><T61/><D133/><U83/><E102/><V2/><F2/><W129/><G129/><T48/><D101/><U64/><E64/><V53/><F119/><W63/><G108/><N who="1" m="41578" /><E83/><V87/><F30/><W56/><G105/><T46/><D62/><U0/><E0/><V7/><F7/><W91/><G103/><T10/><D77/><U125/><E131/><V57/><F74/><W47/><G71/><N who="1" m="27146" /><E125/><V73/><F73/><W1/><G6/><T130/><D130/><U100/><E100/><V33/><F79/><W124/><G124/><T37/><D23/><U13/><E13/><V84/><F33/><W31/><G47/><T113/><D22/><U118/><E34/><V8/><F41/><W128/><G128/><T36/><D120/><U114/><E114/><V50/><F66/><W112/><G112/><T92/><D113/><U126/><E126/><V16/><F8/><W15/><G1/><T132/><D10/><U122/><E122/><V29/><F29/><W97/><G97/><T21/><D132/><U27/><E27/><V107/><REACH who="2" step="1"/><F107/><REACH who="2" ten="231,280,89,390" step="2"/><W20/><REACH who="3" step="1"/><G75/><REACH who="3" ten="231,280,89,380" step="2"/><T12/><D123/><U44/><E117/><V52/><AGARI ba="0,2" hai="16,18,50,51,52,53,57,58,84,87,89,90,93,94" machi="52" ten="30,24000,4" yaku="1,1,2,1,0,1,32,3,8,1,52,2,54,2,53,0" doraHai="45" doraHaiUra="35" who="2" fromWho="2" sc="231,-60,280,-60,89,260,380,-120" /><INIT seed="4,0,0,1,4,14" ten="171,220,349,260" oya="0" hai0="116,93,99,69,89,29,36,7,110,26,67,130,61" hai1="103,0,78,113,60,32,94,102,21,5,98,47,132" hai2="33,49,121,12,22,19,17,87,135,71,115,106,114" hai3="51,42,37,43,124,120,30,117,77,123,91,81,31"/><T46/><D116/><U20/><E32/><V119/><F106/><W10/><G117/><T122/><D122/><N who="3" m="46633" /><G124/><T86/><D130/><U48/><E132/><V134/><F71/><W112/><G112/><N who="2" m="43049" /><F119/><W2/><G37/><T15/><D110/><U104/><E113/><V8/><F87/><N who="3" m="50671" /><G77/><T109/><D109/><U84/><E0/><V4/><F49/><W52/><G2/><T40/><D7/><U16/><E5/><V28/><F121/><W90/><G90/><T92/><D15/><U105/><E103/><V53/><F53/><W129/><G129/><T13/><D13/><U126/><E104/><V65/><F65/><W76/><G76/><T83/><REACH who="0" step="1"/><D99/><REACH who="0" ten="161,220,349,260" step="2"/><U118/><E98/><V96/><F96/><W107/><G10/><T11/><D11/><U41/><E118/><V128/><F128/><W111/><G111/><T133/><D133/><N who="2" m="50698" /><F33/><AGARI ba="0,1" hai="26,29,33,36,40,46,61,67,69,83,86,89,92,93" machi="33" ten="30,11600,0" yaku="1,1,7,1,53,2" doraHai="14" doraHaiUra="88" who="0" fromWho="2" sc="161,126,220,0,349,-116,260,0" /><INIT seed="4,1,0,4,2,134" ten="287,220,233,260" oya="0" hai0="85,126,78,5,125,99,76,120,17,47,45,8,104" hai1="43,82,95,121,62,48,16,89,56,4,12,24,135" hai2="98,0,61,3,58,119,108,39,9,80,7,22,94" hai3="130,128,38,112,87,127,34,91,103,70,59,15,71"/><T75/><D120/><U73/><E135/><V129/><F108/><W51/><G112/><T74/><D17/><U54/><E121/><V29/><F39/><W81/><G38/><T92/><D47/><U133/><E133/><V55/><F129/><N who="3" m="49771" /><G34/><T111/><D45/><U105/><E105/><V68/><F119/><W28/><G28/><T36/><D36/><U109/><E109/><V90/><F68/><W72/><G103/><N who="0" m="62591" /><D111/><U83/><E73/><N who="0" m="27657" /><D8/><U60/><E4/><V114/><F114/><W100/><G100/><T40/><D40/><U21/><E24/><V49/><F80/><N who="1" m="30761" /><E43/><V93/><F93/><W117/><G72/><T132/><D5/><U122/><E122/><V131/><F131/><W101/><G101/><T26/><D26/><U20/><E21/><V65/><F22/><W53/><G117/><T35/><D35/><U19/><E19/><V113/><F113/><W86/><G86/><AGARI ba="1,0" hai="12,16,20,48,54,56,60,62,86,89,95" m="30761" machi="86" ten="30,3900,0" yaku="25,1,8,1,54,1" doraHai="134" who="1" fromWho="3" sc="287,0,220,42,233,0,260,-42" /><INIT seed="5,0,0,0,3,76" ten="287,262,233,218" oya="1" hai0="132,74,65,48,109,41,112,106,39,20,5,57,17" hai1="96,125,1,121,52,95,89,92,6,67,118,128,44" hai2="86,42,16,124,58,88,35,119,11,0,21,19,59" hai3="36,37,40,79,30,82,10,3,69,129,127,46,14"/><U104/><E118/><V94/><F119/><W116/><G116/><T4/><D109/><U91/><E121/><V73/><F35/><W15/><G129/><T87/><D74/><U131/><E67/><V2/><F73/><W22/><G127/><T126/><D106/><U130/><E125/><V13/><F124/><W25/><G69/><T133/><D126/><U53/><E104/><V122/><F122/><W83/><G37/><T68/><D39/><U31/><E31/><V93/><F42/><W84/><G3/><T81/><D68/><U107/><E107/><V97/><F0/><W71/><G71/><T108/><D112/><U78/><E78/><V26/><F2/><W113/><G113/><T7/><D108/><U85/><REACH who="1" step="1"/><E44/><REACH who="1" ten="287,252,233,218" step="2"/><V99/><REACH who="2" step="1"/><F86/><REACH who="2" ten="287,252,223,218" step="2"/><W32/><G84/><T55/><D87/><U75/><E75/><V134/><F134/><W60/><G36/><T47/><D132/><U102/><E102/><AGARI ba="0,2" hai="11,13,16,19,21,26,58,59,88,93,94,97,99,102" machi="102" ten="30,8000,1" yaku="1,1,7,1,8,1,54,2,53,0" doraHai="76" doraHaiUra="117" who="2" fromWho="1" sc="287,0,252,-80,223,100,218,0" /><INIT seed="6,0,0,3,1,43" ten="287,172,323,218" oya="2" hai0="81,107,53,24,49,19,92,108,83,99,76,126,101" hai1="86,22,110,71,74,118,20,94,90,41,30,135,66" hai2="50,62,18,9,128,35,17,69,103,32,59,29,124" hai3="2,117,79,11,15,5,65,0,80,72,123,61,93"/><V111/><F128/><W1/><G117/><T36/><D36/><U40/><E118/><V16/><F124/><W122/><REACH who="3" step="1"/><G93/><REACH who="3" ten="287,172,323,208" step="2"/><T114/><D92/><U112/><E94/><V78/><F111/><W37/><G37/><T100/><D108/><U131/><E110/><V38/><F38/><W42/><G42/><T39/><D39/><U105/><E41/><V85/><F103/><W133/><G133/><T95/><D101/><U70/><E40/><V120/><F120/><W46/><G46/><T96/><D95/><U129/><E135/><V26/><F35/><W21/><G21/><T115/><D100/><U57/><E22/><V127/><F32/><W56/><AGARI ba="0,1" hai="0,1,2,5,11,15,56,61,65,72,79,80,122,123" machi="56" ten="30,2000,0" yaku="1,1,0,1,53,0" doraHai="43" doraHaiUra="47" who="3" fromWho="3" sc="287,-5,172,-5,323,-10,208,30" /><INIT seed="7,0,0,4,1,14" ten="282,167,313,238" oya="3" hai0="100,3,21,11,133,102,5,87,85,37,106,4,128" hai1="93,110,113,28,59,91,86,44,101,53,75,119,30" hai2="90,9,45,23,77,71,98,64,83,60,33,0,19" hai3="69,10,122,41,15,7,117,73,40,97,38,51,20"/><W96/><G117/><T55/><D37/><U12/><E110/><V65/><F33/><W116/><G116/><T36/><D36/><U107/><E119/><V52/><F65/><W2/><G122/><T72/><D72/><U24/><E113/><V42/><F52/><W25/><G38/><T78/><D128/><U39/><E75/><V46/><F42/><W94/><G73/><T115/><D133/><U92/><E107/><V118/><F118/><W58/><G69/><T49/><D106/><U124/><E124/><V108/><F9/><W99/><G2/><T126/><D115/><U134/><E134/><V18/><F18/><W27/><G58/><T1/><D5/><U43/><E24/><V68/><F68/><W95/><G27/><T129/><D129/><U81/><E93/><N who="3" m="35338" /><G51/><T26/><D3/><U89/><E101/><V48/><F90/><W104/><G104/><T131/><D126/><U80/><E80/><V17/><F98/><W84/><G84/><T35/><D87/><U66/><E66/><V50/><F0/><W29/><AGARI ba="0,0" hai="7,10,15,20,25,29,40,41,96,97,99" m="35338" machi="29" ten="30,1500,0" yaku="8,1" doraHai="14" who="3" fromWho="3" sc="282,-5,167,-5,313,-5,238,15" /><INIT seed="7,1,0,3,0,94" ten="277,162,308,253" oya="3" hai0="83,34,124,129,117,112,25,70,82,13,36,89,26" hai1="76,99,39,14,134,49,71,19,35,100,86,103,69" hai2="96,135,115,106,114,6,81,57,84,110,66,61,12" hai3="104,10,68,18,23,65,64,93,59,4,75,131,128"/><W7/><G104/><T41/><D117/><U80/><E39/><V27/><F110/><W78/><G68/><T20/><D70/><U118/><E134/><V113/><F135/><W8/><G75/><T79/><D124/><U98/><E35/><V77/><F27/><W0/><G78/><T97/><D129/><N who="3" m="49737" /><G93/><T122/><D122/><U51/><E118/><V72/><F96/><N who="1" m="36905" /><E71/><V16/><F6/><N who="3" m="2091" /><G0/><T54/><D112/><U29/><E29/><V44/><F44/><W46/><G46/><T53/><D26/><U111/><E69/><V105/><F72/><W3/><G3/><T40/><D25/><U63/><E63/><V101/><F101/><N who="1" m="38985" /><E111/><V127/><F127/><W56/><G65/><T121/><D36/><U38/><E38/><V109/><F109/><W17/><G64/><T108/><D34/><U123/><E123/><V32/><F32/><W50/><G50/><T1/><D121/><U31/><E31/><V37/><F37/><W21/><G59/><T85/><D108/><U42/><E42/><V48/><F48/><W22/><G56/><T90/><D41/><U45/><E45/><V130/><F130/><W120/><G120/><T74/><D40/><U55/><E55/><V132/><F132/><W119/><G119/><T9/><D54/><U60/><E60/><V58/><F58/><W126/><G126/><T5/><D53/><U107/><E107/><V88/><F77/><W133/><G133/><T87/><D79/><U24/><E24/><V15/><F15/><W116/><G116/><T28/><D13/><U102/><E102/><V43/><F43/><RYUUKYOKU ba="1,0" sc="277,-30,162,10,308,10,253,10" hai1="14,19,49,51,76,80,86" hai2="12,16,57,61,66,81,84,88,105,106,113,114,115" hai3="8,10,17,18,21,22,23" /><INIT seed="7,2,0,2,5,15" ten="247,172,318,263" oya="3" hai0="111,90,121,45,33,101,19,2,43,17,98,70,26" hai1="87,7,132,131,66,10,12,122,83,103,39,109,95" hai2="16,8,72,31,24,14,46,74,93,64,37,11,53" hai3="41,84,50,133,65,23,29,134,113,57,105,55,49"/><W127/><G113/><T79/><D111/><U51/><E109/><V78/><F64/><W69/><G127/><T85/><D2/><U96/><E131/><V67/><F67/><W116/><G116/><T82/><D70/><U68/><E132/><N who="3" m="50794" /><G105/><T48/><D121/><U94/><E39/><V18/><F78/><W30/><G69/><T1/><D1/><U28/><E122/><V86/><F93/><W129/><G129/><T32/><D79/><U99/><E68/><V60/><F86/><W21/><G65/><T73/><D73/><U81/><E66/><V120/><F60/><W119/><G119/><T88/><D90/><U130/><E130/><V59/><F59/><W123/><G123/><T110/><D110/><U91/><E28/><N who="3" m="10858" /><G84/><T126/><D126/><U9/><E87/><V125/><F120/><W58/><G41/><T104/><REACH who="0" step="1"/><D26/><REACH who="0" ten="237,172,318,263" step="2"/><U75/><E75/><V5/><F125/><W54/><AGARI ba="2,1" hai="21,23,49,50,54,55,57,58" m="10858,50794" machi="54" ten="30,1500,0" yaku="20,1" doraHai="15" who="3" fromWho="3" sc="237,-7,172,-7,318,-7,263,31" /><INIT seed="7,3,0,1,3,103" ten="230,165,311,294" oya="3" hai0="94,111,119,65,91,53,48,96,75,115,98,116,46" hai1="49,92,10,109,104,47,73,15,14,112,59,45,57" hai2="1,129,52,86,135,126,58,64,56,44,41,99,62" hai3="34,89,110,2,76,67,12,66,16,32,69,21,8"/><W87/><G110/><T26/><D111/><U20/><E109/><V42/><F1/><W39/><G39/><T19/><D75/><U133/><E73/><V123/><F126/><W54/><G76/><T28/><D115/><U70/><E70/><V125/><F125/><W3/><G54/><T79/><D79/><U37/><E112/><V5/><F5/><W127/><G127/><T11/><D65/><U17/><E133/><V105/><F135/><W95/><G3/><T80/><D80/><U81/><E37/><V134/><F134/><W72/><G72/><T4/><D19/><U131/><E131/><V30/><F30/><W114/><G114/><T78/><D98/><U74/><E104/><V90/><F129/><W85/><G85/><T83/><D83/><U113/><E113/><V63/><F44/><W128/><G128/><T77/><D116/><U7/><E47/><V31/><F31/><W29/><G29/><T120/><D120/><U130/><E130/><V106/><F123/><W107/><G107/><T68/><D68/><U100/><E81/><V36/><F36/><W84/><G84/><T132/><D119/><U108/><E108/><V24/><F24/><W13/><G2/><T50/><D50/><U124/><E124/><V122/><F122/><W93/><G93/><T9/><D132/><U97/><REACH who="1" step="1"/><E74/><REACH who="1" ten="230,155,311,294" step="2"/><V18/><F106/><W71/><G71/><T61/><D46/><U0/><E0/><V27/><F105/><W38/><G38/><T121/><D121/><U102/><E102/><V25/><F42/><AGARI ba="3,1" hai="7,10,14,15,17,20,42,45,49,57,59,92,97,100" machi="42" ten="30,7700,0" yaku="1,1,7,1,8,1,53,1" doraHai="103" doraHaiUra="6" who="1" fromWho="2" sc="230,0,155,96,311,-86,294,0" /><INIT seed="8,0,0,5,4,21" ten="230,251,225,294" oya="0" hai0="58,97,109,118,122,38,39,84,16,117,76,81,129" hai1="37,68,6,64,66,20,77,93,57,70,106,60,8" hai2="50,126,112,130,123,134,89,56,108,28,116,35,3" hai3="71,92,36,91,102,47,99,80,0,113,51,94,107"/><T65/><D122/><U69/><E106/><V127/><RYUUKYOKU type="yao9" ba="0,0" sc="230,0,251,0,225,0,294,0" hai2="3,28,35,50,56,89,108,112,116,123,126,127,130,134" /><INIT seed="8,1,0,2,2,51" ten="230,251,225,294" oya="0" hai0="26,119,74,27,61,108,77,80,133,110,92,56,66" hai1="34,52,18,111,131,97,116,73,118,19,105,104,63" hai2="44,93,88,47,3,24,85,12,84,79,103,81,8" hai3="23,46,117,62,99,17,20,72,75,25,101,13,15"/><T69/><D119/><N who="1" m="45611" /><E111/><N who="0" m="42537" /><D133/><U57/><E131/><V124/><F124/><W41/><G117/><T71/><D92/><U76/><E34/><V64/><F3/><W1/><G1/><T5/><D5/><U40/><E40/><V95/><F64/><W49/><G62/><N who="0" m="40151" /><D71/><U43/><E43/><V107/><F107/><N who="1" m="41033" /><E97/><N who="2" m="59823" /><F24/><W28/><G99/><T32/><D32/><U21/><E21/><V113/><F113/><W22/><G101/><T102/><D102/><U67/><E67/><AGARI ba="1,0" hai="26,27,56,61,67,74,77,80" m="40151,42537" machi="67" ten="30,1500,0" yaku="10,1" doraHai="51" who="0" fromWho="1" sc="230,18,251,-18,225,0,294,0" /><INIT seed="8,2,0,3,0,32" ten="248,233,225,294" oya="0" hai0="110,30,20,21,45,51,128,19,78,31,55,53,116" hai1="56,71,100,67,23,121,6,54,112,14,28,50,93" hai2="62,4,75,133,123,17,10,72,104,87,0,119,15" hai3="79,16,131,82,59,64,80,2,11,108,68,102,134"/><T126/><D116/><U129/><E121/><V135/><F123/><W107/><G108/><T24/><D110/><U105/><E105/><V63/><F104/><W44/><G134/><N who="2" m="51209" /><F119/><W96/><G131/><T46/><D128/><U18/><E129/><V39/><F39/><W84/><G68/><T115/><D115/><U95/><E112/><V86/><F86/><W29/><G29/><T9/><D126/><U83/><E71/><V43/><F43/><W132/><G132/><T8/><D78/><U127/><E127/><V60/><F87/><W74/><G44/><T41/><D31/><U5/><E67/><V109/><F109/><W114/><G114/><T27/><REACH who="0" step="1"/><D53/><REACH who="0" ten="238,233,225,294" step="2"/><U66/><E28/><V57/><F57/><W25/><G59/><T47/><D47/><U52/><E54/><V97/><F97/><W12/><G96/><T88/><D88/><U85/><E66/><V111/><F111/><W65/><G65/><T48/><AGARI ba="2,1" hai="8,9,19,20,21,24,27,30,41,45,46,48,51,55" machi="48" ten="20,12000,1" yaku="1,1,0,1,7,1,8,1,53,1" doraHai="32" doraHaiUra="49" who="0" fromWho="0" sc="238,136,233,-42,225,-42,294,-42" owari="374,48.0,191,-21.0,183,-32.0,252,5.0" /></mjloggm>