<mjloggm ver="2.3"><GO type="41" lobby="0"/><UN n0="%E3%81%97%E3%82%8D%E3%81%BE%E3%82%81" n1="%E2%93%9D%53%75%70%68%78" n2="%66%6C%79%74%72%65%65" n3="%31%33%30%30%41%4C%4C" dan="14,18,14,13" rate="1896.52,2055.15,1966.22,1872.91" sx="M,M,F,M"/><TAIKYOKU oya="0"/><INIT seed="0,0,0,2,5,78" ten="250,250,250,250" oya="0" hai0="41,96,63,86,103,122,0,36,105,5,128,97,79" hai1="27,99,13,38,40,51,18,64,69,93,28,50,54" hai2="52,115,109,106,30,89,53,66,110,42,56,76,101" hai3="12,25,129,73,35,120,61,34,124,117,119,10,24"/><T74/><D122/><U31/><E38/><V135/><F115/><W118/><G73/><T91/><D96/><U21/><E69/><V98/><F42/><W108/><G120/><T19/><D128/><U16/><E64/><V9/><F135/><W46/><G46/><T29/><D29/><U20/><E40/><V114/><F114/><W83/><G129/><T1/><D5/><U77/><E77/><V7/><F30/><W26/><G61/><T126/><D126/><U88/><REACH who="1" step="1"/><E51/><REACH who="1" ten="250,240,250,250" step="2"/><V125/><F76/><W130/><G130/><T90/><D41/><U87/><E87/><V102/><F66/><W2/><G124/><T70/><D36/><U134/><E134/><V3/><F125/><W57/><G57/><AGARI ba="0,1" hai="13,16,18,20,21,27,28,31,50,54,57,88,93,99" machi="57" ten="30,12000,2" yaku="1,1,7,1,8,1,54,2,53,1" doraHai="78" doraHaiUra="95" who="1" fromWho="3" sc="250,0,240,130,250,0,250,-120" /><INIT seed="1,0,0,4,4,18" ten="250,370,250,130" oya="1" hai0="67,82,38,65,95,120,74,60,107,49,15,86,123" hai1="44,69,93,106,84,114,51,92,133,112,24,48,72" hai2="75,59,10,101,55,132,47,12,19,66,68,100,32" hai3="85,7,58,78,81,113,121,56,63,50,122,40,88"/><U22/><E106/><V53/><F75/><W90/><G113/><T28/><D107/><U71/><E72/><V103/><F68/><W125/><G125/><T70/><D38/><U25/><E84/><V124/><F124/><W87/><G7/><T61/><D28/><U9/><E9/><V130/><F32/><W64/><G78/><T108/><D74/><U117/><E44/><V42/><F130/><W110/><G110/><T131/><D131/><U76/><E76/><V91/><F132/><W111/><G111/><T36/><D108/><U116/><REACH who="1" step="1"/><E22/><REACH who="1" ten="250,360,250,130" step="2"/><V129/><F129/><W33/><G33/><T8/><D86/><U97/><E97/><V77/><F77/><W34/><G34/><T4/><D120/><U6/><E6/><V20/><F10/><W30/><G122/><T109/><D123/><U119/><E119/><V57/><F91/><W127/><G127/><T62/><D109/><U98/><E98/><V17/><F47/><N who="3" m="25959" /><G121/><T39/><D8/><U29/><E29/><V96/><F17/><W104/><G104/><T16/><D4/><U126/><E126/><V23/><F23/><W94/><G30/><T128/><D128/><U80/><E80/><V37/><F96/><W79/><G79/><T14/><D82/><U83/><E83/><V2/><F19/><W89/><G89/><T31/><D31/><U115/><E115/><V13/><F100/><W45/><G45/><T3/><D16/><U41/><E41/><V35/><F42/><W1/><G1/><T21/><D3/><U27/><E27/><V46/><F2/><W43/><G43/><RYUUKYOKU ba="0,1" sc="250,-15,360,15,250,-15,130,15" hai1="24,25,48,51,69,71,92,93,112,114,116,117,133" hai3="56,58,63,64,81,85,87,88,90,94" /><INIT seed="1,1,1,3,5,133" ten="235,375,235,145" oya="1" hai0="55,71,62,105,113,9,26,40,11,119,22,38,76" hai1="30,107,5,82,111,32,63,8,73,46,108,67,126" hai2="68,4,110,121,58,10,25,88,43,75,53,52,100" hai3="64,116,90,125,61,98,96,28,51,23,79,80,78"/><U42/><E107/><V6/><F121/><W66/><G116/><T0/><D113/><U72/><E30/><V130/><F68/><W74/><G79/><T93/><D119/><U95/><E95/><V106/><F75/><W16/><G28/><T120/><D105/><U102/><E102/><V27/><F110/><N who="1" m="42025" /><E82/><V17/><F130/><W83/><G64/><T122/><D76/><U2/><E32/><V104/><F100/><W124/><G51/><T89/><D40/><U87/><E87/><V50/><F43/><W56/><G83/><T44/><D38/><N who="1" m="21847" /><E126/><N who="3" m="48746" /><G90/><T135/><D89/><U54/><E54/><V35/><F52/><W101/><G101/><T86/><D55/><U14/><E2/><V1/><F1/><W39/><G39/><T47/><D0/><U117/><E117/><V18/><F53/><W45/><G45/><T12/><D47/><U37/><E37/><V33/><F88/><W19/><G19/><T99/><D44/><U129/><E129/><V7/><F17/><W3/><G3/><T128/><D128/><U21/><E73/><V57/><F4/><W59/><G59/><T69/><D120/><U103/><E103/><V31/><F104/><W29/><G29/><T36/><D36/><U13/><E72/><V92/><F106/><W91/><G91/><T123/><D122/><U134/><E67/><V127/><F33/><W49/><G49/><T20/><D123/><U70/><E5/><V114/><F6/><W112/><G112/><T84/><D62/><U77/><E63/><V60/><F60/><W118/><G118/><T65/><D65/><RYUUKYOKU ba="1,1" sc="235,-10,375,-10,235,-10,145,30" hai3="16,23,56,61,66,74,78,80,96,98" /><INIT seed="2,2,1,2,0,131" ten="225,365,225,175" oya="2" hai0="89,75,119,33,46,10,96,45,13,26,47,91,115" hai1="127,74,48,73,27,104,78,120,121,85,118,90,9" hai2="111,105,106,11,77,82,116,55,87,20,18,71,128" hai3="61,122,124,52,32,42,34,92,129,93,81,69,4"/><V56/><F116/><W54/><G122/><N who="1" m="47210" /><E127/><V123/><F123/><W38/><G129/><T135/><D115/><U15/><E104/><V108/><F128/><W95/><G124/><T76/><D119/><U98/><E98/><V5/><F71/><W117/><G4/><T14/><D75/><U49/><E27/><V51/><F20/><W8/><G8/><T2/><D2/><U63/><E63/><V22/><F11/><W80/><G117/><T99/><D76/><U126/><E126/><V133/><F5/><W1/><G1/><T79/><D79/><U62/><E62/><V7/><F7/><W66/><G42/><T88/><D33/><U114/><E114/><V0/><F0/><W59/><G38/><T110/><D110/><N who="2" m="42026" /><F133/><W28/><G54/><T53/><D53/><U101/><E74/><V83/><F83/><W19/><G19/><T30/><D30/><U50/><E73/><V25/><AGARI ba="2,1" hai="18,22,25,51,55,56,77,82,87,105,106" m="42026" machi="25" ten="30,3000,0" yaku="14,1,10,1" doraHai="131" who="2" fromWho="2" sc="225,-12,365,-12,225,46,175,-12" /><INIT seed="2,3,0,2,5,108" ten="213,353,271,163" oya="2" hai0="133,75,119,26,57,115,126,8,0,37,79,34,121" hai1="99,72,90,20,95,45,49,56,98,87,61,124,103" hai2="52,36,4,40,58,127,106,113,6,3,38,132,101" hai3="92,16,54,122,24,85,89,17,104,118,28,68,76"/><V15/><F113/><W2/><G118/><T11/><D79/><U86/><E72/><V30/><F127/><W14/><G122/><T60/><D11/><U51/><E124/><V32/><F3/><W21/><G104/><T66/><D26/><U69/><E69/><V41/><F132/><W116/><G116/><T27/><D27/><U120/><E120/><V22/><F32/><W62/><G2/><T7/><D66/><U12/><E87/><V44/><F30/><W107/><G107/><T50/><D8/><U18/><E45/><V91/><F40/><W71/><G76/><T5/><D5/><U114/><E114/><V125/><F125/><W134/><G134/><T123/><D7/><U130/><E130/><V117/><F36/><W35/><G62/><T109/><D60/><U9/><E9/><V111/><F111/><W135/><G135/><T63/><D50/><N who="1" m="18955" /><E103/><V88/><F117/><W19/><REACH who="3" step="1"/><G54/><AGARI ba="3,0" hai="12,18,20,54,56,61,86,90,95,98,99" m="18955" machi="54" ten="30,1000,0" yaku="8,1" doraHai="108" who="1" fromWho="3" sc="213,0,353,19,271,0,163,-19" /><INIT seed="3,0,0,5,3,7" ten="213,372,271,144" oya="3" hai0="68,78,81,109,30,47,91,57,64,63,8,76,105" hai1="103,84,4,11,28,128,99,5,73,43,124,133,19" hai2="49,129,22,69,44,48,132,25,23,125,90,97,42" hai3="0,83,35,134,87,108,62,122,131,37,80,31,114"/><W95/><G122/><T24/><D105/><U52/><E73/><V77/><F69/><W110/><G114/><T6/><D109/><N who="3" m="42089" /><G37/><T27/><D47/><U51/><E128/><V89/><F129/><W21/><G131/><T130/><D130/><U45/><E133/><V50/><F132/><W123/><G123/><T100/><D100/><U98/><E28/><V117/><F117/><W115/><G115/><T120/><D120/><U72/><E72/><V1/><F125/><W32/><G0/><T113/><D113/><U40/><E84/><V85/><F1/><W118/><G118/><T55/><D91/><N who="2" m="34826" /><F97/><N who="1" m="36873" /><E103/><V61/><F61/><W36/><G36/><T14/><D81/><N who="3" m="31305" /><G134/><T56/><D68/><U12/><E124/><V102/><F102/><W88/><G62/><T94/><D94/><U126/><E126/><V127/><F127/><W107/><G107/><T59/><D56/><U93/><E93/><V29/><F44/><W92/><G95/><T86/><D86/><U82/><E82/><N who="2" m="47311" /><F42/><AGARI ba="0,0" hai="4,5,11,12,19,40,42,43,45,51,52" m="36873" machi="42" ten="30,3900,0" yaku="8,1,52,1,54,1" doraHai="7" who="1" fromWho="2" sc="213,0,372,39,271,-39,144,0" /><INIT seed="4,0,0,2,2,52" ten="213,411,232,144" oya="0" hai0="77,98,91,102,49,11,32,108,112,70,116,0,16" hai1="76,89,38,107,65,27,90,120,69,82,110,135,12" hai2="111,81,125,60,134,104,105,121,85,62,7,100,80" hai3="13,48,123,113,36,47,131,92,35,50,22,128,18"/><T25/><D116/><U103/><E110/><V54/><F111/><W93/><G35/><T20/><D108/><U14/><E135/><V106/><F134/><W63/><G123/><T34/><D70/><U129/><E129/><V71/><F121/><W30/><G113/><T1/><D112/><U67/><E107/><V79/><F125/><W26/><G63/><T119/><D119/><U42/><E103/><V97/><F7/><W114/><G114/><T6/><D0/><U66/><E42/><V59/><F71/><W10/><G36/><T2/><D1/><U94/><E27/><V43/><F43/><W29/><G29/><T87/><D77/><U9/><E14/><V46/><F46/><W21/><G21/><T83/><REACH who="0" step="1"/><D49/><REACH who="0" ten="203,411,232,144" step="2"/><U57/><E69/><V95/><F80/><W133/><G50/><T41/><D41/><U127/><E120/><V19/><F60/><W5/><G133/><T17/><D17/><U44/><E76/><V37/><F37/><W122/><G122/><T109/><D109/><U78/><E78/><V40/><F40/><N who="3" m="24679" /><G5/><T23/><D23/><U68/><E68/><V61/><F61/><W75/><G75/><T86/><D86/><U51/><E38/><V84/><REACH who="2" step="1"/><F19/><REACH who="2" ten="203,411,222,144" step="2"/><W56/><G131/><T45/><D45/><U53/><E44/><V55/><F55/><W4/><G128/><T33/><D33/><U96/><E67/><V132/><F132/><W8/><G4/><T73/><D73/><AGARI ba="0,2" hai="54,59,62,73,79,81,84,85,95,97,100,104,105,106" machi="73" ten="40,2600,0" yaku="1,1,52,1,53,0" doraHai="52" doraHaiUra="126" who="2" fromWho="0" sc="203,-26,411,0,222,46,144,0" /><INIT seed="5,0,0,4,1,11" ten="177,411,268,144" oya="1" hai0="98,21,117,20,39,28,130,89,128,19,73,0,13" hai1="34,65,108,104,17,50,109,2,72,52,60,32,92" hai2="116,127,124,24,83,16,18,99,14,40,46,118,30" hai3="131,15,132,90,93,5,91,81,35,87,70,129,79"/><U135/><E104/><V84/><F99/><W115/><G35/><T85/><D73/><U43/><E43/><V62/><F62/><W121/><G70/><T42/><D0/><U106/><E106/><V102/><F102/><W59/><G59/><T22/><D117/><U133/><E17/><V77/><F18/><W6/><G5/><T120/><D120/><U74/><E92/><V67/><F67/><W64/><G64/><T75/><D75/><N who="1" m="28715" /><E2/><V7/><F7/><W123/><G15/><T25/><D98/><U134/><E60/><V57/><F57/><W101/><G6/><T114/><D114/><U125/><E125/><N who="2" m="48203" /><F30/><W71/><G71/><T80/><REACH who="0" step="1"/><D22/><REACH who="0" ten="167,411,268,144" step="2"/><U122/><E122/><N who="3" m="46602" /><G115/><T41/><D41/><U48/><E34/><V86/><F86/><W1/><G1/><T126/><D126/><U103/><E32/><V36/><F24/><W47/><G132/><T27/><D27/><U66/><E135/><V113/><F113/><W38/><G38/><T56/><D56/><U63/><E134/><V94/><F94/><W69/><G69/><T68/><D68/><U29/><E133/><V82/><F82/><W111/><G47/><AGARI ba="0,1" hai="13,19,20,21,25,28,39,42,47,80,85,89,128,130" machi="47" ten="40,5200,0" yaku="1,1,52,1,53,1" doraHai="11" doraHaiUra="9" who="0" fromWho="3" sc="167,62,411,0,268,0,144,-52" /><INIT seed="6,0,0,5,5,114" ten="229,411,268,92" oya="2" hai0="105,27,41,100,38,82,54,81,122,59,43,64,9" hai1="24,51,83,107,113,104,36,15,112,74,39,47,111" hai2="48,87,108,17,33,134,40,57,71,46,86,35,97" hai3="49,4,128,0,88,2,56,84,13,7,85,80,50"/><V133/><F71/><W66/><G128/><T103/><D122/><U91/><E111/><V130/><F108/><W98/><G0/><T126/><D126/><U77/><E24/><V31/><F130/><W102/><G2/><T26/><D64/><U60/><E91/><V119/><F17/><W99/><G85/><N who="2" m="32265" /><F97/><W135/><G135/><N who="2" m="51721" /><F31/><W72/><G72/><T20/><D38/><N who="1" m="14379" /><E15/><V116/><F57/><W115/><G99/><T101/><D105/><U62/><E107/><V44/><F44/><W120/><G115/><N who="1" m="44106" /><E104/><V23/><F23/><W61/><G120/><T34/><D34/><AGARI ba="0,0" hai="33,34,35,40,46,48,116,119" m="51721,32265" machi="34" ten="30,5800,0" yaku="20,1,52,2" doraHai="114" who="2" fromWho="0" sc="229,-58,411,0,268,58,92,0" /><INIT seed="6,1,0,1,4,33" ten="171,411,326,92" oya="2" hai0="83,126,85,74,73,87,129,84,59,10,128,93,120" hai1="107,47,11,78,63,1,94,31,130,24,112,100,65" hai2="97,29,116,18,8,45,37,28,105,23,79,42,135" hai3="20,114,77,101,106,40,52,70,124,30,38,104,68"/><V89/><F116/><W81/><G124/><T98/><D126/><U41/><E112/><V103/><F135/><W32/><G114/><T122/><D10/><U48/><E107/><V13/><F79/><W12/><G32/><T111/><D111/><U16/><E130/><N who="0" m="50281" /><D59/><U108/><E108/><V132/><F132/><W71/><G40/><T125/><D125/><U43/><E43/><V92/><REACH who="2" step="1"/><F8/><REACH who="2" ten="171,411,316,92" step="2"/><W61/><G77/><T0/><D122/><U19/><E78/><V90/><F90/><W53/><G101/><T15/><D120/><U9/><E9/><V69/><F69/><W7/><G71/><T133/><D133/><U102/><E102/><V21/><F21/><W49/><G20/><T55/><D74/><U115/><E115/><V67/><F67/><W14/><G70/><T44/><D73/><U57/><E11/><V117/><F117/><W119/><G68/><T34/><D34/><U51/><E100/><V96/><AGARI ba="1,1" hai="13,18,23,28,29,37,42,45,89,92,96,97,103,105" machi="96" ten="20,3900,0" yaku="1,1,0,1,7,1,53,0" doraHai="33" doraHaiUra="64" who="2" fromWho="2" sc="171,-14,411,-14,316,52,92,-14" /><INIT seed="6,2,0,3,2,118" ten="157,397,368,78" oya="2" hai0="135,68,73,108,17,53,61,31,8,97,104,90,85" hai1="113,101,70,66,56,21,69,33,13,128,14,3,114" hai2="46,29,55,84,95,1,120,27,20,16,80,2,65" hai3="100,47,91,88,122,92,42,96,10,103,133,43,102"/><V40/><F120/><W22/><G133/><T25/><D73/><U9/><E33/><V41/><F65/><W49/><G122/><T28/><D108/><U18/><E3/><V75/><F75/><W35/><G35/><T59/><D135/><U60/><E101/><V7/><F95/><W63/><G10/><T24/><D68/><U50/><E128/><V36/><F7/><W44/><G22/><T30/><D104/><U74/><E74/><V15/><F55/><W45/><G63/><T5/><D25/><U77/><E77/><V72/><F40/><W117/><G117/><T12/><D85/><U26/><E14/><V106/><F106/><W127/><G127/><T54/><D53/><U4/><REACH who="1" step="1"/><E50/><REACH who="1" ten="157,387,368,78" step="2"/><V0/><F72/><W110/><G110/><T58/><D12/><U123/><E123/><V93/><F93/><W126/><G126/><T131/><D24/><U99/><E99/><V52/><F84/><W115/><G115/><AGARI ba="2,1" hai="4,9,13,18,21,26,56,60,66,69,70,113,114,115" machi="115" ten="40,5200,0" yaku="1,1,15,1,53,1" doraHai="118" doraHaiUra="57" who="1" fromWho="3" sc="157,0,387,68,368,0,78,-58" /><INIT seed="7,0,0,0,5,117" ten="157,455,368,20" oya="3" hai0="119,19,131,95,84,82,11,43,25,47,76,45,46" hai1="105,118,120,128,112,113,126,1,121,79,44,93,123" hai2="64,92,71,86,55,23,12,73,38,97,101,80,116" hai3="100,13,8,134,24,62,61,87,2,74,50,39,90"/><W130/><G39/><T53/><D119/><U94/><E118/><V54/><F116/><W70/><G74/><T77/><D131/><U48/><E105/><V57/><F38/><W122/><G130/><T58/><D76/><U83/><E128/><V133/><F133/><W78/><G2/><T35/><D95/><U28/><E126/><V89/><F71/><W6/><G78/><T63/><D35/><U135/><E28/><V102/><F73/><W34/><G134/><T106/><D106/><U7/><E7/><V99/><F64/><W98/><G70/><T124/><D124/><U41/><E1/><V31/><F31/><W9/><G50/><T36/><D25/><U52/><E41/><V127/><F127/><W129/><G129/><T60/><D63/><U33/><E33/><V110/><F110/><W85/><G9/><T51/><D36/><U27/><E27/><V125/><F125/><W81/><G87/><T132/><D132/><U56/><E44/><V26/><F12/><AGARI ba="0,0" hai="11,12,19,43,45,46,47,51,53,58,60,77,82,84" machi="12" ten="40,1300,0" yaku="8,1" doraHai="117" who="0" fromWho="2" sc="157,13,455,0,368,-13,20,0" owari="170,-23.0,455,55.0,355,16.0,20,-48.0" /></mjloggm>