<mjloggm ver="2.3"><GO type="41" lobby="0"/><UN n0="%E2%93%9D%53%75%70%68%78" n1="%E3%82%B7%E3%82%A7%E3%83%AA%E3%83%BC%E3%83%A2%E3%83%A2" n2="%E3%82%AC%E3%83%83%E3%83%84%E3%83%A1%E3%82%A4%E3%82%B7" n3="%6E%6F%6D%69%6F" dan="18,14,15,15" rate="2086.62,1937.55,1935.08,2026.17" sx="M,F,M,M"/><TAIKYOKU oya="0"/><INIT seed="0,0,0,0,1,33" ten="250,250,250,250" oya="0" hai0="11,126,43,46,66,5,13,10,96,26,79,52,109" hai1="61,69,94,62,71,9,128,118,83,80,63,28,135" hai2="68,1,104,114,34,42,30,91,24,12,50,99,131" hai3="132,77,95,3,15,45,55,22,72,58,120,105,47"/><T89/><D126/><U36/><E118/><V117/><F114/><W90/><G105/><T53/><D109/><U74/><E36/><V65/><F1/><W41/><G132/><T59/><D79/><U60/><E28/><V119/><F131/><W127/><G127/><T103/><D89/><U81/><E74/><V87/><F12/><W123/><G3/><T133/><D133/><U92/><E135/><V70/><F50/><W121/><G41/><T40/><D26/><U23/><N who="1" m="15360" /><DORA hai="76" /><U54/><E54/><V75/><F75/><W78/><G15/><T97/><D66/><U35/><E35/><V49/><F49/><N who="3" m="31087" /><G22/><T37/><D59/><U108/><E108/><V115/><F42/><W112/><G112/><T82/><D43/><U122/><E23/><V14/><F14/><W113/><G113/><T20/><D20/><U25/><E25/><V18/><F18/><W19/><G19/><T107/><D11/><U32/><E32/><V64/><F64/><W98/><G77/><T111/><D111/><U8/><E128/><V86/><F65/><W130/><G130/><T16/><D5/><U39/><E39/><V57/><F57/><W102/><G102/><T51/><D37/><U48/><E122/><V93/><F115/><W56/><G56/><T116/><D116/><N who="2" m="44618" /><F104/><W38/><G38/><T129/><D129/><U27/><E48/><V100/><F100/><W110/><G110/><T125/><D125/><U21/><E21/><V4/><F4/><W44/><G44/><T0/><D103/><U7/><E7/><V106/><F106/><W134/><G134/><RYUUKYOKU ba="0,0" sc="250,-15,250,-15,250,15,250,15" hai2="24,30,34,68,70,86,87,91,93,99" hai3="45,47,72,78,90,95,98,120,121,123" /><INIT seed="1,1,0,3,4,43" ten="235,235,265,265" oya="1" hai0="74,71,49,126,63,52,9,28,89,81,118,82,78" hai1="6,47,132,44,23,133,46,56,131,112,39,130,19" hai2="84,33,12,8,120,59,40,34,41,129,124,114,88" hai3="117,134,45,64,108,77,110,109,123,18,99,116,91"/><U14/><E6/><V62/><F120/><W128/><G18/><T25/><D126/><U22/><E112/><V29/><F124/><W95/><G64/><T7/><D118/><N who="3" m="45673" /><G45/><T37/><D37/><U79/><E79/><V36/><F129/><N who="1" m="49161" /><E39/><V69/><F69/><W20/><G20/><T107/><D107/><U96/><E96/><V66/><F114/><W86/><G128/><T122/><D122/><U92/><E92/><V103/><F103/><W2/><G2/><T50/><D82/><U105/><E105/><V13/><F13/><W113/><G113/><T80/><D80/><U101/><E101/><V5/><F29/><W32/><G32/><T100/><D100/><U119/><E119/><V24/><F24/><W58/><G58/><T1/><D71/><U4/><E4/><V26/><F26/><W83/><G123/><T68/><D68/><U104/><E104/><V27/><F27/><W135/><AGARI ba="1,0" hai="77,83,86,91,95,99,108,109,110,134,135" m="45673" machi="135" ten="40,8000,1" yaku="14,1,12,1,34,2" doraHai="43" who="3" fromWho="3" sc="235,-21,235,-41,265,-21,265,83" /><INIT seed="2,0,0,0,2,117" ten="214,194,244,348" oya="2" hai0="132,133,129,111,26,40,9,30,118,24,112,62,25" hai1="72,67,15,135,3,36,7,123,86,126,51,35,74" hai2="134,53,0,87,33,68,84,102,127,49,46,60,105" hai3="28,108,71,63,121,29,75,43,100,82,59,80,95"/><V93/><F0/><W11/><G71/><T38/><D40/><U47/><E35/><V1/><F1/><W50/><G108/><T34/><D38/><U98/><E36/><V96/><F127/><W131/><G131/><T70/><D111/><U56/><E3/><V52/><F134/><N who="0" m="51818" /><D62/><U61/><E135/><V16/><F33/><W32/><G11/><T113/><D70/><U101/><E126/><V109/><F105/><W39/><G39/><T13/><D118/><U69/><E69/><V99/><F99/><W57/><G75/><T119/><D119/><U125/><E125/><V41/><F109/><W120/><G32/><T64/><D64/><U12/><E12/><V21/><F68/><W114/><G43/><T23/><D129/><U20/><E86/><N who="2" m="32811" /><F60/><W89/><G114/><N who="0" m="44139" /><D34/><U115/><E115/><V54/><F41/><W104/><G63/><T31/><D31/><U106/><E123/><V58/><F46/><W37/><G37/><T42/><D42/><U91/><E91/><V94/><F94/><W27/><G89/><T124/><D124/><U65/><E65/><V55/><F55/><W2/><G95/><T103/><D103/><U5/><E74/><V110/><F110/><W90/><G100/><T107/><D107/><U8/><E72/><V73/><F73/><W66/><G104/><T97/><D97/><U83/><E83/><V4/><F4/><AGARI ba="0,0" hai="4,9,13,23,24,25,26,30" m="44139,51818" machi="4" ten="30,3900,0" yaku="20,1,34,2" doraHai="117" who="0" fromWho="2" sc="214,39,194,0,244,-39,348,0" /><INIT seed="3,0,0,4,5,122" ten="253,194,205,348" oya="3" hai0="6,93,135,109,123,31,118,2,70,130,127,107,124" hai1="105,38,24,73,86,56,117,17,72,132,104,40,96" hai2="87,62,60,28,44,3,59,90,50,52,108,4,21" hai3="68,121,53,64,94,113,129,100,0,83,48,126,81"/><W36/><G121/><T88/><RYUUKYOKU type="yao9" ba="0,0" sc="253,0,194,0,205,0,348,0" hai0="2,6,31,70,88,93,107,109,118,123,124,127,130,135" /><INIT seed="3,1,0,4,1,58" ten="253,194,205,348" oya="3" hai0="91,7,77,122,76,12,75,86,81,26,0,45,32" hai1="19,51,109,6,111,90,100,102,84,65,131,13,52" hai2="119,92,2,66,59,31,70,79,123,112,129,55,98" hai3="1,48,110,34,132,78,35,62,118,83,103,29,127"/><W106/><BYE who="2" /><G118/><UN n2="%E3%82%AC%E3%83%83%E3%83%84%E3%83%A1%E3%82%A4%E3%82%B7" /><T53/><D122/><U93/><E6/><V17/><F112/><W14/><G1/><T43/><D12/><U60/><E131/><V42/><F2/><W87/><G132/><T30/><D53/><U15/><E15/><V64/><F119/><W40/><G127/><T3/><D77/><U46/><E111/><V94/><F129/><W57/><G110/><T38/><REACH who="0" step="1"/><D7/><REACH who="0" ten="243,194,205,348" step="2"/><U74/><E109/><V120/><F79/><W82/><G14/><T126/><D126/><U22/><E74/><V96/><F123/><W115/><G78/><T63/><D63/><U21/><E21/><V24/><F55/><W130/><G130/><T71/><D71/><AGARI ba="1,1" hai="13,19,22,46,51,52,60,65,71,84,90,93,100,102" machi="71" ten="30,3900,0" yaku="7,1,52,1,54,1" doraHai="58" who="1" fromWho="0" sc="243,-42,194,52,205,0,348,0" /><INIT seed="4,0,0,5,1,48" ten="201,246,205,348" oya="0" hai0="60,40,100,97,64,2,28,82,17,122,80,34,73" hai1="89,114,66,25,45,26,83,129,102,15,1,95,12" hai2="111,123,133,81,126,38,44,53,51,67,35,18,92" hai3="6,62,79,13,14,131,5,22,32,117,0,4,115"/><T52/><D122/><U61/><E1/><V63/><F111/><W19/><G79/><T10/><D40/><U130/><E102/><V124/><F35/><W93/><G93/><T30/><D34/><U58/><E83/><N who="0" m="31785" /><D2/><U91/><E91/><V46/><F92/><W74/><G74/><T47/><D73/><U75/><E75/><V127/><F18/><N who="3" m="10575" /><G62/><T106/><D106/><U31/><E25/><V3/><F81/><W120/><G117/><T113/><D113/><U8/><E45/><N who="2" m="27887" /><F3/><W71/><G71/><T104/><D104/><U121/><E121/><V119/><F123/><W101/><G120/><T55/><D47/><N who="2" m="17962" /><F133/><W33/><G0/><T49/><D49/><U125/><E125/><V54/><F119/><W76/><G76/><T50/><D50/><U42/><E42/><V43/><F43/><W98/><G115/><T112/><D112/><U69/><E69/><N who="2" m="42239" /><F38/><W94/><G32/><T96/><D100/><U24/><E24/><V68/><F68/><W29/><G33/><T27/><D27/><U90/><E114/><V39/><F39/><W132/><G132/><T21/><D30/><U87/><E90/><V41/><F41/><W23/><G29/><T134/><D134/><U9/><E9/><V77/><F77/><W70/><G70/><N who="0" m="42247" /><D10/><U7/><E15/><V103/><F103/><W108/><G101/><T110/><D28/><U88/><E89/><V36/><F36/><W78/><G78/><T105/><D105/><U11/><E11/><V116/><F116/><W56/><G94/><T20/><D110/><U109/><E109/><V86/><F86/><RYUUKYOKU ba="0,0" sc="201,-15,246,15,205,15,348,-15" hai1="7,8,12,26,31,58,61,66,87,88,95,129,130" hai2="54,124,126,127" /><INIT seed="5,1,0,1,5,81" ten="186,261,220,333" oya="1" hai0="91,66,103,43,119,9,31,132,121,79,58,69,87" hai1="82,29,129,22,21,100,102,35,51,95,99,50,4" hai2="61,131,130,128,12,54,106,14,75,47,107,98,90" hai3="105,89,114,72,64,19,85,46,60,93,134,23,120"/><U36/><E36/><V13/><F75/><W67/><G120/><T17/><D119/><U62/><E4/><V77/><F77/><W70/><G105/><T94/><D69/><U108/><E102/><V115/><F115/><W125/><G114/><T76/><D132/><U20/><E35/><V38/><F38/><W3/><G134/><T133/><D133/><U33/><E33/><V127/><F127/><W74/><G125/><T48/><D31/><U37/><E37/><V42/><F42/><W0/><G67/><T5/><D17/><U52/><E129/><V8/><F8/><W2/><REACH who="3" step="1"/><G46/><REACH who="3" ten="186,261,220,323" step="2"/><T101/><D121/><U112/><E112/><V10/><F106/><W27/><AGARI ba="1,1" hai="0,2,3,19,23,27,60,64,70,72,74,85,89,93" machi="27" ten="30,7900,0" yaku="1,1,2,1,0,1,52,1,53,0" doraHai="81" doraHaiUra="124" who="3" fromWho="3" sc="186,-21,261,-40,220,-21,323,92" /><INIT seed="6,0,0,5,4,20" ten="165,221,199,415" oya="2" hai0="84,45,22,109,85,15,1,48,18,16,35,56,31" hai1="21,74,62,26,55,118,39,65,93,113,71,27,90" hai2="68,77,103,19,51,50,116,76,95,133,112,8,98" hai3="38,58,128,78,24,17,30,9,12,111,70,125,60"/><V92/><F68/><W73/><G111/><T131/><D109/><U36/><E74/><V10/><F116/><W25/><G70/><T37/><D1/><U63/><E118/><V34/><F34/><W7/><G38/><T6/><D131/><U53/><E113/><V46/><F112/><W81/><G128/><T130/><D130/><U123/><E123/><V132/><F19/><W114/><G114/><T43/><D6/><U61/><E21/><V86/><F86/><W0/><G30/><T129/><D129/><U127/><E127/><V117/><F117/><W82/><G82/><T29/><D18/><U110/><E110/><V28/><F28/><W49/><G49/><T33/><D31/><U52/><E36/><V64/><F64/><W89/><G89/><T108/><D108/><U72/><E72/><V134/><F95/><W75/><G75/><T135/><D135/><U87/><REACH who="1" step="1"/><E39/><REACH who="1" ten="165,211,199,415" step="2"/><V4/><F8/><W83/><G125/><T42/><D35/><U3/><E3/><N who="2" m="287" /><F51/><W57/><G0/><T41/><D37/><U104/><E104/><V32/><F32/><W100/><G73/><T13/><D13/><U126/><E126/><V97/><F133/><W107/><G107/><T69/><D33/><U101/><E101/><N who="2" m="60583" /><F134/><W99/><G100/><T66/><D29/><U122/><E122/><V67/><F132/><W40/><G9/><T91/><D69/><U59/><E59/><V96/><F103/><W105/><G58/><T14/><D14/><U44/><E44/><V88/><F46/><W47/><G47/><T23/><D45/><U94/><E94/><RYUUKYOKU ba="0,1" sc="165,-10,211,30,199,-10,415,-10" hai1="26,27,52,53,55,61,62,63,65,71,87,90,93" /><INIT seed="7,1,1,2,0,2" ten="155,241,189,405" oya="3" hai0="126,83,21,48,28,107,7,115,127,46,80,108,15" hai1="133,55,128,103,122,3,10,6,72,85,102,60,8" hai2="110,4,125,26,79,75,18,38,96,17,14,74,82" hai3="71,121,35,97,113,84,77,105,124,40,41,92,130"/><W9/><G121/><T120/><D107/><U76/><E122/><V101/><F110/><W100/><G71/><T44/><D120/><U134/><E72/><V88/><F38/><W57/><G35/><T119/><D108/><U5/><E128/><V131/><F131/><W1/><G57/><T53/><D119/><U90/><E76/><V13/><F75/><W32/><G92/><T81/><D115/><U52/><E60/><V66/><F66/><W91/><G32/><T64/><D64/><U67/><E67/><V98/><F125/><W25/><G91/><T78/><D78/><U117/><E117/><V19/><F26/><W0/><G25/><T116/><D116/><U109/><E109/><V89/><F96/><W47/><G97/><T51/><D28/><U95/><E103/><V34/><F34/><W94/><G100/><T24/><D24/><U30/><E30/><V87/><F74/><W12/><G105/><T20/><D7/><U68/><E68/><V58/><F58/><W129/><G47/><T31/><D31/><U99/><E133/><V16/><N who="2" m="4096" /><DORA hai="61" /><V132/><F132/><W54/><G77/><T27/><D27/><U63/><E63/><V42/><F42/><W29/><G40/><T65/><D65/><U50/><E50/><V111/><F111/><W73/><G41/><T104/><D104/><U135/><E135/><V45/><F45/><W106/><G130/><T23/><REACH who="0" step="1"/><D15/><REACH who="0" ten="145,241,189,405" step="2"/><N who="2" m="5642" /><F4/><W59/><G129/><T112/><D112/><U93/><E134/><V49/><F79/><W33/><G113/><T56/><D56/><U62/><E62/><RYUUKYOKU ba="1,2" sc="145,15,241,15,189,-15,405,-15" hai0="20,21,23,44,46,48,51,53,80,81,83,126,127" hai1="3,5,6,8,10,52,55,85,90,93,95,99,102" owari="160,-34.0,256,6.0,174,-23.0,410,51.0" /></mjloggm>