<mjloggm ver="2.3"><GO type="41" lobby="0"/><UN n0="%E3%81%82%E3%81%8D%E3%81%A8%E3%81%B2%E3%82%8D%E3%82%93" n1="%E3%81%8A%E9%AB%98" n2="%E2%93%9D%53%75%70%68%78" n3="%E4%BA%BA%E5%8F%82%E5%BD%B9%E8%80%85%E3%81%8F%E3%82%93" dan="13,14,18,14" rate="1888.00,1962.41,2080.89,1976.79" sx="M,M,M,M"/><TAIKYOKU oya="0"/><INIT seed="0,0,0,0,1,36" ten="250,250,250,250" oya="0" hai0="119,41,124,28,48,105,29,131,109,89,18,94,64" hai1="88,125,19,118,60,67,106,81,77,61,34,129,127" hai2="59,58,115,35,99,74,21,130,123,73,1,96,9" hai3="44,76,87,47,39,72,11,69,38,50,134,83,116"/><T23/><D119/><U110/><E118/><V103/><F35/><W93/><G116/><T70/><D105/><U92/><E106/><V91/><F21/><W78/><G69/><T79/><D79/><U51/><E34/><V40/><F130/><W122/><G134/><T126/><D131/><U120/><E129/><V85/><F9/><W16/><G122/><T80/><D80/><U31/><E31/><V0/><F85/><W56/><G56/><T117/><D117/><U102/><E102/><V62/><F91/><W49/><G47/><N who="0" m="25711" /><D70/><U10/><E110/><V111/><F103/><W53/><G50/><T98/><D64/><U90/><E120/><V42/><F123/><W135/><G135/><T71/><D71/><U8/><E51/><V4/><F4/><W26/><G78/><T12/><D109/><U14/><E8/><V68/><F68/><W66/><G66/><T6/><D6/><U45/><E45/><V54/><F111/><W75/><G75/><T121/><D121/><U46/><E46/><V25/><F62/><W114/><G11/><T101/><D101/><U32/><E32/><V37/><F37/><W108/><G114/><T55/><D55/><U43/><E67/><V30/><F54/><W132/><G132/><T15/><D15/><U20/><E14/><V100/><F100/><W33/><G33/><T3/><D3/><U104/><E104/><V63/><F63/><W24/><G108/><T7/><D7/><U113/><E77/><V97/><F115/><W95/><G72/><T13/><D13/><N who="1" m="7607" /><E113/><V57/><F1/><W112/><G112/><RYUUKYOKU ba="0,0" sc="250,30,250,-10,250,-10,250,-10" hai0="12,18,23,28,29,89,94,98,124,126" /><INIT seed="0,1,0,5,4,92" ten="280,240,240,240" oya="0" hai0="57,21,6,11,88,37,54,107,10,32,9,16,78" hai1="90,0,72,102,123,76,75,130,87,128,67,30,94" hai2="27,73,55,124,33,64,63,77,42,23,132,31,120" hai3="24,98,39,109,84,101,14,49,82,106,28,62,113"/><T68/><D107/><U19/><E0/><V12/><F120/><W47/><G109/><T69/><D37/><U44/><E67/><V22/><F124/><W15/><G113/><T2/><D78/><U126/><E30/><V5/><F132/><W129/><G129/><N who="1" m="49770" /><E44/><V51/><F42/><W97/><G39/><T7/><D32/><U3/><E19/><V4/><F77/><W17/><G62/><T112/><D112/><U74/><E3/><V65/><F73/><W59/><G59/><T115/><D115/><U13/><E13/><V66/><F63/><W71/><G17/><T125/><D125/><U99/><E123/><V117/><F117/><W58/><G58/><T50/><D88/><U41/><E41/><V131/><F131/><W61/><G98/><T100/><D100/><U111/><E111/><V29/><F12/><W38/><G38/><T135/><D135/><U35/><E35/><V46/><REACH who="2" step="1"/><F33/><REACH who="2" ten="280,240,230,240" step="2"/><W53/><G61/><T26/><REACH who="0" step="1"/><D10/><REACH who="0" ten="270,240,230,240" step="2"/><U119/><E126/><V85/><F85/><W108/><G108/><T83/><D83/><N who="1" m="45447" /><E119/><V116/><F116/><W133/><G133/><T1/><AGARI ba="1,2" hai="1,2,6,7,9,11,16,21,26,50,54,57,68,69" machi="1" ten="20,12000,1" yaku="1,1,0,1,7,1,9,1,54,1,53,0" doraHai="92" doraHaiUra="96" who="0" fromWho="0" sc="270,143,240,-41,230,-41,240,-41" /><INIT seed="0,2,0,1,0,104" ten="413,199,189,199" oya="0" hai0="40,10,121,110,61,118,37,85,13,59,70,46,63" hai1="18,27,92,66,71,44,64,3,38,31,113,103,0" hai2="76,132,56,114,7,78,55,94,51,8,6,93,39" hai3="133,69,72,90,58,120,60,52,82,19,29,112,20"/><T45/><D118/><U65/><E71/><V74/><F114/><W123/><G112/><T50/><D121/><N who="3" m="46665" /><G133/><T41/><D110/><U125/><E18/><V117/><F39/><W96/><G69/><T97/><D97/><U73/><E125/><V81/><F132/><W99/><G29/><T95/><D70/><U129/><E129/><V34/><F34/><W80/><G80/><T5/><REACH who="0" step="1"/><D59/><REACH who="0" ten="403,199,189,199" step="2"/><U9/><E113/><V14/><F117/><W25/><G90/><AGARI ba="2,1" hai="5,10,13,37,40,41,45,46,50,61,63,85,90,95" machi="90" ten="40,7700,0" yaku="1,1,2,1,53,1" doraHai="104" doraHaiUra="68" who="0" fromWho="3" sc="403,93,199,0,189,0,199,-83" /><INIT seed="0,3,0,5,0,97" ten="496,199,189,116" oya="0" hai0="111,58,104,47,40,61,71,119,27,127,129,7,80" hai1="122,87,3,120,86,48,32,1,12,13,98,34,91" hai2="134,121,29,96,11,65,52,128,125,24,37,41,25" hai3="101,83,74,72,82,14,84,6,135,56,115,22,9"/><T23/><D119/><U55/><E98/><V57/><F121/><W70/><G115/><T100/><D104/><U77/><E77/><V49/><F128/><W75/><G135/><T88/><D71/><U21/><E21/><V19/><F125/><W133/><G70/><T68/><D127/><U79/><E79/><V118/><F134/><W51/><G133/><T42/><D68/><U18/><E48/><V59/><F37/><W85/><G22/><T28/><D129/><U78/><E78/><V4/><F41/><W94/><G51/><T130/><D111/><U43/><E43/><V35/><F25/><W30/><G30/><T81/><D130/><U123/><E55/><V50/><F19/><W17/><G56/><T0/><D0/><U45/><E45/><V99/><F118/><W8/><G83/><T39/><D40/><U16/><E120/><V69/><F69/><W124/><G82/><T53/><D7/><U2/><E1/><V73/><F73/><W113/><G113/><T117/><D117/><U20/><E20/><V112/><F112/><W114/><G124/><T93/><D100/><U67/><REACH who="1" step="1"/><E91/><REACH who="1" ten="496,189,189,116" step="2"/><V109/><F50/><W116/><G116/><T110/><D110/><U10/><E10/><V105/><F109/><W92/><G114/><T15/><D15/><U108/><E108/><V106/><F106/><W60/><G60/><T76/><D76/><U103/><E103/><V66/><F105/><W62/><G62/><T90/><D90/><U54/><E54/><V36/><F52/><W89/><G89/><T132/><D132/><U126/><E126/><RYUUKYOKU ba="3,1" sc="496,15,189,15,189,-15,116,-15" hai0="23,27,28,39,42,47,53,58,61,80,81,88,93" hai1="2,3,12,13,16,18,32,34,67,86,87,122,123" /><INIT seed="0,4,1,0,0,121" ten="511,204,174,101" oya="0" hai0="63,10,24,134,71,100,31,14,70,33,29,2,36" hai1="108,0,3,88,102,19,112,81,57,125,80,27,21" hai2="74,68,12,69,72,107,54,135,39,53,37,93,120" hai3="64,9,117,40,34,127,52,17,122,26,30,78,103"/><T13/><D36/><N who="2" m="13898" /><F93/><W113/><G117/><T66/><D134/><U7/><E125/><V94/><F94/><W104/><G78/><T114/><D114/><U43/><E112/><V133/><F12/><W98/><G113/><T90/><D71/><N who="2" m="27210" /><F107/><W99/><G64/><T123/><D123/><U131/><E102/><V41/><F41/><W101/><G127/><T51/><D31/><U58/><E43/><V76/><F76/><W23/><G122/><T85/><D100/><U65/><E65/><V79/><F79/><W95/><G40/><T38/><D38/><U49/><E80/><V62/><F62/><W115/><G115/><T130/><D130/><U22/><E81/><V97/><F97/><W20/><REACH who="3" step="1"/><G52/><REACH who="3" ten="511,204,174,91" step="2"/><N who="2" m="20073" /><F120/><W8/><G8/><T111/><D2/><U96/><E0/><V106/><F106/><W1/><G1/><T28/><D10/><U87/><E3/><V75/><AGARI ba="4,2" hai="72,74,75,133,135" m="20073,27210,13898" machi="75" ten="50,6400,0" yaku="28,2,54,1" doraHai="121" who="2" fromWho="2" sc="511,-36,204,-20,174,96,91,-20" /><INIT seed="1,0,0,0,4,99" ten="475,184,270,71" oya="1" hai0="131,129,43,16,127,69,47,24,2,112,110,66,46" hai1="93,77,121,124,74,61,95,132,103,123,111,60,73" hai2="106,84,50,85,130,86,120,15,25,83,62,82,53" hai3="122,133,33,29,79,88,6,102,64,92,107,20,11"/><U58/><E124/><V44/><F120/><W94/><G133/><T97/><D2/><U91/><E132/><V39/><F106/><W117/><G122/><T65/><D112/><U108/><E58/><V87/><F130/><N who="0" m="49674" /><D97/><U51/><E51/><V119/><F39/><W126/><G126/><T128/><D127/><U13/><E13/><V54/><F119/><W17/><G79/><T22/><D110/><U14/><E14/><V23/><F15/><W113/><G64/><N who="0" m="24683" /><D69/><U1/><E77/><V41/><F62/><W19/><G33/><T100/><D128/><U56/><E56/><V98/><F98/><W71/><G88/><T8/><D8/><U90/><E1/><V52/><N who="2" m="21504" /><DORA hai="104" /><V116/><REACH who="2" step="1"/><F116/><REACH who="2" ten="475,184,260,71" step="2"/><W48/><G117/><T59/><D43/><U135/><REACH who="1" step="1"/><E135/><REACH who="1" ten="475,174,260,71" step="2"/><V125/><F125/><W134/><G134/><T70/><D59/><U75/><E75/><V28/><AGARI ba="0,2" hai="23,25,28,41,44,50,52,53,54,82,83" m="21504" machi="28" ten="50,8000,1" yaku="1,1,0,1,8,1,54,1,53,0" doraHai="99,104" doraHaiUra="115,3" who="2" fromWho="2" sc="475,-20,174,-40,260,100,71,-20" /><INIT seed="2,0,0,4,3,101" ten="455,134,360,51" oya="2" hai0="44,35,85,62,59,69,13,67,57,100,125,47,54" hai1="105,49,109,73,91,32,64,41,19,83,66,132,99" hai2="120,121,65,84,122,70,38,88,26,133,16,33,68" hai3="98,4,129,12,25,90,97,30,42,60,1,20,56"/><V89/><F38/><W11/><G129/><T102/><D35/><U126/><E32/><V127/><F127/><W18/><G42/><T8/><D125/><U115/><E115/><V15/><F133/><W134/><G134/><T29/><D69/><U36/><E36/><V37/><F37/><W123/><G123/><T34/><D29/><U17/><E109/><V82/><F65/><W96/><G90/><T108/><D34/><U9/><E126/><V39/><F39/><W52/><REACH who="3" step="1"/><G1/><REACH who="3" ten="455,134,360,41" step="2"/><T128/><D108/><U93/><E91/><V116/><F116/><W23/><G23/><T111/><D128/><U14/><E132/><V74/><F89/><W71/><G71/><T48/><D111/><U46/><E41/><V58/><F70/><W10/><G10/><T112/><D112/><U86/><E9/><V77/><F68/><W113/><G113/><T130/><D130/><U80/><E80/><V72/><F77/><W87/><G87/><T28/><D85/><U79/><E86/><V5/><F33/><W92/><G92/><T0/><D0/><U103/><E93/><V78/><F78/><W76/><G76/><T135/><D135/><U27/><E83/><V2/><F2/><W31/><AGARI ba="0,1" hai="4,11,12,18,20,25,30,31,52,56,60,96,97,98" machi="31" ten="30,7900,0" yaku="1,1,0,1,8,1,54,1,53,0" doraHai="101" doraHaiUra="43" who="3" fromWho="3" sc="455,-20,134,-20,360,-39,41,89" /><INIT seed="3,0,0,3,5,59" ten="435,114,321,130" oya="3" hai0="28,112,113,77,106,125,96,15,95,44,42,16,71" hai1="110,38,24,80,35,128,19,69,33,61,108,81,116" hai2="82,94,75,135,118,103,130,49,54,14,124,43,34" hai3="57,12,4,85,1,56,2,45,117,36,3,58,51"/><W115/><G115/><N who="0" m="44107" /><D71/><U37/><E128/><V79/><F135/><W5/><G117/><T64/><D106/><U74/><E116/><V133/><F124/><W31/><G31/><T86/><D64/><U123/><E123/><V20/><F133/><W72/><G72/><T62/><D125/><U100/><E100/><V105/><F43/><W65/><G36/><T120/><D28/><U48/><E48/><V8/><F20/><W97/><G97/><T70/><D70/><U93/><E93/><V132/><F130/><W114/><G114/><T32/><D32/><U52/><E19/><V88/><F34/><N who="1" m="12809" /><E24/><V98/><F132/><W134/><G134/><T11/><D120/><U29/><E29/><V92/><F118/><W26/><G26/><T47/><D42/><U23/><E23/><V41/><F41/><W39/><G39/><N who="1" m="14858" /><E74/><V73/><F73/><W76/><G12/><T129/><D129/><U63/><E69/><V126/><F126/><W46/><G65/><T90/><D77/><U119/><E119/><V21/><F21/><W87/><G51/><T53/><D96/><U91/><E91/><V127/><F88/><W99/><G99/><T66/><D66/><U122/><E122/><V10/><F127/><W83/><REACH who="3" step="1"/><G87/><REACH who="3" ten="435,114,321,120" step="2"/><T102/><D102/><U13/><E13/><V55/><F14/><W60/><G60/><N who="1" m="23114" /><E52/><V84/><F55/><W7/><AGARI ba="0,1" hai="1,2,3,4,5,7,45,46,56,57,58,76,83,85" machi="7" ten="40,12000,1" yaku="1,1,0,1,29,2,53,0" doraHai="59" doraHaiUra="101" who="3" fromWho="3" sc="435,-40,114,-40,321,-40,120,130" /><INIT seed="3,1,0,4,3,6" ten="395,74,281,250" oya="3" hai0="55,57,81,75,12,47,3,10,7,13,30,45,19" hai1="58,15,131,72,113,124,88,108,51,43,104,102,50" hai2="29,24,93,95,123,49,97,117,69,70,98,1,27" hai3="62,33,112,120,83,53,31,133,125,115,66,100,121"/><W99/><G133/><T4/><D30/><U92/><E113/><V26/><F1/><W22/><G83/><T68/><D68/><U96/><E108/><V65/><F117/><W5/><G53/><T9/><D3/><U16/><E131/><V91/><F123/><W87/><G87/><T14/><D75/><U111/><E111/><V11/><F29/><W110/><G22/><T39/><D39/><U46/><E124/><V37/><F37/><W21/><G21/><T135/><D81/><U34/><E34/><V79/><F65/><W42/><G42/><T63/><D135/><U106/><E72/><V80/><F49/><W59/><G125/><T40/><D40/><U64/><E102/><V17/><F80/><W132/><G132/><T36/><D36/><U74/><E74/><V114/><F114/><N who="3" m="43563" /><G110/><T77/><D77/><U25/><E25/><V127/><F79/><W48/><G48/><T105/><D105/><U8/><REACH who="1" step="1"/><E51/><REACH who="1" ten="395,64,281,250" step="2"/><V122/><F127/><W18/><G33/><T32/><D32/><U118/><E118/><V56/><F122/><W54/><G120/><T44/><D14/><U85/><E85/><V90/><F27/><W2/><G121/><T23/><D23/><U134/><E134/><V71/><F26/><W0/><G100/><T130/><D130/><U103/><E103/><V101/><F101/><W107/><G107/><T129/><D129/><U116/><E116/><V86/><F24/><W76/><G99/><T35/><D35/><U78/><E78/><V82/><F98/><W38/><G76/><T128/><D128/><U60/><AGARI ba="1,1" hai="8,15,16,43,46,50,58,60,64,88,92,96,104,106" machi="60" ten="30,12000,2" yaku="1,1,5,1,0,1,52,1,54,2,53,1" doraHai="6" doraHaiUra="94" who="1" fromWho="1" sc="395,-31,64,133,281,-31,250,-61" /><INIT seed="4,0,0,5,2,73" ten="364,197,250,189" oya="0" hai0="10,107,12,5,9,123,14,29,53,43,102,125,90" hai1="57,2,124,27,76,77,60,98,128,50,19,6,118" hai2="92,56,86,95,54,61,112,113,71,108,33,129,15" hai3="13,133,16,17,31,114,115,18,75,59,70,117,106"/><T68/><D68/><U21/><E118/><V79/><F108/><W122/><G70/><T3/><D123/><U22/><E128/><V85/><F33/><W111/><G106/><T32/><D43/><U20/><E124/><V134/><F134/><W89/><G75/><T72/><D72/><U103/><E50/><V46/><F71/><W132/><G89/><T83/><D125/><U34/><E6/><V63/><F15/><W25/><G59/><T42/><D42/><U36/><E2/><V28/><F28/><W116/><G111/><T87/><D107/><U81/><E36/><V45/><F56/><W38/><G38/><T24/><D102/><U91/><E91/><V94/><F54/><W23/><G122/><T37/><D37/><U1/><E1/><V48/><F48/><W93/><G93/><T119/><D119/><N who="3" m="45641" /><G13/><T44/><D44/><U96/><E34/><V64/><F95/><W74/><G74/><T135/><D135/><AGARI ba="0,0" hai="16,17,18,23,25,31,114,115,132,133,135" m="45641" machi="135" ten="40,8000,1" yaku="20,1,34,2,54,1" doraHai="73" who="3" fromWho="0" sc="364,-80,197,0,250,0,189,80" /><INIT seed="5,0,0,5,2,57" ten="284,197,250,269" oya="1" hai0="96,31,122,53,133,60,37,78,10,100,111,39,2" hai1="91,43,45,56,50,105,3,77,106,68,109,27,86" hai2="11,132,16,123,79,21,113,92,15,42,48,52,116" hai3="7,62,130,25,33,97,103,134,67,49,51,83,66"/><U128/><E68/><V24/><F132/><W75/><G130/><T9/><D122/><U73/><E128/><V1/><F123/><W44/><G7/><T6/><D31/><U121/><E121/><V14/><F116/><W101/><G67/><T20/><D133/><U98/><E3/><V34/><F113/><W119/><G119/><T110/><D78/><U46/><E109/><V81/><F42/><W126/><G126/><T88/><D10/><U69/><E69/><V131/><F131/><W26/><G103/><T94/><D111/><U13/><E98/><V135/><F34/><W93/><G33/><T107/><D110/><U72/><E27/><V38/><F38/><W54/><G51/><T95/><D107/><U89/><E13/><V40/><F40/><W17/><G17/><T59/><REACH who="0" step="1"/><D20/><REACH who="0" ten="274,197,250,269" step="2"/><U12/><E77/><V29/><F135/><W90/><G134/><T23/><D23/><U70/><E105/><V85/><F1/><W118/><G118/><T117/><D117/><U87/><E106/><V99/><F29/><W115/><G115/><T71/><D71/><U35/><E70/><V74/><F74/><W108/><G108/><T82/><D82/><U76/><E72/><V47/><F11/><W63/><G75/><T22/><D22/><U120/><E35/><V18/><F18/><W102/><G25/><T58/><D58/><U127/><E73/><V125/><F125/><W5/><G26/><T28/><D28/><U30/><E127/><V0/><F0/><W64/><G5/><T114/><D114/><U55/><E120/><V61/><F61/><RYUUKYOKU ba="0,1" sc="274,15,197,-15,250,15,269,-15" hai0="2,6,9,37,39,53,59,60,88,94,95,96,100" hai2="14,15,16,21,24,47,48,52,79,81,85,92,99" /><INIT seed="6,1,1,4,5,36" ten="289,182,265,254" oya="2" hai0="25,55,93,89,29,77,112,126,28,17,12,61,46" hai1="38,120,57,84,69,79,47,104,83,10,71,50,98" hai2="23,22,92,100,26,24,122,103,117,66,82,102,86" hai3="109,131,87,80,52,111,88,119,58,113,14,41,114"/><V123/><F117/><W110/><G119/><T116/><D116/><U85/><E120/><V96/><F66/><W8/><G131/><T106/><D106/><U129/><E129/><V21/><F123/><W105/><G105/><T78/><D126/><U121/><E121/><V34/><F34/><W2/><G2/><T74/><D74/><U20/><E38/><V91/><REACH who="2" step="1"/><F122/><REACH who="2" ten="289,182,255,254" step="2"/><W19/><REACH who="3" step="1"/><G41/><REACH who="3" ten="289,182,255,244" step="2"/><T35/><D112/><U42/><E42/><V81/><F81/><W134/><G134/><T56/><D28/><U16/><E83/><V59/><F59/><W39/><G39/><T70/><D70/><U4/><E57/><V99/><F99/><W118/><G118/><T72/><D46/><U101/><E71/><V45/><F45/><W132/><G132/><T67/><D67/><U62/><E69/><V1/><F1/><W6/><G6/><T53/><D53/><U43/><E4/><V44/><F44/><W9/><G9/><T32/><D32/><U33/><E10/><V135/><F135/><W130/><G130/><T65/><D65/><U37/><E37/><V18/><F18/><W3/><G3/><T15/><D17/><U40/><E40/><V97/><F97/><W128/><G128/><T48/><D55/><U75/><E33/><V133/><F133/><W94/><G94/><T127/><D93/><U7/><E7/><V5/><F5/><W0/><G0/><T54/><D54/><U60/><E16/><V13/><F13/><W51/><AGARI ba="1,3" hai="8,14,19,51,52,58,80,87,88,109,110,111,113,114" machi="51" ten="40,8000,1" yaku="1,1,0,1,54,2,53,0" doraHai="36" doraHaiUra="63" who="3" fromWho="3" sc="289,-21,182,-21,255,-41,244,113" /><INIT seed="7,0,0,3,5,104" ten="268,161,214,357" oya="3" hai0="58,105,114,44,128,132,49,53,51,29,89,7,78" hai1="42,18,38,87,0,77,93,54,55,107,23,36,96" hai2="134,117,28,113,86,57,62,129,125,56,84,1,121" hai3="66,97,90,35,46,20,130,92,4,40,126,13,74"/><W45/><G74/><T80/><D105/><U60/><E0/><V72/><F117/><W69/><G35/><T24/><D128/><U6/><E107/><V64/><F1/><W73/><G73/><T59/><D132/><U118/><E118/><V124/><F113/><W14/><G66/><T9/><D114/><U98/><E6/><V17/><F28/><W70/><G4/><T115/><D89/><U75/><E87/><V123/><F17/><W110/><G90/><T16/><D115/><U68/><E96/><V67/><F72/><W103/><G92/><T122/><D122/><N who="2" m="46602" /><F129/><W32/><G97/><T131/><D131/><U133/><E133/><V109/><F109/><W26/><G103/><T108/><D108/><U34/><E34/><V76/><F76/><W50/><G32/><T83/><D78/><U65/><E42/><V79/><F79/><W101/><G40/><T33/><D59/><N who="2" m="22602" /><F134/><W8/><G13/><T15/><REACH who="0" step="1"/><D7/><REACH who="0" ten="258,161,214,357" step="2"/><U39/><E77/><V81/><F81/><W112/><G110/><T106/><D106/><U102/><REACH who="1" step="1"/><E75/><REACH who="1" ten="258,151,214,357" step="2"/><V85/><F62/><W119/><G112/><T11/><D11/><U99/><E99/><V88/><F88/><W95/><G130/><T47/><D47/><U10/><E10/><V100/><F100/><W37/><G46/><T48/><D48/><U127/><E127/><AGARI ba="0,2" hai="64,67,84,85,86,124,125,127" m="22602,46602" machi="127" ten="40,8000,1" yaku="28,2,18,1,13,1" doraHai="104" who="2" fromWho="1" sc="258,0,151,-80,214,100,357,0" owari="258,-14.0,71,-43.0,314,11.0,357,46.0" /></mjloggm>