<mjloggm ver="2.3"><GO type="41" lobby="0"/><UN n0="%E3%81%8B%E3%81%8A%E3%81%99" n1="%E3%83%88%E3%83%AD%E3%83%BC%E3%83%81" n2="%E3%82%84%E3%81%A9%E3%82%93%EF%BC%9F" n3="%E2%93%9D%53%75%70%68%78" dan="13,16,14,17" rate="1820.29,2087.68,1929.42,2045.61" sx="F,M,M,M"/><TAIKYOKU oya="0"/><INIT seed="0,0,0,5,2,124" ten="250,250,250,250" oya="0" hai0="58,98,72,50,7,116,16,105,127,69,28,24,118" hai1="99,91,46,42,100,103,89,59,38,32,1,79,76" hai2="44,78,121,133,83,15,126,77,64,41,49,120,71" hai3="68,95,63,132,107,94,134,45,135,13,20,25,27"/><T10/><D127/><U104/><E32/><V53/><F126/><W37/><G107/><T75/><D69/><U119/><E1/><V109/><F133/><W14/><G45/><T23/><D105/><U112/><E119/><V86/><F109/><W62/><G68/><T34/><D98/><U8/><E112/><V80/><F15/><N who="3" m="5643" /><G37/><T22/><D22/><U19/><E8/><V30/><F30/><W33/><G20/><T4/><D116/><U97/><E19/><V129/><F129/><W5/><G5/><T31/><D31/><U85/><E99/><V131/><F131/><W47/><G47/><T67/><D118/><U125/><E103/><V90/><F90/><W2/><G2/><T36/><D36/><U29/><E29/><V96/><F96/><W110/><G33/><T87/><D7/><U88/><E125/><V54/><F54/><W82/><G82/><T128/><D128/><U92/><E104/><V61/><REACH who="2" step="1"/><F41/><REACH who="2" ten="250,250,240,250" step="2"/><W48/><G110/><T102/><D28/><U6/><E6/><V115/><F115/><W114/><G114/><T113/><D113/><U74/><E91/><V11/><F11/><W18/><G18/><T70/><D34/><U130/><E89/><V51/><F51/><W81/><G48/><T106/><D50/><U55/><E130/><V123/><F123/><W73/><G27/><T12/><D10/><U52/><E55/><V9/><F9/><W39/><G39/><T122/><D24/><U43/><E43/><V56/><F56/><W26/><G26/><N who="0" m="14695" /><D58/><U57/><E57/><V108/><F108/><W84/><G135/><RYUUKYOKU ba="0,1" sc="250,-10,250,-10,240,30,250,-10" hai2="44,49,53,61,64,71,77,78,80,83,86,120,121" /><INIT seed="1,1,1,3,0,29" ten="240,240,270,240" oya="1" hai0="112,67,127,42,26,98,104,109,97,7,80,13,53" hai1="84,37,52,66,57,16,54,45,68,5,113,131,65" hai2="10,62,73,17,4,51,14,85,92,30,25,31,123" hai3="121,41,107,8,6,35,133,11,19,23,125,64,90"/><U69/><E113/><V119/><F73/><W111/><G107/><T44/><D112/><U3/><E3/><V63/><F123/><W126/><G41/><T101/><D109/><U91/><E5/><V27/><F119/><W71/><G71/><T50/><D127/><N who="3" m="48649" /><G64/><N who="1" m="24682" /><E131/><V100/><F51/><W94/><G133/><T20/><D98/><U32/><E32/><V38/><F38/><W36/><G36/><T60/><D80/><N who="1" m="49543" /><E37/><V83/><F92/><W59/><G111/><T124/><D124/><U55/><E69/><V77/><F100/><W93/><G35/><T79/><D7/><U78/><E78/><V88/><F4/><W130/><G121/><T105/><D79/><U120/><E68/><V81/><F27/><W108/><G130/><T135/><D135/><U76/><E76/><V1/><F30/><W99/><G108/><T89/><D13/><U95/><E120/><V58/><F1/><W103/><G6/><T34/><D34/><U48/><E45/><V33/><F58/><W61/><G59/><T132/><D132/><U18/><E95/><V39/><REACH who="2" step="1"/><F39/><REACH who="2" ten="240,240,260,240" step="2"/><W21/><G94/><T122/><D122/><U2/><E2/><V46/><F46/><W117/><G93/><T110/><D105/><U47/><E57/><V9/><F9/><W86/><G11/><T70/><D110/><U43/><AGARI ba="1,2" hai="16,18,43,47,48,52,54,55" m="49543,24682" machi="43" ten="30,6000,0" yaku="8,1,54,2" doraHai="29" who="1" fromWho="1" sc="240,-21,240,83,260,-21,240,-21" /><INIT seed="1,2,0,2,4,131" ten="219,323,239,219" oya="1" hai0="98,69,126,58,94,108,6,128,89,12,24,115,74" hai1="122,35,62,104,78,11,123,49,37,3,26,92,1" hai2="76,19,129,14,127,103,39,112,15,25,52,114,119" hai3="10,46,0,59,110,120,41,79,32,132,21,54,38"/><U4/><E104/><V111/><F39/><W77/><G32/><T113/><D69/><U50/><E37/><V61/><F119/><W81/><G120/><T101/><D128/><U64/><E78/><V63/><F127/><W106/><G79/><T68/><D68/><U48/><E1/><V67/><F129/><W133/><G21/><T84/><D126/><U85/><E85/><V80/><F111/><W135/><G110/><T118/><D118/><U97/><E26/><V20/><F103/><W16/><G106/><T91/><D108/><U117/><E35/><V105/><F105/><W75/><G16/><T9/><D74/><U134/><E117/><V107/><F107/><W82/><G82/><T100/><D24/><U7/><E7/><V56/><F112/><W70/><G70/><T116/><D116/><U86/><E86/><V130/><F130/><W43/><G43/><T73/><D73/><U83/><E83/><V18/><F114/><W45/><G45/><T8/><D113/><U42/><E42/><V72/><REACH who="2" step="1"/><F19/><REACH who="2" ten="219,323,229,219" step="2"/><W27/><G27/><T44/><D101/><N who="1" m="60583" /><E123/><V99/><F99/><W87/><G87/><T60/><D115/><U36/><E122/><V65/><F65/><W93/><G93/><N who="0" m="54439" /><D100/><U5/><E36/><V22/><F22/><W40/><G38/><T23/><D23/><U31/><E64/><V88/><F88/><W34/><G34/><T109/><D109/><U124/><E124/><V96/><F96/><W47/><G41/><T2/><D98/><U57/><E5/><V51/><F51/><N who="3" m="31199" /><G40/><T90/><D94/><U95/><E95/><RYUUKYOKU ba="2,1" sc="219,-15,323,-15,229,15,219,15" hai2="14,15,18,20,25,52,56,61,63,67,72,76,80" hai3="0,10,46,47,75,77,81,132,133,135" /><INIT seed="2,3,1,3,4,66" ten="204,308,244,234" oya="2" hai0="16,118,34,95,15,108,32,0,38,83,73,97,51" hai1="44,24,92,36,110,63,82,48,52,106,22,14,18" hai2="96,42,114,85,68,131,19,98,91,62,39,13,10" hai3="23,77,135,130,8,132,49,20,53,25,37,57,125"/><V76/><F131/><W46/><G130/><T11/><D38/><U84/><E106/><V128/><F128/><W61/><G125/><T89/><D108/><U124/><E110/><V103/><F114/><W88/><G77/><T81/><D118/><U79/><E124/><V47/><F76/><W70/><G8/><T100/><D0/><U59/><E36/><V115/><F115/><W64/><G88/><T28/><D28/><U43/><E92/><V90/><F90/><W1/><G1/><T17/><D17/><U129/><REACH who="1" step="1"/><E129/><REACH who="1" ten="204,298,244,234" step="2"/><V67/><REACH who="2" step="1"/><F103/><REACH who="2" ten="204,298,234,234" step="2"/><W94/><G135/><T105/><D100/><U75/><E75/><V55/><F55/><W133/><G133/><T80/><D73/><U107/><E107/><V9/><F9/><W101/><G132/><T29/><D105/><U4/><E4/><V113/><F113/><W30/><G101/><T65/><D65/><U74/><E74/><V112/><F112/><W99/><G53/><T40/><D40/><U60/><E60/><V109/><F109/><W104/><G104/><T87/><D89/><U69/><E69/><V31/><F31/><W117/><G70/><T122/><D29/><U33/><E33/><V120/><F120/><W93/><G30/><T7/><D122/><U21/><E21/><V119/><F119/><W86/><G23/><N who="0" m="11679" /><D34/><U127/><E127/><V2/><F2/><W26/><G117/><T126/><D126/><U54/><E54/><V78/><F78/><W72/><G72/><T27/><D32/><U58/><E58/><V3/><F3/><W102/><G102/><T5/><D11/><RYUUKYOKU ba="3,3" sc="204,-15,298,15,234,15,234,-15" hai1="14,18,22,24,43,44,48,52,59,63,79,82,84" hai2="10,13,19,39,42,47,62,67,68,85,91,96,98" /><INIT seed="2,4,3,2,4,83" ten="189,313,249,219" oya="2" hai0="109,74,127,3,114,18,23,19,134,118,12,33,112" hai1="64,0,97,99,81,15,77,79,30,126,133,62,121" hai2="110,36,24,130,56,120,107,125,43,16,122,98,40" hai3="105,123,111,20,59,117,73,14,9,26,94,132,31"/><V29/><F125/><W21/><G105/><T131/><D74/><U84/><E126/><V116/><F116/><W78/><G117/><T88/><D127/><U22/><E133/><V13/><F130/><W34/><G123/><T28/><D118/><U8/><E121/><V1/><F1/><W113/><G111/><T80/><D3/><U37/><E37/><V57/><F110/><W58/><G113/><T61/><D109/><U42/><E42/><V70/><F70/><W50/><G73/><T63/><D131/><U11/><E79/><V135/><F135/><W39/><G39/><T2/><D2/><U69/><E11/><V93/><F107/><W75/><G78/><T49/><D134/><U25/><REACH who="1" step="1"/><E0/><REACH who="1" ten="189,303,249,219" step="2"/><V76/><F76/><W17/><G132/><T44/><D112/><U92/><E92/><V119/><F119/><W100/><G94/><T66/><D114/><U65/><E65/><V60/><F36/><W128/><G128/><T86/><D66/><U101/><E101/><V96/><F122/><W45/><G100/><T54/><REACH who="0" step="1"/><D19/><AGARI ba="4,4" hai="8,15,19,22,25,30,62,64,69,77,81,84,97,99" machi="19" ten="30,3900,0" yaku="1,1,7,1,52,1,53,0" doraHai="83" doraHaiUra="108" who="1" fromWho="0" sc="189,-51,303,91,249,0,219,0" /><INIT seed="3,0,0,2,5,61" ten="138,394,249,219" oya="3" hai0="106,88,17,91,36,56,58,112,66,49,68,29,27" hai1="115,25,103,93,9,80,67,10,81,85,132,84,34" hai2="71,54,23,48,75,104,13,30,77,98,92,14,0" hai3="90,2,96,130,57,28,99,125,89,55,16,31,51"/><W135/><G2/><T12/><D112/><U95/><E132/><V7/><F104/><W59/><G130/><T62/><D36/><U116/><E25/><V52/><F71/><W133/><G125/><T63/><D106/><U129/><E34/><V79/><F75/><W43/><G43/><T37/><D37/><U47/><E47/><V131/><F131/><W5/><G5/><T46/><D68/><U60/><E60/><V65/><F0/><W73/><G73/><T32/><D46/><U111/><E111/><V78/><F7/><W50/><REACH who="3" step="1"/><G16/><REACH who="3" ten="138,394,249,209" step="2"/><T22/><REACH who="0" step="1"/><D49/><REACH who="0" ten="128,394,249,209" step="2"/><U94/><E129/><V102/><F65/><AGARI ba="0,2" hai="12,17,22,27,29,32,56,58,62,63,65,66,88,91" machi="65" ten="30,12000,2" yaku="1,1,2,1,7,1,9,1,52,2,54,1,53,0" doraHai="61" doraHaiUra="120" who="0" fromWho="2" sc="128,140,394,0,249,-120,209,0" /><INIT seed="4,0,0,5,0,67" ten="268,394,129,209" oya="0" hai0="1,22,105,61,64,34,58,20,42,80,74,133,49" hai1="87,12,122,53,99,88,63,27,113,5,108,77,93" hai2="44,103,124,6,102,11,89,73,38,86,110,3,115" hai3="91,59,9,45,35,129,130,36,15,79,100,69,23"/><T29/><D105/><U114/><E122/><V104/><F110/><W4/><G35/><T119/><D119/><U106/><E108/><V2/><F115/><N who="1" m="44041" /><E27/><V125/><F89/><W10/><G79/><T83/><D1/><U90/><E77/><V97/><F86/><W37/><G59/><T116/><D116/><U31/><E31/><V65/><F2/><W121/><G100/><T26/><D133/><U39/><E39/><V96/><F65/><W82/><G23/><T118/><D118/><U54/><E63/><V7/><F7/><W62/><G10/><T32/><D22/><U50/><E50/><V14/><F14/><W128/><G121/><T101/><D101/><N who="1" m="62783" /><E90/><V123/><F123/><W16/><G91/><T84/><D74/><U57/><E57/><V46/><F46/><W48/><G37/><T66/><D66/><U109/><E109/><V95/><F73/><W56/><G36/><T30/><D30/><U85/><E87/><V75/><F75/><W47/><G56/><T25/><D84/><U78/><E78/><V127/><F95/><W24/><G48/><T19/><REACH who="0" step="1"/><D34/><REACH who="0" ten="258,394,129,209" step="2"/><U134/><E134/><V132/><F102/><W33/><G33/><T111/><D111/><U55/><E85/><V135/><REACH who="2" step="1"/><F97/><REACH who="2" ten="258,394,119,209" step="2"/><W71/><G130/><T60/><D60/><U117/><E117/><V107/><F107/><W94/><G129/><T81/><D81/><U13/><E93/><V76/><F76/><W120/><G128/><T28/><D28/><U41/><E88/><V52/><F52/><W70/><G120/><T131/><D131/><U72/><E55/><RYUUKYOKU ba="0,2" sc="258,15,394,-15,119,15,209,-15" hai0="19,20,25,26,29,32,42,49,58,61,64,80,83" hai2="3,6,11,38,44,96,103,104,124,125,127,132,135" /><INIT seed="4,1,2,0,4,62" ten="273,379,134,194" oya="0" hai0="132,26,78,3,25,43,104,48,71,111,59,12,33" hai1="74,14,100,34,84,28,108,126,2,88,53,75,46" hai2="87,130,60,8,24,107,93,106,118,4,68,36,57" hai3="40,120,32,63,51,102,70,30,19,98,92,61,109"/><T18/><D3/><U116/><E108/><V1/><F130/><W72/><G109/><T86/><D111/><U6/><E2/><V47/><F118/><W20/><G72/><T52/><D104/><U103/><E116/><V125/><F68/><W29/><G32/><T134/><D71/><U79/><E79/><V117/><F125/><W5/><G5/><T65/><D33/><U122/><E28/><N who="3" m="10858" /><G70/><T9/><D43/><U76/><E76/><V56/><F56/><W81/><G81/><N who="0" m="47415" /><D65/><U13/><E13/><V129/><F24/><N who="3" m="14367" /><G120/><T91/><D91/><U114/><E88/><V121/><F117/><W22/><G22/><T101/><D101/><U85/><E34/><V99/><F121/><W49/><G49/><T135/><AGARI ba="1,2" hai="9,12,18,25,26,48,52,59,132,134,135" m="47415" machi="135" ten="30,3000,0" yaku="20,1,54,1" doraHai="62" who="0" fromWho="0" sc="273,53,379,-11,134,-11,194,-11" /><INIT seed="4,2,0,4,3,13" ten="326,368,123,183" oya="0" hai0="17,23,116,76,41,74,56,75,52,22,46,54,88" hai1="73,31,18,131,133,112,113,93,124,34,3,55,40" hai2="82,77,134,33,37,12,79,15,28,127,9,10,97" hai3="103,35,5,96,125,38,90,57,2,100,101,1,71"/><T85/><D116/><U107/><E107/><V106/><F37/><W19/><G71/><T92/><D76/><U94/><E73/><V30/><F127/><W42/><G35/><T7/><D7/><U59/><E40/><V21/><F21/><W36/><G125/><T132/><D132/><U61/><E3/><V105/><F82/><W16/><G57/><T70/><D70/><U118/><E118/><V102/><F102/><W51/><G51/><T104/><D104/><U119/><E119/><V99/><REACH who="2" step="1"/><F134/><REACH who="2" ten="326,368,113,183" step="2"/><W32/><G32/><AGARI ba="2,1" hai="9,10,12,15,28,30,32,33,77,79,97,99,105,106" machi="32" ten="25,6400,0" yaku="1,1,2,1,22,2,53,0" doraHai="13" doraHaiUra="115" who="2" fromWho="3" sc="326,0,368,0,113,80,183,-70" /><INIT seed="5,0,0,1,1,25" ten="326,368,193,113" oya="1" hai0="34,83,5,99,93,107,15,105,118,54,21,41,39" hai1="6,12,67,66,119,123,122,79,84,31,7,36,78" hai2="64,43,90,88,73,81,19,26,80,91,111,28,112" hai3="86,114,133,60,94,100,14,97,8,121,125,23,52"/><U51/><E119/><V20/><F111/><W55/><G121/><T135/><D118/><U113/><E36/><V116/><F112/><W71/><G114/><T68/><D68/><U103/><E103/><V27/><F116/><W10/><G133/><T70/><D70/><U75/><E12/><V95/><F64/><W59/><G125/><T24/><D34/><U11/><E11/><V77/><F43/><W58/><G71/><T82/><D135/><U16/><E51/><V22/><REACH who="2" step="1"/><F81/><REACH who="2" ten="326,368,183,113" step="2"/><W120/><G120/><T128/><D82/><U117/><E113/><V17/><F17/><W4/><G86/><AGARI ba="0,1" hai="19,20,22,26,27,28,73,77,80,86,88,90,91,95" machi="86" ten="30,7700,0" yaku="1,1,7,1,52,1,54,1,53,0" doraHai="25" doraHaiUra="129" who="2" fromWho="3" sc="326,0,368,0,183,87,113,-77" /><INIT seed="6,0,0,5,2,37" ten="326,368,270,36" oya="2" hai0="28,24,76,50,92,70,123,112,111,125,115,60,130" hai1="53,102,96,61,114,121,4,35,116,131,30,134,108" hai2="77,14,17,55,100,65,66,56,75,107,25,27,88" hai3="98,29,59,11,38,84,113,10,9,13,7,71,44"/><V80/><F107/><W41/><G71/><T8/><D111/><U93/><E93/><V26/><F100/><W22/><G113/><N who="0" m="43595" /><D123/><U109/><E96/><V135/><F135/><W90/><G98/><T126/><D76/><U73/><E53/><V85/><F75/><W15/><G59/><T129/><D8/><U12/><E12/><V16/><F77/><W104/><G104/><T117/><D92/><U122/><E30/><V79/><F79/><W3/><G3/><T33/><D50/><U23/><E23/><V64/><F14/><W48/><G38/><T120/><D120/><U40/><E4/><V74/><F74/><W89/><G11/><T83/><D83/><U1/><E61/><AGARI ba="0,0" hai="16,17,25,26,27,55,56,61,64,65,66,80,85,88" machi="61" ten="40,7700,0" yaku="8,1,54,2" doraHai="37" who="2" fromWho="1" sc="326,0,368,-77,270,77,36,0" /><INIT seed="6,1,0,4,3,135" ten="326,291,347,36" oya="2" hai0="117,120,73,25,63,123,46,10,80,101,61,116,3" hai1="100,87,44,79,67,35,37,86,107,71,4,78,48" hai2="95,104,74,31,14,47,75,83,53,17,108,39,5" hai3="27,112,16,19,28,65,40,82,134,122,49,11,99"/><V96/><F104/><W2/><G122/><T57/><D101/><U98/><E37/><V32/><F108/><W56/><G134/><T121/><D25/><U90/><E87/><V128/><F5/><W23/><G112/><T34/><D34/><U8/><E35/><V130/><F83/><W36/><G36/><T1/><D46/><U38/><E67/><V94/><F31/><W106/><G106/><T60/><D57/><U18/><E18/><V92/><F32/><W22/><G2/><T105/><D105/><U62/><E62/><V109/><F96/><W54/><G40/><T52/><D52/><U42/><E71/><V51/><F39/><W85/><G99/><T84/><D73/><U43/><E43/><V115/><F115/><W69/><G11/><T15/><D15/><U110/><E38/><V124/><F124/><W13/><G69/><T127/><D127/><U59/><E59/><V45/><F45/><W81/><G65/><T76/><REACH who="0" step="1"/><D10/><REACH who="0" ten="316,291,347,36" step="2"/><U68/><E110/><V0/><F109/><W132/><G132/><T119/><AGARI ba="1,1" hai="1,3,60,61,63,76,80,84,116,117,119,120,121,123" machi="119" ten="50,12000,2" yaku="1,1,2,1,0,1,29,2,12,1,53,0" doraHai="135" doraHaiUra="70" who="0" fromWho="0" sc="316,133,291,-31,347,-61,36,-31" /><INIT seed="7,0,0,4,0,86" ten="449,260,286,5" oya="3" hai0="63,35,116,66,99,9,14,64,109,124,125,85,106" hai1="127,40,71,107,45,12,15,89,97,77,70,30,61" hai2="110,79,39,21,37,120,88,131,80,33,73,123,7" hai3="105,115,104,22,58,60,102,69,112,103,118,16,84"/><W100/><G69/><T94/><D109/><U59/><E127/><V54/><F110/><W28/><G28/><T18/><D35/><U83/><E30/><V81/><F33/><W82/><G118/><T50/><D50/><N who="1" m="26919" /><E107/><V48/><F7/><W57/><G105/><T108/><D64/><N who="1" m="38975" /><E70/><V51/><F21/><W38/><G38/><N who="2" m="14345" /><F131/><W11/><G11/><T32/><D85/><N who="1" m="48367" /><E71/><V25/><F25/><W52/><G104/><T122/><D32/><U68/><E68/><V8/><F8/><W135/><G58/><T36/><D108/><U13/><E97/><V34/><F54/><W78/><G135/><T4/><D4/><U114/><E114/><N who="3" m="43562" /><G103/><T117/><D117/><U42/><E42/><V132/><F132/><W93/><G93/><T31/><D31/><U128/><E128/><V101/><F101/><W75/><G75/><T96/><D116/><U113/><E113/><V49/><F34/><W5/><G5/><T20/><D9/><U10/><E10/><V98/><F98/><W24/><AGARI ba="0,0" hai="16,22,24,52,57,60,78,82,84,100,102" m="43562" machi="24" ten="30,6000,0" yaku="15,1,54,2" doraHai="86" who="3" fromWho="3" sc="449,-20,260,-20,286,-20,5,60" /><INIT seed="7,1,0,5,0,17" ten="429,240,266,65" oya="3" hai0="31,76,122,38,121,135,110,94,98,21,14,102,61" hai1="134,64,123,34,74,108,35,56,40,81,68,77,58" hai2="0,11,44,13,97,8,86,69,66,105,24,54,3" hai3="111,16,100,20,82,7,6,131,72,99,109,27,15"/><W79/><G131/><T80/><D110/><N who="3" m="41993" /><G27/><T92/><D38/><U106/><E108/><V57/><F24/><W25/><G25/><T101/><D135/><U30/><E134/><V49/><F11/><W75/><G75/><T104/><D104/><AGARI ba="1,0" hai="6,7,15,16,20,72,79,82,99,100,104" m="41993" machi="104" ten="30,5800,0" yaku="10,1,52,1,54,1" doraHai="17" who="3" fromWho="0" sc="429,-61,240,0,266,0,65,61" /><INIT seed="7,2,0,5,4,124" ten="368,240,266,126" oya="3" hai0="125,0,77,109,120,76,13,37,75,92,90,31,45" hai1="67,115,107,5,7,52,1,34,105,9,59,8,4" hai2="42,29,27,21,40,111,82,103,93,119,22,135,61" hai3="78,69,116,126,39,25,121,123,73,71,6,130,57"/><W86/><G86/><T79/><D0/><U49/><E115/><V60/><F119/><W36/><G25/><T17/><D125/><U95/><E34/><V106/><F111/><W104/><G126/><T47/><D109/><U10/><E1/><V63/><F135/><W100/><G57/><T38/><D75/><U88/><REACH who="1" step="1"/><E67/><REACH who="1" ten="368,230,266,126" step="2"/><V28/><F106/><W30/><G116/><T54/><D120/><N who="3" m="46153" /><G30/><T96/><D31/><U134/><E134/><V74/><F29/><W101/><G6/><T44/><REACH who="0" step="1"/><D54/><REACH who="0" ten="358,230,266,126" step="2"/><U131/><E131/><V26/><F28/><W53/><G53/><T112/><D112/><U108/><E108/><V118/><F118/><W85/><G130/><T50/><D50/><U81/><E81/><V48/><F48/><W110/><G110/><T35/><D35/><U91/><E91/><V3/><F82/><N who="3" m="45391" /><G101/><T15/><D15/><U20/><E20/><AGARI ba="2,2" hai="13,17,20,37,38,44,45,47,76,77,79,90,92,96" machi="20" ten="40,1300,0" yaku="1,1,53,0" doraHai="124" doraHaiUra="66" who="0" fromWho="1" sc="358,39,230,-19,266,0,126,0" owari="397,49.0,211,-19.0,266,7.0,126,-37.0" /></mjloggm>