<mjloggm ver="2.3"><GO type="41" lobby="0"/><UN n0="%E2%93%9D%53%75%70%68%78" n1="%E5%A4%A7%E5%92%8C%E8%A8%BC%E5%88%B8%E9%81%8B%E8%87%AA%E6%85%A2" n2="%E6%BA%96%E3%81%A1%E3%82%83%E3%82%93" n3="%E3%81%A6%E3%81%A4%E3%81%AA%E3%81%84" dan="18,15,14,14" rate="2091.87,2006.59,1934.71,1973.49" sx="M,M,M,M"/><TAIKYOKU oya="0"/><INIT seed="0,0,0,0,5,22" ten="250,250,250,250" oya="0" hai0="51,125,95,91,8,14,83,5,120,24,45,79,69" hai1="31,99,81,32,104,65,84,39,61,98,107,124,23" hai2="111,48,38,78,19,66,28,71,25,128,64,13,101" hai3="134,58,30,92,116,97,100,47,35,33,36,21,114"/><T117/><D125/><U20/><E39/><V127/><F38/><W56/><G114/><T112/><D69/><U119/><E119/><V122/><F122/><W50/><G116/><T129/><D129/><U16/><E32/><V59/><F111/><W133/><G36/><T109/><D109/><U67/><E124/><V46/><F71/><W6/><G6/><T75/><D117/><U29/><E84/><V135/><F135/><N who="3" m="51723" /><G21/><T87/><D120/><U41/><E81/><V76/><F66/><W105/><G105/><T18/><D112/><U118/><E118/><V15/><F15/><W88/><G100/><T126/><D126/><U90/><E90/><V2/><F2/><W27/><G35/><T62/><D62/><U106/><E41/><AGARI ba="0,0" hai="27,30,33,41,47,50,56,58,88,92,97" m="51723" machi="41" ten="30,3900,0" yaku="20,1,52,1,54,1" doraHai="22" who="3" fromWho="1" sc="250,0,250,-39,250,0,250,39" /><INIT seed="1,0,0,2,5,36" ten="250,211,250,289" oya="1" hai0="127,88,129,8,15,59,79,86,126,58,50,72,92" hai1="105,45,62,130,83,5,102,27,20,53,24,104,78" hai2="13,42,84,125,0,29,32,64,34,14,3,55,135" hai3="4,49,68,30,6,99,80,60,95,23,43,28,10"/><U77/><E130/><V33/><F64/><W22/><G68/><T70/><D70/><U121/><E121/><V61/><F61/><W65/><G65/><T100/><D129/><U124/><E124/><N who="0" m="47657" /><D100/><U85/><E78/><V46/><F55/><W21/><G60/><T113/><D113/><U134/><E134/><V40/><F125/><W26/><G80/><N who="0" m="45159" /><D50/><U2/><E27/><V67/><F67/><W18/><G49/><T17/><AGARI ba="0,0" hai="8,15,17,58,59,86,88,92" m="45159,47657" machi="17" ten="30,2000,0" yaku="18,1,54,1" doraHai="36" who="0" fromWho="0" sc="250,20,211,-10,250,-5,289,-5" /><INIT seed="2,0,0,1,5,20" ten="270,201,245,284" oya="2" hai0="88,62,73,99,131,36,75,126,31,4,52,25,129" hai1="107,17,39,134,51,2,90,106,8,112,71,38,40" hai2="16,123,1,57,65,50,97,85,92,95,19,47,115" hai3="66,102,128,59,12,127,125,103,108,121,3,104,83"/><V32/><F115/><W64/><G3/><T113/><D36/><U43/><E71/><V56/><F123/><W100/><G104/><T21/><D4/><U6/><E112/><V13/><F1/><W42/><G121/><T41/><D41/><U114/><E114/><V122/><F32/><W117/><G83/><T109/><D126/><N who="3" m="48137" /><G12/><T76/><D109/><U14/><E134/><V111/><F122/><W116/><G42/><T18/><D31/><U105/><E43/><V132/><F132/><W27/><G108/><T10/><D10/><U91/><E51/><V133/><F133/><W79/><G79/><T26/><D76/><U67/><E67/><N who="3" m="25642" /><G59/><N who="0" m="35175" /><D113/><U119/><E119/><N who="3" m="45642" /><G128/><N who="0" m="49227" /><D26/><AGARI ba="0,0" hai="26,27,100,102,103" m="45642,25642,48137" machi="26" ten="40,8000,1" yaku="28,2,18,1,52,2" doraHai="20" who="3" fromWho="0" sc="270,-80,201,0,245,0,284,80" /><INIT seed="3,0,0,2,0,10" ten="190,201,245,364" oya="3" hai0="44,32,73,109,97,90,49,33,129,86,17,15,42" hai1="64,46,123,57,113,11,68,55,84,1,130,52,25" hai2="76,131,121,72,16,107,50,134,4,62,39,99,92" hai3="45,37,135,66,106,132,22,122,127,28,98,116,89"/><W12/><G116/><T19/><D73/><U56/><E123/><V124/><F4/><W6/><G122/><T5/><D109/><U117/><E113/><V114/><F62/><W111/><G66/><T67/><D129/><U47/><E117/><V35/><F50/><W128/><G128/><T77/><D67/><U88/><E130/><V85/><F16/><N who="0" m="6218" /><D90/><U24/><E1/><V133/><F85/><W100/><G89/><T112/><D97/><U120/><E11/><V105/><F92/><W126/><G111/><T78/><D78/><U65/><E120/><V34/><F99/><W93/><G106/><T48/><D48/><N who="1" m="30727" /><E68/><V23/><F23/><W14/><G6/><T71/><D71/><U40/><E40/><V0/><F76/><W59/><G59/><T54/><D54/><U95/><E64/><V80/><F80/><W8/><G8/><N who="0" m="4495" /><D112/><U110/><E110/><V87/><F87/><W43/><G28/><T70/><D70/><U20/><E65/><V125/><F107/><W79/><G22/><T3/><D3/><U119/><E119/><V21/><F21/><W115/><G79/><T63/><D63/><N who="1" m="36287" /><E20/><V75/><F75/><W96/><G96/><T108/><D108/><U2/><E2/><V9/><F0/><W81/><G81/><AGARI ba="0,0" hai="32,33,42,44,49,77,81,86" m="4495,6218" machi="81" ten="30,3900,0" yaku="25,1,52,1,54,1" doraHai="10" who="0" fromWho="3" sc="190,39,201,0,245,0,364,-39" /><INIT seed="4,0,0,5,4,73" ten="229,201,245,325" oya="0" hai0="16,60,69,31,0,61,43,4,47,22,112,106,84" hai1="127,133,85,94,52,10,115,63,74,75,68,65,114" hai2="122,44,90,120,98,67,37,128,30,39,20,123,135" hai3="19,45,88,77,113,25,50,80,15,95,7,101,11"/><T24/><D106/><U107/><E107/><V46/><F67/><W70/><G70/><T53/><D112/><N who="1" m="43051" /><E133/><V99/><F135/><W110/><G113/><T108/><D108/><U18/><E127/><V71/><F71/><W56/><G110/><T92/><D69/><U54/><E85/><V89/><F30/><W82/><G101/><T28/><D4/><U125/><E94/><V93/><F20/><N who="3" m="13471" /><G77/><T9/><D0/><U86/><E86/><V129/><F120/><W81/><G56/><T62/><D9/><U78/><E125/><V105/><REACH who="2" step="1"/><F93/><REACH who="2" ten="229,201,235,325" step="2"/><W12/><G95/><T17/><D31/><U96/><E96/><V134/><F134/><W57/><G81/><T83/><D92/><U26/><E75/><V40/><F40/><W5/><G80/><T118/><D118/><U32/><E32/><V3/><F3/><W38/><G82/><T132/><D132/><U6/><E74/><V8/><F8/><W21/><G11/><T33/><D33/><U131/><E131/><V41/><F41/><W42/><G21/><T124/><D124/><U97/><E97/><V79/><F79/><W14/><G88/><N who="0" m="51231" /><D43/><U64/><E78/><V48/><F48/><AGARI ba="0,1" hai="16,17,22,24,28,47,48,53,60,61,62" m="51231" machi="48" ten="30,5800,0" yaku="8,1,54,2" doraHai="73" who="0" fromWho="2" sc="229,68,201,0,235,-58,325,0" /><INIT seed="4,1,0,0,1,128" ten="297,201,177,325" oya="0" hai0="108,99,7,33,55,41,81,95,91,97,110,76,134" hai1="32,87,66,39,135,106,36,114,80,112,25,44,1" hai2="24,15,89,71,30,126,109,127,59,118,124,79,90" hai3="98,40,67,52,47,27,9,26,73,65,48,0,133"/><T100/><D41/><U42/><E106/><V88/><F109/><N who="0" m="42090" /><D7/><U12/><E1/><V117/><F71/><W3/><G73/><N who="0" m="43151" /><D55/><U35/><E66/><V51/><F79/><W101/><G133/><T62/><D33/><U104/><E104/><V20/><F15/><W68/><G40/><T34/><D62/><U2/><E2/><V83/><F83/><W29/><G27/><T49/><D49/><U18/><E39/><V58/><REACH who="2" step="1"/><F51/><REACH who="2" ten="297,201,167,325" step="2"/><W132/><G3/><T72/><D72/><U115/><E135/><V69/><F69/><W82/><G132/><T75/><D134/><U63/><E25/><V57/><AGARI ba="1,1" hai="20,24,30,57,58,59,88,89,90,117,118,124,126,127" machi="57" ten="40,12000,2" yaku="1,1,0,1,29,2,18,1,54,1,53,1" doraHai="128" doraHaiUra="22" who="2" fromWho="2" sc="297,-61,201,-31,167,133,325,-31" /><INIT seed="5,0,0,4,0,122" ten="236,170,300,294" oya="1" hai0="17,133,84,66,111,97,92,69,119,43,14,88,18" hai1="115,37,85,129,76,94,109,47,64,67,89,78,117" hai2="8,3,123,134,60,58,50,72,102,45,35,86,126" hai3="31,128,130,44,81,127,52,32,55,10,0,22,51"/><U54/><E117/><V33/><F123/><W46/><G32/><T40/><D119/><U38/><E115/><V56/><F72/><W93/><G81/><T15/><D133/><U108/><E129/><N who="3" m="49770" /><G127/><T75/><D75/><U107/><E107/><V13/><F3/><W131/><N who="3" m="49778" /><W100/><DORA hai="34" /><G0/><T73/><D111/><N who="1" m="42571" /><E54/><N who="3" m="20522" /><G10/><T4/><D73/><U27/><E27/><V29/><F29/><W68/><G68/><T11/><D69/><U87/><E87/><V99/><F134/><W61/><G61/><T30/><D84/><U96/><E85/><V42/><F86/><W23/><G31/><T113/><D113/><U135/><E135/><V65/><F58/><W53/><G46/><T74/><D74/><U114/><E114/><V91/><F126/><W120/><G120/><T79/><D30/><U95/><E95/><V49/><F49/><W106/><G106/><T124/><D92/><U12/><E12/><V104/><REACH who="2" step="1"/><F91/><REACH who="2" ten="236,170,290,294" step="2"/><W26/><G51/><T105/><D124/><U9/><E9/><V41/><F41/><W80/><G44/><T118/><D118/><U21/><E21/><V39/><F39/><N who="1" m="14857" /><E47/><V132/><F132/><W116/><G23/><T25/><D11/><U71/><E71/><V2/><F2/><W70/><G70/><T36/><D36/><U59/><E59/><V121/><F121/><W101/><G116/><T125/><D125/><U48/><E48/><V90/><F90/><W5/><G22/><T7/><D88/><U28/><E28/><V57/><F57/><W83/><G53/><T110/><D110/><U112/><E112/><RYUUKYOKU ba="0,1" sc="236,-15,170,15,290,15,294,-15" hai1="64,67,76,78,89,94,96" hai2="8,13,33,35,42,45,50,56,60,65,99,102,104" /><INIT seed="5,1,1,1,1,98" ten="221,185,305,279" oya="1" hai0="28,115,134,49,124,69,86,38,60,92,89,81,62" hai1="61,70,3,51,90,67,102,13,88,27,93,30,23" hai2="15,125,112,103,128,113,10,65,31,114,2,56,20" hai3="35,117,126,25,118,96,133,43,7,34,5,46,32"/><U64/><E3/><V22/><F2/><W17/><G133/><T110/><D38/><U106/><E106/><V127/><F31/><W131/><G126/><N who="2" m="48137" /><F128/><W83/><G131/><T76/><D110/><U75/><E75/><V66/><F103/><W73/><G17/><T63/><D115/><U91/><E67/><N who="2" m="25611" /><F56/><W33/><G96/><T119/><D119/><N who="3" m="45577" /><G25/><T9/><D134/><U85/><E102/><V47/><F47/><W109/><N who="3" m="8192" /><DORA hai="1" /><W53/><G53/><T99/><D28/><U116/><E116/><V37/><F37/><N who="3" m="21871" /><G109/><T0/><D124/><U48/><E48/><V21/><F10/><W6/><G83/><T105/><D81/><U26/><E26/><V45/><F45/><W41/><G41/><T111/><D111/><U44/><REACH who="1" step="1"/><E13/><AGARI ba="1,1" hai="13,15,20,21,22,112,113,114" m="25611,48137" machi="13" ten="40,8000,1" yaku="28,2,15,1,11,1,18,1" doraHai="98,1" who="2" fromWho="1" sc="221,0,185,-83,305,93,279,0" /><INIT seed="6,0,0,3,1,121" ten="221,102,398,279" oya="2" hai0="40,132,111,92,55,61,128,119,117,10,17,37,11" hai1="4,105,78,60,80,95,96,82,67,69,29,34,49" hai2="38,66,63,87,110,91,72,74,103,70,48,124,76" hai3="127,12,27,86,0,19,62,36,68,104,81,122,57"/><V125/><F103/><W7/><G122/><T53/><D128/><U102/><E95/><V98/><F98/><W126/><G104/><T88/><D132/><U47/><E4/><V133/><F38/><W9/><G68/><T58/><D111/><U73/><E80/><V100/><F100/><W75/><G75/><T90/><D40/><U64/><E64/><V28/><F133/><W3/><G36/><T106/><D106/><U50/><REACH who="1" step="1"/><E47/><REACH who="1" ten="221,92,398,279" step="2"/><V8/><F66/><W134/><G134/><T52/><D92/><U21/><E21/><V115/><F8/><W1/><G127/><T54/><D11/><U22/><E22/><V15/><F124/><W13/><G126/><T109/><D10/><U114/><E114/><V85/><F115/><W130/><G130/><T131/><D131/><U135/><E135/><V51/><F125/><W18/><G27/><AGARI ba="0,1" hai="27,29,34,49,50,60,67,69,73,78,82,96,102,105" machi="27" ten="40,5200,0" yaku="1,1,25,2,53,0" doraHai="121" doraHaiUra="112" who="1" fromWho="3" sc="221,0,92,62,398,0,279,-52" /><INIT seed="7,0,0,2,5,81" ten="221,154,398,227" oya="3" hai0="120,25,40,57,128,62,109,9,114,68,88,63,61" hai1="105,125,84,103,119,134,7,21,86,29,94,124,85" hai2="135,113,36,123,110,58,108,112,96,104,91,51,117" hai3="10,95,106,79,107,31,90,42,115,130,76,14,35"/><W59/><G115/><N who="2" m="44105" /><F36/><W56/><G130/><T28/><D109/><N who="2" m="42090" /><F51/><W38/><G35/><T129/><D120/><U23/><E134/><V131/><F58/><W67/><G31/><T30/><D30/><U83/><E119/><V12/><F12/><W18/><G42/><T80/><D40/><U47/><E105/><V72/><F72/><W6/><G38/><T111/><D111/><U15/><E47/><V122/><F104/><W116/><G116/><T99/><D114/><U78/><E125/><V0/><F0/><W8/><G107/><T5/><D57/><U27/><E124/><V17/><F17/><W50/><G106/><T87/><D68/><U1/><E1/><V2/><F2/><W64/><G59/><T49/><D49/><U101/><E94/><V54/><F54/><N who="3" m="31831" /><G6/><T102/><D129/><U92/><E92/><N who="2" m="56351" /><F131/><W89/><G10/><T55/><D128/><U39/><E39/><V69/><F69/><W4/><G4/><T126/><D126/><U33/><E33/><V74/><F74/><W11/><G11/><T82/><D9/><N who="1" m="4543" /><E23/><V53/><F53/><W19/><G19/><T97/><D5/><U75/><E75/><V127/><F127/><W77/><G95/><T133/><D55/><U71/><E71/><V98/><F98/><W26/><G26/><T66/><D99/><U121/><E121/><N who="2" m="46091" /><F135/><W48/><G48/><T52/><D133/><U20/><E20/><V93/><F93/><W41/><G41/><T3/><D97/><U24/><E24/><V37/><F37/><W34/><G34/><T132/><D132/><U44/><E44/><RYUUKYOKU ba="0,0" sc="221,-30,154,10,398,10,227,10" hai1="21,27,29,78,83,84,85,86,101,103" hai2="117" hai3="8,14,18,64,67,76,77,79,89,90" /><INIT seed="7,1,0,5,2,16" ten="191,164,408,237" oya="3" hai0="127,41,35,23,110,20,26,63,71,13,96,109,7" hai1="43,82,98,39,113,114,106,6,73,70,126,27,88" hai2="14,122,103,53,8,4,132,112,9,30,124,5,66" hai3="37,51,15,133,60,65,31,46,47,101,99,86,54"/><W123/><G133/><T111/><D41/><U48/><E70/><V59/><F112/><N who="1" m="43113" /><E126/><V33/><F132/><W0/><G123/><T116/><D116/><U3/><E39/><V11/><F66/><W84/><G0/><T75/><D75/><U64/><E64/><V32/><F103/><W24/><G15/><T1/><D96/><U94/><E106/><V42/><F42/><W107/><G46/><T93/><D93/><U50/><E43/><V85/><F124/><W90/><G90/><T108/><D127/><U119/><E119/><V29/><F85/><W77/><G77/><T95/><D111/><U130/><E130/><V129/><F129/><W104/><G107/><T2/><D95/><U55/><E55/><V34/><F53/><W78/><G78/><T72/><D72/><U44/><E44/><V57/><F57/><W22/><REACH who="3" step="1"/><G37/><REACH who="3" ten="191,164,408,227" step="2"/><T52/><D110/><U62/><E3/><V74/><F122/><W69/><AGARI ba="1,1" hai="22,24,31,47,51,54,60,65,69,84,86,99,101,104" machi="69" ten="20,12000,1" yaku="1,1,2,1,0,1,7,1,52,1,53,0" doraHai="16" doraHaiUra="87" who="3" fromWho="3" sc="191,-41,164,-41,408,-41,227,133" /><INIT seed="7,2,0,3,3,112" ten="150,123,367,360" oya="3" hai0="43,135,22,131,0,74,55,20,65,61,124,127,122" hai1="29,94,134,123,110,30,14,52,119,84,2,7,107" hai2="19,101,113,35,79,72,109,16,83,21,81,78,6" hai3="3,121,59,69,44,5,93,67,132,33,63,46,91"/><W51/><G33/><T40/><D122/><U126/><E110/><V41/><F109/><W99/><G121/><T118/><D0/><U1/><E123/><V53/><F35/><W80/><G132/><T34/><D74/><U89/><E134/><V102/><F113/><W117/><G117/><T24/><D135/><U130/><E130/><V23/><F6/><W17/><G80/><T71/><D118/><U10/><E119/><V49/><F41/><N who="0" m="15946" /><D55/><U27/><E107/><V62/><F62/><W87/><G69/><T73/><D73/><U115/><E115/><V76/><F72/><W82/><G51/><T120/><D131/><U75/><E75/><V58/><F81/><W26/><G5/><T57/><D71/><U13/><E126/><N who="0" m="48169" /><D120/><U106/><E106/><V68/><F83/><W133/><G3/><T42/><D42/><U32/><E30/><AGARI ba="2,0" hai="20,22,24,30,34,57,61,65" m="48169,15946" machi="30" ten="30,1000,0" yaku="18,1" doraHai="112" who="0" fromWho="1" sc="150,16,123,-16,367,0,360,0" owari="166,-23.0,107,-39.0,367,46.0,360,16.0" /></mjloggm>