<mjloggm ver="2.3"><GO type="41" lobby="0"/><UN n0="%74%6B%73%31%32%31%31%37" n1="%E2%93%9D%53%75%70%68%78" n2="%33%31%34%31%35%39%32" n3="%79%75%6B%69%77%6F%7A" dan="14,18,14,14" rate="1926.19,2130.98,1890.83,1971.06" sx="M,M,M,F"/><TAIKYOKU oya="0"/><INIT seed="0,0,0,3,1,37" ten="250,250,250,250" oya="0" hai0="53,84,135,75,47,27,92,86,3,131,5,123,69" hai1="88,4,95,100,98,107,91,20,105,41,83,34,51" hai2="76,115,42,82,118,7,99,111,116,89,23,122,133" hai3="49,62,55,58,59,28,126,9,65,2,73,15,66"/><T30/><D75/><U81/><E34/><V50/><F111/><W74/><G2/><T57/><D69/><U24/><E4/><V21/><F122/><W63/><G126/><T108/><D123/><U26/><E107/><V94/><F133/><W46/><REACH who="3" step="1"/><G28/><REACH who="3" ten="250,250,250,240" step="2"/><T114/><D135/><U19/><E26/><V85/><F115/><W35/><G35/><T104/><D114/><U109/><E109/><V25/><F118/><W56/><G56/><T32/><D108/><U54/><E105/><V18/><F116/><W71/><G71/><T124/><D104/><U38/><E83/><V11/><F25/><W132/><G132/><T128/><D124/><U10/><E81/><V48/><F18/><AGARI ba="0,1" hai="9,15,18,46,49,55,58,59,62,63,65,66,73,74" machi="18" ten="30,3900,0" yaku="1,1,7,1,9,1,53,0" doraHai="37" doraHaiUra="130" who="3" fromWho="2" sc="250,0,250,0,250,-39,240,49" /><INIT seed="1,0,0,3,4,118" ten="250,250,211,289" oya="1" hai0="35,54,50,113,131,7,27,106,68,24,32,122,104" hai1="51,64,45,63,116,108,22,95,120,19,87,81,101" hai2="3,99,96,10,16,26,80,82,124,92,91,132,17" hai3="72,58,33,89,107,97,20,2,0,110,94,8,34"/><U93/><E116/><V123/><F124/><W25/><G72/><T62/><D113/><U47/><E108/><V73/><F132/><W125/><G110/><T111/><D7/><U84/><E120/><V134/><F134/><W126/><G107/><T129/><D111/><U100/><E63/><V61/><F73/><W56/><G34/><T90/><D90/><U98/><E64/><V49/><F123/><W52/><G58/><T117/><D117/><U130/><E130/><V121/><F121/><W36/><G33/><T43/><D43/><U15/><E47/><V21/><F99/><W39/><G8/><T28/><D122/><U38/><E38/><V133/><F133/><W105/><G105/><T57/><D106/><U48/><E48/><V65/><F49/><W86/><G86/><T78/><D78/><U103/><E95/><V11/><F3/><W53/><G53/><T119/><D119/><U9/><E22/><V115/><F115/><W60/><G0/><T102/><D27/><U67/><E67/><V4/><F4/><W109/><G2/><T76/><D76/><U66/><E66/><V5/><F5/><W46/><G109/><T79/><D79/><N who="1" m="46143" /><E87/><V69/><F10/><W29/><REACH who="3" step="1"/><G46/><REACH who="3" ten="250,250,211,279" step="2"/><T88/><D104/><U83/><E83/><V74/><REACH who="2" step="1"/><F74/><REACH who="2" ten="250,250,201,279" step="2"/><W18/><G18/><T114/><D131/><U55/><AGARI ba="0,2" hai="9,15,19,45,51,55,93,98,100,101,103" m="46143" machi="55" ten="30,1500,0" yaku="8,1" doraHai="118" who="1" fromWho="1" sc="250,-5,250,35,201,-5,279,-5" /><INIT seed="1,1,0,0,3,71" ten="245,285,196,274" oya="1" hai0="30,112,110,4,12,60,123,98,82,44,17,49,104" hai1="99,10,93,131,133,101,27,28,37,66,124,54,21" hai2="62,55,68,115,15,108,130,57,53,125,85,100,122" hai3="69,87,8,132,32,25,90,64,48,97,50,6,114"/><U67/><E131/><V72/><F108/><W65/><G114/><T91/><D112/><U80/><E133/><V36/><F122/><W52/><G97/><T76/><D30/><U107/><E124/><V7/><F115/><W11/><G50/><T89/><D4/><U19/><E107/><V38/><F72/><W135/><G25/><T113/><D60/><U31/><E37/><V128/><F125/><W134/><G32/><T5/><D5/><U83/><E54/><V13/><F68/><W120/><G120/><T39/><D39/><N who="2" m="14890" /><F100/><W34/><G34/><T121/><D113/><U111/><E111/><V22/><F85/><W59/><G69/><T2/><D2/><U56/><E31/><V75/><F75/><W40/><G40/><T94/><D104/><U109/><E109/><V26/><F55/><W106/><G106/><T14/><D91/><U61/><E67/><V35/><F35/><W42/><G42/><T41/><D14/><AGARI ba="1,0" hai="10,14,19,21,27,28,56,61,66,80,83,93,99,101" machi="14" ten="40,7700,0" yaku="25,2,8,1" doraHai="71" who="1" fromWho="0" sc="245,-80,285,80,196,0,274,0" /><INIT seed="1,2,0,3,0,58" ten="165,365,196,274" oya="1" hai0="100,76,79,23,1,69,95,128,104,49,4,75,89" hai1="14,13,120,63,84,106,118,62,22,28,81,74,39" hai2="0,105,83,94,124,59,5,92,90,8,88,113,135" hai3="70,129,54,65,43,126,51,45,116,10,33,93,107"/><U98/><E74/><V115/><F105/><W87/><G107/><T77/><D69/><U97/><E39/><V16/><F135/><W17/><G33/><T60/><D60/><N who="1" m="23083" /><E118/><V50/><F124/><W67/><G70/><T78/><D4/><U80/><E120/><V110/><F110/><W21/><G126/><T86/><D1/><U19/><E106/><V18/><F83/><N who="1" m="31817" /><E28/><V29/><F29/><W42/><G10/><T114/><D75/><U40/><E40/><N who="3" m="15402" /><G129/><T35/><D35/><U119/><E119/><V56/><F50/><W48/><G51/><T132/><D132/><U31/><E31/><V82/><F82/><W55/><G55/><T101/><D104/><U26/><E84/><V85/><F59/><W25/><G116/><T9/><D78/><U27/><E14/><V123/><F56/><W73/><G73/><T32/><D79/><U20/><E20/><V134/><F134/><W2/><G2/><T46/><D77/><U64/><E64/><V34/><F34/><W37/><G37/><T3/><D76/><U127/><E127/><V131/><F123/><W71/><G71/><T117/><D3/><U53/><E53/><V102/><F102/><W66/><G66/><T91/><D32/><U96/><AGARI ba="2,0" hai="13,19,22,26,27,96,97,98" m="31817,23083" machi="96" ten="30,11700,0" yaku="8,1,52,3" doraHai="58" who="1" fromWho="1" sc="165,-41,365,123,196,-41,274,-41" /><INIT seed="1,3,0,2,5,73" ten="124,488,155,233" oya="1" hai0="23,1,124,83,69,21,135,58,95,89,84,0,41" hai1="68,110,47,71,37,26,2,91,52,8,22,85,86" hai2="24,123,9,45,5,119,65,76,132,10,7,121,125" hai3="50,90,13,51,116,104,82,94,63,17,117,33,114"/><U28/><E110/><V72/><F119/><N who="3" m="45643" /><G104/><T113/><D69/><U60/><E86/><V105/><F105/><W56/><G33/><T70/><D113/><U74/><E74/><V42/><F132/><W67/><G82/><T115/><D70/><U64/><E71/><V25/><F65/><W62/><G62/><T20/><D115/><U31/><E37/><V106/><F106/><W12/><G114/><T18/><D41/><U128/><E128/><V61/><F61/><W59/><G59/><T57/><D18/><U109/><E31/><V129/><F72/><W27/><G27/><T19/><D19/><U127/><E127/><V77/><F45/><W6/><G6/><T134/><D95/><U92/><E109/><V54/><F54/><W32/><G32/><T40/><D40/><U80/><E92/><V79/><F42/><W36/><G36/><T81/><D124/><U108/><E108/><V55/><F55/><W126/><G126/><T131/><D131/><U93/><E93/><V38/><F38/><W102/><G102/><T120/><D120/><N who="2" m="46154" /><F129/><W101/><G101/><T118/><D118/><U88/><E52/><V100/><F100/><W66/><G67/><T103/><D103/><U53/><E53/><V11/><F125/><W15/><G17/><T133/><REACH who="0" step="1"/><D81/><REACH who="0" ten="114,488,155,233" step="2"/><U48/><E80/><V46/><F46/><W16/><G16/><T39/><D39/><U75/><E68/><V107/><F107/><W130/><G130/><T111/><D111/><U122/><E122/><V112/><F112/><W44/><G44/><T30/><D30/><U99/><E47/><RYUUKYOKU ba="3,1" sc="114,10,488,-30,155,10,233,10" hai0="0,1,20,21,23,57,58,83,84,89,133,134,135" hai2="5,7,9,10,11,24,25,76,77,79" hai3="12,13,15,50,51,56,63,66,90,94" /><INIT seed="2,4,1,4,1,78" ten="124,458,165,243" oya="2" hai0="49,35,66,100,24,29,46,128,77,51,13,91,73" hai1="60,94,56,2,108,105,102,61,33,65,92,118,110" hai2="130,18,67,113,111,19,44,86,119,71,32,82,9" hai3="57,17,83,37,26,70,132,31,85,34,22,3,68"/><V93/><F113/><W47/><G3/><T69/><D100/><U12/><E118/><V28/><F119/><W20/><G132/><T59/><D69/><U30/><E2/><V98/><F130/><W36/><G57/><T72/><D128/><U21/><E33/><V16/><F44/><W74/><G74/><T117/><D117/><U84/><E105/><V11/><F111/><W122/><G122/><T42/><D72/><U99/><E61/><V124/><F124/><W50/><G37/><T39/><D13/><U1/><E1/><V103/><F71/><W23/><G36/><T0/><D0/><U4/><E4/><V127/><F67/><W81/><G17/><T5/><D5/><U8/><E8/><V79/><REACH who="2" step="1"/><F127/><REACH who="2" ten="124,458,155,243" step="2"/><W89/><G70/><T129/><D66/><U58/><E110/><V115/><F115/><W41/><REACH who="3" step="1"/><G68/><REACH who="3" ten="124,458,155,233" step="2"/><T76/><D129/><U88/><E108/><V95/><F95/><AGARI ba="4,3" hai="20,22,23,26,31,34,41,47,50,81,83,85,89,95" machi="95" ten="40,8000,1" yaku="1,1,2,1,52,2,53,1" doraHai="78" doraHaiUra="40" who="3" fromWho="2" sc="124,0,458,0,155,-92,233,122" /><INIT seed="3,0,0,2,3,100" ten="124,458,63,355" oya="3" hai0="124,43,117,39,87,121,93,97,53,38,12,81,116" hai1="25,11,1,113,46,33,96,22,109,59,127,27,26" hai2="4,104,44,85,91,37,73,128,10,60,63,2,114" hai3="68,71,30,119,111,56,129,41,3,77,51,120,0"/><W42/><G120/><T47/><D121/><U65/><E109/><V36/><F114/><W105/><G119/><T125/><D39/><U62/><E113/><V80/><F128/><W13/><G105/><T52/><D12/><U118/><E127/><N who="0" m="48713" /><D117/><U40/><E33/><V15/><F37/><W88/><G77/><N who="0" m="46511" /><D116/><U6/><E96/><V84/><F15/><W131/><G30/><T102/><AGARI ba="0,0" hai="38,43,47,52,53,93,97,102" m="46511,48713" machi="102" ten="30,2000,0" yaku="18,1,54,1" doraHai="100" who="0" fromWho="0" sc="124,20,458,-5,63,-5,355,-10" /><INIT seed="4,0,0,3,3,111" ten="144,453,58,345" oya="0" hai0="59,71,77,86,92,41,20,22,24,107,113,6,99" hai1="32,17,122,81,112,8,132,87,69,68,103,15,26" hai2="34,48,131,130,117,33,30,110,9,83,127,125,16" hai3="23,95,128,12,114,80,11,96,53,21,73,42,116"/><T5/><D71/><U60/><E122/><V129/><F83/><W52/><G116/><T98/><D107/><U57/><E132/><V19/><F110/><W79/><G42/><T85/><D41/><U38/><E38/><V78/><F30/><W101/><G128/><T74/><D74/><U119/><E112/><V102/><F78/><W123/><G123/><T56/><D77/><U118/><E103/><V13/><F48/><W134/><G134/><T76/><D76/><U29/><E69/><V108/><F102/><W51/><G114/><T28/><D28/><U94/><E94/><V65/><F65/><W10/><G53/><T36/><D24/><U91/><E68/><V31/><F31/><W104/><G10/><T105/><D105/><U135/><E135/><V93/><F93/><W88/><G11/><T124/><D92/><U106/><E106/><V40/><F40/><W37/><G12/><T2/><D2/><U67/><AGARI ba="0,0" hai="8,15,17,26,29,32,57,60,67,81,87,91,118,119" machi="67" ten="20,1500,0" yaku="0,1,7,1" doraHai="111" who="1" fromWho="1" sc="144,-7,453,15,58,-4,345,-4" /><INIT seed="5,0,0,2,5,36" ten="137,468,54,341" oya="1" hai0="3,58,52,96,132,85,69,87,121,125,6,65,31" hai1="98,99,135,70,8,108,110,126,75,33,22,20,116" hai2="1,66,88,94,18,21,68,95,25,130,49,103,102" hai3="10,63,127,61,28,73,30,0,41,35,51,46,80"/><U32/><E116/><V57/><F1/><W48/><G127/><T120/><D31/><U29/><E75/><V67/><F130/><W90/><G35/><T40/><D132/><U92/><E70/><V83/><F68/><W60/><G48/><T91/><D125/><U86/><E86/><V13/><F83/><W34/><G34/><T114/><D114/><U93/><E126/><V109/><F109/><W74/><G74/><T7/><D65/><U15/><E15/><V76/><F76/><W5/><REACH who="3" step="1"/><G90/><REACH who="3" ten="137,468,54,331" step="2"/><T26/><D91/><U113/><E33/><V97/><F103/><W64/><G64/><T82/><D121/><U89/><E32/><V59/><F67/><W56/><G56/><T38/><D58/><U53/><E89/><V124/><F124/><W134/><G134/><T101/><D69/><U123/><E123/><V112/><F112/><W39/><G39/><T129/><D101/><U118/><E113/><V14/><F59/><W42/><G42/><T106/><D38/><U105/><E135/><V19/><F66/><W44/><G44/><T111/><D40/><U72/><E72/><V84/><REACH who="2" step="1"/><F19/><REACH who="2" ten="137,468,44,331" step="2"/><W81/><G81/><T23/><D82/><U104/><E110/><V2/><F2/><W50/><G50/><T45/><D3/><U9/><E108/><V115/><F115/><W55/><G55/><AGARI ba="0,2" hai="13,14,18,21,25,49,55,57,84,88,94,95,97,102" machi="55" ten="40,5200,0" yaku="1,1,8,1,54,1,53,0" doraHai="36" doraHaiUra="119" who="2" fromWho="3" sc="137,0,468,0,44,72,331,-52" /><INIT seed="6,0,0,4,4,133" ten="137,468,116,279" oya="2" hai0="44,99,49,97,108,29,92,42,112,83,91,77,124" hai1="123,13,135,35,76,46,116,20,68,115,101,19,9" hai2="60,78,69,31,43,114,94,37,110,95,56,79,86" hai3="134,80,131,89,85,3,8,87,127,7,1,55,28"/><V57/><F114/><W63/><G134/><T5/><D108/><U88/><E68/><V126/><F110/><W38/><G38/><T128/><D112/><U14/><E116/><V54/><F31/><W93/><G131/><T109/><D128/><U36/><E123/><V2/><F2/><W32/><G32/><T10/><D109/><U24/><E14/><V98/><F69/><W105/><G105/><T75/><D29/><U26/><E76/><V0/><F0/><W71/><G28/><T4/><D124/><U40/><E101/><V74/><F74/><W61/><G1/><T58/><D58/><U106/><E106/><V118/><F118/><W100/><G71/><T64/><D64/><U81/><E35/><V102/><F126/><W27/><G27/><T122/><D122/><U52/><E26/><V41/><F37/><W17/><G17/><T73/><D73/><U84/><E135/><V82/><F79/><W62/><G127/><T22/><D22/><U11/><E115/><V39/><F39/><W18/><G18/><T111/><D111/><U47/><E24/><V66/><REACH who="2" step="1"/><F95/><REACH who="2" ten="137,468,106,279" step="2"/><W103/><G3/><T21/><D77/><U6/><E36/><V129/><F129/><W120/><G120/><T107/><D75/><U119/><E119/><V25/><F25/><W45/><G93/><T33/><D92/><U15/><E15/><V65/><F65/><W125/><G125/><T12/><D107/><U16/><E13/><V113/><F113/><W130/><G130/><T34/><D12/><U59/><E19/><V67/><F67/><W117/><G117/><RYUUKYOKU ba="0,1" sc="137,-10,468,-10,106,30,279,-10" hai2="41,43,54,56,57,60,66,78,82,86,94,98,102" /><INIT seed="6,1,1,1,1,124" ten="127,458,136,269" oya="2" hai0="108,10,11,79,4,12,110,30,92,19,21,95,114" hai1="46,67,72,97,123,118,99,44,29,122,5,3,128" hai2="96,40,133,91,27,90,28,35,45,43,58,22,109" hai3="102,1,52,89,100,13,66,129,41,57,78,77,86"/><V107/><F133/><W42/><G1/><T74/><D114/><U84/><E128/><V130/><F130/><W94/><G66/><T125/><D125/><U93/><E118/><V32/><F109/><W61/><G129/><T9/><D30/><U62/><E84/><V88/><F58/><W76/><REACH who="3" step="1"/><G13/><REACH who="3" ten="127,458,136,259" step="2"/><T81/><D110/><U23/><E67/><V31/><F31/><W103/><AGARI ba="1,2" hai="41,42,52,57,61,76,77,78,86,89,94,100,102,103" machi="103" ten="30,8000,1" yaku="1,1,2,1,0,1,8,1,54,1,53,0" doraHai="124" doraHaiUra="20" who="3" fromWho="3" sc="127,-21,458,-21,136,-41,259,103" /><INIT seed="7,0,0,1,4,70" ten="106,437,95,362" oya="3" hai0="73,78,35,90,33,76,51,85,133,36,12,120,24" hai1="10,55,28,91,97,95,34,107,39,128,25,20,37" hai2="7,49,8,86,71,103,6,48,56,127,62,79,52" hai3="106,67,9,100,38,22,93,40,118,121,81,32,14"/><W135/><G121/><T0/><D36/><U84/><E128/><V132/><F127/><W72/><G32/><T110/><D0/><U129/><E129/><V94/><F132/><W92/><G67/><T5/><D120/><U134/><E10/><V114/><F114/><W99/><G22/><T109/><D73/><U53/><E134/><V116/><F116/><W16/><G135/><T87/><D133/><U42/><E42/><V130/><F130/><W96/><G118/><T83/><D51/><N who="2" m="19530" /><F71/><W26/><G26/><T3/><D3/><U88/><E107/><V2/><F2/><W124/><G124/><T59/><D59/><U13/><E13/><N who="2" m="5271" /><F7/><W89/><G106/><T80/><D90/><U111/><E111/><V66/><F79/><W19/><G19/><T131/><D131/><U18/><E18/><V61/><F61/><W43/><REACH who="3" step="1"/><G38/><REACH who="3" ten="106,437,95,352" step="2"/><T23/><D23/><U58/><E20/><V44/><F44/><W11/><G11/><T30/><D33/><U54/><REACH who="1" step="1"/><E58/><REACH who="1" ten="106,427,95,352" step="2"/><V123/><F123/><W77/><AGARI ba="0,2" hai="9,14,16,40,43,72,77,81,89,92,93,96,99,100" machi="77" ten="30,6000,0" yaku="1,1,0,1,54,1,53,0" doraHai="70" doraHaiUra="46" who="3" fromWho="3" sc="106,-20,427,-20,95,-20,352,80" owari="86,-31.0,407,21.0,75,-42.0,432,52.0" /></mjloggm>