<mjloggm ver="2.3"><GO type="41" lobby="0"/><UN n0="%E2%93%9D%53%75%70%68%78" n1="%4D%65%72%6B%61%74%7A" n2="%4D%4A%E3%81%AE%E3%81%8A%E3%81%8B%E3%81%B4%E3%83%BC" n3="%E2%98%86%E5%A6%B9%E5%B0%BE%E4%BD%B3%E7%B9%94%E2%98%86" dan="18,14,13,15" rate="2065.76,1933.90,1867.60,1942.50" sx="M,M,M,F"/><TAIKYOKU oya="0"/><INIT seed="0,0,0,0,0,11" ten="250,250,250,250" oya="0" hai0="75,24,37,103,84,73,0,76,90,9,116,91,7" hai1="124,100,51,114,108,109,34,97,2,72,95,134,6" hai2="48,33,32,122,17,81,77,35,8,41,45,96,78" hai3="87,99,92,66,118,70,117,94,57,110,133,26,89"/><T125/><D116/><U115/><E34/><V112/><F122/><W14/><G110/><N who="1" m="42602" /><E2/><V98/><F112/><N who="1" m="43049" /><E51/><V88/><F98/><W49/><G70/><T106/><D125/><U25/><E25/><V135/><F135/><W46/><G133/><T131/><D131/><U121/><E134/><V40/><F40/><W30/><G57/><T42/><D24/><U56/><E56/><V21/><F8/><W31/><G66/><T107/><D42/><U29/><E6/><V64/><F64/><W120/><G120/><T53/><D53/><U58/><E58/><V101/><F81/><W27/><G49/><T104/><D37/><U16/><E29/><V93/><REACH who="2" step="1"/><F101/><REACH who="2" ten="250,250,240,250" step="2"/><W19/><G99/><T86/><D103/><U22/><E121/><V60/><F60/><W44/><G117/><T52/><D52/><U23/><E124/><V83/><F83/><W15/><G118/><T85/><REACH who="0" step="1"/><D76/><REACH who="0" ten="240,250,240,250" step="2"/><U126/><E126/><V111/><F111/><W38/><G31/><T74/><AGARI ba="0,2" hai="0,7,9,73,74,75,84,85,86,90,91,104,106,107" machi="74" ten="50,12000,1" yaku="1,1,2,1,0,1,29,2,53,0" doraHai="11" doraHaiUra="119" who="0" fromWho="0" sc="240,140,250,-40,240,-40,250,-40" /><INIT seed="0,1,0,5,1,46" ten="380,210,200,210" oya="0" hai0="68,85,105,89,98,24,79,75,57,101,71,9,51" hai1="48,86,8,87,25,41,54,67,112,1,66,90,53" hai2="124,2,13,58,76,17,93,80,95,88,63,103,3" hai3="77,36,100,47,97,49,19,52,28,108,133,50,130"/><T70/><D24/><U94/><E112/><V5/><F124/><W125/><G130/><T96/><D96/><U81/><E1/><V18/><F95/><W4/><G125/><T117/><D117/><U55/><E25/><V115/><F103/><W128/><G128/><T78/><D9/><U120/><E8/><V31/><F31/><W73/><G133/><T131/><D131/><U40/><E120/><V43/><F43/><W45/><G36/><T107/><D107/><U116/><E116/><V84/><F115/><W10/><G28/><T22/><D22/><U29/><E29/><V121/><F121/><W135/><G19/><T20/><D20/><U74/><E74/><V72/><F5/><W122/><G108/><T110/><D75/><U7/><E7/><V39/><F39/><W62/><G62/><T11/><D11/><U16/><E16/><V134/><F134/><W12/><G135/><T56/><D110/><U44/><E41/><V118/><F118/><W102/><G122/><T61/><D61/><U127/><E127/><V26/><F26/><W33/><G33/><T30/><D30/><U69/><E69/><V83/><F83/><W59/><G59/><T91/><D57/><U82/><E82/><V0/><REACH who="2" step="1"/><F13/><REACH who="2" ten="380,210,190,210" step="2"/><W92/><G73/><T23/><D101/><U35/><E35/><V119/><F119/><W111/><G111/><T113/><D113/><U132/><E132/><V6/><F6/><W126/><G126/><T64/><D105/><U34/><E34/><V37/><F37/><W42/><G102/><T99/><D91/><AGARI ba="1,1" hai="40,44,48,53,54,55,66,67,81,86,87,90,91,94" machi="91" ten="40,2600,0" yaku="8,1,52,1" doraHai="46" who="1" fromWho="0" sc="380,-29,210,39,190,0,210,0" /><INIT seed="1,0,0,2,3,44" ten="351,249,190,210" oya="1" hai0="81,21,107,128,133,88,19,54,35,55,29,109,3" hai1="97,96,40,45,108,24,94,13,117,95,51,92,42" hai2="50,48,56,9,26,46,130,89,25,105,6,16,118" hai3="129,79,85,37,43,83,113,32,103,80,64,90,84"/><U38/><E117/><V36/><F105/><W73/><G32/><T65/><D109/><U17/><E108/><V33/><F33/><W23/><G64/><T47/><D3/><U75/><E75/><V122/><F122/><W125/><G23/><T123/><D128/><U111/><E111/><V132/><F118/><W7/><G7/><T69/><D133/><U4/><E4/><V28/><F36/><W99/><G43/><T14/><D107/><U70/><E70/><V72/><F72/><W120/><G37/><T87/><D123/><U112/><E112/><V68/><F68/><W78/><G120/><T102/><D102/><U86/><E86/><V114/><F114/><W101/><G113/><T121/><D121/><U1/><E1/><V30/><F132/><W104/><G129/><T66/><D69/><U127/><E24/><N who="2" m="9323" /><F130/><W10/><G10/><T22/><D35/><U77/><E77/><V91/><F6/><W34/><G34/><T67/><D29/><N who="2" m="11370" /><F56/><W53/><G53/><N who="0" m="19979" /><D47/><U15/><E127/><V110/><F110/><W61/><G61/><T41/><D41/><U82/><E38/><V116/><F116/><W106/><G125/><T20/><AGARI ba="0,0" hai="14,19,20,21,22,65,66,67,81,87,88" m="19979" machi="20" ten="30,2000,0" yaku="8,1,54,1" doraHai="44" who="0" fromWho="0" sc="351,20,249,-10,190,-5,210,-5" /><INIT seed="2,0,0,5,4,82" ten="371,239,185,205" oya="2" hai0="2,22,93,111,131,116,73,47,96,38,28,48,115" hai1="106,37,19,46,95,21,104,4,50,114,134,100,101" hai2="63,3,5,66,7,59,121,107,89,124,86,79,85" hai3="125,51,103,24,113,67,61,41,11,123,122,64,120"/><V129/><F121/><W0/><G125/><T54/><D115/><U10/><E37/><V75/><F107/><N who="1" m="41001" /><E114/><V132/><F132/><W29/><G113/><T87/><D2/><U70/><E95/><V53/><F124/><W45/><G103/><T69/><D131/><U97/><E97/><V36/><F36/><W33/><G0/><T88/><D73/><U25/><E70/><V81/><F129/><W39/><G11/><T32/><D111/><U74/><E74/><V55/><F75/><W102/><G102/><T17/><D116/><U52/><E101/><V6/><F3/><W16/><G16/><T26/><D69/><U77/><E77/><V105/><F105/><W108/><G108/><T43/><D96/><U13/><E100/><V23/><F23/><W56/><REACH who="3" step="1"/><G39/><REACH who="3" ten="371,239,185,195" step="2"/><T20/><D17/><U65/><E19/><V126/><REACH who="2" step="1"/><F126/><REACH who="2" ten="371,239,175,195" step="2"/><W98/><G98/><T90/><D38/><U31/><E134/><V44/><F44/><W130/><G130/><T84/><D43/><U78/><E46/><V49/><F49/><W1/><G1/><T8/><D8/><U92/><E50/><V58/><F58/><W62/><G62/><T83/><AGARI ba="0,2" hai="20,22,26,28,32,47,48,54,83,84,87,88,90,93" machi="83" ten="20,8000,1" yaku="0,1,7,1,52,2,54,1" doraHai="82" who="0" fromWho="0" sc="371,100,239,-20,175,-40,195,-20" /><INIT seed="3,0,0,0,0,37" ten="471,219,135,175" oya="3" hai0="81,66,52,34,107,82,84,64,18,130,40,73,60" hai1="72,80,7,2,116,58,8,112,95,128,121,132,102" hai2="10,85,109,127,32,23,126,101,28,50,54,103,57" hai3="45,43,65,118,74,35,22,100,15,117,94,122,4"/><W20/><G122/><T70/><D40/><U125/><E58/><V26/><F109/><W47/><G35/><T55/><D107/><U105/><E95/><V36/><F36/><W131/><G74/><T38/><D130/><U1/><E80/><V75/><F75/><W99/><G131/><T27/><D66/><U51/><E51/><V56/><F32/><W48/><G65/><T13/><D38/><U25/><E102/><V90/><F10/><W79/><G79/><T87/><D27/><U97/><E97/><V106/><F106/><W14/><G4/><T77/><D34/><U135/><E8/><V93/><REACH who="2" step="1"/><F57/><REACH who="2" ten="471,219,125,175" step="2"/><W134/><G134/><T53/><REACH who="0" step="1"/><D82/><REACH who="0" ten="461,219,125,175" step="2"/><U67/><E135/><V92/><F92/><W119/><REACH who="3" step="1"/><G47/><REACH who="3" ten="461,219,125,165" step="2"/><T44/><D44/><U46/><E46/><V17/><F17/><W59/><G59/><T83/><D83/><U19/><E132/><V68/><F68/><W124/><G124/><AGARI ba="0,3" hai="23,26,28,50,54,56,85,90,93,101,103,124,126,127" machi="124" ten="40,2600,0" yaku="1,1,18,1,53,0" doraHai="37" doraHaiUra="11" who="2" fromWho="3" sc="461,0,219,0,125,56,165,-26" /><INIT seed="4,0,0,2,4,64" ten="461,219,181,139" oya="0" hai0="18,88,65,118,24,15,78,69,114,55,133,34,25" hai1="17,116,121,59,60,107,5,16,47,31,103,39,10" hai2="75,38,1,126,74,135,40,20,98,93,85,82,101" hai3="14,66,68,77,29,9,61,123,132,45,72,62,94"/><T119/><D114/><U33/><E121/><V104/><F1/><W0/><G132/><T115/><D115/><U131/><E116/><V46/><F135/><W122/><G0/><T4/><D78/><U8/><E8/><V106/><F126/><W32/><G94/><T76/><D76/><U51/><E39/><V52/><F20/><W48/><G32/><T63/><D55/><U12/><E131/><V111/><F111/><W127/><G29/><T97/><D4/><U100/><E31/><V84/><F84/><W43/><G127/><T129/><D129/><U36/><E36/><V113/><F113/><W128/><G128/><T11/><D133/><U49/><E49/><V44/><F106/><W53/><G77/><T27/><D34/><U134/><E33/><V67/><F67/><W92/><G92/><T102/><REACH who="0" step="1"/><D88/><REACH who="0" ten="451,219,181,139" step="2"/><U6/><E134/><V87/><F87/><W83/><G53/><T58/><D58/><U57/><E5/><V108/><F104/><AGARI ba="0,1" hai="11,15,18,24,25,27,63,65,69,97,102,104,118,119" machi="104" ten="40,7700,0" yaku="1,1,52,1,53,1" doraHai="64" doraHaiUra="13" who="0" fromWho="2" sc="451,87,219,0,181,-77,139,0" /><INIT seed="4,1,0,4,1,53" ten="538,219,104,139" oya="0" hai0="27,44,112,56,95,36,65,133,90,55,92,43,1" hai1="17,124,28,111,109,34,66,12,120,130,75,23,101" hai2="71,32,33,13,40,54,50,123,86,37,45,105,11" hai3="48,0,59,6,110,67,87,100,49,116,20,68,132"/><T77/><D1/><U126/><E75/><V62/><F105/><W125/><G116/><T108/><D112/><U16/><E66/><V114/><F123/><W58/><G110/><T38/><D133/><U29/><E120/><V15/><F114/><W4/><G132/><T76/><D95/><U88/><E101/><V25/><F86/><W80/><G100/><T30/><D38/><U14/><E88/><V47/><F25/><W63/><G125/><N who="1" m="48234" /><E130/><V2/><F2/><W104/><G104/><T39/><D39/><U19/><E19/><V85/><F85/><W103/><G103/><T9/><D9/><N who="1" m="6159" /><E34/><V72/><F72/><W89/><G20/><T98/><D65/><U78/><E78/><V70/><F15/><W81/><G81/><T8/><D8/><U5/><E5/><V96/><F96/><W24/><G24/><T115/><D108/><AGARI ba="1,0" hai="14,17,23,28,29,108,109,111" m="6159,48234" machi="108" ten="30,7700,0" yaku="18,1,34,2,54,1" doraHai="53" who="1" fromWho="0" sc="538,-80,219,80,104,0,139,0" /><INIT seed="5,0,0,2,3,115" ten="458,299,104,139" oya="1" hai0="81,56,82,31,65,77,20,71,29,22,122,112,30" hai1="127,49,64,75,8,10,47,72,45,34,19,84,6" hai2="91,1,111,95,7,54,98,97,83,53,74,27,21" hai3="134,123,57,87,9,13,76,88,90,70,33,18,120"/><U58/><E34/><V14/><F111/><W101/><G70/><T15/><D71/><U11/><E127/><V48/><F1/><W44/><G134/><T17/><D112/><U128/><E128/><V118/><F118/><W36/><G33/><T4/><D122/><U46/><E6/><V125/><F125/><W3/><G3/><T89/><D89/><U28/><E28/><V126/><F126/><W79/><G101/><T68/><D68/><U5/><E5/><V16/><F98/><W63/><G44/><T0/><D0/><U114/><E114/><V135/><F135/><W133/><G36/><T80/><D4/><U129/><E129/><V85/><F74/><W69/><G69/><T52/><D65/><U23/><E72/><V94/><F94/><W107/><G107/><T59/><D59/><U40/><E75/><V2/><F2/><W43/><G43/><T102/><D102/><U50/><E84/><V42/><F42/><W78/><G133/><T25/><D77/><U130/><E130/><V67/><F67/><W100/><G100/><T55/><D55/><U106/><E106/><V38/><F38/><W12/><G12/><T110/><D110/><U96/><E96/><V35/><F35/><W116/><G90/><T24/><D15/><U93/><E93/><V119/><F119/><W86/><G116/><T117/><D117/><U99/><E99/><V73/><F73/><W41/><G41/><T37/><D37/><U124/><E124/><V131/><F131/><W61/><G87/><T132/><D132/><U92/><E40/><V62/><F85/><RYUUKYOKU ba="0,0" sc="458,30,299,-10,104,-10,139,-10" hai0="17,20,22,24,25,29,30,31,52,56,80,81,82" /><INIT seed="6,1,0,0,4,51" ten="488,289,94,129" oya="2" hai0="13,41,113,70,97,14,68,32,9,105,108,72,112" hai1="81,110,27,47,125,19,85,77,56,132,52,49,122" hai2="71,130,1,104,4,102,28,50,21,119,6,90,67" hai3="131,87,53,128,116,42,76,18,117,29,43,15,16"/><V61/><F119/><W60/><G29/><T75/><D108/><U78/><E110/><V59/><F130/><W20/><G87/><T33/><D41/><U54/><E125/><V3/><F1/><W34/><G34/><T8/><REACH who="0" step="1"/><D97/><REACH who="0" ten="478,289,94,129" step="2"/><U123/><E132/><V114/><F114/><W79/><G60/><T74/><D74/><U55/><E56/><V26/><F104/><AGARI ba="1,1" hai="8,9,13,14,32,33,68,70,72,75,104,105,112,113" machi="104" ten="25,3200,0" yaku="1,1,22,2,53,0" doraHai="51" doraHaiUra="121" who="0" fromWho="2" sc="478,45,289,0,94,-35,129,0" /><INIT seed="7,0,0,4,4,123" ten="523,289,59,129" oya="3" hai0="35,97,57,34,2,121,62,49,135,0,131,100,71" hai1="96,41,89,31,130,29,6,109,92,113,42,58,67" hai2="69,90,19,78,12,61,93,52,70,126,66,47,21" hai3="118,105,81,63,91,59,17,10,106,27,13,5,7"/><W77/><G118/><T114/><D131/><U56/><E6/><V133/><F133/><W111/><G111/><T55/><D114/><U115/><E109/><V22/><F78/><W134/><G134/><T45/><D121/><U103/><E130/><V44/><F126/><W46/><G46/><T9/><D35/><U127/><E127/><V75/><F75/><W107/><G91/><T87/><D34/><U73/><E73/><V16/><F70/><W79/><G27/><T98/><D9/><U3/><E3/><V102/><F102/><W37/><G37/><T33/><D98/><U129/><E129/><V65/><F69/><W8/><G81/><T85/><D33/><U108/><E108/><V82/><F82/><W76/><REACH who="3" step="1"/><G10/><REACH who="3" ten="523,289,59,119" step="2"/><T60/><D45/><U39/><E39/><V80/><F80/><W23/><G23/><T51/><D135/><U86/><E113/><V30/><F30/><W119/><G119/><T88/><D88/><U24/><E115/><V26/><F44/><W36/><G36/><T1/><D100/><U40/><E24/><V104/><F104/><W112/><G112/><T25/><D25/><U43/><E43/><V94/><F94/><W18/><G18/><T14/><D71/><U74/><E40/><V38/><F38/><W32/><G32/><T50/><D57/><U54/><E41/><V11/><F11/><W124/><G124/><T99/><D2/><U84/><E42/><V132/><F132/><W125/><G125/><T120/><D1/><U68/><E29/><V20/><F21/><W15/><G15/><T110/><D14/><RYUUKYOKU ba="0,1" sc="523,-10,289,-10,59,-10,119,30" hai3="5,7,8,13,17,59,63,76,77,79,105,106,107" /><INIT seed="7,1,1,3,0,101" ten="513,279,49,149" oya="3" hai0="124,118,117,20,93,47,53,114,119,105,44,40,92" hai1="130,71,35,55,135,108,12,80,65,8,13,125,78" hai2="122,104,89,33,34,54,32,127,115,111,29,14,121" hai3="76,96,3,57,107,69,36,27,91,18,132,82,49"/><W26/><G3/><T59/><D105/><U58/><E35/><V63/><F111/><W9/><G36/><T98/><D114/><U10/><E108/><V23/><F115/><W75/><G69/><T81/><D124/><U123/><E123/><V16/><F89/><W116/><G116/><T61/><D81/><U131/><E125/><V50/><F127/><W83/><G132/><T77/><D77/><U4/><E65/><V62/><F29/><W85/><G9/><T99/><D20/><U39/><E39/><V43/><F43/><W19/><G27/><T42/><D42/><U87/><E71/><V106/><F63/><W112/><G112/><T84/><D84/><U51/><REACH who="1" step="1"/><E135/><REACH who="1" ten="513,269,49,149" step="2"/><V25/><F25/><W86/><G26/><T95/><D40/><U60/><E60/><V37/><F37/><W74/><G49/><T68/><D68/><U64/><E64/><V21/><F21/><W110/><G110/><T88/><D61/><U70/><E70/><V56/><F62/><W102/><G57/><T128/><D59/><U31/><E31/><V5/><F5/><AGARI ba="1,2" hai="4,5,8,10,12,13,51,55,58,78,80,87,130,131" machi="5" ten="40,5200,0" yaku="1,1,9,1,53,1" doraHai="101" doraHaiUra="48" who="1" fromWho="2" sc="513,0,269,75,49,-55,149,0" owari="513,62.0,344,14.0,-6,-51.0,149,-25.0" /></mjloggm>