<mjloggm ver="2.3"><GO type="41" lobby="0"/><UN n0="%E2%93%9D%53%75%70%68%78" n1="%41%75%73%74%75%72%38" n2="%74%61%6B%2E" n3="%68%69%64%65%2E%6B%6B%63" dan="17,14,13,13" rate="2058.30,1904.42,1831.37,1824.02" sx="M,M,M,M"/><TAIKYOKU oya="0"/><INIT seed="0,0,0,3,0,131" ten="250,250,250,250" oya="0" hai0="109,41,39,100,13,122,101,25,80,45,134,82,113" hai1="36,119,14,38,84,42,6,102,59,48,114,87,66" hai2="67,79,34,95,116,120,81,106,126,130,55,50,93" hai3="117,94,108,23,135,33,54,9,7,35,22,15,96"/><T31/><D113/><U124/><E119/><V118/><F106/><W60/><G117/><N who="2" m="45161" /><F120/><W37/><G37/><T57/><D122/><U10/><E124/><V16/><F126/><W24/><G108/><T103/><D109/><U107/><E66/><V112/><F67/><W83/><G83/><T86/><D13/><U44/><E114/><V11/><F34/><W61/><G135/><T128/><D128/><U58/><E107/><V43/><F43/><W40/><G61/><T27/><D82/><U121/><E102/><V76/><F76/><W97/><G23/><T75/><D75/><U111/><E111/><V90/><F90/><W68/><G97/><T98/><D134/><U63/><E121/><V4/><F16/><N who="3" m="12359" /><G40/><T105/><D27/><U21/><E21/><V3/><F112/><W64/><G64/><T71/><D71/><U30/><E30/><V47/><F130/><W12/><G12/><T26/><D26/><U123/><E123/><V62/><F62/><W19/><G7/><T104/><D104/><U72/><E72/><AGARI ba="0,0" hai="3,4,11,47,50,55,72,79,81,93,95" m="45161" machi="72" ten="30,1000,0" yaku="12,1" doraHai="131" who="2" fromWho="1" sc="250,0,250,-10,250,10,250,0" /><INIT seed="1,0,0,2,0,5" ten="250,240,260,250" oya="1" hai0="55,62,122,10,81,83,68,90,37,108,52,31,72" hai1="13,82,128,97,43,6,129,95,127,121,74,113,131" hai2="15,94,71,17,89,53,98,61,107,42,133,79,106" hai3="84,86,11,54,120,30,27,118,102,103,60,12,123"/><U57/><E121/><V39/><F133/><W96/><G118/><T91/><D37/><U0/><E113/><V77/><F107/><W32/><G123/><T48/><D122/><U132/><E43/><V64/><F39/><W44/><G120/><T115/><D31/><U1/><E132/><V46/><F106/><W73/><G73/><T16/><D108/><U9/><E127/><V24/><F42/><W50/><G103/><T26/><D115/><U65/><E74/><V112/><F112/><W87/><G60/><T93/><D72/><U29/><E29/><V126/><F126/><W45/><G45/><T22/><D91/><U20/><E20/><V47/><F53/><W78/><G78/><T67/><D10/><N who="1" m="2375" /><E82/><V75/><F24/><W25/><G25/><T76/><D76/><U125/><E125/><V116/><F116/><W114/><G114/><T35/><D35/><U18/><E1/><V104/><F75/><W8/><REACH who="3" step="1"/><G12/><REACH who="3" ten="250,240,260,240" step="2"/><T3/><D3/><U69/><E69/><V117/><F117/><W4/><G4/><T134/><D134/><U41/><E41/><V38/><F38/><W2/><G2/><T110/><D110/><U111/><E111/><V88/><F79/><W119/><G119/><T63/><D68/><U66/><E57/><V23/><F77/><W51/><G51/><T70/><D48/><U135/><E135/><V124/><F124/><W101/><G101/><AGARI ba="0,1" hai="9,13,18,65,66,95,97,101,128,129,131" m="2375" machi="101" ten="30,5800,0" yaku="19,1,52,2" doraHai="5" who="1" fromWho="3" sc="250,0,240,68,260,0,240,-58" /><INIT seed="1,1,0,4,3,26" ten="250,308,260,182" oya="1" hai0="75,89,109,33,114,39,28,50,59,108,67,47,0" hai1="93,71,54,84,126,119,98,63,85,40,31,69,7" hai2="133,45,61,4,94,95,37,11,77,112,81,106,100" hai3="135,41,27,25,83,44,1,70,96,66,130,92,120"/><U103/><E119/><V64/><F112/><W65/><G120/><T88/><D0/><U111/><E126/><V46/><F133/><W22/><G130/><T5/><D5/><U29/><E40/><V58/><F106/><W118/><G1/><T125/><D75/><U76/><E69/><V16/><F46/><W99/><G70/><T115/><D33/><U127/><E127/><V107/><F107/><W20/><G135/><T9/><D9/><U2/><E2/><V113/><F113/><W131/><G131/><T122/><D28/><N who="1" m="10827" /><E7/><V78/><F4/><W30/><G118/><T104/><D122/><U129/><E71/><V38/><F38/><W13/><G83/><T24/><D39/><U79/><E129/><V101/><F45/><W52/><G13/><T68/><D125/><U43/><E43/><V123/><F37/><W15/><G15/><T72/><D115/><U128/><E128/><V124/><F124/><W97/><G92/><N who="2" m="35369" /><F81/><W55/><G41/><T6/><D68/><U80/><E111/><V34/><F34/><W21/><G30/><T117/><D117/><U48/><E63/><V91/><F91/><W53/><G44/><T87/><D89/><N who="1" m="51335" /><E85/><V49/><F49/><W35/><G35/><T10/><D87/><U105/><E105/><V14/><F123/><W17/><G17/><T132/><D104/><U18/><E18/><V110/><F110/><W42/><G42/><T86/><D109/><U51/><E51/><V56/><F56/><AGARI ba="1,0" hai="48,54,56,76,79,93,98,103" m="51335,10827" machi="56" ten="30,11600,0" yaku="8,1,52,3" doraHai="26" who="1" fromWho="2" sc="250,0,308,119,260,-119,182,0" /><INIT seed="1,2,0,0,1,109" ten="250,427,141,182" oya="1" hai0="10,0,60,65,95,98,85,89,73,37,115,133,12" hai1="62,104,13,2,105,75,64,111,35,96,83,50,116" hai2="106,72,18,68,66,100,127,99,112,33,107,49,118" hai3="76,131,48,114,88,41,71,59,122,34,110,55,117"/><U102/><E116/><V28/><F118/><W121/><G110/><T6/><D73/><U43/><E111/><V113/><F127/><W3/><G117/><T82/><D133/><U53/><E2/><V103/><F49/><W134/><G134/><T8/><D37/><U29/><E43/><V21/><F72/><W101/><G131/><T4/><D115/><N who="2" m="44106" /><F18/><W84/><G114/><T120/><D120/><U93/><E29/><V125/><F21/><W32/><G71/><T132/><D132/><U44/><E35/><V97/><F125/><W130/><G3/><T46/><D46/><U63/><E63/><N who="2" m="40031" /><F28/><W94/><G130/><T14/><D0/><U38/><E38/><V57/><F57/><W30/><G32/><AGARI ba="2,0" hai="32,33,97,99,100,103,106,107" m="40031,44106" machi="32" ten="30,8000,1" yaku="11,1,23,1,52,3" doraHai="109" who="2" fromWho="3" sc="250,0,427,0,141,86,182,-86" /><INIT seed="2,0,0,4,0,20" ten="250,427,227,96" oya="2" hai0="98,59,132,79,61,62,94,99,29,85,67,87,11" hai1="104,93,25,114,4,60,44,30,37,102,7,126,89" hai2="24,19,41,124,21,63,42,118,3,48,5,108,32" hai3="86,135,103,83,116,127,123,56,10,77,120,12,110"/><V16/><F118/><W106/><G116/><T45/><D132/><U22/><E114/><V13/><F124/><W39/><G39/><T90/><D29/><U18/><E126/><V125/><F125/><W115/><G115/><T1/><D1/><U55/><E104/><V96/><F108/><W129/><G110/><T82/><D11/><U53/><E102/><V36/><F36/><W14/><G127/><T58/><REACH who="0" step="1"/><D45/><REACH who="0" ten="240,427,227,96" step="2"/><U105/><E30/><N who="2" m="19527" /><F19/><W28/><G135/><T57/><D57/><U66/><E44/><V97/><F63/><W74/><G56/><T111/><D111/><U43/><E60/><V80/><F80/><W113/><G28/><T46/><D46/><U40/><E40/><N who="2" m="15467" /><F48/><W33/><G83/><T131/><D131/><U2/><E43/><V76/><F76/><W47/><G77/><T73/><D73/><U107/><E37/><V50/><F50/><W9/><G47/><T100/><D100/><U117/><E2/><V15/><F15/><W8/><G74/><T34/><D34/><U31/><E31/><V95/><F95/><W35/><G103/><T84/><D84/><U70/><E105/><V54/><F54/><AGARI ba="0,1" hai="54,58,59,61,62,67,79,82,85,87,90,94,98,99" machi="54" ten="30,3900,0" yaku="1,1,7,1,8,1,53,0" doraHai="20" doraHaiUra="64" who="0" fromWho="2" sc="240,49,427,0,227,-39,96,0" /><INIT seed="3,0,0,4,4,7" ten="289,427,188,96" oya="3" hai0="0,6,90,113,103,129,13,71,114,30,34,120,111" hai1="82,132,106,118,105,23,92,74,24,2,69,41,42" hai2="32,4,12,59,78,97,68,8,40,49,18,14,19" hai3="64,5,77,16,109,124,10,51,27,81,55,80,60"/><W98/><G124/><T101/><D71/><U99/><E69/><V108/><F68/><W84/><G109/><T57/><D111/><U89/><E132/><V93/><F32/><W85/><G98/><T125/><D120/><U122/><E122/><V121/><F121/><W46/><G5/><T37/><D37/><U56/><E2/><V130/><F130/><W131/><G131/><T112/><D129/><U96/><E56/><V79/><F108/><W65/><G60/><T123/><D123/><U94/><E42/><V22/><F4/><W58/><G58/><T75/><D75/><U119/><E41/><V48/><F48/><W45/><G45/><T102/><D0/><U50/><E50/><V17/><F17/><W33/><G33/><T95/><D30/><U38/><E38/><V76/><F59/><W135/><G135/><T3/><D34/><U31/><E82/><V128/><F128/><W66/><G27/><T25/><D25/><U126/><E74/><V88/><F76/><N who="3" m="46087" /><G66/><T11/><D57/><U117/><E126/><V63/><F63/><W72/><G72/><T115/><D115/><U47/><E47/><AGARI ba="0,0" hai="8,12,14,18,19,22,40,47,49,78,79,88,93,97" machi="47" ten="40,5200,0" yaku="8,1,52,1,54,1" doraHai="7" who="2" fromWho="1" sc="289,0,427,-52,188,52,96,0" /><INIT seed="4,0,0,5,5,28" ten="289,375,240,96" oya="0" hai0="32,35,33,109,66,92,93,6,121,22,83,36,135" hai1="61,105,111,30,100,74,12,11,96,124,21,98,127" hai2="55,76,29,23,63,59,41,89,56,7,131,53,65" hai3="17,19,118,81,49,134,123,114,113,130,39,120,57"/><T4/><D121/><N who="3" m="46665" /><G81/><T51/><D36/><U60/><E74/><V67/><F76/><W102/><G102/><T75/><D135/><U2/><E2/><V26/><F131/><W18/><G134/><T3/><D66/><U9/><E111/><V64/><F7/><W117/><G39/><T70/><D70/><U87/><E11/><V133/><F133/><W43/><G43/><T116/><D116/><N who="3" m="44649" /><G57/><T73/><D109/><U108/><E108/><V103/><F103/><W107/><G49/><T54/><D22/><U1/><E98/><V78/><F78/><W91/><G107/><T5/><D3/><U10/><E1/><V85/><F41/><W24/><G91/><T119/><D119/><U8/><E87/><V48/><F53/><W97/><G97/><T68/><D68/><U37/><E37/><V126/><F126/><N who="1" m="48169" /><E12/><V106/><F106/><W46/><G46/><T82/><D82/><AGARI ba="0,0" hai="23,26,29,48,55,56,59,63,64,65,67,82,85,89" machi="82" ten="30,2000,0" yaku="7,1,8,1" doraHai="28" who="2" fromWho="0" sc="289,-20,375,0,240,20,96,0" /><INIT seed="5,0,0,4,0,45" ten="269,375,260,96" oya="1" hai0="0,22,66,58,118,81,42,87,131,86,64,134,54" hai1="109,93,39,12,40,92,38,128,115,85,122,72,110" hai2="112,102,30,119,43,16,76,1,62,104,37,7,10" hai3="21,74,46,82,132,69,15,49,27,51,60,113,35"/><U88/><E122/><V44/><F119/><W6/><G132/><T91/><D131/><U98/><E72/><V34/><F112/><W71/><G113/><T84/><D0/><U32/><E115/><V36/><F62/><W80/><G35/><T90/><D118/><U19/><E32/><V123/><F123/><W20/><G74/><T29/><D42/><U65/><E65/><V94/><F94/><W75/><G75/><T18/><D29/><U47/><E39/><V25/><F76/><W52/><G71/><T129/><D129/><U17/><E128/><V2/><F2/><W23/><G69/><T70/><D134/><U135/><E135/><V116/><F116/><W50/><G60/><N who="0" m="35927" /><D70/><U13/><E13/><V106/><F36/><W105/><G105/><T73/><D73/><U103/><REACH who="1" step="1"/><E19/><REACH who="1" ten="269,365,260,96" step="2"/><V28/><F28/><W33/><G33/><T126/><D66/><U133/><E133/><V95/><F16/><N who="3" m="10271" /><G6/><T5/><D5/><U120/><E120/><V8/><F8/><AGARI ba="0,1" hai="8,12,17,38,40,47,85,88,92,93,98,103,109,110" machi="8" ten="40,7700,0" yaku="1,1,54,1,53,1" doraHai="45" doraHaiUra="41" who="1" fromWho="2" sc="269,0,365,87,260,-77,96,0" /><INIT seed="5,1,0,1,3,40" ten="269,452,183,96" oya="1" hai0="65,11,112,34,86,45,124,116,18,114,30,35,89" hai1="128,5,4,64,74,117,76,119,26,17,80,55,125" hai2="54,84,36,56,14,20,99,39,25,68,46,41,105" hai3="57,0,28,88,87,10,91,9,23,27,102,108,135"/><U6/><E128/><V51/><F14/><W42/><G135/><T79/><D79/><U98/><E125/><V130/><F130/><W59/><G108/><T92/><D116/><U50/><E64/><V44/><F84/><W13/><G102/><T53/><D30/><U19/><E98/><V96/><F105/><W133/><G133/><T75/><D75/><U121/><E121/><V104/><F104/><W95/><G42/><T111/><D65/><U72/><E72/><V58/><F68/><W120/><G120/><T7/><D18/><U37/><E37/><V1/><F1/><W129/><G129/><T123/><D124/><U73/><E73/><V21/><F21/><W85/><G0/><T81/><D92/><U69/><E69/><V52/><F36/><W62/><G62/><T131/><D111/><U134/><E134/><V110/><F110/><W113/><G113/><N who="0" m="43627" /><D123/><U77/><E77/><V109/><F109/><W132/><G132/><T90/><D90/><U3/><E3/><V122/><F122/><W12/><G12/><N who="0" m="5247" /><D131/><U70/><E70/><V49/><F58/><W48/><G48/><AGARI ba="1,0" hai="34,35,45,48,53,81,86,89" m="5247,43627" machi="48" ten="30,2000,0" yaku="15,1,52,1" doraHai="40" who="0" fromWho="3" sc="269,23,452,0,183,0,96,-23" /><INIT seed="6,0,0,0,3,50" ten="292,452,183,73" oya="2" hai0="30,77,51,68,132,93,103,31,26,25,69,110,32" hai1="1,101,55,44,34,119,67,107,9,36,7,66,15" hai2="27,79,108,90,104,124,37,102,123,74,5,19,97" hai3="99,0,84,116,24,63,127,94,87,121,12,48,39"/><V75/><F37/><W14/><G116/><T81/><D110/><U130/><E34/><V73/><F123/><W112/><G121/><T46/><D132/><U96/><E119/><V106/><F5/><W42/><G112/><T28/><D103/><U131/><E15/><V133/><F27/><W10/><G39/><T49/><D93/><U109/><E109/><V88/><F108/><W33/><G0/><T111/><D51/><N who="1" m="29159" /><E36/><V13/><F133/><W6/><G127/><T98/><D98/><U59/><E59/><V105/><F124/><W122/><G122/><T4/><D4/><U3/><E3/><V85/><F19/><W21/><G33/><T22/><D31/><U40/><E40/><V128/><F13/><W56/><G14/><T58/><D58/><U82/><E82/><N who="2" m="47327" /><F128/><AGARI ba="0,0" hai="1,7,9,66,67,96,101,107,128,130,131" m="29159" machi="128" ten="30,2000,0" yaku="19,1,52,1" doraHai="50" who="1" fromWho="2" sc="292,0,452,20,183,-20,73,0" /><INIT seed="7,0,0,4,0,58" ten="292,472,163,73" oya="3" hai0="5,116,23,62,55,59,44,39,97,13,99,93,85" hai1="57,20,37,63,60,18,125,69,35,106,123,14,30" hai2="90,135,75,4,15,32,2,36,126,132,79,130,49" hai3="100,131,27,38,52,105,117,113,11,7,67,21,8"/><W109/><G117/><T112/><D112/><U6/><E123/><V133/><F36/><W76/><G113/><T127/><D127/><U22/><E106/><V91/><F126/><W72/><G38/><T3/><D3/><U98/><E69/><V16/><F32/><W103/><G131/><T134/><D134/><U110/><E63/><V92/><F130/><W119/><G119/><T10/><D116/><U31/><E110/><V121/><F121/><W102/><G109/><T88/><D39/><U26/><E37/><V128/><F128/><W68/><G105/><T51/><REACH who="0" step="1"/><D23/><REACH who="0" ten="282,472,163,73" step="2"/><U25/><E22/><V120/><F120/><W78/><G72/><T56/><D56/><U94/><E57/><V129/><F129/><W53/><G78/><T46/><D46/><U81/><E20/><V0/><F79/><W1/><G76/><T83/><D83/><U118/><E81/><V82/><F82/><W12/><G1/><T108/><D108/><U41/><E125/><V34/><F75/><W101/><N who="3" m="25600" /><DORA hai="47" /><W96/><G96/><T42/><AGARI ba="0,1" hai="5,10,13,42,44,51,55,59,62,85,88,93,97,99" machi="42" ten="20,16000,3" yaku="1,1,0,1,7,1,8,1,52,2,54,1,53,1" doraHai="58,47" doraHaiUra="71,48" who="0" fromWho="0" sc="282,170,472,-40,163,-40,73,-80" owari="452,56.0,432,23.0,123,-28.0,-7,-51.0" /></mjloggm>