<mjloggm ver="2.3"><GO type="41" lobby="0"/><UN n0="%E3%81%82%E3%82%81%E3%82%85%E3%82%93" n1="%6A%75%6E%67%6C%65%36%36" n2="%E2%93%9D%53%75%70%68%78" n3="%E8%B9%B4%E3%82%8A%E3%81%9F%E3%81%84%E4%B8%8B%E5%AE%B6" dan="14,14,18,14" rate="1885.63,1896.42,2122.32,1930.03" sx="F,M,M,M"/><TAIKYOKU oya="0"/><INIT seed="0,0,0,2,0,40" ten="250,250,250,250" oya="0" hai0="71,42,133,68,49,113,105,69,50,92,11,110,89" hai1="77,51,135,8,67,2,81,47,72,64,101,98,124" hai2="25,10,83,16,12,121,114,130,58,29,31,17,63" hai3="125,73,100,36,30,27,39,99,5,37,61,84,109"/><T18/><D113/><U126/><E135/><V13/><F130/><W65/><G73/><T132/><D105/><N who="1" m="63671" /><E8/><V82/><F121/><W134/><G84/><T123/><D123/><U112/><E2/><V43/><F43/><W94/><G109/><T120/><D120/><U59/><E59/><V129/><F129/><W6/><G125/><N who="1" m="48234" /><E112/><V32/><F31/><W19/><G19/><T34/><D34/><U79/><E79/><V1/><F1/><W115/><G115/><T131/><D131/><U117/><E117/><V62/><F114/><W97/><G97/><T75/><D75/><U48/><E48/><V90/><F63/><W53/><G134/><N who="0" m="51819" /><D110/><U76/><E76/><V22/><REACH who="2" step="1"/><F90/><REACH who="2" ten="250,250,240,250" step="2"/><W26/><G30/><T96/><D42/><AGARI ba="0,1" hai="42,47,51,64,67,72,77,81" m="48234,63671" machi="42" ten="30,2000,0" yaku="18,1,52,1" doraHai="40" who="1" fromWho="0" sc="250,-20,250,30,240,0,250,0" /><INIT seed="1,0,0,1,0,130" ten="230,280,240,250" oya="1" hai0="24,21,94,1,17,121,73,55,77,20,23,78,52" hai1="30,0,97,129,8,48,84,117,75,126,115,63,42" hai2="113,33,95,50,2,70,45,37,19,39,69,18,116" hai3="46,34,104,44,79,26,125,111,114,4,15,6,10"/><U14/><E117/><V133/><F33/><W41/><G104/><T101/><D1/><U103/><E115/><V128/><F2/><W99/><G99/><T132/><D73/><U92/><E75/><V88/><F128/><W53/><G114/><T32/><D121/><U16/><E129/><V119/><F113/><W112/><G112/><T80/><D132/><U124/><E0/><V122/><F50/><W35/><G79/><T106/><D106/><U127/><E30/><V135/><F45/><W29/><G34/><T65/><D65/><U98/><E98/><V66/><F66/><W56/><G111/><T43/><D43/><U5/><E63/><V47/><F47/><W25/><G25/><T96/><D32/><U82/><E42/><V7/><F7/><W38/><G46/><T12/><D21/><U58/><E58/><V85/><F122/><W109/><G109/><T11/><D20/><U49/><REACH who="1" step="1"/><E5/><REACH who="1" ten="230,270,240,250" step="2"/><V90/><F85/><W108/><G108/><T54/><REACH who="0" step="1"/><D80/><REACH who="0" ten="220,270,240,250" step="2"/><U51/><E51/><V36/><F36/><W105/><G38/><T91/><D91/><AGARI ba="0,2" hai="8,14,16,48,49,82,84,91,92,97,103,124,126,127" machi="91" ten="40,7700,0" yaku="1,1,18,1,54,1,53,0" doraHai="130" doraHaiUra="31" who="1" fromWho="0" sc="220,-77,270,97,240,0,250,0" /><INIT seed="1,1,0,1,1,57" ten="143,367,240,250" oya="1" hai0="31,85,52,67,7,10,55,20,93,18,131,83,88" hai1="32,99,123,29,72,0,106,73,17,92,127,36,114" hai2="46,19,98,26,112,34,104,37,120,47,50,49,103" hai3="35,79,8,95,102,40,3,113,105,13,71,111,1"/><U86/><E123/><V91/><F120/><W128/><G105/><T6/><D131/><U53/><E114/><V75/><F75/><W89/><G113/><T101/><D31/><U109/><E0/><V116/><F37/><W27/><G79/><T22/><D67/><U130/><E36/><V117/><F112/><W16/><G102/><T121/><D121/><U124/><E130/><V110/><F110/><W90/><G111/><T115/><D115/><U21/><E106/><V74/><F74/><W78/><G78/><T45/><D20/><U41/><E109/><V63/><F91/><W97/><G128/><T42/><D101/><U2/><E2/><V30/><F19/><W94/><G40/><T15/><D6/><U118/><E41/><V68/><F50/><W108/><G71/><T14/><REACH who="0" step="1"/><D83/><REACH who="0" ten="133,367,240,250" step="2"/><U84/><E29/><V76/><F117/><W48/><G108/><T12/><D12/><U58/><E118/><V81/><F116/><W28/><G3/><T39/><AGARI ba="1,1" hai="7,10,14,15,18,22,39,42,45,52,55,85,88,93" machi="39" ten="20,8000,1" yaku="1,1,0,1,7,1,54,2,53,0" doraHai="57" doraHaiUra="54" who="0" fromWho="0" sc="133,93,367,-41,240,-21,250,-21" /><INIT seed="2,0,0,5,1,86" ten="226,326,219,229" oya="2" hai0="11,118,36,42,126,20,112,113,103,85,60,61,23" hai1="55,70,58,26,38,57,56,21,133,2,96,31,48" hai2="29,77,49,0,123,45,68,76,78,116,90,73,128" hai3="115,7,119,91,114,27,39,47,19,17,72,107,69"/><V3/><F116/><W131/><G119/><T44/><D126/><U98/><E38/><V40/><F123/><W18/><G131/><T79/><D118/><U95/><E70/><V83/><F68/><W66/><G72/><T117/><D117/><U28/><E2/><V127/><F127/><W108/><G107/><T65/><D103/><U9/><E133/><V132/><F132/><W105/><G105/><T87/><D11/><U4/><E31/><V35/><F128/><W109/><G7/><T62/><D65/><U41/><E41/><V75/><F29/><W59/><G69/><T125/><D125/><U82/><E82/><V80/><F78/><W129/><G27/><T8/><D8/><U94/><E4/><V81/><REACH who="2" step="1"/><F35/><REACH who="2" ten="226,326,209,229" step="2"/><W32/><G32/><T33/><D33/><U88/><REACH who="1" step="1"/><E9/><REACH who="1" ten="226,316,209,229" step="2"/><V101/><F101/><AGARI ba="0,2" hai="21,26,28,48,55,56,57,58,88,94,95,96,98,101" machi="101" ten="30,12000,2" yaku="1,1,2,1,7,1,8,1,52,1,54,1,53,0" doraHai="86" doraHaiUra="63" who="1" fromWho="2" sc="226,0,316,140,209,-120,229,0" /><INIT seed="3,0,0,4,5,52" ten="226,456,89,229" oya="3" hai0="19,14,98,133,7,103,32,41,100,28,25,49,105" hai1="80,89,44,29,0,135,20,23,97,51,26,123,43" hai2="131,104,83,70,67,120,40,50,130,125,54,64,114" hai3="56,6,31,2,45,87,85,110,90,112,63,106,42"/><W102/><G112/><T5/><D133/><U53/><E123/><V61/><F83/><W127/><G127/><T126/><D126/><U66/><E0/><V116/><F104/><W101/><G110/><T30/><D30/><U13/><E135/><V48/><F125/><W86/><G31/><T117/><D117/><U10/><E66/><V3/><F3/><W1/><G6/><T118/><D118/><U15/><E23/><V33/><F33/><W58/><G1/><T17/><D100/><N who="3" m="38505" /><G2/><T119/><D119/><U92/><E10/><V16/><F116/><W47/><G106/><T77/><D77/><U21/><E21/><V88/><F114/><W69/><G63/><T55/><D41/><U115/><E115/><V46/><F16/><W8/><G69/><T12/><D14/><U65/><E65/><N who="2" m="41263" /><F88/><W68/><G68/><T34/><D34/><U111/><E111/><V37/><F120/><W121/><G121/><T62/><D62/><U75/><E75/><V36/><F67/><W73/><G73/><T35/><D35/><U107/><E107/><V11/><F64/><W91/><G8/><T96/><D96/><U4/><E4/><V27/><F11/><W113/><G42/><T24/><D19/><U18/><E18/><V95/><F27/><W74/><G74/><T22/><REACH who="0" step="1"/><D24/><REACH who="0" ten="216,456,89,229" step="2"/><U109/><E109/><V134/><F134/><W94/><G113/><T81/><D81/><U82/><E43/><V57/><F95/><N who="3" m="54735" /><G87/><T99/><D99/><U128/><E82/><V39/><AGARI ba="0,1" hai="36,37,39,40,46,48,50,54,57,130,131" m="41263" machi="39" ten="40,5200,0" yaku="34,2,52,1" doraHai="52" who="2" fromWho="2" sc="216,-13,456,-13,89,62,229,-26" /><INIT seed="4,0,0,0,2,55" ten="203,443,151,203" oya="0" hai0="33,15,42,24,122,39,44,135,27,62,29,121,17" hai1="76,104,63,10,22,125,77,5,49,114,100,13,4" hai2="66,116,105,0,109,3,6,129,14,51,106,78,73" hai3="95,21,74,86,112,89,8,79,107,35,32,113,87"/><T43/><D135/><U126/><E114/><N who="3" m="44138" /><G21/><T119/><D119/><U65/><E5/><V70/><F51/><W120/><G8/><T110/><D24/><U118/><E118/><V53/><F53/><W111/><G111/><T34/><D34/><U92/><E104/><V72/><F14/><W98/><G87/><T133/><D133/><U84/><E49/><V71/><F116/><W130/><G130/><T56/><D43/><U127/><E22/><V134/><F6/><W7/><G7/><T91/><D91/><N who="1" m="53351" /><E100/><V97/><F134/><W58/><G120/><T47/><D47/><U28/><E28/><V90/><F109/><W94/><G107/><T128/><D128/><U37/><E37/><V2/><F129/><W52/><G74/><T25/><D25/><U123/><E123/><V38/><F38/><W41/><G41/><T131/><D131/><U81/><E81/><V68/><F73/><W93/><G79/><T61/><D61/><U11/><E10/><V50/><F106/><W108/><G108/><T75/><D75/><U16/><E4/><V132/><F105/><W57/><G57/><AGARI ba="0,0" hai="11,13,16,57,63,65,76,77,125,126,127" m="53351" machi="57" ten="30,3900,0" yaku="18,1,52,1,54,1" doraHai="55" who="1" fromWho="3" sc="203,0,443,39,151,0,203,-39" /><INIT seed="5,0,0,5,3,111" ten="203,482,151,164" oya="1" hai0="3,15,35,31,23,5,43,84,70,77,59,29,124" hai1="67,116,4,133,53,52,25,134,2,16,41,55,109" hai2="42,21,44,130,1,104,114,24,28,132,103,78,9" hai3="57,30,71,8,85,65,105,61,20,98,79,106,0"/><U18/><E116/><V38/><F130/><W131/><G131/><T60/><D124/><U115/><E67/><V128/><F128/><W93/><G71/><T97/><D70/><U117/><E117/><V125/><F125/><W58/><G58/><T69/><D69/><U36/><E115/><V37/><F132/><N who="1" m="50793" /><E109/><V101/><F38/><W13/><G0/><T17/><D43/><U102/><E102/><V108/><F108/><W89/><G20/><T64/><D97/><U90/><E25/><V121/><F121/><W22/><G22/><T83/><REACH who="0" step="1"/><D35/><REACH who="0" ten="193,482,151,164" step="2"/><U34/><E34/><V129/><F129/><W39/><G39/><T113/><D113/><U63/><E41/><V19/><F114/><W11/><G8/><AGARI ba="0,1" hai="3,5,8,15,17,23,29,31,59,60,64,77,83,84" machi="8" ten="40,1300,0" yaku="1,1,53,0" doraHai="111" doraHaiUra="92" who="0" fromWho="3" sc="193,23,482,0,151,0,164,-13" /><INIT seed="6,0,0,1,0,89" ten="216,482,151,151" oya="2" hai0="68,118,30,65,112,102,5,16,3,6,111,64,1" hai1="107,55,70,74,58,7,27,31,29,99,15,39,11" hai2="120,126,84,82,47,83,25,0,54,105,124,37,21" hai3="122,45,28,60,133,75,85,134,59,41,116,115,73"/><V63/><F105/><W49/><G116/><T2/><D111/><U9/><E70/><V20/><F0/><W81/><G122/><T57/><D68/><U88/><E74/><V100/><F120/><W62/><G28/><T22/><D112/><U104/><E39/><V92/><F37/><W23/><G23/><T93/><D30/><U24/><E11/><V121/><F121/><W72/><G115/><T78/><D78/><U19/><E7/><V34/><F34/><W10/><G10/><T53/><D118/><U43/><E43/><V26/><F63/><W95/><G95/><T90/><D102/><U50/><E107/><V66/><F66/><W61/><REACH who="3" step="1"/><G59/><REACH who="3" ten="216,482,151,141" step="2"/><T117/><D117/><U14/><E31/><V114/><F114/><W56/><G56/><T8/><D6/><U132/><E29/><V40/><F21/><W129/><G129/><T36/><D2/><U18/><E9/><V71/><F71/><W103/><G103/><T119/><D1/><U96/><E58/><V80/><F20/><W98/><G98/><T38/><D119/><U67/><E99/><N who="2" m="59495" /><F84/><W108/><G108/><T130/><D130/><U110/><E96/><V48/><F40/><W32/><G32/><T131/><D131/><U44/><E110/><V17/><F17/><W109/><G109/><T87/><D65/><U52/><E67/><V12/><F12/><W13/><G13/><N who="0" m="9487" /><D64/><U51/><E19/><V123/><F123/><W106/><G106/><T77/><D3/><U127/><E104/><V69/><F69/><W76/><AGARI ba="0,1" hai="41,45,49,60,61,62,72,73,75,76,81,85,133,134" machi="76" ten="40,2700,0" yaku="1,1,0,1,53,0" doraHai="89" doraHaiUra="33" who="3" fromWho="3" sc="216,-7,482,-7,151,-13,141,37" /><INIT seed="7,0,0,0,5,47" ten="209,475,138,178" oya="3" hai0="109,122,43,103,2,19,74,125,60,92,65,68,37" hai1="25,110,54,24,76,56,23,45,12,133,11,112,114" hai2="75,7,42,121,97,71,130,16,126,89,33,100,106" hai3="44,38,41,113,36,93,17,87,120,116,78,80,22"/><W123/><G116/><T18/><D109/><U32/><E110/><V20/><F33/><W96/><G38/><T69/><D122/><U39/><E133/><V31/><F71/><W70/><G70/><T102/><D74/><U29/><E76/><V128/><F31/><W50/><G36/><T53/><D2/><U35/><E39/><V57/><F75/><W90/><REACH who="3" step="1"/><G113/><REACH who="3" ten="209,475,138,168" step="2"/><T105/><D69/><U21/><E112/><V84/><F121/><W104/><G104/><T129/><D105/><U27/><E114/><V30/><F126/><W101/><G101/><T127/><D103/><U111/><E111/><V132/><F132/><W67/><G67/><T59/><D125/><U99/><E35/><V58/><F42/><W63/><G63/><T3/><D127/><U64/><E64/><V48/><F48/><W82/><G82/><T9/><D68/><U124/><E124/><V51/><F51/><W1/><G1/><T108/><D65/><U95/><E32/><V55/><F55/><W28/><G28/><T81/><D108/><U13/><E29/><V79/><F30/><W73/><G73/><T14/><D81/><U115/><E115/><V0/><F79/><W119/><G119/><T26/><D3/><U94/><E54/><V72/><F72/><W62/><G62/><T85/><D37/><U86/><E95/><N who="2" m="54695" /><F0/><W4/><G4/><T66/><D43/><U52/><E94/><V117/><F117/><W98/><G98/><T61/><D66/><U15/><E52/><V8/><F7/><W40/><G40/><T10/><D61/><U46/><E99/><RYUUKYOKU ba="0,1" sc="209,-10,475,-10,138,-10,168,30" hai3="17,22,41,44,50,78,80,87,90,93,96,120,123" /><INIT seed="7,1,1,5,1,90" ten="199,465,128,198" oya="3" hai0="82,15,16,131,73,75,134,118,3,130,42,69,53" hai1="56,44,129,51,106,95,97,58,92,124,103,109,36" hai2="7,18,0,19,13,59,81,43,113,88,64,111,102" hai3="126,4,84,9,122,71,21,67,50,104,87,61,57"/><W62/><G122/><T101/><D118/><U115/><E109/><V24/><F111/><W112/><G112/><T27/><D69/><U98/><E115/><V34/><F113/><W128/><G104/><T1/><D42/><U80/><E129/><N who="0" m="49161" /><D134/><U33/><E33/><V6/><F0/><N who="0" m="74" /><D27/><U121/><E121/><V45/><F102/><W132/><G128/><T93/><D53/><U123/><E123/><V52/><F64/><W25/><G50/><T125/><D82/><U127/><E80/><V41/><F34/><W76/><G76/><T96/><D125/><N who="1" m="48203" /><E36/><V63/><F24/><W119/><G119/><T48/><D48/><U89/><E106/><V135/><F135/><W100/><G100/><T78/><D78/><U94/><E94/><V114/><F114/><W29/><G126/><T107/><D107/><U66/><E66/><V11/><F7/><W65/><G132/><T2/><N who="0" m="82" /><AGARI ba="1,1" hai="2,4,9,21,25,29,57,61,62,65,67,71,84,87" machi="2" ten="30,2900,0" yaku="3,1,7,1" doraHai="90" who="3" fromWho="0" sc="199,-32,465,0,128,0,198,42" /><INIT seed="7,2,0,3,4,103" ten="167,465,128,240" oya="3" hai0="56,72,115,52,31,63,58,23,111,21,78,134,53" hai1="59,24,98,109,70,104,12,116,3,8,79,135,85" hai2="77,22,130,86,29,35,18,68,90,101,131,133,48" hai3="67,125,102,75,119,87,113,94,43,9,28,44,71"/><W14/><G119/><T121/><D111/><U114/><E109/><V5/><F68/><W84/><G75/><T15/><D121/><U51/><E70/><V95/><F5/><W91/><G28/><T30/><D134/><U55/><E3/><V6/><F6/><W0/><G0/><T20/><D115/><U26/><E114/><V2/><F2/><W17/><G113/><T38/><D38/><U25/><E135/><V66/><F66/><W112/><G112/><T57/><D78/><U83/><E116/><V42/><F133/><W73/><G73/><T124/><D72/><U97/><E104/><V50/><F77/><W132/><G132/><T126/><D15/><U81/><E83/><V110/><F110/><W27/><G27/><T39/><D39/><U88/><E79/><V123/><F42/><W80/><G125/><N who="0" m="48235" /><D63/><U117/><E117/><V120/><F29/><AGARI ba="2,0" hai="20,21,23,29,30,31,52,53,56,57,58" m="48235" machi="29" ten="40,8000,1" yaku="28,2,18,1,54,1" doraHai="103" who="0" fromWho="2" sc="167,86,465,0,128,-86,240,0" owari="253,5.0,465,57.0,42,-46.0,240,-16.0" /></mjloggm>