<mjloggm ver="2.3"><GO type="41" lobby="0"/><UN n0="%E2%93%9D%53%75%70%68%78" n1="%E3%81%84%E3%81%9F%E3%81%B0%E3%81%AE%E3%81%84%E3%81%A3%E3%81%8F%E3%82%93" n2="%E3%81%82%E3%81%A3%E3%81%8F%E3%82%93%E3%81%B5%E3%81%BF%E3%81%8F%E3%82%93" n3="%E3%82%84%E3%81%BE%E3%81%90%E3%81%A1%E3%81%8B%E3%81%9A%E3%81%8D" dan="18,14,14,13" rate="2102.54,1972.63,1980.57,1859.96" sx="M,M,M,M"/><TAIKYOKU oya="0"/><INIT seed="0,0,0,5,0,68" ten="250,250,250,250" oya="0" hai0="6,22,59,5,48,87,49,88,56,90,115,82,134" hai1="123,60,114,117,42,74,61,98,47,45,65,118,16" hai2="108,43,106,96,40,29,2,57,77,111,92,28,54" hai3="19,44,33,26,21,79,10,41,38,86,120,99,135"/><T4/><D115/><U116/><E74/><V27/><F2/><W52/><G135/><T81/><D134/><U51/><E98/><V121/><F121/><W104/><G120/><T80/><D22/><U46/><E123/><V76/><F106/><W1/><G33/><T125/><D125/><U119/><E114/><V58/><F96/><W31/><G104/><T93/><REACH who="0" step="1"/><D90/><REACH who="0" ten="240,250,250,250" step="2"/><U83/><E119/><V63/><F27/><W91/><G91/><T124/><D124/><U127/><E127/><V36/><F36/><W24/><G24/><T107/><D107/><U11/><E118/><V12/><F77/><W129/><G79/><T3/><D3/><U105/><E105/><V130/><F76/><W126/><G126/><T13/><D13/><U112/><E112/><V9/><F12/><W35/><G1/><T97/><D97/><U132/><E132/><V84/><F9/><W17/><G10/><T100/><D100/><U7/><E117/><V25/><F25/><W62/><G99/><T71/><D71/><U131/><E116/><V15/><F15/><W0/><G0/><T102/><D102/><U14/><E131/><V53/><F130/><W109/><G129/><T89/><D89/><U122/><E122/><V32/><F32/><W113/><G113/><T50/><AGARI ba="0,1" hai="4,5,6,48,49,50,56,59,80,81,82,87,88,93" machi="50" ten="40,24000,3" yaku="1,1,0,1,29,2,8,1,54,1,53,3" doraHai="68" doraHaiUra="78" who="0" fromWho="0" sc="240,250,250,-80,250,-80,250,-80" /><INIT seed="0,1,0,2,1,114" ten="490,170,170,170" oya="0" hai0="71,34,49,111,87,86,85,65,93,46,74,30,90" hai1="73,68,120,133,25,27,119,38,97,20,129,116,43" hai2="9,4,115,5,7,37,81,76,21,78,83,54,130" hai3="79,132,12,59,29,91,109,103,84,2,11,14,135"/><T15/><D74/><U88/><E120/><V50/><F115/><W32/><G79/><T45/><D111/><U82/><E68/><V100/><F37/><W101/><G109/><T123/><D123/><U117/><E133/><V98/><F130/><W94/><G2/><T63/><D46/><U110/><E110/><V70/><F70/><W48/><G14/><T33/><D30/><U95/><E129/><V67/><F67/><W13/><G13/><T6/><D6/><U36/><E27/><V104/><F9/><W35/><G29/><T62/><D62/><U60/><E43/><V41/><F41/><W22/><G22/><T57/><D71/><U134/><E60/><V118/><F21/><W108/><G108/><T26/><D26/><U31/><REACH who="1" step="1"/><E134/><REACH who="1" ten="490,160,170,170" step="2"/><V106/><F106/><W99/><G135/><T112/><D112/><U24/><E24/><V128/><F128/><W0/><G132/><T51/><D34/><U53/><E53/><V80/><F54/><W18/><G35/><T39/><D33/><U69/><E69/><V125/><F125/><W17/><G32/><T64/><D64/><U72/><E72/><V96/><F78/><AGARI ba="1,1" hai="20,25,31,36,38,73,78,82,88,95,97,116,117,119" machi="78" ten="40,12000,2" yaku="1,1,52,3,54,1,53,1" doraHai="114" doraHaiUra="89" who="1" fromWho="2" sc="490,0,160,133,170,-123,170,0" /><INIT seed="1,0,0,0,4,27" ten="490,293,47,170" oya="1" hai0="38,51,26,63,35,135,30,59,106,76,125,105,45" hai1="61,93,34,120,49,3,94,108,70,102,18,128,83" hai2="20,97,28,19,91,133,121,112,78,116,119,17,65" hai3="55,80,87,92,13,86,48,126,81,109,37,85,12"/><U123/><E3/><V47/><F121/><W7/><G37/><T68/><D135/><U82/><E34/><V0/><F133/><W66/><G66/><N who="0" m="41055" /><D76/><U16/><E49/><V117/><F0/><W122/><G122/><T101/><D125/><U22/><E22/><V60/><F78/><W4/><G126/><T9/><D9/><U29/><E29/><V132/><F132/><W115/><G115/><T89/><D89/><U6/><E61/><V67/><F112/><W74/><G74/><T15/><D15/><N who="3" m="5705" /><G92/><T79/><D79/><U95/><E6/><N who="3" m="2090" /><G109/><T41/><D101/><U100/><E94/><V77/><F77/><W110/><G110/><T2/><D2/><U5/><E5/><V52/><F97/><W50/><G50/><T23/><D35/><U127/><E70/><V57/><F91/><W40/><G40/><T11/><D11/><U33/><E33/><V32/><F32/><W8/><G8/><T114/><D114/><U134/><E108/><V98/><F98/><W88/><G81/><T24/><D106/><U104/><E134/><V39/><F39/><W113/><G113/><T53/><D105/><U72/><E104/><V1/><F1/><W44/><AGARI ba="0,0" hai="44,48,55,80,85,86,87,88" m="2090,5705" machi="44" ten="30,2000,0" yaku="8,1,54,1" doraHai="27" who="3" fromWho="3" sc="490,-5,293,-10,47,-5,170,20" /><INIT seed="2,0,0,1,4,127" ten="485,283,42,190" oya="2" hai0="55,11,39,52,1,38,18,83,73,74,25,63,7" hai1="101,115,17,70,75,19,84,37,54,110,0,58,88" hai2="35,14,130,49,97,65,20,42,79,59,92,76,103" hai3="100,33,134,4,21,99,23,112,27,107,26,44,29"/><V45/><F35/><W48/><G112/><T90/><D90/><U93/><E75/><V3/><F3/><W71/><G71/><T36/><D63/><U106/><E70/><V120/><F120/><W32/><G4/><T57/><D57/><U50/><E37/><V46/><F130/><W78/><G78/><T9/><D25/><U117/><E117/><V64/><F46/><W53/><REACH who="3" step="1"/><G134/><REACH who="3" ten="485,283,42,180" step="2"/><T77/><D74/><U80/><E115/><V10/><F79/><W30/><AGARI ba="0,1" hai="21,23,26,27,29,30,32,33,44,48,53,99,100,107" machi="30" ten="20,8000,1" yaku="1,1,2,1,0,1,7,1,9,1,53,0" doraHai="127" doraHaiUra="13" who="3" fromWho="3" sc="485,-20,283,-20,42,-40,180,90" /><INIT seed="3,0,0,5,0,94" ten="465,263,2,270" oya="3" hai0="134,101,113,111,30,47,120,119,100,11,34,49,103" hai1="51,81,29,93,65,102,115,58,130,106,45,42,124" hai2="48,135,97,80,22,128,79,83,4,19,86,7,108" hai3="117,107,50,84,6,90,54,5,114,0,88,95,82"/><W73/><G117/><T35/><D111/><U127/><E106/><V53/><F108/><W14/><G0/><T123/><D134/><U1/><E115/><V23/><F135/><W78/><G107/><T68/><D68/><U40/><E1/><V110/><F110/><W43/><G43/><T18/><D30/><U70/><E130/><V125/><F128/><W56/><G114/><T89/><D89/><U3/><E3/><V38/><F38/><W99/><G14/><T55/><D113/><U9/><E70/><V60/><F125/><N who="1" m="48201" /><E81/><AGARI ba="0,0" hai="5,6,50,54,56,73,78,81,82,84,88,90,95,99" machi="81" ten="30,5800,0" yaku="7,1,52,1,54,1" doraHai="94" who="3" fromWho="1" sc="465,0,263,-58,2,0,270,58" /><INIT seed="3,1,0,2,4,85" ten="465,205,2,328" oya="3" hai0="108,70,15,43,11,117,3,92,55,128,60,23,30" hai1="31,28,79,68,16,124,19,111,82,2,121,72,59" hai2="115,69,80,105,125,29,18,45,35,64,135,41,12" hai3="4,66,120,37,86,56,106,5,132,87,62,49,83"/><W129/><G37/><T127/><D108/><U24/><E68/><V27/><F115/><W39/><G39/><T110/><D110/><U81/><E121/><V50/><F135/><W93/><G106/><T65/><D127/><U75/><E124/><V99/><F125/><W84/><G120/><T54/><D128/><U21/><E111/><V119/><F119/><W34/><G34/><T126/><D3/><U95/><E2/><V17/><F80/><W51/><G129/><T109/><D43/><U131/><E131/><V90/><F12/><W101/><G83/><T58/><D117/><U122/><E122/><V88/><F105/><W57/><G132/><T13/><D70/><U20/><E95/><V97/><F64/><W26/><G26/><T67/><D67/><U134/><E59/><V123/><F69/><W91/><G101/><T0/><D0/><U44/><E44/><V40/><F40/><W1/><G1/><T133/><D109/><U107/><E107/><V61/><F61/><W48/><G57/><T25/><D15/><U102/><E102/><V63/><F63/><W9/><G9/><T53/><D126/><U14/><E134/><V100/><F123/><W47/><G47/><T22/><D133/><U73/><E73/><V114/><F114/><W112/><G112/><T52/><D65/><U76/><REACH who="1" step="1"/><E14/><REACH who="1" ten="465,195,2,328" step="2"/><V103/><F103/><W42/><G42/><T118/><D118/><U38/><E38/><V96/><F100/><W6/><AGARI ba="1,1" hai="4,5,6,48,49,51,56,62,66,84,86,87,91,93" machi="6" ten="30,6000,0" yaku="0,1,8,1,52,1" doraHai="85" who="3" fromWho="3" sc="465,-21,195,-21,2,-21,328,73" owari="444,55.0,174,-23.0,-19,-52.0,401,20.0" /></mjloggm>