<mjloggm ver="2.3"><GO type="41" lobby="0"/><UN n0="%7A%69%7A%69%70%70%65%72" n1="%E7%8C%AB%EF%BC%98%E5%8C%B9" n2="%E3%81%BE%E3%82%8B%E3%81%A1%E3%83%BC%E3%81%9A%E2%99%AA" n3="%E2%93%9D%53%75%70%68%78" dan="13,13,14,18" rate="1829.33,1846.78,1928.43,2127.04" sx="M,M,F,M"/><TAIKYOKU oya="0"/><INIT seed="0,0,0,5,2,2" ten="250,250,250,250" oya="0" hai0="128,7,67,22,113,110,119,73,39,28,20,84,9" hai1="72,57,51,79,16,124,99,95,116,54,25,30,56" hai2="93,80,62,77,89,5,88,60,96,74,46,132,48" hai3="49,111,13,94,27,0,31,33,35,107,125,87,118"/><T1/><D73/><U41/><E124/><V133/><F89/><W36/><G0/><T131/><D39/><U123/><E116/><V85/><F74/><W44/><G107/><T135/><D67/><U129/><E129/><N who="0" m="49737" /><D84/><U115/><E123/><V17/><F17/><W19/><G111/><T127/><D119/><U97/><E115/><V10/><F133/><W21/><G36/><T71/><D71/><U12/><E79/><V86/><F96/><W98/><G125/><T26/><D127/><U121/><E121/><V58/><F132/><W69/><G69/><T76/><D76/><U29/><E72/><V83/><F93/><W6/><G87/><T91/><D91/><U14/><E41/><V104/><F104/><W130/><G118/><T50/><D135/><U90/><E99/><V55/><REACH who="2" step="1"/><F46/><REACH who="2" ten="250,250,240,250" step="2"/><W70/><G130/><T4/><D113/><U45/><E30/><V112/><F112/><W106/><G106/><T32/><D110/><U59/><REACH who="1" step="1"/><E16/><REACH who="1" ten="250,240,240,250" step="2"/><V122/><F122/><W92/><G19/><T43/><D28/><U37/><E37/><V63/><F63/><W65/><G31/><T40/><D50/><U66/><E66/><V109/><F109/><W38/><G65/><T53/><D32/><AGARI ba="0,2" hai="12,14,25,29,32,45,51,54,56,57,59,90,95,97" machi="32" ten="40,1300,0" yaku="1,1,53,0" doraHai="2" doraHaiUra="18" who="1" fromWho="0" sc="250,-13,240,33,240,0,250,0" /><INIT seed="1,0,0,5,3,22" ten="237,273,240,250" oya="1" hai0="80,62,82,25,134,114,108,101,64,3,40,117,54" hai1="52,6,17,45,68,10,119,13,69,106,104,132,129" hai2="48,38,122,116,4,97,72,83,20,128,33,42,63" hai3="12,118,100,35,92,123,90,21,15,55,88,112,24"/><U111/><E119/><V50/><F33/><W8/><G35/><T99/><D117/><U9/><E132/><V75/><F116/><W91/><G123/><T121/><D114/><U23/><E129/><V79/><F122/><W26/><G112/><T41/><D121/><U31/><E31/><V2/><F128/><W102/><G118/><T30/><D3/><U85/><E10/><V74/><F63/><W53/><G92/><T105/><D54/><N who="3" m="20489" /><G21/><T76/><D108/><U44/><E104/><V47/><F20/><W120/><G120/><T57/><D134/><U96/><E111/><V43/><F50/><W46/><G46/><T39/><D39/><U98/><E85/><V130/><F130/><W77/><G77/><T56/><D56/><U58/><E69/><V60/><F48/><W37/><G37/><T109/><D109/><U16/><E106/><V94/><F43/><W59/><G59/><T86/><D80/><U70/><E68/><V71/><F94/><W78/><G78/><T81/><D81/><U27/><E6/><V7/><F7/><N who="3" m="3103" /><G15/><T110/><D110/><U11/><E11/><N who="2" m="2455" /><F97/><N who="1" m="37481" /><E70/><V32/><F32/><AGARI ba="0,0" hai="25,30,32,40,41,57,62,64,76,82,86,99,101,105" machi="32" ten="30,2000,0" yaku="7,1,52,1" doraHai="22" who="0" fromWho="2" sc="237,20,273,0,240,-20,250,0" /><INIT seed="2,0,0,3,4,61" ten="257,273,220,250" oya="2" hai0="113,44,134,112,29,0,15,39,98,30,52,85,109" hai1="38,31,27,16,9,117,59,128,24,8,73,1,82" hai2="70,54,3,79,25,100,50,80,93,103,111,13,77" hai3="47,19,42,43,90,78,119,95,71,22,123,35,132"/><V122/><F3/><W56/><G71/><T36/><D0/><U94/><E38/><V108/><F122/><W127/><G35/><T124/><D98/><U135/><E59/><V114/><F70/><W118/><G132/><T62/><D15/><U101/><E73/><V116/><F114/><W81/><G127/><T55/><D85/><U64/><E117/><V84/><F116/><W14/><G43/><T106/><D106/><U6/><E82/><V26/><F13/><W87/><G56/><N who="0" m="35079" /><D29/><U7/><E135/><V60/><F60/><W2/><G2/><T10/><D30/><U130/><E94/><V21/><F77/><W75/><REACH who="3" step="1"/><G123/><REACH who="3" ten="257,273,220,240" step="2"/><T58/><D134/><U40/><E40/><V33/><F33/><W32/><G32/><T69/><D124/><U12/><E1/><V57/><F93/><W66/><G66/><T74/><D113/><U53/><E64/><V86/><F86/><W107/><G107/><T110/><D69/><U99/><E53/><V5/><F5/><W18/><G18/><T72/><D112/><U37/><E16/><N who="2" m="12455" /><F26/><W11/><G11/><T105/><D10/><U68/><E68/><V133/><F133/><W17/><G17/><T91/><D105/><U96/><E24/><V121/><F121/><W83/><G83/><T104/><D104/><U97/><E27/><V45/><F57/><W51/><AGARI ba="0,1" hai="14,19,22,42,47,51,75,78,81,87,90,95,118,119" machi="51" ten="20,2700,0" yaku="1,1,0,1,7,1,53,0" doraHai="61" doraHaiUra="28" who="3" fromWho="3" sc="257,-7,273,-7,220,-13,240,37" /><INIT seed="3,0,0,4,3,109" ten="250,266,207,277" oya="3" hai0="104,95,54,29,7,43,89,83,110,98,87,36,74" hai1="31,111,38,8,41,91,18,81,123,16,44,5,92" hai2="68,65,105,78,102,120,118,47,108,32,128,33,49" hai3="73,86,10,45,66,24,22,28,58,113,126,129,127"/><W79/><G73/><T19/><D29/><U106/><E111/><V101/><F108/><W131/><G45/><T1/><D110/><U48/><E106/><V84/><F118/><W61/><G10/><T12/><D7/><U70/><E70/><V46/><F128/><N who="3" m="49227" /><G79/><T52/><D1/><U124/><E31/><V93/><F49/><W130/><G86/><T94/><D94/><U125/><E81/><V97/><F47/><W57/><G130/><T122/><D122/><U39/><E39/><V59/><F59/><W77/><G77/><N who="0" m="44471" /><D43/><U60/><E60/><V21/><F21/><W90/><G90/><T20/><D36/><U55/><E123/><V2/><F84/><W23/><G23/><T82/><D82/><U64/><E64/><V40/><F93/><W71/><G113/><T134/><D134/><U4/><E4/><V88/><F88/><W121/><G121/><T14/><D14/><U51/><E38/><V35/><F102/><AGARI ba="0,0" hai="12,19,20,52,54,87,89,95,98,102,104" m="44471" machi="102" ten="30,2000,0" yaku="24,1,54,1" doraHai="109" who="0" fromWho="2" sc="250,20,266,0,207,-20,277,0" /><INIT seed="4,0,0,4,1,71" ten="270,266,187,277" oya="0" hai0="32,113,81,38,23,34,80,29,53,109,95,25,47" hai1="120,13,5,1,59,97,37,35,24,78,123,17,101" hai2="12,33,105,73,57,129,18,36,110,44,92,98,83" hai3="14,7,39,8,41,43,50,31,76,2,20,116,99"/><T107/><D107/><U27/><E37/><V89/><F110/><W121/><G116/><T63/><D109/><U28/><E78/><V100/><F129/><W131/><G131/><T91/><D38/><U127/><E59/><V61/><F33/><W67/><G67/><T9/><D113/><U60/><E60/><V90/><F36/><W66/><G66/><T70/><D9/><U126/><E24/><V52/><F44/><W103/><G121/><T128/><D128/><U15/><E97/><V48/><F61/><W84/><G50/><T51/><D70/><U6/><E101/><V87/><F73/><W75/><G84/><T93/><D63/><U77/><E77/><V69/><F69/><W108/><G108/><T54/><D54/><U104/><E104/><V40/><F40/><W132/><G43/><T26/><D95/><U62/><E62/><V96/><F105/><W85/><G85/><T134/><D134/><U94/><E94/><V72/><F72/><W119/><G119/><T74/><D74/><U112/><E112/><V46/><F57/><W111/><G132/><T122/><D122/><N who="1" m="46635" /><E13/><V22/><REACH who="2" step="1"/><F98/><REACH who="2" ten="270,266,177,277" step="2"/><W68/><G111/><T10/><D34/><U4/><E1/><V42/><F42/><W115/><G68/><T124/><D32/><U16/><E15/><V19/><F19/><AGARI ba="0,1" hai="4,5,6,16,17,19,27,28,35,126,127" m="46635" machi="19" ten="40,5200,0" yaku="34,2,54,1" doraHai="71" who="1" fromWho="2" sc="270,0,266,62,177,-52,277,0" /><INIT seed="5,0,0,4,0,0" ten="270,328,125,277" oya="1" hai0="37,41,92,116,69,43,68,91,135,90,100,121,67" hai1="11,78,99,36,10,113,51,79,131,104,119,33,76" hai2="74,89,111,23,85,32,87,73,86,88,108,133,129" hai3="4,101,83,126,97,48,9,21,117,26,40,106,60"/><U72/><E36/><V14/><F32/><W47/><G126/><T34/><D116/><U54/><E33/><V16/><F129/><W59/><G117/><T38/><D34/><U77/><E119/><V107/><F133/><W20/><G83/><T65/><D100/><U58/><E113/><V84/><F107/><W30/><G21/><T29/><D92/><U57/><E131/><V134/><F134/><W102/><G97/><T45/><D135/><U63/><E72/><V128/><F128/><W7/><G106/><T49/><D29/><U44/><E99/><V35/><F35/><W115/><G115/><T3/><D3/><U39/><E39/><N who="0" m="14857" /><D90/><U105/><E105/><V1/><F1/><W95/><G9/><T132/><D91/><U46/><E104/><V6/><F74/><W127/><G127/><T96/><D96/><U71/><E71/><N who="0" m="27209" /><D132/><U19/><E76/><V27/><F73/><W2/><G2/><T130/><D130/><U118/><E118/><V17/><N who="2" m="21504" /><DORA hai="120" /><V12/><F108/><W62/><G95/><T25/><D25/><U18/><E10/><N who="2" m="4183" /><F111/><W122/><G122/><T103/><D103/><N who="3" m="39433" /><G62/><T50/><D121/><U15/><REACH who="1" step="1"/><E19/><REACH who="1" ten="270,318,125,277" step="2"/><V66/><F66/><AGARI ba="0,1" hai="4,7,20,26,30,40,47,48,59,60,66" m="39433" machi="66" ten="30,3900,0" yaku="8,1,52,2" doraHai="0,120" who="3" fromWho="2" sc="270,0,318,0,125,-39,277,49" /><AGARI ba="0,0" hai="11,15,18,44,46,51,54,57,58,63,66,77,78,79" machi="66" ten="40,18000,2" yaku="1,1,2,1,8,1,53,3" doraHai="0,120" doraHaiUra="13,52" who="1" fromWho="2" sc="270,0,318,180,86,-180,326,0" owari="270,-13.0,498,59.0,-94,-59.0,326,13.0" /></mjloggm>