<mjloggm ver="2.3"><GO type="41" lobby="0"/><UN n0="%E5%85%89%E3%81%AE%E5%A6%82%E3%81%8D" n1="%E3%81%95%E3%82%93%E3%81%8D%E3%81%A3%E3%81%A1%E3%82%83%E3%82%93" n2="%E2%93%9D%53%75%70%68%78" n3="%E7%A7%81%E3%81%AE%E6%89%8B%E3%81%AF%E6%B1%9A%E3%82%8C%E3%82%86%E3%81%8F" dan="13,14,18,13" rate="1864.92,1884.95,2087.90,1939.83" sx="M,M,M,M"/><TAIKYOKU oya="0"/><INIT seed="0,0,0,2,4,9" ten="250,250,250,250" oya="0" hai0="42,0,133,55,14,67,103,62,39,68,6,126,78" hai1="50,7,46,60,131,38,79,119,44,104,96,75,102" hai2="135,56,22,19,109,83,20,35,37,23,95,111,81" hai3="11,124,49,58,29,24,99,30,113,18,64,72,73"/><T127/><D103/><U4/><E119/><V12/><F37/><W15/><G124/><T57/><D78/><U54/><E131/><V59/><F35/><W106/><G113/><T91/><D91/><U34/><E34/><V92/><F135/><W61/><G30/><T70/><D0/><U71/><E75/><V110/><F12/><W87/><G49/><N who="0" m="30959" /><D133/><U115/><E79/><V89/><F19/><W13/><G87/><T47/><D14/><U43/><E115/><V112/><F112/><W118/><G118/><T21/><D21/><U27/><E27/><V130/><F130/><W101/><REACH who="3" step="1"/><G15/><REACH who="3" ten="250,250,250,240" step="2"/><T122/><D122/><U32/><REACH who="1" step="1"/><E32/><AGARI ba="0,1" hai="11,13,18,24,29,32,58,61,64,72,73,99,101,106" machi="32" ten="30,7700,0" yaku="1,1,2,1,7,1,52,1,53,0" doraHai="9" doraHaiUra="128" who="3" fromWho="1" sc="250,0,250,-77,250,0,240,87" /><INIT seed="1,0,0,4,1,55" ten="250,173,250,327" oya="1" hai0="1,131,86,56,44,68,6,88,11,4,3,71,128" hai1="113,19,17,85,117,107,47,94,58,87,105,101,53" hai2="116,83,84,49,75,89,16,73,129,121,51,134,126" hai3="23,98,79,76,81,120,90,5,115,0,91,39,57"/><U70/><E117/><V2/><F116/><W96/><G120/><T54/><D44/><U92/><E113/><V36/><F36/><W52/><G115/><T14/><D14/><U66/><E70/><V111/><F2/><W132/><G39/><T123/><D123/><U43/><E107/><V40/><F134/><W35/><G35/><T41/><D41/><U32/><E32/><V60/><F129/><N who="0" m="49738" /><D6/><U15/><E105/><V62/><F126/><W22/><G132/><T124/><D124/><U42/><E66/><V33/><F111/><W18/><G0/><T28/><D28/><U29/><E19/><V110/><F110/><W72/><G5/><T100/><D100/><U95/><E29/><V118/><F40/><N who="1" m="15401" /><E101/><V10/><F121/><W125/><G125/><T50/><D3/><U46/><E47/><V104/><F118/><W37/><G37/><T13/><D1/><U106/><E106/><V63/><F104/><W24/><G79/><T103/><D103/><U45/><E46/><V99/><F33/><W114/><G114/><T67/><D67/><U112/><E45/><V127/><F127/><W82/><G23/><T130/><N who="0" m="49746" /><T74/><DORA hai="25" /><D74/><U97/><E97/><V122/><F99/><W27/><G27/><T31/><D31/><U9/><E112/><V108/><F108/><W102/><G102/><T7/><D7/><U61/><AGARI ba="0,0" hai="9,15,17,53,58,61,85,87,92,94,95" m="15401" machi="61" ten="30,3000,0" yaku="8,1,52,1" doraHai="55,25" who="1" fromWho="1" sc="250,-10,173,30,250,-10,327,-10" /><INIT seed="1,1,0,4,1,99" ten="240,203,240,317" oya="1" hai0="86,108,104,118,27,91,68,28,52,46,32,132,7" hai1="74,116,128,134,63,56,16,85,5,31,43,92,9" hai2="124,135,44,24,75,129,67,133,97,80,96,110,95" hai3="109,106,3,51,58,49,33,42,84,76,102,121,34"/><U83/><E116/><V57/><F44/><W115/><G121/><T72/><D118/><U82/><E128/><V29/><F110/><W19/><G109/><T54/><D108/><U20/><E134/><N who="2" m="51211" /><F124/><W23/><G115/><T60/><D104/><U53/><E31/><V35/><F129/><W25/><G3/><T38/><D72/><U18/><E43/><V6/><F6/><W22/><G51/><T114/><D114/><U78/><E18/><V70/><F70/><W45/><G58/><T64/><D7/><U0/><E92/><V77/><F95/><W122/><G122/><T4/><D4/><U36/><E36/><V131/><F131/><W71/><G71/><T41/><REACH who="0" step="1"/><D132/><REACH who="0" ten="230,203,240,317" step="2"/><U65/><E0/><V13/><F13/><W61/><G106/><T111/><D111/><U87/><E5/><V126/><F126/><W112/><G112/><T8/><D8/><U100/><E74/><V59/><F67/><W90/><G25/><T48/><D48/><U66/><E9/><V37/><F37/><W88/><G49/><T105/><D105/><U101/><E66/><V117/><F117/><W2/><G2/><T123/><D123/><U21/><E65/><V79/><F75/><W15/><G45/><T107/><D107/><U1/><E1/><V47/><F47/><W103/><G61/><T120/><D120/><U89/><E21/><V40/><F24/><AGARI ba="1,1" hai="16,20,24,53,56,63,78,82,83,85,87,89,100,101" machi="24" ten="30,12000,1" yaku="7,1,8,1,52,2,54,1" doraHai="99" who="1" fromWho="2" sc="230,0,203,133,240,-123,317,0" /><INIT seed="1,2,0,4,2,25" ten="230,336,117,317" oya="1" hai0="99,31,92,68,88,33,96,1,20,77,56,14,41" hai1="83,124,132,107,100,45,115,122,51,43,121,24,11" hai2="27,71,119,58,35,50,66,120,15,112,23,26,130" hai3="7,105,95,116,113,16,67,4,91,53,69,34,85"/><U125/><E115/><V40/><F119/><W135/><G116/><T131/><D1/><U90/><E132/><V111/><F120/><W79/><G34/><T78/><D131/><U42/><E11/><V127/><F111/><W49/><G105/><T110/><D68/><U48/><E24/><V109/><F127/><N who="1" m="48713" /><E107/><V9/><F109/><W22/><G135/><T106/><D110/><U46/><E100/><V37/><F35/><W74/><G74/><T102/><D41/><N who="1" m="15371" /><E90/><V76/><F27/><W117/><G117/><T13/><D33/><U38/><E83/><V21/><F21/><W61/><G79/><T89/><D89/><U54/><E38/><V62/><F130/><W28/><G113/><T126/><D126/><U84/><E84/><V81/><F112/><W118/><G118/><T93/><D106/><U101/><E101/><V29/><F37/><W8/><G8/><T32/><D32/><U52/><AGARI ba="2,0" hai="45,46,48,51,52,54,121,122" m="15371,48713" machi="52" ten="30,11700,0" yaku="18,1,34,2,54,1" doraHai="25" who="1" fromWho="1" sc="230,-41,336,123,117,-41,317,-41" /><INIT seed="1,3,0,3,4,0" ten="189,459,76,276" oya="1" hai0="64,27,59,56,116,119,18,106,112,8,108,115,81" hai1="125,29,103,42,109,44,14,12,19,90,16,32,99" hai2="107,85,110,114,43,37,21,20,40,45,79,24,74" hai3="89,100,4,31,126,113,76,101,58,11,48,130,9"/><U95/><E125/><V75/><F107/><W60/><G113/><T26/><D106/><U57/><E32/><V50/><F114/><N who="0" m="43562" /><D81/><U102/><E29/><V87/><F110/><W96/><G130/><T135/><D64/><U72/><E72/><V86/><F79/><W73/><G126/><T88/><D88/><N who="1" m="55783" /><E109/><V104/><F104/><W82/><G48/><T105/><D105/><U128/><E128/><V131/><F131/><W71/><G71/><T84/><D84/><U15/><E90/><V70/><F70/><W2/><G31/><T97/><D97/><U93/><E57/><V1/><F75/><W30/><G30/><T133/><D108/><U127/><E127/><V122/><F74/><W68/><G68/><T36/><D36/><U62/><E62/><V28/><F37/><W6/><G96/><T33/><D59/><U120/><E120/><V94/><F122/><W52/><G89/><T118/><D56/><U91/><E44/><V69/><F69/><W53/><G53/><T41/><D41/><U49/><E42/><V23/><F43/><W67/><G67/><T83/><D83/><U5/><E5/><V61/><F40/><W92/><G92/><T111/><D111/><U46/><E46/><V54/><F94/><W34/><G34/><T123/><D123/><U10/><E49/><V3/><REACH who="2" step="1"/><F61/><REACH who="2" ten="189,459,66,276" step="2"/><W78/><REACH who="3" step="1"/><G78/><REACH who="3" ten="189,459,66,266" step="2"/><T77/><D77/><U38/><E38/><V124/><F124/><W63/><G63/><T80/><D80/><U65/><E93/><V47/><F47/><W17/><G17/><T132/><D33/><AGARI ba="3,2" hai="1,3,20,21,23,24,28,33,45,50,54,85,86,87" machi="33" ten="40,1300,0" yaku="1,1,53,0" doraHai="0" doraHaiUra="66" who="2" fromWho="0" sc="189,-22,459,0,66,42,266,0" /><INIT seed="2,0,0,4,5,65" ten="167,459,108,266" oya="2" hai0="126,48,90,30,128,50,124,87,74,67,113,89,25" hai1="86,42,44,107,33,129,99,132,13,51,4,106,2" hai2="84,49,64,78,35,85,26,72,54,10,17,5,131" hai3="3,88,20,110,21,34,111,80,92,123,71,103,7"/><V79/><F131/><W68/><G123/><T11/><D113/><U62/><E132/><V102/><F102/><W91/><G34/><T60/><D74/><U98/><E33/><V96/><F96/><W43/><G43/><T53/><D11/><U38/><E2/><V116/><F116/><W12/><G103/><T32/><D128/><U114/><E38/><V57/><F64/><W125/><G125/><N who="0" m="48235" /><D53/><U52/><E114/><V55/><F72/><W28/><G3/><T69/><D89/><U8/><E129/><V93/><F55/><W104/><G104/><T22/><D32/><U15/><E107/><V105/><F105/><W45/><G45/><T19/><D30/><U76/><E15/><V39/><F39/><W121/><G80/><AGARI ba="0,0" hai="19,22,25,48,50,60,67,69,80,87,90" m="48235" machi="80" ten="30,2000,0" yaku="18,1,52,1" doraHai="65" who="0" fromWho="3" sc="167,20,459,0,108,0,266,-20" /><INIT seed="3,0,0,0,0,108" ten="187,459,108,246" oya="3" hai0="45,89,2,73,132,90,71,1,31,4,17,114,80" hai1="105,65,135,75,41,0,79,9,58,62,87,49,44" hai2="30,36,104,25,111,19,96,66,70,53,26,43,122" hai3="120,85,18,84,3,77,109,12,8,133,123,28,27"/><W52/><G133/><T78/><D71/><U59/><E135/><V39/><F111/><W131/><G109/><T125/><D132/><U100/><E75/><V82/><F53/><W68/><G68/><T118/><D118/><U22/><E105/><V98/><F19/><W60/><G131/><T115/><D31/><U121/><E100/><V103/><F26/><W99/><G3/><N who="0" m="1035" /><D4/><U14/><E121/><V102/><F43/><W54/><G123/><T107/><D107/><U91/><E79/><V61/><F82/><W116/><G116/><T56/><D45/><U128/><E22/><V11/><F11/><W47/><G120/><T112/><D125/><U86/><E128/><V74/><F74/><W37/><G37/><T101/><D101/><U92/><E0/><V46/><F46/><W72/><G72/><T126/><D126/><U29/><E29/><V35/><REACH who="2" step="1"/><F122/><REACH who="2" ten="187,459,98,246" step="2"/><W48/><G47/><T40/><D40/><U97/><E58/><V24/><F24/><W6/><G27/><T42/><D42/><U32/><E32/><V64/><F64/><W95/><G18/><AGARI ba="0,1" hai="9,14,18,41,44,49,59,62,65,86,87,91,92,97" machi="18" ten="30,2000,0" yaku="7,1,8,1" doraHai="108" who="1" fromWho="3" sc="187,0,459,30,98,0,246,-20" /><INIT seed="4,0,0,1,5,14" ten="187,489,98,226" oya="0" hai0="123,90,122,87,130,114,74,89,104,26,8,52,101" hai1="28,29,121,108,131,39,22,19,34,67,68,46,45" hai2="117,71,55,79,129,50,49,12,42,44,112,73,17" hai3="23,120,82,61,100,96,115,78,25,77,84,16,88"/><T62/><D114/><U48/><E108/><V58/><F112/><W70/><G120/><T111/><D130/><U13/><E121/><V37/><F129/><W107/><REACH who="3" step="1"/><G115/><REACH who="3" ten="187,489,98,216" step="2"/><T102/><D122/><U134/><E131/><V40/><F117/><W103/><G103/><T9/><D123/><U47/><E134/><V57/><F37/><W11/><G11/><T91/><D111/><U5/><E39/><V27/><F42/><W53/><G53/><T10/><D104/><U72/><E67/><AGARI ba="0,1" hai="16,23,25,61,67,70,77,78,82,84,88,96,100,107" machi="67" ten="40,8000,1" yaku="1,1,52,1,54,2,53,0" doraHai="14" doraHaiUra="2" who="3" fromWho="1" sc="187,0,489,-80,98,0,216,90" /><INIT seed="5,0,0,3,0,47" ten="187,409,98,306" oya="1" hai0="35,108,61,39,45,51,82,98,90,65,71,130,13" hai1="37,10,103,74,43,66,113,67,63,77,33,22,11" hai2="92,94,125,133,120,52,123,5,56,91,18,28,118" hai3="79,95,55,76,104,128,48,78,54,12,117,115,127"/><U7/><E113/><V0/><F118/><W122/><G122/><T93/><D108/><U49/><E33/><V86/><F133/><W105/><G115/><T3/><D3/><U14/><E37/><V30/><F125/><W27/><G128/><T129/><D35/><U124/><E74/><V72/><F72/><W64/><G127/><T70/><D39/><U80/><E124/><V106/><F106/><W96/><G64/><T31/><D31/><U9/><E103/><V62/><F0/><W6/><G54/><T73/><D13/><U102/><E102/><V69/><F5/><W46/><G117/><T8/><D8/><U29/><E80/><V114/><F69/><W19/><G27/><T110/><D110/><U53/><E43/><V131/><F131/><N who="0" m="50186" /><D73/><U107/><E77/><V88/><F114/><W1/><G6/><T109/><D82/><U81/><E107/><V100/><F100/><W59/><G46/><T89/><D109/><U87/><E67/><V101/><F101/><W15/><G15/><T58/><D90/><U34/><E34/><V42/><F42/><AGARI ba="0,0" hai="42,45,51,58,61,65,70,71,89,93,98" m="50186" machi="42" ten="30,2000,0" yaku="19,1,52,1" doraHai="47" who="0" fromWho="2" sc="187,20,409,0,98,-20,306,0" /><INIT seed="6,0,0,0,4,88" ten="207,409,78,306" oya="2" hai0="4,56,79,110,27,93,106,53,51,57,108,66,26" hai1="25,61,114,48,78,98,115,128,7,50,59,49,73" hai2="76,85,131,29,101,130,68,107,36,80,97,13,67" hai3="132,47,9,135,112,126,91,102,81,30,63,86,3"/><V54/><F36/><W74/><G126/><T118/><D106/><U94/><E7/><V111/><F54/><W14/><G3/><T103/><D79/><U83/><E128/><N who="2" m="49195" /><F13/><W52/><G112/><N who="1" m="43050" /><E25/><V43/><F43/><W39/><G30/><T120/><D120/><U46/><E46/><V92/><F29/><W40/><G102/><T109/><D4/><U32/><E32/><V100/><F67/><W20/><G20/><T105/><D105/><U87/><E73/><V28/><F68/><W113/><G74/><T0/><D0/><U72/><E72/><V64/><F64/><W125/><G125/><T12/><D12/><U69/><E69/><V2/><F28/><W23/><G23/><T84/><D118/><U70/><E70/><V90/><F2/><W104/><G104/><T37/><D37/><U117/><E117/><V60/><F60/><W99/><G113/><T55/><D66/><N who="1" m="39231" /><E50/><V11/><F11/><W31/><G31/><T19/><D19/><U89/><AGARI ba="0,0" hai="48,49,78,83,87,89,94,98" m="39231,43050" machi="89" ten="30,2000,0" yaku="15,1,52,1" doraHai="88" who="1" fromWho="1" sc="207,-5,409,20,78,-10,306,-5" /><INIT seed="7,0,0,0,2,103" ten="202,429,68,301" oya="3" hai0="25,9,121,83,71,37,87,111,92,32,23,35,26" hai1="97,14,19,20,42,132,16,99,8,93,128,81,134" hai2="43,62,77,120,73,131,109,116,88,47,118,7,3" hai3="63,91,106,65,107,10,90,51,69,45,18,30,67"/><W122/><G122/><T79/><D37/><U46/><E128/><V29/><F131/><W1/><G65/><T61/><D111/><U119/><E81/><V127/><F127/><W64/><G64/><T66/><D121/><U53/><E53/><V21/><F120/><W22/><G30/><T80/><D92/><U12/><E119/><V72/><F109/><W84/><G10/><T56/><D9/><U114/><E114/><V57/><F29/><W58/><G69/><T2/><D2/><U115/><E115/><V41/><F21/><W33/><G1/><T101/><D101/><U27/><E27/><V75/><F77/><W6/><G6/><T105/><D105/><U68/><E68/><V5/><F57/><W112/><G33/><T28/><D71/><U125/><E125/><V86/><F3/><W133/><G133/><N who="1" m="51306" /><E93/><V126/><F126/><W129/><G129/><T74/><D26/><U100/><E100/><V44/><F75/><W60/><G60/><T13/><REACH who="0" step="1"/><D13/><REACH who="0" ten="192,429,68,301" step="2"/><U17/><E17/><V55/><F62/><W95/><G112/><T76/><AGARI ba="0,1" hai="23,25,28,32,35,56,61,66,74,76,79,80,83,87" machi="76" ten="20,5200,0" yaku="1,1,2,1,0,1,7,1,53,0" doraHai="103" doraHaiUra="108" who="0" fromWho="0" sc="192,62,429,-13,68,-13,301,-26" owari="254,-15.0,416,51.0,55,-44.0,275,8.0" /></mjloggm>