<mjloggm ver="2.3"><GO type="41" lobby="0"/><UN n0="%54%68%69%74%43%68%6F" n1="%E2%93%9D%53%75%70%68%78" n2="%E3%82%A6%E3%83%A0%E3%83%AB" n3="%E3%82%AA%E3%83%96%E3%83%88%E3%82%B5%E3%82%BD%E3%83%AA" dan="14,17,14,14" rate="1989.19,2034.90,1890.71,1965.76" sx="F,M,M,M"/><TAIKYOKU oya="0"/><INIT seed="0,0,0,5,5,26" ten="250,250,250,250" oya="0" hai0="97,71,85,19,106,15,90,92,82,0,28,125,119" hai1="102,43,17,107,11,134,54,89,63,79,45,81,39" hai2="30,21,13,9,98,115,132,99,113,12,52,111,8" hai3="128,127,95,93,14,105,59,47,126,1,78,124,34"/><T122/><D122/><U131/><E131/><V31/><F111/><W80/><G1/><T3/><D119/><U120/><E134/><V91/><F132/><W96/><G128/><T65/><D106/><U38/><E120/><V101/><F21/><W25/><G47/><T103/><D125/><U33/><E33/><V77/><F77/><W49/><G14/><N who="2" m="5737" /><F101/><N who="3" m="62631" /><G49/><T74/><D74/><U36/><E36/><V51/><F113/><W16/><G59/><T135/><D135/><U10/><E39/><V104/><F104/><W75/><G16/><T56/><D71/><U66/><E17/><V112/><F115/><W57/><G57/><T73/><D73/><U18/><E18/><V60/><F60/><W4/><G4/><T118/><D118/><U46/><E63/><V116/><F116/><W117/><G117/><T7/><D7/><U5/><E5/><V48/><F48/><W6/><G6/><T27/><D56/><U58/><E58/><N who="2" m="33055" /><F112/><W22/><G22/><T37/><D65/><U2/><E66/><V83/><F83/><W44/><G44/><T41/><D37/><U123/><E46/><V29/><F91/><W87/><G75/><T55/><D41/><U100/><E43/><V23/><F23/><W86/><G86/><T64/><D64/><U129/><E38/><V42/><F42/><W40/><G40/><T50/><D50/><U32/><E45/><V67/><F67/><W35/><G35/><N who="0" m="20895" /><D55/><U114/><E54/><V109/><F109/><W69/><G69/><T133/><D133/><U24/><E114/><V121/><F121/><W20/><G34/><RYUUKYOKU ba="0,0" sc="250,10,250,-30,250,10,250,10" hai0="0,3,15,19,82,85,90,92,97,103" hai2="8,9,29,30,31,98,99" hai3="20,25,78,80,87,93,95,124,126,127" /><INIT seed="0,1,0,0,3,126" ten="260,220,260,260" oya="0" hai0="80,33,63,121,60,5,95,66,9,132,72,7,10" hai1="71,64,118,23,17,46,70,116,119,48,127,56,11" hai2="101,131,120,88,124,41,30,103,102,117,31,18,135" hai3="81,61,105,19,67,40,1,134,28,15,50,44,104"/><T130/><D121/><U110/><E11/><V14/><F120/><W36/><G1/><T62/><D33/><U89/><E89/><V123/><F123/><W55/><G134/><T54/><D132/><U112/><E23/><V26/><F124/><W6/><G6/><T4/><D66/><U84/><E84/><V57/><F41/><W69/><G28/><T59/><D95/><U82/><E17/><V27/><F57/><W35/><G81/><T114/><D114/><U76/><E76/><V96/><F135/><W52/><G35/><T74/><D80/><U42/><E82/><V98/><F117/><W22/><REACH who="3" step="1"/><G55/><REACH who="3" ten="260,220,260,250" step="2"/><T68/><D68/><U122/><E122/><V100/><F30/><W21/><G21/><T43/><D43/><U109/><E127/><V29/><F31/><W0/><G0/><T37/><D37/><U12/><E112/><V51/><F29/><W32/><G32/><T87/><D10/><U53/><E12/><V8/><F14/><W86/><G86/><T16/><D87/><U115/><E115/><V79/><F98/><W20/><G20/><T94/><D9/><U97/><E97/><V129/><F96/><W2/><G2/><T113/><D7/><U25/><E25/><V83/><F8/><W107/><G107/><T99/><D5/><U108/><REACH who="1" step="1"/><E64/><REACH who="1" ten="260,210,260,250" step="2"/><V85/><F85/><W91/><G91/><T111/><D99/><U128/><E128/><V133/><F129/><W90/><G90/><T75/><D130/><U73/><E73/><V65/><F131/><W34/><G34/><T3/><D113/><U106/><E106/><RYUUKYOKU ba="1,2" sc="260,-15,210,15,260,-15,250,15" hai1="42,46,48,53,56,70,71,108,109,110,116,118,119" hai3="15,19,22,36,40,44,50,52,61,67,69,104,105" /><INIT seed="1,2,2,5,5,15" ten="245,225,245,265" oya="1" hai0="135,75,30,49,91,48,22,131,114,101,62,16,39" hai1="26,69,118,63,55,42,38,64,5,46,12,18,113" hai2="111,134,119,85,25,68,89,14,74,59,121,86,100" hai3="17,90,117,115,133,132,98,83,43,28,67,54,32"/><U96/><E113/><V126/><F68/><W103/><G43/><T80/><D114/><U0/><E118/><V45/><F119/><W58/><G67/><T70/><D39/><U79/><E0/><V130/><F121/><W61/><G115/><T123/><D123/><U53/><E5/><V2/><F2/><W33/><G117/><T93/><D101/><U50/><E79/><V20/><F14/><W29/><G90/><T31/><D131/><U102/><E26/><V87/><F45/><W8/><G83/><T95/><D135/><N who="3" m="51785" /><G33/><T108/><D108/><U124/><E124/><V57/><F59/><W47/><G47/><T3/><D3/><U84/><E84/><V106/><F85/><W51/><G51/><N who="0" m="19531" /><D75/><U71/><E71/><V41/><F86/><W92/><G32/><T6/><D62/><U120/><E120/><V112/><F87/><W104/><G104/><T116/><D70/><U99/><E38/><V1/><F1/><W125/><G125/><T40/><D80/><U7/><E7/><V73/><F74/><W37/><G37/><T129/><D91/><U11/><REACH who="1" step="1"/><E99/><REACH who="1" ten="245,215,245,265" step="2"/><V77/><F112/><W9/><G29/><N who="0" m="10763" /><D6/><U13/><E13/><V56/><F126/><W23/><G28/><T97/><D116/><U35/><E35/><V21/><F134/><W78/><G78/><T10/><D97/><U128/><E128/><V109/><F77/><W66/><G98/><T107/><D129/><U52/><E52/><V4/><F130/><W72/><G54/><T94/><D40/><U34/><E34/><V27/><F41/><W81/><G72/><RYUUKYOKU ba="2,3" sc="245,-10,215,30,245,-10,265,-10" hai1="11,12,18,42,46,50,53,55,63,64,69,96,102" /><INIT seed="1,3,3,3,3,102" ten="235,245,235,255" oya="1" hai0="106,104,87,35,89,76,134,95,60,51,22,16,84" hai1="130,48,25,90,1,118,135,80,49,39,41,100,126" hai2="38,108,73,53,75,32,125,55,65,71,27,14,30" hai3="105,45,18,98,77,24,9,78,92,85,31,83,82"/><U36/><E1/><V68/><F38/><W114/><G45/><T94/><D35/><U121/><E100/><V21/><F108/><W44/><G114/><T112/><D112/><U119/><E25/><V50/><F125/><W63/><G44/><T69/><D51/><U122/><E80/><V86/><F86/><W47/><G47/><T0/><D0/><U103/><E103/><V3/><F3/><W37/><G37/><N who="1" m="14410" /><E90/><V115/><F115/><W127/><G63/><T59/><D69/><U79/><E79/><V93/><F93/><W23/><G127/><T74/><D74/><U133/><E130/><V88/><F88/><W28/><G9/><T20/><D20/><U66/><E66/><V57/><F65/><W72/><REACH who="3" step="1"/><G105/><REACH who="3" ten="235,245,235,245" step="2"/><T8/><D8/><U107/><E107/><V17/><REACH who="2" step="1"/><F53/><REACH who="2" ten="235,245,225,245" step="2"/><W40/><G40/><T58/><D104/><U132/><E41/><V124/><F124/><W10/><G10/><T96/><D106/><U4/><E126/><V11/><F11/><W54/><G54/><T110/><D94/><U117/><E4/><V26/><F26/><W19/><G19/><T56/><D16/><U62/><E62/><V101/><F101/><AGARI ba="3,5" hai="18,23,24,28,31,72,77,78,82,83,85,92,98,101" machi="101" ten="30,2000,0" yaku="1,1,7,1,53,0" doraHai="102" doraHaiUra="52" who="3" fromWho="2" sc="235,0,245,0,225,-29,245,79" /><INIT seed="2,0,0,4,5,115" ten="235,245,196,324" oya="2" hai0="116,92,18,104,91,135,26,29,126,124,4,10,25" hai1="61,60,13,93,84,109,89,68,87,17,133,96,107" hai2="33,72,27,78,50,35,106,9,59,45,55,7,56" hai3="28,95,63,121,11,0,101,70,122,80,114,66,103"/><V40/><F106/><W16/><G28/><T12/><D104/><U49/><E109/><V42/><F72/><W132/><G114/><T58/><D92/><U20/><E133/><V131/><F131/><W75/><G132/><T41/><D58/><U15/><E68/><V129/><F129/><W81/><G0/><T54/><D91/><U79/><E107/><V105/><F105/><W125/><G125/><N who="0" m="48235" /><D54/><U51/><E15/><V117/><F78/><W82/><G75/><T14/><D41/><U47/><E51/><V62/><F27/><N who="0" m="10250" /><D29/><U119/><E119/><V57/><F42/><W6/><G95/><T36/><D36/><U102/><E79/><V37/><F117/><W67/><G67/><T112/><D112/><U110/><E110/><V76/><F76/><W111/><G111/><T118/><D135/><U127/><E127/><V97/><F97/><W31/><G31/><T21/><AGARI ba="0,0" hai="4,10,12,14,18,21,116,118" m="10250,48235" machi="21" ten="30,8000,1" yaku="18,1,34,2,52,2" doraHai="115" who="0" fromWho="0" sc="235,80,245,-20,196,-40,324,-20" /><INIT seed="3,0,0,2,5,48" ten="315,225,156,304" oya="3" hai0="47,35,89,126,81,130,112,58,17,12,33,91,77" hai1="22,103,97,57,75,20,83,29,80,109,2,110,23" hai2="90,32,124,36,114,88,53,92,94,133,107,128,37" hai3="119,19,108,31,111,123,61,96,59,54,0,106,86"/><W113/><G0/><T134/><D126/><U62/><E2/><V51/><F114/><W93/><G113/><T82/><D130/><U25/><E75/><V1/><F32/><W50/><G123/><T100/><D134/><U55/><E83/><V9/><F133/><W135/><G135/><T6/><D100/><U45/><E80/><V117/><F117/><W95/><G31/><T14/><D6/><U49/><E110/><N who="3" m="42026" /><G86/><T70/><D70/><U44/><E109/><V42/><F107/><W87/><G87/><T41/><D58/><U65/><REACH who="1" step="1"/><E45/><REACH who="1" ten="315,215,156,304" step="2"/><V101/><F128/><W132/><G132/><T73/><D47/><U39/><E39/><V104/><F37/><W66/><G119/><T74/><D81/><U64/><E64/><V4/><F36/><W60/><G19/><T99/><D82/><U131/><E131/><V129/><F129/><W16/><G16/><T15/><D17/><U38/><E38/><V18/><F18/><W69/><G60/><T28/><D74/><U26/><E26/><V7/><F1/><W24/><G24/><T52/><D73/><U67/><E67/><V10/><F7/><W3/><G3/><T21/><D112/><U56/><E56/><V5/><F4/><W78/><G78/><T46/><D77/><U34/><E34/><V120/><F5/><W13/><G13/><T118/><D15/><U71/><E71/><V125/><F120/><W79/><G79/><T11/><D14/><U105/><AGARI ba="0,1" hai="20,22,23,25,29,44,49,55,57,62,65,97,103,105" machi="105" ten="20,5200,0" yaku="1,1,0,1,7,1,52,1,53,0" doraHai="48" doraHaiUra="30" who="1" fromWho="1" sc="315,-13,215,62,156,-13,304,-26" /><INIT seed="4,0,0,3,5,63" ten="302,277,143,278" oya="0" hai0="94,90,118,61,77,125,106,28,95,114,51,57,104" hai1="112,13,10,32,116,12,126,19,128,70,113,129,108" hai2="43,72,83,40,68,48,110,74,44,4,79,38,121" hai3="0,33,103,87,5,18,71,124,26,53,102,54,96"/><T73/><D118/><U123/><E70/><V45/><F121/><W130/><G103/><T117/><D117/><U97/><E116/><V49/><F110/><W92/><G130/><N who="1" m="50282" /><E97/><V76/><F68/><W30/><G124/><T120/><D120/><U98/><E123/><V62/><F62/><W20/><G87/><T17/><D125/><U6/><E98/><V85/><F4/><W46/><G46/><T135/><D135/><U67/><E67/><V58/><F58/><W3/><G3/><T41/><D104/><U34/><E108/><V88/><REACH who="2" step="1"/><F38/><REACH who="2" ten="302,277,133,278" step="2"/><W127/><G71/><T15/><D57/><U109/><E109/><V37/><F37/><W107/><G127/><T111/><D61/><U36/><E36/><V75/><AGARI ba="0,1" hai="40,43,44,45,48,49,72,74,75,76,79,83,85,88" machi="75" ten="30,8000,1" yaku="1,1,0,1,9,1,54,1,53,1" doraHai="63" doraHaiUra="80" who="2" fromWho="2" sc="302,-40,277,-20,133,90,278,-20" /><INIT seed="5,0,0,3,5,114" ten="262,257,223,258" oya="1" hai0="112,78,111,54,95,120,24,113,132,96,42,80,5" hai1="6,2,115,70,88,39,15,100,9,119,7,121,37" hai2="25,21,48,34,110,29,126,122,69,99,127,33,30" hai3="106,55,72,49,66,82,117,35,3,47,91,46,28"/><U92/><E121/><V133/><F69/><W43/><G106/><T93/><D111/><U94/><E115/><N who="0" m="44105" /><D120/><U44/><E70/><V63/><F63/><W71/><G3/><T125/><D42/><U60/><E119/><V135/><F48/><W40/><G35/><N who="2" m="13321" /><F99/><W58/><G28/><T1/><D24/><U32/><E32/><V67/><F67/><W45/><G72/><N who="0" m="43079" /><D5/><U102/><E60/><V16/><F122/><W77/><G91/><N who="0" m="55359" /><D1/><U131/><E2/><V74/><F110/><W124/><G77/><T56/><D56/><U108/><E108/><V130/><F74/><W105/><G82/><T14/><D14/><U103/><E15/><V89/><F89/><W134/><G105/><T79/><D54/><U57/><E7/><V36/><F36/><W83/><G83/><T13/><D13/><U52/><E39/><V51/><F51/><W59/><G47/><T104/><D104/><U12/><E44/><V76/><F76/><W38/><G71/><T62/><D62/><N who="1" m="36135" /><E37/><V86/><F86/><W68/><G68/><T101/><D79/><U118/><E6/><V27/><F27/><W87/><G38/><T50/><D50/><U73/><E12/><V98/><F98/><W8/><G49/><T17/><D101/><U26/><E26/><V18/><F25/><W61/><G61/><T0/><D95/><U97/><E94/><V81/><F81/><W65/><G55/><T10/><D0/><U116/><E73/><V22/><F29/><W4/><G4/><T75/><D75/><U64/><E103/><V90/><F30/><W129/><G46/><RYUUKYOKU ba="0,0" sc="262,0,257,0,223,0,258,0" /><INIT seed="6,1,0,5,1,75" ten="262,257,223,258" oya="2" hai0="29,3,65,56,110,0,71,95,26,107,128,4,63" hai1="105,80,131,100,27,15,111,102,82,28,133,5,2" hai2="135,22,10,16,113,72,117,98,73,130,92,103,104" hai3="94,132,85,39,76,88,129,123,106,42,114,112,36"/><V31/><F117/><W97/><G42/><T38/><D110/><U122/><E111/><V18/><F113/><N who="3" m="43627" /><G123/><T23/><D107/><U108/><E108/><V89/><F135/><W11/><G132/><T1/><D128/><U12/><E2/><V49/><F130/><W120/><G129/><T84/><D38/><U59/><E105/><V51/><F31/><W25/><G120/><T126/><D126/><U54/><E133/><V96/><F49/><W37/><G25/><T86/><D4/><U68/><E68/><V52/><F18/><W50/><G50/><T67/><REACH who="0" step="1"/><D95/><REACH who="0" ten="252,257,223,258" step="2"/><U47/><E5/><V64/><F10/><W40/><G11/><T115/><D115/><U79/><E131/><V34/><F34/><W7/><G7/><T70/><D70/><U48/><E122/><V46/><REACH who="2" step="1"/><F64/><REACH who="2" ten="252,257,213,258" step="2"/><W43/><G106/><T78/><D78/><U9/><E79/><V61/><F61/><AGARI ba="1,2" hai="0,1,3,23,26,29,56,61,63,65,67,71,84,86" machi="61" ten="40,1300,0" yaku="1,1,53,0" doraHai="75" doraHaiUra="74" who="0" fromWho="2" sc="252,36,257,0,213,-16,258,0" /><INIT seed="7,0,0,5,2,134" ten="288,257,197,258" oya="3" hai0="73,4,8,105,43,66,46,37,63,14,61,25,41" hai1="39,54,135,124,90,33,19,82,70,26,74,50,122" hai2="84,2,78,106,130,87,95,79,53,96,99,83,100" hai3="57,71,15,89,65,6,45,94,104,1,62,91,38"/><W98/><G1/><T126/><D126/><U75/><E39/><V55/><F2/><W121/><G121/><T128/><D128/><U119/><E70/><V77/><F55/><W64/><G104/><T18/><D73/><U88/><E122/><V131/><F53/><W117/><G117/><T11/><D105/><U52/><E124/><V29/><F29/><W20/><G38/><T28/><D43/><U58/><E135/><V120/><F120/><W40/><G71/><T102/><D102/><U86/><E119/><V44/><F44/><W13/><G65/><T34/><REACH who="0" step="1"/><D66/><REACH who="0" ten="278,257,197,258" step="2"/><U85/><E75/><V127/><F127/><W16/><G40/><T24/><D24/><U115/><E74/><V109/><F109/><W72/><G72/><T32/><D32/><U112/><E33/><V48/><F48/><W49/><G49/><T118/><D118/><U12/><E26/><V132/><F132/><W21/><G45/><T76/><D76/><U22/><E54/><V42/><F42/><W47/><G47/><T92/><D92/><AGARI ba="0,1" hai="12,19,22,50,52,58,82,85,86,88,90,92,112,115" machi="92" ten="40,8000,1" yaku="25,2,54,2" doraHai="134" who="1" fromWho="0" sc="278,-80,257,90,197,0,258,0" owari="198,-20.0,347,44.0,197,-30.0,258,6.0" /></mjloggm>