<mjloggm ver="2.3"><GO type="41" lobby="0"/><UN n0="%E3%82%B9%E3%83%AA%E3%83%BC%E3%83%88%E3%83%B3" n1="%70%6F%6E%70%6F%6E%73%6E" n2="%E2%93%9D%53%75%70%68%78" n3="%54%65%61%33" dan="13,13,18,14" rate="1835.19,1897.09,2146.29,1930.73" sx="F,M,M,M"/><TAIKYOKU oya="0"/><INIT seed="0,0,0,1,5,126" ten="250,250,250,250" oya="0" hai0="94,31,52,41,91,1,102,89,22,15,84,110,132" hai1="19,67,82,14,118,16,6,38,34,127,63,72,103" hai2="60,113,2,65,134,9,104,97,130,114,75,50,116" hai3="45,76,66,40,117,8,93,42,85,57,88,125,86"/><T32/><D1/><U112/><E118/><V71/><F50/><W83/><G125/><T77/><D132/><U78/><E38/><V119/><F75/><W73/><G117/><N who="2" m="45129" /><F134/><W10/><G42/><T13/><D32/><U70/><E34/><V54/><F54/><W46/><G45/><T135/><D41/><U124/><E112/><V80/><F80/><W106/><G106/><T26/><D135/><U58/><E70/><V21/><F21/><W36/><G66/><T28/><D28/><U129/><E124/><V43/><F43/><W108/><G108/><T44/><D110/><U95/><E127/><V105/><F130/><W33/><G33/><T3/><D3/><U107/><E129/><V87/><F87/><W56/><G73/><T92/><D77/><U18/><E107/><N who="2" m="41035" /><F97/><W55/><REACH who="3" step="1"/><G57/><REACH who="3" ten="250,250,250,240" step="2"/><T4/><D102/><U64/><E103/><V30/><F30/><W5/><G5/><AGARI ba="0,1" hai="2,5,9,60,65,71,113,114" m="41035,45129" machi="5" ten="30,2000,0" yaku="12,1,23,1" doraHai="126" who="2" fromWho="3" sc="250,0,250,0,250,30,240,-20" /><INIT seed="1,0,0,3,2,127" ten="250,250,280,220" oya="1" hai0="74,51,76,34,132,21,71,40,36,120,12,6,106" hai1="54,112,79,27,43,5,93,134,99,101,68,20,86" hai2="72,119,113,90,38,7,11,49,121,65,73,19,32" hai3="117,9,26,108,61,102,46,57,78,135,58,62,125"/><U103/><E68/><V95/><F119/><W55/><G125/><T111/><D51/><U69/><E69/><V129/><F32/><W3/><G117/><T30/><D21/><U114/><E101/><V2/><F38/><W48/><G108/><T47/><D12/><U13/><E43/><V64/><F121/><W53/><G78/><T23/><D23/><U10/><E134/><V31/><F31/><W84/><G102/><T41/><D41/><U14/><E14/><V115/><F19/><W29/><G135/><T39/><D39/><U15/><E13/><V89/><F49/><W91/><G9/><T52/><D52/><U17/><E54/><V63/><F90/><W33/><G3/><T88/><D88/><U116/><REACH who="1" step="1"/><E116/><REACH who="1" ten="250,240,280,220" step="2"/><V56/><F65/><W18/><G53/><T105/><D132/><U8/><E8/><V75/><REACH who="2" step="1"/><F129/><REACH who="2" ten="250,240,270,220" step="2"/><W4/><G4/><T82/><D120/><U60/><E60/><V126/><F126/><W22/><G61/><T107/><D6/><U96/><E96/><AGARI ba="0,2" hai="2,7,11,56,63,64,72,73,75,89,95,96,113,115" machi="96" ten="40,1300,0" yaku="1,1,53,0" doraHai="127" doraHaiUra="50" who="2" fromWho="1" sc="250,0,240,-13,270,33,220,0" /><INIT seed="2,0,0,3,4,101" ten="250,227,303,220" oya="2" hai0="51,82,120,22,106,83,73,75,64,104,44,31,96" hai1="130,61,134,48,25,36,30,72,45,55,18,65,117" hai2="40,84,111,27,26,29,53,99,59,34,103,37,81" hai3="38,116,2,1,71,35,19,78,102,57,54,10,89"/><V108/><F27/><W67/><G116/><T105/><D120/><U60/><E117/><V107/><F40/><W56/><G38/><T7/><D7/><U112/><E112/><V4/><F37/><W62/><G35/><T123/><D123/><U23/><E72/><V52/><F4/><W49/><G78/><T127/><D64/><U9/><E130/><V119/><F119/><W15/><G102/><T80/><D96/><U16/><E134/><V98/><F98/><W129/><G129/><T93/><D93/><U100/><E36/><V42/><F42/><W3/><REACH who="3" step="1"/><G89/><REACH who="3" ten="250,227,303,210" step="2"/><T14/><D127/><U92/><E9/><V110/><REACH who="2" step="1"/><F59/><AGARI ba="0,1" hai="1,2,3,10,15,19,49,54,56,57,59,62,67,71" machi="59" ten="40,2600,0" yaku="1,1,2,1,53,0" doraHai="101" doraHaiUra="128" who="3" fromWho="2" sc="250,0,227,0,303,-26,210,36" /><INIT seed="3,0,0,2,4,90" ten="250,227,277,246" oya="3" hai0="17,23,65,93,106,100,85,45,130,42,94,1,72" hai1="38,62,11,12,55,21,2,132,40,120,108,92,29" hai2="96,7,115,4,52,89,128,99,84,113,31,27,86" hai3="98,0,61,105,131,104,122,19,91,97,95,15,67"/><W124/><G122/><T6/><D72/><U34/><E120/><V36/><F36/><W57/><G131/><T16/><D65/><U66/><E55/><V116/><F128/><W22/><G124/><T48/><D130/><U20/><E132/><V71/><F71/><W39/><G39/><T64/><D64/><U18/><E108/><V118/><F89/><W25/><G0/><T49/><D1/><U13/><E40/><V109/><F27/><W33/><G33/><T56/><D6/><U53/><E53/><V70/><F52/><W28/><REACH who="3" step="1"/><G98/><REACH who="3" ten="250,227,277,236" step="2"/><N who="0" m="59471" /><D106/><U123/><E2/><V102/><F99/><W107/><G107/><T3/><D3/><U83/><E38/><V10/><F96/><W5/><G5/><T43/><D23/><U47/><E34/><V111/><F7/><W8/><AGARI ba="0,1" hai="8,15,19,22,25,28,57,61,67,91,95,97,104,105" machi="8" ten="20,7800,0" yaku="1,1,0,1,7,1,52,1,53,0" doraHai="90" doraHaiUra="82" who="3" fromWho="3" sc="250,-26,227,-26,277,-26,236,88" /><INIT seed="3,1,0,2,1,18" ten="224,201,251,324" oya="3" hai0="6,54,21,76,77,44,102,1,90,129,3,64,78" hai1="107,46,115,33,12,133,120,126,123,14,109,62,40" hai2="119,84,61,104,43,75,0,110,53,70,127,79,106" hai3="63,71,112,134,19,113,89,121,8,125,97,105,82"/><W48/><G121/><T36/><D129/><U124/><E33/><V92/><F0/><W132/><G125/><N who="1" m="48234" /><E107/><V41/><F75/><W10/><G48/><N who="0" m="28935" /><D3/><U56/><E115/><V96/><F110/><W2/><G71/><T131/><D1/><U72/><E109/><V24/><F119/><W114/><G63/><T66/><D6/><U83/><E72/><V30/><F106/><W128/><G128/><T103/><D131/><U13/><E83/><V108/><F104/><W52/><G2/><T100/><D36/><N who="1" m="21767" /><E133/><N who="3" m="51306" /><G105/><T65/><D90/><U16/><E123/><V5/><F108/><W26/><G52/><T74/><D74/><U11/><E120/><V94/><F127/><W135/><G135/><T7/><D7/><U27/><E27/><V130/><F5/><W35/><G35/><T4/><D4/><U22/><E11/><V99/><F130/><W95/><G82/><T25/><D78/><U116/><E116/><V38/><F79/><W88/><G89/><T15/><D15/><U31/><E31/><AGARI ba="1,0" hai="21,25,31,64,65,66,76,77,100,102,103" m="28935" machi="31" ten="30,2000,0" yaku="8,1,52,1" doraHai="18" who="0" fromWho="1" sc="224,23,201,-23,251,0,324,0" /><INIT seed="4,0,0,2,0,83" ten="247,178,251,324" oya="0" hai0="111,102,99,25,19,44,27,3,31,24,96,87,70" hai1="104,131,65,67,23,73,129,56,124,10,78,4,92" hai2="13,51,2,47,59,11,86,54,16,118,0,135,32" hai3="49,62,9,52,90,119,20,64,79,72,106,112,71"/><T81/><D70/><U132/><E104/><V94/><F32/><W48/><G119/><T21/><D3/><U113/><E78/><V101/><F135/><W26/><G112/><T66/><D66/><U57/><E73/><V45/><F118/><W123/><G123/><T15/><D111/><U12/><E132/><V38/><F38/><W120/><G120/><T42/><D99/><U84/><E113/><V125/><F125/><W130/><G130/><N who="1" m="49674" /><E124/><V74/><F74/><W75/><G106/><T60/><D60/><U46/><E46/><V50/><F59/><N who="1" m="22601" /><E23/><V69/><F69/><W93/><G9/><T100/><D96/><U122/><E122/><V88/><F101/><W117/><G117/><T40/><D31/><U53/><E53/><AGARI ba="0,0" hai="0,2,11,13,16,45,47,50,51,53,54,86,88,94" machi="53" ten="30,8000,1" yaku="7,1,9,1,52,1,54,2" doraHai="83" who="2" fromWho="1" sc="247,0,178,-80,251,80,324,0" /><INIT seed="5,0,0,4,2,98" ten="247,98,331,324" oya="1" hai0="59,54,10,9,3,131,111,21,55,105,76,80,129" hai1="14,2,93,34,78,30,110,119,40,48,5,1,63" hai2="95,32,86,72,7,75,36,103,130,37,31,6,91" hai3="67,135,113,53,106,49,61,89,83,121,104,117,4"/><U116/><E110/><V42/><F130/><N who="0" m="49674" /><D111/><U132/><E132/><V127/><F127/><W56/><G113/><T44/><D105/><U99/><E34/><V120/><F120/><W45/><G121/><T107/><D107/><U124/><E30/><V115/><F115/><W126/><G135/><T18/><D44/><U96/><E124/><V128/><F128/><W97/><G126/><T52/><D59/><U28/><E28/><V41/><F31/><W57/><G117/><T133/><D3/><U60/><E78/><V94/><F86/><W62/><G4/><T70/><D70/><U24/><E24/><V51/><F91/><W17/><G17/><T118/><D118/><U101/><E14/><V35/><F51/><W46/><G46/><T50/><D50/><U92/><E5/><V87/><F87/><W90/><G83/><T65/><D65/><U122/><E48/><V85/><F85/><W79/><G79/><T16/><D18/><U66/><E66/><V23/><F23/><W71/><G71/><T33/><D33/><U29/><E29/><V112/><F112/><W15/><G15/><N who="0" m="9375" /><D133/><U27/><E27/><V47/><F47/><W19/><G19/><T84/><AGARI ba="0,0" hai="9,10,52,54,55,76,80,84" m="9375,49674" machi="84" ten="30,4000,0" yaku="19,1,54,2" doraHai="98" who="0" fromWho="0" sc="247,40,98,-20,331,-10,324,-10" /><INIT seed="6,0,0,3,4,74" ten="287,78,321,314" oya="2" hai0="121,58,1,56,62,127,11,128,109,10,38,67,123" hai1="13,23,5,108,47,63,51,29,64,42,71,112,40" hai2="46,19,78,0,41,26,69,107,36,31,91,52,32" hai3="113,119,18,102,53,115,95,84,117,75,114,101,35"/><V30/><F107/><W79/><G35/><T122/><D109/><U27/><E108/><V66/><F0/><W93/><G53/><T135/><D38/><U24/><E24/><V7/><F7/><W96/><G75/><T92/><D92/><N who="3" m="35401" /><G18/><T60/><D135/><U15/><E112/><V88/><F31/><W100/><G96/><T39/><D39/><U134/><E134/><V14/><F78/><W110/><G110/><T118/><D118/><N who="3" m="45065" /><G84/><T72/><D72/><U50/><REACH who="1" step="1"/><E5/><REACH who="1" ten="287,68,321,314" step="2"/><V43/><F26/><W70/><G70/><T89/><D122/><U21/><E21/><V33/><F33/><W16/><G113/><T132/><D132/><U99/><E99/><V94/><F32/><W73/><G115/><T98/><D98/><U129/><E129/><V48/><F69/><W77/><G114/><T103/><D128/><U20/><E20/><V82/><F30/><W105/><G105/><T81/><D123/><U17/><E17/><V59/><F19/><W86/><G16/><T111/><D121/><U120/><E120/><V131/><F131/><W130/><G130/><T6/><D111/><U87/><E87/><N who="2" m="50295" /><F36/><W76/><G73/><T104/><D6/><U125/><E125/><V57/><F14/><W80/><AGARI ba="0,1" hai="76,77,79,80,86,100,101,102" m="45065,35401" machi="80" ten="40,8000,1" yaku="34,2,52,3" doraHai="74" who="3" fromWho="3" sc="287,-20,68,-20,321,-40,314,90" /><INIT seed="7,0,0,4,2,125" ten="267,48,281,404" oya="3" hai0="58,26,57,68,99,7,112,71,127,2,80,87,17" hai1="40,116,120,46,65,59,48,12,61,27,119,81,88" hai2="44,50,100,10,11,5,1,102,54,111,31,4,126" hai3="30,21,104,56,113,25,35,23,98,64,45,106,96"/><W78/><G78/><T38/><D38/><U8/><E27/><V77/><F111/><W67/><G45/><T101/><D127/><U105/><E105/><V66/><F126/><W108/><G113/><T130/><D2/><U124/><E124/><V76/><F66/><W73/><G73/><T92/><D7/><U34/><E34/><V41/><F31/><W24/><G35/><T91/><D71/><U131/><E120/><V133/><F133/><W117/><G108/><T85/><D68/><U82/><E82/><V107/><F107/><W97/><G117/><T51/><D112/><U129/><E8/><V15/><F54/><W6/><G6/><T36/><D36/><U72/><E12/><V29/><F29/><W43/><G43/><T121/><D121/><U132/><E132/><V90/><REACH who="2" step="1"/><F90/><REACH who="2" ten="267,48,271,404" step="2"/><W110/><G110/><T14/><D101/><AGARI ba="0,1" hai="1,4,5,10,11,15,41,44,50,76,77,100,101,102" machi="101" ten="40,2600,0" yaku="1,1,2,1,53,0" doraHai="125" doraHaiUra="109" who="2" fromWho="0" sc="267,-26,48,0,271,36,404,0" owari="241,-16.0,48,-45.0,307,11.0,404,50.0" /></mjloggm>