<mjloggm ver="2.3"><GO type="41" lobby="0"/><UN n0="%28%7E%5F%7E%29" n1="%E2%93%9D%53%75%70%68%78" n2="%E3%81%97%E3%82%82%E3%82%93%E3%81%AC" n3="%E3%81%98%E3%81%87%E3%82%8B%E3%81%B5%E3%81%83%E3%83%BC%E2%91%AC" dan="15,19,14,13" rate="2004.06,2156.75,1989.74,1949.61" sx="M,M,M,F"/><TAIKYOKU oya="0"/><INIT seed="0,0,0,2,0,87" ten="250,250,250,250" oya="0" hai0="28,64,63,79,130,43,49,101,115,22,128,88,96" hai1="34,55,111,133,31,109,18,24,135,30,2,8,61" hai2="114,46,80,92,70,127,69,66,5,13,134,53,15" hai3="12,62,60,48,7,77,1,100,58,89,90,116,107"/><T73/><D115/><U113/><E55/><V20/><F114/><W45/><G116/><T36/><D36/><U94/><E61/><V40/><F134/><N who="1" m="51209" /><E94/><V119/><F119/><W120/><G1/><T102/><D79/><U17/><E113/><V47/><F127/><W10/><G120/><T57/><D73/><U35/><E31/><V51/><F80/><W16/><G77/><T132/><D132/><U122/><E122/><V32/><F32/><W9/><G107/><T75/><D75/><U121/><E121/><V39/><F5/><W84/><G100/><T42/><D28/><U56/><E56/><V23/><F66/><W6/><G10/><T26/><D102/><U72/><E72/><V21/><REACH who="2" step="1"/><F92/><REACH who="2" ten="250,250,240,250" step="2"/><W14/><G6/><T3/><D64/><U29/><E35/><V0/><F0/><W41/><G7/><T71/><D3/><U74/><E74/><V54/><F54/><W81/><G14/><AGARI ba="0,1" hai="13,14,15,20,21,23,39,40,46,47,51,53,69,70" machi="14" ten="40,1300,0" yaku="1,1,53,0" doraHai="87" doraHaiUra="108" who="2" fromWho="3" sc="250,0,250,0,240,23,250,-13" /><INIT seed="1,0,0,1,0,49" ten="250,250,263,237" oya="1" hai0="127,67,48,22,61,77,121,74,0,53,17,29,115" hai1="4,58,128,98,33,12,125,102,108,1,79,14,78" hai2="35,62,3,107,71,119,89,113,117,104,93,69,34" hai3="24,39,133,8,66,28,76,91,40,25,132,42,38"/><U23/><E33/><V13/><F3/><W122/><G76/><T130/><D115/><U31/><E1/><V95/><F13/><W111/><G122/><T126/><D0/><U101/><E128/><V90/><REACH who="2" step="1"/><F62/><REACH who="2" ten="250,250,253,237" step="2"/><W10/><G111/><T83/><D121/><U51/><E14/><V131/><F131/><W57/><G66/><T21/><D130/><U63/><E63/><V70/><F70/><W60/><G60/><T43/><D127/><U50/><E12/><V103/><F103/><W19/><G28/><T129/><D126/><U55/><E102/><V72/><F72/><W114/><G114/><AGARI ba="0,1" hai="34,35,69,71,89,90,93,95,104,107,113,114,117,119" machi="114" ten="25,8000,1" yaku="1,1,22,2,53,2" doraHai="49" doraHaiUra="88" who="2" fromWho="3" sc="250,0,250,0,253,90,237,-80" /><INIT seed="2,0,0,2,1,20" ten="250,250,343,157" oya="2" hai0="135,113,7,8,99,110,111,46,77,87,57,105,19" hai1="53,15,116,117,132,123,39,133,58,103,13,47,71" hai2="73,37,100,97,121,33,95,3,112,18,31,35,125" hai3="48,131,56,59,44,2,72,122,85,63,30,115,80"/><V84/><F112/><W91/><G115/><T127/><D127/><U126/><E103/><V23/><F73/><W24/><G122/><T92/><D113/><U62/><E15/><V104/><F125/><W28/><G131/><T17/><D135/><N who="1" m="51787" /><E13/><V11/><F3/><W82/><G72/><T69/><D69/><U29/><E29/><V86/><F37/><W83/><G2/><N who="0" m="119" /><D105/><U118/><E126/><V79/><F11/><W68/><G30/><T66/><D46/><U5/><E5/><V89/><F121/><W14/><G14/><T51/><D87/><U119/><E119/><V108/><F108/><N who="0" m="41514" /><D77/><U26/><E123/><V0/><F0/><W60/><G68/><T134/><D134/><U76/><E76/><V41/><F79/><W61/><G80/><T88/><D66/><U67/><E26/><V74/><F74/><W6/><G6/><T128/><D128/><U109/><E109/><V96/><F41/><W27/><G82/><T32/><D32/><U21/><E21/><V43/><F43/><N who="3" m="24607" /><G28/><T49/><D57/><AGARI ba="0,0" hai="24,27,56,57,59,60,61,63,83,85,91" m="24607" machi="57" ten="30,3900,0" yaku="8,1,52,2" doraHai="20" who="3" fromWho="0" sc="250,-39,250,0,343,0,157,39" /><INIT seed="3,0,0,0,1,102" ten="211,250,343,196" oya="3" hai0="110,88,67,4,47,112,100,83,18,133,129,113,56" hai1="25,135,94,27,5,50,127,85,116,119,33,120,66" hai2="53,46,55,54,1,128,125,132,64,69,84,75,90" hai3="49,61,7,82,117,70,3,24,10,91,96,72,124"/><W115/><G117/><N who="1" m="45130" /><E120/><V44/><F75/><W6/><G115/><N who="0" m="44107" /><D4/><U126/><E66/><V59/><F1/><W97/><G7/><T32/><D110/><U40/><E135/><V16/><F132/><W41/><G124/><N who="1" m="47658" /><E33/><V48/><F128/><W60/><G24/><T77/><D32/><U52/><E40/><V109/><F109/><W17/><G17/><T103/><D47/><N who="1" m="27743" /><E5/><V21/><F125/><W93/><G41/><T36/><D36/><U101/><E85/><V28/><F28/><W107/><G49/><T123/><D133/><U8/><E8/><V39/><F39/><W118/><G118/><T76/><D123/><U73/><E73/><V105/><F64/><W58/><G70/><T121/><D121/><U11/><E11/><V15/><F69/><W131/><G72/><T19/><D129/><U86/><E86/><V92/><F54/><W12/><G131/><T79/><D67/><U57/><E57/><V38/><F38/><W122/><G58/><T95/><D56/><U43/><E43/><V106/><REACH who="2" step="1"/><F46/><REACH who="2" ten="211,250,333,196" step="2"/><W13/><G122/><T37/><D37/><U89/><E89/><V30/><F30/><W130/><G130/><T22/><D88/><U87/><E87/><V68/><F68/><W80/><G91/><T99/><D103/><U114/><E114/><V71/><F71/><W74/><G74/><T20/><D79/><U31/><E31/><V111/><F111/><W42/><G42/><T29/><D77/><U14/><E14/><V108/><F108/><W45/><G13/><N who="0" m="9295" /><D29/><U62/><E62/><AGARI ba="0,1" hai="15,16,21,44,48,53,55,59,62,84,90,92,105,106" machi="62" ten="30,8000,1" yaku="1,1,7,1,52,2,54,1,53,0" doraHai="102" doraHaiUra="0" who="2" fromWho="1" sc="211,0,250,-80,333,90,196,0" /><INIT seed="4,0,0,0,2,124" ten="211,170,423,196" oya="0" hai0="104,44,35,94,10,71,89,7,39,132,76,113,114" hai1="8,110,60,63,55,3,75,30,133,19,115,72,23" hai2="37,34,118,129,125,41,109,25,64,15,67,21,87" hai3="90,121,106,12,33,80,93,95,98,11,100,13,40"/><T88/><D104/><U101/><E110/><V32/><F109/><W27/><G121/><T111/><D111/><U66/><E133/><V92/><F125/><W116/><G116/><T97/><D132/><U62/><E66/><V123/><F123/><W83/><G40/><N who="0" m="22559" /><D35/><U56/><E101/><V85/><F118/><W2/><G2/><N who="0" m="375" /><D71/><U134/><E115/><N who="0" m="44041" /><D76/><U17/><E134/><V68/><F68/><W107/><G107/><T128/><D89/><U77/><E77/><V59/><F15/><W16/><G106/><T91/><D91/><U131/><E75/><V103/><F103/><W105/><G105/><T45/><D45/><U127/><E72/><V54/><F87/><N who="3" m="52447" /><G33/><T135/><D135/><U18/><E127/><V78/><F85/><W52/><G27/><T57/><D57/><U48/><E56/><V46/><F78/><W81/><G13/><T42/><D42/><U120/><E120/><V86/><F32/><W49/><G83/><T126/><D126/><U112/><E112/><V6/><F34/><W58/><AGARI ba="0,0" hai="11,12,16,49,52,58,80,81,95,98,100" m="52447" machi="58" ten="30,4000,0" yaku="8,1,54,2" doraHai="124" who="3" fromWho="3" sc="211,-20,170,-10,423,-10,196,40" /><INIT seed="5,0,0,4,4,88" ten="191,160,413,236" oya="1" hai0="37,8,11,7,56,58,109,115,97,45,135,52,63" hai1="20,86,74,57,116,114,95,54,84,105,119,102,6" hai2="91,34,99,66,111,65,72,121,129,107,68,122,44" hai3="127,133,128,90,50,103,130,75,19,123,93,30,85"/><U47/><E74/><V10/><F34/><W70/><G70/><T117/><D109/><U120/><E120/><V89/><F111/><W61/><G123/><T124/><D117/><U9/><E105/><V59/><F68/><W0/><G75/><T38/><D115/><U77/><E114/><V16/><F72/><W15/><G0/><T113/><D113/><U108/><E108/><V4/><F107/><W32/><G103/><T112/><D112/><U81/><E47/><V49/><F129/><N who="3" m="49771" /><G61/><T134/><D124/><U31/><E20/><V53/><F16/><W73/><G73/><T26/><D26/><U126/><E31/><V98/><F121/><W78/><G78/><T82/><D82/><U62/><E126/><V131/><F131/><W67/><G67/><N who="0" m="39399" /><D45/><U40/><E40/><V104/><F104/><W27/><G127/><T48/><D97/><N who="2" m="36874" /><F122/><W106/><G106/><T1/><D11/><U29/><E29/><V60/><F65/><W28/><G28/><T25/><D25/><U3/><REACH who="1" step="1"/><E102/><REACH who="1" ten="191,150,413,236" step="2"/><V33/><F33/><W24/><G32/><T14/><D1/><U5/><E5/><V43/><F43/><W42/><G30/><T87/><D87/><U21/><E21/><V39/><F44/><W83/><G42/><T79/><D79/><U18/><E18/><V41/><F41/><W92/><G19/><T71/><D7/><U22/><E22/><V132/><F4/><W35/><G35/><T12/><D8/><U36/><E36/><N who="0" m="13929" /><D14/><U100/><E100/><V118/><F39/><W110/><G15/><T46/><D12/><U23/><E23/><RYUUKYOKU ba="0,1" sc="191,-10,150,30,413,-10,236,-10" hai1="3,6,9,54,57,62,77,81,84,86,95,116,119" /><INIT seed="5,1,1,2,3,57" ten="181,180,403,226" oya="1" hai0="29,108,134,28,60,61,74,13,90,110,67,33,81" hai1="132,72,130,100,117,79,0,11,97,25,106,48,71" hai2="118,46,85,87,34,63,75,8,70,80,112,122,78" hai3="32,38,65,1,105,24,17,92,111,135,98,123,4"/><U42/><E117/><V86/><F118/><W76/><G105/><T133/><D13/><U35/><E48/><V66/><F122/><W16/><G76/><T18/><D18/><U96/><E96/><V68/><F34/><W43/><G123/><T73/><D67/><U83/><E130/><V119/><F119/><W104/><G104/><T39/><D39/><U5/><E42/><V131/><F131/><W62/><G4/><T50/><D50/><U30/><REACH who="1" step="1"/><E71/><REACH who="1" ten="181,170,403,226" step="2"/><V9/><F68/><W3/><G98/><T109/><D33/><U88/><E88/><V99/><F99/><W36/><G43/><T125/><D125/><U31/><E31/><N who="0" m="11849" /><D90/><U47/><E47/><V127/><F127/><W114/><G32/><T2/><D2/><U120/><E120/><V27/><F46/><W7/><G1/><T20/><D20/><U40/><E40/><V69/><F69/><W82/><G3/><T37/><D37/><U89/><E89/><V116/><F116/><W103/><G38/><T128/><D128/><U15/><E15/><V52/><F70/><W129/><G36/><T77/><D74/><U56/><E56/><V95/><F75/><W115/><G129/><T51/><D51/><U14/><E14/><V19/><F78/><W124/><G124/><T64/><D64/><U101/><E101/><V121/><F66/><W6/><G65/><T55/><D55/><U94/><E94/><V10/><F95/><W93/><G103/><T84/><D73/><U12/><E12/><N who="2" m="7559" /><F52/><W58/><G93/><T23/><D23/><U59/><E59/><V107/><F121/><RYUUKYOKU ba="1,2" sc="181,15,170,15,403,-15,226,-15" hai0="60,61,77,81,84,108,109,110,133,134" hai1="0,5,11,25,30,35,72,79,83,97,100,106,132" /><INIT seed="5,2,2,4,2,132" ten="196,185,388,211" oya="1" hai0="55,51,92,15,29,128,76,74,19,100,35,48,80" hai1="85,14,7,11,89,49,1,117,62,24,71,53,50" hai2="4,99,69,77,38,130,107,13,41,30,109,112,18" hai3="43,67,129,105,123,103,86,97,12,64,23,118,115"/><U120/><E120/><V82/><F109/><W66/><G123/><T119/><D119/><U133/><E117/><V127/><F69/><W16/><G118/><T101/><D128/><U81/><E133/><V3/><F130/><W121/><G129/><T45/><D35/><U46/><E24/><V6/><F112/><W37/><G121/><T0/><D0/><U52/><E71/><V108/><F108/><W83/><G115/><T56/><D29/><U26/><E26/><V106/><F30/><W33/><G33/><T91/><D51/><U54/><E62/><V31/><F31/><W135/><G135/><T102/><D45/><U84/><E1/><V96/><F96/><W63/><G43/><T88/><REACH who="0" step="1"/><D92/><REACH who="0" ten="186,185,388,211" step="2"/><N who="1" m="54311" /><E50/><V39/><F3/><W60/><REACH who="3" step="1"/><G37/><REACH who="3" ten="186,185,388,201" step="2"/><T28/><D28/><U124/><E124/><V47/><F127/><W95/><G95/><T113/><D113/><U2/><E2/><V125/><F125/><W57/><G57/><T72/><D72/><U65/><E49/><V68/><F38/><W61/><G61/><T87/><D87/><U20/><E46/><V78/><F39/><W98/><G98/><T131/><D131/><U73/><E73/><V90/><F99/><W32/><G32/><T25/><D25/><U104/><E85/><V93/><F47/><W5/><G5/><T40/><D40/><U58/><E58/><V27/><F4/><W36/><G36/><T17/><D17/><N who="1" m="10295" /><E7/><V110/><F6/><W70/><G70/><T22/><AGARI ba="2,4" hai="15,19,22,48,55,56,74,76,80,88,91,100,101,102" machi="22" ten="30,4000,0" yaku="1,1,0,1,54,1,53,0" doraHai="132" doraHaiUra="111" who="0" fromWho="0" sc="186,86,185,-22,388,-12,201,-12" /><INIT seed="6,0,0,4,0,99" ten="272,163,376,189" oya="2" hai0="50,23,72,112,58,93,17,85,80,10,32,60,114" hai1="52,45,6,88,79,107,95,5,86,63,119,40,22" hai2="34,129,109,59,127,132,38,35,29,94,100,116,54" hai3="125,82,73,41,128,37,131,104,67,31,77,126,89"/><V74/><F29/><W84/><G67/><T46/><D32/><U14/><E119/><V70/><F54/><W130/><G31/><T102/><D72/><U43/><E107/><V56/><F100/><W78/><G41/><N who="1" m="15946" /><E79/><N who="3" m="30218" /><G37/><T2/><D2/><U20/><E63/><V106/><F94/><W0/><G0/><T55/><D10/><N who="1" m="4431" /><E6/><V91/><F91/><W30/><G30/><T28/><D28/><U97/><E86/><V83/><F56/><W115/><G104/><T87/><D80/><U44/><E44/><V25/><F83/><N who="3" m="49311" /><G115/><N who="0" m="44075" /><D102/><U12/><E12/><V68/><F59/><W13/><G13/><N who="0" m="9647" /><D93/><U1/><E1/><V133/><F35/><W27/><G27/><T121/><D121/><U71/><E71/><V3/><F25/><W90/><G73/><T62/><D62/><U76/><E76/><V48/><F48/><AGARI ba="0,0" hai="20,22,45,48,52,88,95,97" m="4431,15946" machi="48" ten="30,3900,0" yaku="8,1,54,2" doraHai="99" who="1" fromWho="2" sc="272,0,163,39,376,-39,189,0" /><INIT seed="7,0,0,4,2,114" ten="272,202,337,189" oya="3" hai0="49,95,48,43,11,40,62,22,73,119,0,135,124" hai1="50,126,77,25,88,123,96,19,15,122,127,28,99" hai2="17,70,33,32,130,121,85,61,27,117,106,41,36" hai3="111,115,47,105,86,107,125,133,18,29,71,84,10"/><W93/><G115/><T42/><D73/><U92/><E77/><V65/><F117/><W14/><G71/><T8/><D124/><N who="1" m="47659" /><E50/><N who="0" m="19561" /><D0/><U31/><E99/><V104/><F85/><N who="3" m="32875" /><G125/><T83/><D83/><U56/><E56/><V81/><F70/><W4/><G107/><T101/><D135/><U46/><E46/><V110/><F104/><W57/><G105/><T35/><D35/><N who="1" m="20879" /><E31/><V24/><F32/><W97/><G133/><T102/><D22/><AGARI ba="0,0" hai="15,19,22,88,92,96,122,123" m="20879,47659" machi="22" ten="30,2000,0" yaku="18,1,54,1" doraHai="114" who="1" fromWho="0" sc="272,-20,202,20,337,0,189,0" owari="252,5.0,222,-18.0,337,44.0,189,-31.0" /></mjloggm>