<mjloggm ver="2.3"><GO type="41" lobby="0"/><UN n0="%E5%AF%8C%E7%94%B0%E6%9D%BE%E7%94%B0" n1="%E9%9B%80%E3%82%B4%E3%83%AD%49%53" n2="%44%2E%72%65%69%64%69" n3="%E2%93%9D%53%75%70%68%78" dan="14,14,15,18" rate="1890.17,1894.48,1958.30,2183.05" sx="M,M,M,M"/><TAIKYOKU oya="0"/><INIT seed="0,0,0,1,2,109" ten="250,250,250,250" oya="0" hai0="42,17,118,70,121,37,119,53,96,117,19,47,71" hai1="73,133,82,79,16,132,51,67,76,111,78,33,52" hai2="63,131,108,86,58,26,44,29,36,90,91,115,55" hai3="11,31,69,64,114,9,105,23,135,116,94,56,41"/><T60/><D121/><U18/><E111/><V77/><F108/><W126/><G105/><T129/><D129/><U46/><E33/><V84/><F77/><N who="1" m="29801" /><E67/><V14/><F131/><W81/><G135/><AGARI ba="0,0" hai="16,18,46,51,52,73,79,82,132,133,135" m="29801" machi="135" ten="30,3900,0" yaku="20,1,54,2" doraHai="109" who="1" fromWho="3" sc="250,0,250,39,250,0,250,-39" /><INIT seed="1,0,0,1,4,76" ten="250,289,250,211" oya="1" hai0="32,61,9,129,56,5,18,11,16,135,69,128,123" hai1="43,54,12,111,23,19,85,109,117,77,1,83,121" hai2="78,132,66,102,79,100,74,60,65,57,25,49,40" hai3="106,127,99,29,39,118,72,75,34,120,0,70,21"/><U130/><E117/><V50/><F132/><W88/><RYUUKYOKU type="yao9" ba="0,0" sc="250,0,289,0,250,0,211,0" hai3="0,21,29,34,39,70,72,75,88,99,106,118,120,127" /><INIT seed="1,1,0,3,4,24" ten="250,289,250,211" oya="1" hai0="3,6,127,118,88,77,79,121,80,86,93,112,130" hai1="99,28,55,75,109,71,74,59,64,4,91,82,134" hai2="113,27,44,119,48,42,101,58,49,1,98,8,84" hai3="5,41,45,47,22,110,120,23,60,61,100,37,95"/><U97/><E134/><V132/><F119/><W15/><G110/><T135/><D118/><U107/><E109/><V65/><F113/><W21/><G120/><T111/><D111/><U34/><E4/><V96/><F132/><W10/><REACH who="3" step="1"/><G47/><REACH who="3" ten="250,289,250,201" step="2"/><T16/><D135/><U128/><E128/><V122/><F122/><W123/><G123/><T115/><D130/><U26/><E75/><V76/><F1/><W20/><N who="3" m="5632" /><DORA hai="126" /><W0/><G0/><T11/><D121/><U67/><E74/><V38/><F8/><W114/><G114/><T117/><D117/><U90/><E71/><V57/><F27/><W108/><G108/><T131/><D131/><U36/><E26/><V103/><F58/><W43/><G43/><T33/><D112/><U14/><E59/><V133/><F57/><W53/><G53/><T92/><D115/><U105/><E55/><V50/><F133/><W125/><G125/><T32/><D3/><U46/><E46/><V2/><F2/><W9/><G9/><T7/><D11/><U129/><E129/><V70/><F70/><W62/><G62/><T83/><D127/><U63/><E63/><V68/><F68/><W52/><G52/><T69/><D69/><U81/><E64/><V124/><F65/><W19/><G19/><T31/><D16/><U12/><E67/><V29/><F124/><W17/><G17/><T54/><D54/><U39/><E28/><V51/><F29/><W25/><G25/><T78/><D31/><U30/><E30/><V56/><N who="2" m="12288" /><DORA hai="116" /><V13/><F56/><W18/><G18/><T104/><D7/><RYUUKYOKU ba="1,1" sc="250,-15,289,15,250,-15,201,15" hai1="12,14,34,36,39,81,82,90,91,97,99,105,107" hai3="5,10,15,37,41,45,60,61,95,100" /><INIT seed="1,2,1,0,4,17" ten="235,304,235,216" oya="1" hai0="130,25,100,27,117,89,62,16,47,45,24,104,57" hai1="96,81,90,59,132,108,80,4,97,115,128,15,50" hai2="85,3,129,30,53,110,102,44,20,123,109,106,65" hai3="87,116,42,69,32,72,68,82,39,84,8,5,23"/><U38/><E115/><V78/><F123/><W21/><G32/><T91/><D117/><U52/><E128/><V11/><F129/><W43/><G72/><T40/><D130/><U126/><E126/><V134/><F65/><W6/><G8/><T36/><D47/><U67/><E132/><V86/><F134/><W103/><G103/><T73/><D73/><U26/><E38/><V58/><F44/><W49/><G49/><T133/><D133/><U56/><E26/><N who="2" m="16711" /><F11/><W22/><G39/><T113/><D100/><U31/><E31/><V37/><F37/><W33/><G33/><T88/><D104/><U95/><E97/><V131/><F131/><W76/><G116/><T107/><D107/><U10/><REACH who="1" step="1"/><E108/><REACH who="1" ten="235,294,235,216" step="2"/><N who="2" m="41579" /><F106/><W98/><G98/><T122/><D113/><U13/><E13/><V125/><F125/><W92/><G69/><T83/><D122/><U64/><E64/><V54/><F3/><W121/><G68/><T2/><D2/><U28/><E28/><V51/><F102/><W101/><G121/><T9/><D27/><U61/><AGARI ba="2,2" hai="4,10,15,50,52,56,59,61,67,80,81,90,95,96" machi="61" ten="30,11700,0" yaku="1,1,0,1,8,1,54,1,53,0" doraHai="17" doraHaiUra="75" who="1" fromWho="1" sc="235,-41,294,143,235,-41,216,-41" /><INIT seed="1,3,0,0,4,110" ten="194,437,194,175" oya="1" hai0="131,44,92,57,123,101,52,129,9,105,5,99,93" hai1="8,94,80,72,77,121,106,88,120,125,1,75,4" hai2="12,97,102,40,59,25,39,78,67,71,11,55,46" hai3="15,111,134,133,74,24,113,31,85,86,119,38,18"/><U22/><E125/><V10/><F78/><W79/><G111/><T83/><D123/><U26/><E106/><V19/><F25/><W33/><G38/><T50/><D83/><U51/><E75/><V7/><F67/><W91/><G119/><T58/><D58/><U34/><E51/><V135/><F71/><W130/><G130/><T54/><D129/><U73/><E73/><V68/><F68/><W6/><G6/><T37/><D131/><U28/><REACH who="1" step="1"/><E34/><REACH who="1" ten="194,427,194,175" step="2"/><V43/><F39/><W35/><G35/><T70/><D37/><U127/><E127/><V36/><F36/><W132/><G74/><T84/><D105/><U16/><E16/><V122/><F122/><W114/><G79/><T115/><D115/><N who="3" m="44041" /><G91/><T3/><D50/><U56/><E56/><V116/><F116/><W108/><G108/><T30/><D57/><U95/><E95/><V118/><F118/><W27/><G27/><T61/><D70/><U98/><AGARI ba="3,1" hai="1,4,8,22,26,28,72,77,80,88,94,98,120,121" machi="98" ten="20,12000,1" yaku="1,1,0,1,7,1,54,1,53,1" doraHai="110" doraHaiUra="89" who="1" fromWho="1" sc="194,-43,427,139,194,-43,175,-43" /><INIT seed="1,4,0,5,4,13" ten="151,566,151,132" oya="1" hai0="86,4,10,35,133,7,118,65,2,15,128,63,135" hai1="46,57,62,69,78,126,3,70,1,42,41,120,19" hai2="72,82,84,75,109,33,54,44,45,47,55,49,14" hai3="102,76,40,32,90,79,26,131,117,94,21,100,67"/><U106/><E106/><V34/><F109/><W18/><G131/><T119/><D35/><U132/><E120/><V38/><F38/><W12/><G117/><T91/><D7/><U31/><E31/><V95/><F95/><W56/><G40/><T111/><D2/><U36/><E42/><V92/><F92/><W115/><G115/><T124/><D124/><U123/><E123/><V8/><F34/><W114/><G114/><T97/><D97/><U134/><E126/><V16/><F33/><W61/><G32/><T52/><D111/><U99/><E99/><V88/><REACH who="2" step="1"/><F54/><REACH who="2" ten="151,566,141,132" step="2"/><W121/><G121/><T107/><D52/><U6/><E132/><N who="0" m="50761" /><D128/><U96/><E134/><V39/><F39/><W104/><G104/><T37/><D107/><U113/><E36/><V66/><F66/><W11/><G102/><T22/><D37/><U17/><E113/><V53/><F53/><W58/><G100/><T64/><D64/><U101/><E101/><V89/><F89/><W48/><G48/><T60/><D65/><U108/><E108/><V98/><F98/><N who="3" m="57687" /><G58/><AGARI ba="4,1" hai="8,14,16,44,45,47,49,55,58,72,75,82,84,88" machi="58" ten="40,12000,2" yaku="1,1,52,1,54,2,53,2" doraHai="13" doraHaiUra="105" who="2" fromWho="3" sc="151,0,566,0,141,142,132,-132" /><INIT seed="2,0,0,4,1,39" ten="151,566,283,0" oya="2" hai0="48,104,101,95,105,45,54,64,0,89,121,107,120" hai1="15,97,80,27,49,43,60,98,30,53,52,68,59" hai2="92,100,93,62,71,135,132,90,55,22,3,37,32" hai3="6,9,72,127,79,2,29,81,34,46,76,74,83"/><V66/><F32/><W78/><G127/><T63/><D0/><U114/><E114/><V40/><F3/><W16/><G79/><T87/><REACH who="0" step="1"/><D101/><REACH who="0" ten="141,566,283,0" step="2"/><U57/><E68/><AGARI ba="0,1" hai="45,48,54,63,64,68,87,89,95,104,105,107,120,121" machi="68" ten="40,5200,0" yaku="1,1,2,1,53,1" doraHai="39" doraHaiUra="51" who="0" fromWho="1" sc="141,62,566,-52,283,0,0,0" /><INIT seed="3,0,0,5,2,81" ten="203,514,283,0" oya="3" hai0="125,87,89,82,78,69,131,103,94,28,27,24,109" hai1="52,57,42,20,25,18,104,93,45,51,13,127,38" hai2="91,11,22,76,121,92,65,17,71,66,77,90,32" hai3="35,30,122,113,110,96,6,59,16,116,120,34,128"/><W48/><G48/><T62/><D109/><U99/><E104/><V79/><F71/><W117/><G59/><T33/><D131/><U83/><E127/><V88/><F32/><N who="3" m="12331" /><G96/><T84/><D125/><U135/><E135/><V114/><F114/><W5/><G113/><T49/><D103/><U108/><E108/><V0/><F0/><W129/><G30/><T73/><D27/><U67/><E67/><N who="2" m="25611" /><F11/><W50/><G50/><T19/><D69/><U39/><E83/><V107/><F107/><W68/><G68/><T80/><D62/><U133/><E133/><V47/><F47/><W97/><G97/><T3/><D3/><U70/><E70/><V86/><F121/><N who="3" m="46699" /><G110/><T12/><D49/><U53/><E38/><V119/><F119/><N who="3" m="45643" /><G16/><T7/><D19/><U29/><E53/><V55/><F55/><W124/><G124/><T72/><REACH who="0" step="1"/><D82/><REACH who="0" ten="193,514,283,0" step="2"/><U112/><E112/><V95/><F95/><W14/><G14/><AGARI ba="0,1" hai="14,17,22,76,77,79,86,88,90,91,92" m="25611" machi="14" ten="30,3900,0" yaku="8,1,52,1,54,1" doraHai="81" who="2" fromWho="3" sc="193,0,514,0,283,49,0,-39" owari="193,-21.0,514,62.0,332,13.0,-39,-54.0" /></mjloggm>