<mjloggm ver="2.3"><GO type="41" lobby="0"/><UN n0="%E2%93%9D%53%75%70%68%78" n1="%E3%83%9D%E3%83%AF%E3%83%BC%E3%83%B3" n2="%6F%74%75%73" n3="%44%41%5A%45" dan="19,13,14,14" rate="2154.10,1883.10,1849.34,2181.22" sx="M,M,M,F"/><TAIKYOKU oya="0"/><INIT seed="0,0,0,3,5,91" ten="250,250,250,250" oya="0" hai0="7,19,33,120,104,46,32,80,13,10,131,8,110" hai1="12,115,29,63,70,38,75,124,39,4,94,108,95" hai2="57,135,92,47,114,73,15,118,84,14,101,89,106" hai3="9,16,109,67,61,111,21,105,113,97,34,17,62"/><T26/><D104/><U119/><E119/><V93/><F114/><W2/><G34/><T77/><D120/><U27/><E75/><V64/><F73/><W18/><G113/><T103/><D103/><U90/><E115/><V59/><F135/><W35/><G35/><T3/><D131/><U74/><E74/><V0/><F0/><W54/><G54/><T79/><D110/><N who="3" m="41993" /><G61/><T82/><D46/><U129/><E108/><V60/><F106/><W41/><G41/><T87/><REACH who="0" step="1"/><D26/><REACH who="0" ten="240,250,250,250" step="2"/><U1/><E129/><V107/><F47/><W85/><G105/><T30/><D30/><U102/><E124/><V69/><F107/><W128/><G128/><T11/><D11/><U20/><E102/><V5/><F118/><W56/><G9/><T96/><D96/><U36/><E1/><V52/><F101/><W31/><G31/><T48/><D48/><U55/><E27/><V83/><F69/><W125/><G97/><T100/><D100/><U117/><E29/><V112/><F112/><W40/><G125/><T49/><D49/><U65/><E117/><V23/><F5/><W72/><G2/><T123/><D123/><U22/><E4/><V122/><F122/><W53/><G72/><AGARI ba="0,1" hai="3,7,8,10,13,19,32,33,72,77,79,80,82,87" machi="72" ten="30,11600,0" yaku="1,1,7,1,53,2" doraHai="91" doraHaiUra="28" who="0" fromWho="3" sc="240,126,250,0,250,0,250,-116" /><INIT seed="0,1,0,3,3,28" ten="366,250,250,134" oya="0" hai0="30,135,12,1,103,117,100,99,107,127,47,115,61" hai1="108,81,15,72,80,10,129,109,52,114,7,23,132" hai2="37,29,89,124,82,11,74,123,119,16,45,75,96" hai3="33,73,121,20,113,118,36,38,13,92,125,26,57"/><T65/><D115/><U49/><E114/><V6/><F123/><W101/><G113/><T111/><D117/><U83/><E129/><V93/><F29/><W35/><G118/><T46/><D1/><U104/><E104/><V62/><F124/><W134/><G73/><T98/><D135/><U122/><E23/><V66/><F119/><W126/><G134/><T71/><D111/><N who="1" m="42571" /><E122/><V76/><F16/><N who="3" m="10255" /><G57/><T85/><D85/><U70/><E70/><V69/><F45/><W60/><G60/><T112/><D127/><N who="3" m="48649" /><G121/><T79/><D112/><U40/><E40/><V34/><F37/><N who="3" m="14443" /><G26/><T67/><D71/><U5/><E5/><V97/><F74/><W64/><G64/><T95/><D67/><U41/><E41/><V39/><F39/><W110/><G110/><T17/><D65/><U50/><E50/><V68/><F69/><W91/><G101/><T102/><D102/><U59/><E132/><V78/><F76/><AGARI ba="1,0" hai="7,10,15,49,52,59,72,76,80,81,83" m="42571" machi="76" ten="30,2000,0" yaku="14,1,54,1" doraHai="28" who="1" fromWho="2" sc="366,0,250,23,250,-23,134,0" /><INIT seed="1,0,0,4,1,100" ten="366,273,227,134" oya="1" hai0="56,108,20,95,14,66,133,89,101,121,24,1,92" hai1="48,103,45,131,67,59,82,84,117,80,29,46,35" hai2="64,12,26,122,91,128,99,118,28,109,102,77,123" hai3="129,52,6,119,97,36,47,73,79,86,0,70,81"/><U74/><E117/><V17/><F118/><W10/><G129/><T19/><D108/><U15/><E131/><V44/><F109/><W8/><G119/><T11/><D1/><U13/><E74/><V98/><F128/><W113/><G113/><T50/><D133/><U125/><E103/><V7/><F7/><W111/><G111/><T51/><D121/><U106/><E125/><V112/><F112/><W18/><G70/><T104/><D104/><U110/><E106/><V83/><F91/><W61/><G97/><N who="0" m="59559" /><D56/><U105/><E105/><V9/><F44/><W25/><G86/><N who="0" m="52663" /><D66/><U87/><E35/><V62/><F98/><W31/><G10/><T60/><D60/><N who="1" m="38303" /><E29/><AGARI ba="0,0" hai="11,14,19,20,24,29,50,51" m="52663,59559" machi="29" ten="30,1000,0" yaku="8,1" doraHai="100" who="0" fromWho="1" sc="366,10,273,-10,227,0,134,0" /><INIT seed="2,0,0,5,0,95" ten="376,263,227,134" oya="2" hai0="78,52,10,57,88,71,25,112,36,9,103,94,124" hai1="38,12,75,21,106,34,118,122,92,113,61,1,2" hai2="67,18,27,19,31,115,29,35,81,84,93,17,86" hai3="105,79,73,13,90,117,39,68,16,46,65,109,82"/><V131/><F115/><W26/><G117/><T53/><D71/><U33/><E113/><V132/><F67/><W128/><G109/><T6/><D36/><U66/><E106/><V14/><F131/><W54/><G128/><T42/><D42/><U126/><E75/><V133/><F93/><W4/><G105/><T20/><D124/><U45/><E126/><V97/><F97/><W114/><G114/><T7/><D78/><U50/><E38/><V108/><F108/><W47/><G4/><N who="0" m="1579" /><D103/><U70/><E118/><V60/><F60/><W51/><G39/><T83/><D83/><U100/><E122/><V76/><F31/><W85/><G26/><T5/><D5/><U43/><E12/><V23/><REACH who="2" step="1"/><F86/><REACH who="2" ten="376,263,217,134" step="2"/><W62/><G73/><T111/><D111/><U96/><REACH who="1" step="1"/><E21/><REACH who="1" ten="376,253,217,134" step="2"/><V40/><F40/><W56/><REACH who="3" step="1"/><G79/><REACH who="3" ten="376,253,217,124" step="2"/><T80/><D112/><U59/><E59/><V24/><F24/><W102/><G102/><T32/><D57/><U48/><E48/><V77/><F77/><W22/><AGARI ba="0,3" hai="13,16,22,46,47,51,54,56,62,65,68,82,85,90" machi="22" ten="20,5200,0" yaku="1,1,0,1,7,1,54,1,53,0" doraHai="95" doraHaiUra="104" who="3" fromWho="3" sc="376,-13,253,-13,217,-26,124,82" /><INIT seed="3,0,0,3,5,7" ten="363,240,191,206" oya="3" hai0="8,37,99,108,18,72,116,126,61,10,112,20,41" hai1="84,80,118,129,50,60,83,25,3,0,12,23,28" hai2="86,96,66,82,36,76,38,101,49,71,75,122,39" hai3="97,130,110,103,115,69,133,81,92,9,44,48,127"/><W120/><G115/><T123/><D72/><U121/><E121/><V56/><F122/><W40/><G120/><T134/><D116/><U53/><E129/><V1/><F71/><W125/><G130/><T47/><D108/><U114/><E114/><V87/><F1/><W54/><G110/><T52/><D134/><U109/><E109/><V74/><F87/><W94/><G133/><T77/><D126/><N who="3" m="48137" /><G69/><T46/><D77/><U104/><E104/><V32/><F32/><W15/><G81/><T22/><D22/><U113/><E113/><V33/><F33/><W93/><G40/><T78/><D78/><U119/><E60/><V100/><F101/><W24/><G24/><T90/><D112/><U128/><E12/><V135/><F135/><W16/><AGARI ba="0,0" hai="9,15,16,44,48,54,92,93,94,97,103" m="48137" machi="16" ten="30,6000,0" yaku="18,1,52,1,54,1" doraHai="7" who="3" fromWho="3" sc="363,-20,240,-20,191,-20,206,60" /><INIT seed="3,1,0,2,3,70" ten="343,220,171,266" oya="3" hai0="57,65,128,87,42,37,73,124,102,71,34,7,93" hai1="131,88,53,17,16,97,89,10,106,85,109,94,45" hai2="127,30,8,75,83,95,74,21,122,1,14,107,81" hai3="119,33,29,47,101,51,133,113,77,110,126,112,2"/><W100/><G119/><T28/><D73/><U32/><E32/><V114/><F114/><W50/><G126/><T48/><D7/><U0/><E106/><V11/><F107/><W66/><G133/><T69/><D128/><U4/><E109/><V38/><F1/><W82/><G110/><T3/><D3/><U72/><E72/><V103/><F127/><W115/><G2/><T120/><D120/><U13/><E131/><V46/><F75/><W80/><G66/><T116/><D28/><U39/><E0/><V55/><F11/><W96/><G29/><T36/><D34/><U79/><E79/><V135/><F135/><W105/><G33/><T78/><D71/><U118/><E118/><V62/><F74/><W15/><G101/><T84/><D69/><U26/><E26/><V27/><F122/><W59/><G15/><T99/><D116/><U22/><E22/><V54/><F38/><W40/><REACH who="3" step="1"/><G77/><REACH who="3" ten="343,220,171,256" step="2"/><T52/><D65/><U129/><E129/><V5/><F103/><W67/><G67/><T104/><D124/><U132/><E132/><V90/><F30/><W61/><G61/><T35/><D35/><U125/><E125/><V24/><F62/><W130/><G130/><T134/><D134/><U117/><E117/><V6/><F27/><W20/><G20/><T19/><D78/><U86/><E89/><V68/><F21/><W108/><G108/><T43/><D102/><U63/><E63/><V60/><F24/><W111/><G111/><T121/><D121/><U41/><E53/><AGARI ba="1,1" hai="40,47,50,51,53,59,80,82,96,100,105,112,113,115" machi="53" ten="40,7700,0" yaku="1,1,53,2" doraHai="70" doraHaiUra="76" who="3" fromWho="1" sc="343,0,220,-80,171,0,256,90" /><INIT seed="3,2,0,0,3,80" ten="343,140,171,346" oya="3" hai0="74,52,79,45,67,9,66,29,92,69,104,113,41" hai1="37,91,124,86,97,94,7,101,47,78,120,15,82" hai2="23,59,126,88,60,70,49,83,68,35,123,42,96" hai3="76,2,99,85,50,54,3,134,90,87,115,19,4"/><W121/><G115/><T103/><D104/><U6/><E120/><V0/><F0/><W28/><G121/><T63/><D74/><U27/><E124/><V57/><F35/><W129/><G28/><T48/><D79/><U114/><E114/><V8/><F123/><W100/><G4/><T46/><D113/><U105/><E15/><V131/><F126/><W102/><G129/><T1/><D29/><U117/><E117/><V61/><F131/><W40/><G40/><T132/><D132/><U17/><E17/><V13/><F23/><W93/><G134/><T22/><D67/><U75/><E27/><V38/><F38/><W135/><G135/><T20/><D103/><U21/><E21/><V43/><F68/><W112/><G112/><T107/><D107/><U89/><REACH who="1" step="1"/><E91/><REACH who="1" ten="343,130,171,346" step="2"/><V24/><F24/><W118/><G118/><T64/><D22/><U58/><E58/><V10/><F70/><W73/><G19/><T44/><D20/><U5/><E5/><N who="2" m="3215" /><F10/><W122/><G122/><T110/><D9/><U51/><E51/><V109/><F109/><W32/><G3/><T71/><D110/><U119/><E119/><V12/><F12/><W53/><G2/><T16/><D1/><U65/><E65/><N who="2" m="39055" /><F49/><W133/><G133/><T55/><D16/><U116/><E116/><V34/><F34/><W31/><G50/><T95/><D71/><U72/><E72/><V26/><F26/><N who="3" m="18551" /><G73/><T125/><D125/><U25/><E25/><V128/><F128/><W56/><G56/><T18/><D18/><U11/><E11/><V14/><F14/><W130/><G130/><RYUUKYOKU ba="2,1" sc="343,-10,130,30,171,-10,346,-10" hai1="6,7,37,47,75,78,82,86,89,94,97,101,105" /><INIT seed="4,3,1,1,2,46" ten="333,160,161,336" oya="0" hai0="28,101,133,75,94,11,58,24,100,73,88,0,116" hai1="119,17,135,130,89,56,111,71,81,26,68,64,30" hai2="55,126,34,38,25,47,85,124,51,50,131,49,27" hai3="63,77,120,87,110,61,121,40,39,66,118,60,122"/><T113/><D116/><U70/><E119/><V2/><F131/><W93/><G118/><T20/><D113/><U32/><E111/><V29/><F2/><W105/><G105/><T90/><D133/><U128/><E135/><V72/><F72/><W6/><G110/><T5/><D90/><U12/><E81/><V15/><F25/><W129/><G6/><T35/><D58/><U33/><E33/><V98/><F98/><W4/><G4/><T16/><D75/><U97/><E97/><V127/><F38/><W107/><G107/><T37/><D37/><U22/><E89/><V9/><REACH who="2" step="1"/><F85/><REACH who="2" ten="333,160,151,336" step="2"/><W62/><G39/><T8/><D73/><U1/><E1/><V19/><AGARI ba="3,2" hai="9,15,19,27,29,34,47,49,50,51,55,124,126,127" machi="19" ten="30,16000,3" yaku="1,1,2,1,0,1,18,1,52,3,53,3" doraHai="46" doraHaiUra="44" who="2" fromWho="2" sc="333,-83,160,-43,151,189,336,-43" /><INIT seed="5,0,0,0,1,123" ten="250,117,340,293" oya="1" hai0="16,91,82,84,124,42,62,51,103,79,85,53,36" hai1="117,104,108,88,40,5,120,63,128,77,10,94,134" hai2="80,4,64,19,18,43,48,111,92,121,58,25,130" hai3="2,22,35,34,1,71,75,38,90,133,126,50,98"/><U57/><E117/><V112/><F111/><W65/><G38/><T127/><D103/><U23/><E120/><V56/><F130/><W96/><G75/><T113/><D62/><U74/><E104/><V59/><F121/><W116/><G116/><T67/><D67/><U83/><E128/><V110/><F110/><W12/><G126/><N who="0" m="48171" /><D42/><U106/><E106/><V17/><F4/><W20/><G133/><T78/><D36/><U69/><E40/><V9/><F80/><W125/><G125/><T101/><D101/><U31/><E23/><N who="2" m="13551" /><F92/><W87/><G50/><T28/><D28/><U29/><E69/><V14/><F19/><W66/><G87/><T24/><D113/><U13/><E134/><V115/><F112/><W32/><G32/><T72/><D85/><U132/><E132/><V33/><F33/><W97/><G97/><T26/><D16/><U107/><E107/><V30/><F30/><W135/><G135/><T109/><D109/><U60/><E108/><V11/><F115/><W93/><G71/><T27/><D72/><U37/><E63/><N who="2" m="37991" /><F9/><W102/><G102/><T89/><D79/><U41/><E41/><V3/><F3/><W95/><G12/><T131/><D131/><U105/><E105/><V8/><F11/><W81/><G81/><T52/><D51/><U55/><REACH who="1" step="1"/><E37/><REACH who="1" ten="250,107,340,293" step="2"/><V99/><F43/><W49/><G49/><T70/><D70/><U61/><E61/><V15/><F48/><W119/><G119/><T76/><D76/><U129/><E129/><V100/><F59/><W7/><G35/><T54/><AGARI ba="0,1" hai="24,26,27,52,53,54,78,82,84,89,91" m="48171" machi="54" ten="40,2700,0" yaku="18,1,54,1" doraHai="123" who="0" fromWho="0" sc="250,37,107,-13,340,-7,293,-7" /><INIT seed="6,0,0,3,1,126" ten="287,94,333,286" oya="2" hai0="83,25,96,27,118,102,106,129,20,31,43,77,119" hai1="99,24,81,8,112,16,40,120,130,35,52,51,42" hai2="49,28,7,133,65,19,70,84,53,17,63,50,66" hai3="76,93,135,36,73,14,134,127,74,131,2,11,57"/><V37/><F37/><W67/><G127/><T124/><D124/><U128/><E112/><V88/><F133/><N who="3" m="50699" /><G36/><T5/><D43/><U68/><E68/><V38/><F38/><W54/><G2/><T82/><D5/><U71/><E71/><V6/><F28/><W92/><G67/><N who="2" m="25609" /><F70/><W87/><G131/><N who="1" m="50218" /><E120/><V62/><F50/><N who="3" m="30935" /><G87/><T108/><D129/><U80/><E99/><V107/><F107/><W79/><G93/><T105/><D105/><U64/><E64/><V21/><F19/><N who="3" m="8671" /><G92/><T60/><D106/><U121/><E121/><V85/><F84/><W58/><G58/><T30/><D96/><U18/><E35/><V111/><F111/><W91/><G91/><T46/><D108/><U69/><E69/><V59/><F7/><W55/><G55/><T29/><D119/><U75/><E18/><V132/><F6/><W22/><G22/><T1/><D20/><N who="1" m="13319" /><E8/><V116/><F132/><W98/><G98/><T9/><D9/><U44/><E75/><AGARI ba="0,0" hai="73,74,75,76,79" m="8671,30935,50699" machi="75" ten="30,1000,0" yaku="20,1" doraHai="126" who="3" fromWho="1" sc="287,0,94,-10,333,0,286,10" /><INIT seed="7,0,0,0,2,114" ten="287,84,333,296" oya="3" hai0="60,38,104,107,78,7,61,20,21,122,37,35,16" hai1="102,36,50,25,46,44,1,75,8,62,80,86,83" hai2="71,93,103,128,124,66,109,89,76,53,56,95,132" hai3="110,79,31,30,120,6,108,105,63,32,54,18,123"/><W24/><G105/><T41/><D35/><U119/><E102/><V2/><F109/><N who="3" m="42091" /><G6/><T28/><D7/><U27/><E62/><V92/><F2/><W34/><G79/><T74/><D28/><U12/><E1/><V59/><F71/><W29/><G54/><T72/><D78/><U82/><E36/><V90/><F66/><W42/><G42/><T133/><D41/><U43/><E75/><V47/><F124/><W5/><G63/><T106/><D106/><U129/><E129/><V87/><F132/><W77/><G77/><T9/><D9/><U40/><E86/><N who="2" m="52279" /><F76/><W135/><G5/><T115/><D16/><U57/><E57/><V70/><F70/><W73/><G73/><T39/><D39/><U26/><E44/><V48/><F128/><W111/><N who="3" m="42099" /><W49/><DORA hai="55" /><G49/><T88/><D115/><U130/><E130/><V64/><F64/><W127/><G127/><T0/><D0/><U3/><E3/><V118/><F118/><W99/><G99/><AGARI ba="0,0" hai="47,48,53,56,59,87,90,93,95,99,103" m="52279" machi="99" ten="30,3900,0" yaku="8,1,52,2" doraHai="114,55" who="2" fromWho="3" sc="287,0,84,0,333,39,296,-39" owari="287,9.0,84,-42.0,372,47.0,257,-14.0" /></mjloggm>