<mjloggm ver="2.3"><GO type="41" lobby="0"/><UN n0="%E3%81%A1%E3%81%8D%E3%81%A1%E3%81%8D" n1="%E6%9D%B1%E4%BA%AC%E3%82%AC%E3%83%B3%E3%83%80%E3%83%A0" n2="%E2%93%9D%53%75%70%68%78" n3="%4D%6F%6E%61%64" dan="14,14,18,13" rate="1969.60,2017.88,2107.27,1869.41" sx="F,M,M,M"/><TAIKYOKU oya="0"/><INIT seed="0,0,0,2,5,108" ten="250,250,250,250" oya="0" hai0="12,60,31,80,129,41,82,111,73,9,3,135,96" hai1="46,76,67,112,1,118,47,62,68,28,71,109,49" hai2="39,13,19,17,44,90,78,83,33,106,18,104,34" hai3="38,101,103,97,58,64,55,52,24,57,65,54,22"/><T86/><D135/><U94/><E118/><V87/><F13/><W63/><G38/><T92/><D129/><U2/><E28/><V125/><F125/><W4/><G4/><T6/><D111/><U11/><E109/><V48/><F39/><W66/><G101/><T91/><D31/><U51/><E76/><V113/><F113/><W74/><G74/><T99/><D41/><U134/><E94/><V53/><REACH who="2" step="1"/><F78/><REACH who="2" ten="250,250,240,250" step="2"/><W0/><G0/><T61/><D3/><U124/><E124/><V127/><F127/><W126/><G126/><T23/><D73/><U14/><E134/><V85/><F85/><W36/><G36/><T26/><D99/><U88/><E112/><V59/><F59/><W133/><G133/><T7/><D96/><U29/><E71/><V131/><F131/><W132/><G132/><T105/><D105/><AGARI ba="0,1" hai="17,18,19,33,34,44,48,53,83,87,90,104,105,106" machi="105" ten="40,1300,0" yaku="1,1,53,0" doraHai="108" doraHaiUra="116" who="2" fromWho="0" sc="250,-13,250,0,240,23,250,0" /><INIT seed="1,0,0,1,0,10" ten="237,250,263,250" oya="1" hai0="75,77,50,105,49,93,127,128,72,42,48,106,27" hai1="83,20,29,13,11,25,36,7,46,124,28,21,102" hai2="69,59,100,32,101,115,70,51,67,76,33,84,73" hai3="68,22,107,131,118,108,79,126,14,35,116,86,38"/><U92/><E124/><V97/><F73/><W119/><G68/><T95/><D127/><U45/><E36/><V123/><F123/><W98/><G38/><T39/><D27/><U135/><E135/><V8/><F115/><W120/><G126/><T114/><D39/><U133/><E133/><V57/><F8/><W103/><G35/><T2/><D2/><U12/><E83/><V18/><F97/><W80/><G120/><T82/><D128/><U130/><E130/><V88/><F51/><W66/><G131/><T62/><D62/><U34/><E34/><V1/><F18/><W91/><G66/><T37/><D37/><U78/><E78/><V74/><F76/><W125/><G125/><T104/><D42/><U122/><E122/><V61/><F1/><W6/><G108/><T121/><D114/><U43/><E43/><V55/><F74/><N who="0" m="28202" /><D77/><U16/><E28/><V111/><F111/><W52/><G6/><T85/><D85/><U64/><E64/><V129/><F129/><W44/><G22/><T71/><D121/><U132/><E132/><V81/><F33/><W134/><G134/><T0/><D82/><U23/><E23/><V53/><F32/><W17/><G79/><T56/><D0/><U113/><E113/><V15/><F67/><W63/><G17/><T117/><D117/><U58/><E58/><V47/><F59/><N who="3" m="35303" /><G44/><T110/><D110/><U87/><E87/><V40/><F70/><W65/><G65/><T99/><D71/><U109/><E109/><V26/><F69/><W41/><G41/><T9/><D56/><U19/><E7/><RYUUKYOKU ba="0,0" sc="237,-15,250,15,263,-15,250,15" hai1="11,12,13,16,19,20,21,25,29,45,46,92,102" hai3="14,80,86,91,98,103,107,116,118,119" /><INIT seed="1,1,0,4,2,85" ten="222,265,248,265" oya="1" hai0="82,19,32,39,133,113,132,13,18,121,8,111,14" hai1="126,35,47,56,84,58,4,70,2,9,65,12,77" hai2="41,120,17,99,31,51,97,29,44,52,93,76,130" hai3="30,27,16,119,128,63,0,23,6,109,34,107,106"/><U83/><E126/><V125/><F120/><W124/><G63/><T78/><D39/><U103/><E35/><V1/><F1/><W48/><G48/><T114/><D111/><U108/><E108/><V89/><F130/><W131/><G107/><T79/><D121/><U46/><E2/><V129/><F129/><N who="3" m="49739" /><G106/><T67/><D67/><U20/><E70/><V21/><F76/><W91/><G109/><T54/><D32/><U87/><E103/><V49/><F99/><W38/><G38/><T104/><D104/><U92/><E20/><V98/><F98/><W61/><G61/><T101/><D101/><U25/><E25/><N who="2" m="14511" /><F125/><W3/><G124/><T15/><D54/><U72/><E72/><V33/><F33/><W64/><G64/><T24/><D24/><U53/><E65/><V127/><F127/><W74/><G74/><T102/><D102/><U75/><E75/><V86/><F97/><W116/><G91/><T112/><D8/><U43/><E53/><V134/><F134/><N who="0" m="51818" /><D82/><U59/><E43/><V26/><F26/><N who="3" m="14695" /><G6/><T96/><D96/><U22/><E22/><V135/><F135/><W50/><G50/><T42/><D42/><U122/><E122/><V60/><F60/><W57/><G57/><AGARI ba="1,0" hai="29,31,41,44,49,51,52,57,86,89,93" m="14511" machi="57" ten="30,3900,0" yaku="8,1,52,1,54,1" doraHai="85" who="2" fromWho="3" sc="222,0,265,0,248,42,265,-42" /><INIT seed="2,0,0,1,1,56" ten="222,265,290,223" oya="2" hai0="76,40,63,27,88,41,109,61,114,11,105,84,0" hai1="70,53,87,106,108,52,47,111,129,123,57,131,96" hai2="100,81,23,45,95,37,119,124,36,65,16,77,3" hai3="48,50,135,116,62,6,54,78,102,74,133,71,82"/><V8/><F119/><W22/><G6/><T89/><D105/><U104/><E70/><V12/><F124/><W127/><G116/><T39/><D114/><U60/><E123/><V66/><F100/><W20/><G127/><T10/><D39/><U9/><E9/><N who="0" m="3081" /><D0/><U112/><E112/><V121/><F95/><W2/><G2/><T113/><D113/><U64/><E87/><V17/><F121/><W90/><G102/><T24/><D76/><U107/><E96/><V59/><F45/><W34/><G34/><T125/><D109/><N who="1" m="42059" /><E47/><V69/><F69/><W14/><G14/><T99/><D99/><U58/><E64/><V134/><F66/><W30/><G30/><T91/><D84/><U86/><E86/><V49/><F3/><W92/><G50/><AGARI ba="0,0" hai="50,52,53,57,58,60,104,106,107,129,131" m="42059" machi="50" ten="40,5200,0" yaku="14,1,52,1,54,1" doraHai="56" who="1" fromWho="3" sc="222,0,265,52,290,0,223,-52" /><INIT seed="3,0,0,0,5,89" ten="222,317,290,171" oya="3" hai0="130,6,76,118,48,39,43,37,14,92,82,81,9" hai1="64,70,45,96,117,132,21,83,124,79,121,99,71" hai2="98,44,58,23,135,7,102,11,97,122,108,128,59" hai3="85,93,30,2,84,65,49,119,126,133,34,57,16"/><W77/><G119/><T73/><D118/><U127/><E117/><V114/><F114/><W26/><G133/><T36/><D130/><U123/><E132/><V60/><F108/><W41/><G126/><N who="1" m="48170" /><E21/><V5/><F128/><W50/><G2/><T113/><D82/><U24/><E24/><V107/><F122/><N who="1" m="46601" /><E45/><V104/><F44/><W78/><G85/><T29/><D113/><U17/><E17/><V13/><F23/><W31/><G31/><T10/><D48/><U87/><E64/><V66/><F135/><W91/><G91/><T15/><D29/><U116/><E116/><V40/><F40/><W115/><G115/><T125/><D125/><U109/><E109/><V1/><F7/><W35/><G35/><T62/><D62/><U52/><E52/><V100/><REACH who="2" step="1"/><F1/><REACH who="2" ten="222,317,280,171" step="2"/><W3/><G3/><T0/><D43/><U61/><E61/><V67/><F67/><W27/><G41/><T53/><D0/><U129/><E129/><V101/><F101/><W20/><G65/><T80/><D53/><U106/><E70/><AGARI ba="0,1" hai="5,11,13,58,59,60,66,70,97,98,100,102,104,107" machi="70" ten="30,3900,0" yaku="1,1,7,1,9,1,53,0" doraHai="89" doraHaiUra="75" who="2" fromWho="1" sc="222,0,317,-39,280,49,171,0" /><INIT seed="4,0,0,1,0,7" ten="222,278,329,171" oya="0" hai0="86,27,91,77,3,30,52,17,32,87,116,133,20" hai1="65,98,35,10,92,95,117,76,38,112,31,34,120" hai2="66,69,67,115,64,41,74,101,97,134,33,125,23" hai3="28,89,60,121,16,100,54,132,107,61,50,79,81"/><T47/><D116/><U114/><E120/><V126/><F33/><W4/><G132/><T13/><D3/><U129/><E117/><V119/><F119/><W53/><G121/><T94/><D133/><U85/><E38/><V44/><F74/><W56/><G28/><T0/><D0/><U48/><E65/><V124/><F115/><N who="1" m="44073" /><E31/><V135/><F23/><W49/><G4/><T24/><D24/><U88/><E129/><V122/><F122/><W5/><G5/><T18/><D18/><U108/><E108/><V43/><F69/><W78/><G100/><T58/><D47/><U37/><E37/><N who="2" m="21551" /><F43/><W8/><G107/><AGARI ba="0,0" hai="64,66,67,97,101,107,124,125,126,134,135" m="21551" machi="107" ten="40,1300,0" yaku="18,1" doraHai="7" who="2" fromWho="3" sc="222,0,278,0,329,13,171,-13" /><INIT seed="5,0,0,3,4,89" ten="222,278,342,158" oya="1" hai0="26,68,50,84,123,129,67,36,88,119,11,73,21" hai1="125,118,19,3,33,111,35,44,98,116,41,13,63" hai2="1,70,25,42,51,12,57,93,106,128,6,85,32" hai3="101,9,71,69,105,22,54,81,20,79,86,28,113"/><U8/><E3/><V0/><F106/><W24/><G113/><T62/><D119/><U90/><E125/><V27/><F70/><W121/><G121/><T102/><D123/><U104/><E111/><V47/><F32/><W30/><G9/><T92/><D129/><U52/><E33/><V132/><F132/><W38/><G38/><T55/><D36/><U61/><E35/><V117/><F1/><W75/><G86/><T34/><D73/><U15/><E61/><V83/><F0/><W59/><G101/><T77/><D34/><U133/><E41/><V99/><F57/><W7/><G7/><T14/><D77/><U87/><E133/><V91/><F128/><W65/><G105/><T103/><D26/><U39/><E39/><V23/><F117/><W78/><G65/><T45/><REACH who="0" step="1"/><D21/><REACH who="0" ten="212,278,342,158" step="2"/><U134/><E134/><V108/><F23/><W16/><G79/><T43/><D43/><U131/><E131/><V2/><F108/><W66/><G30/><T109/><D109/><U127/><E118/><V46/><F27/><W76/><G76/><T122/><D122/><U5/><E116/><V58/><F25/><W40/><G40/><T17/><AGARI ba="0,1" hai="11,14,17,45,50,55,62,67,68,84,88,92,102,103" machi="17" ten="20,12000,2" yaku="1,1,0,1,7,1,52,1,54,1,53,1" doraHai="89" doraHaiUra="64" who="0" fromWho="0" sc="212,130,278,-60,342,-30,158,-30" /><INIT seed="6,0,0,4,0,68" ten="342,218,312,128" oya="2" hai0="11,107,14,33,32,85,134,42,23,39,47,123,114" hai1="60,75,6,41,94,56,74,103,27,78,48,84,2" hai2="65,10,69,46,36,21,133,7,70,24,37,38,104" hai3="20,127,110,90,97,101,53,40,88,5,30,106,135"/><V83/><F104/><W8/><G110/><T34/><D123/><U117/><E117/><V79/><F133/><W67/><G135/><T71/><D134/><U129/><E129/><V131/><F131/><W99/><G127/><T130/><D71/><U126/><E126/><V17/><F65/><W86/><G67/><T55/><D107/><U80/><E27/><V87/><REACH who="2" step="1"/><F46/><REACH who="2" ten="342,218,302,128" step="2"/><W0/><G106/><T12/><D130/><U1/><E1/><AGARI ba="0,1" hai="1,7,10,17,21,24,36,37,38,69,70,79,83,87" machi="1" ten="40,18000,2" yaku="1,1,2,1,52,3,53,1" doraHai="68" doraHaiUra="77" who="2" fromWho="1" sc="342,0,218,-180,302,190,128,0" /><INIT seed="6,1,0,2,2,79" ten="342,38,492,128" oya="2" hai0="67,23,17,12,39,58,50,117,124,29,62,84,48" hai1="24,85,8,88,95,13,44,132,32,38,73,64,47" hai2="110,101,22,98,113,82,103,51,11,6,122,25,118" hai3="57,1,129,46,2,120,91,123,72,9,33,111,68"/><V45/><F113/><W27/><G111/><T61/><D124/><U86/><E73/><V3/><F118/><W83/><G129/><T28/><D39/><U5/><E132/><V92/><F122/><W75/><G68/><T55/><D117/><U80/><E64/><V40/><F110/><W54/><G46/><T109/><D109/><U59/><E38/><V90/><REACH who="2" step="1"/><F82/><REACH who="2" ten="342,38,482,128" step="2"/><W10/><G120/><T43/><D67/><U18/><E59/><V87/><F87/><W115/><G123/><T53/><D84/><U36/><E36/><V60/><F60/><N who="0" m="23146" /><D43/><U121/><E121/><V102/><F102/><W63/><G115/><T77/><D77/><N who="1" m="46223" /><E32/><V69/><F69/><W130/><G130/><T99/><D99/><U19/><E24/><V127/><F127/><W114/><G33/><T71/><D71/><U93/><E93/><V81/><F81/><W15/><G27/><T65/><D65/><U134/><E134/><V30/><AGARI ba="1,1" hai="3,6,11,22,25,30,40,45,51,90,92,98,101,103" machi="30" ten="20,7800,0" yaku="1,1,0,1,7,1,53,1" doraHai="79" doraHaiUra="0" who="2" fromWho="2" sc="342,-27,38,-27,482,91,128,-27" /><INIT seed="6,2,0,4,3,78" ten="315,11,573,101" oya="2" hai0="128,51,119,92,2,73,105,112,115,57,79,30,7" hai1="71,75,41,121,59,99,44,88,47,0,113,130,108" hai2="114,134,84,10,52,69,91,21,104,64,20,129,45" hai3="63,96,43,124,77,116,117,85,40,6,127,86,3"/><V36/><F114/><W131/><G131/><T11/><D105/><U118/><E130/><V26/><F134/><W133/><G133/><T110/><D110/><U122/><E0/><V29/><F64/><W67/><G3/><T98/><D119/><U28/><E71/><V49/><F69/><W14/><G96/><T12/><D128/><U62/><E113/><N who="0" m="43593" /><D30/><U120/><E108/><V34/><F36/><W1/><G1/><T55/><D73/><U17/><E75/><V97/><F10/><N who="3" m="4439" /><G116/><T35/><D79/><U22/><E28/><V58/><F129/><W13/><G117/><T16/><D35/><U24/><E118/><V94/><F45/><W25/><G25/><T102/><D2/><U90/><E99/><V123/><REACH who="2" step="1"/><F123/><REACH who="2" ten="315,11,563,101" step="2"/><W8/><G8/><T66/><D66/><N who="1" m="39263" /><E44/><V82/><F82/><N who="3" m="47311" /><G67/><T126/><D126/><U109/><E109/><V42/><F42/><W9/><G124/><T74/><D74/><U27/><E27/><V81/><F81/><W31/><G127/><T103/><D103/><AGARI ba="2,1" hai="20,21,26,29,34,49,52,58,84,91,94,97,103,104" machi="103" ten="40,3900,0" yaku="1,1,54,1,53,0" doraHai="78" doraHaiUra="5" who="2" fromWho="0" sc="315,-45,11,0,563,55,101,0" /><INIT seed="6,3,0,4,3,77" ten="270,11,618,101" oya="2" hai0="93,129,125,98,97,33,37,72,73,128,86,36,99" hai1="64,7,27,20,123,113,12,132,41,134,55,46,24" hai2="43,23,67,95,104,19,91,16,15,42,26,22,21" hai3="34,100,78,6,51,63,59,111,135,1,117,115,69"/><V126/><F126/><W52/><G117/><T68/><D33/><U40/><E64/><V109/><F104/><W108/><G34/><T133/><D68/><U48/><E113/><V0/><F0/><W82/><G135/><N who="1" m="51754" /><E123/><V130/><F130/><N who="0" m="50282" /><D133/><U103/><E103/><V101/><F109/><W107/><G115/><T31/><D31/><U120/><E120/><V76/><F76/><W58/><G69/><T60/><D60/><U35/><E35/><V79/><F79/><W10/><G100/><T92/><D125/><U56/><E40/><V25/><F101/><W80/><G107/><T66/><D66/><U30/><E24/><V75/><F75/><N who="0" m="28746" /><D86/><U112/><E112/><V65/><F65/><W96/><G78/><T54/><D54/><U28/><E28/><N who="2" m="17455" /><F67/><W84/><G96/><AGARI ba="3,0" hai="15,16,19,22,23,26,42,43,91,95,96" m="17455" machi="96" ten="30,2900,0" yaku="8,1,54,1" doraHai="77" who="2" fromWho="3" sc="270,0,11,0,618,38,101,-38" /><INIT seed="6,4,0,4,2,11" ten="270,11,656,63" oya="2" hai0="68,15,60,67,72,71,38,59,13,122,48,130,21" hai1="45,101,37,2,55,96,22,119,20,82,85,84,4" hai2="25,65,26,16,88,134,121,40,115,114,98,57,61" hai3="128,118,8,6,132,133,49,76,83,94,28,19,131"/><V113/><F121/><W117/><G49/><T126/><D72/><U1/><E119/><N who="3" m="45578" /><G94/><T5/><D122/><U81/><E37/><V110/><F110/><W58/><G58/><T127/><D38/><U73/><E45/><V106/><F134/><N who="3" m="51819" /><G28/><T95/><D130/><N who="3" m="49705" /><G19/><N who="0" m="10479" /><D95/><U70/><E70/><V14/><F40/><W39/><G39/><T36/><D36/><U34/><E34/><V103/><F88/><W42/><G42/><T100/><D100/><U24/><E55/><V112/><F112/><W44/><G44/><T75/><D75/><U79/><E73/><V104/><F104/><W29/><G29/><T77/><D77/><U89/><E4/><V129/><F129/><W109/><G109/><T90/><D48/><U32/><E32/><V41/><F41/><W64/><G64/><T46/><D46/><U108/><E108/><V99/><F99/><W86/><G8/><AGARI ba="4,0" hai="8,14,16,25,26,57,61,65,98,103,106,113,114,115" machi="8" ten="40,7700,0" yaku="15,1,52,1,54,1" doraHai="11" who="2" fromWho="3" sc="270,0,11,0,656,89,63,-89" owari="270,7.0,11,-39.0,745,85.0,-26,-53.0" /></mjloggm>