<mjloggm ver="2.3"><GO type="41" lobby="0"/><UN n0="%E3%83%88%E3%83%83%E3%83%97%E3%83%A9%E3%82%B9" n1="%E3%82%86%E3%81%8D%E3%81%AE%E3%81%97%E3%81%9F%E3%82%86%E3%81%8D%E3%81%AE" n2="%E9%A6%AC%E4%B8%8A%E6%9C%89%E9%8A%AD" n3="%E2%93%9D%53%75%70%68%78" dan="14,15,15,18" rate="1937.32,1952.90,2003.45,2115.48" sx="M,F,M,M"/><TAIKYOKU oya="0"/><INIT seed="0,0,0,2,0,39" ten="250,250,250,250" oya="0" hai0="127,62,118,55,38,26,110,109,42,1,107,48,63" hai1="135,96,58,105,99,102,111,114,94,53,16,23,65" hai2="9,51,88,90,47,61,77,50,8,123,40,49,28" hai3="25,92,126,125,70,46,73,13,37,130,83,72,15"/><T57/><D107/><U85/><E111/><N who="0" m="42505" /><D1/><U129/><E135/><V2/><F123/><W56/><G70/><T59/><D118/><U80/><E129/><V11/><F2/><W76/><G130/><T17/><D17/><U21/><E114/><V30/><F77/><W98/><G25/><T104/><D104/><U101/><E23/><V81/><F61/><W64/><G73/><T45/><D26/><U112/><E112/><V10/><N who="2" m="2048" /><DORA hai="27" /><V12/><F12/><W33/><G15/><T132/><D132/><U120/><E120/><V128/><F128/><W60/><G33/><T91/><D91/><N who="2" m="34858" /><F81/><W34/><G13/><T74/><D74/><U20/><E65/><V108/><F108/><W66/><G66/><N who="0" m="39247" /><D127/><U32/><E32/><V24/><F24/><W119/><G34/><T54/><D38/><U44/><E20/><V69/><F69/><W43/><REACH who="3" step="1"/><G119/><REACH who="3" ten="250,250,250,240" step="2"/><T0/><D0/><U79/><E16/><V131/><F131/><W6/><G6/><T93/><D93/><U29/><E94/><V22/><F22/><W68/><G68/><T115/><D115/><U89/><E21/><V78/><F78/><W7/><G7/><T121/><D121/><U18/><E79/><V117/><F117/><W19/><G19/><T52/><AGARI ba="0,1" hai="42,45,48,52,54,55,59,63" m="39247,42505" machi="52" ten="30,18000,2" yaku="14,1,10,1,34,2,52,1,54,1" doraHai="39,27" who="0" fromWho="0" sc="250,190,250,-60,250,-60,240,-60" /><INIT seed="0,1,0,4,1,23" ten="440,190,190,180" oya="0" hai0="85,102,117,77,26,84,135,114,106,10,101,83,63" hai1="46,99,33,70,53,42,56,0,14,58,69,128,29" hai2="40,34,80,76,2,98,72,62,119,39,19,15,88" hai3="73,28,94,11,30,68,9,93,115,65,24,120,31"/><T107/><D117/><U66/><E0/><V13/><F2/><W111/><G73/><T133/><D114/><U44/><E128/><V54/><F34/><W100/><G115/><T79/><D10/><U20/><E33/><V4/><F4/><W8/><G111/><T130/><D63/><N who="1" m="38247" /><E14/><V97/><F13/><W3/><G3/><T22/><D22/><U17/><E99/><V43/><F98/><W12/><G120/><T116/><D26/><U50/><E17/><V96/><F96/><W74/><G74/><T16/><D16/><U51/><E20/><V38/><F39/><W123/><G123/><T125/><D125/><U55/><E29/><V18/><F38/><AGARI ba="1,0" hai="38,42,44,46,50,51,53,55,58,69,70" m="38247" machi="38" ten="30,8000,1" yaku="35,5" doraHai="23" who="1" fromWho="2" sc="440,0,190,83,190,-83,180,0" /><INIT seed="1,0,0,3,2,91" ten="440,273,107,180" oya="1" hai0="66,41,55,32,127,131,134,96,82,87,36,61,5" hai1="123,19,89,48,88,120,49,79,68,116,109,27,112" hai2="11,63,29,73,62,15,129,35,76,114,130,99,93" hai3="30,77,37,98,102,14,4,34,54,97,121,124,51"/><U20/><E112/><V18/><F114/><W90/><G121/><T106/><D127/><U39/><E116/><V0/><F76/><W119/><G37/><T7/><D134/><U50/><E39/><V21/><F73/><W59/><G34/><T65/><D131/><U44/><E68/><V118/><F118/><W86/><G30/><T40/><D32/><U45/><E79/><V24/><F129/><W47/><G124/><T58/><D7/><U75/><E75/><V43/><F43/><W56/><G77/><T16/><D5/><U33/><E33/><V28/><F130/><W110/><G110/><T81/><D87/><U126/><E126/><V125/><F125/><W100/><G98/><T25/><D66/><U84/><E109/><V42/><F42/><N who="0" m="16490" /><D106/><U69/><E69/><V95/><F29/><W85/><G85/><T103/><D36/><U22/><E89/><V94/><F99/><W46/><G46/><N who="1" m="18026" /><E123/><V17/><REACH who="2" step="1"/><F0/><REACH who="2" ten="440,273,97,180" step="2"/><W117/><G117/><T52/><D96/><U70/><E120/><V74/><F74/><W113/><G113/><T3/><D3/><U38/><E38/><V83/><F83/><N who="0" m="31754" /><D103/><U9/><E70/><V31/><F31/><W2/><G102/><T23/><AGARI ba="0,1" hai="16,23,25,52,55,58,61,65" m="31754,16490" machi="23" ten="30,4000,0" yaku="8,1,54,2" doraHai="91" who="0" fromWho="0" sc="440,50,273,-20,97,-10,180,-10" /><INIT seed="2,0,0,5,5,52" ten="490,253,87,170" oya="2" hai0="64,133,120,88,115,76,134,43,66,126,27,8,16" hai1="75,117,21,6,67,20,2,109,128,84,38,68,63" hai2="12,112,70,93,15,132,83,18,80,19,13,61,42" hai3="0,23,10,62,91,7,90,54,95,49,69,99,53"/><V5/><F112/><W55/><G69/><T119/><D120/><U58/><E117/><V101/><F132/><N who="0" m="50794" /><D115/><U113/><E113/><V86/><F42/><W50/><G62/><T122/><D122/><U28/><E75/><V100/><F5/><W98/><G23/><T37/><D76/><U102/><E38/><V11/><F70/><W124/><G124/><T89/><D126/><U14/><E128/><V32/><F32/><W48/><REACH who="3" step="1"/><G91/><REACH who="3" ten="490,253,87,160" step="2"/><N who="0" m="34891" /><D119/><U30/><E68/><V46/><F61/><W82/><G82/><T45/><D8/><U35/><E21/><AGARI ba="0,1" hai="16,21,27,37,43,45,64,66" m="34891,50794" machi="21" ten="30,3900,0" yaku="20,1,54,2" doraHai="52" who="0" fromWho="1" sc="490,49,253,-39,87,0,160,0" /><INIT seed="3,0,0,2,5,17" ten="539,214,87,160" oya="3" hai0="53,78,12,80,105,94,102,81,43,42,97,60,123" hai1="31,0,19,110,109,131,125,135,86,22,71,118,77" hai2="21,133,61,48,69,5,45,9,27,90,54,18,89" hai3="126,68,33,116,85,75,79,37,20,59,39,99,96"/><W113/><G33/><T24/><D123/><U134/><E71/><V115/><F115/><W38/><G68/><T111/><D111/><N who="1" m="42507" /><E118/><V28/><F133/><N who="1" m="50697" /><E0/><V108/><F108/><W124/><G75/><T52/><D105/><U3/><E3/><V130/><F130/><W72/><G72/><T103/><D103/><U46/><E46/><V83/><F83/><N who="0" m="31818" /><D78/><U35/><E77/><V34/><F61/><W101/><G79/><T92/><D24/><N who="1" m="18919" /><E86/><V127/><F69/><W41/><G85/><T7/><D94/><U119/><E119/><V44/><F44/><W122/><G116/><T4/><D60/><U16/><E131/><V15/><REACH who="2" step="1"/><F127/><REACH who="2" ten="539,214,77,160" step="2"/><W120/><G126/><T50/><D53/><U30/><E125/><V128/><F128/><W29/><G124/><T129/><D129/><U114/><E114/><V1/><AGARI ba="0,1" hai="1,5,9,15,18,21,27,28,34,45,48,54,89,90" machi="1" ten="20,12000,2" yaku="1,1,0,1,7,1,24,2,52,1,53,0" doraHai="17" doraHaiUra="70" who="2" fromWho="2" sc="539,-30,214,-30,77,130,160,-60" /><INIT seed="4,0,0,0,2,110" ten="509,184,207,100" oya="0" hai0="57,52,98,55,61,129,10,97,92,116,29,41,53" hai1="73,45,82,106,5,130,38,117,42,87,54,30,81" hai2="18,133,101,93,47,28,66,59,19,24,46,3,94" hai3="120,69,111,112,70,50,64,77,26,48,1,125,65"/><T58/><D116/><U131/><E117/><V95/><F3/><W60/><G77/><T51/><D129/><N who="1" m="49163" /><E106/><V104/><F133/><W76/><G76/><T20/><D10/><U79/><E30/><V134/><F134/><W74/><G26/><N who="0" m="16583" /><D41/><U17/><E54/><N who="0" m="21097" /><D92/><U107/><E107/><V25/><F101/><W75/><G111/><T99/><D58/><U68/><E68/><V0/><F104/><W114/><G1/><T115/><D115/><N who="3" m="44073" /><G125/><T2/><D2/><U80/><E17/><N who="2" m="6155" /><F28/><W36/><G120/><T135/><D135/><U6/><E87/><V13/><F13/><W63/><G36/><T121/><D121/><U14/><E14/><V113/><F0/><W105/><G105/><T16/><D16/><U23/><E23/><V8/><F8/><W34/><G34/><T7/><D51/><AGARI ba="0,0" hai="48,50,51,60,63,64,65,69,70,74,75" m="44073" machi="51" ten="30,7700,0" yaku="15,1,52,3" doraHai="110" who="3" fromWho="0" sc="509,-77,184,0,207,0,100,77" /><INIT seed="5,0,0,3,5,111" ten="432,184,207,177" oya="1" hai0="47,27,28,69,78,11,92,54,107,98,40,24,33" hai1="21,112,16,116,64,106,134,102,126,41,132,26,72" hai2="1,89,81,22,71,17,5,74,23,95,29,130,34" hai3="123,0,51,6,62,9,93,103,118,87,30,48,10"/><U88/><E116/><V91/><F71/><W35/><G123/><T37/><D54/><U67/><E126/><V45/><F130/><W94/><G118/><T75/><D92/><U127/><E127/><V83/><F34/><W82/><G35/><T42/><D24/><U39/><E72/><V38/><F29/><W109/><G30/><T131/><D11/><U113/><E41/><V44/><F5/><W12/><G109/><T97/><D131/><U59/><E39/><V119/><F1/><W25/><G25/><T129/><D129/><U85/><E102/><V120/><F119/><W4/><G62/><T15/><D15/><U46/><E106/><V114/><F120/><W115/><G115/><N who="1" m="44106" /><E46/><V43/><F114/><W124/><G124/><T61/><D42/><U96/><E96/><V90/><F74/><W2/><G12/><T80/><D98/><U50/><E50/><V105/><F105/><W20/><G103/><N who="0" m="62959" /><D61/><N who="1" m="37951" /><E67/><V108/><F43/><W66/><G66/><T100/><D100/><U84/><E84/><V56/><F38/><W14/><G51/><T99/><D99/><U36/><E36/><V52/><F108/><W86/><G48/><T57/><D57/><U104/><E104/><V55/><F56/><W76/><REACH who="3" step="1"/><G87/><REACH who="3" ten="432,184,207,167" step="2"/><T60/><D60/><U7/><E7/><V18/><F44/><W3/><G3/><T63/><D63/><U31/><E31/><V101/><F45/><W133/><G133/><T135/><D69/><U58/><E58/><V32/><F32/><W117/><G117/><T110/><D110/><U70/><E70/><V122/><F122/><RYUUKYOKU ba="0,1" sc="432,10,184,10,207,-30,167,10" hai0="27,28,33,37,40,47,75,78,80,135" hai1="16,21,26,85,88,132,134" hai3="0,2,4,6,9,10,14,20,76,82,86,93,94" /><INIT seed="5,1,1,3,1,108" ten="442,194,177,177" oya="1" hai0="117,133,130,119,42,10,55,30,46,34,41,57,6" hai1="83,135,99,3,105,13,25,103,32,36,15,63,67" hai2="107,17,104,38,73,2,47,23,19,20,9,113,82" hai3="24,8,44,122,90,75,106,61,110,72,51,91,39"/><U92/><E135/><V0/><F19/><W29/><G110/><T69/><D130/><U100/><E36/><V77/><F20/><W127/><G122/><T68/><D133/><U35/><E3/><V125/><F125/><W109/><G109/><T40/><D34/><U114/><E35/><V97/><F97/><W71/><G106/><T120/><D30/><N who="1" m="19535" /><E114/><V129/><F129/><W128/><G39/><T1/><D120/><U62/><E62/><V14/><F113/><W132/><G127/><T60/><D68/><N who="1" m="42111" /><E83/><V58/><F58/><W101/><G71/><T85/><D41/><U26/><E26/><V27/><F0/><W87/><G61/><T65/><D85/><U70/><E70/><V4/><REACH who="2" step="1"/><F27/><REACH who="2" ten="442,194,167,177" step="2"/><W80/><G24/><T78/><D42/><AGARI ba="1,2" hai="2,4,9,14,17,23,38,42,47,73,77,82,104,107" machi="42" ten="40,8000,1" yaku="1,1,2,1,25,2,53,0" doraHai="108" doraHaiUra="115" who="2" fromWho="0" sc="442,-83,194,0,167,103,177,0" /><INIT seed="6,0,0,3,1,35" ten="359,194,270,177" oya="2" hai0="8,133,31,118,112,128,6,108,88,54,18,44,127" hai1="80,92,57,50,34,110,49,0,14,122,32,114,46" hai2="134,51,42,52,84,12,94,38,23,107,37,2,77" hai3="90,22,17,70,105,101,83,89,76,78,81,3,29"/><V131/><F107/><W21/><G70/><T5/><D108/><U27/><E110/><V68/><F68/><W100/><G17/><T99/><D112/><U1/><E114/><V95/><F134/><W20/><G29/><T62/><D127/><U132/><E32/><V55/><F131/><W7/><G7/><T126/><D126/><U58/><E132/><V39/><F77/><N who="3" m="29803" /><G3/><T13/><D99/><U19/><E122/><V41/><F23/><N who="3" m="5891" /><W11/><DORA hai="115" /><G11/><T65/><D18/><U25/><E25/><V28/><F12/><W74/><G74/><T16/><D16/><U53/><E27/><V61/><F28/><W103/><G105/><T82/><D8/><U63/><E34/><V97/><F2/><W15/><G15/><T87/><D13/><U45/><E0/><V79/><F37/><W30/><G30/><T93/><D6/><U71/><E1/><V113/><F113/><W116/><G116/><T72/><D118/><U10/><E71/><V40/><F38/><W67/><G67/><T124/><D5/><U120/><E120/><V106/><F106/><W135/><G135/><T104/><D104/><U43/><E63/><V9/><F9/><W117/><G117/><T26/><D133/><U56/><E80/><AGARI ba="0,0" hai="80,81,83,89,90,100,101,103" m="5891,29803" machi="80" ten="40,5200,0" yaku="28,2,8,1" doraHai="35,115" who="3" fromWho="1" sc="359,0,194,-52,270,0,177,52" /><INIT seed="7,0,0,4,1,69" ten="359,142,270,229" oya="3" hai0="128,39,42,74,70,120,121,95,57,105,63,32,68" hai1="114,21,102,85,34,7,92,109,56,1,13,112,67" hai2="36,25,126,2,123,90,124,100,73,134,10,12,98" hai3="113,135,26,60,66,52,88,22,93,81,78,104,64"/><W79/><G104/><T83/><D95/><U86/><E109/><V51/><F73/><W97/><G113/><T72/><D57/><U87/><E34/><V11/><F90/><W61/><G135/><T62/><D128/><U37/><E1/><V47/><F25/><W129/><G129/><T130/><D130/><U127/><E127/><V38/><F10/><W111/><G111/><T77/><D62/><N who="3" m="24169" /><G81/><N who="0" m="45223" /><D32/><U5/><E67/><N who="3" m="25642" /><G52/><T101/><D63/><U50/><E56/><V4/><F2/><W44/><G44/><N who="0" m="23647" /><D101/><U46/><E50/><V65/><F123/><N who="0" m="47178" /><D105/><U131/><E131/><V35/><F35/><W107/><G107/><T8/><D8/><U82/><E114/><V15/><F65/><W31/><AGARI ba="0,0" hai="22,26,31,78,79,88,93,97" m="25642,24169" machi="31" ten="30,3000,0" yaku="8,1,54,1" doraHai="69" who="3" fromWho="3" sc="359,-10,142,-10,270,-10,229,30" /><INIT seed="7,1,0,3,0,103" ten="349,132,260,259" oya="3" hai0="72,61,34,130,131,55,75,13,58,49,134,114,22" hai1="26,29,84,44,133,12,41,79,99,47,107,69,5" hai2="28,89,8,94,60,45,66,68,92,74,14,97,64" hai3="10,88,91,35,65,90,86,113,70,11,21,50,118"/><W102/><G35/><T120/><D114/><U1/><E133/><V27/><F74/><W51/><G118/><T42/><D120/><U36/><E69/><V132/><F132/><W78/><G113/><T39/><D39/><U48/><E1/><V76/><F76/><W122/><G122/><T18/><D134/><U108/><E108/><V80/><F45/><W62/><G102/><T129/><D34/><U127/><E127/><V82/><F94/><W128/><G128/><T110/><REACH who="0" step="1"/><D110/><REACH who="0" ten="339,132,260,259" step="2"/><U106/><E99/><V57/><F68/><W23/><G51/><T6/><D6/><U30/><E30/><V15/><F66/><W105/><G50/><T121/><D121/><U109/><E109/><V16/><REACH who="2" step="1"/><F14/><REACH who="2" ten="339,132,250,259" step="2"/><W111/><G111/><T96/><D96/><U85/><E44/><AGARI ba="1,2" hai="13,18,22,42,44,49,55,58,61,72,75,129,130,131" machi="44" ten="40,5200,0" yaku="1,1,19,1,53,1" doraHai="103" doraHaiUra="46" who="0" fromWho="1" sc="339,75,132,-55,250,0,259,0" owari="414,51.0,77,-42.0,250,-15.0,259,6.0" /></mjloggm>