<mjloggm ver="2.3"><GO type="41" lobby="0"/><UN n0="%E7%84%A1%E7%90%86%E3%81%97%E3%81%AA%E3%81%84" n1="%E2%93%9D%53%75%70%68%78" n2="%E3%81%BE%E3%81%98%E3%81%A7%E3%81%BE%E3%81%98%E3%81%AE%E5%8D%8D" n3="%E3%81%8A%E3%81%95%E3%81%A3%E3%81%A1%E3%82%87" dan="13,17,14,15" rate="1905.88,2102.67,1945.97,2024.44" sx="M,M,M,M"/><TAIKYOKU oya="0"/><INIT seed="0,0,0,0,3,127" ten="250,250,250,250" oya="0" hai0="28,68,121,40,26,41,67,104,62,4,116,52,38" hai1="31,70,64,42,71,57,133,132,34,99,120,33,95" hai2="90,14,61,115,83,69,76,66,36,60,126,59,119" hai3="109,37,125,113,30,105,9,108,3,106,134,91,87"/><T73/><D116/><U8/><E120/><V23/><F126/><W74/><G37/><T103/><D73/><U15/><E42/><V129/><F129/><W102/><G30/><T82/><D121/><U6/><E57/><V117/><F115/><W88/><G9/><T13/><D82/><U24/><E34/><V21/><F36/><W93/><G3/><T97/><D38/><U114/><E114/><V92/><F14/><W0/><G0/><T44/><D13/><U96/><E96/><V50/><F50/><W85/><G113/><T101/><D101/><U122/><E122/><V80/><F80/><N who="3" m="49191" /><G125/><T1/><D4/><U7/><E7/><V55/><F117/><W100/><G74/><T12/><D12/><U123/><E123/><V11/><F11/><W48/><G48/><N who="0" m="28679" /><D1/><U72/><E72/><V16/><F119/><W77/><G77/><T107/><D107/><N who="3" m="40969" /><G134/><N who="1" m="51818" /><E64/><V27/><F23/><W124/><G124/><T47/><D47/><U135/><N who="1" m="51826" /><U18/><DORA hai="29" /><E6/><V19/><F83/><W112/><G112/><T53/><D53/><U86/><E86/><V75/><F75/><W32/><G32/><AGARI ba="0,0" hai="26,28,32,40,41,62,67,68,97,103,104" m="28679" machi="32" ten="30,5800,0" yaku="25,1,52,1,54,1" doraHai="127,29" who="0" fromWho="3" sc="250,58,250,0,250,0,250,-58" /><INIT seed="0,1,0,4,0,22" ten="308,250,250,192" oya="0" hai0="42,98,14,46,19,118,87,97,83,28,100,69,51" hai1="2,96,25,79,103,55,94,134,81,131,41,73,75" hai2="92,40,125,84,26,111,128,67,61,57,82,9,39" hai3="122,30,107,16,89,119,116,105,60,104,65,58,135"/><T91/><D69/><U72/><E2/><V36/><F111/><W11/><G30/><T68/><D68/><U38/><E131/><V88/><F128/><W34/><G34/><T4/><D118/><U44/><E134/><V49/><F125/><W124/><G135/><T71/><D71/><U29/><REACH who="1" step="1"/><E55/><REACH who="1" ten="308,240,250,192" step="2"/><V43/><F36/><W115/><G124/><T86/><D4/><U27/><E27/><V56/><F39/><W106/><G122/><T95/><D100/><U101/><E101/><V50/><F9/><W48/><G115/><T76/><REACH who="0" step="1"/><D28/><REACH who="0" ten="298,240,250,192" step="2"/><U8/><E8/><AGARI ba="1,2" hai="8,14,19,42,46,51,76,83,86,87,91,95,97,98" machi="8" ten="30,12000,1" yaku="1,1,2,1,7,1,8,1,53,1" doraHai="22" doraHaiUra="10" who="0" fromWho="1" sc="298,143,240,-123,250,0,192,0" /><INIT seed="0,2,0,5,5,46" ten="441,117,250,192" oya="0" hai0="108,68,62,70,3,81,24,79,77,36,110,101,15" hai1="126,28,26,42,135,106,109,35,124,37,129,132,94" hai2="97,45,48,6,8,20,82,100,22,61,71,89,31" hai3="56,99,78,107,7,96,84,32,117,74,134,59,47"/><T13/><D3/><U113/><E94/><V85/><F71/><W67/><G32/><T39/><D101/><U72/><E72/><V95/><F61/><W69/><G117/><T90/><D24/><U23/><E106/><V125/><F31/><W131/><G74/><T5/><D90/><U21/><E42/><V115/><F125/><N who="1" m="48233" /><E37/><V33/><F33/><W55/><G134/><N who="1" m="51242" /><E109/><V66/><F66/><W98/><G131/><T14/><D5/><U123/><E123/><V49/><F115/><W112/><G107/><T92/><D92/><U17/><E113/><V103/><F103/><W9/><G112/><T10/><D10/><U65/><E65/><V91/><F100/><W16/><G69/><N who="0" m="26731" /><D62/><U19/><E129/><V102/><F102/><W133/><G133/><T80/><D39/><U27/><E35/><V11/><F11/><W128/><G128/><T116/><D36/><U25/><E28/><V53/><F48/><W40/><G67/><T58/><D116/><U73/><E73/><V41/><REACH who="2" step="1"/><F53/><REACH who="2" ten="441,117,240,192" step="2"/><W4/><G55/><T29/><D29/><U63/><E63/><V87/><F87/><W111/><G111/><T119/><D110/><U34/><E34/><V88/><F88/><W0/><G84/><T12/><D108/><U2/><E2/><AGARI ba="2,1" hai="2,6,8,20,22,41,45,49,82,85,89,91,95,97" machi="2" ten="30,3900,0" yaku="1,1,7,1,52,1,53,0" doraHai="46" doraHaiUra="105" who="2" fromWho="1" sc="441,0,117,-45,240,55,192,0" /><INIT seed="1,0,0,3,2,102" ten="441,72,295,192" oya="1" hai0="24,116,11,95,72,10,68,70,135,65,103,69,45" hai1="47,60,83,17,122,7,59,61,28,27,15,108,87" hai2="18,133,16,63,78,113,0,93,6,117,55,123,35" hai3="41,58,56,8,33,1,53,3,39,19,115,42,32"/><U34/><E122/><V5/><F117/><W118/><G115/><T111/><D116/><U90/><E108/><V131/><F113/><W107/><G118/><T105/><D72/><U48/><E7/><V121/><F78/><W104/><G39/><T110/><D65/><U20/><REACH who="1" step="1"/><E59/><REACH who="1" ten="441,62,295,192" step="2"/><V30/><F121/><W62/><G56/><T51/><D70/><U23/><E23/><V52/><F123/><W13/><G33/><T96/><D68/><U44/><E44/><V64/><F35/><W31/><G1/><T84/><D45/><U94/><E94/><V129/><F0/><W40/><REACH who="3" step="1"/><G3/><REACH who="3" ten="441,62,295,182" step="2"/><T12/><D69/><U91/><E91/><V128/><F129/><W36/><G36/><T74/><D111/><U112/><E112/><V99/><F128/><W67/><G67/><T54/><D110/><U75/><E75/><V88/><F131/><W29/><G29/><T66/><D66/><U97/><E97/><V50/><F30/><W120/><G120/><T71/><D96/><U119/><E119/><V125/><F64/><W37/><G37/><T124/><D71/><U25/><E25/><AGARI ba="0,2" hai="8,13,19,25,31,32,40,41,42,53,58,62,104,107" machi="25" ten="40,5200,0" yaku="1,1,52,2,53,0" doraHai="102" doraHaiUra="106" who="3" fromWho="1" sc="441,0,62,-52,295,0,182,72" /><INIT seed="2,0,0,4,4,124" ten="441,10,295,254" oya="2" hai0="131,6,2,90,4,5,17,46,110,37,118,100,78" hai1="63,9,21,117,36,82,121,23,88,26,85,93,113" hai2="50,29,10,73,64,97,68,94,135,81,60,76,102" hai3="79,80,99,54,92,116,52,75,125,87,120,34,32"/><V57/><F135/><W133/><G116/><T70/><D118/><U24/><E117/><V66/><F10/><W132/><G120/><T39/><D2/><U8/><E113/><V53/><F29/><W35/><G75/><T101/><D70/><U108/><E36/><V115/><F66/><W123/><G123/><T38/><D78/><U95/><E108/><V84/><F115/><W49/><G125/><T77/><D77/><U11/><E121/><V22/><F22/><W58/><REACH who="3" step="1"/><G54/><REACH who="3" ten="441,10,295,244" step="2"/><T105/><D110/><U119/><E119/><V62/><REACH who="2" step="1"/><F60/><REACH who="2" ten="441,10,285,244" step="2"/><W127/><G127/><T7/><D7/><U96/><E63/><V28/><F28/><W14/><G14/><T130/><D6/><U109/><E109/><V89/><F89/><AGARI ba="0,2" hai="32,34,35,49,52,58,79,80,87,89,92,99,132,133" machi="89" ten="40,2600,0" yaku="1,1,54,1,53,0" doraHai="124" doraHaiUra="106" who="3" fromWho="2" sc="441,0,10,0,285,-26,244,46" /><INIT seed="3,0,0,5,4,28" ten="441,10,259,290" oya="3" hai0="65,78,135,0,9,71,126,82,95,99,36,85,86" hai1="119,61,92,91,105,7,128,76,57,106,69,122,27" hai2="12,4,70,73,88,19,16,13,89,109,127,52,64" hai3="56,79,6,113,14,90,103,41,130,108,48,66,53"/><W38/><G113/><T75/><D126/><U125/><E69/><V29/><F73/><W26/><G130/><T124/><D124/><U11/><E125/><V54/><F127/><W104/><G79/><T129/><D129/><U44/><E128/><V134/><F109/><W102/><G104/><T83/><D135/><U80/><E122/><V51/><F134/><W47/><G108/><T114/><D83/><U25/><E119/><V55/><F64/><W59/><G90/><N who="2" m="34921" /><F70/><W110/><G110/><T84/><D65/><U115/><E105/><V63/><F29/><W116/><G26/><T68/><D36/><U132/><E106/><V118/><F63/><W97/><G116/><T23/><D75/><U72/><E115/><V74/><F4/><W24/><G24/><T1/><D78/><U131/><E131/><V94/><F94/><W77/><G77/><T20/><D82/><U46/><E27/><V17/><F74/><W31/><G31/><T15/><D95/><U30/><E132/><V100/><F100/><W35/><G35/><T123/><D123/><U45/><E92/><V43/><F118/><W8/><G97/><T58/><D71/><U93/><E93/><V117/><F117/><W60/><AGARI ba="0,0" hai="6,8,14,38,41,47,48,53,56,59,60,66,102,103" machi="60" ten="30,1500,0" yaku="0,1" doraHai="28" who="3" fromWho="3" sc="441,-5,10,-5,259,-5,290,15" /><INIT seed="3,1,0,5,5,109" ten="436,5,254,305" oya="3" hai0="129,81,26,93,55,39,35,105,3,110,98,101,76" hai1="11,34,4,92,59,124,10,21,126,72,30,46,70" hai2="64,24,42,114,50,9,84,74,131,52,44,25,14" hai3="135,27,16,134,1,90,121,57,82,41,120,123,2"/><W85/><G41/><T69/><D3/><U20/><E70/><V49/><F131/><W40/><G40/><T79/><D110/><U23/><E59/><V19/><F74/><W60/><G57/><T112/><D39/><U122/><E92/><V115/><F64/><W103/><G103/><T33/><D33/><U43/><E72/><V6/><F25/><W113/><G60/><T100/><D100/><U102/><E102/><V7/><F7/><W38/><G38/><T54/><D79/><U37/><E122/><V86/><F86/><W65/><G65/><T36/><D93/><U51/><E37/><V132/><F132/><N who="3" m="50731" /><G113/><T75/><D112/><U28/><E34/><V128/><F128/><W56/><G56/><T73/><D75/><U5/><E51/><V127/><F127/><N who="1" m="48681" /><E46/><V91/><F24/><W107/><G107/><T77/><D129/><U0/><E43/><V45/><F6/><N who="1" m="2665" /><E0/><V94/><AGARI ba="1,0" hai="9,14,19,42,44,45,49,50,52,84,91,94,114,115" machi="94" ten="20,8000,1" yaku="0,1,7,1,52,2,54,1" doraHai="109" who="2" fromWho="2" sc="436,-21,5,-21,254,83,305,-41" owari="415,52.0,-16,-52.0,337,14.0,264,-14.0" /></mjloggm>