<mjloggm ver="2.3"><GO type="41" lobby="0"/><UN n0="%6E%6F%62%75%73%61%74%6F" n1="%E3%81%94%E3%82%80%E3%81%87%E3%82%93" n2="%E5%8F%8C%E6%9C%88" n3="%E2%93%9D%53%75%70%68%78" dan="15,14,15,17" rate="1955.95,1953.93,2104.02,2054.48" sx="M,M,F,M"/><TAIKYOKU oya="0"/><INIT seed="0,0,0,5,1,28" ten="250,250,250,250" oya="0" hai0="5,93,71,121,77,111,24,8,59,92,25,7,31" hai1="35,95,74,87,90,81,22,80,123,62,51,55,66" hai2="70,104,26,109,119,18,127,67,89,133,39,57,54" hai3="131,64,108,38,34,129,73,44,116,128,88,42,20"/><T101/><D121/><U12/><E123/><V110/><F39/><W118/><G73/><T29/><D71/><U4/><E74/><V94/><F104/><W91/><G108/><N who="2" m="41577" /><F119/><N who="3" m="45611" /><G20/><T58/><D111/><U83/><E35/><V117/><F117/><W105/><G105/><T41/><D8/><U134/><E134/><V48/><F133/><W17/><G17/><T78/><D41/><U52/><E51/><V99/><F127/><W50/><G64/><T69/><D69/><U49/><E49/><V102/><F18/><W21/><G21/><T98/><D98/><U125/><E22/><V15/><F15/><W103/><G103/><AGARI ba="0,0" hai="5,7,24,25,29,31,58,59,77,78,92,93,101,103" machi="103" ten="25,4800,0" yaku="22,2,8,1" doraHai="28" who="0" fromWho="3" sc="250,48,250,0,250,0,250,-48" /><INIT seed="0,1,0,4,5,106" ten="298,250,250,202" oya="0" hai0="19,70,88,51,64,69,38,5,133,11,41,103,0" hai1="132,63,60,48,124,55,4,34,31,50,89,77,36" hai2="44,92,78,22,79,14,74,66,26,131,61,127,72" hai3="68,123,134,112,100,107,46,121,85,16,99,119,29"/><T8/><D133/><U87/><E36/><V111/><F111/><W75/><G29/><T126/><D126/><U113/><E77/><V30/><F127/><W71/><G112/><T67/><D103/><U117/><E132/><V128/><F44/><W105/><G134/><T118/><D38/><U84/><E117/><V45/><F45/><W58/><G58/><T56/><D41/><U7/><E113/><V27/><F92/><W82/><G46/><T96/><D67/><U93/><E34/><V62/><F14/><W59/><G59/><T116/><D70/><U95/><E31/><V43/><F43/><W24/><G107/><T1/><D69/><U52/><E124/><V20/><REACH who="2" step="1"/><F30/><REACH who="2" ten="298,250,240,202" step="2"/><W83/><G105/><T98/><D118/><U57/><E57/><V15/><F15/><W129/><G119/><T10/><D116/><U97/><E97/><V120/><F120/><W80/><G71/><T2/><D64/><AGARI ba="1,1" hai="20,22,26,27,61,62,64,66,72,74,78,79,128,131" machi="64" ten="25,8000,1" yaku="1,1,22,2,52,2,53,0" doraHai="106" doraHaiUra="114" who="2" fromWho="0" sc="298,-83,250,0,240,93,202,0" /><INIT seed="1,0,0,4,4,96" ten="215,250,333,202" oya="1" hai0="98,58,87,82,27,29,125,119,102,135,30,133,55" hai1="69,5,109,28,80,62,106,88,72,9,101,115,67" hai2="3,107,35,21,10,111,129,132,38,86,26,47,12" hai3="118,7,77,76,0,90,134,100,122,128,89,127,1"/><U53/><E115/><V104/><F132/><N who="0" m="50762" /><D125/><U57/><E28/><N who="2" m="19863" /><F111/><W11/><G134/><T83/><D119/><U113/><E109/><V70/><F129/><W116/><G128/><T24/><D82/><U120/><E120/><V64/><F86/><W114/><G114/><T75/><D75/><U44/><E44/><V54/><F54/><W59/><G127/><T99/><D99/><U20/><E20/><V23/><F23/><W95/><G122/><T45/><D45/><U131/><E131/><V34/><F34/><W65/><G118/><T41/><D41/><U105/><E113/><V97/><F21/><W43/><G43/><T61/><D30/><U108/><E72/><V25/><F47/><W8/><G116/><T79/><D29/><U42/><E42/><V121/><F121/><W4/><G77/><T37/><D37/><U19/><E19/><V94/><F38/><W52/><G76/><T51/><D61/><U74/><E74/><V126/><F126/><W84/><G90/><T124/><D124/><U123/><E123/><V91/><F3/><W31/><G31/><T50/><D50/><U6/><E88/><V93/><F91/><W66/><REACH who="3" step="1"/><G100/><REACH who="3" ten="215,250,333,192" step="2"/><T18/><D18/><U73/><E108/><V48/><F25/><W71/><G71/><T2/><D2/><U56/><E69/><V36/><F70/><W39/><G39/><T130/><D130/><U85/><E101/><V63/><F36/><W117/><G117/><T15/><D15/><U14/><E14/><V112/><F12/><W40/><G40/><T68/><D68/><U46/><E46/><RYUUKYOKU ba="0,1" sc="215,15,250,-15,333,-15,192,15" hai0="24,27,51,55,58,79,83,87,98,102" hai3="0,1,4,7,8,11,52,59,65,66,84,89,95" /><INIT seed="2,1,1,1,0,83" ten="230,235,318,207" oya="2" hai0="1,37,25,67,77,109,103,26,129,68,44,115,134" hai1="99,88,8,50,7,56,45,39,57,0,17,112,101" hai2="65,121,108,36,82,11,87,85,32,22,98,19,13" hai3="95,66,70,38,116,90,80,43,53,125,105,124,133"/><V21/><F121/><W110/><G116/><T47/><D103/><U106/><E39/><V107/><F36/><W78/><G53/><T71/><D77/><U42/><E112/><V118/><F118/><W69/><G105/><T81/><D81/><U30/><E30/><V128/><F32/><W6/><G6/><T15/><D15/><U9/><E9/><V48/><F128/><W54/><G54/><T123/><D1/><U75/><E75/><V5/><F108/><W127/><G66/><T61/><D115/><U120/><E120/><V62/><F107/><W64/><G64/><T4/><D4/><U111/><E17/><V27/><F82/><W119/><G133/><T97/><D97/><U63/><E63/><V86/><F98/><N who="3" m="57719" /><G110/><T51/><D109/><U117/><E111/><V34/><F48/><W96/><G96/><T40/><D134/><U76/><E76/><V84/><N who="2" m="21504" /><DORA hai="104" /><V12/><F34/><W74/><G119/><T58/><D123/><U91/><REACH who="1" step="1"/><E117/><REACH who="1" ten="230,225,318,207" step="2"/><V20/><REACH who="2" step="1"/><F12/><REACH who="2" ten="230,225,308,207" step="2"/><W2/><G2/><T100/><D37/><U93/><E93/><V18/><F18/><W28/><G28/><T49/><D129/><U29/><E29/><V16/><F16/><W35/><G35/><T130/><D130/><U31/><E31/><V73/><F73/><W33/><G33/><T41/><D100/><U131/><E131/><V60/><F60/><W89/><G38/><T113/><D113/><U3/><E3/><V92/><F92/><W55/><G74/><T72/><D72/><U46/><E46/><V122/><F122/><W14/><G14/><RYUUKYOKU ba="1,3" sc="230,10,225,10,308,10,207,-30" hai0="25,26,40,41,44,47,49,51,58,61,67,68,71" hai1="0,7,8,42,45,50,56,57,88,91,99,101,106" hai2="5,11,13,19,20,21,22,27,62,65" /><INIT seed="2,2,3,1,5,135" ten="240,235,318,177" oya="2" hai0="22,77,35,89,59,10,34,101,32,45,47,71,126" hai1="26,62,65,102,90,91,51,103,122,27,111,72,84" hai2="15,11,68,86,30,23,106,44,55,118,41,24,53" hai3="75,50,105,97,98,121,0,56,61,109,94,131,33"/><V54/><F118/><W99/><G121/><T67/><D126/><U88/><E72/><V87/><F68/><W14/><G0/><T18/><D71/><U70/><E111/><V60/><F106/><W16/><G33/><T31/><D101/><U123/><E84/><V5/><REACH who="2" step="1"/><F60/><REACH who="2" ten="240,235,308,177" step="2"/><W115/><G105/><T66/><D35/><U48/><E123/><V128/><F128/><W107/><G107/><T112/><D34/><U17/><E122/><V114/><F114/><W58/><G131/><T95/><D32/><U36/><E36/><AGARI ba="2,4" hai="5,11,15,23,24,30,36,41,44,53,54,55,86,87" machi="36" ten="40,3900,0" yaku="1,1,53,1" doraHai="135" doraHaiUra="4" who="2" fromWho="1" sc="240,0,235,-45,308,85,177,0" /><INIT seed="2,3,0,3,5,23" ten="240,190,393,177" oya="2" hai0="94,129,96,35,41,81,83,18,90,26,9,74,101" hai1="71,103,33,3,79,28,76,115,37,91,59,77,112" hai2="30,48,132,54,53,1,27,85,134,126,15,21,6" hai3="120,116,2,5,39,20,31,105,56,24,121,133,44"/><V124/><F1/><W122/><G105/><T70/><D70/><U34/><E3/><V92/><F6/><W108/><G56/><T97/><D129/><U86/><E71/><V84/><F15/><W55/><G55/><N who="2" m="21001" /><F48/><W88/><G116/><T98/><D41/><U12/><E59/><V100/><F100/><W13/><G133/><N who="2" m="51305" /><F92/><W135/><G135/><T16/><D74/><U19/><E37/><V46/><F46/><W80/><G2/><T75/><D75/><U47/><E103/><V42/><F42/><W40/><G5/><T57/><D57/><U93/><E47/><V62/><F62/><W127/><G13/><T123/><D123/><U68/><E68/><V102/><F102/><W52/><G122/><T111/><D9/><U49/><E49/><V95/><F95/><W99/><G121/><T10/><D10/><U32/><REACH who="1" step="1"/><E28/><REACH who="1" ten="240,180,393,177" step="2"/><V36/><F36/><W0/><G120/><T7/><D101/><U25/><E25/><V50/><F50/><W87/><G0/><T67/><D26/><U65/><E65/><V38/><F38/><W130/><G39/><T22/><D67/><U125/><E125/><AGARI ba="3,1" hai="21,27,30,84,85,124,125,126" m="51305,21001" machi="125" ten="30,5800,0" yaku="18,1,20,1,52,1" doraHai="23" who="2" fromWho="1" sc="240,0,180,-67,393,77,177,0" /><INIT seed="2,4,0,0,3,104" ten="240,113,470,177" oya="2" hai0="124,122,116,72,68,76,27,103,78,73,48,32,82" hai1="95,114,108,37,26,97,10,92,89,31,4,111,50" hai2="58,117,101,123,5,79,132,93,131,74,112,36,69" hai3="1,16,130,84,12,102,65,63,66,118,24,86,38"/><V47/><F112/><W2/><G38/><T77/><D122/><U7/><E37/><V98/><F123/><W75/><G118/><T96/><D68/><U53/><E114/><V62/><F117/><W49/><G24/><T11/><D116/><U44/><E95/><V8/><F69/><W106/><G49/><T52/><D11/><U20/><REACH who="1" step="1"/><E4/><REACH who="1" ten="240,103,470,177" step="2"/><V129/><F36/><W55/><G106/><T29/><D124/><U110/><E110/><V100/><F5/><W85/><G2/><AGARI ba="4,1" hai="2,7,10,20,26,31,44,50,53,89,92,97,108,111" machi="2" ten="40,1300,0" yaku="1,1,53,0" doraHai="104" doraHaiUra="115" who="1" fromWho="3" sc="240,0,103,35,470,0,177,-25" /><INIT seed="3,0,0,2,3,104" ten="240,138,470,152" oya="3" hai0="116,34,6,32,26,132,56,49,59,68,120,109,37" hai1="127,36,78,134,43,133,30,27,51,2,12,21,103" hai2="14,83,24,135,11,46,86,57,10,4,66,82,3" hai3="84,13,62,25,112,92,60,31,108,63,80,88,5"/><W69/><G112/><T117/><D68/><U96/><E36/><V41/><F135/><N who="1" m="51721" /><E2/><V7/><F24/><W71/><G108/><T93/><D120/><U1/><E1/><V50/><F66/><W20/><REACH who="3" step="1"/><G92/><REACH who="3" ten="240,138,470,142" step="2"/><T95/><D109/><U99/><E127/><V123/><F123/><W106/><G106/><T102/><D132/><U8/><E103/><V111/><F111/><W98/><G98/><T58/><D102/><U0/><E0/><V91/><F3/><W15/><G15/><T89/><D95/><U73/><E12/><V48/><F14/><W81/><G81/><T28/><D93/><U119/><E119/><V131/><F82/><W22/><G22/><T40/><D117/><U118/><E118/><V29/><F83/><W39/><G39/><T44/><D116/><U101/><E101/><V67/><F10/><AGARI ba="0,1" hai="5,10,13,20,25,31,60,62,63,69,71,80,84,88" machi="10" ten="40,3900,0" yaku="1,1,54,1,53,0" doraHai="104" doraHaiUra="54" who="3" fromWho="2" sc="240,0,138,0,470,-39,142,49" /><INIT seed="3,1,0,0,2,20" ten="240,138,431,191" oya="3" hai0="59,54,111,94,42,16,2,122,8,55,11,5,57" hai1="34,123,14,103,58,119,128,124,52,3,41,130,33" hai2="56,90,13,96,53,28,36,75,68,105,65,125,89" hai3="61,114,120,7,99,86,135,83,93,17,15,60,76"/><W98/><G114/><T117/><D111/><U70/><E3/><V88/><F75/><W80/><G120/><T118/><D122/><U102/><E70/><V32/><F36/><W101/><G135/><T107/><D107/><U78/><E123/><V116/><F116/><W133/><G133/><T29/><D42/><U64/><E64/><V30/><F125/><W50/><G7/><T82/><D82/><U129/><E78/><V37/><F37/><W0/><G0/><T35/><D94/><U4/><E41/><V38/><F38/><W104/><G50/><T134/><D134/><U23/><E119/><V51/><F32/><N who="1" m="12393" /><E4/><V22/><F68/><W112/><G83/><T44/><D44/><U49/><E124/><V62/><F105/><W113/><G113/><T106/><D106/><U63/><E63/><V92/><F65/><W91/><REACH who="3" step="1"/><G112/><REACH who="3" ten="240,138,431,181" step="2"/><T115/><D115/><U95/><E95/><V6/><F51/><W127/><G127/><T27/><D118/><U71/><E71/><V109/><F6/><W1/><G1/><T25/><D117/><U10/><E130/><V9/><F92/><W67/><G67/><T40/><D2/><U19/><E129/><V79/><F62/><W18/><G18/><T48/><D5/><U74/><E128/><V84/><F28/><W110/><G110/><T26/><D29/><U108/><E108/><V39/><F30/><W47/><G47/><N who="0" m="25703" /><D35/><U24/><E74/><V126/><F109/><W121/><G121/><T131/><D131/><U66/><E66/><V45/><F126/><W81/><G81/><T12/><D16/><RYUUKYOKU ba="1,1" sc="240,-15,138,15,431,-15,181,15" hai1="10,14,19,23,24,49,52,58,102,103" hai3="15,17,60,61,76,80,86,91,93,98,99,101,104" /><INIT seed="3,2,1,1,0,111" ten="225,153,416,196" oya="3" hai0="11,123,88,114,95,121,125,57,79,78,63,20,61" hai1="42,5,21,103,85,4,102,96,109,77,56,19,131" hai2="60,12,118,49,128,73,84,52,29,105,100,113,124" hai3="23,62,2,48,37,24,66,81,112,71,110,134,91"/><W26/><G37/><T98/><D125/><U83/><E109/><V75/><F118/><W117/><G110/><T69/><D69/><U130/><E103/><V94/><F124/><W115/><G117/><T41/><D41/><U31/><E31/><V36/><F36/><W40/><G2/><T80/><D78/><U65/><E42/><V67/><F113/><W58/><G26/><T7/><D63/><U54/><E65/><V15/><F105/><W55/><G134/><T99/><D99/><U39/><E39/><V47/><F128/><W127/><G127/><T50/><D114/><U92/><E131/><V32/><F32/><W106/><G106/><T74/><D20/><U72/><E72/><V90/><F29/><W107/><G107/><T51/><D51/><U18/><E18/><V27/><F27/><W120/><G120/><T46/><D50/><U8/><E8/><V135/><F135/><W3/><G3/><T82/><D82/><U1/><E1/><V129/><F100/><W68/><G68/><T10/><D46/><U34/><E34/><V13/><REACH who="2" step="1"/><F129/><REACH who="2" ten="225,153,406,196" step="2"/><W101/><G101/><T53/><REACH who="0" step="1"/><D11/><REACH who="0" ten="215,153,406,196" step="2"/><U43/><E130/><V0/><F0/><AGARI ba="2,3" hai="0,7,10,53,57,61,74,79,80,88,95,98,121,123" machi="0" ten="30,7700,0" yaku="1,1,2,1,7,1,54,1,53,0" doraHai="111" doraHaiUra="45" who="0" fromWho="2" sc="215,113,153,0,406,-83,196,0" /><INIT seed="4,0,0,3,0,30" ten="328,153,323,196" oya="0" hai0="73,105,17,121,93,99,18,129,62,12,111,80,95" hai1="25,68,96,75,117,40,9,98,24,36,126,88,134" hai2="42,8,34,122,50,16,107,102,104,100,103,47,132" hai3="6,33,1,5,69,31,64,56,61,51,28,77,87"/><T90/><D121/><U115/><E68/><V63/><F122/><W32/><G31/><T3/><D3/><U27/><E75/><V89/><F132/><W35/><G28/><T76/><D129/><U106/><E117/><V2/><F34/><W81/><REACH who="3" step="1"/><G1/><REACH who="3" ten="328,153,323,186" step="2"/><T43/><D111/><U57/><E134/><V22/><F2/><W0/><G0/><T101/><D43/><U26/><E40/><V123/><F42/><W74/><G74/><T83/><D18/><U125/><E36/><V59/><F16/><W118/><G118/><T45/><D17/><U46/><E126/><V131/><F123/><W39/><G39/><T82/><D12/><U53/><E125/><V52/><F131/><W108/><G108/><T20/><D20/><U94/><E9/><V21/><F21/><W55/><AGARI ba="0,1" hai="5,6,32,33,35,51,55,56,61,64,69,77,81,87" machi="55" ten="40,8000,1" yaku="1,1,0,1,52,3,53,0" doraHai="30" doraHaiUra="70" who="3" fromWho="3" sc="328,-40,153,-20,323,-20,186,90" /><INIT seed="5,0,0,1,0,4" ten="288,133,303,276" oya="1" hai0="102,56,119,72,58,60,96,77,78,32,13,46,121" hai1="98,16,62,84,49,120,29,31,81,80,27,45,118" hai2="57,63,108,26,112,12,14,34,36,100,54,70,85" hai3="59,51,15,17,103,76,109,55,10,89,93,128,7"/><U40/><E118/><V116/><F116/><W115/><G128/><T101/><D119/><U19/><E120/><V50/><F108/><W33/><G109/><T69/><D32/><U67/><E98/><V88/><F100/><W90/><G33/><T117/><D102/><U131/><E131/><V110/><F110/><W53/><G115/><T21/><D121/><U132/><E80/><V28/><F36/><W113/><G113/><T86/><D86/><U133/><E133/><V5/><F112/><W8/><G76/><T73/><D58/><U25/><E25/><V65/><REACH who="2" step="1"/><F5/><REACH who="2" ten="288,133,293,276" step="2"/><W127/><G127/><T87/><D117/><U61/><E132/><V68/><F68/><W111/><G111/><T130/><D101/><U71/><E62/><V91/><F91/><W43/><G103/><T39/><D60/><U22/><E31/><V2/><F2/><W30/><G90/><AGARI ba="0,1" hai="16,19,22,27,29,40,45,49,61,67,71,81,84,90" machi="90" ten="30,2900,0" yaku="7,1,54,1" doraHai="4" who="1" fromWho="3" sc="288,0,133,39,293,0,276,-29" /><INIT seed="5,1,0,1,1,84" ten="288,172,293,247" oya="1" hai0="7,37,2,13,41,20,65,64,116,47,68,100,77" hai1="51,23,29,69,21,83,67,135,78,104,6,5,108" hai2="74,25,109,53,46,10,30,93,105,79,88,130,134" hai3="0,133,85,86,123,106,3,49,119,14,89,95,91"/><U42/><E104/><V22/><F105/><W4/><G123/><T120/><D116/><U129/><E108/><V122/><F109/><W48/><G106/><T75/><D100/><U63/><E135/><V82/><F134/><W80/><G133/><T96/><D96/><U24/><E23/><V107/><F107/><W113/><G119/><T115/><D115/><U16/><E29/><V131/><F122/><W118/><G118/><T126/><D13/><U11/><E129/><N who="2" m="49163" /><F10/><N who="3" m="4423" /><G3/><T34/><D20/><U36/><E36/><V121/><F121/><W117/><G0/><T33/><D126/><U17/><E17/><V97/><F46/><W70/><G70/><T114/><D65/><U98/><E11/><V60/><F60/><W72/><G72/><T101/><D101/><U45/><REACH who="1" step="1"/><E98/><REACH who="1" ten="288,162,293,247" step="2"/><V94/><F22/><W59/><G117/><T61/><D120/><U50/><E50/><V132/><F132/><W55/><G113/><T111/><D114/><U19/><E19/><V125/><F30/><W40/><G49/><T128/><D128/><U81/><E81/><V90/><F125/><W9/><G9/><N who="0" m="2295" /><D111/><U92/><E92/><V18/><F18/><W8/><G8/><T35/><D35/><U52/><E52/><V62/><F25/><W26/><G26/><T102/><D34/><U54/><E54/><V43/><F43/><AGARI ba="1,1" hai="40,43,48,55,59,80,85,86,89,91,95" m="4423" machi="43" ten="30,3900,0" yaku="8,1,52,2" doraHai="84" who="3" fromWho="2" sc="288,0,162,0,293,-42,247,52" /><INIT seed="6,0,0,0,0,108" ten="288,162,251,299" oya="2" hai0="31,101,68,11,79,20,9,30,32,13,45,69,51" hai1="76,103,84,90,97,105,82,47,71,6,23,117,36" hai2="110,70,73,134,127,25,27,95,66,35,12,123,37" hai3="29,118,33,17,129,39,99,19,131,91,18,41,60"/><V7/><F123/><W122/><G118/><T77/><D32/><U64/><E117/><V58/><F110/><W102/><G122/><T48/><D101/><U75/><E6/><V126/><F37/><W81/><G60/><T124/><D20/><U83/><E64/><V96/><F70/><W92/><G41/><T54/><D13/><U87/><E71/><V94/><F73/><W34/><G39/><T104/><D45/><U116/><E116/><V56/><F66/><W106/><G81/><T130/><D54/><U125/><E23/><V26/><F35/><W107/><G34/><T0/><D104/><U14/><E14/><V3/><F12/><W112/><G112/><T80/><D80/><U52/><E36/><V109/><F134/><W44/><G44/><T135/><D130/><N who="3" m="49673" /><G102/><T74/><D124/><N who="2" m="47658" /><F96/><W8/><G8/><T89/><D89/><U128/><E125/><V85/><F85/><W88/><G91/><T93/><D93/><N who="2" m="35338" /><F109/><W86/><G99/><T43/><D74/><U67/><E67/><V78/><F78/><W133/><G133/><T38/><D38/><U132/><E128/><V98/><F98/><W72/><G72/><T10/><D135/><U65/><E65/><V42/><F42/><W28/><G33/><T119/><D43/><U49/><E132/><V62/><F62/><W15/><G15/><T115/><D119/><U114/><E75/><V121/><F121/><W100/><G100/><T24/><D0/><U61/><E61/><V59/><F3/><W22/><G22/><T50/><D69/><U55/><E114/><V40/><F40/><AGARI ba="0,0" hai="40,47,49,52,55,76,82,83,84,87,90,97,103,105" machi="40" ten="30,3900,0" yaku="6,1,7,1,54,1" doraHai="108" who="1" fromWho="2" sc="288,0,162,39,251,-39,299,0" /><INIT seed="7,0,0,3,0,43" ten="288,201,212,299" oya="3" hai0="69,17,72,70,84,11,118,90,53,33,95,93,96" hai1="6,130,15,113,114,20,49,13,128,32,40,135,30" hai2="87,112,129,38,102,71,99,101,50,25,100,0,26" hai3="10,77,125,59,115,78,86,85,134,52,36,75,122"/><W89/><G122/><T105/><D118/><U19/><E49/><V12/><F0/><W79/><G36/><T126/><D72/><U121/><E40/><V37/><F71/><W45/><G75/><T31/><D126/><U5/><E121/><V109/><F109/><W117/><G115/><N who="1" m="44042" /><E15/><V111/><F112/><W2/><G134/><T104/><D31/><U35/><E30/><V98/><F111/><W3/><G125/><T81/><D33/><N who="1" m="12875" /><E135/><V76/><F37/><W7/><G3/><T29/><D29/><U4/><AGARI ba="0,0" hai="4,5,6,13,19,20,128,130" m="12875,44042" machi="4" ten="40,5200,0" yaku="15,1,34,2" doraHai="43" who="1" fromWho="1" sc="288,-13,201,52,212,-13,299,-26" /><INIT seed="8,0,0,3,1,100" ten="275,253,199,273" oya="0" hai0="91,27,114,73,126,111,69,113,62,93,2,78,47" hai1="75,45,67,135,14,25,94,89,34,40,1,74,130" hai2="57,105,5,49,106,85,134,8,10,35,81,122,88" hai3="46,11,43,117,63,15,83,129,90,59,17,119,131"/><T104/><D2/><U72/><E1/><V19/><F122/><W98/><G83/><N who="0" m="45519" /><D126/><U65/><E135/><V112/><F112/><N who="0" m="43114" /><D111/><U39/><E130/><N who="3" m="49674" /><G90/><T97/><D47/><U0/><E14/><V53/><F134/><W116/><G98/><T33/><D27/><U101/><E101/><V7/><F35/><W64/><G119/><T29/><D29/><U44/><E44/><V23/><F8/><W42/><G42/><T121/><D33/><U127/><E0/><V56/><F56/><W28/><G28/><T124/><D124/><U86/><REACH who="1" step="1"/><E127/><REACH who="1" ten="275,243,199,273" step="2"/><V12/><F5/><W37/><AGARI ba="0,1" hai="11,15,17,37,43,46,59,63,64,116,117" m="49674" machi="37" ten="30,1100,0" yaku="19,1" doraHai="100" who="3" fromWho="3" sc="275,-5,243,-3,199,-3,273,21" /><INIT seed="9,0,0,1,5,6" ten="270,240,196,294" oya="1" hai0="49,72,66,28,111,118,8,30,101,15,14,59,90" hai1="16,35,27,132,1,65,32,121,88,120,31,41,44" hai2="34,9,82,10,17,135,95,21,112,85,128,12,73" hai3="2,25,52,107,94,87,42,61,116,127,56,74,77"/><U79/><E132/><V126/><F135/><W50/><G2/><T99/><D111/><U84/><E35/><V91/><F126/><W33/><G107/><T70/><D72/><U48/><E79/><V102/><F34/><W36/><G74/><T129/><D129/><U125/><E125/><V4/><F128/><W19/><G36/><T3/><D3/><U69/><E1/><V105/><F112/><W80/><G116/><T122/><D15/><U23/><E65/><V123/><F123/><W26/><G33/><T104/><D70/><U98/><E98/><N who="2" m="61655" /><F4/><W45/><G127/><T11/><D14/><U62/><E62/><V51/><F51/><W103/><G19/><T133/><D90/><U18/><E69/><V97/><F97/><AGARI ba="0,0" hai="25,26,42,45,50,52,56,61,77,80,87,94,97,103" machi="97" ten="40,2600,0" yaku="8,1,54,1" doraHai="6" who="3" fromWho="2" sc="270,0,240,0,196,-26,294,26" owari="270,7.0,240,-16.0,170,-33.0,320,42.0" /></mjloggm>