<mjloggm ver="2.3"><GO type="41" lobby="0"/><UN n0="%E3%81%97%E3%82%8D%E3%81%9F%E3%81%AC%E3%81%8D" n1="%E2%93%9D%53%75%70%68%78" n2="%4B%61%74%65%31%39%39%39" n3="%E5%A4%9A%E5%B4%8E%E3%81%A4%E3%81%8F%E3%82%8B" dan="13,18,14,15" rate="1837.76,2075.98,1964.41,2030.43" sx="M,M,M,M"/><TAIKYOKU oya="0"/><INIT seed="0,0,0,1,5,5" ten="250,250,250,250" oya="0" hai0="61,24,70,121,108,16,9,56,6,87,73,32,29" hai1="111,52,38,119,94,54,98,134,84,91,95,76,90" hai2="125,21,57,17,120,33,44,114,118,10,40,130,58" hai3="133,64,75,62,115,106,41,19,23,60,74,112,2"/><T117/><D121/><U96/><E119/><V50/><F114/><W128/><G133/><T92/><D117/><U68/><E134/><V55/><F120/><W37/><G128/><T100/><D70/><U69/><E38/><V78/><F125/><W14/><G106/><T1/><D73/><U34/><E34/><V3/><F33/><W135/><G135/><T131/><D131/><U4/><E4/><V83/><F130/><W79/><G2/><T107/><D107/><U123/><E123/><V0/><F118/><W93/><G93/><T47/><D108/><U109/><E84/><V127/><F127/><W88/><G88/><T13/><D47/><U45/><E45/><V15/><F21/><W124/><G41/><T101/><D87/><U63/><E63/><V53/><F58/><W22/><G64/><T104/><D104/><U26/><REACH who="1" step="1"/><E26/><REACH who="1" ten="250,240,250,250" step="2"/><V36/><REACH who="2" step="1"/><F55/><REACH who="2" ten="250,240,240,250" step="2"/><W71/><G124/><T48/><D61/><U67/><E67/><V132/><F132/><W11/><G62/><T65/><D65/><U102/><E102/><V39/><F39/><W97/><G60/><T126/><D126/><U30/><E30/><V25/><F25/><W110/><G115/><T66/><D66/><U31/><E31/><V105/><F105/><W35/><G112/><T82/><D101/><U81/><E81/><V59/><F59/><W86/><G71/><T116/><D82/><U103/><E103/><V12/><F12/><W80/><G14/><T122/><D122/><U42/><E42/><V46/><F46/><W85/><G110/><T99/><D116/><U72/><E72/><AGARI ba="0,2" hai="0,3,10,15,17,36,40,44,50,53,57,72,78,83" machi="72" ten="30,7700,0" yaku="1,1,6,1,7,1,52,1,53,0" doraHai="5" doraHaiUra="18" who="2" fromWho="1" sc="250,0,240,-77,240,97,250,0" /><INIT seed="1,0,0,5,0,120" ten="250,163,337,250" oya="1" hai0="31,63,52,60,24,44,72,115,17,47,56,127,110" hai1="2,109,54,96,128,35,133,113,121,125,97,5,68" hai2="94,8,4,117,33,38,59,70,23,124,15,50,101" hai3="111,55,40,16,43,41,39,107,108,36,77,130,123"/><U87/><RYUUKYOKU type="yao9" ba="0,0" sc="250,0,163,0,337,0,250,0" hai1="2,5,35,54,68,87,96,97,109,113,121,125,128,133" /><INIT seed="1,1,0,1,5,42" ten="250,163,337,250" oya="1" hai0="45,82,125,28,48,134,46,40,84,121,25,94,127" hai1="130,113,86,106,133,9,20,114,57,38,124,31,39" hai2="123,8,41,67,7,96,85,30,19,62,3,132,95" hai3="91,66,0,120,21,103,44,34,24,37,99,55,51"/><U11/><E106/><V54/><F123/><W10/><G120/><T100/><D121/><U116/><E86/><V17/><F132/><W14/><G34/><T72/><D72/><U70/><E70/><V65/><F30/><W87/><G0/><T15/><D134/><U108/><E57/><V49/><F41/><W90/><G37/><T101/><D15/><U53/><E53/><V22/><F85/><W63/><G87/><T104/><D104/><U6/><E133/><V69/><F22/><W76/><G76/><T64/><D64/><U128/><E116/><V79/><F67/><W115/><G115/><N who="1" m="44042" /><E124/><V77/><F79/><W32/><G32/><T61/><D61/><U35/><E108/><V50/><F77/><W16/><G99/><T105/><D105/><U36/><E20/><V29/><F29/><W71/><REACH who="3" step="1"/><G103/><REACH who="3" ten="250,163,337,240" step="2"/><T92/><D100/><U109/><E109/><V112/><F112/><W89/><G89/><T23/><D101/><U131/><E6/><AGARI ba="1,1" hai="6,10,14,16,21,24,44,51,55,63,66,71,90,91" machi="6" ten="30,7700,0" yaku="1,1,7,1,52,1,54,1,53,0" doraHai="42" doraHaiUra="129" who="3" fromWho="1" sc="250,0,163,-80,337,0,240,90" /><INIT seed="2,0,0,4,4,67" ten="250,83,337,330" oya="2" hai0="107,42,24,35,53,33,5,32,122,10,61,26,63" hai1="97,75,123,43,49,55,124,7,81,51,8,28,13" hai2="99,66,36,6,27,93,39,59,79,82,96,80,101" hai3="130,105,40,29,48,112,91,115,84,86,12,14,15"/><V121/><F121/><W111/><G111/><T83/><D122/><U19/><E124/><V62/><F82/><W77/><G105/><T128/><D128/><U64/><E123/><V46/><F6/><W2/><G2/><T50/><D107/><U98/><E28/><V21/><F46/><N who="3" m="25671" /><G130/><T119/><D119/><U72/><E64/><V131/><F96/><W85/><G29/><T100/><D100/><U126/><E126/><V106/><F106/><W132/><G77/><T1/><D42/><U44/><E75/><V94/><F94/><N who="3" m="54631" /><G132/><T118/><D118/><U57/><E72/><V45/><F45/><W31/><G31/><T89/><D26/><U90/><REACH who="1" step="1"/><E7/><REACH who="1" ten="250,73,337,330" step="2"/><V133/><F131/><W110/><G110/><T87/><REACH who="0" step="1"/><D24/><REACH who="0" ten="240,73,337,330" step="2"/><U103/><E103/><V47/><F133/><W11/><G115/><T125/><D125/><U65/><E65/><V0/><F66/><W52/><G112/><T70/><D70/><U102/><E102/><V9/><F101/><W20/><G52/><T117/><D117/><U69/><E69/><V135/><F135/><W76/><G76/><T34/><N who="0" m="8192" /><DORA hai="74" /><T4/><D4/><U71/><E71/><V95/><F27/><W129/><G129/><T16/><D16/><U104/><E104/><V120/><F120/><W73/><G73/><T17/><D17/><U54/><E54/><V18/><F18/><W3/><G3/><T78/><D78/><U113/><E113/><V88/><F0/><W41/><G41/><T92/><D92/><U56/><E56/><AGARI ba="0,2" hai="1,5,10,50,53,56,61,63,83,87,89" m="8192" machi="56" ten="70,8000,1" yaku="1,1,53,4" doraHai="67,74" doraHaiUra="22,30" who="0" fromWho="1" sc="240,100,73,-80,337,0,330,0" owari="340,44.0,-7,-51.0,337,14.0,330,-7.0" /></mjloggm>