<mjloggm ver="2.3"><GO type="41" lobby="0"/><UN n0="%E3%82%81%E3%81%90%E3%81%A3%E3%81%A1" n1="%54%6F%6D%6D%79%35%30%30" n2="%E2%93%9D%53%75%70%68%78" n3="%E6%B1%A0%E3%81%A1%E3%82%83%E3%82%93%31%39%35%39" dan="14,14,17,15" rate="1932.46,2031.53,2007.71,1961.01" sx="M,M,M,M"/><TAIKYOKU oya="0"/><INIT seed="0,0,0,3,5,62" ten="250,250,250,250" oya="0" hai0="57,58,80,118,91,64,109,54,129,74,121,76,93" hai1="83,53,31,108,46,87,105,21,0,41,101,117,34" hai2="1,49,124,119,60,33,78,59,89,37,114,23,68" hai3="126,77,9,110,4,50,39,133,88,100,17,16,7"/><T51/><D121/><U67/><E108/><V120/><F33/><W14/><G39/><T26/><D118/><U22/><E117/><V103/><F1/><W97/><G110/><T72/><D109/><U128/><E128/><V61/><F78/><W130/><G130/><T113/><D113/><U63/><E53/><V36/><F103/><W13/><G126/><T12/><D129/><U43/><E0/><V81/><F23/><W10/><G133/><T20/><D12/><U11/><E11/><V134/><F89/><W125/><G77/><T92/><D74/><U25/><E105/><V112/><F81/><W40/><G125/><T19/><D91/><U42/><E46/><V79/><F79/><W66/><G66/><T94/><D64/><U5/><E5/><V75/><F75/><W56/><G100/><T106/><REACH who="0" step="1"/><D106/><REACH who="0" ten="240,250,250,250" step="2"/><U99/><E101/><V18/><F124/><W96/><G88/><T24/><D24/><U85/><E99/><V15/><F119/><W2/><G2/><T131/><D131/><U29/><E83/><V38/><F114/><W8/><G8/><T69/><D69/><U70/><E34/><V111/><F112/><W123/><G123/><T104/><D104/><U107/><E107/><V45/><F120/><W30/><G97/><T82/><D82/><U71/><E71/><V55/><F111/><W48/><G96/><T28/><D28/><U44/><E87/><V84/><F84/><W135/><G30/><T3/><D3/><U32/><E85/><V115/><F115/><W52/><G135/><T127/><D127/><U27/><E32/><RYUUKYOKU ba="0,1" sc="240,10,250,10,250,-30,250,10" hai0="19,20,26,51,54,57,58,72,76,80,92,93,94" hai1="21,22,25,27,29,31,41,42,43,44,63,67,70" hai3="4,7,9,10,13,14,16,17,40,48,50,52,56" /><INIT seed="0,1,1,2,5,24" ten="250,260,220,260" oya="0" hai0="126,66,41,6,104,132,62,95,37,25,47,117,28" hai1="112,86,30,9,17,61,60,121,5,92,58,91,73" hai2="82,33,74,107,21,129,123,133,19,13,55,11,120" hai3="49,40,23,97,79,3,16,63,70,43,116,118,4"/><T110/><D104/><U102/><E112/><V0/><F107/><W101/><G79/><T71/><D117/><U108/><E108/><V115/><F55/><W7/><G7/><T72/><D132/><U31/><E121/><V57/><F57/><W20/><G20/><T26/><D26/><U131/><E73/><V83/><F83/><W105/><G4/><T45/><D126/><U52/><E131/><V75/><F75/><W35/><G35/><N who="0" m="20879" /><D95/><U84/><E17/><V46/><F33/><W127/><G3/><T135/><D135/><U106/><E61/><V56/><F129/><W119/><G127/><T64/><D110/><U103/><E86/><V53/><F115/><W8/><G8/><T50/><D50/><U54/><E54/><V18/><F74/><W80/><G80/><T44/><D44/><U89/><E89/><V128/><F46/><W2/><G2/><T109/><D47/><U1/><REACH who="1" step="1"/><E106/><REACH who="1" ten="250,250,220,260" step="2"/><V78/><F128/><W67/><REACH who="3" step="1"/><G49/><REACH who="3" ten="250,250,220,250" step="2"/><T113/><D109/><U68/><E68/><V99/><F133/><W51/><G51/><T69/><D71/><U22/><E22/><V39/><F21/><W76/><G76/><T48/><D48/><U90/><E90/><V85/><F78/><W100/><G100/><AGARI ba="1,3" hai="1,5,9,30,31,52,58,60,84,91,92,100,102,103" machi="100" ten="40,8000,1" yaku="1,1,52,2,54,1,53,1" doraHai="24" doraHaiUra="88" who="1" fromWho="3" sc="250,0,250,113,220,0,250,-83" /><INIT seed="1,0,0,1,4,40" ten="250,363,220,167" oya="1" hai0="8,15,31,27,66,99,113,51,23,42,68,71,24" hai1="132,36,70,52,130,60,64,38,91,50,106,17,116" hai2="87,118,26,43,83,45,98,93,122,90,25,22,89" hai3="105,53,18,74,76,102,44,86,112,128,127,63,119"/><U20/><E116/><V96/><F122/><W103/><G112/><T92/><D113/><U84/><E106/><V77/><F118/><W126/><G119/><T57/><D27/><U9/><E132/><V14/><F14/><W110/><G74/><T133/><D133/><U135/><E130/><V104/><F22/><W49/><G128/><T97/><D99/><U124/><E124/><N who="3" m="47658" /><G110/><T111/><D111/><U79/><E79/><V125/><F125/><W54/><G105/><T121/><D121/><U7/><E135/><V33/><F33/><W58/><G18/><T81/><D81/><AGARI ba="0,0" hai="44,49,53,54,58,63,76,81,86,102,103" m="47658" machi="81" ten="30,2000,0" yaku="18,1,52,1" doraHai="40" who="3" fromWho="0" sc="250,-20,363,0,220,0,167,20" /><INIT seed="2,0,0,4,0,61" ten="230,363,220,187" oya="2" hai0="89,87,8,21,131,95,103,71,108,27,12,51,4" hai1="125,10,75,74,15,58,90,48,127,78,128,19,92" hai2="69,5,60,64,37,7,11,115,45,53,23,31,102" hai3="114,72,98,67,134,3,18,85,126,65,94,49,1"/><V81/><F115/><W2/><G72/><T91/><D71/><U104/><E104/><V13/><F102/><W59/><G114/><T36/><D36/><U101/><E101/><V93/><F93/><W121/><G121/><T0/><D103/><U112/><E128/><V17/><F31/><W28/><G28/><T100/><D100/><U42/><E112/><V110/><F110/><W41/><G98/><T123/><D108/><U109/><E109/><V9/><F81/><W106/><G106/><T99/><D131/><U96/><E78/><V30/><F30/><W57/><G57/><T70/><D70/><U40/><E75/><V133/><F133/><W25/><G134/><T113/><D113/><U124/><E74/><V54/><F37/><W135/><G135/><T80/><D123/><U116/><E116/><V105/><F45/><W55/><G41/><T56/><D56/><U76/><E76/><V132/><F132/><W119/><G119/><T34/><D51/><U122/><E122/><V107/><F107/><W66/><G126/><T14/><D34/><U120/><E120/><V39/><F39/><W44/><G44/><T24/><D27/><U50/><E58/><V129/><F129/><W118/><G118/><T33/><D33/><U43/><AGARI ba="0,0" hai="10,15,19,40,42,43,48,50,90,92,96,124,125,127" machi="43" ten="40,2700,0" yaku="0,1,18,1" doraHai="61" who="1" fromWho="1" sc="230,-7,363,27,220,-13,187,-7" /><INIT seed="3,0,0,3,2,25" ten="223,390,207,180" oya="3" hai0="24,28,85,41,45,36,6,22,131,40,134,91,23" hai1="103,17,2,43,110,92,61,75,119,78,42,114,84" hai2="51,108,105,44,0,16,90,58,39,47,113,12,72" hai3="135,125,35,5,31,32,83,80,106,15,99,27,26"/><W116/><G116/><T129/><D6/><U49/><E110/><V4/><F113/><W55/><G125/><T13/><D134/><U54/><E114/><V33/><F105/><W37/><G37/><T46/><D13/><U3/><E119/><V123/><F72/><W79/><G135/><T94/><REACH who="0" step="1"/><D22/><REACH who="0" ten="213,390,207,180" step="2"/><U34/><E3/><V66/><F12/><W86/><G5/><T71/><D71/><U19/><E2/><V10/><F4/><W107/><G15/><T67/><D67/><U133/><E133/><V64/><F64/><W126/><G126/><T89/><D89/><U132/><E132/><V102/><F90/><W130/><G130/><T104/><D104/><U88/><E88/><V120/><F66/><W118/><G118/><T70/><D70/><U127/><E127/><V48/><F0/><W52/><G107/><T8/><D8/><U60/><E34/><V62/><F33/><W73/><G106/><T117/><D117/><U121/><E103/><V128/><F102/><W38/><G35/><T97/><D97/><U63/><E78/><V98/><F98/><W111/><G99/><T122/><D122/><U115/><E121/><V65/><F128/><W18/><G111/><T68/><D68/><U82/><E115/><V109/><F123/><W77/><REACH who="3" step="1"/><G38/><AGARI ba="0,1" hai="23,24,28,36,38,40,41,45,46,85,91,94,129,131" machi="38" ten="40,5200,0" yaku="1,1,9,1,52,1,53,0" doraHai="25" doraHaiUra="9" who="0" fromWho="3" sc="213,62,390,0,207,0,180,-52" /><INIT seed="4,0,0,4,5,110" ten="275,390,207,128" oya="0" hai0="79,102,115,129,32,57,26,63,19,30,91,87,82" hai1="75,84,18,96,135,111,24,38,36,56,78,44,133" hai2="1,107,114,118,48,130,88,95,54,12,25,99,35" hai3="119,109,7,58,103,127,116,40,81,128,76,92,20"/><T80/><D115/><U52/><E75/><V74/><F1/><W60/><G109/><T10/><D129/><U134/><E111/><V46/><F74/><W21/><G128/><T49/><D102/><U3/><E3/><V14/><F130/><W100/><G127/><T132/><D132/><U122/><E122/><V120/><F120/><W27/><G7/><T68/><D49/><U42/><E96/><V28/><F118/><W65/><G40/><T39/><D39/><U125/><E125/><V17/><F107/><W117/><G20/><T34/><D68/><U37/><E18/><V51/><F114/><W8/><G8/><T72/><D19/><U123/><E24/><V105/><F105/><W106/><G106/><T104/><D10/><U23/><E23/><V16/><REACH who="2" step="1"/><F51/><REACH who="2" ten="275,390,197,128" step="2"/><W93/><G119/><T9/><D104/><U112/><E112/><V121/><F121/><W126/><G117/><T47/><D9/><U53/><E123/><V31/><F31/><N who="3" m="17903" /><G116/><T69/><D30/><U73/><E37/><V77/><F77/><W41/><G126/><T90/><D72/><U94/><E36/><V124/><F124/><W59/><G41/><T6/><D79/><U98/><E73/><V66/><F66/><W15/><G76/><T89/><D32/><U62/><E78/><V55/><F55/><W67/><G67/><T29/><D87/><U4/><E84/><V83/><F83/><W85/><G85/><T64/><D80/><U5/><E53/><V61/><F61/><W101/><G81/><T86/><D82/><U11/><E11/><V0/><F0/><RYUUKYOKU ba="0,1" sc="275,-15,390,15,197,15,128,-15" hai1="4,5,38,42,44,52,56,62,94,98,133,134,135" hai2="12,14,16,17,25,28,35,46,48,54,88,95,99" /><INIT seed="5,1,1,2,2,113" ten="260,405,212,113" oya="1" hai0="130,41,0,49,118,10,122,111,27,19,83,133,120" hai1="43,21,44,73,75,14,97,95,71,51,117,42,77" hai2="131,62,48,18,47,40,105,70,89,23,81,6,15" hai3="87,33,126,99,46,72,123,22,93,98,60,17,119"/><U127/><E117/><V5/><F105/><W45/><G72/><T39/><D111/><U8/><E127/><V11/><F131/><W20/><G33/><T102/><D130/><U67/><E42/><V76/><F89/><W132/><G123/><T80/><D39/><U54/><E77/><V25/><F70/><W66/><G126/><T50/><D133/><U12/><E43/><V36/><F62/><W85/><G132/><T129/><D129/><U79/><E79/><V91/><F91/><W112/><G112/><T69/><D69/><U65/><E65/><V29/><REACH who="2" step="1"/><F36/><REACH who="2" ten="260,405,202,113" step="2"/><W135/><G135/><T125/><D125/><U128/><E128/><V7/><F7/><W115/><G115/><T114/><D114/><U86/><E71/><V106/><F106/><W55/><G60/><T94/><D122/><U104/><E104/><V30/><F30/><W107/><G107/><T68/><D68/><U121/><E121/><V90/><F90/><W32/><G17/><T52/><D19/><U61/><E61/><V58/><F58/><W84/><G46/><T1/><D120/><U28/><E28/><V110/><F110/><W92/><G45/><T26/><D102/><U103/><E103/><V59/><F59/><W16/><G16/><T109/><D109/><U31/><E31/><V4/><F4/><W88/><G88/><T100/><D100/><U74/><E44/><V56/><F56/><W3/><G99/><T82/><D80/><U9/><E97/><V116/><F116/><W2/><G98/><T96/><D118/><U63/><E63/><V37/><F37/><RYUUKYOKU ba="1,2" sc="260,-10,405,-10,202,30,113,-10" hai2="5,6,11,15,18,23,25,29,40,47,48,76,81" /><INIT seed="6,2,2,5,2,39" ten="250,395,232,103" oya="2" hai0="56,5,37,112,27,46,69,93,1,59,131,114,41" hai1="35,99,50,128,88,95,100,111,110,58,10,12,61" hai2="3,81,11,72,116,44,67,40,71,101,132,68,91" hai3="49,134,125,42,25,94,2,85,98,60,48,104,13"/><V75/><F116/><W53/><G2/><T135/><D69/><U51/><E35/><V86/><F132/><W102/><G134/><T108/><D108/><U119/><E119/><V45/><F45/><W43/><G125/><T113/><D135/><U34/><E34/><V16/><F101/><W57/><G104/><T92/><D131/><U30/><E30/><V63/><F71/><W33/><G33/><T18/><D5/><U124/><E128/><V62/><F62/><W26/><G85/><T77/><D77/><U120/><E120/><V127/><F127/><W28/><G13/><T103/><D1/><U78/><E78/><V36/><REACH who="2" step="1"/><F16/><REACH who="2" ten="250,395,222,103" step="2"/><W76/><G76/><T82/><D103/><U29/><E124/><V66/><F66/><W105/><G105/><T4/><D4/><AGARI ba="2,3" hai="3,4,11,36,40,44,63,67,68,72,75,81,86,91" machi="4" ten="40,3900,0" yaku="1,1,52,1,53,0" doraHai="39" doraHaiUra="123" who="2" fromWho="0" sc="250,-45,395,0,222,75,103,0" /><INIT seed="6,3,0,5,0,61" ten="205,395,297,103" oya="2" hai0="119,29,79,2,48,60,85,7,121,11,122,116,4" hai1="37,50,115,12,86,68,72,132,53,98,134,13,54" hai2="9,112,97,113,28,73,78,126,21,42,23,19,65" hai3="69,10,18,71,91,40,44,94,90,35,39,17,64"/><V87/><F73/><W131/><G35/><T101/><D101/><U84/><E115/><N who="2" m="44107" /><F42/><W31/><G31/><T63/><D85/><N who="1" m="32875" /><E37/><V128/><F128/><W89/><G131/><T123/><D79/><U96/><E68/><V114/><F126/><W58/><G94/><T25/><D48/><U52/><E50/><V107/><F28/><W120/><G120/><T95/><D95/><U106/><E106/><V15/><F114/><W108/><G108/><T26/><D29/><U67/><E67/><V118/><F118/><W36/><G36/><T46/><D46/><U70/><E70/><V59/><F97/><N who="1" m="37481" /><E72/><V127/><F127/><W83/><G83/><T81/><D81/><U82/><E82/><N who="2" m="47575" /><F107/><W135/><G135/><AGARI ba="3,0" hai="12,13,52,53,54,132,134,135" m="37481,32875" machi="135" ten="40,8000,1" yaku="28,2,20,1,54,1" doraHai="61" who="1" fromWho="3" sc="205,0,395,89,297,0,103,-89" /><INIT seed="7,0,0,0,4,104" ten="205,484,297,14" oya="3" hai0="63,62,2,121,3,128,117,92,90,15,61,110,108" hai1="45,23,135,82,109,124,129,4,26,130,67,35,22" hai2="6,14,115,78,134,54,86,11,13,21,31,100,112" hai3="126,103,94,10,102,8,7,65,125,34,47,17,123"/><W113/><G34/><T48/><D121/><U40/><E109/><V97/><F134/><W5/><G123/><T106/><D106/><U56/><E135/><V0/><F54/><W46/><G65/><T116/><D48/><U131/><E124/><V76/><F86/><W41/><G94/><T16/><D128/><U32/><E4/><V81/><F78/><W69/><G69/><T87/><D110/><U50/><E82/><V64/><F64/><W20/><G113/><N who="2" m="43593" /><F31/><W28/><G28/><T38/><D38/><U60/><E22/><V89/><F89/><W66/><G66/><T44/><D44/><U107/><E107/><N who="2" m="63887" /><F21/><W70/><G70/><T75/><D75/><U18/><AGARI ba="0,0" hai="18,23,26,32,35,40,45,50,56,60,67,129,130,131" machi="18" ten="30,2000,0" yaku="0,1,19,1" doraHai="104" who="1" fromWho="1" sc="205,-5,484,20,297,-5,14,-10" owari="200,-20.0,504,61.0,292,9.0,4,-50.0" /></mjloggm>