<mjloggm ver="2.3"><GO type="41" lobby="0"/><UN n0="%E7%B4%BA%E5%B9%B3%E7%B3%96" n1="%E9%A0%AD%E3%81%AE%E4%B8%AD" n2="%54%6F%72%69%6B%61%6D%65" n3="%E2%93%9D%53%75%70%68%78" dan="15,13,14,19" rate="1936.07,1830.18,1981.48,2100.13" sx="M,M,M,M"/><TAIKYOKU oya="0"/><INIT seed="0,0,0,0,1,41" ten="250,250,250,250" oya="0" hai0="126,117,79,53,14,86,135,106,116,34,46,23,77" hai1="89,55,3,5,125,66,62,48,65,69,92,114,68" hai2="90,91,7,40,84,58,95,60,42,27,1,75,0" hai3="32,109,70,100,30,29,83,56,130,11,99,128,50"/><T12/><BYE who="1" /><D106/><UN n1="%E9%A0%AD%E3%81%AE%E4%B8%AD" /><U104/><E114/><V43/><F75/><W18/><G70/><T108/><D34/><U33/><E104/><V81/><F27/><W22/><G11/><T24/><D126/><U57/><E33/><V123/><F123/><W31/><G83/><T78/><D135/><U21/><E21/><V13/><F13/><W124/><G109/><T10/><D86/><U37/><E125/><V19/><F19/><W49/><G56/><T59/><D108/><U105/><E105/><V61/><F0/><W71/><G71/><T15/><D10/><U87/><E5/><V39/><F39/><W28/><G28/><T52/><D116/><U107/><E107/><V38/><F38/><W80/><G80/><T111/><D111/><U115/><E3/><V112/><F112/><W118/><G118/><T133/><D133/><U64/><E115/><V93/><F1/><W103/><G32/><T44/><D117/><U51/><E51/><N who="3" m="19466" /><G99/><T110/><D110/><U72/><E72/><V8/><F61/><W35/><G35/><T63/><D53/><U85/><E85/><V98/><F42/><W97/><G97/><T20/><D20/><U2/><E2/><V127/><F127/><W73/><G73/><T113/><D113/><U88/><E89/><V74/><F74/><W67/><G124/><T120/><D120/><U82/><E82/><V25/><F81/><W102/><G67/><T131/><D131/><N who="3" m="50217" /><G22/><T17/><AGARI ba="0,0" hai="12,14,15,17,23,24,44,46,52,59,63,77,78,79" machi="17" ten="30,12000,1" yaku="0,1,8,1,52,2,54,1" doraHai="41" who="0" fromWho="0" sc="250,120,250,-40,250,-40,250,-40" /><INIT seed="0,1,0,2,3,115" ten="370,210,210,210" oya="0" hai0="0,83,130,39,110,18,55,45,19,58,51,21,36" hai1="127,70,6,15,112,1,106,50,72,2,104,47,44" hai2="80,35,69,84,11,73,102,49,53,128,96,76,33" hai3="40,92,20,26,131,52,86,99,123,114,88,56,57"/><T79/><D0/><U29/><E72/><V98/><F128/><W94/><G114/><T74/><D130/><U62/><E112/><V117/><F69/><W75/><G131/><T97/><D97/><U67/><E29/><V111/><F111/><W101/><G75/><T89/><D89/><U66/><E127/><V38/><F38/><W37/><G123/><T41/><D110/><U116/><E15/><V23/><F73/><W63/><G37/><T61/><REACH who="0" step="1"/><D18/><REACH who="0" ten="360,210,210,210" step="2"/><U134/><E2/><V129/><F98/><W93/><G99/><T91/><D91/><U28/><E1/><V27/><F129/><W132/><G101/><T8/><D8/><U42/><E28/><V78/><F11/><W120/><G120/><T30/><D30/><U126/><E6/><V107/><F78/><W4/><G4/><T124/><D124/><U87/><E126/><V105/><F105/><W119/><G94/><T43/><D43/><U16/><E42/><V64/><F107/><W60/><G93/><T103/><D103/><U13/><E16/><N who="2" m="12775" /><F102/><W25/><G40/><T22/><D22/><U77/><E104/><V71/><F96/><W125/><G125/><T31/><D31/><U65/><E106/><V90/><F90/><W24/><G20/><T59/><D59/><U14/><E77/><V10/><F10/><W135/><REACH who="3" step="1"/><G119/><REACH who="3" ten="360,210,210,200" step="2"/><T133/><D133/><U3/><E116/><V32/><F117/><W7/><G7/><T121/><D121/><U81/><E134/><V46/><F32/><W68/><G68/><T9/><D9/><U100/><E70/><V17/><F17/><RYUUKYOKU ba="1,2" sc="360,10,210,-30,210,10,200,10" hai0="19,21,36,39,41,45,51,55,58,61,74,79,83" hai2="33,35,46,49,53,64,71,76,80,84" hai3="24,25,26,52,56,57,60,63,86,88,92,132,135" /><INIT seed="0,2,2,4,2,42" ten="370,180,220,210" oya="0" hai0="93,98,68,100,118,52,29,11,109,88,82,15,133" hai1="134,13,22,121,97,57,5,84,128,110,132,38,77" hai2="74,69,91,67,63,33,113,1,31,4,116,81,23" hai3="106,32,126,60,39,62,25,2,131,17,35,12,78"/><T120/><D118/><U10/><E121/><V44/><F113/><W48/><G39/><T18/><D120/><U71/><E71/><V40/><F23/><W105/><G2/><T30/><D68/><U117/><E117/><V9/><F91/><W54/><G78/><T130/><D130/><U108/><E97/><V55/><F55/><W50/><G126/><T92/><D133/><N who="1" m="51307" /><E38/><N who="2" m="21527" /><F116/><W83/><G83/><T24/><D82/><N who="1" m="47183" /><E57/><V95/><F95/><W76/><G76/><T80/><D80/><U20/><E128/><V90/><F90/><W75/><G131/><T21/><D109/><AGARI ba="2,2" hai="5,10,13,20,22,108,109,110" m="47183,51307" machi="109" ten="30,2000,0" yaku="14,1,20,1" doraHai="42" who="1" fromWho="0" sc="370,-26,180,46,220,0,210,0" /><INIT seed="1,0,0,4,2,44" ten="344,226,220,210" oya="1" hai0="11,102,123,73,61,125,23,92,4,93,56,77,2" hai1="78,40,97,36,106,45,32,116,129,9,6,1,115" hai2="132,114,107,43,38,120,113,81,85,111,98,108,109" hai3="51,15,110,52,86,3,55,135,80,105,68,70,67"/><U133/><E115/><V0/><F0/><W74/><G3/><T82/><D125/><U94/><E116/><V25/><F25/><W128/><G105/><T54/><D123/><U7/><E32/><V127/><F38/><W46/><G74/><T17/><REACH who="0" step="1"/><D102/><REACH who="0" ten="334,226,220,210" step="2"/><U16/><E106/><V47/><F127/><W42/><G128/><T10/><D10/><U117/><E129/><V90/><F120/><W53/><G135/><T119/><D119/><U27/><E133/><V59/><F132/><W96/><G110/><T8/><D8/><U69/><E117/><V66/><F113/><W65/><G70/><T95/><D95/><U112/><E69/><V84/><F114/><W122/><G68/><T121/><D121/><U76/><E112/><V35/><F109/><W79/><G122/><T19/><D19/><U31/><E7/><V13/><F111/><W30/><G30/><T99/><D99/><U100/><REACH who="1" step="1"/><E16/><REACH who="1" ten="334,216,220,210" step="2"/><V58/><F108/><W50/><G96/><T34/><D34/><U62/><E62/><V63/><F35/><W57/><G57/><T24/><AGARI ba="0,2" hai="2,4,11,17,23,24,54,56,61,73,77,82,92,93" machi="24" ten="20,5200,0" yaku="1,1,0,1,7,1,53,1" doraHai="44" doraHaiUra="14" who="0" fromWho="0" sc="334,72,216,-26,220,-13,210,-13" /><INIT seed="2,0,0,1,2,53" ten="406,190,207,197" oya="2" hai0="54,64,0,114,12,87,125,23,99,90,124,116,72" hai1="70,29,35,17,135,2,46,59,76,86,63,129,36" hai2="10,65,81,75,52,58,51,16,32,122,40,112,130" hai3="93,22,127,8,42,105,82,80,24,4,108,88,83"/><V131/><F122/><W123/><G123/><T133/><D0/><U121/><E121/><V6/><F112/><W106/><G108/><T50/><D72/><U28/><E28/><V91/><F32/><W71/><G71/><T37/><D37/><U110/><E2/><V107/><F107/><W97/><G127/><T68/><D114/><U77/><E86/><V120/><F120/><W43/><G106/><T113/><D113/><U74/><E17/><V34/><F34/><W20/><G105/><T62/><D99/><U119/><E29/><V100/><F100/><W15/><REACH who="3" step="1"/><G22/><REACH who="3" ten="406,190,207,187" step="2"/><T98/><D124/><U19/><E70/><V132/><F131/><W41/><G41/><T104/><D125/><U102/><E110/><V38/><F130/><W13/><G13/><T56/><D116/><U21/><E119/><V9/><F40/><W94/><G94/><T44/><D104/><U31/><E129/><V1/><F1/><W26/><G26/><T111/><D111/><U25/><E25/><V7/><F81/><W117/><G117/><T18/><D133/><U109/><E135/><V115/><F132/><W3/><G3/><T96/><D68/><U61/><E109/><V60/><F115/><W95/><G95/><AGARI ba="0,1" hai="12,18,23,44,50,54,56,62,64,87,90,95,96,98" machi="95" ten="30,3900,0" yaku="7,1,8,1,52,1" doraHai="53" who="0" fromWho="3" sc="406,49,190,0,207,0,187,-39" /><INIT seed="3,0,0,4,2,52" ten="455,190,207,148" oya="3" hai0="41,3,119,98,131,6,113,22,122,110,32,94,59" hai1="75,14,50,44,120,93,83,37,60,38,76,88,100" hai2="77,112,4,7,13,87,53,126,2,130,105,74,116" hai3="27,106,19,90,97,72,34,23,70,55,57,95,1"/><W16/><G70/><T135/><D41/><U36/><E120/><V58/><F116/><W71/><G71/><T30/><D22/><U123/><E123/><V28/><F112/><W26/><G1/><T127/><D30/><U99/><E14/><V63/><F2/><W49/><G72/><T114/><D6/><U124/><E124/><V84/><F105/><W133/><G106/><T134/><D59/><U20/><E20/><V51/><F130/><W85/><G133/><T17/><D17/><U42/><REACH who="1" step="1"/><E60/><REACH who="1" ten="455,180,207,148" step="2"/><V121/><F121/><W117/><G117/><T79/><D122/><U35/><E35/><V40/><F13/><W8/><G34/><T104/><D32/><U108/><E108/><V64/><F126/><W73/><G73/><T15/><D110/><U129/><E129/><V103/><F63/><W18/><G8/><T89/><D15/><U125/><E125/><V5/><F5/><W102/><REACH who="3" step="1"/><G27/><REACH who="3" ten="455,180,207,138" step="2"/><T43/><D127/><U118/><E118/><V91/><F7/><W67/><G67/><T78/><D119/><U31/><E31/><V9/><F64/><W12/><G12/><T62/><D134/><U0/><E0/><V80/><F9/><W96/><G96/><T115/><D135/><U107/><E107/><V111/><F4/><W66/><G66/><T68/><D3/><U86/><E86/><V128/><F84/><W101/><G101/><AGARI ba="0,2" hai="36,37,38,42,44,50,75,76,83,88,93,99,100,101" machi="101" ten="40,2600,0" yaku="1,1,54,1,53,0" doraHai="52" doraHaiUra="25" who="1" fromWho="3" sc="455,0,180,46,207,0,138,-26" /><INIT seed="4,0,0,2,3,117" ten="455,226,207,112" oya="0" hai0="56,72,112,118,39,86,41,105,108,38,45,109,59" hai1="40,22,125,4,74,23,8,28,88,84,11,29,14" hai2="55,77,75,30,91,133,129,94,43,68,19,128,47" hai3="78,69,21,100,17,48,121,81,131,71,57,6,87"/><T20/><D105/><U26/><E74/><V126/><F68/><W104/><G131/><T123/><D72/><U10/><E125/><V110/><F110/><N who="0" m="42602" /><D86/><U53/><E40/><V16/><F133/><W101/><G6/><T90/><D90/><U97/><E97/><V134/><F134/><W44/><G71/><T103/><D103/><U96/><E96/><V70/><F70/><W37/><G69/><T65/><D20/><U63/><E63/><V54/><F126/><W82/><G37/><N who="0" m="21679" /><D118/><U42/><E42/><V7/><F7/><W24/><G104/><T113/><D123/><U124/><E124/><V32/><F32/><W99/><G121/><T12/><D12/><U13/><E53/><N who="2" m="19979" /><F30/><W114/><G101/><T51/><D51/><U35/><E84/><N who="2" m="52583" /><F77/><W9/><G78/><T111/><N who="0" m="42610" /><T83/><DORA hai="120" /><D83/><U3/><E88/><V119/><F119/><W98/><G82/><T34/><D34/><U60/><E60/><V31/><F75/><W130/><G81/><T89/><D89/><U2/><E29/><V127/><F127/><W93/><G100/><T66/><D59/><U135/><E135/><V116/><F116/><W76/><G57/><T107/><D107/><U122/><E122/><V92/><F92/><W79/><G93/><T58/><D58/><U95/><E95/><V64/><F31/><W27/><G79/><T85/><D85/><U46/><E46/><V102/><F102/><W18/><G87/><T15/><D15/><N who="1" m="5643" /><E3/><V52/><N who="2" m="19987" /><V49/><DORA hai="80" /><F64/><N who="0" m="24682" /><D56/><U73/><E73/><V33/><F33/><W67/><G76/><RYUUKYOKU ba="0,0" sc="455,10,226,10,207,10,112,-30" hai0="38,39,112,113" hai1="2,4,8,10,11,22,23,26,28,35" hai2="16,19,43,47,49,128,129" /><INIT seed="4,1,0,0,3,102" ten="465,236,217,82" oya="0" hai0="65,123,87,63,4,19,42,93,128,64,96,13,24" hai1="126,91,69,60,76,110,105,10,77,30,106,14,22" hai2="58,70,21,6,117,33,29,28,104,47,12,9,55" hai3="59,41,37,74,124,118,115,134,66,112,133,17,89"/><T100/><D123/><U129/><E110/><V88/><F117/><W72/><G17/><T107/><D42/><U0/><E0/><V5/><F33/><W80/><G59/><T79/><D128/><U82/><E69/><V61/><F6/><W103/><G66/><T51/><D51/><U111/><E111/><V84/><F104/><W40/><G37/><T53/><D4/><U85/><E60/><V50/><F70/><W114/><G124/><T1/><D1/><U43/><E43/><N who="3" m="16458" /><G103/><T127/><D127/><U108/><E108/><V3/><F21/><W71/><G71/><T94/><D24/><U122/><E122/><V98/><F3/><W121/><G121/><T11/><D53/><U68/><E68/><V16/><F5/><W109/><G109/><T44/><D44/><U8/><E126/><V113/><F98/><W54/><G54/><T48/><D48/><U45/><E45/><V18/><F18/><W120/><G120/><T78/><D78/><U20/><E129/><V7/><F7/><W135/><G118/><T67/><REACH who="0" step="1"/><D63/><REACH who="0" ten="455,236,217,82" step="2"/><U57/><E57/><V62/><F62/><W97/><G135/><T52/><D52/><U125/><E125/><V130/><F130/><W36/><G36/><T116/><D116/><U31/><E31/><V101/><F29/><W2/><G2/><T132/><D132/><U73/><E30/><V92/><F28/><W34/><G134/><T27/><D27/><U49/><E14/><V23/><F12/><W32/><G133/><T81/><AGARI ba="1,1" hai="11,13,19,64,65,67,79,81,87,93,94,96,100,107" machi="81" ten="30,6000,0" yaku="1,1,0,1,52,1,53,0" doraHai="102" doraHaiUra="56" who="0" fromWho="0" sc="455,73,236,-21,217,-21,82,-21" /><INIT seed="4,2,0,3,4,47" ten="528,215,196,61" oya="0" hai0="17,2,89,38,84,75,90,112,15,73,107,81,93" hai1="63,45,127,68,113,7,115,32,23,51,108,101,44" hai2="1,43,56,95,85,8,31,50,109,54,105,52,118" hai3="80,103,35,102,36,86,77,13,106,49,69,22,104"/><T30/><D2/><U71/><E101/><V134/><F109/><W48/><G36/><T123/><D38/><U98/><E98/><V40/><F105/><W122/><G35/><T10/><D123/><U99/><E99/><V110/><F110/><W132/><G69/><N who="1" m="26698" /><E23/><V82/><F134/><W61/><G132/><T133/><D112/><N who="1" m="43083" /><E7/><V129/><F129/><W0/><G0/><T91/><D133/><U76/><E76/><V6/><F118/><W78/><G61/><T33/><D107/><U20/><E20/><V72/><F72/><W65/><G22/><T18/><D18/><U100/><E100/><V120/><F120/><W64/><G122/><T3/><D3/><U70/><E32/><V41/><F40/><W116/><G86/><T130/><D130/><U29/><E29/><V53/><F31/><W87/><G87/><T128/><D128/><U119/><E108/><V74/><F74/><W59/><G13/><T27/><D90/><U121/><E121/><V60/><F54/><W62/><G116/><T66/><D75/><U96/><E96/><V12/><F1/><W111/><G111/><T37/><D73/><U58/><E119/><V92/><F92/><W67/><G106/><T25/><D25/><U14/><E14/><V42/><F42/><W114/><G114/><T16/><D17/><U124/><E70/><V46/><F95/><W55/><G104/><T126/><D30/><U39/><E39/><V11/><F11/><W125/><G103/><T117/><D117/><U4/><E4/><V34/><F34/><W94/><G102/><T97/><D33/><RYUUKYOKU ba="2,0" sc="528,-10,215,-10,196,30,61,-10" hai2="6,8,12,41,43,46,50,52,53,56,60,82,85" /><INIT seed="5,3,0,5,5,83" ten="518,205,226,51" oya="1" hai0="11,72,79,70,112,73,103,120,76,66,8,59,102" hai1="51,47,126,85,75,56,16,74,54,127,93,18,124" hai2="62,26,49,104,101,20,71,60,98,15,82,99,43" hai3="113,10,118,69,105,115,23,29,106,24,123,109,97"/><U35/><E35/><V31/><F99/><W36/><G36/><T38/><D112/><N who="3" m="43081" /><G69/><T27/><D38/><U0/><E0/><V96/><F96/><W84/><G109/><T39/><D39/><U30/><E30/><V57/><F71/><W87/><G123/><T114/><D114/><U1/><E1/><V58/><F58/><W81/><G118/><T42/><D70/><U55/><E55/><V116/><F116/><W33/><G10/><T21/><D42/><U12/><E56/><V61/><F15/><W9/><G9/><T125/><D59/><U65/><E65/><V50/><F43/><W37/><G37/><T119/><D119/><U32/><E32/><V129/><F57/><W48/><G81/><T131/><D21/><N who="1" m="11399" /><E18/><V92/><F104/><N who="3" m="40043" /><G33/><T95/><D120/><U89/><AGARI ba="3,0" hai="47,51,54,74,75,85,89,93,124,126,127" m="11399" machi="89" ten="40,7800,0" yaku="18,1,52,1,54,1" doraHai="83" who="1" fromWho="1" sc="518,-29,205,87,226,-29,51,-29" /><INIT seed="5,4,0,5,4,85" ten="489,292,197,22" oya="1" hai0="107,62,102,4,23,105,30,98,58,73,44,128,122" hai1="117,3,68,31,12,135,63,49,118,64,78,56,59" hai2="69,133,60,36,74,97,110,35,92,40,106,52,17" hai3="119,21,101,19,111,71,93,2,65,82,88,80,109"/><U34/><E3/><V47/><F110/><W0/><G101/><T53/><D73/><U10/><E78/><V130/><F130/><W43/><G119/><T131/><D4/><U103/><E103/><V132/><F106/><W51/><G71/><T28/><D122/><U39/><E31/><V123/><F74/><W41/><G65/><T26/><D30/><U94/><E34/><V25/><F123/><W86/><G111/><T134/><D134/><U126/><E135/><V96/><F96/><W32/><G32/><T9/><D9/><U16/><E126/><V116/><F116/><W24/><G109/><T124/><D124/><U112/><E112/><V115/><F115/><W15/><G2/><T42/><REACH who="0" step="1"/><D107/><REACH who="0" ten="479,292,197,22" step="2"/><U77/><E118/><V91/><F133/><W81/><G0/><T8/><D8/><U100/><E117/><V7/><F7/><W104/><G104/><T129/><D129/><U79/><E39/><AGARI ba="4,1" hai="23,26,28,39,42,44,53,58,62,98,102,105,128,131" machi="39" ten="40,1300,0" yaku="1,1,53,0" doraHai="85" doraHaiUra="72" who="0" fromWho="1" sc="479,35,292,-25,197,0,22,0" /><INIT seed="6,0,0,3,4,8" ten="514,267,197,22" oya="2" hai0="126,114,133,119,62,92,110,64,67,50,27,6,41" hai1="36,0,35,15,101,31,88,120,131,97,14,123,51" hai2="90,82,40,54,65,53,73,37,24,17,117,100,57" hai3="4,87,16,113,46,33,125,106,104,107,103,11,95"/><V112/><F112/><W61/><G33/><T69/><D6/><U129/><E36/><V89/><F117/><W23/><G125/><T68/><D27/><N who="1" m="18943" /><E51/><V80/><F57/><W83/><G113/><T45/><D92/><N who="1" m="56455" /><E101/><V74/><F17/><W66/><G46/><T34/><D34/><U115/><E0/><V42/><F24/><W7/><G95/><T60/><D114/><U26/><E26/><V29/><F100/><W121/><G121/><N who="1" m="46666" /><E115/><V127/><F37/><W47/><G103/><T5/><D110/><U132/><E132/><V91/><F29/><W128/><G128/><AGARI ba="0,0" hai="14,15,128,129,131" m="46666,56455,18943" machi="128" ten="30,8000,1" yaku="19,1,13,1,52,2,54,1" doraHai="8" who="1" fromWho="3" sc="514,0,267,80,197,0,22,-80" owari="514,61.0,347,15.0,197,-20.0,-58,-56.0" /></mjloggm>