<mjloggm ver="2.3"><GO type="41" lobby="0"/><UN n0="%E2%93%9D%53%75%70%68%78" n1="%4B%61%6B%61%6B%61" n2="%53%63%79%74%68%65" n3="%6D%69%7A%75%79%6F%75" dan="18,14,15,15" rate="2116.51,1911.80,1988.53,2076.80" sx="M,F,M,M"/><TAIKYOKU oya="0"/><INIT seed="0,0,0,3,4,21" ten="250,250,250,250" oya="0" hai0="103,42,59,10,104,109,67,90,119,15,34,13,126" hai1="17,129,69,77,127,8,134,100,73,40,133,60,7" hai2="116,41,49,121,114,51,124,47,1,71,26,98,11" hai3="24,79,85,45,123,22,55,23,82,128,6,84,18"/><T131/><D119/><U37/><E100/><V81/><F114/><W38/><G128/><T19/><D126/><U88/><E88/><V56/><F121/><W80/><G123/><T39/><D34/><U74/><E127/><V106/><F71/><W118/><G118/><T125/><D125/><U2/><E17/><V83/><F116/><W115/><G115/><T28/><D28/><U9/><E9/><V14/><F1/><W4/><G38/><T108/><D131/><U52/><E129/><V107/><F56/><W31/><G55/><T65/><D90/><U43/><E43/><V68/><F51/><W101/><G45/><T16/><D59/><U76/><E52/><V87/><F68/><W30/><G101/><T135/><D135/><N who="1" m="51723" /><E60/><V89/><F98/><W111/><G111/><N who="0" m="42571" /><D42/><U25/><E25/><V102/><F102/><W12/><REACH who="3" step="1"/><G30/><REACH who="3" ten="250,250,250,240" step="2"/><T93/><D39/><U53/><E53/><V70/><F124/><W94/><G94/><T0/><D93/><U32/><E40/><V92/><F41/><W3/><G3/><T132/><D0/><U64/><E2/><V44/><F44/><W58/><G58/><T36/><D36/><U48/><E37/><V63/><F47/><W95/><G95/><T72/><D132/><U29/><E29/><V91/><F92/><W35/><G35/><T66/><D103/><U112/><E112/><V99/><F70/><W46/><G46/><T130/><D130/><U50/><E69/><V5/><F106/><W96/><G96/><T75/><D104/><U57/><E57/><V78/><F107/><W110/><G110/><RYUUKYOKU ba="0,1" sc="250,15,250,-15,250,-15,240,15" hai0="10,13,15,16,19,65,66,67,72,75" hai3="4,6,12,18,22,23,24,31,79,80,82,84,85" /><INIT seed="0,1,1,0,0,70" ten="265,235,235,255" oya="0" hai0="57,79,65,62,130,30,125,106,15,113,98,54,14" hai1="84,59,80,132,53,88,108,51,52,8,25,87,75" hai2="43,120,99,48,86,49,131,6,85,18,94,45,83" hai3="114,135,11,33,127,60,19,31,134,36,124,82,64"/><T78/><D113/><U105/><E105/><V29/><F131/><W68/><G114/><T96/><D130/><U42/><E75/><V35/><F6/><W117/><G117/><T4/><D125/><N who="3" m="48201" /><G82/><T107/><D30/><U93/><E132/><N who="3" m="50730" /><G19/><T122/><D122/><U126/><E126/><V111/><F111/><W128/><G11/><T77/><D107/><U109/><E42/><V97/><F18/><W20/><G20/><T61/><D106/><U76/><E8/><V39/><F35/><W119/><G119/><T27/><D27/><U123/><E123/><V103/><F29/><W37/><G128/><T10/><REACH who="0" step="1"/><D15/><REACH who="0" ten="255,235,235,255" step="2"/><U72/><E25/><AGARI ba="1,2" hai="25,31,33,36,37,60,64,68" m="50730,48201" machi="25" ten="30,8000,1" yaku="18,1,20,1,23,1,52,2" doraHai="70" who="3" fromWho="1" sc="255,0,235,-83,235,0,255,103" /><INIT seed="1,0,0,0,3,94" ten="255,152,235,358" oya="1" hai0="121,132,88,33,35,107,59,8,37,43,30,29,60" hai1="48,100,12,32,36,120,39,27,108,57,38,21,10" hai2="86,118,110,114,62,112,90,28,111,93,97,17,78" hai3="123,24,53,13,25,72,92,75,52,40,1,134,96"/><U129/><E120/><V74/><F28/><W119/><G123/><T76/><D121/><U84/><E129/><V50/><F62/><W4/><G134/><T125/><D107/><U2/><E108/><N who="2" m="41515" /><F50/><W116/><G1/><T11/><D76/><U69/><E69/><V115/><F17/><W89/><G40/><T45/><D125/><U14/><E84/><V7/><F7/><W85/><G4/><T26/><D132/><U80/><E80/><N who="2" m="45143" /><F118/><N who="3" m="45099" /><G13/><T81/><D30/><U34/><E100/><V6/><F6/><W65/><G65/><T131/><D131/><U79/><E79/><V46/><F46/><W23/><G24/><T71/><D26/><U0/><E57/><V49/><F49/><W18/><G85/><AGARI ba="0,0" hai="85,86,90,93,97,112,114,115" m="45143,41515" machi="85" ten="40,8000,1" yaku="11,1,14,1,34,2,52,1" doraHai="94" who="2" fromWho="3" sc="255,0,152,0,235,80,358,-80" /><INIT seed="2,0,0,0,0,12" ten="255,152,315,278" oya="2" hai0="7,47,89,131,39,50,84,103,15,9,37,38,76" hai1="35,4,110,121,40,64,62,93,30,49,127,8,81" hai2="83,14,23,13,86,74,125,48,61,133,45,123,34" hai3="55,19,108,53,0,135,102,25,101,88,115,2,128"/><V56/><F123/><W87/><G108/><T17/><D131/><U46/><E110/><V92/><F34/><W21/><G135/><T1/><D103/><U66/><E127/><V10/><F133/><W52/><G128/><T71/><D71/><U109/><E109/><V112/><F112/><W18/><G115/><T22/><D76/><U58/><E121/><V72/><F92/><N who="3" m="54303" /><G0/><T65/><D65/><U70/><E81/><V132/><F125/><W99/><G2/><T24/><D1/><U32/><E30/><V20/><F74/><W60/><G60/><T111/><D111/><U63/><REACH who="1" step="1"/><E93/><REACH who="1" ten="255,142,315,278" step="2"/><V28/><F28/><N who="3" m="17455" /><G102/><T67/><D67/><U42/><E42/><V29/><F29/><W113/><G113/><T90/><REACH who="0" step="1"/><D84/><REACH who="0" ten="245,142,315,278" step="2"/><U36/><E36/><V117/><F86/><W82/><G82/><T96/><D96/><U129/><E129/><V97/><F83/><W79/><G79/><T44/><D44/><U41/><E41/><AGARI ba="0,2" hai="7,9,15,17,22,24,37,38,39,41,47,50,89,90" machi="41" ten="40,2600,0" yaku="1,1,52,1,53,0" doraHai="12" doraHaiUra="26" who="0" fromWho="1" sc="245,46,142,-26,315,0,278,0" /><INIT seed="3,0,0,0,1,50" ten="291,116,315,278" oya="3" hai0="127,80,113,30,110,125,60,18,93,130,32,91,84" hai1="69,94,24,42,34,116,97,90,41,1,66,72,7" hai2="61,83,48,108,96,14,52,53,19,57,9,59,102" hai3="71,114,131,135,56,63,120,21,92,133,25,118,100"/><W76/><G114/><T88/><D110/><U13/><E72/><V74/><F74/><W8/><G118/><T43/><D43/><U129/><E129/><V47/><F83/><W117/><G117/><T33/><D130/><U46/><E116/><V132/><F132/><W35/><G131/><T75/><D30/><U54/><E1/><V51/><F108/><W15/><G120/><T40/><D40/><U107/><E107/><V49/><REACH who="2" step="1"/><F47/><REACH who="2" ten="291,116,305,278" step="2"/><W134/><G134/><T106/><D75/><U10/><E69/><V121/><F121/><W26/><G71/><T77/><D80/><U4/><E66/><V124/><F124/><W37/><G135/><T128/><D128/><U12/><E34/><V23/><F23/><W3/><G133/><T6/><D33/><U44/><E46/><V27/><F27/><W98/><G26/><T104/><D32/><U45/><E24/><V122/><F122/><W64/><G35/><T0/><D127/><U87/><E44/><V115/><F115/><W78/><G3/><T36/><D0/><U20/><E20/><V99/><F99/><W2/><G2/><T119/><D125/><U79/><E45/><V22/><F22/><W62/><G37/><T5/><D113/><U86/><E97/><V38/><F38/><W103/><G21/><T39/><D119/><U11/><E86/><V101/><F101/><W68/><G25/><T111/><D111/><U123/><E123/><V70/><F70/><W109/><G103/><T31/><D39/><U17/><E87/><V28/><F28/><W95/><G109/><T55/><D36/><RYUUKYOKU ba="0,1" sc="291,-10,116,-10,305,30,278,-10" hai2="9,14,19,48,49,51,52,53,57,59,61,96,102" /><INIT seed="4,1,1,3,1,41" ten="281,106,335,268" oya="0" hai0="66,19,135,102,68,20,12,76,120,47,85,70,26" hai1="37,35,94,31,60,84,40,57,103,34,72,69,25" hai2="99,45,124,111,116,130,119,58,3,128,39,100,29" hai3="23,75,121,44,126,110,48,114,92,10,83,13,117"/><T96/><D120/><U2/><E72/><V109/><F3/><W50/><G110/><N who="2" m="41993" /><F29/><W24/><G117/><N who="2" m="45129" /><F124/><W56/><G114/><T104/><D135/><U108/><E108/><V64/><F100/><W46/><G121/><T129/><D129/><N who="2" m="49770" /><F99/><W105/><G126/><T87/><D70/><U16/><E2/><V88/><F88/><W38/><G105/><T77/><D68/><U93/><E69/><V6/><F6/><W0/><G0/><T53/><D104/><U115/><E115/><V65/><F58/><W22/><G92/><N who="0" m="58631" /><D26/><U73/><E73/><V8/><F8/><W74/><G56/><T133/><D133/><U107/><E107/><V112/><F112/><W95/><G95/><T81/><D87/><U21/><E37/><V78/><F78/><W106/><G38/><T80/><D77/><U42/><E103/><V30/><F30/><W127/><G106/><T11/><D81/><U61/><E60/><V89/><F89/><W51/><G127/><T43/><D11/><U62/><E62/><V59/><F59/><W90/><G90/><T55/><D76/><U33/><E42/><AGARI ba="1,1" hai="39,42,45,64,65" m="49770,45129,41993" machi="42" ten="40,8000,1" yaku="12,1,19,1,34,2,52,1" doraHai="41" who="2" fromWho="1" sc="281,0,106,-83,335,93,268,0" /><INIT seed="5,0,0,2,2,59" ten="281,23,428,268" oya="1" hai0="68,106,38,125,36,19,34,26,45,21,72,122,134" hai1="15,23,65,124,86,5,89,16,98,76,37,3,88" hai2="79,94,93,48,60,64,12,120,55,7,103,61,35" hai3="22,99,1,105,54,84,10,43,49,71,20,95,129"/><U17/><E37/><V110/><F110/><W135/><G129/><T52/><D72/><U115/><E115/><V46/><F35/><W121/><G121/><T100/><D68/><U40/><E40/><V128/><F128/><W127/><G135/><T104/><D125/><U133/><E133/><V80/><F120/><W66/><G127/><T96/><D106/><U6/><E6/><V119/><F119/><W24/><G105/><T70/><D70/><U47/><E23/><V53/><F53/><W8/><G84/><T67/><D67/><U27/><E27/><V13/><F64/><W91/><G43/><T87/><D122/><U50/><E50/><V90/><F103/><W131/><G1/><T123/><D34/><U109/><E109/><V2/><F2/><W4/><G4/><T51/><D123/><U62/><E62/><N who="2" m="24171" /><F79/><W44/><G66/><T11/><D134/><U31/><E31/><V102/><F102/><W74/><G71/><T33/><D33/><U78/><E124/><V97/><F7/><W107/><G74/><T57/><D57/><U41/><E3/><V111/><F111/><W9/><G107/><T112/><D112/><U30/><E65/><V85/><F94/><W73/><G131/><T130/><D130/><U117/><E117/><V83/><F83/><W29/><G73/><T132/><D132/><U81/><E30/><V69/><F69/><W116/><G116/><T56/><D56/><U126/><E126/><V77/><AGARI ba="0,0" hai="12,13,46,48,55,77,80,85,90,93,97" m="24171" machi="77" ten="30,7900,0" yaku="8,1,52,3" doraHai="59" who="2" fromWho="2" sc="281,-20,23,-39,428,79,268,-20" owari="261,6.0,-16,-52.0,507,61.0,248,-15.0" /></mjloggm>