<mjloggm ver="2.3"><GO type="41" lobby="0"/><UN n0="%E4%B8%80%E6%97%A5%E4%B8%80%E5%96%84" n1="%E2%93%9D%53%75%70%68%78" n2="%46%32%30%4D%53%50" n3="%E7%A8%9A%E5%86%85%E6%B8%A9%E6%B3%89%E7%AB%A5%E5%A4%A2" dan="14,18,15,13" rate="1914.27,2163.81,2006.33,1867.16" sx="M,M,M,M"/><TAIKYOKU oya="0"/><INIT seed="0,0,0,5,2,98" ten="250,250,250,250" oya="0" hai0="40,26,15,5,52,24,20,78,117,54,18,28,37" hai1="25,13,3,111,121,91,87,27,53,10,12,81,59" hai2="80,55,62,14,82,133,103,132,7,44,23,124,131" hai3="102,125,105,99,128,97,126,61,33,73,11,100,65"/><T112/><D112/><U50/><E111/><V95/><F124/><W2/><G73/><T135/><D117/><U101/><E121/><V36/><F131/><W114/><G114/><T4/><D135/><N who="2" m="51786" /><F36/><W67/><G33/><T86/><D40/><U41/><E3/><V84/><F44/><W71/><G67/><T72/><D37/><U6/><E101/><V79/><F82/><W17/><G128/><T16/><D72/><U109/><E109/><V77/><F55/><W32/><G32/><T34/><D86/><U58/><E41/><V38/><F62/><W113/><G113/><T89/><D89/><U8/><REACH who="1" step="1"/><E59/><REACH who="1" ten="250,240,250,250" step="2"/><V119/><F103/><W108/><G108/><T31/><D78/><U51/><E51/><V48/><F48/><W107/><REACH who="3" step="1"/><G17/><AGARI ba="0,1" hai="6,8,10,12,13,17,25,27,50,53,58,81,87,91" machi="17" ten="30,3900,0" yaku="1,1,7,1,8,1,53,0" doraHai="98" doraHaiUra="68" who="1" fromWho="3" sc="250,0,240,49,250,0,250,-39" /><INIT seed="1,0,0,3,3,24" ten="250,289,250,211" oya="1" hai0="15,129,98,94,41,53,58,82,79,30,37,36,124" hai1="76,132,55,84,78,66,99,56,114,70,51,75,21" hai2="19,108,127,18,48,87,60,126,81,128,39,47,73" hai3="104,8,16,33,23,101,40,71,29,117,119,22,111"/><U1/><E114/><V83/><F108/><W45/><G71/><T103/><D124/><N who="2" m="47658" /><F39/><W57/><G111/><T123/><D129/><U7/><E75/><V133/><F128/><W11/><G104/><T17/><D41/><U2/><E132/><V6/><F6/><W116/><G101/><T80/><D123/><U100/><E70/><V35/><F35/><W5/><G57/><T85/><D80/><U25/><E66/><V12/><F133/><W121/><G45/><T43/><D43/><U3/><E7/><V110/><F110/><W65/><G40/><T118/><D118/><U44/><E84/><V62/><F73/><W74/><G65/><T49/><REACH who="0" step="1"/><D30/><REACH who="0" ten="240,289,250,211" step="2"/><U134/><E134/><V125/><F125/><W130/><G74/><T92/><D92/><U131/><E131/><V135/><F135/><W14/><G130/><T69/><D69/><U42/><E42/><N who="2" m="24695" /><F83/><W46/><G121/><T52/><D52/><U120/><E120/><V64/><F64/><W68/><G68/><T93/><D93/><U59/><E78/><N who="2" m="46519" /><F19/><W86/><G86/><T122/><D122/><U115/><E76/><V34/><F34/><W102/><G102/><T107/><D107/><U26/><E100/><V88/><F88/><W77/><G77/><T61/><D61/><U27/><E55/><V113/><F113/><W105/><G105/><T72/><D72/><U91/><E115/><V4/><F4/><W54/><G54/><T106/><D106/><U97/><E91/><V9/><AGARI ba="0,1" hai="9,12,18,60,62" m="46519,24695,47658" machi="9" ten="30,1100,0" yaku="18,1" doraHai="24" who="2" fromWho="2" sc="240,-3,289,-5,250,21,211,-3" /><INIT seed="2,0,0,2,3,103" ten="237,284,271,208" oya="2" hai0="135,4,40,126,32,8,109,41,59,65,60,42,121" hai1="64,39,31,16,100,38,55,90,30,43,51,14,20" hai2="56,49,106,10,53,71,115,67,95,24,9,45,52" hai3="54,7,74,23,101,29,93,87,47,46,79,132,17"/><V110/><F115/><W123/><G123/><T124/><D121/><U68/><E100/><V128/><F24/><W0/><G132/><T3/><D135/><U6/><E6/><V102/><F128/><W28/><G0/><T73/><D109/><U58/><E39/><V48/><F110/><W117/><G7/><T89/><D32/><U66/><E66/><V82/><F95/><W50/><G117/><T81/><REACH who="0" step="1"/><D89/><REACH who="0" ten="227,284,271,208" step="2"/><U120/><E120/><V72/><F72/><W122/><G122/><T36/><D36/><U83/><E90/><V5/><F82/><W119/><G119/><T97/><D97/><U85/><E85/><V88/><F88/><W12/><G74/><T78/><AGARI ba="0,1" hai="3,4,8,40,41,42,59,60,65,73,78,81,124,126" machi="78" ten="30,2000,0" yaku="1,1,0,1,53,0" doraHai="103" doraHaiUra="114" who="0" fromWho="0" sc="227,30,284,-5,271,-10,208,-5" /><INIT seed="3,0,0,2,4,49" ten="257,279,261,203" oya="3" hai0="70,83,58,114,8,37,31,45,36,124,109,95,74" hai1="52,14,115,62,33,13,132,101,6,100,64,38,73" hai2="72,20,39,77,7,66,16,21,47,60,5,94,56" hai3="76,17,129,110,19,68,130,96,54,111,85,22,112"/><W34/><G112/><T92/><D31/><U125/><E115/><V42/><F94/><W18/><G34/><T3/><D70/><U35/><E73/><V93/><F93/><W41/><G68/><T4/><D37/><U103/><E38/><V98/><F98/><W55/><G41/><T44/><D44/><U15/><E132/><V53/><F21/><W51/><G96/><T106/><D106/><U131/><E131/><N who="3" m="50186" /><G51/><T79/><D124/><U105/><E105/><V122/><F122/><W28/><G76/><T25/><D109/><N who="3" m="41481" /><G85/><T126/><D126/><U43/><E43/><V90/><F90/><W88/><G88/><T24/><D36/><U26/><E35/><V82/><REACH who="2" step="1"/><F66/><REACH who="2" ten="257,279,251,203" step="2"/><W127/><G127/><T57/><D114/><U119/><E64/><V0/><F0/><W84/><G84/><T50/><D3/><U9/><E125/><V59/><F59/><W134/><G134/><T29/><D57/><U11/><E33/><V113/><F113/><W121/><G121/><T10/><D58/><U67/><E67/><V89/><F89/><W104/><G104/><T128/><D92/><U46/><E103/><V1/><F1/><W78/><G78/><T63/><D95/><U107/><E101/><V23/><F23/><W91/><G91/><T118/><D79/><U123/><E100/><V102/><F102/><W2/><G2/><T30/><D83/><U32/><E107/><V61/><F61/><W135/><G135/><T116/><D63/><U86/><E62/><V97/><F97/><W27/><AGARI ba="0,1" hai="17,18,19,22,27,28,54,55" m="41481,50186" machi="27" ten="40,12000,1" yaku="19,1,14,1,10,1,52,2" doraHai="49" who="3" fromWho="3" sc="257,-40,279,-40,251,-40,203,130" /><INIT seed="3,1,0,2,2,89" ten="217,239,211,333" oya="3" hai0="88,46,110,76,60,17,24,19,99,112,96,85,103" hai1="58,134,114,68,91,108,32,44,21,90,36,34,95" hai2="16,69,65,127,14,125,81,132,79,78,84,93,9" hai3="52,124,100,73,62,87,25,0,1,39,10,59,3"/><W67/><G73/><T23/><D110/><U107/><E107/><V37/><F37/><W66/><G39/><T83/><D112/><U54/><E68/><V51/><F132/><W102/><G124/><N who="2" m="47689" /><F51/><W113/><G113/><T5/><D5/><U118/><E108/><V77/><F69/><W26/><G10/><T43/><D60/><U120/><E120/><V126/><N who="2" m="47697" /><V119/><DORA hai="80" /><F65/><W41/><G41/><T63/><D63/><U31/><E118/><V86/><F119/><W105/><G105/><T56/><D56/><U97/><E134/><V109/><F109/><W53/><G3/><T22/><D103/><U94/><E114/><V57/><F57/><W27/><G27/><T50/><D76/><U104/><E104/><V4/><F4/><W92/><G59/><T12/><AGARI ba="1,0" hai="12,17,19,22,23,24,43,46,50,83,85,88,96,99" machi="12" ten="20,8000,1" yaku="0,1,7,1,8,1,52,1,54,1" doraHai="89,80" who="0" fromWho="0" sc="217,83,239,-21,211,-21,333,-41" /><INIT seed="4,0,0,2,3,116" ten="300,218,190,292" oya="0" hai0="51,31,121,47,44,16,49,63,11,115,120,93,92" hai1="125,113,128,76,134,54,4,80,97,95,122,111,21" hai2="98,6,71,26,38,85,61,17,90,105,118,83,89" hai3="126,86,64,78,39,68,99,124,135,104,59,24,58"/><T74/><D115/><U77/><E4/><V10/><F38/><W70/><G39/><T79/><D79/><U123/><E21/><V91/><F118/><W117/><G117/><T133/><D74/><U69/><E69/><V110/><F110/><W132/><G24/><T102/><D63/><U27/><E54/><V57/><F71/><W114/><G104/><T96/><D31/><U35/><E27/><V100/><F17/><W7/><G99/><T48/><D133/><N who="3" m="51273" /><G7/><T36/><D93/><U109/><E35/><V72/><F26/><W45/><G78/><N who="1" m="30314" /><E134/><V130/><F72/><W40/><G86/><T23/><D11/><U41/><E41/><V22/><F22/><W129/><G114/><T20/><D20/><U103/><E113/><V13/><REACH who="2" step="1"/><F130/><REACH who="2" ten="300,218,180,292" step="2"/><W33/><G129/><T42/><REACH who="0" step="1"/><D44/><REACH who="0" ten="290,218,180,292" step="2"/><U67/><E128/><V82/><F82/><W15/><G33/><T75/><D75/><U8/><E111/><V65/><AGARI ba="0,2" hai="6,10,13,57,61,65,83,85,89,90,91,98,100,105" machi="65" ten="20,2700,0" yaku="1,1,0,1,7,1,53,0" doraHai="116" doraHaiUra="127" who="2" fromWho="2" sc="290,-13,218,-7,180,47,292,-7" /><INIT seed="5,0,0,1,3,8" ten="277,211,227,285" oya="1" hai0="39,5,126,49,15,18,132,13,21,51,6,70,30" hai1="28,45,83,111,26,17,134,41,71,85,89,63,19" hai2="27,36,14,32,82,12,119,56,120,103,62,91,84" hai3="25,7,113,61,88,90,99,33,29,53,86,131,64"/><U34/><E134/><V35/><F120/><W68/><G113/><T11/><D39/><U123/><E123/><V107/><F119/><W118/><G118/><T79/><D70/><U115/><E115/><V20/><F36/><W100/><G131/><T38/><D38/><U40/><E111/><V46/><F46/><W108/><G108/><T122/><D122/><U81/><E81/><V0/><F0/><W77/><G53/><T60/><D126/><U57/><E71/><V55/><F103/><W31/><G31/><T43/><D79/><U102/><E102/><V2/><F107/><N who="3" m="63903" /><G7/><N who="0" m="3327" /><D43/><U58/><E58/><V116/><F2/><W72/><G86/><T76/><D76/><U74/><E74/><V75/><F75/><W37/><G37/><T4/><D30/><U105/><E105/><V10/><F116/><W44/><G44/><T59/><D132/><U80/><E80/><AGARI ba="0,0" hai="25,29,33,61,64,68,72,77,80,88,90" m="63903" machi="80" ten="30,2000,0" yaku="25,1,54,1" doraHai="8" who="3" fromWho="1" sc="277,0,211,-20,227,0,285,20" /><INIT seed="6,0,0,3,1,17" ten="277,191,227,305" oya="2" hai0="42,3,13,123,95,81,73,103,77,90,57,110,125" hai1="85,94,55,72,6,39,21,46,83,102,0,41,30" hai2="28,1,45,126,113,65,100,130,44,105,104,12,67" hai3="33,89,127,78,59,27,63,101,19,38,82,49,91"/><V115/><F1/><W34/><G38/><T61/><D110/><U114/><E114/><N who="2" m="43531" /><F130/><W93/><G127/><T52/><D123/><U134/><E134/><V18/><F126/><W124/><G124/><T58/><D3/><U122/><E122/><V108/><F28/><W74/><G49/><T62/><D125/><U20/><E30/><V51/><F108/><W23/><G101/><T120/><D120/><U35/><E35/><V70/><F70/><W64/><REACH who="3" step="1"/><G89/><REACH who="3" ten="277,191,227,295" step="2"/><T107/><D103/><U29/><E102/><V66/><F100/><W31/><G31/><T10/><D107/><N who="2" m="41034" /><F51/><W84/><AGARI ba="0,1" hai="19,23,27,33,34,59,63,64,74,78,82,84,91,93" machi="84" ten="20,5200,0" yaku="1,1,0,1,7,1,52,1,53,0" doraHai="17" doraHaiUra="5" who="3" fromWho="3" sc="277,-13,191,-13,227,-26,295,62" /><INIT seed="7,0,0,5,0,57" ten="264,178,201,357" oya="3" hai0="132,58,30,99,52,115,48,35,7,40,124,118,119" hai1="114,34,88,15,122,87,91,106,22,131,78,90,84" hai2="6,17,31,85,67,2,63,19,12,27,43,42,135" hai3="83,39,109,72,61,123,108,28,82,41,134,101,4"/><W126/><G123/><T71/><D7/><U75/><E34/><V92/><F135/><W70/><G134/><T60/><D30/><U68/><E68/><V130/><F130/><W69/><G28/><T14/><D35/><U20/><E122/><V81/><F92/><W89/><G101/><T64/><D132/><U93/><E131/><V112/><F6/><W129/><G129/><T36/><D14/><U0/><E0/><V59/><F2/><W38/><G4/><T50/><D99/><U24/><E106/><V51/><F51/><W49/><G72/><T77/><D77/><U62/><E114/><V23/><F19/><W79/><G79/><T47/><D115/><U94/><E62/><V105/><F105/><W102/><G102/><T76/><D76/><U56/><E56/><V1/><F1/><W11/><G11/><T127/><D48/><U104/><E104/><V107/><F107/><W133/><G133/><T18/><D18/><U55/><E55/><V26/><F26/><W113/><G113/><T37/><D37/><U80/><E15/><V53/><F67/><W95/><G39/><T25/><D25/><U33/><REACH who="1" step="1"/><E91/><REACH who="1" ten="264,168,201,357" step="2"/><V46/><F112/><W86/><G70/><T44/><D44/><U45/><E45/><V32/><REACH who="2" step="1"/><F46/><REACH who="2" ten="264,168,191,357" step="2"/><W5/><G108/><T16/><D47/><U103/><E103/><V13/><F13/><W29/><G109/><T10/><D36/><U54/><E54/><V73/><F73/><W100/><G100/><T125/><D52/><U116/><E116/><V117/><F117/><W111/><G38/><T74/><D118/><RYUUKYOKU ba="0,2" sc="264,-15,168,15,191,15,357,-15" hai1="20,22,24,33,75,78,80,84,87,88,90,93,94" hai2="12,17,23,27,31,32,42,43,53,59,63,81,85" owari="249,5.0,183,-32.0,206,-19.0,362,46.0" /></mjloggm>