<mjloggm ver="2.3"><GO type="41" lobby="0"/><UN n0="%E3%82%A8%E3%82%BB%E7%A8%B2%E8%91%89" n1="%E3%81%84%E3%82%8D%E3%81%AF%41%44" n2="%E6%B2%99%E6%9C%88%E6%9C%88%E5%A4%A9%E4%B8%8B%E7%AC%AC%E4%B8%80" n3="%E2%93%9D%53%75%70%68%78" dan="14,14,13,16" rate="1910.35,1937.67,1814.01,2095.26" sx="M,M,F,M"/><TAIKYOKU oya="0"/><INIT seed="0,0,0,1,3,60" ten="250,250,250,250" oya="0" hai0="13,64,84,19,56,45,43,47,57,9,27,115,63" hai1="55,118,97,82,89,16,77,21,116,24,88,39,42" hai2="86,99,10,114,23,67,95,124,107,106,126,103,29" hai3="127,70,120,69,75,50,78,18,17,109,85,52,7"/><T102/><D115/><U2/><E2/><V129/><F114/><W54/><G75/><T65/><D102/><U105/><E42/><V93/><F129/><W33/><G33/><T73/><D73/><U133/><E39/><V3/><F3/><W28/><G28/><T123/><D123/><U40/><E40/><V14/><F67/><N who="0" m="25674" /><D84/><U71/><E71/><V96/><F29/><W61/><G70/><T122/><D122/><U58/><E133/><V22/><F86/><W101/><G101/><T49/><D47/><U72/><E105/><V112/><F112/><W8/><G69/><T79/><D79/><U100/><E100/><V6/><F22/><W0/><G120/><T132/><D132/><U32/><E32/><V53/><F53/><W83/><G54/><N who="0" m="34199" /><D57/><U12/><E12/><V121/><F121/><W92/><G78/><T98/><D98/><U74/><E72/><V135/><F135/><W34/><G85/><T91/><D91/><U62/><REACH who="1" step="1"/><E97/><REACH who="1" ten="250,240,250,250" step="2"/><V36/><F99/><W51/><G0/><T31/><D31/><U44/><E44/><V94/><F96/><W90/><G90/><AGARI ba="0,1" hai="16,21,24,55,58,62,74,77,82,88,89,90,116,118" machi="90" ten="40,5200,0" yaku="1,1,54,2,53,0" doraHai="60" doraHaiUra="81" who="1" fromWho="3" sc="250,0,240,62,250,0,250,-52" /><INIT seed="1,0,0,1,3,38" ten="250,302,250,198" oya="1" hai0="95,92,113,51,133,4,0,76,109,135,105,2,36" hai1="114,54,117,119,80,7,64,99,83,69,27,98,126" hai2="45,128,125,75,93,107,87,134,68,43,129,26,41" hai3="82,12,58,106,10,49,124,112,25,101,116,52,71"/><U103/><E114/><V56/><F75/><W24/><G112/><T74/><D113/><U84/><E83/><V115/><F115/><W16/><G71/><T89/><D109/><U39/><E7/><V60/><F107/><W63/><G124/><T131/><D36/><U61/><E126/><V77/><F125/><W55/><G116/><T5/><D105/><U108/><E99/><V121/><F121/><W14/><G106/><T90/><D51/><U81/><E80/><N who="2" m="47503" /><F134/><W48/><G101/><T32/><D76/><U19/><E108/><V11/><F68/><W20/><G82/><T110/><D110/><U9/><E39/><V3/><F26/><W42/><G42/><N who="2" m="15881" /><F45/><N who="3" m="27663" /><G63/><T37/><D37/><U79/><E27/><V28/><F28/><W97/><G97/><T34/><D74/><U53/><E98/><V78/><F78/><W31/><G31/><T50/><D50/><U104/><E104/><V73/><F73/><W13/><G25/><T85/><D85/><U57/><E84/><V30/><F30/><W120/><G120/><T8/><D8/><U22/><E9/><V96/><F11/><W33/><G33/><T23/><D23/><U118/><E69/><V100/><F3/><W127/><G127/><T15/><D15/><U35/><E35/><V94/><F94/><W67/><G10/><T44/><D44/><U1/><E1/><V123/><F123/><W47/><G24/><T91/><D90/><U18/><E22/><V86/><F86/><W17/><G20/><T122/><D122/><U6/><E119/><V62/><F56/><W29/><G29/><RYUUKYOKU ba="0,0" sc="250,10,302,-30,250,10,198,10" hai0="0,2,4,5,32,34,89,91,92,95,131,133,135" hai2="60,62,93,96,100,128,129" hai3="12,13,14,16,17,47,49,55,58,67" /><INIT seed="2,1,0,1,3,112" ten="260,272,260,208" oya="2" hai0="90,104,101,32,67,44,111,40,114,125,1,54,109" hai1="98,55,75,23,12,57,3,62,96,132,66,73,65" hai2="16,113,122,118,79,5,25,117,29,19,21,15,20" hai3="45,83,103,39,131,46,85,59,28,0,68,35,70"/><V63/><F63/><W18/><G0/><T36/><D1/><U43/><E3/><V49/><F79/><W30/><G131/><T134/><D32/><U72/><E43/><V74/><F74/><W84/><G103/><T121/><D104/><U47/><E47/><V22/><F49/><W124/><G35/><T116/><D114/><U130/><E130/><V99/><F99/><W42/><G124/><T102/><D125/><U120/><E120/><V48/><F48/><W33/><G33/><T17/><D121/><U52/><E132/><V107/><F107/><W82/><G18/><N who="2" m="6697" /><F113/><W13/><G13/><T128/><D128/><U129/><E129/><V31/><F122/><W60/><G60/><T71/><D17/><U2/><E12/><V92/><F92/><W6/><G42/><T93/><D134/><U34/><E34/><N who="2" m="20783" /><F31/><W87/><G87/><T91/><D90/><U89/><E89/><V11/><AGARI ba="1,0" hai="5,11,15,20,21,22,117,118" m="20783,6697" machi="11" ten="30,12000,1" yaku="34,2,52,2,54,1" doraHai="112" who="2" fromWho="2" sc="260,-41,272,-41,260,123,208,-41" /><INIT seed="2,2,0,2,5,96" ten="219,231,383,167" oya="2" hai0="132,55,101,62,125,74,122,78,7,129,6,61,58" hai1="105,80,30,21,108,54,60,115,13,2,85,128,26" hai2="41,56,93,5,89,66,134,114,53,59,14,75,67" hai3="110,35,20,51,106,109,81,121,1,11,31,76,65"/><V119/><F119/><W63/><G51/><T38/><D122/><U39/><E115/><V15/><F114/><W131/><G20/><T69/><D129/><U97/><E39/><V8/><F75/><W91/><G91/><T37/><D132/><U72/><E128/><V107/><F107/><W52/><G131/><T99/><D125/><U42/><E2/><V120/><F120/><W116/><G121/><T100/><D74/><U9/><E72/><V124/><F124/><W45/><G106/><T43/><D78/><U12/><E42/><V79/><F134/><W102/><G31/><T10/><D7/><U133/><E133/><V22/><F79/><W36/><G35/><T104/><D100/><U88/><E108/><V77/><F77/><W130/><G102/><T126/><D126/><U82/><E105/><V117/><F117/><W40/><G52/><T33/><D33/><U71/><E97/><N who="2" m="57519" /><F41/><W4/><G116/><T3/><REACH who="0" step="1"/><D43/><REACH who="0" ten="209,231,383,167" step="2"/><U84/><E9/><V111/><F5/><W70/><REACH who="3" step="1"/><G130/><REACH who="3" ten="209,231,383,157" step="2"/><T32/><D32/><U57/><REACH who="1" step="1"/><E71/><REACH who="1" ten="209,221,383,157" step="2"/><V87/><F8/><W47/><G47/><T19/><D19/><U34/><E34/><V94/><F22/><W16/><G16/><T90/><D90/><AGARI ba="2,3" hai="12,13,21,26,30,54,57,60,80,82,84,85,88,90" machi="90" ten="30,12000,2" yaku="1,1,7,1,9,1,8,1,54,1,53,1" doraHai="96" doraHaiUra="24" who="1" fromWho="0" sc="209,-126,221,156,383,0,157,0" /><INIT seed="3,0,0,3,4,91" ten="83,377,383,157" oya="3" hai0="8,125,86,6,131,132,133,62,2,36,61,10,81" hai1="96,55,105,4,30,104,75,16,135,19,11,21,118" hai2="13,22,1,92,35,37,31,40,108,43,72,27,129" hai3="128,95,82,23,29,25,49,18,94,60,39,33,116"/><W47/><G116/><T0/><D36/><U119/><E135/><V32/><F72/><W123/><G123/><T76/><D131/><U83/><E30/><V44/><F129/><W64/><G39/><T3/><D125/><U17/><E21/><V85/><F108/><W38/><G38/><T121/><D121/><U54/><E75/><V126/><F126/><W24/><G82/><T103/><D103/><U71/><E83/><V20/><F1/><W45/><G128/><T63/><REACH who="0" step="1"/><D6/><REACH who="0" ten="73,377,383,157" step="2"/><U124/><E124/><V66/><F37/><W120/><G120/><T58/><D58/><U74/><E71/><V69/><F69/><W127/><G127/><T52/><D52/><U65/><E65/><V73/><F66/><W113/><G113/><T41/><D41/><U5/><E5/><V97/><F43/><W70/><REACH who="3" step="1"/><G47/><REACH who="3" ten="73,377,383,147" step="2"/><T15/><D15/><U111/><E119/><V26/><F44/><W98/><G98/><T87/><D87/><U67/><E96/><V109/><F13/><W102/><G102/><T101/><D101/><U79/><E118/><V117/><F117/><W7/><G7/><T114/><D114/><U46/><E4/><V57/><F85/><W99/><G99/><T100/><D100/><U107/><E74/><V88/><F73/><W51/><G51/><T28/><D28/><U77/><E46/><V90/><F31/><W112/><G112/><T80/><D80/><U53/><E77/><V93/><F97/><W56/><G56/><T122/><D122/><U78/><E79/><V48/><F57/><W34/><G34/><T59/><D59/><RYUUKYOKU ba="0,2" sc="73,15,377,-15,383,-15,147,15" hai0="0,2,3,8,10,61,62,63,76,81,86,132,133" hai3="18,23,24,25,29,33,45,49,60,64,70,94,95" /><INIT seed="3,1,2,1,4,118" ten="88,362,368,162" oya="3" hai0="131,2,97,64,58,125,124,20,63,127,75,61,132" hai1="130,91,23,133,21,44,50,42,53,101,83,90,16" hai2="87,123,7,47,41,36,27,108,9,89,0,95,104" hai3="26,48,70,120,57,92,4,46,99,15,126,51,71"/><W18/><G126/><T80/><D2/><U94/><E130/><V105/><F108/><W103/><G120/><T109/><D109/><U5/><E133/><V86/><F123/><W40/><G4/><T119/><D119/><U114/><E114/><V25/><REACH who="2" step="1"/><F87/><REACH who="2" ten="88,362,358,162" step="2"/><W85/><G85/><T69/><D131/><U72/><E72/><V28/><F28/><W29/><G29/><T52/><D132/><U45/><E5/><V14/><F14/><W17/><G26/><AGARI ba="1,3" hai="0,7,9,25,26,27,36,41,47,86,89,95,104,105" machi="26" ten="40,2600,0" yaku="1,1,53,1" doraHai="118" doraHaiUra="43" who="2" fromWho="3" sc="88,0,362,0,358,59,162,-29" /><INIT seed="4,0,0,0,0,102" ten="88,362,417,133" oya="0" hai0="67,35,4,86,25,96,65,73,81,52,109,56,55" hai1="37,129,59,31,7,118,79,0,80,68,14,89,93" hai2="45,98,101,50,132,90,63,36,83,34,21,105,41" hai3="53,128,135,1,130,16,116,15,87,10,2,111,39"/><T119/><D119/><U123/><E118/><V71/><F132/><W6/><G39/><T92/><D73/><U70/><E37/><V11/><F34/><W27/><G53/><T42/><D42/><U20/><E123/><V30/><F11/><W51/><G51/><T54/><D109/><U5/><E0/><N who="3" m="106" /><G87/><T134/><D134/><U100/><E100/><V22/><F30/><W82/><G82/><T78/><D4/><U9/><E7/><V74/><F36/><W124/><G116/><T108/><D108/><U47/><E47/><V76/><REACH who="2" step="1"/><F90/><REACH who="2" ten="88,362,407,133" step="2"/><W77/><G111/><T115/><D115/><U126/><E31/><V64/><AGARI ba="0,1" hai="21,22,41,45,50,63,64,71,74,76,83,98,101,105" machi="64" ten="30,8000,1" yaku="1,1,2,1,0,1,52,1,53,1" doraHai="102" doraHaiUra="99" who="2" fromWho="2" sc="88,-40,362,-20,407,90,133,-20" /><INIT seed="5,0,0,4,1,38" ten="48,342,497,113" oya="1" hai0="113,119,30,21,74,8,59,109,126,26,39,75,37" hai1="130,42,92,68,131,51,9,3,29,31,107,45,22" hai2="81,40,57,49,91,108,79,16,18,101,117,114,128" hai3="97,23,24,47,70,121,83,67,12,93,63,69,105"/><U106/><E68/><V82/><F117/><W124/><G105/><T110/><D119/><U76/><E76/><V129/><F108/><W41/><G124/><T46/><D126/><U61/><E61/><V48/><F114/><W80/><G70/><T32/><D113/><U90/><E106/><V44/><F101/><W56/><G12/><T5/><D59/><U132/><E107/><V95/><F129/><N who="1" m="49161" /><E22/><V13/><F128/><W99/><G99/><T100/><D21/><U54/><E132/><V28/><F28/><N who="1" m="10825" /><E9/><N who="2" m="6191" /><F18/><W96/><G69/><T10/><D100/><U104/><E3/><V65/><F79/><W127/><G127/><T86/><D86/><N who="1" m="52311" /><E104/><V2/><F2/><W55/><G23/><T60/><D10/><U34/><E34/><V125/><F125/><W98/><G98/><T6/><D60/><U71/><E71/><V84/><F65/><W43/><G67/><T58/><D58/><U66/><E66/><V102/><F102/><W14/><G56/><T134/><D134/><U133/><E133/><V89/><F89/><W1/><G1/><T53/><D5/><U17/><E17/><V35/><F35/><W116/><G116/><T103/><D103/><U11/><E11/><V111/><F111/><W115/><G115/><T135/><D135/><U64/><E64/><V33/><F33/><W73/><G63/><T122/><D110/><U85/><E85/><V25/><F25/><W88/><G24/><T52/><D109/><U20/><E20/><V78/><F78/><W72/><G97/><T62/><D32/><U27/><E27/><V123/><F84/><RYUUKYOKU ba="0,0" sc="48,-10,342,30,497,-10,113,-10" hai1="42,45,51,54" /><INIT seed="5,1,0,0,3,33" ten="38,372,487,103" oya="1" hai0="44,2,47,78,121,82,103,106,88,131,115,32,111" hai1="80,116,59,132,126,26,135,75,87,112,79,83,42" hai2="45,95,34,105,50,31,56,12,90,91,23,108,62" hai3="100,54,81,97,3,7,55,16,122,94,51,89,43"/><U101/><E116/><V19/><F108/><W124/><G122/><T71/><D111/><U114/><E42/><N who="2" m="24887" /><F105/><W125/><G43/><T40/><D115/><N who="1" m="44075" /><E59/><V0/><F0/><W110/><G110/><T98/><D32/><U1/><E26/><N who="2" m="16863" /><F34/><W5/><G55/><T84/><D131/><U74/><E126/><N who="3" m="48746" /><G3/><T22/><D71/><U66/><E66/><N who="2" m="39239" /><F95/><W37/><G37/><T104/><D121/><U61/><E61/><V92/><F92/><W15/><G51/><T133/><D133/><N who="1" m="51275" /><E1/><V36/><F36/><W24/><G54/><T70/><D70/><U17/><E17/><V134/><F134/><W76/><G24/><T41/><D2/><U113/><N who="1" m="44083" /><U20/><DORA hai="93" /><E20/><AGARI ba="1,0" hai="12,19,20,90,91" m="39239,16863,24887" machi="20" ten="30,1000,0" yaku="8,1" doraHai="33,93" who="2" fromWho="1" sc="38,0,372,-13,487,13,103,0" /><INIT seed="6,0,0,2,4,13" ten="38,359,500,103" oya="2" hai0="129,14,131,109,0,40,114,15,118,59,41,42,81" hai1="121,112,34,119,12,2,74,9,25,125,63,104,7" hai2="122,47,44,113,130,27,68,17,96,26,84,32,90" hai3="105,106,66,98,52,38,31,78,126,71,23,19,53"/><V33/><F122/><W51/><G38/><T50/><D109/><U115/><E104/><V134/><F68/><W73/><G31/><T133/><D0/><U54/><E63/><V69/><F69/><W35/><G35/><T75/><D133/><U127/><E54/><V55/><F134/><W67/><G126/><N who="1" m="48138" /><E74/><V110/><F110/><W88/><G78/><T86/><D75/><U111/><E119/><V124/><F124/><W87/><G73/><T70/><D70/><U11/><E111/><V37/><F113/><N who="1" m="43593" /><E121/><V95/><F130/><W77/><G53/><T10/><D118/><U45/><E45/><V100/><F55/><W99/><G106/><T5/><D114/><U89/><E89/><V72/><F72/><W28/><G77/><T3/><D59/><U108/><E108/><V46/><F37/><W62/><G105/><T123/><D123/><U82/><E82/><V30/><F100/><W61/><G61/><T128/><REACH who="0" step="1"/><D50/><REACH who="0" ten="28,359,500,103" step="2"/><U116/><E116/><V64/><F47/><W36/><G36/><T18/><D18/><N who="1" m="8463" /><E34/><V43/><F33/><W117/><G117/><T4/><D4/><U1/><E2/><V76/><F46/><W83/><G71/><T102/><D102/><U60/><E60/><V22/><F44/><W48/><G62/><T91/><AGARI ba="0,1" hai="3,5,10,14,15,40,41,42,81,86,91,128,129,131" machi="91" ten="40,5200,0" yaku="1,1,0,1,19,1,53,0" doraHai="13" doraHaiUra="24" who="0" fromWho="0" sc="28,62,359,-13,500,-26,103,-13" /><INIT seed="7,0,0,5,2,44" ten="90,346,474,90" oya="3" hai0="42,36,34,114,69,67,125,58,130,124,54,24,31" hai1="83,59,90,103,37,49,21,25,107,80,133,62,99" hai2="74,27,98,46,9,28,60,57,87,102,81,13,10" hai3="39,111,12,3,95,51,6,48,11,5,135,121,2"/><W18/><G39/><T55/><D69/><U92/><E133/><V89/><F74/><W66/><G121/><T127/><D114/><U123/><E37/><V63/><F46/><W113/><G113/><T120/><D120/><U97/><E123/><V86/><F86/><W26/><G135/><T29/><D36/><U122/><E122/><V117/><F117/><W105/><G105/><T15/><D42/><U76/><E76/><V115/><F115/><W119/><G119/><T35/><D130/><U7/><E7/><N who="3" m="2570" /><G3/><T61/><D15/><U94/><E107/><V50/><F13/><N who="3" m="7487" /><G2/><T106/><D106/><U4/><E4/><V8/><F102/><W64/><G111/><T78/><D78/><U70/><E70/><V22/><F98/><W82/><G82/><T38/><D38/><U96/><E99/><V109/><F109/><W73/><G73/><T88/><D88/><U132/><E132/><V128/><F128/><W93/><G26/><AGARI ba="0,0" hai="24,26,29,31,34,35,54,55,58,61,67,124,125,127" machi="26" ten="40,2600,0" yaku="9,1,18,1" doraHai="44" who="0" fromWho="3" sc="90,26,346,0,474,0,90,-26" owari="116,-28.0,346,15.0,474,57.0,64,-44.0" /></mjloggm>