<mjloggm ver="2.3"><GO type="41" lobby="0"/><UN n0="%E6%9C%AA%E5%8B%9D%E5%88%A9%E5%B0%82" n1="%E2%93%9D%53%75%70%68%78" n2="%41%6C%75%6D%69%4E%61" n3="%6E%75%67%67%65%74" dan="15,18,14,14" rate="2034.77,2123.19,1887.35,1877.20" sx="M,M,M,M"/><TAIKYOKU oya="0"/><INIT seed="0,0,0,1,5,91" ten="250,250,250,250" oya="0" hai0="10,80,134,55,87,50,99,77,8,16,57,132,38" hai1="47,102,15,135,110,100,117,31,116,78,98,65,3" hai2="85,109,19,33,126,90,108,92,39,52,97,61,23" hai3="13,76,58,21,25,96,86,41,88,28,70,24,67"/><T62/><D38/><U46/><E3/><V113/><F39/><W18/><G70/><T22/><D50/><U121/><E121/><V84/><F33/><W94/><G41/><T130/><D130/><U93/><E110/><N who="2" m="42603" /><F113/><W32/><G32/><T56/><D56/><U125/><E125/><V60/><F126/><W1/><G1/><T11/><REACH who="0" step="1"/><D99/><REACH who="0" ten="240,250,250,250" step="2"/><U111/><E98/><V49/><F97/><W36/><G36/><T2/><D2/><U17/><E111/><V27/><F84/><W106/><G106/><T35/><D35/><U114/><E114/><V37/><F37/><W40/><G96/><T9/><N who="0" m="2048" /><DORA hai="112" /><T29/><D29/><U72/><E31/><V103/><F103/><W12/><G58/><AGARI ba="0,1" hai="19,23,27,49,52,58,60,61,85,90,92" m="42603" machi="58" ten="30,3900,0" yaku="14,1,52,1,54,1" doraHai="91,112" who="2" fromWho="3" sc="240,0,250,0,250,49,250,-39" /><INIT seed="1,0,0,5,4,31" ten="240,250,299,211" oya="1" hai0="66,50,37,134,63,123,34,121,115,51,36,71,100" hai1="22,8,131,24,68,59,25,84,39,52,21,40,4" hai2="27,15,106,111,17,80,42,28,90,41,0,9,35" hai3="133,130,119,94,48,70,83,95,57,69,7,103,89"/><U1/><E68/><V38/><F38/><N who="0" m="14954" /><D100/><U44/><E131/><V64/><F64/><W118/><G7/><T54/><D115/><U86/><E25/><V11/><F106/><W107/><G48/><N who="0" m="18475" /><D34/><U125/><E125/><V82/><F111/><W43/><G43/><T5/><D5/><U74/><E74/><V33/><F90/><W112/><G57/><T18/><D18/><U126/><E126/><V104/><F104/><W61/><G112/><T105/><D105/><U77/><E77/><V10/><F0/><W13/><G107/><T12/><D12/><U45/><E45/><V113/><F113/><W128/><G13/><T72/><D72/><U19/><REACH who="1" step="1"/><E22/><REACH who="1" ten="240,240,299,211" step="2"/><V65/><F42/><W99/><G118/><T97/><D134/><U79/><E79/><V132/><F41/><W6/><G133/><T129/><D129/><U87/><E87/><V127/><F132/><W49/><G119/><T30/><D97/><U88/><E88/><V120/><F127/><W85/><G128/><T101/><D101/><U26/><E26/><V46/><F46/><W58/><G103/><T14/><D71/><U32/><E32/><V47/><F47/><W76/><G70/><T23/><D23/><U2/><E2/><V81/><F35/><W78/><G69/><T116/><D116/><U56/><E56/><V110/><F33/><W117/><G117/><T92/><D123/><U29/><E29/><V108/><F120/><W20/><G130/><T16/><D30/><U122/><E122/><V67/><F28/><W135/><G135/><T98/><D121/><U53/><E53/><RYUUKYOKU ba="0,1" sc="240,-10,240,30,299,-10,211,-10" hai1="1,4,8,19,21,24,39,40,44,52,59,84,86" /><INIT seed="1,1,1,1,4,66" ten="230,270,289,201" oya="1" hai0="83,128,119,132,43,6,49,61,97,29,46,5,77" hai1="52,18,71,87,24,135,88,125,115,99,74,47,15" hai2="131,10,64,70,68,122,130,84,1,13,20,60,34" hai3="78,37,95,33,32,40,23,75,101,107,96,56,38"/><U21/><E74/><V110/><F122/><W81/><G37/><T4/><D119/><U89/><E71/><N who="2" m="42375" /><F1/><W109/><G109/><T51/><D132/><U93/><E125/><V100/><F34/><W58/><G58/><T50/><D128/><N who="2" m="49194" /><F110/><W42/><G42/><T108/><D108/><U2/><E2/><V106/><F20/><W22/><G22/><T14/><D29/><U55/><E115/><V118/><F84/><W25/><G56/><T124/><D97/><U39/><E135/><V16/><F118/><W79/><G79/><T116/><D116/><U54/><E39/><V90/><F90/><W92/><G92/><T0/><D0/><U112/><E112/><V127/><F127/><W73/><G73/><T126/><D126/><U103/><E89/><V67/><F67/><W65/><G65/><T85/><D124/><U129/><E129/><V111/><F111/><W59/><G59/><T17/><REACH who="0" step="1"/><D61/><REACH who="0" ten="220,270,289,201" step="2"/><U48/><REACH who="1" step="1"/><E24/><REACH who="1" ten="220,260,289,201" step="2"/><V41/><F41/><W94/><G38/><T80/><D80/><AGARI ba="1,3" hai="15,18,21,47,48,52,54,55,80,87,88,93,99,103" machi="80" ten="30,18000,2" yaku="1,1,2,1,7,1,8,1,54,2,53,0" doraHai="66" doraHaiUra="104" who="1" fromWho="0" sc="220,-183,260,213,289,0,201,0" /><INIT seed="1,2,0,5,3,3" ten="37,473,289,201" oya="1" hai0="107,63,11,115,97,96,46,103,98,125,28,62,20" hai1="30,49,26,65,104,116,82,5,100,126,72,37,2" hai2="120,105,54,131,15,88,78,19,27,33,25,1,74" hai3="81,94,41,16,122,10,51,43,14,101,59,130,109"/><U95/><E116/><V21/><F105/><W32/><G32/><T83/><D115/><U50/><E126/><V69/><F69/><W6/><G122/><T67/><D125/><U29/><E65/><V92/><F120/><W13/><G109/><T70/><D83/><U77/><E30/><V135/><F131/><W119/><G119/><T56/><D46/><U71/><E95/><V39/><F39/><W34/><G34/><T36/><D36/><U55/><E55/><V121/><F121/><W80/><G130/><T79/><D79/><U60/><E60/><V114/><F1/><W99/><G41/><T73/><D73/><U118/><E71/><V111/><F114/><W24/><G24/><T91/><D91/><U44/><E118/><V18/><F111/><W12/><G12/><T35/><D20/><U86/><E86/><V47/><F135/><W124/><G124/><T61/><D61/><U48/><E100/><V64/><F33/><W7/><G7/><T0/><D56/><U89/><E89/><V113/><F113/><W42/><G42/><T53/><D53/><U75/><E75/><V102/><F74/><W112/><G112/><T129/><D62/><U117/><E117/><V9/><F78/><W87/><G87/><T22/><D22/><N who="1" m="15575" /><E104/><V68/><F102/><W57/><G57/><T127/><D129/><U108/><E108/><V134/><F134/><W17/><G17/><T31/><D127/><U40/><E5/><V58/><F68/><W132/><G132/><T76/><D31/><U85/><E72/><V110/><F64/><W106/><G106/><RYUUKYOKU ba="2,0" sc="37,-10,473,30,289,-10,201,-10" hai1="2,37,40,44,48,49,50,77,82,85" /><INIT seed="1,3,0,4,1,103" ten="27,503,279,191" oya="1" hai0="72,80,61,134,129,82,6,3,29,62,123,83,96" hai1="133,52,8,107,113,71,19,112,48,120,40,76,38" hai2="94,39,106,91,84,114,1,128,43,99,100,117,78" hai3="7,27,12,20,64,70,41,69,47,108,23,130,65"/><U58/><E107/><V68/><F117/><W46/><G108/><T15/><D129/><U0/><E76/><V45/><F128/><W81/><G130/><T13/><D134/><U132/><E19/><V24/><F114/><N who="1" m="44137" /><E8/><V115/><F115/><W127/><G127/><T16/><D72/><U60/><E0/><V59/><F68/><W122/><G81/><T135/><D135/><N who="1" m="51787" /><E120/><V87/><F59/><W73/><G73/><T118/><D118/><U75/><E75/><V102/><F1/><W109/><G27/><T124/><D124/><U90/><E90/><V89/><F24/><W105/><G12/><T126/><D126/><U2/><E2/><V104/><F78/><W17/><G7/><T35/><D123/><U101/><E101/><V42/><F42/><W66/><G17/><T14/><D29/><U44/><E71/><N who="3" m="27146" /><G109/><T93/><D35/><U26/><E26/><V85/><F91/><W11/><G11/><T110/><D16/><U30/><E30/><V67/><REACH who="2" step="1"/><F67/><REACH who="2" ten="27,503,269,191" step="2"/><W18/><G122/><T121/><D121/><U86/><E86/><V25/><F25/><W28/><G64/><T36/><D3/><U4/><E4/><V21/><F21/><W92/><G65/><T31/><D6/><U111/><E111/><V119/><F119/><W34/><G66/><T56/><D110/><U32/><E32/><V98/><AGARI ba="3,1" hai="39,43,45,84,85,87,89,94,98,99,100,102,104,106" machi="98" ten="30,8000,1" yaku="1,1,0,1,9,1,52,2,53,0" doraHai="103" doraHaiUra="53" who="2" fromWho="2" sc="27,-23,503,-43,269,99,191,-23" /><INIT seed="2,0,0,0,5,127" ten="4,460,368,168" oya="2" hai0="39,95,69,62,56,117,129,53,34,9,47,107,55" hai1="8,32,44,63,31,123,109,37,125,1,80,48,5" hai2="96,2,128,76,54,23,119,120,116,106,115,67,97" hai3="82,40,22,81,121,52,50,74,86,91,21,42,65"/><V77/><F2/><W14/><G121/><T118/><D107/><U57/><E109/><V58/><F67/><W45/><G65/><N who="0" m="41143" /><D9/><U101/><E37/><V12/><F115/><W51/><G74/><T133/><D95/><U28/><E32/><V113/><F113/><W93/><G40/><N who="0" m="22943" /><D34/><U61/><E61/><V25/><F120/><W88/><G14/><T85/><D85/><U94/><E125/><V100/><F128/><W135/><G135/><T108/><D108/><U20/><E20/><V130/><F130/><W90/><G81/><T38/><D38/><U83/><E83/><V78/><F12/><W46/><G90/><T99/><D99/><AGARI ba="0,0" hai="21,22,42,45,46,50,51,52,82,86,88,91,93,99" machi="99" ten="30,7700,0" yaku="7,1,8,1,54,2" doraHai="127" who="3" fromWho="0" sc="4,-77,460,0,368,0,168,77" owari="-73,-57.0,460,55.0,368,17.0,245,-15.0" /></mjloggm>