<mjloggm ver="2.3"><GO type="41" lobby="0"/><UN n0="%E8%BF%B7%E3%81%84" n1="%E3%83%A9%E3%83%BC%E3%83%9F%E3%82%A2" n2="%E2%93%9D%53%75%70%68%78" n3="%E3%81%BE%E3%81%84%E3%81%A9%E3%81%82%E3%82%8A%EF%BD%9E" dan="14,15,18,15" rate="2087.34,2101.49,2101.07,2019.88" sx="F,F,M,M"/><TAIKYOKU oya="0"/><INIT seed="0,0,0,0,5,79" ten="250,250,250,250" oya="0" hai0="7,107,26,128,80,35,24,91,98,86,28,33,3" hai1="85,96,118,64,21,54,67,106,95,19,48,42,47" hai2="88,103,84,14,2,120,66,11,31,25,37,72,20" hai3="6,29,73,52,23,122,10,108,9,41,123,4,75"/><T76/><D128/><U46/><E118/><V93/><F120/><W89/><G41/><T43/><D43/><U65/><E106/><V45/><F72/><W113/><G113/><T112/><D112/><U124/><E124/><V69/><F2/><W27/><G89/><T0/><D7/><N who="3" m="2601" /><G52/><T59/><D59/><U70/><E70/><V83/><F37/><W130/><G75/><T53/><D53/><U127/><E127/><V133/><F133/><W101/><G73/><T8/><D8/><N who="3" m="3177" /><G101/><T115/><D115/><U99/><E85/><V134/><F134/><W92/><G92/><T61/><D61/><U50/><REACH who="1" step="1"/><E95/><REACH who="1" ten="250,240,250,250" step="2"/><V30/><F69/><W22/><G130/><T57/><D107/><U102/><E102/><V5/><F103/><W110/><G22/><T131/><D131/><U17/><E17/><V62/><F93/><W60/><G60/><T38/><D86/><U16/><E16/><N who="2" m="12423" /><F45/><W78/><G78/><T104/><D76/><U100/><E100/><V90/><F90/><W32/><G32/><T114/><D114/><U132/><E132/><V77/><F77/><W105/><G105/><T82/><D104/><U34/><E34/><V58/><AGARI ba="0,1" hai="5,11,14,30,31,58,62,66,83,84,88" m="12423" machi="58" ten="30,7900,0" yaku="8,1,52,1,54,2" doraHai="79" who="2" fromWho="2" sc="250,-39,240,-20,250,89,250,-20" /><INIT seed="1,0,0,3,1,84" ten="211,220,339,230" oya="1" hai0="123,82,24,115,65,29,47,25,27,101,23,81,67" hai1="11,17,69,118,93,44,10,12,60,7,4,66,39" hai2="94,88,96,32,63,1,107,106,56,22,95,133,92" hai3="15,71,70,112,61,20,132,125,130,50,122,126,64"/><U102/><E118/><V36/><F32/><W3/><G3/><T46/><D115/><U5/><E102/><V105/><F36/><W55/><G20/><T9/><D101/><U128/><E128/><V43/><F43/><W108/><G15/><T124/><D123/><U75/><E75/><V41/><F41/><W30/><G30/><T98/><D29/><U72/><E72/><V111/><F1/><W121/><G112/><T53/><D23/><U42/><REACH who="1" step="1"/><E93/><REACH who="1" ten="211,210,339,230" step="2"/><V0/><F95/><W49/><G130/><T79/><D81/><U8/><AGARI ba="0,1" hai="4,5,7,8,10,11,12,17,39,42,44,60,66,69" machi="8" ten="30,6000,0" yaku="1,1,2,1,0,1,53,0" doraHai="84" doraHaiUra="21" who="1" fromWho="1" sc="211,-20,210,70,339,-20,230,-20" /><INIT seed="1,1,0,2,4,117" ten="191,280,319,210" oya="1" hai0="130,106,44,9,83,3,76,13,132,107,6,92,109" hai1="41,12,120,74,47,55,82,75,122,87,112,5,2" hai2="14,48,32,95,46,94,125,42,40,73,0,90,80" hai3="70,103,15,135,39,93,35,114,30,118,4,61,123"/><U116/><E116/><V91/><F0/><W96/><G118/><T69/><D69/><U7/><E112/><V50/><F32/><W72/><G39/><T19/><D132/><U100/><E100/><V121/><F125/><W101/><G72/><T20/><D130/><U68/><E68/><V54/><F121/><W108/><G123/><T89/><D109/><U63/><E2/><V71/><F71/><W62/><G108/><T129/><D129/><U102/><E102/><V86/><F73/><W16/><G4/><T49/><D76/><U126/><E74/><V21/><F50/><W31/><G135/><T58/><D83/><U99/><E75/><V131/><F131/><W79/><G79/><T10/><D10/><N who="1" m="4175" /><E7/><V17/><REACH who="2" step="1"/><F80/><REACH who="2" ten="191,280,309,210" step="2"/><W51/><G70/><T105/><D49/><U27/><E126/><V84/><AGARI ba="1,1" hai="14,17,21,40,42,46,48,54,84,86,90,91,94,95" machi="84" ten="20,16000,3" yaku="1,1,2,1,0,1,7,1,9,1,8,1,53,2" doraHai="117" doraHaiUra="38" who="2" fromWho="2" sc="191,-41,280,-81,309,173,210,-41" /><INIT seed="2,0,0,4,4,13" ten="150,199,482,169" oya="2" hai0="46,125,113,97,58,2,42,16,28,25,30,45,48" hai1="59,34,49,62,38,27,52,105,43,47,121,26,19" hai2="12,74,115,21,98,11,120,32,5,85,134,122,57" hai3="35,109,123,56,124,92,90,86,29,68,1,107,101"/><V79/><F115/><W31/><G109/><T20/><D113/><U132/><E105/><V112/><F112/><W78/><G123/><T69/><D69/><U130/><E121/><V37/><F134/><W91/><G1/><T36/><D2/><U8/><E132/><V117/><F37/><W60/><G68/><T131/><D131/><U9/><E130/><V50/><F32/><W70/><G70/><T18/><D125/><U114/><E114/><V39/><F117/><W55/><G124/><T82/><D58/><U119/><E119/><V94/><F39/><W84/><G78/><T0/><D0/><U83/><E83/><V4/><F74/><W133/><G35/><T44/><D82/><U96/><E96/><V22/><F5/><W126/><G126/><T128/><D128/><U89/><E89/><V118/><F118/><W100/><G133/><T23/><D97/><U93/><E93/><V87/><F122/><W80/><G107/><T66/><D66/><U6/><E34/><V76/><F76/><W81/><G92/><T67/><D67/><U53/><E8/><V135/><F135/><W33/><G33/><T17/><D36/><U88/><E88/><N who="2" m="55623" /><F120/><W129/><REACH who="3" step="1"/><G129/><REACH who="3" ten="150,199,482,159" step="2"/><T63/><D63/><U71/><E71/><V64/><F79/><W41/><G41/><T72/><D72/><U40/><E40/><V51/><F87/><W61/><G61/><T10/><D10/><U99/><E62/><N who="2" m="37967" /><F85/><W75/><G75/><T7/><D7/><U77/><E6/><V95/><F95/><W106/><G106/><T102/><D102/><AGARI ba="0,1" hai="29,31,55,56,60,80,81,84,86,90,91,100,101,102" machi="102" ten="40,5200,0" yaku="1,1,9,1,8,1,53,0" doraHai="13" doraHaiUra="65" who="3" fromWho="0" sc="150,-52,199,0,482,0,159,62" /><INIT seed="3,0,0,3,1,108" ten="98,199,482,221" oya="3" hai0="7,1,60,75,105,107,126,0,130,11,19,119,78" hai1="27,35,58,99,37,77,52,79,28,120,100,111,34" hai2="30,69,113,90,16,115,20,95,82,92,71,48,123" hai3="88,42,134,45,117,116,12,112,32,131,2,124,128"/><W70/><G2/><T91/><D119/><U101/><E120/><V114/><F30/><W65/><G32/><T31/><D126/><U68/><E35/><V54/><F123/><W56/><G12/><T44/><D130/><N who="3" m="49705" /><G88/><T9/><D91/><U118/><E118/><N who="3" m="45674" /><G124/><T26/><D0/><U38/><E111/><V63/><F82/><W84/><G84/><T89/><D1/><U57/><E68/><V55/><F71/><W73/><G73/><T29/><D75/><U87/><E100/><V83/><F83/><W102/><G102/><T53/><D89/><U8/><E58/><V103/><F103/><W86/><G86/><T85/><D85/><U62/><E8/><V109/><F109/><W64/><G70/><T50/><D26/><U110/><E110/><V98/><F95/><W39/><G134/><T51/><D7/><U24/><E24/><V76/><F76/><W41/><G112/><T129/><D129/><U14/><E14/><V25/><REACH who="2" step="1"/><F48/><REACH who="2" ten="98,199,472,221" step="2"/><N who="3" m="26671" /><G56/><T127/><D127/><U122/><E79/><V125/><F125/><W4/><G4/><T10/><D78/><U6/><E6/><V13/><F13/><W133/><G133/><T67/><D29/><U97/><E28/><V66/><AGARI ba="0,1" hai="16,20,25,54,55,63,66,69,90,92,98,113,114,115" machi="66" ten="40,12000,2" yaku="1,1,0,1,52,3,54,1,53,0" doraHai="108" doraHaiUra="46" who="2" fromWho="2" sc="98,-30,199,-30,472,130,221,-60" /><INIT seed="4,0,0,0,3,78" ten="68,169,602,161" oya="0" hai0="72,114,44,12,29,84,97,59,96,76,22,86,15" hai1="111,0,26,36,13,74,95,110,64,7,92,119,43" hai2="51,117,122,4,19,3,25,24,80,30,68,65,47" hai3="113,123,109,89,102,67,53,50,42,125,73,100,46"/><T49/><D72/><U98/><E119/><V87/><F3/><W31/><G109/><T112/><D59/><U94/><E0/><V6/><F122/><W82/><G113/><N who="0" m="43627" /><D29/><U63/><E74/><V88/><F68/><W128/><G128/><T32/><D32/><U11/><E98/><N who="0" m="37993" /><D22/><U101/><E101/><V1/><F65/><W99/><G125/><T62/><D62/><U2/><E26/><V45/><F45/><W40/><G123/><T57/><D57/><U79/><E79/><V135/><F25/><W134/><G134/><T56/><D56/><U23/><E23/><V38/><F30/><W5/><G67/><T18/><D18/><U105/><E105/><V91/><F19/><W71/><G71/><T85/><D76/><U93/><N who="1" m="23552" /><DORA hai="115" /><U126/><E126/><V28/><F28/><W21/><G73/><T127/><D127/><U104/><E104/><V9/><F24/><N who="3" m="16783" /><G5/><T66/><D66/><U75/><E75/><V81/><F6/><W83/><G99/><T108/><D108/><U48/><E36/><V121/><F38/><W107/><G107/><T55/><AGARI ba="0,0" hai="12,15,44,49,55,84,85,86" m="37993,43627" machi="55" ten="40,2100,0" yaku="15,1" doraHai="78,115" who="0" fromWho="0" sc="68,21,169,-7,602,-7,161,-7" /><INIT seed="4,1,0,2,0,43" ten="89,162,595,154" oya="0" hai0="70,4,86,103,105,93,91,34,71,125,87,2,19" hai1="25,122,52,32,99,124,116,73,76,51,74,5,79" hai2="88,39,112,107,10,110,84,58,77,24,8,67,104" hai3="38,81,120,13,62,119,46,28,6,68,83,18,37"/><T1/><D34/><U54/><E122/><V102/><F112/><W115/><G119/><T15/><D125/><U16/><E116/><V114/><F110/><W128/><G115/><T92/><D105/><U47/><E124/><V53/><F67/><W23/><G128/><T57/><D57/><U20/><E32/><V94/><F77/><W11/><G120/><T63/><D4/><U127/><E127/><V41/><F41/><W90/><G28/><T49/><D49/><U123/><E123/><V80/><F24/><W101/><G101/><T106/><D106/><U78/><E5/><V132/><F132/><W42/><G38/><T35/><D35/><U50/><REACH who="1" step="1"/><E99/><REACH who="1" ten="89,152,595,154" step="2"/><V130/><F114/><W45/><G6/><T44/><D1/><U40/><E40/><V117/><F117/><W29/><G42/><T111/><D2/><U17/><E17/><V109/><F109/><W0/><G0/><T85/><D111/><U56/><AGARI ba="1,1" hai="16,20,25,47,50,51,52,54,56,73,74,76,78,79" machi="56" ten="30,8000,1" yaku="1,1,0,1,52,1,54,2,53,0" doraHai="43" doraHaiUra="108" who="1" fromWho="1" sc="89,-41,152,93,595,-21,154,-21" /><INIT seed="5,0,0,4,2,93" ten="48,245,574,133" oya="1" hai0="87,14,88,123,73,72,53,48,81,78,134,114,82" hai1="1,24,27,106,83,92,74,103,59,109,120,80,66" hai2="54,62,32,117,116,30,45,57,12,70,11,60,61" hai3="8,135,95,51,111,42,36,37,44,115,127,104,112"/><U77/><E120/><V133/><F32/><W102/><G104/><T2/><D123/><U16/><E1/><V47/><F30/><W41/><G8/><T119/><D2/><U13/><E109/><V52/><F12/><W43/><G95/><T84/><D119/><N who="2" m="45642" /><F11/><W22/><G22/><T33/><D33/><U71/><E71/><V130/><F130/><W125/><G102/><T64/><D134/><U4/><E4/><V75/><F75/><W58/><G58/><T9/><D114/><N who="3" m="43561" /><G135/><T99/><D64/><U50/><E106/><V63/><F133/><W23/><G23/><T97/><D72/><U10/><E83/><V128/><F128/><W107/><G107/><T129/><D73/><U40/><E40/><N who="3" m="15466" /><G111/><T76/><D76/><U132/><E132/><V101/><F101/><W105/><G105/><T20/><D20/><U18/><E18/><V126/><F70/><W96/><G96/><T113/><D129/><U46/><E46/><N who="2" m="17419" /><F126/><AGARI ba="0,0" hai="36,37,43,44,51,125,126,127" m="15466,43561" machi="126" ten="30,7700,0" yaku="18,1,15,1,34,2" doraHai="93" who="3" fromWho="2" sc="48,0,245,0,574,-77,133,77" /><INIT seed="6,0,0,1,1,69" ten="48,245,497,210" oya="2" hai0="60,43,47,48,119,41,14,118,90,97,66,108,16" hai1="132,51,102,95,112,103,35,122,36,105,59,109,80" hai2="63,106,56,19,93,94,130,76,72,125,121,7,0" hai3="101,129,131,38,64,86,84,1,12,74,26,10,126"/><V117/><F125/><W82/><G1/><T13/><D108/><U67/><E109/><V21/><F130/><W73/><G126/><T88/><D118/><U133/><E36/><V22/><F106/><W113/><G113/><T20/><D119/><U110/><E110/><V96/><F22/><W39/><G101/><T28/><D28/><U124/><E35/><V40/><F94/><W54/><G64/><T44/><D97/><U128/><E124/><V52/><F40/><W87/><G26/><T37/><REACH who="0" step="1"/><D13/><REACH who="0" ten="38,245,497,210" step="2"/><U4/><E112/><V70/><F96/><W30/><G30/><T24/><D24/><U79/><E132/><V116/><F116/><W98/><G98/><T3/><D3/><U32/><E133/><V11/><F0/><W83/><G12/><T115/><D115/><U127/><E127/><V46/><F117/><W81/><G10/><T77/><D77/><U120/><E128/><N who="3" m="49226" /><G54/><T68/><AGARI ba="0,1" hai="14,16,20,37,41,43,44,47,48,60,66,68,88,90" machi="68" ten="20,12000,2" yaku="1,1,0,1,7,1,52,1,54,2,53,1" doraHai="69" doraHaiUra="62" who="0" fromWho="0" sc="38,130,245,-30,497,-60,210,-30" /><INIT seed="7,0,0,5,2,120" ten="168,215,437,180" oya="3" hai0="90,92,2,76,29,32,102,67,64,51,128,107,93" hai1="127,44,105,84,75,72,15,46,94,101,23,16,1" hai2="9,91,68,126,18,7,122,20,38,121,55,27,24" hai3="117,10,129,36,135,60,11,42,33,53,43,109,14"/><W82/><G117/><T133/><D2/><U62/><E127/><V19/><F38/><W39/><G33/><T47/><D128/><U59/><E1/><V125/><F55/><W30/><G30/><T45/><D133/><U65/><E105/><V17/><F91/><W130/><G135/><T103/><D107/><U110/><E110/><V8/><F68/><W88/><G109/><T6/><D76/><U70/><E75/><V71/><F71/><W132/><G132/><T73/><D73/><U66/><E72/><V100/><F100/><N who="0" m="38442" /><D6/><U21/><E66/><N who="0" m="25129" /><D32/><U74/><E74/><V57/><F57/><N who="3" m="34863" /><G10/><N who="2" m="4201" /><F7/><N who="3" m="3455" /><G36/><T22/><D51/><U118/><E70/><V89/><F89/><W119/><G39/><T124/><D124/><N who="2" m="47722" /><F27/><W83/><G119/><T37/><D37/><U98/><E118/><V0/><F0/><W111/><G111/><T5/><D5/><U86/><E23/><V28/><AGARI ba="0,0" hai="17,18,19,20,24,28,121,122" m="47722,4201" machi="28" ten="40,5200,0" yaku="18,1,34,2" doraHai="120" who="2" fromWho="2" sc="168,-13,215,-13,437,52,180,-26" owari="155,-24.0,202,0.0,489,59.0,154,-35.0" /></mjloggm>