<mjloggm ver="2.3"><GO type="41" lobby="0"/><UN n0="%79%66%72%68%6B" n1="%E7%9C%9F%E3%83%BB%32%35%38%37" n2="%E2%93%9D%53%75%70%68%78" n3="%E3%83%9E%E3%82%B8%E3%83%9E%E3%82%B8" dan="14,14,18,14" rate="1804.74,1878.09,2081.87,1860.55" sx="M,M,M,M"/><TAIKYOKU oya="0"/><INIT seed="0,0,0,3,0,38" ten="250,250,250,250" oya="0" hai0="95,66,100,113,35,121,12,135,42,21,96,99,104" hai1="108,18,74,72,48,64,78,107,127,92,8,1,15" hai2="122,16,88,7,45,69,28,115,47,109,3,44,83" hai3="24,5,120,89,49,84,82,94,97,128,133,11,80"/><T102/><D121/><U86/><E107/><V37/><F122/><W117/><G128/><T14/><D113/><U58/><E127/><V123/><F123/><W79/><G133/><T6/><D35/><U98/><E1/><V85/><F115/><W81/><G117/><T110/><D135/><U126/><E126/><V31/><F69/><W118/><G118/><T101/><D110/><U129/><E129/><V53/><F37/><W125/><G125/><T57/><D102/><U43/><E108/><V106/><F106/><W111/><G111/><T50/><D6/><U36/><E36/><V19/><F109/><W68/><G68/><T112/><D112/><U103/><E64/><V91/><F7/><W20/><G120/><T51/><D21/><U30/><E30/><N who="2" m="11307" /><F3/><W29/><G49/><T114/><D114/><U60/><E60/><V54/><F91/><W116/><REACH who="3" step="1"/><G116/><REACH who="3" ten="250,250,250,240" step="2"/><T34/><D34/><U4/><E48/><V33/><F33/><W40/><G40/><T13/><REACH who="0" step="1"/><D42/><REACH who="0" ten="240,250,250,240" step="2"/><U23/><E43/><V46/><F46/><W124/><G124/><T93/><D93/><U73/><E92/><V56/><F56/><W67/><G67/><T90/><D90/><U39/><E58/><V9/><F9/><W25/><G25/><T0/><D0/><AGARI ba="0,2" hai="0,5,11,20,24,29,79,80,81,82,84,89,94,97" machi="0" ten="30,2000,0" yaku="1,1,7,1,53,0" doraHai="38" doraHaiUra="10" who="3" fromWho="0" sc="240,-20,250,0,250,0,240,40" /><INIT seed="1,0,0,4,4,132" ten="220,250,250,280" oya="1" hai0="133,126,26,113,57,68,110,24,46,77,55,84,60" hai1="49,100,52,3,1,23,54,50,117,39,114,76,30" hai2="94,116,66,105,69,112,29,102,16,19,123,18,62" hai3="64,48,135,96,45,83,79,107,28,17,74,91,127"/><U44/><E117/><V12/><F116/><W20/><G135/><T37/><D113/><U14/><E114/><V33/><F112/><W99/><G64/><N who="0" m="40967" /><D133/><U109/><E109/><V7/><F94/><W106/><G99/><T129/><D129/><U72/><E39/><V82/><F123/><W27/><G107/><T31/><D31/><U63/><E100/><V71/><F71/><W120/><G120/><T53/><D110/><U35/><E63/><V70/><F82/><W92/><G127/><T131/><D131/><U58/><E35/><V36/><F36/><W111/><G106/><T59/><D84/><U122/><E122/><V128/><F70/><W2/><G2/><T10/><D10/><U85/><E72/><V61/><F61/><W25/><G111/><T130/><D130/><U90/><E76/><V43/><F43/><W78/><G78/><T41/><D77/><U97/><E97/><N who="2" m="61647" /><F128/><W80/><G79/><T42/><D42/><U4/><E4/><V65/><F65/><W40/><G74/><T125/><D24/><U81/><REACH who="1" step="1"/><E14/><REACH who="1" ten="220,240,250,280" step="2"/><V86/><F12/><W87/><G96/><T32/><D32/><AGARI ba="0,1" hai="17,20,25,27,28,32,40,45,48,80,83,87,91,92" machi="32" ten="30,1000,0" yaku="7,1" doraHai="132" who="3" fromWho="0" sc="220,-10,240,0,250,0,280,20" /><INIT seed="2,0,0,4,3,31" ten="210,240,250,300" oya="2" hai0="22,71,75,69,99,36,110,19,12,5,131,13,46" hai1="40,120,118,119,73,9,54,76,109,70,50,52,82" hai2="127,8,90,56,14,128,18,41,98,7,130,92,78" hai3="4,129,2,27,64,35,86,11,66,103,25,55,32"/><V111/><F127/><W60/><G129/><N who="2" m="49769" /><F78/><W37/><G37/><T135/><D131/><U116/><E70/><V21/><F41/><W100/><G55/><T126/><D75/><U122/><E40/><V39/><F39/><W106/><G66/><T29/><D36/><U34/><E34/><V97/><F111/><W61/><G61/><T102/><D135/><U72/><E9/><V20/><F56/><W38/><G38/><T57/><D110/><U24/><E24/><N who="2" m="14359" /><F21/><W59/><G25/><T115/><D46/><U17/><E17/><V43/><F43/><W67/><G67/><T6/><D19/><U10/><E10/><V68/><F68/><W53/><G64/><T49/><D29/><U63/><E63/><V95/><F95/><W58/><G58/><T104/><D22/><U80/><E109/><V133/><F133/><W94/><G106/><T42/><D42/><U26/><E26/><V47/><F47/><W3/><G3/><T15/><D126/><U30/><E30/><V93/><F93/><W112/><G27/><T48/><D57/><U132/><E132/><V83/><F83/><N who="1" m="31785" /><E50/><V91/><F91/><W1/><G1/><T33/><D104/><U79/><E54/><V105/><F105/><W0/><G0/><T101/><D13/><U65/><E52/><V107/><F107/><W51/><G2/><T28/><D28/><U77/><E65/><V108/><F108/><W87/><G53/><T62/><D62/><U123/><AGARI ba="0,0" hai="72,73,76,77,79,116,118,119,120,122,123" m="31785" machi="123" ten="50,12000,2" yaku="29,2,28,2,13,1,34,2" doraHai="31" who="1" fromWho="1" sc="210,-30,240,120,250,-60,300,-30" /><INIT seed="3,0,0,4,0,68" ten="180,360,190,270" oya="3" hai0="26,107,100,106,81,12,77,101,116,123,10,23,4" hai1="5,34,102,1,95,52,97,129,44,3,62,83,93" hai2="60,53,76,130,112,85,64,91,94,18,108,132,119" hai3="104,79,55,2,46,120,24,47,54,30,82,133,48"/><W80/><G104/><T124/><D123/><U39/><E34/><V99/><F112/><W103/><G103/><T63/><D116/><U111/><E111/><V67/><F130/><W114/><G114/><T15/><D124/><U11/><E129/><V89/><F132/><W28/><G133/><T70/><D107/><U51/><E83/><V69/><F76/><W73/><G2/><T115/><D115/><U121/><E121/><V98/><F108/><W14/><G120/><T71/><D71/><U125/><E125/><V37/><F67/><W22/><G14/><T8/><D106/><U50/><E62/><V33/><F33/><W135/><G135/><T20/><D20/><U9/><E9/><V127/><F119/><W131/><G131/><T122/><D122/><U110/><E110/><V109/><F109/><W49/><G82/><T134/><D63/><U105/><E51/><V65/><F37/><W78/><REACH who="3" step="1"/><G79/><REACH who="3" ten="180,360,190,260" step="2"/><T19/><D134/><U17/><E1/><V36/><F127/><W32/><G32/><T96/><D70/><U90/><E105/><V7/><F69/><W25/><G25/><T113/><D113/><U43/><E102/><V6/><F91/><W0/><G0/><T118/><D118/><U66/><E90/><V117/><F117/><W87/><G87/><N who="0" m="48559" /><D96/><U128/><E97/><V35/><F99/><W16/><AGARI ba="0,1" hai="16,22,24,28,30,46,47,48,49,54,55,73,78,80" machi="16" ten="20,12000,1" yaku="1,1,0,1,7,1,9,1,54,1,53,0" doraHai="68" doraHaiUra="92" who="3" fromWho="3" sc="180,-40,360,-40,190,-40,260,130" /><INIT seed="3,1,0,2,0,96" ten="140,320,150,390" oya="3" hai0="129,114,9,113,20,16,102,62,108,77,40,127,66" hai1="92,6,126,46,55,14,34,128,44,38,124,48,19" hai2="88,21,2,135,28,29,134,90,81,12,61,78,35" hai3="89,30,64,32,106,31,103,22,79,5,105,131,94"/><W10/><G131/><T83/><D108/><U0/><E34/><V91/><F2/><W45/><G32/><T104/><D40/><U112/><E112/><N who="0" m="43113" /><D129/><U98/><E128/><V27/><F61/><W70/><G79/><T4/><D127/><N who="1" m="48683" /><E6/><V53/><F53/><W119/><G45/><T57/><D104/><U11/><E0/><V121/><F121/><W60/><G119/><T123/><D123/><U132/><E132/><N who="2" m="50731" /><F12/><W13/><G106/><T54/><D102/><N who="1" m="60743" /><E38/><V63/><F63/><W120/><G120/><T99/><D99/><U18/><E18/><N who="2" m="12727" /><F35/><W122/><G122/><T68/><D4/><U107/><E107/><V86/><AGARI ba="1,0" hai="28,29,78,81,86,88,90,91" m="12727,50731" machi="86" ten="30,2000,0" yaku="20,1,54,1" doraHai="96" who="2" fromWho="2" sc="140,-6,320,-6,150,23,390,-11" /><INIT seed="4,0,0,3,1,65" ten="134,314,173,379" oya="0" hai0="69,78,66,1,97,135,67,59,131,128,76,86,28" hai1="18,23,71,21,111,100,0,37,96,117,45,51,95" hai2="132,60,29,5,101,112,52,63,104,15,55,4,133" hai3="19,32,10,7,35,88,79,127,34,64,75,33,90"/><T44/><D1/><U49/><E117/><V12/><F101/><W114/><G35/><T124/><D28/><U70/><E0/><V83/><F29/><W61/><G127/><T41/><D78/><U121/><E37/><V6/><F83/><W123/><G19/><T73/><D73/><U2/><E2/><V72/><F72/><W91/><G114/><T40/><D97/><U103/><E111/><V13/><F104/><W22/><G22/><T24/><D24/><U92/><E121/><V116/><F116/><W38/><G38/><T68/><D76/><U89/><E89/><V130/><F130/><N who="0" m="49706" /><D86/><U42/><E49/><V48/><F112/><W74/><G79/><T99/><D99/><U129/><E129/><V122/><F122/><W9/><G123/><T82/><D82/><U20/><E18/><V16/><F16/><W11/><G7/><T27/><D27/><U8/><E8/><V98/><F98/><AGARI ba="0,0" hai="20,21,23,42,45,51,70,71,92,95,96,98,100,103" machi="98" ten="40,5200,0" yaku="9,1,52,2" doraHai="65" who="1" fromWho="2" sc="134,0,314,52,173,-52,379,0" /><INIT seed="5,0,0,5,0,105" ten="134,366,121,379" oya="1" hai0="106,64,32,42,96,113,55,89,44,119,80,53,91" hai1="35,85,47,30,103,29,63,129,48,81,93,71,37" hai2="22,33,104,127,92,59,60,99,130,122,98,36,46" hai3="120,25,82,49,11,27,115,68,14,9,72,20,109"/><U112/><E37/><V62/><F122/><W116/><G109/><T126/><D119/><U83/><E112/><V123/><F33/><W26/><G120/><T6/><D32/><U1/><E1/><V40/><F123/><W10/><G116/><T24/><D113/><U117/><E129/><V97/><F130/><W21/><G68/><T74/><D126/><U87/><E117/><V12/><F104/><W110/><G110/><T118/><D118/><U41/><E71/><V31/><F62/><W0/><G49/><T43/><D64/><U17/><E63/><V61/><F61/><W66/><G66/><T65/><D65/><U114/><E114/><V131/><F127/><W51/><G51/><T58/><D6/><U108/><E108/><V134/><F134/><W102/><G102/><T88/><D58/><U77/><E35/><V121/><F131/><W13/><G72/><T5/><D5/><U57/><E57/><V86/><F121/><W70/><G70/><T94/><D106/><U23/><E93/><V135/><F135/><W45/><G82/><T100/><D24/><N who="3" m="9321" /><G45/><T34/><D34/><U54/><E54/><V78/><F59/><W125/><G125/><T18/><D18/><U8/><E8/><N who="3" m="3178" /><G115/><T52/><REACH who="0" step="1"/><D44/><REACH who="0" ten="124,366,121,379" step="2"/><U16/><E103/><N who="2" m="60839" /><F46/><W7/><G20/><T3/><D3/><U101/><E101/><V73/><F22/><W76/><G76/><AGARI ba="0,1" hai="42,43,52,53,55,74,76,80,88,89,91,94,96,100" machi="76" ten="40,12000,2" yaku="1,1,52,1,54,2,53,2" doraHai="105" doraHaiUra="38" who="0" fromWho="3" sc="124,130,366,0,121,0,379,-120" /><INIT seed="6,0,0,5,5,16" ten="254,366,121,259" oya="2" hai0="44,42,1,104,9,124,93,58,47,10,106,79,43" hai1="37,4,134,88,73,26,92,14,21,110,0,78,36" hai2="113,120,115,23,101,102,30,48,57,84,17,8,45" hai3="64,39,98,130,66,123,99,55,86,114,87,6,67"/><V7/><F120/><W127/><G39/><T65/><D124/><U13/><E110/><V100/><F30/><W28/><G123/><T82/><D93/><U129/><E129/><V52/><F84/><N who="3" m="32299" /><G127/><T80/><D65/><U71/><E71/><V128/><F128/><W11/><G114/><N who="2" m="43529" /><F8/><W94/><G130/><T60/><D1/><U126/><E78/><V34/><F7/><W53/><G28/><T63/><REACH who="0" step="1"/><D58/><REACH who="0" ten="244,366,121,259" step="2"/><U107/><E126/><V49/><F34/><W81/><G94/><T117/><D117/><U103/><E92/><V121/><F121/><W108/><G108/><T125/><D125/><U109/><E109/><V19/><F23/><W75/><G81/><T61/><D61/><U35/><E21/><V133/><F133/><W51/><G75/><T32/><D32/><U24/><E134/><V3/><F3/><W135/><G135/><T41/><D41/><AGARI ba="0,1" hai="17,19,41,45,48,49,52,57,100,101,102" m="43529" machi="41" ten="30,2900,0" yaku="15,1,54,1" doraHai="16" who="2" fromWho="0" sc="244,-29,366,0,121,39,259,0" /><INIT seed="6,1,0,0,4,35" ten="215,366,160,259" oya="2" hai0="51,3,42,93,79,126,69,103,62,131,114,117,24" hai1="67,23,6,122,81,130,134,52,22,55,33,88,65" hai2="16,32,34,119,102,12,48,25,115,14,68,66,106" hai3="87,90,1,11,64,45,94,96,60,91,15,2,70"/><V85/><F119/><W127/><G127/><T43/><D79/><U133/><E33/><V53/><F115/><W63/><G63/><T135/><D103/><U80/><E6/><V61/><F14/><W95/><REACH who="3" step="1"/><G45/><REACH who="3" ten="215,366,160,249" step="2"/><N who="0" m="26039" /><D126/><U8/><E122/><V86/><F34/><W37/><G37/><T56/><D117/><U92/><E130/><V99/><F32/><W123/><G123/><T30/><D131/><U109/><E109/><V31/><F31/><W46/><G46/><T20/><D135/><N who="1" m="51723" /><E8/><V5/><F25/><W77/><G77/><T50/><D30/><U73/><E23/><V28/><F28/><W129/><G129/><T89/><D62/><U36/><E22/><V21/><REACH who="2" step="1"/><F5/><AGARI ba="1,1" hai="1,2,5,11,15,60,64,70,87,90,91,94,95,96" machi="5" ten="30,7700,0" yaku="1,1,7,1,52,2,53,0" doraHai="35" doraHaiUra="111" who="3" fromWho="2" sc="215,0,366,0,160,-80,249,90" /><INIT seed="7,0,0,3,0,38" ten="215,366,80,339" oya="3" hai0="111,56,40,58,57,78,117,116,43,95,131,135,125" hai1="1,87,17,33,73,59,23,41,63,25,108,62,37" hai2="85,70,106,47,91,101,109,67,71,13,103,98,99" hai3="9,4,18,64,50,21,120,61,27,12,53,80,2"/><W118/><G118/><N who="0" m="45675" /><D78/><U65/><E1/><V42/><F109/><W48/><G48/><T3/><BYE who="3" /><D95/><U82/><E73/><V5/><F67/><W66/><G66/><T83/><D83/><U110/><E63/><V6/><F13/><W29/><G29/><T16/><D3/><U107/><E107/><V52/><F85/><W130/><G130/><T113/><D111/><U97/><E97/><V32/><F32/><W35/><G35/><T26/><D26/><U7/><E7/><V132/><F132/><W129/><G129/><T69/><D131/><U11/><E11/><V88/><F47/><W86/><G86/><T74/><D74/><U94/><E94/><V77/><F77/><W0/><G0/><T84/><D84/><U19/><E19/><V10/><F10/><W119/><G119/><T44/><D16/><U100/><E100/><V123/><F52/><W127/><G127/><T115/><D125/><U36/><E36/><V49/><F49/><W22/><G22/><T112/><D135/><U15/><E15/><V34/><F34/><W46/><G46/><T14/><D14/><U79/><E33/><UN n3="%E3%83%9E%E3%82%B8%E3%83%9E%E3%82%B8" /><V121/><REACH who="2" step="1"/><F106/><REACH who="2" ten="215,366,70,339" step="2"/><W90/><G120/><T60/><D44/><U89/><E110/><V102/><F102/><W126/><G126/><T92/><D92/><U75/><E108/><V122/><F122/><W8/><G8/><T93/><D93/><U134/><E134/><V133/><F133/><W20/><G53/><T105/><D105/><U96/><E79/><V55/><F55/><W128/><G50/><T51/><D51/><U81/><E75/><RYUUKYOKU ba="0,1" sc="215,15,366,-15,70,15,339,-15" hai0="40,43,56,57,58,60,69,112,113,115" hai2="5,6,42,70,71,88,91,98,99,101,103,121,123" owari="230,-17.0,361,46.0,85,-41.0,324,12.0" /></mjloggm>