<mjloggm ver="2.3"><GO type="41" lobby="0"/><UN n0="%E3%82%AF%E3%83%9E%E3%82%AA%E3%82%B5%E3%83%B3" n1="%E6%9D%B1%E8%A8%BC%E3%82%B8%E3%83%A3%E3%83%83%E3%82%AB%E3%83%AB" n2="%E3%82%BF%E3%83%BC%E3%83%90%E3%83%B3%E9%87%8E%E5%8F%A3" n3="%E2%93%9D%53%75%70%68%78" dan="14,14,14,18" rate="1913.76,1912.02,1965.80,2163.21" sx="M,M,M,M"/><TAIKYOKU oya="0"/><INIT seed="0,0,0,1,3,118" ten="250,250,250,250" oya="0" hai0="3,109,121,94,65,68,1,34,45,33,82,78,79" hai1="123,95,9,8,92,88,77,132,44,28,124,80,18" hai2="100,19,84,119,46,76,36,58,60,87,12,115,42" hai3="69,98,56,26,51,31,90,57,103,66,30,117,41"/><T104/><D121/><U67/><E132/><V108/><F115/><W126/><G126/><T4/><D94/><U43/><E124/><V96/><F119/><W71/><G117/><T25/><D79/><U114/><E67/><V24/><F24/><W52/><G41/><T17/><D17/><U112/><E28/><V102/><F108/><W14/><G90/><T85/><D109/><U13/><E9/><V86/><F76/><W61/><G14/><T113/><D113/><N who="1" m="43627" /><E43/><V101/><F96/><W97/><G97/><T83/><D83/><U128/><E128/><V15/><REACH who="2" step="1"/><F19/><REACH who="2" ten="250,250,240,250" step="2"/><W129/><G129/><T72/><D25/><U120/><E77/><V93/><F93/><W73/><G31/><T37/><D104/><U39/><E39/><V29/><F29/><W27/><G27/><T21/><D78/><U6/><E95/><V131/><F131/><W135/><G135/><T32/><D37/><U81/><E18/><V5/><F5/><W11/><G73/><T22/><D4/><U130/><E130/><V105/><F105/><W99/><G99/><T54/><D72/><U63/><E92/><V64/><AGARI ba="0,1" hai="12,15,36,42,46,58,60,64,84,86,87,100,101,102" machi="64" ten="30,4000,0" yaku="1,1,0,1,53,1" doraHai="118" doraHaiUra="38" who="2" fromWho="2" sc="250,-20,250,-10,240,50,250,-10" /><INIT seed="1,0,0,4,5,84" ten="230,240,290,240" oya="1" hai0="16,12,83,122,88,64,35,86,32,52,42,99,5" hai1="105,135,37,1,59,10,119,110,100,38,81,121,55" hai2="67,130,82,107,63,26,133,129,46,77,45,92,112" hai3="22,25,124,94,85,70,47,53,61,76,13,2,8"/><U54/><E105/><V87/><F107/><W33/><G124/><T126/><D126/><U17/><E100/><V97/><F26/><W106/><G2/><T127/><D127/><U31/><E31/><V36/><F133/><W73/><G33/><T29/><D5/><U102/><E102/><V65/><F112/><W75/><G70/><T111/><D111/><U79/><E121/><V118/><F65/><W123/><G123/><T74/><D122/><U14/><E1/><V20/><F20/><W34/><G34/><T69/><D42/><U114/><E114/><V113/><F118/><W44/><G75/><T125/><D29/><U30/><E119/><V9/><F9/><W50/><G61/><T80/><D99/><U24/><E135/><V68/><F113/><W90/><G73/><T109/><D109/><U57/><E110/><V58/><F68/><W101/><G76/><T43/><D43/><U128/><E128/><N who="2" m="49259" /><F36/><W78/><G78/><T0/><D0/><U27/><E30/><V62/><F63/><W93/><G106/><T91/><D125/><U60/><E37/><V51/><F51/><W103/><G47/><T117/><D74/><U120/><E38/><V134/><F134/><W4/><REACH who="3" step="1"/><G94/><REACH who="3" ten="230,240,290,230" step="2"/><T40/><D117/><U3/><E3/><V98/><F92/><W48/><G48/><T23/><D35/><U104/><E104/><V72/><F72/><W95/><G95/><T19/><D32/><U6/><E120/><V131/><F131/><W108/><G108/><T71/><D69/><U39/><E60/><V89/><F77/><W21/><G21/><RYUUKYOKU ba="0,1" sc="230,-15,240,-15,290,15,230,15" hai2="45,46,58,62,67,82,87,89,97,98" hai3="4,8,13,22,25,44,50,53,85,90,93,101,103" /><INIT seed="2,1,1,2,1,133" ten="215,225,305,245" oya="2" hai0="13,15,90,49,60,113,45,8,67,40,62,0,50" hai1="122,79,94,65,41,108,68,134,117,128,54,119,19" hai2="112,89,70,105,66,6,36,11,26,85,107,131,43" hai3="91,77,29,93,120,100,14,92,38,135,52,2,88"/><V31/><F131/><W28/><G2/><T104/><D113/><U126/><E79/><V32/><F112/><W103/><G77/><T7/><D104/><U27/><E94/><V64/><F36/><W63/><G38/><T78/><D78/><U48/><E27/><V114/><F43/><W86/><G120/><T101/><D101/><N who="3" m="38985" /><G14/><T37/><D90/><U42/><E19/><V59/><F70/><W47/><G135/><T99/><D99/><U123/><E134/><V30/><F30/><W46/><G46/><T61/><D67/><U33/><E33/><V102/><F114/><W12/><G12/><T76/><D76/><U82/><E65/><V4/><F4/><W97/><G63/><T35/><D35/><U10/><E82/><V5/><F5/><W111/><G111/><T22/><D0/><U116/><E68/><V110/><F110/><W53/><G47/><T121/><D121/><N who="1" m="46091" /><E108/><V3/><F107/><W75/><G75/><T72/><D72/><U127/><E10/><V18/><F105/><W115/><G115/><T109/><D109/><U73/><E73/><V34/><F34/><W96/><G86/><T21/><D13/><U20/><E20/><V44/><F44/><W25/><G25/><T98/><D98/><U39/><E39/><V9/><F26/><W1/><G1/><T57/><D37/><U56/><E128/><V55/><F3/><W125/><G125/><AGARI ba="1,1" hai="41,42,48,54,56,116,117,119,125,126,127" m="46091" machi="125" ten="40,12000,2" yaku="18,1,13,1,34,2,52,3" doraHai="133" who="1" fromWho="3" sc="215,0,225,133,305,0,245,-123" /><INIT seed="3,0,0,0,0,95" ten="215,358,305,122" oya="3" hai0="123,57,82,100,99,86,10,19,115,133,96,91,36" hai1="24,3,89,77,28,31,70,11,85,63,27,104,8" hai2="34,30,42,41,90,94,84,1,47,0,102,16,92" hai3="130,105,103,134,40,25,135,44,55,71,6,88,59"/><W33/><G6/><T56/><D123/><U129/><E129/><V68/><F68/><W116/><G116/><T13/><D133/><N who="3" m="50697" /><G103/><T93/><D115/><U37/><E37/><V18/><F41/><W35/><G71/><T12/><D36/><U110/><E104/><V64/><F64/><W97/><G25/><T17/><REACH who="0" step="1"/><D99/><REACH who="0" ten="205,358,305,122" step="2"/><U124/><E70/><V79/><F0/><W78/><G130/><T50/><D50/><U5/><E3/><V53/><F1/><W106/><G106/><T80/><D80/><U52/><E63/><V61/><F61/><N who="3" m="36095" /><G105/><T32/><D32/><U22/><E8/><AGARI ba="0,1" hai="8,10,12,13,17,19,56,57,82,86,91,93,96,100" machi="8" ten="30,8000,1" yaku="1,1,7,1,9,1,8,1,52,1,53,0" doraHai="95" doraHaiUra="21" who="0" fromWho="1" sc="205,90,358,-80,305,0,122,0" /><INIT seed="4,0,0,4,2,12" ten="295,278,305,122" oya="0" hai0="19,86,124,60,131,43,49,71,21,61,78,100,2" hai1="9,127,59,98,58,54,83,114,103,81,23,90,122" hai2="102,37,84,47,35,39,15,113,11,18,105,14,93" hai3="135,77,41,38,119,120,7,32,117,24,111,70,46"/><T44/><D131/><U96/><E122/><V73/><F73/><W68/><G77/><T10/><D124/><U116/><E127/><V107/><F35/><W67/><G7/><T64/><D100/><U130/><E130/><V45/><F113/><W34/><G24/><T110/><D110/><U3/><E114/><V129/><F129/><W76/><G76/><T65/><D2/><U17/><E3/><V95/><F11/><W5/><G5/><T4/><D78/><U109/><E109/><V80/><F84/><W87/><G87/><T33/><D33/><N who="3" m="12905" /><G111/><T104/><D104/><U13/><E98/><V133/><F102/><W79/><G135/><T40/><D86/><U57/><E90/><V22/><F22/><W97/><G97/><T88/><D88/><U26/><E116/><N who="3" m="44618" /><G79/><T118/><D118/><U42/><E42/><V101/><F101/><W106/><G106/><T128/><D128/><U31/><REACH who="1" step="1"/><E54/><REACH who="1" ten="295,268,305,122" step="2"/><V53/><F53/><W6/><G120/><T50/><D40/><U62/><E62/><V36/><F107/><AGARI ba="0,1" hai="9,13,17,23,26,31,57,58,59,81,83,96,103,107" machi="107" ten="40,2600,0" yaku="1,1,52,1,53,0" doraHai="12" doraHaiUra="0" who="1" fromWho="2" sc="295,0,268,36,305,-26,122,0" /><INIT seed="5,0,0,1,5,25" ten="295,304,279,122" oya="1" hai0="114,123,63,67,60,21,104,50,10,129,64,49,42" hai1="22,41,83,113,68,72,76,115,91,122,71,43,20" hai2="19,119,69,92,33,34,52,7,18,124,53,81,27" hai3="59,16,62,9,95,100,23,15,24,116,54,44,28"/><U120/><E91/><V51/><F124/><W32/><G116/><T47/><D104/><U111/><E83/><V98/><F69/><N who="1" m="26697" /><E76/><V48/><F119/><W90/><G44/><N who="0" m="25751" /><D21/><N who="1" m="8299" /><E72/><V117/><F117/><W55/><G100/><T121/><D10/><U13/><E13/><V89/><F7/><W88/><G32/><T61/><D129/><U134/><E43/><V99/><F81/><W118/><G118/><T0/><D0/><U26/><E26/><V85/><F27/><W105/><G105/><T130/><D130/><U12/><E12/><V11/><F85/><W96/><REACH who="3" step="1"/><G90/><REACH who="3" ten="295,304,279,112" step="2"/><T40/><D114/><N who="1" m="43531" /><E111/><V35/><F35/><W38/><G38/><T102/><D102/><U39/><E39/><V75/><F89/><W133/><G133/><T36/><D36/><U45/><E45/><V77/><F34/><W79/><G79/><T46/><D47/><U14/><E41/><V97/><F33/><W57/><G57/><T78/><D78/><U30/><E134/><V132/><F77/><W4/><G4/><T65/><AGARI ba="0,1" hai="40,46,50,60,61,63,64,65,67,121,123" m="25751" machi="65" ten="40,2700,0" yaku="34,2" doraHai="25" who="0" fromWho="0" sc="295,37,304,-13,279,-7,112,-7" /><INIT seed="6,0,0,0,4,25" ten="332,291,272,105" oya="2" hai0="23,10,129,30,76,15,19,65,79,87,47,107,53" hai1="7,125,56,118,42,40,134,111,106,24,91,103,95" hai2="13,17,1,2,73,69,78,130,75,126,16,50,72" hai3="105,57,59,85,128,98,70,60,9,101,68,43,121"/><V122/><F122/><W93/><G121/><T99/><D129/><U29/><E118/><V94/><F130/><W27/><G128/><T45/><D65/><U20/><E111/><V41/><F69/><W51/><G9/><T100/><D45/><U14/><E134/><V113/><F113/><W108/><G108/><T120/><D87/><U133/><E133/><V6/><F126/><W21/><G105/><T38/><D120/><U83/><E83/><V62/><F78/><W58/><G70/><T131/><D131/><U35/><E106/><V67/><F94/><W96/><G96/><T46/><D46/><U26/><E103/><V37/><F37/><W4/><G4/><T132/><D132/><U48/><E14/><V112/><F112/><W102/><G102/><T119/><D119/><U32/><E7/><V135/><F135/><W52/><G68/><T124/><D124/><U44/><E35/><V0/><F41/><W49/><G85/><T82/><D82/><U80/><E80/><V115/><F50/><W55/><G43/><T28/><D38/><U74/><E74/><V3/><F3/><W71/><G71/><T81/><D81/><U33/><E125/><V39/><F39/><W117/><G117/><T31/><REACH who="0" step="1"/><D10/><REACH who="0" ten="322,291,272,105" step="2"/><U12/><E44/><V8/><F115/><W54/><REACH who="3" step="1"/><G60/><REACH who="3" ten="322,291,272,95" step="2"/><T5/><D5/><U22/><E40/><V63/><F62/><W84/><G84/><T92/><D92/><U11/><E95/><V104/><F104/><W127/><G127/><T61/><D61/><U116/><E42/><V89/><F89/><W77/><G77/><RYUUKYOKU ba="0,2" sc="322,10,291,-30,272,10,95,10" hai0="15,19,23,28,30,31,47,53,76,79,99,100,107" hai2="0,1,2,6,8,13,16,17,63,67,72,73,75" hai3="21,27,49,51,52,54,55,57,58,59,93,98,101" /><INIT seed="6,1,2,3,3,88" ten="332,261,282,105" oya="2" hai0="43,74,17,23,101,40,75,0,28,100,14,37,6" hai1="98,133,11,103,106,60,79,102,27,50,125,121,94" hai2="129,124,2,107,20,128,38,131,8,10,67,31,95" hai3="66,99,54,81,39,86,78,24,116,62,120,127,69"/><V76/><F107/><W44/><G127/><T29/><D74/><U117/><E117/><V96/><F124/><W52/><G116/><T56/><D75/><U21/><E125/><V57/><F38/><W77/><G120/><T61/><D37/><U53/><E121/><V89/><F76/><W59/><G78/><T104/><D0/><U41/><E79/><V58/><F2/><W5/><G5/><T92/><D104/><U82/><E106/><V109/><F109/><W42/><G99/><N who="0" m="59495" /><D6/><U84/><E41/><N who="0" m="15945" /><D101/><N who="1" m="60631" /><E11/><N who="2" m="4139" /><F67/><AGARI ba="1,2" hai="14,17,23,28,29,56,61,67" m="15945,59495" machi="67" ten="30,2000,0" yaku="8,1,52,1" doraHai="88" who="0" fromWho="2" sc="332,43,261,0,282,-23,105,0" /><INIT seed="7,0,0,4,1,85" ten="375,261,259,105" oya="3" hai0="81,99,9,16,35,103,56,112,65,130,88,67,94" hai1="48,87,28,126,66,72,109,75,114,41,89,30,108" hai2="47,100,135,12,33,121,15,125,52,110,78,76,97" hai3="107,39,86,115,105,64,102,26,77,25,42,13,37"/><W44/><G115/><T53/><D130/><U124/><E66/><V128/><F110/><W4/><G64/><T70/><D35/><U40/><E48/><V10/><F128/><W104/><G102/><T93/><D81/><U113/><REACH who="1" step="1"/><E87/><REACH who="1" ten="375,251,259,105" step="2"/><V38/><F135/><W117/><G117/><T63/><D112/><U54/><E54/><V23/><F33/><W19/><G39/><T61/><D70/><U29/><E29/><V80/><F125/><W92/><G4/><T84/><D63/><U46/><E46/><V1/><F1/><W134/><G134/><T79/><D79/><U24/><E24/><V17/><F38/><W22/><REACH who="3" step="1"/><G77/><REACH who="3" ten="375,251,259,95" step="2"/><T60/><D67/><U2/><E2/><V45/><F78/><W11/><G11/><T5/><D65/><U62/><E62/><V57/><F76/><W0/><G0/><T21/><D61/><U14/><E14/><V51/><F12/><W82/><G82/><T49/><D60/><U132/><E132/><V119/><F80/><W101/><G101/><T118/><D118/><U34/><E34/><V123/><F119/><W95/><G95/><T27/><D9/><U31/><E31/><V71/><F10/><W7/><G7/><AGARI ba="0,2" hai="5,7,16,21,27,49,53,56,84,88,93,94,99,103" machi="7" ten="40,8000,1" yaku="8,1,52,1,54,2" doraHai="85" who="0" fromWho="3" sc="375,100,251,0,259,0,95,-80" owari="475,57.0,251,-15.0,259,6.0,15,-48.0" /></mjloggm>