<mjloggm ver="2.3"><GO type="41" lobby="0"/><UN n0="%E2%93%9D%53%75%70%68%78" n1="%6B%69%79%6F%35%35%35" n2="%E5%87%9B%37%37%37" n3="%E7%8B%AD%E3%81%8D%E9%96%80%E3%82%88%E3%82%8A%E5%85%A5%E3%82%8C" dan="17,13,15,14" rate="2058.86,1907.84,1984.88,1867.96" sx="M,M,M,M"/><TAIKYOKU oya="0"/><INIT seed="0,0,0,4,1,128" ten="250,250,250,250" oya="0" hai0="34,71,93,121,36,48,29,40,77,114,8,12,82" hai1="30,14,45,78,60,104,10,54,66,101,51,88,90" hai2="83,15,109,65,52,86,94,53,6,46,74,92,84" hai3="22,31,80,32,49,75,112,55,62,25,67,95,42"/><T113/><D121/><U72/><E30/><V103/><F109/><W107/><G112/><T50/><D71/><U68/><E78/><V89/><F65/><W105/><G42/><T24/><D36/><U44/><E72/><V37/><F37/><W19/><G95/><T69/><D69/><U133/><E133/><V26/><F74/><W61/><G75/><T135/><D93/><U108/><E108/><V39/><F39/><W17/><G80/><T110/><D110/><U76/><E76/><V124/><F124/><W131/><G131/><T111/><D111/><U132/><E132/><V120/><F120/><W117/><G117/><T119/><D119/><U87/><E45/><V43/><F26/><W126/><G126/><T123/><D123/><U127/><E127/><V106/><F106/><W11/><G11/><T16/><D135/><U57/><E104/><V27/><F27/><W73/><G73/><T13/><D13/><U79/><E101/><V41/><F15/><W56/><G61/><T122/><D122/><U129/><E129/><V96/><F6/><W81/><G81/><T116/><D116/><U125/><E125/><V2/><F2/><W47/><G19/><T130/><D130/><U97/><E97/><V85/><F85/><W9/><G9/><T70/><D70/><U1/><E1/><V102/><F102/><W20/><G32/><T0/><D0/><U118/><E118/><V23/><F23/><W18/><G31/><T134/><D134/><U35/><E35/><V91/><F41/><W33/><G33/><T64/><D34/><U21/><E68/><RYUUKYOKU ba="0,0" sc="250,-15,250,-15,250,15,250,15" hai2="43,46,52,53,83,84,86,89,91,92,94,96,103" hai3="17,18,20,22,25,47,49,55,56,62,67,105,107" /><INIT seed="1,1,0,3,2,115" ten="235,235,265,265" oya="1" hai0="104,58,124,93,130,114,126,123,35,22,112,73,33" hai1="7,116,106,23,102,14,0,98,72,28,107,59,113" hai2="9,46,101,32,44,134,109,50,55,53,108,10,5" hai3="31,42,78,3,66,52,118,16,57,85,120,41,21"/><U111/><E113/><N who="0" m="43625" /><D93/><U56/><E107/><V64/><F32/><N who="0" m="12362" /><D58/><U96/><E72/><V20/><F134/><W17/><G120/><T99/><D73/><U19/><E111/><N who="2" m="42571" /><F64/><W47/><G66/><T91/><D91/><U105/><E116/><V122/><F122/><W117/><G78/><T8/><D99/><U63/><E28/><V94/><F20/><W89/><G42/><T26/><D104/><U86/><E86/><V88/><F101/><W75/><G75/><T38/><D38/><U82/><E82/><V67/><F67/><W60/><G3/><T1/><D130/><U45/><E45/><V36/><F5/><W62/><G62/><T119/><D123/><U40/><E40/><N who="2" m="22535" /><F55/><W132/><G41/><T39/><D39/><U100/><E63/><V110/><N who="2" m="42579" /><V2/><DORA hai="6" /><F2/><W61/><G61/><T71/><D71/><U70/><E70/><V11/><F11/><AGARI ba="1,0" hai="0,7,11,14,19,23,56,59,96,98,100,102,105,106" machi="11" ten="40,3900,0" yaku="9,1,52,1" doraHai="115,6" who="1" fromWho="2" sc="235,0,235,42,265,-42,265,0" /><INIT seed="1,2,0,4,1,34" ten="235,277,223,265" oya="1" hai0="0,61,20,73,135,104,75,106,30,65,97,60,77" hai1="116,43,130,3,14,19,23,25,134,2,12,108,132" hai2="85,96,122,127,44,126,31,95,71,128,10,123,49" hai3="103,27,91,114,70,74,121,16,50,36,94,125,93"/><U119/><E43/><V66/><F31/><W37/><G74/><T8/><D135/><N who="1" m="51755" /><E130/><V109/><F10/><W131/><G70/><T124/><D124/><N who="2" m="47658" /><F85/><W67/><G125/><T79/><D30/><U29/><E108/><V21/><F21/><W26/><G121/><N who="2" m="46089" /><F95/><W118/><G118/><N who="1" m="45098" /><E14/><V63/><F96/><W9/><G114/><T68/><D97/><U40/><E40/><N who="2" m="24711" /><F128/><W56/><G103/><T84/><D20/><AGARI ba="2,0" hai="2,3,12,19,20,23,25,29" m="45098,51755" machi="20" ten="30,12000,1" yaku="20,1,34,2,52,2" doraHai="34" who="1" fromWho="0" sc="235,-126,277,126,223,0,265,0" /><INIT seed="1,3,0,5,3,93" ten="109,403,223,265" oya="1" hai0="87,49,77,79,82,134,104,100,135,95,63,115,126" hai1="20,73,88,59,92,90,0,128,18,40,34,89,21" hai2="35,17,27,109,96,130,118,99,58,74,112,68,1" hai3="4,83,64,39,129,57,47,91,131,3,75,71,51"/><U44/><E73/><V61/><F118/><W25/><G25/><T70/><D49/><U22/><E34/><V84/><F68/><W97/><G3/><T33/><D33/><U6/><E128/><N who="3" m="49226" /><G4/><T56/><D70/><U69/><E69/><V37/><F74/><W110/><G110/><T52/><D115/><U86/><E6/><V105/><F37/><W29/><G29/><T103/><D126/><U28/><E0/><V62/><F130/><W55/><G75/><T2/><D2/><U45/><E28/><V102/><F1/><W113/><G113/><T101/><D104/><U98/><E59/><V10/><F112/><W119/><G119/><T14/><D79/><U16/><E40/><V72/><F72/><W32/><G32/><T121/><D121/><U53/><E53/><V107/><F109/><W43/><G83/><T80/><D80/><U66/><E66/><V41/><F41/><W46/><G91/><N who="1" m="34826" /><E86/><V19/><F84/><W60/><G97/><T108/><D108/><U9/><E9/><V127/><F127/><W8/><G8/><T122/><D122/><U81/><E81/><V42/><F42/><W26/><G26/><T31/><D31/><U133/><E133/><N who="0" m="50697" /><D14/><U15/><E15/><V132/><F132/><W7/><G7/><T30/><D30/><U85/><E85/><V123/><F123/><W116/><G116/><T50/><D50/><U54/><E54/><V114/><F114/><W125/><G125/><T24/><D24/><U11/><E11/><V67/><F35/><W106/><G106/><T48/><D48/><U13/><E13/><RYUUKYOKU ba="3,0" sc="109,10,403,10,223,-30,265,10" hai0="52,56,63,77,82,87,95,100,101,103" hai1="16,18,20,21,22,44,45,88,92,98" hai3="39,43,46,47,51,55,57,60,64,71" /><INIT seed="1,4,0,3,2,50" ten="119,413,193,275" oya="1" hai0="117,7,125,16,121,36,12,101,116,132,19,103,115" hai1="91,95,53,85,56,54,15,105,23,100,29,61,26" hai2="35,124,64,133,34,55,109,48,131,108,41,14,107" hai3="25,79,67,70,92,128,32,129,47,120,31,44,46"/><U8/><E105/><V86/><F107/><W37/><G120/><T58/><D36/><U38/><E38/><V78/><F124/><W88/><G79/><T83/><D115/><U98/><E85/><V87/><F41/><W3/><G3/><T111/><D132/><U9/><E9/><V6/><F64/><W97/><G37/><T11/><D111/><N who="2" m="42570" /><F131/><N who="3" m="50251" /><G67/><T5/><D125/><U59/><E59/><N who="2" m="33255" /><F133/><W118/><G70/><T106/><D106/><U96/><E96/><V39/><F39/><W135/><G135/><T60/><D121/><U42/><E42/><V114/><F114/><W93/><G93/><T72/><D117/><AGARI ba="4,0" hai="25,31,32,44,46,47,88,92,97,117,118" m="50251" machi="117" ten="40,2600,0" yaku="19,1,54,1" doraHai="50" who="3" fromWho="0" sc="119,-38,413,0,193,0,275,38" /><INIT seed="2,0,0,5,5,47" ten="81,413,193,313" oya="2" hai0="118,11,3,122,37,69,133,18,119,20,35,65,115" hai1="33,68,14,51,40,16,106,112,5,10,132,120,61" hai2="57,125,107,97,64,29,96,104,71,17,95,129,127" hai3="111,84,13,25,94,116,22,126,130,92,8,48,49"/><V74/><F71/><W90/><G116/><N who="0" m="44587" /><D65/><U85/><E112/><V113/><F113/><W108/><G126/><N who="2" m="48137" /><F74/><W98/><G130/><T103/><D103/><U101/><E132/><V89/><F129/><W79/><G79/><T135/><D37/><U19/><E120/><V88/><F29/><W100/><G111/><T123/><D69/><U70/><E33/><V110/><F17/><W66/><G66/><T63/><D63/><U1/><E106/><V53/><F64/><W81/><G108/><T80/><D80/><U99/><E85/><V2/><F2/><W72/><G72/><T26/><D115/><U67/><E70/><V45/><F45/><W28/><G81/><T42/><D42/><U75/><E75/><V0/><F0/><W4/><AGARI ba="0,0" hai="4,8,13,22,25,28,48,49,84,90,92,94,98,100" machi="4" ten="20,8000,1" yaku="0,1,7,1,8,1,52,2" doraHai="47" who="3" fromWho="3" sc="81,-20,413,-20,193,-40,313,80" /><INIT seed="3,0,0,2,5,82" ten="61,393,153,393" oya="3" hai0="16,5,106,80,101,48,125,1,46,111,51,33,2" hai1="49,75,11,39,72,89,25,29,8,3,93,56,52" hai2="58,24,79,50,84,32,10,31,14,68,124,55,127" hai3="131,88,118,78,37,77,117,69,94,19,34,70,20"/><W57/><G37/><T13/><D33/><U134/><E39/><V120/><F68/><W7/><G34/><T122/><D122/><U36/><E134/><V103/><F103/><W35/><G35/><T128/><D128/><U95/><E36/><V121/><F79/><W59/><G131/><T97/><D111/><U15/><E3/><V38/><F38/><W12/><G7/><T64/><D125/><N who="2" m="48202" /><F84/><N who="3" m="52487" /><G69/><T87/><D64/><U90/><E75/><V47/><F58/><N who="3" m="22027" /><G70/><T133/><D133/><U135/><E72/><V61/><F61/><W86/><G118/><T96/><D5/><AGARI ba="0,0" hai="5,10,14,24,31,32,47,50,55,120,121" m="48202" machi="5" ten="30,1000,0" yaku="18,1" doraHai="82" who="2" fromWho="0" sc="61,-10,393,0,153,10,393,0" /><INIT seed="4,0,0,5,1,16" ten="51,393,163,393" oya="0" hai0="62,130,39,132,113,21,56,40,92,75,60,124,31" hai1="48,14,8,112,29,97,76,13,70,59,11,89,91" hai2="93,117,52,127,0,83,18,106,24,80,120,53,7" hai3="123,107,86,57,73,33,22,72,63,122,126,9,23"/><T119/><D119/><U10/><E70/><V41/><F106/><W37/><G126/><T103/><D75/><N who="3" m="28745" /><G107/><T67/><D124/><U32/><E76/><V133/><F127/><W1/><G37/><T82/><D130/><U78/><E78/><V102/><F120/><N who="3" m="46123" /><G33/><T71/><D132/><U45/><E112/><V30/><F41/><W38/><G38/><T85/><D113/><U134/><E134/><V36/><F36/><W46/><G46/><T79/><D39/><U19/><E32/><V98/><F133/><W69/><G69/><T26/><D40/><U128/><E29/><V129/><F129/><W47/><G47/><T15/><D15/><U49/><E128/><V27/><F7/><N who="3" m="1263" /><G86/><T108/><D108/><U104/><E104/><V125/><F0/><W99/><G99/><T94/><REACH who="0" step="1"/><D103/><REACH who="0" ten="41,393,163,393" step="2"/><U66/><E14/><V131/><F131/><W34/><G34/><T6/><D6/><U35/><E35/><V58/><F125/><W61/><G61/><T115/><D115/><U95/><E91/><V96/><F117/><W43/><G43/><T121/><D121/><U111/><E111/><V68/><F102/><W2/><G2/><T12/><D12/><U81/><E13/><V51/><F51/><W55/><AGARI ba="0,1" hai="22,23,55,57,63" m="1263,46123,28745" machi="55" ten="30,4000,0" yaku="13,1,52,2" doraHai="16" who="3" fromWho="3" sc="41,-20,393,-10,163,-10,393,50" /><INIT seed="5,0,0,2,5,4" ten="21,383,153,443" oya="1" hai0="36,100,44,87,32,98,6,55,23,56,116,30,104" hai1="46,101,35,34,109,92,28,130,86,135,71,99,94" hai2="61,37,121,45,42,2,84,66,96,85,117,133,80" hai3="69,17,127,58,83,60,3,111,114,119,70,128,73"/><U11/><E71/><V129/><F121/><W125/><G3/><T9/><D116/><U112/><E112/><V106/><F117/><W27/><G111/><T50/><D32/><U31/><E109/><V59/><F129/><W21/><G119/><T63/><D36/><U43/><E130/><V105/><F133/><W95/><G128/><T52/><D87/><U124/><E135/><V113/><F113/><W91/><G73/><T29/><REACH who="0" step="1"/><D23/><REACH who="0" ten="11,383,153,443" step="2"/><U0/><E124/><V108/><F85/><W72/><G127/><T68/><D68/><U107/><E35/><V90/><F108/><W53/><G125/><T40/><D40/><U51/><E34/><V118/><F118/><W12/><G114/><T126/><D126/><U14/><E0/><AGARI ba="0,1" hai="0,6,9,29,30,44,50,52,55,56,63,98,100,104" machi="0" ten="30,7700,0" yaku="1,1,7,1,52,1,54,1,53,0" doraHai="4" doraHaiUra="75" who="0" fromWho="1" sc="11,87,383,-77,153,0,443,0" /><INIT seed="6,0,0,4,4,85" ten="98,306,153,443" oya="2" hai0="84,1,12,62,40,47,97,37,96,43,131,133,77" hai1="95,76,28,3,72,19,118,17,129,124,120,5,9" hai2="66,105,10,82,60,48,34,51,14,134,92,15,98" hai3="115,83,21,111,78,109,31,122,63,73,7,42,100"/><V87/><F134/><W75/><G7/><T81/><D133/><U135/><E76/><V39/><F39/><W103/><G42/><T119/><D131/><U22/><E72/><V2/><F34/><W121/><G63/><T91/><D1/><U30/><E135/><V70/><F105/><W64/><G64/><T41/><D119/><U65/><E65/><V99/><F2/><W112/><G21/><T46/><D62/><U59/><E59/><V102/><F15/><W79/><G31/><N who="1" m="11818" /><E95/><V86/><F86/><W56/><G56/><T38/><D43/><U54/><E54/><V113/><F113/><W49/><G49/><T117/><D117/><U58/><E58/><V114/><F114/><W0/><G0/><T88/><D12/><N who="1" m="9511" /><E118/><V32/><F99/><AGARI ba="0,0" hai="37,38,40,41,46,47,77,81,84,88,91,96,97,99" machi="99" ten="40,8000,1" yaku="9,1,52,2,54,1" doraHai="85" who="0" fromWho="2" sc="98,80,306,0,153,-80,443,0" /><INIT seed="7,0,0,4,2,98" ten="178,306,73,443" oya="3" hai0="52,42,62,33,61,66,80,132,99,17,89,77,41" hai1="58,85,76,64,48,109,28,37,26,101,131,114,104" hai2="11,82,91,10,71,130,43,69,107,51,20,122,53" hai3="46,87,21,4,111,108,118,7,30,29,31,88,36"/><W74/><G74/><T2/><D2/><U9/><E37/><V13/><F130/><W127/><G118/><T73/><D33/><U22/><E109/><V121/><F43/><W128/><G128/><T5/><D5/><U50/><E131/><V97/><F20/><W72/><G72/><T84/><D132/><U54/><E114/><V86/><F13/><W6/><G127/><T16/><D73/><U93/><E93/><V123/><F69/><W100/><G100/><T117/><D66/><U106/><E106/><V110/><F110/><N who="3" m="42027" /><G21/><T39/><D39/><U49/><E104/><V23/><F23/><W135/><G46/><T119/><D119/><U45/><E9/><V113/><F113/><W32/><G36/><T12/><D117/><U65/><E76/><V134/><F71/><W3/><G3/><T18/><D12/><U55/><E85/><V70/><F70/><W115/><G135/><T105/><D105/><U19/><E45/><V15/><F134/><W44/><G44/><T34/><D34/><U8/><E8/><V56/><REACH who="2" step="1"/><F15/><REACH who="2" ten="178,306,63,443" step="2"/><W90/><G115/><T59/><D42/><U0/><E0/><V38/><F38/><W14/><G14/><T35/><D35/><U79/><E28/><V47/><F47/><W40/><G32/><T24/><D41/><U57/><E26/><V103/><AGARI ba="0,1" hai="10,11,51,53,56,82,86,91,97,103,107,121,122,123" machi="103" ten="40,8000,1" yaku="1,1,0,1,13,1,52,1,53,0" doraHai="98" doraHaiUra="125" who="2" fromWho="2" sc="178,-20,306,-20,63,90,443,-40" owari="158,-24.0,286,9.0,153,-35.0,403,50.0" /></mjloggm>