<mjloggm ver="2.3"><GO type="41" lobby="0"/><UN n0="%4B%61%6D%69%6B%61%6D%69" n1="%E5%A4%A7%E7%99%BD%E5%93%A5" n2="%E2%93%9D%53%75%70%68%78" n3="%6B%69%72%61%72%69%79%75" dan="15,15,18,15" rate="1972.94,1919.37,2081.81,2008.48" sx="M,M,M,M"/><TAIKYOKU oya="0"/><INIT seed="0,0,0,0,1,6" ten="250,250,250,250" oya="0" hai0="68,24,71,51,57,20,25,100,8,79,65,87,23" hai1="48,39,78,11,67,59,112,45,47,61,133,4,21" hai2="42,77,52,120,60,128,108,99,130,88,110,102,127" hai3="135,113,28,56,31,75,37,36,46,107,117,15,41"/><T101/><D79/><U14/><E133/><V12/><F42/><W80/><G113/><T81/><D51/><U89/><E112/><V22/><F127/><W35/><G117/><T2/><D57/><U50/><E78/><V116/><F120/><W84/><G75/><T64/><D87/><U103/><E103/><V91/><F22/><W27/><G107/><T126/><D2/><U104/><E104/><V17/><F17/><W10/><G31/><T73/><D81/><U18/><E89/><N who="2" m="34379" /><F12/><W83/><G135/><T92/><D92/><U95/><E95/><N who="2" m="58751" /><F116/><W16/><G84/><T69/><D69/><U19/><E39/><V134/><F134/><W132/><G132/><T26/><D25/><U131/><E131/><N who="2" m="50219" /><F77/><W122/><G122/><T93/><D93/><U44/><REACH who="1" step="1"/><E19/><REACH who="1" ten="250,240,250,250" step="2"/><V63/><F110/><W13/><G36/><T90/><D90/><U118/><E118/><V125/><F108/><W129/><G129/><T119/><D119/><U54/><E54/><V76/><F125/><W86/><G37/><T29/><D126/><U30/><E30/><V96/><F76/><W40/><G40/><T43/><D29/><U5/><E5/><V124/><F124/><W109/><G41/><T7/><D7/><U114/><E114/><V9/><F96/><W62/><G28/><T111/><D43/><U72/><E72/><V49/><F9/><W34/><G10/><T38/><D38/><U53/><E53/><V0/><F0/><AGARI ba="0,1" hai="0,4,11,14,18,21,44,45,47,48,50,59,61,67" machi="0" ten="40,2600,0" yaku="1,1,52,1,53,0" doraHai="6" doraHaiUra="97" who="1" fromWho="2" sc="250,0,240,36,250,-26,250,0" /><INIT seed="1,0,0,3,1,122" ten="250,276,224,250" oya="1" hai0="58,6,82,46,100,16,64,98,17,106,118,30,76" hai1="26,88,91,0,128,59,86,4,121,92,56,111,123" hai2="120,5,102,13,130,60,27,43,31,115,47,33,45" hai3="19,116,78,133,73,103,50,110,36,97,125,1,3"/><U89/><E128/><V2/><F120/><W80/><G110/><T75/><D118/><U44/><E111/><V131/><F47/><W68/><G36/><T79/><D6/><U14/><E0/><V117/><F60/><W65/><G133/><T61/><D79/><U124/><E124/><V12/><F102/><W84/><G116/><T10/><D30/><U37/><E123/><V18/><F45/><W71/><G125/><T87/><D10/><U49/><E37/><V55/><F55/><W109/><G109/><T81/><D81/><U134/><E134/><V62/><F62/><W119/><G119/><T42/><REACH who="0" step="1"/><D75/><REACH who="0" ten="240,276,224,250" step="2"/><U22/><E121/><V40/><F117/><W48/><G73/><T108/><D108/><U74/><E74/><V93/><F5/><W127/><G127/><T9/><D9/><N who="1" m="4391" /><E89/><V39/><F131/><W126/><G126/><T53/><D53/><N who="1" m="29863" /><E91/><V132/><F130/><W135/><G135/><T52/><D52/><U95/><E95/><V129/><F93/><W57/><G78/><T77/><D77/><U101/><E101/><V35/><F132/><W69/><G103/><T34/><D34/><U105/><E105/><V38/><F35/><W114/><G1/><T24/><D24/><U63/><E63/><V96/><F2/><W32/><G3/><T28/><D28/><AGARI ba="0,1" hai="22,26,28,56,59,86,88,92" m="29863,4391" machi="28" ten="30,2900,0" yaku="8,1,54,1" doraHai="122" who="1" fromWho="0" sc="240,-29,276,39,224,0,250,0" /><INIT seed="1,1,0,0,2,87" ten="211,315,224,250" oya="1" hai0="79,114,97,11,119,86,102,63,34,123,3,129,128" hai1="55,18,73,15,58,88,28,31,118,8,126,69,39" hai2="59,0,44,21,47,49,1,54,48,61,67,112,25" hai3="41,74,103,62,46,89,57,120,24,20,40,117,66"/><U12/><E69/><V131/><F131/><W113/><G113/><T50/><D34/><U91/><E39/><V121/><F121/><W43/><G120/><T111/><D114/><U104/><E73/><V9/><F112/><W95/><G74/><T124/><D119/><U52/><E104/><V133/><F133/><W42/><G117/><T45/><D63/><U2/><E2/><V84/><F9/><W70/><G103/><T135/><D123/><U27/><E118/><V36/><F36/><W115/><G115/><T5/><D135/><U26/><E126/><V30/><REACH who="2" step="1"/><F84/><REACH who="2" ten="211,315,214,250" step="2"/><W122/><G122/><T14/><D129/><U4/><E8/><V127/><F127/><W37/><G70/><T90/><D128/><U32/><E32/><V16/><F16/><W56/><G56/><T125/><D125/><U33/><E58/><V35/><F35/><W29/><G41/><AGARI ba="1,1" hai="0,1,21,25,30,41,44,47,48,49,54,59,61,67" machi="41" ten="30,2000,0" yaku="1,1,7,1,53,0" doraHai="87" doraHaiUra="78" who="2" fromWho="3" sc="211,0,315,0,214,33,250,-23" /><INIT seed="2,0,0,2,0,6" ten="211,315,247,227" oya="2" hai0="17,128,75,126,62,11,37,8,95,98,135,0,5" hai1="122,110,4,104,112,117,15,34,19,39,116,59,63" hai2="28,124,91,66,102,71,127,25,119,40,101,84,114" hai3="108,45,14,51,50,13,10,38,120,94,121,21,20"/><V96/><F40/><W56/><G108/><T118/><D37/><U79/><E39/><V115/><F66/><W131/><G131/><T54/><D75/><U27/><E104/><V36/><F36/><W74/><G74/><T99/><D128/><U86/><E112/><N who="2" m="43051" /><F25/><W60/><G38/><T76/><D76/><U90/><E110/><V133/><F28/><W81/><G81/><T88/><D135/><U43/><E122/><V93/><F71/><W70/><G70/><T106/><D126/><N who="2" m="48170" /><F119/><W42/><G94/><T61/><D118/><U18/><E43/><V67/><F67/><W65/><G51/><T69/><D69/><U77/><E4/><V87/><F133/><W83/><G83/><T12/><REACH who="0" step="1"/><D54/><REACH who="0" ten="201,315,247,227" step="2"/><U30/><E116/><V3/><F3/><W7/><G121/><T16/><D16/><U68/><E19/><V31/><F31/><W103/><G120/><T46/><D46/><U125/><E68/><V48/><F48/><W22/><REACH who="3" step="1"/><G103/><AGARI ba="0,1" hai="0,5,8,11,12,17,61,62,88,95,98,99,103,106" machi="103" ten="40,8000,1" yaku="1,1,52,2,54,1,53,1" doraHai="6" doraHaiUra="2" who="0" fromWho="3" sc="201,90,315,0,247,0,227,-80" /><AGARI ba="0,0" hai="84,87,91,93,96,101,102,103" m="48170,43051" machi="103" ten="30,5800,0" yaku="18,1,34,2" doraHai="6" who="2" fromWho="3" sc="291,0,315,0,247,58,147,-58" /><INIT seed="2,1,0,5,0,70" ten="291,315,305,89" oya="2" hai0="128,85,32,61,91,87,22,111,109,7,97,13,50" hai1="71,9,105,40,15,6,82,52,26,81,16,4,108" hai2="25,112,27,29,11,114,48,88,28,47,54,133,21" hai3="83,86,107,24,117,93,31,131,66,55,64,23,33"/><V43/><F133/><W51/><G107/><T98/><D32/><U67/><E105/><V12/><F54/><W90/><G131/><T134/><D128/><U69/><E108/><N who="0" m="41545" /><D61/><U132/><E132/><V113/><F88/><W121/><G121/><T63/><D63/><U92/><E67/><V57/><F57/><W37/><G37/><T84/><D50/><U135/><E135/><V3/><F3/><W122/><G122/><T119/><D119/><U80/><E40/><V0/><F0/><W120/><G120/><T17/><D7/><U115/><E115/><V77/><F77/><W44/><G117/><T102/><D134/><U35/><E92/><V38/><F48/><W41/><G33/><T94/><D87/><U42/><E42/><V14/><REACH who="2" step="1"/><F11/><REACH who="2" ten="291,315,295,89" step="2"/><W8/><G8/><T130/><D130/><U36/><E52/><V118/><F118/><W75/><G55/><T96/><D96/><U34/><E69/><V45/><F45/><W19/><G51/><T59/><D59/><U124/><E71/><V125/><F125/><W127/><G127/><T95/><AGARI ba="1,1" hai="13,17,22,84,85,91,94,95,97,98,102" m="41545" machi="95" ten="30,1100,0" yaku="14,1" doraHai="70" who="0" fromWho="0" sc="291,24,315,-4,295,-6,89,-4" /><INIT seed="3,0,0,3,4,130" ten="315,311,289,85" oya="3" hai0="33,75,56,23,58,94,5,61,122,20,124,111,60" hai1="134,62,105,40,13,2,12,21,69,10,135,120,63" hai2="6,131,106,98,30,43,19,118,112,74,101,113,85" hai3="104,18,92,95,17,87,24,100,67,68,14,45,76"/><W116/><G116/><T89/><D122/><U79/><E120/><V26/><F74/><W48/><G104/><T109/><D33/><U97/><E2/><V127/><F127/><W36/><G36/><T25/><D75/><U126/><E79/><V123/><F131/><W7/><G7/><T80/><D80/><U39/><E126/><V115/><F43/><W83/><G68/><T8/><D124/><U117/><E117/><V41/><F41/><W3/><G3/><T125/><D125/><U88/><E21/><V73/><F73/><W49/><G67/><T107/><D107/><U16/><E12/><V34/><F123/><W50/><G45/><T9/><D94/><U110/><E110/><V42/><F42/><W108/><G108/><T31/><D25/><U27/><E27/><V103/><F103/><W114/><G114/><T70/><D89/><U4/><E4/><V121/><F121/><W64/><G64/><T86/><D86/><U57/><E69/><V99/><F99/><W66/><G66/><T37/><D31/><U129/><E129/><V128/><F128/><W11/><REACH who="3" step="1"/><G100/><REACH who="3" ten="315,311,289,75" step="2"/><T102/><D102/><U22/><E105/><V47/><F118/><W52/><G52/><T44/><D5/><U82/><E39/><V35/><F6/><W71/><G71/><T133/><D70/><U59/><E40/><V65/><F65/><W81/><G81/><T54/><D44/><U84/><E82/><V38/><F115/><W78/><G78/><T119/><D119/><U15/><E59/><V1/><F113/><W32/><G32/><T72/><D37/><RYUUKYOKU ba="0,1" sc="315,-10,311,-10,289,-10,75,30" hai3="11,14,17,18,24,48,49,50,76,83,87,92,95" /><INIT seed="3,1,1,3,1,122" ten="305,301,279,105" oya="3" hai0="116,77,10,71,85,28,8,95,36,63,67,11,107" hai1="131,38,56,121,135,43,132,64,83,51,115,21,9" hai2="4,98,45,124,52,99,90,106,82,119,117,44,58" hai3="128,86,111,92,65,133,105,126,110,114,6,35,16"/><W39/><G114/><T14/><D107/><U79/><E115/><V100/><F124/><W62/><G105/><T13/><D36/><U75/><E121/><V22/><F4/><W53/><G126/><T123/><D116/><U108/><E43/><V41/><F22/><W49/><G39/><T48/><D123/><U103/><E103/><V118/><F41/><W127/><G127/><T134/><D134/><U0/><E131/><V112/><F112/><W59/><G133/><N who="1" m="51274" /><E38/><V61/><REACH who="2" step="1"/><F99/><REACH who="2" ten="305,301,269,105" step="2"/><W60/><G128/><T1/><D1/><U47/><E21/><V87/><AGARI ba="1,2" hai="44,45,52,58,61,82,87,90,98,100,106,117,118,119" machi="87" ten="40,8000,1" yaku="1,1,2,1,0,1,54,1,53,1" doraHai="122" doraHaiUra="81" who="2" fromWho="2" sc="305,-21,301,-21,269,103,105,-41" /><INIT seed="4,0,0,1,3,108" ten="284,280,372,64" oya="0" hai0="77,98,129,52,17,24,121,127,29,80,21,88,62" hai1="126,56,28,79,120,10,65,13,82,116,54,60,20" hai2="39,3,78,55,112,113,41,69,30,4,40,114,100" hai3="47,130,64,104,53,58,16,109,123,83,22,102,110"/><T42/><D121/><U9/><E116/><V135/><F135/><W91/><G123/><T11/><D129/><U87/><E120/><V134/><F134/><W15/><G130/><T45/><D127/><U94/><E126/><V26/><F69/><W105/><G64/><T118/><D118/><U95/><E10/><N who="2" m="2335" /><F39/><W34/><G34/><T46/><D11/><U92/><E28/><V8/><F100/><W67/><G67/><T59/><D29/><U51/><E20/><N who="2" m="15687" /><F78/><W66/><G66/><T89/><D89/><U63/><E65/><V37/><F37/><W106/><G47/><T86/><D42/><N who="2" m="16490" /><F8/><W31/><G31/><T76/><D76/><U96/><E96/><V48/><F55/><W119/><G119/><T117/><D117/><U23/><E23/><V19/><F48/><W111/><G102/><T27/><D27/><U32/><E32/><V75/><F19/><AGARI ba="0,0" hai="9,13,19,51,54,56,60,63,79,82,87,92,94,95" machi="19" ten="40,1300,0" yaku="8,1" doraHai="108" who="1" fromWho="2" sc="284,0,280,13,372,-13,64,0" /><INIT seed="5,0,0,0,5,86" ten="284,293,359,64" oya="1" hai0="134,88,48,31,66,30,46,122,104,50,33,53,84" hai1="62,92,57,89,47,127,43,115,98,24,3,111,1" hai2="69,65,0,40,80,132,17,129,94,81,105,114,103" hai3="97,96,131,91,109,9,78,41,56,8,21,18,75"/><U5/><E115/><V37/><F0/><W45/><G109/><T74/><D104/><U14/><E127/><V126/><F105/><W121/><G121/><T52/><D74/><U83/><E111/><V110/><F129/><W44/><G131/><T23/><D134/><U20/><E83/><V60/><F110/><W124/><G124/><T11/><D33/><U85/><E85/><V7/><F7/><W54/><G78/><T39/><D66/><U36/><E14/><V102/><F40/><W90/><G75/><T120/><D39/><U116/><E5/><V4/><F37/><W125/><G125/><T12/><D122/><U99/><E99/><N who="3" m="37962" /><G41/><T93/><D23/><U108/><E108/><V70/><F4/><W82/><G82/><T100/><D100/><U42/><E42/><V119/><F103/><W67/><G67/><T77/><D77/><U35/><E35/><V38/><F65/><W58/><G58/><N who="0" m="33063" /><D120/><U87/><E87/><V27/><F102/><W22/><G22/><T118/><D118/><U13/><E116/><V2/><F119/><W95/><G95/><T101/><D101/><U68/><E68/><V61/><F94/><W28/><G28/><T6/><AGARI ba="0,0" hai="6,11,12,30,31,46,50,52,84,88,93" m="33063" machi="6" ten="30,7900,0" yaku="8,1,52,1,54,2" doraHai="86" who="0" fromWho="0" sc="284,79,293,-39,359,-20,64,-20" /><INIT seed="6,0,0,2,2,80" ten="363,254,339,44" oya="2" hai0="10,5,103,81,11,101,54,130,61,110,64,2,40" hai1="91,108,30,28,134,84,97,102,55,70,58,104,69" hai2="116,6,117,12,63,52,95,86,113,51,27,19,21" hai3="115,74,126,76,135,67,71,131,128,26,118,109,100"/><V119/><F113/><W13/><G118/><T38/><D110/><U1/><E108/><V59/><F6/><W65/><G109/><T4/><D130/><N who="3" m="49705" /><G100/><T94/><D40/><U88/><E134/><V49/><REACH who="2" step="1"/><F27/><REACH who="2" ten="363,254,329,44" step="2"/><W35/><G115/><T48/><D5/><U37/><E1/><V66/><F66/><W68/><G135/><T41/><D2/><U120/><E120/><V124/><F124/><W15/><G126/><T125/><D4/><U60/><E70/><V53/><F53/><W14/><G26/><T34/><D125/><U20/><E69/><N who="3" m="26698" /><G35/><T85/><D34/><U18/><E37/><V31/><F31/><W77/><G74/><T129/><D38/><U98/><E30/><V89/><AGARI ba="0,1" hai="12,19,21,49,51,52,59,63,86,89,95,116,117,119" machi="89" ten="40,12000,1" yaku="1,1,0,1,52,1,54,1,53,0" doraHai="80" doraHaiUra="107" who="2" fromWho="2" sc="363,-40,254,-40,329,130,44,-40" /><INIT seed="6,1,0,4,0,133" ten="323,214,459,4" oya="2" hai0="69,96,38,103,98,99,100,75,50,70,58,111,124" hai1="64,114,123,84,18,19,1,116,32,46,9,95,8" hai2="47,73,121,56,0,113,57,78,36,112,33,53,23" hai3="39,29,93,7,68,91,81,106,55,27,125,115,90"/><V101/><F121/><W79/><G106/><T86/><D38/><U31/><E116/><V34/><F23/><W74/><G68/><T22/><D75/><U17/><E123/><V88/><F0/><W3/><G39/><T85/><D111/><U63/><E114/><N who="2" m="44139" /><F57/><W89/><G115/><T61/><D22/><U130/><E130/><V48/><F88/><W44/><G125/><T127/><D50/><U45/><E31/><V42/><F101/><N who="0" m="38986" /><D58/><U109/><E32/><N who="2" m="12395" /><F78/><W122/><G122/><T10/><D10/><U52/><E109/><V132/><F132/><W26/><G26/><T119/><D61/><U54/><E1/><V62/><F73/><W60/><G7/><T20/><D20/><U41/><E41/><V102/><F102/><W126/><G3/><T72/><D72/><U135/><E135/><V92/><F92/><W2/><G2/><T65/><D65/><U49/><E95/><V37/><AGARI ba="1,0" hai="36,37,42,47,48,53,56,62" m="12395,44139" machi="37" ten="40,2100,0" yaku="15,1" doraHai="133" who="2" fromWho="2" sc="323,-8,214,-8,459,24,4,-8" owari="315,12.0,206,-19.0,483,57.0,-4,-50.0" /></mjloggm>