<mjloggm ver="2.3"><GO type="41" lobby="0"/><UN n0="%34%30%73%6C%73" n1="%E9%81%A0%E5%88%88%E7%94%B0%E6%B8%A9%E6%B3%89%E3%83%BB%E6%BF%80%E7%86%B1" n2="%E2%93%9D%53%75%70%68%78" n3="%E5%91%89%E8%B6%8A%E5%90%8C%E5%8D%93" dan="14,15,18,15" rate="1844.39,1986.02,2098.29,2042.72" sx="M,M,M,M"/><TAIKYOKU oya="0"/><INIT seed="0,0,0,5,0,2" ten="250,250,250,250" oya="0" hai0="111,119,13,60,95,40,124,32,102,57,110,130,0" hai1="69,49,35,94,72,17,133,126,12,43,106,100,47" hai2="61,37,125,41,80,91,56,86,105,121,117,109,50" hai3="104,97,53,112,122,114,16,68,129,73,85,33,88"/><T92/><D0/><U103/><E72/><V81/><F121/><W1/><G1/><T99/><D32/><U67/><E106/><V123/><F123/><W90/><G33/><T98/><D119/><U46/><E35/><V113/><F109/><N who="0" m="41482" /><D40/><U87/><E67/><V118/><F125/><W48/><G122/><T28/><D28/><U10/><E69/><V34/><F113/><W64/><G112/><T19/><D124/><U79/><E126/><V71/><F37/><W70/><G114/><T52/><D130/><U54/><E133/><V127/><F105/><W74/><G129/><T135/><D135/><U45/><E43/><V4/><F34/><W36/><G36/><T30/><D30/><U62/><E62/><V51/><F41/><W132/><G132/><T134/><D134/><U93/><E79/><V15/><F71/><W25/><G104/><N who="0" m="63575" /><D99/><N who="1" m="59503" /><E87/><V3/><F3/><W22/><G97/><AGARI ba="0,0" hai="10,12,17,45,46,47,49,54,94,97,103" m="59503" machi="97" ten="30,1000,0" yaku="8,1" doraHai="2" who="1" fromWho="3" sc="250,0,250,10,250,0,250,-10" /><INIT seed="1,0,0,3,2,99" ten="250,260,250,240" oya="1" hai0="94,14,112,110,22,131,113,79,132,135,133,44,128" hai1="18,45,11,118,105,49,65,74,64,86,36,56,93" hai2="83,8,43,85,108,20,19,9,107,101,76,16,134" hai3="75,120,35,125,29,103,89,111,90,10,4,71,28"/><U61/><E118/><V26/><F108/><W114/><G71/><T67/><D67/><U66/><E74/><V117/><F117/><W106/><G75/><T48/><D79/><U42/><E105/><V58/><F134/><W63/><G120/><T33/><D33/><U126/><E126/><V88/><F43/><W104/><G114/><N who="0" m="44139" /><D94/><U70/><E70/><V78/><F107/><W87/><G35/><T7/><D22/><U98/><E86/><V23/><F101/><W72/><G72/><T30/><D30/><U127/><E127/><V96/><F58/><W50/><G125/><T51/><D14/><N who="1" m="7519" /><E36/><V57/><F57/><W60/><G87/><T121/><D7/><U91/><AGARI ba="0,0" hai="42,45,49,56,61,64,65,66,91,93,98" m="7519" machi="91" ten="30,1500,0" yaku="8,1" doraHai="99" who="1" fromWho="1" sc="250,-5,260,15,250,-5,240,-5" /><INIT seed="1,1,0,1,4,34" ten="245,275,245,235" oya="1" hai0="13,56,0,58,26,88,15,112,134,42,109,96,43" hai1="80,16,50,135,29,127,67,38,14,25,89,27,1" hai2="46,52,103,31,78,21,104,87,121,83,129,84,64" hai3="126,24,117,30,11,2,94,116,61,68,17,7,128"/><U74/><E38/><V63/><F129/><W33/><G128/><T91/><D112/><U47/><E135/><V10/><F121/><W66/><G126/><T9/><D134/><U8/><E127/><V130/><F130/><W18/><REACH who="3" step="1"/><G94/><REACH who="3" ten="245,275,245,225" step="2"/><T102/><D109/><U120/><E120/><V72/><F104/><W92/><G92/><T95/><D95/><U93/><E67/><V107/><F107/><W28/><G28/><T76/><D96/><U113/><E113/><V79/><F31/><W4/><G4/><T101/><D76/><U6/><E29/><V23/><F79/><W12/><G12/><T69/><D26/><U77/><E93/><V19/><F64/><W45/><G45/><T55/><D101/><U100/><E100/><V51/><F103/><W36/><G36/><T122/><D102/><U105/><E105/><V48/><F46/><W90/><G90/><T35/><D122/><U49/><E89/><V97/><F97/><W86/><G86/><T106/><D91/><U98/><E98/><V54/><F87/><W3/><G3/><T114/><D0/><U124/><E124/><V62/><F84/><W108/><G108/><T132/><D88/><U118/><E47/><V133/><F133/><W37/><G37/><T59/><D132/><U99/><E99/><V20/><F78/><W60/><G60/><T125/><D106/><U70/><E1/><V39/><F39/><W41/><G41/><T5/><D43/><U73/><E77/><N who="2" m="44455" /><F63/><W75/><G75/><T119/><D125/><U82/><E74/><V111/><F111/><W57/><G57/><RYUUKYOKU ba="1,1" sc="245,-10,275,-10,245,-10,225,30" hai3="2,7,11,17,18,24,30,33,61,66,68,116,117" /><INIT seed="2,2,1,3,1,7" ten="235,265,235,255" oya="2" hai0="96,45,134,91,5,58,30,62,38,69,26,103,82" hai1="4,76,109,130,106,42,113,0,73,131,52,125,101" hai2="64,11,57,15,19,51,44,112,65,79,97,10,50" hai3="41,18,47,63,72,27,37,14,66,22,98,117,1"/><V70/><F112/><W105/><G117/><T99/><D134/><U12/><E113/><V16/><F70/><W123/><G123/><T2/><D69/><U88/><E109/><V94/><F79/><W13/><G72/><T71/><D71/><U133/><E133/><V104/><F104/><W46/><G1/><T81/><D38/><U107/><E125/><V92/><F57/><W85/><G47/><T32/><D45/><U83/><E42/><N who="2" m="24855" /><F51/><W54/><G54/><T126/><D126/><U6/><E0/><V40/><F94/><W75/><G75/><T90/><D91/><U9/><E4/><V35/><F35/><W28/><G85/><T49/><D49/><U33/><E33/><V53/><F53/><W102/><REACH who="3" step="1"/><G28/><REACH who="3" ten="235,265,235,245" step="2"/><T77/><D2/><U119/><E119/><V56/><F40/><W3/><G3/><T20/><D96/><U80/><E52/><V60/><F65/><W129/><G129/><N who="1" m="49162" /><E101/><N who="2" m="60583" /><F19/><W95/><G95/><T31/><D30/><U8/><E106/><V17/><F17/><W24/><G24/><T36/><D31/><U39/><E107/><V61/><F61/><W59/><AGARI ba="2,2" hai="13,14,18,22,27,37,41,46,59,63,66,98,102,105" machi="59" ten="20,5200,0" yaku="1,1,0,1,7,1,53,1" doraHai="7" doraHaiUra="100" who="3" fromWho="3" sc="235,-15,265,-15,235,-28,245,78" /><INIT seed="3,0,0,2,4,7" ten="220,250,207,323" oya="3" hai0="133,95,74,72,15,96,65,29,118,107,5,102,53" hai1="112,11,79,81,94,22,86,3,51,28,35,122,26" hai2="127,49,33,67,19,58,6,43,68,50,70,56,83" hai3="38,18,27,93,82,41,48,119,39,23,55,42,115"/><W130/><G119/><T123/><D118/><U129/><E112/><V103/><F6/><W134/><G115/><T17/><D123/><U21/><E122/><V75/><F103/><W98/><G134/><T63/><D133/><U30/><E129/><V128/><F19/><W80/><G130/><T124/><D124/><U24/><E35/><V20/><F20/><W0/><G0/><T104/><D5/><U54/><E3/><V34/><F83/><N who="3" m="31787" /><G39/><T40/><D40/><U89/><E11/><V99/><F99/><W113/><G38/><T46/><D29/><U88/><REACH who="1" step="1"/><E94/><REACH who="1" ten="220,240,207,323" step="2"/><V85/><F128/><W108/><G108/><T44/><D95/><U114/><E114/><V14/><F34/><W64/><G113/><T61/><D104/><U92/><E92/><V32/><F32/><W121/><G121/><T25/><D107/><U16/><E16/><V1/><F33/><W132/><G132/><T97/><D17/><U2/><E2/><V12/><F1/><W76/><G93/><T125/><D97/><U126/><E126/><V77/><F127/><W52/><G98/><T37/><D96/><U87/><E87/><V69/><F85/><W105/><G105/><T111/><D125/><U62/><E62/><V47/><F75/><W78/><G18/><T4/><D63/><U106/><E106/><V101/><F101/><W31/><G23/><T116/><D61/><U110/><E110/><V9/><F9/><W84/><G84/><T45/><D102/><U73/><E73/><V109/><F109/><W120/><G120/><T8/><D111/><U10/><E10/><RYUUKYOKU ba="0,1" sc="220,-10,240,30,207,-10,323,-10" hai1="21,22,24,26,28,30,51,54,79,81,86,88,89" /><INIT seed="4,1,1,3,0,17" ten="210,270,197,313" oya="0" hai0="99,65,103,33,1,86,91,135,67,126,82,77,134" hai1="62,11,104,30,52,9,34,109,64,132,43,27,76" hai2="78,12,75,38,23,122,133,127,25,40,2,63,90" hai3="84,15,94,32,102,47,0,7,113,114,96,119,93"/><T110/><D33/><U19/><E109/><V83/><F122/><W130/><G119/><T89/><D1/><U35/><E132/><N who="0" m="50729" /><D67/><U69/><E104/><V71/><F127/><W117/><G117/><T57/><D65/><U115/><E115/><N who="3" m="44042" /><G0/><T97/><D57/><U8/><E43/><V49/><F2/><W54/><G32/><T128/><D126/><U98/><E34/><V53/><F133/><W18/><G130/><T56/><D56/><U29/><E29/><V31/><F71/><W105/><G7/><T107/><D110/><U51/><E98/><V111/><F111/><W3/><G3/><T5/><D5/><U46/><REACH who="1" step="1"/><E76/><REACH who="1" ten="210,260,197,313" step="2"/><V16/><F40/><W10/><G105/><T70/><D128/><U73/><E73/><V48/><F38/><W112/><G112/><T118/><D118/><U21/><E21/><V120/><F120/><W129/><G129/><T36/><D36/><U88/><E88/><N who="0" m="33865" /><D70/><U100/><E100/><V108/><F108/><W79/><G102/><T61/><D61/><U44/><E44/><V26/><F63/><W4/><G47/><T13/><D13/><AGARI ba="1,2" hai="8,9,11,13,19,27,30,35,46,51,52,62,64,69" machi="13" ten="40,5200,0" yaku="1,1,54,1,53,1" doraHai="17" doraHaiUra="28" who="1" fromWho="0" sc="210,-55,260,75,197,0,313,0" /><INIT seed="5,0,0,1,0,73" ten="155,335,197,313" oya="1" hai0="101,115,20,75,64,68,3,87,131,106,7,113,25" hai1="63,35,69,30,0,46,111,93,42,41,121,61,95" hai2="122,24,47,112,33,120,48,105,123,118,94,15,56" hai3="53,14,65,89,44,18,27,90,126,29,81,58,135"/><U88/><E121/><V38/><F105/><W100/><G135/><T103/><D75/><U50/><E0/><V28/><F118/><W127/><G100/><T129/><D3/><U114/><E114/><N who="0" m="43529" /><D7/><U76/><E111/><V8/><F112/><W1/><G1/><T43/><D43/><U32/><E95/><V9/><F38/><W97/><G65/><T57/><D68/><U98/><E42/><V86/><F56/><W62/><G44/><T128/><D87/><U55/><E69/><V34/><F34/><W84/><G97/><T17/><D106/><U124/><E124/><N who="3" m="47658" /><G84/><T119/><D119/><U16/><E35/><V96/><F86/><W117/><G81/><T31/><D31/><U11/><E30/><V72/><F72/><W39/><G39/><T85/><D85/><U107/><E32/><V91/><REACH who="2" step="1"/><F15/><REACH who="2" ten="155,335,187,313" step="2"/><W22/><G117/><T6/><D6/><U110/><E107/><V37/><F37/><W71/><G71/><T60/><AGARI ba="0,1" hai="17,20,25,57,60,64,101,103,128,129,131" m="43529" machi="60" ten="40,2700,0" yaku="19,1,15,1" doraHai="73" who="0" fromWho="0" sc="155,37,335,-13,187,-7,313,-7" /><INIT seed="6,0,0,4,0,62" ten="192,322,180,306" oya="2" hai0="101,20,121,88,19,11,87,93,81,60,52,63,79" hai1="57,128,15,17,38,73,117,14,24,127,48,31,12" hai2="41,30,133,132,6,46,91,28,10,82,105,100,97" hai3="42,92,64,26,32,111,84,75,61,116,107,96,58"/><V125/><F125/><W50/><G116/><T16/><D121/><U110/><E117/><V129/><F129/><W55/><G75/><T103/><D11/><U66/><E110/><V106/><F106/><W5/><G111/><T2/><D2/><U130/><E127/><V134/><F91/><W99/><G5/><T104/><D19/><U47/><E73/><V25/><F82/><W126/><G126/><T33/><D33/><U70/><E70/><V78/><F78/><W119/><G119/><T0/><D0/><U27/><E38/><V59/><F59/><W53/><G42/><T85/><D104/><U69/><E69/><V37/><REACH who="2" step="1"/><F25/><REACH who="2" ten="192,322,170,306" step="2"/><W3/><G107/><T114/><D114/><U108/><E130/><V77/><F77/><W71/><G26/><N who="0" m="14599" /><D63/><N who="1" m="38255" /><E128/><V1/><AGARI ba="0,1" hai="1,6,10,28,30,37,41,46,97,100,105,132,133,134" machi="1" ten="30,6000,0" yaku="1,1,0,1,20,1,53,0" doraHai="62" doraHaiUra="109" who="2" fromWho="2" sc="192,-20,322,-20,170,70,306,-20" /><INIT seed="6,1,0,3,3,86" ten="172,302,240,286" oya="2" hai0="0,132,85,128,98,111,129,44,92,109,102,9,50" hai1="46,59,55,79,89,65,7,120,106,20,71,31,10" hai2="101,18,100,60,80,12,24,81,67,110,11,15,1" hai3="49,16,22,84,126,122,61,82,34,68,119,30,72"/><V41/><F1/><W105/><G122/><T118/><D0/><U107/><E71/><V70/><F110/><N who="0" m="41994" /><D9/><U78/><E65/><V40/><F24/><W135/><G119/><T115/><D50/><U19/><E31/><V104/><F104/><W77/><G105/><N who="0" m="63703" /><D44/><U121/><E46/><V133/><F133/><W134/><G126/><T83/><D132/><N who="3" m="50729" /><G49/><T52/><D52/><U69/><E69/><V95/><F101/><W43/><G43/><T112/><D118/><U64/><E64/><V39/><F41/><W74/><G30/><T125/><D92/><U124/><E10/><V8/><F40/><W4/><G4/><T97/><D97/><U5/><E55/><V113/><F39/><W56/><G68/><T17/><D17/><U42/><E42/><V21/><F11/><W108/><G34/><T29/><D29/><U2/><E2/><V47/><F47/><W38/><G38/><T33/><D33/><U28/><E28/><V51/><F51/><W57/><G108/><T14/><D14/><U66/><E120/><V103/><F15/><W37/><G37/><T35/><D35/><U96/><E121/><V62/><F8/><W87/><G57/><T99/><D99/><U13/><E13/><V117/><F117/><W48/><G48/><T23/><D23/><U94/><E20/><V73/><F21/><W54/><G22/><T88/><D125/><U36/><E36/><V116/><F116/><W53/><G16/><T45/><D45/><U130/><E59/><V123/><F123/><W131/><G54/><T127/><D127/><U26/><E124/><RYUUKYOKU ba="1,0" sc="172,30,302,-10,240,-10,286,-10" hai0="83,85,88,112,115,128,129" /><INIT seed="7,2,0,3,5,84" ten="202,292,230,276" oya="3" hai0="63,2,126,103,102,128,83,59,87,113,58,38,11" hai1="76,55,133,78,120,60,111,46,90,45,99,0,100" hai2="25,16,105,42,82,24,62,33,7,39,110,31,21" hai3="57,37,117,54,73,5,95,130,35,70,118,44,52"/><W135/><G73/><T114/><D38/><U109/><E120/><V96/><F110/><W4/><G35/><T67/><D58/><N who="1" m="34911" /><E0/><V89/><F7/><W131/><G70/><T14/><D2/><U15/><E111/><V43/><F39/><W124/><G95/><T28/><D28/><U106/><E109/><V27/><F27/><W10/><G4/><T68/><D68/><U41/><E106/><V3/><F3/><W19/><G19/><T65/><D65/><U1/><E1/><V61/><F105/><W134/><G10/><T34/><D34/><U17/><E100/><V13/><F25/><W104/><G5/><T47/><D47/><N who="1" m="17931" /><E41/><V69/><F69/><W80/><G80/><T119/><D119/><N who="3" m="45577" /><G104/><T49/><D49/><U30/><E30/><V88/><F43/><N who="3" m="22639" /><G124/><T92/><D126/><U75/><E75/><V26/><F42/><W12/><G12/><T64/><D64/><U40/><E40/><V22/><F13/><W51/><G54/><T94/><D14/><U86/><E99/><V107/><F33/><W18/><G18/><T53/><D67/><U66/><E66/><V91/><REACH who="2" step="1"/><F82/><REACH who="2" ten="202,292,220,276" step="2"/><W74/><G74/><T32/><D32/><U23/><E133/><AGARI ba="2,1" hai="51,52,57,130,131,133,134,135" m="22639,45577" machi="133" ten="30,11600,0" yaku="20,1,34,2,54,1" doraHai="84" who="3" fromWho="1" sc="202,0,292,-122,220,0,276,132" owari="202,-20.0,170,-33.0,220,2.0,408,51.0" /></mjloggm>