<mjloggm ver="2.3"><GO type="41" lobby="0"/><UN n0="%7A%6E%73%69" n1="%E2%93%9D%53%75%70%68%78" n2="%E3%83%AA%E3%83%BC%E3%83%81%E4%B8%80%E7%99%BA%E3%83%96%E3%83%A2" n3="%E3%83%90%E3%82%B3%E3%82%8A%E3%81%A3%E3%81%A1" dan="15,18,13,14" rate="2124.10,2096.16,1922.15,2012.67" sx="M,M,M,M"/><TAIKYOKU oya="0"/><INIT seed="0,0,0,1,4,100" ten="250,250,250,250" oya="0" hai0="82,52,104,21,83,119,87,98,76,78,75,67,48" hai1="4,15,59,64,92,132,120,39,102,108,27,17,58" hai2="80,91,97,113,114,9,74,99,60,127,7,88,11" hai3="109,44,0,123,61,79,93,45,110,124,128,71,33"/><T94/><D119/><U8/><E108/><N who="3" m="41578" /><G93/><T43/><D43/><U46/><E132/><V54/><F127/><W38/><G79/><T6/><D6/><U32/><E120/><V68/><F11/><W135/><G33/><T89/><D67/><U126/><E126/><V103/><F99/><W10/><G0/><T84/><D21/><U63/><E39/><V81/><F113/><W96/><G10/><T57/><REACH who="0" step="1"/><D104/><REACH who="0" ten="240,250,250,250" step="2"/><U24/><E4/><V42/><F42/><W20/><G124/><T2/><D2/><U65/><E32/><V115/><F115/><W106/><G20/><T22/><D22/><U51/><E65/><V90/><F114/><W85/><G106/><T18/><D18/><U118/><E118/><V29/><F29/><W47/><G135/><T86/><AGARI ba="0,1" hai="48,52,57,75,76,78,82,83,84,86,87,89,94,98" machi="86" ten="20,18000,2" yaku="1,1,0,1,7,1,54,1,53,2" doraHai="100" doraHaiUra="73" who="0" fromWho="0" sc="240,190,250,-60,250,-60,250,-60" /><INIT seed="0,1,0,0,2,14" ten="430,190,190,190" oya="0" hai0="127,104,133,67,17,84,105,32,55,39,73,108,30" hai1="56,85,7,24,68,31,126,97,66,25,81,23,98" hai2="20,2,135,53,111,77,107,58,5,41,124,18,0" hai3="79,100,106,134,13,33,125,103,113,74,123,93,82"/><T26/><D73/><U86/><E68/><V8/><F107/><W76/><G33/><T115/><D115/><U50/><E126/><V35/><F35/><W132/><G13/><T122/><D127/><U57/><E7/><V121/><F124/><W119/><G125/><T118/><D118/><U16/><E86/><V34/><F34/><W21/><G21/><T83/><D133/><N who="3" m="51305" /><G113/><T109/><D39/><U131/><E131/><V72/><F135/><W36/><G36/><T128/><D128/><U49/><E25/><V92/><F121/><W89/><G119/><T130/><D67/><U96/><E31/><V6/><F41/><W10/><G10/><T37/><D37/><U75/><E75/><V43/><F43/><W65/><G65/><T62/><D17/><U27/><E27/><V28/><F111/><N who="0" m="42570" /><D130/><U110/><E110/><V54/><F77/><N who="3" m="44343" /><G123/><T69/><D122/><U47/><E66/><V120/><F72/><W129/><G129/><T44/><D69/><U1/><E1/><V78/><F78/><N who="3" m="29739" /><G106/><N who="0" m="41067" /><D44/><U40/><E50/><V38/><F120/><W80/><G80/><T114/><D114/><U94/><E81/><V22/><F38/><W4/><G4/><T52/><D62/><U102/><E57/><V60/><F54/><W51/><G51/><T42/><D42/><U11/><E56/><V95/><F28/><W117/><G117/><T70/><D70/><U19/><E11/><V87/><F22/><W59/><G59/><T9/><D9/><U91/><E19/><V112/><F8/><W45/><G45/><T101/><D32/><U48/><E48/><RYUUKYOKU ba="1,0" sc="430,-15,190,15,190,-15,190,15" hai1="16,23,24,40,47,49,85,91,94,96,97,98,102" hai3="89,93,100,103" /><INIT seed="1,2,0,1,2,51" ten="415,205,175,205" oya="1" hai0="90,23,58,94,1,24,116,55,43,37,42,96,39" hai1="130,30,48,97,9,18,101,6,102,20,110,67,81" hai2="95,129,121,120,84,13,29,128,60,109,126,119,108" hai3="19,76,75,80,135,105,5,33,83,7,11,32,131"/><U115/><E115/><V87/><F29/><W64/><G135/><T3/><D116/><U113/><E113/><V26/><F26/><W54/><G131/><N who="2" m="50249" /><F13/><W103/><G83/><T69/><D69/><U74/><E110/><N who="2" m="42603" /><F60/><W112/><G112/><T34/><D34/><U22/><E22/><V118/><F126/><W2/><G7/><T50/><D42/><U14/><E30/><V57/><F57/><W65/><G19/><T82/><D82/><U0/><E130/><V8/><F8/><W17/><G17/><T25/><D25/><U59/><E67/><V40/><F40/><W111/><G111/><T117/><D117/><N who="2" m="44554" /><F95/><W107/><G65/><T132/><D43/><U86/><E59/><V73/><F73/><W106/><G64/><T114/><D3/><U104/><E74/><V27/><F27/><W98/><G33/><T88/><D1/><U70/><E70/><V63/><F63/><W12/><G32/><T45/><D24/><U66/><E66/><V4/><F4/><W28/><G2/><T71/><D23/><U38/><E20/><V127/><F127/><W68/><G28/><T100/><D71/><U122/><E18/><V78/><F78/><W89/><G68/><T15/><D15/><U85/><E14/><V35/><F35/><W36/><G12/><T125/><D125/><U44/><E6/><V77/><F77/><W99/><G11/><T47/><D47/><U92/><E9/><V79/><F79/><W52/><G5/><T16/><D45/><U53/><E44/><V49/><F49/><W21/><G76/><T46/><D46/><RYUUKYOKU ba="2,0" sc="415,-10,205,-10,175,30,205,-10" hai2="84,87,120,121" /><INIT seed="2,3,0,2,3,83" ten="405,195,205,195" oya="2" hai0="117,10,27,73,50,38,133,122,111,91,23,51,102" hai1="35,0,92,37,81,86,128,67,121,1,72,15,33" hai2="28,85,134,97,26,30,82,120,123,119,69,31,76" hai3="84,107,54,49,6,112,99,14,114,104,46,79,59"/><V5/><F119/><W103/><G107/><T18/><D38/><U2/><E37/><V115/><F115/><W3/><G3/><T88/><D133/><U4/><E72/><V43/><F69/><W95/><G6/><T78/><D111/><U25/><E67/><V42/><F134/><W98/><G14/><T32/><D32/><U64/><E64/><V44/><F26/><W65/><G65/><T12/><D122/><U16/><E92/><V106/><F5/><W90/><G99/><T124/><D124/><U7/><E128/><V24/><F24/><W21/><G21/><T68/><D68/><U77/><E121/><V132/><F132/><W126/><G126/><T100/><D78/><U116/><E116/><V66/><F66/><W19/><G19/><N who="0" m="8599" /><D73/><U8/><REACH who="1" step="1"/><E35/><REACH who="1" ten="405,185,205,195" step="2"/><V55/><F123/><W110/><G114/><T53/><D117/><U9/><E9/><V57/><F120/><W29/><G112/><T60/><D60/><U48/><E48/><V89/><F106/><W108/><G104/><T130/><D51/><U61/><E61/><N who="2" m="36031" /><F44/><W34/><G46/><N who="0" m="27863" /><D130/><U129/><E129/><V127/><F127/><W58/><G110/><T125/><D125/><U87/><E87/><N who="2" m="48583" /><F97/><W41/><G98/><T101/><AGARI ba="3,1" hai="18,23,27,88,91,100,101,102" m="27863,8599" machi="101" ten="30,2000,0" yaku="8,1,54,1" doraHai="83" who="0" fromWho="0" sc="405,39,185,-8,205,-13,195,-8" /><INIT seed="3,0,0,5,3,27" ten="444,177,192,187" oya="3" hai0="67,45,15,66,13,4,100,48,26,68,118,63,126" hai1="29,85,135,115,32,65,52,105,116,53,103,60,49" hai2="55,24,6,133,21,74,92,112,79,69,59,81,38" hai3="83,23,16,64,89,111,12,8,36,0,104,22,120"/><W108/><G120/><T33/><D126/><U3/><E115/><V96/><F133/><W86/><G36/><T91/><D118/><U109/><E3/><V123/><F123/><W78/><G104/><T47/><D47/><U101/><E109/><N who="3" m="42058" /><G0/><T20/><D33/><U43/><E135/><V122/><F122/><W128/><G128/><T46/><D46/><U97/><E103/><V34/><F34/><W119/><G119/><T130/><D67/><U41/><E85/><V131/><F131/><W18/><G64/><T87/><D100/><U37/><E37/><V5/><F69/><W121/><G121/><T127/><D4/><U10/><E10/><V107/><F107/><W42/><G42/><T90/><D90/><U75/><E75/><V54/><F38/><W94/><G18/><T117/><D127/><U62/><E116/><V134/><F134/><W88/><G89/><T77/><D77/><U61/><E65/><V73/><F73/><AGARI ba="0,0" hai="8,12,16,22,23,73,78,83,86,88,94" m="42058" machi="73" ten="30,11600,0" yaku="14,1,10,1,54,2" doraHai="27" who="3" fromWho="2" sc="444,0,177,0,192,-116,187,116" /><INIT seed="3,1,0,5,4,130" ten="444,177,76,303" oya="3" hai0="44,45,53,78,10,39,135,13,18,49,128,121,5" hai1="111,17,7,63,33,58,127,104,101,94,96,62,77" hai2="92,124,50,54,87,97,68,40,2,28,12,125,36" hai3="88,51,75,64,93,66,21,132,116,113,89,122,123"/><W99/><G75/><T25/><D121/><U105/><E33/><V1/><F68/><W133/><G116/><T52/><D128/><U46/><E111/><V24/><F87/><W57/><G113/><T22/><D135/><N who="3" m="51785" /><G89/><T61/><D39/><U9/><E127/><N who="2" m="48715" /><F12/><W91/><G91/><T131/><D131/><U86/><E105/><V83/><F83/><W16/><G51/><N who="0" m="28903" /><D61/><U65/><E63/><V71/><F71/><W106/><G106/><T6/><D78/><U30/><E77/><V70/><F70/><W120/><G57/><T103/><D103/><U109/><E58/><N who="2" m="33111" /><F40/><W47/><G47/><T20/><D20/><U35/><E46/><V42/><F42/><W82/><G82/><T74/><D74/><U108/><E108/><V37/><F37/><W69/><G69/><T11/><D11/><U72/><E9/><V15/><F15/><AGARI ba="1,0" hai="15,16,21,64,66,88,93,99,120,122,123" m="51785" machi="15" ten="40,18000,2" yaku="20,1,52,3,54,2" doraHai="130" who="3" fromWho="2" sc="444,0,177,0,76,-183,303,183" owari="444,24.0,177,-22.0,-107,-61.0,486,59.0" /></mjloggm>