<mjloggm ver="2.3"><GO type="41" lobby="0"/><UN n0="%69%6D%61%6A%69" n1="%74%6F%72%69%67%61" n2="%E2%93%9D%53%75%70%68%78" n3="%E4%B8%83%E7%94%9F%E5%A4%95" dan="13,15,18,14" rate="1889.65,1971.84,2081.61,1940.42" sx="M,M,M,M"/><TAIKYOKU oya="0"/><INIT seed="0,0,0,5,1,105" ten="250,250,250,250" oya="0" hai0="11,83,52,19,131,73,13,110,82,96,64,58,61" hai1="127,26,14,76,92,77,130,106,95,15,108,21,48" hai2="8,133,62,43,132,91,120,122,112,31,119,24,104" hai3="30,70,125,20,16,74,2,41,39,47,45,37,89"/><T72/><D131/><U59/><E108/><V60/><F104/><W85/><G70/><T115/><D115/><U65/><E127/><V114/><F91/><W63/><G2/><T87/><D110/><U124/><E106/><V116/><F8/><W57/><G30/><T71/><D96/><U36/><E36/><V25/><REACH who="2" step="1"/><F31/><REACH who="2" ten="250,250,240,250" step="2"/><W84/><G125/><T55/><D83/><U90/><E90/><V56/><F56/><W3/><G89/><T98/><D98/><U101/><E124/><V86/><F86/><W32/><G3/><T68/><D68/><U113/><E59/><V102/><F102/><W0/><G0/><T94/><D94/><U46/><E101/><V129/><F129/><W17/><G84/><T51/><D55/><U12/><E95/><V4/><F4/><W107/><G85/><T109/><D109/><U44/><E92/><V53/><F53/><W23/><G107/><T79/><AGARI ba="0,1" hai="11,13,19,51,52,58,61,64,71,72,73,79,82,87" machi="79" ten="20,12000,1" yaku="0,1,7,1,52,2,54,1" doraHai="105" who="0" fromWho="0" sc="250,130,250,-40,240,-40,250,-40" /><INIT seed="0,1,0,0,1,16" ten="380,210,200,210" oya="0" hai0="134,132,0,48,102,61,115,44,72,15,84,25,75" hai1="65,3,59,87,89,43,86,19,4,74,60,45,119" hai2="135,58,126,129,33,56,23,22,117,101,51,93,95" hai3="47,82,77,14,121,17,49,53,9,111,46,41,96"/><T133/><D0/><U105/><E74/><V32/><F129/><W30/><G111/><T98/><D115/><U5/><E105/><V55/><F135/><W68/><G121/><T24/><D15/><U97/><E119/><V90/><F126/><W103/><G68/><T92/><D61/><U64/><E64/><V130/><F130/><W67/><G67/><T35/><D84/><U50/><E87/><V52/><F117/><W71/><G71/><T73/><REACH who="0" step="1"/><D35/><REACH who="0" ten="370,210,200,210" step="2"/><U94/><E3/><V38/><F33/><W13/><G13/><T122/><D122/><U18/><E86/><N who="2" m="52439" /><F32/><W62/><G62/><T57/><D57/><U123/><E123/><V2/><F2/><W83/><G77/><T128/><D128/><U42/><E59/><V37/><F37/><W27/><G47/><T69/><D69/><U21/><E45/><V34/><F38/><W26/><G26/><T113/><D113/><U39/><E60/><N who="2" m="35847" /><F34/><W10/><G46/><T124/><D124/><U107/><E39/><V63/><F63/><W36/><G36/><T54/><AGARI ba="1,1" hai="24,25,44,48,54,72,73,75,92,98,102,132,133,134" machi="54" ten="40,7800,0" yaku="1,1,0,1,20,1,53,0" doraHai="16" doraHaiUra="80" who="0" fromWho="0" sc="370,91,210,-27,200,-27,210,-27" /><INIT seed="0,2,0,4,3,109" ten="461,183,173,183" oya="0" hai0="113,19,69,46,57,84,64,43,54,67,110,56,78" hai1="114,63,8,74,75,93,90,97,11,38,33,70,60" hai2="29,24,123,115,128,49,52,44,68,131,22,122,58" hai3="12,117,108,80,26,71,73,25,45,65,51,102,105"/><T79/><D69/><U23/><E33/><V28/><F68/><W132/><G108/><T5/><D110/><U15/><E38/><V130/><F115/><W9/><G117/><T98/><D5/><U34/><E34/><V16/><REACH who="2" step="1"/><F58/><REACH who="2" ten="461,183,163,183" step="2"/><W39/><G71/><T99/><D113/><U14/><E114/><V89/><F89/><W77/><G132/><T111/><D111/><U13/><E70/><V96/><F96/><W62/><G102/><T1/><D57/><U10/><REACH who="1" step="1"/><E23/><REACH who="1" ten="461,173,163,183" step="2"/><V125/><F125/><W94/><G39/><N who="0" m="21887" /><D99/><U76/><E76/><V0/><F0/><W133/><G77/><T3/><D98/><U48/><E48/><V86/><F86/><W107/><G51/><T87/><D79/><U32/><E32/><V106/><F106/><W7/><G105/><T18/><D87/><U2/><E2/><V41/><F41/><W53/><G107/><T120/><D1/><U134/><E134/><V103/><F103/><W20/><G133/><T119/><D3/><U100/><E100/><V17/><F17/><W21/><G20/><T55/><D18/><U124/><E124/><V129/><N who="2" m="32768" /><DORA hai="66" /><V40/><F40/><W91/><G21/><T31/><D19/><U27/><E27/><V82/><F82/><W92/><G25/><T116/><D84/><U50/><E50/><V83/><F83/><W42/><G26/><T6/><D78/><U135/><E135/><V127/><F127/><W104/><G80/><T72/><D119/><U4/><E4/><V59/><F59/><W126/><G7/><T47/><D56/><U112/><E112/><RYUUKYOKU ba="2,2" sc="461,-15,173,15,163,15,183,-15" hai1="8,10,11,13,14,15,60,63,74,75,90,93,97" hai2="16,22,24,28,29,44,49,52,122,123" /><INIT seed="1,3,2,5,3,19" ten="446,188,178,168" oya="1" hai0="31,77,43,130,66,36,55,22,79,131,103,57,23" hai1="64,13,54,53,25,1,132,27,76,88,61,127,9" hai2="114,93,20,117,48,106,35,45,115,24,44,65,116" hai3="84,94,113,30,3,67,12,0,95,109,120,123,11"/><U74/><E132/><V72/><F106/><W16/><G113/><N who="2" m="43017" /><F72/><W17/><G109/><T60/><D103/><U59/><E127/><V51/><F35/><W7/><G30/><T92/><D92/><U112/><E1/><V34/><F34/><W128/><G128/><N who="0" m="49195" /><D31/><U82/><E112/><V133/><F65/><W28/><G28/><T21/><D43/><U101/><E101/><V8/><F8/><W39/><G39/><T124/><D36/><U38/><E38/><V89/><F133/><W73/><G73/><T86/><D86/><U134/><E134/><V14/><F14/><W32/><G32/><T58/><D124/><U75/><E74/><V46/><F117/><W47/><G67/><T49/><AGARI ba="3,2" hai="21,22,23,49,55,57,58,60,66,77,79" m="49195" machi="49" ten="30,7900,0" yaku="19,1,52,3" doraHai="19" who="0" fromWho="0" sc="446,108,188,-42,178,-23,168,-23" /><INIT seed="2,0,0,0,2,58" ten="554,146,155,145" oya="2" hai0="71,42,86,53,68,117,28,41,15,80,43,132,37" hai1="59,51,103,133,77,27,31,49,101,92,126,6,16" hai2="18,85,131,93,45,48,135,29,35,62,12,40,26" hai3="87,79,128,14,66,9,5,107,63,108,109,67,69"/><V123/><F131/><W127/><G107/><T25/><D37/><U36/><E36/><V120/><F135/><W34/><G128/><T76/><D132/><U88/><E126/><V0/><F0/><W20/><G34/><T125/><D125/><U70/><E70/><V56/><F93/><W17/><G127/><T2/><D2/><U39/><E39/><V3/><F85/><W21/><G67/><T121/><D121/><U44/><E77/><V7/><F7/><W115/><G115/><T97/><D71/><U61/><E6/><V129/><F3/><W82/><REACH who="3" step="1"/><G21/><REACH who="3" ten="554,146,155,135" step="2"/><N who="0" m="15407" /><D68/><U32/><E133/><V50/><F129/><W4/><G4/><T13/><D117/><U83/><E32/><V38/><F123/><W78/><G78/><T124/><D124/><U90/><E92/><V10/><REACH who="2" step="1"/><F120/><REACH who="2" ten="554,146,145,135" step="2"/><W122/><G122/><T46/><D97/><U113/><E113/><V104/><F104/><W22/><G22/><T11/><D11/><U114/><E114/><V111/><F111/><W91/><G91/><T64/><D86/><U19/><E90/><V84/><F84/><W110/><G110/><T75/><D75/><U94/><E88/><V106/><F106/><W95/><G95/><T72/><D72/><U98/><E94/><V23/><F23/><W52/><G52/><AGARI ba="0,2" hai="10,12,18,26,29,35,38,40,45,48,50,52,56,62" machi="52" ten="30,11600,0" yaku="1,1,7,1,52,1,54,1,53,0" doraHai="58" doraHaiUra="74" who="2" fromWho="3" sc="554,0,146,0,145,136,135,-116" /><INIT seed="2,1,0,5,0,1" ten="554,146,281,19" oya="2" hai0="116,100,89,71,118,45,46,90,12,47,9,55,102" hai1="22,52,93,83,87,57,113,64,78,31,11,35,101" hai2="62,125,67,121,105,133,99,82,77,2,41,131,123" hai3="14,79,96,0,51,119,63,128,127,122,126,65,134"/><V38/><F125/><N who="3" m="47627" /><G79/><T80/><D71/><U58/><E35/><V98/><F131/><W13/><G96/><T44/><D44/><U107/><E113/><V74/><F99/><W124/><N who="3" m="47635" /><W86/><DORA hai="132" /><G86/><N who="0" m="50375" /><D90/><U111/><E93/><V49/><F133/><W91/><G91/><T15/><D15/><N who="3" m="5641" /><G0/><T17/><D55/><U20/><E101/><V37/><F2/><W88/><G134/><T104/><D104/><U32/><E107/><V129/><F105/><W59/><G128/><T33/><D33/><U29/><E32/><V106/><F98/><W94/><G119/><AGARI ba="1,0" hai="9,12,17,45,46,47,100,102,116,118,119" m="50375" machi="119" ten="30,1000,0" yaku="12,1" doraHai="1,132" who="0" fromWho="3" sc="554,13,146,0,281,0,19,-13" /><INIT seed="3,0,0,3,0,114" ten="567,146,281,6" oya="3" hai0="129,15,33,132,128,108,21,115,118,69,68,53,49" hai1="43,126,17,0,134,23,6,104,24,58,88,76,93" hai2="44,131,47,26,122,90,31,80,60,135,110,13,3" hai3="4,124,113,63,32,83,81,130,11,12,39,30,73"/><W25/><G113/><T87/><D33/><U34/><E134/><V41/><F3/><W67/><G39/><T97/><D115/><U1/><E104/><V66/><F110/><W40/><G40/><T18/><D118/><U57/><E76/><V85/><F131/><N who="0" m="50250" /><D132/><U74/><E74/><V35/><F122/><W70/><G130/><T92/><D108/><U46/><E34/><V61/><F135/><W112/><G112/><T19/><D19/><U89/><E89/><V119/><F119/><W42/><G42/><T59/><D97/><U50/><E6/><V75/><F75/><W65/><G65/><T121/><D121/><U106/><E106/><V120/><F120/><W101/><G73/><T86/><D86/><U133/><E126/><V64/><F13/><W116/><G116/><T37/><D37/><U109/><E109/><V27/><F27/><W16/><G124/><T105/><D105/><U72/><E72/><V82/><F82/><W38/><G38/><T111/><D111/><U103/><E103/><V91/><F91/><AGARI ba="0,0" hai="15,18,21,49,53,59,68,69,87,91,92" m="50250" machi="91" ten="30,2000,0" yaku="25,1,19,1" doraHai="114" who="0" fromWho="2" sc="567,20,146,0,281,-20,6,0" /><INIT seed="4,0,0,4,3,129" ten="587,146,261,6" oya="0" hai0="130,35,113,49,90,99,46,70,24,117,78,25,102" hai1="132,8,62,43,14,54,68,21,110,18,131,60,76" hai2="79,19,9,124,23,55,61,93,100,47,106,108,119" hai3="111,51,5,10,125,121,135,28,38,118,58,17,71"/><T53/><D117/><U42/><E110/><V3/><F106/><W104/><G111/><T127/><D70/><U6/><E132/><V67/><F108/><W63/><G118/><T15/><D78/><U52/><E131/><V75/><F124/><W22/><G135/><T97/><D127/><U2/><E76/><V4/><F100/><W27/><G38/><T7/><D35/><U66/><E60/><V37/><F93/><W114/><G114/><T59/><D90/><U120/><E120/><V83/><F55/><W92/><G104/><T103/><D113/><U87/><E87/><V112/><F112/><W11/><G71/><T41/><D99/><U32/><E32/><V82/><F82/><W57/><G125/><T48/><D103/><U29/><E29/><V12/><F119/><W115/><G115/><T86/><D86/><U13/><E2/><V101/><F101/><W31/><G121/><T56/><D56/><U45/><E43/><N who="2" m="23023" /><F61/><W74/><G74/><T85/><D85/><U98/><E98/><V36/><F36/><AGARI ba="0,0" hai="6,8,13,14,18,21,36,42,45,52,54,62,66,68" machi="36" ten="30,2000,0" yaku="7,1,54,1" doraHai="129" who="1" fromWho="2" sc="587,0,146,20,261,-20,6,0" /><INIT seed="5,0,0,4,4,69" ten="587,166,241,6" oya="1" hai0="75,27,91,13,132,45,73,95,46,80,124,61,68" hai1="67,100,97,19,49,98,48,125,103,116,0,77,128" hai2="134,107,8,58,93,133,5,14,30,36,108,78,7" hai3="122,15,17,113,130,53,40,112,114,86,102,96,24"/><U101/><E116/><V74/><F107/><W70/><G70/><T65/><D46/><U47/><E0/><V41/><F108/><W79/><G122/><T90/><D132/><N who="2" m="50794" /><F30/><W131/><G24/><T32/><D124/><U1/><E1/><V2/><F93/><N who="3" m="58639" /><G40/><T25/><D25/><U87/><E128/><V34/><F58/><W18/><G53/><T31/><D90/><U3/><E3/><V52/><F34/><W6/><G6/><T72/><D13/><U105/><E67/><V66/><F66/><W4/><G4/><T28/><D28/><U123/><E123/><V16/><F52/><W35/><G35/><T135/><D135/><U26/><E125/><V64/><F64/><W120/><G120/><T11/><D11/><U23/><E49/><V104/><F2/><W57/><G57/><T89/><D80/><N who="1" m="47503" /><E105/><V81/><F104/><W62/><G62/><T59/><D68/><U22/><E23/><V84/><F74/><W71/><G71/><T12/><D12/><U117/><E117/><V126/><F126/><W63/><G63/><T39/><D95/><U29/><E29/><V50/><F50/><W9/><G18/><T42/><AGARI ba="0,0" hai="27,31,32,39,42,45,59,61,65,72,73,75,89,91" machi="42" ten="40,2700,0" yaku="0,1,52,1" doraHai="69" who="0" fromWho="0" sc="587,27,166,-13,241,-7,6,-7" owari="614,72.0,153,-25.0,234,3.0,-1,-50.0" /></mjloggm>