<mjloggm ver="2.3"><GO type="41" lobby="0"/><UN n0="%E3%83%94%E3%82%BF%E3%82%B4%E3%83%A9%E3%82%B9%E3%83%93%E3%83%83%E3%83%81" n1="%E2%93%9D%53%75%70%68%78" n2="%52%69%6F%52%69%6F" n3="%E3%83%95%E3%82%A7%E3%83%9F%E3%83%8B%E3%83%B3%E3%82%B4%E3%83%AA%E3%83%A9" dan="13,17,14,13" rate="1977.04,2042.87,1909.33,1801.55" sx="M,M,M,M"/><TAIKYOKU oya="0"/><INIT seed="0,0,0,3,4,64" ten="250,250,250,250" oya="0" hai0="25,94,35,91,131,9,57,11,21,48,86,103,133" hai1="44,7,70,33,61,56,109,46,62,106,71,98,30" hai2="90,47,119,32,41,85,53,14,4,51,24,78,130" hai3="82,28,50,121,23,89,45,52,49,60,58,1,73"/><T132/><D35/><U36/><E7/><V3/><F130/><W63/><G1/><T112/><D112/><U77/><E77/><V72/><F119/><W37/><G37/><T15/><D131/><U76/><E76/><V20/><F32/><W128/><G128/><T105/><D15/><U2/><E2/><V19/><F3/><W29/><G73/><T75/><D75/><U67/><E109/><V5/><F72/><W22/><G63/><T31/><D105/><U87/><E87/><V8/><F78/><W120/><G50/><T92/><D94/><U43/><E30/><V10/><F41/><W13/><G13/><T81/><D92/><U17/><E17/><V114/><F114/><W127/><G127/><T122/><D103/><U38/><E33/><V118/><F118/><W124/><G124/><T107/><D107/><U42/><E62/><V27/><F27/><W134/><G134/><N who="0" m="51819" /><D122/><U123/><E123/><N who="3" m="47178" /><G89/><T93/><D81/><U111/><E111/><V96/><F96/><W54/><G82/><T102/><D102/><AGARI ba="0,0" hai="36,38,42,43,44,46,56,61,67,70,71,98,102,106" machi="102" ten="40,5200,0" yaku="9,1,52,2" doraHai="64" who="1" fromWho="0" sc="250,-52,250,52,250,0,250,0" /><INIT seed="1,0,0,0,0,112" ten="198,302,250,250" oya="1" hai0="132,65,31,20,107,13,88,135,75,63,85,7,49" hai1="118,109,46,113,40,104,111,133,74,26,25,84,60" hai2="59,128,134,0,124,110,56,42,122,14,22,99,19" hai3="30,27,77,83,89,131,47,119,123,51,115,92,9"/><U53/><E113/><V45/><F122/><W6/><G123/><T18/><D75/><U2/><E74/><V57/><F0/><W106/><G106/><T29/><D107/><U8/><E104/><V86/><F110/><N who="1" m="41993" /><E133/><N who="0" m="51273" /><D7/><N who="1" m="1143" /><E84/><V16/><F134/><W95/><G131/><T67/><D49/><N who="1" m="26823" /><E118/><V52/><F128/><W24/><G119/><T3/><D3/><U50/><E60/><V69/><F124/><W94/><G94/><N who="0" m="54543" /><D67/><U100/><E100/><V12/><F69/><AGARI ba="0,0" hai="13,18,20,29,31,63,65,69" m="54543,51273" machi="69" ten="30,2000,0" yaku="20,1,54,1" doraHai="112" who="0" fromWho="2" sc="198,20,302,0,250,-20,250,0" /><INIT seed="2,0,0,5,3,35" ten="218,302,230,250" oya="2" hai0="37,126,100,25,62,52,29,7,118,51,117,8,122" hai1="99,60,103,11,65,0,87,123,97,45,74,84,30" hai2="116,66,77,49,80,70,94,82,1,18,92,72,20" hai3="23,124,6,86,22,4,5,28,14,32,19,129,50"/><V26/><F116/><N who="0" m="44650" /><D37/><U109/><E109/><V106/><F106/><W31/><G86/><T119/><D122/><U91/><E74/><V79/><F49/><W3/><G50/><T76/><D126/><U81/><E30/><V16/><F18/><W21/><G124/><T17/><D100/><U36/><E87/><V83/><F83/><W88/><G88/><T59/><N who="0" m="44658" /><T13/><DORA hai="34" /><D76/><U69/><E123/><V111/><F111/><W130/><G32/><N who="0" m="20527" /><D62/><U89/><E89/><V33/><F33/><W104/><G104/><T54/><D54/><U10/><E99/><V93/><F66/><W63/><G63/><T43/><D43/><U41/><REACH who="1" step="1"/><E0/><REACH who="1" ten="218,292,230,250" step="2"/><V39/><F39/><W133/><G3/><T55/><D55/><U98/><E98/><V127/><F127/><W46/><G133/><T115/><D115/><U90/><E90/><V27/><F1/><W105/><G105/><AGARI ba="0,1" hai="10,11,36,41,45,60,65,69,81,84,91,97,103,105" machi="105" ten="30,3900,0" yaku="1,1,7,1,53,1" doraHai="35,34" doraHaiUra="57,131" who="1" fromWho="3" sc="218,0,292,49,230,0,250,-39" /><INIT seed="3,0,0,3,2,87" ten="218,341,230,211" oya="3" hai0="36,115,2,105,13,18,83,101,113,9,90,94,68" hai1="125,3,29,7,128,71,35,44,24,31,120,84,122" hai2="124,96,37,126,99,19,95,69,88,65,55,0,21" hai3="48,89,116,61,70,26,32,25,23,52,127,14,77"/><W117/><G127/><N who="2" m="48681" /><F0/><W8/><G77/><T110/><D68/><U49/><E128/><V92/><F37/><W107/><G107/><T78/><D110/><U86/><E71/><V38/><F38/><W60/><G32/><T39/><D2/><U133/><E133/><V74/><F74/><W58/><G26/><T12/><D115/><U103/><E103/><N who="2" m="60807" /><F69/><W79/><G79/><T34/><D34/><U132/><E132/><V47/><F65/><W51/><G70/><T106/><D106/><U15/><E3/><V118/><F118/><W76/><G76/><T100/><D113/><U5/><E125/><V50/><F21/><W111/><G111/><T109/><D109/><U97/><E35/><V17/><AGARI ba="0,0" hai="17,19,47,50,55,88,95,99" m="60807,48681" machi="17" ten="30,4000,0" yaku="18,1,52,1,54,1" doraHai="87" who="2" fromWho="2" sc="218,-10,341,-10,230,40,211,-20" /><INIT seed="4,0,0,3,2,18" ten="208,331,270,191" oya="0" hai0="34,106,100,72,81,29,65,120,90,115,40,98,26" hai1="89,132,57,114,27,122,37,0,76,82,84,116,19" hai2="35,78,15,21,135,121,129,91,58,85,7,95,23" hai3="1,119,133,36,3,5,127,11,83,79,14,125,43"/><T92/><D115/><U88/><E116/><V109/><F35/><W86/><G119/><T13/><D120/><U94/><E37/><V6/><F109/><W108/><G108/><T28/><D40/><U46/><E0/><V124/><F121/><W51/><G36/><T87/><D29/><U64/><E132/><V93/><F135/><W74/><G133/><T47/><D47/><U9/><E114/><V73/><F73/><W110/><G74/><T59/><D13/><U130/><E130/><V104/><F104/><W68/><G68/><T63/><REACH who="0" step="1"/><D72/><REACH who="0" ten="198,331,270,191" step="2"/><U67/><E46/><V53/><F129/><W20/><G110/><T41/><D41/><U54/><E122/><V128/><F128/><W96/><G125/><T112/><D112/><U16/><E19/><V55/><F124/><W25/><G127/><T69/><D69/><U2/><E2/><V31/><F31/><W61/><G3/><T101/><D101/><U42/><E42/><V102/><F15/><W107/><G1/><T10/><D10/><U117/><E117/><V126/><F126/><W48/><G43/><T17/><D17/><U105/><E9/><V134/><F134/><W38/><G38/><T103/><D103/><U22/><E105/><AGARI ba="0,1" hai="26,28,34,59,63,65,81,87,90,92,98,100,105,106" machi="105" ten="40,2000,0" yaku="1,1,53,0" doraHai="18" doraHaiUra="113" who="0" fromWho="1" sc="198,30,331,-20,270,0,191,0" /><INIT seed="4,1,0,1,0,27" ten="228,311,270,191" oya="0" hai0="73,7,3,135,10,38,99,54,56,104,95,2,51" hai1="114,64,72,94,37,40,29,42,84,79,70,88,31" hai2="26,8,69,107,87,46,108,57,35,65,50,96,109" hai3="111,20,121,105,5,71,124,115,30,62,12,90,120"/><T52/><D135/><U118/><E118/><V100/><F8/><W17/><G105/><T34/><D34/><U41/><E37/><V91/><F57/><W58/><G111/><T92/><D38/><U23/><E114/><V101/><F100/><W116/><G71/><T55/><D73/><U133/><E133/><V76/><F76/><W130/><G116/><T47/><D54/><U48/><E23/><V122/><F122/><W14/><G124/><T18/><D18/><U106/><E106/><V68/><F68/><W126/><G130/><T85/><D85/><U81/><REACH who="1" step="1"/><E48/><REACH who="1" ten="228,301,270,191" step="2"/><V39/><F39/><W13/><G115/><T82/><D82/><U19/><E19/><V98/><F109/><W63/><G126/><T86/><D104/><U119/><E119/><V75/><F108/><W129/><G129/><T53/><D47/><U36/><E36/><V110/><F110/><W21/><G5/><T43/><D51/><U32/><E32/><V28/><F50/><W80/><G17/><T16/><D16/><U132/><E132/><V22/><F46/><W74/><G30/><T49/><D49/><U125/><E125/><V66/><F22/><N who="3" m="8811" /><G63/><AGARI ba="1,1" hai="29,31,40,41,42,63,64,70,72,79,81,84,88,94" machi="63" ten="40,8000,1" yaku="1,1,52,2,54,1,53,0" doraHai="27" doraHaiUra="97" who="1" fromWho="3" sc="228,0,301,93,270,0,191,-83" /><INIT seed="5,0,0,1,5,9" ten="228,394,270,108" oya="1" hai0="119,135,32,5,55,33,133,14,53,19,130,18,44" hai1="113,100,0,128,117,68,111,51,109,74,49,125,91" hai2="10,36,40,98,118,63,97,94,8,54,45,124,108" hai3="22,64,96,29,67,15,104,52,43,1,27,115,71"/><U48/><E100/><V105/><F108/><W72/><G1/><T73/><D73/><U75/><E117/><V69/><F118/><W56/><G72/><T13/><D119/><U4/><E125/><V88/><F124/><W116/><G115/><T132/><D130/><U127/><E127/><V102/><F69/><W126/><G43/><T34/><D44/><U39/><E4/><V57/><REACH who="2" step="1"/><F63/><REACH who="2" ten="228,394,260,108" step="2"/><W35/><G126/><T37/><D37/><U6/><E111/><V12/><F12/><N who="0" m="4714" /><D5/><U70/><E109/><V3/><F3/><W17/><G116/><T7/><D7/><U38/><E6/><V79/><F79/><W80/><G71/><T131/><D131/><U121/><E128/><V59/><F59/><W95/><G104/><T89/><D89/><U103/><E91/><V107/><F107/><W61/><REACH who="3" step="1"/><G80/><REACH who="3" ten="228,394,260,98" step="2"/><T24/><D24/><U81/><E81/><V85/><F85/><W129/><G129/><T76/><D76/><U58/><E75/><V87/><F87/><W65/><G65/><T82/><D82/><U112/><E74/><V41/><F41/><W77/><G77/><T31/><D31/><U50/><E70/><V90/><F90/><AGARI ba="0,2" hai="15,17,22,27,29,35,52,56,61,64,67,90,95,96" machi="90" ten="30,8000,1" yaku="1,1,7,1,52,1,54,1,53,1" doraHai="9" doraHaiUra="84" who="3" fromWho="2" sc="228,0,394,0,260,-80,98,100" /><INIT seed="6,0,0,3,3,122" ten="228,394,180,198" oya="2" hai0="86,109,55,121,66,5,51,0,78,24,85,10,93" hai1="11,101,125,102,45,104,127,134,128,20,64,87,117" hai2="112,58,56,33,100,103,83,108,98,115,57,81,72" hai3="38,14,27,89,74,47,60,71,62,54,99,34,7"/><V135/><F33/><W73/><G38/><T69/><D121/><U15/><E128/><V46/><F46/><W84/><G34/><T95/><D69/><U53/><E134/><V37/><F37/><W119/><G62/><T25/><D66/><U63/><E20/><V77/><F135/><W94/><G27/><T80/><D25/><U30/><E117/><V76/><F98/><W4/><G71/><T110/><D24/><U126/><E104/><V132/><F132/><W6/><G60/><T79/><D95/><U96/><E87/><V28/><F28/><W88/><G14/><T40/><D40/><U123/><E96/><V41/><F41/><W105/><G105/><T59/><REACH who="0" step="1"/><D93/><REACH who="0" ten="218,394,180,198" step="2"/><U50/><E123/><V29/><F29/><W19/><G119/><T2/><D2/><U48/><E30/><V43/><F43/><W31/><G31/><T42/><D42/><U75/><E64/><V49/><F49/><W114/><G94/><T106/><D106/><U52/><E50/><V124/><F124/><W67/><G67/><T44/><D44/><U97/><E127/><V91/><F91/><W129/><G89/><T65/><D65/><U23/><E126/><V36/><F36/><W70/><G88/><T18/><D18/><U9/><E125/><V1/><F1/><W111/><G19/><T92/><D92/><U22/><E48/><V82/><F72/><W3/><G74/><T107/><D107/><U133/><E133/><V17/><F17/><W116/><G73/><T21/><D21/><U120/><E120/><V113/><F108/><W16/><G3/><RYUUKYOKU ba="0,1" sc="218,15,394,-15,180,15,198,-15" hai0="0,5,10,51,55,59,78,79,80,85,86,109,110" hai2="56,57,58,76,77,81,82,83,100,103,112,113,115" /><INIT seed="6,1,1,4,5,5" ten="233,379,195,183" oya="2" hai0="56,40,106,101,108,67,91,116,41,33,59,81,131" hai1="4,52,118,69,12,47,93,123,114,88,17,112,127" hai2="95,34,109,36,89,14,61,84,57,121,64,122,9" hai3="18,103,44,124,107,74,3,54,78,72,0,23,80"/><V26/><F36/><W102/><G124/><T117/><D108/><U100/><E118/><V83/><F109/><W60/><G74/><T53/><D131/><U8/><E69/><V49/><F49/><W129/><G103/><T99/><D33/><U45/><E100/><V51/><F51/><W2/><G102/><T128/><D128/><U75/><E75/><V24/><F26/><W30/><G30/><T46/><D67/><U96/><E123/><V92/><F92/><W21/><G44/><T70/><D70/><U98/><E127/><V42/><F42/><W63/><G54/><T37/><D41/><U90/><E4/><V71/><F71/><W32/><G107/><T130/><D130/><U126/><E126/><V38/><F38/><W77/><G18/><T68/><D68/><U19/><E19/><V87/><F34/><W27/><G27/><T85/><D53/><U10/><E52/><V115/><F24/><W73/><G32/><T43/><D40/><U29/><E29/><V119/><F115/><N who="1" m="44073" /><E10/><V25/><F25/><W76/><G129/><T22/><D22/><N who="3" m="8201" /><G80/><T66/><D66/><U133/><E133/><V1/><F1/><W113/><G113/><T134/><D134/><U11/><E11/><V28/><F28/><W48/><G48/><T62/><D62/><U120/><E120/><V105/><F119/><AGARI ba="1,1" hai="37,43,46,56,59,81,85,91,99,101,106,116,117,119" machi="119" ten="40,1300,0" yaku="12,1" doraHai="5" who="0" fromWho="2" sc="233,26,379,0,195,-16,183,0" /><INIT seed="7,0,0,4,0,9" ten="259,379,179,183" oya="3" hai0="49,87,45,110,24,115,60,38,132,34,127,27,22" hai1="97,128,7,21,63,95,57,54,84,17,36,77,69" hai2="111,3,117,123,88,116,53,109,52,76,46,0,107" hai3="82,74,40,101,65,68,93,50,103,64,25,32,114"/><W19/><G68/><T86/><D110/><N who="2" m="41994" /><F76/><W39/><G39/><T125/><D38/><U56/><E128/><V89/><F46/><W11/><G32/><T2/><D2/><N who="2" m="554" /><F107/><W96/><G101/><T124/><D34/><U99/><E7/><V129/><F129/><W66/><G114/><T100/><D115/><U112/><E57/><V58/><F58/><W108/><G108/><T106/><D60/><U113/><E99/><V83/><F83/><W15/><G25/><T33/><D27/><U5/><E97/><V13/><F123/><W78/><REACH who="3" step="1"/><G66/><REACH who="3" ten="259,379,179,173" step="2"/><T42/><D33/><U79/><E113/><V119/><F13/><W134/><G134/><T37/><D132/><U26/><E26/><V126/><F126/><W91/><G91/><AGARI ba="0,1" hai="52,53,88,89,91,116,117,119" m="554,41994" machi="91" ten="40,8000,1" yaku="28,2,54,2" doraHai="9" who="2" fromWho="3" sc="259,0,379,0,179,90,173,-80" owari="259,-14.0,379,48.0,269,7.0,93,-41.0" /></mjloggm>