<mjloggm ver="2.3"><GO type="41" lobby="0"/><UN n0="%E3%83%AD%E3%83%AD%E3%83%88%E3%83%9E%E3%82%B7" n1="%53%48%41%4E%4B" n2="%72%65%62%65%65%72" n3="%E2%93%9D%53%75%70%68%78" dan="14,15,13,18" rate="1947.12,1984.86,1881.41,2156.70" sx="M,M,M,M"/><TAIKYOKU oya="0"/><INIT seed="0,0,0,5,2,11" ten="250,250,250,250" oya="0" hai0="6,65,123,117,107,49,108,67,103,42,83,87,25" hai1="30,86,79,57,60,27,35,10,110,13,109,37,120" hai2="20,2,72,56,8,96,93,88,118,66,78,129,89" hai3="75,71,69,104,1,131,51,12,91,24,115,73,46"/><T55/><D123/><U58/><E120/><V128/><F118/><W81/><G1/><T36/><D117/><U121/><E121/><V59/><F78/><W126/><G104/><T105/><D108/><N who="1" m="41579" /><E37/><V63/><F72/><W23/><G131/><T106/><D103/><U50/><E50/><V31/><F59/><W130/><G126/><T7/><D36/><U84/><E79/><V132/><F132/><W95/><G115/><T113/><D113/><U100/><E100/><V70/><F70/><W74/><G81/><T112/><D112/><U97/><E97/><V111/><F111/><W80/><G80/><T68/><D42/><U101/><E101/><V64/><F64/><W134/><G130/><T119/><D119/><U4/><E58/><V39/><F39/><W99/><G134/><T94/><D94/><U135/><E135/><V33/><F33/><W77/><G77/><T22/><D68/><U62/><E62/><V54/><F89/><W5/><G71/><T9/><D9/><U38/><E38/><V15/><F2/><W0/><G0/><T114/><D114/><U28/><E30/><V61/><F61/><W90/><G90/><T19/><D67/><AGARI ba="0,0" hai="4,10,13,27,28,35,57,60,67,84,86" m="41579" machi="67" ten="30,2000,0" yaku="14,1,52,1" doraHai="11" who="1" fromWho="0" sc="250,-20,250,20,250,0,250,0" /><INIT seed="1,0,0,0,3,90" ten="230,270,250,250" oya="1" hai0="45,26,15,111,135,105,29,120,38,99,80,76,73" hai1="74,3,21,96,117,14,103,75,52,86,64,36,22" hai2="0,46,98,94,121,122,37,65,51,110,126,131,85" hai3="18,133,79,4,10,89,104,60,68,119,61,95,112"/><U108/><E117/><V44/><F0/><W16/><G104/><T49/><D120/><U124/><E3/><V88/><F131/><W58/><G112/><T82/><D111/><U127/><E36/><V32/><F32/><W132/><G79/><T134/><D38/><U67/><E86/><V107/><F110/><W28/><G28/><T25/><D15/><U8/><E108/><V31/><F31/><W43/><G43/><T40/><D82/><U113/><E113/><V130/><F65/><N who="3" m="40999" /><G10/><T1/><D1/><U41/><E41/><V20/><F37/><W53/><G4/><T57/><D57/><U12/><E96/><V102/><F46/><W72/><G72/><T123/><D123/><U81/><E81/><V100/><F100/><W5/><G5/><T6/><D6/><U109/><E109/><V54/><F130/><W42/><G42/><T24/><D29/><U116/><E116/><V69/><F69/><W128/><G128/><T63/><D63/><U97/><E97/><V129/><F129/><W115/><G119/><T114/><D114/><U87/><E87/><V27/><F122/><W33/><G33/><T59/><D59/><U93/><E8/><V17/><REACH who="2" step="1"/><F121/><REACH who="2" ten="230,270,240,250" step="2"/><W91/><G115/><T55/><D40/><U78/><E103/><V11/><F11/><W118/><G118/><T47/><D47/><U13/><E67/><V48/><F48/><W23/><G23/><T34/><D34/><U66/><E66/><V83/><F83/><W19/><G91/><T7/><D7/><U30/><E64/><V39/><F39/><W77/><G77/><RYUUKYOKU ba="0,1" sc="230,10,270,-30,240,10,250,10" hai0="24,25,26,45,49,55,73,76,80,99,105,134,135" hai2="17,20,27,44,51,54,85,88,94,98,102,107,126" hai3="16,18,19,53,58,61,89,95,132,133" /><INIT seed="2,1,1,1,4,4" ten="240,240,250,260" oya="2" hai0="34,112,22,87,135,27,110,59,39,48,67,12,7" hai1="109,76,116,29,72,119,41,37,89,100,56,43,62" hai2="31,71,131,128,101,91,85,113,106,24,92,61,64" hai3="90,16,42,132,97,81,115,50,32,49,121,123,5"/><V40/><F113/><W107/><G32/><T8/><D112/><U70/><E70/><V21/><F40/><W96/><G115/><T23/><D39/><U74/><E100/><V84/><F84/><W15/><G5/><T10/><D135/><U2/><E2/><V20/><F20/><W1/><G1/><T105/><D105/><U60/><E109/><V63/><F63/><W83/><G132/><T26/><D110/><U35/><E89/><V17/><F17/><W66/><G66/><T45/><D34/><U57/><E35/><V55/><REACH who="2" step="1"/><F55/><REACH who="2" ten="240,240,240,260" step="2"/><W75/><G42/><T44/><D87/><U130/><E37/><V36/><F36/><W103/><G123/><T118/><D118/><U94/><E119/><V127/><F127/><W19/><G19/><T68/><D68/><U129/><E116/><V111/><F111/><W104/><G121/><T52/><D67/><U53/><E53/><V78/><F78/><W133/><G133/><T58/><D48/><U125/><E76/><V80/><F80/><W126/><G126/><T99/><D99/><AGARI ba="1,2" hai="21,24,31,61,64,71,85,91,92,99,101,106,128,131" machi="99" ten="40,2000,0" yaku="1,1,53,0" doraHai="4" doraHaiUra="79" who="2" fromWho="0" sc="240,-23,240,0,240,43,260,0" /><INIT seed="2,2,0,4,5,96" ten="217,240,283,260" oya="2" hai0="6,3,97,82,80,109,55,130,46,44,13,34,15" hai1="106,81,61,49,95,57,121,128,2,108,26,131,133" hai2="28,113,25,118,98,120,70,62,77,116,43,126,27" hai3="63,66,125,17,59,104,73,67,45,12,33,47,5"/><V92/><F113/><W65/><G73/><T107/><D34/><U112/><E121/><V132/><F120/><W23/><G33/><T110/><D130/><U89/><E106/><V9/><F132/><W103/><G125/><T40/><D3/><U48/><E133/><V86/><F126/><W21/><G5/><T123/><D123/><U78/><E112/><V7/><F43/><W24/><G104/><T79/><D55/><U0/><E108/><N who="0" m="41577" /><D82/><U122/><E122/><V69/><F27/><W11/><G103/><N who="0" m="62959" /><D6/><U14/><E0/><V51/><F51/><W37/><G37/><N who="0" m="21519" /><D46/><N who="3" m="17417" /><G11/><T135/><D135/><U111/><E2/><V19/><F77/><W52/><G23/><T39/><D39/><U41/><E111/><V16/><F86/><AGARI ba="2,0" hai="13,15,79,80,86" m="21519,62959,41577" machi="86" ten="30,2000,0" yaku="14,1,52,1" doraHai="96" who="0" fromWho="2" sc="217,26,240,0,283,-26,260,0" /><INIT seed="3,0,0,4,0,112" ten="243,240,257,260" oya="3" hai0="31,104,64,38,69,4,18,66,129,133,30,32,8" hai1="15,106,115,26,7,114,108,90,86,74,128,14,98" hai2="130,6,103,42,124,125,36,126,47,120,29,59,113" hai3="100,75,111,9,84,85,3,40,39,122,79,62,37"/><W101/><G122/><T121/><D38/><U94/><E108/><V43/><F103/><W21/><G62/><T20/><D121/><U83/><E128/><V51/><F120/><W0/><G21/><T19/><D104/><U105/><E26/><V60/><F6/><W110/><G79/><T109/><D69/><U131/><E7/><V45/><F29/><N who="0" m="10762" /><D66/><U78/><E14/><V28/><F28/><W116/><G40/><T56/><D64/><U53/><E131/><V46/><F130/><W73/><REACH who="3" step="1"/><G9/><REACH who="3" ten="243,240,257,250" step="2"/><T87/><D129/><U33/><E115/><V68/><F113/><W76/><G76/><T89/><D20/><U118/><E114/><V54/><F68/><W25/><G25/><T134/><D32/><U77/><E33/><V71/><F71/><W22/><G22/><T23/><D23/><U93/><E77/><V1/><F1/><W24/><G24/><T48/><D109/><U91/><E53/><N who="2" m="33903" /><F36/><W16/><G16/><N who="0" m="6187" /><D8/><U34/><E34/><V57/><AGARI ba="0,1" hai="42,43,45,46,47,51,54,57,124,125,126" m="33903" machi="57" ten="40,5200,0" yaku="18,1,34,2" doraHai="112" who="2" fromWho="2" sc="243,-13,240,-13,257,62,250,-26" /><INIT seed="4,0,0,4,1,131" ten="230,227,319,224" oya="0" hai0="69,2,119,11,79,55,86,57,4,63,19,93,112" hai1="124,110,101,123,30,39,40,8,90,18,100,84,82" hai2="106,47,96,85,24,121,10,9,6,16,31,133,25" hai3="114,98,118,12,54,78,135,102,22,68,89,115,91"/><T59/><D119/><U71/><E110/><V116/><F121/><W49/><G68/><T75/><D75/><U77/><E123/><V5/><F106/><W105/><G78/><T0/><D0/><U37/><E71/><V127/><F96/><W43/><G43/><T120/><D120/><U51/><E124/><V109/><F85/><W35/><G35/><T17/><D112/><N who="3" m="43049" /><G135/><T21/><D69/><U53/><E30/><V42/><F47/><N who="3" m="27967" /><G118/><T134/><D134/><U58/><E40/><V126/><F42/><W64/><G64/><T99/><D21/><U52/><E53/><V72/><F72/><W87/><G87/><T94/><D59/><U48/><E48/><V117/><F109/><W108/><G108/><T81/><REACH who="0" step="1"/><D94/><REACH who="0" ten="220,227,319,224" step="2"/><U104/><E104/><V66/><F133/><W73/><G73/><T88/><AGARI ba="0,1" hai="2,4,11,17,19,55,57,63,79,81,86,88,93,99" machi="88" ten="20,18000,2" yaku="1,1,2,1,0,1,7,1,54,1,53,1" doraHai="131" doraHaiUra="1" who="0" fromWho="0" sc="220,190,227,-60,319,-60,224,-60" /><INIT seed="4,1,0,4,2,45" ten="410,167,259,164" oya="0" hai0="109,101,85,123,17,134,135,38,111,36,114,16,60" hai1="79,124,86,51,98,88,83,71,6,14,42,2,7" hai2="11,25,52,120,90,32,33,108,1,133,129,48,21" hai3="121,0,73,130,116,78,27,76,40,57,18,132,55"/><T43/><D101/><U68/><E124/><V47/><F108/><N who="0" m="41546" /><D123/><U110/><E110/><V84/><F120/><W23/><G116/><T69/><D114/><U34/><E34/><V117/><F129/><W94/><G0/><T63/><D85/><U9/><E2/><V75/><F75/><W61/><G132/><N who="0" m="50731" /><D43/><U72/><E6/><V122/><F122/><W35/><G130/><T59/><D69/><U125/><E125/><V77/><F77/><W131/><G131/><T87/><D87/><U39/><E39/><N who="0" m="14889" /><D63/><U99/><E99/><V8/><F117/><W105/><G40/><T89/><D89/><U100/><E42/><V126/><F126/><W65/><G121/><T128/><D128/><U115/><E115/><V127/><F127/><W31/><G73/><T12/><D12/><U46/><E100/><V67/><F133/><W103/><G78/><T44/><D44/><U118/><E118/><V113/><F113/><W54/><G76/><T20/><D20/><U66/><E72/><V91/><F91/><W15/><G103/><T49/><D49/><U62/><E71/><V41/><F41/><W80/><G61/><T93/><D93/><N who="1" m="56615" /><E51/><V119/><F119/><W5/><G94/><T29/><D29/><U97/><E46/><V81/><F33/><W107/><G35/><T104/><D104/><U64/><E97/><V37/><F32/><W70/><G107/><T74/><D74/><U24/><E24/><V30/><F37/><W56/><G105/><T112/><D112/><U95/><E95/><V58/><F1/><W53/><G70/><T96/><D96/><RYUUKYOKU ba="1,0" sc="410,10,167,10,259,10,164,-30" hai0="16,17,59,60" hai1="7,9,14,62,64,66,68,79,83,86" hai2="8,11,21,25,30,47,48,52,58,67,81,84,90" /><INIT seed="4,2,0,5,4,98" ten="420,177,269,134" oya="0" hai0="42,72,134,73,123,58,75,128,33,46,55,3,87" hai1="12,59,28,45,69,19,121,114,84,20,106,86,27" hai2="70,35,125,68,79,38,51,29,122,111,31,124,104" hai3="76,0,39,18,127,92,15,24,88,57,1,99,44"/><T43/><D123/><U41/><E69/><V89/><F38/><W5/><G127/><T62/><D3/><U13/><E121/><V64/><F111/><W66/><G76/><T113/><D33/><U110/><E110/><V93/><F79/><W34/><G5/><T77/><D134/><U90/><E106/><V49/><F93/><W119/><G119/><T118/><D118/><U129/><E129/><V126/><F89/><W22/><G39/><T63/><D128/><U74/><E74/><V36/><F36/><W95/><G44/><T25/><D113/><U23/><E114/><V97/><F122/><W65/><G1/><T115/><D115/><U50/><E90/><V17/><F17/><W7/><G57/><T53/><D25/><U132/><E132/><V81/><F81/><W60/><G60/><T8/><D8/><U135/><E135/><V40/><F40/><W71/><G71/><N who="2" m="27177" /><F64/><W120/><G120/><T133/><D133/><U47/><E47/><V54/><F35/><W9/><G95/><T94/><D77/><U107/><E107/><V117/><F117/><W108/><G108/><T112/><D112/><U48/><E12/><V2/><F2/><W6/><G6/><T102/><D46/><U30/><E30/><AGARI ba="2,0" hai="0,7,9,15,18,22,24,30,34,65,66,88,92,99" machi="30" ten="40,5200,0" yaku="24,2,54,1" doraHai="98" who="3" fromWho="1" sc="420,0,177,-58,269,0,134,58" /><INIT seed="5,0,0,1,1,22" ten="420,119,269,192" oya="1" hai0="94,59,134,135,58,53,8,17,90,71,7,43,38" hai1="95,114,116,108,83,87,91,120,32,42,16,44,118" hai2="29,28,46,64,56,57,106,112,21,23,67,133,35" hai3="85,124,107,110,100,86,69,15,40,105,121,77,93"/><U50/><E120/><V60/><F106/><N who="3" m="40459" /><G15/><T10/><D71/><U130/><E114/><V51/><F112/><W79/><G40/><T75/><D75/><U111/><E130/><V128/><F128/><W47/><G47/><T76/><D76/><N who="3" m="29257" /><G69/><T36/><D17/><U113/><E113/><V98/><F35/><W31/><G31/><T132/><D43/><U65/><E65/><V92/><F29/><W6/><G6/><T26/><D26/><U131/><E131/><V25/><F21/><W72/><G124/><T66/><D66/><N who="2" m="25130" /><F60/><W9/><G9/><N who="0" m="3691" /><D7/><U52/><E32/><V125/><F125/><W33/><G33/><T34/><D34/><U80/><E42/><N who="2" m="25047" /><F133/><W82/><G110/><N who="1" m="42026" /><E16/><V0/><F0/><W19/><G19/><T37/><D53/><U5/><E5/><V96/><F96/><AGARI ba="0,0" hai="36,37,38,58,59,90,94,96,132,134,135" m="3691" machi="96" ten="40,1300,0" yaku="20,1" doraHai="22" who="0" fromWho="2" sc="420,13,119,0,269,-13,192,0" /><INIT seed="6,0,0,0,2,127" ten="433,119,256,192" oya="2" hai0="15,98,107,112,84,5,119,66,93,1,16,97,19" hai1="77,92,14,87,131,42,3,27,102,7,121,52,39" hai2="108,61,132,116,58,21,135,67,50,35,41,120,20" hai3="78,117,69,126,28,64,106,40,43,53,109,80,48"/><V129/><F35/><W36/><G106/><T68/><D119/><U6/><E3/><V10/><F116/><W47/><G117/><T134/><D112/><U128/><E121/><V88/><F120/><W83/><G109/><T99/><D107/><U24/><E39/><V30/><F108/><W17/><G28/><T114/><D114/><U38/><E38/><V124/><F124/><W22/><G126/><T33/><D33/><U54/><E27/><V13/><F41/><W104/><G104/><T86/><D134/><U45/><E42/><V101/><F50/><W32/><G83/><T65/><D68/><U111/><E111/><V62/><F101/><W82/><G82/><T29/><D29/><U71/><E71/><V91/><F62/><W130/><G32/><T90/><D1/><U12/><E77/><V96/><F21/><W100/><G100/><T74/><D74/><U51/><E54/><V133/><F96/><W49/><G64/><N who="0" m="24683" /><D86/><U94/><E24/><N who="2" m="16647" /><F129/><N who="1" m="49737" /><E102/><V0/><F0/><W25/><G130/><T26/><D26/><U2/><E87/><V4/><AGARI ba="0,0" hai="4,10,13,58,61,67,88,91,132,133,135" m="16647" machi="4" ten="30,3000,0" yaku="20,1,54,1" doraHai="127" who="2" fromWho="2" sc="433,-10,119,-10,256,30,192,-10" /><INIT seed="6,1,0,4,1,30" ten="423,109,286,182" oya="2" hai0="3,12,107,0,27,97,38,90,8,134,82,19,95" hai1="98,15,100,34,72,6,125,115,131,11,106,68,86" hai2="1,29,46,135,71,64,47,84,80,44,28,94,119" hai3="116,128,52,60,57,92,65,59,69,31,32,89,10"/><V24/><F1/><W16/><G116/><T117/><D117/><U51/><E115/><V25/><F119/><W132/><G128/><T41/><D134/><U70/><E131/><V102/><F135/><W124/><G132/><T13/><D107/><U49/><E125/><V9/><F9/><W74/><G74/><T78/><D38/><U48/><E72/><V56/><F71/><W87/><G124/><T113/><D113/><U45/><E70/><V112/><F112/><W63/><G69/><T53/><D41/><U58/><E68/><V91/><F64/><W96/><G31/><T50/><D27/><U120/><E120/><V43/><F56/><W5/><G32/><T130/><D130/><U109/><E109/><V67/><F67/><W122/><G122/><T18/><D53/><U75/><E75/><V85/><F102/><W114/><G114/><T42/><D50/><U62/><E86/><V61/><F61/><W35/><G35/><T103/><D42/><U76/><E76/><V133/><F133/><W104/><G104/><T129/><D129/><U83/><E83/><V105/><F105/><W21/><G10/><T26/><D26/><N who="2" m="10346" /><F43/><W101/><G5/><T108/><D108/><U110/><E110/><V126/><F126/><W66/><G66/><T36/><D103/><U37/><E34/><V14/><F14/><N who="3" m="9367" /><G101/><T17/><D36/><U111/><E37/><V22/><F22/><W127/><G127/><T55/><D55/><N who="1" m="34143" /><E111/><V73/><F73/><W7/><G7/><N who="0" m="3103" /><D13/><U121/><E121/><V20/><F20/><W40/><G40/><T81/><D81/><RYUUKYOKU ba="1,0" sc="423,0,109,0,286,0,182,0" hai0="0,3,17,18,19,78,82,90,95,97" hai1="6,11,15,45,48,49,51,98,100,106" hai2="28,29,44,46,47,80,84,85,91,94" hai3="52,57,59,60,63,65,87,89,92,96" /><INIT seed="6,2,0,5,3,11" ten="423,109,286,182" oya="2" hai0="30,60,51,127,77,118,84,85,7,6,94,32,110" hai1="45,46,100,16,5,20,12,75,29,119,105,69,17" hai2="49,65,44,2,96,31,126,86,93,82,35,117,131" hai3="66,15,128,9,104,13,98,18,53,92,81,87,129"/><V8/><F117/><W28/><G104/><T115/><D118/><U25/><E119/><V133/><F126/><W71/><G28/><T52/><D127/><U95/><E105/><V37/><F37/><W23/><G71/><T21/><D32/><U4/><E69/><V59/><F131/><N who="3" m="50251" /><G53/><T27/><D110/><U97/><E75/><V10/><F133/><W43/><G43/><T68/><D68/><U116/><E116/><V83/><F31/><W67/><G87/><N who="0" m="33355" /><D115/><U99/><E99/><V113/><F35/><W47/><G47/><N who="0" m="27775" /><D77/><U41/><E46/><V38/><F38/><W135/><G81/><N who="2" m="30729" /><F86/><W61/><G61/><T55/><D94/><U130/><E130/><V33/><F33/><W24/><G135/><T132/><D132/><U114/><E29/><V54/><F113/><W56/><G56/><AGARI ba="2,0" hai="6,7,21,27,30,55,56,60" m="27775,33355" machi="56" ten="30,2000,0" yaku="8,1,54,1" doraHai="11" who="0" fromWho="3" sc="423,26,109,0,286,0,182,-26" /><INIT seed="7,0,0,1,3,79" ten="449,109,286,156" oya="3" hai0="123,53,24,105,1,8,13,84,132,11,39,4,38" hai1="75,15,117,23,20,77,58,60,45,59,56,121,37" hai2="70,125,101,29,62,115,48,96,133,122,9,114,113" hai3="80,99,17,88,85,95,106,3,68,89,25,134,64"/><W52/><G3/><T130/><D105/><U30/><E121/><V16/><F122/><W83/><G134/><T131/><D123/><U6/><E117/><V36/><F36/><W10/><G68/><T65/><D65/><U93/><E93/><V33/><F133/><W54/><G106/><T116/><D116/><U112/><E112/><V97/><F125/><W92/><G64/><T102/><D102/><U124/><E124/><V78/><F78/><W104/><G104/><T127/><D132/><U72/><E72/><V0/><F101/><W27/><G10/><T55/><D127/><U126/><E126/><V42/><F62/><W5/><G5/><T135/><D135/><U21/><E30/><V69/><F29/><W76/><G17/><T120/><D120/><U32/><E32/><V108/><F33/><W41/><G41/><T82/><D24/><N who="3" m="9289" /><G76/><N who="0" m="46151" /><D39/><U31/><E31/><V35/><F35/><W26/><G26/><T61/><D38/><U51/><E37/><V91/><F0/><W34/><G34/><T81/><D81/><AGARI ba="0,0" hai="52,54,80,81,83,85,88,89,92,95,99" m="9289" machi="81" ten="30,18000,2" yaku="8,1,52,3,54,2" doraHai="79" who="3" fromWho="0" sc="449,-180,109,0,286,0,156,180" owari="269,-13.0,109,-39.0,286,9.0,336,43.0" /></mjloggm>