<mjloggm ver="2.3"><GO type="41" lobby="0"/><UN n0="%50%61%6C%69%6F%74%6F%6C" n1="%73%74%6F%6E%65%31%31" n2="%E3%82%AA%E3%83%9E%E3%83%BC%E3%82%B7%E3%83%A3%E3%83%AA%E3%83%95" n3="%E2%93%9D%53%75%70%68%78" dan="14,14,14,18" rate="1935.46,1922.75,1943.99,2083.82" sx="M,M,M,M"/><TAIKYOKU oya="0"/><INIT seed="0,0,0,5,0,43" ten="250,250,250,250" oya="0" hai0="78,95,29,72,12,75,21,107,2,97,91,35,36" hai1="11,100,31,26,7,40,38,135,45,84,89,63,128" hai2="60,19,4,44,131,57,85,24,88,121,102,27,56" hai3="86,82,46,42,6,94,25,124,99,58,0,83,101"/><T41/><D2/><U16/><E128/><V133/><F121/><W3/><G124/><T61/><D35/><U51/><E135/><V74/><F74/><W77/><G58/><T64/><D107/><U13/><E100/><V122/><F4/><W81/><G25/><T118/><D118/><U52/><E63/><V68/><F102/><W116/><G116/><T1/><D1/><U15/><E31/><V119/><F68/><W18/><G18/><T71/><D78/><U49/><E26/><V92/><F122/><W126/><G126/><T22/><D21/><U125/><E125/><V123/><F123/><W10/><REACH who="3" step="1"/><G3/><REACH who="3" ten="250,250,250,240" step="2"/><T105/><D29/><U70/><E70/><V39/><F119/><W108/><G108/><T34/><D34/><U28/><E28/><V132/><F57/><W109/><G109/><T9/><D22/><N who="1" m="11535" /><E38/><AGARI ba="0,1" hai="0,6,10,38,42,46,77,81,82,83,86,94,99,101" machi="38" ten="30,3900,0" yaku="1,1,7,1,52,1,53,0" doraHai="43" doraHaiUra="14" who="3" fromWho="1" sc="250,0,250,-39,250,0,240,49" /><INIT seed="1,0,0,0,4,3" ten="250,211,250,289" oya="1" hai0="1,81,17,79,111,97,91,100,94,103,107,60,80" hai1="122,123,112,124,6,110,40,117,33,105,121,23,57" hai2="16,109,131,130,38,98,96,87,11,51,32,55,63" hai3="119,39,18,108,132,88,5,66,62,95,48,41,7"/><U134/><E105/><V36/><F32/><W125/><G39/><T4/><D111/><U84/><E33/><V9/><F63/><W43/><G108/><T34/><D34/><U25/><E40/><N who="3" m="15434" /><G125/><T52/><D103/><U89/><E112/><V78/><F109/><W24/><G132/><T28/><D28/><U73/><E73/><V129/><F78/><W26/><G119/><T13/><D1/><U8/><E117/><V29/><F29/><W53/><G62/><T67/><D80/><U113/><E110/><V59/><F87/><N who="3" m="52639" /><G66/><T92/><D91/><U47/><E113/><V21/><F38/><W77/><G77/><T58/><D67/><U56/><E47/><V69/><F69/><W0/><G0/><T75/><REACH who="0" step="1"/><D4/><REACH who="0" ten="240,211,250,289" step="2"/><N who="3" m="1609" /><G18/><T74/><D74/><U127/><E134/><V10/><F36/><W133/><G133/><T64/><D64/><U120/><E120/><V71/><F71/><W82/><G82/><T70/><D70/><U35/><E35/><V50/><F50/><W86/><G86/><T99/><D99/><U20/><E124/><V115/><F115/><W30/><G30/><T27/><D27/><AGARI ba="0,1" hai="9,10,11,16,21,27,51,55,59,96,98,129,130,131" machi="27" ten="50,3200,0" yaku="19,1,54,1" doraHai="3" who="2" fromWho="0" sc="240,-32,211,0,250,42,289,0" /><INIT seed="2,0,0,3,5,39" ten="208,211,292,289" oya="2" hai0="27,99,54,22,112,18,31,126,94,100,50,0,46" hai1="60,127,9,128,87,15,104,88,14,41,13,33,43" hai2="131,123,61,8,62,4,86,111,1,23,75,105,47" hai3="117,55,17,135,98,130,93,85,32,71,109,52,63"/><V44/><F123/><W101/><G117/><T66/><D112/><U19/><E104/><V11/><F105/><W107/><G109/><T57/><D126/><U10/><E33/><V113/><F113/><W91/><G130/><T24/><D0/><U42/><E128/><V103/><F131/><W34/><G135/><T25/><REACH who="0" step="1"/><D18/><REACH who="0" ten="198,211,292,289" step="2"/><N who="1" m="8495" /><E127/><V90/><F111/><W49/><G17/><T58/><D58/><U96/><E14/><V48/><F47/><W40/><G71/><T56/><D56/><U80/><E96/><V2/><F1/><W29/><G29/><T6/><D6/><U133/><E133/><V65/><F2/><W114/><G114/><T124/><D124/><U132/><E132/><V81/><F4/><W76/><G98/><T125/><D125/><U92/><E60/><AGARI ba="0,1" hai="22,24,25,27,31,46,50,54,57,60,66,94,99,100" machi="60" ten="40,8000,1" yaku="1,1,25,2,8,1,53,0" doraHai="39" doraHaiUra="3" who="0" fromWho="1" sc="198,90,211,-80,292,0,289,0" /><INIT seed="3,0,0,5,4,28" ten="288,131,292,289" oya="3" hai0="80,21,128,109,10,46,26,106,102,126,20,47,54" hai1="19,2,107,17,69,45,98,55,11,31,113,97,3" hai2="60,101,111,27,135,91,81,94,87,127,82,61,14" hai3="4,71,0,29,24,95,59,124,65,66,33,134,34"/><W123/><G123/><T74/><D109/><U129/><E69/><V7/><F111/><W112/><G112/><T12/><D126/><U18/><E113/><V36/><F36/><W67/><G124/><T30/><D128/><U110/><E129/><V49/><F127/><W117/><G117/><T96/><D74/><U85/><E110/><V57/><F101/><W77/><G71/><T130/><D130/><U88/><E107/><V84/><F27/><W70/><G70/><T68/><D68/><U44/><E31/><V40/><F135/><W83/><G134/><T16/><D80/><N who="1" m="49191" /><E2/><V64/><F61/><W8/><G95/><T32/><D54/><U62/><E3/><V100/><F100/><W76/><G76/><T38/><REACH who="0" step="1"/><D47/><REACH who="0" ten="278,131,292,289" step="2"/><U116/><E116/><V79/><F82/><W122/><G122/><T9/><D9/><U125/><E125/><V92/><F40/><AGARI ba="0,1" hai="10,12,16,20,21,26,30,32,38,40,46,96,102,106" machi="40" ten="40,8000,1" yaku="1,1,52,1,54,1,53,1" doraHai="28" doraHaiUra="41" who="0" fromWho="2" sc="278,90,131,0,292,-80,289,0" /><INIT seed="4,0,0,4,1,95" ten="368,131,212,289" oya="0" hai0="123,131,129,121,66,59,117,122,108,36,19,20,67" hai1="73,22,87,21,47,118,15,102,126,125,5,119,114" hai2="86,42,115,25,48,94,27,110,4,132,74,93,124" hai3="28,103,64,89,31,1,81,78,97,61,45,37,60"/><T85/><D36/><U30/><E73/><V32/><F74/><W116/><G1/><T91/><D117/><N who="1" m="44555" /><E47/><V3/><F115/><W99/><G116/><T92/><D108/><U111/><E111/><V38/><F110/><W16/><G89/><T63/><REACH who="0" step="1"/><D67/><REACH who="0" ten="358,131,212,289" step="2"/><U10/><E114/><V44/><F38/><W76/><G64/><T11/><D11/><U100/><E102/><V79/><F132/><W17/><G37/><T34/><D34/><U13/><E100/><V49/><F32/><W127/><G103/><T9/><D9/><U54/><E22/><V135/><F135/><W82/><REACH who="3" step="1"/><G45/><REACH who="3" ten="358,131,212,279" step="2"/><T88/><D88/><U84/><E126/><AGARI ba="0,2" hai="16,17,28,31,60,61,76,78,81,82,97,99,126,127" machi="126" ten="25,12000,2" yaku="1,1,2,1,22,2,52,2,54,1,53,0" doraHai="95" doraHaiUra="106" who="3" fromWho="1" sc="358,0,131,-120,212,0,279,140" /><INIT seed="5,0,0,3,5,81" ten="358,11,212,419" oya="1" hai0="94,35,69,134,7,117,46,114,20,3,29,21,19" hai1="11,123,124,25,87,48,77,17,80,107,24,27,133" hai2="40,85,50,104,109,60,88,97,66,120,63,53,30" hai3="113,72,65,67,131,135,74,105,102,57,79,132,78"/><U82/><E107/><V68/><F109/><W90/><G113/><T55/><D69/><U108/><E123/><V100/><F120/><W119/><G131/><T110/><D110/><U75/><E108/><V62/><F40/><W52/><G90/><T23/><D117/><U59/><E124/><V112/><F112/><W98/><G119/><T28/><D114/><U73/><E133/><N who="3" m="51274" /><G79/><T130/><D94/><U84/><E48/><V127/><F127/><W32/><G32/><T14/><D55/><U128/><E128/><V26/><F53/><W76/><G76/><T1/><D46/><U118/><E118/><V122/><F50/><N who="3" m="30871" /><G78/><T111/><D111/><U71/><E71/><V99/><F99/><W4/><G4/><T70/><D70/><U89/><REACH who="1" step="1"/><E59/><REACH who="1" ten="358,1,212,419" step="2"/><V9/><F122/><W42/><G42/><T61/><D134/><U86/><E86/><V33/><F9/><W83/><G74/><T64/><D130/><U15/><AGARI ba="0,1" hai="11,15,17,24,25,27,73,75,77,80,82,84,87,89" machi="15" ten="30,12000,1" yaku="1,1,0,1,52,2,53,1" doraHai="81" doraHaiUra="6" who="1" fromWho="1" sc="358,-40,1,130,212,-40,419,-40" /><INIT seed="5,1,0,5,1,32" ten="318,131,172,379" oya="1" hai0="101,16,76,60,36,52,112,49,81,98,133,103,43" hai1="12,41,121,55,78,128,29,113,75,15,7,89,1" hai2="93,100,2,53,83,107,14,35,56,124,119,115,58" hai3="28,39,91,127,71,22,120,88,24,9,74,54,19"/><U68/><E121/><V44/><F119/><W92/><G74/><T77/><D112/><U51/><E68/><V90/><F35/><W42/><G71/><T126/><D36/><U46/><E113/><V79/><F115/><W114/><G127/><T99/><D43/><U95/><E128/><V25/><F25/><W17/><G120/><T110/><D110/><U123/><E123/><V117/><F124/><W64/><G64/><T48/><D126/><U26/><E78/><V11/><F117/><W84/><G42/><T104/><D133/><U80/><E80/><V61/><F107/><W5/><G39/><T30/><D30/><U72/><E1/><V21/><F21/><W6/><G54/><T33/><D33/><U87/><E7/><N who="3" m="2570" /><G114/><T131/><D131/><U10/><E10/><V102/><F2/><W45/><G45/><T8/><D60/><U23/><REACH who="1" step="1"/><E41/><REACH who="1" ten="318,121,172,379" step="2"/><V38/><F83/><N who="3" m="49183" /><G9/><T37/><D8/><U85/><E85/><AGARI ba="1,1" hai="17,19,22,24,28,85,91,92" m="49183,2570" machi="85" ten="30,2000,0" yaku="8,1,54,1" doraHai="32" who="3" fromWho="1" sc="318,0,121,-23,172,0,379,33" /><INIT seed="6,0,0,5,5,24" ten="318,98,172,412" oya="2" hai0="73,86,31,126,120,47,110,125,11,114,8,111,67" hai1="102,100,109,42,57,112,26,90,29,92,134,79,50" hai2="19,9,28,113,118,74,21,52,39,34,35,97,4" hai3="121,130,46,32,5,2,60,36,63,124,104,41,101"/><V61/><F39/><W10/><G130/><T68/><D73/><U59/><E109/><V98/><F74/><W7/><G7/><T45/><D67/><U22/><E134/><V103/><F118/><W76/><G124/><T6/><D68/><U85/><E112/><V78/><F78/><W133/><G121/><T64/><D64/><U58/><REACH who="1" step="1"/><E79/><REACH who="1" ten="318,88,172,412" step="2"/><V99/><F113/><W30/><G133/><T62/><D114/><U71/><E71/><V23/><F103/><W14/><G76/><T20/><D120/><U117/><E117/><V119/><F119/><W80/><G101/><T95/><D111/><U40/><E40/><V84/><F35/><W51/><G32/><T17/><D110/><U105/><E105/><V55/><F34/><W87/><G104/><T70/><D70/><U81/><E81/><V88/><F61/><W129/><G63/><T91/><D62/><U135/><E135/><V15/><F23/><W89/><G60/><T25/><D126/><U12/><E12/><N who="2" m="5159" /><F28/><W127/><G30/><T132/><D125/><U1/><E1/><V44/><F44/><AGARI ba="0,1" hai="22,26,29,42,44,50,57,58,59,85,90,92,100,102" machi="44" ten="40,5200,0" yaku="1,1,8,1,52,1,53,0" doraHai="24" doraHaiUra="128" who="1" fromWho="2" sc="318,0,88,62,172,-52,412,0" /><INIT seed="7,0,0,5,0,85" ten="318,150,120,412" oya="3" hai0="2,52,51,127,103,130,53,104,42,60,107,21,0" hai1="3,75,70,68,25,125,112,69,96,113,74,28,101" hai2="76,97,105,17,59,122,106,31,54,80,124,119,90" hai3="131,61,1,89,126,111,63,36,26,13,120,56,27"/><W128/><G126/><T118/><D118/><U24/><E3/><V35/><F122/><W19/><G111/><T67/><D127/><U57/><E125/><V66/><F119/><W45/><G89/><T44/><D130/><N who="3" m="49705" /><G63/><T49/><D103/><U9/><E9/><V11/><F124/><W132/><G132/><T46/><D21/><N who="1" m="15375" /><E57/><V48/><F66/><N who="3" m="39207" /><G120/><T123/><D123/><U58/><E58/><V7/><F35/><W79/><G79/><T135/><D135/><U87/><E25/><V88/><F106/><W100/><G100/><T114/><D114/><N who="1" m="44139" /><E87/><N who="2" m="48519" /><F31/><W82/><G1/><T33/><D33/><U86/><E86/><V39/><F39/><W12/><G27/><T43/><REACH who="0" step="1"/><D60/><REACH who="0" ten="308,150,120,412" step="2"/><U62/><E62/><V73/><F105/><AGARI ba="0,1" hai="68,69,70,74,75,96,101,105" m="44139,15375" machi="105" ten="40,1300,0" yaku="15,1" doraHai="85" who="1" fromWho="2" sc="308,0,150,23,120,-13,412,0" owari="308,11.0,173,-23.0,107,-39.0,412,51.0" /></mjloggm>