<mjloggm ver="2.3"><GO type="41" lobby="0"/><UN n0="%4D%61%72%75%52%69%6E" n1="%E4%B8%89%E5%9B%9B%E9%83%8E" n2="%E2%93%9D%53%75%70%68%78" n3="%E3%83%9C%E3%83%BC%E3%83%88%E3%83%94%E3%82%A2" dan="15,14,17,16" rate="1989.08,1854.20,2002.54,2003.62" sx="M,M,M,M"/><TAIKYOKU oya="0"/><INIT seed="0,0,0,5,1,100" ten="250,250,250,250" oya="0" hai0="46,32,113,73,34,33,5,38,86,96,105,108,94" hai1="133,28,52,117,69,110,76,66,116,43,101,64,58" hai2="118,121,29,124,14,98,49,60,77,85,62,97,59" hai3="130,84,89,81,103,106,123,132,65,91,79,114,16"/><T119/><D113/><U71/><E101/><V22/><F124/><W126/><G65/><N who="1" m="25194" /><E76/><V11/><F121/><W92/><G123/><T10/><D119/><N who="1" m="45643" /><E28/><V125/><F125/><W127/><G114/><T90/><D108/><U31/><E31/><V56/><F49/><W120/><G120/><T61/><D73/><U4/><E4/><V42/><F42/><W135/><G16/><T95/><D61/><N who="1" m="36039" /><E110/><V7/><F118/><W0/><G0/><T12/><D94/><U20/><E20/><V131/><F22/><W112/><G91/><T17/><D5/><U24/><E24/><V80/><F29/><W99/><G112/><T67/><D67/><U115/><E115/><V15/><F15/><W78/><G78/><T3/><D3/><U55/><E43/><V53/><REACH who="2" step="1"/><F131/><REACH who="2" ten="250,250,240,250" step="2"/><W45/><G130/><T8/><D8/><U41/><E41/><V83/><F83/><W74/><G45/><T25/><D32/><U23/><E23/><V122/><F122/><W47/><G47/><T63/><D46/><U37/><E37/><V50/><F50/><W35/><G35/><T2/><D38/><U21/><E21/><V40/><F40/><W93/><G127/><T88/><D34/><U48/><E133/><N who="3" m="51274" /><G126/><T9/><D2/><U1/><E1/><V109/><F109/><W26/><G26/><T6/><D33/><U72/><E72/><V27/><F27/><W75/><G75/><T36/><D36/><U111/><E111/><V102/><F102/><W30/><G30/><T104/><D25/><U82/><E82/><AGARI ba="0,1" hai="74,79,81,82,84,89,92,93,99,103,106" m="51274" machi="82" ten="30,7700,0" yaku="20,1,34,2,52,1" doraHai="100" who="3" fromWho="1" sc="250,0,250,-77,240,0,250,87" /><INIT seed="1,0,0,4,1,93" ten="250,173,240,337" oya="1" hai0="1,42,56,94,84,64,67,26,76,75,135,25,68" hai1="72,113,91,79,114,51,81,134,5,54,4,117,109" hai2="95,89,121,78,85,99,100,126,0,110,41,115,74" hai3="27,123,102,116,130,8,9,49,13,37,60,119,39"/><U107/><E117/><N who="3" m="45130" /><G130/><T65/><D135/><U18/><E134/><V40/><F0/><W45/><G60/><N who="0" m="37895" /><D68/><U21/><E109/><V88/><F121/><W48/><G27/><N who="0" m="10251" /><D75/><U77/><E77/><V69/><F126/><W46/><G102/><T14/><D1/><U104/><E91/><V22/><F110/><W2/><G2/><T112/><D112/><U124/><E124/><V101/><F69/><W83/><G83/><N who="0" m="47207" /><D42/><U33/><E33/><V58/><F115/><W57/><G57/><T23/><D94/><U87/><E72/><V71/><F71/><W132/><G132/><T90/><D90/><U59/><E113/><V44/><F74/><W73/><G123/><T43/><D43/><U63/><E114/><V96/><F41/><N who="3" m="24655" /><G73/><T11/><D23/><U55/><E107/><V131/><F22/><W122/><G122/><T106/><D106/><U53/><E104/><V47/><F40/><N who="3" m="24743" /><G8/><T70/><D70/><U62/><E62/><V92/><F78/><W61/><G61/><T82/><D82/><U86/><E86/><V125/><F125/><W80/><G80/><T98/><D67/><N who="1" m="39423" /><E51/><V10/><F85/><W6/><AGARI ba="0,0" hai="6,9,13,37,39" m="24743,24655,45130" machi="6" ten="30,1100,0" yaku="12,1" doraHai="93" who="3" fromWho="3" sc="250,-3,173,-5,240,-3,337,11" /><INIT seed="2,0,0,1,5,122" ten="247,168,237,348" oya="2" hai0="103,45,109,102,98,89,131,92,58,134,51,21,75" hai1="68,37,77,130,123,3,97,4,127,10,55,25,40" hai2="101,133,57,93,30,115,87,69,6,78,62,132,41" hai3="34,82,48,117,9,59,99,20,47,33,66,22,11"/><V5/><F69/><W16/><G117/><T8/><D131/><U23/><E123/><V19/><F115/><W124/><G124/><T112/><D112/><U24/><E130/><V27/><F19/><W64/><G34/><T0/><D134/><N who="2" m="51818" /><F41/><W56/><G33/><T12/><D75/><U96/><E127/><V113/><F113/><W35/><G35/><T15/><D0/><U128/><E128/><V53/><F78/><W7/><G22/><T100/><D58/><N who="3" m="22057" /><G82/><T60/><D60/><U1/><E68/><V28/><F27/><N who="3" m="14727" /><G99/><T54/><D21/><U67/><E67/><N who="3" m="25642" /><G7/><N who="2" m="2569" /><F87/><W43/><AGARI ba="0,0" hai="9,11,43,47,48" m="25642,14727,22057" machi="43" ten="30,2000,0" yaku="8,1,54,1" doraHai="122" who="3" fromWho="3" sc="247,-5,168,-5,237,-10,348,20" /><INIT seed="3,0,0,4,2,18" ten="242,163,227,368" oya="3" hai0="61,99,41,93,20,28,40,130,34,64,83,50,26" hai1="120,119,22,38,109,131,4,12,1,72,107,121,53" hai2="129,97,21,6,118,43,69,25,51,45,76,32,58" hai3="47,19,98,127,125,3,133,7,89,60,66,101,117"/><W85/><G117/><T88/><D130/><U96/><E72/><V112/><F112/><W108/><G133/><T11/><D11/><N who="1" m="2447" /><E38/><V65/><F118/><W49/><G7/><T135/><D135/><U132/><E107/><V24/><F69/><W111/><G3/><T95/><D83/><U56/><E56/><V122/><F32/><W29/><G29/><T54/><D93/><U35/><E53/><V8/><F122/><W63/><G85/><T80/><D80/><U33/><E96/><V5/><F25/><W70/><G63/><T0/><D0/><U2/><E2/><BYE who="1" /><V123/><F129/><W82/><G89/><T105/><D105/><U134/><E134/><V77/><F123/><W27/><G82/><T46/><REACH who="0" step="1"/><D34/><REACH who="0" ten="232,163,227,368" step="2"/><U37/><E37/><V42/><F8/><UN n1="%E4%B8%89%E5%9B%9B%E9%83%8E" /><W128/><G128/><T31/><D31/><U100/><E100/><V36/><F36/><W106/><G101/><T104/><D104/><U103/><E132/><V71/><F77/><W67/><G106/><T23/><D23/><U90/><E103/><V16/><F76/><W15/><G111/><T81/><D81/><U86/><E35/><V30/><F30/><W91/><G108/><T79/><D79/><U87/><E33/><V73/><F73/><W59/><G91/><T13/><D13/><U55/><E119/><V78/><F78/><W110/><G15/><T116/><D116/><U102/><E131/><V68/><F21/><W48/><G110/><T52/><D52/><U10/><E109/><V74/><F74/><W44/><G67/><T84/><D84/><U57/><E87/><RYUUKYOKU ba="0,1" sc="232,30,163,-10,227,-10,368,-10" hai0="20,26,28,40,41,46,50,54,61,64,88,95,99" /><INIT seed="4,1,1,1,2,124" ten="262,153,217,358" oya="0" hai0="128,25,32,115,86,26,74,20,132,46,60,66,59" hai1="6,47,37,65,121,125,18,23,30,105,122,117,68" hai2="84,50,108,111,95,58,48,5,78,3,14,112,75" hai3="1,41,116,129,71,133,40,103,4,51,97,22,119"/><T85/><D115/><U69/><E117/><V82/><F3/><W29/><G71/><T100/><D74/><U92/><E105/><V83/><F112/><W118/><G133/><T27/><D132/><U35/><E125/><V31/><F31/><W93/><G1/><T77/><D32/><U12/><E92/><V55/><F95/><W99/><G4/><T72/><D100/><U131/><E131/><V89/><REACH who="2" step="1"/><F50/><REACH who="2" ten="262,153,207,358" step="2"/><W2/><G51/><T45/><D128/><U107/><E107/><V106/><F106/><W53/><G2/><T34/><D34/><U101/><E37/><V0/><F0/><W63/><G129/><T13/><D72/><U67/><E30/><V76/><F76/><W104/><G29/><T70/><D77/><U16/><E35/><V110/><F110/><W43/><G104/><T8/><D85/><U126/><E126/><V21/><F21/><W15/><G22/><T130/><D130/><U87/><E23/><V39/><F39/><W36/><G36/><T81/><D20/><U102/><E12/><V17/><F17/><W24/><G15/><T80/><D86/><U109/><E109/><V113/><F113/><W127/><G127/><T134/><D134/><U11/><E87/><V49/><F49/><W94/><G24/><T9/><D13/><U38/><E38/><V98/><F98/><N who="3" m="37387" /><G103/><T64/><D81/><U44/><E6/><V96/><F96/><W61/><G94/><T91/><D27/><U54/><E11/><AGARI ba="1,2" hai="5,11,14,48,55,58,75,78,82,83,84,89,108,111" machi="11" ten="40,2600,0" yaku="1,1,53,1" doraHai="124" doraHaiUra="10" who="2" fromWho="1" sc="262,0,153,-29,207,49,358,0" /><INIT seed="5,0,0,5,3,77" ten="262,124,256,358" oya="1" hai0="16,83,105,44,125,132,11,51,134,95,35,17,127" hai1="82,80,76,87,26,131,59,57,61,89,91,50,8" hai2="60,56,20,121,106,49,41,40,73,42,119,13,46" hai3="70,75,112,53,120,78,129,94,6,84,58,102,135"/><U109/><E131/><V48/><F106/><W47/><G70/><T79/><D95/><U99/><E109/><V45/><F73/><W123/><G129/><T63/><D63/><U55/><E8/><V2/><F2/><W113/><G135/><N who="0" m="51755" /><D105/><U31/><E99/><V65/><F121/><W93/><G75/><N who="0" m="43519" /><D35/><U124/><E124/><N who="0" m="47689" /><D11/><U97/><E97/><V74/><F74/><W86/><G94/><T25/><D25/><U32/><E89/><V4/><F4/><W116/><G6/><T54/><AGARI ba="0,0" hai="16,17,44,51,54" m="47689,43519,51755" machi="54" ten="30,7900,0" yaku="20,1,18,1,52,1,54,1" doraHai="77" who="0" fromWho="0" sc="262,79,124,-39,256,-20,358,-20" /><INIT seed="6,0,0,0,0,56" ten="341,85,236,338" oya="2" hai0="63,132,54,92,93,46,130,135,8,45,101,57,106" hai1="19,11,117,58,20,71,72,36,114,98,104,10,62" hai2="61,43,79,103,7,51,59,91,125,110,134,48,14" hai3="33,39,107,9,22,27,70,25,18,88,74,38,73"/><V16/><F125/><W37/><G107/><T60/><D8/><U97/><E72/><V5/><F134/><N who="0" m="51242" /><D130/><U3/><E36/><V105/><F110/><W35/><G70/><T75/><D75/><U90/><E117/><V99/><F79/><W78/><G9/><T100/><D106/><U84/><E114/><V123/><F123/><W94/><G27/><T6/><D6/><U111/><E71/><V112/><F112/><W95/><G95/><N who="0" m="36427" /><D63/><U34/><E34/><V122/><F122/><W2/><G2/><T17/><D17/><U28/><E28/><V67/><F91/><W47/><G74/><T13/><D13/><U133/><E133/><V129/><F129/><W82/><REACH who="3" step="1"/><G47/><AGARI ba="0,0" hai="45,46,47,54,57,60,100,101" m="36427,51242" machi="47" ten="30,2000,0" yaku="20,1,52,1" doraHai="56" who="0" fromWho="3" sc="341,20,85,0,236,0,338,-20" /><INIT seed="7,0,0,1,3,113" ten="361,85,236,318" oya="3" hai0="101,23,83,44,6,3,26,24,93,21,53,96,63" hai1="97,116,98,7,9,22,13,124,134,56,29,50,62" hai2="42,131,103,109,35,79,120,129,107,0,25,132,32" hai3="135,81,39,16,4,68,67,12,99,1,19,100,61"/><W40/><G135/><T8/><D83/><U51/><E134/><V20/><F42/><W123/><G123/><T52/><D44/><U127/><E127/><V10/><F79/><W118/><G118/><T91/><D63/><U115/><E115/><V60/><F103/><W78/><G1/><T54/><D101/><U94/><E124/><V65/><F60/><W108/><G108/><T88/><D91/><U46/><E46/><V84/><F84/><W76/><G39/><T14/><D3/><U122/><E122/><V125/><F65/><W106/><G40/><T90/><D90/><U105/><E105/><V75/><F75/><W11/><REACH who="3" step="1"/><G78/><REACH who="3" ten="361,85,236,308" step="2"/><T69/><D69/><U71/><E71/><V27/><F120/><W18/><G18/><N who="0" m="12343" /><D54/><U102/><E98/><V33/><F132/><W34/><G34/><T58/><D58/><U114/><E114/><V86/><F125/><W31/><G31/><AGARI ba="0,1" hai="6,8,14,23,26,31,52,53,88,93,96" m="12343" machi="31" ten="30,3900,0" yaku="8,1,54,2" doraHai="113" who="0" fromWho="3" sc="361,49,85,0,236,0,308,-39" owari="410,50.0,85,-41.0,236,-16.0,269,7.0" /></mjloggm>