<mjloggm ver="2.3"><GO type="41" lobby="0"/><UN n0="%E3%83%A8%E3%82%A6%E3%82%B9%E3%82%B1%E5%90%9B%E3%81%A0%E3%82%88%E3%80%82" n1="%46%54%46%54" n2="%E2%93%9D%53%75%70%68%78" n3="%E3%81%AF%E3%82%84%E3%81%AD%E3%81%A1%E3%82%83%E3%82%93" dan="13,13,17,13" rate="1925.82,1846.47,2087.73,1817.82" sx="M,M,M,M"/><TAIKYOKU oya="0"/><INIT seed="0,0,0,5,1,56" ten="250,250,250,250" oya="0" hai0="93,58,67,112,88,53,29,11,54,50,6,57,109" hai1="10,51,117,40,28,113,127,129,14,97,21,107,8" hai2="72,115,124,48,68,59,39,45,70,92,32,42,19" hai3="26,31,38,43,46,135,2,7,47,98,125,20,73"/><T27/><D112/><U12/><E117/><V63/><F72/><W33/><G125/><T49/><D109/><U22/><E113/><V111/><F32/><W119/><G119/><T75/><D75/><U134/><E107/><V17/><F17/><W25/><G135/><T110/><D110/><U52/><E97/><V44/><F19/><W95/><G73/><T30/><D67/><U102/><E102/><V61/><F92/><W126/><G126/><T16/><D27/><U99/><E99/><V87/><F87/><W101/><G47/><T77/><D77/><U103/><E40/><N who="2" m="22559" /><F111/><W9/><REACH who="3" step="1"/><G25/><REACH who="3" ten="250,250,250,240" step="2"/><T133/><D133/><U37/><E134/><V116/><F124/><W82/><G82/><T60/><D60/><N who="2" m="23114" /><F115/><W90/><G90/><T114/><D114/><U89/><E89/><V0/><F116/><W104/><G104/><T71/><D71/><N who="2" m="27178" /><F0/><W131/><G131/><T79/><D79/><U128/><E127/><V105/><F105/><W18/><G18/><T121/><D121/><U106/><E106/><V123/><F59/><W13/><G13/><N who="0" m="7231" /><D6/><U100/><E12/><V81/><F81/><W122/><G122/><AGARI ba="0,1" hai="42,45,48,122,123" m="27178,23114,22559" machi="122" ten="30,8000,1" yaku="34,2,52,3" doraHai="56" who="2" fromWho="3" sc="250,0,250,0,250,90,240,-80" /><INIT seed="1,0,0,2,5,97" ten="250,250,340,160" oya="1" hai0="46,1,106,101,113,2,31,135,52,104,20,119,130" hai1="40,0,69,4,50,53,14,34,24,126,58,35,114" hai2="18,105,28,90,62,93,59,131,42,120,74,36,65" hai3="77,124,32,29,11,5,108,112,92,122,128,100,56"/><U43/><E114/><V38/><F105/><W81/><G112/><T76/><D119/><U116/><E69/><V39/><F74/><W129/><G122/><T41/><D113/><U61/><E116/><V99/><F131/><W17/><G108/><T95/><D130/><U57/><E126/><V30/><F120/><W6/><G124/><T80/><D95/><U79/><E0/><V25/><F42/><W89/><G100/><T88/><D135/><U21/><E79/><V82/><F82/><W66/><G32/><T54/><D106/><U86/><E86/><V49/><F49/><W55/><G29/><T132/><D132/><U117/><E117/><V16/><REACH who="2" step="1"/><F30/><REACH who="2" ten="250,250,330,160" step="2"/><W125/><G125/><T51/><D104/><U111/><E43/><V133/><F133/><W8/><G129/><T98/><D1/><U44/><E111/><V9/><F9/><W72/><G128/><T67/><D2/><U84/><E40/><V103/><F103/><W48/><G11/><T115/><D115/><U123/><E123/><V26/><F26/><W60/><G89/><T15/><D76/><U7/><E24/><V78/><F78/><W91/><G91/><T37/><D101/><U85/><E84/><V13/><F13/><N who="3" m="7335" /><G92/><T87/><D88/><U10/><E85/><V33/><AGARI ba="0,1" hai="16,18,25,28,33,36,38,39,59,62,65,90,93,99" machi="33" ten="30,4000,0" yaku="1,1,0,1,54,1,53,0" doraHai="97" doraHaiUra="83" who="2" fromWho="2" sc="250,-10,250,-20,330,50,160,-10" /><INIT seed="2,0,0,1,4,113" ten="240,230,380,150" oya="2" hai0="38,32,80,85,27,124,120,65,111,68,126,91,58" hai1="77,101,67,17,82,10,2,25,63,21,36,52,45" hai2="66,50,88,42,122,39,9,40,99,16,110,129,30" hai3="119,72,127,84,75,47,6,96,62,60,112,55,69"/><V81/><F122/><W93/><G112/><T135/><D120/><U49/><E101/><V46/><F129/><W78/><G127/><N who="0" m="48683" /><D38/><U79/><E36/><V44/><F110/><W41/><G119/><T87/><D111/><U134/><E134/><V57/><F30/><W34/><G34/><T100/><D135/><U114/><E114/><V98/><F66/><W95/><G6/><T51/><D100/><U20/><E20/><V117/><F57/><W54/><G84/><N who="0" m="50567" /><D68/><U56/><E2/><V15/><REACH who="2" step="1"/><F117/><REACH who="2" ten="240,230,370,150" step="2"/><W74/><G69/><T76/><D65/><U26/><E10/><V1/><F1/><W8/><G8/><T90/><D58/><U107/><E107/><V128/><F128/><W125/><G125/><T83/><D32/><U22/><REACH who="1" step="1"/><E82/><REACH who="1" ten="240,220,370,150" step="2"/><V5/><F5/><W70/><G70/><T115/><D115/><U33/><E33/><V19/><F19/><AGARI ba="0,2" hai="17,19,21,22,25,26,45,49,52,56,63,67,77,79" machi="19" ten="30,8000,1" yaku="1,1,7,1,9,1,8,1,54,1,53,0" doraHai="113" doraHaiUra="102" who="1" fromWho="2" sc="240,0,220,100,370,-80,150,0" /><INIT seed="3,0,0,3,1,122" ten="240,320,290,150" oya="3" hai0="17,48,11,26,83,2,58,117,1,111,49,57,15" hai1="38,32,93,102,121,69,124,128,132,42,62,19,130" hai2="54,72,73,14,105,60,135,43,104,134,95,51,120" hai3="97,67,92,33,39,81,126,12,22,61,10,87,65"/><W89/><G33/><T0/><D117/><U109/><E121/><V114/><F43/><W7/><G126/><T36/><D36/><U113/><E32/><V76/><F60/><W63/><G39/><T88/><D26/><U100/><E19/><V53/><F95/><W18/><G67/><T75/><D75/><U127/><E113/><V41/><F41/><W37/><G65/><T64/><D111/><U115/><E115/><V108/><F114/><W85/><G37/><T66/><D64/><N who="1" m="41111" /><E93/><V45/><F14/><W8/><G87/><T107/><D107/><U98/><E98/><V118/><F120/><W25/><REACH who="3" step="1"/><G10/><REACH who="3" ten="240,320,290,140" step="2"/><T86/><D66/><U74/><E74/><V21/><F73/><W110/><G110/><T13/><REACH who="0" step="1"/><D15/><REACH who="0" ten="230,320,290,140" step="2"/><U106/><E109/><V24/><F108/><W71/><G71/><T133/><D133/><U68/><E132/><V119/><F135/><W46/><G46/><T84/><D84/><U123/><E68/><V5/><F134/><W29/><G29/><T99/><D99/><U101/><E123/><V77/><F72/><W131/><G131/><N who="1" m="50218" /><E106/><V23/><F45/><AGARI ba="0,2" hai="38,42,45,100,101,102,124,127" m="50218,41111" machi="45" ten="40,1300,0" yaku="19,1" doraHai="122" who="1" fromWho="2" sc="230,0,320,33,290,-13,140,0" /><INIT seed="4,0,0,3,3,2" ten="230,353,277,140" oya="0" hai0="94,119,49,127,57,83,24,128,82,107,95,19,15" hai1="52,132,9,108,38,76,135,117,58,93,60,31,65" hai2="61,25,39,112,27,40,120,53,0,41,106,131,126" hai3="79,44,123,62,59,20,71,81,17,54,87,134,29"/><T56/><D119/><U12/><E108/><V34/><F120/><W101/><G123/><T64/><D107/><U125/><E38/><V3/><F106/><W80/><G134/><T16/><D15/><U51/><E125/><V96/><F96/><W63/><G101/><T10/><D49/><U85/><E31/><V1/><F131/><W97/><G97/><T5/><D10/><U35/><E35/><V102/><F112/><W109/><G29/><T98/><D98/><U121/><E117/><V114/><F114/><W14/><G44/><T55/><D55/><U75/><E75/><V7/><F34/><W130/><G130/><T50/><D50/><U103/><E103/><V90/><F102/><W133/><G133/><T70/><D64/><U66/><E66/><V100/><F53/><W124/><G124/><T28/><D28/><U32/><E32/><V104/><F104/><W88/><G71/><T116/><D24/><U122/><E122/><V113/><F27/><W45/><G45/><T18/><D18/><U36/><E121/><V77/><F25/><W37/><G37/><T47/><D47/><U30/><E36/><V84/><F39/><W22/><G63/><T73/><D73/><U33/><E30/><V86/><F61/><W78/><G109/><T68/><D127/><U91/><E33/><V43/><F113/><W42/><G42/><T74/><D74/><U26/><E26/><V67/><F43/><W48/><G62/><T6/><REACH who="0" step="1"/><D116/><REACH who="0" ten="220,353,277,140" step="2"/><U129/><E132/><V69/><F126/><W4/><G48/><T46/><D46/><U13/><E135/><RYUUKYOKU ba="0,1" sc="220,30,353,-10,277,-10,140,-10" hai0="5,6,16,19,56,57,68,70,82,83,94,95,128" /><INIT seed="4,1,1,2,1,110" ten="250,343,267,130" oya="0" hai0="120,95,82,42,65,129,91,39,127,77,83,15,70" hai1="46,43,79,38,96,69,6,99,62,4,104,81,35" hai2="84,102,22,48,37,80,32,113,118,53,85,29,122" hai3="47,57,101,89,0,55,124,31,74,36,92,64,132"/><T58/><D120/><U116/><E35/><V73/><F37/><W54/><G74/><T17/><D70/><U33/><E33/><V135/><F32/><W61/><G0/><T12/><D127/><U105/><E116/><V50/><F135/><W87/><G124/><T10/><D129/><U19/><E19/><V16/><F122/><W60/><G132/><T18/><D39/><U90/><E96/><V76/><F113/><W93/><G31/><T2/><D2/><U94/><E4/><V63/><F102/><W117/><G117/><T21/><D42/><U119/><E119/><V45/><F29/><W109/><G109/><T11/><D21/><U23/><E23/><V112/><F112/><W131/><G131/><T26/><D26/><U40/><E40/><V134/><F63/><W24/><G24/><T98/><D77/><U130/><E6/><V103/><F103/><W78/><G78/><T34/><D34/><U66/><E130/><V51/><F134/><W41/><G61/><AGARI ba="1,1" hai="10,11,12,15,17,18,58,61,65,82,83,91,95,98" machi="61" ten="40,3900,0" yaku="9,1,8,1" doraHai="110" who="0" fromWho="3" sc="250,52,343,0,267,0,130,-42" /><INIT seed="4,2,0,3,5,134" ten="302,343,267,88" oya="0" hai0="63,15,45,73,55,105,37,13,41,65,119,103,90" hai1="64,78,21,4,116,29,48,62,46,42,47,112,56" hai2="87,98,99,91,111,93,104,106,40,6,1,18,0" hai3="101,94,66,122,34,10,61,5,7,68,59,58,135"/><T100/><D119/><U44/><E116/><V86/><F40/><W107/><G135/><T127/><D73/><U128/><E128/><V84/><F18/><W12/><G34/><T74/><D74/><U3/><E112/><V25/><F25/><W126/><G122/><T130/><D130/><U133/><E78/><V26/><F26/><W131/><G131/><T110/><D110/><U60/><E21/><V83/><F6/><W121/><G121/><T36/><D36/><U8/><E29/><V51/><F51/><W114/><G114/><T88/><D55/><U123/><E123/><V27/><F27/><W76/><G107/><N who="2" m="41001" /><F1/><W71/><G76/><T108/><D108/><U2/><E2/><V89/><F0/><W82/><G82/><T70/><D127/><U32/><E32/><V85/><F111/><W19/><G71/><T115/><D115/><U33/><E33/><V43/><F43/><W28/><G28/><T80/><D105/><U30/><E30/><V102/><F99/><W75/><G68/><T97/><D13/><U52/><E133/><V81/><AGARI ba="2,0" hai="81,83,84,85,86,87,89,91,93,98,102" m="41001" machi="81" ten="30,8000,1" yaku="35,5" doraHai="134" who="2" fromWho="2" sc="302,-42,343,-22,267,86,88,-22" /><INIT seed="5,0,0,4,0,44" ten="260,321,353,66" oya="1" hai0="21,65,15,6,128,101,29,91,105,82,89,24,5" hai1="72,110,99,69,41,90,76,63,123,74,113,56,112" hai2="111,80,58,19,103,125,135,134,93,78,42,18,59" hai3="31,16,85,53,98,47,95,66,126,121,45,77,79"/><U20/><E123/><V130/><F111/><W39/><G121/><T11/><D128/><U52/><E69/><V119/><F119/><W57/><G126/><T54/><D105/><U115/><E76/><V14/><F42/><W12/><G31/><T117/><D117/><U36/><E110/><V26/><F26/><W7/><G7/><T100/><D65/><U30/><E41/><V127/><F93/><W106/><G106/><T107/><D5/><U114/><E36/><V9/><F103/><W17/><G66/><T28/><D29/><U75/><N who="1" m="28672" /><DORA hai="10" /><U94/><E30/><V67/><F19/><W68/><G17/><T49/><D107/><U32/><REACH who="1" step="1"/><E20/><REACH who="1" ten="260,311,353,66" step="2"/><V73/><F127/><W43/><G68/><T13/><D13/><U55/><E55/><V50/><F125/><W2/><G2/><T71/><D71/><U23/><E23/><V48/><F130/><W104/><G39/><T40/><D40/><U8/><E8/><V109/><F109/><W86/><G43/><T70/><D70/><U37/><E37/><V62/><F9/><W124/><G124/><T61/><D21/><U46/><E46/><V132/><F14/><W88/><G79/><T122/><D28/><U102/><E102/><V22/><F22/><N who="3" m="11527" /><G77/><T34/><D101/><U97/><E97/><V131/><F131/><W35/><G45/><T64/><D100/><U83/><E83/><V84/><F78/><W87/><G47/><T133/><D122/><U116/><E116/><V129/><F129/><W51/><G104/><T3/><D11/><U92/><E92/><V1/><F1/><RYUUKYOKU ba="0,1" sc="260,-15,311,15,353,-15,66,15" hai1="32,52,56,63,72,74,75,90,94,99" hai3="35,51,53,57,85,86,87,88,95,98" /><INIT seed="5,1,1,1,5,40" ten="245,326,338,81" oya="1" hai0="55,95,101,49,85,132,57,127,22,46,2,12,70" hai1="102,120,73,41,81,123,117,3,126,103,1,74,50" hai2="30,111,60,38,79,6,116,110,35,54,56,92,109" hai3="15,36,89,48,113,23,99,25,76,97,77,63,114"/><U75/><E117/><V104/><F104/><W26/><G36/><T33/><D2/><U125/><E81/><V53/><F116/><W59/><G15/><T112/><D33/><U119/><E119/><V52/><F79/><W18/><G26/><T107/><D112/><U98/><E98/><V96/><F38/><W68/><G68/><T10/><D127/><N who="1" m="48651" /><E50/><V31/><F6/><W11/><G11/><T134/><D70/><U122/><E41/><V37/><F37/><W61/><G77/><T108/><D108/><U19/><E19/><V78/><F78/><W24/><G24/><T13/><D107/><U83/><E83/><V133/><F133/><N who="0" m="51306" /><D10/><U66/><E66/><V51/><F35/><W121/><G76/><T42/><D22/><U58/><E58/><V67/><REACH who="2" step="1"/><F51/><REACH who="2" ten="245,326,328,81" step="2"/><W130/><G48/><T80/><D80/><U129/><E129/><V94/><F94/><W8/><G130/><T32/><D32/><U14/><E14/><N who="0" m="5737" /><D95/><U16/><E16/><V128/><F128/><W135/><G8/><T87/><D101/><AGARI ba="1,2" hai="1,3,73,74,75,101,102,103,120,122,123" m="48651" machi="101" ten="50,9600,0" yaku="28,2,18,1" doraHai="40" who="1" fromWho="0" sc="245,-99,326,119,328,0,81,0" /><AGARI ba="1,0" hai="30,31,52,53,54,56,60,67,92,96,101,109,110,111" machi="101" ten="50,3200,0" yaku="1,1,54,1,53,0" doraHai="40" doraHaiUra="29" who="2" fromWho="0" sc="146,-32,445,0,328,32,81,0" /><INIT seed="5,2,0,0,0,126" ten="114,445,360,81" oya="1" hai0="97,69,91,4,109,12,28,103,8,23,15,116,101" hai1="79,133,30,32,45,74,1,38,53,44,51,117,99" hai2="73,131,19,3,118,34,128,105,85,0,132,112,11" hai3="37,5,26,48,6,33,7,58,106,83,102,9,56"/><U125/><E117/><V121/><RYUUKYOKU type="yao9" ba="2,0" sc="114,0,445,0,360,0,81,0" hai2="0,3,11,19,34,73,85,105,112,118,121,128,131,132" /><INIT seed="5,3,0,0,1,75" ten="114,445,360,81" oya="1" hai0="17,54,133,37,115,130,26,1,70,117,51,42,124" hai1="101,66,53,82,77,126,132,96,27,56,55,33,119" hai2="63,112,48,91,29,35,31,111,15,120,3,9,25" hai3="74,110,81,32,2,98,88,19,45,84,134,73,11"/><U24/><E119/><V87/><F111/><W71/><G110/><T13/><D1/><U114/><E114/><V72/><F72/><W135/><G71/><T16/><D117/><U104/><E132/><V116/><F120/><W64/><G64/><T7/><D133/><U83/><E126/><V109/><F109/><W57/><G32/><T60/><D124/><U69/><E69/><V10/><F31/><W106/><G57/><N who="0" m="32991" /><D130/><U122/><E83/><V5/><F63/><W78/><G135/><T8/><D26/><U67/><E53/><V113/><F48/><W40/><G134/><T0/><D0/><U21/><E24/><V36/><F36/><W99/><G74/><T4/><D4/><U85/><E33/><V44/><F44/><W39/><G106/><T34/><D115/><N who="2" m="44106" /><F116/><W49/><G49/><T23/><D23/><U80/><E80/><N who="2" m="49639" /><F10/><W107/><G107/><T58/><D34/><U95/><E104/><V125/><F125/><W118/><G19/><T123/><D123/><U92/><E92/><V47/><F47/><W108/><G118/><T41/><D41/><U38/><E38/><V22/><F35/><W97/><G108/><T93/><D60/><N who="1" m="35871" /><E122/><V103/><F3/><W128/><G128/><T65/><D37/><U86/><E86/><V52/><F52/><W61/><G61/><T100/><D70/><U30/><AGARI ba="3,0" hai="21,27,30,66,67,77,82,85,95,96,101" m="35871" machi="30" ten="30,3000,0" yaku="8,1,52,1" doraHai="75" who="1" fromWho="1" sc="114,-13,445,39,360,-13,81,-13" /><INIT seed="5,4,0,5,3,58" ten="101,484,347,68" oya="1" hai0="126,76,90,121,47,21,33,8,105,10,43,96,78" hai1="16,54,1,57,52,112,36,109,116,63,79,120,72" hai2="28,94,64,13,98,41,23,30,83,12,118,7,46" hai3="2,39,100,107,67,34,14,106,69,82,20,3,128"/><U103/><E112/><V133/><F133/><W37/><G128/><T102/><D126/><U111/><E116/><V91/><F118/><W114/><G114/><T127/><D127/><U86/><E120/><V135/><F135/><W35/><G82/><T131/><D131/><U89/><E1/><V125/><F64/><W60/><G14/><T117/><D117/><U108/><E103/><V61/><F125/><W122/><G20/><T65/><D65/><U44/><E79/><V53/><F83/><W62/><G100/><T134/><D134/><U32/><E32/><V119/><F119/><W88/><G67/><T22/><D33/><U25/><E72/><V17/><F41/><W99/><G99/><T123/><D102/><U0/><E0/><V75/><F75/><W113/><G113/><T93/><D43/><U68/><E68/><V85/><F98/><W9/><G9/><T92/><D47/><U19/><E25/><V132/><F46/><W50/><G50/><T4/><D96/><U45/><E45/><V40/><F40/><W87/><G87/><T73/><D73/><U48/><E36/><V80/><F132/><W56/><G56/><T124/><D124/><U42/><E42/><V95/><F13/><W66/><G66/><T38/><D105/><U71/><E71/><V115/><F115/><W18/><G122/><T110/><D4/><U55/><E55/><V74/><F7/><W29/><G69/><T104/><D104/><U101/><E101/><V24/><F74/><W129/><G129/><T31/><D38/><U97/><E97/><V27/><F53/><RYUUKYOKU ba="4,0" sc="101,-10,484,30,347,-10,68,-10" hai1="16,19,44,48,52,54,57,63,86,89,108,109,111" /><INIT seed="5,5,0,0,0,101" ten="91,514,337,58" oya="1" hai0="133,104,115,73,76,57,55,107,6,24,54,72,30" hai1="103,13,0,70,14,114,78,131,51,41,113,34,71" hai2="19,16,134,68,25,110,60,106,135,127,42,67,81" hai3="83,7,58,1,33,21,49,59,22,122,129,88,31"/><U126/><E0/><V95/><F110/><W97/><G122/><T69/><D133/><N who="2" m="50698" /><F127/><W125/><G125/><T10/><D115/><N who="1" m="44043" /><E126/><V29/><F95/><W123/><G123/><T66/><D69/><N who="1" m="26123" /><E34/><N who="2" m="20783" /><F42/><W36/><G36/><T63/><D55/><U109/><E78/><V132/><F132/><W2/><G33/><T119/><D119/><U120/><E120/><V50/><F50/><W100/><G49/><T89/><D89/><U12/><E109/><V56/><F56/><W87/><G129/><T44/><D66/><U86/><E86/><V99/><F81/><W75/><G75/><T15/><D44/><N who="1" m="25999" /><E103/><AGARI ba="5,0" hai="16,19,60,67,68,99,103,106" m="20783,50698" machi="103" ten="30,7700,0" yaku="25,1,20,1,52,1,54,1" doraHai="101" who="2" fromWho="1" sc="91,0,514,-92,337,92,58,0" /><INIT seed="6,0,0,2,3,90" ten="91,422,429,58" oya="2" hai0="109,23,7,119,85,30,53,97,27,86,59,134,122" hai1="35,94,2,18,38,36,54,87,6,118,83,14,39" hai2="128,32,101,20,16,79,55,74,123,56,73,72,129" hai3="99,88,125,64,93,44,19,77,78,82,75,33,121"/><V58/><F32/><W68/><G125/><T25/><D109/><U135/><E35/><V114/><F123/><W117/><G117/><T9/><D122/><U127/><E118/><V51/><F114/><W60/><G121/><T104/><D134/><U15/><E94/><V0/><F0/><W102/><G33/><T17/><D119/><U10/><E127/><V133/><F101/><W63/><G63/><T105/><D86/><U98/><E98/><V29/><F29/><W41/><G78/><T12/><D97/><U71/><E71/><V103/><F103/><W113/><G113/><T52/><D85/><U37/><N who="1" m="9216" /><DORA hai="124" /><U43/><E43/><V65/><F79/><W76/><G19/><T120/><D120/><U21/><E135/><V26/><REACH who="2" step="1"/><F133/><REACH who="2" ten="91,422,419,58" step="2"/><W3/><G3/><T50/><REACH who="0" step="1"/><D53/><REACH who="0" ten="81,422,419,58" step="2"/><U84/><E54/><V5/><F5/><W95/><G77/><T4/><D4/><U112/><E112/><V8/><F8/><W92/><REACH who="3" step="1"/><G102/><REACH who="3" ten="81,422,419,48" step="2"/><T96/><D96/><U126/><E126/><V48/><F48/><AGARI ba="0,3" hai="41,44,48,60,64,68,75,76,82,88,92,93,95,99" machi="48" ten="30,12000,2" yaku="1,1,2,1,7,1,52,3,54,1,53,0" doraHai="90,124" doraHaiUra="131,49" who="3" fromWho="2" sc="81,0,422,0,419,-120,48,150" /><INIT seed="7,0,0,2,0,86" ten="81,422,299,198" oya="3" hai0="99,37,106,51,73,131,20,31,64,97,6,74,115" hai1="32,29,2,94,88,109,70,62,7,19,79,47,71" hai2="18,111,58,66,127,134,116,17,42,118,120,72,77" hai3="59,119,124,92,100,102,25,33,117,132,95,90,81"/><W93/><G124/><T52/><D131/><U103/><E109/><V108/><F77/><W22/><G132/><T121/><D121/><U63/><E103/><V11/><F66/><W39/><G39/><T41/><D64/><U76/><E32/><V107/><F58/><W53/><G33/><T110/><D110/><U13/><E29/><V56/><F56/><W123/><G123/><T43/><D20/><U82/><E47/><V65/><F65/><W112/><G112/><T23/><D23/><U46/><E46/><V98/><F107/><W69/><G69/><T12/><D31/><U36/><E36/><V133/><F120/><W38/><G38/><T10/><D115/><U85/><E7/><V3/><F72/><W8/><G8/><T67/><D67/><U44/><E2/><V125/><F98/><W83/><G119/><T68/><D68/><U84/><E44/><V45/><F45/><W9/><G9/><T26/><D37/><U104/><E104/><V49/><F49/><W40/><G40/><N who="0" m="15435" /><D106/><U48/><E48/><V91/><F42/><W89/><G117/><T105/><D105/><U30/><E30/><V61/><F11/><W80/><G102/><T113/><D113/><U60/><E70/><V50/><F50/><N who="3" m="31159" /><G100/><T16/><D74/><U35/><E35/><V21/><F21/><W27/><G22/><N who="0" m="13639" /><D73/><U1/><E71/><V130/><F130/><W34/><G34/><T15/><D15/><U101/><E1/><V5/><F3/><W87/><G87/><T4/><D4/><U129/><E129/><V28/><F5/><W78/><G78/><RYUUKYOKU ba="0,0" sc="81,15,422,-15,299,-15,198,15" hai0="6,10,12,51,52,97,99" hai3="25,27,80,81,83,89,90,92,93,95" /><INIT seed="7,1,0,0,5,127" ten="96,407,284,213" oya="3" hai0="87,65,131,122,60,9,79,123,117,29,89,32,13" hai1="18,124,88,128,59,57,27,14,121,129,52,24,40" hai2="22,90,68,109,28,133,25,100,37,83,81,1,69" hai3="73,106,114,110,43,112,111,113,78,34,97,10,130"/><W108/><G43/><T96/><D117/><U80/><E121/><V45/><F133/><W7/><G34/><T42/><D123/><U36/><E124/><V93/><F1/><W8/><G78/><T105/><D122/><U95/><E80/><V56/><F69/><W38/><G38/><T62/><D60/><U16/><E59/><V47/><F109/><W3/><G73/><T91/><D42/><U54/><E54/><V51/><F68/><W66/><G66/><T103/><D79/><U67/><E67/><V115/><F115/><W104/><G10/><T55/><D55/><U50/><E40/><V119/><F100/><N who="3" m="62479" /><G106/><T58/><D87/><N who="1" m="52639" /><E18/><V15/><F119/><W120/><G120/><T20/><D131/><AGARI ba="1,0" hai="3,7,8,108,110,111,112,113,114,130,131" m="62479" machi="131" ten="40,12000,1" yaku="10,1,15,1,23,1,52,2" doraHai="127" who="3" fromWho="0" sc="96,-123,407,0,284,0,213,123" owari="-27,-53.0,407,51.0,284,-12.0,336,14.0" /></mjloggm>