<mjloggm ver="2.3"><GO type="41" lobby="0"/><UN n0="%E2%93%9D%53%75%70%68%78" n1="%73%69%72%6F%2D%2D%74%6F" n2="%E3%83%91%E3%83%96%E3%82%8D%E3%82%93" n3="%E3%83%AA%E3%83%AA%E3%83%BC%E3%83%9B%E3%83%AF%E3%82%A4%E3%83%88" dan="18,14,13,18" rate="2103.32,2001.56,1858.21,2092.50" sx="M,M,M,F"/><TAIKYOKU oya="0"/><INIT seed="0,0,0,1,1,53" ten="250,250,250,250" oya="0" hai0="90,104,103,82,112,122,21,135,42,114,125,130,67" hai1="41,113,74,94,85,46,7,128,36,134,27,54,1" hai2="68,98,95,87,45,49,69,33,92,14,73,5,22" hai3="64,78,24,16,44,75,0,25,2,39,124,126,83"/><T111/><D42/><U89/><E128/><V106/><F33/><W100/><G100/><T66/><D122/><U8/><E113/><V115/><F115/><W133/><G64/><T52/><D130/><U77/><E134/><V110/><F73/><W13/><G133/><T107/><D135/><U127/><E127/><N who="3" m="48682" /><G44/><T131/><D125/><U118/><E27/><N who="3" m="10314" /><G39/><T101/><D131/><U109/><E118/><V17/><F106/><W51/><G51/><T116/><D116/><U88/><E89/><V97/><F87/><W102/><G102/><T48/><D90/><U61/><E109/><V99/><F110/><W81/><G83/><T79/><D111/><U63/><E54/><N who="2" m="29999" /><F69/><W60/><G60/><T35/><D107/><U47/><E46/><V132/><F68/><W34/><G34/><T121/><D35/><U19/><E19/><V71/><F71/><W15/><G15/><T20/><D104/><U23/><REACH who="1" step="1"/><E23/><AGARI ba="0,0" hai="0,2,13,16,23,75,78,81" m="10314,48682" machi="23" ten="30,2000,0" yaku="18,1,54,1" doraHai="53" who="3" fromWho="1" sc="250,0,250,-20,250,0,250,20" /><INIT seed="1,0,0,3,0,70" ten="250,230,250,270" oya="1" hai0="109,98,56,17,63,43,123,104,96,73,13,39,22" hai1="83,94,10,42,115,72,85,67,134,12,5,55,7" hai2="99,122,106,77,47,124,3,15,80,48,120,68,74" hai3="81,88,8,93,135,78,60,54,69,1,44,66,37"/><U41/><E134/><V51/><F3/><W26/><G135/><T100/><D109/><U91/><E115/><V125/><F68/><W116/><G116/><T38/><D73/><U107/><E67/><V25/><F25/><W33/><G26/><T46/><D98/><U110/><E110/><V132/><F132/><W20/><G20/><T23/><D123/><N who="2" m="47146" /><F15/><W76/><G33/><T19/><D19/><U79/><E5/><V111/><F111/><W49/><G81/><T0/><D0/><U86/><E86/><V118/><F118/><W64/><G64/><T50/><REACH who="0" step="1"/><D23/><REACH who="0" ten="240,230,250,270" step="2"/><U30/><E30/><V82/><F74/><W97/><REACH who="3" step="1"/><G37/><REACH who="3" ten="240,230,250,260" step="2"/><T28/><D28/><U89/><E107/><V101/><F106/><W35/><G35/><T119/><D119/><U113/><E113/><V103/><F124/><W75/><G75/><T121/><D121/><U11/><E11/><V95/><F125/><W59/><G59/><T65/><AGARI ba="0,2" hai="13,17,22,38,39,43,46,50,56,63,65,96,100,104" machi="65" ten="20,8000,1" yaku="1,1,0,1,7,1,52,2,53,0" doraHai="70" doraHaiUra="4" who="0" fromWho="0" sc="240,100,230,-40,250,-20,260,-20" /><INIT seed="2,0,0,1,3,27" ten="340,190,230,240" oya="2" hai0="130,89,31,103,102,90,39,65,10,94,105,38,68" hai1="66,86,131,82,49,48,59,76,79,28,42,58,120" hai2="25,119,128,3,41,11,64,34,37,55,96,97,21" hai3="127,115,121,118,135,9,56,20,70,32,75,101,67"/><V16/><F119/><W134/><G101/><T8/><D65/><U7/><E131/><V88/><F128/><W92/><G92/><T113/><D130/><U85/><E120/><V100/><F100/><W77/><G56/><T33/><D94/><U60/><E7/><N who="2" m="1535" /><F64/><W87/><G87/><T23/><D23/><U6/><E6/><V13/><F55/><W26/><G9/><T53/><D53/><U44/><E58/><V45/><F88/><W50/><G77/><T91/><D91/><U2/><E2/><V95/><F95/><W24/><G67/><T12/><D68/><U47/><E86/><V17/><F17/><W124/><G70/><T117/><D105/><U104/><E104/><V30/><AGARI ba="0,0" hai="13,16,21,25,30,34,37,41,45,96,97" m="1535" machi="30" ten="30,6000,0" yaku="24,1,52,1,54,1" doraHai="27" who="2" fromWho="2" sc="340,-20,190,-20,230,60,240,-20" /><INIT seed="2,1,0,2,0,57" ten="320,170,290,220" oya="2" hai0="121,90,22,52,133,123,68,73,122,89,101,40,1" hai1="28,20,127,0,103,132,67,11,96,42,76,16,63" hai2="10,97,108,39,62,74,106,134,95,129,38,77,125" hai3="54,26,65,36,14,21,80,104,87,8,135,69,13"/><V37/><F129/><W124/><G104/><T78/><D40/><U34/><E127/><V33/><F33/><W128/><G36/><T51/><D1/><U2/><E132/><V35/><F35/><W46/><G124/><T27/><D68/><U105/><E76/><V7/><F125/><W114/><G135/><T45/><D101/><U49/><E11/><V119/><F119/><W31/><G114/><T12/><D12/><U83/><E83/><V126/><F126/><W24/><G65/><T19/><REACH who="0" step="1"/><D133/><REACH who="0" ten="310,170,290,220" step="2"/><U58/><E42/><V82/><F134/><W102/><G69/><T48/><D48/><U111/><E0/><V100/><F108/><W117/><G102/><T60/><D60/><U15/><E2/><V85/><F39/><W32/><G117/><T3/><D3/><U79/><E111/><V66/><F106/><W41/><G41/><T17/><D17/><U92/><E49/><V25/><F74/><W4/><G128/><T9/><D9/><U99/><E28/><V71/><REACH who="2" step="1"/><F25/><REACH who="2" ten="310,170,280,220" step="2"/><W59/><G26/><T64/><D64/><U5/><E105/><V130/><F130/><W94/><G24/><T113/><D113/><U81/><E15/><AGARI ba="1,2" hai="7,10,15,37,38,62,66,71,77,82,85,95,97,100" machi="15" ten="30,5800,0" yaku="1,1,7,1,52,1,53,0" doraHai="57" doraHaiUra="47" who="2" fromWho="1" sc="310,0,170,-61,280,81,220,0" /><INIT seed="2,2,0,2,5,25" ten="310,109,361,220" oya="2" hai0="21,15,41,74,51,52,53,110,62,80,87,56,132" hai1="82,96,107,60,47,81,73,5,23,93,100,91,121" hai2="72,11,128,55,24,61,26,31,131,97,42,59,43" hai3="6,13,111,99,115,106,10,33,133,17,123,125,112"/><V37/><F72/><W7/><G106/><T3/><D110/><U63/><E121/><V71/><F26/><W135/><G99/><T75/><D3/><U86/><E5/><N who="3" m="1546" /><G123/><T34/><D34/><U50/><E23/><V90/><F11/><W84/><G84/><T45/><D132/><N who="3" m="50761" /><G111/><T124/><D124/><U8/><E8/><V32/><F71/><W57/><G57/><T120/><D120/><U54/><E82/><V20/><F32/><W70/><G70/><T88/><REACH who="0" step="1"/><D53/><REACH who="0" ten="300,109,361,220" step="2"/><U114/><REACH who="1" step="1"/><E114/><REACH who="1" ten="300,99,361,220" step="2"/><N who="3" m="43562" /><G33/><T85/><D85/><U2/><E2/><V113/><F113/><W105/><G105/><T76/><D76/><AGARI ba="2,2" hai="47,50,54,60,63,73,76,81,86,91,93,96,100,107" machi="76" ten="40,5200,0" yaku="1,1,24,2,53,0" doraHai="25" doraHaiUra="38" who="1" fromWho="0" sc="300,-58,99,78,361,0,220,0" /><INIT seed="3,0,0,0,1,59" ten="242,177,361,220" oya="3" hai0="67,6,20,8,93,79,63,50,101,97,126,90,115" hai1="41,135,45,96,86,76,43,70,73,128,109,122,24" hai2="36,16,13,68,66,64,29,39,3,130,100,35,125" hai3="94,60,30,103,1,26,98,25,12,5,116,33,28"/><W62/><G1/><T31/><D126/><U54/><E122/><V27/><F3/><W15/><G116/><T81/><D115/><U57/><E70/><V89/><F125/><W119/><G119/><T132/><D132/><U51/><E73/><V84/><F130/><W121/><G121/><T92/><D50/><U61/><E135/><V75/><F75/><W2/><G2/><T78/><D81/><U0/><E0/><V107/><F66/><W127/><G127/><T48/><D48/><U131/><E24/><V10/><F84/><W77/><G77/><T34/><D34/><U46/><E86/><V14/><F14/><W80/><G80/><T105/><D105/><U111/><E96/><N who="2" m="61831" /><F89/><W18/><G5/><T56/><D8/><U69/><E69/><V11/><F11/><W65/><G18/><T87/><D6/><U9/><E76/><V91/><F91/><W124/><G124/><T44/><D44/><U40/><E9/><V133/><F133/><W113/><G113/><T17/><REACH who="0" step="1"/><D31/><REACH who="0" ten="232,177,361,220" step="2"/><U32/><E32/><V7/><F7/><W74/><G74/><T134/><D134/><U123/><E123/><V53/><F10/><W110/><G110/><N who="1" m="41994" /><E45/><V88/><F35/><W120/><G120/><T49/><D49/><U117/><E117/><V118/><F118/><W114/><G114/><T83/><D83/><U106/><E106/><V99/><F29/><W82/><G82/><T108/><D108/><U19/><E19/><V112/><F112/><W129/><G30/><T4/><D4/><U22/><E22/><V21/><F21/><W42/><G33/><RYUUKYOKU ba="0,1" sc="232,15,177,15,361,-15,220,-15" hai0="17,20,56,63,67,78,79,87,90,92,93,97,101" hai1="40,41,43,46,51,54,57,61,128,131" /><INIT seed="4,1,1,2,3,55" ten="247,192,346,205" oya="0" hai0="34,42,86,14,107,101,23,73,56,90,8,66,99" hai1="87,25,54,16,115,120,5,130,67,76,104,22,127" hai2="121,75,95,63,125,84,89,133,61,116,40,94,62" hai3="0,78,59,72,70,65,81,18,58,39,98,49,24"/><T132/><D34/><U100/><E120/><V105/><F121/><W44/><G0/><T60/><D73/><U13/><E127/><V96/><F75/><W45/><G39/><T3/><D132/><U109/><E130/><V69/><F105/><W28/><G44/><T29/><D42/><U32/><E67/><V122/><F122/><W124/><G124/><T93/><D3/><U2/><E100/><N who="2" m="60439" /><F125/><W36/><G36/><T135/><D135/><U52/><E104/><V97/><F69/><W12/><G98/><T41/><D41/><U68/><E68/><V9/><F116/><W17/><G65/><T119/><D119/><U80/><E115/><V112/><F112/><W31/><G17/><T92/><D107/><U21/><E21/><V50/><F9/><W79/><G79/><T106/><D106/><U77/><E76/><V10/><F10/><W7/><G7/><T20/><REACH who="0" step="1"/><D29/><REACH who="0" ten="237,192,346,205" step="2"/><N who="1" m="19503" /><E109/><V129/><F133/><W126/><G126/><T123/><D123/><U11/><AGARI ba="1,2" hai="2,5,11,13,16,22,52,54,77,80,87" m="19503" machi="11" ten="30,4000,0" yaku="24,1,54,2" doraHai="55" who="1" fromWho="1" sc="237,-21,192,63,346,-11,205,-11" /><INIT seed="5,0,0,2,1,114" ten="216,255,335,194" oya="1" hai0="39,102,66,7,111,12,113,22,128,79,89,61,70" hai1="117,1,118,9,103,67,101,38,0,109,129,19,33" hai2="17,21,120,86,69,76,34,85,97,14,60,124,107" hai3="37,68,20,41,116,108,16,2,98,104,94,59,75"/><U95/><E38/><V55/><F120/><W57/><G108/><T43/><D113/><U50/><E33/><V92/><F34/><W25/><G68/><T133/><D111/><U100/><E109/><V18/><F107/><W36/><G104/><T125/><D79/><U127/><E129/><V40/><F69/><W73/><G2/><T82/><D133/><U131/><E131/><V26/><F124/><W58/><G116/><T78/><D102/><U5/><E0/><V6/><F6/><W134/><G134/><T62/><D62/><U106/><E106/><V65/><F65/><W64/><G64/><T27/><D89/><U42/><E67/><V88/><F40/><W45/><REACH who="3" step="1"/><G37/><REACH who="3" ten="216,255,335,184" step="2"/><T49/><D39/><U29/><E127/><V135/><F135/><W84/><G84/><T87/><D128/><U119/><E42/><V24/><F76/><W115/><G115/><T52/><D43/><U54/><E19/><V15/><F85/><W10/><G10/><T90/><D125/><U8/><E9/><V51/><F86/><W4/><G4/><T32/><D78/><U48/><E29/><V72/><F72/><W99/><G99/><T96/><D96/><U74/><E74/><V110/><F110/><W130/><G130/><T80/><D7/><U122/><E122/><V93/><F18/><W121/><G121/><T81/><D87/><U123/><E123/><V47/><F97/><W132/><G132/><T105/><D105/><U77/><E77/><V31/><F17/><W53/><G53/><T13/><D52/><U11/><E119/><V56/><F55/><RYUUKYOKU ba="0,1" sc="216,-10,255,-10,335,-10,184,30" hai3="16,20,25,36,41,45,57,58,59,73,75,94,98" /><INIT seed="6,1,1,4,4,42" ten="206,245,325,214" oya="2" hai0="27,61,79,84,47,64,18,110,74,69,28,98,90" hai1="35,20,68,32,131,85,8,117,124,121,25,60,12" hai2="3,17,116,51,108,83,50,0,67,41,112,118,13" hai3="102,97,29,66,93,73,113,107,44,54,76,95,77"/><V33/><F33/><W109/><G109/><T135/><D110/><U21/><E117/><V2/><F108/><W53/><G107/><T55/><D135/><U72/><E72/><V123/><F123/><W19/><G73/><T16/><D98/><U7/><E60/><V87/><F112/><W10/><G29/><T40/><D55/><U96/><E85/><V71/><F50/><N who="3" m="28871" /><G66/><T56/><D69/><U15/><E96/><V26/><F26/><W100/><G113/><T104/><D79/><N who="3" m="30281" /><G54/><T9/><D104/><U43/><E43/><V22/><F67/><W14/><G95/><T6/><D74/><U38/><E38/><V122/><F122/><W31/><G31/><T24/><D24/><U49/><E68/><V130/><F71/><W111/><G111/><T126/><D126/><U11/><E124/><V94/><F94/><W91/><AGARI ba="1,1" hai="10,14,19,91,93,97,100,102" m="30281,28871" machi="91" ten="30,2000,0" yaku="8,1,52,1" doraHai="42" who="3" fromWho="3" sc="206,-6,245,-6,325,-11,214,33" /><INIT seed="7,0,0,4,1,28" ten="200,239,314,247" oya="3" hai0="135,102,112,1,66,4,45,6,63,43,116,39,83" hai1="77,76,59,32,100,10,75,56,36,87,105,88,35" hai2="33,130,118,22,125,133,57,27,38,124,119,65,31" hai3="93,85,42,29,7,47,11,67,19,55,50,91,17"/><W129/><G129/><T12/><D116/><N who="2" m="44586" /><F38/><W24/><G67/><T110/><D110/><U106/><E10/><V51/><F130/><W53/><G17/><T15/><D135/><U3/><E36/><V58/><F133/><W94/><G19/><T61/><D102/><U34/><E3/><V123/><F65/><W20/><REACH who="3" step="1"/><G93/><REACH who="3" ten="200,239,314,237" step="2"/><T62/><D66/><U126/><E106/><V101/><F123/><W64/><G64/><T8/><D112/><U98/><E126/><N who="2" m="48747" /><F101/><W49/><G49/><T90/><REACH who="0" step="1"/><D6/><REACH who="0" ten="190,239,314,237" step="2"/><U5/><E5/><V86/><F51/><W74/><G74/><T2/><D2/><AGARI ba="0,2" hai="2,7,11,20,24,29,42,47,50,53,55,85,91,94" machi="2" ten="30,5800,0" yaku="1,1,7,1,53,1" doraHai="28" doraHaiUra="44" who="3" fromWho="0" sc="190,-58,239,0,314,0,237,78" owari="132,-37.0,239,-16.0,314,11.0,315,42.0" /></mjloggm>