<mjloggm ver="2.3"><GO type="41" lobby="0"/><UN n0="%4B%69%64%61%6D" n1="%E3%82%A8%E3%82%B3%E3%82%A8%E3%82%B3%E3%82%B9%E3%83%A2%E3%83%BC%E3%82%AD" n2="%62%69%6F%73%74%61" n3="%E2%93%9D%53%75%70%68%78" dan="15,14,14,17" rate="1906.63,1919.03,1917.97,2048.94" sx="M,M,M,M"/><TAIKYOKU oya="0"/><INIT seed="0,0,0,5,5,118" ten="250,250,250,250" oya="0" hai0="112,135,20,33,90,62,9,32,65,64,120,2,103" hai1="21,43,102,130,106,23,7,8,81,39,77,57,114" hai2="92,61,100,37,44,12,97,27,126,98,22,125,134" hai3="69,72,85,95,3,10,107,80,115,86,82,74,36"/><T55/><D112/><U11/><E130/><V13/><F134/><W87/><G36/><T19/><D135/><U105/><E114/><V93/><F44/><W53/><G69/><T54/><D103/><U6/><E57/><V89/><F37/><W60/><G60/><T41/><D41/><U35/><E35/><V58/><F126/><W133/><G10/><T91/><D2/><U59/><E59/><V73/><F73/><N who="3" m="28267" /><G53/><T70/><D9/><U34/><E34/><V28/><REACH who="2" step="1"/><F125/><REACH who="2" ten="250,250,240,250" step="2"/><W46/><G46/><T88/><D65/><AGARI ba="0,1" hai="12,13,22,27,28,58,61,65,89,92,93,97,98,100" machi="65" ten="30,12000,2" yaku="1,1,2,1,7,1,25,2,8,1,53,0" doraHai="118" doraHaiUra="75" who="2" fromWho="0" sc="250,-120,250,0,240,130,250,0" /><INIT seed="1,0,0,3,2,91" ten="130,250,370,250" oya="1" hai0="126,87,43,84,95,99,14,82,83,47,130,29,105" hai1="133,35,85,73,70,18,64,57,20,108,63,21,125" hai2="33,5,98,122,31,25,32,123,10,71,94,23,34" hai3="103,135,74,9,80,106,118,13,38,42,7,22,78"/><U67/><E73/><V50/><F71/><W121/><G135/><T116/><D116/><U111/><E35/><V56/><F50/><W41/><G121/><T27/><D126/><U129/><E133/><V131/><F56/><W60/><G118/><T86/><D130/><U113/><E113/><V17/><F31/><W109/><G109/><N who="1" m="42058" /><E125/><V112/><F131/><W115/><G115/><T59/><D105/><U4/><E129/><V81/><F81/><W36/><G22/><T132/><D132/><U54/><E4/><V46/><F46/><W19/><G7/><T117/><D14/><N who="1" m="9303" /><E70/><V12/><REACH who="2" step="1"/><F112/><REACH who="2" ten="130,250,360,250" step="2"/><W0/><G38/><T11/><D117/><U49/><E49/><V134/><F134/><W90/><G36/><T48/><D59/><U58/><E58/><V100/><AGARI ba="0,1" hai="5,10,12,17,23,25,32,33,34,94,98,100,122,123" machi="100" ten="30,7900,0" yaku="1,1,0,1,52,1,53,1" doraHai="91" doraHaiUra="15" who="2" fromWho="2" sc="130,-20,250,-39,360,89,250,-20" /><INIT seed="2,0,0,5,4,50" ten="110,211,449,230" oya="2" hai0="14,120,132,103,112,90,48,30,29,31,78,79,124" hai1="110,107,8,108,115,131,130,70,22,109,58,54,106" hai2="84,47,46,53,92,118,94,17,97,71,88,134,23" hai3="25,96,11,111,24,39,101,34,128,28,65,105,56"/><V38/><F118/><W9/><G39/><T37/><D120/><U35/><E115/><V116/><F116/><W0/><G111/><T19/><D112/><U86/><E35/><V69/><F38/><W74/><G74/><T62/><D132/><U2/><E70/><V122/><F134/><W99/><G128/><N who="1" m="49194" /><E86/><V85/><F122/><W43/><G43/><T26/><D124/><U102/><E22/><V80/><F71/><W52/><G65/><T16/><D37/><U91/><E91/><V57/><F69/><W49/><G0/><T82/><D62/><N who="1" m="36183" /><E102/><N who="2" m="60727" /><F84/><W42/><G42/><T33/><D103/><U89/><E89/><V93/><F93/><W129/><G129/><T72/><D79/><U32/><E32/><V12/><F92/><W20/><REACH who="3" step="1"/><G99/><REACH who="3" ten="110,211,449,220" step="2"/><T127/><D72/><U113/><E113/><V87/><F87/><W100/><G100/><T75/><D127/><U5/><AGARI ba="0,1" hai="2,5,8,106,107,108,109,110" m="36183,49194" machi="5" ten="40,5200,0" yaku="14,1,19,1,52,1" doraHai="50" who="1" fromWho="1" sc="110,-13,211,62,449,-26,220,-13" /><INIT seed="3,0,0,1,2,126" ten="97,273,423,207" oya="3" hai0="43,133,47,124,61,25,88,0,99,110,77,58,29" hai1="123,13,66,87,75,53,135,80,17,2,57,36,102" hai2="101,64,67,18,60,78,117,54,114,121,56,10,16" hai3="62,128,23,42,115,3,39,111,11,72,52,90,95"/><W70/><G115/><T130/><D124/><U108/><E123/><V132/><F117/><W14/><G72/><T9/><D110/><U120/><E120/><V112/><F121/><W109/><G3/><T30/><D77/><U94/><E2/><V51/><F78/><W31/><G42/><T26/><D133/><U113/><E108/><N who="3" m="41546" /><G39/><T40/><D0/><U21/><E113/><V65/><F132/><W100/><G100/><T50/><D9/><U69/><E36/><V129/><F112/><W79/><G79/><T119/><D119/><U118/><E118/><V22/><F10/><W15/><G70/><T89/><D43/><U46/><E75/><V86/><F101/><W12/><G128/><T98/><D130/><U107/><E107/><V48/><F129/><W7/><G23/><T125/><D125/><U81/><E69/><V35/><F35/><W103/><G31/><N who="0" m="11787" /><D98/><U19/><E135/><V104/><F104/><W116/><G103/><T134/><D134/><U20/><E102/><V45/><F114/><W106/><G106/><T71/><D71/><U4/><E21/><V105/><F105/><W55/><G116/><T59/><D99/><U1/><E1/><V82/><F22/><W27/><G27/><N who="0" m="10251" /><D59/><U28/><E28/><V92/><F82/><W68/><G11/><T34/><D34/><U38/><E38/><V83/><F83/><W32/><G32/><T131/><D131/><U97/><E81/><V74/><F74/><W93/><G93/><T73/><D73/><U76/><E80/><V127/><F92/><W63/><G68/><T44/><D44/><RYUUKYOKU ba="0,0" sc="97,30,273,-10,423,-10,207,-10" hai0="40,47,50,58,61,88,89" /><INIT seed="4,1,0,0,4,77" ten="127,263,413,197" oya="0" hai0="15,5,17,7,135,60,18,113,24,110,47,78,80" hai1="59,65,67,128,97,35,30,133,54,85,105,52,45" hai2="20,126,23,2,100,129,118,66,29,31,33,9,98" hai3="26,79,72,116,87,51,76,134,58,106,104,46,130"/><T74/><D113/><U4/><E133/><V102/><F118/><W108/><G108/><T99/><D135/><U70/><E128/><V132/><F132/><W6/><G116/><T112/><D112/><U103/><E4/><V122/><F122/><W131/><G58/><T64/><D110/><U93/><E70/><V25/><F129/><N who="3" m="49163" /><G6/><T96/><D47/><U28/><E105/><N who="3" m="40554" /><G72/><T95/><D24/><U84/><E35/><V1/><F66/><N who="1" m="25097" /><E45/><V61/><F61/><W123/><G123/><T37/><D18/><U39/><E39/><V62/><F62/><W88/><G26/><T41/><D60/><N who="1" m="35943" /><E54/><V43/><F43/><N who="3" m="25055" /><G134/><T115/><D115/><U121/><E121/><V12/><F25/><W16/><G16/><T21/><D64/><U48/><E48/><V22/><F31/><AGARI ba="1,0" hai="28,30,31,84,85,93,97,103" m="35943,25097" machi="31" ten="30,2000,0" yaku="8,1,54,1" doraHai="77" who="1" fromWho="2" sc="127,0,263,23,413,-23,197,0" /><INIT seed="5,0,0,4,5,113" ten="127,286,390,197" oya="1" hai0="3,67,58,55,65,80,20,90,39,99,14,66,48" hai1="126,101,12,68,7,46,45,16,38,15,5,6,106" hai2="64,13,59,47,86,40,114,125,41,87,22,111,57" hai3="115,84,73,50,42,33,0,28,124,102,103,85,23"/><U120/><E68/><V9/><F111/><W34/><G73/><T130/><D130/><U27/><E120/><V60/><F125/><W53/><G0/><T109/><D109/><U132/><E126/><V1/><F1/><W36/><G36/><T10/><D39/><U54/><E132/><V4/><F114/><W100/><G42/><N who="2" m="16489" /><F47/><W122/><G122/><T108/><D108/><U26/><E38/><V128/><F128/><W117/><G117/><T82/><D3/><U17/><E106/><V123/><F123/><W63/><G63/><T18/><D99/><U44/><E54/><N who="2" m="33847" /><F22/><W51/><G115/><T89/><REACH who="0" step="1"/><D10/><REACH who="0" ten="117,286,390,197" step="2"/><N who="1" m="6295" /><E101/><V62/><AGARI ba="0,1" hai="4,9,13,59,62,64,86,87" m="33847,16489" machi="62" ten="30,1100,0" yaku="8,1" doraHai="113" who="2" fromWho="2" sc="117,-3,286,-5,390,21,197,-3" /><INIT seed="6,0,0,2,4,63" ten="114,281,411,194" oya="2" hai0="20,117,38,131,106,121,134,129,72,90,68,78,23" hai1="132,5,89,6,42,67,77,19,11,69,126,4,45" hai2="71,32,25,59,70,58,92,114,36,40,39,84,47" hai3="73,15,49,83,88,104,127,52,119,81,80,101,98"/><V22/><F32/><W1/><G1/><T91/><D38/><N who="2" m="14378" /><F92/><W57/><G119/><T113/><D121/><U62/><E132/><V50/><F84/><W76/><G127/><T53/><D68/><N who="2" m="26154" /><F22/><W16/><REACH who="3" step="1"/><G88/><REACH who="3" ten="114,281,411,184" step="2"/><T85/><D117/><U29/><E89/><V105/><F114/><W0/><G0/><T28/><D113/><U44/><E126/><V66/><F105/><W123/><G123/><T14/><D134/><U31/><E4/><V41/><F25/><W107/><G107/><T3/><D3/><U111/><E5/><V8/><F8/><AGARI ba="0,1" hai="8,15,16,49,52,57,73,76,80,81,83,98,101,104" machi="8" ten="30,7700,0" yaku="1,1,7,1,54,2,53,0" doraHai="63" doraHaiUra="122" who="3" fromWho="2" sc="114,0,281,0,411,-77,184,87" /><INIT seed="7,0,0,4,5,91" ten="114,281,334,271" oya="3" hai0="100,54,14,98,71,90,83,97,85,40,121,110,13" hai1="76,24,112,38,84,89,118,114,44,18,2,47,117" hai2="102,67,35,131,49,57,51,74,17,19,31,36,109" hai3="12,60,48,123,7,122,134,0,52,81,130,56,62"/><W6/><G0/><T126/><D126/><U46/><E38/><V26/><F109/><W64/><G130/><T9/><D121/><U27/><E2/><V4/><F74/><W69/><G134/><T75/><D110/><U15/><E76/><V87/><F36/><W58/><G81/><T128/><D128/><U88/><E89/><V119/><F4/><W30/><G30/><T125/><D125/><U104/><E104/><V39/><F39/><W59/><G7/><T107/><D71/><U86/><E86/><V25/><F87/><W93/><G93/><T20/><D40/><U127/><E127/><V22/><F102/><W37/><G37/><T94/><D20/><U33/><E33/><V133/><F119/><N who="1" m="45577" /><E15/><V120/><F120/><N who="3" m="46123" /><G12/><T32/><D32/><U103/><E103/><V5/><F5/><W29/><G29/><T105/><D54/><U3/><E3/><V61/><F133/><W10/><G10/><T8/><D14/><U95/><E18/><V108/><F108/><W101/><G101/><T50/><D50/><U80/><E80/><V23/><F131/><W77/><G77/><T34/><D34/><U28/><E28/><V135/><F135/><W68/><G6/><T42/><D42/><U113/><AGARI ba="0,0" hai="24,27,44,46,47,84,88,95,112,113,114" m="45577" machi="113" ten="40,8000,1" yaku="15,1,12,1,52,1,54,1" doraHai="91" who="1" fromWho="1" sc="114,-20,281,80,334,-20,271,-40" owari="94,-41.0,361,47.0,314,11.0,231,-17.0" /></mjloggm>