<mjloggm ver="2.3"><GO type="41" lobby="0"/><UN n0="%E5%A4%A7%EF%BC%99" n1="%69%35%30%35" n2="%E2%93%9D%53%75%70%68%78" n3="%E3%82%B5%E3%83%96%E3%82%A2%E3%83%A9%E3%83%89" dan="14,14,18,15" rate="1921.67,1848.35,2151.67,1976.00" sx="M,M,M,M"/><TAIKYOKU oya="0"/><INIT seed="0,0,0,0,0,17" ten="250,250,250,250" oya="0" hai0="23,14,100,132,47,41,56,49,1,51,88,22,80" hai1="125,54,119,72,53,16,21,45,60,135,28,105,85" hai2="89,5,73,79,50,67,115,114,93,102,70,64,20" hai3="108,109,59,126,84,116,6,25,13,35,46,74,99"/><T124/><D1/><U65/><E72/><V107/><F5/><W26/><G74/><T90/><D124/><U0/><E0/><V106/><F50/><W75/><G75/><T68/><D68/><U37/><E125/><V98/><F67/><W87/><G116/><T4/><D100/><U8/><E135/><V52/><F52/><W121/><G121/><T27/><D132/><U91/><E105/><V92/><F20/><W57/><G99/><T29/><D80/><U82/><E119/><V11/><F11/><W97/><G97/><T66/><D4/><U69/><E28/><V94/><F64/><W30/><G46/><T61/><D51/><U103/><E103/><V38/><F38/><W32/><G126/><T18/><AGARI ba="0,0" hai="14,18,22,23,27,29,41,47,49,56,61,66,88,90" machi="18" ten="30,12000,1" yaku="0,1,8,1,52,2,54,1" doraHai="17" who="0" fromWho="0" sc="250,120,250,-40,250,-40,250,-40" /><INIT seed="0,1,0,1,4,111" ten="370,210,210,210" oya="0" hai0="115,15,83,18,59,135,121,34,128,0,2,70,125" hai1="97,22,114,129,9,102,56,96,94,90,42,1,89" hai2="104,106,109,64,46,77,40,32,66,20,65,49,14" hai3="29,23,126,5,44,30,91,53,36,45,55,98,48"/><T58/><D83/><U84/><E42/><V73/><F32/><W71/><G71/><T26/><D70/><U68/><E68/><V103/><F109/><W123/><G123/><T81/><D121/><U124/><E22/><V132/><F132/><W17/><G5/><T79/><D135/><U39/><E39/><V8/><F103/><W50/><G126/><T113/><D125/><U93/><E124/><V117/><F117/><W100/><G36/><T13/><D81/><U118/><E56/><N who="0" m="21545" /><D26/><U4/><E118/><V80/><REACH who="2" step="1"/><F20/><REACH who="2" ten="370,210,200,210" step="2"/><W87/><G100/><T120/><D34/><U127/><E127/><V119/><F119/><W116/><G116/><T61/><D120/><U75/><E129/><V25/><F25/><W19/><G98/><T88/><D128/><U101/><E75/><V63/><F63/><W51/><G51/><T67/><D61/><U7/><E9/><V122/><F122/><W82/><G17/><AGARI ba="1,1" hai="8,14,17,40,46,49,64,65,66,73,77,80,104,106" machi="17" ten="40,2600,0" yaku="1,1,53,1" doraHai="111" doraHaiUra="76" who="2" fromWho="3" sc="370,0,210,0,200,39,210,-29" /><INIT seed="1,0,0,2,1,62" ten="370,210,239,181" oya="1" hai0="26,79,84,71,33,11,133,105,57,122,51,43,16" hai1="47,38,21,68,106,73,45,61,128,88,93,111,36" hai2="52,78,108,44,54,127,135,87,91,0,35,22,99" hai3="85,98,101,92,74,81,67,30,90,25,116,124,15"/><U66/><E106/><V59/><F35/><W8/><G124/><T97/><D71/><U9/><E73/><V12/><F0/><W14/><G116/><T134/><D122/><U60/><E128/><V65/><F108/><W27/><G74/><T94/><D105/><U18/><E9/><V123/><F135/><W19/><G15/><T126/><D126/><U115/><E115/><V53/><F123/><W24/><REACH who="3" step="1"/><G67/><REACH who="3" ten="370,210,239,171" step="2"/><T131/><D131/><U103/><E111/><V50/><F127/><W5/><G5/><T63/><D134/><U89/><E38/><V110/><F110/><W70/><G70/><T112/><D133/><U109/><E109/><V1/><F1/><W37/><G37/><T31/><D112/><U72/><E72/><V41/><F65/><W100/><G100/><T120/><D120/><U117/><E117/><V114/><F114/><W4/><G4/><T3/><D3/><U77/><E36/><V13/><F13/><W107/><G107/><T39/><D39/><U46/><E68/><V125/><F125/><W113/><G113/><T34/><D34/><AGARI ba="0,1" hai="8,14,19,24,25,27,30,34,81,85,90,92,98,101" machi="34" ten="30,3900,0" yaku="1,1,7,1,53,1" doraHai="62" doraHaiUra="29" who="3" fromWho="0" sc="370,-39,210,0,239,0,171,49" /><INIT seed="2,0,0,3,2,14" ten="331,210,239,220" oya="2" hai0="0,10,94,67,22,44,126,127,32,106,55,13,8" hai1="12,105,112,47,59,57,81,38,97,85,107,3,95" hai2="119,70,54,63,131,104,116,19,66,129,75,60,58" hai3="11,134,1,90,74,6,79,99,52,86,43,108,26"/><V130/><F104/><W15/><G108/><T46/><D106/><U96/><E3/><V28/><F28/><W80/><G134/><T114/><D114/><U65/><E112/><V17/><REACH who="2" step="1"/><F75/><REACH who="2" ten="331,210,229,220" step="2"/><W123/><G74/><T45/><D127/><U120/><E107/><V111/><F111/><W25/><G123/><T125/><D125/><U16/><E120/><V73/><F73/><W110/><G110/><T135/><D135/><U18/><E105/><V83/><F83/><W5/><G1/><T121/><D0/><U93/><E81/><V133/><F133/><W113/><G113/><T128/><D121/><U71/><E85/><V77/><F77/><W24/><G79/><T23/><D126/><U39/><E71/><V50/><F50/><W33/><G99/><T48/><D94/><U56/><E65/><V61/><F61/><W21/><G33/><T109/><D109/><U117/><E117/><AGARI ba="0,1" hai="17,19,54,58,60,63,66,70,116,117,119,129,130,131" machi="117" ten="50,18000,2" yaku="1,1,19,1,52,2,53,3" doraHai="14" doraHaiUra="115" who="2" fromWho="1" sc="331,0,210,-180,229,190,220,0" /><INIT seed="2,1,0,5,4,134" ten="331,30,419,220" oya="2" hai0="88,41,74,127,113,104,26,66,135,33,83,101,99" hai1="48,98,17,69,38,8,100,78,55,3,68,25,30" hai2="115,50,13,128,103,40,129,31,9,124,75,53,61" hai3="130,84,29,64,91,51,10,14,77,43,12,72,6"/><V37/><F115/><W57/><G130/><N who="2" m="50281" /><F75/><W95/><G77/><T47/><D135/><U28/><E38/><V44/><F103/><W80/><G72/><T67/><D113/><U15/><E78/><V122/><F31/><W125/><G125/><T21/><D33/><U42/><E42/><V56/><F122/><W106/><G106/><T112/><D112/><U5/><E30/><V79/><F79/><W132/><G132/><T126/><D74/><U24/><E24/><V1/><F1/><W87/><G29/><T52/><D52/><U62/><E62/><V131/><F131/><W97/><G80/><T94/><D83/><U105/><E48/><V81/><F81/><W4/><G64/><T85/><D21/><U23/><REACH who="1" step="1"/><E55/><REACH who="1" ten="331,20,419,220" step="2"/><V118/><F37/><W54/><G43/><T65/><REACH who="0" step="1"/><D26/><REACH who="0" ten="321,20,419,220" step="2"/><U49/><E49/><AGARI ba="1,2" hai="41,47,49,65,66,67,85,88,94,99,101,104,126,127" machi="49" ten="40,8000,1" yaku="1,1,2,1,52,2,54,1,53,0" doraHai="134" doraHaiUra="71" who="0" fromWho="1" sc="321,103,20,-83,419,0,220,0" owari="424,52.0,-63,-56.0,419,22.0,220,-18.0" /></mjloggm>