<mjloggm ver="2.3"><GO type="41" lobby="0"/><UN n0="%E2%93%9D%53%75%70%68%78" n1="%48%41%43%4F" n2="%E9%81%A0%E5%88%88%E7%94%B0%E6%B8%A9%E6%B3%89%E3%83%BB%E6%BF%80%E7%86%B1" n3="%E3%81%AA%E3%81%8E%E3%81%BC%E3%81%8F" dan="18,14,15,15" rate="2099.47,1976.31,2015.18,1980.13" sx="M,M,M,M"/><TAIKYOKU oya="0"/><INIT seed="0,0,0,5,0,12" ten="250,250,250,250" oya="0" hai0="31,68,113,116,6,73,102,125,119,134,18,100,71" hai1="60,13,34,30,67,19,17,53,58,109,11,101,86" hai2="135,103,61,20,49,8,120,22,124,62,5,99,35" hai3="50,33,126,82,78,118,42,83,47,128,65,66,63"/><T117/><D6/><N who="1" m="3319" /><E34/><V69/><F120/><W90/><G118/><T79/><D31/><U105/><E105/><V1/><F35/><W112/><G112/><T10/><D113/><U25/><E109/><V88/><F124/><W55/><G33/><T45/><D125/><U129/><E129/><V46/><F135/><W108/><G108/><T93/><D134/><U127/><E101/><V123/><F123/><W48/><G126/><T54/><D79/><U72/><E72/><V29/><F69/><W133/><G133/><T44/><D73/><U21/><E127/><V89/><F62/><W52/><G42/><T40/><D93/><U15/><E15/><V14/><F61/><W39/><G39/><T80/><D80/><U32/><E32/><V115/><F115/><W64/><G128/><T131/><D131/><U121/><E121/><V57/><F57/><N who="3" m="36975" /><G78/><T43/><D119/><U98/><E98/><V95/><F22/><W0/><G0/><T130/><D130/><U77/><E53/><N who="2" m="29879" /><F1/><W92/><G66/><T111/><D111/><U36/><E36/><V87/><F87/><N who="3" m="52319" /><G65/><T27/><D54/><U9/><E9/><V2/><F2/><W106/><G106/><T26/><REACH who="0" step="1"/><D10/><REACH who="0" ten="240,250,250,250" step="2"/><U38/><E77/><V81/><F81/><W84/><G83/><T97/><D97/><U114/><E86/><V76/><F76/><N who="3" m="46151" /><G55/><T24/><D24/><AGARI ba="0,1" hai="5,8,14,20,24,29,88,89,95,99,103" m="29879" machi="24" ten="30,2000,0" yaku="8,1,54,1" doraHai="12" who="2" fromWho="0" sc="240,-20,250,0,250,30,250,0" /><INIT seed="1,0,0,1,5,90" ten="220,250,280,250" oya="1" hai0="105,45,7,125,11,4,61,66,30,67,19,86,127" hai1="111,101,50,54,0,108,16,109,119,104,24,46,131" hai2="129,122,74,28,3,12,36,8,21,5,26,31,102" hai3="64,38,69,79,65,81,85,106,40,87,88,135,89"/><U33/><E119/><V57/><F36/><W53/><G135/><T126/><D105/><U42/><E131/><V10/><F74/><W60/><G106/><T32/><D30/><N who="2" m="11306" /><F102/><W34/><G34/><T14/><D32/><U95/><E33/><V49/><F57/><W99/><G64/><T13/><D67/><U27/><E104/><V35/><F49/><W51/><G38/><T132/><D132/><U91/><E101/><V48/><F48/><W97/><G40/><T123/><D123/><U124/><E124/><V58/><F58/><W84/><G79/><T107/><D107/><U77/><E0/><V96/><F96/><W92/><REACH who="3" step="1"/><G84/><REACH who="3" ten="220,250,280,240" step="2"/><T56/><D86/><N who="1" m="52727" /><E77/><V98/><F35/><W9/><G9/><T39/><REACH who="0" step="1"/><D14/><REACH who="0" ten="210,250,280,240" step="2"/><U55/><E27/><V133/><F12/><W112/><G112/><T93/><D93/><U59/><E59/><AGARI ba="0,2" hai="51,53,59,60,65,69,81,85,87,88,89,92,97,99" machi="59" ten="30,7700,0" yaku="1,1,7,1,52,1,54,1,53,0" doraHai="90" doraHaiUra="116" who="3" fromWho="1" sc="210,0,250,-77,280,0,240,97" /><INIT seed="2,0,0,5,1,122" ten="210,173,280,337" oya="2" hai0="80,85,75,125,29,99,53,1,113,58,93,131,74" hai1="45,92,101,121,63,16,127,108,56,2,50,90,120" hai2="61,104,43,71,114,130,32,98,25,116,38,112,52" hai3="65,30,134,4,76,54,9,119,129,17,19,69,77"/><V49/><F116/><W22/><G119/><T5/><D113/><U31/><E2/><V14/><F130/><W103/><G129/><T81/><D131/><U117/><E117/><V11/><F38/><W47/><G134/><T133/><D29/><U46/><E31/><V88/><F43/><W10/><G30/><T21/><D125/><U44/><E127/><V100/><F32/><W66/><G103/><T135/><D21/><U70/><E101/><V79/><F79/><W95/><G95/><T126/><D5/><U33/><E33/><V18/><F25/><W41/><G54/><T8/><D8/><U94/><E94/><V110/><F110/><W97/><G97/><T83/><D1/><U55/><E92/><V73/><F73/><W6/><G69/><T105/><D58/><N who="1" m="33143" /><E90/><V35/><F35/><W132/><G132/><N who="0" m="50763" /><D53/><N who="1" m="34191" /><E16/><V118/><F118/><W40/><G22/><T13/><D13/><U48/><E70/><V111/><F111/><W24/><G24/><T23/><D23/><U91/><E91/><V86/><F71/><W124/><G124/><T84/><D126/><U7/><E7/><V27/><F27/><W96/><G96/><T102/><D93/><U34/><E34/><V82/><REACH who="2" step="1"/><F61/><REACH who="2" ten="210,173,270,337" step="2"/><W128/><G128/><T37/><D37/><U57/><E108/><V123/><F123/><N who="1" m="47177" /><E57/><AGARI ba="0,1" hai="11,14,18,49,52,57,82,86,88,98,100,104,112,114" machi="57" ten="30,11600,0" yaku="1,1,7,1,54,2,53,0" doraHai="122" doraHaiUra="42" who="2" fromWho="1" sc="210,0,173,-116,270,126,337,0" /><INIT seed="2,1,0,5,0,71" ten="210,57,396,337" oya="2" hai0="99,26,11,121,28,63,112,82,79,90,83,12,22" hai1="0,108,47,50,107,127,133,67,130,98,84,31,68" hai2="18,85,117,1,74,19,25,42,77,113,10,88,129" hai3="66,21,75,32,35,45,86,20,70,59,89,102,27"/><V37/><F113/><W54/><G75/><T23/><D121/><U58/><E0/><V122/><F122/><W62/><G102/><T43/><D112/><U87/><E130/><V57/><F117/><W2/><G45/><T73/><D43/><U134/><E127/><V52/><F129/><W93/><G2/><T29/><D63/><U16/><E31/><V44/><F74/><W61/><REACH who="3" step="1"/><G21/><REACH who="3" ten="210,57,396,327" step="2"/><T3/><D23/><U131/><E131/><V8/><F1/><W97/><G97/><T17/><D3/><U81/><E98/><V106/><F106/><W126/><G126/><T95/><REACH who="0" step="1"/><D83/><REACH who="0" ten="200,57,396,327" step="2"/><U24/><E81/><N who="2" m="49199" /><F10/><W13/><G13/><T92/><D92/><U69/><E107/><V34/><F8/><W105/><G105/><T100/><D100/><U14/><E24/><V36/><F25/><W49/><G49/><T46/><D46/><U41/><E134/><V60/><F44/><W124/><G124/><T6/><AGARI ba="1,2" hai="6,11,12,17,22,26,28,29,73,79,82,90,95,99" machi="6" ten="20,2700,0" yaku="1,1,0,1,7,1,53,0" doraHai="71" doraHaiUra="65" who="0" fromWho="0" sc="200,50,57,-8,396,-14,327,-8" /><INIT seed="3,0,0,3,4,80" ten="250,49,382,319" oya="3" hai0="16,32,54,62,51,87,104,26,98,118,112,107,88" hai1="76,89,90,74,60,9,68,86,31,85,84,37,14" hai2="126,113,33,47,39,24,43,134,55,95,75,29,103" hai3="97,72,110,66,117,6,91,41,2,77,64,130,10"/><W114/><G114/><T5/><D118/><U79/><E37/><V135/><F113/><W30/><G117/><T53/><D112/><U0/><E0/><V123/><F123/><W82/><G130/><T59/><D5/><U46/><E74/><V109/><F109/><W116/><G116/><T133/><D133/><N who="2" m="50698" /><F126/><W17/><G30/><T48/><D32/><U34/><E34/><V119/><F119/><W115/><G115/><T50/><D98/><U25/><E68/><V8/><F75/><W125/><G125/><T1/><D1/><U44/><E60/><V28/><F55/><W106/><G110/><T99/><D99/><U56/><E56/><V40/><F8/><W100/><G17/><T11/><D54/><U92/><E25/><V45/><F103/><W131/><G131/><T102/><D102/><U15/><E31/><N who="2" m="19687" /><F95/><W94/><REACH who="3" step="1"/><G41/><REACH who="3" ten="250,49,382,309" step="2"/><T23/><REACH who="0" step="1"/><D11/><REACH who="0" ten="240,49,382,309" step="2"/><U101/><E101/><V78/><F43/><W128/><G128/><T4/><D4/><N who="1" m="3367" /><E15/><V67/><F40/><W57/><G57/><T73/><D73/><U18/><E18/><V65/><F29/><W81/><G81/><AGARI ba="0,2" hai="16,23,26,48,50,51,53,59,62,81,87,88,104,107" machi="81" ten="40,8000,1" yaku="1,1,52,1,54,2,53,0" doraHai="80" doraHaiUra="69" who="0" fromWho="3" sc="240,100,49,0,382,0,309,-80" /><INIT seed="4,0,0,2,2,27" ten="340,49,382,229" oya="0" hai0="59,24,72,4,86,97,122,38,83,34,76,62,6" hai1="12,123,1,78,13,11,23,99,117,85,10,60,66" hai2="115,25,101,73,50,125,102,107,80,89,63,47,105" hai3="52,88,95,30,120,3,134,41,93,40,113,79,8"/><T96/><D122/><U130/><E117/><V56/><F115/><W0/><G120/><T29/><D38/><U82/><E130/><V131/><F131/><W26/><G113/><T46/><D72/><U129/><E129/><V37/><F37/><W68/><G79/><T20/><D34/><U9/><E123/><V28/><F125/><W44/><G68/><T42/><D46/><U133/><E133/><V135/><F135/><W114/><G114/><T126/><D42/><U51/><E1/><V108/><F108/><W112/><G112/><T91/><D126/><U61/><E51/><V7/><F7/><N who="0" m="2602" /><D76/><U100/><E23/><N who="2" m="15423" /><F73/><W109/><G109/><T19/><D19/><U121/><E121/><V16/><F107/><W103/><G8/><T58/><D58/><U15/><REACH who="1" step="1"/><E66/><AGARI ba="0,0" hai="20,24,29,59,62,66,83,86,91,96,97" m="2602" machi="66" ten="30,2900,0" yaku="8,1,52,1" doraHai="27" who="0" fromWho="1" sc="340,29,49,-29,382,0,229,0" /><INIT seed="4,1,0,3,1,119" ten="369,20,382,229" oya="0" hai0="17,100,122,42,43,121,9,83,82,65,46,72,3" hai1="111,125,114,123,92,60,51,76,84,66,75,59,126" hai2="69,32,54,86,104,58,101,18,21,16,48,132,63" hai3="7,27,96,30,98,87,88,134,130,31,112,68,39"/><T22/><D100/><U62/><E75/><V44/><F32/><W73/><G73/><T37/><D43/><U12/><E76/><V41/><F132/><W13/><G39/><T131/><D83/><U67/><E84/><V107/><F69/><W102/><G68/><T115/><D65/><U116/><E92/><V52/><F18/><W71/><G71/><T19/><D115/><U38/><E12/><V89/><F101/><W91/><G134/><T103/><D131/><U14/><E14/><V94/><REACH who="2" step="1"/><F41/><REACH who="2" ten="369,20,372,229" step="2"/><W23/><G130/><T110/><D19/><U109/><E116/><V70/><F70/><W36/><G102/><T78/><D103/><U97/><E114/><V106/><F106/><W20/><G112/><T79/><D110/><U81/><E38/><V117/><F117/><W124/><G36/><T105/><D105/><U74/><E111/><V28/><F28/><W113/><G30/><T50/><D79/><N who="1" m="44279" /><E109/><V15/><AGARI ba="1,1" hai="15,16,21,44,48,52,54,58,63,86,89,94,104,107" machi="15" ten="20,12000,2" yaku="1,1,0,1,7,1,54,2,53,1" doraHai="119" doraHaiUra="85" who="2" fromWho="2" sc="369,-61,20,-31,372,133,229,-31" owari="308,11.0,-11,-51.0,505,60.0,198,-20.0" /></mjloggm>