<mjloggm ver="2.3"><GO type="41" lobby="0"/><UN n0="%73%68%69%6E%6F" n1="%E2%93%9D%53%75%70%68%78" n2="%E5%A4%8F%E3%81%AE%E3%83%A2%E3%82%BA" n3="%E6%8E%A5%E7%B7%9A%4C" dan="14,18,14,15" rate="1928.60,2101.42,1936.19,2031.37" sx="M,M,M,M"/><TAIKYOKU oya="0"/><INIT seed="0,0,0,2,5,66" ten="250,250,250,250" oya="0" hai0="110,91,3,90,79,107,96,5,133,63,11,10,78" hai1="97,13,49,34,74,126,130,76,87,47,115,69,39" hai2="35,113,23,81,17,119,52,82,85,111,29,103,30" hai3="7,75,8,62,73,38,36,15,134,88,48,65,72"/><T83/><D133/><U89/><E34/><V105/><F113/><W98/><G134/><T122/><D122/><U93/><E39/><V37/><F111/><W0/><G48/><T19/><D110/><U124/><E130/><V108/><F108/><W40/><G40/><T61/><D79/><U26/><E26/><V100/><F119/><W22/><G22/><T44/><D44/><U109/><E109/><V9/><F37/><W84/><G98/><T46/><D46/><U68/><E74/><V92/><F105/><W70/><REACH who="3" step="1"/><G0/><REACH who="3" ten="250,250,250,240" step="2"/><T21/><D11/><U27/><E49/><V116/><F9/><W2/><G2/><T102/><D63/><U106/><E97/><V56/><F23/><W104/><G104/><T123/><D61/><U112/><E106/><V53/><F116/><W18/><G18/><T128/><D128/><U42/><E115/><V80/><F17/><W99/><G99/><T59/><D123/><U16/><E112/><V55/><F35/><W58/><G58/><T28/><D59/><U41/><E41/><V114/><F114/><W24/><G24/><T118/><D118/><U129/><E27/><V131/><F131/><W64/><G64/><T127/><D28/><U1/><E129/><V121/><F29/><W132/><G132/><T67/><D67/><U117/><E117/><V25/><F25/><W33/><G33/><T14/><REACH who="0" step="1"/><D127/><REACH who="0" ten="240,250,250,240" step="2"/><U57/><E126/><V77/><F30/><W71/><G71/><T31/><D31/><U101/><E124/><V120/><F120/><W94/><AGARI ba="0,2" hai="7,8,15,36,38,62,65,70,72,73,75,84,88,94" machi="94" ten="30,7900,0" yaku="1,1,0,1,52,1,54,1,53,0" doraHai="66" doraHaiUra="43" who="3" fromWho="3" sc="240,-39,250,-20,250,-20,240,99" /><INIT seed="1,0,0,4,3,80" ten="201,230,230,339" oya="1" hai0="72,132,26,130,59,9,38,7,82,129,51,88,113" hai1="123,25,83,68,115,98,64,91,65,48,100,69,2" hai2="117,34,20,35,44,54,124,18,134,101,5,119,108" hai3="133,12,75,32,27,77,107,97,85,31,52,114,121"/><U71/><E123/><V102/><F108/><W14/><G114/><T94/><D38/><U49/><E2/><V21/><F124/><W10/><G133/><T40/><D113/><U16/><E115/><V60/><F134/><W116/><G75/><T66/><D132/><U112/><E112/><V104/><F5/><W57/><G116/><T33/><D72/><U17/><E91/><V127/><F127/><W3/><G121/><T1/><D82/><U29/><E83/><V67/><F104/><W13/><G77/><T63/><D40/><U36/><E36/><V109/><F109/><W42/><G42/><T76/><D76/><U46/><E65/><V122/><F122/><W43/><G43/><T24/><D51/><U131/><E64/><V89/><F89/><W96/><G107/><T0/><D0/><U37/><E131/><N who="0" m="50185" /><D33/><U79/><E37/><V95/><F35/><W105/><G105/><T106/><D106/><U8/><E79/><V53/><F34/><W62/><REACH who="3" step="1"/><G85/><AGARI ba="0,0" hai="1,7,9,24,26,59,63,66,85,88,94" m="50185" machi="85" ten="30,3900,0" yaku="19,1,52,1,54,1" doraHai="80" who="0" fromWho="3" sc="201,39,230,0,230,0,339,-39" /><INIT seed="2,0,0,2,5,7" ten="240,230,230,300" oya="2" hai0="107,115,50,4,9,135,48,36,32,2,104,134,27" hai1="111,95,127,80,87,1,25,73,120,69,100,124,15" hai2="126,84,5,12,122,6,23,121,131,26,101,89,103" hai3="85,74,81,68,29,52,65,133,40,90,38,34,97"/><V77/><F126/><N who="1" m="48169" /><E15/><V75/><F131/><W17/><G40/><T112/><D36/><U51/><E25/><V60/><F77/><W70/><G38/><T24/><D50/><U35/><E1/><V106/><F75/><W94/><G65/><T125/><D48/><U96/><E35/><V56/><F106/><N who="0" m="40490" /><D125/><U118/><E69/><V10/><F5/><W88/><G133/><N who="0" m="50699" /><D27/><U93/><E51/><V105/><F105/><W46/><G74/><T44/><D44/><U33/><E33/><V45/><F45/><W102/><G46/><T82/><D82/><U42/><E42/><V21/><F122/><W58/><G102/><N who="2" m="38921" /><F26/><W123/><G123/><T108/><D108/><U53/><E111/><V47/><F47/><W57/><G57/><T128/><D128/><U20/><E120/><V114/><F114/><W76/><G34/><T11/><D11/><U31/><E73/><V79/><F79/><W8/><G76/><T28/><AGARI ba="0,0" hai="2,4,9,24,28,32,112,115" m="50699,40490" machi="28" ten="40,5200,0" yaku="20,1,23,1,52,1" doraHai="7" who="0" fromWho="0" sc="240,52,230,-13,230,-26,300,-13" /><INIT seed="3,0,0,3,3,23" ten="292,217,204,287" oya="3" hai0="111,88,90,93,110,29,113,17,7,20,97,61,42" hai1="51,109,2,119,41,103,14,8,116,18,120,77,64" hai2="135,59,91,50,112,21,118,73,101,84,130,39,89" hai3="126,96,99,31,92,13,79,32,10,133,9,4,68"/><W98/><G126/><T5/><D29/><U70/><E120/><V26/><F118/><N who="1" m="45097" /><E103/><V125/><F112/><W54/><G68/><T127/><D42/><U38/><E77/><V131/><F39/><W53/><G133/><T43/><D43/><U19/><E2/><V0/><F73/><W45/><G79/><T123/><D123/><U74/><E109/><N who="0" m="41481" /><D127/><U80/><E80/><V60/><F50/><W47/><G10/><T83/><D113/><U11/><E74/><V12/><F135/><W82/><G82/><T67/><D90/><U102/><E102/><V48/><F0/><W57/><G92/><T108/><D83/><U63/><E11/><V121/><F48/><W124/><G124/><T86/><D86/><U62/><E51/><V114/><F121/><W56/><G32/><T94/><D94/><U104/><E104/><V81/><F114/><W87/><G87/><T75/><N who="0" m="41489" /><T27/><DORA hai="65" /><D75/><U115/><E115/><V105/><F12/><W107/><G31/><T1/><D1/><U78/><E78/><N who="2" m="46135" /><F101/><W122/><G107/><T16/><D17/><N who="1" m="8391" /><E63/><V71/><F105/><W22/><G122/><T37/><D37/><U69/><E69/><AGARI ba="0,0" hai="5,7,16,20,27,61,67,69,88,93,97" m="41489" machi="69" ten="40,8000,1" yaku="14,1,52,2,54,2" doraHai="23,65" who="0" fromWho="1" sc="292,80,217,-80,204,0,287,0" /><INIT seed="4,0,0,3,0,77" ten="372,137,204,287" oya="0" hai0="68,98,112,69,56,131,17,14,92,91,59,9,23" hai1="75,60,106,122,61,28,116,35,40,129,104,126,113" hai2="117,118,21,62,81,7,57,101,134,123,16,90,24" hai3="78,72,42,99,97,76,2,15,13,46,132,63,115"/><T93/><D112/><U49/><E122/><V0/><F123/><W41/><G2/><T110/><D131/><U109/><E116/><N who="2" m="44651" /><F134/><W22/><G63/><T58/><D110/><U120/><E126/><V1/><F7/><W88/><G132/><T51/><D51/><U30/><E75/><V130/><F130/><W19/><G115/><T5/><REACH who="0" step="1"/><D93/><REACH who="0" ten="362,137,204,287" step="2"/><U52/><E129/><V128/><F128/><W74/><G74/><T87/><D87/><U121/><E113/><V39/><F39/><W67/><G72/><T32/><D32/><U79/><E35/><V125/><F125/><W100/><G99/><T38/><D38/><U37/><E37/><V66/><F101/><W10/><G100/><T47/><D47/><U80/><E121/><V64/><F64/><W11/><G67/><T50/><D50/><U3/><E120/><V96/><F96/><W71/><G46/><T111/><D111/><U127/><E127/><V26/><F26/><AGARI ba="0,1" hai="5,9,14,17,23,26,56,58,59,68,69,91,92,98" machi="26" ten="40,7700,0" yaku="1,1,53,2" doraHai="77" doraHaiUra="65" who="0" fromWho="2" sc="362,87,137,0,204,-77,287,0" /><INIT seed="4,1,0,0,4,30" ten="449,137,127,287" oya="0" hai0="46,33,6,129,20,26,111,3,100,74,130,117,0" hai1="70,104,101,9,5,93,59,48,69,32,12,2,76" hai2="57,116,53,105,99,126,125,55,115,131,85,34,56" hai3="37,82,96,120,102,54,86,72,67,78,11,63,42"/><T106/><D74/><U95/><E104/><V40/><F115/><W128/><G42/><T79/><D79/><U123/><E123/><V81/><F116/><W75/><G37/><T36/><D117/><U27/><E76/><V119/><F119/><W122/><G128/><N who="0" m="49259" /><D6/><U84/><E2/><V41/><F131/><W94/><G11/><T38/><D111/><U127/><E127/><N who="2" m="48651" /><F99/><W19/><G19/><N who="0" m="12575" /><D33/><U62/><E32/><V45/><F105/><W31/><G31/><T112/><D112/><U89/><E70/><V14/><F14/><W39/><G75/><T28/><D28/><U87/><E69/><V61/><F34/><W29/><G29/><T18/><D18/><U21/><E27/><V132/><F85/><W134/><G72/><T98/><D46/><U52/><E21/><V44/><F81/><W25/><G82/><T23/><D23/><U113/><E113/><V35/><F35/><W68/><G120/><T10/><D10/><U91/><E101/><V17/><F17/><W90/><G102/><T114/><D114/><U22/><E22/><V121/><F132/><W7/><G134/><T108/><D108/><U43/><E43/><N who="2" m="16459" /><F121/><W15/><G122/><T64/><D64/><U109/><E109/><V107/><F107/><W1/><G67/><T73/><D73/><U60/><AGARI ba="1,0" hai="5,9,12,48,52,59,60,62,84,87,89,91,93,95" machi="60" ten="30,7900,0" yaku="0,1,9,1,8,1,54,1" doraHai="30" who="1" fromWho="1" sc="449,-40,137,82,127,-21,287,-21" /><INIT seed="5,0,0,1,3,82" ten="409,219,106,266" oya="1" hai0="104,120,70,51,29,113,87,0,23,94,118,92,61" hai1="135,134,89,30,60,90,125,12,46,4,119,124,102" hai2="25,95,83,66,54,133,45,105,130,103,127,58,110" hai3="65,107,73,1,126,27,32,9,62,91,78,21,96"/><U79/><E30/><V50/><F110/><W86/><G73/><T72/><D72/><U98/><E46/><V84/><F105/><W68/><G78/><T17/><D104/><U49/><E49/><V67/><F127/><N who="1" m="48713" /><E60/><V85/><F130/><W11/><G1/><T131/><D0/><U47/><E47/><V108/><F108/><W18/><G126/><T99/><D118/><U22/><E22/><V123/><F123/><W97/><G97/><T93/><D51/><U75/><E12/><V41/><F133/><N who="1" m="50697" /><E4/><V13/><F13/><W48/><G48/><T10/><D23/><U71/><E71/><V2/><F2/><W109/><G109/><T115/><D29/><U53/><E53/><V129/><F25/><W121/><G121/><T81/><D17/><U69/><E69/><V76/><F103/><W20/><G20/><T16/><D16/><U55/><E55/><V128/><F67/><W132/><G132/><T28/><D28/><U43/><E43/><V106/><F106/><W38/><G38/><T59/><D70/><U37/><E37/><V15/><F15/><W122/><G122/><T101/><D120/><U8/><E8/><V44/><F66/><W40/><G40/><T14/><D14/><U111/><E111/><V3/><F3/><W33/><G9/><T42/><D10/><U31/><E31/><V116/><F116/><W56/><G11/><T39/><D42/><U88/><E119/><V114/><F41/><W64/><G64/><T24/><D24/><U6/><E6/><V74/><F44/><W57/><G27/><T7/><D39/><RYUUKYOKU ba="0,0" sc="409,0,219,0,106,0,266,0" /><INIT seed="6,1,0,5,5,102" ten="409,219,106,266" oya="2" hai0="93,97,124,83,85,79,58,29,48,80,13,21,101" hai1="54,77,52,87,98,32,131,107,37,130,31,19,24" hai2="57,92,119,43,4,65,73,89,90,91,81,134,125" hai3="45,20,71,110,2,25,64,6,128,104,40,123,44"/><V27/><F119/><W114/><G6/><T14/><D124/><U118/><E37/><V99/><F125/><W94/><G2/><T33/><D33/><U96/><E118/><V41/><F134/><W122/><G110/><T61/><D48/><U50/><E19/><V10/><F27/><W67/><G45/><T42/><D42/><U129/><E107/><V30/><F30/><W120/><G128/><T3/><D3/><U23/><E32/><V100/><F73/><W12/><G12/><T135/><D135/><U53/><REACH who="1" step="1"/><E50/><REACH who="1" ten="409,209,106,266" step="2"/><V34/><F34/><W132/><G104/><T86/><D29/><U59/><E59/><V46/><F57/><W60/><G132/><T133/><D133/><U126/><E126/><V74/><F46/><W16/><G120/><T0/><D21/><U105/><E105/><V7/><F7/><W117/><G117/><T38/><D38/><U88/><E88/><V62/><F89/><W49/><G122/><T78/><D0/><U17/><E17/><V113/><F90/><W112/><G123/><T127/><D127/><U84/><E84/><V75/><F4/><W47/><G44/><T116/><D116/><U103/><E103/><V56/><F100/><W36/><G36/><T95/><D95/><U18/><E18/><V26/><F75/><W72/><G94/><T109/><D109/><U68/><E68/><V111/><F111/><W70/><G72/><T82/><D82/><AGARI ba="1,1" hai="23,24,31,52,53,54,77,82,87,96,98,129,130,131" machi="82" ten="50,6400,0" yaku="1,1,19,1,54,1,53,0" doraHai="102" doraHaiUra="1" who="1" fromWho="0" sc="409,-67,209,77,106,0,266,0" /><INIT seed="7,0,0,2,4,1" ten="342,286,106,266" oya="3" hai0="20,82,86,7,91,92,15,21,9,63,69,104,117" hai1="128,101,18,32,0,49,107,95,60,12,127,48,120" hai2="83,14,118,81,27,108,17,44,134,99,132,102,28" hai3="8,29,89,19,65,75,73,88,36,35,56,37,129"/><W105/><G105/><T3/><D104/><U52/><E0/><V50/><F108/><W54/><G65/><T130/><D117/><U77/><E32/><V53/><F118/><W131/><G29/><T71/><D130/><N who="3" m="49673" /><G35/><T126/><D126/><U67/><E127/><V96/><F134/><W133/><G133/><T121/><D121/><U47/><E107/><V115/><F115/><W110/><G110/><T64/><D71/><U11/><E128/><V31/><F132/><W87/><G19/><T123/><D123/><U84/><E49/><V116/><F116/><W33/><G33/><T40/><D40/><U68/><E120/><V59/><F99/><W5/><G73/><T97/><D3/><U22/><E101/><AGARI ba="0,0" hai="7,9,15,20,21,63,64,69,82,86,91,92,97,101" machi="101" ten="30,2000,0" yaku="7,1,52,1" doraHai="1" who="0" fromWho="1" sc="342,20,286,-20,106,0,266,0" owari="362,45.0,266,7.0,106,-39.0,266,-13.0" /></mjloggm>