<mjloggm ver="2.3"><GO type="41" lobby="0"/><UN n0="%E8%BB%A2%E7%94%9F" n1="%E3%83%AB%E3%83%83%E3%83%81" n2="%E2%93%9D%53%75%70%68%78" n3="%6E%6F%6B%65%6E" dan="13,14,18,13" rate="1914.91,1936.52,2157.01,1872.43" sx="M,M,M,M"/><TAIKYOKU oya="0"/><INIT seed="0,0,0,0,0,125" ten="250,250,250,250" oya="0" hai0="92,37,100,117,33,52,44,127,79,64,2,43,11" hai1="49,47,12,14,107,131,46,114,104,74,60,126,78" hai2="90,10,132,36,20,133,84,26,9,6,48,118,42" hai3="86,82,51,73,27,87,106,59,81,34,96,88,68"/><T120/><D33/><U119/><E78/><V95/><F36/><W129/><G68/><T28/><D28/><U1/><E49/><V91/><F118/><W62/><G51/><T115/><D120/><U116/><E126/><V17/><F91/><N who="3" m="51663" /><G27/><T63/><D115/><U55/><E55/><V41/><F10/><W111/><G59/><T108/><D117/><U113/><E60/><V103/><F103/><N who="3" m="62823" /><G62/><T13/><D79/><U72/><REACH who="1" step="1"/><E131/><REACH who="1" ten="250,240,250,250" step="2"/><V109/><F48/><W8/><G129/><T24/><D127/><U21/><E21/><V135/><REACH who="2" step="1"/><F109/><REACH who="2" ten="250,240,240,250" step="2"/><W45/><G8/><T122/><D108/><U134/><E134/><V56/><F56/><W58/><G58/><T80/><D122/><U124/><E124/><V29/><F29/><W65/><G111/><T22/><D11/><U35/><E35/><V98/><F98/><W101/><G45/><T57/><D57/><U89/><E89/><V97/><F97/><W77/><G34/><T121/><D121/><U61/><E61/><V32/><F32/><W7/><G65/><T123/><D64/><U69/><E69/><V71/><F71/><W128/><G128/><T76/><D63/><U93/><E93/><V50/><F50/><W16/><G101/><T40/><D100/><U23/><E23/><V25/><F25/><W85/><G88/><T53/><D22/><U54/><E54/><V31/><F31/><W102/><G102/><T3/><D24/><U19/><E19/><V38/><F38/><W5/><G16/><T112/><D37/><U67/><E67/><V83/><F83/><W110/><G110/><RYUUKYOKU ba="0,2" sc="250,-30,240,10,240,10,250,10" hai1="1,12,14,46,47,72,74,104,107,113,114,116,119" hai2="6,9,17,20,26,41,42,84,90,95,132,133,135" hai3="5,7,73,77,82,85,87" /><INIT seed="1,1,2,0,0,5" ten="220,250,250,260" oya="1" hai0="96,99,119,55,94,88,59,36,40,0,17,98,65" hai1="106,125,114,13,133,78,38,22,68,28,82,3,117" hai2="9,60,81,85,46,24,126,43,48,112,118,89,50" hai3="42,79,29,34,7,10,93,135,127,41,70,76,56"/><U128/><RYUUKYOKU type="yao9" ba="1,2" sc="220,0,250,0,250,0,260,0" hai1="3,13,22,28,38,68,78,82,106,114,117,125,128,133" /><INIT seed="1,2,2,2,0,88" ten="220,250,250,260" oya="1" hai0="133,107,41,6,33,53,96,86,1,29,134,110,94" hai1="17,80,39,112,75,45,78,97,3,70,48,19,56" hai2="13,102,99,100,105,2,16,14,108,76,24,115,125" hai3="7,60,106,81,54,15,118,82,18,36,73,25,32"/><U38/><E112/><V65/><F2/><W72/><G106/><T67/><D67/><U92/><E70/><V55/><F115/><W83/><G36/><T90/><D41/><U71/><E71/><V57/><F108/><W12/><G7/><T26/><D53/><U11/><E56/><V22/><F125/><W40/><G40/><T84/><D107/><U129/><E129/><V111/><F111/><W63/><G54/><T93/><D110/><U31/><E31/><V132/><F132/><N who="0" m="50794" /><D6/><U114/><E114/><V95/><F76/><W135/><G135/><T35/><D1/><U109/><E109/><V101/><F65/><W9/><G118/><T46/><D46/><U49/><E49/><N who="2" m="30959" /><F105/><W116/><G116/><T69/><D69/><U113/><E113/><V85/><F85/><W119/><G119/><T121/><D121/><U59/><E59/><V37/><F37/><W4/><G32/><N who="0" m="20535" /><D84/><U104/><E104/><V5/><F5/><W127/><G127/><T52/><D52/><U126/><E126/><V103/><AGARI ba="2,2" hai="13,14,16,22,24,95,99,100,101,102,103" m="30959" machi="103" ten="30,4000,0" yaku="8,1,52,1,54,1" doraHai="88" who="2" fromWho="2" sc="220,-12,250,-22,250,66,260,-12" /><INIT seed="2,0,0,2,2,72" ten="208,228,316,248" oya="2" hai0="25,127,117,53,39,83,112,111,80,47,16,66,130" hai1="36,118,120,91,57,124,129,34,135,42,74,15,28" hai2="121,109,71,108,51,45,10,82,116,95,115,87,99" hai3="78,21,18,76,114,69,32,77,40,56,44,105,86"/><V46/><F115/><W43/><G69/><T14/><D111/><N who="2" m="42570" /><F116/><W48/><G32/><T132/><D132/><U88/><E118/><V1/><F71/><W29/><G105/><T70/><D130/><U13/><E34/><V96/><F121/><W92/><G29/><T6/><D127/><U37/><E28/><V103/><F99/><W30/><G30/><T93/><D70/><U123/><E129/><V38/><F38/><N who="1" m="14953" /><E42/><V134/><F51/><W104/><G104/><T54/><D66/><U20/><E74/><V61/><F61/><W63/><G43/><T81/><D39/><U85/><E20/><V101/><F101/><W23/><G114/><T3/><D3/><U59/><E124/><V52/><F52/><N who="0" m="20074" /><D47/><U68/><E68/><V55/><F55/><N who="3" m="34207" /><G18/><T26/><D112/><U79/><E135/><V75/><F75/><W106/><G106/><T17/><D93/><U35/><E35/><V89/><F134/><W5/><G5/><AGARI ba="0,0" hai="1,5,10,45,46,82,87,89,95,96,103" m="42570" machi="5" ten="30,2900,0" yaku="14,1,10,1" doraHai="72" who="2" fromWho="3" sc="208,0,228,0,316,29,248,-29" /><INIT seed="2,1,0,2,5,91" ten="208,228,345,219" oya="2" hai0="84,87,59,89,86,122,38,100,25,36,105,64,43" hai1="120,62,123,71,37,101,17,119,106,109,110,14,5" hai2="92,56,85,103,111,45,98,50,132,34,74,26,129" hai3="32,134,131,97,44,21,24,90,102,4,33,135,82"/><V39/><F74/><W11/><G131/><T95/><D36/><U130/><E37/><V75/><F75/><W15/><G90/><T48/><D38/><U40/><E40/><V28/><F132/><N who="3" m="50731" /><G82/><T54/><D43/><U57/><E71/><V1/><F1/><W58/><G58/><T115/><D115/><U8/><E119/><V47/><F111/><N who="1" m="42505" /><E130/><V52/><F129/><W9/><G44/><T2/><D2/><N who="1" m="55" /><E106/><V108/><F108/><W107/><G9/><T66/><D105/><U49/><E49/><V0/><F0/><W22/><G22/><T46/><D100/><U53/><E101/><V78/><REACH who="2" step="1"/><F39/><REACH who="2" ten="208,228,335,219" step="2"/><W81/><G81/><AGARI ba="1,1" hai="26,28,34,45,47,50,52,56,78,81,85,92,98,103" machi="81" ten="40,12000,1" yaku="1,1,2,1,52,1,54,1,53,0" doraHai="91" doraHaiUra="12" who="2" fromWho="3" sc="208,0,228,0,335,133,219,-123" /><INIT seed="2,2,0,2,4,54" ten="208,228,468,96" oya="2" hai0="0,10,123,21,102,62,134,115,55,38,45,89,7" hai1="13,53,47,16,84,68,133,19,103,128,52,46,44" hai2="126,23,41,56,70,73,124,5,22,49,34,69,113" hai3="85,86,57,83,111,43,93,97,36,78,132,48,30"/><V110/><F113/><W99/><G36/><T12/><D123/><U14/><E68/><V6/><F34/><W117/><G117/><T50/><D102/><U64/><E133/><V82/><F82/><W18/><G132/><T121/><D121/><U25/><E128/><V1/><F41/><W42/><G30/><T112/><D134/><U11/><E64/><V8/><F73/><W100/><G111/><T88/><D38/><U31/><E103/><V58/><F49/><W130/><G99/><T105/><D105/><U104/><E104/><V61/><F8/><W106/><G106/><T129/><D129/><U91/><E31/><V3/><REACH who="2" step="1"/><F61/><REACH who="2" ten="208,228,458,96" step="2"/><W107/><G130/><T109/><D62/><U17/><E25/><V40/><F40/><W71/><G43/><T108/><D115/><U35/><E35/><V75/><F75/><W32/><G32/><T33/><D33/><U51/><E53/><V4/><F4/><W60/><G42/><T63/><D63/><U67/><E67/><V81/><F81/><W127/><G48/><T2/><D112/><U28/><E28/><V65/><F65/><W59/><G71/><T29/><D109/><AGARI ba="2,1" hai="1,3,5,6,22,23,56,58,69,70,109,110,124,126" machi="109" ten="25,18000,2" yaku="1,1,22,2,52,2,53,2" doraHai="54" doraHaiUra="66" who="2" fromWho="0" sc="208,-186,228,0,458,196,96,0" /><INIT seed="2,3,0,3,5,109" ten="22,228,654,96" oya="2" hai0="42,17,49,122,46,120,116,91,113,95,14,133,62" hai1="20,92,124,121,90,74,64,102,126,89,35,40,15" hai2="103,16,52,41,72,118,76,112,34,104,97,106,61" hai3="107,37,6,130,30,31,117,123,33,77,45,48,12"/><V39/><F112/><W67/><G77/><T83/><D113/><U134/><E74/><V47/><F118/><W125/><G67/><T105/><D105/><U43/><E35/><V9/><F34/><W81/><G45/><T28/><D28/><U73/><E73/><V78/><F106/><W26/><G81/><T79/><D133/><U36/><E134/><V7/><F72/><W23/><G48/><T32/><D32/><U132/><E132/><V68/><F16/><W75/><G75/><T50/><D62/><U1/><E1/><V94/><F104/><W84/><G37/><T58/><D116/><U19/><E121/><V131/><F131/><W108/><G107/><T4/><D4/><U99/><E64/><V18/><F18/><W82/><G30/><T128/><D128/><U3/><E3/><V56/><REACH who="2" step="1"/><F68/><REACH who="2" ten="22,228,644,96" step="2"/><W96/><G33/><T27/><D122/><U119/><E119/><V70/><F70/><W55/><G117/><T8/><D120/><U13/><E13/><AGARI ba="3,1" hai="7,9,13,39,41,47,52,56,61,76,78,94,97,103" machi="13" ten="30,5800,0" yaku="1,1,7,1,54,1,53,0" doraHai="109" doraHaiUra="101" who="2" fromWho="1" sc="22,0,228,-67,644,77,96,0" /><INIT seed="2,4,0,1,3,62" ten="22,161,721,96" oya="2" hai0="129,5,40,116,54,55,16,31,23,45,17,132,83" hai1="90,64,113,105,71,28,43,59,69,75,118,72,91" hai2="81,46,65,93,41,39,92,37,4,60,50,33,0" hai3="111,114,56,133,36,110,21,96,100,73,6,19,107"/><V101/><F33/><W76/><G36/><T80/><D5/><U123/><E118/><V115/><F115/><W11/><G114/><T29/><D23/><U22/><E113/><V82/><F101/><W10/><G76/><T38/><D132/><U2/><E2/><V61/><F50/><W94/><G73/><T134/><D129/><U87/><E105/><V27/><F27/><N who="3" m="14783" /><G133/><T97/><D97/><U78/><E123/><V26/><F26/><W103/><G56/><T15/><D134/><U104/><E104/><V30/><F30/><W9/><G103/><T34/><D34/><U67/><E59/><V25/><F25/><W95/><G6/><T84/><D80/><U126/><E22/><V57/><F82/><W128/><G128/><T124/><D124/><U86/><E78/><V48/><F81/><W7/><G7/><T52/><D15/><U42/><E126/><V24/><F24/><W68/><G68/><T112/><D112/><U125/><REACH who="1" step="1"/><E125/><REACH who="1" ten="22,151,721,96" step="2"/><V109/><F57/><W49/><G107/><T130/><D116/><U35/><E35/><V135/><F0/><W51/><G95/><T122/><D122/><U79/><E79/><V1/><F93/><W53/><G111/><T99/><D130/><U32/><E32/><V127/><F92/><W13/><G110/><T88/><REACH who="0" step="1"/><D99/><REACH who="0" ten="12,151,721,96" step="2"/><U106/><E106/><V120/><F120/><W14/><G13/><T12/><D12/><U58/><E58/><V119/><F127/><W89/><G14/><T121/><D121/><U77/><E77/><V131/><F131/><W47/><G100/><T102/><D102/><RYUUKYOKU ba="4,2" sc="12,10,151,10,721,-30,96,10" hai0="16,17,29,31,38,40,45,52,54,55,83,84,88" hai1="28,42,43,64,67,69,71,72,75,86,87,90,91" hai3="9,10,11,47,49,51,53,89,94,96" /><INIT seed="3,5,2,1,2,58" ten="22,161,691,106" oya="3" hai0="35,12,47,10,53,55,52,26,13,60,23,61,33" hai1="32,89,8,54,87,80,6,21,90,11,111,96,0" hai2="25,102,78,22,91,131,74,50,9,98,115,122,1" hai3="113,107,118,65,49,83,135,86,73,101,24,63,95"/><W133/><G113/><T106/><D106/><U62/><E32/><V51/><F131/><W36/><G36/><T38/><D38/><U19/><E111/><V16/><F122/><W129/><G118/><T99/><D99/><U128/><E128/><V46/><F74/><W2/><G2/><T71/><D71/><U126/><E126/><V72/><F78/><N who="3" m="44495" /><G49/><T29/><D13/><U64/><E54/><V127/><F72/><W20/><G129/><T68/><D68/><U105/><E11/><V39/><F127/><W45/><G45/><T42/><D35/><U112/><E112/><V5/><F115/><W43/><G43/><T116/><D33/><U4/><E4/><V7/><F7/><W84/><G107/><T103/><D103/><U108/><E108/><V125/><F125/><W18/><G101/><T59/><D116/><U117/><E117/><V40/><REACH who="2" step="1"/><F91/><REACH who="2" ten="22,161,681,106" step="2"/><W82/><G82/><T57/><D47/><U76/><E105/><AGARI ba="5,3" hai="1,5,9,16,22,25,39,40,46,50,51,98,102,105" machi="105" ten="30,7700,0" yaku="1,1,2,1,7,1,54,1,53,0" doraHai="58" doraHaiUra="77" who="2" fromWho="1" sc="22,0,161,-92,681,122,106,0" /><INIT seed="4,0,0,0,5,117" ten="22,69,803,106" oya="0" hai0="21,35,44,74,64,123,100,90,53,107,16,19,49" hai1="120,99,76,54,48,60,104,118,9,82,5,8,87" hai2="2,106,111,10,30,18,68,81,43,6,91,28,102" hai3="61,72,11,83,112,119,13,93,79,46,110,116,62"/><T63/><D35/><U27/><E118/><V77/><F111/><W69/><G110/><T33/><D33/><U133/><E133/><V25/><F68/><W23/><G112/><T132/><D74/><U24/><E60/><V36/><F106/><W125/><G23/><T103/><D107/><U56/><E9/><V67/><F67/><W134/><G134/><T4/><D4/><U108/><E108/><V78/><F78/><W128/><G93/><T122/><D19/><U47/><E56/><V40/><F91/><W131/><G46/><T34/><D34/><U12/><E120/><V75/><F102/><W65/><G62/><T38/><D38/><U70/><E70/><V52/><F52/><W55/><G55/><T124/><D132/><U96/><E104/><V127/><F127/><W17/><G125/><T20/><D20/><U0/><E0/><V101/><F101/><W66/><G66/><T50/><D50/><U84/><E87/><V31/><F18/><W59/><G69/><T45/><D45/><U115/><E115/><V71/><F71/><W57/><G57/><N who="0" m="36975" /><D124/><U113/><E113/><V22/><REACH who="2" step="1"/><F43/><REACH who="2" ten="22,69,793,106" step="2"/><W88/><G119/><T135/><D135/><U130/><E130/><N who="3" m="49706" /><G116/><T37/><D90/><AGARI ba="0,1" hai="11,13,17,59,61,65,72,79,83,88,90" m="49706" machi="90" ten="30,2000,0" yaku="19,1,54,1" doraHai="117" who="3" fromWho="0" sc="22,-20,69,0,793,0,106,30" /><INIT seed="5,0,0,0,3,123" ten="2,69,793,136" oya="1" hai0="132,100,129,43,77,97,0,106,74,51,8,128,27" hai1="48,101,73,124,59,109,68,35,85,92,119,61,58" hai2="117,135,133,14,78,34,89,93,33,10,6,103,105" hai3="60,108,130,30,19,57,7,114,1,52,95,53,113"/><U38/><E119/><V54/><F105/><W83/><G108/><T116/><D116/><U120/><E73/><V63/><F117/><W131/><G19/><T72/><D27/><U127/><E120/><V70/><F103/><W115/><G30/><T55/><D43/><U17/><E35/><V71/><F78/><W62/><G83/><T76/><D8/><U50/><E38/><V11/><F54/><N who="3" m="21099" /><G95/><T5/><D5/><U80/><E109/><V94/><F63/><N who="3" m="24107" /><G57/><T99/><D0/><U41/><E68/><V126/><F126/><N who="1" m="48169" /><E17/><V86/><F86/><W104/><G104/><T84/><D51/><N who="1" m="19499" /><E41/><V32/><F32/><W66/><G66/><T46/><D55/><U29/><E29/><V49/><F49/><W65/><G65/><T2/><D46/><U4/><E4/><V44/><F6/><W96/><G96/><T91/><D2/><U21/><E21/><V69/><F69/><W134/><G7/><T56/><D56/><U118/><E118/><V64/><F64/><W107/><G107/><T45/><D45/><U122/><E122/><V37/><F44/><W25/><G1/><T31/><D31/><U110/><E110/><V90/><REACH who="2" step="1"/><F14/><REACH who="2" ten="2,69,783,136" step="2"/><W16/><G113/><T40/><D84/><U121/><E121/><V111/><F111/><W67/><G67/><T15/><D15/><U39/><E61/><V26/><F26/><W125/><G25/><T82/><D100/><U13/><E13/><V81/><F81/><W79/><G114/><T75/><D82/><U112/><E112/><V3/><F3/><W22/><G115/><T42/><D106/><RYUUKYOKU ba="0,1" sc="2,-10,69,-10,783,30,136,-10" hai2="10,11,33,34,37,70,71,89,90,93,94,133,135" owari="-8,-51.0,59,-34.0,823,92.0,126,-7.0" /></mjloggm>