<mjloggm ver="2.3"><GO type="41" lobby="0"/><UN n0="%E2%93%9D%53%75%70%68%78" n1="%E3%83%81%E3%82%AD%E3%83%B3%E3%81%8B%E3%82%8C%E3%83%BC" n2="%E5%8D%81%E5%85%AB%E5%A4%9C" n3="%E9%9B%80%E3%83%9D%E3%82%B1%E6%96%89%E8%97%A4" dan="18,13,14,13" rate="2148.81,1940.13,1931.68,1823.68" sx="M,M,M,M"/><TAIKYOKU oya="0"/><INIT seed="0,0,0,2,2,60" ten="250,250,250,250" oya="0" hai0="115,66,52,23,5,1,16,44,119,77,105,74,33" hai1="112,68,111,93,7,106,75,19,21,114,85,64,46" hai2="90,0,92,101,9,104,29,39,56,14,62,54,100" hai3="108,22,3,87,79,126,2,95,122,73,83,84,49"/><T67/><D115/><U125/><E106/><V55/><F39/><W57/><G108/><T63/><D33/><U69/><E111/><V82/><F0/><W45/><G126/><T123/><D105/><U109/><E109/><V59/><F29/><W98/><G122/><T36/><D119/><U13/><E125/><V71/><F71/><W65/><G2/><T31/><D31/><U129/><E75/><V53/><F82/><W18/><G3/><T17/><D123/><U103/><E7/><V32/><F55/><W102/><G57/><N who="0" m="35239" /><D74/><U26/><E129/><V25/><F25/><W28/><G28/><T48/><D36/><U116/><E46/><V96/><F32/><W99/><G99/><T118/><D1/><U81/><E116/><V38/><F38/><W10/><G10/><T127/><D5/><U113/><E26/><V20/><F20/><W15/><REACH who="3" step="1"/><G65/><REACH who="3" ten="250,250,250,240" step="2"/><N who="0" m="24587" /><D127/><U58/><E112/><V4/><F104/><W40/><AGARI ba="0,1" hai="15,18,22,40,45,49,73,79,83,84,87,95,98,102" machi="40" ten="20,2700,0" yaku="1,1,0,1,7,1,53,0" doraHai="60" doraHaiUra="124" who="3" fromWho="3" sc="250,-13,250,-7,250,-7,240,37" /><INIT seed="1,0,0,5,2,120" ten="237,243,243,277" oya="1" hai0="53,11,111,49,64,0,106,39,65,24,47,2,125" hai1="73,79,121,85,14,21,46,66,19,26,77,25,61" hai2="118,128,44,117,107,80,115,27,70,81,82,130,92" hai3="23,69,76,105,63,94,102,10,90,72,6,56,127"/><U50/><E121/><V109/><F70/><W67/><G127/><T74/><D106/><U96/><E73/><V135/><F44/><W88/><G105/><T134/><D134/><U114/><E96/><V34/><F34/><W41/><G41/><T4/><D125/><U89/><E79/><V110/><F27/><W45/><G45/><T113/><D113/><U3/><E3/><V33/><F135/><W116/><G116/><N who="2" m="44649" /><F33/><W99/><G72/><T54/><D24/><U124/><E77/><V43/><F107/><W78/><G69/><T28/><D28/><U108/><E124/><V95/><F43/><W1/><G76/><T32/><D32/><U57/><E114/><V12/><F115/><W58/><G78/><T129/><D2/><U71/><E71/><V52/><F12/><W100/><G100/><T13/><D0/><U51/><E51/><V31/><F52/><W123/><G123/><T9/><D54/><U131/><E131/><N who="2" m="50219" /><F31/><W42/><G42/><T36/><D129/><U126/><E126/><V29/><F29/><W68/><G68/><T104/><D74/><U112/><E112/><V86/><F86/><W101/><G101/><T83/><D53/><N who="1" m="29911" /><E25/><V17/><F17/><W30/><G56/><T91/><D47/><U60/><E26/><AGARI ba="0,0" hai="1,6,10,23,26,30,58,63,67,88,90,94,99,102" machi="26" ten="40,5200,0" yaku="25,2,54,1" doraHai="120" who="3" fromWho="1" sc="237,0,243,-52,243,0,277,52" /><INIT seed="2,0,0,5,2,23" ten="237,191,243,329" oya="2" hai0="131,88,133,7,86,34,63,62,64,17,73,20,46" hai1="40,27,48,116,36,56,126,50,90,65,74,32,8" hai2="101,15,79,110,54,117,83,111,25,52,124,96,114" hai3="94,45,35,108,118,80,61,81,10,119,66,132,53"/><V13/><F114/><W112/><G35/><T43/><D73/><U76/><E116/><V44/><F124/><W105/><G105/><T98/><D34/><U72/><E36/><V38/><F38/><W104/><G104/><T70/><D131/><U130/><E130/><V31/><F117/><W87/><G112/><T21/><D7/><U5/><E126/><V99/><F99/><W9/><G108/><N who="2" m="41513" /><F44/><W127/><G127/><T103/><D63/><U14/><E90/><V47/><F47/><W115/><G94/><T106/><D133/><U30/><E74/><N who="2" m="43511" /><F13/><W29/><G115/><T41/><D46/><U59/><E40/><V89/><F89/><W121/><G45/><T6/><D6/><U3/><E14/><V102/><F15/><W134/><G134/><T125/><D125/><U69/><E76/><V109/><F109/><W49/><G132/><T135/><D135/><U120/><E72/><V39/><F39/><W75/><G75/><T107/><D107/><U60/><E120/><V85/><F85/><W84/><G84/><T68/><D43/><U55/><REACH who="1" step="1"/><E69/><REACH who="1" ten="237,181,243,329" step="2"/><V2/><F2/><W97/><G121/><T57/><D41/><U24/><E24/><V92/><F102/><W91/><G91/><T128/><D128/><U82/><E82/><V33/><AGARI ba="0,1" hai="25,31,33,52,54,92,96,101" m="43511,41513" machi="33" ten="30,11700,0" yaku="14,1,10,1,52,1,54,1" doraHai="23" who="2" fromWho="2" sc="237,-39,181,-39,243,127,329,-39" /><INIT seed="2,1,0,1,1,5" ten="198,142,370,290" oya="2" hai0="111,42,64,87,72,33,101,99,122,0,6,51,83" hai1="50,62,90,120,63,92,110,118,106,135,32,129,131" hai2="67,58,40,57,8,108,70,84,80,125,16,2,19" hai3="7,9,126,123,47,105,48,75,79,103,37,38,114"/><V91/><F125/><W18/><G123/><T60/><D111/><U61/><E118/><V10/><F40/><W24/><G126/><T3/><D72/><U44/><E106/><V49/><F2/><W127/><G127/><T128/><D33/><U66/><E32/><V76/><F70/><W82/><G18/><N who="2" m="6697" /><F76/><W102/><G102/><T94/><D128/><N who="1" m="49227" /><E120/><V39/><F39/><W55/><G114/><T43/><D122/><U31/><E135/><V89/><F89/><W28/><G103/><T69/><D3/><U15/><E31/><V121/><F121/><W30/><G30/><T36/><D36/><U41/><E15/><V20/><F20/><W13/><G105/><T71/><D71/><N who="1" m="42447" /><E110/><V100/><F100/><W104/><G104/><T74/><D74/><U23/><E23/><AGARI ba="1,0" hai="7,9,13,23,24,28,37,38,47,48,55,75,79,82" machi="23" ten="30,2000,0" yaku="7,1,52,1" doraHai="5" who="3" fromWho="1" sc="198,0,142,-23,370,0,290,23" /><INIT seed="3,0,0,0,1,8" ten="198,119,370,313" oya="3" hai0="109,18,111,43,123,112,68,44,64,134,25,120,54" hai1="104,126,75,99,60,47,124,86,106,61,87,39,40" hai2="12,74,89,41,32,94,73,16,83,31,95,114,13" hai3="113,6,28,63,14,27,37,97,15,42,36,4,125"/><W19/><G113/><T78/><D78/><U9/><E75/><V115/><F41/><W24/><G125/><T96/><D96/><U50/><E9/><V45/><F45/><W10/><G97/><T23/><D54/><U2/><E2/><V46/><F46/><W135/><G63/><N who="0" m="39967" /><D134/><U7/><E7/><V62/><F62/><W33/><G42/><T67/><D67/><U88/><E39/><V53/><F53/><W110/><G37/><N who="0" m="21615" /><D112/><U66/><E61/><V80/><F32/><W79/><G79/><T65/><D65/><U121/><E121/><V102/><F102/><W21/><G36/><T108/><AGARI ba="0,0" hai="18,23,25,108,109,111,120,123" m="21615,39967" machi="108" ten="30,1100,0" yaku="14,1" doraHai="8" who="0" fromWho="0" sc="198,11,119,-3,370,-3,313,-5" /><INIT seed="4,0,0,2,4,132" ten="209,116,367,308" oya="0" hai0="101,77,129,45,84,61,133,115,7,28,15,70,55" hai1="56,30,88,42,67,3,113,79,87,83,73,125,33" hai2="49,74,100,65,62,86,22,90,66,97,41,71,0" hai3="18,38,27,13,112,122,91,106,57,85,5,98,120"/><T94/><D129/><U26/><E3/><V76/><F0/><W121/><G38/><T103/><D115/><U29/><E113/><V11/><F74/><W12/><G112/><T82/><D133/><U48/><E30/><V46/><F76/><W102/><G5/><T117/><D117/><U60/><E42/><V116/><F116/><W93/><G27/><T95/><D28/><U58/><E48/><V118/><F118/><W119/><G119/><T35/><D35/><U25/><E25/><V105/><F65/><W127/><G127/><T37/><D70/><U63/><E63/><V51/><F11/><W34/><G34/><T43/><D103/><U128/><E128/><V21/><F51/><W109/><G109/><T47/><D101/><U75/><E75/><V54/><F41/><W24/><G57/><T107/><D107/><U20/><E33/><V23/><F23/><AGARI ba="0,0" hai="12,13,18,23,24,85,91,93,98,102,106,120,121,122" machi="23" ten="40,1300,0" yaku="13,1" doraHai="132" who="3" fromWho="2" sc="209,0,116,0,367,-13,308,13" /><INIT seed="5,0,0,4,5,78" ten="209,116,354,321" oya="1" hai0="90,102,115,48,61,15,106,62,6,111,0,113,117" hai1="105,75,35,87,109,134,110,46,126,83,122,18,4" hai2="120,118,91,63,39,60,45,36,104,80,2,133,82" hai3="130,50,121,98,94,95,53,23,79,77,12,103,112"/><U96/><E122/><V71/><F120/><W127/><G121/><T20/><D111/><N who="1" m="42507" /><E35/><V8/><F118/><W34/><G34/><T124/><D124/><U25/><E75/><V72/><F104/><W70/><G127/><T1/><D117/><U65/><E126/><V52/><F91/><W129/><G70/><T93/><D106/><U92/><E105/><V55/><F72/><W29/><G112/><N who="0" m="43083" /><D102/><N who="1" m="60679" /><E65/><V31/><F31/><W123/><G123/><T9/><D48/><U131/><E131/><N who="3" m="50186" /><G94/><T38/><D38/><U17/><E134/><V24/><F71/><W67/><G67/><T22/><D62/><U37/><E4/><V7/><F24/><N who="3" m="16543" /><G12/><T40/><D61/><U114/><E25/><V125/><F125/><W101/><G103/><T99/><D40/><N who="1" m="22799" /><E114/><V108/><F108/><W57/><AGARI ba="0,0" hai="50,53,57,77,79,95,98,101" m="16543,50186" machi="57" ten="30,1100,0" yaku="19,1" doraHai="78" who="3" fromWho="3" sc="209,-3,116,-5,354,-3,321,11" /><INIT seed="6,0,0,5,5,57" ten="206,111,351,332" oya="2" hai0="125,84,58,21,40,93,59,134,95,120,39,67,68" hai1="45,20,116,83,72,15,119,28,118,24,65,13,60" hai2="18,0,43,46,131,37,100,23,14,71,1,123,47" hai3="62,66,108,94,133,101,35,16,121,63,79,107,4"/><V129/><F71/><W33/><G108/><T51/><D120/><U75/><E45/><V27/><F123/><W115/><G121/><T74/><D74/><U2/><E2/><V26/><F100/><W32/><G4/><T56/><D134/><U99/><E99/><V44/><F43/><W109/><G109/><T111/><D125/><U10/><E83/><V48/><F48/><W6/><G6/><T132/><D132/><U105/><E105/><V114/><F114/><W122/><G122/><T81/><D39/><U7/><REACH who="1" step="1"/><E15/><REACH who="1" ten="206,101,351,332" step="2"/><V126/><F126/><W110/><G107/><T97/><D111/><U88/><E88/><V98/><F37/><W102/><G110/><T17/><D97/><U80/><E80/><V90/><F98/><W19/><G133/><T5/><D95/><U25/><E25/><N who="2" m="9227" /><F90/><W113/><G94/><T34/><D93/><U49/><E49/><V87/><F0/><W3/><G3/><T52/><D81/><U41/><E41/><V104/><F104/><W82/><G82/><T86/><D40/><U64/><E64/><V30/><F1/><W92/><G66/><T8/><D86/><U85/><E85/><V89/><F87/><W55/><G92/><T9/><D84/><U135/><E135/><V53/><F89/><W42/><G42/><T124/><D124/><U22/><E22/><V112/><F112/><W78/><G35/><T31/><D34/><U54/><E54/><AGARI ba="0,1" hai="16,19,32,33,54,55,62,63,78,79,101,102,113,115" machi="54" ten="25,8000,1" yaku="22,2,52,2,54,1" doraHai="57" who="3" fromWho="1" sc="206,0,101,-80,351,0,332,90" /><INIT seed="7,0,0,2,0,90" ten="206,21,351,422" oya="3" hai0="54,11,22,36,16,42,124,131,116,108,66,14,64" hai1="77,105,70,41,115,121,58,69,129,31,93,53,47" hai2="114,13,113,82,96,15,23,5,21,95,26,6,118" hai3="24,89,60,55,119,101,48,132,33,18,7,19,71"/><W111/><G119/><T59/><D116/><U75/><E105/><V46/><F46/><W74/><G101/><T8/><D108/><U12/><E77/><V50/><F50/><W88/><G7/><N who="2" m="2569" /><F82/><W40/><G48/><T87/><D131/><U134/><E75/><V120/><F118/><W49/><G49/><T98/><D124/><U61/><E31/><V122/><F96/><W2/><G40/><T27/><D36/><U29/><E29/><N who="2" m="17615" /><F95/><W112/><G88/><T39/><D42/><U76/><E76/><V0/><F23/><W91/><G60/><T103/><D39/><U135/><E93/><V4/><F0/><W84/><G55/><T104/><D11/><U72/><E12/><N who="2" m="4683" /><F4/><W117/><G2/><T102/><D102/><U43/><E72/><V3/><F3/><W128/><G74/><T10/><D10/><U110/><E121/><AGARI ba="0,0" hai="113,114,120,121,122" m="4683,17615,2569" machi="121" ten="30,3900,0" yaku="13,1,34,2" doraHai="90" who="2" fromWho="1" sc="206,0,21,-39,351,39,422,0" owari="206,-19.0,-18,-52.0,390,19.0,422,52.0" /></mjloggm>