<mjloggm ver="2.3"><GO type="41" lobby="0"/><UN n0="%48%49%52%4F%4B%49%4E%47" n1="%E5%B8%9D%E7%8E%8B%E9%87%8E%E7%94%B0%E3%81%A3%E3%81%A1" n2="%E2%93%9D%53%75%70%68%78" n3="%65%2D%6D%61%6E" dan="14,14,18,15" rate="1938.63,1911.41,2072.61,2000.37" sx="M,M,M,M"/><TAIKYOKU oya="0"/><INIT seed="0,0,0,4,4,20" ten="250,250,250,250" oya="0" hai0="110,93,33,44,104,126,67,129,15,34,64,57,73" hai1="22,117,89,56,37,1,121,27,99,19,17,13,88" hai2="35,11,101,106,53,118,32,113,86,133,24,130,21" hai3="48,80,46,131,111,91,41,114,95,75,96,6,116"/><T9/><D126/><U69/><E37/><V25/><F113/><W87/><G114/><T112/><D104/><U83/><E1/><V51/><F130/><W0/><G116/><T10/><D112/><U109/><E69/><V28/><F133/><W43/><G111/><T66/><D73/><U124/><E121/><V98/><F118/><W60/><G131/><T50/><D129/><U72/><E117/><V103/><F103/><W78/><G60/><T135/><D135/><U71/><E71/><V65/><F65/><W18/><G18/><T12/><D57/><U74/><E109/><V105/><F11/><W42/><G0/><T97/><D110/><U77/><E124/><V120/><F86/><W82/><REACH who="3" step="1"/><G6/><REACH who="3" ten="250,250,250,240" step="2"/><T54/><D12/><U5/><E5/><V30/><F120/><W62/><G62/><T52/><D9/><U49/><E19/><V115/><F115/><W26/><G26/><T132/><D132/><U102/><E13/><V4/><F4/><W3/><G3/><T31/><D31/><U122/><E122/><V23/><REACH who="2" step="1"/><F106/><REACH who="2" ten="250,250,240,240" step="2"/><W39/><G39/><T127/><D127/><U94/><REACH who="1" step="1"/><E72/><REACH who="1" ten="250,240,240,240" step="2"/><V125/><F125/><W128/><G128/><T59/><D10/><U85/><E85/><V70/><F70/><W123/><G123/><T61/><REACH who="0" step="1"/><D15/><REACH who="0" ten="240,240,240,240" step="2"/><RYUUKYOKU type="reach4" ba="0,4" sc="240,0,240,0,240,0,240,0" hai0="33,34,44,50,52,54,59,61,64,66,67,93,97" hai1="17,22,27,49,56,74,77,83,88,89,94,99,102" hai2="21,23,24,25,28,30,32,35,51,53,98,101,105" hai3="41,42,43,46,48,75,78,80,82,87,91,95,96" /><INIT seed="0,1,4,4,5,21" ten="240,240,240,240" oya="0" hai0="33,23,121,86,14,43,42,11,109,100,101,127,6" hai1="98,105,55,78,80,20,112,91,63,3,29,74,53" hai2="44,67,38,13,48,2,35,124,54,69,50,31,132" hai3="97,56,93,40,15,46,22,76,111,133,106,16,9"/><T0/><D121/><U82/><E112/><V52/><F2/><W27/><G106/><T39/><D127/><U24/><E3/><V72/><F72/><W115/><G115/><T37/><D33/><U130/><E130/><V62/><F13/><W83/><G111/><T70/><D70/><U68/><E82/><V128/><F124/><W41/><G133/><T88/><D109/><U57/><E68/><V5/><F5/><W49/><G56/><T85/><D86/><U75/><E75/><V102/><F102/><N who="3" m="60719" /><G83/><T45/><D0/><U73/><E73/><V32/><F128/><W71/><G71/><T59/><D59/><U61/><E105/><V77/><F77/><W104/><G104/><T26/><D42/><U108/><E108/><V89/><F132/><W10/><G76/><T90/><D37/><U123/><E123/><V47/><F38/><W60/><G60/><T110/><D90/><U17/><E29/><V117/><F117/><W28/><G9/><T36/><D39/><U84/><E63/><V122/><F122/><W134/><G134/><T113/><D113/><U30/><E30/><V25/><F89/><W99/><G99/><T116/><D116/><U51/><E98/><V64/><F64/><W7/><G41/><T66/><D66/><U96/><E96/><V126/><F126/><W58/><G58/><T34/><D34/><AGARI ba="1,4" hai="25,31,32,34,35,44,47,48,50,52,54,62,67,69" machi="34" ten="30,7700,0" yaku="7,1,9,1,52,1,54,1" doraHai="21" who="2" fromWho="0" sc="240,-80,240,0,240,120,240,0" /><INIT seed="1,0,0,5,2,96" ten="160,240,360,240" oya="1" hai0="23,36,43,72,117,0,88,89,9,37,119,92,22" hai1="121,113,95,29,133,60,90,135,53,103,42,38,112" hai2="115,45,17,10,127,123,54,67,105,71,25,124,39" hai3="32,4,114,132,81,19,66,59,80,93,97,122,104"/><U110/><E121/><V82/><F105/><W61/><G114/><T49/><D72/><U73/><E29/><V120/><F82/><W63/><G122/><T5/><D49/><U18/><E73/><V134/><F134/><N who="1" m="51209" /><E38/><V76/><F115/><N who="1" m="44105" /><E42/><V128/><F123/><W85/><G104/><T11/><D92/><U40/><E40/><V24/><F39/><W28/><G4/><T52/><D43/><U100/><E18/><V79/><F17/><W14/><G132/><T31/><D31/><U47/><E110/><V16/><F25/><W68/><G28/><T69/><D69/><U33/><E33/><V55/><F24/><W13/><G32/><T126/><D5/><U58/><E47/><V78/><F45/><W108/><G108/><T50/><D50/><U26/><E26/><V118/><F120/><W75/><G75/><T48/><D48/><U125/><E125/><V64/><F127/><W51/><G51/><T99/><D126/><U86/><AGARI ba="0,0" hai="53,58,60,86,90,95,100,103" m="44105,51209" machi="86" ten="30,6000,0" yaku="20,1,52,2" doraHai="96" who="1" fromWho="1" sc="160,-20,240,60,360,-20,240,-20" /><INIT seed="1,1,0,1,3,91" ten="140,300,340,220" oya="1" hai0="17,65,81,2,43,44,50,4,36,29,129,94,51" hai1="14,19,49,106,119,97,13,109,47,92,76,57,8" hai2="37,48,15,55,90,46,75,23,68,99,126,27,34" hai3="133,101,78,104,35,125,5,123,22,56,24,21,77"/><U108/><E106/><V116/><F116/><W11/><G123/><T111/><D111/><N who="1" m="42571" /><E119/><V9/><F75/><W58/><G133/><T130/><D29/><U105/><E105/><V0/><F68/><W20/><G125/><T66/><D17/><N who="1" m="8359" /><E76/><V53/><F0/><W132/><G132/><T12/><D2/><U31/><E57/><V26/><F37/><W80/><G104/><T102/><D81/><U118/><E118/><V89/><F34/><W60/><G101/><T85/><D36/><U98/><E31/><V134/><F126/><W69/><G69/><T1/><D1/><U115/><E115/><V120/><F120/><W7/><G58/><T59/><D50/><U103/><E97/><V135/><F99/><W87/><G77/><T28/><D28/><U42/><E14/><V71/><F71/><W40/><G35/><T114/><D114/><U25/><E19/><V93/><F135/><W30/><G30/><T61/><D66/><U54/><E25/><V62/><F27/><W52/><G24/><T107/><D107/><U45/><E45/><V41/><F26/><W64/><G11/><T100/><D12/><U10/><E10/><V32/><F32/><W83/><G5/><T67/><D4/><U16/><E16/><V88/><F134/><W117/><G7/><T72/><D67/><U128/><E42/><V86/><F9/><W112/><G40/><T131/><D72/><U124/><E124/><V95/><F15/><W74/><G117/><T39/><D39/><U33/><E33/><V110/><F110/><W73/><G112/><T18/><D18/><RYUUKYOKU ba="1,0" sc="140,15,300,15,340,-15,220,-15" hai0="43,44,51,59,61,65,85,94,100,102,129,130,131" hai1="47,49,54,92,98,103,128" /><INIT seed="1,2,0,3,5,33" ten="155,315,325,205" oya="1" hai0="73,101,91,99,9,27,58,134,98,16,10,1,62" hai1="41,19,123,21,76,47,7,89,18,84,31,29,17" hai2="116,14,15,133,74,67,40,65,83,100,52,131,132" hai3="81,70,113,118,120,97,42,54,79,77,44,129,126"/><U124/><E123/><V110/><F40/><W127/><G120/><T90/><D73/><U112/><E124/><N who="3" m="47658" /><G113/><T34/><D134/><N who="2" m="51818" /><F110/><W108/><G108/><T25/><D34/><U36/><E112/><V103/><F131/><W119/><G70/><T32/><D32/><U60/><E76/><N who="3" m="29258" /><G54/><T104/><D9/><U135/><E135/><V56/><F83/><W23/><G81/><T48/><D48/><N who="1" m="26735" /><E7/><V121/><F116/><N who="3" m="44587" /><G97/><T109/><D98/><U102/><E60/><N who="2" m="35847" /><F121/><W49/><G23/><T95/><D109/><U122/><E122/><V93/><F74/><W35/><G35/><T128/><D128/><AGARI ba="2,0" hai="42,44,49,128,129" m="44587,29258,47658" machi="128" ten="40,2600,0" yaku="18,1,12,1" doraHai="33" who="3" fromWho="0" sc="155,-32,315,0,325,0,205,32" /><INIT seed="2,0,0,5,1,77" ten="123,315,325,237" oya="2" hai0="94,70,7,74,27,61,17,21,122,129,120,34,111" hai1="24,16,28,45,125,12,48,42,4,115,119,43,133" hai2="23,15,116,10,103,8,52,80,5,62,121,38,135" hai3="134,104,29,73,68,65,108,98,130,117,66,118,76"/><V33/><F116/><W0/><G108/><T92/><D74/><U44/><E119/><V88/><F33/><W60/><G65/><T110/><D61/><U72/><E115/><V97/><F38/><W56/><G134/><T55/><D55/><U132/><E125/><V9/><F121/><W57/><G130/><T102/><D70/><U14/><E72/><V30/><F135/><N who="1" m="51785" /><E4/><V101/><F30/><W18/><G0/><T99/><D129/><U113/><E113/><V13/><F23/><W25/><G18/><T1/><D92/><U36/><E28/><V87/><F97/><W100/><G56/><T126/><D126/><U20/><AGARI ba="0,0" hai="12,14,16,20,24,36,42,43,44,45,48" m="51785" machi="20" ten="30,2000,0" yaku="20,1,54,1" doraHai="77" who="1" fromWho="1" sc="123,-5,315,20,325,-10,237,-5" /><INIT seed="3,0,0,2,2,17" ten="118,335,315,232" oya="3" hai0="126,30,65,35,82,130,9,114,84,110,4,28,0" hai1="61,14,102,58,79,59,83,112,52,108,47,96,27" hai2="72,54,6,116,34,97,133,92,19,88,41,38,134" hai3="33,121,51,39,109,129,68,63,104,127,123,1,103"/><W118/><G51/><T128/><D110/><U99/><E108/><V21/><F34/><W29/><G63/><T131/><D65/><U45/><E112/><V101/><F72/><W98/><G29/><T66/><D66/><U16/><E27/><V26/><F116/><W135/><G98/><T113/><D84/><U80/><E59/><V44/><F6/><W53/><G53/><T12/><D82/><U69/><E69/><V20/><F54/><W55/><G55/><T73/><D73/><U75/><E83/><V56/><F56/><W32/><G103/><T81/><D81/><U70/><E96/><V48/><F38/><W42/><G42/><T100/><D100/><U105/><E70/><V2/><F2/><W85/><G85/><T10/><D126/><U78/><E79/><V7/><F7/><W50/><G50/><T62/><D62/><U8/><AGARI ba="0,0" hai="8,14,16,45,47,52,58,61,75,78,80,99,102,105" machi="8" ten="20,5200,0" yaku="0,1,7,1,54,2" doraHai="17" who="1" fromWho="1" sc="118,-13,335,52,315,-13,232,-26" /><INIT seed="4,0,0,2,1,26" ten="105,387,302,206" oya="0" hai0="120,44,23,91,108,113,11,37,134,46,116,82,115" hai1="114,41,15,83,126,124,69,4,73,132,13,79,103" hai2="35,50,74,99,27,105,111,40,9,24,89,29,88" hai3="7,20,68,14,76,16,112,0,56,48,117,43,58"/><T130/><D116/><U53/><E69/><V84/><F74/><W47/><G117/><T62/><D120/><U5/><E41/><V104/><F111/><W21/><G112/><N who="0" m="43083" /><D108/><U77/><E114/><V121/><F121/><W98/><G68/><T52/><D11/><U85/><E103/><V122/><F122/><W119/><G119/><T90/><D130/><U133/><E53/><V1/><F27/><W135/><G135/><N who="1" m="51786" /><E73/><V95/><F40/><W6/><G0/><T110/><D134/><U63/><E63/><V107/><F50/><W54/><G76/><N who="1" m="29258" /><E85/><V123/><F123/><W75/><G75/><T38/><D110/><U127/><E83/><V49/><F49/><W59/><G43/><T92/><D82/><U3/><E3/><V65/><F65/><W28/><G98/><N who="0" m="57623" /><D23/><U93/><E93/><V72/><F72/><W100/><G100/><T60/><D91/><U71/><E71/><V34/><F89/><W106/><G106/><T80/><D80/><U97/><E97/><V39/><F99/><W78/><G78/><T102/><D102/><U17/><E17/><V33/><REACH who="2" step="1"/><F39/><REACH who="2" ten="105,387,292,206" step="2"/><N who="0" m="14858" /><D62/><U131/><E131/><V129/><F129/><W67/><G67/><T66/><D66/><U10/><E10/><V51/><F51/><W19/><G47/><T125/><D125/><U109/><E109/><V128/><F128/><W118/><G118/><T55/><D60/><U64/><E64/><V30/><F30/><W18/><G28/><T101/><D101/><U2/><E2/><V57/><F57/><W25/><G19/><T45/><AGARI ba="0,1" hai="44,45,46,52,55" m="14858,57623,43083" machi="45" ten="40,3900,0" yaku="15,1,54,1" doraHai="26" who="0" fromWho="0" sc="105,49,387,-13,292,-13,206,-13" /><INIT seed="4,1,0,3,4,66" ten="154,374,279,193" oya="0" hai0="36,120,104,68,38,71,54,70,57,18,92,32,82" hai1="43,135,11,99,14,22,6,15,51,130,78,129,87" hai2="56,116,117,128,113,31,16,105,85,72,80,109,93" hai3="52,8,125,108,95,69,111,76,73,77,46,127,110"/><T13/><D104/><U112/><E135/><V47/><F31/><W17/><G95/><T37/><D32/><U89/><E112/><V44/><F109/><W5/><G17/><T24/><D120/><U20/><E99/><V41/><F128/><N who="1" m="49257" /><E15/><V88/><F113/><W98/><G98/><T134/><D134/><U132/><E78/><N who="3" m="30314" /><G73/><T115/><D82/><N who="1" m="49399" /><E132/><V122/><F122/><W107/><G107/><T45/><D115/><U33/><E33/><V63/><F105/><W67/><G8/><T40/><D24/><U39/><E39/><V64/><F72/><W29/><G5/><T30/><D30/><U114/><E114/><V55/><F80/><W123/><G29/><T75/><D75/><U103/><E103/><V83/><F83/><W84/><G84/><T34/><D34/><U62/><E62/><V97/><F85/><W90/><G90/><T0/><D0/><U119/><E119/><N who="2" m="45643" /><F97/><W2/><G2/><T7/><D7/><U50/><E43/><V53/><F41/><W118/><G123/><T106/><D92/><U42/><E42/><V35/><F35/><W86/><G86/><T133/><D106/><U28/><E28/><V94/><F94/><W4/><G118/><T81/><D81/><U101/><E101/><V3/><F3/><W100/><G100/><T49/><REACH who="0" step="1"/><D133/><REACH who="0" ten="144,374,279,193" step="2"/><U10/><E6/><V21/><F93/><W19/><G4/><T131/><D131/><U23/><E14/><N who="2" m="9367" /><F88/><W48/><G19/><T121/><D121/><U12/><E12/><V102/><F102/><W25/><G25/><T126/><D126/><U27/><E27/><RYUUKYOKU ba="1,1" sc="144,0,374,0,279,0,193,0" hai0="13,18,36,37,38,40,45,49,54,57,68,70,71" hai1="10,11,20,22,23,50,51" hai2="44,47,53,55,56,63,64" hai3="46,48,52,67,69,108,110,111,125,127" /><INIT seed="4,2,1,3,4,123" ten="144,374,279,193" oya="0" hai0="59,30,3,101,109,68,57,76,65,25,98,53,72" hai1="15,114,46,129,11,93,9,111,87,94,71,90,5" hai2="88,54,18,113,22,125,34,36,127,44,43,45,97" hai3="106,17,0,128,40,49,122,121,13,82,135,56,37"/><T39/><D3/><U110/><E71/><V29/><F113/><W75/><G0/><T132/><D39/><U60/><E114/><V67/><F67/><W102/><G135/><T69/><D132/><U119/><E119/><V35/><F29/><W38/><G128/><T99/><D98/><U7/><E129/><V4/><F4/><W12/><G12/><T126/><D126/><N who="2" m="48138" /><F54/><W42/><G106/><T1/><D1/><U115/><E115/><V103/><F45/><W66/><G102/><T105/><D109/><U89/><E46/><V21/><F88/><W61/><G82/><T47/><D47/><U86/><E60/><V63/><F63/><W95/><G95/><T2/><D2/><AGARI ba="2,1" hai="2,5,7,9,11,15,86,87,89,90,93,94,110,111" machi="2" ten="30,7700,0" yaku="7,1,9,1,52,2" doraHai="123" who="1" fromWho="0" sc="144,-83,374,93,279,0,193,0" /><INIT seed="5,0,0,3,0,27" ten="61,467,279,193" oya="1" hai0="90,74,52,57,97,64,63,81,75,11,89,45,85" hai1="34,70,14,51,86,116,3,134,105,24,87,103,125" hai2="17,44,106,59,9,79,120,76,111,47,66,77,19" hai3="29,48,16,69,60,109,73,119,112,132,113,30,54"/><U107/><E116/><V68/><F68/><W101/><G109/><T88/><D74/><U5/><E125/><V53/><F106/><W37/><G37/><T2/><D75/><U92/><E3/><V115/><F120/><W6/><G6/><T62/><D2/><U33/><E33/><V118/><F115/><N who="3" m="44107" /><G73/><T65/><D97/><U10/><E134/><V1/><F66/><N who="3" m="41159" /><G101/><T84/><D85/><U4/><E5/><V72/><F118/><W94/><G94/><T7/><D65/><U122/><E122/><V129/><F129/><W96/><G96/><T100/><D100/><U102/><E51/><V39/><F111/><W117/><G132/><T126/><D126/><U23/><E34/><V135/><F39/><W22/><G119/><T41/><D7/><U31/><E70/><V0/><F72/><W110/><G110/><T32/><D11/><U71/><E71/><V18/><F9/><W12/><G117/><T35/><D62/><U50/><E107/><V133/><F133/><W49/><G49/><T55/><D32/><U108/><E105/><V36/><F36/><W40/><G40/><T38/><REACH who="0" step="1"/><D35/><REACH who="0" ten="51,467,279,193" step="2"/><U82/><E108/><V56/><F135/><W127/><G127/><T20/><D20/><U28/><E103/><V95/><F1/><W67/><G67/><T15/><D15/><U78/><E102/><V25/><F0/><W83/><G83/><T42/><D42/><U131/><E4/><V98/><F98/><W124/><G124/><T123/><D123/><U43/><E43/><V93/><F93/><W21/><G21/><T26/><D26/><RYUUKYOKU ba="0,1" sc="51,15,467,-15,279,-15,193,15" hai0="38,41,45,52,55,57,63,64,81,84,88,89,90" hai3="12,16,22,29,30,48,54" /><INIT seed="6,1,1,5,0,99" ten="66,452,264,208" oya="2" hai0="30,3,2,33,18,130,132,50,118,80,88,76,126" hai1="90,87,52,74,8,63,22,1,108,123,59,96,42" hai2="133,85,17,36,75,131,28,81,78,40,27,120,127" hai3="134,121,128,58,94,84,71,26,37,64,67,49,29"/><V107/><F120/><W53/><G121/><T66/><D130/><U86/><E74/><V39/><F131/><W101/><G128/><T125/><D132/><U62/><E123/><V14/><F127/><W43/><G134/><T4/><D118/><U110/><E42/><V55/><F107/><W31/><G31/><T46/><D66/><U56/><E96/><V6/><F6/><W83/><G71/><T97/><D30/><U61/><E86/><V45/><F55/><W60/><G37/><T103/><D33/><U89/><E1/><V106/><F106/><W104/><G104/><T98/><D4/><U115/><E8/><V105/><F105/><W122/><G122/><T25/><D2/><U15/><E89/><V57/><F57/><W51/><G51/><T129/><D3/><U135/><E115/><V119/><F119/><W114/><G114/><T32/><D32/><U44/><E44/><V95/><F39/><W41/><G67/><T113/><D129/><U70/><E70/><V0/><F0/><W24/><G24/><T102/><D113/><U11/><E135/><V124/><F124/><N who="0" m="47722" /><D76/><U73/><E22/><V116/><F116/><W5/><G5/><T93/><D18/><U19/><E73/><V111/><F133/><W91/><G29/><T20/><D80/><U68/><E68/><V38/><F28/><W23/><G23/><T35/><D98/><U12/><E15/><V100/><F14/><W47/><G26/><T77/><D77/><U16/><E19/><V13/><F27/><W117/><G117/><T9/><D35/><U92/><E63/><RYUUKYOKU ba="1,1" sc="66,-15,452,15,264,-15,208,15" hai1="11,12,16,52,56,59,61,62,87,90,92,108,110" hai3="41,43,47,49,53,58,60,64,83,84,91,94,101" /><INIT seed="7,2,1,5,0,109" ten="51,467,249,223" oya="3" hai0="92,17,97,120,84,111,110,131,83,10,5,123,15" hai1="86,48,72,134,30,78,122,1,127,11,76,20,104" hai2="89,19,118,0,90,116,94,132,23,56,26,22,65" hai3="68,129,4,38,21,113,102,66,60,31,28,14,70"/><W128/><G38/><T44/><D131/><N who="3" m="50249" /><G70/><T3/><D123/><U61/><E122/><V42/><F0/><W108/><G108/><T85/><D120/><U105/><E1/><V58/><F132/><W43/><G43/><T25/><D111/><U29/><E11/><V54/><F42/><W124/><G124/><T12/><D110/><U101/><E127/><V16/><F65/><W36/><G36/><T126/><D126/><U34/><E134/><V8/><F8/><N who="3" m="4359" /><G102/><T33/><D44/><U69/><E48/><V107/><F107/><W45/><G45/><T135/><D135/><U121/><E121/><V41/><F41/><W99/><G99/><T55/><D55/><U57/><E69/><V75/><F54/><W9/><G9/><T40/><D40/><U18/><E72/><V53/><F75/><W93/><G93/><T59/><D59/><U52/><E104/><V133/><F133/><W13/><G113/><T7/><D12/><U47/><E47/><V39/><F39/><W115/><G115/><T6/><D84/><U98/><E76/><V63/><F58/><W96/><G96/><T81/><D85/><U24/><E34/><V74/><F74/><W82/><G82/><T46/><D46/><U88/><E78/><V71/><F71/><W112/><G112/><T35/><D81/><AGARI ba="2,1" hai="18,20,24,29,30,52,57,61,81,86,88,98,101,105" machi="81" ten="30,3900,0" yaku="7,1,54,2" doraHai="109" who="1" fromWho="0" sc="51,-45,467,55,249,0,223,0" owari="6,-49.0,522,62.0,249,5.0,223,-18.0" /></mjloggm>