<mjloggm ver="2.3"><GO type="41" lobby="0"/><UN n0="%E3%83%8E%E3%82%A8%E3%83%95%E3%83%AC%E3%81%AF%E3%82%AC%E3%83%81" n1="%E3%81%95%E3%82%89%E3%81%B1%E3%81%84" n2="%46%45%E5%A4%A7%E5%A5%BD%E3%81%8D%E5%90%9B" n3="%E2%93%9D%53%75%70%68%78" dan="13,13,13,18" rate="1969.25,1800.33,1881.41,2137.28" sx="M,F,M,M"/><TAIKYOKU oya="0"/><INIT seed="0,0,0,1,1,13" ten="250,250,250,250" oya="0" hai0="12,57,133,42,115,69,130,63,51,61,28,5,96" hai1="16,110,98,104,65,131,91,86,38,74,114,45,68" hai2="18,22,134,25,80,82,76,72,0,26,112,8,105" hai3="47,122,79,58,78,24,36,32,109,17,102,56,100"/><T132/><D115/><U119/><E119/><V106/><F134/><N who="0" m="51818" /><D69/><U64/><E110/><V37/><F112/><W60/><G109/><T84/><D96/><U21/><E114/><V125/><F125/><W44/><G32/><T11/><D130/><U66/><E74/><V111/><F111/><W71/><G36/><T70/><D28/><U123/><E123/><V15/><F26/><W89/><G71/><T113/><D113/><U92/><E131/><V85/><F0/><W49/><G89/><T10/><D84/><U14/><E38/><V50/><F50/><W87/><G87/><T55/><D42/><U126/><E126/><V27/><F27/><W83/><G122/><T53/><D55/><U30/><E30/><V117/><F37/><W62/><G49/><T52/><D53/><U97/><E45/><V124/><F117/><W118/><G118/><T4/><D70/><U95/><E104/><V31/><REACH who="2" step="1"/><F124/><REACH who="2" ten="250,250,240,250" step="2"/><W9/><G24/><T135/><D135/><U103/><REACH who="1" step="1"/><E98/><REACH who="1" ten="250,240,240,250" step="2"/><V48/><F48/><W108/><G108/><T43/><D43/><U40/><E40/><V34/><F34/><W75/><G75/><T107/><D107/><U59/><E59/><V23/><F23/><W121/><G121/><T35/><D35/><U41/><E41/><V1/><F1/><AGARI ba="0,2" hai="1,4,5,10,11,12,51,52,57,61,63" m="51818" machi="1" ten="30,2900,0" yaku="20,1,54,1" doraHai="13" who="0" fromWho="2" sc="250,49,240,0,240,-29,250,0" /><INIT seed="0,1,0,1,0,35" ten="299,240,211,250" oya="0" hai0="43,4,115,108,51,10,64,74,5,27,54,6,22" hai1="50,42,109,100,101,127,97,112,90,82,107,15,65" hai2="49,60,69,114,30,56,71,75,98,132,46,80,13" hai3="3,122,81,55,84,94,111,58,8,28,0,89,62"/><T72/><D115/><U53/><E109/><V2/><F114/><W34/><G111/><T23/><D10/><U57/><E112/><V93/><F30/><W86/><G122/><T41/><D108/><U88/><E127/><V121/><F132/><W135/><G135/><T59/><D64/><U33/><E33/><V38/><F121/><W130/><G130/><T105/><D105/><U128/><E128/><V21/><F2/><W7/><G28/><T39/><D23/><U25/><E101/><V16/><F38/><W87/><G34/><T9/><D9/><U85/><E25/><V95/><F80/><W45/><G45/><T134/><D134/><U32/><E32/><V12/><F75/><W129/><G129/><T14/><D14/><U99/><E65/><V120/><F120/><W63/><G63/><T31/><REACH who="0" step="1"/><D39/><REACH who="0" ten="289,240,211,250" step="2"/><U24/><E15/><V44/><F13/><W29/><G3/><T20/><D20/><U68/><E24/><V96/><F12/><W17/><G29/><T76/><D76/><U78/><E68/><V11/><F11/><W91/><REACH who="3" step="1"/><G17/><REACH who="3" ten="289,240,211,240" step="2"/><T110/><D110/><U79/><E79/><V113/><F16/><W92/><G92/><T117/><D117/><U40/><E78/><V123/><F93/><W61/><G61/><T102/><D102/><U66/><E66/><V133/><F95/><W126/><G126/><T37/><D37/><U70/><E70/><V77/><F60/><W48/><G48/><T19/><D19/><U73/><E100/><V36/><F69/><W104/><G104/><T26/><D26/><U83/><E107/><RYUUKYOKU ba="1,2" sc="289,15,240,-15,211,-15,240,15" hai0="4,5,6,22,27,31,41,43,51,54,59,72,74" hai3="0,7,8,55,58,62,81,84,86,87,89,91,94" /><INIT seed="0,2,2,0,0,61" ten="304,225,196,255" oya="0" hai0="51,34,135,73,62,70,59,119,54,15,28,50,83" hai1="13,72,67,26,111,48,133,100,92,10,93,46,40" hai2="102,116,18,12,99,130,123,68,16,30,71,52,19" hai3="85,134,9,109,56,98,126,33,44,25,114,76,27"/><T2/><D119/><U122/><E122/><V69/><F123/><W106/><G114/><T75/><D2/><U60/><E111/><V38/><F116/><W58/><G109/><T104/><D104/><U82/><E133/><V6/><F130/><W43/><G126/><T103/><D103/><U105/><E105/><V41/><F30/><W84/><G9/><T81/><D135/><U39/><E39/><V89/><F89/><W17/><G33/><T90/><D15/><U118/><E118/><V95/><F41/><W96/><G106/><T21/><D34/><U7/><E26/><V120/><F38/><W115/><G76/><T11/><D11/><U80/><E72/><V131/><F131/><W110/><G115/><T55/><D70/><U29/><E29/><V113/><F113/><W107/><G107/><T36/><D51/><U65/><E60/><V45/><F120/><W97/><G110/><T37/><D37/><U1/><E1/><V128/><F128/><W88/><G134/><T63/><D63/><U91/><E100/><V94/><F94/><N who="1" m="36457" /><E91/><V20/><REACH who="2" step="1"/><F6/><REACH who="2" ten="304,225,186,255" step="2"/><W112/><G112/><T127/><D36/><U22/><E22/><V57/><F57/><W129/><G129/><T86/><D127/><U77/><E77/><V108/><F108/><W78/><G78/><T121/><D121/><U124/><E124/><V4/><F4/><W87/><G88/><T35/><D35/><U132/><E132/><V24/><F24/><N who="3" m="9291" /><G17/><T42/><D42/><U0/><E0/><V66/><F66/><AGARI ba="2,3" hai="7,10,13,40,46,48,65,66,67,80,82" m="36457" machi="66" ten="30,7700,0" yaku="8,1,52,3" doraHai="61" who="1" fromWho="2" sc="304,0,225,113,186,-83,255,0" /><INIT seed="1,0,0,5,3,66" ten="304,338,103,255" oya="1" hai0="42,112,51,61,27,41,75,23,96,132,32,44,11" hai1="6,74,33,10,0,63,77,17,108,98,62,56,14" hai2="122,58,5,121,88,16,116,117,131,79,125,19,70" hai3="119,65,28,43,25,54,4,72,9,22,90,55,105"/><U109/><E33/><V45/><F79/><W26/><G105/><T128/><D75/><U115/><E115/><V123/><F5/><W8/><G72/><T35/><D128/><U87/><E74/><V84/><F70/><W124/><G124/><T67/><D132/><U40/><E40/><V86/><F131/><W68/><G43/><T103/><D11/><U95/><E77/><V83/><F125/><W127/><G119/><T24/><D41/><U49/><E87/><V111/><F45/><W52/><G127/><T76/><D76/><U114/><E114/><V34/><F34/><W21/><G90/><T50/><D50/><U104/><E104/><V134/><F134/><W89/><G89/><T36/><D24/><U48/><E48/><V37/><F37/><W13/><G9/><T18/><D36/><U46/><E56/><V91/><F111/><N who="1" m="42569" /><E6/><V47/><F47/><W97/><G97/><T102/><D102/><N who="1" m="60767" /><E0/><V12/><F58/><W1/><G1/><T71/><REACH who="0" step="1"/><D112/><REACH who="0" ten="294,338,103,255" step="2"/><U15/><E15/><V53/><F12/><W38/><G38/><T100/><D100/><U60/><E49/><V81/><REACH who="2" step="1"/><F53/><REACH who="2" ten="294,338,93,255" step="2"/><W99/><G55/><T73/><D73/><U101/><E101/><V110/><F110/><W31/><G54/><T126/><D126/><U59/><E59/><V107/><F107/><AGARI ba="0,2" hai="18,23,27,32,35,42,44,51,61,67,71,96,103,107" machi="107" ten="30,3900,0" yaku="1,1,7,1,52,1,53,0" doraHai="66" doraHaiUra="120" who="0" fromWho="2" sc="294,59,338,0,93,-39,255,0" /><INIT seed="2,0,0,5,0,94" ten="353,338,54,255" oya="2" hai0="24,73,110,129,81,47,60,100,90,106,58,131,57" hai1="74,3,28,71,115,122,117,124,20,84,125,75,35" hai2="61,45,62,91,59,77,134,4,96,23,21,30,53" hai3="49,18,37,34,12,43,108,93,0,10,50,114,51"/><V107/><F134/><W116/><G116/><T99/><D110/><U1/><E117/><V97/><F107/><W6/><G108/><T89/><D47/><U52/><E115/><V111/><F111/><W87/><G114/><T64/><D24/><U41/><E71/><V56/><F77/><W7/><G34/><T80/><D57/><U40/><E35/><V25/><F4/><W88/><G37/><T133/><D133/><U112/><E112/><V127/><F127/><N who="1" m="48713" /><E122/><V72/><F72/><W31/><G31/><T103/><D103/><U109/><E109/><V126/><F126/><W55/><G43/><N who="1" m="16458" /><E84/><V76/><F76/><W85/><G0/><T26/><D26/><N who="1" m="16455" /><E52/><N who="2" m="33927" /><F45/><W38/><G38/><T98/><D73/><AGARI ba="0,0" hai="1,3,73,74,75" m="16455,16458,48713" machi="73" ten="30,1000,0" yaku="18,1" doraHai="94" who="1" fromWho="0" sc="353,-10,338,10,54,0,255,0" /><INIT seed="3,0,0,5,4,131" ten="343,348,54,255" oya="3" hai0="14,49,92,106,53,121,129,69,40,60,124,38,91" hai1="132,74,52,115,36,116,72,55,70,63,12,56,21" hai2="119,93,39,7,2,89,66,68,110,58,127,77,95" hai3="35,19,71,57,102,16,80,10,25,59,73,43,27"/><W29/><G71/><T48/><D106/><U9/><E115/><V85/><F119/><W13/><G102/><T99/><D121/><U82/><E116/><V123/><F68/><W104/><G104/><T81/><D129/><U67/><E36/><V23/><F123/><W62/><G43/><T6/><D124/><U33/><E33/><V88/><F127/><W47/><G47/><T134/><D134/><U26/><E132/><V34/><F34/><W133/><G133/><T125/><D125/><U111/><E111/><V105/><F105/><W100/><G100/><T61/><D38/><U30/><E82/><V75/><F39/><W1/><G1/><T44/><D81/><U98/><E98/><V18/><F7/><W114/><G114/><T65/><D60/><U118/><E118/><V37/><F2/><W17/><G27/><T103/><D91/><N who="2" m="34890" /><F75/><W45/><G45/><T0/><D0/><U96/><E96/><V107/><F107/><W78/><REACH who="3" step="1"/><G59/><REACH who="3" ten="343,348,54,245" step="2"/><T50/><D69/><U135/><E135/><V120/><F120/><W83/><G83/><T79/><D44/><U130/><E130/><V112/><F112/><W4/><G4/><T87/><D103/><U41/><E41/><V122/><F122/><W126/><G126/><T101/><D40/><U32/><E70/><V86/><F37/><W109/><G109/><T42/><D42/><U84/><E56/><V64/><F58/><W46/><G46/><T128/><D101/><U20/><E26/><N who="2" m="14711" /><F110/><W94/><G94/><N who="2" m="35849" /><F77/><W22/><G22/><T8/><D79/><U90/><E20/><V24/><F24/><RYUUKYOKU ba="0,1" sc="343,-15,348,-15,54,15,245,15" hai2="64,66,85,86" hai3="10,13,16,17,19,25,29,35,57,62,73,78,80" /><INIT seed="3,1,1,1,2,30" ten="328,333,69,260" oya="3" hai0="114,84,45,116,88,133,108,129,43,64,73,44,5" hai1="2,47,134,113,83,56,57,99,15,127,131,90,27" hai2="107,100,121,41,6,135,62,31,106,9,35,20,4" hai3="21,32,102,115,66,104,126,52,1,24,0,120,60"/><W98/><G120/><T19/><D116/><U118/><E2/><V13/><F41/><W82/><G115/><T71/><D73/><U49/><E113/><V109/><F121/><W50/><G126/><T94/><D114/><U91/><E127/><V59/><F109/><W28/><G82/><T97/><D108/><U33/><E118/><V67/><F135/><W46/><REACH who="3" step="1"/><G21/><REACH who="3" ten="328,333,69,250" step="2"/><T36/><D133/><U92/><E134/><V124/><F124/><W105/><G105/><T70/><D129/><U96/><E131/><V76/><F106/><W80/><G80/><T75/><D75/><U78/><E83/><V111/><F111/><W68/><AGARI ba="1,2" hai="0,1,24,28,32,46,50,52,60,66,68,98,102,104" machi="68" ten="20,18000,2" yaku="1,1,0,1,7,1,25,2,52,1,54,1,53,0" doraHai="30" doraHaiUra="3" who="3" fromWho="3" sc="328,-61,333,-61,69,-61,250,203" /><INIT seed="3,2,0,2,0,122" ten="267,272,8,453" oya="3" hai0="37,114,48,57,132,101,21,117,52,106,56,62,127" hai1="66,1,24,68,38,119,40,131,8,29,126,71,102" hai2="18,27,83,70,35,41,53,55,63,28,112,72,5" hai3="129,59,31,16,115,111,3,42,32,94,43,78,98"/><W60/><G111/><T61/><D117/><U124/><E119/><V73/><F112/><W77/><G3/><T108/><D37/><U103/><E131/><V76/><F5/><W128/><G31/><T100/><D114/><U85/><E1/><V17/><F72/><W95/><G32/><T135/><D106/><U123/><E123/><V44/><F18/><W91/><G95/><T89/><D108/><U118/><E118/><V7/><F7/><W75/><G75/><T74/><D74/><U92/><E8/><V49/><F17/><W82/><G82/><T110/><D110/><U20/><E40/><N who="3" m="15402" /><G115/><T134/><D127/><N who="1" m="48683" /><E38/><V12/><F12/><W22/><G129/><T39/><D39/><U65/><E102/><N who="0" m="39529" /><D57/><U86/><E86/><V14/><F14/><N who="3" m="9495" /><G128/><T69/><D69/><N who="1" m="26699" /><E85/><V121/><F121/><W107/><G107/><T51/><D62/><U81/><E81/><V30/><F30/><W10/><G10/><T116/><D116/><U67/><E67/><AGARI ba="2,0" hai="59,60,67,77,78,91,94,98" m="9495,15402" machi="67" ten="30,2900,0" yaku="8,1,54,1" doraHai="122" who="3" fromWho="1" sc="267,0,272,-35,8,0,453,35" /><INIT seed="3,3,0,4,4,96" ten="267,237,8,488" oya="3" hai0="78,5,132,93,106,13,9,97,107,94,46,91,23" hai1="92,68,17,60,83,55,1,0,108,49,87,40,75" hai2="59,31,7,112,22,100,71,127,109,105,126,84,124" hai3="52,4,21,14,119,15,111,82,72,121,90,104,41"/><W117/><G111/><T19/><D132/><U102/><E108/><V65/><F109/><W50/><G104/><T24/><D78/><U133/><E133/><V74/><F74/><W44/><G121/><T66/><D46/><U110/><E110/><V3/><F112/><W95/><G4/><T47/><D47/><U37/><E75/><V30/><F71/><W131/><G131/><T53/><D53/><U26/><E26/><N who="2" m="16727" /><F31/><W16/><G15/><T11/><D66/><U77/><E17/><V12/><F3/><W56/><G82/><T25/><D25/><U33/><E33/><V48/><F84/><N who="3" m="52679" /><G72/><T57/><D57/><U29/><E29/><V43/><F43/><W63/><G119/><T114/><D114/><U99/><E68/><V76/><F76/><W18/><G117/><T103/><REACH who="0" step="1"/><D11/><REACH who="0" ten="257,237,8,488" step="2"/><U36/><E60/><N who="2" m="38047" /><F48/><N who="3" m="26639" /><G18/><T129/><D129/><U123/><E123/><V89/><F89/><W73/><G73/><T58/><D58/><U54/><E40/><V10/><F105/><W39/><G39/><T88/><D88/><U80/><E36/><V98/><F98/><AGARI ba="3,1" hai="5,9,13,19,23,24,91,93,94,97,98,103,106,107" machi="98" ten="30,3900,0" yaku="1,1,7,1,52,1,53,0" doraHai="96" doraHaiUra="128" who="0" fromWho="2" sc="257,58,237,0,8,-48,488,0" owari="315,12.0,237,-16.0,-40,-54.0,488,58.0" /></mjloggm>