<mjloggm ver="2.3"><GO type="41" lobby="0"/><UN n0="%E5%A7%89%E5%A6%B9%E3%82%AD%E3%82%B9" n1="%E2%93%9D%53%75%70%68%78" n2="%5A%65%61%6C" n3="%E3%82%82%E3%82%93%E3%81%A1%E3%82%85%E3%81%86" dan="14,18,14,14" rate="1899.82,2099.27,1929.38,1878.94" sx="F,M,M,M"/><TAIKYOKU oya="0"/><INIT seed="0,0,0,3,4,92" ten="250,250,250,250" oya="0" hai0="70,108,104,82,113,94,53,52,21,114,88,55,79" hai1="105,1,77,84,132,109,110,0,2,38,69,68,117" hai2="129,59,87,14,72,6,76,86,83,54,106,101,45" hai3="19,36,63,75,37,7,131,128,119,58,65,3,12"/><T125/><D125/><U130/><E117/><V100/><F129/><W47/><G119/><T60/><D104/><U121/><E121/><V99/><F45/><W11/><G75/><T50/><D50/><U42/><E84/><V28/><F28/><W51/><G131/><T18/><D108/><N who="1" m="41579" /><E132/><V34/><F34/><W95/><G95/><T134/><D134/><U25/><E77/><V67/><F67/><W64/><G64/><T13/><D60/><U81/><E81/><V127/><F127/><W8/><REACH who="3" step="1"/><G128/><REACH who="3" ten="250,250,250,240" step="2"/><T10/><D70/><U90/><E130/><V111/><F111/><W40/><AGARI ba="0,1" hai="3,7,8,11,12,19,36,37,40,47,51,58,63,65" machi="40" ten="20,5200,0" yaku="1,1,2,1,0,1,7,1,53,0" doraHai="92" doraHaiUra="116" who="3" fromWho="3" sc="250,-26,250,-13,250,-13,240,62" /><INIT seed="1,0,0,4,5,84" ten="224,237,237,302" oya="1" hai0="118,86,23,25,119,62,129,106,124,75,54,41,105" hai1="13,73,48,61,24,42,102,114,109,20,45,34,131" hai2="59,99,26,91,14,72,104,55,18,77,133,95,3" hai3="71,115,113,58,89,31,81,22,101,68,97,40,87"/><U9/><E114/><V27/><F3/><W36/><G115/><T67/><D75/><U32/><E73/><V96/><F133/><W21/><G113/><T82/><D124/><U52/><E131/><V103/><F77/><W123/><G123/><T8/><D129/><U116/><E116/><V130/><F72/><W44/><G58/><T63/><D41/><U90/><E102/><V88/><F130/><W65/><G65/><T110/><D110/><U17/><E109/><V107/><F104/><W50/><G36/><T108/><D108/><U5/><E61/><V11/><REACH who="2" step="1"/><F91/><REACH who="2" ten="224,237,227,302" step="2"/><W10/><G89/><T47/><D105/><U122/><E122/><V80/><F80/><W70/><G81/><T93/><D106/><U49/><REACH who="1" step="1"/><E90/><REACH who="1" ten="224,227,227,302" step="2"/><V135/><F135/><W74/><G74/><T85/><D118/><U29/><E29/><V127/><F127/><W92/><G31/><T117/><D119/><U60/><E60/><AGARI ba="0,2" hai="11,14,18,26,27,55,59,60,88,95,96,99,103,107" machi="60" ten="30,7700,0" yaku="1,1,7,1,52,1,54,1,53,0" doraHai="84" doraHaiUra="76" who="2" fromWho="1" sc="224,0,227,-77,227,97,302,0" /><INIT seed="2,0,0,5,0,36" ten="224,150,324,302" oya="2" hai0="118,54,121,82,51,28,44,62,50,109,100,125,90" hai1="34,56,21,2,5,80,103,89,59,115,40,110,79" hai2="111,57,49,3,58,124,33,108,102,10,128,61,53" hai3="63,30,78,112,97,20,29,45,39,65,47,48,19"/><V105/><F33/><W106/><G112/><T55/><D121/><U120/><E115/><V38/><F38/><W9/><G78/><T83/><D109/><N who="2" m="42058" /><F128/><W86/><G9/><T27/><D125/><U76/><E34/><V94/><F105/><W25/><G86/><T43/><D118/><U37/><E103/><V66/><F124/><W17/><G17/><T32/><D100/><U99/><E120/><V93/><F102/><W134/><G106/><T26/><D26/><U132/><E132/><V8/><F8/><W130/><G130/><T73/><D62/><U15/><E110/><V22/><F22/><W95/><G39/><T129/><D129/><U13/><E21/><V70/><F70/><W85/><G85/><T117/><D117/><U52/><E37/><V131/><F131/><W12/><G134/><T101/><D101/><U88/><E99/><V68/><F68/><W104/><G104/><T126/><D126/><U122/><E122/><V0/><F10/><W42/><G47/><T35/><D35/><U74/><E59/><V96/><F96/><W46/><G46/><T92/><D73/><U69/><E69/><V18/><F18/><W81/><G81/><T14/><D14/><U60/><E15/><V16/><F16/><W71/><REACH who="3" step="1"/><G12/><REACH who="3" ten="224,150,324,292" step="2"/><T84/><REACH who="0" step="1"/><D55/><REACH who="0" ten="214,150,324,292" step="2"/><U87/><E13/><V41/><F0/><W114/><G114/><T116/><D116/><U123/><E123/><V7/><F3/><W107/><G107/><T6/><D6/><U64/><E5/><V11/><F7/><W98/><G98/><T1/><D1/><U135/><E2/><RYUUKYOKU ba="0,2" sc="214,15,150,-15,324,-15,292,15" hai0="27,28,32,43,44,50,51,54,82,83,84,90,92" hai3="19,20,25,29,30,42,45,48,63,65,71,95,97" /><INIT seed="3,1,2,5,0,77" ten="229,135,309,307" oya="3" hai0="90,107,73,80,130,39,24,106,129,111,46,38,100" hai1="5,132,75,3,121,1,0,115,6,131,89,51,35" hai2="76,114,117,36,110,23,68,128,92,11,40,18,47" hai3="99,19,133,81,37,124,14,84,96,10,41,122,49"/><W116/><G122/><T126/><D46/><U7/><E75/><V25/><F114/><W82/><G116/><T120/><D24/><U63/><E63/><V119/><F68/><W50/><G133/><T32/><D32/><U60/><E60/><V33/><F33/><W125/><G37/><N who="0" m="13835" /><D120/><U45/><E121/><V85/><F110/><W55/><G41/><T56/><D111/><U88/><E115/><V112/><F112/><W79/><G125/><T29/><D29/><U104/><E104/><V65/><F65/><W54/><G124/><T97/><D126/><U8/><E131/><N who="0" m="50185" /><D56/><U34/><E132/><V66/><F128/><W94/><G82/><T134/><D134/><U108/><E108/><V58/><F11/><W127/><G127/><T13/><D13/><U16/><E35/><V135/><F135/><W42/><G42/><T43/><D43/><U91/><E34/><V22/><F22/><W72/><G72/><T101/><D101/><U12/><REACH who="1" step="1"/><E3/><REACH who="1" ten="229,125,309,307" step="2"/><V15/><F119/><W102/><G99/><T83/><D106/><U113/><E113/><V62/><F117/><W93/><G93/><N who="0" m="56503" /><D73/><U67/><E67/><V118/><F92/><W20/><G10/><T26/><D26/><U61/><E61/><V57/><F118/><W71/><G71/><T105/><D107/><U53/><AGARI ba="1,3" hai="0,1,5,6,7,8,12,16,45,51,53,88,89,91" machi="53" ten="30,7900,0" yaku="1,1,0,1,54,2,53,0" doraHai="77" doraHaiUra="70" who="1" fromWho="1" sc="229,-21,125,112,309,-21,307,-40" /><INIT seed="4,0,0,4,1,64" ten="208,237,288,267" oya="0" hai0="18,66,52,36,118,51,15,82,27,91,83,122,40" hai1="116,70,55,4,79,9,48,89,88,47,98,7,74" hai2="60,94,5,31,44,112,107,110,56,33,21,121,76" hai3="24,2,132,125,13,85,49,135,129,54,30,38,32"/><T105/><D122/><U75/><E116/><V41/><F110/><W134/><G38/><T133/><D118/><U123/><E123/><V87/><F107/><W28/><G85/><T19/><D105/><U92/><E7/><V120/><F112/><W23/><G125/><T0/><D0/><U59/><E70/><V57/><F33/><W72/><G72/><T99/><D133/><U39/><E79/><V128/><F128/><W65/><G65/><T86/><D36/><U63/><E39/><V131/><F131/><W126/><G126/><T16/><D40/><U100/><E75/><V29/><F5/><W62/><G129/><T114/><D114/><U17/><E17/><N who="0" m="6153" /><D27/><U14/><REACH who="1" step="1"/><E74/><REACH who="1" ten="208,227,288,267" step="2"/><V109/><F76/><W95/><G135/><T6/><D6/><U22/><E22/><V111/><F21/><W106/><G23/><N who="0" m="11679" /><D66/><AGARI ba="0,1" hai="4,9,14,47,48,55,59,63,66,88,89,92,98,100" machi="66" ten="30,8000,1" yaku="1,1,7,1,8,1,54,1,53,1" doraHai="64" doraHaiUra="43" who="1" fromWho="0" sc="208,-80,227,90,288,0,267,0" /><INIT seed="5,0,0,0,1,103" ten="128,317,288,267" oya="1" hai0="79,14,133,116,19,34,6,104,98,126,57,76,91" hai1="93,45,0,51,48,30,114,67,16,29,40,112,121" hai2="69,62,80,87,120,21,72,78,49,135,66,47,107" hai3="118,9,105,52,61,17,70,90,132,96,123,3,42"/><U82/><E121/><V46/><F120/><W12/><G123/><T84/><D116/><U15/><E0/><V44/><F135/><W11/><G132/><T68/><D68/><U117/><E117/><V39/><F39/><W65/><G118/><T85/><D34/><U127/><E127/><V31/><F31/><W131/><G131/><T8/><D126/><U99/><E67/><V59/><F21/><W7/><G42/><T22/><D133/><U28/><E82/><V13/><F13/><W38/><G38/><T130/><D130/><U106/><E51/><V97/><F72/><W27/><G27/><T56/><D85/><U5/><E5/><V55/><REACH who="2" step="1"/><F69/><REACH who="2" ten="128,317,278,267" step="2"/><W10/><G10/><T134/><D134/><U88/><REACH who="1" step="1"/><E106/><REACH who="1" ten="128,307,278,267" step="2"/><V50/><F50/><W64/><G105/><T77/><D104/><U32/><E32/><V20/><F20/><AGARI ba="0,2" hai="15,16,20,28,29,30,40,45,48,88,93,99,112,114" machi="20" ten="40,7700,0" yaku="1,1,54,2,53,0" doraHai="103" doraHaiUra="129" who="1" fromWho="2" sc="128,0,307,97,278,-77,267,0" /><INIT seed="5,1,0,4,3,59" ten="128,404,201,267" oya="1" hai0="122,37,110,27,102,97,123,114,130,43,113,83,24" hai1="50,84,22,26,76,56,19,44,65,61,100,51,126" hai2="70,91,117,101,62,93,4,77,86,16,6,95,28" hai3="2,48,7,21,9,42,55,82,125,18,78,80,121"/><U40/><E126/><V118/><F77/><W63/><G125/><T13/><D43/><U119/><E119/><V14/><F28/><W104/><G104/><N who="0" m="63567" /><D37/><U120/><E120/><N who="0" m="46121" /><D13/><U53/><E100/><V60/><F118/><W109/><G109/><T36/><D36/><U58/><E84/><V29/><F29/><W107/><G107/><T103/><D24/><U115/><REACH who="1" step="1"/><E76/><REACH who="1" ten="128,394,201,267" step="2"/><V108/><F117/><W88/><G78/><T15/><D103/><U131/><E131/><V98/><F108/><W132/><G121/><T33/><D110/><U68/><E68/><V74/><F74/><W25/><G42/><T31/><D130/><U0/><E0/><V64/><REACH who="2" step="1"/><F62/><REACH who="2" ten="128,394,191,267" step="2"/><W67/><G63/><T90/><D114/><AGARI ba="1,2" hai="19,22,26,40,44,50,51,53,56,58,61,65,114,115" machi="114" ten="40,3900,0" yaku="1,1,52,1,53,0" doraHai="59" doraHaiUra="94" who="1" fromWho="0" sc="128,-42,394,62,191,0,267,0" /><INIT seed="5,2,0,2,4,49" ten="86,456,191,267" oya="1" hai0="102,110,90,108,28,64,118,29,11,135,93,33,114" hai1="133,27,134,128,122,100,78,0,21,23,106,24,86" hai2="126,73,9,76,12,92,61,4,2,67,119,53,56" hai3="107,54,50,48,121,83,95,45,36,117,37,31,65"/><U105/><E128/><V72/><F119/><W124/><G121/><T13/><D118/><U1/><E86/><V8/><F126/><W35/><G117/><T66/><D135/><U16/><E78/><V60/><F92/><W120/><G120/><T26/><D29/><U130/><E122/><V132/><F132/><N who="1" m="50793" /><E130/><V55/><F76/><W129/><G107/><N who="1" m="40970" /><E100/><V75/><REACH who="2" step="1"/><F60/><REACH who="2" ten="86,456,181,267" step="2"/><W15/><G129/><T68/><D93/><U32/><E32/><V97/><F97/><W82/><G35/><T131/><D110/><U51/><E51/><V18/><AGARI ba="2,1" hai="2,4,8,9,12,18,53,55,56,61,67,72,73,75" machi="18" ten="30,7900,0" yaku="1,1,0,1,52,2,53,0" doraHai="49" doraHaiUra="109" who="2" fromWho="2" sc="86,-22,456,-41,181,95,267,-22" /><INIT seed="6,0,0,1,5,21" ten="64,415,276,245" oya="2" hai0="24,86,44,134,0,78,97,133,90,14,49,131,35" hai1="66,109,9,77,102,125,76,113,69,81,104,120,46" hai2="7,47,101,116,45,32,22,59,119,72,127,5,15" hai3="91,111,94,43,107,71,61,130,52,132,26,12,31"/><V70/><F32/><W54/><G111/><T92/><D0/><U29/><E113/><V51/><F70/><W73/><G73/><T33/><D131/><U65/><E104/><V18/><F72/><W128/><G132/><T67/><D67/><U87/><E125/><V88/><F127/><W110/><G107/><T115/><D115/><U40/><E29/><V50/><F101/><W11/><G110/><T62/><D62/><U121/><E102/><V55/><F119/><W10/><G43/><T79/><D14/><U19/><E77/><V37/><F116/><W8/><G12/><T30/><D33/><U82/><E82/><V108/><F108/><W38/><G38/><T16/><D16/><U118/><E69/><V60/><F37/><W39/><G39/><T3/><D3/><U58/><E118/><V17/><F18/><W4/><G4/><T20/><D35/><U122/><E109/><V93/><F7/><W83/><G83/><T95/><D133/><U53/><E19/><V1/><F1/><W64/><G130/><T105/><D105/><U80/><E80/><V57/><F5/><W27/><G128/><T85/><D134/><U42/><E9/><V89/><F93/><W124/><G124/><T106/><D106/><U41/><E46/><N who="2" m="17419" /><F51/><AGARI ba="0,0" hai="40,41,42,51,53,58,65,66,76,81,87,120,121,122" machi="51" ten="50,1600,0" yaku="13,1" doraHai="21" who="1" fromWho="2" sc="64,0,415,16,276,-16,245,0" /><INIT seed="7,0,0,3,4,95" ten="64,431,260,245" oya="3" hai0="8,11,101,16,80,4,58,112,2,60,78,18,123" hai1="28,96,119,61,32,30,87,98,35,122,62,81,27" hai2="84,90,46,52,106,39,93,68,48,105,23,7,15" hai3="5,63,91,55,44,69,34,57,50,14,56,37,76"/><W51/><G34/><T117/><D123/><U113/><E113/><V103/><F68/><W121/><G121/><T12/><D117/><U75/><E75/><V135/><F39/><W40/><G76/><T109/><D109/><U86/><E122/><V1/><F1/><W66/><G91/><T13/><D101/><U99/><E119/><V67/><F67/><W92/><G92/><T43/><D43/><U128/><E128/><V115/><F115/><W64/><G5/><T130/><D130/><U20/><E87/><V102/><F135/><W89/><G14/><T74/><D112/><U72/><E72/><V88/><F106/><W104/><G89/><T134/><D134/><U73/><E73/><V118/><F118/><W116/><G104/><T6/><REACH who="0" step="1"/><D2/><REACH who="0" ten="54,431,260,245" step="2"/><U53/><E35/><V65/><F103/><W85/><G116/><T77/><D77/><U24/><E53/><AGARI ba="0,1" hai="4,6,8,11,12,13,16,18,53,58,60,74,78,80" machi="53" ten="30,7700,0" yaku="1,1,7,1,9,1,54,1,53,0" doraHai="95" doraHaiUra="29" who="0" fromWho="1" sc="54,87,431,-77,260,0,245,0" owari="141,-36.0,354,45.0,260,6.0,245,-15.0" /></mjloggm>