<mjloggm ver="2.3"><GO type="41" lobby="0"/><UN n0="%EF%BC%98%E9%A0%AD%E8%BA%AB%CE%B1" n1="%E3%83%A9%E3%83%B3%E3%83%89%E3%83%AC%E3%83%BC%E3%82%B9" n2="%E2%93%9D%53%75%70%68%78" n3="%E3%83%A8%E3%83%83%E3%82%B7%E3%83%BC%5A" dan="14,14,18,14" rate="1853.32,1929.16,2136.86,1856.90" sx="M,M,M,M"/><TAIKYOKU oya="0"/><INIT seed="0,0,0,3,1,11" ten="250,250,250,250" oya="0" hai0="9,32,72,56,94,12,4,62,57,16,7,14,28" hai1="42,18,79,128,129,19,78,133,59,88,63,0,108" hai2="75,100,91,70,47,1,45,123,101,114,38,126,36" hai3="82,105,27,95,61,65,46,13,17,76,49,107,131"/><T83/><D72/><U118/><E0/><V37/><F75/><W48/><G27/><T55/><D83/><U66/><E118/><V116/><F1/><W80/><G80/><T96/><D32/><U29/><E29/><V103/><F126/><W93/><G107/><T20/><D28/><U110/><E42/><V25/><F123/><W120/><G49/><T23/><D57/><U71/><E133/><V134/><F114/><W112/><G105/><T35/><D35/><U3/><E3/><V22/><F70/><W84/><G120/><T85/><D85/><U24/><E71/><V98/><F116/><W73/><G73/><T135/><D135/><U99/><E24/><V106/><F134/><W132/><G132/><T34/><D34/><U86/><E99/><V77/><F77/><N who="1" m="29193" /><E18/><V8/><F106/><W121/><G121/><T81/><D81/><N who="1" m="49231" /><E19/><V64/><F38/><W124/><G124/><T15/><D7/><U87/><E87/><V89/><F37/><W33/><G33/><T54/><D54/><U119/><E119/><V43/><F36/><W60/><G60/><T74/><D74/><U113/><E113/><V68/><F43/><W58/><G112/><T6/><D6/><U5/><E5/><V39/><F39/><W21/><G131/><AGARI ba="0,0" hai="59,63,66,108,110,128,129,131" m="49231,29193" machi="131" ten="30,2000,0" yaku="19,1,54,1" doraHai="11" who="1" fromWho="3" sc="250,0,250,20,250,0,250,-20" /><INIT seed="1,0,0,0,0,54" ten="250,270,250,230" oya="1" hai0="84,86,7,128,22,127,50,40,31,44,6,58,11" hai1="85,60,19,91,95,12,57,14,15,78,20,115,43" hai2="114,133,96,9,67,59,108,79,111,66,24,116,110" hai3="80,83,131,126,52,33,119,35,106,76,112,64,70"/><U82/><E115/><V8/><F114/><W97/><G112/><T74/><D74/><U81/><E43/><V29/><F116/><W42/><G126/><T56/><D127/><U5/><E5/><N who="0" m="1545" /><D11/><U107/><E107/><V101/><F79/><W26/><G131/><T36/><D36/><U16/><E19/><V92/><F133/><W113/><G113/><T53/><D128/><U63/><E82/><V30/><F30/><W88/><G119/><T28/><D40/><U89/><E63/><N who="2" m="38271" /><F67/><W4/><G42/><T72/><D72/><U0/><E0/><V37/><F37/><W130/><G4/><T121/><D121/><U69/><E69/><V135/><F135/><W68/><G130/><T65/><D65/><N who="1" m="39055" /><E78/><V109/><F109/><W124/><G124/><T32/><D32/><AGARI ba="0,0" hai="8,9,24,29,32,92,96,101,108,110,111" m="38271" machi="32" ten="30,2000,0" yaku="14,1,52,1" doraHai="54" who="2" fromWho="0" sc="250,-20,270,0,250,20,230,0" /><INIT seed="2,0,0,1,5,89" ten="230,270,270,230" oya="2" hai0="117,52,69,53,10,38,71,46,8,75,55,62,63" hai1="119,2,68,133,37,45,93,5,92,72,54,40,135" hai2="47,88,34,25,18,19,132,115,12,114,21,98,109" hai3="66,77,105,120,43,79,81,113,110,36,13,124,27"/><V51/><F132/><W26/><G120/><T104/><D104/><U24/><E119/><V3/><F3/><W97/><G110/><T130/><D75/><U131/><E68/><N who="0" m="26185" /><D10/><N who="1" m="2359" /><E72/><V31/><F109/><W100/><G113/><T111/><D111/><U112/><E112/><V126/><F126/><W107/><G124/><T70/><D117/><U67/><E67/><V121/><F19/><W58/><G79/><T96/><D96/><U4/><E4/><V30/><F30/><W83/><G83/><T1/><D1/><U78/><E78/><V106/><F121/><W128/><G128/><T122/><D122/><U22/><E131/><V73/><F73/><W102/><G13/><T101/><D101/><U20/><E54/><V60/><F60/><W87/><G43/><N who="0" m="22903" /><D130/><U61/><E61/><V94/><REACH who="2" step="1"/><F106/><REACH who="2" ten="230,270,260,230" step="2"/><W41/><G107/><T85/><D8/><U90/><E135/><V56/><F56/><W82/><G105/><T16/><D16/><U50/><E133/><V116/><F116/><W64/><G58/><N who="0" m="35151" /><D85/><U59/><E59/><V42/><AGARI ba="0,1" hai="12,18,21,25,31,34,42,47,51,88,94,98,114,115" machi="42" ten="20,12000,1" yaku="1,1,0,1,7,1,52,1,54,1,53,0" doraHai="89" doraHaiUra="103" who="2" fromWho="2" sc="230,-40,270,-40,260,130,230,-40" /><INIT seed="2,1,0,4,3,52" ten="190,230,390,190" oya="2" hai0="128,105,103,48,66,135,47,6,73,87,22,68,3" hai1="11,109,125,44,46,101,102,58,39,42,60,80,100" hai2="23,33,8,114,93,12,95,123,126,94,129,133,55" hai3="65,90,86,9,108,35,82,79,41,14,59,83,110"/><V127/><F114/><W51/><G35/><T134/><D73/><U67/><E125/><N who="2" m="47627" /><F33/><W107/><G107/><T34/><D34/><U36/><E109/><V98/><F123/><W0/><G0/><T50/><D3/><U2/><E80/><V74/><F133/><N who="0" m="50698" /><D128/><U4/><REACH who="1" step="1"/><E101/><REACH who="1" ten="190,220,390,190" step="2"/><V61/><F129/><W57/><G110/><T72/><D103/><U120/><E120/><V78/><F74/><W27/><G108/><T122/><D72/><U5/><E5/><V17/><F78/><W119/><G119/><T19/><D6/><U131/><E131/><V118/><F118/><W69/><G69/><T24/><D122/><U32/><E32/><V99/><F23/><W49/><G27/><T112/><D68/><U75/><E75/><V15/><F15/><W30/><G30/><T16/><D24/><U40/><AGARI ba="1,1" hai="2,4,11,36,39,40,42,44,46,58,60,67,100,102" machi="40" ten="30,8000,1" yaku="1,1,0,1,9,1,52,1,53,1" doraHai="52" doraHaiUra="1" who="1" fromWho="1" sc="190,-21,220,93,390,-41,190,-21" /><INIT seed="3,0,0,4,3,100" ten="169,313,349,169" oya="3" hai0="110,125,2,32,112,89,118,30,99,61,135,22,111" hai1="108,97,35,71,31,34,24,39,87,21,65,94,69" hai2="27,60,8,58,77,103,115,66,59,18,50,83,80" hai3="101,68,105,122,131,42,123,79,37,11,26,4,130"/><W56/><G68/><T23/><D61/><U78/><E39/><V14/><F115/><W47/><G79/><T72/><D72/><U95/><E108/><N who="0" m="41513" /><D99/><U9/><E71/><V44/><F103/><W5/><G56/><T107/><D89/><U19/><E35/><V63/><F27/><W62/><G62/><T90/><D90/><U52/><E69/><V43/><REACH who="2" step="1"/><F77/><REACH who="2" ten="169,313,339,169" step="2"/><W48/><G26/><N who="0" m="18519" /><D112/><U0/><E78/><V54/><AGARI ba="0,1" hai="8,14,18,43,44,50,54,58,59,60,63,66,80,83" machi="54" ten="20,8000,1" yaku="1,1,0,1,7,1,8,1,53,1" doraHai="100" doraHaiUra="12" who="2" fromWho="2" sc="169,-20,313,-20,339,90,169,-40" /><INIT seed="4,0,0,0,4,129" ten="149,293,429,129" oya="0" hai0="133,78,23,10,124,97,54,126,86,43,44,99,79" hai1="55,114,39,77,112,108,125,131,67,96,111,30,14" hai2="27,66,128,109,19,123,5,103,115,98,62,116,41" hai3="120,1,34,92,107,118,13,104,90,106,22,58,57"/><T63/><D10/><U26/><E39/><V16/><F115/><N who="1" m="44073" /><E67/><V70/><F123/><W33/><G118/><T119/><D119/><U6/><E77/><N who="0" m="29193" /><D86/><U29/><E96/><N who="0" m="36937" /><D23/><U82/><E82/><V134/><F109/><N who="1" m="42057" /><E55/><V93/><F66/><W3/><G120/><T31/><D31/><N who="1" m="11787" /><E131/><V36/><F128/><W28/><G3/><T87/><D87/><U65/><E65/><V89/><F116/><W38/><G38/><T113/><D113/><U91/><E91/><V121/><F89/><W64/><G1/><T47/><D63/><U105/><E105/><V32/><F62/><W72/><G72/><T71/><D54/><U9/><E26/><V0/><F27/><W45/><G45/><N who="0" m="17483" /><D71/><U11/><E11/><V74/><F70/><W60/><G58/><T49/><D49/><U52/><E52/><V59/><F59/><W132/><G28/><T20/><D20/><U101/><E101/><V61/><F61/><W130/><G130/><T12/><D12/><U68/><E68/><V94/><F103/><W17/><G33/><T84/><D84/><U117/><E117/><V85/><F85/><W81/><G34/><T8/><D8/><U110/><E110/><V24/><F32/><W75/><G75/><T25/><D25/><U40/><E40/><V51/><F41/><W46/><G46/><T95/><D43/><U56/><E56/><V42/><F42/><W53/><G53/><T18/><D18/><U73/><E73/><V127/><F74/><W15/><G107/><T135/><D95/><U35/><E35/><V4/><F94/><W83/><G106/><RYUUKYOKU ba="0,0" sc="149,15,293,15,429,-15,129,-15" hai0="124,126,133,135" hai1="6,9,14,125" /><INIT seed="4,1,0,4,5,64" ten="164,308,414,114" oya="0" hai0="6,47,22,55,54,135,119,43,53,59,112,108,39" hai1="109,19,86,15,12,21,36,106,134,116,17,28,92" hai2="74,65,29,62,87,27,85,72,113,96,101,71,103" hai3="50,97,75,77,90,18,14,40,125,122,51,32,5"/><T99/><D119/><U4/><E106/><N who="2" m="63783" /><F113/><W31/><G122/><T105/><D112/><U120/><E36/><V33/><F103/><W79/><G125/><T128/><D108/><U49/><E120/><V80/><F87/><W57/><G5/><T60/><D135/><U3/><E134/><V9/><F9/><W58/><G75/><T13/><D128/><U45/><E116/><V42/><F42/><W123/><G123/><T118/><D118/><U34/><E109/><V131/><F131/><W124/><G31/><T114/><D114/><U11/><E92/><V7/><F7/><W38/><G32/><T82/><D105/><U81/><E34/><V37/><F37/><W73/><G73/><T133/><D133/><U126/><E126/><V44/><F44/><W24/><G24/><T8/><D99/><U104/><E104/><V115/><F115/><W117/><G38/><T61/><D82/><U127/><E127/><V63/><F63/><W0/><G0/><T30/><REACH who="0" step="1"/><D59/><REACH who="0" ten="154,308,414,114" step="2"/><U68/><E81/><V95/><F95/><W41/><G117/><T56/><D56/><U46/><E46/><V67/><F67/><W26/><G124/><T110/><D110/><U98/><E45/><V10/><F80/><W129/><G129/><T102/><D102/><U23/><E98/><V89/><F65/><W94/><G58/><T48/><D48/><N who="3" m="18473" /><G57/><T20/><D20/><U25/><E23/><V111/><F111/><W100/><G100/><T132/><D132/><U78/><E21/><V70/><F33/><W35/><G35/><T93/><D93/><U88/><E49/><RYUUKYOKU ba="1,1" sc="154,30,308,-10,414,-10,114,-10" hai0="6,8,13,22,30,39,43,47,53,54,55,60,61" /><INIT seed="4,2,1,2,5,97" ten="184,298,404,104" oya="0" hai0="126,50,133,13,89,64,135,66,44,24,5,0,124" hai1="42,36,100,114,23,14,49,96,69,128,34,33,85" hai2="32,123,98,115,70,129,61,45,68,6,9,65,99" hai3="52,132,63,78,113,37,12,1,48,19,110,111,26"/><T90/><D0/><U39/><E69/><V53/><F123/><W101/><G37/><T79/><D79/><U47/><E128/><V29/><F115/><W25/><G1/><T8/><D24/><U93/><E114/><V57/><F129/><W82/><G113/><T46/><D50/><U127/><E127/><N who="0" m="48681" /><D44/><U74/><E74/><V122/><F122/><W87/><G132/><N who="0" m="50763" /><D46/><U16/><REACH who="1" step="1"/><E85/><REACH who="1" ten="184,288,404,104" step="2"/><V73/><F70/><W11/><G111/><T58/><D58/><U134/><E134/><V80/><F68/><W59/><G110/><T92/><D90/><U106/><E106/><V71/><F71/><W81/><G81/><T72/><D72/><U91/><E91/><V43/><F80/><W75/><G75/><T20/><D20/><U77/><E77/><V31/><F57/><W54/><REACH who="3" step="1"/><G101/><REACH who="3" ten="184,288,404,94" step="2"/><T117/><D117/><U55/><E55/><V17/><F53/><W60/><G60/><T28/><D28/><U51/><E51/><V30/><F30/><W41/><G41/><T131/><D131/><U83/><E83/><V15/><F31/><W38/><G38/><AGARI ba="2,3" hai="14,16,23,33,34,36,38,39,42,47,49,93,96,100" machi="38" ten="40,5200,0" yaku="1,1,52,1,54,1,53,0" doraHai="97" doraHaiUra="22" who="1" fromWho="3" sc="184,0,288,88,404,0,94,-58" /><INIT seed="5,0,0,0,3,129" ten="184,376,404,36" oya="1" hai0="95,117,1,119,75,40,111,49,7,118,35,38,65" hai1="69,24,80,110,96,76,122,85,127,104,114,74,67" hai2="88,89,29,9,100,39,21,115,57,15,101,6,22" hai3="97,131,124,84,26,132,44,68,66,130,133,0,16"/><U36/><E122/><V116/><F116/><W30/><G0/><T78/><D65/><U55/><E127/><V83/><F39/><W113/><G113/><T93/><D49/><U48/><E114/><V59/><F115/><W105/><G44/><N who="0" m="23575" /><D35/><U126/><E126/><V92/><F83/><W109/><G109/><T10/><D111/><U77/><E110/><V12/><F29/><W51/><G51/><T125/><D125/><U31/><E36/><V98/><F89/><W4/><G4/><T2/><D2/><U82/><E69/><V53/><F59/><W47/><G47/><T56/><D56/><U28/><E67/><V103/><REACH who="2" step="1"/><F15/><REACH who="2" ten="184,376,394,36" step="2"/><W20/><G68/><T11/><D11/><U99/><E31/><V73/><F73/><W64/><G124/><T121/><D121/><U86/><E74/><V5/><F5/><W62/><G62/><AGARI ba="0,1" hai="6,9,12,21,22,53,57,62,88,92,98,100,101,103" machi="62" ten="40,5200,0" yaku="1,1,8,1,54,1,53,0" doraHai="129" doraHaiUra="23" who="2" fromWho="3" sc="184,0,376,0,394,62,36,-52" owari="184,-22.0,376,18.0,456,56.0,-16,-52.0" /></mjloggm>