<mjloggm ver="2.3"><GO type="41" lobby="0"/><UN n0="%2A%68%69%72%61%6D%61" n1="%E5%9B%9B%E5%9F%9C%E5%AE%AE%E8%AC%A1" n2="%E2%93%9D%53%75%70%68%78" n3="%E3%82%82%E3%82%8D%E3%82%82%E3%82%8D" dan="14,14,17,14" rate="1914.51,1952.66,2031.11,1899.33" sx="M,M,M,M"/><TAIKYOKU oya="0"/><INIT seed="0,0,0,2,2,102" ten="250,250,250,250" oya="0" hai0="120,28,36,127,89,9,90,67,4,110,74,134,88" hai1="75,105,66,70,40,62,71,122,93,123,19,33,55" hai2="38,51,35,46,131,81,118,65,101,119,56,115,125" hai3="54,69,95,11,77,94,100,7,27,92,59,73,104"/><T135/><D120/><U20/><E75/><V3/><F3/><W68/><G27/><T29/><D36/><U86/><E33/><V43/><F35/><W22/><G22/><T6/><D74/><U14/><E71/><V32/><F32/><W129/><G129/><T13/><D67/><U121/><E40/><V87/><F101/><W52/><G54/><T60/><D127/><U98/><E86/><V39/><F87/><W5/><G77/><T82/><D60/><U78/><E78/><V42/><F81/><W79/><G7/><T34/><D82/><U103/><REACH who="1" step="1"/><E55/><REACH who="1" ten="250,240,250,250" step="2"/><V76/><F76/><W53/><G79/><T116/><D34/><U112/><E112/><V50/><F115/><W1/><G53/><T84/><D84/><U61/><E61/><N who="2" m="38055" /><F131/><W37/><G73/><T91/><D116/><N who="2" m="44586" /><F125/><W80/><G80/><T111/><N who="0" m="22528" /><DORA hai="85" /><T0/><D0/><U49/><E49/><V17/><F51/><W124/><G124/><T31/><REACH who="0" step="1"/><D6/><REACH who="0" ten="240,240,250,250" step="2"/><U106/><AGARI ba="0,2" hai="14,19,20,62,66,70,93,98,103,105,106,121,122,123" machi="106" ten="40,8000,1" yaku="1,1,0,1,52,2,53,1" doraHai="102,85" doraHaiUra="12,48" who="1" fromWho="1" sc="240,-40,240,100,250,-20,250,-20" /><INIT seed="1,0,0,2,0,100" ten="200,340,230,230" oya="1" hai0="56,89,126,38,69,131,81,17,37,63,66,99,88" hai1="96,41,117,85,109,102,49,120,51,33,9,90,30" hai2="78,73,55,22,31,72,32,34,125,40,26,91,87" hai3="98,103,28,59,124,46,57,112,128,23,82,121,13"/><U113/><E113/><V133/><F133/><W8/><G124/><T18/><D131/><U92/><E117/><V58/><F125/><W97/><G128/><T130/><D130/><U111/><E41/><V35/><F78/><W83/><G121/><T74/><D126/><U132/><E120/><V0/><F0/><W104/><G46/><T60/><D38/><U15/><E30/><V21/><F40/><W86/><G98/><T36/><D18/><U94/><E33/><V44/><F44/><W95/><G112/><T25/><D89/><U77/><E77/><V16/><F58/><W135/><G95/><T5/><D5/><U108/><REACH who="1" step="1"/><E132/><REACH who="1" ten="200,330,230,230" step="2"/><V101/><F35/><W43/><G43/><T84/><D37/><U93/><E93/><V61/><F34/><W129/><G135/><T119/><D36/><U14/><E14/><V6/><F32/><W2/><G129/><T62/><D119/><U107/><E107/><V68/><F31/><W114/><G28/><T70/><D70/><U45/><E45/><V71/><F71/><W80/><G2/><T27/><D69/><U116/><E116/><V65/><F68/><W123/><G114/><T79/><D27/><U53/><E53/><V48/><F55/><W47/><G47/><T127/><D127/><U11/><E11/><V110/><F26/><W64/><G123/><T20/><D99/><U106/><E106/><V67/><F67/><W76/><G64/><T12/><D12/><U50/><E50/><V4/><F65/><W75/><G8/><T122/><D122/><U105/><E105/><V134/><F134/><RYUUKYOKU ba="0,1" sc="200,15,330,15,230,-15,230,-15" hai0="17,20,25,56,60,62,63,66,74,79,81,84,88" hai1="9,15,49,51,85,90,92,94,96,102,108,109,111" /><INIT seed="1,1,1,4,1,108" ten="215,345,215,215" oya="1" hai0="49,117,0,29,82,33,126,19,67,129,31,39,1" hai1="44,25,17,47,72,26,37,6,114,88,121,89,130" hai2="92,103,116,100,134,58,52,95,115,57,5,7,77" hai3="54,109,22,119,2,63,69,91,42,59,30,101,102"/><U79/><E121/><V105/><F105/><W62/><G109/><T132/><D67/><U78/><E130/><V64/><F134/><W112/><G2/><T13/><D39/><U4/><E37/><V118/><F64/><W14/><G42/><T74/><D129/><U20/><E72/><V75/><F77/><N who="1" m="29193" /><E26/><V28/><F28/><W81/><G91/><N who="1" m="34890" /><E114/><V23/><F23/><W12/><G14/><T8/><D74/><U127/><E127/><V93/><F75/><W71/><G81/><T70/><D70/><U24/><E24/><V36/><F36/><W48/><G30/><T122/><D82/><U86/><E86/><V61/><F115/><W135/><G135/><T45/><D31/><U27/><E27/><V41/><F41/><W96/><G112/><T113/><D29/><U3/><E3/><V125/><F125/><W11/><G22/><T51/><D33/><U90/><N who="1" m="34898" /><U94/><DORA hai="60" /><E94/><V99/><F95/><W110/><G69/><T97/><D1/><U123/><E123/><V104/><F104/><W131/><G71/><T21/><D0/><U65/><E65/><V66/><F118/><W106/><G131/><T38/><D38/><U15/><E15/><V40/><F116/><W68/><G68/><T18/><D13/><U80/><E80/><V34/><F34/><W133/><G119/><T98/><D117/><U9/><E9/><V35/><F35/><W107/><G11/><T32/><D8/><U16/><E17/><V120/><F120/><W43/><G12/><T124/><D32/><U53/><E53/><V56/><F52/><RYUUKYOKU ba="1,1" sc="215,-10,345,30,215,-10,215,-10" hai1="4,6,16,20,25,44,47" /><INIT seed="1,2,1,3,2,119" ten="205,375,205,205" oya="1" hai0="34,4,22,54,30,58,71,26,0,134,103,128,69" hai1="23,63,18,101,27,21,3,104,56,124,47,5,48" hai2="45,25,43,93,74,133,46,125,44,38,79,31,130" hai3="9,114,24,33,102,64,84,78,85,70,110,76,94"/><U16/><E124/><V105/><F105/><W77/><G110/><T59/><D128/><U40/><E104/><V81/><F130/><W116/><G114/><T12/><D134/><U132/><E132/><V87/><F133/><W37/><G37/><T66/><D59/><U96/><E96/><V61/><F125/><W75/><G75/><T62/><D54/><U99/><E99/><V97/><F61/><W8/><G102/><T52/><D66/><U73/><E73/><V118/><F118/><W68/><G116/><T7/><D103/><U115/><E101/><V109/><F109/><W92/><G76/><T135/><D135/><U100/><E100/><V120/><F120/><W83/><G24/><T36/><D36/><U57/><E115/><V86/><F97/><W35/><G83/><T127/><D127/><U88/><E63/><V42/><F93/><W28/><G28/><T113/><D113/><U67/><E67/><AGARI ba="2,1" hai="8,9,33,35,64,67,68,70,77,78,84,85,92,94" machi="67" ten="25,1600,0" yaku="22,2" doraHai="119" who="3" fromWho="1" sc="205,0,375,-22,205,0,205,32" /><INIT seed="2,0,0,3,2,129" ten="205,353,205,237" oya="2" hai0="0,90,132,70,107,2,49,84,73,122,95,118,27" hai1="30,61,16,26,89,110,104,135,46,130,86,93,23" hai2="96,72,31,24,91,102,9,59,75,113,35,83,126" hai3="25,134,21,66,36,120,81,98,88,77,7,125,99"/><V34/><F113/><W52/><G36/><T45/><D122/><U57/><E130/><V15/><F35/><W80/><G66/><T11/><D70/><U79/><E110/><V133/><F126/><W74/><G120/><T47/><D107/><U119/><E104/><V29/><F29/><W28/><G7/><T78/><D27/><U48/><E79/><V121/><F121/><W4/><G4/><T127/><D11/><U22/><E119/><V106/><F59/><W53/><G125/><T18/><D18/><U128/><E128/><V109/><F109/><W67/><G67/><T41/><D47/><U39/><E39/><V6/><REACH who="2" step="1"/><F133/><REACH who="2" ten="205,353,195,237" step="2"/><W12/><G134/><T131/><D132/><U69/><E135/><V65/><F65/><W87/><REACH who="3" step="1"/><G12/><REACH who="3" ten="205,353,195,227" step="2"/><T94/><D127/><U62/><E69/><V100/><F100/><W116/><G116/><T1/><D118/><U43/><REACH who="1" step="1"/><E57/><REACH who="1" ten="205,343,195,227" step="2"/><V32/><F32/><W112/><G112/><T10/><D131/><U42/><E42/><V14/><F14/><AGARI ba="0,3" hai="14,16,22,23,26,30,43,46,48,61,62,86,89,93" machi="14" ten="30,7700,0" yaku="1,1,7,1,8,1,54,1,53,0" doraHai="129" doraHaiUra="111" who="1" fromWho="2" sc="205,0,343,107,195,-77,227,0" /><INIT seed="3,0,0,5,3,124" ten="205,450,118,227" oya="3" hai0="63,85,68,112,74,95,130,129,134,52,11,90,101" hai1="35,23,5,119,31,27,98,43,100,54,120,94,10" hai2="128,99,29,79,2,3,93,13,49,6,133,32,56" hai3="22,7,107,96,15,104,71,25,89,34,103,47,111"/><W44/><G71/><T73/><D11/><U127/><E119/><V21/><F133/><W57/><G107/><T12/><D12/><U105/><E127/><V82/><F32/><W126/><G34/><T28/><D28/><U106/><E43/><V113/><F113/><W114/><G114/><T14/><D14/><U135/><E135/><V66/><F6/><W67/><G89/><T46/><D134/><U70/><E70/><V72/><F128/><N who="0" m="49258" /><D112/><U9/><E9/><V65/><F3/><W24/><G7/><T121/><D121/><U77/><E77/><V55/><F2/><W80/><G15/><T33/><D33/><U87/><E120/><V76/><F76/><W58/><G24/><T69/><D101/><U64/><E64/><V122/><F122/><W108/><G126/><T39/><D69/><U61/><E87/><V118/><F118/><W1/><G1/><T117/><D117/><U75/><E35/><V42/><F29/><W102/><G102/><T45/><D45/><N who="3" m="17481" /><G25/><T40/><D52/><U48/><E54/><V59/><F55/><W36/><G22/><T60/><D60/><U16/><E61/><V37/><F21/><W88/><G67/><AGARI ba="0,0" hai="39,40,46,63,67,68,73,74,85,90,95" m="49258" machi="67" ten="30,7700,0" yaku="19,1,52,3" doraHai="124" who="0" fromWho="3" sc="205,77,450,0,118,0,227,-77" /><INIT seed="4,0,0,3,4,108" ten="282,450,118,150" oya="0" hai0="49,61,34,9,127,25,120,24,12,98,55,95,75" hai1="74,90,30,101,65,82,10,58,118,33,123,100,104" hai2="130,2,73,22,77,56,1,47,15,52,91,71,124" hai3="121,45,7,11,48,135,94,23,18,86,84,0,60"/><T21/><D120/><U119/><E123/><V126/><F71/><W133/><G60/><T29/><D75/><U72/><E65/><V87/><F47/><W50/><G50/><T114/><D127/><N who="2" m="48682" /><F77/><W79/><G94/><T13/><D13/><U80/><E58/><V28/><F73/><N who="1" m="28265" /><E10/><V70/><F70/><W131/><G79/><T3/><D3/><U129/><E30/><V97/><F97/><W40/><G131/><T46/><D25/><U92/><E33/><V5/><F130/><W76/><G76/><T132/><D132/><N who="3" m="50761" /><G121/><T42/><D34/><U53/><E53/><V69/><F69/><W32/><G32/><T20/><D20/><U27/><E27/><AGARI ba="0,0" hai="0,7,11,18,23,27,40,45,48,84,86" m="50761" machi="27" ten="30,1000,0" yaku="20,1" doraHai="108" who="3" fromWho="1" sc="282,0,450,-10,118,0,150,10" /><INIT seed="5,0,0,5,5,38" ten="282,440,118,160" oya="1" hai0="43,74,33,92,59,21,1,130,134,17,96,128,106" hai1="105,89,113,108,65,62,94,95,48,6,49,7,67" hai2="15,63,40,127,45,13,4,29,47,118,100,102,41" hai3="85,50,119,135,32,52,51,35,88,72,19,68,28"/><U2/><E105/><V126/><F29/><W42/><G68/><T71/><D71/><U80/><E113/><V86/><F86/><W20/><G72/><T18/><D106/><U117/><E117/><V124/><F63/><W93/><G135/><T112/><D134/><U114/><E114/><V115/><F115/><W56/><G119/><T76/><D33/><U133/><E133/><V9/><F118/><W16/><G35/><T57/><D1/><U26/><E2/><V103/><REACH who="2" step="1"/><F15/><REACH who="2" ten="282,440,108,160" step="2"/><W12/><G32/><T75/><D112/><U25/><E62/><V77/><F77/><W101/><G28/><T82/><D75/><U44/><E108/><V14/><F14/><W24/><G101/><T69/><D74/><U64/><E26/><V83/><F83/><W122/><G122/><T66/><D82/><U99/><E25/><V58/><F58/><W109/><G109/><T91/><D59/><U104/><E80/><V34/><F34/><W70/><G70/><T3/><D69/><U8/><E65/><V125/><N who="2" m="32512" /><DORA hai="84" /><V98/><F98/><W31/><G12/><T120/><D76/><U55/><E99/><V23/><F23/><W11/><G11/><T107/><D3/><U27/><E8/><V5/><F5/><W110/><G110/><T61/><D21/><U81/><E7/><V53/><F53/><W78/><G78/><T121/><D120/><U30/><E6/><V10/><F10/><W129/><G129/><T111/><D121/><U22/><E22/><V97/><F97/><W39/><G56/><T123/><D123/><U36/><E81/><RYUUKYOKU ba="0,1" sc="282,-10,440,-10,108,30,160,-10" hai2="4,9,13,40,41,45,47,100,102,103" /><INIT seed="6,1,1,4,3,4" ten="272,430,138,150" oya="2" hai0="116,9,6,115,51,57,64,14,31,43,12,49,134" hai1="1,0,16,87,24,125,132,56,94,13,78,15,25" hai2="46,27,109,74,67,103,95,26,70,99,37,19,10" hai3="63,93,62,7,92,121,97,68,112,105,83,45,110"/><V98/><F74/><W2/><G110/><T40/><D115/><U33/><E125/><V66/><F109/><W18/><G121/><T104/><D104/><U73/><E73/><V38/><F70/><W22/><G45/><T52/><D116/><U44/><E44/><V11/><F46/><W88/><G83/><T77/><D77/><U85/><E78/><V29/><F19/><W42/><G42/><T30/><D134/><U36/><E56/><V65/><F99/><W111/><G112/><T58/><D14/><U28/><E36/><V102/><F102/><W130/><G130/><T133/><D133/><U106/><E106/><V118/><F118/><W53/><G53/><N who="0" m="31919" /><D64/><U113/><E132/><V122/><F122/><W59/><G68/><T108/><D108/><U129/><E129/><V72/><F72/><W76/><G76/><T131/><D131/><U89/><E113/><V86/><F86/><W119/><G63/><T107/><D107/><U101/><E87/><V75/><F75/><W50/><G105/><T90/><D90/><U91/><E91/><V41/><F41/><AGARI ba="1,1" hai="6,9,12,30,31,40,41,43,51,52,58" m="31919" machi="41" ten="30,3900,0" yaku="8,1,52,1,54,1" doraHai="4" who="0" fromWho="2" sc="272,52,430,0,138,-42,150,0" /><INIT seed="7,0,0,1,5,85" ten="324,430,96,150" oya="3" hai0="116,42,68,25,92,14,12,105,83,118,44,53,23" hai1="60,111,108,99,80,93,21,50,75,98,5,78,100" hai2="36,32,10,69,114,91,79,41,130,65,45,17,119" hai3="47,123,6,81,15,39,109,133,67,4,104,131,24"/><W95/><G104/><T9/><D105/><U103/><E5/><V117/><F32/><W8/><G123/><T132/><D68/><U102/><E60/><V55/><F79/><W7/><G131/><T106/><D106/><N who="1" m="63767" /><E50/><V19/><F130/><W135/><G67/><T38/><D132/><N who="3" m="50761" /><G81/><T126/><D126/><U56/><E56/><V97/><F114/><W61/><G61/><T52/><D83/><U46/><E46/><V59/><F119/><W74/><G74/><T30/><D12/><U77/><E21/><V37/><F117/><W120/><G120/><T27/><D118/><U11/><E11/><V90/><F37/><W128/><G128/><T115/><D115/><U110/><E78/><V1/><F97/><W127/><G127/><T22/><D92/><U43/><E43/><V35/><F35/><W54/><G95/><T28/><D116/><U0/><E0/><V70/><F70/><W72/><G72/><T29/><D29/><U84/><E75/><V107/><F107/><W125/><G125/><T16/><AGARI ba="0,0" hai="9,14,16,22,23,25,27,28,30,38,42,44,52,53" machi="16" ten="20,8000,1" yaku="0,1,7,1,9,1,54,2" doraHai="85" who="0" fromWho="0" sc="324,80,430,-20,96,-20,150,-40" owari="404,20.0,410,51.0,76,-42.0,110,-29.0" /></mjloggm>