<mjloggm ver="2.3"><GO type="41" lobby="0"/><UN n0="%E3%83%87%E3%83%88%E3%83%AD%E3%82%A4%E3%83%88%E5%B8%82%E8%AD%A6" n1="%E3%83%89%E3%83%A9%E3%82%B4%E3%83%B3%48%49%44%45" n2="%41%6C%75%6D%69%4E%61" n3="%E2%93%9D%53%75%70%68%78" dan="13,14,14,17" rate="1842.36,1976.40,1907.60,2067.04" sx="M,M,M,M"/><TAIKYOKU oya="0"/><INIT seed="0,0,0,0,5,76" ten="250,250,250,250" oya="0" hai0="23,41,129,70,30,60,40,38,49,102,7,108,21" hai1="44,99,4,73,26,126,47,61,64,57,48,5,33" hai2="59,15,122,1,131,95,107,28,46,132,16,83,18" hai3="119,114,120,39,87,6,11,51,10,9,72,50,14"/><T90/><D129/><U123/><E123/><V116/><F107/><W34/><G72/><T71/><D38/><U92/><E126/><V20/><F1/><W81/><G114/><T127/><D127/><U69/><E73/><V58/><F122/><W19/><G119/><T112/><D112/><U93/><E69/><V101/><F131/><W77/><G34/><T134/><D134/><U12/><E93/><V43/><F132/><W135/><G39/><T117/><D102/><U31/><E12/><V85/><F116/><W63/><G135/><T89/><D117/><U78/><E78/><V36/><F18/><W113/><G113/><T105/><D30/><U82/><E82/><V27/><F95/><W84/><G63/><T0/><D49/><N who="3" m="18441" /><G120/><T121/><D121/><U54/><REACH who="1" step="1"/><E44/><REACH who="1" ten="250,240,250,250" step="2"/><V24/><F101/><AGARI ba="0,1" hai="4,5,26,31,33,47,48,54,57,61,64,92,99,101" machi="101" ten="30,7700,0" yaku="1,1,2,1,7,1,53,1" doraHai="76" doraHaiUra="97" who="1" fromWho="2" sc="250,0,240,87,250,-77,250,0" /><INIT seed="1,0,0,0,3,110" ten="250,327,173,250" oya="1" hai0="107,95,44,36,19,48,57,64,81,122,88,53,82" hai1="6,25,74,93,98,35,32,99,4,123,1,28,2" hai2="129,94,3,51,111,124,87,83,26,46,31,33,113" hai3="63,66,45,47,127,40,105,118,116,135,24,115,112"/><U23/><E123/><V20/><F3/><N who="1" m="1033" /><E93/><V121/><F121/><W13/><G105/><T119/><D119/><N who="3" m="45609" /><G135/><T134/><D134/><U80/><E80/><V34/><F111/><W8/><G24/><T68/><D107/><U131/><E74/><V92/><F129/><W39/><G127/><T12/><D122/><U128/><E99/><V72/><F124/><W71/><G47/><T108/><D108/><U7/><E98/><V70/><F70/><W106/><G106/><T60/><D36/><U78/><E78/><V49/><F72/><W0/><G13/><T42/><D68/><U97/><E97/><V52/><F34/><AGARI ba="0,0" hai="4,6,7,23,25,28,32,34,35,128,131" m="1033" machi="34" ten="40,3900,0" yaku="34,2" doraHai="110" who="1" fromWho="2" sc="250,0,327,39,173,-39,250,0" /><INIT seed="1,1,0,2,4,25" ten="250,366,134,250" oya="1" hai0="126,86,64,1,125,72,65,106,101,73,58,22,54" hai1="134,39,75,117,44,112,96,131,16,33,12,59,77" hai2="104,61,81,74,43,71,98,97,32,14,69,53,121" hai3="9,29,11,52,40,92,99,5,66,51,41,119,107"/><U123/><E117/><V129/><F121/><W115/><G107/><T79/><D1/><U50/><E123/><V62/><F129/><W132/><G115/><T135/><D135/><U88/><E112/><V111/><F32/><W55/><G66/><T0/><D0/><U127/><E131/><V46/><F111/><W93/><G132/><T76/><D22/><U3/><E134/><V95/><F104/><W31/><G51/><T110/><D65/><U120/><E3/><V130/><F98/><W83/><G83/><T49/><D64/><U2/><E120/><V67/><F130/><W78/><G99/><N who="0" m="61759" /><D86/><U128/><E2/><V87/><F74/><N who="0" m="28778" /><D110/><U28/><E128/><V30/><F30/><W45/><G45/><T23/><D23/><U26/><E77/><V124/><F124/><N who="0" m="47722" /><D79/><U108/><E127/><V122/><F122/><W10/><G78/><T47/><D76/><U113/><E113/><V57/><F14/><W84/><G84/><T114/><D114/><U56/><E75/><V91/><F62/><W42/><G119/><T100/><D100/><U19/><E108/><V27/><F27/><W90/><G90/><T89/><D89/><U36/><E36/><V80/><F80/><W105/><G105/><T4/><D4/><U48/><E39/><V17/><F17/><N who="1" m="6729" /><E12/><V109/><F109/><W6/><G6/><T102/><D102/><U118/><E118/><V82/><F82/><W63/><G5/><T35/><D35/><U21/><E33/><V85/><F85/><W7/><G7/><T8/><D8/><U37/><E37/><N who="2" m="21871" /><F67/><W70/><G11/><RYUUKYOKU ba="1,0" sc="250,15,366,-15,134,15,250,-15" hai0="47,49,54,58" hai2="53,57,61,69,71,81,87,91,95,97" /><INIT seed="2,2,0,4,1,112" ten="265,351,149,235" oya="2" hai0="115,26,71,16,7,74,103,122,31,13,48,73,58" hai1="83,100,104,127,107,108,116,67,121,126,130,40,87" hai2="2,25,27,69,90,68,125,20,1,53,110,44,129" hai3="11,80,4,75,43,15,32,99,133,96,79,24,39"/><V41/><F125/><N who="1" m="47625" /><E40/><V12/><F129/><W106/><G133/><T59/><D115/><U89/><E67/><V28/><F110/><W85/><G106/><N who="1" m="40490" /><E108/><V135/><F135/><W66/><G75/><T91/><D103/><U114/><E114/><V47/><F47/><W105/><G105/><T17/><D71/><U119/><E130/><V38/><F27/><W72/><G72/><T82/><D74/><U56/><E56/><V77/><F77/><W132/><G132/><T52/><D59/><U63/><E63/><V30/><F30/><W51/><G39/><T46/><D58/><U3/><E3/><V93/><F53/><W84/><G66/><T34/><D73/><U10/><E100/><V0/><REACH who="2" step="1"/><F12/><REACH who="2" ten="265,351,139,235" step="2"/><W14/><G14/><T86/><D13/><U23/><E10/><V55/><F55/><W21/><G11/><T22/><D31/><U92/><E23/><V49/><F49/><W54/><G21/><T97/><D22/><U78/><E121/><V101/><F101/><W81/><G54/><T19/><D122/><U50/><E50/><V8/><F8/><W94/><G51/><T37/><D48/><U117/><E78/><V98/><AGARI ba="2,1" hai="0,1,2,20,25,28,38,41,44,68,69,90,93,98" machi="98" ten="30,12000,1" yaku="1,1,0,1,53,3" doraHai="112" doraHaiUra="35" who="2" fromWho="2" sc="265,-42,351,-42,139,136,235,-42" /><INIT seed="2,3,0,1,5,40" ten="223,309,275,193" oya="2" hai0="28,116,71,82,95,34,105,3,31,19,78,41,48" hai1="50,111,42,60,108,129,67,10,115,35,33,92,77" hai2="8,96,97,112,26,94,55,53,14,61,83,109,101" hai3="9,68,74,2,118,75,126,85,106,45,30,110,15"/><V103/><F112/><W65/><G118/><T38/><D105/><U11/><E115/><V6/><F109/><N who="1" m="42057" /><E129/><V20/><F61/><W84/><G126/><T16/><D116/><U124/><E124/><V117/><F83/><W134/><G134/><T120/><D120/><U5/><E77/><V43/><F43/><W46/><G106/><T17/><D71/><N who="1" m="42471" /><E92/><N who="2" m="58503" /><F117/><W122/><G122/><T22/><D38/><U127/><E127/><V59/><F59/><W13/><G68/><T70/><D70/><U113/><E113/><V104/><F104/><W121/><G121/><T88/><D3/><N who="1" m="319" /><E11/><V66/><F66/><W90/><G65/><T102/><D34/><U133/><E133/><V27/><F27/><W12/><G110/><T56/><D102/><U32/><E32/><V131/><F131/><W54/><G9/><T21/><D21/><U7/><E7/><V44/><F55/><W4/><G54/><N who="0" m="31815" /><D41/><U79/><E79/><V81/><F81/><W62/><G4/><T135/><D135/><U23/><E23/><V58/><F58/><W128/><G128/><T125/><D125/><U39/><E39/><V93/><F93/><W47/><G2/><T76/><D22/><U1/><E1/><V99/><F99/><W119/><G119/><T51/><D51/><U64/><E64/><V29/><F53/><W63/><G63/><T49/><D49/><U0/><E0/><V72/><F72/><N who="3" m="27691" /><G62/><T123/><D123/><U107/><E107/><V52/><F52/><W73/><G15/><T69/><D69/><U98/><E98/><V36/><F36/><W80/><G13/><RYUUKYOKU ba="3,0" sc="223,-15,309,15,275,15,193,-15" hai1="33,35,42,50" hai2="6,8,14,20,26,29,44,94,97,103" /><INIT seed="2,4,0,3,5,49" ten="208,324,290,178" oya="2" hai0="79,87,94,124,115,24,112,37,26,57,114,12,135" hai1="73,16,78,84,60,18,101,1,93,42,13,30,20" hai2="117,125,130,86,98,128,25,6,113,97,89,0,7" hai3="70,107,62,4,66,51,5,95,111,50,88,104,106"/><V103/><F117/><W8/><G111/><T47/><D37/><U68/><E1/><V118/><F118/><W23/><G23/><T76/><D47/><U36/><E73/><V69/><F69/><W9/><G9/><T17/><D124/><U59/><E68/><V120/><F125/><W31/><G31/><T53/><D135/><U96/><E30/><V39/><F39/><W29/><G29/><T109/><D109/><U2/><E2/><V75/><F75/><W34/><G34/><T131/><D131/><N who="2" m="50218" /><F113/><W80/><G80/><T132/><D132/><U100/><E36/><V116/><F120/><W123/><G123/><T56/><D56/><U10/><E42/><V108/><F116/><W65/><G65/><T122/><D79/><U90/><E78/><V44/><F108/><W91/><G91/><T38/><D38/><U121/><E121/><V32/><F44/><W28/><G28/><T40/><D122/><U11/><E18/><V3/><F32/><W134/><G134/><T102/><D76/><U35/><E35/><V99/><F25/><W21/><G5/><N who="2" m="1545" /><F103/><N who="1" m="39497" /><E96/><N who="2" m="24579" /><V54/><DORA hai="133" /><F54/><AGARI ba="4,0" hai="10,11,13,16,20,54,59,60,84,90,93" m="39497" machi="54" ten="30,3900,0" yaku="8,1,52,1,54,1" doraHai="49,133" who="1" fromWho="2" sc="208,0,324,51,290,-51,178,0" /><INIT seed="3,0,0,1,0,66" ten="208,375,239,178" oya="3" hai0="128,16,29,31,10,27,23,86,62,14,85,105,130" hai1="20,59,113,18,117,51,74,9,103,101,133,42,50" hai2="35,54,78,98,68,13,126,112,12,1,45,49,67" hai3="36,135,58,39,124,5,64,115,100,71,93,33,57"/><W119/><G5/><T96/><D105/><U99/><E113/><V82/><F112/><W3/><G3/><T83/><D96/><U44/><E133/><V111/><F35/><W47/><G33/><T6/><D128/><U79/><E117/><V91/><F1/><W11/><G11/><T63/><D86/><U41/><E9/><V90/><F126/><W122/><G93/><T7/><D130/><U131/><E131/><V21/><F111/><W123/><G100/><T132/><D132/><U52/><E103/><V127/><F127/><W0/><G0/><T87/><D87/><U43/><E79/><V37/><F37/><N who="3" m="14411" /><G115/><T114/><D114/><U84/><E84/><V4/><F98/><W81/><G81/><T22/><D7/><U76/><E76/><V65/><F68/><W40/><G135/><T19/><D19/><U134/><E74/><V53/><F4/><W28/><G28/><N who="0" m="10827" /><D23/><U61/><E61/><V102/><F21/><W110/><G119/><T94/><D94/><N who="1" m="58615" /><E134/><V15/><F102/><W129/><G129/><T69/><D69/><U24/><AGARI ba="0,0" hai="18,20,24,41,42,43,44,50,51,52,59" m="58615" machi="24" ten="30,2000,0" yaku="8,1,54,1" doraHai="66" who="1" fromWho="1" sc="208,-5,375,20,239,-5,178,-10" /><INIT seed="4,0,0,1,4,72" ten="203,395,234,168" oya="0" hai0="67,24,134,129,48,71,32,66,99,113,102,87,23" hai1="106,28,37,65,4,122,8,89,128,60,59,44,78" hai2="132,80,95,26,0,70,117,92,47,97,16,31,69" hai3="25,36,43,58,55,20,115,63,52,84,90,51,76"/><T40/><D113/><U22/><E122/><V130/><F0/><W110/><G115/><T108/><D108/><U57/><E128/><V101/><F130/><W77/><G36/><T42/><D32/><U68/><E106/><V45/><F132/><W74/><G74/><T119/><D119/><U103/><E103/><V126/><F126/><W114/><G43/><T41/><D129/><U29/><E29/><V14/><F117/><W109/><G114/><T46/><D134/><U17/><E28/><V21/><F92/><N who="3" m="54343" /><G110/><T39/><D39/><U121/><E121/><V133/><F133/><W1/><G1/><T116/><D87/><U30/><E30/><V15/><F15/><W61/><G109/><T104/><D116/><U27/><E78/><N who="3" m="30314" /><G55/><T50/><D71/><U96/><E96/><V13/><F13/><W111/><G111/><T93/><D104/><U53/><E89/><V54/><F54/><W35/><G35/><T49/><D46/><U19/><E19/><AGARI ba="0,0" hai="19,20,25,51,52,58,61,63" m="30314,54343" machi="19" ten="30,8000,1" yaku="8,1,52,3,54,1" doraHai="72" who="3" fromWho="1" sc="203,0,395,-80,234,0,168,80" /><AGARI ba="0,0" hai="19,23,24,40,41,42,48,49,50,66,67,93,99,102" machi="19" ten="40,2000,0" yaku="8,1" doraHai="72" who="0" fromWho="1" sc="203,20,315,-20,234,0,248,0" /><INIT seed="4,1,0,0,3,128" ten="223,295,234,248" oya="0" hai0="94,127,129,70,59,82,121,5,87,101,112,123,114" hai1="86,65,88,126,1,80,135,52,103,75,77,28,22" hai2="32,78,43,3,38,0,116,134,62,40,56,79,96" hai3="10,50,26,33,85,8,111,91,46,95,2,130,39"/><T36/><D70/><U102/><E126/><V57/><F32/><W63/><G39/><T37/><D5/><U110/><E110/><V17/><F38/><N who="0" m="14954" /><D59/><U67/><E135/><V115/><F134/><W68/><G130/><T76/><D127/><U81/><E1/><V106/><F115/><N who="0" m="44074" /><D129/><U66/><REACH who="1" step="1"/><E52/><REACH who="1" ten="223,285,234,248" step="2"/><V55/><F3/><W105/><G2/><T21/><D21/><U25/><AGARI ba="1,1" hai="22,25,28,65,66,67,75,77,80,81,86,88,102,103" machi="25" ten="30,8000,1" yaku="1,1,2,1,0,1,54,1,53,1" doraHai="128" doraHaiUra="16" who="1" fromWho="1" sc="223,-41,285,93,234,-21,248,-21" /><INIT seed="5,0,0,0,2,90" ten="182,378,213,227" oya="1" hai0="9,40,70,0,123,95,128,14,71,51,84,74,15" hai1="22,76,45,118,41,30,48,44,93,114,120,119,42" hai2="125,39,132,127,62,10,36,85,75,86,53,135,115" hai3="63,43,106,23,101,32,129,112,68,73,38,69,98"/><U47/><E120/><V100/><F75/><W6/><G23/><T66/><D74/><U72/><E114/><V19/><F115/><W105/><G112/><T67/><D128/><U56/><E76/><V59/><F100/><W117/><G129/><T12/><D123/><U81/><E72/><V50/><F19/><W122/><G122/><T1/><D40/><U4/><E81/><V102/><F10/><W104/><G6/><T124/><D51/><U96/><E4/><V116/><F102/><W83/><G117/><T108/><D108/><U8/><E8/><V17/><F17/><W80/><G80/><T28/><D28/><U37/><E56/><N who="2" m="32823" /><F85/><W113/><G113/><T31/><D31/><U20/><E47/><V78/><F86/><W21/><G106/><T77/><D77/><U54/><E42/><V2/><F2/><W133/><G105/><T33/><D33/><U103/><REACH who="1" step="1"/><E20/><REACH who="1" ten="182,368,213,227" step="2"/><V65/><F78/><W126/><G73/><T92/><D9/><U64/><E64/><V110/><F116/><W5/><G5/><T60/><D67/><U52/><E52/><N who="2" m="34151" /><F110/><W107/><G43/><T61/><D71/><U16/><E16/><V29/><F29/><W46/><G69/><T87/><D70/><U3/><E3/><V91/><F65/><W7/><G68/><T82/><D66/><U97/><E97/><V34/><F34/><W94/><G32/><T89/><D1/><U111/><E111/><V55/><F55/><W79/><G79/><N who="0" m="46175" /><D0/><U13/><E13/><V99/><F99/><W58/><G98/><T109/><D109/><U25/><AGARI ba="0,1" hai="22,25,30,37,41,44,45,48,54,93,96,103,118,119" machi="25" ten="30,12000,1" yaku="1,1,5,1,0,1,52,1,53,1" doraHai="90" doraHaiUra="88" who="1" fromWho="1" sc="182,-40,368,130,213,-40,227,-40" /><INIT seed="5,1,0,0,1,112" ten="142,498,173,187" oya="1" hai0="132,96,107,54,85,127,43,120,17,77,73,33,135" hai1="129,99,10,92,76,130,21,60,74,59,104,61,48" hai2="90,14,103,9,23,70,67,80,6,57,28,24,56" hai3="111,32,133,31,49,34,19,134,52,83,81,41,72"/><U12/><E104/><V27/><F103/><W51/><G111/><T101/><D33/><U75/><E21/><V66/><F70/><W42/><G19/><T4/><D4/><U95/><E48/><V20/><F80/><W58/><G31/><T35/><D35/><U63/><E59/><N who="2" m="22603" /><F90/><W13/><G58/><T45/><D54/><U8/><E76/><V115/><F115/><W69/><G13/><T37/><D127/><U123/><E123/><V25/><F25/><W121/><G69/><T40/><D120/><U86/><E86/><V105/><F105/><W15/><G15/><T125/><D125/><U118/><E118/><V18/><AGARI ba="1,0" hai="6,9,14,18,20,23,24,27,28,66,67" m="22603" machi="18" ten="30,1100,0" yaku="8,1" doraHai="112" who="2" fromWho="2" sc="142,-4,498,-6,173,14,187,-4" /><INIT seed="6,0,0,4,3,87" ten="138,492,187,183" oya="2" hai0="121,130,125,107,106,49,109,98,117,48,36,50,112" hai1="122,103,82,8,18,0,91,14,116,66,83,35,102" hai2="71,7,2,120,29,19,128,57,80,9,16,32,51" hai3="65,108,134,86,43,77,118,4,99,92,74,26,105"/><V111/><F120/><W94/><G65/><T34/><RYUUKYOKU type="yao9" ba="0,0" sc="138,0,492,0,187,0,183,0" hai0="34,36,48,49,50,98,106,107,109,112,117,121,125,130" /><INIT seed="6,1,0,2,1,134" ten="138,492,187,183" oya="2" hai0="14,132,93,12,44,87,101,23,81,11,96,120,95" hai1="75,36,7,63,76,80,111,57,47,50,131,135,86" hai2="61,25,74,9,18,85,42,115,70,33,46,77,67" hai3="24,69,130,88,129,114,16,15,49,123,31,110,98"/><V8/><F74/><W30/><G110/><T91/><D120/><U106/><E111/><V58/><F115/><W128/><G123/><T41/><D132/><U13/><E131/><V119/><F119/><W99/><G69/><T105/><D23/><U40/><E106/><V66/><F66/><W17/><G114/><T82/><D105/><U20/><E135/><V62/><F62/><W79/><G79/><T125/><D125/><U68/><E68/><V32/><F70/><W133/><G133/><T4/><REACH who="0" step="1"/><D14/><REACH who="0" ten="128,492,187,183" step="2"/><U103/><E20/><N who="2" m="13463" /><F33/><W29/><G24/><T19/><D19/><U56/><E13/><V116/><F32/><W100/><G15/><T52/><D52/><U1/><E7/><V104/><F104/><N who="3" m="63511" /><G17/><T26/><D26/><U21/><E1/><V43/><F116/><W0/><G16/><T84/><D84/><U89/><E21/><V113/><F113/><W55/><G0/><T73/><D73/><U108/><E75/><V2/><F85/><W97/><G130/><T72/><D72/><U126/><E86/><V54/><F2/><W59/><G129/><T53/><D53/><U64/><E108/><V78/><F43/><W65/><G128/><T92/><D92/><U28/><E40/><V109/><F42/><W6/><G6/><T3/><D3/><U51/><E64/><V71/><F109/><W34/><G34/><T38/><AGARI ba="1,1" hai="4,11,12,38,41,44,81,82,87,91,93,95,96,101" machi="38" ten="20,5200,0" yaku="1,1,0,1,7,1,53,1" doraHai="134" doraHaiUra="10" who="0" fromWho="0" sc="128,65,492,-14,187,-27,183,-14" /><INIT seed="7,0,0,2,0,5" ten="193,478,160,169" oya="3" hai0="29,92,103,89,93,55,56,73,74,97,22,91,99" hai1="14,100,104,54,119,113,18,86,88,30,69,51,130" hai2="1,48,27,75,83,76,70,78,11,49,7,12,35" hai3="34,33,102,127,43,64,68,121,116,57,84,117,21"/><W4/><G121/><T8/><D103/><U128/><E113/><V40/><F70/><W58/><G102/><T122/><D122/><U24/><E69/><V39/><F78/><W82/><G43/><T41/><D41/><U6/><E6/><V16/><F35/><W72/><G72/><T31/><D8/><U65/><E65/><V134/><F27/><W50/><G127/><T114/><D114/><U98/><E119/><V95/><F95/><W112/><G112/><T123/><D123/><U132/><E132/><V120/><F134/><W42/><G4/><T19/><D31/><U26/><E30/><V77/><F77/><W17/><G68/><T46/><D46/><U135/><E135/><V32/><F32/><W2/><G2/><T44/><D44/><U9/><E130/><V61/><F61/><N who="3" m="37935" /><G117/><T25/><D29/><U94/><E128/><V71/><F71/><W62/><G116/><T15/><D15/><U133/><E133/><V3/><F3/><W101/><G101/><T47/><D47/><AGARI ba="0,0" hai="9,14,18,24,26,47,51,54,86,88,94,98,100,104" machi="47" ten="30,3900,0" yaku="7,1,52,1,54,1" doraHai="5" who="1" fromWho="0" sc="193,-39,478,39,160,0,169,0" owari="154,-35.0,517,62.0,160,-24.0,169,-3.0" /></mjloggm>