<mjloggm ver="2.3"><GO type="41" lobby="0"/><UN n0="%E2%98%86%E5%A6%B9%E5%B0%BE%E4%BD%B3%E7%B9%94%E2%98%86" n1="%E3%83%9D%E3%82%AB%E3%83%AA%34%39%30" n2="%E5%B1%B1%E6%A4%92%75%6F" n3="%E2%93%9D%53%75%70%68%78" dan="14,15,14,18" rate="1914.54,1910.10,1961.81,2097.32" sx="F,M,M,M"/><TAIKYOKU oya="0"/><INIT seed="0,0,0,0,2,123" ten="250,250,250,250" oya="0" hai0="124,111,12,66,120,8,4,99,90,75,84,64,89" hai1="18,14,80,62,51,95,46,21,41,83,61,118,6" hai2="60,48,53,67,1,11,23,19,126,78,69,133,27" hai3="59,93,40,7,17,44,100,10,107,122,117,30,58"/><T24/><D120/><U110/><E118/><V76/><F126/><W103/><G107/><T121/><D121/><U63/><E6/><V54/><F133/><W37/><G30/><T22/><D124/><U87/><E110/><V70/><F70/><W34/><G34/><T33/><D75/><U2/><REACH who="1" step="1"/><E2/><REACH who="1" ten="250,240,250,250" step="2"/><V131/><F131/><W15/><G117/><T82/><D111/><U5/><E5/><V28/><F1/><W113/><G122/><T20/><D33/><U72/><E72/><V81/><F81/><W132/><G7/><T39/><D39/><U77/><E77/><V74/><F74/><W0/><G0/><T36/><D36/><U45/><E45/><V71/><F76/><W88/><G132/><T25/><D24/><U55/><E55/><V29/><F54/><W135/><G135/><T65/><D25/><U108/><E108/><V35/><F27/><W119/><G119/><T85/><REACH who="0" step="1"/><D99/><REACH who="0" ten="240,240,250,250" step="2"/><U104/><E104/><V125/><F125/><W114/><G37/><T129/><D129/><U106/><E106/><V56/><F35/><W98/><G98/><T9/><D9/><U96/><E96/><V134/><F134/><W101/><G10/><T31/><D31/><U116/><E116/><V52/><F28/><W115/><G115/><T32/><D32/><U97/><E97/><V38/><F38/><W13/><G114/><T130/><D130/><U16/><E16/><V3/><F19/><W57/><G113/><T43/><D43/><U112/><E112/><V92/><F11/><W91/><G17/><T42/><D42/><U68/><E68/><RYUUKYOKU ba="0,2" sc="240,15,240,15,250,-15,250,-15" hai0="4,8,12,20,22,64,65,66,82,84,85,89,90" hai1="14,18,21,41,46,51,61,62,63,80,83,87,95" /><INIT seed="0,1,2,0,4,2" ten="255,255,235,235" oya="0" hai0="63,51,108,95,64,5,125,65,111,119,26,134,1" hai1="105,20,122,86,0,11,19,78,49,54,37,8,45" hai2="21,98,68,13,59,17,6,34,70,77,14,84,97" hai3="109,36,32,115,103,89,82,85,113,75,120,71,94"/><T67/><D119/><U101/><E122/><V87/><F34/><W3/><G71/><T88/><D125/><U112/><E37/><V35/><F35/><W55/><G36/><T74/><D134/><U50/><E105/><V29/><F29/><W93/><G55/><T81/><D51/><U43/><E101/><V7/><F59/><W117/><G3/><T56/><D26/><U12/><E0/><V118/><F77/><W73/><G32/><T61/><D74/><N who="3" m="28169" /><G109/><N who="0" m="42059" /><D81/><N who="1" m="47415" /><E112/><N who="3" m="43082" /><G117/><T133/><D133/><U42/><E42/><V25/><F118/><W72/><N who="3" m="28177" /><W100/><DORA hai="116" /><G120/><T58/><D1/><U127/><E127/><V53/><F53/><W23/><G23/><T121/><D121/><U28/><E28/><V62/><F62/><N who="0" m="23562" /><D5/><N who="2" m="1546" /><F68/><W38/><G38/><T129/><D129/><U4/><E4/><V47/><F47/><AGARI ba="1,2" hai="8,11,12,19,20,43,45,47,49,50,54" m="47415" machi="47" ten="30,1000,0" yaku="8,1" doraHai="2,116" who="1" fromWho="2" sc="255,0,255,33,235,-13,235,0" /><INIT seed="1,0,0,0,2,29" ten="255,288,222,235" oya="1" hai0="128,112,124,27,130,125,98,16,6,74,41,117,97" hai1="109,119,76,62,105,20,96,1,104,69,122,10,113" hai2="110,132,87,45,57,39,11,23,15,85,70,123,65" hai3="52,3,53,55,60,38,56,121,42,30,54,17,80"/><U46/><E113/><V28/><F123/><W108/><G3/><T34/><D41/><U12/><E119/><V33/><F70/><W51/><G30/><N who="0" m="19807" /><D74/><U5/><E122/><V73/><F73/><W47/><G80/><T43/><D43/><U31/><E76/><V14/><F33/><W118/><G17/><T133/><D112/><U2/><E46/><V61/><F39/><W72/><G72/><T36/><D36/><U49/><E49/><V58/><F45/><N who="3" m="27759" /><G108/><T100/><D117/><U84/><E109/><V116/><F110/><W9/><G9/><T64/><D64/><U135/><E10/><V32/><F32/><W78/><G78/><T92/><D6/><U79/><E79/><V66/><F116/><W102/><G102/><T35/><D35/><U103/><E5/><N who="2" m="3439" /><F132/><W40/><G121/><T67/><D16/><U0/><E135/><V127/><F127/><N who="0" m="48714" /><D67/><U95/><E0/><V77/><F77/><W88/><G118/><T24/><D24/><U75/><E1/><V126/><F126/><W26/><G26/><T81/><D81/><U131/><E2/><V114/><F66/><W86/><G38/><T37/><D37/><U44/><E75/><V71/><F114/><W13/><G13/><T82/><D82/><U89/><E12/><V134/><F15/><W18/><G18/><T93/><D133/><U19/><E19/><V129/><F134/><W106/><G47/><T4/><D4/><U120/><E44/><V48/><F28/><W50/><G50/><T25/><D25/><U111/><E120/><V91/><F48/><W90/><G42/><RYUUKYOKU ba="0,0" sc="255,30,288,-10,222,-10,235,-10" hai0="92,93,97,98,100,128,130" /><INIT seed="2,1,0,3,0,9" ten="285,278,212,225" oya="2" hai0="83,67,42,49,11,14,13,119,82,8,34,135,57" hai1="51,18,24,79,97,22,106,59,93,76,89,37,86" hai2="113,85,56,64,29,131,116,33,36,7,60,81,32" hai3="2,53,35,134,110,99,19,10,40,31,129,55,102"/><V26/><F131/><W107/><G129/><T88/><D34/><U0/><E37/><V3/><F113/><W45/><G134/><T101/><D135/><U132/><E0/><V63/><F116/><W133/><G133/><T50/><D119/><U108/><E108/><V103/><F36/><W15/><G110/><T73/><D73/><U78/><E132/><V130/><F130/><W105/><G105/><T47/><D101/><U104/><E86/><V12/><F3/><W128/><G128/><T58/><D67/><U4/><E4/><V23/><F103/><W91/><G2/><T124/><D124/><U16/><E18/><V21/><F63/><W46/><G46/><T96/><D96/><U77/><N who="1" m="19456" /><DORA hai="65" /><U68/><REACH who="1" step="1"/><E68/><REACH who="1" ten="285,268,212,225" step="2"/><V114/><F85/><W28/><G19/><T118/><D118/><U6/><E6/><V95/><F7/><W48/><G31/><T90/><REACH who="0" step="1"/><D47/><REACH who="0" ten="275,268,212,225" step="2"/><U111/><E111/><V98/><F114/><W43/><G45/><T66/><D66/><U72/><E72/><V112/><F64/><W115/><G115/><T126/><D126/><U30/><E30/><V69/><F29/><W17/><G28/><T127/><D127/><U61/><E61/><V62/><F60/><W87/><G35/><T120/><D120/><U84/><E84/><V94/><F33/><W41/><REACH who="3" step="1"/><G48/><REACH who="3" ten="275,268,212,215" step="2"/><T71/><D71/><U75/><E75/><V44/><F69/><W38/><G38/><T70/><D70/><U121/><E121/><V27/><F32/><W1/><G1/><T5/><D5/><U20/><E20/><N who="2" m="7755" /><F112/><W25/><G25/><RYUUKYOKU ba="1,3" sc="275,10,268,10,212,-30,215,10" hai0="8,11,13,14,42,49,50,57,58,82,83,88,90" hai1="16,22,24,51,59,89,93,97,104,106" hai3="10,15,17,40,41,43,53,55,87,91,99,102,107" /><INIT seed="3,2,3,1,3,85" ten="285,278,182,225" oya="3" hai0="53,86,114,56,41,40,9,121,75,3,23,60,126" hai1="110,132,69,36,84,58,49,113,59,57,22,123,77" hai2="5,127,91,129,103,100,76,90,80,0,97,104,115" hai3="50,54,42,78,31,17,32,94,74,2,16,8,109"/><W28/><G42/><T39/><D121/><U44/><E113/><V20/><F115/><W61/><G61/><T79/><D114/><U99/><E123/><V102/><F20/><W14/><G2/><T107/><D107/><U124/><E69/><V116/><F5/><W12/><G109/><T71/><D71/><U10/><E36/><V63/><F63/><W35/><G78/><T33/><D33/><U106/><E110/><V66/><F66/><W21/><G74/><T48/><D126/><U26/><E124/><V130/><F0/><W73/><G73/><T88/><D79/><U135/><E10/><V68/><F68/><W83/><G83/><T4/><D23/><U112/><E112/><V122/><F116/><W37/><G37/><T52/><D75/><U29/><E106/><V134/><F134/><N who="1" m="51241" /><E99/><N who="2" m="61471" /><F122/><W62/><G62/><T101/><D101/><N who="2" m="38410" /><F127/><W131/><G35/><T95/><D39/><U67/><E67/><V65/><F65/><W27/><G31/><T25/><D25/><U117/><E117/><V19/><F19/><W15/><G15/><T46/><AGARI ba="2,3" hai="3,4,9,40,41,46,48,52,53,56,60,86,88,95" machi="46" ten="20,8000,1" yaku="0,1,7,1,52,1,54,2" doraHai="85" who="0" fromWho="0" sc="285,116,278,-22,182,-22,225,-42" /><INIT seed="4,0,0,1,0,129" ten="401,256,160,183" oya="0" hai0="9,44,77,56,58,126,61,33,78,107,24,121,103" hai1="119,13,97,75,23,39,36,29,79,11,94,42,7" hai2="38,106,98,41,132,131,27,22,40,122,20,2,55" hai3="73,71,37,10,109,108,72,118,35,32,34,18,104"/><T53/><D121/><U16/><E119/><V26/><F122/><W4/><G18/><T101/><D126/><U57/><E29/><V49/><F38/><W128/><G118/><T1/><D44/><U3/><E42/><V60/><F2/><N who="3" m="279" /><G128/><T70/><D70/><U105/><E105/><V114/><F114/><W66/><G104/><T28/><D1/><U5/><E7/><V124/><F131/><W25/><G25/><T113/><D9/><U69/><E69/><V99/><F60/><N who="3" m="40391" /><G37/><T89/><D89/><U68/><E68/><V15/><F15/><W102/><G102/><T127/><D103/><U17/><E17/><V86/><F106/><W100/><G100/><T116/><D101/><U91/><E57/><V52/><F86/><W59/><G59/><T120/><D58/><U130/><E130/><V67/><F67/><W63/><G63/><T125/><D61/><U88/><E91/><V92/><F92/><W134/><G134/><T110/><D56/><U115/><REACH who="1" step="1"/><E115/><REACH who="1" ten="401,246,160,183" step="2"/><V54/><F124/><W93/><G93/><T62/><D107/><U84/><E84/><V80/><F41/><W95/><G95/><T21/><D113/><U65/><E65/><V48/><F40/><W81/><G73/><T135/><D116/><U0/><E0/><V50/><F80/><AGARI ba="0,1" hai="3,5,11,13,16,23,36,39,75,79,80,88,94,97" machi="80" ten="40,8000,1" yaku="1,1,54,2,53,1" doraHai="129" doraHaiUra="14" who="1" fromWho="2" sc="401,0,246,90,160,-80,183,0" /><INIT seed="5,0,0,5,4,133" ten="401,336,80,183" oya="1" hai0="27,34,7,111,112,26,35,99,69,23,61,14,18" hai1="107,87,52,62,51,13,97,25,102,100,118,4,48" hai2="96,2,64,92,21,85,88,33,126,105,41,54,44" hai3="30,11,125,77,135,72,93,84,29,90,39,53,66"/><U28/><E102/><V106/><F33/><W1/><G39/><T89/><D111/><U58/><E118/><V17/><F2/><W46/><G135/><T60/><D112/><U119/><E119/><V78/><F64/><W12/><G1/><T75/><D75/><U73/><E73/><V98/><F98/><W59/><G125/><T38/><D38/><U123/><E123/><V56/><F126/><W129/><G129/><T49/><D49/><U24/><E87/><V6/><F6/><W3/><G3/><T82/><D69/><U121/><E121/><V50/><F78/><W74/><G46/><T95/><D82/><U42/><E42/><V37/><REACH who="2" step="1"/><F96/><REACH who="2" ten="401,336,70,183" step="2"/><W57/><G77/><T113/><D35/><U94/><E107/><V68/><F68/><W80/><G66/><T86/><D34/><U131/><E131/><V70/><F70/><W76/><G74/><T101/><D7/><U45/><E48/><V16/><F16/><W32/><G32/><T91/><D113/><U40/><REACH who="1" step="1"/><E28/><REACH who="1" ten="401,326,70,183" step="2"/><V31/><F31/><W0/><G30/><T5/><D101/><U128/><E128/><V103/><F103/><W79/><G29/><T83/><D5/><U81/><E81/><V71/><F71/><W104/><G72/><T134/><D134/><U67/><E67/><V43/><F43/><W65/><G65/><T47/><D83/><U109/><E109/><V63/><F63/><W55/><G80/><N who="0" m="49351" /><D61/><U9/><AGARI ba="0,2" hai="4,9,13,24,25,40,45,51,52,58,62,94,97,100" machi="9" ten="30,12000,1" yaku="1,1,0,1,8,1,54,1,53,1" doraHai="133" doraHaiUra="36" who="1" fromWho="1" sc="401,-40,326,140,70,-40,183,-40" /><INIT seed="5,1,0,5,2,99" ten="361,466,30,143" oya="1" hai0="91,73,101,85,7,41,84,102,67,90,93,60,27" hai1="119,129,97,18,4,24,61,58,1,13,110,29,52" hai2="59,78,104,74,109,15,20,28,133,115,39,113,126" hai3="47,40,71,65,105,48,70,25,5,38,55,82,96"/><U88/><E119/><V111/><F59/><W86/><G5/><T54/><D73/><U57/><E1/><V72/><F39/><W117/><G117/><T79/><D79/><U116/><E116/><V123/><F123/><W120/><G120/><T46/><D7/><U118/><E118/><V43/><F43/><W127/><G127/><T130/><D130/><U33/><E129/><V100/><F15/><W98/><G25/><T107/><D107/><U114/><E4/><V32/><F20/><W16/><G16/><T83/><D54/><U9/><E114/><N who="2" m="43531" /><F126/><W37/><G37/><T10/><D10/><U69/><E110/><N who="2" m="41995" /><F133/><W11/><G40/><T77/><D77/><U131/><E131/><V17/><F17/><W30/><G38/><T50/><REACH who="0" step="1"/><D27/><REACH who="0" ten="351,466,30,143" step="2"/><U51/><E9/><V76/><F76/><W122/><G11/><T6/><D6/><U125/><E52/><V121/><F78/><W124/><G124/><T53/><D53/><U134/><E24/><N who="2" m="18439" /><F121/><W45/><G122/><T68/><AGARI ba="1,1" hai="41,46,50,60,67,68,83,84,85,90,91,93,101,102" machi="68" ten="20,8000,1" yaku="1,1,0,1,7,1,52,2,53,0" doraHai="99" doraHaiUra="103" who="0" fromWho="0" sc="351,93,466,-41,30,-21,143,-21" /><INIT seed="6,0,0,0,5,35" ten="444,425,9,122" oya="2" hai0="17,60,56,3,119,54,94,8,31,85,48,12,27" hai1="87,126,92,79,42,39,78,106,70,95,36,21,37" hai2="125,50,120,25,77,111,115,82,121,103,110,46,47" hai3="72,40,74,65,22,86,91,99,13,134,62,83,9"/><V61/><F103/><W34/><G34/><T15/><D119/><U135/><E70/><V124/><F25/><W18/><G134/><T89/><D3/><U5/><E135/><V96/><F96/><W97/><G40/><T71/><D15/><U57/><E106/><V20/><F20/><W130/><G130/><T133/><D133/><U75/><E75/><V113/><F82/><W16/><G74/><T53/><D71/><U43/><E5/><V19/><F77/><W114/><G114/><T84/><D84/><U30/><E57/><V132/><F19/><W131/><G131/><T24/><D31/><U4/><E4/><V102/><F132/><W59/><G72/><T32/><D32/><U66/><E30/><V128/><F102/><W109/><G109/><T58/><AGARI ba="0,0" hai="8,12,17,24,27,48,53,54,56,58,60,85,89,94" machi="58" ten="20,2700,0" yaku="0,1,7,1,8,1" doraHai="35" who="0" fromWho="0" sc="444,27,425,-7,9,-13,122,-7" owari="471,56.0,418,22.0,-4,-50.0,115,-28.0" /></mjloggm>