<mjloggm ver="2.3"><GO type="41" lobby="0"/><UN n0="%E2%93%9D%53%75%70%68%78" n1="%E3%83%84%E3%83%84%E3%83%84" n2="%40%E3%82%8B%E3%81%85%E3%81%AF" n3="%E3%82%B0%E3%83%A9%E3%82%B9%E6%9C%80%E5%BC%B7" dan="18,15,15,14" rate="2075.33,1962.48,2005.61,1985.55" sx="M,M,F,M"/><TAIKYOKU oya="0"/><INIT seed="0,0,0,4,2,51" ten="250,250,250,250" oya="0" hai0="104,64,95,120,47,133,14,25,34,10,99,11,44" hai1="84,7,119,75,19,39,79,98,81,112,130,41,36" hai2="110,13,89,12,73,124,22,70,80,93,43,121,116" hai3="24,86,1,54,67,3,97,8,63,103,2,66,106"/><T50/><D120/><U46/><E119/><V29/><F110/><W48/><G24/><T38/><D104/><U102/><E130/><V35/><F124/><W58/><G86/><T90/><D133/><U68/><E68/><V107/><F107/><W31/><G31/><T111/><D111/><U65/><E65/><V69/><F35/><W4/><REACH who="3" step="1"/><G66/><REACH who="3" ten="250,250,250,240" step="2"/><T27/><D64/><U45/><E84/><V113/><F116/><W9/><G9/><T15/><D34/><U59/><E112/><V20/><F113/><W117/><G117/><T135/><D135/><U129/><E129/><V28/><F29/><W96/><G96/><T85/><D27/><U37/><E98/><V18/><F28/><W108/><G108/><T60/><D25/><U109/><E109/><V74/><F74/><W118/><G118/><T82/><D11/><U32/><E75/><V62/><F73/><W115/><G115/><T83/><D10/><U71/><E32/><V88/><F121/><W49/><G49/><T134/><D134/><U122/><E122/><V33/><F33/><W76/><G76/><T42/><D60/><U55/><E79/><V92/><F62/><W40/><G40/><T23/><D23/><U78/><E41/><V17/><F43/><W77/><G77/><T105/><D105/><U123/><E78/><V21/><F21/><W128/><G128/><T100/><D83/><AGARI ba="0,1" hai="12,13,17,18,20,22,69,70,80,83,88,89,92,93" machi="83" ten="25,3200,0" yaku="22,2,54,1" doraHai="51" who="2" fromWho="0" sc="250,-32,250,0,250,42,240,0" /><INIT seed="1,0,0,3,2,21" ten="218,250,292,240" oya="1" hai0="89,30,108,125,69,54,45,130,11,77,28,16,85" hai1="76,90,96,58,34,103,122,41,37,133,61,105,70" hai2="65,56,97,121,53,27,18,99,127,67,88,109,6" hai3="131,113,72,57,23,117,82,10,7,74,5,39,94"/><U129/><E122/><V128/><F109/><W51/><G39/><T13/><D69/><U87/><E129/><V134/><F134/><W98/><G113/><T29/><D125/><U62/><E133/><V81/><F127/><W44/><G131/><T60/><D108/><U42/><E62/><V43/><F121/><W19/><G117/><T91/><D130/><U107/><E107/><V104/><F43/><W124/><G57/><T132/><D132/><U79/><E34/><V40/><F40/><W55/><G124/><T86/><D77/><U115/><E70/><V33/><F6/><W12/><G82/><T50/><REACH who="0" step="1"/><D60/><REACH who="0" ten="208,250,292,240" step="2"/><U24/><E115/><V1/><F128/><W20/><G5/><T25/><D25/><U118/><E118/><V4/><F27/><W123/><G123/><T9/><D9/><U93/><E37/><V66/><F104/><W114/><G114/><T71/><D71/><U110/><E110/><V116/><F116/><W49/><G49/><T26/><D26/><U52/><E79/><V46/><F33/><W101/><REACH who="3" step="1"/><G23/><REACH who="3" ten="208,250,292,230" step="2"/><T48/><D48/><U83/><REACH who="1" step="1"/><E24/><AGARI ba="0,2" hai="7,10,12,19,20,24,44,51,55,72,74,94,98,101" machi="24" ten="30,7700,0" yaku="1,1,2,1,7,1,52,1,53,0" doraHai="21" doraHaiUra="126" who="3" fromWho="1" sc="208,0,250,-77,292,0,230,97" /><INIT seed="2,0,0,2,3,99" ten="208,173,292,327" oya="2" hai0="125,116,8,23,42,89,114,15,1,123,29,61,17" hai1="58,74,11,32,28,101,93,48,47,21,55,112,19" hai2="129,40,91,22,100,64,118,52,24,88,35,110,107" hai3="49,7,105,87,102,71,30,39,33,133,45,115,122"/><V108/><F129/><W98/><G122/><T31/><D42/><U94/><E74/><V135/><F118/><W109/><G109/><N who="2" m="42089" /><F135/><W131/><G131/><T20/><D61/><U4/><E112/><V34/><F40/><W96/><G133/><T134/><D89/><N who="2" m="34378" /><F64/><W84/><G98/><T41/><D41/><U44/><E32/><V50/><F100/><W14/><G115/><T127/><D114/><U124/><E28/><N who="0" m="10825" /><D134/><U81/><E81/><V67/><F67/><W12/><G71/><T79/><D79/><U0/><E124/><N who="0" m="47689" /><D123/><U126/><E126/><V27/><F107/><W25/><G39/><T92/><D92/><U76/><E76/><V106/><F106/><W73/><G73/><T83/><D83/><U130/><E130/><V104/><F104/><W46/><G46/><T80/><D80/><U120/><E120/><V86/><F86/><W95/><G105/><T62/><D116/><U121/><E121/><V103/><F103/><W69/><G69/><T119/><D119/><U53/><E101/><V57/><F22/><N who="0" m="8234" /><D62/><U9/><E93/><V43/><F43/><W97/><G97/><T51/><D51/><U63/><E94/><V56/><F57/><W6/><G49/><T13/><D17/><U16/><E19/><V5/><F5/><AGARI ba="0,0" hai="1,5,8,13,15" m="8234,47689,10825" machi="5" ten="30,3900,0" yaku="18,1,34,2" doraHai="99" who="0" fromWho="2" sc="208,39,173,0,292,-39,327,0" /><INIT seed="3,0,0,0,1,130" ten="247,173,253,327" oya="3" hai0="55,76,50,18,68,87,119,57,35,51,8,105,43" hai1="132,106,49,93,39,46,118,80,95,33,74,64,58" hai2="40,131,88,83,3,26,120,25,52,30,36,28,23" hai3="127,9,54,63,29,73,135,96,107,124,24,133,117"/><W31/><G73/><T103/><D35/><U16/><E106/><V99/><F131/><W48/><G63/><T1/><D68/><U122/><E122/><V45/><F3/><W2/><G117/><T82/><D119/><U90/><E33/><V78/><F120/><W0/><G107/><T34/><D34/><U123/><E39/><V108/><F108/><W77/><G77/><T121/><D121/><U66/><E93/><V7/><F7/><W113/><G96/><T12/><D1/><U126/><E126/><N who="3" m="48170" /><G113/><T116/><D116/><U42/><E123/><V6/><F6/><N who="3" m="1223" /><G2/><T94/><D105/><U15/><E74/><V10/><F10/><W114/><G114/><T110/><D110/><U67/><E80/><V128/><F128/><W59/><G31/><T21/><D8/><U13/><E13/><V65/><F65/><W109/><G109/><T60/><D43/><U20/><E118/><V53/><F99/><AGARI ba="0,0" hai="12,18,21,50,51,55,57,60,76,82,87,94,99,103" machi="99" ten="40,1300,0" yaku="8,1" doraHai="130" who="0" fromWho="2" sc="247,13,173,0,253,-13,327,0" /><INIT seed="4,0,0,5,5,43" ten="260,173,240,327" oya="0" hai0="16,13,130,39,95,2,87,46,105,131,112,63,28" hai1="121,10,68,67,50,32,135,27,123,90,108,41,89" hai2="11,111,127,12,84,93,20,132,110,62,26,55,104" hai3="128,47,122,118,88,106,6,19,103,86,56,42,91"/><T51/><D105/><U98/><E108/><V3/><F104/><W73/><G118/><T100/><D2/><U119/><E119/><V53/><F3/><W115/><G73/><T54/><D28/><U109/><E109/><V18/><F132/><W48/><G115/><T8/><D39/><U76/><E76/><V81/><F127/><W64/><G128/><N who="0" m="49195" /><D63/><U33/><E10/><V77/><F55/><W97/><G6/><T34/><D34/><U117/><E27/><V82/><F82/><W69/><G69/><T44/><D112/><U25/><E98/><V14/><F14/><W133/><G133/><T35/><D35/><U124/><E25/><V101/><F101/><W80/><G122/><T52/><D54/><U57/><E33/><V92/><F110/><W74/><G74/><T37/><D37/><U40/><E32/><V113/><F113/><W22/><G64/><T17/><D17/><U29/><E67/><V1/><F1/><W66/><G56/><N who="0" m="32799" /><D87/><U60/><E121/><V107/><F107/><W9/><G9/><T24/><D24/><U78/><E123/><V126/><F111/><W120/><G66/><T38/><D38/><U59/><E117/><V83/><F26/><W4/><G4/><T45/><D95/><U99/><E135/><V30/><F92/><W102/><G102/><AGARI ba="0,0" hai="8,13,16,44,45,46,100,102" m="32799,49195" machi="102" ten="30,18000,2" yaku="19,1,52,3,54,2" doraHai="43" who="0" fromWho="3" sc="260,180,173,0,240,0,327,-180" /><INIT seed="4,1,0,5,4,57" ten="440,173,240,147" oya="0" hai0="43,91,113,18,132,60,87,16,92,10,94,62,129" hai1="46,8,30,79,44,63,15,39,116,124,0,26,5" hai2="55,38,101,118,103,69,49,114,42,111,12,108,83" hai3="23,110,74,51,17,127,33,54,7,93,48,22,126"/><T50/><D113/><U100/><E116/><V29/><F114/><W35/><G74/><T134/><D129/><U32/><E124/><N who="3" m="47658" /><G93/><T96/><D43/><U52/><E79/><V88/><F118/><W119/><G119/><T58/><D50/><U53/><E100/><V59/><F29/><W21/><G54/><T125/><D125/><U130/><E130/><V72/><F69/><W14/><G51/><T95/><D10/><U36/><E46/><V37/><F72/><W66/><G66/><T13/><D13/><U77/><E77/><V67/><F67/><W34/><G48/><T40/><D40/><U135/><E135/><N who="0" m="51753" /><D95/><U28/><E44/><V115/><F115/><W109/><G7/><T47/><D47/><U99/><E99/><V9/><F42/><W128/><G128/><T85/><D85/><U64/><E30/><V131/><F131/><W123/><G123/><T25/><D25/><U3/><E53/><V97/><F38/><W112/><G112/><T24/><D24/><U71/><REACH who="1" step="1"/><E52/><REACH who="1" ten="440,163,240,147" step="2"/><V76/><F103/><W105/><G105/><T90/><D96/><U120/><E120/><V107/><F37/><AGARI ba="1,1" hai="0,3,5,8,15,26,28,32,36,37,39,63,64,71" machi="37" ten="40,2600,0" yaku="1,1,52,1,53,0" doraHai="57" doraHaiUra="86" who="1" fromWho="2" sc="440,0,163,39,240,-29,147,0" /><INIT seed="5,0,0,2,5,72" ten="440,202,211,147" oya="1" hai0="85,113,67,132,96,92,30,6,5,129,0,34,123" hai1="76,60,38,61,105,133,54,104,33,51,65,37,98" hai2="21,20,48,50,114,35,73,12,18,83,86,27,91" hai3="17,93,66,25,128,14,63,116,134,58,47,99,94"/><U84/><E33/><V82/><F35/><W13/><G134/><T41/><D129/><U89/><E61/><V107/><F107/><W101/><G128/><T120/><D113/><U10/><E10/><V119/><F119/><W53/><G116/><T29/><D85/><U44/><E133/><V56/><F114/><W130/><G130/><T109/><D109/><U97/><E104/><V36/><F36/><W3/><G3/><T22/><D41/><U125/><E125/><V43/><F43/><W55/><G94/><T49/><D67/><U70/><E105/><V62/><F82/><W64/><G64/><T124/><D49/><U7/><E7/><V26/><F12/><W32/><G32/><T2/><D22/><U11/><E11/><V39/><F39/><W9/><G47/><T79/><D124/><U42/><E76/><V69/><F73/><W8/><REACH who="3" step="1"/><G25/><REACH who="3" ten="440,202,211,137" step="2"/><T16/><D2/><U71/><E71/><V28/><F69/><W1/><G1/><T117/><D0/><U75/><E70/><V19/><REACH who="2" step="1"/><F28/><REACH who="2" ten="440,202,201,137" step="2"/><W52/><G52/><AGARI ba="0,2" hai="18,19,20,21,26,27,48,50,52,56,62,83,86,91" machi="52" ten="30,16000,3" yaku="1,1,2,1,7,1,9,1,8,1,54,1,53,2" doraHai="72" doraHaiUra="45" who="2" fromWho="3" sc="440,0,202,0,201,180,137,-160" owari="440,54.0,202,-20.0,381,18.0,-23,-52.0" /></mjloggm>