<mjloggm ver="2.3"><GO type="41" lobby="0"/><UN n0="%E2%93%9D%53%75%70%68%78" n1="%37%36%35%2D%37%32" n2="%72%69%6B%31%30%30%30" n3="%E3%81%82%E3%81%BE%E3%81%A8%E3%81%86" dan="18,14,13,14" rate="2094.09,1866.24,1940.36,1898.04" sx="M,M,M,F"/><TAIKYOKU oya="0"/><INIT seed="0,0,0,4,2,24" ten="250,250,250,250" oya="0" hai0="38,41,56,40,48,17,103,18,89,92,77,7,52" hai1="125,2,85,5,113,97,63,42,118,112,73,55,34" hai2="122,78,53,6,133,51,107,37,79,124,134,45,93" hai3="13,30,59,131,98,31,28,111,94,66,23,88,96"/><T9/><D77/><U90/><E118/><V120/><F107/><W22/><G131/><T82/><D82/><U117/><E73/><V11/><F37/><W135/><G135/><N who="2" m="51721" /><F93/><W86/><G111/><T67/><D103/><U3/><E34/><V108/><F108/><W16/><G23/><T14/><D67/><U69/><E42/><N who="0" m="16489" /><D38/><U0/><E97/><AGARI ba="0,0" hai="7,9,14,17,18,48,52,56,89,92,97" m="16489" machi="97" ten="30,2900,0" yaku="8,1,54,1" doraHai="24" who="0" fromWho="1" sc="250,29,250,-29,250,0,250,0" /><INIT seed="0,1,0,5,5,75" ten="279,221,250,250" oya="0" hai0="67,34,95,85,3,54,27,48,56,26,32,80,112" hai1="46,24,111,69,96,101,73,86,29,51,43,83,107" hai2="41,76,25,30,118,62,134,33,4,127,8,94,122" hai3="19,66,102,90,58,9,131,115,108,126,125,22,129"/><T21/><D112/><U119/><E111/><V106/><F122/><W59/><G108/><T92/><D3/><U121/><E119/><V11/><F118/><W100/><G90/><T71/><D71/><U60/><E73/><V82/><F106/><W70/><G70/><T105/><D105/><U132/><E132/><V104/><F104/><W97/><G9/><T98/><D67/><U103/><E103/><V42/><F127/><N who="3" m="48651" /><G66/><T37/><D37/><U6/><E6/><V12/><F134/><W93/><G102/><T23/><D34/><U68/><E60/><V120/><F62/><W88/><G100/><T20/><D32/><U49/><E49/><V0/><F94/><N who="0" m="35882" /><D98/><U40/><E40/><V31/><F31/><W78/><G78/><AGARI ba="1,0" hai="20,21,23,26,27,48,54,56,78,80,85" m="35882" machi="78" ten="30,2900,0" yaku="8,1,52,1" doraHai="75" who="0" fromWho="3" sc="279,32,221,0,250,0,250,-32" /><INIT seed="0,2,0,1,2,88" ten="311,221,250,218" oya="0" hai0="6,47,25,28,92,21,5,104,3,13,19,42,80" hai1="11,49,2,113,66,124,77,15,131,44,123,89,94" hai2="132,135,121,111,46,86,63,29,83,75,93,62,87" hai3="114,102,52,81,64,4,105,20,55,99,134,78,12"/><T59/><D104/><U26/><E124/><V103/><F121/><W95/><G114/><T22/><D3/><U108/><E108/><V57/><F29/><W72/><G64/><T36/><D80/><U43/><E131/><V16/><F46/><W122/><G122/><T128/><D128/><U125/><E125/><V17/><F111/><W133/><G105/><T120/><D120/><U53/><E113/><V79/><F103/><W7/><G7/><T8/><D59/><U31/><E66/><V33/><F33/><W109/><G109/><T74/><D74/><U70/><E70/><V39/><BYE who="1" /><F39/><W91/><G91/><T23/><REACH who="0" step="1"/><D92/><REACH who="0" ten="301,221,250,218" step="2"/><U90/><E90/><V51/><F93/><W106/><G106/><T127/><D127/><U45/><E45/><V71/><F57/><W110/><G110/><T41/><D41/><U84/><E84/><V61/><F71/><W40/><G40/><T100/><D100/><U37/><E37/><V130/><F130/><W30/><G134/><N who="2" m="51241" /><F83/><UN n1="%37%36%35%2D%37%32" /><W1/><G1/><T129/><D129/><U96/><E123/><V82/><F82/><W32/><G133/><T101/><D101/><U27/><E2/><V60/><F75/><W10/><G81/><T0/><D0/><U118/><E43/><V98/><F79/><W116/><G78/><T85/><D85/><U24/><E77/><V117/><F86/><W68/><G72/><T9/><D9/><U119/><REACH who="1" step="1"/><E31/><REACH who="1" ten="301,211,250,218" step="2"/><V50/><F117/><W76/><G116/><T112/><D112/><U115/><E115/><V56/><N who="2" m="15360" /><DORA hai="54" /><V73/><F87/><W69/><G76/><RYUUKYOKU ba="2,2" sc="301,15,211,15,250,-15,218,-15" hai0="5,6,8,13,19,21,22,23,25,28,36,42,47" hai1="11,15,24,26,27,44,49,53,89,94,96,118,119" /><INIT seed="0,3,2,1,5,88" ten="316,226,235,203" oya="0" hai0="51,40,38,99,60,32,119,43,21,76,42,52,133" hai1="116,14,48,1,70,110,45,12,114,36,124,86,15" hai2="112,107,49,67,92,108,3,118,13,130,74,54,62" hai3="55,59,44,10,0,105,66,7,69,100,84,58,123"/><T79/><D32/><U83/><E116/><V18/><F108/><W109/><G109/><T82/><D119/><U64/><E110/><V35/><F112/><W65/><G69/><T9/><D38/><U71/><E124/><V47/><F107/><W122/><G105/><T78/><D133/><U132/><E132/><V72/><F3/><W20/><G100/><T96/><D60/><U106/><E1/><V121/><F130/><W115/><G115/><T125/><D125/><U113/><E36/><V23/><F121/><N who="3" m="46091" /><G20/><T2/><D82/><U126/><E126/><V93/><F35/><W4/><G4/><T73/><D73/><U104/><E104/><V97/><F118/><W77/><G44/><T34/><D34/><U81/><E106/><V11/><F11/><W134/><G134/><T102/><D21/><U128/><E128/><V25/><F25/><W27/><G27/><T61/><D61/><U19/><E71/><V8/><F8/><W85/><G77/><T90/><D102/><U57/><E70/><V131/><F131/><W111/><G59/><T46/><REACH who="0" step="1"/><D90/><REACH who="0" ten="306,226,235,203" step="2"/><U95/><E114/><V17/><F74/><W6/><G111/><T16/><D16/><U87/><E19/><V63/><F72/><W117/><G117/><T127/><D127/><U56/><E113/><V91/><F18/><W120/><G120/><T37/><D37/><U31/><E83/><V5/><F67/><N who="3" m="25611" /><G6/><AGARI ba="3,3" hai="2,6,9,40,42,43,46,51,52,76,78,79,96,99" machi="6" ten="40,3900,0" yaku="1,1,54,1,53,0" doraHai="88" doraHaiUra="89" who="0" fromWho="3" sc="306,78,226,0,235,0,203,-48" /><INIT seed="0,4,0,0,5,6" ten="384,226,235,155" oya="0" hai0="63,15,130,98,46,9,121,74,44,53,116,10,132" hai1="29,25,110,111,28,73,21,103,67,112,50,133,24" hai2="32,59,36,26,102,135,79,125,62,104,77,89,65" hai3="33,37,93,131,17,86,13,81,12,106,99,31,83"/><T66/><D116/><U52/><E73/><V119/><F36/><W5/><G37/><T129/><D121/><U1/><E67/><V19/><F119/><W57/><G131/><N who="0" m="50187" /><D74/><U45/><E103/><V3/><F125/><W117/><G106/><T82/><D132/><U108/><E1/><V122/><F135/><W100/><G33/><T35/><D35/><U11/><E133/><V87/><F3/><W115/><G31/><T4/><D82/><U43/><E112/><V54/><F122/><W85/><G115/><T126/><D53/><U114/><E114/><V47/><F102/><W0/><G0/><N who="0" m="135" /><D98/><U49/><E11/><V51/><F104/><W2/><G2/><T90/><D90/><U124/><E124/><V75/><F75/><W23/><G117/><T55/><D55/><U8/><E8/><V109/><F32/><W94/><G5/><N who="0" m="3535" /><D126/><U107/><E107/><V27/><F79/><W56/><G12/><T113/><D113/><U120/><E120/><V123/><F77/><W78/><REACH who="3" step="1"/><G93/><REACH who="3" ten="384,226,235,145" step="2"/><T88/><D88/><AGARI ba="4,1" hai="13,17,23,56,57,78,81,83,85,86,88,94,99,100" machi="88" ten="30,8000,1" yaku="1,1,2,1,7,1,8,1,54,1,53,0" doraHai="6" doraHaiUra="34" who="3" fromWho="0" sc="384,-92,226,0,235,0,145,102" /><INIT seed="1,0,0,3,1,99" ten="292,226,235,247" oya="1" hai0="119,61,27,91,121,35,102,11,64,49,55,87,110" hai1="123,75,130,2,106,124,0,66,54,9,30,115,22" hai2="127,95,73,18,117,112,70,42,105,46,34,32,103" hai3="52,31,56,72,78,82,134,16,26,100,62,84,125"/><U86/><E115/><V135/><F117/><W90/><G134/><T21/><D110/><U48/><E123/><V10/><F135/><W33/><G125/><T37/><D37/><U25/><E75/><V1/><F127/><W14/><G100/><T81/><D35/><U88/><E124/><V126/><F112/><W133/><G133/><T74/><D74/><U68/><E130/><V101/><F73/><W92/><G14/><T107/><D11/><U122/><E106/><V94/><F70/><W51/><REACH who="3" step="1"/><G16/><REACH who="3" ten="292,226,235,237" step="2"/><T7/><D102/><U40/><E122/><V47/><F18/><W28/><G28/><T96/><D121/><U109/><E109/><V43/><F126/><W67/><G67/><T38/><D64/><U4/><E66/><V23/><F1/><W63/><AGARI ba="0,1" hai="26,31,33,51,52,56,62,63,72,78,82,84,90,92" machi="63" ten="30,4000,0" yaku="1,1,0,1,54,1,53,0" doraHai="99" doraHaiUra="120" who="3" fromWho="3" sc="292,-10,226,-20,235,-10,237,50" /><INIT seed="2,0,0,4,0,81" ten="282,206,225,287" oya="2" hai0="66,99,95,14,20,30,48,128,120,4,64,59,21" hai1="111,11,40,98,129,72,29,18,92,110,125,23,17" hai2="70,126,46,38,60,73,77,52,62,116,112,78,93" hai3="75,63,122,22,115,134,12,6,26,89,135,82,57"/><V113/><F116/><W35/><G35/><T97/><D128/><U7/><E72/><V1/><F1/><W68/><G68/><T102/><D120/><U127/><E40/><N who="2" m="22807" /><F93/><W36/><G36/><T124/><D124/><N who="1" m="47691" /><E92/><V119/><F73/><W31/><G75/><T74/><D99/><U45/><E45/><V24/><F24/><W109/><G122/><T123/><D123/><U105/><E98/><V104/><F104/><W9/><G115/><N who="2" m="44105" /><F126/><W44/><G44/><T96/><D96/><U2/><E105/><V19/><F19/><N who="1" m="7177" /><E129/><V5/><F5/><W90/><G109/><N who="1" m="41482" /><E23/><V101/><F101/><W53/><REACH who="3" step="1"/><G82/><REACH who="3" ten="282,206,225,277" step="2"/><T84/><D74/><U130/><E130/><V133/><F70/><W100/><G100/><T80/><D102/><U15/><E29/><V67/><F119/><W0/><G0/><AGARI ba="0,1" hai="0,2,7,11,15" m="41482,7177,47691" machi="0" ten="40,8000,1" yaku="18,1,14,1,34,2" doraHai="81" who="1" fromWho="3" sc="282,0,206,90,225,0,277,-80" /><INIT seed="3,0,0,0,0,119" ten="282,296,225,197" oya="3" hai0="3,63,14,57,23,109,124,114,72,98,53,86,36" hai1="94,125,33,76,95,71,45,20,30,69,42,122,134" hai2="19,41,55,5,29,49,67,37,38,52,99,26,60" hai3="68,130,2,31,115,43,108,131,133,121,105,92,18"/><W22/><G121/><T9/><D72/><U88/><E33/><V64/><F5/><W32/><G105/><T65/><D109/><U110/><E76/><V25/><F19/><W80/><G68/><T90/><D124/><U15/><E110/><V111/><F111/><W74/><G115/><T50/><D36/><U0/><E0/><V66/><F99/><W1/><G43/><T17/><D114/><U39/><E134/><V82/><F82/><W129/><G92/><T117/><D117/><U10/><E95/><V7/><F7/><W12/><G80/><T118/><D3/><N who="3" m="1033" /><G74/><T112/><D112/><U75/><E75/><V58/><F26/><N who="3" m="18551" /><G108/><T97/><D118/><U51/><E125/><V91/><F91/><W93/><G93/><N who="0" m="54487" /><D9/><U84/><E39/><V54/><F41/><W102/><G102/><T106/><D106/><U107/><E107/><V13/><F13/><W116/><G116/><T100/><D100/><U21/><E122/><V85/><F85/><W62/><G62/><T77/><D77/><U104/><E104/><V87/><F87/><W126/><G126/><T6/><D6/><U128/><E69/><AGARI ba="0,0" hai="14,17,23,50,53,57,63,65,69,97,98" m="54487" machi="69" ten="30,1000,0" yaku="25,1" doraHai="119" who="0" fromWho="1" sc="282,10,296,-10,225,0,197,0" /><INIT seed="4,0,0,4,5,90" ten="292,286,225,197" oya="0" hai0="127,73,38,106,65,52,62,129,4,107,54,29,10" hai1="0,40,83,80,71,115,84,101,16,56,26,122,123" hai2="55,110,117,22,31,68,43,49,88,18,130,2,105" hai3="58,34,8,135,60,57,12,53,59,99,77,42,21"/><T113/><D73/><U91/><E71/><V81/><F110/><W78/><G34/><T33/><D38/><U100/><E0/><V63/><F2/><W92/><G42/><T75/><D75/><U13/><E26/><V116/><F105/><W74/><G74/><T82/><D82/><U50/><E115/><V126/><F126/><W32/><G32/><T64/><D129/><U69/><E69/><V112/><F112/><W87/><G135/><T85/><D85/><U96/><E83/><V104/><F104/><W25/><G87/><T97/><D127/><U93/><E101/><V35/><F43/><W76/><G21/><T131/><D131/><U36/><E36/><V133/><F133/><W124/><G25/><T118/><D118/><N who="2" m="45674" /><F31/><W5/><REACH who="3" step="1"/><G124/><REACH who="3" ten="292,286,225,187" step="2"/><T134/><D33/><U17/><E40/><V9/><F35/><W89/><AGARI ba="0,1" hai="5,8,12,53,57,58,59,60,76,77,78,89,92,99" machi="89" ten="30,8000,1" yaku="1,1,2,1,0,1,8,1,52,1,53,0" doraHai="90" doraHaiUra="70" who="3" fromWho="3" sc="292,-40,286,-20,225,-20,187,90" /><INIT seed="5,0,0,1,5,116" ten="252,266,205,277" oya="1" hai0="95,76,36,108,55,99,15,133,3,11,5,50,77" hai1="38,134,121,20,52,27,4,117,79,46,40,70,75" hai2="7,63,126,57,56,135,51,10,83,41,82,112,94" hai3="49,120,31,102,9,13,105,29,60,127,1,45,124"/><U58/><E117/><V104/><F104/><W130/><G1/><T68/><D108/><U0/><E134/><V78/><F126/><N who="3" m="48171" /><G60/><T88/><D36/><U54/><E70/><V28/><F135/><W44/><G44/><T111/><D111/><U30/><E121/><V39/><F39/><W115/><G120/><T6/><D68/><U62/><E79/><V48/><F112/><W128/><G102/><T33/><D33/><U125/><E125/><V103/><F28/><N who="3" m="10827" /><G105/><T21/><D133/><U12/><E75/><V35/><F35/><W98/><G98/><T74/><D74/><U17/><E0/><V64/><F56/><W87/><G87/><T101/><D101/><U24/><E4/><V34/><F34/><W80/><G80/><N who="2" m="30761" /><F78/><W42/><G115/><T37/><D37/><U22/><REACH who="1" step="1"/><E27/><REACH who="1" ten="252,256,205,277" step="2"/><V16/><F7/><AGARI ba="0,1" hai="7,9,13,42,45,49,128,130" m="10827,48171" machi="7" ten="30,1000,0" yaku="18,1" doraHai="116" who="3" fromWho="2" sc="252,0,256,0,205,-10,277,20" /><INIT seed="6,0,0,3,5,10" ten="252,256,195,297" oya="2" hai0="59,134,23,69,29,22,2,80,128,54,133,45,86" hai1="15,5,99,58,11,123,97,112,105,74,135,102,13" hai2="76,17,85,110,53,111,94,122,3,42,66,87,125" hai3="95,118,131,71,84,14,114,61,51,44,106,116,49"/><V120/><F17/><W83/><G106/><T19/><D69/><U90/><E74/><V104/><F3/><W82/><G131/><T26/><D45/><U55/><E112/><V77/><F42/><W89/><G71/><T25/><D2/><U50/><E135/><V9/><F9/><W40/><G61/><T38/><D38/><U43/><E43/><V35/><F66/><W126/><G126/><T79/><REACH who="0" step="1"/><D128/><REACH who="0" ten="242,256,195,297" step="2"/><U21/><E123/><N who="2" m="47147" /><F125/><W78/><G44/><T36/><D36/><U132/><E132/><V91/><F35/><W52/><G118/><T109/><D109/><N who="2" m="41482" /><F53/><W100/><G52/><T60/><AGARI ba="0,1" hai="19,22,23,25,26,29,54,59,60,79,80,86,133,134" machi="60" ten="30,4000,0" yaku="1,1,0,1,53,1" doraHai="10" doraHaiUra="24" who="0" fromWho="0" sc="242,50,256,-10,195,-20,297,-10" /><INIT seed="7,0,0,5,2,110" ten="292,246,175,287" oya="3" hai0="127,16,39,26,78,90,68,10,135,37,103,115,52" hai1="106,98,126,43,93,120,70,25,50,130,48,27,14" hai2="7,63,21,13,3,49,17,85,92,125,54,99,24" hai3="32,104,113,79,114,109,57,84,18,42,75,128,74"/><W20/><G104/><T95/><D68/><U33/><E120/><V91/><F125/><W100/><G100/><T133/><D115/><N who="3" m="44041" /><G32/><T111/><D78/><U64/><E14/><V36/><F36/><W134/><G109/><T22/><D103/><U67/><E93/><V28/><F63/><W15/><G134/><N who="0" m="51211" /><D127/><U87/><E87/><V51/><F99/><W82/><G128/><T107/><D107/><U58/><E106/><V35/><REACH who="2" step="1"/><F54/><REACH who="2" ten="292,246,165,287" step="2"/><W86/><G42/><T117/><D111/><U89/><E98/><V4/><F4/><W65/><G75/><T12/><D52/><U8/><E126/><V38/><F38/><W101/><G101/><T105/><D39/><U41/><E130/><V1/><F1/><W47/><G47/><T77/><D37/><U121/><E121/><V11/><AGARI ba="0,1" hai="3,7,11,13,17,21,24,28,35,49,51,85,91,92" machi="11" ten="30,7900,0" yaku="1,1,0,1,24,2,53,0" doraHai="110" doraHaiUra="131" who="2" fromWho="2" sc="292,-20,246,-20,165,89,287,-39" /><INIT seed="8,0,0,0,4,63" ten="272,226,254,248" oya="0" hai0="69,8,131,22,82,42,60,49,40,112,111,76,129" hai1="97,61,125,101,39,79,25,29,72,44,30,89,78" hai2="35,75,4,128,13,103,83,96,74,120,70,67,94" hai3="10,126,12,55,27,114,62,14,73,6,116,52,41"/><T24/><D112/><U108/><E108/><V65/><F120/><W88/><G73/><T38/><D38/><U102/><E125/><V36/><F36/><W50/><G114/><T68/><D8/><U3/><E3/><V130/><F35/><W134/><G126/><T18/><D111/><U51/><E72/><N who="2" m="27691" /><F70/><W23/><G134/><T124/><D124/><U122/><E61/><V81/><F4/><W11/><G116/><T46/><D42/><N who="1" m="24983" /><E122/><V86/><F13/><W91/><G41/><T118/><D118/><U32/><E32/><V100/><F100/><N who="1" m="38505" /><E25/><V77/><F83/><W54/><G62/><T2/><D2/><U92/><E39/><V87/><F87/><W113/><G50/><T133/><D133/><U7/><E7/><V99/><F96/><W34/><G34/><T43/><D69/><U56/><E56/><V53/><F53/><W26/><G113/><T90/><D43/><U104/><E104/><V106/><F106/><W57/><G57/><T21/><D68/><U84/><E97/><V119/><F119/><W132/><G27/><T66/><D40/><U16/><E16/><V117/><F117/><W37/><G37/><T98/><D18/><U135/><E135/><V71/><F71/><W127/><G127/><T105/><D105/><U45/><E45/><V107/><F107/><W33/><G33/><T17/><D46/><U20/><E20/><V123/><F123/><W1/><G1/><T95/><D22/><U9/><E9/><V15/><F15/><W64/><G132/><T59/><D49/><U115/><E115/><V5/><F5/><RYUUKYOKU ba="0,0" sc="272,10,226,10,254,10,248,-30" hai0="17,21,24,59,60,66,76,82,90,95,98,129,131" hai1="29,30,78,79,84,89,92" hai2="65,67,77,81,86,94,99,103,128,130" /><INIT seed="8,1,0,0,2,23" ten="282,236,264,218" oya="0" hai0="27,86,33,16,70,36,50,90,93,15,110,107,19" hai1="28,46,31,68,39,132,2,61,54,35,41,56,64" hai2="117,3,62,38,108,22,57,100,92,10,111,29,103" hai3="121,125,43,82,109,6,73,60,42,67,20,85,104"/><T26/><D36/><U40/><E40/><V37/><F117/><W21/><G109/><T127/><D107/><U124/><E124/><V52/><F38/><W75/><G104/><T49/><D70/><U126/><E126/><V130/><F37/><W118/><G118/><T0/><D0/><U65/><E2/><V81/><F130/><W84/><G6/><T74/><D74/><U94/><E132/><V91/><F81/><W134/><G121/><T80/><D33/><U98/><E65/><V76/><F76/><W45/><G125/><T102/><D19/><U69/><E69/><V8/><F108/><W128/><G128/><T24/><D110/><U129/><E129/><V5/><F10/><W1/><G1/><T122/><D122/><U123/><E35/><V34/><F34/><W14/><G14/><T25/><D25/><U106/><E106/><V51/><F51/><W66/><G82/><T133/><D133/><U120/><E120/><V115/><F115/><W55/><G55/><T88/><D102/><U114/><E114/><V47/><F47/><W58/><G45/><T89/><D127/><U17/><E17/><V4/><F4/><W131/><G131/><T53/><D93/><U48/><E123/><V9/><F111/><W12/><G12/><T13/><D13/><U87/><E87/><N who="2" m="52351" /><F9/><W95/><G95/><T79/><D53/><U101/><AGARI ba="1,0" hai="28,31,39,41,46,48,54,56,61,64,68,94,98,101" machi="101" ten="20,5200,0" yaku="0,1,7,1,24,2" doraHai="23" who="1" fromWho="1" sc="282,-27,236,55,264,-14,218,-14" /><INIT seed="9,0,0,2,1,93" ten="255,291,250,204" oya="1" hai0="8,127,19,95,117,17,124,11,56,106,62,66,55" hai1="63,100,50,134,21,53,85,89,109,122,1,44,91" hai2="58,49,129,113,123,76,16,36,121,64,107,38,37" hai3="43,67,119,46,6,68,78,110,54,30,32,20,4"/><U105/><E122/><V52/><F107/><W126/><G32/><T2/><D106/><U88/><E1/><V87/><F76/><W79/><G110/><T0/><D117/><U29/><E109/><V14/><F129/><W94/><G126/><N who="0" m="48171" /><D95/><U75/><E75/><V96/><F87/><W111/><G111/><T13/><D66/><U15/><E134/><V35/><F35/><W22/><G119/><T73/><D73/><U116/><E63/><V128/><F128/><W92/><G54/><T26/><D11/><U72/><E72/><V65/><F96/><W104/><G104/><T25/><D19/><N who="1" m="10495" /><E29/><V80/><F80/><W132/><G30/><T77/><D77/><U23/><E23/><V86/><F86/><W69/><G132/><T41/><D41/><U114/><E116/><V60/><F113/><W3/><G43/><T27/><AGARI ba="0,0" hai="0,2,8,13,17,25,26,27,55,56,62" m="48171" machi="27" ten="30,1100,0" yaku="18,1" doraHai="93" who="0" fromWho="0" sc="255,11,291,-5,250,-3,204,-3" /><INIT seed="10,0,0,1,1,126" ten="266,286,247,201" oya="2" hai0="42,15,97,6,8,16,113,11,129,69,73,98,94" hai1="58,31,118,9,117,106,123,116,33,46,128,105,84" hai2="72,55,17,87,88,7,59,56,41,39,0,103,114" hai3="122,26,83,40,79,45,5,107,108,127,100,124,80"/><V2/><F114/><W57/><G5/><T4/><D113/><U92/><E46/><V54/><F72/><W47/><G26/><T71/><D73/><U85/><E58/><V35/><F103/><W133/><G108/><T111/><D129/><U25/><E128/><V52/><F35/><W121/><G57/><T74/><D74/><U66/><E66/><V24/><F39/><W21/><G21/><T93/><D42/><U36/><E36/><V60/><F41/><W49/><G133/><T27/><D111/><U65/><E65/><V89/><F7/><W34/><G34/><T20/><D94/><U86/><E9/><V102/><F102/><W32/><G32/><T110/><D110/><U90/><REACH who="1" step="1"/><E123/><REACH who="1" ten="266,276,247,201" step="2"/><V112/><F112/><W29/><G47/><T48/><D71/><U135/><E135/><V75/><F59/><W22/><G22/><T1/><D69/><U53/><E53/><V125/><F54/><W81/><G79/><T63/><D11/><U43/><E43/><V51/><F55/><W50/><G50/><T99/><D48/><U119/><E119/><V91/><F51/><W131/><G131/><T30/><D63/><U104/><AGARI ba="0,1" hai="25,31,33,84,85,86,90,92,104,105,106,116,117,118" machi="104" ten="40,5200,0" yaku="1,1,0,1,16,1,53,0" doraHai="126" doraHaiUra="130" who="1" fromWho="1" sc="266,-13,276,62,247,-26,201,-13" owari="253,5.0,338,44.0,221,-18.0,188,-31.0" /></mjloggm>