<mjloggm ver="2.3"><GO type="41" lobby="0"/><UN n0="%6C%6F%66%75%6E" n1="%E5%90%8D%E5%89%8D%E3%81%8C%E8%A6%81%E3%82%8A%E3%81%BE%E3%81%9B%E3%82%93" n2="%E5%90%8D%E8%84%87%E5%BD%B9" n3="%E2%93%9D%53%75%70%68%78" dan="14,14,15,18" rate="1902.67,1922.99,2000.77,2146.69" sx="M,M,M,M"/><TAIKYOKU oya="0"/><INIT seed="0,0,0,3,4,64" ten="250,250,250,250" oya="0" hai0="134,49,127,117,114,57,39,84,124,13,14,3,100" hai1="44,5,87,116,106,85,104,25,83,35,29,123,34" hai2="24,56,51,135,32,6,94,80,88,93,72,4,65" hai3="59,23,115,75,45,37,41,55,91,67,60,120,103"/><T66/><D114/><U112/><E116/><V86/><F135/><W27/><G115/><T128/><D117/><U20/><E123/><V82/><F32/><W11/><G75/><T28/><D3/><U113/><E5/><V74/><F24/><W71/><G120/><T119/><D119/><U58/><E85/><V122/><F122/><W47/><G47/><T0/><D0/><U129/><E129/><V109/><F109/><W108/><G103/><T121/><D121/><U21/><E44/><V50/><F65/><W1/><G91/><T26/><D39/><U16/><E35/><V79/><F56/><W130/><G108/><T9/><D128/><U62/><E34/><V90/><F86/><W15/><G1/><T92/><D134/><U89/><E106/><V36/><F79/><W78/><G78/><T126/><D9/><U107/><E112/><V53/><F53/><W8/><G15/><T76/><D76/><U18/><E29/><V46/><F46/><W54/><G54/><N who="0" m="31951" /><D66/><U22/><E22/><V132/><F132/><W68/><G130/><T98/><D84/><U12/><E113/><V81/><F81/><W69/><REACH who="3" step="1"/><G67/><AGARI ba="0,0" hai="12,16,18,20,21,25,58,62,67,83,87,89,104,107" machi="67" ten="30,2000,0" yaku="7,1,54,1" doraHai="64" who="1" fromWho="3" sc="250,0,250,20,250,0,250,-20" /><INIT seed="1,0,0,4,0,117" ten="250,270,250,230" oya="1" hai0="26,49,76,36,67,47,17,134,60,82,121,28,106" hai1="116,99,89,15,53,90,66,132,13,68,43,110,5" hai2="64,37,45,113,91,52,84,24,10,94,9,111,130" hai3="69,70,133,22,57,61,48,38,98,108,39,33,0"/><U30/><E116/><V123/><F111/><W31/><G0/><T40/><D134/><U46/><E110/><V25/><F130/><W4/><G4/><T125/><D106/><U35/><E132/><V65/><F123/><W1/><G1/><T3/><D3/><U71/><E66/><N who="2" m="25707" /><F37/><W126/><G33/><T8/><D125/><U18/><E5/><V77/><F77/><W115/><G115/><T74/><D121/><U104/><E89/><V129/><F129/><W124/><G108/><T102/><D102/><U54/><E15/><V44/><F44/><W75/><G133/><T120/><D120/><U85/><E71/><V42/><F42/><W122/><G70/><T20/><D8/><N who="2" m="3178" /><F113/><W79/><G69/><T118/><D118/><U95/><E68/><V93/><F94/><W100/><G39/><T81/><D82/><U16/><E18/><V80/><F93/><W135/><G38/><T107/><D107/><U41/><E41/><V96/><F96/><W21/><G135/><T11/><D11/><N who="1" m="6207" /><E30/><V27/><F27/><W62/><G31/><T73/><D36/><U109/><E35/><V86/><F86/><W63/><G122/><T105/><D105/><U50/><E109/><V58/><F45/><W12/><G126/><T128/><D28/><U51/><E51/><AGARI ba="0,0" hai="24,25,51,52,58,80,84,91" m="3178,25707" machi="51" ten="30,2000,0" yaku="8,1,54,1" doraHai="117" who="2" fromWho="1" sc="250,0,270,-20,250,20,230,0" /><INIT seed="2,0,0,2,1,126" ten="250,250,270,230" oya="2" hai0="41,57,124,131,106,132,42,98,103,116,69,20,6" hai1="70,53,1,4,104,83,71,111,10,90,22,62,72" hai2="77,64,54,117,88,133,121,14,3,25,81,61,48" hai3="94,112,84,16,119,5,127,113,91,40,21,60,46"/><V63/><F133/><W105/><G119/><T79/><D124/><U108/><E104/><V26/><F121/><W123/><G127/><T12/><D116/><U8/><E8/><V96/><F3/><W87/><G105/><T85/><D69/><U32/><E32/><V93/><F14/><W59/><G5/><T101/><D101/><U29/><E29/><V55/><F117/><W45/><G87/><T23/><D132/><U89/><E70/><V58/><F61/><W38/><G46/><T15/><D57/><U35/><E35/><V24/><REACH who="2" step="1"/><F48/><REACH who="2" ten="250,250,260,230" step="2"/><W128/><G123/><T97/><D15/><U43/><E62/><V36/><F36/><W92/><G113/><T17/><D12/><U31/><E1/><V125/><F125/><W129/><G112/><T52/><D6/><U67/><E4/><V0/><F0/><W134/><G134/><T28/><D106/><U95/><E111/><V66/><F66/><W73/><G73/><AGARI ba="0,1" hai="24,25,26,54,55,58,63,64,73,77,81,88,93,96" machi="73" ten="40,3900,0" yaku="1,1,54,1,53,0" doraHai="126" doraHaiUra="118" who="2" fromWho="3" sc="250,0,250,0,260,49,230,-39" /><INIT seed="2,1,0,4,4,57" ten="250,250,309,191" oya="2" hai0="98,62,43,110,14,3,2,66,125,42,41,96,23" hai1="124,133,20,76,58,88,83,100,40,33,11,30,134" hai2="53,4,78,44,104,46,18,93,37,89,99,128,59" hai3="82,87,16,61,130,107,135,103,111,65,74,122,22"/><V114/><F128/><W97/><G111/><T51/><D110/><U73/><E33/><V34/><F114/><W32/><G135/><N who="1" m="51722" /><E40/><V77/><F34/><W24/><G130/><T69/><D125/><U101/><E124/><V84/><F4/><W108/><G108/><T13/><D51/><U91/><E11/><V105/><F18/><W55/><G74/><T115/><D115/><U50/><E20/><V95/><F105/><W21/><G55/><T102/><D98/><U106/><E30/><V117/><F104/><W121/><G22/><T15/><REACH who="0" step="1"/><D23/><REACH who="0" ten="240,250,309,191" step="2"/><U90/><E50/><N who="2" m="31159" /><F99/><W7/><G32/><T92/><AGARI ba="1,1" hai="2,3,13,14,15,41,42,43,62,66,69,92,96,102" machi="92" ten="30,4000,0" yaku="1,1,0,1,52,1,53,0" doraHai="57" doraHaiUra="86" who="0" fromWho="0" sc="240,53,250,-11,309,-21,191,-11" /><INIT seed="3,0,0,0,5,94" ten="293,239,288,180" oya="3" hai0="33,30,10,131,83,127,93,97,101,38,104,50,6" hai1="135,29,129,61,14,68,73,27,100,125,11,90,58" hai2="88,63,128,5,103,89,74,111,105,109,124,16,99" hai3="78,19,87,107,79,96,118,77,114,26,98,34,116"/><W12/><G114/><T123/><D38/><U9/><E73/><V24/><F74/><W57/><G107/><T133/><D123/><U70/><E135/><V82/><F124/><W41/><G41/><T7/><D127/><U65/><E125/><V22/><F128/><W115/><G115/><T95/><D133/><U49/><E129/><V35/><F35/><W60/><G34/><T80/><D131/><U20/><E100/><V92/><F5/><W81/><G26/><T1/><D6/><U102/><E102/><V44/><F63/><W91/><G118/><T71/><D71/><U13/><E90/><V130/><F130/><W76/><N who="3" m="19968" /><DORA hai="66" /><W40/><G40/><T3/><D3/><U55/><REACH who="1" step="1"/><E68/><REACH who="1" ten="293,229,288,180" step="2"/><V53/><F89/><W43/><G116/><T85/><D101/><U28/><E28/><V45/><F88/><W32/><G32/><T31/><D33/><U75/><E75/><V0/><F105/><W121/><G121/><T17/><D31/><U52/><E52/><V59/><F53/><N who="3" m="33839" /><G43/><T56/><D104/><U64/><E64/><V122/><F122/><W69/><G69/><T18/><D30/><U67/><E67/><V42/><F42/><W119/><G119/><T113/><D113/><U48/><E48/><V51/><F51/><W15/><G19/><T117/><D18/><U2/><E2/><V126/><F0/><W54/><G54/><N who="0" m="31831" /><D17/><U134/><E134/><V36/><F16/><W106/><G106/><T47/><D117/><U46/><E46/><V21/><F126/><W37/><G37/><T8/><D1/><U108/><E108/><RYUUKYOKU ba="0,1" sc="293,-15,229,15,288,-15,180,15" hai1="9,11,13,14,20,27,29,49,55,58,61,65,70" hai3="12,15,81,87,91,96,98" /><INIT seed="3,1,1,5,1,33" ten="278,244,273,195" oya="3" hai0="107,13,135,75,18,118,125,44,122,83,99,14,26" hai1="4,82,49,25,70,134,66,57,2,105,56,121,81" hai2="120,8,41,89,96,40,98,102,71,39,87,111,3" hai3="7,130,123,61,37,51,91,94,16,9,45,31,104"/><W68/><G104/><T27/><D118/><U80/><E134/><V35/><F111/><W93/><G123/><T52/><D122/><U128/><E128/><V43/><F120/><W63/><G37/><T73/><D135/><U124/><E124/><V42/><F35/><W84/><G31/><T0/><D125/><U24/><E105/><V20/><F71/><W5/><G130/><T22/><D107/><U10/><E121/><V1/><F20/><W116/><G68/><T132/><D99/><U127/><E127/><V92/><F8/><W101/><G116/><T85/><D0/><U100/><E100/><V97/><REACH who="2" step="1"/><F102/><REACH who="2" ten="278,244,263,195" step="2"/><W79/><G101/><T11/><D132/><U74/><E70/><V60/><F60/><W23/><G63/><T46/><D11/><U62/><E62/><V36/><F36/><W72/><G61/><T86/><D22/><U53/><E66/><V117/><F117/><W69/><G69/><T17/><REACH who="0" step="1"/><D83/><REACH who="0" ten="268,244,263,195" step="2"/><U126/><E126/><V48/><F48/><W59/><G9/><T21/><D21/><U108/><E82/><V103/><F103/><W115/><G51/><T34/><D34/><U30/><E81/><V133/><F133/><W77/><G23/><T88/><D88/><U50/><E80/><V67/><F67/><W47/><G91/><T28/><D28/><U12/><E30/><V114/><F114/><W129/><G115/><T112/><D112/><U90/><E90/><V15/><F15/><W29/><G29/><T95/><D95/><U110/><E12/><V131/><F131/><W113/><G129/><T32/><D32/><RYUUKYOKU ba="1,3" sc="268,15,244,-15,263,15,195,-15" hai0="13,14,17,18,26,27,44,46,52,73,75,85,86" hai2="1,3,39,40,41,42,43,87,89,92,96,97,98" /><INIT seed="4,2,3,5,3,126" ten="283,229,278,180" oya="0" hai0="72,5,17,9,130,84,128,129,20,90,12,93,41" hai1="124,74,85,111,38,89,103,107,18,35,95,8,39" hai2="104,1,43,11,131,60,0,69,75,81,117,26,87" hai3="37,24,116,59,94,23,62,71,50,134,73,22,119"/><T133/><D72/><U91/><E35/><V127/><F131/><W110/><G73/><T132/><REACH who="0" step="1"/><D41/><REACH who="0" ten="273,229,278,180" step="2"/><U29/><E124/><V113/><F43/><W53/><G119/><T99/><D99/><U21/><E74/><V42/><F117/><W55/><G116/><T30/><D30/><U16/><E29/><V57/><F42/><W68/><G110/><T64/><D64/><U33/><E111/><V100/><F127/><W106/><G55/><T32/><D32/><U14/><E33/><V66/><F66/><W80/><G53/><T34/><D34/><U78/><E38/><V86/><F75/><W118/><G37/><T7/><D7/><U36/><E39/><V31/><F31/><W27/><G118/><T65/><D65/><U28/><E36/><V61/><F87/><W51/><G71/><T6/><D6/><U47/><E28/><V88/><F86/><W92/><G68/><T3/><AGARI ba="2,4" hai="3,5,9,12,17,20,84,90,93,128,129,130,132,133" machi="3" ten="40,18000,2" yaku="1,1,0,1,19,1,52,3,53,0" doraHai="126" doraHaiUra="52" who="0" fromWho="0" sc="273,226,229,-62,278,-62,180,-62" /><INIT seed="4,3,0,0,2,64" ten="499,167,216,118" oya="0" hai0="82,97,20,120,70,113,129,48,73,134,1,125,107" hai1="41,56,15,94,109,53,31,62,25,4,44,35,29" hai2="121,33,54,103,88,23,59,77,106,46,21,63,66" hai3="130,45,58,101,131,50,116,110,0,37,60,76,108"/><T38/><RYUUKYOKU type="yao9" ba="3,0" sc="499,0,167,0,216,0,118,0" hai0="1,20,38,48,70,73,82,97,107,113,120,125,129,134" /><INIT seed="4,4,0,3,4,70" ten="499,167,216,118" oya="0" hai0="4,118,19,15,48,52,125,121,106,16,2,24,123" hai1="74,124,83,101,122,96,1,32,61,55,43,100,126" hai2="115,58,69,39,105,108,62,89,40,12,104,82,27" hai3="88,132,45,109,86,73,26,57,66,120,113,20,78"/><T3/><D118/><U135/><E122/><V110/><F115/><W51/><G109/><T60/><D106/><U131/><E1/><V49/><F69/><W30/><G113/><T97/><D125/><N who="1" m="48235" /><E32/><V28/><F12/><W35/><G132/><T13/><D60/><U133/><E43/><V67/><F105/><W5/><G73/><T91/><D24/><U7/><E7/><V34/><F104/><W111/><G111/><T22/><D4/><U50/><E61/><V53/><F82/><W90/><G35/><T11/><D2/><U79/><E55/><V37/><F89/><W65/><G120/><T8/><D3/><U71/><E50/><V47/><REACH who="2" step="1"/><F39/><REACH who="2" ten="499,167,206,118" step="2"/><W10/><G90/><T127/><D91/><U56/><E71/><V81/><F81/><W76/><G76/><T33/><D127/><U46/><E135/><V92/><F92/><W38/><G78/><T21/><D123/><U9/><E83/><V42/><F42/><W36/><G36/><T95/><D121/><U29/><E79/><V75/><F75/><W114/><G38/><T94/><D95/><U84/><E74/><V134/><F134/><W98/><G114/><T23/><D94/><U41/><E41/><V77/><F77/><W129/><G88/><T64/><D13/><U31/><E133/><V54/><F54/><W80/><G80/><T116/><D52/><U63/><E101/><V0/><F0/><W6/><G86/><T107/><D107/><U99/><E100/><V72/><F72/><W25/><G66/><T14/><D64/><N who="1" m="39015" /><E84/><V112/><F112/><W18/><G65/><RYUUKYOKU ba="4,1" sc="499,-10,167,-10,206,30,118,-10" hai2="27,28,34,37,40,47,49,53,58,62,67,108,110" /><INIT seed="5,5,1,5,3,135" ten="489,157,236,108" oya="1" hai0="94,46,32,92,86,126,114,103,22,51,74,96,54" hai1="15,118,12,68,97,38,117,73,45,132,50,124,85" hai2="123,128,39,36,4,27,18,121,119,0,59,108,40" hai3="101,95,41,100,127,75,65,77,42,5,106,87,111"/><U37/><E73/><V134/><F128/><W76/><G65/><T116/><D32/><U10/><E68/><V129/><F134/><W6/><G75/><T107/><D74/><U131/><E131/><V102/><F108/><W25/><G106/><T24/><D114/><U72/><E72/><V82/><F119/><W90/><G25/><T20/><D20/><U55/><E132/><V120/><F129/><W105/><G105/><T125/><D116/><U78/><E118/><V43/><F102/><N who="3" m="39531" /><G111/><T69/><D69/><U109/><E109/><V63/><F39/><W19/><G19/><T81/><D107/><U52/><E117/><V29/><F18/><W79/><G127/><N who="0" m="48651" /><D96/><U7/><E97/><V35/><F35/><W9/><G9/><T98/><D98/><U93/><E124/><V88/><F123/><W130/><G130/><T112/><D103/><U11/><E55/><V99/><F99/><W60/><G60/><T8/><D8/><U47/><E47/><V21/><F63/><W64/><G64/><T62/><D62/><U44/><E44/><V57/><F121/><W49/><G42/><T61/><D61/><U104/><E104/><V115/><F43/><W31/><G31/><N who="0" m="17815" /><D112/><U66/><E66/><V28/><F115/><W67/><G67/><T84/><D84/><U30/><E30/><V89/><F29/><W17/><G17/><T110/><D110/><U53/><E53/><V80/><F28/><W91/><G41/><T14/><D14/><U58/><E12/><V83/><F40/><W2/><G87/><T26/><D26/><U56/><E85/><RYUUKYOKU ba="5,1" sc="489,30,157,-10,236,-10,108,-10" hai0="46,51,54,81,86,92,94" /><INIT seed="6,6,1,4,1,51" ten="519,147,226,98" oya="2" hai0="62,11,24,103,104,73,56,89,69,27,29,82,95" hai1="134,92,118,52,38,74,65,34,129,9,58,124,80" hai2="0,87,31,59,47,90,96,48,75,36,120,100,63" hai3="16,131,10,25,32,50,19,72,37,114,35,42,121"/><V94/><F120/><W88/><G72/><T117/><D69/><U4/><E118/><V66/><F75/><W77/><G77/><T84/><D11/><U81/><E38/><V8/><F36/><W78/><G78/><N who="0" m="44367" /><D29/><U40/><E40/><V68/><F68/><W76/><G76/><T101/><D101/><U3/><E134/><V67/><F67/><W107/><G107/><T12/><D12/><U85/><E124/><V22/><F0/><W97/><G121/><T61/><D61/><U106/><E129/><V135/><F135/><W57/><G131/><T21/><D21/><U53/><E106/><V13/><F22/><N who="3" m="13511" /><G35/><T2/><D2/><U116/><E34/><V54/><F31/><W6/><G32/><T33/><D33/><U14/><E116/><V119/><F119/><W23/><G114/><T111/><D111/><U60/><E3/><V70/><F70/><W7/><G10/><T112/><D117/><U43/><E43/><V105/><F105/><W46/><G57/><T79/><D79/><U49/><E74/><V125/><F125/><W133/><G37/><T45/><D112/><U130/><E130/><V132/><F132/><W17/><G133/><T123/><D123/><U109/><E109/><V108/><F108/><W20/><G20/><T28/><D28/><U93/><E65/><V5/><F8/><W30/><G30/><T1/><D1/><U115/><E115/><V86/><F13/><N who="3" m="9647" /><G19/><T41/><D104/><U110/><E110/><V122/><F122/><W71/><G71/><T113/><D113/><U126/><E126/><V55/><F5/><RYUUKYOKU ba="6,1" sc="519,-10,147,-10,226,-10,98,30" hai3="6,7,42,46,50,88,97" /><INIT seed="7,7,1,2,2,117" ten="509,137,216,128" oya="3" hai0="12,50,65,112,111,63,74,79,16,108,109,91,43" hai1="76,107,77,123,75,122,97,78,57,58,32,103,100" hai2="73,85,88,2,119,48,118,102,66,36,52,92,89" hai3="126,29,80,129,69,68,135,18,42,53,82,8,84"/><W128/><G42/><T115/><D74/><U28/><E28/><V60/><F73/><W25/><G126/><T86/><D79/><N who="1" m="30283" /><E32/><V31/><F36/><W114/><G114/><N who="0" m="43563" /><D43/><U35/><E35/><V22/><F2/><W47/><G135/><T130/><D50/><U95/><E57/><V20/><F102/><W83/><G84/><T113/><D130/><N who="3" m="50281" /><G18/><T127/><D127/><U13/><E58/><V124/><F124/><W14/><G53/><T54/><D54/><U62/><E13/><V99/><F31/><W7/><G47/><T133/><D133/><U40/><E62/><V105/><F119/><W131/><N who="3" m="50289" /><W21/><AGARI ba="7,1" hai="7,8,14,21,25,29,68,69,80,82,83" m="50289" machi="21" ten="50,4800,0" yaku="4,1,19,1" doraHai="117" who="3" fromWho="3" sc="509,-23,137,-23,216,-23,128,79" /><INIT seed="7,8,0,0,3,83" ten="486,114,193,207" oya="3" hai0="116,91,112,108,85,88,117,55,49,107,71,114,2" hai1="70,127,51,29,130,77,123,92,40,58,101,22,20" hai2="13,106,122,65,7,129,125,25,35,34,48,67,53" hai3="8,100,62,23,15,37,11,10,31,90,97,80,42"/><W0/><G0/><T28/><D108/><U3/><E3/><V113/><F113/><N who="0" m="43626" /><D71/><U36/><E70/><V86/><F125/><W87/><G37/><T43/><D107/><U82/><E127/><V46/><F129/><W18/><G42/><T73/><D73/><U12/><E130/><V81/><F122/><W1/><G1/><T56/><D2/><U24/><E123/><V121/><F106/><W135/><G135/><T33/><D43/><U14/><E36/><V38/><F38/><W75/><G75/><T54/><D54/><U118/><E118/><N who="0" m="45673" /><D85/><U96/><E22/><V27/><F34/><W4/><G62/><T19/><D19/><U5/><E5/><V69/><F35/><W41/><G41/><T16/><D16/><U98/><E98/><V95/><F95/><N who="3" m="58431" /><G4/><T99/><D99/><U30/><E30/><AGARI ba="8,0" hai="8,10,11,15,18,23,30,31,80,87,90" m="58431" machi="30" ten="30,2900,0" yaku="8,1,52,1" doraHai="83" who="3" fromWho="1" sc="486,0,114,-53,193,0,207,53" /><INIT seed="7,9,0,3,4,127" ten="486,61,193,260" oya="3" hai0="69,93,116,73,118,112,124,125,33,58,90,108,74" hai1="34,115,75,87,113,85,97,2,18,70,19,26,7" hai2="121,36,32,4,105,0,17,59,109,35,81,135,107" hai3="94,50,62,95,64,57,47,84,56,117,89,133,103"/><W37/><G133/><T131/><D69/><U98/><E70/><V78/><F135/><W24/><G117/><T16/><D33/><U42/><E42/><V101/><F109/><W3/><G3/><T83/><D108/><U80/><E75/><V5/><F121/><W60/><G37/><T132/><D132/><U71/><E71/><V10/><F36/><W99/><G24/><T111/><D111/><U43/><E43/><V22/><F5/><W45/><REACH who="3" step="1"/><G50/><REACH who="3" ten="486,61,193,250" step="2"/><T122/><D118/><U79/><E26/><V9/><F0/><W100/><G100/><T65/><D116/><U88/><E34/><V126/><F101/><W92/><G92/><T15/><D93/><N who="1" m="54431" /><E2/><V76/><F32/><W86/><G86/><N who="0" m="50527" /><D122/><U82/><E7/><V8/><F4/><W106/><G106/><T41/><D74/><N who="1" m="43127" /><E18/><V104/><F35/><W29/><G29/><T72/><D73/><U46/><E19/><V129/><F17/><W120/><G120/><T102/><D72/><U134/><E134/><V13/><F107/><W6/><G6/><T66/><D102/><U54/><E46/><V28/><F28/><W61/><G61/><T49/><D49/><U119/><E119/><V128/><F105/><W53/><AGARI ba="9,1" hai="45,47,53,56,57,60,62,64,84,89,94,95,99,103" machi="53" ten="20,12000,1" yaku="1,1,0,1,7,1,8,1,53,1" doraHai="127" doraHaiUra="63" who="3" fromWho="3" sc="486,-49,61,-49,193,-49,250,157" /><INIT seed="7,10,0,5,2,109" ten="437,12,144,407" oya="3" hai0="13,90,40,60,35,63,120,86,132,59,62,121,88" hai1="98,6,95,73,12,122,76,69,39,78,128,16,87" hai2="21,105,133,118,125,17,48,91,46,19,72,104,67" hai3="53,111,8,26,49,29,85,54,57,107,37,99,23"/><W116/><G116/><T36/><D35/><U96/><E39/><V3/><F125/><W123/><G123/><T81/><D132/><U14/><E69/><V10/><F118/><W28/><G111/><T11/><D36/><U112/><E122/><V75/><F67/><W43/><G37/><T101/><D40/><U93/><E6/><V127/><F91/><W44/><G8/><T22/><D101/><U100/><E14/><V126/><F21/><W45/><G107/><T135/><D135/><U119/><E119/><V83/><F83/><W134/><G134/><T130/><D130/><U106/><E16/><V42/><F10/><W70/><G70/><T113/><D113/><U64/><E12/><V38/><F38/><W56/><G99/><T20/><D121/><U110/><E64/><V33/><F133/><W65/><G65/><T30/><D120/><U50/><E50/><V25/><F48/><N who="3" m="30759" /><G43/><T47/><D47/><N who="3" m="17993" /><G85/><N who="0" m="50479" /><D59/><U55/><E55/><V131/><F42/><W34/><G34/><T4/><D30/><AGARI ba="10,0" hai="23,26,28,29,30,49,54,57" m="17993,30759" machi="30" ten="30,1500,0" yaku="8,1" doraHai="109" who="3" fromWho="0" sc="437,-45,12,0,144,0,407,45" owari="392,19.0,12,-49.0,144,-26.0,452,56.0" /></mjloggm>