<mjloggm ver="2.3"><GO type="41" lobby="0"/><UN n0="%E2%93%9D%53%75%70%68%78" n1="%E4%B8%83%E6%98%9F%E7%90%83" n2="%E3%81%AF%E3%81%AD%E3%81%98" n3="%6D%6B%77%69%7A%61%72%64" dan="18,15,14,15" rate="2088.18,2004.20,1895.18,1954.48" sx="M,M,M,M"/><TAIKYOKU oya="0"/><INIT seed="0,0,0,4,2,123" ten="250,250,250,250" oya="0" hai0="61,50,54,71,7,112,51,133,35,121,115,79,47" hai1="117,38,26,59,19,96,53,111,98,103,9,97,12" hai2="36,91,67,101,75,104,94,78,118,10,37,88,34" hai3="57,27,46,76,99,15,105,130,108,44,86,128,24"/><T11/><D35/><U110/><E117/><V135/><F34/><W1/><G1/><T70/><D79/><U122/><E122/><V62/><F118/><W68/><G15/><T114/><D11/><U69/><E69/><N who="0" m="26121" /><D7/><U25/><E38/><V116/><F116/><W84/><G68/><T16/><D16/><U14/><E103/><V125/><F91/><W93/><G76/><T129/><D121/><U134/><E134/><V2/><F135/><W0/><G0/><T32/><D32/><U22/><E12/><V43/><F125/><W63/><G105/><T65/><D133/><U30/><REACH who="1" step="1"/><E25/><REACH who="1" ten="250,240,250,250" step="2"/><V17/><F37/><W72/><G27/><T77/><D115/><U82/><E82/><V52/><F101/><W80/><G24/><T28/><D114/><U18/><E18/><V66/><F17/><W81/><G80/><T31/><D112/><U49/><AGARI ba="0,1" hai="9,14,19,22,26,30,49,53,59,96,97,98,110,111" machi="49" ten="30,7900,0" yaku="1,1,0,1,52,2,53,0" doraHai="123" doraHaiUra="131" who="1" fromWho="1" sc="250,-39,240,89,250,-20,250,-20" /><INIT seed="1,0,0,5,3,50" ten="211,329,230,230" oya="1" hai0="7,24,16,17,35,113,106,114,124,127,118,61,5" hai1="55,81,11,57,31,48,6,95,41,22,97,82,84" hai2="29,33,135,130,10,2,59,91,125,37,64,100,92" hai3="58,119,67,4,32,26,13,51,131,101,112,73,76"/><U104/><E104/><V14/><F37/><W53/><G112/><N who="0" m="43115" /><D61/><U38/><E38/><V87/><F2/><W40/><G119/><T44/><D44/><U128/><E128/><V28/><F130/><W34/><G131/><T111/><D106/><U126/><E126/><N who="0" m="48169" /><D118/><U42/><E22/><V86/><F135/><W25/><G40/><T122/><D111/><U85/><E31/><N who="2" m="11851" /><F33/><W54/><G67/><T77/><D77/><U93/><E41/><V110/><F110/><W108/><G108/><T74/><D74/><U123/><E123/><V45/><F45/><W12/><G101/><T134/><D134/><U133/><E133/><V18/><F100/><W89/><G89/><T129/><D129/><U79/><E42/><V60/><F125/><W70/><G70/><T46/><D46/><U9/><E6/><N who="0" m="2057" /><D122/><U117/><E117/><V21/><F87/><W15/><G4/><T20/><D17/><U71/><E71/><V49/><F49/><W72/><G76/><T63/><D63/><U56/><E56/><V30/><N who="2" m="11859" /><V66/><DORA hai="78" /><F66/><W69/><G69/><T39/><D39/><U27/><E97/><V36/><F36/><W107/><G107/><T132/><D132/><U62/><E48/><V23/><AGARI ba="0,0" hai="10,14,18,21,23,59,60,64,86,91,92" m="11859" machi="23" ten="40,1500,0" yaku="8,1" doraHai="50,78" who="2" fromWho="2" sc="211,-4,329,-7,230,15,230,-4" /><INIT seed="2,0,0,5,5,31" ten="207,322,245,226" oya="2" hai0="96,49,0,123,71,91,86,35,10,63,7,60,69" hai1="19,59,24,113,36,11,62,117,30,93,5,115,51" hai2="79,94,12,40,47,132,54,32,33,100,111,84,74" hai3="14,23,131,130,37,128,129,61,80,134,67,77,118"/><V25/><F74/><W8/><G37/><T43/><D123/><U28/><E36/><V76/><F25/><W15/><G118/><T55/><D43/><U120/><E117/><V29/><F29/><W65/><G134/><T107/><D107/><U85/><E120/><V1/><F1/><W27/><N who="3" m="32768" /><DORA hai="45" /><W78/><G80/><T73/><D96/><U42/><E30/><V9/><F132/><W50/><G27/><T110/><D110/><U103/><E19/><V39/><F111/><W75/><G75/><T135/><D73/><U68/><E68/><V66/><F66/><W109/><G109/><T41/><D41/><U58/><E103/><V97/><F54/><W87/><G87/><T2/><D71/><U38/><E38/><V105/><F105/><W101/><G101/><T22/><D55/><U127/><E127/><V133/><F133/><W119/><G65/><T6/><D86/><U56/><E85/><V126/><F126/><W46/><G23/><T108/><D22/><U95/><E113/><V89/><F100/><W48/><G15/><T3/><D3/><U104/><E104/><V98/><F84/><W72/><G46/><T4/><D108/><U121/><E121/><V70/><F97/><W125/><G125/><T57/><D2/><U124/><E115/><V21/><F21/><W92/><G92/><T83/><D135/><U102/><E124/><V13/><F70/><N who="3" m="42351" /><G119/><T116/><D116/><U17/><E102/><V112/><F112/><W64/><G64/><T90/><D69/><U18/><E95/><V88/><F39/><W81/><G78/><RYUUKYOKU ba="0,0" sc="207,-10,322,-10,245,-10,226,30" hai3="8,14,48,50,72,77,81" /><INIT seed="3,1,0,5,1,120" ten="197,312,235,256" oya="3" hai0="133,68,102,103,22,62,122,60,20,56,25,104,70" hai1="33,57,15,88,124,127,10,107,5,128,75,53,39" hai2="4,36,94,44,72,79,129,80,89,100,0,86,91" hai3="73,98,63,67,14,66,13,52,74,12,11,96,115"/><W64/><G115/><T117/><D122/><U131/><E107/><V26/><F129/><N who="1" m="49737" /><E33/><V38/><F26/><W19/><G74/><T123/><D123/><U54/><E39/><V134/><F134/><W27/><G73/><T41/><D41/><U90/><E75/><V16/><F16/><N who="3" m="8223" /><G27/><T18/><D117/><U17/><E17/><V106/><F89/><N who="1" m="34409" /><E57/><V65/><F65/><W114/><G114/><T84/><D56/><U109/><E109/><V30/><F30/><W58/><G14/><T7/><D25/><U121/><E121/><V118/><F44/><W2/><G2/><T43/><D133/><U125/><AGARI ba="1,0" hai="5,10,15,53,54,124,125,127" m="34409,49737" machi="125" ten="40,5200,0" yaku="18,1,19,1,54,1" doraHai="120" who="1" fromWho="1" sc="197,-14,312,55,235,-14,256,-27" /><INIT seed="4,0,0,3,4,132" ten="183,367,221,229" oya="0" hai0="58,38,121,43,76,50,32,65,119,57,135,85,71" hai1="99,69,59,81,36,39,41,54,106,130,86,15,6" hai2="113,87,24,31,16,13,27,89,46,3,35,62,84" hai3="98,108,40,110,20,96,18,102,112,101,51,5,79"/><T14/><D32/><U25/><E69/><V109/><F109/><W68/><G112/><T23/><D121/><U63/><E130/><V127/><F3/><W11/><G68/><T45/><D119/><U107/><E25/><V42/><F113/><W19/><G79/><T116/><D116/><U37/><E41/><V67/><F27/><W29/><G29/><T28/><D135/><U0/><E0/><V128/><F128/><W48/><G40/><T64/><D28/><U118/><E118/><V49/><F89/><W115/><G115/><T114/><D114/><U17/><E6/><V75/><F75/><W134/><G134/><T2/><D2/><U97/><E106/><V95/><F95/><W56/><G56/><N who="0" m="21611" /><D38/><U30/><E30/><V120/><F120/><W7/><G20/><T80/><D71/><U60/><E60/><V105/><F105/><W91/><G91/><T4/><D23/><U125/><E107/><V131/><F131/><W10/><AGARI ba="0,0" hai="5,7,10,11,18,19,48,51,96,98,101,102,108,110" machi="10" ten="25,3200,0" yaku="0,1,22,2" doraHai="132" who="3" fromWho="3" sc="183,-16,367,-8,221,-8,229,32" /><INIT seed="5,0,0,3,1,61" ten="167,359,213,261" oya="1" hai0="87,46,57,30,83,8,11,114,62,100,52,60,28" hai1="54,55,48,118,22,16,1,128,101,19,115,77,122" hai2="91,4,127,13,68,32,116,63,45,79,131,59,125" hai3="26,126,81,35,58,107,85,65,24,21,33,72,6"/><U12/><E118/><V109/><F116/><W108/><G108/><T134/><D114/><U18/><E115/><V86/><F32/><W78/><G107/><T37/><D134/><U73/><E122/><V105/><F105/><W14/><G126/><T92/><D37/><U123/><E1/><V15/><F79/><W51/><G72/><T75/><D75/><U104/><E123/><V64/><F109/><W23/><G35/><T7/><D46/><U97/><E128/><V103/><F103/><W66/><G33/><T113/><D62/><U90/><E90/><V89/><F89/><W43/><G14/><T99/><D113/><U36/><E36/><V49/><F68/><W84/><G6/><T111/><D111/><U38/><E38/><V112/><F112/><W76/><G58/><T20/><D20/><N who="3" m="7753" /><G51/><T117/><D117/><U40/><E40/><V106/><F106/><W41/><G85/><T3/><REACH who="0" step="1"/><D11/><REACH who="0" ten="157,359,213,261" step="2"/><U124/><E124/><V119/><F119/><W70/><G76/><AGARI ba="0,1" hai="3,7,8,28,30,52,57,60,76,83,87,92,99,100" machi="76" ten="30,7700,0" yaku="1,1,2,1,7,1,54,1,53,0" doraHai="61" doraHaiUra="120" who="0" fromWho="3" sc="157,87,359,0,213,0,261,-77" /><INIT seed="6,0,0,2,5,56" ten="244,359,213,184" oya="2" hai0="117,91,20,73,118,61,29,16,127,33,42,40,66" hai1="48,80,15,75,5,12,59,98,58,10,107,93,22" hai2="24,62,116,87,36,18,84,129,60,35,43,57,51" hai3="74,46,3,9,125,130,92,82,55,101,78,14,113"/><V27/><F116/><N who="0" m="44650" /><D127/><U115/><E107/><V90/><F36/><W11/><G125/><T79/><D91/><U53/><E115/><V70/><F35/><W112/><G130/><T99/><D99/><U68/><E68/><V54/><F70/><W52/><G3/><T89/><D89/><U85/><E75/><V110/><F129/><W76/><G76/><T109/><D109/><U67/><E22/><N who="2" m="13399" /><F110/><W45/><G101/><T95/><D95/><U69/><E69/><V81/><F27/><W100/><G92/><T102/><D29/><U121/><E121/><V132/><F132/><W97/><G97/><T41/><D33/><U39/><E39/><V7/><F7/><W104/><G100/><T122/><D102/><N who="1" m="60751" /><E15/><V0/><F0/><W105/><G14/><N who="0" m="9239" /><D122/><U126/><E126/><V23/><F23/><W44/><G104/><T49/><D73/><U2/><E2/><V38/><F38/><W135/><G135/><T17/><D17/><U94/><E94/><N who="2" m="54599" /><F43/><W131/><G105/><T50/><D79/><AGARI ba="0,0" hai="51,54,57,60,62,79,81,87" m="54599,13399" machi="79" ten="30,5800,0" yaku="8,1,52,2" doraHai="56" who="2" fromWho="0" sc="244,-58,359,0,213,58,184,0" /><INIT seed="6,1,0,2,5,82" ten="186,359,271,184" oya="2" hai0="118,132,56,62,80,55,101,93,112,94,108,24,122" hai1="103,92,100,79,17,47,124,125,105,128,63,45,98" hai2="130,50,44,76,26,81,58,111,3,102,14,34,48" hai3="87,64,57,129,127,83,25,27,7,32,54,0,85"/><V97/><F3/><W70/><G129/><T84/><D108/><U131/><E79/><V66/><F130/><N who="1" m="49705" /><E17/><V99/><F99/><W12/><G127/><N who="1" m="48714" /><E63/><V39/><F39/><W74/><G0/><T8/><D112/><U89/><E103/><V121/><F121/><W36/><G36/><T41/><D118/><U5/><E5/><V2/><F2/><W114/><G114/><T119/><D122/><U77/><E77/><V120/><F120/><W60/><G83/><T113/><D80/><U78/><E78/><V29/><F111/><W69/><G74/><T42/><D119/><U96/><AGARI ba="1,0" hai="45,47,89,92,96,98,100,105" m="48714,49705" machi="96" ten="40,2700,0" yaku="19,1,18,1" doraHai="82" who="1" fromWho="1" sc="186,-8,359,30,271,-14,184,-8" /><INIT seed="7,0,0,4,1,115" ten="178,389,257,176" oya="3" hai0="33,104,106,21,97,84,61,113,34,36,103,123,107" hai1="8,133,72,1,125,105,69,79,48,95,78,22,88" hai2="109,62,12,26,29,135,132,99,40,19,64,46,83" hai3="60,126,2,41,120,127,0,45,7,53,110,52,76"/><W122/><G76/><T27/><D123/><N who="3" m="47145" /><G7/><T32/><D36/><U43/><E125/><N who="3" m="47626" /><G110/><T108/><D108/><U4/><E79/><V56/><F109/><W116/><G116/><T58/><D113/><U130/><E78/><V73/><F99/><W75/><G75/><T11/><D11/><U13/><E8/><N who="2" m="6535" /><F83/><W82/><G82/><T66/><REACH who="0" step="1"/><D84/><REACH who="0" ten="168,389,257,176" step="2"/><U24/><E72/><V94/><F73/><W20/><G20/><T74/><D74/><U15/><E22/><N who="2" m="15575" /><F94/><W16/><G16/><AGARI ba="0,1" hai="16,21,27,32,33,34,58,61,66,97,103,104,106,107" machi="16" ten="40,5200,0" yaku="1,1,54,1,53,1" doraHai="115" doraHaiUra="93" who="0" fromWho="3" sc="168,62,389,0,257,0,176,-52" owari="230,-17.0,389,49.0,257,6.0,124,-38.0" /></mjloggm>