<mjloggm ver="2.3"><GO type="41" lobby="0"/><UN n0="%67%6F%6D%61%6E" n1="%41%59%4F%59%4F" n2="%E2%93%9D%53%75%70%68%78" n3="%E3%81%93%E3%81%98%E3%81%BE%E9%BA%BB%E9%9B%80%E7%A0%94%E7%A9%B6%E6%89%80" dan="14,13,18,16" rate="1960.49,1933.44,2116.57,2052.53" sx="M,F,M,M"/><TAIKYOKU oya="0"/><INIT seed="0,0,0,5,1,58" ten="250,250,250,250" oya="0" hai0="82,64,79,3,45,8,37,57,108,46,7,26,6" hai1="123,94,40,47,103,116,110,43,15,24,93,71,101" hai2="124,90,68,112,54,105,111,73,9,119,49,61,66" hai3="115,76,84,129,39,30,95,126,33,107,69,67,56"/><T88/><D108/><U75/><E116/><V50/><F105/><W16/><G115/><T62/><D7/><U133/><E123/><V12/><F112/><W27/><G107/><T32/><D37/><U4/><E110/><V74/><F111/><W25/><G129/><T86/><D32/><U35/><E75/><V113/><F124/><W135/><G126/><T125/><D125/><U36/><E40/><V77/><F50/><W99/><G135/><T52/><D26/><U14/><E133/><V21/><F77/><W48/><G39/><T92/><REACH who="0" step="1"/><D64/><REACH who="0" ten="240,250,250,250" step="2"/><U100/><E35/><V85/><F113/><W10/><G27/><T96/><AGARI ba="0,1" hai="3,6,8,45,46,52,57,62,79,82,86,88,92,96" machi="96" ten="20,18000,2" yaku="1,1,2,1,0,1,7,1,52,1,54,2,53,0" doraHai="58" doraHaiUra="121" who="0" fromWho="0" sc="240,190,250,-60,250,-60,250,-60" /><INIT seed="0,1,0,5,3,111" ten="430,190,190,190" oya="0" hai0="3,17,34,125,54,79,104,132,103,60,95,81,18" hai1="28,24,80,126,73,4,89,87,90,70,117,113,9" hai2="74,78,36,91,135,39,43,108,66,46,6,112,22" hai3="21,98,25,82,35,13,47,27,116,40,61,8,94"/><T42/><D3/><U76/><E117/><V30/><F108/><W77/><G116/><T83/><D34/><U48/><E70/><V16/><F135/><W67/><G35/><T2/><D2/><U107/><E107/><V64/><F30/><W33/><G33/><T29/><D29/><U15/><E126/><V69/><F39/><W102/><G21/><T109/><D104/><U14/><E73/><V119/><F69/><W62/><G27/><T93/><D109/><U57/><E14/><V100/><F100/><W11/><G25/><T7/><D7/><U71/><E71/><V41/><F41/><W63/><G67/><T5/><D5/><U123/><E123/><V96/><F112/><W101/><G102/><T134/><D42/><U99/><E113/><V53/><F53/><W0/><G0/><T133/><D125/><U128/><E128/><V56/><F6/><W124/><G124/><T38/><D38/><U121/><E121/><V59/><F78/><W49/><REACH who="3" step="1"/><G13/><REACH who="3" ten="430,190,190,180" step="2"/><T20/><D20/><U120/><E24/><V115/><F119/><W65/><G65/><T52/><D103/><U84/><E120/><V105/><F66/><W32/><G32/><T114/><D114/><U122/><E122/><V106/><F115/><W45/><G45/><T131/><D133/><U26/><E26/><N who="2" m="14663" /><F64/><W92/><G92/><T31/><D95/><N who="1" m="56815" /><E28/><V12/><F106/><W129/><G129/><T55/><D131/><U75/><E90/><V130/><F130/><W51/><G51/><T118/><D132/><U72/><E72/><AGARI ba="1,1" hai="8,11,40,47,49,61,62,63,72,77,82,94,98,101" machi="72" ten="40,8000,1" yaku="1,1,53,3" doraHai="111" doraHaiUra="58" who="3" fromWho="1" sc="430,0,190,-83,190,0,180,93" /><INIT seed="1,0,0,3,0,63" ten="430,107,190,273" oya="1" hai0="69,74,83,58,110,70,46,100,116,22,101,86,51" hai1="77,65,88,20,18,62,80,17,109,68,89,97,13" hai2="6,39,133,78,60,108,61,48,24,25,29,23,57" hai3="2,45,124,3,14,75,10,67,66,52,21,126,82"/><U27/><E109/><V90/><F39/><W49/><G21/><T53/><D110/><U130/><E130/><V85/><F133/><W76/><G2/><T96/><D74/><U134/><E134/><V120/><F120/><W55/><G55/><T5/><D116/><U71/><E71/><V103/><F103/><W33/><G3/><T11/><D22/><U15/><E97/><V91/><F6/><W117/><G33/><T16/><D100/><U129/><E129/><V102/><F25/><W26/><G26/><T98/><D98/><U119/><E119/><V79/><F61/><W72/><G72/><T40/><D16/><U94/><E94/><V115/><F115/><W128/><G117/><T41/><D86/><U93/><E93/><V31/><F31/><W32/><G32/><T43/><D83/><U111/><E111/><V84/><F48/><W35/><G35/><T37/><D37/><U8/><REACH who="1" step="1"/><E27/><REACH who="1" ten="430,97,190,273" step="2"/><V59/><F108/><W0/><G128/><T123/><D69/><U30/><E30/><V135/><F135/><W42/><G0/><T81/><D70/><U1/><E1/><V118/><F118/><W113/><G113/><T127/><D96/><U99/><E99/><V105/><F102/><W87/><G75/><AGARI ba="0,1" hai="8,13,15,17,18,20,62,65,68,75,77,80,88,89" machi="75" ten="30,12000,1" yaku="1,1,7,1,52,1,54,1,53,1" doraHai="63" doraHaiUra="73" who="1" fromWho="3" sc="430,0,97,130,190,0,273,-120" /><INIT seed="1,1,0,0,2,70" ten="430,227,190,153" oya="1" hai0="47,121,61,45,46,6,71,115,72,126,13,83,64" hai1="59,85,112,110,29,27,123,65,125,108,81,37,131" hai2="54,93,120,97,24,0,58,106,98,132,117,36,31" hai3="101,30,33,105,52,78,87,84,66,134,48,38,80"/><U104/><E112/><V107/><F0/><W88/><G134/><T63/><D115/><U67/><E123/><V91/><F117/><W51/><G38/><T21/><D126/><U8/><E125/><V99/><F120/><W111/><G111/><N who="1" m="42538" /><E104/><V82/><F132/><W89/><G66/><T39/><D121/><U20/><E131/><V133/><F36/><W116/><G116/><T44/><D83/><U42/><E59/><V10/><F10/><W100/><G51/><T77/><D77/><N who="1" m="46255" /><E8/><V35/><F133/><W49/><G48/><T5/><D72/><U7/><E7/><V40/><F107/><W95/><G105/><T12/><D6/><U127/><E127/><V28/><F106/><W43/><G43/><T23/><D5/><U57/><E57/><V50/><F40/><W32/><G78/><T122/><D61/><U68/><E68/><V14/><F82/><W41/><G41/><T94/><D94/><U18/><E29/><V74/><F31/><W60/><G60/><T109/><D109/><U128/><E128/><V15/><REACH who="2" step="1"/><F74/><REACH who="2" ten="430,227,180,153" step="2"/><W9/><G9/><T1/><D122/><U135/><E135/><V114/><F114/><W90/><G30/><T92/><D39/><U16/><E18/><V113/><F113/><W2/><G2/><T73/><D1/><U124/><E124/><V11/><F11/><W79/><G32/><T75/><D73/><U86/><E86/><AGARI ba="1,1" hai="14,15,24,28,35,50,54,58,86,91,93,97,98,99" machi="86" ten="40,1300,0" yaku="1,1,53,0" doraHai="70" doraHaiUra="34" who="2" fromWho="1" sc="430,0,227,-16,180,26,153,0" /><INIT seed="2,0,0,2,4,65" ten="430,211,206,153" oya="2" hai0="37,134,80,14,115,6,85,122,126,16,102,124,83" hai1="133,97,120,15,8,100,105,104,99,26,95,11,20" hai2="96,84,5,118,56,24,48,43,23,36,111,90,52" hai3="4,66,25,10,101,46,86,62,30,9,50,49,81"/><V29/><F118/><W17/><G101/><T78/><D122/><U51/><E120/><V112/><F112/><W27/><G17/><T89/><D115/><U18/><E133/><V109/><F96/><W0/><G9/><T91/><D134/><U123/><E123/><V74/><F74/><W19/><G19/><T72/><D37/><U44/><E97/><V113/><F113/><W64/><G64/><T129/><D6/><U135/><E135/><V54/><F54/><W116/><G116/><T117/><D117/><U73/><E73/><V79/><F79/><W130/><G130/><T28/><D28/><U55/><REACH who="1" step="1"/><E8/><REACH who="1" ten="430,201,206,153" step="2"/><V67/><F111/><W22/><G27/><T53/><D129/><U68/><E68/><V71/><F109/><W106/><G106/><T131/><D131/><U103/><E103/><V92/><F5/><AGARI ba="0,1" hai="5,11,15,18,20,26,44,51,55,95,99,100,104,105" machi="5" ten="30,2000,0" yaku="1,1,7,1,53,0" doraHai="65" doraHaiUra="38" who="1" fromWho="2" sc="430,0,201,30,206,-20,153,0" /><INIT seed="3,0,0,1,5,64" ten="430,231,186,153" oya="3" hai0="80,134,59,20,135,92,119,85,81,33,120,6,125" hai1="115,38,61,86,93,108,48,14,47,45,131,113,50" hai2="102,71,56,22,32,91,110,70,129,77,23,44,51" hai3="28,73,36,100,127,65,82,83,49,94,106,60,122"/><W1/><G122/><T17/><D120/><U63/><E14/><V13/><F32/><W41/><G127/><T16/><D119/><U24/><E24/><V89/><F102/><W90/><G36/><T126/><D33/><U74/><E74/><V75/><F56/><W88/><G1/><T26/><D6/><U112/><E38/><V3/><F3/><W9/><G106/><T76/><D59/><U124/><E124/><N who="0" m="47721" /><D92/><U0/><E0/><V118/><F129/><W84/><G28/><N who="0" m="17479" /><D81/><U96/><E93/><V66/><F118/><W46/><G73/><T107/><D107/><U101/><E112/><V52/><F75/><W87/><G100/><T12/><D17/><U132/><E131/><V27/><F66/><W116/><G116/><T121/><D121/><U114/><E114/><V103/><F103/><W58/><G94/><T69/><D69/><U72/><E113/><V39/><F71/><W109/><REACH who="3" step="1"/><G9/><AGARI ba="0,0" hai="9,12,16,76,80,85,134,135" m="17479,47721" machi="9" ten="30,2000,0" yaku="18,1,54,1" doraHai="64" who="0" fromWho="3" sc="430,20,231,0,186,0,153,-20" /><INIT seed="4,0,0,4,2,86" ten="450,231,186,133" oya="0" hai0="113,21,93,17,134,13,131,110,10,22,49,37,66" hai1="19,2,75,15,70,63,127,27,115,25,99,128,82" hai2="129,88,121,109,47,54,84,105,130,43,40,14,100" hai3="76,44,117,42,57,114,28,94,1,72,36,23,80"/><T35/><D113/><U6/><E115/><V111/><F54/><W104/><G114/><T120/><D120/><U96/><E128/><N who="2" m="49259" /><F121/><W61/><G117/><T62/><D131/><U46/><E127/><V107/><F14/><W34/><G104/><N who="2" m="40009" /><F100/><W24/><G1/><T103/><D37/><U69/><E2/><V58/><F58/><W68/><G94/><T50/><D35/><U55/><E55/><V101/><F101/><W125/><G125/><T98/><D134/><U56/><E15/><V4/><F4/><W12/><G68/><T51/><REACH who="0" step="1"/><D110/><REACH who="0" ten="440,231,186,133" step="2"/><N who="2" m="41994" /><F47/><W29/><G12/><T52/><D52/><U67/><E46/><V33/><F33/><W123/><G123/><T135/><D135/><U83/><E25/><V53/><F53/><W59/><REACH who="3" step="1"/><G61/><REACH who="3" ten="440,231,186,123" step="2"/><T3/><D3/><U118/><E63/><V60/><F60/><W132/><G132/><T9/><D9/><U30/><E27/><AGARI ba="0,2" hai="23,24,27,28,29,34,36,42,44,57,59,72,76,80" machi="27" ten="40,2600,0" yaku="1,1,53,1" doraHai="86" doraHaiUra="39" who="3" fromWho="1" sc="440,0,231,-26,186,0,123,46" /><INIT seed="5,0,0,3,3,19" ten="440,205,186,169" oya="1" hai0="64,78,75,134,114,43,31,7,116,98,26,35,95" hai1="93,101,129,96,70,66,3,40,1,11,110,21,20" hai2="54,6,102,126,23,127,135,2,123,121,25,77,44" hai3="24,103,5,49,37,83,56,92,85,30,53,52,59"/><U87/><E110/><V111/><F102/><W71/><G37/><T86/><D116/><U14/><E40/><V97/><F97/><W38/><G38/><T79/><D114/><U119/><E119/><V50/><F77/><W100/><G71/><T15/><D134/><U62/><E129/><V132/><F6/><W122/><G5/><T58/><D75/><U16/><REACH who="1" step="1"/><E87/><REACH who="1" ten="440,195,186,169" step="2"/><V76/><F111/><W67/><G122/><T104/><D43/><U42/><E42/><V39/><F39/><W0/><G67/><T72/><D72/><U74/><E74/><V80/><F123/><W82/><G0/><AGARI ba="0,1" hai="0,1,3,11,14,16,20,21,62,66,70,93,96,101" machi="0" ten="40,12000,1" yaku="1,1,52,2,54,1,53,1" doraHai="19" doraHaiUra="94" who="1" fromWho="3" sc="440,0,195,130,186,0,169,-120" /><INIT seed="5,1,0,4,0,10" ten="440,325,186,49" oya="1" hai0="33,101,22,41,120,103,66,76,35,47,82,117,81" hai1="61,24,111,9,129,107,32,45,29,85,15,42,97" hai2="11,133,106,59,87,73,13,30,26,43,37,57,108" hai3="88,65,104,49,6,114,125,91,112,64,96,127,89"/><U113/><E113/><N who="3" m="43626" /><G6/><T123/><D117/><U0/><E111/><V79/><F108/><W3/><G3/><T72/><D66/><N who="3" m="25705" /><G49/><T71/><D22/><U100/><E129/><V68/><F68/><W18/><G18/><T27/><D71/><U109/><E109/><V5/><F37/><W90/><N who="3" m="22528" /><DORA hai="14" /><W70/><G70/><T52/><D41/><U132/><E0/><V122/><F43/><W25/><G25/><T1/><D1/><U58/><E132/><V31/><F26/><W16/><G16/><T75/><D27/><U99/><E99/><V86/><F5/><W8/><G8/><T53/><D47/><U21/><E21/><V2/><F11/><W67/><N who="3" m="25713" /><W131/><DORA hai="20" /><G131/><T51/><D51/><U135/><E135/><V83/><F133/><W4/><G4/><T94/><D33/><U74/><E45/><V78/><F2/><W55/><G55/><T50/><D35/><U80/><E42/><V115/><F115/><W48/><G48/><T92/><D50/><U93/><E9/><V54/><F54/><W105/><G96/><T36/><D36/><U121/><E24/><V34/><F34/><W60/><G60/><T77/><AGARI ba="1,0" hai="52,53,72,75,76,77,81,82,92,94,101,103,120,123" machi="77" ten="25,6400,0" yaku="0,1,22,2,54,1" doraHai="10,14,20" who="0" fromWho="0" sc="440,67,325,-33,186,-17,49,-17" /><INIT seed="6,0,0,0,1,65" ten="507,292,169,32" oya="2" hai0="57,99,86,53,48,68,11,3,30,79,94,108,107" hai1="76,116,97,64,102,1,122,111,43,123,47,66,127" hai2="81,78,75,13,62,120,89,118,21,103,112,54,10" hai3="45,72,131,125,52,117,5,126,104,132,2,109,69"/><V38/><F118/><W56/><G52/><T27/><D107/><U15/><E116/><V42/><F120/><N who="1" m="46121" /><E111/><V44/><F112/><W7/><G56/><T6/><D68/><U130/><E1/><V135/><F135/><W33/><G45/><T0/><D108/><U124/><E130/><V58/><F103/><W36/><G7/><T91/><D79/><U83/><E15/><V50/><F21/><W63/><G5/><T59/><D59/><U23/><E23/><V133/><F133/><W46/><G46/><T22/><D99/><U25/><E25/><V100/><F100/><W26/><G63/><T71/><D71/><U32/><E32/><V28/><F28/><W14/><G14/><AGARI ba="0,0" hai="0,3,6,11,14,22,27,30,48,53,57,86,91,94" machi="14" ten="30,1000,0" yaku="7,1" doraHai="65" who="0" fromWho="3" sc="507,10,292,0,169,0,32,-10" /><INIT seed="7,0,0,4,0,29" ten="517,292,169,22" oya="3" hai0="15,107,19,46,115,34,112,126,93,78,71,16,91" hai1="87,64,8,60,14,7,123,58,21,39,117,92,101" hai2="72,11,20,81,106,82,27,133,5,100,57,52,119" hai3="125,124,45,59,1,42,0,12,134,108,129,18,56"/><W4/><G134/><T62/><D34/><U49/><E123/><V116/><F133/><W6/><G129/><T75/><D126/><N who="3" m="48745" /><G108/><T127/><D127/><U47/><E117/><V33/><F33/><W85/><G85/><T114/><D107/><U122/><E122/><V90/><F72/><W121/><G121/><T83/><D46/><U55/><E39/><V79/><F90/><W131/><G131/><T48/><D48/><U10/><E21/><V96/><F82/><W89/><G89/><T38/><D38/><U66/><E8/><V113/><F113/><W111/><G111/><T63/><D71/><U43/><E87/><V94/><F106/><W69/><G69/><T44/><D44/><U128/><E128/><V95/><F95/><W31/><G31/><T70/><D70/><U54/><E43/><V24/><F119/><W105/><G105/><T118/><D19/><U130/><E130/><V132/><F132/><W9/><G59/><T104/><D104/><U98/><AGARI ba="0,0" hai="7,10,14,47,49,54,55,58,60,64,66,92,98,101" machi="98" ten="30,2000,0" yaku="0,1,8,1" doraHai="29" who="1" fromWho="1" sc="517,-5,292,20,169,-5,22,-10" owari="512,62.0,312,11.0,164,-24.0,12,-49.0" /></mjloggm>