<mjloggm ver="2.3"><GO type="41" lobby="0"/><UN n0="%65%74%61%6B%61%32%34" n1="%E3%81%8D%E3%81%8E" n2="%E2%93%9D%53%75%70%68%78" n3="%E5%90%8D%E5%89%8D%E3%81%A9%E3%81%86%E3%81%99%E3%81%A3%E3%81%8B%EF%BC%9F" dan="14,14,17,15" rate="1969.63,1989.30,2051.50,1944.60" sx="M,F,M,M"/><TAIKYOKU oya="0"/><INIT seed="0,0,0,0,3,18" ten="250,250,250,250" oya="0" hai0="22,132,27,73,51,16,111,71,12,123,52,84,45" hai1="129,100,87,32,82,131,81,61,124,93,44,11,79" hai2="5,47,92,19,29,89,83,3,40,76,65,90,75" hai3="46,101,2,15,1,42,99,109,14,122,116,17,38"/><T115/><D123/><U64/><E32/><V91/><F29/><W104/><G116/><T34/><D115/><U13/><E124/><V130/><F130/><W41/><G122/><T10/><D73/><U68/><E81/><V6/><F65/><W48/><G109/><T55/><D71/><U128/><E44/><V8/><F19/><W121/><G121/><T96/><D132/><U33/><E33/><V85/><REACH who="2" step="1"/><F6/><REACH who="2" ten="250,250,240,250" step="2"/><W4/><G4/><T21/><D111/><U105/><E128/><V80/><F80/><W49/><G15/><T59/><D34/><U25/><E129/><V20/><F20/><W63/><G2/><T54/><D96/><U117/><E131/><V50/><AGARI ba="0,1" hai="3,5,8,40,47,50,75,76,83,85,89,90,91,92" machi="50" ten="20,5200,0" yaku="1,1,0,1,7,1,53,1" doraHai="18" doraHaiUra="37" who="2" fromWho="2" sc="250,-26,250,-13,240,62,250,-13" /><INIT seed="1,0,0,0,1,7" ten="224,237,302,237" oya="1" hai0="126,11,13,133,69,62,79,96,115,77,80,17,92" hai1="87,127,72,82,78,71,57,101,47,98,120,91,19" hai2="39,20,95,44,100,65,83,76,3,110,37,64,8" hai3="33,114,35,59,14,54,134,34,111,25,1,5,52"/><U41/><E127/><V130/><F110/><W2/><G114/><T51/><D115/><U109/><E109/><V128/><F20/><W112/><G112/><T124/><D133/><U106/><E120/><V93/><F100/><W132/><G111/><T125/><D51/><U10/><E57/><V73/><F95/><W12/><G25/><T40/><D40/><U30/><E30/><V86/><F86/><W118/><G118/><T6/><D80/><U131/><E131/><N who="2" m="50219" /><F93/><W56/><G35/><T9/><D62/><U90/><E71/><V88/><F88/><W24/><G24/><T29/><D29/><U68/><E68/><V113/><F113/><W43/><G43/><T0/><REACH who="0" step="1"/><D69/><REACH who="0" ten="214,237,302,237" step="2"/><U23/><E41/><N who="2" m="22575" /><F39/><W53/><G53/><T15/><D15/><U116/><E82/><V84/><F73/><W117/><G117/><T48/><D48/><U31/><E72/><V121/><F121/><W103/><G5/><AGARI ba="0,1" hai="3,5,8,64,65,76,83,84" m="22575,50219" machi="5" ten="30,2000,0" yaku="19,1,52,1" doraHai="7" who="2" fromWho="3" sc="214,0,237,0,302,30,237,-20" /><INIT seed="2,0,0,3,3,39" ten="214,237,332,217" oya="2" hai0="30,26,50,121,18,131,52,124,80,111,28,46,32" hai1="34,95,25,61,36,78,73,20,128,72,64,69,44" hai2="41,116,135,42,114,0,74,29,125,23,1,68,55" hai3="56,11,118,120,6,10,113,76,117,48,123,105,106"/><V91/><F114/><W13/><G76/><T21/><D121/><U47/><E34/><V65/><F74/><W122/><G113/><T129/><D111/><U133/><E133/><V101/><F116/><W127/><G127/><T31/><D124/><U112/><E112/><V126/><F101/><W5/><G48/><T8/><D8/><U9/><E128/><N who="0" m="49225" /><D80/><U132/><E132/><V59/><F135/><W108/><G56/><T94/><D94/><U35/><E35/><AGARI ba="0,0" hai="18,21,26,28,30,31,32,35,46,50,52" m="49225" machi="35" ten="30,2000,0" yaku="19,1,54,1" doraHai="39" who="0" fromWho="1" sc="214,20,237,-20,332,0,217,0" /><INIT seed="3,0,0,5,4,77" ten="234,217,332,217" oya="3" hai0="85,116,8,130,48,67,108,65,52,47,4,54,41" hai1="44,90,80,135,55,115,97,66,15,121,96,36,124" hai2="61,69,113,64,106,88,28,18,112,5,132,100,86" hai3="57,40,49,131,7,89,76,26,110,31,107,134,29"/><W128/><G107/><T84/><D116/><U105/><E115/><V0/><F132/><W125/><G134/><T59/><D108/><U24/><E135/><V102/><F28/><W45/><G7/><T1/><D130/><N who="3" m="49705" /><G110/><T43/><D43/><U34/><E121/><V22/><F0/><W79/><G125/><T56/><D84/><U33/><E124/><V117/><F5/><W119/><G119/><T71/><D71/><U98/><E105/><V123/><F123/><W103/><G103/><T70/><D70/><U20/><E66/><V120/><F120/><W99/><G57/><T73/><D73/><U39/><E15/><V63/><F117/><W25/><G99/><T3/><D3/><U101/><E101/><V72/><F72/><W93/><G93/><T62/><REACH who="0" step="1"/><D85/><REACH who="0" ten="224,217,332,217" step="2"/><U27/><E96/><V35/><F113/><W92/><G92/><T37/><AGARI ba="0,1" hai="1,4,8,37,41,47,48,52,54,56,59,62,65,67" machi="37" ten="20,8000,1" yaku="1,1,2,1,0,1,7,1,54,1,53,0" doraHai="77" doraHaiUra="75" who="0" fromWho="0" sc="224,90,217,-20,332,-20,217,-40" /><INIT seed="4,0,0,4,1,76" ten="314,197,312,177" oya="0" hai0="132,68,100,41,27,71,35,66,97,122,87,77,70" hai1="119,51,55,116,48,78,13,101,54,60,89,131,8" hai2="62,2,7,40,105,5,127,50,82,106,1,15,34" hai3="123,111,135,120,3,43,31,36,104,63,79,61,4"/><T39/><D122/><U126/><E131/><V22/><F62/><W30/><G104/><N who="0" m="63503" /><D87/><U29/><E101/><V44/><F34/><W85/><G135/><T74/><D132/><U65/><E29/><V90/><F127/><W59/><G4/><T83/><D66/><U49/><E126/><V26/><F106/><W23/><G3/><T16/><D16/><U117/><E89/><V46/><F46/><W103/><G103/><T11/><D11/><U53/><E78/><V64/><F64/><W129/><G129/><T47/><D27/><U33/><E33/><AGARI ba="0,0" hai="33,35,39,41,47,68,70,71,74,77,83" m="63503" machi="33" ten="30,5800,0" yaku="33,2,52,1" doraHai="76" who="0" fromWho="1" sc="314,58,197,-58,312,0,177,0" /><INIT seed="4,1,0,4,4,35" ten="372,139,312,177" oya="0" hai0="43,50,68,114,82,16,24,32,44,120,75,131,87" hai1="125,126,78,74,112,17,33,12,67,1,76,135,7" hai2="18,52,94,109,59,40,49,104,97,53,127,11,117" hai3="36,96,115,132,123,64,88,121,70,34,41,3,85"/><T102/><D120/><U2/><E33/><V63/><F109/><W57/><G34/><T93/><D68/><U105/><E105/><V8/><F104/><W28/><G28/><T62/><D75/><U39/><E39/><V22/><F40/><W38/><G70/><T89/><D114/><U107/><E107/><V47/><F127/><N who="1" m="48649" /><E112/><V99/><F117/><W25/><G25/><T80/><D131/><U73/><E135/><V42/><F42/><W23/><G23/><N who="0" m="13415" /><D32/><U81/><E7/><V51/><F51/><W84/><G3/><N who="1" m="1034" /><E67/><V61/><F61/><W118/><G41/><T48/><D62/><U128/><E128/><V26/><REACH who="2" step="1"/><F99/><REACH who="2" ten="372,139,302,177" step="2"/><W19/><G96/><N who="0" m="59663" /><D50/><U30/><E30/><V111/><F111/><W110/><G110/><T98/><D98/><U71/><E71/><V124/><F124/><W133/><G118/><T101/><D101/><AGARI ba="1,1" hai="8,11,18,22,26,47,49,52,53,59,63,94,97,101" machi="101" ten="30,8000,1" yaku="1,1,7,1,8,1,54,1,53,1" doraHai="35" doraHaiUra="21" who="2" fromWho="0" sc="372,-83,139,0,302,93,177,0" /><INIT seed="5,0,0,2,1,88" ten="289,139,395,177" oya="1" hai0="91,52,3,27,31,2,59,106,81,74,116,21,64" hai1="102,15,0,112,89,98,105,45,16,69,57,78,42" hai2="118,95,80,51,122,53,134,40,92,85,12,124,121" hai3="70,90,36,76,48,9,37,14,25,66,35,5,28"/><U47/><E0/><V32/><F118/><W73/><G70/><T135/><D116/><U101/><E69/><V113/><F32/><W107/><G107/><T38/><D38/><U24/><E112/><V23/><F124/><W61/><G76/><T20/><D106/><U87/><E101/><V108/><F108/><W86/><G48/><T56/><D135/><U128/><E128/><V18/><F113/><W46/><G73/><T123/><D123/><U8/><E78/><V82/><F82/><W131/><G131/><T65/><D3/><U115/><E115/><V77/><F40/><W62/><G46/><T79/><D2/><U43/><E45/><V55/><F134/><W130/><G130/><T97/><D59/><U4/><E57/><V50/><F122/><W103/><G103/><T126/><D126/><U19/><E24/><V83/><F83/><W33/><G33/><T109/><D109/><U67/><E67/><V17/><F17/><W127/><G127/><T34/><D34/><U72/><E72/><V84/><F84/><W110/><G110/><T1/><D1/><U99/><E99/><V29/><F29/><W44/><G66/><T75/><D74/><U13/><E47/><N who="2" m="27871" /><F121/><W129/><G129/><T96/><D21/><U68/><E68/><V60/><F60/><W120/><G120/><T49/><D97/><U63/><E63/><V71/><F71/><W100/><G37/><T104/><REACH who="0" step="1"/><D104/><REACH who="0" ten="279,139,395,177" step="2"/><U133/><E133/><V114/><F114/><W22/><G36/><T41/><D41/><N who="1" m="15371" /><E13/><V10/><F23/><W6/><G22/><T7/><D7/><RYUUKYOKU ba="0,1" sc="279,10,139,10,395,10,177,-30" hai0="20,27,31,49,52,56,64,65,75,79,81,91,96" hai1="4,8,15,16,19,87,89,98,102,105" hai2="10,12,18,51,55,77,80,85,92,95" /><INIT seed="5,1,1,3,5,6" ten="289,149,405,147" oya="1" hai0="115,92,48,71,46,81,16,73,54,40,14,25,93" hai1="116,45,105,32,44,120,21,13,5,111,83,58,10" hai2="70,121,4,20,49,35,103,23,104,114,63,130,95" hai3="91,117,106,107,28,67,66,24,33,86,9,60,85"/><U112/><E116/><V1/><F121/><W19/><G117/><T123/><D71/><U100/><E120/><V78/><F104/><W15/><G67/><T126/><D123/><U38/><E32/><V99/><F130/><W53/><G53/><T59/><D115/><U131/><E112/><V79/><F35/><W37/><G37/><T65/><D126/><U80/><E131/><V26/><F23/><W0/><G0/><T57/><D25/><U110/><E58/><V96/><F96/><W128/><G128/><T52/><D65/><U118/><E118/><V88/><F103/><W124/><G124/><T82/><D73/><U17/><E105/><V42/><F63/><W47/><G47/><N who="1" m="17994" /><E100/><V34/><F34/><W125/><G125/><T8/><D92/><U119/><E38/><V90/><F70/><W22/><G33/><T50/><REACH who="0" step="1"/><D93/><REACH who="0" ten="279,149,405,147" step="2"/><U43/><E119/><V74/><F95/><W108/><G107/><T132/><D132/><U27/><E43/><V31/><F42/><W98/><G106/><T135/><D135/><U129/><E129/><V30/><F114/><W89/><G66/><T56/><D56/><U51/><E51/><AGARI ba="1,2" hai="8,14,16,40,46,48,50,51,52,54,57,59,81,82" machi="51" ten="30,16000,3" yaku="1,1,7,1,9,1,8,1,52,1,54,2,53,1" doraHai="6" doraHaiUra="11" who="0" fromWho="1" sc="279,183,149,-163,405,0,147,0" owari="462,55.0,-14,-51.0,405,21.0,147,-25.0" /></mjloggm>