<mjloggm ver="2.3"><GO type="41" lobby="0"/><UN n0="%E2%93%9D%53%75%70%68%78" n1="%E3%80%90%E6%A2%85%E3%80%91" n2="%E3%82%A8%E3%82%A4%E3%82%B3%E3%83%A9%E3%83%8A%E3%83%8A" n3="%E3%81%A4%E3%81%B0%E3%83%A1" dan="17,13,15,15" rate="2005.81,1830.00,2017.90,1996.98" sx="M,M,M,M"/><TAIKYOKU oya="0"/><INIT seed="0,0,0,4,0,77" ten="250,250,250,250" oya="0" hai0="70,17,24,22,66,105,72,73,135,129,68,45,32" hai1="4,28,36,108,79,0,119,94,99,23,97,25,132" hai2="5,51,127,117,60,80,125,88,87,43,115,111,91" hai3="85,92,21,15,53,131,134,116,44,128,76,56,26"/><T6/><D105/><U113/><E119/><V39/><F115/><W47/><G116/><T50/><D129/><N who="3" m="49737" /><G134/><T96/><D135/><U18/><E113/><V83/><F117/><W29/><G15/><T58/><D32/><U31/><E36/><V42/><F39/><W20/><G20/><T107/><D6/><U54/><E132/><V35/><F35/><W109/><G109/><T133/><D58/><U9/><E79/><V55/><F111/><W89/><G76/><T86/><D86/><U33/><E108/><V71/><F5/><W8/><G8/><T65/><D133/><U16/><E31/><V90/><F71/><W98/><G98/><T62/><D96/><U112/><E112/><V103/><F103/><W48/><AGARI ba="0,0" hai="21,26,29,44,47,48,53,56,85,89,92" m="49737" machi="48" ten="30,1100,0" yaku="19,1" doraHai="77" who="3" fromWho="3" sc="250,-5,250,-3,250,-3,250,11" /><INIT seed="1,0,0,0,1,34" ten="245,247,247,261" oya="1" hai0="31,133,124,10,58,47,121,111,119,115,32,99,8" hai1="27,101,81,126,12,30,71,89,42,52,117,45,49" hai2="66,29,4,51,26,5,21,88,85,62,134,107,13" hai3="108,93,28,18,102,86,6,104,65,73,14,60,109"/><U90/><E117/><V75/><F75/><W0/><G73/><T76/><D115/><U110/><E71/><V106/><F134/><W25/><G104/><T38/><D124/><U19/><E126/><V105/><F51/><W53/><G53/><T114/><D111/><U84/><E110/><V41/><F41/><W78/><G78/><T64/><D121/><U80/><E101/><V56/><REACH who="2" step="1"/><F13/><REACH who="2" ten="245,247,237,261" step="2"/><W128/><G14/><T70/><D133/><U131/><E131/><V35/><F35/><W129/><G109/><T2/><D32/><U23/><E42/><V57/><F57/><W100/><G108/><T103/><D58/><U98/><E98/><V96/><F96/><W94/><G129/><T122/><D99/><U79/><REACH who="1" step="1"/><E80/><AGARI ba="0,1" hai="4,5,21,26,29,56,62,66,80,85,88,105,106,107" machi="80" ten="40,2600,0" yaku="1,1,54,1,53,0" doraHai="34" doraHaiUra="135" who="2" fromWho="1" sc="245,0,247,-26,237,36,261,0" /><INIT seed="2,0,0,3,1,6" ten="245,221,273,261" oya="2" hai0="38,123,93,102,90,121,9,80,45,41,132,56,17" hai1="47,16,44,92,79,25,13,113,59,114,118,3,116" hai2="84,39,110,2,7,112,61,14,128,99,75,21,46" hai3="51,52,83,18,20,15,88,109,115,10,22,8,31"/><V35/><F112/><W89/><G109/><T19/><D132/><U30/><E79/><V50/><F35/><W133/><G133/><T126/><D126/><U12/><E92/><V62/><F75/><W81/><G115/><T101/><D80/><N who="3" m="30793" /><G31/><T1/><D56/><U104/><E59/><V71/><F39/><W111/><G111/><T91/><D91/><N who="3" m="34889" /><G22/><T4/><D123/><U49/><E104/><V100/><F84/><W107/><G107/><T60/><D60/><U67/><E67/><V55/><F110/><W11/><G20/><T33/><D33/><U72/><E3/><V108/><F108/><W68/><G68/><T103/><REACH who="0" step="1"/><D121/><REACH who="0" ten="235,221,273,261" step="2"/><U130/><E114/><V135/><F135/><W26/><G26/><T5/><D5/><U54/><E113/><V122/><F71/><W98/><G98/><AGARI ba="0,1" hai="1,4,9,17,19,38,41,45,90,93,98,101,102,103" machi="98" ten="40,5200,0" yaku="1,1,52,1,53,1" doraHai="6" doraHaiUra="69" who="0" fromWho="3" sc="235,62,221,0,273,0,261,-52" /><INIT seed="3,0,0,3,5,110" ten="297,221,273,209" oya="3" hai0="79,47,96,104,42,1,40,92,84,93,60,74,21" hai1="14,108,64,49,25,95,102,83,56,61,26,53,130" hai2="34,43,19,116,7,82,122,120,24,36,30,65,69" hai3="41,27,2,111,75,86,31,6,99,97,132,35,121"/><W46/><G121/><N who="2" m="46697" /><F116/><W11/><G132/><T44/><D1/><U39/><E108/><V81/><F7/><W67/><G111/><T62/><D74/><U58/><E39/><V32/><F32/><W115/><G75/><T78/><D21/><U5/><E130/><V118/><F19/><W16/><G67/><T103/><D104/><U10/><E83/><V131/><F131/><W9/><G115/><T127/><D127/><U0/><E0/><V23/><F34/><W52/><G86/><T29/><D29/><U112/><E112/><V70/><F118/><W38/><REACH who="3" step="1"/><G52/><REACH who="3" ten="297,221,273,199" step="2"/><T101/><D84/><U91/><REACH who="1" step="1"/><E102/><REACH who="1" ten="297,211,273,199" step="2"/><V51/><F65/><W129/><G129/><T18/><D103/><U114/><E114/><V128/><F128/><W76/><G76/><T77/><D77/><U73/><E73/><V3/><F82/><W100/><G100/><T87/><D101/><U98/><AGARI ba="0,2" hai="5,10,14,25,26,49,53,56,58,61,64,91,95,98" machi="98" ten="20,8000,1" yaku="1,1,0,1,7,1,8,1,53,1" doraHai="110" doraHaiUra="94" who="1" fromWho="1" sc="297,-20,211,100,273,-20,199,-40" /><INIT seed="4,0,0,3,3,34" ten="277,311,253,159" oya="0" hai0="68,63,94,121,116,133,27,109,73,76,82,129,96" hai1="57,42,22,74,28,135,110,80,70,83,38,0,8" hai2="67,56,89,25,32,95,13,113,4,62,79,43,106" hai3="12,103,125,112,104,20,98,120,99,44,93,46,47"/><T108/><D121/><U102/><E110/><N who="0" m="42601" /><D27/><U111/><E70/><V88/><F113/><W14/><G112/><T77/><D68/><U90/><E102/><V78/><F106/><W33/><G33/><T58/><D116/><U75/><E135/><V59/><F43/><W29/><G125/><T51/><D129/><U18/><E28/><V10/><F89/><W122/><G29/><T55/><D77/><U123/><E123/><N who="3" m="47146" /><G20/><T11/><D11/><U131/><E131/><V15/><F25/><W71/><G71/><T16/><D133/><U119/><E8/><N who="2" m="4231" /><F59/><W128/><G128/><T2/><D16/><U17/><E57/><V81/><F81/><W61/><G61/><T40/><D40/><U52/><E18/><N who="2" m="8567" /><F32/><W114/><G114/><T31/><D31/><U124/><E83/><V35/><F35/><W126/><G126/><T72/><D63/><U107/><E80/><V53/><F67/><W41/><G41/><T7/><D82/><U105/><E42/><V3/><F3/><W37/><G37/><T1/><D76/><U134/><E0/><N who="0" m="105" /><D7/><U39/><E124/><V91/><F91/><AGARI ba="0,0" hai="12,14,44,46,47,91,93,98,99,103,104" m="47146" machi="91" ten="30,1000,0" yaku="13,1" doraHai="34" who="3" fromWho="2" sc="277,0,311,0,253,-10,159,10" /><AGARI ba="0,0" hai="51,55,58,72,73,91,94,96" m="105,42601" machi="91" ten="30,11600,0" yaku="10,1,52,3" doraHai="34" who="0" fromWho="2" sc="277,116,311,0,243,-116,169,0" /><INIT seed="4,1,0,1,0,31" ten="393,311,127,169" oya="0" hai0="45,94,53,121,14,29,110,81,19,88,124,92,59" hai1="84,86,122,33,114,25,108,109,99,52,79,63,93" hai2="44,95,47,37,127,132,83,71,51,64,39,36,102" hai3="56,91,57,4,97,24,73,125,128,50,135,67,112"/><T87/><D121/><U42/><E122/><V5/><F127/><W41/><G73/><T120/><D124/><U111/><E42/><V58/><F132/><W40/><G125/><T129/><D129/><U82/><E114/><V9/><F71/><W65/><G128/><T12/><D110/><U13/><E84/><V28/><F83/><W54/><G112/><T46/><D29/><U43/><E43/><N who="3" m="16458" /><G135/><T89/><D14/><U61/><E13/><V74/><F74/><W77/><G77/><T98/><D120/><U23/><E33/><V105/><F105/><W26/><G4/><T17/><D81/><U22/><E22/><V85/><F28/><W106/><G106/><T117/><D117/><U116/><E116/><V32/><F32/><W2/><G2/><T55/><D55/><U62/><E52/><V123/><F123/><W35/><G35/><T20/><D19/><U75/><E75/><V69/><F69/><W100/><G100/><T103/><D103/><U49/><E109/><V76/><F102/><W1/><G1/><T68/><D68/><U15/><E108/><V104/><F104/><W134/><G57/><T11/><D11/><U107/><E111/><V8/><F8/><W118/><G118/><T131/><D131/><U38/><E107/><V130/><F130/><W72/><G72/><T90/><D90/><U60/><E79/><V113/><F113/><W0/><G0/><T80/><D80/><U126/><E82/><N who="2" m="47303" /><F95/><N who="3" m="56575" /><G134/><T101/><D101/><U7/><N who="1" m="15360" /><DORA hai="30" /><U3/><E126/><V133/><F133/><W70/><G70/><T78/><D78/><RYUUKYOKU ba="1,0" sc="393,15,311,-15,127,-15,169,15" hai0="12,17,20,45,46,53,59,87,88,89,92,94,98" hai3="24,26,50,54,56,65,67" /><INIT seed="4,2,0,0,3,120" ten="408,296,112,184" oya="0" hai0="107,93,95,55,50,24,19,102,89,51,10,25,35" hai1="82,83,104,108,109,127,56,72,94,74,133,27,134" hai2="121,87,6,88,92,106,101,1,63,11,53,58,33" hai3="22,112,31,20,96,17,43,123,54,115,129,9,8"/><T57/><D107/><U60/><E104/><V2/><F121/><W37/><G123/><T4/><D35/><U135/><E27/><V13/><REACH who="2" step="1"/><F33/><REACH who="2" ten="408,296,102,184" step="2"/><W91/><G115/><T34/><D34/><U111/><E127/><V52/><F52/><W69/><G54/><T21/><D55/><N who="1" m="33823" /><E94/><V39/><F39/><W124/><G37/><T0/><D95/><U85/><E82/><V15/><F15/><W76/><G112/><T7/><D93/><U14/><E14/><V122/><F122/><W100/><G124/><T40/><D0/><U28/><E28/><V126/><F126/><W125/><G31/><T114/><D114/><U119/><E119/><V66/><F66/><W110/><G125/><T48/><D25/><U38/><E38/><V32/><F32/><W98/><G129/><T65/><D65/><U18/><E18/><V79/><F79/><AGARI ba="2,1" hai="72,74,79,83,85,108,109,111,133,134,135" m="33823" machi="79" ten="40,8000,1" yaku="20,1,52,3" doraHai="120" who="1" fromWho="2" sc="408,0,296,96,102,-86,184,0" /><INIT seed="5,0,0,0,3,14" ten="408,392,16,184" oya="1" hai0="135,35,43,61,49,6,100,107,66,119,3,92,115" hai1="22,87,37,96,31,51,72,30,102,80,111,89,4" hai2="129,23,50,39,20,11,60,1,133,84,101,69,82" hai3="63,18,81,114,103,67,12,57,54,83,86,44,112"/><U15/><E37/><V130/><F133/><W109/><G109/><T36/><D119/><U75/><E111/><V32/><F32/><W26/><G103/><T125/><D115/><N who="3" m="44073" /><G26/><T62/><D125/><U128/><E128/><N who="2" m="49259" /><F39/><W8/><G86/><T134/><D6/><U132/><E132/><V126/><F126/><W106/><G106/><T127/><D127/><U116/><E116/><V64/><F101/><W34/><G34/><T46/><D3/><U70/><E72/><V105/><F105/><W79/><G79/><T74/><D74/><U117/><E75/><V40/><F40/><W38/><G38/><T97/><D35/><U104/><E117/><V56/><F1/><W93/><G93/><T123/><D107/><U27/><E70/><V2/><F2/><W10/><G10/><T65/><D36/><U71/><E71/><V53/><F11/><W122/><G122/><T78/><D123/><U21/><E4/><V19/><F19/><W33/><G33/><T110/><D110/><U88/><E104/><V41/><F41/><W59/><G44/><T45/><D45/><U118/><E118/><V0/><F0/><W5/><G5/><T25/><D135/><U7/><E7/><V16/><F16/><W99/><G99/><T113/><D113/><U42/><E96/><V9/><F9/><W108/><G108/><T17/><D134/><U77/><E31/><V121/><F121/><W131/><G131/><T124/><D124/><U28/><E30/><V68/><F68/><W58/><G58/><T95/><D97/><U55/><E28/><V90/><AGARI ba="0,0" hai="20,23,50,53,56,60,64,69,82,84,90" m="49259" machi="90" ten="30,2000,0" yaku="5,1,19,1" doraHai="14" who="2" fromWho="2" sc="408,-5,392,-10,16,20,184,-5" /><INIT seed="6,0,0,0,0,6" ten="403,382,36,179" oya="2" hai0="12,104,4,84,95,30,133,78,39,29,48,106,55" hai1="47,66,130,34,26,135,132,98,77,107,20,1,19" hai2="57,68,71,105,102,9,2,18,109,81,45,94,58" hai3="3,93,128,82,119,37,16,112,115,21,14,43,125"/><V96/><F109/><W129/><G119/><T126/><D39/><U7/><E77/><V72/><F105/><W92/><G3/><T50/><D133/><U27/><E66/><V36/><F71/><W73/><G125/><T101/><D106/><U97/><E47/><V17/><F68/><W33/><G33/><T46/><D104/><U79/><E79/><N who="2" m="44263" /><F18/><W40/><G82/><N who="0" m="47191" /><D126/><U120/><E120/><V44/><F44/><N who="3" m="23567" /><G43/><T85/><D50/><U88/><E107/><V131/><F131/><N who="3" m="50251" /><G73/><T118/><D118/><U52/><E130/><V90/><F90/><W23/><G23/><T61/><D101/><U87/><E135/><V31/><F31/><W89/><G89/><N who="0" m="53679" /><D30/><U74/><E132/><V41/><F17/><W8/><G21/><T49/><D29/><U56/><E34/><V113/><F113/><AGARI ba="0,0" hai="8,14,16,92,93,112,113,115" m="50251,23567" machi="113" ten="30,8000,1" yaku="15,1,11,1,19,1,52,1,54,1" doraHai="6" who="3" fromWho="2" sc="403,0,382,0,36,-80,179,80" owari="403,50.0,382,18.0,-44,-54.0,259,-14.0" /></mjloggm>