<mjloggm ver="2.3"><GO type="41" lobby="0"/><UN n0="%E2%93%9D%53%75%70%68%78" n1="%E3%81%8A%E3%81%8C%E3%81%82" n2="%E8%87%AA%E8%BB%A2%E8%BB%8A%E7%94%B7%E5%AD%90" n3="%E3%82%AB%E3%83%A1%E3%83%83%E3%82%AF%E6%98%9F%E4%BA%BA" dan="18,13,14,15" rate="2085.70,1925.73,1957.57,2101.31" sx="M,M,M,M"/><TAIKYOKU oya="0"/><INIT seed="0,0,0,4,4,14" ten="250,250,250,250" oya="0" hai0="122,96,11,124,2,56,132,47,31,106,126,74,29" hai1="66,40,10,1,75,97,127,121,8,129,113,35,98" hai2="45,104,123,84,20,107,37,13,88,48,26,36,67" hai3="105,23,91,78,24,53,87,83,5,77,0,102,133"/><T128/><D122/><U135/><E121/><V115/><F115/><W94/><G133/><T95/><D106/><U125/><E113/><V55/><F13/><W6/><G0/><T73/><D47/><U79/><E66/><V17/><F67/><W19/><G105/><T111/><D128/><U25/><E10/><V92/><F123/><W93/><G53/><T110/><D56/><U100/><E98/><V60/><F36/><W43/><G43/><T7/><D132/><U33/><E135/><V103/><F103/><W134/><G134/><T89/><D31/><U85/><E85/><V130/><F130/><W16/><G19/><T21/><D21/><U71/><E25/><V46/><REACH who="2" step="1"/><F60/><REACH who="2" ten="250,250,240,250" step="2"/><W86/><G78/><T82/><D126/><U101/><E101/><V22/><F22/><W112/><G112/><T9/><D124/><U116/><E100/><V32/><F32/><W12/><G12/><T72/><D11/><U34/><E8/><V39/><F39/><W114/><G114/><T41/><D9/><U69/><E33/><V64/><F64/><W59/><G59/><T51/><D111/><U18/><E35/><V44/><F44/><W117/><G117/><T70/><D110/><U118/><E34/><V3/><F3/><W62/><G62/><T119/><D2/><U27/><E1/><V120/><F120/><W109/><G109/><T42/><D119/><U80/><E118/><V81/><F81/><N who="3" m="47407" /><G102/><T28/><D82/><U65/><E80/><V61/><F61/><W49/><G49/><T76/><D51/><U90/><E116/><V63/><F63/><RYUUKYOKU ba="0,1" sc="250,-15,250,-15,240,15,250,15" hai2="17,20,26,37,45,46,48,55,84,88,92,104,107" hai3="5,6,16,23,24,83,87,91,93,94" /><INIT seed="1,1,1,1,3,3" ten="235,235,255,265" oya="1" hai0="65,20,29,55,78,6,81,95,92,38,31,28,22" hai1="0,83,39,48,91,16,10,33,57,131,116,96,71" hai2="35,124,114,122,2,135,30,121,45,13,64,58,80" hai3="76,125,9,8,107,105,54,67,118,100,106,61,132"/><U90/><E131/><V60/><F2/><W40/><G118/><T101/><D38/><U63/><E116/><V68/><F124/><W130/><G130/><T47/><D65/><U42/><E33/><V62/><F135/><W72/><G132/><T17/><D22/><U46/><E96/><V37/><F35/><W86/><G72/><T53/><D6/><U112/><E112/><V85/><F30/><W134/><G134/><T51/><D55/><U44/><E83/><V126/><F13/><W11/><G125/><T43/><D53/><U32/><E32/><V98/><F98/><W21/><G40/><T34/><D101/><U97/><E97/><V119/><F126/><W69/><G54/><T5/><D5/><U128/><E128/><V77/><F114/><W26/><G100/><T120/><D120/><U12/><E0/><V103/><F103/><W18/><G86/><N who="0" m="48439" /><D34/><U24/><E24/><AGARI ba="1,1" hai="17,20,24,28,29,31,43,47,51,92,95" m="48439" machi="24" ten="30,1000,0" yaku="8,1" doraHai="3" who="0" fromWho="1" sc="235,23,235,-13,255,0,265,0" /><INIT seed="2,0,0,2,4,132" ten="258,222,255,265" oya="2" hai0="14,9,105,41,31,52,102,83,4,78,6,44,134" hai1="40,66,88,38,113,69,106,70,60,74,80,33,121" hai2="111,42,54,20,120,68,99,112,5,29,122,95,47" hai3="96,85,15,126,110,35,65,94,37,104,63,125,17"/><V127/><F112/><W128/><G37/><T107/><D134/><U76/><E113/><V55/><F68/><W90/><G110/><T86/><D31/><U22/><E121/><V117/><F117/><W19/><G35/><T71/><D71/><U91/><E106/><V0/><F0/><W133/><G133/><T124/><D6/><U82/><E33/><V118/><F5/><W3/><G3/><T50/><D102/><U109/><E109/><V24/><F118/><W75/><G75/><T100/><D100/><U28/><E82/><V67/><F67/><W123/><G123/><T135/><D135/><U25/><REACH who="1" step="1"/><E70/><REACH who="1" ten="258,212,255,265" step="2"/><V89/><F111/><W93/><G104/><T21/><D107/><U48/><E48/><V73/><F120/><W81/><G128/><T53/><D105/><U114/><E114/><V46/><F122/><W56/><G93/><T1/><D1/><U59/><E59/><V13/><F95/><W2/><G2/><T39/><D39/><U101/><E101/><V12/><F73/><W87/><G87/><T8/><D86/><U36/><E36/><V108/><F108/><W16/><REACH who="3" step="1"/><G15/><REACH who="3" ten="258,212,255,255" step="2"/><T115/><D14/><U34/><E34/><V98/><F12/><W131/><G131/><T11/><D115/><U49/><E49/><V129/><F13/><W103/><AGARI ba="0,2" hai="16,17,19,56,63,65,81,85,90,94,96,103,125,126" machi="103" ten="30,8000,1" yaku="1,1,0,1,52,2,54,1,53,0" doraHai="132" doraHaiUra="30" who="3" fromWho="3" sc="258,-20,212,-20,255,-40,255,100" /><INIT seed="3,0,0,5,1,128" ten="238,192,215,355" oya="3" hai0="89,29,105,21,74,63,35,73,17,71,5,91,135" hai1="120,16,25,36,87,26,13,94,24,122,19,10,76" hai2="60,123,8,110,9,69,129,97,133,4,57,85,54" hai3="64,33,84,121,102,62,48,27,132,51,31,79,118"/><W68/><G102/><T43/><D43/><U22/><E36/><V6/><F110/><W114/><G114/><T1/><D105/><U82/><REACH who="1" step="1"/><E94/><REACH who="1" ten="238,182,215,355" step="2"/><V56/><F123/><AGARI ba="0,1" hai="10,13,16,19,22,24,25,26,76,82,87,120,122,123" machi="123" ten="40,5200,0" yaku="1,1,2,1,54,1,53,0" doraHai="128" doraHaiUra="130" who="1" fromWho="2" sc="238,0,182,62,215,-52,355,0" /><INIT seed="4,0,0,4,4,83" ten="238,244,163,355" oya="0" hai0="61,60,19,111,106,69,24,41,68,63,76,56,93" hai1="78,128,89,102,86,13,91,32,6,123,30,120,94" hai2="15,134,21,88,96,17,72,57,122,79,51,20,98" hai3="8,119,133,90,12,11,27,44,18,62,84,59,71"/><T114/><D106/><U80/><E32/><V109/><F109/><W49/><G119/><T113/><D76/><U22/><E30/><V7/><F122/><W5/><G71/><N who="0" m="27211" /><D93/><U81/><E22/><V124/><F124/><W54/><G133/><T97/><D97/><N who="1" m="59703" /><E13/><V2/><F134/><W53/><G27/><T14/><D24/><U36/><E36/><V47/><F57/><W73/><G73/><T33/><D33/><U0/><E6/><V43/><F72/><W39/><G39/><T131/><D131/><U129/><E0/><V9/><F79/><W34/><G34/><T40/><D14/><U35/><E35/><V58/><F58/><W127/><G127/><T1/><D19/><U4/><E4/><V74/><F74/><W118/><G118/><T66/><D1/><U28/><E28/><V121/><F121/><N who="1" m="46665" /><E81/><V77/><F20/><W52/><G53/><T100/><D111/><U65/><E65/><V48/><F77/><W87/><G90/><AGARI ba="0,0" hai="78,80,86,89,90,91,128,129" m="46665,59703" machi="90" ten="30,3900,0" yaku="34,2,52,1" doraHai="83" who="1" fromWho="3" sc="238,0,244,39,163,0,355,-39" /><INIT seed="5,0,0,0,4,76" ten="238,283,163,316" oya="1" hai0="77,60,78,70,101,27,59,114,95,111,33,39,102" hai1="54,66,1,108,44,94,14,49,75,43,100,85,71" hai2="89,31,120,97,46,68,90,15,134,117,98,0,129" hai3="103,22,106,72,10,13,40,135,88,56,53,45,52"/><U133/><E133/><V99/><F0/><W24/><G72/><T29/><D111/><U64/><E1/><V116/><F68/><W62/><G106/><T51/><D39/><U58/><E108/><V105/><F31/><W128/><G128/><T34/><D70/><U38/><E75/><V122/><F46/><W126/><G135/><T107/><D114/><U2/><E2/><V42/><F42/><W30/><G126/><T48/><D107/><U26/><E66/><V80/><F15/><W63/><G103/><T112/><D112/><U92/><E26/><V123/><F134/><W124/><G124/><T87/><D34/><U84/><E14/><V19/><F19/><W41/><G88/><N who="2" m="33897" /><F129/><W93/><G93/><N who="1" m="35946" /><E100/><N who="2" m="62607" /><F80/><W18/><G62/><AGARI ba="0,0" hai="38,43,44,49,54,58,62,64,71,84,85" m="35946" machi="62" ten="30,1500,0" yaku="24,1" doraHai="76" who="1" fromWho="3" sc="238,0,283,15,163,0,316,-15" /><INIT seed="5,1,0,0,0,39" ten="238,298,163,301" oya="1" hai0="89,80,96,77,4,111,27,20,73,5,81,118,61" hai1="129,131,42,86,48,93,56,12,16,66,11,15,120" hai2="34,53,45,49,29,57,94,60,109,3,67,116,92" hai3="107,127,124,113,19,51,54,1,130,44,50,25,41"/><U103/><E120/><V125/><F109/><W87/><G107/><T100/><D118/><U110/><E110/><V133/><F116/><W98/><G1/><T72/><D111/><U106/><E106/><V69/><F125/><N who="3" m="48203" /><G113/><T97/><D61/><U102/><E66/><V123/><F133/><W79/><G130/><N who="1" m="49674" /><E15/><V68/><F68/><W32/><G98/><T10/><D10/><U134/><E134/><V2/><F29/><N who="3" m="19503" /><G19/><T117/><D117/><U112/><E112/><V104/><F34/><W65/><G65/><T101/><D5/><U91/><E56/><V75/><F75/><W135/><G135/><T22/><D4/><U13/><E13/><V105/><F123/><W126/><G126/><T58/><D58/><U46/><AGARI ba="1,0" hai="11,12,16,42,46,48,86,91,93,102,103" m="49674" machi="46" ten="30,6000,0" yaku="19,1,52,1,54,1" doraHai="39" who="1" fromWho="1" sc="238,-21,298,63,163,-21,301,-21" /><INIT seed="5,2,0,0,5,36" ten="217,361,142,280" oya="1" hai0="12,111,133,123,2,39,95,23,107,65,18,102,52" hai1="22,97,66,20,90,6,64,87,113,14,93,101,104" hai2="80,122,54,79,50,1,38,55,77,27,59,94,32" hai3="86,131,42,3,74,44,33,134,81,5,40,130,98"/><U10/><REACH who="1" step="1"/><E113/><REACH who="1" ten="217,351,142,280" step="2"/><V82/><F122/><W125/><G131/><T118/><D123/><U61/><E61/><V25/><F1/><W108/><G130/><T83/><D2/><U127/><E127/><V129/><F129/><W126/><G126/><T115/><D115/><U89/><E89/><V121/><F121/><W103/><G125/><T26/><D118/><U63/><E63/><V53/><F38/><W120/><G3/><T13/><D39/><U30/><E30/><V84/><F94/><W99/><G120/><T119/><D95/><U128/><E128/><V45/><F32/><W24/><G33/><T43/><D119/><U70/><E70/><V47/><F55/><W117/><G117/><T58/><D52/><U51/><E51/><V62/><REACH who="2" step="1"/><F45/><REACH who="2" ten="217,351,132,280" step="2"/><W21/><G44/><T7/><D58/><U15/><E15/><V8/><F8/><W72/><G21/><AGARI ba="2,2" hai="6,10,14,20,21,22,64,66,87,90,93,97,101,104" machi="21" ten="40,3900,0" yaku="21,2,53,0" doraHai="36" doraHaiUra="78" who="1" fromWho="3" sc="217,0,351,65,132,0,280,-45" /><INIT seed="5,3,0,3,5,19" ten="217,416,132,235" oya="1" hai0="133,66,94,44,68,89,88,126,27,135,106,79,69" hai1="28,33,50,82,108,99,23,78,76,18,121,21,90" hai2="101,39,128,73,29,131,12,77,105,113,56,132,20" hai3="134,2,22,45,91,52,130,4,51,64,129,118,9"/><U127/><E121/><V67/><F39/><W93/><G134/><N who="0" m="51211" /><D106/><U116/><E127/><V112/><F132/><W60/><G118/><T10/><D79/><U92/><E116/><V84/><F73/><W111/><G111/><T37/><D66/><U46/><E33/><V124/><F105/><W122/><G122/><T32/><D10/><U14/><E108/><V117/><F101/><W75/><G75/><T5/><D5/><U65/><E82/><N who="2" m="47183" /><F124/><W35/><G35/><T36/><D89/><U13/><E65/><V41/><F41/><W38/><G38/><N who="0" m="14955" /><D44/><U95/><E95/><V100/><F100/><W17/><G93/><T42/><D42/><N who="1" m="24919" /><E14/><V6/><F6/><W83/><G91/><T70/><D126/><U25/><AGARI ba="3,0" hai="13,18,21,23,25,28,76,78,90,92,99" m="24919" machi="25" ten="30,6000,0" yaku="8,1,52,2" doraHai="19" who="1" fromWho="1" sc="217,-23,416,69,132,-23,235,-23" /><INIT seed="5,4,0,5,2,48" ten="194,485,109,212" oya="1" hai0="64,54,91,77,124,103,129,26,18,78,72,93,66" hai1="68,1,61,30,8,60,11,3,133,88,35,7,49" hai2="83,22,15,92,97,111,74,85,5,9,117,113,67" hai3="0,33,19,50,53,27,20,101,75,115,32,34,4"/><U43/><E133/><V89/><F113/><W40/><G115/><T128/><D103/><U118/><E118/><V76/><F111/><W114/><G114/><T130/><D124/><U45/><E68/><V86/><F117/><W104/><G75/><T44/><D18/><U37/><E37/><V108/><F108/><W42/><G4/><T134/><D26/><U94/><E30/><V36/><F36/><W102/><G0/><T69/><D134/><U132/><E35/><V135/><F135/><W96/><REACH who="3" step="1"/><G101/><REACH who="3" ten="194,485,109,202" step="2"/><T119/><D72/><U21/><E132/><V122/><F122/><W28/><G28/><T58/><D119/><U100/><E7/><V31/><F31/><W71/><G71/><T126/><D69/><U12/><E3/><V17/><REACH who="2" step="1"/><F67/><REACH who="2" ten="194,485,99,202" step="2"/><W70/><G70/><T98/><D66/><U110/><E110/><V55/><F55/><W6/><G6/><T123/><D123/><U29/><E29/><V109/><F109/><W116/><G116/><T14/><D64/><U82/><E1/><AGARI ba="4,2" hai="1,5,9,15,17,22,74,76,83,85,86,89,92,97" machi="1" ten="30,2000,0" yaku="1,1,7,1,53,0" doraHai="48" doraHaiUra="38" who="2" fromWho="1" sc="194,0,485,-32,99,52,202,0" /><INIT seed="6,0,0,5,1,118" ten="194,453,151,202" oya="2" hai0="124,0,125,84,110,75,48,96,109,12,121,80,70" hai1="64,21,72,88,89,29,22,111,27,77,100,93,32" hai2="113,74,1,97,66,58,106,37,65,119,114,78,122" hai3="44,49,101,26,5,127,126,20,99,7,24,68,38"/><V28/><F119/><W59/><G68/><T14/><D0/><U128/><E128/><V86/><F74/><W40/><G59/><T42/><D70/><U4/><E111/><N who="0" m="42505" /><D75/><U39/><E39/><V90/><F37/><W134/><G38/><T132/><D96/><U55/><E4/><N who="3" m="1610" /><G20/><T117/><D132/><U33/><E64/><V10/><F1/><W17/><G17/><T85/><D121/><U53/><E100/><N who="2" m="62735" /><F10/><W60/><G60/><T19/><D117/><U8/><E8/><V9/><F9/><W61/><G61/><T43/><D19/><U81/><E72/><V2/><F2/><W15/><G15/><N who="0" m="5675" /><D48/><U115/><E33/><V52/><F78/><W16/><G16/><T112/><D112/><N who="2" m="43114" /><F28/><W91/><G134/><T79/><D79/><U50/><E77/><V94/><F122/><W120/><G91/><T6/><D6/><U46/><E88/><V102/><F102/><W87/><G120/><T98/><D125/><N who="3" m="47625" /><G87/><T34/><D85/><U47/><E115/><V31/><F31/><W41/><G41/><T25/><D43/><U11/><E29/><V3/><F3/><W130/><G130/><T54/><D42/><U18/><E32/><V36/><F36/><W69/><G69/><T135/><D124/><U105/><E18/><V67/><F67/><W56/><G56/><T71/><D71/><U13/><E13/><V116/><F116/><W103/><G103/><T51/><D135/><U131/><E131/><V23/><F23/><W123/><G123/><T57/><D34/><U30/><E22/><V104/><F104/><AGARI ba="0,0" hai="24,26,40,44,49,99,101,104" m="47625,1610" machi="104" ten="30,1000,0" yaku="18,1" doraHai="118" who="3" fromWho="2" sc="194,0,453,0,151,-10,202,10" /><INIT seed="7,0,0,4,4,53" ten="194,453,141,212" oya="3" hai0="101,23,24,52,10,121,70,95,48,46,125,16,82" hai1="130,31,129,37,103,2,42,112,39,105,49,80,9" hai2="117,61,111,87,50,116,92,76,67,118,1,6,114" hai3="34,99,58,7,109,93,36,66,104,14,135,122,55"/><W51/><G122/><T128/><D121/><U127/><E112/><V38/><F38/><W97/><G34/><T119/><D70/><U43/><E31/><V59/><F111/><W73/><G73/><T32/><D119/><U86/><E127/><V107/><F107/><W63/><G36/><T62/><D128/><N who="1" m="49259" /><E103/><V30/><F114/><W12/><G135/><T8/><D32/><U98/><E98/><V88/><F30/><W47/><G109/><T133/><D125/><U123/><E105/><V18/><F76/><W126/><G126/><T115/><D133/><U35/><E35/><V74/><F74/><W113/><G113/><T64/><D82/><U85/><E85/><V120/><F120/><W106/><G104/><T60/><D115/><U77/><E43/><V91/><F18/><W75/><G75/><T15/><D64/><U132/><E132/><V13/><F1/><W72/><G72/><T40/><D40/><U25/><E25/><V29/><F29/><W3/><G106/><T78/><D78/><U94/><E94/><V100/><F50/><W22/><G22/><T134/><D134/><U96/><E96/><V71/><F100/><W0/><G99/><N who="0" m="59647" /><D10/><U27/><E27/><V17/><F91/><W81/><G81/><T41/><D41/><U54/><E42/><V19/><REACH who="2" step="1"/><F71/><REACH who="2" ten="194,453,131,212" step="2"/><W11/><G0/><T89/><D89/><AGARI ba="0,1" hai="3,7,11,12,14,47,51,55,58,63,66,89,93,97" machi="89" ten="30,2900,0" yaku="7,1,52,1" doraHai="53" who="3" fromWho="0" sc="194,-29,453,0,131,0,212,39" /><INIT seed="7,1,0,5,3,53" ten="165,453,131,251" oya="3" hai0="45,0,44,96,111,93,20,123,113,48,116,91,32" hai1="95,76,64,92,119,33,19,75,99,108,13,60,36" hai2="47,94,85,2,109,127,72,87,18,63,79,110,88" hai3="132,84,10,102,51,114,24,129,62,130,61,55,34"/><W135/><G114/><T133/><D111/><U118/><E108/><V106/><F2/><W58/><G102/><T97/><D32/><U29/><E36/><V26/><F127/><W70/><G84/><T39/><D0/><U126/><E126/><V100/><F87/><W38/><G10/><T6/><D123/><U86/><E75/><V52/><F26/><W43/><G24/><T65/><D116/><N who="1" m="44587" /><E99/><V42/><F18/><W82/><G82/><T78/><D133/><N who="3" m="51273" /><G34/><T115/><D97/><U73/><E73/><V71/><F71/><W9/><G9/><T1/><D115/><U98/><E98/><N who="2" m="61719" /><F42/><W125/><G125/><T101/><D113/><U117/><E117/><V122/><F122/><W124/><G124/><T105/><D101/><U89/><E76/><V81/><F63/><N who="3" m="24075" /><G70/><T23/><D78/><U17/><E95/><V120/><F120/><W57/><G57/><T59/><D59/><N who="1" m="36895" /><E13/><V37/><F37/><W112/><G112/><T134/><D134/><U27/><AGARI ba="1,0" hai="17,19,27,29,33,86,89,92" m="36895,44587" machi="27" ten="30,2000,0" yaku="12,1,52,1" doraHai="53" who="1" fromWho="1" sc="165,-6,453,23,131,-6,251,-11" owari="159,-24.0,476,57.0,125,-37.0,240,4.0" /></mjloggm>