<mjloggm ver="2.3"><GO type="41" lobby="0"/><UN n0="%4A%50%4B%49%4E%47%34%31" n1="%79%6D%61%65%6D" n2="%E3%83%9B%E3%81%A1%E3%82%83%E3%82%93" n3="%E2%93%9D%53%75%70%68%78" dan="13,14,14,17" rate="1845.81,1867.70,1962.53,2092.85" sx="M,M,M,M"/><TAIKYOKU oya="0"/><INIT seed="0,0,0,0,1,128" ten="250,250,250,250" oya="0" hai0="134,79,115,87,94,10,112,28,68,18,108,7,74" hai1="73,49,5,116,39,19,98,16,26,59,37,78,133" hai2="104,100,8,69,67,21,109,23,77,57,52,44,38" hai3="135,41,65,93,3,111,101,72,126,9,124,89,75"/><T103/><D68/><U81/><E116/><V117/><F117/><W91/><G65/><T92/><D74/><N who="3" m="28201" /><G41/><T86/><D28/><U32/><E5/><V30/><F109/><W99/><G9/><T95/><D18/><U13/><E98/><V29/><F77/><W45/><G45/><T62/><D108/><U123/><E123/><V129/><F129/><W43/><G43/><T4/><D103/><U51/><E39/><V55/><F8/><W36/><G3/><T1/><D7/><U20/><E37/><V127/><F127/><N who="3" m="48683" /><G36/><T110/><D110/><U60/><E32/><V83/><F69/><W2/><G2/><T42/><D42/><U34/><E34/><V131/><F131/><W90/><G111/><T6/><D6/><U106/><E106/><V27/><F67/><W56/><G56/><T0/><D0/><U97/><E97/><V47/><F38/><W15/><G15/><T17/><D62/><U122/><E122/><V102/><F57/><W80/><G135/><T46/><D17/><U50/><E133/><V24/><F83/><AGARI ba="0,0" hai="80,83,89,90,91,93,99,101" m="48683,28201" machi="83" ten="40,5200,0" yaku="18,1,34,2" doraHai="128" who="3" fromWho="2" sc="250,0,250,0,250,-52,250,52" /><INIT seed="1,0,0,0,2,14" ten="250,250,198,302" oya="1" hai0="6,53,108,112,95,45,127,24,85,82,47,129,52" hai1="121,134,131,106,100,30,135,28,62,32,80,25,35" hai2="61,111,96,124,81,51,74,13,101,56,104,67,120" hai3="10,119,125,17,107,76,92,113,64,19,2,130,117"/><U79/><E121/><V60/><F120/><W15/><G107/><T50/><D108/><U12/><E131/><V73/><F111/><W8/><G113/><T29/><D112/><U37/><E37/><V123/><F123/><W48/><G130/><T89/><D127/><U77/><E77/><V33/><F33/><W4/><G125/><T86/><D129/><U27/><E62/><V102/><F124/><W49/><G64/><T34/><D6/><U69/><E69/><V41/><F101/><W110/><G110/><T93/><D86/><U55/><E55/><V40/><F81/><W5/><G92/><T59/><REACH who="0" step="1"/><D45/><REACH who="0" ten="240,250,198,302" step="2"/><U99/><REACH who="1" step="1"/><E12/><REACH who="1" ten="240,240,198,302" step="2"/><V31/><F13/><W9/><G15/><T22/><D22/><U36/><E36/><V58/><F74/><AGARI ba="0,2" hai="25,27,28,30,32,35,74,79,80,99,100,106,134,135" machi="74" ten="40,12000,1" yaku="1,1,9,1,23,2,53,0" doraHai="14" doraHaiUra="84" who="1" fromWho="2" sc="240,0,240,140,198,-120,302,0" /><INIT seed="1,1,0,3,3,74" ten="240,380,78,302" oya="1" hai0="112,100,89,10,28,4,52,124,99,5,91,102,47" hai1="134,59,44,62,109,13,103,117,110,90,39,42,36" hai2="65,57,15,120,111,96,131,25,58,50,92,1,45" hai3="81,122,46,61,37,30,53,40,48,107,125,114,98"/><U123/><E103/><V118/><F120/><W127/><G30/><T24/><D124/><N who="3" m="47689" /><G98/><T76/><D76/><U82/><E123/><V56/><F118/><W68/><G81/><T133/><D133/><U8/><E117/><V31/><F111/><N who="1" m="42505" /><E134/><V105/><F105/><W66/><G107/><T23/><D112/><U75/><E90/><N who="0" m="34313" /><D99/><U69/><E69/><V104/><F104/><W6/><G6/><N who="0" m="2667" /><D10/><U108/><E108/><V18/><F1/><W34/><G34/><T17/><D28/><U88/><E39/><V80/><F80/><W54/><G122/><T121/><D121/><U11/><E13/><V113/><F113/><W119/><G114/><T29/><D29/><U38/><E38/><V85/><F85/><W12/><G12/><T71/><D71/><U128/><E128/><V7/><F7/><W16/><G119/><T35/><D35/><U95/><E82/><V27/><F65/><W79/><G37/><T132/><D132/><U55/><E75/><V14/><F131/><W87/><G68/><T20/><D20/><U26/><E26/><V3/><F3/><W93/><G87/><AGARI ba="1,0" hai="8,11,36,42,44,55,59,62,87,88,95" m="42505" machi="87" ten="30,5800,0" yaku="14,1,10,1,54,1" doraHai="74" who="1" fromWho="3" sc="240,0,380,61,78,0,302,-61" /><INIT seed="1,2,0,2,3,88" ten="240,441,78,241" oya="1" hai0="56,126,38,10,14,123,118,109,22,111,108,73,65" hai1="50,34,26,120,6,17,25,4,101,110,41,67,119" hai2="40,80,42,93,124,32,130,74,128,63,131,7,121" hai3="79,47,21,125,11,13,114,92,129,95,107,76,66"/><U99/><E120/><V52/><F32/><W127/><G107/><T75/><D38/><U112/><E119/><V55/><F121/><W5/><G114/><T71/><D118/><U70/><E112/><V54/><F124/><N who="3" m="47691" /><G129/><T57/><D123/><U53/><E41/><V78/><F7/><W134/><G134/><T58/><D22/><U18/><E67/><V60/><F60/><W83/><G66/><T20/><D20/><U29/><E70/><V87/><F63/><W12/><G47/><T106/><D106/><U0/><E25/><V84/><F74/><N who="3" m="43511" /><G76/><T69/><D126/><U100/><E100/><V117/><F117/><W103/><G103/><T59/><N who="0" m="14336" /><DORA hai="61" /><T8/><D65/><U98/><E98/><V33/><F33/><W96/><G96/><T105/><D105/><U115/><E115/><V89/><AGARI ba="2,0" hai="40,42,52,54,55,78,80,84,87,89,93,128,130,131" machi="89" ten="40,8000,1" yaku="0,1,19,1,52,1,54,1" doraHai="88,61" who="2" fromWho="2" sc="240,-22,441,-42,78,86,241,-22" /><INIT seed="2,0,0,2,3,92" ten="218,399,164,219" oya="2" hai0="43,35,29,36,52,127,109,111,89,107,11,32,37" hai1="13,90,77,16,60,44,76,2,97,59,50,131,26" hai2="68,12,75,85,58,82,98,101,61,20,27,28,108" hai3="114,40,5,86,135,22,42,73,31,91,124,119,57"/><V10/><F68/><W14/><G119/><T9/><D107/><U23/><E2/><V30/><F75/><W66/><G124/><T62/><D29/><U106/><E131/><V132/><F132/><W4/><G114/><T120/><D120/><U112/><E112/><V94/><F108/><N who="0" m="41546" /><D127/><U65/><E13/><V123/><F123/><W63/><G73/><T72/><D72/><U70/><E70/><V47/><F47/><W87/><G87/><T104/><D104/><U78/><E106/><V95/><F95/><W67/><G67/><T116/><D116/><U7/><E7/><N who="3" m="2634" /><G135/><T18/><D18/><U99/><E90/><V105/><F105/><W79/><G79/><T126/><D89/><U81/><E81/><V88/><F30/><W134/><G134/><T110/><D126/><U24/><E24/><V21/><F21/><W45/><G45/><T17/><D17/><U125/><E125/><V129/><F129/><W54/><G66/><T53/><D43/><AGARI ba="0,0" hai="16,23,26,43,44,50,59,60,65,76,77,78,97,99" machi="43" ten="40,8000,1" yaku="8,1,52,2,54,1" doraHai="92" who="1" fromWho="0" sc="218,-80,399,80,164,0,219,0" /><INIT seed="3,0,0,1,2,81" ten="138,479,164,219" oya="3" hai0="78,72,134,105,29,32,121,129,130,38,97,111,68" hai1="47,119,108,46,41,82,110,89,76,7,39,18,65" hai2="101,116,85,103,126,19,43,135,80,100,20,1,96" hai3="33,34,113,25,87,114,53,70,14,40,3,84,88"/><W9/><G3/><T73/><RYUUKYOKU type="yao9" ba="0,0" sc="138,0,479,0,164,0,219,0" hai0="29,32,38,68,72,73,78,97,105,111,121,129,130,134" /><INIT seed="3,1,0,4,2,77" ten="138,479,164,219" oya="3" hai0="100,14,66,102,128,7,131,106,35,61,134,29,115" hai1="108,56,73,85,22,38,16,18,110,107,114,39,127" hai2="81,71,87,111,90,3,25,45,74,43,65,83,82" hai3="72,52,135,36,118,76,109,116,33,95,86,54,42"/><W126/><G33/><T19/><D134/><U48/><E73/><V97/><F111/><W113/><G113/><T105/><D7/><U64/><E107/><N who="0" m="40969" /><D14/><U53/><E114/><V112/><F112/><W63/><G135/><T125/><D19/><U88/><E127/><V75/><F3/><W101/><G126/><T28/><D35/><U69/><E18/><V93/><F74/><W1/><G109/><N who="1" m="42090" /><E64/><V21/><F75/><W20/><G72/><T40/><D40/><U46/><E46/><V9/><F9/><W23/><G42/><T41/><D41/><U92/><E69/><V30/><F71/><W121/><G1/><T12/><D12/><AGARI ba="1,0" hai="12,16,22,38,39,48,53,56,85,88,92" m="42090" machi="12" ten="30,7700,0" yaku="25,1,14,1,54,2" doraHai="77" who="1" fromWho="0" sc="138,-80,479,80,164,0,219,0" /><INIT seed="4,0,0,4,4,45" ten="58,559,164,219" oya="0" hai0="56,24,25,18,32,106,111,75,78,97,113,51,109" hai1="1,6,128,8,127,3,37,66,28,22,64,122,42" hai2="33,133,49,89,35,47,48,92,67,72,94,2,119" hai3="38,107,84,21,132,103,82,80,65,12,98,120,68"/><T110/><D113/><U50/><E37/><V0/><F119/><W88/><G38/><T59/><D75/><U101/><E1/><V90/><F47/><W76/><G68/><T118/><D78/><U62/><E66/><V20/><F20/><W52/><G65/><T34/><D118/><U10/><E8/><V126/><F67/><W100/><G132/><T46/><D106/><U13/><E122/><V99/><F99/><W112/><G112/><T11/><D97/><U114/><E101/><V61/><F61/><W14/><G120/><T117/><D11/><U53/><E42/><V87/><F87/><W30/><G103/><T4/><D4/><U36/><E36/><V31/><F31/><W19/><G30/><T121/><D121/><U27/><E127/><V123/><F123/><W54/><REACH who="3" step="1"/><G12/><REACH who="3" ten="58,559,164,209" step="2"/><T96/><D117/><U116/><E114/><V108/><F133/><W125/><G125/><T104/><D18/><U115/><E115/><V9/><F126/><W69/><G69/><T26/><D104/><U60/><E116/><V77/><F108/><W105/><G105/><T39/><D39/><U71/><E13/><V81/><F2/><W129/><G129/><T73/><D73/><AGARI ba="0,1" hai="14,19,21,52,54,73,76,80,82,84,88,98,100,107" machi="73" ten="30,7700,0" yaku="1,1,7,1,54,2,53,0" doraHai="45" doraHaiUra="63" who="3" fromWho="0" sc="58,-77,559,0,164,0,209,87" owari="-19,-52.0,559,66.0,164,-24.0,296,10.0" /></mjloggm>