<mjloggm ver="2.3"><GO type="41" lobby="0"/><UN n0="%E5%A7%89%E5%A6%B9%E3%82%AD%E3%82%B9" n1="%E2%93%9D%4E%41%47%41%32%35" n2="%E8%B2%A7%E5%BC%B1%E5%9B%9E%E7%B7%9A%E3%81%94%E3%82%81%E3%82%93" n3="%E2%93%9D%53%75%70%68%78" dan="15,18,13,18" rate="1985.52,2088.68,1827.69,2157.33" sx="F,F,M,M"/><TAIKYOKU oya="0"/><INIT seed="0,0,0,5,4,45" ten="250,250,250,250" oya="0" hai0="96,126,112,70,107,49,39,40,48,20,103,59,0" hai1="109,37,65,23,56,26,34,63,19,69,44,12,120" hai2="13,25,42,131,132,3,73,111,86,119,75,53,85" hai3="41,71,46,80,124,135,104,18,127,74,92,9,68"/><T102/><D112/><U60/><E109/><V8/><F3/><W54/><G104/><T122/><D122/><U62/><E120/><V134/><F111/><W24/><G92/><N who="0" m="58631" /><D39/><U99/><E99/><V87/><F131/><W101/><G135/><N who="2" m="51753" /><F119/><W76/><G54/><N who="0" m="32199" /><D70/><U125/><E125/><N who="3" m="48202" /><G101/><T105/><D0/><U77/><E77/><V89/><F42/><W128/><G128/><T88/><D126/><U38/><E63/><V57/><F89/><W11/><G71/><T21/><D105/><U10/><E34/><V129/><F25/><W35/><G68/><T100/><D107/><U4/><REACH who="1" step="1"/><E44/><REACH who="1" ten="250,240,250,250" step="2"/><V31/><F129/><W84/><G35/><T133/><D133/><U27/><E27/><V98/><F98/><W121/><G121/><T67/><D67/><AGARI ba="0,1" hai="4,10,12,19,23,26,37,38,56,60,62,65,67,69" machi="67" ten="30,3900,0" yaku="1,1,7,1,53,1" doraHai="45" doraHaiUra="52" who="1" fromWho="0" sc="250,-39,240,49,250,0,250,0" /><INIT seed="1,0,0,0,0,20" ten="211,289,250,250" oya="1" hai0="54,78,114,21,102,123,90,98,2,82,96,32,28" hai1="76,106,16,101,75,14,11,104,85,92,25,1,94" hai2="81,133,33,35,18,103,100,0,15,58,84,55,51" hai3="34,3,46,66,107,126,89,42,110,12,6,127,128"/><U7/><E75/><V115/><F0/><W113/><G113/><T23/><D114/><U86/><E86/><V62/><F115/><W121/><G121/><T52/><D2/><U73/><E73/><V56/><F35/><W99/><G110/><T45/><D123/><U37/><E37/><V70/><F33/><W122/><G128/><T24/><D90/><U93/><E101/><V116/><F70/><W8/><G66/><T50/><D54/><U131/><E131/><V119/><F133/><W31/><G12/><T80/><D98/><U43/><E43/><V36/><F36/><W72/><G122/><T120/><D120/><U63/><E63/><V105/><F119/><W83/><G89/><T5/><D5/><U26/><E106/><V79/><F105/><W130/><G99/><T48/><D50/><U44/><E44/><V88/><F79/><N who="3" m="44519" /><G107/><T67/><D67/><U91/><E76/><V65/><REACH who="2" step="1"/><F116/><REACH who="2" ten="211,289,240,250" step="2"/><W68/><G68/><T13/><D13/><N who="1" m="5375" /><E104/><V118/><F118/><W125/><G130/><T69/><D69/><U40/><E1/><V112/><F112/><W9/><G3/><T95/><REACH who="0" step="1"/><D80/><REACH who="0" ten="201,289,240,250" step="2"/><U30/><E14/><V77/><F77/><W19/><G127/><T49/><D49/><U132/><E132/><V108/><F108/><W10/><G126/><T117/><D117/><U47/><E94/><V4/><F4/><W17/><G6/><T134/><D134/><U129/><E93/><V111/><F111/><W59/><G125/><T74/><AGARI ba="0,2" hai="21,23,24,28,32,45,48,52,74,78,82,95,96,102" machi="74" ten="20,8000,1" yaku="1,1,0,1,7,1,52,1,54,1,53,0" doraHai="20" doraHaiUra="60" who="0" fromWho="0" sc="201,100,289,-40,240,-20,250,-20" /><INIT seed="2,0,0,4,4,98" ten="301,249,220,230" oya="2" hai0="12,96,8,39,10,7,0,132,76,43,118,107,87" hai1="18,4,114,90,53,131,60,121,51,22,129,68,23" hai2="126,41,65,57,123,48,13,116,17,125,1,11,9" hai3="62,24,122,75,120,80,40,2,45,102,3,73,30"/><V89/><F116/><W49/><G62/><T66/><D118/><U117/><E117/><V44/><F123/><W78/><G75/><T63/><D132/><U85/><E114/><V86/><F57/><W74/><G74/><T115/><D115/><U47/><E4/><V46/><F65/><W119/><G119/><T58/><D39/><U26/><E121/><V101/><F46/><W69/><G69/><T28/><D43/><U27/><E68/><V91/><F91/><W55/><G122/><T109/><D109/><U124/><E124/><V29/><F29/><W134/><G134/><T70/><D28/><U100/><E60/><V25/><F25/><W83/><G83/><T104/><D70/><U105/><E105/><V113/><F113/><W72/><G72/><T103/><D104/><U52/><E100/><V82/><F101/><W112/><G112/><T59/><D58/><U77/><E77/><V94/><F94/><W61/><G120/><T35/><D35/><U31/><REACH who="1" step="1"/><E53/><REACH who="1" ten="301,239,220,230" step="2"/><V133/><REACH who="2" step="1"/><F133/><REACH who="2" ten="301,239,210,230" step="2"/><W50/><G102/><T135/><D135/><U99/><E99/><V21/><F21/><W108/><G55/><T15/><REACH who="0" step="1"/><D8/><REACH who="0" ten="291,239,210,230" step="2"/><U5/><E5/><AGARI ba="0,3" hai="1,5,9,11,13,17,41,44,48,82,86,89,125,126" machi="5" ten="40,3900,0" yaku="1,1,53,1" doraHai="98" doraHaiUra="84" who="2" fromWho="1" sc="291,0,239,-39,210,69,230,0" /><INIT seed="2,1,0,5,1,100" ten="291,200,279,230" oya="2" hai0="55,123,94,81,1,131,33,105,41,46,10,30,28" hai1="135,121,86,11,134,133,102,42,85,101,16,125,43" hai2="49,34,31,128,111,92,104,79,19,95,9,50,24" hai3="57,54,103,51,98,35,71,25,110,120,21,107,14"/><V12/><F128/><W47/><G110/><T112/><D123/><U52/><E121/><V84/><F111/><W75/><G120/><T53/><D112/><U117/><E117/><V80/><F104/><W65/><G75/><T2/><D131/><U45/><E125/><V56/><F50/><W20/><G14/><T32/><D94/><U3/><E3/><V68/><F68/><W60/><G57/><T6/><D81/><U22/><E11/><V108/><REACH who="2" step="1"/><F108/><REACH who="2" ten="291,200,269,230" step="2"/><W127/><G127/><T66/><D105/><U129/><E129/><V64/><F64/><W78/><G78/><T87/><D66/><U36/><E43/><V132/><F132/><W82/><G82/><T130/><D41/><U59/><E102/><V13/><F13/><W118/><G118/><T27/><D130/><U124/><E101/><V44/><F44/><W93/><G93/><T89/><D46/><U62/><E124/><V106/><F106/><W72/><G72/><T70/><D70/><U88/><E88/><V119/><F119/><W73/><G73/><T63/><D89/><U126/><E126/><V90/><F90/><W0/><G0/><T38/><D1/><U18/><E18/><V109/><F109/><W37/><G37/><T97/><D38/><U96/><E96/><V122/><F122/><W69/><G69/><T39/><D97/><U113/><E113/><V67/><F67/><W74/><G74/><T26/><D39/><U5/><E5/><V4/><F4/><W116/><G116/><T77/><D63/><U58/><E58/><V91/><F91/><W15/><G15/><AGARI ba="1,1" hai="15,16,22,36,42,45,52,59,62,85,86,133,134,135" machi="15" ten="40,8000,1" yaku="6,1,20,1,54,2" doraHai="100" who="1" fromWho="3" sc="291,0,200,93,269,0,230,-83" /><INIT seed="3,0,0,1,1,59" ten="291,293,269,147" oya="3" hai0="26,95,123,132,99,58,0,69,34,35,72,127,117" hai1="68,8,81,125,42,92,1,60,46,90,94,67,113" hai2="85,71,96,91,51,111,61,109,100,65,64,52,122" hai3="80,102,54,66,84,129,87,88,135,18,76,32,89"/><W79/><G32/><T49/><D123/><U63/><E113/><V62/><F122/><W115/><G115/><T133/><D117/><U105/><E105/><N who="2" m="63623" /><F65/><W108/><G129/><T3/><D69/><U2/><E125/><V40/><F40/><W134/><G66/><T16/><D72/><U112/><E112/><V5/><F5/><W116/><G18/><T93/><D127/><U31/><E31/><V75/><F64/><W43/><G43/><T110/><D110/><N who="2" m="41994" /><F75/><W21/><G108/><T30/><D34/><U4/><E2/><N who="0" m="553" /><D16/><U37/><REACH who="1" step="1"/><E63/><REACH who="1" ten="291,283,269,147" step="2"/><V86/><F71/><W15/><G116/><T73/><D30/><U103/><E103/><V126/><F126/><W131/><G102/><T19/><D132/><U98/><E98/><V12/><F12/><W44/><G135/><T14/><D14/><U36/><E36/><V101/><F101/><W47/><G134/><T7/><D99/><U97/><E97/><V11/><F11/><W24/><G15/><T120/><D133/><U124/><E124/><V25/><F25/><W106/><G24/><T130/><D26/><U29/><E29/><V9/><F9/><W33/><G106/><T83/><D120/><U48/><E48/><V74/><F74/><W45/><G87/><AGARI ba="0,1" hai="1,4,8,37,42,46,60,67,68,81,87,90,92,94" machi="87" ten="40,5200,0" yaku="1,1,52,1,53,1" doraHai="59" doraHaiUra="78" who="1" fromWho="3" sc="291,0,283,62,269,0,147,-52" /><INIT seed="4,0,0,4,5,101" ten="291,345,269,95" oya="0" hai0="36,32,105,97,91,9,22,65,42,31,80,44,85" hai1="132,120,112,87,25,84,3,131,100,0,8,58,79" hai2="56,99,68,123,106,52,2,24,33,11,29,78,37" hai3="59,134,124,96,127,45,51,76,73,94,63,46,30"/><T10/><D32/><U109/><E109/><V5/><F123/><W93/><G73/><T61/><D31/><U133/><E120/><V116/><F68/><W1/><G1/><T12/><D22/><U75/><E131/><V41/><F78/><W92/><G76/><T14/><D14/><U86/><E112/><V54/><F116/><W21/><G134/><N who="1" m="51818" /><E100/><V16/><F41/><W23/><G96/><T6/><D10/><U83/><E58/><V35/><F37/><W125/><G30/><T34/><D34/><U28/><E8/><V49/><F35/><AGARI ba="0,0" hai="0,3,25,28,35,75,79,83,84,86,87" m="51818" machi="35" ten="30,1000,0" yaku="20,1" doraHai="101" who="1" fromWho="2" sc="291,0,345,10,269,-10,95,0" /><INIT seed="5,0,0,5,5,76" ten="291,355,259,95" oya="1" hai0="134,93,27,40,49,131,16,132,58,95,84,39,29" hai1="102,87,18,34,15,114,61,130,82,68,73,28,54" hai2="7,37,46,101,3,33,100,113,69,106,32,5,119" hai3="86,64,111,42,19,91,41,120,128,71,109,81,30"/><U88/><E114/><V59/><F119/><W35/><G120/><T105/><D105/><U11/><E130/><V43/><F69/><W55/><G128/><T108/><D108/><U62/><E73/><V129/><F129/><W97/><G35/><T98/><D131/><U23/><E34/><V47/><F113/><W74/><G30/><T115/><D115/><U0/><E68/><V92/><F106/><W125/><G125/><T2/><D39/><U110/><E110/><V78/><F78/><W67/><G74/><T36/><D36/><U79/><E102/><V99/><F47/><W63/><G111/><T85/><D2/><U13/><E0/><V25/><F101/><W117/><G117/><T45/><D58/><U80/><E54/><V12/><F3/><W22/><G109/><T26/><D16/><N who="1" m="8255" /><E28/><V53/><F25/><N who="0" m="9226" /><D29/><U107/><E107/><V89/><F100/><W104/><G55/><T127/><D127/><U90/><E82/><V65/><F32/><W50/><G104/><T57/><D57/><U121/><E121/><V14/><F33/><W70/><G70/><T126/><D126/><U116/><E116/><V83/><F83/><W124/><G124/><T72/><D72/><U77/><E77/><V10/><F65/><W1/><G67/><T122/><D122/><U96/><E79/><V94/><F94/><AGARI ba="0,0" hai="15,18,23,61,62,80,87,88,90,94,96" m="8255" machi="94" ten="30,11600,0" yaku="8,1,52,1,54,2" doraHai="76" who="1" fromWho="2" sc="291,0,355,116,259,-116,95,0" /><INIT seed="5,1,0,2,3,126" ten="291,471,143,95" oya="1" hai0="57,112,113,122,37,0,18,104,9,65,26,108,4" hai1="120,49,77,116,34,23,83,64,14,44,127,69,39" hai2="123,103,41,102,114,20,51,74,61,88,115,82,90" hai3="81,135,134,3,2,5,129,94,99,107,55,101,93"/><U62/><E116/><V58/><F123/><W86/><G55/><T89/><D108/><U100/><E120/><V92/><F20/><W95/><G5/><T79/><D122/><U67/><E34/><V40/><F51/><W85/><G3/><T1/><D104/><U124/><E100/><N who="2" m="38443" /><F74/><W7/><G7/><T56/><D0/><U132/><E132/><N who="3" m="50730" /><G2/><T27/><D37/><U96/><E96/><V105/><F105/><W98/><G98/><T29/><D65/><U11/><E23/><V32/><F32/><W131/><G86/><T66/><D66/><U130/><E67/><V35/><F35/><W12/><G12/><T71/><D71/><U13/><E13/><V47/><F82/><W52/><G52/><T59/><D18/><U22/><E22/><V31/><F31/><W76/><AGARI ba="1,0" hai="76,81,85,93,94,95,99,101,107,129,131" m="50730" machi="76" ten="40,8000,1" yaku="20,1,34,2,52,2" doraHai="126" who="3" fromWho="3" sc="291,-21,471,-41,143,-21,95,83" /><INIT seed="6,0,0,4,3,6" ten="270,430,122,178" oya="2" hai0="75,133,62,124,104,69,81,50,105,28,20,45,10" hai1="94,31,85,96,12,90,68,53,114,37,42,58,117" hai2="48,103,16,63,84,59,88,33,17,99,7,116,19" hai3="15,109,135,87,126,24,108,44,113,73,91,9,14"/><V18/><F116/><W111/><G73/><T86/><D75/><U4/><E68/><V30/><F7/><W132/><G126/><T110/><D110/><U115/><E117/><V38/><F38/><W49/><G24/><T97/><D124/><U64/><E64/><V66/><F30/><W0/><G0/><T13/><D133/><N who="3" m="51273" /><G113/><T125/><D125/><U5/><E31/><V72/><F72/><W100/><G100/><T74/><D74/><U36/><E5/><V52/><F33/><W95/><G9/><T47/><D20/><U61/><E42/><AGARI ba="0,0" hai="14,15,42,44,49,87,91,95,108,109,111" m="51273" machi="42" ten="40,1300,0" yaku="20,1" doraHai="6" who="3" fromWho="1" sc="270,0,430,-13,122,0,178,13" /><INIT seed="7,0,0,2,0,13" ten="270,417,122,191" oya="3" hai0="81,126,10,33,117,103,71,80,118,32,44,93,135" hai1="16,42,27,115,25,90,130,2,72,77,69,92,24" hai2="11,21,98,48,91,82,97,95,50,100,8,85,131" hai3="134,67,65,128,46,37,22,45,84,124,53,28,49"/><W87/><G128/><T40/><D71/><U73/><E2/><V55/><F131/><W20/><G134/><T63/><D135/><U5/><E5/><V125/><F125/><W120/><G120/><T43/><D126/><U51/><E69/><V74/><F74/><W109/><G124/><T78/><D63/><U127/><E130/><V62/><F62/><W88/><G109/><T36/><D43/><U132/><E132/><V64/><F64/><N who="3" m="24651" /><G37/><T15/><D117/><U105/><E105/><V121/><F121/><W9/><G87/><T99/><D118/><U94/><E127/><V19/><F98/><W6/><G28/><T31/><D31/><U75/><E115/><V17/><F48/><W101/><G101/><T107/><D107/><U41/><E77/><V52/><F55/><W47/><G9/><N who="2" m="3657" /><F21/><N who="3" m="8299" /><G6/><T38/><D36/><U34/><E34/><V14/><F14/><W4/><G4/><T110/><D110/><U106/><E106/><V112/><F112/><W1/><G1/><T35/><D78/><U102/><E102/><V60/><F60/><W39/><G39/><T54/><D38/><U76/><E76/><V104/><F104/><W70/><G70/><T116/><D116/><U18/><E51/><V122/><F122/><W23/><G23/><T133/><D133/><U79/><E79/><V119/><F119/><W113/><G113/><T56/><D103/><U59/><E75/><V30/><F30/><W89/><G89/><T12/><D35/><U57/><E27/><V86/><F86/><W68/><G68/><T114/><D114/><U0/><E0/><RYUUKYOKU ba="0,0" sc="270,-30,417,10,122,10,191,10" hai1="16,18,24,25,41,42,57,59,72,73,90,92,94" hai2="17,19,50,52,82,85,91,95,97,100" hai3="45,46,47,49,53,84,88" /><INIT seed="7,1,0,1,5,3" ten="240,427,132,201" oya="3" hai0="129,120,6,21,90,10,36,121,114,97,57,66,61" hai1="134,65,42,38,15,46,58,25,107,89,108,49,45" hai2="68,50,22,130,8,28,71,93,23,69,18,12,102" hai3="16,64,43,2,63,1,20,82,59,48,54,81,94"/><W100/><G2/><T41/><D129/><U31/><E108/><V119/><F119/><W70/><G1/><T47/><D114/><U9/><E107/><V116/><F116/><W118/><G118/><T51/><D36/><U101/><E101/><V74/><F74/><W112/><G112/><T60/><D21/><U131/><E134/><V75/><F75/><W88/><G43/><T106/><D60/><U62/><E89/><V53/><F130/><W122/><G122/><T30/><D30/><U56/><E131/><V44/><REACH who="2" step="1"/><F28/><REACH who="2" ten="240,427,122,201" step="2"/><W7/><G100/><T98/><D120/><U4/><E58/><V95/><F95/><W26/><G7/><T78/><D121/><U128/><E128/><V19/><F19/><W67/><G67/><T24/><D57/><U52/><E31/><V117/><F117/><W40/><G40/><T99/><D6/><U35/><E25/><V84/><F84/><AGARI ba="1,1" hai="16,20,26,48,54,59,63,64,70,81,82,84,88,94" machi="84" ten="30,5800,0" yaku="7,1,54,2" doraHai="3" who="3" fromWho="2" sc="240,0,427,0,122,-61,201,71" /><INIT seed="7,2,0,2,3,14" ten="240,427,61,272" oya="3" hai0="48,22,82,51,84,79,78,15,108,30,52,130,26" hai1="120,80,32,10,6,89,57,21,125,104,101,118,75" hai2="5,66,0,7,63,133,46,129,123,20,115,11,17" hai3="44,117,2,40,95,9,97,25,99,87,86,91,110"/><W8/><G117/><T61/><D108/><U124/><E32/><V3/><F46/><W41/><G110/><T18/><D130/><U33/><E33/><V81/><F81/><W69/><G69/><T39/><D39/><U35/><E35/><V68/><F115/><W54/><G2/><T53/><D79/><U111/><E111/><V127/><F123/><W27/><G54/><N who="0" m="21099" /><D61/><U64/><E120/><V134/><F127/><W107/><G107/><T42/><D42/><U45/><E45/><V16/><F129/><W100/><G44/><T103/><D103/><U71/><E71/><V106/><F106/><W93/><REACH who="3" step="1"/><G100/><REACH who="3" ten="240,427,61,262" step="2"/><T23/><AGARI ba="2,1" hai="15,18,22,23,26,30,48,51,78,82,84" m="21099" machi="23" ten="30,4000,0" yaku="8,1,52,1,54,1" doraHai="14" who="0" fromWho="0" sc="240,56,427,-12,61,-12,262,-22" owari="296,10.0,415,51.0,49,-45.0,240,-16.0" /></mjloggm>