<mjloggm ver="2.3"><GO type="41" lobby="0"/><UN n0="%E2%98%86%E5%A6%B9%E5%B0%BE%E4%BD%B3%E7%B9%94%E2%98%86" n1="%E3%83%8F%E3%82%A6%E3%82%B9" n2="%79%75%6B%69%68%69%6B%6F" n3="%E2%93%9D%53%75%70%68%78" dan="14,15,13,18" rate="1886.72,1970.04,1908.67,2077.34" sx="F,M,M,M"/><TAIKYOKU oya="0"/><INIT seed="0,0,0,4,5,25" ten="250,250,250,250" oya="0" hai0="41,131,106,30,8,65,118,50,128,73,99,63,114" hai1="132,74,102,45,40,113,81,87,10,3,123,98,18" hai2="91,101,89,107,32,96,17,16,122,100,67,90,82" hai3="59,94,68,115,43,57,39,23,105,9,34,29,19"/><T35/><D114/><U15/><E113/><V21/><F122/><W26/><G105/><T24/><D118/><U125/><E123/><V37/><F37/><W111/><G68/><T93/><D73/><U78/><E125/><V4/><F4/><W70/><G70/><T85/><D8/><U11/><E3/><V44/><F44/><W120/><G111/><T5/><D5/><U13/><E132/><V71/><F101/><W62/><G59/><T103/><D41/><U97/><E74/><V134/><F32/><W7/><G94/><T75/><D75/><U36/><REACH who="1" step="1"/><E102/><REACH who="1" ten="250,240,250,250" step="2"/><V49/><F134/><W104/><G120/><T1/><D1/><U124/><E124/><V42/><F82/><W33/><G115/><T129/><D93/><U22/><E22/><V47/><F21/><W76/><G34/><T127/><D127/><U112/><E112/><V48/><REACH who="2" step="1"/><F48/><REACH who="2" ten="250,240,240,250" step="2"/><W116/><G33/><T133/><D50/><U12/><E12/><V2/><F2/><W51/><G51/><T92/><D133/><U126/><E126/><V108/><F108/><W52/><G23/><T58/><D92/><U72/><E72/><V110/><F110/><W77/><G39/><T117/><D117/><U14/><E14/><V38/><F38/><W86/><G116/><T95/><D95/><U83/><E83/><V28/><F28/><W66/><G29/><T60/><D60/><AGARI ba="0,2" hai="16,17,42,47,49,60,67,71,89,90,91,96,100,107" machi="60" ten="40,2600,0" yaku="1,1,54,1,53,0" doraHai="25" doraHaiUra="53" who="2" fromWho="0" sc="250,-26,240,0,240,46,250,0" /><INIT seed="1,0,0,5,3,96" ten="224,240,286,250" oya="1" hai0="114,15,132,25,37,108,2,40,4,59,121,1,74" hai1="22,79,134,54,80,63,81,27,51,3,26,43,120" hai2="16,97,7,82,99,33,42,9,32,58,8,115,53" hai3="24,100,102,125,34,66,98,107,83,23,91,60,72"/><U56/><E3/><V113/><F42/><W109/><G109/><T69/><D59/><U101/><E120/><V45/><F45/><W12/><G125/><T52/><D52/><U77/><E134/><V133/><F82/><W71/><G12/><T89/><D89/><U49/><E27/><V127/><F127/><W11/><G11/><T76/><D40/><U118/><E118/><V131/><F133/><W87/><G102/><T105/><D76/><U88/><E43/><V94/><F131/><W92/><G34/><T128/><D4/><U44/><E101/><V17/><F99/><W135/><G135/><T103/><D15/><U61/><E51/><V55/><F55/><W67/><G67/><T47/><D47/><U30/><E63/><V39/><F39/><W41/><G41/><T29/><D29/><U57/><E57/><V106/><F106/><W36/><G36/><T123/><D103/><U117/><E117/><V110/><F110/><W48/><G48/><T20/><D25/><U18/><E30/><V129/><F129/><W64/><G64/><T130/><D123/><U13/><E26/><V104/><F104/><W21/><G24/><T126/><D20/><U14/><E14/><V38/><F38/><W5/><G5/><T124/><D126/><U119/><E119/><V46/><F7/><W93/><G93/><T50/><D50/><U6/><E6/><V84/><F94/><W0/><G0/><T95/><D95/><U68/><E68/><V35/><F97/><W28/><G28/><T75/><D128/><U90/><E77/><AGARI ba="0,0" hai="21,23,60,66,71,72,77,83,87,91,92,98,100,107" machi="77" ten="40,5200,0" yaku="24,2,52,1" doraHai="96" who="3" fromWho="1" sc="224,0,240,-52,286,0,250,52" /><INIT seed="2,0,0,0,3,33" ten="224,188,286,302" oya="2" hai0="76,101,134,90,6,110,119,120,112,17,60,125,80" hai1="47,10,12,14,57,74,72,113,127,37,24,29,118" hai2="107,52,87,58,111,98,70,67,38,3,130,88,129" hai3="9,79,99,5,71,22,55,128,48,78,81,77,93"/><V92/><F38/><W117/><G71/><T83/><D6/><U30/><E118/><V7/><F70/><W18/><G128/><N who="2" m="49257" /><F67/><W13/><G117/><T36/><D17/><U108/><E108/><V39/><F39/><W59/><G81/><T8/><D8/><U53/><E113/><V23/><F23/><W62/><G48/><T51/><D51/><U86/><E30/><V26/><F26/><W109/><G109/><T28/><D28/><U121/><E14/><V20/><F20/><W0/><REACH who="3" step="1"/><G79/><REACH who="3" ten="224,188,286,292" step="2"/><T63/><D36/><U1/><E37/><V89/><F111/><W133/><G133/><T116/><D110/><U68/><E68/><V16/><F107/><W41/><G41/><T50/><D50/><U73/><E121/><V31/><F89/><AGARI ba="0,1" hai="0,5,9,13,18,22,55,59,62,77,78,89,93,99" machi="89" ten="30,3900,0" yaku="1,1,7,1,52,1,53,0" doraHai="33" doraHaiUra="64" who="3" fromWho="2" sc="224,0,188,0,286,-39,292,49" /><INIT seed="3,0,0,3,5,71" ten="224,188,247,341" oya="3" hai0="46,67,15,28,20,78,51,74,13,40,126,23,63" hai1="65,102,101,6,133,92,96,106,36,70,113,109,35" hai2="114,110,75,132,76,115,72,45,124,3,77,104,21" hai3="41,116,134,119,19,17,16,11,9,32,38,120,105"/><W117/><G105/><T52/><D126/><U54/><E113/><V24/><F110/><W56/><G120/><T99/><D74/><U86/><E109/><V87/><F124/><W50/><G32/><T118/><D78/><U90/><E36/><V29/><F3/><W48/><G134/><T83/><D118/><U2/><E35/><V34/><F132/><W69/><G69/><T55/><D83/><U131/><E131/><V31/><F104/><W62/><G38/><T79/><D79/><U25/><E101/><V37/><F75/><W94/><G94/><T125/><D125/><U80/><E65/><V49/><F72/><W82/><G82/><T135/><D99/><U89/><E70/><V98/><F98/><W59/><G41/><T107/><D107/><U100/><E100/><V88/><F37/><W81/><G81/><T7/><D7/><U4/><E2/><V108/><F108/><W47/><G47/><T33/><D33/><U84/><E133/><V8/><F8/><N who="3" m="3147" /><G62/><T43/><D40/><U64/><E64/><V61/><F61/><W122/><G122/><T1/><D1/><U121/><E121/><V57/><F57/><AGARI ba="0,0" hai="16,17,19,48,50,56,57,59,116,117,119" m="3147" machi="57" ten="40,7700,0" yaku="28,2,54,1" doraHai="71" who="3" fromWho="2" sc="224,0,188,0,247,-77,341,77" /><INIT seed="3,1,0,3,1,62" ten="224,188,170,418" oya="3" hai0="13,5,115,9,55,120,15,102,52,84,87,21,85" hai1="46,35,133,38,91,93,28,48,49,31,41,132,32" hai2="67,16,68,98,104,1,128,26,34,135,88,70,23" hai3="127,99,69,40,60,121,77,63,119,114,0,109,10"/><W20/><G114/><T82/><D120/><U51/><E28/><V122/><F1/><W29/><G119/><T111/><D111/><U36/><E31/><V11/><F122/><W3/><G127/><T22/><D115/><U33/><REACH who="1" step="1"/><E38/><REACH who="1" ten="224,178,170,418" step="2"/><V129/><F34/><W83/><G29/><T64/><D102/><U25/><E25/><V80/><F135/><W57/><G121/><T72/><D72/><U107/><E107/><V96/><F104/><W42/><G109/><T131/><D131/><U12/><E12/><V4/><F129/><W108/><G3/><T18/><D82/><U44/><E44/><V90/><F80/><W8/><G83/><T116/><D116/><U110/><E110/><V124/><F124/><W134/><G0/><T94/><D94/><U117/><E117/><V30/><F30/><W58/><G108/><T76/><D76/><U71/><E71/><V112/><F70/><W106/><G69/><T126/><D126/><U73/><E73/><V130/><F112/><W118/><G106/><T17/><D13/><U101/><E101/><V79/><F130/><W95/><G134/><T14/><D15/><U47/><E47/><V56/><F79/><W37/><G77/><T53/><D14/><U75/><E75/><V54/><F128/><W123/><G118/><T66/><D9/><U2/><E2/><V105/><F105/><W113/><G113/><T50/><D5/><U97/><AGARI ba="1,1" hai="32,33,35,36,41,46,48,49,51,91,93,97,132,133" machi="97" ten="40,2700,0" yaku="1,1,0,1,53,0" doraHai="62" doraHaiUra="125" who="1" fromWho="1" sc="224,-8,178,40,170,-8,418,-14" /><INIT seed="4,0,0,2,1,120" ten="216,218,162,404" oya="0" hai0="127,30,11,87,64,101,86,117,80,45,128,43,34" hai1="95,63,74,22,82,4,62,14,6,83,81,99,71" hai2="25,118,53,12,50,26,85,78,54,114,33,19,32" hai3="132,125,31,129,134,51,42,123,20,104,2,103,116"/><T135/><D117/><U7/><E74/><V110/><F118/><W94/><G125/><T56/><D127/><U37/><E37/><V108/><F114/><W131/><G104/><T113/><D113/><U133/><E71/><V1/><F1/><W76/><G123/><T68/><D128/><N who="3" m="49225" /><G76/><T91/><D135/><U107/><E107/><V122/><F122/><W17/><G31/><T15/><D68/><U8/><E133/><V92/><F54/><W96/><G2/><T111/><D101/><U0/><E22/><V60/><F60/><W100/><G100/><T9/><D111/><U41/><E41/><V93/><F78/><W102/><G102/><T10/><D34/><U27/><E27/><V105/><F105/><W124/><G124/><T119/><D30/><U28/><E28/><V88/><F33/><W47/><G116/><T35/><D35/><U38/><E38/><V112/><F112/><W48/><G48/><N who="0" m="26687" /><D119/><U121/><E121/><V3/><F3/><W90/><G103/><T61/><D86/><U5/><E0/><V57/><F32/><W13/><AGARI ba="0,0" hai="13,17,20,42,47,51,90,94,96,132,134" m="49225" machi="13" ten="30,1100,0" yaku="19,1" doraHai="120" who="3" fromWho="3" sc="216,-5,218,-3,162,-3,404,11" /><INIT seed="5,0,0,0,5,21" ten="211,215,159,415" oya="1" hai0="122,19,109,39,3,49,36,129,79,73,43,50,130" hai1="1,10,17,93,121,133,98,66,90,2,59,106,114" hai2="48,108,95,45,63,54,92,25,57,4,0,47,115" hai3="96,34,9,84,131,8,105,74,85,35,72,124,27"/><U32/><E32/><V64/><F108/><W83/><G124/><T56/><D109/><U118/><E121/><V116/><F116/><W127/><G131/><T38/><D3/><U77/><E118/><V52/><F115/><W70/><G96/><T68/><D122/><U7/><E114/><V61/><F4/><W123/><G70/><T46/><D19/><U31/><E31/><V13/><F13/><W12/><G105/><T40/><D79/><U22/><E77/><V51/><F0/><W102/><G102/><T112/><D73/><U20/><E133/><V11/><F11/><W125/><G123/><T5/><D5/><U86/><E2/><V60/><F25/><W89/><G27/><T82/><D82/><U53/><E66/><V6/><F6/><W99/><G83/><T120/><D120/><U29/><E29/><V75/><F75/><W117/><G117/><T134/><D112/><U111/><E111/><V128/><F128/><N who="0" m="49258" /><D134/><U126/><E126/><V113/><F113/><W37/><G12/><T24/><D24/><U26/><E20/><V41/><F41/><W14/><G14/><T88/><D68/><U42/><E42/><V91/><F95/><W58/><G127/><T103/><D43/><U30/><E106/><V16/><F16/><W78/><G125/><T55/><D103/><U104/><E104/><V97/><AGARI ba="0,0" hai="45,47,48,51,52,54,57,60,61,63,64,91,92,97" machi="97" ten="20,8000,1" yaku="0,1,7,1,9,1,8,1,54,1" doraHai="21" who="2" fromWho="2" sc="211,-20,215,-40,159,80,415,-20" /><INIT seed="6,0,0,2,0,5" ten="191,175,239,395" oya="2" hai0="119,128,75,129,51,73,135,60,93,72,125,23,55" hai1="90,83,85,38,15,63,77,102,36,61,69,8,134" hai2="53,97,4,54,52,118,46,81,110,84,106,78,48" hai3="25,1,39,70,108,22,91,100,76,121,103,44,131"/><V59/><F118/><W104/><G108/><T62/><D119/><U80/><E134/><V3/><F110/><W68/><G1/><T122/><D122/><U88/><E102/><V35/><F35/><W96/><G76/><T9/><D9/><U98/><E98/><V56/><F106/><W27/><G131/><N who="0" m="50251" /><D135/><U34/><E34/><V2/><F97/><W26/><G44/><N who="0" m="28135" /><D125/><U120/><E90/><V41/><REACH who="2" step="1"/><F3/><REACH who="2" ten="191,175,229,395" step="2"/><W79/><G96/><T132/><D132/><U17/><E120/><V87/><F87/><W127/><G104/><T12/><D93/><U24/><E24/><V123/><F123/><W18/><G27/><T116/><D116/><U114/><E114/><V29/><F29/><W47/><G26/><T40/><D12/><U101/><E101/><V111/><F111/><W20/><G103/><T133/><D133/><U92/><E83/><V43/><F43/><W57/><G100/><T33/><D33/><U113/><E113/><V105/><F105/><W13/><G25/><T6/><D40/><U50/><E50/><V42/><F42/><W0/><G0/><T99/><D99/><U109/><E109/><V16/><F16/><W14/><G18/><T82/><D82/><U66/><REACH who="1" step="1"/><E63/><REACH who="1" ten="191,165,229,395" step="2"/><V67/><F67/><W107/><G121/><T89/><D62/><U19/><E19/><V130/><F130/><W71/><G107/><T37/><D60/><U11/><E11/><AGARI ba="0,2" hai="2,4,11,41,46,48,52,53,54,56,59,78,81,84" machi="11" ten="40,7700,0" yaku="1,1,52,1,54,1,53,0" doraHai="5" doraHaiUra="30" who="2" fromWho="1" sc="191,0,165,-77,229,97,395,0" /><INIT seed="6,1,0,1,4,84" ten="191,88,326,395" oya="2" hai0="0,91,127,58,2,59,120,53,81,88,39,110,68" hai1="34,35,79,9,83,115,87,4,69,134,48,72,46" hai2="23,122,133,5,25,131,37,107,101,118,119,124,109" hai3="1,41,89,67,70,95,50,22,85,29,71,82,66"/><V121/><F37/><W116/><G1/><T17/><D120/><U6/><E134/><V102/><F5/><W40/><G116/><N who="2" m="44585" /><F107/><W21/><G71/><T103/><D110/><U60/><E115/><V33/><F102/><W80/><G70/><T114/><D114/><U13/><E4/><V104/><F101/><W130/><G130/><T57/><D103/><U15/><E15/><V55/><F55/><W14/><G29/><T135/><D135/><U54/><E72/><V16/><F104/><W61/><G61/><T94/><D39/><U38/><E38/><V11/><F133/><W123/><G123/><N who="2" m="47113" /><F131/><W42/><G50/><T30/><D30/><U45/><E45/><V113/><F113/><W18/><G22/><T52/><D68/><U47/><E47/><V108/><F124/><W99/><G82/><T3/><D127/><U8/><E8/><V86/><F86/><W31/><G31/><T90/><D81/><U7/><E7/><V78/><F78/><AGARI ba="1,0" hai="14,18,21,40,41,42,66,67,78,80,85,89,95,99" machi="78" ten="40,2600,0" yaku="8,1,52,1" doraHai="84" who="3" fromWho="2" sc="191,0,88,0,326,-29,395,29" /><INIT seed="7,0,0,0,4,28" ten="191,88,297,424" oya="3" hai0="38,134,123,26,78,84,131,22,122,80,25,79,54" hai1="23,93,100,60,85,49,65,39,40,42,128,4,7" hai2="44,24,101,51,11,119,21,81,43,90,48,58,113" hai3="106,45,103,116,59,129,87,27,66,95,117,120,13"/><W14/><G129/><T47/><D131/><U1/><E128/><V57/><F119/><W50/><G120/><T83/><D134/><U96/><E39/><V76/><F113/><W15/><G106/><T91/><D91/><U73/><E73/><V69/><F69/><W118/><G27/><T102/><D102/><U2/><E2/><V133/><F101/><W109/><G109/><T5/><D5/><U105/><E105/><V62/><F90/><W16/><G66/><T19/><D26/><U98/><E1/><V124/><F124/><W94/><G59/><T88/><D79/><U64/><E98/><V10/><F57/><W32/><G32/><T67/><D67/><U104/><E104/><V97/><F51/><W9/><G87/><T74/><D54/><U72/><E72/><V35/><F35/><W53/><G103/><T127/><D127/><U75/><E75/><V12/><F97/><W135/><G135/><T34/><D34/><U37/><E37/><V31/><F12/><W56/><G56/><T126/><D126/><U89/><E23/><V70/><F70/><W46/><G46/><T36/><D36/><U63/><E64/><V111/><F111/><W29/><G45/><T92/><D80/><U3/><E3/><V130/><F133/><W30/><G50/><T6/><D6/><U20/><E20/><V125/><F130/><W115/><G118/><T18/><D123/><U121/><E121/><V8/><F125/><W82/><G117/><T52/><D122/><U114/><E114/><V68/><F68/><W108/><G116/><T71/><D38/><RYUUKYOKU ba="0,0" sc="191,0,88,0,297,0,424,0" owari="191,-21.0,88,-41.0,297,10.0,424,52.0" /></mjloggm>