<mjloggm ver="2.3"><GO type="41" lobby="0"/><UN n0="%E2%93%9D%53%75%70%68%78" n1="%E6%BC%AB%E6%89%8D%E9%BA%BB%E5%B0%86%E5%91%86%E5%91%86" n2="%E3%81%AA%E3%81%97%E4%B8%B8" n3="%E3%81%9B%E3%81%A9%E3%81%AA%E3%82%8A%E3%81%82%E3%82%93" dan="18,15,15,15" rate="2068.28,1978.46,2013.68,1992.54" sx="M,F,M,M"/><TAIKYOKU oya="0"/><INIT seed="0,0,0,1,2,44" ten="250,250,250,250" oya="0" hai0="127,20,24,67,23,101,102,131,25,83,60,54,0" hai1="133,82,88,35,119,7,53,98,13,122,94,29,15" hai2="135,39,6,18,32,77,80,89,47,55,128,118,61" hai3="72,126,110,93,76,52,121,92,134,14,73,12,95"/><T81/><D0/><U48/><E119/><V116/><F32/><W43/><G110/><T1/><D1/><U97/><E122/><V4/><F135/><W28/><G134/><T75/><D131/><U112/><E133/><V45/><F128/><W104/><G121/><T87/><D75/><U86/><E112/><V115/><F115/><W105/><G126/><T107/><D107/><U36/><E36/><V58/><F89/><W132/><G132/><T120/><D67/><U124/><E124/><V30/><F30/><W117/><G43/><T90/><D127/><U63/><E63/><V111/><F18/><W16/><G117/><N who="2" m="45161" /><F111/><W37/><G37/><T125/><D120/><U26/><E7/><N who="2" m="2603" /><F39/><W96/><G28/><N who="0" m="17415" /><D125/><U33/><E35/><V11/><F11/><W99/><G76/><T129/><D129/><U103/><REACH who="1" step="1"/><E98/><REACH who="1" ten="250,240,250,250" step="2"/><V100/><F100/><W71/><G99/><T21/><D102/><U109/><E109/><V46/><F46/><AGARI ba="0,1" hai="13,15,26,29,33,46,48,53,82,86,88,94,97,103" machi="46" ten="30,7700,0" yaku="1,1,7,1,52,1,54,1,53,0" doraHai="44" doraHaiUra="59" who="1" fromWho="2" sc="250,0,240,87,250,-77,250,0" /><INIT seed="1,0,0,4,5,97" ten="250,327,173,250" oya="1" hai0="104,17,77,81,0,133,21,93,96,132,130,12,101" hai1="42,41,66,36,85,106,83,28,102,59,40,5,124" hai2="87,86,125,57,110,55,18,54,118,103,95,7,91" hai3="79,10,120,22,35,105,31,53,62,82,29,60,51"/><U11/><E124/><V119/><F110/><W33/><G120/><T68/><D68/><U2/><E28/><V25/><F125/><W113/><G113/><T56/><D0/><U98/><E66/><V109/><F109/><W123/><G123/><T74/><D130/><U8/><E11/><V58/><F7/><W20/><G105/><T9/><D56/><U121/><E59/><V127/><F127/><W73/><G10/><T99/><REACH who="0" step="1"/><D21/><REACH who="0" ten="240,327,173,250" step="2"/><U76/><REACH who="1" step="1"/><E121/><REACH who="1" ten="240,317,173,250" step="2"/><V38/><F58/><W3/><G35/><T4/><D4/><U50/><E50/><V39/><F57/><W117/><G33/><T71/><D71/><U65/><E65/><V67/><F67/><W47/><G22/><T108/><D108/><U14/><E14/><V45/><F39/><AGARI ba="0,2" hai="2,5,8,36,39,40,41,42,76,83,85,98,102,106" machi="39" ten="40,3900,0" yaku="1,1,52,1,53,0" doraHai="97" doraHaiUra="23" who="1" fromWho="2" sc="240,0,317,59,173,-39,250,0" /><INIT seed="1,1,0,1,5,109" ten="240,376,134,250" oya="1" hai0="100,105,130,84,32,27,76,64,68,39,119,6,17" hai1="19,34,42,81,25,54,127,125,8,41,7,67,132" hai2="60,35,52,55,20,2,15,80,9,103,45,65,77" hai3="108,66,112,5,53,116,21,90,43,95,50,40,12"/><U11/><E132/><V89/><F35/><W126/><G108/><T135/><D119/><U18/><E67/><V58/><F103/><W106/><G106/><T16/><D39/><U46/><E81/><V131/><F131/><W124/><G116/><T70/><D6/><U56/><E46/><V61/><F89/><W4/><G66/><T97/><D130/><U62/><E42/><V57/><F2/><W122/><G122/><T69/><D135/><U30/><E41/><V94/><F94/><W1/><G1/><T47/><D47/><U110/><E110/><V38/><F20/><W36/><G36/><T13/><D76/><U104/><E104/><V121/><F121/><W59/><G5/><T23/><D84/><U128/><E128/><V123/><F123/><W120/><G120/><T87/><D87/><U134/><E134/><V118/><F118/><W92/><G92/><T14/><D64/><U44/><E44/><V75/><F65/><W79/><G79/><T102/><D102/><U72/><E72/><V28/><F28/><W78/><G78/><T101/><D101/><U29/><E30/><V74/><F45/><W117/><G117/><T96/><D96/><U85/><E85/><V113/><F38/><W10/><G112/><T24/><REACH who="0" step="1"/><D32/><REACH who="0" ten="230,376,134,250" step="2"/><U111/><E111/><V0/><F75/><W63/><G43/><T93/><D93/><U26/><E7/><N who="2" m="3519" /><F0/><N who="3" m="263" /><G40/><T114/><D114/><U51/><E34/><V83/><F113/><W82/><G82/><N who="2" m="31273" /><F77/><W115/><G115/><T31/><D31/><U3/><E29/><V33/><F74/><W49/><G95/><RYUUKYOKU ba="1,1" sc="230,15,376,-15,134,15,250,-15" hai0="13,14,16,17,23,24,27,68,69,70,97,100,105" hai2="33,52,55,57,58,60,61" /><INIT seed="2,2,1,3,3,5" ten="245,361,149,235" oya="2" hai0="82,73,121,91,71,27,11,44,10,103,37,61,26" hai1="85,125,92,59,60,122,24,87,98,99,55,107,41" hai2="22,95,132,36,49,97,104,63,43,21,25,105,28" hai3="116,120,0,109,34,108,112,17,54,84,117,133,68"/><V123/><F132/><W78/><G54/><T9/><D121/><U118/><E118/><V39/><F123/><W131/><G84/><N who="0" m="50583" /><D71/><U106/><E122/><V35/><F63/><W19/><G78/><T134/><D37/><U77/><E41/><V1/><F1/><W128/><G68/><T129/><D73/><U13/><E125/><V135/><F135/><W23/><G120/><T79/><D129/><N who="3" m="49737" /><G133/><T46/><D134/><U3/><E3/><V2/><F2/><W65/><G65/><T12/><D103/><U31/><E99/><V18/><F35/><W130/><N who="3" m="49745" /><W114/><DORA hai="76" /><G34/><T50/><D79/><U4/><E77/><V40/><F39/><W101/><G101/><T100/><D100/><U32/><E106/><V70/><F70/><W15/><G19/><N who="0" m="8591" /><D61/><U96/><E107/><V119/><F36/><W110/><G0/><T80/><D80/><U81/><E81/><V53/><F104/><W74/><G74/><T62/><D62/><U124/><E60/><V94/><F105/><W30/><G30/><T93/><D93/><N who="2" m="35338" /><F97/><W47/><G116/><T88/><D88/><U29/><E98/><V126/><F119/><W20/><G117/><T69/><D69/><U58/><E96/><V45/><F126/><W48/><G23/><T51/><D51/><U52/><E32/><V16/><F28/><W38/><G38/><T83/><D83/><U86/><E29/><V113/><F113/><W64/><G64/><T42/><D46/><U56/><E31/><V6/><F6/><W57/><G47/><T102/><D102/><U115/><E124/><RYUUKYOKU ba="2,1" sc="245,10,361,-30,149,10,235,10" hai0="10,11,26,27,42,44,50" hai2="16,18,21,22,25,40,43,45,49,53" hai3="15,17,20,48,57,108,109,110,112,114" /><INIT seed="2,3,1,3,1,117" ten="255,331,159,245" oya="2" hai0="102,31,89,43,20,64,73,74,2,80,51,92,72" hai1="38,135,10,118,96,125,86,107,95,119,37,115,52" hai2="61,106,8,5,60,28,121,53,127,132,49,47,97" hai3="26,129,101,76,123,114,130,85,59,44,93,128,88"/><V103/><F132/><W56/><G114/><T100/><D2/><U98/><E115/><V69/><F127/><W87/><G101/><T94/><D64/><U9/><E125/><V108/><F28/><W42/><G26/><T34/><D34/><U27/><E135/><V66/><F61/><W39/><G123/><T105/><D51/><U75/><E75/><N who="0" m="28681" /><D20/><U1/><E27/><V25/><F25/><W33/><G33/><T112/><D43/><U109/><E109/><V29/><F29/><W110/><G110/><T131/><D131/><U122/><E1/><V16/><F108/><W68/><G68/><T12/><D12/><U58/><E107/><V84/><F84/><W83/><AGARI ba="3,1" hai="39,42,44,56,59,76,83,85,87,88,93,128,129,130" machi="83" ten="40,5200,0" yaku="0,1,19,1,54,1" doraHai="117" who="3" fromWho="3" sc="255,-16,331,-16,159,-29,245,71" /><INIT seed="3,0,0,1,2,34" ten="239,315,130,316" oya="3" hai0="32,72,68,27,74,119,134,52,128,79,8,20,117" hai1="40,118,109,62,78,70,24,107,39,71,122,93,135" hai2="110,42,65,94,129,89,55,87,10,73,125,103,76" hai3="131,23,111,19,80,63,126,98,48,33,37,6,13"/><W49/><G33/><T12/><D68/><U44/><E107/><V116/><F42/><W36/><G131/><T88/><D32/><U17/><E122/><V75/><F65/><W46/><G126/><T113/><D79/><U121/><E121/><V16/><F116/><W38/><G63/><T60/><D134/><U57/><E118/><V41/><F125/><W28/><G111/><T22/><D113/><U30/><E135/><V31/><F129/><W59/><G28/><T105/><D105/><U108/><E78/><V53/><F31/><W124/><G124/><T58/><D128/><U11/><E93/><V92/><F41/><W3/><G59/><T61/><D119/><U130/><E130/><V112/><F112/><W90/><G46/><T81/><D61/><U127/><E127/><V67/><F67/><W95/><REACH who="3" step="1"/><G80/><REACH who="3" ten="239,315,130,306" step="2"/><T1/><D117/><U114/><E114/><V77/><F110/><W4/><G4/><T133/><D133/><U47/><E44/><V51/><F75/><W86/><G86/><T26/><D74/><U56/><E57/><V50/><F73/><W91/><G91/><T106/><D72/><U96/><E108/><V85/><F85/><W21/><G21/><T64/><D22/><U104/><E109/><V43/><F89/><W84/><G84/><T2/><D20/><U82/><E82/><V115/><F87/><W15/><G15/><T5/><D88/><U120/><E120/><V66/><F115/><W18/><G18/><T99/><D81/><U7/><E17/><V14/><F16/><W83/><G83/><T102/><D64/><RYUUKYOKU ba="0,1" sc="239,15,315,-15,130,-15,306,15" hai0="1,2,5,8,12,26,27,52,58,60,99,102,106" hai3="3,6,13,19,23,36,37,38,48,49,90,95,98" /><INIT seed="3,1,1,1,4,48" ten="254,300,115,321" oya="3" hai0="3,56,75,112,84,92,101,77,53,12,116,8,37" hai1="26,39,93,55,57,36,103,15,110,120,131,81,135" hai2="98,4,90,60,40,38,0,28,104,1,63,21,130" hai3="107,133,127,72,74,66,122,115,87,109,27,126,54"/><W44/><G115/><T22/><D116/><U94/><E120/><V25/><F38/><W99/><G122/><T134/><D37/><U34/><E110/><V58/><F40/><W32/><G133/><T128/><D128/><U85/><E135/><V106/><F130/><W102/><G109/><T31/><D3/><U95/><E131/><V70/><F70/><W97/><G66/><T35/><D35/><U119/><E119/><V67/><F63/><W132/><G132/><T45/><D45/><U42/><E42/><V114/><F114/><W100/><G32/><T86/><D75/><U105/><E15/><V16/><F28/><W46/><G27/><T79/><D101/><U125/><E125/><V113/><F113/><W23/><G23/><T111/><D111/><U124/><E124/><V129/><F129/><W41/><G41/><T14/><D92/><U88/><E103/><V59/><F59/><W51/><G87/><N who="0" m="33323" /><D134/><U65/><E105/><V47/><F47/><W43/><G126/><T123/><D123/><U24/><E39/><V121/><F121/><W62/><G127/><T76/><D8/><U118/><E36/><V91/><F106/><W19/><G19/><T80/><D80/><U11/><E11/><V33/><F33/><W78/><G78/><T69/><D69/><U18/><E34/><V68/><F68/><W52/><G46/><T13/><D112/><U96/><E18/><V117/><F117/><W5/><G5/><T61/><D31/><U50/><E118/><V73/><F4/><W20/><G20/><AGARI ba="1,1" hai="12,13,14,20,22,53,56,61,76,77,79" m="33323" machi="20" ten="40,2600,0" yaku="8,1,52,1" doraHai="48" who="0" fromWho="3" sc="254,39,300,0,115,0,321,-29" /><INIT seed="4,0,0,4,4,95" ten="293,300,115,292" oya="0" hai0="66,82,106,50,85,29,43,84,31,49,55,129,96" hai1="77,13,20,46,117,135,118,113,5,38,99,81,63" hai2="39,86,110,41,74,54,18,69,37,62,59,65,60" hai3="109,114,40,64,123,51,122,111,16,124,88,32,4"/><T10/><D129/><U56/><E135/><V102/><F74/><W25/><G64/><T47/><D66/><U112/><E38/><N who="2" m="14347" /><F86/><W100/><G114/><N who="1" m="44138" /><E46/><V70/><F18/><W30/><G124/><T93/><D106/><U127/><E127/><V21/><F21/><W75/><G51/><T35/><D10/><N who="1" m="4303" /><E20/><V28/><F28/><N who="0" m="10826" /><D35/><U103/><E81/><V131/><F102/><W101/><G40/><T107/><D107/><N who="1" m="63999" /><E77/><V27/><F27/><W11/><G109/><T89/><D82/><U90/><E90/><V1/><F1/><W57/><G111/><T48/><D48/><U128/><E128/><V119/><F110/><W22/><G75/><T44/><AGARI ba="0,0" hai="43,44,47,49,50,55,84,85,89,93,96" m="10826" machi="44" ten="30,3000,0" yaku="8,1,52,1" doraHai="95" who="0" fromWho="0" sc="293,30,300,-10,115,-10,292,-10" /><INIT seed="4,1,0,0,4,18" ten="323,290,105,282" oya="0" hai0="14,110,0,78,106,56,7,9,8,82,118,39,96" hai1="46,79,120,63,36,130,73,32,102,111,134,89,104" hai2="67,115,92,76,31,125,85,95,93,116,72,24,97" hai3="22,84,30,128,29,50,10,121,1,103,41,132,43"/><T122/><D118/><U54/><E120/><V119/><F67/><W68/><G68/><T129/><D122/><U61/><E111/><V33/><F72/><W101/><G121/><T124/><D110/><U135/><E32/><V3/><F3/><W71/><G71/><T57/><D124/><U88/><E130/><V83/><F115/><W86/><G132/><N who="1" m="50730" /><E102/><V60/><F60/><N who="1" m="23113" /><E104/><V12/><F125/><W123/><G123/><T13/><D39/><U48/><E36/><V35/><F35/><W74/><G74/><T38/><D38/><U109/><E109/><V44/><F44/><W53/><G1/><T81/><D0/><U15/><E15/><V20/><REACH who="2" step="1"/><F97/><REACH who="2" ten="323,290,95,282" step="2"/><W131/><G131/><T21/><D96/><U91/><E73/><V51/><F51/><W69/><G128/><T70/><D129/><U126/><E126/><V98/><F98/><W107/><G50/><T28/><D70/><U114/><E114/><V23/><F23/><W112/><G22/><T99/><D99/><U66/><E66/><V100/><F100/><W108/><G69/><T25/><D106/><U40/><E79/><V6/><F6/><W133/><G108/><T27/><D78/><U62/><E62/><V17/><AGARI ba="1,1" hai="12,17,20,24,31,33,76,83,85,92,93,95,116,119" machi="17" ten="30,4000,0" yaku="1,1,0,1,52,1,53,0" doraHai="18" doraHaiUra="5" who="2" fromWho="2" sc="323,-21,290,-11,95,53,282,-11" /><INIT seed="5,0,0,2,2,120" ten="302,279,148,271" oya="1" hai0="84,89,71,108,25,21,124,73,85,119,75,15,122" hai1="34,99,52,30,19,6,82,127,5,17,45,55,111" hai2="100,35,12,56,80,63,8,3,72,24,50,94,27" hai3="60,68,53,62,40,31,58,11,90,115,70,37,114"/><U113/><E127/><V48/><F3/><W110/><G31/><T106/><D71/><N who="3" m="27177" /><G11/><T10/><D108/><U43/><E113/><N who="3" m="43018" /><G90/><T101/><D119/><U116/><E116/><V107/><F107/><W104/><G104/><T14/><D122/><U9/><E111/><V112/><F112/><W59/><G110/><T97/><D124/><U91/><E30/><V131/><F131/><W132/><G132/><T117/><D85/><N who="1" m="50615" /><E34/><V74/><F74/><W2/><G2/><T42/><D75/><U67/><E99/><N who="2" m="59511" /><F80/><W96/><G96/><T128/><D73/><U102/><E67/><N who="2" m="39399" /><F72/><W61/><G53/><N who="1" m="20554" /><E102/><V86/><F86/><W79/><G79/><T103/><D103/><U134/><E134/><V126/><F35/><W130/><G130/><T92/><D128/><U13/><E6/><N who="2" m="3095" /><F126/><W118/><G118/><T69/><D117/><U123/><E123/><V93/><F93/><W65/><G65/><T4/><D106/><U109/><E109/><V105/><F105/><W1/><G1/><T22/><D101/><U26/><E26/><AGARI ba="0,0" hai="24,26,27,48,50" m="3095,39399,59511" machi="26" ten="30,1000,0" yaku="8,1" doraHai="120" who="2" fromWho="1" sc="302,0,279,-10,148,10,271,0" /><INIT seed="6,0,0,4,4,9" ten="302,269,158,271" oya="2" hai0="38,52,60,55,87,135,99,98,66,71,134,117,6" hai1="49,96,64,19,70,4,36,113,130,125,13,100,44" hai2="95,25,127,56,28,116,20,18,59,32,79,91,109" hai3="68,105,27,74,129,94,83,47,48,31,51,126,121"/><V7/><F116/><W67/><G105/><T108/><D108/><U50/><E125/><V46/><F127/><W80/><G121/><T24/><D38/><U119/><E119/><V131/><F131/><W120/><G120/><T15/><D87/><U110/><E110/><V104/><F104/><W57/><G129/><T76/><D76/><U58/><E130/><V0/><F109/><W62/><G74/><T21/><D117/><U22/><E113/><V53/><F79/><W16/><G68/><T92/><D15/><U2/><E70/><V42/><F7/><W69/><G69/><T72/><D6/><U8/><E36/><V107/><F107/><W111/><G126/><T61/><D72/><U30/><E44/><V88/><F0/><W115/><G115/><T10/><D10/><U5/><E5/><V37/><F95/><W14/><G94/><T54/><D61/><U85/><E85/><V97/><F97/><W43/><G48/><T23/><D99/><U75/><E75/><V84/><F84/><W40/><G40/><T106/><D106/><U118/><E118/><V102/><F102/><W12/><G111/><T3/><D3/><U33/><E96/><V81/><F81/><N who="3" m="31307" /><G31/><T90/><REACH who="0" step="1"/><D24/><REACH who="0" ten="292,269,158,271" step="2"/><N who="1" m="18631" /><E100/><V101/><F101/><W65/><G65/><T112/><D112/><U78/><E78/><V124/><F124/><W103/><G103/><T128/><D128/><U123/><E123/><V63/><REACH who="2" step="1"/><F56/><REACH who="2" ten="292,269,148,271" step="2"/><W39/><G39/><T29/><D29/><U73/><E73/><V35/><F35/><W17/><G57/><T93/><D93/><U132/><E58/><RYUUKYOKU ba="0,2" sc="292,15,269,-15,148,15,271,-15" hai0="21,23,52,54,55,60,66,71,90,92,98,134,135" hai2="18,20,25,28,32,37,42,46,53,59,63,88,91" /><INIT seed="6,1,2,3,4,112" ten="307,254,163,256" oya="2" hai0="32,77,3,92,51,118,79,81,43,102,22,94,80" hai1="86,28,74,85,90,29,78,111,41,34,4,33,59" hai2="45,70,93,83,13,73,131,58,31,44,124,119,126" hai3="36,96,2,10,17,117,25,127,20,42,60,14,88"/><V38/><F70/><W114/><G127/><N who="2" m="48681" /><F131/><W103/><G114/><T46/><D118/><U129/><E111/><V66/><F31/><W54/><G117/><T84/><D32/><U97/><E129/><V107/><F107/><W5/><G36/><T37/><D3/><U100/><E41/><N who="2" m="22583" /><F45/><W72/><G42/><T48/><D22/><U65/><E4/><V18/><F93/><N who="3" m="56359" /><G72/><T116/><D116/><U104/><E33/><V23/><F119/><W56/><G103/><T64/><D102/><U105/><E34/><V75/><F83/><W71/><G71/><T76/><D94/><N who="1" m="54607" /><E104/><V8/><F8/><W27/><G2/><T91/><D37/><U50/><E29/><V113/><F113/><W52/><G27/><T16/><D81/><N who="1" m="45271" /><E28/><V49/><F49/><W132/><G132/><T135/><D51/><U128/><E128/><V19/><F19/><W35/><G35/><T15/><D135/><U122/><E122/><V47/><F47/><W30/><G30/><T62/><D80/><U21/><E50/><V134/><F134/><W125/><G125/><T57/><D79/><U53/><E21/><V108/><F108/><W40/><G40/><T68/><D68/><U7/><E7/><V12/><F12/><W123/><G123/><T120/><D120/><U26/><E26/><V98/><F98/><W87/><G87/><T9/><AGARI ba="1,2" hai="9,15,16,43,46,48,57,62,64,76,77,84,91,92" machi="9" ten="20,5200,0" yaku="0,1,7,1,8,1,54,1" doraHai="112" who="0" fromWho="0" sc="307,75,254,-14,163,-27,256,-14" /><INIT seed="7,0,0,2,1,11" ten="382,240,136,242" oya="3" hai0="27,10,16,58,45,5,125,46,61,38,6,110,21" hai1="2,18,103,49,80,3,32,84,127,126,131,89,76" hai2="74,57,64,98,86,119,83,99,48,118,15,77,114" hai3="63,13,62,60,19,67,109,102,112,35,79,39,41"/><W22/><G35/><T91/><D110/><U59/><E32/><V123/><F114/><W92/><G112/><T29/><D125/><N who="1" m="47627" /><E131/><V33/><F33/><W97/><G109/><T93/><D38/><U28/><E28/><V105/><F123/><W87/><G39/><T65/><D29/><U121/><E121/><V95/><F99/><W51/><G51/><T128/><D128/><U90/><E103/><V47/><F57/><W56/><REACH who="3" step="1"/><G41/><REACH who="3" ten="382,240,136,232" step="2"/><T26/><D46/><U4/><E49/><V69/><F48/><W88/><G88/><T132/><D91/><U40/><E40/><V82/><F47/><W70/><G70/><T130/><D130/><U72/><E90/><N who="2" m="51543" /><F69/><W116/><G116/><T78/><D45/><U108/><E89/><N who="2" m="55663" /><F118/><W20/><G20/><T17/><D21/><U42/><E42/><V53/><F119/><W1/><G1/><T31/><D58/><U73/><E3/><V71/><F71/><W7/><G7/><T113/><D6/><U120/><E59/><V135/><F77/><W50/><G50/><T43/><D78/><U66/><E108/><V100/><F100/><W101/><G101/><T9/><D5/><U25/><E120/><V54/><F135/><W134/><G134/><T12/><D132/><U94/><E4/><V14/><F105/><W52/><G52/><N who="2" m="20073" /><F64/><W111/><G111/><T75/><D65/><U117/><E66/><V36/><F36/><W107/><G107/><T85/><D113/><U44/><E44/><V8/><F8/><W34/><G34/><T30/><D43/><U55/><E117/><V129/><F129/><RYUUKYOKU ba="0,1" sc="382,-15,240,-15,136,15,232,15" hai2="14,15,74,83" hai3="13,19,22,56,60,62,63,67,79,87,92,97,102" /><INIT seed="7,1,1,3,4,92" ten="367,225,151,247" oya="3" hai0="8,32,122,132,86,60,131,72,21,48,109,121,130" hai1="90,3,78,15,58,110,31,37,76,96,112,106,29" hai2="111,102,71,126,108,99,11,0,117,39,33,85,69" hai3="104,124,34,26,13,103,35,97,54,87,74,24,1"/><W62/><G74/><T55/><D109/><U114/><E110/><V6/><F117/><W113/><G1/><T18/><D132/><U118/><E3/><V68/><F126/><W70/><G124/><T43/><D43/><U17/><E118/><V65/><F65/><N who="3" m="41271" /><G87/><T36/><D36/><U82/><E37/><V135/><F135/><W42/><G54/><T51/><D32/><U84/><E58/><V101/><F101/><W123/><G13/><T41/><D41/><U49/><E49/><V14/><F39/><W12/><G12/><T120/><D72/><U83/><E83/><V7/><F7/><W75/><G42/><T4/><D86/><U47/><E47/><V81/><F14/><W57/><G57/><N who="0" m="34879" /><D4/><U50/><E50/><V129/><F129/><N who="0" m="49162" /><D8/><N who="1" m="6375" /><E78/><V16/><F33/><W5/><G5/><T100/><D122/><U2/><E2/><V115/><F115/><N who="1" m="44073" /><E76/><V119/><F119/><W22/><G75/><T77/><D77/><U44/><E44/><V25/><F85/><W64/><G113/><T73/><D73/><U10/><E10/><V134/><F81/><W105/><G123/><T20/><D121/><U125/><E125/><V19/><F134/><W63/><G105/><T27/><D120/><U80/><E82/><V133/><F133/><W9/><G9/><T56/><D56/><U94/><E80/><V66/><F66/><W91/><G91/><T23/><D100/><AGARI ba="1,1" hai="29,31,84,90,94,96,100,106" m="44073,6375" machi="100" ten="30,2000,0" yaku="15,1,52,1" doraHai="92" who="1" fromWho="0" sc="367,-23,225,33,151,0,247,0" owari="344,44.0,258,6.0,151,-35.0,247,-15.0" /></mjloggm>