<mjloggm ver="2.3"><GO type="41" lobby="0"/><UN n0="%E3%81%A1%E3%82%87%E3%81%93%E3%81%93%E3%82%8D%E3%81%AD" n1="%E3%82%B7%E3%83%A7%E3%83%BC%E3%83%88%E3%82%AB%E3%83%83%E3%83%88" n2="%E2%93%9D%53%75%70%68%78" n3="%79%75%63%61" dan="14,13,18,13" rate="1945.70,1910.73,2124.14,1842.45" sx="F,M,M,M"/><TAIKYOKU oya="0"/><INIT seed="0,0,0,5,5,112" ten="250,250,250,250" oya="0" hai0="22,14,11,93,59,65,101,16,103,31,28,5,52" hai1="50,64,95,55,45,49,46,39,84,30,2,76,32" hai2="33,29,67,34,77,25,79,96,117,58,78,72,115" hai3="18,70,62,91,129,38,134,119,4,74,24,107,100"/><T27/><D65/><U56/><E2/><V83/><F115/><W40/><G91/><T35/><D93/><U122/><E39/><V63/><F34/><W61/><G61/><T128/><D31/><U42/><E30/><V71/><F58/><W104/><G18/><T123/><D123/><U90/><E32/><V113/><F113/><W92/><G92/><T89/><D89/><U86/><E122/><V102/><REACH who="2" step="1"/><F117/><REACH who="2" ten="250,250,240,250" step="2"/><W54/><G119/><T1/><REACH who="0" step="1"/><D128/><REACH who="0" ten="240,250,240,250" step="2"/><U133/><E64/><V43/><F43/><W7/><G40/><T126/><D126/><U9/><E42/><V85/><F85/><W106/><G74/><T13/><D13/><U81/><E86/><V132/><F132/><W19/><G134/><T20/><D20/><U53/><E133/><V88/><F88/><W114/><G129/><T110/><D110/><U135/><E135/><V44/><F44/><W68/><G100/><T36/><D36/><U47/><E9/><V23/><F23/><W82/><G38/><T94/><D94/><AGARI ba="0,2" hai="25,29,33,63,67,71,72,77,78,79,83,94,96,102" machi="94" ten="30,2000,0" yaku="1,1,7,1,53,0" doraHai="112" doraHaiUra="8" who="2" fromWho="0" sc="240,-20,250,0,240,40,250,0" /><INIT seed="1,0,0,4,5,90" ten="220,250,280,250" oya="1" hai0="117,114,89,11,70,130,106,24,125,129,40,22,55" hai1="97,58,60,104,95,32,30,92,115,85,5,35,3" hai2="65,69,121,26,108,7,68,2,28,76,124,74,52" hai3="49,29,83,133,17,14,15,119,1,54,20,126,116"/><U19/><E115/><V93/><F121/><W6/><G133/><T23/><D106/><U118/><E118/><V134/><F108/><W102/><G126/><T94/><D114/><U100/><E3/><V103/><F65/><W107/><G29/><T91/><D70/><U53/><E5/><V21/><F124/><W72/><G1/><T128/><D117/><U27/><E85/><V4/><F134/><W57/><G107/><T86/><D40/><U109/><E109/><V88/><F103/><W16/><G6/><T61/><D125/><U101/><E35/><V62/><F76/><W120/><G102/><T82/><D11/><U105/><E19/><V63/><F74/><W64/><G64/><T36/><D36/><U77/><E77/><V39/><F39/><W81/><G120/><T0/><D0/><U45/><REACH who="1" step="1"/><E45/><REACH who="1" ten="220,240,280,250" step="2"/><V80/><F7/><W99/><G72/><T38/><D129/><U84/><E84/><V131/><F4/><W51/><G99/><AGARI ba="0,1" hai="27,30,32,53,58,60,92,95,97,99,100,101,104,105" machi="99" ten="40,12000,1" yaku="1,1,9,1,52,2,53,0" doraHai="90" doraHaiUra="71" who="1" fromWho="3" sc="220,0,240,130,280,0,250,-120" /><INIT seed="1,1,0,0,1,114" ten="220,370,280,130" oya="1" hai0="71,106,74,91,14,117,116,40,49,63,33,35,32" hai1="22,86,121,89,3,111,87,95,9,103,115,15,123" hai2="30,27,92,4,70,129,0,42,12,1,57,127,104" hai3="36,45,28,120,48,132,11,77,82,72,96,119,2"/><U54/><E115/><V44/><F104/><W5/><G120/><T110/><D74/><U108/><E3/><V125/><F70/><W109/><G28/><T97/><D110/><N who="1" m="42027" /><E22/><V113/><F57/><W51/><G109/><T43/><D14/><U59/><E103/><V25/><F92/><W124/><G124/><N who="2" m="47689" /><F129/><W99/><G132/><T41/><D49/><N who="1" m="31183" /><E87/><V8/><F113/><W47/><G119/><T101/><REACH who="0" step="1"/><D91/><REACH who="0" ten="210,370,280,130" step="2"/><U79/><E79/><V55/><F1/><W69/><G69/><T133/><D133/><U60/><E60/><V94/><F0/><W29/><G29/><T65/><AGARI ba="1,1" hai="32,33,35,40,41,43,63,65,71,97,101,106,116,117" machi="65" ten="40,8000,1" yaku="1,1,0,1,52,2,53,0" doraHai="114" doraHaiUra="73" who="0" fromWho="0" sc="210,93,370,-41,280,-21,130,-21" /><INIT seed="2,0,0,2,2,34" ten="303,329,259,109" oya="2" hai0="56,12,7,97,134,14,118,26,105,24,110,0,27" hai1="32,103,10,124,120,132,73,121,85,58,93,82,57" hai2="31,72,51,68,55,116,96,114,115,48,98,74,15" hai3="9,88,84,117,23,65,41,13,39,5,37,17,60"/><V133/><F31/><W47/><G117/><T43/><D118/><U108/><E32/><V86/><F116/><W33/><G33/><T2/><D110/><U67/><E108/><V6/><F86/><W77/><G77/><T80/><D43/><U16/><E132/><V79/><F79/><W94/><G39/><T106/><D134/><U91/><E73/><V112/><F133/><W44/><G41/><T61/><D80/><U49/><E124/><V131/><F68/><W52/><G37/><T101/><D105/><U90/><E103/><V45/><F131/><W29/><G29/><T18/><D7/><U70/><E49/><V135/><F135/><W4/><G4/><T40/><D40/><U122/><E67/><V100/><F98/><W21/><G21/><T99/><D99/><N who="1" m="57783" /><E70/><V92/><REACH who="2" step="1"/><F51/><REACH who="2" ten="303,329,249,109" step="2"/><W30/><G30/><T76/><D76/><U129/><E129/><V8/><AGARI ba="0,1" hai="6,8,15,45,48,55,72,74,92,96,100,112,114,115" machi="8" ten="40,7800,0" yaku="1,1,2,1,0,1,53,0" doraHai="34" doraHaiUra="125" who="2" fromWho="2" sc="303,-26,329,-26,249,88,109,-26" /><INIT seed="2,1,0,5,2,135" ten="277,303,337,83" oya="2" hai0="13,104,71,19,107,82,38,36,93,29,100,1,20" hai1="119,56,50,133,63,83,34,80,89,94,74,112,44" hai2="129,99,103,2,115,5,65,21,102,27,58,85,69" hai3="117,0,49,127,48,18,96,9,59,105,75,124,31"/><V98/><F69/><W109/><G75/><T126/><D1/><U57/><E34/><V110/><F115/><W111/><G31/><T42/><D71/><U53/><E133/><V95/><F129/><W90/><G117/><T52/><D29/><U11/><E112/><V12/><F2/><W72/><G72/><T125/><D82/><N who="1" m="31275" /><E74/><V4/><F85/><W16/><G0/><T106/><D42/><U67/><E11/><V14/><F110/><N who="3" m="41995" /><G9/><T76/><D76/><U130/><E119/><V39/><F39/><W66/><G66/><T114/><D114/><U132/><E132/><V68/><F68/><W25/><G25/><T91/><D100/><U47/><E57/><V87/><F87/><W92/><G105/><T64/><D64/><U122/><E122/><V3/><F3/><W88/><G90/><T128/><D128/><U37/><E37/><V6/><F58/><W61/><G61/><T7/><D7/><U97/><E130/><V81/><F65/><W15/><G15/><T134/><D134/><U33/><E33/><V35/><F35/><W84/><G96/><N who="0" m="57407" /><D52/><N who="1" m="29767" /><E47/><V41/><F41/><W62/><G62/><T51/><D51/><N who="3" m="19529" /><G59/><T79/><D79/><U78/><E78/><V43/><F43/><W118/><G118/><T121/><D121/><U8/><E8/><V40/><F40/><W46/><G46/><T24/><D13/><U30/><E67/><V86/><F14/><W73/><G73/><T116/><D116/><U55/><E55/><V22/><F12/><W101/><G101/><T54/><D54/><U120/><E120/><V77/><F27/><RYUUKYOKU ba="1,0" sc="277,0,303,0,337,0,83,0" hai0="19,20,24,36,38,104,106,107,125,126" hai1="30,53,56,63,89,94,97" hai2="4,5,6,21,22,77,81,86,95,98,99,102,103" hai3="16,18,84,88,92,124,127" /><INIT seed="2,2,0,3,4,120" ten="277,303,337,83" oya="2" hai0="16,81,22,44,19,32,98,27,31,39,10,110,71" hai1="8,90,53,82,117,4,108,48,15,130,74,43,79" hai2="135,54,87,124,46,7,78,72,14,129,42,63,132" hai3="102,52,35,5,50,38,111,119,30,24,29,123,57"/><V58/><F72/><W105/><G38/><T60/><D10/><U134/><E117/><V2/><F2/><W126/><G119/><T17/><D81/><U93/><E134/><N who="2" m="51243" /><F87/><W20/><G123/><T59/><D71/><U109/><E130/><V68/><F14/><W91/><G5/><T104/><D104/><U88/><E43/><V77/><F7/><W28/><G126/><T97/><D32/><U101/><E101/><V73/><F73/><W33/><G91/><T40/><REACH who="0" step="1"/><D110/><REACH who="0" ten="267,303,337,83" step="2"/><N who="1" m="42603" /><E93/><V94/><F94/><W21/><G111/><T85/><D85/><U116/><E116/><V25/><F68/><W92/><G105/><T36/><D36/><U67/><E67/><AGARI ba="2,1" hai="16,17,19,22,27,31,39,40,44,59,60,67,97,98" machi="67" ten="40,2600,0" yaku="1,1,54,1,53,0" doraHai="120" doraHaiUra="11" who="0" fromWho="1" sc="267,42,303,-32,337,0,83,0" /><INIT seed="3,0,0,3,1,82" ten="309,271,337,83" oya="3" hai0="132,49,42,52,81,53,36,108,105,35,21,51,111" hai1="90,24,61,107,87,50,97,120,28,9,76,48,2" hai2="122,14,121,84,133,37,0,62,26,117,67,134,65" hai3="45,114,127,85,104,73,11,135,47,112,18,4,116"/><W54/><G104/><T80/><D35/><U41/><E120/><N who="2" m="46187" /><F0/><W25/><G73/><T66/><D105/><U29/><E76/><V1/><F1/><W131/><G116/><T124/><D66/><U16/><E97/><V110/><F110/><N who="0" m="42026" /><D132/><N who="2" m="50794" /><F37/><W128/><G135/><T123/><D123/><U30/><E107/><V8/><F26/><W86/><G4/><T119/><D119/><U98/><E61/><V33/><F33/><W59/><G127/><T38/><D21/><N who="1" m="13351" /><E98/><V58/><F117/><W129/><G25/><T92/><D92/><N who="1" m="54367" /><E2/><V43/><F43/><W3/><G18/><T55/><D124/><U109/><E109/><V64/><F84/><N who="3" m="32363" /><G11/><T70/><D70/><U89/><E41/><V69/><F69/><W102/><G102/><T125/><D125/><U23/><E89/><V13/><F8/><W34/><G34/><T126/><D126/><U77/><E77/><V32/><F32/><W44/><G3/><T19/><D42/><U95/><E95/><V100/><F100/><W60/><AGARI ba="0,0" hai="44,45,47,54,59,60,112,114,128,129,131" m="32363" machi="60" ten="40,12000,1" yaku="19,1,52,3" doraHai="82" who="3" fromWho="3" sc="309,-40,271,-40,337,-40,83,120" /><INIT seed="3,1,0,0,5,71" ten="269,231,297,203" oya="3" hai0="24,79,44,97,113,25,18,90,19,20,13,57,42" hai1="11,119,103,75,131,106,110,22,121,127,21,37,63" hai2="85,30,1,66,47,27,76,2,51,111,65,58,3" hai3="15,91,109,77,6,94,89,69,55,93,99,73,35"/><W86/><G69/><T48/><D113/><U59/><E11/><V43/><F111/><W80/><G35/><T70/><D70/><U53/><E75/><V41/><F41/><W5/><G109/><T84/><D57/><U104/><E110/><V46/><F46/><W122/><G122/><T125/><D125/><U60/><E121/><V135/><F135/><W45/><G15/><T26/><D97/><U132/><E132/><V108/><F108/><W34/><G34/><T12/><D79/><U124/><E131/><V40/><F40/><W96/><G73/><T112/><D112/><U54/><E119/><V33/><REACH who="2" step="1"/><F58/><REACH who="2" ten="269,231,287,203" step="2"/><W9/><G9/><T49/><D49/><AGARI ba="1,1" hai="5,6,45,49,55,77,80,86,89,91,93,94,96,99" machi="49" ten="40,3900,0" yaku="9,1,8,1" doraHai="71" who="3" fromWho="0" sc="269,-42,231,0,287,0,203,52" /><INIT seed="3,2,0,5,1,68" ten="227,231,287,255" oya="3" hai0="48,131,120,33,116,63,125,79,52,96,28,13,55" hai1="14,16,130,65,108,24,134,92,72,23,42,66,1" hai2="34,104,32,47,82,97,57,29,22,60,40,27,128" hai3="126,67,12,70,78,107,129,51,90,89,53,39,85"/><W105/><G129/><T133/><D120/><U94/><E72/><V15/><F128/><W45/><G126/><T124/><D116/><U86/><E130/><V17/><F82/><W98/><G78/><T7/><D131/><U21/><E1/><V80/><F80/><W2/><G2/><T111/><D111/><U69/><E108/><V6/><F6/><W49/><G49/><T41/><D79/><U77/><E134/><V58/><F34/><W75/><G75/><T83/><D83/><N who="1" m="47471" /><E42/><V64/><F97/><W106/><G85/><T62/><D96/><U112/><E112/><V81/><F81/><W10/><G98/><T5/><D41/><U43/><E69/><V76/><F104/><W119/><G119/><T61/><D133/><U56/><E43/><V101/><F101/><W74/><G74/><T3/><D3/><U59/><E66/><V93/><F93/><N who="1" m="35945" /><E65/><V110/><F76/><W30/><G30/><AGARI ba="2,0" hai="14,16,21,23,24,30,56,59" m="35945,47471" machi="30" ten="30,2000,0" yaku="8,1,54,1" doraHai="68" who="1" fromWho="3" sc="227,0,231,26,287,0,255,-26" /><INIT seed="4,0,0,5,4,60" ten="227,257,287,229" oya="0" hai0="103,84,10,63,15,128,6,97,46,122,118,37,57" hai1="87,16,129,12,47,22,100,75,2,35,81,56,124" hai2="44,20,3,76,58,91,14,89,67,94,70,42,23" hai3="114,135,112,96,18,86,85,21,95,13,123,119,49"/><T99/><D118/><U45/><E2/><V109/><F70/><W71/><G71/><T74/><D74/><U104/><E35/><V65/><F3/><W73/><G73/><T29/><D122/><U48/><E75/><V59/><F76/><W17/><G135/><T9/><D128/><U40/><E124/><V24/><F109/><W107/><G107/><T31/><D84/><U19/><E100/><V30/><F44/><W117/><G49/><T106/><D97/><U11/><E104/><V62/><F42/><W52/><G123/><T79/><D79/><U111/><E111/><V88/><F59/><W5/><G5/><T8/><D8/><U127/><E127/><V105/><F105/><W72/><G72/><T39/><D10/><U69/><E69/><V133/><F133/><W116/><G52/><T90/><D90/><N who="1" m="51567" /><E40/><V132/><F132/><W43/><G43/><T102/><D102/><U4/><E129/><V25/><F14/><W80/><G18/><N who="1" m="6698" /><E22/><V92/><F67/><W1/><G1/><T113/><D113/><U0/><E0/><V27/><F30/><W41/><G41/><N who="0" m="22831" /><D39/><U68/><E68/><V33/><F33/><W82/><G96/><T53/><D29/><U38/><E38/><V115/><F115/><N who="3" m="44075" /><G86/><T32/><D31/><U93/><E93/><AGARI ba="0,0" hai="20,23,24,25,27,58,62,65,88,89,91,92,93,94" machi="93" ten="40,5200,0" yaku="8,1,52,1,54,1" doraHai="60" who="2" fromWho="1" sc="227,0,257,-52,287,52,229,0" /><INIT seed="5,0,0,5,5,57" ten="227,205,339,229" oya="1" hai0="82,92,30,33,134,129,52,68,63,112,105,118,21" hai1="28,123,100,12,4,79,124,36,3,60,49,120,35" hai2="87,61,18,106,9,7,103,41,47,25,127,126,24" hai3="54,99,31,93,110,0,73,72,122,8,10,34,94"/><U119/><E119/><V85/><F106/><W44/><G110/><T48/><D118/><U5/><E36/><V40/><F103/><W69/><G69/><T43/><D105/><U74/><E124/><N who="2" m="47659" /><F61/><W91/><G122/><T113/><D134/><U59/><E100/><V50/><F41/><W37/><G31/><T53/><D33/><U51/><E79/><V55/><F55/><W29/><G29/><T76/><D92/><U32/><E74/><V62/><F62/><W45/><G34/><T88/><D129/><U1/><E59/><V97/><F97/><W77/><G94/><T135/><D135/><U83/><E28/><V13/><F18/><W121/><G121/><T70/><D43/><U107/><E107/><V26/><AGARI ba="0,0" hai="7,9,13,24,25,26,40,47,50,85,87" m="47659" machi="26" ten="30,1100,0" yaku="18,1" doraHai="57" who="2" fromWho="2" sc="227,-3,205,-5,339,11,229,-3" /><INIT seed="6,0,0,2,0,78" ten="224,200,350,226" oya="2" hai0="0,95,71,70,122,5,32,99,112,115,41,73,25" hai1="124,33,93,127,100,44,20,103,58,91,68,130,18" hai2="30,57,17,48,101,28,34,90,102,4,97,125,51" hai3="64,107,92,116,22,45,1,74,26,110,118,114,53"/><V8/><F125/><W63/><G1/><T76/><D122/><U47/><E33/><V42/><F17/><W46/><G107/><T80/><D41/><U6/><E6/><V54/><F34/><W12/><G74/><T87/><D87/><U88/><E68/><V117/><F117/><W134/><G110/><T123/><D123/><U106/><E130/><V14/><F90/><N who="1" m="34345" /><E58/><V7/><F7/><W67/><G92/><T19/><D95/><U85/><E106/><V96/><F42/><W9/><G134/><T105/><D19/><U10/><E10/><V27/><F51/><W128/><G128/><T132/><D132/><U108/><E93/><V39/><F39/><W119/><G114/><N who="0" m="43563" /><D5/><U59/><E85/><V29/><REACH who="2" step="1"/><F27/><REACH who="2" ten="224,200,340,226" step="2"/><W11/><G26/><T40/><D40/><U21/><E127/><V111/><F111/><W43/><G43/><T37/><D37/><U89/><E108/><V83/><F83/><W66/><G22/><T133/><D133/><U79/><E21/><V131/><F131/><W81/><G81/><T50/><D50/><U69/><E20/><V84/><F84/><W2/><G2/><T13/><D0/><U135/><E124/><V24/><F24/><W60/><G12/><T52/><D13/><U113/><E135/><V94/><F94/><W65/><G11/><T16/><D16/><U38/><E18/><V126/><F126/><W23/><G23/><T75/><D25/><U56/><E113/><V36/><F36/><W61/><G9/><T77/><D32/><U35/><E38/><V121/><F121/><W72/><G119/><RYUUKYOKU ba="0,1" sc="224,-10,200,-10,340,30,226,-10" hai2="4,8,14,28,29,30,48,54,57,96,97,101,102" /><INIT seed="6,1,1,3,5,115" ten="214,190,370,216" oya="2" hai0="102,33,13,116,40,82,96,109,5,114,21,25,98" hai1="83,77,121,79,43,133,126,59,122,35,71,78,99" hai2="130,0,89,60,56,29,67,80,117,30,87,6,93" hai3="11,72,76,111,44,64,28,42,18,120,118,128,16"/><V17/><F117/><W129/><G120/><N who="1" m="46186" /><E35/><V46/><F130/><W69/><G118/><T49/><D116/><U70/><E43/><V113/><F0/><W39/><G111/><T95/><D109/><U23/><E133/><V101/><F6/><W41/><G41/><T108/><D108/><U124/><E99/><V112/><F17/><W52/><G28/><T9/><D33/><U68/><E59/><V48/><F101/><W27/><G76/><T85/><D96/><U19/><E83/><V15/><F15/><W32/><G72/><T10/><D10/><U125/><E19/><V54/><REACH who="2" step="1"/><F80/><REACH who="2" ten="214,190,360,216" step="2"/><W51/><G129/><T55/><D114/><AGARI ba="1,2" hai="29,30,46,48,54,56,60,67,87,89,93,112,113,114" machi="114" ten="40,12000,1" yaku="1,1,2,1,15,1,53,1" doraHai="115" doraHaiUra="57" who="2" fromWho="0" sc="214,-123,190,0,360,143,216,0" /><INIT seed="6,2,0,0,5,95" ten="91,190,503,216" oya="2" hai0="46,28,7,130,123,5,109,60,106,65,100,35,6" hai1="91,2,75,86,124,134,56,104,73,15,72,103,45" hai2="94,25,14,10,84,53,121,61,80,96,77,11,47" hai3="125,39,68,37,118,85,112,101,111,78,135,88,131"/><V18/><F121/><W87/><G68/><T27/><D109/><U70/><E2/><V19/><F25/><W83/><G39/><T34/><D123/><U26/><E70/><V22/><F19/><W119/><G37/><T23/><D130/><U127/><E15/><V82/><F82/><W17/><G17/><T32/><D46/><U71/><E71/><V93/><F93/><W120/><G112/><T126/><D126/><N who="1" m="48171" /><E26/><V20/><F11/><W128/><G125/><T52/><D106/><U97/><E56/><V110/><F110/><W57/><G57/><T105/><D105/><U98/><E45/><V113/><F113/><W49/><G49/><T108/><D108/><U132/><E98/><V89/><F61/><W69/><G69/><T1/><D100/><U76/><E76/><V55/><F47/><W63/><G63/><T21/><D65/><U50/><E50/><V51/><F51/><W24/><G24/><N who="0" m="16399" /><D52/><AGARI ba="2,0" hai="10,14,18,20,22,52,53,55,77,80,84,89,94,96" machi="52" ten="40,7700,0" yaku="8,1,52,1,54,1" doraHai="95" who="2" fromWho="0" sc="91,-83,190,0,503,83,216,0" /><INIT seed="6,3,0,5,2,83" ten="8,190,586,216" oya="2" hai0="80,78,4,76,122,15,61,104,77,108,49,41,93" hai1="13,38,109,113,124,32,48,90,28,39,29,54,46" hai2="84,55,96,8,50,30,107,40,5,88,20,92,126" hai3="116,3,59,133,51,68,123,36,114,79,82,60,7"/><V64/><F126/><W129/><G123/><T53/><D104/><U103/><E109/><V100/><F64/><W112/><G116/><T0/><D122/><U21/><E103/><V12/><F40/><W52/><G133/><T43/><D0/><U110/><E110/><V73/><F73/><W97/><G129/><T14/><D108/><U106/><E106/><V94/><F30/><W120/><G97/><T72/><D72/><U66/><E66/><V102/><F20/><W132/><G132/><T87/><D93/><U33/><E13/><V31/><F31/><W101/><G101/><T70/><D70/><U115/><E124/><V117/><F117/><W105/><G105/><T25/><D25/><N who="1" m="16431" /><E29/><V45/><F107/><W23/><G23/><T98/><D98/><U24/><E24/><V111/><F111/><W16/><G120/><T56/><D4/><U130/><E130/><V22/><F22/><W121/><G7/><T11/><D43/><U58/><E58/><V9/><F9/><W27/><G3/><T63/><D63/><U119/><E119/><V47/><F102/><W128/><G36/><T35/><D35/><N who="1" m="13387" /><E90/><V69/><F69/><W85/><G128/><T2/><D2/><U131/><E131/><V135/><F135/><W89/><G89/><T10/><D10/><U65/><E65/><V127/><F127/><W62/><G121/><T19/><D15/><U125/><E125/><V6/><F6/><W42/><G42/><T91/><D41/><U71/><E71/><V95/><F95/><W37/><G37/><T118/><D118/><U1/><E1/><RYUUKYOKU ba="3,0" sc="8,10,190,10,586,10,216,-30" hai0="11,14,19,49,53,56,61,76,77,78,80,87,91" hai1="38,39,46,48,54,113,115" hai2="5,8,12,45,47,50,55,84,88,92,94,96,100" /><INIT seed="6,4,0,2,2,13" ten="18,200,596,186" oya="2" hai0="98,40,109,68,15,26,47,33,125,3,85,104,31" hai1="19,115,82,0,2,9,45,133,93,121,116,97,92" hai2="90,91,94,29,60,54,106,24,123,52,69,17,118" hai3="55,135,64,130,67,56,117,127,83,28,21,35,86"/><V88/><F106/><W42/><G35/><T74/><D109/><U8/><E116/><V48/><F123/><W62/><G135/><T1/><D85/><U53/><E115/><V105/><F105/><W72/><G72/><T114/><D114/><U57/><E45/><V126/><F126/><W65/><G130/><T95/><D95/><U32/><E32/><V113/><F69/><W4/><G127/><T110/><D110/><U27/><E82/><V11/><F60/><W112/><G112/><T107/><D15/><U61/><E93/><V49/><F29/><W75/><G75/><T18/><D18/><U81/><E81/><V44/><F118/><W100/><G100/><T134/><D134/><U80/><E80/><V101/><F11/><W7/><G42/><T78/><D125/><U87/><E87/><N who="2" m="52511" /><F101/><W22/><G117/><T25/><D25/><U122/><E133/><V50/><F113/><W23/><G28/><T46/><D46/><U66/><E27/><V12/><F24/><W58/><REACH who="3" step="1"/><G56/><REACH who="3" ten="18,200,596,176" step="2"/><T36/><D68/><U51/><E122/><V120/><F120/><W20/><N who="3" m="5120" /><DORA hai="41" /><W73/><G73/><T38/><D38/><U37/><E37/><V99/><F44/><W76/><AGARI ba="4,1" hai="4,7,55,58,62,64,65,67,76,83,86" m="5120" machi="76" ten="50,8000,1" yaku="1,1,0,1,8,1,53,1" doraHai="13,41" doraHaiUra="129,77" who="3" fromWho="3" sc="18,-24,200,-24,596,-44,176,102" owari="-6,-51.0,176,-22.0,552,65.0,278,8.0" /></mjloggm>