<mjloggm ver="2.3"><GO type="41" lobby="0"/><UN n0="%E3%81%AD%E3%81%96%E3%81%8D" n1="%E2%93%9D%53%75%70%68%78" n2="%E5%A5%88%E7%BE%8E" n3="%E3%81%A6%E3%81%A5%E3%81%91" dan="13,18,15,15" rate="1822.69,2078.96,2052.93,1941.53" sx="M,M,F,M"/><TAIKYOKU oya="0"/><INIT seed="0,0,0,4,5,97" ten="250,250,250,250" oya="0" hai0="44,51,78,10,60,75,92,120,24,119,42,95,115" hai1="25,34,46,58,87,71,84,79,7,62,55,28,3" hai2="98,57,123,13,104,73,121,77,4,9,37,66,64" hai3="114,53,108,103,90,41,111,107,85,128,61,116,63"/><T67/><D119/><U29/><E29/><V117/><F37/><W12/><G114/><T89/><D120/><U49/><E71/><V106/><F117/><W16/><G41/><T88/><D75/><U72/><E7/><V129/><F129/><W18/><G128/><T35/><D78/><U134/><E3/><V131/><F131/><W118/><G53/><T81/><D115/><U30/><E134/><V40/><F40/><W6/><G6/><T27/><D35/><U105/><E105/><V127/><F127/><W68/><G68/><T109/><D109/><N who="3" m="42057" /><G118/><T112/><D112/><U32/><E72/><V8/><F73/><W38/><G38/><T26/><D10/><U124/><E79/><V20/><F77/><W74/><G74/><T86/><REACH who="0" step="1"/><D89/><REACH who="0" ten="240,250,250,250" step="2"/><U11/><E11/><V33/><F8/><N who="3" m="6151" /><G116/><T43/><D43/><U5/><E124/><V15/><F121/><W135/><G135/><T23/><D23/><U132/><E132/><V130/><F130/><W59/><G18/><T48/><D48/><U83/><E5/><V45/><F4/><W122/><G122/><T22/><D22/><U70/><E34/><V47/><F20/><W65/><G61/><T56/><AGARI ba="0,1" hai="24,26,27,42,44,51,56,60,67,81,86,88,92,95" machi="56" ten="30,11700,0" yaku="1,1,0,1,8,1,54,1,53,0" doraHai="97" doraHaiUra="100" who="0" fromWho="0" sc="240,127,250,-39,250,-39,250,-39" /><INIT seed="0,1,0,3,3,102" ten="367,211,211,211" oya="0" hai0="1,125,129,121,45,104,44,59,131,58,81,18,126" hai1="37,31,2,97,74,76,6,75,66,9,69,35,5" hai2="47,10,22,124,63,29,91,68,86,105,87,113,117" hai3="64,96,46,56,116,55,48,28,52,72,24,20,38"/><T39/><D121/><U109/><E6/><V65/><F113/><W122/><G122/><T40/><D104/><U70/><E109/><V85/><F117/><W118/><G38/><T88/><D1/><U53/><E53/><V127/><F10/><W41/><G72/><T108/><D108/><U27/><E97/><V21/><F91/><W128/><G128/><N who="0" m="49227" /><D18/><U112/><E112/><V115/><F115/><W78/><G78/><T62/><D81/><U133/><E133/><V106/><F47/><W25/><G64/><T57/><D88/><U67/><E76/><V89/><F89/><W134/><G134/><T111/><D111/><U83/><E83/><V120/><F120/><W132/><G132/><T49/><D62/><N who="1" m="40151" /><E37/><V26/><REACH who="2" step="1"/><F21/><REACH who="2" ten="367,211,201,211" step="2"/><W79/><G118/><T7/><D7/><U0/><E0/><V71/><F71/><W4/><G116/><T82/><D82/><U12/><E2/><V36/><F36/><W60/><G4/><T90/><D90/><U34/><E34/><V77/><F77/><W99/><G79/><T32/><D32/><U123/><E123/><V42/><F42/><AGARI ba="1,1" hai="39,40,42,44,45,49,57,58,59,125,126" m="49227" machi="42" ten="40,7700,0" yaku="19,1,34,2" doraHai="102" who="0" fromWho="2" sc="367,90,211,0,201,-80,211,0" /><INIT seed="0,2,0,2,2,42" ten="457,211,121,211" oya="0" hai0="79,35,75,57,38,68,33,69,113,95,115,97,51" hai1="104,50,118,28,7,18,96,2,59,64,19,8,130" hai2="37,126,29,135,70,123,82,72,132,112,62,83,65" hai3="117,61,127,6,26,108,119,25,27,45,9,84,13"/><T94/><D38/><U88/><E118/><V54/><F112/><W53/><G108/><T16/><D75/><U5/><E130/><V116/><F123/><W60/><G127/><T73/><D73/><U98/><E28/><V11/><F126/><W77/><G77/><T81/><D113/><U34/><E34/><V89/><F116/><W49/><G119/><T129/><D129/><U71/><E71/><V92/><F37/><W10/><G117/><T109/><D109/><U30/><E30/><V20/><F11/><W1/><REACH who="3" step="1"/><G84/><REACH who="3" ten="457,211,121,201" step="2"/><T31/><D79/><U4/><E2/><V76/><F76/><W102/><G102/><T80/><D115/><U48/><E98/><V41/><F72/><W90/><G90/><T23/><D97/><U44/><E88/><V36/><F89/><W86/><G86/><T101/><D101/><U128/><E128/><V52/><F82/><W125/><G125/><T40/><D81/><U67/><E96/><V91/><F83/><W55/><G55/><T106/><D80/><U0/><E0/><V21/><F91/><W3/><G3/><T66/><D106/><U111/><E104/><V22/><F92/><W100/><G100/><T24/><D95/><U120/><E111/><V134/><F29/><W39/><G39/><T114/><D94/><U78/><E78/><V99/><F99/><W107/><G107/><T121/><D31/><U122/><E122/><V56/><F70/><W110/><G110/><T85/><D69/><U14/><E120/><V74/><F74/><W87/><G87/><T47/><D68/><U105/><E105/><RYUUKYOKU ba="2,1" sc="457,-15,211,-15,121,15,201,15" hai2="20,21,22,36,41,52,54,56,62,65,132,134,135" hai3="1,6,9,10,13,25,26,27,45,49,53,60,61" /><INIT seed="1,3,1,3,4,6" ten="442,196,136,216" oya="1" hai0="77,49,38,43,117,71,20,105,12,97,121,75,132" hai1="125,76,101,13,124,128,51,93,91,89,70,64,33" hai2="42,28,127,8,108,39,57,102,56,82,98,74,26" hai3="35,94,14,88,109,23,106,60,103,104,115,59,50"/><U83/><E33/><V30/><F108/><W4/><G109/><T107/><D121/><U10/><E128/><V45/><F127/><N who="1" m="48713" /><E51/><V2/><F28/><W9/><G35/><T90/><D71/><U1/><E1/><V31/><F31/><W19/><G115/><T68/><D68/><U133/><E133/><V7/><F30/><W36/><G36/><T96/><D117/><U100/><E64/><V15/><F26/><W46/><G103/><N who="1" m="39498" /><E93/><N who="2" m="58703" /><F15/><W118/><G118/><T87/><D75/><N who="1" m="43423" /><E70/><V120/><F120/><W78/><G78/><AGARI ba="3,1" hai="2,7,8,39,42,45,56,57,74,78,82" m="58703" machi="78" ten="30,2000,0" yaku="25,1,52,1" doraHai="6" who="2" fromWho="3" sc="442,0,196,0,136,39,216,-29" /><INIT seed="2,0,0,3,1,101" ten="442,196,175,187" oya="2" hai0="14,114,47,16,13,81,17,56,104,127,4,9,107" hai1="7,33,18,52,99,29,12,25,30,110,6,44,69" hai2="85,120,49,97,43,86,38,118,96,24,131,48,35" hai3="119,126,67,37,133,121,82,109,135,73,39,68,74"/><V92/><F120/><W32/><G82/><T115/><D114/><U70/><E110/><V31/><F118/><W57/><G57/><T11/><D115/><U108/><E108/><V76/><F131/><W53/><G53/><T15/><D127/><U132/><E30/><V45/><F96/><W89/><G89/><T26/><D4/><U122/><E132/><V95/><F95/><W0/><G67/><T54/><D15/><U124/><E124/><V93/><F93/><W40/><G40/><T62/><D47/><U88/><E122/><V42/><F76/><W134/><G39/><T79/><D26/><U2/><E70/><V94/><F94/><W102/><G102/><T71/><D71/><U83/><E2/><V128/><F128/><W51/><G51/><T10/><D9/><N who="1" m="6415" /><E99/><V20/><F35/><W41/><G41/><T34/><D34/><U64/><E64/><V46/><REACH who="2" step="1"/><F38/><REACH who="2" ten="442,196,165,187" step="2"/><W130/><G134/><T117/><D117/><U84/><E69/><V59/><F59/><W28/><G135/><T65/><D65/><U87/><E87/><AGARI ba="0,1" hai="10,11,13,14,16,17,54,56,62,79,81,87,104,107" machi="87" ten="30,8000,1" yaku="7,1,9,1,52,2,54,1" doraHai="101" who="0" fromWho="1" sc="442,90,196,-80,165,0,187,0" /><INIT seed="3,0,0,4,2,23" ten="532,116,165,187" oya="3" hai0="52,89,57,94,15,113,5,68,61,54,62,31,28" hai1="91,116,49,63,29,134,37,98,71,35,42,75,33" hai2="47,79,40,14,84,81,90,26,0,41,123,55,56" hai3="19,1,114,44,22,80,126,109,112,119,135,122,4"/><W17/><G119/><T92/><D113/><U11/><E134/><V12/><F0/><W13/><G122/><T96/><D68/><U34/><E75/><V30/><F123/><W2/><G135/><T105/><D105/><U51/><E37/><V108/><F108/><W9/><G80/><T95/><D92/><U97/><E29/><V6/><F90/><W125/><G44/><T8/><D94/><U7/><E42/><V100/><F100/><W104/><G104/><T107/><D107/><U38/><E38/><V24/><F30/><W76/><G76/><T70/><D70/><U85/><E63/><N who="2" m="36255" /><F12/><W77/><G77/><T93/><D95/><U58/><E71/><V124/><F124/><N who="3" m="47723" /><G109/><T21/><D21/><U65/><E35/><V53/><F53/><W87/><G87/><T36/><D36/><U110/><E34/><V64/><F64/><W129/><G129/><T131/><D131/><U18/><E65/><V16/><F6/><W82/><G82/><T115/><D115/><N who="3" m="44073" /><G19/><T78/><D78/><U130/><E18/><V67/><F67/><W39/><G39/><T3/><D31/><U133/><E130/><V106/><F106/><W50/><G50/><T118/><D28/><U27/><E110/><V48/><F40/><W120/><G120/><T32/><D118/><U101/><E116/><V45/><F45/><W88/><G88/><T103/><D89/><U60/><E91/><V83/><F83/><W127/><N who="3" m="47731" /><W25/><AGARI ba="0,0" hai="1,2,4,9,13,17,22,25" m="44073,47731" machi="25" ten="50,12000,1" yaku="4,1,18,1,34,2,52,1" doraHai="23" who="3" fromWho="3" sc="532,-40,116,-40,165,-40,187,120" /><INIT seed="3,1,0,2,0,12" ten="492,76,125,307" oya="3" hai0="65,36,81,94,117,119,96,64,126,62,51,16,66" hai1="6,93,17,97,113,122,22,85,107,104,99,79,82" hai2="116,21,54,34,59,50,11,52,32,111,25,105,47" hai3="70,38,18,128,5,120,67,44,74,72,39,37,102"/><W118/><G118/><T31/><D36/><U123/><E6/><V30/><F116/><W9/><G120/><T0/><D0/><U15/><E113/><V33/><F105/><W132/><G132/><T61/><D126/><U114/><E114/><V27/><F11/><W26/><G128/><T45/><D117/><U56/><E107/><V98/><F98/><W134/><G134/><T84/><D119/><U28/><E28/><V14/><F14/><W7/><G44/><T48/><D51/><U83/><E99/><V115/><F115/><W3/><G5/><T4/><D4/><U77/><E104/><V125/><F125/><W108/><G102/><T63/><D31/><U68/><E68/><V73/><F73/><W24/><G108/><T112/><D16/><U10/><E56/><V133/><F111/><W88/><G88/><N who="0" m="51215" /><D64/><U2/><E2/><V19/><REACH who="2" step="1"/><F133/><REACH who="2" ten="492,76,115,307" step="2"/><W8/><G74/><T57/><D112/><U130/><E10/><V103/><F103/><W101/><G72/><T87/><D87/><U95/><E130/><V127/><F127/><W42/><G101/><N who="0" m="60567" /><D66/><U131/><E131/><V75/><F75/><W53/><G67/><T23/><D65/><U135/><E135/><V1/><F1/><W121/><G3/><T90/><D90/><U86/><REACH who="1" step="1"/><E95/><REACH who="1" ten="492,66,115,307" step="2"/><V69/><F69/><W41/><G70/><T60/><D57/><U91/><AGARI ba="1,2" hai="15,17,22,77,79,82,83,85,86,91,93,97,122,123" machi="91" ten="20,12000,2" yaku="1,1,2,1,0,1,7,1,9,1,52,1,53,1" doraHai="12" doraHaiUra="89" who="1" fromWho="1" sc="492,-31,66,143,115,-31,307,-61" /><INIT seed="4,0,0,2,4,113" ten="461,209,84,246" oya="0" hai0="13,34,125,16,56,105,134,21,77,121,131,59,69" hai1="92,55,98,38,70,62,44,18,118,95,61,72,132" hai2="52,19,22,133,0,78,39,37,111,57,135,74,33" hai3="116,11,79,80,2,42,123,25,60,30,36,5,93"/><T31/><D121/><U86/><E72/><V29/><F111/><W97/><G123/><T102/><D125/><U58/><E132/><N who="2" m="50763" /><F0/><W84/><G60/><T28/><D131/><U124/><E124/><V114/><F114/><W50/><G36/><T94/><D69/><U63/><E118/><V83/><F29/><W109/><G109/><T71/><D105/><U88/><E70/><V27/><F33/><W115/><G115/><T120/><D120/><U85/><E18/><V108/><F108/><W49/><G42/><T110/><D134/><U73/><E73/><V43/><F43/><W99/><G99/><T81/><D71/><U101/><E38/><V26/><F26/><W103/><G116/><T23/><D34/><AGARI ba="0,0" hai="2,5,11,25,30,34,49,50,79,80,84,93,97,103" machi="34" ten="30,1000,0" yaku="7,1" doraHai="113" who="3" fromWho="0" sc="461,-10,209,0,84,0,246,10" /><INIT seed="5,0,0,2,2,129" ten="451,209,84,256" oya="1" hai0="107,127,134,20,24,15,13,123,84,92,130,54,50" hai1="28,62,68,85,93,38,67,14,97,3,66,95,103" hai2="96,2,11,76,25,33,64,53,0,31,6,16,128" hai3="46,55,18,56,44,75,5,8,122,79,32,120,61"/><U9/><E38/><V125/><F128/><W121/><G32/><T89/><D123/><U72/><E72/><V77/><F125/><W87/><G18/><T42/><D42/><U82/><E3/><V69/><F0/><W105/><G105/><T117/><D107/><U1/><E1/><V98/><F53/><W40/><G75/><T111/><D117/><U39/><E39/><V71/><F76/><W60/><G60/><T23/><D111/><U57/><E28/><V41/><F41/><W45/><G79/><T21/><D127/><U12/><E95/><V37/><F37/><W22/><G22/><T90/><D24/><U104/><E104/><V119/><F119/><W74/><G74/><T49/><D50/><U26/><E26/><V112/><F77/><W59/><G87/><N who="0" m="52287" /><D134/><U133/><E133/><V58/><F58/><W81/><G81/><N who="0" m="49423" /><D130/><U118/><E118/><V135/><F112/><W35/><G35/><T36/><D36/><U63/><REACH who="1" step="1"/><E9/><REACH who="1" ten="451,199,84,256" step="2"/><V27/><F135/><W108/><G121/><T99/><D99/><U91/><AGARI ba="0,1" hai="12,14,57,62,63,66,67,68,82,85,91,93,97,103" machi="91" ten="20,18000,2" yaku="1,1,2,1,0,1,7,1,53,2" doraHai="129" doraHaiUra="10" who="1" fromWho="1" sc="451,-60,199,190,84,-60,256,-60" /><INIT seed="5,1,0,4,4,126" ten="391,389,24,196" oya="1" hai0="127,8,37,83,61,112,98,130,123,124,47,96,133" hai1="7,93,32,95,107,129,59,50,35,34,68,69,80" hai2="128,84,63,118,11,25,42,74,94,88,85,131,110" hai3="26,53,45,76,113,44,13,31,102,115,14,81,111"/><U71/><E107/><V125/><F110/><W86/><G102/><T66/><D123/><U10/><E80/><V132/><F118/><W0/><G111/><T2/><D112/><N who="3" m="43081" /><G0/><T100/><D133/><U4/><E129/><N who="2" m="49739" /><F125/><N who="0" m="48202" /><D83/><U6/><E10/><V114/><F114/><W73/><G73/><T39/><D100/><U48/><REACH who="1" step="1"/><E59/><REACH who="1" ten="391,379,24,196" step="2"/><V33/><F11/><W40/><G53/><T23/><D8/><U116/><E116/><V60/><F132/><W92/><G92/><AGARI ba="1,1" hai="4,6,7,32,34,35,48,50,68,69,71,92,93,95" machi="92" ten="60,12000,1" yaku="1,1,29,2,28,2,53,0" doraHai="126" doraHaiUra="20" who="1" fromWho="3" sc="391,0,379,133,24,0,196,-123" /><INIT seed="5,2,0,2,5,97" ten="391,512,24,73" oya="1" hai0="80,112,81,20,72,96,135,40,101,49,94,36,52" hai1="82,18,34,48,131,121,22,103,4,51,29,63,56" hai2="23,39,60,32,45,35,115,102,50,46,105,98,61" hai3="120,74,134,65,59,95,21,15,85,26,86,92,73"/><U64/><E131/><V83/><F115/><W106/><G106/><T113/><D135/><U55/><E121/><V114/><F114/><N who="0" m="44138" /><D36/><U132/><E4/><V123/><F123/><W43/><G120/><T118/><D40/><U58/><E34/><V33/><F39/><W79/><G43/><T9/><D118/><U124/><E124/><V111/><F111/><W90/><G15/><T14/><D20/><U67/><E29/><V0/><F0/><W17/><G134/><T133/><D72/><U93/><E82/><V128/><F128/><W126/><G126/><T13/><D13/><U53/><E63/><V89/><F23/><W27/><G65/><T37/><D37/><U77/><E77/><V88/><F45/><W47/><G47/><N who="0" m="27711" /><D133/><U6/><E6/><AGARI ba="2,0" hai="6,9,14,80,81,94,96,101" m="27711,44138" machi="6" ten="30,3900,0" yaku="15,1,52,1,54,1" doraHai="97" who="0" fromWho="1" sc="391,45,512,-45,24,0,73,0" /><INIT seed="6,0,0,3,3,98" ten="436,467,24,73" oya="2" hai0="96,35,46,17,43,116,130,69,87,79,86,32,125" hai1="47,93,4,24,73,90,50,131,119,52,89,16,51" hai2="27,22,121,92,42,76,80,77,15,70,12,68,66" hai3="102,122,63,28,65,85,19,103,114,18,106,11,117"/><V33/><F121/><W36/><G117/><T55/><D116/><U128/><E119/><V7/><F33/><W83/><G36/><T26/><D69/><U38/><E73/><V30/><F42/><W39/><G39/><T126/><D96/><U133/><E133/><V9/><F76/><W20/><G122/><T88/><D79/><U110/><E110/><V132/><F132/><W81/><G114/><T62/><D130/><N who="1" m="49707" /><E4/><V13/><F92/><W135/><G135/><T1/><D1/><U95/><E51/><V6/><F66/><W59/><G11/><T14/><D62/><U108/><E108/><V84/><REACH who="2" step="1"/><F6/><REACH who="2" ten="436,467,14,73" step="2"/><W120/><G120/><T2/><D35/><U56/><E95/><V23/><F23/><W74/><G106/><T5/><D32/><U10/><E93/><V40/><F40/><W53/><G65/><T124/><D5/><U61/><E90/><V48/><F48/><W115/><G74/><T99/><D55/><U25/><E89/><V31/><F31/><W57/><G28/><T21/><D21/><U127/><E38/><V3/><AGARI ba="0,1" hai="3,7,9,12,13,15,22,27,30,68,70,77,80,84" machi="3" ten="30,3000,0" yaku="1,1,0,1,53,0" doraHai="98" doraHaiUra="113" who="2" fromWho="2" sc="436,-10,467,-10,14,40,73,-10" /><INIT seed="6,1,0,2,1,105" ten="426,457,54,63" oya="2" hai0="126,26,36,21,74,82,12,38,30,50,17,92,123" hai1="98,7,103,62,90,87,48,114,72,4,110,47,2" hai2="107,121,134,67,111,10,54,95,119,43,20,78,97" hai3="130,51,135,125,28,44,16,69,49,68,45,35,83"/><V132/><F119/><W41/><G130/><T129/><D123/><U115/><E72/><V39/><F121/><W37/><G28/><T18/><D126/><U61/><E110/><V25/><F111/><W53/><G35/><T89/><D129/><U46/><E2/><V14/><F107/><W59/><G83/><T34/><D18/><U109/><E109/><V3/><F3/><W9/><G125/><T42/><D42/><U71/><E71/><V40/><F67/><W64/><G135/><N who="2" m="51753" /><F54/><N who="3" m="29991" /><G16/><T81/><D82/><U63/><E7/><N who="2" m="3423" /><F78/><W102/><G102/><T73/><D81/><N who="1" m="49519" /><E4/><V66/><F66/><W8/><G8/><T80/><D80/><U86/><E103/><N who="2" m="60863" /><F39/><W24/><G9/><T94/><D38/><U100/><E100/><V112/><F112/><W60/><G24/><T116/><D36/><U113/><E113/><V23/><F23/><W32/><G32/><T22/><D34/><U104/><E115/><V99/><F99/><W88/><G88/><T57/><D116/><U91/><E114/><V5/><F5/><W93/><G93/><T6/><D94/><N who="1" m="54647" /><E104/><V84/><F84/><W56/><AGARI ba="1,0" hai="37,41,45,51,53,56,59,60,64,68,69" m="29991" machi="56" ten="30,8000,1" yaku="35,5" doraHai="105" who="3" fromWho="3" sc="426,-21,457,-21,54,-41,63,83" /><INIT seed="7,0,0,2,5,134" ten="405,436,13,146" oya="3" hai0="37,87,102,24,23,101,91,8,69,92,12,128,105" hai1="124,11,116,9,66,6,74,33,73,127,14,88,13" hai2="72,63,40,81,32,17,64,54,70,100,36,114,60" hai3="38,79,111,71,19,10,86,18,89,51,109,110,26"/><W122/><G122/><T126/><D37/><U83/><E33/><V80/><F114/><W121/><G121/><T103/><D69/><U43/><E116/><V82/><F32/><W16/><G38/><T75/><D75/><U94/><E43/><V53/><F100/><W21/><G71/><T44/><D128/><U108/><E108/><V41/><F36/><W77/><G10/><T67/><D105/><U85/><E66/><V68/><F80/><W104/><G51/><T7/><D126/><N who="1" m="48171" /><E94/><V117/><F64/><W95/><REACH who="3" step="1"/><G104/><REACH who="3" ten="405,436,13,136" step="2"/><T29/><D67/><U125/><E125/><V62/><F117/><W25/><G25/><T50/><D50/><U107/><E107/><V131/><F131/><W20/><G20/><T129/><D129/><U123/><E123/><V113/><F113/><W106/><G106/><T61/><D61/><U48/><E48/><V84/><F72/><W90/><G90/><T78/><D78/><AGARI ba="0,1" hai="16,18,19,21,26,77,78,79,86,89,95,109,110,111" machi="78" ten="40,7700,0" yaku="1,1,10,1,54,1,53,0" doraHai="134" doraHaiUra="5" who="3" fromWho="0" sc="405,-77,436,0,13,0,136,87" /><INIT seed="7,1,0,1,3,102" ten="328,436,13,223" oya="3" hai0="37,73,85,43,107,92,19,83,126,82,91,0,8" hai1="15,30,104,25,67,5,89,14,114,4,76,87,62" hai2="100,35,24,32,44,94,61,113,26,130,84,116,99" hai3="16,47,63,105,96,70,59,101,121,7,71,13,75"/><W97/><G121/><T45/><D126/><U98/><E114/><V55/><F116/><W17/><G75/><T66/><D66/><U88/><E104/><V125/><F113/><W112/><G112/><T23/><D107/><U123/><E98/><V10/><F125/><W131/><G131/><T50/><D83/><U3/><E3/><V64/><F130/><W21/><G47/><T6/><D50/><U72/><E89/><N who="2" m="53543" /><F10/><W57/><G7/><T42/><D42/><U53/><E25/><V119/><F119/><W38/><G38/><T135/><D135/><U110/><E30/><V65/><F44/><W46/><G46/><T109/><D109/><U115/><E62/><V127/><F127/><W58/><G63/><T93/><REACH who="0" step="1"/><D73/><REACH who="0" ten="318,436,13,223" step="2"/><U122/><E110/><V60/><F55/><W69/><REACH who="3" step="1"/><G96/><REACH who="3" ten="318,436,13,213" step="2"/><T20/><D20/><U78/><E115/><V118/><F118/><W22/><G22/><T90/><D90/><U77/><E72/><V34/><F60/><W40/><G40/><T74/><D74/><U95/><E123/><V128/><F128/><W79/><G79/><T48/><D48/><U18/><E78/><V111/><F111/><W117/><G117/><T27/><AGARI ba="1,2" hai="0,6,8,19,23,27,37,43,45,82,85,91,92,93" machi="27" ten="20,2700,0" yaku="1,1,0,1,7,1,53,0" doraHai="102" doraHaiUra="133" who="0" fromWho="0" sc="318,50,436,-8,13,-8,213,-14" owari="368,17.0,428,52.0,5,-49.0,199,-20.0" /></mjloggm>