<mjloggm ver="2.3"><GO type="41" lobby="0"/><UN n0="%2D%E3%83%A9%E3%83%95%E3%82%A1%E3%82%A8%E3%83%AB%2D" n1="%E3%81%BE%E3%81%95%E3%81%A3%E3%81%A1%E3%82%83%E3%82%93" n2="%E3%83%89%E3%83%83%E3%82%B0%E3%83%95%E3%82%A1%E3%82%A4%E3%83%88" n3="%E2%93%9D%53%75%70%68%78" dan="14,15,15,18" rate="1977.00,1998.81,1905.98,2071.02" sx="M,M,M,M"/><TAIKYOKU oya="0"/><INIT seed="0,0,0,1,0,50" ten="250,250,250,250" oya="0" hai0="25,39,87,33,75,32,96,89,30,70,94,49,21" hai1="66,31,56,61,28,83,3,38,76,67,13,118,15" hai2="101,53,43,57,116,106,48,5,104,37,129,41,99" hai3="22,77,63,108,58,46,85,23,8,135,1,9,60"/><T80/><D39/><U110/><E118/><V120/><F120/><W113/><G108/><T20/><D75/><U29/><E3/><V125/><F116/><W55/><G113/><T64/><D49/><U65/><E38/><V130/><F125/><W115/><G135/><T52/><D64/><U111/><E83/><V121/><F121/><W112/><G1/><T109/><D70/><U12/><REACH who="1" step="1"/><E76/><REACH who="1" ten="250,240,250,250" step="2"/><V92/><F37/><W42/><G115/><T34/><D109/><AGARI ba="0,1" hai="12,13,15,28,29,31,56,61,65,66,67,109,110,111" machi="109" ten="50,6400,0" yaku="1,1,2,1,14,1,53,0" doraHai="50" doraHaiUra="133" who="1" fromWho="0" sc="250,-64,240,74,250,0,250,0" /><INIT seed="1,0,0,0,4,95" ten="186,314,250,250" oya="1" hai0="100,122,22,63,126,88,31,53,87,45,105,29,104" hai1="123,131,114,50,77,80,16,117,9,64,40,134,73" hai2="41,107,129,5,25,82,58,14,34,28,119,37,66" hai3="69,46,101,92,61,118,8,42,1,90,74,10,59"/><U21/><E123/><V99/><F119/><W4/><G118/><T71/><D122/><U120/><E120/><V106/><F129/><W0/><G69/><T116/><D116/><U91/><E117/><V49/><F37/><W98/><G74/><T15/><D126/><U85/><E114/><V76/><F66/><W26/><G26/><T135/><D135/><U11/><E131/><V35/><F35/><W17/><G17/><T20/><D71/><U112/><E134/><V115/><F115/><W33/><G33/><T60/><D60/><U57/><E112/><V56/><F107/><W84/><G10/><T44/><D44/><U132/><E132/><V55/><F41/><W72/><G72/><T78/><D78/><U12/><E64/><V83/><F58/><W94/><G1/><T3/><D3/><U38/><E38/><V108/><F108/><W2/><G2/><T47/><D47/><U30/><E30/><V52/><F55/><W130/><G130/><T109/><D109/><U27/><E27/><V113/><F113/><W111/><G111/><T23/><D15/><U96/><E40/><V65/><F65/><W102/><G59/><T70/><D70/><U75/><E75/><V32/><F32/><W103/><REACH who="3" step="1"/><G61/><REACH who="3" ten="186,314,250,240" step="2"/><T89/><D63/><U124/><E124/><V39/><F39/><AGARI ba="0,1" hai="0,4,8,39,42,46,84,90,92,94,98,101,102,103" machi="39" ten="30,8000,1" yaku="1,1,2,1,7,1,52,1,53,1" doraHai="95" doraHaiUra="81" who="3" fromWho="2" sc="186,0,314,0,250,-80,240,90" /><INIT seed="2,0,0,4,1,84" ten="186,314,170,330" oya="2" hai0="28,36,103,111,115,47,54,58,69,7,38,43,132" hai1="106,100,56,91,113,16,116,68,39,3,44,129,97" hai2="35,87,72,99,70,108,14,135,21,121,30,2,23" hai3="127,1,88,130,17,122,96,45,11,86,31,112,85"/><V117/><F70/><W125/><G122/><T53/><D115/><U59/><E113/><V93/><F72/><W19/><G112/><T32/><D111/><U128/><E116/><V64/><F117/><W10/><G31/><T119/><D132/><U61/><E3/><V74/><F74/><W48/><G96/><T29/><D69/><U90/><E68/><V13/><F2/><W133/><G86/><T51/><D119/><U5/><E5/><V4/><F108/><W65/><G65/><T6/><D36/><U105/><E105/><V101/><F135/><W79/><G79/><T114/><D114/><U71/><E71/><V110/><F110/><W77/><G77/><T63/><D103/><U55/><E59/><V26/><F121/><W134/><G130/><N who="1" m="50282" /><E39/><V27/><F64/><W40/><G134/><T104/><D104/><U24/><E44/><V92/><F35/><W89/><G133/><T75/><D32/><U76/><E76/><V41/><F41/><W9/><G1/><T37/><D37/><U123/><E123/><V80/><F93/><N who="3" m="54415" /><G89/><T73/><D73/><U126/><E126/><AGARI ba="0,0" hai="9,10,11,17,19,40,45,48,125,126,127" m="54415" machi="126" ten="30,3900,0" yaku="18,1,52,1,54,1" doraHai="84" who="3" fromWho="1" sc="186,0,314,-39,170,0,330,39" /><INIT seed="3,0,0,3,0,134" ten="186,275,170,369" oya="3" hai0="118,68,32,126,94,76,67,18,36,97,119,81,23" hai1="24,26,52,42,121,21,44,80,60,25,77,130,103" hai2="2,66,82,48,50,39,9,84,87,73,4,114,45" hai3="5,22,75,115,29,27,113,86,95,20,13,14,127"/><W49/><G75/><T15/><D36/><U89/><E121/><V125/><F114/><W3/><G49/><T98/><D32/><U102/><E130/><V78/><F125/><W46/><G95/><T135/><D135/><U16/><E89/><V62/><F50/><W96/><G96/><T110/><D110/><U74/><E42/><N who="2" m="22751" /><F48/><W10/><G86/><T38/><D38/><U131/><E131/><V101/><F101/><W59/><G59/><AGARI ba="0,0" hai="2,4,9,59,62,66,73,78,82,84,87" m="22751" machi="59" ten="30,1000,0" yaku="25,1" doraHai="134" who="2" fromWho="3" sc="186,0,275,0,170,10,369,-10" /><INIT seed="4,0,0,5,0,84" ten="186,275,180,359" oya="0" hai0="30,2,67,89,88,8,37,22,53,130,26,28,98" hai1="99,36,86,94,69,116,105,6,39,34,73,52,131" hai2="124,47,49,62,25,46,119,133,57,66,126,120,108" hai3="24,117,132,101,50,42,63,60,85,9,72,12,33"/><T81/><D37/><U43/><E116/><V13/><F119/><W80/><G72/><T64/><D130/><U129/><E34/><V92/><F108/><W128/><G132/><T19/><D2/><U38/><E69/><V103/><F133/><W3/><G3/><T90/><D81/><U78/><E6/><V100/><F120/><W58/><G101/><T45/><D98/><U20/><E20/><V83/><F103/><W1/><G1/><T79/><D79/><U104/><E43/><V110/><F110/><W114/><G114/><T87/><D87/><U82/><E52/><V11/><F83/><W111/><G33/><T118/><D118/><U134/><E134/><V68/><F25/><W102/><G24/><T56/><D45/><U59/><E59/><V29/><F29/><N who="0" m="11370" /><D8/><U97/><E97/><V27/><F27/><W0/><G0/><T96/><D96/><U70/><E70/><V107/><F107/><W61/><G128/><N who="1" m="49226" /><E73/><V91/><F100/><AGARI ba="0,0" hai="36,38,39,78,82,86,94,99,100,104,105" m="49226" machi="100" ten="40,1300,0" yaku="19,1" doraHai="84" who="1" fromWho="2" sc="186,0,275,13,180,-13,359,0" /><INIT seed="5,0,0,4,0,90" ten="186,288,167,359" oya="1" hai0="34,9,29,68,84,104,19,61,114,128,103,130,14" hai1="65,46,109,134,80,91,20,25,53,15,101,63,73" hai2="113,12,52,37,75,48,3,7,102,119,40,33,10" hai3="30,99,132,107,79,122,82,89,118,94,67,23,125"/><U35/><E134/><V4/><F119/><W72/><G122/><T123/><D114/><U59/><E109/><V31/><F75/><W74/><G67/><N who="0" m="41071" /><D123/><U88/><E101/><V108/><F108/><W120/><G125/><T117/><D84/><U6/><E35/><V86/><F113/><W44/><G44/><T112/><D112/><U76/><E46/><V115/><F115/><W50/><G50/><T85/><D85/><U22/><E65/><V8/><F37/><W71/><G71/><T93/><D117/><U43/><E43/><V111/><F40/><W5/><G5/><T41/><D41/><U62/><E62/><V55/><F111/><W54/><G132/><T133/><D133/><U77/><E77/><V11/><F102/><W126/><G126/><T42/><D42/><U49/><E63/><V60/><F60/><W17/><G120/><T2/><D2/><U92/><E25/><N who="2" m="18671" /><F86/><W127/><G74/><T116/><D116/><U47/><E47/><V26/><F55/><W135/><G54/><T106/><D29/><U124/><E124/><V38/><F52/><W70/><G70/><T121/><D34/><U16/><E6/><N who="2" m="1119" /><F48/><W81/><G135/><T69/><D69/><U0/><E0/><N who="2" m="263" /><F38/><W131/><G127/><T98/><D121/><U105/><E105/><V129/><F129/><W13/><G131/><T100/><D100/><U78/><E78/><V57/><F57/><W56/><G118/><T58/><D58/><U87/><E91/><V66/><F66/><W24/><G56/><T110/><D110/><U83/><E83/><V95/><F95/><RYUUKYOKU ba="0,0" sc="186,10,288,10,167,10,359,-30" hai0="9,14,19,93,98,103,104,106,128,130" hai1="15,16,20,22,49,53,59,73,76,80,87,88,92" hai2="7,11,12,26" /><INIT seed="5,1,0,4,1,15" ten="196,298,177,329" oya="1" hai0="86,31,74,49,83,124,91,27,59,6,25,116,75" hai1="84,21,46,64,87,123,0,69,98,117,100,102,45" hai2="126,121,109,51,19,118,134,114,70,48,72,67,3" hai3="94,89,62,128,38,12,17,82,16,133,99,80,55"/><U58/><E123/><V107/><F19/><N who="3" m="7243" /><G38/><T23/><D116/><U85/><E117/><V78/><F78/><W26/><G128/><T8/><D25/><U71/><E0/><V9/><F9/><W44/><G133/><T73/><D124/><U68/><E21/><V10/><F10/><W61/><G26/><T2/><D49/><U57/><E64/><V110/><F67/><W132/><G132/><T63/><REACH who="0" step="1"/><D74/><REACH who="0" ten="186,298,177,329" step="2"/><U135/><E135/><V37/><F51/><N who="3" m="29159" /><G12/><T43/><D43/><U76/><E76/><V101/><F48/><W41/><G41/><T52/><AGARI ba="1,1" hai="2,6,8,23,27,31,52,59,63,73,75,83,86,91" machi="52" ten="20,5200,0" yaku="1,1,0,1,7,1,54,1,53,0" doraHai="15" doraHaiUra="115" who="0" fromWho="0" sc="186,65,298,-27,177,-14,329,-14" /><INIT seed="6,0,0,0,3,123" ten="251,271,163,315" oya="2" hai0="34,29,56,108,127,10,115,81,61,103,20,70,89" hai1="14,52,132,54,38,92,107,12,75,117,129,45,101" hai2="96,131,36,2,113,43,41,9,18,126,21,112,122" hai3="114,133,78,63,68,105,124,37,48,106,69,102,0"/><V4/><F122/><W82/><G48/><T72/><D108/><U22/><E117/><V7/><F126/><W46/><G133/><T64/><D115/><N who="2" m="44106" /><F36/><W100/><G100/><T58/><D34/><U19/><E132/><V47/><F47/><W51/><G0/><T39/><D39/><U15/><E129/><V84/><F84/><W42/><G51/><T66/><D127/><U25/><E75/><V90/><F90/><W55/><G102/><T109/><D103/><U23/><E107/><V95/><F95/><W94/><G94/><T50/><D72/><U71/><E71/><V28/><F96/><W59/><G124/><T135/><D89/><U27/><E38/><V118/><F43/><W11/><G114/><T35/><D81/><U120/><E45/><V110/><F41/><W91/><G91/><T111/><D135/><U116/><E116/><V73/><F73/><W87/><G106/><T13/><D111/><U125/><E125/><V57/><F57/><W99/><G99/><T26/><D56/><U134/><E134/><V130/><F118/><W33/><G105/><T60/><D58/><U85/><E120/><V8/><F28/><W93/><G93/><T77/><D29/><N who="1" m="17591" /><E85/><V1/><F110/><W128/><G69/><T88/><D70/><U67/><E67/><V62/><F62/><W49/><G68/><T65/><D61/><U53/><E92/><V80/><F80/><W3/><G63/><T31/><D60/><U104/><E104/><V16/><F21/><W6/><G33/><N who="0" m="20727" /><D109/><U83/><E101/><V17/><AGARI ba="0,0" hai="1,2,4,7,8,9,16,17,18,130,131" m="44106" machi="17" ten="40,12000,1" yaku="15,1,34,2,54,1" doraHai="123" who="2" fromWho="2" sc="251,-40,271,-40,163,120,315,-40" /><INIT seed="6,1,0,2,1,133" ten="211,231,283,275" oya="2" hai0="15,114,131,38,128,54,33,48,5,110,18,30,122" hai1="26,41,29,83,96,16,72,44,113,36,115,7,21" hai2="119,132,75,55,109,95,60,135,1,94,93,24,117" hai3="82,98,63,66,12,124,34,105,57,53,71,69,23"/><V108/><F1/><W129/><G34/><T22/><D38/><U37/><E37/><V39/><F39/><W40/><G129/><N who="0" m="49739" /><D110/><N who="2" m="42602" /><F24/><W8/><G40/><T10/><D122/><U79/><E96/><V11/><F11/><W4/><G82/><T46/><D114/><U64/><E64/><V74/><F55/><W50/><G23/><T61/><D61/><U2/><REACH who="1" step="1"/><E29/><REACH who="1" ten="211,221,283,275" step="2"/><V86/><F60/><W0/><G63/><T68/><D30/><U107/><E107/><V116/><F86/><W56/><G105/><T118/><D118/><U42/><E42/><V91/><F91/><W19/><G66/><T120/><D120/><U85/><E85/><V80/><F80/><W101/><G98/><T43/><D43/><U32/><E32/><V47/><F47/><W77/><G53/><T78/><D33/><U100/><E100/><V106/><F106/><W99/><G101/><T76/><D68/><U121/><E121/><V65/><F65/><W102/><G102/><T87/><D87/><U127/><E127/><V88/><F88/><W31/><G124/><T58/><D46/><U134/><E134/><AGARI ba="1,1" hai="74,75,93,94,95,116,117,119,132,134,135" m="42602" machi="134" ten="40,18000,2" yaku="28,2,20,1,10,1,34,2" doraHai="133" who="2" fromWho="1" sc="211,0,221,-183,283,193,275,0" /><INIT seed="6,2,0,5,0,58" ten="211,38,476,275" oya="2" hai0="5,56,77,8,29,71,39,4,95,45,50,111,123" hai1="52,9,1,78,93,83,80,132,92,42,100,31,84" hai2="67,75,61,54,129,48,53,68,105,87,101,69,116" hai3="134,112,37,7,59,82,74,88,133,125,22,131,27"/><V121/><F75/><W126/><G37/><T70/><D111/><U57/><E132/><N who="3" m="50794" /><G7/><T130/><D123/><U86/><E31/><V79/><F121/><W120/><G120/><T2/><D130/><U128/><E128/><V122/><F129/><W72/><G112/><T17/><D77/><U12/><E1/><V94/><F122/><W51/><G59/><T30/><D39/><U46/><E100/><V89/><F116/><W38/><G51/><T19/><D4/><U13/><E42/><V41/><F41/><W107/><G107/><T64/><D56/><U23/><E46/><V124/><F124/><N who="3" m="47723" /><G38/><T90/><D5/><U0/><E0/><V6/><F6/><W14/><G14/><T36/><D36/><U63/><E23/><V16/><F69/><W113/><G113/><T127/><D71/><U114/><E114/><V60/><F105/><W15/><G15/><N who="1" m="5706" /><E9/><V97/><F79/><AGARI ba="2,0" hai="52,57,63,78,79,80,83,84,86,92,93" m="5706" machi="79" ten="30,3900,0" yaku="8,1,52,1,54,1" doraHai="58" who="1" fromWho="2" sc="211,0,38,45,476,-45,275,0" /><INIT seed="7,0,0,3,0,119" ten="211,83,431,275" oya="3" hai0="6,130,72,20,77,124,47,34,80,108,9,23,81" hai1="99,101,106,27,131,11,53,25,121,13,33,134,57" hai2="16,29,111,62,14,129,18,36,132,98,17,45,84" hai3="39,133,93,88,117,126,52,69,55,89,109,32,49"/><W48/><G117/><T64/><D108/><U40/><E131/><V122/><F111/><W128/><G109/><T54/><D124/><U21/><E134/><V51/><F122/><W61/><G39/><T135/><D34/><U74/><E74/><V73/><F73/><W30/><G126/><T123/><D123/><U58/><E40/><V43/><F129/><W67/><G128/><T87/><D64/><U113/><E113/><V2/><F2/><W60/><G133/><T102/><D102/><U28/><E53/><V0/><F0/><W112/><G112/><T8/><D8/><U76/><E76/><V82/><F132/><W12/><G12/><T46/><D130/><U4/><REACH who="1" step="1"/><E121/><REACH who="1" ten="211,73,431,275" step="2"/><V110/><F110/><W71/><G55/><T85/><D72/><U59/><E59/><V96/><F36/><W120/><G52/><T114/><D77/><U100/><E100/><V38/><F38/><W35/><G120/><T116/><D114/><U86/><E86/><V63/><F98/><W19/><G71/><T3/><D87/><U83/><E83/><V22/><F96/><W15/><G69/><T31/><D85/><U90/><E90/><V75/><F75/><W10/><G89/><T70/><D81/><U50/><E50/><V103/><F103/><W78/><G49/><T97/><D80/><U1/><E1/><V24/><F14/><W79/><G79/><AGARI ba="0,1" hai="16,17,18,22,24,29,43,45,51,62,63,79,82,84" machi="79" ten="40,2600,0" yaku="8,1,54,1" doraHai="119" who="2" fromWho="3" sc="211,0,73,0,431,36,275,-26" owari="211,-19.0,73,-43.0,467,57.0,249,5.0" /></mjloggm>