<mjloggm ver="2.3"><GO type="41" lobby="0"/><UN n0="%5A%45%4E%5A%45%4E" n1="%68%61%75%68%61%75" n2="%43%4F%4E%41%4E%32%6E%64" n3="%E2%93%9D%53%75%70%68%78" dan="14,15,13,18" rate="1963.52,1984.78,1923.27,2165.63" sx="M,M,M,M"/><TAIKYOKU oya="0"/><INIT seed="0,0,0,3,4,65" ten="250,250,250,250" oya="0" hai0="85,64,31,53,72,67,43,10,95,21,70,94,20" hai1="78,104,69,2,108,101,55,99,113,73,114,110,118" hai2="102,62,80,109,34,92,63,76,68,57,47,16,22" hai3="128,71,38,27,130,135,77,82,30,120,0,100,19"/><T86/><D72/><U98/><E55/><V56/><F34/><W39/><G19/><T1/><D43/><U45/><E45/><V42/><F109/><N who="1" m="42089" /><E2/><V11/><F11/><W3/><G135/><T23/><D31/><U131/><E131/><N who="3" m="50218" /><G100/><T51/><D1/><N who="3" m="585" /><G71/><T88/><D10/><U87/><E118/><V124/><F124/><W33/><G120/><T89/><REACH who="0" step="1"/><D70/><REACH who="0" ten="240,250,250,250" step="2"/><U40/><E69/><V105/><F68/><W58/><G58/><AGARI ba="0,1" hai="20,21,23,51,53,58,64,67,85,86,88,89,94,95" machi="58" ten="40,12000,1" yaku="1,1,2,1,9,1,8,1,54,1,53,0" doraHai="65" doraHaiUra="37" who="0" fromWho="3" sc="240,130,250,0,250,0,250,-120" /><INIT seed="0,1,0,2,5,41" ten="370,250,250,130" oya="0" hai0="57,0,32,96,63,122,113,68,99,71,50,118,117" hai1="108,62,97,84,27,48,77,47,88,100,119,103,123" hai2="8,128,17,87,22,5,101,14,25,23,83,130,78" hai3="2,45,31,98,58,10,80,82,110,92,26,6,124"/><T53/><D122/><U81/><E119/><V104/><REACH who="2" step="1"/><F22/><REACH who="2" ten="370,250,240,130" step="2"/><W1/><G124/><T13/><D32/><U85/><E123/><V105/><F105/><W60/><G110/><T65/><D0/><U74/><E108/><V112/><F112/><W30/><G2/><T94/><D113/><U121/><E121/><V72/><F72/><W54/><G31/><T135/><D118/><U114/><E114/><V116/><F116/><W56/><G56/><T51/><D117/><U4/><E74/><V66/><F66/><W35/><REACH who="3" step="1"/><G45/><REACH who="3" ten="370,250,240,120" step="2"/><T55/><D71/><U106/><E47/><V21/><F21/><W28/><G28/><T37/><D68/><U24/><E106/><V131/><F131/><W16/><G16/><T19/><D57/><U12/><E4/><V86/><F86/><W36/><G36/><T11/><D37/><U49/><E85/><V109/><F109/><W73/><G73/><T9/><D19/><U52/><E84/><V120/><F120/><W64/><G64/><T76/><D65/><U20/><E97/><AGARI ba="1,2" hai="5,8,14,17,23,25,78,83,87,97,101,104,128,130" machi="97" ten="40,2600,0" yaku="21,2,53,0" doraHai="41" doraHaiUra="39" who="2" fromWho="1" sc="370,0,250,-29,240,49,120,0" /><INIT seed="1,0,0,2,4,18" ten="370,221,289,120" oya="1" hai0="90,7,119,24,21,88,98,45,4,83,121,39,122" hai1="12,113,58,68,48,33,79,10,40,125,38,59,111" hai2="62,78,76,135,107,106,82,50,112,13,105,8,42" hai3="126,28,67,97,127,75,31,66,104,53,22,17,37"/><U61/><E113/><V14/><F135/><W60/><G75/><T30/><D119/><U110/><E33/><V118/><F118/><W89/><G37/><T51/><D39/><U1/><E1/><V99/><F112/><W65/><G104/><T74/><D74/><U116/><E116/><V29/><F29/><W124/><G97/><T3/><D3/><U91/><E125/><V0/><F0/><W52/><G89/><N who="0" m="34411" /><D83/><U87/><E79/><V71/><F99/><W109/><G109/><N who="1" m="41482" /><E68/><V81/><F71/><W44/><G60/><T57/><D98/><U114/><E114/><V92/><F92/><W96/><G96/><T80/><D80/><N who="1" m="49639" /><E38/><V19/><F62/><W131/><G131/><T70/><D70/><U9/><E12/><V41/><F14/><W133/><G133/><T129/><D129/><U35/><E35/><V93/><F93/><W46/><G46/><T123/><D57/><N who="1" m="21515" /><E61/><V63/><F63/><W36/><G36/><T102/><D102/><U101/><E101/><V86/><REACH who="2" step="1"/><F50/><REACH who="2" ten="370,221,279,120" step="2"/><N who="3" m="28743" /><G53/><AGARI ba="0,1" hai="4,7,21,24,30,45,51,53,121,122,123" m="34411" machi="53" ten="30,3900,0" yaku="13,1,52,1,54,1" doraHai="18" who="0" fromWho="3" sc="370,49,221,0,279,0,120,-39" /><INIT seed="2,0,0,5,3,95" ten="419,221,279,81" oya="2" hai0="45,85,134,123,63,88,124,91,125,113,72,17,94" hai1="99,96,112,24,126,49,68,29,84,42,89,56,13" hai2="122,80,79,135,16,107,128,108,81,75,57,83,21" hai3="97,51,87,61,77,35,132,78,55,7,131,90,109"/><V127/><F122/><W19/><G35/><T118/><D123/><U82/><E112/><V9/><F127/><N who="0" m="48714" /><D72/><U46/><E126/><V34/><F34/><W64/><G7/><T71/><D113/><U43/><E68/><V36/><F36/><W59/><G109/><T25/><D45/><U22/><E56/><V101/><F128/><W12/><G132/><T117/><D134/><U47/><REACH who="1" step="1"/><E13/><REACH who="1" ten="419,211,279,81" step="2"/><V111/><F135/><W114/><G131/><T92/><D71/><U40/><E40/><V66/><F75/><W31/><G114/><T15/><D63/><U74/><E74/><V14/><F79/><W129/><G129/><T119/><D25/><U133/><E133/><V27/><F108/><W104/><G78/><T130/><D130/><U3/><E3/><V106/><F111/><W115/><G77/><T38/><D38/><AGARI ba="0,1" hai="22,24,29,38,42,43,46,47,49,82,84,89,96,99" machi="38" ten="30,7700,0" yaku="1,1,7,1,52,2,53,0" doraHai="95" doraHaiUra="8" who="1" fromWho="0" sc="419,-77,211,87,279,0,81,0" /><INIT seed="3,0,0,5,4,105" ten="342,298,279,81" oya="3" hai0="75,20,129,122,107,109,94,96,37,115,30,45,32" hai1="102,134,40,66,35,71,44,9,91,77,31,81,21" hai2="24,131,56,86,27,12,83,117,135,8,15,5,6" hai3="0,98,106,133,72,124,65,34,50,19,18,70,17"/><W2/><G124/><T41/><D122/><U123/><E123/><V36/><F36/><W55/><G133/><T113/><D109/><U3/><E35/><V1/><F117/><W69/><G34/><T38/><D107/><U79/><E102/><V16/><F135/><W23/><G23/><T89/><D32/><U57/><E71/><V60/><F131/><W64/><G106/><T116/><D116/><U121/><E3/><V11/><F60/><W10/><G98/><T130/><D37/><U42/><E42/><V28/><F56/><W111/><G10/><T46/><D45/><U132/><E91/><V7/><F28/><W119/><G119/><T99/><D96/><U88/><E9/><V4/><REACH who="2" step="1"/><F1/><REACH who="2" ten="342,298,269,81" step="2"/><W52/><G50/><T61/><D61/><U93/><E57/><V108/><F108/><W25/><G111/><T26/><REACH who="0" step="1"/><D75/><REACH who="0" ten="332,298,269,81" step="2"/><U127/><E132/><V114/><F114/><AGARI ba="0,2" hai="20,26,30,38,41,46,89,94,99,113,114,115,129,130" machi="114" ten="40,5200,0" yaku="1,1,2,1,11,1,53,0" doraHai="105" doraHaiUra="73" who="0" fromWho="2" sc="332,72,298,0,269,-52,81,0" /><INIT seed="4,0,0,4,2,91" ten="404,298,217,81" oya="0" hai0="83,122,112,14,135,68,22,52,132,55,124,134,130" hai1="35,25,75,0,107,8,21,71,11,65,99,81,67" hai2="7,84,125,42,17,49,85,3,70,60,119,76,95" hai3="111,13,37,96,57,39,51,62,47,33,10,44,87"/><T59/><D124/><U92/><E107/><V9/><F125/><W110/><G33/><T48/><D130/><U72/><E35/><V102/><F119/><W100/><G87/><T77/><D112/><U2/><E71/><V63/><F17/><W41/><G13/><T4/><D122/><U30/><E2/><V113/><F113/><W105/><G10/><N who="0" m="4423" /><D68/><U127/><E127/><V34/><F34/><W29/><G29/><T80/><D77/><U54/><E0/><V53/><F42/><W46/><G96/><T56/><D22/><U93/><E75/><V103/><F76/><W28/><G100/><T116/><D116/><U20/><E99/><V64/><F60/><AGARI ba="0,0" hai="48,52,55,56,59,60,80,83,132,134,135" m="4423" machi="60" ten="30,2900,0" yaku="20,1,54,1" doraHai="91" who="0" fromWho="2" sc="404,29,298,0,217,-29,81,0" /><INIT seed="4,1,0,0,0,84" ten="433,298,188,81" oya="0" hai0="4,94,54,34,44,15,52,80,31,116,120,38,67" hai1="58,26,48,98,126,37,22,74,8,104,16,29,55" hai2="111,131,77,114,107,53,102,65,36,87,17,56,3" hai3="134,21,113,70,130,119,13,132,41,79,47,86,88"/><T106/><D106/><U23/><E126/><V9/><F114/><W30/><G119/><T19/><D120/><U128/><E128/><V69/><F111/><W101/><G70/><T91/><D116/><U63/><E37/><V14/><F131/><W121/><G130/><T57/><D4/><U42/><E74/><V89/><F36/><W99/><G79/><T11/><D34/><U10/><E104/><V59/><F69/><W7/><G113/><T25/><D80/><U51/><E98/><V24/><F77/><W66/><G66/><T6/><D31/><U33/><E33/><V20/><F3/><W129/><G129/><T108/><D38/><U39/><E39/><V95/><F65/><W49/><G30/><T75/><D75/><U72/><E72/><V76/><F76/><W122/><G99/><N who="0" m="57823" /><D44/><N who="1" m="25623" /><E63/><V50/><F107/><W64/><G101/><T60/><D108/><U40/><E40/><V2/><F2/><W46/><G46/><T62/><D60/><U83/><E83/><V105/><F105/><W123/><G64/><T117/><D117/><U135/><E135/><V68/><F102/><W118/><G118/><T125/><D125/><U110/><E110/><V35/><F35/><W85/><G85/><T93/><D93/><U43/><E43/><V73/><F73/><W124/><G124/><T78/><D78/><U27/><AGARI ba="1,0" hai="8,10,16,22,23,26,27,29,51,55,58" m="25623" machi="27" ten="30,2000,0" yaku="8,1,54,1" doraHai="84" who="1" fromWho="1" sc="433,-11,298,23,188,-6,81,-6" /><INIT seed="5,0,0,3,3,128" ten="422,321,182,75" oya="1" hai0="120,114,123,133,83,31,11,112,134,38,106,28,27" hai1="64,66,48,79,47,58,74,60,130,49,78,103,111" hai2="32,8,1,100,46,80,67,3,81,62,108,68,102" hai3="76,109,6,2,25,96,10,36,42,54,93,86,105"/><U33/><E130/><V63/><F108/><W126/><G109/><T26/><D38/><U41/><E111/><V57/><F32/><W65/><G126/><T71/><D106/><U18/><E33/><V53/><F46/><W73/><G65/><T135/><D71/><U52/><E103/><V117/><F117/><W107/><G86/><T5/><D83/><U75/><E18/><V82/><REACH who="2" step="1"/><F8/><REACH who="2" ten="422,321,172,75" step="2"/><W14/><G36/><T97/><D97/><U84/><E75/><V129/><F129/><W56/><G73/><T87/><D87/><U30/><E74/><V19/><F19/><W43/><G43/><T72/><D72/><U59/><E30/><N who="0" m="11305" /><D120/><U70/><E70/><V125/><F125/><W50/><G42/><T44/><D44/><U115/><E115/><N who="0" m="44073" /><D123/><U131/><E131/><V132/><F132/><W124/><G124/><T21/><D21/><U101/><E84/><V17/><F17/><W55/><G96/><T92/><D92/><U104/><REACH who="1" step="1"/><E66/><REACH who="1" ten="422,311,172,75" step="2"/><V40/><F40/><W99/><G99/><AGARI ba="0,2" hai="41,47,48,49,52,58,59,60,64,78,79,99,101,104" machi="99" ten="40,12000,1" yaku="1,1,2,1,54,1,53,1" doraHai="128" doraHaiUra="98" who="1" fromWho="3" sc="422,0,311,140,172,0,75,-120" owari="422,22.0,451,56.0,172,-23.0,-45,-55.0" /></mjloggm>