<mjloggm ver="2.3"><GO type="41" lobby="0"/><UN n0="%EF%BC%92%E3%81%A1%E3%81%87" n1="%31%30%30%E5%B9%B4%E5%89%8D" n2="%E2%93%9D%53%75%70%68%78" n3="%E7%A5%9E%E5%B4%8E%E7%B5%90%E5%BC%A6" dan="14,13,18,15" rate="1939.29,1904.27,2042.66,2019.98" sx="M,M,M,M"/><TAIKYOKU oya="0"/><INIT seed="0,0,0,3,2,57" ten="250,250,250,250" oya="0" hai0="48,74,103,18,10,52,19,107,50,16,124,88,134" hai1="40,36,97,27,106,24,68,110,9,83,56,35,92" hai2="117,84,17,114,41,6,12,91,21,75,70,20,78" hai3="3,123,44,112,81,62,120,111,115,59,133,63,22"/><T131/><D74/><U51/><E68/><V8/><F114/><N who="3" m="43563" /><G3/><T126/><D131/><U14/><E110/><V73/><F117/><W30/><G111/><T121/><D121/><N who="3" m="46665" /><G81/><T130/><D130/><U47/><E106/><V72/><F78/><W86/><G86/><T7/><D134/><U113/><E83/><V49/><F70/><W2/><G2/><T13/><D107/><U37/><E37/><V42/><F49/><W96/><G59/><N who="0" m="33159" /><D103/><U46/><E56/><V53/><F53/><W43/><G96/><T28/><D28/><U76/><E76/><V31/><F31/><W45/><G133/><T105/><D105/><U119/><E35/><V127/><F75/><W98/><G98/><T64/><D64/><U99/><E99/><V69/><F73/><W128/><G128/><T33/><D33/><U80/><E80/><V129/><F72/><W101/><G101/><T54/><D88/><U66/><E66/><V87/><F129/><W15/><G43/><T5/><D5/><U94/><E40/><V61/><F42/><W60/><G30/><T0/><D0/><U95/><E97/><V89/><F41/><W82/><G82/><T39/><D39/><U90/><E36/><V65/><F91/><W32/><G32/><T122/><D122/><U26/><E90/><V116/><F87/><W79/><G79/><T29/><D29/><U104/><E104/><V109/><F109/><W58/><G58/><N who="0" m="33111" /><D7/><N who="1" m="3391" /><E113/><V85/><F85/><W135/><G135/><T108/><D108/><U1/><E1/><V4/><F84/><W23/><G15/><T77/><D77/><RYUUKYOKU ba="0,0" sc="250,15,250,-15,250,-15,250,15" hai0="10,13,16,18,19,124,126" hai3="22,23,44,45,60,62,63" /><INIT seed="0,1,0,0,0,46" ten="265,235,235,265" oya="0" hai0="39,20,102,125,0,41,4,85,58,43,55,61,62" hai1="29,38,51,101,13,73,82,133,8,131,106,15,111" hai2="71,103,14,88,6,59,115,130,30,35,54,44,127" hai3="47,128,118,121,21,27,126,95,12,72,105,93,69"/><T16/><D125/><U10/><E38/><V28/><F115/><W80/><G69/><T68/><D102/><U23/><E111/><V26/><F71/><W2/><G2/><T119/><D119/><U117/><E131/><V9/><F130/><W18/><G105/><T64/><D4/><U7/><E133/><V33/><F103/><W24/><G118/><T135/><D0/><U70/><E70/><V53/><F127/><W42/><G126/><T84/><D135/><U36/><E36/><V99/><F44/><W108/><G108/><T89/><D39/><U45/><E73/><V91/><F54/><W3/><G3/><T1/><D85/><U81/><E106/><V22/><F99/><W50/><G128/><T49/><D61/><U60/><E60/><V79/><F79/><W100/><G100/><T120/><D1/><U124/><E101/><V132/><F132/><W87/><G72/><T56/><D68/><U123/><E123/><V107/><F107/><W78/><G121/><T17/><D17/><U104/><E104/><V32/><REACH who="2" step="1"/><F30/><REACH who="2" ten="265,235,225,265" step="2"/><W11/><REACH who="3" step="1"/><G27/><REACH who="3" ten="265,235,225,255" step="2"/><N who="0" m="14727" /><D120/><U96/><E124/><V67/><F67/><W77/><G77/><T92/><AGARI ba="1,2" hai="41,43,49,55,56,58,62,64,84,89,92" m="14727" machi="92" ten="30,6000,0" yaku="8,1,52,1,54,1" doraHai="46" who="0" fromWho="0" sc="265,83,235,-21,225,-21,255,-21" /><INIT seed="0,2,0,4,5,42" ten="348,214,204,234" oya="0" hai0="14,83,59,8,43,61,118,52,11,44,47,38,57" hai1="40,5,36,117,85,109,27,60,6,101,127,90,26" hai2="4,22,135,124,76,126,66,51,134,123,75,18,112" hai3="97,62,56,1,29,128,48,99,93,32,133,53,2"/><T31/><D118/><U103/><E117/><V33/><F66/><W129/><G129/><T121/><D31/><U63/><E109/><V69/><F69/><W37/><G37/><T39/><D121/><U72/><E36/><V115/><F76/><W86/><G86/><T41/><D83/><U3/><E72/><V98/><F51/><W64/><G128/><T70/><D70/><U45/><E3/><V21/><F98/><W132/><G29/><T12/><D61/><U107/><E40/><V114/><F75/><W84/><G32/><T113/><REACH who="0" step="1"/><D52/><REACH who="0" ten="338,214,204,234" step="2"/><U111/><E60/><V110/><F123/><W10/><G10/><T65/><D65/><U78/><E63/><V68/><F68/><W120/><G120/><T71/><D71/><U104/><E111/><V105/><F110/><W30/><G30/><T100/><D100/><U102/><E102/><V125/><F115/><AGARI ba="2,1" hai="8,11,12,14,38,39,41,43,44,47,57,59,113,115" machi="115" ten="25,18000,2" yaku="1,1,22,2,52,2,53,2" doraHai="42" doraHaiUra="55" who="0" fromWho="2" sc="338,196,214,0,204,-186,234,0" /><INIT seed="0,3,0,2,4,8" ten="534,214,18,234" oya="0" hai0="58,9,114,125,71,64,106,85,6,101,118,60,103" hai1="29,121,33,127,130,18,108,46,56,43,0,83,124" hai2="4,132,16,37,131,90,89,20,65,50,2,81,88" hai3="133,36,112,84,86,10,91,15,21,93,52,35,24"/><T45/><D118/><U79/><E108/><V61/><F37/><W119/><G112/><T14/><D114/><U11/><E121/><V1/><F131/><W55/><G119/><T63/><D125/><N who="1" m="48203" /><E130/><V39/><F39/><W59/><G133/><T134/><D134/><U51/><E33/><V117/><F132/><W49/><G36/><T75/><D75/><N who="1" m="43519" /><E29/><V70/><F117/><W69/><G69/><T122/><D122/><U41/><E56/><V102/><F4/><W120/><G120/><T82/><D106/><U109/><E109/><V34/><F34/><W77/><G35/><T126/><D45/><U92/><E92/><V98/><F50/><W7/><G77/><T68/><D68/><U38/><E38/><V5/><F5/><W31/><G55/><T17/><D6/><N who="1" m="1479" /><E18/><V95/><REACH who="2" step="1"/><F81/><REACH who="2" ten="534,214,8,234" step="2"/><W32/><G32/><T44/><D126/><U27/><E27/><AGARI ba="3,1" hai="1,2,16,20,27,61,65,70,88,89,90,95,98,102" machi="27" ten="40,8000,1" yaku="1,1,2,1,54,2,53,0" doraHai="8" doraHaiUra="105" who="2" fromWho="1" sc="534,0,214,-89,8,99,234,0" /><INIT seed="1,0,0,2,4,54" ten="534,125,107,234" oya="1" hai0="117,88,12,92,87,124,83,135,74,85,99,8,84" hai1="2,79,23,100,6,14,112,59,38,57,69,21,129" hai2="76,0,128,125,3,45,78,53,36,81,108,29,120" hai3="96,37,68,93,101,67,24,102,116,55,71,123,126"/><U7/><E112/><V133/><F120/><W60/><G123/><T113/><D117/><U89/><E69/><V5/><F78/><W35/><G126/><T20/><D113/><U127/><E127/><V91/><F125/><W31/><G116/><T27/><D124/><U64/><E38/><V110/><F91/><W28/><G37/><T130/><D74/><U44/><E44/><V47/><F29/><W34/><G55/><T16/><D135/><U114/><E114/><V61/><F128/><W19/><G19/><T134/><D134/><U50/><E2/><V30/><F30/><W22/><G68/><T63/><D63/><N who="1" m="37999" /><E79/><V111/><F133/><W80/><G102/><N who="0" m="60775" /><D130/><U41/><E100/><V18/><F36/><W90/><G28/><AGARI ba="0,0" hai="8,12,16,20,27,28,83,84,85,87,88" m="60775" machi="28" ten="30,3900,0" yaku="8,1,54,2" doraHai="54" who="0" fromWho="3" sc="534,39,125,0,107,0,234,-39" /><INIT seed="2,0,0,1,1,67" ten="573,125,107,195" oya="2" hai0="75,18,97,111,41,119,103,58,88,98,46,131,122" hai1="71,123,35,55,62,59,22,121,125,132,10,94,76" hai2="48,72,108,69,133,105,120,112,87,40,9,127,129" hai3="117,5,64,74,135,130,68,51,114,115,116,34,86"/><V73/><RYUUKYOKU type="yao9" ba="0,0" sc="573,0,125,0,107,0,195,0" hai2="9,40,48,69,72,73,87,105,108,112,120,127,129,133" /><INIT seed="2,1,0,0,3,25" ten="573,125,107,195" oya="2" hai0="109,64,17,40,43,66,132,9,14,103,94,96,16" hai1="12,126,117,122,93,24,84,128,88,19,79,129,101" hai2="115,44,74,38,53,86,91,60,29,65,85,39,2" hai3="77,68,50,42,57,121,23,34,98,116,82,105,47"/><V30/><F74/><W67/><G116/><T92/><D132/><U133/><E117/><V20/><F2/><W55/><G34/><T1/><D1/><U135/><E24/><V37/><F115/><W112/><G121/><T28/><D28/><U61/><E61/><V75/><F75/><W8/><G8/><T102/><D109/><U54/><E54/><V11/><F11/><W130/><G130/><N who="1" m="50282" /><E19/><V76/><F20/><W104/><G98/><N who="0" m="59719" /><D17/><U31/><E12/><V0/><F0/><W70/><G112/><T32/><D32/><U35/><E35/><V71/><F76/><W27/><G104/><T5/><D5/><U63/><E63/><V3/><F3/><W6/><G6/><T59/><D59/><U21/><E21/><V81/><REACH who="2" step="1"/><F86/><REACH who="2" ten="573,125,97,195" step="2"/><N who="3" m="48463" /><G105/><T90/><D9/><U80/><E122/><V26/><F26/><W123/><G123/><T73/><D73/><N who="1" m="43119" /><E126/><V118/><F118/><W113/><G23/><T49/><D14/><U114/><E114/><V69/><F69/><W108/><G27/><T100/><D40/><U41/><E41/><V22/><F22/><W119/><G113/><T111/><D43/><U127/><E127/><V7/><F7/><W99/><G119/><T48/><D16/><U134/><E101/><V4/><F4/><W52/><G68/><T13/><D13/><U18/><E18/><V62/><F62/><N who="3" m="38351" /><G70/><T120/><D120/><U107/><E107/><V106/><F106/><W56/><G42/><T72/><D103/><U110/><E110/><V78/><F78/><W124/><G108/><T51/><D111/><U95/><E95/><RYUUKYOKU ba="1,1" sc="573,-15,125,15,97,15,195,-15" hai1="31,84,88,93,133,134,135" hai2="29,30,37,38,39,44,53,60,65,71,81,85,91" /><INIT seed="2,2,1,5,1,88" ten="558,140,112,180" oya="2" hai0="128,34,13,111,130,54,70,14,56,132,75,108,89" hai1="57,35,78,112,107,28,95,17,93,91,37,29,40" hai2="5,110,65,124,125,86,133,39,82,98,31,43,72" hai3="80,60,127,103,73,44,47,32,61,20,0,79,46"/><V22/><F72/><W121/><G121/><T97/><D75/><U19/><E112/><V50/><F39/><W100/><G127/><N who="2" m="48713" /><F5/><W62/><G32/><T25/><D70/><U74/><E107/><V64/><F133/><W23/><REACH who="3" step="1"/><G0/><REACH who="3" ten="558,140,112,170" step="2"/><T24/><D132/><U118/><E35/><V81/><F110/><W66/><G66/><T131/><D34/><U102/><E118/><V84/><F65/><W53/><G53/><T8/><D108/><U71/><E40/><V6/><F64/><W106/><G106/><T9/><D111/><U99/><E37/><V104/><F43/><W27/><G27/><T30/><D25/><U18/><E71/><V135/><F135/><W26/><G26/><T126/><D126/><U123/><E123/><V38/><F38/><W33/><G33/><N who="0" m="20679" /><D14/><U7/><E7/><V67/><F67/><W120/><G120/><T48/><D13/><U94/><E29/><V55/><F6/><W59/><G59/><T2/><D2/><U1/><E1/><V134/><F134/><W58/><G58/><T101/><D89/><U36/><E28/><V129/><F31/><W68/><G68/><T119/><D119/><U113/><E36/><V16/><F104/><AGARI ba="2,2" hai="8,9,48,54,56,97,101,104,128,130,131" m="20679" machi="104" ten="30,1000,0" yaku="19,1" doraHai="88" who="0" fromWho="2" sc="558,36,140,0,112,-16,170,0" /><INIT seed="3,0,0,0,2,106" ten="594,140,96,170" oya="3" hai0="125,48,96,0,95,65,100,63,85,8,1,97,119" hai1="24,135,69,11,45,107,9,5,105,59,34,17,42" hai2="71,79,61,73,15,51,121,32,68,39,84,83,78" hai3="52,64,3,131,129,128,77,113,49,92,56,134,110"/><W43/><G3/><T44/><D119/><U14/><E69/><V58/><F39/><W111/><G77/><T47/><D125/><U109/><E109/><N who="3" m="41482" /><G92/><T74/><D74/><U55/><E135/><V102/><F32/><W70/><G134/><T103/><D85/><U87/><E87/><V67/><F121/><W37/><G113/><T30/><D30/><U117/><E117/><V23/><F102/><W31/><G31/><T19/><D47/><U35/><E24/><V27/><F15/><W104/><G104/><T20/><D8/><U33/><E59/><V22/><F22/><W89/><G89/><T60/><D60/><U126/><E55/><V25/><F25/><W75/><G75/><T54/><D97/><U98/><E98/><V122/><F122/><W21/><G21/><T4/><D4/><U7/><E5/><V13/><F13/><W132/><G132/><T72/><D100/><U12/><REACH who="1" step="1"/><E126/><REACH who="1" ten="594,130,96,170" step="2"/><V86/><F71/><W124/><G124/><T120/><D120/><U36/><AGARI ba="0,1" hai="7,9,11,12,14,17,33,34,35,36,42,45,105,107" machi="36" ten="30,7900,0" yaku="1,1,2,1,0,1,53,1" doraHai="106" doraHaiUra="38" who="1" fromWho="1" sc="594,-20,130,89,96,-20,170,-39" /><INIT seed="4,0,0,5,2,1" ten="574,219,76,131" oya="0" hai0="27,52,73,3,104,20,30,122,54,115,76,51,95" hai1="39,8,91,32,41,57,75,131,114,63,28,125,92" hai2="58,85,94,65,118,29,127,34,4,78,18,37,107" hai3="105,14,23,60,102,53,38,13,124,26,62,72,130"/><T88/><D104/><U11/><E75/><V22/><F37/><W40/><G124/><T110/><D3/><U132/><E125/><V59/><F127/><W56/><G130/><T81/><D122/><U84/><E131/><V50/><F107/><W17/><G72/><T49/><D115/><U21/><E132/><V96/><F34/><W123/><G123/><T7/><D7/><U24/><E114/><V19/><F118/><W45/><G105/><T31/><D110/><U97/><E41/><V128/><F128/><W89/><G102/><T16/><D54/><U6/><E39/><V64/><F29/><W68/><G68/><T120/><D51/><U93/><E32/><V111/><F19/><W61/><REACH who="3" step="1"/><G89/><REACH who="3" ten="574,219,76,121" step="2"/><T2/><D120/><U71/><E71/><V101/><F111/><W12/><AGARI ba="0,1" hai="12,13,14,17,23,26,38,40,45,53,56,60,61,62" machi="12" ten="30,4000,0" yaku="1,1,2,1,0,1,53,0" doraHai="1" doraHaiUra="133" who="3" fromWho="3" sc="574,-20,219,-10,76,-10,121,50" /><INIT seed="5,0,0,1,1,17" ten="554,209,66,171" oya="1" hai0="119,105,3,27,31,128,133,42,135,55,100,87,110" hai1="81,109,123,116,125,50,89,102,74,4,24,29,0" hai2="53,126,78,71,93,16,82,115,25,62,10,6,67" hai3="80,51,118,101,117,103,28,104,13,69,33,97,44"/><U52/><E116/><V57/><F126/><W14/><G101/><T111/><D3/><U121/><E125/><V72/><F115/><W131/><G80/><T40/><D119/><N who="3" m="45577" /><G69/><T130/><D87/><U23/><E109/><N who="0" m="41481" /><D55/><U47/><E102/><V49/><F93/><W58/><G58/><T66/><D66/><U73/><E73/><V75/><F6/><W11/><G28/><T77/><D77/><U63/><E63/><V7/><F7/><W56/><G56/><T38/><D38/><U18/><E29/><V60/><F60/><W41/><G33/><N who="0" m="20735" /><D100/><U79/><REACH who="1" step="1"/><E89/><REACH who="1" ten="554,199,66,171" step="2"/><V9/><REACH who="2" step="1"/><F75/><REACH who="2" ten="554,199,56,171" step="2"/><W76/><G104/><T99/><D105/><U86/><E86/><V22/><AGARI ba="0,2" hai="9,10,16,22,25,49,53,57,62,67,71,72,78,82" machi="22" ten="30,8000,1" yaku="1,1,2,1,0,1,52,1,54,1,53,0" doraHai="17" doraHaiUra="96" who="2" fromWho="2" sc="554,-20,199,-40,56,100,171,-20" /><INIT seed="6,0,0,1,2,47" ten="534,159,156,151" oya="2" hai0="102,87,52,6,112,68,89,42,79,59,99,45,7" hai1="13,12,41,4,93,88,8,66,27,0,58,120,25" hai2="111,110,38,84,95,131,114,124,30,71,62,78,61" hai3="29,48,21,103,34,73,127,126,75,128,105,83,101"/><V26/><F38/><W65/><G34/><T107/><D68/><U67/><E120/><V49/><F114/><W92/><G29/><T63/><D79/><U90/><E41/><V2/><F2/><W129/><G21/><T36/><REACH who="0" step="1"/><D112/><REACH who="0" ten="524,159,156,151" step="2"/><U135/><E135/><V132/><F71/><W108/><G108/><T9/><D9/><U55/><E8/><V109/><F132/><W134/><G134/><T28/><D28/><U17/><E66/><V3/><F111/><W37/><G65/><T35/><D35/><U76/><E67/><V106/><F110/><W60/><G126/><T81/><AGARI ba="0,1" hai="6,7,36,42,45,52,59,63,81,87,89,99,102,107" machi="81" ten="20,12000,2" yaku="1,1,0,1,7,1,54,1,53,2" doraHai="47" doraHaiUra="1" who="0" fromWho="0" sc="524,130,159,-30,156,-60,151,-30" /><INIT seed="7,0,0,1,5,71" ten="654,129,96,121" oya="3" hai0="18,29,28,130,125,109,84,8,90,40,22,86,49" hai1="9,92,104,116,79,27,78,26,100,11,128,55,94" hai2="63,132,35,95,66,69,7,45,52,39,103,17,1" hai3="59,41,129,50,5,57,21,134,14,36,4,91,68"/><W133/><G68/><T51/><D109/><U102/><E128/><V93/><F35/><W119/><G91/><T62/><D125/><U99/><E116/><V120/><F132/><N who="3" m="50795" /><G50/><T13/><D130/><U70/><E70/><V82/><F120/><W15/><G119/><T64/><D40/><U38/><E38/><V72/><F103/><W76/><G76/><N who="1" m="29226" /><E104/><V124/><F124/><W48/><G48/><T107/><D107/><U108/><E108/><V44/><F72/><W19/><G15/><T96/><D96/><N who="1" m="59399" /><E55/><V126/><F126/><W118/><G118/><T34/><D34/><U83/><E83/><V25/><F82/><W127/><G127/><T31/><D8/><AGARI ba="0,0" hai="8,9,11,26,27,94,99,102" m="59399,29226" machi="8" ten="30,1000,0" yaku="8,1" doraHai="71" who="1" fromWho="0" sc="654,-10,129,10,96,0,121,0" owari="644,74.0,139,-6.0,96,-40.0,121,-28.0" /></mjloggm>