<mjloggm ver="2.3"><GO type="41" lobby="0"/><UN n0="%E3%81%9F%E3%81%8B%E3%81%AE%E3%81%B5%E3%81%AD%35%32" n1="%E3%80%93%E5%8A%A0%E9%80%9F%E3%80%93" n2="%E3%82%A4%E3%83%A2%E3%82%A4%E3%83%A2" n3="%E2%93%9D%53%75%70%68%78" dan="15,13,14,17" rate="1960.46,1852.71,1964.98,2071.05" sx="M,M,M,M"/><TAIKYOKU oya="0"/><INIT seed="0,0,0,1,2,32" ten="250,250,250,250" oya="0" hai0="50,19,132,71,23,99,48,112,72,79,51,124,31" hai1="27,120,69,38,130,97,129,70,115,44,135,78,119" hai2="86,14,88,98,110,87,65,95,63,4,18,103,13" hai3="89,36,96,39,59,127,2,57,114,46,90,68,15"/><T64/><D112/><U80/><E120/><V122/><F122/><W66/><G15/><T8/><D132/><U30/><E119/><V111/><F4/><W75/><G75/><T3/><D124/><U22/><E135/><V84/><F103/><W49/><G96/><T73/><D31/><U29/><E97/><V53/><F53/><W81/><G81/><T34/><D34/><U7/><E7/><V101/><F101/><W1/><G68/><T25/><D99/><U116/><E30/><V106/><F106/><W134/><G49/><T45/><D45/><U0/><E0/><V74/><F74/><W12/><G12/><T107/><D107/><U113/><E116/><V37/><F37/><W60/><G46/><T108/><D108/><N who="2" m="41514" /><F18/><W77/><G134/><T76/><D64/><U121/><E44/><V102/><F102/><W10/><G66/><T92/><D71/><AGARI ba="0,0" hai="13,14,63,65,71,84,86,87,88,95,98" m="41514" machi="71" ten="30,2000,0" yaku="14,1,54,1" doraHai="32" who="2" fromWho="0" sc="250,-20,250,0,250,20,250,0" /><INIT seed="1,0,0,5,4,126" ten="230,250,270,250" oya="1" hai0="58,19,125,90,129,108,43,38,118,37,114,63,56" hai1="9,100,95,120,12,72,132,25,131,88,21,51,36" hai2="3,28,78,17,50,69,97,33,23,107,94,110,44" hai3="134,123,103,4,65,7,5,54,91,66,67,32,8"/><U2/><E120/><V18/><F69/><W11/><G32/><T57/><D125/><U39/><E2/><V20/><F107/><W92/><G134/><T0/><D0/><U16/><E72/><V135/><F3/><W130/><G123/><T48/><D118/><U31/><E132/><V124/><F124/><W6/><G103/><T40/><D90/><U79/><E79/><V71/><F71/><W89/><G7/><T22/><D114/><U121/><E121/><V35/><F135/><W13/><G130/><T53/><D22/><U119/><E119/><V116/><F78/><W64/><G64/><N who="0" m="39015" /><D108/><U128/><E51/><V45/><F110/><W122/><G122/><T34/><D19/><U76/><E76/><V115/><F28/><W59/><G91/><T86/><D86/><N who="1" m="52631" /><E100/><V49/><F116/><W96/><REACH who="3" step="1"/><G11/><REACH who="3" ten="230,250,270,240" step="2"/><T85/><D129/><AGARI ba="0,1" hai="9,12,16,21,25,31,36,39,128,129,131" m="52631" machi="129" ten="30,18000,2" yaku="19,1,52,3,54,2" doraHai="126" who="1" fromWho="0" sc="230,-180,250,190,270,0,240,0" /><INIT seed="1,1,0,3,1,110" ten="50,440,270,240" oya="1" hai0="14,21,19,91,95,60,132,109,107,121,73,92,117" hai1="67,44,20,74,7,82,64,87,113,25,66,99,129" hai2="116,85,53,54,101,105,124,111,62,5,45,102,135" hai3="119,63,89,43,76,41,90,34,104,16,86,32,75"/><U57/><E113/><V0/><F116/><W6/><G6/><T120/><D107/><U65/><E74/><V38/><F111/><W55/><G75/><T50/><D73/><U127/><E129/><V100/><F105/><W2/><G2/><T46/><D117/><U8/><E127/><V84/><F124/><W13/><G119/><T18/><D109/><U108/><E99/><V24/><F135/><W15/><G104/><T96/><D132/><U33/><E33/><V23/><F5/><W10/><G34/><T72/><D72/><U97/><E97/><V39/><F0/><W30/><G30/><T35/><D35/><U52/><E44/><V3/><F3/><W58/><G15/><T4/><D4/><U131/><E67/><V98/><F98/><W122/><G122/><T114/><D114/><U80/><E131/><V79/><F79/><W83/><REACH who="3" step="1"/><G32/><REACH who="3" ten="50,440,270,230" step="2"/><T11/><D60/><N who="1" m="35879" /><E108/><V17/><F62/><W134/><G134/><T47/><D95/><U49/><E7/><V1/><F1/><W123/><G123/><T31/><D31/><U133/><E133/><V27/><F27/><W78/><G78/><T69/><D69/><U28/><E8/><V9/><F9/><W36/><G36/><T48/><D121/><U130/><E130/><V88/><F39/><W112/><G112/><T71/><D71/><U81/><E49/><N who="0" m="19049" /><D120/><U29/><E28/><V103/><N who="2" m="25600" /><DORA hai="77" /><V61/><F38/><W115/><G115/><T93/><D11/><U106/><E106/><V70/><F24/><W125/><G125/><T56/><D14/><U51/><E51/><RYUUKYOKU ba="1,1" sc="50,-15,440,15,270,-15,230,15" hai1="20,25,29,64,65,66,80,81,82,87" hai3="10,13,16,41,43,55,58,63,76,83,86,89,90" /><INIT seed="1,2,1,3,1,110" ten="35,455,255,245" oya="1" hai0="112,129,15,49,11,109,93,19,6,41,72,47,81" hai1="64,63,40,103,8,116,58,71,7,45,111,55,69" hai2="98,65,18,30,132,76,87,113,104,1,43,29,123" hai3="92,130,106,128,89,9,10,24,126,114,80,23,33"/><U97/><E116/><V82/><F123/><W28/><G106/><T77/><D109/><U59/><E111/><V86/><F1/><W83/><G126/><T2/><D129/><N who="3" m="49769" /><G33/><T115/><REACH who="0" step="1"/><D93/><REACH who="0" ten="25,455,255,245" step="2"/><U118/><E118/><V26/><F104/><W73/><G92/><T48/><D48/><U46/><E40/><V0/><F43/><W36/><G36/><T102/><D102/><U52/><E103/><V5/><F132/><W100/><G100/><T74/><D74/><U54/><E97/><V84/><F98/><W131/><G131/><T95/><D95/><U127/><E127/><V99/><F99/><W60/><G73/><T90/><D90/><U75/><E75/><V31/><F76/><W79/><G89/><T119/><D119/><U67/><E71/><V120/><F87/><W12/><G79/><T70/><D70/><U32/><E69/><V66/><F86/><W105/><G105/><T135/><D135/><U17/><E32/><V50/><F84/><W121/><G121/><T85/><D85/><U117/><E117/><V62/><F120/><W42/><G42/><T101/><D101/><U78/><E78/><V51/><F51/><W22/><G83/><T34/><D34/><U124/><E124/><V96/><F50/><W57/><G80/><T94/><D94/><U125/><E125/><V27/><F82/><W56/><G60/><T25/><D25/><U16/><E63/><V68/><F62/><W53/><G24/><T88/><D88/><U44/><E44/><V37/><F68/><W108/><G108/><T122/><D122/><U3/><E46/><RYUUKYOKU ba="2,2" sc="25,30,455,-10,255,-10,245,-10" hai0="2,6,11,15,19,41,47,49,72,77,81,112,115" /><INIT seed="2,3,2,4,4,16" ten="55,445,245,235" oya="2" hai0="107,129,50,28,67,2,46,120,53,59,99,51,52" hai1="103,66,20,72,121,55,102,30,44,83,49,114,9" hai2="1,104,88,78,90,125,96,123,98,77,6,118,87" hai3="82,64,26,36,113,100,56,0,4,105,91,39,40"/><V24/><F1/><W84/><G113/><T92/><D120/><U42/><E114/><V81/><F6/><W5/><G40/><T61/><D129/><U11/><E121/><V25/><F123/><W68/><G68/><T69/><D2/><U132/><E132/><V31/><F118/><W89/><G100/><T14/><D107/><U79/><E66/><V130/><F130/><W19/><G105/><T117/><D117/><U63/><E63/><V124/><F24/><W27/><G0/><T60/><D28/><U128/><E128/><V65/><F65/><W29/><G19/><T97/><D14/><U32/><E32/><V47/><F47/><W126/><G126/><N who="2" m="48745" /><F104/><W110/><G27/><T111/><D111/><U75/><E75/><V94/><F98/><W17/><G110/><T62/><REACH who="0" step="1"/><D99/><REACH who="0" ten="45,445,245,235" step="2"/><U106/><E106/><V34/><AGARI ba="3,3" hai="25,31,34,77,78,81,87,88,90,94,96" m="48745" machi="34" ten="30,3000,0" yaku="18,1,54,1" doraHai="16" who="2" fromWho="2" sc="45,-13,445,-13,245,69,235,-13" /><INIT seed="2,4,0,0,0,103" ten="32,432,314,222" oya="2" hai0="111,23,90,40,114,101,4,35,97,60,10,3,15" hai1="76,96,89,21,16,75,1,49,9,43,104,72,87" hai2="116,62,122,51,117,100,131,70,86,77,98,95,93" hai3="92,129,120,79,27,6,7,17,133,126,124,54,0"/><V34/><F122/><W110/><G79/><T63/><D111/><U19/><E76/><V28/><F131/><W112/><G54/><T14/><D114/><U41/><E104/><N who="2" m="63511" /><F51/><W65/><G92/><N who="2" m="35401" /><F86/><W29/><G65/><T25/><D90/><U5/><E96/><V18/><F18/><W38/><G38/><T55/><D40/><U64/><E19/><V48/><F48/><W57/><G120/><T94/><D15/><U12/><E75/><V119/><F77/><W33/><G129/><T2/><D2/><U134/><E72/><V109/><F109/><W85/><G85/><T127/><D127/><U68/><E49/><V59/><F59/><W135/><G57/><T44/><D44/><U74/><E74/><V11/><F11/><W115/><G110/><T36/><D36/><U69/><E69/><V84/><F84/><W13/><G126/><T125/><D125/><U71/><E71/><V81/><F81/><W67/><G124/><T128/><D55/><U80/><E43/><V24/><F116/><W31/><G115/><T123/><D128/><U132/><E41/><V32/><F32/><W66/><G33/><T53/><D53/><U99/><E99/><V61/><F61/><W73/><G73/><T88/><D101/><U121/><E121/><V58/><F58/><W46/><G112/><T42/><D42/><U39/><E39/><V8/><F8/><W26/><G46/><T78/><D123/><U30/><E30/><V45/><F45/><W130/><G130/><T118/><D118/><U22/><E22/><V50/><F50/><W56/><G31/><RYUUKYOKU ba="4,0" sc="32,-15,432,15,314,15,222,-15" hai1="1,5,9,12,16,21,64,68,80,87,89,132,134" hai2="24,28,34,62,70,117,119" /><INIT seed="2,5,0,1,2,72" ten="17,447,329,207" oya="2" hai0="62,98,34,30,84,91,32,131,124,12,52,135,120" hai1="55,122,68,77,48,112,94,37,18,61,1,110,127" hai2="75,46,63,99,103,121,51,23,8,21,22,10,6" hai3="65,95,125,96,97,24,104,36,44,29,60,47,85"/><V126/><F121/><W42/><G125/><T101/><D124/><U114/><E127/><V86/><F75/><W119/><G119/><T113/><D113/><U15/><E1/><V54/><F126/><W3/><G3/><T71/><D120/><U53/><E37/><V105/><F6/><W82/><G47/><T107/><D131/><U74/><E122/><V90/><REACH who="2" step="1"/><F63/><REACH who="2" ten="17,447,319,207" step="2"/><W58/><G104/><T76/><D135/><U129/><E114/><V17/><F17/><W35/><REACH who="3" step="1"/><G95/><AGARI ba="5,1" hai="8,10,21,22,23,46,51,54,86,90,95,99,103,105" machi="95" ten="40,2000,0" yaku="1,1,53,0" doraHai="72" doraHaiUra="109" who="2" fromWho="3" sc="17,0,447,0,319,45,207,-35" /><INIT seed="2,6,0,1,4,123" ten="17,447,364,172" oya="2" hai0="124,81,36,23,90,84,107,131,27,61,77,110,60" hai1="129,63,85,117,41,78,132,28,94,114,2,103,22" hai2="113,106,38,109,134,98,18,14,25,76,29,30,46" hai3="82,11,97,91,83,108,40,72,101,105,0,17,68"/><V135/><F113/><W62/><G40/><T5/><D107/><U104/><E114/><V53/><F76/><W69/><G17/><T52/><D36/><U12/><E117/><V16/><F106/><W31/><G91/><T4/><D131/><U102/><E2/><V43/><F98/><W80/><G31/><N who="2" m="11785" /><F25/><W24/><G24/><T48/><D124/><U96/><E129/><V8/><F53/><W127/><G72/><T21/><D110/><U50/><E132/><N who="2" m="50731" /><F18/><W71/><G127/><T42/><D42/><U86/><E104/><V3/><F3/><W125/><G125/><T93/><D4/><U66/><E103/><V88/><F88/><W120/><G101/><T121/><D5/><U33/><E78/><V58/><F58/><W34/><G0/><T119/><D121/><U111/><E102/><V70/><F70/><W45/><G71/><T55/><D119/><U56/><E96/><V73/><F73/><W128/><G69/><T54/><D48/><U47/><E56/><V49/><F38/><W122/><G68/><T95/><D21/><U19/><E22/><V39/><F39/><W20/><G20/><T44/><D44/><U67/><E47/><V37/><F37/><W26/><G122/><T1/><D1/><U13/><E50/><V100/><F100/><W116/><G120/><T65/><D65/><U126/><E67/><V7/><F7/><W92/><G45/><T79/><D79/><U6/><E66/><V32/><F32/><W115/><G34/><T57/><D77/><U9/><E33/><V59/><F59/><W133/><G133/><RYUUKYOKU ba="6,0" sc="17,-10,447,-10,364,30,172,-10" hai2="8,14,16,43,46,49,109" /><INIT seed="2,7,0,4,5,4" ten="7,437,394,162" oya="2" hai0="110,39,42,120,100,36,135,80,26,53,58,27,107" hai1="64,22,75,77,8,108,85,21,6,9,86,28,52" hai2="43,13,17,3,113,114,63,103,111,116,44,125,51" hai3="99,89,10,73,96,31,109,19,65,25,131,82,71"/><V34/><F116/><W97/><G109/><T56/><D110/><U60/><E108/><V115/><F111/><W69/><G131/><T132/><D120/><U104/><E6/><V121/><F3/><W70/><G65/><T38/><D42/><U74/><E104/><V7/><F121/><W15/><G73/><T76/><D100/><U54/><E77/><V90/><F34/><W11/><G82/><T29/><D107/><U49/><E75/><V14/><F103/><W32/><REACH who="3" step="1"/><G11/><REACH who="3" ten="7,437,394,152" step="2"/><T5/><D5/><U102/><E9/><N who="2" m="6319" /><F7/><W18/><G18/><T134/><D29/><U37/><E8/><V95/><F115/><W45/><G45/><T23/><D23/><U124/><E74/><V48/><F44/><W83/><G83/><T59/><D53/><U40/><E54/><V129/><F129/><W35/><G35/><T119/><D119/><U62/><E22/><V20/><F20/><W84/><G84/><AGARI ba="7,1" hai="26,27,36,38,39,56,58,59,76,80,84,132,134,135" machi="84" ten="50,6400,0" yaku="29,2,20,1" doraHai="4" who="0" fromWho="3" sc="7,95,437,0,394,0,152,-85" /><INIT seed="3,0,0,1,2,99" ten="102,437,394,67" oya="3" hai0="30,50,11,85,68,135,38,106,127,19,100,2,47" hai1="12,13,81,23,45,43,32,14,108,4,26,130,119" hai2="96,69,103,9,131,40,15,104,125,122,44,74,86" hai3="87,54,82,126,111,88,16,72,10,123,102,121,83"/><W67/><G67/><T51/><D68/><U132/><E108/><V115/><F69/><W71/><G71/><T55/><D30/><U42/><E132/><V6/><F115/><W76/><G126/><T46/><D127/><U117/><E130/><V62/><F74/><W129/><G129/><T70/><D38/><U110/><E110/><V75/><F75/><W20/><G111/><T53/><D70/><U77/><E32/><V105/><F122/><W48/><G102/><T27/><D135/><U95/><E95/><V114/><F114/><W21/><G21/><T36/><D36/><U3/><E3/><V84/><F105/><W109/><G109/><T59/><D85/><N who="1" m="48303" /><E45/><V0/><F131/><W93/><G10/><T134/><D134/><U8/><E43/><V80/><F62/><W25/><REACH who="3" step="1"/><G83/><REACH who="3" ten="102,437,394,57" step="2"/><T118/><D100/><U29/><E42/><V79/><F125/><W33/><G33/><T60/><D118/><N who="1" m="45067" /><E8/><V66/><F66/><W17/><G17/><T120/><D120/><U101/><E4/><V98/><F103/><AGARI ba="0,1" hai="12,13,14,23,26,29,101,103" m="45067,48303" machi="103" ten="30,3900,0" yaku="12,1,52,2" doraHai="99" who="1" fromWho="2" sc="102,0,437,49,394,-39,57,0" /><INIT seed="4,0,0,5,4,67" ten="102,486,355,57" oya="0" hai0="35,51,78,33,75,83,123,9,94,133,24,115,104" hai1="7,64,100,34,117,30,69,124,44,21,58,61,59" hai2="49,42,87,72,91,81,0,5,95,108,120,92,6" hai3="118,89,52,90,10,28,11,127,130,26,97,122,121"/><T50/><D123/><N who="3" m="47113" /><G118/><T93/><D104/><U22/><E117/><V4/><F108/><W82/><G130/><T27/><D115/><U8/><E124/><V98/><F120/><W125/><G97/><T112/><D112/><U71/><E100/><V17/><F72/><W18/><G82/><T47/><D133/><U134/><E134/><V13/><F0/><W86/><G86/><T102/><D9/><N who="3" m="3081" /><G52/><T48/><D47/><U56/><E44/><N who="2" m="25751" /><F98/><W15/><G90/><T57/><D57/><U39/><E39/><V88/><F91/><W135/><G89/><T107/><D107/><U103/><E103/><V129/><F129/><W20/><G135/><T80/><D102/><U113/><E113/><V55/><F55/><W99/><G99/><T68/><D68/><U96/><E71/><V131/><F131/><W109/><G109/><T65/><D65/><U46/><E96/><V105/><F105/><W84/><G84/><T16/><D75/><U76/><E69/><V106/><F106/><W45/><G45/><T62/><D62/><U32/><E46/><V111/><F111/><W101/><G101/><T36/><D36/><U63/><E64/><V70/><F70/><W12/><G12/><T37/><D37/><U74/><E63/><V1/><F1/><W14/><G14/><T128/><D128/><U53/><E61/><V31/><F31/><W110/><G110/><T3/><D3/><U40/><E30/><V116/><F116/><W29/><G29/><N who="0" m="19623" /><D78/><U66/><E76/><V41/><F41/><W38/><G38/><T43/><D43/><U2/><E40/><RYUUKYOKU ba="0,0" sc="102,-15,486,-15,355,15,57,15" hai2="4,5,6,13,17,81,87,88,92,95" hai3="15,18,20,26,28,125,127" /><INIT seed="5,1,0,5,5,87" ten="87,471,370,72" oya="1" hai0="101,106,95,98,63,72,65,67,97,125,21,41,117" hai1="73,37,108,18,76,131,54,78,70,90,127,120,103" hai2="135,48,8,10,56,30,45,75,43,79,104,47,80" hai3="52,14,36,85,124,83,53,126,60,49,116,107,119"/><U13/><E120/><V130/><F104/><W27/><G107/><T31/><D125/><N who="3" m="48233" /><G14/><T51/><D117/><N who="3" m="45129" /><G36/><T9/><D72/><U62/><E37/><V71/><F71/><W1/><G1/><T115/><D115/><U91/><E127/><V128/><F135/><W19/><G60/><T15/><D41/><U99/><E131/><N who="2" m="50219" /><F30/><W46/><G19/><T26/><D51/><U66/><E108/><V89/><F45/><W69/><G27/><T35/><D35/><U29/><E29/><V105/><F105/><W129/><G129/><T96/><D67/><U3/><E3/><V12/><F56/><W64/><G64/><T0/><D0/><U5/><E5/><V17/><F8/><W113/><G69/><T84/><D84/><U114/><E114/><V133/><F133/><W81/><G113/><T132/><D106/><U88/><E70/><V68/><F68/><W23/><G23/><T77/><D77/><U24/><E66/><V93/><F93/><W34/><G34/><T123/><D123/><U2/><E78/><V25/><F25/><W86/><G53/><T39/><D39/><U100/><E24/><V59/><F59/><W42/><G42/><T50/><D50/><U28/><E54/><V94/><F94/><W112/><G112/><T82/><D132/><U7/><E76/><V6/><F17/><W61/><G61/><T102/><D63/><U92/><E62/><V134/><F134/><W44/><G44/><T109/><D65/><U38/><E18/><V118/><F118/><W74/><G83/><T55/><D82/><U111/><E92/><RYUUKYOKU ba="1,0" sc="87,-15,471,-15,370,15,72,15" hai2="6,10,12,43,47,48,75,79,80,89" hai3="46,49,52,74,81,85,86" /><INIT seed="6,2,0,4,5,35" ten="72,456,385,87" oya="2" hai0="104,25,51,45,38,5,81,52,118,95,43,53,77" hai1="44,67,69,0,73,114,101,93,126,12,96,20,112" hai2="98,18,119,127,68,130,80,79,100,89,111,109,128" hai3="24,78,61,54,87,17,94,83,21,85,16,55,49"/><V9/><F68/><W97/><G87/><T4/><D104/><U107/><E0/><V48/><F119/><W76/><G76/><T62/><D118/><U102/><E73/><N who="2" m="43119" /><F48/><W30/><G61/><T37/><D95/><U27/><E126/><V90/><F9/><W40/><G40/><T122/><D122/><U91/><E44/><V71/><F18/><N who="3" m="7275" /><G49/><T3/><D25/><U8/><E107/><N who="2" m="63895" /><F71/><W103/><AGARI ba="2,0" hai="21,24,30,54,55,78,83,85,94,97,103" m="7275" machi="103" ten="30,2000,0" yaku="8,1,54,1" doraHai="35" who="3" fromWho="3" sc="72,-7,456,-7,385,-12,87,26" /><INIT seed="7,0,0,1,5,32" ten="65,449,373,113" oya="3" hai0="22,111,110,85,121,13,2,8,53,11,96,36,14" hai1="52,65,28,128,106,1,20,90,54,76,81,56,91" hai2="79,43,12,107,126,9,129,83,37,100,10,18,134" hai3="92,15,130,86,42,29,62,44,84,64,49,46,24"/><W68/><G130/><T19/><D121/><U25/><E1/><V118/><F118/><W41/><G15/><N who="0" m="9599" /><D36/><U26/><E106/><V115/><F115/><W47/><G92/><T120/><D85/><N who="1" m="48295" /><E26/><V38/><F126/><W69/><G69/><T117/><D96/><U7/><E7/><V101/><F134/><W63/><G63/><T105/><D53/><N who="1" m="20587" /><E128/><V40/><F129/><W21/><REACH who="3" step="1"/><G47/><REACH who="3" ten="65,449,373,103" step="2"/><T94/><D105/><U133/><E133/><V34/><F107/><W30/><G30/><T50/><D94/><U104/><E104/><V116/><F12/><N who="0" m="4714" /><D50/><AGARI ba="0,1" hai="21,24,29,41,42,44,46,49,50,62,64,68,84,86" machi="50" ten="30,5800,0" yaku="1,1,7,1,9,1,53,0" doraHai="32" doraHaiUra="74" who="3" fromWho="0" sc="65,-58,449,0,373,0,103,68" /><INIT seed="7,1,0,1,2,71" ten="7,449,373,171" oya="3" hai0="125,65,57,40,53,25,45,80,88,96,30,126,83" hai1="20,121,54,43,50,92,122,70,1,62,130,105,63" hai2="9,87,36,116,117,58,48,109,13,8,15,29,102" hai3="106,95,110,99,67,2,111,135,59,86,112,19,84"/><W61/><G112/><T124/><D65/><U66/><E105/><V69/><F69/><W104/><G2/><T82/><D57/><U11/><E63/><V91/><F102/><W132/><G19/><T93/><D53/><U68/><E68/><V31/><F58/><W38/><G38/><T100/><D25/><U32/><E43/><V37/><F48/><W23/><G23/><T49/><D30/><N who="2" m="11274" /><F87/><N who="3" m="33323" /><G59/><T97/><D49/><U118/><E32/><V51/><F91/><N who="3" m="55807" /><G61/><T7/><D7/><U73/><E70/><V56/><F109/><N who="3" m="41483" /><G67/><T33/><D33/><U4/><E62/><V107/><F107/><AGARI ba="1,0" hai="104,106,107,132,135" m="41483,55807,33323" machi="107" ten="40,7700,0" yaku="10,1,34,2" doraHai="71" who="3" fromWho="2" sc="7,0,449,0,373,-80,171,80" /><INIT seed="7,2,0,2,1,108" ten="7,449,293,251" oya="3" hai0="97,83,33,26,79,126,52,100,110,109,99,3,54" hai1="10,30,0,51,17,106,92,64,70,62,25,58,72" hai2="90,36,37,86,8,24,111,131,67,120,27,19,35" hai3="38,87,116,55,47,81,40,114,119,78,68,96,13"/><W118/><G68/><T21/><D33/><U84/><E106/><V57/><F111/><W101/><G55/><N who="0" m="21035" /><D3/><U34/><E72/><V50/><F120/><W31/><G31/><N who="0" m="17871" /><D126/><U53/><E0/><V49/><F131/><W2/><G2/><T43/><D43/><U88/><E17/><V61/><F35/><W22/><G22/><T121/><D121/><U134/><REACH who="1" step="1"/><E10/><REACH who="1" ten="7,439,293,251" step="2"/><V80/><F8/><W89/><G13/><T85/><D110/><U1/><E1/><V71/><F19/><W93/><REACH who="3" step="1"/><G101/><REACH who="3" ten="7,439,293,241" step="2"/><T7/><D109/><U59/><E59/><V124/><F71/><W65/><G65/><T104/><D7/><U60/><E60/><V113/><F124/><W28/><G28/><T105/><D104/><U128/><E128/><V41/><F57/><W45/><G45/><T112/><D112/><AGARI ba="2,2" hai="38,40,47,78,81,87,89,93,96,112,114,116,118,119" machi="112" ten="50,9600,0" yaku="1,1,52,2,53,0" doraHai="108" doraHaiUra="46" who="3" fromWho="0" sc="7,-102,439,0,293,0,241,122" owari="-95,-60.0,439,55.0,293,-11.0,363,16.0" /></mjloggm>