<mjloggm ver="2.3"><GO type="41" lobby="0"/><UN n0="%6B%75%77%61%6E%64%6F" n1="%E3%81%97%E3%81%AE%E3%81%8F%E3%82%93" n2="%E2%93%9D%53%75%70%68%78" n3="%4D%E5%B8%9D%E2%85%A2" dan="14,16,17,14" rate="1890.47,1993.84,2075.63,1941.46" sx="M,M,M,M"/><TAIKYOKU oya="0"/><INIT seed="0,0,0,4,1,7" ten="250,250,250,250" oya="0" hai0="99,98,61,102,6,81,34,125,48,20,104,94,1" hai1="45,8,89,9,112,108,25,96,70,85,106,44,129" hai2="29,126,82,30,101,90,88,78,13,14,57,77,10" hai3="92,80,28,52,53,134,60,58,135,72,69,75,84"/><T39/><D39/><U113/><E70/><V64/><F126/><W95/><G28/><N who="2" m="10857" /><F13/><W93/><G69/><T22/><D125/><U111/><E25/><V118/><F101/><W55/><G84/><T86/><D34/><U105/><E85/><N who="2" m="50231" /><F118/><W42/><G42/><T56/><D48/><U50/><E50/><V124/><F90/><W107/><G107/><T103/><D6/><U79/><E89/><V65/><F124/><W76/><REACH who="3" step="1"/><G75/><REACH who="3" ten="250,250,250,240" step="2"/><T121/><D121/><U71/><E71/><V35/><F35/><W43/><G43/><T91/><REACH who="0" step="1"/><D1/><REACH who="0" ten="240,250,250,240" step="2"/><U110/><E110/><V127/><F127/><W73/><G73/><T32/><D32/><U15/><E111/><V54/><F78/><W47/><G47/><T19/><D19/><U12/><E108/><V38/><F77/><W21/><G21/><T115/><D115/><U114/><E114/><V18/><F38/><W68/><G68/><T40/><D40/><U132/><E79/><V37/><F37/><W74/><G74/><T67/><AGARI ba="0,2" hai="20,22,56,61,67,81,86,91,94,98,99,102,103,104" machi="67" ten="20,3900,0" yaku="1,1,0,1,7,1,53,0" doraHai="7" doraHaiUra="5" who="0" fromWho="0" sc="240,59,250,-13,250,-13,240,-13" /><INIT seed="0,1,0,0,2,32" ten="299,237,237,227" oya="0" hai0="33,78,7,99,109,31,69,23,35,124,18,88,74" hai1="46,85,135,51,120,106,56,41,113,96,80,119,116" hai2="16,82,122,127,59,5,77,55,110,70,66,45,92" hai3="89,118,81,9,75,123,20,14,57,133,100,91,50"/><T76/><D69/><U67/><E120/><V42/><F122/><W71/><G133/><T12/><D124/><U125/><E135/><V26/><F127/><W101/><G118/><T94/><D109/><U48/><E125/><V36/><F110/><W105/><G71/><T28/><D35/><U22/><E113/><V52/><F92/><W114/><G114/><T61/><D74/><U83/><E80/><V24/><F5/><W115/><G20/><T10/><D31/><U43/><E106/><V98/><F98/><W131/><G131/><T39/><D39/><U73/><E73/><V2/><F2/><W129/><G129/><T121/><D121/><U4/><E96/><V6/><F6/><W68/><G68/><T87/><D61/><U72/><E72/><V34/><F70/><W65/><G115/><T47/><D47/><U128/><E128/><V13/><F66/><W37/><G37/><T44/><D44/><U15/><E43/><V17/><F17/><W0/><G0/><T8/><D8/><U40/><E40/><V84/><F34/><W19/><G75/><T60/><D60/><U58/><E67/><V93/><F93/><W62/><G105/><T90/><D28/><U27/><E119/><V1/><F1/><W38/><G38/><T107/><D33/><U53/><E116/><V117/><F117/><W130/><G130/><T54/><D54/><U29/><E4/><V79/><F55/><W86/><G123/><T30/><D30/><U108/><E108/><V102/><F36/><W134/><G134/><T95/><D107/><U21/><E41/><RYUUKYOKU ba="1,0" sc="299,30,237,-10,237,-10,227,-10" hai0="7,10,12,18,23,76,78,87,88,90,94,95,99" /><INIT seed="0,2,0,4,3,55" ten="329,227,227,217" oya="0" hai0="82,72,111,7,101,85,122,17,12,73,115,96,105" hai1="8,48,22,132,93,14,64,54,13,45,100,47,20" hai2="52,107,117,129,38,114,70,98,126,123,49,16,124" hai3="125,60,128,3,27,109,94,76,58,102,118,120,35"/><T121/><D7/><U68/><E132/><V0/><RYUUKYOKU type="yao9" ba="2,0" sc="329,0,227,0,227,0,217,0" hai2="0,16,38,49,52,70,98,107,114,117,123,124,126,129" /><INIT seed="0,3,0,2,0,98" ten="329,227,227,217" oya="0" hai0="47,92,27,65,82,34,103,119,72,106,133,12,123" hai1="118,74,19,128,78,59,28,33,23,15,104,107,109" hai2="91,64,4,42,7,131,76,77,1,111,94,130,53" hai3="110,126,14,45,31,90,135,113,132,39,37,46,20"/><T9/><D123/><U62/><E118/><V88/><F64/><W71/><G110/><T97/><D119/><U29/><E109/><V89/><F111/><W83/><G126/><T25/><D133/><N who="3" m="51273" /><G71/><T129/><D129/><N who="2" m="49162" /><F42/><W108/><G113/><T58/><D106/><U30/><E128/><V84/><F53/><W11/><G20/><T22/><D34/><U100/><E74/><V48/><F48/><W43/><G31/><T96/><D96/><U87/><E33/><V26/><F26/><W120/><G120/><T115/><D115/><U21/><E21/><V124/><F1/><W52/><G108/><T8/><D27/><U38/><E38/><N who="3" m="14346" /><G52/><T101/><D82/><N who="1" m="47575" /><E107/><V121/><F124/><W10/><G43/><T117/><D72/><U16/><E104/><V81/><F121/><W44/><G14/><T41/><D117/><U69/><E69/><V0/><F0/><W60/><G60/><N who="0" m="38039" /><D41/><U55/><E19/><V114/><F114/><W49/><G49/><T63/><D63/><U35/><E35/><V51/><F51/><W50/><G50/><T134/><D47/><U17/><E17/><V5/><F76/><W95/><G83/><T61/><D61/><U125/><E125/><V73/><AGARI ba="3,0" hai="4,5,7,73,77,81,84,88,89,91,94" m="49162" machi="73" ten="30,2000,0" yaku="19,1,54,1" doraHai="98" who="2" fromWho="2" sc="329,-13,227,-8,227,29,217,-8" /><INIT seed="1,0,0,2,5,22" ten="316,219,256,209" oya="1" hai0="43,19,112,10,41,102,35,81,21,126,88,116,125" hai1="97,120,80,33,74,7,52,79,59,71,11,98,15" hai2="42,95,12,54,14,64,121,37,0,55,135,48,13" hai3="44,36,45,101,24,90,65,23,57,122,63,87,105"/><U2/><E71/><V46/><F121/><W91/><G122/><T117/><D35/><U1/><E120/><V4/><F135/><W82/><G91/><T111/><D102/><U58/><E33/><V51/><F64/><W127/><G127/><T34/><D34/><U32/><E32/><V26/><F0/><W40/><G45/><T68/><D10/><U70/><E70/><V83/><F37/><W3/><G3/><T73/><D68/><U103/><E58/><V123/><F123/><W50/><G101/><T72/><D112/><U84/><E74/><V77/><F95/><W133/><G133/><T132/><D132/><U60/><REACH who="1" step="1"/><E97/><REACH who="1" ten="316,209,256,209" step="2"/><V131/><F131/><W69/><G69/><T27/><D73/><U106/><AGARI ba="0,1" hai="1,2,7,11,15,52,59,60,79,80,84,98,103,106" machi="106" ten="20,18000,2" yaku="1,1,2,1,0,1,7,1,54,1,53,1" doraHai="22" doraHaiUra="53" who="1" fromWho="1" sc="316,-60,209,190,256,-60,209,-60" /><INIT seed="1,1,0,5,0,107" ten="256,399,196,149" oya="1" hai0="4,38,67,77,6,55,45,81,76,116,0,71,19" hai1="119,135,53,5,29,86,25,94,113,112,90,18,63" hai2="23,69,74,124,36,97,131,73,134,133,2,30,120" hai3="34,8,33,13,14,82,57,80,10,26,44,115,78"/><U102/><E119/><V105/><RYUUKYOKU type="yao9" ba="1,0" sc="256,0,399,0,196,0,149,0" hai2="2,23,30,36,69,73,74,97,105,120,124,131,133,134" /><INIT seed="1,2,0,1,0,69" ten="256,399,196,149" oya="1" hai0="40,10,115,86,133,109,19,43,30,129,94,71,6" hai1="7,96,3,83,15,89,68,88,132,13,20,50,12" hai2="124,103,46,99,65,54,61,110,111,44,108,37,16" hai3="104,39,31,98,73,38,82,135,52,11,23,119,42"/><U28/><E68/><V85/><F124/><W56/><G135/><T51/><D115/><U121/><E121/><V128/><F128/><W62/><G119/><T34/><D129/><U17/><E132/><V101/><F85/><W112/><G112/><T134/><D71/><U102/><E3/><V84/><F84/><W57/><G11/><T48/><D19/><U24/><E7/><V64/><F103/><W59/><G59/><T81/><D94/><U113/><E113/><V131/><F131/><W120/><G42/><T5/><D30/><U76/><E28/><V29/><F29/><W90/><G56/><T14/><D5/><U9/><E9/><V2/><F2/><W70/><G70/><T91/><D34/><U77/><E50/><N who="2" m="29015" /><F61/><W67/><G67/><T63/><D63/><U107/><REACH who="1" step="1"/><E77/><REACH who="1" ten="256,389,196,149" step="2"/><V47/><F16/><W79/><G120/><T80/><D109/><U22/><E22/><V127/><F127/><W8/><G8/><T87/><D134/><U25/><E25/><V114/><F114/><W45/><G23/><T126/><D133/><U0/><E0/><V49/><F49/><N who="0" m="19018" /><D126/><U78/><E78/><AGARI ba="2,1" hai="6,10,14,40,43,78,80,81,86,87,91" m="19018" machi="78" ten="30,1000,0" yaku="8,1" doraHai="69" who="0" fromWho="1" sc="256,26,389,-16,196,0,149,0" /><INIT seed="2,0,0,5,4,114" ten="282,373,196,149" oya="2" hai0="71,9,30,11,59,89,10,49,54,93,12,129,55" hai1="115,67,91,83,18,90,109,2,133,22,86,29,81" hai2="1,53,127,112,21,17,58,120,8,84,85,65,6" hai3="125,7,101,111,103,13,31,88,126,134,96,121,70"/><V57/><F112/><W37/><G134/><T5/><D71/><U20/><E115/><V61/><F127/><N who="3" m="48651" /><G111/><T26/><D129/><U16/><E109/><V34/><F34/><W4/><G37/><T33/><D54/><U128/><E128/><V39/><F39/><W47/><G70/><T27/><D27/><U45/><E2/><V130/><F120/><W73/><G31/><T51/><D51/><U46/><E29/><V0/><F0/><W19/><G47/><T108/><D108/><U124/><E124/><V117/><F117/><W15/><G73/><T52/><D55/><U107/><E107/><V75/><F75/><W69/><G69/><T3/><D93/><U99/><E99/><V56/><F130/><W131/><G121/><T36/><D89/><U113/><E113/><V100/><F100/><N who="3" m="38475" /><G15/><T32/><D32/><U24/><E67/><V78/><F78/><W76/><G76/><T48/><D36/><U50/><E50/><V63/><REACH who="2" step="1"/><F58/><REACH who="2" ten="282,373,186,149" step="2"/><W82/><G131/><T132/><D132/><U38/><E38/><V87/><F87/><N who="3" m="50295" /><G96/><T35/><D35/><U41/><E133/><V23/><F23/><AGARI ba="0,1" hai="4,7,13,19,23" m="50295,38475,48651" machi="23" ten="30,2000,0" yaku="18,1,54,1" doraHai="114" who="3" fromWho="2" sc="282,0,373,0,186,-20,149,30" /><INIT seed="3,0,0,5,2,36" ten="282,373,166,179" oya="3" hai0="20,126,107,77,117,88,51,123,52,21,98,72,96" hai1="13,120,90,16,6,24,38,84,19,134,102,130,132" hai2="91,79,31,65,45,82,33,59,104,12,50,97,25" hai3="89,34,37,26,47,57,74,71,69,54,99,64,110"/><W106/><G110/><T62/><D123/><U9/><E120/><V53/><F12/><W93/><G74/><T63/><D126/><U66/><E38/><V80/><F79/><W61/><G106/><T3/><D3/><U35/><E66/><V29/><F29/><W8/><G8/><T92/><D117/><U70/><E70/><V68/><F91/><W112/><G112/><T58/><D72/><U105/><E130/><V30/><F30/><W39/><G47/><T125/><D77/><U100/><E35/><V46/><F46/><W42/><G42/><T5/><D5/><U10/><E105/><V60/><REACH who="2" step="1"/><F59/><REACH who="2" ten="282,373,156,179" step="2"/><W86/><G71/><T122/><D122/><U28/><E28/><V87/><F87/><W15/><G15/><T14/><D125/><U22/><E90/><V11/><F11/><W121/><G121/><T111/><D111/><U41/><E84/><V115/><F115/><W83/><G26/><T109/><D109/><U119/><E13/><V95/><F95/><W133/><G34/><T49/><D107/><U67/><E24/><V113/><F113/><W55/><G69/><T135/><D135/><U116/><E134/><V27/><F27/><W128/><G133/><T114/><D114/><U76/><E76/><V17/><F17/><W73/><G73/><T23/><D14/><U56/><E19/><V78/><F78/><W7/><G128/><T0/><D0/><U4/><E16/><V118/><F118/><W1/><G86/><T108/><D108/><U101/><E132/><V44/><F44/><W32/><G32/><T48/><D98/><RYUUKYOKU ba="0,1" sc="282,15,373,-15,156,15,179,-15" hai0="20,21,23,48,49,51,52,58,62,63,88,92,96" hai2="25,31,33,45,50,53,60,65,68,80,82,97,104" /><INIT seed="4,1,1,5,1,8" ten="297,358,171,164" oya="0" hai0="16,70,20,63,89,130,113,83,56,64,66,90,12" hai1="118,119,106,22,62,25,47,26,102,0,13,100,94" hai2="38,32,126,131,117,46,111,99,34,9,49,95,3" hai3="112,42,44,23,107,65,116,57,108,14,31,21,123"/><T86/><D113/><U76/><E0/><V48/><F111/><W68/><G112/><T18/><D130/><U41/><E106/><V98/><F38/><W124/><G116/><T43/><D70/><U11/><E76/><V51/><F131/><W53/><G123/><T122/><D122/><U58/><E119/><V79/><F117/><W87/><G124/><T84/><D43/><U104/><E104/><V74/><F126/><W78/><G107/><T135/><D135/><U97/><E102/><V72/><F46/><W30/><G23/><T27/><D66/><U33/><E33/><V69/><F79/><W75/><G75/><T5/><D5/><U7/><E118/><V73/><F69/><W101/><G101/><T85/><D89/><U115/><E115/><V67/><F67/><W17/><G65/><T120/><D120/><U129/><E129/><V45/><F45/><W37/><G68/><T36/><D36/><U55/><E22/><AGARI ba="1,1" hai="12,16,18,20,22,27,56,63,64,83,84,85,86,90" machi="22" ten="30,11600,0" yaku="7,1,8,1,52,1,54,1" doraHai="8" who="0" fromWho="1" sc="297,129,358,-119,171,0,164,0" /><INIT seed="4,2,0,3,5,77" ten="426,239,171,164" oya="0" hai0="87,93,99,106,109,35,118,90,28,130,131,2,95" hai1="135,29,49,13,94,32,117,39,82,46,107,17,74" hai2="54,88,98,114,121,78,9,18,122,104,75,3,11" hai3="48,57,108,19,123,30,22,31,45,113,128,23,76"/><T72/><D2/><U96/><E117/><V68/><F68/><W116/><G113/><T120/><D118/><U83/><E107/><V15/><F114/><W14/><G128/><T81/><D35/><U111/><E111/><V58/><F78/><W79/><G123/><T89/><D28/><U40/><E74/><V132/><F75/><W7/><G108/><T21/><D21/><U65/><E135/><V62/><F132/><W10/><G116/><T56/><D109/><U67/><E39/><V24/><F24/><W0/><G57/><T64/><D120/><U125/><E125/><V103/><REACH who="2" step="1"/><F88/><REACH who="2" ten="426,239,161,164" step="2"/><W1/><G1/><T105/><D72/><U134/><E134/><V112/><F112/><W102/><G79/><T38/><D38/><U5/><E29/><V119/><F119/><W100/><G76/><T51/><D131/><U70/><E70/><V97/><F97/><W4/><G31/><T61/><D130/><U20/><E32/><V33/><F33/><W36/><G36/><T47/><REACH who="0" step="1"/><D93/><REACH who="0" ten="416,239,161,164" step="2"/><U71/><E71/><V16/><F16/><W110/><G110/><T133/><D133/><U86/><E5/><AGARI ba="2,2" hai="3,5,9,11,15,18,54,58,62,98,103,104,121,122" machi="5" ten="40,1300,0" yaku="1,1,53,0" doraHai="77" doraHaiUra="115" who="2" fromWho="1" sc="416,0,239,-19,161,39,164,0" /><INIT seed="5,0,0,0,3,36" ten="416,220,200,164" oya="1" hai0="120,4,0,32,128,129,74,91,66,115,20,100,132" hai1="10,63,78,41,130,134,17,19,40,7,15,75,54" hai2="52,89,99,112,30,108,125,80,126,13,27,88,117" hai3="107,84,83,16,87,49,46,55,57,127,81,21,61"/><U68/><E130/><N who="0" m="50281" /><D120/><U106/><E106/><V31/><F108/><W90/><G127/><N who="2" m="48649" /><F117/><W98/><G107/><T76/><D100/><U47/><E134/><V3/><F3/><W77/><G98/><T131/><D131/><U135/><E135/><V18/><F112/><W51/><REACH who="3" step="1"/><G46/><REACH who="3" ten="416,220,200,154" step="2"/><T58/><D132/><U69/><E69/><V86/><F99/><W121/><G121/><T102/><D115/><U14/><E68/><V73/><F73/><W122/><G122/><T133/><D133/><U65/><E75/><V39/><F39/><W23/><G23/><T79/><D20/><U97/><E97/><V6/><F86/><W124/><G124/><T33/><D74/><U118/><E118/><V111/><F111/><W114/><G114/><T116/><D116/><U8/><E78/><V11/><F89/><W71/><G71/><T42/><D91/><U103/><E103/><V56/><F88/><W35/><G35/><T34/><D102/><U110/><E110/><V105/><F105/><W44/><G44/><T95/><D79/><U85/><E85/><V25/><F80/><W96/><G96/><T113/><D33/><U104/><E104/><V37/><F37/><W94/><G94/><T72/><D32/><U28/><E47/><V29/><F6/><W70/><G70/><T43/><D4/><U45/><E7/><V38/><F38/><W2/><G2/><T24/><D0/><U53/><E45/><V92/><F92/><W109/><G109/><T50/><D113/><U82/><E82/><V9/><F9/><W26/><AGARI ba="0,1" hai="16,21,26,49,51,55,57,61,77,81,83,84,87,90" machi="26" ten="20,8000,1" yaku="1,1,0,1,7,1,8,1,54,1,53,0" doraHai="36" doraHaiUra="123" who="3" fromWho="3" sc="416,-20,220,-40,200,-20,154,90" /><INIT seed="6,0,0,2,3,81" ten="396,180,180,244" oya="2" hai0="1,0,83,134,111,84,29,71,58,90,42,123,93" hai1="121,15,105,57,11,44,47,133,61,77,60,131,28" hai2="130,39,59,109,65,4,8,129,75,127,88,6,52" hai3="73,50,125,18,41,2,14,31,100,16,54,108,87"/><V135/><F39/><W24/><G108/><T128/><D123/><U110/><E110/><V120/><F109/><W82/><G125/><T113/><D71/><U86/><E105/><V70/><F120/><W40/><G73/><T76/><D111/><U67/><E121/><V43/><F43/><W26/><G100/><T27/><D113/><U34/><E34/><V107/><F107/><W12/><G2/><T7/><D128/><N who="2" m="49258" /><F75/><W25/><G31/><T35/><D134/><U98/><E131/><V79/><F79/><N who="3" m="46559" /><G12/><T122/><D122/><U55/><E133/><V64/><F70/><W68/><G68/><T62/><D7/><N who="2" m="2602" /><F8/><N who="3" m="6215" /><G18/><T78/><D42/><U74/><E74/><V51/><F127/><W69/><G69/><T3/><REACH who="0" step="1"/><D83/><REACH who="0" ten="386,180,180,244" step="2"/><N who="1" m="47471" /><E28/><V37/><F135/><W21/><G21/><T119/><D119/><U124/><E124/><V5/><F5/><W32/><G32/><T91/><D91/><U17/><E98/><V13/><F37/><W36/><G36/><T116/><D116/><U80/><E80/><V56/><F88/><W38/><G38/><T115/><D115/><U89/><E89/><V96/><F96/><W66/><G41/><T20/><D20/><U106/><E11/><V92/><F13/><W114/><G40/><T132/><D132/><U126/><E126/><V63/><F92/><W103/><G114/><T95/><D95/><U49/><E106/><V97/><F97/><W48/><G24/><T46/><D46/><U9/><E47/><V112/><F112/><W118/><G25/><T45/><D45/><U72/><E72/><V53/><AGARI ba="0,1" hai="51,52,53,56,59,63,64,65" m="2602,49258" machi="53" ten="30,6000,0" yaku="5,1,19,1,54,1" doraHai="81" who="2" fromWho="2" sc="386,-20,180,-20,180,70,244,-20" /><INIT seed="6,1,0,1,2,107" ten="366,160,250,224" oya="2" hai0="10,8,58,31,105,19,68,5,94,106,120,74,6" hai1="9,3,134,102,128,135,124,90,129,12,22,35,21" hai2="118,113,133,123,34,59,28,61,110,4,92,57,13" hai3="130,100,101,112,88,77,50,76,83,111,121,18,132"/><V48/><F118/><W95/><G111/><T49/><D68/><U66/><E102/><V33/><F123/><W2/><G121/><T98/><D74/><U11/><E66/><V82/><F113/><W45/><G112/><T41/><D106/><U38/><E38/><V69/><F133/><N who="1" m="50697" /><E35/><V67/><F110/><W20/><G2/><T17/><D105/><U109/><E109/><V27/><F34/><W89/><G89/><N who="0" m="55631" /><D31/><U56/><E56/><V0/><F0/><W52/><G130/><N who="1" m="50282" /><E90/><V23/><F59/><W86/><G132/><T65/><D120/><U79/><E79/><N who="3" m="30282" /><G83/><T62/><D10/><N who="1" m="3595" /><E3/><V14/><F33/><W7/><G7/><N who="0" m="2571" /><D8/><U73/><E73/><V44/><F4/><W116/><G116/><T64/><D64/><U55/><E55/><V36/><F69/><W91/><G91/><T51/><D51/><U122/><E122/><V114/><F36/><W60/><G60/><T103/><D103/><U99/><E99/><V43/><F114/><W47/><G47/><AGARI ba="1,0" hai="17,19,41,47,49,58,62,65" m="2571,55631" machi="47" ten="30,1000,0" yaku="8,1" doraHai="107" who="0" fromWho="3" sc="366,13,160,0,250,0,224,-13" /><INIT seed="7,0,0,5,4,106" ten="379,160,250,211" oya="3" hai0="78,8,61,39,64,72,105,82,98,14,91,24,34" hai1="86,76,19,53,123,60,0,113,48,77,110,108,81" hai2="84,111,13,46,49,94,88,127,134,124,102,128,107" hai3="36,62,100,15,10,66,17,23,21,122,28,32,90"/><W132/><G132/><T12/><D39/><U65/><E123/><V80/><F111/><W118/><G36/><T79/><D79/><U29/><E0/><V57/><F128/><W43/><G43/><T45/><D45/><U51/><E113/><V71/><F71/><W41/><G41/><T63/><D14/><U11/><E29/><V27/><F57/><W5/><G118/><T1/><D1/><U112/><E112/><V129/><F129/><W96/><G90/><T26/><D34/><U2/><E77/><V130/><F130/><W87/><G87/><T54/><D54/><U99/><E99/><N who="2" m="61919" /><F13/><W70/><G122/><T38/><D38/><U131/><E131/><V89/><F27/><W135/><G135/><T56/><D63/><U121/><E121/><V40/><F134/><W73/><G73/><T103/><D91/><U93/><E51/><V125/><F89/><W22/><G32/><T44/><REACH who="0" step="1"/><D44/><REACH who="0" ten="369,160,250,211" step="2"/><U50/><E50/><V115/><F115/><W126/><G62/><T109/><D109/><U104/><E110/><V92/><AGARI ba="0,1" hai="40,46,49,80,84,88,92,94,124,125,127" m="61919" machi="92" ten="40,2700,0" yaku="18,1,54,1" doraHai="106" who="2" fromWho="2" sc="369,-7,160,-7,250,37,211,-13" owari="362,46.0,153,-35.0,287,9.0,198,-20.0" /></mjloggm>