<mjloggm ver="2.3"><GO type="41" lobby="0"/><UN n0="%73%2E%77%61%64%61" n1="%E2%93%9D%53%75%70%68%78" n2="%E3%81%9F%E3%81%93%E3%81%82%E3%81%92" n3="%E3%83%8E%E3%83%9F%E8%99%8E" dan="13,18,14,15" rate="1942.95,2088.44,1993.29,1965.78" sx="M,M,F,M"/><TAIKYOKU oya="0"/><INIT seed="0,0,0,3,0,73" ten="250,250,250,250" oya="0" hai0="107,68,10,116,115,86,49,122,38,13,46,79,8" hai1="117,106,27,129,58,71,90,61,113,128,127,39,50" hai2="3,82,70,72,48,95,34,94,57,43,110,42,33" hai3="104,91,60,131,119,85,6,44,23,59,83,120,76"/><T62/><D115/><U35/><E106/><V103/><F110/><W40/><G131/><N who="1" m="50250" /><E90/><V22/><F3/><W30/><G120/><T132/><D116/><U64/><E27/><V26/><F70/><W123/><G123/><T36/><D122/><U96/><E96/><V99/><F95/><W88/><G104/><T112/><D112/><U32/><E127/><V47/><F43/><W124/><G119/><T52/><D107/><U55/><E113/><V114/><F114/><W118/><G118/><T134/><D8/><U56/><E117/><V101/><F103/><W100/><G100/><T98/><D98/><U97/><E97/><V93/><F94/><W84/><G6/><T4/><D68/><U102/><E102/><V67/><F72/><W111/><G111/><T14/><D14/><U31/><E31/><V15/><F15/><W29/><G124/><T2/><D2/><U20/><E20/><V80/><F33/><N who="1" m="12873" /><E39/><V81/><F34/><W11/><G11/><T75/><D75/><U18/><E18/><N who="2" m="12631" /><F82/><W1/><G1/><T105/><D105/><U19/><E19/><V63/><AGARI ba="0,0" hai="42,47,48,57,63,67,80,81,93,99,101" m="12631" machi="63" ten="30,1100,0" yaku="8,1" doraHai="73" who="2" fromWho="2" sc="250,-5,250,-3,250,11,250,-3" /><INIT seed="1,0,0,4,0,88" ten="245,247,261,247" oya="1" hai0="95,17,27,71,26,125,44,36,100,92,30,131,14" hai1="83,1,99,80,98,31,121,38,55,82,101,132,79" hai2="28,42,57,110,12,48,72,94,53,87,116,59,76" hai3="15,5,112,118,107,20,130,43,47,46,9,21,111"/><U129/><E1/><V120/><F116/><W102/><G112/><T16/><D71/><U25/><E121/><V103/><F120/><W54/><G118/><T56/><D125/><U39/><E129/><V7/><F110/><W135/><G111/><T117/><D117/><U19/><E132/><V49/><F72/><W78/><G130/><T63/><D131/><U8/><E79/><V109/><F109/><W34/><G34/><T6/><D100/><U133/><E133/><V97/><F28/><W85/><G135/><T22/><D36/><U24/><E55/><V37/><F37/><W73/><G73/><T108/><D108/><U67/><E67/><V75/><F75/><W11/><G54/><T77/><D77/><U127/><E127/><V18/><F7/><W3/><G47/><T66/><D44/><U60/><E60/><V119/><F119/><W32/><G32/><T52/><D66/><U23/><E99/><V113/><F113/><W123/><G123/><T96/><D96/><U104/><REACH who="1" step="1"/><E8/><REACH who="1" ten="245,237,261,247" step="2"/><V134/><F134/><W10/><G10/><N who="0" m="6231" /><D6/><U51/><E51/><V69/><F49/><W90/><G78/><T2/><D2/><U0/><E0/><V93/><F76/><W84/><G9/><T86/><D86/><U33/><AGARI ba="0,1" hai="19,23,24,25,31,33,38,39,80,82,83,98,101,104" machi="33" ten="30,3000,0" yaku="1,1,0,1,53,0" doraHai="88" doraHaiUra="45" who="1" fromWho="1" sc="245,-10,237,40,261,-10,247,-10" /><INIT seed="1,1,0,1,3,28" ten="235,277,251,237" oya="1" hai0="12,21,0,89,115,73,65,101,109,1,105,52,67" hai1="53,118,4,31,131,128,41,10,110,57,62,81,6" hai2="19,86,102,68,38,30,132,20,35,60,71,127,122" hai3="124,93,8,34,98,56,107,106,121,26,42,69,133"/><U7/><E118/><V116/><F116/><W111/><G121/><T11/><D115/><U125/><E125/><V78/><F122/><W123/><G123/><T117/><D117/><U77/><E41/><V88/><F127/><W85/><G69/><T46/><D109/><U134/><E134/><V126/><F126/><W66/><G124/><T63/><D73/><U120/><E120/><V84/><F132/><W40/><G107/><T75/><D75/><U50/><E31/><V72/><F72/><W112/><G106/><T104/><D21/><U49/><E10/><V23/><F35/><W92/><G111/><T119/><D119/><U32/><E32/><V16/><F38/><W99/><G85/><T5/><D101/><U100/><E100/><V18/><F102/><W74/><G74/><T129/><D129/><N who="1" m="49739" /><E110/><V45/><F45/><W44/><G112/><T130/><D130/><U113/><E113/><V114/><F114/><W37/><G42/><T47/><D105/><U48/><E81/><V3/><F3/><W95/><G8/><T64/><D104/><U55/><E77/><V135/><F135/><W61/><G133/><T103/><D103/><U27/><E27/><N who="2" m="16743" /><F78/><W2/><G2/><T96/><D1/><U39/><E39/><V13/><F84/><W91/><G99/><T83/><D0/><U79/><E79/><V15/><F23/><W108/><G108/><T25/><D25/><U54/><AGARI ba="1,0" hai="4,6,7,48,49,50,53,54,55,57,62" m="49739" machi="54" ten="40,2100,0" yaku="19,1" doraHai="28" who="1" fromWho="1" sc="235,-8,277,24,251,-8,237,-8" /><INIT seed="1,2,0,3,5,103" ten="227,301,243,229" oya="1" hai0="40,79,73,49,80,66,17,28,76,2,21,55,22" hai1="119,63,109,124,104,50,67,38,132,93,33,115,53" hai2="61,100,7,47,71,74,83,82,70,36,72,13,24" hai3="81,1,108,5,60,45,120,18,133,69,42,35,3"/><U29/><E115/><V135/><F135/><W112/><G120/><T68/><D2/><U78/><E119/><V101/><F24/><W98/><G112/><T8/><D40/><U62/><E78/><V57/><F47/><W130/><G35/><T91/><D8/><U118/><E124/><V31/><F36/><W37/><G108/><T56/><D28/><U48/><E93/><V113/><F113/><W43/><G130/><T90/><D79/><U134/><E29/><V131/><F31/><W110/><G110/><T58/><D68/><U116/><E109/><V65/><F7/><W12/><G5/><T19/><D66/><U20/><E20/><V107/><F13/><W34/><G34/><T127/><D58/><U111/><E111/><V41/><F57/><W117/><G117/><T4/><D4/><U0/><E67/><V27/><F27/><W30/><G43/><T95/><D127/><U54/><E33/><V46/><F46/><W123/><G133/><T44/><D44/><U14/><E14/><V129/><F65/><W94/><G123/><T16/><REACH who="0" step="1"/><D91/><REACH who="0" ten="217,301,243,229" step="2"/><U9/><E9/><V52/><F41/><W59/><G69/><T84/><AGARI ba="2,1" hai="16,17,19,21,22,49,55,56,73,76,80,84,90,95" machi="84" ten="30,8000,1" yaku="1,1,2,1,0,1,54,1,53,1" doraHai="103" doraHaiUra="106" who="0" fromWho="0" sc="217,96,301,-42,243,-22,229,-22" /><INIT seed="2,0,0,1,3,87" ten="313,259,221,207" oya="2" hai0="125,37,75,32,2,104,60,6,74,64,57,7,124" hai1="84,11,12,65,55,36,8,50,38,72,129,1,44" hai2="45,95,69,62,20,24,78,9,111,116,108,135,131" hai3="117,97,56,39,98,113,106,41,51,103,121,47,25"/><V126/><F116/><W52/><G121/><T73/><D104/><U54/><E72/><V67/><F126/><N who="0" m="48746" /><D32/><U10/><E1/><V17/><F131/><W92/><G113/><T70/><D37/><U123/><E65/><V16/><F135/><W13/><G117/><T132/><D132/><U122/><E12/><N who="2" m="7183" /><F78/><W46/><G13/><T19/><D2/><U61/><E129/><V48/><F95/><W29/><G47/><T112/><D112/><U80/><E38/><V101/><F101/><W14/><G14/><T109/><D109/><N who="2" m="42058" /><F48/><W85/><G85/><T128/><D128/><U81/><E36/><V43/><F45/><W40/><G40/><AGARI ba="0,0" hai="17,20,24,40,43,62,67,69" m="42058,7183" machi="40" ten="30,5800,0" yaku="14,1,10,1,54,1" doraHai="87" who="2" fromWho="3" sc="313,0,259,0,221,58,207,-58" /><INIT seed="2,1,0,3,2,16" ten="313,259,279,149" oya="2" hai0="99,25,87,93,69,101,30,26,1,56,100,82,106" hai1="77,8,18,132,121,4,63,24,79,111,102,75,5" hai2="98,61,72,64,115,57,103,44,34,113,20,129,94" hai3="131,114,73,6,119,15,0,28,127,123,58,33,48"/><V39/><F34/><W135/><RYUUKYOKU type="yao9" ba="1,0" sc="313,0,259,0,279,0,149,0" hai3="0,6,15,28,33,48,58,73,114,119,123,127,131,135" /><INIT seed="2,2,0,5,5,32" ten="313,259,279,149" oya="2" hai0="68,28,34,72,2,8,118,112,41,93,130,64,87" hai1="134,62,92,88,89,127,17,75,22,15,33,36,78" hai2="29,102,124,116,106,96,48,126,57,12,42,74,51" hai3="1,40,61,54,11,30,58,85,27,19,38,18,73"/><V53/><F116/><W5/><G73/><T94/><D112/><U122/><E33/><V105/><F74/><W100/><G100/><T67/><D72/><U10/><E36/><V91/><F29/><W71/><G71/><T99/><D130/><U59/><E134/><V97/><F12/><W108/><G108/><T16/><D118/><U133/><E127/><N who="2" m="48683" /><F91/><W63/><G63/><T69/><D41/><U20/><E122/><V9/><F9/><W46/><REACH who="3" step="1"/><G85/><REACH who="3" ten="313,259,279,139" step="2"/><T103/><D69/><U101/><E101/><V90/><F102/><W81/><G81/><T83/><D68/><U66/><E133/><V113/><F113/><W7/><G7/><T104/><D67/><U107/><E75/><V37/><F106/><W123/><G123/><T21/><D64/><U110/><E107/><V47/><F105/><W4/><G4/><T52/><D87/><U23/><E110/><V109/><F109/><W111/><G111/><T129/><D83/><U55/><E66/><V119/><F119/><W86/><G86/><T121/><D121/><U13/><E78/><V43/><F97/><W82/><G82/><T60/><D60/><U128/><E89/><V98/><F90/><W114/><G114/><T80/><D80/><U49/><E62/><V31/><F96/><W79/><G79/><T70/><D70/><U14/><REACH who="1" step="1"/><E128/><REACH who="1" ten="313,249,279,139" step="2"/><V56/><F98/><AGARI ba="2,2" hai="10,13,14,15,17,20,22,23,49,55,59,88,92,98" machi="98" ten="40,8000,1" yaku="1,1,2,1,8,1,54,1,53,1" doraHai="32" doraHaiUra="95" who="1" fromWho="2" sc="313,0,249,106,279,-86,139,0" /><INIT seed="3,0,0,1,0,129" ten="313,355,193,139" oya="3" hai0="90,77,23,1,19,35,127,42,52,48,93,72,46" hai1="101,74,78,97,61,15,16,32,66,36,96,120,45" hai2="17,49,18,106,2,95,68,34,128,133,41,83,67" hai3="43,85,10,27,109,33,130,71,53,44,82,99,107"/><W100/><G130/><T38/><D127/><U119/><E32/><V12/><F128/><W81/><G109/><T124/><D124/><U30/><E30/><V91/><F106/><W134/><G71/><T132/><D35/><U105/><E120/><V123/><F123/><W125/><G125/><T92/><D1/><U11/><E97/><V86/><F2/><W20/><G33/><T65/><D65/><U54/><E119/><V80/><F34/><W28/><G10/><T111/><D111/><U126/><E78/><V69/><F133/><W37/><G134/><T6/><D132/><U3/><E74/><V31/><F31/><W9/><G9/><T103/><D6/><U102/><E102/><V121/><F121/><W55/><REACH who="3" step="1"/><G81/><REACH who="3" ten="313,355,193,129" step="2"/><T13/><D103/><U51/><E126/><V75/><F68/><W40/><G40/><T89/><D72/><U14/><E3/><V131/><F80/><W115/><G115/><T57/><REACH who="0" step="1"/><D77/><AGARI ba="0,1" hai="20,27,28,37,43,44,53,55,77,82,85,99,100,107" machi="77" ten="30,2900,0" yaku="1,1,7,1,53,0" doraHai="129" doraHaiUra="84" who="3" fromWho="0" sc="313,-29,355,0,193,0,129,39" /><INIT seed="3,1,0,4,5,67" ten="284,355,193,168" oya="3" hai0="100,70,9,42,69,59,102,107,89,29,112,38,90" hai1="99,31,16,46,27,83,109,15,134,21,128,126,22" hai2="61,12,35,43,40,133,110,30,20,120,28,76,123" hai3="18,56,106,91,72,1,62,98,47,119,114,2,24"/><W39/><G114/><T7/><D112/><U84/><E109/><V96/><F110/><W111/><G111/><T118/><D118/><U52/><E128/><V94/><F133/><W63/><G72/><T10/><D29/><U36/><E126/><V13/><F35/><W80/><G119/><T48/><D38/><U44/><E36/><V37/><F76/><W78/><G63/><T51/><D59/><U5/><E134/><V129/><F129/><W75/><G24/><T132/><D42/><U74/><E74/><V14/><F61/><W33/><G33/><T3/><D132/><U125/><E99/><V6/><F6/><W92/><G18/><T113/><D113/><U131/><E125/><V65/><F65/><W68/><G106/><T81/><D81/><U95/><E95/><V103/><F37/><W60/><G60/><T41/><D41/><N who="2" m="15946" /><F20/><W64/><REACH who="3" step="1"/><G56/><REACH who="3" ten="284,355,193,158" step="2"/><T127/><D127/><U108/><E108/><V66/><F66/><W4/><G4/><T8/><D7/><U50/><E5/><V19/><F19/><W104/><G104/><T32/><D32/><U54/><E131/><V135/><F135/><W82/><G82/><T53/><D107/><U101/><E83/><V58/><F58/><W116/><G116/><T55/><REACH who="0" step="1"/><D10/><REACH who="0" ten="274,355,193,158" step="2"/><U17/><E22/><V23/><F23/><W77/><G77/><T97/><D97/><U34/><E17/><V87/><F120/><W71/><G71/><T57/><D57/><U88/><E34/><V130/><F123/><W117/><G117/><T49/><D49/><U93/><E50/><V105/><F130/><RYUUKYOKU ba="1,2" sc="274,10,355,-30,193,10,158,10" hai0="3,8,9,48,51,53,55,69,70,89,90,100,102" hai2="12,13,14,28,30,87,94,96,103,105" hai3="1,2,39,47,62,64,68,75,78,80,91,92,98" /><INIT seed="3,2,2,2,5,68" ten="284,325,203,168" oya="3" hai0="108,13,38,63,51,71,72,120,91,47,98,126,61" hai1="20,50,64,116,54,41,37,127,46,95,86,66,33" hai2="107,39,57,109,111,45,135,83,55,25,112,106,9" hai3="58,52,16,92,6,35,129,32,62,117,94,110,4"/><W88/><G117/><T7/><D120/><U10/><E33/><V22/><F112/><W76/><G129/><T69/><D72/><U36/><E10/><V75/><F135/><W105/><G105/><T90/><D108/><N who="2" m="41546" /><F9/><W130/><G130/><T67/><D126/><U79/><E20/><V93/><F93/><W0/><G110/><T28/><D28/><U12/><E12/><V73/><F45/><W53/><G76/><T11/><D98/><U118/><E79/><N who="2" m="44527" /><F75/><W134/><G134/><T123/><D123/><U84/><E95/><V48/><F39/><N who="1" m="14921" /><E127/><V74/><F74/><W3/><G92/><T103/><D103/><U124/><E124/><V102/><F102/><W77/><G77/><T31/><D31/><AGARI ba="2,2" hai="22,25,31,48,55,57,106,107" m="44527,41546" machi="31" ten="30,1000,0" yaku="14,1" doraHai="68" who="2" fromWho="0" sc="284,-16,325,0,203,36,168,0" /><INIT seed="4,0,0,2,2,82" ten="268,325,239,168" oya="0" hai0="76,107,87,93,128,39,45,89,48,109,46,37,4" hai1="9,44,63,100,81,7,60,19,27,120,99,91,118" hai2="14,62,86,38,113,21,20,61,104,31,96,88,112" hai3="29,134,94,22,0,32,54,24,53,67,16,130,69"/><T119/><D119/><U78/><E120/><V11/><F38/><W40/><G134/><T111/><D107/><U101/><E118/><V30/><F104/><W2/><G130/><T34/><D34/><U43/><E91/><V102/><F102/><W58/><G40/><T129/><D4/><U12/><E27/><V90/><F96/><W117/><G117/><T42/><D76/><U17/><E63/><V131/><F131/><N who="0" m="50250" /><D46/><U83/><E60/><N who="2" m="23147" /><F21/><W3/><G69/><T98/><D98/><U23/><E83/><N who="2" m="49247" /><F90/><W64/><G54/><T105/><D105/><U8/><E99/><V116/><F116/><W121/><G94/><T115/><D115/><N who="2" m="44106" /><F20/><W68/><G121/><T41/><D41/><U51/><E23/><V55/><F55/><W72/><G68/><T49/><D49/><U36/><E36/><AGARI ba="0,0" hai="36,37,39,42,45,48,87,89,93,109,111" m="50250" machi="36" ten="30,2900,0" yaku="19,1,52,1" doraHai="82" who="0" fromWho="1" sc="268,29,325,-29,239,0,168,0" /><INIT seed="4,1,0,5,0,20" ten="297,296,239,168" oya="0" hai0="116,10,133,129,103,41,25,28,121,123,55,128,7" hai1="13,131,98,36,77,80,22,50,127,86,0,120,72" hai2="48,44,52,119,82,54,88,63,111,59,65,37,3" hai3="43,105,16,75,18,61,78,70,100,74,33,83,31"/><T87/><D116/><U81/><E36/><V49/><F3/><W135/><G74/><T60/><D41/><U108/><E108/><V96/><F111/><W124/><G43/><T99/><D87/><U107/><E0/><V23/><F119/><W125/><G135/><T118/><D118/><U90/><E127/><N who="3" m="48714" /><G31/><T56/><D133/><U117/><E131/><N who="0" m="50249" /><D7/><U34/><E120/><V89/><F23/><W85/><G33/><N who="0" m="20623" /><D10/><U39/><E39/><V106/><F37/><W57/><G75/><T19/><D19/><U46/><E72/><V12/><F12/><W109/><G109/><T24/><D24/><U104/><E13/><V32/><F32/><W101/><G16/><T64/><D64/><U113/><E34/><V69/><REACH who="2" step="1"/><F82/><REACH who="2" ten="297,296,229,168" step="2"/><W66/><G83/><T47/><D47/><U84/><E46/><V73/><F73/><W110/><G110/><T130/><N who="0" m="50257" /><T35/><DORA hai="15" /><D35/><U91/><E117/><V6/><F6/><W102/><G66/><T95/><AGARI ba="1,1" hai="55,56,60,95,99,103,121,123" m="20623,50257" machi="95" ten="40,3900,0" yaku="19,1,52,1" doraHai="20,15" who="0" fromWho="0" sc="297,52,296,-14,229,-14,168,-14" /><INIT seed="4,2,0,2,4,53" ten="349,282,215,154" oya="0" hai0="111,4,16,67,68,120,49,112,48,128,54,15,106" hai1="45,116,28,42,73,87,121,123,78,31,115,21,23" hai2="58,61,91,55,72,118,129,107,14,113,64,2,33" hai3="101,51,36,24,56,86,0,126,57,3,66,133,82"/><T134/><D120/><U39/><E116/><V85/><F2/><W19/><G36/><T102/><D112/><U43/><E73/><V40/><F113/><W100/><G3/><T44/><D134/><U76/><E115/><V135/><F135/><W63/><G0/><T38/><D128/><U30/><E87/><V79/><F129/><W132/><G126/><T131/><D131/><U109/><E45/><V32/><F118/><W122/><G122/><T35/><D35/><U62/><E62/><V25/><F107/><W110/><G110/><T74/><D74/><U5/><E31/><V114/><F114/><W88/><G133/><T1/><D111/><U11/><E11/><V108/><F108/><W103/><G132/><T41/><D1/><U10/><E10/><V127/><F40/><W29/><G19/><T70/><D4/><U99/><E109/><V52/><F127/><W119/><G119/><T18/><D18/><U124/><E99/><V89/><F72/><W22/><REACH who="3" step="1"/><G51/><REACH who="3" ten="349,282,215,144" step="2"/><T130/><D130/><U60/><E124/><V92/><F61/><W26/><G26/><T94/><D49/><U7/><E60/><V117/><F25/><W34/><G34/><T50/><D50/><U98/><E39/><V6/><F33/><W20/><G20/><T69/><D38/><U46/><E46/><V93/><F32/><W96/><G96/><T75/><D48/><U59/><E98/><V13/><F117/><W95/><G95/><T80/><D94/><U27/><E27/><V47/><F92/><W125/><G125/><T105/><D105/><U8/><E8/><RYUUKYOKU ba="2,1" sc="349,-15,282,15,215,-15,144,15" hai1="5,7,21,23,28,30,42,43,59,76,78,121,123" hai3="22,24,29,56,57,63,66,82,86,88,100,101,103" /><INIT seed="5,3,1,3,1,111" ten="334,297,200,159" oya="1" hai0="75,107,46,77,118,98,131,89,110,52,83,96,88" hai1="103,48,109,60,122,66,10,102,45,114,81,36,99" hai2="70,21,42,67,6,30,11,80,24,121,14,44,59" hai3="31,108,0,94,26,35,38,112,16,37,23,64,95"/><U43/><E122/><V68/><F121/><W41/><G108/><T33/><D110/><U71/><E109/><V119/><F119/><W130/><G130/><T62/><D118/><U101/><E114/><V125/><F125/><W50/><G0/><T135/><D33/><U56/><E81/><V63/><REACH who="2" step="1"/><F80/><REACH who="2" ten="334,297,190,159" step="2"/><W32/><G112/><T55/><D131/><U27/><E27/><V128/><F128/><W104/><G35/><T65/><D135/><U20/><E20/><V2/><F2/><W13/><G104/><T134/><D134/><U18/><E10/><V17/><F17/><W97/><G64/><T105/><D98/><U93/><E18/><V39/><AGARI ba="3,2" hai="6,11,14,21,24,30,39,42,44,59,63,67,68,70" machi="39" ten="20,2700,0" yaku="1,1,0,1,7,1,53,0" doraHai="111" doraHaiUra="79" who="2" fromWho="2" sc="334,-10,297,-16,190,56,159,-10" /><INIT seed="6,0,0,5,1,85" ten="324,281,246,149" oya="2" hai0="54,109,40,60,129,57,25,32,102,74,56,52,103" hai1="115,12,133,11,121,117,49,97,38,126,127,124,26" hai2="4,5,30,7,69,108,75,10,83,116,82,114,46" hai3="21,39,86,41,106,13,128,72,88,84,35,28,113"/><V119/><F69/><W0/><G72/><T27/><D109/><U24/><E38/><V99/><F114/><W29/><G35/><T23/><D74/><U50/><E117/><V112/><F112/><W107/><G113/><T16/><D129/><U87/><E115/><V122/><F122/><W14/><G0/><T47/><D32/><U98/><E133/><V131/><F131/><W96/><G128/><T44/><D27/><N who="1" m="10283" /><E87/><N who="3" m="33322" /><G106/><T105/><D105/><U43/><E43/><V132/><F30/><N who="3" m="11883" /><G39/><T36/><D47/><U34/><E34/><V1/><F46/><W93/><G107/><T89/><D89/><U134/><E134/><V120/><F132/><W9/><G21/><T45/><D45/><U77/><E77/><V2/><F120/><W18/><G14/><T79/><D79/><U76/><E76/><V8/><F108/><W20/><G20/><T22/><REACH who="0" step="1"/><D22/><REACH who="0" ten="314,281,246,149" step="2"/><U63/><E121/><V118/><F75/><W92/><G92/><T37/><D37/><U31/><E127/><V15/><F116/><W58/><G41/><T3/><D3/><U101/><E126/><V53/><F119/><W51/><G58/><T42/><D42/><U111/><E124/><V59/><F118/><W94/><G94/><T17/><D17/><U68/><E31/><V81/><F1/><W33/><G33/><T62/><AGARI ba="0,1" hai="16,23,25,36,40,44,52,54,56,57,60,62,102,103" machi="62" ten="20,12000,2" yaku="1,1,0,1,7,1,9,1,54,2,53,0" doraHai="85" doraHaiUra="65" who="0" fromWho="0" sc="314,130,281,-30,246,-60,149,-30" /><INIT seed="7,0,0,4,2,5" ten="444,251,186,119" oya="3" hai0="82,22,10,19,52,79,15,12,95,66,72,100,128" hai1="63,17,60,13,99,71,58,70,103,123,28,93,119" hai2="54,106,7,101,89,108,34,2,57,130,39,16,112" hai3="53,120,122,69,88,37,92,51,38,114,78,67,76"/><W110/><G110/><T61/><D128/><U73/><E73/><V97/><F108/><W74/><G114/><T3/><D3/><U42/><E123/><V94/><F112/><W24/><G122/><T87/><D52/><U135/><E135/><V56/><F130/><W90/><G120/><T49/><D49/><U9/><E119/><V129/><F129/><W75/><G69/><T117/><D117/><U81/><E28/><V45/><F34/><W126/><G67/><T105/><D105/><U25/><E25/><V47/><F16/><W116/><G116/><T115/><D115/><U107/><E81/><V35/><F35/><W102/><G126/><T62/><D66/><U41/><E107/><V109/><F109/><W118/><G118/><T121/><D121/><U14/><E71/><V20/><F20/><W111/><G111/><T131/><D131/><U32/><E32/><V21/><F21/><W83/><G24/><T18/><D72/><U64/><E14/><V91/><F39/><N who="3" m="14859" /><G76/><T6/><D6/><U65/><AGARI ba="0,0" hai="9,13,17,41,42,58,60,63,64,65,70,93,99,103" machi="65" ten="20,2700,0" yaku="0,1,7,1,52,1" doraHai="5" who="1" fromWho="1" sc="444,-7,251,27,186,-7,119,-13" owari="437,53.0,278,8.0,179,-22.0,106,-39.0" /></mjloggm>