<mjloggm ver="2.3"><GO type="41" lobby="0"/><UN n0="%69%73%73%79%7A%6B%6B%61" n1="%E3%81%B3%E3%81%B3%E3%81%B4%E3%82%87%E3%82%93" n2="%E3%81%A8%E3%82%8A%E3%82%84%E3%81%BE%E3%81%A8%E3%82%8A%E3%81%8A" n3="%E2%93%9D%53%75%70%68%78" dan="13,14,14,17" rate="1851.68,1945.97,1835.34,2076.05" sx="M,M,M,M"/><TAIKYOKU oya="0"/><INIT seed="0,0,0,3,5,129" ten="250,250,250,250" oya="0" hai0="53,74,105,85,112,80,16,69,32,84,49,121,3" hai1="25,1,117,21,123,40,29,89,79,41,60,135,73" hai2="64,61,113,22,13,39,50,76,36,30,38,115,12" hai3="57,133,18,4,95,20,28,111,102,47,17,132,97"/><T62/><D112/><U130/><E123/><V54/><F76/><W52/><G111/><T99/><D121/><U114/><E117/><V0/><F0/><W14/><G47/><T15/><D3/><U127/><E114/><V46/><F13/><W75/><G75/><T131/><D32/><U122/><E122/><V124/><F12/><W96/><G28/><T45/><D131/><U81/><E130/><V43/><F22/><W82/><G82/><T98/><D74/><U58/><E127/><V87/><F87/><W94/><G18/><T93/><D105/><U126/><E1/><V11/><F11/><W70/><G70/><T42/><D93/><U119/><E126/><V134/><F30/><W44/><G44/><T65/><D42/><U109/><E109/><V100/><F100/><W77/><G77/><T101/><D101/><U106/><E106/><V34/><F34/><W7/><G95/><T6/><D6/><U125/><E125/><V86/><F86/><W107/><G97/><T24/><D24/><U19/><E119/><V10/><F10/><W2/><G107/><T8/><REACH who="0" step="1"/><D85/><REACH who="0" ten="240,250,250,250" step="2"/><U67/><E73/><V88/><F124/><W27/><G27/><T59/><D59/><U9/><E41/><V118/><F118/><W48/><REACH who="3" step="1"/><G2/><REACH who="3" ten="240,250,250,240" step="2"/><T51/><D51/><U33/><E25/><V120/><F115/><W23/><G23/><T83/><D83/><U110/><E21/><V78/><F113/><W90/><G90/><AGARI ba="0,2" hai="8,15,16,45,49,53,62,65,69,80,84,90,98,99" machi="90" ten="30,18000,2" yaku="1,1,7,1,25,2,54,1,53,2" doraHai="129" doraHaiUra="92" who="0" fromWho="3" sc="240,200,250,0,250,0,240,-180" /><INIT seed="0,1,0,5,4,55" ten="440,250,250,60" oya="0" hai0="34,69,78,103,42,0,26,9,118,19,1,120,21" hai1="135,15,72,24,39,36,58,56,84,5,11,86,81" hai2="122,73,111,63,44,101,29,41,64,89,32,92,12" hai3="104,124,70,48,97,6,91,51,16,94,37,7,100"/><T20/><D69/><U88/><E72/><V90/><F111/><W126/><G37/><T2/><D103/><U76/><E135/><V35/><F73/><W62/><G51/><T129/><D78/><U115/><E115/><V112/><F122/><W107/><G48/><T113/><D42/><U130/><E130/><V25/><F35/><W60/><G16/><N who="0" m="12551" /><D113/><U50/><E24/><V77/><F77/><W33/><G33/><T53/><D53/><U65/><E65/><V125/><F125/><N who="3" m="48235" /><G70/><T75/><D75/><U131/><E131/><V87/><F112/><W43/><G43/><T132/><D129/><U30/><E30/><V106/><F12/><W3/><G3/><T109/><D118/><U80/><REACH who="1" step="1"/><E50/><REACH who="1" ten="440,240,250,60" step="2"/><V85/><F25/><W96/><G107/><T4/><D120/><U38/><AGARI ba="1,1" hai="5,11,15,36,38,39,56,58,76,80,81,84,86,88" machi="38" ten="30,12000,2" yaku="1,1,2,1,0,1,52,2,54,1,53,0" doraHai="55" doraHaiUra="67" who="1" fromWho="1" sc="440,-61,240,133,250,-31,60,-31" /><INIT seed="1,0,0,1,4,131" ten="379,373,219,29" oya="1" hai0="77,65,81,67,126,117,82,110,58,92,7,69,113" hai1="107,83,102,73,41,103,94,50,111,128,48,108,17" hai2="53,75,42,13,39,25,6,84,98,124,106,78,47" hai3="24,101,52,35,28,112,71,45,10,27,33,18,104"/><U23/><E107/><V43/><F124/><W100/><G112/><T49/><D113/><U44/><E128/><V21/><F43/><W8/><G71/><T1/><D117/><U60/><E60/><V119/><F119/><W51/><G104/><T123/><D110/><N who="1" m="42027" /><E50/><V64/><F64/><W99/><G18/><T40/><D126/><U95/><E73/><V14/><F75/><W56/><G101/><N who="1" m="38410" /><E83/><V122/><F98/><W32/><G45/><T0/><D123/><U96/><E96/><V89/><F106/><W46/><G46/><T91/><D69/><U130/><E130/><V16/><F122/><W72/><G72/><T9/><D0/><U121/><E121/><V12/><F53/><W132/><G99/><T19/><D40/><U135/><E135/><V54/><F54/><W4/><G100/><T115/><D115/><U127/><E127/><V86/><F86/><W22/><G132/><T116/><D116/><U125/><E125/><V88/><REACH who="2" step="1"/><F6/><REACH who="2" ten="379,373,209,29" step="2"/><W30/><REACH who="3" step="1"/><G4/><REACH who="3" ten="379,373,209,19" step="2"/><T55/><D7/><U85/><E85/><V59/><F59/><W37/><G37/><T29/><D58/><U120/><E120/><V74/><F74/><W80/><G80/><AGARI ba="0,2" hai="12,13,14,16,21,25,39,42,47,78,80,84,88,89" machi="80" ten="40,5200,0" yaku="1,1,54,2,53,0" doraHai="131" doraHaiUra="63" who="2" fromWho="3" sc="379,0,373,0,209,72,19,-52" owari="379,48.0,373,17.0,281,-12.0,-33,-53.0" /></mjloggm>