<mjloggm ver="2.3"><GO type="41" lobby="0"/><UN n0="%E2%93%9D%53%75%70%68%78" n1="%52%65%70%6C%69%63%61" n2="%40%E3%81%8B%E3%81%82" n3="%E5%A4%A7%E6%B2%BB%E9%83%8E%23%37%34" dan="17,13,13,14" rate="2003.05,1850.91,1872.84,1985.01" sx="M,M,M,M"/><TAIKYOKU oya="0"/><INIT seed="0,0,0,1,3,93" ten="250,250,250,250" oya="0" hai0="91,25,73,61,120,128,50,10,68,63,98,35,71" hai1="115,105,87,129,0,9,13,102,116,11,40,106,112" hai2="16,53,81,107,132,15,2,119,113,4,55,22,135" hai3="17,47,121,14,8,21,101,124,92,122,56,3,90"/><T41/><D73/><U1/><E116/><V33/><F107/><W70/><G70/><T118/><D120/><N who="3" m="46185" /><G124/><T44/><D128/><U37/><E129/><V79/><F33/><W51/><G56/><T86/><D118/><U134/><E134/><N who="2" m="51243" /><F119/><W26/><G3/><T42/><D10/><U89/><E1/><V125/><F113/><N who="1" m="43593" /><E0/><V65/><F65/><W66/><G66/><T103/><D42/><U19/><E11/><N who="2" m="2455" /><F125/><W100/><G90/><T80/><D71/><U76/><E76/><V133/><N who="2" m="51251" /><V97/><DORA hai="96" /><F97/><W114/><G92/><T12/><D68/><U28/><E28/><V20/><F22/><W58/><G58/><T75/><D35/><U130/><E130/><V43/><F43/><N who="3" m="25087" /><G114/><T84/><D41/><U88/><E40/><V31/><F31/><AGARI ba="0,0" hai="8,14,17,21,26,31,100,101" m="25087,46185" machi="31" ten="30,3900,0" yaku="13,1,52,2" doraHai="93,96" who="3" fromWho="2" sc="250,0,250,0,250,-39,250,39" /><INIT seed="1,0,0,3,1,93" ten="250,250,211,289" oya="1" hai0="98,94,118,42,23,80,115,41,132,110,56,90,83" hai1="89,62,24,107,30,117,133,19,86,50,12,51,18" hai2="103,22,34,25,77,130,112,113,120,7,16,97,6" hai3="68,46,71,104,129,131,60,87,21,59,65,124,79"/><U13/><E117/><V2/><F77/><W48/><G104/><T15/><D115/><N who="2" m="44106" /><F130/><N who="3" m="49675" /><G21/><T69/><D110/><U109/><E107/><N who="2" m="63983" /><F34/><W49/><G87/><T39/><D132/><U84/><E133/><V73/><F73/><W100/><G79/><T58/><D69/><N who="3" m="26697" /><G100/><T8/><D118/><U0/><E0/><V27/><F120/><W43/><G124/><T44/><D42/><U64/><E109/><V75/><F75/><W1/><G1/><T119/><D119/><U61/><E64/><V116/><F116/><W101/><G101/><T37/><D37/><AGARI ba="0,0" hai="37,43,46,48,49,59,60,65" m="26697,49675" machi="37" ten="30,3900,0" yaku="19,1,34,2" doraHai="93" who="3" fromWho="0" sc="250,-39,250,0,211,0,289,39" /><INIT seed="2,0,0,1,3,5" ten="211,250,211,328" oya="2" hai0="60,19,54,127,67,81,117,39,26,43,128,34,18" hai1="56,84,87,98,114,83,42,38,85,126,75,72,90" hai2="71,121,105,14,44,125,49,17,58,119,28,130,74" hai3="132,10,108,91,62,9,27,24,48,76,23,89,104"/><V13/><F105/><W93/><G104/><T3/><D128/><U2/><E114/><V41/><F74/><W88/><G108/><T73/><D127/><U122/><E126/><V16/><F121/><W47/><G132/><T45/><D54/><U33/><E33/><V50/><F119/><W86/><G62/><T63/><D63/><U112/><E2/><V97/><F130/><W77/><G93/><T8/><D117/><U134/><E112/><V31/><F71/><W116/><G116/><T78/><D26/><N who="3" m="9769" /><G23/><T95/><D95/><U106/><E56/><V109/><F109/><W82/><G77/><T53/><D53/><AGARI ba="0,0" hai="9,10,47,48,53,76,82,86,88,89,91" m="9769" machi="53" ten="30,7700,0" yaku="8,1,52,2,54,1" doraHai="5" who="3" fromWho="0" sc="211,-77,250,0,211,0,328,77" /><INIT seed="3,0,0,4,2,54" ten="134,250,211,405" oya="3" hai0="34,71,48,27,120,70,63,101,82,129,72,87,21" hai1="41,1,94,67,79,31,128,118,22,32,133,91,75" hai2="68,12,121,14,46,114,104,37,78,90,92,60,42" hai3="122,17,11,47,30,62,125,45,38,96,16,113,19"/><W24/><G122/><T13/><D129/><U23/><E133/><V39/><F104/><W9/><G113/><T95/><D34/><U2/><E128/><V84/><F78/><W110/><G125/><T86/><D72/><U135/><E135/><V107/><F107/><W102/><G110/><T131/><D120/><U6/><E118/><V40/><F114/><W106/><G62/><T117/><D13/><U51/><E67/><V66/><F121/><W36/><G47/><AGARI ba="0,0" hai="12,14,37,39,40,42,46,47,60,66,68,84,90,92" machi="47" ten="40,1300,0" yaku="9,1" doraHai="54" who="2" fromWho="3" sc="134,0,250,0,211,13,405,-13" /><INIT seed="4,0,0,1,3,44" ten="134,250,224,392" oya="0" hai0="93,78,57,18,130,133,134,101,10,74,109,67,64" hai1="45,43,2,0,127,60,108,31,92,21,33,76,113" hai2="27,13,103,90,70,58,5,85,102,81,14,62,29" hai3="28,71,4,97,125,131,6,24,79,104,69,83,66"/><T112/><D112/><U84/><E113/><V36/><F70/><W121/><G125/><T12/><D130/><U68/><E108/><V123/><F36/><W120/><G131/><T129/><D129/><U16/><E127/><V34/><F123/><N who="3" m="47179" /><G97/><T126/><D126/><U37/><E31/><V19/><F5/><N who="3" m="2155" /><G66/><T116/><D116/><U105/><E105/><V100/><REACH who="2" step="1"/><F19/><REACH who="2" ten="134,250,214,392" step="2"/><W46/><G104/><T52/><D109/><U124/><E124/><V87/><F87/><N who="3" m="48639" /><G46/><T42/><D134/><U50/><E37/><V11/><F11/><W61/><G61/><T88/><D133/><U25/><E60/><V98/><F98/><W96/><G96/><T119/><D119/><U99/><E68/><V115/><F115/><W80/><G80/><T38/><D38/><U117/><E117/><V51/><F51/><W48/><G48/><T72/><D10/><U23/><E33/><AGARI ba="0,1" hai="24,28,33,69,71" m="48639,2155,47179" machi="33" ten="30,1000,0" yaku="13,1" doraHai="44" who="3" fromWho="1" sc="134,0,250,-10,214,0,392,20" /><INIT seed="5,0,0,4,2,101" ten="134,240,214,412" oya="1" hai0="41,68,38,56,133,35,14,127,123,98,116,134,21" hai1="95,29,24,48,60,51,19,122,82,106,65,26,27" hai2="74,88,25,130,46,20,54,49,40,80,36,118,112" hai3="89,66,131,69,30,87,58,115,43,55,83,77,99"/><U75/><E122/><V121/><F118/><W94/><G115/><T37/><D35/><U44/><E95/><V34/><F34/><W15/><G131/><T129/><D14/><U132/><E132/><N who="0" m="50793" /><D21/><U126/><E126/><V76/><F130/><W50/><G30/><T63/><D98/><U11/><E11/><V0/><F0/><W64/><G69/><T45/><D129/><U111/><E111/><V7/><F7/><W135/><G135/><T28/><D28/><U22/><E27/><V96/><F121/><W125/><G125/><T105/><D105/><U117/><E117/><V2/><F2/><W93/><G43/><T70/><D116/><U108/><E108/><V17/><F112/><W4/><G94/><T57/><D127/><U67/><E67/><V61/><F61/><W53/><G53/><N who="0" m="34191" /><D123/><U85/><E75/><V78/><F96/><W104/><G104/><T107/><D107/><U73/><E73/><V62/><F62/><W97/><G99/><T86/><D86/><U114/><E114/><V39/><F36/><N who="0" m="13930" /><D57/><U6/><E106/><V18/><F74/><W59/><G58/><T113/><D113/><U71/><E6/><V90/><F18/><W91/><G77/><T13/><D13/><U100/><E100/><V10/><F78/><W23/><G23/><T120/><D120/><U47/><E47/><N who="2" m="27967" /><F10/><AGARI ba="0,0" hai="4,10,15,50,55,59,64,66,83,87,89,91,93,97" machi="10" ten="40,1300,0" yaku="8,1" doraHai="101" who="3" fromWho="2" sc="134,0,240,0,214,-13,412,13" /><INIT seed="6,0,0,0,2,43" ten="134,240,201,425" oya="2" hai0="32,78,17,54,52,113,86,73,14,117,94,7,39" hai1="36,18,48,26,127,109,104,95,8,35,70,76,61" hai2="91,67,28,83,0,2,27,63,132,42,107,89,10" hai3="103,88,120,1,108,130,65,100,72,4,6,75,124"/><V38/><F107/><W111/><G65/><T58/><D32/><U50/><E109/><V51/><F38/><W129/><G120/><T57/><D73/><U115/><E104/><V105/><F105/><W47/><G1/><T64/><D113/><U134/><E115/><V55/><F42/><W37/><G37/><T82/><D117/><U34/><E134/><V59/><F132/><W71/><G71/><T123/><D123/><U53/><E36/><V135/><F135/><W22/><G22/><T44/><D7/><U90/><E127/><V9/><F2/><W15/><G15/><T31/><D31/><U60/><E76/><V114/><F114/><W101/><G101/><T49/><D64/><U13/><E70/><V79/><F91/><W93/><G93/><T12/><D39/><U46/><E35/><V24/><F89/><W29/><G29/><T128/><D128/><U41/><E34/><V68/><F27/><W131/><G131/><T11/><D14/><U110/><E26/><V85/><REACH who="2" step="1"/><F0/><REACH who="2" ten="134,240,191,425" step="2"/><W56/><G88/><T102/><REACH who="0" step="1"/><D54/><REACH who="0" ten="124,240,191,425" step="2"/><U25/><E25/><V119/><F119/><W77/><G130/><T121/><D121/><U97/><E110/><V5/><F5/><W92/><G129/><T16/><D16/><U19/><E18/><V98/><F98/><AGARI ba="0,2" hai="11,12,17,44,49,52,57,58,78,82,86,94,98,102" machi="98" ten="40,8000,1" yaku="1,1,8,1,52,1,54,1,53,0" doraHai="43" doraHaiUra="106" who="0" fromWho="2" sc="124,100,240,0,191,-80,425,0" /><INIT seed="7,0,0,5,3,56" ten="224,240,111,425" oya="3" hai0="111,64,25,27,49,41,28,44,24,124,67,17,114" hai1="20,122,102,23,117,96,100,120,79,126,40,62,70" hai2="112,91,101,7,12,35,77,22,15,80,19,58,68" hai3="33,89,135,59,104,103,47,37,130,55,113,92,63"/><W11/><G33/><T115/><D111/><U71/><E117/><V97/><F68/><W105/><G113/><N who="0" m="43019" /><D124/><U81/><E126/><V87/><F35/><W99/><G130/><T65/><D17/><U30/><E40/><V129/><F129/><W39/><G135/><T74/><D74/><U134/><E134/><V75/><F112/><W133/><G133/><T43/><D43/><U106/><E102/><V42/><F42/><W95/><G11/><T21/><AGARI ba="0,0" hai="21,24,25,27,28,41,44,49,64,65,67" m="43019" machi="21" ten="30,2000,0" yaku="15,1,11,1" doraHai="56" who="0" fromWho="0" sc="224,20,240,-5,111,-5,425,-10" owari="244,4.0,235,-16.0,106,-39.0,415,51.0" /></mjloggm>