<mjloggm ver="2.3"><GO type="41" lobby="0"/><UN n0="%E2%93%9D%53%75%70%68%78" n1="%E9%87%A3%E3%82%8A%E3%81%8A%E3%82%84%E3%81%98%EF%BC%B3%EF%BC%B4" n2="%E9%BA%BB%E9%9B%80%E6%84%9B" n3="%6B%61%74%65%72" dan="18,13,14,13" rate="2136.52,1865.87,1992.04,1846.71" sx="M,M,M,M"/><TAIKYOKU oya="0"/><INIT seed="0,0,0,0,0,26" ten="250,250,250,250" oya="0" hai0="127,5,44,96,28,12,93,89,70,78,25,46,60" hai1="53,9,35,103,102,81,36,109,118,125,87,10,61" hai2="120,30,131,119,65,67,17,71,37,126,98,39,111" hai3="133,16,105,80,15,79,45,23,57,6,40,33,74"/><T0/><D0/><U21/><E118/><V8/><F111/><W115/><G115/><T95/><D127/><U76/><E35/><V11/><F119/><W68/><G68/><T108/><D108/><U101/><E109/><V14/><F126/><W52/><G133/><T85/><D70/><U134/><E134/><V117/><F131/><W113/><G113/><T22/><D60/><U47/><E36/><V122/><F98/><W31/><G105/><T32/><D32/><U88/><E125/><V104/><F104/><W135/><G135/><T129/><D129/><U63/><E21/><V99/><F99/><W83/><G6/><T91/><REACH who="0" step="1"/><D78/><REACH who="0" ten="240,250,250,250" step="2"/><U97/><E76/><V114/><F71/><W121/><G79/><T54/><D54/><U116/><E63/><V64/><F117/><W73/><G121/><T100/><D100/><U112/><E116/><V55/><F114/><W77/><G77/><T92/><D92/><N who="1" m="58535" /><E112/><V110/><F110/><W29/><G33/><T27/><D27/><U59/><E47/><V48/><F122/><W84/><G83/><T72/><D72/><U4/><E103/><V20/><F120/><W58/><G73/><T124/><D124/><U13/><E102/><V50/><F67/><W19/><G74/><T49/><D49/><U51/><E51/><V38/><F50/><N who="3" m="26919" /><G52/><T123/><D123/><U130/><E130/><V128/><F128/><W2/><G2/><T3/><D3/><U86/><E53/><V90/><F55/><W107/><G107/><T1/><D1/><U82/><E61/><V94/><F48/><W66/><G66/><RYUUKYOKU ba="0,1" sc="240,30,250,-10,250,-10,250,-10" hai0="5,12,22,25,28,44,46,85,89,91,93,95,96" /><INIT seed="0,1,1,5,0,55" ten="270,240,240,240" oya="0" hai0="56,32,86,10,16,122,89,103,31,23,47,97,107" hai1="74,12,132,124,28,39,101,18,125,88,82,130,63" hai2="108,87,43,52,61,93,8,53,100,60,1,115,99" hai3="78,112,64,0,94,2,80,33,54,110,95,121,22"/><T7/><D122/><U131/><E39/><V113/><F108/><W66/><G112/><T36/><D32/><U75/><E28/><V83/><F43/><W109/><G33/><T98/><D31/><U117/><E117/><V128/><F128/><N who="1" m="49193" /><E63/><V41/><F41/><W57/><G121/><T127/><D127/><N who="1" m="48715" /><E101/><V129/><F129/><W20/><G54/><T50/><D36/><U48/><E48/><V119/><F119/><W40/><G40/><T29/><D29/><U118/><E118/><V104/><F104/><W126/><G126/><T30/><D30/><U62/><E62/><V123/><F123/><W134/><G80/><T4/><D103/><U21/><E88/><V70/><F1/><W90/><G90/><T65/><D107/><U13/><E13/><V71/><F8/><W6/><G78/><T69/><D10/><U26/><E12/><V102/><F83/><W77/><G77/><T92/><D69/><U49/><E49/><V17/><F87/><W106/><G106/><T37/><D37/><U85/><E85/><V14/><F14/><W68/><G68/><T96/><D47/><U120/><E120/><V35/><F35/><W9/><G9/><T15/><D50/><U79/><E75/><V91/><F91/><W67/><G6/><T11/><D11/><U3/><E3/><V81/><F81/><W59/><G66/><T44/><D44/><U84/><E84/><V58/><F93/><W42/><G42/><T133/><D7/><U116/><E116/><V38/><F38/><W111/><G111/><T51/><D4/><U72/><E72/><RYUUKYOKU ba="1,1" sc="270,-15,240,15,240,-15,240,15" hai1="18,21,26,74,79,82,132" hai3="0,2,20,22,57,59,64,67,94,95,109,110,134" /><INIT seed="1,2,1,4,0,95" ten="255,255,225,255" oya="1" hai0="14,59,39,62,11,110,93,44,75,42,58,55,109" hai1="114,76,3,22,97,78,68,0,7,135,132,38,1" hai2="80,28,81,60,47,84,45,29,53,74,64,12,79" hai3="99,9,104,77,88,89,129,8,18,33,126,50,105"/><U85/><E68/><V121/><F121/><W71/><G33/><T108/><D75/><U82/><E38/><V34/><F34/><W63/><G126/><T96/><D59/><U49/><E114/><V54/><F74/><W127/><G127/><T19/><REACH who="0" step="1"/><D110/><REACH who="0" ten="245,255,225,255" step="2"/><U61/><E1/><V15/><F64/><W48/><G71/><T13/><D13/><U57/><E3/><V24/><F24/><W130/><G63/><T131/><D131/><U72/><E72/><V117/><F60/><W134/><G134/><T37/><D37/><U4/><E0/><V2/><F2/><W124/><G124/><T70/><D70/><U23/><E135/><V116/><F79/><W30/><G77/><T46/><D46/><U115/><E76/><V118/><F117/><W32/><G129/><T51/><D51/><U31/><E49/><V107/><F107/><BYE who="2" /><W6/><G130/><T92/><D92/><U98/><E132/><V128/><F128/><W86/><G48/><T25/><D25/><U83/><E78/><UN n2="%E9%BA%BB%E9%9B%80%E6%84%9B" /><V10/><F84/><W56/><G86/><T122/><D122/><U20/><E85/><V90/><F118/><W87/><G87/><T40/><D40/><U5/><E83/><V100/><F116/><W103/><G50/><T111/><D111/><U41/><E41/><V17/><F15/><W43/><G43/><T21/><D21/><U101/><E82/><V26/><F81/><W35/><G105/><T66/><D66/><U125/><E23/><V73/><F80/><W120/><G120/><T69/><D69/><U133/><E125/><V106/><F106/><RYUUKYOKU ba="2,2" sc="245,30,255,-10,225,-10,255,-10" hai0="11,14,19,39,42,44,55,58,62,93,96,108,109" /><INIT seed="2,3,2,4,5,66" ten="275,245,215,245" oya="2" hai0="79,63,43,101,131,55,64,122,127,98,90,71,28" hai1="54,59,5,132,102,21,91,0,114,18,35,110,3" hai2="29,4,87,6,130,103,85,30,88,60,31,24,70" hai3="129,48,108,96,50,26,82,33,95,125,46,134,80"/><V47/><F130/><W58/><G129/><T119/><D131/><U97/><E97/><V113/><F113/><W32/><G108/><T94/><D122/><U120/><E120/><V100/><F87/><W36/><G125/><T2/><D2/><U73/><E73/><V104/><F24/><W11/><G36/><T41/><BYE who="1" /><D127/><U128/><E128/><V124/><F124/><W89/><G134/><T62/><D79/><U115/><E115/><V16/><F104/><W67/><G11/><T69/><D28/><U20/><E20/><V53/><F4/><W44/><G50/><T93/><D119/><U117/><E117/><V12/><F6/><W75/><G46/><T111/><D111/><U49/><E49/><N who="2" m="28863" /><F70/><W22/><G67/><T92/><D71/><U99/><E99/><V56/><F56/><W38/><G58/><T86/><REACH who="0" step="1"/><D94/><REACH who="0" ten="265,245,215,245" step="2"/><UN n1="%E9%87%A3%E3%82%8A%E3%81%8A%E3%82%84%E3%81%98%EF%BC%B3%EF%BC%B4" /><U27/><E27/><V78/><BYE who="1" /><F78/><UN n1="%E9%87%A3%E3%82%8A%E3%81%8A%E3%82%84%E3%81%98%EF%BC%B3%EF%BC%B4" /><W65/><G38/><T14/><D14/><U57/><E114/><V133/><F133/><W17/><G75/><T77/><D77/><U37/><E110/><V52/><F60/><W76/><G76/><T51/><D51/><U81/><E0/><V1/><F1/><W23/><G48/><T112/><D112/><U83/><E3/><V68/><F68/><W106/><G106/><T107/><D107/><U118/><E37/><V15/><F15/><W45/><G95/><T61/><D61/><U126/><E132/><V74/><F74/><W8/><G26/><T121/><D121/><U123/><E118/><V105/><F105/><W9/><G44/><T42/><D42/><RYUUKYOKU ba="3,3" sc="265,30,245,-10,215,-10,245,-10" hai0="41,43,55,62,63,64,69,86,90,92,93,98,101" /><INIT seed="3,4,3,4,1,92" ten="295,235,205,235" oya="3" hai0="48,119,57,93,50,86,95,105,39,11,47,100,64" hai1="81,41,0,43,75,12,122,111,90,120,51,65,32" hai2="31,80,25,28,27,121,125,102,60,15,89,83,5" hai3="94,24,67,49,30,132,45,68,52,124,98,46,34"/><W33/><G124/><T56/><D105/><U22/><E0/><V110/><F125/><W59/><G132/><T91/><D39/><U58/><E32/><V134/><F134/><W133/><G133/><T62/><D119/><U113/><E113/><V69/><F102/><W85/><G85/><T6/><D57/><U101/><E111/><V71/><F110/><W4/><G34/><T127/><D127/><U55/><E65/><V7/><F15/><W61/><REACH who="3" step="1"/><G4/><REACH who="3" ten="295,235,205,225" step="2"/><T2/><REACH who="0" step="1"/><D47/><REACH who="0" ten="285,235,205,225" step="2"/><U126/><E126/><V3/><BYE who="1" /><F121/><W104/><G104/><T114/><D114/><U123/><E123/><V76/><F3/><W66/><G66/><T16/><D16/><U130/><E130/><V135/><F135/><W35/><G35/><T37/><D37/><U107/><E107/><V79/><F5/><W131/><G131/><T10/><D10/><U109/><E109/><V29/><F7/><W72/><G72/><T63/><D63/><U108/><E108/><V26/><F60/><W97/><G97/><AGARI ba="4,5" hai="2,6,11,48,50,56,62,64,86,91,93,95,97,100" machi="97" ten="40,5200,0" yaku="1,1,52,1,53,1" doraHai="92" doraHaiUra="82" who="0" fromWho="3" sc="285,114,235,0,205,0,225,-64" /><INIT seed="4,0,0,5,4,13" ten="399,235,205,161" oya="0" hai0="68,67,35,14,44,5,132,105,7,84,55,32,18" hai1="85,54,110,130,34,43,126,41,80,111,42,25,128" hai2="23,22,36,88,104,87,125,16,98,30,113,52,24" hai3="100,74,101,73,89,63,97,37,134,27,59,28,70"/><T40/><D105/><U78/><E78/><V31/><F36/><W124/><G124/><T81/><D132/><U39/><E39/><V47/><F125/><W115/><G134/><T61/><D55/><U123/><E123/><V62/><F113/><W72/><G115/><T3/><D3/><U91/><E91/><V38/><F38/><W118/><G118/><T129/><D129/><U33/><E33/><V60/><F104/><W69/><G37/><T10/><D35/><U11/><E11/><V8/><F8/><W92/><G89/><T106/><D106/><U6/><E6/><V79/><F98/><W103/><G70/><T20/><D32/><U19/><E19/><N who="2" m="12383" /><F79/><W71/><G71/><T49/><REACH who="0" step="1"/><D10/><REACH who="0" ten="389,235,205,161" step="2"/><U95/><E95/><N who="2" m="54687" /><F62/><W4/><G92/><T50/><D50/><U66/><E66/><V75/><F75/><W45/><G72/><T56/><D56/><U131/><E131/><V109/><F109/><W57/><G57/><T127/><D127/><U86/><E86/><V48/><F60/><W119/><G63/><T94/><D94/><U135/><E135/><V120/><F120/><W133/><G133/><T107/><D107/><U96/><E96/><V9/><F9/><W26/><G97/><T82/><D82/><U1/><E1/><V2/><F2/><W58/><G73/><T64/><D64/><U12/><E12/><AGARI ba="0,1" hai="12,16,23,30,31,47,48,52" m="54687,12383" machi="12" ten="30,12000,2" yaku="8,1,52,2,54,3" doraHai="13" who="2" fromWho="1" sc="389,0,235,-120,205,130,161,0" /><INIT seed="5,0,0,0,0,41" ten="389,115,335,161" oya="1" hai0="132,83,50,94,36,73,76,12,117,131,45,23,48" hai1="20,19,37,56,89,46,13,66,74,103,14,15,63" hai2="75,86,32,134,100,53,8,91,39,82,2,51,58" hai3="33,120,129,60,4,127,42,69,65,80,26,90,49"/><U123/><E123/><V111/><F32/><W85/><G120/><T38/><D117/><U125/><E125/><V133/><F39/><UN n1="%E9%87%A3%E3%82%8A%E3%81%8A%E3%82%84%E3%81%98%EF%BC%B3%EF%BC%B4" /><W118/><G127/><T35/><D35/><U16/><E74/><V1/><F111/><W18/><G118/><T78/><D50/><U0/><E0/><V84/><F75/><W52/><G129/><T24/><D132/><N who="2" m="50794" /><F100/><W27/><G42/><T112/><D112/><U21/><E103/><V34/><F34/><W3/><G33/><T87/><D12/><U28/><E89/><N who="2" m="51351" /><F8/><W29/><G29/><T116/><D78/><U55/><E28/><V121/><F121/><W126/><G126/><T77/><D77/><U59/><E59/><V128/><F128/><W124/><G124/><T64/><D73/><U40/><REACH who="1" step="1"/><E66/><REACH who="1" ten="389,105,335,161" step="2"/><V98/><F1/><W130/><G130/><T17/><D131/><U79/><E79/><V9/><F2/><W44/><REACH who="3" step="1"/><G18/><AGARI ba="0,1" hai="13,14,15,16,18,19,20,21,37,40,46,55,56,63" machi="18" ten="40,7700,0" yaku="1,1,52,1,54,1,53,0" doraHai="41" doraHaiUra="122" who="1" fromWho="3" sc="389,0,105,87,335,0,161,-77" /><INIT seed="5,1,0,5,0,89" ten="389,192,335,84" oya="1" hai0="48,50,62,27,91,20,81,37,44,73,88,100,60" hai1="74,80,104,26,1,35,70,7,5,69,52,102,63" hai2="24,23,41,106,47,17,93,39,115,4,11,128,49" hai3="64,75,107,119,40,68,92,83,84,18,131,57,78"/><U94/><E1/><V108/><F108/><W10/><G131/><T82/><D37/><U103/><E104/><V98/><F106/><W124/><G68/><T67/><D100/><U76/><E70/><V22/><F128/><W71/><G71/><T30/><D50/><U105/><E105/><V132/><F132/><W122/><G122/><T118/><D118/><U9/><E9/><V101/><F23/><W29/><G119/><T95/><D91/><U65/><E103/><V12/><F115/><W110/><G110/><T125/><D125/><U13/><E13/><V42/><F39/><W77/><G124/><T25/><D25/><U111/><E111/><V66/><F66/><W114/><G114/><T133/><D73/><U36/><E36/><V43/><AGARI ba="1,0" hai="4,11,12,17,22,24,41,42,43,47,49,93,98,101" machi="43" ten="20,5200,0" yaku="0,1,7,1,8,1,52,1" doraHai="89" who="2" fromWho="2" sc="389,-14,192,-27,335,55,84,-14" /><INIT seed="6,0,0,3,1,64" ten="375,165,390,70" oya="2" hai0="86,76,125,79,129,18,65,78,22,8,124,48,32" hai1="62,110,40,7,45,44,58,13,80,121,102,95,2" hai2="118,130,131,57,92,72,97,70,42,54,30,89,17" hai3="111,116,0,29,25,83,88,114,56,122,11,68,119"/><V6/><F72/><W41/><G122/><T105/><D32/><U90/><E110/><V132/><F118/><W60/><G111/><T135/><D105/><U63/><E2/><V75/><F75/><W93/><G83/><T52/><D135/><U85/><E121/><V61/><F6/><W74/><G74/><T109/><D129/><U4/><E63/><V12/><F42/><W14/><G0/><T27/><D65/><U84/><E45/><V94/><F30/><W77/><G77/><T99/><D99/><U34/><E34/><V31/><F31/><W36/><G114/><T5/><D109/><U134/><E134/><V24/><F132/><W67/><G56/><T26/><D26/><U55/><E13/><V19/><F94/><W33/><G41/><T117/><D86/><U59/><E59/><V69/><F19/><W49/><G49/><T128/><D128/><N who="2" m="49194" /><F24/><W101/><G101/><T50/><D117/><U106/><E106/><V35/><F35/><W1/><G1/><T43/><D43/><U73/><E73/><V28/><F28/><W100/><G100/><T91/><D5/><U39/><REACH who="1" step="1"/><E102/><REACH who="1" ten="375,155,390,70" step="2"/><V126/><F126/><W66/><G66/><T71/><D125/><U133/><E133/><V81/><F61/><W120/><G120/><T16/><D124/><U10/><E10/><V96/><F57/><W15/><G15/><T23/><D8/><U53/><E53/><V107/><F54/><W47/><G47/><T21/><D52/><U104/><E104/><V9/><F107/><W37/><G116/><T3/><D3/><U112/><E112/><RYUUKYOKU ba="0,1" sc="375,-10,155,30,390,-10,70,-10" hai1="4,7,39,40,44,55,58,62,80,84,85,90,95" /><INIT seed="7,1,1,5,5,5" ten="365,185,380,60" oya="3" hai0="44,25,98,108,66,37,17,24,55,86,97,128,72" hai1="127,95,29,99,12,34,31,76,52,107,109,28,63" hai2="92,35,135,42,132,133,64,112,134,102,130,49,65" hai3="73,3,56,4,101,87,62,59,111,22,104,18,13"/><W8/><G73/><T50/><D108/><U19/><E107/><V69/><F35/><W32/><G111/><T58/><D72/><U6/><E109/><V43/><F135/><W9/><G87/><T82/><D128/><U103/><E127/><V71/><F130/><W45/><G32/><T84/><D84/><U39/><E6/><V118/><F112/><W38/><G22/><N who="0" m="13391" /><D37/><U79/><E39/><V33/><F33/><W36/><G45/><T123/><D123/><U11/><REACH who="1" step="1"/><E34/><REACH who="1" ten="365,175,380,60" step="2"/><V90/><F134/><W113/><G113/><T89/><D25/><U20/><E20/><V81/><F133/><W68/><G68/><T83/><D83/><U131/><E131/><V14/><F81/><W88/><G88/><T2/><D2/><U77/><E77/><V10/><F90/><W54/><REACH who="3" step="1"/><G59/><AGARI ba="1,2" hai="11,12,19,28,29,31,52,59,63,76,79,95,99,103" machi="59" ten="40,8000,1" yaku="1,1,8,1,52,1,54,1,53,0" doraHai="5" doraHaiUra="46" who="1" fromWho="3" sc="365,0,175,103,380,0,60,-83" owari="365,17.0,278,-12.0,380,47.0,-23,-52.0" /></mjloggm>