<mjloggm ver="2.3"><GO type="41" lobby="0"/><UN n0="%E3%81%82%E3%81%BE%E3%81%A4%E3%83%91%E3%83%91" n1="%E2%93%9D%53%75%70%68%78" n2="%E4%B8%80%E6%B0%97%E5%91%B5%E6%88%90" n3="%E5%8D%97%E6%96%97%E3%82%B7%E3%83%B3" dan="13,18,14,15" rate="1862.01,2041.52,1869.67,2041.11" sx="F,M,M,M"/><TAIKYOKU oya="0"/><INIT seed="0,0,0,1,4,105" ten="250,250,250,250" oya="0" hai0="6,111,109,83,97,62,124,29,58,74,82,57,127" hai1="126,87,16,3,67,2,72,12,55,96,27,115,99" hai2="69,92,21,76,88,66,14,32,47,7,119,80,102" hai3="71,50,75,35,37,39,90,128,125,89,108,20,33"/><T103/><D6/><U93/><E126/><N who="0" m="48169" /><D29/><U118/><E118/><V61/><F119/><W116/><G20/><T134/><D134/><U120/><E120/><V56/><F32/><W48/><G125/><T78/><D82/><U8/><E67/><V30/><F102/><W40/><G40/><T38/><D38/><U5/><E72/><V130/><F130/><W53/><G116/><T63/><D58/><U18/><E115/><V15/><F47/><W100/><G33/><T112/><D112/><U122/><E122/><V17/><F30/><W60/><G35/><T43/><D43/><U123/><E3/><V51/><F51/><W84/><G37/><T91/><D91/><N who="1" m="53503" /><E2/><V1/><F69/><W129/><G90/><T95/><D57/><U28/><E123/><V113/><F113/><W22/><G89/><T42/><D42/><U70/><E70/><V25/><F1/><W64/><G39/><T131/><D131/><U86/><E86/><N who="2" m="48391" /><F7/><W59/><G71/><T44/><D44/><U106/><E28/><V104/><F104/><W31/><G31/><T13/><D13/><N who="1" m="7207" /><E106/><V65/><F66/><W24/><G64/><T19/><D19/><U98/><E5/><V85/><AGARI ba="0,0" hai="14,15,17,21,25,56,61,65,85,88,92" m="48391" machi="85" ten="30,2000,0" yaku="8,1,54,1" doraHai="105" who="2" fromWho="2" sc="250,-10,250,-5,250,20,250,-5" /><INIT seed="1,0,0,4,4,88" ten="240,245,270,245" oya="1" hai0="134,133,87,135,15,89,55,64,108,66,123,112,38" hai1="14,79,7,68,39,43,73,78,11,42,114,125,46" hai2="37,54,120,57,131,6,47,18,99,115,70,62,109" hai3="45,23,118,36,10,113,121,124,16,72,26,93,50"/><U77/><E114/><V48/><F120/><W94/><G121/><T82/><D123/><U4/><E68/><V74/><F109/><W5/><G113/><T102/><D38/><U28/><E125/><V100/><F115/><W86/><G72/><T126/><D112/><U33/><E43/><N who="2" m="23023" /><F18/><W60/><G36/><T129/><D108/><U56/><E7/><V128/><F6/><W13/><G124/><T49/><D126/><U67/><E33/><V110/><F110/><W101/><G101/><T61/><D129/><U76/><E28/><V21/><F21/><W95/><G60/><T0/><D0/><U127/><E127/><V25/><F25/><W52/><G118/><T65/><D102/><U84/><E73/><V130/><F74/><W90/><AGARI ba="0,0" hai="5,10,13,16,23,26,45,50,52,86,90,93,94,95" machi="90" ten="30,12000,2" yaku="0,1,8,1,52,3,54,2" doraHai="88" who="3" fromWho="3" sc="240,-30,245,-60,270,-30,245,120" /><INIT seed="2,0,0,0,0,54" ten="210,185,240,365" oya="2" hai0="97,10,74,76,115,113,5,129,35,111,107,36,52" hai1="79,4,127,114,119,8,126,121,0,30,18,34,40" hai2="132,96,103,62,90,133,106,9,29,88,68,67,27" hai3="134,75,33,123,91,135,42,78,64,120,43,49,22"/><V13/><F133/><N who="3" m="50699" /><G33/><T20/><D35/><U98/><E79/><V15/><F132/><W104/><G104/><T116/><D36/><U21/><E40/><V14/><REACH who="2" step="1"/><F9/><REACH who="2" ten="210,185,230,365" step="2"/><W112/><G120/><T11/><D116/><U1/><E121/><V70/><F70/><W19/><G123/><T89/><D111/><U84/><E119/><V82/><F82/><W101/><G112/><T47/><D113/><U81/><E114/><V85/><F85/><W110/><G110/><T46/><D115/><U41/><E84/><V99/><F99/><W102/><G75/><T24/><D129/><U65/><E98/><V87/><F87/><W17/><G78/><T117/><D97/><U73/><E81/><V51/><F51/><W12/><G49/><T6/><D76/><U57/><E73/><V39/><F39/><W94/><G102/><T58/><D74/><U86/><E86/><V128/><F128/><W55/><G101/><T38/><D117/><U50/><E50/><V23/><AGARI ba="0,1" hai="13,14,15,23,27,29,62,67,68,88,90,96,103,106" machi="23" ten="30,6000,0" yaku="1,1,0,1,54,1,53,0" doraHai="54" doraHaiUra="71" who="2" fromWho="2" sc="210,-20,185,-20,230,70,365,-20" /><INIT seed="2,1,0,1,0,43" ten="190,165,300,345" oya="2" hai0="132,69,70,76,6,135,61,89,124,86,130,100,51" hai1="1,22,32,5,52,10,125,58,62,103,116,19,17" hai2="96,21,37,115,123,49,34,45,26,54,30,23,126" hai3="33,105,85,122,71,97,3,83,102,16,128,68,95"/><V80/><F123/><W20/><G33/><T41/><D100/><U91/><E116/><V53/><F126/><W7/><G128/><T50/><D124/><U12/><E125/><V94/><F115/><W56/><G122/><T66/><D76/><U0/><E32/><V114/><F114/><W42/><G3/><T63/><D6/><U60/><E103/><V2/><F2/><W11/><G42/><T77/><D77/><U38/><E38/><V129/><F129/><W9/><G56/><T99/><D99/><U18/><E1/><V101/><F54/><W111/><G111/><T133/><D89/><U118/><E118/><V46/><REACH who="2" step="1"/><F80/><REACH who="2" ten="190,165,290,345" step="2"/><W109/><G83/><T131/><D41/><AGARI ba="1,1" hai="21,23,26,30,34,37,41,45,46,49,53,94,96,101" machi="41" ten="40,12000,1" yaku="1,1,2,1,52,2,53,1" doraHai="43" doraHaiUra="39" who="2" fromWho="0" sc="190,-123,165,0,290,133,345,0" /><INIT seed="2,2,0,5,3,124" ten="67,165,423,345" oya="2" hai0="113,44,6,54,56,33,115,32,47,25,70,61,21" hai1="80,105,23,45,96,20,15,17,49,89,3,98,111" hai2="133,126,19,77,94,114,118,59,73,31,50,104,69" hai3="60,97,90,51,16,92,29,67,127,99,120,100,43"/><V40/><F118/><W62/><G120/><T131/><D131/><U84/><E111/><V130/><F114/><W85/><G127/><T83/><D70/><U103/><E3/><V48/><F19/><W119/><G119/><T87/><D6/><U66/><E66/><V52/><F31/><W125/><G29/><T10/><D10/><U36/><E36/><V63/><F94/><W30/><G30/><T129/><D129/><U81/><E98/><V101/><F101/><W65/><G99/><T37/><D37/><U123/><E123/><V74/><F104/><W18/><G65/><T102/><D102/><U14/><E81/><V122/><F77/><W93/><G62/><T2/><D2/><U106/><E106/><V0/><F73/><W22/><G22/><T95/><D113/><U128/><E128/><V72/><F0/><W41/><G125/><T13/><D115/><U58/><E58/><V132/><F72/><W1/><G1/><T68/><D68/><U79/><E79/><V117/><F74/><W4/><G4/><T7/><D95/><U82/><E82/><V107/><F107/><W112/><G51/><T71/><D71/><U5/><E5/><V110/><F117/><W55/><G55/><T75/><D75/><U121/><E121/><V91/><F122/><W57/><G112/><T108/><D108/><U76/><E76/><V42/><F110/><W8/><G8/><N who="0" m="4255" /><D33/><U109/><E109/><V78/><F126/><W46/><G46/><T24/><D32/><U86/><E105/><V53/><F130/><W88/><G100/><T39/><D39/><RYUUKYOKU ba="2,0" sc="67,-10,165,-10,423,-10,345,30" hai3="16,18,41,43,57,60,67,85,88,90,92,93,97" /><INIT seed="3,3,0,0,2,25" ten="57,155,413,375" oya="3" hai0="27,59,22,17,44,55,43,100,38,116,23,88,15" hai1="30,69,87,110,72,112,71,3,65,20,82,120,62" hai2="7,8,49,41,24,50,12,66,90,115,130,58,68" hai3="13,21,121,70,52,36,74,113,131,78,106,103,11"/><W19/><G113/><T123/><D116/><U46/><E112/><V83/><F115/><W126/><G121/><T29/><D123/><U16/><E120/><V33/><F130/><W79/><G131/><T134/><D134/><U34/><E3/><V61/><F41/><W47/><G70/><T48/><D100/><U5/><E5/><V104/><F104/><W97/><G126/><T128/><D128/><U124/><E72/><V32/><F49/><W10/><G74/><T133/><D133/><U40/><E110/><V125/><F125/><W117/><G117/><T75/><D75/><U107/><E107/><V95/><F83/><W109/><G109/><T105/><D105/><U92/><E92/><V51/><F32/><W127/><G127/><T77/><D77/><U42/><E71/><V35/><F35/><W28/><G36/><T119/><D119/><U53/><E34/><V45/><F45/><W64/><G64/><T118/><REACH who="0" step="1"/><D118/><REACH who="0" ten="47,155,413,375" step="2"/><U6/><E124/><V96/><F66/><W132/><G132/><T80/><D80/><U76/><E65/><V9/><F68/><W129/><G129/><T56/><D56/><U135/><E69/><V94/><F58/><W81/><G81/><T99/><D99/><U1/><E135/><V114/><F96/><W89/><G78/><T98/><D98/><U67/><E67/><V63/><F114/><W102/><G79/><T39/><D39/><U108/><E108/><V91/><F94/><W54/><G103/><T31/><D31/><U122/><E122/><V4/><F95/><N who="3" m="56559" /><G106/><T26/><D26/><U2/><E76/><RYUUKYOKU ba="3,1" sc="47,30,155,-10,413,-10,375,-10" hai0="15,17,22,23,27,29,38,43,44,48,55,59,88" /><INIT seed="4,4,1,2,5,26" ten="77,145,403,365" oya="0" hai0="126,70,19,48,4,100,44,84,80,88,134,10,61" hai1="40,2,47,99,41,135,1,111,42,110,53,93,125" hai2="108,31,87,0,57,89,43,118,46,38,75,36,132" hai3="86,114,120,78,112,8,9,82,107,55,67,32,131"/><T24/><D126/><U130/><E125/><V3/><F118/><W18/><G107/><T83/><D134/><U124/><E124/><V68/><F108/><W54/><G131/><T76/><D100/><U109/><E135/><V119/><F119/><W116/><G116/><T30/><D19/><U6/><E130/><V81/><F132/><W64/><G32/><T11/><D70/><U97/><E6/><V7/><F68/><W129/><G129/><T123/><D123/><U17/><E17/><V5/><F36/><W13/><G8/><T79/><D61/><U117/><E117/><V33/><F57/><W51/><G54/><T34/><D76/><U121/><E121/><V113/><F113/><N who="3" m="43627" /><G120/><T52/><D4/><U95/><E53/><V98/><F7/><W73/><G73/><AGARI ba="4,1" hai="10,11,24,30,34,44,48,52,73,79,80,83,84,88" machi="73" ten="30,11600,0" yaku="7,1,52,1,54,2" doraHai="26" who="0" fromWho="3" sc="77,138,145,0,403,0,365,-128" /><INIT seed="4,5,0,1,4,107" ten="215,145,403,237" oya="0" hai0="99,96,75,124,26,8,118,4,63,131,10,84,22" hai1="112,83,126,113,38,55,119,34,82,110,53,6,129" hai2="23,12,36,78,121,62,14,97,40,41,127,74,18" hai3="117,60,58,27,123,30,31,104,130,69,81,71,66"/><T108/><D118/><U90/><E119/><V132/><F121/><W109/><G109/><T42/><D108/><U128/><E110/><V50/><F132/><W37/><G117/><T105/><D75/><U94/><E6/><V76/><F127/><W89/><G37/><T3/><D124/><U2/><E38/><V46/><F74/><W86/><G130/><N who="1" m="50282" /><E34/><V28/><F28/><W98/><G31/><T100/><D131/><U72/><E2/><V29/><F29/><W135/><G135/><T56/><D42/><U114/><E126/><V44/><F97/><W61/><G123/><T106/><D8/><U101/><E101/><V95/><F95/><W67/><G98/><T1/><D84/><N who="1" m="52551" /><E83/><V0/><F0/><W19/><G104/><T15/><D105/><U17/><E17/><V39/><F62/><W93/><G19/><T120/><D96/><U133/><E133/><V33/><F33/><W87/><G87/><T80/><D80/><U7/><E7/><V48/><F18/><W115/><G81/><T102/><D102/><U47/><E47/><V73/><F73/><W85/><G85/><T5/><D5/><U125/><E125/><V24/><F23/><W57/><REACH who="3" step="1"/><G115/><REACH who="3" ten="215,145,403,227" step="2"/><T16/><REACH who="0" step="1"/><D120/><REACH who="0" ten="205,145,403,227" step="2"/><U92/><E92/><V35/><F36/><W134/><G134/><T25/><D25/><U32/><E32/><AGARI ba="5,2" hai="27,30,32,57,58,60,61,66,67,69,71,86,89,93" machi="32" ten="30,7700,0" yaku="1,1,7,1,9,1,53,1" doraHai="107" doraHaiUra="88" who="3" fromWho="1" sc="205,0,145,-92,403,0,227,112" /><INIT seed="5,0,0,1,4,86" ten="205,53,403,339" oya="1" hai0="59,92,58,112,3,126,100,68,6,76,24,122,109" hai1="62,22,125,102,38,133,60,17,72,1,108,2,79" hai2="106,16,0,134,70,104,121,66,98,82,99,69,78" hai3="94,28,110,130,56,74,39,101,128,15,33,71,20"/><U53/><E38/><V54/><F121/><W61/><G39/><T123/><D109/><U32/><E32/><V93/><F134/><W11/><G74/><T113/><D68/><U107/><E133/><V10/><F54/><W96/><G71/><T46/><D76/><U80/><E125/><V48/><F48/><W91/><G33/><T41/><D24/><U63/><E108/><V87/><F98/><W50/><G50/><N who="0" m="26959" /><D6/><U135/><E135/><V13/><F0/><W25/><G110/><T127/><D3/><U83/><E53/><V52/><F52/><N who="3" m="33927" /><G130/><T84/><D100/><U57/><E57/><N who="0" m="21513" /><D84/><U129/><E129/><V9/><F70/><W90/><G128/><T35/><D92/><U73/><E102/><V44/><F104/><W45/><G45/><T111/><D35/><U95/><E107/><V30/><F106/><W49/><G49/><T40/><D40/><U88/><E83/><V85/><F69/><W119/><G119/><T12/><D12/><U116/><E73/><V26/><F44/><W114/><G114/><N who="0" m="44139" /><D111/><U120/><E116/><V31/><F66/><W23/><G23/><T132/><D132/><U4/><E2/><V27/><F9/><W124/><G124/><AGARI ba="0,0" hai="122,123,124,126,127" m="44139,21513,26959" machi="124" ten="40,8000,1" yaku="18,1,15,1,34,2" doraHai="86" who="0" fromWho="3" sc="205,80,53,0,403,0,339,-80" /><INIT seed="6,0,0,2,2,62" ten="285,53,403,259" oya="2" hai0="34,108,127,13,115,105,5,66,64,91,84,28,36" hai1="89,53,32,72,54,104,129,58,33,46,49,60,88" hai2="56,48,112,98,2,16,82,74,80,27,79,55,87" hai3="4,94,35,130,38,1,111,29,78,103,18,42,10"/><V124/><F124/><W101/><G111/><T14/><D108/><U120/><E129/><V37/><F112/><W116/><G116/><T0/><D105/><U51/><E72/><V44/><F2/><W81/><G130/><T99/><D36/><U134/><E104/><V97/><F37/><W133/><G133/><T96/><D0/><U67/><E134/><V45/><F74/><W76/><G76/><T83/><D34/><U6/><E6/><V109/><F82/><W20/><G94/><T59/><D115/><U26/><E120/><V73/><F73/><W21/><G21/><T106/><D106/><U95/><E26/><V22/><F109/><W123/><G123/><T113/><D113/><U121/><E121/><V117/><F117/><W70/><G70/><T8/><D127/><U92/><E33/><V65/><F44/><W71/><G71/><T41/><D41/><U128/><E32/><V110/><F110/><W107/><G107/><T75/><D75/><U57/><REACH who="1" step="1"/><E128/><REACH who="1" ten="285,43,403,259" step="2"/><V85/><F27/><W119/><G35/><T30/><D13/><U43/><E43/><V135/><F135/><W23/><G42/><T11/><D11/><U93/><AGARI ba="0,1" hai="46,49,51,53,54,57,58,60,67,88,89,92,93,95" machi="93" ten="30,8000,1" yaku="1,1,0,1,8,1,52,1,54,1,53,0" doraHai="62" doraHaiUra="131" who="1" fromWho="1" sc="285,-20,43,90,403,-40,259,-20" /><INIT seed="7,0,0,2,4,88" ten="265,133,363,239" oya="3" hai0="19,108,90,26,18,120,57,49,121,17,102,4,40" hai1="104,50,107,122,70,11,114,45,103,93,124,1,23" hai2="52,33,105,51,75,21,65,46,128,117,68,7,119" hai3="25,60,111,36,72,59,38,29,74,39,91,66,5"/><W69/><G111/><T22/><D108/><U81/><E122/><V12/><F33/><W115/><G115/><T76/><D76/><U78/><E70/><V37/><F75/><W101/><G5/><T54/><D102/><U15/><E124/><V132/><F105/><W112/><G112/><T106/><D106/><U96/><E114/><V125/><F125/><W134/><G134/><T86/><D4/><U127/><E1/><V0/><F132/><W32/><G91/><T87/><D40/><U113/><E127/><V24/><F12/><W116/><G116/><T8/><D8/><U16/><E113/><V98/><F98/><W133/><G133/><T80/><REACH who="0" step="1"/><D87/><REACH who="0" ten="255,133,363,239" step="2"/><U82/><E11/><V44/><F7/><W3/><G3/><T83/><D83/><U48/><E82/><V94/><F0/><W99/><REACH who="3" step="1"/><G59/><REACH who="3" ten="255,133,363,229" step="2"/><T100/><D100/><U67/><E107/><AGARI ba="0,2" hai="25,29,32,36,38,39,60,66,69,72,74,99,101,107" machi="107" ten="40,18000,2" yaku="1,1,2,1,25,2,33,3,53,0" doraHai="88" doraHaiUra="34" who="3" fromWho="1" sc="255,0,133,-180,363,0,229,200" owari="255,-14.0,-47,-55.0,363,16.0,429,53.0" /></mjloggm>