<mjloggm ver="2.3"><GO type="41" lobby="0"/><UN n0="%E5%BE%AE%E9%80%9F%E5%89%8D%E8%A1%8C" n1="%7A%6E%73%69" n2="%E2%93%9D%53%75%70%68%78" n3="%66%75%6B%61%74%61%6B%75" dan="15,15,16,14" rate="1967.18,2080.10,2030.52,1906.78" sx="F,M,M,M"/><TAIKYOKU oya="0"/><INIT seed="0,0,0,3,4,16" ten="250,250,250,250" oya="0" hai0="92,118,78,110,10,130,93,60,107,102,84,113,4" hai1="67,34,29,2,108,53,72,66,26,44,25,127,17" hai2="15,122,100,37,0,123,9,63,117,109,126,47,76" hai3="31,99,80,79,46,30,128,116,74,39,7,75,43"/><T1/><D118/><U129/><E72/><V38/><F100/><W68/><G116/><T8/><D113/><U88/><E108/><V73/><F117/><W135/><G68/><T97/><D110/><U33/><E2/><V70/><F15/><W111/><G75/><T14/><D130/><U103/><E103/><V105/><F126/><W20/><G111/><T115/><D115/><U58/><E129/><V55/><F55/><W94/><G135/><T51/><D60/><U125/><E44/><V24/><F24/><W19/><G7/><T85/><D51/><U82/><E33/><V40/><F105/><W81/><G81/><T6/><REACH who="0" step="1"/><D78/><REACH who="0" ten="240,250,250,250" step="2"/><U106/><E125/><V98/><F63/><W50/><G50/><T22/><D22/><U134/><E127/><V48/><F48/><W42/><G128/><T57/><D57/><U91/><E58/><V28/><F76/><W133/><G133/><T114/><D114/><U18/><E134/><V59/><F59/><W45/><G45/><T89/><D89/><U52/><E88/><V132/><F132/><W86/><G43/><T64/><D64/><U96/><E91/><V49/><F109/><W21/><G21/><T5/><D5/><U27/><E66/><V62/><F49/><W83/><G79/><T61/><D61/><U41/><E67/><V13/><F62/><W35/><G35/><T101/><D101/><U71/><E41/><V90/><F40/><W12/><G46/><T32/><D32/><U77/><E77/><V69/><F47/><W104/><G42/><T112/><D112/><U11/><E34/><RYUUKYOKU ba="0,1" sc="240,30,250,-10,250,-10,250,-10" hai0="1,4,6,8,10,14,84,85,92,93,97,102,107" /><INIT seed="0,1,1,5,0,51" ten="270,240,240,240" oya="0" hai0="0,67,5,72,87,115,40,135,109,93,58,83,23" hai1="9,100,57,46,113,1,97,124,70,41,75,85,81" hai2="118,130,132,42,45,66,106,110,49,104,127,103,69" hai3="30,29,101,68,27,54,96,28,24,64,78,62,126"/><T92/><D115/><U20/><E70/><V107/><F110/><W15/><G126/><T133/><D72/><U99/><E75/><V98/><F127/><W128/><G78/><T76/><D40/><U89/><E113/><V26/><F132/><N who="0" m="50762" /><D109/><U94/><E124/><V18/><F130/><W8/><G128/><T122/><D122/><U95/><E1/><V82/><F118/><W3/><G3/><T80/><D80/><U63/><E9/><V53/><F82/><W74/><G74/><T22/><D5/><U108/><E20/><N who="0" m="7721" /><D0/><U56/><E63/><AGARI ba="1,1" hai="58,63,67,76,83,87,92,93" m="7721,50762" machi="63" ten="30,1500,0" yaku="20,1" doraHai="51" who="0" fromWho="1" sc="270,28,240,-18,240,0,240,0" /><INIT seed="0,2,0,1,1,41" ten="298,222,240,240" oya="0" hai0="56,111,80,98,9,121,51,79,32,45,107,8,34" hai1="133,22,38,112,118,11,44,75,19,50,92,101,127" hai2="134,69,131,29,0,67,128,110,129,43,54,123,70" hai3="119,89,7,97,114,94,102,105,13,132,26,82,100"/><T28/><D121/><U18/><E75/><V78/><F78/><W59/><G119/><T115/><D115/><U53/><E38/><V47/><F0/><W42/><G132/><T25/><D34/><U52/><E133/><V109/><F29/><W135/><G135/><T103/><D56/><U87/><E127/><V46/><F134/><W84/><G114/><T77/><D79/><U17/><E118/><V2/><F2/><W90/><G26/><T65/><D65/><U116/><E116/><V15/><F15/><W95/><G42/><T64/><D64/><U10/><E22/><V124/><F123/><W27/><G27/><T21/><D32/><U83/><E112/><V91/><F91/><W63/><G7/><T117/><D111/><N who="2" m="42506" /><F67/><W130/><G13/><T14/><D14/><U85/><E53/><V86/><F86/><N who="1" m="32777" /><E83/><V81/><F81/><W1/><G1/><T104/><D104/><U30/><E30/><V76/><F76/><W12/><G12/><T16/><D28/><U20/><E20/><V126/><F54/><W57/><G105/><T33/><D33/><U5/><E5/><V93/><F93/><W68/><G82/><T35/><D35/><U49/><E49/><N who="2" m="26847" /><F47/><W6/><G6/><T36/><D36/><U106/><E106/><V113/><F113/><W120/><G120/><T108/><D108/><U96/><AGARI ba="2,0" hai="10,11,17,18,19,44,50,52,92,96,101" m="32777" machi="96" ten="30,4000,0" yaku="8,1,52,1,54,1" doraHai="41" who="1" fromWho="1" sc="298,-22,222,46,240,-12,240,-12" /><INIT seed="1,0,0,3,5,60" ten="276,268,228,228" oya="1" hai0="48,24,65,35,85,6,14,42,96,20,9,115,51" hai1="27,121,80,118,83,88,116,38,73,45,29,131,76" hai2="86,104,57,46,56,102,113,11,55,92,130,125,31" hai3="67,63,123,93,3,71,69,133,112,119,44,135,17"/><U78/><E121/><V10/><F104/><W98/><G112/><T95/><D115/><U99/><E131/><V70/><F70/><W8/><G123/><T0/><D42/><U81/><E38/><V33/><F125/><W34/><G34/><T40/><D40/><U109/><E45/><V94/><F31/><W90/><G119/><T114/><D114/><U68/><E68/><V32/><F113/><W1/><G71/><T41/><D41/><U28/><E28/><V111/><F86/><W5/><G44/><T108/><D108/><U82/><E27/><V120/><F46/><W124/><G124/><T15/><D85/><N who="1" m="50215" /><E29/><V7/><F120/><W103/><G1/><T64/><D35/><U72/><E109/><V53/><F111/><W89/><REACH who="3" step="1"/><G17/><REACH who="3" ten="276,268,228,218" step="2"/><N who="0" m="12303" /><D0/><U126/><E126/><V84/><F33/><W117/><G117/><N who="1" m="45162" /><E99/><V127/><F127/><W13/><G13/><T106/><D14/><U87/><E87/><V18/><F84/><W4/><G4/><T30/><D30/><U54/><E54/><V134/><F55/><W22/><G22/><T21/><D21/><U97/><E97/><V79/><F53/><W58/><G58/><T101/><D106/><U61/><E61/><V50/><F32/><W37/><G37/><T23/><D23/><U62/><E62/><V43/><F43/><W110/><G110/><T59/><D59/><U74/><AGARI ba="0,1" hai="72,73,74,76,78,81,82,83" m="45162,50215" machi="74" ten="40,7800,0" yaku="34,2,54,1" doraHai="60" who="1" fromWho="1" sc="276,-26,268,88,228,-26,218,-26" /><INIT seed="1,1,0,5,2,59" ten="250,356,202,192" oya="1" hai0="83,65,76,97,53,114,16,129,46,24,67,86,69" hai1="50,47,126,66,78,9,94,109,44,5,110,125,80" hai2="26,11,4,111,25,39,131,17,88,19,10,48,115" hai3="113,21,63,87,81,20,120,118,75,106,79,133,12"/><U104/><E104/><V107/><F107/><W29/><G120/><T135/><D114/><U8/><E94/><V13/><F39/><W74/><G113/><T91/><D135/><U57/><E9/><V84/><F115/><W3/><G3/><T99/><D129/><U64/><E80/><V108/><F48/><W15/><G106/><T128/><D128/><U77/><E8/><V49/><F49/><W93/><G133/><T2/><D2/><U36/><E50/><V71/><F71/><W41/><G41/><T32/><D46/><U122/><E57/><V28/><F131/><W105/><G105/><T95/><D53/><U7/><REACH who="1" step="1"/><E122/><REACH who="1" ten="250,346,202,192" step="2"/><V35/><F11/><W43/><G93/><T100/><D69/><U61/><E61/><V101/><F101/><W51/><G63/><T130/><D130/><U18/><E18/><V38/><F38/><AGARI ba="1,1" hai="5,7,36,38,44,47,64,66,77,78,109,110,125,126" machi="38" ten="25,4800,0" yaku="1,1,22,2,53,0" doraHai="59" doraHaiUra="30" who="1" fromWho="2" sc="250,0,346,61,202,-51,192,0" /><INIT seed="1,2,0,3,1,90" ten="250,407,151,192" oya="1" hai0="59,18,103,133,88,117,108,106,14,54,119,3,44" hai1="74,111,132,110,35,116,71,122,96,101,0,5,63" hai2="85,100,134,120,79,82,95,107,68,58,73,109,94" hai3="77,135,12,102,81,66,93,34,87,31,64,22,8"/><U21/><E116/><V53/><F68/><W32/><G135/><T19/><D3/><U2/><E35/><V72/><F120/><W10/><G34/><T114/><D133/><U86/><E74/><N who="2" m="28779" /><F53/><W17/><G32/><T24/><D114/><U41/><E41/><V55/><F58/><W39/><G39/><T131/><D131/><U99/><E132/><V9/><F9/><W56/><G31/><T65/><D108/><U47/><E122/><V29/><F55/><W26/><G10/><T125/><D125/><U76/><E21/><V37/><F29/><W112/><G112/><T62/><D103/><U80/><E47/><V7/><F7/><W50/><G50/><T69/><D106/><U98/><E101/><V49/><F49/><W15/><G56/><T121/><D121/><U83/><E5/><V123/><F37/><W129/><G12/><T67/><D44/><U51/><E51/><V25/><F25/><W40/><G129/><T43/><D43/><U124/><E124/><V16/><F109/><N who="1" m="41481" /><E83/><N who="2" m="47359" /><F123/><W118/><G118/><T127/><D127/><U27/><E27/><V20/><F82/><W1/><G1/><T97/><D69/><U92/><E71/><V33/><F33/><W42/><G42/><T75/><D119/><U45/><E45/><V52/><F134/><W91/><G40/><T89/><D117/><U60/><E2/><V130/><F130/><W115/><G115/><T126/><D126/><U11/><E0/><V30/><F30/><N who="3" m="17751" /><G102/><T38/><D38/><U128/><E128/><V84/><F100/><W46/><G46/><T113/><D24/><RYUUKYOKU ba="2,0" sc="250,-10,407,-10,151,-10,192,30" hai3="8,15,17,64,66,77,81,87,91,93" /><INIT seed="2,3,0,2,4,45" ten="240,397,141,222" oya="2" hai0="69,126,86,19,115,105,99,29,130,49,37,120,113" hai1="48,0,32,65,63,93,10,15,73,111,67,53,135" hai2="21,102,64,55,35,134,14,38,23,20,42,97,60" hai3="85,46,17,57,124,59,30,83,1,90,9,58,5"/><V28/><F134/><W50/><G124/><T101/><D37/><U128/><E0/><V8/><F38/><W122/><G122/><T66/><D120/><U104/><E104/><V16/><F42/><W89/><G30/><T44/><D126/><U47/><E32/><V118/><F118/><W71/><G71/><T27/><D130/><U41/><E73/><V87/><F87/><W61/><G17/><T7/><D19/><U11/><E11/><V74/><F74/><W43/><REACH who="3" step="1"/><G90/><REACH who="3" ten="240,397,141,212" step="2"/><T56/><D7/><U26/><E128/><V121/><F121/><W94/><G94/><T103/><D101/><U131/><E93/><V31/><F35/><W33/><G33/><N who="0" m="20671" /><D86/><U18/><E131/><V109/><F109/><W82/><G82/><T106/><D106/><U12/><E111/><V123/><F123/><W2/><G2/><T25/><D25/><U129/><E129/><V110/><F110/><W119/><G119/><T6/><D6/><U84/><E26/><V34/><F34/><W75/><G75/><T95/><D95/><U77/><E84/><V40/><F31/><W132/><G132/><T96/><D96/><U36/><E18/><V117/><F28/><W62/><AGARI ba="3,1" hai="1,5,9,43,46,50,57,58,59,61,62,83,85,89" machi="62" ten="30,4000,0" yaku="1,1,0,1,52,1,53,0" doraHai="45" doraHaiUra="24" who="3" fromWho="3" sc="240,-13,397,-13,141,-23,212,59" /><INIT seed="3,0,0,0,3,22" ten="227,384,118,271" oya="3" hai0="86,94,109,6,115,57,52,99,4,18,123,105,68" hai1="62,121,61,110,75,14,8,120,129,111,97,96,38" hai2="100,31,51,67,9,112,55,60,53,93,45,46,72" hai3="107,82,65,128,125,19,5,1,15,85,124,119,2"/><W16/><G107/><T70/><D123/><N who="1" m="47179" /><E75/><V92/><F72/><W56/><G119/><T40/><D109/><N who="1" m="41483" /><E38/><V102/><F9/><W127/><G128/><T17/><D40/><U21/><E21/><V81/><F81/><W101/><G101/><T114/><D105/><U131/><E14/><V27/><F112/><N who="0" m="43050" /><D86/><U12/><E61/><V116/><F116/><W77/><G65/><T76/><D76/><U58/><E97/><V71/><F102/><W87/><G56/><T10/><D6/><N who="1" m="3095" /><E96/><V88/><F100/><W37/><G37/><T29/><D29/><U48/><E48/><V130/><F51/><W84/><G5/><T24/><D4/><U0/><E0/><N who="3" m="106" /><G19/><T64/><D64/><AGARI ba="0,0" hai="58,62,64,129,131" m="3095,41483,47179" machi="64" ten="30,1000,0" yaku="14,1" doraHai="22" who="1" fromWho="0" sc="227,-10,384,10,118,0,271,0" /><INIT seed="4,0,0,3,5,115" ten="217,394,118,271" oya="0" hai0="110,123,84,18,58,96,109,81,92,49,73,62,38" hai1="16,4,6,111,11,116,2,52,45,76,78,70,98" hai2="134,106,91,74,5,79,86,27,129,26,44,15,20" hai3="94,51,1,33,8,35,103,25,112,63,89,13,47"/><T133/><D38/><U121/><E70/><V100/><F129/><W130/><G1/><T117/><D123/><U104/><E116/><V102/><F134/><W83/><G130/><T126/><D133/><U75/><E75/><V128/><F128/><W56/><G103/><T119/><D73/><U99/><E4/><V14/><F74/><W7/><G83/><T36/><D36/><U87/><E111/><N who="0" m="42505" /><D49/><U69/><E69/><V46/><F106/><W118/><G112/><T95/><D18/><U120/><E16/><V64/><F5/><W101/><G101/><N who="0" m="60551" /><D95/><U77/><E104/><V66/><F86/><W82/><G82/><T125/><D62/><U61/><E87/><V9/><F9/><W3/><G3/><T135/><D58/><U132/><E132/><V71/><F71/><W88/><G118/><N who="0" m="45067" /><D135/><U122/><E61/><V30/><F102/><W32/><G56/><T67/><D67/><U113/><E113/><V72/><F100/><W34/><G63/><T57/><D57/><U50/><AGARI ba="0,0" hai="2,6,11,45,50,52,76,77,78,98,99,120,121,122" machi="50" ten="40,2700,0" yaku="0,1,54,1" doraHai="115" who="1" fromWho="1" sc="217,-13,394,27,118,-7,271,-7" /><INIT seed="5,0,0,5,5,29" ten="204,421,111,264" oya="1" hai0="63,95,134,98,70,85,27,43,71,65,31,34,46" hai1="62,40,67,20,96,51,8,19,99,53,94,101,38" hai2="15,116,5,100,121,6,45,14,78,112,60,56,124" hai3="132,77,36,30,86,52,102,72,75,107,123,68,114"/><U24/><E38/><V80/><F116/><W33/><G36/><T23/><D134/><U93/><E40/><V126/><F100/><W129/><G52/><T113/><D113/><U88/><E8/><V54/><F121/><W115/><G86/><T120/><D120/><U76/><E76/><V122/><F122/><W92/><G92/><T50/><D85/><U55/><REACH who="1" step="1"/><E51/><REACH who="1" ten="204,411,111,264" step="2"/><V13/><F112/><W0/><G77/><T44/><D44/><U3/><E3/><V73/><REACH who="2" step="1"/><F45/><REACH who="2" ten="204,411,101,264" step="2"/><W16/><G115/><T97/><D70/><AGARI ba="0,2" hai="19,20,24,53,55,62,67,70,88,93,94,96,99,101" machi="70" ten="30,5800,0" yaku="1,1,7,1,54,1,53,0" doraHai="29" doraHaiUra="119" who="1" fromWho="0" sc="204,-58,411,78,101,0,264,0" /><INIT seed="5,1,0,4,1,21" ten="146,489,101,264" oya="1" hai0="104,3,84,61,12,79,92,73,7,53,108,99,29" hai1="2,77,67,10,0,83,39,124,57,20,85,38,48" hai2="22,106,125,50,123,112,41,17,103,74,129,78,100" hai3="133,52,131,16,70,126,116,11,101,88,107,42,15"/><U96/><E124/><V91/><F123/><W8/><G126/><T118/><D118/><U45/><E96/><V86/><F125/><W117/><G70/><T26/><D108/><U19/><E67/><V46/><F129/><W24/><G42/><T66/><D3/><U30/><E57/><V71/><F71/><W80/><G101/><T105/><D53/><U55/><E30/><V51/><F112/><W120/><G107/><T64/><D73/><U37/><REACH who="1" step="1"/><E10/><REACH who="1" ten="146,479,101,264" step="2"/><V68/><F68/><W121/><G121/><T93/><D66/><U5/><E5/><V81/><F106/><W102/><G120/><T110/><D110/><U1/><E1/><V44/><F74/><W89/><G11/><T28/><D105/><U34/><E34/><V127/><F127/><W18/><G117/><T35/><D29/><U40/><E40/><V58/><F58/><W90/><G116/><T82/><D7/><U6/><E6/><V9/><F9/><W25/><G131/><T97/><D99/><U111/><E111/><V13/><REACH who="2" step="1"/><F78/><REACH who="2" ten="146,479,91,264" step="2"/><W119/><G119/><T94/><D104/><U23/><E23/><V31/><F31/><W36/><G8/><T14/><REACH who="0" step="1"/><D97/><REACH who="0" ten="136,479,91,264" step="2"/><U62/><E62/><V4/><F4/><W87/><G102/><T128/><D128/><U47/><E47/><V56/><F56/><AGARI ba="1,3" hai="12,14,26,28,35,56,61,64,79,82,84,92,93,94" machi="56" ten="40,2600,0" yaku="1,1,52,1,53,0" doraHai="21" doraHaiUra="69" who="0" fromWho="2" sc="136,59,479,0,91,-29,264,0" /><INIT seed="6,0,0,1,1,101" ten="195,479,62,264" oya="2" hai0="39,38,75,17,52,41,117,69,63,110,109,90,82" hai1="27,25,128,15,3,36,65,83,95,113,42,0,10" hai2="133,22,97,72,89,87,73,26,16,11,12,116,23" hai3="106,123,1,14,112,130,59,103,77,6,127,76,48"/><V105/><F116/><W53/><G123/><T33/><D117/><U45/><E113/><V132/><F23/><W46/><G112/><T122/><D122/><U71/><E128/><V120/><F120/><W35/><G35/><T40/><D33/><U47/><E47/><V56/><F56/><W78/><G1/><T21/><D75/><U124/><E124/><V104/><F73/><W8/><G127/><T7/><D7/><U28/><E25/><V64/><F97/><W5/><G130/><T135/><D135/><N who="2" m="51786" /><F64/><W61/><G106/><T67/><D82/><U2/><E83/><N who="2" m="49407" /><F72/><W102/><G5/><AGARI ba="0,0" hai="5,11,12,16,22,26,104,105" m="49407,51786" machi="5" ten="30,11600,0" yaku="20,1,52,2,54,1" doraHai="101" who="2" fromWho="3" sc="195,0,479,0,62,116,264,-116" /><INIT seed="6,1,0,3,5,126" ten="195,479,178,148" oya="2" hai0="6,25,16,97,55,88,131,18,19,14,53,91,92" hai1="39,94,26,48,22,106,113,98,11,77,2,56,36" hai2="1,75,73,35,44,23,63,68,82,50,123,101,111" hai3="114,27,85,67,43,110,103,72,96,87,109,38,24"/><V10/><F35/><W20/><G72/><T37/><D37/><U120/><E106/><V79/><F123/><W21/><G114/><T45/><D131/><U0/><E77/><V15/><F111/><W41/><G67/><T116/><D116/><U119/><E113/><V132/><F132/><W40/><G38/><T104/><D104/><U133/><E133/><V129/><F101/><W90/><G43/><T71/><D71/><U62/><E48/><V93/><F93/><W69/><G69/><T33/><D45/><U7/><E2/><V117/><F117/><W51/><G51/><T107/><D107/><U105/><E105/><V60/><F129/><W135/><G135/><T52/><D6/><U49/><E49/><V9/><F75/><W89/><G96/><T12/><D33/><U84/><E84/><V124/><F124/><W86/><G86/><T30/><D30/><U64/><E119/><V28/><F1/><W134/><G134/><T65/><D65/><U8/><E120/><V121/><F121/><W125/><REACH who="3" step="1"/><G103/><REACH who="3" ten="195,479,178,138" step="2"/><T59/><D25/><U102/><E36/><V78/><F68/><W47/><G47/><T81/><D59/><U58/><E39/><V42/><F79/><W127/><AGARI ba="1,1" hai="20,21,24,27,40,41,85,87,89,90,109,110,125,127" machi="127" ten="25,6400,0" yaku="1,1,0,1,22,2,53,0" doraHai="126" doraHaiUra="100" who="3" fromWho="3" sc="195,-17,479,-17,178,-33,138,77" /><INIT seed="7,0,0,2,2,91" ten="178,462,145,215" oya="3" hai0="97,135,86,12,45,42,41,20,48,0,100,72,109" hai1="62,111,7,106,95,39,101,124,92,112,81,110,46" hai2="23,59,78,4,14,1,22,8,15,116,89,117,44" hai3="127,132,29,5,125,47,63,69,104,11,66,3,120"/><W108/><G120/><T102/><D0/><U67/><E7/><V107/><F107/><W64/><G104/><T13/><D109/><U87/><E39/><V77/><F44/><W58/><G108/><N who="1" m="41514" /><E46/><V31/><F59/><W123/><G123/><T57/><D135/><U27/><E27/><N who="2" m="16887" /><F89/><W74/><G74/><T43/><D72/><U9/><E9/><N who="2" m="2191" /><F78/><W103/><G103/><T51/><D20/><U10/><E10/><V122/><F77/><W94/><G29/><T16/><D13/><U134/><E62/><V40/><F40/><W65/><G132/><T115/><D115/><U49/><E67/><V35/><F122/><W55/><G47/><T93/><D102/><U52/><E52/><V83/><F83/><W99/><G69/><T119/><D119/><U82/><E49/><V90/><F90/><W21/><G21/><N who="0" m="11399" /><D86/><U26/><E26/><V70/><F70/><W2/><G2/><T114/><D114/><U130/><E134/><V75/><F75/><W61/><G63/><T25/><D25/><U24/><E24/><V85/><F85/><W37/><G37/><T73/><D73/><U118/><E118/><V88/><F35/><W131/><G66/><T76/><D76/><U32/><E32/><V71/><F71/><W28/><G65/><T54/><AGARI ba="0,0" hai="41,42,43,45,48,51,54,57,93,97,100" m="11399" machi="54" ten="30,4000,0" yaku="8,1,52,1,54,1" doraHai="91" who="0" fromWho="0" sc="178,40,462,-10,145,-10,215,-20" owari="218,2.0,452,54.0,135,-36.0,195,-20.0" /></mjloggm>