<mjloggm ver="2.3"><GO type="41" lobby="0"/><UN n0="%6F%6F%68%61%73%68%69" n1="%E3%83%81%E3%83%A7%E3%82%AD%E3%83%B3%E3%83%8B%E3%82%AF" n2="%E2%93%9D%53%75%70%68%78" n3="%4D%61%73%61%41%6E%64%34" dan="14,13,18,13" rate="1943.71,1886.24,2136.95,1928.29" sx="M,M,M,M"/><TAIKYOKU oya="0"/><INIT seed="0,0,0,0,3,16" ten="250,250,250,250" oya="0" hai0="29,66,8,31,28,115,117,53,62,70,46,85,90" hai1="123,49,102,64,75,33,105,13,80,84,52,111,63" hai2="99,27,93,15,87,108,24,59,44,45,4,61,42" hai3="26,109,119,96,101,130,41,58,39,55,74,112,126"/><T78/><D117/><U0/><E0/><V5/><F108/><W94/><G112/><T132/><D115/><U12/><E123/><V127/><F127/><W89/><G119/><T37/><D78/><U11/><E33/><V19/><F87/><W88/><G126/><T114/><D114/><U83/><E75/><V97/><F97/><W120/><G74/><T92/><D132/><U72/><E72/><V65/><F27/><W128/><G109/><T3/><D3/><U86/><E105/><V20/><F15/><W35/><G120/><T43/><D8/><U6/><E102/><V17/><F17/><W73/><G73/><T110/><REACH who="0" step="1"/><D53/><REACH who="0" ten="240,250,250,250" step="2"/><U131/><E111/><AGARI ba="0,1" hai="28,29,31,37,43,46,62,66,70,85,90,92,110,111" machi="111" ten="40,7700,0" yaku="1,1,2,1,53,1" doraHai="16" doraHaiUra="67" who="0" fromWho="1" sc="240,87,250,-77,250,0,250,0" /><INIT seed="0,1,0,0,2,112" ten="327,173,250,250" oya="0" hai0="61,60,5,126,48,7,19,33,103,133,31,106,2" hai1="85,127,91,29,9,117,28,50,15,115,46,70,37" hai2="1,81,120,14,129,92,71,56,83,113,42,116,93" hai3="57,134,95,74,114,102,49,65,111,24,67,90,77"/><T27/><D106/><U108/><E37/><V18/><F1/><W52/><G114/><T8/><D103/><U43/><E70/><V6/><F6/><W99/><G134/><T39/><D39/><U17/><E115/><V58/><F71/><W45/><G111/><T89/><D133/><U20/><E108/><V110/><F129/><W135/><G135/><T84/><D5/><U44/><E127/><V63/><F120/><W82/><G24/><T86/><D126/><U0/><E117/><V119/><F42/><W98/><REACH who="3" step="1"/><G45/><REACH who="3" ten="327,173,250,240" step="2"/><T21/><D48/><U38/><E0/><V72/><F110/><W32/><G32/><T128/><D128/><U30/><E46/><V54/><F113/><W132/><G132/><T73/><D73/><U62/><E38/><V59/><F72/><W105/><AGARI ba="1,1" hai="49,52,57,65,67,74,77,82,90,95,98,99,102,105" machi="105" ten="20,8000,1" yaku="1,1,0,1,7,1,54,1,53,1" doraHai="112" doraHaiUra="101" who="3" fromWho="3" sc="327,-41,173,-21,250,-21,240,93" /><INIT seed="1,0,0,2,0,100" ten="286,152,229,333" oya="1" hai0="112,104,95,57,125,94,88,64,135,29,55,122,98" hai1="89,90,48,80,45,42,91,27,78,14,86,20,5" hai2="97,117,2,56,81,110,101,61,36,108,43,132,47" hai3="46,74,133,119,62,22,96,134,23,35,66,131,30"/><U9/><REACH who="1" step="1"/><E91/><REACH who="1" ten="286,142,229,333" step="2"/><V67/><F110/><W128/><G119/><T130/><D112/><U82/><E82/><V87/><F108/><W129/><G74/><T19/><D122/><U54/><E54/><V49/><F117/><W73/><G73/><T83/><D64/><U40/><E40/><V50/><F132/><W58/><G134/><T44/><D135/><U109/><E109/><V93/><REACH who="2" step="1"/><F2/><REACH who="2" ten="286,142,219,333" step="2"/><W41/><G133/><T99/><D130/><U118/><E118/><V120/><F120/><W8/><G131/><T127/><D125/><U106/><E106/><V10/><F10/><W3/><G129/><T103/><D127/><U52/><E52/><V69/><F69/><W105/><G128/><T65/><D104/><U25/><E25/><V111/><F111/><W72/><G8/><T13/><D29/><AGARI ba="0,2" hai="5,9,14,20,27,29,42,45,48,78,80,86,89,90" machi="29" ten="30,18000,2" yaku="21,2,7,1,25,2,8,1,53,1" doraHai="100" doraHaiUra="38" who="1" fromWho="0" sc="286,-180,142,200,219,0,333,0" /><INIT seed="1,1,0,1,1,111" ten="106,342,219,333" oya="1" hai0="39,123,122,24,25,79,12,121,87,127,30,102,131" hai1="109,125,46,97,21,104,126,41,67,118,89,85,49" hai2="75,55,69,27,11,110,114,65,78,74,23,100,59" hai3="13,50,29,60,113,47,73,117,53,14,15,22,120"/><U64/><E118/><V35/><F35/><W52/><G120/><N who="0" m="30723" /><T44/><DORA hai="5" /><D102/><U48/><E109/><V4/><F110/><W1/><G73/><T91/><D79/><U61/><E104/><V32/><F32/><W38/><G1/><T9/><D39/><U0/><E0/><V34/><F34/><W19/><G117/><T51/><D87/><U105/><E105/><V20/><F20/><W80/><G80/><T96/><D96/><U103/><E48/><V8/><F65/><W68/><G29/><T112/><D91/><U134/><E134/><V66/><F66/><W88/><G38/><T86/><D86/><U129/><E64/><V18/><F69/><W82/><G68/><T81/><D81/><U83/><E21/><V71/><F71/><W94/><G82/><T36/><D36/><U56/><E129/><V17/><F100/><W130/><G130/><T42/><D131/><U84/><E84/><V6/><F78/><W108/><G108/><T45/><D44/><U40/><E40/><V7/><F75/><W107/><G107/><T26/><D127/><N who="1" m="48651" /><E97/><V98/><F98/><W63/><G63/><T95/><D95/><U3/><E3/><V10/><F74/><W28/><G60/><T99/><D99/><U90/><E103/><V128/><F128/><W70/><G70/><T124/><D124/><U54/><E41/><V72/><F72/><W31/><G94/><T115/><D30/><U58/><E46/><V2/><F2/><W77/><G47/><T57/><D57/><U62/><E62/><N who="2" m="36223" /><F114/><N who="0" m="43562" /><D26/><U37/><E37/><V119/><F119/><RYUUKYOKU ba="1,0" sc="106,10,342,10,219,10,333,-30" hai0="9,12,24,25,42,45,51" hai1="49,54,56,58,61,67,83,85,89,90" hai2="4,6,7,8,10,11,17,18,23,27" /><INIT seed="1,2,0,5,2,55" ten="116,352,229,303" oya="1" hai0="78,46,66,128,103,115,49,77,75,50,39,73,83" hai1="76,22,70,67,116,135,95,114,123,104,25,23,43" hai2="19,109,35,40,12,133,33,124,20,6,0,102,58" hai3="2,121,112,5,101,107,96,17,71,21,14,87,131"/><U44/><E104/><V118/><F40/><W110/><G121/><T108/><D115/><U90/><E114/><V48/><F118/><W36/><G112/><T134/><D108/><U47/><E123/><V92/><F109/><W45/><G110/><T126/><D128/><U63/><E135/><V68/><F68/><W117/><G131/><T111/><D111/><U130/><E116/><V120/><F124/><W60/><G117/><T59/><D134/><U26/><E76/><V31/><F120/><W88/><G5/><T32/><D32/><U86/><E130/><V9/><F102/><W72/><G2/><T64/><D126/><U100/><E100/><V18/><F92/><W27/><G72/><T84/><D103/><U34/><E34/><N who="2" m="12811" /><F48/><W132/><G132/><T28/><D28/><U42/><E42/><V61/><F61/><W29/><G45/><T56/><D46/><U30/><REACH who="1" step="1"/><E43/><REACH who="1" ten="116,342,229,303" step="2"/><V81/><F133/><W53/><G107/><T7/><D7/><U4/><E4/><V37/><F6/><W13/><G101/><T69/><D69/><U74/><E74/><V51/><F0/><W113/><G71/><T125/><D125/><U1/><E1/><V80/><F37/><W99/><G36/><T10/><D39/><U65/><E65/><V8/><F8/><W11/><G113/><T15/><D10/><U89/><E89/><V3/><F3/><W82/><G14/><T106/><D15/><U57/><E57/><AGARI ba="2,1" hai="11,13,17,21,27,29,53,57,60,82,87,88,96,99" machi="57" ten="40,5200,0" yaku="8,1,52,1,54,1" doraHai="55" who="3" fromWho="1" sc="116,0,342,-58,229,0,303,68" /><INIT seed="2,0,0,0,5,65" ten="116,284,229,371" oya="2" hai0="100,121,118,33,36,50,57,47,32,62,94,66,24" hai1="98,52,11,109,60,83,6,80,35,95,73,86,54" hai2="30,31,110,72,132,46,102,7,104,112,16,9,114" hai3="90,71,4,77,42,107,61,39,28,22,8,87,124"/><V67/><F72/><W23/><G124/><T5/><D118/><U123/><E109/><V70/><F110/><W135/><G107/><T1/><D121/><U97/><E35/><V27/><F46/><W130/><G77/><T45/><D36/><U51/><E73/><V96/><F132/><W3/><G135/><T117/><D117/><U93/><E60/><N who="2" m="40295" /><F31/><W43/><G130/><T134/><D134/><U78/><E83/><V48/><F48/><W56/><G39/><T111/><D111/><U116/><E123/><V88/><F88/><W13/><G3/><T14/><D1/><U106/><E106/><V40/><F40/><W55/><G71/><T85/><D45/><U108/><E116/><V37/><F16/><W128/><G128/><T0/><D0/><U127/><E54/><V2/><F37/><W82/><G28/><T89/><D100/><U76/><E76/><V44/><F44/><W29/><G29/><T113/><D113/><U120/><E120/><V125/><F125/><W105/><G105/><T21/><D14/><N who="1" m="5495" /><E127/><V74/><F74/><W115/><G115/><T84/><D85/><U75/><E75/><V59/><F59/><W79/><G79/><T131/><D5/><U19/><E19/><V18/><F18/><W119/><G119/><T69/><D57/><N who="1" m="32927" /><E108/><V25/><F25/><W99/><G4/><T26/><D131/><U58/><E58/><V103/><F103/><W49/><G56/><T15/><D15/><U81/><E81/><V68/><F68/><W133/><G82/><T41/><D24/><U126/><E126/><V101/><F101/><RYUUKYOKU ba="0,0" sc="116,10,284,10,229,10,371,-30" hai0="21,26,32,33,41,47,50,62,66,69,84,89,94" hai1="78,80,86,93,95,97,98" hai2="2,7,9,27,30,96,102,104,112,114" /><INIT seed="2,1,0,2,2,49" ten="126,294,239,341" oya="2" hai0="21,95,26,19,134,130,55,109,41,3,110,92,38" hai1="80,44,62,22,128,129,56,72,79,70,85,84,4" hai2="114,23,13,74,25,31,35,17,71,124,116,90,45" hai3="104,107,46,94,96,51,117,99,33,57,63,69,50"/><V65/><F116/><W123/><G117/><T103/><D3/><U105/><E70/><V42/><F124/><W60/><G123/><T0/><D0/><U75/><E105/><V73/><F114/><W112/><G33/><T121/><D121/><U82/><E4/><V77/><F77/><W47/><G57/><T30/><D130/><N who="1" m="50283" /><E44/><V2/><F90/><W89/><G89/><T81/><D134/><U39/><E39/><V64/><F2/><W115/><REACH who="3" step="1"/><G94/><REACH who="3" ten="126,294,239,331" step="2"/><T122/><D122/><U29/><E82/><V113/><F113/><W18/><G18/><T67/><D81/><U12/><E72/><V66/><REACH who="2" step="1"/><F71/><AGARI ba="1,1" hai="46,47,50,51,60,63,69,71,96,99,104,107,112,115" machi="71" ten="25,3200,0" yaku="1,1,22,2,53,0" doraHai="49" doraHaiUra="27" who="3" fromWho="2" sc="126,0,294,0,239,-35,331,45" /><INIT seed="3,0,0,3,2,102" ten="126,294,204,376" oya="3" hai0="99,111,6,40,18,105,28,24,13,50,60,101,83" hai1="108,35,80,64,38,22,53,16,31,43,71,107,131" hai2="42,91,76,7,8,116,5,104,84,37,110,114,94" hai3="127,121,27,3,117,1,44,9,67,90,51,47,29"/><W123/><G117/><T73/><D111/><U72/><E108/><V86/><F110/><W33/><G127/><T87/><D73/><U0/><E0/><V54/><F114/><W46/><G67/><T61/><D6/><U58/><E131/><V134/><F134/><W14/><G51/><T69/><D40/><U63/><E72/><V59/><F104/><W89/><G3/><T62/><D50/><U133/><E80/><V115/><F115/><W119/><G119/><T34/><D13/><U45/><E133/><V39/><F116/><W81/><G1/><T20/><D20/><U12/><E31/><V41/><F8/><W30/><G30/><T78/><REACH who="0" step="1"/><D18/><REACH who="0" ten="116,294,204,376" step="2"/><U74/><E74/><V79/><F7/><W106/><G14/><T19/><D19/><U57/><E35/><V135/><F5/><W75/><G75/><T129/><D129/><U65/><E22/><V17/><F135/><W48/><G48/><T96/><D96/><U23/><E23/><V112/><F112/><W132/><G132/><T128/><D128/><U55/><E16/><V130/><F130/><W120/><G120/><T126/><D126/><U66/><E12/><V2/><F17/><W95/><G123/><T11/><D11/><U93/><E71/><AGARI ba="0,1" hai="24,28,34,60,61,62,69,71,78,83,87,99,101,105" machi="71" ten="40,5200,0" yaku="1,1,52,1,53,1" doraHai="102" doraHaiUra="92" who="0" fromWho="1" sc="116,62,294,-52,204,0,376,0" /><INIT seed="4,0,0,3,5,44" ten="178,242,204,376" oya="0" hai0="118,106,99,128,22,92,0,119,72,45,50,40,94" hai1="19,10,5,47,1,107,100,9,51,34,64,52,90" hai2="112,83,25,63,41,23,32,2,69,18,105,13,48" hai3="75,111,68,59,33,8,66,65,85,101,26,27,125"/><T38/><D0/><U3/><E34/><V102/><F2/><W29/><G111/><T131/><D72/><U46/><E64/><V86/><F112/><W15/><G75/><T37/><D106/><U82/><E100/><V11/><F32/><W76/><G125/><T93/><D99/><U39/><E107/><V55/><F41/><W43/><G101/><T54/><D22/><U77/><E90/><V120/><F120/><W124/><G124/><T80/><D80/><U60/><E60/><V104/><F63/><W134/><G134/><T95/><N who="0" m="23552" /><DORA hai="108" /><T88/><D88/><U73/><E19/><V132/><F69/><W87/><G68/><T91/><D91/><U96/><E96/><V116/><F116/><W123/><G123/><T81/><D81/><U14/><E39/><V57/><F132/><W70/><G70/><T133/><D133/><U49/><REACH who="1" step="1"/><E9/><REACH who="1" ten="178,232,204,376" step="2"/><V30/><REACH who="2" step="1"/><F102/><REACH who="2" ten="178,232,194,376" step="2"/><W58/><G33/><T17/><D119/><U12/><E12/><V56/><F56/><W74/><G59/><N who="0" m="33239" /><D118/><U130/><E130/><N who="0" m="49705" /><D38/><U36/><E36/><V110/><F110/><W28/><G58/><T42/><D42/><AGARI ba="0,2" hai="1,3,5,10,14,42,46,47,49,51,52,73,77,82" machi="42" ten="30,12000,2" yaku="1,1,7,1,52,2,54,1,53,1" doraHai="44,108" doraHaiUra="84,7" who="1" fromWho="0" sc="178,-120,232,140,194,0,376,0" /><INIT seed="5,0,0,4,5,8" ten="58,372,194,376" oya="1" hai0="114,131,127,93,65,128,3,15,110,100,46,135,120" hai1="24,57,21,64,81,95,123,97,31,9,68,26,41" hai2="27,75,102,58,74,66,126,103,77,61,70,62,113" hai3="133,56,2,92,5,48,44,105,72,38,83,35,54"/><U53/><E123/><V23/><F126/><W43/><G105/><T14/><D65/><U0/><E41/><V91/><F113/><W104/><G104/><T98/><D46/><U125/><E125/><V45/><F91/><W121/><G121/><T122/><D100/><U134/><E134/><V55/><F77/><W30/><G133/><T4/><D98/><U108/><E108/><V13/><F45/><W132/><G132/><T60/><D60/><U80/><E64/><V29/><REACH who="2" step="1"/><F13/><REACH who="2" ten="58,372,184,376" step="2"/><N who="0" m="4618" /><D135/><U111/><E111/><V49/><F49/><W112/><G112/><T87/><D87/><U33/><E0/><V17/><F17/><W76/><G30/><T78/><D78/><U32/><E9/><V51/><F51/><W118/><G2/><T63/><D63/><U115/><E115/><V59/><F59/><W22/><G48/><T47/><D114/><U11/><E11/><V119/><F119/><W89/><G118/><T96/><D47/><U94/><E68/><V67/><F67/><W6/><G56/><T20/><D127/><U84/><E57/><V106/><F106/><W85/><G44/><T73/><D110/><U18/><E53/><V109/><F109/><W90/><G54/><T34/><D73/><AGARI ba="0,1" hai="23,27,29,55,58,61,62,66,70,73,74,75,102,103" machi="73" ten="40,1300,0" yaku="1,1,53,0" doraHai="8" doraHaiUra="86" who="2" fromWho="0" sc="58,-13,372,0,184,23,376,0" /><INIT seed="6,0,0,2,2,45" ten="45,372,207,376" oya="2" hai0="3,2,84,13,19,16,97,66,115,54,105,89,78" hai1="53,46,124,62,44,112,134,70,96,58,38,14,75" hai2="42,93,118,74,18,25,5,21,109,101,23,33,120" hai3="64,59,7,125,56,10,85,83,61,11,30,82,34"/><V113/><F74/><W32/><G125/><T122/><D115/><U114/><E75/><V73/><F73/><W22/><G22/><T133/><D133/><U57/><E96/><V116/><F42/><W117/><G117/><T119/><D122/><U131/><E14/><V91/><F101/><W80/><G85/><T87/><D119/><U17/><E17/><V49/><F109/><W126/><G126/><T110/><D110/><U95/><E95/><V12/><F33/><W76/><G76/><T6/><D66/><N who="1" m="41303" /><E124/><V68/><F68/><W36/><G36/><T43/><D43/><N who="1" m="22647" /><E131/><V86/><F113/><N who="1" m="43625" /><E134/><V65/><F120/><W108/><G108/><T99/><D78/><U40/><E53/><V102/><F118/><W20/><G20/><T129/><D129/><U47/><E47/><V94/><F116/><W127/><G127/><T37/><D37/><AGARI ba="0,0" hai="37,40,46,57,58" m="43625,22647,41303" machi="37" ten="30,3900,0" yaku="15,1,34,2" doraHai="45" who="1" fromWho="0" sc="45,-39,372,39,207,0,376,0" /><INIT seed="7,0,0,2,0,67" ten="6,411,207,376" oya="3" hai0="41,96,118,4,44,5,12,95,53,9,45,56,25" hai1="81,90,58,57,132,39,99,103,74,98,100,110,129" hai2="104,11,51,94,65,131,114,49,115,127,125,24,23" hai3="84,3,133,22,14,124,37,91,33,75,85,120,28"/><W93/><G120/><T6/><D118/><U111/><E39/><V1/><F104/><W92/><G75/><T69/><D25/><U97/><E57/><V112/><F94/><W130/><G37/><T26/><D26/><U126/><E58/><V83/><F83/><W135/><G3/><T122/><D122/><U63/><E63/><V76/><F76/><W2/><G2/><T13/><D56/><U113/><E113/><V52/><F131/><W42/><G42/><T117/><D117/><U128/><E126/><V68/><F11/><W66/><G33/><T119/><D119/><U89/><E132/><V82/><F82/><W36/><G36/><T32/><D32/><U18/><E18/><V87/><F87/><W40/><G40/><T86/><D86/><N who="1" m="50383" /><E74/><V64/><F1/><W62/><G124/><T106/><D41/><U29/><E29/><V109/><F109/><N who="1" m="41481" /><E90/><V107/><F107/><W102/><G102/><AGARI ba="0,0" hai="97,98,99,100,102,103,128,129" m="41481,50383" machi="102" ten="40,2600,0" yaku="34,2" doraHai="67" who="1" fromWho="3" sc="6,0,411,26,207,0,376,-26" owari="6,-49.0,437,53.0,207,-19.0,350,15.0" /></mjloggm>