<mjloggm ver="2.3"><GO type="41" lobby="0"/><UN n0="%E2%93%9D%53%75%70%68%78" n1="%E5%A4%A7%E9%96%80%E6%9C%AA%E7%9F%A5%E7%94%B7" n2="%E3%81%B5%E3%81%B2%E3%82%83%E3%81%B5%E3%81%B2%E3%82%83" n3="%E3%82%A2%E3%83%92%E3%83%AB%E3%83%84%E3%83%AB%E3%82%AE%E3%83%BC" dan="18,14,15,15" rate="2146.39,1964.59,1978.62,2022.27" sx="M,M,M,M"/><TAIKYOKU oya="0"/><INIT seed="0,0,0,1,4,54" ten="250,250,250,250" oya="0" hai0="107,17,77,130,64,68,25,122,71,12,16,9,34" hai1="126,60,10,88,55,39,44,134,31,63,106,52,112" hai2="1,24,40,58,128,121,70,133,75,90,93,78,80" hai3="42,23,87,129,56,59,108,118,99,65,0,5,62"/><T135/><D122/><U33/><E106/><V6/><F70/><W57/><G118/><T32/><D107/><U50/><E134/><V69/><F69/><W53/><G108/><T74/><D135/><U45/><E126/><V14/><F133/><W37/><G129/><T123/><D123/><U114/><E31/><V83/><F121/><W124/><G124/><T49/><D130/><U73/><E33/><V72/><F128/><W81/><G23/><T105/><D105/><U125/><E125/><V46/><F1/><W110/><G110/><T8/><D49/><U127/><E127/><V100/><F100/><W84/><G53/><T48/><D48/><U11/><E73/><V95/><F24/><W119/><G119/><T92/><D92/><U2/><E2/><V28/><F28/><W89/><G99/><T51/><D51/><U35/><E35/><V3/><F3/><W131/><G131/><T103/><D103/><U30/><E30/><V4/><F14/><W7/><G0/><T29/><D34/><U26/><E26/><V61/><F46/><W102/><G102/><T38/><D38/><U41/><E88/><V91/><F61/><W98/><G98/><T82/><D64/><U67/><E55/><V120/><F120/><W66/><G62/><N who="1" m="23594" /><E67/><N who="3" m="25610" /><G37/><T13/><AGARI ba="0,0" hai="8,9,12,13,16,17,25,29,32,68,71,74,77,82" machi="13" ten="30,6000,0" yaku="0,1,9,1,54,1" doraHai="54" who="0" fromWho="0" sc="250,60,250,-20,250,-20,250,-20" /><INIT seed="0,1,0,3,3,39" ten="310,230,230,230" oya="0" hai0="103,32,7,119,84,64,12,60,82,124,88,49,97" hai1="8,89,110,27,18,107,85,62,131,104,0,93,127" hai2="22,72,34,31,81,135,24,4,41,11,68,126,69" hai3="50,79,90,37,99,44,23,122,102,96,101,42,28"/><T121/><D119/><U47/><E131/><V128/><F128/><W29/><G79/><T80/><D121/><U58/><E127/><V65/><F126/><W10/><G122/><T125/><D32/><U43/><E110/><V14/><F65/><W116/><G116/><T19/><D7/><U9/><E9/><V20/><F135/><W115/><G115/><T53/><D82/><U48/><E0/><V67/><F67/><W77/><G77/><T106/><D60/><U55/><REACH who="1" step="1"/><E27/><REACH who="1" ten="310,220,230,230" step="2"/><V134/><F134/><W40/><G10/><N who="0" m="6551" /><D64/><U25/><E25/><V105/><F105/><W63/><G37/><T129/><D129/><U57/><E57/><V71/><F72/><W117/><G117/><T132/><D132/><U21/><E21/><V35/><F22/><W45/><G23/><T52/><D53/><U120/><E120/><V130/><F130/><W46/><G46/><AGARI ba="1,1" hai="46,49,52,80,84,88,97,103,106,124,125" m="6551" machi="46" ten="30,5800,0" yaku="25,1,54,2" doraHai="39" who="0" fromWho="3" sc="310,71,220,0,230,0,230,-61" /><INIT seed="0,2,0,5,1,44" ten="381,220,230,169" oya="0" hai0="71,100,94,56,39,81,69,129,113,33,41,14,126" hai1="54,134,57,96,135,127,58,8,55,79,84,97,76" hai2="31,10,25,42,120,102,35,27,118,12,0,67,4" hai3="13,19,85,132,93,78,66,77,26,60,75,82,72"/><T59/><D33/><U30/><E30/><V70/><F120/><W74/><G132/><T7/><D113/><U65/><E65/><V106/><F118/><W17/><G93/><T37/><D81/><U119/><E119/><V73/><F27/><W68/><G26/><T52/><D14/><U1/><E1/><V105/><F73/><W53/><G77/><T15/><D15/><U29/><E29/><V121/><F121/><W62/><REACH who="3" step="1"/><G13/><REACH who="3" ten="381,220,230,159" step="2"/><T122/><D94/><U38/><E79/><V83/><F12/><W5/><G5/><T103/><D7/><U114/><E76/><V46/><F102/><W99/><G99/><T40/><D122/><U36/><E97/><V16/><F83/><W43/><G43/><T133/><D133/><U109/><E96/><V92/><F92/><W88/><G88/><T89/><D89/><U50/><E135/><V28/><F28/><W22/><G22/><T11/><D103/><U116/><E134/><V87/><F87/><W130/><G130/><T80/><D100/><U51/><E84/><V34/><F34/><W2/><G2/><T91/><D91/><U112/><E116/><V111/><F111/><W24/><G24/><T47/><D80/><U64/><E109/><V3/><F3/><W107/><G107/><T115/><D129/><U21/><E21/><V101/><F101/><W110/><G110/><T123/><D123/><U18/><E8/><V20/><F35/><W45/><G45/><T86/><D86/><U117/><E117/><V6/><F31/><W9/><G9/><T125/><D11/><U61/><E112/><RYUUKYOKU ba="2,1" sc="381,-10,220,-10,230,-10,159,30" hai3="17,19,53,60,62,66,68,72,74,75,78,82,85" /><INIT seed="1,3,1,3,0,19" ten="371,210,220,189" oya="1" hai0="51,81,61,53,134,122,105,104,46,112,86,93,126" hai1="128,87,57,69,101,74,60,123,85,127,119,64,82" hai2="89,92,98,132,3,73,79,99,55,124,135,67,20" hai3="88,114,41,50,95,5,84,56,90,49,25,9,2"/><U65/><E123/><V30/><F3/><W72/><G114/><T107/><D112/><U129/><E119/><V108/><F67/><W16/><G72/><T121/><D134/><N who="2" m="51242" /><F108/><W15/><G41/><T18/><D93/><U106/><E127/><V27/><F124/><W44/><G44/><T36/><D36/><U8/><E8/><V100/><F79/><W10/><G56/><T130/><D130/><N who="1" m="50283" /><E74/><V71/><F71/><W113/><G113/><T28/><D126/><U103/><E106/><N who="2" m="63767" /><F73/><W118/><G118/><T34/><D107/><U116/><E116/><V63/><F63/><W7/><REACH who="3" step="1"/><G90/><REACH who="3" ten="371,210,220,179" step="2"/><T131/><D131/><U97/><E57/><V6/><F55/><W42/><G42/><T52/><D53/><U45/><E45/><V110/><F110/><W62/><G62/><T33/><D61/><U94/><E65/><V111/><F111/><W66/><G66/><T133/><D133/><U0/><E60/><V31/><F6/><W22/><AGARI ba="3,2" hai="2,5,7,9,10,15,16,22,25,49,50,84,88,95" machi="22" ten="30,8000,1" yaku="1,1,0,1,52,1,54,2,53,0" doraHai="19" doraHaiUra="26" who="3" fromWho="3" sc="371,-23,210,-43,220,-23,179,109" /><INIT seed="2,0,0,5,2,57" ten="348,167,197,288" oya="2" hai0="58,66,85,122,94,18,29,8,2,56,108,88,123" hai1="23,70,117,55,52,26,130,125,4,42,67,71,127" hai2="48,10,7,53,80,1,97,110,0,76,54,60,3" hai3="40,86,14,24,62,27,96,34,121,107,99,91,38"/><V63/><F110/><W90/><G121/><T77/><D108/><U72/><E117/><V100/><F10/><W69/><G38/><T65/><D29/><U119/><E119/><V109/><F7/><W132/><G40/><T47/><D77/><U135/><E72/><V30/><F30/><W16/><G132/><T32/><D32/><U78/><E78/><V118/><F118/><W101/><G96/><T35/><D47/><U33/><E33/><V124/><F109/><W89/><G86/><T83/><D35/><U22/><E135/><V5/><F5/><W11/><REACH who="3" step="1"/><G34/><REACH who="3" ten="348,167,197,278" step="2"/><T44/><D123/><U120/><E120/><V13/><F124/><W92/><G92/><T75/><D94/><U59/><E42/><V111/><F111/><W113/><G113/><T98/><D98/><U82/><E125/><V84/><F13/><W20/><G20/><T126/><D126/><U134/><E127/><V129/><F129/><W105/><G105/><T28/><D122/><U133/><E23/><V114/><F114/><W131/><G131/><T104/><D104/><U37/><E130/><V81/><F81/><W87/><G87/><T61/><D85/><U73/><E82/><V43/><F43/><W74/><G74/><T17/><D75/><U51/><E73/><V12/><F12/><W79/><G79/><T106/><D106/><U31/><E37/><V128/><F128/><W46/><G46/><T93/><D44/><U50/><E134/><V112/><F112/><W68/><G68/><T25/><D83/><U115/><E133/><V41/><F41/><W9/><G9/><RYUUKYOKU ba="0,1" sc="348,-10,167,-10,197,-10,278,30" hai3="11,14,16,24,27,62,69,89,90,91,99,101,107" /><INIT seed="3,1,1,2,2,98" ten="338,157,187,308" oya="3" hai0="58,51,83,110,101,59,60,124,106,20,130,38,122" hai1="9,109,132,77,1,24,42,72,12,49,90,50,0" hai2="18,82,46,128,89,111,33,76,66,107,78,131,32" hai3="112,16,104,94,7,125,75,35,127,5,47,14,73"/><W53/><G104/><T31/><D38/><U99/><E132/><V134/><F134/><W6/><G112/><T120/><D110/><U79/><E109/><V74/><F111/><W97/><G35/><T80/><D124/><N who="3" m="47689" /><G47/><T29/><D130/><U61/><E72/><V54/><F66/><W17/><G53/><T129/><D129/><N who="2" m="49738" /><F107/><W126/><N who="3" m="47697" /><W67/><DORA hai="95" /><G67/><T114/><D106/><U30/><E0/><V70/><F70/><W52/><G52/><T48/><D20/><U8/><E1/><V40/><F54/><W91/><G17/><T118/><D60/><U92/><E61/><V85/><F18/><W96/><G97/><T102/><REACH who="0" step="1"/><D118/><REACH who="0" ten="328,157,187,308" step="2"/><U135/><E135/><V86/><F32/><W108/><G108/><T26/><D26/><U62/><E62/><V41/><F33/><W44/><G44/><T84/><D84/><U87/><E24/><V37/><F74/><W123/><G123/><T27/><D27/><U64/><E30/><V116/><F116/><W2/><G2/><T43/><D43/><U28/><E28/><V68/><F40/><W115/><G115/><AGARI ba="1,2" hai="29,31,48,51,58,59,80,83,101,102,114,115,120,122" machi="115" ten="25,12000,2" yaku="1,1,22,2,52,2,53,2" doraHai="98,95" doraHaiUra="45,88" who="0" fromWho="3" sc="328,143,157,0,187,0,308,-123" /><INIT seed="4,0,0,1,1,31" ten="471,157,187,185" oya="0" hai0="60,33,41,124,106,66,80,134,50,56,133,93,120" hai1="40,36,30,48,104,69,78,82,34,0,54,110,105" hai2="94,28,68,1,67,131,77,32,23,37,14,35,61" hai3="84,38,10,8,127,2,85,87,100,95,25,114,91"/><T116/><D124/><U101/><E110/><V72/><F94/><W49/><G38/><T6/><D116/><U102/><E0/><V98/><F23/><W83/><G114/><T113/><D120/><U16/><E69/><V122/><F28/><W39/><G39/><T26/><D106/><U63/><E63/><V130/><F14/><W119/><G119/><T75/><D6/><U4/><E4/><V86/><F86/><W5/><G127/><T42/><D50/><U88/><E40/><V97/><F97/><W59/><G25/><T126/><D113/><U76/><E36/><V125/><F98/><W74/><G74/><T9/><D9/><U58/><E105/><V52/><F52/><W3/><G3/><T15/><D42/><U13/><E104/><V18/><F18/><W57/><G100/><T71/><D41/><U117/><E117/><V70/><F125/><W121/><G121/><T46/><D75/><U24/><E76/><V17/><F17/><W123/><G123/><T55/><D55/><U90/><E102/><V73/><F122/><W92/><G10/><T96/><D126/><U89/><E101/><V43/><F70/><W79/><REACH who="3" step="1"/><G49/><REACH who="3" ten="471,157,187,175" step="2"/><T111/><D26/><U129/><E129/><N who="2" m="49163" /><F1/><W20/><G20/><T135/><D135/><U51/><E48/><V118/><F118/><W99/><G99/><T81/><D134/><U115/><E115/><V27/><F27/><W22/><G22/><T12/><D133/><U11/><E90/><AGARI ba="0,1" hai="2,5,8,57,59,79,83,84,85,87,90,91,92,95" machi="90" ten="40,2600,0" yaku="1,1,9,1,53,0" doraHai="31" doraHaiUra="112" who="3" fromWho="1" sc="471,0,157,-26,187,0,175,36" /><INIT seed="5,0,0,0,3,7" ten="471,131,187,211" oya="1" hai0="65,31,45,52,87,8,11,124,12,89,41,105,6" hai1="53,51,109,64,135,91,15,118,13,46,0,29,83" hai2="133,25,75,58,106,95,24,92,49,17,55,16,93" hai3="61,48,71,121,62,84,10,72,132,82,14,123,60"/><U4/><E118/><V80/><F106/><W79/><G71/><T76/><D124/><U113/><E109/><V88/><F75/><W3/><G3/><T90/><D31/><U122/><E122/><V112/><F133/><W63/><G132/><T77/><D105/><U94/><E135/><V117/><F112/><W126/><G126/><T36/><D65/><U32/><E113/><V125/><F125/><W26/><G26/><N who="2" m="10345" /><F117/><W74/><N who="3" m="15360" /><DORA hai="131" /><W68/><G68/><T19/><D52/><U18/><E64/><V38/><F38/><W85/><G48/><T100/><D100/><U39/><E39/><V130/><F130/><W28/><G28/><T134/><D90/><U114/><E114/><V37/><F37/><W99/><G99/><T116/><D116/><U81/><E29/><V111/><F111/><W5/><REACH who="3" step="1"/><G85/><AGARI ba="0,0" hai="16,17,49,55,58,80,85,88,92,93,95" m="10345" machi="85" ten="30,3900,0" yaku="8,1,54,2" doraHai="7,131" who="2" fromWho="3" sc="471,0,131,0,187,39,211,-39" /><INIT seed="6,0,0,4,1,9" ten="471,131,226,172" oya="2" hai0="127,30,71,48,75,0,41,124,2,29,20,133,52" hai1="89,81,116,113,97,135,76,126,119,28,130,109,10" hai2="88,114,33,35,102,104,44,64,16,79,84,67,94" hai3="6,40,93,11,78,46,17,105,123,1,106,19,62"/><V3/><F3/><W15/><G123/><T57/><D133/><U50/><E109/><V21/><F114/><W92/><G78/><T38/><D75/><U120/><E113/><V134/><F134/><W121/><G121/><T45/><D71/><U131/><E135/><V103/><F33/><W4/><G62/><T108/><D108/><U60/><E120/><V34/><F34/><W83/><G83/><T24/><REACH who="0" step="1"/><D30/><REACH who="0" ten="461,131,226,172" step="2"/><U43/><E28/><V23/><F35/><W86/><G105/><T66/><D66/><N who="2" m="25130" /><F104/><W85/><G106/><T14/><D14/><U36/><E131/><V74/><F74/><W80/><G19/><T99/><D99/><U96/><E130/><V22/><F79/><W56/><G85/><T111/><D111/><U118/><E76/><V72/><F72/><W55/><G86/><T68/><D68/><U32/><E32/><V26/><F44/><W77/><G77/><T90/><D90/><U53/><E89/><V61/><F61/><W100/><G100/><AGARI ba="0,1" hai="16,21,22,23,26,84,88,94,100,102,103" m="25130" machi="100" ten="30,5800,0" yaku="8,1,54,2" doraHai="9" who="2" fromWho="3" sc="461,0,131,0,226,68,172,-58" /><INIT seed="6,1,0,1,5,25" ten="461,131,294,114" oya="2" hai0="28,52,113,1,122,48,14,35,108,99,97,95,93" hai1="40,24,46,61,37,129,54,47,69,112,57,84,117" hai2="8,123,135,124,120,63,71,130,32,89,7,81,106" hai3="65,26,98,19,15,36,64,29,82,125,78,107,134"/><V5/><F106/><W126/><G36/><T96/><D108/><U74/><E74/><V58/><F71/><W76/><G107/><T102/><D113/><U56/><E117/><V11/><F32/><W119/><G98/><T92/><D1/><U67/><E112/><V12/><F135/><W72/><G78/><T38/><D38/><U41/><E84/><V59/><F130/><W80/><G80/><T105/><D122/><U50/><E24/><V118/><F124/><N who="3" m="47723" /><G119/><T42/><D42/><N who="1" m="22863" /><E129/><V114/><F114/><W60/><G134/><T4/><D14/><U70/><E40/><V21/><F118/><W73/><G73/><T44/><D4/><U17/><E17/><V45/><F45/><W27/><G27/><T83/><D83/><U94/><E94/><V16/><F58/><W13/><G19/><T39/><D39/><AGARI ba="1,0" hai="39,41,47,50,54,56,57,61,67,69,70" m="22863" machi="39" ten="30,8000,1" yaku="35,5" doraHai="25" who="1" fromWho="0" sc="461,-83,131,83,294,0,114,0" /><INIT seed="7,0,0,0,2,75" ten="378,214,294,114" oya="3" hai0="90,43,52,24,76,85,105,66,9,17,6,121,26" hai1="87,59,126,62,13,109,45,21,65,122,120,39,41" hai2="101,37,116,2,108,83,15,77,54,60,31,129,102" hai3="132,80,70,78,27,46,92,1,131,32,53,135,55"/><W57/><G1/><T99/><D76/><U106/><E109/><V20/><F2/><W127/><G70/><T25/><D43/><U84/><E106/><V16/><F37/><W40/><G127/><T11/><D66/><U118/><E126/><V61/><F116/><W107/><G107/><T125/><D121/><U30/><E118/><V35/><F129/><W64/><G131/><T69/><D69/><U79/><E122/><V22/><F35/><W42/><G92/><T95/><D6/><U111/><E111/><V96/><F108/><W123/><G123/><T91/><D105/><U19/><E120/><V50/><F22/><W98/><G98/><T71/><D71/><U38/><E38/><V49/><F49/><W7/><G7/><T93/><D125/><U124/><E124/><V0/><F31/><N who="3" m="19583" /><G64/><T58/><D17/><U73/><E30/><V115/><F115/><W34/><G34/><T89/><D89/><U103/><E103/><V63/><F96/><W113/><G113/><T72/><D72/><U51/><E39/><V47/><REACH who="2" step="1"/><F0/><REACH who="2" ten="378,214,284,114" step="2"/><W104/><G104/><T36/><D36/><U133/><E133/><N who="3" m="51274" /><G46/><T3/><D3/><U117/><E117/><V86/><AGARI ba="0,1" hai="15,16,20,47,50,54,60,61,63,77,83,86,101,102" machi="86" ten="30,12000,2" yaku="1,1,0,1,8,1,52,1,54,1,53,1" doraHai="75" doraHaiUra="81" who="2" fromWho="2" sc="378,-30,214,-30,284,130,114,-60" owari="348,15.0,184,-22.0,414,52.0,54,-45.0" /></mjloggm>