<mjloggm ver="2.3"><GO type="41" lobby="0"/><UN n0="%E2%93%9D%53%75%70%68%78" n1="%E6%A2%85%E3%81%95%E3%82%93%31%32%39" n2="%E3%82%AD%E3%83%A3%E3%83%97%E3%83%86%E3%83%B3%E3%82%BF%E3%83%83%E3%82%AF" n3="%E3%83%A1%E3%82%BF%E3%83%AB%E3%81%AF%E3%81%BE%E3%81%A3%E3%81%A1%E2%98%86" dan="17,14,14,15" rate="2089.76,1887.13,2169.14,2022.04" sx="M,M,M,M"/><TAIKYOKU oya="0"/><INIT seed="0,0,0,4,4,24" ten="250,250,250,250" oya="0" hai0="20,127,132,25,10,80,34,35,45,53,28,69,46" hai1="122,12,95,120,13,40,118,1,30,31,96,121,57" hai2="85,73,101,133,66,116,103,26,62,41,52,18,114" hai3="100,111,63,87,108,128,17,119,81,110,37,68,5"/><T79/><D69/><U38/><E118/><V4/><F73/><W131/><G37/><T21/><D132/><U61/><E1/><V0/><F41/><W83/><G5/><T64/><D64/><U33/><E33/><V7/><F133/><W75/><G68/><T47/><D127/><U94/><E40/><V129/><F66/><W22/><G63/><T89/><D89/><U19/><E38/><V8/><F129/><N who="3" m="49739" /><G119/><T93/><D93/><U58/><E61/><V123/><F114/><W6/><G6/><T50/><D10/><U77/><E96/><V109/><F7/><W107/><G75/><T48/><D35/><U117/><E77/><V43/><F43/><W55/><G55/><T49/><REACH who="0" step="1"/><D53/><REACH who="0" ten="240,250,250,250" step="2"/><U9/><E117/><V60/><F52/><W105/><G105/><T88/><D88/><U39/><E39/><V130/><F8/><W51/><G107/><T112/><D112/><U97/><E95/><V70/><F70/><W44/><G100/><T92/><D92/><U2/><E2/><V15/><F103/><W67/><G67/><T113/><D113/><U36/><E36/><V106/><F101/><W104/><G104/><T65/><D65/><U102/><REACH who="1" step="1"/><E12/><REACH who="1" ten="240,240,250,250" step="2"/><V98/><F0/><W135/><G135/><T76/><D76/><U84/><E84/><AGARI ba="0,2" hai="20,21,25,28,34,45,46,47,48,49,50,79,80,84" machi="84" ten="40,7700,0" yaku="1,1,52,1,53,1" doraHai="24" doraHaiUra="72" who="0" fromWho="1" sc="240,97,240,-77,250,0,250,0" /><INIT seed="0,1,0,4,5,65" ten="337,163,250,250" oya="0" hai0="12,5,70,44,20,73,90,46,103,53,98,133,91" hai1="55,28,114,32,59,19,39,10,84,128,111,49,88" hai2="24,54,18,37,79,129,99,8,105,26,115,109,132" hai3="122,33,52,80,38,31,14,16,110,95,123,57,77"/><T100/><D73/><U40/><E111/><V76/><F37/><W61/><G38/><T96/><D133/><U117/><E117/><V13/><F109/><W116/><G110/><T75/><D75/><U131/><E114/><V22/><F26/><W27/><G95/><T83/><D5/><U124/><E124/><V102/><F129/><N who="1" m="49737" /><E28/><V126/><F126/><W78/><G116/><T58/><D70/><U121/><E32/><V120/><F120/><N who="3" m="46123" /><G80/><T34/><D34/><U112/><E121/><V94/><F105/><W36/><G36/><T130/><D83/><N who="1" m="49183" /><E112/><V9/><F132/><W106/><G106/><T0/><D0/><U135/><E135/><V81/><F81/><W23/><AGARI ba="1,0" hai="14,16,23,27,31,33,52,57,61,77,78" m="46123" machi="23" ten="30,4000,0" yaku="13,1,54,2" doraHai="65" who="3" fromWho="3" sc="337,-21,163,-11,250,-11,250,43" /><INIT seed="1,0,0,0,5,58" ten="316,152,239,293" oya="1" hai0="60,66,90,70,86,99,127,130,50,112,100,110,37" hai1="101,109,135,131,107,35,83,114,39,94,57,34,71" hai2="125,4,74,102,96,18,76,118,45,103,21,56,12" hai3="72,31,104,98,75,89,88,27,52,128,24,129,28"/><U105/><E94/><V40/><F125/><W43/><G43/><T9/><D112/><U7/><E101/><V53/><F4/><W64/><G64/><T47/><D110/><U91/><E57/><V19/><F96/><W111/><G111/><T69/><D130/><N who="3" m="50281" /><G104/><T33/><D33/><U29/><E29/><N who="3" m="11338" /><G98/><T51/><D70/><U117/><E7/><V41/><F41/><W36/><G52/><T126/><D37/><U1/><E91/><N who="3" m="34890" /><G36/><T113/><D113/><U59/><E59/><V106/><F106/><W133/><G133/><T81/><D51/><U124/><E83/><V122/><F102/><W14/><G14/><T25/><D50/><U22/><E22/><V26/><F21/><W11/><G11/><T67/><D9/><U15/><E15/><V16/><F12/><W115/><G115/><T13/><D13/><U97/><E97/><V123/><F103/><W61/><G61/><T44/><D67/><U10/><E10/><V77/><F40/><W0/><G0/><T93/><REACH who="0" step="1"/><D25/><AGARI ba="0,0" hai="24,25,27,72,75" m="34890,11338,50281" machi="25" ten="30,7700,0" yaku="28,2,19,1,54,1" doraHai="58" who="3" fromWho="0" sc="316,-77,152,0,239,0,293,77" /><INIT seed="2,0,0,5,5,28" ten="239,152,239,370" oya="2" hai0="17,32,40,91,14,111,70,109,99,108,53,58,132" hai1="44,50,1,115,119,77,67,101,35,30,82,46,41" hai2="88,116,127,49,13,63,52,62,37,76,65,18,33" hai3="47,107,120,130,60,21,24,66,95,45,93,90,135"/><V75/><F33/><W7/><G107/><T102/><D70/><U56/><E119/><V98/><F37/><W112/><G120/><T4/><D40/><U38/><E115/><V117/><F127/><W114/><G7/><T12/><D132/><U104/><E1/><V118/><F75/><W71/><G130/><T80/><D4/><U103/><E104/><V61/><F76/><W128/><G128/><T20/><D14/><U72/><E56/><V26/><F26/><W34/><G95/><N who="0" m="56831" /><D80/><U9/><E9/><V89/><F98/><W69/><G69/><T31/><D102/><U81/><E67/><V42/><F65/><W87/><G34/><T126/><D126/><U79/><E30/><V84/><F42/><W55/><G55/><T6/><D6/><U54/><REACH who="1" step="1"/><E35/><REACH who="1" ten="239,142,239,370" step="2"/><V83/><F117/><W68/><G68/><T43/><D31/><U100/><E100/><V19/><F118/><W129/><G129/><T131/><D32/><U64/><E64/><V133/><F116/><W23/><G135/><T57/><D131/><U110/><E110/><V96/><F133/><W73/><G23/><T36/><D58/><U123/><E123/><V92/><F13/><W3/><G3/><T78/><D111/><U105/><E105/><V94/><F92/><W10/><G114/><T124/><D124/><U16/><E16/><V74/><F74/><AGARI ba="0,1" hai="38,41,44,46,50,54,72,74,77,79,81,82,101,103" machi="74" ten="30,3900,0" yaku="1,1,7,1,9,1,53,0" doraHai="28" doraHaiUra="122" who="1" fromWho="2" sc="239,0,142,49,239,-39,370,0" /><INIT seed="3,0,0,0,1,7" ten="239,191,200,370" oya="3" hai0="35,125,127,48,100,74,15,118,110,41,85,75,105" hai1="122,18,115,71,131,70,38,109,31,99,69,12,36" hai2="19,44,104,66,80,27,64,129,72,107,22,68,54" hai3="65,5,9,103,43,87,42,60,120,28,40,135,30"/><W55/><G120/><T83/><D35/><U124/><E31/><V21/><F129/><W37/><G37/><N who="1" m="14442" /><E18/><V95/><F95/><W102/><G135/><T46/><D110/><U61/><E12/><V123/><F123/><W1/><G55/><T81/><D118/><U133/><E99/><V101/><F54/><W93/><G102/><T77/><D100/><U23/><E23/><V78/><F44/><W97/><REACH who="3" step="1"/><G87/><REACH who="3" ten="239,191,200,360" step="2"/><T56/><D85/><U57/><E122/><V79/><F101/><W25/><G25/><T6/><D75/><U126/><E133/><V111/><F27/><W39/><G39/><T67/><D74/><U20/><E131/><V58/><F72/><W130/><G130/><T63/><D127/><U62/><E126/><V86/><F86/><W116/><G116/><T94/><D125/><U106/><E124/><V14/><F111/><W134/><G134/><T33/><D41/><U51/><E109/><V59/><F66/><W112/><G112/><T117/><D67/><U17/><E115/><V47/><F64/><W52/><G52/><T29/><D117/><U90/><E106/><V88/><F104/><W34/><G34/><T50/><D33/><U132/><E132/><V2/><F107/><W92/><G92/><T73/><D94/><U0/><E90/><V3/><F88/><W45/><G45/><T11/><D105/><U82/><E82/><V8/><F80/><W113/><G113/><T4/><D83/><U24/><E0/><V49/><F2/><W128/><G128/><T76/><D81/><U10/><E69/><AGARI ba="0,1" hai="1,5,9,28,30,40,42,43,60,65,69,93,97,103" machi="69" ten="40,3900,0" yaku="1,1,52,1,53,0" doraHai="7" doraHaiUra="16" who="3" fromWho="1" sc="239,0,191,-39,200,0,360,49" /><INIT seed="3,1,0,2,2,73" ten="239,152,200,409" oya="3" hai0="40,4,62,135,47,74,43,34,5,110,10,71,38" hai1="55,114,125,46,97,33,22,11,35,85,96,50,51" hai2="17,58,88,95,3,129,30,48,7,111,63,52,83" hai3="6,127,56,16,23,117,113,66,115,70,31,1,92"/><W100/><G117/><T90/><D110/><U134/><E114/><V128/><F111/><W45/><G70/><T65/><D5/><U12/><E134/><V75/><F30/><W0/><G45/><T29/><D43/><U26/><E125/><V8/><F17/><W81/><G81/><T42/><D42/><U94/><E33/><V24/><F24/><N who="3" m="16799" /><G6/><T80/><D90/><U104/><E35/><V39/><F39/><W14/><G1/><N who="0" m="271" /><D29/><U126/><E126/><V27/><F27/><W54/><G54/><T84/><D84/><U112/><E104/><V61/><F83/><W107/><G0/><T103/><D103/><U19/><E112/><V2/><F75/><W72/><G107/><T116/><D116/><U119/><E119/><V36/><F36/><W69/><G69/><T49/><D49/><U102/><E51/><V123/><F123/><W25/><G25/><T79/><D135/><U57/><E57/><V101/><F101/><W15/><G15/><T87/><D87/><U64/><E64/><V99/><REACH who="2" step="1"/><F2/><REACH who="2" ten="239,152,190,409" step="2"/><W93/><G72/><T105/><D34/><U67/><E67/><V53/><F53/><W89/><G100/><T131/><D105/><U120/><E120/><V20/><F20/><N who="3" m="11287" /><G93/><T21/><D21/><U32/><E32/><V122/><F122/><W108/><G108/><T86/><D74/><U13/><E13/><V76/><F76/><W44/><G127/><T106/><D106/><U118/><E118/><V41/><F41/><W37/><G113/><T121/><D121/><U77/><E102/><V130/><AGARI ba="1,1" hai="3,7,8,48,52,58,61,63,88,95,99,128,129,130" machi="130" ten="30,12000,2" yaku="1,1,0,1,19,1,54,2,53,2" doraHai="73" doraHaiUra="59" who="2" fromWho="2" sc="239,-31,152,-31,190,133,409,-61" /><INIT seed="4,0,0,4,0,45" ten="208,121,323,348" oya="0" hai0="46,31,9,57,54,66,11,47,115,28,27,43,29" hai1="22,126,59,135,42,20,113,100,58,104,8,23,52" hai2="6,114,48,72,0,117,95,112,106,110,68,16,49" hai3="120,111,73,127,14,4,5,78,122,55,128,61,83"/><T50/><D115/><N who="2" m="44074" /><F68/><W63/><G111/><T101/><D101/><U119/><E113/><V84/><F106/><W129/><G127/><T37/><REACH who="0" step="1"/><D27/><REACH who="0" ten="198,121,323,348" step="2"/><U10/><E119/><V91/><F117/><W105/><G122/><T80/><D80/><U67/><E126/><V75/><F110/><W1/><G120/><T2/><D2/><U74/><E100/><V85/><F0/><W17/><G1/><T76/><D76/><U99/><E104/><V124/><F124/><W116/><G105/><T118/><D118/><U82/><E82/><V87/><F75/><W60/><G116/><T94/><D94/><U15/><E74/><V33/><F72/><W39/><G83/><T70/><D70/><U36/><E15/><V79/><F79/><W26/><G26/><T90/><D90/><U38/><E135/><V121/><F91/><W133/><G78/><T44/><D44/><U98/><E67/><V103/><F103/><W89/><G89/><T32/><D32/><U30/><E30/><V88/><F33/><W56/><G73/><T51/><D51/><U132/><E132/><V77/><F77/><W13/><G133/><T86/><D86/><U93/><E93/><V21/><F121/><W12/><G39/><T35/><D35/><U34/><E34/><V3/><F85/><W125/><G125/><T41/><D41/><U134/><E134/><V62/><F87/><W69/><G17/><T81/><D81/><U19/><E19/><V130/><F3/><W24/><G24/><T7/><D7/><N who="3" m="2633" /><G69/><T108/><D108/><U71/><E71/><V53/><F6/><RYUUKYOKU ba="0,1" sc="198,15,121,-15,323,-15,348,15" hai0="9,11,28,29,31,37,43,46,47,50,54,57,66" hai3="12,13,14,55,56,60,61,63,128,129" /><INIT seed="4,1,1,1,1,82" ten="213,106,308,363" oya="0" hai0="22,16,83,76,5,101,53,126,33,124,63,67,95" hai1="18,90,20,58,45,51,31,106,28,102,56,130,115" hai2="117,120,65,52,38,100,7,49,121,23,110,88,35" hai3="70,93,39,44,108,111,25,13,59,118,12,37,60"/><T128/><D33/><U77/><E130/><V104/><F38/><W34/><G118/><T0/><D128/><U3/><E3/><V41/><F35/><W105/><G105/><T92/><D53/><U99/><E77/><V119/><F41/><W87/><G70/><T109/><D5/><U36/><E36/><V24/><F65/><W94/><G34/><T68/><D0/><U86/><E115/><V48/><F48/><W61/><G59/><T113/><D109/><U91/><E91/><V135/><F7/><W74/><G74/><T133/><D133/><U125/><E58/><V62/><F62/><W46/><G87/><N who="0" m="48615" /><D101/><U72/><E72/><V8/><F100/><W98/><G98/><T9/><D9/><U10/><E56/><V96/><F8/><W123/><REACH who="3" step="1"/><G25/><REACH who="3" ten="213,106,308,353" step="2"/><N who="0" m="14535" /><D113/><U66/><E125/><AGARI ba="1,2" hai="63,67,68,92,95,124,125,126" m="14535,48615" machi="125" ten="30,5800,0" yaku="18,1,52,1,54,1" doraHai="82" who="0" fromWho="1" sc="213,81,106,-61,308,0,353,0" /><INIT seed="4,2,0,1,5,129" ten="294,45,308,353" oya="0" hai0="59,61,80,64,45,87,27,68,108,109,94,15,49" hai1="81,111,56,107,14,23,82,17,90,44,43,73,21" hai2="74,60,92,114,12,19,38,71,127,93,24,135,1" hai3="110,116,58,112,33,86,36,51,46,131,115,6,130"/><T117/><D117/><U47/><E111/><N who="0" m="42569" /><D27/><U102/><E107/><V0/><F24/><W39/><G110/><T100/><D15/><U118/><E102/><V98/><F38/><N who="3" m="14379" /><G33/><T106/><D106/><U121/><E118/><V124/><F60/><W29/><G29/><T72/><D72/><U78/><E121/><V123/><F71/><W26/><G26/><T31/><D31/><U35/><E35/><V34/><F34/><W125/><G116/><T50/><D68/><U25/><E56/><V122/><F74/><W4/><G58/><T5/><D5/><N who="3" m="2153" /><G86/><T13/><D13/><U30/><E43/><V134/><F122/><W7/><N who="3" m="2161" /><W57/><DORA hai="89" /><G57/><T11/><D11/><U66/><E66/><V101/><F93/><W20/><G20/><T37/><D80/><U105/><E105/><V41/><F41/><N who="3" m="25039" /><G125/><N who="2" m="48201" /><F0/><W91/><G91/><N who="0" m="53631" /><D100/><U103/><E103/><V120/><F1/><W77/><G77/><T67/><D67/><U2/><E2/><V113/><F120/><W104/><G104/><T48/><D37/><U70/><E70/><V132/><F123/><W119/><G119/><T8/><D8/><AGARI ba="2,0" hai="8,12,19,92,98,101,113,114,132,134,135" m="48201" machi="8" ten="40,12000,2" yaku="20,1,18,1,52,4" doraHai="129,89" who="2" fromWho="0" sc="294,-126,45,0,308,126,353,0" /><INIT seed="5,0,0,1,0,66" ten="168,45,434,353" oya="1" hai0="108,97,71,88,4,42,68,58,91,39,110,57,70" hai1="69,87,25,86,29,80,49,122,104,103,100,121,117" hai2="12,59,35,34,62,17,75,9,18,133,129,41,50" hai3="128,31,3,11,102,22,32,79,30,105,78,130,54"/><U118/><E49/><V52/><F75/><W48/><G32/><T55/><D4/><U131/><E25/><V90/><F129/><N who="3" m="49771" /><G3/><T85/><D97/><U74/><E131/><V132/><F18/><W0/><G102/><N who="1" m="38954" /><E29/><N who="3" m="10762" /><G105/><T83/><D58/><U24/><E24/><V46/><REACH who="2" step="1"/><F90/><REACH who="2" ten="168,45,424,353" step="2"/><W36/><G79/><T92/><D91/><U94/><E104/><V20/><F20/><W16/><G78/><T99/><D99/><U2/><E2/><V82/><F82/><W60/><G0/><T98/><D98/><U127/><E74/><V81/><F81/><W15/><G22/><T1/><D1/><U124/><E80/><V111/><F111/><W8/><G11/><T5/><D83/><U37/><E94/><V96/><F96/><W84/><G84/><N who="1" m="32298" /><E69/><V89/><F89/><W38/><G60/><T109/><D109/><U119/><E37/><V95/><F95/><W106/><G106/><T10/><D110/><U101/><N who="1" m="38962" /><U115/><DORA hai="13" /><E115/><V93/><F93/><W120/><G120/><AGARI ba="0,1" hai="117,118,119,120,121,122,124,127" m="32298,38962" machi="120" ten="50,12000,1" yaku="28,2,34,2" doraHai="66,13" who="1" fromWho="3" sc="168,0,45,130,424,0,353,-120" /><INIT seed="5,1,0,0,5,56" ten="168,175,424,233" oya="1" hai0="65,52,76,70,124,16,135,64,106,108,66,53,35" hai1="122,39,75,111,71,132,131,87,72,133,74,119,109" hai2="117,112,23,32,29,128,0,102,69,78,121,58,77" hai3="125,15,18,63,46,95,91,81,126,110,84,22,44"/><U38/><E87/><V60/><F69/><W37/><G110/><N who="1" m="41994" /><E119/><V99/><F117/><W45/><G37/><N who="1" m="13834" /><E122/><V57/><F121/><W114/><G114/><T107/><D108/><U36/><N who="1" m="13842" /><U8/><DORA hai="31" /><E8/><V12/><F112/><W67/><REACH who="3" step="1"/><G81/><REACH who="3" ten="168,175,424,223" step="2"/><T47/><D70/><AGARI ba="1,1" hai="15,18,22,44,45,46,63,67,70,84,91,95,125,126" machi="70" ten="40,8000,1" yaku="1,1,2,1,52,1,53,1" doraHai="56,31" doraHaiUra="11,94" who="3" fromWho="0" sc="168,-83,175,0,424,0,223,93" /><INIT seed="6,0,0,3,4,54" ten="85,175,424,316" oya="2" hai0="118,101,104,14,66,128,130,89,114,28,87,42,59" hai1="92,110,38,125,56,49,2,3,121,6,72,113,73" hai2="103,18,55,65,76,40,135,7,8,108,82,24,134" hai3="57,109,4,58,81,44,1,17,61,106,25,71,86"/><V90/><F65/><W52/><G109/><T77/><D42/><U34/><E110/><V64/><F64/><W62/><G106/><T51/><D28/><U102/><E113/><V131/><F40/><W111/><G111/><T84/><D114/><U116/><E116/><V96/><F90/><W127/><G71/><T97/><D14/><U39/><E34/><V119/><F18/><W115/><G115/><T26/><D26/><U69/><E6/><V70/><F24/><W12/><G1/><N who="1" m="10" /><E69/><V93/><F70/><W46/><G127/><T0/><D0/><U45/><E92/><V107/><F8/><N who="3" m="6279" /><G25/><T85/><D118/><U20/><E20/><V78/><F7/><W21/><G21/><T124/><D124/><U94/><E94/><V98/><F119/><W117/><G4/><T10/><D10/><U88/><E102/><V99/><F108/><W15/><G15/><T79/><D89/><U133/><E88/><V35/><F35/><W126/><G126/><T47/><D79/><U30/><E30/><V33/><F33/><W53/><G117/><T122/><D77/><AGARI ba="0,0" hai="44,46,52,53,57,58,61,62,77,81,86" m="6279" machi="77" ten="30,7700,0" yaku="8,1,52,2,54,1" doraHai="54" who="3" fromWho="0" sc="85,-77,175,0,424,0,316,77" /><INIT seed="7,0,0,3,2,29" ten="8,175,424,393" oya="3" hai0="89,25,40,109,39,104,49,2,53,46,7,8,72" hai1="1,120,103,69,99,31,96,61,35,12,76,107,75" hai2="98,100,42,22,71,102,67,16,97,114,30,86,81" hai3="32,50,127,3,119,13,126,106,118,122,79,77,54"/><W70/><G3/><T58/><D109/><U15/><E120/><V64/><F30/><W4/><G122/><T0/><D104/><U94/><E1/><V125/><F71/><W135/><G106/><T24/><D89/><U26/><E76/><N who="3" m="29258" /><G70/><T84/><D84/><U11/><E75/><V111/><F42/><W65/><G65/><N who="2" m="25161" /><F114/><W10/><G135/><T113/><D113/><U90/><E11/><V28/><F28/><W85/><G85/><T19/><D19/><U116/><E116/><V62/><F62/><W128/><G128/><T9/><D72/><U87/><E87/><V27/><F125/><N who="3" m="47627" /><G32/><T59/><D59/><U47/><E47/><V78/><F111/><W14/><G13/><T82/><D82/><U66/><AGARI ba="0,0" hai="12,15,26,31,35,61,66,69,90,94,96,99,103,107" machi="66" ten="30,7900,0" yaku="0,1,25,2,52,1" doraHai="29" who="1" fromWho="1" sc="8,-20,175,79,424,-20,393,-39" owari="-12,-51.0,254,-15.0,404,51.0,354,15.0" /></mjloggm>