<mjloggm ver="2.3"><GO type="41" lobby="0"/><UN n0="%E4%B9%9D%E9%87%8D%E3%82%8A%E3%82%93" n1="%E3%83%95%E3%82%A9%E3%83%BC%E3%83%9D%E3%82%A4%E3%83%B3%E3%83%88" n2="%E3%82%AF%E3%82%A8%E3%83%BC%E3%82%B5%E3%83%BC" n3="%E2%93%9D%53%75%70%68%78" dan="14,13,14,18" rate="1968.18,1912.37,1930.84,2176.05" sx="F,M,M,M"/><TAIKYOKU oya="0"/><INIT seed="0,0,0,4,3,77" ten="250,250,250,250" oya="0" hai0="22,31,50,23,69,109,18,120,67,15,60,112,62" hai1="124,20,16,39,38,47,116,87,89,98,97,2,41" hai2="119,82,83,72,46,54,35,103,111,84,95,76,104" hai3="66,92,85,70,79,34,43,51,48,107,90,10,131"/><T45/><D112/><U68/><E116/><V113/><F119/><W86/><G107/><T65/><D120/><U14/><E124/><V7/><F35/><W55/><G34/><T115/><D115/><U94/><E68/><V129/><F113/><W102/><G131/><T24/><D109/><U133/><E133/><V32/><F32/><W73/><G73/><T3/><D3/><U52/><E2/><V9/><F129/><W21/><G102/><T106/><D106/><U74/><E74/><V128/><F128/><W99/><G66/><T19/><D31/><U117/><E117/><V122/><F122/><W5/><G70/><T53/><D69/><U88/><E39/><V11/><F111/><W36/><G36/><T28/><D28/><U29/><E29/><V59/><F46/><W101/><G21/><T30/><D30/><U4/><E4/><V78/><F104/><W93/><G43/><T125/><D125/><U71/><E71/><V123/><F123/><W37/><G37/><T44/><D45/><U64/><E64/><AGARI ba="0,0" hai="15,18,19,22,23,24,44,50,53,60,62,64,65,67" machi="64" ten="40,2000,0" yaku="8,1" doraHai="77" who="0" fromWho="1" sc="250,20,250,-20,250,0,250,0" /><INIT seed="0,1,0,4,0,62" ten="270,230,250,250" oya="0" hai0="16,131,24,129,33,97,52,83,53,13,43,73,38" hai1="7,26,113,119,75,1,124,55,14,64,87,116,0" hai2="68,20,27,4,51,105,32,21,36,85,34,123,10" hai3="103,54,81,44,65,133,8,135,134,47,50,95,29"/><T40/><D97/><U71/><E124/><V66/><F36/><W94/><G29/><T45/><D43/><U89/><E75/><V126/><F123/><W58/><G81/><T112/><D112/><U92/><E113/><V115/><F105/><W25/><G25/><T19/><D33/><U57/><E1/><V3/><F115/><W15/><G103/><T100/><D100/><U60/><E0/><V132/><F132/><W98/><G98/><T59/><D24/><U23/><E14/><V120/><F120/><W39/><G39/><T108/><D108/><U77/><E77/><V49/><F20/><W130/><G130/><N who="0" m="49675" /><D59/><U107/><E7/><V102/><F102/><W63/><REACH who="3" step="1"/><G47/><REACH who="3" ten="270,230,250,240" step="2"/><T128/><D128/><U84/><E107/><V76/><F34/><W106/><G106/><T114/><D114/><U121/><E121/><V5/><F32/><W72/><G72/><T93/><D93/><U109/><E87/><V41/><F27/><W28/><G28/><T42/><D83/><U90/><E109/><V69/><F4/><AGARI ba="1,1" hai="4,8,15,44,50,54,58,63,65,94,95,133,134,135" machi="4" ten="40,5200,0" yaku="1,1,20,1,52,1,53,0" doraHai="62" doraHaiUra="122" who="3" fromWho="2" sc="270,0,230,0,250,-55,240,65" /><INIT seed="1,0,0,3,4,10" ten="270,230,195,305" oya="1" hai0="46,100,42,106,91,39,19,111,3,98,119,37,20" hai1="0,128,5,40,97,124,23,85,80,43,93,64,35" hai2="129,53,127,26,59,62,30,25,131,6,104,117,121" hai3="74,81,122,9,135,102,103,94,70,71,112,54,109"/><U96/><E35/><V108/><F121/><W51/><G109/><T1/><D119/><U36/><E128/><V82/><F117/><W55/><G135/><T114/><D114/><U15/><E124/><V89/><F104/><W7/><G112/><T63/><D111/><U14/><E36/><V65/><F108/><W28/><G28/><T32/><D32/><U44/><E44/><V17/><F127/><W101/><G94/><T27/><D39/><U57/><E0/><V49/><F6/><W61/><G61/><T41/><D42/><N who="1" m="15915" /><E5/><V52/><F53/><W123/><G55/><T31/><D31/><U130/><E130/><V115/><F115/><W67/><G67/><T120/><D120/><U13/><E23/><V107/><F107/><W132/><G132/><T126/><D126/><U21/><E21/><V24/><F17/><W50/><G123/><T68/><D91/><N who="1" m="53487" /><E80/><V18/><F18/><W58/><G122/><T134/><D134/><U125/><E125/><V73/><F73/><W38/><G38/><T47/><D46/><U8/><E8/><V133/><F133/><W48/><G81/><T34/><D34/><U95/><E95/><V66/><F131/><W75/><G75/><T88/><D68/><U83/><E83/><V2/><F2/><N who="3" m="247" /><G74/><T56/><D88/><U33/><E33/><V72/><F72/><W105/><BYE who="2" /><G105/><T76/><D76/><U45/><E45/><V4/><F4/><W29/><G29/><T12/><D27/><U113/><E113/><V99/><F99/><W110/><G110/><T11/><D11/><U116/><E116/><RYUUKYOKU ba="0,0" sc="270,10,230,10,195,-30,305,10" hai0="1,3,12,19,20,37,41,47,56,63,98,100,106" hai1="13,14,15,57,64,96,97" hai3="48,50,51,54,58,70,71,101,102,103" /><INIT seed="1,1,0,5,4,119" ten="280,240,165,315" oya="1" hai0="34,87,71,134,84,52,97,22,5,129,81,25,53" hai1="122,24,109,64,78,38,7,42,85,89,103,79,112" hai2="9,120,3,132,14,58,88,66,69,67,15,107,45" hai3="10,74,29,23,50,44,40,114,76,100,20,27,96"/><U6/><E122/><V41/><F41/><W73/><G114/><T124/><D71/><U1/><E112/><V115/><F115/><W110/><G110/><T90/><D34/><U104/><E1/><V19/><F19/><W102/><G102/><T36/><D36/><U35/><E38/><V39/><F39/><W59/><G76/><T131/><D5/><U4/><E42/><V31/><F31/><W63/><G10/><T94/><D94/><BYE who="0" /><U118/><E118/><V121/><F121/><W126/><BYE who="1" /><G126/><T47/><D47/><U54/><E54/><V57/><F57/><W46/><G23/><T135/><D135/><U65/><E65/><V21/><F21/><W32/><G46/><T93/><D93/><U86/><E86/><V62/><F62/><W8/><G8/><T37/><D37/><U17/><E17/><V56/><F56/><W92/><REACH who="3" step="1"/><G32/><REACH who="3" ten="280,240,165,305" step="2"/><T48/><D48/><U13/><E13/><V26/><F26/><W2/><G2/><T105/><D105/><U70/><E70/><V116/><F116/><W51/><G51/><T106/><D106/><U80/><E80/><V12/><F12/><W77/><G77/><T33/><D33/><U60/><E60/><V133/><F133/><W83/><G83/><T82/><D82/><U75/><E75/><V16/><F16/><W99/><G99/><T61/><D61/><U108/><E108/><V55/><F55/><AGARI ba="1,1" hai="20,27,29,40,44,50,55,59,63,73,74,92,96,100" machi="55" ten="30,2000,0" yaku="1,1,7,1,53,0" doraHai="119" doraHaiUra="11" who="3" fromWho="2" sc="280,0,240,0,165,-23,305,33" /><INIT seed="2,0,0,5,3,9" ten="280,240,142,338" oya="2" hai0="21,27,2,115,1,29,117,8,73,13,122,123,30" hai1="71,121,10,18,101,118,37,50,98,57,90,112,40" hai2="19,41,46,6,116,35,44,39,45,107,86,92,16" hai3="85,31,61,49,113,130,102,56,24,3,128,74,126"/><V133/><F133/><W68/><G74/><T84/><D84/><U4/><E4/><V66/><F66/><W135/><G126/><T15/><D15/><U95/><E95/><V106/><F106/><W134/><G113/><T17/><D17/><U131/><E131/><N who="3" m="50218" /><G3/><T59/><D59/><U124/><E124/><V76/><F76/><W120/><G120/><T55/><D55/><U96/><E96/><V91/><F91/><W104/><G49/><T12/><D12/><U125/><E125/><V64/><F64/><N who="3" m="40975" /><G56/><T80/><D80/><U108/><E108/><V62/><F62/><W103/><G85/><T69/><D69/><U36/><E36/><V26/><F26/><W99/><G103/><T78/><D78/><U97/><E97/><V48/><F48/><W127/><G127/><T54/><D54/><U81/><E81/><V109/><F109/><W70/><G70/><T43/><D43/><U0/><E0/><V77/><F77/><W53/><G53/><T89/><D89/><U20/><E20/><AGARI ba="0,0" hai="20,24,31,99,102,104,134,135" m="40975,50218" machi="20" ten="30,1000,0" yaku="19,1" doraHai="9" who="3" fromWho="1" sc="280,0,240,-10,142,0,338,10" /><INIT seed="3,0,0,2,1,24" ten="280,230,142,348" oya="3" hai0="106,111,88,34,13,43,128,0,84,23,90,9,14" hai1="7,73,107,5,132,104,80,83,40,16,3,97,26" hai2="113,15,59,42,47,53,60,102,125,100,30,115,28" hai3="129,121,54,126,105,81,124,52,103,32,46,1,122"/><W25/><G1/><T27/><D27/><U119/><E119/><V65/><F65/><W37/><G81/><T116/><D116/><U91/><E91/><V109/><F109/><W130/><G103/><T35/><D35/><U120/><E120/><N who="3" m="46186" /><G105/><T89/><D89/><U112/><E112/><V118/><F118/><W31/><G37/><T86/><D86/><U67/><E67/><V96/><F96/><W64/><G64/><T77/><D77/><U66/><E66/><V29/><F29/><W48/><G54/><T78/><D78/><U17/><E17/><V114/><F114/><W69/><G69/><T135/><D135/><U19/><E19/><V75/><F75/><W61/><G61/><T55/><D55/><U127/><E127/><AGARI ba="0,0" hai="25,31,32,46,48,52,124,126,127,129,130" m="46186" machi="127" ten="30,5800,0" yaku="18,1,52,1,54,1" doraHai="24" who="3" fromWho="1" sc="280,0,230,-58,142,0,348,58" /><INIT seed="3,1,0,1,0,52" ten="280,172,142,406" oya="3" hai0="2,111,29,126,95,26,84,7,62,46,8,90,28" hai1="83,39,33,119,131,41,93,127,44,107,129,50,36" hai2="5,34,27,73,17,35,64,128,79,54,55,112,72" hai3="22,106,134,43,16,47,80,113,88,3,51,122,132"/><W67/><G113/><T68/><D68/><U20/><E20/><V70/><F70/><W78/><G122/><T120/><D120/><U18/><E18/><V10/><F10/><W104/><G67/><T4/><D4/><U108/><E108/><V109/><F109/><W110/><G3/><T101/><D101/><U31/><E31/><V40/><F40/><W86/><G110/><T82/><D82/><U19/><E19/><V71/><F71/><W11/><G11/><T98/><D98/><U135/><E135/><N who="3" m="51754" /><G78/><T103/><D103/><U42/><E42/><V30/><F30/><W121/><G121/><T37/><D37/><U56/><E56/><V14/><F14/><AGARI ba="1,0" hai="14,16,22,43,47,51,80,86,88,104,106" m="51754" machi="14" ten="30,5800,0" yaku="20,1,54,2" doraHai="52" who="3" fromWho="2" sc="280,0,172,0,142,-61,406,61" /><INIT seed="3,2,0,3,0,19" ten="280,172,81,467" oya="3" hai0="96,132,44,88,26,127,34,128,122,39,134,63,124" hai1="42,118,67,23,105,84,17,45,56,22,113,109,85" hai2="20,12,99,15,50,3,106,114,112,101,55,86,81" hai3="129,43,72,98,70,104,133,13,33,100,115,95,121"/><W8/><G129/><T120/><D120/><U16/><E16/><V119/><F119/><W49/><G133/><T111/><D111/><U28/><E28/><V7/><F7/><W46/><G115/><T51/><D51/><U135/><E135/><V6/><F6/><W29/><G72/><T10/><D10/><U30/><E30/><V116/><F116/><W117/><G70/><T36/><D36/><U24/><E24/><V94/><F94/><W40/><G104/><T2/><D2/><U47/><E47/><V123/><F123/><W71/><G71/><T41/><D41/><U92/><E92/><V9/><F9/><W126/><G126/><T57/><D57/><U64/><E64/><V87/><F87/><W54/><G121/><T125/><D125/><U61/><E61/><V31/><F31/><W102/><G102/><T83/><D83/><U37/><E37/><V21/><F21/><W74/><G74/><T80/><D80/><U14/><E14/><V48/><F48/><W73/><G73/><T53/><D53/><U69/><E69/><V35/><F35/><W62/><G117/><T68/><D68/><U75/><E75/><V110/><F110/><W76/><G62/><T65/><D65/><U79/><E79/><V58/><F58/><W93/><G76/><T78/><D78/><U108/><E108/><V0/><F0/><W1/><G1/><T25/><D25/><U103/><E103/><V91/><F91/><W11/><G11/><T130/><D130/><U131/><E131/><V5/><F5/><N who="3" m="3215" /><G95/><T60/><D60/><U97/><E97/><RYUUKYOKU ba="2,0" sc="280,-10,172,-10,81,-10,467,30" hai3="29,33,40,43,46,49,54,93,98,100" /><INIT seed="3,3,0,1,2,40" ten="270,162,71,497" oya="3" hai0="3,45,132,102,12,56,28,14,110,19,75,129,135" hai1="34,59,47,69,95,25,100,32,49,86,120,128,23" hai2="113,38,13,63,93,88,74,89,41,52,11,2,61" hai3="104,15,30,33,79,20,7,81,116,67,17,90,122"/><W62/><G116/><T42/><D42/><U87/><E87/><V58/><F58/><W130/><G130/><T64/><D64/><U108/><E108/><V46/><F46/><W78/><G104/><T101/><D101/><U22/><E22/><V134/><F134/><W68/><G122/><T126/><D126/><U119/><E119/><V133/><F133/><W53/><G7/><T43/><D43/><U48/><E48/><V44/><F44/><W1/><G1/><T91/><D91/><U16/><E16/><V18/><F18/><W55/><G79/><T66/><D66/><U94/><E94/><V21/><F21/><W50/><G90/><T27/><D27/><U96/><E96/><V72/><F72/><W70/><G70/><T39/><D39/><U71/><E71/><V37/><F37/><W103/><G103/><T99/><D99/><U9/><E9/><V29/><F29/><W84/><REACH who="3" step="1"/><G50/><REACH who="3" ten="270,162,71,487" step="2"/><T125/><D125/><U112/><E112/><V98/><F98/><W80/><G80/><T114/><D114/><U36/><E36/><V118/><F118/><W4/><G4/><T31/><D31/><U5/><E5/><V6/><F6/><W107/><G107/><T124/><D124/><U97/><E97/><V8/><F8/><W0/><G0/><T105/><D105/><U77/><E77/><V123/><F123/><W117/><G117/><T57/><D57/><U51/><E51/><V92/><F92/><W121/><G121/><T127/><D127/><U111/><E111/><V83/><F83/><W82/><G82/><T109/><D109/><RYUUKYOKU ba="3,1" sc="270,-10,162,-10,71,-10,487,30" hai3="15,17,20,30,33,53,55,62,67,68,78,81,84" /><INIT seed="3,4,1,0,4,4" ten="260,152,61,517" oya="3" hai0="79,86,6,111,31,108,58,127,121,43,22,129,93" hai1="23,104,73,2,84,41,56,7,123,35,39,95,25" hai2="101,65,11,30,114,67,72,36,116,78,52,18,17" hai3="110,120,74,115,117,45,55,26,113,33,46,16,97"/><W125/><G117/><T13/><D13/><U9/><E9/><V64/><F64/><W37/><G120/><T98/><D98/><U66/><E66/><V85/><F85/><W0/><G125/><T59/><D59/><U70/><E70/><V8/><F8/><W50/><G110/><T57/><D57/><U76/><E76/><V24/><F24/><W69/><G37/><T3/><D3/><U124/><E124/><V107/><F107/><W131/><G131/><T94/><D94/><U112/><E112/><V47/><F47/><W29/><G74/><UN n0="%E4%B9%9D%E9%87%8D%E3%82%8A%E3%82%93" /><T10/><D121/><U105/><E105/><V54/><F54/><W44/><G0/><T27/><D127/><U12/><E12/><V21/><F21/><W60/><G97/><T126/><D126/><U82/><E82/><V71/><F71/><W40/><G69/><T53/><D43/><U128/><E128/><V48/><F48/><W15/><G60/><T132/><D129/><U75/><E75/><V92/><F92/><W28/><G28/><T96/><D132/><U109/><E109/><V133/><F133/><W81/><G81/><N who="0" m="47423" /><D111/><UN n1="%E3%83%95%E3%82%A9%E3%83%BC%E3%83%9D%E3%82%A4%E3%83%B3%E3%83%88" /><UN n2="%E3%82%AF%E3%82%A8%E3%83%BC%E3%82%B5%E3%83%BC" /><U80/><BYE who="0" /><E123/><V88/><F52/><W5/><G5/><T89/><D89/><U135/><E104/><V68/><F88/><W87/><G87/><T119/><D119/><U134/><E134/><UN n0="%E4%B9%9D%E9%87%8D%E3%82%8A%E3%82%93" /><V14/><F68/><W77/><G77/><T106/><D108/><U62/><E135/><V122/><F116/><W118/><G118/><T49/><D106/><U51/><E73/><V91/><F122/><W1/><G1/><N who="0" m="335" /><D96/><U103/><E2/><V61/><F72/><RYUUKYOKU ba="4,1" sc="260,30,152,-10,61,-10,517,-10" hai0="22,27,31,49,53,58,93" /><INIT seed="4,5,1,0,4,51" ten="290,142,51,507" oya="0" hai0="32,117,87,110,10,61,91,6,97,112,94,79,93" hai1="17,60,11,82,77,68,107,64,13,124,46,118,55" hai2="25,14,135,71,126,0,18,12,37,62,39,2,70" hai3="129,28,43,109,65,108,116,74,63,75,102,19,44"/><T131/><D32/><U130/><E118/><V15/><F126/><W114/><G114/><T9/><D117/><U120/><E120/><V53/><F135/><W59/><G129/><T4/><D112/><U133/><E133/><V66/><F53/><W52/><G102/><T3/><D131/><U80/><E130/><V113/><F113/><W41/><G116/><T8/><D110/><U38/><E107/><V88/><F25/><W81/><G19/><T98/><D79/><U69/><E124/><V42/><F18/><W134/><G28/><T33/><D33/><U96/><E96/><V122/><F122/><W67/><G81/><T35/><D35/><U57/><E69/><V31/><F31/><W5/><G5/><T99/><D3/><U54/><E54/><V22/><F22/><W56/><G134/><T92/><D61/><U89/><E89/><V7/><F7/><AGARI ba="5,1" hai="4,6,7,8,9,10,87,91,92,93,94,97,98,99" machi="7" ten="40,2000,0" yaku="8,1" doraHai="51" who="0" fromWho="2" sc="290,45,142,0,51,-35,507,0" /><INIT seed="4,6,0,0,3,102" ten="335,142,16,507" oya="0" hai0="25,39,87,134,72,104,79,125,15,78,91,107,73" hai1="3,69,71,47,99,77,64,20,114,86,34,7,92" hai2="119,74,112,111,51,117,49,23,89,13,127,43,85" hai3="122,121,14,10,105,55,36,57,0,32,6,67,63"/><T11/><D39/><U1/><E34/><V61/><F74/><N who="0" m="28778" /><D25/><U9/><E3/><V5/><F111/><W76/><G36/><T98/><D15/><U113/><E47/><V42/><F112/><N who="1" m="43113" /><E64/><V27/><F127/><W59/><G32/><T133/><D11/><U93/><E20/><V50/><F61/><W58/><G0/><T96/><D125/><U33/><E33/><V103/><F103/><W41/><G122/><T95/><D134/><U16/><E16/><N who="2" m="12775" /><F13/><W31/><G31/><T101/><D133/><U70/><E99/><N who="0" m="37929" /><D101/><U115/><E115/><V56/><F5/><W40/><G6/><T53/><D53/><U126/><E126/><V30/><F30/><W28/><G55/><T35/><D35/><U60/><E60/><V129/><F56/><W24/><G28/><T132/><D132/><U82/><AGARI ba="6,0" hai="1,7,9,69,70,71,77,82,86,92,93" m="43113" machi="82" ten="40,2700,0" yaku="15,1,11,1" doraHai="102" who="1" fromWho="1" sc="335,-19,142,45,16,-13,507,-13" /><INIT seed="5,0,0,4,1,111" ten="316,187,3,494" oya="1" hai0="80,35,13,20,121,107,105,114,22,94,75,34,52" hai1="83,30,32,2,110,109,78,54,27,57,95,28,19" hai2="65,29,129,74,116,73,44,53,77,106,128,127,124" hai3="47,93,23,99,0,122,67,5,79,117,91,41,8"/><U125/><E125/><N who="2" m="48203" /><F106/><W72/><G122/><T17/><D121/><U51/><E2/><V104/><F104/><W61/><G117/><T132/><D132/><U11/><E30/><V68/><F116/><W71/><G23/><T55/><D94/><U70/><E70/><V97/><F97/><W4/><G4/><T103/><D13/><U115/><E115/><V15/><F29/><W134/><G134/><T120/><D120/><U56/><E95/><V130/><F15/><W38/><G79/><T126/><D126/><U6/><E19/><V86/><F65/><W45/><G45/><T112/><D80/><U7/><E11/><V62/><F68/><W98/><G72/><T42/><D42/><U131/><E131/><V60/><F86/><AGARI ba="0,0" hai="0,5,8,38,41,47,61,67,71,86,91,93,98,99" machi="86" ten="30,1000,0" yaku="7,1" doraHai="111" who="3" fromWho="2" sc="316,0,187,0,3,-10,494,10" owari="316,12.0,187,-21.0,-7,-51.0,504,60.0" /></mjloggm>