<mjloggm ver="2.3"><GO type="41" lobby="0"/><UN n0="%E5%BE%85%E3%81%A3%E3%81%A6" n1="%E6%B2%99%E6%9C%88%E6%9C%88%E5%A4%A9%E4%B8%8B%E7%AC%AC%E4%B8%80" n2="%E2%93%9D%53%75%70%68%78" n3="%E9%89%84%E6%8B%B3" dan="13,13,17,13" rate="1868.66,1862.83,2042.49,1928.91" sx="M,F,M,M"/><TAIKYOKU oya="0"/><INIT seed="0,0,0,2,5,131" ten="250,250,250,250" oya="0" hai0="116,127,124,7,31,107,80,18,67,3,36,102,108" hai1="45,4,30,106,120,105,88,135,24,40,2,14,33" hai2="43,82,100,81,23,39,77,6,57,50,76,110,29" hai3="10,101,15,1,75,84,63,104,115,87,34,117,86"/><T66/><D116/><U46/><E120/><V98/><F39/><W96/><G117/><T37/><D31/><U68/><E68/><V47/><F110/><W95/><G1/><T114/><D114/><U22/><E135/><V90/><F6/><W132/><G34/><T103/><D80/><U35/><E45/><V128/><F128/><W73/><G115/><T53/><D53/><U32/><E2/><V9/><F9/><W60/><G132/><T54/><D54/><U126/><E126/><N who="0" m="48169" /><D107/><U44/><E44/><V65/><F82/><W26/><G104/><T123/><D123/><U125/><E125/><V21/><F29/><W56/><G75/><T71/><D18/><U118/><E118/><V94/><F77/><W99/><G99/><T55/><D55/><U133/><E133/><V78/><F78/><W109/><G73/><T13/><D3/><U83/><E4/><V74/><REACH who="2" step="1"/><F100/><REACH who="2" ten="250,250,240,250" step="2"/><N who="0" m="38442" /><D108/><U28/><E28/><V62/><AGARI ba="0,1" hai="21,23,43,47,50,57,62,65,74,76,81,90,94,98" machi="62" ten="30,2000,0" yaku="1,1,0,1,53,0" doraHai="131" doraHaiUra="134" who="2" fromWho="2" sc="250,-10,250,-5,240,30,250,-5" /><INIT seed="1,0,0,5,2,82" ten="240,245,270,245" oya="1" hai0="7,93,53,87,43,105,32,120,110,99,64,81,112" hai1="80,71,96,97,8,20,11,52,40,22,33,85,79" hai2="68,98,4,14,126,104,101,129,109,107,61,72,102" hai3="70,59,0,19,30,50,89,127,94,122,76,115,117"/><U90/><E71/><V57/><F72/><W44/><G70/><T25/><D112/><U60/><E33/><V24/><F68/><W12/><G0/><T16/><D7/><U56/><E40/><V114/><F129/><W78/><G122/><T23/><D32/><U28/><E96/><V113/><F126/><W55/><G115/><N who="2" m="44041" /><F24/><W121/><G121/><T58/><D120/><U21/><REACH who="1" step="1"/><E28/><REACH who="1" ten="240,235,270,245" step="2"/><V128/><F98/><W75/><G30/><T77/><D43/><U18/><E18/><V5/><F128/><W42/><G127/><T130/><D130/><U74/><E74/><V29/><F29/><W84/><G75/><T108/><D105/><U62/><E62/><V67/><F107/><W47/><G117/><T6/><D6/><U111/><E111/><V133/><F5/><W63/><REACH who="3" step="1"/><G47/><REACH who="3" ten="240,235,270,235" step="2"/><T17/><D110/><U48/><E48/><V15/><F109/><W37/><G37/><T100/><D108/><U54/><E54/><V91/><F61/><W106/><G106/><T125/><D125/><U51/><E51/><V103/><F104/><W36/><G36/><T73/><D73/><U38/><E38/><V26/><F4/><W45/><G45/><T3/><D3/><U135/><E135/><V119/><F133/><W66/><G66/><T35/><D35/><U134/><E134/><V13/><F67/><W131/><G131/><T83/><D64/><U39/><E39/><V86/><F119/><W34/><G34/><T124/><D124/><U2/><E2/><V46/><F46/><W65/><G65/><T69/><D69/><U123/><E123/><RYUUKYOKU ba="0,2" sc="240,-15,235,15,270,-15,235,15" hai1="8,11,20,21,22,52,56,60,79,80,85,90,97" hai3="12,19,42,44,50,55,59,63,76,78,84,89,94" /><INIT seed="1,1,2,0,3,39" ten="225,250,255,250" oya="1" hai0="34,45,53,42,50,58,98,123,69,54,24,56,8" hai1="109,30,99,131,76,46,80,127,12,81,28,121,88" hai2="44,130,15,112,37,52,32,14,33,67,114,72,111" hai3="19,78,64,20,3,135,122,48,40,125,25,43,107"/><U6/><E121/><V102/><F72/><W133/><G3/><T116/><D98/><U79/><E131/><V97/><F67/><W9/><G107/><T62/><D34/><U113/><E113/><N who="2" m="43627" /><F111/><W108/><G108/><T26/><D8/><N who="1" m="4119" /><E127/><V63/><F130/><W106/><G106/><T29/><D29/><N who="1" m="11371" /><E109/><V89/><F89/><W86/><G122/><T4/><D4/><U22/><E22/><V23/><F23/><W104/><G64/><N who="0" m="41111" /><D26/><U124/><E124/><V51/><F37/><W7/><G104/><T100/><D24/><U16/><E46/><V70/><F33/><W126/><G126/><T75/><D75/><U18/><E81/><V61/><F32/><W84/><G125/><T59/><D123/><U60/><E60/><N who="2" m="23115" /><F70/><W82/><G86/><T128/><D128/><U27/><E27/><V13/><F13/><W5/><G5/><T134/><D116/><U92/><E80/><V17/><F17/><AGARI ba="1,2" hai="16,17,18,76,79,88,92,99" m="11371,4119" machi="17" ten="30,5800,0" yaku="8,1,54,2" doraHai="39" who="1" fromWho="2" sc="225,0,250,81,255,-61,250,0" /><INIT seed="1,2,0,0,1,48" ten="225,331,194,250" oya="1" hai0="122,9,105,97,135,12,102,23,89,121,91,108,68" hai1="109,30,37,81,103,47,65,0,14,24,53,19,117" hai2="11,99,27,70,60,34,107,51,45,133,20,64,104" hai3="96,79,95,41,130,110,50,66,85,56,76,80,114"/><U92/><E117/><V87/><F133/><W31/><G114/><T90/><D68/><U118/><E118/><V129/><F129/><W43/><G110/><T10/><D108/><U59/><E0/><V74/><F74/><W84/><G31/><T72/><D72/><U71/><E109/><V82/><F34/><W16/><G130/><T5/><D135/><U26/><E81/><V13/><F99/><W49/><G85/><T39/><D39/><U21/><E71/><V69/><F69/><W131/><G131/><T28/><D10/><U15/><E37/><V46/><F46/><W78/><G50/><T93/><D28/><U55/><E47/><V100/><F100/><W63/><G43/><T116/><D23/><N who="1" m="15711" /><E65/><V33/><F33/><W54/><G41/><T124/><D124/><U8/><E59/><V119/><F119/><W126/><G126/><T77/><D116/><U88/><E103/><V73/><F73/><W44/><REACH who="3" step="1"/><G16/><REACH who="3" ten="225,331,194,240" step="2"/><T75/><D75/><U112/><E112/><V2/><F51/><W25/><G25/><T18/><D18/><N who="1" m="8519" /><E24/><V52/><F27/><W57/><G57/><T94/><D77/><U83/><E83/><V113/><F70/><W132/><G132/><T127/><D127/><U7/><E7/><V4/><F113/><W17/><G17/><T22/><D22/><U38/><E38/><V36/><F36/><W61/><G61/><T115/><D115/><U40/><E40/><V42/><F42/><W106/><G106/><T62/><D62/><U125/><E125/><V134/><F134/><W29/><G29/><T123/><AGARI ba="2,1" hai="5,9,12,89,90,91,93,94,97,102,105,121,122,123" machi="123" ten="40,5200,0" yaku="5,1,0,1,13,1" doraHai="48" who="0" fromWho="0" sc="225,68,331,-28,194,-15,240,-15" /><INIT seed="2,0,0,5,3,61" ten="293,303,179,225" oya="2" hai0="51,60,84,28,17,44,18,66,125,133,64,86,21" hai1="11,120,122,83,47,8,89,90,135,132,77,42,57" hai2="68,96,117,73,129,111,71,79,104,2,69,39,34" hai3="74,95,50,92,76,30,20,19,114,43,99,59,26"/><V116/><RYUUKYOKU type="yao9" ba="0,0" sc="293,0,303,0,179,0,225,0" hai2="2,34,39,68,69,71,73,79,96,104,111,116,117,129" /><INIT seed="2,1,0,2,3,75" ten="293,303,179,225" oya="2" hai0="59,85,111,47,22,129,84,44,40,117,49,78,73" hai1="95,7,38,108,62,42,88,135,103,74,3,24,26" hai2="37,124,91,61,126,106,76,122,65,12,16,100,82" hai3="32,83,92,20,133,43,2,89,63,68,120,17,119"/><V113/><F37/><W86/><G32/><T19/><D111/><U8/><E108/><V130/><F122/><W107/><G107/><T51/><D129/><U18/><E135/><V60/><F113/><W39/><G120/><T31/><D117/><U71/><E103/><V116/><F116/><W102/><G2/><T125/><D125/><N who="2" m="48234" /><F91/><W79/><G119/><T9/><D73/><U29/><E18/><V87/><F130/><W69/><G102/><T99/><D59/><U15/><E15/><V55/><F55/><W50/><G39/><T4/><D31/><U77/><E29/><V41/><F41/><W14/><G133/><T57/><D57/><U132/><E132/><V21/><F65/><W114/><G114/><T36/><D99/><AGARI ba="1,0" hai="12,16,21,60,61,76,82,87,99,100,106" m="48234" machi="99" ten="30,5800,0" yaku="18,1,52,1,54,1" doraHai="75" who="2" fromWho="0" sc="293,-61,303,0,179,61,225,0" /><INIT seed="2,2,0,3,4,106" ten="232,303,240,225" oya="2" hai0="26,52,55,35,134,30,10,38,15,70,14,20,108" hai1="39,8,130,122,95,129,125,131,5,110,85,54,113" hai2="118,11,86,93,18,107,133,98,123,75,72,47,124" hai3="13,67,60,89,53,121,65,21,79,88,100,25,44"/><V116/><F47/><W24/><G79/><T82/><D38/><U42/><E113/><V31/><F31/><W28/><G121/><T104/><D104/><U57/><E122/><V114/><F123/><W135/><G135/><T101/><D101/><U92/><E110/><V77/><F18/><W120/><G100/><T74/><D70/><U1/><E85/><V127/><F11/><W56/><G120/><T58/><D108/><U4/><E4/><V48/><F48/><W33/><G13/><T23/><D134/><U115/><E115/><V61/><F61/><W111/><G111/><T109/><D55/><U78/><E78/><V49/><F49/><W3/><G3/><T71/><D71/><U64/><E64/><V2/><F2/><W126/><G126/><N who="2" m="48169" /><F114/><W29/><G44/><T117/><D15/><U36/><E125/><V46/><F46/><W105/><G105/><T132/><D132/><U16/><E39/><V97/><F133/><W51/><REACH who="3" step="1"/><G65/><REACH who="3" ten="232,303,240,215" step="2"/><T90/><D109/><U73/><E1/><V69/><F107/><W50/><G50/><T102/><D102/><U34/><E131/><V112/><F112/><W81/><G81/><T37/><D37/><U27/><E95/><V9/><F93/><W43/><G43/><T6/><D74/><U128/><E92/><V0/><F75/><W96/><G96/><T62/><D117/><U17/><E73/><V80/><F72/><W119/><G119/><N who="2" m="45609" /><F69/><W41/><G41/><T32/><D82/><U63/><E42/><V87/><F87/><W68/><AGARI ba="2,1" hai="21,24,25,28,29,33,51,53,56,60,67,68,88,89" machi="68" ten="20,5200,0" yaku="1,1,0,1,7,1,54,1,53,0" doraHai="106" doraHaiUra="40" who="3" fromWho="3" sc="232,-15,303,-15,240,-28,215,68" /><INIT seed="3,0,0,5,1,95" ten="217,288,212,283" oya="3" hai0="40,91,51,43,42,119,124,53,41,39,114,123,49" hai1="25,111,85,107,47,34,33,84,113,117,14,77,37" hai2="67,76,81,30,6,27,21,75,110,15,68,106,99" hai3="89,46,64,132,54,82,8,108,101,9,128,60,12"/><W16/><G128/><T23/><D123/><U73/><E113/><V2/><F110/><W130/><G130/><T36/><D119/><U133/><E14/><V79/><F79/><W22/><G132/><T38/><D114/><U96/><E25/><V4/><F2/><W17/><G101/><T94/><D124/><U55/><E55/><V1/><F1/><W0/><G108/><T71/><D71/><U120/><E111/><V48/><F48/><W121/><G121/><T80/><D80/><N who="1" m="45103" /><E84/><V78/><F78/><W26/><G0/><T50/><D23/><U63/><E85/><V83/><F83/><W97/><G64/><T118/><D118/><U93/><E93/><V24/><F15/><W122/><G122/><T35/><D35/><U74/><E120/><V65/><F65/><W102/><G102/><T87/><N who="0" m="10240" /><DORA hai="57" /><T92/><REACH who="0" step="1"/><D53/><REACH who="0" ten="207,288,212,283" step="2"/><U62/><E33/><V59/><F68/><W58/><G9/><T3/><D3/><U56/><E34/><V52/><F52/><W69/><G69/><T105/><D105/><U98/><E107/><V135/><F106/><W61/><G54/><T127/><D127/><U31/><E117/><V20/><F135/><W28/><G22/><T104/><D104/><U70/><E70/><V18/><F67/><W29/><G8/><T116/><D116/><U125/><E125/><V109/><F109/><W126/><G126/><T86/><D86/><U134/><E133/><V5/><F59/><W66/><G58/><T45/><D45/><U129/><E134/><V131/><F131/><W7/><G46/><T19/><D19/><RYUUKYOKU ba="0,1" sc="207,15,288,-15,212,15,283,-15" hai0="36,38,39,49,50,51,87,91,92,94" hai2="4,5,6,18,20,21,24,27,30,75,76,81,99" /><INIT seed="4,1,1,5,5,121" ten="222,273,227,268" oya="0" hai0="76,119,134,17,130,26,50,14,36,60,125,38,11" hai1="70,47,99,7,75,30,101,73,54,81,117,32,48" hai2="82,63,77,40,18,23,95,1,29,67,46,49,80" hai3="120,35,41,24,65,52,86,21,103,12,10,131,8"/><T123/><D123/><U20/><E117/><V37/><F1/><W92/><G35/><T31/><D119/><U45/><E7/><V85/><F29/><W62/><G120/><T59/><D134/><U84/><E70/><V6/><F6/><W108/><G41/><T109/><D125/><U5/><E5/><V110/><F37/><W56/><G131/><T132/><D132/><U100/><E32/><V44/><F44/><W104/><G104/><T111/><D130/><U61/><E47/><V78/><F95/><W89/><G103/><T133/><D76/><U42/><E100/><V114/><F114/><W79/><G79/><T0/><D50/><U13/><E42/><V66/><F110/><N who="0" m="41994" /><D0/><U113/><E61/><V19/><F63/><W51/><G108/><T91/><D91/><U128/><E128/><V25/><REACH who="2" step="1"/><F19/><REACH who="2" ten="222,273,217,268" step="2"/><W72/><G72/><AGARI ba="1,2" hai="18,23,25,40,46,49,66,67,72,77,78,80,82,85" machi="72" ten="30,3900,0" yaku="1,1,2,1,7,1,53,0" doraHai="121" doraHaiUra="2" who="2" fromWho="3" sc="222,0,273,0,217,62,268,-42" /><INIT seed="5,0,0,1,5,95" ten="222,273,279,226" oya="1" hai0="35,92,120,132,87,97,91,66,36,12,26,11,43" hai1="89,88,17,10,39,112,8,67,70,51,119,6,1" hai2="9,77,57,13,128,106,46,20,34,122,121,117,131" hai3="22,110,104,107,25,38,135,24,118,29,0,75,16"/><U53/><E119/><V2/><F77/><W80/><G110/><T125/><D120/><U44/><E112/><V72/><F72/><W23/><G0/><T40/><D66/><U5/><E17/><V64/><F46/><W41/><G135/><T115/><D132/><U130/><E130/><N who="2" m="49707" /><F57/><W47/><G118/><T78/><D115/><U82/><E82/><V127/><F106/><W49/><G38/><T37/><D125/><U42/><E67/><V63/><F34/><W111/><G111/><T99/><D37/><U116/><E70/><N who="2" m="42271" /><F117/><W74/><G74/><T56/><D36/><U62/><E62/><V60/><F60/><W21/><REACH who="3" step="1"/><G23/><REACH who="3" ten="222,273,279,216" step="2"/><T126/><D126/><U105/><E116/><V134/><F127/><W84/><G84/><T3/><D3/><U55/><E39/><V15/><F134/><W101/><G101/><T86/><D86/><U52/><REACH who="1" step="1"/><E105/><REACH who="1" ten="222,263,279,216" step="2"/><V48/><F122/><W85/><G85/><T65/><D87/><U45/><E45/><V61/><F121/><W109/><G109/><T7/><D65/><U113/><E113/><V124/><F124/><W100/><G100/><T76/><D76/><AGARI ba="0,2" hai="16,21,22,24,25,29,41,47,49,75,76,80,104,107" machi="76" ten="40,2600,0" yaku="1,1,54,1,53,0" doraHai="95" doraHaiUra="83" who="3" fromWho="0" sc="222,-26,263,0,279,0,216,46" /><INIT seed="6,0,0,4,0,82" ten="196,263,279,262" oya="2" hai0="26,6,62,133,122,75,103,5,127,38,69,79,21" hai1="2,84,50,88,7,11,90,61,117,92,95,43,20" hai2="101,87,19,42,40,112,107,33,63,76,24,54,22" hai3="58,91,65,31,93,86,45,14,12,118,113,9,0"/><V30/><F112/><W32/><G118/><T67/><D122/><U17/><E117/><V36/><F36/><W18/><G0/><T35/><D38/><U128/><E128/><V39/><F39/><W102/><G102/><T13/><D35/><U44/><E61/><V108/><F108/><W116/><G116/><T4/><D133/><U134/><E134/><V73/><F73/><W109/><G109/><T97/><D127/><U125/><E125/><V94/><F107/><W16/><G32/><T8/><D79/><U119/><E119/><V80/><F33/><W71/><G31/><T41/><D41/><U70/><E70/><V53/><F30/><W66/><G71/><T56/><D69/><U96/><REACH who="1" step="1"/><E20/><REACH who="1" ten="196,253,279,262" step="2"/><V72/><F63/><W123/><G123/><T106/><REACH who="0" step="1"/><D75/><REACH who="0" ten="186,253,279,262" step="2"/><U52/><E52/><N who="2" m="20075" /><F72/><W3/><G113/><T135/><D135/><U110/><E110/><V83/><F42/><W49/><G66/><T59/><D59/><U48/><E48/><V37/><F37/><W99/><G58/><T23/><D23/><U55/><E55/><V115/><F40/><W60/><G65/><T81/><D81/><U104/><E104/><V10/><F115/><W74/><G60/><T114/><D114/><U98/><E98/><N who="2" m="59607" /><F83/><W28/><G49/><T68/><D68/><U132/><E132/><V29/><F22/><W111/><G111/><T64/><D64/><U120/><E120/><V77/><F77/><W1/><G99/><T51/><D51/><U131/><E131/><V47/><F76/><W34/><G34/><T15/><D15/><U126/><E126/><RYUUKYOKU ba="0,2" sc="186,15,253,15,279,-15,262,-15" hai0="4,5,6,8,13,21,26,56,62,67,97,103,106" hai1="2,7,11,17,43,44,50,84,88,90,92,95,96" /><INIT seed="7,1,2,5,0,100" ten="201,268,264,247" oya="3" hai0="93,124,56,55,73,44,133,116,62,39,121,125,119" hai1="91,25,16,72,117,8,113,83,74,99,105,85,80" hai2="9,63,15,92,129,71,75,77,12,126,48,98,70" hai3="45,18,97,17,53,76,69,6,123,102,10,47,31"/><W104/><G123/><T84/><D73/><U26/><E113/><V41/><F129/><W134/><G69/><T66/><D93/><N who="1" m="54511" /><E117/><N who="0" m="45129" /><D84/><U38/><E38/><V20/><F126/><N who="0" m="48746" /><D121/><U43/><E43/><V28/><F77/><W7/><G31/><T34/><D34/><U114/><E80/><V109/><F75/><W128/><G134/><T115/><D115/><U27/><E114/><V50/><F41/><W120/><G128/><T87/><D87/><U32/><E32/><V23/><F92/><W57/><G120/><T4/><D4/><U58/><E74/><V111/><F98/><W51/><G7/><T88/><D88/><U95/><E95/><V122/><F122/><W106/><G76/><T79/><D79/><N who="1" m="44519" /><E58/><V40/><F71/><W118/><G118/><T64/><D133/><U49/><E8/><V90/><F9/><W131/><G131/><T127/><N who="0" m="48754" /><T130/><DORA hai="65" /><D130/><U13/><E27/><V101/><F90/><W46/><REACH who="3" step="1"/><G104/><REACH who="3" ten="201,268,264,237" step="2"/><T52/><D39/><U3/><E105/><V1/><F70/><W67/><G67/><T59/><D44/><U86/><E16/><V54/><F28/><W82/><G82/><T103/><D103/><U2/><E2/><AGARI ba="1,3" hai="2,6,10,17,18,45,46,47,51,53,57,97,102,106" machi="2" ten="40,7700,0" yaku="1,1,52,1,53,1" doraHai="100,65" doraHaiUra="96,19" who="3" fromWho="1" sc="201,0,268,-80,264,0,237,110" owari="201,-20.0,188,-31.0,264,6.0,347,45.0" /></mjloggm>