<mjloggm ver="2.3"><GO type="41" lobby="0"/><UN n0="%E2%93%9D%53%75%70%68%78" n1="%E9%9A%9B%E3%81%AE%E9%AF%96" n2="%E3%81%86%E3%81%AB%E9%A3%9F%E3%81%B9%E3%81%9F%E3%81%84" n3="%E3%81%95%E3%81%8B%E3%81%84%E3%81%99%E3%81%A8" dan="17,14,15,15" rate="2075.45,1918.13,2056.96,1976.97" sx="M,M,M,M"/><TAIKYOKU oya="0"/><INIT seed="0,0,0,4,4,3" ten="250,250,250,250" oya="0" hai0="105,14,121,54,57,99,2,73,90,5,45,4,51" hai1="34,117,40,77,19,125,69,87,25,12,20,129,88" hai2="44,42,85,104,78,50,65,15,66,22,35,103,13" hai3="120,39,55,37,30,133,62,112,96,111,71,95,75"/><T46/><D2/><U9/><E117/><V93/><F104/><W126/><G111/><T130/><D121/><U123/><E123/><V24/><F35/><W127/><G75/><T97/><D73/><U18/><E69/><V38/><F38/><W47/><G112/><T29/><D130/><U118/><E118/><V43/><F43/><W134/><G30/><T74/><D74/><U107/><E107/><V28/><F103/><W60/><G120/><T31/><D105/><U89/><E129/><V116/><F116/><W76/><G76/><T70/><D70/><U114/><E34/><V119/><F119/><W122/><G95/><N who="0" m="56567" /><D14/><U49/><E125/><N who="3" m="47626" /><G96/><T6/><D99/><U56/><E114/><V10/><F15/><W64/><G122/><T41/><D46/><N who="1" m="25799" /><E56/><V128/><F128/><W52/><G60/><AGARI ba="0,0" hai="4,5,6,29,31,41,45,51,54,57,60" m="56567" machi="60" ten="30,11600,0" yaku="8,1,52,3" doraHai="3" who="0" fromWho="3" sc="250,116,250,0,250,0,250,-116" /><INIT seed="0,1,0,3,1,103" ten="366,250,250,134" oya="0" hai0="97,114,101,90,0,66,27,39,63,77,53,62,76" hai1="56,116,85,80,125,117,126,45,72,118,9,129,11" hai2="132,6,60,105,120,107,43,122,22,106,92,24,21" hai3="20,58,7,82,104,88,28,70,44,41,19,38,18"/><T96/><D114/><U51/><E72/><V93/><F6/><W64/><G7/><T128/><D39/><U113/><E56/><V86/><F43/><W34/><G34/><T55/><D128/><U65/><E65/><V46/><F46/><W83/><G28/><T49/><D0/><U47/><E129/><V13/><F60/><W26/><G70/><T119/><D119/><U99/><E99/><V94/><F86/><W8/><G104/><T109/><D109/><U25/><E25/><V16/><REACH who="2" step="1"/><F132/><REACH who="2" ten="366,250,240,134" step="2"/><W23/><G44/><T100/><D63/><U37/><E47/><V15/><F15/><W131/><G41/><T3/><D62/><U1/><E1/><V67/><F67/><W2/><G131/><T29/><D3/><U12/><E37/><V78/><F78/><W115/><G38/><T30/><D66/><U87/><E87/><V61/><F61/><W89/><G58/><T112/><D77/><N who="1" m="46223" /><E113/><V4/><F4/><W33/><G64/><T32/><D76/><U75/><E75/><V110/><F110/><W91/><G115/><T50/><D112/><U81/><E12/><V42/><F42/><W73/><G73/><T57/><D57/><U17/><E45/><V123/><F123/><W52/><G2/><T111/><D111/><U133/><E133/><V134/><F134/><W14/><G52/><T71/><D55/><U127/><E51/><V130/><F130/><W74/><G74/><T59/><D50/><U135/><E135/><V79/><F79/><W31/><G33/><T98/><D49/><U102/><E117/><V48/><F48/><RYUUKYOKU ba="1,1" sc="366,-15,250,-15,240,15,134,15" hai2="13,16,21,22,24,92,93,94,105,106,107,120,122" hai3="8,14,18,19,20,23,26,31,82,83,88,89,91" /><INIT seed="1,2,1,2,4,21" ten="351,235,255,149" oya="1" hai0="64,69,105,124,25,87,70,50,27,57,119,97,117" hai1="82,18,133,19,118,75,37,106,68,43,7,71,127" hai2="20,0,44,39,66,60,100,2,74,102,122,63,94" hai3="99,96,115,58,32,113,86,78,3,16,5,54,12"/><U116/><E7/><V34/><F34/><W46/><G3/><T76/><D124/><U101/><E127/><V65/><F74/><W73/><G73/><T126/><D126/><U48/><E37/><V49/><F39/><W72/><G72/><T104/><D87/><U95/><E106/><V128/><F128/><W59/><G32/><T52/><D76/><U93/><E133/><V28/><F122/><W8/><G113/><T9/><D9/><U91/><E43/><V134/><F134/><W111/><G111/><T81/><D81/><U125/><E125/><V89/><F2/><W84/><G115/><T108/><D108/><U41/><E41/><V30/><F0/><W85/><G78/><T109/><D109/><U103/><E48/><V112/><F112/><W26/><G46/><T130/><D130/><U56/><E56/><N who="3" m="21546" /><G54/><T53/><D57/><U51/><E51/><V40/><F65/><W17/><G5/><T36/><D50/><U22/><E82/><V83/><F83/><W35/><G35/><T1/><D1/><U121/><E121/><V107/><F107/><W31/><G31/><N who="2" m="11817" /><F20/><AGARI ba="2,1" hai="8,12,16,17,20,26,84,85,86,96,99" m="21546" machi="20" ten="30,3900,0" yaku="8,1,52,1,54,1" doraHai="21" who="3" fromWho="2" sc="351,0,235,0,255,-45,149,55" /><INIT seed="2,0,0,5,0,103" ten="351,235,210,204" oya="2" hai0="37,1,124,132,48,73,40,60,126,11,42,125,8" hai1="101,5,133,15,58,46,51,3,55,35,70,84,79" hai2="19,2,72,83,77,99,85,30,114,91,59,0,120" hai3="36,100,33,90,29,117,93,109,10,92,119,62,25"/><V80/><F120/><W94/><G109/><T53/><D73/><U26/><E70/><V108/><F114/><W27/><G36/><T82/><D132/><U86/><E3/><V97/><F108/><W113/><G113/><T34/><D34/><U95/><E133/><V14/><F30/><W52/><G100/><T18/><D82/><U31/><E79/><V17/><F17/><W105/><G105/><T75/><D75/><U134/><E134/><V78/><F59/><W128/><G128/><T106/><D60/><U107/><E5/><V116/><F116/><W50/><G62/><T110/><D37/><U129/><E15/><V49/><F49/><W96/><G10/><T54/><D110/><U135/><E129/><V76/><F76/><W102/><G25/><T56/><D106/><U98/><E135/><V13/><F13/><W112/><G112/><T87/><D18/><U69/><E69/><V127/><F127/><W66/><G66/><T118/><D118/><U104/><E84/><V89/><F89/><W28/><G28/><T24/><D87/><U9/><E9/><N who="0" m="3657" /><D24/><U131/><E131/><V63/><F63/><W68/><G68/><T130/><D130/><U115/><E115/><V67/><F67/><W16/><G16/><T38/><D38/><U45/><E86/><V43/><F43/><N who="0" m="16426" /><D54/><U123/><E123/><V21/><REACH who="2" step="1"/><F78/><REACH who="2" ten="351,235,200,204" step="2"/><W6/><G6/><T7/><D7/><U71/><E71/><V57/><F57/><N who="3" m="32919" /><G90/><T121/><D121/><U32/><E32/><V111/><F111/><W23/><G33/><T61/><D61/><U39/><E39/><RYUUKYOKU ba="0,1" sc="351,0,235,0,200,0,204,0" hai0="1,48,53,56,124,125,126" hai1="26,31,35,45,46,51,55,58,95,98,101,104,107" hai2="0,2,14,19,21,72,77,80,83,85,91,97,99" hai3="23,27,29,92,93,94,96,102,117,119" /><INIT seed="2,1,1,4,5,111" ten="351,235,200,204" oya="2" hai0="35,34,58,25,116,47,72,8,3,90,5,73,125" hai1="97,115,21,134,53,80,63,62,54,114,129,0,69" hai2="131,100,30,112,130,16,124,20,43,94,133,4,10" hai3="23,45,101,12,78,42,18,68,92,108,128,117,71"/><V40/><F30/><W28/><G117/><T9/><D58/><U85/><E0/><V122/><F122/><W46/><G128/><N who="2" m="49193" /><F112/><W103/><G108/><T96/><D125/><U14/><E129/><V79/><F79/><W91/><G78/><T65/><D65/><U120/><E97/><N who="2" m="59447" /><F124/><W1/><G1/><T11/><D35/><U98/><E98/><V74/><F74/><W15/><G71/><T81/><D73/><U2/><E2/><N who="2" m="279" /><F133/><W7/><G68/><T48/><D72/><U76/><E134/><V6/><F6/><W24/><G7/><T70/><D70/><U88/><E120/><V29/><F29/><W26/><G26/><AGARI ba="1,1" hai="16,20,26,40,43" m="279,59447,49193" machi="26" ten="30,2900,0" yaku="19,1,54,1" doraHai="111" who="2" fromWho="3" sc="351,0,235,0,200,42,204,-32" /><INIT seed="2,2,0,3,4,104" ten="351,235,242,172" oya="2" hai0="73,38,132,33,0,12,112,59,68,74,122,6,23" hai1="103,83,95,126,46,40,52,89,88,25,78,27,125" hai2="43,110,114,14,13,90,47,98,108,36,64,39,65" hai3="55,10,19,119,81,56,53,22,94,99,72,86,42"/><V111/><F114/><W100/><G119/><T51/><D122/><U135/><E135/><V29/><F29/><W7/><G42/><T26/><D38/><U24/><E103/><V82/><F39/><W35/><G35/><T8/><D68/><U3/><E3/><V48/><F36/><W50/><G53/><N who="0" m="32191" /><D112/><U16/><E40/><V134/><F134/><W32/><G32/><T77/><D77/><U85/><E16/><V129/><F129/><W61/><G7/><T107/><D107/><U92/><E46/><V28/><F28/><W121/><G121/><T97/><D97/><U102/><E102/><V101/><F90/><N who="1" m="34921" /><E52/><N who="2" m="29727" /><F82/><W115/><G115/><T57/><D132/><U44/><E44/><V84/><F84/><W124/><G124/><AGARI ba="2,0" hai="24,25,27,78,83,85,92,95,124,125,126" m="34921" machi="124" ten="30,2000,0" yaku="18,1,54,1" doraHai="104" who="1" fromWho="3" sc="351,0,235,26,242,0,172,-26" /><INIT seed="3,0,0,5,2,133" ten="351,261,242,146" oya="3" hai0="126,104,44,27,132,65,41,134,61,3,101,84,60" hai1="114,22,128,6,119,32,18,9,21,98,68,11,70" hai2="97,83,131,56,106,102,107,5,15,40,90,12,20" hai3="51,48,31,53,43,123,100,113,4,127,8,1,94"/><W82/><G123/><T10/><D84/><U67/><E114/><V73/><F131/><W77/><G113/><T26/><D61/><U50/><E128/><V45/><F90/><W30/><G43/><T23/><D126/><U81/><E119/><V57/><F107/><W66/><G66/><T112/><D112/><U55/><E32/><V71/><F71/><W2/><G2/><T80/><D80/><U130/><E130/><V116/><F116/><W72/><G127/><T38/><D23/><U85/><E98/><V115/><F115/><W24/><G24/><T103/><D27/><U111/><E111/><V95/><F106/><W79/><G79/><T118/><D26/><U93/><E93/><V33/><F33/><W7/><G7/><N who="0" m="1407" /><D118/><U13/><E67/><V124/><F124/><W16/><G16/><T87/><D87/><U76/><E68/><V34/><F34/><W29/><REACH who="3" step="1"/><G53/><REACH who="3" ten="351,261,242,136" step="2"/><T14/><D65/><U19/><E19/><V75/><F5/><W88/><G88/><T117/><D117/><U63/><E18/><V42/><F40/><W54/><G54/><T125/><D125/><U121/><E121/><V109/><F42/><W47/><G47/><T37/><D44/><N who="1" m="28103" /><E9/><V99/><F45/><W91/><G91/><T25/><D41/><U74/><E70/><V69/><F69/><W59/><G59/><T35/><D35/><U122/><E122/><V17/><F17/><W36/><G36/><T49/><D38/><U86/><E6/><V92/><F102/><W110/><G110/><T28/><D37/><U58/><E11/><V52/><F109/><RYUUKYOKU ba="0,1" sc="351,-10,261,-10,242,-10,136,30" hai3="1,4,8,29,30,31,48,51,72,77,82,94,100" /><INIT seed="3,1,1,2,4,100" ten="341,251,232,166" oya="3" hai0="134,114,42,72,53,27,37,70,38,107,46,3,102" hai1="78,129,122,101,91,12,135,127,31,65,6,68,132" hai2="59,32,117,28,94,95,96,131,49,61,66,33,133" hai3="76,109,26,80,74,43,98,130,11,5,13,123,92"/><W2/><G123/><T73/><D53/><U126/><E122/><V4/><F117/><W128/><G109/><T14/><D14/><U121/><E121/><V81/><F131/><W7/><G26/><T105/><D102/><U113/><E113/><V24/><F133/><N who="1" m="51273" /><E78/><V67/><F4/><W50/><G7/><T71/><D134/><U88/><E31/><V56/><F81/><W55/><G43/><T79/><D114/><U57/><E68/><N who="0" m="26153" /><D38/><U77/><E77/><V54/><F95/><W34/><G34/><T23/><D23/><U125/><E101/><V90/><F33/><W87/><G74/><N who="0" m="28779" /><D79/><U40/><E40/><V9/><F9/><W29/><G29/><T30/><D3/><U15/><E65/><AGARI ba="1,1" hai="24,28,32,49,54,56,59,61,65,66,67,90,94,96" machi="65" ten="30,1000,0" yaku="7,1" doraHai="100" who="2" fromWho="1" sc="341,0,251,-13,232,23,166,0" /><INIT seed="4,0,0,5,1,64" ten="341,238,255,166" oya="0" hai0="34,26,40,9,19,78,106,45,56,67,57,101,135" hai1="33,6,127,4,126,113,11,98,65,37,54,96,49" hai2="15,59,38,24,22,47,20,61,77,73,35,71,116" hai3="103,120,122,25,87,88,86,132,97,114,8,118,14"/><T2/><D135/><U0/><E37/><V107/><F116/><W81/><G25/><T129/><D129/><U92/><E33/><V44/><F107/><N who="3" m="63983" /><G14/><T119/><D78/><U134/><E134/><V102/><F102/><W82/><G8/><T80/><D80/><U76/><E76/><V94/><F71/><W99/><G132/><T79/><D67/><U69/><E4/><V52/><F35/><W42/><G42/><T124/><D124/><N who="1" m="47659" /><E113/><V75/><F94/><N who="3" m="56775" /><G118/><T110/><D40/><U23/><E23/><V27/><F38/><W115/><G82/><T18/><D34/><U130/><E130/><V28/><F15/><W133/><G133/><T41/><D41/><U32/><E32/><V21/><F77/><N who="3" m="46383" /><G87/><T66/><D119/><U3/><E3/><V128/><F128/><W121/><AGARI ba="0,0" hai="114,115,120,121,122" m="46383,56775,63983" machi="121" ten="40,8000,1" yaku="13,1,34,2,54,1" doraHai="64" who="3" fromWho="3" sc="341,-40,238,-20,255,-20,166,80" /><INIT seed="5,0,0,1,4,92" ten="301,218,235,246" oya="1" hai0="87,25,129,86,48,37,72,47,20,105,34,71,43" hai1="31,118,128,68,9,89,51,70,135,13,49,0,69" hai2="21,2,55,95,106,80,85,130,77,1,110,131,33" hai3="126,6,66,79,54,17,10,83,93,7,78,19,50"/><U101/><E118/><V114/><F33/><W65/><G126/><T127/><D72/><U84/><E0/><V30/><F106/><W125/><G125/><T4/><D127/><U24/><E101/><V56/><F110/><W8/><G93/><T42/><D71/><U67/><E67/><V41/><F41/><W39/><G83/><T18/><D129/><N who="2" m="49162" /><F95/><W117/><G50/><T109/><D34/><U60/><E128/><V26/><F114/><W121/><G54/><T15/><D105/><U12/><E135/><V63/><AGARI ba="0,0" hai="1,2,21,26,30,55,56,63,77,80,85" m="49162" machi="63" ten="30,1100,0" yaku="19,1" doraHai="92" who="2" fromWho="2" sc="301,-3,218,-5,235,11,246,-3" /><INIT seed="6,0,0,0,4,70" ten="298,213,246,243" oya="2" hai0="91,89,112,118,1,22,47,133,33,23,11,130,4" hai1="19,60,122,68,65,81,48,35,46,18,50,83,44" hai2="109,54,85,117,114,99,101,49,132,63,92,8,128" hai3="40,124,126,95,72,127,3,80,16,98,106,56,27"/><V58/><F117/><W86/><G3/><T66/><D33/><U25/><E122/><V37/><F37/><W52/><G40/><T107/><D107/><U100/><E100/><V64/><F132/><W87/><G106/><T74/><D74/><U28/><E81/><V31/><F128/><W0/><G0/><T32/><D32/><U90/><E90/><V17/><F114/><W120/><G72/><T75/><D66/><U125/><E83/><V21/><F109/><W97/><G80/><T36/><D75/><U39/><E125/><V43/><F43/><W84/><G95/><T2/><D130/><U135/><E135/><V121/><F121/><W94/><G94/><T67/><D112/><U13/><E39/><V129/><F129/><W73/><G73/><T24/><D118/><U29/><E29/><V105/><F8/><W111/><G111/><T26/><D11/><U12/><E48/><V71/><F31/><W88/><G88/><T93/><D36/><U78/><E78/><V134/><F134/><W30/><G120/><T6/><D133/><U104/><E104/><V62/><F85/><W115/><G115/><T7/><D93/><U34/><E34/><V131/><F131/><W77/><G77/><T110/><D110/><U116/><E116/><V9/><F9/><W79/><G79/><T113/><D113/><U5/><E46/><V69/><F105/><W45/><G45/><T102/><D47/><U10/><REACH who="1" step="1"/><E13/><REACH who="1" ten="298,203,246,243" step="2"/><N who="2" m="9391" /><F63/><N who="3" m="36231" /><G30/><T103/><D2/><U20/><E20/><AGARI ba="0,1" hai="16,20,27,84,86,87,97,98,124,126,127" m="36231" machi="20" ten="40,5200,0" yaku="18,1,54,2" doraHai="70" who="3" fromWho="1" sc="298,0,203,-52,246,0,243,62" /><INIT seed="7,0,0,5,4,1" ten="298,151,246,305" oya="3" hai0="15,54,39,130,53,6,23,18,17,32,72,62,109" hai1="123,4,88,42,65,21,44,8,49,118,120,33,0" hai2="106,2,85,43,3,108,101,14,103,13,31,64,91" hai3="60,98,30,100,84,59,114,87,40,48,26,71,96"/><W132/><G114/><T7/><D32/><U67/><E118/><V127/><F108/><W28/><G132/><T110/><D72/><U102/><E33/><V129/><F43/><W126/><G126/><T61/><D15/><U78/><E78/><V125/><F64/><W111/><G71/><T50/><D23/><U66/><E102/><V16/><F31/><N who="3" m="11819" /><G26/><T45/><D50/><U47/><E21/><V77/><F77/><W131/><G131/><T22/><D22/><U82/><REACH who="1" step="1"/><E47/><REACH who="1" ten="298,141,246,305" step="2"/><V119/><F119/><W12/><G100/><T25/><D45/><U135/><E135/><V93/><F103/><W57/><G111/><T83/><D110/><U11/><E11/><V35/><F35/><W121/><G121/><T46/><D109/><U75/><E75/><V97/><F125/><W70/><G70/><T128/><D46/><U37/><E37/><V51/><F127/><W89/><G59/><T112/><D39/><U63/><E63/><V9/><F129/><W56/><G56/><T90/><D130/><U117/><E117/><V74/><F74/><W34/><G34/><T113/><D128/><U19/><E19/><V122/><F122/><W105/><G60/><T107/><D18/><U29/><E29/><V95/><F106/><W79/><G105/><T69/><D107/><U73/><E73/><V80/><F101/><W5/><G57/><T115/><D69/><U76/><E76/><V36/><F36/><W99/><G79/><T134/><D115/><U10/><E10/><V81/><F9/><N who="3" m="4143" /><G89/><T24/><D90/><U68/><E68/><V52/><F91/><RYUUKYOKU ba="0,1" sc="298,-15,141,15,246,-15,305,15" hai1="0,4,8,42,44,49,65,66,67,82,88,120,123" hai3="40,48,84,87,96,98,99" owari="283,8.0,156,-34.0,231,-17.0,330,43.0" /></mjloggm>