<mjloggm ver="2.3"><GO type="41" lobby="0"/><UN n0="%E2%93%9D%53%75%70%68%78" n1="%E5%A4%A9%E5%B7%9D%E7%9C%9F%E5%A4%9C" n2="%7A%7A%7A%73%6F%63%6B" n3="%68%65%79%74%61%78%69" dan="18,15,13,15" rate="2052.48,2105.68,1942.67,2021.76" sx="M,M,M,M"/><TAIKYOKU oya="0"/><INIT seed="0,0,0,0,5,4" ten="250,250,250,250" oya="0" hai0="125,114,110,135,117,59,93,17,66,48,65,23,28" hai1="108,121,122,98,34,109,29,102,96,81,73,60,123" hai2="83,37,92,115,12,8,131,50,99,128,69,9,31" hai3="132,13,67,91,41,94,58,27,129,101,53,18,46"/><T130/><D114/><U20/><E20/><V113/><F37/><W25/><G132/><T1/><D117/><U44/><E60/><V32/><F69/><W90/><G129/><N who="2" m="49737" /><F83/><W35/><G67/><T127/><D1/><U26/><E44/><V0/><F0/><W100/><G90/><T105/><D110/><U21/><E21/><V40/><F92/><W82/><G35/><T43/><D105/><U72/><E81/><V71/><F99/><W118/><G118/><T3/><D3/><U75/><REACH who="1" step="1"/><E102/><REACH who="1" ten="250,240,250,250" step="2"/><N who="3" m="39530" /><G82/><T68/><D130/><U107/><E107/><V10/><F71/><W86/><G46/><T56/><D68/><U112/><E112/><N who="2" m="43083" /><F50/><N who="3" m="31031" /><G41/><T52/><D43/><U124/><E124/><V5/><F40/><W57/><G57/><T119/><D119/><U63/><E63/><V54/><F54/><W2/><G2/><T42/><D42/><U6/><E6/><V95/><F95/><W111/><G111/><AGARI ba="0,1" hai="26,29,34,72,73,75,96,98,108,109,111,121,122,123" machi="111" ten="50,3200,0" yaku="1,1,14,1,53,0" doraHai="4" doraHaiUra="77" who="1" fromWho="3" sc="250,0,240,42,250,0,250,-32" /><INIT seed="1,0,0,3,5,6" ten="250,282,250,218" oya="1" hai0="129,63,37,122,2,5,56,47,111,70,98,54,22" hai1="125,124,78,21,12,55,50,1,134,106,76,89,104" hai2="100,45,32,85,97,64,14,19,26,91,117,41,36" hai3="79,121,93,87,28,74,30,7,72,42,101,128,9"/><U135/><E1/><V127/><F64/><W51/><G121/><T67/><D111/><U88/><E21/><V59/><F59/><W118/><G128/><T107/><D129/><U130/><E12/><V0/><F0/><W77/><G118/><T60/><D122/><U65/><E65/><V40/><F40/><W116/><G116/><T4/><D107/><N who="1" m="41003" /><E50/><V34/><F117/><W13/><G77/><N who="1" m="29802" /><E55/><V18/><F26/><W105/><G105/><T44/><D22/><U16/><E16/><V82/><F19/><W46/><G72/><T99/><D5/><U132/><E130/><V8/><F127/><AGARI ba="0,0" hai="88,89,124,125,127,132,134,135" m="29802,41003" machi="127" ten="40,18000,2" yaku="28,2,18,1,20,1,34,2,54,1" doraHai="6" who="1" fromWho="2" sc="250,0,282,180,250,-180,218,0" /><INIT seed="1,1,0,1,4,99" ten="250,462,70,218" oya="1" hai0="39,42,38,55,45,28,110,86,90,115,48,101,64" hai1="122,80,72,0,129,91,54,117,20,10,84,98,89" hai2="95,103,46,123,16,58,36,79,74,120,40,25,23" hai3="30,22,13,121,104,112,2,65,33,6,63,61,75"/><U17/><E117/><V34/><F34/><W71/><G121/><T135/><D115/><U88/><E122/><V87/><F74/><W78/><G112/><T114/><D114/><U127/><E129/><V93/><F93/><W7/><G63/><T82/><D110/><U133/><E133/><V32/><F32/><W66/><G66/><T131/><D28/><U51/><E127/><V12/><F79/><W18/><G2/><T116/><D116/><U29/><E29/><V118/><F118/><W35/><G35/><T68/><D135/><U113/><E72/><V21/><F58/><W130/><G130/><T124/><D124/><U111/><E111/><V76/><F76/><W47/><G47/><T100/><D39/><U81/><E81/><V56/><F56/><W134/><G134/><T50/><D50/><U3/><E98/><V108/><F108/><W31/><G31/><T132/><D131/><U106/><E106/><V19/><REACH who="2" step="1"/><F87/><REACH who="2" ten="250,462,60,218" step="2"/><W119/><G119/><T107/><D132/><U73/><E73/><V109/><F109/><W57/><G57/><N who="0" m="32999" /><D107/><U102/><E113/><V27/><F27/><W43/><G104/><T1/><D82/><U126/><E126/><V41/><F41/><W60/><G43/><T96/><D86/><U77/><E77/><V52/><F52/><W125/><G125/><T53/><D53/><U37/><E80/><V69/><F69/><W94/><G94/><N who="0" m="56407" /><D68/><U70/><E70/><V26/><F26/><N who="3" m="18647" /><G60/><T15/><D42/><U85/><E85/><V59/><F59/><W11/><G75/><T44/><D64/><U83/><E83/><RYUUKYOKU ba="1,1" sc="250,-10,462,-10,60,30,218,-10" hai2="12,16,19,21,23,25,36,40,46,95,103,120,123" /><INIT seed="2,2,1,2,3,9" ten="240,452,90,208" oya="2" hai0="21,126,7,135,93,31,46,36,84,98,8,102,113" hai1="17,58,61,64,118,42,99,62,38,96,35,122,26" hai2="33,16,18,12,127,29,1,87,68,71,92,129,81" hai3="40,94,83,115,90,95,50,67,22,91,41,69,27"/><V2/><F92/><N who="3" m="35371" /><G69/><T25/><D113/><U0/><E118/><V48/><F127/><W55/><G67/><T73/><D135/><U79/><E0/><V6/><F129/><W86/><G91/><T119/><D73/><U116/><E116/><V131/><F131/><W89/><G89/><T78/><D119/><U32/><E79/><V60/><F71/><W120/><G120/><T104/><D126/><U110/><E122/><V14/><F48/><W112/><G112/><T132/><D132/><U20/><E110/><V103/><F103/><W57/><G115/><T53/><D104/><U70/><E42/><V133/><F60/><W109/><G109/><T82/><D36/><U5/><E5/><V15/><F68/><W24/><G24/><T117/><D117/><U30/><E38/><V80/><F87/><W63/><G50/><T65/><D65/><U107/><E107/><V74/><F74/><W88/><G90/><T114/><D114/><U100/><E100/><V72/><F72/><W75/><G75/><T51/><D102/><U39/><E39/><V106/><F106/><W130/><G130/><T45/><D93/><U77/><E77/><V43/><F43/><W11/><G11/><T76/><D76/><U134/><E134/><V125/><F125/><W66/><G66/><T54/><D98/><N who="1" m="37419" /><E30/><AGARI ba="2,1" hai="22,27,30,40,41,55,57,63,83,86,88" m="35371" machi="30" ten="30,2000,0" yaku="8,1,54,1" doraHai="9" who="3" fromWho="1" sc="240,0,452,-26,90,0,208,36" /><INIT seed="3,0,0,1,5,25" ten="240,426,90,244" oya="3" hai0="36,75,128,58,94,1,45,17,61,29,23,91,133" hai1="115,10,16,113,2,24,112,70,125,67,129,31,119" hai2="77,7,32,78,18,14,86,73,0,116,8,26,63" hai3="93,59,27,44,101,13,81,135,48,109,74,71,20"/><W52/><G71/><T118/><D118/><U130/><E67/><V57/><F73/><W111/><G135/><T100/><D1/><U5/><E70/><V43/><F43/><W132/><G132/><T69/><D128/><N who="1" m="49259" /><E119/><V50/><F50/><W89/><G101/><T107/><D107/><U49/><E49/><V19/><F86/><W47/><G13/><T114/><D114/><U103/><E103/><V90/><F90/><W42/><G81/><T33/><D33/><N who="1" m="20711" /><E16/><V54/><F19/><W88/><G74/><T9/><D100/><U92/><E92/><V120/><F116/><W55/><G89/><T117/><D133/><U11/><E11/><V96/><F120/><W40/><G55/><T98/><D9/><U66/><E66/><V104/><F104/><W121/><G121/><T105/><D105/><U21/><E21/><V30/><REACH who="2" step="1"/><F96/><REACH who="2" ten="240,426,80,244" step="2"/><N who="3" m="57383" /><G42/><T56/><D117/><U46/><E115/><V35/><F35/><W12/><G40/><T124/><D98/><U62/><E113/><V108/><F108/><N who="3" m="41547" /><G12/><T80/><D75/><U51/><E112/><V28/><F28/><AGARI ba="0,1" hai="20,27,28,44,47,48,52,59" m="41547,57383" machi="28" ten="30,12000,1" yaku="14,1,10,1,52,1,54,2" doraHai="25" who="3" fromWho="2" sc="240,0,426,0,80,-120,244,130" owari="240,-16.0,426,53.0,-40,-54.0,374,17.0" /></mjloggm>