<mjloggm ver="2.3"><GO type="41" lobby="0"/><UN n0="%E2%93%9D%53%75%70%68%78" n1="%54%61%74%73%75%79%61%4E" n2="%E5%B0%8F%E7%80%AC%E5%B7%9D%E7%99%BD%E6%9C%9B" n3="%77%69%70%65%78" dan="18,13,15,14" rate="2091.03,1826.01,1997.36,1944.19" sx="M,M,F,M"/><TAIKYOKU oya="0"/><INIT seed="0,0,0,3,1,14" ten="250,250,250,250" oya="0" hai0="101,70,53,10,133,32,66,124,43,44,113,87,15" hai1="107,122,83,102,78,104,9,46,95,37,110,132,86" hai2="8,61,35,19,22,121,106,42,117,59,76,134,1" hai3="75,80,4,99,52,69,54,68,72,34,48,109,5"/><T21/><D32/><U126/><E37/><V65/><F121/><W94/><G34/><T41/><D113/><U23/><E9/><V74/><F35/><W96/><G94/><T98/><D133/><U11/><E11/><V17/><F134/><W7/><G80/><T30/><D124/><U127/><E23/><V0/><F106/><N who="1" m="40489" /><E46/><V131/><F117/><W89/><G89/><T123/><D66/><U45/><E45/><V105/><F105/><W12/><G12/><T18/><D70/><N who="3" m="27241" /><G48/><N who="0" m="28807" /><D123/><U73/><E132/><V25/><F42/><N who="0" m="15882" /><D87/><U20/><E20/><V24/><F24/><W63/><G109/><T27/><D98/><N who="3" m="37417" /><G63/><T90/><D90/><N who="1" m="53719" /><E102/><AGARI ba="0,0" hai="10,15,18,21,27,30,101,102" m="15882,28807" machi="102" ten="30,2900,0" yaku="8,1,52,1" doraHai="14" who="0" fromWho="1" sc="250,29,250,-29,250,0,250,0" /><INIT seed="0,1,0,3,1,93" ten="279,221,250,250" oya="0" hai0="19,83,91,14,3,128,32,64,76,111,130,133,38" hai1="87,110,95,135,88,104,24,54,41,53,94,22,129" hai2="49,40,73,8,51,98,13,43,115,28,1,105,0" hai3="106,112,56,33,25,37,79,132,117,116,123,29,71"/><T58/><D3/><U122/><E122/><V74/><F115/><W55/><G71/><T16/><D38/><U125/><E104/><V7/><F28/><W2/><G37/><T52/><D32/><U21/><E110/><V124/><F124/><W9/><G112/><T78/><D64/><U102/><E125/><V118/><F118/><W127/><G127/><T121/><D121/><U126/><E126/><V92/><F105/><W59/><G106/><T68/><D68/><U120/><E120/><V35/><F35/><W15/><G2/><T114/><D133/><U30/><E135/><V113/><F113/><W99/><G123/><T60/><D114/><U97/><E129/><N who="0" m="49769" /><D111/><U11/><E41/><V131/><F131/><W109/><G109/><T75/><D78/><U10/><E22/><V101/><F0/><W57/><G132/><T36/><D36/><U84/><E84/><V45/><REACH who="2" step="1"/><F1/><REACH who="2" ten="279,221,240,250" step="2"/><W62/><G116/><T44/><D14/><U108/><E108/><V63/><F63/><W85/><G117/><T100/><D100/><U81/><E81/><V72/><F72/><W86/><G62/><T67/><D91/><U18/><E30/><V65/><F65/><W34/><G34/><T6/><D6/><U61/><E61/><V17/><F17/><W50/><G79/><T48/><AGARI ba="1,1" hai="16,19,44,48,52,58,60,67,75,76,83" m="49769" machi="48" ten="30,6000,0" yaku="19,1,54,2" doraHai="93" who="0" fromWho="0" sc="279,73,221,-21,240,-21,250,-21" /><INIT seed="0,2,0,2,0,10" ten="352,200,219,229" oya="0" hai0="71,22,89,16,120,29,91,20,34,112,9,107,114" hai1="37,19,106,30,50,35,15,108,76,68,104,43,47" hai2="62,90,49,3,57,85,74,42,14,113,128,103,86" hai3="65,8,110,1,31,45,82,109,63,123,5,126,52"/><T12/><D107/><U130/><E108/><V23/><F113/><W80/><G123/><T6/><D71/><U25/><E130/><V98/><F74/><W88/><G126/><T83/><D91/><U75/><E68/><V56/><F128/><W54/><G31/><T70/><D70/><U87/><E75/><V84/><F3/><W133/><G133/><T36/><D36/><U77/><E37/><V94/><F103/><W38/><G80/><T13/><D120/><U60/><E60/><V61/><F42/><W0/><G0/><T53/><D53/><U40/><E43/><V55/><REACH who="2" step="1"/><F56/><REACH who="2" ten="352,200,209,229" step="2"/><W111/><G45/><T122/><D122/><U134/><E134/><V18/><AGARI ba="2,1" hai="14,18,23,49,55,57,61,62,84,85,86,90,94,98" machi="18" ten="30,12000,2" yaku="1,1,2,1,0,1,8,1,52,1,53,1" doraHai="10" doraHaiUra="93" who="2" fromWho="2" sc="352,-62,200,-32,209,136,229,-32" /><INIT seed="1,0,0,1,4,9" ten="290,168,345,197" oya="1" hai0="27,94,4,78,68,43,30,3,126,41,75,65,23" hai1="58,104,33,119,86,44,7,95,20,103,45,60,10" hai2="42,39,117,69,24,102,62,105,71,101,17,12,1" hai3="50,112,113,21,48,133,108,129,109,61,31,84,26"/><U91/><E119/><V8/><F117/><W79/><G129/><T85/><D75/><U81/><E33/><V100/><F105/><W59/><G133/><T77/><D3/><U110/><E104/><V111/><F1/><W128/><G128/><T37/><D68/><U118/><E118/><V55/><F111/><N who="3" m="42571" /><G84/><T40/><D126/><U120/><E120/><V63/><F24/><W74/><G79/><T19/><D65/><U46/><E110/><V90/><F90/><W88/><G88/><N who="0" m="53519" /><D4/><U18/><E103/><V6/><F6/><W28/><G28/><T98/><D37/><U57/><E81/><V14/><F39/><W89/><G89/><T34/><D34/><U107/><E107/><V134/><F42/><W93/><G93/><T72/><D72/><U36/><E36/><V70/><F134/><W0/><G0/><T64/><D64/><U135/><E135/><V92/><F92/><W66/><G74/><T73/><D73/><U96/><E96/><V53/><REACH who="2" step="1"/><F12/><REACH who="2" ten="290,168,335,197" step="2"/><W80/><G80/><T2/><D2/><U115/><E115/><AGARI ba="0,1" hai="21,26,31,48,50,59,61,66,112,113,115" m="42571" machi="115" ten="30,1000,0" yaku="14,1" doraHai="9" who="3" fromWho="1" sc="290,0,168,-10,335,0,197,20" /><INIT seed="2,0,0,4,0,109" ten="290,158,335,217" oya="2" hai0="2,76,41,82,5,121,85,34,101,103,123,8,55" hai1="30,38,45,25,80,43,77,127,10,1,37,119,47" hai2="130,124,17,83,28,110,84,106,60,111,107,16,35" hai3="87,72,0,59,92,99,58,94,78,79,112,93,61"/><V23/><F130/><W42/><G0/><T63/><D34/><U46/><E119/><V104/><F124/><W6/><G6/><T21/><D41/><U67/><E127/><V116/><F116/><W18/><G42/><T118/><D118/><U14/><E67/><V66/><F35/><W40/><G40/><T69/><D21/><U19/><E1/><V15/><F17/><W113/><G18/><T90/><D90/><U20/><REACH who="1" step="1"/><E37/><REACH who="1" ten="290,148,335,217" step="2"/><V11/><F66/><W36/><G36/><T135/><D123/><U81/><E81/><V56/><F83/><N who="3" m="45511" /><G58/><T86/><D121/><U22/><E22/><V73/><F110/><W50/><G59/><T100/><D82/><U31/><E31/><V4/><F28/><W29/><G29/><T96/><D2/><U95/><E95/><N who="3" m="36426" /><G50/><T114/><D63/><U54/><E54/><V74/><F111/><W97/><G61/><T9/><D55/><U68/><E68/><V120/><F120/><W51/><G51/><T70/><D70/><U27/><E27/><V52/><REACH who="2" step="1"/><F84/><AGARI ba="0,1" hai="10,14,19,20,25,30,38,43,45,46,47,77,80,84" machi="84" ten="30,3900,0" yaku="1,1,7,1,53,1" doraHai="109" doraHaiUra="13" who="1" fromWho="2" sc="290,0,148,49,335,-39,217,0" /><INIT seed="3,0,0,2,0,21" ten="290,197,296,217" oya="3" hai0="101,119,118,32,22,130,36,75,63,135,69,25,97" hai1="105,73,45,12,104,15,7,55,16,122,40,41,26" hai2="28,132,33,79,35,76,78,14,125,64,77,17,103" hai3="10,31,71,29,65,117,53,62,133,61,113,18,93"/><W56/><G117/><T67/><D130/><U85/><E73/><V39/><F39/><W81/><G113/><T70/><D135/><U90/><E122/><V50/><F132/><W91/><G133/><T49/><D70/><U19/><E7/><V114/><F114/><W68/><G81/><T128/><D36/><U96/><E55/><V87/><F125/><W121/><G121/><T48/><D75/><U88/><E96/><V44/><F64/><W74/><G74/><T120/><D128/><U23/><E45/><V126/><F126/><W86/><G71/><T80/><D80/><U1/><E1/><V6/><F6/><W72/><G72/><T43/><D43/><U59/><E59/><V110/><F110/><W115/><G115/><T127/><D127/><U11/><E104/><V134/><F103/><W82/><G82/><T109/><D109/><U52/><E105/><V60/><F60/><W46/><G46/><T57/><D32/><U95/><E52/><V27/><F33/><W24/><REACH who="3" step="1"/><G10/><REACH who="3" ten="290,197,296,207" step="2"/><T84/><D69/><U66/><E66/><V131/><F134/><W2/><G2/><T8/><D8/><N who="1" m="6247" /><E90/><V99/><F76/><W89/><G89/><T123/><D123/><U92/><E95/><V34/><F77/><W13/><G13/><T5/><D120/><U94/><E92/><V37/><F78/><W112/><G112/><T98/><D119/><U0/><E0/><V100/><F79/><W9/><G9/><T58/><D118/><U47/><E47/><V102/><F44/><W30/><G30/><T107/><D67/><U124/><E124/><RYUUKYOKU ba="0,1" sc="290,-15,197,15,296,-15,207,15" hai1="11,12,19,23,26,40,41,85,88,94" hai3="18,24,29,31,53,56,61,62,65,68,86,91,93" /><INIT seed="3,1,1,0,1,7" ten="275,212,281,222" oya="3" hai0="30,20,38,24,34,52,74,127,49,102,5,108,121" hai1="86,132,69,87,101,10,9,119,116,130,47,93,109" hai2="128,32,75,80,40,82,125,22,118,44,88,123,120" hai3="59,100,111,98,62,131,113,58,4,133,61,3,106"/><W72/><G113/><T29/><D121/><N who="2" m="46666" /><F118/><N who="1" m="45097" /><E109/><V91/><F32/><W65/><G133/><T56/><D74/><U63/><E132/><V105/><F125/><W45/><G131/><T96/><D38/><U83/><E130/><V43/><F128/><W95/><G111/><T57/><D108/><U51/><E69/><V107/><F22/><W31/><G72/><T94/><D127/><U134/><E63/><V39/><F40/><W54/><G31/><T16/><D5/><U11/><E134/><V17/><F17/><W97/><G4/><T15/><REACH who="0" step="1"/><D30/><REACH who="0" ten="265,212,281,222" step="2"/><U27/><E27/><V46/><F75/><W23/><G3/><T25/><D25/><U55/><E83/><N who="2" m="31787" /><F44/><AGARI ba="1,2" hai="15,16,20,24,29,34,44,49,52,56,57,94,96,102" machi="44" ten="30,7700,0" yaku="1,1,7,1,54,2,53,0" doraHai="7" doraHaiUra="36" who="0" fromWho="2" sc="265,100,212,0,281,-80,222,0" /><INIT seed="4,0,0,3,4,28" ten="365,212,201,222" oya="0" hai0="82,97,55,59,5,65,90,30,54,118,84,0,15" hai1="22,77,50,63,83,113,103,7,74,120,106,34,53" hai2="66,91,1,100,24,3,67,88,73,29,105,85,20" hai3="135,94,36,99,127,44,9,102,45,52,39,70,32"/><T21/><D0/><U130/><E120/><V108/><F108/><W107/><G135/><T37/><D37/><U125/><E130/><V104/><F73/><W121/><G121/><T40/><D40/><U101/><E125/><V61/><F66/><W89/><G127/><T93/><D118/><U80/><E63/><V69/><F91/><W33/><G70/><T95/><D95/><U58/><E7/><V14/><F14/><W27/><G9/><T64/><D55/><U10/><E10/><V111/><F111/><W18/><G44/><T56/><D56/><U12/><E80/><V2/><REACH who="2" step="1"/><F100/><REACH who="2" ten="365,212,191,222" step="2"/><W19/><G102/><T62/><D15/><U81/><E101/><V131/><F131/><W119/><G89/><T17/><D65/><U6/><E12/><V128/><F128/><W117/><G119/><T48/><D64/><U98/><E103/><V25/><F25/><W26/><G117/><T133/><D90/><U86/><E74/><V116/><F116/><W109/><G109/><T114/><D133/><U38/><E77/><V110/><F110/><W35/><G26/><T43/><D93/><AGARI ba="0,1" hai="1,2,3,20,24,29,61,67,69,85,88,93,104,105" machi="93" ten="40,2600,0" yaku="1,1,54,1,53,0" doraHai="28" doraHaiUra="13" who="2" fromWho="0" sc="365,-26,212,0,191,36,222,0" /><INIT seed="5,0,0,5,1,74" ten="339,212,227,222" oya="1" hai0="13,64,97,83,68,128,72,105,132,32,131,90,81" hai1="40,0,24,118,89,55,11,84,93,99,79,103,53" hai2="36,70,45,21,130,127,49,95,123,9,18,52,119" hai3="120,94,39,88,38,31,82,86,58,63,133,69,5"/><U78/><E118/><V85/><F119/><W50/><G120/><T37/><D37/><U27/><E40/><V87/><F123/><W30/><G133/><T102/><D32/><U3/><E3/><V121/><F121/><W60/><G5/><T77/><D13/><U23/><E0/><V54/><F70/><W4/><G4/><T71/><D132/><U19/><E11/><V8/><F127/><W34/><G38/><T76/><D90/><U1/><E1/><V65/><F130/><N who="0" m="49706" /><D64/><U16/><E19/><V112/><F65/><W59/><G39/><T96/><D96/><U12/><E53/><V33/><F33/><W43/><G69/><T29/><D29/><N who="3" m="10761" /><G34/><T15/><D15/><U135/><E135/><V134/><F134/><W26/><G26/><N who="1" m="9770" /><E55/><V92/><F54/><N who="3" m="32087" /><G43/><T115/><D115/><U116/><E116/><V91/><F112/><W28/><N who="3" m="10769" /><W122/><DORA hai="73" /><G122/><T126/><D126/><U57/><E57/><V41/><F41/><W7/><G7/><T75/><AGARI ba="0,0" hai="68,71,72,75,76,77,81,83,97,102,105" m="49706" machi="75" ten="30,12000,2" yaku="19,1,23,1,52,4" doraHai="74,73" who="0" fromWho="0" sc="339,120,212,-60,227,-30,222,-30" /><INIT seed="6,0,0,5,1,86" ten="459,152,197,192" oya="2" hai0="11,69,92,101,17,79,32,19,111,87,8,67,12" hai1="133,47,78,7,2,70,115,128,25,30,1,127,75" hai2="77,50,27,33,112,82,94,85,135,130,53,93,57" hai3="18,99,61,97,24,26,23,51,38,104,102,108,71"/><V96/><F135/><W81/><G38/><T132/><D111/><U118/><E47/><V107/><F130/><W123/><G108/><T45/><D32/><U55/><E55/><V63/><F112/><W21/><G123/><T73/><D73/><U20/><E70/><V49/><F107/><W89/><G51/><T13/><D69/><U62/><E62/><V90/><F33/><W14/><G14/><T22/><D67/><U125/><E78/><V109/><F109/><W119/><G119/><T72/><D72/><U4/><E75/><V65/><F65/><W105/><G71/><T83/><D132/><U10/><E133/><V16/><REACH who="2" step="1"/><F93/><REACH who="2" ten="459,152,187,192" step="2"/><W114/><G114/><T43/><D92/><U100/><E115/><V58/><F58/><W124/><G105/><T29/><D11/><N who="1" m="2447" /><E128/><V131/><F131/><W98/><G104/><T34/><D34/><U103/><E118/><V84/><F84/><W37/><G99/><T3/><D87/><U116/><E116/><V0/><F0/><W95/><G98/><T68/><D3/><U113/><E113/><V31/><F31/><W5/><G97/><T41/><D29/><U120/><E120/><V36/><F36/><W88/><G102/><T129/><D101/><U35/><E35/><V60/><F60/><W48/><G37/><T117/><D129/><U64/><E64/><V122/><F122/><W44/><G61/><T15/><D68/><U52/><E103/><V126/><F126/><N who="1" m="48137" /><E100/><V28/><F28/><W59/><G124/><T80/><D117/><U74/><E74/><V46/><F46/><W134/><G44/><RYUUKYOKU ba="0,1" sc="459,-15,152,15,187,15,192,-15" hai1="2,7,10,20,25,30,52" hai2="16,27,49,50,53,57,63,77,82,85,90,94,96" /><INIT seed="6,1,1,4,3,27" ten="444,167,202,177" oya="2" hai0="88,20,127,39,40,46,60,89,59,35,101,41,86" hai1="49,52,69,18,108,3,38,129,7,117,77,0,12" hai2="91,2,84,124,135,50,90,54,26,125,123,68,133" hai3="43,106,119,53,67,36,95,4,134,104,70,114,63"/><V51/><F123/><W112/><G4/><T66/><D35/><U113/><E108/><V31/><F68/><W15/><G15/><T96/><D127/><N who="2" m="48714" /><F2/><W8/><G8/><T79/><D41/><U21/><E117/><V44/><F50/><W110/><G95/><T28/><D79/><U87/><E38/><V37/><F37/><W93/><G93/><N who="0" m="58511" /><D86/><U23/><E69/><V131/><F84/><W62/><G104/><T128/><D128/><U103/><E129/><V83/><F83/><W29/><G29/><T48/><D39/><U71/><E71/><V122/><F122/><W81/><G81/><T61/><D61/><U102/><E113/><N who="3" m="43626" /><G106/><T19/><D28/><U34/><E34/><N who="2" m="20855" /><F131/><W16/><G16/><T85/><D85/><U13/><E0/><V32/><F32/><W56/><G119/><T80/><D80/><N who="1" m="47503" /><E3/><V30/><F30/><W72/><G72/><T116/><D116/><U1/><E1/><V47/><F47/><N who="3" m="24039" /><G110/><T33/><D33/><U22/><E7/><V78/><F78/><W45/><G45/><T105/><D105/><U17/><E22/><V6/><F6/><W14/><G14/><AGARI ba="1,1" hai="14,19,20,40,46,48,59,60,66,88,89" m="58511" machi="14" ten="30,2000,0" yaku="8,1,54,1" doraHai="27" who="0" fromWho="3" sc="444,33,167,0,202,0,177,-23" /><INIT seed="7,0,0,1,0,25" ten="477,167,202,154" oya="3" hai0="98,102,110,9,95,125,127,3,54,32,112,114,122" hai1="23,41,7,84,15,78,81,101,99,10,106,116,49" hai2="132,85,26,66,123,53,61,12,55,35,93,52,17" hai3="70,109,16,86,27,124,103,88,40,115,1,74,39"/><W96/><G70/><T94/><D110/><U118/><REACH who="1" step="1"/><E23/><REACH who="1" ten="477,157,202,154" step="2"/><V108/><F108/><W75/><G109/><T134/><D114/><U19/><E19/><V48/><F17/><W22/><G115/><T18/><D112/><U82/><E82/><V126/><F123/><W59/><G124/><T97/><D122/><U57/><E57/><V33/><F126/><W83/><G1/><T120/><D120/><U60/><E60/><V107/><F61/><W111/><G111/><T67/><D3/><U133/><E133/><V69/><F132/><W87/><G87/><T28/><D134/><U90/><E90/><V89/><F89/><W100/><G59/><T51/><D127/><U80/><E80/><V42/><F85/><W79/><G79/><T44/><D98/><U4/><E4/><V128/><F69/><W119/><G119/><T71/><D97/><U117/><E117/><V8/><F128/><W135/><G135/><T73/><D71/><U43/><E43/><V14/><F42/><W31/><G31/><T130/><D28/><U76/><E76/><V0/><F0/><W45/><REACH who="3" step="1"/><G103/><REACH who="3" ten="477,157,202,144" step="2"/><T105/><D102/><U20/><E20/><V129/><F129/><W37/><G37/><T131/><D125/><U2/><E2/><V58/><F58/><W46/><G46/><AGARI ba="0,2" hai="7,10,15,41,46,49,78,81,84,99,101,106,116,118" machi="46" ten="40,8000,1" yaku="21,2,25,2,53,0" doraHai="25" doraHaiUra="21" who="1" fromWho="3" sc="477,0,157,100,202,0,144,-80" owari="477,58.0,257,6.0,202,-20.0,64,-44.0" /></mjloggm>