<mjloggm ver="2.3"><GO type="41" lobby="0"/><UN n0="%E5%AE%88%E8%AD%B7%E3%82%89%E3%81%AD%E3%81%B0%E3%81%AA%E3%82%89%E3%81%AC" n1="%E4%B9%B1%E5%88%87%E3%82%8A" n2="%E2%93%9D%53%75%70%68%78" n3="%79%75%68%65%69" dan="14,14,17,14" rate="1956.52,1947.65,2045.16,1963.83" sx="M,M,M,M"/><TAIKYOKU oya="0"/><INIT seed="0,0,0,3,3,0" ten="250,250,250,250" oya="0" hai0="41,9,84,32,103,85,116,64,121,43,51,17,124" hai1="110,135,62,106,44,38,54,130,108,86,29,6,102" hai2="34,119,55,77,90,50,14,47,114,96,88,13,23" hai3="132,58,126,80,30,18,105,57,94,28,33,5,115"/><T40/><D116/><U21/><E135/><V125/><F114/><W61/><G105/><T74/><D74/><U99/><E130/><V131/><F34/><W97/><G115/><T36/><D36/><U89/><E38/><V129/><F77/><W118/><G118/><T1/><D121/><U67/><E6/><V22/><F125/><W56/><G126/><T12/><D32/><U3/><E3/><V78/><F78/><W27/><G132/><T107/><D124/><U66/><E108/><V104/><F119/><W95/><G80/><T24/><D64/><U111/><E110/><V81/><F104/><W2/><G28/><T122/><D122/><U83/><E111/><V26/><F23/><W49/><G49/><T37/><D51/><U100/><E102/><V133/><F133/><W109/><G109/><T16/><D37/><U52/><E44/><V92/><F131/><W68/><G68/><T128/><BYE who="3" /><D1/><U65/><REACH who="1" step="1"/><E62/><REACH who="1" ten="250,240,250,250" step="2"/><V123/><F129/><W98/><G98/><T63/><D63/><U45/><E45/><V70/><F123/><W11/><G11/><T20/><REACH who="0" step="1"/><D128/><REACH who="0" ten="240,240,250,250" step="2"/><U35/><E35/><V72/><F50/><W4/><G4/><T60/><D60/><U113/><E113/><V46/><F46/><W134/><G134/><T120/><D120/><U69/><E69/><V25/><F47/><W59/><G59/><T8/><D8/><U91/><E91/><V79/><F90/><W76/><G76/><T53/><D53/><U112/><E112/><V19/><F70/><W39/><G39/><T117/><D117/><U87/><E87/><RYUUKYOKU ba="0,2" sc="240,15,240,15,250,-15,250,-15" hai0="9,12,16,17,20,24,40,41,43,84,85,103,107" hai1="21,29,52,54,65,66,67,83,86,89,99,100,106" /><INIT seed="0,1,2,0,1,24" ten="255,255,235,235" oya="0" hai0="112,23,45,108,2,110,126,100,3,52,54,42,38" hai1="75,28,30,89,53,105,124,1,107,60,39,87,5" hai2="90,127,81,121,117,70,123,103,22,131,66,55,59" hai3="21,62,134,44,26,73,17,31,34,13,86,101,58"/><T47/><D112/><U104/><E75/><V0/><F0/><W57/><G57/><T37/><D100/><U10/><E39/><V97/><F131/><W14/><G14/><T6/><D126/><U20/><E124/><V74/><F127/><W56/><G56/><T129/><D129/><U9/><E9/><V94/><F117/><W128/><G128/><T15/><D23/><U71/><E20/><V93/><F70/><W119/><G119/><T79/><D79/><U102/><E102/><V29/><F81/><W111/><G111/><N who="0" m="42539" /><D15/><U114/><E114/><V8/><F74/><W122/><G122/><T25/><D25/><U41/><E41/><V115/><F115/><W32/><G32/><T63/><D63/><U61/><E53/><N who="0" m="20585" /><D6/><U65/><REACH who="1" step="1"/><E61/><REACH who="1" ten="255,245,235,235" step="2"/><N who="2" m="38207" /><F55/><W67/><G67/><T84/><D84/><U27/><E27/><N who="2" m="16631" /><F8/><W92/><G92/><AGARI ba="1,3" hai="1,5,10,28,30,60,65,71,87,89,92,104,105,107" machi="92" ten="40,5200,0" yaku="1,1,52,2,53,0" doraHai="24" doraHaiUra="49" who="1" fromWho="3" sc="255,0,245,85,235,0,235,-55" /><INIT seed="1,0,0,4,4,63" ten="255,330,235,180" oya="1" hai0="76,79,135,33,20,55,108,4,71,85,83,118,57" hai1="128,11,26,39,105,51,31,42,5,96,56,43,17" hai2="101,100,74,3,41,54,25,121,30,61,112,28,80" hai3="62,84,67,104,13,90,106,8,117,130,125,52,10"/><U2/><E128/><V82/><F3/><W133/><G133/><T60/><D118/><U126/><E126/><V109/><F41/><W99/><G99/><T21/><D33/><U119/><E119/><V93/><F109/><W15/><G15/><T34/><D34/><U12/><E39/><UN n3="%79%75%68%65%69" /><V22/><F121/><W47/><G117/><T81/><D108/><U110/><E110/><V1/><F1/><W32/><G32/><T91/><D135/><U115/><E115/><V44/><F74/><W134/><G130/><T94/><D71/><U45/><E56/><V27/><F93/><W29/><G29/><T88/><D4/><U97/><E43/><V53/><F61/><W113/><G125/><T35/><D35/><N who="1" m="20983" /><E105/><V24/><F44/><W124/><G124/><T120/><D120/><U92/><E92/><V0/><F0/><W37/><G113/><T6/><D6/><U86/><E86/><V14/><F112/><W69/><G8/><T95/><D81/><N who="2" m="31338" /><F30/><W107/><G134/><T127/><D127/><U23/><AGARI ba="0,0" hai="2,5,11,12,17,23,42,45,51,96,97" m="20983" machi="23" ten="30,1500,0" yaku="24,1" doraHai="63" who="1" fromWho="1" sc="255,-5,330,15,235,-5,180,-5" /><INIT seed="1,1,0,0,1,38" ten="250,345,230,175" oya="1" hai0="113,76,135,45,89,90,99,95,65,66,125,105,39" hai1="72,44,62,19,109,85,98,116,61,55,106,24,2" hai2="30,7,21,122,117,23,79,74,8,18,102,69,68" hai3="52,6,41,111,120,25,87,104,58,128,11,77,118"/><U71/><E116/><V103/><F122/><W12/><G120/><T50/><D125/><U27/><E72/><V81/><F117/><W56/><G128/><T88/><D135/><U84/><E2/><V130/><F130/><W91/><G111/><T59/><D113/><U63/><E109/><V47/><F30/><W28/><G104/><T100/><D39/><U31/><E71/><V70/><F23/><W108/><G108/><T97/><D76/><U0/><E0/><V14/><REACH who="2" step="1"/><F47/><REACH who="2" ten="250,345,220,175" step="2"/><W112/><G112/><T80/><BYE who="3" /><D80/><U123/><E44/><V15/><AGARI ba="1,1" hai="7,8,14,15,18,21,68,69,70,74,79,81,102,103" machi="15" ten="30,7900,0" yaku="1,1,2,1,0,1,53,1" doraHai="38" doraHaiUra="73" who="2" fromWho="2" sc="250,-21,345,-40,220,92,175,-21" /><INIT seed="2,0,0,1,3,25" ten="229,305,312,154" oya="2" hai0="80,56,34,79,42,118,107,85,121,89,91,51,119" hai1="27,112,26,109,14,69,99,47,123,95,124,103,102" hai2="87,49,117,19,115,12,20,45,97,78,32,122,38" hai3="54,92,116,46,66,100,43,62,90,70,132,127,126"/><V81/><F115/><W128/><G128/><T10/><D34/><U17/><E109/><V104/><F117/><N who="0" m="44554" /><D10/><U8/><E124/><V35/><F122/><W64/><G64/><T96/><D56/><U108/><E108/><V23/><F38/><W131/><G131/><T75/><D51/><U130/><E130/><V120/><F120/><W33/><G33/><T106/><D42/><U67/><E123/><V39/><F39/><UN n3="%79%75%68%65%69" /><W63/><G116/><T52/><D52/><U11/><E112/><V72/><F72/><W16/><G132/><T36/><D36/><U48/><E103/><V83/><F83/><W24/><G100/><T22/><D22/><U13/><E67/><V71/><F71/><W113/><G113/><T129/><D121/><U44/><E69/><V7/><F23/><W73/><G73/><T15/><D15/><U28/><E28/><V50/><F50/><W30/><G16/><T58/><D58/><U93/><E93/><V53/><F7/><W1/><G1/><T6/><D6/><U110/><E110/><V9/><F20/><W18/><G18/><T135/><D135/><U29/><E48/><V65/><F65/><W82/><G54/><T114/><D114/><U101/><E102/><V59/><F59/><W105/><G63/><T4/><D4/><N who="1" m="3207" /><E29/><V55/><F55/><W98/><G46/><AGARI ba="0,0" hai="11,14,17,26,27,44,46,47,95,99,101" m="3207" machi="46" ten="30,1000,0" yaku="8,1" doraHai="25" who="1" fromWho="3" sc="229,0,305,10,312,0,154,-10" /><INIT seed="3,0,0,2,3,105" ten="229,315,312,144" oya="3" hai0="91,2,17,8,119,117,67,118,125,49,109,87,6" hai1="59,55,126,132,41,43,46,97,131,77,51,86,54" hai2="113,70,30,73,71,35,83,4,102,127,106,14,68" hai3="3,107,130,121,94,108,39,21,66,85,28,96,123"/><W76/><G39/><T89/><D109/><U44/><E131/><V120/><F14/><W111/><G3/><T56/><D125/><U80/><E132/><V32/><F113/><W1/><G1/><T104/><D104/><U135/><E135/><V98/><F4/><W114/><G66/><T62/><D49/><U53/><E126/><V100/><F100/><W27/><G107/><T34/><D34/><N who="2" m="12842" /><F30/><W20/><G114/><T23/><REACH who="0" step="1"/><D87/><REACH who="0" ten="219,315,312,144" step="2"/><U63/><E97/><V11/><F127/><W65/><G130/><T124/><D124/><U78/><E78/><N who="2" m="44495" /><F11/><W69/><G85/><T12/><AGARI ba="0,1" hai="2,6,8,12,17,23,56,62,67,89,91,117,118,119" machi="12" ten="30,2000,0" yaku="1,1,0,1,53,0" doraHai="105" doraHaiUra="90" who="0" fromWho="0" sc="219,30,315,-5,312,-5,144,-10" /><INIT seed="4,0,0,1,0,33" ten="249,310,307,134" oya="0" hai0="1,130,99,108,73,72,43,74,60,135,7,6,20" hai1="42,51,85,119,40,27,53,112,125,31,92,132,37" hai2="93,59,95,75,10,34,106,15,134,87,2,101,83" hai3="76,21,90,36,123,128,94,9,16,104,35,28,24"/><T107/><D135/><U114/><E132/><V63/><F34/><W111/><G104/><T133/><D133/><U86/><E125/><V57/><F75/><W77/><G36/><T66/><D130/><U109/><E109/><V68/><F2/><W84/><G111/><T89/><D108/><U131/><E131/><V116/><F68/><W127/><G128/><T110/><D110/><U12/><E119/><V29/><F29/><W120/><G127/><T47/><D20/><U14/><E37/><V117/><F59/><W13/><REACH who="3" step="1"/><G35/><REACH who="3" ten="249,310,307,124" step="2"/><T62/><D107/><U67/><E114/><V38/><F38/><W0/><G0/><T3/><D7/><U25/><E112/><V97/><F134/><W96/><G96/><T124/><D6/><U81/><E86/><V121/><F117/><W122/><AGARI ba="0,1" hai="9,13,16,21,24,28,76,77,84,90,94,120,122,123" machi="122" ten="30,8000,1" yaku="1,1,0,1,13,1,54,1,53,1" doraHai="33" doraHaiUra="80" who="3" fromWho="3" sc="249,-40,310,-20,307,-20,124,90" /><INIT seed="5,0,0,3,4,30" ten="209,290,287,214" oya="1" hai0="132,17,104,53,26,31,38,43,49,10,130,51,126" hai1="94,45,69,21,127,122,41,36,4,77,85,134,11" hai2="29,109,78,59,8,103,61,89,86,97,102,121,107" hai3="84,72,92,15,6,79,98,100,63,74,34,1,14"/><U20/><E134/><V18/><F109/><W112/><G112/><T91/><D126/><U3/><E127/><V95/><F121/><W7/><G1/><T39/><D130/><U22/><E122/><V71/><F71/><W131/><G131/><T113/><D113/><U5/><E5/><V88/><F29/><W25/><G72/><T70/><D70/><U68/><REACH who="1" step="1"/><E94/><REACH who="1" ten="209,280,287,214" step="2"/><V99/><F95/><W33/><G6/><T60/><D132/><U120/><E120/><V16/><F107/><W44/><G7/><T101/><D104/><U24/><E24/><V75/><F103/><W115/><G25/><T81/><D26/><U106/><E106/><V12/><F102/><W118/><G115/><T28/><D101/><U35/><E35/><V58/><F99/><W116/><G34/><T40/><D31/><U37/><E37/><V54/><F97/><W119/><G33/><T105/><D39/><U65/><E65/><V62/><F18/><W135/><G135/><T133/><D38/><U47/><E47/><V64/><F75/><W0/><G44/><T76/><D17/><U125/><E125/><V48/><F48/><W13/><G74/><T67/><D51/><U117/><E117/><V128/><F128/><W50/><G50/><T27/><D49/><U93/><E93/><V46/><F46/><W42/><G100/><T82/><D27/><U108/><E108/><V23/><F23/><W32/><G119/><T87/><D28/><U90/><E90/><V73/><F73/><W96/><G118/><T123/><D133/><U111/><E111/><V56/><F64/><RYUUKYOKU ba="0,1" sc="209,-10,280,30,287,-10,214,-10" hai1="3,4,11,20,21,22,36,41,45,68,69,77,85" /><INIT seed="5,1,1,5,4,85" ten="199,310,277,204" oya="1" hai0="5,99,8,67,39,108,33,54,109,16,125,14,94" hai1="129,119,84,88,81,53,10,62,113,96,101,114,18" hai2="110,117,97,26,0,118,89,3,6,74,77,104,106" hai3="51,9,107,50,91,59,82,120,23,116,25,31,124"/><U115/><E129/><V83/><F26/><W64/><G120/><T56/><D125/><U21/><E119/><N who="2" m="45579" /><F6/><W13/><G107/><N who="2" m="41001" /><F3/><W126/><G116/><T98/><D33/><U68/><E10/><V11/><F11/><W79/><G64/><T80/><D39/><U132/><E132/><V38/><F0/><W20/><G20/><T86/><D67/><U123/><E123/><V131/><F38/><W2/><G2/><T1/><D109/><U65/><E53/><V87/><F110/><W43/><G59/><T28/><D28/><U42/><E42/><V122/><F122/><W55/><G43/><T76/><D94/><N who="1" m="58519" /><E21/><V17/><F17/><AGARI ba="1,1" hai="17,18,62,65,68,81,84,88,113,114,115" m="58519" machi="17" ten="30,5800,0" yaku="15,1,52,1,54,1" doraHai="85" who="1" fromWho="2" sc="199,0,310,71,277,-61,204,0" /><INIT seed="5,2,0,1,2,38" ten="199,381,216,204" oya="1" hai0="131,113,28,128,53,52,86,41,54,71,99,64,76" hai1="126,40,106,118,103,3,66,26,120,68,16,15,19" hai2="111,24,58,4,102,89,116,14,72,94,50,114,123" hai3="6,5,135,93,90,75,77,112,119,100,63,104,95"/><U85/><E126/><V115/><F111/><W79/><G112/><N who="2" m="43049" /><F72/><W2/><G135/><T127/><D113/><U46/><E118/><V47/><F102/><W91/><G2/><T44/><D28/><U31/><E120/><V7/><F58/><W88/><G63/><N who="0" m="40351" /><D99/><U36/><E3/><V30/><F14/><W87/><G5/><T42/><D127/><U121/><E121/><V134/><F134/><W60/><G6/><T29/><D29/><U67/><E106/><V0/><F116/><W57/><G75/><T21/><D21/><U105/><E105/><V12/><F12/><W8/><G8/><T22/><D22/><U70/><E103/><V108/><F108/><W122/><G122/><T124/><D124/><U18/><E15/><V27/><F123/><W96/><G119/><T69/><D69/><U20/><E70/><V32/><F27/><W11/><G11/><T61/><D86/><U59/><E68/><V48/><F0/><W23/><G23/><T51/><D76/><U33/><E33/><V65/><F65/><W101/><G101/><T98/><D98/><U74/><E74/><V56/><F7/><W9/><G9/><T43/><D61/><U81/><REACH who="1" step="1"/><E59/><REACH who="1" ten="199,371,216,204" step="2"/><V55/><F56/><W13/><G13/><T129/><AGARI ba="2,1" hai="41,42,43,44,51,52,53,54,128,129,131" m="40351" machi="129" ten="40,12000,2" yaku="19,1,34,2,52,3,54,1" doraHai="38" who="0" fromWho="0" sc="199,136,371,-62,216,-32,204,-32" /><INIT seed="6,0,0,4,4,47" ten="335,309,184,172" oya="2" hai0="105,78,115,57,131,132,125,129,53,117,46,93,114" hai1="39,89,52,112,21,75,71,7,63,82,27,92,14" hai2="69,45,29,120,3,87,24,73,88,90,26,102,98" hai3="119,9,104,17,99,72,135,109,37,50,107,94,124"/><V10/><F73/><W134/><G37/><T81/><D105/><U59/><E112/><N who="0" m="43049" /><D117/><U35/><E39/><V130/><F120/><W103/><G109/><T86/><D125/><U91/><E71/><V30/><F69/><W8/><G72/><T121/><D121/><U106/><E106/><V43/><F130/><W111/><G111/><T128/><D46/><U62/><E35/><V118/><F118/><W12/><G119/><T58/><D93/><U65/><E75/><V96/><F10/><W97/><G124/><T25/><D25/><N who="2" m="9834" /><F3/><W38/><G38/><T36/><D36/><U18/><E82/><N who="2" m="49271" /><F102/><W80/><G80/><T68/><D68/><U84/><E91/><V23/><F23/><W11/><G107/><T54/><D132/><N who="3" m="50729" /><G8/><T67/><D67/><U122/><E122/><V28/><F90/><N who="3" m="55511" /><G9/><T85/><D78/><U22/><E7/><V19/><F19/><W79/><G79/><T4/><D4/><U126/><E126/><V1/><F1/><W56/><G56/><N who="0" m="21611" /><D81/><U123/><E123/><V101/><F101/><W60/><G60/><T20/><D20/><U108/><E108/><V95/><F95/><W6/><G6/><T2/><D2/><U42/><E62/><V31/><F31/><W61/><G61/><T13/><D13/><U70/><E65/><V66/><F66/><W76/><G76/><T32/><D32/><U40/><E70/><V0/><F0/><W41/><G104/><T44/><D44/><U33/><E33/><V83/><F83/><W51/><G12/><T113/><D113/><U133/><E133/><V48/><AGARI ba="0,0" hai="28,29,30,43,45,48,96,98" m="49271,9834" machi="48" ten="30,11700,0" yaku="5,1,8,1,52,1,54,1" doraHai="47" who="2" fromWho="2" sc="335,-39,309,-39,184,117,172,-39" /><INIT seed="6,1,0,2,2,47" ten="296,270,301,133" oya="2" hai0="100,26,88,17,25,37,117,23,10,74,135,34,35" hai1="106,12,24,78,97,60,30,16,73,118,95,67,22" hai2="93,4,28,84,101,51,123,87,31,38,7,9,56" hai3="66,76,94,113,134,45,96,64,102,121,108,99,1"/><V105/><F38/><W27/><G108/><T125/><D100/><U120/><E120/><V5/><F105/><W69/><G1/><T18/><D74/><U126/><E118/><V21/><F9/><W75/><G121/><T61/><D37/><U115/><E115/><V133/><F133/><W43/><G134/><T127/><D61/><U44/><E126/><N who="0" m="48137" /><D88/><U70/><E106/><V40/><F123/><W39/><G69/><T79/><D79/><U41/><E78/><V3/><F3/><W103/><G113/><T116/><D135/><U15/><E73/><V20/><F101/><W81/><REACH who="3" step="1"/><G27/><REACH who="3" ten="296,270,301,123" step="2"/><T82/><D26/><U111/><E111/><V107/><F31/><W130/><G130/><T13/><D82/><U53/><E30/><V131/><F28/><W55/><G55/><T63/><D63/><U72/><E53/><V132/><F131/><W46/><G46/><T129/><D129/><U68/><E68/><V14/><F132/><W90/><G90/><T104/><D104/><AGARI ba="1,1" hai="39,43,45,64,66,75,76,81,94,96,99,102,103,104" machi="104" ten="30,2000,0" yaku="1,1,7,1,53,0" doraHai="47" doraHaiUra="83" who="3" fromWho="0" sc="296,-23,270,0,301,0,123,33" /><INIT seed="7,0,0,5,0,24" ten="273,270,301,156" oya="3" hai0="116,2,10,36,99,19,71,73,76,91,60,102,31" hai1="69,77,103,13,119,93,39,23,112,72,81,117,1" hai2="43,54,67,127,25,40,75,130,12,131,125,48,86" hai3="29,87,62,5,107,52,104,106,92,123,95,18,26"/><W128/><G123/><T120/><D120/><U11/><E69/><V70/><F75/><W6/><G128/><N who="2" m="49193" /><F12/><W96/><G18/><T94/><D116/><N who="1" m="44619" /><E112/><V100/><F100/><W46/><G87/><T82/><D36/><U97/><E39/><V37/><F25/><W63/><G63/><T66/><D31/><U78/><E78/><V57/><F86/><W79/><G79/><T101/><REACH who="0" step="1"/><D19/><REACH who="0" ten="263,270,301,156" step="2"/><N who="1" m="10735" /><E11/><V122/><F122/><W47/><G47/><T133/><D133/><U126/><E1/><V3/><F3/><W15/><G15/><T65/><D65/><U124/><AGARI ba="0,1" hai="72,77,81,93,97,103,124,126" m="10735,44619" machi="124" ten="30,1100,0" yaku="12,1" doraHai="24" who="1" fromWho="1" sc="263,-3,270,21,301,-3,156,-5" /><INIT seed="8,0,0,4,2,122" ten="260,291,298,151" oya="0" hai0="125,129,50,66,120,23,73,93,105,61,21,4,58" hai1="67,77,95,123,51,121,86,84,90,116,8,25,70" hai2="22,92,114,30,124,43,98,72,17,3,74,135,110" hai3="16,39,133,49,10,65,20,99,35,76,71,6,19"/><T29/><D105/><U18/><E116/><V69/><F110/><W44/><G35/><T126/><D120/><U38/><E38/><V7/><F69/><W82/><G133/><T127/><D73/><U33/><E70/><V112/><F30/><W31/><G39/><T62/><D129/><U96/><E67/><V27/><F43/><W83/><G99/><T88/><D4/><U106/><E33/><V81/><F124/><W94/><G94/><T42/><D29/><U28/><E51/><V46/><F46/><W75/><G82/><T102/><D102/><U2/><E86/><V119/><F135/><W47/><G31/><T24/><D24/><U56/><E56/><V52/><F119/><W85/><G75/><T132/><D132/><U14/><E2/><V80/><F74/><W13/><G49/><T101/><D101/><U78/><E106/><V1/><F114/><W91/><G76/><T55/><D42/><U54/><E54/><V117/><F112/><W115/><G115/><T48/><D62/><U68/><E68/><V134/><F117/><W108/><G108/><T89/><D50/><U45/><E45/><V60/><F134/><W100/><G100/><T130/><D130/><U111/><E111/><V37/><F37/><W118/><G118/><T53/><D53/><U34/><E96/><V40/><F40/><W103/><G103/><T79/><D79/><U113/><E113/><V36/><F36/><W32/><G32/><T128/><D128/><U59/><E59/><N who="2" m="34919" /><F72/><W107/><G107/><T0/><D0/><N who="2" m="74" /><F7/><W97/><G6/><T131/><D131/><RYUUKYOKU ba="0,0" sc="260,-15,291,15,298,15,151,-15" hai1="8,14,18,25,28,34,77,78,84,90,95,121,123" hai2="17,22,27,80,81,92,98" owari="245,-15.0,306,11.0,313,40.0,136,-36.0" /></mjloggm>