<mjloggm ver="2.3"><GO type="41" lobby="0"/><UN n0="%33%30%38%50" n1="%E5%88%9D%E3%82%81%E3%81%BE%E3%81%97%E3%81%A6" n2="%E3%81%98%E3%82%87%E3%82%93%E3%82%8D%E3%83%BC" n3="%E2%93%9D%53%75%70%68%78" dan="14,13,15,18" rate="1952.22,1986.39,1953.12,2130.87" sx="M,F,M,M"/><TAIKYOKU oya="0"/><INIT seed="0,0,0,5,5,41" ten="250,250,250,250" oya="0" hai0="134,32,87,117,113,27,56,123,44,43,47,46,49" hai1="132,70,61,23,96,64,55,88,15,72,1,94,40" hai2="125,2,99,42,24,12,39,85,34,62,110,95,89" hai3="65,9,111,121,16,53,50,130,22,68,83,73,4"/><T33/><D113/><U8/><E132/><V115/><F2/><W45/><G111/><T67/><D117/><U11/><E72/><V119/><F110/><W18/><G130/><T60/><D123/><U25/><E1/><V122/><F119/><W0/><G121/><T63/><D32/><U17/><E40/><V91/><F115/><W38/><G38/><T69/><D33/><U36/><E36/><V103/><F125/><W71/><G18/><T74/><D74/><U112/><E112/><V126/><F126/><W101/><G101/><T31/><D31/><U107/><E107/><V58/><F122/><W133/><G65/><N who="0" m="41151" /><D27/><U26/><E26/><V3/><F3/><W135/><G83/><T14/><D14/><U29/><REACH who="1" step="1"/><E55/><REACH who="1" ten="250,240,250,250" step="2"/><V81/><F24/><N who="3" m="14407" /><G73/><T80/><D134/><AGARI ba="0,1" hai="0,4,9,45,50,53,68,71,133,134,135" m="14407" machi="134" ten="30,3900,0" yaku="20,1,52,1,54,1" doraHai="41" who="3" fromWho="0" sc="250,-39,240,0,250,0,250,49" /><INIT seed="1,0,0,2,4,86" ten="211,240,250,299" oya="1" hai0="9,23,115,130,41,38,27,2,134,108,13,98,53" hai1="67,39,78,120,64,44,106,40,89,42,14,93,133" hai2="62,116,47,112,80,55,92,3,8,132,36,128,101" hai3="97,73,96,111,57,110,11,48,70,125,28,88,4"/><U18/><E120/><V54/><F116/><W10/><G70/><T95/><D108/><N who="3" m="41513" /><G73/><T85/><D115/><U34/><E106/><V131/><F112/><W72/><G72/><T20/><D130/><U25/><E78/><V123/><F123/><W66/><G28/><T7/><D134/><U91/><E133/><V19/><F132/><W68/><G68/><T121/><D121/><U46/><E34/><V1/><F36/><W63/><G125/><T100/><D38/><U61/><E25/><V31/><F31/><W12/><G48/><T49/><D41/><N who="1" m="15979" /><E93/><V82/><F92/><N who="3" m="56327" /><G11/><T30/><D85/><U16/><E39/><V22/><F8/><W124/><G97/><T59/><REACH who="0" step="1"/><D2/><REACH who="0" ten="201,240,250,299" step="2"/><U127/><E127/><V104/><F3/><N who="3" m="287" /><G124/><T71/><D71/><U24/><E24/><V26/><F1/><W113/><G12/><T84/><D84/><U6/><E14/><V103/><F131/><W58/><G113/><T119/><D119/><U75/><E75/><V51/><F128/><W109/><G109/><T69/><D69/><U52/><E6/><V122/><F122/><W77/><G77/><T105/><D105/><U135/><E135/><V83/><F104/><W79/><G79/><T45/><D45/><U43/><E44/><V29/><F29/><W81/><G58/><AGARI ba="0,1" hai="19,22,26,47,51,54,55,58,62,80,82,83,101,103" machi="58" ten="40,1300,0" yaku="8,1" doraHai="86" who="2" fromWho="3" sc="201,0,240,0,250,23,299,-13" /><INIT seed="2,0,0,5,4,97" ten="201,240,273,286" oya="2" hai0="77,98,41,78,130,124,96,92,118,26,90,81,56" hai1="117,35,10,75,54,42,102,95,131,63,123,32,24" hai2="99,114,105,65,28,125,52,31,135,53,71,126,110" hai3="107,109,3,15,27,49,18,21,14,20,22,116,19"/><V128/><F114/><W119/><G49/><T51/><D51/><U50/><E117/><N who="3" m="45130" /><G107/><T29/><D118/><U133/><E75/><V93/><F105/><W46/><G46/><T73/><D41/><U67/><E131/><V4/><F128/><W106/><G106/><T25/><D56/><U103/><E133/><V62/><F4/><W108/><G3/><T129/><D26/><U64/><E123/><V39/><F39/><W61/><G61/><T8/><D8/><U76/><E10/><V23/><F135/><W38/><G38/><T17/><D17/><AGARI ba="0,0" hai="14,15,17,18,19,20,21,22,27,108,109" m="45130" machi="17" ten="30,2000,0" yaku="34,2" doraHai="97" who="3" fromWho="0" sc="201,-20,240,0,273,0,286,20" /><INIT seed="3,0,0,2,4,123" ten="181,240,273,306" oya="3" hai0="50,36,134,92,94,43,45,67,17,19,5,93,62" hai1="0,6,59,68,72,96,70,110,28,21,48,13,1" hai2="58,29,109,121,15,51,98,91,107,46,131,2,85" hai3="103,42,104,60,44,105,24,66,56,9,3,132,130"/><W69/><G130/><T115/><D134/><U97/><E72/><V90/><F2/><W95/><G132/><T133/><D133/><U117/><E117/><V57/><F121/><W8/><G95/><T30/><D30/><U99/><E59/><V101/><F131/><W120/><G120/><T126/><D126/><U122/><E122/><V73/><F73/><W49/><G3/><T10/><D36/><U81/><E48/><V52/><F91/><W118/><G118/><T32/><D32/><U84/><E0/><V14/><F29/><W108/><G24/><T74/><D74/><U88/><E110/><V127/><F127/><W37/><G108/><T18/><D115/><U38/><E38/><V25/><F25/><W79/><G79/><T114/><D114/><U75/><E75/><V11/><F15/><W35/><G35/><T100/><D100/><U87/><E87/><V76/><F76/><W129/><G129/><T22/><D22/><U47/><E47/><V63/><F63/><W16/><G103/><T83/><D83/><U39/><E39/><V61/><F61/><W71/><G9/><T55/><D43/><U33/><E33/><V106/><F109/><W77/><G77/><T23/><D23/><U135/><E135/><V125/><F107/><W53/><REACH who="3" step="1"/><G71/><REACH who="3" ten="181,240,273,296" step="2"/><T4/><REACH who="0" step="1"/><D10/><REACH who="0" ten="171,240,273,296" step="2"/><U119/><E119/><V124/><F124/><W20/><G20/><T27/><D27/><U78/><E28/><V65/><F125/><W26/><G26/><T12/><D12/><AGARI ba="0,2" hai="8,12,16,37,42,44,49,53,56,60,66,69,104,105" machi="12" ten="40,12000,1" yaku="1,1,24,2,54,1,53,0" doraHai="123" doraHaiUra="82" who="3" fromWho="0" sc="171,-120,240,0,273,0,296,140" /><INIT seed="3,1,0,2,1,100" ten="51,240,273,436" oya="3" hai0="88,91,80,43,18,102,7,122,75,53,19,12,32" hai1="27,78,22,125,132,79,135,31,9,90,92,123,35" hai2="4,128,6,42,49,99,77,13,117,96,45,40,131" hai3="57,76,103,69,24,118,58,34,67,93,60,17,83"/><W120/><G118/><T50/><D122/><U16/><E123/><V121/><F117/><W26/><G120/><T20/><D32/><U124/><E78/><V74/><F121/><W134/><G134/><N who="1" m="51242" /><E79/><V105/><F42/><W107/><G93/><T46/><D7/><U39/><E39/><V63/><F63/><W28/><G17/><T70/><D70/><U3/><E90/><V41/><F41/><W62/><G26/><T84/><D75/><U33/><E92/><V48/><F48/><W71/><G62/><T116/><D116/><U95/><E95/><V101/><F96/><N who="3" m="61927" /><G71/><T1/><D1/><U127/><E3/><V8/><F6/><W111/><G111/><T129/><D129/><U38/><E38/><V119/><F119/><W115/><G115/><T25/><D102/><U130/><E130/><V44/><F44/><W97/><G97/><T66/><D91/><U73/><E73/><AGARI ba="1,0" hai="24,28,34,57,58,60,67,69,73,76,83" m="61927" machi="73" ten="30,2900,0" yaku="25,1,52,1" doraHai="100" who="3" fromWho="1" sc="51,0,240,-32,273,0,436,32" /><INIT seed="3,2,0,5,3,77" ten="51,208,273,468" oya="3" hai0="13,88,64,8,87,133,111,11,32,25,117,9,81" hai1="78,92,122,55,89,119,97,2,86,44,115,123,105" hai2="10,19,51,3,114,96,35,73,43,58,134,84,108" hai3="98,65,104,76,1,0,121,7,101,31,85,125,67"/><W100/><G121/><T127/><D117/><U21/><E2/><V120/><F73/><W41/><G125/><T28/><D127/><U49/><E119/><V71/><F35/><W16/><G41/><T18/><D133/><U33/><E115/><V52/><F71/><W110/><G110/><T54/><D64/><U26/><E33/><V47/><F134/><W30/><G85/><T39/><D39/><U103/><REACH who="1" step="1"/><E78/><REACH who="1" ten="51,198,273,468" step="2"/><V5/><F114/><W95/><G76/><T106/><D106/><U93/><E93/><V4/><F120/><W60/><G95/><T113/><D113/><U24/><E24/><V128/><F128/><W59/><G104/><T57/><REACH who="0" step="1"/><D111/><REACH who="0" ten="41,198,273,468" step="2"/><U56/><E56/><V36/><F108/><W14/><G59/><T79/><D79/><U112/><E112/><V126/><F126/><W91/><G67/><T82/><D82/><U107/><E107/><V48/><F58/><W29/><G65/><T68/><D68/><U69/><E69/><V42/><F3/><W135/><G1/><T109/><D109/><U63/><E63/><AGARI ba="2,2" hai="8,9,11,13,18,25,28,32,54,57,63,81,87,88" machi="63" ten="30,7700,0" yaku="1,1,7,1,52,1,54,1,53,0" doraHai="77" doraHaiUra="61" who="0" fromWho="1" sc="41,103,198,-83,273,0,468,0" /><INIT seed="4,0,0,3,4,28" ten="144,115,273,468" oya="0" hai0="114,124,112,106,107,54,41,19,100,82,50,134,129" hai1="49,52,47,23,65,35,3,71,15,77,57,60,31" hai2="58,38,99,16,93,89,1,80,4,51,48,42,34" hai3="85,110,127,22,113,133,30,62,32,2,24,92,6"/><T27/><D41/><U118/><E3/><V64/><F38/><W39/><G133/><T101/><D129/><U78/><E118/><V117/><F117/><W132/><G127/><T37/><D37/><U94/><E35/><V131/><F131/><W13/><G113/><N who="0" m="43627" /><D82/><U104/><E104/><N who="0" m="39977" /><D134/><U67/><E71/><V88/><F34/><W25/><G132/><T61/><D61/><U119/><E119/><V44/><F1/><W123/><G62/><T43/><D43/><U18/><E31/><V8/><F4/><W40/><G40/><T125/><D19/><U116/><E116/><V21/><F8/><W83/><G83/><T74/><D27/><U9/><E65/><V120/><F120/><W87/><G25/><T122/><D122/><U17/><REACH who="1" step="1"/><E94/><REACH who="1" ten="144,105,273,468" step="2"/><N who="2" m="56775" /><F64/><W53/><G123/><T10/><D74/><U97/><E97/><V46/><F93/><W72/><G72/><T26/><D125/><U45/><E45/><V135/><F135/><W7/><G30/><T33/><D124/><U56/><E56/><V115/><F58/><W95/><G32/><T11/><D33/><U121/><E121/><V91/><F115/><W0/><G0/><T59/><D26/><AGARI ba="0,1" hai="9,15,17,18,23,26,47,49,52,57,60,67,77,78" machi="26" ten="30,7700,0" yaku="1,1,7,1,8,1,54,1,53,0" doraHai="28" doraHaiUra="84" who="1" fromWho="0" sc="144,-77,105,87,273,0,468,0" /><INIT seed="5,0,0,4,2,18" ten="67,192,273,468" oya="1" hai0="89,26,126,21,59,60,29,102,19,93,128,40,57" hai1="129,46,49,64,61,27,106,53,80,36,45,52,73" hai2="15,31,103,50,82,8,123,65,63,5,130,127,79" hai3="135,120,55,71,25,11,100,107,33,122,24,51,0"/><U77/><E129/><V38/><F38/><W62/><G135/><T39/><D126/><U69/><E106/><V95/><F123/><W67/><G25/><T43/><D128/><U44/><E53/><V88/><F127/><W17/><G0/><T12/><D39/><U117/><E117/><V13/><F103/><W20/><G11/><T104/><D104/><U47/><REACH who="1" step="1"/><E27/><REACH who="1" ten="67,182,273,468" step="2"/><V16/><F130/><W90/><G55/><T119/><D119/><U70/><E70/><V30/><F50/><W124/><G71/><T97/><D59/><U74/><E74/><V23/><F63/><W10/><G124/><T99/><D99/><U37/><AGARI ba="0,1" hai="36,37,44,45,46,47,49,52,61,64,69,73,77,80" machi="37" ten="30,11700,0" yaku="1,1,0,1,54,1,53,1" doraHai="18" doraHaiUra="75" who="1" fromWho="1" sc="67,-39,182,127,273,-39,468,-39" /><INIT seed="5,1,0,5,4,113" ten="28,309,234,429" oya="1" hai0="56,24,12,49,20,8,90,45,129,9,19,111,14" hai1="132,29,41,97,124,26,72,21,130,80,11,102,114" hai2="6,38,30,18,67,57,100,135,110,66,126,128,16" hai3="127,109,36,28,51,99,94,69,76,73,68,22,123"/><U104/><E114/><V120/><F38/><W65/><G127/><T1/><D111/><U84/><E124/><V134/><F110/><W74/><G123/><T34/><D129/><U101/><E130/><V112/><F126/><W27/><G36/><T54/><D34/><U43/><E132/><V96/><F112/><W50/><G109/><T58/><D1/><U118/><E101/><V78/><F78/><W95/><G95/><T3/><D3/><U87/><E72/><V105/><F120/><W106/><G106/><T93/><D24/><U77/><E84/><V55/><F6/><W79/><G65/><T70/><D70/><U133/><E133/><N who="2" m="50699" /><F30/><W23/><G28/><T17/><REACH who="0" step="1"/><D20/><REACH who="0" ten="18,309,234,429" step="2"/><U31/><E21/><V25/><F128/><W115/><G115/><T61/><D61/><U33/><E29/><V32/><F32/><W47/><G27/><T89/><D89/><U88/><E77/><V91/><F91/><W0/><G0/><T4/><D4/><U64/><E11/><V119/><F25/><W103/><G79/><T131/><D131/><U92/><E33/><V82/><F18/><W86/><G76/><T59/><D59/><U5/><E31/><V10/><F16/><W7/><G23/><T63/><D63/><U85/><E5/><V60/><F10/><W107/><G22/><T81/><D81/><U42/><E26/><V117/><F82/><W48/><G7/><T13/><D13/><U71/><E80/><V125/><F125/><W2/><G2/><T108/><D108/><U40/><N who="1" m="10240" /><DORA hai="116" /><U121/><E88/><V15/><F15/><RYUUKYOKU ba="1,1" sc="18,15,309,-15,234,15,429,-15" hai0="8,9,12,14,17,19,45,49,54,56,58,90,93" hai2="55,57,60,66,67,96,100,105,117,119" /><INIT seed="6,2,1,2,2,25" ten="33,294,249,414" oya="2" hai0="71,95,74,100,135,41,119,120,38,115,127,31,134" hai1="28,20,15,123,57,13,48,29,70,81,111,126,91" hai2="77,89,116,128,80,49,124,11,2,43,50,78,73" hai3="8,86,9,82,84,105,62,23,21,17,117,22,130"/><V75/><F116/><W32/><G32/><T106/><D31/><U102/><E111/><V88/><F128/><W24/><G105/><T56/><D56/><U99/><E70/><V4/><F124/><W79/><G117/><T18/><D18/><U131/><E131/><V96/><F96/><W54/><G130/><T53/><D53/><N who="1" m="31911" /><E126/><V47/><F49/><W112/><G112/><T36/><D41/><U94/><E123/><V39/><F50/><W1/><G1/><T46/><D46/><U30/><E20/><N who="3" m="7754" /><G86/><AGARI ba="2,1" hai="13,15,28,29,30,81,86,91,94,99,102" m="31911" machi="86" ten="30,7700,0" yaku="8,1,52,3" doraHai="25" who="1" fromWho="3" sc="33,0,294,93,249,0,414,-83" /><INIT seed="7,0,0,2,0,104" ten="33,387,249,331" oya="3" hai0="123,94,63,53,61,43,15,122,102,70,31,64,107" hai1="88,21,83,66,119,135,30,97,93,3,27,6,19" hai2="130,55,82,116,89,18,52,87,50,78,42,51,22" hai3="9,26,120,5,105,57,73,1,10,75,115,56,32"/><W80/><G120/><T11/><D11/><U41/><E119/><V14/><F130/><W2/><G105/><T4/><D4/><U100/><E135/><V127/><F127/><W12/><G115/><T45/><D15/><U65/><E3/><V36/><F36/><W79/><G2/><T34/><D31/><U131/><E131/><V129/><F116/><W68/><G68/><T86/><D86/><N who="1" m="50271" /><E6/><V20/><F129/><W98/><G98/><T91/><D102/><U35/><E35/><V81/><F42/><W111/><G111/><T74/><D94/><U47/><E19/><V84/><F22/><W108/><G108/><T69/><D91/><U8/><E8/><V117/><F117/><W128/><G128/><T7/><D7/><U54/><E41/><V77/><F55/><W23/><G32/><T103/><D103/><U118/><E118/><V28/><F51/><AGARI ba="0,0" hai="21,27,30,47,51,54,65,66,93,97,100" m="50271" machi="51" ten="30,2000,0" yaku="8,1,54,1" doraHai="104" who="1" fromWho="2" sc="33,0,387,20,249,-20,331,0" owari="33,-47.0,407,51.0,229,-17.0,331,13.0" /></mjloggm>