<mjloggm ver="2.3"><GO type="41" lobby="0"/><UN n0="%E9%AE%AB%E7%94%BA%E6%B0%91%EF%BC%A0" n1="%E4%B8%89%E5%9B%9B%E9%83%8E" n2="%E2%93%9D%53%75%70%68%78" n3="%E7%9F%B3%E4%B8%B8%E9%9B%BB%E5%8C%96" dan="15,14,17,14" rate="2022.42,1867.48,2038.69,2012.80" sx="M,M,M,M"/><TAIKYOKU oya="0"/><INIT seed="0,0,0,1,0,127" ten="250,250,250,250" oya="0" hai0="86,30,71,31,51,75,85,116,56,82,106,42,10" hai1="34,36,108,117,27,80,60,90,16,24,83,73,105" hai2="39,62,5,3,109,97,33,67,112,91,65,72,55" hai3="45,134,111,87,40,130,121,18,118,122,120,0,4"/><T9/><D116/><U104/><E36/><V25/><F112/><W21/><G118/><T96/><D71/><U77/><E117/><V2/><F72/><W124/><G87/><T26/><D75/><U50/><E108/><V101/><F67/><W58/><G58/><T22/><D30/><U57/><E50/><V13/><F55/><W14/><G45/><T46/><D56/><U47/><E47/><V52/><F91/><W133/><G40/><T41/><D41/><U49/><E49/><V11/><F109/><W126/><G111/><T35/><D86/><U128/><E128/><V29/><F52/><W78/><G78/><T32/><D96/><U1/><E1/><V44/><F39/><W61/><G61/><T119/><D106/><U66/><E27/><V43/><F44/><W81/><G81/><T113/><D113/><U19/><E19/><V107/><REACH who="2" step="1"/><F43/><REACH who="2" ten="250,250,240,250" step="2"/><W48/><G48/><T84/><D119/><U64/><E64/><V100/><F100/><W59/><G59/><AGARI ba="0,1" hai="2,3,5,11,13,25,29,33,59,62,65,97,101,107" machi="59" ten="30,2000,0" yaku="1,1,7,1,53,0" doraHai="127" doraHaiUra="76" who="2" fromWho="3" sc="250,0,250,0,240,30,250,-20" /><INIT seed="1,0,0,5,3,92" ten="250,250,270,230" oya="1" hai0="69,29,113,132,60,45,63,105,31,125,23,96,126" hai1="122,32,129,48,30,50,38,73,9,86,83,39,128" hai2="18,27,43,62,76,0,33,67,20,121,97,14,13" hai3="117,77,78,93,120,107,112,19,75,28,68,114,88"/><U135/><E122/><V81/><F0/><W72/><G68/><T22/><D113/><N who="3" m="43625" /><G28/><N who="0" m="10827" /><D45/><U119/><E73/><N who="3" m="28234" /><G19/><T49/><D49/><N who="1" m="19051" /><E119/><V40/><F33/><W5/><G5/><T98/><D69/><U80/><E9/><V84/><F121/><W106/><G120/><T79/><D105/><N who="3" m="39945" /><G117/><T70/><D70/><U87/><E30/><V94/><F14/><W58/><G58/><T127/><D132/><U104/><E135/><V12/><F12/><W2/><G2/><T44/><D44/><U57/><E57/><N who="2" m="37327" /><F13/><W89/><G93/><T109/><D109/><U95/><E95/><V65/><F65/><W4/><G4/><T41/><D79/><AGARI ba="0,0" hai="77,78,79,88,89" m="39945,28234,43625" machi="79" ten="40,8000,1" yaku="28,2,34,2,54,1" doraHai="92" who="3" fromWho="0" sc="250,-80,250,0,270,0,230,80" /><INIT seed="2,0,0,1,4,37" ten="170,250,270,310" oya="2" hai0="24,26,63,109,19,65,14,106,98,35,57,70,134" hai1="56,121,133,107,81,85,108,59,83,16,36,103,118" hai2="41,111,125,130,11,17,80,66,68,84,15,102,73" hai3="89,47,0,3,25,86,95,88,78,30,135,74,18"/><V10/><F73/><W43/><G135/><T46/><D134/><U13/><E133/><V105/><F125/><W75/><G18/><T112/><D112/><U97/><E118/><V28/><F130/><W40/><G78/><T76/><D76/><U126/><E126/><V51/><F28/><W29/><G29/><T52/><D109/><U60/><E108/><V61/><F111/><W54/><G54/><T69/><D46/><U120/><E36/><V34/><F34/><W131/><G131/><T53/><D53/><U44/><E44/><V90/><F105/><W31/><G47/><T96/><D69/><U27/><E27/><V119/><F102/><W5/><G86/><T7/><D7/><U12/><E12/><V33/><F33/><W64/><G95/><T2/><D2/><U115/><E115/><V55/><F119/><W39/><G39/><T21/><D106/><U122/><E85/><V22/><F41/><W82/><G25/><T116/><D116/><U129/><E129/><V49/><REACH who="2" step="1"/><F49/><REACH who="2" ten="170,250,260,310" step="2"/><W79/><G75/><T4/><D24/><U100/><E103/><V124/><F124/><W132/><G132/><T117/><D117/><U128/><E128/><V127/><F127/><W38/><G38/><T113/><D113/><U32/><E32/><V45/><AGARI ba="0,1" hai="10,11,15,17,22,45,51,55,61,66,68,80,84,90" machi="45" ten="20,3900,0" yaku="1,1,0,1,7,1,53,0" doraHai="37" doraHaiUra="101" who="2" fromWho="2" sc="170,-13,250,-13,260,49,310,-13" /><INIT seed="2,1,0,5,2,37" ten="157,237,309,297" oya="2" hai0="122,4,134,115,63,32,135,76,18,48,19,127,35" hai1="96,7,70,123,33,90,71,88,25,113,50,62,9" hai2="125,109,93,52,87,55,112,119,75,73,36,61,77" hai3="78,94,124,43,128,58,97,26,1,8,28,106,82"/><V45/><F112/><W47/><G106/><T24/><D76/><U39/><E39/><V49/><F119/><W5/><G128/><T118/><D63/><U6/><E113/><V104/><F104/><W15/><G124/><T68/><D68/><U11/><E123/><V95/><F36/><W130/><G58/><T131/><D48/><U44/><E33/><V86/><F125/><W74/><G130/><T81/><D81/><U85/><E25/><V121/><F109/><W129/><G129/><T22/><D131/><U107/><E62/><V30/><F30/><W100/><G15/><T46/><D46/><U41/><E96/><V10/><F10/><W51/><G26/><T133/><D115/><U89/><E107/><V69/><F121/><W72/><REACH who="3" step="1"/><G28/><REACH who="3" ten="157,237,309,287" step="2"/><N who="0" m="17431" /><D127/><U59/><E59/><V91/><F69/><W54/><G54/><T12/><D118/><U57/><E57/><V110/><F110/><W103/><G103/><T79/><D122/><U80/><E71/><V126/><F126/><W117/><G117/><T66/><D66/><U40/><E70/><V0/><F55/><W17/><G17/><N who="0" m="6155" /><D79/><U92/><E7/><V16/><F16/><W83/><G83/><T3/><D3/><U65/><E6/><V56/><F0/><W84/><AGARI ba="1,1" hai="1,5,8,43,47,51,72,74,78,82,84,94,97,100" machi="84" ten="20,8000,1" yaku="1,1,0,1,7,1,52,1,53,1" doraHai="37" doraHaiUra="99" who="3" fromWho="3" sc="157,-21,237,-21,309,-41,287,93" /><INIT seed="3,0,0,2,1,84" ten="136,216,268,380" oya="3" hai0="107,77,59,38,65,72,99,37,4,11,34,23,12" hai1="86,60,50,101,33,129,2,24,79,43,116,19,40" hai2="71,120,102,110,28,57,105,67,132,47,48,14,91" hai3="66,70,15,128,3,75,82,5,73,90,58,78,27"/><W44/><G70/><T127/><D34/><U114/><E114/><V124/><F110/><W85/><G3/><T10/><D127/><U22/><E129/><V113/><F132/><W81/><G75/><T17/><D72/><U36/><E36/><V16/><F71/><W30/><G128/><T46/><D77/><U32/><E116/><V133/><F102/><W76/><G76/><T63/><D46/><U42/><E2/><V121/><F28/><W98/><G98/><T125/><D125/><U41/><E101/><V69/><F69/><W122/><G122/><T20/><D107/><U51/><N who="1" m="10240" /><DORA hai="29" /><U106/><E106/><V68/><F133/><W49/><G58/><T61/><D99/><U64/><E51/><V118/><F68/><W7/><G66/><T62/><D23/><U1/><E1/><V130/><F118/><W96/><G96/><T8/><REACH who="0" step="1"/><D4/><REACH who="0" ten="126,216,268,380" step="2"/><U131/><E131/><V108/><F130/><W89/><G89/><T100/><D100/><U95/><E50/><V119/><F124/><W74/><G73/><T115/><D115/><U123/><E123/><V25/><F113/><W83/><G5/><T21/><D21/><U52/><E79/><V112/><F112/><W92/><G81/><T35/><D35/><U93/><E33/><V45/><F119/><W111/><G83/><T0/><D0/><U94/><E32/><V117/><F117/><W97/><G85/><T13/><D13/><U55/><E86/><V6/><F121/><W104/><G111/><T109/><D109/><U56/><AGARI ba="0,1" hai="19,22,24,52,55,56,60,64,93,94,95" m="10240" machi="56" ten="50,6400,0" yaku="0,1,8,1,54,1" doraHai="84,29" who="1" fromWho="1" sc="126,-16,216,74,268,-16,380,-32" /><INIT seed="4,0,0,5,5,61" ten="110,290,252,348" oya="0" hai0="47,45,75,93,108,65,133,32,60,129,92,68,62" hai1="53,83,117,99,0,19,98,59,103,113,70,7,5" hai2="107,29,124,37,80,125,55,112,1,13,34,6,110" hai3="42,25,122,135,101,102,27,41,96,57,106,17,43"/><T79/><D129/><U40/><E117/><V123/><F107/><W126/><G126/><T11/><D133/><U130/><E130/><V67/><F55/><W73/><G102/><T97/><D32/><U3/><E70/><V39/><F80/><W35/><G101/><T74/><D108/><U44/><E113/><V77/><F77/><W51/><G96/><T134/><D134/><U10/><E83/><V91/><F13/><W88/><G73/><T48/><D79/><U38/><E19/><V121/><F91/><W131/><G88/><T26/><D26/><U50/><REACH who="1" step="1"/><E103/><REACH who="1" ten="110,280,252,348" step="2"/><V52/><F112/><W21/><G106/><T24/><D93/><U81/><E81/><V116/><F116/><W2/><G57/><T90/><D75/><U23/><E23/><V33/><F33/><W63/><G51/><T20/><D74/><U127/><E127/><V58/><F125/><W76/><G76/><T49/><D11/><AGARI ba="0,1" hai="0,3,5,7,10,11,38,40,44,50,53,59,98,99" machi="11" ten="40,2600,0" yaku="1,1,9,1,53,0" doraHai="61" doraHaiUra="111" who="1" fromWho="0" sc="110,-26,280,36,252,0,348,0" /><INIT seed="5,0,0,3,0,24" ten="84,316,252,348" oya="1" hai0="23,17,55,95,82,132,103,79,105,109,119,57,112" hai1="129,5,46,3,117,40,45,102,54,35,72,1,134" hai2="113,28,11,81,67,114,77,89,104,91,85,107,94" hai3="80,127,38,115,41,2,92,26,71,51,44,22,30"/><U31/><E117/><V53/><F11/><W62/><G115/><N who="2" m="44041" /><F53/><W29/><G29/><T60/><D119/><U63/><E134/><V19/><F19/><W123/><G123/><T7/><D132/><U65/><E129/><V90/><F28/><W64/><G64/><T43/><D112/><U86/><E72/><N who="2" m="43175" /><F67/><W122/><G122/><T9/><D43/><U58/><E5/><V34/><F34/><W15/><G15/><T126/><D126/><U70/><E86/><V120/><F120/><W12/><G12/><T75/><D95/><U14/><E14/><V39/><F39/><W76/><G76/><T99/><D109/><U111/><E102/><V48/><F48/><W74/><G74/><T124/><D124/><U106/><E106/><AGARI ba="0,0" hai="85,89,90,91,94,104,106,107" m="43175,44041" machi="106" ten="30,7700,0" yaku="15,1,11,1,34,2" doraHai="24" who="2" fromWho="1" sc="84,0,316,-77,252,77,348,0" /><INIT seed="6,0,0,4,1,36" ten="84,239,329,348" oya="2" hai0="67,110,108,68,135,113,15,85,109,7,12,91,41" hai1="74,13,54,24,83,72,111,63,121,73,45,134,103" hai2="11,23,32,132,97,33,126,26,92,14,87,31,42" hai3="122,39,100,44,25,48,106,118,49,88,116,22,27"/><V124/><F87/><W16/><G122/><T37/><D135/><U84/><E111/><V130/><F132/><W66/><G66/><T102/><D102/><U35/><E134/><V128/><F42/><W82/><G100/><T65/><D113/><U89/><E121/><V19/><F92/><W51/><G106/><T9/><D12/><U119/><E119/><V123/><F97/><W1/><G1/><T115/><D115/><U20/><E35/><N who="2" m="13387" /><F123/><W81/><G39/><T5/><D5/><U75/><E13/><V98/><F98/><W90/><G90/><T61/><D67/><U79/><E103/><V101/><F101/><W2/><G2/><T4/><D4/><U8/><E8/><V99/><F99/><W78/><G78/><T6/><D6/><U28/><N who="1" m="18432" /><DORA hai="40" /><U131/><E131/><AGARI ba="0,0" hai="11,14,19,23,26,31,124,126,128,130,131" m="13387" machi="131" ten="30,5800,0" yaku="19,1,34,2" doraHai="36,40" who="2" fromWho="1" sc="84,0,239,-58,329,58,348,0" /><INIT seed="6,1,0,3,5,9" ten="84,181,387,348" oya="2" hai0="34,2,63,111,53,103,17,18,11,90,36,116,123" hai1="97,4,52,107,26,8,67,1,133,41,110,128,69" hai2="106,74,131,87,24,57,13,22,62,73,61,84,59" hai3="66,56,70,48,122,10,127,118,126,0,91,94,117"/><V92/><F106/><W95/><G95/><T6/><D123/><U129/><E110/><V99/><F131/><W45/><G45/><T25/><D111/><U125/><E41/><V7/><F74/><W134/><G134/><T80/><D36/><U60/><E133/><V98/><F73/><W102/><G102/><T30/><D103/><U85/><E85/><V100/><F99/><W83/><G83/><T121/><D121/><U89/><E125/><V50/><F50/><W105/><G105/><T38/><D38/><U49/><E89/><V120/><F120/><W113/><G113/><T88/><D116/><U55/><E26/><V79/><F79/><W119/><G119/><T68/><D80/><U132/><E132/><V96/><F96/><W20/><G20/><T40/><D40/><U43/><E43/><V16/><F7/><W104/><G104/><T23/><D18/><U42/><E97/><V108/><F24/><W77/><G77/><T29/><BYE who="3" /><D29/><UN n3="%E7%9F%B3%E4%B8%B8%E9%9B%BB%E5%8C%96" /><U86/><E107/><V54/><F108/><W12/><G122/><T14/><D53/><AGARI ba="1,0" hai="13,16,22,53,54,57,59,61,62,84,87,92,98,100" machi="53" ten="30,12000,1" yaku="7,1,9,1,8,1,52,1,54,1" doraHai="9" who="2" fromWho="0" sc="84,-123,181,0,387,123,348,0" owari="-39,-54.0,181,-22.0,510,61.0,348,15.0" /></mjloggm>