<mjloggm ver="2.3"><GO type="41" lobby="0"/><UN n0="%6A%69%68%6A%69%68" n1="%E2%93%9D%53%75%70%68%78" n2="%E3%83%86%E3%82%A3%E3%83%BC%E3%83%80" n3="%61%74%65%63%68%69%32%30" dan="15,18,13,14" rate="1953.71,2082.50,1822.67,1897.14" sx="M,M,M,M"/><TAIKYOKU oya="0"/><INIT seed="0,0,0,2,4,56" ten="250,250,250,250" oya="0" hai0="31,85,27,30,81,45,116,121,95,17,70,29,99" hai1="88,93,114,25,47,24,37,46,119,123,51,52,55" hai2="102,19,15,54,84,67,97,26,92,94,83,0,66" hai3="122,125,7,2,134,132,113,69,71,133,38,117,118"/><T6/><D121/><U33/><E119/><V101/><F0/><W107/><G7/><T49/><D116/><U120/><E114/><V124/><F124/><W12/><G12/><T43/><D6/><U91/><E37/><V73/><F26/><W4/><G4/><T16/><D70/><U86/><E33/><V44/><F73/><W135/><G135/><T128/><D27/><U77/><E77/><V35/><F35/><W10/><G10/><T18/><D128/><U108/><E108/><V60/><F101/><W22/><G22/><T39/><D39/><U63/><E63/><V21/><F94/><W42/><G71/><T75/><D75/><U57/><E57/><V98/><F44/><W64/><G42/><T105/><D105/><U130/><E130/><V68/><F98/><W72/><G64/><T131/><D131/><U34/><E34/><V111/><F111/><W78/><G78/><T20/><D20/><U127/><E127/><V11/><F67/><W40/><G40/><T82/><REACH who="0" step="1"/><D85/><REACH who="0" ten="240,250,250,250" step="2"/><U14/><E86/><V65/><F68/><W13/><G134/><T3/><D3/><U110/><E110/><V89/><F21/><W115/><G118/><T59/><D59/><AGARI ba="0,1" hai="11,15,19,54,59,60,65,66,83,84,89,92,97,102" machi="59" ten="40,2600,0" yaku="8,1,52,1" doraHai="56" who="2" fromWho="0" sc="240,-26,250,0,250,36,250,0" /><INIT seed="1,0,0,3,5,18" ten="214,250,286,250" oya="1" hai0="135,105,81,10,23,80,100,89,45,133,117,34,41" hai1="111,132,58,125,24,123,122,83,3,47,73,27,56" hai2="0,82,74,42,38,20,52,87,4,31,39,8,106" hai3="131,33,36,11,76,43,94,40,5,124,90,50,99"/><U110/><E3/><V127/><F106/><W84/><G36/><T93/><D34/><U61/><E132/><V116/><F116/><W112/><G112/><T108/><D10/><U12/><E12/><V32/><F74/><W109/><G33/><T2/><D2/><U7/><E7/><V16/><F127/><W120/><G124/><T119/><D23/><U77/><E47/><V114/><F114/><W79/><G120/><T35/><D35/><U96/><E96/><V126/><F126/><W57/><G131/><T97/><D45/><U101/><E101/><V70/><F70/><W19/><G109/><N who="1" m="41482" /><E58/><V129/><F129/><W14/><G5/><T65/><D41/><U60/><E60/><V118/><F118/><N who="0" m="45066" /><D65/><N who="1" m="39079" /><E125/><V113/><F113/><W13/><G13/><T103/><D103/><U85/><E73/><V25/><F42/><W17/><G17/><T59/><D59/><U55/><E55/><V66/><F66/><W72/><G72/><T115/><D115/><U9/><E9/><V91/><REACH who="2" step="1"/><F52/><REACH who="2" ten="214,250,276,250" step="2"/><N who="3" m="31895" /><G43/><T75/><D108/><U6/><E6/><V102/><F102/><N who="3" m="60791" /><G40/><T92/><D75/><U62/><E62/><V107/><F107/><W71/><G71/><T49/><D105/><U88/><E77/><V29/><F29/><W53/><G53/><T98/><D49/><U95/><E95/><AGARI ba="0,1" hai="11,14,19,76,79,84,90,95" m="60791,31895" machi="95" ten="30,2000,0" yaku="8,1,54,1" doraHai="18" who="3" fromWho="1" sc="214,0,250,-20,276,0,250,30" /><INIT seed="2,0,0,0,3,31" ten="214,230,276,280" oya="2" hai0="18,123,89,55,57,66,82,48,42,36,1,115,117" hai1="52,10,79,68,51,83,80,134,135,20,110,62,87" hai2="58,39,127,17,15,34,14,32,5,12,96,38,3" hai3="119,128,73,33,130,124,60,7,35,13,101,6,95"/><V40/><F127/><W114/><G73/><T93/><D123/><U64/><E110/><V43/><F96/><N who="3" m="59551" /><G119/><T11/><D115/><U99/><E10/><V111/><F58/><W121/><G121/><T54/><D117/><U45/><E20/><V29/><F111/><W69/><G124/><T19/><D66/><U131/><E131/><N who="3" m="50218" /><G114/><T125/><D125/><U75/><REACH who="1" step="1"/><E99/><REACH who="1" ten="214,220,276,280" step="2"/><V21/><F39/><W59/><G69/><T108/><D11/><U122/><E122/><V25/><F38/><W37/><G37/><T90/><D36/><U126/><E126/><V97/><F97/><W104/><G104/><T28/><D108/><U53/><E53/><V112/><F112/><W47/><G47/><T9/><D54/><U106/><E106/><V27/><F40/><W49/><G49/><T102/><D42/><U94/><E94/><V41/><F41/><W133/><G133/><T30/><D93/><U0/><E0/><V4/><F43/><W72/><G72/><T70/><D1/><U67/><E67/><V86/><F86/><W71/><G71/><T85/><D70/><U116/><E116/><V50/><F50/><W98/><G98/><T91/><D9/><U22/><E22/><N who="2" m="15543" /><F3/><W109/><G109/><T113/><D113/><U132/><E132/><V46/><F46/><W84/><G84/><T118/><D118/><U63/><E63/><V24/><F24/><W2/><G2/><T56/><D85/><U78/><AGARI ba="0,1" hai="45,51,52,62,64,68,75,78,79,80,83,87,134,135" machi="78" ten="30,8000,1" yaku="1,1,0,1,54,1,53,2" doraHai="31" doraHaiUra="76" who="1" fromWho="1" sc="214,-20,220,90,276,-40,280,-20" /><INIT seed="3,0,0,5,0,37" ten="194,310,236,260" oya="3" hai0="124,131,53,31,7,21,52,28,24,121,33,118,64" hai1="44,69,107,99,119,11,39,105,95,22,62,102,27" hai2="122,10,0,13,43,117,109,103,93,100,126,88,58" hai3="71,67,101,86,97,36,112,15,50,25,85,12,83"/><W135/><G36/><T75/><D121/><U129/><E129/><V115/><F117/><W92/><G112/><T51/><D75/><U14/><E119/><V114/><F122/><W2/><G2/><T56/><D131/><U79/><E79/><V41/><F0/><W48/><G135/><T133/><D133/><U104/><E69/><V5/><F126/><W87/><G83/><T81/><D124/><U111/><E62/><V49/><F109/><W6/><G25/><T30/><D64/><U77/><E77/><V130/><F130/><W106/><G106/><T18/><D7/><U110/><E44/><V19/><F114/><W61/><G6/><T91/><D53/><U108/><E39/><V78/><F78/><W68/><G68/><T47/><D56/><U90/><E11/><V120/><F120/><W4/><G4/><T98/><D118/><U82/><E14/><V1/><F1/><W54/><REACH who="3" step="1"/><G50/><REACH who="3" ten="194,310,236,250" step="2"/><T9/><D81/><U46/><E82/><V57/><F5/><W134/><G134/><T42/><D33/><U26/><E26/><V132/><F132/><W16/><G16/><T72/><D18/><N who="1" m="12759" /><E111/><V35/><F115/><W3/><G3/><T70/><D70/><U55/><E110/><V45/><F35/><W128/><G128/><T76/><D24/><U116/><E116/><V84/><F49/><W96/><G96/><T32/><D51/><N who="1" m="29175" /><E108/><V63/><F63/><W74/><G74/><T17/><D72/><U65/><E107/><V89/><F19/><W38/><G38/><T8/><D17/><U125/><E105/><V73/><F73/><RYUUKYOKU ba="0,1" sc="194,-10,310,-10,236,-10,250,30" hai3="12,15,48,54,61,67,71,85,86,87,92,97,101" /><INIT seed="3,1,1,3,4,72" ten="184,300,226,280" oya="3" hai0="19,11,98,74,77,79,103,117,55,53,43,113,80" hai1="50,100,78,96,36,10,128,27,88,37,115,1,14" hai2="38,116,123,63,6,4,30,39,127,64,97,21,57" hai3="121,124,93,108,68,15,120,12,82,129,66,76,20"/><W33/><G33/><T126/><D117/><U104/><E1/><V32/><F123/><W31/><G129/><T46/><D113/><U130/><E115/><V52/><F116/><W114/><G114/><T17/><D126/><U110/><E110/><V48/><F127/><W61/><G124/><T16/><D11/><U111/><E78/><V119/><F119/><W84/><G108/><T69/><D69/><U106/><E106/><V89/><F32/><W42/><G42/><T29/><D29/><U91/><E50/><V65/><F38/><N who="1" m="14953" /><E27/><V132/><F132/><W56/><G68/><T60/><D60/><U101/><E101/><V2/><F2/><W22/><G15/><T13/><D13/><U73/><E73/><V105/><F39/><W8/><G31/><T54/><D79/><U40/><E40/><V133/><F133/><W28/><G28/><T70/><D70/><U71/><E71/><V26/><F105/><W7/><REACH who="3" step="1"/><G93/><REACH who="3" ten="184,300,226,270" step="2"/><T3/><D3/><U86/><E111/><V9/><F30/><W24/><G24/><T51/><REACH who="0" step="1"/><D43/><REACH who="0" ten="174,300,226,270" step="2"/><U83/><E130/><V25/><F25/><W35/><G35/><T5/><D5/><U107/><E128/><V75/><F4/><W122/><AGARI ba="1,3" hai="7,8,12,20,22,56,61,66,76,82,84,120,121,122" machi="122" ten="30,11700,0" yaku="1,1,0,1,52,1,53,1" doraHai="72" doraHaiUra="58" who="3" fromWho="3" sc="174,-40,300,-40,226,-40,270,150" /><INIT seed="3,2,0,3,2,8" ten="134,260,186,420" oya="3" hai0="46,97,115,56,23,64,35,36,76,34,72,119,120" hai1="86,127,85,22,88,107,124,16,30,131,18,121,60" hai2="48,20,80,101,45,129,5,21,15,32,28,12,49" hai3="98,13,66,14,54,125,128,41,75,52,81,118,58"/><W50/><G118/><T53/><D120/><U99/><E121/><V51/><F32/><W132/><G128/><T55/><D119/><U25/><E131/><V42/><F129/><W100/><G125/><N who="1" m="48202" /><E86/><V11/><F101/><W19/><G41/><T10/><D115/><U63/><E99/><V26/><F80/><W31/><G31/><T95/><D23/><N who="1" m="15679" /><E107/><V7/><F7/><W44/><G66/><T122/><D122/><U102/><E102/><V27/><F15/><W6/><G6/><T77/><D64/><U24/><E18/><AGARI ba="2,0" hai="5,11,12,18,20,21,26,27,28,42,45,48,49,51" machi="18" ten="30,3900,0" yaku="7,1,8,1,52,1" doraHai="8" who="2" fromWho="1" sc="134,0,260,-45,186,45,420,0" /><INIT seed="4,0,0,0,3,28" ten="134,215,231,420" oya="0" hai0="55,26,125,135,56,84,122,96,121,109,30,43,21" hai1="97,126,32,31,72,24,51,52,77,79,8,48,100" hai2="54,120,82,5,129,70,15,76,17,12,40,111,107" hai3="23,41,67,6,37,132,80,92,46,106,45,57,119"/><T133/><D43/><U53/><E126/><V49/><F120/><W27/><G106/><T104/><D125/><U9/><E72/><V95/><F129/><W103/><G119/><T62/><D84/><U13/><E9/><V3/><F111/><W130/><G130/><T75/><D75/><U58/><E100/><V113/><F107/><W4/><G80/><T88/><D109/><U83/><E97/><V29/><F113/><W20/><G20/><T44/><D44/><U74/><E83/><V93/><F70/><W114/><G46/><T38/><D38/><U102/><E102/><V7/><F3/><W131/><G114/><T60/><D60/><U64/><E64/><V65/><F65/><W134/><G131/><T59/><D59/><U39/><E39/><V19/><F29/><W18/><G103/><T2/><D2/><U16/><E74/><V81/><F40/><W63/><G92/><N who="0" m="56327" /><D104/><U25/><E25/><V22/><F76/><W90/><G90/><T124/><D124/><U66/><E66/><V89/><F89/><W116/><G116/><T108/><D108/><U73/><E73/><V78/><F78/><W50/><G37/><T47/><D47/><AGARI ba="0,0" hai="8,13,16,24,31,32,47,48,51,52,53,58,77,79" machi="47" ten="30,7700,0" yaku="7,1,52,1,54,2" doraHai="28" who="1" fromWho="0" sc="134,-77,215,77,231,0,420,0" /><INIT seed="5,0,0,5,0,74" ten="57,292,231,420" oya="1" hai0="9,86,96,119,71,29,65,23,52,28,100,51,11" hai1="35,77,42,57,118,133,87,21,10,36,63,126,97" hai2="26,70,18,120,116,88,15,94,79,84,39,25,121" hai3="34,73,12,129,131,64,46,19,17,68,105,2,33"/><U89/><E118/><V60/><F116/><W81/><G2/><T37/><D119/><U91/><E35/><V16/><F39/><W30/><G105/><T43/><D37/><U48/><E36/><V101/><F120/><W53/><G19/><T38/><D38/><U0/><E133/><V83/><F121/><W78/><G30/><T102/><D43/><U8/><E126/><V61/><F70/><W82/><G82/><T55/><D86/><U98/><E21/><N who="2" m="11423" /><F18/><W123/><G123/><T112/><D112/><U75/><E75/><V66/><F66/><W76/><G76/><T85/><D85/><U54/><E0/><V127/><F127/><W107/><G107/><T14/><D23/><U22/><E22/><V95/><F101/><W93/><G93/><T125/><D125/><U67/><E42/><V20/><F95/><W69/><G69/><T134/><D71/><U41/><E41/><V124/><F124/><W106/><G106/><T56/><D65/><U13/><E91/><V3/><F3/><W27/><G27/><N who="2" m="10249" /><F20/><N who="3" m="11303" /><G64/><T59/><D14/><U7/><E10/><V6/><F6/><W5/><G5/><T32/><D96/><AGARI ba="0,0" hai="60,61,79,83,84,88,94,96" m="10249,11423" machi="96" ten="30,7700,0" yaku="8,1,52,1,54,2" doraHai="74" who="2" fromWho="0" sc="57,-77,292,0,231,77,420,0" owari="-20,-52.0,292,-11.0,308,11.0,420,52.0" /></mjloggm>