<mjloggm ver="2.3"><GO type="41" lobby="0"/><UN n0="%E2%93%9D%53%75%70%68%78" n1="%E5%B0%8F%E7%86%8A%E7%8C%AB" n2="%E7%B3%B8%E8%A5%BF%E7%BE%BD%E9%BB%92" n3="%E3%81%BC%E3%82%93%E3%81%BC%E3%82%93" dan="18,14,13,15" rate="2125.08,1931.66,1816.98,2016.47" sx="M,M,M,M"/><TAIKYOKU oya="0"/><INIT seed="0,0,0,2,4,94" ten="250,250,250,250" oya="0" hai0="83,53,110,62,12,120,134,45,11,67,114,106,108" hai1="42,39,98,1,49,69,79,121,75,88,103,129,112" hai2="78,105,126,101,71,47,85,73,10,18,100,118,6" hai3="9,54,113,131,14,117,93,30,15,59,0,91,8"/><T133/><D106/><U70/><E121/><V92/><F71/><W4/><G117/><T33/><D33/><U125/><E1/><V80/><F126/><W52/><G131/><T116/><D83/><U38/><E125/><V82/><F18/><W104/><G104/><T57/><D12/><U34/><E34/><V51/><F118/><W60/><G113/><T115/><D11/><U40/><E129/><V44/><F44/><W97/><G0/><T124/><D120/><U102/><E112/><N who="0" m="43049" /><D124/><U65/><E79/><V25/><F25/><W64/><REACH who="3" step="1"/><G30/><REACH who="3" ten="250,250,250,240" step="2"/><T128/><D128/><U16/><E38/><V3/><F105/><W130/><G130/><T22/><D116/><U24/><E39/><V23/><F23/><W89/><G89/><T122/><D22/><U41/><E88/><V5/><F5/><AGARI ba="0,1" hai="4,5,8,9,14,15,52,54,59,60,64,91,93,97" machi="5" ten="30,12000,2" yaku="1,1,7,1,9,1,8,1,52,1,54,1,53,0" doraHai="94" doraHaiUra="13" who="3" fromWho="2" sc="250,0,250,0,250,-120,240,130" /><INIT seed="1,0,0,0,1,83" ten="250,250,130,370" oya="1" hai0="116,80,64,1,114,55,117,107,35,90,129,105,34" hai1="22,72,126,87,69,19,16,10,28,118,51,40,73" hai2="66,97,31,46,61,54,62,49,26,125,67,93,84" hai3="2,47,48,121,33,112,50,24,104,106,27,14,53"/><U102/><E118/><V70/><F125/><W81/><G2/><T11/><D64/><U45/><E126/><V135/><F135/><W100/><G121/><T23/><D23/><U122/><E69/><V95/><F97/><W110/><G112/><T127/><D127/><U12/><E122/><V56/><REACH who="2" step="1"/><F84/><REACH who="2" ten="250,250,120,370" step="2"/><W109/><G33/><AGARI ba="0,1" hai="26,31,33,46,49,54,56,61,62,66,67,70,93,95" machi="33" ten="30,3900,0" yaku="1,1,2,1,7,1,53,0" doraHai="83" doraHaiUra="111" who="2" fromWho="3" sc="250,0,250,0,120,49,370,-39" /><INIT seed="2,0,0,1,1,39" ten="250,250,169,331" oya="2" hai0="110,12,83,94,96,101,126,125,99,4,88,24,6" hai1="76,117,38,29,46,107,100,59,13,0,34,56,32" hai2="135,95,115,132,8,84,30,7,47,108,18,19,82" hai3="130,27,91,67,20,116,2,81,106,41,31,54,21"/><V74/><F115/><W33/><G106/><T44/><D110/><U16/><E0/><V93/><F30/><W105/><G105/><T122/><D122/><U65/><E76/><N who="2" m="44311" /><F108/><W102/><G102/><T51/><D24/><U92/><E107/><V134/><F84/><W69/><G2/><T123/><D123/><U127/><E117/><V17/><F47/><W103/><G103/><T5/><D12/><AGARI ba="0,0" hai="7,8,12,17,18,19,93,95,132,134,135" m="44311" machi="12" ten="40,2000,0" yaku="20,1" doraHai="39" who="2" fromWho="0" sc="250,-20,250,0,169,20,331,0" /><INIT seed="2,1,0,3,5,69" ten="230,250,189,331" oya="2" hai0="106,13,79,62,33,19,58,126,93,22,82,104,114" hai1="121,135,113,38,29,129,24,54,59,40,119,96,67" hai2="20,89,130,9,78,97,74,32,71,17,10,8,132" hai3="30,66,65,91,109,28,120,94,2,47,133,90,43"/><V25/><F71/><W49/><G120/><T76/><D114/><U77/><E113/><V134/><F130/><W112/><G112/><T53/><D33/><U41/><E119/><V63/><F32/><W48/><G133/><N who="2" m="51305" /><F74/><W128/><G128/><T14/><D126/><U108/><E129/><V12/><F78/><W31/><G2/><T60/><D93/><U73/><E135/><V75/><F75/><W100/><G109/><T68/><D79/><U6/><E108/><V37/><F63/><W115/><G115/><T36/><D14/><U102/><E121/><V116/><F116/><W61/><G49/><T4/><D4/><U34/><E67/><N who="3" m="25610" /><G61/><T85/><D68/><U27/><E77/><V55/><F55/><W125/><G125/><T57/><D36/><U105/><E73/><V81/><F37/><W21/><G21/><T103/><D103/><U52/><E38/><V122/><F122/><W123/><G123/><T70/><D70/><U7/><E54/><AGARI ba="1,0" hai="13,19,22,53,54,57,58,60,62,76,82,85,104,106" machi="54" ten="30,2000,0" yaku="7,1,9,1" doraHai="69" who="0" fromWho="1" sc="230,23,250,-23,189,0,331,0" /><INIT seed="3,0,0,0,3,0" ten="253,227,189,331" oya="3" hai0="108,55,50,2,57,27,90,121,14,99,93,84,32" hai1="135,28,102,26,40,123,70,95,116,104,58,117,64" hai2="109,134,114,45,23,74,89,30,3,67,35,24,71" hai3="7,29,52,65,110,82,78,13,1,61,12,16,127"/><W76/><G127/><T19/><D2/><U56/><E123/><V128/><F89/><W91/><G1/><T22/><D108/><U20/><E135/><V126/><F67/><W6/><G29/><T122/><D32/><U51/><E104/><V94/><F94/><W80/><G110/><T124/><D124/><U53/><E40/><V130/><F45/><W131/><G131/><T44/><D27/><U34/><E70/><V15/><F15/><W81/><G91/><T41/><REACH who="0" step="1"/><D99/><REACH who="0" ten="243,227,189,331" step="2"/><U9/><E34/><V17/><F24/><W72/><G13/><T100/><D100/><U66/><E102/><V10/><F30/><W112/><G112/><T43/><D43/><U49/><E26/><V31/><F31/><W60/><G65/><T132/><D132/><U125/><E28/><V101/><F101/><W11/><G72/><T69/><D69/><U88/><E64/><V75/><F10/><W37/><G37/><AGARI ba="0,1" hai="14,19,22,37,41,44,50,55,57,84,90,93,121,122" machi="37" ten="30,8000,1" yaku="1,1,7,1,25,2,53,1" doraHai="0" doraHaiUra="83" who="0" fromWho="3" sc="243,90,227,0,189,0,331,-80" /><INIT seed="4,0,0,5,5,54" ten="333,227,189,251" oya="0" hai0="64,36,12,119,123,67,3,106,6,65,30,38,71" hai1="63,120,23,73,124,42,25,2,11,14,94,18,5" hai2="108,105,16,52,1,91,104,87,95,128,57,80,83" hai3="37,132,10,62,92,17,100,22,101,97,61,43,32"/><T129/><D12/><U51/><E120/><V77/><F1/><W112/><G112/><T59/><D30/><U103/><E73/><V26/><F108/><W27/><G132/><T58/><D106/><U109/><E109/><V82/><F128/><W70/><G70/><T134/><D6/><U85/><E124/><V93/><F105/><W114/><G114/><T96/><D96/><U121/><E121/><V75/><F104/><W20/><G32/><T130/><D123/><U24/><E63/><V48/><REACH who="2" step="1"/><F93/><REACH who="2" ten="333,227,179,251" step="2"/><W122/><G122/><T0/><D134/><U7/><E2/><V21/><AGARI ba="0,1" hai="16,21,26,48,52,57,75,77,80,82,83,87,91,95" machi="21" ten="30,12000,2" yaku="1,1,2,1,0,1,52,1,54,2,53,1" doraHai="54" doraHaiUra="50" who="2" fromWho="2" sc="333,-60,227,-30,179,130,251,-30" /><INIT seed="5,0,0,0,0,57" ten="273,197,309,221" oya="1" hai0="27,62,15,108,9,96,59,33,61,22,129,89,80" hai1="86,126,65,95,92,135,91,100,75,85,98,90,132" hai2="46,72,94,17,113,99,56,118,119,35,50,48,124" hai3="71,2,52,24,11,60,26,104,39,116,19,125,12"/><U55/><E65/><V25/><F72/><W14/><G104/><T76/><D33/><U105/><E55/><V21/><F124/><W5/><G39/><T44/><D129/><U40/><E40/><V131/><F131/><W78/><G125/><T133/><D133/><N who="1" m="51275" /><E75/><V88/><F113/><W32/><G116/><T16/><D108/><U4/><E4/><V81/><F35/><W7/><G78/><T122/><D122/><U43/><E43/><V73/><F73/><W18/><G71/><T29/><D44/><U114/><E126/><V64/><F81/><W101/><G101/><T1/><D1/><U134/><N who="1" m="51283" /><U127/><DORA hai="110" /><E127/><V107/><F107/><W115/><G115/><AGARI ba="0,0" hai="85,86,90,91,92,95,98,100,105,114,115" m="51283" machi="115" ten="40,12000,1" yaku="20,1,34,2,52,2" doraHai="57,110" who="1" fromWho="3" sc="273,0,197,120,309,0,221,-120" /><INIT seed="5,1,0,4,0,53" ten="273,317,309,101" oya="1" hai0="56,25,22,93,68,124,80,101,109,6,81,117,99" hai1="84,83,86,108,55,107,95,78,58,130,129,88,62" hai2="75,54,49,71,121,34,20,74,110,17,31,87,35" hai3="79,128,39,7,46,64,5,4,14,115,21,105,133"/><U10/><E108/><V24/><F121/><W82/><G115/><T94/><D68/><U97/><E107/><V40/><F110/><W37/><G133/><T70/><D70/><U120/><E120/><V52/><F71/><W98/><G128/><T30/><D124/><U76/><REACH who="1" step="1"/><E10/><REACH who="1" ten="273,307,309,101" step="2"/><V90/><F74/><W50/><G64/><T111/><D111/><U18/><E18/><V92/><F75/><W2/><G2/><T45/><D109/><U132/><E132/><V118/><F118/><W116/><G116/><T42/><D117/><U67/><E67/><V19/><F19/><W1/><G1/><T9/><D9/><U123/><E123/><V126/><F126/><W135/><G135/><T3/><D3/><U0/><E0/><V36/><F17/><W106/><G106/><T27/><D6/><U77/><E77/><V12/><F36/><W125/><G125/><T66/><D27/><U59/><E59/><V112/><F24/><W100/><G39/><T69/><D69/><U127/><E127/><V8/><F8/><W41/><G37/><T33/><D56/><U44/><E44/><V113/><F113/><W60/><G60/><T13/><D66/><U26/><E26/><V61/><F112/><W104/><G104/><T73/><D73/><U131/><E131/><V114/><F61/><W11/><REACH who="3" step="1"/><G21/><REACH who="3" ten="273,307,309,91" step="2"/><T65/><D65/><U63/><E63/><V43/><F20/><W134/><G134/><T28/><D22/><U32/><E32/><V91/><F114/><W47/><G47/><T96/><D45/><U38/><E38/><V57/><F35/><RYUUKYOKU ba="1,2" sc="273,-15,307,15,309,-15,91,15" hai1="55,58,62,76,78,83,84,86,88,95,97,129,130" hai3="4,5,7,11,14,41,46,50,79,82,98,100,105" /><INIT seed="5,2,2,1,3,126" ten="258,322,294,106" oya="1" hai0="67,101,118,89,59,9,82,58,28,5,77,3,25" hai1="8,100,95,84,133,35,20,86,78,105,64,48,23" hai2="39,103,60,55,62,31,114,34,69,74,123,4,131" hai3="128,43,120,66,46,29,75,90,104,111,38,26,93"/><U15/><E35/><V96/><F123/><W47/><G111/><T36/><D118/><U56/><E133/><V1/><F55/><W14/><G120/><T16/><D36/><U79/><E105/><N who="2" m="63719" /><F60/><W33/><G104/><T72/><D101/><U53/><E64/><N who="2" m="41111" /><F131/><W97/><G75/><T108/><D108/><U51/><E100/><V80/><F114/><W70/><G47/><T91/><D16/><U110/><E48/><V37/><F4/><W22/><G66/><T21/><REACH who="0" step="1"/><D67/><REACH who="0" ten="248,322,294,106" step="2"/><U116/><E110/><V6/><F39/><W54/><G70/><T24/><D24/><U57/><E116/><V98/><F37/><W132/><G132/><T135/><D135/><U85/><E20/><V71/><F71/><W134/><G134/><T122/><D122/><U106/><E23/><V92/><F34/><W99/><G33/><T81/><D81/><U30/><E30/><V124/><F80/><W68/><G68/><T2/><D2/><U40/><E106/><V45/><F31/><W42/><G38/><T125/><D125/><U119/><E119/><V44/><F1/><W109/><G14/><T41/><D41/><U76/><E40/><V27/><F124/><W73/><G109/><T12/><D12/><U0/><E0/><V10/><F27/><W130/><G43/><T113/><D113/><U107/><E107/><V88/><F74/><W115/><G73/><T7/><D7/><N who="1" m="3487" /><E95/><V50/><F6/><W63/><G115/><T127/><D127/><U87/><N who="1" m="21504" /><DORA hai="17" /><U61/><E79/><V117/><F117/><W102/><G42/><T112/><D112/><RYUUKYOKU ba="2,3" sc="248,15,322,15,294,-15,106,-15" hai0="3,5,9,21,25,28,58,59,72,77,82,89,91" hai1="51,53,56,57,61,76,78" /><INIT seed="5,3,3,5,5,15" ten="263,337,279,91" oya="1" hai0="68,0,99,46,85,31,45,48,96,121,94,122,13" hai1="3,81,72,1,134,124,38,78,76,39,75,41,132" hai2="109,14,125,100,32,98,112,24,37,2,97,22,93" hai3="91,69,73,105,113,64,30,63,115,10,82,40,16"/><U102/><E124/><V53/><F109/><W23/><G105/><T84/><D68/><U74/><E102/><V6/><F125/><W17/><G40/><T103/><D0/><N who="1" m="75" /><E81/><V33/><F37/><N who="1" m="13833" /><E41/><V47/><F112/><N who="3" m="43083" /><G10/><T128/><D128/><U5/><E5/><V51/><F2/><W108/><G108/><T70/><D70/><U12/><E12/><V60/><F6/><W79/><G91/><T90/><D13/><U52/><E52/><V87/><F14/><W135/><G135/><AGARI ba="3,3" hai="72,74,75,76,78,132,134,135" m="13833,75" machi="135" ten="40,12000,1" yaku="28,2,26,2,20,1" doraHai="15" who="1" fromWho="3" sc="263,0,337,159,279,0,91,-129" owari="263,-14.0,496,60.0,279,8.0,-38,-54.0" /></mjloggm>