<mjloggm ver="2.3"><GO type="41" lobby="0"/><UN n0="%73%68%65%76%61%37" n1="%E2%93%9D%53%75%70%68%78" n2="%E3%82%88%E3%82%8F%E3%81%8D%E3%81%AE%E3%83%93%E3%82%A4%E3%83%8A%E3%82%B9" n3="%E3%82%82%E3%81%97%E3%82%83%E3%82%93" dan="14,18,15,14" rate="1970.09,2160.88,2051.83,2118.81" sx="M,M,M,M"/><TAIKYOKU oya="0"/><INIT seed="0,0,0,0,2,81" ten="250,250,250,250" oya="0" hai0="8,132,79,105,3,58,27,63,134,123,118,77,119" hai1="125,74,22,113,97,92,30,32,130,53,6,91,38" hai2="7,10,46,12,1,19,4,14,135,69,68,84,35" hai3="133,71,31,122,60,21,106,41,112,93,43,26,13"/><T70/><D105/><U50/><E130/><V57/><F135/><N who="0" m="51754" /><D70/><U15/><E125/><V37/><F35/><W0/><G106/><T88/><D123/><U111/><E111/><V96/><F1/><W65/><G0/><T90/><D27/><U116/><E38/><V67/><F96/><W66/><G133/><T114/><D114/><U75/><E116/><N who="0" m="44585" /><D79/><U25/><E113/><V86/><F57/><W80/><G122/><T54/><D77/><U126/><E126/><V34/><F34/><W2/><G2/><T29/><D29/><U109/><E109/><V102/><F102/><W72/><G112/><T85/><D3/><U64/><E32/><V128/><F128/><W87/><G72/><T82/><D90/><U124/><E124/><V101/><F101/><W16/><G66/><T24/><D24/><U99/><E64/><V45/><F67/><W104/><G104/><T42/><D42/><U20/><E75/><V127/><F127/><W95/><G43/><T89/><D89/><U115/><E74/><V18/><F10/><AGARI ba="0,0" hai="8,10,54,58,63,82,85,88" m="44585,51754" machi="10" ten="30,5800,0" yaku="20,1,52,1,54,1" doraHai="81" who="0" fromWho="2" sc="250,58,250,0,250,-58,250,0" /><INIT seed="0,1,0,1,4,90" ten="308,250,192,250" oya="0" hai0="68,127,122,126,72,40,80,48,16,10,17,35,13" hai1="84,106,96,26,23,71,81,19,45,134,128,124,28" hai2="50,108,21,46,33,6,62,60,109,47,32,85,82" hai3="30,101,8,83,123,94,76,25,27,125,99,9,7"/><T69/><D35/><U54/><E128/><V100/><F6/><W114/><G125/><N who="0" m="47627" /><D122/><U14/><E134/><V67/><F100/><W120/><G114/><T105/><D105/><U129/><E71/><V55/><F46/><W110/><G110/><N who="2" m="42601" /><F21/><W57/><G57/><T104/><D104/><U131/><E124/><V43/><F43/><W70/><G70/><N who="0" m="27243" /><D17/><U116/><E131/><V112/><F67/><W29/><G30/><T119/><D119/><U51/><E129/><V34/><F112/><W89/><G101/><T86/><D72/><U36/><E116/><V111/><N who="2" m="42609" /><V38/><DORA hai="58" /><F38/><W130/><G130/><T18/><D18/><U66/><E36/><V118/><F118/><W31/><G29/><T102/><D102/><U39/><E39/><V75/><F75/><W73/><G27/><T65/><D65/><U2/><E66/><V92/><F92/><W77/><G123/><T11/><D11/><U52/><E106/><V93/><F93/><W64/><G120/><T49/><D40/><U4/><E28/><V41/><F41/><W12/><G64/><T15/><D15/><U5/><E14/><V53/><F55/><W113/><G113/><T133/><D133/><U0/><E54/><V115/><F115/><W135/><G135/><T61/><D61/><U63/><E63/><V22/><F22/><W42/><G42/><T20/><D20/><U95/><E2/><V98/><F98/><W121/><G121/><T97/><D97/><U88/><E0/><V79/><AGARI ba="1,0" hai="32,33,34,47,50,53,60,62,79,82,85" m="42609" machi="79" ten="50,6400,0" yaku="14,1,52,2" doraHai="90,58" who="2" fromWho="2" sc="308,-33,250,-17,192,67,250,-17" /><INIT seed="1,0,0,0,1,131" ten="275,233,259,233" oya="1" hai0="65,134,53,62,40,135,23,19,30,95,52,79,47" hai1="0,56,100,49,130,118,92,57,17,2,88,69,85" hai2="73,101,126,108,120,59,39,67,125,109,5,24,31" hai3="106,123,87,13,10,86,45,84,14,61,42,22,93"/><U107/><E69/><V1/><F73/><W133/><G106/><T3/><D3/><U7/><E118/><V111/><F39/><W110/><G110/><T50/><D30/><U16/><E130/><V11/><F120/><W99/><G123/><T112/><D112/><U64/><E107/><V75/><F75/><W78/><G61/><T36/><D79/><U29/><E29/><V55/><F67/><W127/><G22/><T83/><D83/><U54/><E100/><V124/><F101/><W102/><G14/><T27/><D95/><U26/><E7/><V90/><F90/><W68/><G68/><T117/><D117/><U12/><E26/><V8/><F8/><W38/><G127/><T91/><D91/><U97/><E97/><V4/><F4/><W96/><G96/><T80/><D80/><U119/><E119/><V28/><REACH who="2" step="1"/><F24/><REACH who="2" ten="275,233,249,233" step="2"/><W63/><G78/><T94/><D94/><U104/><E104/><V9/><F9/><W35/><G10/><T60/><D60/><AGARI ba="0,1" hai="1,5,11,28,31,55,59,60,108,109,111,124,125,126" machi="60" ten="50,8000,1" yaku="1,1,14,1,18,1,53,1" doraHai="131" doraHaiUra="48" who="2" fromWho="0" sc="275,-80,233,0,249,90,233,0" /><INIT seed="2,0,0,0,5,24" ten="195,233,339,233" oya="2" hai0="135,26,58,32,20,30,2,7,115,63,49,90,79" hai1="33,35,83,119,21,101,0,6,80,81,123,92,25" hai2="114,121,116,34,128,37,75,118,111,9,36,23,105" hai3="5,64,4,89,86,110,77,69,73,88,127,97,130"/><V15/><RYUUKYOKU type="yao9" ba="0,0" sc="195,0,233,0,339,0,233,0" hai2="9,15,23,34,36,37,75,105,111,114,116,118,121,128" /><INIT seed="2,1,0,0,1,19" ten="195,233,339,233" oya="2" hai0="131,3,78,116,126,89,63,79,113,80,61,0,64" hai1="62,134,42,92,104,26,65,25,96,81,7,115,117" hai2="111,83,15,112,128,18,21,38,50,22,74,9,41" hai3="82,55,108,1,56,57,135,8,72,93,125,37,114"/><V119/><F119/><W13/><G37/><T102/><D113/><U39/><E104/><V127/><F112/><W99/><G114/><T75/><D89/><U16/><E7/><V5/><F38/><W121/><G1/><T98/><D116/><U85/><E134/><V130/><F127/><W69/><G69/><T91/><D91/><U100/><E117/><V49/><F111/><W11/><G121/><T95/><D131/><N who="2" m="50218" /><F5/><W43/><G43/><T20/><D78/><U59/><E115/><V87/><F74/><W2/><G2/><T51/><D51/><N who="2" m="19466" /><F41/><W84/><G72/><T97/><D97/><U101/><E42/><V54/><F54/><W35/><G55/><T123/><D126/><U24/><E39/><V133/><F133/><W32/><G99/><T105/><D123/><U30/><E101/><V14/><F15/><W73/><G13/><T28/><D105/><U129/><E129/><V12/><F14/><W90/><G73/><T60/><D0/><U23/><E30/><V103/><F103/><W29/><G29/><T53/><D53/><U106/><E106/><V132/><F132/><W44/><G125/><T66/><D3/><U77/><AGARI ba="1,0" hai="16,23,24,25,26,59,62,65,77,81,85,92,96,100" machi="77" ten="20,8000,1" yaku="0,1,7,1,8,1,52,1,54,1" doraHai="19" who="1" fromWho="1" sc="195,-21,233,83,339,-41,233,-21" /><INIT seed="3,0,0,5,1,56" ten="174,316,298,212" oya="3" hai0="133,112,45,128,75,13,14,105,81,76,48,107,95" hai1="90,53,8,52,102,74,96,44,43,71,16,92,108" hai2="82,116,98,63,118,54,37,78,106,31,125,33,15" hai3="40,1,130,19,12,20,119,22,58,79,0,84,89"/><W100/><G119/><T80/><D112/><U59/><E71/><V42/><F125/><W91/><G130/><T117/><D117/><U34/><E34/><V131/><F131/><W36/><G100/><T114/><D114/><U2/><E74/><V85/><F42/><W38/><G79/><T99/><D128/><U60/><E108/><V115/><F37/><W27/><G89/><T30/><D30/><U93/><E2/><V123/><F123/><W39/><G40/><T67/><D67/><U28/><E28/><V113/><F15/><W17/><REACH who="3" step="1"/><G58/><REACH who="3" ten="174,316,298,202" step="2"/><T77/><D77/><U41/><E41/><V126/><F118/><W87/><G87/><T24/><D76/><U88/><E43/><V122/><F116/><W21/><G21/><T11/><D75/><U109/><E109/><V65/><F115/><W50/><G50/><T35/><D48/><N who="1" m="28679" /><E93/><AGARI ba="0,1" hai="0,1,12,17,19,20,22,27,36,38,39,84,91,93" machi="93" ten="40,2000,0" yaku="1,1,53,0" doraHai="56" doraHaiUra="4" who="3" fromWho="1" sc="174,0,316,-20,298,0,202,30" /><INIT seed="3,1,0,3,4,127" ten="174,296,298,232" oya="3" hai0="2,61,29,44,97,130,12,38,41,46,128,92,33" hai1="86,124,53,126,84,56,40,49,123,45,63,68,43" hai2="78,36,82,47,20,98,109,27,58,54,75,85,91" hai3="15,105,21,72,106,32,110,132,5,117,1,77,19"/><W112/><G112/><T0/><D33/><U104/><E104/><V122/><F109/><W90/><G117/><T18/><D29/><U7/><E86/><V95/><F122/><W129/><G132/><T16/><D61/><U111/><E7/><V55/><F36/><W87/><G32/><T96/><D18/><U83/><E84/><V121/><F47/><W34/><G34/><T14/><D14/><U23/><E83/><V67/><F121/><W50/><G110/><T99/><D46/><U51/><E23/><V59/><F75/><W118/><G118/><T39/><D39/><U28/><E28/><V4/><F4/><W134/><G134/><T70/><D70/><U11/><E11/><V17/><F67/><W108/><G77/><T42/><D42/><N who="1" m="24759" /><E111/><V35/><F35/><W26/><G72/><T3/><REACH who="0" step="1"/><D92/><REACH who="0" ten="164,296,298,232" step="2"/><U94/><E94/><V24/><F27/><W131/><G108/><T71/><D71/><U115/><E123/><V65/><F58/><W81/><G50/><T113/><D113/><U74/><E115/><V119/><F119/><W25/><G26/><T64/><D64/><N who="1" m="40991" /><E43/><V22/><F22/><AGARI ba="1,1" hai="0,2,3,12,16,22,38,41,44,96,97,99,128,130" machi="22" ten="50,8000,1" yaku="1,1,52,2,54,1,53,0" doraHai="127" doraHaiUra="31" who="0" fromWho="2" sc="164,93,296,0,298,-83,232,0" /><INIT seed="4,0,0,5,0,131" ten="257,296,215,232" oya="0" hai0="77,43,44,81,8,65,74,33,111,79,68,52,110" hai1="61,76,28,101,75,86,130,84,62,50,16,104,31" hai2="40,108,128,119,91,69,92,18,38,93,58,114,103" hai3="133,98,132,3,90,85,126,32,10,2,46,45,118"/><T134/><D33/><U107/><E75/><V59/><F119/><W100/><G32/><T122/><D122/><U35/><E35/><V25/><F128/><W87/><G118/><T14/><D79/><U63/><E130/><V53/><F114/><W26/><G26/><T116/><D116/><U99/><E50/><V22/><F108/><N who="0" m="41514" /><D65/><U42/><E42/><V121/><F69/><W60/><G60/><T49/><D68/><U20/><E107/><V51/><F121/><W117/><G117/><T105/><D105/><U125/><E125/><V129/><F129/><W70/><G70/><T34/><D34/><U72/><E72/><V19/><F38/><W24/><G24/><T56/><D14/><U102/><E102/><V17/><F40/><W71/><G71/><T80/><D80/><U95/><E104/><V88/><F59/><W106/><G87/><N who="1" m="33322" /><E76/><V30/><F103/><W109/><G126/><T0/><D0/><U6/><E6/><V115/><F115/><W78/><G78/><T11/><D134/><N who="3" m="51817" /><G109/><T5/><D5/><U9/><E31/><V39/><F39/><AGARI ba="0,0" hai="8,11,39,43,44,49,52,56,74,77,81" m="41514" machi="39" ten="30,2900,0" yaku="10,1,54,1" doraHai="131" who="0" fromWho="2" sc="257,29,296,0,215,-29,232,0" /><INIT seed="4,1,0,3,1,102" ten="286,296,186,232" oya="0" hai0="27,131,120,43,63,65,29,124,74,132,87,35,44" hai1="11,85,71,14,88,135,99,52,38,46,125,4,103" hai2="28,107,26,83,39,17,105,12,51,128,70,86,10" hai3="42,134,95,69,96,113,18,19,98,64,78,80,119"/><T53/><D74/><U93/><E125/><V45/><F128/><W9/><G119/><T5/><D120/><U104/><E71/><V116/><F70/><W54/><G42/><T109/><D124/><U90/><E135/><V76/><F39/><W122/><G113/><T130/><D132/><U111/><E90/><V25/><F116/><W121/><G54/><T129/><D109/><U7/><E111/><V126/><F126/><W79/><G134/><T55/><D5/><U6/><REACH who="1" step="1"/><E52/><REACH who="1" ten="286,286,186,232" step="2"/><V33/><F25/><W32/><G69/><N who="0" m="42175" /><D87/><U127/><E127/><V13/><F13/><W59/><G121/><T24/><D24/><U133/><E133/><V16/><F17/><W60/><G122/><T3/><D3/><U37/><E37/><AGARI ba="1,1" hai="27,29,35,37,43,44,53,55,129,130,131" m="42175" machi="37" ten="30,1500,0" yaku="19,1" doraHai="102" who="0" fromWho="1" sc="286,28,286,-18,186,0,232,0" /><INIT seed="4,2,0,2,2,103" ten="314,268,186,232" oya="0" hai0="80,126,35,119,105,63,27,14,113,75,107,122,52" hai1="65,44,31,30,60,24,102,72,32,74,121,26,71" hai2="78,76,45,19,36,57,97,37,8,69,17,95,0" hai3="110,115,79,49,4,47,117,118,18,40,77,92,96"/><T50/><D119/><U85/><E121/><V84/><F69/><W62/><G110/><T129/><D122/><U101/><E85/><V73/><F73/><W125/><G125/><T10/><D126/><U11/><E11/><V100/><F57/><W16/><G115/><T123/><D123/><U6/><E6/><V54/><F0/><W2/><G2/><T39/><D39/><U55/><E102/><V42/><F37/><W7/><G117/><T127/><D127/><U83/><E83/><V33/><F33/><W132/><G132/><T15/><D63/><U25/><E25/><V46/><F84/><W58/><G118/><T133/><D113/><U99/><E44/><V41/><F54/><N who="3" m="34135" /><G7/><T51/><D133/><U70/><E55/><V66/><F66/><W21/><G4/><T109/><D109/><U130/><E130/><V61/><F61/><W48/><G49/><T9/><D129/><U94/><REACH who="1" step="1"/><E71/><REACH who="1" ten="314,258,186,232" step="2"/><V120/><F120/><W82/><G82/><T13/><D80/><U23/><AGARI ba="2,1" hai="23,24,26,30,31,32,60,65,70,72,74,94,99,101" machi="23" ten="20,12000,2" yaku="1,1,2,1,0,1,7,1,53,2" doraHai="103" doraHaiUra="106" who="1" fromWho="1" sc="314,-62,258,136,186,-32,232,-32" /><INIT seed="5,0,0,4,3,127" ten="252,394,154,200" oya="1" hai0="76,7,91,63,72,62,53,10,120,78,109,44,118" hai1="104,126,92,64,24,46,3,5,59,115,36,85,40" hai2="32,123,42,129,98,105,116,34,100,12,68,41,19" hai3="128,1,16,108,60,93,55,54,107,70,133,69,130"/><U0/><E115/><V119/><F68/><W48/><G107/><T30/><D109/><U87/><E104/><V61/><F61/><W11/><G108/><T102/><D102/><U50/><E5/><V14/><F123/><W35/><G35/><T31/><D118/><U20/><E126/><V135/><F135/><W51/><G133/><T8/><D120/><U38/><E38/><V43/><F12/><N who="3" m="7199" /><G1/><T6/><D72/><U79/><E79/><V97/><F97/><W77/><G77/><T83/><D44/><U71/><E3/><V4/><F4/><W74/><G93/><T57/><D91/><U23/><E23/><V27/><F27/><W21/><G21/><T90/><D90/><U113/><E113/><V131/><F32/><W89/><G60/><T106/><D106/><U58/><E92/><V18/><F34/><W101/><G101/><T86/><D62/><U49/><E0/><V111/><F111/><W84/><G74/><T15/><REACH who="0" step="1"/><D76/><REACH who="0" ten="242,394,154,200" step="2"/><U95/><E46/><V22/><REACH who="2" step="1"/><F18/><REACH who="2" ten="242,394,144,200" step="2"/><W33/><G84/><T52/><D52/><U103/><E87/><V124/><F124/><W29/><G55/><T2/><AGARI ba="0,2" hai="2,6,7,8,10,15,30,31,53,57,63,78,83,86" machi="2" ten="20,2700,0" yaku="1,1,0,1,7,1,53,0" doraHai="127" doraHaiUra="66" who="0" fromWho="0" sc="242,47,394,-13,144,-7,200,-7" /><INIT seed="6,0,0,5,0,38" ten="289,381,137,193" oya="2" hai0="105,32,41,82,18,43,62,121,100,133,135,45,12" hai1="21,116,70,122,126,6,47,23,9,20,76,114,36" hai2="15,37,61,55,26,44,72,112,27,75,90,4,3" hai3="33,91,74,131,132,104,71,16,42,46,59,11,97"/><V92/><F112/><W54/><G71/><T39/><D121/><U95/><E70/><V63/><F3/><W99/><G33/><T117/><D32/><U106/><E106/><V17/><F4/><W64/><G74/><T73/><D100/><U81/><E126/><V10/><F75/><W22/><G64/><T89/><D105/><U60/><E60/><V0/><F72/><W66/><G66/><T98/><D117/><U24/><E95/><V130/><F0/><W125/><G125/><T123/><D62/><U53/><E36/><V5/><F130/><W14/><G132/><T31/><D123/><U115/><E116/><V29/><F5/><W103/><G131/><T34/><D98/><U87/><E122/><V84/><F27/><W101/><G91/><T86/><D73/><U13/><E115/><V109/><F109/><W102/><G11/><T30/><D34/><U49/><E114/><V56/><F37/><W129/><G129/><T52/><D41/><U113/><E113/><V88/><F90/><W94/><G99/><T67/><D67/><U120/><E120/><V28/><F44/><W80/><G80/><T48/><D135/><U111/><E111/><V77/><F77/><W1/><G1/><T96/><D96/><U40/><E53/><V7/><F61/><N who="3" m="36087" /><G104/><T128/><D133/><U127/><E127/><V25/><F25/><AGARI ba="0,0" hai="6,9,13,20,21,23,24,25,40,47,49,76,81,87" machi="25" ten="40,8000,1" yaku="25,2,8,1,52,1" doraHai="38" who="1" fromWho="2" sc="289,0,381,80,137,-80,193,0" /><INIT seed="7,0,0,3,2,42" ten="289,461,57,193" oya="3" hai0="95,124,98,126,115,58,102,99,91,43,66,111,18" hai1="86,122,120,78,69,84,53,92,32,119,9,72,47" hai2="56,101,113,106,1,6,73,19,10,15,48,112,123" hai3="105,67,7,87,44,61,121,109,117,23,28,93,50"/><W59/><G105/><T133/><D111/><U88/><E69/><V104/><F123/><W16/><G121/><T81/><D133/><U114/><E114/><V41/><F73/><W13/><G117/><T40/><D115/><U38/><E38/><V65/><F113/><W5/><G28/><T25/><D81/><U37/><E37/><V45/><F112/><W4/><G109/><T52/><D66/><U118/><E32/><V11/><F101/><W90/><REACH who="3" step="1"/><G4/><REACH who="3" ten="289,461,57,183" step="2"/><T0/><D126/><U100/><E119/><V110/><F110/><W31/><G31/><T75/><D124/><U63/><E118/><V3/><F3/><W80/><G80/><T130/><D0/><U57/><E122/><V30/><F30/><W60/><G60/><T62/><D75/><U82/><E63/><V46/><F65/><W2/><G2/><T21/><D130/><U125/><E125/><V68/><F68/><W132/><G132/><T108/><D108/><U49/><E120/><V89/><F89/><W94/><G94/><AGARI ba="0,1" hai="18,21,25,40,43,52,58,62,91,94,95,98,99,102" machi="94" ten="30,8000,1" yaku="7,1,25,2,8,1,54,1" doraHai="42" who="0" fromWho="3" sc="289,90,461,0,57,0,183,-80" owari="379,18.0,461,56.0,57,-44.0,103,-30.0" /></mjloggm>