<mjloggm ver="2.3"><GO type="41" lobby="0"/><UN n0="%E8%8D%92%E7%86%8A" n1="%E3%81%AF%E3%81%84%E3%81%BC%E3%82%8B" n2="%54%41%54%53%55%4F" n3="%E2%93%9D%53%75%70%68%78" dan="17,15,15,18" rate="2089.07,1984.23,2022.21,2082.35" sx="M,M,M,M"/><TAIKYOKU oya="0"/><INIT seed="0,0,0,1,5,97" ten="250,250,250,250" oya="0" hai0="107,85,73,71,50,118,94,40,60,23,4,61,47" hai1="87,5,120,86,81,57,56,116,65,119,20,10,112" hai2="68,41,113,115,35,111,27,102,109,52,122,133,101" hai3="134,15,108,58,82,123,38,70,43,131,19,53,72"/><T22/><D118/><U90/><E120/><V2/><F122/><W24/><G134/><T7/><D73/><U36/><E36/><V33/><F68/><W32/><G131/><T64/><D107/><U95/><E112/><V46/><F2/><W69/><G108/><N who="2" m="41545" /><F133/><W28/><G43/><T34/><D34/><N who="2" m="12810" /><F27/><W62/><G38/><T103/><D61/><U78/><E20/><V30/><F30/><W88/><G123/><T106/><D106/><U29/><E29/><V16/><F16/><W100/><G70/><T124/><D124/><U67/><E116/><V0/><F0/><W31/><G69/><T79/><D79/><U121/><E121/><V117/><F117/><W8/><G31/><T48/><D48/><U12/><E119/><V9/><F9/><W1/><G1/><T91/><D23/><U13/><E12/><V26/><F26/><W125/><G125/><T11/><D22/><U17/><E17/><V110/><N who="2" m="41553" /><V127/><DORA hai="93" /><F127/><W135/><G135/><T98/><REACH who="0" step="1"/><D11/><REACH who="0" ten="240,250,250,250" step="2"/><U63/><E63/><V126/><F126/><W45/><G8/><T39/><D39/><U128/><E10/><V104/><F104/><W76/><G32/><T42/><D42/><U130/><E130/><V89/><F41/><W14/><G62/><T84/><D84/><U25/><E128/><V114/><F89/><W77/><G88/><T37/><D37/><U92/><E90/><V59/><F46/><W83/><G45/><T51/><D51/><AGARI ba="0,1" hai="51,52,59,101,102,113,114,115" m="12810,41553" machi="51" ten="50,8000,1" yaku="14,1,52,2,54,1" doraHai="97,93" who="2" fromWho="0" sc="240,-80,250,0,250,90,250,0" /><INIT seed="1,0,0,0,5,42" ten="160,250,340,250" oya="1" hai0="103,89,129,128,76,120,36,52,110,107,48,60,117" hai1="90,99,88,77,126,102,131,86,71,67,39,51,7" hai2="9,1,68,38,124,19,62,69,82,50,125,105,46" hai3="3,130,8,45,30,23,98,21,41,18,34,16,11"/><U0/><E39/><V97/><F38/><W70/><G70/><T123/><D36/><U87/><E131/><N who="0" m="50249" /><D76/><U78/><E126/><N who="2" m="48747" /><F82/><W109/><G109/><T133/><D117/><U96/><E0/><V49/><F49/><N who="3" m="26799" /><G34/><T121/><D89/><N who="1" m="34411" /><E7/><N who="2" m="1263" /><F62/><W115/><G115/><T66/><D103/><U20/><E71/><V92/><F105/><W63/><G30/><T5/><D107/><N who="1" m="63943" /><E67/><V55/><F19/><N who="3" m="7211" /><G3/><T29/><D29/><U40/><E20/><N who="3" m="7754" /><G130/><T61/><D5/><U135/><E99/><V104/><F104/><W58/><G98/><T81/><D110/><U26/><E26/><V65/><F65/><AGARI ba="0,0" hai="8,11,58,63,65" m="7754,7211,26799" machi="65" ten="30,3900,0" yaku="8,1,52,1,54,1" doraHai="42" who="3" fromWho="2" sc="160,0,250,0,340,-39,250,39" /><INIT seed="2,0,0,2,5,76" ten="160,250,301,289" oya="2" hai0="64,111,29,18,120,47,31,3,16,62,127,39,117" hai1="100,19,37,68,124,93,99,17,79,107,54,119,5" hai2="121,60,2,91,128,0,118,34,7,114,70,24,67" hai3="59,14,9,90,65,57,110,21,103,73,77,27,81"/><V94/><F118/><W12/><G110/><T135/><D111/><U28/><E119/><V20/><F121/><W133/><G133/><T43/><D127/><U33/><E37/><V104/><F104/><W1/><G103/><T80/><D117/><U101/><E5/><V125/><F114/><W36/><G36/><T86/><D135/><U13/><E19/><V30/><F128/><W66/><G1/><T52/><D3/><U35/><E68/><V63/><F125/><W129/><G90/><T10/><D52/><U74/><E28/><V108/><F108/><W38/><G38/><T72/><D72/><U32/><E124/><V40/><F40/><W8/><G129/><T98/><D98/><U106/><E54/><V46/><F46/><W96/><G96/><T75/><D75/><U49/><E49/><V6/><F6/><W92/><G92/><T131/><D131/><U85/><E101/><V11/><F63/><W122/><G122/><T15/><D18/><U78/><E78/><V134/><F134/><W102/><G102/><T23/><D10/><U82/><REACH who="1" step="1"/><E74/><REACH who="1" ten="160,240,301,289" step="2"/><V132/><F132/><W116/><G116/><T45/><D120/><U83/><E83/><V53/><F53/><W112/><G73/><T22/><D45/><U41/><E41/><V42/><F42/><W123/><G123/><T71/><D22/><AGARI ba="0,1" hai="13,17,22,32,33,35,79,82,85,93,99,100,106,107" machi="22" ten="40,2600,0" yaku="1,1,52,1,53,0" doraHai="76" doraHaiUra="58" who="1" fromWho="0" sc="160,-26,240,36,301,0,289,0" /><INIT seed="3,0,0,5,3,102" ten="134,276,301,289" oya="3" hai0="78,113,38,62,34,36,114,22,47,1,110,51,76" hai1="45,73,50,88,131,61,89,124,134,96,130,2,69" hai2="98,74,40,3,16,94,95,119,80,29,91,84,75" hai3="25,68,39,104,109,27,41,54,24,111,32,79,90"/><W44/><G68/><T21/><D34/><U57/><E2/><V108/><F40/><W101/><G79/><N who="0" m="30251" /><D62/><U121/><E73/><V70/><F70/><W135/><G135/><T43/><D1/><U6/><E6/><V55/><F119/><W93/><G54/><T15/><D110/><N who="3" m="41993" /><G101/><T28/><D28/><U116/><E134/><V10/><F29/><N who="3" m="19495" /><G104/><T105/><D105/><U4/><E116/><V92/><F108/><W112/><G112/><N who="0" m="43115" /><D15/><U125/><E69/><V132/><F132/><W59/><G59/><T0/><D0/><U14/><E57/><V52/><F3/><W117/><G117/><T127/><D127/><U20/><E124/><V65/><F65/><W133/><G133/><T31/><D31/><U56/><E56/><V81/><F75/><W118/><G118/><T97/><D97/><AGARI ba="0,0" hai="25,27,39,41,44,90,93,97" m="19495,41993" machi="97" ten="30,2900,0" yaku="14,1,10,1" doraHai="102" who="3" fromWho="0" sc="134,-29,276,0,301,0,289,29" /><INIT seed="3,1,0,0,3,62" ten="105,276,301,318" oya="3" hai0="124,123,5,63,131,66,100,39,134,103,122,126,98" hai1="57,119,23,95,44,120,49,88,105,25,96,16,85" hai2="43,52,128,84,48,97,80,60,29,129,33,35,8" hai3="30,116,104,9,69,135,111,101,11,6,127,67,72"/><W26/><G116/><T2/><D39/><U58/><E120/><V3/><F43/><W4/><G72/><T34/><D134/><U75/><E75/><V114/><F114/><W79/><G79/><T115/><D131/><N who="2" m="50250" /><F97/><W133/><G127/><N who="0" m="48683" /><D103/><U102/><REACH who="1" step="1"/><E119/><REACH who="1" ten="105,266,301,318" step="2"/><V92/><F33/><W24/><G135/><T78/><D34/><U18/><E18/><V54/><F35/><W41/><G133/><T71/><D123/><U91/><E91/><V109/><F29/><W82/><G30/><T81/><D122/><U121/><E121/><V0/><F109/><W36/><G111/><T65/><D115/><U20/><E20/><V90/><F8/><W125/><G11/><N who="0" m="2487" /><D78/><U40/><AGARI ba="1,1" hai="16,23,25,40,44,49,57,58,85,88,95,96,102,105" machi="40" ten="20,12000,2" yaku="1,1,0,1,7,1,54,2,53,1" doraHai="62" doraHaiUra="83" who="1" fromWho="1" sc="105,-31,266,133,301,-31,318,-61" /><INIT seed="4,0,0,3,2,89" ten="74,399,270,257" oya="0" hai0="92,16,122,91,34,63,119,68,55,52,81,23,40" hai1="27,99,79,5,82,129,105,72,15,65,1,48,59" hai2="80,20,58,100,42,21,74,97,85,6,132,64,54" hai3="46,60,67,53,101,121,24,131,11,61,73,104,14"/><T32/><D119/><U112/><E1/><V115/><F74/><W29/><G73/><T110/><D122/><U98/><E129/><V134/><F115/><W56/><G131/><T71/><D40/><U102/><E98/><V2/><F64/><W18/><G121/><T35/><D81/><U3/><E3/><V39/><F6/><W93/><G104/><T90/><D90/><U4/><E112/><V106/><F2/><W87/><G46/><T33/><N who="0" m="8192" /><DORA hai="83" /><T109/><D71/><U84/><E27/><V43/><F20/><W118/><G118/><T103/><D103/><U133/><E133/><N who="2" m="51307" /><F21/><W77/><G77/><T28/><D28/><U8/><E72/><V69/><F69/><W96/><G29/><T0/><D0/><U22/><E22/><V95/><F106/><W124/><G24/><T75/><D75/><U7/><E65/><V38/><F43/><W88/><G124/><T76/><D76/><U47/><E59/><V123/><F42/><AGARI ba="0,0" hai="4,5,7,8,15,42,47,48,79,82,84,99,102,105" machi="42" ten="30,7700,0" yaku="7,1,25,2,52,1" doraHai="89,83" who="1" fromWho="2" sc="74,0,399,77,270,-77,257,0" /><INIT seed="5,0,0,2,4,59" ten="74,476,193,257" oya="1" hai0="73,68,115,10,2,26,46,40,113,83,121,116,32" hai1="85,27,50,128,62,67,23,86,135,117,24,38,102" hai2="14,18,33,37,3,93,112,9,98,96,47,42,22" hai3="107,130,109,30,64,88,60,17,43,92,6,74,91"/><U70/><E117/><V76/><F112/><W124/><G109/><T16/><D121/><U8/><E38/><V28/><F76/><W100/><G74/><T78/><D116/><U56/><E27/><N who="2" m="18591" /><F93/><W71/><G6/><AGARI ba="0,0" hai="3,6,9,14,18,22,37,42,47,96,98" m="18591" machi="6" ten="30,1000,0" yaku="24,1" doraHai="59" who="2" fromWho="3" sc="74,0,476,0,193,10,257,-10" /><INIT seed="6,0,0,4,5,126" ten="74,476,203,247" oya="2" hai0="74,40,13,131,4,67,23,116,92,94,133,76,97" hai1="119,95,56,59,34,25,60,27,117,2,63,128,111" hai2="124,46,11,115,93,64,114,98,48,14,125,78,22" hai3="35,30,12,49,91,62,135,71,58,50,121,77,87"/><V129/><F64/><W106/><G106/><T5/><D133/><U31/><E111/><V38/><F38/><W134/><G77/><T69/><D116/><U110/><E110/><V28/><F78/><W17/><G71/><T1/><D40/><U43/><E2/><V100/><F28/><W37/><G37/><T8/><D4/><U61/><E43/><V104/><F22/><W32/><G121/><T103/><D67/><U70/><E70/><V45/><F104/><W20/><G30/><T44/><D44/><U86/><E27/><V83/><F83/><N who="3" m="49663" /><G62/><T82/><D69/><U79/><E117/><V75/><F75/><W113/><G113/><N who="2" m="43017" /><F129/><W112/><G112/><T10/><D23/><U15/><E128/><V18/><F46/><W122/><G122/><T107/><REACH who="0" step="1"/><D131/><REACH who="0" ten="64,476,203,247" step="2"/><U51/><E119/><V89/><F125/><W19/><G135/><T66/><D66/><U7/><E59/><V132/><F124/><W52/><G134/><T118/><D118/><U29/><E56/><V33/><F33/><W105/><G35/><T120/><D120/><U96/><E34/><V47/><F132/><W73/><G32/><T54/><D54/><U123/><E123/><V41/><F47/><W85/><G58/><T53/><D53/><U24/><E7/><V101/><AGARI ba="0,1" hai="11,14,18,41,45,48,89,93,98,100,101" m="43017" machi="101" ten="30,1500,0" yaku="15,1" doraHai="126" who="2" fromWho="2" sc="64,-5,476,-5,203,25,247,-5" /><INIT seed="6,1,0,1,5,24" ten="59,471,228,242" oya="2" hai0="113,44,112,79,23,131,41,33,30,1,46,98,36" hai1="80,84,43,16,116,21,51,124,67,50,35,126,86" hai2="57,28,31,12,78,45,7,74,27,135,120,134,6" hai3="14,122,34,118,48,115,81,114,53,55,64,56,96"/><V26/><F120/><W132/><G34/><T19/><D1/><U39/><E35/><N who="2" m="20887" /><F78/><W15/><G118/><T38/><D131/><U62/><E116/><V128/><F74/><W76/><G132/><N who="2" m="50729" /><F45/><W0/><G0/><T110/><D110/><U29/><E29/><V99/><F99/><W111/><G111/><T3/><D3/><U109/><E86/><V133/><F133/><W18/><G96/><T75/><D98/><U117/><E117/><V42/><F42/><W127/><G122/><T104/><D104/><U11/><E109/><V123/><F123/><W70/><G76/><T89/><D89/><U10/><E39/><V9/><F57/><W69/><G56/><T85/><D85/><U91/><E43/><V90/><F90/><W40/><G40/><N who="0" m="22535" /><D79/><U65/><E67/><V63/><F63/><W32/><G64/><T73/><D73/><U20/><E51/><V4/><F128/><W92/><G48/><T52/><D52/><U13/><E50/><V105/><F105/><W5/><G55/><T130/><D75/><U101/><E62/><V22/><AGARI ba="1,0" hai="4,6,7,9,12,22,27,31" m="50729,20887" machi="22" ten="30,12000,1" yaku="20,1,34,2,52,2" doraHai="24" who="2" fromWho="2" sc="59,-41,471,-41,228,123,242,-41" /><INIT seed="6,2,0,1,0,52" ten="18,430,351,201" oya="2" hai0="59,36,82,103,134,78,93,114,120,133,99,63,92" hai1="79,126,121,61,73,74,33,130,37,117,39,105,56" hai2="135,22,85,116,122,113,68,62,4,131,67,89,119" hai3="71,0,102,115,101,49,109,23,35,43,58,27,44"/><V46/><F122/><W55/><G109/><T110/><D120/><U54/><E117/><V45/><F113/><W124/><G35/><T20/><D36/><U72/><E121/><V97/><F135/><W12/><G0/><T132/><D110/><U57/><E33/><V95/><F131/><W106/><G124/><T31/><D93/><U6/><E105/><V13/><F46/><W128/><G71/><T24/><D114/><U47/><E6/><V17/><F4/><W41/><G106/><T100/><D100/><U81/><E126/><V76/><REACH who="2" step="1"/><F45/><REACH who="2" ten="18,430,341,201" step="2"/><W125/><G128/><T7/><D7/><U26/><E130/><V11/><F11/><W96/><G125/><T9/><D9/><U111/><E111/><V50/><F50/><W18/><G115/><T25/><D25/><U91/><E47/><V53/><F53/><W3/><G27/><T28/><D28/><U40/><E26/><V75/><F75/><W118/><G44/><T38/><D38/><U77/><E39/><V21/><F21/><W94/><G118/><T104/><D104/><U86/><E37/><V32/><F32/><W123/><G123/><T65/><REACH who="0" step="1"/><D133/><REACH who="0" ten="8,430,341,201" step="2"/><U10/><E10/><V88/><F88/><N who="3" m="55367" /><G3/><T5/><D5/><U48/><E40/><AGARI ba="2,2" hai="12,18,23,40,41,43,49,55,58,101,102" m="55367" machi="40" ten="30,3900,0" yaku="8,1,52,1,54,1" doraHai="52" who="3" fromWho="1" sc="8,0,430,-45,341,0,201,65" /><INIT seed="7,0,0,5,3,127" ten="8,385,341,266" oya="3" hai0="117,54,23,102,94,104,72,14,93,13,116,76,18" hai1="115,17,81,126,86,79,29,123,11,53,112,64,95" hai2="92,132,4,34,120,26,2,1,88,62,37,24,133" hai3="100,67,107,109,108,129,83,80,46,31,96,119,6"/><W22/><G6/><T110/><D72/><U89/><E123/><V131/><F37/><W36/><G67/><T118/><D76/><U35/><E64/><V15/><F62/><W82/><G31/><T122/><D102/><U125/><E35/><V105/><F105/><W69/><G69/><T38/><D104/><U10/><E53/><V70/><F70/><W50/><G36/><T3/><D3/><N who="2" m="1034" /><F88/><W25/><G119/><T0/><D0/><U106/><E106/><V66/><F92/><N who="0" m="35434" /><D38/><U74/><E29/><N who="2" m="19751" /><F66/><W60/><G60/><T71/><D71/><U65/><E65/><V121/><F131/><W73/><G73/><T114/><D122/><N who="2" m="47210" /><F26/><W84/><G129/><T49/><D110/><N who="3" m="42601" /><G25/><T28/><D28/><U52/><E125/><V77/><F77/><N who="3" m="46095" /><G22/><T43/><D43/><AGARI ba="0,0" hai="43,46,50,82,83,96,100,107" m="46095,42601" machi="43" ten="30,1500,0" yaku="10,1" doraHai="127" who="3" fromWho="0" sc="8,-15,385,0,341,0,266,15" owari="-7,-51.0,385,49.0,341,14.0,281,-12.0" /></mjloggm>