<mjloggm ver="2.3"><GO type="41" lobby="0"/><UN n0="%6A%6D%64%74%66" n1="%4A%E3%83%BB%E3%83%92%E3%83%83%E3%83%91%E3%83%BC" n2="%E2%93%9D%53%75%70%68%78" n3="%E7%AB%B9%E5%86%85%E7%A5%9E%E5%A4%AA%E9%83%8E" dan="13,15,18,14" rate="1918.77,1946.88,2166.00,1941.40" sx="M,M,M,M"/><TAIKYOKU oya="0"/><INIT seed="0,0,0,5,2,48" ten="250,250,250,250" oya="0" hai0="11,78,93,96,106,9,101,63,3,79,29,1,109" hai1="8,13,94,65,47,74,21,49,40,72,102,75,68" hai2="43,131,97,118,17,41,90,20,124,51,24,23,4" hai3="92,18,58,10,127,62,83,91,123,133,39,55,27"/><T76/><D109/><U38/><E21/><V70/><F70/><W34/><G39/><T67/><D29/><U114/><E114/><V84/><F131/><W108/><G108/><T130/><D130/><U104/><E104/><V6/><F124/><W87/><G127/><T129/><D129/><U5/><E65/><V134/><F134/><W12/><G133/><T56/><REACH who="0" step="1"/><D106/><REACH who="0" ten="240,250,250,250" step="2"/><U37/><REACH who="1" step="1"/><E68/><REACH who="1" ten="240,240,250,250" step="2"/><V52/><F118/><W31/><REACH who="3" step="1"/><G123/><REACH who="3" ten="240,240,250,240" step="2"/><T53/><D53/><U0/><E0/><AGARI ba="0,3" hai="0,1,3,9,11,56,63,67,76,78,79,93,96,101" machi="0" ten="40,2000,0" yaku="1,1,53,0" doraHai="48" doraHaiUra="132" who="0" fromWho="1" sc="240,50,240,-20,250,0,240,0" /><INIT seed="0,1,0,2,2,87" ten="290,220,250,240" oya="0" hai0="83,54,65,106,15,40,2,71,109,128,21,18,20" hai1="59,58,130,72,37,117,110,133,114,49,7,79,31" hai2="9,39,4,82,132,10,53,61,99,8,135,19,131" hai3="47,121,77,120,93,89,0,115,125,3,68,56,95"/><T80/><D128/><U70/><E117/><V30/><F39/><W12/><G115/><T75/><D2/><U129/><E37/><V119/><F82/><W44/><G68/><T51/><D106/><U118/><E114/><V52/><F30/><W94/><G77/><T85/><D109/><U104/><E70/><V112/><F112/><W1/><G12/><T45/><D75/><U97/><E7/><V123/><F123/><N who="3" m="47179" /><G56/><T81/><D71/><U92/><E118/><V103/><F131/><N who="1" m="50185" /><E49/><V113/><F119/><W105/><G105/><T50/><D65/><U33/><E110/><V96/><F113/><W38/><G125/><T100/><D100/><N who="1" m="60455" /><E133/><N who="2" m="51275" /><F4/><W14/><G14/><T78/><REACH who="0" step="1"/><D20/><REACH who="0" ten="280,220,250,240" step="2"/><U73/><E104/><V124/><F103/><W55/><G38/><T28/><D28/><U102/><E72/><V60/><F124/><W67/><G67/><T5/><D5/><U63/><E102/><V108/><F108/><W11/><G11/><T13/><D13/><U86/><E73/><V36/><F36/><W48/><G44/><AGARI ba="1,1" hai="15,18,21,40,44,45,50,51,54,78,80,81,83,85" machi="44" ten="30,12000,1" yaku="1,1,7,1,8,1,53,2" doraHai="87" doraHaiUra="42" who="0" fromWho="3" sc="280,133,220,0,250,0,240,-123" /><INIT seed="0,2,0,3,5,114" ten="413,220,250,117" oya="0" hai0="110,96,130,45,112,4,56,97,3,92,109,86,55" hai1="124,58,61,133,7,104,13,10,27,101,80,36,120" hai2="81,49,94,65,93,68,98,24,85,123,41,116,73" hai3="77,21,64,52,22,95,107,67,37,2,42,35,127"/><T57/><D112/><U47/><E120/><V50/><F73/><W32/><G107/><T99/><D130/><U51/><E133/><V5/><F68/><W53/><G2/><T8/><D45/><U71/><E124/><V79/><F65/><W25/><G77/><T100/><D86/><U132/><E36/><V23/><F116/><W39/><G95/><T31/><D31/><U28/><E71/><V44/><F123/><W46/><G46/><T118/><D57/><U29/><E80/><V84/><F5/><W20/><G20/><T9/><D9/><U70/><E70/><V115/><F50/><W102/><G102/><T11/><D11/><U18/><E101/><V0/><F0/><W126/><REACH who="3" step="1"/><G25/><REACH who="3" ten="413,220,250,107" step="2"/><T66/><D100/><U119/><E104/><V129/><F115/><W74/><G74/><T89/><D92/><U75/><E75/><V26/><F23/><W1/><G1/><T78/><D78/><U6/><E132/><V43/><F94/><W106/><G106/><T69/><D89/><U105/><E105/><V72/><F72/><W14/><G14/><T34/><D3/><U90/><E90/><N who="2" m="55607" /><F129/><W121/><G121/><T122/><D122/><U128/><E128/><V33/><F26/><W111/><G111/><T60/><D109/><U30/><E27/><V108/><F108/><W131/><G131/><T17/><D110/><U113/><E113/><V12/><F12/><W134/><G134/><T125/><D99/><U91/><E91/><V135/><F135/><W54/><G54/><T38/><D96/><U76/><E13/><V48/><F79/><RYUUKYOKU ba="2,1" sc="413,-10,220,-10,250,-10,107,30" hai3="21,22,32,35,37,39,42,52,53,64,67,126,127" /><INIT seed="1,3,1,0,1,56" ten="403,210,240,137" oya="1" hai0="30,127,2,29,101,23,88,124,90,47,115,119,52" hai1="31,114,48,60,6,27,26,106,15,11,21,49,75" hai2="126,111,67,133,65,96,66,50,51,45,117,70,24" hai3="41,57,71,3,110,13,91,93,69,78,73,131,107"/><U79/><E114/><V120/><F96/><W122/><G3/><T42/><D115/><U32/><E106/><V92/><F92/><W39/><G107/><T22/><D119/><U8/><E79/><V59/><F24/><W44/><G122/><T68/><D68/><U20/><E75/><V116/><F133/><W80/><G131/><T38/><D2/><U16/><E32/><V108/><F126/><N who="0" m="48170" /><D52/><U40/><E40/><N who="2" m="24871" /><F120/><W84/><G110/><N who="2" m="42025" /><F70/><W61/><REACH who="3" step="1"/><G13/><REACH who="3" ten="403,210,240,127" step="2"/><T58/><D101/><U74/><E11/><V113/><F113/><W7/><G7/><T82/><D90/><U62/><E74/><V12/><F12/><W132/><G132/><T104/><D88/><U86/><E86/><V83/><F83/><W134/><G134/><T85/><D85/><U10/><E8/><V9/><F9/><W98/><G98/><T33/><D82/><U5/><E6/><V129/><F129/><W100/><G100/><T125/><D104/><U63/><AGARI ba="3,2" hai="5,10,15,16,20,21,26,27,31,48,49,60,62,63" machi="63" ten="30,18000,2" yaku="0,1,8,1,52,3,54,1" doraHai="56" who="1" fromWho="1" sc="403,-63,210,209,240,-63,127,-63" /><INIT seed="1,4,0,4,2,62" ten="340,419,177,64" oya="1" hai0="22,128,77,32,6,126,90,117,103,82,42,40,67" hai1="80,71,26,48,47,34,63,79,69,25,68,96,38" hai2="73,35,123,20,130,23,107,94,55,105,41,113,120" hai3="112,31,133,53,83,129,72,104,51,13,58,1,9"/><U18/><E38/><V110/><F35/><W101/><G112/><T88/><D32/><U33/><E96/><V21/><F73/><W45/><G1/><T99/><D117/><U78/><E78/><V14/><F41/><W46/><G129/><T98/><D128/><U27/><E18/><V66/><F130/><W11/><G133/><T12/><D126/><U127/><E127/><V60/><F55/><W3/><G104/><T10/><D22/><U87/><REACH who="1" step="1"/><E63/><REACH who="1" ten="340,409,177,64" step="2"/><V109/><F113/><W95/><G31/><T16/><D99/><U93/><E93/><V19/><F94/><W122/><G122/><T114/><D98/><U49/><E49/><V108/><F107/><W74/><G95/><T61/><D114/><U119/><E119/><V24/><F105/><W37/><G101/><T115/><D115/><U135/><E135/><V28/><REACH who="2" step="1"/><F23/><REACH who="2" ten="340,409,167,64" step="2"/><W102/><G102/><T132/><D103/><U89/><E89/><V36/><F36/><W57/><G37/><T0/><D132/><U75/><E75/><V5/><F5/><W65/><G72/><T92/><D90/><U76/><E76/><V17/><F17/><W85/><G74/><T111/><D92/><U118/><E118/><V44/><F44/><W15/><G45/><T91/><D77/><U97/><E97/><V29/><F29/><W8/><G46/><T86/><D91/><U2/><E2/><V121/><F121/><W59/><G3/><T64/><D88/><U106/><E106/><V70/><AGARI ba="4,2" hai="14,19,20,21,24,28,60,66,70,108,109,110,120,123" machi="70" ten="30,7900,0" yaku="1,1,0,1,14,1,52,1,53,0" doraHai="62" doraHaiUra="84" who="2" fromWho="2" sc="340,-24,409,-43,167,111,64,-24" /><INIT seed="2,0,0,1,1,59" ten="316,366,278,40" oya="2" hai0="29,21,98,99,28,88,16,26,25,24,89,91,117" hai1="131,126,133,93,62,92,64,124,107,54,132,135,20" hai2="66,2,125,55,111,134,8,10,41,52,81,51,15" hai3="71,120,3,79,130,73,76,112,122,77,74,90,105"/><V61/><F134/><W23/><G23/><T60/><D117/><U44/><E107/><V19/><F125/><N who="1" m="48233" /><E20/><V33/><F33/><W75/><G3/><T95/><D99/><U53/><E131/><V6/><F111/><W46/><G46/><T103/><D60/><U65/><E65/><V57/><REACH who="2" step="1"/><F81/><REACH who="2" ten="316,366,268,40" step="2"/><W106/><G130/><T30/><AGARI ba="0,1" hai="16,21,24,25,26,28,29,30,88,89,91,95,98,103" machi="30" ten="30,7900,0" yaku="0,1,8,1,54,2" doraHai="59" who="0" fromWho="0" sc="316,89,366,-20,268,-39,40,-20" /><INIT seed="3,0,0,1,3,23" ten="405,346,229,20" oya="3" hai0="99,67,120,50,118,42,135,26,88,54,84,15,8" hai1="125,25,100,55,102,70,57,36,91,10,39,113,59" hai2="117,45,47,40,60,21,12,34,41,51,61,128,133" hai3="29,22,31,90,108,93,110,124,95,38,71,16,134"/><W83/><G38/><T82/><D118/><U123/><E123/><V14/><F34/><W107/><G71/><T72/><D120/><U30/><E125/><V98/><F117/><W75/><G107/><T89/><D135/><U20/><E70/><V103/><F128/><W94/><G124/><T5/><D72/><U106/><E59/><V46/><F133/><W119/><G119/><T24/><D42/><U32/><E32/><V78/><F78/><W18/><G134/><T68/><D67/><U80/><E10/><V4/><F4/><W79/><G90/><T7/><D7/><U13/><E13/><V1/><F1/><W76/><G76/><T74/><D74/><U0/><E0/><V112/><F112/><W37/><G37/><T52/><D54/><U63/><E102/><V81/><F81/><W33/><G18/><T62/><D62/><U126/><E113/><V19/><F14/><N who="3" m="9495" /><G33/><T111/><D68/><U116/><E116/><V73/><F73/><W27/><G27/><T48/><D48/><U58/><E36/><V17/><F17/><W28/><G28/><T49/><D49/><U65/><E39/><V44/><REACH who="2" step="1"/><F41/><REACH who="2" ten="405,346,219,20" step="2"/><W129/><G129/><T43/><D43/><U9/><E126/><V96/><F96/><W2/><G2/><T109/><D99/><N who="1" m="61727" /><E9/><V64/><F64/><W35/><G35/><T86/><D5/><U56/><E65/><V127/><F127/><W105/><G105/><AGARI ba="0,1" hai="12,19,21,40,44,45,46,47,51,60,61,98,103,105" machi="105" ten="40,2600,0" yaku="1,1,53,1" doraHai="23" doraHaiUra="92" who="2" fromWho="3" sc="405,0,346,0,219,36,20,-26" owari="405,50.0,346,15.0,255,-14.0,-6,-51.0" /></mjloggm>