<mjloggm ver="2.3"><GO type="41" lobby="0"/><UN n0="%E2%93%9D%53%75%70%68%78" n1="%E6%9B%B8%E8%A8%98%E3%81%AE%E3%83%81%E3%82%AB" n2="%6D%75%75%6D%75%72%61" n3="%4A%4F%52%4E%4F%34%36" dan="17,14,15,13" rate="2071.26,2005.26,1971.70,1832.79" sx="M,M,F,M"/><TAIKYOKU oya="0"/><INIT seed="0,0,0,4,5,29" ten="250,250,250,250" oya="0" hai0="134,23,131,119,95,59,83,4,63,130,97,100,129" hai1="41,121,92,51,67,91,82,50,47,133,15,79,75" hai2="7,52,54,90,84,36,118,5,102,2,21,61,58" hai3="12,78,105,35,103,38,73,49,135,70,62,31,1"/><T44/><D119/><U123/><E133/><V85/><F118/><W13/><G49/><T77/><D134/><U65/><E121/><V87/><F36/><W20/><G1/><T30/><D4/><U24/><E123/><V71/><F71/><W86/><G86/><T122/><D122/><U113/><E113/><V107/><F2/><W68/><G38/><T8/><D8/><U28/><E15/><V57/><F90/><W88/><G88/><T96/><D44/><U101/><E51/><V3/><F21/><W81/><G70/><T37/><D97/><U26/><E101/><V116/><F116/><W39/><G39/><T19/><D30/><U25/><REACH who="1" step="1"/><E28/><REACH who="1" ten="250,240,250,250" step="2"/><V55/><F3/><W46/><G12/><T106/><D37/><U14/><E14/><V127/><F5/><W125/><G13/><T104/><D19/><U93/><E93/><V40/><F7/><W9/><G31/><T111/><D23/><U120/><E120/><V6/><F6/><W128/><G20/><T124/><D124/><U34/><E34/><V48/><F127/><W22/><G35/><T108/><D106/><U42/><E42/><V126/><F126/><W80/><G22/><T27/><D104/><U115/><E115/><V56/><F40/><W16/><G103/><T89/><D100/><U74/><E74/><V53/><REACH who="2" step="1"/><F48/><REACH who="2" ten="250,240,240,250" step="2"/><W114/><G125/><T33/><D33/><U69/><E69/><V66/><F66/><W45/><G68/><T32/><D32/><U76/><E76/><V72/><F72/><W43/><G73/><N who="0" m="43439" /><D27/><U60/><E60/><V112/><F112/><RYUUKYOKU ba="0,2" sc="250,10,240,10,240,10,250,-30" hai0="59,63,89,95,96,108,111,129,130,131" hai1="24,25,26,41,47,50,65,67,75,79,82,91,92" hai2="52,53,54,55,56,57,58,61,84,85,87,102,107" /><INIT seed="0,1,2,2,3,64" ten="260,250,250,220" oya="0" hai0="35,18,95,57,54,75,108,118,134,98,51,110,100" hai1="36,109,12,106,83,99,56,69,10,59,71,24,120" hai2="38,89,93,103,84,53,74,104,90,58,111,67,47" hai3="25,66,65,46,68,86,72,7,102,16,26,32,96"/><T31/><D118/><U135/><E120/><V128/><F74/><W76/><G72/><T124/><D75/><U22/><E36/><V115/><F115/><W63/><G66/><T88/><D134/><U121/><E121/><V125/><F111/><N who="0" m="42538" /><D18/><U17/><E135/><V87/><F128/><W21/><G7/><T77/><D77/><U48/><E83/><V28/><F125/><W107/><G46/><T60/><D124/><U62/><E48/><V39/><F28/><W127/><G127/><T97/><D31/><U91/><E109/><V11/><F11/><W129/><G129/><T112/><D35/><U116/><E116/><V42/><F67/><W123/><G123/><T78/><D78/><U52/><E59/><V4/><F4/><W29/><G76/><T113/><D51/><U5/><E106/><AGARI ba="1,2" hai="54,57,60,88,95,97,98,100,106,112,113" m="42538" machi="106" ten="30,5800,0" yaku="14,1,10,1,54,1" doraHai="64" who="0" fromWho="1" sc="260,81,250,-61,250,0,220,0" /><INIT seed="0,2,0,3,4,30" ten="341,189,250,220" oya="0" hai0="0,53,78,120,58,95,16,108,124,18,19,59,92" hai1="82,94,27,46,111,51,60,32,13,117,86,113,69" hai2="72,33,43,75,77,74,38,2,29,116,1,90,121" hai3="55,28,36,131,9,114,56,125,106,110,24,80,40"/><T84/><D120/><U15/><E117/><V68/><F121/><W67/><G114/><T89/><D0/><N who="2" m="106" /><F90/><W126/><G106/><T104/><D104/><U96/><E111/><V5/><F5/><W98/><G110/><T127/><D108/><U41/><E113/><V93/><F93/><W11/><G67/><T87/><D53/><U17/><E69/><V70/><F116/><W48/><G131/><T47/><D47/><U42/><E42/><V130/><F77/><W128/><G98/><T22/><D22/><U109/><E60/><V97/><F97/><W85/><G40/><T99/><D78/><U64/><E64/><V132/><F132/><W7/><G36/><T52/><D59/><U25/><E25/><N who="2" m="18607" /><F130/><W91/><G128/><T57/><D57/><U35/><E27/><V122/><F122/><W81/><G81/><T107/><D107/><U21/><E15/><V65/><F65/><W49/><G7/><T88/><D99/><U12/><E12/><V26/><F26/><W135/><G135/><T118/><D118/><U103/><REACH who="1" step="1"/><E109/><REACH who="1" ten="341,179,250,220" step="2"/><V133/><F133/><W101/><G24/><T20/><D20/><U105/><E105/><V50/><F50/><AGARI ba="2,1" hai="16,18,19,50,52,58,84,87,88,89,92,95,124,127" machi="50" ten="40,12000,1" yaku="9,1,54,3" doraHai="30" who="0" fromWho="2" sc="341,136,179,0,250,-126,220,0" /><INIT seed="0,3,0,5,3,69" ten="477,179,124,220" oya="0" hai0="80,41,22,132,24,52,102,109,28,58,6,89,48" hai1="107,86,5,36,0,29,1,77,130,100,12,66,9" hai2="96,35,82,59,50,40,81,14,123,17,125,114,117" hai3="78,7,87,91,8,133,60,72,85,129,94,26,45"/><T44/><D132/><U20/><E100/><V57/><F123/><W106/><G133/><T101/><D109/><U105/><E66/><V33/><F114/><W79/><G26/><T23/><D6/><U18/><E77/><V70/><F70/><W135/><G60/><T108/><D108/><U19/><E86/><V88/><F117/><W3/><G135/><T38/><REACH who="0" step="1"/><D23/><REACH who="0" ten="467,179,124,220" step="2"/><U103/><E20/><V21/><F35/><W74/><G7/><T65/><D65/><U43/><E5/><V84/><F33/><W122/><G8/><T121/><D121/><U39/><E9/><V47/><F125/><W16/><G122/><T11/><D11/><U120/><E120/><V73/><REACH who="2" step="1"/><F96/><REACH who="2" ten="467,179,114,220" step="2"/><W54/><G74/><T56/><D56/><U95/><E0/><V42/><F42/><W31/><G3/><T134/><D134/><U128/><E43/><V93/><F93/><W53/><G72/><T62/><D62/><U2/><E95/><V67/><F67/><W30/><G94/><T63/><D63/><U37/><E2/><V49/><F49/><W83/><G106/><T34/><D34/><U104/><E1/><V25/><F25/><W97/><G97/><T99/><D99/><U27/><E107/><V92/><F92/><W10/><G87/><AGARI ba="3,2" hai="22,24,28,38,41,44,48,52,58,80,87,89,101,102" machi="87" ten="40,7700,0" yaku="1,1,52,1,54,1,53,0" doraHai="69" doraHaiUra="118" who="0" fromWho="3" sc="467,106,179,0,114,0,220,-86" /><INIT seed="0,4,0,3,0,28" ten="573,179,114,134" oya="0" hai0="122,70,115,17,49,109,52,18,40,134,104,47,89" hai1="94,6,81,36,4,64,116,66,54,14,57,133,82" hai2="55,10,65,8,16,34,93,58,7,29,105,97,76" hai3="113,22,37,26,20,127,38,120,102,30,73,118,106"/><T23/><D115/><U9/><E116/><V79/><F105/><W50/><G113/><T71/><D122/><U128/><E36/><V25/><F65/><W88/><G118/><T112/><D109/><U126/><E126/><V131/><F131/><W84/><G127/><T99/><D134/><U80/><E128/><V62/><F10/><W53/><G120/><T103/><D112/><U27/><E6/><V87/><F87/><W56/><G73/><T19/><D89/><U59/><E94/><V1/><REACH who="2" step="1"/><F16/><REACH who="2" ten="573,179,104,134" step="2"/><W74/><G74/><T95/><D104/><U13/><E133/><V101/><AGARI ba="4,1" hai="1,7,8,25,29,34,55,58,62,76,79,93,97,101" machi="101" ten="20,12000,2" yaku="1,1,2,1,0,1,7,1,52,1,53,1" doraHai="28" doraHaiUra="5" who="2" fromWho="2" sc="573,-64,179,-34,104,142,134,-34" /><INIT seed="1,0,0,1,0,99" ten="509,145,246,100" oya="1" hai0="96,98,68,80,13,51,21,36,101,131,74,120,0" hai1="43,38,124,125,54,66,57,65,8,19,7,64,75" hai2="111,105,25,135,92,44,61,129,90,3,84,58,39" hai3="132,48,59,94,52,11,53,103,109,76,10,121,77"/><U81/><E19/><V122/><F111/><W14/><G121/><T20/><D98/><U47/><E54/><V85/><F129/><W113/><G113/><T95/><D0/><N who="1" m="103" /><E57/><V4/><F135/><W71/><G71/><T2/><D2/><U15/><E15/><V31/><F105/><W78/><G132/><T35/><D35/><U55/><E55/><V133/><F133/><W73/><G73/><T24/><D13/><U62/><E62/><V97/><F122/><W26/><G109/><T117/><D21/><U45/><E45/><V27/><F4/><W128/><G128/><T107/><D20/><U28/><E28/><V110/><F3/><W115/><G115/><T88/><D24/><U33/><E33/><V6/><F6/><W1/><G1/><T41/><D68/><U108/><E108/><V104/><F110/><W32/><G53/><T89/><D120/><U42/><E42/><V127/><F27/><W118/><G118/><T119/><D41/><U79/><AGARI ba="0,0" hai="38,43,47,64,65,66,75,79,81,124,125" m="103" machi="79" ten="30,1500,0" yaku="25,1" doraHai="99" who="1" fromWho="1" sc="509,-5,145,15,246,-5,100,-5" /><INIT seed="1,1,0,0,4,104" ten="504,160,241,95" oya="1" hai0="43,20,5,6,59,133,41,21,119,116,95,4,45" hai1="113,86,83,60,92,25,63,81,24,22,54,29,37" hai2="13,17,18,128,19,135,66,35,47,130,30,103,67" hai3="69,88,10,79,99,115,68,102,50,122,107,110,0"/><U57/><E113/><V34/><F103/><W38/><G38/><T8/><D133/><U97/><E37/><V3/><F47/><W100/><G115/><T94/><D8/><U26/><E63/><V106/><F106/><W85/><G122/><T120/><D59/><U76/><REACH who="1" step="1"/><E83/><REACH who="1" ten="504,150,241,95" step="2"/><V36/><F36/><W46/><G110/><T62/><D62/><U14/><E14/><V72/><F13/><W93/><G68/><T117/><D120/><U91/><AGARI ba="1,1" hai="22,24,25,26,29,54,57,60,76,81,86,91,92,97" machi="91" ten="20,7800,0" yaku="1,1,0,1,7,1,8,1,53,0" doraHai="104" doraHaiUra="105" who="1" fromWho="1" sc="504,-27,150,91,241,-27,95,-27" /><INIT seed="1,2,0,0,0,90" ten="477,241,214,68" oya="1" hai0="70,55,77,85,14,21,38,37,65,25,129,31,59" hai1="116,104,91,35,54,89,119,111,62,50,41,43,84" hai2="40,117,74,53,112,78,106,133,69,10,118,125,11" hai3="79,73,128,22,124,126,135,0,121,30,75,82,39"/><U71/><E104/><V102/><F69/><W46/><G22/><T58/><D129/><U127/><E35/><V49/><F40/><N who="3" m="22815" /><G121/><T20/><D70/><U15/><E127/><N who="3" m="48682" /><G30/><T18/><D65/><U110/><E15/><V13/><F133/><W23/><G23/><T88/><D77/><U96/><E96/><V28/><F112/><W81/><G135/><T17/><D31/><U4/><E4/><V33/><F11/><W24/><G24/><T56/><REACH who="0" step="1"/><D55/><REACH who="0" ten="467,241,214,68" step="2"/><U68/><E68/><V57/><F53/><W3/><G128/><T72/><D72/><U109/><E71/><V16/><F78/><AGARI ba="2,1" hai="0,3,73,75,78,79,81,82" m="48682,22815" machi="78" ten="30,2000,0" yaku="18,1,23,1" doraHai="90" who="3" fromWho="2" sc="467,0,241,0,214,-26,68,36" /><INIT seed="2,0,0,3,0,50" ten="467,241,188,104" oya="2" hai0="16,30,77,48,128,51,111,83,106,72,1,132,75" hai1="116,114,102,73,86,129,15,113,20,58,42,70,98" hai2="134,115,69,35,94,2,97,89,64,25,34,43,21" hai3="130,37,31,33,26,93,38,67,126,78,52,49,117"/><V10/><F115/><W36/><G117/><T107/><D1/><U108/><E73/><V82/><F134/><W14/><G126/><T65/><D65/><U5/><E108/><V131/><F131/><W87/><G130/><T47/><D30/><U105/><E70/><V63/><F43/><W88/><G67/><T53/><D128/><U17/><E42/><V118/><F118/><W71/><G71/><T109/><D16/><U127/><E127/><V39/><F39/><W23/><G78/><T6/><D6/><U29/><E116/><V59/><F82/><W135/><G135/><T24/><D24/><U27/><E5/><V68/><F2/><W133/><G133/><T12/><D12/><U32/><E129/><V60/><F69/><W120/><G120/><T18/><D18/><U79/><E79/><V123/><F10/><W104/><G104/><T61/><D61/><U121/><E121/><V0/><F0/><W9/><G33/><T11/><D11/><U7/><E7/><V80/><F80/><W124/><G124/><T91/><D75/><U125/><E125/><V45/><F45/><W96/><G96/><T99/><D132/><U13/><E13/><V40/><F40/><W41/><G41/><T92/><D51/><U44/><E44/><V85/><F123/><W74/><G74/><T4/><D4/><U76/><E114/><V84/><F35/><W122/><G122/><T95/><D95/><U28/><E113/><V62/><F34/><W54/><G54/><BYE who="3" /><T112/><D112/><U90/><E32/><V19/><F63/><W66/><G66/><AGARI ba="0,0" hai="19,21,25,59,60,62,64,66,68,84,85,89,94,97" machi="66" ten="30,2900,0" yaku="6,1,7,1" doraHai="50" who="2" fromWho="3" sc="467,0,241,0,188,29,104,-29" /><INIT seed="2,1,0,0,2,129" ten="467,241,217,75" oya="2" hai0="83,48,19,98,63,87,5,94,30,130,52,14,50" hai1="89,119,9,53,51,104,34,41,40,17,103,0,72" hai2="4,35,47,115,24,32,110,97,117,78,27,96,91" hai3="132,43,3,59,54,13,8,82,62,122,16,95,57"/><V67/><F117/><W76/><G76/><T128/><D5/><U33/><E72/><V44/><F115/><W79/><G79/><UN n3="%4A%4F%52%4E%4F%34%36" /><T106/><D106/><U26/><E89/><V133/><F133/><W15/><G122/><T121/><D121/><U135/><E0/><V111/><F78/><W66/><G3/><T65/><D30/><U84/><E84/><V56/><F4/><W61/><G132/><T23/><D65/><U28/><E103/><V58/><F67/><W45/><G95/><T70/><D70/><U127/><E104/><V75/><REACH who="2" step="1"/><F91/><REACH who="2" ten="467,241,207,75" step="2"/><W42/><G45/><T6/><D6/><U64/><E135/><V123/><F123/><W10/><REACH who="3" step="1"/><G82/><REACH who="3" ten="467,241,207,65" step="2"/><T92/><D83/><U77/><E77/><V81/><F81/><W29/><G29/><T68/><D130/><U38/><E28/><V21/><F21/><W126/><G126/><T100/><D128/><U105/><E127/><V31/><F31/><W102/><G102/><T131/><D131/><U7/><E119/><V114/><F114/><W109/><G109/><T12/><D100/><U69/><E34/><V71/><F71/><W80/><G80/><T1/><D68/><U11/><E33/><V74/><AGARI ba="1,2" hai="24,27,32,35,44,47,56,58,74,75,96,97,110,111" machi="74" ten="25,9600,0" yaku="1,1,0,1,22,2,53,0" doraHai="129" doraHaiUra="124" who="2" fromWho="2" sc="467,-33,241,-33,207,119,65,-33" /><INIT seed="2,2,0,3,0,56" ten="434,208,326,32" oya="2" hai0="61,81,68,65,107,41,123,28,19,70,135,79,1" hai1="121,2,23,0,112,62,16,75,7,82,5,53,22" hai2="105,88,59,90,43,46,57,97,45,96,72,78,54" hai3="99,114,111,108,116,18,51,52,126,102,87,125,33"/><V85/><F72/><W25/><G33/><T26/><D135/><U21/><E112/><V12/><F59/><W101/><G25/><T92/><D1/><U14/><E121/><V84/><F78/><W86/><G18/><T37/><D107/><U55/><E55/><V39/><F45/><W110/><G116/><T134/><D134/><U64/><E53/><V66/><F66/><W4/><G4/><T91/><D123/><U49/><E49/><V27/><F27/><W17/><G17/><T77/><D70/><U95/><E95/><V122/><F122/><W132/><G132/><T117/><D81/><U127/><E127/><N who="3" m="48650" /><G114/><T67/><D67/><U29/><E29/><V124/><F124/><W48/><G99/><T120/><D117/><U83/><E75/><V93/><F12/><W60/><G60/><T6/><D6/><U115/><E115/><V24/><F24/><W113/><G113/><T74/><D74/><U13/><E22/><V118/><F118/><W80/><G80/><T40/><D19/><U3/><E7/><V104/><F97/><W131/><G131/><T89/><D120/><U103/><E103/><N who="3" m="39434" /><G52/><T69/><D26/><U38/><E5/><V94/><REACH who="2" step="1"/><F96/><REACH who="2" ten="434,208,316,32" step="2"/><W109/><G111/><T8/><D65/><U58/><E38/><V130/><F130/><W36/><G36/><T15/><D37/><U44/><E44/><V34/><F34/><W42/><G42/><T50/><D41/><U100/><E100/><V63/><AGARI ba="2,1" hai="39,43,46,54,57,63,84,85,88,90,93,94,104,105" machi="63" ten="20,18000,2" yaku="1,1,0,1,7,1,9,1,52,1,54,1,53,0" doraHai="56" doraHaiUra="32" who="2" fromWho="2" sc="434,-62,208,-62,316,196,32,-62" owari="372,17.0,146,-25.0,512,61.0,-30,-53.0" /></mjloggm>