<mjloggm ver="2.3"><GO type="41" lobby="0"/><UN n0="%E3%81%8A%E7%8C%BF%E3%83%90%E3%83%8A%E3%83%8A" n1="%E2%93%9D%53%75%70%68%78" n2="%E3%83%8E%E3%83%96%E3%83%8D%E3%82%B3" n3="%E3%83%A9%E3%82%A4%E3%83%A9%E3%82%A4" dan="14,17,14,14" rate="1963.61,2037.86,1971.36,1838.48" sx="M,M,M,M"/><TAIKYOKU oya="0"/><INIT seed="0,0,0,1,5,30" ten="250,250,250,250" oya="0" hai0="115,23,112,129,134,99,70,79,133,32,125,20,109" hai1="48,76,61,35,102,123,127,97,7,37,67,62,13" hai2="53,66,2,47,50,106,116,38,43,4,51,44,114" hai3="15,17,52,104,27,120,21,98,26,41,100,118,86"/><T108/><D70/><U83/><E37/><N who="2" m="21615" /><F4/><W65/><G118/><T88/><D79/><U12/><E127/><V71/><F106/><W34/><G120/><T96/><D125/><U11/><E123/><V111/><F2/><W72/><G72/><T16/><D129/><U131/><E131/><V24/><F24/><W36/><G41/><T8/><D88/><U9/><E48/><N who="2" m="28831" /><F114/><N who="0" m="43562" /><D32/><U105/><E35/><V54/><F111/><N who="0" m="42570" /><D8/><U45/><E11/><V55/><F116/><W10/><G36/><T49/><D49/><N who="2" m="18442" /><F38/><W121/><G121/><T63/><D63/><AGARI ba="0,0" hai="54,55,63,66,71" m="18442,28831,21615" machi="63" ten="30,8000,1" yaku="35,5" doraHai="30" who="2" fromWho="0" sc="250,-80,250,0,250,80,250,0" /><INIT seed="1,0,0,5,0,73" ten="170,250,330,250" oya="1" hai0="135,110,107,131,70,55,45,128,84,132,116,41,17" hai1="106,30,96,14,33,95,88,99,108,72,60,43,79" hai2="10,69,127,42,22,16,37,63,86,100,19,0,78" hai3="44,117,21,64,31,24,47,122,125,2,46,25,71"/><U92/><E106/><V28/><F37/><W124/><G2/><T4/><D107/><U54/><E43/><V35/><F42/><W26/><G122/><T91/><D70/><U94/><E108/><V38/><F38/><W113/><G113/><T75/><D75/><U123/><E123/><V15/><F100/><W105/><G105/><T89/><D4/><U57/><E33/><V29/><F69/><W101/><G101/><T50/><D116/><U61/><E30/><N who="2" m="11883" /><F78/><W130/><G130/><N who="0" m="49707" /><D110/><U121/><E121/><V34/><F63/><W68/><G117/><T120/><D120/><U102/><E95/><V97/><F97/><W85/><G85/><T98/><D17/><N who="2" m="6730" /><F86/><W76/><G76/><T3/><D3/><U80/><REACH who="1" step="1"/><E14/><REACH who="1" ten="170,240,330,250" step="2"/><V49/><F127/><N who="3" m="48715" /><G71/><T74/><D41/><U9/><E9/><V40/><F40/><W83/><G68/><T109/><D109/><U7/><E7/><N who="2" m="1383" /><F49/><AGARI ba="0,1" hai="49,54,57,60,61,72,79,80,88,92,94,96,99,102" machi="49" ten="30,18000,2" yaku="1,1,7,1,52,1,54,1,53,2" doraHai="73" doraHaiUra="90" who="1" fromWho="2" sc="170,0,240,190,330,-180,250,0" /><INIT seed="1,1,0,4,1,29" ten="170,430,150,250" oya="1" hai0="100,114,30,120,21,109,123,126,58,69,42,4,93" hai1="18,11,103,45,66,0,75,41,77,74,14,7,124" hai2="92,78,106,53,95,88,101,84,35,127,60,25,43" hai3="49,52,59,57,8,55,10,87,46,22,73,47,122"/><U91/><E124/><V131/><F131/><W3/><G122/><T116/><D69/><U118/><E118/><V32/><F127/><W130/><G73/><T79/><D126/><U63/><E103/><V6/><F6/><W102/><G130/><T133/><D4/><U36/><E91/><V20/><F43/><W37/><G3/><T71/><D42/><U24/><E24/><V115/><F115/><W13/><G102/><T33/><D71/><U48/><E48/><V86/><F60/><W28/><G87/><T110/><D79/><U67/><E63/><V40/><F53/><W104/><G104/><T112/><D58/><U2/><E2/><V98/><F40/><W117/><G37/><T12/><D93/><U62/><E62/><V128/><F128/><W34/><G34/><T44/><D100/><U64/><REACH who="1" step="1"/><E77/><REACH who="1" ten="170,420,150,250" step="2"/><V105/><F105/><W70/><G117/><T135/><D116/><U38/><E38/><V99/><F78/><W119/><G119/><T17/><D44/><U51/><E51/><V65/><F65/><W19/><G70/><T54/><D114/><U82/><E82/><V81/><F99/><W121/><G121/><N who="0" m="46667" /><D112/><U111/><E111/><N who="0" m="42505" /><D54/><U83/><E83/><V72/><F106/><W61/><G8/><AGARI ba="1,1" hai="0,7,8,11,14,18,36,41,45,64,66,67,74,75" machi="8" ten="40,2000,0" yaku="1,1,53,0" doraHai="29" doraHaiUra="89" who="1" fromWho="3" sc="170,0,420,33,150,0,250,-23" /><INIT seed="1,2,0,0,0,83" ten="170,453,150,227" oya="1" hai0="15,69,90,103,123,54,11,5,94,74,98,130,57" hai1="22,92,8,95,121,106,24,17,72,31,97,135,120" hai2="56,53,134,45,89,128,96,50,114,4,126,7,73" hai3="27,59,21,43,113,88,58,2,116,78,100,6,109"/><U34/><E72/><V71/><F128/><W47/><G113/><T51/><D130/><U16/><E106/><V104/><F73/><W110/><G78/><T77/><D69/><U14/><E95/><V64/><F126/><W10/><G116/><T12/><D123/><U102/><REACH who="1" step="1"/><E135/><REACH who="1" ten="170,443,150,227" step="2"/><V9/><F134/><W76/><G100/><T20/><D74/><U82/><E82/><V63/><F114/><W117/><G117/><T18/><D77/><U91/><E91/><AGARI ba="2,1" hai="5,11,12,15,18,20,51,54,57,90,91,94,98,103" machi="91" ten="40,1300,0" yaku="8,1" doraHai="83" who="0" fromWho="1" sc="170,29,443,-19,150,0,227,0" /><INIT seed="2,0,0,1,5,102" ten="199,424,150,227" oya="2" hai0="57,94,115,8,75,67,20,13,32,110,125,26,80" hai1="56,63,121,90,81,83,36,104,16,48,98,4,135" hai2="131,101,70,23,89,29,44,88,111,108,119,21,118" hai3="30,37,109,1,134,77,107,124,69,97,40,60,7"/><V47/><F70/><W114/><G124/><T91/><D115/><U127/><E135/><V128/><F101/><N who="3" m="62895" /><G134/><T18/><D125/><U78/><E36/><V84/><F84/><W59/><G114/><T87/><D32/><U61/><E4/><V79/><REACH who="2" step="1"/><F29/><REACH who="2" ten="199,424,140,227" step="2"/><W41/><G30/><N who="0" m="17735" /><D75/><U112/><E127/><V92/><F92/><W27/><G69/><T14/><D110/><U15/><E112/><V62/><F62/><W12/><G37/><T24/><D94/><U73/><E63/><V105/><F105/><W132/><G60/><N who="0" m="38287" /><D8/><U116/><E104/><V117/><F117/><W72/><G132/><T39/><D39/><U71/><E71/><V35/><F35/><W50/><G72/><T113/><D113/><U28/><E73/><V68/><F68/><W130/><G130/><T55/><D55/><U19/><E116/><V96/><F96/><W34/><G41/><T3/><D3/><U17/><E98/><V49/><F49/><W86/><G40/><T85/><D87/><U129/><E129/><V31/><F31/><W126/><G86/><T100/><D100/><U65/><E28/><V66/><F66/><W76/><G126/><T106/><D106/><U74/><E65/><V22/><F22/><AGARI ba="0,1" hai="13,14,18,22,24,80,85,91" m="38287,17735" machi="22" ten="30,1000,0" yaku="8,1" doraHai="102" who="0" fromWho="2" sc="199,20,424,0,140,-10,227,0" /><INIT seed="3,0,0,1,5,39" ten="219,424,130,227" oya="3" hai0="71,103,49,91,14,80,50,1,94,41,102,57,88" hai1="23,26,75,16,27,97,15,100,112,109,17,98,107" hai2="119,69,5,127,59,74,64,13,118,33,99,37,35" hai3="73,55,122,56,82,29,90,106,51,7,31,8,86"/><W68/><G106/><T130/><D71/><U34/><E112/><V108/><F99/><W76/><G68/><T30/><D1/><U81/><E109/><V115/><F59/><W11/><G122/><T53/><D30/><U44/><E34/><V28/><F64/><W125/><G125/><T4/><D130/><U117/><E117/><V132/><F33/><W131/><G131/><T85/><D4/><U6/><E6/><V43/><F43/><W78/><G73/><T67/><D67/><U63/><E63/><V95/><F95/><W32/><G32/><T54/><D14/><U133/><E133/><V22/><F13/><N who="3" m="5279" /><G11/><T3/><D3/><U104/><E75/><V2/><F22/><W47/><G47/><N who="0" m="25839" /><D53/><U70/><E70/><V9/><F28/><AGARI ba="0,0" hai="28,29,31,51,55,56,76,78,82,86,90" m="5279" machi="28" ten="30,1500,0" yaku="8,1" doraHai="39" who="3" fromWho="2" sc="219,0,424,0,130,-15,227,15" /><INIT seed="3,1,0,1,4,122" ten="219,424,115,242" oya="3" hai0="86,11,114,64,121,18,14,135,40,54,81,109,56" hai1="16,71,61,38,129,116,48,99,97,133,73,115,134" hai2="105,85,27,63,119,45,65,13,77,50,7,112,74" hai3="22,126,19,15,25,100,60,89,0,10,55,31,47"/><W92/><G126/><T96/><D121/><U94/><E115/><V8/><F105/><W123/><G123/><T78/><D114/><U28/><E129/><V110/><F112/><W107/><G100/><T6/><D135/><N who="1" m="51723" /><E73/><V132/><F132/><W79/><G107/><T32/><D32/><U84/><E48/><V59/><F74/><W95/><G79/><T4/><D40/><U46/><E28/><V36/><F36/><W120/><G120/><T101/><D109/><U117/><E16/><V62/><F62/><W104/><G104/><T2/><D2/><U82/><E46/><V35/><F119/><N who="1" m="45641" /><E94/><V76/><F110/><W130/><G130/><T58/><D56/><U57/><E71/><V20/><F85/><W52/><G0/><T34/><D34/><U127/><E38/><V103/><F103/><W37/><G37/><T70/><D70/><U26/><E26/><V106/><F106/><W41/><G89/><T67/><D18/><U91/><E127/><V111/><F35/><W66/><G41/><T44/><D44/><U3/><E3/><V21/><F111/><W33/><G33/><T42/><D42/><U39/><E39/><V69/><F69/><W75/><G75/><T118/><D118/><U93/><E93/><N who="3" m="35914" /><G47/><T5/><D101/><U102/><E102/><V49/><F45/><W72/><G72/><T108/><D108/><U12/><E12/><V124/><F124/><W113/><G113/><T88/><D14/><U68/><E68/><V29/><F21/><W87/><G87/><T17/><D86/><U83/><E83/><V1/><F1/><RYUUKYOKU ba="1,0" sc="219,-30,424,10,115,10,242,10" hai1="57,61,82,84,91,97,99" hai2="7,8,13,20,27,29,49,50,59,63,65,76,77" hai3="10,15,19,22,25,31,52,55,60,66" /><INIT seed="3,2,0,2,4,121" ten="189,434,125,252" oya="3" hai0="127,42,88,63,18,110,40,80,60,83,37,120,14" hai1="97,51,35,82,92,20,49,96,58,100,94,29,109" hai2="45,50,44,5,10,22,90,61,38,19,11,81,98" hai3="21,99,128,115,53,6,107,89,101,55,47,119,2"/><W86/><G128/><T8/><D120/><U87/><E109/><V24/><F38/><W91/><G119/><T34/><D34/><U93/><E35/><V122/><F122/><W57/><G115/><T131/><D127/><U69/><E69/><V75/><F44/><W27/><G6/><T7/><D131/><U74/><E74/><V112/><F75/><W95/><G2/><T48/><D37/><U125/><E58/><V31/><F112/><W62/><G47/><T16/><D110/><U134/><E134/><V54/><F5/><W3/><G3/><T65/><D80/><U77/><E94/><V113/><F113/><W43/><G43/><N who="0" m="16427" /><D48/><U0/><E0/><V129/><F129/><W36/><G36/><T59/><D63/><U52/><E125/><V85/><F98/><W28/><G91/><T12/><D14/><U30/><E51/><V33/><REACH who="2" step="1"/><F61/><REACH who="2" ten="189,434,115,252" step="2"/><W25/><REACH who="3" step="1"/><G25/><AGARI ba="2,1" hai="10,11,19,22,24,25,31,33,45,50,54,81,85,90" machi="25" ten="30,3900,0" yaku="1,1,2,1,7,1,53,0" doraHai="121" doraHaiUra="71" who="2" fromWho="3" sc="189,0,434,0,115,55,252,-45" /><INIT seed="4,0,0,1,1,113" ten="189,434,170,207" oya="0" hai0="50,95,117,72,107,64,41,89,31,114,38,30,88" hai1="17,9,75,43,27,7,8,108,42,97,101,32,84" hai2="13,47,110,83,103,119,91,15,48,49,26,55,115" hai3="6,93,20,100,21,127,118,106,5,131,132,124,98"/><T53/><D114/><U66/><E108/><V92/><F110/><W16/><G132/><T24/><D107/><U25/><E75/><V70/><F70/><W116/><G131/><T105/><D72/><U96/><E66/><V86/><F115/><W11/><G106/><T54/><D105/><U77/><E32/><V76/><F119/><N who="3" m="45611" /><G21/><T23/><D117/><U90/><E77/><V102/><F26/><N who="3" m="14599" /><G11/><T45/><D64/><U62/><E9/><V71/><F71/><W126/><AGARI ba="0,0" hai="5,6,93,98,100,124,126,127" m="14599,45611" machi="126" ten="40,8000,1" yaku="18,1,52,3,54,1" doraHai="113" who="3" fromWho="3" sc="189,-40,434,-20,170,-20,207,80" /><INIT seed="5,0,0,0,2,98" ten="149,414,150,287" oya="1" hai0="24,123,0,33,96,48,72,126,9,135,50,8,93" hai1="95,69,28,83,44,46,1,121,91,97,77,116,84" hai2="100,27,113,13,134,36,4,49,92,119,15,85,125" hai3="43,51,10,16,37,67,65,99,64,124,129,122,68"/><U89/><E116/><V21/><F119/><W63/><G122/><T7/><D123/><U18/><E1/><V14/><F36/><W58/><G129/><T108/><D108/><U2/><E2/><V115/><F49/><W60/><G99/><T117/><D72/><U102/><E69/><V45/><F45/><N who="3" m="23791" /><G10/><T112/><D117/><U94/><E28/><V61/><F61/><N who="3" m="40047" /><G124/><T130/><D9/><U34/><E34/><V127/><F92/><W101/><G16/><T53/><D135/><U74/><E121/><V107/><F85/><W20/><G101/><T56/><D130/><U75/><E75/><V81/><F81/><W11/><G11/><T12/><D12/><U90/><E18/><N who="2" m="12727" /><F107/><W39/><G20/><T111/><D111/><U66/><E66/><N who="3" m="25706" /><G39/><T31/><D126/><N who="2" m="48138" /><F100/><W35/><G35/><T40/><D112/><N who="2" m="43082" /><F4/><W17/><G17/><T118/><D118/><U103/><E74/><V88/><F88/><W54/><AGARI ba="0,0" hai="51,54,58,60,63" m="25706,40047,23791" machi="54" ten="30,12000,2" yaku="24,1,35,5" doraHai="98" who="3" fromWho="3" sc="149,-30,414,-60,150,-30,287,120" /><INIT seed="6,0,0,0,3,89" ten="119,354,120,407" oya="2" hai0="42,24,54,95,84,93,48,122,75,56,36,3,105" hai1="17,120,63,100,49,52,134,109,70,1,107,31,53" hai2="103,97,7,19,62,81,132,46,20,135,78,34,127" hai3="51,124,125,58,41,13,88,72,108,50,11,64,45"/><V111/><F34/><W22/><G72/><T27/><D105/><U85/><E109/><V113/><F113/><W115/><G108/><T6/><D75/><U91/><E1/><V77/><F111/><W98/><G115/><T16/><D122/><U118/><E134/><N who="2" m="51243" /><F127/><N who="3" m="48715" /><G22/><T4/><D84/><U47/><E118/><V67/><F46/><W33/><G33/><T35/><D3/><U71/><E31/><V86/><F7/><N who="0" m="2602" /><D42/><U130/><E130/><V92/><F19/><N who="3" m="8639" /><G64/><T37/><D36/><U2/><E2/><V23/><F77/><W66/><G66/><T116/><D37/><U65/><E65/><V102/><F102/><W44/><G58/><AGARI ba="0,0" hai="20,23,58,62,67,78,81,86,92,97,103" m="51243" machi="58" ten="30,2900,0" yaku="20,1,52,1" doraHai="89" who="2" fromWho="3" sc="119,0,354,0,120,29,407,-29" /><INIT seed="6,1,0,0,1,30" ten="119,354,149,378" oya="2" hai0="60,112,97,69,40,7,133,59,51,26,39,53,75" hai1="43,20,34,122,93,107,130,28,84,81,57,47,88" hai2="16,58,134,72,131,96,15,106,79,38,4,46,115" hai3="24,32,110,6,11,73,119,113,9,66,101,70,74"/><V120/><F120/><W25/><G119/><T109/><D75/><U92/><E107/><V48/><F115/><W132/><G110/><T18/><D109/><U99/><E130/><V103/><F131/><W135/><G113/><T89/><D7/><U126/><E126/><V35/><F35/><W86/><G86/><T77/><D77/><U22/><E93/><V117/><F117/><W121/><G101/><T76/><D76/><U12/><E122/><V5/><F134/><N who="3" m="51243" /><G121/><T65/><D133/><U116/><E57/><V71/><F71/><W33/><G66/><T83/><D112/><U0/><E0/><V98/><F38/><W42/><G42/><T2/><D2/><U54/><E54/><V14/><F58/><W63/><G63/><T124/><D124/><U127/><E127/><V95/><F14/><W36/><G70/><T52/><D53/><U17/><E116/><V118/><F118/><W129/><G36/><T21/><D97/><U80/><E99/><V8/><F72/><N who="3" m="27755" /><G129/><T31/><D89/><U67/><E67/><V125/><F79/><W85/><G85/><T104/><D104/><U37/><REACH who="1" step="1"/><E22/><REACH who="1" ten="119,344,149,378" step="2"/><V78/><F125/><W64/><G64/><T90/><D83/><U50/><E50/><V3/><F96/><W27/><G6/><N who="2" m="2665" /><F106/><W61/><G61/><T10/><D39/><U41/><E41/><N who="2" m="24655" /><F3/><W108/><G108/><T29/><D40/><U105/><E105/><V49/><F49/><W56/><G56/><T62/><D60/><U44/><E44/><V23/><F23/><W123/><G123/><T114/><D114/><U91/><E91/><RYUUKYOKU ba="1,1" sc="119,-30,344,10,149,10,378,10" hai1="12,17,20,28,34,37,43,47,80,81,84,88,92" hai2="8,15,16,78,95,98,103" hai3="9,11,24,25,27,32,33" /><INIT seed="6,2,1,0,5,13" ten="89,354,159,388" oya="2" hai0="37,106,107,32,55,116,83,18,66,100,42,135,99" hai1="115,61,132,97,38,24,11,36,53,109,134,74,57" hai2="73,9,86,62,119,108,49,35,85,19,76,43,29" hai3="12,87,63,127,7,114,126,27,92,54,72,21,26"/><V44/><F119/><W82/><G72/><T0/><D32/><U25/><E74/><V113/><F113/><W23/><G114/><T60/><D0/><U105/><E109/><V118/><F118/><W65/><G92/><T41/><D116/><U17/><E115/><V34/><F108/><W79/><G54/><T52/><D107/><U88/><E25/><V6/><F19/><N who="3" m="10471" /><G7/><T46/><D42/><U130/><E130/><V58/><F73/><W15/><G15/><T50/><D83/><U1/><E1/><V48/><F48/><W95/><G95/><T3/><D3/><U98/><E11/><V133/><F133/><N who="1" m="51305" /><E105/><V77/><F34/><W56/><G127/><T80/><D80/><U64/><E64/><V90/><F86/><W30/><G126/><T45/><D135/><U16/><E24/><AGARI ba="2,1" hai="23,24,26,27,30,56,63,65,79,82,87" m="10471" machi="24" ten="30,2000,0" yaku="8,1,52,1" doraHai="13" who="3" fromWho="1" sc="89,0,354,-26,159,0,388,36" /><INIT seed="7,0,0,2,3,26" ten="89,328,159,424" oya="3" hai0="79,113,6,112,3,130,78,50,132,20,57,86,118" hai1="29,52,121,114,67,76,92,0,111,71,82,58,124" hai2="17,116,65,23,89,66,61,90,60,102,95,41,93" hai3="106,126,36,134,53,122,14,105,91,46,100,74,101"/><W49/><G122/><T135/><D118/><U25/><E111/><V84/><F41/><W97/><G74/><T7/><D3/><U38/><E124/><V51/><F51/><W125/><G134/><N who="0" m="51243" /><D86/><U77/><E114/><N who="0" m="44137" /><D130/><U70/><E38/><V119/><F102/><W75/><G75/><T98/><D98/><U115/><E0/><V32/><F32/><W1/><G1/><T117/><D20/><U123/><E115/><V72/><F72/><W47/><G14/><T94/><D94/><U34/><E67/><N who="2" m="25611" /><F119/><W62/><G91/><T44/><D57/><U37/><E92/><V110/><F110/><W73/><G73/><T4/><D50/><U30/><E37/><V81/><F116/><W88/><G88/><T21/><D21/><U19/><E34/><V64/><F64/><W68/><G68/><T15/><D44/><U96/><E71/><V129/><F129/><W42/><G62/><N who="2" m="24169" /><F89/><W10/><G10/><T69/><D69/><U12/><E70/><V103/><F103/><W2/><G2/><T16/><D117/><U128/><E128/><V133/><F133/><W18/><G18/><T28/><D28/><U27/><E123/><V59/><F59/><W33/><G33/><T9/><AGARI ba="0,0" hai="4,6,7,9,15,16,78,79" m="44137,51243" machi="9" ten="40,8000,1" yaku="20,1,15,1,11,1,54,1" doraHai="26" who="0" fromWho="0" sc="89,80,328,-20,159,-20,424,-40" owari="169,-23.0,308,11.0,139,-36.0,384,48.0" /></mjloggm>