<mjloggm ver="2.3"><GO type="41" lobby="0"/><UN n0="%E3%83%88%E3%83%A2%E3%83%AD%E3%83%BC%35%38" n1="%E6%9C%80%E9%80%9F%E3%81%AE%E9%B3%B4%E3%81%8D" n2="%E4%BD%90%E5%80%89%E9%9C%A7" n3="%E2%93%9D%53%75%70%68%78" dan="13,15,15,18" rate="1873.13,1979.37,2039.83,2145.06" sx="M,F,M,M"/><TAIKYOKU oya="0"/><INIT seed="0,0,0,2,3,104" ten="250,250,250,250" oya="0" hai0="21,45,43,122,125,119,90,63,76,27,114,70,42" hai1="86,38,59,47,29,49,124,30,2,61,55,54,19" hai2="94,131,4,103,130,28,64,58,80,129,14,10,107" hai3="13,69,39,3,128,36,40,48,44,118,56,31,25"/><T15/><D122/><U97/><E2/><V68/><F107/><W35/><G3/><T66/><D119/><U65/><E124/><V9/><F68/><W53/><G128/><T115/><D114/><U100/><E86/><V20/><F80/><W89/><G118/><T105/><D125/><U106/><E38/><V101/><F9/><W50/><G69/><T67/><D105/><U121/><E121/><V87/><F28/><W98/><REACH who="3" step="1"/><G13/><REACH who="3" ten="250,250,250,240" step="2"/><T51/><D115/><U73/><E73/><V22/><F130/><W23/><G23/><T102/><D15/><U32/><E32/><V127/><F127/><W93/><AGARI ba="0,1" hai="25,31,35,36,39,40,44,48,50,53,56,89,93,98" machi="93" ten="30,2000,0" yaku="1,1,0,1,53,0" doraHai="104" doraHaiUra="108" who="3" fromWho="3" sc="250,-10,250,-5,250,-5,240,30" /><INIT seed="1,0,0,2,0,36" ten="240,245,245,270" oya="1" hai0="30,57,44,83,13,60,14,24,84,111,99,106,134" hai1="10,0,116,49,5,22,121,34,12,32,127,52,58" hai2="46,39,117,37,7,102,90,119,33,28,95,18,124" hai3="86,76,79,88,68,125,74,40,92,31,89,25,23"/><U47/><E116/><V82/><F7/><W53/><G68/><T80/><D111/><U133/><E121/><V130/><F37/><W8/><G74/><T78/><D134/><U64/><E133/><V118/><F124/><W66/><G66/><T2/><D2/><U94/><E127/><V61/><F130/><W26/><G125/><T100/><D44/><U113/><E113/><V62/><F102/><W19/><G40/><T3/><D83/><U120/><E120/><V122/><F122/><W17/><G53/><T15/><D3/><U65/><E94/><V20/><F82/><W126/><G126/><T51/><D51/><U132/><E132/><V72/><F72/><W38/><G38/><T9/><D9/><U135/><E135/><V4/><F4/><W87/><G8/><T59/><REACH who="0" step="1"/><D60/><REACH who="0" ten="230,245,245,270" step="2"/><U54/><E0/><V48/><F39/><W41/><G79/><T45/><D45/><U112/><E112/><V67/><F61/><W131/><G76/><T81/><D81/><U115/><E115/><V129/><F62/><W128/><G128/><T69/><D69/><U56/><E47/><V123/><F129/><W105/><G131/><T109/><D109/><U21/><E49/><V27/><F123/><W114/><G114/><T29/><D29/><U77/><E77/><V16/><F118/><W91/><G31/><T73/><D73/><U104/><E10/><V42/><F117/><W107/><G87/><T55/><D55/><U85/><E85/><N who="2" m="52687" /><F119/><W101/><G86/><T35/><AGARI ba="0,1" hai="13,14,15,24,30,35,57,59,78,80,84,99,100,106" machi="35" ten="30,2000,0" yaku="1,1,0,1,53,0" doraHai="36" doraHaiUra="71" who="0" fromWho="0" sc="230,30,245,-10,245,-5,270,-5" /><INIT seed="2,0,0,2,0,52" ten="260,235,240,265" oya="2" hai0="16,30,26,70,135,89,61,118,93,121,28,120,12" hai1="90,125,80,124,24,7,91,59,19,3,87,0,39" hai2="9,77,20,63,115,112,10,47,33,40,102,17,4" hai3="42,128,67,44,95,22,130,36,84,2,117,127,96"/><V92/><F33/><W60/><G2/><T85/><D135/><U78/><E39/><V35/><F35/><W111/><G84/><T131/><D131/><N who="3" m="50217" /><G22/><T53/><D30/><U71/><E71/><V43/><F77/><W119/><G95/><T23/><D118/><N who="3" m="45065" /><G96/><T68/><D68/><U104/><E104/><V109/><F92/><W13/><G13/><T126/><D126/><U62/><E24/><V37/><F102/><W82/><G82/><T116/><D116/><U106/><E106/><V72/><F72/><W88/><G88/><N who="1" m="33834" /><E19/><V27/><F9/><W98/><G98/><T107/><D107/><U6/><E0/><V76/><F76/><W34/><G34/><T56/><REACH who="0" step="1"/><D70/><REACH who="0" ten="250,235,240,265" step="2"/><U46/><E125/><V114/><F114/><W18/><G127/><T65/><D65/><N who="1" m="39135" /><E124/><V81/><F115/><W73/><G67/><T83/><D83/><U5/><E3/><V1/><F112/><W8/><G111/><T31/><D31/><U58/><E46/><N who="2" m="23823" /><F109/><W105/><G105/><T21/><AGARI ba="0,1" hai="12,16,21,23,26,28,53,56,61,85,89,93,120,121" machi="21" ten="20,8000,1" yaku="1,1,0,1,7,1,52,1,54,1,53,0" doraHai="52" doraHaiUra="113" who="0" fromWho="0" sc="250,90,235,-20,240,-40,265,-20" /><INIT seed="3,0,0,4,0,8" ten="340,215,200,245" oya="3" hai0="63,39,117,13,81,57,77,126,108,83,49,71,127" hai1="75,107,89,91,38,96,11,82,69,102,0,47,94" hai2="103,53,5,111,14,55,123,27,84,6,130,125,110" hai3="67,19,22,17,16,33,118,30,68,50,134,64,58"/><W59/><G118/><T31/><D117/><U70/><E70/><V65/><F125/><N who="0" m="47626" /><D39/><U120/><E69/><V35/><F130/><W41/><G33/><T112/><D31/><U44/><E120/><V45/><F103/><W24/><G134/><T12/><D108/><N who="2" m="41514" /><F123/><W78/><G78/><T60/><D112/><U124/><E124/><V32/><F84/><W131/><G131/><T116/><D116/><U66/><E66/><N who="3" m="25130" /><G68/><T87/><D71/><U90/><E107/><V72/><F65/><W43/><G50/><T98/><D98/><U56/><E38/><V54/><F72/><W105/><G105/><T92/><D92/><U85/><E75/><V62/><F62/><N who="0" m="23594" /><D83/><U1/><E82/><V129/><F45/><W100/><G100/><T99/><D99/><U79/><E44/><V18/><F129/><W25/><G25/><T23/><D23/><U73/><E47/><V36/><F36/><W132/><G132/><T109/><D109/><U4/><E96/><V135/><F135/><W104/><G104/><T51/><D57/><AGARI ba="0,0" hai="16,17,19,22,24,30,41,43,57,58,59" m="25130" machi="57" ten="30,2900,0" yaku="8,1,54,1" doraHai="8" who="3" fromWho="0" sc="340,-29,215,0,200,0,245,29" /><INIT seed="3,1,0,0,5,82" ten="311,215,200,274" oya="3" hai0="95,8,29,60,62,71,96,110,57,6,59,94,0" hai1="10,2,108,107,31,30,129,28,105,104,88,1,116" hai2="76,78,50,17,45,87,56,113,33,106,124,52,100" hai3="54,91,36,48,85,122,83,127,101,55,11,93,32"/><W68/><G122/><T46/><D71/><U38/><E108/><V39/><F113/><W15/><G36/><T134/><D110/><U98/><E38/><V9/><F124/><W49/><G32/><T115/><D134/><U35/><E35/><V77/><F33/><W119/><G68/><T130/><D130/><U21/><E129/><V128/><F128/><W42/><G119/><T103/><D29/><U58/><E116/><V132/><F132/><W12/><G42/><T114/><D46/><U92/><E10/><V19/><F106/><W70/><G70/><T23/><D23/><U51/><E21/><V37/><F100/><W40/><G40/><T135/><D95/><U123/><E123/><V64/><F37/><W99/><G127/><T74/><D74/><U22/><E22/><V14/><F39/><W80/><G80/><T66/><REACH who="0" step="1"/><D135/><REACH who="0" ten="301,215,200,274" step="2"/><U126/><E126/><V25/><F45/><N who="3" m="27919" /><G11/><T3/><D3/><U131/><E131/><V4/><F64/><AGARI ba="1,1" hai="0,6,8,57,59,60,62,64,66,94,96,103,114,115" machi="64" ten="40,2600,0" yaku="1,1,9,1,53,0" doraHai="82" doraHaiUra="41" who="0" fromWho="2" sc="301,39,215,0,200,-29,274,0" /><INIT seed="4,0,0,2,0,42" ten="340,215,171,274" oya="0" hai0="115,89,118,124,133,83,126,61,65,60,34,45,120" hai1="21,51,58,13,107,128,101,106,93,25,16,135,19" hai2="110,92,49,79,90,91,84,77,56,15,114,3,74" hai3="37,35,36,8,102,104,73,18,108,125,22,71,31"/><T64/><D34/><U33/><E135/><V26/><F3/><W14/><G73/><T127/><D120/><U46/><E128/><V10/><F110/><W41/><G71/><T134/><D89/><U69/><E69/><V9/><F114/><W86/><G125/><T87/><D87/><U66/><E66/><N who="0" m="25705" /><D118/><U32/><E32/><V59/><F74/><W43/><G108/><T122/><D83/><U28/><E58/><V119/><F119/><W70/><G35/><T117/><D117/><U96/><REACH who="1" step="1"/><E19/><REACH who="1" ten="340,205,171,274" step="2"/><V4/><F56/><W82/><G18/><T98/><D122/><U17/><E17/><V67/><F67/><W63/><G70/><T38/><D98/><U121/><E121/><V99/><F59/><W68/><G68/><T20/><D115/><U95/><E95/><V113/><F113/><W112/><G112/><T44/><D20/><U52/><AGARI ba="0,1" hai="13,16,21,25,28,33,46,51,52,93,96,101,106,107" machi="52" ten="20,12000,2" yaku="1,1,0,1,7,1,52,1,54,2,53,1" doraHai="42" doraHaiUra="47" who="1" fromWho="1" sc="340,-60,205,130,171,-30,274,-30" /><INIT seed="5,0,0,5,3,88" ten="280,335,141,244" oya="1" hai0="34,135,129,110,87,1,50,70,8,51,118,127,39" hai1="16,81,79,19,29,11,41,113,105,123,30,121,59" hai2="48,17,104,27,103,60,21,109,133,94,43,28,24" hai3="107,112,116,78,82,120,89,71,72,14,106,26,92"/><U69/><E69/><V44/><F109/><W83/><G71/><T111/><RYUUKYOKU type="yao9" ba="0,0" sc="280,0,335,0,141,0,244,0" hai0="1,8,34,39,50,51,70,87,110,111,118,127,129,135" /><INIT seed="5,1,0,3,5,65" ten="280,335,141,244" oya="1" hai0="49,90,85,73,44,120,22,4,23,9,5,83,107" hai1="101,13,89,102,11,70,14,100,2,30,71,95,59" hai2="25,40,133,122,119,134,103,126,18,108,130,69,47" hai3="62,38,51,16,67,82,77,42,94,96,15,60,123"/><U19/><E2/><V93/><F108/><W132/><G123/><T0/><D107/><U26/><E59/><V114/><F119/><W10/><G38/><T74/><D120/><U35/><REACH who="1" step="1"/><E13/><REACH who="1" ten="280,325,141,244" step="2"/><V125/><F122/><W3/><G3/><T43/><D5/><U24/><E24/><V78/><F25/><W33/><G15/><T112/><D112/><U81/><E81/><V12/><F114/><W118/><G82/><T72/><AGARI ba="1,1" hai="0,4,9,22,23,43,44,49,72,73,74,83,85,90" machi="72" ten="30,1100,0" yaku="0,1" doraHai="65" who="0" fromWho="0" sc="280,24,325,-6,141,-4,244,-4" /><INIT seed="6,0,0,3,5,46" ten="304,319,137,240" oya="2" hai0="17,37,83,9,135,121,119,90,113,72,70,115,39" hai1="26,74,4,12,62,15,43,18,100,112,48,118,42" hai2="56,21,87,81,129,51,103,5,133,96,93,117,3" hai3="73,27,50,84,75,132,122,123,6,7,69,86,85"/><V36/><F117/><W55/><G69/><T65/><D121/><U32/><E118/><V120/><F120/><W76/><G132/><T106/><D106/><U104/><E74/><V91/><F129/><W66/><G66/><T49/><D119/><U20/><E62/><V127/><F127/><W71/><G71/><T29/><D29/><U40/><E112/><N who="0" m="43081" /><D135/><U134/><E134/><V130/><F130/><W10/><G27/><T24/><D65/><U41/><E4/><V45/><F133/><W68/><G68/><T105/><D105/><U92/><E104/><V47/><F36/><W114/><G114/><T25/><D70/><U28/><E12/><V111/><F111/><W1/><G7/><T22/><D25/><U14/><E14/><V63/><F21/><W126/><G126/><T30/><D90/><U78/><E78/><V124/><F124/><W59/><REACH who="3" step="1"/><G76/><REACH who="3" ten="304,319,137,230" step="2"/><N who="0" m="44423" /><D49/><U11/><E32/><V110/><F110/><W23/><G23/><N who="0" m="15647" /><D9/><U0/><E48/><V89/><F51/><W67/><G67/><T54/><D54/><U34/><E34/><V13/><F3/><W80/><G80/><T52/><D22/><U61/><E0/><V82/><F82/><W57/><G57/><T77/><D77/><U8/><E11/><N who="2" m="4335" /><F89/><W16/><G16/><T108/><D108/><U97/><N who="1" m="10240" /><DORA hai="102" /><U109/><E109/><V99/><F99/><W79/><G79/><T98/><D17/><U125/><E125/><V94/><F81/><W44/><G44/><T19/><D19/><U38/><E38/><N who="0" m="14345" /><D98/><U33/><E33/><V131/><F131/><W101/><G101/><RYUUKYOKU ba="0,1" sc="304,0,319,0,137,0,230,0" hai0="52" hai1="8,15,18,20,26,28,61,92,97,100" hai2="45,47,56,63,87,91,93,94,96,103" hai3="1,6,10,50,55,59,73,75,84,85,86,122,123" /><INIT seed="6,1,1,3,1,85" ten="304,319,137,230" oya="2" hai0="16,68,57,40,127,129,33,84,97,34,48,65,18" hai1="86,116,44,64,58,93,3,51,59,118,110,8,100" hai2="4,25,105,82,38,119,94,125,53,80,108,128,101" hai3="9,88,115,78,47,19,72,123,43,77,66,117,112"/><V26/><F119/><W95/><G117/><T55/><D127/><U61/><E110/><V124/><F105/><W81/><G78/><T12/><D129/><U0/><E58/><V102/><F128/><W131/><G131/><T126/><D126/><N who="2" m="48746" /><F108/><W121/><G66/><T35/><D97/><U83/><E100/><N who="2" m="38507" /><F38/><N who="3" m="22007" /><G19/><T122/><D122/><U17/><E93/><V46/><F4/><W92/><G92/><T30/><D30/><U111/><E111/><V15/><F15/><W79/><G79/><T27/><D40/><U75/><E75/><V109/><F109/><W63/><G123/><T2/><D2/><U13/><E0/><V21/><F94/><W76/><G121/><T106/><D106/><U31/><E3/><V29/><F25/><W134/><G9/><T73/><D73/><U52/><E31/><V24/><F26/><W60/><G77/><AGARI ba="1,1" hai="8,13,17,44,51,52,59,61,64,77,83,86,116,118" machi="77" ten="30,2000,0" yaku="7,1,54,1" doraHai="85" who="1" fromWho="3" sc="304,0,319,33,137,0,230,-23" /><INIT seed="7,0,0,0,4,130" ten="304,352,137,207" oya="3" hai0="81,119,13,120,59,123,89,80,98,51,94,6,14" hai1="50,77,117,131,30,111,72,99,100,87,9,69,34" hai2="128,67,38,82,107,121,58,126,78,44,106,2,18" hai3="56,64,47,79,26,73,104,108,93,134,53,96,17"/><W4/><G104/><T49/><D119/><U36/><E36/><V55/><F128/><W113/><G113/><T84/><D120/><U3/><E111/><V90/><F126/><W62/><G108/><T32/><D32/><U20/><E69/><V27/><F121/><W40/><G4/><T103/><D123/><U28/><E34/><V109/><F109/><W19/><G73/><T57/><D81/><U39/><E39/><V1/><F90/><W70/><G79/><T21/><D6/><U125/><E72/><V127/><F127/><W97/><G97/><T76/><D21/><U52/><E20/><V102/><F67/><W129/><G26/><T122/><D122/><U65/><E65/><V7/><F1/><W48/><G134/><T33/><D33/><U114/><E114/><V42/><F102/><W86/><G86/><T35/><D35/><U25/><E25/><V23/><F55/><W110/><G129/><T63/><D57/><N who="1" m="32919" /><E117/><V66/><F58/><W91/><REACH who="3" step="1"/><G110/><REACH who="3" ten="304,352,137,197" step="2"/><T61/><D76/><U92/><E131/><V24/><F24/><W0/><G0/><T37/><D37/><AGARI ba="0,1" hai="17,19,37,40,47,48,53,56,62,64,70,91,93,96" machi="37" ten="30,12000,1" yaku="1,1,7,1,24,2,53,1" doraHai="130" doraHaiUra="95" who="3" fromWho="0" sc="304,-120,352,0,137,0,197,130" /><INIT seed="7,1,0,4,0,19" ten="184,352,137,327" oya="3" hai0="72,90,117,55,51,119,93,79,66,52,84,92,4" hai1="131,135,109,113,114,45,65,50,102,121,91,120,129" hai2="95,41,44,63,0,53,130,47,59,37,6,68,33" hai3="14,116,87,107,80,78,74,31,13,115,123,124,42"/><W25/><G116/><T28/><D28/><U112/><E109/><V75/><F95/><W81/><G123/><N who="1" m="47178" /><E135/><V111/><F6/><W128/><G115/><T103/><D4/><U2/><E2/><V48/><F75/><W29/><G107/><T7/><D7/><U54/><E102/><V94/><F94/><W134/><G128/><N who="1" m="49226" /><E65/><N who="2" m="41023" /><F33/><W61/><G124/><T40/><D66/><U26/><E26/><V11/><F11/><W16/><G134/><T30/><D30/><U17/><E17/><V76/><F76/><W88/><G42/><T27/><D27/><U101/><E101/><V22/><F22/><N who="3" m="13511" /><G74/><T83/><D119/><U39/><E91/><V20/><F20/><W125/><G125/><T5/><D5/><U100/><E100/><V106/><F106/><W18/><G61/><T73/><D117/><U104/><E104/><V32/><F32/><W99/><G14/><T38/><D38/><AGARI ba="1,0" hai="38,39,45,50,54,112,113,114" m="49226,47178" machi="38" ten="40,8000,1" yaku="15,1,19,1,34,2" doraHai="19" who="1" fromWho="0" sc="184,-83,352,83,137,0,327,0" owari="101,-40.0,435,53.0,137,-26.0,327,13.0" /></mjloggm>