<mjloggm ver="2.3"><GO type="41" lobby="0"/><UN n0="%E2%93%9D%53%75%70%68%78" n1="%E3%81%97%E3%82%8D%40%E7%9C%9F%E5%89%A3%E8%BB%8D%E5%9B%A3" n2="%E3%81%AD%E3%81%94%E3%81%AA%E3%81%AE%E3%81%A0%E3%81%8C%EF%BC%81" n3="%E8%8C%B6%E3%80%85%E4%B8%B8%34%34" dan="18,14,13,13" rate="2057.86,1865.04,1802.74,1844.00" sx="M,M,M,M"/><TAIKYOKU oya="0"/><INIT seed="0,0,0,4,0,98" ten="250,250,250,250" oya="0" hai0="129,122,124,116,100,2,69,83,13,70,111,104,1" hai1="64,117,120,112,41,115,46,19,73,35,48,53,57" hai2="128,37,121,11,67,81,108,12,95,10,125,18,25" hai3="5,34,71,106,45,54,6,86,75,91,55,79,118"/><T133/><RYUUKYOKU type="yao9" ba="0,0" sc="250,0,250,0,250,0,250,0" hai0="1,2,13,69,70,83,100,104,111,116,122,124,129,133" /><INIT seed="0,1,0,5,0,25" ten="250,250,250,250" oya="0" hai0="47,116,58,130,123,7,13,46,115,76,20,24,100" hai1="81,134,50,49,90,89,60,127,72,12,40,75,69" hai2="34,56,113,0,126,94,103,59,70,77,97,64,124" hai3="2,133,63,55,43,99,93,52,110,96,78,6,57"/><T119/><D115/><U114/><E114/><V105/><F0/><W15/><G2/><T17/><D123/><U98/><E134/><V121/><F113/><W22/><G43/><T106/><D130/><U80/><E40/><V29/><F121/><W87/><G133/><T41/><D76/><U83/><E12/><V67/><F77/><W32/><G32/><T54/><D106/><U5/><E60/><N who="2" m="40199" /><F67/><W14/><G15/><T35/><D100/><U62/><E62/><V111/><F94/><W102/><G96/><T37/><D47/><U28/><E98/><V26/><F111/><W31/><G110/><T4/><D4/><U71/><E5/><V3/><F3/><W117/><G117/><T74/><D74/><U92/><E92/><V135/><F135/><W51/><G6/><T91/><D91/><U18/><E18/><V16/><F16/><N who="3" m="10519" /><G87/><T45/><D7/><U118/><E83/><V120/><F120/><W36/><G36/><T48/><REACH who="0" step="1"/><D46/><REACH who="0" ten="240,250,250,250" step="2"/><U38/><E38/><V132/><F132/><W19/><G78/><T65/><D65/><U8/><E118/><V88/><F88/><W131/><G131/><T101/><D101/><U23/><E127/><AGARI ba="1,1" hai="26,29,34,56,59,97,103,105,124,126,127" m="40199" machi="127" ten="30,3900,0" yaku="25,1,18,1,52,1" doraHai="25" who="2" fromWho="1" sc="240,0,250,-42,250,52,250,0" /><INIT seed="1,0,0,1,3,132" ten="240,208,302,250" oya="1" hai0="124,78,109,82,76,48,52,30,31,37,20,7,111" hai1="129,11,93,3,86,42,18,128,84,100,115,22,102" hai2="63,57,55,108,105,26,106,85,89,79,97,28,113" hai3="133,35,122,13,104,103,125,27,95,38,64,114,14"/><U40/><E115/><V123/><F108/><N who="0" m="41546" /><D37/><U41/><E11/><V112/><F123/><W9/><G38/><T59/><D7/><U107/><E107/><V54/><F79/><N who="0" m="30250" /><D82/><U29/><E29/><N who="0" m="10761" /><D20/><U74/><E74/><V8/><F8/><W65/><G104/><T23/><D23/><U45/><E45/><V90/><F97/><W94/><G114/><N who="2" m="44137" /><F55/><W21/><G122/><T135/><D135/><U25/><E3/><V88/><F85/><W58/><G35/><AGARI ba="0,0" hai="26,28,35,54,57,63,88,89,90,105,106" m="44137" machi="35" ten="30,2000,0" yaku="11,1,54,1" doraHai="132" who="2" fromWho="3" sc="240,0,208,0,302,20,250,-20" /><INIT seed="2,0,0,4,0,5" ten="240,208,322,230" oya="2" hai0="124,127,34,67,33,13,62,26,115,18,45,27,120" hai1="82,109,41,118,12,76,92,55,46,17,78,73,97" hai2="107,31,14,93,47,60,36,119,98,29,4,81,101" hai3="74,112,77,126,32,108,128,7,134,85,130,133,84"/><V131/><F131/><N who="3" m="50219" /><G32/><N who="0" m="12395" /><D45/><U135/><E109/><V71/><F119/><W38/><G38/><T121/><D62/><U58/><E135/><N who="3" m="51722" /><G108/><T16/><D67/><U110/><E118/><V79/><F71/><W89/><G112/><T99/><D99/><U132/><E132/><V42/><F60/><W80/><G7/><T91/><D91/><U23/><E110/><V103/><F103/><W1/><G1/><T43/><D43/><U24/><E78/><V65/><F65/><W88/><G126/><N who="0" m="48171" /><D115/><U6/><E6/><V49/><F36/><W63/><G63/><T25/><D13/><U3/><E3/><V94/><F107/><W44/><G44/><T75/><D75/><U106/><E106/><V87/><F94/><N who="3" m="54535" /><G89/><T114/><D114/><U48/><E46/><V37/><F37/><W50/><G50/><T15/><D18/><U96/><E41/><V9/><AGARI ba="0,0" hai="4,9,14,29,31,42,47,49,79,81,87,93,98,101" machi="9" ten="30,12000,1" yaku="0,1,25,2,8,1,52,1" doraHai="5" who="2" fromWho="2" sc="240,-40,208,-40,322,120,230,-40" /><INIT seed="2,1,0,1,4,19" ten="200,168,442,190" oya="2" hai0="109,7,128,54,78,122,74,3,113,119,57,110,55" hai1="8,115,16,48,62,14,1,41,73,56,36,11,37" hai2="38,63,99,125,23,31,117,26,4,65,59,51,86" hai3="20,9,25,40,103,71,49,76,100,77,123,120,18"/><V17/><F125/><W80/><G71/><T91/><D113/><U118/><E115/><V131/><F131/><W96/><G123/><T75/><D122/><U121/><E121/><V101/><F117/><W88/><G120/><T21/><D78/><N who="3" m="30313" /><G9/><T5/><D91/><U112/><E112/><V42/><F38/><W95/><G80/><T12/><D3/><U124/><E124/><V64/><F86/><W66/><G66/><T61/><D128/><U106/><E106/><V50/><F4/><W111/><G111/><T107/><D107/><U13/><E118/><V85/><F85/><W44/><AGARI ba="1,0" hai="18,20,25,40,44,49,88,95,96,100,103" m="30313" machi="44" ten="30,4000,0" yaku="8,1,52,1,54,1" doraHai="19" who="3" fromWho="3" sc="200,-11,168,-11,442,-21,190,43" /><INIT seed="3,0,0,3,2,88" ten="189,157,421,233" oya="3" hai0="116,69,89,125,11,127,68,91,54,42,27,19,70" hai1="124,85,107,36,41,62,50,10,77,114,134,21,25" hai2="84,57,105,129,94,123,66,3,13,80,96,1,46" hai3="72,43,126,6,30,24,28,12,120,44,108,51,82"/><W39/><G120/><T58/><D116/><U98/><E114/><V5/><F129/><W9/><G126/><N who="0" m="48139" /><D42/><U101/><E134/><V76/><F123/><W73/><G108/><T65/><D65/><U121/><E121/><V56/><F105/><W55/><G30/><T2/><D27/><U33/><E33/><V102/><F3/><W113/><G113/><T112/><D112/><U53/><E124/><V135/><F1/><W122/><G82/><T118/><D118/><U79/><E85/><V64/><F46/><W78/><G78/><T45/><D45/><U37/><E62/><V35/><F35/><W83/><G83/><T31/><D31/><U71/><E71/><V61/><F135/><W67/><G67/><N who="2" m="25641" /><F61/><W20/><G122/><T75/><D75/><U14/><E41/><V59/><F13/><W119/><G119/><T115/><D115/><U81/><E81/><V22/><F22/><W90/><G90/><T111/><D111/><U130/><E37/><V40/><F40/><W47/><AGARI ba="0,0" hai="6,9,12,20,24,28,39,43,44,47,51,55,72,73" machi="47" ten="20,2100,0" yaku="0,1,7,1" doraHai="88" who="3" fromWho="3" sc="189,-7,157,-7,421,-7,233,21" /><INIT seed="3,1,0,1,0,24" ten="182,150,414,254" oya="3" hai0="84,74,22,105,30,37,55,98,65,54,47,48,57" hai1="79,82,51,113,12,27,60,2,25,14,126,127,77" hai2="92,20,61,38,46,35,49,110,42,52,114,73,128" hai3="97,9,8,75,13,69,94,17,119,43,15,91,32"/><W103/><G69/><T63/><D74/><U90/><E2/><V104/><F110/><W81/><G119/><T131/><D131/><U70/><E70/><V125/><F104/><W76/><G32/><T133/><D133/><U5/><E5/><V96/><F73/><W4/><G43/><T106/><D37/><U117/><E51/><V107/><F107/><W115/><REACH who="3" step="1"/><G103/><REACH who="3" ten="182,150,414,244" step="2"/><T129/><D129/><U56/><E117/><V120/><F35/><W85/><G85/><T112/><D84/><N who="1" m="50455" /><E113/><AGARI ba="1,1" hai="4,8,9,13,15,17,75,76,81,91,94,97,113,115" machi="113" ten="40,3900,0" yaku="1,1,53,1" doraHai="24" doraHaiUra="86" who="3" fromWho="1" sc="182,0,150,-42,414,0,244,52" /><INIT seed="3,2,0,0,4,79" ten="182,108,414,296" oya="3" hai0="55,85,27,42,135,6,48,77,37,65,75,113,105" hai1="64,7,62,93,25,1,128,11,20,131,82,123,31" hai2="117,61,15,71,80,124,111,86,43,40,49,100,90" hai3="102,99,134,5,16,115,87,125,13,95,97,98,103"/><W36/><G36/><T60/><D105/><U119/><E123/><V4/><F124/><W94/><G115/><T126/><D75/><U67/><E93/><N who="3" m="35338" /><G134/><T118/><D6/><U50/><E50/><V83/><F111/><W32/><G32/><T41/><D118/><U38/><E38/><V84/><F117/><W2/><G2/><T116/><D126/><U73/><E119/><V129/><F71/><W28/><G28/><T18/><D113/><U109/><E109/><V44/><F61/><W35/><G35/><T39/><D39/><U3/><E3/><V127/><F100/><N who="3" m="38443" /><G5/><T104/><D104/><U132/><E132/><V81/><F86/><W47/><G47/><T70/><D37/><U33/><E33/><V51/><F129/><N who="1" m="49737" /><E62/><V21/><F127/><W101/><N who="3" m="38451" /><W122/><DORA hai="46" /><G122/><T0/><D0/><U120/><E120/><V89/><F89/><W30/><G30/><T53/><D135/><U91/><E73/><V63/><F63/><W72/><G72/><T114/><D114/><U112/><E112/><V130/><F130/><W29/><G29/><T26/><D116/><U10/><E10/><N who="2" m="4551" /><F21/><N who="3" m="11407" /><G125/><T74/><D74/><U106/><E106/><V59/><F59/><W34/><G34/><T110/><D110/><U12/><E1/><V69/><F69/><W56/><G56/><T9/><D70/><U66/><E66/><V68/><F68/><W23/><G23/><T54/><D65/><U24/><E24/><V8/><F8/><W58/><G58/><T52/><D9/><U19/><E31/><V108/><F108/><W107/><G107/><RYUUKYOKU ba="2,0" sc="182,-30,108,10,414,10,296,10" hai1="7,11,12,19,20,25,64,67,82,91" hai2="40,43,44,49,51,80,81,83,84,90" hai3="87,97,98,99" /><INIT seed="3,3,0,4,4,96" ten="152,118,424,306" oya="3" hai0="117,91,115,51,24,128,63,0,132,4,43,81,83" hai1="25,82,60,69,118,74,55,134,92,38,33,89,58" hai2="17,99,94,73,125,52,48,14,36,100,77,41,22" hai3="78,98,39,93,101,13,23,19,135,108,1,106,49"/><W104/><G39/><T86/><D117/><U120/><E134/><V88/><F125/><W107/><G1/><T32/><D128/><U50/><E38/><V21/><F73/><W27/><G135/><T80/><D115/><U87/><E120/><V64/><F77/><W97/><G78/><T59/><D0/><U111/><E111/><V84/><F64/><W62/><G108/><T105/><D105/><U53/><E118/><V130/><F36/><W102/><G62/><T113/><D4/><U9/><E69/><V10/><F41/><W46/><REACH who="3" step="1"/><G27/><REACH who="3" ten="152,118,424,296" step="2"/><T34/><D132/><U71/><E71/><V44/><F130/><W122/><G122/><T112/><D112/><U28/><E74/><V5/><F5/><W40/><AGARI ba="3,1" hai="13,19,23,40,46,49,93,97,98,101,102,104,106,107" machi="40" ten="20,18000,2" yaku="1,1,0,1,7,1,52,2,53,1" doraHai="96" doraHaiUra="18" who="3" fromWho="3" sc="152,-63,118,-63,424,-63,296,199" /><INIT seed="3,4,0,4,0,40" ten="89,55,361,495" oya="3" hai0="116,52,74,50,23,127,135,12,128,69,63,41,37" hai1="122,2,22,103,97,58,28,130,54,68,55,24,94" hai2="70,81,66,61,91,64,115,132,72,112,107,111,99" hai3="47,98,90,46,114,78,14,77,3,13,56,45,15"/><W38/><G3/><T134/><D74/><U42/><E130/><V84/><F111/><W7/><G38/><T86/><D86/><U62/><E122/><V43/><F132/><N who="0" m="50730" /><D23/><U108/><E108/><V44/><F66/><W87/><G114/><T75/><D12/><U119/><E119/><V110/><F110/><W126/><G126/><T104/><D104/><U83/><E68/><V0/><F0/><W124/><G98/><T123/><D75/><U16/><E2/><V89/><F72/><W17/><G7/><T11/><D11/><U18/><E83/><V92/><REACH who="2" step="1"/><F107/><REACH who="2" ten="89,55,351,495" step="2"/><W59/><G124/><T39/><D127/><U19/><REACH who="1" step="1"/><E42/><REACH who="1" ten="89,45,351,495" step="2"/><V10/><F10/><W82/><G17/><T102/><D41/><U6/><E6/><V35/><F35/><W85/><G78/><T60/><D116/><U79/><E79/><V80/><F80/><AGARI ba="4,2" hai="13,14,15,45,46,47,56,59,77,80,82,85,87,90" machi="80" ten="40,12000,1" yaku="8,1,52,3" doraHai="40" who="3" fromWho="2" sc="89,0,45,0,351,-132,495,152" /><INIT seed="3,5,0,5,0,82" ten="89,45,219,647" oya="3" hai0="65,120,107,116,86,24,8,127,64,110,132,133,122" hai1="117,51,99,113,32,59,60,37,57,10,62,100,87" hai2="84,79,28,43,2,69,74,39,49,91,48,0,121" hai3="45,7,41,85,21,56,72,47,66,89,129,12,98"/><W83/><G72/><T33/><D107/><U109/><E37/><V105/><F105/><W114/><G114/><T134/><D116/><U112/><E32/><V36/><F69/><W15/><G129/><T131/><D110/><U17/><E109/><V104/><F104/><W52/><G66/><N who="0" m="25707" /><D127/><U40/><E117/><V44/><F28/><W135/><G135/><T25/><D8/><U125/><E125/><V126/><F121/><N who="0" m="46698" /><D33/><U29/><E29/><V128/><F128/><W88/><G15/><T5/><D5/><U22/><E10/><V54/><F39/><W1/><G1/><T20/><D20/><U58/><E51/><V93/><F36/><W27/><G41/><T94/><D131/><U68/><E40/><V53/><F43/><W96/><G12/><T30/><D30/><U103/><E68/><V55/><F55/><W78/><G7/><T81/><D94/><U130/><E130/><V35/><F35/><W106/><G106/><T119/><D119/><U18/><E59/><V14/><F14/><W61/><G78/><AGARI ba="5,0" hai="24,25,78,81,86,132,133,134" m="46698,25707" machi="78" ten="40,2600,0" yaku="20,1,52,1" doraHai="82" who="0" fromWho="3" sc="89,41,45,0,219,0,647,-41" /><INIT seed="4,0,0,1,0,86" ten="130,45,219,606" oya="0" hai0="24,38,52,94,69,65,3,7,74,98,23,113,127" hai1="79,15,84,88,70,45,109,103,76,46,125,26,87" hai2="83,77,122,30,64,73,6,8,50,81,32,34,132" hai3="80,49,119,118,131,117,106,102,2,12,31,35,51"/><T48/><D38/><U9/><E70/><V104/><F132/><W21/><G35/><T120/><D120/><U133/><E109/><V18/><F104/><W36/><G36/><T41/><D74/><U93/><E125/><V33/><F122/><W123/><G2/><T128/><D128/><U25/><E133/><V4/><F64/><W108/><G108/><T134/><D113/><U115/><E115/><V78/><F30/><W72/><G131/><T92/><D41/><U130/><E130/><V56/><F56/><W82/><G123/><T60/><D127/><U95/><E103/><V100/><F50/><W97/><G72/><T5/><D94/><U89/><E9/><V124/><F100/><W40/><G51/><T28/><D3/><U67/><E15/><V129/><F129/><W20/><G21/><T29/><D29/><U105/><E105/><V39/><F39/><W90/><G49/><T126/><D126/><U19/><E19/><V96/><F96/><W71/><G40/><T85/><D85/><U17/><E17/><V47/><F47/><W111/><G71/><T101/><REACH who="0" step="1"/><D134/><REACH who="0" ten="120,45,219,606" step="2"/><U66/><AGARI ba="0,1" hai="25,26,45,46,66,67,76,79,84,87,88,89,93,95" machi="66" ten="25,12000,2" yaku="0,1,22,2,8,1,52,2,54,1" doraHai="86" who="1" fromWho="1" sc="120,-60,45,130,219,-30,606,-30" /><INIT seed="5,0,0,3,4,2" ten="60,175,189,576" oya="1" hai0="94,9,29,98,100,52,7,91,30,78,104,121,8" hai1="70,75,86,81,1,132,62,109,35,64,108,111,120" hai2="112,53,131,32,126,60,110,123,73,134,90,113,41" hai3="43,58,130,18,66,107,128,33,55,21,11,20,105"/><U61/><E120/><V40/><F32/><W71/><G33/><T48/><D121/><U76/><E86/><V116/><F73/><W44/><G66/><T6/><D78/><U45/><E1/><V117/><F90/><W34/><G34/><T96/><D9/><U82/><E82/><V103/><F103/><W19/><G71/><T57/><REACH who="0" step="1"/><D8/><REACH who="0" ten="50,175,189,576" step="2"/><U39/><E132/><V88/><F123/><W127/><G11/><T16/><D16/><U23/><E23/><V135/><F131/><N who="3" m="50219" /><G18/><T93/><D93/><U114/><E35/><V89/><F126/><W14/><G21/><T74/><D74/><U17/><E17/><V31/><F31/><AGARI ba="0,1" hai="6,7,29,30,31,48,52,57,91,94,96,98,100,104" machi="31" ten="40,12000,2" yaku="1,1,52,2,54,1,53,2" doraHai="2" doraHaiUra="0" who="0" fromWho="2" sc="50,130,175,0,189,-120,576,0" /><INIT seed="6,0,0,0,1,123" ten="180,175,69,576" oya="2" hai0="61,100,135,108,88,104,6,121,59,77,92,44,30" hai1="131,129,81,128,32,87,7,74,68,93,16,134,91" hai2="29,132,115,130,99,110,15,3,25,97,40,46,78" hai3="76,127,50,12,48,90,124,10,114,2,8,49,58"/><V109/><F115/><W31/><G2/><T20/><D108/><N who="2" m="41578" /><F3/><W106/><G106/><T9/><D135/><U64/><E32/><N who="2" m="20527" /><F78/><W55/><G31/><T118/><D77/><N who="1" m="44215" /><E7/><V5/><F130/><N who="1" m="33281" /><U24/><DORA hai="21" /><E134/><V73/><F73/><W4/><G76/><T0/><D121/><U113/><E113/><V65/><F65/><W84/><G10/><T133/><D9/><U43/><E43/><V67/><F67/><W36/><G36/><T98/><D0/><U54/><E54/><V27/><F132/><W62/><G114/><T126/><D133/><U66/><E68/><V23/><F15/><W69/><G69/><T125/><D125/><N who="3" m="48201" /><G62/><T53/><D126/><U28/><E16/><N who="2" m="12775" /><F5/><W107/><G107/><T17/><D6/><U96/><E96/><V95/><F95/><AGARI ba="0,0" hai="4,8,12,48,49,50,55,58,84,90,95" m="48201" machi="95" ten="30,1000,0" yaku="18,1" doraHai="123,21" who="3" fromWho="2" sc="180,0,175,0,69,-10,576,10" /><INIT seed="7,0,0,1,1,4" ten="180,175,59,586" oya="3" hai0="95,7,18,58,3,44,61,117,8,30,9,112,0" hai1="80,125,23,69,21,47,29,14,92,102,116,127,53" hai2="134,128,70,56,2,98,52,75,113,35,60,87,19" hai3="103,16,135,37,124,89,41,93,51,97,27,107,15"/><W118/><G37/><T121/><D117/><U73/><E69/><V20/><F113/><W33/><G135/><T99/><D121/><U6/><E116/><V78/><F128/><W25/><G124/><N who="1" m="47690" /><E29/><V1/><F134/><W71/><G71/><T49/><D30/><U90/><E102/><V28/><F75/><W36/><G36/><T119/><D112/><U42/><E53/><V114/><F114/><W94/><G107/><T81/><D81/><U40/><E6/><V22/><F35/><W66/><G66/><T43/><D119/><U126/><N who="1" m="47698" /><U54/><DORA hai="108" /><E54/><V67/><F98/><N who="3" m="57647" /><G33/><T48/><D48/><N who="1" m="26727" /><E14/><V10/><F87/><W96/><G96/><T115/><D115/><U38/><E42/><V122/><F78/><W64/><G64/><T85/><D43/><U12/><E12/><V26/><F122/><W109/><G109/><T130/><D99/><N who="1" m="57751" /><E38/><V13/><REACH who="2" step="1"/><F22/><REACH who="2" ten="180,175,49,586" step="2"/><N who="3" m="11551" /><G118/><T68/><D130/><U110/><E110/><V50/><AGARI ba="0,1" hai="1,2,10,13,19,20,26,28,50,52,56,60,67,70" machi="50" ten="20,12000,2" yaku="1,1,0,1,7,1,52,1,54,1,53,1" doraHai="4,108" doraHaiUra="39,46" who="2" fromWho="2" sc="180,-30,175,-30,49,130,586,-60" owari="150,-25.0,145,-35.0,179,-2.0,526,62.0" /></mjloggm>