<mjloggm ver="2.3"><GO type="41" lobby="0"/><UN n0="%E6%94%BF%E4%BA%94%E9%83%8E%E4%B8%B8" n1="%E2%98%86%62%65%61%63%68%E2%98%86" n2="%E3%82%84%E3%81%BE%E3%81%90%E3%81%A1%E3%81%8B%E3%81%9A%E3%81%8D" n3="%E2%93%9D%53%75%70%68%78" dan="13,13,14,18" rate="1856.21,1976.44,1878.00,2148.30" sx="M,M,M,M"/><TAIKYOKU oya="0"/><INIT seed="0,0,0,2,5,112" ten="250,250,250,250" oya="0" hai0="122,39,99,120,81,55,132,59,53,42,105,111,0" hai1="121,58,18,16,97,109,118,7,104,117,69,93,127" hai2="10,13,57,45,19,101,48,119,74,44,41,71,116" hai3="123,70,61,125,17,133,50,2,27,30,47,100,31"/><T67/><D0/><U43/><E69/><V32/><F71/><W35/><G2/><T26/><D132/><U11/><E121/><V40/><F74/><W37/><G37/><T90/><D105/><U54/><E43/><V135/><F32/><W85/><G125/><T98/><D67/><U5/><E109/><V76/><F135/><W4/><G4/><T113/><D113/><U87/><E104/><V92/><F76/><W12/><G31/><T75/><D75/><U62/><E127/><V72/><F72/><W73/><G100/><T29/><D111/><U80/><E5/><V115/><F57/><W78/><G73/><T95/><D55/><U77/><E18/><V34/><F34/><W23/><G123/><T130/><D81/><U52/><E54/><V114/><F114/><W82/><G133/><T9/><D99/><U102/><REACH who="1" step="1"/><E16/><REACH who="1" ten="250,240,250,250" step="2"/><V28/><F115/><W128/><G70/><T83/><D42/><U46/><E46/><V68/><F68/><W84/><G47/><T60/><D39/><U89/><E89/><V33/><F28/><W56/><G30/><T22/><D9/><U79/><E79/><V21/><F33/><W65/><G35/><T51/><D130/><U106/><E106/><V6/><F45/><W36/><G128/><T88/><D122/><U1/><AGARI ba="0,1" hai="1,7,11,52,58,62,77,80,87,93,97,102,117,118" machi="1" ten="20,12000,2" yaku="1,1,0,1,7,1,52,2,54,1,53,0" doraHai="112" doraHaiUra="131" who="1" fromWho="1" sc="250,-60,240,130,250,-30,250,-30" /><INIT seed="1,0,0,0,2,65" ten="190,370,220,220" oya="1" hai0="51,22,21,9,31,101,73,124,19,128,23,122,46" hai1="38,135,75,76,28,70,119,39,47,69,53,112,100" hai2="133,40,94,66,126,106,117,71,110,36,26,84,77" hai3="13,49,55,125,134,116,5,43,72,78,12,80,18"/><U44/><E100/><V118/><F106/><W111/><G111/><T97/><D124/><U67/><E28/><V74/><F126/><W90/><G125/><T113/><D128/><U123/><E76/><V0/><F0/><W86/><G134/><T132/><D132/><U10/><E10/><V52/><F133/><W129/><G129/><T63/><D73/><U85/><E85/><V103/><F110/><W7/><G43/><T25/><D113/><U2/><E75/><V15/><F74/><W8/><G116/><T81/><D81/><U62/><E2/><V105/><F105/><W61/><G61/><T64/><D19/><U130/><E135/><V30/><F36/><N who="1" m="13865" /><E112/><V114/><F114/><W34/><G34/><T92/><D9/><U41/><E119/><V82/><F40/><W104/><G13/><T54/><REACH who="0" step="1"/><D122/><REACH who="0" ten="180,370,220,220" step="2"/><U42/><E130/><V96/><F118/><W98/><G72/><T88/><D88/><U16/><E123/><V89/><F117/><W83/><G83/><T20/><D20/><U115/><E16/><V33/><F89/><W24/><G90/><T27/><D27/><U59/><E115/><V127/><F127/><W107/><G24/><T120/><D120/><U91/><E91/><V48/><F26/><W68/><G18/><T108/><D108/><U60/><E70/><AGARI ba="0,1" hai="21,22,23,25,31,46,51,54,63,64,70,92,97,101" machi="70" ten="30,3900,0" yaku="1,1,7,1,52,1,53,0" doraHai="65" doraHaiUra="79" who="0" fromWho="1" sc="180,49,370,-39,220,0,220,0" /><INIT seed="2,0,0,5,4,59" ten="229,331,220,220" oya="2" hai0="88,124,42,21,132,5,1,53,8,47,52,84,41" hai1="91,127,123,29,34,51,60,101,86,75,105,80,39" hai2="13,85,3,62,106,133,66,45,20,14,109,99,30" hai3="95,111,23,97,0,57,28,18,90,72,31,43,96"/><V71/><F3/><W129/><G111/><T38/><D132/><U50/><E127/><V40/><F133/><W73/><G0/><T115/><D124/><U118/><E39/><V74/><F74/><W79/><G129/><T58/><D42/><U114/><E114/><V83/><F109/><W108/><G43/><T116/><D116/><U46/><E118/><V122/><F122/><W77/><G108/><T112/><D53/><U100/><E123/><V9/><F106/><W134/><G134/><T78/><D21/><U7/><E7/><V22/><F30/><W94/><G57/><T110/><D78/><U128/><E128/><V19/><F99/><W126/><G126/><T103/><D103/><U131/><E75/><V98/><F98/><W63/><G23/><T36/><D36/><U70/><E131/><V25/><F22/><W93/><G93/><T113/><D110/><U65/><E100/><V12/><F85/><W35/><G18/><T135/><D135/><U10/><E46/><V81/><REACH who="2" step="1"/><F9/><REACH who="2" ten="229,331,210,220" step="2"/><W56/><G73/><T37/><D115/><U92/><E10/><V120/><F120/><W44/><G72/><T76/><D113/><U89/><E29/><V48/><AGARI ba="0,1" hai="12,13,14,19,20,25,40,45,48,62,66,71,81,83" machi="48" ten="30,11700,0" yaku="1,1,0,1,52,1,53,1" doraHai="59" doraHaiUra="16" who="2" fromWho="2" sc="229,-39,331,-39,210,127,220,-39" /><INIT seed="2,1,0,4,1,53" ten="190,292,337,181" oya="2" hai0="52,124,3,105,119,50,39,41,132,29,118,125,89" hai1="13,130,84,19,86,40,93,74,116,55,112,12,11" hai2="134,24,121,126,69,16,115,97,27,62,48,56,38" hai3="77,133,42,75,25,35,9,129,113,92,2,30,120"/><V67/><F115/><W33/><G120/><T5/><D105/><U64/><E130/><V114/><F121/><W100/><G129/><T22/><D3/><U70/><E74/><V18/><F38/><W60/><G133/><T14/><D5/><U91/><E116/><N who="0" m="44585" /><D89/><U0/><E0/><V87/><F134/><W46/><G113/><T61/><D29/><U54/><E40/><V68/><F114/><W81/><G92/><T135/><D22/><U110/><E110/><V36/><F36/><W80/><G80/><T78/><D14/><U34/><E34/><V103/><F87/><W102/><G35/><T123/><D78/><U26/><E64/><V83/><F83/><W111/><G111/><T20/><D20/><U37/><E70/><V45/><F69/><W99/><G99/><T66/><D41/><U21/><E37/><V51/><F68/><W4/><REACH who="3" step="1"/><G60/><REACH who="3" ten="190,292,337,171" step="2"/><T32/><D32/><U95/><E112/><V90/><F97/><W106/><G106/><T71/><D123/><U72/><E95/><V8/><F103/><W65/><G65/><T23/><D39/><AGARI ba="1,1" hai="2,4,9,25,30,33,39,42,46,75,77,81,100,102" machi="39" ten="30,7700,0" yaku="1,1,7,1,25,2,53,0" doraHai="53" doraHaiUra="85" who="3" fromWho="0" sc="190,-80,292,0,337,0,171,90" /><INIT seed="3,0,0,2,4,3" ten="110,292,337,261" oya="3" hai0="98,45,58,125,75,130,40,65,8,94,2,77,124" hai1="22,38,103,120,43,9,111,105,116,14,41,7,44" hai2="101,108,118,129,73,0,113,71,68,90,66,37,99" hai3="16,95,57,85,29,62,107,102,54,135,127,31,49"/><W97/><G127/><N who="0" m="48715" /><D130/><U1/><E111/><V96/><F108/><W70/><G135/><T67/><D77/><U133/><E133/><V119/><F113/><W23/><G70/><T110/><D58/><U63/><E120/><V121/><F121/><W20/><G20/><T126/><D75/><U74/><E74/><V60/><F0/><W15/><G62/><T78/><D78/><U39/><E116/><V34/><F73/><W26/><G26/><T11/><D11/><U117/><E117/><V128/><F71/><W132/><G132/><T32/><D32/><U79/><E79/><V30/><F37/><W25/><G25/><T115/><D115/><U134/><E134/><V80/><F119/><W100/><G100/><T17/><D17/><U36/><E63/><V112/><F112/><W88/><AGARI ba="0,0" hai="15,16,23,29,31,49,54,57,85,88,95,97,102,107" machi="88" ten="30,12000,1" yaku="0,1,25,2,54,2" doraHai="3" who="3" fromWho="3" sc="110,-40,292,-40,337,-40,261,120" /><INIT seed="3,1,0,5,1,117" ten="70,252,297,381" oya="3" hai0="18,115,95,8,66,79,16,113,76,33,70,14,19" hai1="1,107,83,39,81,80,26,32,91,53,133,22,105" hai2="119,75,45,100,35,67,109,131,82,5,7,123,134" hai3="28,93,36,48,110,58,62,74,89,112,9,31,38"/><W0/><G112/><N who="0" m="43083" /><D66/><U13/><E133/><V55/><F119/><W41/><G74/><T108/><D70/><U106/><E1/><V44/><F35/><W24/><G110/><T92/><D108/><U68/><E32/><V11/><F109/><W90/><G48/><T88/><D33/><U71/><E39/><V122/><F134/><W102/><G102/><T135/><D95/><U49/><E13/><V120/><F131/><W63/><G41/><T124/><D124/><U69/><E91/><V10/><F67/><W130/><G58/><T111/><D111/><U118/><E118/><V72/><F100/><W86/><G130/><T47/><D47/><N who="2" m="17994" /><F55/><W21/><G38/><T98/><D135/><U37/><E37/><V23/><F23/><W29/><G36/><T85/><D98/><U4/><E4/><AGARI ba="1,0" hai="4,8,14,16,18,19,76,79,85,88,92" m="43083" machi="4" ten="30,3900,0" yaku="11,1,54,2" doraHai="117" who="0" fromWho="1" sc="70,42,252,-42,297,0,381,0" /><INIT seed="4,0,0,3,4,77" ten="112,210,297,381" oya="0" hai0="135,58,31,18,68,37,25,4,118,21,50,82,101" hai1="46,65,132,97,57,120,45,13,14,64,130,12,35" hai2="92,86,53,11,85,129,47,78,111,17,131,34,28" hai3="128,80,87,81,43,5,88,74,62,52,95,60,73"/><T22/><D135/><U104/><E35/><V110/><F28/><W41/><G128/><T54/><D118/><U3/><E3/><V9/><F34/><W39/><G5/><T133/><D133/><U100/><E132/><V91/><F17/><W94/><G39/><T66/><D37/><U96/><E130/><N who="2" m="49675" /><F53/><W38/><G38/><T102/><D4/><U122/><E96/><V8/><F47/><W32/><G32/><T29/><D29/><U98/><E98/><V1/><F1/><W24/><G52/><T83/><D68/><U103/><E103/><N who="0" m="39433" /><D66/><U119/><E119/><V55/><F55/><W69/><G69/><T107/><D107/><U10/><E10/><V49/><F49/><W30/><G30/><T79/><D79/><U90/><E90/><N who="2" m="53327" /><F78/><W16/><G43/><T125/><D125/><U2/><E2/><V23/><F23/><N who="3" m="13415" /><G41/><T72/><D72/><U126/><E126/><V93/><AGARI ba="0,0" hai="8,9,11,86,91,93,110,111" m="53327,49675" machi="93" ten="30,1100,0" yaku="19,1" doraHai="77" who="2" fromWho="2" sc="112,-5,210,-3,297,11,381,-3" /><INIT seed="5,0,0,2,1,67" ten="107,207,308,378" oya="1" hai0="44,11,99,28,86,26,113,105,5,36,50,70,62" hai1="49,125,57,42,102,82,126,115,64,77,4,41,46" hai2="87,134,60,14,73,37,21,89,76,80,45,27,0" hai3="114,106,35,6,23,133,20,22,34,29,127,129,24"/><U74/><E115/><V122/><F0/><W66/><G106/><T17/><D113/><U112/><E112/><V59/><F122/><W8/><G66/><T83/><D36/><U124/><E102/><V61/><F134/><W117/><G114/><T128/><D128/><U95/><E4/><V120/><F120/><W131/><G127/><T19/><D99/><U43/><REACH who="1" step="1"/><E95/><REACH who="1" ten="107,197,308,378" step="2"/><V107/><F107/><W111/><G131/><T123/><D105/><U130/><E130/><V68/><F68/><W15/><G129/><T101/><D123/><U132/><E132/><V10/><F73/><W96/><G133/><T88/><D101/><U109/><E109/><V79/><F80/><W3/><G111/><T69/><D17/><U54/><E54/><V48/><F79/><W75/><G75/><T92/><D92/><U108/><E108/><V55/><F76/><W9/><G117/><T90/><D19/><U110/><E110/><V16/><F37/><W38/><G38/><T2/><D90/><U33/><E33/><N who="3" m="12298" /><G96/><T13/><D2/><U94/><E94/><N who="2" m="54591" /><F59/><W12/><G3/><T121/><D121/><U84/><E84/><V135/><F135/><W78/><G78/><T104/><D104/><U40/><E40/><V118/><F118/><W116/><G116/><T98/><D98/><U47/><E47/><V91/><F91/><W56/><G56/><T103/><D103/><U7/><E7/><AGARI ba="0,1" hai="7,10,14,16,21,27,45,48,55,60,61" m="54591" machi="7" ten="30,2000,0" yaku="8,1,54,1" doraHai="67" who="2" fromWho="1" sc="107,0,197,-20,308,30,378,0" /><AGARI ba="0,0" hai="6,7,8,9,12,15,20,22,23,24,29" m="12298" machi="7" ten="30,8000,1" yaku="35,5" doraHai="67" who="3" fromWho="1" sc="107,0,177,-80,338,0,378,80" /><INIT seed="6,0,0,2,1,134" ten="107,97,338,458" oya="2" hai0="120,124,90,108,80,95,45,63,28,110,7,102,68" hai1="129,55,78,39,73,69,56,74,96,50,119,127,31" hai2="112,125,32,116,54,0,52,66,25,58,3,128,71" hai3="34,103,67,115,61,84,118,93,22,16,38,70,26"/><V123/><F116/><W82/><G115/><T111/><D120/><U72/><E119/><V48/><F123/><W98/><G118/><T113/><D113/><U106/><E69/><V41/><F112/><W47/><G34/><T2/><D28/><U4/><E39/><V14/><F128/><W33/><G33/><T9/><D102/><U59/><E129/><V64/><F71/><W57/><G70/><T114/><D114/><U91/><E4/><V27/><F3/><W53/><G38/><T40/><D80/><U79/><E31/><V89/><F0/><W92/><G47/><T100/><D100/><U20/><E20/><V44/><F32/><W18/><G93/><T24/><D24/><N who="2" m="9290" /><F125/><W23/><G23/><T117/><D117/><U6/><E6/><V21/><F89/><N who="3" m="51351" /><G67/><N who="2" m="25641" /><F58/><W94/><G94/><T5/><D68/><U126/><E59/><V37/><F37/><W76/><G76/><T104/><D104/><U29/><E29/><AGARI ba="0,0" hai="16,18,22,26,29,53,57,61,92,98,103" m="51351" machi="29" ten="30,2000,0" yaku="8,1,54,1" doraHai="134" who="3" fromWho="1" sc="107,0,97,-20,338,0,458,20" /><INIT seed="7,0,0,5,0,122" ten="107,77,338,478" oya="3" hai0="13,17,111,62,93,42,78,120,97,94,6,133,131" hai1="110,124,63,114,54,81,72,79,35,115,121,11,107" hai2="108,55,85,101,87,29,58,126,127,92,105,68,67" hai3="3,102,52,56,104,24,135,43,117,5,89,8,33"/><W25/><G135/><T91/><D120/><U132/><E35/><V50/><F105/><W51/><G117/><T9/><D133/><U82/><E107/><V61/><F29/><W39/><G33/><T95/><D111/><U65/><E121/><V22/><F108/><W86/><G102/><T118/><D118/><U44/><E110/><V30/><F87/><W7/><G104/><T113/><D113/><U23/><E132/><V70/><F85/><W34/><G34/><T36/><D78/><U40/><E124/><V37/><F30/><W59/><G59/><T60/><D36/><U125/><E125/><V16/><F37/><W88/><G7/><T27/><D42/><U69/><E23/><V83/><F83/><W64/><G64/><T28/><D131/><U66/><E66/><V47/><F127/><W46/><G89/><T38/><D38/><N who="1" m="21527" /><E82/><AGARI ba="0,0" hai="3,5,8,24,25,39,43,46,51,52,56,82,86,88" machi="82" ten="30,5800,0" yaku="7,1,54,2" doraHai="122" who="3" fromWho="1" sc="107,0,77,-58,338,0,478,58" owari="107,-29.0,19,-48.0,338,14.0,536,63.0" /></mjloggm>