<mjloggm ver="2.3"><GO type="41" lobby="0"/><UN n0="%E3%81%A1%E3%82%87%E3%81%84%E3%81%A1%E3%82%87%E3%81%84" n1="%E6%9D%BE%E6%B7%B3" n2="%58%49%41%4F%4D%45%49" n3="%E2%93%9D%53%75%70%68%78" dan="15,14,15,17" rate="1997.90,1912.41,1949.96,2040.45" sx="F,M,M,M"/><TAIKYOKU oya="0"/><INIT seed="0,0,0,3,2,33" ten="250,250,250,250" oya="0" hai0="119,70,49,3,14,86,99,98,92,26,41,21,39" hai1="32,77,93,48,35,89,128,34,29,2,18,135,62" hai2="27,42,37,9,56,69,88,25,116,4,23,72,101" hai3="87,10,76,130,133,19,74,94,66,105,111,40,36"/><T100/><D119/><U61/><E135/><V132/><F69/><W16/><G105/><T58/><D70/><U75/><E128/><V0/><F72/><W30/><G111/><T60/><D39/><U54/><E29/><V24/><F132/><W55/><G66/><T47/><D3/><U79/><E2/><V118/><F101/><W126/><G126/><T102/><D14/><U38/><E38/><V85/><F56/><W52/><G74/><T122/><D86/><U20/><E75/><V51/><F37/><W15/><G30/><T127/><D127/><U68/><E68/><V28/><F51/><W107/><G107/><T67/><D122/><U65/><E79/><V57/><F57/><W97/><G130/><T84/><D84/><U31/><E31/><V17/><F42/><W106/><G106/><T103/><REACH who="0" step="1"/><D99/><REACH who="0" ten="240,250,250,250" step="2"/><U6/><E65/><V44/><F44/><W113/><G133/><T45/><D45/><U81/><E77/><V131/><F131/><W7/><G87/><T96/><D96/><U71/><E71/><V50/><F50/><W104/><G76/><T1/><D1/><U5/><E48/><V43/><F43/><W125/><G125/><T114/><D114/><U82/><E62/><V22/><REACH who="2" step="1"/><F27/><REACH who="2" ten="240,250,240,250" step="2"/><W12/><G40/><T121/><D121/><U8/><E61/><V108/><F108/><W13/><G36/><T73/><D73/><U109/><E109/><V11/><F11/><W46/><G10/><T80/><D80/><AGARI ba="0,2" hai="0,4,9,17,22,23,24,25,28,80,85,88,116,118" machi="80" ten="40,8000,1" yaku="1,1,52,1,54,1,53,2" doraHai="33" doraHaiUra="112" who="2" fromWho="0" sc="240,-80,250,0,240,100,250,0" /><INIT seed="1,0,0,2,5,76" ten="160,250,340,250" oya="1" hai0="99,57,117,35,53,69,71,103,51,38,29,56,59" hai1="111,89,47,18,116,90,14,70,130,112,78,125,67" hai2="40,1,4,61,107,93,96,81,100,114,65,64,34" hai3="11,7,82,97,105,134,25,79,115,46,6,44,8"/><U36/><E112/><V42/><F34/><W73/><G115/><T22/><D117/><U26/><E116/><V30/><F114/><W31/><G134/><T95/><D38/><U48/><E125/><V124/><F124/><W66/><G66/><T123/><D35/><U58/><E130/><V45/><F30/><W84/><G73/><T135/><D123/><U72/><E111/><V23/><F107/><W88/><G105/><T41/><D41/><U80/><E70/><V94/><F1/><W27/><G11/><T133/><D71/><U43/><E26/><N who="3" m="9738" /><G31/><T77/><D69/><U49/><E49/><V68/><F4/><N who="3" m="1579" /><G8/><T119/><D119/><U0/><E0/><V129/><F129/><W98/><G79/><T54/><D29/><U128/><E128/><V101/><F23/><W3/><G3/><T104/><D22/><U50/><E50/><V52/><F65/><W120/><G120/><T121/><D121/><U113/><E113/><V86/><F94/><W63/><G63/><T127/><D127/><U102/><E102/><V39/><F100/><W37/><G37/><T85/><D104/><U122/><E122/><V118/><F118/><W10/><G10/><T109/><D109/><U15/><E15/><V91/><REACH who="2" step="1"/><F42/><REACH who="2" ten="160,250,330,250" step="2"/><W24/><G24/><T13/><D13/><U16/><E67/><V132/><F132/><N who="0" m="50762" /><D54/><AGARI ba="0,1" hai="39,40,45,52,54,61,64,68,81,86,91,93,96,101" machi="54" ten="40,5200,0" yaku="1,1,52,1,54,1,53,0" doraHai="76" doraHaiUra="20" who="2" fromWho="0" sc="160,-52,250,0,330,62,250,0" /><INIT seed="2,0,0,0,2,94" ten="108,250,392,250" oya="2" hai0="96,97,73,7,3,37,57,44,125,68,50,4,52" hai1="70,17,77,28,116,25,111,119,86,36,103,49,51" hai2="110,101,107,55,78,82,60,40,87,117,115,14,134" hai3="131,27,56,29,109,16,9,47,135,20,39,104,80"/><V58/><F117/><W90/><G109/><T123/><D123/><U120/><E70/><V12/><F115/><W99/><G131/><T76/><D125/><U130/><E111/><V81/><F134/><W92/><G135/><T22/><D68/><U118/><E36/><V23/><F110/><W69/><G69/><T65/><D22/><U63/><E103/><V95/><F107/><W0/><G104/><T74/><D7/><U83/><E130/><V45/><F23/><W132/><G132/><T34/><D34/><U122/><E63/><V91/><F101/><W108/><G108/><T5/><D5/><U8/><E17/><V113/><F82/><W121/><G121/><N who="1" m="46698" /><E8/><V59/><F59/><W54/><G0/><T64/><D65/><U32/><AGARI ba="0,0" hai="25,28,32,49,51,77,83,86,116,118,119" m="46698" machi="32" ten="40,1500,0" yaku="13,1" doraHai="94" who="1" fromWho="1" sc="108,-4,250,15,392,-7,250,-4" /><INIT seed="3,0,0,3,5,107" ten="104,265,385,246" oya="3" hai0="82,28,110,0,86,100,10,45,22,105,85,53,62" hai1="33,39,78,8,115,109,7,74,134,55,21,113,59" hai2="114,80,81,29,77,101,84,103,89,47,132,129,95" hai3="12,67,124,43,64,131,122,25,40,50,91,16,46"/><W13/><G122/><T31/><D110/><U32/><E109/><V42/><F29/><W19/><G131/><T26/><D105/><U15/><E134/><V38/><F129/><W48/><G25/><T72/><D100/><U119/><E119/><V60/><F132/><W57/><G91/><T88/><D31/><U30/><E39/><V120/><F114/><W14/><G124/><T23/><D86/><U34/><E21/><V98/><F120/><W73/><G73/><T126/><D126/><U92/><E92/><V5/><F5/><W71/><G71/><T106/><D106/><U83/><REACH who="1" step="1"/><E30/><REACH who="1" ten="104,255,385,246" step="2"/><V102/><REACH who="2" step="1"/><F60/><AGARI ba="0,1" hai="7,8,15,32,33,34,55,59,60,74,78,83,113,115" machi="60" ten="40,8000,1" yaku="1,1,2,1,52,1,53,1" doraHai="107" doraHaiUra="52" who="1" fromWho="2" sc="104,0,255,90,385,-80,246,0" /><INIT seed="4,0,0,3,1,9" ten="104,345,305,246" oya="0" hai0="127,39,71,98,6,52,73,132,114,62,50,20,91" hai1="65,8,68,53,111,88,109,70,1,7,18,63,113" hai2="47,56,32,90,86,124,128,45,78,15,99,22,46" hai3="101,54,76,104,40,102,116,118,42,13,135,80,95"/><T69/><D132/><U4/><E113/><V89/><F124/><W64/><G64/><T97/><D127/><U87/><E7/><V57/><F128/><W19/><G104/><T31/><D39/><U21/><E70/><V108/><F32/><W129/><G129/><T131/><D73/><U11/><E11/><V66/><F108/><W35/><G35/><T26/><D131/><U120/><E53/><V75/><F75/><W130/><G135/><T28/><D114/><U33/><E33/><V93/><F78/><W77/><G130/><T106/><D31/><U123/><E123/><V3/><F3/><W59/><G118/><T25/><D25/><U10/><E10/><V43/><F66/><W126/><G116/><T5/><D62/><U110/><E120/><V2/><F2/><W24/><G24/><T17/><D28/><U83/><REACH who="1" step="1"/><E110/><REACH who="1" ten="104,335,305,246" step="2"/><V112/><F112/><W58/><G54/><T74/><D71/><U44/><E44/><V96/><F43/><W94/><G126/><T119/><D69/><U125/><E125/><V0/><F0/><W29/><G42/><T41/><D119/><U133/><E133/><V51/><F51/><W37/><G40/><T117/><D41/><U49/><E49/><V48/><F48/><W67/><G67/><T23/><D117/><U122/><E122/><V38/><F38/><W134/><G37/><T16/><D50/><U55/><E55/><V82/><F99/><W107/><G134/><T115/><D52/><U100/><E100/><V36/><F36/><W30/><G102/><N who="0" m="62799" /><D115/><U34/><E34/><V60/><F60/><RYUUKYOKU ba="0,1" sc="104,-15,335,15,305,15,246,-15" hai1="1,4,8,18,21,63,65,68,83,87,88,109,111" hai2="15,22,45,46,47,56,57,82,86,89,90,93,96" /><INIT seed="5,1,1,3,0,53" ten="89,350,320,231" oya="1" hai0="45,37,55,104,89,31,44,131,85,52,26,126,81" hai1="99,5,4,11,41,46,109,93,95,13,68,102,73" hai2="34,24,40,133,111,97,135,116,14,7,60,106,38" hai3="132,0,56,128,107,32,115,100,35,76,16,42,3"/><U103/><E68/><V47/><F116/><W112/><G42/><T28/><D131/><U94/><E73/><V78/><F111/><W65/><G76/><T71/><D126/><U23/><E109/><V21/><F78/><W1/><G132/><N who="2" m="50761" /><F34/><W108/><G108/><T77/><D104/><U130/><E130/><V113/><F113/><N who="3" m="43595" /><G128/><T33/><D71/><U10/><E23/><V125/><F125/><W51/><G16/><T54/><D31/><U90/><E90/><V72/><F72/><W101/><G51/><T8/><D37/><U88/><E103/><N who="3" m="39498" /><G107/><T20/><D33/><N who="3" m="12873" /><G56/><T64/><D64/><AGARI ba="1,1" hai="0,1,3,64,65" m="12873,39498,43595" machi="64" ten="40,5200,0" yaku="28,2,15,1" doraHai="53" who="3" fromWho="0" sc="89,-55,350,0,320,0,231,65" /><INIT seed="6,0,0,1,3,58" ten="34,350,320,296" oya="2" hai0="77,132,127,89,50,96,135,117,20,71,19,5,33" hai1="75,9,60,7,85,70,125,12,92,25,63,65,113" hai2="24,52,15,105,111,27,44,26,36,128,38,82,21" hai3="3,130,32,68,134,43,103,83,42,67,121,18,97"/><V2/><F2/><W0/><G121/><T56/><D33/><U84/><E113/><V90/><F105/><W99/><G130/><T31/><D71/><U108/><E125/><V51/><F128/><W119/><G119/><T95/><D31/><U133/><E108/><V73/><F111/><W80/><G32/><T91/><D117/><U129/><E133/><V94/><F82/><W10/><G10/><T126/><D77/><U72/><E129/><V34/><F73/><W78/><G18/><T28/><D5/><U41/><E41/><V49/><F34/><W6/><G6/><T86/><D28/><U47/><E47/><V35/><F35/><W104/><G134/><T53/><D127/><U8/><E8/><V54/><F15/><W120/><G120/><T23/><D126/><U66/><E25/><V74/><F21/><W37/><G37/><T57/><D132/><U107/><E107/><V22/><F74/><W87/><G99/><T30/><D135/><U100/><E84/><V4/><F4/><W123/><G123/><T81/><D30/><U112/><E112/><V116/><F22/><W11/><G11/><T14/><REACH who="0" step="1"/><D23/><REACH who="0" ten="24,350,320,296" step="2"/><U131/><E131/><V1/><F116/><W45/><G68/><T115/><D115/><U118/><E118/><V64/><F1/><W46/><G3/><T69/><D69/><U13/><E70/><V76/><F76/><W59/><G0/><T16/><D16/><U62/><E7/><V93/><F64/><W114/><G114/><T55/><D55/><U61/><E66/><V39/><F90/><W124/><G124/><RYUUKYOKU ba="0,1" sc="24,15,350,-15,320,15,296,-15" hai0="14,19,20,50,53,56,57,81,86,89,91,95,96" hai2="24,26,27,36,38,39,44,49,51,52,54,93,94" /><INIT seed="6,1,1,0,3,113" ten="39,335,335,281" oya="2" hai0="73,119,0,82,27,109,105,10,123,71,118,90,76" hai1="23,2,8,75,83,58,126,39,7,77,69,49,40" hai2="26,17,25,88,103,33,46,84,93,31,130,134,55" hai3="14,56,19,70,13,131,11,87,47,85,114,44,6"/><V20/><F130/><W1/><G70/><T98/><D71/><U53/><E126/><V101/><F134/><W128/><G114/><T124/><D27/><U108/><E69/><V28/><F17/><W52/><G1/><T12/><D0/><U135/><E23/><V92/><F92/><W5/><G131/><T32/><D32/><U121/><E121/><V65/><F65/><W120/><G128/><T115/><D115/><U16/><E108/><V51/><AGARI ba="1,1" hai="20,25,26,28,31,33,46,51,55,84,88,93,101,103" machi="51" ten="30,3000,0" yaku="0,1,54,1" doraHai="113" who="2" fromWho="2" sc="39,-11,335,-11,335,43,281,-11" /><INIT seed="6,2,0,5,1,1" ten="28,324,378,270" oya="2" hai0="111,47,98,26,125,132,72,43,130,6,17,117,92" hai1="82,18,75,7,89,42,22,101,97,93,108,0,83" hai2="44,64,103,129,23,15,33,29,106,19,38,112,70" hai3="121,86,13,126,80,20,104,123,12,32,46,21,134"/><V51/><F112/><W74/><G74/><T28/><D111/><U118/><E108/><V3/><F38/><W36/><G104/><T9/><D72/><U122/><E118/><V124/><F3/><W10/><G36/><T65/><D132/><U14/><E122/><V102/><F129/><W78/><G32/><T135/><D130/><U31/><E42/><V96/><F124/><W88/><G126/><T79/><D135/><U71/><E71/><V77/><F77/><W120/><G134/><T56/><D117/><U4/><E0/><V37/><F37/><W107/><G107/><T67/><D79/><U63/><E75/><V27/><F64/><W53/><G13/><T116/><D116/><U85/><E31/><V8/><F103/><W61/><G78/><T68/><D68/><U95/><E63/><V84/><F84/><W54/><G54/><T41/><D17/><U115/><E115/><V52/><REACH who="2" step="1"/><F70/><REACH who="2" ten="28,324,368,270" step="2"/><W57/><REACH who="3" step="1"/><G46/><REACH who="3" ten="28,324,368,260" step="2"/><T58/><D125/><U114/><E114/><V40/><F40/><W48/><G48/><T16/><D43/><U113/><E113/><V49/><F49/><W81/><G81/><AGARI ba="2,2" hai="4,7,14,18,22,81,82,83,85,89,93,95,97,101" machi="81" ten="40,5200,0" yaku="8,1,52,2" doraHai="1" who="1" fromWho="3" sc="28,0,324,78,368,0,260,-58" /><INIT seed="7,0,0,2,1,63" ten="28,402,368,202" oya="3" hai0="52,128,132,0,24,20,130,107,10,81,129,114,1" hai1="15,103,32,9,88,21,87,11,18,104,126,120,69" hai2="94,111,85,44,105,30,119,110,59,43,76,36,16" hai3="78,51,22,79,75,50,54,99,108,70,46,92,12"/><W33/><G33/><T48/><D107/><U39/><E120/><V60/><F105/><W5/><G70/><T116/><D116/><U134/><E39/><V113/><F119/><W49/><G108/><T34/><D81/><U83/><E126/><V61/><F113/><W53/><G75/><T91/><D91/><U106/><E134/><V102/><F61/><W23/><G5/><T127/><D127/><U6/><E32/><V72/><F72/><W42/><G42/><T55/><D132/><U35/><E35/><V38/><F38/><W109/><G109/><T71/><D71/><U97/><E11/><V37/><F37/><W74/><G74/><T73/><D73/><U115/><E69/><V90/><F30/><W100/><G51/><T28/><D34/><U4/><E115/><V121/><F121/><W40/><G40/><T84/><D114/><U17/><E106/><V117/><F117/><W125/><G125/><T66/><D84/><U112/><E112/><V98/><F76/><W82/><G12/><AGARI ba="0,0" hai="4,6,9,12,15,17,18,21,83,87,88,97,103,104" machi="12" ten="30,2000,0" yaku="7,1,54,1" doraHai="63" who="1" fromWho="3" sc="28,0,402,20,368,0,202,-20" owari="28,-47.0,422,52.0,368,17.0,182,-22.0" /></mjloggm>